4070 6334
429 361 547 421 319

1776 368 2093 429 GEORGII
2139 370 2479 431 CEDRENI

3716 376 3840 435 320

430 492 775 566 Βουλγαρίας
822 489 1153 568 παραλαϐὼν
1212 494 1398 570 ἅρχων
1454 497 1730 558 Βασίλειος
1792 500 1819 552 6
1880 498 2135 572 Μοναχὸς
2192 497 2530 577 ἐγκαθιδρύει
2590 503 2688 556 ἀνά
2750 478 2821 557 “re.
2879 505 2975 563 τὰς
3049 502 3304 565 πεδιάδας
3373 511 3470 573 τῆς
3538 501 3830 576 Σαρδιχῆς.

426 583 497 648 τῆ
503 602 526 641 ς
618 583 822 636 Ναϊσοῦ
898 583 986 636 καὶ

427 670 491 726 Ὀ
550 667 607 724 δὲ
660 672 845 746 Τυρὰχ
897 672 983 726 καὶ
1040 674 1130 726 σὺν
1186 673 1331 746 αὐτῷ
1402 674 1587 743 ἄνδρες
1638 677 1823 730 ἑκατὸν
1882 677 1973 730 καὶ
2057 678 2457 751 τεσσαράκοντα
2536 681 2752 756 ἄγονται
2823 682 2897 743 είς
2980 684 3071 736 τὸν

2139 768 2418 841 μεγίστοις

433 759 645 835 φρόνως
728 762 884 825 οὗτος
964 760 1361 836 ἀποδεξάμενος
1447 767 1533 820 οιαὶ
1617 767 1876 840 βαπτίσας
1962 766 2049 820 καὶ

434 854 579 923 εἶχεν
591 894 602 905 .

499 978 571 1029 At
601 993 730 1031 vero
764 977 1033 1034 sultanus
1081 981 1151 1035 ob
1206 980 1429 1036 irritam
1466 981 1811 1054 legationem
1863 982 2067 1049 iratus,
2101 984 2152 1047 Α

432 1066 747 1120 contractis
778 1083 809 1121 e
844 1067 1071 1123 Perside
1103 1075 1160 1123 et
1193 1069 1506 1141 Babylonia
1532 1072 1736 1142 copiis,
1773 1071 1985 1126 bellum
2021 1072 2076 1125 in

436 1155 715 1210 Romanos
761 1163 967 1211 movet.
1008 1159 1062 1212 ld
1097 1176 1227 1212 cum
1264 1160 1462 1214 auditu
1501 1162 1854 1232 percepisset
1885 1162 2079 1215 Mono-

436 1246 703 1305 machus.
737 1264 868 1300 cum
905 1264 1043 1301 suas
1092 1249 1289 1320 cOpias
1341 1268 1634 1321 opponere
1686 1251 1838 1305 hosti
1873 1250 2079 1305 statuit

435 1340 558 1388 tum
591 1334 742 1391 588
777 1336 1109 1406 quindecim
1158 1338 1342 1393 millia
1378 1340 1814 1394 Patzinacarum
1849 1344 2075 1405 armat;

432 1423 624 1495 iisque
654 1426 830 1479 duces
864 1432 1114 1494 quatuor
1134 1428 1204 1481 de
1237 1428 1558 1484 Patzinacis
1584 1430 1836 1501 Byzrintii
1870 1430 2078 1497 degen-

437 1512 597 1566 tibus
658 1514 916 1582 praeﬁcit,
970 1516 1362 1585 Sultzumum,
1412 1517 1657 1587 Selzten,
1710 1519 1988 1572 Caraman
2024 1523 2079 1571 et

433 1600 836 1669 Cataleimum,
873 1604 1235 1676 donatosque
1280 1606 1432 1661 haud
1466 1606 1777 1679 vulgariter
1808 1611 1865 1661 et
1896 1608 2075 1661 armis

437 1690 842 1760 pulcherrimis
917 1702 1152 1749 ornatos
1240 1695 1619 1766 Chrysopolin
1706 1695 2074 1757 transmittit,

433 1779 630 1833 addito
688 1781 788 1851 qui
835 1797 933 1836 eos
993 1782 1047 1836 in
1111 1783 1355 1838 lberiam
1410 1785 1647 1839 duceret
1699 1785 2074 1839 Constantino

436 1868 678 1938 patricio
710 1870 1095 1925 Adrobalano.
1144 1872 1284 1927 Mari
1319 1875 1556 1942 trajecto
1591 1873 1909 1927 Patzinacae
1939 1890 2071 1927 cum

430 1972 607 2024 equos
675 1960 1154 2015 conscendissent
1218 1966 1274 2015 et
1340 1962 1449 2016 iter
1509 1961 1569 2016 in
1637 1961 1926 2017 Orientem
1985 1962 2071 2015 in-

430 2046 617 2115 gressi
668 2063 853 2117 usque
904 2049 973 2102 ad
1024 2049 1355 2104 Melitenam
1406 2050 1825 2121 pervenissent,
1861 2050 1958 2105 ubi
2001 2052 2072 2105 ad

430 2133 747 2206 Damatryn
799 2137 1363 2207 appropinquavere,
1397 2141 1732 2193 subsistunt
1762 2144 1817 2194 et
1849 2140 2072 2194 delibe-

432 2223 719 2277 rationem
784 2224 917 2294 (ipsi
976 2236 1373 2281 commentum
1445 2230 1672 2296 vocant)
1733 2229 2070 2283 instituunt.

430 2314 607 2365 Erant
639 2312 736 2381 qui
771 2314 1198 2383 procedendum
1247 2321 1518 2385 putarent
1547 2334 1735 2388 neque
1780 2318 2072 2372 mandatis

435 2399 806 2469 imperatoris
831 2401 887 2454 in
916 2402 1101 2472 ipsius
1128 2404 1342 2459 ditione
1369 2408 1835 2477 repugnandum,
1864 2424 1996 2461 cum
2020 2413 2076 2461 et

433 2489 620 2544 avulsi
654 2508 685 2542 a
716 2492 843 2544 suis
880 2500 1099 2556 essent,
1135 2512 1321 2564 neque
1372 2495 1477 2550 soli
1514 2496 1907 2551 Romanorum
1944 2513 2074 2567 pos-

433 2584 562 2632 sent
608 2578 873 2634 resistere
921 2582 1162 2646 viribus,
1212 2600 1397 2653 neque
1447 2584 1730 2639 haberent
1772 2602 1964 2640 arcem
2015 2586 2074 2639 in

433 2684 609 2736 quam
643 2685 724 2734 se,
759 2668 804 2723 si
837 2670 975 2738 quid
1010 2677 1217 2742 prater
1255 2673 1589 2727 institutum
1625 2674 1769 2729 forte
1797 2674 2072 2741 eveniret,

433 2757 774 2826 reciperent.
800 2757 942 2813 Aliis
972 2759 1280 2814 videbatur
1301 2763 1671 2832 occupandos
1694 2779 1824 2816 esse
1848 2762 2075 2834 aliquos

432 2845 717 2917 Bithyniae
765 2852 993 2902 montes
1040 2849 1096 2902 in
1132 2849 1321 2920 iisque
1372 2852 1749 2917 manendum,
1781 2854 1907 2907 etsi
1942 2851 2075 2922 quis

431 2934 779 3001 adoriretur,
833 2936 1262 2992 defendendum
1296 2955 1307 2993 :
1341 2956 1451 2992 non
1506 2945 1698 2994 autem
1733 2941 2073 2996 intrandum

434 3022 488 3075 in
545 3023 815 3090 lberiam,
869 3025 1164 3095 regionem
1225 3032 1508 3082 remotam
1572 3034 1748 3099 atque
1807 3029 2073 3094 alienam,

430 3116 607 3180 atque
638 3111 735 3166 ubi
769 3129 880 3167 non
918 3113 1110 3169 hostes
1138 3116 1309 3170 modo
1342 3116 1757 3186 Romanorum,
1792 3119 1888 3173 sed
1916 3118 2075 3189 ipsos

429 3199 600 3254 etiam
669 3202 960 3256 Romanos
1029 3203 1227 3258 hostes
1294 3211 1491 3259 essent
1557 3206 1837 3261 habituri.
1900 3206 2072 3262 Solus

426 3288 743 3344 Catalimus
760 3291 947 3345 suasit
970 3294 1374 3347 revertendum
1399 3310 1522 3348 esse
1566 3301 1702 3349 etse
1733 3312 1863 3349 cum
1892 3312 2071 3367 popu-

427 3376 649 3432 laribus
707 3381 1203 3452 conjungendum.
1254 3382 1323 3436 Et
1379 3384 1632 3453 quodam
1696 3388 2073 3455 percontante

427 3482 682 3536 quanam
717 3471 939 3524 ratione
988 3486 1143 3524 mare
1193 3471 1427 3526 transiri
1481 3477 1695 3543 posset,
1726 3474 1869 3527 nihil
1913 3473 2071 3527 aliud

428 3555 574 3609 dixit
604 3574 776 3626 quam
804 3557 951 3627 quod
979 3560 1225 3628 sejussit
1253 3560 1438 3631 sequi.
1467 3562 1614 3633 Ergo
1635 3562 2067 3617 Adrobalanum

425 3643 577 3700 589
602 3645 927 3700 interﬁcere
953 3648 1168 3703 frustra
1189 3650 1378 3703 conati
1404 3650 1622 3722 (effugit
1642 3651 1795 3705 enim
1815 3653 1869 3705 in
1891 3652 2071 3722 quod-

1078 583 1424 653 Εύτζαπὲλου
1503 584 1817 662 διασπείρας
1900 588 2099 649 πάντας
2162 591 2247 642 καὶ
2306 595 2409 643 πᾶν
2469 590 2641 645 ὅπλον
2701 592 3040 669 ἀφελόμενος
3095 592 3182 647 διὰ
3238 596 3297 647 τὸ
3354 590 3831 647 ἀνεπιϐούλευτον.

3165 681 3389 758 βασιλέα
3424 702 3435 714 ’

2912 772 3109 845 ἐπάρας
3188 772 3238 826 ἐν
3318 772 3622 833 εὐπαθείαις
3702 792 3828 826 κατ-

3498 683 3589 745 οὓς
3668 681 3833 759 φιλο-

2515 771 2812 843 ἀξιώμασιν

2255 982 2315 1037 Ὀ
2374 981 2429 1037 δὲ
2480 983 2772 1046 σουλτάνος
2828 987 2925 1055 τήν
2980 991 3087 1040 τῶν
3120 984 3281 1040 αὐτοῦ
3335 980 3599 1059 πρὲσῦεωκ
3658 983 3833 1059 ἄπρα-

2188 1090 2311 1123 κτον
2375 1072 2719 1147 ὑποστροφὴν
2778 1077 2853 1146 μή
2906 1075 3105 1151 φέρων,
3136 1075 3230 1136 τὰς
3281 1072 3333 1128 ἐν
3396 1071 3610 1149 Περσίδι
3655 1072 3831 1132 πάσας

2190 1155 2442 1231 δυνάμεις
2513 1162 2602 1215 καὶ
2674 1163 2768 1223 τὰς
2854 1158 3231 1226 Βαϐυλωνίους
3306 1163 3391 1238 ὑφ’
3446 1162 3502 1217 ’ὲν
3579 1162 3835 1235 ἀθροίσας

2190 1242 2447 1317 εἶσϐολήν
2504 1256 2737 1305 ποιεῖται
2794 1253 2928 1305 κατὰ
2982 1251 3287 1324 Ῥωμαίων.
3346 1255 3512 1333 ξΓοῦτο
3579 1248 3635 1304 δὲ
3692 1270 3829 1324 προ-

2190 1339 2441 1406 ακηκοὼς
2500 1341 2527 1393 6
2579 1342 2915 1415 Μονομάχος
2976 1338 3196 1395 ἔσπευδε
3274 1340 3369 1412 μὲν
3428 1339 3516 1393 καὶ
3576 1336 3664 1393 διὰ
3717 1344 3829 1392 τῶν

2188 1426 2399 1480 οἰκείων
2464 1425 2742 1500 δυνάμεων
2803 1430 3211 1503 ἀντιπαράταξιν
3290 1436 3481 1498 στῆσαι
3533 1433 3610 1499 τῷ
3660 1426 3829 1481 πολε-

2191 1514 2323 1587 μίῳ,
2358 1515 2564 1571 ὥπλισε
2596 1515 2651 1571 δὲ
2690 1518 2778 1571 καὶ
2834 1518 2939 1571 ἀπὸ
2997 1523 3100 1572 τῶν
3167 1516 3507 1586 Ηατζινάκων
3572 1513 3829 1591 χιλιάδας

2190 1604 2265 1657 ιε’.
2332 1604 2424 1658 Καὶ
2484 1602 2761 1680 ἡγεμόνας
2806 1608 3066 1681 τέσσαρας
3119 1607 3223 1661 ἀπὸ
3278 1611 3386 1661 τῶν
3449 1606 3499 1660 ἐν
3549 1612 3829 1659 Κωνστανο

2184 1692 2500 1749 τινουπόλει
2535 1698 2878 1765 Ηατζινάκων
2927 1696 3109 1757 αὐτοῖς
3160 1694 3473 1766 ἐπιστήσας,
3506 1695 3596 1750 τὸν
3650 1693 3831 1748 Σουλ⁹

2184 1788 2360 1854 τζοῦν,
2392 1785 2481 1837 τὸν
2541 1784 2726 1851 Σελτὲ,
2757 1787 2844 1838 τὸν
2906 1788 3164 1859 Καραμᾶν
3226 1786 3313 1839 καὶ
3373 1785 3461 1839 τὸν
3522 1783 3827 1854 Καταλεῖμ,

2187 1868 2381 1944 δώροις
2413 1892 2470 1925 τε
2506 1871 3012 1949 φιλοτιμησάμενος
3072 1875 3135 1928 οὐ
3198 1879 3434 1947 μικροῖς,
3465 1874 3556 1927 καὶ
3614 1874 3832 1947 ἅρματα

2185 1957 2451 2015 κάλλιστα
2509 1959 2634 2023 δοὺς
2688 1963 2778 2016 καὶ
2849 1960 3053 2024 ’ίππους
3112 1960 3444 2035 διαπρεπεῖς,
3502 1967 3719 2037 περαιοῖ
3772 1960 3827 2015 ἐν

2185 2047 2584 2122 Χρυσουπόλει,
2619 2050 2743 2111 δοὺς
2795 2052 2981 2112 αὐτοῖς
3033 2049 3232 2127 ὁδηγὸν
3291 2052 3381 2105 τὸν
3438 2052 3631 2121 ἀπάξαι
3686 2048 3826 2123 μὲλ-

2185 2135 2353 2192 λοντα
2425 2138 2647 2199 τούτους
2752 2139 2825 2200 εἷς
2901 2135 3138 2214 Ἰϐηρίαν
3239 2143 3635 2196 Κωνσταντῖνον
3732 2139 3783 2192 τὶ

2183 2227 2487 2301 πατρίκιον⁹
2520 2230 2600 2300 [Ρ.
2652 2230 2780 2301 779]
2837 2230 2882 2301 ᾧ
2940 2223 3341 2304 Ἀδροϐάλανος
3394 2230 3457 2283 τὸ
3518 2228 3830 2300 ἐπώνυμον.

3239 2143 3635 2196 Κωνσταντῖνον
3732 2143 3827 2192 τὸν

2108 2316 2578 2413 ΒΙΙεραιωθέντες
2635 2314 2692 2371 δὶ
2760 2318 2908 2370 οὗτοι
2966 2317 3055 2371 καὶ
3104 2318 3230 2379 τοὺς
3283 2315 3487 2377 *ίππους
3544 2311 3835 2377 ἀναϐάντες

2185 2403 2273 2457 καὶ
2332 2408 2429 2469 τῆς
2508 2406 2641 2478 πρὸς
2684 2403 2987 2474 Ἀνατολὴν
3077 2406 3345 2480 φερούσης
3421 2406 3687 2479 ἁψάμενοι
3741 2408 3833 2458 καὶ

2186 2492 2543 2567 προελθόντες
2598 2496 2727 2569 ἁχρι
2788 2494 2986 2567 μιλίων
3036 2499 3195 2547 τινῶν
3264 2496 3351 2548 καὶ
3416 2500 3492 2566 τῷ
3550 2492 3836 2569 λεγομένῳ

2187 2583 2465 2656 Δαματρύϊ
2531 2584 2980 2658 προσεγγίσαντες
3042 2584 3271 2658 ἐπέσχον
3330 2584 3427 2652 τὴν
3469 2584 3710 2656 πορείαν,
3743 2583 3836 2636 καὶ

2186 2672 2397 2733 στάντες
2457 2672 2540 2726 ἐπὶ
2600 2676 2697 2737 τῆς
2754 2670 2883 2727 ὁδοῦ
2943 2668 3264 2744 συμϐουλὴν
3304 2672 3676 2746 προετίθεσαι,
3710 2670 3835 2739 ἥτις

2183 2761 2309 2833 παρ’
2365 2759 2543 2821 αὐτοῖς
2616 2761 2878 2833 χομὲντον
2950 2760 3280 2833 ὠνόμασται.
3342 2762 3460 2815 Τισὶ
3556 2761 3647 2833 μὶν
3738 2759 3831 2813 οὖν

2185 2846 2357 2903 ἐδόκει
2418 2849 2679 2923 πορευτέα
2738 2848 2869 2903 εἶναι
2936 2850 3024 2902 καὶ
3084 2850 3159 2921 μή
3220 2844 3540 2903 ἀντιϐαίνειν
3598 2847 3683 2902 ἐπὶ
3728 2855 3833 2915 τῆς

2185 2938 2373 3013 χώρας
2430 2942 2526 2992 τοῦ
2589 2937 2857 3012 βασιλέως
2913 2942 3030 3000 τοῖς
3094 2938 3402 3011 βασιλικοῖς
3427 2938 3829 3012 προστάγμασι,

2182 3032 2277 3079 τοῦ
2327 3047 2385 3080 τε
2442 3026 2639 3081 λοιποῦ
2692 3025 2874 3089 ἔθνους
2915 3026 3341 3100 κεχωρισμένοις
3373 3027 3462 3079 καὶ
3516 3028 3654 3097 μήτε
3710 3029 3834 3088 καθ’

2184 3114 2404 3177 ἑαυτοὺς
2514 3116 2805 3184 ὑποστῆναι
2911 3111 3231 3186 δυναμένοις
3323 3115 3422 3182 τὴν
3508 3114 3833 3187 Ῥωμαϊχὴν

2184 3201 2411 3275 δύναμιν
2443 3206 2579 3276 μήτε
2611 3205 2950 3279 ὁρμητήριον
2980 3198 3167 3278 ἔχουσι
3201 3204 3334 3277 πρὸς
3388 3202 3456 3257 τὰ
3503 3209 3601 3270 τῆς
3650 3202 3831 3276 τύχης

2182 3288 2465 3362 ἀϐούλητα
2499 3312 2510 3325 ·
2572 3290 2765 3354 ἄλλοις
2820 3292 2983 3347 πάλιν
3049 3289 3242 3359 ἐδόκει,
3290 3295 3651 3367 κατασχοῦσιν
3722 3286 3829 3364 ὅρη

2182 3382 2301 3435 τινὰ
2344 3388 2443 3450 τῆς
2507 3381 2776 3449 Βιθυνίας,
2810 3380 2861 3435 ἐν
2920 3381 3132 3441 τούτοις
3176 3383 3499 3457 παραμένειν
3558 3382 3645 3434 καὶ
3702 3380 3833 3441 τοὺς

2183 3470 2435 3532 ἐπιόντας
2517 3470 2869 3543 ἀμύνασθαι⁹
2932 3470 3173 3525 ἀνελθεῖν
3256 3468 3311 3524 δὲ
3400 3467 3671 3541 μηδαμῶς
3757 3470 3837 3530 εἷς

2182 3555 2441 3633 Ἰϐηρίαν,
2498 3559 2549 3621 ἐς
2636 3561 2823 3634 χώραν
2887 3559 3091 3634 μακρὰν
3169 3558 3259 3613 καὶ
3318 3556 3647 3626 ἀλλόκοτον,
3712 3553 3835 3612 ἔνθα

2186 3648 2479 3722 μίλλουσιν
2515 3646 2647 3718 ἕξειν
2708 3648 3012 3721 πολεμίους
3074 3647 3134 3701 οὐ
3196 3647 3358 3720 μόνον
3412 3647 3541 3708 τοὺς
3596 3646 3834 3722 ἐχθροῦς

427 3736 561 3788 dam
586 3736 739 3805 apud
776 3735 1083 3809 Damatryn
1108 3714 1454 3808 palatiorum
1481 3714 1758 3795 solarium
1780 3714 1969 3795 tribus
1994 3741 2068 3794 fa-

2188 3714 2485 3811 ¹Ρωμαίων,
2543 3736 2686 3792 ἀλλὰ
2760 3738 2849 3792 καὶ
2931 3736 3124 3797 αὐτοὺς
3199 3736 3329 3790 τοὺς
3383 3737 3709 3807 Ῥωμαίους.
3771 3738 3836 3789 ’()

428 3823 619 3892 stigiis
652 3825 891 3893 tectum)
922 3825 1271 3881 Catalimum
1306 3835 1637 3899 sequuntur
1659 3830 1725 3883 ad
1755 3846 1933 3898 mare,
1960 3847 2071 3884 non

427 3912 664 3982 quidem
700 3919 1002 3984 sperantes
1032 3932 1165 3969 eum
1201 3917 1431 3987 navigia
1462 3918 1673 3972 habere
1710 3924 1911 3989 parata
1941 3919 2074 3989 qui-

432 4002 541 4055 bus
604 4018 760 4056 mare
804 4003 1162 4072 trajicerent,
1212 4004 1313 4058 sed
1368 4005 1703 4060 hmsitantes
1761 4023 1825 4061 ac
1881 4009 2076 4063 videre

430 4088 731 4159 cupientes
777 4107 1045 4162 quanam
1097 4097 1251 4147 esset
1301 4094 1495 4148 futura
1544 4094 1871 4165 trajiciendi
1906 4098 2073 4151 ratio.

429 4175 503 4231 Ut
532 4178 601 4230 ad
630 4176 797 4233 littus
818 4184 1055 4233 ventum
1077 4180 1513 4245 est,Catalimus
1532 4183 1641 4238 hoc
1670 4201 1852 4238 unum
1882 4186 2074 4242 fatus:

434 4289 462 4315 α
495 4266 601 4330 Qui
634 4283 695 4321 se
728 4266 920 4336 ipsum
972 4274 1029 4322 et
1074 4270 1371 4325 universos
1420 4272 1756 4327 Patzinacas
1797 4274 1921 4328 vult
1949 4290 2077 4329 esse

435 4354 1065 4427 salvos,mesequatur,
1091 4382 1116 4407 ››
1141 4374 1288 4428 equo
1311 4360 1636 4416 calcaribus
1663 4363 1901 4417 incitato
1924 4380 2080 4418 mare

434 4450 523 4501 est
558 4445 880 4515 ingressus.
913 4447 1070 4511 Quod
1103 4447 1253 4502 alius
1303 4466 1656 4521 rursumque
1700 4451 1850 4507 alius
1880 4452 2077 4506 imita-

442 4539 555 4600 tus,
589 4539 645 4589 et
677 4535 911 4589 tandem
945 4536 1137 4591 omnis
1170 4537 1604 4594 Patzinacarum
1642 4540 1957 4595 multitudo
1990 4558 2077 4596 se-

439 4629 573 4679 cuta
602 4628 711 4689 est,
747 4623 985 4693 quidam
1020 4630 1082 4679 ut
1112 4632 1277 4681 erant
1320 4628 1549 4695 armati,
1583 4628 1680 4683 alii
1714 4630 1956 4696 abjectis
1989 4646 2078 4684 ar-

438 4712 569 4767 mis.
602 4716 753 4767 Mare
800 4730 934 4785 ergo
966 4718 1221 4782 tranant,
1254 4722 1310 4770 et
1354 4716 1423 4771 ad
1458 4717 1730 4772 Sanctum
1773 4719 2079 4774 Tarasium

437 4802 493 4857 in
527 4802 863 4874 oppositum
898 4802 1038 4858 litus
1088 4805 1361 4871 evadunt,
1404 4810 1460 4859 et
1507 4805 1737 4878 magnis
1772 4807 2080 4863 itineribus

436 4893 504 4947 ad
538 4909 675 4947 suos
711 4893 861 4961 apud
897 4893 1250 4947 Triaditzam
1303 4896 1666 4965 perveniunt,
1703 4897 1933 4951 nemine
1977 4898 2079 4951 ob-

436 4986 588 5036 stare
620 4985 717 5034 aut
740 4998 837 5037 eos
866 4981 1169 5052 prohibere
1194 4999 1355 5047 auso,
1379 4999 1510 5037 cum
1538 4984 1770 5039 subitus
1793 4987 2081 5043 adventus

2187 3825 2466 3899 Καταλεῖμ
2513 3825 2569 3880 δὶ
2630 3826 2793 3899 μόνος
2849 3826 3073 3900 γνώμην
3121 3822 3296 3879 ἐδίδοο
3359 3827 3688 3898 ὑποστρέψαι
3738 3827 3830 3879 καὶ

2184 3918 2452 3985 ἐνωθῆναι
2537 3921 2655 3977 τοῖς
2742 3913 3066 3990 συγγενέσιν.
3148 3914 3406 3975 Εἰπόντος
3496 3911 3551 3968 δέ
3632 3936 3779 3973 τινος
3817 3933 3831 3945 ’

2187 4005 2346 4059 «Καὶ
2394 4010 2512 4067 πῶς
2566 4003 2627 4057 ἃν
2682 4000 2855 4058 ἔσεται
2914 4005 3119 4077 περατή
3178 4005 3212 4073 ἡ
3264 4001 3541 4071 Θάλασσα;
3580 4029 3605 4053 ››
3660 4001 3833 4076 μηδὲν

2186 4096 2358 4148 πλέον
2419 4093 2583 4147 εἰπὼν
2654 4090 2874 4156 ἕπεσθαί
2960 4093 3010 4145 οἱ
3090 4090 3321 4148 κελεύει.
3380 4092 3483 4148 Τὸν
3558 4093 3653 4164 μὶν
3739 4092 3835 4145 οὖν

2185 4178 2590 4258 Ἀδροὸάλανον
2650 4182 2990 4257 ὁρμήσαντες
3051 4180 3369 4234 ἆποκτεῖοαι
3429 4182 3531 4235 οὐκ
3603 4182 3839 4255 ἱσχυσαν

2188 4272 2394 4348 (φυγὼν
2426 4272 2526 4347 γὰρ
2556 4269 2787 4340 διεσώθη
2822 4265 2873 4323 ἕν
2931 4291 3036 4324 τινι
3094 4270 3387 4345 τριωρόφῳ
3441 4270 3669 4341 ὑπερῴῳ
3726 4276 3842 4322 τῶν

2188 4358 2239 4413 ἐν
2294 4361 2373 4431 τῷ
2432 4358 2712 4434 Δαματρύϊ
2759 4356 3079 4429 παλατίων),
3128 4362 3207 4427 τῷ
3272 4355 3553 4428 Καταλεῖμ
3600 4354 3657 4411 δὲ
3706 4356 3838 4411 ἐπόνα

2191 4471 2342 4522 μενοι
2402 4451 2746 4523 κατήρχοντο
2791 4447 2925 4521 πρὸς
2979 4448 3077 4514 τὴν
3162 4444 3452 4515 θάλασσαν,
3496 4446 3595 4500 οὐκ
3677 4444 3838 4501 ἐλπί-

2192 4544 2370 4605 ζοντες
2426 4539 2571 4612 τάχα
2627 4534 2797 4590 πλοῖα
2855 4532 2997 4610 ἔχειν
3079 4533 3238 4588 αὐτὸν
3312 4533 3713 4607 ηὐτρεπισμένα
3768 4538 3842 4591 τὰ

2191 4623 2376 4701 ῥᾳδίαν
2407 4626 2623 4686 τούτοις
2660 4622 2934 4698 μέλλοντα
2964 4625 3192 4691 ποιῆσαι
3247 4622 3346 4690 τὴν
3404 4629 3504 4691 τῆς
3559 4621 3840 4693 Θαλάσσης

2189 4715 2503 4789 περαίωσιν,
2537 4712 2682 4769 ἀλλά
2726 4711 3107 4786 διαποροῦντες
3163 4711 3251 4765 καὶ
3314 4718 3499 4782 μαθεῖν
3560 4710 3840 4775 ἐθέλοντες

2188 4804 2270 4868 τίς
2300 4806 2327 4858 6
2358 4804 2559 4876 τρόπος
2587 4810 2686 4872 τῆς
2716 4797 3029 4861 διαϐάσεως.
3067 4800 3214 4855 Ἐπεὶ
3249 4797 3306 4853 δὲ
3357 4800 3407 4854 ἰν
3455 4805 3534 4871 τῷ
3592 4799 3842 4875 αῗγιαλῷ

2190 4892 2457 4968 ἐγένοντο,
2524 4889 2689 4965 μηδὲν
2749 4889 2915 4945 πλέον
2973 4888 3138 4943 εἰπὼν
3196 4889 3223 4943 6
3283 4888 3568 4962 Καταλεὶμ
3621 4888 3751 4944 ἀλλ’
3799 4891 3838 4960 ἢ

2194 4982 2381 5054 μόνον,
2418 5004 2446 5033 ι(
2478 4979 2720 5043 Ἑπὲσθω
2774 4980 2801 5033 ὁ
2854 4975 3187 5053 βουλόμενος
3243 4976 3405 5031 αὐτόν
3453 4999 3510 5032 τε
3567 4985 3839 5053 περιεῖναι

439 5070 578 5140 ipsis
612 5070 923 5123 transitum
955 5071 1269 5141 expediret.
1317 5072 1621 5141 (Tonjuncti
1656 5090 1785 5126 cum
1820 5074 2075 5129 Patzina-

2188 5071 2275 5125 καὶ
2334 5070 2531 5133 πάντας
2572 5067 2697 5129 τοὺς
2731 5066 3081 5137 Πατζινάκας.
3119 5090 3141 5119 ι)
3176 5066 3266 5120 τὸν
3321 5064 3493 5120 ἵππον
3554 5068 3846 5140 μυωπίσας

436 5160 520 5213 cis
554 5161 651 5231 qui
688 5162 840 5232 apud
872 5160 1218 5215 Triaditzam
1254 5164 1526 5233 agebant,
1556 5179 1654 5217 eos
1685 5180 1947 5235 quosque
1978 5166 2079 5236 qui

436 5249 567 5305 aliis
600 5251 653 5304 in
691 5249 1029 5321 regionibus
1050 5251 1731 5306 morabantursollicant.
1762 5252 2076 5324 Postquam

436 5339 688 5394 universi
723 5340 778 5394 in
813 5356 995 5394 unum
1029 5338 1433 5404 suntcollecti,
1460 5341 1739 5412 correptis
1774 5344 2076 5399 securibus

437 5428 731 5485 ruralibus
765 5429 1129 5499 falcibusque
1159 5434 1213 5483 et
1261 5428 1394 5483 aliis
1444 5430 1809 5486 ferramentis
1842 5433 2077 5489 rusticis

437 5534 498 5573 se
551 5524 802 5583 armant,
850 5518 1396 5588 Philippopolinque
1447 5519 1682 5588 profecti
1733 5525 1786 5574 et
1844 5522 2073 5576 Emum

437 5608 787 5677 transgressi
819 5608 886 5659 ad
923 5607 1139 5661 ﬂumen
1163 5608 1404 5661 Osmum
1436 5606 1491 5661 in
1526 5610 1747 5679 campis
1773 5610 1915 5665 Istro
1945 5628 2075 5681 pro-

433 5694 671 5767 pinquis
722 5698 916 5750 castra
962 5698 1187 5765 ponunt
1227 5712 1240 5751 :
1287 5694 1451 5752 solus
1500 5696 1687 5755 Seltes
1735 5698 1795 5754 in
1847 5699 2076 5756 Lobitzo

2192 5157 2408 5213 εἴσεισιν
2466 5158 2542 5221 εὶς
2592 5159 2691 5226 τὴν
2749 5155 3040 5220 θάλασσαν.
3096 5158 3273 5211 Τοῦτο
3334 5155 3420 5209 καὶ
3480 5155 3649 5219 ἄλλος
3707 5156 3846 5212 ἰδὼν

2188 5248 2432 5318 ἐποίησε,
2464 5247 2552 5301 καὶ
2584 5245 2667 5299 ἐπ’
2716 5245 2904 5316 ἐκείνῳ
2935 5242 3126 5307 ἄλλος,
3157 5243 3246 5297 καὶ
3299 5243 3454 5305 εὐθὺς
3504 5246 3565 5299 τὸ
3622 5244 3848 5314 πλῆθος

2188 5339 2323 5391 ἅπαν
2361 5357 2372 5368 ·
2454 5336 2543 5390 καὶ
2631 5333 3010 5406 διανηξάμενοι
3084 5337 3433 5406 περαιοῦνται
3534 5335 3671 5388 κατὰ
3747 5337 3847 5389 τὸν

2185 5428 2379 5500 ’Ἃγιον
2450 5423 2720 5500 Ταράσον,
2778 5424 2829 5477 οἱ
2918 5422 3011 5494 μὲν
3090 5419 3276 5484 αὐτοῖς
3362 5422 3620 5496 ἅρμασιν,
3679 5424 3731 5477 οἱ
3784 5422 3851 5480 δὲ

2187 5513 2447 5588 πρότερον
2520 5514 2587 5568 τά
2661 5513 2876 5586 ἅρματα
2940 5508 3355 5586 ἀπορρίψαντες.
3425 5511 3517 5563 Καὶ
3597 5532 3845 5583 περαιω-

2186 5603 2357 5665 θέντες
2451 5603 2541 5658 καὶ
2639 5604 2736 5671 τὴν
2841 5599 3060 5674 πορείαν
3154 5597 3507 5661 ἐπιτείναντες
3610 5598 3841 5675 ἴσχυσαν

2188 5691 2521 5764 διασωθῆναι
2552 5692 2687 5770 πρὸς
2710 5691 2837 5755 τοὺς
2867 5690 3099 5752 οἰκείους
3154 5688 3292 5745 κατὰ
3337 5689 3437 5761 τήν
3490 5687 3843 5767 Τριαδίτζαν,
