4070 6334
196 432 309 490 32!

1340 418 1889 484 HISTORIARUM
1934 417 2483 479 COMPENDIUM.

3496 418 3613 477 322

199 557 433 632 μηδενὸς
496 559 809 627 ἀντιστῆναι
873 555 910 624 ἢ
966 552 1213 610 κωλῦσαι
1284 549 1672 625 τολμήσαντος
1704 568 1716 582 ·
1792 548 1855 602 τὸ

1999 548 2336 604 obstiterat.
2396 547 2551 604 590
2607 547 2840 603 Interim
2900 546 3163 604 Arianita
3225 546 3614 604 Macedonicis

193 651 298 724 γὶρ
354 643 625 725 αιφνίδιον
669 651 770 713 τῆς
798 642 997 722 ἐφόδου
1029 640 1257 698 εὔκολον
1288 639 1471 702 αὐτοῖς
1506 641 1605 708 τῆν
1638 636 1860 710 πορείαν

195 736 519 812 εἰργάσατο.
581 732 1047 794 Ἐνωθέντεςόὗν
1107 736 1227 793 τοῖς
1280 729 1330 785 ἐν
1389 725 1687 801 Τριαδίτζῃ
1746 728 1858 800 (39)

203 827 565 895 Πατζινάκοις
676 819 1162 896 διακηρυκεύονται
1247 818 1335 874 καὶ
1406 818 1542 891 πρὸς
1608 815 1736 879 τοὺς
1805 813 1859 869 ἐν

1971 637 2323 693 exercitibus
2354 636 2794 699 contractis.eos
2826 655 2858 692 a
2884 643 3044 710 tergo
3076 639 3428 711 insequitur,
3452 654 3615 694 cum-

1973 744 2085 799 que
2117 725 2303 781 Seltes
2332 726 2559 780 Lobitzo
2611 726 2956 798 aufugisset,
2987 727 3196 782 castris
3238 729 3366 799 ejus
3396 726 3618 799 potitus

1974 816 2214 870 domum
2250 815 2578 869 revertitur.

197 922 319 978 ταῖς
395 912 596 974 ἄλλαις
671 912 892 987 χώραις
968 906 1415 983 καθιδρυμένους.
1494 904 1778 978 Γενόμενοι
1845 900 1936 957 οὖν
2015 902 2066 956 οἳ
2140 899 2333 965 πάντες
2405 898 2675 976 ἄθροισμα
2743 897 2821 969 ἓν,
2880 902 2970 956 καὶ
3022 902 3133 957 ἀνθ’
3191 898 3377 958 ὅπλων
3434 902 3610 975 ἀξίνας

200 1004 511 1080 γεωργικὰς
606 1001 695 1055 καὶ
767 997 1005 1075 δρέπανα
1079 998 1169 1052 καὶ
1240 994 1386 1053 ἄλλα
1459 992 1684 1068 σιδήρια
1754 986 2125 1065 λαμϐάνοντες
2205 990 2311 1045 ἀπὸ
2376 993 2484 1043 τῶν
2576 990 2757 1063 ἀγρῶν
2850 990 3324 1060 καθοπλίζονται,

3393 992 3482 1047 καὶ
3565 992 3619 1047 ἐν

206 1075 665 1148 ἑιιμλιττπουπόλει
739 1087 1026 1162 γενόμενοι
1105 1085 1195 1141 καὶ
1265 1085 1357 1140 τὸν
1436 1083 1614 1157 Αἷμον
1674 1075 1955 1145 διαϐάντες
1997 1080 2060 1134 τὸ
2112 1080 2206 1151 μὲν
2266 1076 2478 1146 πλῆθος
2534 1079 2668 1132 ἅπαν
2731 1077 2853 1154 περί
2904 1080 2994 1134 τὸν
3056 1080 3348 1156 λεγόμενον
3407 1083 3616 1154 Ὃσμον

206 1182 455 1253 ποταμὸν
515 1181 918 1248 κατεσκήνωσεν
979 1176 1031 1231 ἐν
1088 1178 1158 1249 τῇ
1219 1173 1527 1249 παριστρίῳ
1584 1168 1819 1238 πεδιάδι,
1879 1170 2045 1243 μόνος
2096 1167 2153 1223 δὲ
2201 1170 2228 1223 6
2297 1168 2465 1225 Σελτὲ
2521 1169 2574 1224 ἐν
2632 1174 2711 1241 τῷ
2779 1164 3026 1241 Λυϐιτζῷ
3099 1170 3432 1244 προσμείνας
3481 1168 3624 1226 διαν-

209 1270 467 1326 επαῦετο.
540 1269 619 1343 ]Ρ’
684 1270 813 1340 780]
884 1268 1041 1338 Ἀρτι
1125 1262 1182 1318 δὶ
1240 1262 1332 1318 καὶ
1385 1262 1481 1324 τὰς
1544 1257 1915 1321 Μακεδονικὰς
1977 1257 2235 1334 ἀθροίσας
2301 1254 2558 1331 δυνάμεις
2618 1258 2986 1334 ὁἈριανίτης
3035 1256 3358 1313 καταδιώκει
3404 1255 3619 1314 ὄπισθεν

213 1361 414 1415 αὐτῶν.
451 1356 552 1411 Καὶ
575 1350 900 1411 καταλαϐὼν
935 1353 986 1408 ἐν
1018 1358 1097 1425 τῷ
1126 1346 1377 1423 meum;
1405 1350 1496 1405 τὸν
1533 1347 1701 1404 Σελτὶ
1729 1347 2233 1419 κατεσκηνωμένον.
2267 1350 2455 1401 τοῦτον
2492 1348 2585 1421 μὶν
2616 1350 2879 1423 κρατῆσαι
2910 1347 3008 1401 οὐκ
3036 1344 3252 1423 ἴσχυσεν
3279 1344 3494 1424 (ἔφθασε
3523 1348 3624 1422 γὰρ

213 1444 486 1522 διαδρὰς),
518 1444 618 1512 τήν
652 1441 710 1498 δὲ
756 1448 928 1498 πᾶσαν
979 1441 1144 1497 αὐτοῦ
1189 1436 1605 1507 στρατοπεδείαν
1653 1436 1942 1511 κατασχὼν
1993 1434 2301 1508 ἐπέστρεψε.
2345 1434 2449 1491 Καὶ
2475 1437 2541 1491 τὰ
2574 1437 2668 1510 μὶν
2699 1443 2798 1506 τῆς
2836 1436 3097 1512 Ἑσπέρας
3134 1441 3324 1491 τοῦτον
3354 1433 3486 1513 ἓσχε
3526 1437 3619 1491 τὸν

211 1537 415 1608 τρόπον
425 1579 439 1591 .

279 1643 344 1699 Ὁ
401 1640 460 1695 δὶ
517 1636 843 1706 σουλτάνος,
895 1638 971 1699 ὡς
1019 1634 1266 1708 εἴπομεν,
1328 1634 1717 1711 βαρυθυμήσας
1780 1630 1872 1686 διὰ

208 1733 307 1799 τήν
363 1734 474 1785 τῶν
528 1727 692 1783 αὐτοῦ
748 1724 1148 1804 καταφρόνησιν
1204 1717 1481 1799 πρέσϐεων
1508 1721 1599 1776 καὶ
1630 1722 1728 1790 τὴν
1760 1724 1869 1775 τῶν

214 1819 542 1892 θεληματων
601 1816 886 1891 ἀστοχίαν,
948 1814 1080 1889 ἄρας
1135 1813 1270 1886 μετᾶ
1326 1811 1503 1882 πάσης
1559 1809 1727 1865 αὐτοῦ
1772 1816 1872 1879 τῆς

216 1907 500 1980 δυνάμεως
549 1903 707 1977 ἔξεισι
758 1905 895 1958 κατὰ
942 1909 1041 1972 τῆς
1104 1900 1355 1971 ὑπηκόου
1407 1897 1725 1971 Ῥωμαίοις⁸
1780 1898 1870 1952 καὶ

212 1996 490 2052 κατελθὼν
550 1992 682 2070 ἄχρι
746 1997 843 2048 τοῦ
902 1991 1203 2068 λεγομένου
1258 1992 1507 2062 Κωμιοῦ,
1551 1988 1639 2042 καὶ
1700 1983 1869 2060 μηδὲν

2057 1637 2201 1687 Dum
2252 1632 2374 1687 haec
2421 1632 2480 1688 in
2532 1633 2845 1689 Occidente
2893 1637 3199 1706 geruntur,
3232 1634 3504 1690 sultanus
3553 1635 3625 1690 ob

1980 1726 2350 1794 contemptos
2400 1739 2539 1777 suos
2584 1723 2805 1791 legatos
2837 1730 2893 1778 et
2923 1723 3302 1779 consiliorum
3354 1725 3629 1780 adversos

1981 1816 2225 1867 eventus
2276 1812 2530 1866 fremens
2561 1828 2693 1866 cum
2744 1812 3021 1867 omnibus
3053 1812 3175 1867 suis
3212 1813 3396 1885 copiis
3427 1814 3483 1868 in
3516 1818 3630 1869 Ro-

1984 1916 2217 1955 manam
2267 1899 2548 1955 ditionem
2602 1900 2799 1955 intrat.
2834 1900 2977 1956 Cum
3011 1918 3144 1956 vero
3193 1919 3380 1974 usque
3419 1903 3487 1957 ad
3522 1904 3626 1959 Co-

1983 1990 2167 2044 mium
2204 1990 2587 2061 pervenisset,
2621 1989 2881 2062 nihilque
2916 1990 3287 2047 memorabile
3326 2008 3496 2063 agere
3529 2007 3631 2063 po-

218 2087 245 2142 6'
271 2108 327 2141 τι
360 2084 450 2140 καὶ
480 2083 655 2159 λόγου
687 2080 833 2153 ἄξιον
882 2078 1271 2155 διαπράξασθαι
1322 2075 1569 2148 δυνηθεὶς
1620 2072 1869 2150 (ἔφθασαν

1999 2077 2386 2149 ;uisset,quod
2418 2077 2617 2134 incolae
2651 2095 2712 2134 se
2742 2083 2798 2135 et
2829 2095 2920 2134 res
2952 2083 3316 2136 necessarias
3347 2080 3629 2151 castellis,

218 2176 323 2251 γὰρ
356 2175 407 2229 οἱ
445 2180 548 2242 τῆς
595 2172 782 2248 χώρας
838 2166 1346 2245 προασφαλίσασθαι
1399 2163 1619 2225 ἑαυτούς
1665 2184 1724 2218 τε
1779 2163 1868 2251 καὶ

217 2250 515 2324 τὶγαῦτοῖς
574 2258 966 2335 ἀναγκαιότατα
1017 2256 1070 2311 ἐν
1124 2261 1243 2318 τοῖς
1298 2254 1598 2333 φρουρίοις·
1627 2254 1782 2330 γέμει
1815 2250 1873 2307 δε

221 2357 252 2423 ἡ
312 2347 531 2426 Ἰϐηρία
578 2347 852 2427 φρουρίων
901 2344 1358 2421 ἐρυμνοτάτων),
1427 2341 1758 2419 προσωτέρω
1816 2338 1875 2396 δὲ

216 2436 490 2517 προϐῆναι
553 2438 631 2511 μὴ
691 2436 962 2513 θαρρήσας
1018 2439 1098 2506 τῷ
1150 2434 1409 2488 πυθέσθαι
1440 2432 1535 2495 τὰς
1569 2430 1876 2505 Ῥωμαϊκὰς

221 2530 270 2585 ἐν
330 2528 627 2603 Καισαρείᾳ
680 2523 937 2598 δυνάμεις
993 2521 1371 2597 ἀθροίζεσθαι,
1435 2518 1734 2596 ὑπέστρεψε
1797 2522 1876 2590 τῷ

221 2622 385 2693 θυμῷ
442 2615 794 2692 φλεγμαίνων
869 2612 959 2667 καὶ
1020 2612 1154 2688 μέγα
1211 2631 1261 2665 τι
1324 2609 1500 2679 ζητῶν
1555 2608 1877 2683 κατεργάζε-

223 2718 368 2769 σθαι.
450 2703 746 2777 Γενόμενος
822 2698 880 2756 δὲ
962 2700 1097 2755 κατὰ
1174 2699 1237 2754 τὸ
1320 2697 1705 2774 Βαασπρακᾶν,
1788 2694 1878 2749 καὶ

223 2791 632 2867 παραπλησίως
682 2789 839 2845 κάκεῖ
891 2789 958 2842 τὰ
1011 2787 1180 2841 πάντα
1234 2786 1469 2861 τειχήρη
1530 2784 1720 2859 εὑρὼν,
1781 2781 1849 2838 ἐπ

224 2878 391 2937 ἔϐαλε
440 2885 559 2941 ταῖς
618 2877 990 2953 πολιορκίαις,
1042 2875 1130 2930 καὶ
1190 2874 1586 2950 ἆπεπειράσατο
1617 2872 1879 2948 πρότερον

224 2973 324 3023 τοῦ
384 2967 682 3042 λεγομένου
733 2965 1147 3037 Μαντζικίερτε·
1206 2962 1369 3026 πόλις
1435 2960 1492 3018 δὲ
1537 2963 1599 3017 τὸ
1648 2964 1883 3030 Μαντζι-

231 3059 413 3134 κὶερτε
472 3056 525 3111 ἐν
580 3060 654 3131 γῇ
711 3052 899 3129 ὁμαλῇ
954 3055 1047 3127 μὶν
1108 3053 1358 3126 κειμένη,
1407 3051 1611 3126 τείχεσι
1642 3048 1700 3105 δὲ
1742 3051 1885 3127 τρισὶ

236 3145 641 3223 στεφανουμένη
701 3142 786 3198 καί
844 3141 1000 3198 ὕδασι
1060 3139 1295 3203 πολλοῖς
1350 3137 1500 3195 ἔνδον
1558 3139 1891 3216 κατάρρυτος

239 3234 599 3310 πηγιμαίοις·
667 3230 791 3287 τότε
841 3228 898 3285 δὲ
953 3231 1041 3285 καὶ
1100 3226 1287 3306 ἔτυχεν
1350 3230 1594 3308 ἀφθόνως
1653 3226 1892 3301 εἰσκομί-

243 3344 385 3378 σασα
456 3322 524 3377 τὰ
594 3320 875 3397 ἀναγκαῖα.
954 3318 1171 3389 Ταύτην
1245 3318 1453 3390 οἰηθεὶς
1509 3319 1537 3372 6
1602 3315 1894 3378 σουλ-πάνος

1980 2166 2178 2239 qualia
2210 2182 2312 2239 per
2346 2167 2593 2223 lberiam
2626 2172 2683 2223 et
2713 2166 2971 2240 plurima
3018 2179 3157 2223 sunt
3197 2173 3253 2223 et
3304 2168 3632 2225 munitissi-

1983 2261 2335 2321 ma,maturc
2368 2255 2754 2324 incluserant,
2789 2256 3035 2312 ulterius
3070 2258 3332 2330 progredi
3385 2275 3499 2314 non
3529 2275 3636 2313 au-

1984 2344 2255 2415 sus,quia
2288 2343 2581 2400 Romanas
2612 2345 2810 2416 cupias
2842 2345 3117 2402 audiebat
3164 2346 3433 2402 Cessareaa
3473 2346 3635 2403 colli-

1986 2431 2244 2505 gi,rediit
2275 2431 2361 2486 ira
2395 2432 2648 2505 ﬂagrans
2701 2450 3100 2506 magnumque
3138 2435 3374 2507 aliquod
3406 2435 3636 2492 facinus

1986 2523 2155 2577 edere
2187 2520 2452 2592 cupiens.
2490 2522 2802 2593 Postquam
2838 2523 2892 2576 in
2945 2523 3433 2597 Baaspracaniam
3480 2524 3640 2581 venit

1988 2614 2163 2680 atque
2197 2609 2275 2663 ibi
2327 2609 2505 2664 etiam
2556 2610 2756 2666 omnia
2809 2612 2992 2666 muris
3025 2612 3253 2667 defendi
3312 2612 3475 2682 vidit,
3509 2612 3640 2669 ani-

1991 2715 2149 2752 mum
2185 2698 2254 2752 ad
2290 2699 2752 2770 oppugnationes
2782 2698 3040 2772 appellit,
3059 2717 3125 2756 ac
3156 2702 3347 2773 primo
3375 2702 3638 2759 omnium

1992 2786 2392 2843 Mantzikierte
2443 2789 2799 2861 aggreditur.
2835 2787 2982 2846 Urbs
3014 2795 3103 2845 est
3150 2790 3550 2847 Mantzikierte
3582 2792 3641 2847 in

1994 2875 2235 2947 planitie
2260 2875 2467 2947 posita,
2487 2875 2700 2948 triplici
2737 2893 2903 2932 muro
2934 2877 3296 2934 circumdata
3324 2879 3643 2952 multisque

1995 2963 2155 3018 intus
2189 2962 2445 3019 fontibus
2473 2964 2692 3037 irrigua
2726 2983 2738 3021 :
2777 2970 2898 3021 tum
2945 2983 3177 3038 quoque
3210 2985 3404 3023 rerum
3437 2986 3640 3025 neces-

1997 3053 2286 3107 sariarum
2338 3052 2675 3108 invexerant
2722 3054 2998 3126 oppidani
3047 3055 3296 3128 copiam.
3332 3057 3492 3114 Hanc
3544 3075 3639 3113 ur-

1999 3141 2128 3195 bem
2163 3142 2402 3213 se,quod
2438 3142 2600 3198 locus
2630 3159 2756 3199 eam
2789 3144 2993 3199 adortu
3026 3144 3254 3201 facilem
3288 3146 3643 3213 faceret,non

2004 3247 2217 3303 magno
2246 3237 2716 3304 expugnaturum
2753 3238 2912 3288 ratus
2944 3234 3172 3306 negotio
3202 3235 3494 3302 sultanus,
3525 3237 3648 3292 val-

2005 3317 2059 3374 lo
2091 3319 2354 3390 proxime
2385 3321 2571 3376 deﬁxo
2602 3322 2793 3377 onmis
2823 3324 3053 3394 generis
3104 3324 3394 3381 machinis
3443 3330 3650 3397 tentat,

245 3410 453 3488 ῥαδίως
478 3407 906 3485 ἐκπολιορκῆσαι
962 3412 1044 3481 τῷ
1073 3406 1150 3503 ἐν.
1185 3402 1619 3479 εὖεπιόουλεότῳ
1651 3404 1884 3503 ἷδρόσθαι

2009 3424 2075 3462 ac
2103 3408 2247 3465 59]
2280 3426 2380 3478 per
2410 3410 2653 3481 triginta
2683 3411 2805 3465 dies
2835 3412 3056 3483 absque
3075 3412 3192 3469 ulla
3223 3414 3657 3470 intermissione

242 3502 426 3572 τόπῳ,
484 3500 701 3575 χάρακα
759 3496 1070 3570 πηξάμενος
1124 3491 1345 3572 ἔγγιστα
1408 3494 1675 3571 ἐπεχείρει
1737 3494 1897 3551 πολι-

240 3594 446 3663 ορκεῖν,
506 3587 596 3642 καὶ
652 3585 916 3659 διέμεινεν
975 3584 1063 3641 ἐπὶ
1106 3586 1395 3662 τριάκοντα
1452 3582 1667 3657 ἡμέρπς
1698 3583 1897 3655 ταύτην

236 3675 544 3738 ἆνενδότως
603 3675 943 3750 πολιορκῶν,
975 3673 1253 3736 ποικίλαις
1289 3670 1574 3729 ἐλεπόλεσι
1610 3673 1903 3748 χρώμενος

237 3768 333 3821 καὶ
395 3766 677 3826 παντοίοις
737 3761 899 3818 ε’ῗδσι
963 3764 1380 3839 μηχανημάτων
1414 3806 1426 3818 .
1483 3761 1787 3835 Εὐρώστως
1846 3757 1903 3815 δὲ

234 3861 347 3910 τῶν
406 3851 554 3909 ἔνδον
614 3851 1075 3930 ἁποκρουομένων
1131 3852 1228 3914 τὰς
1285 3846 1605 3927 προσϐολὰς
1650 3848 1905 3925 ἐμπειρίᾳ

234 3944 329 3998 καὶ
387 3944 594 3998 συνέσει
650 3945 746 3996 τοῦ
805 3944 1112 4017 στρατηγοῦ
1171 3939 1255 4013 (ἧν
1285 3937 1342 3995 δέ
1394 3938 1676 4001 Βασίλειος
1710 3938 1901 4012 πατρί-

236 4052 363 4094 κιος
418 4033 447 4086 6
494 4031 603 4086 ἀπὸ
662 4031 908 4101 Κάπης),
962 4028 1181 4105 ἐπείπερ
1240 4023 1380 4104 ἔγνω
1437 4025 1721 4090 ἀδυνάτοις
1782 4026 1901 4082 ἐπι-

237 4127 495 4201 χειρῶν,
566 4117 928 4177 ἐὸουλεόσατο
988 4119 1146 4176 λῦσαι
1226 4121 1324 4189 τὴν
1407 4118 1730 4195 πολιορκίαν
1813 4117 1902 4173 καὶ

241 4213 604 4289 ὑποστρέψαι.
656 4211 916 4285 Ἀνέκοψε
974 4208 1031 4266 δὲ
1087 4216 1189 4280 τῆς
1246 4211 1426 4286 ὁρμῆς
1481 4209 1640 4264 αὐτὸν
1703 4208 1901 4266 Ἀλκὰν

237 4305 268 4357 6
329 4306 445 4356 τῶν
505 4299 854 4377 Χωρασμίων
913 4298 1178 4375 ἡγεμὼν,
1240 4297 1596 4372 αδτησάμενος
1650 4297 1774 4371 μίαν
1825 4291 1902 4351 ἔτι

238 4396 575 4464 προσμεῖναι
633 4391 846 4464 ἡμέραν
878 4388 969 4443 καὶ
1008 4387 1154 4459 αὐτῷ
1206 4387 1487 4461 ἐπιτρέψαι
1516 4387 1607 4441 τὸν
1641 4386 1779 4441 κατᾶ
1806 4388 1905 4456 τῆς

236 4478 467 4540 πόλεως
513 4478 779 4551 πόλεμον.
841 4476 1052 4541 Ἡσθεὶς
1080 4476 1138 4531 δέ
1166 4477 1244 4548 τῷ
1273 4475 1395 4548 αἰτή
1407 4496 1532 4549 ματι
1576 4474 1774 4551 ἐπέσχε
1799 4476 1899 4545 τήν

2011 3502 2332 3569 Oppugnat.
2382 3497 2627 3554 Praeerat
2680 3503 2736 3554 et
2786 3500 2915 3554 urbi
2979 3500 3228 3557 Basilius
3285 3502 3568 3576 patricius
3628 3520 3662 3559 a

2009 3589 2180 3656 Capa,
2232 3585 2405 3641 homo
2455 3587 2715 3658 prudens
2765 3605 2830 3642 ac
2884 3590 3127 3659 peritus.
3174 3591 3315 3659 Ejus
3371 3591 3662 3647 industria

2012 3674 2229 3729 factum
2267 3678 2327 3728 ut
2357 3674 2454 3745 qui
2490 3674 2547 3729 in
2585 3676 2725 3732 urbe
2755 3682 2941 3745 erant,
2973 3685 3387 3751 oppugnantes
3438 3681 3663 3735 fortiter

2012 3761 2375 3835 repellerent.
2395 3763 2524 3819 Jam
2559 3766 2629 3820 de
2662 3783 2718 3821 re
2750 3782 2926 3837 quam
2962 3766 3181 3822 frustra
3212 3768 3323 3823 sibi
3355 3769 3662 3825 videbatur

2010 3858 2254 3908 conatus
2285 3853 2609 3910 omittenda
2641 3861 2699 3909 et
2738 3855 3042 3913 obsidione
3073 3856 3349 3914 solvenda
3397 3860 3661 3931 cogitan-

2013 3947 2127 3997 tem
2162 3941 2463 3998 sul'anum
2517 3944 2695 3999 Alcan
2730 3944 3207 4001 Chorasmiorum
3234 3946 3349 4002 dux
3381 3955 3563 4020 rogat,
3598 3952 3665 4003 ut

2013 4031 2207 4086 adhuc
2232 4048 2412 4086 unum
2465 4032 2618 4088 diem
2654 4040 2980 4106 perseveret
3012 4034 3243 4105 sibique
3273 4036 3667 4107 Oppugnatio-

2014 4136 2147 4175 nem
2169 4119 2425 4175 mandet.
2459 4121 2618 4185 Quod
2651 4120 3004 4193 perlibenter
3043 4123 3337 4179 concessit
3374 4123 3666 4181 sultanus.

2014 4207 2204 4262 Prima
2238 4207 2386 4276 luce,
2421 4207 2597 4263 Alcun
2624 4210 2901 4265 omnibus
2925 4210 3051 4267 suis
3084 4211 3341 4268 collectis
3365 4211 3665 4270 sultanum

2011 4302 2068 4350 et
2089 4296 2522 4352 ittustrissimos
2543 4302 2861 4357 Tuncarum
2889 4300 2949 4354 in
2971 4300 3199 4357 tumulo
3222 4302 3474 4373 quodam
3497 4303 3670 4374 juxta

2012 4391 2237 4457 portam
2276 4385 2619 4441 orientalem
2658 4389 2957 4459 spectandi
2996 4406 3175 4446 causa
3195 4389 3461 4461 collocat,
3494 4397 3672 4464 atque

2012 4472 2134 4544 ipse
2158 4474 2226 4527 ad
2252 4489 2379 4528 eam
2404 4481 2629 4546 portam
2649 4493 2781 4532 cum
2827 4477 3112 4534 machinis
3135 4478 3313 4535 subit.
3348 4479 3672 4536 Videbatur

233 4568 540 4641 ἀναζυγήν.
612 4567 817 4623 ’Έωοεν
897 4566 988 4620 οὗν
1066 4566 1094 4619 ὁ
1152 4564 1352 4621 Ἀλκᾶν
1401 4564 1493 4619 τὸν
1561 4563 1699 4642 ἀμφ’
1744 4563 1904 4618 αὐτὸν

237 4656 507 4731 ἀθροίσας
556 4657 764 4711 ἅπαντα
812 4651 982 4723 λαὸν,
1035 4652 1123 4708 καὶ
1167 4654 1383 4728 θεωρὼν
1442 4652 1529 4708 ἐπί
1559 4674 1706 4714 τινος
1766 4673 1872 4726 γεω

2009 4650 2285 4721 locusque
2301 4653 2607 4724 oppositus
2621 4653 2921 4727 aliquanto
2934 4656 3666 4731 editionoppugnationem

236 4744 430 4821 λόφου
482 4744 620 4799 κατὰ
668 4744 769 4812 τὴν
827 4742 968 4813 ἑῴαν
1017 4744 1214 4812 στήσας
1247 4740 1429 4812 πύλην
1482 4742 1574 4796 τὸν
1607 4739 1884 4797 σουλτάνοπ

2015 4741 2309 4810 adjuvare,
2362 4742 2500 4812 quia
2549 4742 2701 4798 intra
2754 4761 2955 4800 muros
3003 4746 3102 4817 qui
3154 4753 3370 4815 essent,
3419 4748 3670 4820 desuper

326 4799 337 4821 .
727 4799 736 4812 .
873 4799 884 4813 .
1102 4799 1112 4812 .
1203 4799 1212 4803 -
1384 4799 1394 4812 .

237 4832 413 4886 αὐτὸν
471 4833 557 4887 καὶ
616 4831 743 4892 τοὺς
800 4830 1054 4886 δσοιτῶν
1080 4829 1332 4907 Τούρκων
1373 4832 1508 4900 ἦσαν
1565 4829 1877 4902 ἐπισημότα

2018 4799 2152 4883 telis
2199 4799 2402 4900 impeti
2451 4830 2523 4885 ab
2572 4799 3054 4904 oppugnantibus
3107 4799 3370 4906 possent:

236 4943 353 4991 τοι,
420 4921 512 4982 τὰς
543 4919 829 4982 ἑλεπόλεις
883 4913 1068 4974 λαϐὼν
1120 4915 1328 4973 ἄπεισιν
1361 4918 1438 4981 εἰς
1469 4920 1568 4987 τήν
1609 4917 1884 4995 εἰρημένηε

2019 4917 2169 4972 duas
2200 4922 2395 4989 partes
2426 4920 2745 4974 exercitum
2779 4938 2954 4976 suum
3006 4922 3233 4986 dividit,
3268 4940 3518 4992 quarum
3554 4943 3671 4981 una

239 5008 481 5079 ποὶληνθ
558 5008 731 5063 ἐκεῖσε
802 5008 903 5085 γὰρ
967 5005 1141 5062 ἐδόκει
1199 5009 1266 5062 τὰ
1319 5006 1481 5082 τείχη
1536 5014 1635 5078 τῆς
1692 5005 1879 5062 πόλεω

2020 5007 2264 5061 editiore
2295 5005 2395 5062 illo
2429 5008 2553 5063 loco
2583 5012 2764 5064 staret
2797 5010 3282 5083 continentcrque
3309 5013 3529 5085 sagitas
3559 5018 3673 5085 eja-

237 5097 609 5173 τααεινότερά
652 5118 713 5152 τε
763 5097 853 5151 καὶ
912 5095 1280 5170 ἀσθενέστερα,
1338 5097 1424 5150 καὶ
1489 5097 1517 5151 6
1569 5096 1735 5160 τόπος
1785 5095 1883 5150 ἀνά

2021 5094 2354 5151 cularetur:
2391 5095 2632 5152 alteram
2685 5096 3000 5169 ligonibus,
3033 5099 3371 5156 bidentibus
3420 5102 3672 5173 aliisque

245 5206 447 5258 στημα
500 5182 644 5260 ἔχων
702 5185 792 5240 καὶ
821 5188 891 5259 τῇ
921 5182 1217 5258 πολιορκίᾳ
1266 5179 1655 5260 προσϐοηθῶν,
1708 5181 1884 5240 ἅνωθε

2022 5183 2261 5239 rusticis
2313 5184 2724 5241 instrumentis
2769 5191 3054 5242 armatam
3087 5187 3241 5244 lesas
3286 5189 3673 5259 (tabernaculi

242 5274 447 5336 διδοὺς
504 5272 803 5351 βάλλεσθαι
859 5273 988 5336 τοὺς
1046 5271 1174 5330 εἷ’σω
1229 5278 1328 5328 τοῦ
1384 5274 1605 5350 τείχους
1662 5275 1765 5330 ὑπὸ
1802 5278 1880 5330 τῶ

2022 5288 2209 5346 genus
2231 5277 2321 5327 est
2341 5270 2484 5340 less,
2517 5290 2585 5328 ex
2608 5273 2926 5332 viminibus
2948 5280 3289 5333 contextum
3331 5294 3397 5334 ac
3419 5295 3675 5350 superne

240 5362 377 5435 ἔξω.
445 5362 646 5420 Διελὼν
708 5362 800 5417 οὗν
862 5359 997 5438 διχῆ
1047 5362 1146 5430 τὴν
1206 5358 1456 5436 δύναμιν,
1498 5362 1591 5418 καὶ
1650 5364 1749 5432 τὴν
1817 5364 1884 5436 με

2023 5361 2178 5417 corio
2212 5361 2437 5418 bubulo
2469 5362 2801 5433 inductum,
2837 5364 2993 5437 quod
3026 5383 3058 5422 a
3088 5366 3382 5424 columnis
3423 5367 3675 5425 sustine-

242 5454 463 5524 στήσας
542 5452 629 5508 ἐπὶ
696 5456 796 5507 τοῦ
872 5450 1255 5525 ἆταστήματος
1339 5450 1588 5526 ἐπιμόνῳ
1672 5454 1884 5529 ’χρῆσθα

2024 5459 2140 5521 tur,
2175 5469 2426 5526 quarum
2464 5453 2704 5511 basibus
2750 5461 2889 5513 rotis
2940 5461 3080 5513 sunt
3128 5458 3428 5532 subjectae)
3458 5458 3678 5533 subire,

2010 4561 2163 4617 enim
2202 4580 2266 4617 eo
2300 4561 2425 4617 loco
2458 4580 2664 4620 murus
2700 4564 2860 4621 urbis
2911 4565 3191 4623 humilior
3240 4584 3306 4624 ac
3358 4568 3668 4639 infirmior,

1452 5633 1831 5690 XYLANDRI
1871 5634 1959 5690 ET
1998 5633 2219 5691 GOARI
2256 5633 2486 5693 NOTIE.

328 5732 459 5803 (39)
483 5731 630 5789 Olim
663 5730 965 5788 Sardicen.
1002 5728 1178 5786 Goaa.
