4038 6334
479 463 597 521 323

1826 460 2142 522 GEORGII
2187 460 2525 520 CEDRENI

3760 460 3877 518 324

476 610 693 666 easque
716 593 999 667 paulatim
1024 594 1342 667 impellere,
1377 610 1662 667 muroque
1690 594 1797 649 sub
1820 593 1892 649 iis
1924 608 2118 649 succe-

2231 590 2439 646 κελεύει
2496 594 2563 664 τῇ
2622 589 2819 661 τοξείᾳ,
2879 589 3041 651 αὐτὸς
3091 587 3147 643 δὲ
3202 590 3403 659 σκηνὰς
3435 587 3493 643 ἐκ
3523 586 3703 665 λύγων
3740 586 3883 666 ἔχων

477 684 613 737 dere
644 688 701 737 et
732 686 889 737 tutos
919 682 1030 738 isto
1062 684 1318 755 tegmine
1366 684 1749 738 fundamenta
1779 684 1931 740 592
1965 681 2126 737 omni

476 773 527 825 vi
590 773 874 827 subruere
924 772 1117 842 jubet,
1152 772 1329 827 animi
1389 778 1582 827 certus
1643 772 1716 827 ob
1776 772 2124 844 sagittarum

477 861 744 915 nimbum
796 861 1091 916 neminem
1142 878 1425 917 ausurum
1460 863 1529 916 de
1577 878 1741 916 muro
1775 861 2126 932 prospicere,

477 954 653 1021 atque
684 949 763 1005 ita
795 967 855 1005 se
890 950 1090 1005 urbem
1125 955 1597 1022 expugnaturum
1643 950 1963 1006 somnians.
1999 950 2129 1004 Hec

478 1040 548 1093 de
611 1056 775 1093 muro
821 1056 1066 1095 cernens
1118 1039 1369 1095 Basilius
1419 1041 1491 1096 iis
1540 1041 1759 1112 quibus
1824 1055 2128 1094 murorum

477 1128 979 1184 defendendorum
1014 1146 1232 1183 munus
1267 1130 1665 1195 incumbebat,
1700 1130 1943 1184 mandat
1974 1134 2037 1183 ut
2067 1145 2128 1183 se

477 1219 833 1284 contineant,
871 1234 1053 1288 neque
1112 1218 1423 1288 quisquam
1486 1235 1544 1271 se
1597 1223 1846 1282 exserat,
1906 1218 2005 1272 sed
2069 1217 2125 1270 in

475 1312 748 1378 promptu
804 1307 1053 1361 habeant
1102 1308 1346 1379 grandia
1407 1324 1568 1377 saxa,
1601 1308 1844 1377 sagittas
1897 1306 2128 1378 aliaque

480 1395 811 1465 missilia,et
834 1400 1169 1467 exspectent
1190 1396 1448 1467 signum,
1473 1412 1588 1466 quo
1611 1397 1748 1451 dato
1772 1396 2126 1465 (eratantem

474 1489 699 1540 tessara
735 1501 747 1540 :
785 1484 1019 1551 Christe,
1041 1486 1200 1557 juvu)
1253 1502 1371 1539 rem
1422 1492 1642 1555 gerant.
1676 1486 1744 1539 Et
1774 1485 2024 1539 habebat
2054 1484 2123 1538 ad

477 1590 597 1627 rem
633 1573 783 1627 bane
816 1577 1050 1644 paratas
1086 1574 1280 1628 trabes
1331 1575 1613 1629 maximas
1647 1575 1869 1629 inferne
1901 1579 2123 1629 auctas.

478 1662 713 1715 Interim
738 1662 1077 1725 Alcan,eum
1100 1663 1267 1715 Turci
1292 1662 1599 1733 grandinis
1632 1662 1687 1715 in
1712 1678 1930 1716 morem
1956 1661 2127 1715 emis-

475 1749 557 1803 sis
617 1750 846 1821 sagittis
906 1756 1369 1822 propugnatores
1426 1750 1765 1805 viderentur
1836 1749 2122 1821 abegisse,

474 1838 755 1911 paulatim
792 1836 942 1894 leSas
976 1857 1140 1894 muro
1174 1843 1463 1895 admovet.
1499 1840 1631 1895 Cuae
1662 1856 1790 1895 cum
1818 1839 1900 1893 ita
1930 1856 2123 1895 acces-

475 1926 692 1982 sissent
724 1934 789 1982 ut
810 1928 936 1997 jam
971 1934 1124 1983 retro
1156 1929 1313 1984 abire
1348 1928 1507 1983 nullo
1540 1929 1714 1983 modo
1764 1945 1935 2000 posse
1965 1929 2123 1983 vide-

474 2022 695 2085 rentur,
732 2018 926 2072 subito
958 2018 1092 2072 dato
1116 2035 1148 2072 a
1188 2018 1401 2071 Basilio
1437 2018 1605 2088 signo
1637 2017 1673 2071 ii
1707 2019 1917 2085 quibus
1945 2034 2122 2089 nego-

471 2106 618 2160 tium
652 2111 777 2161 erat
828 2106 1212 2161 commissum
1264 2108 1458 2161 trabes
1509 2106 1647 2160 lesis
1698 2107 1989 2175 injiciunt,
2024 2106 2118 2161 alii

472 2194 796 2249 missilibus
828 2199 883 2248 et
913 2194 1210 2265 lapidibus
1244 2195 1554 2263 impetunt.
1595 2196 1793 2266 Itaque
1842 2196 1963 2250 lesa
2008 2213 2121 2266 qua

475 2283 603 2353 ipse
653 2282 827 2336 Alcan
878 2283 1202 2354 tegebatur,
1239 2283 1490 2353 pondere
1544 2283 1930 2353 impactorum
1977 2284 2121 2338 sub-

472 2387 639 2425 versa
687 2376 870 2425 tectos
924 2371 1209 2437 nudavit;
1267 2371 1364 2441 qui
1418 2372 1675 2442 undique
1722 2372 2017 2442 lapidibus
2067 2380 2122 2428 et

471 2458 705 2529 sagittis
755 2459 1028 2529 impetiti,
1073 2475 1203 2514 cum
1258 2476 1426 2530 opem
1480 2461 1627 2514 ferre
1683 2477 1851 2515 nemo
1902 2468 2115 2533 posset,

470 2563 676 2601 omnes
734 2549 1051 2617 perierunt.
1113 2548 1394 2603 Alcanem
1444 2548 1756 2619 splendore
1821 2566 2117 2604 armorum

470 2636 734 2707 agnitum
772 2635 952 2690 fortes
975 2636 1351 2706 duojuvenes
1377 2642 1541 2708 porta
1586 2636 1747 2691 urbis
1786 2637 2118 2692 exsilientes

469 2723 730 2778 crinibus
770 2724 1260 2795 comprehensum
1308 2725 1365 2778 in
1416 2726 1617 2779 urbem
1669 2730 2113 2795 pertraxerunt;

469 2814 622 2869 593
656 2814 747 2868 cui
782 2813 978 2868 statim
1028 2818 1205 2883 caput
1252 2815 1578 2883 amputavit
1622 2813 1893 2880 Basilius,
1945 2814 2117 2883 idque

472 2902 530 2956 in
559 2902 778 2956 'l‘urcos
808 2908 897 2957 est
917 2902 1238 2973 jaculatus.
1274 2902 1560 2957 Sultanus
1609 2902 1959 2972 gravissimo
2012 2903 2113 2956 do-

469 2990 590 3045 lore
611 2992 684 3045 ob
706 3008 833 3045 eam
856 2991 1076 3045 cladem
1108 2996 1376 3061 percepto
1418 2994 1609 3045 castra
1643 2995 1854 3053 movet,
1889 2992 2114 3061 ﬁngens

466 3096 528 3135 se
557 3080 904 3135 necessariis
928 3080 1282 3151 quibusdam
1309 3079 1483 3133 rebus
1506 3080 1855 3151 urgentibus
1876 3083 2113 3135 domum

466 3170 715 3233 avocari,
750 3170 1127 3240 minatusque
1159 3167 1491 3239 insequenti
1524 3184 1653 3223 vere
1697 3184 1759 3223 se
1791 3168 2113 3238 majoribus

460 3275 593 3312 cum
629 3258 814 3328 cepiis
846 3258 903 3312 in
939 3258 1232 3313 Romanos
1263 3257 1691 3328 expeditionem
1727 3257 2039 3313 facturum.

2236 678 2636 754 πεπλεγμέναις,
2698 681 2903 755 βοείαις
2984 678 3207 755 βύρσαις
3284 677 3485 733 ἄνωθεν
3546 678 3883 753 ἐσκεπασμέο

2236 792 2328 832 νας
2389 771 2481 824 καὶ
2538 768 2775 845 τροχοὺς
2821 768 3051 844 ἐχούσας
3108 768 3208 823 ὑπὸ
3239 769 3331 831 τὰς
3362 774 3467 823 τῶν
3515 770 3885 844 βασταζόντων

2235 859 2432 914 κιόνων
2485 858 2666 934 βάσεις
2718 858 2937 929 (λὲσσας
2993 859 3087 920 τὰς
3145 857 3396 920 τοιαύτας
3453 861 3884 932 κατονομάζουσι

2239 953 2323 1020 [Ρ.
2355 951 2480 1022 781]
2531 950 2828 1025 μηχανὰς),
2894 947 3029 1003 λαοῦ
3090 947 3303 1018 πλήσας
3337 946 3591 1010 δικέλλας
3625 948 3887 1027 φέροντος

2236 1039 2324 1093 καὶ
2395 1038 2663 1099 σκαπάνας
2738 1039 2823 1095 καὶ
2888 1036 3032 1093 ἄλλα
3104 1038 3374 1113 γεωργικά
3448 1034 3670 1113 ὄργανα,
3746 1038 3885 1113 ᾤετο

2236 1127 2371 1180 κατὰ
2426 1127 2619 1200 μικρὸν
2677 1127 2910 1191 ὑπωθεῖν
2965 1128 3058 1187 τάς
3115 1128 3316 1196 σκηνάς
3375 1127 3463 1181 καὶ
3512 1132 3625 1189 τοῖς
3678 1128 3885 1203 τείχεσι

2237 1216 2616 1290 προσαρμόσαι
2666 1215 2757 1270 καί
2789 1215 2961 1280 οὕτως
2994 1214 3306 1291 ὑπορύττειν
3341 1215 3542 1279 ἀνέτως
3590 1217 3679 1271 καὶ
3712 1216 3890 1280 ἀδεῶς

2234 1306 2301 1358 τὰ
2366 1303 2628 1377 θεμέλια,
2703 1304 2990 1367 πιστεύσας
3061 1305 3136 1367 ὡς
3207 1302 3385 1369 οὐδεὶς
3450 1307 3722 1380 προκύψαι
3790 1313 3889 1362 τοῦ

2233 1393 2451 1469 τείχους
2523 1395 3008 1469 συγχωρηθήσεται
3099 1394 3201 1448 ὑπὸ
3269 1399 3367 1448 τοῦ
3447 1392 3697 1465 πλήθους

2241 1483 2415 1556 βελῶν
2450 1503 2461 1514 ·
2516 1483 2604 1537 καὶ
2673 1488 2862 1538 τοῦτο)
2930 1482 3251 1559 ἐφαντάζετο
3299 1483 3389 1537 τὸν
3449 1484 3648 1557 τρόπον
3706 1505 3886 1559 παρα⁹

2237 1566 2502 1641 λήψεσθαι
2560 1571 2657 1639 τὴν
2731 1569 2916 1625 πόλιν.
2995 1572 3179 1626 Ταῦτα
3235 1566 3294 1626 δὲ
3351 1569 3563 1644 βλέπων
3624 1572 3729 1625 ἀπὸ
3786 1577 3888 1628 τοῦ

2232 1657 2450 1732 τείχους
2512 1659 2538 1712 6
2594 1659 2908 1727 Ἀποκάπης
2934 1663 3051 1719 τοῖς
3087 1659 3178 1730 μὲν
3206 1658 3695 1735 τειχοφυλακοῦσιν
3727 1660 3885 1735 ἀτρε-

2238 1752 2356 1819 μεῖν
2404 1747 2491 1801 καὶ
2553 1745 2759 1819 μηδᾶνα
2814 1746 3145 1823 προκύπτειν
3206 1745 3565 1816 διτκελεύετο,
3602 1749 3763 1822 μόνον
3830 1749 3890 1805 δὲ

2234 1832 2419 1898 λίθους
2474 1834 2866 1911 χειροπληθεῖς
2918 1833 3063 1910 ἔχειν
3126 1834 3591 1911 ηὖτρεπισμένους
3636 1839 3725 1892 καὶ
3756 1839 3891 1909 τόξα

2232 1924 2322 1979 καὶ
2381 1922 2526 1978 ἄλλα
2583 1919 2826 1995 ἑκηϐόλα
2880 1921 3118 1999 ὄργανα,
3178 1925 3266 1978 καὶ
3325 1926 3647 1998 προσμένειν
3711 1929 3772 1983 τὸ
3836 1928 3889 1999 ἐξ

2232 2013 2396 2068 αὐτοῦ
2474 2013 2719 2085 σύνθημα
2794 2015 2879 2083 (ἦν
2948 2010 3005 2067 δὲ
3080 2014 3163 2081 τὸ,
3229 2014 3445 2088 Χριστὶ,
3499 2015 3759 2088 βοήθει),
3823 2017 3890 2072 οὗ

2232 2100 2479 2166 δοθέντος
2534 2098 2692 2178 ἔργου
2752 2101 3007 2177 ἔχεσθαι·
3070 2103 3187 2176 εἶχε
3265 2100 3322 2156 δὲ
3377 2104 3503 2178 παρ’
3562 2104 3733 2175 ἑαυτῷ
3792 2108 3887 2160 καὶ

2232 2189 2423 2253 δοκοὺς
2487 2191 2766 2266 μεγίστας,
2801 2192 2938 2245 κατά
2967 2192 3066 2258 τὴν
3114 2192 3264 2265 βάσιν
3320 2191 3510 2261 ὀξείας⁸
3575 2194 3734 2247 Καὶὸ
3788 2196 3888 2265 μὲν

2231 2278 2532 2335 διετάττετο
2600 2277 2725 2351 ὧδε,
2802 2281 2829 2334 ὁ
2889 2277 2945 2334 δὲ
2998 2279 3195 2336 Ἀλκὰν
3251 2284 3359 2334 τῶν
3415 2278 3566 2342 ἐκτὸς
3618 2282 3883 2357 Τούρκων

2228 2367 2544 2446 χαλαζηδὸν
2622 2367 3011 2441 ἐκπεμπόντων
3086 2368 3152 2422 τά
3234 2368 3368 2444 βέλη
3429 2369 3691 2429 καὶτοὺς
3744 2368 3882 2427 εἶ’σω

2226 2458 2451 2535 τείνχους
2490 2457 2807 2512 ἀνακόπτειν
2853 2454 3181 2528 δοκούντων,
3232 2459 3349 2512 κατ’
3409 2456 3596 2533 ὀλίγον
3659 2460 3895 2533 ὑπωθῶν

2224 2550 2319 2609 τας
2379 2546 2575 2609 λέσσας
2632 2544 2961 2622 προσήρειδε
3011 2551 3089 2618 τῷ
3138 2548 3354 2623 τείχει.
3389 2547 3533 2602 Ἑπεῖ
3566 2544 3621 2601 δὲ
3650 2545 3888 2625 ἔφθασαν

2228 2638 2281 2690 αἱ
2342 2636 2536 2706 σκηναὶ
2604 2635 2953 2711 προσεγγίσαι
3003 2637 3089 2689 καὶ
3153 2632 3325 2691 ἐδόκει
3382 2633 3641 2700 ἀδύνατος
3694 2637 3888 2699 αὐταῖς

2228 2725 2357 2780 εἶναι
2391 2728 2424 2795 ἡ
2458 2724 2532 2786 εἷς
2563 2724 2804 2779 τούπίσω
2860 2724 3193 2802 ἀναστροφὴ,
3254 2721 3519 2801 αἰφνίδιον
3559 2729 3654 2779 τοῦ
3709 2728 3883 2781 ’Λποο

2225 2813 2370 2881 κάπη
2446 2815 2506 2869 τὸ
2579 2814 2829 2887 σύνθημα
2903 2811 3088 2874 δόντος
3166 2811 3217 2867 οἳ
3288 2834 3344 2867 τε
3394 2813 3479 2868 ἐπὶ
3533 2818 3637 2868 τῶν
3698 2812 3883 2870 δοκῶν

2222 2904 2541 2979 τεταγμένοι
2600 2902 2697 2964 τὰς
2756 2900 2949 2966 δοκοὺς
3012 2901 3234 2977 ἠφίεσαν
3304 2903 3438 2956 κατὰ
3492 2907 3598 2957 τῶν
3657 2910 3876 2974 σκηνῶν

2224 2992 2312 3047 καὶ
2372 2993 2422 3046 οἱ
2483 2991 2670 3047 λοιποὶ
2717 2992 2893 3061 τόξοις
2947 2991 3039 3045 καὶ
3096 2989 3269 3055 λίθοις
3325 2986 3584 3048 ἔϐαλλον.
3641 2993 3776 3048 Τότε
3812 2992 3884 3063 δὴ

2225 3078 2314 3133 οὗν
2362 3083 2396 3149 ἡ
2454 3082 2544 3134 τὸν
2578 3078 2779 3135 Ἀλκὲιν
2810 3078 3012 3155 ἔχουσα
3044 3080 3217 3149 σκηνὴ
3252 3078 3492 3143 πολλαῖς
3519 3088 3887 3157 περιπαρεῖσα

2221 3168 2357 3223 κατὰ
2411 3169 2510 3237 τήν
2567 3169 2754 3244 στέγην
2826 3165 3009 3229 δοκοῖς
3061 3169 3327 3244 ἀνετράπη
3391 3169 3491 3222 ὕπὸ
3519 3169 3614 3222 τοῦ
3668 3169 3877 3244 βάρους

3000 3256 3067 3325 ἦς
3127 3256 3560 3330 περιτραπείσης
3617 3258 3666 3311 οἳ
3730 3255 3894 3314 ἓνδον

3778 1400 3888 1450 τῶν

2221 3258 2426 3312 τούτων
2504 3262 2889 3333 περιτραπεῖσα
2910 3275 2922 3287 ·

456 3346 661 3414 ταύτης
694 3347 1178 3420 ἀπογυμνωθέντες
1212 3340 1511 3399 ἐϐάλλοντο
1540 3344 1799 3408 πάντοθεν
1830 3341 2007 3406 λίθοις
2036 3345 2123 3399 καὶ
2153 3346 2356 3416 τόξοις,
2391 3344 2625 3419 μηδεδὸς
2658 3346 2923 3419 έπαμῦναι
2956 3344 3169 3407 τούτοις
3204 3344 3522 3420 ἷσχύοντος.
3575 3348 3672 3399 Καὶ
3700 3348 3751 3400 οἱ
3788 3350 3889 3419 μὲν

456 3431 621 3487 ἄλλοι
653 3435 846 3494 πάντες
878 3428 1065 3488 ἔπεσον
1096 3433 1301 3502 ἑλεῖση,
1337 3431 1549 3509 ὶλήφθη
1586 3430 1641 3486 δὲ
1673 3434 1701 3487 6
1732 3431 1925 3489 Ἀλκὰν
1963 3432 2216 3508 ζωγρίας,
2251 3436 2525 3508 γνώριμος
2560 3436 2662 3489 ἀπὸ
2686 3437 2783 3503 τῆς
2814 3433 3202 3509 λαμπρότητος
3229 3439 3334 3489 τῶν
3369 3432 3557 3488 ὅπλων
3594 3435 3886 3511 ὑπάρχων⁸

457 3517 552 3575 δύο
585 3531 688 3597 γάρ
720 3543 857 3584 τινες
889 3522 1049 3578 καλοὶ
1080 3522 1302 3596 κάγαθοὶ
1339 3522 1542 3576 νεανίαι
1571 3520 2021 3597 προπηδήσαντες
2048 3528 2157 3578 τῶν
2188 3522 2377 3578 πυλῶν
2410 3531 2508 3594 τῆς
2538 3523 2754 3599 πόλεως
2775 3524 2863 3578 καὶ
2896 3528 3001 3578 τῶν
3036 3528 3262 3598 τριχῶν
3314 3523 3511 3578 τούτου
3548 3520 3887 3598 δραξάμενοι

454 3608 704 3683 σύροντες
736 3610 1017 3687 εἰσήγαγον
1049 3611 1124 3674 εἷς
1158 3613 1253 3681 τὴν
1288 3610 1473 3681 πόλιν,
1508 3611 1605 3665 Καὶ
1634 3609 1828 3665 τούτου
1855 3612 1948 3684 μὶν
1976 3612 2132 3674 εὐθὺς
2162 3614 2260 3682 τήν
2286 3613 2526 3691 κεφαλὴν
2555 3613 2845 3685 ἀποτεμὼν
2880 3612 2908 3665 6
2939 3611 3226 3674 Βασίλειος
3260 3612 3524 3681 ἀκοντίζει
3557 3618 3673 3673 τοῖς
3702 3614 3877 3687 Τούρ-

452 3721 591 3768 κοις,
627 3703 655 3757 6
688 3699 745 3756 δὲ
776 3700 1070 3765 σουλτάνος
1120 3702 1492 3777 περιαλγήσας
1538 3703 1617 3773 τῷ
1659 3704 1815 3765 πάθει
1867 3700 1983 3757 λύει
2032 3705 2130 3772 τὴν
2176 3702 2497 3775 πολιορκίαν
2546 3706 2636 3758 καὶ
2681 3704 3049 3777 ἀναζεύγνυσι,
3076 3701 3423 3775 πλασάμενος
3450 3702 3713 3777 ἀναγκαῖά
3742 3724 3872 3759 τινα

450 3795 741 3868 πράγματα
769 3793 1100 3868 κατεπείγειν
1148 3793 1309 3847 αὐτὸν
1350 3788 1535 3847 οἴκαδε
1582 3791 1954 3869 ὑποστρέφειν,
2005 3791 2244 3846 ἀπειλῶν
2298 3793 2373 3855 εἷς
2422 3794 2643 3849 τούπιὸν
2687 3789 2781 3870 ἕαρ
2818 3794 2951 3867 μετά
2984 3792 3238 3865 μείζονος
3267 3793 3403 3847 κακά
3432 3798 3538 3848 τῶν
3575 3794 3865 3867 Ῥωμαίων

448 3881 855 3957 ἐπιπρατεῦσαι
888 3880 1193 3954 δυνάμεως.

518 4012 643 4072 Qua
672 4009 740 4063 de
773 4024 830 4063 re
860 4007 1177 4078 imperator
1206 4005 1699 4075 sollicitus,simul
1733 4010 1786 4061 et
1816 4006 2101 4077 deAples-

2282 4006 2411 4082 Περὶ
2469 4006 2537 4075 ἧς
2595 4006 2889 4084 φροντίζων
2946 4008 2974 4061 6
3024 4008 3377 4081 Μονομάχος,
3420 4001 3502 4059 ἔτι
3559 4003 3615 4059 δὲ
3644 4006 3733 4060 καὶ
3766 4008 3862 4061 τὸν

446 4096 646 4167 phare,
676 4096 777 4166 qui
801 4095 1011 4151 violato
1039 4096 1194 4166 quod
1219 4110 1351 4148 cum
1378 4094 1758 4150 Constantino
1798 4094 2095 4166 pepigerat

2231 4095 2598 4173 Απλησφάρην
2678 4096 2768 4149 τὸν
2833 4100 2930 4151 τοῦ
3002 4090 3200 4152 Τιϐίου
3284 4096 3527 4170 ἄρχοντα
3602 4095 3699 4156 τὰς
3769 4095 3863 4150 ἐπὶ

446 4184 659 4239 madere
692 4185 1010 4239 Romanam
1063 4184 1342 4238 ditionem
1386 4183 1724 4250 infestabat,
1757 4182 2093 4240 ulciscendo

2231 4184 2611 4239 [ωνσταντίνου
2668 4181 2899 4245 σπονδὰς
2956 4180 3286 4238 διαλύσαντα
3332 4184 3419 4238 καὶ
3454 4184 3521 4237 τὰ
3572 4187 3682 4237 τῶν
3711 4184 3862 4238 Ῥω-

446 4273 734 4344 cogitans,
796 4290 999 4328 omnes
1056 4272 1112 4326 in
1178 4287 1361 4325 unum
1419 4271 1712 4349 contrahit
1770 4271 2094 4328 Orientales

2231 4271 2383 4326 ιαίων
2456 4276 2723 4327 κακοῦντα
2791 4272 3160 4345 ἀμυνόμενος,
3249 4271 3309 4325 τὸ
3388 4273 3530 4342 Ἑῷα
3603 4270 3865 4345 τάγματα

443 4364 664 4433 copias,
697 4363 887 4433 iisque
924 4362 1161 4435 praeﬁcit
1188 4360 1577 4431 Nicephorum
1622 4361 1937 4432 quemdam
1988 4377 2091 4416 en-

2231 4362 2377 4415 ιάντα
2476 4360 2730 4437 ἀθροίσας
2809 4361 2899 4414 καὶ
2996 4361 3347 4436 ἡγεμονεύειν
3431 4359 3590 4429 τάξας
3673 4360 3861 4415 αὑτῶν

443 4451 725 4517 nuehum,
759 4451 857 4523 qui
889 4450 1207 4522 aliquando
1258 4449 1532 4503 sacerdos
1583 4448 1963 4505 Monomacho
1998 4452 2094 4505 ad-

2231 4449 2511 4526 ἷικηφόρον
2588 4448 2710 4503 τινὰ
2785 4448 3072 4523 εὐνοῦχον,
3150 4447 3295 4523 ἱερέα
3360 4447 3456 4519 μὲν
3513 4448 3865 4523 τυγχάνοντα

440 4539 557 4595 huc
606 4541 830 4612 privato
888 4541 1234 4595 inservierat
1284 4543 1339 4593 et
1397 4537 1727 4609 splendoris
1781 4556 1846 4593 ae
1898 4539 2093 4610 gloriae

2231 4537 2462 4613 πρότερον
2521 4537 2609 4592 καὶ
2665 4542 2744 4611 τῷ
2804 4537 3021 4611 βασιλεῖ
3066 4537 3433 4611 ὑπηρετοῦντα
3494 4533 3856 4604 ἷδιωτεύοντι,

440 4629 696 4701 profanae
719 4630 916 4685 studio
940 4628 1334 4683 sacerdotium
1373 4626 1721 4697 ejuraverat.
1755 4627 1920 4682 Hunc
1955 4646 2093 4699 ergo

2240 4628 2293 4680 ιὰ
2342 4628 2612 4700 κοσμικὴν
2676 4626 2731 4683 δὲ
2760 4626 3101 4704 περιφάνειαν
3150 4627 3241 4681 καὶ
3292 4624 3445 4698 δόξαν
3496 4626 3861 4697 ἀπωσάμενον

440 4718 685 4773 rectoris
718 4718 886 4772 titulo
915 4718 1254 4772 decoratum
1291 4720 1347 4770 et
1385 4720 1711 4769 castrorum
1750 4716 2002 4786 prefecti
2035 4718 2090 4771 in

2233 4717 2298 4785 ἢν
2359 4716 2680 4792 ἱερωσύνην,
2741 4715 3014 4792 ῥαίκτωρα
3065 4721 3255 4771 τοῦτον
3305 4718 3543 4787 τιμήσας
3571 4713 3659 4769 καὶ
3700 4735 3867 4790 utpa-

441 4807 736 4863 Orientem
763 4807 966 4876 mittit,
999 4824 1112 4860 non
1146 4805 1297 4876 quod
1334 4804 1384 4859 is
1418 4804 1590 4858 homo
1622 4809 1904 4859 strenuus
1936 4812 2093 4861 esset

2234 4802 2546 4879 οπεδάρχην
2604 4805 2877 4877 ὀνομάσας
2938 4804 3013 4866 εἷς
3068 4806 3166 4873 τὴν
3225 4804 3400 4875 Ἐῴαν
3434 4801 3722 4874 ἐκπέμπει,
3760 4803 3867 4858 οὐκ

439 4901 542 4952 aut
564 4896 773 4952 bellica
804 4913 861 4951 re
897 4895 1246 4960 industrius,
1282 4894 1380 4950 sed
1415 4893 1554 4965 quia
1600 4893 1935 4963 imperatori
1969 4900 2093 4950 erat

2231 4892 2385 4963 πειδή
2466 4891 2790 4968 δραστήριος
2864 4894 2929 4962 ἦν
2978 4895 3091 4947 ’καὶ
3151 4892 3363 4967 ἐνεργὸς
3430 4891 3498 4946 τὰ
3554 4890 3864 4962 πολεμικὰ,

438 4984 652 5041 ﬁdelis.
688 4987 741 5041 Is
760 4986 1119 5057 Nicephorus
1139 5000 1272 5039 cum
1294 4982 1547 5038 exercitu
1570 4997 1754 5051 usque
1784 4983 1852 5037 ad
1888 4988 2092 5052 pontes

2238 4980 2327 5038 λλ²
2383 4980 2569 5049 ἐπειδὴ
2627 4979 2832 5036 εὔνοιαν
2885 4980 3063 5056 ἐτήρει
3096 4986 3174 5054 τῷ
3219 4978 3452 5055 βασιλεῖ.
3490 4981 3662 5041 Οὗτος
3693 4978 3858 5034 ἀνελ-

436 5077 675 5131 Ferreos
697 5075 827 5147 (loci
853 5075 961 5130 hoc
986 5074 1219 5145 nomen)
1244 5077 1300 5129 et
1345 5070 1715 5127 Cantzacium
1745 5087 2089 5143 progressus

2235 5072 2307 5125 ὼν
2368 5073 2501 5145 μετὰ
2550 5075 2647 5126 τοῦ
2705 5075 2933 5145 στρατοῦ
2964 5068 3096 5146 ἄχρι
3124 5076 3223 5139 τῆς
3254 5072 3334 5143 [Ρ.
3361 5071 3491 5143 782]
3542 5067 3861 5144 λεγομένης

438 5163 498 5217 in
532 5164 756 5219 Turcos
790 5164 1025 5234 quidem
1060 5180 1169 5218 non
1205 5160 1414 5216 incidit
1446 5178 1458 5215 :
1490 5160 1547 5214 hi
1574 5159 1729 5213 enim
1766 5158 1823 5213 in
1850 5158 2090 5231 planitie

2231 5158 2441 5231 ἒιδῆρας
2488 5160 2720 5237 γεφύρας
2768 5160 2857 5215 καὶ
2902 5164 2997 5214 τοῦ
3043 5156 3377 5229 Καντζακίου
3435 5158 3699 5231 Τούρκοις
3756 5160 3858 5229 μὲν

439 5252 851 5308 Persarmenize
874 5259 1063 5307 castra
1108 5251 1334 5313 metati,
1371 5251 1517 5305 duee
1540 5247 1919 5304 Abimelecho
1951 5251 2086 5304 Cut-

2232 5250 2298 5304 ύκ
2340 5248 2587 5323 ἐνέτυχεν
2646 5247 2726 5317 (ἐν
2756 5253 2824 5321 τῇ
2883 5245 3096 5302 πεδιάδι
3157 5250 3259 5323 γάρ
3317 5255 3415 5316 τῆς
3449 5246 3862 5321 Περσαρμενίας

437 5339 656 5395 lumusi
692 5341 888 5405 fratre,
923 5356 1057 5396 cum
1091 5341 1161 5395 de
1194 5341 1590 5394 Romanorum
1643 5337 1827 5408 gravi.
1852 5338 2085 5407 expedi-

2233 5336 2707 5413 τρατοπεδεύοντες
2770 5339 2903 5410 μετά
2962 5332 3268 5411 ’Λϐιμὲλεχ
3314 5337 3463 5397 τινὸς
3516 5338 3856 5408 στρατηγοῦ,

438 5386 656 5395 .---...ν.
694 5386 888 5405 ..υηη
924 5386 1057 5396 η.--
1093 5386 1160 5395 νη
1194 5386 1590 5394 --ω----μνη
1643 5386 1801 5408 σαν-
1856 5386 2055 5407 Mr"-

436 5432 593 5485 tione
628 5434 903 5487 nuntium
939 5432 1445 5503 accepissent,non
1480 5429 1608 5483 ausi
1640 5446 1841 5483 eorum
1872 5432 2089 5484 adven-

2242 5386 2706 5413 ‘F""""“""‘
2770 5386 2903 5410 t'""‘
2979 5386 3268 5411 "“|"""I.
3327 5386 3461 5397 ""‘
3525 5386 3599 5408 "i'
3638 5386 3671 5388 "
3707 5386 3787 5407 ll’
3843 5386 3856 5399 ν

2231 5425 2437 5501 δελφοῦ
2496 5432 2596 5481 τοῦ
2656 5425 3072 5497 Κουτλουμοῦς,
3112 5426 3201 5479 καὶ
3262 5425 3557 5497 πυθόμενοι
3614 5424 3713 5490 τὴν
3746 5428 3860 5476 τῶν

437 5525 561 5574 tum
588 5527 923 5592 exspectare
950 5523 1187 5577 domum
1214 5521 1497 5575 abierant.
1520 5517 1870 5588 Aplespbare
1892 5524 2087 5573 autem

2231 5516 2477 5587 )ιι›μαίων
2523 5517 2742 5591 βαρεῖαν
2790 5512 3007 5592 ἕιροδον,
3059 5518 3133 5586 μὴ
3169 5515 3378 5589 στέρξαι
3415 5515 3517 5581 τὴν
3569 5510 3856 5565 ἐπέλευσιν

437 5608 595 5663 intra
623 5625 821 5663 muros
856 5610 1160 5681 compulso
1189 5609 1460 5665 viciniam
1513 5606 1926 5677 dep0pulatur,
1960 5608 2085 5662 adi-

2231 5605 2572 5678 ολμήσαντες
2629 5603 2989 5672 ὑπεοόστγβαν
3046 5600 3290 5676 οἴκαδε),
3350 5604 3378 5657 6
3438 5600 3494 5657 δὲ
3542 5600 3859 5673 Ῥωμαϊκὸς

436 5701 641 5769 gitque
672 5715 805 5754 eum
870 5703 931 5753 ut
989 5699 1071 5754 vel
1126 5698 1344 5752 invitus
1396 5696 1584 5749 foedus
1636 5702 1891 5764 renovet,
1933 5698 2087 5753 59.!

2232 5716 2424 5769 τρατος
2469 5695 2559 5748 τὸν
2594 5692 2987 5767 Ἀπλησφάρῃν
3020 5691 3145 5748 εἷ’σω
3184 5697 3283 5747 τοῦ
3331 5691 3551 5767 τείχους
3594 5688 3865 5764 συγκλεί-

434 5787 823 5863 obsidemque
854 5790 948 5843 det
978 5792 1312 5858 Artasyram
1342 5784 1530 5840 ﬁlium
1566 5782 1856 5839 Phatlumi
1891 5785 2087 5841 fratris

2234 5804 2402 5851 αντες,
2454 5783 2544 5837 καὶ
2582 5784 2682 5853 τήν
2729 5783 3041 5858 περίχωρον
3092 5788 3264 5837 πᾶσαν
3314 5780 3658 5855 ληϊσάμενοι,
3715 5777 3867 5833 ἒπει-
