4070 6334
183 460 302 518 325

1318 457 1859 519 HISTORIABUM
1904 458 2452 521 companmuu.

3470 458 3591 520 326

182 610 273 645 σιν
326 590 418 645 καὶ
472 587 673 645 ἄκοντα
729 589 1128 654 ἀνανεώσασθαι
1177 588 1274 653 τὰς
1301 584 1534 649 σπονδὰς
1563 586 1654 642 καὶ
1687 586 1828 661 δμη-

1956 590 2059 658 aui,
2092 593 2460 647 Cantzacenaa
2493 593 2750 667 regionis
2783 592 3090 665 principis.
3113 592 3255 649 Cum
3290 591 3397 649 hoc
3423 590 3590 647 Nice-

183 699 271 754 ρον
308 676 491 734 δοῦναι
521 678 851 753 Ἀρτασύραν
879 680 971 733 τὸν
998 678 1113 733 υἱὸν
1163 676 1437 751 Φατλοὺμ
1476 680 1575 731 τοῦ
1625 675 1831 731 οἰκείου

184 766 424 845 ἀδελφοῦ
478 772 577 823 τοῦ
633 774 733 837 τῆς
787 772 1181 836 Καντζακηνῶν
1256 766 1631 841 κατάρχοντος
1684 770 1830 839 γῆς’

184 859 241 912 ὃν
271 857 522 934 εἷληφὼς
555 858 584 912 ὁ
614 856 928 935 Νικηφόρος
958 855 1195 911 ἐπάνεισι
1227 854 1365 925 πρὸς
1389 855 1489 923 τὴν
1522 852 1709 909 πόλιν.

254 982 325 1039 Οἱ
354 979 684 1050 Πατζινάκαι
730 976 788 1034 δὶ
833 979 924 1034 τὸν
974 981 1173 1051 Αἶμον,
1210 978 1285 1040 ὡς
1340 976 1588 1051 εἷ’πομεν,
1622 971 1838 1032 διαϐάν-

186 1096 296 1141 τες,
345 1073 434 1127 καὶ
490 1073 591 1140 τὴν
644 1070 837 1144 μεταξὺ
878 1068 1075 1125 τούτου
1123 1068 1213 1123 καὶ
1270 1072 1367 1123 τοῦ
1411 1068 1625 1142 Ἴστρου
1680 1088 1838 1123 κατα-

192 1163 560 1231 σιοπήσαντες
589 1157 819 1215 πεδιάδα
846 1159 946 1228 τὴν
980 1156 1272 1229 διήκουσαν
1328 1155 1494 1233 μέχρι
1541 1155 1835 1228 Θαλάσσης,

190 1251 276 1305 καὶ
334 1251 502 1305 τόπον
562 1247 808 1324 εὑρόντες
863 1246 1031 1310 νάπας
1094 1246 1185 1300 καὶ
1262 1242 1404 1316 ἄλση
1475 1239 1675 1321 ἔχοντα
1748 1245 1835 1300 καὶ

195 1338 417 1415 λόχμας
472 1334 818 1400 παντοδαπὰς
872 1335 963 1390 καὶ
1020 1332 1167 1411 ὕδωρ
1228 1334 1318 1389 καὶ
1372 1334 1543 1407 νομάς
1596 1333 1837 1406 (Ἑκατὸν

197 1427 424 1503 β’)υνοὺς
450 1426 544 1481 τὸν
571 1424 739 1480 τόπον
788 1423 1146 1498 ὀνομάζουσιν
1208 1423 1262 1477 οἱ
1320 1421 1633 1498 ἐγχώριοι),
1668 1420 1841 1476 ἐκεῖσε

196 1513 656 1592 ἐγκαθιδρύονται,
678 1512 769 1568 καὶ
810 1510 1083 1589 ἐκδρομὰς
1113 1511 1340 1576 αὐτόθεν
1398 1510 1723 1584 ποιούμενοι
1777 1510 1839 1565 οὐ

198 1606 363 1680 μικρᾶ
417 1606 519 1673 τήν
571 1604 672 1658 ὑπὸ
702 1601 1010 1675 Ῥωμαίους
1063 1599 1316 1659 ἐλύπουν,
1350 1601 1411 1657 Ὁ
1466 1597 1524 1654 δὲ
1585 1596 1839 1675 βασιλεὺς

199 1696 604 1770 μεταπέμπεται
658 1692 750 1748 τὸν
809 1689 1040 1766 Κεγένην
1100 1689 1189 1745 ἰπὶ
1261 1683 1551 1763 συμϐουλῇ
1612 1688 1685 1751 εἰς
1741 1689 1840 1758 τήν

199 1781 483 1860 βασιλίδα·
534 1782 626 1837 καὶ
680 1781 755 1843 ὡς
812 1778 1028 1835 εἷ’σεισιν
1089 1778 1244 1843 εὐθὺς
1306 1779 1442 1851 μετὰ
1496 1777 1696 1840 παντὸς
1746 1779 1843 1832 τοῦ

198 1873 397 1929 οἰκείου
454 1874 705 1946 στρατοῦ,
732 1870 825 1925 καὶ
887 1873 1224 1939 κατασκηνοῖ
1280 1868 1417 1922 κατὰ
1472 1868 1570 1936 τήν
1630 1867 1842 1942 ἀφωρι-

1944 678 2165 751 phorus
2194 679 2253 735 in
2286 682 2493 737 urbem
2534 682 2727 739 rediit.

2015 981 2335 1037 Patzinacaa
2387 987 2583 1038 autem
2635 982 2858 1050 Haemo,
2893 987 2956 1038 ut
3002 981 3391 1049 ostendimus,
3422 999 3597 1055 supe-

1947 1077 2095 1137 rato,
2132 1070 2432 1142 planitiem
2455 1072 2754 1144 quaeinter
2781 1071 2936 1127 hunc
2969 1078 3026 1127 et
3060 1073 3268 1127 Istrum
3295 1071 3601 1143 interjacet

1948 1160 2017 1215 ad
2054 1176 2211 1215 mare
2243 1176 2430 1231 usque
2455 1166 2723 1232 porrecta
2752 1160 3205 1233 speculati,cum
3239 1160 3603 1216 invenissent

1947 1247 2142 1304 locum
2174 1248 2251 1303 ibi
2285 1250 2472 1305 saltus
2503 1255 2555 1305 et
2603 1248 2767 1305 lucos
2797 1250 3107 1322 omnisque
3148 1249 3381 1321 generis
3422 1249 3602 1305 silvas

1948 1343 2005 1393 et
2034 1354 2248 1409 aquam
2281 1354 2346 1394 ac
2369 1354 2589 1410 pascua
2618 1338 2933 1394 habentem
2966 1337 3189 1406 (incola:
3229 1337 3421 1394 locum
3453 1338 3602 1393 Cen-

1949 1430 2074 1481 tum
2127 1425 2306 1482 colles
2337 1426 2759 1499 appellabant),
2790 1426 2847 1481 in
2880 1443 2946 1482 eo
2985 1427 3396 1492 consederunt,
3427 1435 3601 1499 atque

1949 1513 2085 1569 inde
2110 1514 2279 1569 factis
2299 1515 2745 1571 excursionibus
2771 1515 3036 1571 subditos
3064 1516 3459 1570 Romanorum
3485 1532 3600 1571 non

1950 1603 2152 1659 leviter
2182 1609 2484 1659 vexarunt.
2517 1604 2665 1677 Ergo
2698 1604 2956 1677 Kegenes
3005 1602 3375 1660 consultandi
3425 1621 3606 1660 causa

1953 1692 2024 1747 ab
2058 1691 2408 1762 imperatore
2455 1698 2729 1748 evocatus
2761 1709 2893 1748 cum
2937 1693 3214 1757 omnibus
3261 1692 3389 1748 suis
3419 1693 3605 1765 copiis

1953 1780 2024 1835 ad
2058 1780 2263 1835 urbem
2296 1780 2539 1849 accedit,
2563 1785 2621 1836 et
2650 1786 2846 1837 castra
2890 1781 3027 1836 facit
3066 1782 3124 1837 in
3148 1798 3356 1853 campo
3390 1780 3605 1854 Byzan-

1953 1869 2053 1924 tiis
2085 1869 2413 1942 designato,
2442 1869 2535 1924 cui
2568 1869 2690 1925 loco
2722 1870 2929 1925 Maitas
2960 1886 3170 1925 nomen
3190 1875 3299 1925 est.
3332 1870 3603 1926 Nondum

198 1961 397 2036 σμὲνην
457 1956 688 2016 πεδιάδα
743 1957 1054 2028 Βυζαντίοις
1116 1955 1195 2020 εἲς
1268 1953 1455 2011 πεδίαν
1520 1953 1757 2025 (Μαίτας
1816 1955 1844 2008 ὁ

1957 1962 2154 2013 autem
2185 1974 2314 2014 cum
2350 1959 2704 2031 imperatore
2733 1974 3299 2031 cougressus,neque
3321 1975 3426 2014 cur
3453 1963 3609 2014 esset

198 2051 362 2113 τόπος
391 2049 843 2122 κατονομάζεται)
876 2045 968 2102 σὺν
1019 2048 1212 2101 ἅπαντι
1251 2049 1333 2118 τῷ
1391 2048 1624 2119 στρατῷ.
1659 2044 1848 2114 Μήπω

204 2138 254 2195 Et
283 2139 529 2215 ἐντυχὼν
573 2142 655 2210 τῷ
700 2135 937 2212 βασιλεῖ,
972 2132 1102 2209 μηδ’
1133 2136 1261 2190 ὅτου
1314 2131 1625 2208 μετεκλήθη
1686 2132 1848 2208 χάριν

208 2230 410 2301 μαθὼν,
440 2221 852 2282 ἐπιϐουλεύεται
884 2223 1053 2299 ταύτῃ
1084 2228 1153 2298 τῇ
1181 2224 1329 2278 νυκτὶ
1368 2222 1472 2278 ὑπὸ
1505 2219 1851 2290 Πατζινάκων

203 2323 362 2393 τριῶν
399 2317 535 2390 μετᾶ
562 2318 728 2393 ξιφῶν
760 2312 1098 2387 ἐπελθόντων
1158 2313 1497 2386 κοιμωμένῳ
1552 2310 1643 2365 καὶ
1700 2307 1847 2379 πλη-

204 2408 295 2482 γάς
346 2404 746 2480 ἒπενεγκόντων
811 2401 980 2475 αὐτῷ,
1033 2402 1108 2475 μή
1174 2402 1359 2475 μέντοι
1415 2399 1648 2475 καιρίας·
1700 2419 1849 2473 γνω-

208 2496 413 2560 σθὲντες
435 2495 537 2569 γὰρ
569 2491 723 2557 εὐθὺς
777 2491 882 2546 ὑπὸ
938 2495 1047 2545 τῶν
1090 2487 1704 2567 σωματοφυλακούντων
1755 2488 1849 2549 τάς

203 2605 257 2640 τε
312 2583 536 2659 πληγὰς
613 2581 847 2642 ἀσθενεῖς
923 2579 1257 2657 ὶπιιρὲρουσι,
1314 2577 1405 2632 καὶ
1470 2577 1606 2648 πρὸς
1674 2576 1846 2655 φυγὴν

207 2675 535 2748 ὁρμήσαντες
573 2667 1063 2747 βοηδρομήσαντος
1101 2672 1199 2722 τοῦ
1229 2664 1478 2737 πλήθους
1512 2665 1646 2739 μετὰ
1698 2661 1848 2721 Βαλ-

204 2763 332 2837 τζάρ
389 2762 512 2816 υἱοῦ
567 2763 664 2814 τοῦ
722 2757 986 2833 Κεγὲνους
1043 2753 1380 2812 ἁλίσκονται.
1414 2755 1616 2812 Ἔωθεν
1669 2751 1760 2808 οῦν
1820 2753 1847 2807 ὁ

209 2851 453 2926 Βαλτζάρ
482 2848 564 2918 ἐφ’
596 2846 807 2921 ἁμάξης
855 2840 1225 2920 τετρατρόχου
1277 2843 1368 2898 τὸν
1428 2844 1618 2898 ἑαυτοῦ
1648 2841 1850 2916 πατέρα

208 2942 339 3009 θεὶς,
370 2936 619 2999 καὶτοὺς
669 2930 1153 2995 ἐπιϐουλεύσαντας
1204 2927 1421 2996 ὄπισθεν
1477 2938 1577 3001 τῆς
1637 2931 1847 3003 ἀμάξης

206 3028 380 3085 ἕλκων
410 3022 823 3097 πεπεδημένοικς
856 3019 1032 3097 (ούδὶν
1078 3021 1179 3097 γὰρ
1230 3019 1308 3091 είς
1362 3018 1557 3081 αὐτοὺς
1618 3015 1850 3093 διαπρά-

209 3119 387 3188 ξασθαι
418 3114 591 3171 πλέον
633 3110 933 3185 ἐτόλμησεν
984 3105 1395 3183 ἐπιϐοωμένους
1440 3108 1532 3162 τὸν
1580 3104 1848 3182 βασιλέα),

212 3208 324 3279 ἅμα
353 3203 515 3261 παντὶ
547 3202 766 3282 ἐφίππῳ
814 3205 894 3274 τῷ
942 3203 1177 3276 στρατῷ,
1207 3198 1370 3259 αὐτὸς
1426 3197 1586 3266 πεζὸς
1633 3194 1724 3250 σὺν
1773 3199 1851 3267 τῷ

1960 2052 2203 2102 vocatus
2220 2047 2433 2114 sciens,
2452 2046 2561 2102 hac
2577 2047 2704 2118 ipsa
2722 2052 2891 2102 nocte
2908 2046 3142 2101 insidiis
3164 2045 3606 2102 Patzinacarum

1960 2134 2139 2189 trium
2176 2136 2414 2206 petitur,
2446 2134 2544 2206 qui
2586 2134 2806 2190 strictis
2854 2135 3095 2190 ensibus
3145 2132 3437 2191 irruentes
3481 2136 3610 2190 dor-

1962 2223 2163 2279 mienti
2196 2222 2437 2279 vulnera
2467 2223 2919 2294 imponunt,non
2960 2227 3157 2278 tamen
3186 2221 3602 2279 letbalia.Nam

1960 2329 1994 2367 a
2024 2311 2373 2368 satellitibus
2401 2314 2600 2368 statim
2633 2312 2849 2384 cogniti
2882 2312 3035 2367 ictus
3086 2310 3486 2383 languidiores
3514 2311 3605 2367 in-

1960 2399 2191 2457 ferunt:
2226 2405 2282 2455 et
2311 2400 2458 2473 fugis
2498 2418 2561 2457 se
2611 2401 2816 2456 dantes
2866 2404 3206 2456 accurrente
3254 2398 3606 2472 opitulatum

1960 2488 2338 2545 multitudine
2368 2506 2502 2545 cum
2536 2489 2772 2545 Balzaro
2819 2490 3067 2562 Kegenis
3103 2488 3220 2544 ﬁlio
3273 2489 3608 2562 capiuntur.

1959 2578 2127 2633 Mane
2156 2578 2382 2633 Baltzar
2403 2579 2601 2634 currui
2633 2585 2885 2651 quatuor
2904 2578 3144 2635 habenti
3181 2582 3339 2634 rotas
3360 2578 3612 2650 imponit

1960 2674 2208 2741 patrem,
2260 2673 2315 2724 et
2361 2684 2740 2739 percussores
2789 2674 2922 2741 post
2973 2685 3105 2723 eum
3157 2668 3382 2724 vinctos
3428 2668 3611 2725 trahit

1960 2755 2130 2828 (nihil
2161 2759 2317 2812 enim
2348 2757 2607 2830 amplius
2635 2763 2894 2813 statuere
2922 2758 2993 2813 de
3022 2758 3107 2813 eis
3148 2758 3420 2825 audebat,
3453 2759 3607 2830 quod

1960 2846 2367 2916 imperatorem
2397 2846 2839 2919 appellassent),
2865 2851 2922 2902 et
2950 2847 3110 2902 omni
3143 2864 3248 2902 suo
3281 2863 3413 2902 eum
3444 2864 3608 2904 exer-

1960 2935 2076 2991 citu
2109 2936 2364 3007 equestri
2406 2937 2582 3009 pedes
2630 2936 2779 2994 595
2816 2936 2941 3007 ipse
2985 2952 3119 2992 cum
3170 2936 3347 2991 fratre
3396 2936 3610 2993 Gulino

1960 3025 2519 3080 currumaduobus
2579 3029 2831 3101 tractum
2882 3023 3050 3097 equis
3100 3041 3352 3096 sequens
3401 3025 3603 3082 urbem

1962 3113 2144 3169 intrat
2171 3130 2185 3180 ;
2218 3130 2472 3185 cumque
2503 3114 2576 3169 ad
2610 3113 2840 3168 Circum
2874 3112 3498 3184 pervenisset,currum
3529 3114 3609 3168 ibi

1961 3200 2178 3255 sistens
2208 3202 2279 3256 ad
2330 3201 2741 3274 imperatorem
2802 3219 2861 3257 se
2903 3201 3145 3268 confert,
3178 3219 3290 3271 quo
3311 3202 3438 3274 jam
3471 3207 3607 3258 ante

206 3293 424 3373 ἀδελφῷ
455 3291 699 3365 ΓουΛίνῳ
732 3288 995 3363 ἑπόμενος
1022 3291 1091 3362 τῇ
1124 3286 1300 3361 ἀμάξῃ
1331 3286 1435 3341 ὑπὸ
1485 3282 1633 3340 δυοῖν
1692 3283 1844 3340 ἑλκο-

254 3385 264 3399 .
365 3382 391 3399 ..
604 3377 627 3399 ν
908 3378 947 3399 ,t
1038 3377 1087 3399 κς
1177 3375 1402 3399 οηνπιη
1457 3374 1559 3399 πρε
1612 3373 1744 3399 una
1786 3374 1841 3399 ,ι

1963 3289 2119 3344 fama
2143 3296 2520 3359 praecurrerat
2552 3289 2814 3361 ipsisque
2861 3290 3084 3345 aditum
3111 3291 3339 3346 fecerat.
3366 3290 3604 3346 Admis-

1966 3394 2091 3399 ---μ
2152 3378 2467 3399 ξΑΑ--..-ι-..
2515 3384 2885 3399 -μηΔ-..ιΑι---
2922 3395 3017 3399 Αμ-
3070 3396 3173 3399 ___,_
3212 3377 3364 3399 2113.Δ
3421 3380 3599 3399 __A,!_

210 3385 339 3459 μένῃ
365 3382 578 3449 ἵππων,
602 3377 820 3457 ἔρχεται
850 3378 987 3454 πρὸς
1033 3377 1126 3431 τὸν
1177 3375 1422 3452 βασιλέα.
1456 3374 1561 3431 Καὶ
1612 3373 1746 3428 κατὰ
1785 3374 1846 3428 τὸ

206 3470 573 3547 ἱπποδρόμιον
626 3467 915 3544 γενόμενος
970 3465 1172 3535 ταύτην
1236 3465 1329 3538 μὶν
1384 3461 1600 3534 ’ίστησιν
1652 3460 1846 3535 ἐκεῖσε,

205 3561 364 3623 αύτὸς
406 3557 465 3615 δὲ
495 3556 682 3613 εἴσεισι
712 3557 849 3632 πρὸς
887 3554 981 3610 τὸν
1034 3550 1284 3630 βασιλέα,
1312 3556 1413 3617 τῆς
1462 3550 1653 3627 φήμης
1709 3570 1846 3625 προ-

208 3648 519 3725 δραμούσης
565 3647 653 3701 καὶ
703 3641 1220 3719 προοδοποιησάσης
1265 3641 1415 3713 αὐτῷ
1451 3642 1550 3709 τὴν
1610 3635 1845 3695 εἷ’σαδον.

204 3740 296 3796 ’ον
328 3735 643 3813 εἷσαχθὲντα
673 3734 700 3789 ὁ
735 3730 985 3810 βασιλεὺς
1038 3730 1267 3805 ἆπήρετο
1317 3726 1407 3783 διὰ
1453 3727 1506 3783 τί
1558 3728 1635 3802 μὴ
1695 3727 1849 3792 εὐθὺς

204 3828 448 3903 τιμωρὸς
510 3824 717 3901 ἐγένετο
771 3826 875 3877 τῶν
934 3825 1032 3876 τοῦ
1089 3820 1290 3893 πατρὸς
1342 3817 1584 3887 φονέων·
1635 3820 1732 3872 τοῦ
1792 3814 1849 3872 δὶ

210 3917 737 3995 φήσαντος,⁶¹οτιπερ
766 3912 829 3967 τὸ
861 3911 945 3978 σὸ,
978 3907 1340 3965 ἐπεκαλοῦντο
1373 3911 1618 3982 συνεχῶς
1651 3903 1846 3979 ὄνομα,

211 3994 282 4067 εἷς
318 4004 555 4079 ὑποψίας
612 4001 850 4063 ἀτόπους
897 3997 1138 4054 ἐνέπεσεν
1172 3998 1200 4051 ὁ
1237 3994 1511 4071 βασιλεὺς,
1541 3995 1631 4050 καὶ
1677 3994 1848 4071 Λόγου

206 4100 392 4157 θᾶττον
443 4092 725 4165 ἐκπέμψας
783 4086 903 4164 ἄγει
958 4085 1085 4150 τοὺς
1144 4082 1399 4159 δεσμίους
1450 4085 1586 4158 πρὸς
1637 4084 1847 4152 ἑαυτὸν,

204 4183 291 4235 καὶ
320 4183 418 4252 τὴν
450 4181 626 4237 αἴτίαν
658 4179 979 4242 ἐπυνθάνετο
1020 4171 1090 4230 δι’
1117 4173 1288 4249 ἥνπερ
1339 4172 1698 4248 ἐπεχείρησαν
1755 4173 1845 4228 τὸν

200 4272 482 4343 πατρίκιον
514 4266 743 4324 ἀνελεῖν.
779 4269 859 4340 [Ρ.
892 4265 1022 4338 783]
1052 4266 1172 4320 Τῶν
1207 4259 1265 4316 δὶ
1294 4261 1844 4340 φησάντων,“οτιπερ

204 4360 461 4421 κακόνους
516 4359 584 4428 ἦν
632 4361 701 4430 τῇ
755 4353 1005 4431 βασιλείᾳ
1064 4372 1160 4406 σου
1216 4349 1410 4421 καὶτῇ
1430 4347 1613 4418 πόλει,
1647 4344 1846 4426 ὄρθρου

208 4448 446 4521 μελετῶν
476 4445 731 4503 εἰσελθεῖν
777 4444 865 4499 καὶ
921 4442 1123 4504 πάντας
1179 4440 1274 4513 μὶν
1331 4439 1662 4516 κατασφάξαι
1718 4439 1845 4503 τοὺς

202 4534 376 4607 ἒνδον,
408 4535 877 4613 λαφυραγωγῆσαι
936 4529 993 4586 δὲ
1048 4529 1138 4585 καὶ
1178 4530 1290 4598 ,τήν
1341 4527 1505 4584 πόλιν
1560 4527 1650 4583 καὶ
1708 4530 1845 4603 πρὸς

203 4627 326 4688 τοὺς
391 4624 720 4694 Πατζινάκας
806 4616 1225 4696 ἑπαναδραμεῖν,
1286 4615 1404 4672 δὲον
1488 4615 1724 4690 ὶξετάσαι
1780 4618 1847 4672 τά

1964 3394 2097 3432 sum
2152 3378 2470 3451 imperator
2514 3384 2888 3449 percontatur
2915 3395 3020 3434 cur
3069 3396 3180 3435 non
3212 3377 3370 3435 illico
3420 3380 3604 3453 patris

1959 3484 2334 3539 percussores
2362 3467 2649 3539 supplicio
2681 3467 2953 3522 eﬂ‘ecerit.
2988 3468 3340 3539 Respondet,
3371 3468 3517 3534 Quia
3548 3473 3604 3525 te

1957 3554 2278 3611 identidem
2329 3555 2675 3611 nominatim
2731 3555 3096 3611 invocabant.
3142 3556 3289 3612 Hinc
3337 3558 3603 3613 absurdae

1958 3643 2175 3699 obortae
2232 3643 2613 3700 Monomacho
2670 3643 3060 3715 suspiciones,
3094 3661 3159 3699 ac
3218 3644 3372 3700 dicto
3429 3645 3603 3701 citius

1959 3732 2127 3787 missi
2191 3733 2291 3804 qui
2349 3732 2573 3788 vinctos
2625 3733 2768 3788 istos
2825 3732 3203 3798 adducerent,
3248 3749 3603 3805 causamque

1957 3820 2210 3892 exquirit
2240 3838 2357 3893 qua
2384 3822 2456 3878 ad
2482 3838 2681 3877 necem
2716 3820 2961 3893 Kegenis
2994 3820 3222 3893 patricii
3253 3821 3469 3877 fuerint
3496 3822 3602 3876 im-

1959 3908 2136 3982 pulsi.
2169 3909 2253 3964 llli
2285 3910 2438 3965 hanc
2485 3910 2788 3982 proferunt
2818 3909 3064 3964 inﬁdum
3116 3909 3362 3981 imperio
3393 3910 3602 3967 Roma-

1958 3998 2250 4055 noluisse
2293 4003 2584 4073 Kegenem
2633 4004 2810 4071 atque
2858 3998 3011 4066 urbi,
3065 4002 3121 4054 et
3165 3999 3222 4054 in
3255 3998 3449 4055 animo
3499 3999 3601 4055 ba-

1956 4087 2159 4143 buisse
2217 4088 2406 4160 prima
2457 4088 2585 4143 luce
2642 4088 2847 4143 urbem
2896 4087 3145 4160 ingredi,
3176 4088 3603 4161 trucidatisque

1958 4177 2234 4233 omnibus
2267 4178 2365 4250 qui
2416 4177 2576 4233 intus
2605 4182 2959 4243 essent,eam
3010 4176 3284 4249 diripere,
3319 4181 3498 4250 atque
3528 4178 3601 4234 ad

1954 4266 2297 4322 Patzinacas
2328 4266 2556 4322 reverti.
2577 4265 2676 4321 llic
2708 4267 3025 4338 imperator
3053 4282 3188 4322 cum
3218 4265 3512 4337 inquirere
3541 4265 3601 4323 in

1955 4356 2111 4412 dicta
2144 4364 2198 4410 et
2246 4355 2545 4412 veritatem
2600 4354 2951 4427 perscrutari
2984 4355 3252 4422 debebat,
3286 4355 3507 4412 omissa
3535 4373 3603 4413 ea

1955 4461 2097 4501 cura
2131 4444 2306 4500 {idem
2340 4444 2577 4499 incertis
2595 4450 2652 4499 et
2680 4443 2831 4499 male
2851 4443 3279 4500 cohaarentibus
3295 4444 3604 4502 calumniis

1954 4533 2246 4603 deferens,
2276 4537 2568 4606 Kegenem
2616 4533 2672 4587 in
2705 4531 2989 4605 palatium
3039 4532 3440 4590 introductum
3492 4533 3602 4590 sub

1953 4622 2276 4677 curationis
2306 4639 2371 4677 ac
2396 4620 2698 4676 medicines
2720 4618 2987 4692 speciein
3018 4620 3404 4693 Elephantina
3423 4621 3606 4678 inclu-

204 4713 464 4790 λεχθέντα
520 4713 610 4769 καὶ
664 4713 837 4785 εὑρεῖν
898 4711 997 4780 τήν
1057 4707 1401 4780 ἀλήθειαν,ὁ
1442 4703 1498 4761 δὶ
1525 4711 1691 4761 τοῦτο
1753 4708 1844 4780 μὲν

1956 4711 2061 4776 dit,
2095 4710 2246 4766 lilios
2277 4711 2405 4781 ejus
2434 4727 2468 4765 a
2498 4727 2559 4765 se
2590 4709 2840 4765 invicem
2872 4708 3133 4765 divulsos
3182 4709 3428 4766 diversis
3457 4710 3601 4767 locis

204 4804 301 4858 οὐκ
353 4802 621 4873 ἐποίησεν,
679 4799 803 4856 ἇλΛ’
856 4795 1175 4859 ἀδεσπότοις
1235 4794 1519 4858 πιστεύσας
1574 4816 1839 4871 συκοφανο

203 4890 343 4955 τίαις
372 4892 461 4947 καὶ
495 4889 837 4958 άσυστάτοις,
868 4888 959 4942 τὸν
997 4886 1091 4960 μὶν
1140 4882 1373 4958 Κεγὲνην
1422 4880 1536 4959 ἄγει
1587 4883 1723 4960 πρός
1780 4884 1847 4938 τὰ

208 4980 455 5053 βασίλεια
497 4981 584 5035 καὶ
636 4978 688 5033 ἐν
747 4977 1107 5052 προσχήματι
1173 4972 1321 5047 τάχα
1397 4971 1681 5045 θεραπείας
1753 4972 1840 5027 καὶ

205 5067 437 5142 ῒατρείας
466 5067 521 5124 ἐν
563 5072 632 5141 τῇ
693 5064 1005 5143 ἐλεφαντίνη
1046 5059 1413 5135 καθείργνυσι,
1443 5058 1570 5122 τοὺς
1618 5057 1674 5115 δὲ
1714 5060 1844 5115 τού-

200 5177 295 5211 του
352 5156 499 5221 υἱοὺς
553 5155 605 5210 ἐν
657 5156 825 5229 ὲτὲρῳ
878 5152 968 5207 καὶ
1018 5151 1181 5225 ἑτέρῳ
1225 5148 1381 5221 τόπῳ
1431 5146 1697 5218 διίστησιν
1754 5149 1847 5204 ἀπ’

207 5245 395 5301 αὐτοῦ.
423 5245 492 5300 Τὸ
522 5243 580 5300 δὲ
625 5243 835 5312 πλῆθος
881 5246 988 5296 τῶν
1040 5237 1390 5307 Πατζινάκων
1446 5237 1696 5313 βρώμασι
1754 5237 1844 5292 καὶ

204 5333 407 5406 πόμασι
435 5335 713 5394 παντοίοις
742 5330 876 5406 πρὸς
907 5329 969 5383 τὸ
1012 5327 1189 5383 δοκεῖν
1238 5326 1440 5381 εὐνοεῖν
1483 5319 1843 5399 ἀνελάμϐανε,

208 5420 540 5487 σπεύδων,εί
602 5421 718 5477 οἷόν
773 5440 853 5492 τε,
878 5423 986 5473 τῶν
1037 5417 1293 5491 ἁρμάτων
1349 5413 1577 5477 τούτους
1633 5413 1844 5491 ἀπογυ-

210 5512 419 5580 μνιῦσαι
443 5512 530 5567 καὶ
558 5516 667 5566 τῶν
694 5509 885 5564 ἳππων
910 5507 997 5563 καὶ
1031 5508 1324 5579 κατασχεῖν
1368 5502 1459 5558 καὶ
1517 5507 1843 5579 φρουρῆσαι,

205 5600 333 5660 τοὺς
362 5599 709 5673 ἐπιθεμένους
752 5601 833 5668 τῷ
885 5596 1036 5674 φόνῳ
1092 5592 1293 5654 ἀνάτως
1355 5592 1443 5646 καὶ
1502 5589 1844 5668 ἐλευθερίως,

199 5686 303 5757 ὅπη
336 5689 429 5742 xxi
471 5689 545 5753 ὡς
596 5686 913 5765 βούλονται,
946 5681 1147 5760 διάγειν
1197 5678 1485 5741 κελεύσας.
1521 5681 1620 5734 Καὶ
1671 5677 1844 5735 ἐδόκει

209 5778 299 5848 μὲν
321 5782 484 5833 ταῦτα
515 5774 944 5854 διαπραξάμενος
991 5769 1297 5840 λανθάνειν,
1328 5765 1476 5825 ἀλλὰ
1518 5768 1611 5825 τὸν
1667 5766 1844 5842 δῆμον

1954 4798 2220 4866 collocat,
2250 4798 2645 4867 simulataque
2675 4795 3100 4867 benevolentia,
3153 4797 3599 4854 multitudinem

1955 4888 2316 4944 Patzicarum
2363 4902 2633 4941 recreans
2664 4885 2776 4940 cibi
2820 4902 2887 4941 ac
2935 4891 3111 4956 potus
3159 4885 3319 4941 omni
3368 4901 3600 4958 genere,

1951 4976 2008 5031 id
2041 4975 2246 5047 quzerit
2284 4980 2350 5030 ut
2379 4974 2428 5029 si
2460 4990 2574 5044 qua
2622 4973 2745 5029 ﬁeri
2780 4973 2965 5045 possit
3015 4974 3261 5041 ratione,
3292 4975 3472 5031 armis
3502 4991 3602 5031 eos

1952 5065 2241 5138 equisque
2272 5063 2522 5119 nudatos
2553 5062 2612 5117 in
2644 5062 2970 5117 custodiam
3006 5062 3200 5117 dedat.
3237 5063 3601 5119 Percussori-

1952 5154 2084 5222 bus,
2118 5153 2451 5222 ubicunque
2502 5149 2714 5206 vellent
2742 5148 2922 5205 libere
2967 5151 3216 5222 degendi
3264 5151 3599 5207 facultatem

1951 5242 2240 5298 concedit.
2273 5241 2427 5299 596
2460 5241 2527 5295 Et
2568 5240 2813 5313 putabat
2866 5255 3007 5294 sane
3051 5256 3167 5295 non
3213 5239 3603 5296 animadverti

1953 5332 2094 5403 quid
2126 5335 2360 5403 ageret:
2386 5329 2486 5386 sed
2512 5329 2847 5384 Patzinacas
2869 5332 3059 5383 tamen
3102 5327 3347 5384 minime
3372 5327 3597 5385 fefellit.

1952 5420 2097 5477 Nam
2152 5418 2300 5474 nihil
2360 5418 2499 5474 boni
2554 5415 2876 5491 signiﬁcari
2933 5432 2999 5473 eo
3039 5417 3389 5489 judicabant
3444 5418 3599 5491 quod

1952 5509 2160 5565 ducem
2191 5508 2458 5578 ipsorum
2489 5507 2787 5563 detinebat
2817 5523 2883 5561 ac
2932 5506 3086 5578 quod
3120 5506 3272 5563 filios
3324 5507 3452 5578 ejus
3481 5506 3602 5562 dis-

1947 5600 2262 5668 junxerat;
2296 5602 2353 5652 et
2384 5596 2710 5652 libertatem
2762 5596 3203 5665 percussoribus
3252 5595 3602 5667 permissam

1953 5703 2060 5759 pro
2092 5688 2289 5758 aperto
2338 5684 2756 5740 malevolentia
2807 5685 2976 5757 signo
3023 5684 3340 5740 habebant.
3394 5686 3600 5755 Itaque

1956 5792 2030 5831 ea
2056 5791 2184 5846 quae
2216 5773 2607 5829 mittebantur
2653 5774 2726 5829 ab
2760 5772 3110 5845 imperatore
3142 5775 3288 5829 actis
3317 5774 3521 5845 gratiis
3550 5777 3608 5828 et
