4070 6334
497 422 610 479 327

1845 415 2160 476 GEORGII
2206 416 2545 476 CEDRENI

3782 427 3901 485 328

497 555 689 608 fausta
720 553 767 608 ei
804 555 1104 623 precantes
1136 550 1521 623 accipiebant,
1546 566 1906 622 prorsusque
1939 567 2053 621 pra;
2086 567 2124 604 St

2262 546 2361 602 οὐκ
2390 545 2547 604 ἔλαθε
2577 555 2683 605 τῶν
2736 553 3100 621 Ιιατζινάκων.
3135 556 3246 624 Τήν
3304 577 3359 611 τε
3418 557 3521 631 γὰρ
3578 561 3674 612 τοῦ
3733 558 3906 613 αὐτῶν

500 643 757 697 ferebant
788 644 984 695 omnia
1024 640 1135 695 sibi
1188 642 1441 711 probari.
1476 641 1582 694 Sed
1620 644 1789 693 nocte
1840 640 2009 705 facta,
2046 656 2144 693 ne-

498 732 655 786 mine
704 731 1059 801 suspicante,
1094 746 1123 783 e
1154 730 1364 784 castris
1411 731 1830 792 discesserunt,
1865 745 1931 782 ac
1962 728 2148 782 conti-

498 826 704 874 nenter
747 836 848 890 per
892 824 1073 873 totam
1126 825 1350 873 noctem
1407 819 1555 872 facto
1583 818 1814 881 itinere,
1848 817 2022 870 tertio
2055 817 2150 869 die

498 907 758 962 Haemum
780 907 1136 977 transgressi
1163 906 1402 976 reliquis
1428 922 1488 959 se
1512 906 1937 974 conjunxerunt
1961 903 2147 958 Patzi-

498 998 679 1052 nacis.
729 997 870 1051 Cum
925 1013 1128 1050 omnes
1184 996 1239 1049 in
1296 1012 1478 1050 unum
1532 994 1864 1059 coivissent,
1902 994 2148 1064 jamque

496 1088 671 1142 etiam
708 1103 1003 1141 armorum
1051 1086 1196 1140 satis
1229 1102 1503 1156 magnam
1559 1089 1867 1155 parassent
1896 1082 2145 1153 copiam,

495 1183 753 1232 Haemum
804 1181 1131 1244 transeunt,
1165 1176 1491 1246 castrisque
1543 1176 1613 1229 ad
1665 1173 1870 1228 Aulam
1918 1174 1995 1243 (id
2036 1179 2145 1239 est,

495 1267 801 1322 castellum
848 1267 904 1321 in
942 1283 1212 1337 processu
1270 1266 1482 1319 montis
1535 1264 1735 1329 ilérmi,
1773 1263 1922 1316 haud
1983 1261 2149 1328 longe

494 1356 866 1427 Adrianepoli
928 1356 1131 1426 situm)
1212 1355 1377 1409 factis
1454 1355 1664 1426 praedis
1745 1353 1988 1423 agendis
2053 1369 2147 1406 se-

492 1446 658 1500 dant.

2258 638 2635 711 καθηγεμόνος
2696 640 3018 715 κατάσχεσιν
3075 642 3164 696 καὶ
3214 644 3314 712 τήν
3360 649 3464 699 τῶν
3525 644 3728 700 ἐκείνου
3782 649 3911 701 υἱῶν

2260 722 2523 795 διάζευξιν
2554 725 2615 781 οὒ
2649 730 2891 802 χρηστὸν
2927 729 3121 784 οἰωνὸν
3168 730 3505 807 ἐλογίζοντο,
3536 735 3624 788 καὶ
3681 742 3911 808 σημεῖον

2257 815 2548 877 κακονοίας
2625 819 2896 895 προφανὲς
2977 818 3220 892 ἐνόμιζεν
3277 822 3376 889 τήν
3434 827 3540 876 τῶν
3601 820 3912 879 ἐπιϐούλων

2258 902 2585 976 ἐλευθερίαν.
2641 906 2733 959 Διὸ
2808 906 2897 960 καὶ
2976 908 3042 961 τὰ
3124 910 3219 981 μὶν
3292 911 3600 987 πεμφθέντα
3667 910 3908 983 ἐδέξαντο

2262 994 2375 1064 μετ’
2428 993 2798 1069 εὐχαριστίας,
2856 996 2945 1049 καὶ
3003 998 3093 1051 τὸν
3156 997 3378 1071 βασιλέα
3426 1000 3767 1074 εὐφήμησαν,
3819 1003 3907 1057 καὶ

2259 1079 2327 1135 δι’
2359 1080 2430 1135 ὧν
2460 1081 2675 1137 ἐποίουν
2709 1082 3144 1160 ἀποδεχομένοις
3180 1087 3412 1158 ἰῲκεσαν
3460 1090 3526 1143 τα
3571 1092 3903 1165 πραχθέντα·

2255 1172 2446 1233 νυκτὸς
2527 1169 2583 1225 δὲ
2665 1171 3053 1247 ἐπιγενομένης
3089 1219 3101 1239 ,
3164 1173 3397 1247 μηδενὸς
3471 1180 3904 1243 ὑποτοπάσαντος

2258 1256 2478 1333 ἄραντες
2535 1260 2593 1314 ἐκ
2650 1264 2745 1329 τῆς
2804 1259 3165 1337 παρεμϐολῆς
3224 1265 3315 1319 καὶ
3370 1267 3607 1339 συντόνῳ
3666 1265 3735 1322 δι’
3767 1268 3904 1339 ὅλης

2256 1349 2443 1412 νυκτὸς
2474 1350 2811 1423 χρησάμενοι
2843 1355 2911 1424 τῇ
2948 1349 3252 1429 ὁδοιπορίᾳ,
3283 1360 3514 1427 τριταῖοι
3572 1356 3661 1410 τὸν
3722 1361 3901 1430 Αἷμον

2257 1433 2533 1499 διαϐάντες
2585 1437 2828 1494 ἑνοῦνται
2886 1440 2976 1495 καὶ
3030 1441 3184 1496 αὐτοὶ
3242 1448 3320 1515 τῷ
3376 1442 3573 1513 πλήθει
3636 1451 3741 1499 τῶν
3793 1453 3899 1502 Πα-

489 1535 772 1603 τζινάκων.
809 1534 1092 1605 Γενόμενοι
1153 1539 1283 1607 γοῦν
1342 1533 1567 1593 ἅπαντες
1623 1531 1707 1605 ὑφ’
1767 1530 1843 1597 ἓν,
1904 1527 2010 1599 ἤδη
2066 1526 2123 1582 δὲ
2170 1528 2260 1582 καὶ
2318 1527 2504 1583 ὅπλων
2555 1528 2930 1605 ἀποχρώντως
3000 1532 3380 1605 ηὐπορηγότες
3430 1532 3726 1610 διαπερῶσι
3803 1540 3899 1593 τὸ·

493 1627 716 1696 Αἷμον,
778 1622 868 1678 καὶ
926 1618 1288 1696 παρεμϐολὴν
1342 1623 1434 1695 μὲν
1495 1620 1799 1695 πηγνύουσι
1854 1619 1990 1673 κατᾶ
2044 1620 2143 1685 τὴν
2201 1614 2387 1685 Αὖλὴν
2449 1618 2728 1695 (φρούριον
2791 1617 2847 1674 δὲ
2905 1623 2938 1689 ἡ
2997 1620 3154 1691 Αὐλὴ
3241 1624 3377 1677 κατά
3458 1624 3551 1686 τάς
3630 1626 3900 1701 ὑπωρείας

491 1714 760 1788 [κειμένη]
790 1719 888 1769 τοῦ
944 1711 1121 1786 Αἴμου
1170 1713 1258 1768 καὶ
1318 1712 1379 1768 οὐ
1428 1711 1565 1766 πάνυ
1624 1710 1812 1787 πόρῥω
1870 1710 2116 1783 κείμενον
2171 1706 2701 1782 Ἀδριανουπόλεως)
2757 1712 2843 1765 καὶ
2904 1712 3038 1789 πρὸς
3096 1712 3390 1784 λεηλασίαν
3445 1715 3534 1770 καὶ
3584 1716 3729 1772 λείαν
3773 1720 3897 1794 τρᾶο

490 1825 703 1860 πονται.

562 1897 723 1959 Quod
758 1896 852 1951 ubi
888 1895 1159 1967 cognovit
1191 1896 1306 1949 dux
1351 1894 1687 1949 Occidentis
1719 1892 2139 1947 Constantinus
2174 1892 2220 1956 B

489 1986 773 2058 magister
798 1986 1249 2055 Arianites,ipse
1279 1999 1507 2055 quoque
1537 1983 1889 2037 instructum
1916 1980 2135 2035 exerci-

487 2080 611 2129 tum
657 2075 1031 2145 Adrianopoli
1066 2079 1266 2128 contra
1296 2090 1393 2127 eos
1445 2072 1668 2138 educit;
1702 2077 1757 2126 et
1789 2071 1975 2142 primo
2004 2069 2134 2141 qui-

487 2164 619 2218 dem
653 2164 709 2216 in
762 2164 1050 2234 quosdam
1099 2161 1365 2231 palantes
1413 2160 1675 2215 incidens
1728 2177 1849 2214 rem
1897 2158 2138 2214 feliciter

486 2252 655 2324 gerit,
681 2252 780 2305 sed
810 2252 876 2305 ad
905 2250 1207 2305 castellum
1234 2250 1442 2304 deinde
1467 2248 1795 2318 Dampolim
1825 2264 2135 2302 occurrens

488 2340 853 2396 multitudini
888 2340 1141 2395 hostium
1172 2339 1444 2406 vincitur,
1479 2338 1680 2392 multis
1718 2337 2135 2391 Macedonibus

486 2446 553 2483 ac
578 2429 904 2484 Thracibus
930 2428 1185 2483 amissis.
1213 2427 1559 2483 Ceciderunt
1580 2427 1753 2481 etiam
1791 2426 2132 2481 Theodorus

486 2519 636 2575 597
672 2518 1039 2590 Strabomyta
1072 2525 1127 2572 et
1154 2517 1341 2588 Polys,
1400 2516 1615 2571 illustri
1666 2516 1789 2571 loco
1822 2516 1938 2569 uati
1973 2520 2027 2569 et
2058 2516 2129 2570 ob

481 2608 758 2663 violatam
790 2607 1060 2661 Tornicio
1085 2607 1258 2661 ﬁdem
1295 2606 1571 2659 illustres.
1609 2604 1885 2675 Magister
1931 2604 2129 2658 Adria-

482 2697 740 2768 nopolim
777 2712 1043 2749 reversus
1076 2712 1175 2765 per
1207 2694 1429 2748 litteras
1462 2694 1874 2764 imperatorem
1908 2692 1978 2746 de
2028 2708 2127 2745 ac-

481 2791 647 2856 cepta
676 2784 839 2839 clade
871 2785 1056 2847 docet,
1089 2790 1402 2853 monetque
1434 2799 1578 2836 novo
1609 2796 1740 2835 esse
1790 2797 1935 2850 opus
1966 2796 2122 2834 exer-

479 2874 636 2941 citu;
670 2890 803 2927 nam
840 2888 972 2927 cum
1023 2871 1410 2942 praesentibus
1456 2869 1641 2939 c0piis
1691 2869 1971 2923 adversus
2004 2874 2119 2923 tam

481 2978 862 3018 numerosum
897 2961 1152 3016 hostium
1208 2958 1547 3024 exercitum,
1582 2958 1669 3012 cui
1703 2974 1781 3012 ea:
1805 2958 1928 3027 jam
1962 2962 2124 3028 terga

479 3052 891 3115 obvertissent,
926 3049 1087 3104 nullo
1120 3050 1291 3104 modo
1335 3064 1455 3102 rem
1490 3048 1608 3116 geri
1644 3063 1831 3118 posse.
1866 3046 1992 3101 Jam
2027 3065 2125 3101 an-

479 3143 715 3210 tequam
748 3138 974 3192 litteras
1006 3136 1297 3207 acciperet
1327 3135 1664 3205 imperator,
1698 3134 1769 3188 de
1794 3135 2023 3203 jactura
2054 3151 2121 3188 ea

2322 1891 2489 1962 Ὅπερ
2553 1892 2919 1963 μαθὼνότῆς
2981 1892 3188 1953 Δύσεως
3248 1892 3432 1969 ἅρχων
3493 1900 3896 1959 Κωνσταντῖνος

2251 1979 2542 2053 μάγιστρος
2603 1981 2630 2034 ὁ
2692 1980 3017 2055 Ἀριανίτης,
3075 1982 3161 2034 καὶ
3242 1981 3400 2043 αὐτὸς
3462 1985 3896 2059 παρεσκευασμέο

2244 2089 2336 2129 νας
2371 2064 2512 2143 ἔχων
2570 2069 2663 2130 τὰς
2696 2069 2829 2145 ἀμφ’
2862 2070 3022 2124 αὐτὸν
3086 2067 3360 2143 δυνάμεις,
3396 2073 3525 2147 ἄρας
3586 2071 3636 2144 ἐξ
3673 2072 3889 2149 Ἀδρια-

2244 2155 2558 2211 νουπόλεως
2613 2152 2830 2233 ἔρχεται
2915 2160 3029 2212 κατ’
3077 2158 3273 2215 αὐτῶν.
3332 2161 3429 2214 Καὶ
3497 2163 3728 2237 σποράσι
3790 2162 3887 2234 μὲν

2242 2266 2379 2299 τισιν
2436 2246 2487 2299 ἐι
2541 2250 2619 2317 τῷ
2676 2247 2887 2300 ἀπιὲναι
2942 2249 3252 2323 περιτυχὼν
3286 2248 3601 2323 εὐτῦγησεψ
3639 2252 3747 2305 εἶτα
3798 2253 3889 2305 καὶ

2243 2335 2387 2407 παρᾶ
2433 2336 2494 2388 τὸ
2552 2334 2845 2410 λεγόμενον
2906 2335 3188 2407 Δάμπολιν
3250 2338 3509 2413 φρούριον
3554 2342 3887 2410 συναντήσας

2240 2428 2320 2495 τῷ
2352 2420 2552 2493 πλήθει
2585 2424 2675 2477 καὶ
2706 2418 3033 2499 προσϐαλὼν
3095 2427 3344 2494 ἡττᾶται,
3378 2426 3648 2481 πεσόντων
3695 2426 3746 2481 ἐν
3805 2434 3887 2501 τῷ

2240 2511 2474 2585 πολέμῳ
2532 2509 2858 2568 Μακεδόνων
2913 2514 3001 2567 καὶ
3065 2520 3284 2588 Θρᾳκῶν
3336 2514 3434 2569 οὐκ
3478 2516 3700 2591 ὀλίγων,
3734 2518 3886 2571 ἀναι-

2241 2602 2497 2677 ρεθέντων
2528 2599 2583 2655 δὲ
2611 2600 2698 2655 καὶ
2732 2598 3015 2677 Θεοδώρου
3044 2607 3139 2657 τοῦ
3189 2599 3579 2678 Στραϐομύτου
3637 2607 3723 2659 καὶ
3786 2612 3884 2661 τοῦ

2239 2690 2410 2757 Πολῦ,
2444 2688 2651 2765 ἀδδρῶν
2684 2690 2743 2745 ἐκ
2772 2690 2957 2767 γένους
2990 2690 3248 2767 λαμπροῦ
3306 2693 3395 2747 καὶ
3454 2693 3738 2767 ἰπισημων
3797 2717 3886 2770 γε·

2236 2780 2475 2852 νομένων
2531 2778 2590 2833 ἐκ
2644 2786 2742 2848 τῆς
2804 2778 2877 2842 sic
2923 2780 3013 2834 τὸν
3046 2782 3333 2854 Τορνίκιον
3369 2782 3632 2846 ἀπιστίας.
3665 2784 3726 2840 Ὀ
3785 2785 3883 2855 μὶν

2236 2868 2327 2923 οὗν
2383 2869 2675 2943 μάγιστρος
2755 2868 3074 2942 ὑπέστρεψεν
3161 2868 3211 2923 ἐν
3272 2867 3740 2945 Ἀδριανουπό).ει,
3797 2877 3880 2944 τῷ

2239 2956 2453 3034 βασιλεῖ
2485 2954 2542 3011 δὲ
2574 2954 2663 3011 διὰ
2692 2957 3032 3031 γραμμάτων
3084 2956 3313 3034 ἄγγελος
3369 2964 3465 3013 τοῦ
3521 2960 3880 3035 ἀτυχήματος

2230 3047 2451 3123 γίνεται,
2485 3044 2652 3116 δηλοῖ
2681 3044 2737 3100 δὲ
2780 3046 2867 3101 καὶ
2910 3048 2983 3110 ὡς
3033 3044 3113 3101 δεῖ
3163 3045 3389 3122 στρατοῦ
3446 3048 3690 3111 νεαλοῦς·
3743 3050 3881 3122 μετά

2231 3138 2334 3211 γαρ
2362 3140 2469 3191 τῶν
2517 3136 2798 3211 παρόντων
2855 3133 3108 3190 ἀδύνατον
3161 3136 3678 3211 ἀντιπαρατάξασθαι
3739 3140 3879 3211 πρὸς

479 3227 809 3283 resciverat.
845 3230 898 3281 Is
922 3227 1244 3297 Tyracbum
1279 3230 1336 3279 et
1376 3222 1631 3294 reliquos
1683 3223 2117 3277 Patzinacarum

2236 3225 2501 3294 τοσαύτην
2560 3223 2771 3294 πληθὺν
2826 3222 2932 3296 ἤδη
2976 3226 3042 3279 τὰ
3098 3230 3242 3280 νῶτα
3270 3228 3597 3299 τρεψάντων.
3634 3229 3717 3297 [Ρ.
3750 3231 3879 3302 784]

475 3316 793 3387 principes,
828 3315 927 3385 qui
962 3316 1018 3368 in
1071 3315 1209 3369 urbe
1256 3312 1689 3378 detinebantur,
1723 3312 1890 3366 donis
1922 3329 1985 3366 ac
2016 3313 2120 3367 be-

480 3405 709 3459 neficiis
768 3421 908 3460 suos
960 3404 1114 3467 facit,
1156 3403 1503 3473 juratosque
1552 3417 1614 3455 se
1668 3405 1898 3473 gentem
1950 3418 2117 3456 suam

476 3493 810 3565 placaturos
868 3492 1103 3547 emittit.
1149 3491 1381 3546 Litteris
1441 3507 1610 3566 porro
1670 3489 1868 3544 missis
1920 3507 2120 3545 omnes

475 3582 801 3637 Orientales
853 3589 1049 3638 evocat
1096 3581 1373 3651 legiones.
1404 3580 1509 3642 Qui
1542 3596 1677 3635 cum
1728 3580 1798 3633 ab
1834 3580 2030 3651 Abydo
2062 3586 2119 3634 et

468 3670 810 3743 Chrysopoli
843 3672 1236 3741 trajecissent,
1273 3670 1685 3741 imperatorem
1737 3668 1821 3722 eis
1862 3669 2117 3739 prafecit

466 3759 857 3831 Nicephorum
892 3765 1195 3829 rectorem,
1216 3764 1274 3813 et
1296 3764 1492 3813 contra
1521 3758 1855 3812 Patzinacas
1877 3758 2113 3824 emittit,

467 3848 761 3918 simulque
793 3847 1195 3903 Catacalonem
1220 3847 1471 3902 Orientis
1500 3847 1707 3900 ducem
1739 3846 2111 3916 designatum

463 3938 852 3992 etErbebium
884 3936 1359 4005 Francopullum,
1397 3935 1766 4006 popularium
1810 3940 1947 3990 tunc
1978 3954 2110 3991 suo-

463 4043 593 4080 rum
629 4028 858 4092 ducem,
894 4028 1098 4080 adesse
1129 4043 1228 4080 eos
1260 4026 1464 4079 rectori
1518 4026 1764 4094 ejusque
1816 4025 2113 4096 obtempe-

462 4132 589 4169 rare
638 4116 938 4170 sententiae
979 4122 1036 4169 et
1086 4115 1379 4168 mandatis
1421 4113 1657 4180 jubens.
1694 4113 1746 4166 ls
1796 4114 2107 4168 exercitum

462 4208 627 4257 trans
646 4204 903 4257 Haemum
927 4201 1232 4273 perlocum
1254 4202 1346 4255 cui
1376 4202 1575 4254 Ferrea
1607 4217 1813 4255 nomen
1837 4202 2107 4271 traducit,

463 4307 829 4361 pergensque
861 4293 1140 4345 adversus
1192 4289 1545 4352 Palzinacas,
1581 4290 1636 4342 in
1680 4289 1803 4342 loco
1854 4291 2105 4360 quodam

462 4395 574 4432 non
632 4379 830 4445 procul
864 4398 895 4433 a
926 4380 1168 4433 Centum
1203 4378 1461 4432 Collibus
1493 4378 1603 4432 sito
1637 4378 1904 4439 (Diacene
1937 4380 1986 4433 is
2013 4398 2109 4450 ap-

460 4467 806 4538 pellabatur)
853 4474 1044 4522 castra
1095 4468 1229 4521 facit
1259 4466 1525 4536 valloque
1558 4469 1769 4520 munit.
1805 4468 2109 4536 Cogitabat

461 4562 651 4611 autem
688 4557 967 4627 postridie
1000 4556 1215 4611 relictis
1255 4556 1331 4610 ibi
1375 4555 1832 4624 impedimentis,
1861 4562 1917 4609 et
1947 4574 2105 4627 quae-

2233 3317 2288 3367 Ὀ
2348 3312 2404 3368 δὲ
2458 3311 2711 3388 βασιλεὺς
2772 3313 2861 3367 καὶ
2915 3314 3019 3384 πρὸ
3049 3318 3156 3368 τῶν
3191 3314 3389 3368 ἐκείνου
3420 3317 3757 3389 γραμμάτων
3818 3317 3881 3371 τὸ

2230 3398 2438 3476 συμϐὰν
2485 3404 2560 3475 μὴ
2590 3402 2877 3477 ἀγνοήσας,
2908 3402 2998 3456 τὸν
3033 3403 3125 3475 μὶν
3161 3404 3357 3479 Τυράχ
3406 3404 3493 3457 καὶ
3541 3405 3668 3468 τοὺς
3718 3404 3770 3459 ἐν
3810 3410 3879 3478 τῇ

2227 3490 2385 3547 πόλει
2435 3492 2835 3566 κατεχομένους
2880 3490 3147 3567 ἄρχοντας
3197 3497 3302 3546 τῶν
3360 3495 3708 3561 Πατζινάκων
3768 3492 3873 3549 δω-

2229 3586 2375 3656 ρεαῖς
2420 3582 2505 3635 καὶ
2592 3582 2807 3656 χάρισιν
2894 3582 3369 3654 ὑποποιησάμενος
3459 3583 3878 3658 ὑποσχομένους

2231 3671 2345 3742 μεθ’
2391 3671 2564 3741 ὅρκων
2625 3668 2961 3743 ἐξημερῶσαι
3020 3670 3082 3724 τὸ
3141 3665 3293 3744 γένος
3352 3670 3635 3743 ἐκπέμπει,
3689 3671 3874 3747 γραμ-

2228 3779 2354 3831 μασι
2416 3754 2472 3811 δὲ
2531 3756 2688 3819 αὐτὸς
2746 3758 2811 3812 τὰ
2842 3760 2987 3830 Ἑῷα
3045 3760 3251 3813 ἅπαντα
3314 3760 3721 3833 μεταπέμπεται
3785 3764 3879 3816 τά-

2221 3869 2419 3925 γματα.
2452 3854 2543 3901 Ὢν
2588 3846 2854 3909 ὶλθόντων
2914 3849 3000 3901 καὶ
3061 3846 3151 3902 διὰ
3204 3856 3305 3917 τῆς
3337 3845 3568 3904 Ἀϐύδου
3628 3872 3873 3925 περαιω-

2224 3938 2417 3992 θίντων
2500 3937 2589 3991 καὶ
2676 3935 3110 4005 Χρυσουπόλεως
3178 3939 3442 4012 στατηγὸν
3491 3939 3875 4014 αὐτοκράτορα

2221 4028 2614 4102 χειροτονήσας
2688 4026 2777 4079 τὸν
2858 4024 3131 4100 ραίκτωρα
3205 4028 3518 4104 Νικηφόρον
3600 4028 3875 4100 ἱκπὲμπει

2219 4116 2354 4170 κατά
2411 4120 2516 4169 τῶν
2578 4113 2941 4183 Πατζινάκων.
2996 4115 3369 4188 Συνεξὲπεμψε
3422 4113 3479 4170 δὲ
3558 4116 3705 4187 αὐτῷ
3779 4118 3875 4172 καὶ

2220 4204 2555 4260 ΚατακαΛὼν
2586 4204 2678 4257 τὸν
2731 4205 3097 4275 Κεκαυμινον,
3152 4203 3531 4273 στρατηλάτην
3587 4208 3684 4272 τῆς
3716 4211 3879 4261 Ἀνα-

2217 4293 2389 4362 τολῆς
2445 4287 2882 4367 προϐαλόμενος,
2922 4293 3009 4346 καὶ
3051 4288 3333 4364 Ἐρϐἐϐιον
3381 4294 3472 4348 τὸν
3519 4294 3877 4367 Φραγγόπω-

2220 4382 2314 4438 λον
2351 4384 2478 4449 (40),
2509 4379 2751 4456 ἄρχοντα
2797 4386 2874 4450 τῷ
2929 4382 3051 4435 τότε
3104 4386 3210 4435 τῶν
3273 4384 3573 4452 ὁμοεθνῶν,
3607 4381 3875 4445 κελεύσας

2219 4476 2449 4524 συνεῖναι
2481 4474 2559 4540 τῷ
2592 4469 2848 4542 ῥαίκτωρι
2870 4470 2959 4523 καὶ
2989 4476 3088 4537 τῆς
3119 4470 3286 4523 αὐτοῦ
3337 4472 3566 4544 γνώμης
3595 4491 3606 4501 ·
3642 4470 3872 4546 ἔχεσθαι

2218 4561 2307 4612 καὶ
2360 4565 2475 4619 τοῖς
2535 4557 2738 4612 ἐκείνου
2803 4557 3177 4632 προστάγμασι
3241 4558 3329 4612 καὶ
3394 4558 3696 4631 θελημασιι
3747 4556 3879 4614 ἕπε-

459 4662 717 4716 cumque
748 4646 805 4700 in
830 4646 1084 4701 exercitu
1118 4652 1283 4700 erant
1308 4660 1755 4714 supervacanea,
1789 4662 1921 4699 cum
1947 4663 2111 4716 expe-

2236 4659 2360 4710 reat.
2420 4648 2517 4707 “Ος
2575 4616 2863 4700 ἀναλαϐὼν
2918 4616 3328 4717 τᾶςμδυνάμεις
3404 4616 3634 4701 καὶητὸν
3696 4648 3883 4719 Αἶμον

459 4740 582 4794 dito
614 4740 867 4795 exercitu
904 4741 974 4794 ad
1010 4740 1235 4794 hostem
1268 4738 1417 4793 598
1451 4738 1721 4791 accedere
1752 4744 1807 4792 et
1851 4754 2107 4806 pugnam

457 4846 778 4886 conserere.
811 4829 992 4883 Stulte
1033 4828 1187 4882 enim
1225 4827 1333 4881 sibi
1380 4832 1750 4895 persuaserat
1796 4825 1981 4895 primo
2012 4843 2110 4881 eos

456 4920 678 4989 impetu
711 4925 767 4972 et
799 4918 1175 4987 proﬂigatum
1208 4915 1277 4969 iri
1305 4931 1519 4982 ;eaque
1551 4915 1899 4984 curaipsum
1933 4931 2108 4985 ange-

457 5009 576 5068 bat.
629 5024 699 5061 ne
746 5006 877 5077 quis
926 5007 1061 5074 fuga
1104 5004 1393 5059 evaderet.
1437 5001 1635 5071 Neque
1682 5002 1808 5071 ipse
1861 5008 2110 5064 tantum.

454 5099 555 5153 sed
610 5096 785 5151 etiam
846 5098 1153 5149 universus
1216 5092 1548 5147 exercitus:
1585 5092 1905 5145 efferebant
1953 5092 2108 5146 enim

457 5203 654 5241 secum
689 5190 746 5239 et
773 5186 938 5239 funes
971 5189 1027 5238 et
1065 5182 1435 5252 lora,quibus
1466 5185 1670 5251 captos
1723 5180 2108 5236 devincirent.

456 5274 571 5329 Hoc
605 5273 749 5343 ipsis
781 5271 1177 5343 suspicionem
1206 5271 1471 5332 movit,et
1504 5270 1655 5339 quod
1692 5268 1858 5323 initio
1894 5270 2107 5324 factum

2222 4734 2637 4809 διαπεραιωθεὶς
2699 4730 2787 4787 διὰ
2839 4741 2939 4802 τῆς
3017 4733 3321 4807 λεγομὲνης
3394 4732 3630 4809 Σιδηρᾶς
3706 4736 3881 4809 ἀπῄει

2219 4825 2356 4878 κατὰ
2409 4829 2515 4877 τῶν
2580 4822 2949 4891 [Ιατζινάκωψ
3014 4821 3185 4877 ὶλθὼν
3244 4821 3301 4877 δὲ
3358 4826 3761 4892 κατεσκήνωσεν
3819 4824 3877 4879 ἔν

2218 4934 2323 4967 τινι
2358 4912 2531 4985 χώρῳ
2568 4909 2628 4964 οὐ
2665 4913 2870 4984 μακρὰν
2911 4910 3170 4982 ἀπέχοντι
3220 4916 3325 4965 τῶν
3354 4910 3575 4967 Ἑκατὸν
3641 4913 3881 4984 βουνῶν,

2218 5005 2296 5071 τῷ
2344 4998 2628 5071 λεγομένῳ
2676 4999 2913 5053 Διακενὲ.
2967 4999 3190 5054 Κάκεῖσε
3263 4999 3477 5074 χάρακα
3553 4999 3878 5071 πηξάμενος

2222 5089 2423 5163 ὀχυρὸν
2477 5092 2545 5160 τῇ
2606 5086 2859 5159 ἐπαύριον
2919 5086 3149 5159 ἐμελὲτα
3218 5089 3317 5155 τήν
3392 5090 3487 5160 μὶν
3560 5088 3878 5155 ἀποσκευὴν

2223 5178 2391 5231 ἐκεῖσε
2422 5175 2602 5230 λιπεῖν
2634 5176 2721 5229 καὶ
2751 5176 2817 5231 τὰ
2847 5179 3070 5249 περιττὰ
3101 5180 3196 5230 τοῦ
3224 5182 3477 5251 πρατοῦ,
3508 5175 3665 5237 αὐτὸς
3699 5174 3757 5230 δὲ
3780 5175 3879 5231 εὔ-

2225 5274 2389 5335 ζωνος
2422 5264 2674 5327 ἀπελθεῖν
2706 5266 2792 5318 καὶ
2826 5266 3088 5337 συμμῖξαι
3114 5270 3230 5327 τοῖς
3260 5265 3539 5327 ἐναντίοις.
3574 5271 3734 5343 ’ᾨετο
3764 5268 3882 5341 γὰρ

1639 5410 2011 5466 XYLANDRI
2051 5413 2142 5467 ET
2184 5411 2402 5468 GOARI
2443 5409 2677 5465 NOTAE.

526 5522 637 5591 (40)
667 5522 828 5575 Sicut
877 5526 1012 5576 ante
1060 5519 1289 5587 Bulgari
1352 5517 2106 5591 comitopulidicebantur,

454 5589 540 5647 ita
580 5589 738 5646 hunc
785 5608 891 5663 ego
924 5610 953 5646 a
990 5592 1224 5663 Francis
1254 5589 1587 5663 oriundum
1643 5589 1823 5663 tuisse
1872 5589 2103 5663 colligo,

454 5660 1004 5737 Francigenam,qui
1034 5662 1299 5737 fortassis
1326 5668 1687 5737 cu_m__turma
1711 5660 1910 5737 aliqua
1934 5660 2108 5737 Fran-

454 5732 953 5807 corum'equitum
989 5732 1279 5805 stipendia
1312 5734 1422 5788 sub
1454 5732 1839 5788 Monomacho
1885 5732 2103 5801 fecerit,

2220 5523 2283 5572 ut
2314 5534 2493 5587 supra
2524 5515 2833 5569 Arduenus
2892 5515 3000 5587 sub
3052 5514 3356 5570 Michaelo.
3412 5515 3480 5569 Et
3529 5532 3668 5569 sane
3718 5514 3893 5573 infra

2220 5586 2421 5643 Franci
2456 5588 2735 5641 dicuntur
2764 5587 2819 5641 in
2857 5586 3043 5641 Iberia
3074 5587 3393 5655 militasse;
3425 5592 3483 5641 et
3512 5588 3569 5640 in
3615 5588 3887 5643 Stratio-

2217 5661 2330 5716 tico
2363 5660 2580 5714 diserte
2628 5658 2957 5714 ostenditur
3002 5659 3134 5731 quis
3185 5658 3360 5715 fuerit
3400 5658 3510 5714 iste
3560 5658 3892 5718 Erbebius.

2216 5734 2359 5787 XYL.
