4070 6334
156 381 248 440 3ἰ9

1254 371 1803 438 HISTORIARUM
1848 369 2396 435 COMPENDIUM.

3414 385 3537 447 330

153 504 370 565 αὗτοῦοεῖ
418 507 671 585 ἀφρόνως
722 506 953 567 τούτους
1000 505 1271 579 αἱρήσειν,
1303 503 1392 559 καὶ
1437 501 1628 558 ἐδεδίει
1686 502 1767 558 καί

1890 503 1999 559 fuit
2027 520 2165 577 erga
2189 521 2271 575 se,
2304 510 2362 560 et
2391 506 2640 578 Kegenis
2671 522 2863 564 casus.
2916 510 3001 565 Ad
3032 514 3360 571 extremum
3397 531 3533 572 cum

154 595 382 676 φροντίδα
429 595 635 660 ἀτίθετο
682 597 758 667 μή
807 615 892 656 τις
942 591 1125 648 λαθὼν
1172 590 1478 668 διαδράσειε
1517 594 1655 667 (41),
1686 593 1774 649 καὶ

156 688 236 742 οὐκ
288 687 445 747 αὐτὸς
496 684 683 758 μόνος,
722 682 869 739 ἀλλᾶ
923 682 1015 737 καὶ
1073 683 1100 736 ὁ
1151 680 1367 754 σύμπας
1398 683 1645 756 στρατόςο
1679 681 1776 736 ἐπ-

157 775 376 854 εφέροντο
425 775 529 848 γὰρ
581 772 669 828 καὶ
716 768 965 827 καλώδια
1007 771 1097 825 καὶ
1146 769 1363 843 λώρους
1395 771 1527 845 πρὸς
1568 772 1630 825 τὸ
1688 768 1775 825 δε-

155 870 286 936 σμεῖν
337 863 463 925 τοὺς
523 860 937 934 ἁλισκομένους.
996 862 1173 917 Τοῦτο
1226 857 1283 914 δὲ
1325 857 1507 914 ἐδίδου
1564 859 1777 922 τούτοις

157 954 377 1008 ὑπονοεῖν
410 953 471 1006 τὸ
501 952 618 1006 κατ’
648 950 822 1024 ἀρχὰς
872 948 1254 1024 ἆπιγινόμενον
1316 947 1392 1011 εἷς
1447 947 1640 1011 αὐτοὺς
1689 948 1776 1003 ἐπὶ

154 1047 230 1096 τοῦ
306 1042 564 1115 Κεγένους
650 1043 869 1111 πτῶμα.
955 1032 1176 1109 Ἀμέλει
1251 1036 1341 1091 καὶ
1430 1038 1773 1107 συναίσθησιν

156 1125 407 1186 λαϐόντων
438 1134 547 1184 τῶν
577 1127 925 1197 ΙΙατζινάκων
965 1129 1064 1195 τῆς
1113 1123 1444 1187 ἐπιλεύσεως
1488 1130 1596 1180 τῶν
1642 1130 1772 1179 Ῥω-

156 1220 304 1291 μαίων
361 1216 494 1290 (ἤδη
551 1218 654 1293 γὰρ
687 1216 775 1271 καὶ
806 1215 1053 1290 ὁΤυρὰχ
1081 1214 1168 1268 καὶ
1224 1215 1275 1268 οἱ
1330 1212 1420 1267 σὺν
1472 1214 1621 1285 αὐτῷ
1673 1221 1772 1284 τῆς

152 1307 336 1372 πόλεως
361 1306 724 1370 ἀπολυθέντες
754 1302 1018 1380 ἄρχοντες
1050 1301 1336 1363 ἐνωθὲντες
1394 1303 1532 1371 ἦσαν
1589 1302 1775 1365 αὐτοῖς

150 1396 224 1451 καὶ
247 1399 307 1452 τὰ
337 1397 685 1472 συμφέροντα
711 1393 927 1455 τούτοις
960 1388 1307 1460 ἐσπούδαζον,
1342 1391 1521 1467 μακρὰ
1560 1391 1772 1466 χαίρειν

150 1485 364 1551 εἷπόντες
408 1490 525 1546 ταῖς
572 1484 708 1557 πρὸς
755 1483 846 1536 τὸν
900 1481 1236 1556 Μονομάχον
1294 1480 1641 1555 ὑποσχέσεσι)
1683 1482 1768 1535 καὶ

149 1571 548 1650 προδραμόντων
591 1576 699 1628 τῶν
752 1568 1171 1644 ἀλκιμωτέρων,
1196 1569 1294 1624 καὶ
1332 1573 1428 1624 τοῦ
1497 1570 1772 1642 Κεκαυμὲ-

149 1685 229 1717 νου
259 1663 507 1739 μὲγιστον
535 1656 879 1722 ἀναϐοῶντος
907 1659 997 1714 καὶ
1024 1657 1470 1734 παρακαλοῦντος
1513 1662 1604 1713 νῦν
1638 1659 1771 1713 εἶναι

151 1752 306 1826 καιρὸν
364 1750 717 1824 συμπλοκῆς,
769 1750 1004 1819 ὁπηνίκα
1061 1745 1327 1825 σποράδες
1382 1746 1484 1802 εἰσὶ
1538 1747 1628 1802 καὶ
1690 1745 1770 1801 δι-

152 1841 471 1913 εσπαρμὲνοι,
528 1840 614 1894 καὶ
678 1839 753 1910 μὴ
808 1836 1119 1913 περιμένειν
1171 1837 1233 1891 τὸ
1284 1837 1421 1890 ἅπαν
1474 1835 1767 1909 ἄθροισμα,
1800 1866 1847 1932 Β

153 1928 233 1983 οὐκ
256 1929 434 2003 ἐπῄνει
471 1930 569 2001 μὶν
609 1928 698 1983 καὶ
727 1927 789 1982 τὸ
821 1925 1015 1982 λοιπὸν
1067 1924 1284 1994 πλῆθος
1341 1929 1448 1979 τῶν
1480 1924 1770 1999 Ῥωμαίων

151 2018 256 2080 τοὺς
304 2018 506 2073 ὶκείνου
564 2015 791 2091 λόγους,
838 2017 867 2070 ὁ
926 2012 984 2069 δὲ
1041 2013 1277 2091 ραίκτωρ
1335 2014 1425 2068 καὶ
1483 2019 1770 2093 προφανῶς

151 2105 405 2181 κατεγέλα,
463 2131 493 2158 «
579 2109 808 2171 Παῦσαι,
868 2101 1066 2177 λέγων,
1126 2103 1171 2157 ὦ
1256 2101 1619 2177 στρατηλάτα,
1678 2103 1767 2158 καὶ

148 2195 265 2266 ἐμοῦ
314 2198 743 2271 πρατηγοῦντος
792 2191 952 2254 αὐτὸς
1033 2193 1109 2264 μὴ
1165 2193 1640 2268 παραοτρατήγει⁸
1704 2192 1765 2247 οὗ

149 2287 242 2359 χρὴ
294 2285 389 2360 γὰρ
451 2281 869 2357 διεπαρμᾶνοις
924 2281 1445 2351 ἐπιθήσεσθαι“τοῖς
1503 2280 1764 2351 Ηατζινά-

148 2395 262 2438 κοις,
305 2377 376 2446 μή
431 2393 550 2434 πως
602 2372 890 2445 πτυρέντες
945 2367 1317 2425 ὑποδύσωνται
1369 2369 1463 2430 τὰς
1520 2368 1762 2444 λόχμας.

146 2463 284 2534 Ἐμοὶ
313 2461 367 2517 δὲ
395 2460 841 2526 ἀκολουθοῦντες,
874 2461 919 2514 ὧ
964 2465 1082 2530 τᾶν,
1116 2458 1178 2512 οὐ
1221 2459 1553 2533 παρὲπονται
1604 2470 1767 2533 θηρα-

144 2552 266 2606 τικοὶ
317 2552 491 2619 κύνες,
523 2547 716 2610 οἵτινες
773 2548 1192 2624 ῥινηλατοῦντες
1248 2547 1513 2620 ἐξάξουσιν
1569 2546 1763 2611 αὐτοὺς

143 2646 233 2693 τῶν
262 2644 597 2718 καταφυγῶν.
629 2661 656 2689 ››
695 2638 793 2692 Καὶ
839 2637 907 2691 τὰ
964 2637 1059 2710 μὶν
1115 2641 1221 2691 των
1280 2637 1571 2709 Ῥωμαίων
1626 2636 1762 2705 ἦσαν

144 2728 186 2783 ἐν
210 2730 431 2799 τοότοις,
465 2730 518 2783 οἱ
545 2726 603 2783 δὶ
650 2725 959 2801 πρόδρομοι
989 2731 1096 2780 τῶν
1127 2730 1322 2794 Πατζιν
1338 2725 1473 2779 ἑκων
1529 2723 1766 2793 πλησίον

141 2819 388 2889 γενόμενοι
444 2824 545 2886 τῆς
615 2809 978 2890 παρεμϐολῆς
1036 2817 1143 2868 τῶν
1201 2812 1511 2885 Ῥωμαίων,
1569 2814 1763 2888 μικρὸν

146 2905 481 2970 ἐκκλίναντες,
542 2900 1025 2979 στρατοπεδεύουσι
1080 2901 1171 2956 καὶ
1246 2900 1424 2967 αὐτοὶ,
1475 2900 1565 2954 καὶ
1648 2906 1766 2965 τοῖς

146 2989 338 3058 ὄπισθεν
368 2992 629 3064 δηλοῦσιν
670 2992 822 3061 ἥκειν
868 2992 969 3060 τὴν
1006 2991 1297 3066 ταχίστην.
1349 2992 1429 3063 [Ρ.
1459 2991 1585 3063 785]
1620 2991 1765 3043 Πάν-

141 3104 235 3136 των
287 3082 330 3137 δ’
387 3081 652 3137 ἐλθόντων
709 3082 798 3135 καὶ
857 3079 1182 3147 ἑνωθέντων,
1240 3082 1307 3153 τῇ
1368 3078 1621 3152 ἐπαύριον
1680 3078 1758 3151 ἐξι

142 3173 411 3246 αγαγόντος
465 3175 563 3226 τοῦ
613 3169 912 3245 ῥοίκτωρος
966 3170 1061 3230 τὰς
1118 3168 1427 3240 Ῥωμαϊκὰς
1506 3164 1760 3240 δυνάμεις

1885 593 2639 665 persensissentPatzinacaa
2654 596 2967 654 adventum
2981 602 3378 658 Romanorum
3392 603 3532 675 (jam

1885 682 2041 738 enim
2072 688 2129 736 et
2165 682 2409 755 Tyrach,
2443 688 2498 738 et
2546 684 2647 754 qui
2678 701 2811 739 cum
2858 686 2987 758 ipso
3016 695 3182 745 erant
3211 682 3533 764 principes,

1885 772 1958 827 ab
2002 771 2143 826 urbe
2192 770 2417 827 dimissi
2467 789 2600 827 cum
2636 773 2781 844 ipsis
2825 791 2954 831 sese
3001 778 3444 850 conjunxerant,
3477 786 3536 839 et

1885 860 2166 930 quidquid
2194 859 2276 914 eis
2309 860 2600 931 expediret
2634 862 2896 918 studiose
2925 866 3254 939 curabant),
3289 868 3531 926 omissis

1885 948 1957 1003 iis
1981 965 2106 1020 quas
2131 949 2514 1004 Monomacho
2547 949 2791 1021 polliciti
2826 952 3079 1025 fuerant,
3101 963 3155 1011 et
3186 957 3533 1014 conﬂuenti-

1884 1039 1995 1093 bus
2027 1037 2367 1093 fortioribus
2398 1038 2753 1110 quibusque,
2775 1057 2837 1095 se
2863 1042 3080 1113 Optime
3102 1044 3528 1115 instruxerant;

1883 1131 1942 1181 et
1968 1126 2289 1183 Combusto
2320 1126 2475 1182 clara
2507 1144 2642 1182 voce
2683 1127 3048 1186 exclamante
3080 1138 3135 1187 et
3180 1135 3532 1191 admonente

1885 1232 2043 1271 nunc
2090 1231 2300 1288 pugnze
2348 1222 2582 1287 tempus
2625 1233 2775 1282 esse,
2827 1234 2961 1273 cum
3008 1219 3120 1291 ipsi
3173 1221 3420 1293 dispersi
3463 1240 3531 1281 ac

1882 1303 2154 1374 dissipati
2185 1310 2342 1373 sunt,
2377 1321 2565 1375 neque
2611 1308 3066 1376 exspectandum
3107 1313 3297 1382 quoad
3330 1329 3534 1370 omnes

1883 1393 2062 1449 simul
2112 1397 2481 1464 cogerentur,
2538 1391 2819 1450 laudabat
2868 1396 3092 1468 reliqua
3132 1402 3532 1457 Romanorum

1883 1480 2201 1536 multitudo
2244 1480 2373 1551 ejus
2402 1480 2732 1536 consilium.
2771 1488 2847 1537 At
2877 1490 3068 1540 rector
3105 1492 3303 1558 aperte
3335 1489 3535 1546 irride-

1883 1572 1999 1625 bat.
2056 1568 2283 1635 Desine,
2344 1569 2554 1641 inquit,
2610 1587 2642 1626 ο
2703 1571 2911 1627 ductor
2967 1576 3275 1646 exercitus,
3335 1583 3391 1633 et
3438 1596 3532 1636 me

1881 1659 2160 1715 exercitui
2193 1658 2517 1729 imperante
2548 1675 2620 1714 ne
2650 1666 2854 1716 contra
2888 1662 3143 1733 imperes
3176 1681 3190 1720 :
3228 1682 3341 1721 non
3372 1666 3528 1722 enim

1882 1748 2131 1819 dispersi
2177 1747 2499 1803 Patzinacze
2547 1751 2687 1803 sunt
2734 1748 3068 1817 invadendi,
3104 1769 3174 1808 ne
3220 1754 3368 1811 forte
3400 1773 3529 1827 per-

1882 1837 2100 1891 turbati
2160 1836 2353 1907 sylvas
2404 1836 2670 1891 subeant.
2728 1837 2816 1892 Me
2866 1843 3059 1896 autem
3107 1847 3445 1914 sequentes,
3494 1861 3528 1901 ο

1881 1924 2085 1992 amice,
2120 1942 2233 1979 non
2266 1926 2484 1980 adsunt
2513 1925 2759 1980 venatici
2789 1943 2987 1994 canes,
3029 1929 3127 2001 qui
3177 1930 3528 2004 indagantes

1877 2012 2039 2083 ipsos
2071 2030 2101 2068 e
2132 2011 2294 2082 locis,
2328 2029 2442 2085 quo
2466 2014 2858 2088 confugerint,
2885 2016 3158 2073 educant.
3192 2020 3261 2074 Et
3291 2037 3382 2076 res
3413 2020 3529 2077 Ro-

1880 2118 2190 2157 manorum
2215 2102 2297 2157 ita
2318 2119 2378 2157 se
2401 2101 2716 2159 habebant.
2732 2105 3111 2178 Antesignani
3136 2112 3329 2163 autem
3349 2110 3532 2165 Patzi-

1879 2207 2152 2245 nacarum
2188 2191 2340 2247 599
2377 2206 2511 2246 cum
2557 2192 2765 2249 castris
2808 2195 3384 2267 appropinquassent
3417 2199 3529 2255 Ro-

1877 2296 2210 2341 manorum,
2241 2279 2481 2350 paulum
2518 2266 2892 2337 deﬂectentes
2924 2281 3035 2354 ipsi
3068 2266 3302 2357 quoque
3331 2290 3528 2342 castra

1876 2368 2090 2437 locant,
2124 2373 2179 2423 et
2205 2369 2590 2439 sequentibus
2638 2369 2974 2442 significant
3022 2389 3198 2444 quam
3226 2375 3529 2433 celerrime

1877 2458 2296 2513 accedendum.
2331 2458 2596 2528 Cumque
2627 2475 2832 2514 omnes
2866 2460 3164 2517 venissent
3191 2468 3249 2518 et
3278 2465 3525 2537 conjun-

1875 2546 1949 2601 cti
2006 2551 2225 2607 essent,
2284 2562 2349 2600 ac
2402 2546 2686 2618 postridie
2738 2553 2930 2603 rector
2991 2554 3281 2608 Romanas
3329 2554 3526 2626 copias

1874 2636 2197 2703 eduxisset,
2228 2635 2340 2707 ipsi
2388 2651 2620 2707 quoque
2671 2643 2873 2693 contra
2923 2638 3194 2697 instructi
3245 2642 3304 2697 in
3336 2644 3521 2700 aciem

1876 2725 2215 2797 procedunt.
2264 2725 2578 2780 Obtinebat
2608 2726 2876 2781 Romanae
2918 2727 3227 2802 phalangis
3258 2731 3521 2789 medium

1876 2818 2066 2869 rector
2096 2813 2109 2866 i
2118 2830 2240 2885 pse,
2277 2813 2480 2868 dextro
2512 2830 2689 2869 cornu
2722 2821 2966 2887 praeerat
2985 2818 3360 2889 Combustus,
3385 2822 3523 2878 sini-

1876 2908 1997 2959 stro
2033 2902 2453 2973 FrancOpulus,
2485 2903 2922 2977 commissaque
2970 2923 3168 2979 pugna
3206 2910 3523 2983 proﬂigan-

1874 2999 1969 3046 tur
1989 2991 2259 3055 Romani,
2286 3007 2417 3045 cum
2448 2992 2702 3062 primum
2727 2995 2905 3049 duces
2927 2994 3037 3066 ipsi
3060 2997 3118 3051 in
3148 2997 3347 3071 fugam
3369 3000 3523 3057 versi

1874 3084 2093 3135 essent.
2127 3079 2233 3143 Qui
2268 3096 2340 3135 ne
2373 3080 2587 3150 pedum
2639 3081 2871 3151 quidem
2920 3099 3207 3154 equorum
3240 3088 3524 3158 sonitum,

1876 3176 1939 3222 ut
1969 3169 2155 3235 aiunt,
2188 3168 2547 3224 sustinentes
2578 3168 2689 3224 fusi
2723 3176 2863 3225 sunt
2890 3177 2948 3227 et
2976 3173 3162 3245 fugati
3189 3192 3202 3230 :
3227 3176 3391 3233 solus
3422 3194 3523 3233 au-

137 3260 660 3336 ἀντιπαρατάττονται
713 3259 804 3313 καὶ
858 3257 1035 3328 αὐτοὶ,
1092 3257 1182 3311 καὶ
1234 3261 1352 3318 τοῖς
1406 3254 1623 3319 ὄπισθεν
1682 3250 1758 3310 ἔτι

1878 3263 1989 3312 tem
2023 3233 2380 3312 Combustus
2421 3273 2552 3312 cum
2603 3257 2728 3314 suis
2758 3233 3136 3318 ministrisvet
3164 3264 3524 3335 quibusdam

141 3345 375 3418 δηλοῦσιν
436 3349 587 3418 ἥκειν
640 3350 741 3418 την
798 3347 1087 3422 ταχίστην.
1122 3345 1343 3400 Πάντων
1401 3342 1447 3399 δ’
1492 3343 1760 3408 ἐλθόντων

138 3438 208 3491 nl
250 3439 571 3503 ἑνωθέντων,
626 3436 701 3497 ὡς
774 3431 998 3513 ἔφαμεν,
1055 3432 1409 3508 ἐξαγαγόντος
1473 3438 1570 3487 τοῦ
1645 3431 1760 3509 ῥαί-

146 3548 334 3596 κτωρος
409 3527 505 3588 τὰς
554 3526 860 3598 Ῥωμαϊκὰς
942 3520 1212 3597 δυνάμεις,
1274 3523 1388 3598 εἶχε
1478 3523 1572 3595 μὶν
1661 3528 1761 3591 τῆς

145 3617 435 3685 Ῥωμαϊκῆς
467 3612 754 3693 φάλαγγος
797 3613 962 3676 αὐτὸς
988 3613 1051 3667 τὸ
1087 3611 1247 3685 μέσον
1299 3613 1327 3666 ὁ
1377 3610 1637 3687 βαίκτωρ,
1666 3614 1762 3666 τοῦ

141 3702 294 3773 ἶεξιοῦ
341 3703 399 3760 δὲ
455 3704 681 3779 κέρατος
741 3703 913 3777 ἦρχεν
964 3702 993 3756 ὁ
1035 3698 1394 3773 Κεκαυμίνος,
1429 3699 1653 3774 θατέρου
1706 3698 1763 3755 δὲ

139 3791 610 3870 ἧφραγγόπωλος.
645 3786 945 3863 Συμϐολῆς
987 3788 1046 3845 δὲ
1088 3790 1392 3865 γενομένης
1424 3788 1519 3843 οὐκ
1570 3783 1758 3860 ἔμενον

140 3884 179 3934 vi.
225 3888 505 3955 Ῥωμαῖοι,
562 3885 670 3935 τῶν
733 3883 1052 3953 στρατηγῶν
1104 3880 1335 3954 πρώτων
1397 3876 1758 3932 ἐκκλινάντων

142 3972 252 4043 πρὸς
303 3973 402 4040 τὴν
455 3972 647 4049 φυγήν.
682 3967 850 4024 Αὐτοὶ
914 3967 1008 4039 μὲν
1067 3966 1169 4041 γὰρ
1233 3963 1373 4039 μηδὲ
1410 3966 1502 4020 τὸν
1535 3964 1760 4037 κτύπον,

151 4064 200 4121 ἷες
229 4082 404 4138 φασιν,
434 4066 541 4114 τῶν
585 4055 773 4112 ποδῶν
830 4061 939 4110 τῶν
1000 4052 1181 4109 ἵππων
1243 4054 1548 4129 ἐνεγκόντες
1608 4054 1761 4130 ἐτρά-

142 4171 314 4218 πησαν,
349 4149 512 4222 μόνος
570 4145 626 4203 δέ
691 4148 718 4200 ὁ
778 4143 1117 4218 Κεκαυμὲνος
1190 4143 1324 4217 μετὰ
1394 4148 1502 4198 τῶν
1571 4145 1764 4198 ἑαυτοῦ

149 4238 250 4299 τεὰς
278 4238 618 4308 θεραπόντων
647 4233 738 4289 καί
785 4254 943 4288 τινων
993 4237 1263 4308 συγγενῶν
1313 4229 1641 4307 ὀλιγοστῶν,
1672 4234 1760 4287 καὶ

148 4329 374 4394 ’ρωϊκῶς
414 4325 819 4400 ἀγωνισάμενος
867 4319 1022 4377 ἔπεσε
1072 4320 1206 4394 μετὰ
1251 4321 1465 4375 πάντων
1514 4325 1623 4375 τῶν
1674 4319 1766 4374 σὺν

147 4414 287 4483 siti).
344 4418 542 4468 Τοῦτον
616 4412 712 4484 μὶν
778 4409 869 4465 οὖν
944 4408 1042 4464 οὐκ
1099 4408 1409 4481 ἐτόλμησαν
1468 4406 1655 4478 διῶξαι
1713 4407 1765 4462 οἷ

146 4504 445 4571 ἴςιτζινάκοι
519 4497 735 4574 ἐνέδρας
824 4499 1175 4568 πτοηθέντες,
1232 4497 1319 4551 καὶ
1406 4497 1551 4572 παρᾶ
1606 4501 1766 4551 τοῦτο

1873 3346 2076 3418 paucis
2125 3346 2389 3417 cognatis
2438 3351 2675 3401 strenue
2722 3348 3030 3406 decertans
3060 3368 3194 3408 cum
3246 3354 3524 3411 omnibus

1872 3435 1999 3491 suis
2031 3435 2087 3490 in
2124 3435 2320 3508 praalio
2370 3436 2664 3492 occubuit.
2713 3437 2869 3494 Alios
2922 3442 3195 3513 persequi
3244 3460 3360 3499 non
3393 3445 3522 3502 ausi

1871 3529 2012 3580 sunt
2043 3525 2381 3593 Patzinacae,
2415 3524 2665 3580 insidias
2694 3527 2863 3582 veriti
2891 3546 2906 3595 ;
2939 3535 2996 3584 et
3025 3530 3242 3587 idcirco
3272 3532 3521 3589 Romani

1871 3612 2086 3668 servari
2109 3617 2423 3683 potuerunt
2442 3613 2787 3670 incolumes.
2813 3618 3052 3674 Interim
3077 3625 3273 3675 autem
3297 3637 3397 3678 eos
3416 3623 3519 3694 qui

1871 3702 2200 3756 ceciderant
2245 3701 2506 3772 praedati,
2540 3703 2841 3775 armisque
2873 3705 3078 3762 multis
3112 3708 3278 3779 potiti
3309 3718 3365 3765 et
3405 3711 3519 3766 Ro-

1871 3806 2178 3845 manorum
2226 3789 2691 3859 impedimentis,
2723 3792 3105 3851 tabernacula
3134 3801 3363 3867 ponunt
3410 3798 3523 3853 sub

1872 3879 2271 3934 Romanorum
2319 3877 2561 3933 vallum.
2586 3882 2657 3934 Et
2687 3880 2930 3951 quidam
2976 3882 3346 3951 Patzinacus,
3370 3885 3525 3942 Cali-

1874 3984 1979 4023 nos
2014 3967 2271 4031 nomine,
2296 3966 2395 4037 qui
2428 3975 2662 4022 noverat
2684 3969 2878 4039 qualis
2907 3978 3062 4027 esset
3080 3974 3438 4030 Combustus
3459 3991 3528 4030 ex

1873 4072 1988 4127 quo
2020 4054 2117 4110 ille
2150 4054 2379 4126 prefuit
2426 4055 2661 4126 oppidis
2706 4057 2776 4112 ad
2806 4060 3022 4115 Istrum
3074 4061 3205 4117 sitis
3233 4068 3292 4118 et
3321 4068 3529 4131 gentes

1874 4144 2026 4199 inter
2057 4161 2118 4199 se
2147 4143 2328 4199 libero
2359 4146 2711 4200 commercio
2745 4147 3166 4214 miscebantur,
3199 4167 3332 4207 cum
3365 4168 3528 4224 repe-

1873 4234 2047 4288 risset
2078 4249 2211 4287 eum
2244 4232 2397 4288 inter
2442 4233 2727 4289 cadavera
2760 4234 3054 4305 jacentem
3108 4254 3176 4293 ac
3223 4239 3527 4310 spoliaret,

1875 4322 1971 4377 ubi
2026 4338 2370 4376 conversum
2420 4321 2616 4393 ipsum
2669 4340 2703 4377 a
2754 4324 2897 4380 facie
2949 4327 3186 4396 agnovit
3237 4333 3293 4384 et
3337 4330 3531 4384 adhuc

1874 4410 2193 4480 spirantem
2225 4410 2630 4482 deprehendit,
2665 4411 2725 4466 in
2756 4427 2974 4483 equum
3007 4414 3290 4487 imposuit
3324 4434 3339 4473 :
3374 4420 3531 4475 600

1867 4498 2104 4570 jacebat
2149 4499 2305 4553 enim
2358 4505 2581 4562 mutus,
2628 4502 2783 4571 quod
2837 4500 3080 4560 lethales
3131 4504 3336 4578 plagas
3377 4524 3535 4564 acce-

146 4586 452 4659 ἰασωθῆναι
516 4589 748 4665 τ’σχυσαν
805 4587 1007 4648 ἀσινεῖς
1063 4586 1115 4640 οἳ
1174 4587 1475 4658 Ῥωμαῖοι·
1520 4584 1658 4646 τέως
1710 4582 1767 4641 δὲ

1878 4588 2079 4659 pisset,
2126 4588 2369 4643 alteram
2423 4589 2479 4642 in
2511 4605 2579 4643 ea
2629 4595 2792 4660 parte
2840 4591 3054 4661 capitis
3100 4610 3230 4665 quas
3279 4595 3535 4654 calvaria

144 4678 247 4740 τὼς
302 4679 557 4739 πεσόντας
601 4674 1025 4737 σκυλεύσαντες,
1080 4676 1171 4729 καὶ
1224 4673 1452 4730 πολλῶν
1504 4674 1758 4750 ἁρμάτων

142 4768 400 4838 γινόμενοι
459 4767 638 4840 κΰριοι
690 4765 779 4820 καὶ
835 4765 1005 4834 αὐτῆς
1034 4770 1134 4833 τῆς
1184 4765 1500 4836 Ῥωμαϊκῆς
1550 4783 1762 4838 παρεμ-

146 4856 293 4925 ὶνλῆς
348 4858 438 4910 σὺν
621 4856 921 4928 ἀποσκευῇ,
979 4858 1406 4925 κατασκηνοῦσιν
1478 4854 1582 4909 ὑπὸ
1662 4855 1763 4923 τὴν

140 4946 429 5016 ’λημαϊκήν
492 4945 718 5018 τάφρον.
784 4943 879 4998 Καί
958 4964 1040 5004 τις
1123 4940 1181 4998 δὲ
1262 4944 1591 5012 Πατζινάκος
1668 4943 1766 5011 τήν

139 5041 309 5101 μῆτιν
369 5032 615 5097 Γαλῖνος,
677 5030 834 5094 εἷδὼς
890 5033 983 5087 τὸν
1046 5031 1390 5104 Κεκαυμὲνον
1450 5030 1565 5093 οἷός
1622 5029 1762 5086 ἐστιν

142 5120 179 5188 ξξ
221 5124 445 5197 ὅτουπερ
479 5121 622 5197 ἦρχε
651 5125 759 5176 τῶν
790 5122 936 5197 παρᾶ
976 5124 1057 5193 τῷ
1102 5122 1301 5197 Ἴστρῳ
1352 5119 1625 5196 φρουρίων
1676 5118 1765 5174 καὶ

1875 4677 2109 4743 dicitur,
2157 4677 2316 4730 nuda
2365 4676 2604 4748 (quippe
2652 4679 2782 4746 ejus
2814 4679 2981 4747 galea
3027 4682 3369 4756 deciderat),
3404 4702 3535 4755 per-

1875 4767 2161 4821 tinentem
2191 4783 2224 4819 a
2254 4765 2463 4820 vertice
2495 4766 2564 4820 ad
2599 4768 2953 4838 supercilia;
2988 4768 3232 4827 alteram
3269 4773 3327 4826 in
3361 4773 3531 4841 collo,

1876 4855 1973 4909 ubi
1995 4854 2196 4924 lingua
2221 4852 2473 4908 radicem
2500 4854 2695 4923 habet,
2718 4872 2905 4927 usque
2929 4858 2997 4912 ad
3022 4875 3087 4913 os
3111 4864 3533 4928 penetrantem:

1876 4958 2353 5013 exsanguemque
2396 4941 2561 4997 illum
2616 4943 2674 4996 in
2723 4960 2896 4999 suum
2949 4947 3395 5004 tabernaculum
3429 4950 3533 5005 ad-

1878 5031 2065 5086 duxit.
2099 5032 2277 5096 Quem
2314 5046 2447 5084 cum
2478 5029 2792 5102 diligenter
2817 5037 2874 5088 et
2903 5042 3173 5089 accurate
3194 5037 3384 5091 curari
3418 5042 3539 5093 stu-

1879 5120 2130 5185 duisset,
2168 5120 2243 5173 ita
2294 5119 2546 5174 servavit
2594 5126 2662 5174 ut
2711 5127 3066 5193 superesset.
3120 5124 3187 5179 Et
3216 5125 3535 5183 Patzinacaa

1310 5260 1704 5318 XYLANDRI'
1724 5261 1818 5317 ET
1857 5260 2079 5317 GOARI
2119 5259 2349 5314 NOTIE.

205 5380 312 5451 [41)
342 5380 440 5436 Hic
470 5380 526 5434 in
562 5379 761 5434 codice
786 5379 901 5433 fere
923 5377 1149 5451 integra
1182 5376 1397 5451 pagina
1428 5379 1556 5451 e_rat
1574 5392 1778 5451 vacua.

150 5448 323 5517 Deest,
348 5458 410 5507 ut
428 5452 699 5521 conjicio,
727 5448 1328 5517 descriptioadverSae
1361 5450 1415 5521 in
1442 5448 1780 5521 Patzinacas

152 5538 346 5595 pugnae
372 5519 682 5595 Nicephori
733 5521 998 5587 rectoris,
1031 5527 1086 5595 et
1117 5520 1526 5595 impressiouis
1566 5519 1783 5595 deinde

153 5590 569 5650 Patsinacaruin
604 5594 858 5664 alicujus
906 5598 964 5647 et
994 5593 1063 5646 ad
1114 5590 1308 5662 ipsum
1346 5607 1532 5663 usque
1566 5590 1781 5661 Byzan-

150 5665 281 5722 tium
332 5665 715 5731 excursionis,
769 5681 875 5721 nec
920 5680 1037 5720 non
1082 5680 1199 5736 qua
1257 5664 1481 5719 ratione
1529 5666 1785 5735 Kegenes

445 5795 708 5856 Ριτιιοι..
757 5793 869 5855 Gs.
919 5790 1160 5853 CXXII.

1891 5375 2038 5430 urbe
2065 5373 2342 5454 emissus,
2374 5373 2567 5454 fuerit.
2598 5376 2733 5454 __Sed_
2762 5376 2857 5454 hic
2881 5379 3156 5454 Zonaras
3190 5397 3296 5436 nos
3330 5382 3543 5454 juvare

1891 5463 2007 5500 non
2045 5452 2254 5516 potest,
2288 5450 2353 5500 ut
2382 5446 2523 5501 certi
2558 5447 2777 5516 aliquid
2811 5450 3089 5516 sciamus,
3124 5468 3256 5506 cum
3288 5446 3383 5508 vi'x
3414 5454 3542 5509 atti-

1932 5519 2039 5572 erit
2072 5516 2221 5571 hanc
2254 5520 2372 5569 tam
2407 5516 2639 5587 longam
2672 5525 2722 5571 et
2750 5520 2967 5574 variam
2994 5522 3297 5580 historiam
3320 5524 3450 5581 XYL.
3476 5557 3544 5568 —

1940 5604 2186 5645 acunam
2224 5588 2629 5661 supplevimus
2650 5606 2717 5647 ex
2738 5590 2987 5666 Scylitza
3039 5593 3221 5651 Goaa.

3147 5795 3218 5856 11
