4038 6334
485 387 596 447 331

1839 385 2150 446 GEORGII
2197 389 2526 447 Ct‘DltENl

3763 403 3869 460 332

484 517 582 590 qui
617 517 697 572 ita
727 515 894 572 facile
929 493 1300 570 invadentem
1349 515 1664 570 exercitum
1701 515 2103 586 propulsarent

2248 517 2600 592 ἀνεμίγνυντο
2632 517 2906 590 ἀλλήλοις
2937 523 3004 576 τά
3033 523 3187 598 γένη,
3221 524 3393 600 εὑρὼν
3447 527 3604 582 αὐτὸν
3667 527 3716 583 έν
3773 537 3878 592 τοῖς

483 607 662 663 libere
690 607 898 662 deinde
929 623 995 662 ac
1027 606 1154 661 sine
1200 611 1354 659 metu
1411 606 1806 660 Romanorum
1842 607 2134 677 regionem

482 697 914 769 praedabantur.
943 698 1266 766 Imperator
1284 701 1478 749 autem
1515 712 1615 764 per
1632 711 1730 748 eos
1749 695 1846 765 qui
1870 697 2136 762 fugerant

483 786 552 840 de
584 791 819 856 accepta
859 784 1024 838 clade
1075 785 1288 838 certior
1333 785 1539 852 factus,
1569 783 1755 837 doluit
1805 789 1866 836 ut
1893 801 1997 854 par
2027 795 2130 839 est.

481 887 590 940 Sed
626 901 833 939 rursus
863 884 1010 938 alias
1041 883 1238 954 capias
1269 887 1531 954 cogebat,
1555 889 1612 937 et
1642 900 1740 937 eas
1772 900 1896 953 quae
1927 901 2130 954 super-

484 977 736 1039 fuerant,
791 973 1184 1042 studebatque
1243 972 1566 1037 insequenti
1625 989 1777 1026 anno
1832 980 2127 1043 acceptam

482 1061 706 1118 cladem
733 1061 1090 1116 resarcire-'1
1109 1061 1254 1114 ertia
1277 1065 1470 1114 autem
1499 1059 1816 1113 indictione
1839 1060 2131 1114 anni6558

480 1151 923 1208 hetaeriarcham
973 1149 1415 1204 Constantinum
1473 1149 1674 1201 ducem
1728 1165 1858 1202 cum
1895 1165 2128 1203 summo

479 1239 724 1311 imperio
755 1238 1114 1294 declaratum
1143 1237 1464 1307 imperator
1497 1237 1549 1289 in
1573 1237 1903 1290 l’atzinacas
1927 1237 2124 1292 mittit.

475 1328 812 1399 Assumptis
861 1326 1045 1396 copiis
1097 1324 1212 1379 illis
1244 1341 1370 1395 quae
1421 1341 1608 1394 nuper
1637 1341 1704 1388 ex
1752 1324 1981 1379 Oriente
2011 1331 2124 1380 tra-
2160 1346 2172 1354 ·

471 1420 636 1490 jectaa
687 1415 938 1482 fuerant,
980 1419 1039 1469 et
1085 1413 1305 1468 coactis
1355 1413 1428 1466 iis
1479 1429 1607 1483 quae
1639 1413 1708 1468 ad
1755 1413 2122 1468 Occidentem

473 1505 834 1574 hiemabant,
869 1505 940 1558 ad
991 1502 1408 1573 AdrianOpolin
1459 1503 1889 1572 proﬁciscitur;
1929 1504 2125 1576 ibique

475 1599 808 1652 constructo
841 1590 1312 1664 profundorvallo
1344 1592 1822 1646 commorabatur
1851 1609 1980 1646 cum
2015 1611 2119 1662 0p—

474 1685 782 1741 timatibus
826 1682 1291 1737 considerasset
1333 1681 1642 1750 explorans
1677 1681 1830 1735 unde
1877 1681 1980 1736 υιιι
2000 1683 2120 1736 rius

473 1772 744 1848 progredi
777 1777 994 1844 posset.
1027 1769 1175 1824 Dum
1227 1785 1357 1823 vero
1391 1767 1510 1822 haec
1545 1768 1664 1835 ille,
1698 1769 1997 1841 cogitaret,
2033 1788 2120 1825 re-

2243 613 2454 677 νεκροῖς
2513 609 2758 680 κείμενον
2835 612 2924 664 καὶ
3002 612 3300 680 σκυλεύων,
3357 614 3474 669 ἐπεὶ
3533 620 3878 694 περιστρέψας

2243 694 2404 748 αὐτὸν
2465 695 2518 759 ἐς
2563 698 2624 752 τὸ
2684 698 2872 752 ὕπτιον
2931 699 3034 754 ἀπὸ
3090 699 3189 754 τοῦ
3277 702 3574 776 προσώπου
3630 703 3876 780 ἐγνώρισε

2241 784 2330 835 καὶ
2406 781 2697 840 κατέλαϐεν
2773 785 2848 841 ἔτι
2922 788 3243 860 ἐμπνέοντα,
3305 781 3514 855 ἐπιθεὶς
3578 793 3655 862 εἷς
3715 793 3872 848 Ἵππον

2242 869 2435 940 (ἔκειτο
2493 875 2593 949 γὰρ
2655 874 2865 952 ἄφωνος
2917 875 3005 930 διὰ
3060 879 3122 932 τὸ
3178 880 3389 953 καιρὲας
3423 875 3607 935 λαϐεῖν
3641 882 3874 956 πληγάς,

2245 968 2369 1040 μίαν
2433 971 2526 1042 μὲν
2581 973 2715 1026 κατὰ
2769 979 2979 1046 γυμνοῦ
3037 980 3132 1029 τοῦ
3189 978 3434 1049 κρανίου,
3490 981 3745 1042 πεσόντος
3787 985 3875 1034 τοῦ

2237 1059 2466 1130 κράνους
2529 1060 2713 1128 αὐτοῦ,
2771 1060 3064 1132 διήκουσαν
3119 1065 3224 1119 ἀπὸ
3281 1068 3524 1142 κορυφῆς
3580 1069 3710 1142 ἄχρι
3775 1074 3872 1123 τῶν

2241 1146 2482 1220 ὀφρύων,
2540 1149 2719 1219 ἑτέραν
2782 1149 2838 1205 δὲ
2923 1151 3028 1205 ἀπὸ
3108 1157 3204 1206 τοῦ
3286 1155 3597 1230 τραχήλου,
3658 1156 3874 1232 ἔνθαπερ

2235 1237 2269 1305 ἠ
2304 1235 2528 1310 γλῶσσα
2561 1238 2868 1314 ἐρρίζωται,
2901 1242 2988 1294 καὶ
3033 1237 3388 1314 διατεμοῦσαν
3449 1245 3538 1298 τὸν
3595 1245 3874 1320 τράχηλον

2234 1326 2322 1378 καί
2383 1325 2458 1388 εἰς
2516 1327 2578 1380 τὸ
2637 1329 2812 1400 στόμα
2869 1333 3158 1400 πεσοῦσαν,
3207 1331 3296 1384 καὶ
3355 1331 3572 1405 ἔξαιμος
3623 1335 3874 1409 γενέσθαι)

2236 1416 2505 1488 ἀπήγαγεν
2567 1415 2639 1476 εἷς
2707 1418 2806 1484 τήν
2865 1417 3054 1472 ἑαυτοῦ
3127 1421 3355 1489 σκηνὴν,
3421 1421 3510 1474 καὶ
3568 1421 3876 1494 ἰπιμελείας

2231 1503 2322 1556 καὶ
2391 1502 2676 1580 φροντίδος
2750 1505 2984 1574 ἀξιώσας
3069 1508 3441 1581 περιεποίησε.
3499 1512 3597 1564 Καὶ
3671 1513 3723 1565 οἱ
3784 1513 3870 1584 μὲν

2237 1593 2732 1660 ΙΙατζινάκοιοῦτω
2767 1591 2968 1670 ῥᾳδίως
3026 1597 3124 1664 τὴν
3187 1595 3518 1652 ἐπελθοῦσαν
3581 1600 3872 1655 ἀποσκευα-

2233 1680 2454 1752 σάμενοι
2489 1679 2736 1754 δύναμιν,
2771 1681 2941 1744 ἀδεῶς
2969 1685 3029 1738 τὸ
3061 1684 3166 1739 ἀπὸ
3223 1684 3382 1740 τοῦδε
3436 1689 3536 1756 τήν
3594 1691 3872 1760 Ῥωμαίων

2231 1773 2332 1844 γῆν
2392 1768 2717 1840 ἐληῗλοντο·
2780 1773 2807 1824 6
2862 1770 2918 1826 δὲ
2979 1773 3231 1847 βασιλεὺς
3286 1773 3374 1829 διά
3429 1781 3535 1830 τῶν
3596 1779 3874 1854 φυγόντων

473 1869 642 1936 pente
673 1867 874 1918 octava
902 1859 1064 1915 Junii
1101 1858 1322 1914 mensis
1345 1857 1661 1912 Patzinacae
1693 1865 1965 1929 superato
1993 1859 2103 1914 Haa-

2231 1859 2414 1930 μαθὼν
2469 1861 2530 1913 τὸ
2588 1859 2850 1934 ἀτύχημα
2907 1859 3123 1936 ἤλγησε
3185 1864 3409 1934 μὶν,ὼς
3461 1865 3875 1941 εἶκὸς,ἤοροιζε

473 1969 568 2008 mo
608 1952 678 2006 ad
727 1946 1147 2019 AdrianOpolin
1201 1947 1504 2000 accedunt.
1558 1947 1815 2010 Quorum
1869 1949 2118 2003 adventu

469 2060 573 2115 per
601 2041 997 2112 exploratores
1026 2037 1408 2092 Constantino
1433 2036 1786 2104 renuntiato,
1821 2041 2121 2108 proposita

468 2138 556 2188 est
586 2128 959 2196 consultatio,
979 2131 1178 2181 utrum
1209 2125 1520 2195 cumipsis
1539 2125 1939 2180 dimicandum
1965 2127 2110 2181 60]

466 2225 622 2276 esset
679 2234 882 2274 necne.
935 2216 1044 2271 Sed
1097 2213 1572 2270 corsultantibus
1627 2215 2009 2286 optimatibus
2059 2217 2113 2271 in

465 2308 844 2365 tabernaculo
867 2303 1276 2370 hetaeriarcbze,
1293 2302 1530 2358 Samuel
1551 2302 1834 2374 patricius
1857 2305 2112 2372 Burtzes,

461 2410 552 2464 vir
581 2405 871 2478 superbus
901 2409 957 2460 et
987 2404 1196 2468 audax,
1228 2402 1326 2472 qui
1363 2407 1500 2456 tunc
1532 2402 1899 2473 pedestribus
1932 2405 2114 2474 cOpiis

465 2501 730 2570 praeerat,
765 2495 974 2565 cuique
1029 2491 1347 2547 commissa
1395 2497 1526 2546 erat
1549 2491 1741 2546 omnis
1787 2491 1919 2545 valli
1951 2508 2112 2559 cura,

465 2587 622 2642 haud
683 2583 1013 2654 exspectato
1072 2582 1239 2636 ducis
1297 2581 1487 2651 signo,
1541 2581 1745 2634 ordine
1795 2579 1993 2646 relicto
2047 2598 2112 2636 ac

465 2677 754 2731 dissoluto
775 2667 932 2727 vallo
959 2685 1092 2726 cum
1129 2669 1422 2740 peditibus
1451 2684 1723 2740 egressus
1759 2671 1812 2723 in
1847 2669 2112 2725 Patzina-

465 2781 564 2820 cas
622 2760 918 2831 erumpit;
973 2760 1069 2830 qui
1119 2774 1250 2811 cum
1303 2755 1610 2810 violentam
1661 2757 2106 2828 impressionem

459 2853 761 2916 fecissent,
805 2848 1084 2904 laborare
1133 2846 1359 2917 pedites
1415 2850 1732 2916 coeperunt,
1789 2852 1844 2900 et
1893 2846 2107 2902 idcirco

459 2943 662 2997 crebro
693 2940 931 2993 mittens
975 2935 1049 2991 ad
1102 2935 1545 2988 betaeriarcham
1595 2933 1826 2988 Samuel
1877 2937 2107 3005 petebat

457 3029 765 3096 auxilium,
815 3027 894 3080 ita
944 3031 1006 3079 ut
1063 3028 1302 3078 coactus
1353 3021 1524 3076 fuerit
1573 3021 1656 3076 vel
1702 3022 1920 3078 invitus
1968 3024 2105 3078 dare

455 3118 594 3175 belli
625 3117 884 3189 signum.
919 3113 1107 3184 Igitur
1132 3127 1365 3182 egresso
1397 3109 1554 3164 omni
1587 3112 1837 3166 exercitu
1864 3113 1934 3166 ad
1968 3129 2102 3167 eum

2231 1947 2286 2002 δὲ
2316 1947 2478 2002 πάλιν
2513 1947 2787 2020 δυνάμεις,
2823 1945 3159 2022 ἀνελάμϐανε
3191 1948 3247 2005 δὲ
3288 1952 3376 2006 καὶ
3431 1955 3527 2014 τάς
3587 1955 3874 2024 πεσούσας,

2226 2036 2316 2090 καὶ
2349 2036 2424 2100 εἷς
2455 2037 2514 2090 τὸ
2547 2035 2697 2091 ἐπιὸν
2751 2032 2867 2098 ἔτος
2925 2039 3026 2106 τήν
3081 2039 3378 2116 γενομένην
3436 2043 3599 2110 ἧτταν
3647 2041 3874 2116 ἐπανορ-

2227 2126 2496 2190 Θώσασθαι
2551 2123 2792 2182 ἔσπευδε.
2827 2129 2942 2195 Τῆς
3001 2124 3058 2182 δὶ
3109 2129 3300 2202 τρίτης
3361 2127 3700 2194 ἷνδικτιῶνος
3757 2133 3874 2188 ἐπι-

2227 2217 2427 2284 στάσης
2494 2219 2590 2268 τοῦ
2647 2217 2812 2292 Ιεςφνη’
2873 2214 3047 2288 ἔτους,
3105 2218 3194 2271 τὸν
3257 2217 3640 2294 ἑταιρειάρχην

2226 2309 2496 2358 σταντῑνον
2549 2304 2847 2379 στρατηγὸν
2935 2305 3304 2382 αὐτοκράτορα
3379 2311 3872 2383 προχειρισάμενος

2225 2393 2254 2446 6
2299 2391 2550 2467 βασιλεὺς
2609 2392 2871 2464 ἐκπέμπει
2947 2393 3081 2448 κατὰ
3153 2399 3260 2447 τῶν
3344 2396 3710 2464 ῐΙατζινάκων.
3775 2399 3870 2452 Καὶ

3727 2227 3872 2275 Κων-

2222 2491 2302 2558 ὃς,
2333 2493 2428 2553 τάς
2485 2512 2544 2544 τε
2601 2491 2792 2545 νεωστὶ
2848 2493 3241 2564 περαιωθείσας
3290 2492 3341 2562 ἐξ
3391 2494 3566 2566 Ἑῲας
3616 2493 3872 2568 δυνάμεις

2222 2577 2532 2657 ἀνειληφὼς
2559 2580 2646 2634 καὶ
2681 2581 2775 2640 τάς
2831 2579 2880 2633 ἐν
2940 2584 3007 2653 τῇ
3065 2582 3298 2655 Ἑσπέρᾳ
3355 2585 3874 2658 παραχειμαζοῦσας

2223 2670 2498 2744 ἀθροίσας,
2559 2668 2608 2722 ἐν
2669 2667 3114 2740 Ἀδριανουπόλει
3173 2671 3399 2744 γίνεται,
3451 2674 3532 2744 [Ρ.
3583 2675 3710 2746 786]
3773 2675 3872 2728 κά-

2218 2765 2362 2812 κεῖσε
2417 2759 2630 2833 χάρακα
2686 2759 2994 2830 πηξάμενος
3055 2757 3220 2833 βαθὺν
3297 2756 3470 2814 ἔκειτο
3538 2759 3872 2816 διασκοπού-

2222 2867 2380 2920 μενος
2445 2848 2577 2918 μετᾶ
2629 2851 2739 2900 τῶν
2797 2847 3028 2922 ἀρίστων
3081 2848 3242 2911 πόθεν
3287 2845 3346 2902 ἂν
3407 2852 3706 2920 ποιήσηται
3767 2853 3868 2920 τήν

2216 2937 2291 2998 εἷς
2343 2935 2404 2989 τὸ
2462 2935 2649 3010 πρόσω
2709 2934 2950 3010 πορεαίν.
3003 2938 3074 2991 Εν
3133 2935 3178 3008 ᾠ
3240 2934 3296 2992 Si
3356 2939 3513 2999 οὗτος
3581 2936 3870 3010 διενοεῖτο,

2214 3021 2478 3102 αἰφνίδιον
2545 3023 2680 3076 κατὰ
2735 3025 2832 3092 τὴν
2894 3021 3096 3098 ὀγδόην
3154 3029 3250 3077 τοῦ
3303 3026 3530 3080 Ἰουνίου
3593 3029 3768 3099 μηνὸς
3811 3031 3868 3082 οἱ

2213 3115 2538 3182 Πατζινάκοι
2593 3113 2684 3166 τὸν
2747 3113 2922 3184 Αἷμον
2981 3107 3258 3173 διαϐάντες
3343 3113 3718 3191 ἐπ’φαίνονται
3795 3123 3868 3192 τῇ

453 3207 646 3263 locum
697 3206 797 3276 qui
859 3203 1037 3273 Regia
1089 3199 1382 3270 scaturigo
1441 3199 1674 3269 dicitur,
1725 3204 1782 3254 et
1832 3200 2102 3256 universa

2221 3200 2684 3278 Ἀδριανουπόλει.
2721 3200 2817 3254 Καὶ
2855 3199 2939 3254 διὰ
2966 3205 3071 3255 τῶν
3115 3207 3332 3255 σκοπῶν
3395 3204 3726 3275 μηνυθείσης
3787 3212 3872 3278 τῷ

455 3295 705 3351 conﬂata
736 3307 951 3364 pugna,
984 3307 1118 3345 cum
1151 3294 1384 3360 propter
1407 3287 1775 3358 repentinum
1801 3305 2024 3354 casum,
2048 3296 2104 3345 et

456 3386 613 3456 quod
647 3381 1046 3452 incompositae
1076 3385 1272 3432 essent
1295 3377 1450 3431 acies
1473 3377 1866 3432 Romanorum
1892 3383 1948 3432 et
1969 3387 2104 3434 ante

455 3473 594 3530 victi
627 3472 872 3544 pedites,
907 3468 1234 3523 confirmati
1288 3467 1481 3520 animo
1515 3470 1714 3520 essent
1761 3469 2101 3536 Patzinacaa,

458 3571 706 3627 Romani
767 3568 1094 3622 funduntur
1135 3580 1216 3618 ac
1271 3563 1675 3634 proﬂigantur.
1737 3569 1861 3618 Non
1911 3569 2100 3620 tamen

461 3661 645 3715 multa
680 3659 832 3713 facta
861 3663 950 3711 est
981 3655 1244 3725 ipsorum
1281 3653 1488 3722 credes,
1540 3653 1639 3717 sed
1674 3654 2015 3724 turpissime
2043 3657 2101 3708 in

458 3749 677 3805 vallum
711 3746 970 3802 conclusi
995 3749 1172 3810 sunt;
1207 3742 1527 3812 ceciditque
1549 3741 1786 3796 Michael
1821 3744 2104 3813 patricius

455 3839 802 3905 Doceianus,
837 3840 894 3890 et
939 3831 1141 3888 lethali
1185 3831 1352 3903 plaga
1393 3832 1450 3885 in
1497 3831 1821 3886 visceribus
1868 3841 2105 3903 accepta

455 3929 737 4000 magister
765 3922 1188 3980 Constantinus
1213 3920 1502 3974 Arianites
1523 3921 1694 3974 tertia
1712 3921 1805 3974 die
1837 3927 2104 3982 mortuus

449 4023 558 4071 est.
611 4015 878 4070 Cecidere
926 4013 1100 4066 etiam
1148 4009 1247 4064 alii
1298 4009 1538 4076 quidam
1591 4009 1898 4080 ignobiles,
1934 4029 2100 4084 pauci

444 4109 640 4159 tamen
677 4120 689 4158 :
725 4103 828 4157 sed
881 4100 1139 4170 reliquus
1189 4099 1382 4152 omnis
1433 4099 1724 4152 exercitus
1773 4099 1830 4153 in
1883 4102 2100 4156 vallum

441 4193 710 4248 indecoro
763 4187 1076 4245 conclusus
1127 4187 1348 4241 obsidet
1379 4191 1511 4239 atur
1541 4203 1572 4240 a
1605 4186 1955 4252 Patzinacis,
1989 4189 2099 4244 i‘os-

439 4297 566 4336 sam
603 4278 901 4351 lapidibus
931 4281 988 4330 et
1021 4274 1202 4329 ramis
1247 4274 1656 4338 obruentibus,
1689 4279 1746 4328 et
1793 4275 1844 4327 vi
1881 4276 2094 4332 vallant

439 4385 647 4440 capere
685 4365 1064 4422 conantibus.
1116 4363 1278 4426 Quod
1333 4363 1444 4414 cito
1496 4359 1710 4415 factum
1765 4362 1992 4432 fuisset,
2047 4373 2100 4420 et

434 4459 704 4513 funditus
759 4455 958 4510 omnis
1021 4451 1298 4524 periisset
1357 4450 1652 4505 exercitus
1679 4455 2096 4544 Romanorum,

431 4556 547 4611 nisi
595 4554 809 4626 sagitta
838 4569 871 4606 a
915 4549 1214 4621 catapulta
1263 4548 1440 4602 missa
1487 4563 1806 4618 percussus
1853 4551 2083 4605 Sulizus
2113 4587 2160 4652 Β

427 4661 560 4700 cum
595 4644 748 4700 602
780 4657 928 4713 equo
961 4637 1138 4694 simul
1171 4639 1452 4707 trajectus
1483 4636 1710 4700 fuisset,
1743 4642 1800 4692 et
1819 4639 2080 4695 maxime

423 4733 481 4789 id
513 4727 882 4804 conspicatae
921 4727 1409 4798 obstupefecisset
1461 4726 1821 4780 Patzinaras.
1880 4729 2078 4798 Erupit

421 4821 600 4879 etiam
633 4839 702 4877 ex
729 4816 1102 4889 Adr‘ianopoli
1139 4815 1352 4870 Glabas
1399 4814 1632 4869 Nicetes
1664 4818 2074 4886 protospatha-

423 4914 566 4978 rius,
621 4915 846 4983 legatus
900 4908 1145 4978 legionis
1199 4904 1557 4972 scholarum,
1609 4904 1846 4960 auxilio.
1893 4907 2072 4968 Quem

421 5003 708 5066 videntes,
775 5003 832 5054 et
897 4995 1119 5068 Opinati
1186 4992 1510 5064 syncellum
1581 4991 1863 5048 Basiliam
1941 5011 2072 5050 cum

421 5083 748 5162 Bulgaricis
781 5086 963 5158 copiis
999 5091 1310 5138 venturum
1345 5080 1580 5148 (etenim
1615 5081 1738 5150 ἱρδε
1769 5089 2070 5153 exspecta-

419 5179 614 5252 batur)
661 5182 718 5233 et
765 5175 930 5230 veriti
983 5171 1296 5226 Patzinaczs
1329 5169 1576 5239 dispersi
1630 5168 1782 5224 alius
1833 5170 1945 5224 alio
1983 5173 2071 5226 fu-

419 5269 643 5338 gientes
675 5269 1065 5322 recesserunt.

420 5349 744 5410 Πεπτώκασι
830 5349 887 5406 δὶ
955 5350 1046 5403 καὶ
1103 5345 1267 5402 ἄλλοι
1324 5345 1463 5407 τινες
1549 5351 1656 5400 τῶν
1736 5348 1965 5419 ἀσήμων

2219 3291 2607 3362 Κωνσταντίνῳ
2660 3297 2758 3358 τῆς
2814 3288 3019 3342 τούτων
3079 3287 3294 3366 ἐφόδου,
3354 3289 3528 3364 βουλή
3596 3295 3870 3366 προετέθη

2214 3381 2258 3436 εἰ
2290 3380 2634 3450 πολεμητέον
2695 3377 2878 3438 αὐτοῖς
2937 3376 3042 3432 dare
3097 3376 3562 3450 piﬁ.’AD\&ftEw
3624 3381 3868 3454 ἀρίστων

2213 3469 2263 3524 ὲν
2323 3472 2390 3542 τῇ
2454 3471 2626 3540 σκηνῇ
2684 3471 2781 3520 τοῦ
2834 3467 3214 3542 ἒταιρειάρχου
3266 3469 3523 3542 περὶτῶν
3575 3471 3865 3544 πρακτέων

2219 3557 2654 3635 βουλευομένων,
2691 3554 2957 3628 Σαμουὴλ
3012 3545 3295 3631 πατρίκιος
3335 3558 3362 3610 ὁ
3393 3556 3686 3634 Βούρτζης,
3719 3559 3868 3634 ἀνὴρ

2215 3644 2452 3714 αὐθάδης
2483 3645 2573 3699 καὶ
2633 3643 2851 3718 θρασὺς,
2885 3641 3070 3718 ἄρχων
3125 3643 3248 3698 τότε
3303 3649 3410 3698 οῶν
3469 3651 3703 3714 πεζικῶν
3773 3639 3906 3702 ὑπ(

2216 3737 2402 3810 άρχων
2463 3732 2741 3806 δυνάμεων
2801 3732 2890 3784 καὶ
2947 3732 3046 3799 τήν
3107 3735 3204 3785 τοῦ
3262 3734 3505 3806 χάρακος
3561 3733 3882 3790 ἐπιστασίαν

2214 3831 2387 3879 πᾶσαν
2449 3821 2934 3898 ἐπιτετραμμένος,
2999 3821 3074 3892 μή
3163 3818 3596 3896 προσδεξάμενος
3655 3825 3716 3876 τὸ
3773 3830 3880 3880 τοῦ

2215 3925 2483 3998 ἄρχοντος
2543 3923 2814 3994 σύνθημα,
2868 3922 2968 3986 τήν
3015 3919 3160 3992 τάξιν
3223 3921 3396 3974 Λιπὼν
3456 3921 3543 3975 καὶ
3605 3919 3876 3986 διαλύσας

2211 4015 2303 4068 τὸν
2367 4013 2578 4087 χάρακα
2638 4009 2794 4082 ἔξεισι
2859 4010 2995 4081 μετὰ
3052 4013 3159 4063 τῶν
3225 4015 3396 4078 πεζῶν
3424 4011 3512 4064 καὶ
3571 4017 3686 4072 τοῖς
3751 4019 3874 4068 Πα-

2210 4103 2484 4170 τζινάκοις
2539 4107 2969 4172 προσρήγνυται.
3029 4100 3123 4152 Ὧν
3199 4095 3466 4172 ῥαγδαίως
3549 4095 3872 4175 ἐπιϐρισάν-

2209 4211 2314 4244 των
2350 4188 2579 4263 -ἥρξαντο
2627 4187 2845 4260 κάμνειν
2909 4187 2960 4239 οἱ
3009 4186 3185 4254 πεζοί.
3227 4186 3317 4240 Διὸ
3369 4187 3458 4240 καὶ
3515 4187 3660 4260 Θαμᾶ
3717 4191 3878 4262 πὲμ-

2211 4301 2324 4332 πων
2379 4280 2510 4352 πρὸς
2565 4278 2654 4331 τὸν
2734 4276 3117 4350 έταιρειάρχην
3180 4277 3207 4329 ὁ
3259 4275 3524 4346 Σαμουὴλ
3601 4279 3874 4350 βοήθειαν

2210 4367 2409 4438 ἐζήτει,
2469 4368 2542 4428 ὡς
2611 4365 3082 4438 ἐπαναγκασϐέντα
3162 4367 3352 4416 τοῦτον
3433 4367 3520 4418 καὶ
3585 4365 3872 4430 ἀκουσὲως

2209 4455 2391 4511 δοῦναι
2445 4457 2506 4511 τὸ
2557 4455 2803 4524 σύνθημα
2863 4457 2956 4507 τοῦ
3008 4451 3278 4524 πολέμου.
3344 4452 3686 4522 Ἐξελθόντος

2205 4547 2406 4606 παντὸς
2435 4549 2530 4598 τοῦ
2561 4547 2788 4616 στρατοῦ
2818 4541 2953 4594 κατά
2983 4543 3081 4606 τὴν
3107 4537 3404 4614 λεγομένην
3435 4541 3730 4616 βασιλικήν
3767 4553 3812 4598 Λ
3827 4569 3868 4597 ι-

3767 4457 3868 4510 οὗν

2192 4630 2348 4700 ϐάδα,
2382 4635 2468 4687 καὶ
2504 4631 2806 4699 καθολικῆς
2857 4628 3182 4700 συμπλοκῆς
3226 4630 3606 4703 κροτηθείσης,
3641 4628 3735 4686 διὰ
3783 4635 3856 4687 τὸ

2189 4721 2454 4799 αἶυνῖδιον
2517 4721 2604 4776 καὶ
2663 4719 2990 4774 ἁσὰντακτον
3035 4719 3119 4771 καῖ
3181 4718 3241 4770 τὸ
3291 4725 3666 4792 προηττῆσθαι
3717 4721 3864 4784 τοὺς

2189 4812 2405 4882 πξζοῦς,
2467 4811 2833 4882 ἀναθαρσῆσαι
2897 4805 2953 4859 δὲ
3007 4805 3136 4866 τοὺς
3189 4807 3582 4873 Πατζινάκους,
3643 4808 3866 4884 γῗνετειι

2185 4902 2363 4974 τροπὴ
2412 4895 2980 4968 τῶνῬωμαῖων,καῖ
3045 4893 3209 4971 φόνος
3269 4893 3481 4968 ἐγένετο
3543 4897 3606 4948 οὐ
3669 4897 3862 4958 πολῦς

2185 4989 2385 5056 αὐτῶν,
2421 4986 2869 5054 συνεκλείσθησαν
2905 4981 2962 5038 δὲ
2992 4982 3288 5056 αἰσχίστως
3329 4982 3406 5044 εἷς
3459 4984 3549 5036 τὸν
3602 4985 3859 5059 χάρακα,

2185 5081 2339 5140 ἔπεσέ
2411 5107 2468 5139 τε
2541 5082 2771 5160 Μιχαὴλ
2855 5079 3141 5154 πατρίκιος
3221 5081 3248 5133 6
3317 5083 3626 5148 Δοκειανὸς,
3673 5079 3862 5138 ἔλαϐε

2185 5172 2241 5229 δὲ
2296 5174 2507 5249 καιρίαν
2573 5173 2708 5227 κατὰ
2763 5176 2869 5224 τῶν
2923 5169 3254 5243 σπλάγχνων
3313 5169 3403 5222 καὶ
3462 5171 3489 5223 6
3542 5171 3862 5246 μάγιστρος

2187 5269 2586 5324 Κωνσταντῖνος
2645 5265 2672 5315 ὁ
2725 5260 3055 5332 Ἀριανίτης,
3115 5259 3202 5311 καὶ
3268 5265 3506 5331 τριταῖος
3585 5259 3856 5319 ἀπέθανε.

2053 5352 2355 5430 ὀλιγοστοί.
2412 5353 2490 5408 Τὸ
2549 5350 2606 5406 δὲ
2665 5350 2856 5405 λοιπὸν
2927 5349 3062 5401 ἅπαν
3125 5348 3430 5421 στράτευμα
3487 5349 3854 5423 συγκλεισοὶν

421 5445 657 5518 ἀγεννῶς
734 5441 808 5502 εἰς
881 5441 972 5493 τὸν
1048 5439 1262 5512 χάρακα
1338 5433 1715 5509 ἐπολιορκεῖτο
1790 5440 1935 5514 παρὰ
2008 5447 2114 5495 τῶν
2193 5441 2559 5510 Πατζινάκων,
2635 5438 2960 5514 χωννύντων
3037 5437 3136 5504 τῆν
3208 5441 3410 5512 τάφρον
3489 5435 3666 5500 λίθοις
3749 5441 3856 5493 καὶ

417 5528 784 5596 κλάδοις.καί
861 5529 992 5603 πρὸς
1073 5525 1192 5602 βίαν
1269 5522 1411 5578 ἑλεῖν
1490 5522 1851 5599 ἐπειγομένων
1929 5530 2017 5583 τὸν
2096 5531 2328 5608 χάρακα.
2365 5531 2466 5586 Καὶ
2545 5529 2687 5604 τάγα
2763 5517 2819 5582 ἂν
2899 5525 3110 5600 ἐγένετο
3149 5523 3433 5590 ’τοῦτο,εἶ
3513 5527 3587 5598 μή
3663 5547 3856 5582 κατι-

417 5620 661 5691 πελτικῷ
741 5617 884 5693 βέλει
965 5615 1188 5690 βληθεὶς
1263 5614 1290 5665 ὁ
1369 5611 1674 5682 Σουλτζοῦς
1749 5613 2108 5692 διεπεραιώθη
2189 5622 2282 5676 σὺν
2357 5625 2434 5690 τῷ
2504 5617 2662 5690 ’ίππῳ
2737 5618 2825 5672 καὶ
2903 5614 2979 5678 εἷς
3053 5609 3312 5686 ἔκπληξιν
3363 5612 3606 5687 μεγάλην
3651 5613 3854 5692 ἤγαγε

414 5711 544 5771 τοὺς
621 5708 979 5780 θεασαμένους
1056 5702 1441 5770 Πατζινάκους.
1521 5703 1744 5774 sane;
1837 5703 1894 5760 δὲ
1987 5711 2074 5763 καὶ
2159 5719 2257 5780 τῆς
2337 5706 2840 5783 Ἀὃριανουπόλεως
2919 5706 3157 5773 Νικήτας
3233 5703 3724 5780 πρωτοσπαθάριος
3813 5710 3852 5761 ὁ
