4070 6334
460 409 577 470 335

1807 411 2124 470 GEORGII
2170 411 2512 472 GEDRI‘INI

3747 411 3872 470 336

459 542 757 613 regionem
781 542 852 597 ad
876 541 1098 597 radices
1119 542 1297 596 Haemi
1331 541 1503 596 sitam
1529 551 1927 606 cassaverunt,
1946 545 2101 597 omni

2219 543 2482 609 τζινάκων
2543 542 2712 615 εὕρων
2771 538 3071 596 ἀπώλεσεν.
3104 541 3260 602 Ὅθεν
3323 534 3717 610 εὐλαϐηθέντες
3773 543 3872 599 τὰς

457 631 680 700 impetu
735 631 792 684 in
843 631 1180 685 Macedonia
1229 647 1556 685 converso:
1609 632 1665 684 in
1719 634 1888 701 cujus
1935 647 2106 702 agros

459 721 884 792 grassabantur
899 721 1120 774 delecto
1141 721 1622 776 robustissimoru
1639 737 1686 773 in
1710 720 1984 784 exercitu,
2007 737 2102 791 pa-

461 809 570 863 rati
627 808 826 864 hostes
886 809 1223 880 ingruentes
1281 811 1610 864 defendere.
1674 809 1997 880 Bryennius
2051 815 2108 864 et

460 897 780 953 Michaelus
814 897 901 952 bis
952 897 1394 966 animadversis,
1430 903 1603 952 noctu
1661 900 1834 952 motis
1873 897 2104 960 castris,

460 987 540 1042 ita
569 991 631 1040 ut
663 1003 832 1041 nemo
883 987 1128 1041 sentiret
1179 1003 1461 1057 quorsum
1513 987 1838 1056 tenderent,
1873 991 2104 1056 magnis

454 1076 764 1130 itineribus
784 1075 1150 1144 ChariOpolin
1173 1075 1449 1140 veniunt;
1485 1092 1668 1146 eoque
1695 1092 1826 1129 cum
1849 1077 2102 1130 exercitu

457 1163 706 1235 ingressi
748 1164 1246 1235 opportunitatem
1301 1164 1381 1218 rei
1431 1167 1696 1236 gerendae
1745 1171 2100 1234 exspectant.

456 1254 778 1309 Patzinaete
810 1253 1022 1323 praedis
1049 1269 1116 1306 ex
1168 1253 1325 1324 agris
1375 1258 1430 1306 et
1482 1253 1783 1307 suburbiis
1817 1254 1960 1308 actis
1993 1257 2101 1308 sub

455 1359 758 1414 vesperam
795 1342 1006 1397 reversi
1038 1342 1296 1412 proxime
1314 1341 1706 1412 Cbariopolin,
1729 1342 1906 1396 nescii
1939 1359 2102 1413 pror-

458 1449 559 1488 sus
587 1430 644 1485 in
681 1431 822 1485 urbe
854 1429 1124 1484 hostilem
1158 1446 1287 1486 esse
1320 1431 1663 1496 exercitum,
1697 1432 1753 1484 in
1784 1437 1972 1484 castra
1997 1447 2104 1485 sua

457 1536 519 1576 se
551 1519 879 1585 conferunt,
912 1533 1113 1574 secure
1145 1519 1298 1572 inter
1331 1519 1558 1574 fistulas
1603 1523 1660 1573 et
1706 1519 1973 1588 cymbala
2003 1537 2099 1573 co-

457 1614 807 1664 messantes.
840 1608 1283 1664 Intendentibus
1313 1623 1376 1661 se
1399 1607 1676 1674 tenebris,
1705 1609 2026 1678 Bryennius
2047 1614 2104 1662 et

457 1697 778 1754 Michaelus
808 1696 1029 1768 egressi
1077 1713 1176 1752 eos
1207 1697 1429 1767 sepitos
1478 1703 1906 1766 stertentesque
1939 1696 2098 1750 inve-

457 1787 628 1842 niunt
658 1791 714 1841 et
744 1787 1042 1840 occidione
1090 1786 1305 1839 delent.
1357 1785 1487 1839 Haec
1537 1785 1732 1844 clades
1769 1786 2100 1840 Patzinacas

451 1875 750 1946 repressit,
781 1875 1170 1944 timoremque
1205 1874 1470 1940 incussit,
1506 1880 1570 1927 ut
1594 1875 1718 1942 jam
1752 1890 1866 1927 non
1894 1875 2094 1941 effuse,

2215 630 2467 690 τοιαύτας
2523 630 2575 683 οἱ
2625 628 2954 697 ΙΙατζινάκαι
2995 625 3250 700 δυνάμεις
3309 630 3377 681 τὰ
3441 629 3534 700 μὲν
3587 632 3734 703 ποιρᾶ
3779 632 3874 694 τὰς

2221 719 2491 794 ὑπωρείας
2539 723 2636 772 τοῦ
2694 719 2876 788 Α’ἰμου
2921 717 3144 789 κείμενα
3201 715 3386 791 χωρία
3441 716 3724 786 ληίζεσθαι
3765 720 3870 773 ἀπ·
3956 725 3960 728 ’

2216 808 2466 882 ἑσχοντο,
2543 813 2714 861 πᾶσαν
2793 805 2851 860 δὲ
2915 806 3012 874 τὴν
3091 807 3268 880 ὁρμὴν
3345 805 3668 876 ἐποιήσαντο
3735 809 3872 862 κατὰ

2219 894 2576 956 Μακεδονίας.
2639 897 2734 949 Καὶ
2785 902 2901 966 ,ωᾶν
2959 896 3080 948 ὅσον
3113 897 3177 962 ἦν
3227 892 3461 966 ἄλκιμον
3515 893 3874 970 διακριθέντες

2213 985 2534 1058 κατέτρεχον
2585 985 2652 1038 τὰ
2683 983 2733 1038 έν
2785 981 3088 1053 Μακεδονίᾳ
3135 982 3338 1057 χωρία,
3390 983 3479 1037 καὶ
3533 983 3600 1052 ἦν
3633 1005 3714 1042 τις
3751 985 3872 1059 ἐπίῃ

2213 1071 2480 1144 πόλεμος,
2533 1073 2819 1148 supr-531mg
2884 1071 3043 1126 αὐτὸν
3121 1069 3508 1145 προσδέξασθαι
3573 1071 3870 1144 ἐμελέτων.

2214 1162 2380 1235 Ὅπερ
2415 1161 2674 1232 μαθόντες
2725 1164 2752 1215 ὁ
2801 1161 3082 1236 Βρυέννιος
3133 1161 3220 1214 καὶ
3255 1161 3282 1214 ὁ
3317 1161 3574 1234 Μιχαὴλ,
3618 1165 3698 1236 [Ρ.
3739 1167 3870 1236 788]

2215 1246 2435 1321 ἄραντες
2469 1252 2657 1311 νυκτὸς
2712 1251 2785 1312 ὡς
2844 1248 3053 1322 μηδένα
3101 1249 3449 1319 συναίσθησιν
3499 1245 3684 1304 λαϐεῖν
3738 1252 3866 1306 δποι

2215 1338 2423 1406 ἀπίασι,
2475 1339 2564 1392 καὶ
2597 1339 2834 1410 συντόνῳ
2893 1340 3232 1413 χρησάμενοι
3279 1333 3566 1412 οδοιπορίᾳ
3611 1334 3867 1414 ἔρχονται

2213 1426 2288 1489 εἷς
2316 1425 2712 1500 Χαριούπολιν,
2764 1428 2852 1480 καὶ
2905 1427 2958 1481 ἐν
3009 1428 3147 1500 αὐτῇ
3199 1426 3531 1490 εἰσελθόντες
3583 1431 3716 1500 μετὰ
3768 1434 3868 1484 τοῦ

2213 1520 2442 1589 στρατοῦ
2499 1513 2811 1590 ἐξεδέχοντο
2869 1516 2960 1570 τὸν
3019 1516 3230 1585 καιρόν.
3297 1517 3364 1570 Οἱ
3418 1513 3476 1570 δὲ
3541 1519 3866 1585 Πατζινάκαι

2209 1604 2335 1664 τοὺς
2394 1604 2588 1679 ἀγροὺς
2647 1605 2736 1658 καὶ
2787 1605 2854 1659 τὰ
2911 1605 3206 1677 προάστεια
3267 1604 3590 1676 ληϊσάμενοι
3646 1609 3866 1674 πάντα,

2209 1693 2297 1746 καὶ
2349 1694 2470 1767 περὶ
2537 1693 2800 1769 βουλυτὸν
2864 1695 3292 1768 ὑποστρέψαντες
3345 1691 3562 1769 ἔγγιστα
3627 1697 3866 1770 Χαριου-

2210 1780 2450 1852 πόλεως,
2495 1783 2873 1856 προστίθενται
2903 1786 2970 1854 τῇ
3013 1777 3366 1856 παρεμϐολῇ,
3395 1783 3716 1856 ἀγνοοῦντες
3747 1783 3864 1838 ὅτι·

2210 1891 2309 1944 περ
2365 1869 2720 1946 ἐπιχωριάζει
2785 1871 3088 1944 στράτευμα
3143 1869 3290 1931 ὅλως
3355 1873 3404 1925 ἒν
3457 1871 3620 1944 αὐτῇ·
3657 1869 3862 1926 διὸκαὶ

452 1931 703 2028 υίειιιθ,
735 1931 836 2018 sed
871 1931 1103 2034 parcius
1137 1962 1362 2032 praadas
1391 1931 1650 2032 agerent,
1673 1931 2095 2017 indietionibus

2215 1959 2376 2022 ὶδεῶς
2426 1957 2630 2016 ἔκειντο
2679 1961 2730 2014 ἐν
2761 1960 2952 2021 αὐλοῖς
2997 1961 3084 2014 καὶ
3124 1955 3433 2032 κυμϐάλοις
3488 1961 3860 2032 κωμάζοντες.

450 2057 657 2124 quarta
685 2058 743 2106 et
773 2051 998 2122 quinta.

2215 2052 2414 2111 Νυκτὸς
2474 2048 2518 2104 δ’
2577 2050 2968 2124 ἐπιγενομένης
3026 2051 3077 2104 οἱ
3133 2050 3255 2124 περὶ
3315 2050 3404 2104 τὸν
3449 2052 3736 2124 Βρυέννιον
3766 2051 3863 2105 καὶ

451 2142 544 2196 τὸν
580 2137 808 2214 Μιχαὴλ
842 2137 1146 2210 ἐξελθόντες
1175 2137 1261 2191 καὶ
1295 2139 1678 2209 κοιμωμένους
1709 2139 1794 2192 καὶ
1833 2138 2120 2213 ῥέγχοντας
2152 2139 2396 2214 εὑρόντες
2445 2139 2725 2214 ἀναιροῦσι
2775 2140 3109 2210 σύμπαντας.
3161 2142 3333 2192 Τοῦτο
3391 2135 3448 2193 δὲ
3493 2141 3556 2192 τὸ
3603 2139 3872 2214 ἀτῦχημα

456 2226 726 2297 συστολὴν
759 2227 848 2280 καὶ
881 2225 1088 2281 δειλίαν
1121 2224 1339 2296 ἐνέθηκε
1366 2231 1482 2286 τοῖς
1515 2226 1888 2294 Πατζινάκοις.
1917 2231 2010 2281 Διὸ
2039 2228 2127 2281 καὶ
2152 2229 2246 2288 τὰς
2278 2226 2547 2303 ἐκδρομὰς
2581 2228 2680 2282 οὐκ
2728 2227 2924 2290 ἀνέτως
2974 2228 3046 2288 ὡς
3093 2228 3154 2282 τὸ
3203 2227 3488 2302 πρότερον,
3537 2227 3682 2283 ἀλλᾶ
3735 2231 3876 2301 μετὰ

457 2315 673 2394 φειδοῦς
705 2314 1012 2382 ἐποιοῦντο,
1043 2316 1180 2369 κατά
1209 2335 1265 2369 τε
1291 2315 1390 2384 τὴν
1425 2312 1472 2368 δ’
1497 2315 1587 2368 καὶ
1617 2322 1652 2369 ε’
1683 2313 2013 2370 ἷνδικτιῶνα.

530 2426 681 2480 605
718 2429 826 2478 Per
855 2423 963 2478 hoc
993 2424 1190 2496 ipsum
1219 2428 1455 2494 tempus
1479 2424 1778 2478 Romanus
1804 2424 1988 2478 Boilas
2013 2441 2106 2478 su-

459 2515 581 2570 bito
599 2524 682 2570 est
706 2515 774 2569 ad
805 2529 1104 2567 summum
1121 2517 1371 2568 evectus.
1389 2512 1440 2566 Is
1462 2529 1593 2567 eum
1619 2514 1678 2566 in
1701 2513 2108 2567 sodalitatibus

461 2609 729 2669 mereret,
763 2603 938 2657 homo
971 2601 1170 2672 lingua
1218 2609 1521 2672 promptus
1562 2617 1627 2656 ac
1661 2619 1762 2672 pro
1797 2603 2020 2656 urbano
2053 2607 2106 2655 et

458 2693 645 2749 faceto
675 2691 934 2757 habitus,
969 2707 1102 2745 cum
1145 2689 1324 2745 semel
1355 2689 1410 2744 in
1445 2697 1822 2761 conspectum
1849 2689 2104 2762 impera-

458 2781 602 2837 toris
633 2781 904 2848 venisset,
937 2779 1415 2850 elegantissimus
1463 2795 1528 2832 ex
1563 2779 1850 2848 colloquio
1875 2779 2104 2846 judica-

453 2876 573 2937 tus,
604 2886 908 2940 nunquam
941 2870 1012 2922 ab
1044 2884 1109 2921 eo
1143 2867 1352 2920 deinde
1382 2867 1667 2920 dimissus
1705 2875 1813 2930 est,
1848 2869 1944 2922 sed
1975 2883 2104 2921 cum

455 2959 876 3015 Monomachus
922 2961 978 3012 et
1003 2955 1408 3010 consiliarium
1443 2971 1612 3027 porro
1643 2965 1690 3010 et
1728 2955 1930 3026 quavis
1961 2956 2014 3009 in
2051 2971 2106 3011 re

453 3047 792 3102 ministrum
812 3046 1045 3100 habuit:
1071 3043 1551 3115 paulatimqueeo
1567 3045 1748 3098 evexit
1769 3051 1830 3098 ut
1849 3046 2102 3116 primum

455 3136 512 3190 in
547 3137 681 3190 aula
715 3137 908 3190 locum
939 3134 1246 3188 obtineret.
1295 3135 1348 3186 Is
1383 3138 1446 3186 ut
1473 3139 1596 3186 erat
1625 3133 1800 3187 homo
1831 3139 2103 3188 versutus

454 3229 630 3295 atque
659 3223 878 3284 varius,
909 3222 1190 3276 diuturna
1213 3221 1440 3291 imperii
1467 3221 1782 3292 cupiditate
1805 3221 2100 3288 laborans,

454 3319 742 3382 quotquot
770 3315 1110 3366 senatorum
1139 3311 1290 3379 apud
1325 3309 1732 3380 imperatorem
1755 3311 1811 3364 in
1831 3309 2101 3382 indigna-

453 3402 615 3456 tione
662 3405 847 3467 erant,
901 3415 1099 3454 eorum
1153 3415 1363 3452 arcano
1407 3415 1510 3452 suo
1560 3399 1822 3469 exposito
1873 3401 2101 3453 animos

2289 2423 2438 2478 Κατᾶ
2466 2427 2655 2476 τοῦτον
2703 2423 2791 2476 τὸν
2844 2423 3044 2498 χρόνον
3078 2425 3166 2476 xui.
3199 2425 3231 2492 ἡ
3281 2425 3563 2494 Ῥωμανώ
3592 2428 3690 2476 τοῦ
3717 2422 3874 2496 λεγο-

2221 2512 2382 2582 μένου
2433 2510 2606 2567 Βοίλα
2661 2509 2929 2586 αἰφνίδιος
2984 2513 3199 2586 γέγονεν
3254 2507 3490 2582 αὔξησις.
3547 2512 3716 2572 Οὗτος
3763 2515 3870 2587 γὰρ

2217 2599 2268 2654 ἐν
2319 2605 2438 2660 ταῖς
2493 2596 2784 2674 ἓταιρείαις
2831 2601 3292 2675 κατατεταγμένος
3337 2600 3425 2654 καὶ
3473 2606 3572 2668 την
3621 2599 3874 2674 γλῶτταν

2217 2687 2374 2762 ὑγρὸς
2437 2684 2532 2754 ὢν,
2579 2687 2669 2741 καὶ
2704 2685 2877 2741 δοκῶν
2910 2689 3044 2741 κατα
3089 2692 3252 2741 τοῦτο
3309 2687 3521 2748 ἀστεῖος
3549 2691 3638 2741 καὶ
3677 2688 3874 2763 εὐτρά-

2214 2775 2402 2840 πελος,
2481 2775 2594 2829 ἐπεί
2669 2797 2800 2830 ποτε
2853 2775 2928 2836 εἶς
2988 2771 3109 2848 ὄψιν
3187 2774 3326 2844 ἦλθε
3373 2781 3452 2847 τῷ
3513 2776 3726 2852 βασιλεῖ
3777 2778 3872 2832 καὶ

2215 2863 2489 2936 ὁμιλήσας
2545 2866 2902 2940 χαριέστατος
2949 2859 3116 2934 ἔδοξε,
3174 2865 3236 2918 τὸ
3283 2865 3386 2918 ἀπὸ
3444 2863 3602 2919 τοῦδε
3657 2865 3875 2939 ἀχώρι-

2213 2974 2336 3015 στος
2396 2954 2460 3020 ἦν
2517 2953 2680 3008 αὐτοῦ
2735 2950 2824 3007 διὰ
2881 2954 3099 3020 παντὸς,
3159 2953 3248 3007 καὶ
3305 2952 3482 3025 τούτῳ
3510 2955 3715 3028 ἐχρῆτο
3773 2957 3870 3009 καὶ

2213 3036 2516 3113 συμϐούλῳ
2572 3044 2658 3094 καὶ
2721 3039 2957 3114 διακόνῳ
3025 3041 3114 3096 καὶ
3177 3043 3432 3116 ὑπουργῷ
3485 3043 3620 3118 πρὸς
3689 3048 3869 3097 πᾶσαν

2212 3130 2527 3207 ὑπηρεσίαν·
2587 3129 2644 3184 ὅν
2699 3131 2834 3184 κατὰ
2896 3131 3087 3204 μικρὸν
3147 3136 3264 3191 ταῖς
3293 3136 3482 3204 τιμαῖς
3512 3127 3872 3202 προϐεὸἁζων

2213 3220 2287 3280 εἰς
2352 3221 2488 3294 μέγα
2545 3219 2700 3290 ἐξῆρε
2756 3219 2846 3273 καὶ
2907 3218 3137 3292 ὕψωσεν,
3184 3221 3256 3282 ὡς
3286 3221 3350 3274 τὶ
3381 3223 3568 3294 πρῶτα
3597 3219 3776 3295 φέρειν
3813 3221 3869 3276 έν

2215 3307 2536 3383 βασιλείοις.
2571 3307 2742 3369 Οὗτος
2775 3309 2802 3362 ὁ
2837 3309 2972 3383 ἀνὴρ
3007 3308 3318 3382 εὐμήχανος
3351 3306 3424 3362 ὢν
3455 3309 3543 3362 καὶ
3584 3310 3869 3379 ποικίλος,

2208 3397 2296 3450 καὶ
2349 3385 2448 3464 τῆς
2514 3395 2790 3471 βασιλείας
2841 3396 2978 3472 ἱρῶν
3037 3395 3119 3450 ἀεί
3173 3417 3322 3467 ποτε,
3383 3396 3712 3472 ἀπεπείρᾶτο
3749 3400 3865 3452 τῶν

451 3489 736 3545 tentabat.
751 3496 830 3543 Ac
848 3488 1062 3558 quibus
1083 3487 1305 3541 insidia)
1327 3488 1742 3558 probabantur,
1764 3505 1861 3542 eos
1879 3489 2098 3543 sensim

2215 3485 2329 3538 ὅσοι
2399 3489 2508 3538 τῶν
2585 3485 2962 3558 συγκλητικῶν
3035 3485 3494 3559 προκεκρουκότες
3563 3487 3700 3554 ἦσαν
3783 3493 3872 3560 τῷ

453 3595 520 3634 ac
553 3577 779 3648 placide
823 3576 932 3632 sibi
983 3576 1373 3646 conjungebat
1397 3576 1872 3647 juramentisque
1903 3577 2099 3631 devin-

450 3667 638 3722 ciebat
672 3685 684 3722 :
719 3665 818 3737 qui
849 3669 1044 3720 autem
1071 3663 1257 3736 primo
1289 3663 1464 3718 etiam
1489 3664 1692 3718 auditu
1721 3665 1792 3718 ab
1823 3681 1890 3718 ea
1923 3681 1980 3718 re
2002 3665 2100 3720 ab-

449 3755 782 3820 horrebant,
825 3771 1022 3809 eorum
1077 3753 1321 3823 probare
1371 3769 1432 3807 se
1483 3759 1655 3823 atque
1704 3753 1846 3806 adeo
1899 3754 2097 3808 mirari

449 3845 623 3900 {idem
657 3861 796 3915 erga
828 3843 1238 3914 imperatorem
1273 3840 1612 3906 simulabat,
1648 3855 1827 3910 seque
1868 3845 2096 3896 tantum

448 3933 782 4004 experiendi
813 3948 1010 3986 eorum
1048 3931 1279 3982 animos
1312 3945 1490 3982 causa
1521 3927 1635 3982 ista
1667 3927 1926 3983 locutum
1946 3930 2099 3984 dice-

450 4023 570 4085 bat,
601 4022 958 4091 jurabatque
985 4035 1048 4073 se
1079 4033 1278 4072 eorum
1331 4017 1730 4087 integritatem
1765 4019 2100 4087 imperatori

451 4109 855 4164 laudaturum.
879 4107 1024 4161 Cum
1059 4105 1272 4160 mullos
1305 4105 1516 4159 civium
1551 4106 2098 4178 corrupisset,jam-

457 4213 570 4267 que
619 4197 999 4250 insidiaretur
1047 4193 1406 4263 imperatori,
1458 4209 1548 4247 res
1599 4195 1823 4249 detecta
1869 4201 1976 4250 est.
2027 4203 2103 4250 Ac

458 4285 600 4340 socii
625 4285 860 4356 quidem
889 4283 1341 4352 conspirationis
1370 4282 1690 4352 quaestione
1709 4283 1931 4352 agitata
1955 4285 2101 4338 mali-

458 4379 599 4428 sunt
629 4373 873 4444 accepti,
927 4370 1304 4425 facultatibus
1353 4370 1477 4423 suis
1510 4369 1742 4440 spoliati
1777 4377 1831 4424 et
1863 4372 1918 4426 in
1953 4373 2101 4426 exsi-

460 4461 600 4515 lium
632 4461 743 4515 acti
780 4477 792 4515 :
829 4458 1401 4527 Romanusimpunis
1421 4457 1788 4512 evasit.Nam
1811 4476 1942 4513 cum
1970 4477 2102 4514 eum

454 4549 772 4621 imperator
806 4546 1106 4618 paululum
1158 4547 1330 4600 modo
1381 4553 1677 4600 aversatus
1713 4547 1940 4616 fuisset,
1977 4565 2106 4603 mox

453 4637 510 4693 in
548 4639 862 4710 pristinum
897 4635 1154 4690 restituit
1186 4635 1398 4688 locum.

2217 3574 2449 3648 βασιλεῖ,
2512 3574 2597 3626 καὶ
2650 3575 2711 3627 τὸ
2775 3577 3074 3648 μυστήριον
3127 3573 3449 3648 ἀνεκάλυψε.
3509 3576 3609 3628 Καὶ
3653 3575 3867 3631 τούτων

2209 3663 2401 3716 ὁπόσοι
2467 3661 2561 3732 μὲν
2622 3657 2817 3736 ἔτυχον
2877 3659 3316 3736 προσδεχόμενοι
3374 3662 3500 3723 τοὺς
3534 3661 3731 3738 λόγους
3763 3671 3872 3734 τῆς

2207 3745 2530 3817 έπιϐου).ῆς,
2605 3748 2789 3824 ἡμέρα
2863 3749 2952 3804 καὶ
3022 3755 3314 3824 προσηνῶς
3371 3747 3712 3823 ἀνελάμϐανε
3771 3755 3872 3807 καὶ

2209 3837 2394 3910 ὅρκοις
2449 3836 2860 3914 έξησφαλίζετο·
2921 3837 3048 3902 τοὺς
3101 3837 3218 3892 ὅσοι
3281 3837 3336 3892 δὲ
3379 3840 3462 3893 καὶ
3521 3841 3658 3914 πρὸς
3691 3841 3877 3912 μόνην

2209 3923 2606 3980 ἀπεδυσπέτουν
2665 3928 2760 3994 τήν
2818 3927 3007 3994 ἀκοὴν,
3065 3926 3426 4002 ἀποδέχεσθαι
3475 3937 3871 4002 προσεποιεῖτο

2210 4015 2300 4068 καὶ
2359 4014 2644 4086 θαυμάζειν
2705 4023 2804 4084 τῆς
2863 4015 2936 4076 sic
2967 4017 3058 4070 τὸν
3120 4016 3346 4092 βασιλέα
3410 4015 3643 4088 εὐνοίας,
3673 4018 3764 4072 καὶ
3797 4021 3874 4074 τὰ

2213 4101 2473 4177 λεχθέντα
2553 4101 2872 4176 δοκιμασίας
2945 4099 3102 4178 ἔλεγε
3180 4104 3408 4180 ῥηθῆναι
3486 4107 3696 4180 χάρ.ν,
3773 4111 3874 4162 καὶ

2217 4189 2592 4266 ὑπερλαλῆσαι
2643 4193 2848 4246 τούτων
2911 4192 2963 4254 ἐς
3017 4195 3108 4248 τὸν
3165 4191 3388 4268 βασιλέα
3429 4193 3875 4267 έπώμνυτο.Τε-

2214 4278 2460 4333 λεντειῖον
2514 4279 2570 4335 δὲ
2601 4279 2844 4343 πολλοὺς
2879 4279 3194 4356 διαφθείρας
3221 4287 3328 4336 τῶν
3361 4282 3604 4338 πολιτῶν
3631 4283 3721 4338 καὶ
3745 4285 3872 4340 ἐπι-

2215 4364 2421 4438 ϐουλὴν
2457 4369 2722 4444 έξαρτῦων
2751 4368 3023 4446 ἐφωράθη.
3051 4370 3145 4424 Καὶ
3177 4371 3229 4423 οἱ
3263 4371 3356 4440 μὶν
3390 4370 3552 4425 ἄλλοι
3585 4373 3778 4435 πάντες
3817 4377 3878 4429 οἱ

2215 4457 2360 4528 αὺτῷ
2393 4458 2786 4529 συνομόσαντες
2813 4462 2991 4518 κακῶς
3032 4455 3226 4520 ἔπαθον
3279 4457 3580 4522 ἐτασθέντες
3621 4461 3712 4514 καί
3753 4469 3872 4516 τῶν

2215 4545 2429 4600 οἷκεῖων
2478 4546 2747 4618 ὁπάρξεων
2795 4549 3168 4619 γυμνωθέντες
3213 4546 3301 4600 καὶ
3353 4547 3663 4622 ὑπερορίαις
3695 4571 3880 4624 παρα-

2215 4637 2566 4711 πεμφθέντες,
2629 4635 2656 4688 ὁ
2717 4633 2773 4688 δί
2823 4636 3120 4704 Ῥωμανὸς,
3157 4631 3306 4688 οὐδὲν
3363 4637 3598 4698 πέπονθε
3628 4638 3880 4713 φαῦλον*

452 4727 588 4781 κατᾶ
619 4725 811 4800 μικρὸν
842 4725 940 4800 γὰρ
973 4721 1404 4798 ἀποστραφέντος
1425 4720 1584 4775 αὐτὸν
1613 4727 1709 4776 τοῦ
1745 4723 2034 4796 βασιλέως,
2069 4724 2233 4780 πάλιν
2268 4726 2625 4798 συνεχπορήθη
2662 4725 2748 4777 κεί
2785 4725 2882 4791 τήν
2914 4724 3176 4799 προτέραν
3207 4726 3320 4799 εἶχε
3351 4725 3696 4784 κατάστασιν,

523 4836 678 4891 606
715 4840 886 4888 Porro
920 4833 1192 4887 sultanus
1218 4848 1371 4890 eum.
1399 4837 1459 4883 ut
1491 4831 1768 4896 diximus,
1805 4833 1963 4886 fratri
1999 4851 2104 4887 suo
2139 4841 2179 4902 υ

450 4925 726 4982 Abramio
771 4925 1161 4985 succcnscret,
1205 4921 1474 4972 assiduas
1508 4921 1636 4988 ejus
1669 4919 1796 4972 vitae
1830 4919 2105 4990 deinecps

452 5012 924 5070 struxitinsidias
955 5010 1112 5076 Quod
1133 5007 1710 5062 senticnsAbramius
1727 5007 2105 5062 adCutlumu-

455 5117 588 5156 sum
621 5101 873 5172 aufugit,
905 5115 1080 5154 suum
1113 5097 1551 5159 consobrinum,
1587 5100 1644 5148 et
1671 5095 1765 5148 illo
1787 5097 2102 5166 arljuvante

456 5189 675 5244 bellum
700 5189 931 5244 sultano
956 5187 1110 5246 facit,
1141 5185 1236 5254 qui
1273 5199 1404 5237 cum
1437 5183 1506 5236 iis
1530 5199 1881 5254 congressus
1909 5185 2103 5256 praelia

458 5281 612 5350 apud
637 5279 815 5333 Pasar
837 5278 1018 5332 victor
1039 5273 1378 5328 Abramiuin
1403 5274 1894 5343 comprehensum
1931 5291 2100 5328 neca-

455 5371 559 5424 vit.
589 5369 972 5424 Cutlumusus
1005 5364 1234 5436 fugiens
1263 5377 1396 5416 cum
1431 5379 1528 5416 sex
1561 5360 1823 5416 millibus
1853 5369 1910 5417 et
1931 5363 2102 5418 Mele-

455 5457 564 5512 cho
599 5457 848 5513 Abramii
893 5455 1014 5510 filio
1047 5471 1147 5525 per
1179 5453 1401 5522 legatos
1455 5451 1595 5520 petit
1643 5453 1714 5506 ab
1751 5451 2101 5522 imperatore

453 5547 564 5600 reci
579 5545 630 5615 pi
655 5546 712 5600 in
728 5545 900 5598 fidem
923 5544 1378 5610 societatemque
1393 5543 1720 5594 ltomanoru
1733 5557 1784 5593 m
1797 5557 1808 5606 ;
1821 5557 1919 5610 pro
1931 5542 2102 5596 fectu-

449 5649 596 5705 sque
611 5631 1135 5688 inPcrsarmeniam
1152 5630 1219 5684 ad
1230 5633 1399 5682 Carse
1415 5645 1756 5698 responsum
1775 5629 2030 5700 legatoru
2043 5647 2096 5686 m

448 5727 762 5794 exspectat.
817 5719 1174 5788 lnterimque
1223 5721 1394 5770 Carse
1441 5732 1814 5786 oppugnaris,
1861 5717 2100 5788 dempta

2283 4831 2336 4882 Ὀ
2396 4830 2452 4884 δὲ
2502 4830 2796 4892 σουλτάνος
2850 4830 3104 4906 ἐγκοτῶν,
3168 4831 3242 4894 ὡς
3301 4831 3514 4907 έρῥέθη.
3575 4831 3874 4910 Ἀϐραμίῳ

2213 4923 2290 4989 τῷ
2349 4915 2569 4993 ἀδελφῷ
2625 4919 2710 4972 καὶ
2767 4918 2853 4972 διὰ
2913 4919 3110 4979 παντὸς
3161 4915 3630 4994 ἐπιϐουλεέιυν
3665 4924 3876 4980 toﬁ-to)

2218 5011 2351 5080 ζωῇ,
2385 5006 2612 5080 ἐμελέτα
2641 5005 2901 5077 διηνεκῶς
2933 5007 3137 5062 ἀνελεῖν
3171 5007 3354 5064 αὐτόν.
3385 5011 3558 5080 "Om;
3593 5014 3880 5086 προγνοὺς

2213 5094 2413 5156 ἐκεῖνος
2498 5093 2700 5170 ἀπέδρα
2785 5096 2920 5170 πρὸς
2999 5096 3386 5168 Κουτλουμοῦς
3485 5098 3572 5150 τὸν
3671 5101 3884 5157 ἑαυτοῦ

2213 5185 2453 5256 ἀνεψιὸν,
2501 5185 2591 5238 καὶ
2658 5185 2770 5256 ἅμα
2827 5183 3016 5256 ἐκείνῳ
3073 5185 3162 5238 τὸν
3221 5186 3357 5238 κατὰ
3411 5191 3506 5240 τοῦ
3561 5187 3882 5247 σουλτάνου

2213 5271 2526 5346 ἀναδέχεται
2585 5273 2829 5344 πόΛεμον
2866 5275 2947 5345 [Ρ.
2997 5276 3125 5346 789]
3178 5276 3272 5334 Οἷς
3305 5269 3601 5347 συμϐαλὼν
3634 5280 3776 5332 κατὰ
3807 5284 3882 5337 τὸ

2210 5361 2506 5435 κεγόμενον
2583 5364 2764 5436 Πάσαρ
2840 5360 3042 5422 ἐκεῖνος
3115 5361 3387 5433 τρέπεται,
3461 5365 3548 5417 καὶ
3607 5365 3700 5418 τὸν
3767 5370 3878 5440 μὶν

2213 5445 2511 5522 Ἀϐράμιον
2545 5451 2752 5524 ἀναιρεῖ
2809 5451 3225 5524 κατασχεθέντα·
3287 5449 3404 5505 ὁδὶ
3465 5451 3880 5528 Κουτλουμοῦς

2210 5539 2388 5614 φυγὼν
2449 5541 2582 5610 μετᾶ
2633 5537 2904 5614 χιλιάδων
2961 5541 3002 5602 ς’
3059 5540 3148 5593 καὶ
3212 5541 3403 5615 Μέλεχ
3457 5545 3554 5595 τοῦ
3595 5543 3720 5596 υἱοῦ
3771 5553 3884 5602 τοῦ

2209 5623 2512 5702 Ἀϐραμίου
2584 5623 3021 5700 διαπρεσϐεύεται
3087 5628 3224 5704 πρὸς
3287 5629 3541 5703 βασιλέα,
3603 5632 3882 5692 ἱκετεύων

2207 5713 2610 5790 προσδεχθῆναι
2684 5715 2774 5770 καὶ
2819 5707 3137 5791 Ἱσύμμαχος
3203 5717 3294 5771 καὶ
3369 5715 3528 5791 φίλος
3607 5723 3886 5794 γενέσθαι
