4038 6334
172 376 299 434 337

1328 376 1689 436 HISTORIA
1702 376 1867 438 [ὶοΜ
1918 374 2311 436 ΟΟΠΡΕΝΒΙ
2326 379 2367 436 U
2380 375 2431 435 M
2448 420 2463 435 .

3478 379 3602 440 338

169 502 493 575 Ῥωμαίων.
555 502 650 557 Καὶ
709 501 881 558 ἐλθὼν
927 504 1063 579 πρὸς
1114 506 1213 574 τὴν
1270 503 1669 580 ΙΙερσαρμενίαν
1738 527 1804 560 κα

1942 523 2097 574 arce,
2129 508 2304 578 capit.
2340 507 2505 562 Hunc
2537 524 2570 562 a
2599 512 2762 581 tergo
2792 508 3111 581 insequens
3146 508 3419 565 sultanus
3455 524 3592 565 cum

167 592 233 644 τὸ
292 591 608 666 λεγόμενον.
664 593 842 665 Κάρσε
891 593 1189 667 προσέμενε
1245 593 1337 654 τὰς
1384 600 1483 661 τῆς
1543 588 1828 664 πρεσϐείας

165 680 507 753 ἀποκρίσεις·
569 679 620 734 ἐν
669 684 749 751 τῷ
797 681 993 752 μεταξὺ
1043 678 1099 735 δὲ
1130 679 1507 755 πολιορκήσας
1540 683 1600 736 τὸ
1635 683 1824 756 Κάρσε,

168 768 319 837 πλὴν
370 773 469 833 τῆς
509 767 887 844 ἀκροπόλεως,
921 769 1247 846 παρειλήφει
1299 772 1399 840 τήν
1451 772 1634 827 πόλιν.
1690 777 1825 824 Κατ-

166 858 294 912 όπιν
348 856 409 913 δέ
434 858 632 912 τούτου
677 856 891 913 διώκων
951 859 980 913 6
1038 858 1332 921 σουλτάνος
1385 859 1521 928 ἦλθε
1555 859 1689 931 μετὰ
1715 864 1823 913 τῶν

164 948 338 1007 αὐτοῦ
393 945 673 1018 δυνάμεων
725 946 781 1001 ἐν
812 942 1041 1019 Ἰϐηρίᾳο
1077 948 1210 1022 ὅπερ
1244 948 1429 1020 μαθὼν
1481 949 1510 1002 6
1544 954 1822 1003 ΚουτΛου-

168 1040 310 1107 μοῦς
358 1033 525 1113 ἔφυγε
573 1034 710 1109 πρὸς
765 1037 833 1090 τά
864 1032 1015 1090 Σαόἆ
1046 1037 1136 1091 καὶ
1180 1038 1280 1105 τὴν
1332 1034 1642 1109 Εὐδαίμονα
1669 1040 1825 1109 Ἀραο

162 1119 308 1179 ϐίαν.
355 1125 420 1182 Ὀ
477 1122 536 1178 δὲ
567 1122 858 1186 σουλτάνος
892 1123 943 1179 έν
996 1120 1207 1199 Ἰϐηρίᾳ
1253 1124 1543 1200 γενόμενος
1572 1123 1821 1194 ἐληίζετο

158 1213 225 1266 τά
277 1212 668 1288 παρατυχόντα
705 1213 791 1267 καῖ
825 1211 1144 1288 ἐπυρπόλει.
1197 1214 1292 1269 Διὸ
1331 1213 1421 1268 καὶ
1465 1214 1600 1268 κατὰ
1650 1234 1820 1267 σπου-

158 1299 260 1369 δήν
321 1304 351 1357 6
417 1300 673 1378 βασιλεὺς
700 1302 790 1356 τὸν
828 1302 1161 1366 Ἀκόλουθον
1204 1299 1434 1377 Μιχαὴλ
1471 1303 1820 1375 μεταπεμψά-

161 1412 323 1463 μενος
355 1390 418 1445 ἐκ
443 1394 547 1456 τῆς
575 1391 836 1466 Ἑσπέρας
887 1391 941 1455 ἐς
990 1386 1232 1467 Ἰϐηρίαν
1282 1390 1569 1463 ἐκπέμπεν
1625 1391 1683 1453 ὅς
1709 1391 1820 1446 ἐκεῖ

153 1480 455 1553 γενόμενος
503 1480 749 1541 καὶτοὺς
781 1477 1207 1555 διεσπαρμένους
1258 1477 1312 1535 ἓν
1359 1500 1420 1535 τε
1476 1477 1688 1550 Χαλδίᾳ
1726 1480 1816 1534 καὶ

154 1562 376 1641 Ἰϐηρίᾳ
424 1568 715 1642 Φράγγους
764 1567 856 1623 καί
903 1570 1219 1644 Βαράγγους
1272 1569 1552 1644 ἀγηοχὼς,
1583 1567 1816 1623 κωλύειν

156 1657 423 1731 ἠπείγετο
469 1657 563 1711 τὸν
609 1656 795 1711 ἐνόντα
839 1657 1041 1730 τρόπον
1076 1658 1170 1718 τὰς
1201 1654 1472 1729 ἐκδρομὰς
1499 1661 1596 1711 τοῦ
1653 1656 1815 1712 σουλ-

152 1744 341 1801 τάνου.
400 1742 565 1801 Ἀλλ’
616 1745 818 1808 ἐκεῖνος
844 1745 944 1813 τήν
976 1744 1150 1815 ὀξεῖαν
1195 1742 1389 1823 ἔφοδον
1447 1745 1647 1800 τούτου
1710 1766 1813 1818 μα-

1938 595 2064 650 suis
2095 596 2281 666 copiis
2312 595 2370 649 in
2410 596 2655 652 lberiam
2686 597 2879 666 venit;
2930 598 3177 669 ideoque
3206 598 3592 654 Cultumusus

1938 687 2009 740 ad
2043 688 2253 741 Sabam
2289 692 2344 739 et
2399 685 2644 741 Felicem
2681 687 2953 742 Arabiam
3006 687 3173 759 fugit.
3219 687 3500 743 Sultanus
3527 686 3586 743 in

1939 774 2127 829 Iberia
2177 773 2349 829 obvia
2397 790 2645 844 quaeque
2696 776 3030 845 populando
3079 781 3255 847 atque
3298 776 3586 832 incendiis

1934 868 2144 917 vastat.
2191 865 2389 934 Itaque
2413 862 2676 917 celeriter
2706 862 3027 933 imperator
3060 863 3409 920 Michaelum
3441 868 3584 920 Aco-

1935 950 2168 1006 luthum
2203 968 2268 1006 ex
2300 952 2612 1007 Occidente
2644 961 2973 1007 revocatum
3008 952 3063 1008 in
3099 953 3346 1008 lberiam
3381 953 3583 1008 mittit.

1933 1040 2041 1105 Qui
2092 1056 2222 1094 cum
2273 1056 2339 1094 eo
2397 1039 2672 1103 venisset,
2724 1039 2984 1095 collectis
3025 1056 3128 1113 per
3183 1040 3485 1098 Cbaldiam
3518 1057 3585 1096 ac

1932 1130 2181 1183 Iberiam
2215 1130 2499 1199 dispersis
2529 1128 2769 1183 Francis
2802 1145 2868 1183 ae
2901 1129 3185 1201 Barangis
3214 1146 3584 1201 compescere

1933 1232 2284 1288 quocunque
2312 1217 2484 1272 modo
2510 1216 2911 1289 grassationes
2939 1216 3157 1272 sultnni
3179 1223 3442 1273 conatur.
3462 1217 3585 1274 Sul-

1929 1311 2103 1360 tanus
2150 1305 2319 1361 celeri
2377 1306 2556 1375 hujus
2603 1306 2857 1362 adventu
2914 1306 3167 1378 cognito,
3210 1307 3583 1379 sentiensque

1926 1394 2075 1450 velle
2102 1393 2267 1449 illum
2290 1394 2546 1450 exercitu
2570 1393 2811 1449 collecto
2836 1411 3037 1449 secum
3061 1409 3261 1467 pugna
3282 1396 3580 1467 congredi,

1928 1488 2207 1553 reputans
2240 1482 2294 1535 id
2328 1484 2480 1552 quod
2518 1498 2612 1537 res
2640 1487 2784 1547 erat,
2825 1488 3144 1553 utrumque
3183 1483 3296 1539 sibi
3326 1483 3578 1555 ignomi-

1927 1571 2159 1625 niosum
2194 1572 2332 1636 fore,
2363 1570 2483 1626 sive
2515 1571 2775 1626 vinceret
2803 1572 3179 1641 imperatoris
3212 1572 3575 1641 ministrum,

1925 1660 2044 1715 sive
2073 1660 2146 1714 ab
2172 1676 2238 1714 eo
2257 1660 2611 1725 vinceretur,
2638 1660 2846 1715 castris
2869 1659 3044 1715 motis
3070 1660 3232 1715 omni
3252 1676 3387 1717 cum
3420 1660 3569 1716 801

1924 1748 2178 1803 exercitu
2212 1765 2320 1803 suo
2350 1749 2421 1803 ad
2455 1747 2800 1803 Tabrezium
2833 1748 2975 1804 abit.

155 1835 288 1898 θὼν,
320 1833 415 1889 καὶ
446 1832 528 1887 ὅτι
564 1832 696 1889 λαὸν
730 1833 985 1909 ἀθροίσας
1017 1832 1231 1889 σπεύδει
1261 1835 1439 1906 τοῦτῳ
1470 1832 1894 1907 συμπλέκεσθαι,
1929 1833 2287 1911 λογισάμενος
2321 1834 2452 1906 ὅπερ
2483 1836 2549 1906 ἦν
2579 1835 2746 1905 εἰκὸς,
2789 1836 2851 1890 τὸ
2886 1835 3213 1911 ἐκατέρωθεν
3255 1834 3352 1891 τοῦ
3397 1835 3574 1912 πράγ-

158 1943 330 1991 ματος
365 1920 579 1993 ἄδοξον,
613 1921 700 1977 καὶ
733 1922 814 1977 ὅτι
846 1925 1071 1993 νικήσας
1105 1924 1199 1996 μὲν
1233 1920 1430 1979 δοῦλον
1464 1918 1610 1978 ἔσται
1648 1920 1916 1998 βασιλέως
1948 1925 2262 1997 νενικηκὼς,
2297 1924 2533 1995 νικηθεὶς
2566 1921 2624 1979 δὲ
2648 1923 2710 1979 οὐ
2745 1923 2941 1999 μικρὰν
2974 1923 3241 2000 αῗσχύνην
3270 1924 3572 1994 ἀποίσεται,

155 2009 286 2085 ἄρας
315 2013 481 2067 παντὶ
514 2016 594 2083 τῷ
626 2016 838 2086 στρατῷ
867 2010 1100 2082 ἐνέζευεε
1128 2013 1263 2086 πρὸς
1289 2013 1353 2067 τὸ
1386 2008 1700 2088 Ταϐρέζιον.

219 2118 358 2173 Τότε
413 2116 487 2186 δὴ
544 2120 633 2172 καὶ
698 2119 1001 2193 Μιχαηλᾶς
1035 2120 1063 2174 6
1089 2123 1187 2173 τοῦ
1248 2119 1520 2197 Στεφάνου
1550 2121 1689 2187 υἱὸς,
1720 2120 1806 2174 καὶ

1992 2122 2111 2177 Ηοο
2140 2122 2268 2193 ipso
2300 2126 2564 2194 tempore
2595 2119 2911 2178 Michaelas
2940 2120 3227 2193 Stephani
3260 2120 3438 2192 (ilius,
3472 2121 3575 2194 qui

146 2202 485 2283 Τριϐαλλῶν
546 2206 635 2261 καὶ
686 2202 906 2283 Σέρϐων
957 2209 1092 2278 μετὰ
1136 2209 1228 2263 τὸν
1289 2209 1492 2284 πατέρα
1545 2208 1812 2271 καταστὰς

148 2297 422 2373 ἀρχηγὸς,
486 2293 766 2351 σπένδεται
818 2301 898 2367 τῷ
957 2296 1192 2372 βασιλεῖ,
1223 2296 1458 2359 καὶτοῖς
1490 2298 1810 2372 συμμάγοις

146 2386 236 2440 καὶ
293 2384 490 2462 φίλοις
541 2390 649 2439 τῶν
723 2384 1007 2457 Ῥωμαίων
1081 2384 1422 2464 ἐγγράφεται,
1482 2405 1807 2459 πρωτοσπα-

148 2475 337 2544 diem;
414 2474 698 2546 τιμηθείς.
760 2474 1042 2552 Ἐπέμφθη
1096 2471 1154 2529 δὲ
1207 2479 1286 2547 τῷ
1341 2476 1557 2551 βασιλεῖ
1610 2475 1697 2530 καὶ
1757 2474 1808 2544 ἐξ

148 2562 453 2637 iii-{31:100.
510 2563 657 2632 παρὰ
711 2567 812 2616 τοῦ
863 2562 1065 2632 ταύτης
1123 2564 1393 2640 ἀρχηγοῦ,
1427 2568 1563 2633 ζῶον
1612 2562 1807 2640 ἐλέφας

143 2653 233 2704 καὶ
301 2648 832 2722 καμηλοπάρδαλις.
906 2650 1255 2725 Βουλόμενος
1329 2651 1387 2707 δὲ
1457 2654 1485 2707 6
1556 2652 1809 2729 βασιλεὺς

143 2738 352 2801 τελέως
405 2740 723 2804 ἀπώσασθαι
776 2739 907 2802 τοὺς
960 2743 1317 2811 Πατζινάκας,
1348 2742 1446 2804 τὰς
1478 2739 1809 2811 ὁθενδήποτε

152 2825 413 2899 δυνάμεις
475 2829 724 2903 ἀθροίσας
780 2828 842 2884 ἐκ
883 2837 985 2899 τῆς
1042 2830 1214 2902 Ἑῲας
1244 2830 1333 2885 καὶ
1389 2838 1489 2900 τῆς
1546 2831 1808 2905 Ἑσπέρας

150 2918 242 2971 καὶ
300 2916 545 2991 Μιχαὴλ
600 2915 876 2994 παραδοὺς
923 2923 1004 2991 τῷ
1062 2917 1399 2992 Ἀκολούθῳ,
1447 2921 1534 2975 καὶ
1565 2921 1659 2975 τὸν
1690 2922 1809 2994 σύγ-

151 3004 359 3061 κελλον
418 3003 479 3060 δὲ
543 3006 827 3062 Βασίλειον
899 3009 968 3062 τὰ
1031 3007 1379 3083 Βουλγαρικά
1435 3010 1809 3084 στρατεύματα

154 3092 517 3171 ἀνειληφέναι
550 3094 832 3166 κελεύσας,
893 3098 981 3152 καὶ
1039 3095 1206 3174 ἄμφω
1262 3098 1397 3153 κατὰ
1446 3103 1553 3153 τῶν
1608 3100 1807 3167 Ηατζι-

144 3183 328 3239 νάκων
396 3183 683 3257 ἐκπέμπει.
754 3188 927 3261 ’Ὅπερ
987 3185 1183 3241 ἐκεῖνοι
1240 3186 1534 3260 πυθόμενοι
1593 3187 1809 3262 χάρακα

146 3272 424 3343 ἐπήξαντο
494 3272 631 3329 κατὰ
695 3276 798 3342 τὴν
870 3274 1113 3351 μεγάλην
1167 3272 1565 3352 Περισθλάϐαν,
1617 3278 1808 3353 τάφρῳ

151 3362 351 3434 βαθείᾳ
431 3363 523 3416 καὶ
599 3363 952 3437 σταυρώμασι
1014 3363 1217 3435 ταύτην
1301 3365 1804 3441 κατοχυρώσαντες.

148 3450 535 3527 Ἀφικομένων
637 3448 727 3505 οὗν
825 3456 933 3506 τῶν
1028 3452 1315 3525 Ῥωμαίων
1400 3452 1806 3529 συγκλείσαντες

147 3538 381 3599 ἑαυτοὺς
436 3534 587 3594 ἔνδον
639 3546 742 3609 τῆς
794 3541 1001 3617 τάφρου
1057 3539 1505 3615 ἐπολιορκοῦντο.
1563 3544 1712 3599 Ἐπεὶ
1747 3541 1804 3598 δὲ

147 3633 267 3690 τοῖς
311 3626 607 3696 Ῥωμαίοις
664 3626 954 3698 τηνάλλως
1002 3632 1030 3683 6
1059 3630 1245 3704 καιρὸς
1277 3627 1538 3703 ἐτρίϐετο,
1574 3628 1743 3704 μηδὲν
1775 3631 1805 3686 6'

148 3735 201 3768 τι
230 3717 329 3769 καί
382 3712 551 3791 λόγου
606 3712 750 3785 ἄξιον
801 3713 1210 3791 διαπράττουσι,
1241 3718 1472 3793 κατέσχε
1502 3717 1562 3775 δὶ
1608 3719 1802 3782 αὐτοὺς

149 3804 238 3857 καὶ
279 3804 485 3865 σπάνες
512 3807 620 3858 τῶν
653 3804 981 3880 ἀναγκαίων,
1039 3805 1249 3881 βουλὴν
1298 3806 1652 3882 προύτίθεσαν
1680 3810 1801 3883 περὶ

147 3896 246 3946 τοῦ
307 3892 601 3965 πρακτέου,
658 3892 747 3947 καὶ
806 3890 961 3965 δόξαν
1022 3895 1216 3949 ἅπασιν
1272 3895 1626 3970 ὑποστρέψαι,
1667 3896 1801 3971 ἀωρὶ

147 3984 258 4034 τῶν
316 3985 521 4034 νυκτῶν
595 3982 757 4056 σιγὴν
811 3982 1272 4058 παραγγείλαντες
1330 3984 1418 4039 καὶ
1476 3986 1569 4043 τὰς
1627 3985 1803 4049 πύλας

151 4068 583 4132 ἀναπετάσαντες
623 4073 723 4138 τῆς
777 4066 1143 4146 παρεμϐολῆς
1205 4072 1546 4149 ἐπεχώρουν.
1626 4078 1805 4132 Τοῦτο

152 4155 209 4211 '0":
257 4157 367 4212 οὐκ
410 4155 571 4222 ἔλαθε
615 4159 707 4213 τὸν
737 4162 941 4235 Τυράχο
976 4159 1122 4216 ἀλλὰ
1173 4165 1356 4235 μαθὼν
1406 4164 1481 4226 ὡς
1512 4163 1804 4239 βούλονται

152 4247 397 4322 φε-ὂγειν,
448 4244 576 4301 λαὸν
638 4246 720 4301 ὅτι
773 4246 1031 4304 πλεῖστον
1088 4255 1185 4305 τοῦ
1245 4250 1485 4327 χάρακος
1535 4251 1806 4328 ἐξαγαγὼν

152 4333 202 4386 ἐν
246 4338 371 4394 ταῖς
421 4330 628 4397 διόδοις
676 4335 981 4409 ἐκπέμπει,
1031 4340 1112 4412 [Ρ.
1160 4340 1292 4412 790]
1349 4341 1589 4411 ὅπουπερ
1640 4336 1803 4415 ἔμελ-

154 4418 250 4477 λον
301 4422 356 4475 οἱ
404 4423 668 4495 Ῥωμαῖοι
700 4422 1033 4501 διέρχεσθαι·
1083 4426 1243 4489 αὐτὸς
1281 4424 1338 4482 δὲ
1367 4426 1669 4498 έξελθοῦσιν
1718 4429 1803 4485 εὖ·

152 4509 245 4573 οὓς
306 4510 622 4567 ἐπιτίθεται.
688 4515 786 4568 Καὶ
853 4516 1056 4590 γίνεται
1116 4518 1295 4591 τροπή
1357 4521 1466 4571 τῶν
1514 4519 1802 4589 Ῥωμαίων

152 4600 378 4675 φρικτή,
429 4600 519 4654 καὶ
559 4602 611 4655 οἱ
663 4603 758 4673 μὲν
794 4604 898 4659 ὑπὸ
945 4609 1055 4659 τῶν
1105 4604 1331 4660 κατόπιν
1382 4605 1803 4681 καταλαμλανό-

153 4707 313 4757 μενοι
359 4688 786 4766 ἀπεσφάττοντο,
832 4693 886 4745 οἱ
914 4690 973 4746 δὲ
1006 4693 1109 4747 ὑπὸ
1138 4697 1245 4747 τῶν
1276 4693 1801 4771 προκατειληφότων

148 4776 241 4837 τας
292 4772 607 4851 δυσχωρίας
650 4778 960 4854 εῗργόμενοι
1016 4780 1393 4852 ἀνηλίσκοντο.
1446 4786 1668 4841 "Emesa
1700 4786 1797 4840 οὗν

1926 2218 2058 2281 post
2083 2211 2266 2282 patris
2290 2216 2533 2266 mortem
2556 2209 2950 2266 Triballorum
2974 2227 3039 2265 ac
3068 2210 3383 2266 Serborum
3416 2210 3572 2282 prin-

1919 2299 2176 2370 cipatum
2213 2300 2471 2366 tenebat,
2503 2315 2638 2354 cum
2672 2299 3023 2371 imperatore
3058 2300 3246 2355 fcedus
3285 2299 3405 2364 icit,
3436 2316 3569 2370 pro-

1920 2388 2380 2459 tosputhariique
2398 2389 2705 2443 decoratus
2728 2389 2948 2444 honore
2967 2389 3022 2443 in
3050 2388 3248 2443 album
3273 2387 3566 2444 sociorum

1919 2492 1986 2532 ac
2016 2477 2339 2531 amicorum
2373 2476 2600 2547 imperii
2650 2476 2895 2532 Romani
2946 2477 3281 2533 ascribitur.
3316 2476 3569 2539 Mittitur

1917 2564 2093 2619 etiam
2128 2564 2511 2631 Monomacho
2556 2566 2630 2619 ab
2660 2565 2882 2637 Βαγριί
2937 2566 3198 2637 principe
3246 2564 3485 2638 elephas
3510 2571 3567 2621 et

1917 2653 2419 2724 camelopurdalis.
2470 2654 2805 2709 Secundum
2861 2653 2981 2708 haec
3030 2653 3349 2725 imperator
3378 2654 3564 2710 Patzi-

1918 2759 2092 2797 nacas
2126 2760 2367 2813 prorsus
2400 2742 2631 2798 amoliri
2663 2742 2927 2814 cupiens,
2961 2759 3164 2798 omnes
3208 2743 3469 2815 undique
3498 2760 3562 2799 ex

1916 2830 2152 2886 Oriente
2218 2836 2278 2886 et
2309 2831 2619 2887 Occidente
2665 2832 2862 2903 capias
2892 2830 3187 2897 conducit,
3238 2832 3429 2903 iisque
3454 2831 3567 2887 Mi-

1917 2919 2184 2974 obaelum
2210 2919 2560 2974 Acolutbum
2579 2920 2821 2991 praeﬁcit
2843 2938 2855 2974 :
2880 2919 3160 2974 Basilium
3180 2935 3411 2992 quoque
3433 2937 3566 2991 syn-

1916 3008 2130 3064 oellum
2156 3008 2491 3078 Bulgaricos
2508 3009 2975 3078 exercitusjubet
2989 3008 3326 3074 excitare,et
3344 3014 3569 3064 utrum-

1918 3117 2030 3172 que
2069 3106 2271 3155 contra
2304 3100 2640 3155 Patzinacas
2686 3098 2995 3171 proﬁcisci.
3032 3099 3311 3155 Nuntiata
3352 3099 3427 3155 iis
3458 3100 3569 3155 hac

1917 3206 1997 3254 re,
2032 3189 2353 3244 Patzinaca:
2386 3189 2457 3243 ad
2492 3205 2764 3259 magnam
2803 3187 3228 3242 Peristhlabam
3261 3193 3452 3243 castra
3482 3186 3564 3242 lo-

1916 3284 2070 3345 cant,
2104 3295 2291 3348 caque
2320 3277 2472 3333 vallo
2502 3295 2569 3333 ac
2616 3278 2774 3332 fossa
2814 3277 3227 3332 communiunt
3255 3276 3565 3342 profunda,

1916 3374 1974 3423 et
2002 3367 2282 3422 Romanis
2310 3367 2760 3421 advenientibus
2786 3367 2843 3420 in
2876 3383 2944 3421 ea
2967 3383 3028 3421 se
3049 3364 3386 3434 includunt,
3418 3365 3570 3421 obsi-

1838 3485 1881 3553 ρ
1918 3457 2275 3525 dionemque
2309 3454 3045 3526 perferunt.Romani,cum
3068 3459 3300 3526 tempus
3321 3454 3378 3508 in
3412 3453 3565 3509 obsi-

1919 3546 2092 3602 dione
2122 3544 2284 3599 nullo
2310 3544 2504 3598 fructu
2541 3549 2824 3597 tereretur
2846 3543 3084 3611 jamque
3115 3544 3290 3598 etiam
3324 3543 3568 3613 penuria

1912 3633 2178 3689 laborare
2206 3630 2893 3703 ineiperent,consultant
2910 3631 3191 3701 quidnam
3210 3638 3367 3686 esset
3391 3648 3532 3703 agen
3553 3661 3568 3669 -

1915 3725 2078 3777 dum.
2112 3720 2340 3776 Placuit
2369 3720 2735 3775 obsidionem
2769 3719 3012 3774 solvere.
3051 3719 3253 3790 Itaque
3286 3719 3570 3791 imperato

1916 3812 2152 3866 silentio
2185 3811 2538 3881 intempesta
2568 3815 2738 3865 nocte
2769 3807 2951 3879 portis
2991 3812 3319 3862 castrorum
3351 3808 3570 3878 apertis

1915 3899 2251 3953 discedunt.
2285 3898 2492 3968 Neque
2524 3898 2629 3952 hoc
2658 3895 2985 3968 Tyracbum
3024 3895 3213 3963 latuit,
3230 3895 3330 3949 sed
3367 3894 3566 3966 fugam

1916 4004 2015 4043 eos
2048 3988 2236 4043 moliri
2294 3988 2506 4042 certior
2558 3988 2746 4041 factus
2791 4000 3064 4056 magnam
3127 3983 3567 4038 multitudinem

1916 4077 2126 4133 castris
2157 4075 2429 4130 emissam
2479 4075 2603 4130 vias
2654 4073 2909 4129 insidere
2951 4073 3125 4143 jubet
3180 4089 3296 4141 qua
3325 4072 3569 4127 Romani

1916 4175 2075 4222 erant
2099 4163 2609 4233 transituri,atqae
2628 4164 2753 4234 ipse
2774 4162 3139 4233 egredientes
3160 4162 3359 4216 statim
3383 4161 3569 4217 adori-

1914 4261 2024 4310 tur.
2037 4254 2189 4309 ους
2214 4258 2388 4308 Atrox
2411 4254 2489 4307 ibi
2514 4253 2909 4308 Romanorum
2945 4252 3054 4305 t'uit
3074 4250 3442 4315 clades,cum
3465 4250 3565 4304 alii

1914 4344 2113 4400 hostes
2145 4360 2177 4399 a
2209 4350 2368 4415 tergo
2400 4341 2650 4397 insecuti
2684 4340 3088 4408 necarent,alii
3121 4341 3193 4395 ab
3216 4339 3290 4395 iis
3315 4339 3416 4411 qui
3443 4339 3564 4394 vias

1914 4437 2339 4504 occupaverant
2369 4430 2793 4486 occiderentur.
2846 4428 3063 4483 Cecidit
3113 4444 3327 4499 magna
3358 4427 3563 4482 multi-

1913 4522 2076 4585 tudo,
2111 4527 2285 4590 atque
2315 4520 2437 4591 ipse
2469 4518 2644 4573 etiam
2680 4516 2972 4590 syncellus
2993 4534 3013 4571 :
3045 4515 3254 4587 reliqui
3286 4532 3419 4571 cum
3454 4516 3566 4571 Mi—

1913 4609 2116 4665 chaelo
2146 4608 2562 4679 Adrianopolin
2596 4611 3004 4677 pervenerunt.
3047 4604 3466 4660 Monomacbus
3497 4622 3564 4658 ex

1917 4700 2024 4753 hac
2054 4697 2386 4752 calamitate
2407 4696 2704 4765 ingentem
2728 4694 2883 4764 cepit
2902 4693 3160 4748 dolorem
3186 4713 3200 4761 ;
3224 4699 3282 4748 et
3303 4692 3563 4748 collectis

1914 4788 2012 4858 qui
2045 4790 2351 4841 eVaserant
2381 4783 2691 4845 militibus,
2724 4783 3004 4851 novisque
3035 4782 3270 4851 scriptis
3304 4781 3562 4837 cohorti-

151 4863 368 4933 πλῆθος
397 4866 566 4932 πολὺ,
618 4867 803 4922 πίπτει
840 4866 900 4923 δὲ
935 4869 1027 4925 καὶ
1057 4868 1215 4932 αὐτὸς
1241 4872 1270 4926 6
1302 4872 1623 4947 σόγκελλος,
1657 4875 1708 4928 οἱ
1741 4871 1798 4929 δὲ

1921 4873 2352 4939 )us,conductis
2381 4871 2555 4927 etiam
2592 4870 3215 4939 mercenariis,bellum
3247 4869 3555 4939 reparavit,

152 4949 343 5008 λοιποὶ
401 4954 496 5009 σὺ)
526 4960 607 5027 τῷ
638 4955 869 5033 Μιχαὴλ
927 4956 980 5012 ἐν
1030 4956 1477 5029 ’Δδριανουπόλει
1511 4959 1801 5032 διασώζον-

148 5060 253 5095 ται.
322 5042 634 5118 ιιεριαλγὴς
690 5046 783 5100 οὖν
831 5047 861 5100 6
927 5046 1184 5121 βασιλεὺς
1224 5051 1518 5124 γενόμενος
1568 5050 1654 5105 ἐπὶ
1721 5056 1824 5125 τῷ,

150 5128 467 5203 ἀτυχήματι
544 5132 673 5196 τούς
748 5154 808 5189 τε
878 5133 938 5190 ἐκ
1006 5143 1106 5206 τῆς
1178 5145 1390 5212 τροπῆς
1445 5137 1798 5204 διασωθέντας

148 5216 486 5292 ἄνελάμϐανε
534 5222 627 5277 καὶ
653 5221 786 5279 λαὸν
833 5220 1016 5300 ἕτερον
1058 5223 1436 5301 ἐστρατολόγει
1478 5229 1569 5284 καὶ
1605 5241 1799 5301 μισθοο

150 5308 347 5383 φόρους
398 5309 670 5388 συνέλεγε,
729 5312 819 5368 καὶ
879 5309 1111 5369 ἀϐίωτον
1164 5314 1352 5391 ᾐγεῖτο
1398 5319 1490 5371 τὸν
1554 5318 1692 5393 βίον,
1754 5318 1798 5371 εἰ

1909 4966 2088 5037 quod,
2120 4963 2233 5019 nisi
2267 4961 2580 5017 excidisset
2628 4960 2986 5023 Patzinacas.
3030 4958 3209 5013 vitam
3259 4958 3369 5013 sibi
3397 4974 3557 5012 acer-

1912 5057 2043 5109 bam
2076 5052 2347 5109 ducebat.
2383 5051 2699 5105 Patzinacte
2732 5064 2764 5103 e
2796 5050 3037 5119 perfuga
3095 5048 3351 5117 quodam
3384 5062 3452 5101 eo
3483 5047 3556 5100 de

1907 5141 2181 5198 instituto
2213 5141 2344 5197 facti
2399 5139 2697 5204 certiores,
2733 5137 2931 5191 missis
2980 5136 3189 5208 legatis
3239 5150 3439 5206 pacem
3481 5135 3554 5189 ab

1910 5232 2262 5300 imperatore
2294 5229 2606 5301 petierunt.
2639 5226 2862 5292 Quibus
2892 5226 3168 5293 assensit,
3199 5229 3258 5279 et
3286 5223 3555 5278 inducias

1910 5319 2229 5375 triennales
2263 5317 2498 5389 pepigit.

150 5397 224 5465 μή
260 5394 430 5469 ἄρδην
460 5400 707 5477 άφινίσει
737 5403 799 5457 τὸ
830 5404 987 5478 γένος
1016 5408 1124 5458 τῶν
1154 5410 1519 5474 Πατζινακων.
1553 5405 1709 5463 Ἀλλ’
1741 5406 1935 5462 ἐκεῖνοι
1968 5404 2039 5461 δι’
2070 5404 2382 5478 αὐτομόλου
2410 5409 2571 5459 τοῦτο
2602 5404 2900 5474 πυθόμενοι
2922 5395 3391 5476 διαπρεσϐεὗονται
3413 5398 3552 5473 πρὸς

146 5486 233 5536 τὸν
273 5485 520 5559 βασιλέα,
553 5490 772 5565 εἰρήνην
804 5491 1101 5556 αἰτοῦντες.
1136 5495 1233 5547 Καὶ
1263 5492 1693 5570 προσδεξάμενος
1724 5494 1881 5558 οὗτος
1919 5496 2019 5564 τὴν
2068 5488 2352 5571 πρεσϐείαν
2408 5489 2687 5547 σπένδεται
2734 5492 2848 5565 μετ’
2896 5490 3069 5546 αὐτῶν
3114 5487 3573 5566 τριακοντούτεις,

145 5570 379 5637 σπονδάς
412 5578 660 5650 θέμενος.

210 5680 599 5761 Μοναστήριον
672 5683 731 5743 Si
808 5684 1126 5762 οἰκοδομῶν
1173 5689 1203 5743 6
1250 5688 1504 5765 βασιλεὺς
1547 5691 1683 5747 κατὰ
1727 5690 1797 5746 τὰ

1974 5691 2258 5749 Ceterum
2286 5689 2709 5749 Monomachus
2739 5686 3165 5745 monasterium
3193 5686 3457 5745 condens
3485 5685 3549 5742 in
