4070 6334
2077 233 2098 255 \

485 395 604 456 343

1814 390 2130 452 GEORGII
2177 390 2517 452 CEDRENI

3769 385 3894 443 344

489 523 938 597 aggrediebatur
969 521 1336 591 difﬁcultate,
1361 525 1416 578 et
1445 521 1504 576 in
1530 526 1818 594 quantum
1845 539 1906 577 se
1935 522 2131 595 ipsum

2253 543 2410 594 μενος
2438 523 2534 590 την
2577 519 2871 598 ἀνάρρησιν
2913 518 3002 574 καὶ
3048 515 3460 587 δεινοπαθήσας,
3491 516 3580 572 καὶ
3635 516 3710 588 μή
3763 516 3892 590 βου⁶

489 614 806 668 discrimen
841 613 1178 679 adduceret,
1207 610 1464 666 collectis
1494 612 1682 664 vernis
1716 612 1840 665 suis
1873 619 1929 666 et
1958 613 2140 666 servis

492 705 668 772 alque
728 699 1036 774 ministris,
1101 697 1418 767 multisque
1467 697 1638 752 etiam
1699 699 2024 752 vicinorum
2086 705 2144 753 et

493 791 892 856 familiarium,
928 791 1024 861 qui
1075 791 1272 845 animo
1328 793 1495 844 erant
1555 790 1774 855 leviori,
1812 791 2140 860 vespertino

493 880 837 952 crepusculo
891 881 962 934 ab
1021 881 1244 934 aedibus
1305 879 1588 949 suis-(eae
1647 888 1813 933 erant
1865 880 2018 934 613
2069 881 2140 933 ad

495 968 967 1038 Leomacellium,
1002 967 1154 1040 quod
1200 967 1394 1038 populi
1447 953 1751 1022 macellum
1804 967 1936 1021 licet
1967 969 2140 1021 inter-

495 1057 731 1129 pretari)
791 1073 893 1128 per
964 1056 1182 1127 plateas
1243 1055 1520 1126 palatium
1584 1072 1788 1110 versus
1842 1057 2143 1126 processit,

494 1146 818 1200 vociferans
876 1150 1195 1198 extremam
1260 1144 1370 1199 sibi
1434 1145 1708 1214 injuriam
1769 1146 1914 1212 fieri,
1958 1147 2146 1216 deque

494 1251 560 1289 ea
591 1233 778 1288 obviis
833 1232 1188 1303 quibusdam
1242 1241 1626 1302 coanestus,
1659 1235 1808 1304 quod
1862 1235 1970 1288 sibi
2005 1251 2145 1288 san-

495 1321 670 1392 guine
703 1321 1043 1376 defunctum
1080 1320 1492 1391 imperatorem
1542 1324 1800 1392 proxime
1833 1323 2141 1393 attingenti

499 1410 810 1482 imperium
844 1410 1198 1482 hmreditatis
1224 1411 1356 1479 jure
1387 1411 1456 1464 ad
1490 1427 1550 1464 se
1587 1410 1925 1465 devolutum
1957 1411 2143 1482 eripe-

498 1504 677 1553 retur.
736 1504 878 1552 Cum
936 1499 1004 1552 ad
1061 1499 1397 1570 praetorium
1455 1500 1833 1569 pervenisset,
1868 1503 2146 1554 custodiae

500 1587 792 1659 perruptis
827 1589 1010 1658 portis
1044 1588 1302 1657 captivos
1341 1587 1558 1652 emisit,
1591 1605 1836 1659 sperans
1868 1590 2144 1643 nimirum

497 1693 699 1732 eorum
732 1675 948 1730 auxilio
966 1692 1027 1730 se
1050 1675 1272 1747 aliquid
1299 1676 1556 1747 praeclari
1582 1677 2143 1732 eil‘eeturudecm-

498 1782 612 1836 que
643 1766 700 1819 in
732 1763 942 1820 Chalce
985 1766 1134 1820 fecit.
1185 1765 1444 1820 Eunuchi
1498 1765 1554 1820 in
1591 1766 1804 1837 palatio
1858 1767 2144 1821 seditione

499 1854 849 1908 annuntiata
880 1853 1143 1908 celeriter
1196 1854 1392 1924 palatii
1436 1856 1710 1908 custodes
1759 1854 1977 1909 milites
2009 1871 2142 1908 cum

502 1943 792 1997 Romanos
863 1946 989 1996 tum
1066 1941 1364 2013 Barangos
1441 1943 1834 1998 mercenaries
1891 1950 2143 1998 armant.

507 2031 638 2086 Mox
667 2031 842 2086 etiam
873 2030 1201 2086 triremium
1235 2031 1744 2102 imperatoriarum
1783 2032 2028 2086 ministri
2061 2033 2145 2086 in-

505 2124 838 2188 struuntur,
871 2117 1284 2190 colligiturque
1313 2119 1392 2174 ita
1416 2136 1625 2189 agmen
1659 2119 1810 2174 haud
1845 2123 2143 2191 exiguum,

504 2209 661 2280 quod
711 2211 916 2262 contra
961 2207 1352 2262 Theodosium
1403 2209 1754 2263 mitteretur.
1791 2211 1847 2264 Is
1895 2211 1992 2264 ubi
2038 2209 2146 2263 hoe

504 2295 783 2367 percepit,
815 2295 1040 2350 omissa
1067 2296 1136 2350 ad
1172 2296 1456 2367 palatium
1492 2297 1582 2352 via
1612 2298 1680 2352 ad
1734 2297 2011 2368 Magnum
2043 2297 2141 2351 Dei

497 2385 808 2456 Templum
841 2384 1114 2454 deflectit,
1147 2401 1392 2456 sperans
1425 2402 1486 2440 se
1519 2403 1584 2441 eo
1617 2387 1945 2458 ingressum
1981 2405 2014 2439 a
2046 2403 2144 2456 pa-

499 2473 755 2527 triarcha
783 2478 840 2527 et
870 2473 1020 2528 clero
1042 2479 1346 2545 acceptum
1376 2474 1880 2545 iri,plurimosque
1905 2493 2142 2530 concur-

499 2578 671 2616 suros
704 2561 801 2632 qui
835 2561 1028 2632 ipsum
1080 2562 1492 2633 imperatorem
1545 2564 1893 2618 salutarent.
1929 2564 2142 2618 Verum

498 2651 547 2704 ei
583 2649 753 2720 plane
784 2648 1080 2704 diversum
1102 2653 1330 2707 evenit:
1366 2669 1498 2706 nam
1525 2652 1774 2707 venienti
1810 2652 2143 2723 patriarcha

498 2743 555 2793 et
584 2737 776 2793 clerus
809 2738 1011 2809 templi
1046 2741 1196 2794 fores
1239 2739 1630 2795 obdiderunt:
1681 2758 1870 2811 neque
1901 2742 2145 2797 aderant

499 2827 730 2896 uspiam
761 2827 799 2880 ii
832 2827 932 2897 qui
963 2829 1035 2882 ad
1069 2827 1210 2884 tales
1241 2846 1332 2884 res
1379 2835 1575 2900 utpote
1607 2829 1750 2900 ipsis
1780 2836 1975 2899 gratas
2006 2847 2140 2885 con-

497 2930 728 2970 currere
786 2915 1096 2985 solebant;
1153 2923 1210 2971 et
1267 2917 1366 2988 qui
1424 2919 1616 2988 ipsum
1677 2935 1743 2972 eo
1799 2935 1985 2988 usque
2042 2936 2142 2973 co-

500 3004 685 3058 mitati
710 3004 866 3059 614
897 3005 1148 3081 fuerant,
1187 3006 1426 3060 missum
1474 3013 1675 3060 contra
1707 3008 1774 3061 iri
1823 3009 2139 3063 exercitum

498 3091 822 3157 audientes,
858 3092 1143 3162 paulatim
1177 3092 1385 3164 dilapsi
1419 3100 1576 3149 sunt.
1617 3095 1875 3150 Tandem
1908 3098 1982 3150 ab
2013 3114 2135 3151 orn-

497 3183 673 3235 nibus
704 3181 993 3251 desertus,
1044 3183 1398 3238 miserabilis
1450 3183 1698 3254 supplex
1748 3201 1882 3239 cum
1917 3186 2034 3241 tilio
2067 3188 2136 3242 ad

2252 611 2577 683 λευσάμενος
2615 608 2755 683 μηδέ
2787 609 3147 684 λογισάμενος
3176 608 3274 674 τήν
3333 610 3430 660 τοῦ
3481 601 3643 678 ἔργου
3695 602 3891 677 δυσχέ-

2251 720 2396 772 ρειαν
2457 700 2544 753 καὶ
2601 699 2906 768 ἀπότευξιν,
2943 694 3071 768 μηδ’
3104 699 3218 750 οἷον
3269 690 3438 749 κύϐον
3489 693 3683 766 μέλλει
3728 694 3894 767 ἀναῤ-

2252 789 2482 864 ριπτεῖν,
2513 788 2820 866 ἀνειληφὼς
2867 787 2992 847 τοὺς
3041 785 3336 860 οἰκογενεῖς
3378 785 3464 838 καὶ
3515 781 3744 844 δούλους
3804 786 3896 837 καί

2249 877 2374 938 τοὺς
2427 876 2613 940 ἄλλως
2653 877 3125 950 ὑπηρετουμένους
3177 876 3345 945 αὐτῷ,
3387 871 3635 933 πολλοὺς
3695 870 3751 926 δὲ
3805 873 3896 926 καὶ

2249 972 2354 1020 τῶν
2388 962 2645 1040 γειτόνων
2677 965 2765 1019 καί
2795 987 2943 1026 τινας
2977 970 3083 1019 τῶν
3137 965 3403 1032 συνήθων,
3437 961 3554 1016 ὅσοι
3601 981 3701 1036 περ
3761 963 3896 1030 ἦσαν

2249 1057 2343 1116 τὰς
2392 1054 2580 1131 φρένας
2627 1055 2968 1130 κουφότεροι,
3024 1050 3152 1125 ἄρας
3201 1053 3322 1126 περὶ
3377 1047 3563 1119 δείλην
3616 1049 3771 1122 ὀψίαν
3835 1049 3898 1104 ἐκ

2249 1151 2351 1211 τῆς
2397 1143 2568 1204 οἰκίας
2619 1146 2810 1213 (κεῖται
2858 1139 2914 1196 δὲ
2962 1142 3095 1210 αὕτη
3143 1139 3263 1216 περὶ
3316 1139 3379 1194 τὸ
3425 1138 3716 1211 λεγόμενον
3749 1147 3926 1192 Λεω-’

2257 1231 2578 1304 μακέλλιον)
2610 1231 2806 1306 προῄει
2831 1228 2920 1284 διὰ
2947 1237 3045 1298 τῆς
3072 1228 3330 1290 πλατείας
3364 1229 3438 1289 ὼς
3492 1227 3567 1288 εἷς
3613 1228 3675 1281 τὸ
3723 1227 3900 1282 παλά-

2253 1341 2390 1387 τιον,
2440 1321 2752 1394 ἀγανακτῶν
2802 1319 2889 1372 καὶ
2949 1317 3336 1392 δυσχεραίνων,
3387 1317 3474 1370 καὶ
3527 1317 3626 1383 τὴν
3685 1313 3898 1370 ἀδικίαν

2255 1411 2328 1470 ὡς
2362 1409 2421 1463 ἃν
2469 1410 2537 1464 τά
2566 1409 2765 1483 ἔσχατα
2791 1407 3125 1477 ἠδικημένος
3176 1407 3310 1481 πρὸς
3365 1405 3492 1467 τοὺς
3547 1406 3901 1480 παρατυχόν-

2251 1518 2347 1558 τας
2396 1493 2790 1568 ἐπιϐοώμενος,
2839 1497 2929 1550 καὶ
2977 1497 3075 1562 τήν
3128 1495 3404 1570 βασιλείαν
3461 1493 3902 1565 ἀνακαλούμενος

2255 1587 2328 1648 ὼς
2357 1585 2790 1660 κληρονομιαῖον
2830 1585 2975 1658 τάχα
3031 1586 3214 1656 κτῆμα
3271 1583 3360 1636 καὶ
3418 1582 3564 1654 αὐτῷ
3621 1589 3901 1654 προσῆκον

2254 1673 2327 1734 ὡς
2359 1671 2572 1743 μᾶλλον
2601 1677 2708 1726 τῶν
2743 1671 2929 1726 ἄλλων
2959 1671 3226 1745 ἐγγύτατα
3258 1666 3441 1746 ἔχοντι
3478 1668 3706 1742 α’ίματος
3766 1673 3908 1741 πρὸς

2251 1763 2343 1816 τὸν
2426 1761 2728 1816 ἀπελθόντα
2793 1761 3038 1836 βασιλέα.
3096 1767 3180 1821 Ὡς
3251 1757 3309 1814 δὲ
3365 1758 3576 1834 ἐγένετο
3647 1761 3785 1814 κατά
3841 1761 3906 1814 τὸ

2252 1852 2610 1925 πραιτώριον,
2641 1849 2932 1926 διαρρήξας
2962 1851 3055 1912 τὰς
3087 1849 3265 1910 πύλας
3293 1856 3394 1918 τῆς
3421 1847 3669 1923 φυλακῆς
3724 1848 3905 1922 ἐξάγει

2253 1939 2377 2001 τοῦς
2428 1941 2867 2015 καθειργμένους,
2918 1937 3142 2000 ἐλπίσας
3193 1939 3346 2009 οἶμαι
3407 1935 3476 1991 δι’
3524 1937 3698 1992 αὐτῶν
3764 1939 3910 2012 μέγα

2253 2049 2303 2081 τι
2333 2026 2716 2102 διαπράξασθαι
2749 2027 2837 2083 καί
2880 2033 3147 2102 γενναῖον.
3184 2028 3262 2084 Τὸ
3311 2023 3366 2080 δὲ
3418 2027 3550 2080 αὐτὸ
3603 2031 3765 2080 τοῦτο
3810 2027 3907 2080 καὶ

2256 2115 2307 2170 ἐν
2352 2115 2550 2190 Χαλκῇ
2609 2118 2810 2180 φθάσας
2864 2115 3061 2173 ἐποίει.
3095 2113 3273 2170 Ἀλλά
3328 2121 3428 2184 τῆς
3491 2113 3907 2176 ἐπαναστάσεως

2253 2211 2371 2267 τοῖς
2403 2205 2453 2260 ἐν
2485 2212 2603 2268 τοῖς
2667 2205 2966 2280 βασιλείοις
3020 2205 3356 2280 γνωσθείσης
3414 2203 3722 2278 εὐνούχοις,
3755 2204 3905 2278 ταχὺ

2261 2296 2352 2367 μὲν
2413 2295 2463 2350 οἱ
2524 2295 2886 2356 φυλάσσοντες
2955 2294 3006 2349 έν
3092 2299 3172 2366 τῷ
3250 2292 3503 2364 παλατίῳ
3575 2297 3906 2366 στρατιῶται

2253 2383 2522 2454 Ῥωμαῖοί
2587 2405 2645 2438 τε
2717 2383 2806 2437 καὶ
2866 2385 3134 2458 Βάραγγοι
3189 2382 3363 2458 (γένος
3423 2380 3480 2434 δὲ
3537 2379 3794 2434 Κελτικὸν
3850 2382 3906 2434 οἱ

2254 2473 2524 2548 Βάραγγοι
2588 2474 3043 2549 μισθοφοροῦντες
3084 2471 3401 2542 Ῥωμαίοις)
3452 2467 3906 2537 κασοπλίζονται,

2253 2563 2394 2638 ταχυ
2443 2561 2499 2617 δὲ
2564 2563 2654 2616 καὶ
2721 2564 2773 2616 οἱ
2831 2562 2882 2618 έν
2949 2568 3070 2623 ταῖς
3133 2563 3444 2635 βασιλικαῖς
3507 2561 3906 2632 ὑπηρετοῦντες

2252 2655 2526 2726 τριήρεσιν
2568 2652 2869 2726 ἠγείροντο.
2907 2651 3004 2705 Καὶ
3056 2651 3180 2724 χεὶρ
3237 2651 3396 2718 ἱκανὴ
3457 2655 3537 2723 [Ρ.
3592 2651 3719 2720 793‘i
3776 2670 3906 2702 συν-

2253 2741 2514 2814 ηθροίσθη
2550 2743 2637 2795 καὶ
2670 2740 2805 2794 κατά
2845 2743 2940 2794 τοῦ
2973 2737 3266 2794 Θεοδοσίου
3326 2735 3528 2809 ἔμελλε
3571 2737 3907 2809 πέμπεσθαι.

2250 2833 2303 2882 Ὀ
2335 2827 2392 2884 δὲ
2421 2835 2580 2884 τοῦτο
2613 2829 2939 2901 πυθόμενος,
2971 2825 3224 2890 ἐκκλίνας
3264 2830 3360 2881 τοῦ
3416 2827 3550 2900 πρὸς
3602 2827 3664 2880 τὸ
3721 2825 3908 2880 παλά-

2250 2940 2364 2973 τιον
2397 2918 2630 2985 ἀπιέναι,
2675 2919 2997 2994 ὑποστρέφει
3055 2917 3209 2990 πρὸς·
3239 2917 3340 2984 την
3388 2919 3484 2969 τοῦ
3537 2919 3671 2969 Θεοῦ
3723 2915 3905 2987 Μεγά-

2254 3006 2355 3076 λην
2390 3006 2728 3071 Ἐκκλησίαν·
2758 3005 2962 3075 ⁸ἤλπισε
2984 3006 3086 3080 γὰρ
3119 3005 3193 3066 ὡς
3243 3002 3555 3058 εἰσελθόντα
3599 3007 3790 3057 τοῦτον
3846 3002 3907 3056 έν

2251 3096 2390 3167 αὐτῇ
2445 3097 2472 3149 6
2521 3096 2870 3170 πατριάρχης
2926 3115 2985 3148 τε
3041 3093 3130 3147 καὶ
3180 3093 3208 3145 6
3263 3092 3471 3164 κλῆρος
3525 3087 3908 3164 προσδέξεται,

2250 3185 2338 3238 καὶ
2372 3184 2502 3245 λαὸς
2536 3185 2946 3258 ἀθροισθήσεται
2997 3181 3274 3244 πλεῖστος,
3298 3179 3386 3234 καὶ
3441 3179 3665 3254 βασιλέα
3712 3179 3917 3252 ἀναγο-

493 3268 778 3340 templum
812 3270 1096 3336 consedit,
1129 3271 1449 3342 statimque
1489 3287 1557 3326 ex
1586 3289 1650 3327 eo
1695 3274 1971 3345 abreptus
2005 3276 2137 3330 Per-

2254 3272 2521 3346 ρεύσουσι.
2575 3275 2759 3328 Ταῦτα
2835 3270 2892 3326 δὲ
2970 3273 3144 3325 πάντα
3227 3269 3378 3340 αὐτῷ
3453 3267 3529 3329 εἷς
3587 3266 3911 3322 τούναντίον

493 3373 734 3426 gamum
769 3356 874 3410 soli
909 3358 1167 3412 vertendi
1200 3375 1376 3413 causa
1407 3365 1644 3415 coactus
1673 3367 1761 3415 est
1794 3365 1892 3416 ire.
1930 3364 2138 3418 Eodem

495 3445 664 3498 modo
697 3444 884 3514 puniti
927 3446 1102 3500 etiam
1155 3448 1589 3518 praestantiores
1620 3449 1739 3516 alii,
1792 3450 1890 3520 qui
1935 3469 1995 3506 se
2029 3453 2139 3522 ipsi

495 3533 906 3602 adjuuxerant.

2254 3359 2448 3430 ἀπέϐη.
2481 3365 2545 3416 Ὃ
2575 3382 2632 3415 τε
2666 3361 2764 3435 γάρ
2825 3361 3174 3434 πατριάρχης
3227 3360 3316 3412 καὶ
3367 3358 3395 3410 6
3453 3364 3550 3425 τῆς
3609 3356 3915 3426 ἐκκλησίας

2250 3449 2457 3524 κλῆρος
2535 3449 2823 3524 ἐρχομένῳ
2882 3449 2975 3512 τὰς
3029 3447 3230 3515 ταύτης
3296 3444 3647 3501 ἀποκλείουσι
3706 3445 3918 3511 πύλας,

2249 3540 2338 3594 καὶ
2371 3541 2422 3594 οἱ
2455 3541 2702 3608 συνήθως
2736 3538 2786 3593 ἐν
2813 3544 2929 3599 τοῖς
2960 3538 3234 3596 τοιούτοις
3293 3535 3580 3610 χαίροντες
3629 3534 3720 3587 καὶ
3780 3555 3908 3588 συν-

494 3620 790 3694 τρέχονττς
841 3621 978 3690 ἦσαν
1039 3618 1302 3693 οὐδαμοῦ,
1365 3621 1451 3676 καί
1513 3625 1564 3677 οἱ
1623 3625 1985 3698 παρεπόμενοι
2043 3649 2223 3700 τουτῳ
2280 3628 2472 3702 μέχρις
2526 3627 2736 3682 ἐκείνου
2779 3633 2874 3682 τοῦ
2904 3627 3095 3686 τόπου.
3133 3625 3393 3697 μαθόντες
3423 3625 3520 3692 τήν
3593 3621 3914 3696 μέλλουσαν

497 3709 804 3780 πέμπεσθαι
864 3707 1092 3783 δύναμιν
1149 3713 1264 3765 κατ’
1321 3712 1522 3779 αὐτῶν,
1578 3715 1712 3768 κο.τά
1788 3718 1978 3788 μικρὸν
2052 3716 2402 3793 ὑπορρέοντες
2475 3715 2890 3786 ἐσκεδάσθησαν,
2949 3715 3037 3770 καὶ
3117 3714 3309 3769 λοιπὸν
3396 3711 3602 3787 ἔρημος
3687 3715 3915 3767 πάντων

498 3796 873 3876 καταλειφθεὶς
930 3800 1112 3870 ἱκέτης
1169 3797 1398 3861 ἐλεεινὸς
1453 3801 1587 3872 μετὰ
1636 3807 1732 3856 τοῦ
1789 3801 1982 3865 παιδὸς
2041 3807 2179 3878 πρὸς
2235 3808 2333 3874 τήν
2420 3804 2710 3876 ἐκκλησίαν

2799 3805 3051 3873 καθίζει·
3099 3804 3156 3858 ’ὀν
3253 3801 3408 3865 εὐθὺς
3487 3800 3916 3863 ἀποστείλαντες

495 3883 742 3960 ἐξάγουσι
771 3891 872 3955 τῆς
932 3886 1224 3958 ἐκκλησίας
1275 3889 1364 3942 καὶ
1413 3887 1740 3965 ἐξορίζουσιν
1794 3892 1844 3947 έν
1909 3895 2201 3968 Περγάμῳ.
2231 3895 2308 3951 Τὸ
2367 3892 2414 3949 δ’
2466 3895 2596 3949 αὐτὸ
2652 3899 2811 3948 τοῦτο
2869 3895 2956 3947 καὶ
3019 3891 3095 3954 εἷς
3154 3891 3278 3952 τοὺς
3333 3890 3762 3968 ἐμφανεστέρους
3800 3896 3917 3944 τῶν

493 3976 651 4045 αὐτῷ
707 3977 1160 4052 συναπαχθέντων
1209 3975 1491 4048 έποίησαν.
1551 3980 1650 4036 Καὶ
1706 3981 1768 4034 τὸ
1817 3981 1922 4036 ἀπὸ
1995 3982 2189 4037 τούτου
2233 3985 2260 4037 6
2313 3983 2540 4058 Μιχαὴλ
2615 3978 3103 4061 έναμφισϐητήτως
3189 3979 3546 4057 ἀνηγορεύετο
3629 3979 3916 4054 αὐτοκρά·

492 4081 626 4134 τωρ.

565 4169 941 4227 Stratioticus
971 4175 1204 4229 nemine
1236 4179 1739 4248 repugnantejam
1763 4179 2009 4251 imperio
2042 4197 2141 4251 po-

495 4262 641 4316 titus
671 4263 926 4318 delectos
959 4271 1279 4328 senatores,
1303 4284 1597 4338 quemque
1631 4271 1698 4322 ad
1727 4273 2006 4339 majorem
2042 4289 2141 4325 ex-

492 4348 745 4405 tollendo
775 4350 1145 4422 dignitatem,
1167 4355 1445 4424 p0pulum
1475 4356 1890 4412 beneﬁciorum
1916 4359 2142 4428 pollici-

493 4438 835 4504 tationibus,
870 4441 1180 4494 demeruit.
1213 4442 1354 4496 Cum
1408 4449 1601 4498 autem
1639 4453 1792 4498 esset
1821 4446 2139 4500 admodum

493 4543 669 4582 senex
701 4527 1003 4598 multaque
1048 4532 1292 4600 antiqua
1342 4533 1764 4598 recordaretur,
1800 4536 2016 4589 multas
2047 4553 2138 4590 ve-

493 4621 687 4670 terum
718 4619 1216 4673 consuetudinum
1251 4623 1526 4676 redueere
1568 4623 1838 4687 intendit,
1875 4624 2017 4678 nihil
2052 4625 2137 4679 vel

495 4705 742 4777 imperio
775 4707 862 4762 vel
895 4707 976 4761 rei
1027 4709 1274 4779 publicae
1307 4713 1662 4781 profuturas.
1714 4717 1974 4780 Quorum
2011 4716 2140 4784 iuit,

494 4795 648 4863 quod
683 4797 1018 4866 praetorium
1053 4799 1362 4868 expurgari
1387 4800 1592 4870 jussit,
1619 4803 1774 4871 quod
1805 4804 2020 4857 factum
2047 4806 2138 4872 jo-

491 4900 627 4940 cose
669 4887 1102 4942 subsaunantes
1154 4889 1308 4944 cives
1373 4890 1643 4945 dicebant
1700 4909 1957 4960 quaerere
2005 4910 2138 4947 eum

489 4974 758 5029 taxillum
792 4993 966 5030 suum
987 4994 1159 5047 quem
1194 4978 1511 5048 aliquando
1539 4981 1744 5036 ludens
1771 4983 1846 5036 ibi
1874 4984 2138 5054 perdide-

487 5073 600 5129 rat,
633 5065 879 5135 ideoque
909 5083 1171 5120 averrere
1208 5071 1542 5138 pulverem;
1596 5073 1749 5140 quod
1797 5071 2010 5126 civium
2045 5089 2138 5126 ca-

488 5152 610 5222 pita
643 5169 755 5207 non
789 5154 1020 5223 litteris,
1058 5165 1117 5208 ut
1152 5174 1326 5223 nunc,
1360 5161 1460 5212 sed
1497 5159 1750 5229 byssinis
1785 5160 1973 5228 pileis.
2010 5178 2134 5214 ma-

488 5241 624 5313 gnis
654 5241 824 5298 lineis
857 5245 1169 5314 purpureis
1198 5246 1542 5311 intertextis,
1580 5249 1689 5318 tegi
1727 5249 1941 5312 voluit;
1979 5251 2131 5319 quod

2326 4174 2664 4255 Παραλαϐὼν
2721 4177 2777 4232 δὲ
2845 4178 2939 4238 τὰς
2998 4175 3152 4246 ἡνίας
3209 4181 3307 4244 τῆς
3361 4171 3645 4248 βασιλείας
3706 4171 3922 4237 πάντας

2257 4269 2352 4341 μὲν
2383 4269 2508 4330 τοὺς
2544 4265 2779 4343 λογάδας
2811 4273 2912 4336 τῆς
2945 4264 3254 4340 συγκλήτου
3304 4262 3381 4324 είς
3444 4261 3686 4337 βαθμοὺς
3744 4262 3918 4331 ἀξιω-

2256 4362 2438 4432 μάτων
2474 4359 2845 4434 ὑψηλοτέρους
2876 4359 3141 4430 ἀνήγαγε,
3171 4354 3262 4408 καὶ
3293 4354 3383 4408 τὸν
3436 4349 3610 4423 δῆμον
3666 4351 3919 4427 ὑποσχές

2253 4469 2394 4502 σεσιν
2453 4449 2762 4502 ὑπεποιεῖτο
2822 4445 3048 4501 πολλῶν
3095 4444 3326 4518 ἀγαθῶν’
3361 4442 3432 4504 ὡς
3495 4440 3566 4494 ὢν
3621 4437 3676 4494 δὲ
3734 4440 3922 4514 κάρτα

2249 4538 2418 4612 γέρων
2450 4537 2538 4591 καὶ
2571 4536 2796 4592 πολλῶν
2835 4535 3181 4608 μεμνημένος
3239 4531 3508 4607 ἀρχαίων,
3559 4523 3912 4583 έπεϐάλλετο

2247 4627 2334 4680 καὶ
2368 4625 2552 4681 πολλά
2579 4631 2684 4680 τῶν
2732 4623 2980 4679 παλαιῶν
3035 4621 3385 4696 σχολάσαντα
3443 4617 3643 4690 ἐθίμιυν
3705 4616 3918 4672 ἐπανα-

2247 4717 2566 4784 κτήσασθαι,
2608 4712 2776 4787 μηδὲν
2802 4715 2936 4789 πρὸς
2991 4710 3330 4766 λυσιτέλειαν
3393 4705 3755 4762 συντελοῦντα
3811 4715 3924 4776 τῆς

2254 4803 2528 4879 βασιλείας
2558 4805 2591 4873 ἢ
2625 4807 2724 4856 τοῦ
2755 4807 2962 4856 κοινοῦ.
2994 4801 3064 4854 Τό
3113 4820 3173 4853 τε
3203 4801 3306 4872 γάρ
3358 4796 3655 4871 λεγόμενον
3708 4815 3920 4868 στρατ-

2248 4895 2402 4968 ήγιον
2488 4895 2599 4965 (44)
2683 4891 3133 4965 ἀνακαθαίρεσθαι
3201 4886 3496 4952 ἐκέλευσε,
3547 4884 3682 4959 πρὸς
3768 4885 3918 4960 ὅπερ

2249 4983 2698 5043 ἀποσκώπτοντες
2733 4982 2789 5034 οἱ
2847 4978 3068 5034 πολῖται
3130 4974 3358 5054 ἔφασκον
3418 4975 3493 5035 ὡς
3548 4973 3638 5027 τὸν
3702 4971 3923 5028 οἰκεῖον

2247 5069 2586 5144 ἀστράγαλον
2635 5069 2942 5138 ἀναζητῶν,
2990 5069 3048 5122 ὃν
3107 5066 3278 5121 ἐκεῖσε
3334 5065 3542 5132 παίζων
3591 5061 3922 5130 ἀπώλεσεν,

2247 5157 2552 5234 ἐκκαθαίρει
2609 5160 2700 5212 τὸν
2757 5161 2915 5232 χοῦν⁶
2945 5156 3036 5210 καὶ
3084 5157 3177 5216 τάς
3227 5158 3334 5208 τῶν
3389 5151 3632 5208 πολιτῶν
3663 5149 3926 5227 κεφαλὰς

2246 5249 2528 5311 σκέπῖσθαι
2592 5249 2667 5319 μὴ
2725 5245 2793 5300 δι’
2854 5245 3230 5320 ἀγραμμάτων
3284 5245 3342 5316 (4
3383 5245 3422 5314 ),
3455 5241 3529 5302 ὡς
3585 5243 3702 5309 νῦν,
3759 5237 3928 5296 ἀλλὰ

1667 5382 2046 5438 XYLANDRI
2093 5384 2179 5438 ET
2219 5383 2434 5440 GOARl
2480 5383 2694 5438 ΝΟΤιἘ.

549 5473 661 5552 (44)
698 5475 881 5552 Locus
913 5478 1004 5529 est
1054 5476 1110 5528 in
1144 5476 1354 5545 quinta
1407 5480 1569 5533 urbis
1621 5483 1876 5552 regione.
1926 5481 2137 5535 Censet

479 5541 847 5623 Paucirnllus
876 5541 1230 5623 essecastra
1269 5552 1637 5617 praeter-iane,
1672 5541 1724 5604 ἱίἶ
1758 5553 1972 5621 quibus
1997 5552 2131 5623 quia

474 5612 704 5740 auertit
733 5619 922 5672 torsan
963 5619 1230 5686 Michael,
1269 5612 1352 5674 'ad
1405 5623 1546 5676 illud
1598 5612 1922 5679 alluse'runt
1955 5612 2126 5679 cives.

525 5701 663 5740 oan.

525 5701 663 5741 OAR.

2317 5483 2429 5554 (45)
2461 5482 2626 5535 Hunc
2656 5479 2848 5554 locum
2884 5495 2995 5554 non
3031 5479 3295 5551 intelligo
3325 5478 3669 5554 etiamnam,
3703 5487 3921 5544 neque

2245 5545 2782 5619 co'intcrpretando
2812 5551 2898 5606 vel
2935 5568 3026 5605 me
3059 5545 3255 5606 verum
3287 5549 3549 5619 attigisse
3571 5545 3654 5600 vel
3689 5561 3916 5613 quem-

2242 5642 2416 5696 quam
2445 5619 2655 5680 t'alsum
2689 5624 2839 5696 nolo.
2876 5625 3018 5696 ΧΠ..
3046 5654 3112 5664 --
3147 5621 3379 5696 Γράμμα
3409 5620 3604 5689 capitis
3628 5619 3920 5696 tegimen,

2236 5690 2478 5766 formam
2502 5698 2648 5768 pilai
2675 5694 2761 5751 vel
2806 5695 2991 5762 galeri
3035 5711 3154 5750 una
3189 5690 3422 5750 ratione
3469 5694 3646 5760 caput
3673 5690 3912 5748 obum-
