4070 6334
212 382 321 442 345

1346 384 1888 447 HISTORIARUM
1934 383 2455 448 COMPENDIUM
2466 428 2481 445 .

3496 384 3617 444 346

217 510 298 567 διὰ
356 511 844 591 μεγαλογράμμων
915 516 1141 581 ὀθονίων
1205 516 1265 572 ἐκ
1315 517 1516 593 βυσσοῦ
1571 523 1849 595 πορφυρᾶς

1969 523 2374 591 procuratores
2407 518 2671 590 publicos
2702 535 2816 574 non
2847 535 2912 574 ex
2966 523 3176 574 senatu
3219 517 3458 590 delegit,
3509 520 3611 576 sed

218 601 582 680 ἐξυφασμὲνων
617 620 632 636 ⁸
663 604 754 659 καὶ
794 602 1096 677 δημτσίους
1146 606 1468 681 φροννιστὰς
1516 605 1577 661 οὐ
1618 606 1866 682 συγκλη-

216 690 392 753 τικοὺς
426 687 823 766 προεϐάλλετο,
882 691 1030 749 ἀλλά
1064 715 1213 756 τινας
1270 700 1376 749 τῶν
1429 693 1481 749 ἐν
1517 696 1723 769 ἑκάστῳ
1762 697 1862 771 ἀρ-

218 779 348 855 χεέῳ
379 780 739 852 ἰναξηθὲντιυν
789 784 1153 858 ταχυγράφων
1202 786 1331 857 (46).
1366 786 1468 841 Καὶ
1504 782 1650 840 ἄλλα
1679 783 1864 839 πολλὰ

216 889 449 937 τοιαυτα,
512 869 587 924 ὧν
642 872 704 926 τὸ
774 872 894 926 καθ’
962 866 1181 927 ἕκαστον
1254 871 1565 949 καταλέγειν
1629 875 1863 943 θελήσας

217 959 522 1032 προσκοραὶκ
570 961 869 1035 γενήσομαι
946 966 1062 1024 τοῖς
1136 962 1448 1035 ἀκροαταῖς.
1517 961 1669 1021 Ἐπεὶ
1717 959 1775 1016 δὲ
1833 963 1862 1017 6

214 1046 393 1119 καιρὸς
420 1045 617 1118 ἐπέστη
643 1054 742 1116 τῆς
780 1047 1065 1123 βασιλικῆς
1108 1048 1448 1126 φιλοτιμίας,
1478 1048 1542 1119 ἤν
1586 1047 1859 1123 διανέμειν

214 1133 436 1204 ἐτησίως
474 1135 612 1190 κατᾶ
651 1137 742 1191 τὸν
784 1137 971 1211 καιρὸν
1019 1142 1116 1192 τοῦ
1162 1137 1359 1213 Πάσχα
1410 1141 1518 1208 (47)
1576 1139 1712 1214 πρὸς
1758 1140 1857 1209 τὴν

211 1220 511 1297 σύγκλητον
545 1224 796 1289 εἰώθασιν
830 1227 882 1280 οἱ
931 1225 1194 1302 βασιλεῖς,
1224 1226 1314 1282 καὶ
1362 1226 1554 1289 πάντες
1601 1226 1856 1297 εἰσῆλθον

212 1313 261 1364 οἱ
288 1316 383 1367 τοῦ
411 1316 645 1386 στρατοῦ
702 1314 1005 1388 ἡγούμενοι
1048 1315 1137 1370 καὶ
1187 1316 1326 1391 γένει
1380 1316 1468 1370 καὶ
1499 1313 1691 1390 ἀνδρίᾳ
1720 1315 1857 1370 ὠνο-

213 1400 492 1472 μασμὲνοι.
554 1434 619 1444 --
669 1402 807 1470 ἦσαν
864 1401 922 1458 δὲ
980 1405 1010 1458 6'
1055 1424 1112 1459 τε
1163 1406 1458 1480 μάγιστρος
1511 1405 1779 1467 Ἰσαάκιος
1829 1406 1856 1460 6

214 1491 489 1562 Κομνηνος
519 1490 610 1545 καὶ
652 1492 681 1546 ὁ
713 1492 1013 1567 μάγιστρος
1064 1492 1393 1549 Κατακαλὼν
1438 1494 1466 1548 6
1517 1494 1856 1565 Κεκαυμένος

212 1575 351 1650 (δοὺξ
381 1575 439 1633 δὶ
478 1580 635 1641 οὗτος
671 1579 739 1648 ἦν
769 1580 1133 1656 Ἀντιοχείας,
1181 1582 1271 1636 καὶ
1315 1580 1694 1655 παραλυθίντα
1738 1584 1857 1637 τοῦ-

209 1687 292 1720 τον
332 1669 431 1737 τῆς
479 1667 661 1743 ἀρχῆς
723 1665 994 1739 διεδίξατο
1052 1670 1285 1745 Μιχαὴλ
1344 1671 1372 1725 6
1428 1674 1524 1725 τοῦ
1586 1669 1856 1746 βασιλέως

209 1754 418 1828 ἀνεψιὸς
464 1757 523 1811 ὃν
572 1754 685 1830 ἅμα
728 1761 799 1830 τῇ
848 1756 1141 1833 ἅναῤῥήσει
1191 1758 1432 1832 Οὐρανὸν
1487 1761 1599 1831 (48)
1630 1780 1856 1813 κατονο-

1972 609 2116 664 alios
2147 609 2474 664 scribarum
2507 625 2539 663 e
2591 625 2835 663 numero
2885 606 3195 677 velocium,
3243 607 3301 661 in
3361 606 3612 679 singulis

1972 697 2222 752 archivis
2250 698 2650 753 educator-um.
2683 697 2817 761 Quae
2848 696 2895 751 si
2929 696 3128 751 omnia
3156 695 3326 751 velim
3348 697 3611 763 mcitare,

1971 787 2296 842 satietatem
2330 786 2697 842 auditoribus
2721 784 2991 841 attulero.
3027 785 3339 855 Postquam
3379 790 3614 858 tempus

1972 876 2214 947 appetiit
2273 874 2658 946 imperatoriae
2716 874 3072 946 largitionis,
3129 890 3309 944 quam
3340 890 3611 930 exercere

1971 966 2029 1020 in
2062 970 2331 1020 senatum
2364 965 2746 1035 imperatores
2771 962 3089 1033 quotannis
3119 963 3268 1019 615
3307 962 3452 1018 festo
3473 963 3608 1018 Pas-

1968 1053 2157 1109 cbatis
2178 1058 2438 1123 tempore
2466 1057 2910 1118 consueverant,
2935 1051 3184 1122 ingressi
3209 1057 3348 1106 sunt
3365 1053 3435 1106 ad
3475 1068 3607 1107 eum

1970 1157 2176 1196 omnes
2226 1144 2588 1196 exercituum
2638 1140 2840 1206 duces,
2901 1140 3134 1211 generis
3186 1140 3489 1195 nobilitate
3555 1144 3613 1195 et

1970 1230 2312 1285 fortitudine
2364 1228 2643 1284 illustres.
2708 1228 2773 1283 Hi
2830 1233 2998 1284 erant
3048 1229 3329 1301 magister
3358 1228 3610 1285 Isaacius

1968 1317 2905 1389 Comnenusanagister,Catacalo
2934 1319 3256 1373 Ambustus
3286 1318 3445 1388 (huic
3476 1334 3610 1373 cum

1968 1414 2126 1463 esset
2154 1408 2269 1462 dux
2300 1407 2641 1472 Antiochia,
2679 1406 3084 1478 magistratum
3119 1408 3432 1478 abrogarat
3461 1413 3613 1462 stra-

1968 1496 2290 1561 tioticus,et
2322 1495 2669 1550 Michaelum
2706 1495 3021 1565 patruelem
3057 1512 3231 1550 suum
3264 1497 3323 1549 in
3371 1496 3500 1565 ejus
3531 1496 3614 1551 lo-

1967 1601 2097 1639 cum
2124 1586 2471 1650 sutl'ecerat;
2505 1589 2703 1655 quem,
2740 1590 2803 1638 ut
2830 1586 3086 1655 primum
3130 1585 3450 1655 imperator
3496 1584 3611 1639 fac-

1966 1680 2063 1729 tus
2096 1674 2223 1742 fuit,
2257 1672 2517 1727 Urannm
2548 1674 3027 1727 denominaverat
3050 1671 3228 1728 veluti
3260 1674 3333 1728 ab
3365 1672 3608 1744 antiquo

1968 1762 2065 1818 illo
2098 1763 2286 1819 Urano
2326 1777 2512 1832 genus
2571 1762 2926 1829 ducentem),
2974 1761 3298 1817 Michaelus
3373 1766 3606 1817 Bostar-

212 1844 373 1915 μάσας
397 1846 471 1907 ὡς
502 1842 659 1914 δῆθεν
693 1846 771 1908 εἷς
813 1847 906 1901 τὸν
956 1848 1189 1902 παλαιὸν
1242 1847 1479 1923 Οὐρανὸν
1524 1847 1849 1923 ἀναφέροντα

240 1932 255 1950 «ι
338 1934 348 1948 ι
567 1935 580 1950 .
696 1936 706 1950 .
984 1937 1028 1950 ..
1247 1936 1257 1950 .
1403 1932 1428 1950 ν
1620 1939 1657 1950 ..
1723 1936 1737 1950 .
1809 1943 1829 1950 _

1963 1852 2101 1908 obes
2133 1856 2361 1919 Burtza,
2423 1851 2843 1906 Constantinus
2900 1856 2962 1905 et
3008 1850 3289 1915 Joannes,
3340 1866 3527 1921 genus
3573 1867 3606 1905 a

206 1932 461 2008 τὸγένος,
494 1935 582 1989 καὶ
637 1936 935 2009 μάγιστρον
984 1936 1342 2011 ’Δντιοχείας,
1390 1932 1573 2010 ὥσπερ
1619 1939 1685 2005 ἦν
1719 1936 1856 1991 ἐκεῖ·

207 2043 312 2094 νος,
368 2025 609 2095 τιμήσας
664 2021 924 2099 διάδοχον
989 2024 1251 2098 ἐκπέμπει
1326 2029 1406 2097 τῷ
1484 2028 1854 2100 Κεκαυμὲνῳ)ν

208 2110 430 2186 Μιχαήλ
457 2133 517 2167 τε
546 2112 857 2188 βεστάρχης
904 2112 933 2167 ὀ
972 2113 1273 2188 Βοῦρτζης,
1328 2119 1733 2176 Κωνσταντῖνος
1765 2115 1855 2169 καὶ

210 2201 458 2270 Ἰωάννης
520 2202 573 2254 οἱ
622 2199 682 2256 ἐκ
734 2206 831 2256 τοῦ
878 2199 1064 2277 γένους
1121 2207 1228 2257 τῶν
1281 2203 1465 2275 Ἐῲων
1511 2207 1608 2258 τοῦ
1662 2201 1853 2265 δουκός

211 2288 587 2362 καταγόμενοι,
616 2290 707 2343 καὶ
753 2290 805 2343 οἳ
855 2289 1042 2345 λοιποὶ
1093 2288 1324 2366 λογάδες
1374 2296 1483 2346 τῶν
1526 2292 1807 2368 ἀρχόντων
1840 2312 1852 2327 ο

214 2379 296 2450 [Ρ.
340 2379 467 2447 794]
515 2375 851 2453 συνέδραμον
900 2376 959 2433 δὲ
1005 2378 1217 2445 πάντες,
1242 2377 1336 2433 ἵνα
1364 2380 1574 2435 καὶτὸν
1613 2380 1725 2435 νὲον
1765 2382 1857 2456 βα-

218 2463 363 2519 σιλέα
418 2466 714 2521 θεάσωνται
761 2466 851 2520 καὶ
893 2471 1001 2521 τῶν
1048 2468 1140 2521 ἀπ’
1169 2468 1336 2523 αὐτοῦ
1380 2467 1590 2544 τύχωσι
1636 2469 1854 2545 φιλοτι-

215 2558 348 2624 μιῶν
381 2573 394 2585 ’
426 2551 644 2624 διεδοθη
675 2555 776 2631 γάρ
826 2555 960 2631 πρὸς
1012 2555 1249 2619 ἅπαντας
1298 2557 1360 2611 τὸ
1394 2558 1679 2631 προετικὸν
1713 2556 1854 2613 ἐκεί-

209 2663 298 2696 νου
345 2642 436 2698 καὶ
493 2644 632 2717 πρὸς
687 2643 781 2705 τὰς
832 2644 1139 2720 εὐεργεσίας
1199 2644 1609 2720 μεγαλοπρεπές
1661 2668 1718 2702 τε
1763 2648 1853 2702 καὶ

207 2728 507 2807 ἕλευθέριον
543 2750 556 2764 ⁶
590 2731 645 2794 ἐς
679 2730 879 2806 λόγους
930 2731 977 2787 δ’
1025 2731 1198 2787 ἐλθὼν
1260 2734 1287 2787 6
1349 2732 1604 2808 βασιλεὺς
1633 2739 1715 2808 τῷ
1746 2743 1852 2790 Κο-

206 2825 391 2892 μνηνῷ
450 2821 541 2874 καὶ
596 2824 674 2892 τῷ
732 2822 1086 2895 Κεκαυμένῳ,
1130 2822 1219 2876 καὶ
1278 2820 1560 2884 ἕπαινὲσας
1610 2825 1705 2896 μὶν
1758 2825 1852 2879 αὖ·

198 2908 315 2971 τοὺς
361 2910 453 2963 καὶ
508 2909 845 2985 στρατηγοὺς
886 2911 1163 2985 γενναίους
1216 2912 1307 2965 καὶ
1366 2910 1602 2986 ἀγαθοὺς
1647 2912 1852 2985 ὀνομά-

205 3017 309 3065 σας,
342 2994 683 3070 καὶμᾶλλον
734 2999 826 3053 τὸν
877 2999 1222 3073 Κεκαυμένον
1269 3000 1345 3064 ὡς
1391 3001 1466 3073 μὴ
1514 3000 1574 3055 ἐκ
1600 3002 1848 3078 πατέρων

206 3081 327 3156 μηδ’
384 3083 445 3139 ἐκ
495 3086 863 3160 προπαθείας
908 3088 1075 3154 τινὸς,
1126 3085 1254 3143 ἀλλ’
1311 3086 1364 3158 ἐξ
1423 3087 1637 3143 οἰκείων
1690 3086 1847 3165 ἀνδρ-

197 3175 553 3249 αγαθημάτων
614 3174 750 3250 πρὸς
800 3172 866 3244 ἤν
919 3174 1175 3244 ἐκέκτητο
1232 3173 1330 3230 τοῦ
1383 3175 1694 3249 ἀξιώματος
1751 3176 1841 3232 ἀν-

1966 1942 2113 1996 duce
2141 1938 2511 1995 orientalium
2547 1939 2869 2005 trahentes,
2903 1936 3118 2009 aliique
3164 1938 3335 1993 multi
3388 1939 3604 1993 ducum

1964 2029 2292 2085 lectissimi.
2324 2023 2542 2083 omnes
2573 2035 2770 2082 autem
2800 2027 3250 2091 concurrebant,
3285 2033 3348 2082 ut
3390 2043 3603 2082 novum

1965 2118 2228 2172 viderent
2249 2117 2662 2188 imperatorem
2686 2122 2744 2171 et
2771 2117 2901 2186 ejus
2931 2115 3314 2171 beneﬁcentia
3346 2117 3606 2171 frueren-

1968 2214 2096 2262 tur:
2132 2222 2265 2260 nam
2298 2206 2426 2275 eius
2456 2204 2780 2260 liberalitas
2810 2211 2987 2275 atque
3018 2204 3456 2275 magniﬁcentia
3476 2220 3607 2276 pas-

1964 2296 2075 2349 sim
2111 2298 2298 2348 fuerat
2327 2293 2633 2349 celebrata.
2679 2294 3001 2365 Imperator
3022 2309 3157 2348 cum
3206 2295 3501 2349 Comneno
3550 2298 3607 2349 et

1963 2383 2249 2437 Ambusto
2280 2381 2621 2452 colloquens
2649 2398 2747 2435 eos
2781 2381 3061 2448 laudavit,
3096 2380 3278 2435 bonos
3310 2380 3603 2451 fortesque

1964 2471 2144 2525 duces
2177 2469 2500 2541 appellans,
2534 2470 2789 2524 maxime
2819 2470 3195 2537 Ambustum,
3226 2468 3325 2540 qui
3356 2485 3468 2523 non
3504 2485 3609 2541 pa-

1965 2564 2196 2613 rentum
2231 2558 2532 2614 nobilitate
2554 2564 2658 2613 aut
2717 2559 2908 2612 favore
2956 2558 3197 2627 adjutus
3227 2556 3445 2629 aliquo,
3505 2558 3606 2613 sed

1963 2645 2087 2702 suis
2121 2646 2414 2717 praeclaris
2463 2647 2632 2702 factis
2681 2647 2752 2700 ad
2787 2652 3013 2701 tantam
3075 2646 3421 2717 dignitatem
3471 2662 3605 2702 con-

1963 2736 2309 2791 scendisset.
2332 2736 2544 2790 Eodem
2577 2735 2752 2790 modo
2775 2733 2922 2789 alios
2949 2750 3182 2806 quoque
3223 2733 3450 2790 nobiles
3494 2740 3607 2789 tra-

1962 2824 2160 2888 ctavit,
2212 2822 2434 2879 nullius
2491 2824 2725 2878 interim
2785 2822 3066 2878 voluntati
3119 2839 3342 2878 morem
3375 2839 3605 2895 gerens,

1963 2929 2154 2984 neque
2188 2913 2499 2983 praesidum
2546 2916 2814 2983 petentes
2858 2911 3206 2983 dignitatem
3241 2912 3603 2967 Comnenum

1962 3019 2028 3057 ac
2056 3003 2408 3056 Ambustum
2445 3002 2557 3055 voti
2592 3009 2910 3072 compotes,
2943 3002 3042 3055 sed
3076 3000 3342 3055 omnium
3368 3002 3599 3072 petitio-

1960 3106 2065 3144 nes
2095 3090 2248 3144 6l6
2277 3090 2472 3144 irritas
2505 3089 2778 3154 reddens,
2810 3095 2867 3143 et
2895 3105 2962 3144 eo
3012 3088 3140 3161 ipso
3188 3089 3499 3145 adversum
3541 3105 3602 3145 se

1960 3178 2199 3232 irritans
2230 3194 2430 3233 eorum
2463 3178 2694 3233 animos
2719 3180 2926 3249 .Atque
2957 3178 3065 3233 hoc
3096 3179 3273 3233 modo
3294 3176 3607 3235 orientales

202 3247 429 3338 ἀχθέντα
458 3247 740 3337 καθέδραν,
788 3264 851 3317 τὸ
892 3263 1021 3318 αὐτὸ
1073 3262 1131 3318 δὲ
1176 3264 1266 3318 καὶ
1315 3264 1453 3339 πρὸς
1477 3247 1605 3328 τοὺς
1639 3264 1846 3327 ἄλλους

1963 3268 2235 3322 ductores
2267 3268 2559 3321 tractavit.

201 3356 299 3406 τῶν
367 3353 596 3428 εὐγενῶν
646 3355 902 3424 ποιήσας,
964 3350 1194 3425 μηδενὸς
1252 3353 1309 3409 δὲ
1366 3352 1600 3426 θελήσας
1659 3354 2011 3427 ἐκπληρῶσαι
2076 3352 2361 3430 βούλησιν,
2416 3352 2546 3427 μηδ’
2600 3354 2676 3419 εἷς
2729 3354 2792 3409 τὸ
2816 3359 2923 3410 τῶν
2946 3352 3229 3430 προέδρων
3262 3355 3479 3428 ἀξιωμα
3507 3357 3596 3412 τὸν

200 3444 479 3515 Κομνηνὸν
512 3443 600 3497 καὶ
630 3443 721 3496 τὸν
757 3444 1116 3515 Κεκανμένον,
1148 3445 1222 3506 ὡς
1270 3444 1523 3519 ᾐτοῦντο,
1580 3445 1858 3521 ἀναγαγεῖν
1905 3444 2253 3511 κατανεύσας,
2286 3442 2431 3499 ἀλλὰ
2493 3444 2583 3498 καὶ
2641 3444 2855 3499 πάντων
2915 3445 3009 3507 τὰς
3044 3442 3256 3516 δεήσεις
3290 3446 3598 3521 ἀπράκτους

197 3531 677 3606 ἀποπεμψάμενος,
709 3530 940 3594 ἅπαντας
970 3534 1188 3604 ῆρὲθισε
1215 3535 1331 3588 κατ’
1361 3532 1546 3590 αὐτοῦ.
1582 3534 1678 3588 Καὶ
1707 3533 1844 3609 πρὸς
1879 3534 1973 3607 μὶν
2000 3533 2128 3596 τοὺς
2169 3533 2336 3605 ὲῴους
2369 3531 2698 3609 στρατηγοὺς
2718 3530 2929 3603 διετέθη
2962 3533 3163 3596 οὕτως.

260 3622 361 3675 Τὸν
419 3619 478 3675 δὶ
538 3619 824 3696 Βρυὲννιον
869 3623 967 3690 τῆς
1013 3622 1302 3698 ὑπερορίας
1346 3624 1841 3697 μεταπεμψάμενος

197 3709 279 3763 καὶ
336 3709 525 3785 ἄρχειν
585 3710 744 3779 τάξας
793 3707 1165 3766 Καππαδοκῶν
1227 3711 1527 3788 στρατηγὸν
1585 3711 1844 3789 αὐτοκρὰ-

2023 3624 2381 3696 Bryennium
2413 3629 2610 3679 autem
2643 3625 2715 3679 ab
2746 3623 2954 3679 exsilio
3002 3625 3294 3680 revocavit
3336 3642 3402 3679 ac
3450 3624 3604 3696 Cap-

1951 3714 2277 3785 padocibus
2363 3713 2640 3783 praefecit,
2710 3711 2995 3785 plenoque
3096 3729 3231 3768 cum
3353 3712 3603 3785 imperio

1380 3828 1754 3885 XYLANDRI
1793 3829 1884 3885 ET
1923 3828 2143 3885 GOARI
2184 3826 2420 3882 NOTAE.

199 3923 456 3999 brantem
493 3924 773 3999 habuisse
806 3943 919 3981 non
935 3926 1374 3999 suspicor,quin
1395 3927 1591 3999 potius
1609 3928 1845 3999 fasciam

201 3997 279 4049 vel
311 3998 540 4052 maniam
578 3996 760 4052 fuisse
791 4014 895 4068 pro
930 3996 1591 4068 uniuscujusquelibito
1610 3996 1843 4055 contor-

204 4073 339 4134 tam,
373 4068 441 4120 ad
479 4068 705 4122 Turcici
726 4069 1003 4139 tegminis
1032 4069 1259 4125 instar:
1311 4068 1465 4124 linea
1510 4072 1664 4125 enim
1714 4070 1841 4138 fuit,

208 4143 265 4191 ut
286 4145 499 4217 auctor
528 4139 875 4217 suggeri_t,et
904 4140 1042 4210 quia
1075 4140 1252 4195 variis
1284 4140 1577 4217 coloribus
1591 4141 1842 4217 depicta,

204 4208 522 4283 γράμματος
551 4208 807 4283 obtinuit
837 4208 1049 4283 nomen
1075 4232 1088 4280 ;
1114 4228 1240 4282 qua
1271 4228 1404 4283 vero
1437 4213 1630 4283 bysso,
1667 4208 1843 4267 lineis

206 4281 508 4357 purpureis
540 4281 701 4335 varia
731 4282 1057 4357 texebatur,
1111 4281 1599 4357 μιεγαλόγραμιὶον,
1657 4284 1842 4357 impe-

204 4353 641 4428 ratorisjussuL
688 4358 890 4428 vocata
939 4354 1066 4428 fuit.
1128 4353 1391 4428 Vestiam
1431 4353 1611 4428 porro
1667 4355 1842 4428 γράμ-

206 4442 340 4489 ματα
368 4425 573 4477 dicunt
600 4423 783 4478 Graeci
818 4424 1147 4491 qnamlibet
1175 4426 1233 4480 in
1285 4426 1372 4481 eis
1423 4423 1713 4481 colorum"
1740 4423 1840 4480 ﬂo-

202 4511 349 4560 rum,
396 4495 701 4549 stellarum
739 4499 796 4548 et
816 4494 1147 4567 ﬁgurarum
1192 4499 1548 4567 varietatem.
1600 4496 1839 4552 Lexicon

1957 3926 2150 3983 (oculis
2194 3927 2421 3994 scriptis
2476 3925 2762 3981 retinebat.
2830 3924 3292 3997 Iugrediebantur
3370 3926 3602 3997 denique

1952 3998 2022 4052 ad
2053 4000 2430 4067 imperatorem
2461 4013 2573 4052 non
2600 3999 2842 4068 confuse,
2872 3998 2963 4052 sed
2992 3996 3601 4054 ordinatimsccundum

1953 4070 2195 4124 vocantis
2227 4084 2424 4130 vocem,
2449 4084 2566 4139 qua
2581 4073 2792 4135 scripta
2829 4071 3079 4124 virorum
3120 4070 3348 4124 nomina
3400 4086 3597 4125 secun-

1952 4140 2083 4195 dum
2114 4141 2287 4210 ofﬁcii
2315 4139 2648 4211 dignitatem
2666 4141 2949 4194 recitabat.
2983 4141 3229 4208 Quorum
3255 4144 3471 4211 primus
3498 4158 3596 4197 vo-

1951 4216 2107 4265 catus
2135 4214 2213 4265 est
2241 4215 2425 4265 rector
2451 4210 2663 4274 domus,
2694 4212 2785 4265 cui
2816 4226 2924 4265 non
2960 4214 3018 4265 in
3066 4210 3344 4279 manibus,
3406 4211 3497 4268 sed
3540 4214 3597 4267 in

1954 4284 2209 4354 humeris
2244 4286 2421 4352 posita
2455 4288 2583 4336 sunt
2631 4283 2978 4338 numisrrata
3026 4299 3154 4337 cum
3212 4286 3597 4354 scaramangis

1955 4353 2493 4424 (tu_nicis)quatuor.
2525 4358 2655 4409 Post
2674 4369 2847 4424 quem
2906 4354 3243 4424 (domesticus
3287 4353 3598 4411 scholarum

1953 4421 2004 4479 et
2036 4421 2398 4497 λογαριαστής
2455 4428 2555 4497 τῆς
2630 4421 2830 4497 πλοίας
2892 4425 3018 4496 (τῶν
3094 4422 3392 4497 πλωΐμων)
3469 4434 3599 4482 sunt

1953 4495 2148 4560 vocati,
2183 4512 2420 4568 quorum
2476 4496 2622 4550 alter
2676 4495 2977 4563 militibus,
3012 4496 3156 4561 al,er
3200 4495 3596 4568 navigantibus

204 4580 557 4651 aponymum
582 4560 1119 4651 e’aapiuslaudatum
1142 4560 1643 4651 V:Tpt6tovocpt5po¢
1753 4588 1844 4645 φο-

1963 4560 2207 4651 υναιεεναιζ
2242 4567 2311 4651 Hi
2339 4569 2529 4637 itaque
2556 4569 2710 4651 paris
2739 4560 2981 4635 numeri,
3010 4560 3143 4638 quia
3189 4560 3439 4651 dignitas
3491 4585 3598 4634 par

205 4632 545 4712 ρῶν-στολήν
585 4632 839 4712 ,ἔχουσαν
891 4643 1101 4712 Δσημεῖα
1144 4632 1603 4712 ζῶς’γράμμζατα.
1657 4632 1837 4712 Gaia.

205 4705 266 4749 έ-
299 4705 855 4782 Μαργελλᾷγρἀμμον
891 4705 1032 4782 legit
1067 4705 1489 4782 Salmasius'a'd
1525 4711 1841 4782 Vopiscum

209 4780 530 4858 p.‘1506'c9l.
562 4780 759 4850 2post
805 4780 1124 4837 Meursium
1177 4783 1234 4836 in
1276 4781 1534 4839 Glossar.
1587 4780 1645 4838 in
1706 4780 1842 4858 μάρ-

208 4848 418 4922 γελλον.
454 4848 781 4907 ΡΑΒῑιόΤυε.

270 4922 633 4996 (46)_Scri_bis
664 4922 966 4979 velocibus
1024 4927 1162 4993 puto
1218 4924 1573 4996 respondere
1614 4929 1846 4981 nostros

210 4991 473 5049 librarios
536 4993 672 5048 Χγι..

273 5065 432 5136 (47)Λ
463 5064 867 5122 describendis
891 5064 1227 5136 Luitprandi
1260 5065 1682 5133 l.vr,cnlamum
1708 5083 1846 5122 con-

211 5134 385 5212 tinere
415 5140 732 5212 nequeozln
763 5152 847 5199 ea,
879 5134 1097 5212 inquit,
1113 5154 1244 5212 quae
1271 5144 1500 5212 estante
1524 5136 1842 5212 βαϊοφόρον,

212 5207 341 5274 quod
370 5224 466 5263 nos
499 5207 827 5261 Palmarum
856 5223 1039 5262 ramos
1063 5206 1318 5273 dicimus,
1351 5206 1699 5276 hebdomade,
1728 5206 1847 5265 tam

211 5279 263 5329 in
286 5279 561 5334 militibus
578 5295 744 5349 quam
768 5279 826 5331 in
847 5277 1076 5335 diversis
1095 5282 1410 5335 constitutis
1437 5282 1634 5350 ofﬁciis
1659 5284 1844 5350 numi-

210 5355 436 5405 smatum
463 5365 772 5426 aureorum
801 5352 1173 5426 erogationem
1194 5352 1373 5426 (unde
1394 5349 1605 5426 nomen
1667 5349 1844 5426 ῥὸγα),

210 5431 358 5487 prout
384 5424 642 5492 cujusque
669 5430 909 5495 meretur
937 5422 1209 5492 ofﬁcium,
1238 5424 1537 5494 imperator
1562 5422 1701 5495 facit
1713 5440 1735 5484 ;
1747 5422 1847 5479 cui

217 5495 520 5566 {rogationi
528 5494 665 5564 quia
677 5508 766 5566 me
791 5493 1052 5548 interesse
1065 5493 1355 5566 rotuit,me
1366 5495 1551 5551 venire
1562 5493 1843 5566 ’prwcepit.

219 5561 338 5639 Erat
365 5561 618 5639 apposita
644 5564 833 5639 decem
863 5566 1181 5621 cubitorum
1206 5561 1579 5639 longitudinis
1606 5583 1669 5623 ac
1704 5561 1844 5639 qua-

219 5636 333 5689 tuor
358 5636 677 5709 latitudinis
696 5650 885 5709 mensa
912 5650 1035 5706 quae
1048 5639 1389 5693 numismata
1408 5638 1602 5694 loculis
1621 5636 1843 5709 congre-

217 5711 354 5777 gata,
372 5716 537 5780 prout
561 5706 763 5779 cuique
788 5704 1048 5778 dabatur,
1086 5711 1331 5766 numeris
1385 5704 1738 5769 extrinsecus
1782 5710 1844 5769 in

1950 4642 2091 4706 erat,
2138 4639 2483 4694 numismata
2522 4642 2607 4711 et
2664 4655 3043 4711 scaramanga
3096 4641 3452 4711 suscipientes
3471 4656 3593 4711 prie

1952 4712 2321 4766 multitudine
2358 4725 2466 4764 non
2499 4710 2623 4780 jam
2681 4711 2740 4763 in
2798 4710 3047 4764 humeris
3074 4710 3597 4781 portaverunt,'sed

1956 4782 2342 4851 adjuvantibus
2369 4780 2500 4835 aliis
2526 4785 2645 4849 post
2672 4796 2729 4835 se
2753 4796 2875 4834 cum
2900 4782 3083 4837 labore
3104 4785 3419 4837 traxerunt.
3467 4782 3596 4836 Post

1958 4852 2057 4908 hos
2085 4853 2314 4908 admissi
2330 4854 2456 4906 sunt
2486 4851 2743 4918 magistri
2764 4868 2989 4906 numero
3013 4853 3102 4916 24,
3137 4853 3335 4923 quibus
3352 4856 3596 4920 erogata

1952 4928 2083 4979 sunt
2111 4925 2504 4978 numismatum
2544 4936 2844 4977 aureorum
2870 4924 3031 4979 tibrm
3054 4925 3351 4994 unicuique
3402 4938 3595 4979 secun-

1954 4995 2085 5051 dum
2106 4994 2357 5050 eumdem
2385 5009 2681 5048 numerum
2700 4994 2789 5065 24,
2816 4995 3019 5064 viginti
3046 5003 3286 5065 quatuor
3311 5010 3435 5049 cum
3470 5011 3597 5049 sca-

1954 5069 2262 5139 ramangis.
2323 5065 2698 5139 Patriciorum
2754 5064 2951 5139 deinde
2998 5064 3140 5139 ordo
3190 5067 3285 5121 hos
3337 5080 3478 5136 pone
3520 5074 3601 5123 est

1954 5137 2186 5206 secutus,
2217 5155 2277 5195 eo
2334 5139 2400 5192 12
2443 5137 2849 5191 numismatum
2869 5138 3029 5192 libris
3068 5153 3193 5193 cum
3230 5152 3598 5206 scuramanga

1958 5228 2067 5265 una
2090 5212 2344 5279 donatus,
2384 5208 2565 5265 Turba
2594 5214 2709 5279 post
2730 5208 2826 5263 hos
2854 5210 3121 5264 immensa
3145 5217 3374 5264 vocatur
3409 5214 3595 5279 proto-

1957 5282 2390 5348 spathariorum,
2422 5280 2840 5336 candidatorum
2884 5283 2934 5336 et
2992 5281 3048 5335 id
3090 5296 3259 5349 genus
3304 5279 3592 5335 clientum.

1958 5353 2036 5408 De
2067 5354 2405 5424 accipandO
2435 5369 2630 5407 annuo
2662 5351 2932 5407 donativo
2962 5352 3169 5407 scribit
3199 5357 3589 5424 Romanorum

1957 5441 2116 5481 more
2146 5422 2555 5495 Theodoricus
2575 5440 2670 5479 rex
2700 5424 2851 5495 apud
2910 5423 3322 5479 Cassiodorum
3353 5422 3486 5495 Var.
3535 5425 3590 5491 5,

1956 5496 2059 5566 Ep.
2091 5497 2161 5550 26
2190 5504 2244 5551 et
2273 5498 2363 5550 27.
2406 5494 2809 5566 antiquatum
2871 5511 2977 5550 suo
3009 5500 3273 5566 tempore
3328 5494 3595 5566 deplorat

1956 5564 2257 5622 Balsamon
2290 5565 2451 5622 Juris
2482 5565 2729 5621 Graecor.
2763 5564 2801 5622 ι.
2834 5582 2934 5632 vn,
2967 5583 3024 5637 p.
3054 5564 3181 5622 471.
3216 5567 3398 5623 Gom.

2026 5640 2139 5710 (48)
2175 5637 2347 5692 Urani
2379 5653 2699 5710 cognomen
2730 5637 2904 5693 etiam
2936 5654 3119 5711 supra
3148 5638 3586 5695 habitum.XYL.
