4070 6334
200 326 313 386 349

1333 329 1880 393 HISTORIARUM
1925 312 2470 392 COMPENDIUM.

3474 321 3598 385 350

204 456 447 513 πίπτουσι
508 458 604 530 μέν
653 459 706 512 οἱ
761 456 1011 533 πλείους,
1070 460 1121 514 οἱ
1180 458 1237 515 δὶ
1276 458 1465 516 λοιποὶ
1496 458 1830 531 διεσώθησαν

1950 468 2110 518 ctum
2146 462 2292 535 ipsis
2322 460 2740 532 intercedebat)
2781 458 3156 528 intrarent,in
3185 474 3302 530 qua
3333 472 3597 514 recreare

204 547 334 622 πρὸς
376 547 438 601 τὸ
494 540 672 615 Χλέατ
752 535 906 617 πεζοὶ
984 548 1074 603 καὶ
1143 550 1363 625 γυμνοί.
1412 551 1474 608 Ὀ
1545 548 1601 606 δὶ
1657 545 1840 625 Ἐρϐέ-

202 632 316 697 ϐιος
342 636 674 711 ὑποστρέψας
704 637 810 691 ἀπὸ
838 642 936 691 τοῦ
967 634 1217 712 διωγμοῦ
1268 638 1401 711 μετᾶ
1427 644 1534 694 τῶν
1569 639 1838 714 Φράγγιυν

200 729 603 794 κπασκηνῶσαι
654 723 708 779 ἐν
766 728 835 800 τῇ
894 723 1225 802 παρεμϐολῇ
1282 723 1688 783 συνεϐούλευεν.
1723 730 1839 782 Ἐν-

207 813 400 869 ἑκειντο
431 810 488 869 δὲ
524 804 587 868 ὀἱ
635 816 880 890 Φράγγοι
927 813 1309 890 ἀναγκάζοντες
1361 814 1622 880 εἰσελθεῖν
1668 814 1721 871 έν
1770 819 1838 890 τῇ

204 900 356 958 πόλει
394 907 491 957 τοῦ
550 902 752 970 Χλέατ,
786 904 1168 979 κοινοπραγίαν
1223 903 1440 980 ἔχοντες
1497 906 1587 959 καὶ
1643 904 1837 980 ὅρκους

206 992 334 1064 μετᾶ
356 995 452 1046 τοῦ
500 991 870 1068 ἀμηρεύοντος
927 991 978 1048 ἐν
1046 994 1210 1067 αὐτῇ,
1267 992 1548 1058 εὐπαθείας
1586 996 1645 1049 τέ
1690 1015 1838 1057 τινος

206 1081 289 1134 καὶ
318 1078 548 1146 λουτροῦ
581 1088 871 1157 μετασχεῖν
906 1083 996 1137 καὶ
1025 1083 1115 1136 τὸν
1156 1080 1215 1137 ἐκ
1260 1087 1356 1136 τοῦ
1399 1079 1650 1155 πολέμου
1699 1082 1838 1137 ἀπο-

202 1167 493 1234 πλῦνασθαι
554 1168 774 1246 λύθρον.
808 1173 870 1228 Ὀ
931 1169 987 1226 δὲ
1042 1169 1217 1233 πολὺς
1276 1171 1342 1241 ἧν
1396 1171 1703 1246 ἐγκείμενος
1752 1170 1840 1226 καὶ

201 1258 544 1313 καθικετεῦων
601 1258 693 1314 τὸν
769 1263 1017 1314 τοιοῦτον
1096 1260 1507 1331 ἀποτινάξασθαι
1574 1261 1837 1335 Λογισμὸν

203 1347 285 1400 καὶ
318 1349 390 1420 μὴ
424 1348 563 1402 πάνυ
590 1369 642 1403 τι
674 1347 941 1403 πιστεύειν
975 1348 1122 1424 ὅρκῳ
1154 1348 1501 1405 ἀλλοπίστων
1533 1351 1620 1403 καὶ
1668 1347 1837 1405 ἀλλο-

206 1435 380 1511 ρῦλων
442 1436 767 1510 ἀνθρώπων,
813 1436 903 1492 καὶ
970 1432 1202 1493 εὐσεϐεῖν
1263 1438 1736 1510 ἀναπεπεισμένων
1792 1437 1837 1493 εί

207 1527 421 1586 θανάτου
449 1523 688 1590 πολλοῖς
733 1528 1077 1599 Χριστιανοῖς
1120 1524 1288 1581 αἴτιοι
1336 1532 1599 1601 γένοιντο.
1634 1528 1720 1590 Ὧς
1781 1524 1839 1582 ὂὶ

203 1614 365 1688 λέγων
415 1611 610 1669 οὐδένα
656 1615 747 1669 τὸν
807 1616 1150 1691 προσέχοντα
1216 1616 1381 1691 εἶχεν,
1432 1616 1577 1672 ἀλλά
1644 1616 1838 1679 πάντες

202 1709 319 1775 μιᾶς
376 1704 662 1777 γενόμενοι
724 1706 951 1778 γνώμης
1027 1704 1397 1780 ἀπαραίτητον
1464 1707 1562 1775 τὴν
1626 1703 1833 1761 εἷ’σοδον

202 1788 532 1864 ἐλογίζοντο,
571 1791 703 1866 ἄρας
729 1792 817 1847 καὶ
850 1792 1010 1855 αὐτὸς
1043 1790 1227 1848 εἶ’σεισι
1268 1793 1358 1847 σὺν
1410 1794 1615 1863 αὐτοῖς,
1650 1792 1836 1851 πολλὰ

202 1879 452 1954 πρότερον
539 1878 907 1951 θεοκλυτγςσας
993 1884 1083 1937 καὶ
1160 1879 1664 1959 διαμαρτυράμενος
1745 1884 1836 1938 καὶ

204 1968 557 2043 παραγγείλας
623 1966 712 2023 διὰ
775 1970 975 2032 παντὸς
1037 1956 1341 2045 προσέχειν*
1399 1956 1487 2026 καὶ
1539 1973 1590 2027 ἐν
1646 1979 1833 2048 χεροῖν

201 2058 439 2132 κατέχειν
487 2058 556 2112 τὰ
584 2057 748 2113 ὅπλα.
784 2057 1133 2121 Εἷσελθόντες
1191 2058 1283 2113 οὖν
1331 2060 1382 2114 οἱ
1441 2063 1711 2139 Φράγγοι,
1744 2061 1834 2116 καὶ

198 2150 298 2198 τῶν
340 2150 436 2199 τοῦ
493 2151 801 2221 στρατηγοῦ
862 2147 1329 2224 παραγγελμάτων
1389 2152 1832 2225 καταφρονήσαν-

196 2253 297 2301 τες,
330 2234 379 2288 ἐν
412 2234 667 2309 λουτροῖς
699 2236 787 2290 καὶ
820 2236 1010 2297 πότοις
1041 2241 1130 2290 καί
1180 2236 1439 2312 εὐωχίαις
1478 2238 1632 2306 ἦσαν.
1667 2239 1726 2296 Ὁ
1777 2236 1835 2293 δὲ

202 2321 407 2395 ἀμηρᾶς
436 2324 747 2399 Ἀπονάσαρ
780 2325 895 2396 ἅμα
939 2322 1019 2396 τῷ
1069 2323 1306 2401 Σαμοῦχ
1349 2328 1438 2381 καὶ
1482 2331 1598 2403 τοῖς
1654 2326 1704 2380 έν
1763 2331 1830 2400 τῇ

199 2407 348 2464 πόλει
407 2417 748 2485 Σαρακηνοῖς
810 2409 1264 2487 βουλευσάμενος,
1314 2414 1401 2468 καὶ
1462 2413 1832 2490 παραγγείλας

196 2504 303 2559 τοῖς
333 2498 663 2575 ξενοδόχοις,
696 2502 785 2555 ὅτε
810 2502 873 2555 τὸ
904 2499 1157 2573 σύνθημα
1200 2498 1356 2575 δοθῇ,
1402 2501 1652 2583 κατέχειν
1699 2500 1832 2565 ’τοὺς

199 2585 594 2657 ἐπιξενωθέντας
628 2589 716 2643 καὶ
752 2586 965 2661 δεσμεῖν
997 2589 1055 2658 ἢ,
1087 2590 1286 2644 τούτου
1326 2590 1655 2666 φαινομένου
1704 2588 1830 2645 ἄδυ-

196 2675 375 2746 νάτου,
434 2679 815 2755 ἀποσφάττειν,
845 2677 983 2741 τέως
1044 2679 1138 2751 μὲν
1197 2679 1412 2753 ἠρέμει·
1447 2666 1561 2737 ἐπεὶ
1620 2677 1677 2734 δὲ
1708 2678 1831 2741 ἅλις

1950 569 2011 606 se
2096 552 2151 606 in
2241 551 2447 607 balneo
2503 567 2770 607 cruorem
2830 547 2965 604 belli
3018 548 3253 603 abluere
3331 553 3593 619 possent.

1950 641 2336 697 Vehementer
2369 641 2625 696 instabat
2655 644 2860 696 contra
2889 637 3195 702 Erbebius,
3221 640 3395 709 atque
3425 636 3596 692 obse-

1947 731 2235 786 crabatut
2264 731 2410 785 hanc
2455 730 2833 800 cupiditatem
2896 729 3276 799 deponerent,
3335 741 3473 781 neve
3503 724 3595 780 ni-

1949 820 2132 875 mium
2168 820 2814 890 fiderentjurijurando
2844 816 3153 872 hominum
3186 815 3426 870 diversas
3461 812 3594 870 reli-

1947 909 2140 979 gionis
2173 925 2240 963 ac
2271 908 2610 975 nationis,et
2641 908 2856 979 quibus
2908 922 3259 979 persuasum
3318 908 3474 960 esset
3533 919 3595 959 se

1949 998 2216 1067 piissime
2246 1014 2412 1067 agere
2444 997 2490 1053 si
2527 1000 2747 1052 multos
2777 995 3143 1052 Christianos
3168 993 3591 1049 interimerent.

1947 1084 2054 1138 Sed
2090 1101 2245 1152 cum,
2268 1085 2548 1139 omnibus
2576 1083 2636 1138 in
2660 1084 2861 1138 eadem
2885 1083 3176 1138 sententia
3197 1080 3592 1150 manentibus,

1949 1172 2129 1227 surdo
2153 1172 2410 1227 fabulam
2437 1172 3109 1242 narraret,tandemoum
3136 1169 3280 1242 ipsis
3304 1170 3361 1225 in
3385 1171 3591 1225 urbem

1950 1260 2509 1331 ingreditur,multis
2541 1277 2639 1316 eos
2670 1261 2997 1317 obtestatus
3030 1265 3093 1314 ut
3122 1259 3235 1315 sibi
3288 1252 3591 1330 nunquam

1949 1366 2061 1404 non
2081 1356 2349 1405 caverent
2378 1366 2726 1421 semperque
2755 1367 2919 1405 arma
2949 1349 3020 1405 ad
3048 1364 3260 1411 manus
3290 1348 3589 1403 haberent.

1946 1440 2055 1493 Sed
2092 1439 2300 1493 Franci
2364 1438 2569 1494 Chleat
2623 1438 2896 1510 ingressi,
2948 1436 3303 1511 posthabitis
3360 1436 3590 1490 Erbebii

1948 1528 2188 1582 monitis
2219 1529 2288 1583 ad
2320 1526 2787 1599 lavacra,pocula
2816 1533 2875 1582 et
2900 1527 3166 1583 convivia
3184 1542 3245 1583 se
3267 1524 3590 1581 contulere.

1946 1616 2184 1671 Interim
2220 1616 2383 1671 urbis
2414 1632 2644 1672 ameiras
2701 1618 3022 1687 Aponasar,
3074 1632 3134 1670 re
3193 1631 3330 1683 cum
3381 1614 3583 1668 Samu-

1945 1706 2052 1760 cho
2083 1710 2142 1759 et
2171 1705 2477 1761 Saracenis
2518 1705 2597 1759 ibi
2649 1705 2999 1777 degentibus
3046 1704 3199 1759 619
3257 1701 3592 1758 communi~

1946 1805 2093 1861 cata,
2146 1794 2480 1866 hospitibus
2528 1794 2964 1867 peregrinorum
3030 1793 3269 1848 mandat
3333 1797 3396 1846 ut
3454 1791 3591 1847 dato
3674 1869 3682 1873 _

1948 1883 2114 1954 signo
2149 1884 2409 1955 hospites
2458 1900 2597 1939 suos
2645 1883 3143 1954 comprehendant
3202 1898 3268 1936 ac
3308 1879 3588 1943 vinciant,

1946 1977 2047 2027 aut
2105 1974 2151 2028 si
2215 1974 2269 2027 id
2332 1972 2453 2028 fieri
2513 1990 2627 2027 non
2677 1972 2880 2043 possit,
2929 1972 3219 2027 occidant.
3250 1971 3589 2041 (Postquam

1949 2061 2149 2116 Franci
2181 2061 2522 2117 deliciarum
2556 2061 2739 2116 saturi
2772 2077 2979 2120 somno
3020 2077 3083 2116 se
3139 2059 3446 2124 dederunt,
3506 2059 3587 2112 si-

1943 2166 2123 2221 gnum
2159 2152 2355 2215 datur,
2387 2157 2445 2206 et
2471 2165 2679 2205 eorum
2709 2150 2805 2203 alii
2839 2150 3037 2205 statim
3084 2148 3439 2203 occiduntur
3486 2145 3586 2202 alii

1941 2238 2276 2309 capiuntur,
2296 2239 2533 2310 quidam
2564 2238 2738 2294 etiam
2770 2238 2843 2293 de
2868 2238 3052 2293 muris
3075 2238 3228 2292 foras
3249 2235 3586 2291 desilientes

1940 2328 2267 2393 evaserunt,
2306 2326 2581 2381 Erbebius
2604 2332 2810 2397 captus
2848 2331 2937 2381 est
2967 2331 3025 2380 et
3070 2324 3131 2380 in
3185 2323 3431 2380 vinculis
3488 2339 3587 2378 as-

1896 2410 1899 2413 ’
1943 2421 2227 2471 servatus.
2284 2414 2380 2470 llis
2430 2417 2507 2469 ita
2574 2415 2740 2485 actis,
2783 2431 3014 2470 ameras
3065 2413 3405 2486 imperatori
3485 2426 3588 2483 per

1940 2503 2356 2559 internuntios
2397 2503 2691 2576 signiﬁcat
2730 2520 2791 2558 se
2835 2504 2886 2558 ei
2920 2504 3128 2569 favere,
3167 2507 3224 2557 et
3266 2500 3366 2572 qui
3398 2499 3586 2571 ipsius

1940 2594 2119 2648 rebus
2147 2593 2408 2648 insidiati
2441 2584 2707 2677 fuissent,
2740 2608 2839 2648 eos
2868 2607 2933 2646 se
2964 2591 3315 2662 perdidisse,
3346 2590 3583 2644 ducem-

1941 2698 2051 2751 que
2079 2682 2289 2751 horum
2323 2688 2561 2752 captum
2595 2680 2893 2737 detinere.-
2983 2689 2987 2693 '

195 2764 471 2840 εἶχεμτοῖς
528 2767 805 2843 Φράγγοις
847 2768 882 2837 ἡ
938 2764 1239 2836 ἡδυπάθεια
1269 2770 1350 2842 [Ρ.
1403 2770 1532 2842 796]
1571 2770 1656 2824 καὶ
1717 2764 1865 2843 πρὸς
1911 2766 2110 2830 ὕπνους
2163 2768 2492 2843 ἐτράπησαν,
2523 2765 2649 2830 δοὺς
2699 2768 2761 2823 τὸ
2813 2768 3093 2840 σύνθημα
3125 2765 3439 2830 ἐπιτίθεται.
3477 2762 3578 2821 Καὶ

195 2853 243 2906 οἱ
290 2855 382 2926 μὲν
426 2860 533 2909 τῶν
580 2856 850 2931 Φράγγων
901 2855 1058 2919 εὐθὺς
1106 2856 1558 2934 ἀποσφάττονται,
1618 2859 1670 2913 οἱ
1713 2857 1769 2913 δὶ
1827 2857 2249 2933 κατεσχέθησαν,
2281 2858 2421 2931 τινες
2480 2855 2539 2912 δὲ
2595 2858 2684 2912 καὶ
2741 2858 2846 2939 ἀπὸ
2896 2861 2995 2911 τοῦ
3047 2856 3268 2931 τείχους
3322 2854 3580 2931 ῥιπτοῦν-

194 2961 272 3004 τες
327 2943 545 3005 ἑαυτοὺς
597 2941 698 3013 ἔξω
755 2941 1083 3014 διασωθῆναι
1144 2942 1395 3020 ἴσχυσαν.
1436 2945 1618 3001 Ἑάλω
1677 2943 1734 3001 δὲ
1788 2947 1877 3001 καὶ
1908 2941 2244 3021 ὁἘρϐέϐιος
2298 2946 2388 3001 καὶ
2448 2943 2700 3015 πεδηθεῖς
2758 2942 3102 3023 ἐφυλάττετο.
3136 2946 3193 3000 Ὃ
3246 2944 3303 3000 Si
3363 2944 3579 3018 ἀμηρᾶς

195 3025 614 3104 διαπραξάμενος
672 3036 839 3086 ταῦτα
898 3029 1343 3108 διακηρυκεύεται
1399 3034 1534 3109 πρὸς
1587 3034 1678 3088 τὸν
1741 3033 1968 3109 βασιλέα
2025 3035 2100 3099 ὡς
2157 3034 2301 3110 τάχα
2343 3031 2529 3098 εῧνους
2577 3032 2699 3107 [ὢν]
2756 3034 2904 3103 αὐτῷ
2966 3033 3238 3096 καθεστὼς
3310 3034 3400 3088 καὶ
3454 3031 3583 3095 τοὺς

194 3114 638 3182 ἐπιϐουλεύοντας
666 3126 781 3182 τοῖς
811 3120 975 3176 αὐτοῦ
1004 3125 1283 3197 πράγμασι
1316 3120 1627 3200 διαφθείρας
1682 3121 1769 3178 καί
1823 3124 1915 3178 τὸν
1972 3124 2183 3178 τούτων
2236 3122 2485 3199 ἀρχηγόν
2546 3124 2855 3199 κατασχών.
2890 3123 2987 3178 Καὶ
3042 3123 3133 3178 τα
3168 3124 3261 3196 μέν
3311 3120 3433 3197 περὶ
3490 3120 3582 3175 τὸν

193 3208 594 3285 Φραγγόπωλον
624 3211 932 3287 συνηνέχθη
966 3209 1093 3268 ὧδε.
2144 3280 2145 3283 η
2164 3282 2165 3285 η
2988 3216 2989 3221 ί

254 3334 319 3390 Οἱ
370 3331 426 3388 δὶ
480 3341 581 3403 τῆς
640 3336 811 3407 Ἑῲας
871 3334 1166 3411 στρατηγοὶ
1226 3337 1690 3414 ἀποπεμφθέντες,
1752 3337 1825 3399 ὡς

2007 3339 2758 3396 ϐεειεῐιυωοιιὶεηιίεᾶυοθε
2789 3339 2897 3395 hoc
2929 3357 3049 3412 quo,
3079 3339 3389 3397 docuimus
3414 3343 3584 3394 modo
3637 3331 3642 3334 ’

192 3419 479 3495 ἔμπροσθεν
532 3420 766 3498 εἴρηται,
834 3425 979 3498 παρὰ
1055 3428 1152 3479 τοῦ
1233 3421 1500 3499 βασιλέως
1578 3422 1827 3499 δευτέραν

193 3505 417 3584 ἔγνωσαν
457 3517 661 3585 πεῖραν·
706 3517 1093 3587 προσαγαγεῖν,
1124 3502 1212 3567 καὶ
1265 3510 1331 3580 δὴ
1383 3517 1463 3584 τῷ
1503 3533 1830 3588 πρωτοσυγ-

191 3597 366 3670 γέλλῳ
401 3600 591 3661 λέοντι
641 3603 719 3671 τῷ
752 3595 1267 3675 Στραϐοσπονδόλῳ
1311 3600 1704 3674 προσελθόντες
1758 3602 1833 3656 τὰ

196 3688 343 3741 κοινά
399 3686 691 3742 διοικοῦντι
748 3692 829 3767 τῷ
883 3689 1008 3743 τότε
1068 3689 1292 3761 μεσίτην
1357 3689 1411 3751 ές
1458 3690 1550 3744 τὸν
1604 3690 1830 3766 βασιλέα

197 3779 374 3830 τοῦτον
432 3772 878 3851 προύϐάλλοντο,
932 3778 1020 3832 καὶ
1103 3778 1177 3850 μή
1236 3779 1383 3853 παρὰ
1436 3777 1568 3841 τοὺς
1626 3777 1831 3841 ἄλλους

196 3869 540 3943 περιοφθῆναι
595 3867 838 3921 ἱκέτευον
889 3863 1021 3939 μηδ’
1059 3865 1272 3939 ἀτίμως
1323 3867 1712 3946 ἀποῤῥιφῆναι,
1739 3866 1829 3923 καὶ

196 3952 327 4009 ἄλλα
358 3950 805 4029 προϐαλλόμενοι
837 3952 1036 4029 δίκαια,
1068 3958 1376 4011 τελευταῖον
1438 3954 1496 4012 δὲ
1540 3957 1830 4033 ἐπαγαγόν-

194 4063 273 4105 τες
304 4041 435 4115 μηδ⁹
466 4044 614 4113 ἄξιον
663 4041 796 4099 εἶναι
853 4044 980 4107 τοὺς
1043 4046 1137 4118 μὲν
1197 4042 1575 4107 πολίταςτῶν
1613 4044 1828 4122 βασιλι-

195 4135 292 4185 κῶν
351 4131 672 4208 εὐμοιρῆσαι
713 4137 911 4207 τιμῶν,
949 4136 1089 4206 μήτε
1144 4139 1265 4209 παρ’
1321 4129 1541 4205 ἔπαλξιν
1604 4137 1828 4198 στάντας

199 4222 323 4290 μήτε
356 4222 488 4296 πρὸς
535 4219 841 4295 πολεμίους
898 4219 1393 4298 διαγωνισαμένους
1451 4218 1602 4292 ποτὲ,
1635 4223 1830 4287 αὐτοὺς

197 4305 245 4363 δὲ
268 4309 393 4371 τοὺς
422 4309 483 4365 ἐκ
512 4308 721 4366 παίδων
748 4310 1237 4385 προπολεμοῦντας
1269 4311 1358 4366 καὶ
1399 4312 1827 4387 ἀγρυπνοῦντας,

191 4395 256 4450 ’ἔν’
307 4396 477 4461 ἀδεῶς
558 4400 706 4454 οὗτοι
776 4397 1110 4467 καθεύδοιεν,
1163 4401 1535 4475 παροραθῆναι
1591 4402 1677 4455 καὶ
1726 4408 1827 4470 τῆς

200 4486 469 4560 βασιλικῆς
509 4486 833 4566 φιλοτιμίας
871 4486 1193 4545 διεκπεσεῖν.
1247 4487 1400 4545 Ἀλλ’
1443 4488 1626 4558 οὗτος,
1666 4510 1824 4565 στρυ-

198 4576 312 4648 ovo;
342 4577 414 4631 ὢν
446 4578 531 4631 καὶ
570 4574 947 4651 δυσπρόσιτος,
980 4576 1041 4632 οὐ
1072 4578 1232 4653 μόνον
1263 4575 1363 4632 οὐκ
1392 4576 1607 4649 ἐδέξατο
1646 4578 1825 4648 ἠπίως

1940 3428 2171 3484 dimissi
2202 3430 2274 3484 ab
2304 3430 2655 3501 imperatore
2681 3430 2872 3484 denuo
2920 3429 3261 3485 tentandam
3294 3445 3414 3483 rem
3461 3433 3583 3483 sta-

1940 3522 2407 3589 tuerunt.ttaque
2438 3534 2499 3573 se
2521 3519 2591 3572 ad
2619 3518 2963 3589 primarium
2987 3517 3309 3591 syncellum
3335 3516 3582 3572 Leonem

1936 3606 2499 3678 Strabospondyium
2530 3609 2865 3671 conferunt,
2895 3611 3037 3662 tunc
3098 3606 3431 3677 reipublicae
3478 3621 3583 3676 gu-

1941 3695 2332 3762 bernatorem,
2355 3711 2539 3766 eoque
2570 3696 2725 3766 apud
2758 3695 3166 3766 imperatorem
3199 3693 3585 3749 intercessore

1941 3787 2205 3850 utuntur,
2231 3789 2405 3855 atque
2434 3788 2602 3839 orant
2632 3800 2704 3839 ne
2735 3784 2894 3854 ipsos
2928 3784 3007 3837 ita
3054 3781 3347 3853 neglectos
3405 3785 3583 3852 atque

1940 3871 2329 3943 ignominiosa
2377 3872 2635 3942 abjectos
2695 3873 3010 3944 imperator
3066 3870 3224 3926 velit.
3263 3870 3582 3940 Multisque

1939 3961 2208 4016 adductis
2239 3961 2623 4033 argumentis,
2655 3961 2712 4016 id
2736 3977 2967 4033 quoque
2988 3964 3058 4020 ad
3092 3965 3416 4017 extremum
3449 3975 3579 4029 pro-

1940 4056 2186 4121 ponunt,
2217 4048 2527 4120 indignum
2552 4050 2919 4109 viderircives
2950 4051 3023 4106 ab
3060 4049 3413 4121 imperatore
3472 4048 3577 4102 ho-

1941 4154 2110 4193 nores
2132 4137 2432 4209 consequi,
2466 4154 2601 4192 cum
2635 4137 2671 4191 ii
2707 4154 2895 4210 neque
2926 4137 3369 4210 propugnacula
3407 4136 3578 4191 tutati

1940 4242 2127 4299 neque
2156 4243 2289 4282 cum
2323 4226 2489 4282 hoste
2519 4227 2815 4298 congressi
2851 4244 3111 4298 unquam
3144 4227 3284 4294 sint,
3319 4242 3380 4282 se
3424 4239 3578 4291 vero,

1939 4315 2041 4387 qui
2073 4317 2145 4370 ab
2177 4315 2414 4371 ineunte
2444 4320 2607 4371 (etate
2630 4332 2732 4387 pro
2777 4315 2923 4388 ipsis
2980 4313 3480 4387 propugnaverint
3526 4319 3582 4367 et

1937 4404 2300 4471 excubarint,
2326 4409 2391 4460 ut
2439 4422 2641 4460 secure
2688 4406 2782 4460 alii
2835 4404 3084 4463 dormire
3136 4408 3394 4477 possent,
3442 4420 3581 4475 pra:-

1934 4493 2095 4547 teriri
2132 4509 2318 4564 neque
2347 4509 2417 4548 ex
2446 4493 3206 4566 impcratorisbenignitate
3228 4492 3417 4548 ullum
3450 4508 3579 4563 per-

1936 4580 2135 4653 cipere
2161 4582 2435 4637 fructum.
2468 4581 2680 4637 Verum
2714 4583 3048 4653 imperator,
3083 4598 3353 4639 morosus
3404 4580 3579 4635 homo

196 4665 282 4731 τὴν
336 4666 754 4741 τροσαγομένην
804 4666 1028 4734 ἱκεσίαν,
1085 4665 1232 4721 ἀλλὰ
1287 4667 1377 4721 καὶ
1445 4667 1558 4739 μεθ’
1617 4661 1823 4741 ὕϐρεων

1941 4669 2216 4741 adituque
2246 4669 2526 4735 difﬁcilis,
2553 4670 2706 4735 820
2740 4687 2852 4724 non
2886 4670 3058 4725 modo
3090 4687 3204 4725 non
3254 4669 3419 4725 audit
3477 4669 3577 4723 be-

197 4752 535 4828 ἆπεπέμψατο
566 4754 696 4818 τοὺς
750 4755 953 4823 ἱκέτας,
982 4753 1311 4832 ἐκφαυλίσας
1365 4756 1468 4811 οὐκ
1525 4753 1683 4830 ὀλίγα
1736 4757 1825 4810 καῖ

199 4840 243 4903 ές
281 4839 501 4898 ἕκαστον
569 4846 675 4896 τῶν
736 4840 966 4919 ἀνδρῶν.
1030 4843 1096 4902 Oi
1149 4840 1205 4899 δι
1261 4845 1348 4899 καὶ
1410 4840 1656 4917 δεύτερον
1714 4842 1823 4916 ἤδη

196 4934 592 5006 παρῳνημένοι,
635 4938 807 4986 πᾶσαν
866 4930 1063 4989 ἐλπίδα
1110 4933 1539 5005 ’ἀποσεισάμενοι
1598 4930 1825 5012 ἐσφάδα-

200 5022 276 5086 ζον
301 5020 387 5076 καὶ
443 5018 753 5097 διεπρίοντο
804 5020 883 5093 τῷ
941 5025 1120 5095 θυμῷ.
1153 5021 1260 5077 Καὶ
1306 5022 1422 5076 κατ’
1475 5022 1647 5098 ἀρχὰς
1706 5022 1824 5096 μὲν,

198 5108 261 5171 ὥς
286 5130 357 5179 πη
386 5107 616 5172 ἕκαστος
645 5108 859 5185 ἔτυχεν,
894 5108 944 5164 έν
989 5115 1135 5175 ταῖς.
1165 5107 1412 5181 ὁμιλίαις
1466 5110 1827 5187 ὑποτονθορύ-

199 5197 361 5261 ζοντες
391 5194 777 5272 ἅλοιδοροῦντο
807 5198 887 5270 τῷ
922 5196 1160 5273 βασιλεῖ,
1186 5197 1274 5253 καὶ
1313 5198 1388 5272 μὴ
1437 5199 1625 5272 πράως
1677 5198 1823 5276 ένεγ·

162 5288 292 5351 ,κεῖν
341 5282 562 5341 ἳκαστον
623 5283 964 5361 παρεκάλουν
1024 5282 1252 5358 ἑκάστην
1315 5288 1624 5362 παροινίαν,
1679 5287 1822 5344 ἀλλᾶ

198 5366 520 5443 διαναστῆναι
606 5374 943 5449 παρώρμουν
1014 5377 1152 5452 πρὸς
1204 5373 1447 5432 ’δικαίαν
1520 5372 1819 5447 ἐκδίκησιν,

196 5460 397 5518 Ἔπειτα
424 5463 514 5518 καὶ
558 5462 646 5537 ὑφ’
674 5462 732 5518 ἓν
764 5462 815 5517 ἐν
847 5467 914 5538 τῇ
943 5463 1170 5541 Μεγάλῃ
1200 5464 1477 5541 γενόμενοι
1501 5464 1819 5539 Ἐκκλησία,

194 5549 271 5603 καὶ
314 5550 509 5623 ὅρκους
559 5548 739 5614 δόντες
784 5552 874 5607 καὶ
924 5547 1182 5616 λαϐόντες
1238 5556 1313 5628 μή
1362 5561 1635 5624 σιωπῆσαι
1689 5552 1820 5627 μηδ’

199 5635 527 5717 ἀνασχέσθαι,
558 5638 707 5697 ἀλλὰ
754 5639 885 5704 τοὺς
948 5635 1324 5719 ένυϐρίσαντας
1376 5644 1818 5719 τιμωρήσασθαι,

1939 4761 2113 4830 nigne
2168 4774 2295 4814 eam
2348 4757 2839 4829 deprecationem,
2904 4758 3006 4813 sed
3066 4758 3360 4830 supplices
3399 4757 3574 4812 etiam

1938 4847 2350 4902 contumeliose
2372 4845 2617 4913 dimisit,
2652 4846 2918 4919 singulos
2975 4847 3168 4911 verbis
3227 4848 3573 4902 insectatus.

1938 4940 2012 4991 At
2038 4953 2163 4991 vero
2194 4935 2253 4991 hi
2281 4936 2472 4992 denuo
2504 4935 2845 5008 ignominiis
2877 4937 3129 5008 superbe
3165 4936 3375 5003 affecti,
3414 4936 3573 4991 omni

1936 5041 2183 5081 excussa
2206 5041 2310 5096 spe
2342 5024 2588 5079 fremere
2638 5022 2952 5095 animoque
3009 5025 3450 5081 excandescere.
3498 5027 3575 5079 Ac

1937 5114 2222 5186 principio
2252 5112 2487 5185 quidem
2512 5130 2615 5184 pro
2639 5130 2700 5169 se
2731 5113 2984 5185 quisque
3013 5113 3276 5169 susurris
3323 5113 3574 5184 impera-

1934 5204 2041 5257 tori
2076 5201 2680 5275 conviciari,alterque
2708 5202 2960 5258 alterum
2995 5202 3215 5257 hortari
3246 5218 3318 5257 ne
3375 5207 3575 5257 contu-

1936 5293 2166 5348 meliam
2190 5293 2362 5347 istam
2387 5291 2589 5351 leviter
2619 5292 2896 5357 ferat,sed
2912 5293 2981 5348 ad
2996 5293 3227 5363 justam
3257 5290 3573 5347 vindictam

1931 5397 2062 5438 sese
2092 5386 2274 5453 paret.
2311 5381 2444 5437 Post
2473 5379 2540 5435 in.
2564 5397 2749 5436 unum
2769 5380 2995 5442 collecti
3028 5387 3242 5441 coetum
3275 5381 3334 5437 in
3367 5384 3574 5454 Magno

1931 5468 2196 5542 Templo,
2231 5469 2400 5526 dictis
2434 5469 2584 5525 ultro
2617 5470 2876 5542 citroque
2908 5471 3295 5527 sacramentis
3342 5488 3457 5526 non
3490 5470 3575 5527 si-

1929 5558 2107 5613 lentio
2163 5564 2221 5614 et
2285 5558 2471 5615 otiose
2534 5564 2755 5614 tantam
2828 5562 3081 5631 perferre
3140 5560 3573 5634 indignitatem,

1928 5648 2031 5704 sed
2089 5645 2338 5718 injurias
2400 5646 2604 5706 ulcisci
2662 5649 2932 5721 aversati,
2998 5652 3160 5719 sunt,
3242 5649 3572 5707 adamanti-
