4060 6344
471 337 581 399 351

1814 337 2128 398 GEORGII
2173 335 2511 398 CEDBENI

3753 333 3884 391 352

469 470 698 541 nisque,
733 469 883 538 quod
917 467 1103 534 aiunt,
1154 469 1404 526 vinculis
1463 470 1956 540 conspirationem
2020 487 2110 524 ro-

2243 469 2470 540 ἷεσμοῖς,
2533 467 2561 522 δ
2619 489 2797 546 φασιν,
2868 466 3230 542 ἀδαμαντίνος
3313 465 3690 542 ἠσφαλίσαντο
3771 464 3878 530 τήν

470 560 770 613 borarunt.
858 559 1127 612 Ambusti
1211 559 1498 613 sententia
1580 566 1704 614 erat
1763 559 2116 630 Bryennium

472 664 703 719 quoque
736 649 789 702 in
851 649 1183 701 societatem
1246 648 1670 719 asciscendum,
1731 650 1827 720 qui
1887 651 1956 703 ad
2011 649 2120 704 hoc

469 737 806 791 institutum
844 736 1164 807 plurimum
1203 738 1408 792 afferre
1442 738 1724 792 momenti
1761 743 1974 810 posset,
2010 756 2118 792 nu-

475 843 699 880 mereso
735 828 1039 896 praefectus
1070 827 1344 881 exercitui
1381 828 1770 882 Macedonico.
1821 833 2011 898 Atque
2071 827 2120 880 is

470 920 731 969 tentatus
767 915 1041 969 facillime
1067 916 1337 970 assensit.
1375 917 1624 970 Proinde
1655 918 1712 970 in
1746 917 2117 971 deliberatio-

472 1021 602 1059 nem
634 1005 791 1058 venit
833 1004 924 1058 cui
975 1004 1312 1074 imperium,
1375 1022 1435 1059 re
1481 1022 1550 1059 ex
1599 1005 1779 1059 animi
1831 1007 2122 1061 sententia

469 1094 839 1160 succedente,
869 1093 1374 1148 deferretur.ldem
1412 1111 1649 1164 prorsus
1681 1096 1956 1149 omnibus
1980 1112 2114 1149 con-

463 1183 684 1253 juratis
714 1182 1226 1246 visum,Ambusto
1259 1183 1313 1236 id
1350 1183 2117 1251 deberi,aetate,fortitudine

470 1277 527 1326 et
559 1271 768 1342 peritia
794 1272 1018 1326 caeteris
1051 1272 1368 1342 praestanti.
1404 1272 1619 1326 Verum
1659 1273 1751 1326 hic
1791 1290 1940 1328 onus
1970 1273 2113 1327 illud

472 1367 742 1416 excutere
774 1360 1036 1430 cupiens,
1072 1361 1417 1431 compendio
1448 1363 1758 1416 verborum
1789 1361 2118 1416 multitudi-

473 1465 606 1503 nem
643 1448 1170 1520 sustulit.Surgcns
1212 1449 1363 1504 enim
1394 1449 1546 1504 illico
1580 1455 1971 1505 Romanorum
2006 1451 2116 1504 im-

472 1544 796 1609 peratorem
824 1538 1148 1609 designavit
1174 1539 1518 1609 magistrum
1561 1539 1847 1594 Isaacium
1873 1540 2117 1595 Comoe-

477 1641 642 1690 num,
678 1630 996 1697 auctorque
1030 1625 1270 1696 reliquis
1303 1627 1410 1680 t‘uit
1443 1627 1594 1681 idem
1622 1633 1685 1682 ut
1717 1627 2116 1682 facerent.Hoc

477 1714 651 1768 modo
683 1731 814 1768 cum
850 1731 910 1768 se
937 1719 1140 1768 mutuo
1165 1715 1581 1782 devinxisscnt,
1608 1733 1673 1770 ac
1704 1721 1989 1787 quantum
2026 1733 2118 1770 res

477 1802 697 1858 ferebat
726 1803 1062 1857 institutum
1106 1804 1252 1858 621
1311 1805 1706 1870 roborassent,
1748 1809 1985 1875 accepto
2045 1805 2116 1859 ab
2153 1837 2198 1902 Β
2227 1803 2351 1863 τοὺς

471 1891 826 1963 imperatore
861 1898 1186 1946 commeatu
1249 1894 1487 1948 domum
1551 1893 1746 1965 quivis
1805 1909 1998 1961 suam,
2058 1898 2122 1947 ut

471 1983 806 2052 putabatur,
844 1981 1262 2036 discesserunt.

545 2193 676 2248 Jam
708 2198 764 2248 et
795 2193 1123 2265 Bryennius
1157 2193 1328 2249 rebus
1359 2195 1484 2250 suis
1514 2211 1581 2249 ex
1612 2195 1854 2251 arbitrio
1881 2196 2124 2268 impera-

485 2282 631 2337 toris
663 2282 997 2337 conslitutis
1031 2283 1088 2337 in
1113 2283 1403 2338 Orientem
1465 2285 1682 2339 abibat.
1732 2285 2130 2340 Comitabatur

483 2388 620 2428 eum
661 2370 940 2442 patricius
969 2370 1226 2428 Joannes
1248 2373 1750 2444 Opsaras,missus
1778 2376 1848 2429 ab
1882 2374 2127 2446 impera-

487 2465 612 2516 tore
644 2478 775 2516 cum
811 2466 1044 2528 auro,ut
1076 2461 1363 2517 militibus
1422 2463 1718 2535 stipendia
1770 2469 2129 2518 numeraret.

489 2554 629 2604 Cum
666 2550 1064 2621 pervenissent
1092 2550 1147 2604 in
1179 2552 1452 2622 supinam
1477 2554 1793 2622 quamdam
1827 2551 2128 2622 planitiem

486 2637 544 2691 in
589 2637 870 2693 Orientali
933 2639 1250 2707 provincia,
1311 2640 1752 2712 Cappadocibus
1812 2641 2132 2713 Bryennius

488 2727 740 2797 pendere
773 2727 946 2798 cmpit
968 2745 1090 2795 quae
1114 2744 1182 2782 ex
1204 2727 1551 2784 liberalitate
1571 2729 1942 2801 imperatoris
1966 2731 2136 2785 debe-

490 2815 723 2870 bantur.
759 2816 840 2869 lbi
875 2832 1004 2870 cum
1043 2815 1212 2886 plura
1244 2817 1363 2870 dari
1389 2819 1625 2888 juberet
1655 2835 1831 2890 quam
1887 2820 2133 2891 impera-

488 2908 581 2957 tor
605 2904 1410 2969 mandaverat,adversarium
1441 2906 1650 2962 habuit
1679 2907 1984 2978 Opsaram,
2019 2925 2130 2962 non

493 2991 709 3046 audere
731 3008 791 3046 se
813 2992 1099 3048 dicentem
1125 2994 1448 3065 quidquam
1469 2995 1680 3050 addere
1705 2997 1932 3066 injussu
1961 2997 2138 3066 impe-

493 3079 994 3152 ratoris.Cumque
1025 3082 1346 3153 Bryennius
1377 3100 1508 3138 eum
1544 3083 1841 3155 quiescere
1871 3090 1928 3138 et
1951 3086 2134 3138 omis-

2229 552 2547 626 ἐπιϐουλήν.
2582 560 2672 628 Τῷ
2705 556 2762 612 δὲ
2793 559 3115 630 Κεκαυμὲνῳ
3157 553 3330 609 ἐδόκει
3388 553 3477 607 καὶ
3523 554 3615 606 τὸν
3675 551 3878 626 Βρυὲν-

2228 668 2340 700 νιον
2368 643 2769 719 προσλαϐέσθαι
2824 646 3169 719 συνωμότην,
3205 644 3339 698 λαοῦ
3391 663 3450 698 τε
3501 641 3721 697 πολλοῦ
3783 637 3880 713 ἆρ-

2229 755 2347 810 χεεν
2418 737 2744 810 τεταγμένον
2821 741 2928 790 τῶν
3000 731 3379 789 Μακεδονικῶν
3438 731 3725 805 ταγμάτων
3787 729 3880 783 καὶ

2235 826 2368 901 μέγα
2431 829 2592 902 μέρος
2645 824 2851 890 ἔσεσθαι
2943 824 3218 898 μέλλοντα
3269 828 3365 879 τοῦ
3435 819 3882 892 σπουδάσματος.

2229 921 2314 976 Ὡς
2369 913 2425 969 δὲ
2473 916 2561 970 καὶ
2615 916 2798 983 οὗτος,
2837 915 3028 990 πείρας
3072 913 3218 985 αὐτῷ
3261 910 3734 987 προσενεχθείσης,
3785 928 3882 961 τα-

2231 1007 2378 1078 χέως
2412 1004 2706 1073 ὑπήκουσε,
2745 1004 2938 1058 Λοιπὸν
2982 1002 3098 1056 τίνα
3147 999 3536 1056 διεσκοποῦντο
3589 996 3664 1058 εἰς
3720 993 3882 1071 ἔργον

2229 1098 2655 1168 προχωροῦντος
2689 1093 2864 1147 αὐτῶν
2911 1096 3008 1147 τοῦ
3052 1090 3426 1167 βουλεύματος
3483 1089 3717 1142 ἀνειπεῖν
3782 1085 3878 1158 βα⁸

2230 1180 2530 1237 οιλὲα.Καὶ
2592 1188 2752 1236 πᾶσιν
2809 1178 3000 1242 ἁπλῶς
3060 1179 3306 1258 ἐφαίνετο
3363 1182 3479 1238 τοῖς
3535 1175 3884 1245 συνωμόταις

2229 1271 2304 1334 ὡς
2359 1272 2448 1325 καὶ
2508 1273 2654 1346 γήρᾳ
2707 1271 2794 1325 καὶ
2857 1267 3046 1345 ἀνδρίᾳ
3100 1269 3189 1323 καί
3242 1266 3496 1343 ἐμπειρίᾳ
3523 1271 3630 1320 τῶν
3689 1260 3884 1317 ἄλλων

2227 1357 2488 1433 προύχων
2551 1361 2577 1413 ὁ
2641 1359 2982 1432 Κεκαυμένος
3040 1359 3184 1430 ἄξιος
3234 1356 3308 1418 εἷς
3361 1360 3544 1411 τοῦτο.
3577 1355 3639 1410 Ὁ
3695 1350 3754 1406 δὲ
3793 1352 3889 1428 ἀφ’

2228 1449 2417 1502 ἑαυτοῦ
2487 1449 2548 1502 τὸ
2628 1449 2792 1522 βάρος
2867 1447 3247 1502 ἆποσείσασθαι
3318 1442 3561 1500 σπεύδων
3622 1441 3883 1513 συντόμῳ

2230 1536 2378 1611 λόγῳ
2436 1534 2650 1591 διέλυσε
2697 1539 2791 1598 τὰς
2851 1535 3205 1610 πολυλογίαςο
3242 1533 3466 1594 ἀναστὰς
3522 1532 3624 1608 γάρ
3679 1528 3884 1588 εὐθέως

2232 1624 2457 1699 βασιλέα
2514 1627 2800 1697 Ῥωμαίων
2862 1627 3045 1680 ἀνεῖπε
3117 1624 3210 1679 τὸν
3274 1624 3564 1697 μάγιστρον
3614 1621 3884 1675 Ἰσαάκιον

2227 1715 2314 1768 τὸν
2352 1715 2656 1787 Κομνηνὸν,
2692 1717 2776 1787 [Ρ.
2809 1715 2936 1789 797]
2994 1718 3154 1768 τοῦτο
3213 1710 3270 1767 δὶ
3326 1711 3455 1766 αὐτὸ
3515 1711 3740 1775 ποιῆσαι
3794 1704 3886 1760 καὶ

2425 1802 2658 1864 λοιποὺς
2727 1802 3138 1877 παρεσκεύασεν.
3189 1799 3342 1855 Οὕτω
3417 1797 3474 1853 δὶ
3528 1793 3882 1867 καταδεσμή·

2233 1913 2416 1953 σαντες
2446 1890 2756 1962 ἀλλήλους,
2790 1892 2880 1946 καὶ
2910 1893 3008 1959 τήν
3052 1888 3260 1966 βουλὴν
3294 1889 3368 1950 ὡς
3399 1887 3522 1952 ένῆν
3574 1883 3890 1962 ἀσφαλισά-

2236 2002 2410 2054 μενοι,
2468 1980 2559 2034 καὶ
2617 1985 2696 2052 τῷ
2776 1977 2992 2054 βασιλεῖ
3043 1978 3434 2054 προσειπόντες
3490 1976 3556 2030 τὰ
3616 1974 3886 2047 ἐξιτήρι-α,

2229 2054 2454 2131 ἕκαστος
2487 2066 2672 2124 οῗ¹καδε
2709 2074 2790 2141 τῷ
2822 2066 3000 2122 δοκεῖν
3033 2067 3417 2144 ἀπεφοίτησεν.

2306 2197 2461 2271 Ἀρτι
2524 2191 2582 2249 δὲ
2639 2195 2729 2249 καὶ
2763 2195 2789 2248 ὁ
2848 2192 3124 2266 Βρυὲννιος
3182 2196 3289 2246 τῶν
3342 2189 3678 2264 πραγμάτων
3743 2189 3895 2262 αὐτῷ

2234 2283 2642 2356 καθισταμένων
2701 2283 2776 2344 ὥς
2833 2303 2908 2352 πη
2981 2277 3155 2336 ἐδόκει
3220 2285 3298 2352 τῷ
3360 2277 3592 2355 βασιλεῖ,
3657 2276 3893 2353 διαπερᾷ

2236 2372 2372 2448 πρὸς
2405 2374 2501 2442 τήν
2535 2374 2669 2440 "Em,
2704 2369 2846 2446 ἔχων
2903 2372 3019 2443 μεθ’
3067 2371 3260 2424 ἑαυτοῦ
3306 2369 3396 2422 καὶ
3454 2369 3545 2422 τὸν
3605 2369 3893 2441 πατρίκιον

2239 2461 2490 2531 Ἰωάννην
2570 2462 2660 2514 τὸν
2719 2462 2972 2535 Ὀψαρᾶν,
3031 2456 3436 2529 ἀπεσταλμένον
3500 2456 3558 2510 έκ
3618 2454 3894 2531 βασιλέως

2243 2551 2378 2623 μετὰ
2425 2549 2655 2625 χρυσίου
2701 2550 2781 2620 ἐφ’
2829 2550 2874 2620 ᾧ
2918 2554 3034 2609 τοῖς
3081 2547 3436 2620 στρατιώταις
3493 2542 3895 2617 διανεμηθῆναι

2238 2641 2300 2694 τὸ
2328 2640 2656 2714 σιτηρέσιον.
2692 2637 2989 2711 Γενόμενος
3023 2635 3080 2692 δὶ
3110 2638 3245 2692 κατά
3291 2657 3412 2690 τινα
3466 2634 3634 2689 τόπον
3690 2633 3894 2702 ἥπλω-

2246 2729 2402 2801 μὲνον
2435 2727 2524 2781 καὶ
2557 2727 2744 2781 ὕπτιον
2779 2725 2828 2780 ἐν
2861 2731 2940 2798 τῷ
2973 2726 3166 2798 θέματι
3205 2729 3312 2779 τῶν
3349 2722 3717 2779 Ἀνατολικῶν
3779 2723 3893 2783 τοῖς

2244 2811 2631 2877 Καππαδόκαις
2679 2813 2913 2888 διένειμε
2968 2815 3067 2883 τὴν
3117 2811 3548 2891 φιλοφροσύνην.
3607 2811 3892 2881 Έπαύξων

2244 2903 2424 2966 δὲτὰς
2458 2902 2654 2975 δόσεις,
2687 2905 2773 2958 καὶ
2834 2903 3004 2958 πλείω
3062 2907 3170 2957 τῶν
3220 2900 3563 2974 τεταγμένων
3623 2900 3892 2973 παρέχειν

2241 2994 2501 3062 κελεύων,
2553 2993 2938 3048 ἀντιπίπτοντα
3009 2992 3127 3066 εἶχε
3193 2991 3285 3045 τὸν
3344 2991 3580 3063 Ὀψαρᾶν
3659 2989 3752 3043 καὶ
3815 2989 3891 3060 μὴ

2249 3083 2605 3138 ὑπακούοντα’
2637 3081 2830 3161 ἔφασκε
2861 3082 2964 3157 γὰρ
2997 3082 3153 3142 οὗτος
3207 3081 3283 3152 μὴ
3315 3077 3527 3151 τολμᾷν
3574 3079 3897 3151 προσθήκας

489 3169 572 3224 sis
604 3169 794 3224 verbis
844 3187 1018 3224 suum
1080 3171 1419 3226 mandatum
1473 3173 1706 3243 exsequi
1755 3173 2008 3242 juberet,
2066 3189 2130 3227 ac

2247 3169 2452 3226 διδόναι
2481 3177 2598 3233 τοῖς
2661 3172 3036 3246 στρατιώταις,
3075 3165 3241 3241 μηδὲν
3290 3171 3391 3222 τοῦ
3445 3163 3714 3241 βασιλέως
3773 3165 3897 3240 περί

487 3262 737 3330 Opsaras
807 3258 1054 3313 ferocius
1130 3264 1501 3330 repugnaret,
1560 3261 1645 3314 ira
1728 3261 2132 3316 inflammatus

491 3347 816 3416 Bryennius
849 3364 881 3401 a
903 3346 1048 3402 sella
1070 3347 1340 3418 prosiluit
1362 3355 1419 3402 et
1449 3349 1730 3419 Opsaram
1756 3351 1970 3421 pugnis
1993 3350 2135 3405 ceci-

494 3433 602 3501 dit,
639 3433 992 3504 tandemque
1024 3435 1286 3490 crinibus
1317 3440 1372 3490 et
1406 3437 1581 3491 barba
1605 3444 1934 3509 correptum
1969 3438 2134 3492 humi

492 3523 824 3594 prostravit,
859 3526 914 3576 et
943 3521 1191 3578 vinculis
1221 3524 1452 3594 injectis
1485 3525 1539 3578 in
1590 3544 1695 3581 suo
1744 3527 1991 3581 tentorio
2038 3545 2134 3581 as-

492 3611 756 3666 servavit.
793 3617 918 3683 Ipse
950 3629 1156 3666 aurum
1192 3613 1629 3684 imperatorium
1662 3615 1884 3687 accepit
1913 3632 1977 3670 ac
2037 3615 2137 3670 sti-

494 3700 709 3770 pendia
739 3700 1062 3769 distribuit,
1107 3718 1330 3771 augens
1361 3720 1428 3757 ea
1461 3721 1561 3774 pro
1594 3721 1701 3759 suo
1751 3705 2012 3760 arbitrio.
2073 3708 2133 3760 In

494 3789 823 3862 propinquo
846 3796 1038 3845 castra
1069 3795 1192 3845 tum
1228 3791 1373 3846 forte
1397 3792 1649 3848 habebat
1684 3794 2006 3865 L'ycantbes
2039 3811 2136 3865 pa-

495 3877 1102 3950 tricius,Lycaonibus
1133 3885 1186 3934 et
1223 3880 1432 3936 Pisidis
1466 3881 1855 3951 praefectust
1889 3884 1958 3937 de
1990 3882 2140 3938 male

495 3969 742 4021 tractato
772 3967 991 4039 Opsara
1028 3967 1231 4022 nuntio
1258 3975 1515 4040 accepto,
1537 3970 1957 4041 suspicatus,id
1985 3973 2136 4042 quod

498 4055 801 4126 probabile
831 4062 974 4124 erat,
1010 4073 1126 4110 rem
1163 4073 1288 4111 eam
1325 4058 1392 4111 ad
1436 4059 1765 4128 tyrannidis
1824 4060 2138 4114 affectatio-

502 4159 633 4197 nem
666 4148 947 4215 spectare,
983 4145 1218 4214 ignarus
1249 4145 1467 4217 quippe
1515 4146 1742 4202 consilii
1801 4166 1833 4203 a
1891 4149 2142 4206 ducibus

499 4231 886 4287 orientalibus
919 4233 1221 4302 initi,duas
1244 4234 1557 4290 orientales
1589 4236 1845 4307 legiones
1875 4238 2028 4294 ου
2047 4256 2140 4292 ar-

503 4326 646 4387 mat,
681 4321 1142 4394 Michaelumque
1173 4323 1584 4394 imperatorem
1619 4323 1919 4381 celebrans
1949 4332 2140 4381 tento—

501 4410 649 4466 rium
684 4411 948 4482 Bryennii
971 4413 1146 4483 capit,
1183 4413 1536 4486 Bryennium
1567 4414 1766 4481 vincit,
1808 4416 2139 4485 eumquein

502 4505 848 4572 potestatem
881 4505 1113 4571 Opsara
1141 4503 1388 4559 vinculis
1421 4503 1610 4557 soluto
1653 4503 1832 4560 dedit.
1878 4504 1981 4558 Hic
2013 4521 2138 4558 eam

2243 3260 2439 3314 τούτου
2507 3259 2918 3336 προστάξαντος.
2987 3261 3099 3315 Τοῦ
3173 3254 3229 3311 δὲ
3301 3255 3587 3330 Βρυεννίου
3660 3252 3898 3327 ἀτρέμας

2244 3345 2390 3424 ἔχειν
2451 3348 2698 3411 εἰπόντος
2757 3347 2846 3403 καὶ
2904 3353 3078 3401 ποιεῖν
3140 3349 3320 3417 σιωπῇ
3378 3345 3440 3398 τὸ
3469 3341 3894 3414 κεκελευσμένον

2245 3439 2747 3514 παρεγγυήσαντος,
2801 3436 3191 3496 ἀντιτείνοντος
3271 3431 3326 3487 δὲ
3382 3437 3482 3487 τοῦ
3546 3433 3752 3504 Ὀψαρᾶ
3807 3429 3898 3484 καὶ

2247 3527 2670 3603 θρασυνομένου,
2697 3526 2950 3604 άναφθεῖς
2983 3523 3182 3585 ἐκεῖνος
3227 3527 3304 3594 τῷ
3360 3526 3516 3594 θυμῷ
3556 3524 3652 3575 τοῦ
3700 3518 3899 3593 θρόνου

2245 3638 2303 3672 τε
2361 3615 2634 3671 ἀνίσταται
2693 3614 2782 3670 καὶ
2839 3610 3140 3675 κονδύλους
3199 3611 3378 3683 τούτῳ
3430 3604 3771 3684 προστρίϐεν
3807 3628 3898 3662 τε-

2249 3707 2495 3762 λευταῖον
2539 3702 2597 3759 δὶ
2643 3703 2730 3759 καὶ
2762 3708 2868 3759 τῶν
2899 3707 3107 3778 τριχῶν
3139 3700 3228 3756 καὶ
3276 3707 3374 3768 τῆς
3427 3696 3698 3773 γενειάδος
3757 3698 3897 3771 ἀψά-

2253 3815 2414 3867 μανος
2442 3789 2773 3850 καταϐάλλει
2813 3796 3004 3847 τοῦτον
3038 3791 3114 3854 εἷς
3142 3792 3271 3864 γῆν,
3301 3788 3390 3844 καὶ
3433 3785 3603 3860 δεσμά
3653 3785 3899 3860 περιθεὶς

2248 3882 2301 3937 ἐν
2347 3885 2412 3956 τῇ
2462 3879 2574 3952 ἰδίᾳ
2629 3880 2880 3957 ἐφρούρει
2925 3883 3123 3953 σκηνῇ,
3158 3878 3316 3938 αὐτὸς
3374 3875 3431 3931 δί
3484 3877 3547 3931 τὸ
3609 3875 3894 3949 βασιλικὸν

2248 3970 2476 4046 χρυσίον
2517 3969 2827 4047 ἀνειληφὼς
2860 3968 3100 4023 έποεεῖτο
3132 3969 3228 4034 τὴν
3272 3963 3540 4037 διανομὴν
3591 3965 3664 4025 ὡς
3724 3959 3897 4032 ἠϐού-

2248 4058 2374 4114 λετο
2435 4060 2551 4132 μεθ’
2588 4060 2896 4134 ὑπεροχῶν.
2957 4059 3163 4131 ’Έτυχε
3215 4052 3272 4109 δὲ
3327 4054 3449 4108 τότε
3519 4073 3899 4128 παραστρατο-

2248 4145 2463 4202 πεδύων
2524 4146 2685 4222 ἐγγὺς
2728 4148 2756 4200 ὁ
2790 4146 3071 4219 πατρίκιος
3129 4145 3435 4211 Λυκάνθης,
3493 4143 3580 4196 καὶ
3639 4146 3750 4195 τῶν
3806 4147 3902 4196 [li-

2309 4233 2373 4290 δ·-
2548 4235 2562 4256 \
2789 4236 2800 4254 ο
3072 4233 3094 4270 ,ν
3373 4231 3400 4268 Γ
3596 4230 3610 4248 ‘
3703 4230 3752 4266 ἔρ

2251 4258 2300 4290 σι
2343 4259 2414 4290 ων
2473 4258 2562 4291 και
2623 4244 2911 4290 Λυκαονων
2962 4237 3291 4309 ἡγούμενος.
3325 4234 3498 4292 Ουτος
3554 4252 3620 4285 τα
3674 4251 3751 4292 ες
3810 4231 3900 4285 τὸν

2248 4328 2485 4397 Ὀψαρᾶν
2544 4319 2930 4398 συμϐεϐηκότα
3007 4322 3364 4389 ἀκουτισθεὶς,
3423 4321 3510 4374 καὶ
3582 4315 3902 4393 τυραννίδος

2253 4413 2514 4482 ἐπίθεσιν,
2576 4415 2756 4486 ὥσπερ
2833 4411 2897 4478 ἦν
2973 4412 3138 4479 εἰκὸς,
3197 4412 3296 4480 τὴν
3355 4410 3544 4481 πρᾶξιν
3605 4403 3904 4463 ὑπολαϐὼν

2255 4503 2343 4576 (ἦν
2373 4503 2473 4578 γάρ
2504 4508 2611 4557 τῶν
2634 4508 2751 4564 τοῖς
2785 4502 2944 4574 ἑῴοις
2977 4497 3209 4575 ἄρχουσι
3246 4491 3690 4572 βεϐουλευμένων
3721 4496 3903 4568 ἀμύη-

501 4594 707 4645 nactus
741 4588 1036 4646 licentiam
1069 4592 1352 4665 Bryennio
1381 4591 1576 4646 statim
1607 4594 1838 4647 occulos
1861 4593 2130 4659 elfodit,el

2251 4595 2387 4665 τος),
2422 4590 2756 4646 καθοπλίσας
2815 4591 2882 4645 τὰ
2940 4587 3034 4644 δύο
3090 4592 3198 4642 τῶν
3230 4584 3604 4641 Ἀνατολικῶν
3654 4583 3906 4659 τάγματα

498 4678 760 4734 vinctum
795 4680 863 4735 ad
899 4681 1306 4752 imperatorem
1344 4681 1542 4750 mittit,
1567 4681 1947 4736 defectionem
1974 4683 2044 4737 ab
2077 4698 2142 4737 eo

499 4773 784 4824 tentatum
817 4769 993 4824 simul
1030 4775 1483 4842 exponens.lpse
1503 4787 1568 4825 eu
1594 4769 1698 4826 loci
1723 4776 2142 4839 commoratur,

500 4858 726 4914 scilicet
758 4859 1125 4931 utreliquam
1161 4859 1632 4914 distributionem
1666 4859 1995 4915 conficeret.
2029 4861 2143 4915 Has

500 4965 620 5004 sua:
647 4949 995 5004 temeritatis
1027 4966 1090 5003 ac
1122 4949 1473 5020 pertinaciae,
1504 4965 1575 5003 ne
1607 4949 1794 5003 dicam
1857 4949 2141 5004 stolidita-

499 5039 598 5104 tis,
625 5057 824 5109 paznas
851 5039 1007 5094 dedit
1039 5039 1382 5111 Bi-yennins.
1421 5044 1485 5096 At
1538 5039 1828 5110 principes
1881 5038 1986 5092 viri
2043 5037 2141 5110 qui

501 5128 554 5182 in
592 5127 859 5183 orientali
897 5129 1191 5200 provincia
1223 5128 1812 5198 habitabant,praases
1843 5127 2142 5184 Romanus

499 5217 872 5286 Durus(nam
905 5222 962 5272 et
995 5219 1040 5271 is
1073 5217 1498 5286 conjurationis
1521 5222 1643 5271 erat
1665 5217 2139 5288 socius).Burtza,

495 5306 1092 5372 Botaneiates,Basilii
1125 5305 1327 5379 Argyri
1361 5307 1485 5373 lilii,
1521 5312 1575 5358 et
1608 5305 1836 5377 reliqui,
1873 5325 2003 5361 cum
2038 5307 2140 5362 ha-

501 5401 704 5451 ctenus
724 5412 784 5451 se
815 5396 1246 5451 continuissent
1272 5402 1328 5451 et
1357 5395 1698 5450 defectionis
1738 5396 1972 5452 initium
2033 5398 2138 5452 ali-

499 5486 656 5539 unde
725 5489 1176 5557 exspectassent,
1248 5489 1558 5557 postquam
1609 5486 2024 5542 inaudiverunt
2080 5489 2138 5542 in

501 5590 677 5645 quam
712 5591 770 5627 se
831 5593 937 5630 sua
996 5575 1281 5631 vzecoralia
1337 5574 1686 5645 conjecisset
1741 5575 2137 5632 calamitatem

499 5661 847 5736 Bryennius,
880 5664 1088 5720 callide
1118 5668 1468 5735 ruputantes
1496 5678 1632 5719 eum
1685 5665 2006 5734 quaestione
2035 5665 2138 5722 ad-

2255 4680 2550 4737 ἐπιτίθεται
2576 4684 2644 4754 τῇ
2677 4683 2851 4753 σκηνῇ
2899 4682 2995 4732 τοῦ
3045 4675 3351 4751 Βρυεννίου,
3382 4672 3759 4749 αὐτοκράτορα
3809 4675 3901 4728 τὸν

2252 4768 2483 4844 Μιχαὴλ
2515 4769 2800 4845 εὐφημῶν.
2833 4767 2932 4822 Καὶ
2962 4769 3153 4821 τοῦτον
3199 4764 3291 4837 μὲν
3339 4761 3526 4836 δεσμεῖ
3583 4760 3905 4837 κατασχὼν,

2253 4857 2486 4919 ἀπολύει
2540 4854 2597 4912 δὲ
2651 4857 2742 4912 καὶ
2794 4857 2885 4911 τὸν
2931 4857 3171 4930 Ὀψαρᾶν
3229 4857 3336 4906 τῶν
3396 4847 3754 4923 δεσμῶν,καί
3805 4852 3900 4907 τὸν

2255 4946 2541 5022 Βρυέννιον
2602 4944 2752 5019 αὐτῷ
2810 4942 3089 5019 παραδοὺς
3144 4940 3317 5002 οὕτως
3376 4941 3450 5001 ὡς
3501 4939 3617 5014 εἶχε
3669 4938 3904 5007 κλοιῶν,

2253 5037 2492 5113 χρῆσθαι
2551 5035 2730 5108 τούτῳ
2787 5033 2996 5090 κελεύει
3051 5031 3123 5093 ὡς
3183 5029 3458 5105 βούλεται.
3491 5029 3551 5085 Ὀ
3600 5025 3658 5082 δὶ
3695 5027 3906 5091 ἀνεθεὶς

2251 5134 2350 5196 τῆς
2379 5123 2552 5194 πέδης
2607 5125 2693 5180 καὶ
2727 5124 2978 5199 πράττειν
3006 5123 3035 5178 ὃ
3067 5117 3212 5175 θέλει
3269 5117 3456 5192 κύριος
3512 5117 3752 5191 γεγονὼς
3806 5122 3905 5172 τοῦ

2256 5216 2348 5289 μὶν
2383 5215 2669 5290 Βρυεννίου
2701 5212 2896 5277 εὐθέως
2947 5209 3212 5286 ἐξορύττει
3261 5207 3387 5269 τοὺς
3435 5205 3758 5280 ὀφθαλμοὺς
3814 5208 3903 5261 καὶ

2251 5303 2306 5367 ές
2345 5302 2568 5380 βασιλέα
2618 5301 2810 5358 τοῦτον
2858 5299 3142 5374 δεσμώτην
3189 5296 3478 5369 έκπὲμπει,
3515 5296 3757 5368 μηνύσας
3814 5295 3904 5350 καὶ

2248 5396 2348 5464 τήν
2401 5391 2774 5467 τολμηθεῖσαν
2823 5387 3148 5446 ἀποστασίαν
3183 5405 3195 5419 ·
3259 5386 3288 5442 ὁ
3348 5382 3404 5439 δὲ
3469 5385 3772 5460 προσέμενε
3826 5389 3906 5456 τῷ

2246 5483 2403 5556 τόπῳ
2434 5482 2507 5545 ὡς
2535 5481 2680 5557 τάχα
2707 5481 2804 5550 τὴν
2841 5479 2917 5543 εἷς
2965 5478 3056 5532 τὸν
3089 5473 3284 5531 λοιπὸν
3345 5472 3476 5529 λαὸν
3535 5471 3896 5547 διε-δεργνςσων

2250 5570 2541 5644 διανομήν.
2601 5569 2699 5625 Καὶ
2759 5569 2787 5624 ὁ
2850 5568 2943 5643 μὶν
3004 5564 3290 5641 Βρυέννιος
3344 5561 3598 5625 τοιαύτας
3650 5559 3898 5616 ἀπέδωκε

2249 5659 2400 5725 δίκας
2456 5667 2555 5732 τῆς
2616 5659 2808 5716 ἑαυτοῦ
2865 5651 3188 5734 προπετείας
3214 5649 3306 5709 καὶ
3334 5647 3636 5723 αὐθαδείας,
3663 5648 3760 5706 ἵνα
3821 5652 3898 5726 μὴ
