4070 6334
172 386 265 444 353

1271 373 1812 439 HISTORIARUM
1857 372 2012 433 COM
2029 372 2254 432 PENDl
2267 374 2309 431 [ἶ
2323 371 2376 430 Μ
2387 415 2401 429 .

3421 376 3541 436 354

172 513 379 588 λέγωμεν
430 512 638 573 ἀνοίας·
670 512 722 565 οἱ
754 508 810 565 δὲ
846 508 983 565 κατᾶ
1010 509 1071 563 τὸ
1103 510 1241 583 θέμα
1268 511 1374 563 τῶν
1404 503 1776 562 Ἀνατολικῶν
1809 555 1816 570 Α

1936 502 2080 559 ibita
2108 501 2599 573 conspirationem
2635 501 3030 559 indicaturum
3056 508 3114 560 et
3142 521 3260 560 rem
3286 506 3414 578 ejhs
3444 524 3535 563 so-

172 604 245 664 τὶς
273 601 504 671 οῗκήσεις
537 596 758 676 ἔχοντες
781 596 1069 673 ἄρχοντες,
1119 599 1147 653 6
1189 594 1465 671 πρόοδρος
1506 592 1784 664 Ῥωμανὸς

175 693 195 744 ὁ
220 689 453 761 Σκληρὸς
488 688 576 760 (ἦν
607 687 708 762 γὰρ
737 683 849 741 οὐδ’
879 685 1042 748 αὐτὸς
1071 682 1170 754 ἔξω
1201 687 1306 738 τῶν
1359 678 1784 754 ὀμωμοκότων),

174 783 194 834 ὁ
243 779 530 853 Βούρτζης,
592 778 619 830 ὁ
653 774 1034 842 Βοτανειάτης,
1066 775 1117 827 οἱ
1151 769 1440 830 Βασιλείου
1468 773 1567 824 τοῦ
1599 769 1787 842 Ἀργυ-

176 873 255 940 ροῦ
280 864 458 929 παῖδες
491 866 581 921 καὶ
631 866 659 919 6
692 864 885 926 λοιπὸς
919 860 1142 936 ὅμιλος,
1166 860 1300 925 τέως
1332 860 1426 933 μὶν
1465 859 1599 928 ἦσαν
1654 863 1787 929 ἦρε-

177 962 369 1028 ςωῦντες
416 955 507 1010 καὶ
568 955 745 1028 ἀρχὴν
796 952 1122 1015 ἀποστασίας
1168 947 1477 1025 ἀλλαχόθεν
1536 945 1784 1021 προσμέ-

174 1066 342 1109 νοντες·
392 1044 507 1099 insi
569 1040 625 1097 δὲ
683 1042 940 1097 ἐπύθοντο
996 1040 1063 1096 τὰ
1125 1038 1262 1094 κατά
1310 1038 1402 1092 τὸν
1459 1043 1788 1111 Βρυεννιον,

176 1137 244 1207 ςι).
275 1136 395 1207 798]
446 1132 536 1187 καὶ
596 1130 737 1193 οἵαις
766 1129 950 1184 ἑαυτὸν
1009 1125 1166 1189 οὗτος
1212 1119 1605 1204 φρενοϐλαὸὦς
1659 1134 1790 1186 καθ-

175 1220 381 1278 υπὲϐαλε
425 1221 645 1296 τύχαις,
678 1220 947 1294 ἐπρεχῶς
981 1215 1323 1291 λνγισάμενοι
1355 1214 1429 1276 ὡς
1468 1212 1791 1285 ἐταζόμενος

175 1314 303 1375 οὗτος
349 1311 647 1388 ἀποφήνειε
701 1310 799 1377 τὴν
835 1305 1175 1379 συνωμοσίαν
1217 1303 1306 1359 καὶ
1350 1304 1453 1358 οὐκ
1492 1301 1570 1363 είς
1626 1299 1794 1356 καλὸν

171 1406 266 1462 τοῖς
318 1398 655 1472 συνωμόταις
710 1396 774 1452 τό
829 1394 989 1457 τέλος
1046 1393 1511 1469 ἑπενεχθήσεται,
1572 1387 1795 1464 ἄραντες

1895 591 2002 647 ciis
2035 591 2182 647 male
2212 594 2543 653 cessuram,
2568 591 2822 647 universi
2855 593 2912 647 in
2945 593 3404 666 Paphlagoniam
3436 596 3538 653 Ca-

1896 680 2335 746 stamonem(sic
2357 679 2762 752 appellabatur
2782 682 2993 737 domus
3010 683 3214 739 Isaacii
3240 688 3536 761 Comneni)

1898 787 1959 825 se
1990 772 2343 837 conferunt;
2387 785 2638 840 cumque
2671 770 2862 840 ipsum
2893 788 3128 843 quoque
3156 774 3349 831 adhuc
3373 777 3545 848 quie-

1898 865 2157 915 scentem
2191 858 2713 927 deprehenderent,
2748 860 3001 915 excitant
3033 861 3117 916 vel
3142 862 3414 935 invitum,
3473 884 3540 923 ac

1899 965 2029 1002 cum
2065 965 2131 1002 eo
2164 948 2404 1001 veniunt
2434 947 2502 1002 ad
2537 947 2813 1012 Gunaria,
2847 951 2943 1021 qui
2985 957 3074 1004 est
3133 951 3294 1008 locus
3327 953 3537 1025 planus

1900 1043 2076 1107 atque
2107 1036 2361 1107 amplus.
2396 1036 2473 1090 Eo
2495 1037 2825 1091 convocatis
2855 1038 2955 1108 qui
2992 1038 3047 1093 in
3105 1040 3321 1096 vicinia
3377 1049 3543 1099 erant

1901 1126 2055 1181 B28
2091 1125 2582 1189 militibus,etiam
2614 1131 2819 1196 sponto
2849 1142 2955 1181 sua
2980 1129 3181 1185 multis
3212 1148 3277 1186 eo
3308 1134 3542 1203 cognito

1903 1231 1994 1268 res
2028 1230 2206 1268 novas
2238 1212 2441 1285 agitari
2475 1213 2931 1285 conﬂuentibus,
2968 1217 3227 1272 omnium
3253 1236 3539 1277 consensu

1904 1302 2187 1358 Isaacium
2213 1304 2573 1356 Comnenum
2611 1301 3021 1372 imperatorem
3056 1308 3335 1374 salutant,
3367 1310 3459 1366 die
3513 1312 3547 1366 8

1903 1390 2059 1445 ludii
2094 1390 2335 1454 mensis,
2361 1388 2681 1445 indictione
2710 1390 2793 1456 l0,
2828 1407 2981 1446 anno
3006 1394 3209 1449 mundi
3239 1397 3401 1453 6565.

176 1492 370 1550 ἅπαντες
399 1489 734 1562 ἀπέρχονται
766 1484 818 1540 ἐν
852 1481 1208 1559 Παφλαγονίᾳ
1234 1481 1370 1536 κατά
1395 1481 1496 1550 τήν
1531 1479 1878 1551 Κασταμόνα·
1914 1480 2066 1539 οἶκος
2098 1475 2155 1531 δὲ
2201 1480 2237 1547 ἡ
2284 1477 2586 1549 Κασταμὼν
2637 1482 2735 1532 τοῦ
2784 1479 3054 1535 Ἰσαακίου
3108 1482 3404 1557 μαγῖστρου
3452 1491 3548 1540 τοῦ

174 1579 458 1649 Κομνηνοῦ.
496 1568 896 1634 Καταλαϐόντες
926 1569 984 1626 δὲ
1010 1571 1098 1625 καὶ
1130 1569 1290 1625 αὐτὸν
1323 1570 1635 1643 ἠρεμοῦντα
1668 1564 1744 1621 ἔτι
1777 1566 2024 1620 ἀνιστῶστ
2057 1565 2147 1619 καὶ
2179 1566 2397 1631 ἄκοντα,
2430 1565 2518 1618 καὶ
2556 1563 2809 1641 ἔρχονται
2866 1573 2983 1640 μετ’
3030 1567 3195 1624 αὐτοῦ
3246 1572 3381 1627 κατά
3431 1595 3550 1629 τινα

173 1667 313 1719 τύπον
336 1663 545 1737 ὁμαλὸν
573 1661 661 1717 καὶ
694 1659 905 1722 πλάτος
936 1656 1119 1714 ἱκανδν
1140 1653 1359 1733 ἔχοντα’
1397 1657 1656 1729 Γουνάρια
1687 1656 1714 1708 6
1744 1653 1911 1717 τόπος
1939 1654 2389 1725 κατονομάζεται.
2425 1653 2650 1709 Κάκεῖσε
2696 1654 2824 1716 τοὺς
2874 1655 3312 1734 πλησιοχώρους
3361 1660 3550 1738 ἀθροί..

174 1774 328 1815 σαντες
359 1750 714 1827 στρατιώτας,
744 1750 833 1804 καὶ
864 1746 989 1809 τοὺς
1023 1745 1139 1801 ὅσοι
1169 1745 1474 1817 πυθόμενοε
1501 1745 1601 1813 τήν
1632 1742 1845 1809 κίνησιν
1877 1741 2149 1796 ἐθελονταὶ
2184 1739 2567 1815 παρεγένοντο,
2604 1744 2737 1815 μετᾶ
2767 1743 2980 1797 πάντων
3036 1745 3209 1801 αὐτῶν
3263 1748 3550 1825 ἀναγοριῦ-

174 1863 271 1896 ουσι
297 1846 483 1897 τοῦτον
516 1838 887 1913 αὒτοκράτορα
920 1837 1145 1911 βασιλέα
1172 1832 1485 1908 Ῥωμαίων,
1514 1829 1717 1908 ὀγδόην
1747 1828 1968 1908 ἄγοντος
2007 1830 2131 1885 τότε
2176 1833 2274 1884 τοῦ
2325 1830 2553 1884 Ἰουνίου
2605 1831 2797 1903 μηνὸς,
2847 1839 2947 1902 τῆς
3004 1835 3034 1887 ι’
3062 1832 3395 1893 ἷνδικτιῶνος
3451 1844 3549 1895 τοῦ

172 1933 303 2009 ’ςφξί
331 1930 503 1992 ἔτους.

228 2055 626 2132 Ἀναγορευθεὶς
669 2050 727 2109 δὲ
782 2050 1062 2129 βασιλεὺς,
1122 2044 1531 2124 στρατοπεδείαν
1593 2045 1800 2121 ὀχυρὰν
1833 2051 1881 2114 Β

174 2145 473 2218 πηξάμενος,
524 2144 823 2218 προσέμενε
868 2146 947 2212 τῷ
986 2136 1164 2212 τόπῳ.
1196 2134 1563 2212 ἰκὸεχόμενος
1612 2135 1795 2211 ἀθροιο

174 2241 340 2304 σθῆναι
394 2233 487 2289 καὶ
543 2232 669 2293 τοὺς
736 2229 992 2296 λοιποὺς,
1042 2228 1234 2283 ὀπόσοι
1303 2227 1670 2301 μετεσχήκασι
1698 2230 1801 2292 τῆς

176 2324 514 2396 συνωμοσίας.
561 2319 734 2376 Πλὲον
781 2317 839 2374 δὲ
886 2317 1047 2373 αὐτὸν
1096 2321 1377 2390 καρτερεῖν
1411 2314 1655 2377 ἀνέπειθε
1711 2312 1800 2367 καὶ

180 2415 245 2483 μή
312 2408 740 2486 προεξάλλεσθαι
820 2410 855 2478 ἡ
924 2412 1020 2461 τοῦ
1093 2404 1445 2478 Κεκιυμὲνου
1506 2399 1797 2478 βραδύτης·

182 2499 615 2572 διασκοπουμένῳ
682 2498 786 2573 γὰρ
857 2497 1009 2569 αὐτῷ
1064 2494 1154 2550 καὶ
1201 2494 1264 2548 τὸ
1316 2491 1489 2548 α’ίτιον
1550 2494 1802 2561 ζητοῦντι

175 2598 261 2660 τῆς
316 2587 649 2667 βραδυτῆτος
708 2585 940 2661 ἄγγελός
991 2607 1075 2646 τις
1124 2583 1183 2638 ἐκ
1237 2589 1338 2652 τῆς
1397 2580 1569 2667 Ἐῲας
1626 2577 1801 2667 ἐλθὼν

177 2663 479 2753 ἀπήγγειλεν
513 2676 590 2736 ὡς
624 2671 1025 2747 μεταμεληθεὶς
1057 2669 1257 2730 ἐκεῖνος
1288 2670 1395 2723 τῶν
1437 2687 1496 2721 τε
1540 2663 1801 2753 δοθὲντων

176 2752 336 2838 ὅρκων
391 2763 638 2840 ἡλόγησε
688 2762 779 2816 καὶ
834 2765 902 2815 τα
962 2756 1238 2835 βασιλέως
1278 2761 1469 2832 φρονεῖ
1522 2754 1611 2810 καὶ
1671 2752 1803 2809 λαὸν

176 2855 396 2928 ἀθροιζει
455 2853 538 2927 ἐφ’
588 2852 634 2925 ᾦ
689 2855 807 2912 τοῖς
864 2848 1203 2921 ἀνταίρουςιν
1254 2845 1625 2916 ἐπιθήσεσθαι.
1658 2841 1805 2912 Αὕτη

174 2941 222 2998 δὲ
273 2948 307 3014 ὴ
367 2940 600 3019 ἀγγελία
658 2940 761 2994 οὐκ
816 2959 892 3000 εις
953 2936 1147 3010 μικρὰν
1180 2933 1414 3010 ἀγωνίαν
1442 2933 1534 2988 καὶ
1557 2933 1807 3019 ταραχήν

176 3028 378 3088 ἐνέϐαλε
418 3017 552 3092 τοῦς
603 3029 728 3105 περὶ
785 3028 877 3082 τὸν
934 3026 1241 3099 Κομνηνὸν,
1275 3022 1322 3078 εί
1358 3020 1614 3097 μέλλοιεν
1674 3017 1804 3091 ἕξειν

172 3126 406 3176 τοιοῦτον
470 3120 669 3196 ἐχθρὸν
726 3116 862 3172 κατά
917 3115 1141 3170 νώτων*
1197 3110 1280 3167 διὸ
1344 3111 1431 3166 καὶ
1490 3110 1808 3185 ἐκαρτέρουν

178 3210 220 3263 ἐν
273 3216 353 3283 τῷ
404 3210 604 3285 χάρακι
687 3211 877 3280 μαθεῖν
951 3206 1053 3273 τὴν
1110 3201 1368 3272 ἀλήθειαν
1425 3199 1813 3276 ὀριγνώμενοι.

179 3298 323 3355 Ἀλλ’
381 3300 435 3353 οἱ
468 3299 564 3370 μὲν
593 3296 725 3364 ἦσαν
759 3294 813 3349 ἐν
839 3293 1074 3359 τούτοις,
1127 3292 1156 3346 6
1187 3288 1245 3345 δὲ
1276 3288 1611 3362 Κεκαυμὲνος
1641 3287 1818 3362 εμεινε

177 3390 265 3457 τὴν
346 3387 548 3442 οἰκείαν
625 3385 854 3459 γνώμην
932 3380 1217 3459 φυλάττων
1289 3384 1405 3441 τοῖς
1479 3378 1818 3451 συνωμόταις

179 3476 355 3553 ἐπεῖχε
409 3474 468 3531 δὶ
527 3475 716 3530 ἑαυτὸν
772 3473 865 3527 καὶ
925 3466 1180 3546 ἐϐράδυνε
1211 3466 1299 3523 ὃιά
1327 3467 1582 3538 τοιαύτην
1615 3466 1815 3525 αἲτίαν.

181 3567 299 3622 Ὀτε
352 3572 457 3634 τῆς
520 3559 804 3638 βασιλίδος
883 3559 1115 3631 ἑξελθὼν
1173 3556 1450 3613 ἀπενόστει
1504 3554 1586 3611 ἐπ’
1644 3554 1818 3628 οἷ’κου,

179 3655 458 3729 γενόμενος
498 3655 553 3708 ἐν
606 3648 947 3724 Νικομηδείᾳ
973 3648 1064 3704 καὶ
1093 3644 1432 3723 ταχυδρόμῳ
1488 3649 1821 3717 συναντήσας

184 3740 449 3815 βασιλικῷ
508 3740 702 3814 μηνύει
758 3736 830 3794 δι’
886 3738 1054 3792 αὐτοῦ
1082 3741 1162 3809 τῷ
1194 3733 1460 3811 λογοθὲτῃ
1484 3739 1581 3789 τοῦ
1612 3732 1822 3811 δρόμου

183 3834 382 3902 Νικήτᾳ
427 3834 506 3901 τῷ
546 3826 836 3903 Ξυλινίτῃ,
899 3824 971 3881 δι’
1021 3826 1237 3903 ἀφελῶν
1297 3825 1387 3878 καὶ
1419 3827 1819 3899 στρατιωτικῶν

184 3918 458 3991 ῥημάτων·
519 3942 547 3968 «ι
605 3919 695 3978 Ὧς
755 3912 895 3983 οἶδα,
956 3915 1001 3968 ὧ
1058 3910 1278 3991 ἀδελφὶ,
1331 3912 1481 3974 ὁσὸς
1514 3912 1706 3987 κύριος
1734 3912 1823 3967 καὶ

185 4006 434 4079 βασιλεὺς
475 4006 602 4081 παρ’
658 4002 811 4060 οὐδὲν
862 4002 1228 4078 λογισάμενος
1272 4001 1364 4055 τὸν
1406 4002 1703 4073 Κομνηνὸν
1733 4001 1825 4056 καὶ

184 4094 291 4166 ἐμὲ,
340 4097 430 4151 καὶ
481 4095 577 4157 τὰς
610 4091 822 4163 δεήσεις
866 4094 1028 4164 ἡμῶν
1089 4091 1578 4164 ἀποπεμψάμενος,
1611 4089 1823 4163 ἀτίμως

186 4183 267 4238 ἐπ’
318 4186 477 4240 οὛκου
526 4183 866 4255 ἀπάπεμψεν.
921 4176 1079 4237 Ἀλλ’
1138 4177 1246 4243 ἴσθι
1297 4177 1378 4233 ὅτι
1410 4179 1574 4251 ἡμεῖς
1605 4178 1826 4251 ἄπιμεν,

187 4274 236 4326 Ὀ
293 4271 351 4330 δὲ
407 4270 522 4347 ἅμα
575 4272 683 4342 soi,
715 4269 763 4326 εἴ
796 4269 1159 4344 ἀπαρὲσκεσθε
1204 4272 1273 4342 τῇ
1323 4267 1566 4343 ἡμετέρᾳ
1597 4267 1827 4343 ὑποχω-

188 4365 358 4438 ρήσει,
412 4359 746 4435 ὖποστρὲψαι
804 4359 891 4414 καὶ
941 4356 1169 4419 ἄκοντας
1219 4356 1294 4419 εῗς
1351 4355 1600 4411 τούπίσω
1651 4377 1829 4433 παρα-

186 4453 490 4512 σκευάσατε,
541 4447 957 4510 ἀποστείλαντες
1009 4443 1235 4520 δύναμιν
1268 4488 1281 4505 .
1345 4446 1448 4501 Καὶ
1507 4449 1673 4500 ταῦτα
1735 4446 1827 4520 μὶν

188 4540 345 4594 εἰπὼν
422 4543 503 4610 τῷ
579 4534 918 4613 ταχυδρόμῳ
983 4541 1085 4604 τῆς
1151 4533 1375 4609 πορείας
1443 4533 1831 4608 συντονώτερον

189 4628 385 4703 ἔχετο·
446 4623 635 4692 ἐπειδή
696 4622 754 4679 δὲ
810 4620 995 4678 οἷ’καδε
1050 4620 1262 4698 γὲνοιτο
1312 4621 1401 4676 καὶ
1460 4622 1487 4677 6
1549 4622 1836 4695 Κομνηνὸς

186 4719 379 4788 ἠρέμει
458 4716 532 4776 ὡς
588 4715 736 4789 τάχα
799 4709 965 4785 μηδὲν
1029 4709 1273 4785 μετέχων
1340 4713 1436 4765 τοῦ
1490 4709 1647 4786 ἔργου
1682 4754 1696 4782 ,
1756 4710 1834 4775 εἷς

1990 2047 2312 2118 Imperator
2339 2049 2571 2102 creatus
2624 2048 2830 2102 castris
2876 2050 3256 2108 communitis
3312 2069 3379 2111 eo
3425 2034 3552 2112 loco

1909 2135 2256 2208 permansit,
2291 2133 2649 2206 reliquorum
2682 2137 2855 2193 etiam
2882 2139 3305 2209 conjurationis
3367 2160 3552 2217 popu-

1908 2224 2119 2280 larium
2151 2230 2494 2295 exspectans
2525 2225 2957 2285 adventum.Ne
2988 2235 3183 2285 autem
3215 2231 3392 2289 citius
3421 2251 3555 2305 pro-

1911 2313 2119 2380 siliret,
2153 2314 2252 2369 sed
2288 2329 2512 2368 moram
2546 2313 2846 2385 perferret,
2868 2319 3118 2374 maxime
3148 2335 3281 2376 eum
3308 2323 3556 2380 tarditas

1910 2402 2178 2457 Ambusti
2214 2401 2410 2457 movit.
2446 2401 2626 2472 Cujus
2657 2403 2728 2458 de
2757 2420 2934 2461 causa
2965 2423 3095 2462 cum
3128 2424 3328 2464 secum
3359 2410 3557 2482 dispu-

1911 2495 2084 2558 taret,
2118 2490 2275 2544 venit
2304 2490 2543 2560 quidam
2565 2508 2635 2545 ex
2670 2490 2904 2548 Oriente
2964 2496 3231 2565 nuntius,
3292 2498 3560 2556 indicans

1913 2595 2047 2634 eum
2086 2584 2309 2634 mutata
2332 2579 2624 2634 sententia
2650 2581 3116 2651 etjurejurando
3142 2590 3359 2656 spreto,
3410 2592 3564 2645 stra-

1914 2667 2098 2722 tiotici
2133 2668 2307 2723 rebus
2337 2668 2594 2735 studere,
2628 2670 3062 2742 exercitumque
3105 2677 3452 2733 contrahere
3494 2680 3562 2734 ad

1918 2755 2327 2811 debellandum
2360 2755 2744 2814 adversarios.
2772 2758 2901 2814 Haec
2933 2777 3024 2816 res
3056 2779 3171 2817 non
3203 2762 3385 2821 levem
3452 2767 3567 2823 sol-

1920 2842 2284 2899 licitudinem
2310 2847 3006 2921 atqueperturbationem
3030 2850 3229 2907 attulit
3250 2853 3568 2923 Comneno,

1920 2933 2098 2988 talem
2130 2933 2354 2989 hostem
2388 2952 2423 2989 a
2448 2939 2608 3007 tergo
2639 2935 2854 2995 habere
2885 2937 3235 3011 intelligenti
3265 2944 3385 2998 fore
3416 2946 3568 3016 peri-

1924 3021 2388 3078 culosissimum.
2423 3026 2625 3095 Itaque
2664 3041 2727 3080 se
2783 3027 2994 3082 castris
3049 3028 3365 3101 continuit,
3419 3036 3561 3088 dum

1924 3112 2061 3166 certi
2095 3111 2317 3183 aliquid
2350 3119 2746 3185 cognosceret.
2780 3116 3061 3172 Caeterum
3095 3119 3562 3189 Ambusto,tam-

1924 3200 2033 3253 etsi
2058 3201 2115 3257 in
2139 3203 2340 3258 eadem
2383 3205 2674 3258 sententia
2709 3206 3027 3275 perstabat,
3049 3223 3230 3263 causa
3250 3212 3565 3267 cunctandi

1928 3295 2051 3350 hac
2083 3292 2340 3358 fuitQuo
2373 3298 2630 3364 tempore
2662 3295 2931 3365 Byzantio
2964 3296 3204 3352 domum
3238 3299 3569 3369 proficisce-

1928 3385 2122 3446 batur,
2155 3381 2499 3437 Nicomedise
2535 3381 2588 3435 in
2621 3399 2917 3439 cursorem
2941 3384 3381 3458 imperatorium
3430 3390 3572 3446 inci-

1932 3474 2113 3536 derat,
2147 3476 2323 3541 atque
2379 3469 2537 3525 hunc
2594 3470 2803 3526 Nicetes
2849 3472 3117 3543 Xylinitaa
3175 3475 3365 3532 dromi
3416 3476 3574 3550 logo-

1926 3561 2102 3616 theta:
2132 3557 2498 3630 simplicibus
2527 3575 2594 3615 ac
2626 3559 2981 3617 militaribus
3008 3564 3196 3619 verbis
3227 3564 3349 3620 haec
3372 3568 3575 3637 jusse-

1932 3656 2022 3705 rat
2052 3649 2345 3703 indicare:
2386 3670 2412 3695 α
2460 3649 2750 3712 Quantum
2805 3650 2989 3719 video,
3046 3651 3243 3722 frater,
3294 3655 3573 3713 dominus

1932 3744 2073 3795 tuus
2101 3739 2415 3809 imperator
2443 3743 2801 3792 Comnenum
2836 3743 2892 3793 et
2925 3755 3016 3793 me
3047 3756 3150 3810 pro
3182 3740 3364 3797 nihilo
3412 3747 3580 3815 puta-

1935 3828 2031 3895 vit,
2089 3828 2244 3882 824
2300 3827 2637 3897 nostrisque
2689 3825 3072 3895 petitionibus
3155 3832 3577 3889 contumeliose

1935 3916 2165 3985 rejectis
2195 3915 2436 3969 domum
2468 3931 2573 3969 nos
2607 3913 2849 3969 dimisit.
2886 3915 3041 3971 Scito
3072 3933 3207 3989 ergo
3242 3935 3349 3974 nos
3396 3920 3579 3976 abire.

1938 4004 2038 4060 Ille
2067 4011 2259 4059 autem
2292 4007 2350 4057 et
2380 4002 2531 4071 tu,si
2556 4003 2900 4075 improbatis
2924 4011 3191 4061 nostrum
3223 4006 3580 4079 discessum,

1939 4110 2046 4149 nos
2078 4093 2275 4147 missis
2299 4092 2484 4163 coPiis
2512 4092 2599 4146 vel
2634 4091 2847 4149 invitos
2879 4094 3180 4150 retrahite.
3212 4118 3241 4145 »
3280 4098 3407 4152 Hec
3446 4114 3582 4154 eum

1937 4182 2180 4237 dixisset
2222 4179 2542 4250 tabellario,
2603 4182 2714 4236 iter
2760 4182 3097 4238 institutum
3149 4184 3433 4243 intentius
3491 4192 3584 4243 est

1940 4274 2304 4343 prosecutus.
2341 4274 2659 4341 Postquam
2692 4271 2932 4326 domum
2966 4271 3123 4327 venit
3142 4280 3200 4328 et
3221 4273 3583 4332 Comnenum

1939 4362 2239 4433 quiescere
2268 4360 2474 4424 sensit,
2506 4360 2745 4431 perinde
2776 4378 2842 4416 ac
2876 4360 2926 4416 si
2984 4361 3131 4417 nihil
3188 4363 3239 4417 ei
3293 4381 3427 4421 cum
3478 4366 3588 4423 hoc

1943 4448 2172 4521 negotio
2205 4449 2285 4503 rei
2308 4453 2484 4516 esset,
2515 4449 2670 4504 haud
2713 4448 2918 4505 leviter
2974 4450 3158 4507 vereri
3208 4468 3275 4507 ac
3330 4458 3591 4511 metuere

1942 4537 2117 4609 ccepit
2141 4554 2210 4593 ne
2258 4541 2591 4594 Comuenus
2648 4544 2706 4594 et
2755 4538 2965 4610 reliqui
3025 4546 3252 4597 mutata
3299 4544 3593 4600 sententia

1944 4626 2178 4681 silentio
2211 4625 2579 4697 supprimere
2609 4626 2823 4682 vellent
2871 4630 3359 4699 conjurationem,
3393 4632 3591 4703 itaque

1942 4716 2069 4788 ipse
2100 4714 2260 4770 solus
2291 4715 2635 4771 defectionis
2659 4733 2858 4785 poenas
2880 4716 3158 4784 lueret,ut
3183 4720 3283 4790 qui
3310 4736 3373 4776 se
3393 4720 3589 4791 ipsum

191 4802 456 4881 ὄρῥωδίαν
535 4802 789 4857 ἐνέπιπτε
823 4842 836 4868 ,
911 4799 1001 4853 καὶ
1082 4795 1308 4871 δείματα
1364 4784 1526 4852 αὐτὸν
1565 4784 1816 4874 Ὕὲτάραττη

1938 4784 2065 4876 jam
2099 4803 2209 4859 isto
2239 4804 2310 4858 ad
2347 4784 2702 4875 logothetam
2732 4805 3010 4861 mandato
3054 4784 3431 4877 prodidisset:
3478 4810 3591 4863 ita-

190 4890 398 4947 δεδιότα
452 4893 529 4965 μή
587 4911 707 4952 πως
739 4890 768 4943 6
826 4888 1106 4960 Κομνηνὸς
1134 4886 1224 4941 καὶ
1256 4887 1307 4941 oi
1362 4888 1462 4955 τῆς
1493 4888 1836 4959 συνωμοσίας

193 4984 421 5057 μέτοχοι
476 4981 662 5053 ἒτέρου
732 4977 1019 5054 γενόμενοι
1078 4980 1285 5030 σκοποῦ
1342 4978 1468 5050 σιγῇ
1520 4973 1839 5050 βουληθῶσι

190 5068 428 5144 καλύψαι
486 5069 586 5137 τὴν
637 5061 963 5134 ἐπιϐουλήν,
1016 5064 1107 5120 καὶ
1170 5064 1337 5137 μόνος
1395 5063 1555 5126 αὐτὸς
1612 5064 1839 5128 εὐθύνας

191 5159 489 5231 κομίσηται
534 5164 637 5226 τῆς
698 5154 1030 5214 ἀποστασίας
1079 5153 1154 5214 ὡς
1181 5149 1290 5223 ἤδη
1345 5156 1624 5231 καταφανῆ
1655 5154 1842 5209 ἑαυτὸν

192 5249 296 5310 θεὶς
348 5246 441 5302 διὰ
487 5250 584 5301 τοῦ
640 5243 980 5318 μηνύματος.
1016 5241 1113 5296 Καὶ
1174 5240 1459 5296 ἐσκέπτετο
1488 5242 1578 5296 καὶ
1611 5241 1841 5316 ἐμελέτα

191 5341 304 5399 πῶς
383 5336 472 5391 καὶ
547 5334 670 5390 τίνα
736 5331 937 5407 τρόπον
1013 5331 1187 5401 ἑαυτῷ
1254 5332 1667 5405 περιποιήσεται
1741 5334 1839 5403 τήν

189 5427 507 5506 ἀσφάλειαν
585 5428 670 5500 [Ρ.
712 5425 842 5496 799]
909 5418 1032 5477 οὕτε
1087 5422 1190 5497 γὰρ
1246 5418 1473 5494 δύναμιν
1540 5442 1844 5500 προηυτρι-

191 5520 457 5590 πισμένην
518 5517 687 5591 εἶχεν,
755 5511 880 5567 οὔτε
920 5514 955 5581 ἠ
1000 5514 1278 5587 προσοῦσα
1306 5511 1465 5581 ἱκανή
1498 5509 1672 5567 ἐδόκει
1706 5514 1846 5570 ἀντι-

192 5606 623 5677 παρατάττεσθαι
693 5599 911 5678 βασιλεῖ
956 5599 1261 5673 Ῥωμαίων,
1318 5599 1382 5653 τὸ
1437 5598 1603 5655 πλὲον
1664 5599 1710 5657 δ’
1760 5588 1844 5658 ’ὅτι

196 5692 333 5767 μηδὶ
394 5690 930 5766 κοινολογησάμενος
959 5695 1077 5751 τοῖς
1129 5687 1452 5765 ἐπιχωρίοις
1511 5690 1846 5767 στρατεύμα.

1951 4910 2065 4965 que
2097 4891 2608 4963 circumspiciebat
2628 4910 2695 4948 ac
2729 4895 3392 4966 mcditabaturquonam
3418 4897 3591 4951 modo

1950 4999 2012 5038 se
2049 4984 2243 5055 ipsum
2274 4988 2470 5037 tutum
2503 4983 2786 5038 redderet.
2820 4982 2962 5038 Nam
2989 5001 3176 5055 neque
3200 4991 3467 5055 paratum
3489 4984 3591 5041 ha-

1951 5076 2123 5131 bebat
2153 5073 2510 5141 exercitum;
2545 5079 2603 5128 et
2632 5089 2780 5144 quos
2813 5089 3017 5129 secum
3042 5075 3316 5141 habebat,
3351 5092 3465 5132 non
3517 5077 3595 5131 vi-

1950 5163 2239 5219 debantur
2266 5161 2535 5217 eul‘licere
2556 5164 2626 5216 ad
2679 5161 2897 5217 bellum
2942 5170 3144 5218 contra
3186 5162 3594 5234 imperatorem

1952 5253 2295 5323 gerendum,
2329 5250 2577 5304 maxime
2610 5251 2764 5321 quod
2797 5268 2928 5307 cum
2961 5251 3313 5307 exercitibus
3344 5252 3594 5308 istarum

1954 5340 2257 5412 regionum
2291 5339 2547 5395 nondum
2581 5338 2906 5395 collocutus
2928 5339 3331 5413 fuerat,neque
3358 5347 3594 5399 consta-

1956 5430 2054 5485 bat
2077 5434 2269 5483 utrum
2299 5426 2351 5483 ei
2381 5443 2443 5482 se
2475 5426 2559 5482 illi
2591 5434 2791 5483 essent
2819 5428 3037 5484 daturi.
3098 5429 3419 5502 Eapropter
3474 5448 3598 5488 ces-

1954 5519 2143 5583 sabat,
2177 5523 2234 5571 et
2265 5517 2336 5572 iis
2366 5516 2464 5589 qui
2516 5533 2627 5570 non
2660 5519 2805 5571 satis
2836 5516 3082 5573 consilia
3104 5518 3292 5588 ipsius
3321 5536 3598 5593 asseque-

1957 5607 2189 5671 bantur,
2220 5606 2587 5678 tergiversari
2623 5606 2947 5661 videbatur.
2998 5606 3067 5662 Et
3116 5613 3282 5664 erant
3324 5610 3397 5667 iis
3453 5610 3600 5669 locis

1954 5696 2013 5751 in
2047 5694 2309 5752 hibernis
2348 5697 2475 5751 dum
2532 5694 2822 5754 Francicam
2863 5696 3121 5771 legiones
3176 5715 3242 5757 ac
3299 5716 3417 5757 una
3459 5701 3600 5761 Ros-
