4060 6344
529 407 645 465 355

1864 404 2181 464 GEUBGII
2227 404 2563 466 CEDRENI

3811 419 3931 478 356

524 541 648 596 sica
681 501 781 596 :de
813 537 1026 610 quibus
1057 552 1269 608 magna
1300 553 1434 591 eum
1463 537 1695 591 tenebat
1727 535 2120 600 sollicitudo,n

2230 571 2245 602 ι
2277 556 2359 588 σιν
2393 537 2483 607 ἦν,
2539 534 2680 610 μηδὲ
2726 535 3108 614 πληροφορίαν
3158 538 3410 616 ἐσχηκὼς
3443 543 3488 597 εἰ
3520 542 3925 620 προσδεχθήσε-

522 630 595 685 iis
629 627 958 700 conjuratio
1007 625 1302 679 suboleret
1341 625 1412 680 ab
1459 626 1648 696 iisque
1707 624 2165 697 comprehensus

521 717 856 789 imperatori
890 715 1245 770 mitteretur.
1279 715 1407 769 Haec
1439 732 1574 787 ergo
1607 715 1802 770 omnia
1839 717 2161 769 Ambustus

523 811 811 877 metuens,
845 801 1131 876 tantisper
1187 806 1324 858 dum
1390 821 1449 859 se
1505 805 1560 859 in
1613 810 1735 860 tuto
1795 805 2162 874 collocasset,

521 899 797 954 625mm
827 894 1284 952 difi‘erebatJam
1317 900 1511 949 autem
1572 895 1864 964 negotium
1925 911 2158 967 aggres-

521 1006 696 1044 suras
735 987 922 1058 primo
954 985 1216 1040 omnium
1249 985 1744 1056 conspirationem
1780 985 2016 1040 famulis
2065 1003 2157 1040 co-

517 1079 826 1148 gnatisque
857 1074 980 1129 suis
1012 1074 1229 1144 detegit
1255 1090 1267 1140 ;
1290 1075 1489 1143 etjam
1512 1074 1744 1144 agnime
1768 1075 2021 1130 virorum
2054 1075 2158 1129 cir-

515 1167 660 1221 citer
692 1162 851 1218 mille
877 1161 1146 1233 stipatus,
1188 1160 1393 1215 exinde
1434 1161 1608 1214 etiam
1667 1179 1869 1216 eorum
1930 1162 2158 1217 animos

511 1253 722 1322 quibus
774 1252 972 1305 minus
1023 1255 1177 1304 certo
1225 1248 1441 1302 ﬁdebat
1501 1249 1760 1314 tentavit,
1794 1250 2152 1321 lsingulatim

511 1341 795 1413 principio
829 1337 1142 1393 nobiliores
1175 1337 1302 1405 ejus
1361 1335 1471 1391 loci
1530 1337 1886 1406 periclitans,
1948 1338 2156 1393 deinde

514 1429 795 1503 paulatim
870 1427 1134 1480 fortiores
1181 1441 1247 1479 ac
1308 1424 1723 1481 bellicosiores.
1789 1427 2011 1491 Quibus
2100 1428 2157 1481 in

512 1535 678 1574 suam
714 1515 1065 1572 sententiam
1101 1516 1426 1585 pertractis,
1460 1521 1662 1584 postea
1690 1515 2149 1581 ,multitudinem

474 1655 480 1662 .
511 1624 741 1679 quoque
773 1605 881 1660 sibi
905 1603 1215 1659 conciliare
1247 1619 1561 1673 aggressus
1597 1609 1703 1659 est.
1740 1605 1965 1658 Etenim
1995 1605 2147 1660 litte-

507 1715 602 1752 ras
627 1696 790 1750 ﬁnxit
820 1695 1035 1764 quibus
1065 1693 1136 1746 ab
1170 1691 1517 1762 imperatore
1539 1693 1870 1763 juberetur,
1895 1695 2148 1765 acceptis

504 1787 694 1840 tribus
723 1784 1010 1838 sociorum
1047 1787 1102 1837 et
1134 1782 1362 1835 duabus
1385 1781 1833 1851 ;Coloniensium
1868 1800 1932 1837 ac
1980 1784 2145 1838 Chal—

2272 645 2381 680 ται.
2450 627 2548 681 Καὶ
2619 624 2709 681 διὰ
2774 632 2936 682 τοῦτο
3005 626 3183 704 ἤργει,
3229 631 3318 684 καὶ
3377 630 3692 697 ἀναδύεσθαι
3753 633 3926 690 ἒδὸκει

2205 707 2209 714 ’
2272 711 2390 776 τοῖς
2438 713 2528 787 ’μὴ
2569 714 2752 777 καλῶς
2782 715 3205 791 ἐσοοχασμένοις
3235 720 3340 774 τῶν
3375 723 3491 775 κατ’
3523 723 3698 777 αὐτόν·
3760 727 3923 781 Ἔτυ-

2273 805 2506 879 χονιγαρ
2536 808 2616 875 τῷ
2657 803 2781 859 τότε
2809 810 2983 879 καιρῷ
3031 803 3126 860 δύο
3181 807 3434 882 τάγματα
3493 814 3776 888 Φραγγικὰ
3832 816 3920 869 καὶ

2269 892 2527 947 Ῥωσικὸν
2576 890 2631 947 ’ἐν
2692 893 3128 970 ἐπιχωριάζοντα
3147 901 3225 968 τῷ
3271 897 3427 970 τόπῳ
3483 901 3617 974 πρὸς
3652 924 3915 978 παράγει-

2275 980 2490 1053 μασίαν·
2541 983 2683 1057 περὶ,
2719 981 2790 1035 ὧν
2851 982 3019 1038 πλέον
3075 984 3400 1062 ἐφρόντιζεν,
3453 986 3546 1043 ’ίνα
3607 993 3682 1062 μὴ
3735 1012 3916 1046 συναιο

2269 1072 2511 1140 σθήσεως
2542 1070 2840 1145 γενομένης
2874 1069 3207 1150 συλληφθεὶς
3241 1075 3328 1128 ὑπ’
3360 1074 3533 1130 αὐτῶν
3579 1077 3912 1158 ἐκπεμνξθειη

2264 1163 2342 1229 τῷ
2401 1158 2636 1234 βασιλεῖ.
2697 1165 2870 1216 Ταῦτα
2938 1162 3107 1216 πάντα
3163 1160 3420 1226 δεδοικὼς
3477 1164 3689 1242 ἐπεῖχεν
3752 1170 3911 1225 αὐτὸν

2269 1248 2464 1324 μέχρις
2514 1247 2572 1302 ἂν
2635 1247 2927 1323 ἀσφάλειαν
2980 1254 3405 1326 περιποιήσηται
3453 1255 3648 1328 ἑαυτῷ.
3677 1255 3821 1328 ἻΙδη
3857 1257 3914 1314 δὲ

2268 1335 2488 1409 μὲλλων
2569 1337 2887 1413 ἐπιχειρεῖν⁴
2933 1344 3014 1412 τῷ
3084 1338 3247 1416 ἔργῳ,
3324 1341 3417 1419 ’καὶ
3495 1330 3683 1399 ἑαυτοῦ
3753 1349 3910 1420 Θερά-

2263 1449 2420 1481 πουσι
2478 1427 2568 1481 καὶ
2626 1426 2898 1504 συγγενέσι
2954 1430 3216 1504 πρότερον
3274 1433 3372 1500 τὴν
3422 1427 3717 1502 ἐπιϐουλὴν
3780 1437 3879 1492 ἀνα

2261 1513 2557 1589 καλύψαςς·
2597 1516 2685 1570 καὶ
2744 1514 2852 1587 ἤδη
2914 1523 3076 1592 χεῖρα
3131 1519 3257 1595 περὶ
3315 1520 3475 1576 αὐτὸν
3509 1521 3911 1597 συστησάμενος

2259 1602 2466 1678 ἀνδρῶν
2517 1602 2742 1678 χιλίων,
2792 1604 2985 1660 λοιπὸν
3039 1607 3136 1678 καὶ,
3185 1612 3294 1662 τῶν
3347 1609 3408 1663 οὗ
3469 1601 3609 1664 πάνυ
3670 1608 3906 1686 βεϐαίων

2257 1693 2652 1768 ἀποπειρᾶσθαι
2705 1691 2947 1769 ἤρχετο,
3007 1697 3122 1749 καθ’
3176 1693 3266 1751 ἕνα
3323 1698 3416 1770 μὶν
3473 1699 3734 1773 πρότερον
3795 1709 3903 1757 τῶν

2255 1780 2662 1855 ἐπισημοτέρων
2722 1787 2819 1837 τοῦ
2869 1778 3040 1843 τόπου
3094 1783 3419 1858 ἁπτόμενος,
3457 1788 3566 1842 εἶτα
3617 1791 3702 1843 καὶ
3766 1794 3907 1846 κατὰ

502 1877 708 1929 dorum
737 1871 1086 1944 legionibus,
1119 1871 1399 1924 adversus
1431 1871 1790 1925 Samucbum
1825 1871 2112 1940 proficisci

2255 1873 2448 1945 μικρὸν
2496 1876 2601 1925 τῶν
2632 1873 3019 1946 γενναιοτέρων
3069 1875 3158 1927 καὶ
3188 1880 3297 1950 τῷν
3353 1880 3901 1952 στρατιωτικωτέρων

500 1967 614 2034 Has
659 1964 919 2035 quinque
978 1961 1230 2030 legiones
1271 1962 1328 2014 in
1378 1978 1650 2032 campum
1693 1964 1778 2038 ad
1837 1963 2140 2034 Nicopolin

497 2055 808 2111 convenire
835 2052 1033 2122 jussit,
1066 2059 1242 2122 atque
1275 2051 1381 2105 hac
1412 2060 1497 2106 esl
1532 2068 1676 2106 usus
1708 2052 1766 2105 in
1800 2052 1872 2107 iis
1904 2052 2014 2120 sibi
2038 2055 2138 2108 ob-

497 2143 855 2216 stringendis
887 2150 1030 2195 arte.
1077 2139 1338 2210 Singulis
1383 2141 1589 2194 diebus
1646 2140 1993 2195 adnumium
2037 2142 2138 2195 lin-

493 2252 638 2306 gens
668 2249 902 2290 summa
927 2247 1098 2285 mane
1128 2246 1306 2300 eques
1337 2231 1533 2284 exibat
1555 2249 1567 2297 ;
1589 2235 1655 2285 ac
1689 2230 1888 2300 procul
1915 2234 1986 2286 ab
2005 2231 2136 2287 aliis

492 2322 824 2378 subsistens
857 2319 1047 2390 primo
1081 2318 1286 2372 ducem
1320 2318 1388 2371 ad
1415 2334 1476 2372 se
1509 2319 1768 2382 vocabat,
1807 2319 1973 2389 eique
2028 2335 2134 2374 suo

489 2411 761 2466 instituto
791 2409 1049 2479 exposito
1076 2407 1418 2461 ostendebat
1448 2412 1548 2460 aut
1606 2407 1973 2462 moriendum
2033 2395 2134 2462 aut

487 2499 927 2554 assentiendum
962 2512 1109 2562 esse,
1148 2494 1359 2549 deinde
1391 2495 1738 2565 singulatim
1774 2495 2010 2551 ordines
2041 2513 2132 2552 eo-

485 2589 618 2642 dem
645 2587 817 2642 modo
849 2601 915 2640 ac
941 2584 1274 2639 conditione
1309 2601 1323 2649 ;
1357 2584 1671 2654 atquehoc
1713 2590 1880 2654 pacto
1924 2602 2127 2652 omnes

484 2677 659 2733 etiam
692 2677 907 2730 invitos
937 2677 1007 2729 ad
1041 2681 1476 2728 sacramentum
1510 2675 1822 2729 dicendum
1855 2675 1969 2730 sibi
2021 2677 2125 2730 ad-

482 2766 620 2836 egit.
655 2765 848 2819 Primo
875 2764 1168 2817 Romanas
1197 2761 1456 2833 legiones
1490 2763 1658 2830 duas,
1690 2762 1900 2817 deinde
1927 2764 2122 2818 dome-

483 2856 679 2920 sticas,
726 2858 924 2924 postea
973 2849 1147 2904 etiam
1204 2850 1555 2919 peregrinas.
1586 2851 1848 2904 tentavit.
1901 2851 2123 2914 Quibus

480 2943 628 3012 ipsis
660 2937 1087 3012 quoquefacile
1110 2937 1392 3008 perculsis
1418 2937 1878 3007 juramentoque
1905 2941 2116 2994 obstri-

477 3032 609 3092 ctis,
637 3031 759 3100 jam
797 3034 952 3082 metu
987 3043 1232 3088 vacuus,
1264 3025 1522 3080 collectis
1571 3026 1724 3081 626
1761 3027 2118 3094 Sebastenis,

475 3115 1172 3189 Melitenis,Tephricanis
1186 3114 1545 3186 reliquisque
1561 3115 1852 3170 Armeniis
1870 3117 2120 3172 ducibus

471 3229 536 3266 ac
572 3210 882 3274 militibus,
915 3208 1024 3261 iter
1045 3205 1491 3276 estingressus,
1525 3204 1732 3259 nuntio
1767 3206 1837 3260 ad
1871 3205 2116 3261 Comne-

473 3316 616 3353 num
650 3295 973 3367 praemisso,
1008 3311 1116 3348 sua
1140 3310 1201 3347 se
1232 3298 1386 3347 recte
1418 3293 1840 3364 composuisse,
1866 3295 2112 3365 jamque

470 3403 602 3442 cum
635 3384 843 3440 validis
873 3383 1058 3454 copiis
1087 3383 1423 3436 adventare.
1456 3382 1554 3436 llis
1596 3383 1813 3446 auditis
1866 3385 2108 3439 Comne-

469 3492 603 3538 nus,
638 3476 736 3546 qui
779 3475 1059 3528 hactenus
1091 3471 1337 3525 timidus
1370 3472 1558 3525 fuerat
1612 3478 1786 3542 atque
1845 3473 2108 3544 pavidus,

465 3565 728 3619 animum
759 3562 975 3632 recepit
1007 3563 1114 3615 hoc
1145 3560 1267 3614 viso
1300 3567 1505 3630 estque
1538 3562 1742 3616 factus
1792 3562 2068 3618 audacior
2093 3581 2135 3633 ετ

463 3657 779 3710 adventum
812 3659 1006 3707 tamen
1043 3650 1312 3708 Ambusti
1345 3652 1779 3722 exspectavith
1810 3652 1866 3706 in
1901 3654 2107 3711 itinere

466 3744 869 3798 Armeniacam
894 3741 1064 3796 etiam
1095 3739 1773 3811 legionem,quamquam
1794 3740 2104 3814 nolentem,

460 3836 548 3890 sui
576 3835 728 3903 juris
764 3834 916 3895 fecit,
954 3832 1264 3904 provinciae
1292 3831 1657 3902 principibus
1703 3833 1912 3903 partim
1951 3837 2104 3888 ultro

460 3940 518 3979 se
552 3923 601 3977 ei
635 3919 1333 3993 adjungentibus,partim
1364 3919 1470 3973 hoc
1504 3925 1568 3974 ut
1590 3920 1846 3975 facerent
1867 3922 2098 3979 coactis.

459 4018 649 4084 Atque
708 4011 1022 4066 itineribus
1070 4009 1298 4076 magnis
1347 4008 1418 4061 ad
1491 4011 1852 4063 Comnenum
1928 4012 2100 4066 venit.

456 4101 786 4156 Comnenus
813 4097 1010 4152 omnia
1053 4099 1178 4166 jam
1238 4112 1347 4149 sua
1391 4101 1554 4149 extra
1604 4096 1925 4165 periculum
1975 4117 2103 4155 esse

454 4189 768 4252 arbitrans,
795 4203 1031 4242 uxorem
1066 4191 1122 4240 et
1149 4186 1492 4239 thesaurum
1527 4183 1740 4238 Joanni
1779 4187 1940 4241 fratri
1996 4206 2102 4244 suo

453 4293 732 4348 germano
762 4273 1471 4342 tradit,Pemolissamque
1495 4274 1793 4334 amandat.
1827 4277 1978 4344 quod
2013 4284 2103 4334 est

455 4365 582 4433 rupi
617 4365 860 4418 insitum
897 4362 1200 4417 castellum
1228 4361 1295 4414 ad
1319 4361 1515 4430 ripam
1557 4359 1714 4414 llalis
1746 4361 1940 4416 Fuvii..
1979 4367 2100 4436 'pse

453 4469 584 4508 cum
621 4452 890 4507 universo
913 4449 1165 4505 exercitu
1225 4448 1572 4518 Sangarium
1623 4465 1853 4504 amnem
1906 4458 2098 4508 trans-

450 4557 710 4613 gressus,
739 4541 946 4596 faustis
979 4536 1500 4593 acclamationibus
1520 4542 1578 4590 et
1605 4537 2099 4606 gratulationibus

2251 1959 2723 2034 ἀποπειρώμενος.
2786 1962 2934 2019 Ἐπεί
2995 1958 3052 2016 δὲ
3109 1961 3351 2034 ἠδυνήθη
3381 1966 3517 2028 τέως
3548 1967 3673 2029 τοὺς
3704 1968 3865 2039 ἐπιση
3891 2005 3898 2009 -

2255 2049 2515 2124 μοτέρους
2563 2051 2696 2120 πρὸς
2746 2050 2931 2104 ἑαυτὸν
2982 2049 3395 2121 ἐπισπάσασθαι,
3441 2053 3634 2110 λοιπὸν
3693 2057 3898 2133 ἤρξατο

2246 2137 2335 2192 καὶ
2391 2142 2508 2200 τοῖς
2566 2136 2799 2208 πλήθεσι
2857 2139 3114 2215 παρέχειν
3174 2147 3385 2216 πεῖραν
3443 2145 3744 2220 γράμματα
3792 2149 3896 2224 γὰρ

2246 2226 2595 2300 πλασάμενος
2657 2227 2914 2303 βασιλικά
2971 2229 3044 2290 ὡς
3104 2227 3184 2300 εἶή
3247 2235 3711 2308 προστεταγμένον
3747 2236 3895 2310 αὖτῷ

2244 2313 2564 2386 ἀνειληωότι
2593 2316 2658 2371 τά
2681 2321 2787 2371 τῶν
2831 2317 3141 2394 συμμάχων
3168 2317 3296 2392 τρία
3323 2319 3572 2394 τάγματα
3619 2326 3710 2378 καὶ
3769 2326 3897 2389 τοὺς

2244 2402 2337 2459 δ’Ξο
2385 2410 2493 2459 τῶν
2543 2427 2601 2459 τε
2650 2404 2749 2459 Κολ
2769 2412 3040 2475 ωνειατῶν
3085 2405 3174 2461 καὶ
3204 2413 3310 2462 τῶν
3359 2407 3613 2465 Χαλδίων
3644 2413 3894 2478 ἀνελθεῖν

2239 2495 2373 2549 κατά
2422 2498 2517 2549 τοῦ
2579 2492 2834 2570 Σαμοὺχ,
2898 2496 2990 2549 καὶ
3047 2496 3112 2550 τὰ
3169 2496 3324 2552 πέντε
3375 2503 3544 2553 ταῦτα
3595 2503 3733 2556 κατᾶ
3790 2506 3892 2573 τὴν

2238 2580 2464 2638 πεδιάδα
2516 2591 2614 2654 τῆς
2671 2583 3024 2646 Νικοπόλεως
3044 2585 3389 2658 ἀθροισθῆναι
3430 2588 3710 2660 κελεύσας,
3747 2593 3889 2650 οὕτω

2235 2673 2334 2739 τήν
2404 2675 2593 2746 πεῖραν
2665 2673 3027 2747 προσήγαγεν·
3107 2673 3188 2750 ἐφ’
3261 2674 3454 2750 ἑκάστῃ
3527 2677 3633 2754 γάρ
3704 2681 3889 2756 ἡμέρᾳ

2236 2758 2526 2833 ἀδνοῦμιον
2578 2762 2684 2832 (49)
2730 2757 3125 2832 πλαττόμενος,
3163 2761 3394 2836 πρωίθεν
3452 2762 3886 2839 ἐξιπαζὸμενος

2233 2849 2324 2904 καὶ
2355 2848 2545 2925 πόρρω
2593 2853 2700 2903 τῶν
2734 2845 2917 2903 ἄλλων
2975 2850 3234 2923 ἀφιστῶν,
3294 2855 3512 2925 πρῶτον
3571 2855 3665 2926 μὶν
3697 2854 3883 2912 ἐκάλει

2231 2939 2321 2993 τὸν
2375 2937 2619 3011 ἡγεμόνα
2647 2937 2735 2991 καὶ
2763 2939 2865 3006 τὴν
2901 2937 3105 3012 βουλὴν
3139 2938 3528 3010 ἀνεκάλυπτεν,
3561 2943 3637 3004 ὡς
3671 2944 3881 3020 ἀνάγκη

2230 3033 2344 3082 τοῖν
2401 3025 2547 3082 δυοῖν
2610 3029 2828 3101 θάτερον
2872 3029 3101 3102 πρᾶξαι,
3147 3027 3182 3097 ἢ
3242 3029 3516 3084 συνθέσθαι
3574 3038 3692 3093 τοῖς
3755 3037 3882 3110 παρ’

2231 3117 2394 3172 αὐτοῦ
2451 3114 2774 3190 λεγομένοις
2809 3114 2843 3184 ἢ
2892 3123 2992 3185 τῆς
3028 3115 3271 3194 κεφαλῆς
3325 3119 3600 3195 ἀφαίρεσιν
3638 3121 3882 3192 ὑποστῆ-

2230 3207 2429 3270 σεσθαι,
2492 3205 2603 3259 εἶτα
2653 3205 2799 3274 τάξιν
2831 3204 2957 3277 μίαν
2991 3205 3172 3259 ἐκάλει
3230 3207 3320 3260 καὶ
3352 3206 3515 3262 πάλιν
3549 3206 3756 3280 ἄλλην,
3787 3215 3883 3266 καὶ¹

2226 3297 2314 3349 τὸν
2371 3293 2490 3348 ’ίσον
2521 3294 2722 3366 τρόπον
2772 3298 2945 3348 ποιῶν
2995 3295 3195 3356 πάντας
3241 3297 3329 3349 καὶ
3383 3297 3611 3358 ἄκοντας
3653 3294 3879 3374 ὥρκισε.

2219 3384 2324 3440 Καὶ
2400 3389 2614 3458 πρῶτον
2703 3383 2795 3456 μὶν
2875 3382 3178 3459 ὑπηγάγετο
3262 3384 3360 3438 τάν
3402 3383 3498 3439 δύο
3581 3388 3879 3461 Ῥωμαϊκὶ

2197 3472 2466 3548 ,τάγματα
2500 3517 2513 3541 ,
2579 3473 2692 3544 μετ’
2750 3469 2928 3526 ἐκεῖνα
2987 3469 3044 3526 δὲ
3098 3472 3187 3527 καὶ
3245 3473 3373 3535 τοὺς
3431 3474 3667 3538 οῗκείους
3731 3482 3872 3552 (50),

2219 3559 2404 3617 ἔπειτα
2432 3562 2517 3616 καὶ
2565 3567 2681 3622 τοῖς
2716 3559 2766 3631 ἐξ
2797 3559 2962 3624 ἐθνῶν
2996 3563 3317 3636 προσήγαγε
3372 3563 3467 3624 τὰς
3524 3559 3870 3638 προσϐολάς.

2215 3648 2438 3723 Ῥᾳδίως
2474 3647 2531 3704 δὲ
2556 3650 2783 3712 τούτους
2811 3647 3297 3721 καταπληξάμενος
3346 3653 3438 3706 καὶ
3487 3647 3634 3726 ὅρκῳ
3691 3653 3871 3726 sum-

2216 3737 2524 3812 δωσάμενος
2573 3740 2664 3794 καὶ
2711 3736 2818 3808 ἤδη
2876 3737 2926 3792 ἐι
2991 3743 3071 3810 τῷ
3119 3735 3309 3816 ἀφόϐῳ
3365 3740 3673 3815 γενόμενος,
3735 3745 3870 3802 τοὺς

2215 3824 2586 3898 Σεϐαστηνοὺς
2630 3827 2719 3881 καὶ
2766 3825 2892 3881 τοὺς
2945 3824 3284 3897 Μελιτηνοὺς
3329 3831 3417 3883 καὶ
3471 3829 3594 3891 τοὺς
3643 3833 3707 3886 ὶκ
3762 3841 3904 3901 τῆς

2211 3925 2476 3996 Τεφρικῆς
2527 3918 2614 3972 καὶ
2662 3921 2768 3971 τῶν
2828 3915 3039 3970 λοιπῶν
3098 3915 3393 3990 Ἀρμενίων
3456 3920 3728 3994 ἄρχοντας
3775 3924 3868 3976 καὶ

2213 4007 2544 4085 στρατιώτας
2603 4005 2951 4078 συναθροίσας
2998 4005 3177 4078 ἥψατο
3216 4014 3315 4075 τῆς
3363 4007 3606 4082 πορείας,
3650 4011 3868 4084 προάγ-

2209 4095 2370 4172 γελον
2432 4093 2646 4154 στείλας
2703 4095 2837 4168 πρὸς
2893 4093 2983 4148 τὸν
3041 4088 3348 4167 Κομνῃνὸν,
3410 4097 3486 4157 ὡς
3543 4094 3626 4166 εἴη
3682 4119 3743 4153 τε
3798 4103 3906 4153 τάι

2209 4187 2324 4239 κατ’
2384 4184 2540 4238 αὐτὸν
2598 4184 2652 4236 εὖ
2711 4179 2951 4251 διαθεὶς,
3019 4183 3108 4237 καὶ
3168 4184 3242 4244 ὡς
3293 4181 3401 4254 ἤδη
3461 4186 3666 4240 κάτεισι
3727 4190 3868 4259 μετὰ

2215 4274 2432 4351 βαρείας
2487 4269 2793 4342 δυνάμεωςο
2851 4269 3018 4327 Αὖται
3077 4269 3134 4326 δὲ
3188 4273 3241 4326 αἱ
3301 4272 3551 4347 ἀγγελίαι
3586 4273 3908 4347 θυμηδίας·

2207 4384 2266 4417 τε
2316 4362 2404 4415 καὶ
2468 4359 2716 4431 λήματος
2769 4359 3087 4431 ἐμπιπλῶσι
3140 4360 3231 4414 τὸν
3288 4363 3724 4433 Κομνηνὸν,-καὶ
3756 4363 3863 4425 ἕως

2208 4450 2410 4506 ἐκείνου
2493 4448 2866 4521 ἀτολμότατος
2956 4450 3046 4504 καὶ
3141 4452 3501 4525 κατεπτηχὼς
3593 4453 3862 4529 ὑπάρχων

2205 4539 2619 4614 τολμηρότερος
2676 4539 2764 4592 ἀπ’
2824 4537 3026 4592 ἐκείνου
3074 4537 3165 4592 καὶ
3221 4539 3660 4614 θαρῥαλεώτέρος
3715 4543 3862 4617 γίνεο

452 4626 801 4697 celebratus,
825 4627 982 4683 lento
1009 4627 1240 4682 incessu
1268 4626 1338 4680 ad
1374 4624 1625 4681 Nicaeam
1657 4627 1864 4682 tendit.
1891 4629 2094 4687 .Nove-

2230 4651 2331 4685 αι.
2399 4631 2591 4700 Ὅμως
2647 4626 2948 4701 προσέμενε
3004 4629 3102 4695 τὴν
3161 4626 3366 4682 ἐκείνου
3419 4630 3740 4704 παρουσίαν.
3802 4634 3863 4686 '0

1644 4769 1998 4829 XYLANDRI
2039 4777 2128 4832 ET
2165 4775 2381 4832 GOARI
2421 4772 2652 4828 NOTJE.

514 4872 628 4943 (49)
651 4872 799 4938 Quid
832 4871 940 4926 hoe
971 4867 1237 4943 vocabuli
1271 4867 1367 4943 sit,
1392 4866 1604 4943 quidve
1633 4866 1724 4943 rei
1773 4869 2084 4941 signiﬁCet,

446 4936 921 4999 no‘ndnmdidici.
959 4936 1756 5009 Χγιι.⁷ᾼδνοῦμιον’άεεσνίριὶο
1787 4936 2029 4998 militum
2064 4936 2096 5000 a

446 5016 718 5075 tribunis.
754 5015 1041 5069 exercitus
1073 5011 1698 5080 duce,velquandoque
1730 5011 1800 5063 ab
1832 5012 1960 5082 ipso
1985 5016 2090 5069 im-

446 5091 708 5156 peratore
731 5086 994 5140 facienda
1013 5085 1116 5139 :illi
1141 5099 1271 5136 vero
1295 5099 1360 5136 ex
1375 5082 1568 5156 ol'licto
1591 5083 1928 5138 attendebat
1946 5085 1973 5138 ὁ
1994 5086 2091 5156 μὲ-

441 5152 540 5230 γας
631 5155 1052 5228 ἀδνουμιαστής,
1141 5170 1378 5230 magnus
1435 5152 1847 5230 adnumeraAtor,
1922 5152 2092 5228 cujus

443 5223 546 5300 per
575 5239 638 5284 Se
671 5223 825 5286 vices
859 5230 950 5284 hic
977 5223 1320 5296 exsequitur
1352 5223 1900 5300 imperator._Goaa.

513 5301 819 5374 (50)l"or‘.e
853 5302 950 5374 qui
1010 5317 1078 5354 ex
1125 5295 1191 5352 ea
1242 5296 1564 5374 provincia.
1601 5295 1799 5374 scripti
1844 5298 2086 5374 _milita-

441 5365 615 5430 bant:
641 5365 1205 5444 l’eregrihasautem
1241 5365 1502 5437 intelligo
1525 5365 1778 5444 Gallicas
1828 5369 1974 5444 duas
2033 5378 2089 5426 et

438 5438 950 5514 Rossicam‘fipse
993 5441 1046 5512 ἐξ·
1102 5440 1267 5494 ἐθνῶν
1320 5445 1516 5514 vo_cat_.-
1556 5438 1715 5514 Quod
1772 5441 1942 5508 paulo
1989 5452 2089 5498 est

433 5515 722 5584 sequitur.
758 5510 1080 5584 antequam
1115 5512 1495 5584 Comneniaui
1527 5526 1658 5584 cum
1695 5510 2087 5584 imperatoriis

439 5581 1001 5657 pugnarent,mutua
1029 5587 1179 5639 inter
1207 5601 1306 5657 eos
1338 5582 1522 5657 fuisse
1552 5581 1774 5657 agitata
1797 5583 2088 5657 colloquia

433 5652 492 5711 et
520 5652 736 5712 alteros
770 5661 840 5712 ab
869 5657 1072 5712 alteris
1104 5655 1362 5710 vicissim
1398 5653 1465 5708 ad
1492 5652 1873 5709 deiectionem
1923 5652 2083 5712 solli-

433 5729 669 5800 citatos,
706 5746 823 5785 nou
856 5729 1111 5784 absurde
1141 5725 1441 5786 adnotavit
1495 5723 1796 5795 librarius,
1825 5725 2083 5784 alienum

2198 4873 2464 4942 essehoc
2497 4888 2529 4924 a
2561 4869 2977 4940 congressibus
3013 4869 3488 4926 militum.Verba
3517 4872 3648 4942 ejus
3681 4879 3856 4930 sunt:

2207 4941 2473 4998 Ἀνοίκεια
2583 4944 2748 4993 ταῦτα
2829 4945 2946 5001 ταῖς
3029 4944 3136 4993 τῶν
3223 4941 3564 5014 στρατιωτῶν
3658 4963 3856 4997 συντυο

2204 5014 2376 5085 χίαις.
2411 5015 2479 5068 Et
2513 5012 2958 5085 sanevidentur
2987 5012 3170 5068 multo
3197 5012 3419 5081 justius
3450 5016 3587 5068 talia
3650 5033 3858 5085 repre-

2204 5036 2222 5048 "
2253 5036 2376 5074 ιαις.
2412 5036 2479 5068 ωι
2513 5036 2652 5067 sane
2686 5036 2958 5066 VUIEDLUI'
2987 5036 3170 5068 ιιιυιῐυ
3197 5036 3419 5081 ,ιυδιιυδ
3450 5036 3587 5068 [alia
3650 5036 3850 5085 repre-

2204 5036 2383 5142 έθηᾶί
2417 5101 2590 5156 quam
2618 5084 2820 5139 Glauci
2843 5101 2975 5157 cum
3001 5086 3272 5139 Diomede
3293 5085 3651 5157 colloquium
3679 5087 3850 5143 illud.

2202 5161 2306 5213 Sed
2341 5175 2443 5212 nos
2475 5157 2568 5210 hic
2599 5157 2918 5211 adnotandi
2955 5156 3128 5210 finem
3181 5156 3476 5212 l'acimus.’
3510 5161 3726 5212 Caetera
3786 5177 3857 5215 ex

2202 5229 2463 5300 lectione,
2536 5233 2592 5281 et
2679 5227 3116 5300 comparatione
3192 5226 3439 5300 aliorum
3493 5229 3848 5300 scriptorum

2203 5306 2426 5372 repetat
2454 5299 2632 5354 lector
2665 5317 2688 5373 ς,
2714 5315 2819 5352 nos
2859 5299 3023 5373 enim
3071 5314 3259 5373 n_eque
3314 5299 3624 5354 voluimus
3658 5318 3852 5373 neque

2201 5370 2502 5440 potuimus
2533 5372 2732 5443 omnia
2763 5370 3048 5443 persequi.
3082 5371 3143 5424 Et
3176 5386 3302 5439 qua
3335 5378 3610 5443 praeterea
3649 5374 3723 5428 de
3756 5370 3850 5428 re-

2201 5447 2309 5499 bus
2345 5441 2585 5514 imperii
2605 5442 2891 5510 Cpolitani
2926 5443 3233 5514 habemus,
3267 5441 3373 5497 suo
3398 5450 3660 5514 tempore
3709 5445 3848 5506 (Deo

2197 5513 2894 5586 volenteievulgabimus,
2931 5519 2993 5586 ut
3043 5512 3404 5568 doctioribus
3445 5512 3618 5568 simul
3675 5523 3852 5586 atque

2200 5586 2626 5642 indoctioribus
2650 5585 2904 5640 laborem
2941 5585 3053 5638 ista
3091 5587 3470 5654 conquirendi
3515 5585 3852 5642 scrutandi-

2197 5675 2309 5729 que
2340 5658 2697 5730 minuemus,
2732 5673 2797 5712 ac
2833 5655 3113 5711 nonnulla
3143 5657 3319 5730 etiam
3355 5675 3480 5730 quae
3512 5658 3706 5713 adhuc
3742 5675 3848 5715 nos

2197 5727 2474 5801 fugerunt
2501 5727 2697 5783 venati
2730 5743 3146 5800 proponamus.
3181 5729 3310 5784 XYL.
