4078 6336
436 393 553 454 359

1776 395 2091 455 GEORGII
2139 394 2477 456 GEDRENI

3721 400 3840 459 360

434 524 586 580 6211
620 523 1028 594 imperatorem
1075 539 1106 578 a
1155 523 1448 579 Comneno
1482 523 1796 580 deﬁcerent
1829 530 2065 597 tyranno

2184 524 2272 578 xui
2309 525 2360 578 οἱ
2388 529 2485 579 τοῦ
2516 525 2792 580 ἀντιθέτου
2846 527 3068 600 μέρους,
3101 525 3191 580 καὶ
3225 523 3511 596 ἀλλήλους
3541 525 3835 602 ἐπιμιγνύ-

432 630 498 668 ac
531 611 843 683 perduelle,
878 627 1059 681 neque
1091 612 1163 665 ob
1197 612 1370 666 unius
1403 611 1662 667 hominis
1694 613 2073 686 cupiditatem

432 719 499 758 eo
530 719 590 756 se
621 703 828 755 darent
859 700 955 754 ubi
988 700 1159 771 paulo
1207 707 1336 772 post
1385 702 1739 756 exauctorati
1773 719 1836 757 ac
1889 705 2075 757 fortu-

433 792 524 846 nis
555 790 758 854 eversi,
793 789 967 843 etiam
1000 790 1070 843 de
1102 789 1440 844 amittendis
1472 790 1656 845 oculis
1687 795 1884 845 essent
1926 791 2074 862 peri-

430 880 706 937 clitaturi,
739 883 951 933 Contra
972 878 1290 933 Commenii
1328 879 1724 950 imperatoriis
1752 881 2075 935 suadebant

431 976 496 1028 ut
537 971 606 1023 ab
638 985 704 1023 eo
750 969 846 1039 qui
900 983 1111 1022 nomen
1164 969 1352 1024 solum
1407 969 1777 1040 imperatoris
1825 974 2072 1040 gereret,

425 1060 601 1114 homo
635 1058 854 1128 alioqui
888 1057 1126 1128 putidus
1159 1063 1212 1113 et
1246 1057 1466 1113 delirus
1489 1074 1666 1113 senex
1697 1064 1872 1130 atque
1903 1058 2075 1112 inuti~

423 1149 516 1215 lis,
552 1153 608 1203 et
640 1147 738 1218 qui
791 1164 824 1201 a
873 1147 1236 1219 epadonibus
1289 1152 1606 1218 regeretur,
1652 1147 1972 1202 transirent
2001 1148 2072 1202 ad

425 1237 810 1301 Comnenum,
845 1238 1030 1290 virum
1068 1234 1215 1289 bello
1247 1235 1468 1290 clarum
1507 1242 1562 1291 et
1601 1236 1779 1306 gestis
1812 1235 2073 1306 imperiis

422 1326 748 1389 illustrem;
802 1325 875 1378 ob
925 1340 1052 1395 quae
1110 1324 1382 1379 universa
1431 1325 1823 1379 Romanorum
1871 1325 1958 1378 vis
2015 1325 2071 1378 in

420 1415 640 1486 ipsum,
673 1412 850 1468 veluti
885 1430 915 1467 a
947 1413 1161 1467 circulo
1209 1415 1276 1468 ad
1335 1430 1515 1467 unum
1555 1419 1835 1485 punctum
1869 1431 2071 1468 omnes

418 1504 588 1558 lineae
622 1503 884 1556 unanimi
920 1501 1286 1556 etconstanti
1312 1502 1606 1558 voluntate
1631 1503 2070 1558 conﬂuxissent.

424 1593 622 1648 Neutri
672 1597 866 1646 tamen
919 1590 1132 1646 alteros
1185 1597 1611 1662 permoverunt.
1662 1595 1848 1662 Atque
1898 1593 2073 1646 fiebat

425 1681 536 1736 hoc
561 1682 755 1737 dedita
780 1696 955 1751 opera
988 1680 1260 1752 utrinque
1291 1681 1540 1736 ducibus
1572 1698 1669 1736 eos
1704 1681 2072 1736 mittentibus

421 1772 522 1842 qui
552 1771 622 1825 ad
669 1770 807 1824 talia
835 1769 1146 1840 .cclloquia
1197 1771 1500 1824 tractanda
1548 1776 1713 1826 erant
1761 1770 1973 1839 idonei,
2009 1775 2072 1825 ut

2189 634 2341 686 μενοι
2390 615 2477 668 οἷα
2527 612 2805 692 ὁμόφυλοι
2851 615 2940 669 καὶ
3000 620 3271 691 συγγενεῖς
3326 616 3414 669 καὶ
3461 614 3636 692 φίλοι,
3698 636 3835 688 προο

2185 703 2471 778 ετρέποντ)
2502 701 2810 774 ἀλλήλους,
2843 704 2894 756 οἱ
2931 704 3024 776 μὶν
3065 705 3132 758 τά
3193 701 3461 779 βασιλέως
3513 709 3834 779 φρονοῦντες

2183 793 2276 846 τὸν
2335 793 2614 865 Κομνηνὸν
2677 791 2994 848 καταλιπεῖν
3056 791 3515 867 παρακαλοῦντες,
3569 794 3831 866 τύραννον

2185 877 2352 954 ἄνδρα
2380 881 2469 934 xui
2517 880 2848 952 ἀποστάτην,
2899 880 2986 935 xui
3016 886 3096 953 τῷ
3142 881 3361 956 βασιλεῖ
3407 889 3834 957 προσχωρῆσαι,

2185 970 2269 1023 καὶ
2309 970 2383 1042 μὴ
2443 967 2512 1023 δι’
2556 969 2843 1041 ἐπιθυμίαν
2882 970 2970 1024 καὶ
3019 965 3190 1045 ὄρεξιν
3235 970 3351 1032 ἐνὸς
3386 968 3576 1043 ἀνδρὸς
3637 969 3690 1032 ἐς
3738 992 3830 1024 το¹

2184 1062 2372 1112 σοῦτον
2419 1055 2657 1112 κίνδυνον
2703 1057 2879 1122 ἐλθεῖν
2939 1059 3076 1113 ὥστε
3128 1060 3259 1132 μετᾶ
3313 1060 3502 1134 μικρὸν
3540 1060 3614 1132 μὴ
3663 1059 3830 1132 μόνον

2183 1141 2447 1201 ἔκπτωσιν
2499 1153 2750 1220 στρατιᾶς
2801 1146 2888 1201 καὶ
2947 1148 3260 1222 περιουσίας
3313 1149 3629 1217 ὑποστῆναι,
3683 1147 3833 1203 ἀλλὰ

2181 1236 2271 1290 καὶ
2332 1235 2462 1290 αὐτὸ
2511 1237 2572 1290 τὸ
2614 1234 2946 1310 γλυκύτατον
3004 1232 3304 1291 ἀποϐαλεῖν
3333 1234 3670 1292 κινδυνεῦσαι
3720 1241 3828 1290 τῶν

2183 1323 2446 1397 ὀμμάτων
2501 1325 2713 1402 φέγγος,
2774 1323 2989 1379 ἐκείνων
3039 1322 3096 1379 δέ
3143 1323 3307 1379 πάλιν
3339 1324 3656 1380 καταλιπεῖν
3690 1345 3830 1400 παρ-

2181 1412 2472 1467 αινούντων
2529 1413 2620 1467 τὸν
2683 1413 2928 1488 βασιλέα,
2979 1409 3154 1486 ὄνομα
3210 1413 3375 1486 μόνον
3423 1413 3618 1489 ἔχοντα
3677 1414 3830 1489 βασι-

2182 1500 2343 1570 λέως,
2402 1499 2583 1556 τᾶλλα
2635 1499 2802 1578 ἄνδρα
2832 1502 3032 1575 σαπρὸν
3093 1503 3181 1556 xui
3215 1501 3551 1577 κρονόληρον
3582 1505 3693 1576 (51)
3733 1503 3827 1557 καὶ

2180 1591 2425 1666 ἀχρεῖον,
2491 1591 2592 1646 ὑπὸ
2647 1591 2922 1666 εὐνούχων
2981 1591 3312 1666 ἀρχόμενον,
3363 1591 3450 1646 καὶ
3484 1598 3825 1666 προσρυῆναι

2177 1685 2258 1753 τῷ
2309 1683 2604 1753 Κομνηνῷ,
2637 1679 2790 1754 ἀνδρὶ
2839 1681 2974 1734 κατά
3024 1685 3186 1756 χεῖρα
3213 1680 3441 1755 γενναίῳ
3465 1680 3554 1734 καὶ
3587 1679 3831 1755 λαμπρῷ

2179 1770 2268 1823 καὶ
2329 1768 2571 1847 διαφανεῖ
2624 1775 2739 1831 τοῖς
2801 1769 3282 1843 προηγησαμένοις
3353 1771 3828 1843 στρατηγήμασιν,

419 1860 679 1916 oratione
729 1859 799 1914 ad
853 1875 912 1913 se
957 1858 1170 1914 alteros
1221 1860 1599 1914 attraherent.
1649 1860 1911 1914 Tentatis
1970 1859 2065 1914 alii

2180 1858 2260 1936 ἐφ’
2313 1859 2358 1930 ᾧ
2416 1865 2558 1912 πᾶσα
2601 1861 2634 1928 ἡ
2678 1863 2784 1912 τῶν
2815 1857 3096 1930 Ῥωμαίων
3133 1857 3290 1933 ἰσχὺς
3323 1857 3500 1932 ὥσπερ
3534 1857 3593 1912 ἐκ
3621 1857 3828 1912 κύκλου

419 1949 682 2021 quandiu
735 1947 1010 2019 utrinque
1060 1947 1295 2012 animis,
1330 1953 1386 2002 et
1420 1948 1650 2003 nemine
1695 1949 2064 2013 assentiente,

421 2039 756 2094 Comnenus
787 2037 1018 2091 interim
1044 2053 1180 2091 suos
1206 2053 1377 2107 quam
1405 2037 1747 2108 parcissime
1778 2037 2066 2108 lignatum

417 2127 880 2198 pabulatumque
912 2126 994 2180 ire
1017 2126 1402 2196 jubet,neque
1433 2125 1687 2197 procula
1709 2127 1917 2182 castris
1949 2126 2067 2180 dis-

417 2217 639 2272 cedere.
696 2215 813 2270 Hoc
863 2213 1222 2269 domesticus
1281 2219 1337 2267 et
1393 2214 1680 2285 praecipue
1727 2216 2070 2270 Macedones

417 2323 532 2378 prae
568 2309 724 2359 metu
776 2303 897 2358 fieri
948 2303 1170 2374 Opinati
1224 2303 1421 2374 praelio
1468 2304 1897 2359 decernendum
1944 2309 2067 2359 sta-

417 2391 845 2457 tuunt.Quibus
876 2408 1008 2445 cum
1036 2391 1236 2462 reliqui
1259 2392 1349 2447 vel
1382 2393 1544 2447 inviti
1577 2394 2066 2465 obtemperarent,

417 2489 611 2538 castra
636 2480 994 2551 imperatorii
1029 2483 1391 2535 transferunt
1420 2482 1491 2535 ad
1528 2482 1815 2546 Petroam,
1849 2481 1948 2553 qui
1981 2481 2066 2536 lo-

417 2588 522 2628 cus
553 2590 583 2624 a
613 2571 767 2625 630
799 2569 1004 2624 castris
1039 2570 1294 2624 hostium
1343 2571 1545 2625 aberat
1578 2572 1644 2625 15
1689 2572 1805 2626 tere
1837 2571 2064 2626 stadiis.

417 2661 559 2716 Cum
593 2659 819 2714 adversi
853 2659 1140 2714 exercitus
1174 2660 1255 2713 ita
1301 2659 1360 2713 in
1409 2659 1735 2730 propinquo
1783 2667 1980 2714 essent
2011 2664 2067 2713 et

419 2766 450 2804 a
481 2747 729 2803 ducibus
760 2747 1059 2818 pugnandi
1096 2747 1427 2802 facultatem
1463 2754 1787 2818 poscerent,
1821 2750 2062 2804 Comne-

418 2855 530 2894 nus
570 2837 693 2892 suis
741 2837 1070 2907 obsequens
1118 2836 1315 2889 educit
1358 2835 1663 2906 aciemque
1713 2836 1976 2899 instruit.
2007 2842 2064 2890 et

418 2926 658 2982 sinistro
692 2924 893 2979 cornui
925 2923 1301 2986 Ambustum,
1353 2925 1553 2978 dextro
1585 2925 1912 2979 Romanum
1942 2925 2050 2978 Du-

418 3032 547 3071 rum
585 3014 843 3086 praeficit,
873 3013 1002 3084 ipse
1025 3013 1282 3068 medium
1314 3016 1510 3068 tuens.
1541 3014 1904 3068 Uomesticus
1928 3031 2063 3084 quo-

416 3121 530 3176 que
578 3108 636 3158 et
682 3105 871 3158 Aaron
921 3104 1076 3173 passi
1129 3107 1268 3155 sunt
1319 3101 1656 3172 persuaderi
1706 3101 1817 3156 sibi
1871 3107 1931 3155 ut
1989 3103 2060 3156 ad

416 3209 676 3266 pugnam
720 3191 1020 3261 prodirent
1068 3190 1369 3264 aciemque
1418 3189 1557 3244 aciei
1593 3191 1848 3244 hostium
1882 3207 2058 3261 oppo-

2174 1946 2425 2021 γραμμαὶ
2483 1948 2616 2019 πρὸς
2677 1947 2837 2000 αὐτὸν
2889 1947 2961 2008 ὡς
3020 1946 3093 2008 είς
3149 1967 3200 2000 τι
3262 1952 3490 2017 σημεῖον
3519 1945 3827 2000 νενεύκασιν

2177 2034 2227 2090 ἐν
2290 2034 2389 2107 ἴσῳ
2436 2035 2525 2089 καὶ
2583 2032 2994 2106 ἀπαραλλάκτῳ
3059 2032 3396 2108 βουλήματι.
3457 2033 3630 2090 Ἀλλά
3657 2038 3831 2090 ταῦτα

2176 2123 2428 2197 λέγοντες
2479 2123 2580 2178 οὐκ
2653 2121 2863 2186 ἔπειθον
2914 2120 3220 2192 ἀλλήλους.
3280 2127 3448 2178 Τοῦτο
3509 2120 3566 2178 δὲ
3625 2122 3828 2199 ἐγίνετο

2176 2209 2507 2283 ἐξεπίτηδες,
2562 2215 2668 2265 τῶν
2719 2213 2979 2288 ἀρχηγῶν
3040 2211 3305 2286 ἑκατέρων
3347 2216 3453 2266 τῶν
3489 2214 3826 2288 στρατευμά-

2172 2324 2282 2358 των
2340 2297 2661 2373 πεμπόντων
2711 2302 2857 2362 τινᾶς
2905 2305 3009 2354 τῶν
3066 2298 3391 2371 ἐπιτηδείων
3453 2301 3528 2362 εἷς
3561 2302 3621 2355 τὸ
3681 2322 3826 2378 προ-

2177 2389 2517 2466 διαλέγεσθαι
2566 2397 2683 2454 τοῖς
2734 2395 2831 2446 τοῦ
2880 2390 3178 2446 ἀντιπάλου
3233 2390 3631 2466 στρατεύματος
3663 2412 3826 2464 στρα-

2172 2479 2395 2543 τιώταις
2418 2479 2508 2534 καὶ
2558 2479 2786 2543 καθόσον
2840 2480 2951 2534 οἷον
3007 2501 3064 2534 τε
3117 2479 3244 2541 τοὺς
3277 2479 3633 2552 πειθομένους
3667 2478 3828 2556 ἐφέλ-

2171 2581 2375 2633 κεσθαι.
2409 2570 2496 2630 Ὠς
2524 2565 2580 2622 δὲ
2606 2568 2692 2622 ἐπὶ
2723 2570 2919 2644 χρόνον
2950 2569 3068 2622 τινὰ
3095 2570 3195 2637 τήν
3226 2565 3503 2643 διάπειραν
3539 2567 3826 2623 ἐποιοῦντο

2171 2660 2260 2713 καὶ
2319 2655 2497 2718 οὐδεὶς
2554 2663 2820 2733 προσεῖχε
2875 2662 2992 2718 τοῖς
3042 2655 3361 2732 λεγομένοις
3393 2658 3481 2711 τὸν
3507 2661 3661 2725 νοῦν,
3691 2659 3829 2729 μετά

2171 2746 2432 2816 πλείστης
2468 2745 2524 2800 δὲ
2571 2742 2789 2824 φειδοῦς
2837 2744 2926 2800 καὶ
2955 2747 2982 2799 ὁ
3024 2745 3303 2818 Κομνηνὸς
3350 2746 3443 2806 τὰς
3473 2742 3684 2815 ξυλείας
3731 2745 3826 2799 xui

2170 2837 2266 2899 τὰς
2310 2833 2680 2910 χορτολογίας
2730 2840 3002 2897 ποιεῖσθαι
3053 2833 3341 2910 παρῖγγύα
3381 2834 3470 2888 καὶ
3521 2835 3596 2906 μή
3629 2833 3824 2908 ποῤῥω

2169 2931 2268 2993 τῆς
2320 2921 2732 3000 στρατοπεδείας
2785 2921 3126 2998 ἀφίστασθαι,
3173 2924 3295 2976 τότε
3345 2920 3411 2991 δὴ
3463 2924 3673 2997 οἱπερὶ
3725 2924 3822 2978 τὸν

2172 3010 2523 3086 δομέστικον,
2583 3012 2672 3067 καὶ
2737 3009 2949 3086 μᾶλλον
3007 3013 3057 3066 οἱ
3111 3009 3442 3079 Μακεδόνες,
3503 3012 3821 3067 ὑπόπτωσιν

2168 3103 2256 3157 καὶ
2315 3100 2517 3158 δειλίαν
2578 3103 2709 3156 εἶναι
2771 3102 2870 3170 τὴν
2905 3099 3216 3169 ὑποστολὴν
3257 3100 3524 3171 οἰηθέντες
3556 3099 3818 3172 πολεμη-

2167 3193 2284 3247 τέον
2370 3191 2500 3246 εἶναι
2575 3188 2818 3245 ἐδόκουν.
2897 3191 2985 3252 Οἷς
3059 3190 3148 3244 καὶ
3226 3189 3441 3251 ἄκοντες
3510 3189 3818 3252 πεισθέντες

413 3288 638 3337 nerent.
699 3281 974 3335 Dextrum
1035 3295 1218 3333 cornu
1268 3279 1451 3332 tenuit
1503 3278 1752 3334 Basilius
1801 3279 2058 3334 Tracha-

2175 3277 2683 3354 στρατοπεδεύονται
2735 3278 2868 3333 κατά
2931 3279 3023 3333 τὸν
3076 3278 3370 3353 λεγόμενον
3431 3279 3694 3354 ῐΙετρόην,
3756 3279 3820 3333 οὐ

416 3371 594 3435 niota,
630 3369 958 3425 Occidentis
990 3373 1112 3421 tum
1141 3369 1362 3434 ductor,
1390 3367 1774 3438 omniumque
1805 3368 2062 3424 Macedo-

415 3475 556 3514 num
589 3475 820 3530 genere,
853 3457 1160 3528 prudentia
1187 3473 1253 3511 ac
1273 3457 1478 3526 peritia
1509 3455 2060 3526 excellentissimus,

414 3549 878 3617 auctoritateque
913 3551 1158 3617 primus.
1213 3545 1530 3600 Sinistrum
1572 3545 1782 3600 Aaroni
1817 3546 2063 3600 manda-

415 3643 540 3692 tum
579 3637 708 3700 fuit,
756 3637 1007 3691 ducibus
1060 3634 1356 3708 Lyrantha
1408 3635 1680 3706 Pnyemio
1710 3641 1768 3688 et
1801 3635 2059 3690 Randul-

417 3726 535 3798 pho
570 3726 811 3798 patricio
843 3726 1080 3780 France.
1128 3723 1519 3779 Commissum
1571 3728 1661 3778 est
1706 3724 1968 3793 praelium
2003 3725 2059 3779 in

419 3815 543 3870 loco
575 3817 673 3887 qui
713 3816 874 3881 Ades,
903 3815 961 3868 id
1012 3819 1100 3868 est
1129 3831 1321 3882 orcus,
1356 3813 1695 3867 nominatur
1725 3815 1796 3867 ab
1832 3814 2059 3868 incolis.

420 3907 500 3960 Ibi
536 3909 723 3958 Aaron
757 3904 1024 3958 dextrum
1061 3919 1238 3955 cornu
1274 3901 1530 3956 hostium
1567 3901 1747 3972 pellit,
1783 3903 2062 3973 fusosque

417 3994 482 4047 ad
520 3999 712 4048 castra
745 4008 931 4061 usque
965 3992 1356 4060 persequitur,
1390 3995 1556 4059 capto
1591 3991 1850 4045 Romano
1883 3991 2058 4045 Duro.

416 4082 576 4146 Quod
615 4081 726 4134 nisi
757 4095 890 4132 eum
926 4077 1105 4132 nimia
1149 4077 1340 4131 cautio
1391 4095 1423 4131 a
1471 4077 1820 4148 diripiendis
1853 4079 2062 4133 castris

417 4170 674 4225 hostium
708 4166 1112 4235 abstinuisset,
1149 4167 1350 4235 utique
1375 4166 1599 4236 integra
1633 4166 1838 4221 fuisset
1870 4168 2064 4238 potius

415 4259 677 4325 victoria,
729 4257 850 4327 jam
913 4255 1207 4310 Comneno
1257 4255 1432 4309 etiam
1487 4271 1770 4310 concusso
1822 4262 1877 4310 et
1929 4257 2065 4327 fuga

415 4347 659 4402 Nicaeam
696 4351 891 4415 petere
932 4344 1240 4414 cogitante.
1296 4348 1366 4396 At
1415 4343 1738 4396 Ambustus
1788 4343 1930 4398 lusis
1962 4345 2061 4414 qui

414 4435 522 4506 ipsi
555 4431 1014 4504 erantoppositi,
1035 4435 1104 4486 ab
1129 4431 1487 4501 insequendo
1514 4433 1659 4486 631
1692 4449 2059 4503 nequaquam

413 4523 659 4592 destitit,
693 4523 790 4577 sed
827 4523 894 4576 ad
930 4527 1120 4576 castra
1173 4520 1408 4589 hostilia
1459 4537 1644 4590 usque
1676 4522 1901 4575 delatus
1935 4539 2062 4591 per-

2171 3370 2309 3424 πάνυ
2377 3368 2568 3446 πόρῥω
2634 3368 2882 3441 κείμενον
2959 3375 3059 3437 τῆς
3133 3367 3376 3430 ἐναντίας
3432 3363 3822 3442 παρεμϐολῆς,

2170 3459 2297 3514 ἀλλ’
2355 3457 2478 3512 ὅσον
2536 3458 2642 3512 ἀπὸ
2693 3455 2924 3512 σταδίων
2978 3455 3376 3513 πεντεκαίδεκα.
3433 3457 3590 3514 Οὕτω
3629 3454 3685 3512 δὲ
3712 3461 3826 3511 τῶν

2172 3547 2449 3621 δυνάμεων
2512 3543 2730 3623 ἔγγιστα
2788 3547 3094 3622 γενομένων
3159 3545 3481 3616 ἀλλήλαις,
3547 3545 3636 3600 xui
3693 3545 3832 3610 τοὺς

2171 3637 2506 3714 στρατηγοὺς
2589 3636 2925 3710 βιαζομένων
2999 3634 3201 3710 ἐξάγειν
3269 3635 3359 3690 καὶ
3432 3637 3506 3708 μὴ
3563 3635 3829 3704 κωλύειν,

2170 3727 2511 3790 ἀναπείθεται
2548 3726 2642 3798 μὶν
2676 3725 2702 3778 ὀ
2735 3725 3022 3796 Κομνηνὸς
3051 3725 3139 3778 καὶ
3176 3724 3271 3786 τὰς
3318 3723 3515 3786 οἶκείας
3564 3718 3828 3778 ἐκϐάλλει

2171 3815 2452 3894 φάλαγγας
2522 3813 2610 3868 καὶ
2692 3813 2826 3887 πρὸς
2912 3812 3204 3887 παράταξιν
3295 3809 3493 3881 ῗὲττησι,
3546 3810 3642 3867 τοῦ
3725 3813 3828 3884 μὲν

2172 3904 2456 3976 εὐωνύμου
2525 3901 2747 3976 κέρατος
2810 3903 3102 3975 κατάρχειν
3157 3901 3516 3974 προχειρίσας
3566 3901 3658 3954 τὸν
3723 3907 3822 3955 Κε-

2169 3994 2460 4065 καυμένον,
2515 3991 2577 4045 τὸ
2619 3987 2788 4061 δεξιὸν
2824 3988 3045 4064 ἔχοντος
3095 3990 3382 4060 Ῥωμανοῦ
3410 3991 3506 4041 τοῦ
3538 3987 3828 4062 Σκληροῦ,

2172 4082 2330 4141 αὐτὸς
2383 4077 2439 4134 δὲ
2487 4079 2537 4134 ἐν
2597 4077 2782 4151 μέσοις
2825 4075 3092 4145 ἐτάττετο,
3151 4076 3486 4140 ἀναπείθεται
3547 4073 3605 4130 δὲ
3661 4074 3750 4129 xui
3798 4078 3830 4130 ὁ

2174 4168 2494 4242 δομέστικος
2549 4165 2641 4220 σὺν
2700 4171 2780 4238 τῷ
2833 4166 3068 4238 Ἀαρὼν,
3127 4164 3217 4218 καὶ
3274 4165 3364 4218 τὸν
3401 4163 3602 4218 οἰκεῖον
3633 4162 3826 4235 ἐξαγα-

2172 4261 2285 4333 γὼν
2344 4257 2475 4312 λαὸν
2534 4255 2910 4328 ἀντιμέτωπον
2976 4253 3154 4322 ἵστησι
3209 4258 3325 4314 τοῖς
3375 4253 3662 4312 ἐναντίοις.
3719 4257 3832 4306 Τοῦ

2176 4347 2269 4419 μὶν
2324 4344 2414 4399 οῦν
2469 4342 2643 4416 δεξιοῦ
2695 4345 2867 4416 κέρως
2899 4340 3085 4417 ἅρχων
3138 4342 3204 4410 ἦν
3233 4339 3515 4402 Βασίλειος
3549 4341 3826 4415 ὁΤαρχα-

2171 4436 2396 4505 νιώτης,
2449 4431 2828 4507 στρατηλάτης
2877 4433 3000 4486 τότε
3027 4433 3314 4506 τυγχάνων
3345 4437 3444 4498 τῆς
3477 4429 3689 4490 Δύσειυς
3733 4431 3832 4484 καὶ

2173 4523 2387 4578 πάντων
2418 4526 2522 4575 τῶν
2557 4518 2880 4576 Μακεδόνων
2930 4517 3002 4573 ὢν
3033 4519 3373 4594 ἐξοχώτατος
3423 4519 3501 4579 ὡς
3547 4517 3634 4572 καὶ
3684 4519 3834 4592 γένει

416 4617 583 4681 rupto
617 4611 764 4666 vallo
799 4609 1136 4682 penetravit,
1163 4610 1416 4663 tentoria
1445 4609 1671 4679 direpta
1701 4611 1910 4679 gladiis
1943 4611 2059 4666 dis-

2175 4614 2259 4667 καὶ
2318 4612 2576 4687 φρονήσει
2604 4609 2693 4664 καὶ
2724 4609 2978 4683 ἐμπείρίᾳ
3009 4611 3093 4681 [Ρ.
3154 4610 3279 4680 802]
3342 4605 3828 4675 διαπρεπέστατος·

413 4701 576 4770 cidit,
608 4707 664 4755 et
695 4701 752 4754 in
780 4706 994 4755 terram
1045 4699 1274 4767 dejecit.
1329 4699 1390 4752 Id
1423 4697 1653 4752 eminus
1685 4706 2060 4768 conspectum

412 4791 600 4864 (erant
628 4790 780 4844 enim
807 4794 1003 4844 castra
1035 4787 1159 4842 loco
1179 4787 1356 4856 edito)
1389 4788 1751 4843 Comnenum
1777 4804 1908 4841 cum
1938 4789 2064 4843 suis

414 4879 664 4935 audacia
681 4878 1029 4948 implevit,et
1051 4877 1147 4947 qui
1167 4876 1238 4930 ab
1254 4878 1481 4930 Aarone
1501 4876 2065 4941 stabant,metu.lta-

413 4983 524 5040 que
547 4967 710 5022 etilli
730 4967 1045 5021 clamorem
1072 4962 1439 5019 sustulerunt
1463 4963 1686 5018 alacres
1702 4971 1759 5017 et
1782 4965 1836 5018 bi
1867 4965 2064 5037 fugam

414 5057 697 5112 fecerunt.
729 5055 946 5110 Cecidit
975 5055 1031 5108 in
1069 5068 1262 5123 pugna
1294 5068 1326 5106 a
1363 5057 1525 5123 parte
1549 5052 1924 5122 imperatoris
1949 5070 2065 5108 ma-

410 5161 525 5218 gna
559 5143 900 5208 multitudo,
928 5142 1313 5197 Macedonum
1341 5141 1684 5211 praesertim,
1711 5158 1824 5196 non
1851 5141 2068 5197 milites

414 5237 588 5291 modo
619 5236 717 5290 sed
753 5235 932 5288 duces
977 5231 1176 5293 etiam,
1234 5230 1718 5298 Maurocatacalo,
1753 5233 2067 5302 Pbyemius

409 5324 818 5380 Catzamuntes
850 5320 1065 5390 aliique
1089 5335 1200 5372 non
1229 5320 1417 5387 pauci.
1441 5319 1606 5389 Capti
1639 5319 1819 5374 multo
1844 5321 2062 5389 plures.

2171 4703 2234 4754 τὸ
2283 4697 2339 4755 δὲ
2384 4700 2662 4770 εὐώνυμον
2725 4696 3097 4772 ἐγκεχείριστο
3151 4699 3179 4751 ὁ
3241 4696 3530 4768 μάγιστρος
3589 4695 3828 4766 Ἀαρὼν,

2173 4787 2318 4863 ἔχων
2393 4785 2730 4860 στρατηγοὺς
2783 4786 2874 4839 τὸν
2935 4785 3215 4853 Λυκάνθην
3260 4784 3349 4838 καὶ
3399 4784 3488 4837 τὸν
3550 4782 3828 4855 Πνυέμιον

2171 4877 2260 4931 καὶ
2310 4873 2674 4950 Ῥανδοῦλφον
2728 4873 2986 4945 πατρίκον
3031 4873 3119 4926 τὸν
3172 4874 3445 4948 Φράγγον.
3507 4875 3710 4926 Τοῦτον
3769 4869 3831 4926 δὲ

2171 4966 2264 5020 τὸν
2317 4960 2516 5039 τρόπον
2589 4963 2888 5037 γενομένης
2953 4969 3054 5029 τῆς
3112 4960 3455 5032 παρατάξεως
3513 4961 3648 5015 κατά
3705 4981 3832 5014 τινα

2172 5054 2338 5108 τόπον
2389 5049 2562 5124 ’ᾍδην
2623 5051 2768 5124 παρὰ
2823 5055 2931 5105 τῶν
2963 5048 3243 5125 ἐγχωρίων
3279 5048 3713 5122 ὀνομαζόμενον,
3749 5049 3831 5110 ὡς

2174 5140 2335 5210 ἐδόθη
2399 5143 2460 5195 τὸ
2536 5145 2636 5194 τοῦ
2698 5137 2948 5210 πολέμου
3004 5137 3253 5210 σύνθημα
3306 5137 3392 5191 xui
3451 5136 3831 5213 προσέρῥαξαν

2175 5229 2452 5300 ἀλλήλαις
2515 5230 2569 5284 αἱ
2620 5227 2897 5300 δυνάμεις,
2955 5225 3204 5302 τρέπεται
3259 5226 3352 5297 μὲν
3410 5226 3438 5279 ὁ
3497 5224 3707 5298 Ἀαρὼν
3767 5227 3837 5280 τὸ

2177 5315 2346 5390 δεξιὸν
2407 5320 2570 5391 μέρος
2616 5319 2706 5370 καὶ
2771 5318 2964 5390 μέχρις
2998 5314 3160 5369 αὐτοῦ
3215 5312 3401 5368 διώκει
3430 5317 3527 5367 τοῦ
3557 5315 3833 5388 χάρακος,

409 5411 695 5486 κατασχὼν
745 5409 975 5484 ζωγρίαν
1026 5408 1112 5460 καὶ
1163 5405 1440 5478 Ῥωμανὸν
1489 5406 1579 5460 τὸν
1647 5409 1917 5482 Σκληρόψ
1969 5407 2057 5461 καὶ
2107 5408 2252 5482 τάχα
2284 5407 2340 5461 ἂν
2378 5406 2717 5482 ἀπηνέγκατο
2775 5405 3008 5477 καθαρὰν
3055 5403 3152 5470 τὴν
3210 5403 3390 5472 νίκην,
3451 5401 3495 5456 εἶ
3558 5405 3635 5474 μὴ
3698 5401 3832 5457 λίαν

1596 5541 1960 5597 XYLANDRI
2007 5543 2093 5596 ET
2131 5541 2348 5598 GOARl
2391 5541 2617 5595 NOTAE.

484 5642 594 5712 (51)
627 5637 1293 5713 Kpuvélnpov,_delirum,
1327 5636 1494 5707 quasi
1529 5637 1752 5693 diceres
1796 5639 2030 5695 cerebro

2217 5641 2441 5695 ratione
2488 5636 2673 5693 delira
2720 5651 2942 5692 senem.
2991 5632 3089 5687 Τὸν
3121 5626 3458 5708 κρονόληρον
3503 5635 3574 5690 ad
3605 5635 3824 5708 Xylan-

410 5713 585 5769 drum
619 5712 870 5768 remitto.
891 5711 970 5750 ⁷-
1002 5711 1184 5765 ῦοΑει.
