4060 6344
156 436 259 496 361
1294 432 1835 496 HISTORIARUM
1884 429 2430 496 GOMPENDIUM.
3440 436 3560 500 362

152 563 352 639 ὶγὲνετο
380 559 624 635 εὐλαϐής
657 564 746 619 καὶ
777 568 875 619 τοῦ
905 563 1192 620 σκυλεῖηαι
1226 564 1496 639 ἀπέσχετο
1526 552 2036 637 τὴνχπαρεμόολήν,
2076 558 2179 632 ἤδη
2210 560 2300 616 καὶ
2331 566 2426 617 τοῦ
2452 564 2746 635 Κομνηνοῦ
2775 565 3212 627 καταπισθὲντος
3249 565 3341 621 καὶ
3374 572 3558 644 φυγεῖν

153 655 220 716 εἷς
269 656 497 710 Νίκαιαν
548 649 980 715 ἀποϐλέποντος.
1032 655 1092 711 Ὁ
1133 651 1190 708 δὲ
1240 652 1577 725 Κεκαυμένος
1623 654 1686 707 τὸ
1734 652 1852 707 κατ’
1878 652 2040 706 αὐτὸν
2071 652 2406 726 τρεψάμενος
2438 649 2678 728 ἀκριϐῶς
2707 654 2809 709 οὐκ
2838 653 3035 729 ἐπέσχε
3057 654 3159 722 τὴν
3191 650 3392 728 δίωξιν,
3434 653 3561 713 ἀλλ’

152 743 301 818 ἄχρις
330 745 500 799 αὐτοῦ
530 748 628 799 τοῦ
659 745 902 819 χάρακος
933 743 1137 820 φθάσας
1167 742 1329 798 αὐτόν
1359 763 1416 797 τε
1466 741 1718 817 ῥήγνυσι,
1750 740 1840 795 καὶ
1889 739 2018 794 ε’σω
2066 737 2355 814 γινόμενος
2405 742 2495 795 καὶ
2544 741 2638 803 τὰς
2681 742 2879 813 σκηνὰς
2938 739 3234 818 διαρπάσας
3294 743 3385 799 καὶ
3438 749 3558 808 τοῖς

150 834 311 910 ξίφεσι
340 833 538 895 ταύτας
567 833 885 905 κατατεμὼν
919 833 994 894 είς
1051 839 1154 906 γῆν
1215 828 1451 908 ἔρριψεν.
1483 833 1650 905 Ὃπερ
1697 829 1878 893 θεαθέν
1934 834 2050 889 τοῖς
2104 828 2295 904 πόρῥω
2357 825 2553 902 (ἔκειτο
2607 831 2709 905 γὰρ
2765 833 2800 899 ἡ
2855 826 3184 906 παρεμϐολή
3238 831 3327 887 ἰπὶ
3380 833 3554 889 τόπου

152 921 347 996 δίαρμα
375 917 632 996 ἔγοντος)
663 925 859 996 θάρσος
896 922 989 994 μὶν
1019 916 1242 975 ἐνέϐαλε
1267 926 1385 982 τοῖς
1418 920 1557 997 ἀμφὶ
1584 920 1675 973 τὸν
1710 918 2012 991 Κομνηνὸν,
2046 914 2250 972 δειλίαν
2311 914 2368 972 δὲ
2414 922 2531 979 τοῖς
2573 918 2696 993 περὶ
2739 919 2829 972 τὸν
2890 920 3128 996 Ἀαρών·
3182 918 3552 995 σεσυλημὲνον

149 1014 239 1086 γάρ
294 1009 504 1073 item;
555 1012 644 1066 τὸν
694 1010 910 1086 χάρακα
949 1011 1003 1064 οἱ
1058 1008 1151 1082 μὲν
1191 1007 1558 1079 ἆνηλάλαξαν,
1604 1009 1655 1062 οἱ
1700 1004 1758 1061 δὲ
1804 1007 1941 1079 πρὸς
1988 1008 2160 1083 φυγὴν
2222 1005 2504 1081 ὥρμησαν.
2538 1008 2635 1061 Καὶ
2679 1008 2864 1062 πίπτει
2919 1008 3013 1080 μὶν
3059 1008 3165 1063 ἀπὸ
3210 1013 3307 1064 τοῦ
3359 1010 3558 1086 μερους

147 1106 235 1155 τοῦ
268 1102 543 1176 βασιλᾶως
579 1098 711 1161 λαὸς
746 1098 947 1168 πολὺς,
992 1100 1108 1154 κατ’
1140 1098 1405 1173 ἐξαίρετον
1448 1096 1504 1151 δὲ
1551 1093 1876 1162 Μακεδόνες,
1909 1095 1970 1149 οὐ
2017 1095 2184 1168 μόνον
2233 1095 2339 1150 ἀπὸ
2386 1100 2483 1150 τοῦ
2528 1101 2897 1171 στρατιωτῶν,
2932 1095 3077 1152 ἀλλὰ
3124 1098 3214 1153 καὶ
3262 1102 3557 1177 στρατηγοὶ

148 1189 368 1258 πολλοὶ,
402 1192 433 1245 6
462 1187 999 1264 Μαυροκατακαλὼν,
1032 1190 1060 1243 ὁ
1092 1187 1384 1261 Πνυέμιος,
1417 1188 1446 1243 6
1478 1184 1894 1257 Κατζαμοόντης
1921 1204 2010 1238 και
2041 1181 2206 1240 ἄλλοι
2239 1184 2339 1239 οὐκ
2368 1182 2574 1259 ὀλίγοι,
2606 1184 2851 1241 ἑάλωσαν
2885 1183 2942 1241 δὲ
2971 1187 3060 1241 καὶ
3092 1185 3293 1261 πολλῷ
3334 1187 3560 1256 πλείους

146 1284 243 1333 τῶν
268 1279 655 1350 ἀναιρεθέντων
666 1320 679 1335 .

208 1370 296 1422 Ἐν
327 1367 507 1441 ταύτῃ
538 1370 606 1441 τῇ
642 1368 794 1441 μάχῃ
825 1365 1007 1444 φασὶν,
1042 1366 1125 1420 ὅτι
1154 1369 1261 1420 τῶν
1312 1364 1436 1439 περῖ
1485 1363 1575 1418 τὸν
1638 1362 1783 1437 βασι-

1976 1363 2035 1418 In
2070 1363 2180 1419 hoc
2212 1364 2412 1436 praelio
2460 1365 2674 1432 ferunt,
2710 1365 2896 1437 pulsis
2948 1367 3366 1439 imperatoriis,
3398 1368 3558 1425 Ran-

147 1455 237 1509 λὲα
288 1456 605 1529 τραπίντων
662 1452 1028 1531 Ῥανδοῦλφος
1084 1455 1112 1508 6
1171 1454 1431 1528 Φράγγος
1488 1450 1539 1513 ἐς
1592 1452 1783 1524 μὲσους

1898 1451 2185 1524 dulpbum
2220 1454 2508 1509 Francum
2560 1454 2713 1510 inter
2760 1455 2985 1511 medios
3037 1455 3328 1527 fugientes
3360 1473 3555 1529 perse-

145 1544 627 1617 περιπλανώμενος
684 1543 828 1606 τούς
878 1564 937 1598 τε
1011 1542 1304 1619 φεύγοντας
1372 1540 1461 1595 καὶ
1520 1541 1649 1601 τοὺς
1707 1536 1787 1593 δι-

145 1632 378 1693 ώκοντας
423 1631 601 1702 ἐζήτει
658 1631 1046 1703 συμπλακῆναί
1115 1652 1221 1684 τινι
1277 1635 1384 1685 τῶν
1445 1630 1784 1702 ὀνομαστῶν.

144 1721 283 1774 Ἐπεὶ
328 1717 387 1774 δι
424 1721 589 1791 μάθοι
620 1721 695 1783 ὡς
742 1719 1060 1794 Νικηφόρος
1091 1717 1280 1775 δίεισιν
1328 1720 1355 1774 6
1403 1722 1784 1786 Βοτανειάτης,

143 1808 262 1871 τοὺς
296 1807 509 1870 ἄλλους
546 1807 864 1864 καταλιπὼν
924 1809 1089 1883 ἀπῄει
1138 1809 1273 1883 πρὸς
1319 1806 1541 1875 ἐκεῖνον,
1577 1805 1790 1883 πόρῥω-

145 1909 223 1961 θεν
274 1898 497 1974 κράζων
555 1899 645 1953 καὶ
707 1897 883 1971 μένειν
942 1896 1414 1973 παρεγγυώμενος,
1456 1894 1639 1967 δηλῶν
1697 1894 1787 1949 καὶ

143 1980 385 2057 τοῦνομα
443 1984 592 2047 ὅστις
650 1980 736 2055 εἴη
793 1986 883 2040 καὶ
934 1984 1018 2059 ἐφ’
1078 1986 1124 2057 ᾧ
1171 1982 1583 2058 προσκαλεῖται.
1614 1985 1787 2056 ’Ὁπερ

139 2073 291 2145 γνοὺς
343 2075 375 2127 6
436 2079 795 2144 Βοτανειάτης
844 2072 1032 2144 ’ίστησι
1072 2074 1163 2128 τὸν
1221 2072 1452 2147 δρόμον,
1504 2073 1594 2128 καὶ
1642 2071 1785 2149 ἐγγί-

139 2183 282 2216 σαντι
333 2168 419 2235 τῷ
476 2160 832 2240 Ῥανδοῦλφῳ
884 2164 1304 2240 προσμίγνυται,
1355 2163 1444 2218 καὶ
1498 2161 1641 2216 παίει
1695 2161 1789 2234 μὲν

142 2250 340 2314 ἐκεῖνος
402 2256 480 2323 τῷ
530 2252 665 2329 ξίφει
718 2254 818 2321 τὴν
869 2249 1068 2307 ἀσπίδα
1133 2256 1230 2307 τοῦ
1276 2248 1645 2328 Ῥανδούλφου
1696 2250 1787 2305 καὶ

137 2343 320 2411 τὲμνει
354 2339 514 2415 διχῆ,
549 2340 694 2395 παίει
728 2338 785 2395 δὲ
834 2343 862 2397 6
888 2338 1252 2416 Ῥανδοῦλφος
1297 2339 1456 2394 αὐτὸν
1508 2339 1645 2394 κατὰ
1687 2341 1787 2406 τῆς

138 2430 389 2503 κόρυθος,
425 2426 778 2499 διολισθῆσαν
839 2428 897 2485 δὲ
951 2431 1013 2484 τὸ
1061 2429 1208 2505 ξίφος
1267 2428 1369 2483 οὐκ
1421 2423 1668 2501 ἔϐλαψε·
1702 2424 1788 2482 διὸ

142 2520 227 2573 καὶ
288 2516 688 2592 συνδραμόντες
745 2519 883 2594 πρὸς
932 2520 1026 2574 τὸν
1087 2517 1440 2587 Βοτανειάτην
1471 2514 1791 2592 ἕτεροιχει-

141 2613 357 2683 ροῦνται
398 2607 637 2682 ζωγρίαν
691 2609 784 2663 τὸν
841 2604 1009 2683 ἄνδρα
1054 2608 1143 2662 καὶ
1218 2606 1271 2669 ἐς
1344 2607 1435 2661 τὸν
1505 2607 1786 2679 Κομνηνὸν

139 2698 457 2771 ἀπάγουσιν.
520 2698 750 2753 Ἔπεσον
806 2694 863 2751 δὶ
918 2696 1007 2751 καὶ
1059 2701 1167 2751 τῶν
1227 2695 1287 2751 ἰκ
1340 2700 1436 2750 τοῦ
1493 2699 1782 2768 Κομνηνοῦ

139 2787 436 2862 στραεηγὸς
489 2786 583 2858 εἷς,
658 2787 808 2841 Λέων
863 2787 891 2841 6
950 2784 1255 2861 ’Δντίοχος,
1288 2784 1400 2856 ίκαὶ
1463 2782 1784 2859 στρατιῶταί

138 2896 295 2936 τινες.

200 2963 511 3035 Γενομένης
544 2960 602 3017 δὲ
640 2967 740 3029 τῆς
789 2963 960 3033 ἥττης
1013 2964 1103 3018 καὶ
1157 2967 1267 3018 τῶν
1318 2962 1378 3017 ὲκ
1418 2966 1519 3027 τῆς
1574 2968 1782 3036 τροπῆς

136 3052 220 3105 καὶ
248 3056 349 3107 τοῦ
380 3049 636 3124 πολέμου
666 3048 1037 3106 διασωθὶντων
1070 3050 1123 3113 ἐς
1171 3051 1263 3106 τὸν
1318 3048 1544 3126 βασιλέα
1600 3049 1783 3105 ἐλθόν-

134 3162 235 3193 των
288 3143 405 3213 ἅμα
459 3145 541 3213 τῷ
599 3138 903 3213 δομεστίκῳ
960 3140 1048 3195 καὶ
1090 3145 1169 3212 τῷ
1200 3139 1431 3213 ’Λαρὼν,
1463 3138 1624 3201 αὐτὸς
1686 3140 1780 3211 μὲν

133 3230 434 3305 ἀπεγνώκει
492 3230 560 3284 τὰ
617 3230 909 3305 πράγματα
981 3229 1070 3284 καὶ
1126 3226 1233 3298 ἤδη
1288 3225 1659 3303 προσδόκιμος
1714 3227 1779 3297 ἦν

136 3324 236 3372 τῶν
270 3321 496 3373 πάντων
528 3318 790 3395 ἀφέμενος
846 3320 1157 3395 καταφυγὴν
1212 3316 1304 3372 καὶ
1362 3316 1632 3388 σωτηρίαν
1682 3322 1782 3387 ζη-

132 3414 255 3461 τεῖνο
315 3406 445 3463 ἀλλ’
505 3408 556 3461 οἱ
613 3408 736 3482 περὶ
804 3407 964 3462 αὐτὸν
1036 3407 1098 3461 οὐ
1174 3406 1561 3481 συνεχώρησαν
1620 3411 1782 3461 τοῦτο

133 3499 379 3565 ποιῆσαι,
440 3494 589 3550 ἄλλα
684 3497 860 3568 μένειν
940 3494 1279 3568 παρεκάλουν
1356 3494 1446 3549 καὶ
1530 3492 1783 3565 τελευτᾷν

134 3585 388 3659 εὐγενῶς,
435 3583 487 3638 εἴ
548 3581 747 3655 δεήσει,
800 3584 920 3659 περὶ
974 3592 1074 3653 τῆς
1127 3584 1427 3661 βασιλείας.
1466 3584 1635 3641 Πάλιν
1684 3586 1779 3658 μὶν

134 3673 219 3727 ὦν
272 3672 665 3749 στρατολογεῖν
710 3673 798 3727 καὶ
840 3674 977 3745 πρὸς
1039 3670 1285 3747 δευτέρας
1336 3673 1780 3751 ἀντιπαρατάξεις

137 3768 337 3839 χωρεῖν
402 3762 655 3837 ὀχληρὸν
712 3763 800 3816 καὶ
851 3760 1166 3840 ἀσύμφορον
1202 3766 1287 3833 [Ρ.
1320 3766 1444 3836 803]
1480 3763 1779 3837 ἐνομίζετο,

136 3850 266 3923 ᾤετο
321 3849 385 3906 δὶ
438 3852 800 3925 περιέσεσθαι,
850 3850 895 3905 εἶ
943 3852 1043 3918 τὴν
1100 3855 1210 3905 τῶο
1267 3851 1510 3907 πολιτῶν
1569 3850 1780 3907 εὔνοιαν

135 3940 453 3997 ἱππ-πέσον
519 3938 637 4003 ὅθεν
694 3941 784 3994 καὶ
839 3938 1067 4001 τούτους
1123 3945 1369 4013 περιεῖπε
1425 3941 1513 3995 καὶ
1576 3938 1781 4012 δώροις

136 4036 346 4105 ωνεῖχε
416 4028 508 4083 καὶ
594 4028 1053 4106 φιλοτιμήμασιν.
1110 4033 1164 4082 ⁸0
1249 4025 1307 4083 δὲ
1376 4031 1660 4102 Κομνηνὸς
1715 4030 1783 4085 τὰ

1899 1546 2262 1613 quentesque
2309 1543 2679 1598 oberrantem
2729 1560 2864 1599 cum
2916 1542 3128 1599 celebri
3159 1543 3358 1617 aliquo
3389 1545 3551 1617 cupi-

1895 1629 2051 1684 visse
2108 1631 2405 1702 congredi.
2468 1633 2647 1702 Atque
2703 1632 2801 1687 ubi
2858 1634 3106 1688 sentiret
3152 1633 3549 1706 Nicephorum

1897 1718 2258 1773 Botaniatem
2294 1736 2361 1774 ea
2404 1720 2675 1785 transire,
2710 1720 2955 1791 reliquis
3002 1720 3241 1777 omissis
3286 1722 3347 1777 in
3378 1722 3546 1778 illum

1898 1808 2291 1874 contendisse,
2323 1809 2556 1863 eminus
2605 1808 3018 1864 vociferantem
3071 1814 3252 1881 utque
3284 1816 3552 1867 maneret

1899 1894 2256 1966 hortantem,
2287 1903 2345 1952 et
2391 1898 2526 1969 quis
2574 1898 2700 1970 ipse
2751 1902 2910 1953 esset
2957 1900 3307 1954 nominatim
3357 1899 3549 1970 expri-

1899 1989 2180 2051 mentem,
2210 1990 2268 2041 et
2293 1986 2365 2041 ad
2409 2002 2584 2057 quam
2618 2003 2737 2042 rem
2790 1993 3147 2057 provocarat.
3183 1989 3347 2053 Quod
3378 1992 3550 2043 Bota-

1897 2075 2115 2130 niatem
2148 2076 2712 2131 animadvertentem
2743 2075 2995 2132 inhibito
3025 2092 3204 2132 cursu
3233 2093 3367 2132 cum
3405 2077 3555 2133 Ran-

1899 2161 2120 2235 dulpho
2137 2180 2380 2219 manum
2398 2163 2788 2231 conseruisse,
2803 2169 3193 2236 secutumque
3206 2166 3337 2237 ejus
3357 2165 3554 2238 gladio

1898 2252 2291 2321 dissecuisse;
2326 2252 2744 2325 Randulphum
2776 2269 2977 2309 ensem
3010 2254 3068 2308 in
3101 2254 3420 2310 Botaniataa
3441 2271 3549 2327 ga-

1899 2339 2050 2396 leam
2082 2341 2419 2413 impegisse,
2445 2343 2681 2415 ictuque
2700 2359 2830 2399 eum
2855 2344 3009 2400 682
3032 2343 3339 2416 delapsum
3364 2344 3552 2402 irrito.

1900 2433 2082 2502 Atque
2113 2430 2191 2485 ita
2213 2431 2427 2486 factum
2455 2437 2518 2486 ut
2548 2431 2645 2486 alii
2667 2433 2737 2487 ad
2767 2432 3129 2487 Botaniatem
3154 2437 3551 2498 accurrerent,

1898 2525 2253 2590 captumque
2302 2519 2720 2591 Randulphum
2772 2521 2842 2575 ad
2871 2521 3236 2576 Comnenum
3287 2521 3549 2578 abduce-

1898 2613 2046 2662 rent.
2086 2613 2122 2660 A
2158 2610 2451 2663 Comneno
2481 2625 2638 2664 unus
2658 2609 2937 2665 occubuit
2967 2610 3176 2665 ductor
3206 2610 3319 2666 Leo
3349 2611 3548 2666 Antio-

1898 2695 2065 2763 chus,
2099 2701 2158 2752 et
2186 2696 2402 2753 milites
2432 2695 2681 2769 aliquot.

1965 2969 2214 3034 Accepta
2243 2962 2354 3019 hac
2400 2963 2585 3032 clade,
2618 2968 2676 3019 et
2723 2964 2797 3020 iis
2827 2964 2925 3036 qui
2954 2979 3024 3020 ex
3071 2965 3318 3022 adverso
3349 2966 3547 3038 prmlio

1893 3057 2199 3108 evaserant
2227 3053 2298 3108 ad
2332 3052 2745 3125 imperatorem
2771 3054 3022 3110 reversis
3051 3071 3187 3110 cum
3219 3055 3551 3111 domestico

1893 3147 1951 3198 et
1992 3146 2235 3209 Aarone,
2271 3142 2590 3212 imperator
2635 3143 2706 3198 de
2758 3159 2995 3198 summa
3024 3160 3221 3199 rerum
3269 3144 3547 3216 despera—

1891 3232 2012 3300 vit;
2043 3237 2397 3304 paratusque
2425 3238 2549 3286 erat
2579 3232 2871 3303 refugium
2922 3232 3160 3304 aliquod
3192 3237 3249 3288 et
3293 3232 3545 3289 salutem

1892 3336 2172 3391 quaerere,
2204 3320 2450 3391 imperio
2498 3320 2767 3389 dimisso,
2803 3321 2851 3376 si
2899 3321 3217 3378 familiares
3249 3321 3357 3377 hoc
3388 3323 3544 3394 passi

1891 3415 2112 3466 essent.
2163 3409 2272 3474 Qui
2323 3409 2536 3464 hortati
2581 3415 2722 3465 sunt
2753 3414 2817 3465 ut
2865 3412 3228 3482 perduraret,
3261 3428 3329 3468 ac
3377 3411 3426 3467 si
3460 3411 3543 3467 ita

1892 3498 2067 3553 ferret
2120 3515 2313 3568 casus,
2377 3515 2756 3571 propugnans
2813 3515 2916 3570 pro
2962 3499 3209 3571 imperio
3257 3516 3540 3573 generose

1891 3588 2086 3659 potius
2152 3591 2493 3642 moreretur.
2564 3587 2867 3643 Enimvero
2935 3604 3115 3644 novos
3192 3590 3535 3645 contrahere

1890 3676 2178 3731 exercitus
2204 3692 2270 3731 ac
2301 3677 2490 3731 denuo
2522 3691 2727 3746 pugnas
2759 3674 2944 3731 aleam
2976 3681 3203 3733 tentare
3231 3677 3538 3733 videbatur

1892 3766 2206 3820 molestum
2236 3780 2303 3819 ac
2334 3762 2560 3819 inutile.
2583 3765 3009 3835 Superaturum
3038 3782 3100 3820 se
3131 3767 3405 3837 sperabat
3424 3767 3537 3822 im-

1893 3859 2146 3927 perator,
2194 3853 2241 3909 si
2303 3852 2519 3908 civium
2580 3852 3036 3908 benevolentiam
3087 3854 3199 3910 sibi
3250 3860 3537 3927 parasset.

1890 3944 2093 4014 Itaque
2125 3942 2297 3997 modo
2343 3942 2452 3997 hos
2504 3942 2677 3998 modo
2724 3940 2858 3998 illos
2907 3943 3318 4000 demerebatur
3364 3944 3539 4000 donis

1894 4037 2069 4103 atque
2103 4031 2465 4086 muneribus.
2511 4029 2840 4087 Comnenus
2887 4036 3106 4102 autem,
3139 4032 3339 4089 fractis
3367 4032 3544 4090 dissi-

136 4116 339 4173 ἐναντία
441 4117 674 4193 θραύσας
771 4116 1146 4192 στρατεύματα
1227 4118 1315 4172 καὶ
1406 4115 1779 4191 διασκεδάσας,

1896 4090 2160 4192 patisque
2191 4119 2450 4174 hostium
2483 4119 2727 4190 viribus,
2759 4137 2793 4175 a
2821 4121 3012 4176 Nictea
3035 4090 3233 4187 movit,
3260 4121 3547 4194 tertioque

134 4207 441 4268 ἀπαναστὰς
502 4205 558 4261 ἐν
626 4207 856 4267 Νικαίας
926 4210 1168 4280 τριταῖος
1245 4205 1322 4267 εἷς
1406 4205 1778 4281 Νικομήδειαν

135 4294 351 4372 ἔρχεται
434 4299 644 4351 Ἐκεῖσε
693 4292 751 4349 δὶ
796 4294 941 4366 αὖτῷ
1026 4296 1307 4369 γενομένῳ
1376 4297 1633 4374 φθάνουσι
1693 4298 1784 4352 καὶ

135 4381 460 4458 πρεσϐευταὶ
533 4382 822 4456 βασιλέως,
880 4384 909 4438 6
967 4380 1233 4459 πρόεδρος
1309 4386 1713 4448 Κωνσταντῖνος
1755 4386 1783 4441 ὀ

135 4471 467 4548 Δειχοῦὂης,
502 4472 531 4525 6
562 4468 829 4547 πρόεδρος
860 4468 1140 4545 Θεόδωρος
1165 4472 1192 4526 6
1220 4471 1494 4542 ’Δλωπὸς,
1512 4481 1786 4529 Κωνσταν-

136 4568 275 4623 the;
308 4563 338 4616 6
372 4559 594 4622 Ψελλὸς
627 4562 655 4615 6
683 4558 793 4615 τῶν
824 4560 1141 4638 φιλοσόφων
1201 4559 1401 4622 ὕπατος
1450 4565 1580 4635 (52).
1617 4564 1782 4620 Οὗτοι

134 4652 229 4724 γὰρ
287 4652 341 4704 οἱ
405 4654 552 4725 τρεῖς
612 4646 800 4722 ἄνδρες
854 4648 941 4703 ἐπὶ
1006 4648 1167 4728 σοφίᾳ
1210 4651 1299 4704 καὶ
1333 4649 1500 4725 λόγου
1558 4648 1780 4724 δυνάμει

135 4741 233 4791 te}:
278 4740 423 4794 κατὰ
471 4739 573 4805 τὴν
627 4737 835 4812 ἡμέραν
906 4738 1110 4807 ἐκείνη-ο
1160 4738 1461 4814 ἀνθρώπων
1513 4735 1779 4816 διαφέρειν

136 4824 437 4897 δοκοῦντες,
468 4826 558 4880 καὶ
616 4826 950 4901 ἀσυγκρίτως
992 4829 1020 4880 ὁ
1052 4824 1294 4894 Ψελλὸς,
1329 4826 1647 4902 ἐξελᾶγησαν
1710 4829 1783 4889 εἰς

134 4920 191 4971 τὸ
218 4910 572 4991 πρεσϐεῦσαυ
603 4916 692 4970 καὶ
743 4913 1143 4990 προσεδόκησεν
1179 4917 1207 4970 6
1259 4915 1515 4991 βασιλεὺς
1575 4915 1783 4992 μεγάλα

134 5006 568 5078 καταπράξασθαι
626 5002 715 5058 διά
768 5012 870 5073 τῆς
925 5002 1143 5058 ἐκείνων
1199 5004 1486 5077 εὐστομίας
1529 5005 1617 5059 καὶ
1678 5005 1781 5081 χά-

134 5115 298 5166 ριτος.
352 5095 697 5168 Ύπισχνεῖτο
754 5090 812 5148 δὶ
867 5095 901 5161 ἡ
953 5088 1212 5165 πρεσϐεία
1280 5092 1642 5165 καταθέμενον
1717 5098 1784 5149 τὰ

134 5182 275 5237 ὅπλα
320 5183 419 5236 τὸν
483 5182 767 5254 Κομνηνὸν
828 5180 987 5235 αὐτὸν
1044 5182 1139 5253 μὶν
1200 5182 1581 5251 υἱοθετηθῆναι
1637 5184 1784 5258 παρὰ

130 5276 225 5324 τοῦ
285 5268 558 5345 βασιλέως
613 5269 701 5323 καὶ
778 5269 1014 5343 Καίσαρα
1085 5269 1479 5347 ἀναρρηθῆναι,
1541 5276 1670 5325 πᾶσι
1727 5270 1783 5326 δὲ

1890 4210 1984 4264 die
2027 4207 2425 4264 Nicomediam
2477 4208 2655 4263 venit.
2710 4209 2793 4265 lbi
2841 4210 2891 4264 ei
2942 4214 3324 4266 occurrerunt
3370 4210 3546 4282 legati

1892 4298 2285 4371 imperatoris,
2318 4315 2534 4371 preses
2566 4299 2993 4354 Constantinus
3026 4299 3367 4371 Leichudes,
3397 4316 3543 4372 pra;-

1894 4405 1988 4444 ses
2019 4387 2316 4443 Thidorus
2346 4386 2589 4459 Alopus,
2620 4387 3045 4444 Constantinus
3076 4389 3303 4445 Psellus
3355 4389 3541 4461 philo-

1893 4476 2212 4548 sophorum
2250 4475 2542 4549 princeps.
2578 4477 2801 4531 Etenim
2853 4477 2914 4532 hi
2948 4482 3068 4533 tres
3115 4479 3221 4533 viri
3254 4477 3544 4550 sapientia

1893 4574 1948 4621 el
2014 4564 2285 4621 facundia
2349 4565 2610 4621 omnium
2671 4566 2773 4637 qui
2838 4571 2982 4622 tunc
3037 4568 3311 4623 vivebant
3366 4567 3540 4639 primi

1893 4654 2099 4718 habiti,
2156 4659 2214 4710 et
2280 4654 2512 4725 quidem
2581 4659 2745 4710 extra
2809 4656 3267 4726 comparationis
3322 4661 3539 4712 sortem

1892 4743 2143 4812 Psellus,
2177 4744 2246 4798 ad
2276 4759 2403 4797 eam
2454 4741 2802 4815 legationem
2856 4744 3089 4800 fuerant
3117 4746 3349 4812 delecti,
3384 4745 3540 4816 quod

1891 4830 2212 4901 imperator
2270 4845 2468 4883 eorum
2533 4829 2865 4900 eloquentia
2920 4838 2977 4886 et
3025 4832 3179 4887 088
3236 4831 3427 4905 gratia
3482 4848 3545 4887 se

1893 4919 2147 4973 maxima
2188 4922 2640 4973 consecuturum
2695 4920 2988 4990 sperabat.
3022 4921 3216 4993 Legati
3251 4920 3547 4992 promitte-

1892 5008 2033 5063 bant
2062 5010 2447 5071 Comoenum,
2480 5006 2528 5061 si
2562 5006 2635 5061 ab
2662 5008 2844 5061 armis
2876 5008 3269 5074 discessisset,
3299 5010 3542 5080 adopta—

1892 5101 2016 5150 tum
2049 5096 2121 5150 ab
2164 5096 2512 5166 imperatore
2561 5111 2627 5149 ac
2676 5094 2958 5151 Caesarem
3007 5098 3380 5169 designatum
3426 5097 3541 5165 iri;

1891 5189 1949 5239 et
1977 5184 2250 5239 omnibus
2292 5183 2390 5254 qui
2434 5182 2621 5255 ipsius
2652 5185 2836 5240 seouti
2871 5191 3068 5240 essent
3100 5191 3315 5258 partes,
3344 5187 3544 5258 impu-

1892 5274 2137 5328 nitatem
2194 5271 2667 5344 oblivionemque
2717 5273 3067 5344 injuriarum
3120 5275 3544 5347 promittebant

1322 5414 1698 5470 XYLANDRI
1739 5415 1823 5470 ET
1862 5414 2081 5472 GOARI
2121 5412 2352 5468 NOT/E.

206 5532 313 5602 .153;
349 5529 477 5585 Non
527 5545 596 5584 ex
642 5529 853 5602 merito
901 5528 1116 5595 solum,
1168 5531 1269 5585 sed
1315 5546 1383 5584 ex
1424 5529 1615 5602 officio
1652 5534 1784 5602 tam

130 5598 485 5687 exquisitum
555 5600 724 5687 Pselli
797 5617 1039 5687 nomen,
1083 5619 1211 5685 .quo
1283 5603 1392 5654 τῶν
1466 5598 1785 5677 φιλοσόφων

130 5675 356 5741 επιτος,
391 5673 499 5728 hoc
520 5679 609 5728 est
631 5672 951 5744 ὑπέρτατος,
984 5672 1234 5741 dicitur;
1267 5672 1606 5745 quanquam
1635 5672 1781 5729 nen-

132 5748 243 5803 nisi
267 5764 337 5803 ex
372 5746 579 5801 merito
610 5745 969 5801 tribueretur
1000 5745 1285 5813 otﬁcium,
1308 5762 1463 5804 nono
1486 5762 1667 5820 supra
1693 5746 1783 5803 vi-

453 5872 717 5936 Ρηιιοι.
764 5873 880 5935 Gs.
923 5870 1155 5934 CXXII.

1890 5531 2185 5657 gesimum
2245 5527 2370 5584 loco
2424 5527 2579 5612 inter
2635 5529 3353 5615 palatina_enumeratum
3406 5533 3446 5588 1.
3508 5535 3547 5587 2

1932 5618 2053 5656 uris
2102 5600 2551 5656 ϐτεεοοῐιοωιηι.
2605 5601 2799 5657 Gessnt
2854 5609 3028 5657 etiam
3080 5603 3221 5657 illud
3275 5606 3542 5657 Theodo-

1932 5602 2053 5656 uris
2102 5600 2551 5656 Greecoromani.
2605 5601 2799 5657 Gessit
2854 5602 3028 5658 etiam
3080 5603 3221 5659 illud
3275 5606 3542 5661 Theodo-

1893 5690 1994 5729 rus
2026 5671 2358 5799 patriarcha
2386 5673 2518 5742 CP.,
2564 5673 2636 5728 de
2667 5690 2784 5746 quo
2824 5675 2895 5730 ad
2944 5676 3210 5747 ejusdem
3263 5676 3399 5734 libri
3430 5676 3544 5733 cal-

1893 5761 2036 5803 cem.
2120 5760 2250 5800 osa.
