4060 6344
462 428 578 491 363

457 648 868 719 imperatorem
895 665 1096 702 rursus
1118 665 1250 703 cum
1275 649 1405 704 aliis
1439 651 1733 704 mandatis
1765 651 2106 716 mittuntur,

458 736 849 806 inciduntque
881 737 938 790 in
970 738 1331 792 Comnenum
1367 739 1522 808 apud
1556 738 1920 807 Reas.[lujus
1954 737 2106 807 lega-

455 825 635 880 tionis
665 825 956 880 sententia
985 831 1110 880 erat
1139 842 1268 881 esse
1299 828 1640 897 adoptatum
1668 829 1794 897 jam
1828 845 1893 881 ac
1927 831 2109 883 Caesa-

458 930 580 968 rem
611 911 964 968 declaratum
992 912 1379 982 Comnenum,
1409 919 1465 970 et
1488 915 1877 986 imperatorii
1902 916 2108 970 litteris

459 1003 735 1058 omnibus
782 1003 880 1072 qui
931 1019 1064 1057 cum
1117 1004 1243 1073 ipso
1296 1003 1548 1058 fuissent
1591 1005 1928 1075 dignitates,
1963 1022 2109 1075 quas

458 1095 655 1145 essent
685 1090 904 1161 adepti,
937 1093 1298 1146 conﬁrmari.
1325 1093 1434 1148 Eas
1463 1097 1795 1148 Comnenus
1827 1093 2110 1147 conditio-

460 1196 588 1246 nes,
618 1185 674 1233 et
703 1179 799 1248 qui
833 1195 962 1233 cum
996 1196 1061 1234 eo
1095 1186 1262 1235 erant
1290 1183 1490 1246 duces,
1525 1181 1958 1250 collaudarunt,
1982 1198 2110 1236 eas-

463 1284 574 1338 que
605 1284 783 1322 aurea
811 1267 974 1322 bulla
1005 1269 1340 1324 confirmari
1396 1269 1795 1340 postularunt,
1825 1269 1947 1324 solo
1978 1273 2112 1323 Am-

463 1358 638 1412 busto
667 1356 1034 1426 improbante
1065 1358 1281 1412 omnia.
1316 1359 1418 1413 Hic
1449 1358 1600 1413 enim
1632 1375 1828 1414 senem
1873 1358 2114 1431 imperio

467 1461 710 1517 prorsus
731 1445 967 1514 spoliari
993 1444 1257 1514 volebat;
1294 1447 1722 1518 indignumque
1748 1449 1865 1502 fore
1888 1448 2114 1501 facinus

393 1572 395 1574 -
471 1534 819 1599 afﬁrmabat,
855 1532 925 1599 si,
976 1534 1066 1588 cui
1119 1535 1483 1606 interpositis
1533 1537 1924 1591 sanctissimis
1948 1537 2114 1606 jura-

473 1622 688 1678 mentis
718 1621 1029 1692 imperium
1055 1624 1459 1693 abrogassent,
1485 1641 1618 1679 eum
1642 1642 1848 1680 rursus
1869 1625 1924 1678 id
1955 1642 2119 1680 occu-

473 1726 610 1781 pare
661 1715 1015 1780 paterentur,
1067 1711 1286 1782 Deique
1315 1713 1461 1767 iram
1513 1714 1585 1767 ob
1631 1713 1739 1766 hoc
1795 1714 2116 1784 perjurium

475 1800 756 1853 adversus
787 1799 946 1868 ipsos
977 1817 1342 1855 exarsurum.
1379 1801 1510 1855 Jam
1544 1802 1599 1854 id
1637 1818 1703 1855 ex
1737 1819 1844 1856 usu
1878 1801 2144 1858 minime'

474 1887 618 1952 fore,
651 1891 714 1941 ut
744 1889 815 1940 ab
849 1888 1026 1941 armis
1050 1889 1357 1944 discedant
1390 1907 1401 1943 :
1438 1907 1570 1944 mox
1601 1892 1756 1944 enim
1780 1896 1836 1945 et
1874 1893 2118 1946 Comne-

475 1992 618 2030 num
650 1992 869 2030 veneno
905 1982 1175 2032 necatum
1209 1983 1265 2031 et
1295 1978 1469 2033 sociis
1497 1980 1954 2050 conspirationis
1981 1997 2118 2035 ocu-

475 2063 564 2120 los
594 2064 871 2120 elfossum
905 2065 995 2119 iri.
1028 2068 1106 2119 Ac
1145 2067 1440 2137 proditum
1492 2074 1582 2122 est
1613 2069 1930 2134 memoriae,
1962 2071 2122 2140 ipsos

477 2154 653 2209 etiam
684 2153 907 2224 legatos
956 2155 1360 2224 praevaricatos
1414 2155 1615 2222 fuisse,
1659 2161 1716 2212 et
1763 2159 1935 2214 modo
1965 2159 2124 2214 hunc

479 2243 654 2297 modo
702 2244 858 2297 634
915 2241 1083 2296 illum
1133 2243 1380 2299 diversis
1428 2247 1791 2316 temporibus
1839 2249 2123 2304 Ambusto

479 2332 739 2386 suasisse
773 2336 834 2385 ut
865 2338 1228 2403 oppugnaret
1258 2333 1467 2388 acriter
1505 2336 1729 2390 oblatas
1760 2337 2124 2393 conditiones

479 2435 669 2489 neque
710 2419 1031 2490 quidquam
1083 2421 1444 2476 concederet.
1500 2424 1570 2477 Et
1599 2423 1836 2494 quidem
1890 2425 1994 2479 hoc
2025 2441 2125 2480 eos

479 2507 694 2577 egisse,
730 2523 831 2577 pro
864 2513 1019 2562 certo
1050 2508 1360 2578 perhibent
1409 2509 1447 2563 ii
1496 2511 1712 2581 quibus
1761 2512 1870 2567 ista
1906 2513 2125 2584 optime

474 2600 614 2650 sunt
645 2600 801 2665 nota,
835 2600 890 2650 et
933 2613 966 2651 a
1017 2598 1307 2653 mendacii
1358 2599 1690 2670 suspicione
1738 2606 1877 2656 sunt
1908 2602 2120 2656 immu-

473 2701 578 2739 nes
607 2702 622 2751 ;
652 2685 936 2755 aiuntque
967 2702 1088 2752 eos,
1138 2689 1480 2757 interposito
1519 2689 1930 2759 jurejurando,
1963 2692 2118 2746 affir-

473 2789 668 2828 masse
698 2772 994 2828 Comnenn
1026 2775 1299 2829 ardenter
1327 2792 1460 2830 eum
1493 2778 1565 2831 ab
1602 2779 1823 2834 urbana
1856 2779 2118 2834 multitu-

474 2861 609 2915 dine
658 2861 846 2934 diligi,
881 2879 946 2916 ac
995 2862 1045 2917 si
1096 2867 1330 2917 tantum
1383 2866 1724 2920 accessisset
1773 2869 1843 2921 ad
1891 2869 2120 2933 urbem,

474 2949 596 3005 fore
626 2955 690 3004 ut
718 2950 916 3020 ipsum
949 2967 1035 3016 ea,
1061 2967 1198 3006 sene
1224 2953 1552 3022 exturbato,
1573 2971 1703 3008 cum
1725 2957 2123 3026 gratulatoriis

472 3038 725 3093 victoriae
755 3044 813 3093 et
839 3039 1070 3110 imperii
1102 3041 1464 3096 carminibus
1493 3043 1763 3112 excipiat.
1788 3044 1916 3100 Haec
1950 3046 2006 3099 in
2035 3063 2123 3100 ca-

477 3127 618 3182 stris
644 3131 773 3181 acta
804 3128 1092 3182 feruntur.

1816 427 2129 488 GEORGII
2175 426 2514 487 GEDRENI

455 559 761 615 Neminem
811 560 1003 615 ferunt
1049 563 1188 615 tunc
1238 559 1311 615 iis
1361 577 1691 616 assensum.
1744 559 1978 616 Βενθτεί
2027 561 2097 615 ad

2228 562 2329 618 τοῖς
2409 563 2830 632 συναπαχθεῖσιν
2915 557 3061 630 αὑτῷ

2149 1940 2200 2006 Β

3753 429 3875 490 364

3141 557 3441 630 ἀμνηστίαν
3527 566 3704 616 κακῶν
3780 563 3875 617 καὶ

2216 643 2400 723 ἄφεσιν
2486 652 2592 701 τῶν
2677 646 3267 720 πεπλημμελημένων,
3327 653 3413 709 Ὠς
3480 645 3536 702 δὲ
3592 648 3870 724 λέγουσιν,

2219 733 2397 797 οὐδεὶς
2435 733 2736 811 προσέσχεν
2784 737 2991 803 αὐτοῖς,
3033 734 3423 800 ἐπανελθόντες
3456 735 3503 792 δ’
3533 739 3606 802 ὡς
3639 739 3874 814 βασιλια

2217 824 2307 878 καὶ
2368 823 2548 895 ἑτέραν
2610 821 2894 900 πρεσϐείαν
2963 826 3250 904 εἰληφότες
3307 827 3720 903 ἐπανέρχονται,
3781 829 3872 882 καὶ

2219 909 2726 986 καταλαμϐάνουσιν
2789 914 3089 989 ἐρχόμενον
3159 916 3251 970 τὸν
3329 917 3616 989 Κομνηνὸν
3681 916 3760 978 εἰς
3805 917 3874 972 τὸ

2222 1002 2428 1077 χωρίον
2486 1003 2582 1066 τὰς
2637 1003 2805 1065 Ῥέας.
2865 1001 3105 1073 Ἐδήλου
3163 1001 3218 1058 δὲ
3265 1008 3299 1074 ἡ
3358 1001 3612 1080 πρεσϐεία
3679 1005 3874 1081 ἀναγο-

2224 1099 2476 1167 ρευθῆναι
2532 1092 2624 1164 μὲν
2683 1093 2774 1146 τὸν
2843 1094 3124 1164 Κομνηνὸν
3185 1093 3413 1169 βασιλέα
3472 1094 3874 1164 υίοθετηθὲντα,

2222 1187 2351 1234 πᾶσι
2408 1178 2463 1234 δὲ
2518 1187 2634 1242 τοῖς
2686 1183 3235 1256 συστρατευσαμένοις
3298 1182 3446 1255 αὐτῷ
3507 1179 3876 1258 βεϐαιωθῆναι

2221 1270 2317 1330 τὰς
2358 1271 2503 1344 παρά
2531 1275 2627 1323 τοῦ
2660 1275 2952 1342 Κομνηνοῦ
2981 1273 3145 1344 τιμᾷς
3203 1274 3492 1347 γράμμασι
3537 1271 3872 1346 βασιλικοῖς.

2229 1358 2616 1432 Ἀγγελθείσης
2647 1357 2703 1413 δὲ
2731 1367 2832 1428 τῆς
2875 1359 2934 1414 ἐκ
2987 1359 3252 1433 βασιλέως
3305 1362 3655 1437 ὑποσχίσεως
3715 1361 3878 1424 αὐτὸς

2229 1446 2322 1519 μὲν
2359 1447 2386 1500 ὁ
2436 1449 2723 1519 Κομνηνὸς
2777 1449 2866 1503 καὶ
2923 1451 3116 1511 πάντες
3172 1452 3221 1504 οἳ
3275 1450 3366 1505 σὺν
3412 1452 3560 1523 αὐτῷ
3610 1450 3875 1527 ἄρχοντες

2227 1535 2636 1612 ἐπευφήμησαν,
2694 1537 2783 1591 καὶ
2847 1541 2942 1602 τὰς
3023 1541 3344 1616 ὑποσχέσεις
3416 1537 3876 1618 χρυσοὸουλλείῳ

2224 1629 2403 1702 γραφῇ
2466 1621 2828 1699 βεϐαιωθῆναι
2886 1628 3092 1698 ἠξίουν,
3124 1631 3291 1702 μόνος
3346 1628 3403 1685 δὲ
3452 1633 3480 1685 ὁ
3528 1633 3876 1706 Κεκαυμένος

2227 1714 2562 1788 ἆπηρὲσκετο
2613 1716 2747 1788 πρὸς
2796 1717 2971 1771 πάντα
3021 1719 3109 1772 καὶ
3151 1718 3467 1775 καταλιπεῖν
3502 1720 3734 1776 ἐνέκειτο
3784 1723 3873 1777 τὸν

2227 1803 2454 1877 γέροντα
2505 1805 2602 1872 τὴν
2671 1803 2948 1879 βασιλείαν
3011 1807 3100 1860 καὶ
3164 1811 3548 1886 ὑποχωρῆσαι,
3603 1814 3678 1883 μὴ
3742 1813 3874 1866 εἶναι

2230 1888 2374 1960 ἄξιον
2421 1891 2592 1966 λέγων
2627 1897 2818 1948 τοῦτον
2874 1895 2964 1967 μὲν
3007 1894 3115 1968 ἤδη
3166 1901 3547 1974 καθαιρεθέντα
3597 1900 3686 1955 καὶ
3740 1902 3875 1956 ἀπο-

2231 1981 2576 2055 κηρυχθέντα
2625 1983 2808 2056 ὅρκοις
2852 1983 3306 2061 φρικωδεστάτοις
3362 1987 3512 2053 αὖθις
3575 2011 3874 2065 συγχωρη-

2232 2070 2388 2138 θῆναι
2451 2067 2754 2148 βασιλεύειν
2813 2073 3137 2146 Ῥωμαίων·
3195 2081 3356 2132 τοῦτο
3414 2079 3517 2154 γὰρ
3595 2081 3684 2135 καὶ
3745 2085 3877 2134 θεοῦ

2234 2159 2400 2233 ὀργὴν
2458 2157 2610 2233 ἔλεγε
2674 2163 2914 2232 κινήσειν
2979 2160 3070 2218 διὰ
3114 2166 3213 2234 τὴν
3261 2165 3561 2241 ἐπιορκίαν,
3609 2170 3697 2223 καὶ
3750 2167 3880 2223 οὐδὲ

2233 2250 2420 2311 αὐτοῖς
2481 2248 2687 2304 ἔσεσθαι
2747 2255 3121 2329 συμφέρουσαν
3173 2258 3274 2326 τὴν
3321 2263 3430 2313 τῶν
3478 2258 3664 2316 ὅπλων
3720 2267 3879 2318 κατά-

2233 2339 2410 2392 θεσιν·
2466 2339 2629 2403 αὑτός
2699 2361 2759 2395 τε
2828 2344 2928 2418 γὰρ
3000 2345 3333 2415 υἱοθετηθείς
3395 2349 3702 2426 φαρμάκοις
3751 2375 3878 2408 κατ-

2235 2426 2507 2504 εργασθεὶς
2596 2429 2883 2504 οἰχήσεται
2967 2434 3196 2508 θᾶττον,
3277 2437 3366 2491 καὶ
3457 2435 3682 2502 ἵκαστος
3769 2447 3877 2514 τῶν

2234 2517 2660 2604 συμπραξάντων
2741 2520 2891 2592 αὐτῷ
2955 2523 3033 2576 τὼ
3104 2523 3375 2602 ὀφθαλμὼ
3453 2524 3876 2604 διορυγήσεται.

2232 2606 2459 2692 Λέγεται
2509 2603 2564 2660 δὲ
2607 2606 2690 2660 ὅτι
2737 2609 2826 2662 καὶ
2881 2611 2931 2663 οἱ
2981 2609 3303 2686 πρεσϐευταὶ
3371 2603 3880 2692 παραπρεσϐεύσανο

2234 2714 2343 2762 τες,
2376 2691 2579 2749 ἄλλοτε
2621 2694 2790 2759 ἄλλος
2825 2696 2996 2775 λάθρα
3024 2705 3103 2773 τῷ
3162 2707 3484 2778 Κεκαυμένῳ
3541 2691 3881 2782 προσιόντες,

2235 2782 2575 2857 παρεκάλουν
2635 2782 2852 2860 ἔχεσθαι
2903 2796 3001 2858 τῆς
3059 2790 3347 2856 ἰνστάσεως
3404 2796 3492 2849 καὶ
3554 2795 3686 2870 μηδ’
3734 2797 3882 2860 ὅλως

2237 2868 2475 2924 ἐνδοῦναι
2548 2875 2725 2928 Τοῦτο
2808 2873 2864 2930 δὲ
2937 2877 3095 2933 αὐτὸν
3154 2881 3380 2949 ποιῆσαι
3437 2868 3642 2940 καὶ-οἱ
3696 2887 3884 2952 καλῶς

2233 2957 2433 3022 εἰδότες
2463 2959 2902 3040 ἐπληροφὸρουν,
2937 2965 3126 3038 ἄνδρες
3178 2970 3286 3046 οὐχ
3315 2974 3423 3026 οἷοί
3456 2994 3513 3028 τε
3570 2974 3884 3049 ψεύδεσθαι,

2231 3048 2320 3102 καὶ
2355 3049 2428 3110 εἷς
2460 3049 2618 3105 αὐτὸν
2650 3052 2742 3107 τὸν
2764 3057 3046 3127 Κομνηνὸν
3081 3057 3564 3136 πληροφοροῦντες
3593 3048 3889 3137 ἐνωμότως

2234 3137 2309 3199 ὡς
2365 3137 2501 3192 ἅπαν
2554 3141 2616 3194 τὸ
2674 3142 2888 3198 ἀστικὸν
2949 3143 3164 3215 πλῆθος
3227 3155 3499 3224 περικαῶς
3565 3152 3641 3216 εἷς
3722 3156 3883 3210 αὑτὸν

476 3207 618 3288 ἔχει,
648 3215 740 3267 καὶ
767 3215 841 3275 ὡς
873 3213 926 3267 εἷ’
955 3215 1117 3286 μόνον
1151 3213 1352 3289 ἐγγίσει
1381 3219 1448 3290 τῇ
1475 3214 1658 3284 πόλει,
1685 3218 1775 3272 τὸν
1809 3218 2036 3294 γέροντα
2067 3222 2428 3294 ἐξωθήσαντες
2465 3229 2580 3300 μετ’
2609 3229 2884 3286 ἐπινικίων
2917 3235 3007 3288 καὶ
3039 3235 3222 3309 ὕμνων
3255 3207 3417 3295 αὑτὸν
3473 3241 3883 3316 προσδέξονται.

479 3301 582 3357 Καὶ
610 3305 776 3356 ταῦτα
812 3304 905 3374 μὶν
937 3303 1182 3378 γενέσθαι
1215 3302 1424 3379 λέγεται
1455 3304 1537 3358 ἐπῖ
1575 3306 1958 3382 στρατοπέδου.

548 3429 789 3483 Interim
822 3445 996 3484 senex
1027 3429 1343 3500 imperator
1373 3431 1584 3487 civium
1617 3450 1754 3506 erga
1784 3452 1844 3490 se
1871 3436 2117 3492 benevo-
2149 3436 2190 3503 C

476 3516 741 3583 lentiam,
765 3517 1659 3587 donis,muneribus,bonoribus
1679 3529 1733 3577 et
1756 3523 1886 3580 aliis
1909 3526 2123 3596 quibus

477 3605 637 3660 favor
694 3605 890 3678 populi
942 3613 1182 3678 paratur
1235 3626 1300 3663 ac
1362 3611 1643 3666 retinetur
1699 3615 2120 3682 confirmabat;

479 3698 657 3766 utque
688 3695 932 3751 arctiore
961 3714 1088 3752 eam
1123 3698 1352 3754 vinculo
1384 3701 1830 3772 constringeret,
1865 3704 2120 3774 promul-

472 3789 606 3856 gato
657 3785 886 3841 decreto
935 3788 1318 3842 sacramentis
1381 3791 1651 3845 maximis
1702 3796 1759 3846 et
1809 3792 2126 3849 dirissimis

468 3874 992 3946 imprecationibus
1023 3875 1320 3948 obligabat
1362 3878 1690 3950 Byzantios,
1727 3898 2026 3952 nunquam
2064 3900 2125 3938 se

475 3963 834 4018 Comnenum
861 3964 1270 4034 imperatorem
1291 3973 1391 4021 aut
1414 3968 1718 4022 dominum
1741 3970 2124 4043 salutaturos,

475 4057 574 4106 aut
607 4053 942 4122 imperaturi
976 4054 1239 4107 debitum
1272 4055 1552 4110 honorem
1584 4057 1880 4112 delaturos
1909 4079 1922 4126 ;
1957 4059 2126 4130 eique

475 4139 739 4209 singulos
771 4146 1071 4196 senatores
1116 4144 1482 4199 subscribere
1513 4150 1568 4199 et
1601 4151 1787 4201 ratum
1823 4147 1878 4201 id
1914 4148 2126 4204 habere

474 4229 683 4298 coegit.
707 4228 867 4290 Quod
895 4228 932 4282 ii
957 4229 1218 4284 fecerunt
1245 4233 1512 4302 potentia:
1535 4235 2124 4297 cedentes,Comneno

474 4317 664 4370 adhuc
696 4316 898 4388 procul
950 4319 1019 4372 ab
1052 4320 1194 4373 urbe
1239 4327 1526 4378 versante.
1577 4325 1792 4378 Verum
1826 4325 1920 4380 ubi
1971 4326 2019 4380 is
2051 4327 2122 4381 ad

471 4404 708 4460 Almeas
741 4405 1008 4474 accessit,
1044 4412 1098 4461 et
1128 4409 1408 4478 postridie
1439 4414 1562 4464 erat
1594 4412 1648 4465 in
1685 4412 1898 4482 palatio
1925 4419 2125 4470 Dama-

469 4497 630 4565 tryos
665 4498 1273 4566 pernoctaturus,jam
1311 4515 1520 4553 aurora
1564 4507 1892 4571 appetente,
1929 4504 2122 4560 subito

468 4583 747 4655 Magnum
795 4583 892 4639 Dei
947 4585 1231 4657 templum
1283 4587 1798 4644 circumsteterunt
1844 4593 2123 4663 magister

468 4671 790 4728 Michaelus
849 4675 1140 4729 Anastasii
1199 4675 1376 4745 ﬁlius,
1439 4678 1721 4748 patricius
1779 4680 2119 4736 Theodorus

463 4762 820 4835 Chryselius,
857 4764 1134 4834 patricius
1167 4765 1620 4838 Christophorus
1652 4769 1802 4824 635
1840 4770 2115 4841 Pyrrhus,

464 4869 668 4907 omnes
691 4853 1074 4908 sodalitatem
1109 4857 1305 4922 duces,
1343 4857 1728 4929 nonnulliquo
1759 4859 1854 4913 alii
1901 4859 2114 4915 obscu-

462 4943 666 5007 riores,
703 4959 916 5013 magna
951 4960 1085 4997 voce
1137 4945 1487 5000 descendere
1521 4948 1914 5018 patriarcha”)
1948 4951 2017 5004 ad
2053 4968 2115 5006 se

453 5031 772 5100 jubentcs:
809 5032 877 5086 de
902 5032 1174 5088 maximis
1200 5034 1370 5089 rebus
1391 5036 1840 5091 consulendum.
1869 5039 2114 5093 Patriar-

461 5119 570 5174 cha
595 5120 648 5172 id
674 5120 858 5174 facere
891 5136 1025 5175 cum
1060 5128 1377 5190 recusaret,
1407 5141 1663 5196 suasque
1695 5127 1932 5181 obderet
1963 5125 2112 5184 fores

458 5211 777 5280 etjanuam
801 5209 1048 5265 cochlea}
1082 5229 1205 5282 quae
1239 5213 1295 5265 in
1323 5215 1627 5284 superiora
1659 5214 1856 5284 templi
1882 5217 2108 5271 concla-

455 5300 547 5353 via
569 5300 783 5368 educit,
810 5316 875 5353 ac
899 5299 1290 5370 Nicephorum
1319 5305 1726 5357 tantummodo
1749 5310 1804 5358 et
1825 5306 2107 5360 Constan-

453 5387 640 5442 tinum
669 5388 898 5452 fratres,
924 5389 1216 5459 patrueles
1239 5408 1396 5456 suos,
1423 5392 1680 5447 mitteret
1703 5410 1765 5447 ac
1793 5410 1893 5463 per
1925 5410 2022 5449 eos
2046 5411 2106 5450 se

451 5476 677 5531 consuli
714 5478 1036 5545 mandaret,
1066 5479 1101 5531 ii
1125 5480 1221 5551 qui
1249 5497 1314 5534 eo
1338 5487 1730 5536 convenerant
1753 5498 1964 5554 magna
1984 5486 2102 5553 jam

447 5565 622 5618 turba
653 5565 807 5618 aucti
841 5566 995 5635 (nam
1043 5567 1191 5622 fama
1225 5569 1411 5623 didita
1445 5571 1825 5641 undiquaque
1858 5589 2101 5627 concur-

445 5653 652 5707 rebant
686 5671 797 5707 non
834 5654 868 5706 ii
904 5658 1072 5710 modo
1097 5658 1194 5726 qui
1231 5659 1395 5712 novis
1417 5660 1750 5728 gaudebant
1779 5662 1974 5726 rebus,
1999 5665 2096 5717 sed

445 5747 498 5797 et
524 5741 970 5813 prudentiorum
995 5743 1149 5800 haud
1185 5746 1355 5818 pauci
1379 5753 1435 5804 et
1464 5747 1632 5804 multi
1661 5753 1962 5808 senatores
1985 5768 2098 5808 non

2309 3442 2389 3528 [Ρ.
2425 3445 2550 3516 804]
2574 3444 2634 3500 Ὁ
2664 3440 2720 3499 δὲ
2744 3447 2915 3522 γέρων
2946 3450 3268 3528 συνίσφιγγε
3301 3455 3395 3526 μὲν
3419 3456 3498 3517 εἷς
3553 3457 3714 3514 αὐτὸν
3773 3467 3884 3517 τῶν

2230 3525 2471 3582 πολιτῶν
2503 3529 2710 3587 εὔνοιαν
2739 3536 2824 3590 καὶ
2860 3534 3088 3613 δωρεαῖς
3117 3525 3479 3618 καὶῗχρήμασι
3511 3548 3600 3601 καὶ
3633 3548 3885 3622 ἀξιωμά-

2228 3637 2335 3670 των
2373 3619 2668 3696 ὑπεροχαῖς
2701 3623 2789 3677 καὶ
2817 3631 2932 3688 τοῖς
2959 3629 3230 3693 τοιούτοις
3263 3634 3344 3696 οἷς
3373 3633 3616 3710 θέλγεται
3647 3639 3739 3692 καὶ
3783 3661 3884 3694 κα-

2230 3704 2709 3799 ταὺημαγωγεῖται
2739 3713 2800 3767 τὸ
2831 3713 3167 3788 πλῆθος,καὶ
3201 3721 3336 3794 πρὸς
3361 3704 3572 3778 εὕνονιαν
3597 3723 3883 3799 δεσμεῖται

2231 3795 2320 3890 καὶ
2379 3797 2574 3890 πίστι-ν·
2611 3801 2827 3873 μείζονα
2860 3800 2916 3858 δὶ
2964 3807 3052 3859 καὶ
3102 3807 3494 3886 ἀῤῥηκτότερον
3539 3815 3632 3869 τὸν
3683 3795 3887 3890 δεσμὸν

2231 3886 2331 3951 τῆς
2388 3884 2595 3950 εὐνοίας
2649 3897 2874 3958 ποιῆσαι
2940 3893 3300 3968 βουλόμενος,
3353 3884 3438 3955 καὶ
3500 3884 3884 3976 γραμματεῖον

2233 3971 2520 4063 ἐκθέμενος
2552 3974 2736 4049 ὅρκοις
2761 3988 3008 4056 φρικτοῖς
3047 3985 3134 4038 καὶ
3171 3987 3326 4061 ἀραῖς
3376 3971 3885 4063 παλαμναιοτάταις

2232 4061 2766 4153 κατησφαλισμένον,
2828 4069 2902 4131 ὡς
2963 4069 3223 4130 οὐδέποτε
3279 4061 3580 4153 βασιλέα
3615 4079 3890 4153 δεσπότην

2231 4150 2322 4204 τὸν
2375 4153 2661 4224 Κομνηνὸν
2695 4155 3057 4228 ὀνομάσουσιν
3089 4165 3123 4234 ἢ
3154 4166 3252 4233 τήν
3304 4167 3520 4241 βασιλεῖ
3567 4173 3887 4243 πράττουσαν

2231 4241 2398 4310 τιμὴν
2460 4241 2609 4313 αὐτῷ
2658 4245 3064 4318 προσοίσουσιν,
3094 4250 3315 4309 ἕκαστον
3357 4261 3462 4310 τῶν
3497 4259 3887 4335 συγκλητικῶν

2231 4327 2528 4424 ἠνάγκαζεν
2581 4331 2905 4424 ὑπογράφειν
2960 4336 3010 4392 ἂν
3064 4340 3212 4414 αὐτῷ
3268 4344 3357 4398 καὶ
3413 4347 3480 4401 τὰ
3525 4327 3887 4424 γεγραμμένα

2230 4421 2612 4514 κυροῦν-...Καὶ
2673 4424 2860 4486 πάντες
2903 4427 2996 4498 μὲν
3061 4433 3130 4504 τῇ
3189 4431 3400 4506 ἐξουσίᾳ
3456 4421 3887 4514 πειθαρχοὺντες

2231 4501 2306 4558 ἔτι
2366 4507 2554 4584 πόῤῥω
2613 4515 2707 4564 τοῦ
2761 4519 3052 4587 Κομνηνοῦ
3110 4516 3394 4595 διάγοντος
3433 4527 3766 4602 ὑπέγραψανο
3802 4535 3881 4594 ὡς

2231 4590 2286 4693 ξε
2318 4592 2531 4693 ἐκεῖνος⁸
2549 4596 2771 4674 ἤγγισεν
2807 4601 2884 4666 εἶ¹ς
2934 4625 2985 4658 τι
3034 4590 3241 4682 χωρίον
3273 4611 3514 4685 Ἀλμὲας
3545 4590 3872 4693 ’λεγόμενον

2229 4679 2430 4778 ἔμελλε
2489 4683 2544 4739 δδ
2598 4692 2666 4760 τῇ
2719 4690 2972 4765 ἐπαύριον
3126 4679 3256 4760 ’τοῖς
3308 4679 3593 4766 παλατίοις
3647 4679 3872 4778 ἀὺλίζε-

2230 4771 2349 4823 σθαι
2424 4778 2518 4826 τοῦ
2605 4779 2943 4852 Δαματρύος,
2995 4783 3260 4862 αἰφνίδιον
3342 4796 3692 4866 περιστάντες
3750 4801 3872 4876 περὶ

2265 4860 2277 4876 κ
2427 4862 2438 4876 ,
2711 4871 2732 4876 _
2837 4874 2859 4876 η
3225 4874 3233 4876 _

2223 4860 2285 4913 τὸ
2316 4862 2640 4960 περίορθρον
2668 4871 2735 4939 τῇ
2767 4874 2863 4922 τοῦ
2894 4877 3027 4926 Θεοῦ
3067 4860 3293 4952 Μεγάλῃ
3355 4860 3620 4956 ἐκκλησίᾳ
3679 4888 3708 4941 ὁ
3768 4860 3875 4960 μα-

2225 4969 2445 5043 γιστρος
2495 4954 2628 5025 [καὶ
2733 4959 2966 5033 Μιχαὴλ
3022 4963 3049 5016 ὁ
3118 4969 3211 5018 τοῦ
3262 4954 3612 5027 ’Λναστασίου
3671 4954 3814 5043 υἱὸς,
3847 4981 3875 5033 ὁ

2221 5039 2506 5140 πατρίκιος
2583 5041 2863 5121 Θεόδωρος
2939 5051 2966 5104 ὁ
3041 5053 3392 5126 Χρυσήλιος,
3472 5062 3499 5115 ὁ
3583 5039 3874 5140 πατρίκιος

2222 5127 2675 5224 ξριστοφόροςὺ
2725 5136 2959 5212 ΙΙυρρὸς,
3023 5142 3074 5194 οἱ
3130 5147 3235 5198 τῶν
3324 5147 3603 5224 ἑταιρειῶν
3673 5127 3870 5220 πάντες

2221 5216 2506 5313 ἄρχοντες,
2537 5221 2625 5274 καί
2673 5244 2815 5286 τινες
2867 5225 3033 5283 ἄλλοι
3091 5236 3198 5286 τῶν
3258 5216 3653 5313 ἀφανεστέρων,
3687 5246 3871 5301 κάτωο

2221 5305 2305 5357 θεν
2354 5303 2574 5381 ἔκραζον
2625 5312 2902 5368 κατελθεῖν
2950 5319 3084 5393 πρὸς
3131 5320 3326 5387 αὐτοὺς
3375 5327 3468 5381 τὸν
3515 5334 3867 5410 πατριάρχην

2234 5393 2247 5410 .
2402 5394 2478 5410 ,μ
2803 5404 2813 5410 -
2874 5404 2886 5410 -
3078 5408 3083 5410 -

2218 5393 2290 5454 ὡς
2352 5394 2649 5466 μέλλοντες
2696 5404 2817 5476 περὶ
2862 5404 3160 5480 ἀναγκαίων
3212 5411 3356 5484 αὐτῷ
3414 5422 3627 5480 πεύσεις
3695 5393 3868 5495 πρΙοσ-

2215 5490 2469 5556 ενεγκεῖν.
2531 5493 2633 5542 Τοῦ
2694 5488 2750 5544 δὲ
2823 5495 2899 5565 μή
2971 5494 3264 5568 καταϐῆναι
3344 5507 3674 5577 πεισθέντος,
3738 5488 3868 5569 αλλ’

2215 5572 2635 5640 ἆποκλείσαντος
2664 5581 2758 5644 τὰς
2788 5583 2978 5638 ἑαυτοῦ
3013 5586 3176 5660 θύρας
3214 5591 3303 5645 καὶ
3349 5594 3448 5662 τὴν
3496 5594 3706 5652 εἴσοδον
3764 5607 3865 5656 τοῦ

2212 5659 2500 5765 ἀνάγοντος
2532 5666 2705 5765 εἷς.τά
2739 5671 2957 5747 ὑπερῷα
3004 5659 3105 5745 τῆς
3164 5659 3455 5752 ἐκκλησίας
3507 5681 3861 5765 λαϐυρίνθου,

2210 5753 2568 5832 πεπομφότος
2619 5754 2676 5813 δὲ
2730 5761 2867 5837 πρὸς
2921 5763 3150 5831 τούτους
3180 5768 3497 5852 Νικηφόρον
3553 5753 3659 5832 καὶ.
3703 5753 3861 5839 Κῶνἐ
