4078 6336
177 456 269 515 365
1313 449 1857 512 HISTORIARUM
1903 447 2426 511 COMPENDIUM
3457 448 3580 514 366

179 591 428 640 πωτῖνον
469 586 598 648 τοὺς
628 582 1001 662 αὖταδίλφους
1047 583 1137 638 καὶ
1188 580 1359 643 ἰδίους
1407 580 1679 654 ἀνεψιοὺς,
1712 579 1789 634 κα’

1967 597 2068 637 sne
2113 598 2146 636 a
2196 581 2535 639 Stratiotico
2585 584 2844 655 tractati)
2878 582 3172 654 patrueles
3230 581 3577 655 patriarcha

181 673 234 728 δι’
258 674 430 728 αὐτῶν
470 675 565 735 τὰς
608 694 823 734 πευσεις
867 673 1303 748 προσενεχθῆναι
1357 672 1409 725 οἱ
1466 669 1787 730 κελεύοντος

1965 672 2274 744 orripuere,
2309 671 2782 743 strangulaturos
2815 673 3044 734 minati,
3077 672 3190 727 nisi
3223 671 3422 727 statim
3450 672 3575 743 ipse

183 764 221 818 oi
246 760 590 826 συνελθόντες
637 762 727 817 καὶ
782 759 923 816 ἄλλο
964 760 1178 830 πλῆθος
1226 751 1672 830 προσλαϐόμενυι
1715 755 1793 809 οὐ)

1965 763 2319 817 escenderet.
2369 762 2571 832 Itaque
2621 762 2973 832 patriarcha,
3021 762 3140 817 sive
3187 761 3407 817 invitus
3438 763 3575 831 (non

186 850 516 924 ὀλίγον
547 851 649 927 γὰρ
705 858 806 920 τῆς
861 852 1054 927 φήμης
1102 846 1446 915 διαδοθείσης
1490 847 1796 920 συνέτρεχοι

1967 851 2076 904 nim
2137 851 2476 922 pronuntio)
2509 850 2650 919 sive,
2678 851 2831 920 quod
2887 850 3274 922 plurimorum
3307 865 3577 905 sermone

184 937 423 1007 πανσυδὶ),
457 939 518 994 οὐ
569 941 732 1012 μόνον
780 940 832 993 οἱ
880 943 998 999 τοῖς
1050 941 1441 1011 νεωτερισμοῖς
1493 934 1794 1008 ἐπιχαίρονη

1970 940 2226 1002 aseritur,
2269 939 2467 993 volens
2519 955 2584 993 ac
2635 943 2844 1010 sponte
2893 955 3020 1008 sua,
3073 944 3231 993 veste
3280 938 3580 1009 pontiﬁcia

181 1050 272 1098 τις,
303 1028 447 1084 ἀλλὰ
483 1029 575 1084 καὶ
631 1033 740 1082 τῶν
793 1025 1169 1101 συνετωτέρων
1204 1025 1304 1079 οὐκ
1335 1023 1512 1098 ὀλίγοι
1566 1025 1656 1078 καὶ
1703 1026 1791 1076 τῶπ

1969 1029 2268 1098 aliquoque
2310 1027 2510 1082 habitu
2547 1033 2604 1082 et
2634 1027 2966 1090 insignibus
3008 1027 3225 1081 summi
3271 1026 3579 1082 sacerdotii

187 1117 542 1193 συγκλητικῶν
574 1117 814 1186 πλῆθος,
848 1116 966 1171 ὅσοι
1017 1116 1093 1188 μὴ
1144 1115 1340 1174 ἱκανῶς
1365 1113 1512 1187 παρά
1540 1117 1635 1166 τοῦ
1668 1113 1797 1185 βασι

1969 1123 2170 1172 rnatus
2204 1118 2528 1184 descendit,
2557 1116 2850 1172 simulans
2897 1133 2958 1170 se
3001 1117 3160 1187 gravi
3192 1115 3410 1187 injuria
3439 1115 3579 1171 aﬂ‘e-

192 1206 310 1268 λέως
352 1205 802 1280 ἐθεραπεύθησαν)
843 1205 1199 1280 περισχόντες
1242 1202 1369 1264 τοὺς
1417 1207 1514 1256 τοῦ
1552 1201 1802 1275 πατριάρ‹

1968 1214 2083 1260 tum
2119 1205 2431 1277 indignari.
2467 1207 2580 1260 Res
2624 1205 2752 1276 ipsa
2777 1205 2983 1282 docuit
3022 1208 3142 1259 haec
3175 1205 3393 1273 omnia,
3426 1210 3490 1259 ut
3520 1205 3578 1258 in

190 1315 275 1370 χου
304 1295 558 1368 ἀνεψιοὺς
611 1295 862 1369 ἀπάγξειν
907 1291 1192 1362 ἠπείλουν,
1227 1290 1271 1345 εί
1325 1293 1400 1364 μη
1431 1298 1626 1365 τάχιον
1659 1289 1800 1344 αὐτὸς

1972 1312 2120 1360 :ena,
2181 1312 2285 1367 per
2342 1295 2776 1350 simulationem
2840 1300 2985 1349 acta.
3021 1295 3149 1349 Mox
3199 1310 3332 1349 eum
3383 1292 3582 1365 populi

187 1379 434 1454 καταϐαίη
484 1384 621 1458 πρὸς
681 1382 931 1444 τούτους.
981 1383 1042 1438 Ὁ
1075 1378 1133 1435 δέ
1182 1379 1288 1434 sicce
1332 1377 1500 1448 ἄκων,
1531 1379 1631 1433 οῦκ
1674 1375 1794 1432 οῖδα

1971 1385 2314 1439 oncitatores
2338 1384 2732 1455 arripuerunt,
2749 1383 2962 1455 allatoq
2975 1400 3043 1437 ue
3061 1383 3204 1438 solio
3227 1384 3292 1437 ad
3318 1383 3581 1437 dextram

189 1471 266 1537 ιῗθ⁹
296 1474 456 1545 εκὼν,
489 1473 564 1536 ὡς
607 1473 636 1527 ὁ
676 1477 783 1526 τῶν
829 1469 1100 1526 πλειύνων
1146 1470 1264 1544 εἶχε
1314 1466 1501 1543 λόγος,
1532 1469 1631 1536 τὴν
1666 1468 1799 1540 ἱεράς

1973 1478 2152 1526 artem
2198 1489 2374 1527 sacrm
2426 1471 2580 1526 sella:
2632 1471 3012 1526 collocarunt.
3043 1473 3122 1525 Ac
3171 1471 3451 1543 primum,
3481 1469 3583 1525 sed

189 1564 322 1631 τικὴν
381 1560 736 1637 περιθέμενος
808 1557 1068 1615 διπλοΐδα
1136 1561 1250 1633 (53)
1333 1558 1424 1611 καὶ
1505 1557 1572 1610 τὰ
1649 1554 1799 1610 λοιπὲ

1977 1563 2038 1615 Jb
2080 1565 2382 1632 praetextu,
2421 1561 2730 1615 hortantur
2759 1577 2890 1615 eum
2927 1565 2989 1614 ut
3021 1577 3123 1631 pro
3169 1560 3314 1631 ipsis
3356 1559 3587 1631 legatus

189 1656 470 1726 παράσημα
548 1657 649 1719 τῆς
729 1648 1146 1724 ἀρχιερωσύνης
1229 1641 1516 1702 ἀναλαϐὼν
1579 1643 1799 1699 κάτεισι·

1975 1656 2339 1719 nperatorem
2371 1650 2563 1716 adeat,
2589 1655 2976 1720 reposcatque
3003 1649 3300 1703 decretum
3331 1649 3486 1704 680
3513 1649 3585 1703 ab

191 1740 524 1812 ἀκκιζόμενος
572 1739 662 1793 καὶ
731 1736 882 1793 δεινὰ
944 1737 1214 1812 πάσχοντι
1267 1735 1462 1796 ἐυικώς
1493 1753 1506 1766 ο
1566 1733 1702 1801 ἦσαν
1762 1731 1801 1787 δῖ

1974 1739 2074 1793 )SiS
2125 1739 2551 1808 subscriptum,
2585 1738 3064 1808 quandoquidem
3111 1737 3236 1806 jam
3279 1738 3404 1810 ipse
3451 1753 3584 1793 cum

189 1828 333 1884 ταῦτα
362 1829 540 1883 πάντα
592 1828 790 1898 σκηνὴ,
831 1827 906 1888 ὡς
962 1827 1031 1881 τὰ
1077 1828 1375 1901 πράγματα
1422 1821 1646 1893 ἔδέιξαν.
1681 1828 1799 1876 Κατ

1975 1844 2224 1882 omneno
2269 1828 2418 1881 facta
2451 1843 2589 1898 pace
2620 1843 2754 1881 eum
2789 1826 3017 1895 imperii
3050 1843 3449 1882 successorem
3483 1827 3584 1881 de-

193 1918 400 1982 ιλθόντα
483 1917 586 1992 γὰρ
669 1915 873 1971 ἐκεῖνον
974 1915 1170 1977 εὐθέως
1261 1915 1312 1968 οἱ
1409 1914 1637 1967 ἆνάπται
1721 1915 1803 1965 τοῐ

224 2006 240 2027 Ἰ
272 2009 314 2027 1-
541 2025 607 2027 γε-
641 2003 688 2027 Ἰν
769 2003 842 2027 l__
866 2025 878 2027 _
953 2003 1038 2027 -.μὶ
1104 2001 1290 2027 n-1,-..
1353 2001 1652 2027 2-.-.--1___--
1729 1999 1803 2027 1_‘

1988 1921 2246 1988 gnasset.
2280 1916 2426 1970 Nam
2461 1916 2573 1970 nisi
2606 1933 2674 1970 ea
2693 1915 2897 1972 charta
2919 1915 3367 1986 discerperetur,
3392 1931 3589 1971 neces-

1979 2005 2074 2027 ...2-
2104 2005 2345 2027 ,ιι----..,
2376 2005 2492 2027 ΒΑ--
2540 2009 2601 2027 --Λ
2625 2004 3096 2027 ---ΔΠ--....-..--...
3131 2005 3238 2027 ε--;
3270 2003 3554 2027 !__-__A-

189 2006 415 2076 πλήθους
473 2003 900 2080 παρειληφότες,
952 2003 1040 2057 καὶ
1103 2001 1291 2078 θρόνον
1353 2001 1676 2076 ἐνεγκόντες,
1729 1999 1794 2053 ἐπ

1980 2005 2079 2060 ιιιὶο
2100 2005 2350 2060 alterum
2376 2005 2519 2072 fore,
2540 2009 2602 2059 ut
2623 2010 2723 2059 aut
2739 2004 3100 2059 Comnenum
3131 2005 3238 2075 ipsi
3270 2003 3590 2076 imperato-

189 2099 270 2150 τοῦ
316 2093 491 2164 δεξιοῦ
552 2093 749 2168 μέρους
827 2093 1106 2162 καθίζουσι
1181 2095 1278 2145 τοῦ
1330 2090 1484 2166 ἁγίου
1547 2091 1792 2167 βήματος

1968 2111 2047 2150 3m
2080 2094 2392 2150 salutando
2425 2094 2678 2164 perfidiae
2711 2111 2774 2149 se
2805 2093 3253 2164 obligarent,vel
3295 2094 3578 2152 honorem

192 2185 277 2240 Καὶ
323 2188 539 2258 πρῶτον
587 2184 707 2255 μὶν,
755 2183 828 2243 ὡς
868 2183 920 2237 έν
961 2183 1318 2256 προσχήματι
1349 2179 1516 2255 τάχα,
1548 2173 1802 2253 πρεσϐευ-

2001 2184 2262 2238 debitum
2293 2200 2407 2238 non
2432 2183 2744 2238 deferendo
2771 2200 2970 2254 poenas
2994 2182 3220 2239 darent.
3249 2183 3587 2238 Patriarcha

190 2274 273 2341 τὴν
316 2273 474 2328 αὐτὸν
535 2271 876 2347 παρεκάλουν
925 2272 1000 2332 ὡς
1065 2268 1292 2344 βασιλέα
1345 2271 1609 2345 γενέσθαι,
1670 2267 1800 2322 ὅπως

1972 2269 2217 2341 rincipio
2250 2285 2349 2325 eoe
2382 2271 2534 2326 bono
2565 2271 2761 2325 animo
2793 2286 2920 2326 esse
2945 2270 3146 2339 jussit,
3171 2287 3350 2342 seque
3380 2287 3582 2326 eorum

192 2360 468 2432 ἀποδοθείη
530 2360 715 2422 αὐτοῖς
761 2360 823 2414 τὸ
877 2360 1188 2437 ὑπογραφὶν
1244 2360 1371 2434 παρ’
1410 2357 1582 2412 αὐτῶν
1629 2353 1802 2432 ἔγγρα·

1972 2358 2224 2414 ostulata
2254 2359 2635 2430 impleturum
2679 2358 2972 2430 promisit.
3007 2358 3184 2414 Paulo
3217 2365 3349 2431 post
3387 2365 3582 2415 autem

196 2472 300 2527 φον,
333 2452 404 2512 ὼς
432 2449 542 2521 ἤδη
575 2454 672 2504 τοῦ
706 2448 975 2525 βασιλέως
1023 2449 1386 2520 σπεισαμένου
1435 2452 1514 2519 τῷ
1549 2445 1806 2519 Κομνηνιῖ

1977 2448 2035 2517 li,
2070 2448 2346 2502 omnibus
2377 2446 2508 2502 aliis
2540 2449 2713 2502 rebus
2739 2449 2999 2513 omissis,
3026 2448 3437 2520 imperatorem
3469 2451 3583 2503 Au-

194 2539 270 2594 καὶ
329 2539 554 2614 βασιλέα
611 2539 926 2598 ἀνειπόντος
996 2537 1180 2593 αὐτόν.
1235 2540 1345 2594 Τοῦ
1395 2536 1496 2612 γὰρ
1550 2535 1804 2612 έγγράφοι

1979 2541 2170 2591 ustum
2233 2535 2597 2606 proclamant
2643 2536 3030 2604 Comnenum,
3073 2542 3129 2591 et
3175 2537 3589 2594 dissentientes

195 2628 495 2701 σωζομένου
569 2625 958 2704 ἀδιαρῥήκτου,
1051 2623 1203 2681 δυοῖν
1291 2624 1516 2680 ἀτόποιν
1600 2624 1805 2694 θάτεροπ

1977 2642 2035 2680 ro
2053 2625 2322 2679 hostibus
2339 2625 2584 2679 Romani
2607 2625 2836 2696 imperii
2865 2625 3063 2680 haberi
3081 2641 3145 2680 ac
3165 2625 3587 2697 perduellibus,

195 2713 406 2795 ἔφασκον
451 2716 502 2787 ἐξ
560 2717 798 2792 ἀνάγκης
851 2713 1109 2790 ἕψεσθαιο
1171 2712 1206 2784 ἤ
1256 2715 1358 2789 γάρ
1414 2715 1805 2791 εὺφημήσαντε‹

1980 2727 1990 2768 ι
2019 2731 2221 2768 eorum
2254 2715 2459 2769 domos
2488 2731 2521 2769 a
2553 2713 2932 2769 multitudine
2965 2714 3141 2786 diripi
3165 2715 3399 2786 jubent.
3430 2716 3590 2771 Prin-

193 2806 337 2861 αὐτὸν
393 2807 468 2868 ὡς
530 2803 756 2881 βασιλέα
807 2805 1247 2880 έπιορκήσουσιν,
1294 2801 1330 2872 ἤ
1388 2804 1461 2864 ὡς
1517 2797 1803 2877 ἐνυϐρίσανι

1975 2819 2071 2874 eps
2103 2803 2436 2873 patriarcha
2467 2819 2569 2874 per
2597 2803 2985 2875 Stephanum,
3018 2803 3114 2872 qui
3149 2803 3481 2876 proximum
3513 2806 3585 2861 ab

191 2915 266 2957 τες
297 2896 370 2959 εἰς
428 2893 657 2970 βασιλέα
713 2891 1168 2964 κολασθήσονταί,
1229 2895 1290 2950 Ὁ
1353 2891 1409 2947 δέ
1456 2896 1673 2968 πρῶτον
1726 2891 1801 2962 μὶ·

1979 2909 2063 2947 )so
2095 2891 2154 2947 in
2178 2891 2426 2947 ecclesia
2447 2892 2758 2964 dignitatis
2782 2891 2972 2948 locum
2998 2894 3318 2962 obtinebat,
3338 2909 3589 2965 prasen-

194 2979 550 3056 ἀνελάμϐανεν
633 2983 850 3050 αὐτοὺς,
930 2983 1020 3038 καὶ
1097 2981 1412 3056 πληρώσειν
1469 2981 1532 3034 τὸ
1615 2977 1804 3051 αἶ’τημε

1977 2998 2050 3035 3m
2076 2981 2186 3037 hoc
2218 2981 2521 3053 approbat,
2548 2998 2613 3035 ac
2642 2981 3010 3036 Theodorum
3048 2983 3370 3038 Antiochea:
3403 2982 3587 3054 patri-

189 3074 381 3128 τούτων
443 3071 942 3146 κατεπηγγέλλετο.
1004 3073 1137 3126 Εἶτα
1214 3073 1413 3144 μικροῦ
1477 3066 1792 3123 διαλιπόντο

1979 3071 2198 3138 rcham,
2254 3068 2710 3140 proclamantem
2771 3070 2921 3126 hanc
2980 3071 3478 3143 designationem,
3531 3076 3589 3128 et

190 3167 367 3236 καιροῦ
426 3163 641 3216 πάντων
693 3161 952 3238 ἀφέμενοι
1007 3158 1382 3234 αὐτοκράτορα
1432 3155 1656 3232 βασιλέα
1694 3156 1800 3210 ἀνα

1979 3160 2372 3213 ermittentem
2407 3165 2470 3214 ut
2499 3176 2867 3215 summorum
2904 3160 3162 3216 virorum
3195 3161 3295 3232 qui
3328 3160 3449 3216 haec
3480 3161 3589 3216 im-

193 3252 465 3325 γορεύουσι
517 3252 608 3306 τὸν
671 3250 983 3322 Κομνηνὸν,
1031 3249 1120 3302 καὶ
1176 3247 1302 3308 τοὺς
1361 3245 1477 3300 ὅσοι
1541 3247 1616 3318 μὴ
1665 3249 1803 3299 τοῦτε

1979 3249 2251 3302 robarent
2279 3249 2432 3303 .sdes
2455 3248 2766 3302 diruantur
2798 3254 2971 3320 atque
3004 3249 3376 3321 diripiantur.
3400 3253 3589 3319 Atque

195 3339 470 3412 βούλονται
533 3338 770 3414 ἐχθροὺς
846 3337 1125 3410 Ῥωμαίων
1202 3336 1291 3392 καὶ
1337 3336 1640 3396 ἀποστάτας
1689 3333 1796 3387 ὠνό

1987 3353 2063 3391 me
2095 3337 2304 3407 agebat
2351 3337 2685 3407 patriarcha
2715 3337 2874 3392 intra
2911 3354 3138 3393 sacram
3187 3339 3361 3394 istam
3415 3342 3593 3411 atque

195 3433 374 3500 μαζον,
443 3429 533 3482 καὶ
606 3425 992 3502 διαρπάζεσθαι
1058 3429 1153 3487 τὰς
1221 3425 1396 3487 οἰκίας
1468 3422 1638 3478 αὐτῶν
1727 3423 1805 3476 ὑπ‹

1979 3424 2224 3480 clebrem
2247 3427 2451 3480 aedem.
2468 3425 2598 3480 Mox
2621 3425 2768 3479 idem
2795 3427 3035 3481 nuntios
3058 3431 3113 3482 et
3134 3429 3203 3482 ad
3225 3427 3589 3484 Comnenum

190 3521 277 3570 τοῦ
333 3517 585 3587 πλήθους
663 3514 1010 3589 ἐδοκίμαζον,
1088 3514 1252 3569 αὐτοῦ
1321 3518 1418 3567 τοῦ
1484 3512 1795 3585 πατριάρχο

1981 3514 2121 3568 iittit
2153 3520 2208 3568 et
2252 3515 2321 3568 ad
2356 3513 2780 3584 Stratioticum,
2815 3513 2984 3569 illum
3033 3532 3192 3570 mora
3223 3517 3381 3571 omni
3415 3534 3591 3588 repu-

192 3607 404 3679 πρώτοῦ
459 3604 550 3660 διὰ
596 3610 692 3660 τοῦ
753 3611 856 3675 τῆς
906 3603 1199 3674 ἐκκλησίας
1254 3599 1656 3677 δευτερεύοντος
1718 3602 1802 3672 (54

1982 3603 2098 3657 iata
2119 3602 2436 3657 accelerare
2452 3605 2691 3673 jubens,
2709 3604 3132 3675 prmmiumque
3154 3621 3342 3676 operae
3368 3606 3591 3678 praesti-

193 3697 457 3772 Στεφάνου
515 3695 894 3768 συμπαρόντος
941 3693 1030 3748 καὶ
1078 3691 1553 3760 συνευδοκοῦντος,
1591 3689 1680 3743 καὶ
1708 3695 1803 3743 Θεο

1981 3709 2008 3745 e
2033 3696 2233 3762 utpote
2265 3707 2324 3746 re
2348 3692 2474 3761 jam
2507 3691 2772 3746 confecta
2813 3691 3140 3762 postulans,
3175 3693 3330 3748 hunc
3374 3693 3591 3765 palatio

191 3781 360 3858 δώρου
416 3788 514 3838 τοῦ
575 3785 725 3856 [805]
775 3781 1115 3858 Ἀντιοχείας
1160 3781 1506 3855 πατριάρχου
1535 3779 1634 3848 τήν
1663 3777 1794 3853 ἀνάῤ

1984 3781 2221 3834 imirum
2257 3779 2401 3833 nihil
2435 3781 2505 3834 ad
2541 3778 2735 3849 ipsum
2763 3781 2906 3835 687
2941 3780 3263 3852 pertinente
3293 3782 3592 3839 discedere

191 3870 334 3945 ῥησιν
364 3880 464 3942 τῆς
514 3871 788 3947 εὐφημίας
836 3872 1157 3947 βοησαντος,
1188 3869 1278 3924 καὶ
1332 3867 1459 3930 τοὺς
1495 3865 1680 3928 οἴκους
1720 3870 1800 3920 τῶ

1982 3869 2250 3922 iandans.
2275 3867 2438 3938 Unde
2471 3869 2747 3922 omnibus
2789 3870 2978 3939 patuit
3019 3869 3412 3940 patriarcham
3446 3870 3592 3926 nihil

191 3961 234 4013 ἐν
301 3963 628 4037 ὑπεροχαῖς,
685 3957 804 4015 ὅσοι
856 3961 930 4032 μή
991 3961 1287 4034 ἠρέσκοντο
1332 3963 1448 4018 τοῖς
1492 3957 1801 4033 γινομένοις

1981 3973 2112 4012 osse
2162 3961 2494 4026 praetexere,
2527 3957 2846 4026 quominus
2877 3975 2990 4013 non
3039 3959 3235 4013 socius
3284 3960 3458 4014 modo
3488 3961 3591 4015 sed

191 4050 538 4105 ἀνασκάπτειν
581 4049 673 4104 καὶ
720 4047 1035 4125 διαρπάζειτ
1081 4049 1504 4125 προτρέποντος.
1539 4045 1637 4099 Καὶ
1665 4049 1797 4099 ταῦτ

2007 4051 2142 4100 letor
2174 4045 2579 4118 praecipueque
2605 4063 2785 4102 causa
2825 4047 3004 4118 hujus
3037 4047 3220 4104 fuisse
3250 4047 3617 4104 defectionis-

195 4140 279 4209 μὶν
329 4134 588 4213 ἔπραττεν
643 4137 839 4201 ἔσωθεν
924 4143 1020 4192 τοῦ
1091 4137 1238 4191 θείου
1310 4135 1400 4190 καὶ
1479 4131 1805 4208 περιωνύμοπ

1979 4136 2294 4189 rederetur.
2329 4135 2538 4190 Missos
2588 4141 2780 4190 autem
2817 4137 2885 4191 ad
2930 4154 2990 4192 se
3024 4136 3426 4209 metropolitas
3457 4155 3589 4194 cum

194 4233 318 4281 ναοῦ
353 4247 367 4261 ο
423 4225 656 4303 ἄγγελον
710 4224 768 4281 δὶ
799 4227 933 4300 πρὸς
963 4225 1056 4280 τὸν
1111 4225 1397 4297 Κομνηνὸν
1453 4223 1692 4296 πέμψας,
1743 4242 1804 4275 κα

1983 4229 2328 4294 iterrogaret
2373 4223 2768 4288 Stratioticus,
2802 4227 3010 4296 ecquid
3054 4227 3163 4281 sibi
3213 4244 3317 4298 pro
3349 4227 3593 4300 imperio

191 4317 318 4383 πρὸς
364 4317 456 4370 τὸν
507 4317 738 4391 γέροντα
797 4313 1022 4382 ἄλλους,
1058 4313 1246 4386 ἆκείνῳ
1299 4313 1395 4385 μὶν
1436 4310 1628 4386 μηνύει
1677 4309 1801 4364 σπεύ

1984 4312 2273 4366 atriarcha
2321 4312 2611 4379 redderet,
2645 4330 2890 4385 regnum
2943 4314 3174 4371 cceleste
3223 4317 3590 4373 redditurum

193 4400 291 4458 δειν
368 4406 460 4460 καὶ
523 4406 599 4476 μή
685 4400 990 4478 βραδύνειν,
1077 4404 1165 4457 καὶ
1228 4402 1417 4475 μισθὸν
1487 4399 1681 4474 ἀπῄτει
1731 4406 1797 4468 τῆ

1985 4402 2156 4456 ixere.
2191 4406 2380 4472 Atque
2425 4401 2474 4455 is
2525 4402 2812 4474 extemplo
2846 4419 3164 4474 purpuram
3215 4422 3280 4460 ac
3331 4407 3595 4463 coccinos

192 4495 473 4569 συνεργίας
505 4493 580 4554 ὡς
613 4491 724 4562 ἤδη
765 4490 931 4553 τέλος
982 4491 1217 4567 ἐχούσης
1256 4497 1356 4559 τῆς
1385 4489 1550 4544 αὐτοῦ
1580 4487 1802 4567 ἐφέσεως

1985 4489 2162 4544 alceos
2181 4489 2754 4562 abjecit,privatique
2776 4492 3019 4547 indutus
3053 4493 3256 4548 habitu
3303 4495 3595 4552 discessit.

191 4583 362 4654 τούτῳ
420 4580 481 4636 δὲ
529 4581 769 4636 κατιέναι
815 4586 924 4635 τῶν
968 4579 1280 4653 ἀνακτύρων
1310 4579 1427 4632 κατ’
1485 4574 1642 4632 οὐδέν
1687 4576 1801 4631 αύτὲ

1990 4578 2249 4632 nimvero
2281 4580 2433 4648 quod
2476 4578 2709 4634 volebat
2760 4585 2818 4635 et
2867 4582 3247 4652 metropolitas
3297 4586 3600 4655 promitte-

193 4666 603 4744 προσηκόντων.
636 4670 757 4725 Κὰκ
804 4669 1003 4724 τούτου
1055 4673 1172 4731 τοῖς
1217 4673 1376 4722 πᾶσιν
1428 4666 1799 4743 ἀπροφάσιστο

1987 4672 2107 4730 ant,
2142 4667 2293 4721 haud
2328 4667 2503 4722 dubie
2532 4673 2882 4724 consecutus
2917 4669 3140 4737 fuisset,
3165 4672 3212 4726 si
3239 4673 3310 4727 ad
3341 4673 3597 4744 primum

191 4757 352 4834 ἰφάνη
383 4762 416 4813 ά
446 4758 795 4834 πατριάρχης
839 4759 916 4831 μὴ
968 4758 1130 4830 μόνον
1181 4758 1421 4830 μέτοχος
1470 4756 1542 4810 ὥν
1572 4753 1716 4810 ἀλλὰ
1745 4775 1801 4808 κα

1989 4762 2175 4810 lotum
2228 4756 2570 4811 defectionis
2621 4759 2839 4828 regiam
2891 4759 3270 4815 deseruisset.
3304 4764 3471 4817 Nunc
3527 4765 3599 4819 ad

191 4849 518 4918 πρωταίτιος
572 4855 672 4917 τῆς
734 4846 1080 4908 ἀποστασίας.
1116 4848 1227 4902 Τοῦ
1279 4843 1336 4899 δὶ
1383 4843 1512 4906 τοὺς
1560 4843 1801 4920 πεμφθὲν

2067 4863 2163 4900 um
2201 4862 2386 4916 usque
2429 4846 2484 4899 in
2522 4863 2589 4901 ea
2621 4853 2904 4916 moratus,
2939 4867 3073 4904 cum
3105 4851 3490 4908 sustinuisset
3518 4858 3604 4910 tot
3656 4839 3675 4864 ⁴

190 4956 275 4997 τας
331 4938 410 4998 εἷς
472 4937 634 4991 αὐτὸν
697 4934 1108 5010 μητροπολίτας
1164 4933 1532 5010 έρωτὺσαντος
1567 4952 1579 4965 ⁸
1635 4931 1727 4986 Καὶ
1786 4952 1800 4982 ιι

2004 4937 2157 4988 vium
2191 4935 2382 4988 videre
2414 4935 2566 4990 bello
2599 4937 2875 4991 intestino
2915 4938 3165 5008 cladem,
3196 4945 3398 5010 postea
3427 4942 3603 4997 rebus

196 5046 281 5094 μοι
341 5025 461 5080 ἀντὶ
514 5032 614 5094 τῆς
673 5023 952 5100 βασιλείας
1012 5025 1040 5078 ὁ
1098 5022 1442 5098 πατριάρχης
1491 5021 1785 5096 παρέχεται

1991 5025 2145 5079 'actis
2176 5029 2234 5078 et
2266 5024 2521 5078 subditis
2567 5026 3038 5095 opprimentibus
3085 5028 3332 5100 imperio
3381 5029 3601 5088 invitus

193 5113 400 5170 ἰκείνων
439 5112 497 5169 δὶ
545 5112 991 5189 ἀποκριναμένων
1030 5134 1042 5146 ·
1079 5113 1193 5180 Τήν
1248 5111 1497 5184 οὐράνιον
1537 5109 1803 5184 βασιλείαν

1991 5131 2010 5167 3
2041 5113 2341 5178 abdicans,
2368 5113 2518 5167 haud
2555 5115 2674 5167 scio
2707 5131 2778 5167 an
2813 5117 3313 5186 compensationis
3342 5119 3468 5174 loco
3499 5137 3601 5192 pro

194 5201 288 5274 ἄγα
317 5209 400 5275 τῷ
429 5203 582 5276 λόγῳ
637 5204 738 5272 τὴν
793 5201 1075 5277 πορφύραν
1134 5195 1430 5255 ἀποϐαλὼν
1475 5200 1565 5254 καὶ
1621 5200 1688 5252 τὰ
1716 5219 1804 5253 κου

1992 5202 2166 5256 aduco
2191 5207 2471 5254 aeternum
2498 5202 2575 5255 sit
2599 5208 3023 5258 consecuturus
3046 5206 3381 5276 imperium.
3407 5208 3515 5264 Sed
3546 5209 3602 5264 in

192 5287 399 5370 κοῦαφῆ
432 5289 652 5363 πέλιδα,
685 5291 773 5345 καὶ
819 5289 1102 5358 ἴδιωτικὴν
1159 5286 1359 5358 ἔσθῆτα
1402 5289 1802 5366 ἂμφιασάμενω

1995 5308 2055 5344 ac
2090 5305 2148 5343 re
2181 5289 2279 5343 fiet
2311 5291 2463 5359 quod
2501 5289 2617 5344 Deo
2650 5291 2919 5362 placebit.
2953 5293 3288 5351 Stratiotico
3320 5297 3378 5351 in
3413 5313 3605 5364 suam,

192 5382 411 5438 κάτεισι.
444 5385 626 5439 Τοῦτο
677 5377 734 5434 δὶ
780 5381 999 5440 πάντως
1048 5379 1254 5455 ἐγένετο
1314 5377 1372 5432 ἂν
1433 5378 1506 5440 ὡς
1551 5376 1752 5440 ἐκεῖνός
1780 5399 1802 5431 τ

2000 5397 2075 5432 uae
2113 5384 2238 5433 erat
2288 5377 2346 5431 in
2398 5395 2549 5441 arce,
2586 5380 2822 5436 domum
2879 5381 3165 5453 digresso,
3198 5385 3339 5440 feria
3380 5392 3610 5457 quarta,

1393 5503 1764 5560 XYLANDRI
1806 5506 1895 5560 ET
1935 5504 2152 5562 GOARI
2195 5503 2424 5559 NOT/E.

254 5612 365 5687 (53)
425 5611 752 5680 Φελώνιον,
825 5615 882 5668 id
951 5618 1041 5670 est
1106 5611 1527 5687 sacerdotalem
1559 5613 1841 5687 _casulam

2165 5609 2276 5664 Τοῦ
2325 5616 2691 5687 πρωτοπαπᾶ-
2720 5613 3025 5687 nimirum,
3059 5617 3156 5687 qui
3214 5618 3501 5673 secundas
3551 5618 3609 5674 in

189 5686 572 5760 undequaque
606 5692 798 5744 totum
845 5703 1056 5760 corpus
1101 5685 1425 5745 sacerdotis
1458 5684 1839 5742 ambientem.
1953 5683 2228 5760 omnibus
2260 5683 2390 5760 post
2424 5685 2814 5755 patriarcham
2849 5683 3100 5746 obtinet}
3125 5691 3383 5748 Codinus
3414 5693 3469 5749 et
3499 5689 3612 5749 Eu-

952 5753 967 5760 ’
1954 5753 2314 5829 chologium.
2348 5753 2525 5813 Galla.
