4060 6344
448 335 569 397 371

1768 331 2099 394 JOANNIS
2143 330 2554 395 SGYLITZE

3751 323 3870 385 3‘19

451 469 578 520 tum
612 465 737 536 ipse
767 462 1011 520 feliciter
1055 464 1449 536 perduxisset,
1480 482 1597 520 non
1648 464 1839 520 solum
1888 465 1946 518 in
1980 481 2105 519 mo-

2247 462 2464 524 ἐίτονας
2536 468 2637 531 τῆς
2706 460 2765 515 ἐκ
2844 465 2953 514 τῶν
3053 462 3313 533 μοναχῶν
3387 455 3691 525 κακότητος
3767 464 3871 508 και

453 554 731 609 nasteriis
798 554 898 607 sed
961 556 1017 607 in
1079 555 1358 609 omnibus
1426 556 1601 610 rebus
1658 555 1730 609 ad
1790 553 2103 609 Ecclesiam

452 643 692 698 omnino
726 642 1156 714 spectantibus.
1197 649 1277 697 Ita
1310 645 1490 715 igitur
1521 662 1613 698 res
1644 645 1714 699 ab
1755 643 2107 715 imperatore

454 732 879 789 administrata;
908 739 1070 802 sunt,
1105 739 1159 787 et
1185 733 1341 804 regia
1367 736 1508 789 urbs
1540 734 1598 787 in
1633 734 1741 789 hoc
1772 739 1926 788 statu
1961 736 2103 787 erat.

2217 549 2528 621 πλεονεξίας
2581 548 2918 625 ἐλευθεροῦν.
2963 551 3030 607 Ὃ
3079 548 3168 603 καὶ
3218 545 3327 611 εἷ’θε
3371 549 3448 608 εἷς
3507 543 3666 605 τέλος
3726 543 3875 612 αὐτῷ

2216 641 2569 714 κατώρθωτο,
2607 639 2705 694 οὐκ
2762 639 2849 694 ἐπὶ
2896 644 3013 694 τοῖς
3062 638 3332 710 σεμνείοις
3384 636 3596 708 μόνοις,
3631 632 3761 688 ἀλλ’
3787 632 3876 686 έπὶ

2215 736 2331 790 τοῖς
2393 729 2868 799 έκκλησιαστικοῖς
2914 735 3074 783 πᾶσιν
3123 726 3333 787 ἁπλῶς.
3379 724 3566 785 Οὕτως
3629 724 3724 795 μὶν
3784 720 3878 774 οὖν

450 820 792 876 Patriarcha
837 826 1031 875 autem
1087 822 1425 892 inexplebili
1478 822 1878 877 benevolentia
1926 822 2108 875 fretus

2250 823 2381 873 αὔτα
2427 824 2507 890 τῷ
2572 820 2789 893 βασιλεῖ
2848 818 3221 892 ᾠκονόμηται,
3264 814 3354 869 καὶ
3403 816 3438 883 ἡ
3487 810 3703 888 βασιλὶς
3751 814 3880 865 τοῦ·

450 909 825 980 imperatoris
855 914 1059 965 contra
1085 911 1281 981 ipsum
1312 913 1503 966 elatus
1536 917 1645 975 est,
1666 929 1776 966 non
1810 910 2107 982 petitioni-

451 999 565 1053 bus
600 999 771 1053 modo
798 1004 856 1053 et
890 999 1394 1055 admonitionibus
1425 1005 1617 1069 utens,
1654 1000 1700 1055 si
1735 1002 1968 1071 quando
2000 998 2106 1052 ali-

454 1089 624 1157 cujus
654 1087 736 1142 rei
768 1093 825 1143 et
858 1106 959 1159 pro
993 1088 1190 1159 aliquo
1226 1090 1537 1160 indigeret,
1580 1106 1779 1144 verum
1814 1106 1965 1160 saepe
1998 1094 2113 1143 mi-

454 1176 617 1233 nime
648 1176 766 1231 voti
818 1193 1059 1247 compos
1109 1184 1346 1249 propter
1397 1179 1730 1250 frequentes
1776 1183 1832 1233 et
1879 1178 2113 1233 odiosas

456 1266 794 1337 petitiones,
828 1267 1020 1321 minas
1038 1271 1095 1319 et
1112 1267 1403 1321 absurdae
1420 1268 1849 1338 increpationes
1872 1267 2113 1322 adhibe-

457 1356 581 1418 bat,
616 1370 681 1409 ac
707 1354 819 1409 nisi
840 1356 1326 1426 pareret,imperii
1354 1355 1733 1411 amissionem
1760 1357 2111 1422 minabatur,

456 1441 699 1512 vulgare
729 1448 785 1497 et
835 1444 1039 1497 tritum
1096 1444 1203 1498 hoc
1252 1444 1474 1498 dictum
1529 1446 1825 1515 proferens
1863 1462 1874 1498 :
1916 1450 2029 1516 Ego
2062 1449 2117 1499 te

465 1530 723 1594 condidi,
760 1531 949 1596 furne,
985 1548 1121 1602 ergo
1152 1538 1209 1587 et
1258 1538 1312 1588 te
1343 1533 1637 1603 dejiciam.
1670 1537 1997 1605 Aggressus
2028 1539 2119 1589 est

468 1620 646 1675 etiam
691 1635 861 1675 cocco
915 1620 1097 1675 tincta
1145 1620 1389 1677 induere
1443 1624 1859 1687 calceamenta,
1893 1622 2117 1693 antiqui

473 1708 783 1765 sacerdotii
827 1726 1047 1764 morem
1098 1711 1255 1765 hunc
1304 1728 1597 1777 asserens,
1629 1718 1686 1766 et
1733 1718 1998 1783 oportere
2028 1712 2119 1766 his

475 1798 560 1852 uti
612 1814 825 1852 novum
875 1814 1108 1869 quoque
1161 1799 1666 1872 archiepiscopum

475 1887 866 1942 sacerdotium
902 1893 959 1941 et
997 1905 1239 1956 regnum
1298 1889 1445 1943 nihil
1477 1890 1757 1945 interesse
1802 1890 1888 1944 vel
1919 1891 2129 1944 admo-

480 1977 621 2031 dum
676 1993 903 2046 parum,
936 1982 992 2031 et
1041 1978 1098 2030 in
1151 1979 1326 2032 rebus
1378 1979 1822 2050 pretiosioribus
1872 1978 2127 2050 amplius

477 2064 726 2120 fortasse
757 2074 809 2119 et
841 2066 1031 2137 magis
1060 2066 1367 2121 colendum
1412 2069 1823 2124 sacerdotium.
1858 2068 1988 2123 Haec
2020 2084 2128 2122 au-

477 2153 643 2208 diens
675 2154 994 2224 imperator
1024 2154 1191 2209 illum
1230 2157 1641 2213 mussitantem
1678 2159 1908 2213 studuit
1937 2158 2129 2229 potius

475 2240 703 2313 aliquid
738 2242 863 2313 ipse
897 2253 1230 2313 perpetrare
1264 2261 1437 2315 quam
1482 2246 1620 2317 pati.
1654 2249 1839 2312 Quare
1872 2264 2003 2301 cum
2037 2264 2125 2301 ar-

473 2329 891 2401 changelorum
926 2332 1053 2386 dies
1091 2334 1276 2388 festus
1309 2335 1660 2406 advenisset,
1701 2338 1999 2407 egreditur
2029 2354 2131 2407 pa-

472 2419 733 2474 triarcha
765 2421 835 2474 ad
872 2420 1211 2477 suburbana
1244 2422 1387 2489 loca,
1422 2430 1487 2477 ut
1535 2425 1613 2480 ibi
1646 2426 1907 2480 studiose
1937 2442 2002 2479 ac
2035 2442 2123 2480 so-

471 2505 631 2562 lenni
672 2508 787 2562 ritu
824 2525 953 2579 qum
984 2511 1054 2563 ad
1091 2510 1242 2565 diem
1274 2512 1485 2567 festum
1512 2514 1871 2584 pertinerent
1904 2531 2131 2585 perage-

478 2600 586 2651 ret.
614 2596 937 2668 Imperator
967 2603 1165 2654 autem
1191 2605 1256 2654 ut
1289 2602 1450 2656 lucro
1473 2602 1585 2656 sibi
1611 2603 1806 2657 oblata
1828 2603 2132 2657 occasione

476 2690 736 2757 arrepta,
768 2686 988 2740 veritus
1020 2704 1091 2741 ne
1124 2690 1257 2758 quis
1304 2692 1600 2745 tumultus
1646 2698 1745 2746 aut
1772 2692 2132 2761 perturbatio

478 2772 672 2842 ﬁeret,
703 2778 961 2830 turmam
992 2777 1149 2831 844
1181 2778 1432 2833 militum
1486 2780 1668 2846 misit,
1704 2782 1802 2851 qui
1836 2780 2132 2835 communi

478 2861 685 2933 lingua
731 2861 1104 2934 appellantur
1158 2866 1447 2939 Barangi;
1500 2868 1597 2937 qui
1630 2868 1823 2938 ipsum
1861 2886 1970 2923 non
2009 2869 2135 2925 sine

480 2950 807 3021 ignominia
836 2968 869 3006 a
902 2953 1111 3007 throno
1143 2965 1473 3026 correptum
1499 2973 1564 3011 ac
1597 2958 1757 3010 mulo
1787 2957 2129 3029 impositum

484 3056 675 3110 usque
706 3040 776 3094 ad
811 3038 979 3095 littus
1006 3043 1159 3112 quod
1186 3048 1275 3098 est
1306 3044 1365 3097 in
1396 3044 1732 3101 Blacbernis
1766 3046 2135 3117 impellentes

486 3129 874 3195 deduxerunt,
905 3135 962 3183 et
994 3130 1185 3200 ipsum
1222 3136 1277 3186 et
1300 3133 1590 3203 patrueles
1621 3134 1769 3204 ejus,
1805 3141 1978 3205 atque
1999 3135 2135 3189 inde

487 3216 681 3273 lembo
714 3217 1060 3288 impositum
1112 3220 1183 3274 ad
1223 3224 1677 3287 Proconnesum,
1712 3229 1774 3277 ut
1818 3224 2131 3293 exsularet,
2165 3206 2207 3271 C-

484 3307 927 3377 perducendum
961 3312 1188 3365 curant.
1219 3310 1342 3379 Ipse
1364 3327 1495 3365 cum
1518 3312 1815 3383 aliquibus
1841 3319 2133 3384 metropo-

488 3394 608 3449 litis
640 3393 970 3449 collocutus
1016 3402 1072 3449 et
1103 3397 1174 3451 de
1222 3398 1350 3469 ipso
1384 3399 1730 3463 abdicando,
1772 3394 2136 3472 spectatissi-

489 3481 603 3536 mis
634 3482 897 3553 ipsorum
932 3484 1131 3539 electis
1162 3502 1362 3541 eorum
1394 3504 1568 3559 Opera
1601 3493 1821 3544 nuntiat
1861 3498 1922 3544 ut
1952 3491 2138 3545 archi-

488 3568 897 3641 episcopatum
930 3573 1205 3643 deponat,
1244 3574 1582 3647 priusquam
1635 3577 1825 3648 ipsum
1874 3596 2005 3633 cum
2041 3580 2139 3633 de-

490 3659 698 3714 decore
756 3659 1009 3727 amittat,
1071 3661 1143 3715 iis
1200 3679 1327 3733 quas
1388 3670 1592 3720 contra
1648 3667 1845 3737 ipsum
1913 3668 2142 3722 decreta

491 3751 659 3802 erant
688 3748 970 3818 expositis
1023 3754 1081 3804 et
1128 3750 1445 3823 propalatis
1497 3755 1736 3825 synodis
1768 3761 1825 3810 et
1873 3756 2137 3811 concilio.

490 3835 601 3891 Sed
635 3851 769 3891 cum
804 3837 948 3909 ipsis
980 3838 1141 3895 visus
1171 3846 1328 3896 esset
1370 3844 1661 3912 ejusmodi
1688 3846 1785 3916 qui
1820 3846 2140 3917 expugnari

492 3928 550 3979 et
594 3924 842 3995 deprimi
896 3944 1009 3981 non
1061 3935 1280 3998 posset,
1325 3940 1610 4001 quantum
1646 3934 1715 3987 ad
1767 3934 1962 4004 ipsum
2010 3934 2142 3988 atti-

494 4014 690 4080 nebat,
733 4014 1011 4079 deperata
1056 4017 1165 4071 fuit
1212 4019 1497 4089 depositio
1530 4021 1876 4090 sacerdotii;
1928 4022 1997 4076 de
2028 4038 2144 4092 qua

492 4102 845 4171 imperatore
883 4104 1120 4159 assidue
1174 4106 1482 4175 cogitante,
1535 4109 1759 4165 interea
1788 4110 1965 4164 vitam
2013 4126 2143 4164 cum

492 4194 683 4243 morte
750 4191 1084 4260 patriarcha
1150 4195 1467 4265 tranquille
1537 4204 1881 4253 commutat.
1962 4199 2145 4267 Cujus

492 4293 707 4348 corpus
756 4279 1097 4349 imperator,
1151 4284 1304 4352 quod
1360 4284 1549 4354 ipsum
1597 4288 1720 4355 jam
1774 4288 2143 4358 paenituerat,

493 4366 814 4421 honorifice
848 4367 1286 4439 importandum
1338 4378 1392 4425 et
1440 4375 1493 4427 in
1528 4392 1634 4427 suo
1668 4377 2020 4431 monasterio
2054 4394 2145 4431 re-

496 4455 833 4526 ponendum
876 4462 1066 4524 curat,
1100 4459 1406 4529 perculsus
1437 4479 1502 4516 eo
1552 4463 1831 4519 miraculo
1864 4466 2016 4535 quod
2053 4482 2145 4520 ac-

2219 928 2309 961 τον
2372 911 2491 982 εἶχε
2541 913 2649 962 τῶν
2710 907 2950 963 πόλεων.

3011 908 3071 963 Ὁ
3133 903 3191 959 δὲ
3248 904 3597 978 πατριάρχης
3655 903 3724 973 τῇ
3783 903 3881 952 τοῦ

2228 995 2491 1070 βασιλέως
2542 995 2806 1069 ἀπλήστῳ
2851 996 3031 1067 εᾶνοίᾳ
3081 993 3354 1070 θαρρήσας
3403 990 3879 1065 έφρονηματίσατο

2222 1086 2338 1139 κατ’
2379 1085 2565 1149 αὐτοῦ,
2612 1085 2711 1139 οὐκ
2781 1084 3026 1155 αἰτήσεσι
3095 1082 3184 1137 καὶ
3251 1081 3596 1157 παραινέσεσι
3651 1078 3877 1153 χρώμε-

2222 1195 2337 1242 νος,
2401 1171 2452 1227 εἷ’
2511 1175 2643 1228 ποτέ
2716 1195 2866 1235 τινος
2929 1171 3105 1227 δέοιτο
3160 1171 3250 1225 καὶ
3314 1170 3445 1243 ὑπέρ
3510 1188 3679 1234 τινος,
3736 1164 3884 1220 ἀλλά

2224 1262 2497 1326 πολλάκις
2526 1263 2923 1338 ἀποτυγχάνων
2957 1259 3045 1315 διὰ
3072 1262 3133 1315 τὸ
3178 1264 3282 1314 τῶν
3334 1257 3598 1329 αἰτήσεων
3652 1256 3879 1329 συνεχὲς

2225 1352 2313 1406 καὶ
2346 1354 2600 1429 φορτικὸν
2629 1350 2881 1414 ἀπειλαῖς
2914 1350 3121 1427 έχρῆτο
3149 1348 3238 1403 καὶ
3271 1347 3572 1419 έπιτιμίοις
3626 1344 3878 1411 ἀτόποις,

2225 1442 2313 1496 καὶ
2372 1440 2485 1515 εἷ’γε
2546 1443 2622 1514 μὴ
2680 1441 2943 1513 πείθοιτο,
2976 1440 3063 1494 καὶ
3122 1445 3226 1507 τῆς
3287 1434 3565 1513 βασιλείας
3610 1430 3881 1489 ἔκπτωσιν

2229 1528 2649 1603 ἀπειλούμενος,
2698 1530 2760 1585 τὸ
2811 1526 3064 1603 δημῶδες
3111 1533 3271 1582 τοῦτο
3314 1526 3405 1581 καὶ
3461 1524 3880 1596 καθημαξευμὲ-

2228 1641 2318 1674 νον
2391 1619 2677 1693 ἐπιλέγων,
2738 1645 2765 1671 ‹‹
2829 1621 2932 1674 Ἐῶ
2984 1639 3041 1673 σε
3098 1616 3278 1671 ἔκτισα
3335 1619 3435 1689 (2),
3492 1618 3690 1692 φοῦρνε
3724 1633 3737 1645 ο
3802 1613 3881 1665 ἰῶ

2224 1707 2317 1764 ’ίνα
2374 1730 2431 1763 σε
2487 1709 2740 1784 χαλάσω.
2805 1733 2832 1759 ››
2893 1702 3222 1763 Ἐπεϐάλετο
3281 1702 3338 1759 δὶ
3394 1703 3485 1758 καὶ
3555 1696 3878 1777 κομοόαφῆ

1717 1817 1730 1855 :
1784 1818 1918 1855 nam
1971 1802 2124 1855 inter
2156 1841 2203 1904 Β
2235 1794 2550 1874 περιϐαλεῖν
2604 1795 2821 1867 πέδιλα,
2865 1800 2964 1861 τῆς
3015 1794 3250 1855 παλαιᾶς
3296 1791 3597 1868 ἱερωσύνης
3656 1790 3879 1864 φάσκων

1874 1890 1884 1904 I
1974 1891 1986 1904 I
2263 1887 2287 1904 ν
2463 1888 2476 1904 \
2656 1891 2681 1901 υ
2830 1882 2882 1904 ΜΛ
3073 1885 3087 1903 \
3125 1881 3149 1904 δ
3181 1890 3203 1899 ν
3335 1882 3347 1903 Ι
3399 1902 3469 1904 ,,_
3509 1880 3573 1904 με).
3663 1882 3725 1904 __=
3788 1878 3879 1904 -ll..

2237 1887 2370 1942 εἶναι
2424 1888 2485 1941 τὸ
2533 1891 2777 1941 τοιοῦτον
2830 1882 2967 1957 ἔθος,
3000 1885 3087 1939 καὶ
3122 1881 3230 1938 δεῖν
3256 1882 3471 1942 τούτοις
3507 1880 3603 1934 κάν
3661 1882 3730 1952 τῇ
3788 1878 3883 1948 νέᾳ

2236 1978 2539 2051 κεχρῆσθαι
2626 1976 2715 2030 τὸν
2813 1975 3120 2050 ἀρχιερέα·
3197 1970 3496 2047 ἱερωσύνης
3584 1968 3687 2041 γὰρ
3790 1965 3882 2021 καὶ

2242 2066 2519 2140 βασιλείας
2552 2065 2615 2119 τὸ
2649 2062 2905 2142 διάφορον
2935 2061 3089 2118 οὗδὶν
3126 2062 3153 2131 ἢ
3184 2060 3273 2115 καὶ
3328 2058 3517 2134 ὀλίγον
3578 2057 3715 2111 εἶναι
3768 2054 3891 2110 ἔλε-

2236 2176 2344 2229 γεν,
2381 2154 2431 2209 έν
2471 2152 2524 2208 δέ
2581 2175 2643 2228 γε
2691 2159 2806 2215 τοῖς
2855 2151 3209 2225 τιμιωτέροις
3260 2150 3350 2203 καὶ
3396 2148 3457 2202 τὸ
3516 2144 3681 2202 πλέον
3742 2148 3892 2218 τάχα

2237 2243 2325 2298 καὶ
2396 2242 2660 2317 ἐρίτιμον.
2715 2246 2891 2296 Ταῦτα
2973 2239 3030 2295 δὲ
3085 2240 3112 2293 6
3173 2236 3426 2314 βασιλεὺς
3501 2233 3895 2305 ένωτιζόμενος

2242 2333 2328 2387 ὑπ’
2383 2329 2577 2385 ὀδόντα
2652 2329 2967 2403 λαλούμενα
3040 2326 3261 2383 ἔσπευσε
3345 2322 3557 2399 μᾶλλον
3614 2320 3806 2398 δρᾶσαι
3857 2322 3893 2391 ἢ

2239 2424 2449 2476 παθεῖν.
2511 2423 2671 2477 ’Όθεν
2729 2428 2831 2488 τῆς
2887 2423 2996 2474 τῶν
3078 2414 3439 2492 ἀρχαγγέλων
3525 2411 3896 2490 ἐφισταμένης

2239 2511 2433 2585 ἑορτῆς
2499 2508 2657 2582 ἔξεισι
2723 2509 2816 2582 μὶν
2874 2509 2902 2563 6
2959 2508 3308 2581 πατριάρχης
3379 2503 3458 2564 εἷς
3513 2502 3575 2556 τὸ
3633 2501 3741 2574 πρὸ
3794 2503 3896 2564 τῆς

2240 2599 2457 2659 πόλεως
2490 2596 2800 2675 φιλοτίμως
2849 2598 2917 2651 τὰ
2971 2603 3073 2665 τῆς
3134 2596 3329 2669 ἑορτῆς
3388 2590 3660 2647 έκτελέσαι
3721 2610 3895 2643 σπου-

2243 2685 2438 2755 δάζων·
2478 2689 2504 2741 6
2557 2686 2613 2741 δὶ
2674 2683 2931 2761 βασιλεὺς
2988 2684 3077 2739 τὸν
3138 2684 3327 2759 καιρὸν
3379 2683 3455 2743 ὡς
3509 2678 3741 2754 ἕρμαιον
3795 2679 3894 2751 ἁρ-

2242 2778 2435 2843 πάσας,
2473 2774 2565 2830 ’ίνα
2626 2776 2700 2848 μή
2745 2770 2976 2845 θόρυϐος
3024 2773 3113 2827 καὶ
3163 2774 3406 2847 τάραχος
3465 2772 3688 2846 γένηται
3752 2770 3902 2821 ὑπει-

2244 2862 2493 2938 δόμενος,
2550 2870 2736 2941 στῖφος
2794 2863 3182 2937 στρατιωτικὸν
3260 2859 3585 2919 ἀποστείλας
3654 2858 3899 2931 (Βαράγ-

2241 2977 2371 3030 γους
2401 2958 2479 3028 (3)
2508 2954 2769 3022 αὐτοὶ)ςή
2824 2955 2982 3023 κοινή
3044 2952 3300 3024 ὀνομάζει
3362 2947 3665 3019 διάλεκτος)
3726 2947 3897 3015 ἀνάρο

2243 3065 2443 3098 παστον
2495 3043 2553 3098 ἐκ
2589 3048 2686 3097 τοῦ
2745 3037 2938 3117 θρὸνου
3000 3041 3208 3113 ἀτίμως
3266 3041 3349 3113 [Ρ.
3398 3039 3526 3111 809]
3585 3036 3892 3109 ἐπαίρουσι,

2244 3133 2333 3188 καὶ
2387 3132 2607 3204 ἡμιόνῳ
2676 3130 2985 3194 καθίσαντες
3061 3125 3400 3200 συνήλαυνον
3478 3123 3609 3200 ἄχρι
3672 3130 3775 3193 τῆς
3847 3123 3899 3178 έν

2249 3222 2588 3296 Βλαχέρναις
2610 3220 2777 3289 ἀκτῆς
2809 3220 2968 3274 αὐτόν
2997 3240 3053 3273 τε
3094 3218 3183 3273 καὶ
3234 3217 3363 3278 τοὺς
3415 3212 3666 3288 ἀνεψιοὺς
3711 3214 3901 3280 αὐτοῦ,

2247 3311 2443 3373 έκεῖθεν
2523 3331 2581 3364 τε
2656 3304 2849 3381 λέμϐῳ
2925 3304 3271 3381 ἐμϐληθέντα
3347 3304 3423 3365 εἷς
3492 3304 3905 3377 Προικόννησον

2246 3399 2636 3473 περιορίζουσι.
2700 3396 3247 3472 Κοινολογησάμενος
3307 3392 3365 3448 δέ
3420 3414 3529 3447 τισι
3601 3396 3712 3446 τῶν
3792 3412 3905 3461 μη-

2247 3486 2589 3563 τροπολιτῶν
2618 3487 2709 3541 καὶ
2740 3486 2993 3562 περὶτῆς
3042 3486 3209 3540 αὐτοῦ
3266 3482 3629 3555 καθαιρέσεως
3688 3477 3908 3534 συνδια-

2250 3577 2608 3650 σκεψάμενος,
2653 3575 2780 3637 τοὺς
2834 3574 3205 3649 λογιωτὲρους
3266 3573 3445 3627 αὐτῶν
3506 3568 3906 3641 ἐπιλεξάμενος

2251 3664 2419 3735 δηλοῖ
2475 3662 2550 3719 δι’
2579 3664 2754 3719 αὐτῶν
2817 3663 3110 3718 ἀποθέσθαι
3161 3664 3260 3733 τὴν
3309 3657 3906 3735 ἀρχιερωσύνην,πρὶν

2251 3752 2309 3809 ἂν
2344 3753 2552 3825 ἀτίμως
2604 3752 2770 3822 αύτήν
2816 3747 3164 3822 ἀποϐάληται
3223 3747 3431 3822 συνόδῳ
3487 3748 3574 3803 καὶ
3639 3745 3908 3820 συλλόγῳ

2250 3848 2356 3897 τῶν
2444 3843 2560 3896 κατ’
2636 3841 2801 3896 αὐτοῦ
2893 3838 3387 3913 δημοσιευθέντων.
3445 3834 3761 3897 Ἀνάλωτος
3849 3832 3908 3888 δὶ

2250 3930 2465 3992 τούτοις
2528 3931 2713 4005 ὀφθεὶς
2767 3930 2857 3984 καὶ
2933 3929 3323 3996 ἀταπείνωτος,
3384 3927 3449 3980 τά
3498 3946 3560 3998 γε
3617 3923 3702 3979 ἐπ’
3756 3922 3909 3993 αὐτῷ

2253 4022 2562 4093 ἀπέγνωστο
2604 4019 2751 4091 αὐτῷ
2797 4022 2830 4088 ἡ
2880 4018 3208 4093 καθαίρεσις.
3245 4013 3643 4090 Φροντίζοντος
3704 4010 3762 4067 δὲ
3810 4015 3910 4066 τοῦ

2259 4110 2524 4186 βασιλέως
2580 4111 2703 4184 περὶ
2755 4110 2957 4179 ταύτης
3016 4107 3298 4179 διηνεκῶς,
3334 4105 3383 4161 ἐν
3442 4109 3523 4177 τῷ
3574 4103 3724 4175 μέσῳ
3778 4121 3913 4174 μετα

2255 4198 2511 4253 ἀλλάττει
2565 4199 2659 4253 τὸν
2725 4198 2839 4273 βίον
2892 4199 2920 4251 6
2974 4195 3321 4272 πατριάρχης
3380 4193 3688 4268 εἶρηνιγῶς.
3741 4192 3803 4243 Ὠ
3856 4186 3915 4243 δὶ

2261 4286 2513 4363 βασιλεὺς
2574 4287 2829 4360 μετανοίᾳ
2891 4287 3115 4361 βληθεὶς
3169 4285 3233 4339 τὸ
3294 4288 3454 4355 σῶμα
3481 4280 3647 4335 αὐτοῦ
3706 4278 3915 4352 εἰσάγει

2257 4375 2487 4449 ἐντίμως
2545 4376 2633 4430 καὶ
2691 4380 2759 4450 τῇ
2796 4379 2937 4449 μονῇ
2999 4375 3165 4429 αὐτοῦ
3224 4372 3558 4438 ἀποτίθεται,
3618 4366 3918 4441 ἐκπλαγεὶς

2259 4466 2345 4520 ἐπὶ
2375 4470 2454 4538 τῷ
2484 4460 2746 4538 συμϐάντι
2781 4464 3015 4537 θαύματι
3045 4462 3210 4525 αὐτός
3240 4484 3299 4517 τε
3350 4461 3441 4516 καὶ
3486 4461 3539 4515 οἱ
3573 4458 3665 4512 σὺν
3724 4456 3873 4528 αὖτῷ
3902 4476 3915 4487 ·

496 4543 738 4609 ciderat,
773 4562 889 4600 non
940 4547 1068 4618 ipse
1100 4548 1270 4602 modo
1321 4551 1419 4605 sed
1472 4568 1675 4606 omnes
1707 4554 1801 4623 qui
1856 4571 1995 4608 cum
2023 4558 2133 4625 ipsc

2259 4557 2293 4622 ἡ
2348 4554 2451 4628 γὰρ
2505 4555 2628 4629 χεὶρ
2686 4557 2720 4623 ἡ
2783 4550 2928 4624 δεξιὰ
2978 4557 3075 4607 τοῦ
3132 4552 3478 4639 πατριάρχου
3549 4543 3921 4639 σταυροειδῶς

498 4639 685 4689 erant.
720 4634 863 4689 Nam
899 4636 1103 4692 dextra
1133 4637 1478 4709 patriarchae
1529 4658 1740 4696 manus
1772 4642 1828 4697 in
1862 4643 2050 4697 crucis
2084 4644 2151 4697 ﬁ-

2264 4645 2701 4717 σχηματισθεῖσα
2754 4645 2855 4718 (4),
2914 4644 2953 4718 ᾗ
3006 4640 3127 4703 ἔθος
3216 4637 3459 4715 εὐλογεῖν
3547 4635 3919 4713 έπιφωνοῦντι

1816 4741 2060 4796 JACOBI
2103 4741 2325 4798 GOARI
2365 4743 2593 4799 NOTAE.

548 4817 647 4899 “(2)
690 4820 963 4899 Abundat
1010 4822 1285 4895 loquendi
1339 4825 1669 4883 Graecorum
1722 4846 1866 4883 usus
1918 4846 2148 4898 prover-

502 4888 638 4971 Ῑῗίίδν
687 4908 837 4971 quos
888 4888 1104 4965 μύθους’
1140 4901 1367 4954 vocant.
1422 4901 1482 4953 In
1536 4899 1641 4954 hoc
1696 4888 2040 4971 particulam
2081 4900 2152 4953 ἐῶ

504 4962 1164 5043 ςίρρτιινδιοφίοεῐιεεο,
1214 4985 1385 5043 cum,
1425 4971 1659 5026 nonnisi
1696 4962 1818 5043 ‘qui
1870 4989 1967 5027 ore
2016 4979 2155 5027 sunt

499 5030 697 5111 blaaso_,
728 5034 803 5111 τὸ,
826 5035 929 5111 ἐγώ
962 5030 1388 5111 οιὶειηιίτυειὶοἰ
1437 5030 1816 5111 pronuntient
1850 5044 2151 5101 integerri-

501 5119 615 5184 me.
655 5104 956 5184 Particulze
983 5107 1073 5163 'iva
1105 5110 1188 5164 vel
1222 5109 1284 5162 νά
1315 5104 1693 5184 quandoque,
1728 5123 1790 5170 ut
1821 5115 1935 5179 hic,
1969 5115 2151 5168 futuri

501 5179 644 5257 nota
670 5184 785 5257 est,
829 5180 1081 5236 Verbum
1134 5186 1295 5257 χαλῶ
1325 5179 1512 5257 perdo,
1562 5179 1870 5257 éorrumpo,
1913 5186 2151 5250 destruo,

497 5246 708 5323 deﬁcio
737 5246 1473 5323 communiter'signilicat.

569 5318 652 5389 (3)
685 5319 964 5401 Btipawot
1002 5325 1171 5395 quasi
1214 5318 1381 5401 dicas
1433 5326 1700 5401 Φράγγοι,
1736 5327 1941 5401 scribit
1988 5327 2152 5382 Gret-

499 5404 668 5468 serus
718 5395 774 5449 in
833 5395 1135 5451 Cedinum.
1196 5398 1267 5451 At
1321 5395 1493 5467 quasi
1552 5395 1772 5455 divinat
1822 5400 2150 5468 Gretserus,

501 5462 603 5547 qui
637 5464 875 5547 ﬁnglos,
918 5468 1251 5547 Graecorum
1302 5462 1641 5547 auxiliarios
1685 5479 1741 5527 et
1783 5462 2154 5547 imperatoris

503 5532 869 5613 satellitium
911 5538 997 5613 vel
1064 5539 1277 5613 virtute
1332 5544 1681 5610 promeritos
1735 5543 1821 5599 vel
1870 5532 1951 5598 .ad
2007 5541 2152 5598 illud

506 5608 689 5690 missa
772 5608 1062 5690 legatione
1152 5608 1499 5690 advocatos,
1587 5615 1929 5690 Βαράγγους,
1981 5613 2153 5690 (ιιιεξβί

508 5674 793 5750 Φράγγους
829 5674 1093 5739 "vocatos
1158 5686 1376 5738 censet.
1446 5674 1526 5742 Ah
1594 5674 1711 5746 no'n
1752 5674 2154 5743 '6ccideritalis

2260 4830 2530 4911 quilibet,
2575 4830 2796 4911 Gallus,
2852 4828 3055 4911 Italus,
3088 4828 3436 4911 _Germanus
3480 4822 3699 4911 ρι’ξέείε
3732 4820 3921 4911 ‘1’?in

2300 4902 2420 4975 oc?
2454 4892 2559 4957 cur
2616 4892 2916 4975 szdﬁoe
2951 4892 3191 4975 Anglus
3235 4898 3405 4975 quasi
3456 4892 3797 4975 fbpdyyog?
3839 4892 3921 4947 Ex

2300 4922 2397 4963 οςῐ
2454 4922 2559 4957 CUI‘
2616 4922 2895 4975 ηαραγγος
2951 4922 3176 4969 (mgnus
3235 4922 3405 4970 quasi
3466 4922 3767 4967 ψραγγυςι
3839 4922 3918 4947 ενι

2262 4922 3095 5055 EdatthaeiparishAnglorum
3136 4970 3401 5054 historici
3456 4968 3636 5055 lex‘ico

2264 5046 2659 5115 Baranagium,
2695 5046 2796 5113 ait,
2837 5035 2959 5099 sive
3007 5043 3363 5112 barnagium,
3396 5040 3551 5113 quod
3574 5045 3642 5093 .et
3672 5035 3917 5115 barone-

2262 5118 2445 5189 θέωνι,
2480 5105 2794 5188 procerum,
2814 5115 2975 5199 regni
3010 5105 3251 5199 senatus
3284 5105 3371 5168 est
3402 5105 3458 5196 et
3502 5105 3917 5199 cm‘tus,_vrl‘ll80

2264 5176 2692 5256 ὗίινιίιίηέηιυηι,
2719 5206 2751 5242 a
2800 5176 2969 5257 cuius
3006 5186 3311 5240 nobilitate
3358 5179 3727 5257 stipendiarii
3759 5176 3917 5232 Gras-

2264 5276 2464 5332 corum
2501 5250 2693 5330 Angli,
2726 5250 2936 5313 vana'm
2984 5257 3295 5332 titulorum
3322 5250 3919 5332 Διὶὶῇξιὶίιλιξιιι(ἲιι-αεοιιο

2266 5331 2395 5385 nico
2428 5321 2853 5396 moreusectati,
2905 5345 3116 5384 nomen
3148 5329 3261 5384 sibi
3316 5328 3604 5402 βαράγγων
3651 5322 3708 5375 in
3735 5321 3922 5402 puris

2264 5402 2367 5481 QP.
2397 5404 2436 5481 _ﬁ
2449 5408 2781 5481 nxerunt_et
2796 5393 3181 5481 adaptarunt.
3206 5393 3517 5481 Barango's:
3529 5410 3698 5481 porro
3724 5393 3920 5481 fuisse

2262 5473 2493 5545 Anglos
2516 5492 2631 5529 non
2664 5462 3003 5545 dissimulat
3031 5472 3309 5545 Codinus,
3343 5462 3442 5542 qifi
3470 5462 3643 5545 etiam
3674 5480 3778 5520 eos
3812 5462 3914 5535 Ἰγο

2261 5542 2496 5619 γλινιστί
2529 5547 2836 5617 loquentes
2867 5543 3114 5619 inducit.
3148 5542 3290 5599 Vide
3320 5561 3379 5616 p.

2333 5618 2407 5688 (4)
2440 5607 2854 5674 Contdrmatur
2881 5607 3557 5688 in_crucem__pdnti_flcis
3597 5607 3690 5664 vel
3721 5618 3917 5688 sacer

2262 5677 2416 5746 dotis
2445 5704 2680 5759 manus,
2708 5704 2848 5747 eum
2876 5685 3064 5760 pelice
3094 5677 3291 5744 medie
3322 5684 3507 5759 digito
3534 5677 3916 5755 superposito
