4078 6336
212 351 324 412 373

1707 357 2104 420 HISTORIA.
2208 392 2217 399 -

3492 360 3611 423 3‘74

209 485 281 553 τῷ
331 480 451 553 λαῷ
509 483 610 551 τήν
668 481 890 558 εἰρήνην
939 487 1035 558 (5),
1099 485 1400 559 μεμένηκεν
1432 483 1717 562 ἄτρεπτος,
1772 489 1847 560 μὴ

1971 505 2170 561 guram
2206 490 2591 558 conformata,
2622 497 2689 547 ut
2719 507 2847 547 mos
2877 496 2969 548 est
2992 492 3366 548 benedicendi
3395 491 3610 564 populo

207 570 667 626 συναλλοιωθεῖσα
730 577 800 645 τῇ
873 575 1129 651 νεκρώσει
1202 579 1301 631 τοῦ
1367 578 1642 649 σώματος.
1706 582 1851 649 Προ-

210 660 499 735 χειρίζεται
562 658 619 716 δί
677 662 782 716 ἀντ’
842 663 1008 717 αὐτοῦ
1064 664 1412 740 πατριάρχης
1445 672 1849 727 Κωνσταντῖνος

214 746 469 823 πρόεδρος
524 752 615 805 καὶ
674 747 1171 827 πρωτοϐεστιάριος
1203 755 1232 808 ὁ
1290 753 1849 831 Λειχούδης,πρότε-

214 858 296 912 ρον
355 842 546 915 ψήφου
592 836 875 915 προϐἀσης
932 842 1014 897 ἐπ’
1043 842 1191 915 αὐτῷ
1221 846 1365 919 παρὰ
1421 849 1528 899 τῶν
1566 865 1849 918 μητροπο-

213 925 371 981 λιτων
423 929 515 983 καὶ
573 933 671 984 τοῦ
718 931 933 1006 κλήρου
985 931 1075 986 καὶ
1124 936 1221 987 τοῦ
1253 930 1389 986 λαοῦ
1438 934 1658 1003 παντὸς,
1713 935 1849 1009 ἀνὴρ

215 1016 457 1091 μέγιστον
546 1014 860 1092 διαλάμψας
941 1026 1058 1083 τοῖς
1148 1020 1457 1097 βασιλικοῖς
1535 1024 1848 1098 πράγμασιν

205 1102 302 1158 ἀπό
374 1125 435 1159 τε
511 1110 609 1161 τοῦ
687 1108 1031 1183 Μονομάχου
1108 1110 1198 1164 καὶ
1275 1112 1441 1187 μέχρι
1488 1116 1585 1165 τοῦ
1636 1111 1848 1186 καιροῦ,

205 1191 288 1246 καὶ
361 1192 501 1269 μέγα
573 1192 735 1258 κλέος
775 1196 863 1251 ἰπὶ
919 1203 1001 1270 τῷ
1058 1204 1321 1272 μεσασμῷ
1375 1207 1476 1269 τῆς
1533 1205 1640 1255 τῶν
1701 1199 1846 1255 ὅλων

211 1277 526 1351 διοικήσεως
584 1284 1012 1360 ἀπενεγκάμενος
1079 1289 1168 1343 καὶ
1226 1296 1327 1359 τῆς
1377 1294 1485 1344 τῶν
1543 1290 1846 1365 Μαγγάνων

207 1372 497 1444 προνοίας,
555 1374 647 1429 καὶ
714 1381 823 1431 τῶν
902 1373 1288 1452 δικαιωμάτων
1347 1378 1520 1457 φύλαξ
1578 1384 1654 1453 (6)
1704 1381 1849 1454 παρὰ

207 1463 298 1542 τοῦ
341 1460 631 1536 εἰρημένου
684 1463 953 1538 βασιλέως
1007 1466 1401 1541 καταλειφθείς.
1466 1468 1521 1522 Εἰ
1566 1468 1654 1521 καὶ
1707 1488 1849 1542 προ-

209 1541 442 1618 ϐέϐλητο
495 1556 645 1626 γοῦν,
705 1552 805 1607 οὐκ
861 1551 1273 1628 ἆνενδοιάσιμον
1304 1558 1404 1625 τήν
1436 1541 1848 1632 ἀρχιερωσύνην

208 1637 291 1690 καὶ
345 1639 445 1706 τήν
504 1641 870 1717 πατριαρχίαν
942 1642 1198 1715 ἐκέκτητο
1268 1646 1356 1700 καὶ
1432 1645 1844 1722 ἀναμφήριτον,

206 1727 326 1783 ἀλλ’
372 1729 402 1783 ὁ
438 1728 696 1805 βασιλεὺς
723 1733 1024 1809 φροντίζων
1052 1735 1201 1797 ὅπως
1231 1740 1338 1790 τῶν
1368 1734 1633 1790 τοιούτων
1667 1733 1843 1790 δικαι-

1964 578 2312 635 acclamanti
2340 597 2563 652 pacem,
2587 582 2670 636 ita
2690 582 2863 636 ﬁrma
2894 582 3237 653 permansit,
3264 597 3453 652 neque
3473 596 3608 637 cum

1961 675 2192 724 mortuo
2242 686 2483 740 corpore
2531 677 2619 725 est
2668 671 2997 727 immutata.
3052 671 3359 725 sufficitur
3390 671 3448 725 in
3480 671 3610 740 ejus

1965 757 2155 814 locum
2204 760 2539 829 patriarcha
2587 759 3007 816 Constantinus
3056 760 3347 815 Lichudes
3398 775 3611 830 praeses

1962 854 2021 902 et
2048 849 2547 918 protovesliarius,
2580 850 2680 920 qui
2727 850 2890 921 prius
2939 848 3525 921 metropolitanorum
3557 851 3613 903 et

1961 937 2097 992 cleri
2154 938 2451 1008 totiusque
2499 938 2699 1010 populi
2750 939 3048 1011 suffragiis
3095 939 3354 994 delectus
3399 938 3610 1007 fuerat,

1958 1026 2049 1080 vir
2079 1027 2152 1081 ob
2183 1025 2334 1097 regia
2367 1032 2543 1097 atque
2564 1026 2757 1081 civilia
2787 1043 3031 1082 munera
3049 1026 3412 1082 clarissimus
3435 1044 3467 1080 a
3488 1026 3608 1081 Mo-

1961 1115 2247 1170 nomacho
2280 1131 2464 1186 usque
2497 1117 2565 1170 ad
2598 1115 2741 1170 illud
2776 1121 3049 1185 tempus;
3083 1117 3299 1187 quique
3329 1130 3606 1186 magnam

1959 1202 2207 1273 gloriam
2240 1205 2313 1259 ob
2346 1204 2427 1259 rei
2461 1204 2701 1275 publicis
2744 1205 3309 1261 administrationem
3347 1209 3607 1274 reporta-

1959 1299 2119 1347 verat
2174 1293 2324 1350 045
2388 1299 2444 1348 et
2501 1297 2923 1367 Manganorum
2984 1295 3479 1365 procurationem,
3539 1310 3606 1348 ac

1951 1382 2106 1452 juris
2137 1388 2336 1438 custos
2369 1384 2441 1438 ab
2474 1398 2540 1438 eo
2573 1386 2919 1453 imperatore
2968 1399 3143 1455 quem
3174 1383 3434 1437 diximus
3466 1380 3606 1437 reli-

1958 1475 2091 1526 ctus
2160 1472 2363 1526 fuerat.
2430 1472 2500 1526 Et
2556 1473 2824 1543 quamvis
2880 1472 3145 1527 delectus
3202 1471 3430 1535 fuisset,
3488 1486 3601 1525 non

1960 1560 2088 1615 sine
2118 1560 2491 1616 contentione
2540 1560 3108 1633 archiepiscopatum
3141 1565 3198 1616 et
3244 1558 3605 1631 patriarcha-

1958 1654 2104 1716 tum,
2142 1666 2329 1721 neque
2360 1653 2485 1705 sine
2511 1649 2909 1705 controversia
2950 1651 3199 1722 adeptus
3247 1654 3354 1704 est.
3389 1651 3605 1702 Verum

1957 1739 2276 1811 imperator
2323 1740 2563 1795 studens
2610 1738 2751 1794 talia
2799 1739 2910 1794 sibi
2950 1740 3090 1810 jura
3136 1737 3452 1804 vindicare,
3493 1735 3604 1790 hoc

206 1817 433 1888 ωματων
490 1818 753 1894 ἐγκρατὴς
810 1823 1055 1896 γένηται,
1084 1828 1274 1879 τοῦτον
1313 1825 1502 1900 καιρὸν
1536 1822 1843 1895 ἐπιτήδειον

238 1904 252 1926 ⁷
297 1908 322 1926 n
358 1906 371 1924 ἢ
675 1903 735 1926 ρ’
1278 1924 1287 1926 _
1309 1914 1319 1926 ι
1501 1915 1513 1926 ι
1571 1914 1580 1926 ι
1794 1915 1806 1926 ι

1982 1828 2065 1898 psi
2094 1832 2328 1897 tempus
2348 1827 2627 1883 idoneum
2647 1827 3239 1899 ratus,presbyterum
3266 1825 3601 1880 ordinatum

208 1904 407 1975 οίηθεὶς
437 1952 452 1975 ,
534 1903 894 1982 πρεσϐύτερον
972 1914 1425 1988 ’χειροτονηθέντα
1496 1914 1694 1989 ίπὲσχε
1747 1915 1848 1982 τὴν

1971 1917 2140 1969 vetuit
2189 1932 2259 1972 ne
2306 1916 2850 1988 archiepiscopatus
2898 1917 3236 1972 unctionem
3284 1914 3601 1985 perfectam

213 1993 399 2064 ιντελῆ
447 1997 632 2071 χρίσιν
684 2004 785 2069 τῆς
834 2000 1269 2077 ἀρχιερωσύνης.
1331 2003 1492 2078 ἄχρις
1552 2001 1635 2069 ἃν,
1694 2003 1847 2079 φησὶ,

214 2084 275 2138 τὰ
331 2084 868 2162 ὑποτονθορυζόμενα
917 2091 1054 2144 κατὰ
1106 2094 1201 2145 σοῦ
1250 2094 1500 2164 σκοπηθῇ
1553 2089 1849 2153 συνοδικῶς

212 2192 267 2226 τε
308 2174 396 2227 καὶ
445 2179 766 2238 ηνονικῶς.
814 2178 876 2234 Ὀ
926 2175 983 2233 δὲ
1035 2185 1441 2242 Κωνσταντῖνος
1477 2181 1552 2252 μή
1587 2181 1850 2256 ἀγνοήσας

215 2257 279 2314 δι’
334 2262 391 2315 ὅν
447 2266 619 2319 ταῦτα
673 2264 875 2340 τρόπον
921 2268 1198 2341 τυρεύεται
1253 2275 1367 2324 κατ’
1424 2269 1605 2337 αὐτοῦ,
1663 2269 1724 2322 τὸ
1754 2270 1852 2336 τῆς

215 2349 475 2427 αἰσχύνης
532 2350 798 2423 ἀδόκητον
869 2355 1254 2432 λογισάμενος,
1301 2360 1476 2436 φέρων
1533 2359 1599 2413 τὰ
1659 2357 1854 2428 ζητού-

220 2461 347 2511 μενα
395 2446 476 2511 τῷ
525 2442 749 2518 βασιλεῖς
789 2443 1094 2502 ἐπιδίδωσι.
1143 2448 1241 2502 Καὶ
1300 2444 1483 2503 ἔκτοτε
1520 2446 1854 2508 ἀδιστάκτως

215 2530 299 2582 καί
338 2527 472 2604 δίχα
526 2532 673 2593 τινὸς
730 2535 1050 2609 προφάσεως
1088 2535 1261 2591 πάντα
1320 2535 1559 2592 τελεῖται
1595 2535 1677 2591 ἐπ’
1709 2535 1858 2607 αὐτῷ

220 2618 313 2672 ὅσα
367 2617 488 2681 ἔθος
543 2619 722 2675 τελεῖν
768 2621 857 2676 ἐπὶ
913 2629 1030 2685 τοῖς
1088 2626 1621 2699 χειροτονουμένοις.
1664 2625 1861 2699 Γεγονε

220 2702 274 2760 δὲ
330 2705 718 2783 δωρηματικὸς
770 2710 861 2765 καὶ
906 2714 1295 2785 προνοητικὸς,
1358 2714 1421 2768 οὐ
1477 2718 1583 2769 τῶν
1615 2720 1715 2783 τῆς
1746 2714 1863 2768 Έκ-

218 2795 441 2866 κλησίας
492 2798 681 2871 μόνον,
715 2798 860 2856 ἀλλὰ
908 2802 995 2856 καῖ
1024 2803 1234 2857 πάντων
1287 2801 1498 2874 ἁπλῶς,
1527 2804 1601 2865 ὡς
1657 2800 1864 2875 μηδένα

222 2883 617 2963 ὑπολειφθῆναι
648 2895 751 2957 τῆς
779 2888 945 2944 αὐτοῦ
975 2891 1237 2966 προνοίας
1267 2891 1567 2968 ἀμέτοχον,
1631 2892 1723 2947 τὸν
1783 2892 1859 2964 μή

215 2979 311 3040 τῆς
339 2972 506 3029 αὐτοῦ
536 2975 724 3050 χειρὸς
756 2975 1158 3037 ἀπολαύσαντα.

284 3063 405 3118 Τῶν
460 3064 758 3140 Οὐγγάρων
788 3067 887 3135 τὴν
946 3068 1083 3142 πρὸς
1127 3070 1431 3142 Ῥωμαίους
1480 3069 1702 3145 εἶρηνην
1754 3066 1867 3124 δια-

221 3147 495 3207 λυσᾶντων
530 3155 616 3226 [Ρ.
647 3156 778 3227 810]
825 3156 916 3211 καὶ
962 3162 1070 3212 τῶν
1120 3159 1461 3227 ΙΙατζινάκων
1532 3156 1589 3213 δὲ
1647 3158 1865 3234 ἐξερπυ-

220 3241 419 3296 σάντων
442 3246 554 3297 τῶν
599 3241 827 3320 φωλεῶν
881 3245 960 3307 οἷς
1002 3241 1363 3322 ἑνεκρύὸησαν
1412 3246 1502 3302 καὶ
1548 3249 1648 3316 τήν
1694 3267 1865 3323 παρα-

219 3329 472 3403 κειμένην
535 3332 720 3408 χώραν
776 3333 1057 3405 σινόντων,
1098 3335 1164 3390 τὰ
1212 3337 1348 3411 πρὸς
1378 3337 1477 3404 τὴν
1524 3336 1867 3410 ἐκστρατείαν

222 3417 509 3493 ἰξαρτύσας
583 3422 613 3475 ὁ
671 3422 927 3497 βασιλεὺς
973 3420 1130 3493 ἔξεισι
1178 3424 1534 3501 πασίρῤωμος
1584 3424 1658 3487 ιτς
1707 3425 1866 3499 Τριά-

220 3505 399 3578 διτζαν
437 3556 449 3567 .
526 3507 734 3566 Ἐκεῖσί
787 3532 845 3567 τε
896 3506 1150 3587 πρέσϐεις
1206 3515 1342 3589 πρὸς
1396 3518 1504 3568 τῶν
1572 3513 1869 3589 Οὐγγάρων

222 3594 555 3673 δεξάμενος,
621 3600 718 3668 τὴν
798 3607 911 3674 μετ’
983 3600 1158 3656 αὐτῶν
1217 3600 1439 3677 εἰρήνην
1493 3603 1743 3678 κυρώσας
1792 3602 1868 3664 ὡς

222 3683 369 3757 ἐνῆν,
402 3685 491 3741 ἰπὶ
539 3685 667 3751 τοὺς
724 3687 1088 3757 Πατζινάκους
1148 3687 1450 3762 ἐξώρμησε.
1512 3691 1866 3764 Διῃρημὲνων

224 3770 277 3828 δὲ
332 3774 513 3830 αὐτῶν
571 3776 708 3831 κατά
763 3776 949 3852 γενεὰς
1006 3779 1094 3832 καὶ
1153 3779 1400 3857 φατρίας,
1434 3779 1485 3832 οὶ
1537 3780 1631 3852 μὶν
1681 3776 1867 3833 λοιποὶ

223 3863 488 3939 ἡγεμόνες
538 3868 619 3937 τῷ
680 3864 899 3940 βασιλεῖ
932 3865 1315 3931 ὑποκλιθὲντες
1372 3867 1615 3943 εἰρηνικά
1668 3888 1725 3921 τε
1780 3867 1870 3923 καὶ

222 3950 380 4027 φίλια
436 3951 761 4031 ἐφρόνησαν,
816 3954 979 4028 μόνος
1011 3952 1070 4009 δὶ
1112 3956 1141 4010 ὁ
1198 3953 1367 4011 Σελτὶ
1392 3962 1552 4033 χεῖρα
1584 3953 1766 4011 δοῦναι
1793 3959 1873 4027 τῷ

228 4041 446 4114 βασιλεῖ
502 4042 599 4097 οὐκ
650 4040 910 4115 ἠθέλησε,
963 4049 1081 4107 τοῖς
1136 4042 1282 4099 ἕλεσι
1332 4050 1431 4100 τοῦ
1487 4047 1727 4121 Ἴστρου,
1789 4047 1872 4106 οἷς

227 4131 499 4209 συνέφυγε,
567 4133 656 4188 καὶ
718 4133 786 4209 τῇ
838 4133 1009 4190 ἐκεῖσε
1057 4135 1401 4208 ἀποκρήμνῳ
1439 4138 1609 4212 πέτρᾳ
1664 4134 1871 4210 ἐπερεί-

225 4217 454 4293 δόμενος
489 4243 502 4255 ·
569 4223 650 4287 οἷς
697 4222 787 4277 καὶ
840 4222 1114 4300 θαρρήσας
1171 4224 1249 4288 εἰς
1301 4226 1364 4280 τὸ
1420 4224 1611 4281 πεδίου
1661 4224 1873 4298 ἐξῆλθε,

224 4312 481 4388 συῤῥάξαι
534 4318 614 4387 τῷ
665 4312 881 4390 βασιλεῖ
923 4314 1408 4390 προθυμούμενος.
1466 4315 1582 4373 Οὐκ
1638 4315 1714 4378 εἷς
1770 4336 1910 4389 μα-.

224 4404 352 4476 κρὰν
413 4400 473 4458 δὲ
518 4405 621 4472 τῆς
680 4402 881 4466 οἰκείας
941 4404 1196 4467 ἀπονοίας
1244 4403 1535 4477 ἐκομίσατο
1564 4406 1631 4459 τὰ
1660 4404 1876 4479 ἐπίχει-

225 4511 305 4565 ρα·
373 4491 636 4568 βραχείας
694 4495 798 4569 γὰρ
861 4490 1081 4568 μερίδος
1137 4498 1243 4548 τῶν
1306 4492 1606 4568 βασιλικῶν
1664 4494 1875 4548 ἀντιτα-

1959 2005 2269 2075 acciperet,
2303 2006 2519 2077 quoad,
2552 2006 2766 2079 inquit,
2798 2023 2863 2061 ea
2893 2022 3020 2077 quae
3061 2010 3264 2059 contra
3288 2009 3344 2059 te
3365 2004 3601 2074 jactan-

1960 2098 2057 2148 tur
2090 2111 2191 2165 per
2220 2096 2509 2167 synodum
2530 2096 2807 2151 canonice
2827 2095 3255 2150 examinentur.
3280 2090 3608 2149 Constanti-

1964 2200 2075 2238 nus
2106 2188 2302 2238 autem
2338 2201 2451 2239 non
2498 2184 2774 2254 ignorans
2822 2184 2941 2239 haec
2972 2183 3265 2255 quomodo
3314 2186 3517 2237 contra
3546 2196 3610 2236 se

1963 2273 2419 2339 inquirerentur,
2474 2274 2836 2345 inopinatum
2887 2273 3139 2328 dedecus
3187 2286 3387 2326 secum
3437 2285 3611 2340 repu-

1965 2365 2120 2428 tans,
2156 2378 2284 2431 qua:
2313 2364 2728 2432 querebantur
2772 2362 3019 2417 tradidit
3048 2359 3407 2432 imperatori.
3442 2362 3519 2412 Ex
3548 2372 3614 2412 eo

1968 2455 2226 2521 tempore
2256 2451 2385 2505 sine
2414 2451 2810 2506 controversia
2840 2455 2898 2506 et
2927 2449 3055 2505 sine
3083 2449 3458 2505 excusatione
3488 2462 3618 2502 om-

1971 2539 2067 2593 nia
2097 2539 2168 2593 ab
2203 2540 2330 2608 ipso
2381 2540 2854 2610 perﬁciebantur,
2893 2554 3258 2611 quaecunque
3287 2537 3349 2592 in
3380 2535 3620 2591 initian-

1969 2626 2060 2681 dis
2094 2628 2470 2698 pontiﬁcibus
2502 2644 2875 2684 consuevere.
2910 2628 3044 2682 Fuit
3072 2627 3246 2683 etiam
3277 2625 3620 2688 munificus,

1969 2722 2028 2769 et
2093 2718 2379 2771 rationem
2445 2717 2650 2771 habuit
2710 2733 2823 2772 non
2891 2716 3162 2771 Ecclesiae
3228 2720 3459 2769 tantum
3515 2711 3618 2768 sed

1973 2806 2144 2859 etiam
2196 2807 2461 2861 omnium
2514 2806 2774 2873 omnino,
2824 2806 2905 2861 ita
2945 2810 3009 2860 ut
3057 2821 3206 2861 curae
3236 2803 3399 2859 illius
3448 2817 3620 2857 nemo

1973 2910 2178 2965 expers
2228 2899 2404 2962 esset,
2467 2894 2567 2966 qui
2613 2895 2742 2964 ejus
2793 2894 3203 2950 liberalitatem
3254 2910 3368 2948 non
3420 2906 3619 2964 perce-

1974 2984 2176 3053 pisset.

2044 3074 2191 3129 Cum
2221 3088 2351 3127 vero
2385 3073 2598 3143 Ungari
2647 3090 2845 3145 pacem
2879 3073 3197 3128 violassent
3242 3087 3381 3142 erga
3411 3070 3620 3125 Roma-

1979 3178 2104 3227 nos,
2139 3166 2196 3214 et
2232 3161 2547 3216 Patzinacze
2574 3178 2603 3217 e
2634 3161 2861 3229 lustris,
2895 3162 2952 3216 in
2986 3162 3204 3233 quibus
3248 3158 3621 3227 delituerant,

1978 3249 2327 3320 erupissent,
2362 3249 2750 3321 laederentque
2802 3250 3112 3304 finitimam
3165 3249 3480 3321 regionem,
3513 3246 3624 3300 im-

1980 3344 2211 3410 perator
2242 3339 2460 3409 paratis
2491 3338 2564 3393 iis
2594 3355 2721 3409 quas
2772 3340 2842 3394 ad
2895 3338 3309 3410 perfectionem
3340 3335 3627 3393 exercitus

1982 3427 2113 3481 usui
2160 3431 2375 3492 essent,
2409 3442 2542 3480 cum
2590 3427 2870 3484 omnibus
2912 3428 3135 3483 viribus
3166 3444 3229 3483 se
3276 3426 3627 3482 Triaditzam

1980 3516 2224 3580 confert,
2260 3515 2453 3586 ibique
2488 3516 2560 3570 ab
2591 3515 2839 3589 Ungaris
2879 3524 3120 3589 accepta
3150 3515 3459 3588 legatione,
3490 3530 3625 3569 cum

1981 3620 2177 3675 pacem
2210 3604 2620 3659 conﬁrmasset
2668 3622 2731 3659 ac
2780 3623 2883 3681 pro
2916 3607 3139 3660 viribus
3191 3605 3526 3668 stabilisset,
3565 3602 3626 3656 in

1979 3692 2317 3747 Putzinacas
2353 3694 2643 3762 profectus
2670 3699 2778 3748 est.
2812 3695 3037 3757 Quibus
3068 3693 3272 3748 divisis
3303 3691 3627 3747 secundum

1980 3787 2182 3853 gentes
2231 3786 2288 3835 et
2338 3782 2550 3847 tribus,
2601 3783 2805 3854 reliqui
2863 3783 3017 3838 646
3064 3783 3243 3837 duces
3292 3777 3626 3850 imperatori

1982 3886 2043 3924 se
2074 3869 2489 3926 submittentes
2522 3888 2719 3942 pacem
2752 3877 2809 3927 et
2838 3871 3155 3926 amicitiam
3180 3867 3434 3940 amplexi
3457 3872 3621 3921 sunt:

1980 3958 2143 4014 solus
2187 3958 2341 4014 Selte
2389 3976 2629 4014 manum
2683 3962 2819 4015 dare
2866 3960 3207 4032 imperatori
3254 3956 3463 4023 noluit,
3496 3954 3626 4011 lstri

1982 4049 2297 4121 paludibus
2337 4067 2452 4122 quo
2499 4052 2858 4122 confugerat,
2907 4056 2965 4106 et
3012 4054 3305 4122 praerupta
3354 4064 3479 4119 qua:
3509 4044 3628 4100 illic

1983 4144 2106 4194 erat
2133 4148 2293 4211 petra
2326 4139 2517 4196 nixus.
2547 4141 2770 4206 Quibus
2799 4140 2976 4195 etiam
3011 4141 3191 4194 fretus
3231 4138 3287 4193 in
3324 4135 3626 4209 planitiem

1983 4228 2195 4300 erupit,
2247 4234 2515 4300 prompto
2564 4229 2758 4285 animo
2807 4229 3050 4301 cupiens
3100 4245 3232 4283 cum
3280 4228 3631 4298 imperatore

1985 4334 2226 4372 manum
2256 4333 2579 4373 conserere.
2615 4318 2727 4373 Sed
2762 4320 2917 4374 brevi
2945 4323 3208 4389 tempore
3238 4333 3356 4371 suae
3389 4315 3628 4377 demen-

1984 4407 2075 4460 tiae
2107 4407 2345 4477 praemia
2373 4406 2529 4473 tulit,
2562 4408 2853 4479 siquidem
2900 4424 3033 4463 cum
3081 4408 3289 4480 exigua
3317 4405 3629 4475 imperato-

1985 4495 2067 4549 ris
2095 4495 2346 4550 militum
2398 4513 2609 4551 manus
2642 4497 2786 4569 ipsis
2835 4497 3171 4562 restitisset,
3216 4495 3382 4566 fugit,
3416 4499 3473 4549 et
3501 4493 3630 4563 ejus

227 4581 454 4654 χθείσης
488 4579 636 4654 αὐτῷ
683 4582 850 4660 φυγὰς
907 4579 1108 4659 ᾤχετο,
1155 4582 1244 4637 καὶ
1300 4582 1670 4661 κρησφύγετον
1708 4582 1859 4637 αὐτοῐ

1981 4584 2274 4655 refugium
2293 4592 2531 4656 captum
2551 4586 2623 4641 ab
2651 4585 2796 4657 ipsis
2815 4585 3217 4641 fundamentis
3238 4588 3328 4639 est
3343 4583 3626 4637 dirutum.

227 4667 434 4746 ληφθὲν
492 4671 830 4745 κατεριζώθη
877 4670 936 4727 ἐκ
986 4671 1197 4747 βάθρων
1248 4672 1444 4729 αὐτῶν.
1502 4672 1563 4729 Ὁ
1610 4669 1668 4726 δὲ
1718 4672 1859 4747 βασι·

1976 4677 2302 4743 Imperator
2346 4678 2542 4729 autem
2597 4679 2729 4746 post
2784 4675 2980 4747 ipsum
3032 4673 3398 4747 proﬂigatum
3451 4674 3629 4741 atquc

229 4755 351 4821 λεὺς
424 4759 561 4831 μετά
627 4760 691 4814 τὸ
766 4764 956 4815 τοῦτον
1034 4758 1417 4836 τροπώσασθαι
1473 4760 1562 4815 καὶ
1621 4759 1850 4836 ἀφανίσαι

1981 4760 2236 4817 deletum
2270 4762 2537 4837 funditus
2586 4764 2722 4817 inde
2752 4765 3045 4834 profectus
3094 4764 3165 4818 ad
3198 4760 3502 4816 Lobitzum
3534 4761 3629 4811 ta-

224 4844 394 4921 ερδην
474 4846 761 4919 ἀναζεύξας
839 4848 1142 4920 ἐσκήνωσεν
1218 4848 1270 4904 ἰν
1319 4854 1399 4922 τῷ
1452 4844 1699 4921 Λοϐιτζῷ
1749 4849 1859 4923 περῑ

1984 4848 2300 4905 bernacula
2348 4851 2565 4922 posuit,
2615 4851 2681 4905 ad
2737 4851 2955 4907 montis
3004 4851 3250 4905 radices.
3300 4848 3629 4903 Vehemens

225 4935 348 4998 τοὺς
426 4937 626 5000 αὐτοὺς
699 4935 1002 5012 πρόποδας.
1073 4936 1354 5014 Ῥαγόαῖος
1432 4935 1488 4993 δὲ
1544 4933 1754 5014 ὅμϐρὸς
1804 4940 1859 5012 τῆ

1983 4946 2176 4994 autem
2215 4940 2400 4993 imber
2428 4940 2483 4993 in
2518 4945 2709 4993 castra
2740 4939 2969 4994 dclatus
3000 4945 3057 4994 et
3091 4941 3186 4993 nix
3228 4933 3633 5008 intempestiva

226 5020 557 5100 παρεμϐολῇ
658 5025 1103 5105 ἐπιωταρῥαγεὶς
1201 5028 1290 5084 καὶ
1390 5028 1603 5105 νιφετὸς
1677 5026 1859 5102 ἔξωροι

1984 5033 2131 5097 (erat
2161 5029 2314 5084 enim
2350 5028 2709 5099 Septembris
2757 5028 2882 5082 dies
2927 5026 3207 5083 vicesima
3253 5030 3482 5097 quarta,
3515 5039 3633 5095 qua
3694 5054 3695 5057 η

1544 5163 1793 5219 JACOBI
1833 5161 2051 5218 GOAltl
2092 5163 2318 5218 NOTAE.

226 5276 292 5313 ex
321 5264 577 5332 utroque
626 5277 766 5316 crux
815 5262 1192 5332 componitur
1220 5277 1234 5316 :
1268 5259 1475 5332 reliqui
1510 5278 1678 5331 porro
1710 5260 1878 5330 digiti
1998 5330 2007 5332 _
2059 5260 2135 5331 (5)
2171 5261 2309 5314 Pace
2340 5260 2620 5314 nimirum
2668 5276 2701 5314 a
2750 5259 3021 5332 pontifice
3050 5260 3290 5313 vocibus
3320 5256 3413 5310 his
3443 5253 3631 5332 είρήνη

228 5329 495 5405 manent'
522 5332 769 5405 extensi,
815 5329 1129 5405 cunctique
1187 5332 1363 5388 simul
1394 5329 1626 5405 :vocum
1676 5329 1879 5387 harum
1991 5329 2374 5405 ὑμῐνςορδιίιυε
2409 5333 2705 5405 invocata,
2728 5329 3189 5405 benedictionem
3224 5329 3506 5400 poscenti.

230 5401 446 5484 Ἰησοῦς
479 5403 713 5484 Χριστος
738 5407 860 5484 νικᾷ
888 5399 1130 5484 litteras
1161 5403 1569 5484 primordiales
1599 5404 1845 5484 demons

1993 5399 2134 5484 _'(6)
2167 5403 2349 5458 Roma
2374 5405 2507 5484 iure
2555 5402 2804 5473 cuipiam
2857 5399 3277 5484 obvenientia.“
3294 5416 3430 5484 non,
3459 5399 3635 5455 modo

229 5466 405 5563 tra‘nt,
449 5466 800 5557 auricularis
839 5466 1118 5563 videlicet
1161 5466 1359 5563 rectus
1385 5474 1524 5557 16.1,
1550 5477 1789 5563 ‘medius
1821 5477 1880 5530 et
1981 5466 2305 5563 jusi‘psum
2340 5466 2397 5529 et
2444 5475 2631 5563 legem
2655 5466 2888 5563 'vo’can’t
2936 5472 3199 5563 moderni
3232 5466 3632 5563 ﬁrmaturum;
3706 5520 3716 5532 ,

230 5546 418 5622 pollex
446 5547 503 5622 in
535 5564 771 5622 crucem
805 5547 917 5622 a_c_ti
945 5546 1008 5601 τὸ
1038 5548 1100 5622 Χ,
1127 5548 1360 5622 medius
1380 5552 1439 5602 et
1466 5547 1641 5622 index
1672 5563 1859 5622 parun

1986 5542 2215 5622 hc_ideo
2264 5542 2645 5622 δικαιωμᾷτων
2693 5542 2864 5622 φύλαξ
2916 5546 3068 5616 apud
3120 5544 3356 5622 eosdem
3396 5542 3500 5622 _eSt
3532 5542 3634 5615 qui

229 5614 518 5747 dissignati
543 5619 614 5676 N.
646 5623 781 5675 Hec
820 5618 1356 5676 Thessalonicensis
1404 5622 1462 5674 et
1491 5614 1772 5688 Malu'us,
1806 5618 1878 5675 de
1988 5616 2159 5746 nobis
2190 5614 2483 5692 regiorum
2502 5614 2728 5688 jurium
2758 5614 3049 5683 defensor,
3081 5614 3181 5687 qui
3201 5621 3260 5672 et
3287 5618 3485 5690 regius
3506 5614 3638 5688 pro-

231 5702 348 5747 quo
525 5731 540 5747 .
1989 5702 2131 5746 cura
2160 5706 2244 5746 or.

231 5702 348 5759 quo
375 5702 540 5747 alim.
1989 5702 2244 5746 curator.
