4060 6344
499 333 617 394 37B

1817 339 2150 401 JOANNIS
2194 339 2601 402 SCYLITZE

3792 339 3911 398 376

499 467 948 538 protomartyris
987 467 1212 523 Thecla,
1265 469 1607 526 memoriam
1660 470 1956 527 celebrant
1984 471 2142 527 Chri-

2260 465 2660 544 (Σεπτέμϐριος
2715 468 2816 544 γάρ
2874 469 2940 537 ἦν
3000 468 3209 542 ἡμέραν
3270 464 3415 540 ἄγων
3475 464 3571 533 κδ’,
3604 467 3728 530 καθ’
3755 466 3822 534 ἦν
3876 469 3910 534 ἡ

499 554 700 624 etiani)
731 555 982 610 multum
1017 557 1350 613 detrimenti
1384 565 1441 614 et
1471 559 1822 616 calamitatis
1857 561 2146 616 militibus

501 641 717 698 attulit.
751 644 896 700 Nam
950 648 1143 702 omnis
1191 648 1308 704 fere
1355 650 1673 721 equitatus,
1709 656 1763 705 et
1812 667 2011 705 eorum
2048 651 2143 722 qui

501 731 746 786 aderant
776 733 1039 804 plurimi.
1068 735 1278 807 frigore
1309 742 1365 792 et
1397 739 1754 800 imbre.cum
1789 741 1927 795 nudi
1951 745 2148 794 essent

501 826 559 875 et
585 819 884 892 imparati,
934 823 1302 897 interierunt,
1331 845 1395 882 ac
1444 835 1652 899 praeter
1697 845 1928 884 omnem
1982 846 2145 900 spem

501 909 569 963 ad
606 909 822 966 victum
876 915 1209 970 necessaria
1257 917 1618 983 defecerunt,
1653 917 1868 973 relictis
1914 925 2143 973 tantum

501 1013 626 1066 quia
658 999 972 1056 ﬂuminum
1001 1004 1222 1074 impetu
1257 1007 1668 1075 superfuerant
1696 1013 1752 1061 et
1782 1008 1977 1062 imbri.
2003 1008 2146 1062 Cum

502 1091 700 1142 autem
735 1090 1110 1146 mediocriter
1141 1093 1338 1164 pluvia
1366 1095 1689 1151 remisisset
1723 1098 2000 1168 nivesque
2023 1115 2146 1152 ces-

502 1181 756 1242 sassent,
776 1177 1076 1248 ingressus
1095 1181 1430 1254 imperator,
1455 1188 1510 1238 et
1534 1183 1801 1256 plurimis
1826 1185 1880 1240 in
1908 1185 2148 1240 ﬂumine

503 1265 762 1334 amissis,
793 1269 903 1322 sub
938 1270 1206 1326 umbram
1241 1273 1546 1342 cujusdam
1580 1275 1806 1330 arboris
1835 1291 1967 1328 cum
2006 1292 2147 1346 pau-

504 1353 590 1408 cis
613 1355 968 1425 quibusdam
995 1359 1352 1429 primoribus
1375 1378 1436 1416 se
1459 1363 1710 1433 recepit;
1734 1380 1799 1417 ac
1824 1363 1997 1434 paulo
2021 1368 2152 1434 post

503 1441 658 1497 edito
685 1460 719 1498 a
748 1461 965 1516 quercu
998 1465 1142 1502 sono
1176 1467 1383 1520 parum
1409 1450 1779 1522 progreditur
1808 1452 2146 1522 imperator,

503 1531 622 1586 fere
653 1539 939 1603 quantum
967 1537 1190 1592 arboris
1222 1538 1408 1610 ipsius
1441 1539 1743 1610 longitudo
1767 1542 2147 1612 contingeret,

506 1636 638 1691 quae
695 1622 978 1680 radicitus
1027 1625 1226 1681 evulsa
1281 1629 1493 1700 supina
1540 1629 1598 1684 in
1650 1635 1864 1684 terram
1914 1631 2146 1685 decidit.

508 1717 819 1776 Obmutuit
842 1721 1179 1795 imperator,
1199 1726 1347 1781 647
1371 1728 1750 1783 considerans
1783 1727 1974 1799 qualis
2001 1745 2151 1782 mor-

2254 563 2352 624 τῆς
2411 561 2569 633 ἁγίας
2627 559 3097 634 πρωτομάρτυρος
3173 554 3379 618 Θὲκλας
3448 556 3606 629 ἒορτὴ
3665 555 3910 610 τελεῖται

2256 650 2617 722 Χριστιανοῖς)
2652 646 2869 715 πολλῆς
2901 647 3189 707 κακώσεως
3217 646 3306 697 καὶ
3342 643 3524 716 λύμης
3555 643 3824 714 ἐνέπλησε
3849 646 3912 698 τὸ

2256 736 2659 810 στρατιωτικόν·
2695 738 2729 805 ἢ
2763 757 2819 789 τε
2841 737 2940 810 γὰρ
2977 733 3150 795 ’ίππος
3209 732 3405 808 σχεδὸν
3439 736 3613 788 ἅπασα
3659 740 3750 788 καί
3802 739 3912 788 τῶν

2255 825 2538 900 παρόντων
2571 827 2624 878 o't
2654 823 2876 885 πλείους
2903 827 2982 895 τῷ
3012 823 3162 897 κρύει
3193 822 3280 876 καὶ
3314 827 3394 892 τῷ
3443 817 3660 896 ὄμϐρῳ,
3705 823 3909 897 γυμνοῖ

2255 914 2344 968 καὶ
2405 914 2765 987 ἀπαράσκευοι
2821 913 3186 987 τυγχάνοντες
3225 957 3238 982 ,
3296 911 3360 964 τὸ
3413 915 3506 982 ζῇν
3561 911 3907 987 ἀπέρρηξαν.

2257 1001 2674 1059 Ἐπιλελοίπασι
2720 1000 2776 1056 δὲ
2823 1003 2967 1077 παρὰ
2995 1005 3166 1057 πᾶσαν
3217 1002 3318 1068 τὴν
3351 997 3548 1055 ἐλπίδα
3578 1003 3666 1054 καὶ
3699 1002 3769 1054 τὰ
3801 1000 3909 1054 ἐπι-

2256 1090 2464 1161 τήδεια,
2515 1092 2798 1164 ποταμίων
2853 1089 3130 1166 ῥευμάτων
3164 1095 3334 1167 φορᾶς
3381 1090 3469 1144 καὶ
3501 1095 3598 1144 τοῦ
3627 1096 3911 1165 χειμῶνος

2254 1182 2519 1257 γενόμενα
2556 1183 2821 1256 πάρεργον
2852 1226 2863 1236 .
2913 1178 3240 1248 Ἀναστολῆς
3295 1176 3351 1232 δὲ
3405 1177 3626 1252 μετρίας
3675 1182 3906 1253 γενομὲο

2254 1291 2353 1340 νης
2412 1270 2501 1324 καὶ
2558 1275 2664 1324 τῶν
2707 1274 2933 1346 νιφετῶν
2995 1269 3283 1343 ἀνακωχὴν
3345 1264 3620 1323 λαϐόντων
3671 1268 3818 1341 ἐξῄει
3881 1271 3907 1322 6

2261 1359 2535 1434 βασιλεὺς,
2595 1357 2880 1420 πλείστους
2940 1356 2996 1412 δὲ
3051 1363 3132 1429 τῷ
3176 1363 3408 1431 ποταμῷ
3463 1353 3766 1411 ἀποϐαλὼν
3807 1359 3909 1412 ὑπὸ

2257 1448 2408 1502 σκιὰν
2454 1445 2578 1518 ἔστη
2633 1444 2855 1522 δένδρου
2884 1447 3031 1508 τινὸς
3082 1447 3194 1518 ἅμα
3223 1451 3327 1500 τῶν
3366 1446 3746 1521 ὑπερεχόντων
3779 1447 3906 1501 τισί.

2257 1547 2386 1600 Μετ’
2435 1545 2623 1620 ὀλίγον
2659 1544 2715 1600 δὲ
2744 1548 2894 1620 ἠχῆς
2933 1543 3230 1620 γενομένης
3279 1544 3337 1598 ἐκ
3358 1551 3457 1613 τῆς
3491 1542 3660 1614 δρυὸς
3696 1544 3910 1618 πρόεισι

2262 1636 2452 1710 μικρὸν
2484 1636 2510 1688 6
2548 1634 2825 1710 βασιλεὺς,
2857 1633 2980 1688 ὅσον
3015 1635 3095 1705 μή
3127 1638 3206 1704 τῷ
3239 1635 3398 1706 μήκει
3434 1633 3600 1702 αὐτῆς
3631 1633 3915 1706 καταλαμ-

2258 1719 2508 1788 ϐάνεσθαι
2594 1723 2732 1794 ἥπερ
2813 1723 3017 1798 ῥιζόθεν
3107 1723 3502 1776 ἀνασπασθεῖσα
3588 1721 3753 1776 ὑπτίι
3840 1727 3909 1794 τῇ

509 1807 584 1863 tis
615 1809 937 1880 periculum
971 1814 1060 1867 vix
1091 1816 1360 1871 evaserit.
1395 1816 1594 1888 Neque
1627 1818 1734 1873 hoc
1765 1823 1889 1872 erat
1929 1818 2142 1872 bonum

2258 1817 2330 1888 γῇ
2363 1815 2681 1888 προσήρισε.
2735 1813 2925 1886 Γέγονε
2975 1809 3033 1865 δὲ
3089 1811 3258 1872 ἐννεὸς
3311 1812 3338 1865 ὁ
3393 1807 3647 1886 βασιλεὺς
3681 1812 3913 1884 Λογισά-

508 1899 842 1968 augurium,
878 1903 1030 1973 quod
1065 1903 1372 1976 acciderat,
1397 1907 1496 1960 sed
1531 1907 1761 1962 initium
1796 1906 2152 1961 calamitatis

510 2003 684 2056 quam
719 2005 853 2044 mox
891 1997 1048 2047 esset
1097 1998 1467 2066 accepturus.
1517 1999 1573 2050 ct
1623 2013 1821 2051 eorum
1876 2013 2004 2066 quze
2026 1997 2151 2066 jam

507 2079 906 2134 commisisset
936 2098 1239 2151 poenarum
1273 2083 1514 2138 exactio.
1540 2083 1756 2139 Verum
1791 2102 1894 2156 pro
1925 2102 1990 2139 eo
2013 2102 2151 2139 casu

507 2167 726 2235 gratias
760 2184 940 2240 agens
968 2175 1080 2224 Deo
1131 2171 1413 2242 templum
1447 2173 1504 2226 in
1556 2173 1770 2244 palatio
1802 2173 2152 2229 Blacherna-

506 2271 636 2310 rum
661 2262 1072 2330 protomartyri
1090 2259 1313 2315 Theclae
1331 2261 1664 2316 dedicatum
1691 2263 2152 2332 pulcherrimum

507 2348 856 2412 construxit,
885 2354 942 2402 et
972 2350 1288 2405 exercitum
1341 2353 1664 2422 perducens
1717 2353 1833 2407 cito
1866 2369 1926 2408 se
1958 2355 2028 2407 ad
2065 2371 2151 2408 re-

505 2433 661 2504 giam
714 2436 914 2490 urbem
970 2439 1225 2510 recipere
1277 2441 1607 2506 festinabat,
1660 2443 1920 2512 cogitans
1965 2443 2035 2497 de
2067 2460 2153 2496 re-

503 2521 758 2577 bellione
819 2541 994 2595 quam
1055 2529 1356 2584 audiverat
1413 2530 1470 2584 in
1522 2529 1774 2585 Oriente.
1825 2537 1948 2596 Qua
2007 2532 2155 2585 falsa

506 2616 824 2682 comperta,
859 2631 988 2670 sese
1011 2618 1419 2672 venationibus
1442 2618 1732 2674 oblectare
1755 2620 1925 2690 cmpit
1947 2625 2003 2673 et
2024 2619 2155 2674 aliis

507 2715 638 2769 qua:
667 2702 847 2756 animi
881 2703 1177 2760 relaxandi
1202 2709 1392 2778 gratia
1413 2706 1580 2775 ﬁunt,
1616 2724 1717 2778 per
1736 2707 1971 2772 fretum,
1997 2709 2149 2778 quod

506 2792 597 2842 est
651 2795 785 2847 ante
851 2793 1069 2864 regiam
1130 2795 1332 2850 urbem
1398 2798 1743 2852 ascendens.
1816 2796 1965 2851 Hora
2022 2815 2152 2852 vero

507 2878 738 2947 prandii
769 2881 988 2938 fulmen
1025 2883 1084 2937 in
1116 2899 1184 2938 ea
1222 2883 1348 2939 loca
1379 2887 1595 2956 quibus
1636 2884 1908 2957 Neapolis
1941 2903 2152 2940 nomen

505 2979 597 3030 est
625 2975 835 3046 irruit;
869 2985 926 3034 et
958 2997 1169 3051 porcus
1212 2981 1405 3037 nescio
1453 2983 1606 3037 unde
1657 3000 1966 3053 apparens,
2003 2984 2057 3037 in
2092 3000 2152 3038 se

509 3067 840 3134 provocavit
896 3069 1328 3140 imperatorem,
1392 3088 1566 3142 quem
1629 3088 1812 3141 usque
1860 3074 1927 3126 ad
1995 3089 2153 3128 mare

503 3160 847 3224 persecutus
913 3157 1235 3230 imperator
1314 3161 1553 3231 expulit.
1634 3160 1738 3216 Ubi
1795 3178 1925 3217 vero
1995 3178 2151 3217 mare

499 3243 743 3300 subiens
803 3263 1014 3317 porcus
1073 3248 1226 3303 haud
1279 3249 1530 3319 amplius
1579 3251 1872 3322 apparuit,
1919 3251 2145 3322 fulgore

499 3333 756 3402 quodam
787 3334 975 3390 instar
1023 3336 1270 3408 fulguris
1321 3338 1664 3409 perstrictus
1711 3339 2032 3410 imperator
2074 3342 2143 3395 de

499 3435 650 3491 equo
671 3423 933 3492 dejectus
960 3431 1141 3489 est,et
1164 3426 1327 3480 humi
1349 3445 1620 3497 spumam
1645 3445 1713 3482 ex
1734 3445 1831 3484 ore
1853 3429 2031 3483 edens
2055 3431 2146 3483 de-

499 3508 859 3567 volvebatur.
895 3518 957 3567 In
993 3531 1233 3583 parvum
1269 3523 1463 3571 autem
1500 3517 1797 3588 navigium
1832 3518 2144 3588 impositus

501 3599 572 3653 ad
607 3601 825 3672 regiam
849 3603 1125 3658 defertur.
1153 3606 1448 3660 Attonitus
1482 3612 1674 3661 tamen
1697 3614 1755 3661 et
1785 3607 1856 3661 ob
1881 3608 2141 3661 afﬂatum

500 3704 562 3742 se
594 3688 786 3754 ipsum
819 3691 1064 3748 minime
1098 3695 1379 3762 sentiens,
1417 3696 1737 3766 morbaque
1767 3696 1892 3750 dies
1923 3695 2147 3767 aliquot

499 3779 772 3836 detentus
804 3788 1049 3839 mortem
1078 3786 1470 3856 exspectabat,
1493 3792 1549 3840 et
1579 3785 1795 3840 idcirco
1817 3787 1888 3840 ad
1917 3787 2146 3856 placan-

499 3867 638 3923 dum
675 3871 786 3926 sibi
821 3877 1000 3927 Deum
1035 3875 1436 3944 paenitentiam
1472 3873 1853 3946 amplectitur,
1880 3882 1935 3928 et
1958 3876 2143 3946 impe-

498 3959 776 4015 ratoriam
809 3966 1179 4032 potestatem,
1215 3979 1392 4034 quam
1423 3963 1531 4017 sibi
1564 3962 1780 4033 injuria
1802 3964 2141 4030 vindicarat,

492 4052 685 4110 libens
715 4057 975 4128 deponit,
1007 4058 1117 4115 hoc
1147 4066 1299 4114 certe
1331 4067 1484 4114 recte
1508 4060 1746 4129 faciens,
1779 4068 1835 4116 et
1863 4064 2142 4116 monasti-

495 4158 574 4196 cae
623 4161 686 4199 se
735 4146 861 4201 vita:
911 4147 1160 4213 dedicat,
1212 4149 1462 4220 priorem
1522 4151 1738 4204 fastum
1790 4165 1855 4204 ac
1902 4150 2143 4206 delicias

492 4233 824 4289 voluntario
840 4242 1179 4308 contemptu
1194 4244 1250 4292 et
1269 4237 1534 4292 molestia
1557 4239 1870 4309 corrigens.
1899 4240 1968 4294 Et
1987 4242 2140 4310 quod

494 4322 648 4376 648
681 4324 868 4396 magis
903 4326 1159 4380 ostendit
1203 4326 1372 4381 illum
1424 4344 1553 4381 vere
1583 4333 1816 4398 totoque
1847 4345 1913 4382 ex
1944 4330 2140 4384 animo

492 4411 838 4480 paenituisse
865 4429 1064 4469 eorum
1099 4431 1227 4486 quaa
1279 4422 1557 4486 patrarat,
1594 4417 2006 4486 imperatorem
2043 4419 2139 4472 de-

492 4498 632 4569 legit
663 4517 774 4556 non
806 4501 1093 4558 Joannem
1126 4505 1235 4558 sibi
1270 4505 1552 4575 sanguine
1583 4507 1990 4573 conjunctum,
2025 4524 2136 4561 non

2268 1923 2423 1975 μενος
2481 1900 2594 1962 ο“ίας
2657 1899 2914 1970 τελευτῆς
2959 1897 3238 1954 ἐπωδόνου
3278 1899 3422 1974 παρά
3480 1900 3671 1973 μικρὸν
3722 1905 3912 1974 τυχεῖν

2263 1986 2514 2063 ἔμελλεν.
2575 1993 2673 2046 Ἢν
2721 1988 2778 2044 δὲ
2831 1991 2932 2044 οὐκ
2957 1989 3153 2064 ἀγαθὸς
3185 1989 3380 2050 οἰωνὸς
3411 1989 3472 2042 τὸ
3499 1983 3733 2060 συμϐάν,
3768 1987 3917 2043 ἀλλά

2263 2080 2553 2155 προοίμιον
2605 2087 2704 2148 τῆς
2776 2078 3090 2152 μελλούσης
3139 2077 3294 2132 αὐτὸν
3353 2072 3679 2131 καταλαϐεῖν
3731 2077 3914 2152 τύχης

2263 2169 2351 2223 καὶ
2427 2174 2534 2223 τῶν
2611 2165 2718 2239 ἤδη
2795 2168 3099 2244 γενομένων
3175 2166 3446 2241 εἶ’σπραξις
3502 2166 3590 2221 καὶ
3644 2169 3920 2241 τιμωρία.

2266 2269 2616 2343 Εὐχαριστῶν
2653 2265 2699 2321 δ’
2756 2265 2841 2320 ἐπὶ
2891 2271 2968 2336 τῷ
3023 2260 3392 2338 συμϐεϐηκότι
3450 2269 3528 2334 τῷ
3584 2269 3723 2335 Θεῷ,
3785 2265 3914 2318 ναὸν

2264 2359 2314 2412 ἐν
2374 2362 2452 2428 τῷ
2508 2356 2758 2428 παλατίῳ
2800 2359 2907 2409 τῶν
2962 2353 3283 2430 Βλαχερνῶν
3331 2352 3418 2407 ἐπί
3446 2358 3526 2424 τῷ
3557 2354 3783 2425 ὀνόματι
3819 2357 3922 2417 τῆς

2263 2448 2728 2520 πρωτομάρτυρος
2779 2443 2984 2507 Θὲκλας
3057 2445 3308 2517 ἀνήγειρε
3376 2441 3690 2497 κάλλιστον.
3771 2444 3921 2516 ΙΙρο-

2265 2531 2500 2604 ϐιϐάζων
2550 2533 2607 2589 δὲ
2634 2535 2724 2588 τὸν
2779 2534 3002 2609 στρατὸν
3033 2533 3212 2606 ἀπῄειι
3243 2534 3457 2607 ταχέως
3507 2530 3593 2586 ἐπὶ
3623 2533 3724 2599 τὴν
3761 2531 3918 2605 βασι-

2267 2625 2526 2679 λεύουσαν
2584 2623 3071 2697 λογοποιούμενος,
3130 2621 3456 2675 ἀποστασίαν
3512 2619 3562 2675 ἐν
3620 2625 3689 2684 τῆ
3751 2622 3918 2674 Ἀνα-

2263 2712 2402 2787 τολῇ
2443 2708 2848 2784 ἐνωτιζόμενος.
2898 2707 3234 2768 Καταλαϐὼν
3292 2708 3349 2764 δὲ
3393 2710 3480 2764 καὶ
3536 2711 3710 2764 πάντα
3740 2707 3918 2782 ψευδῆ

2266 2802 2510 2878 εὑρηκὼς
2567 2802 2914 2876 κυνηγεσίοις
2989 2801 3174 2854 ἑαυτὸν
3241 2798 3641 2875 ἐψυχαγώγησε
3699 2798 3788 2852 καὶ
3849 2803 3923 2870 τῇ

2264 2889 2410 2965 ἄλλῃ
2487 2891 2682 2959 ἀνέσει,
2747 2891 2880 2945 κατά
2955 2890 3045 2944 τὸν
3125 2892 3190 2961 τῇ
3256 2885 3496 2964 βασιλίδι
3560 2888 3927 2964 προκείμενον

2263 2981 2506 3056 πορθμὸν
2571 2981 2752 3035 ἀνιών,
2830 2983 2908 3052 [Ρ.
2975 2979 3101 3052 811]
3176 2978 3305 3048 Περῖ
3379 2975 3436 3031 δὲ
3494 2978 3636 3052 ὥραν
3698 2976 3929 3051 ἀρίστου

2265 3075 2376 3147 φῶς
2451 3064 2872 3144 ἀστραπήϐολον
2949 3073 3068 3128 τοῖς
3136 3067 3325 3128 τόποις
3368 3065 3594 3129 ἐκείνοις
3652 3063 3925 3139 ἐνέσκηψε

2263 3157 2557 3228 (Νεάπολις
2604 3157 2819 3219 τούτοις
2876 3159 2938 3212 τὸ
2992 3157 3322 3231 γνώρισμα),
3388 3155 3585 3230 χοῖρός
3641 3153 3700 3209 τέ
3749 3158 3919 3210 ποθεν

2263 3249 2537 3326 ἐπιφανεὶς
2595 3247 2676 3322 ἐφ’
2741 3247 2924 3302 ἑαυτὸν
2977 3247 3070 3301 τὸν
3146 3244 3371 3319 βασιλὲα
3419 3242 3793 3314 ἐξεκαλέσατο,
3858 3244 3918 3298 δν

2254 3335 2560 3391 ἐπιδιώκων
2613 3338 2640 3390 6
2693 3335 2946 3410 βασιλεὺς
3007 3335 3139 3409 ἄχρι
3197 3334 3286 3388 καὶ
3320 3331 3596 3403 θαλάσσης
3627 3331 3916 3403 ἐξήλασεν.

2252 3439 2338 3496 Ὡς
2397 3433 2453 3489 δὲ
2504 3436 2530 3488 6
2589 3441 2783 3510 χοῖρος
2835 3435 2932 3501 τὴν
2983 3434 3252 3496 θάλασσαν
3315 3430 3494 3493 εἰσδὺς
3545 3433 3757 3508 ἀφανὴς
3790 3431 3911 3503 ὲγά-

2253 3545 2392 3592 νετο,
2455 3525 2482 3577 6
2537 3521 2787 3597 βασιλεὺς
2835 3522 3087 3597 ἐξαίφνης
3116 3519 3354 3593 πληγεὶς
3387 3521 3466 3591 ῦῷ
3494 3514 3916 3594 ἀστραπηϐόλῳ

2255 3614 2393 3684 φωτὶ
2459 3617 2556 3666 τοῦ
2619 3611 2794 3665 ’ίππου
2868 3631 2926 3664 τε
2996 3609 3392 3686 ἀπεσφαιρίσθη
3460 3609 3550 3662 καί
3611 3608 3747 3682 πρὸς
3807 3611 3910 3676 τὴν

2252 3709 2354 3776 γῆν
2405 3701 2642 3778 ἀφρίζων
2703 3698 2964 3754 ἐκυλίετο.
3025 3700 3261 3770 ’Δκατίῳ
3321 3695 3376 3752 δὲ
3411 3693 3712 3770 ἐμϐληθεὶς
3770 3699 3915 3771 πρὸς

2251 3791 2317 3844 τὰ
2369 3790 2617 3866 βασίλεια
2679 3788 2998 3858 διασώζεται
3067 3786 3554 3862 παρακεκομμένος
3615 3786 3702 3840 καὶ
3785 3787 3913 3840 ἑαυ-

2251 3883 2347 3932 τοῦ
2415 3877 2546 3951 μηδ’
2618 3877 2763 3940 ὅλως
2827 3878 3302 3948 ἐπαισθανόμενος.
3365 3877 3787 3949 Νοσημαχῆσας
3851 3873 3910 3929 δὶ

2254 3966 2334 4044 ἱφ⁹
2396 3969 2604 4040 ἡμέρας
2670 3968 2814 4027 τινάς
2864 3967 2953 4020 τὸν
3025 3965 3193 4040 μόρον
3270 3961 3585 4038 ἐκαραδόκει
3651 3964 3745 4016 καὶ
3817 3961 3913 4017 διὰ

2249 4059 2410 4110 τοῦτο
2460 4057 2593 4131 πρὸς
2647 4053 2919 4127 ἐξιλέωσιν
2970 4059 3066 4108 τοῦ
3109 4053 3252 4116 θείου
3310 4052 3600 4120 ἀσπάζεται
3651 4052 3751 4120 τήν
3823 4073 3914 4124 με-

2248 4146 2488 4212 τάνοιαν,
2554 4145 2642 4198 καὶ
2701 4145 2800 4212 τήν
2866 4142 3157 4217 βασιλικὴν
3225 4141 3486 4214 ἆξουσίαν,
3547 4141 3615 4208 ἧς
3659 4141 3910 4213 παρανό-

2255 4255 2370 4304 μως
2403 4231 2682 4306 ἐδράξατο,
2717 4232 2893 4286 ἑκοντὶ
2947 4231 3189 4302 μεθίησι,
3232 4231 3392 4284 τοῦτό
3439 4249 3501 4302 γε
3529 4226 3719 4289 καλῶς
3747 4249 3913 4298 ποιη-

2251 4322 2503 4395 σάμενος,
2574 4323 2660 4376 καὶ
2732 4322 2822 4376 τὸν
2902 4317 3192 4394 μοναδικὸν
3248 4320 3540 4387 ἀσπάζεται
3603 4317 3744 4392 βίον,
3807 4321 3909 4387 τήν

2250 4413 2374 4487 πρὶν
2453 4411 2693 4482 εὐδοξίαν
2762 4411 2851 4465 καὶ
2899 4412 3111 4488 τρυφήν
3160 4408 3474 4463 ἀποπτώσει
3532 4407 3754 4461 ἑκουσία
3816 4409 3907 4461 καὶ

2254 4501 2566 4577 μετριότητι
2638 4497 3045 4575 διορθούμενος.
3118 4499 3185 4555 Ὀ
3241 4495 3297 4552 δὲ
3360 4495 3572 4569 μᾶλλον
3631 4492 3903 4550 δείκνυσιν

492 4594 764 4657 nepotem
813 4607 882 4645 ex
930 4607 1126 4647 sorore
1175 4592 1543 4648 Theodorum
1595 4594 1966 4664 Uocejanum,
2022 4611 2133 4649 non

2254 4591 2320 4650 ὡς
2381 4590 2688 4663 εἰλικρινῶς
2761 4589 2851 4643 καὶ
2911 4590 3094 4663 ψυχῆς
3153 4586 3202 4656 ἐξ
3257 4582 3393 4654 ὅλης
3450 4583 3906 4657 μεταμεμέληται

492 4675 623 4730 filiae
658 4679 957 4746 maritum,
992 4697 1180 4752 neque
1221 4681 1400 4736 alium
1446 4680 1702 4752 aliquem
1751 4683 1860 4736 sibi
1895 4700 2141 4737 consan-

492 4765 778 4837 guinitate
812 4769 1166 4840 proximum,
1200 4771 1300 4825 sed
1337 4771 1642 4842 praesidem
1669 4772 2138 4842 Constantinum,

491 4865 582 4918 cui
609 4865 730 4934 jam
765 4866 900 4922 inde
949 4886 982 4923 a
1030 4868 1156 4922 suis
1202 4868 1525 4938 majoribus
1577 4874 1765 4923 Ducas
1815 4886 2137 4940 cognomen

489 4958 635 5019 erat,
667 4959 950 5027 tanquam
986 4957 1235 5028 peritum
1271 4962 1326 5011 et
1365 4957 1662 5011 conscium
1696 4961 1751 5011 et
1782 4958 2133 5028 adjutorem,

484 5043 701 5115 quique
754 5047 972 5116 optime
1020 5051 1220 5101 nosset
1270 5045 1524 5100 rationes
1574 5047 1843 5117 parandae
1888 5047 2132 5117 copiosa:

482 5133 747 5202 pecuniae
799 5135 870 5189 ad
931 5134 1159 5206 imperii
1221 5135 1746 5190 conservationem.
1800 5134 2129 5190 Comnenus

479 5225 675 5276 autem
711 5224 1069 5279 monasticae
1100 5231 1288 5279 vestes
1334 5226 1597 5290 indutus,
1633 5241 1767 5278 cum
1815 5242 2129 5296 parumper

475 5317 868 5383 exspectasset
906 5313 954 5368 ei
1007 5330 1124 5384 qua
1173 5315 1394 5368 ratione
1442 5331 1474 5368 a
1524 5315 1722 5368 morbo
1757 5312 2120 5381 liberaretur,

476 5401 575 5457 ubi
611 5403 770 5457 novit
801 5419 862 5458 se
894 5402 1210 5458 insanabili
1243 5403 1447 5458 morbo
1479 5409 1738 5474 captum,
1773 5403 1963 5456 adhuc
1994 5402 2120 5472 ipso

473 5497 714 5546 vexatus
756 5493 940 5547 Studii
995 5492 1416 5546 monasterium
1467 5491 1813 5564 ingreditur,
1864 5491 2115 5545 multum

473 5579 796 5635 Ecaterina
845 5583 1104 5653 Augusta
1151 5581 1279 5650 ejus
1330 5581 1640 5636 consilium
1694 5581 2028 5651 adjuvante,
2061 5586 2118 5636 et

471 5686 578 5744 pro
620 5673 908 5725 terrarum
956 5667 1190 5742 imperii
1242 5667 1581 5737 amissione,
1613 5667 1868 5725 caelestis
1913 5668 2113 5740 gaudii

2255 4677 2334 4754 ἐφ’
2405 4682 2486 4740 οἷς
2537 4677 2747 4751 ἔπραξε,
2805 4677 3030 4751 βασιλέα
3072 4675 3481 4750 προχειρίζεται
3531 4673 3591 4727 οὐ
3621 4673 3713 4727 τὸν
3744 4673 3908 4745 ὁμαίο

2255 4789 2392 4840 μονα
2458 4767 2620 4821 αὐτοῦ
2679 4767 2963 4834 Ἰωάννην,
3043 4763 3104 4818 οὗ
3177 4764 3270 4817 τὸν
3327 4759 3656 4836 ἀδελφιδοῦν
3710 4760 3908 4816 ἑαυτοῦ

2250 4853 2530 4930 Θεόδωρον
2601 4855 2692 4909 τὸν
2770 4853 3074 4923 Δοκειανὸν,
3160 4851 3260 4906 οὐκ
3335 4848 3497 4926 ἄνδρα
3572 4851 3908 4924 προσζεῦξας

2245 4949 2312 5018 τῇ
2375 4944 2617 5020 θυγατρὶ,
2673 4941 2784 4997 οὔτ’
2827 4939 2998 4997 ἄλλον
3051 4942 3303 4995 τινὰτῶν
3352 4940 3470 5003 καθ’
3515 4940 3654 5010 αἷμα
3684 4937 3904 5008 ᾠκειω-

2251 5036 2422 5107 μένων
2483 5033 2649 5105 αὐτῷ,
2702 5029 2848 5086 ἀλλά
2900 5031 2989 5085 τὸν
3049 5026 3311 5105 πρόεδρον
3376 5032 3803 5094 Κωνσταντῖνον,
3855 5027 3901 5098 ᾧ

2245 5129 2446 5185 Δοῦκας
2487 5125 2549 5177 τὸ
2597 5120 3016 5196 πατρωνυμικὸν
3070 5120 3320 5174 ἀνέκαθεν
3352 5118 3444 5186 ἦν,
3503 5117 3577 5176 ὡς
3609 5115 3901 5190 συνίστορα

2240 5215 2327 5268 καὶ
2403 5213 2802 5288 συναγωνιστὴν
2880 5209 2968 5264 καὶ
3051 5215 3156 5263 τῶν
3234 5207 3538 5283 χρημάτων
3625 5206 3898 5277 ποριστὴν

2236 5312 2615 5386 ἀοθονώτατον
2670 5309 2743 5370 εἰς
2807 5308 2904 5376 τήν
2955 5315 3052 5376 τῆς
3103 5304 3385 5382 βασιλείας
3433 5304 3781 5376 κατάσχεσιν.
3835 5304 3898 5358 Ὁ

2235 5399 2292 5454 δὲ
2354 5399 2636 5472 Κομνηνὸς
2712 5398 2848 5473 ῥάκη
2922 5396 3195 5473 μοναχικά
3276 5390 3733 5470 περιϐαλόμενος,
3812 5391 3897 5445 ἐπ’

2232 5487 2420 5563 ἀλίγον
2469 5509 2526 5542 τε
2568 5488 3023 5562 γνωσιμαχήσας,
3075 5483 3128 5538 εἶ’
3170 5488 3286 5545 πῶς
3335 5482 3544 5546 ἀνεθείη
3570 5488 3669 5549 τῆς
3703 5479 3892 5552 νόσου,

2227 5577 2448 5653 ἐπείπερ
2499 5575 2637 5654 ἔγνω
2685 5577 2800 5631 κατ’
2851 5573 3016 5649 ἄκρας
3066 5573 3233 5648 ταύτῃ
3285 5572 3474 5636 ἁλοὺς,
3520 5569 3697 5642 ἰτιτῇ
3746 5568 3892 5641 νόσῳ

2223 5666 2566 5744 τρυχόμενος
2607 5667 2706 5735 τὴν
2755 5669 2852 5721 τοῦ
2889 5659 3156 5720 Στουδίου
3205 5654 3614 5735 καταλαμϐάνει
3680 5658 3885 5731 μονὴν,
