4060 6344
208 368 343 427 377

1735 371 2133 434 HISTORIA.

3517 370 3637 434 378

210 494 410 554 πολλὰ
438 499 527 554 καὶ
557 499 652 567 τῆς
692 500 1008 575 Αύγούοτης
1064 503 1422 580 Αίκατερίνης
1478 499 1863 577 συμϐαλλομέ-

1986 504 2241 559 fructum
2298 503 2405 574 ipsi
2465 502 2862 575 promittente,
2924 519 3059 559 cum
3118 519 3306 560 annos
3363 504 3512 560 duos
3568 520 3635 561 ac

210 608 321 657 νης
375 587 525 660 αὖτῷ
581 588 717 660 πρὸς
779 590 840 644 τὸ
899 592 1285 667 προκείμενον,
1315 592 1404 647 καὶ
1460 596 1528 666 τῇ
1588 595 1687 657 τῆς
1754 592 1872 647 ἐπι-

210 675 371 751 γείου
403 675 679 752 βασιλείας
711 673 967 752 ἀποϐολῇ
998 681 1100 748 τὴν
1153 680 1204 735 ἐν
1261 681 1511 755 οὐρανοῖς
1571 681 1873 736 ἀπόλαυσιν

213 765 709 840 ἰπαγγελλομὲνης
753 768 921 840 αὐτῷ,
975 768 1299 843 βασιλεύσας
1352 772 1445 844 μὲν
1497 765 1590 840 ἔτη
1643 768 1738 825 δύο
1785 771 1873 824 καὶ

217 862 410 926 μῆνας
446 862 614 929 τρεῖς,
666 855 925 927 ἐπιζήσας
971 855 1029 912 δε
1065 859 1272 913 τούτων
1326 858 1535 915 ἐλάττω
1579 866 1656 931 τῷ
1708 880 1871 931 μονα-

212 948 371 1017 χικῷ
431 947 704 1020 σχήματι,
752 952 921 1000 πᾶσαν
982 948 1226 1016 ὑπακοὴν
1289 949 1426 1024 πρὸς
1497 950 1590 1003 τὸν
1673 947 1725 1003 ἐν
1803 951 1873 1022 τῇ

213 1036 360 1105 μονῇ
437 1032 833 1108 ἡγεμονεύοντα
902 1034 1342 1110 ἐπιδεκνύμενος,
1407 1038 1481 1099 ὡς
1544 1038 1632 1091 καὶ
1698 1038 1874 1110 θυρω-

213 1121 311 1194 ρὸς
346 1122 597 1194 γενέσθαι
624 1122 713 1176 καὶ
755 1128 873 1186 ταῖς
934 1122 1130 1187 ἄλλαις
1190 1126 1527 1203 ὑπηρετῆσαι
1581 1123 1874 1185 διακονίαις

217 1206 310 1262 διὰ
362 1206 587 1279 πολλὴν
637 1210 926 1266 ἒπιείκειαν
984 1215 1073 1268 καὶ
1132 1214 1597 1293 μετριοφροσύνην
1646 1210 1872 1268 καταδε-

216 1297 483 1371 ξάμενος.
554 1300 1010 1378 Σωφρονᾶστατος
1085 1300 1142 1357 δὲ
1210 1303 1421 1379 είσάγαν
1479 1303 1722 1379 γενέσθαι
1783 1299 1873 1356 λέ-

212 1407 388 1461 γεται.
425 1389 899 1466 Στρατοπεδάρχῳ
921 1392 1025 1467 γὰρ
1056 1388 1169 1446 ὅντι
1202 1393 1348 1464 αύτῷ
1393 1392 1548 1447 νόσον
1610 1390 1870 1464 ἴνσκῆψαι

212 1479 537 1551 νεφριτικήν
588 1499 768 1555 φασιν,
812 1479 951 1535 ὥστε
993 1480 1302 1555 ἀπογνῶναι
1352 1480 1520 1549 αὐτῆς
1566 1487 1667 1549 τῆς
1730 1486 1874 1548 ζωῆς

216 1560 305 1618 διὰ
358 1565 426 1619 τὸ
484 1568 700 1635 παρέσει
752 1568 1012 1625 παντελεῖ
1062 1570 1151 1624 καὶ
1212 1570 1466 1640 ἀκινησίᾳ
1525 1575 1871 1643 κατασχεθῆ-

209 1674 321 1713 ναι.
383 1659 504 1710 Τῶν
562 1653 620 1711 δὲ
678 1656 899 1735 ἰατρῶν,
958 1660 1092 1731 μετὰ
1144 1659 1207 1713 τὸ
1263 1664 1380 1720 τοῖς
1462 1655 1658 1720 ἄλλοις
1707 1659 1871 1712 ἅπασι

210 1746 533 1819 χρήσασθαι
608 1747 695 1801 καὶ
771 1746 1057 1817 ἀνηνύτοις
1129 1746 1460 1823 ἐλεγχθῆναι
1552 1746 1869 1822 ἐπιχειρεῖν,

211 1827 708 1904 συμϐουλευόντων
786 1843 1013 1910 μιγῆναι
1083 1838 1316 1911 γυναικὶ,
1372 1836 1532 1898 αὐτὸς
1602 1835 1709 1911 οὐχ
1769 1836 1870 1890 ὑπ-

213 1922 474 1991 ήκουσεν.
526 1923 800 1979 Εἶπόντων
849 1923 930 1991 δὲ,
961 1925 1006 1979 εἰ
1051 1927 1125 1998 μὴ
1170 1930 1316 1980 τοῦτ’
1344 1925 1764 2000 ἐπιχειρήσειεν,
1817 1924 1867 1995 ἐξ

206 2012 457 2087 ἀνάγκης
536 2010 681 2091 ἔχειν
737 2023 965 2089 καυτῆρι
1042 2018 1374 2091 χρήσασθαι,
1428 2016 1487 2071 ἐκ
1544 2014 1740 2071 τούτου
1812 2012 1871 2069 Si

208 2099 440 2172 ἀπαιδίᾳ
495 2111 895 2179 κατασχεθῆναι
969 2101 1117 2177 ’δεινῇ
1178 2106 1266 2161 καὶ
1328 2111 1407 2177 [Ρ.
1469 2107 1599 2178 812]
1656 2104 1867 2180 ἆγονίᾳ,

212 2190 400 2259 αύτὸς,
440 2215 468 2242 (ι
494 2193 740 2264 ’.Χρκοῦςί
777 2202 896 2265 μοι⁴
932 2192 1059 2271 ἔφη,
1092 2196 1119 2249 ὁ
1152 2192 1414 2264 Μανουήλ
1444 2198 1537 2249 καὶ
1655 2194 1862 2267 Μαρία,

213 2279 265 2333 οἱ
307 2277 422 2348 ἤδη
481 2302 577 2352 μοι
629 2280 816 2355 χάριτι
862 2287 996 2336 Θεοῦ
1046 2280 1234 2344 παῖδες
1292 2282 1615 2356 γενόμενοι⁸
1660 2282 1866 2337 τούτων

217 2369 313 2439 μὲν
374 2369 480 2443 γὰρ
533 2366 655 2424 ἄνευ
712 2364 884 2424 ἔνεστι
960 2376 1148 2446 τυχεῖν
1228 2378 1329 2440 τῆς
1418 2371 1695 2445 βασιλείας
1760 2374 1864 2424 τῶν

214 2458 489 2531 οὐρανῶν,
540 2456 895 2534 σωφροσύνης
946 2455 1004 2514 δὲ
1065 2459 1242 2534 χωρὶς
1294 2456 1472 2521 οὐδεὶς
1518 2460 1610 2514 τὸν
1670 2458 1867 2531 Κύριον

213 2540 427 2618 ὄψεται.
465 2570 490 2599 ε
526 2544 701 2602 Ἀλλὰ
727 2546 817 2601 καὶ
848 2549 883 2616 ἡ
922 2546 1168 2622 βασίλεια
1197 2548 1518 2624 Αἷκατερῖνα
1558 2549 1648 2601 καὶ
1676 2549 1711 2616 ἠ
1738 2545 1866 2602 ταύ-

1985 610 2218 648 menses
2267 597 2385 648 tres
2434 592 2804 662 imperasset,
2836 600 2891 647 et
2940 598 3001 648 in
3051 592 3256 648 habitu
3311 594 3633 649 monastico

1985 682 2286 756 pauciores
2321 682 2411 736 his
2451 684 2867 753 supervixisset
2908 699 3139 737 omnem
3192 689 3478 753 praestans
3509 700 3633 740 mo-

1985 772 2225 827 nasterii
2260 772 2527 843 praefecto
2559 772 2976 837 obedientiam,
3012 772 3091 826 ita
3124 779 3188 826 ut
3214 777 3271 827 et
3292 772 3515 841 janitor
3543 789 3634 828 es-

1985 867 2076 917 set
2138 868 2194 916 et
2252 862 2365 916 alia
2432 861 2760 915 ministeria
2815 862 3026 930 obiret,
3087 868 3322 932 propter
3388 863 3633 918 multam

1984 950 2163 1004 animi
2199 951 2533 1021 aequitatem
2567 954 2623 1004 et
2644 949 3013 1004 modestiam.
3034 950 3415 1007 Castissimus
3434 957 3632 1007 autem

1986 1039 2166 1095 fuisse
2197 1039 2432 1101 dicitur,
2469 1042 2526 1094 et
2572 1055 2753 1109 supra
2793 1056 2971 1109 quam
3023 1040 3179 1094 credi
3232 1041 3420 1111 possit
3447 1040 3633 1096 conti-

1985 1144 2150 1182 nens.
2187 1127 2330 1182 Nam
2365 1143 2497 1181 cum
2541 1127 3054 1197 stratopedarebes
3099 1135 3272 1195 esset,
3306 1128 3635 1200 nephritico

1984 1217 2183 1271 morbo
2214 1221 2502 1271 tentatum
2539 1215 2745 1270 dicunt
2775 1217 2853 1271 ita
2886 1220 2950 1270 ut
2976 1217 3152 1271 vitam
3184 1217 3537 1289 desperaret,
3568 1234 3635 1274 eo

1984 1307 2138 1377 quod
2174 1305 2356 1360 totius
2386 1308 2645 1376 corporis
2678 1305 2958 1376 languore
2989 1310 3045 1360 et
3076 1322 3383 1361 nervorum
3416 1307 3634 1362 resolu-

1983 1395 2140 1450 tione
2191 1393 2573 1449 detineretur.
2624 1393 2861 1448 Medicis
2906 1400 3124 1458 autem,
3160 1400 3472 1466 postquam
3503 1394 3636 1451 aliis

1983 1483 2259 1538 omnibus
2284 1483 2569 1538 adhibitis
2617 1482 2912 1551 remediis,
2965 1500 3032 1538 ea
3062 1500 3190 1555 quae
3238 1484 3478 1538 omnino
3511 1485 3636 1539 fieri

1982 1587 2098 1625 non
2124 1578 2375 1645 possent
2406 1577 2627 1627 tentare
2678 1589 2739 1626 se
2790 1576 3210 1643 cognoverunt,
3244 1582 3305 1627 ut
3334 1588 3468 1627 cum
3503 1589 3635 1627 mu-

1982 1657 2121 1714 liere
2154 1662 2409 1731 quadam
2444 1660 2625 1715 coiret
2672 1661 3086 1729 suadentibus,
3121 1660 3310 1715 noluit
3339 1662 3635 1733 obtempe-

1982 1766 2131 1804 rare.
2165 1754 2428 1821 Cumque
2460 1749 2749 1805 dixissent
2774 1749 2856 1803 illi
2888 1750 3041 1805 649
3076 1750 3186 1805 nisi
3221 1749 3328 1806 hoc
3360 1754 3635 1822 tentaret,

1981 1839 2310 1893 necessario
2367 1840 2692 1894 cauterium
2738 1838 3157 1907 adhibendum,
3228 1855 3298 1894 ex
3345 1856 3460 1911 quo
3504 1854 3632 1910 pro-

1977 1928 2241 1981 creanda;
2274 1927 2490 1982 sobolis
2528 1926 2815 1982 facultate
2850 1926 3176 1995 privaretur
3208 1944 3219 1981 :
3247 1949 3275 1978 «
3298 1927 3473 1997 Satis,
3506 1928 3632 1998 ipse

1977 2014 2188 2086 inquit,
2222 2016 2362 2070 mihi
2397 2022 2538 2070 sunt
2578 2014 2805 2070 Manuel
2855 2020 2911 2071 et
2962 2015 3146 2071 Maria
3196 2016 3487 2087 mihijam
3523 2014 3621 2069 Dei

1978 2105 2260 2158 beneficio
2292 2104 2414 2159 nati
2451 2104 2615 2159 liberi
2652 2122 2664 2159 :
2700 2122 2834 2159 nam
2889 2105 3016 2160 sine
3064 2104 3157 2160 his
3186 2104 3321 2160 licet
3350 2104 3631 2175 consequi

1978 2209 2221 2264 regnum
2287 2192 2589 2264 caelorum,
2651 2193 2777 2247 sine
2835 2192 3195 2248 continentia
3251 2210 3385 2249 vero
3449 2194 3630 2248 Deum

1978 2297 2148 2336 nemo
2198 2281 2437 2336 videbit.
2488 2304 2515 2329 υ
2572 2282 2722 2345 Quin
2768 2282 2945 2337 etiam
2996 2286 3259 2354 Augusta
3307 2282 3634 2338 Ecaterina

1976 2372 2222 2441 ejusque
2254 2370 2374 2424 ﬁlia
2433 2370 2622 2425 Maria
2667 2370 2930 2426 detonsis
2978 2371 3205 2442 capillis
3254 2371 3543 2444 degebant
3569 2370 3631 2426 in

1977 2460 2211 2531 palatiis
2270 2458 2541 2531 Myrelaei,
2600 2460 2798 2514 omnia
2858 2460 3185 2516 monastica
3232 2477 3477 2517 munera
3523 2459 3630 2515 ob-

1976 2553 2203 2603 euntes.

211 2653 313 2704 της
359 2634 604 2709 θυγάτηρ
653 2635 839 2711 Μαρία
885 2637 985 2705 τὴν
1036 2635 1204 2712 τρίχα
1251 2638 1562 2711 κειράμεναι
1599 2633 1792 2711 διῆγον
1820 2633 1873 2690 ἐν
1901 2641 2022 2697 νοῖς
2052 2634 2342 2698 παλατίοις
2371 2639 2468 2690 τοῦ
2498 2633 2828 2708 Μυρελαίου,
2855 2642 3027 2691 πᾶσαν
3058 2635 3282 2707 ἄσκησιν
3321 2634 3620 2710 μοναδικήν

219 2726 459 2800 μετερχό
468 2746 603 2797 μενα
612 2748 625 2779 ι
634 2769 647 2781 .

279 2812 722 2885 Τελευτήσαντος
775 2813 833 2870 δὲ
876 2820 973 2871 τοῦ
1028 2816 1297 2892 βασιλέως
1348 2817 1645 2891 ὑγρότητος
1696 2817 1864 2889 μεστὴ

215 2903 470 2957 θεαθεῖσα
516 2905 550 2956 ’ἓν
593 2908 786 2958 τοῦτον
830 2905 1137 2979 κατέχουσα
1184 2906 1343 2979 σορὸς
1395 2904 1650 2959 ὑπόνοιαν
1701 2904 1862 2977 παρε-

211 3011 313 3065 σχε
342 2989 585 3053 πολλοῖς
610 2993 880 3067 τιμωρίαν
914 2993 1045 3048 εἶναι
1083 2994 1147 3047 τὸ
1194 2992 1409 3068 γεγονὸς
1448 2995 1537 3048 καὶ
1583 2992 1864 3055 κολάσεως

214 3078 484 3155 ἔνδειγμα
534 3085 631 3135 τοῦ
678 3080 952 3159 ἐμφυλίου
990 3080 1246 3155 πολέμου
1276 3083 1496 3151 καὶτῆς
1529 3090 1737 3160 σφαγῆς
1774 3081 1863 3137 καὶ

209 3173 319 3223 τῶν
376 3170 513 3240 μετᾶ
567 3170 630 3224 τὸ
675 3170 987 3246 βασιλεῦσαι
1038 3172 1434 3246 πεπραγμένων
1477 3170 1622 3243 αὐτῷ
1670 3168 1747 3233 εἵς
1805 3191 1865 3226 τε

2047 2818 2179 2872 Vita
2207 2823 2401 2872 autem
2437 2819 2634 2872 functo
2666 2818 3041 2889 imperatore,
3082 2824 3394 2890 conspecta
3425 2819 3627 2892 sepul-

1976 2910 2108 2961 tura
2138 2908 2266 2976 ejus
2299 2907 2560 2962 humoris
2594 2907 2766 2979 plena
2797 2908 3195 2979 suspicionem
3232 2908 3435 2964 multis
3466 2908 3627 2964 dedit

1975 3011 2104 3051 esse
2135 2995 2294 3050 illam
2335 3012 2454 3050 rem
2489 2995 2769 3051 ultionem
2795 3002 2852 3051 et
2881 2996 3167 3052 indicium
3199 2996 3493 3068 supplicii,
3512 3012 3627 3068 quo

1973 3083 2308 3138 afficeretur
2357 3084 2430 3139 ob
2478 3083 2824 3139 intestinum
2867 3084 3085 3139 bellum
3119 3102 3185 3140 ac
3234 3088 3445 3141 caedem
3476 3090 3533 3140 et
3561 3101 3629 3140 ea

1973 3188 2100 3243 quae
2157 3178 2288 3244 post
2344 3178 2696 3244 usurpatum
2754 3174 3064 3245 imperium
3123 3176 3500 3229 commiserat
3558 3174 3615 3227 in

210 3258 305 3319 τὰς
380 3265 482 3326 τῆς
558 3256 872 3332 συγκλήτου
947 3261 1224 3334 στερήσεις
1272 3260 1406 3333 [καὶ]
1463 3264 1569 3314 τῶν
1627 3256 1857 3315 ἔκπαλαι

1977 3262 2255 3332 privando
2288 3268 2494 3317 senatu
2544 3262 2616 3317 iis
2645 3263 2817 3317 bonis
2867 3279 2994 3334 quae
3025 3264 3075 3317 ei
3131 3261 3458 3333 antiquitus
3488 3278 3625 3317 con-

210 3344 521 3418 διδομένων
578 3347 737 3422 αὐτῇ,
770 3348 860 3402 καὶ
916 3350 1014 3418 τὴν
1058 3354 1166 3403 τῶν
1215 3349 1369 3412 θείων
1416 3370 1557 3403 ναων
1607 3349 1696 3404 καὶ
1753 3353 1862 3404 τῶν

203 3436 371 3511 ἱερῶν
418 3436 683 3507 σεμνείων
728 3436 1226 3512 ἀποστέρησιν,ἣν,
1278 3439 1352 3521 ὡς
1397 3432 1624 3515 ἔφημεν,
1673 3436 1862 3508 ἐποιή-

205 3545 365 3595 σατο,
391 3524 456 3579 τὸ
505 3523 793 3600 ἀπέριττον
856 3527 949 3598 μὲν
1004 3527 1093 3581 καὶ
1152 3529 1251 3596 τὴν
1316 3527 1635 3601 αὐτάρκειαν
1685 3526 1861 3581 αὐτῶν

204 3613 653 3686 προνοούμενος,
704 3619 784 3687 τῷ
841 3613 1094 3688 δημοσίῳ
1172 3613 1230 3670 δὲ
1303 3615 1565 3694 εἰσφέρων
1643 3615 1859 3692 μετρίαν

202 3702 577 3776 παράκλησιν.
632 3702 834 3760 ’Ἀλλοι
879 3702 936 3759 δὲ
982 3706 1045 3760 τὸ
1088 3704 1276 3780 ῥεῦσαν
1336 3705 1641 3779 ἁγιωσύνης
1706 3703 1858 3782 ἔργον

200 3790 470 3856 ἐτίθεντο,
524 3793 600 3853 ὡς
654 3794 903 3868 καθαρῶς
952 3792 1042 3848 καὶ
1097 3791 1431 3855 ἀδιστάκτως
1504 3793 1859 3869 μεταγνόντος

205 3879 376 3935 αὐτοῦ
435 3880 518 3954 ἐφ’
580 3884 662 3941 οἷς
718 3878 928 3955 ἔπραξε⁸
968 3883 1044 3954 μή
1095 3883 1200 3957 γὰρ
1251 3882 1384 3937 εἶναι
1434 3881 1699 3958 ἁμαρτίαν
1759 3884 1858 3951 τήν

200 3970 442 4023 νικῶσαν
463 3970 563 4036 τήν
598 3968 1010 4047 φιλανθρωπίαν
1061 3975 1164 4026 τοῦ
1215 3969 1369 4027 Θεοῦ.
1400 3971 1754 4049 ’Δμφοτέρων
1803 3968 1862 4026 δὶ

202 4059 304 4126 τήν
361 4058 595 4134 γνώμην
644 4056 848 4113 ὶπαινῶ
903 4059 991 4114 καὶ
1062 4056 1408 4135 ἀποδέχομαι
1474 4065 1554 4132 τῷ
1618 4060 1715 4129 τήν
1765 4061 1857 4132 μὲν

204 4146 533 4215 κωλυτικὴν
566 4148 835 4203 εἶναιτῶν
873 4146 1190 4221 μελλόντων
1224 4152 1428 4218 κακῶν,
1467 4150 1566 4218 τήν
1612 4146 1669 4203 δὲ
1726 4169 1859 4225 προ-

200 4238 509 4310 τρεπτικὴν
544 4235 650 4291 ἀπὸ
672 4240 771 4290 τοῦ
801 4235 1053 4313 χείρονος
1075 4238 1211 4313 πρὸς
1238 4238 1301 4293 τὸ
1335 4234 1573 4313 βέλτιον.

266 4420 383 4484 Τῆς
434 4411 495 4467 δὶ
548 4412 868 4487 βασιλίσσης
906 4414 1265 4491 Αἷκατερίνης
1308 4418 1410 4490 (7),
1460 4415 1512 4470 ἐν
1561 4419 1640 4487 τῷ
1689 4437 1857 4489 μονα-

195 4508 350 4578 χικῷ
408 4501 634 4572 Ἑλένης
714 4505 1233 4577 μετονομασθείσης,
1292 4503 1545 4560 ἐπετείους
1591 4503 1856 4575 τελούσης

192 4594 259 4647 τὶ
287 4593 393 4649 τοῦ
428 4588 699 4667 βασιλέως
742 4592 1085 4666 μνημόσυνα,
1120 4593 1502 4669 συγκαλούσης
1548 4614 1609 4648 τε
1651 4592 1856 4656 ἄλλους
1891 4616 1939 4681 D

188 4686 343 4744 τινὰς
415 4680 698 4756 μοναχοὺς
750 4681 840 4736 καὶ
920 4679 987 4751 δὴ
1039 4681 1129 4737 καὶ
1177 4681 1305 4747 τοὺς
1353 4683 1407 4738 ἐν
1464 4686 1533 4757 τῇ
1594 4680 1860 4738 Στουδίου

194 4774 343 4845 μονῇ
398 4768 769 4841 ἀσκουμένους
820 4771 1154 4843 σύμπαντας,
1188 4769 1377 4840 ἐπειδὴ
1423 4768 1626 4844 ἔμελλε
1669 4770 1857 4827 τελευ-

188 4866 310 4931 τᾷν,
346 4856 532 4914 Ξτίλει
595 4857 688 4930 μὲν
746 4860 991 4929 συνήθως
1032 4859 1123 4914 καὶ
1178 4860 1315 4915 κατὰ
1361 4860 1423 4915 τὸ
1467 4858 1591 4922 ἔθος
1641 4859 1709 4914 τὰ
1761 4863 1859 4915 τοῦ

1974 3369 2140 3408 cessa
2168 3352 2422 3416 fuerant,
2446 3356 2503 3405 et
2532 3351 2866 3407 adimendis
2896 3352 3079 3407 sacris
3109 3351 3344 3423 templis
3373 3357 3431 3407 et
3460 3350 3629 3406 delu-

1975 3441 2097 3496 bris
2130 3441 2511 3495 facultatibus
2542 3457 2691 3511 quas
2738 3441 3017 3506 diximus,
3051 3441 3105 3495 id
3143 3457 3356 3497 curans
3387 3445 3450 3495 ut
3481 3439 3630 3495 nihil

1973 3530 2117 3601 ipsis
2148 3534 2505 3599 superesset,
2533 3528 2632 3583 sed
2665 3545 2732 3583 ea
2766 3530 3174 3584 tantummodo
3198 3528 3478 3584 baberent
3501 3546 3629 3599 quas

1972 3620 2042 3673 ad
2090 3619 2304 3672 victum
2355 3617 2501 3672 satis
2533 3623 2751 3687 essent,
2804 3618 3157 3672 mediocrem
3208 3618 3496 3672 adhibens
3547 3616 3629 3671 rei

1974 3707 2218 3779 publica;
2250 3704 2735 3761 consolationem.
2759 3704 2871 3759 Alii
2902 3710 3097 3760 autem
3120 3705 3394 3760 ﬂuentem
3421 3705 3626 3759 humo-

1973 3813 2094 3851 rem
2147 3795 2481 3850 sanctitatis
2527 3795 3071 3865 interpretabantur
3118 3793 3426 3859 indicium,
3468 3792 3624 3862 quod

1972 3902 2115 3957 pure
2145 3901 2213 3939 ac
2242 3884 2370 3939 sine
2403 3882 2521 3938 ulla
2567 3882 2960 3938 controversia
3010 3898 3142 3937 eum
3192 3882 3476 3937 factorum
3508 3896 3626 3950 pm-

1973 3974 2250 4029 nituisset
2283 3992 2296 4030 :
2330 3988 2519 4045 neque
2548 3975 2703 4027 enim
2741 3978 3046 4042 peccatum
3072 3969 3257 4025 ullum
3288 3986 3437 4036 esse,
3472 3969 3626 4041 quod

1970 4062 2225 4117 divinam
2273 4066 2510 4132 superet
2552 4076 2691 4132 erga
2741 4059 3004 4115 homines
3054 4059 3423 4115 charitatem.
3461 4058 3626 4114 Utro-

1971 4167 2220 4223 rumque
2271 4166 2378 4222 ego
2426 4149 2776 4205 sententiam
2824 4148 2999 4203 laudo
3047 4152 3106 4204 et
3154 4149 3433 4220 approbo,
3467 4148 3623 4219 quod

1968 4241 2153 4296 altera
2199 4239 2354 4295 mala
2384 4238 2582 4294 futura
2613 4237 2935 4309 prohibeat,
2968 4236 3153 4293 altera
3198 4253 3337 4293 vero
3386 4254 3421 4292 a
3461 4237 3625 4292 dete-

1968 4330 2222 4385 rioribus
2252 4330 2324 4383 ad
2360 4328 2603 4383 meliora
2632 4326 2977 4382 adhortatur
3008 4343 3074 4382 ac
3105 4331 3351 4382 revocet.

2039 4420 2193 4475 650
2224 4418 2369 4473 Cum
2401 4421 2601 4472 autem
2632 4416 2963 4471 Ecaterina
3010 4418 3275 4486 Augusta
3325 4413 3384 4470 in
3421 4430 3623 4470 mona-

1966 4508 2144 4563 sterio
2178 4511 2407 4562 mutato
2447 4504 2685 4561 nomine
2731 4505 2948 4560 Helena
2981 4503 3277 4577 appellata
3304 4503 3624 4575 quotannis

1970 4595 2342 4666 imperatoris
2375 4594 2721 4650 memoriam
2746 4593 3164 4650 anniversariis
3187 4593 3372 4649 sacris
3390 4592 3624 4664 coleret,

1971 4685 2234 4741 invitatis
2266 4683 2399 4739 aliis
2426 4683 2785 4755 quibusdam
2816 4681 3127 4737 monachis
3156 4687 3214 4736 et
3243 4681 3521 4737 omnibus
3552 4680 3626 4736 iis

1970 4774 2071 4846 qui
2103 4790 2165 4829 se
2194 4775 2253 4828 in
2286 4771 2591 4829 Studiensi
2611 4770 2969 4826 monasterio
2987 4773 3349 4839 exercerent;
3372 4785 3624 4840 cumque

1969 4863 2124 4919 diem
2174 4878 2345 4917 suum
2397 4865 2554 4916 esset
2610 4859 2868 4927 obitura,
2927 4858 3155 4914 solenni
3216 4872 3376 4912 more
3426 4872 3623 4912 annua

1511 4958 1759 5016 JACOBI
1799 4959 2016 5016 GOARI
2056 4960 2292 5016 NOTAE.

259 5051 343 5117 (7)
378 5048 612 5103 Habent
640 5045 821 5119 Graeci
849 5051 1061 5119 prater
1080 5046 1436 5119 familiarum
1456 5046 1737 5119 etpatria:
1757 5052 1857 5119 τῆς

191 5111 393 5191 τιμῆς,
456 5125 555 5194 τῆς
602 5111 875 5194 εύσεόείας
929 5117 1019 5194 καὶ
1066 5123 1168 5186 τῆς
1213 5117 1392 5194 τύχην
1442 5111 1701 5194 ὀνόματα.
1751 5111 1858 5194 Illa

190 5189 514 5261 quibusvis
536 5191 595 5245 in
623 5189 1353 5262 baptismoimponuntur,
1378 5191 1498 5246 haec
1528 5207 1596 5246 ex
1620 5191 1855 5247 fortuito

190 5260 337 5335 casu
360 5260 789 5335 excogitantur,
815 5260 1172 5335 qualiasunt
1194 5265 1349 5335 apud
1369 5263 1692 5318 Cedrenum
1716 5262 1853 5335 Κον-

187 5326 983 5411 τοστὲφανος-Στραᾷομύτης,
1016 5326 1352 5411 Ἀργυρόῦςη
1372 5351 1406 5390 a
1436 5336 1697 5411 corporis
1724 5334 1853 5411 bre-

188 5405 393 5477 vitate,
431 5406 559 5462 nasi
589 5405 895 5467 curvitate,
932 5405 1160 5477 morum
1187 5405 1461 5463 'candore
1493 5405 1700 5461 indita.
1734 5405 1856 5460 Me-

189 5478 286 5532 dia
317 5475 567 5533 tandem
601 5476 733 5532 usui
767 5481 908 5531 sunt
936 5475 994 5530 in
1029 5478 1424 5545 monasteriis,
1458 5493 1565 5533 nec
1614 5477 1853 5531 fortuito

188 5553 393 5621 tamen
428 5556 531 5605 aut
581 5565 729 5604 mere
776 5564 877 5621 pro
926 5545 1113 5621 libito,
1148 5551 1248 5605 sed
1302 5548 1538 5621 pietatis
1583 5546 1762 5621 simul
1796 5552 1853 5602 et

189 5618 437 5693 honoris
457 5617 918 5693 observatalege
943 5617 1414 5693 ﬂunt’monachis
1446 5619 1703 5693 propria,
1724 5623 1851 5675 tum

184 5689 237 5746 si
285 5692 666 5751 sanctitatem
708 5689 1031 5762 redoleant,
1062 5694 1189 5749 tum
1238 5691 1291 5750 si
1339 5689 1475 5750 eum
1522 5689 1850 5764 baptisma-

1968 5049 2123 5104 libus
2155 5048 2363 5103 saltem
2399 5043 2882 5117 primordialibus
2910 5044 2971 5099 in
3006 5041 3217 5117 litteris
3249 5039 3623 5096 conveniant.

1971 5120 2130 5176 Unde
2163 5120 2353 5174 disces
2384 5114 2486 5173 cur
2532 5115 2898 5170 Andronicus
2946 5116 3142 5172 senior
3174 5114 3363 5168 factus
3415 5128 3622 5166 mona—

1967 5194 2113 5247 chus
2171 5192 2363 5246 dictus
2412 5190 2489 5245 sit
2534 5187 2819 5242 Antonius
2871 5188 3023 5257 apud
3073 5186 3391 5257 Gregoratn
3438 5184 3476 5237 Ι.
3538 5199 3616 5257 ut,

1964 5268 2219 5319 Joannes
2277 5262 2715 5316 Cantacuzenus
2756 5253 2931 5330 apud
2990 5253 3316 5330 ipsummet
3363 5253 3620 5330 Joasaph

1966 5352 2179 5391 nomen
2226 5333 2533 5404 acceperit,
2563 5325 2847 5404 Georgius
2896 5325 3199 5404 Phranzes
3233 5342 3338 5381 cur
3368 5325 3622 5404 audierit

1965 5405 2280 5479 Gregorius
2310 5398 2573 5479 et'Elena
2601 5398 2908 5479 ejusluxor
2953 5399 3260 5479 Eupraxia,
3296 5404 3353 5452 et
3382 5398 3617 5479 tandem

1964 5469 2419 5533 cur‘Ecaterina
2454 5469 2800 5545 imperatrix
2840 5469 3056 5545 vocata
3079 5473 3157 5529 sit
3187 5469 3388 5545 Elena,
3417 5469 3476 5545 si
3500 5485 3615 5545 non

1962 5566 2031 5605 ex
2061 5547 2461 5621 primordialis
2506 5540 2738 5615 litterae,
2770 5543 2981 5601 saltem
3015 5562 3084 5601 ex
3112 5540 3615 5616 pronuntiationis

1962 5636 2276 5677 OODBBDBU.
