4060 6344
476 340 597 401 3Ί9

1771 338 2099 400 JOANNIS
2146 333 2576 397 SCYLITZE.

3770 339 3896 400 380

476 487 642 528 sacra
672 470 894 542 peregit
922 470 1316 541 imperatoris,
1350 474 1407 525 et
1446 469 1592 541 ipsis
1623 470 1899 525 omnibus
1930 467 2127 539 dupli-

2261 463 2516 526 Βασιλέως
2547 463 2756 534 ἰτήσια,
2788 461 2959 519 διπλᾶ
2988 461 3044 519 δὶ
3091 464 3308 527 τούτοις
3362 468 3535 521 πάντα
3575 488 3641 521 τα
3689 466 3751 522 lx
3796 470 3893 522 τύ-

476 562 563 615 cia
621 577 688 614 ea
746 576 872 629 quae
932 559 1057 613 dari
1117 566 1540 614 consueverant
1588 559 1837 630 persolvi
1884 558 2121 629 jussit:

478 650 739 705 antistite
772 656 965 703 autem
1016 648 1319 702 dubitante
1364 655 1419 702 et
1451 649 1670 703 sensim
1725 650 2032 702 accedente
2062 663 2126 700 ac

476 738 893 809 duplicationis
930 739 1217 791 rationem
1252 744 1547 809 quaerente
1574 756 1585 792 :
1612 762 1638 786 «
1667 739 1811 803 Quia
1835 755 1944 791 non
1973 735 2124 801 novi,

478 827 689 897 inquit,
722 844 753 881 ο
805 827 1056 881 maxime
1106 828 1451 891 venerande,
1485 845 1557 881 an
1591 826 1924 897 insequenti
1976 842 2129 879 anno

477 917 775 973 vobiscum
804 916 1000 970 futura
1022 916 1157 980 sim,
1188 916 1303 970 Deo
1332 918 1576 971 fortasse
1598 916 1763 970 aliter
1788 932 1877 969 res
1901 920 2130 969 nostras

478 1023 580 1077 pro
606 1022 715 1060 sua
737 1005 1037 1059 voluntate
1063 1006 1420 1059 moderante.
1451 1028 1470 1055 »
1500 1006 1659 1070 Quod
1689 1004 1859 1059 etiam
1888 1003 2127 1071 acciditl:

479 1094 577 1149 illa
626 1094 781 1149 enim
847 1098 979 1148 ante
1032 1093 1176 1147 illud
1238 1098 1470 1164 tempus
1519 1093 1637 1148 vita
1695 1094 1967 1147 defuncta
2019 1098 2129 1161 est,

480 1183 775 1255 voluitque
810 1200 941 1237 cum
989 1183 1266 1237 fratribus
1298 1183 1355 1238 in
1407 1183 1738 1238 cmmeterio
1790 1182 2132 1237 monasterii

483 1273 672 1327 Studii
708 1270 961 1342 sepeliri.
1016 1277 1310 1325 Ornarunt
1360 1277 1551 1326 autem
1607 1277 1867 1340 uterque,
1901 1277 1957 1324 et
2006 1272 2135 1341 ipsa

480 1367 537 1416 et
558 1362 895 1433 imperator,
924 1362 1304 1431 augustissim
1317 1378 1347 1415 u
1360 1378 1411 1414 m
1442 1361 1824 1416 Praecursoris
1846 1366 1959 1413 tem
1972 1360 2131 1430 plum

481 1450 554 1504 iis
630 1467 757 1521 quae
827 1466 1249 1504 connumerare
1316 1467 1382 1504 ac
1448 1448 1751 1519 sigillatim
1834 1464 2134 1504 recensere

484 1539 801 1593 Herculeus
834 1538 998 1593 labor
1029 1543 1202 1593 esset.

556 1714 687 1770 Fuit
717 1716 1036 1787 imperator
1066 1716 1327 1771 moribus
1351 1722 1654 1781 constans,
1679 1732 1882 1786 aequus
1913 1716 2131 1783 animo,

2235 575 2338 607 που
2398 551 2655 627 διδόμενα
2694 553 3025 626 παραθέσθαι
3081 556 3390 630 προσέταξε.
3435 558 3544 612 Τοῦ
3604 554 3661 611 δὲ
3718 569 3891 627 καθη-

2235 642 2505 716 γουμένου
2539 648 2613 712 (8)
2645 639 3097 716 διαπορήσαντος,
3128 646 3214 698 καὶ
3247 645 3339 698 τὸν
3372 644 3539 719 λόγον
3564 650 3659 699 τοῦ
3692 644 3895 700 διπλα-

2239 737 2475 804 σιασμοῦ
2552 734 2738 807 ἡσυχῇ
2816 730 3213 809 προσελθόντος
3294 737 3382 787 καὶ
3468 734 3893 808 ἀπαιτήσαντος,

2246 842 2269 869 α
2300 823 2417 875 Ὅτι
2447 821 2529 888 τὸ,
2573 816 2697 898 ἔφη,
2733 819 2776 875 ὦ
2820 822 3141 895 τιμιώτατε,
3188 822 3286 877 οὐκ
3336 820 3473 892 οἶδα,
3512 824 3559 878 εἴ
3613 825 3703 879 xui
3755 826 3897 879 κατὰ

2238 910 2298 963 τὸ
2357 910 2507 964 ἐπιὸν
2562 909 2680 971 ἔτος
2734 911 2863 983 ύμῖν
2926 913 3236 985 συνέσομαι,
3288 917 3386 967 τοῦ
3462 918 3593 968 Θεοῦ
3648 913 3719 969 τὰ
3773 897 3894 977 καθ’

2239 1002 2387 1071 ἡμᾶς
2444 998 2577 1061 ἴσως
2636 997 2823 1061 ἄλλως
2870 1000 2959 1055 καὶ
2991 1002 3069 1063 ὡς
3126 1003 3275 1074 αὐτῷ
3337 1002 3633 1078 βουλητὸν,
3669 1003 3895 1057 οἰκονο-

2246 1092 2553 1161 μήσαντος.
2616 1114 2643 1140 ›)
2700 1090 2768 1145 ’Ὸ
2848 1086 2915 1157 δὴ
2997 1090 3085 1144 καὶ
3169 1092 3426 1165 γὲγονεν·
3486 1091 3893 1160 ὶτετελευτήκει

2241 1180 2345 1252 γὰρ
2416 1178 2465 1231 ἐν
2538 1183 2620 1250 τῷ
2703 1177 2872 1251 μέσῳ,
2960 1180 3228 1249 ἀξιώσασα
3283 1188 3511 1257 ταφῆναι
3594 1181 3688 1235 σὺν
3765 1187 3885 1242 τοῖς

2242 1264 2498 1340 ἀδελφοῖς
2552 1266 2603 1321 ἐν
2662 1272 2739 1337 τῷ
2790 1268 3144 1344 κοιμητηρίῳ
3200 1276 3298 1338 τῆς
3355 1267 3616 1324 Στουδίου
3691 1277 3891 1342 μονῆς.

2244 1355 2667 1425 Κατεκόσμησαν
2720 1353 2775 1410 δὲ
2801 1356 2890 1410 καὶ
2924 1356 3245 1432 ἀμφότεροι,
3280 1360 3417 1429 αὐτή
3468 1380 3528 1414 τε
3573 1358 3661 1413 καὶ
3714 1360 3744 1413 ὁ
3790 1360 3892 1434 βα-

2244 1443 2449 1515 σιλεὺς,
2480 1445 2574 1499 τὸν
2634 1444 2937 1499 πάνσεπτον
2993 1451 3091 1500 τοῦ
3147 1444 3467 1521 προδρόμου
3525 1448 3673 1515 ναὸν,
3734 1448 3767 1501 ’ὰ
3827 1445 3894 1517 δὴ

2242 1534 2331 1588 καὶ
2389 1531 2702 1609 καταλέγειν
2763 1533 2852 1588 καὶ
2910 1536 3045 1589 κατά
3120 1534 3317 1591 λεπτὸν
3398 1534 3643 1608 διεξιέναι
3726 1536 3893 1598 ἆθλος

2242 1622 2584 1695 Ἡράκλειος.

2315 1713 2411 1767 Ἠν
2461 1709 2517 1765 δὲ
2548 1712 2574 1764 ὁ
2613 1710 2869 1784 βασιλεὺς
2923 1713 2985 1767 τὸ
3042 1715 3177 1781 ἦθος
3234 1714 3517 1786 στάσιμος,
3550 1716 3649 1782 τὴν
3709 1715 3898 1789 ψυχήν

484 1810 676 1859 mente
709 1810 933 1873 acutus,
962 1822 1138 1859 manu
1162 1810 1463 1872 strenuus,
1490 1805 1876 1876 intelligentia
1901 1820 2129 1874 promp-

2261 1802 2507 1868 ἐπιεικὴς,
2566 1802 2667 1869 τὴν
2720 1803 2949 1874 γνώμην
2998 1800 3140 1872 ὀξὺς,
3185 1804 3284 1871 τήν
3332 1808 3494 1877 χεῖρα
3542 1800 3897 1877 δραστήριος,

482 1898 595 1961 tus,
632 1894 688 1948 in
724 1894 896 1949 rebus
930 1894 1155 1947 bellicis
1204 1894 1623 1965 peritissimus,
1660 1893 1927 1947 hostibus
1959 1892 2129 1947 terri-

484 1982 644 2051 bilis,
703 1981 827 2036 suis
890 1999 950 2037 re
1010 1982 1348 2049 benevolus,
1410 1983 1599 2037 verbis
1650 1982 1923 2037 infestus.
1989 1983 2133 2035 Cum

482 2076 679 2126 tamen
714 2089 747 2125 a
779 2072 1063 2142 principio
1097 2072 1361 2126 moribus
1385 2072 1476 2127 his
1507 2072 1969 2143 haudquaquam
1990 2088 2136 2141 prae-

483 2160 642 2215 ditus
674 2166 849 2225 esset,
885 2160 1076 2214 aiebat
1128 2167 1392 2231 oportere
1442 2162 1850 2230 imperatorem
1886 2160 2138 2215 externis

486 2265 614 2304 esse
661 2248 1004 2316 terribilem,
1057 2249 1181 2303 suis
1234 2249 1490 2303 facilem.
1542 2250 1767 2304 Rursus
1819 2250 2011 2303 aiebat
2040 2266 2139 2303 eos

488 2338 587 2407 qui
624 2338 988 2408 tyrannidem
1042 2337 1400 2404 aﬂ’ectarent,
1436 2338 1675 2393 libertos
1716 2340 2137 2409 imperatorum

488 2425 609 2481 ﬁeri
652 2425 816 2480 velle.
850 2426 1112 2497 Cumque
1166 2433 1544 2481 accusaretur
1574 2428 1727 2497 quod
1771 2426 2137 2499 tyrannidem

488 2515 803 2569 invasisset
824 2520 1025 2569 contra
1051 2516 1390 2570 Michaelem
1419 2534 1429 2570 :
1461 2538 1485 2569 ιι
1516 2517 1757 2587 Pigebat
1790 2533 1900 2581 me,
1928 2515 2139 2586 inquit,

490 2605 636 2661 651
678 2620 954 2658 conservo
985 2605 1222 2673 servire,
1258 2622 1445 2676 neque
1470 2607 1636 2675 justa
1681 2606 1978 2675 consequi.
2017 2629 2037 2656 ι
2073 2606 2143 2659 Et

491 2694 699 2747 cavillo
758 2694 933 2747 etiam
989 2710 1222 2748 uxorem
1276 2700 1363 2748 est
1424 2701 1787 2765 prosecutus,
1849 2694 2140 2765 siquidem

494 2783 725 2837 dicebat
760 2781 919 2837 illam
954 2784 1115 2851 prius
1170 2800 1417 2850 servam,
1452 2800 1608 2837 nunc
1641 2801 1673 2837 a
1702 2800 1762 2838 se
1814 2785 1870 2837 in
1903 2784 2141 2837 liberta-

494 2875 611 2926 tem
665 2871 1016 2926 vindicatam
1091 2873 1298 2926 Aiebat
1346 2873 1484 2926 item
1534 2877 1811 2941 cognatos
1842 2872 1973 2926 aliis
2017 2889 2145 2927 esse

496 2977 750 3023 crucem,
829 2966 1073 3031 tyranno
1153 2960 1484 3015 utilitatem.
1546 2961 1875 3016 xEcaterina
1949 2967 2142 3016 autem

496 3050 762 3120 Augusta
787 3048 930 3103 nihil
958 3050 1084 3104 novi
1122 3050 1232 3104 sibi
1255 3049 1537 3104 accidisse
1555 3050 1906 3118 affirmabat,
1930 3051 2145 3121 quippe

499 3155 626 3211 quae
660 3154 901 3208 regnum
937 3155 1068 3193 cum
1106 3154 1282 3209 regno
1314 3144 1759 3194 commutasset.

566 3228 702 3282 Post
762 3227 1123 3281 Comnenum
1201 3231 1395 3281 autem
1476 3226 1896 3281 Constantinus
1953 3227 2143 3281 Ducas

498 3332 714 3387 prases
779 3316 902 3371 sine
970 3317 1257 3387 sanguine
1324 3321 1381 3370 et
1446 3332 1641 3371 rerum
1711 3316 2154 3387 perturbatione

499 3404 725 3475 potitus
774 3405 1041 3475 imperio,
1076 3405 1146 3459 ad
1195 3409 1463 3459 senatum
1519 3412 1575 3459 et
1619 3422 1848 3460 omnem
1902 3404 2156 3459 civitatis

500 3493 783 3564 populum
836 3495 1173 3549 concionem
1222 3495 1429 3550 habuit
1480 3494 1774 3566 mquitatis
1810 3494 2066 3566 plenam,
2102 3500 2159 3550 et

498 3583 708 3637 deinde
766 3600 959 3638 rerum
1020 3584 1593 3639 administrationem
1664 3600 1986 3656 aggressus
2046 3588 2156 3647 est,

501 3671 662 3725 nulla
702 3672 756 3725 in
812 3688 870 3726 re
901 3689 934 3726 a
986 3672 1248 3727 molestia
1298 3678 1355 3727 et
1402 3674 1679 3744 aequitate
1725 3674 2044 3738 recedens;
2104 3676 2162 3727 et

502 3760 822 3815 honoribus
871 3767 1173 3817 senatores
1222 3767 1278 3815 et
1332 3761 1589 3832 plebeios
1641 3762 1860 3817 multos
1905 3761 2159 3826 ornavit,

503 3854 676 3919 atque
708 3867 806 3905 eos
839 3852 935 3921 qui
973 3852 1295 3921 imperante
1341 3852 1635 3906 Comneno
1688 3851 1942 3923 propriis
1976 3851 2162 3905 hono-

505 3938 671 3993 ribus
710 3939 1047 3994 exciderant
1077 3939 1134 3994 in
1188 3940 1502 4010 pristinum
1554 3944 1773 3995 statum
1822 3940 2157 3995 vindicavit-

508 4028 719 4083 Multos
750 4029 906 4083 enim
951 4028 1045 4082 ille
1092 4045 1160 4083 ex
1212 4029 1544 4084 illustribus
1596 4030 1899 4096 abscuros,
1936 4045 2003 4084 ex
2036 4028 2164 4100 glo-

508 4115 681 4170 riosis
735 4117 1021 4187 ignobiles
1081 4117 1231 4172 fecit.
1294 4118 1439 4173 Cum
1498 4118 1654 4172 enim
1714 4119 1903 4173 sancti
1959 4117 2157 4189 magni

505 4204 781 4275 martyris
814 4205 1043 4277 Georgii
1090 4207 1214 4260 dies
1265 4208 1448 4261 festus
1500 4207 1853 4275 advenisset,
1888 4224 2003 4277 quo
2035 4208 2164 4276 ejus

508 4294 793 4347 memoria
820 4292 1053 4359 colitur,
1090 4300 1160 4347 de
1192 4312 1351 4349 more
1392 4312 1453 4350 se
1484 4296 1710 4350 confert
1739 4294 2055 4366 imperator
2083 4296 2154 4350 ad

509 4382 797 4452 Mangana
828 4382 899 4436 ob
931 4383 1156 4437 cultum
1193 4385 1485 4454 martyris
1524 4384 1762 4439 Peracta
1788 4390 1986 4440 autem
2019 4384 2163 4439 cele-

511 4469 721 4524 britate
754 4470 989 4540 quidam
1029 4471 1268 4542 maligni
1318 4477 1376 4526 et
1426 4472 1674 4542 improbi
1711 4473 1931 4526 malum
1966 4473 2163 4527 consi-

2242 1891 2339 1957 τήν
2400 1890 2606 1943 σύνεσιν
2664 1886 2911 1961 ἕτοιμος,
2974 1890 3479 1966 στρατηγικώτατος
3532 1892 3611 1945 τὰΔ
3648 1890 3901 1963 πολέμια

2243 1978 2333 2032 καὶ
2363 1984 2479 2041 τοῖς
2518 1978 2739 2052 ἐχθροῖς
2790 1973 3040 2053 φοϐερὸς,
3071 1985 3189 2043 τοῖς
3238 1980 3361 2053 περὶ
3418 1979 3578 2034 αὐτὸν
3639 1979 3901 2053 εὐμενὴς,

2248 2069 2434 2142 λόγοις
2486 2068 2902 2142 προσκείμενος,
2938 2068 3024 2121 καὶ
3082 2073 3251 2122 ταῦτα
3306 2071 3379 2142 μή
3434 2074 3595 2124 τοῦτο
3628 2068 3679 2139 ἕξ
3721 2069 3906 2144 ἀρχῆς

2248 2153 2368 2219 ἔθος
2424 2154 2590 2229 ἔχων.
2650 2157 2732 2227 [Ρ.
2790 2159 2916 2229 813]
2973 2155 3171 2231 ’Ἑλεγε
3231 2155 3288 2212 δὲ
3345 2156 3452 2213 δεῖν
3512 2159 3603 2212 τὸν
3669 2159 3905 2233 βασιλάα

2248 2240 2480 2323 φοϐερὸν
2544 2246 2636 2317 μὲν
2686 2246 2816 2299 εἶναι
2880 2251 2998 2308 τοῖς
3078 2244 3200 2315 ἔξω,
3252 2245 3566 2323 εὐπρόσιτον
3651 2243 3710 2300 δὶ
3782 2251 3905 2307 τοῖς

2251 2332 2430 2396 ἰδίοις.
2495 2331 2664 2390 Πάλιν
2724 2332 2875 2408 ἔλεγε
2948 2333 3075 2396 τοὺς
3136 2340 3529 2409 τυραννιῶντας
3575 2342 3682 2391 τῶν
3738 2336 3905 2407 βασι-

2250 2423 2387 2479 λέων
2449 2421 2846 2493 ἀπελευθέρους
2907 2423 3038 2477 εἶναι
3104 2421 3373 2481 σπεύδειν.
3442 2424 3780 2497 Αἷτιώμενος
3842 2421 3903 2477 δὲ

2251 2512 2333 2567 δτι
2362 2515 2722 2586 τετυράννηκε
2752 2513 2888 2567 κατὰ
2940 2517 3041 2566 τοῦ
3070 2511 3326 2585 Μιχαὴλ,
3352 2537 3378 2563 (ι
3414 2515 3662 2575 Ὠκνουν,
3723 2508 3901 2587 ἔλεγε,

2249 2608 2327 2674 τῷ
2360 2599 2644 2673 συνδούλῳ
2677 2598 2954 2657 δουλεύειν
3002 2601 3091 2656 καὶ
3142 2606 3250 2656 τῶν
3283 2601 3504 2656 εἲ’κότων
3571 2602 3646 2673 μὴ
3699 2602 3909 2676 τυγχά-

2252 2713 2380 2748 νειν.
2442 2711 2467 2742 ι
2530 2691 2922 2746 Ἑπισκώπτων
2985 2688 3041 2745 δὲ
3088 2694 3156 2763 τῇ
3213 2690 3429 2763 γυναικὶ
3478 2686 3635 2764 ἔλεγε
3694 2687 3906 2757 δούλην

2258 2781 2350 2853 μὲν
2413 2779 2545 2833 εἶναι
2594 2779 2879 2853 πρότερον,
2911 2784 2998 2832 νῦν
3051 2776 3109 2833 δὲ
3156 2777 3562 2853 ἠλευθερῶσθαι
3599 2779 3686 2832 ὑπ’
3716 2776 3904 2833 αὐτοῦ.

2255 2869 2425 2924 Πάλιν
2475 2864 2630 2942 ἔλεγε
2685 2867 2813 2929 τοὺς
2874 2873 3142 2943 συγγενεῖς
3187 2874 3305 2931 τοῖς
3339 2868 3433 2940 μὲν
3467 2864 3662 2928 ἄλλοις
3693 2868 3908 2941 τυγχά-

2256 2980 2362 3013 νειν
2426 2956 2722 3027 σκόλοπας,
2754 2962 2834 3029 τῷ
2892 2956 2950 3012 δὲ
3005 2962 3354 3033 τυραννοῦντι
3388 2956 3676 3035 ὠφέλειαν.
3710 2956 3913 3031 Ἔλεγε

2259 3046 2315 3103 δὶ
2368 3047 2456 3102 καὶ
2501 3050 2534 3116 ἡ
2591 3046 2805 3122 βασιλὶς
2862 3047 3180 3121 Δίκατερῖνα
3230 3044 3399 3119 μηδεν
3453 3052 3590 3115 ζῶον
3644 3045 3728 3100 ἐπ’
3758 3044 3899 3117 αὐτῇ

2255 3141 2573 3214 γεγενῆσθαι
2605 3136 2881 3212 βασιλείας
2909 3135 3187 3213 βασιλείαν
3221 3135 3596 3211 ἀλλαξαμὲνῃ.

2334 3226 2484 3284 Μετὰ
2542 3224 2599 3280 δὲ
2652 3226 2742 3280 τὸν
2772 3226 3059 3298 Κομνηνὸν
3111 3228 3522 3286 Κωνσταντῖνος
3568 3222 3838 3299 πρόεδρος
3890 3225 3917 3277 ὀ

2266 3317 2467 3378 Δούκας
2514 3321 2619 3370 τῶν
2685 3318 2974 3392 σκήπτρων
3036 3312 3434 3389 ἐπιλαϐόμενος
3498 3314 3771 3387 ἀναιμωτὶ
3827 3315 3916 3368 καὶ

2267 3405 2396 3481 δίχα
2438 3406 2770 3482 πραγμάτων
2815 3409 3086 3481 ταραχῆς,
3137 3401 3336 3481 λόγους
3384 3404 3673 3465 ἐπιεικείας
3719 3404 3919 3478 γέμονο

2266 3517 2360 3558 τας
2389 3493 2781 3570 ἐδημηγόρησε
2810 3496 2946 3568 πρὸς
2974 3496 3072 3563 τὴν
3107 3492 3413 3570 σύγκλητον
3454 3493 3544 3547 καὶ
3594 3493 3732 3563 πρὸς
3780 3493 3916 3546 ἅπαν

2266 3585 2328 3640 τὸ
2386 3582 2687 3657 δημοτικόν
2739 3586 2819 3657 (9)
2874 3604 2933 3638 τε
2988 3590 3088 3653 τῆς
3142 3582 3359 3644 πόλεως
3417 3582 3506 3635 xui
3563 3581 3765 3635 κοινόν.
3820 3582 3919 3633 Καὶ

2270 3672 2362 3727 ἀπ’
2413 3673 2620 3727 ἐκείνου
2679 3679 2779 3741 τῆς
2836 3676 2943 3726 τῶν
3002 3669 3337 3747 πραγμάτων
3382 3670 3637 3744 ἐνήρξατο
3689 3668 3919 3737 ἀντιλή-

2270 3764 2434 3835 ψεως,
2466 3766 2566 3816 τοῦ
2618 3759 2889 3824 ἐπιεικοῦς
2936 3759 3025 3814 καί
3074 3760 3294 3835 μετρίου
3348 3760 3465 3814 κατ’
3499 3756 3654 3813 οὐδὲν
3692 3756 3921 3833 ἀφιστά-

2276 3872 2454 3924 μενος,
2489 3850 2632 3906 ἀλλὰ
2689 3856 2817 3904 πᾶσι
2874 3849 3104 3924 τρόποις
3162 3848 3328 3904 αὐτοῦ
3383 3848 3728 3923 ἐξεχόμενος.
3776 3846 3920 3902 Ἐτί-

2277 3960 2419 4013 μησε
2449 3936 2506 3993 δὲ
2535 3943 2641 3993 τῶν
2673 3959 2732 3993 τε
2760 3945 2862 4008 τῆς
2907 3936 3217 4014 συγκλήτου
3263 3939 3353 3993 καὶ
3404 3941 3501 3991 τοῦ
3548 3934 3731 4008 δήμου
3778 3932 3921 3988 πολ-

2274 4027 2425 4092 λούς.
2479 4028 2795 4102 Ἀνώρθωσε
2869 4024 2928 4082 δὲ
2987 4027 3076 4081 καὶ
3149 4029 3278 4087 τοὺς
3337 4023 3445 4096 ἤδη
3507 4024 3596 4080 ἐπὶ
3635 4026 3924 4097 Κομνηνοῦ

2272 4116 2687 4178 ἐκπεπτωκότας
2779 4121 2887 4170 τῶν
2986 4116 3340 4171 οἷκειωτικῶν
3376 4134 3388 4146 '
3476 4112 3725 4174 πολλοὺς
3823 4113 3926 4186 γὰρ

2273 4206 2478 4268 ἐκεῖνος
2537 4202 2763 4275 ἀδόξους
2821 4205 2872 4275 ἐξ
2930 4202 3157 4275 ἐνδόξων
3215 4204 3301 4259 καὶ
3367 4202 3596 4276 ἀτίμους
3630 4201 3691 4256 ἐκ
3726 4202 3930 4274 τιμίων

2272 4292 2563 4365 ἀπέδειξεν.
2625 4294 2949 4363 Ἐπιστάσης
3003 4293 3105 4368 γὰρ
3162 4300 3263 4362 τῆς
3329 4296 3426 4347 τοῦ
3480 4290 3634 4367 ἁγίου
3693 4288 3927 4363 μεγαλοο

2278 4384 2549 4457 μάρτυρος
2629 4382 2900 4457 Γεωργίου
2986 4383 3211 4455 μνήμης
3297 4383 3410 4453 (10)
3474 4380 3610 4434 κατὰ
3672 4380 3735 4433 τὸ
3811 4376 3932 4439 ἔθος

2273 4470 2485 4527 ἄπεισιν
2521 4473 2547 4526 ὁ
2584 4469 2837 4547 βασιλεὺς
2870 4471 2944 4532 εἷς
2969 4471 3035 4525 τὰ
3068 4474 3325 4547 Μᾶγγανα
3364 4467 3510 4524 αῗδοῖ
3566 4472 3661 4523 τοῦ
3723 4467 3929 4541 μάρτυ-

511 4556 657 4612 lium
700 4558 955 4613 meditati
1006 4559 1250 4614 insidias
1304 4560 1638 4631 imperatori
1693 4566 1976 4616 struxere.
2010 4561 2147 4616 Nibi‘

2277 4581 2391 4637 ρος,
2428 4561 2561 4632 μετὰ
2610 4558 2668 4615 δὲ
2712 4560 2774 4613 τὸ
2823 4559 3144 4629 τελεσθῆναι
3209 4561 3308 4628 τήν
3360 4558 3580 4632 ἑορτήν,
3629 4557 3772 4617 τινὲς
3822 4562 3928 4610 τῶν

510 4662 645 4702 vero
703 4648 1092 4718 perfecerunt,
1141 4654 1251 4703 Deo
1311 4653 1523 4704 emtum
1579 4648 1745 4704 illum
1798 4650 2044 4721 impium
2105 4655 2162 4705 et

510 4754 752 4808 pravum
803 4746 1199 4792 commentum
1252 4738 1609 4793 dissolvente
1642 4757 1654 4793 :
1692 4739 1798 4793 hoc
1844 4740 2000 4794 enim
2047 4738 2159 4793 sibi

511 4832 937 4897 proposuerun‘
976 4826 1329 4887 faciendum.
1364 4827 1501 4880 utin
1532 4828 1882 4894 profundum
1906 4827 2004 4882 ille
2026 4844 2159 4882 cum

508 4917 786 4971 omnibus
817 4916 940 4971 suis
987 4917 1445 4987 demergeretur,
1502 4922 1701 4987 utpote
1754 4934 1855 4986 per
1899 4933 2057 4971 mare
2090 4916 2162 4970 ad

510 5004 791 5075 palatium
842 5005 1246 5075 navigaturus.
1282 5005 1494 5059 Habita
1526 5010 1719 5059 autem
1753 5005 2073 5075 quaestione
2109 5008 2165 5059 et

510 5100 783 5148 accurata
829 5093 1212 5165 inquisitione
1261 5094 1456 5165 plures
1490 5095 1821 5164 optimates,
1857 5094 1911 5147 in
1948 5096 2162 5164 quibus

511 5183 664 5239 052
698 5183 821 5254 ipse
854 5200 1085 5254 quoque
1134 5183 1442 5255 eparchus,
1476 5182 1720 5237 convicti
1754 5187 1892 5237 sunt
1922 5182 2162 5239 insidia-

2270 4651 2557 4718 κακοήθων
2606 4648 2696 4703 καὶ
2748 4645 2990 4721 δολερῶν
3024 4647 3229 4723 βουλὴν
3292 4646 3540 4722 πονηρὰν
3598 4645 3927 4721 ἐξαρτύσανη

2268 4760 2356 4799 τες
2387 4742 2466 4809 τῷ
2504 4736 2719 4811 βασιλεῖ
2774 4731 3167 4792 ἐπεϐούλευσαν
3226 4736 3344 4808 μὶν,
3375 4734 3576 4804 ἤνυσαν
3629 4731 3686 4787 δὲ
3745 4731 3937 4801 οὐδὲν,

2272 4831 2405 4881 Θεοῦ
2445 4826 2536 4879 τὸν
2599 4823 2869 4899 σύλλογον
2929 4825 3018 4879 καὶ
3080 4825 3141 4879 τὸ
3198 4824 3440 4899 πονηρὸν
3497 4824 3587 4878 καὶ
3619 4820 3778 4877 ἄθεον
3814 4818 3931 4876 δια-

2275 4913 2584 4987 λυσαμὲνου
2645 4916 3007 4990 σκαιώρημα·
3069 4914 3135 4982 ἦν
3190 4913 3294 4988 γὰρ
3353 4912 3535 4973 αὐτοῖς
3601 4911 3799 4985 γνώμη
3858 4916 3938 4980 τῷ

2278 5004 2427 5080 βυθῷ
2476 5000 2845 5077 παραδοθῆναι
2899 5001 3057 5057 αὐτὸν
3105 5000 3362 5077 παγγενεὶ
3426 5002 3518 5055 ἅτε
3574 4998 3661 5054 διὰ
3727 4998 3937 5054 Θαλάσ-

2275 5114 2372 5162 σης
2403 5093 2537 5167 πρὸς
2567 5093 2628 5146 τὸ
2660 5089 2928 5146 παλάτιον
2986 5090 3253 5145 ἀποπλεῖν
3309 5088 3604 5163 μέλλοντα.
3635 5090 3936 5158 Ζητήσεως

2275 5178 2332 5235 δὲ
2362 5181 2450 5236 καὶ
2482 5180 2700 5256 ἐρεύνης
2753 5178 2877 5256 περί
2921 5184 3018 5235 τοῦ
3068 5174 3375 5254 συμϐάντος
3421 5176 3722 5254 γενομὲνης
3782 5174 3935 5231 πολ-

1839 5328 2084 5385 JACOBI
2126 5328 2339 5385 GOARI
2379 5328 2614 5383 NOT/E.

588 5448 666 5517 (8)
694 5446 1022 5521 Ἡγούμενος
1053 5453 1143 5505 est
1172 5448 1509 5521 quicunque
1553 5444 2163 5521 monasteriiupraefecf

516 5516 1078 5594 ῐυείκαθὴγούμενος
1126 5516 1229 5592 qui
1273 5516 1449 5594 simu—1
1494 5518 1677 5594 sacris
1726 5516 2032 5572 ordinibus
2080 5520 2171 5572 est

515 5595 781 5668 ornatus,
818 5590 1237 5668 προηγούμενος
1260 5591 1363 5668 qui
1394 5590 1792 5668 expraet‘ectus.

588 5660 664 5733 (9)
696 5657 1003 5735 amoma;
1035 5657 1189 5721 inter
1220 5657 1485 5719 arma;
1505 5660 1652 5717 illud
1675 5663 1765 5717 est
1786 5657 2171 5728 discriminis,

2278 5444 2431 5517 quod
2464 5442 2620 5498 inter
2649 5444 2896 5517 collegia
2919 5443 3273 5501 factionesve
3292 5448 3347 5499 et
3376 5443 3679 5497 confusam
3706 5438 3940 5511 plebem

2278 5516 2642 5571 observatur.
2816 5516 2823 5517 “

2318 5586 2463 5659 κιο)
2495 5586 2574 5643 De
2600 5604 2737 5659 qua,
2772 5590 2829 5642 et
2857 5585 3280 5659 imperatorum
3313 5588 3752 5659 ergagsanctum
3790 5583 3942 5638 ﬁdu-

2283 5656 2374 5715 cia
2402 5656 2660 5716 deinus
2688 5674 2738 5714 ο.
2771 5675 2865 5729 xv,
2897 5656 2959 5715 nl
2986 5657 3023 5712 9
3051 5663 3111 5715 et
3139 5674 3190 5715 ο.
3224 5660 3311 5730 17,
3346 5672 3405 5713 n.
3434 5656 3526 5712 60.
