4060 6344
196 368 322 432 381

1718 381 2115 443 HISTORIA.

3505 378 3624 438 382

201 499 315 564 λῆς
342 500 548 556 πολλοὶ
581 507 687 559 τῶν
749 507 1084 579 μεγιστάνων
1142 507 1231 562 καὶ
1292 508 1450 574 αὐτὸς
1498 511 1526 563 ὁ
1556 516 1846 580 τηνικαῦτα

1968 530 2099 568 rum
2131 521 2189 570 et
2225 515 2372 570 lassa
2403 515 2736 585 majestatio
2781 515 2862 569 rei
2896 514 3105 581 eﬂ'eoti,
3138 517 3194 568 et
3238 513 3455 568 idcirco
3485 527 3620 581 pos-

197 585 446 665 ἔπαρχος
503 590 747 648 εάλωσαν
827 596 903 657 ὡς
977 592 1262 652 ἐπίϐουλοι
1337 600 1425 652 καὶ
1481 602 1858 664 καθοσιώσεως

205 679 358 749 αἰτίᾳ
418 681 710 749 όπέπεσον,
763 688 870 738 τῶν
942 685 1156 741 οἰκείων
1223 688 1564 763 στερηθέντες
1614 692 1856 760 κτήσεων

199 768 294 822 καὶ
342 771 525 840 πάσης
577 778 679 840 τῆς
739 775 1050 848 περιουσίας
1106 776 1303 831 αὐτῶν·
1357 779 1622 847 Ἐπόθησε
1671 777 1728 834 δὲ
1771 780 1858 834 καὶ

198 858 454 950 ᾖγάπησε
502 857 869 937 διαφερόντως
915 867 1027 918 τῶν
1077 862 1263 920 ἄλλων
1318 869 1569 922 ἁπάντων
1625 871 1652 924 ὁ
1702 870 1855 942 βασι-

197 945 327 1006 λεὺς
377 948 479 1015 τήν
529 967 588 1001 τε
632 952 739 1002 τῶν
801 946 1082 1022 δημοσίων
1152 954 1482 1028 πραγμάτων
1563 953 1854 1028 ἕπαύξησιν

194 1033 430 1088 καὶτῶν
481 1032 776 1092 ΐδιωτικῶν
820 1035 984 1093 δικῶν
1034 1042 1132 1108 τὴν
1193 1042 1474 1117 ἀκρόασιν,
1509 1045 1604 1098 κάν
1643 1045 1859 1110 τούτοις

193 1124 297 1190 τήν
336 1124 565 1196 μείζονα
615 1125 876 1203 φροντίδα
923 1131 1209 1184 κατεκένου
1265 1139 1367 1200 τῆς
1420 1133 1716 1208 βασιλείας,
1749 1140 1854 1189 τῶν

193 1209 394 1268 ἀλλων
459 1215 626 1283 ἧττον
671 1215 956 1291 ἐχόμενος,
1004 1225 1377 1294 στρατηγικῶν
1436 1244 1578 1299 φημι
1638 1222 1858 1278 πλεονε-

208 1302 516 1375 κτημάτων
606 1306 692 1360 καὶ
823 1313 1226 1380 στρατιωτικῶν
1331 1307 1854 1385 ἅνδραγαθηματων.

215 1393 316 1446 Διὰ
393 1390 460 1461 δή
531 1398 696 1450 ταῦτα
774 1395 864 1449 καὶ
945 1405 1360 1473 συκοφαντικαῖς
1439 1399 1715 1474 ἐπηρείαις
1768 1401 1856 1456 καὶ

199 1488 546 1557 σοφιστικαῖς
663 1482 917 1555 μεθόδοις
1036 1487 1125 1540 καὶ
1238 1484 1526 1542 δικανικῶν
1603 1485 1856 1561 προϐλη-

199 1570 391 1642 μάτων
433 1571 587 1644 ἰσμῷ
642 1574 730 1628 καὶ
781 1579 1107 1647 σεκρετικῶν
1160 1579 1492 1649 ζητημάτων
1529 1578 1855 1640 ἐπιπλοκαῖς

201 1659 266 1712 τὸ
325 1660 636 1731 Ῥωμαϊκὸν
695 1661 970 1718 ἐκλονεῖτο
1023 1666 1110 1720 καὶ
1172 1668 1257 1736 [Ρ.
1316 1669 1443 1740 814]
1491 1665 1852 1741 ἆκραδαίνετο,

191 1747 266 1809 ὡς
321 1749 415 1803 καὶ
470 1749 664 1813 αὐτοὺς
718 1753 845 1814 τοὺς
890 1755 1352 1829 στρατευομένους
1399 1759 1468 1812 τά
1524 1757 1671 1812 ὅπλα
1722 1758 1834 1822 καὶ,

1971 604 2335 658 sessionibus
2361 610 2418 658 et
2449 606 2572 658 suis
2603 605 2878 659 omnibus
2912 604 3080 658 bonis
3131 603 3362 674 privati.
3395 603 3620 658 Concu-

1972 694 2112 763 pivit
2143 701 2334 748 autem
2370 701 2426 749 et
2452 711 2562 764 pra:
2587 695 2810 748 casteris
2837 693 3114 747 omnibus
3133 691 3386 746 maxime
3407 689 3623 745 amavit

1971 783 2288 853 imperatur
2344 783 2712 854 publicarum
2787 799 2979 838 rerum
3061 782 3513 845 incrementum,
3565 781 3623 832 et

1970 873 2260 942 praecipuo
2292 873 2485 926 studio
2539 873 2792 943 privatas
2823 888 3030 925 causas
3081 869 3356 924 audiendi
3391 869 3619 922 teneba-

1969 967 2083 1023 tur,
2118 963 2174 1015 in
2205 963 2421 1032 quibus
2455 963 2736 1031 maiorem
2781 978 2958 1030 quam
2993 960 3046 1013 in
3082 959 3328 1030 imperio
3360 956 3617 1012 admini-

1970 1052 2209 1106 strando
2266 1068 2465 1105 curam
2529 1050 2930 1115 exhauriebat,
2995 1048 3126 1103 aliis
3186 1049 3360 1102 rebus
3420 1047 3618 1101 minus

1967 1156 2204 1204 vacans,
2236 1143 2451 1194 ducum
2498 1140 2742 1210 inquam
2776 1137 3206 1208 ampliﬁcanda?
3237 1134 3529 1207 dignitati,
3562 1137 3620 1188 et

1966 1228 2039 1283 iis
2071 1245 2198 1299 qua:
2231 1228 2521 1283 militibus
2554 1245 2823 1299 prospere
2855 1244 2922 1282 ac
2954 1233 3192 1280 strenue
3213 1232 3376 1295 gesta
3396 1227 3612 1278 essent.

1970 1318 2036 1372 Et
2071 1324 2372 1389 prepterea
2405 1318 2462 1371 in
2497 1317 2986 1372 calumniatorum
3022 1313 3298 1368 conviciis
3329 1317 3385 1367 et
3415 1311 3612 1382 sopbi-

1967 1408 2128 1462 eticis
2159 1407 2508 1461 commentis
2541 1423 2606 1460 ac
2647 1405 3019 1474 judicialium
3057 1403 3447 1474 quaestionum
3482 1417 3610 1454 exa-

1969 1496 2124 1550 mine
2172 1497 2432 1550 Romana
2490 1511 2580 1548 res
2631 1493 2865 1564 publica
2915 1509 3154 1546 versans
3198 1492 3614 1560 occupabatur,

1967 1585 2043 1640 ita
2106 1590 2170 1639 ut
2227 1585 2335 1655 ipsi
2401 1583 2615 1638 milites
2677 1582 2858 1636 armis
2907 1580 3192 1652 depositis
3241 1578 3501 1633 advocati
3561 1581 3618 1631 et

1967 1675 2196 1746 patroni
2229 1673 2616 1745 quaestionum
2652 1671 2722 1725 ad
2758 1669 2916 1741 leges
2965 1672 3356 1741 spectantium
3390 1672 3448 1722 et
3476 1682 3615 1720 cau-

1967 1781 2162 1820 sarum
2222 1765 2448 1826 fierent,
2510 1763 2730 1816 omisso
2791 1759 3002 1813 Martio
3063 1774 3205 1812 sono
3272 1762 3330 1812 et
3391 1755 3615 1811 bellicis

190 1838 290 1905 τὴν
353 1841 636 1912 στρατείαν
724 1843 978 1913 μεθέντας
1052 1846 1389 1922 συνηγόρους
1458 1848 1547 1903 καὶ
1608 1851 1846 1920 νομικῶν

191 1926 446 1950 νλ,-αηε-
504 1949 507 1950 ,
689 1929 702 1948 ἱ
891 1927 949 1950 Ρη
1068 1933 1078 1950 1
1382 1937 1392 1950 ι
1447 1949 1456 1950 κ
1597 1939 1608 1950 Ι
1768 1939 1779 1950 ι

1965 1852 2480 1908 exercitationibus
2525 1856 2582 1906 et
2609 1865 2893 1920 equorum
2939 1847 3276 1918 agitatione.
3313 1845 3450 1899 Pius
3479 1861 3612 1899 vero

190 1926 528 1997 ζητημάτων
615 1929 704 1983 καὶ
780 1927 1193 2004 προϐλημάτων
1280 1937 1522 2010 γενέσθαι
1596 1939 1852 2010 ἐραστὰςς

195 2016 382 2089 μακρὰ
436 2015 650 2090 χαίρειν
706 2017 952 2081 εἰπόντας
1011 2021 1245 2096 ἰνυαλίῳ
1309 2046 1368 2080 τε
1436 2028 1555 2100 ἠχῇ
1611 2028 1700 2080 καὶ
1757 2048 1847 2084 πο.

194 2101 404 2177 λεμικῇ
496 2105 724 2180 ὀρχήσει
826 2110 918 2162 καὶ
1027 2109 1364 2185 περιδινήσει
1464 2114 1850 2189 ἀγχιστθφόῳ,

205 2189 449 2262 Εὐσεϐὴς
482 2191 540 2248 δὲ
597 2193 669 2249 ὥν
733 2194 888 2273 εἶ’περ
930 2220 1014 2260 τις
1069 2198 1277 2275 ἵτερος,
1332 2202 1422 2256 καὶ
1454 2201 1850 2278 φιλομόναχος

202 2281 570 2359 φιλόπτωχός
627 2305 685 2339 τε
740 2287 827 2340 καὶ
886 2288 1009 2360 περὶ
1066 2291 1125 2344 τὸ
1185 2295 1344 2362 σῶμα
1389 2294 1551 2360 ἧττον
1594 2270 1848 2348 κολαστι-

205 2374 302 2434 κὸς
345 2375 480 2444 (ll),
518 2373 656 2448 πρὸς
705 2373 846 2431 ἄλλο
895 2399 948 2431 τι
995 2373 1208 2450 ἀμϐλὺς
1233 2377 1496 2455 ἐτύγχανε
1523 2382 1612 2436 καὶ
1645 2385 1851 2458 νωθρὸς

199 2458 487 2534 φειδωλὸς
549 2459 595 2517 δ’
645 2463 860 2539 εἰσάγαν
918 2466 1006 2519 καὶ
1057 2468 1370 2539 ποριστικὸς
1425 2470 1652 2525 καὶτῶν
1679 2469 1850 2545 δημο-

212 2548 341 2604 σίων
398 2553 707 2625 χρημάτων
765 2552 1071 2624 αόξητικός.
1121 2556 1428 2625 Ἐξουσίαζε
1485 2556 1542 2612 δὲ
1583 2561 1670 2614 καὶ
1731 2567 1849 2622 ταῖς

200 2638 432 2712 κρίσεσι,
468 2639 557 2694 καὶ
616 2639 887 2703 πολλάκις
929 2641 1090 2704 αὐτὰς
1125 2641 1212 2698 διὰ
1256 2647 1354 2714 τὴν
1387 2652 1494 2702 τῶν
1538 2649 1846 2723 προσώπων

207 2729 479 2797 ποιότητα
511 2727 844 2798 ὑπήλλαττε,
908 2731 1074 2805 βαρὺς
1133 2730 1477 2807 δεικνὺμενος
1525 2743 1641 2798 τοῖς
1692 2736 1850 2794 δυνα-

195 2821 312 2878 τοῖς
370 2816 465 2871 καὶ
543 2815 839 2894 ἆφόρητος.
899 2821 1304 2895 Προσκειμένου
1376 2822 1434 2880 δὶ
1509 2826 1677 2880 αὐτοῦ
1730 2834 1847 2890 τοῖς

194 2905 479 2966 τοιούτοις
509 2903 798 2975 διηνεκῶς,
846 2912 954 2962 τῶν
1008 2907 1064 2964 δὲ
1113 2918 1512 2986 στρατιωτικῶν
1561 2914 1852 2988 ἠμεληκό-

195 3015 288 3055 τος
333 2995 424 3049 καὶ
484 2994 920 3070 ῥᾳθυμήσαντος,
951 2998 1017 3052 τὰ
1063 3006 1164 3068 τῆς
1213 3001 1536 3072 Ἀνατολῆς,
1581 3006 1669 3059 καὶ
1715 3006 1848 3078 μᾶλ-

200 3081 294 3137 λον
326 3085 397 3138 τά
429 3083 484 3138 ἐν
511 3091 626 3146 τοῖς
652 3084 882 3160 τέρμασι
904 3092 1012 3142 τῶν
1043 3093 1222 3161 μερῶν
1242 3095 1352 3145 τῶν
1375 3093 1721 3165 Ῥωμαϊκῶν,
1748 3096 1850 3150 ὑπὸ

185 3177 291 3226 τῶν
346 3171 639 3246 πολεμίων
684 3174 940 3251 ὲφάροντό
987 3198 1047 3232 τε
1077 3177 1165 3232 καί
1197 3177 1426 3254 ἤγοντο,
1451 3183 1540 3236 καὶ
1565 3181 1850 3253 ἐληίζοντο

192 3261 280 3314 καὶ
317 3260 690 3339 διεφθείροντο
723 3249 931 3320 ἅπαντα
959 3270 1028 3339 τῇ
1058 3288 1116 3322 τε
1144 3249 1263 3322 τῶν*
1284 3270 1542 3344 Τούρκων
1576 3249 1850 3350 ἐπιδρομῇ
1881 3249 1922 3316 C

187 3351 276 3406 καί
307 3351 635 3428 κατισχύσει
681 3354 769 3409 καὶ
819 3359 888 3428 τῇ
946 3355 1096 3430 βιαίᾳ
1147 3359 1504 3434 ὑποχωρήσει
1536 3362 1625 3416 καὶ
1668 3361 1851 3436 δειμα-

185 3441 347 3494 τώσει
406 3445 520 3496 τῶν
571 3441 944 3514 ἠμελημένων
1001 3452 1348 3518 στρατιωτῶν
1383 3467 1396 3481 ⁶
1458 3457 1706 3526 συνεχεῖς
1737 3454 1841 3528 γὰρ

203 3530 464 3605 ὖπῆρχον
513 3527 779 3607 ὶκδρομαί
838 3533 927 3587 καὶ
979 3532 1270 3603 λεηλασίαι
1329 3539 1546 3612 συχναὶ,
1593 3541 1846 3617 ἀφανιζο-

196 3618 360 3688 μένου
390 3624 493 3674 τοῦ
536 3617 946 3696 προστυχόντος
978 3623 1197 3685 παντός.
1235 3625 1326 3680 Διὸ
1379 3627 1473 3681 καὶ
1503 3631 1537 3697 ἡ
1572 3627 1844 3703 εὐδαίμων

190 3709 349 3794 χώρα
376 3715 484 3776 τῆς
515 3703 752 3783 Ἰϐηρίας
800 3709 1051 3784 ἠρίπωτο
1102 3713 1388 3776 παντελῶς
1439 3716 1528 3770 καὶ
1559 3719 1847 3794 ἠφάνιστο,

189 3793 292 3866 ἤδη
348 3801 894 3873 προκατειργασμίνη
981 3800 1073 3855 καὶ
1152 3803 1492 3874 ἠσθενηκυῖα
1569 3793 1658 3861 καὶ
1718 3809 1853 3864 κατᾶ

191 3887 388 3970 μικρὸν
443 3885 798 3942 ἰπιλείπουσά
855 3909 914 3943 τε
969 3889 1060 3945 καὶ
1119 3891 1399 3968 φθίνουσα,
1450 3895 1841 3970 συμμεταλαμ.

189 3967 498 4045 ϐανομένου
531 3971 588 4029 δὶ
641 3979 739 4030 τοῦ
799 3973 977 4031 δεινοῦ
1023 3967 1284 4033 καὶγὸσαι
1333 3981 1504 4057 ταύτῃ
1561 3967 1846 4057 παρέκειν-

185 4082 264 4129 το,
298 4064 697 4136 Μεσοποταμία
743 4085 801 4120 τε
849 4065 938 4119 καὶ
983 4063 1251 4137 Χαλδαία,
1282 4070 1419 4144 πρὸς
1468 4067 1526 4125 δὲ
1556 4071 1841 4144 Μελιτηνη

190 4151 275 4205 καὶ
333 4149 629 4208 Κολώνεια
708 4153 797 4208 καὶ
875 4155 942 4208 τὰ
1016 4160 1096 4227 τῷ
1177 4157 1435 4235 Εὐφράτῃ
1518 4161 1843 4236 συγκείμενα

197 4245 458 4312 ποταμῷ,
491 4239 637 4296 ἀλλὰ
683 4242 788 4314 μὴν
835 4243 900 4297 τό
942 4264 1001 4298 τε
1048 4244 1400 4319 Ἀρμενιακὸν
1455 4247 1545 4304 καί
1591 4251 1658 4305 τὰ
1713 4257 1843 4305 Βαα-

189 4330 456 4402 σπρακὰν,
497 4330 589 4384 καὶ
642 4331 692 4385 εἷ’
753 4334 828 4402 μὴ
873 4331 1150 4396 πολλάκις
1209 4336 1624 4410 στρατεύμασιν,
1667 4339 1843 4395 ἰνίοτε

185 4415 240 4472 δὶ
266 4419 359 4472 καὶ
410 4419 626 4494 φήμαις
677 4421 868 4492 μόναις
921 4419 1204 4493 δυνάμεων
1268 4424 1579 4501 ἀνείργοντο
1628 4429 1694 4483 τά
1727 4435 1835 4484 τῶν

187 4501 509 4582 Βαρϐάρων.
572 4507 668 4562 Καί
711 4530 854 4573 τινες
922 4510 1169 4586 ἀρχηγοὶ
1224 4515 1451 4584 τούτων,
1511 4517 1839 4592 Χωροσαλά-

1966 1961 2097 1999 cum
2151 1948 2305 1998 esset
2352 1945 2414 1994 ut
2473 1941 2520 1994 si
2577 1940 2710 2010 quis
2758 1937 2931 2004 alius,
2981 1942 3038 1992 et
3089 1934 3507 1989 monachorum
3556 1937 3613 1986 et

1963 2048 2286 2104 pauperum
2349 2030 2675 2089 studiosus,
2735 2036 2787 2080 et
2843 2027 2902 2080 in
2954 2025 3026 2080 iis
3077 2041 3203 2094 qua:
3263 2023 3332 2076 ad
3383 2021 3608 2076 cultum

1960 2120 2220 2192 corporis
2269 2117 2559 2190 pertinent
2615 2133 2727 2171 non
2790 2115 3108 2170 admodum
3159 2116 3500 2182 occupatus,
3552 2111 3608 2164 in

1959 2210 2090 2264 aliis
2121 2225 2353 2279 quoque
2385 2207 2562 2262 hebes
2595 2222 2660 2260 ac
2708 2203 2907 2275 segnis
2937 2207 3063 2257 erat
3098 2219 3109 2254 :
3147 2206 3205 2256 at
3237 2201 3295 2254 in
3325 2198 3610 2270 augendis

1960 2298 2210 2370 publicis
2244 2297 2506 2368 pecuniis
2529 2297 2847 2349 admodum
2874 2308 3083 2363 parcus
3104 2295 3160 2345 et
3189 2287 3395 2344 civilis.
3420 2288 3610 2342 Nimis

1959 2388 2068 2442 sibi
2103 2387 2411 2458 arrogabat
2459 2387 2512 2439 in
2560 2383 2826 2454 judiciis,
2858 2388 2916 2435 et
2963 2398 3028 2435 ea
3075 2379 3326 2434 subinde
3375 2380 3610 2448 propter

1959 2493 2336 2548 personarum
2369 2473 2710 2546 qualitatem
2739 2471 3026 2534 mutabat,
3061 2485 3292 2539 gravem
3319 2483 3381 2521 se
3414 2473 3610 2536 poten-

1957 2566 2118 2620 tibus
2179 2565 2516 2628 ostendens,
2576 2569 2629 2615 et
2686 2559 2975 2630 ejusmodi
3038 2557 3130 2610 cui
3194 2573 3306 2610 non
3369 2558 3610 2625 possent

1959 2654 2248 2709 resistere.
2282 2657 2422 2706 Cum
2456 2652 2527 2705 iis
2569 2651 2742 2704 rebus
2792 2647 2887 2701 ille
2919 2652 3078 2700 totus
3128 2644 3514 2711 incumberet,
3549 2657 3609 2696 re

1961 2743 2198 2798 militari
2234 2743 2516 2817 neglecta,
2551 2757 2616 2793 ac
2663 2737 2909 2792 nimium
2946 2752 3007 2789 se
3055 2734 3172 2788 otio
3204 2733 3482 2798 dedisset,
3515 2747 3607 2785 ree

1958 2831 2231 2897 Orientis,
2267 2829 2556 2901 praecipue
2585 2828 2711 2882 loca
2743 2827 2798 2880 in
2833 2824 3050 2878 linibus
3081 2827 3500 2883 Romanorum,
3535 2820 3606 2874 ab

1960 2919 2229 2974 hostibus
2259 2919 2351 2990 agi
2426 2917 2558 2972 ferri
2614 2933 2679 2970 ac
2712 2914 2908 2985 diripi,
2960 2919 3017 2968 et
3055 2912 3256 2968 omnia
3303 2909 3516 2964 vastari
3551 2913 3609 2963 et

1959 3009 2113 3065 658
2153 3009 2474 3062 Turcorum
2529 3003 2969 3059 excursionibus
3013 3007 3070 3056 et
3117 2999 3496 3070 oppressione
3545 3012 3610 3051 ac

1959 3097 2212 3151 violenta
2244 3098 2385 3166 fuga
2421 3101 2711 3148 etterrore
2737 3091 3129 3162 neglectorum
3158 3087 3413 3142 militum
3439 3103 3450 3141 :
3475 3102 3613 3140 con-

1960 3186 2212 3240 tinentes
2257 3185 2412 3240 enim
2467 3184 2682 3238 ﬁebant
2738 3180 3125 3243 incursiones,
3187 3178 3401 3232 crebrae
3450 3175 3607 3229 dire-

1961 3275 2190 3346 ptiones
2221 3280 2277 3328 et
2309 3287 2672 3344 quaecunque
2702 3269 3090 3325 occurrebant
3124 3265 3416 3330 hostibus,
3451 3280 3610 3317 ever-

1959 3365 2254 3423 tebantur.
2287 3368 2344 3417 et
2387 3362 2604 3416 idcirco
2655 3359 2787 3414 felix
2820 3358 3016 3412 Iberia:
3050 3356 3208 3426 regio
3241 3354 3476 3409 omnino
3509 3353 3608 3407 de-

1959 3453 2145 3508 solata
2195 3452 2302 3506 fuit
2357 3457 2416 3506 et
2463 3465 2704 3521 prorsus
2753 3448 2964 3510 deleta,
2997 3447 3124 3516 jam
3173 3447 3309 3498 ante
3351 3444 3611 3496 confecta

1959 3547 2016 3598 et
2045 3540 2377 3608 imbecillis,
2409 3557 2474 3594 ac
2506 3539 2728 3593 sensim
2754 3537 2988 3590 deserta
3015 3542 3071 3588 et
3103 3537 3399 3604 corrupta.
3423 3533 3610 3601 Atque

1959 3632 2137 3701 hujus
2171 3630 2306 3686 mali
2340 3628 2652 3700 participes
2704 3631 2869 3680 erant
2898 3622 3320 3692 Mesopotamia
3350 3625 3406 3673 et
3435 3618 3606 3674 Chal-

1956 3721 2080 3775 daaa
2136 3724 2194 3774 et
2245 3720 2486 3787 insuper
2534 3715 2804 3771 Melitene
2852 3719 2910 3767 et
2960 3711 3200 3767 Colonia
3249 3715 3306 3764 et
3354 3707 3480 3762 loca
3536 3706 3616 3760 ad“

1957 3808 2197 3862 ﬂuvium
2245 3807 2599 3877 Euphratem
2650 3805 2786 3872 sita,
2819 3800 2962 3873 quin
3015 3799 3192 3854 etiam
3243 3794 3518 3872 Armenia
3549 3798 3608 3848 et

1957 3895 2402 3967 Baaspracania.
2435 3897 2513 3949 Ac
2562 3894 2673 3948 nisi
2723 3907 2872 3961 szepe
2919 3887 3172 3944 exercitu
3223 3891 3280 3940 et
3308 3884 3602 3938 interdum

1955 3986 2081 4042 sola
2111 3987 2261 4040 fama
2299 3983 2595 4055 cepiarum
2629 3982 2945 4051 compress‘
2986 3977 3237 4032 fuissent
3266 3972 3527 4034 Barbari,
3551 3974 3608 4026 et

1954 4077 2190 4145 quidam
2232 4075 2493 4144 ipsorum
2546 4073 2725 4126 duces
2773 4065 3218 4124 (Ihorosalarius
3263 4067 3320 4118 et
3349 4060 3602 4116 Samuch

1953 4165 2107 4219 bona
2157 4164 2424 4234 quaedam
2472 4162 2710 4216 fortuna
2759 4159 3080 4214 commisso
3131 4151 3326 4224 praelio
3377 4149 3604 4205 cladem

1951 4253 2139 4308 sortiti
2172 4255 2388 4317 essent,
2423 4251 2598 4306 etiam
2635 4265 2820 4318 usque
2854 4246 2923 4300 ad
2955 4244 3245 4299 Galatiam
3280 4245 3338 4294 et
3368 4239 3607 4295 Onoria-

1951 4343 2082 4397 dem
2133 4347 2311 4411 atque
2358 4341 2547 4412 ipsam
2599 4336 2909 4409 Phrygiam
2943 4331 3262 4389 adversarii
3313 4327 3604 4384 excurris-

1949 4439 2122 4485 sent:
2164 4431 2506 4484 mittebatur
2554 4428 2708 4482 enim
2756 4425 3046 4480 exercitus
3097 4420 3248 4477 male
3279 4419 3606 4473 instructus

1946 4524 2003 4575 et
2033 4520 2300 4583 inermis,
2332 4520 2486 4590 quod
2519 4533 2751 4588 semper
2795 4512 3228 4586 praestantiores
3258 4507 3604 4563 abdicaren-

187 4597 420 4680 piocimi
467 4595 721 4671 Σαμοὺχ,
765 4598 811 4652 εἰ
871 4601 946 4671 μή
997 4600 1172 4676 ἀγαθῇ
1218 4623 1325 4656 τινι
1367 4605 1512 4680 τύχῃ
1558 4606 1660 4675 τὴν
1689 4607 1839 4676 ἥττω

1958 4615 2046 4663 tur
2077 4610 2420 4680 prafectura
2440 4608 2730 4677 majorum
2756 4602 3180 4674 stipendiorum
3208 4603 3265 4654 et
3316 4596 3607 4651 honorum

187 4679 564 4756 συμϐαλόντες
650 4684 1056 4760 ἐκληρώσαντο,
1142 4688 1238 4744 κᾶν
1327 4693 1492 4768 μιχρι
1570 4695 1837 4760 Γαλατίας

186 4771 270 4826 καὶ
329 4771 668 4847 Ὀνωριάδος
725 4775 815 4829 καὶ
894 4776 1062 4848 αὐτῆς
1133 4779 1370 4856 Φρυγίας
1424 4783 1488 4836 τὸ
1539 4783 1834 4841 ἀντίπαλον

187 4859 568 4948 περιέδραμεν.
619 4861 940 4920 Ἐστὲλλετο
986 4867 1083 4939 μὶν
1141 4869 1245 4944 γὰρ
1301 4870 1365 4924 τὸ
1423 4875 1834 4948 στρατιωτικὸν,

187 4949 344 5019 ψιλὸν
398 4946 458 5004 δὲ
512 4950 600 5005 καὶ
643 4949 850 5007 ἄοπλον
907 4954 996 5009 καὶ
1066 4957 1294 5032 γυμνὸν,
1343 4963 1452 5014 τῶν
1507 4946 1830 5036 κρειττόνων

185 5037 641 5112 ἀπελαυνομένων
687 5041 937 5097 ἑκάστοτε
990 5046 1088 5112 τῆς
1150 5047 1480 5122 στρατηγίας
1537 5055 1634 5106 τοῦ
1691 5050 1834 5124 πλή-

187 5137 305 5188 θους
327 5133 441 5181 τῶν
472 5128 718 5200 ὀψωνίων
762 5128 935 5186 ἕνεκεν
987 5133 1078 5188 καὶ
1121 5139 1230 5190 τῶν
1279 5139 1543 5208 μειζόνων
1580 5141 1828 5215 βαθμῶν.

186 5215 249 5270 ’Δ
299 5217 393 5270 καὶ
451 5219 836 5292 καταγνώσεως
893 5219 1043 5284 ἐκτὸς
1110 5225 1213 5279 οὐκ
1261 5225 1351 5294 ἧν,
1412 5225 1648 5298 μηδενὸς
1709 5250 1828 5303 γεν-

187 5303 329 5357 ναίου
358 5305 450 5358 καὶ
510 5305 802 5381 ἀξιολόγου
844 5313 1226 5384 πραττομένου
1287 5311 1376 5368 διὰ
1427 5320 1611 5373 τοῦτο.
1666 5318 1828 5374 Συνὲ-

189 5385 331 5446 ϐαινε
371 5391 428 5448 δὲ
485 5393 545 5449 ἐκ
593 5395 800 5451 τούτων
861 5397 990 5463 τοὺς
1053 5401 1148 5474 μὶν
1209 5403 1513 5478 Ῥωμαίους
1549 5411 1831 5463 ταπεινοῦ-

1947 4716 2163 4765 causa;
2198 4715 2324 4768 qua:
2356 4697 2593 4768 quidem
2628 4693 2801 4764 culpa
2859 4690 3099 4747 minime
3131 4686 3434 4752 vacabant,
3467 4696 3603 4736 cum

1947 4788 2090 4844 nihil
2150 4793 2456 4842 strenuum
2518 4791 2620 4839 aut
2678 4777 3058 4838 memorabile
3113 4776 3223 4831 hac
3293 4775 3364 4828 de
3420 4785 3596 4826 causa

1944 4883 2259 4948 gereretur.
2301 4874 2526 4939 Quibus
2576 4873 2750 4926 rebus
2798 4869 3068 4924 effectum
3120 4868 3207 4919 est
3260 4868 3323 4917 ut
3357 4857 3602 4948 Romani

1944 4947 2362 5021 imbecilliores
2385 4961 2597 5018 redditi
2627 4965 2847 5015 terrore
2877 4953 3333 5026 complerentur,
3357 4947 3597 5004 Barbari

1941 5071 2074 5108 vero
2099 5054 2282 5108 inﬂati
2315 5051 2513 5108 animo
2546 5049 2890 5106 eﬁ‘errentur
2923 5048 2980 5098 et
3031 5040 3216 5096 multa
3253 5036 3604 5094 conﬁdentia

1941 5144 2300 5214 irruptiones
2334 5144 2632 5206 facerent;
2667 5153 2799 5193 cum
2826 5135 3003 5192 etiam
3037 5131 3106 5186 ad
3139 5128 3350 5184 Anium
3378 5127 3598 5180 missus

1940 5233 2117 5288 fuerit
2145 5233 2264 5287 dux
2292 5230 2605 5286 Armenius
2654 5227 2912 5298 quidam,
2946 5220 3185 5277 nomine
3230 5214 3591 5285 Pancratius,

1945 5321 2242 5394 pollicitus
2275 5338 2369 5376 res
2387 5321 2456 5374 ad
2481 5318 2798 5374 exercitum
2825 5313 2924 5384 qui
2944 5311 3022 5368 ibi
3041 5311 3242 5364 aderat
3263 5307 3598 5377 spectantes

1938 5427 2001 5466 se
2054 5427 2155 5482 pro
2207 5409 2359 5467 virili
2419 5414 2582 5481 parte
2639 5403 3216 5462 administraturum.
3266 5397 3410 5452 Cum
3455 5407 3589 5446 vero

1503 5568 1747 5626 JACOBI
1787 5569 2006 5628 GOARI
2044 5571 2272 5628 NOT/E.

255 5677 368 5753 (ll)
401 5681 607 5756 Corpus
634 5682 886 5743 edomare
920 5688 977 5745 ei
1003 5691 1430 5752 austeritatibu:
1455 5693 1711 5768 subigere
1736 5699 2007 5770 assuetus,
2038 5698 2193 5755 circa
2221 5695 2576 5770 quodcunque
2596 5691 2762 5751 aliud
2789 5689 2974 5760 segnis
3002 5702 3066 5744 ac
3093 5684 3266 5742 hebes.
