4078 6336
452 381 572 443 383
1763 387 2093 449 JOANNIS
2140 385 2546 447 SCYLITZE
3738 384 3857 445 384

449 513 721 567 sultanus
782 514 914 569 illac
975 516 1081 571 iter
1148 517 1380 585 faceret,
1443 520 1598 575 654
1656 534 1845 589 neque
1897 521 2054 571 tame

2247 526 2331 577 θαι
2363 516 2453 568 καὶ
2511 516 2930 589 κατεπτηχέναι,
2956 514 3084 574 τοὺς
3130 507 3445 587 Βαρϐάρους
3484 508 3540 566 δὲ
3590 512 3852 588 φυσᾶσθαι

453 602 839 658 Romanorum
886 606 1175 672 regionem
1227 615 1475 673 vexaret,
1522 608 1759 677 quidam
1793 608 1963 660 exiis
1996 623 2063 676 qu

2242 606 2288 657 αὶ
2352 603 2663 677 ἐπαίρεσθαι
2722 603 2809 657 καὶ
2893 604 3026 676 μετά
3110 600 3329 670 πολλῆς
3414 603 3850 676 προσρήγνυσθαι

449 706 582 745 cum
609 691 909 747 Pancratio
933 700 1117 756 erant,
1144 703 1519 765 erumpentes
1541 702 1862 750 extremum
1887 712 2053 765 agme

2242 696 2584 762 εποιθήσεως
2613 714 2623 725 ·
2660 690 2749 747 ὅτε
2791 690 2857 760 δὴ
2909 692 2996 747 καὶ
3056 690 3108 752 ἐς
3158 692 3219 746 τὸ
3248 695 3427 746 Ἀνιον
3461 688 3852 743 ἀποστέλλεται

452 779 722 833 sultanici
756 782 1040 836 exercitus
1093 784 1378 838 laedebant
1427 791 1484 839 et
1514 787 1830 839 credebant.
1873 786 2059 847 Quibu

2242 782 2331 851 οὺξ
2390 784 2683 856 ’Λρμὲνιός
2754 804 2838 843 τις
2916 781 3252 855 Παγκράτιος
3310 777 3574 852 τοῦνομα,
3634 778 3693 831 ἐκ
3744 783 3852 832 τῶν

451 870 521 923 de
571 870 766 924 causis
818 871 1090 926 sultanus
1148 875 1401 944 graviter
1458 874 1799 945 indignatus
1851 873 2061 928 ulteriu

2240 871 2435 925 υόντων
2502 871 2882 946 ὑποσχόμενος
2936 871 3004 924 τά
3060 867 3231 924 ἔκιῖσι
3289 868 3660 941 στρατεύματα
3711 865 3850 921 διοι-

406 955 410 958 ’
448 961 717 1031 progredi
751 962 1043 1017 desistens
1076 964 1146 1017 ad
1180 966 1390 1019 Anium
1425 982 1691 1020 reversus
1722 970 1830 1032 est,
1863 972 1918 1020 et
1950 983 2016 1035 pa

2245 965 2340 1014 εῖν.
2401 963 2509 1017 Τοῦ
2575 957 2631 1014 δὲ
2679 959 2980 1014 σουλτάνου
3022 962 3131 1030 (12)
3184 958 3497 1033 παριόντος,
3556 958 3631 1029 μὴ
3669 957 3855 1027 μέντοι

449 1050 530 1103 eis
562 1050 769 1104 diebus
800 1056 925 1105 tum
961 1052 1155 1121 ipsum
1193 1055 1420 1117 Anium,
1457 1058 1584 1108 tum
1618 1054 1868 1108 ﬁnitima
1899 1054 2055 1108 omni

2248 1070 2268 1102 ε
2327 1047 2737 1121 πημαινολένου
2793 1050 2892 1116 τήν
2948 1049 3135 1123 χώραν
3194 1048 3293 1116 τήν
3354 1047 3690 1118 Ῥωμαϊκὴν,
3749 1050 3858 1100 τῶν

450 1138 573 1192 loca
638 1138 696 1193 in
766 1158 929 1194 suam
1004 1148 1349 1212 potestatem
1424 1145 1658 1197 redacta
1715 1149 1771 1197 et
1827 1143 2055 1213 praesidi

2235 1138 2330 1208 περὶ
2386 1139 2475 1191 τὸν
2538 1137 2875 1213 Παγκράτιον
2949 1135 3180 1206 ἐξιόντες
3237 1136 3377 1198 τινες
3434 1136 3532 1203 τὴν
3591 1134 3845 1209 οὐραγίαν

450 1226 725 1298 imposito
758 1230 981 1282 munita
1013 1246 1077 1283 ac
1108 1230 1355 1285 ducibus
1387 1231 1610 1285 idoneis
1646 1232 1856 1285 tradita
1889 1236 2060 1285 Roma

2242 1231 2301 1279 οὗ
2359 1224 2717 1281 σουλτανικοῦ
2786 1222 3149 1296 στρατοπέδου
3220 1223 3459 1279 ἐσίνοντο
3534 1224 3623 1277 καὶ
3692 1224 3852 1277 κατά-

454 1332 660 1370 norum
713 1317 924 1371 exemit
976 1318 1241 1382 imperio.
1297 1318 1425 1373 Haec
1455 1320 1632 1390 igitur
1672 1322 1733 1375 in
1784 1321 1891 1373 hoc
1942 1325 2064 1374 stat‘

2244 1337 2411 1370 αινον.
2476 1318 2625 1392 [815]
2682 1317 2795 1392 Ἐφ’
2855 1317 2935 1376 οἷς
2983 1314 3075 1368 καὶ
3136 1312 3484 1383 ὃυσθυμήσας
3542 1314 3569 1366 ὁ
3622 1309 3853 1365 σουλτά-

454 1410 641 1471 erant,
674 1410 731 1457 et
761 1409 941 1459 tantis
972 1407 1257 1461 vexationi
1311 1408 1558 1462 obnoxia
1605 1415 1769 1463 erant
1802 1410 2062 1463 Romano

2240 1426 2296 1466 ος
2330 1404 2512 1479 ἐφίησι
2542 1410 2638 1459 τοῦ
2686 1407 2873 1478 πρόσω
2922 1404 3079 1460 ἱὲναι.
3127 1403 3273 1477 Πρὸς
3321 1403 3383 1456 τὸ
3416 1404 3603 1456 ’Ἄνιον
3637 1398 3693 1454 δὲ
3724 1401 3850 1464 ἀνθ-

454 1510 581 1546 rum
614 1492 741 1547 loca
770 1494 827 1547 in
861 1495 1001 1548 Asia
1049 1501 1105 1549 et
1136 1496 1192 1547 in
1228 1497 1386 1549 omni
1420 1496 1672 1550 Orientis
1722 1498 1955 1567 regione
1990 1515 2001 1551 :
2039 1497 2064 1549 i:

2242 1496 2521 1567 πὲστρεψε,
2555 1494 2642 1547 καὶ
2676 1492 2744 1547 δι’
2776 1493 2975 1567 ὀλίγων
3028 1490 3247 1565 ἡμερῶν
3293 1491 3423 1545 αὐτό
3484 1511 3542 1545 τε
3571 1491 3633 1544 τὸ
3663 1496 3850 1543 ’Ἄνιον

452 1581 761 1636 Occidente
818 1600 950 1637 vero
1020 1584 1173 1638 circa
1227 1585 1453 1638 tertiam
1506 1585 1905 1649 indictionem,
1962 1602 2062 1639 cur

2242 1583 2293 1635 αἱ
2361 1584 2425 1636 τὰ
2481 1582 2603 1657 περὶ
2647 1582 2777 1636 αὐτὸ
2852 1582 3025 1635 πάντα
3089 1579 3592 1656 περιποιησάμενος
3642 1576 3852 1652 στρατῷ

454 1677 770 1740 praeessent
801 1672 1030 1742 Oppidis
1054 1673 1123 1725 ad
1162 1672 1376 1726 Istrum
1413 1673 1650 1726 ﬂuvium
1672 1674 1803 1727 sitis
1824 1673 2064 1743 magiste

2250 1691 2263 1724 ι
2322 1671 2630 1745 ὀχυρώσας,
2682 1672 2768 1724 καὶ
2850 1674 3140 1744 τρατηγοῖς
3210 1665 3516 1741 ἀξιολόγοις
3569 1668 3636 1720 τὰ
3686 1663 3860 1720 ἐκεῖσε

454 1759 704 1813 Basilius
757 1766 1053 1831 Apocapes
1104 1765 1157 1815 et
1205 1761 1485 1832 magister
1536 1762 1893 1832 Nicephorus
1934 1763 2064 1816 Bota

2252 1757 2499 1832 αραόοὺς,
2552 1762 2649 1823 τῆς
2704 1763 2815 1812 τῶν
2875 1758 3157 1829 Ῥωμαίων
3207 1755 3547 1831 ἐπικρατείας
3606 1753 3738 1809 αὐτό
3796 1773 3862 1807 τε

452 1848 658 1902 niates.
734 1848 979 1903 Uzorum
1050 1850 1206 1903 natio
1275 1850 1358 1920 (bi
1427 1851 1602 1904 etiam
1682 1857 1821 1905 sunt
1888 1867 2062 1921 gener

2246 1849 2295 1901 αἱ
2351 1850 2449 1915 τήν
2512 1849 2637 1902 αὑτὸ
2718 1846 2903 1922 χώραν
2972 1847 3353 1921 ἀπεστέρησεν.
3414 1844 3548 1918 Εἶχε
3605 1843 3697 1916 μὶν
3757 1841 3854 1895 οὖν

2246 1938 2272 1948 .,
2474 1943 2499 1948 _
2723 1939 2732 1948 .
2847 1937 2859 1948 .
3108 1940 3131 1948 -
3421 1932 3440 1948 η
3510 1934 3523 1948 κ
3627 1933 3731 1948 nm
3838 1931 3852 1948 η

453 1937 697 2008 Scythae,
751 1944 807 1993 et
857 1939 1179 1992 Patzinacis
1237 1938 1551 1994 nobiliores
1609 1946 1661 1994 et
1722 1939 2062 1993 multitudiu

2253 1938 2355 1992 3m)
2406 1943 2592 2006 ταῦτα,
2649 1939 2736 1991 καὶ
2817 1937 2891 1996 εἷς
2973 1940 3229 1989 τοσιῦτον
3321 1932 3561 2005 σκυλμὸν
3620 1933 3735 2002 (13)
3793 1931 3863 1983 τὰ

452 2027 803 2097 superiores)
835 2044 963 2081 cum
1000 2033 1120 2081 tota
1149 2035 1319 2098 gente
1347 2033 1402 2081 et
1436 2028 1685 2099 propriis
1718 2029 2062 2099 impedimer

2244 2028 2486 2100 δωμαϊκά
2536 2046 2862 2101 περιηγοντο
2918 2026 3053 2078 κατά
3110 2045 3168 2077 τε
3216 2023 3315 2090 τήν
3370 2022 3557 2076 Ἀσίαν
3612 2021 3699 2074 καὶ
3754 2021 3854 2089 τήν

452 2115 528 2169 tis
580 2117 932 2170 transmisso
986 2117 1132 2170 Istro
1189 2115 1377 2187 longis
1429 2117 1675 2171 navibus
1722 2125 1775 2171 et
1822 2116 2031 2171 lembis

2248 2116 2387 2186 λλην
2443 2122 2614 2170 πᾶσαν
2679 2111 3003 2183 Ἀνατολήν.
3035 2114 3120 2167 Ἐν
3166 2110 3221 2167 δὲ
3268 2115 3335 2185 τῇ
3394 2110 3546 2165 Δύσιι
3596 2110 3735 2163 κατά
3754 2109 3854 2175 τὴν

456 2205 695 2259 caudice
726 2210 923 2259 cavato
966 2206 1129 2258 factis
1163 2210 1220 2259 et
1250 2205 1502 2271 utribus,
1537 2206 1752 2260 milites
1782 2206 2066 2260 transitur

2247 2205 2396 2281 ρίτην
2438 2202 2772 2270 ίνδικτιῶνα,
2832 2202 3114 2277 ἀρχόντων
3171 2206 3278 2255 τῶν
3338 2200 3460 2274 περὶ
3509 2199 3597 2252 τὸν
3646 2198 3857 2271 Ἴστρον

456 2293 855 2363 prohibentes,
891 2295 1169 2363 Bulgaros
1216 2295 1451 2364 inquam
1506 2300 1561 2348 et
1594 2294 1883 2349 Romanos
1914 2300 1969 2349 et
2000 2312 2066 2365 qu

2243 2294 2456 2365 τοταμὸν
2514 2297 2611 2347 τοῦ
2674 2290 2972 2367 μαγίσορου
3043 2288 3331 2346 Βασιλείου
3386 2292 3482 2342 τοῦ
3537 2286 3853 2343 Ἀπιικάπου

456 2398 589 2436 cum
650 2382 795 2452 ipsis
858 2388 1041 2447 erant,
1103 2384 1294 2437 statim
1359 2383 1744 2450 debellarunt,
1803 2400 1867 2437 ac
1923 2385 2066 2439 duce

2246 2384 2297 2437 αὶ
2348 2387 2443 2436 τοῦ
2497 2381 2794 2455 μαγίστρου
2844 2380 3158 2457 Νικηφόρου
3215 2382 3309 2432 τοῦ
3369 2376 3746 2442 Βοτανειάτου,
3790 2376 3852 2429 τὸ

456 2469 718 2540 ipsorum
752 2471 1032 2525 Basilium
1065 2474 1388 2542 Apocapem
1412 2477 1469 2526 et
1501 2472 1889 2542 Nicephorum
1924 2472 2063 2525 Bota

2244 2476 2313 2525 ὢν
2347 2467 2534 2538 Οὕζων
2567 2469 2713 2531 ἔθνος
2777 2469 2946 2543 (γένος
3017 2465 3073 2522 δὲ
3129 2467 3220 2522 καὶ
3274 2465 3423 2521 οὗτοι
3472 2466 3733 2519 Σκυθικὸν
3764 2464 3854 2517 καὶ

460 2558 675 2612 niatem
729 2562 984 2629 captivos
1026 2562 1338 2623 abduxere,
1372 2576 1724 2631 omnemque
1776 2562 1846 2616 ad
1884 2562 2070 2615 Istrun

2242 2566 2312 2613 ὧν
2344 2561 2690 2628 ΙΙατζινάκων
2734 2557 3102 2633 εὐγενέστερόν
3159 2578 3215 2611 τε
3267 2554 3356 2609 καὶ
3402 2553 3852 2623 πολυπληθὲστε-

457 2647 761 2718 planitiem
812 2649 1197 2719 complerunt.
1248 2651 1586 2704 Excreverat
1631 2650 1786 2705 enim
1820 2651 1997 2716 natio,
2035 2668 2067 2704 u

2245 2656 2323 2718 ον)
2382 2648 2634 2723 παγγενεὶ
2717 2648 2849 2719 μετά
2928 2649 3027 2714 τῆς
3111 2645 3313 2706 οἰκείας
3398 2645 3704 2711 ἀποσκευῆς
3762 2642 3855 2695 τὸν

457 2736 493 2790 ii
528 2736 627 2806 qui
660 2737 922 2791 viderant
953 2740 1400 2804 confirmabant,
1435 2740 1502 2793 ad
1557 2746 1830 2794 sexcenta
1862 2739 2063 2794 bellico

2242 2741 2416 2807 [στρον
2477 2737 2773 2811 περαιωθὲν
2833 2734 3018 2805 ξύλοις
3079 2739 3308 2806 μακροῖς
3356 2732 3445 2787 καὶ
3497 2726 3728 2805 λέμϐοις
3763 2728 3852 2783 αὖ·

455 2842 653 2880 sorum
689 2826 943 2880 virorum
980 2827 1182 2881 millia.
1217 2829 1284 2881 Et
1314 2830 1578 2897 quaedam
1614 2830 1765 2882 haud
1800 2830 1948 2885 655
1988 2830 2062 2882 mi

2240 2828 2532 2902 οπρίμνοις
2596 2829 2702 2895 (14)
2757 2825 2847 2879 καὶ
2928 2825 3171 2897 βύρσαις,
3240 2821 3366 2883 τοὺς
3442 2818 3850 2880 διακωλύοντας

458 2915 617 2968 nima
650 2933 783 2985 pars
808 2917 1066 2985 ipsorum
1094 2917 1279 2970 divisa
1304 2934 1489 2988 usque
1520 2918 1587 2971 ad
1616 2917 2068 2972 Thessalonicam

2239 2925 2301 2986 ἧν
2356 2916 2529 2970 αότῶν
2590 2914 2878 2989 περαίωσιν
2962 2913 3314 2988 στρατιώτας,
3384 2909 3731 2983 Βουλγάρους
3788 2908 3849 2962 τὲ

453 3008 510 3057 et
539 3003 726 3072 ipsam
761 3003 1037 3060 Graeciam
1082 3004 1314 3074 irrupit,
1346 3012 1403 3059 et
1433 3006 1600 3060 obvia
1643 3006 1841 3060 omnia
1871 3007 2063 3061 vexavi

2232 3028 2346 3078 »ημι
2390 3007 2479 3059 καὶ
2537 3002 2844 3075 Ῥωμαίους
2918 3003 3006 3057 καὶ
3073 3000 3302 3062 λοιπούς
3360 3001 3486 3061 τοὺς
3544 2999 3696 3059 ὄντας
3751 2996 3842 3051 σὺν

455 3093 839 3163 diripuitque,
893 3093 1122 3147 inﬁnita
1173 3095 1377 3148 abacta
1428 3095 1637 3164 praeda.
1688 3096 1795 3149 Sed
1848 3112 1980 3149 cum
2035 3097 2065 3149 ii

2233 3094 2408 3161 ὐτοῖς,
2458 3089 2900 3166 κατηγωνίσαντο
2949 3087 3256 3167 αἰφνιδίως,
3302 3088 3391 3142 καὶ
3451 3087 3579 3148 τοὺς
3637 3085 3843 3159 ἡγεμό-

451 3182 851 3237 vehementem
902 3182 1133 3237 hiemen
1182 3182 1503 3249 incidisset,
1554 3185 1788 3254 quando
1836 3186 1907 3238 ad
1953 3202 2058 3239 suo

2231 3205 2291 3244 ας
2348 3182 2522 3236 αὐτῶν
2579 3182 2671 3235 τόν
2725 3202 2783 3234 τε
2837 3179 3152 3248 Ἀποκάπην
3231 3177 3515 3232 Βασίλειον
3591 3176 3681 3229 καὶ
3746 3175 3840 3228 τὸν

453 3270 699 3335 redibat,
725 3289 836 3325 non
862 3270 1050 3326 solum
1084 3271 1271 3325 aliena
1294 3273 1390 3327 sed
1417 3273 1591 3326 etiam
1626 3290 1731 3327 sua
1755 3274 1871 3326 fere
1894 3273 2063 3327 omni:

2234 3274 2557 3341 ιοτανειάτην
2646 3268 2954 3345 Νικηφόρον
3063 3265 3457 3341 αἰχμαλώτους
3533 3265 3844 3339 ἀπήγαγον,

453 3360 671 3421 amisit,
706 3366 762 3413 et
794 3360 1112 3414 infortunio
1146 3365 1380 3430 accepto
1407 3362 1464 3415 in
1497 3366 1691 3415 castra
1721 3376 1951 3416 reversa
1982 3368 2063 3415 est

2240 3362 2291 3416 αὶ
2323 3363 2420 3428 τὴν
2449 3360 2572 3434 περὶ
2599 3359 2692 3414 τὸν
2730 3365 2942 3431 Ἵστρον
2974 3363 3145 3411 πᾶσαν
3180 3354 3509 3429 ἐπλήρωσαν
3543 3352 3807 3427 ὕπαιθρον
3833 3372 3844 3383 ·

453 3448 773 3519 Imperator
804 3454 996 3503 autem
1028 3450 1097 3503 de
1130 3466 1331 3504 eorum
1366 3449 1740 3504 multitudine
1772 3452 1981 3506 certior
2013 3451 2063 3505 fa

2247 3454 2564 3505 ›νεποσοῦτο
2646 3448 2749 3522 γὰρ
2806 3448 2866 3501 τὸ
2926 3442 3100 3513 ἔθνος,
3177 3447 3249 3507 ὡς
3310 3445 3362 3498 oi
3424 3440 3625 3504 εἰδότες
3686 3438 3857 3497 διεϐε-

453 3543 582 3591 ctus
613 3538 985 3593 cruciabatur
1015 3537 1210 3592 animo
1240 3544 1296 3592 et
1322 3555 1471 3609 aegre
1507 3539 1745 3603 ferebat,
1779 3540 2063 3594 exercitum

2247 3544 2477 3605 αιοῦντο,
2541 3537 2616 3599 εἷς
2675 3538 2937 3607 ἑξήκοντα
3000 3532 3267 3609 μυριάδας
3333 3532 3595 3607 μαχίμῶν
3645 3529 3857 3606 ἀνδρῶν

453 3632 652 3681 tamen
685 3644 886 3694 cogere
917 3633 975 3682 et
1006 3628 1246 3682 idoneas
1294 3627 1491 3697 copias
1537 3634 1740 3682 contra
1768 3628 1929 3698 ipsos
1962 3629 2063 3682 mit

2249 3629 2292 3683 ιὶ
2331 3627 2703 3699 πολεμιστῷν.
2736 3631 2921 3698 Μοῖρα
2967 3623 3024 3679 δέ
3073 3645 3156 3685 τις
3207 3622 3383 3676 αὐτῶν
3443 3620 3540 3675 οὐκ
3588 3619 3859 3694 ἐλαχίστη

457 3719 578 3768 tere
644 3717 1052 3781 cunctabatur,
1121 3732 1185 3769 ac
1249 3717 1447 3786 segnis
1512 3720 1655 3781 erat,
1728 3722 1790 3770 ut
1854 3718 2067 3787 quidan

2255 3717 2407 3772 n3er
2470 3716 2846 3787 ἀποτμηθεῖσα
2904 3710 3035 3787 ἄχρι
3091 3708 3490 3779 Θεσσαλονίκης
3545 3708 3634 3762 καὶ
3694 3708 3865 3773 αὐτῆς

456 3803 707 3868 aiebant,
750 3805 1088 3873 sumptibus
1138 3822 1381 3875 parcens
1417 3821 1428 3858 ε
1465 3810 1588 3859 erat
1634 3806 1812 3867 enim,
1847 3812 1909 3859 ut
1951 3807 2066 3860 dixi

2251 3803 2473 3867 ἶλλάδος
2504 3804 2818 3878 εἶσήρῥησε,
2876 3801 2963 3857 καὶ
3006 3807 3109 3855 πᾶν
3165 3800 3228 3855 τὸ
3273 3799 3585 3874 προσουχὸν
3637 3795 3861 3851 κατιλυ-

456 3909 611 3959 mus,
646 3910 876 3960 avarus,
909 3900 963 3947 et
998 3909 1304 3947 nummum
1345 3894 1619 3947 omnibus
1653 3895 1827 3948 rebus
1860 3900 2066 3965 antepo

2254 3898 2428 3965 ήνατο
2459 3893 2548 3947 καὶ
2594 3892 2859 3967 ὶκεράίἱσε,
2910 3890 2999 3944 καὶ
3046 3887 3195 3942 λείαν
3242 3886 3442 3956 ἤλασεν
3491 3885 3588 3940 οὐκ
3619 3886 3861 3959 ἀριθμη-

458 3983 633 4036 nebat
662 3998 674 4036 :
711 3988 775 4035 ut
804 3998 936 4035 vero
969 3981 1085 4045 alii,
1120 3982 1273 4051 quod
1326 3998 1440 4034 non
1475 3982 1790 4037 conﬁderet
1819 3984 2063 4037 adversu

2251 3986 2329 4052 ἦν.
2389 3985 2629 4054 Χειμῶνι
2688 3978 2744 4035 δὲ
2792 3998 3239 4051 περιπεπτωκυια
3297 3972 3523 4046 πολλῷ,
3583 3973 3673 4028 ὅτε
3724 3974 3861 4049 πρὸς

458 4072 653 4123 tantas
701 4069 851 4123 vires
905 4086 1074 4138 posse
1123 4069 1243 4123 acie
1286 4069 1583 4124 decertare
1631 4088 1642 4125 :
1694 4089 1897 4127 omnes
1942 4073 2068 4127 enin

2250 4073 2333 4134 οὺς
2393 4074 2677 4150 σφετέρους
2730 4070 3071 4146 ὑπέστρεφεν,
3114 4068 3179 4122 οὐ
3233 4065 3397 4150 μόνον
3456 4064 3522 4118 τὰ
3567 4062 3860 4137 ἀλλότρια,

459 4157 799 4210 asserebant
842 4158 1306 4211 adversariorum
1347 4157 1781 4214 multitudinem
1813 4161 2069 4232 inexpug

2252 4161 2358 4217 λλά
2407 4148 2495 4216 καὶ
2554 4162 2622 4215 τὰ
2679 4158 2873 4227 ἑαυτῆς
2928 4155 3125 4232 σχεδὸν
3194 4148 3460 4209 ἀπέϐαλεν
3513 4150 3739 4219 ἅπαντα,
3771 4152 3862 4205 καὶ

460 4244 1136 4316 nabilem.omnibusque
1153 4246 1535 4316 impossibilis
1551 4249 1867 4319 redemptio
1885 4251 2070 4306 ducun

2259 4251 2487 4325 ιιστυχής
2538 4248 2615 4312 είς
2659 4249 2759 4317 τήν
2836 4240 3202 4319 παρεμϐολὴν
3260 4242 3617 4313 ἰπανέζιυξεν.
3677 4241 3741 4297 Ὀ
3811 4237 3869 4293 Si

458 4333 786 4398 videbatur,
819 4340 875 4387 et
901 4335 969 4388 de
1002 4335 1489 4404 migrationejam
1531 4336 1726 4406 plures
1746 4339 2068 4409 cogitabant

2255 4338 2472 4399 ασιλεὺς
2504 4336 2910 4409 πυνθανόμενος
2938 4334 3061 4407 περὶ
3106 4337 3202 4387 τοῦ
3233 4330 3565 4402 πληθυσμοῦ
3605 4326 3865 4404 ἤσχαλλε

464 4421 786 4490 Imperator
833 4427 1026 4476 autem
1063 4423 1264 4478 missis
1318 4422 1521 4495 legatis
1552 4427 1622 4479 ad
1681 4426 1971 4498 principes
2003 4447 2074 4483 na

2262 4429 2311 4482 ὲν
2341 4428 2426 4481 καὶ
2462 4424 2754 4498 ἠδημόνει,
2783 4423 3033 4499 στρατιὰν
3084 4422 3141 4476 δὲ
3196 4421 3445 4495 ἀθροῖσαι
3492 4418 3581 4473 καὶ
3614 4415 3872 4490 δυνάμεις

460 4511 638 4564 tionis
672 4511 955 4575 tentabat,
987 4512 1036 4565 si
1090 4512 1244 4567 factu
1294 4513 1573 4582 possibile
1603 4520 1777 4579 esset,
1812 4517 1971 4587 ipsos
2004 4520 2070 4572 ab

2258 4515 2549 4590 Ξιομάχους
2581 4514 2790 4590 ἀφεῖναι
2845 4512 2960 4566 κατ’
3020 4510 3194 4564 αὐτῶν
3264 4506 3623 4581 ὀκνηρότερος
3672 4506 3868 4574 ἧν,ὡς

462 4601 672 4655 ducere
703 4606 759 4654 et
809 4600 919 4655 sibi
971 4601 1303 4670 conciliare,
1352 4602 1556 4657 multis
1601 4604 1800 4658 missis
1850 4609 2072 4662 muneri

2257 4604 2315 4659 ,ἐν
2343 4625 2483 4664 τινες
2535 4600 2743 4676 ἔλεγον,
2788 4606 2897 4655 τῶν
2949 4598 3322 4671 ἀναλωμάτων
3380 4593 3559 4680 φειδοῖ
3614 4596 3698 4667 (ἦν
3739 4595 3867 4667 γὰρ,

463 4690 590 4757 bus,
652 4689 866 4758 quibus
916 4690 1323 4759 delinirentur,
1358 4696 1535 4761 atque
1588 4692 1730 4747 adeo
1778 4692 2006 4765 aliquos
2048 4715 2073 4752 e

2261 4714 2299 4754 ις
2357 4690 2579 4768 ἔφαμεν,
2642 4688 3067 4767 φιλοχρήματος
3129 4687 3217 4741 καὶ
3269 4688 3359 4740 τὸν
3418 4679 3615 4738 ὀϐολὸν
3668 4684 3871 4743 παντὸς

462 4779 605 4849 ipsis
629 4779 846 4835 crebris
872 4779 1171 4833 beneﬁciis
1199 4784 1518 4847 exceperat.
1538 4782 1642 4833 Sed
1662 4783 1816 4835 natio
1837 4784 2072 4841 maxime

2268 4782 2554 4855 ροτιμῶν),
2590 4779 2666 4840 ὡς
2716 4775 2760 4831 δ’
2823 4774 2977 4847 ἔνιοι,
3032 4777 3107 4847 μὴ
3156 4773 3474 4849 ἀπσθαρῥῶν
3501 4772 3639 4847 πρὸς
3667 4772 3872 4826 τοσαύ-

461 4877 517 4924 et
548 4870 762 4923 idcirco
796 4869 1056 4939 quotidie
1091 4868 1471 4937 irruptionem
1520 4869 1757 4938 faciens,
1792 4878 1857 4925 ut
1888 4874 2071 4944 stipeu

2261 4892 2319 4940 ην
2351 4868 2509 4944 ἰσχὺν
2564 4866 3083 4939 ἀντιπαρατάξασθαι
3123 4883 3135 4896 '
3190 4862 3421 4922 ἅπαντες
3450 4862 3552 4935 γὰρ
3582 4860 3871 4935 ἀπρόσμα-

460 4958 621 5012 dium
676 4957 817 5010 illud
876 4957 1135 5018 haberet,
1174 4957 1228 5009 in
1290 4957 1507 5011 multas
1561 4957 1845 5021 Bulgarize
1893 4972 2070 5031 parte!

2258 4980 2323 5031 ,ον
2385 4959 2447 5011 τὸ
2494 4961 2600 5011 τῶν
2660 4955 2911 5010 ἆναντίων
2987 4951 3201 5022 πλῆθος
3272 4949 3705 5026 διισχυρίζοντο,
3778 4950 3868 5005 καὶ

451 5048 577 5117 jam
614 5048 799 5117 ipsam
836 5062 1067 5116 quoque
1092 5045 1399 5099 Thraciam
1422 5052 1478 5098 et
1498 5045 1891 5101 Macedoniam
1919 5066 2061 5121 eppr

2261 5048 2505 5120 μήχανος
2554 5042 2726 5099 ἐδόκει
2782 5049 2944 5098 πᾶσιν
2995 5044 3030 5110 ἡ
3092 5040 3385 5115 λύτρωσις,
3443 5039 3533 5093 καὶ
3588 5039 3871 5111 μετοικίαν

458 5136 675 5189 mebat.
710 5135 830 5189 Non
867 5136 1057 5189 ferens
1081 5140 1275 5188 autem
1300 5136 1561 5189 convicia
1589 5135 1926 5205 imperator,
1950 5156 2064 5209 quo

2265 5134 2322 5205 5η
2358 5136 2409 5189 οἱ
2440 5133 2665 5195 πλείους
2697 5127 3077 5187 ἐϐουλεύοντο.
3114 5130 3175 5187 Ὀ
3207 5127 3263 5182 δὲ
3298 5126 3549 5203 βασιλεὺς
3580 5122 3875 5201 πρεσϐείαν

458 5225 528 5281 ab
588 5226 863 5279 omnibus
931 5223 1119 5294 palam
1191 5230 1250 5277 ut
1315 5240 1524 5279 avarus
1592 5231 1766 5295 atque
1828 5229 2067 5283 sordidu

2270 5225 2355 5297 σὸς
2400 5222 2528 5284 τοὺς
2588 5220 2854 5294 ἐθνάρχας
2938 5219 3111 5274 αὐτῶν
3170 5215 3444 5279 ἐστάλκὼς
3493 5213 3745 5290 ἐπειρᾶτο
3804 5218 3880 5279 ὡς

1769 5333 2017 5389 JACOBI
2059 5333 2275 5391 GOARI
2315 5332 2545 5386 NOT/E.

538 5433 646 5503 (l2)
705 5433 927 5488 Sullani
986 5431 1332 5504 vocabulum
1388 5430 1719 5504 ‘Cedrenu‘s
1778 5432 2110 5504 signiﬁcare
2221 5429 2517 5504 dominus.
2554 5430 2639 5483 Ita
2670 5423 3082 5504 Leunclavius.

464 5492 608 5560 dicit
634 5492 1069 5577 ’παντοκράτορα
1116 5502 1204 5556 καὶ
1261 5499 1503 5577 βασιλέα
1538 5492 1984 5577 βασι)κέων,υίιοο
2022 5522 2074 5577 es

2293 5500 2406 5571 (13)
2441 5507 2585 5577 Lego
2615 5494 3020 5577 κατακλυσμόν,
3066 5512 3181 5566 qua
3220 5492 3659 5577 “vocemoderni
3692 5509 3881 5575 nego-

461 5564 877 5647 imperatorem
908 5583 963 5631 ct
996 5564 1189 5646 regem
1220 5564 1445 5648 regum.
1481 5564 1756 5648 A'Turcis
1782 5564 2111 5648 jamgvulgo
2222 5564 2769 5648 tioirumjnfgentem
2802 5564 3766 5648 prlecellam‘solent'interpretari.

461 5635 567 5721 pra}
619 5649 857 5703 domino
909 5635 1232 5720 usurpatur
1257 5635 1381 5713 fet
1428 5661 1642 5701 nomen
1684 5635 1802 5701 hoc'
1842 5635 2114 5719 princeps
2294 5642 2409 5787 £14)
2435 5635 2729 5698 Ced'renus
2763 5635 2822 5695 et
2850 5637 3269 5695 Constantinus
3316 5635 3381 5691 de
3409 5636 3568 5691 Adm.
3598 5636 3737 5708 Imp.
3772 5654 3881 5708 μο-

461 5735 667 5779 eorum
714 5718 892 5777 habet
936 5718 1053 5775 κατ’
1108 5714 1304 5787 ἐξοχὴν
1356 5732 1463 5774 ceu
1506 5714 1669 5777 solus
1720 5720 1779 5780 et
1822 5717 2116 5787 maximus
2224 5711 2287 5770 νό
2321 5709 2426 5769 νλα
2451 5715 2684 5773 vocant.

2224 5731 2250 5770 ν

459 5709 667 5779 eorum
714 5718 892 5777 habet
936 5709 1074 5775 m1"
1108 5709 1304 5794 ἆξοχῆν
1356 5732 1463 5774 ceu
1506 5714 1669 5777 solus
1720 5720 1779 5780 et
1822 5709 2069 5793 ῥαιίωί

1108 5709 1304 5794 ἰξοχὴν
1356 5732 1463 5774 ceu
1506 5714 1669 5777 solus
1720 5720 1779 5780 et
1822 5709 2116 5793 maximus
2224 5709 2426 5787 νόενλα
2451 5715 2683 5773 vocant.
