4078 6336
173 362 267 423 385

1656 356 2054 420 HISTORIA.

3441 355 3560 418 386

179 493 271 550 οἷόν
321 514 379 548 τε
434 496 781 568 παρενεγκεῖν
842 490 1036 552 αὖτοὺς
1071 489 1160 546 καὶ
1217 490 1587 559 καταστεῖλαι,
1619 489 1805 547 πολλὰ

1940 492 2318 547 ncessebatur
2354 495 2413 546 et
2451 491 2860 560 accusabatur,
2892 490 3052 562 regia
3101 492 3245 546 urbe
3288 506 3560 561 egressus

180 584 371 644 τούτοις
427 578 754 642 ἀποστείλας
815 579 1075 655 ἐπαγωγὰ
1131 580 1221 634 καὶ
1281 579 1805 657 θελκτήριαοχαρί-

182 694 322 745 σμασι
353 673 456 747 γὰρ
486 671 660 732 ένίους
693 669 867 724 αὐτῶν
921 667 1111 744 ἀδροῖς
1169 665 1509 742 ἐδεξιώσατο.
1544 669 1806 744 Μέγιστον

184 760 228 816 δὲ
254 758 396 822 ἔθνος
425 762 510 832 ὃν,
541 759 631 814 καὶ
666 757 754 813 διὰ
797 762 958 813 τοῦτο
1012 758 1149 830 πρὸς
1204 760 1473 832 πορισμὸν
1533 757 1808 832 ὁσημέρας

180 850 652 926 έπίρῥηγνύμενον,
687 848 738 902 ἐν
772 846 1007 908 πολλοῖς
1061 849 1244 921 μέρεσι
1301 848 1398 915 τήν
1448 845 1809 921 Βουλγαρίαν,

182 945 248 1010 [Ρ.
295 943 418 1008 816]
451 935 562 1008 ἤδη
618 935 675 991 δε
703 938 802 1006 τήν
833 957 890 990 τε
921 936 1136 1012 Θρᾴκην
1196 938 1285 991 καὶ
1334 937 1432 1005 τήν
1481 933 1814 991 Μακεδονίαν

181 1023 461 1092 συνέθλιϐε.
527 1029 619 1094 Μή
682 1026 856 1102 φέρων
909 1023 966 1078 δέ
1017 1026 1044 1078 ὁ
1111 1023 1365 1100 βασιλεὺς
1422 1025 1488 1079 τὰ
1545 1024 1815 1098 λεγόμενα

183 1115 376 1190 (ἀνέδην
407 1117 509 1190 γὰρ
540 1115 691 1189 παρὰ
719 1112 932 1167 πάντων
967 1115 1041 1175 ὡς
1088 1110 1358 1190 φειδωλὸς
1405 1114 1494 1168 καὶ
1545 1113 1814 1188 γλίσχρος

181 1203 434 1277 διεσύρετό
495 1224 553 1258 τε
610 1203 700 1256 καὶ
761 1197 1108 1274 διεϐάλλετο)
1142 1196 1301 1271 ἔξεισι
1349 1209 1448 1271 τῆς
1509 1199 1812 1276 βασιλίδος,

183 1292 257 1346 καὶ
309 1291 431 1366 περὶ
490 1295 582 1345 τὸν
642 1290 811 1345 τόπον
874 1291 932 1350 ’ὸς
993 1285 1371 1365 Χοιροϐάκχοι
1422 1289 1668 1346 καλεῖται
1713 1291 1811 1358 τήν

182 1383 362 1451 σκηνήν
428 1382 718 1454 πήγνυσιν,
773 1379 834 1433 ού
893 1376 1120 1441 πλείους
1191 1384 1301 1434 τῶν
1358 1380 1546 1433 ἑκατὸν
1611 1380 1814 1447 πεντή-

179 1491 322 1524 κοντα
392 1473 741 1542 στρατιωτῶν
819 1462 1158 1540 ἑπαγόμενος
1236 1469 1355 1539 μεθ’
1406 1468 1631 1522 ἑαυτοῦ·
1694 1468 1814 1521 ὅθεν

183 1559 258 1612 καὶ
315 1556 552 1619 πολλοῖς
614 1557 906 1628 θαυμάζειν
966 1554 1121 1629 ἐπῄει
1181 1557 1329 1617 ὅπως
1382 1556 1517 1628 μετᾶ
1543 1556 1815 1610 τοσούτων

185 1645 466 1723 ἆνδραρίων
500 1646 638 1720 πρὸς
684 1645 954 1712 τοσαύτην
1014 1642 1231 1714 πληθὺν
1291 1642 1681 1700 ἀπεδειλίασεν.
1727 1646 1812 1697 Ἐν

183 1735 390 1806 τοιαύτῃ
450 1733 508 1788 δὲ
564 1737 879 1808 παρασκευῇ
940 1729 1094 1793 ὄντος
1153 1732 1317 1786 αὐτοῦ
1364 1733 1456 1786 καὶ
1502 1733 1625 1805 περὶ
1653 1753 1816 1786 συνα-

184 1832 350 1900 γωγῆς
412 1822 818 1898 βουλευομένου
870 1825 1121 1896 στρατοῦ,
1169 1817 1447 1896 δρομαίως
1493 1820 1817 1897 προσελθόν·

185 1933 258 1972 τις
283 1917 421 1972 τινες
453 1909 686 1981 έδήλουν
726 1915 807 1982 τῷ
860 1907 1076 1985 βασιλεῖ
1123 1911 1223 1979 τήν
1268 1930 1326 1964 τε
1373 1911 1480 1964 τῶν
1531 1909 1820 1985 ἡγεμόνων

185 1999 437 2076 λύτρωσιν
490 2000 582 2055 καὶ
650 2003 750 2054 τοῦ
821 1995 1004 2060 ἔθνους
1069 1999 1270 2060 παντὸς
1344 2000 1443 2067 τήν
1522 1999 1816 2066 ἀπώλειαν,

189 2088 464 2166 φράζοντες
494 2089 570 2149 ὡς
599 2089 650 2142 οἱ
686 2087 780 2160 μέν
824 2087 1094 2160 ἡγεμόνες
1146 2086 1320 2141 αὐτῶν
1373 2081 1633 2159 ἐμϐάντες
1691 2088 1818 2140 σκά-

189 2199 293 2254 φεσι
347 2179 439 2233 τὸν
500 2179 709 2252 Ἴστρον
778 2170 1154 2246 διαϐεϐήκασι,
1206 2175 1268 2228 τὸ
1347 2172 1404 2229 δὶ
1474 2173 1816 2252 περιλειφθὲν

184 2266 383 2334 πλῆθος
434 2267 589 2338 λιμῷ
634 2285 694 2319 τε
751 2264 840 2318 καὶ
891 2263 1074 2336 λοιμῷ
1128 2269 1244 2325 τοῖς
1288 2284 1345 2318 τε
1400 2266 1819 2339 παρακειμένοις

190 2355 514 2430 Βουλγάροις
614 2353 704 2408 καὶ
826 2352 1182 2421 Πατζινάκοις
1281 2353 1821 2426 καταπολεμηθέντες

188 2441 342 2516 ἄρδην
373 2442 689 2510 ἀπώλοντο,
723 2446 856 2496 Θεοῦ
902 2442 964 2496 τὸ
1010 2447 1114 2495 πᾶν
1171 2441 1559 2517 ἐργασαμένου.
1595 2443 1820 2516 Λέγεται

185 2533 273 2608 γὰρ
330 2533 402 2593 ὡς
458 2530 727 2606 ἀπογνοὺς
788 2531 814 2584 ὁ
879 2528 1130 2604 βασιλεὺς
1190 2527 1247 2582 tu
1298 2531 1536 2595 πάντων,
1569 2530 1820 2599 νηστείαν

187 2621 535 2696 παραγγείλας
612 2623 691 2690 τῷ
746 2639 804 2672 τε
858 2617 1062 2688 πλήθει
1133 2617 1221 2672 καὶ
1293 2618 1488 2690 ἑαυτῷ,
1549 2616 1820 2673 λιτανείαν

186 2709 358 2778 ἐκτενῆ
445 2709 772 2778 ἐποιήσατο,
858 2707 1022 2767 αὐτὸς
1103 2707 1262 2774 πεζὸς
1341 2707 1819 2782 συμπορευόμενος

189 2799 311 2869 μετὰ
360 2795 608 2871 δακρύων
696 2797 784 2851 καὶ
868 2795 1335 2869 συντετριμμένης
1405 2792 1645 2866 καρδίας,
1703 2796 1822 2858 καθ’

186 2888 239 2954 ἦν
287 2890 497 2963 ἡμέραν
559 2885 725 2963 ἐφάνη
784 2889 900 2944 τοῖς
955 2883 1006 2937 ἐν
1056 2887 1136 2955 τῷ
1187 2883 1481 2956 Τζουρολῷ
1510 2883 1821 2955 ἐσκηνωμέ-

186 2998 297 3036 νοις
371 2980 480 3029 τῶν
555 2972 740 3042 Ούζων
828 2971 1043 3041 πλῆθος
1137 2973 1521 3046 στρατιωτικὸν
1604 2972 1820 3027 ἐπιστὰν

187 3064 440 3139 ἐναέριον,
493 3061 737 3118 διᾶτττον
803 3062 893 3115 σὺν
967 3058 1201 3134 σπουδῇ,
1265 3059 1400 3135 βέλη
1478 3063 1590 3116 κατ’
1651 3061 1825 3116 αὐτῶν

182 3154 380 3231 ἀφιέναι
438 3159 666 3227 συνεχῆ,
719 3150 857 3204 ὥστε
913 3149 1120 3222 μηδένα
1176 3149 1226 3218 έξ
1286 3151 1462 3204 αύτῶν
1520 3150 1813 3222 ἀπομεῖναι

1916 581 1988 636 ad
2049 580 2237 634 locum
2291 580 2389 651 qui
2428 579 2810 636 Chcerobachi
2865 585 3106 635 vocatur
3162 581 3316 637 650
3371 587 3564 635 castra

1919 669 2103 740 ponit,
2135 669 2289 722 haud
2336 667 2532 740 plures
2571 674 2805 723 centum
2840 675 2897 723 et
2928 669 3370 740 quinquagenta
3401 669 3560 724 mili-

1918 758 2078 812 tibus
2135 775 2332 813 secum
2392 758 2710 825 adducens,
2756 774 2821 812 ex
2874 775 2986 829 quo
3038 758 3234 828 plures
3285 759 3563 814 admirari

1921 849 2216 918 quomodo
2248 863 2378 900 cum
2414 847 2573 900 hisce
2619 845 2992 900 homunculis
3026 847 3304 902 adversus
3334 851 3559 902 tantam

1922 935 2355 990 multitudinem
2410 935 2684 1004 congredi
2735 935 2991 989 auderet.
3025 935 3235 990 Verum
3287 953 3419 990 cum
3469 936 3566 992 ille

1922 1023 1979 1078 in
2016 1024 2420 1094 hujuscemodi
2450 1029 2729 1094 apparatu
2751 1028 3082 1078 versaretur
3110 1041 3175 1078 ac
3207 1026 3276 1080 de
3307 1027 3564 1096 cogendo

1923 1113 2175 1168 exercitu
2210 1110 2562 1175 consuleret,
2595 1112 2835 1180 quidam
2883 1113 2953 1166 ad
3003 1113 3196 1183 ipsum
3230 1120 3567 1170 accurentes

1923 1217 2239 1267 accessere,
2288 1207 2462 1270 atque
2511 1201 2689 1254 duces
2738 1201 3072 1272 redemptos
3122 1205 3466 1257 nuntiarunt
3513 1208 3570 1258 et

1923 1289 2104 1344 totius
2127 1289 2380 1343 nationis
2403 1288 3073 1353 interitum,asserentes
3099 1291 3274 1344 duces
3306 1292 3566 1363 ipsorum

1923 1377 2257 1432 conscensis
2290 1377 2539 1446 navigiis
2570 1379 2782 1431 Istrum
2830 1378 3252 1444 transmisisse,
3285 1380 3568 1450 reliquam

1923 1483 2057 1520 vero
2109 1466 2548 1519 multitudinem
2600 1469 2751 1519 tame
2792 1482 2856 1519 ac
2899 1473 3057 1537 peste
3106 1473 3163 1522 et
3216 1485 3248 1522 a
3299 1468 3569 1524 ﬁnitimis

1924 1554 2191 1624 Bulgaris
2222 1559 2275 1608 et
2307 1553 2629 1608 Patzinacis
2679 1555 3029 1609 debellatam
3075 1557 3339 1611 funditus
3387 1557 3569 1612 inter-

1925 1644 2085 1708 iisse,
2108 1643 2223 1697 Deo
2247 1659 2418 1696 omne
2449 1642 2589 1695 illud
2616 1660 2765 1714 opus
2796 1651 3164 1713 procurante.
3197 1647 3395 1700 Fertur
3416 1648 3569 1701 enim

1924 1731 2263 1802 imperator,
2295 1731 2620 1801 desperatis
2653 1733 2848 1800 rebus,
2882 1733 3161 1788 indixisse
3187 1720 3484 1804 jejunium
3517 1740 3574 1790 et

1926 1820 2037 1874 sibi
2086 1825 2143 1874 et
2193 1819 2430 1890 populo,
2470 1824 2527 1873 et
2576 1819 2846 1874 assiduas
2895 1821 3354 1892 supplicationes
3403 1824 3570 1877 adhi-

1926 1909 2146 1977 buisse,
2171 1909 2297 1979 ipse
2334 1909 2510 1978 pedes
2541 1907 2720 1962 simul
2751 1925 2880 1963 cum
2919 1909 3187 1982 lacrymis
3211 1913 3486 1966 incedens
3517 1918 3574 1967 et

1927 1999 2178 2053 contrito
2227 1998 2416 2052 corde.
2445 1997 2569 2062 Qua
2600 1997 2691 2051 die
2735 2004 3047 2068 conspecta
3085 2005 3173 2054 est
3219 2000 3276 2054 in
3327 2001 3571 2056 Tzurolo

1928 2087 1999 2142 ab
2033 2087 2163 2142 Uzis
2212 2087 2270 2140 in
2317 2086 2713 2141 tabernaculis
2761 2089 3264 2143 commorantibus
3317 2089 3572 2144 militum

1928 2175 2246 2230 multitudo
2279 2175 2336 2228 in
2369 2175 2490 2228 acie
2529 2175 2780 2230 emicare
2813 2181 2868 2229 et
2897 2192 3029 2230 cum
3062 2193 3296 2232 summa
3333 2179 3573 2233 testina-

1929 2265 2084 2320 tione
2115 2264 2318 2340 crebra
2341 2270 2541 2317 contra
2571 2263 2731 2334 ipsos
2763 2264 2875 2318 tela
2895 2266 3109 2334 jacere,
3133 2266 3213 2320 ita
3240 2272 3302 2320 ut
3332 2283 3400 2320 ex
3430 2267 3577 2338 ipsis

1929 2370 2098 2409 nemo
2148 2352 2367 2406 illaasus
2414 2353 2785 2418 remanserit,
2819 2353 2958 2422 quin
3003 2353 3214 2409 vulnus
3264 2355 3574 2426 acceperit.

1930 2446 2254 2514 Imperator
2300 2447 2490 2496 autem
2553 2441 2668 2496 Deo
2725 2441 3006 2496 sacrificio
3060 2459 3193 2497 cum
3251 2444 3575 2515 gratiarum

1929 2532 2155 2586 actione
2205 2536 2458 2602 peracto,
2485 2535 2634 2584 recta
2665 2533 2732 2584 ad
2768 2530 2984 2602 regiam
3037 2532 3240 2586 urbem
3273 2549 3333 2587 se
3365 2538 3575 2587 contu-

1929 2620 2016 2687 lit,
2052 2637 2223 2692 quam
2265 2619 2474 2690 reperit
2517 2619 2922 2674 admirationis
2956 2636 3020 2673 ac
3049 2622 3306 2690 stuporis
3339 2621 3573 2693 plenam

1930 2714 2184 2780 votaque
2254 2707 2367 2762 Deo
2427 2723 2529 2777 pro
2587 2713 2822 2777 accepta
2878 2707 3065 2762 salute
3125 2709 3573 2780 persolventem.

1929 2797 2147 2852 Verum
2180 2813 2385 2851 omnes
2416 2798 2567 2866 quod
2614 2796 2830 2850 factum
2859 2803 2981 2850 erat
3022 2798 3286 2853 divinum
3322 2799 3574 2854 miracu-

1929 2886 2052 2941 lum
2113 2891 2446 2949 censentes,
2502 2884 2873 2955 imperatoris
2932 2902 3070 2957 erga
3129 2885 3309 2941 Deum
3381 2887 3577 2959 pietati

1932 2975 2322 3043 ascribebant,
2351 2976 2504 3045 quod
2535 2977 2748 3030 virtute
2779 2981 2834 3030 et
2875 2993 2987 3030 non
3021 2977 3157 3032 vitio
3190 2983 3291 3032 aut
3322 2978 3581 3050 potentia

1932 3065 2324 3134 imperatoris,
2361 3065 2460 3118 sed
2512 3065 2792 3135 religione
2830 3065 2983 3120 Deus
3030 3067 3156 3136 ipse
3190 3067 3371 3121 ﬂexus
3401 3074 3575 3122 esset.

1933 3156 2070 3207 Post
2101 3153 2504 3222 hujuscemodi
2538 3152 2759 3207 cladem
2784 3154 3022 3224 quidam
3057 3171 3125 3208 ex
3155 3156 3299 3212 657
3339 3155 3483 3226 ipsis
3506 3157 3579 3210 ad

183 3225 440 3318 ἄτρωτον.
478 3243 540 3298 Ὁ
569 3225 630 3295 δὲ
664 3238 920 3314 βασιλεὺς
951 3243 1032 3310 τῶ
1063 3243 1177 3309 Θεῷ
1227 3237 1385 3301 θύσας
1441 3239 1506 3293 τὰ
1561 3243 1819 3313 χαριστή-

1935 3241 2338 3311 imperatorem
2391 3258 2454 3296 se
2504 3241 2828 3306 contulere,
2882 3259 2915 3297 a
2963 3259 3077 3312 quo
3124 3225 3375 3314 acceptis
3425 3244 3582 3316 agris

180 3351 263 3404 ρια
320 3331 447 3395 εὐθὺ
501 3336 602 3398 τῆς
670 3325 956 3404 βασιλίδος
1031 3327 1354 3402 πεπόρευτο.
1418 3328 1553 3404 Εὗρε
1628 3325 1685 3382 δὶ
1735 3330 1824 3382 καὶ

181 3419 372 3491 ταύτην
402 3417 722 3488 ἔκπλήξεως
754 3419 1026 3492 γέμουσαν
1059 3417 1144 3471 καὶ
1192 3417 1258 3470 τὰ
1315 3420 1527 3492 σῶστρα
1578 3421 1658 3488 τῷ
1710 3421 1827 3488 Θεῷ

181 3507 521 3564 έπιθύουσαν.
559 3506 736 3561 Ἀλλά
779 3507 972 3568 πάντες
1021 3504 1215 3566 ἁπλῶς
1269 3503 1567 3577 θεοσημίαν
1621 3505 1686 3560 τὸ
1732 3526 1826 3580 γε·

181 3599 329 3671 γονὸς
359 3597 683 3673 ἐλογίζοντο
705 3595 795 3648 καὶ
824 3598 894 3667 τῇ
925 3598 1022 3647 τοῦ
1057 3592 1324 3668 βασιλέως
1372 3593 1494 3668 περῖ
1555 3594 1618 3648 τὸ
1671 3599 1826 3649 Θεῖον

183 3682 420 3757 εὐσεϐείᾳ
477 3687 540 3739 τὸ
593 3688 696 3739 πᾶν
759 3682 1084 3749 ἀνετίθεσαν,
1137 3682 1300 3756 ἀρετῇ
1372 3682 1448 3754 μή
1523 3681 1685 3754 κακίᾳ
1738 3683 1827 3737 καὶ

181 3779 242 3847 τῇ
270 3774 542 3850 ἄρχοντος
575 3773 720 3849 ῥοπῇ
754 3771 844 3826 καὶ
876 3771 1000 3846 περὶ
1030 3771 1092 3826 τὸ
1124 3776 1275 3825 Θεῖον
1312 3765 1564 3842 εὐλαϐείᾳ
1592 3771 1652 3825 τὸ
1675 3777 1828 3825 Θεῖον

1934 3329 2187 3401 publicis
2239 3329 2587 3384 Macedoniae
2638 3329 2913 3384 Romanis
2974 3336 3281 3402 steterunt,
3336 3339 3392 3388 et
3438 3334 3579 3389 socii

1935 3419 2197 3490 ipsorum
2266 3422 2442 3488 atque
2507 3417 2591 3472 eis
2647 3419 2982 3474 obedientes
3049 3419 3332 3476 hactenus
3400 3423 3581 3492 fuere,

1939 3508 2258 3564 honoribus
2323 3508 2630 3563 senatoriis
2696 3514 2866 3579 atque
2935 3509 3270 3566 illustribus
3335 3513 3581 3584 dignati.

1937 3597 2236 3668 Agebatur
2303 3603 2498 3651 autem
2567 3601 2706 3650 tunc
2764 3603 2962 3653 sextus
3021 3615 3212 3653 annus
3271 3600 3584 3671 imperanti

1939 3690 2130 3755 Βυοω,
2163 3685 2481 3739 indictione
2528 3686 2719 3753 tertia,
2753 3702 2907 3740 anno
2954 3687 3095 3741 6573
3141 3688 3212 3741 ab
3261 3689 3398 3743 orbe
3447 3705 3585 3743 con-

1941 3775 2082 3829 dito.

181 3863 616 3938 ἐπικλινόμενον,
661 3860 983 3938 Προσῆλθον
1039 3859 1096 3916 δὲ
1151 3860 1356 3916 τούτων
1405 3861 1548 3923 τινες
1601 3863 1734 3934 μετὰ
1788 3862 1880 3917 τὸν
1938 3867 2184 3916 τοιοῦτον
2245 3856 2469 3936 ὄλεθρον
2528 3866 2606 3932 τῷ
2672 3861 2907 3936 βασιλεῖ,
2940 3863 3028 3916 καὶ
3088 3865 3276 3939 χώραν
3328 3859 3585 3927 λαϐόντες

183 3951 448 4026 δημοσίαν
481 3953 587 4008 ἀπὸ
617 3955 716 4020 τῆς
749 3948 1121 4019 Μακεδονικῆς
1152 3950 1218 4004 τὰ
1247 3949 1534 4022 Ῥωμαίων
1569 3949 1890 4028 ἐφρόνησαν,
1922 3951 2010 4005 καὶ
2042 3950 2328 4024 σύμμαχοι
2377 3950 2465 4004 καὶ
2511 3951 2744 4020 ὑπήκοοι
2802 3951 3009 4005 τούτων
3057 3952 3221 4027 μέχρι
3278 3961 3378 4024 τῆς
3429 3952 3586 4029 δεῦρο

181 4046 459 4120 γεγόνασι,
489 4043 581 4097 καὶ
613 4042 936 4113 ἀξιωμάτων
967 4039 1345 4114 συγκλητικῶν
1372 4041 1462 4093 καὶ
1495 4039 1765 4115 λαμπρῶν
1797 4042 2134 4114 ἠξιώθησαν.
2165 4041 2262 4094 Ἦν
2295 4036 2352 4094 δὲ
2381 4039 2442 4093 τὸ
2472 4045 2767 4109 τηνικαῦτα
2789 4038 2906 4102 ἔτος
2946 4042 3041 4114 μὲν
3060 4038 3212 4096 ἕκτον
3248 4042 3587 4117 βασιλεύοντι

177 4139 252 4205 τῷ
290 4132 478 4204 Δουκὶ,
513 4129 787 4185 ἶνδικτιὼν
815 4130 884 4205 γ’,
921 4126 1038 4190 ἔτος
1069 4130 1235 4206 [coci
1264 4135 1365 4198 τῆς
1393 4136 1666 4202 κοσμικῆς
1697 4129 1943 4194 κτίσεως.

245 4258 359 4333 Πρὸ
413 4254 474 4311 δὶ
527 4254 724 4311 τούτου
774 4257 872 4309 τοῦ
928 4248 1082 4315 ἔτους
1135 4258 1271 4308 κατὰ
1326 4253 1417 4306 τὸν
1457 4248 1826 4327 Σεπτέμϐριον

186 4353 347 4417 μῆνα,
407 4351 507 4414 τῆς
567 4340 815 4415 δευτέρας
863 4341 1268 4414 έπινεμήσεως,
1317 4346 1396 4417 κγ’
1453 4337 1680 4415 ἄγοντος
1735 4345 1830 4396 τοῦ

189 4433 348 4489 αὐτοῦ
420 4432 621 4506 μηνὸς,
679 4430 803 4504 περὶ
863 4427 1110 4505 δευτέραν
1167 4428 1414 4504 φυλακὴν
1467 4437 1570 4498 τῆς
1619 4431 1831 4496 νυκτὸς,

186 4522 406 4594 σεισμὸς
435 4519 670 4590 ἐξαίσιος
709 4519 899 4593 γέγονε
953 4522 1061 4572 τῶν
1116 4519 1340 4572 πώποτε
1390 4519 1694 4593 γενομένων
1754 4518 1836 4573 έκο

2013 4262 2179 4312 Λοηο
2210 4271 2342 4310 vero
2375 4255 2672 4327 superiore
2702 4255 2854 4311 circa
2895 4272 3157 4312 mensem
3189 4257 3591 4328 Septembrem

1940 4346 2261 4402 indictione
2318 4345 2604 4411 secunda,
2637 4343 2914 4400 vicesima
2969 4347 3144 4402 tertia
3200 4348 3292 4402 die
3349 4349 3591 4417 mensis,

1943 4434 2095 4489 circa
2125 4433 2444 4489 secundam
2479 4432 2666 4487 noctis
2688 4432 2967 4505 vigiliam,
2985 4440 3150 4490 terra:
3174 4442 3367 4490 motus
3390 4437 3595 4505 ingens

1944 4523 2136 4578 factus
2166 4527 2222 4576 et
2251 4522 2518 4576 omnium
2540 4523 2639 4592 qui
2674 4539 2933 4594 unquam
2965 4523 3125 4578 fuere
3149 4525 3397 4579 maxime
3427 4526 3594 4580 terri-

185 4609 656 4683 πληκτικώτερος,
689 4605 748 4662 ἐκ
783 4611 890 4661 τῶν
933 4607 1228 4681 Ἐσπερίων
1290 4611 1468 4681 μερῶν
1515 4605 1824 4680 ἀρξάμενος.

1945 4611 2103 4674 bilis,
2130 4610 2202 4664 ab
2232 4610 2561 4665 Occidentis
2609 4611 2873 4682 partibus
2920 4613 3226 4683 incipiens,
3247 4620 3420 4685 atque
3453 4615 3596 4669 adeo

186 4703 458 4758 Τοσοῦτος
491 4695 548 4751 δε
578 4697 643 4766 ἦν
677 4696 738 4750 τὸ
772 4694 1000 4769 μέγεθος
1031 4697 1104 4756 ὡς
1159 4695 1248 4749 καὶ
1309 4694 1488 4758 οἰκίας
1543 4695 1835 4769 ἀνατρέψαι

189 4786 406 4847 πολλᾶς
462 4783 554 4838 καὶ
633 4782 792 4844 ναοὺς
849 4783 938 4838 καὶ
995 4783 1197 4844 κίονας.
1253 4783 1333 4838 Τὰ
1384 4781 1552 4854 ὅμοια
1610 4780 1667 4836 δὲ
1721 4789 1835 4840 τοῖς

190 4875 506 4949 εἰρημένοις
547 4872 842 4935 πεπόνθασι
874 4869 1174 4932 Ῥαιδεστός
1232 4891 1290 4924 τε
1344 4871 1432 4925 καὶ
1495 4873 1690 4925 Πάνιον
1750 4873 1839 4926 καὶ

189 4965 247 5017 τὸ
279 4961 656 5038 Μυριόφυτον,
689 4961 761 5020 ὡς
812 4960 900 5013 καὶ
964 4958 1101 5034 μέρη
1160 4964 1362 5034 τειχῶν
1407 4961 1493 5029 [Ρ.
1547 4961 1673 5033 817]
1724 4960 1839 5014 ἀνα-

190 5059 464 5125 τραπῆναι
499 5051 664 5124 ἄχρις
700 5043 1012 5122 ὑποϐἅθρας
1067 5047 1158 5102 καὶ
1215 5047 1476 5111 πλείστας
1526 5047 1718 5120 οἳκίας,
1750 5049 1838 5102 καὶ

192 5141 353 5218 φόνον
404 5138 647 5215 γενέσθαι
702 5135 900 5192 πυλύν.
954 5135 1127 5193 Ἀλλά
1185 5138 1292 5209 μὴν
1351 5137 1442 5191 καὶ
1496 5137 1530 5206 ἠ
1593 5136 1841 5206 Κύζικος,

191 5230 357 5284 ὁπότε
413 5228 505 5282 καὶ
559 5226 624 5282 τὸ
681 5224 732 5280 έν
787 5225 924 5299 αὐτῇ
974 5223 1301 5295 Ἑλληνικὸν
1338 5226 1480 5298 ἱερὸν
1525 5225 1840 5295 κατεσείσθη

193 5321 392 5388 καὶτῷ
445 5315 692 5386 πλείστῳ
744 5314 891 5388 μέρει
933 5315 1209 5384 κατέπεσε,
1246 5315 1496 5390 μέγιστον
1549 5314 1607 5369 ὃν
1649 5321 1847 5389 χρῆμα

195 5407 329 5481 πρὸς
363 5404 486 5470 θέαν
521 5401 593 5458 δι’
625 5403 939 5478 ὀχυρότητα
968 5403 1055 5457 καὶ
1093 5403 1246 5458 λίθου
1294 5408 1394 5457 τοῦ
1445 5402 1746 5458 καλλίστου
1789 5424 1848 5457 τε

196 5495 284 5550 καὶ
349 5493 607 5568 μεγίστου
665 5491 924 5565 ἁρμονίαν
974 5491 1061 5546 καὶ
1119 5489 1483 5564 ἀνοικοδομὴν
1539 5492 1625 5545 καὶ
1679 5491 1848 5564 ὕψους

200 5585 287 5637 καὶ
324 5584 585 5658 μεγέθους
645 5577 938 5656 διείρκειαν.
974 5579 1070 5634 Καὶ
1125 5579 1288 5655 μέχρι
1339 5578 1396 5634 δὲ
1443 5577 1537 5634 δύο
1592 5579 1845 5634 ἐνιαυτῶν

201 5671 390 5726 ἔκτοτε
445 5666 690 5747 φοράδην
757 5667 1050 5745 έπεφοίτων
1129 5670 1338 5742 σεισμοὶ
1421 5665 1651 5742 μηδαμῆ
1736 5674 1851 5732 τυῖς

1945 4699 2258 4754 vehemens
2291 4705 2354 4752 ut
2386 4703 2442 4752 et
2490 4701 2693 4754 domos
2745 4699 2960 4754 multas
2993 4703 3262 4756 everterit
3293 4709 3349 4756 et
3381 4702 3600 4772 templa

1948 4793 2006 4843 et
2036 4786 2362 4842 columnas.
2396 4789 2460 4839 Et
2492 4786 2708 4841 similia
2739 4787 2810 4841 iis
2842 4805 2968 4858 quae
3004 4789 3120 4857 jam
3154 4790 3413 4844 diximus
3446 4790 3595 4845 acci-

1948 4877 2085 4930 dere
2126 4875 2388 4929 Raadesto
2434 4880 2491 4928 et
2541 4875 2716 4928 Panio
2765 4881 2938 4946 atque
2987 4877 3373 4950 Myriophyto,
3407 4877 3488 4933 ita
3537 4884 3601 4933 ut

1951 4979 2256 5018 murorum
2299 4966 2489 5033 partes
2545 4979 2730 5032 usque
2769 4965 2840 5017 ad
2893 4965 3086 5034 ipsum
3149 4966 3597 5021 fundamentum

1951 5052 2158 5107 diruta:
2209 5051 2332 5105 sint
2378 5055 2434 5104 et
2482 5050 2690 5104 domus
2745 5050 3030 5120 plurima,
3065 5057 3121 5107 et
3170 5053 3356 5108 multa
3413 5055 3602 5109 caedes

1951 5140 2125 5195 facta.
2161 5138 2492 5205 Quinetiam
2526 5138 2761 5208 Cyzicus
2810 5139 2964 5194 haud
2998 5157 3204 5213 expers
3236 5143 3436 5198 damni
3469 5143 3601 5212 fuit,

1954 5227 2248 5297 siquidem
2301 5225 2585 5297 templum
2617 5231 2970 5294 Graecorum,
3007 5232 3159 5300 quod
3198 5231 3255 5285 in
3297 5232 3426 5303 ipsa
3457 5237 3602 5300 erat,

1955 5320 2311 5370 commotum
2343 5321 2432 5369 est
2464 5316 2545 5369 ita
2570 5319 2634 5368 ut
2665 5315 2918 5371 maxima
2946 5317 3108 5374 illius
3137 5336 3271 5391 pars
3303 5321 3603 5392 deciderit,

1956 5421 2088 5460 cum
2121 5409 2275 5459 esset
2298 5403 2619 5458 maximum
2644 5405 3067 5476 spectaculum,
3093 5414 3217 5463 tum
3238 5411 3393 5480 quod
3419 5410 3608 5465 muni-

1955 5493 2253 5548 tissimum
2289 5500 2432 5558 erat,
2458 5498 2582 5546 turn
2617 5495 2769 5565 quod
2805 5511 2870 5549 ex
2902 5495 3296 5567 pulcherrimo
3328 5499 3519 5569 lapide
3550 5505 3609 5556 et

1961 5581 2215 5636 maximo
2246 5581 2653 5637 admirabilem
2700 5587 3006 5639 structurae
3039 5586 3300 5642 ordinem
3335 5588 3606 5658 habebat,

1959 5675 2086 5725 tum
2115 5686 2248 5726 vero
2298 5672 2454 5742 quod
2503 5671 2813 5727 aedificium
2854 5673 3148 5731 videretur
3189 5682 3248 5733 et
3296 5678 3610 5735 altitudine
