4078 6336
462 389 579 451 387

1762 383 2090 444 JOANNIS
2134 380 2542 444 SCYLITZE

456 524 513 576 et
530 519 937 591 magnitudine
954 518 1238 573 idoneain
1260 521 1607 589 perpetuum
1630 532 2077 589 permansurum

2225 513 2573 591 ἐξωροτὲροις
2624 516 3118 590 μνημονευόμενοι.
3178 519 3250 574 Τὰ
3279 518 3411 575 αύτᾶ
3458 517 3515 575 δὲ
3542 521 3632 575 xui
3683 524 3718 592 ἢ
3766 522 3860 577 Nl-

453 616 520 666 Et
552 627 736 681 usque
768 611 837 665 ad
870 610 1018 664 duos
1058 626 1245 664 annos
1277 625 1343 663 ex
1374 625 1440 663 eo
1471 612 1735 679 tempore
1768 609 2101 678 frequentes

451 706 614 756 terra
648 706 845 754 motus
896 700 1115 753 fiebant
1165 699 1307 753 adeo
1366 698 1631 769 ingentes
1692 702 1755 751 ut
1811 695 2099 766 ejusmodi

450 791 701 860 majores
732 793 873 843 natu
912 787 1151 842 minime
1185 787 1613 841 meminissent.
1645 786 1853 839 Eadem
1886 786 2102 839 damna

450 896 725 950 perpessa
765 883 847 931 est
897 877 1201 944 Micze:1,in
1253 894 1368 947 qua
1396 875 1681 946 templum
1735 881 1945 928 sanctis
1996 875 2100 929 So-

450 969 599 1040 phiae
649 967 909 1021 dicatum
960 972 1016 1020 et
1068 970 1403 1019 sanctorum
1466 964 1697 1018 Patrum
1740 963 1892 1020 658
1947 964 2100 1018 (edes

449 1060 841 1128 conquassata
890 1058 1050 1119 sunt,
1085 1060 1138 1107 et
1186 1055 1336 1108 muri
1390 1071 1521 1108 cum
1566 1054 1773 1107 civium
1825 1052 2099 1107 domibus

446 1145 691 1217 collupsi
733 1150 890 1211 sunt,
923 1150 978 1199 et
1026 1144 1145 1197 loca
1179 1160 1413 1214 quoque
1458 1143 1656 1196 Dromi
1707 1141 1938 1213 penitus
1970 1158 2095 1195 cor-

446 1239 707 1289 ruerunt.
736 1234 911 1287 Erant
943 1233 1062 1287 haec
1092 1237 1464 1303 peccatorum
1499 1235 1699 1286 exacta
1722 1230 2012 1302 supplicia
2043 1233 2098 1284 et

447 1340 689 1395 prorsus
739 1323 820 1376 ita
868 1321 1082 1385 divina,
1118 1326 1174 1375 et
1205 1320 1531 1375 innuebant
1573 1321 1743 1374 modo
1777 1321 1941 1373 dictae
1994 1336 2093 1373 na-

443 1413 622 1467 tionis
679 1412 994 1466 adventum
1049 1414 1104 1463 et
1163 1409 1512 1465 interitum:
1562 1410 1619 1463 in
1666 1410 1879 1463 divinis
1940 1408 2095 1463 enim

442 1500 728 1572 portentis
762 1517 875 1555 non
923 1515 1180 1571 praesens
1220 1504 1451 1553 tantum
1487 1499 1585 1553 sed
1622 1498 1797 1553 etiam
1833 1498 2094 1552 futurum

444 1590 796 1662 prmvidetur
826 1594 883 1643 et
918 1587 1424 1660 praesignificatur.

514 1698 663 1751 Maio
696 1712 929 1768 quoque
978 1710 1199 1760 mense,
1234 1698 1444 1765 quarta
1471 1692 1700 1748 decima
1749 1692 2089 1759 indictione,

439 1786 709 1858 apparuit
767 1786 980 1840 crinita
1045 1783 1211 1839 stella
1268 1789 1398 1855 post
1459 1782 1641 1837 solem
1705 1783 2091 1849 occidentem,

2213 624 2338 659 καια
2390 604 2642 669 πέπονθε·
2705 607 3015 679 κατεσείσθη
3067 610 3170 684 γὰρ
3229 610 3317 665 καὶ
3375 611 3542 686 ταύτῃ
3585 612 3617 666 6'
3670 634 3729 668 τε
3780 613 3862 668 ἅττ’

2218 693 2441 767 ὀνόματι
2485 703 2585 764 τῆς
2632 696 2789 771 ἁγίας
2843 698 3046 775 Σοφίας
3076 699 3200 761 ναὸς
3230 700 3319 754 xui
3349 701 3376 754 6
3409 697 3702 776 λεγόμενος
3753 725 3855 757 των

2213 782 2374 859 ἆγίων
2430 784 2678 858 Πατὲρων
2726 786 2914 859 σηκὸς,
2965 788 3051 841 καὶ
3079 789 3144 842 τὰ
3173 789 3333 865 τείχη
3369 789 3425 844 δὲ
3455 790 3548 845 σὺν
3589 798 3705 852 τοῖς
3753 813 3856 847 πο-

2212 871 2443 935 λιτικοῖς
2502 874 2764 947 οἰκήμασι
2816 878 3317 944 καταπεπτώκασιν,
3378 878 3465 934 ὅτε
3523 877 3587 949 δὴ
3647 881 3737 934 καὶ
3792 882 3858 936 τὶ

2209 966 2306 1016 τοῦ
2359 965 2569 1037 τρόμου
2636 963 2900 1035 κατὲληξε
2945 964 3151 1021 τέλεον.
3213 969 3383 1023 Ἦσαν
3436 966 3493 1023 δὲ
3546 973 3711 1025 ταῦτα
3767 972 3852 1025 xui

2208 1050 2484 1128 εἷ’σπραξις
2567 1055 2661 1127 μὲν
2737 1057 3146 1131 ἁμαγτημάτων
3223 1056 3316 1112 xui
3377 1056 3549 1133 χόλος
3606 1061 3750 1121 Θεῖος
3807 1061 3855 1132 ἐξ

2209 1138 2461 1212 ἅπαντος,
2518 1144 2800 1217 ᾑνίττοΛτο
2841 1141 2897 1198 δί
2927 1144 3017 1198 xui
3073 1147 3171 1213 τήν
3229 1150 3325 1200 τοῦ
3385 1146 3636 1221 ῥηθέντος
3665 1143 3850 1210 ἔθνους

2208 1229 2483 1285 ἐπέλευσιν
2524 1233 2612 1286 xui
2656 1231 2968 1287 κατάλυσιν·
3027 1232 3079 1288 ἐν
3128 1234 3225 1307 γὰρ
3272 1241 3391 1296 ταῖς
3441 1237 3758 1308 θεοσημίαις
3790 1238 3852 1291 ού

2204 1320 2268 1373 τὸ
2298 1320 2520 1383 ἐνεστὼς
2559 1322 2748 1394 μόνον,
2774 1320 2920 1378 ἀλλὰ
2947 1324 3118 1378 καὶτὸ
3154 1322 3359 1397 μέλλον
3390 1326 3842 1402 πρωτεθεώρηται

2205 1409 2291 1463 καὶ
2326 1412 2783 1486 προσημαίνεται.

2275 1694 2379 1749 Καὶ
2428 1691 2592 1765 Μαΐῳ
2645 1691 2701 1748 δὲ
2750 1694 2881 1766 μηνὶ
2911 1700 3009 1763 τῆς
3044 1691 3107 1748 ιδ’
3160 1692 3503 1758 ἴνδικτιῶνος
3532 1695 3696 1775 ἰφάνη
3754 1719 3853 1752 κον

2206 1783 2385 1853 μήτης
2435 1782 2660 1836 κατόπιν
2712 1787 2809 1836 τοῦ
2858 1781 3023 1852 ἠλίδυ
3050 1780 3325 1853 δύνοντος,
3383 1786 3446 1840 τὸ
3493 1786 3710 1861 μέγεθος
3767 1807 3854 1841 σε-

436 1877 583 1931 1ιιηιθ
619 1874 1044 1947 magnitudine,
1081 1875 1314 1943 quando
1349 1873 1475 1944 ipsa
1506 1871 1675 1942 plena
1706 1877 1795 1926 est
1828 1872 2077 1926 lumine;

2203 1868 2431 1940 ληναῖον
2489 1870 2687 1948 φέρων,
2767 1870 2855 1926 ὅτε
2913 1869 3018 1943 ἤδη
3078 1870 3396 1950 πλησιφαής
3446 1874 3689 1948 γένηται.
3748 1879 3849 1930 Καὶ

436 1983 566 2037 quae
597 1981 661 2020 eo
693 1970 948 2037 tempore
984 1964 1208 2017 fumum
1243 1963 1508 2016 emittere
1538 1966 1594 2014 et
1626 1960 1897 2015 nebulam
1931 1962 2087 2014 vute-

437 2056 628 2123 batur,
673 2060 729 2107 et
778 2051 1103 2123 insequenti
1158 2051 1249 2104 die
1299 2051 1472 2121 coepit
1519 2051 1709 2104 crines
1761 2050 2085 2117 ostendere,

437 2144 537 2215 qui
578 2147 866 2213 quantum
920 2140 1441 2211 protendebantur,
1474 2143 1703 2193 tantum
1753 2137 1936 2192 stellae
1968 2155 2087 2192 ma-

437 2232 685 2304 gnitudo
718 2230 1051 2296 deﬁciebat;
1089 2228 1337 2283 immisit
1359 2232 1551 2282 autem
1576 2228 1770 2282 radios
1792 2228 1861 2281 ad
1886 2227 2087 2282 Orien-

432 2324 576 2386 tem,
608 2324 663 2372 et
691 2319 760 2372 ad
793 2334 916 2371 eam
967 2326 1187 2387 partem
1240 2315 1507 2386 progredi
1540 2314 1933 2385 quadraginta
1961 2312 2085 2367 die-

437 2408 548 2463 bus
582 2406 990 2477 perseveravit.

504 2514 732 2569 Mortuo
793 2528 922 2567 vero
985 2511 1314 2583 patriarcha
1371 2509 1775 2576 Constantino,
1824 2510 2083 2565 Joannes

432 2602 779 2666 monachus,
813 2606 1196 2673 cognomento
1240 2600 1572 2671 Xipbilinus
1604 2598 1905 2669 deligitur,
1938 2598 2081 2652 'l‘ra-

432 2699 681 2763 pszunte
712 2691 1020 2757 natus,vir
1070 2690 1304 2760 sapiens
1352 2696 1408 2743 et
1457 2689 1897 2743 eruditissimus
1936 2687 2084 2742 etin

430 2782 605 2836 rebus
640 2779 896 2851 politicis
929 2784 1230 2850 spectatus
1262 2784 1318 2833 et
1348 2778 1619 2831 virtutem
1656 2776 1860 2831 sedulo
1894 2782 2080 2830 sectu-

428 2874 547 2934 tus,
582 2870 723 2924 adeo
758 2874 821 2922 ut
868 2869 923 2921 in
972 2867 1256 2939 principio
1290 2868 1549 2921 florentis
1579 2866 1767 2921 astatis
1797 2866 2081 2920 monasti-

430 2975 558 3012 cam
597 2956 1167 3012 administrationem
1211 2955 1533 3026 susceperit
1565 2960 1619 3009 et
1649 2956 1823 3008 vitam
1876 2953 2078 3008 solita-

431 3048 579 3100 riam
629 3047 836 3117 degere
888 3045 1211 3099 instituerit
1256 3050 1514 3114 tempore
1561 3043 1714 3097 haud
1763 3042 1970 3113 exiguo
2020 3042 2079 3096 in

433 3136 676 3208 Olympo
709 3139 903 3188 monte
938 3151 950 3187 ;
984 3150 1160 3202 quare
1190 3149 1360 3187 nemo
1403 3137 1608 3203 praeter
1638 3134 1831 3203 ipsum
1865 3132 2078 3201 dignus

434 3224 757 3279 habebatur
786 3224 887 3293 qui
920 3224 989 3276 ad
1041 3222 1223 3276 altum
1268 3220 1605 3291 patriarchae
1653 3220 1898 3291 gradum
1952 3236 2076 3289 per-

433 3315 763 3380 duceretur,
812 3311 1048 3366 tametsi
1098 3327 1375 3365 recusans
1425 3327 1489 3363 ac
1542 3310 1771 3380 fugiens
1819 3310 1888 3363 ad
1940 3325 2074 3363 eum

432 3402 711 3456 honorem
767 3399 1102 3470 compulsus
1150 3406 1251 3453 est.
1288 3400 1436 3462 Quin
1487 3398 1660 3453 etiam
1711 3399 1828 3451 vita
1879 3397 2076 3452 iuncto

430 3489 731 3544 Theodulo
796 3488 1075 3559 Bulgaria:
1140 3488 1577 3559 archiepiscopo
1640 3487 1792 3543 659
1864 3486 2077 3555 delegit

428 3579 748 3648 imperator
794 3580 1073 3632 Joannem
1118 3578 1455 3649 quemdam,
1505 3576 1854 3631 monachum
1909 3575 2075 3629 Lam-

427 3684 691 3739 pensem,
744 3668 843 3739 qui
900 3668 1053 3721 idem
1114 3666 1539 3722 monasterium
1599 3681 1731 3719 cum
1780 3663 2075 3735 Xiphilino

426 3756 703 3812 coluerat.

496 3940 531 3989 A
567 3949 763 3989 mense
791 3940 983 3989 autem
1009 3932 1244 3988 Octobri
1268 3934 1510 3987 morbus
1542 3931 1735 4002 gravis
1768 3930 2071 4001 imperato-

419 4039 542 4078 rem
576 4023 805 4086 invasit,
838 4023 933 4093 qui
970 4039 1096 4076 eutn
1148 4022 1405 4091 graviter
1452 4020 1749 4091 afﬂigebat
1784 4036 1970 4089 usque
2001 4021 2071 4074 ad

415 4113 820 4181 insequentem
856 4128 1118 4165 mensem
1154 4110 1389 4172 Maium,
1424 4128 1539 4180 quo
1570 4109 1766 4177 ipsum
1803 4109 2071 4180 profliga-

416 4200 501 4255 vit
548 4207 603 4253 et
652 4201 767 4253 vita
814 4199 1078 4270 privavit.
1117 4200 1252 4269 Ejus
1284 4216 1415 4252 vero
1464 4200 1755 4269 exsequiae
1809 4216 1921 4253 non
1974 4197 2072 4251 ubi

418 4289 796 4359 exspectabat
826 4288 1127 4342 celebratae
1176 4294 1335 4355 sunt,
1370 4290 1467 4342 sed
1520 4305 1619 4357 per
1672 4306 1828 4343 mare
1861 4288 2073 4343 ductus

414 4376 473 4431 in
509 4379 859 4431 monasterio
892 4377 1078 4430 sancti
1124 4376 1364 4446 Nicolai,
1398 4377 1551 4447 quod
1588 4376 1933 4431 Molibotum
1967 4393 2070 4430 vo-

417 4470 607 4531 catur,
640 4466 793 4520 situs
843 4473 953 4520 est.
988 4465 1142 4520 Vixit
1180 4468 1236 4521 in
1286 4466 1531 4536 imperio
1582 4483 1767 4521 annos
1821 4472 2069 4536 septem,

420 4570 653 4608 menses
686 4572 804 4609 sex.
844 4555 1022 4609 Fuere
1062 4555 1176 4626 ipsi
1209 4554 1377 4609 liberi
1408 4572 1475 4609 ex
1509 4556 1758 4609 Eudocia
1791 4557 2069 4629 Augusta,

2206 1959 2362 2031 ἐῴκει
2408 1960 2501 2031 μὲν
2531 1964 2829 2029 τηνικαῦτα
2877 1960 3172 2033 ἐλπὲμπειν
3215 1963 3414 2016 καπνὸν
3455 1964 3544 2017 xui
3576 1962 3853 2039 ὁμίχλην,

2200 2049 2251 2103 ἐν
2313 2046 2369 2103 δὶ
2411 2048 2480 2120 τῇ
2545 2048 2770 2123 ἐπιούσῃ
2820 2047 3019 2122 ἤρξατο
3071 2047 3478 2126 παραδεικνύειν
3514 2053 3856 2129 βοστρύχους

2195 2140 2366 2209 τινας,
2427 2139 2516 2192 καὶ
2566 2137 2695 2191 ὅσον
2746 2136 2894 2192 οὗτοι
2945 2140 3358 2213 προετάννυντο,
3389 2142 3451 2195 τὸ
3496 2141 3717 2215 μέγεθος
3756 2147 3856 2197 τοῦ

2197 2228 2417 2301 ἀστέρος
2472 2224 2763 2301 ὑπὲληγεν.
2808 2228 3079 2283 Ἀπὲτεινε
3127 2225 3184 2282 δὶ
3211 2230 3306 2291 τὰς
3337 2230 3553 2291 ἀκτῖνας
3585 2230 3658 2292 ὡς
3712 2233 3857 2304 πρὸς

2194 2317 2394 2388 Ἐῴαν,
2448 2315 2536 2369 καὶ
2568 2316 2704 2390 πρὸς
2727 2315 2933 2386 ἐκείνην
2964 2318 3271 2391 προήχετο,
3319 2318 3410 2372 καὶ
3453 2319 3520 2387 ἧν
3550 2316 3853 2395 ἐπικρατῶν

2195 2404 2355 2480 ἄχρις
2386 2407 2605 2479 ἡμερῶν
2641 2426 2718 2459 ω.

2268 2510 2665 2565 Κωνσταντίνου
2706 2508 2765 2565 δὲ
2808 2515 2905 2565 τοῦ
2956 2511 3301 2588 πατριάρχου
3351 2513 3602 2577 θανόντος
3659 2516 3849 2570 Ἰωάν-

2193 2622 2290 2670 νης
2346 2600 2588 2675 μοναχὸς
2650 2601 2678 2654 6
2711 2599 2938 2670 ἐπίκλην
2980 2599 3270 2675 Ξιφιλῖνος
3302 2604 3730 2677 προχειρίζεται,
3789 2603 3849 2658 ὲκ

2190 2694 2591 2763 Τραπεζοῦντος
2653 2689 2749 2761 μὲν
2809 2690 3156 2764 ὁρμώμενος,
3218 2691 3350 2766 ἀνὴρ
3412 2688 3470 2745 δὲ
3528 2693 3693 2769 σοφὸς
3751 2693 3844 2748 καὶ

2191 2780 2326 2852 πρὸς
2359 2780 2521 2854 ἄκρον
2554 2775 2885 2839 παιδεύσεως
2933 2776 3225 2848 ἰληλακὼς
3254 2779 3348 2834 κάν
3375 2786 3492 2842 τοῖς
3524 2782 3837 2843 πολιτικοῖς

2190 2862 2552 2943 περίϐλεπτος
2620 2868 2858 2942 γεγονὼς
2914 2867 3003 2921 καὶ
3061 2868 3256 2943 ἀρετῆς
3313 2868 3589 2944 εὐφρόνως
3650 2870 3847 2943 ἐπιμε-

2192 2956 2478 3029 λούμενος,
2512 2955 2648 3010 ὥστε
2680 2955 2731 3010 ἐν
2776 2957 2923 3031 ἀρχῇ
2954 2963 3054 3026 τῆς
3112 2956 3404 3031 εὐημερίας
3451 2958 3539 3013 xui
3581 2965 3681 3027 τῆς
3711 2958 3844 3029 ἠλι-

2187 3047 2304 3107 κίας
2362 3047 2460 3114 τὴν
2525 3047 2832 3119 μοναχικήν
2888 3045 3168 3100 πολιτείαν
3220 3045 3555 3110 ἀσπάσασθαι
3611 3048 3842 3103 καὶτῶν

2190 3135 2605 3209 ἀναχωρητικὸν
2654 3132 2868 3197 ἑλέσθαι
2932 3134 3045 3209 βίον
3107 3135 3309 3209 χρόνον
3369 3136 3469 3190 οὐκ
3526 3136 3613 3191 ἐπὶ
3649 3140 3846 3213 μικρὸν

2187 3224 2332 3298 παρὰ
2388 3225 2448 3277 τὸ
2500 3227 2597 3277 τοῦ
2647 3221 2930 3294 Ὀλύμπου
2988 3223 3135 3299 όρος.
3165 3225 3321 3281 Ὅθεν
3352 3225 3441 3279 xui
3476 3223 3653 3287 οὐδεὶς
3690 3228 3845 3297 ἁξιος

2186 3311 2333 3381 πλὴν
2402 3312 2564 3367 αὐτοῦ
2631 3311 2911 3384 ἐνομίζετο
2968 3312 3103 3387 πρὸς
3162 3314 3252 3368 τὸν
3310 3314 3520 3388 ὑψηλὸν
3579 3320 3677 3369 τοῦ
3735 3338 3842 3371 πα-

2184 3404 2451 3477 τριάρχου
2504 3402 2744 3477 βαθμὸν,
2797 3401 2842 3455 εἰ
2891 3402 2980 3455 καὶ
3031 3402 3431 3476 ἀπαναιόμενος
3484 3404 3570 3458 καὶ
3626 3404 3839 3481 φεύγων

2184 3489 2425 3566 ἆδιώχθη
2462 3491 2593 3564 πρὸς
2648 3492 2746 3557 τῆς
2800 3492 2988 3562 τιμῆς.
3050 3488 3225 3546 Ἀλλᾶ
3260 3492 3367 3563 μὴν
3401 3492 3486 3546 καὶ
3523 3490 3839 3548 Θεοδούλου

2182 3583 2278 3633 τοῦ
2323 3576 2664 3651 Βουλγαρίας
2695 3577 2996 3652 ἀρχιεράως
3027 3580 3385 3650 κοιμηθέντος
3426 3580 3837 3656 προχειρίζεται

2185 3669 2212 3722 ὁ
2276 3666 2543 3743 βασιλεὼς
2612 3665 2863 3737 Ἰωάννην
2916 3668 3040 3721 τινὰ
3074 3668 3316 3742 μοναχὸν
3379 3666 3439 3723 ἐκ
3466 3676 3565 3738 τῆς
3598 3670 3837 3743 Αάμπης

2189 3758 2281 3830 μὲν
2339 3755 2694 3830 ὡρμημένον,
2754 3758 3092 3826 συνασκητὴν
3151 3755 3208 3811 δὲ
3260 3757 3349 3811 καὶ
3407 3756 3686 3830 σύμπονον
3740 3763 3839 3814 τοῦ

2182 3844 2497 3920 Ξιφιλίνου.

2254 3935 2390 3988 Ἀπὸ
2450 3931 2505 3987 δὲ
2562 3932 2733 4004 μηνὸς
2790 3927 3131 4008 Ὁκτωϐρίου
3177 3933 3335 3998 νόσος
3391 3933 3700 4007 ἐνσκήψασα
3753 3940 3839 4008 τῷ

2188 4020 2403 4099 βασιλεῖ
2454 4022 2775 4097 κατέτρεχεν
2828 4021 2986 4076 αὐτὸν
3041 4020 3233 4086 δεινῶς
3276 4020 3407 4099 ἄχρι
3458 4028 3554 4078 τοῦ
3583 4023 3834 4085 ἐπιόντος

2184 4111 2363 4169 Mu’iou
2421 4111 2615 4183 μηνός·
2664 4110 2716 4165 ἐν
2776 4111 2924 4182 αύτῷ
2974 4108 3030 4165 δὲ
3058 4115 3247 4165 τοῦτον
3293 4111 3682 4187 γατειργάσατο
3740 4114 3835 4167 xui

2180 4208 2279 4269 τῆς
2328 4199 2562 4261 ἰντεῦθεν
2614 4204 2755 4268 ζωῆς
2809 4199 3107 4274 ἀπήγαγεν.
3161 4205 3219 4254 Ἡ
3251 4198 3306 4254 δὲ
3356 4200 3476 4253 ὁσία
3504 4200 3699 4254 τούτου
3732 4200 3833 4255 ούκ

2182 4286 2305 4351 ἔνθα
2340 4286 2707 4363 προσεδόκησε
2752 4288 2987 4363 γέγονεν,
3020 4289 3104 4361 [Ρ.
3150 4289 3275 4362 818]
3322 4286 3466 4343 ἀλλὰ
3514 4287 3833 4350 διαπόντιος

2183 4377 2370 4451 ἀχθεὶς
2428 4376 2477 4431 ὗν
2536 4380 2604 4450 τῇ
2641 4381 2781 4449 μονῇ
2812 4381 2911 4431 τοῦ
2950 4377 3108 4451 ἁγίου
3140 4376 3416 4433 Νικολάου
3448 4376 3761 4451 ἐναπετέθη,
3794 4380 3831 4449 ἢ

2179 4464 2423 4521 καλεῖται
2474 4460 2797 4520 Μολιϐωτόν
2838 4465 3036 4534 Ἒζησε
3085 4462 3141 4519 δὲ
3185 4466 3237 4519 ἐν
3284 4468 3352 4539 τῇ
3407 4464 3647 4540 βασιλίδι
3699 4468 3833 4543 χρό-

2181 4577 2305 4615 νους
2342 4555 2384 4622 ζ’
2432 4554 2519 4607 xui
2556 4560 2724 4625 μῆνας
2760 4550 2834 4622 ἶξ.
2867 4555 3034 4609 Ἦσαν
3086 4551 3143 4608 δὲ
3186 4555 3334 4625 αύτῷ
3382 4552 3574 4617 παῖδες
3622 4555 3674 4625 ἐξ
3725 4557 3829 4613 Εὖ-

415 4661 593 4715 quam
618 4644 809 4698 adhuc
844 4645 1104 4713 privatus
1137 4645 1383 4698 duxerat
1415 4661 1673 4707 uxorem,
1708 4660 1899 4698 mares
1933 4650 2067 4699 tres,

2192 4619 2364 4703 Βοκίας
2409 4648 2509 4711 τῆς
2556 4619 2865 4716 βασιλίδος,
2899 4643 2959 4710 ἣν
3012 4638 3087 4695 ἔτι
3124 4619 3419 4697 ἰδιωτεύων
3449 4619 3688 4718 ἠγάγετο
3729 4644 3827 4721 ἄρα

410 4732 675 4800 Michael,
704 4734 1063 4786 Andronicus
1095 4739 1151 4787 et
1190 4733 1630 4787 Constantinus.
1675 4737 1891 4786 Horum
1931 4748 2059 4802 por-

412 4822 831 4894 phyrogenitus
878 4828 1003 4876 erat
1034 4822 1473 4884 Constantinus,
1506 4837 1826 4891 omnesque
1874 4822 2058 4892 impe-

411 4915 631 4965 ratores
692 4911 1026 4965 declaravit.
1094 4911 1338 4964 Feminae
1399 4916 1595 4964 autem
1656 4916 1802 4975 tres,
1871 4917 2057 4978 Anna,

410 5000 715 5054 Theodora
744 5005 800 5053 et
828 5001 956 5053 Zoe.
999 5000 1065 5053 Et
1110 5015 1243 5053 cum
1276 4999 1558 5053 Caasarem
1594 5015 1767 5051 suum
1820 4999 2056 5053 fratrem

405 5089 688 5143 Joannem
738 5086 1071 5158 delegisset,
1108 5087 1331 5142 socium
1384 5104 1729 5142 arcanorum
1782 5087 2055 5142 consilio-

410 5193 541 5232 rum
590 5183 645 5231 et
689 5176 1178 5230 deliberationum
1225 5176 1446 5230 ascivit.
1481 5180 1621 5229 Cum
1674 5176 1829 5230 diem
1880 5194 2054 5231 suum

407 5267 677 5322 obiturus
708 5272 881 5335 esset,
907 5269 979 5321 ab
1024 5266 1301 5321 omnibus
1349 5266 1739 5337 syngrapham
1776 5266 1960 5337 petiit,
1996 5266 2055 5322 in

406 5372 520 5426 quo
550 5354 963 5426 pollicerentur
989 5372 1295 5425 nunquam
1320 5372 1382 5409 se
1405 5361 1613 5425 praeter
1634 5356 1820 5425 ipsius
1840 5356 2055 5412 liberos

404 5444 585 5497 alium
612 5443 1023 5515 imperatorem
1051 5450 1430 5513 suscepturos
1456 5462 1465 5498 :
1493 5450 1547 5498 et
1568 5460 1771 5499 omnes
1800 5446 2054 5501 subscri-

402 5547 589 5602 psere.
625 5534 773 5595 Quin
824 5534 1000 5588 etiam
1053 5533 1394 5603 imperatrix
1446 5533 1696 5587 Eudocia
1747 5550 2052 5603 nunquam

402 5620 472 5675 ad
526 5619 772 5673 alterum
825 5621 1162 5691 conjugium
1217 5637 1279 5673 se
1326 5622 1705 5675 transituram
1760 5623 2050 5692 promisit.

403 5708 841 5782 Perfectamque
888 5710 1074 5781 ipsam
1112 5709 1508 5781 syngrapham
1542 5711 1885 5783 patriarcha
1926 5728 2050 5769 ser-

2173 4732 2317 4807 p'evsc
2373 4731 2468 4802 μὶν
2515 4736 2684 4806 τρεῖς,
2733 4730 2988 4806 Μιχαὴλ,
3044 4727 3387 4805 Ἀνδρόνικος
3426 4733 3513 4786 xui
3548 4736 3827 4789 Κωνσταν-

2167 4827 2317 4881 τῖνος
2360 4818 2589 4888 (τούτων
2653 4820 3163 4896 πορφυρογὲννητος
3206 4819 3272 4888 ἦν
3321 4821 3348 4874 6
3398 4827 3825 4892 Κωοσναντῖνος,

2169 4911 2368 4971 πάντας
2422 4906 2479 4962 δὲ
2534 4906 2777 4983 βασιλεῖς
2825 4907 3213 4981 ἂνηγόρευσε)·
3276 4906 3493 4980 θήλειαι
3539 4907 3596 4964 δὲ
3657 4917 3825 4986 τρεῖς,

2169 5005 2333 5055 ’Ἅννα
2361 5019 2418 5052 τε
2449 4998 2540 5051 xui
2569 4994 2843 5071 Θεοδώρα,
2892 4996 2980 5050 καὶ
3031 5000 3175 5068 Ζωή.
3212 4997 3449 5072 Καίσαρα
3492 4996 3548 5053 δὲ
3590 5000 3681 5053 τὸν
3728 5000 3796 5053 αὖ

2166 5090 2264 5141 τοῦ
2296 5083 2526 5163 ἀδελφὸν
2561 5082 2816 5153 Ἰωάννην
2868 5083 3363 5159 προχειρισάμενος
3395 5085 3651 5139 κοινωνὸν
3688 5086 3822 5160 βου-

2170 5172 2453 5247 λευμάτων
2538 5170 2932 5246 μυστηριωδῶν
3012 5173 3101 5226 καὶ
3179 5172 3507 5245 σκεμμάτων
3584 5172 3814 5238 hiet-co.

2170 5261 2407 5321 Μέλλων
2469 5259 2525 5315 δε
2570 5260 2823 5331 τελευτᾷν
2855 5259 3125 5337 ἔγγραφον
3169 5262 3445 5335 ἀπῄτησεν
3481 5263 3538 5316 ὲκ
3595 5264 3817 5316 πάντων

2169 5353 2242 5413 ὡς
2300 5352 2398 5405 οὒκ
2448 5349 2507 5404 ἄν
2556 5370 2686 5403 ποτε
2733 5350 2878 5424 παρὰ
2932 5351 3058 5412 τοὺς
3117 5352 3284 5405 αὐτοῦ
3338 5349 3533 5413 παῖδας
3586 5349 3821 5427 βασιλέα

2166 5438 2347 5517 ἕτερον
2424 5436 2694 5508 δέξαιντο·
2787 5437 2836 5492 ἐν
2928 5438 2972 5508 ᾦ
3056 5440 3477 5515 καθυπὲγραψαν
3558 5441 3817 5508 ἅπανυες,

2167 5531 2280 5602 ἅμα
2327 5530 2431 5601 μὴν
2471 5526 2560 5581 xui
2594 5527 2626 5595 ἡ
2666 5524 2884 5601 βασιλὶς
2920 5525 3154 5604 Εύδοκμ
3187 5529 3260 5588 ὡς
3295 5530 3396 5583 οὐκ
3426 5526 3483 5583 ἂν
3518 5526 3642 5582 οὐδὲ
3674 5527 3819 5597 αὐτὴ

2164 5619 2299 5695 πρὸς
2362 5615 2609 5691 δεύτερον
2680 5615 2966 5683 ἐλεύσηται
3018 5617 3369 5684 ωνοικὲσιον,
3435 5617 3525 5671 καὶ
3582 5616 3821 5691 ἀπαρτι-

2166 5708 2284 5762 σθὶν
2336 5710 2415 5779 τῷ
2470 5702 2787 5782 πατριᾶἱρχῃ
2838 5702 3124 5784 φυλάττειν
3182 5703 3498 5765 δεδώκασιν.
3532 5710 3691 5772 Ὅθεν
3723 5709 3826 5766 καὶ
