4060 6344
152 415 272 476 389

1663 403 2036 467 HISTORIA
2049 451 2062 465 .

3445 409 3566 471 390

150 544 299 621 παρὰ
343 549 413 618 τῇ
456 544 669 620 γυναικὶ
726 543 814 598 καὶ
871 540 1112 619 βασιλίδι
1169 544 1238 598 τὰ
1283 543 1456 596 πάντα
1509 537 1797 607 πεποίηκε,

1924 537 2164 593 vendam
2214 539 2526 596 tradidere.
2579 540 2766 604 Quare
2823 545 2880 596 et
2927 541 3068 596 dum
3127 558 3272 596 uxor
3318 546 3376 597 et
3421 543 3561 598 dum

158 634 576 714 σωφρονεστάτη
633 654 692 687 τε
750 633 1088 707 νομιζομένῃ
1147 628 1335 705 τάνδρῖ
1382 631 1472 684 καὶ
1531 623 1814 700 παιδοτρι-

157 723 324 794 ϐἧναι
401 719 760 798 ἀκριϐεστάτη
813 721 903 776 καὶ
961 723 1097 796 πρὸς
1158 722 1220 776 τὸ
1267 721 1334 774 τὰ
1380 718 1533 774 κοινὰ
1591 715 1814 771 διοικεῖ-

154 817 488 888 ἱκανωτάτῃ.
542 811 783 882 Τελευτᾷ
814 809 871 865 δὲ
900 811 990 866 καὶ
1023 813 1051 865 ὁ
1105 809 1360 886 βασιλεὺς
1399 808 1531 862 ἐτῶν
1568 803 1641 859 ὢν
1692 805 1812 873 ἐξήν

154 925 322 959 κοντα
379 902 469 956 καὶ
529 900 723 975 μικρόν
784 921 834 954 τι
894 901 1050 974 πρός.
1113 897 1331 956 Ε’ίθιστο
1385 895 1442 951 δὲ
1473 896 1652 970 λέγειν
1687 888 1810 965 περί

155 998 262 1048 τῶν
311 986 785 1046 δπιϐουλευόντων
816 988 961 1059 αὐτῷ
1015 990 1091 1050 ὡς
1136 995 1304 1060 τιμῆς
1339 987 1432 1059 μὲν
1464 986 1552 1040 καὶ
1586 985 1810 1059 χρημά-

152 1104 260 1135 των
293 1081 396 1136 οὐκ
423 1080 783 1154 ἀποστερήσει
820 1078 1067 1145 τούτους,
1121 1077 1234 1131 ἀντ’
1283 1074 1580 1149 ἐλευθέρων
1634 1070 1690 1126 δὲ
1735 1073 1809 1133 ὡς

153 1171 561 1246 ἀργυρωνήτων
621 1167 918 1242 ἐχρήσατο·
968 1189 996 1218 ‹‹
1056 1165 1392 1242 Ἀφειλόμην
1432 1161 1490 1218 δὲ
1544 1162 1642 1216 οὐκ
1701 1160 1810 1234 ἐγὼ

152 1262 250 1328 τὴν
329 1256 642 1329 ἐλευθερίαν
720 1254 935 1320 αὐτοὺς,
995 1251 1122 1308 ἀλλ’
1180 1254 1233 1306 οἱ
1282 1251 1443 1323 νόμοι
1503 1248 1810 1308 ἐκπτώτους

152 1353 250 1413 τῆς
301 1344 586 1406 πολιτείας
635 1347 980 1414 ποιήσαντες.
1017 1367 1043 1393 ››
1088 1347 1217 1403 Τοῖς
1267 1338 1325 1395 δὲ
1373 1339 1556 1414 λόγοις
1603 1338 1811 1412 ἐξόχως

155 1436 576 1513 προσκείμενος,
609 1457 637 1484 ‹‹
668 1432 926 1511 ⁸οφελον,
946 1427 1152 1505 ἔλεγεν,
1185 1429 1244 1484 tu.
1271 1429 1476 1484 τούτων
1504 1429 1539 1497 ἢ
1571 1431 1670 1493 τῆς
1709 1428 1808 1501 βα-

159 1528 365 1589 σιλείας
408 1523 804 1600 ἆγνωριζὸμην,
851 1545 879 1573 ››
932 1526 1206 1582 Γενναῖος.
1235 1517 1294 1574 δὶ
1339 1517 1414 1573 ὥν
1469 1519 1570 1586 τήν
1622 1517 1808 1591 ψυχὴν

157 1617 292 1691 πρός
342 1636 470 1668 τινα
519 1612 776 1686 εἰρηκότα
822 1611 897 1673 ὡς
948 1610 1109 1671 αὐτὸς
1156 1607 1215 1663 διν
1265 1606 1442 1678 ἠδέως
1494 1606 1811 1680 μαχόμενος

159 1706 362 1760 ἐκείνου
410 1705 474 1758 τὸ
526 1701 662 1758 ἴδιον
712 1706 869 1772 σῶμα
909 1694 1272 1772 προϐάλοιτο,
1305 1722 1333 1749 ‹‹
1370 1696 1640 1773 Εὐφήμει,
1674 1696 1810 1762 εἶπε,

159 1796 243 1849 καὶ
304 1794 354 1848 εί
420 1791 653 1867 βούλοιό
707 1811 768 1866 γε
840 1789 1060 1843 πεσόντι
1114 1786 1393 1861 ἐπίνεγκαι
1443 1785 1663 1860 πληγὴν
1720 1784 1809 1838 καὶ

158 1884 340 1944 αὐτός.
375 1907 405 1934 ι)
440 1883 585 1953 Πρὸς
614 1877 671 1935 δὲ
699 1881 788 1934 τὸν
834 1878 961 1942 τοὺς
1007 1877 1210 1950 νόμους
1238 1869 1688 1951 ἐξακριϐούμενον
1722 1872 1808 1928 ἐπὶ

158 1979 233 2045 τῷ
268 1970 566 2047 βούλεσθαι
593 1967 817 2039 ἀδικεῖν,
857 1994 877 2019 ι
912 1966 1095 2038 Οὗτοι,
1128 1964 1344 2044 ἔφησεν,
1374 1965 1425 2019 οἱ
1467 1964 1632 2036 νόμοι
1662 1965 1812 2036 ἡμᾶς

159 2061 555 2118 ἀπολωλέκασι
613 2085 641 2112 ››

226 2356 512 2433 Κατέσχον
561 2353 618 2410 Si
676 2354 738 2408 τὰ
789 2370 1040 2426 σκηπτρα
1081 2354 1182 2433 τῆς
1242 2341 1523 2433 βασιλείας
1548 2338 1582 2408 ἤ
1615 2360 1672 2394 τε
1719 2337 1810 2392 σύ-

164 2457 315 2523 ζυγος
352 2430 524 2501 αύτοῦ
579 2444 670 2498 καὶ
719 2444 770 2497 οἳ
816 2437 1027 2501 παῖδες,
1059 2437 1126 2494 Οἱ
1171 2432 1227 2488 δὲ
1279 2435 1379 2501 τὴν
1427 2430 1602 2503 Ἑῲαν
1652 2448 1816 2482 κατα-

163 2521 452 2612 τρέχοντες
500 2537 731 2608 Τοῦρκοι
779 2528 944 2585 πάλιν
1000 2531 1117 2587 τοῖς
1166 2521 1290 2597 περὶ
1335 2521 1433 2588 τήν
1496 2521 1814 2575 Μεσοποτα-

334 2606 664 2699 ἒφήδρευον,
712 2621 803 2675 καὶ
861 2617 1099 2692 μάλιστα
1147 2618 1265 2668 τοῖς
1311 2609 1436 2686 περὶ
1497 2606 1818 2700 Μελιτηνὴν

165 2711 753 2790 ἐστρατοπεδευμένοις
814 2710 1142 2780 Ῥωμαϊκοῖς
1189 2699 1603 2776 στρατεύμασιν,
1663 2694 1817 2768 θ’ίπερ

162 2787 265 2860 τοῦ-
307 2805 639 2877 ὀψωνισμοῦ
696 2797 1036 2868 ἐνδεήσαντες
1087 2793 1177 2848 καὶ
1236 2795 1343 2844 τῶν
1403 2787 1648 2877 συνήθως
1687 2804 1820 2860 παρ-

167 2896 451 2969 εγομένων
488 2892 671 2951 αὐτοῖς
704 2887 1022 2961 σιτηρισίων
1062 2881 1404 2956 στερούμενοι
1437 2873 1632 2936 ἐνδεῶς
1665 2877 1816 2949 εἶχον

166 2961 590 3047 καὶ-ταπεινῶς,
621 2979 757 3054 πρὸς
807 2976 1025 3036 τούτοις
1074 2971 1131 3026 δὲ
1178 2970 1266 3025 καὶ
1307 2965 1542 3042 ὀργίλως
1591 2961 1681 3018 διὰ

165 3071 399 3140 ἔνδειαν,
444 3071 538 3124 καὶ
603 3069 678 3140 μὴ
733 3071 852 3129 τοῖς
926 3060 1188 3136 ῗθαγενίσι
1243 3057 1564 3132 σρατιώταις
1625 3049 1815 3126 βούλε-

167 3167 286 3217 σθαι
323 3158 609 3222 συνελθεῖν
640 3159 726 3211 καὶ
779 3155 870 3208 τὸν
923 3150 1208 3229 Εὐφράτην
1243 3146 1334 3201 σὺν
1367 3146 1550 3204 αὐτοῖς
1583 3141 1818 3214 περαιώ-

166 3254 383 3306 σασθαι.
440 3245 856 3321 Ἐπερχομὲνων
910 3241 998 3296 οὗν
1051 3243 1159 3293 τῶν
1214 3234 1496 3309 Τούρκων,
1558 3231 1714 3321 μόνοι
1765 3229 1816 3283 o't

165 3337 476 3408 Μελιτηνοὶ
510 3320 843 3394 ἀντιστάντες
887 3330 1012 3404 ἄτερ
1054 3327 1232 3382 αὐτῶν
1278 3323 1528 3396 εὐμαρῶς
1561 3320 1663 3374 ὑπὸ
1709 3323 1816 3373 τῶν

169 3425 478 3504 Βαρϐάρων
531 3425 604 3485 ὡς
679 3416 962 3491 ἑκηϐόλων
1033 3413 1391 3504 ἐλυμαίνοντο
1448 3410 1538 3504 καὶΣ
1605 3430 1817 3504 κατετι-

167 3495 511 3580 τοωσκοντο,
569 3513 786 3566 ἀπαθῶν
838 3509 1015 3563 αὐτῶν
1075 3501 1463 3576 διαμενόντων,
1513 3495 1615 3559 ἕως
1662 3499 1819 3572 ἀναγ-

166 3579 452 3664 κασθὲντες
503 3605 590 3676 [Ρ.
621 3601 747 3672 819]
797 3598 873 3660 είς
925 3597 1016 3650 τὸν
1075 3590 1319 3664 ποταμόν
1364 3609 1423 3643 τε
1478 3585 1670 3676 ἔφυγον
1728 3586 1817 3640 καὶ

168 3698 303 3767 πρὸς
344 3693 537 3767 μάχην
590 3689 676 3742 καὶ
736 3683 955 3743 ἄκοντες
1007 3681 1233 3751 ἔστησαν
1289 3677 1377 3733 καὶ
1434 3681 1579 3730 νῶτα
1635 3673 1818 3730 δοῦναι

161 3755 609 3848 παρεϐιάσθησαν
645 3796 657 3807 ·
690 3776 778 3830 καὶ
825 3779 1035 3847 τροπῆς
1081 3767 1378 3846 γενομένης
1407 3761 1593 3820 ἔπεσον
1625 3764 1818 3839 συχνοὶ

162 3877 214 3946 ἐξ
241 3843 664 3936 ιτιύτῶνξτινὶς
711 3863 768 3919 δὶ
813 3843 902 3917 καὶ
955 3843 1181 3946 ζωγρνίαι
1227 3856 1330 3911 ὑπὸ
1379 3859 1486 3909 τῶν
1521 3849 1816 3946 Βαρϐάρων

164 3941 514 4041 liv/(sequam.
559 3956 622 4012 Οἱ
674 3952 730 4008 δὲ
783 3951 968 4008 λοιποὶ
1023 3953 1103 4020 τῷ
1153 3943 1297 4041 hirta
1349 3946 1447 4041 τῆς
1502 3941 1816 4041 Μελιτηνῆς

165 4031 527 4119 ἆνεγδύθηςαν.
592 4041 1092 4119 Περιφρονήσαντες
1165 4031 1222 4088 δὶ
1268 4032 1495 4092 τούτους
1555 4031 1816 4119 οἱλΒαρ-

161 4137 323 4214 ειροι
389 4117 464 4198 ὧς
514 4132 623 4204 ἤδη
672 4117 1136 4214 καταστραφέντας
1203 4121 1291 4177 καὶ
1337 4122 1574 4214 ἀσθενεῖς
1633 4117 1816 4214 ἐκτρὲτ

161 4208 362 4303 γουσιν
400 4228 537 4300 ἄχρι
589 4218 926 4294 Καισαρείας,
980 4209 1442 4282 καταληϊζομενοι
1499 4210 1672 4262 πάντα
1727 4208 1818 4262 καὶ

159 4295 629 4392 ἔπαστρὲξοντες
674 4310 761 4365 καὶ
823 4307 929 4378 πῦρ
997 4302 1178 4361 αὐτοῖς
1233 4298 1651 4360 ὑπανάπτοντες.
1713 4297 1812 4353 Καὶ

157 4412 239 4477 τῷ
297 4383 462 4473 eniti;
508 4405 606 4455 τοῦ
670 4394 908 4472 μεγάλου
974 4390 1064 4446 καὶ
1133 4387 1479 4477 περιωνύμου
1521 4383 1816 4477 *Βασιλείου

156 4473 597 4564 εἰσπηδήσαντες
636 4487 822 4561 δῃοῦσι
881 4483 976 4556 μὶν
1027 4477 1230 4533 ἅπαντα
1275 4475 1364 4530 καὶ
1405 4477 1472 4530 τὰ
1519 4473 1635 4546 ἱερὰ
1680 4476 1815 4528 καθ-

157 4584 492 4658 αρπάζουσι,
529 4576 920 4652 προσραγὲντες
977 4571 1036 4625 δὲ
1091 4568 1178 4622 καὶ
1235 4569 1302 4639 τῇ
1347 4568 1442 4618 τοῦ
1483 4563 1651 4658 ἁγίουΔ
1671 4567 1814 4637 σορῷ

1921 629 2188 700 Augusta
2219 631 2346 696 fuit,
2379 631 2576 687 omnia
2604 632 2684 687 ita
2734 632 2869 687 fecit
2899 637 2963 686 ut
2993 637 3050 687 et
3079 633 3199 688 viro
3233 634 3569 692 castissima

1923 725 1979 775 et
2008 720 2064 774 in
2109 722 2488 778 instituendis
2537 723 2738 778 liberis
2787 723 3244 795 diligentissima
3291 726 3435 780 etin
3467 727 3568 781 ad-

1923 810 2315 866 ministranda
2347 812 2641 882 republica
2691 814 2943 866 maxime
2987 813 3198 868 idonea
3229 813 3548 870 haberetur

1921 899 2168 952 Moritur
2211 903 2526 970 imperator
2575 917 2759 954 annos
2791 902 2944 956 600
2978 908 3148 956 natus
3179 904 3482 975 sexaginta
3511 909 3570 960 et

1923 987 2098 1055 paulo
2151 987 2424 1056 amplius.
2472 988 2866 1042 Consueverat
2915 995 3105 1044 autem
3141 989 3333 1046 dicere
3382 992 3454 1046 de
3496 991 3569 1046 iis

1921 1076 2019 1144 qui
2051 1074 2161 1129 sibi
2195 1076 2636 1142 insidiarentur,
2673 1094 2732 1131 se
2764 1077 2983 1132 honore
3013 1084 3070 1132 et
3102 1080 3363 1149 pecuniis
3389 1081 3570 1134 haud-

1922 1179 2216 1234 quaquam
2247 1181 2344 1218 eos
2380 1165 2766 1236 privaturum,
2799 1167 2900 1220 sed
2938 1172 3001 1220 ut
3055 1168 3301 1238 captivis
3330 1173 3570 1238 argento

1918 1254 2128 1323 emptis
2162 1271 2430 1318 usurum,
2467 1271 2580 1309 non
2615 1261 2811 1309 autem
2840 1272 2939 1310 eos
2963 1263 3025 1310 ut
3058 1256 3270 1311 liberos
3301 1258 3570 1313 homines

1919 1341 2260 1397 habiturum
2298 1361 2310 1397 :
2346 1366 2372 1392 ‹‹
2406 1345 2610 1398 Ademi
2645 1349 2866 1410 autem,
2900 1343 3113 1414 aiebat,
3147 1363 3260 1401 non
3296 1363 3400 1419 ego
3429 1348 3574 1418 ipsis

1918 1430 2271 1499 libertatem,
2305 1433 2406 1487 sed
2441 1431 2621 1503 leges,
2668 1450 2793 1503 quae
2819 1434 2952 1503 jure
3002 1434 3252 1490 civitatis
3279 1435 3441 1506 ipsos
3473 1453 3575 1491 ex-

1921 1519 2110 1574 cidere
2141 1521 2420 1575 fecerunt.
2454 1543 2480 1570 ››
2512 1520 2855 1592 Disciplinis
2904 1522 3115 1577 eximie
3165 1525 3421 1591 deditus,
3455 1524 3570 1579 aie-

1919 1609 2039 1672 bat,
2098 1632 2117 1656 α
2177 1609 2410 1664 Utinam
2444 1626 2513 1664 ex
2543 1609 2616 1665 iis
2640 1611 2833 1681 potius
2866 1627 3041 1681 quam
3067 1629 3133 1666 ex
3160 1613 3405 1684 imperio
3437 1630 3572 1686 cog-

1921 1713 2210 1752 noscerer.
2248 1720 2276 1746 ››
2307 1700 2568 1769 Cumque
2600 1698 2714 1754 alto
2766 1699 2962 1754 animo
2995 1706 3172 1766 esset,
3205 1701 3439 1756 cuidam
3474 1701 3574 1773 qui

1921 1786 2030 1841 sibi
2064 1787 2289 1842 dixerat
2323 1803 2383 1841 se
2418 1787 2669 1841 libenter
2712 1793 3072 1859 pugnantem
3109 1790 3411 1860 proprium
3446 1807 3578 1844 cor-

1848 1924 1892 1988 Β
1926 1893 2034 1947 pus
2069 1893 2168 1946 pro
2197 1875 2298 1931 illo
2325 1875 2686 1942 oblaturum,
2717 1899 2745 1925 «
2777 1875 3033 1942 Meliora,
3067 1877 3281 1947 inquit,
3318 1879 3574 1949 loquere,

1926 1981 1987 1988 _-
2022 1967 2066 1988 ,ε
2104 1981 2192 1988 __-
2228 1965 2454 1988 tum-..
2491 1966 2706 1988 _-;J__:_
2763 1967 3007 1988 in“.-.
3042 1966 3182 1988 ...ει-ε
3221 1966 3446 1988 ,μμ-Α
3484 1968 3536 1988 ξ-

1925 1981 1990 2020 ac
2021 1967 2068 2020 si
2104 1981 2195 2019 me
2228 1965 2460 2036 lapsum
2491 1966 2730 2031 videris,
2763 1967 3011 2036 ipsemet
3042 1966 3186 2020 mihi
3221 1966 3451 2038 plagam
3484 1968 3575 2022 in-

1924 2054 2027 2109 fer.
2063 2076 2091 2103 ››
2126 2055 2202 2109 Ad
2236 2071 2370 2110 eum
2404 2056 2504 2126 qui
2539 2055 2802 2110 studiose
2832 2055 2990 2127 leges
3035 2056 3375 2127 inquirebat
3404 2074 3578 2129 prop-

1924 2147 2082 2200 terea
2113 2145 2266 2216 quod
2298 2161 2531 2215 peccare
2561 2151 2820 2218 cuperet,
2853 2146 3024 2214 dixit,
3056 2169 3084 2196 «
3119 2149 3247 2202 Istis
3279 2164 3386 2202 nos
3420 2147 3578 2220 leges

1927 2234 2256 2306 perdidere.
2294 2257 2322 2283 »

1997 2357 2312 2413 Obtinuere
2345 2363 2539 2413 autem
2566 2359 2791 2428 imperii
2818 2364 3047 2429 sceptra
3077 2361 3133 2412 et
3156 2359 3369 2429 conjux
3394 2359 3580 2430 ipsius

1927 2451 1985 2502 et
2012 2446 2198 2501 liberi.
2233 2448 2404 2501 Turci
2438 2464 2567 2502 vero
2618 2447 2870 2502 Orientis
2904 2448 3200 2519 regionem
3235 2464 3580 2518 percurren-

1926 2540 2011 2588 tes
2043 2551 2249 2590 rursus
2278 2552 2376 2590 eas
2408 2536 2801 2591 Romanorum
2825 2537 3019 2606 cupias
3052 2553 3177 2606 quas
3209 2537 3279 2590 ad
3315 2539 3580 2608 MesOpo-

1927 2625 2164 2678 tamiam
2198 2629 2384 2690 erant,
2420 2625 2519 2679 sed
2557 2623 2805 2678 maxime
2850 2641 2946 2678 eas
2983 2640 3107 2694 quea
3142 2625 3211 2679 ad
3248 2623 3574 2680 Melitenem

1927 2719 2120 2767 castra
2187 2719 2520 2784 posuerant,
2583 2713 2971 2780 obsidebant;
3029 2730 3152 2780 quae
3212 2719 3577 2769 commeatus

1925 2799 2273 2870 indigentes,
2308 2807 2362 2855 et
2394 2802 2466 2855 iis
2518 2802 2665 2856 cibis
2697 2802 2794 2872 qui
2833 2801 2944 2855 sibi
2995 2801 3331 2871 frequenter
3360 2819 3574 2874 suppe-

1927 2889 2099 2943 ditari
2131 2895 2554 2945 consueverant
2597 2891 2827 2962 privati,
2863 2891 3060 2960 inopia
3091 2889 3581 2945 conﬂictabantur

1928 2992 1994 3030 ac
2025 2976 2235 3032 misere
2283 2979 2589 3049 degebant.
2641 2978 2723 3031 Ad
2762 2977 2879 3030 haec
2933 2977 3064 3030 irati
3097 2978 3168 3030 ob
3220 2992 3414 3030 rerum
3451 2977 3573 3031 ino-

1930 3065 2084 3136 piam
2116 3082 2249 3120 cum
2281 3066 2572 3136 indigenis
2609 3065 2894 3119 militibus
2925 3064 3204 3133 conjungi
3238 3081 3301 3118 ac
3334 3064 3576 3119 ﬂuvium

1927 3154 2275 3225 Euphratem
2309 3171 2439 3208 cum
2472 3155 2617 3226 ipsis
2648 3155 2897 3208 transire
2929 3153 3221 3207 nolebant.
3257 3153 3574 3208 Advenien-

1928 3242 2086 3296 tibus
2116 3242 2298 3314 igitur
2327 3243 2555 3306 Turcis,
2607 3260 2738 3296 cum
2774 3241 2878 3296 soli
2931 3241 3185 3296 Meliteni
3221 3241 3577 3296 restitissent

1929 3334 2054 3388 sine
2102 3334 2266 3405 ipsis,
2323 3332 2489 3388 facile
2537 3351 2567 3387 a
2622 3333 2890 3388 Barbarie
2940 3332 3140 3404 procul
3176 3332 3573 3400 iaculantibus

1927 3421 2291 3477 laadebantur
2329 3432 2379 3476 et
2427 3421 2669 3475 vulnera
2718 3420 3103 3492 accipiebant,
3138 3421 3284 3475 66]
3324 3437 3454 3475 cum
3490 3421 3579 3476 illi

1927 3512 2072 3567 nihil
2119 3511 2454 3566 detrimenti
2507 3511 2852 3582 acciperent,
2905 3514 3090 3580 quoad
3145 3512 3329 3565 coacti
3363 3512 3432 3565 ad
3467 3511 3574 3566 ﬂu-

1927 3601 2086 3656 vium
2137 3602 2431 3672 t‘ugerunt,
2465 3605 2521 3654 et
2568 3601 2636 3653 ad
2691 3599 3073 3671 pugnandum
3124 3600 3439 3654 constitere
3491 3599 3574 3653 vel

1928 3689 2116 3759 inviti,
2161 3697 2217 3743 et
2265 3696 2423 3756 terga
2470 3690 2608 3743 dare
2653 3687 2710 3742 vi
2759 3687 3049 3758 compulsi
3102 3693 3261 3742 sunt.
3313 3691 3577 3758 Cumque

1928 3777 2186 3848 superati
2217 3781 2434 3844 essent,
2469 3776 2638 3830 multi
2669 3793 2736 3830 ex
2779 3777 2924 3847 ipsis
2957 3775 3238 3845 cecidere,
3271 3776 3511 3846 quidam
3544 3793 3578 3830 a

1927 3867 2197 3922 Barbarie
2244 3865 2356 3921 vivi
2407 3865 2581 3936 capti,
2633 3864 2843 3936 reliqui
2897 3865 2955 3919 in
3005 3865 3210 3919 urbem
3244 3863 3574 3919 Melitenem

1926 3971 1989 4010 se
2034 3953 2357 4009 incolumes
2404 3959 2786 4024 receperunt;
2839 3970 2986 4023 quos
3033 3953 3271 4008 Barbari
3321 3957 3576 4007 contem-

1928 4048 2134 4097 nentes
2165 4041 2342 4096 veluti
2376 4040 2697 4096 debellatos
2743 4045 2799 4094 et
2849 4041 3191 4108 imbecillcs,
3228 4045 3578 4112 percurrunt

1926 4149 2115 4202 usque
2136 4131 2205 4185 ad
2230 4130 2550 4185 Cessaream
2573 4129 2770 4185 omnia
2798 4131 3137 4200 diripientes
3168 4136 3225 4185 et
3253 4135 3579 4186 evertentes

1926 4225 2100 4291 atque
2148 4220 2286 4290 igne
2330 4235 2612 4274 succenso
2663 4224 3009 4273 cremantes.
3065 4223 3287 4290 [mpetu
3339 4235 3577 4292 quoque

1926 4308 2075 4362 facto
2109 4324 2164 4378 in
2197 4307 2389 4377 magni
2423 4323 2489 4360 ac
2521 4305 2879 4360 celeberrimi
2908 4306 3102 4361 Basilii
3135 4307 3418 4378 templum
3453 4324 3575 4362 om-

1925 4397 2024 4451 nia
2049 4396 2375 4450 incendunt
2411 4401 2468 4449 et
2499 4412 2665 4450 sacra
2717 4395 3041 4464 diripiunt;
3094 4401 3147 4449 et
3181 4397 3577 4466 irrumpentes

1921 4485 2110 4554 ipsius
2166 4485 2351 4538 sancti
2406 4482 2787 4553 sepulchrum
2849 4483 3069 4537 sanctis
3128 4485 3256 4553 ejus
3309 4483 3578 4555 reliquiis

1924 4572 2067 4627 nihil
2101 4572 2430 4627 detrimenti
2488 4572 2702 4626 inferre
2735 4577 3051 4642 potuerunt
3085 4589 3096 4625 ς
3130 4575 3254 4625 erat
3298 4572 3454 4626 enim
3488 4571 3575 4624 di-

154 4647 240 4744 τῷ
277 4647 422 4747 ἀθέῳ
463 4647 629 4723 αὐτοῦ
675 4647 922 4737 Ἵλειψάνῳ
967 4655 1156 4735 δρᾶσαί
1201 4676 1252 4709 τι
1284 4652 1520 4725 πονηρὸν
1555 4648 1812 4747 οὐδαμξὺς

1927 4661 2169 4726 ligenter
2201 4661 2640 4732 praemunitum.
2673 4664 2730 4713 et
2776 4659 2998 4713 circum
3049 4664 3272 4713 structa
3311 4661 3575 4728 quaedam

154 4736 517 4830 ἠδυνήθησαν
551 4776 565 4787 ·
616 4736 1136 4830 προκατησφάλιστο
1205 4743 1306 4819 γὰρ
1364 4741 1455 4795 καὶ
1513 4736 1818 4814 περιεδεδό-

159 4827 332 4924 μητον
366 4827 669 4917 κτίσμασιν
706 4841 934 4916 ὀχυροῖς
983 4833 1092 4910 [ού]
1138 4832 1344 4909 χρόνου
1372 4827 1652 4901 δεομένοις
1683 4827 1816 4882 πολ-

155 4915 264 4994 λοῦ
296 4937 442 5012 πρὸς
469 4915 796 5000 καθαίρεσιν.
838 4928 914 4981 Τὰ
961 4923 1019 4980 δὲ
1069 4924 1165 4985 τὰς
1213 4920 1348 4980 ὀπὰς
1392 4915 1815 5012 περιστέλλοντα

157 5005 382 5103 θυρίδεα
413 5027 608 5101 χρυσῷ
652 5020 741 5075 καὶ
787 5013 1084 5092 μαργάροις
1143 5006 1527 5083 ἰξειργασμὲνα
1583 5007 1672 5060 καὶ
1724 5005 1809 5061 λί-

155 5097 278 5182 θοις
313 5097 618 5190 ἐξαίρουσι,
652 5109 741 5163 καὶ
789 5107 881 5162 τὸν
936 5103 1069 5160 ὅλον
1121 5099 1327 5190 κόσμον
1356 5097 1810 5190 ὁμοῖν-συμφορή-

153 5227 348 5267 ante:
402 5183 648 5278 ai’pouaw
705 5196 927 5261 ἐκεῖθεν,
999 5186 1330 5264 παραδόντες
1397 5183 1643 5245 πολλοὺς
1700 5189 1808 5238 τῶν

151 5294 477 5367 Καισαρὲων
566 5291 744 5365 σφαγῇ
820 5283 912 5339 καὶ
993 5280 1085 5335 τὸν
1165 5277 1285 5330 ναὸν
1353 5293 1806 5348 καταχραναντες,

152 5361 422 5443 Κάκεῖθεν
483 5361 909 5453 ὑποστρέψαντες
981 5367 1294 5445 διέρχονται
1342 5363 1471 5425 τοὺς
1522 5361 1599 5422 εἲς
1650 5361 1808 5419 Κιλι-

147 5478 280 5530 κίαν
335 5470 564 5544 ἄγοντας
643 5452 970 5529 στενωποὺς,
1026 5454 1256 5531 μηδενὸς
1313 5452 1650 5544 προγνόντος
1701 5452 1807 5544 Δτήν

145 5539 611 5638 τῡὸτωνγῖφοδον,
641 5556 730 5610 καὶ
778 5558 895 5613 τοῖς
957 5547 1160 5617 Κίλιξιν
1203 5543 1546 5617 ἐπιφανὲντες
1598 5539 1805 5610 ἐκπλήο

143 5674 300 5713 nm:
351 5629 628 5724 ἐμνρὸϐους
695 5643 1029 5720 εἰργάσαντο,
1079 5635 1238 5714 φόνον
1293 5629 1465 5685 πολὺν
1525 5633 1806 5693 ποιοῦντες

145 5750 261 5799 τῶν
324 5715 812 5816 παρεμπιπτόντων
901 5729 1103 5788 αὐτοῖς.
1191 5719 1547 5799 Χρονίσαντες
1626 5715 1682 5775 δὶ
1731 5724 1800 5794 τῇ

1925 4750 2170 4804 aedificia
2202 4749 2284 4803 ita
2320 4751 2714 4811 corroborata,
2763 4753 2826 4800 ut
2855 4747 2926 4800 ad
2979 4745 3405 4801 demoliendem
3439 4747 3574 4800 diu-

1922 4841 2098 4892 turno
2133 4842 2391 4907 tempore
2431 4835 2779 4906 indigerent.
2836 4833 2996 4889 Ostia
3029 4850 3159 4888 vero
3192 4849 3304 4904 quo
3341 4833 3574 4888 forami-

1923 4929 2097 4984 nibus
2130 4928 2396 4999 apposita
2420 4928 2665 4992 fuerant,
2686 4942 2830 4980 auro
2848 4931 2905 4980 et
2925 4926 3257 4995 margaritis
3280 4925 3576 4980 elaborata

1922 5018 2313 5090 pretiosisque
2342 5016 2658 5086 lapidibus,
2693 5016 2998 5081 adimunt;
3043 5015 3437 5085 omnibusque
3468 5032 3567 5071 su-

1921 5105 2096 5160 blatis
2129 5104 2512 5172 ornamentis,
2546 5104 2681 5158 inde
2725 5102 3198 5174 proficiscuntur,
3251 5101 3456 5157 multis
3487 5103 3572 5157 in-

1919 5197 2177 5251 terfectis
2207 5194 2663 5250 Caesariensibus
2714 5195 3057 5263 temploque
3111 5189 3355 5262 polluto.
3391 5191 3456 5244 Et
3487 5191 3576 5245 in-

1921 5284 1991 5338 de
2049 5284 2262 5337 reversi
2313 5286 2623 5337 transeunt
2675 5297 2777 5351 per
2824 5286 3109 5349 angustas
3157 5277 3278 5333 vias
3324 5278 3394 5332 ad
3439 5277 3572 5332 Cili-

1917 5374 2068 5428 ciam
2101 5373 2400 5437 ducentes,
2436 5374 2516 5426 ita
2565 5378 2628 5424 ut
2678 5385 2847 5424 nemo
2883 5369 3258 5440 praesenserit
3305 5367 3570 5435 ipsorum

1918 5463 2252 5518 adventum.
2307 5466 2568 5531 (tumque
2618 5463 2856 5531 repente
2910 5462 3319 5529 comparentes
3365 5454 3574 5512 Cilicas

1917 5548 2099 5604 multo
2128 5555 2348 5603 terrore
2378 5547 2791 5617 complessent,
2819 5545 3071 5600 multam
3095 5562 3294 5601 eorum
3329 5543 3430 5616 qui
3455 5543 3546 5599 sib

1913 5643 2286 5694 occurrerent
2333 5639 2545 5692 caedem
2603 5637 2885 5690 fecerunt.
2941 5634 3296 5706 Diutiusque
3345 5634 3404 5688 in
3449 5633 3578 5704 ipsa

1912 5726 2210 5802 provincia
2257 5725 2605 5784 commorati
2654 5740 2786 5781 eum
2822 5740 2952 5780 eam
3003 5727 3335 5792 vexassent,
3370 5721 3577 5796 spoliis
