4078 6336
431 410 545 473 391

1745 404 1779 466 J
1786 405 1997 464 OANN
2003 403 2071 464 IS
2118 404 2521 467 SCYLITZE

3723 414 3847 475 392

430 560 495 599 ac
528 543 719 615 praeda
765 546 820 596 et
867 540 1114 612 captivis
1165 539 1363 594 multis
1413 539 1575 609 potiti
1630 539 1700 593 ad
1747 537 1960 608 Cbalep
2011 555 2061 593 se

2186 538 2347 611 χώρᾳ
2404 538 2492 591 xui
2549 539 2749 610 ταύτην
2798 538 3213 612 λυμηνάμενοι,
3291 543 3379 596 καὶ
3425 542 3681 619 λαφύρων
3729 545 3847 599 ἑαυ-

428 648 718 703 recepere,
754 648 785 685 a
808 631 1060 701 quodam
1089 628 1393 700 transfuga
1416 626 1706 682 Amertice
1740 628 1978 681 nomine
2010 644 2075 682 eo

426 721 707 793 perducti,
742 722 840 791 qui
879 720 1159 775 Romanis
1195 719 1443 773 infestus
1476 719 1628 773 662
1661 722 1783 771 erat
1812 722 1869 770 et
1898 716 2079 788 impe-

425 816 589 867 rante
620 827 757 865 sene
790 809 1074 863 Michaele
1110 809 1176 862 ad
1222 824 1351 861 eum
1388 808 1801 878 transfugerat,
1838 822 2074 876 magna-

424 918 532 971 que
563 901 714 953 dona
744 905 801 952 et
834 899 1081 952 honores
1112 914 1177 952 ac
1211 897 1449 966 praemia
1479 900 1831 951 consecutus
1866 895 2073 949 fuerat.

419 992 525 1044 Sed
562 989 713 1059 apud
764 988 1174 1057 imperatorem
1225 985 1672 1040 Constantinum
1728 988 1946 1037 Ducam
1982 1000 2075 1038 ac-

417 1086 658 1135 cusatus
690 1079 841 1150 quod
879 1079 1074 1149 ipsum
1107 1077 1297 1147 gladio
1322 1077 1738 1131 interfecturus
1764 1080 1939 1141 esset,
1970 1076 2076 1130 hac

417 1173 487 1227 de
546 1187 722 1225 causa
773 1175 1051 1240 perpetuo
1113 1168 1299 1222 fuerat
1358 1166 1560 1221 exsilio
1623 1167 2074 1221 condemnatus.

417 1260 632 1313 Verum
694 1275 823 1312 Ουζϊ]
887 1273 1091 1311 PUI‘SUS
1151 1260 1453 1310 revocatus
1512 1256 1793 1309 adversus
1854 1254 2073 1309 TUI‘COS

422 1349 641 1404 missus
667 1352 841 1414 esset,
877 1354 1017 1401 tunc
1047 1346 1119 1400 ob
1147 1360 1336 1399 rerum
1370 1362 1493 1415 quae
1518 1345 1587 1398 ad
1622 1343 1837 1397 victum
1876 1358 2073 1396 neces-

421 1438 590 1491 saria:
648 1440 785 1489 sunt
841 1434 1099 1504 inepiam
1163 1447 1289 1486 sese
1340 1432 1544 1486 Turcis
1597 1432 1963 1499 adiunxerat,
2020 1435 2076 1485 et

421 1526 716 1596 regionem
749 1523 1003 1593 pessime
1034 1522 1296 1576 vexabat.
1348 1520 1653 1590 Conjuncti
1688 1520 1867 1589 igitur
1898 1519 2071 1571 Turci

420 1619 476 1669 et
507 1613 835 1683 Chalepitae,
872 1611 1016 1665 inita
1060 1612 1211 1665 inter
1261 1627 1322 1664 se
1356 1610 1652 1673 societate,
1688 1606 2070 1661 Antiocheam

418 1703 592 1775 Syriae
625 1704 868 1771 ejusque
902 1701 1151 1754 finitima
1184 1699 1308 1753 loca
1334 1697 1483 1752 male
1517 1701 1820 1761 vexarunt,
1846 1697 2069 1749 caeden-

418 1798 527 1858 tes,
550 1785 1783 1858 comburentes,diripientes,deprzedantes,
1809 1783 2070 1853 captivos

419 1881 793 1944 abducentes,
820 1884 874 1931 et
909 1878 1160 1947 pessima
1192 1891 1433 1946 quaeque
1465 1878 1886 1945 perpetrantes.
1925 1871 2065 1926 Nam

417 1976 475 2025 et
504 1970 785 2023 adversus
833 1967 991 2038 ipsos
1042 1966 1225 2019 οοτιοῑί
1275 1967 1502 2018 fuerant
1553 1963 1744 2017 idonei
1780 1962 2067 2016 exercitus

418 2058 742 2129 Nicephoro
775 2056 1075 2109 Botaniate
1098 2055 1280 2108 duce:
1313 2054 1413 2107 sed
1441 2052 1680 2106 avaritia
1712 2056 1766 2106 et
1789 2051 2066 2122 segnities

419 2164 625 2202 rursus
658 2145 896 2199 effecere
930 2150 992 2197 ut
1021 2143 1215 2197 omnis
1245 2142 1409 2197 labor
1436 2141 1637 2196 irritus
1670 2145 1844 2209 esset,
1879 2156 2067 2209 neque

415 2237 569 2291 enim
604 2236 827 2304 integer
858 2240 1242 2293 commeatus,
1278 2232 1375 2285 sed
1431 2229 1747 2284 mediocris
1798 2230 2065 2299 quaedam

415 2341 551 2395 pars
584 2322 698 2376 illis
730 2320 943 2374 tradita
977 2320 1267 2374 militibus
1301 2320 1550 2390 torporis
1583 2335 1758 2372 causa
1793 2318 1901 2371 fuit
1928 2342 1942 2383 ς
1966 2317 2065 2387 qui

414 2416 650 2482 accepto
693 2410 847 2480 quod
882 2408 995 2461 sibi
1028 2410 1227 2462 datum
1282 2408 1487 2473 fuerat,
1521 2407 1579 2459 in
1613 2423 1780 2460 suam
1816 2406 2065 2475 quisque

415 2501 663 2573 patriam
692 2500 961 2570 dissipati
981 2504 1135 2553 sunt.
1166 2506 1241 2550 Ac
1269 2516 1472 2552 rursus
1499 2497 1730 2551 Barbari
1768 2497 2063 2566 regionem

412 2589 721 2644 incendere
752 2593 809 2642 et
855 2589 978 2642 sine
1036 2592 1192 2641 metu
1244 2602 1600 2657 percurrere.
1656 2585 1903 2656 Exiguae
1933 2601 2064 2638 vero

406 2678 692 2748 juvenum
746 2678 967 2747 copias,
1000 2677 1095 2747 qui
1152 2677 1319 2729 modo
1368 2692 1396 2729 e
1446 2675 1572 2729 suis
1624 2674 1913 2740 domibus,
1966 2673 2062 2727 ubi

413 2766 646 2821 educati
698 2764 948 2830 fuerant,
1005 2765 1359 2833 prodierant,
1411 2761 1605 2832 parvis
1659 2776 1722 2815 ec
1790 2761 2055 2815 minimis

412 2854 750 2924 sumptibus
811 2856 1037 2906 coactas
1097 2851 1411 2905 Antiochiae
1462 2850 1595 2905 duci
1645 2850 2058 2917 tradiderunt;

413 2944 511 3014 qui
547 2943 777 3009 aliquod
814 2943 1049 3012 quidem
1086 2942 1309 2995 facinus
1365 2946 1697 3011 perpetrare
1728 2940 2060 3010 cupiebant,

406 3032 650 3103 juvenili
706 3030 950 3084 audacia
1001 3028 1340 3091 militantes,
1394 3030 1490 3082 sed
1538 3028 1670 3082 belli
1722 3028 1974 3097 imperiti
2008 3034 2063 3082 et

414 3123 542 3178 sine
590 3120 850 3191 equitatu
905 3136 970 3172 ac
1018 3119 1132 3173 fere
1184 3119 1436 3172 inermes
1489 3122 1544 3171 et
1595 3117 1757 3180 nudi,
1810 3133 1940 3169 cum
1994 3133 2062 3169 ne

414 3211 825 3281 quotidianum
852 3208 1086 3279 quidem
1108 3207 1323 3260 victum
1349 3207 1645 3272 baberent,
1671 3205 2063 3261 intolerabilia

2186 626 2313 688 τοὺς
2369 625 2745 699 ἐμπλήσαντες
2804 630 2893 683 xui
2940 629 3086 691 λείας
3123 631 3210 684 xui
3260 629 3648 705 αἰχμαλωσίας
3699 633 3843 688 πολ-

2190 714 2314 785 λῆς,
2349 716 2536 770 ἀπίασι
2574 719 2706 792 πρὸς
2762 720 2823 771 τὸ
2872 718 3082 789 Χάλεπ,
3132 722 3278 793 παρά
3332 742 3477 782 τινος
3524 721 3843 793 αὐτομόλου

2192 805 2489 880 Ἀμερτικῆ
2547 805 2846 882 λεγομένου
2905 806 3262 883 ὀδηγηθὲντες
3322 809 3508 880 ἐκεῖσε,
3564 808 3843 883 δυσμενῶς

2186 899 2301 954 τοῖς
2363 894 2658 966 Ῥωμαίοις
2737 894 3079 969 διακειμένου
3149 898 3234 952 ἐπὶ
3284 903 3380 953 τοῦ
3437 899 3691 973 γέροντος
3752 903 3845 972 μὶν

2188 982 2421 1058 Μιχαὴλ
2468 983 2952 1057 αὐτομολήσαντος
3003 988 3091 1041 xui
3127 988 3393 1062 τυχόντος
3450 988 3701 1063 μεγάλων
3734 989 3839 1044 δωο

2187 1076 2320 1146 ρεῶν
2371 1074 2460 1126 xui
2508 1079 2683 1146 τιμῶν
2746 1074 2832 1128 καὶ
2894 1076 3186 1145 ἀξιώσεων,
3246 1078 3720 1151 κατηγορηθέντος
3778 1077 3835 1133 δὲ

2186 1161 2331 1234 παρὰ
2358 1167 2438 1233 τῷ
2502 1162 2719 1237 βασιλεῖ
2775 1165 3156 1235 Κωνσταντίνῳ
3212 1170 3290 1236 τῷ
3356 1165 3529 1236 Δούκᾳ
3579 1167 3652 1227 ὡς
3703 1165 3839 1239 μέλ-

2186 1247 2377 1311 λοντος
2407 1250 2563 1304 αὐτὸν
2621 1254 2871 1327 μαχαίρᾳ
2923 1250 3377 1328 διαχειρίσασθαι,
3426 1254 3513 1308 καὶ
3545 1251 3635 1308 διά
3676 1260 3838 1309 τοῦτο

2182 1340 2594 1412 κατακριθέντος
2653 1339 2814 1412 ἀίδίῳ
2882 1344 3047 1416 φυγῇ,
3108 1341 3271 1396 πάλιν
3359 1340 3415 1395 δέ
3464 1363 3523 1419 γε
3569 1345 3837 1418 τυχόντος

2184 1426 2535 1497 ἀνακλήσεως
2601 1430 2688 1484 xui
2756 1430 3090 1494 ἀποστάντος
3168 1431 3305 1485 κατὰ
3390 1429 3496 1486 τῶν
3558 1431 3834 1506 Τοῦρκων,

2180 1521 2473 1584 τηνικαῦτα
2506 1515 2562 1571 δὲ
2596 1515 2687 1572 διὰ
2730 1519 2917 1571 σπάνιν
2968 1514 3079 1572 τῶν
3131 1519 3435 1592 ἀναγκαίων
3464 1520 3834 1593 προσθεμένου

2178 1625 2237 1657 τε
2292 1611 2408 1669 τοῖς
2466 1606 2733 1680 Τούρκοις
2794 1608 2883 1661 καὶ
2964 1608 3061 1675 τὴν
3124 1609 3311 1683 χώραν
3364 1606 3691 1673 διατιθέντος
3741 1612 3832 1664 κά-

2180 1713 2353 1749 κιστα.
2389 1694 2677 1765 Γενόμενοι
2710 1699 2840 1769 γοῦν
2894 1696 2948 1750 ἓν
3005 1694 3055 1749 οἳ
3107 1718 3163 1750 τε
3193 1701 3424 1769 Τοῦρκοι
3452 1698 3541 1752 καὶ
3569 1699 3621 1750 οἱ
3650 1697 3829 1753 Χαλει

2178 1787 2351 1846 πῖται,
2387 1783 2473 1835 xui
2506 1782 2811 1857 ὁμολογίαν
2856 1781 3037 1846 δόντες
3070 1783 3362 1854 ἀλλήλοις,
3404 1786 3501 1853 τὴν
3554 1785 3606 1839 ἰν
3660 1788 3830 1859 Συρίᾳ

2180 1871 2521 1944 Ἀντιόχειαν
2580 1872 2666 1927 xui
2726 1873 2791 1927 τὰ
2848 1874 2969 1947 περὶ
3047 1875 3215 1942 αὐτὴν
3275 1879 3452 1935 κακῶς
3510 1872 3825 1947 διετίθεσαν,

2178 1959 2481 2036 σφάζοντες,
2544 1961 2988 2034 πυρπολοῦντες,
3047 1960 3553 2033 ἀνδραποδίζοντες,
3614 1962 3824 2034 λεηλα-

2176 2053 2413 2119 τοῦντες,
2472 2048 2979 2125 αῗχμαλωτίζοντες
3037 2052 3126 2105 xui
3179 2054 3279 2105 πάν
3342 2050 3394 2106 εἷ’
3444 2075 3495 2106 τι
3551 2054 3828 2127 χείριστον

3290 2142 3393 2216 γὰρ
3454 2142 3830 2215 στρατεύματα

2177 2226 2259 2280 ἐπ’
2291 2227 2473 2289 αὐτοῖς
2520 2226 2801 2304 ἀξιόλογα,
2854 2230 3165 2306 Νικηφόρον)
3198 2232 3347 2291 ὄντος
3396 2229 3492 2285 τοῦ
3540 2234 3828 2287 Βοτανειά-

2178 2134 2653 2210 διαπραττόμενοι.
2729 2140 3201 2215 Συνηθροίσθησαν

2174 2337 2269 2369 του
2303 2316 2352 2370 ἐν
2390 2317 2554 2391 ταύτῃ
2609 2315 2824 2390 δουκὸς,
2870 2322 2903 2387 ἡ
2952 2316 3007 2372 δὲ
3060 2316 3327 2396 φειδωλία
3376 2321 3464 2373 καὶ
3497 2322 3528 2389 ἠ
3562 2320 3831 2396 γλισχρό-

2174 2426 2275 2473 της
2306 2402 2547 2478 ἄπρακτα
2578 2405 2741 2460 πάλιν
2794 2407 2860 2461 "tbi
2908 2406 3078 2461 πάντα
3133 2406 3422 2478 ἀπέδειξεν.
3451 2410 3530 2465 Οὐ
3561 2411 3661 2485 γάρ
3696 2410 3829 2465 ὁλό-

2176 2495 2381 2567 κληρον
2413 2495 2474 2548 τὸ
2509 2495 2766 2567 ὀψώνιον,
2802 2496 2944 2551 ἀλλά
2997 2498 3215 2572 μερικὸν
3265 2499 3453 2562 αὐτοῖς
3482 2499 3568 2552 xui
3608 2519 3829 2573 μετριον

2176 2581 2329 2645 δοθὲν
2362 2592 2627 2657 ναρκῆσαι
2678 2585 2804 2646 τοὺς
2854 2590 3185 2661 στρατιώτας
3244 2585 3467 2657 ἐποίησε
3501 2608 3512 2619 ·
3566 2582 3833 2651 λαϐόντες

2173 2674 2277 2748 γὰρ
2308 2674 2369 2727 τὸ
2402 2670 2552 2728 δοθὲν
2618 2674 2694 2735 εἴς
2752 2676 2818 2729 τὰ
2868 2676 3043 2730 οἰκεῖα
3094 2674 3567 2747 διεσκεδάσθησαν,
3597 2678 3685 2731 καὶ
3732 2681 3833 2733 πά-

2176 2760 2259 2816 λίν
2288 2762 2419 2830 ἦσαν
2454 2763 2508 2815 οἱ
2542 2758 2808 2839 βάρϐαροι
2842 2766 2939 2834 τὴν
2982 2765 3170 2839 χώραν
3205 2762 3505 2838 δῃοῦμενοι
3535 2767 3622 2819 καὶ
3655 2763 3829 2827 ἀδεῶς

2172 2852 2613 2926 κατατρέχοντες.
2646 2855 2729 2924 [Ρς
2771 2857 2897 2926 820]
2948 2853 3215 2908 Νεολαίαν
3276 2852 3332 2908 δέ
3390 2875 3510 2908 τινα
3563 2856 3828 2929 βραχεῖαν

2174 2936 2291 3012 ἄρτι
2345 2945 2455 2995 τῶν
2517 2940 2858 3013 οἰκημάτων,
2933 2946 3015 3004 οἷς
3087 2943 3450 3020 ἐνετρέφοντο,
3514 2942 3827 3013 ἐκπεπηδη-

2170 3035 2325 3083 κυῐαν
2363 3036 2581 3106 μικροῖς
2612 3032 2695 3085 xui
2748 3030 3061 3106 ἐλαχίστοις
3112 3032 3454 3106 ἀθροίσαντες
3500 3032 3825 3106 ἀναλώμασι

2170 3123 2247 3188 τῷ
2277 3126 2374 3188 τῆς
2424 3120 2762 3194 Ἀντιοχείας
2808 3121 3034 3195 ἡγεμόνι
3088 3120 3417 3195 ἐνεχείρισαν
3458 3140 3469 3153 ·
3526 3123 3577 3175 οἳ
3630 3120 3827 3194 δρᾶσαι

2176 3209 2269 3278 μέν
2318 3229 2366 3262 τι
2426 3214 2835 3283 προεθνδμοῦντο
2903 3210 3006 3263 ἀπὸ
3073 3213 3397 3284 νεωτερικῆς
3485 3211 3826 3285 θρασύτητος

414 3300 600 3355 multa
631 3300 782 3354 663
816 3298 973 3369 passi
1008 3298 1063 3351 in
1099 3298 1346 3367 patriam
1398 3312 1564 3349 suam
1598 3296 1725 3349 sine
1757 3295 1940 3365 gloria
1974 3313 2058 3349 re-

2174 3296 2652 3370 στρατηγούμενοι,
2716 3296 3147 3371 ἀπειροπόλεμοι
3197 3295 3253 3351 δὲ
3308 3295 3455 3360 ὄντες
3502 3299 3589 3353 xui
3652 3298 3821 3376 ἄφιπο

413 3390 563 3445 versi
600 3395 777 3455 sunt;
825 3405 969 3457 quos
1002 3389 1118 3440 dux
1170 3386 1502 3440 Botaniates
1533 3402 1665 3439 cum
1713 3386 1837 3439 suis
1870 3391 2057 3456 prote-

413 3480 676 3534 ctoribus
708 3483 763 3532 et
792 3477 1145 3547 quibusdam
1180 3475 1430 3529 externis
1458 3475 1641 3544 copiis
1675 3474 1837 3528 facile
1872 3478 2061 3545 potuit

412 3566 715 3639 repellere.
765 3566 973 3619 Verum
1024 3581 1156 3619 cum
1191 3564 1286 3618 ille
1332 3563 1636 3617 abdicatus
1685 3568 1839 3618 esset
1873 3564 2061 3634 magi-

413 3662 623 3721 stratu,
680 3654 919 3709 Barbari
996 3653 1165 3725 longe
1241 3653 1581 3706 audaciores
1638 3657 1777 3706 sunt
1851 3651 2058 3722 effecti,

413 3752 777 3802 commeatus
856 3742 1052 3813 inopia
1129 3740 1449 3812 plurimum
1531 3740 1792 3794 civitates
1863 3740 2056 3811 oppri-

417 3842 630 3894 mente.
665 3840 721 3889 et
752 3833 997 3889 aliarum
1033 3849 1225 3886 rerum
1251 3848 1375 3903 qua;
1407 3831 1476 3886 ad
1510 3829 1725 3884 victum
1760 3830 1891 3884 usui
1923 3834 2060 3885 sunt

410 3926 761 3997 indigentia.

478 4224 588 4279 Sed
624 4240 757 4279 cum
808 4223 1140 4276 necessario
1192 4237 1282 4276 res
1323 4222 1461 4292 ipsae
1511 4222 1839 4293 indigerent
1872 4221 2055 4290 impe-

404 4316 618 4375 ratore,
669 4310 766 4380 qui
819 4326 917 4364 eas
969 4315 1162 4378 posset
1209 4309 1566 4364 constituere
1614 4315 1670 4365 et
1711 4311 1768 4363 in
1820 4326 2051 4380 aequum

405 4405 623 4455 statum
658 4400 799 4454 adeo
832 4400 1093 4453 adversis
1137 4400 1502 4470 temporibus
1535 4400 1817 4469 redigere,
1850 4415 2052 4453 cense-

403 4489 578 4543 batur
611 4486 863 4541 maxime
915 4487 1160 4541 idoneus
1212 4488 1545 4542 Botaniates
1593 4492 1651 4541 et
1700 4486 1798 4541 alii
1834 4487 2048 4542 multi:

404 4582 663 4632 attamen
697 4576 959 4631 divinum
994 4577 1128 4630 vicit
1149 4576 1483 4641 consilium,
1511 4582 1565 4630 et
1588 4576 1804 4630 idcirco
1836 4576 1905 4629 ad
1932 4575 2053 4629 haec

2171 3405 2286 3453 ποι,
2338 3383 2530 3459 σχεδὸν
2584 3386 2669 3439 καὶ
2731 3383 2934 3440 ἄοπλοι
2992 3388 3078 3440 καὶ
3138 3386 3332 3460 γυμνοὶ
3391 3388 3477 3441 xui
3542 3387 3679 3459 μηδὲ
3721 3392 3819 3444 τὸν

2169 3475 2473 3547 ἡμερήσιον
2522 3473 2680 3549 ἄρτον
2734 3470 2979 3550 ἔχοντες,
3021 3473 3207 3529 πολλά
3257 3476 3515 3538 παθόντες
3550 3477 3822 3546 ἀνήκεστα

2171 3561 2244 3623 εἷς
2286 3563 2384 3630 τὴν
2440 3569 2585 3637 σφῶν
2633 3563 2847 3625 ἀκλεῶς
2897 3564 3285 3638 ἐπανέστρεψαν
3340 3572 3462 3640 γῆν,
3494 3569 3589 3618 τοῦ
3623 3562 3823 3628 δουκὸς

2169 3649 2524 3705 Βοτανειάτου
2573 3652 2705 3724 μετὰ
2731 3656 2838 3706 τῶν
2891 3653 3104 3706 οἰκείων
3157 3653 3500 3706 ὑπασπιστῶν
3534 3653 3620 3706 καί
3648 3675 3819 3708 τινων

2168 3738 2386 3807 ξενικῶν
2461 3737 2741 3811 δυνάμεων
2842 3745 3073 3815 μετρίως
3182 3741 3376 3803 αὐτοὺς
3472 3737 3819 3810 ἀποσοϐῆσαι

2170 3827 2511 3902 ἰσχύσαντος.
2572 3828 2979 3897 Παραλυθέντσς
3031 3828 3087 3884 δὶ
3147 3829 3350 3884 ἐκείνου
3408 3830 3473 3885 τὰ
3522 3835 3629 3885 τῶν
3677 3834 3817 3907 Βαρ-

2169 3911 2349 3990 ϐάρων
2409 3917 2495 3971 ἐπὶ
2554 3917 2721 3973 πλέον
2798 3919 3119 3994 ἐθρασῦνθη,
3180 3917 3443 3980 σιτοδείας
3502 3919 3586 3973 ἐπὶ
3644 3921 3817 3975 πλέον

2166 4005 2457 4075 πιεζοῦσης
2504 4008 2597 4067 τὰς
2654 4006 2845 4069 πόλεις
2912 4008 2998 4061 xui
3077 4012 3182 4061 τῶν
3245 4004 3428 4062 ἄλλων
3490 4005 3817 4077 ἐπιτηδείων

2168 4091 2389 4154 ἐνδείας.

2238 4216 2397 4273 Ἀλλ’
2443 4216 2735 4292 ἐπειδήπερ
2794 4217 2845 4288 ἐξ
2894 4220 3127 4294 ἀνάγκης
3183 4219 3455 4289 βασιλέως
3513 4216 3709 4289 ἐδεήθη
3739 4220 3817 4273 τὰ

2164 4307 2453 4380 πράγματα
2522 4305 2816 4379 δυναμένου
2894 4307 3027 4361 αὐτά
3110 4313 3293 4371 ποσῶς
3364 4310 3691 4376 καταστῆσαί
3753 4330 3817 4363 τε

2162 4398 2247 4449 xui
2283 4394 2541 4466 ὁμαλίσαι
2597 4395 2649 4450 ἂν
2701 4394 2873 4459 οὕτως
2922 4396 3182 4456 ἐναντίοις
3231 4397 3318 4450 xui
3350 4401 3582 4469 καιροῖς,
3616 4396 3825 4469 ἐπεψη-

2163 4484 2343 4561 φίζετο
2379 4485 2474 4555 μὶν
2534 4482 2963 4557 ἀξιολογώτατος
3029 4486 3056 4538 ὁ
3120 4486 3471 4554 Βοτανειάτης
3502 4483 3590 4538 xui
3646 4482 3819 4540 ἄλλοι

2162 4571 2388 4640 πολλοὶ,
2422 4579 2545 4644 νικᾷ
2576 4571 2631 4627 δὲ
2664 4575 2815 4645 ὅμως
2845 4577 2878 4642 ἡ
2915 4574 3027 4627 Θεία
3064 4573 3268 4648 βουλὴ,
3304 4572 3388 4628 διὸ
3418 4573 3507 4627 καὶ
3556 4574 3821 4647 ἀνάγεται

404 4666 746 4737 perducitur
777 4665 1134 4729 bestarches,
1165 4665 1462 4720 Romanus
1485 4665 1904 4719 Constantinus
1928 4664 2055 4717 Dio-

2174 4660 2249 4714 ἒπὶ
2294 4666 2458 4715 ταῦτα
2516 4663 2542 4715 ὁ
2606 4662 2930 4736 βεστάρχης,
2975 4662 3254 4734 Ῥωμανὸς
3306 4664 3332 4715 ὁ
3385 4667 3817 4732 Κωνσταντῖνος,

402 4756 567 4826 genis
601 4754 774 4809 filius.
802 4755 923 4818 Quo
956 4760 1148 4808 autem
1178 4756 1346 4808 modo
1377 4755 1693 4823 perductus
1716 4754 2056 4817 fuerit,mox

403 4843 614 4897 dicam.
652 4843 789 4896 Erat
820 4847 1051 4897 creatus
1106 4844 1224 4896 dux
1256 4842 1523 4897 Sardices
1573 4842 1873 4911 Diogenes.
1910 4842 2053 4895 Cum

404 4936 598 4985 autem
650 4932 933 5002 patricius
984 4936 1158 4993 esset,
1197 4931 1359 5000 petiit
1407 4931 1477 4984 ab
1522 4930 1875 5000 imperatore
1908 4931 2053 4983 Con-

403 5022 660 5076 stantino
716 5022 872 5075 Duca
924 5022 1028 5075 hoc
1080 5021 1298 5075 honore
1347 5020 1497 5074 afﬁci
1535 5026 1597 5074 ut
1644 5024 1799 5075 esset
1829 5021 2052 5074 bestar-

403 5109 563 5165 ches.
617 5110 938 5181 Imperalor
986 5115 1182 5164 autem
1237 5109 1617 5180 respondens,
1665 5132 1691 5157 ‹‹
1726 5109 2052 5163 Ostendens

403 5215 577 5267 opera
609 5213 845 5267 reposce
896 5197 1246 5263 mercedem,
1280 5219 1299 5246 ιι
1355 5197 1591 5249 inanem
1642 5195 1834 5264 ipsum
1871 5212 1931 5248 re
1960 5194 2051 5247 in-

403 5285 551 5339 fecta
602 5284 845 5351 dimisit,
888 5284 1015 5354 ejus
1050 5284 1314 5354 petitioni
1365 5282 1607 5337 minime
1656 5281 2049 5338 consentiens.

403 5374 688 5443 Egressus
721 5372 901 5445 igitur
932 5372 1239 5443 Diogenes,
1270 5389 1403 5426 cum
1437 5372 1508 5425 ad
1540 5370 1833 5425 Sardicem
1859 5387 2053 5442 perve-

410 5462 599 5515 nisset
630 5461 1055 5530 incidissetque
1105 5460 1160 5514 in
1197 5460 1551 5527 Patzinacas,
1584 5459 1684 5529 qui
1739 5464 2054 5529 eruperant

407 5553 465 5604 et
497 5548 787 5617 regionem
822 5550 1194 5620 diripiebant,
1232 5552 1301 5604 de
1342 5550 1486 5619 ipsis
1518 5555 1734 5619 tropaea
1765 5549 1963 5619 erexit,
1998 5555 2047 5603 el

406 5652 475 5692 ex
505 5637 690 5706 captis
719 5638 877 5692 vivos
926 5639 1418 5708 quamplurimos.
1453 5638 1886 5692 interfectorum
1922 5655 2051 5694 vero

407 5728 601 5797 capita
629 5726 963 5798 imperatori
1010 5728 1190 5782 misit.
1246 5728 1310 5782 Et
1339 5728 1556 5783 idcirco
1609 5726 1947 5782 bestarches
1978 5729 2048 5784 ab

2165 4755 2262 4804 τοῦ
2322 4750 2609 4824 Δοιγένους
2666 4750 2803 4812 υἱός.
2863 4752 2961 4807 "Ov
3024 4748 3080 4804 δὲ
3128 4751 3327 4824 τρόπον
3371 4750 3609 4825 ἀνήχθη,
3669 4746 3828 4814 ἔνθεν

2167 4838 2416 4912 έρῶ.“ΙΙν
2455 4839 2550 4909 μὲν
2610 4833 3068 4911 προϐεϐλημένος
3124 4836 3247 4908 δοὺξ
3291 4835 3562 4912 Σαρδικῆς
3608 4840 3636 4891 ὁ
3684 4846 3824 4893 Διο-

2165 4928 2323 5001 γένης
2358 4947 2369 4958 ⁸
2415 4927 2695 5001 πατρίκιος
2740 4924 2797 4980 δὲ
2842 4929 3122 5002 τυγχάνων
3172 4927 3401 4997 ἐζήτησε
3443 4930 3535 4981 τὸν
3586 4926 3831 5001 βασιλέα

2167 5023 2567 5069 Κωνσταντινον
2621 5016 2713 5069 τὸν
2776 5015 2975 5069 Δούκαν
3027 5018 3323 5087 τιμηθῆναι
3384 5016 3713 5089 βεστηάρχης.
3760 5018 3830 5073 Ὀ

2166 5102 2223 5157 δὲ
2258 5102 2508 5176 βασιλεὺς
2547 5103 2783 5157 ὑπειπὼν
2829 5102 2975 5175 αὐτῷ
3007 5122 3018 5133 ·
3058 5129 3085 5154 ‹‹
3124 5102 3388 5157 Δεικνόων
3424 5101 3556 5176 ἔργα
3598 5102 3830 5159 ἀπαίτει

2171 5190 2392 5263 μισθοὺς
2442 5215 2469 5241 ››
2518 5193 2670 5245 κενὸν
2726 5191 2882 5245 αὐτὸν
2949 5192 3037 5245 καὶ
3101 5192 3372 5265 ἄπρακτον
3431 5191 3828 5263 ἀπεπέμψατο,

2168 5282 2242 5351 μὴ
2297 5279 2583 5355 προσέχων
2643 5283 2710 5351 τῇ
2793 5279 3001 5349 αἰτήσει
3062 5282 3246 5336 αὐτοῦ.
3307 5278 3568 5349 Ἐξελθὼν
3631 5278 3727 5332 οὖν
3799 5282 3830 5335 ὁ

2164 5369 2427 5441 Διογένης
2477 5369 2564 5422 xui
2620 5369 2717 5435 τήν
2772 5364 3047 5437 Σαρδικὴν
3096 5363 3441 5438 καταλαϐὼν,
3494 5368 3827 5441 περιτυχὼν

2166 5458 2516 5525 Πατζινάκοις
2576 5455 2849 5527 ἐξελθοῦσι
2908 5457 2997 5510 xui
3052 5455 3385 5526 λεηλατοῦσι
3436 5458 3532 5522 τήν
3594 5455 3827 5528 χώραν,

2161 5548 2419 5619 τρόπαιον
2473 5548 2735 5616 ἱστήσατο
2795 5547 2910 5599 κατ’
2942 5545 3138 5612 αὐτῶν,
3186 5548 3275 5600 xui
3318 5551 3424 5599 τῶν
3475 5544 3824 5599 ἑαλωκότων

2165 5639 2366 5703 ζῶντας
2424 5635 2515 5705 μὶν
2563 5633 2829 5700 πολλοὺς,
2879 5654 2911 5687 κ
2943 5633 3118 5709 φαλάς
3172 5632 3227 5689 δὲ
3280 5638 3385 5687 τῶν
3446 5632 3829 5707 ἀνῃρημένων

2159 5729 2239 5796 τῷ
2278 5723 2494 5800 βασιλεῖ
2546 5725 2849 5802 πεπομφὼς
2899 5723 3135 5798 ἐτιμήθη
3195 5726 3523 5800 βεστάρχης,
3571 5724 3841 5799 γράψειν.
