4060 6344
191 406 310 464 393

1714 399 2105 461 HISTORIA.

3497 412 3614 472 391

189 537 286 598 τὸς
324 534 471 607 αύτῷ
499 539 598 590 τοῦ
633 535 902 611 βασιλίως
933 535 1007 596 ὡς
1030 556 1058 586 ‹‹
1079 534 1196 591 Οὐκ
1216 531 1347 605 ἐμὸν
1376 530 1627 607 δῶρον,ῶ
1653 531 1838 606 Διόγε-

1959 532 2304 605 imperatore
2353 545 2583 592 creatus
2633 543 2758 605 est;
2795 541 2892 610 qui
2935 540 3174 612 quidem
3223 541 3275 597 ei
3326 542 3611 614 scripsit;

191 629 494 697 νες,τοῦτο,
517 623 663 679 ἀλλὰ
691 631 789 695 τῆς
823 623 1029 684 οἲκείας
1053 623 1252 700 ἀρετῆς
1277 623 1368 678 καὶ
1412 618 1790 697 ἀνδραγαθίας.
1821 644 1848 671 ››

191 708 500 789 Διατρίϐων
553 711 611 768 δὶ
659 713 830 769 ἐκεῖσε
871 709 1164 784 ἠϐουλήθη
1220 712 1318 786 μὲν
1367 713 1589 786 ἀντᾶραι
1635 715 1716 783 τῷ
1749 711 1852 786 βα·

190 803 361 874 σιλεῖ,
395 801 543 858 ἀλλά
587 804 650 858 τὸ
701 802 1080 877 μελετώμενον
1133 803 1209 865 εἷς
1243 802 1358 880 φῶς
1393 801 1610 876 ἀγαγεῖν
1657 796 1850 860 δεδιὼς

191 893 288 961 ἦν.
317 895 514 966 Ὅμως
547 889 736 961 ἐπειδή
769 894 797 947 6
831 890 1085 968 βασιλεὺς
1130 891 1273 961 ἀπῆν
1323 891 1412 946 καὶ
1450 891 1518 944 τὰ
1553 895 1652 959 τῆς
1698 888 1849 964 βασι-

188 981 343 1043 λείας
392 981 688 1058 ἐχήρευον,
719 980 1126 1057 κοινολογεῖταί
1154 1003 1258 1036 τινι
1298 985 1404 1035 τῶν
1438 978 1850 1034 πιστικωτάτων

184 1072 250 1127 τὸ
279 1076 531 1146 πρᾶγμα,
561 1070 653 1126 καὶ
704 1068 774 1125 δι’
803 1069 969 1126 αὐτοῦ
1014 1075 1133 1133 τοῖς
1181 1067 1599 1145 παρακειμένοις
1649 1065 1848 1129 ἔθνεσιν

187 1159 475 1232 ὁμιλήσας
504 1160 629 1236 περὶ
677 1165 876 1216 ταυτοῦ
924 1159 1271 1235 πράγματός,
1304 1155 1503 1235 φιλίως
1553 1157 1704 1227 αύτῷ
1733 1151 1850 1209 δια-

184 1249 492 1322 κειμένοις,
537 1251 697 1325 ἧρξεν
746 1252 972 1327 ἡμερῶν
1018 1268 1204 1317 τινων,
1255 1254 1355 1317 τῆς
1401 1246 1568 1301 αὐτοῦ
1616 1243 1854 1319 γενναιό-

185 1361 363 1410 τητος
413 1345 609 1416 πεῖραν
663 1338 853 1415 ἔχουσι
915 1335 1161 1412 δαψιλῆ.
1224 1337 1328 1393 Καὶ
1388 1334 1651 1409 μηνύεται
1704 1333 1854 1408 παρά.

184 1449 334 1492 τινος
365 1429 662 1505 Ἀρμενίου
706 1429 768 1483 τὸ
814 1429 987 1503 γένος,
1017 1427 1106 1482 καὶ
1158 1423 1224 1496 δὴ
1258 1423 1596 1499 συλληφθεὶς
1636 1420 1852 1494 δεσμώ-

184 1539 288 1587 της
343 1518 489 1593 πρὸς
533 1519 631 1586 τήν
688 1513 944 1592 βασιλίδα
994 1515 1278 1591 ἀπαγεται.
1311 1512 1629 1588 Ἐλεγχθεὶς
1675 1509 1734 1565 δῖε
1760 1509 1851 1565 καὶ

183 1608 560 1679 κπαθὲμενος
609 1605 698 1661 καὶ
749 1604 840 1660 διά
881 1609 1044 1660 τοῦτο
1109 1602 1446 1680 κατακριθεὶς
1496 1600 1721 1665 θανάτου
1777 1600 1852 1661 ὡς

187 1692 497 1758 ἐπίϐουλος
545 1695 918 1770 ὑπερορίζεται
971 1695 1057 1749 καὶ
1109 1701 1208 1764 τῆς
1254 1691 1470 1752 πόλεως
1501 1685 1848 1760 ἐκϐάλλεται,

184 1791 351 1841 πᾶσιν
410 1785 561 1840 ἀνίαν
615 1783 894 1858 ἐνθέμενος
946 1785 1061 1838 ὅσοι
1109 1785 1208 1852 τῆς
1251 1781 1416 1837 αὐτοῦ
1463 1780 1850 1856 γενναιότητος

185 1873 276 1929 καὶ
338 1871 564 1950 ἀνδρίας
622 1873 674 1929 ἓν
734 1871 1292 1972 πείρᾳᾳκαθίσταντο.
1352 1872 1435 1941 [Ρ.
1475 1869 1743 1972 ‘8211'01
1803 1865 1849 1922 δ’
1883 1907 1927 1972 Β

186 1964 517 2040 ἀγνοοῦντες
571 1962 632 2018 ἐκ
684 1968 792 2019 τῶν
843 1959 1064 2018 εἰδότων
1114 1965 1279 2016 ταῦτα
1325 1952 1848 2034 παραλαμϐάνοντες

190 2053 451 2128 ὑπῆρχον
505 2053 558 2124 ἐξ
605 2051 848 2127 ἀνάγκης
894 2050 1130 2125 ἐρασταί.
1180 2053 1283 2106 Καὶ
1319 2046 1412 2103 διὰ
1455 2052 1616 2102 τοῦτο
1657 2044 1729 2102 δι’
1757 2046 1848 2102 εὐ·-

189 2148 303 2216 χῆς
333 2143 406 2210 ἦν
452 2145 572 2202 τοῖς
620 2138 776 2204 ὅλοις
823 2139 1091 2215 ἀνώτερον
1133 2139 1222 2193 τὸν
1275 2134 1441 2212 ἄνδρα
1487 2136 1722 2210 γενέσθαι
1752 2155 1846 2190 κο-

189 2229 513 2304 λαστηρίων
571 2229 660 2285 καὶ
742 2235 1073 2305 χαρισθῆναι
1145 2231 1214 2300 τῇ
1289 2223 1578 2298 Ῥωμαίων
1653 2229 1844 2280 τοῦτον

187 2319 363 2396 ἀρχῇ.
397 2319 550 2374 Ἑπεί
585 2315 653 2373 ’δὲ
700 2319 728 2372 6
759 2318 960 2380 σκοπὸς
1012 2318 1184 2387 ζήλου
1213 2317 1360 2371 θείου
1389 2316 1454 2384 ἦν
1495 2314 1585 2369 καὶ
1617 2313 1679 2368 o6
1719 2311 1847 2389 φιλ-

186 2408 400 2478 αυτίας,
470 2406 782 2484 περιαλγῶς
857 2413 956 2476 τῆς
1020 2411 1128 2461 τῶν
1203 2408 1536 2480 Χριστιανῶν
1596 2402 1846 2474 πληθύος

183 2498 517 2575 πασχούσης
561 2498 652 2554 καὶ
698 2502 884 2560 κακῶς
937 2497 1333 2572 κεραϊζομένης
1379 2495 1648 2569 ὁσημέραι
1710 2495 1847 2570 πρὸς

180 2589 285 2642 τῶν
318 2589 678 2662 Ἀγαρηνῶν,
707 2585 983 2662 ἐνηργήθη
1038 2585 1229 2640 λοιπὸν
1281 2589 1399 2646 τοῖς
1430 2581 1750 2660 εὐχομένοις
1779 2583 1847 2637 τὰ

180 2684 277 2745 τῆς
322 2677 525 2752 εὐχῆς.
580 2675 955 2750 Παραστάντος
1004 2675 1110 2750 γὰρ
1163 2671 1314 2738 αὖθις
1352 2672 1516 2727 αὐτοῦ
1561 2677 1641 2743 τῷ
1692 2673 1845 2747 βασι-

181 2765 324 2838 λικῷ
362 2766 574 2839 βήματι
605 2765 890 2840 περιὲσχεν
919 2760 1073 2827 ἔλεος
1121 2763 1352 2838 ἄσχετον
1400 2764 1502 2832 τῆν
1530 2761 1842 2836 Αύγοῦσταν

183 2852 479 2912 Εόδοκίαψ
510 2856 576 2922 ἧν
604 2854 706 2931 γὰρ
738 2854 766 2907 6
797 2853 930 2928 ἀνὴρ
968 2854 1102 2925 μετά
1130 2856 1237 2906 τῶν
1259 2855 1366 2906 τῶν
1392 2848 1576 2906 ἄλλων
1608 2850 1697 2905 καὶ
1730 2851 1846 2905 θεα-

185 2952 350 3013 θῆναι
401 2943 621 3018 ἀγαθὸς,
670 2941 949 3015 ἐπιμήκης
986 2963 1047 2997 τε
1072 2942 1171 3011 τὴν
1205 2940 1424 3010 ἠλικίαν
1457 2937 1529 2994 ὢν
1569 2940 1660 2994 καὶ
1687 2940 1844 3014 στέρ-

181 3055 290 3088 νων
353 3033 446 3087 καὶ
493 3035 680 3086 νώτων
731 3029 788 3086 ἐν
842 3029 999 3102 καλῷ
1046 3029 1455 3104 γαθορώμενος,
1493 3025 1844 3104 εὐόφθαλμός

181 3143 264 3195 τε,
317 3119 473 3198 εἴπερ
519 3143 604 3183 τις
654 3118 850 3190 ἄλλος,
889 3119 978 3174 καὶ
1020 3123 1118 3174 τοῦ
1165 3119 1370 3181 πάθους
1415 3117 1633 3172 αὐτόθεν
1666 3119 1842 3192 παρά-

184 3210 389 3282 κλησιν
450 3209 876 3284 ἐκκαλούμενος,
933 3209 1062 3282 μήτ’
1107 3202 1324 3284 ἀκριϐὲς
1370 3208 1432 3261 τὸ
1481 3204 1672 3261 λευκὸν
1705 3208 1843 3280 μήτε

184 3302 248 3359 τὸ
283 3277 295 3282 -
322 3299 497 3374 μέλαν
553 3277 876 3368 ἆποσώζων,
926 3277 1052 3353 ἀλλ’
1100 3277 1213 3352 οἷον
1267 3295 1672 3373 συγκεκραμένα
1707 3277 1842 3351 κατ’
1875 3277 1917 3344 C

187 3390 304 3446 ἴσον
364 3388 668 3467 ἀμφότερα.
719 3389 808 3450 Ὠς
856 3385 945 3442 οὖν
1004 3386 1093 3441 καὶ
1151 3389 1186 3455 ἡ
1237 3390 1554 3460 παρεστῶσα
1592 3385 1847 3462 γερουσία

186 3479 508 3549 συνέπαθεν,
563 3478 722 3542 εὐθὺς
778 3474 1220 3546 ἐπηκολούθησεν
1277 3478 1312 3544 ἡ
1373 3475 1698 3547 συμπάθεια,
1755 3473 1845 3529 καὶ

185 3567 512 3645 περισωθεὶς
569 3570 665 3621 τοῦ
733 3562 987 3620 κινδύνου
1054 3565 1203 3640 παρὰ
1274 3568 1443 3619 πᾶσαν
1503 3560 1700 3618 ἐλπίδα
1755 3562 1846 3617 καὶ

185 3656 521 3735 προσδοκίαν
571 3653 864 3731 βασιλικῆς
915 3652 1186 3726 ἀξιώσεως
1236 3650 1417 3727 ἔτυχε.
1450 3653 1544 3707 Διὸ
1591 3651 1680 3706 καὶ
1720 3652 1850 3706 ἀπο-

189 3747 379 3811 λυθεὶς
427 3744 580 3818 παρά
623 3745 840 3799 πάντων
889 3741 1184 3812 ἠσπάζετο.
1241 3741 1429 3812 Ἐξιὼν
1473 3739 1566 3796 οὖν
1614 3742 1691 3802 είς
1744 3742 1845 3810 τὴν

188 3831 578 3892 Καππαδοκῶν
613 3874 627 3901 ,
686 3829 738 3902 ἐξ
795 3831 861 3900 ἧς
936 3831 1027 3886 καὶ
1092 3830 1336 3907 γὲννησιν
1397 3825 1620 3905 ἔσχηκε,
1680 3830 1845 3885 πάλιν

195 3921 606 3998 μεταπεμφθεὶς
653 3919 731 3982 εἷς
780 3921 881 3988 τήν
927 3917 1315 3996 βασιλεύουσαν
1363 3915 1712 3989 εἰσελήλυθε,
1757 3920 1844 3973 καὶ

189 4018 306 4074 τοῖς
335 4007 636 4086 γενεθλίοις
685 4011 784 4063 τοῦ
836 4014 1096 4083 Σωτῆρος
1130 4010 1242 4081 (15)
1285 4005 1521 4083 Χριστοῦ
1555 4008 1852 4081 μάγιστρος

191 4106 420 4174 τιμᾶται
478 4100 570 4153 καὶ
636 4097 1017 4174 στρατηλάτης
1079 4091 1462 4169 προϐέϐληται
1533 4096 1682 4168 παρὰ
1748 4103 1849 4165 τῆς

197 4187 487 4266 βασιλίδος
517 4185 895 4263 προελθούσης
921 4185 1224 4262 βασιλικῶς
1255 4185 1388 4258 μετᾶ
1413 4191 1520 4240 των
1553 4182 1708 4239 ῒδίων
1731 4183 1854 4239 παί-

194 4279 299 4334 δων
351 4280 428 4340 εἷς
471 4278 563 4333 τὸν
617 4276 868 4350 μέγιστον
919 4276 1009 4330 καὶ
1060 4275 1396 4350 περίπυστον
1443 4280 1542 4342 τῆς
1590 4277 1688 4328 τοῦ
1719 4277 1852 4328 Θεοῦ

195 4369 400 4437 Συρίας
434 4365 631 4436 σηκόν.
665 4361 976 4426 Δεδοικυίας
1004 4361 1062 4418 δὶ
1083 4369 1184 4432 τῆς
1213 4359 1495 4437 βασιλίδος
1518 4363 1617 4432 τήν
1648 4382 1704 4416 τε
1728 4361 1852 4436 σύγ-

192 4431 399 4529 κλητον
451 4456 541 4511 καὶ
589 4456 681 4510 τὸν
730 4452 1080 4528 πατριάρχην
1129 4453 1221 4506 καὶ
1270 4451 1399 4512 τοὺς
1433 4451 1853 4525 ὑπογράψαντας

191 4547 284 4601 καὶ
345 4545 678 4619 ὀμόσαντας,
737 4543 826 4597 καὶ
875 4539 966 4597 διὰ
1013 4544 1175 4595 τοῦτο
1233 4541 1308 4612 μὴ
1338 4537 1641 4612 τολμώσης
1667 4543 1852 4607 συζευ-

1961 644 1989 670 ‹‹
2014 621 2137 678 Non
2171 639 2366 679 meum
2401 625 2640 692 donum,
2677 644 2708 681 o
2735 627 3044 701 Diogenes,
3067 628 3197 696 hoc,
3223 632 3322 687 sed
3360 637 3468 687 tuae
3499 632 3614 687 vir-

1961 712 2108 767 tutis
2137 717 2192 767 et
2226 713 2657 770 fortitudinis.»
2690 715 2773 771 lbi
2804 722 2999 772 autem
3029 734 3402 776 commorans
3433 721 3616 777 voluit

1961 804 2163 855 contra
2195 801 2606 874 imperatorem
2641 805 2796 860 664
2826 806 3153 880 insurgere.
3175 810 3282 864 Sed
3313 811 3615 882 inceptum

1960 887 2022 942 in
2068 887 2256 944 lucem
2318 892 2578 963 proferre
2626 895 2955 951 verebatur.
2992 900 3256 953 Attamen
3303 909 3616 973 postquam

1958 976 2149 1032 abfuit
2204 980 2526 1052 imperator
2571 986 2629 1037 et
2674 983 2988 1056 imperium
3040 986 3250 1041 orbum
3311 993 3456 1054 erat,
3489 1005 3614 1044 rem

1961 1081 2094 1121 cum
2129 1084 2237 1124 suo
2270 1070 2525 1140 quodam
2581 1071 2927 1128 fidelissimo
2975 1076 3395 1145 communicat,
3428 1081 3486 1133 et
3517 1094 3620 1150 per

1962 1155 2157 1225 ipsum
2189 1173 2323 1212 cum
2363 1159 2721 1230 quibusdam
2764 1161 3035 1218 finitimis
3073 1165 3370 1236 gentibus,
3400 1167 3618 1238 quibus

1960 1249 2117 1300 esset
2145 1245 2332 1317 ipsius
2357 1247 2655 1320 explorata
2685 1251 2890 1315 virtus,
2913 1251 3235 1309 collocutus
3261 1255 3616 1326 quibusdam

1961 1334 2229 1406 partibus
2285 1335 2612 1408 imperavit.
2662 1339 2962 1396 Iudicatur
3011 1346 3210 1397 autem
3267 1361 3302 1398 a
3359 1346 3615 1415 quodam

1958 1423 2258 1496 Armenio,
2286 1430 2344 1480 et
2373 1427 2825 1499 comprehensus
2866 1431 2937 1485 ad
2983 1431 3187 1486 urbem
3233 1433 3451 1504 regiam
3486 1450 3616 1506 per-

1958 1511 2215 1580 ducitur,
2249 1516 2670 1588 convictusque
2701 1524 2757 1573 et
2795 1519 3005 1591 capitis
3036 1521 3353 1577 damnatus
3385 1528 3450 1579 ut
3480 1541 3616 1595 pro-

1959 1599 2115 1656 ditor
2144 1602 2200 1656 in
2235 1604 2505 1660 exsilium
2539 1605 2814 1672 mittitur,
2850 1609 2991 1664 urbe
3025 1609 3355 1682 expellitur,
3390 1628 3505 1666 non
3533 1613 3619 1668 δίο

1960 1703 2032 1742 ne
2065 1691 2319 1747 maximo
2351 1692 2552 1749 dolore
2597 1710 2796 1750 eorum
2831 1697 3095 1751 omnium
3129 1699 3285 1768 apud
3317 1715 3464 1769 quos
3497 1715 3617 1754 suae

1959 1781 2191 1837 virtutis
2224 1799 2289 1836 ac
2320 1784 2692 1840 strenuitatis
2723 1785 3020 1856 specimen
3054 1787 3316 1844 dederat.
3345 1790 3452 1855 Qui
3485 1807 3618 1846 vero

1960 1870 2154 1943 ipsum
2216 1871 2594 1944 ignorabant,
2636 1874 2850 1930 famam
2914 1875 2986 1930 ab
3046 1875 3181 1932 aliis
3230 1878 3618 1950 percipientes

1957 1961 2156 2016 statim
2188 1961 2378 2032 ipsius
2405 1978 2604 2017 amore
2633 1963 3036 2034 capiebantur.
3062 1965 3132 2019 Et
3162 1965 3379 2021 idcirco
3409 1983 3615 2023 omnes

1956 2050 2240 2122 optabant
2268 2051 2458 2105 virum
2505 2050 2792 2122 supplicio
2833 2052 3069 2108 liberari
3113 2059 3172 2110 et
3217 2055 3610 2112 Romanorum

1955 2138 2202 2210 imperio
2232 2139 2459 2195 donari.
2484 2140 2553 2194 Et
2575 2139 2715 2211 quia
2737 2139 2916 2196 divini
2944 2140 3050 2197 zeli
3083 2143 3467 2214 propositum,
3494 2161 3611 2201 non

1957 2231 2153 2282 autem
2204 2227 2420 2299 proprii
2471 2228 2689 2283 amoris
2727 2233 2873 2294 erat,
2901 2230 3119 2302 quippe
3165 2247 3300 2286 cum
3331 2232 3611 2287 Christia-

1955 2333 2167 2371 norum
2215 2317 2392 2372 turba
2429 2317 2694 2389 quotidie
2744 2319 2815 2374 ab
2864 2320 3148 2391 Agarenis
3199 2319 3613 2378 miserabiliter

1954 2410 2156 2461 vexata
2191 2406 2569 2473 cruciaretur,
2591 2396 2866 2478 deinceps
2897 2413 3098 2480 Optata
3128 2425 3329 2465 eorum
3356 2411 3456 2482 qui
3477 2415 3612 2467 vota

1956 2495 2248 2551 faciebant
2277 2496 2347 2551 ad
2379 2496 2599 2551 exitum
2634 2497 2918 2568 perducta
2947 2503 3103 2553 sunt.
3129 2503 3270 2554 Cum
3302 2500 3459 2554 enim
3483 2517 3611 2556 rur-

1955 2601 2058 2640 sus
2084 2584 2154 2638 ad
2187 2584 2413 2655 regium
2445 2589 2787 2656 suggestum
2821 2585 3112 2641 adductus
3145 2587 3375 2655 fuisset,
3413 2589 3612 2660 Augu-

1955 2678 2047 2729 sta
2077 2673 2330 2728 Eudocia
2376 2673 2668 2729 immensa
2714 2674 3116 2732 misericordia
3145 2681 3441 2732 commota
3469 2681 3561 2732 est
3595 2694 3609 2733 :

1953 2767 2077 2817 erat
2101 2763 2257 2818 enim
2291 2763 2381 2817 vir
2412 2767 2624 2834 praeter
2655 2763 2767 2818 alia
2809 2771 3072 2834 spectatu
3106 2782 3342 2838 quoque
3372 2766 3608 2838 dignus,

1952 2856 2178 2907 statura
2236 2868 2533 2924 procerus,
2577 2858 2808 2924 pectore
2856 2857 2913 2908 et
2961 2852 3226 2910 humeris
3285 2854 3610 2928 pulcherri-

1955 2957 2108 3005 mus,
2143 2945 2194 2996 et
2227 2940 2673 3013 pulchritudine
2716 2940 3018 2998 oculorum
3074 2949 3136 2998 ut
3184 2944 3236 2999 si
3289 2948 3424 3016 quis
3455 2943 3606 3000 alius

1953 3035 2258 3100 praestans,
2295 3030 2386 3086 his
2433 3030 2711 3086 omnibus
2761 3031 3026 3087 levamen
3058 3033 3413 3090 calamitatis
3443 3035 3604 3090 efﬂa-

1951 3117 2170 3188 gitans,
2192 3134 2382 3190 neque
2403 3135 2646 3190 prorsus
2667 3119 2864 3174 album
2895 3136 3080 3192 neque
3106 3139 3346 3194 prorsus
3369 3125 3603 3195 nigrum

1953 3209 2052 3262 sed
2105 3224 2172 3262 ex
2218 3213 2465 3279 utroque
2521 3207 2825 3280 {equaliter
2853 3210 3002 3267 665
3059 3212 3300 3267 mistum
3351 3211 3606 3268 colorem

1955 3311 2331 3352 conservans.
2367 3301 2437 3351 Ut
2465 3297 2646 3368 igitur
2683 3299 2859 3353 etiam
2894 3315 3150 3370 praesens
3181 3304 3420 3356 senatus
3451 3317 3608 3356 com-

1957 3391 2150 3440 motus
2177 3390 2285 3453 est,
2301 3385 2502 3441 statim
2538 3387 2941 3443 misericordia
2962 3388 3256 3459 judicium
3291 3391 3612 3446 subsecuta

1956 3479 2064 3528 est.
2100 3474 2164 3528 Et
2195 3491 2228 3529 a
2259 3474 2518 3545 periculo
2578 3480 2845 3530 servatus
2902 3482 3111 3548 praeter
3161 3495 3396 3535 onmem
3445 3496 3612 3552 spem

1957 3566 2133 3632 atque
2159 3565 2651 3633 exspectationem
2687 3564 2904 3635 regiam
2935 3565 3336 3636 dignationem
3368 3573 3458 3623 est
3483 3585 3614 3623 con-

1958 3656 2224 3718 secutus;
2275 3657 2333 3707 et
2381 3651 2598 3708 idcirco
2647 3653 2986 3708 absolutum
3038 3670 3241 3710 omnes
3298 3655 3613 3728 amplecte-

1957 3741 2190 3796 bantur.
2251 3743 2530 3813 Egressus
2587 3742 2771 3815 igitur
2824 3743 2882 3798 in
2944 3743 3399 3817 Cappadociam,
3458 3745 3614 3799 unde

1958 3831 2246 3887 oriundus
2277 3837 2423 3896 erat,
2448 3849 2658 3887 rursus
2690 3833 2761 3886 ad
2794 3833 3008 3902 regiam
3045 3835 3249 3889 urbem
3295 3833 3615 3890 accersitus

1959 3935 2087 3975 sese
2139 3919 2354 3992 recepit
2401 3921 2494 3975 die
2542 3921 2718 3975 natali
2770 3921 3086 3978 Salvatoris
3115 3922 3351 3992 Christi,
3384 3928 3439 3978 et
3487 3939 3616 3978 ma-

1957 4008 2125 4081 gistri
2157 4008 2376 4065 honore
2406 4009 2715 4065 decoratus
2757 4010 2876 4064 dux
2920 4011 3209 4067 exercitus
3255 4013 3327 4068 ab
3359 4015 3621 4083 Augusta

1959 4104 2207 4168 creatur,
2237 4116 2362 4169 quis
2394 4099 2770 4170 imperatoris
2801 4115 2962 4155 more
2993 4118 3126 4156 cum
3158 4101 3282 4157 suis
3315 4100 3452 4158 filiis
3483 4117 3622 4172 pro-

1961 4192 2217 4243 cesserat
2263 4189 2335 4243 ad
2396 4189 2718 4242 maximum
2779 4194 2836 4244 et
2893 4189 3340 4246 celeberrimum
3390 4189 3620 4262 Sophim

1961 4276 2271 4347 templum.
2296 4279 2440 4332 Cum
2493 4282 2690 4332 autem
2717 4283 3017 4333 vereretur
3063 4283 3332 4350 Augusta
3359 4285 3417 4334 et
3447 4295 3622 4335 sena-

1961 4367 2088 4417 tum
2120 4368 2177 4418 et
2209 4363 2602 4433 patriarcham
2637 4368 2694 4419 et
2743 4381 2842 4420 eos
2893 4365 2995 4437 qui
3042 4367 3226 4436 jurati
3261 4367 3625 4439 subscripse-

1964 4456 2116 4522 rant,
2149 4457 2206 4508 et
2231 4453 2450 4508 idcirco
2482 4470 2595 4508 non
2643 4453 2887 4509 auderet
2915 4471 3048 4510 cum
3083 4455 3400 4512 illustriore
3429 4455 3624 4526 aliquo

1966 4540 2340 4596 matrimonio
2389 4542 2649 4613 copulari
2702 4543 3021 4614 ipsumque
3066 4545 3482 4616 imperatorem
3524 4547 3626 4600 de-

197 4637 398 4712 χθῆναί
439 4655 548 4688 τινι
594 4637 702 4688 τῶν
765 4630 1035 4709 ἐπιφανῶν
1090 4628 1180 4684 καὶ
1233 4627 1461 4704 βασιλέα
1501 4627 1850 4702 ἀναγορεῦσαι

1963 4629 2203 4696 clarare,
2238 4630 2448 4685 statuit
2493 4647 2674 4702 supra
2709 4630 3056 4686 muliebrem
3100 4633 3364 4688 animum
3399 4633 3481 4688 nil
3512 4634 3626 4690 sibi

196 4726 386 4795 αὐτὸν,
447 4721 586 4799 ἰγνω
637 4717 749 4775 δεῖν
805 4720 936 4790 ὑπὲρ
983 4723 1212 4792 γυναῖκα
1265 4719 1340 4790 μὴ
1387 4723 1675 4794 φρονῆσαι,
1722 4736 1854 4771 παν-

201 4814 394 4890 ουργία
454 4809 513 4866 δὲ
567 4809 660 4864 καὶ
719 4806 868 4881 δόλῳ
920 4809 1012 4862 τὸν
1071 4805 1417 4882 πατριάρχην
1465 4804 1712 4861 ὑπελθεῖν
1763 4805 1856 4860 καὶ

202 4902 379 4962 οὕτως
430 4900 572 4972 αὐτῇ
618 4898 683 4952 τὸ
739 4895 924 4971 ἐφετὸν
968 4895 1405 4968 καταπράξασθαι
1455 4893 1544 4948 καὶ
1597 4895 1697 4963 τήν
1749 4897 1859 4948 τῶν

201 4989 368 5045 ἒθνῶν
428 4991 612 5049 ποσῶς
689 4984 1034 5061 ἀναχαιτίσαι
1107 4985 1310 5061 ὁρμήν.
1371 4987 1660 5038 Κοινοῦται
1729 4987 1855 5057 γοῦν

196 5082 264 5134 τὸ
308 5079 540 5153 πρᾶγμά
585 5097 693 5131 τινι
749 5079 856 5130 τῶν
913 5073 973 5129 ἐκ
1021 5076 1120 5143 τῆς
1158 5069 1606 5145 γυναικωνίτιδος
1640 5071 1715 5134 ὡς
1748 5071 1862 5127 ἐπι-

198 5166 406 5240 τηδείῳ
457 5167 594 5241 πρὸς
627 5168 809 5222 τοῦτο,
855 5164 912 5217 Ὁ
943 5160 1000 5217 δὲ
1036 5163 1381 5237 ὑπισχνεῖται
1420 5161 1480 5216 ἐκ
1508 5161 1703 5222 παντὸς
1733 5158 1859 5235 τρό-

198 5278 310 5311 που
357 5253 683 5330 συμπράξειν
736 5250 874 5325 αὐτῇ
917 5252 1053 5327 πρὸς
1092 5251 1154 5306 τὰ
1186 5248 1651 5323 σπουδαζόμενον,
1704 5248 1861 5323 ξυρὸς

202 5344 280 5406 εἷς
315 5344 534 5413 ἀκόνην,
566 5342 629 5396 τὸ
675 5343 774 5396 τοῦ
821 5337 1015 5416 λόγου,
1049 5337 1122 5394 ὢν
1167 5339 1245 5403 εἰς
1286 5339 1351 5393 τὰ
1388 5343 1632 5395 τοιαῦτα.
1666 5335 1862 5393 Ἀδελ-

203 5431 308 5509 Ῡὸς
337 5432 402 5501 ἦν
438 5435 515 5504 τῷ
556 5429 874 5505 πατριάρχῃ
919 5425 1127 5505 Βάρδας
1179 5423 1374 5502 ὄνομα,
1410 5425 1774 5502 λαγνίστατός
1803 5447 1862 5482 τε

1966 4718 2451 4791 aggrediendum,
2483 4719 2583 4773 sed
2635 4720 2833 4791 potius
2866 4720 2997 4776 dolo
3029 4737 3097 4776 ac
3128 4722 3335 4778 fraude
3372 4722 3624 4778 circum-

1965 4807 2325 4864 veniendum
2372 4806 2805 4878 patriarcham;
2840 4814 2897 4863 et
2943 4809 3024 4864 ita
3055 4826 3117 4864 se
3148 4810 3258 4865 voti
3292 4815 3622 4882 compotem

1967 4897 2226 4952 futuram
2258 4902 2314 4952 et
2343 4895 2606 4968 gentium
2650 4896 2940 4966 impetum
2983 4914 3409 4969 repressuram,
3442 4915 3621 4970 quam

1969 4991 2094 5042 tum
2139 4987 2195 5040 in
2247 5001 2309 5040 se
2357 4989 2532 5054 esset,
2564 4983 2962 5040 existimabat.
2995 4985 3399 5041 Communicat
3445 4986 3626 5058 igitur

1970 5091 2091 5131 rem
2124 5075 2380 5144 quodam
2429 5090 2561 5128 cum
2606 5073 2879 5129 eunucho
2912 5090 2981 5129 ex
3010 5089 3280 5146 gyneceo
3333 5079 3397 5130 ut
3445 5077 3517 5130 ad
3566 5075 3626 5130 id

1968 5165 2196 5231 idoneo,
2231 5163 2332 5235 qui
2380 5163 2618 5218 omnino
2667 5179 2730 5218 se
2780 5163 2831 5218 ei
2888 5179 3010 5219 rem
3044 5181 3074 5218 e
3106 5163 3397 5218 sententia
3430 5165 3624 5219 confe-

1969 5259 2200 5308 cturum
2253 5251 2580 5322 pollicetur,
2617 5255 2818 5321 utpote
2867 5251 2967 5320 qui
3022 5251 3301 5306 novacula
3331 5253 3401 5306 ad
3434 5258 3623 5307 cotem

1970 5347 2142 5408 esset,
2195 5345 2258 5394 ut
2307 5338 2422 5394 dici
2471 5338 2638 5406 solet,
2670 5340 2742 5393 ad
2792 5338 2913 5393 haec
2963 5341 3240 5411 negotia:
3276 5340 3454 5396 frater
3502 5347 3627 5396 erat

1971 5427 2337 5501 patriarchae,
2369 5427 2589 5482 Bardas
2631 5426 2890 5496 nomine,
2925 5428 3178 5483 maxime
3230 5427 3487 5485 lascivus
3517 5428 3624 5501 vir,

1527 5582 1777 5640 JACOBI
1815 5583 2042 5642 GOARI
2078 5581 2308 5638 NOT/E.

286 5727 400 5800 (15)
426 5727 551 5794 Quo
577 5727 673 5785 die
700 5742 833 5786 sese
864 5725 1062 5784 cuncti
1091 5727 1247 5799 apud
1279 5725 1508 5785 Graecos
1539 5727 1885 5786 muneribus
1915 5722 2234 5799 excipiunt.

534 5854 797 5920 Panos.
845 5854 960 5918 ea:
1003 5851 1236 5917 CXXII.

3228 5854 3304 5916 l3
