4078 6336
496 404 610 462 395

1810 388 2136 451 JUANNIS
2181 389 2586 453 SCYLlTZ/E

3785 403 3909 461 396

474 536 553 587 ‘et
582 528 982 600 voluptatibus
1015 527 1096 581 ita
1127 525 1397 581 addictus
1430 529 1494 579 ut
1523 525 1723 579 omnia
1754 523 1813 576 in
1845 521 2003 577 omni
2036 520 2151 574 vita

2268 520 2349 574 καὶ
2381 524 2516 597 πρὸς
2563 521 2761 593 ἡδονάς
2803 525 3139 600 ἐπτοημένος
3168 529 3256 582 xui
3293 526 3460 601 μηδὲν
3493 526 3635 583 ἄλλο
3667 527 3756 583 διὰ
3789 531 3910 605 βίου

498 621 582 677 eis
615 618 1009 692 postbaberet.
1047 614 1282 673 Accedit
1325 618 1593 670 exsectus
1634 612 1731 667 ille
1781 613 1849 666 ad
1900 609 2151 682 patriar-

499 709 693 779 cbam,
726 707 895 778 eique
937 721 1149 761 arcano
1199 704 1416 759 factum
1465 702 1673 775 aperit,
1709 698 2154 769 denuntiatque,

499 799 551 855 si
580 798 740 866 velit,
768 798 886 852 imo
927 795 1080 849 666
1112 794 1157 849 si
1195 798 1425 848 tantum
1481 797 1721 857 annuat,
1759 788 1902 845 nihil
1954 785 2155 859 pericli

501 887 888 942 metuendum
916 901 982 940 ex
1009 882 1276 939 horribili
1309 882 1409 937 illo
1432 880 1822 952 chirographo
1846 894 1859 932 :
1886 878 2013 947 ejus
2041 875 2155 929 fra-

498 982 644 1032 trem
668 990 1018 1048 germanum
1039 988 1171 1027 cum
1194 970 1567 1043 imperatrice
1589 968 1927 1041 cepulatum
1955 963 2153 1019 statim

494 1067 910 1138 imperatorem
942 1061 1303 1118 declaratum
1355 1060 1445 1114 iri.
1484 1059 1672 1130 thue
1716 1062 1904 1112 totum
1949 1052 2157 1108 habuit

502 1156 616 1212 sibi
641 1153 1035 1227 patriarcbam
1060 1150 1235 1205 veluti
1260 1148 1872 1218 inescatum,jamque
1894 1144 2158 1200 studiose

505 1243 950 1300 matrimonium
980 1246 1209 1296 tantum
1236 1255 1349 1293 non
1403 1242 1836 1308 procurantem,
1862 1230 2160 1288 consuluit

501 1340 567 1391 ut
597 1334 705 1389 hac
736 1332 867 1403 ipsa
893 1332 962 1386 de
999 1346 1059 1385 re
1104 1332 1342 1385 senatus
1377 1343 1607 1398 quoque
1640 1322 1990 1380 sententiam
2026 1335 2156 1391 per-

499 1427 828 1480 cunctetur.
849 1419 1108 1492 Singulis
1130 1418 1310 1489 igitur
1331 1418 1401 1471 ad
1426 1433 1486 1471 se
1505 1414 1804 1471 accersitis
1827 1408 2158 1484 patriarcha

501 1514 583 1569 rei
618 1512 1028 1567 necessitatem
1062 1507 1467 1574 confirmabat,
1492 1504 1778 1576 scriptum
1810 1501 1955 1555 illud
1989 1515 2158 1554 accu-

500 1619 639 1658 sans
680 1606 736 1656 et
785 1600 1053 1670 iniquum
1105 1602 1162 1652 et
1214 1595 1409 1651 minus
1465 1594 1820 1664 legitimum,
1853 1591 1925 1645 ab
1983 1588 2157 1643 unius

505 1692 612 1746 viri
660 1688 943 1761 zelotypia
1000 1687 1349 1758 profectum,
1391 1683 1485 1738 cui
1539 1680 1873 1737 communis
1931 1678 2158 1732 utilitas

502 1781 698 1837 minus
757 1777 1057 1851 proposita
1118 1775 1357 1842 fuisset;
1392 1796 1419 1822 ‹‹
1454 1772 1556 1826 Cui
1618 1784 1880 1842 prorsus,
1939 1765 2154 1837 inquit,

498 1871 839 1926 consuletur
869 1867 919 1922 si
954 1882 1086 1921 cum
1120 1878 1403 1937 generoso
1435 1867 1491 1917 et
1538 1859 1667 1914 forti
1701 1857 1820 1913 viro
1853 1854 2157 1927 copuletur

502 1960 705 2031 regina
727 1961 1024 2029 Augusta:
1051 1970 1259 2010 rursus
1283 1953 1438 2007 enim
1464 1966 1552 2005 res
1579 1950 1973 2003 Romanorum
1998 1944 2155 1998 el‘ﬂo-

502 2052 751 2119 rescent,
780 2063 906 2118 quae
934 2046 1060 2115 jam
1083 2060 1149 2098 eo
1181 2042 1424 2097 redacta:
1457 2042 1597 2094 sunt
1621 2041 1684 2091 ut
1713 2036 1881 2092 atteri
1914 2039 1972 2089 et
2004 2032 2160 2104 peni-

512 2144 607 2196 tus
639 2137 927 2209 exstingui
961 2136 1074 2191 cito
1102 2149 1271 2207 posse
1296 2134 1487 2187 metus
1508 2127 1862 2201 impendeat.
1886 2149 1904 2175 ι)
1933 2125 2004 2180 Ut
2024 2137 2157 2178 vero

508 2230 593 2284 illi
627 2244 831 2284 omnes
860 2240 1231 2290 consensere,
1258 2221 1357 2276 alii
1390 2237 1568 2276 suasu
1597 2223 1652 2274 et
1683 2217 2034 2279 adulatione,
2059 2211 2155 2267 alii

507 2318 767 2390 pecunias
822 2315 1131 2386 largitione
1181 2316 1237 2366 et
1286 2310 1506 2365 crebris
1558 2308 1925 2370 muneribus,
1970 2317 2159 2372 neque

504 2411 698 2462 metus
746 2404 904 2459 ullus
961 2404 1200 2457 suberat
1254 2398 1645 2470 transigenda;
1705 2396 1805 2461 rei,
1848 2393 2161 2447 adducitur

504 2497 793 2568 Diogenes
844 2496 1017 2549 noctu
1070 2491 1127 2545 in
1176 2490 1396 2561 regiam
1450 2489 1737 2554 armatus,
1771 2487 1827 2539 et
1874 2497 2007 2537 cum
2039 2482 2157 2534 Au-

503 2588 677 2660 gusta
706 2584 1101 2656 conjungitur,
1131 2582 1451 2651 statimque
1482 2578 1798 2649 imperator
1827 2572 2159 2629 declaratur

501 2676 768 2733 Januarii
810 2673 1029 2729 mensis
1062 2670 1251 2743 prima
1281 2669 1394 2735 die,
1426 2666 1742 2721 indictione
1792 2668 1973 2728 sexta,
2006 2676 2158 2715 anno

504 2768 665 2834 6576,
700 2766 851 2821 clam
894 2761 1170 2820 omnibus
1214 2762 1490 2831 Augustae
1540 2756 1697 2810 filiis.
1732 2756 1809 2810 Ac
1859 2754 2095 2823 repente
2127 2766 2160 2803 a

506 2855 791 2927 Barangis
848 2852 1107 2909 exoritur
1163 2848 1349 2904 multa
1407 2844 1788 2917 perturbatio,
1836 2842 1991 2913 quod
2042 2856 2159 2893 non

509 2944 869 3000 sustinerent
899 2942 955 2995 id
990 2939 1211 3010 vulgari
1250 2942 1458 3009 praeter
1488 2934 1751 2990 omnium
1782 2929 2154 2986 sententiam.

509 3034 724 3089 Verum
760 3049 893 3086 cum
942 3027 1185 3085 Michael
1243 3024 1432 3098 ipsius
1482 3027 1757 3095 Augustce
1818 3020 1974 3073 ﬁlius
2023 3034 2157 3074 cum

508 3123 791 3180 fratribus
838 3117 1191 3185 advenisset,
1221 3116 1291 3169 de
1338 3130 1446 3169 sua
1495 3111 1789 3175 sententia
1836 3111 2053 3164 factum
2099 3107 2159 3161 id

508 3231 639 3271 esse
668 3213 962 3275 dixerunt,
997 3225 1061 3263 ac
1110 3205 1305 3262 subito
1348 3202 1611 3259 conversi
1645 3216 1853 3271 magno
1906 3203 1961 3253 et
2008 3198 2159 3253 elato

2264 606 2408 685 ἔχων
2455 612 2796 689 προτέρημα.
2832 616 3080 690 Πρόσεισι
3131 619 3209 689 τῷ
3250 617 3563 694 πατριάρχῃ
3614 620 3641 674 6
3693 620 3909 692 τομίας,

2264 698 2598 775 ἀπαγγέλλει
2641 703 2787 775 αὐτῷ
2838 707 3110 777 μυστικῶς
3156 708 3223 761 τά
3278 712 3374 761 τοῦ
3421 708 3760 783 πράγματος,
3819 707 3910 763 καὶ

2265 788 2339 849 ὡς
2388 788 2432 843 εἷ
2482 790 2748 862 Θελήσειε,
2799 794 3009 866 μᾶλλον
3061 794 3118 850 δὲ
3168 796 3460 852 ἐπινεύσειε
3494 798 3659 870 μόνον
3708 795 3912 871 μηδένα

2264 876 2509 934 κίνδυνον
2568 881 2863 958 ὑφορᾶσθαι
2914 883 2973 939 ἐκ
3022 892 3121 955 τῆς
3172 892 3403 963 φρικτῆς
3452 885 3663 957 ἐκείνης
3722 907 3909 963 χειρο-

2265 968 2517 1045 γραφίας,
2568 975 2918 1046 ζευχθήσεται
2973 976 3067 1047 μὶν
3115 979 3185 1048 τῇ
3222 973 3459 1049 βασιλίδι
3492 978 3520 1031 6
3557 976 3751 1031 τούτου
3782 977 3911 1032 αύτ-

2265 1054 2498 1135 άδελφος
2532 1102 2545 1126 ,
2604 1060 2905 1135 παραυτίκα
2963 1060 3019 1118 δὶ
3092 1062 3345 1138 βασιλεὺς
3401 1064 3907 1140 ἀναγορευθήσεται.

2269 1149 2349 1217 [Ρ.
2398 1150 2524 1221 822]
2570 1149 2657 1209 Ὠς
2709 1148 2765 1205 δὲ
2811 1148 2966 1226 ἔσχεν
3020 1150 3150 1207 ὅλον
3196 1154 3287 1207 τὸν
3344 1154 3693 1229 πατριάρχην
3746 1175 3909 1210 κατα-

2266 1232 2459 1290 πιόντα
2488 1238 2549 1291 τὸ
2582 1235 2772 1313 δέλεαρ
2823 1242 2911 1294 xui
2961 1239 3068 1312 ἤδη
3123 1242 3281 1314 μόνον
3334 1243 3460 1319 οὐχὶ
3513 1244 3611 1312 τὴν
3640 1264 3907 1318 συναρμοο

2266 1326 2370 1400 γὴν
2421 1325 2829 1399 ἐπισπεύδοντα,
2884 1329 3197 1405 βουλεύεται
3244 1334 3501 1395 πυθέσθαι
3550 1334 3671 1409 περὶ
3713 1333 3909 1388 τούτου

2266 1415 2353 1469 καὶ
2387 1417 2484 1483 τὴν
2537 1415 2863 1492 σύγκλητον.
2896 1421 3027 1473 Ἕνα
3074 1423 3193 1485 καθ’
3221 1417 3313 1475 ἕνα
3340 1426 3469 1497 γοῦν
3504 1424 3531 1476 ὁ
3561 1424 3909 1497 πατριάρχης

2265 1507 2390 1578 παρ’
2471 1506 2656 1559 ἑαυτὸν
2734 1506 3241 1581 προσκαλεσάμενος
3315 1512 3377 1565 τὸ
3452 1511 3734 1585 ἀναγκαῖον
3817 1517 3910 1565 τοῦ

2268 1593 2584 1667 πράγματος
2645 1597 3012 1666 κατεσκεύαζε,
3082 1596 3349 1675 διασύρων
3410 1601 3469 1654 τὸ
3527 1598 3795 1677 ἔγγραφον
3839 1602 3911 1663 ὡς

2266 1680 2493 1755 ἕκνομὸν
2554 1704 2612 1738 τε
2668 1684 2755 1739 καὶ
2810 1686 3047 1759 ἄθεσμον
3106 1689 3194 1741 καὶ
3264 1686 3352 1743 διά
3409 1688 3739 1761 ζηλοτυπίαν
3801 1691 3911 1752 ένὸς

2265 1769 2461 1845 ἀνδρὸς
2492 1774 2710 1848 γεγονὸς
2758 1776 2846 1829 καὶ
2895 1776 2972 1849 μὴ
3022 1778 3158 1850 πρὸς
3206 1780 3393 1847 κοινὴν
3441 1778 3778 1835 λυσιτέλειαν
3814 1780 3914 1857 ἀφ-

2192 1906 2234 1969 B
2269 1866 2431 1967 ορῖὑν.
2458 1864 2628 1937 ’Ὁπερ
2679 1862 2823 1918 ἔσται
2869 1865 3107 1936 πάντως,
3140 1866 3185 1921 εἰ
3238 1870 3587 1943 ζευχθήσεται
3621 1872 3655 1937 ἡ
3694 1869 3915 1942 βασιλὶς

2346 1966 2351 1969 .
2406 1951 2419 1966 ι
2644 1951 2656 1969 ι
2950 1954 2963 1969 ε
3022 1966 3035 1969 _
3216 1953 3239 1969 ε.
3272 1962 3295 1969 -
3374 1956 3387 1969 .
3474 1968 3479 1969 ,
3537 1954 3555 1969 ς
3598 1959 3608 1969 .
3858 1958 3871 1969 .

2268 1949 2422 2025 ἀνδρὶ
2480 1951 2705 2026 γενναίῳ
2762 1973 2820 2007 τε
2877 1954 2965 2007 καὶ
3016 1953 3313 2028 θυμοειδεῖ’
3362 1954 3770 2027 ἀναθηλησουσι
3809 1958 3914 2031 γὰρ

2266 2040 2333 2092 τά
2378 2040 2668 2113 Ῥωμαίων
2720 2041 2952 2114 ἐσαῦθις,
3000 2041 3109 2114 ἤδη
3166 2047 3501 2121 μαρανθῆναι
3552 2046 3640 2100 καὶ
3672 2042 3915 2101 ἀποσϐε-

2269 2130 2454 2198 σθῆναι
2500 2128 2848 2203 ἐλπιζόμενα.
2902 2134 2987 2194 Ὡς
3036 2130 3091 2187 δὲ
3142 2130 3269 2209 ἔσχε
3316 2136 3518 2197 πάντας
3558 2138 3915 2213 συμψήφους,

2266 2218 2391 2279 τοὺς
2424 2221 2518 2291 μὲν
2551 2223 2732 2274 πειθοῖ
2768 2222 2857 2275 καὶ
2897 2222 3179 2293 κολακείᾳ,
3211 2223 3336 2286 τοὺς
3389 2222 3564 2279 δὲκαὶ
3603 2226 3914 2300 χρημάτων

2267 2312 2490 2382 παροχῇ
2536 2309 2627 2363 xui
2681 2309 3034 2384 μειλίγμασιν
3089 2310 3422 2388 ἀδροτέροις,
3477 2316 3565 2368 καί
3613 2320 3692 2386 τῷ
3740 2336 3915 2390 παρα-

2268 2399 2603 2470 χθησομένῳ
2661 2396 2777 2460 δέος
2832 2399 2939 2476 οὐχ
2991 2402 3152 2472 ὑπῆν,
3200 2398 3381 2477 ἄγεται
3439 2404 3531 2475 μὶν
3579 2404 3606 2457 6
3657 2404 3917 2479 Διογένης

2266 2490 2455 2548 νυκτὸς
2486 2488 2561 2549 εἷς
2592 2489 2657 2541 τὰ
2692 2487 2938 2561 βασίλεια
2972 2487 3203 2552 ἔνοπλος
3254 2491 3341 2545 καὶ
3373 2494 3439 2565 τῇ
3477 2489 3713 2567 βασιλίδι
3747 2513 3920 2569 προσ-

2272 2576 2569 2651 ζεύγνυται,
2623 2578 2999 2653 ἀναγορεύεται
3050 2578 3108 2634 δὲ
3155 2580 3421 2655 παρευθὺς
3477 2580 3731 2656 βασιλεὺς
3782 2581 3920 2635 κατά

2266 2666 2363 2733 τὴν
2406 2667 2628 2740 πρώτην
2676 2668 2770 2720 τοῦ
2820 2668 3153 2740 Ἰανουαρίου
3209 2671 3401 2742 μηνὸς,
3448 2676 3549 2739 τῆς
3582 2675 3625 2734 ς’
3653 2669 3918 2743 ἐπινεμή-

2270 2775 2427 2825 σεως,
2474 2753 2629 2819 ἓτους
2672 2763 2855 2833 ’ςφοςζ
2911 2754 3091 2811 λαθὼν
3146 2757 3345 2819 πάντας
3389 2757 3517 2822 τοὺς
3566 2765 3664 2829 τῆς
3699 2758 3917 2833 βασιλί-

2270 2841 2361 2905 δος
2412 2844 2579 2906 υἱούς.
2637 2846 2841 2900 Γίνεται
2891 2843 2948 2901 δὲ
2997 2848 3295 2923 παραυτίκα
3332 2852 3575 2923 τάραχος
3623 2849 3769 2923 παρὰ
3806 2852 3920 2903 τῶν

2271 2936 2564 3009 Βαράγγων
2626 2932 2833 2999 πολὺς,
2899 2936 2974 3007 μὴ
3033 2936 3379 3011 ἀνεχομένων
3448 2937 3607 2991 αὐτὸν
3678 2936 3921 3014 φημίσαι

2269 3023 2414 3096 παρά
2460 3023 2526 3077 τά
2570 3028 2726 3097 κοινῇ
2777 3022 3021 3093 δόξαντα,
3069 3027 3377 3100 Ἐπιφανεὶς
3408 3024 3465 3081 δὲ
3514 3028 3541 3081 6
3570 3025 3770 3094 ταύτης
3802 3027 3924 3089 υἱὸς

2272 3111 2500 3187 Μιχαὴλ
2534 3112 2624 3166 σὺν
2656 3119 2773 3175 τοῖς
2826 3111 3084 3192 ἀδελφοῖς
3135 3116 3327 3189 γνωμῃ
3374 3114 3548 3193 αὐτῶν
3597 3115 3659 3169 τὸ
3688 3114 3923 3190 γεγονδς

2270 3200 2671 3277 ἀπαγγέλλουσι
2748 3204 3011 3277 γενέσθαι,
3070 3204 3158 3258 καὶ
3243 3203 3432 3259 αὐτίκα
3493 3204 3921 3278 μετατραπέντες

508 3305 762 3359 clamore
806 3300 919 3370 ipsi
968 3312 1201 3369 quoque
1248 3310 1380 3348 eum
1432 3292 1846 3362 imperatorem
1896 3286 2153 3342 declara-

2273 3290 2533 3366 μεγάλαις
2583 3292 2670 3346 καὶ
2722 3290 2993 3365 διατύροις
3044 3299 3249 3371 φωναῖς
3294 3292 3449 3348 αύτὸν
3501 3294 3588 3348 καὶ
3628 3294 3781 3348 αὐτοὶ
3825 3296 3921 3348 ἀνι

510 3396 667 3447 runt.
698 3388 770 3445 Ut
799 3388 980 3461 igitur
1018 3402 1079 3440 re
1123 3382 1567 3454 comprobatum
1616 3384 1726 3445 est,
1759 3377 1913 3432 haud
1945 3382 2161 3431 temere

507 3480 837 3553 complures
886 3479 1123 3549 propter
1161 3473 1309 3528 667
1364 3471 1559 3543 ipsum
1620 3471 1765 3524 bene
1828 3470 2159 3540 sperarunt.

506 3572 709 3644 Itaque
739 3573 1003 3642 Augusta
1032 3583 1167 3622 cum
1210 3564 1346 3619 {iliis
1395 3562 1519 3619 suis
1570 3575 1804 3617 menses
1852 3563 2076 3630 septem
2107 3560 2163 3613 et

500 3661 679 3736 paulo
712 3658 969 3731 amplius
1002 3653 1332 3728 imperavit.

578 3790 876 3841 Romanus
907 3786 1101 3837 autem
1134 3778 1420 3850 Diogenes
1456 3776 1537 3831 ita
1566 3775 1814 3845 adeptus
1846 3772 2158 3844 imperium

504 3876 662 3932 haud
697 3874 985 3929 minorem
1012 3867 1386 3942 praesentium
1413 3881 1609 3920 rerum
1643 3864 1929 3918 rationem
1954 3861 2161 3915 habuit

506 3982 685 4039 quam
719 3961 988 4018 militaris
1040 3960 1119 4013 rei
1156 3958 1299 4011 bene
1329 3953 1742 4026 componenda:
1792 3958 1967 4021 atque
2017 3967 2157 4004 con-

505 4038 837 4118 stituendis,
869 4050 1049 4104 etiam
1081 4047 1129 4100 si
1161 4061 1337 4117 quam
1373 4042 1623 4097 maxime
1655 4040 2018 4095 consiliarios
2053 4038 2156 4093 ba-

504 4144 635 4199 buit
667 4140 984 4213 privignos,
1017 4136 1133 4189 imo
1188 4138 1246 4189 ut
1289 4132 1482 4187 verius
1513 4130 1726 4196 dicam,
1761 4128 2153 4195 insidiatores,

503 4238 560 4289 et
606 4232 895 4287 Joannem
925 4226 1211 4280 Caesarem
1263 4220 1580 4292 superioris
1630 4218 2000 4290 imperatoris
2041 4218 2154 4271 fra-

500 4326 673 4385 trem,
706 4318 808 4389 qui
839 4315 890 4371 ei
922 4328 1153 4383 semper
1183 4310 1254 4366 ad
1295 4312 1471 4364 linem
1521 4310 1678 4363 fuere
1731 4306 2153 4378 impedimento

502 4414 559 4465 et
590 4409 987 4462 Romanorum
1020 4418 1111 4456 res
1141 4400 1200 4454 in
1231 4397 1555 4471 pessimum
1588 4400 1808 4451 statum
1841 4395 2149 4462 deduxere,

502 4498 604 4570 qui
638 4512 792 4551 nunc
840 4492 1117 4549 cernitur.
1146 4488 1329 4558 Cmpit
1381 4492 1576 4541 autem
1610 4489 1666 4538 et
1695 4484 1991 4555 digniores
2022 4501 2150 4538 am-

501 4585 697 4659 plecti,
722 4589 780 4640 et
811 4598 944 4637 cum
971 4576 1446 4651 prudentioribus
1469 4590 1535 4629 ac
1566 4573 1943 4644 peritioribus
1969 4572 2146 4627 collo-

2274 3382 2644 3455 αγορεύουσιν.
2696 3382 2784 3442 Ὠς
2833 3379 2879 3435 δ’
2937 3382 3028 3435 οὗν
3088 3381 3252 3458 ἐφάνη
3313 3380 3372 3436 ἐκ
3425 3382 3621 3437 τούτου
3657 3427 3671 3449 ,
3724 3383 3803 3443 ὡς
3862 3383 3925 3437 ού

2278 3470 2449 3541 μάτην
2483 3468 2780 3539 ἡλπίκασιν
2832 3469 2913 3524 ἐπ’
2960 3469 3104 3543 αὐτῷ
3153 3472 3203 3525 oi
3254 3470 3477 3527 πολλοί.
3512 3472 3754 3547 Ἐκράτει
3789 3476 3923 3548 γοῦν

2272 3559 2305 3625 ἡ
2344 3556 2557 3632 βασιλὶς
2597 3558 2689 3613 σὺν
2738 3565 2856 3621 τοῖς
2905 3558 3038 3614 υἱέσι
3094 3567 3269 3633 μῆνας
3316 3559 3451 3615 έπτά
3498 3560 3587 3616 καὶ
3642 3560 3837 3635 μικρόν
3870 3582 3925 3615 τι

2268 3647 2427 3722 πρός.

2340 3773 2619 3845 Ῥωμανὸς
2663 3771 2719 3829 δὲ
2769 3774 2796 3828 ὁ
2850 3772 3111 3849 Διογένης
3162 3774 3305 3829 οὕτω
3334 3778 3439 3829 τῶν
3476 3776 3768 3851 σκήπτρων
3798 3774 3922 3829 ἐπι-

2267 3866 2450 3937 τυχὼν
2512 3863 2609 3917 οὐκ
2661 3862 2883 3917 ἔλαττον
2940 3868 3043 3917 τῶν
3107 3863 3157 3917 έν
3217 3864 3344 3918 ποσὶ
3420 3865 3754 3939 πραγμάτων
3811 3871 3917 3931 τῆς

2271 3959 2665 4026 στρατιωτικῆς
2708 3953 2795 4005 καὶ
2848 3951 3087 4021 εὐταξίας
3132 3951 3409 4029 ἐφρόντισε
3450 3952 3539 4006 καὶ
3586 3953 3917 4020 συστάσεως,

2270 4040 2365 4095 κᾶν
2425 4040 2507 4095 δτι
2569 4039 2807 4113 μάλιστα
2864 4038 3153 4115 συνέδρους
3208 4041 3325 4115 εἴγε
3378 4039 3505 4102 τοὺς
3563 4042 3916 4117 προγονοὺς,

2268 4127 2527 4207 ἐφέδρους
2577 4128 2633 4185 δὲ
2680 4128 2891 4202 μᾶλλον
2942 4129 3109 4184 εἰπεῖν
3144 4127 3522 4203 ἀληθέστερον,
3554 4130 3643 4184 καὶ
3695 4131 3789 4184 τὸν
3816 4134 3918 4186 τοῦ

2266 4214 2831 4294 προϐεϐασιλευκότος
2889 4216 3121 4295 ἀδελφὸν
3182 4219 3434 4288 Ἰωάννην
3495 4218 3583 4272 τὸν
3654 4218 3917 4294 Καίσαρα,

2267 4308 2437 4363 οἲκαὶ
2496 4305 2750 4380 ἐμποδὼν
2810 4308 2956 4379 αὐτῷ
3013 4307 3104 4361 ἀπ’
3162 4308 3340 4382 ἀρχῆς
3401 4304 3529 4382 ἄχρι
3575 4305 3769 4368 τέλους
3821 4327 3921 4381 γε-

2266 4398 2477 4472 γόνασι,
2527 4397 2616 4451 καὶ
2660 4398 2727 4451 τά
2768 4398 3047 4469 Ῥωμαϊκά
3106 4400 3285 4460 κακῶς
3333 4393 3569 4459 διέθεσαν
3619 4394 3921 4472 πράγματα

2266 4487 2355 4540 καὶ
2404 4486 2480 4547 είς
2538 4488 2567 4540 ’ὁ
2616 4491 2705 4540 νῦν
2765 4487 2948 4559 ὁρᾶται
2997 4480 3215 4560 ἔχοντα.
3264 4486 3497 4559 ’Ἠρξατο
3540 4484 3645 4559 γὰρ
3687 4482 3817 4546 τούς
3858 4505 3921 4539 τε

2266 4574 2639 4651 ἀλογωτέρους
2700 4572 2999 4643 δεξιοῦσθαι
3056 4575 3143 4627 καὶ
3202 4578 3319 4636 τοῖς
3374 4571 3630 4649 ἐχέφροσι
3682 4573 3775 4627 καὶ
3818 4594 3919 4628 πε-

502 4676 625 4746 qui,
660 4678 717 4730 et
750 4672 885 4727 belli
935 4684 1183 4724 munera
1220 4666 1537 4735 suscipere,
1572 4668 1628 4717 et
1656 4662 1879 4733 legatos
1925 4678 2149 4733 parare,

2268 4664 2612 4740 πειραμένοις
2670 4663 2885 4735 ὁμιλεῖν
2943 4666 3049 4717 τῶν
3111 4666 3479 4736 στρατιωτῶν,
3540 4660 3631 4715 καὶ
3675 4660 3922 4733 πολεμι-

504 4770 679 4836 atque
712 4761 972 4831 undique
1017 4757 1288 4813 hostibus
1330 4754 1559 4809 aditum
1610 4751 2018 4806 intercludere.
2051 4751 2154 4806 His

503 4854 575 4907 de
605 4852 796 4907 causis
827 4849 1059 4904 duobus
1106 4844 1324 4901 exactis
1374 4842 1698 4906 mensibus,
1732 4840 1984 4895 Orientis
2014 4857 2156 4895 cura

499 4943 698 5015 ipsum
747 4940 922 5011 cepit,
954 4942 1010 4991 et
1040 4933 1282 4989 ultionis
1315 4930 1679 5002 justitiaque
1725 4930 1882 4983 zelus
1916 4928 2154 4984 delicias

498 5038 556 5087 et
587 5029 768 5087 animi
800 5025 1123 5092 mollitiem,
1151 5038 1276 5093 quae
1300 5021 1358 5075 in
1384 5020 1525 5074 urbe
1558 5018 1717 5089 regia
1748 5017 1960 5085 inerat,
1984 5017 2151 5085 vicit;

497 5122 652 5192 quod
697 5117 935 5189 quidem
986 5129 1192 5169 omnes
1245 5108 1511 5182 perculit,
1547 5106 1697 5161 celer
1727 5104 1997 5161 videlicet
2047 5122 2154 5176 ap-

498 5212 739 5283 paratus
770 5211 827 5260 et
857 5204 1019 5268 ordo,
1044 5217 1218 5271 quem
1250 5199 1501 5255 maxime
1532 5194 1861 5250 necessario
1897 5194 2156 5264 require-

497 5302 640 5355 bant
671 5312 762 5352 res
813 5291 1131 5349 Antiochiae
1162 5293 1220 5344 et
1248 5288 1463 5341 Ciliciae
1502 5284 1973 5353 excursionibus,
2005 5299 2154 5353 quas

494 5384 770 5458 superius
816 5382 1096 5444 diximus,
1148 5375 1476 5447 defatigatis
1525 5378 1582 5429 et
1631 5372 1690 5427 in
1739 5378 1995 5429 extrema
2048 5373 2151 5428 ad-

492 5476 681 5530 ducta
713 5470 1076 5528 discrimina.
1110 5466 1198 5521 Ad
1242 5470 1436 5536 partes
1486 5467 1681 5518 autem
1715 5462 1902 5534 magis
1956 5462 2151 5518 Boreae

502 5562 809 5632 subjectae
837 5560 962 5632 ipse
994 5555 1270 5612 sultanus
1302 5569 1435 5608 cum
1460 5551 1620 5608 omni
1648 5552 1900 5606 exercitu
1934 5550 2151 5623 irrupit

494 5667 701 5726 graves
741 5665 939 5705 secum
1000 5645 1199 5717 copias
1248 5648 1305 5698 et
1351 5642 1569 5714 quibus
1627 5640 1822 5696 resisti
1878 5640 2142 5711 nequire,

490 5741 812 5805 adducens.
840 5741 909 5792 Et
934 5736 1007 5792 ad
1038 5734 1185 5790 ﬁnes
1210 5736 1606 5788 Romanorum
1636 5732 1920 5785 autumno
1950 5744 2150 5785 acces-

2263 4759 2370 4811 κῶν
2431 4752 2597 4830 ἔργων
2659 4754 2996 4827 ἀντέχεσθαι,
3056 4745 3386 4827 πρεσϐευτάς
3436 4771 3495 4806 τε
3554 4750 3871 4824 ἐτοιμάζειν
3906 4795 3920 4820 ,

2263 4844 2352 4899 καὶ
2437 4843 2771 4918 πανταχόθεν
2865 4846 2979 4903 τοῖς
3058 4838 3318 4903 ἐναντίοις
3397 4837 3752 4915 ἐπιτειχίζειν
3813 4841 3919 4907 τὴν

2264 4930 2526 5009 πάροδον.
2562 4933 2657 4986 Διά
2707 4930 2873 4985 ταῦτά
2927 4951 3011 4984 τοι
3072 4926 3159 4983 διά
3214 4926 3308 4984 δύο
3339 4934 3527 5002 μηνῶν
3556 4926 3849 5002 παρολκην
3885 4932 3922 4998 ἡ

2262 5029 2362 5091 τῆς
2396 5022 2564 5093 Ἐῲας
2593 5021 2753 5075 αὐτὸν
2808 5017 3023 5094 δέχεται
3056 5017 3385 5093 Προποντὶς,
3417 5018 3506 5072 καὶ
3539 5018 3566 5070 6
3610 5014 3781 5086 ζῆλος
3813 5024 3923 5087 τῆς

2264 5109 2502 5174 ἐκδικίας
2553 5109 2767 5179 ἐνίκησε
2812 5110 2909 5177 τήν
2956 5108 3006 5162 έν
3057 5111 3126 5181 τῇ
3180 5104 3421 5182 βασιλίδι
3468 5107 3679 5181 τρυφήν
3722 5126 3785 5160 τε
3826 5107 3922 5161 καὶ

2265 5196 2557 5272 θυμηδίαν.
2610 5199 2675 5254 ’Ὀ
2723 5197 2809 5251 καὶ
2863 5194 3061 5257 πάντας
3111 5193 3467 5267 κατέπληξεν,
3500 5197 3533 5263 ἡ
3579 5200 3779 5269 ταχεῖα
3813 5192 3924 5266 δη-

2266 5286 2405 5356 λαδή
2483 5284 2767 5360 έτοιμασία
2824 5287 2914 5341 καὶ
2968 5283 3201 5355 διάταξις
3257 5284 3347 5338 καὶ
3405 5284 3714 5358 παρασκευὴ
3782 5285 3929 5357 πρὸς

2266 5379 2500 5453 ἀνάγκης
2559 5374 2705 5447 αὐτῷ
2762 5375 3025 5449 γενομένη
3084 5370 3325 5442 πολλῆς.
3374 5375 3461 5447 [Ρ.
3504 5374 3656 5445 823].
3701 5372 3791 5428 Τὰ
3827 5374 3929 5445 μὲν

2263 5468 2397 5522 κατά
2425 5468 2525 5535 τὴν
2576 5465 2917 5539 Ἀντιόχειαν
2966 5462 3056 5517 καὶ
3111 5459 3360 5517 Κιλικίαν
3410 5466 3525 5522 ταῖς
3574 5463 3932 5537 προειρημέ-

2262 5578 2378 5619 ναις
2426 5553 2721 5629 ἐκδρομαῖς
2771 5546 3107 5623 άπειρηκότα
3150 5548 3201 5604 έν
3233 5548 3482 5625 ἐσχάτοις
3531 5545 3835 5611 κινδύνοις’
3874 5550 3929 5606 ἐν

2266 5644 2322 5700 δι
2370 5650 2487 5706 τοῖς
2542 5642 2903 5718 βορειοτέροις
2958 5638 3118 5703 αὐτὸς
3167 5640 3194 5692 6
3249 5640 3545 5701 σουλτάνος
3579 5646 3933 5713 πανστρατιᾷ

2265 5732 2577 5809 έξελήλυθε,
2622 5729 2877 5805 δυνάμεις
2923 5729 3071 5806 ἄγων
3122 5728 3481 5794 ἀνυποίστους
3525 5726 3615 5784 καὶ
3671 5727 3934 5807 βαρείας,
