4078 6336
169 454 262 511 39‘!

1671 452 2062 512 HISTORIA.

3453 459 3574 520 398

165 581 236 634 χαί
275 586 397 641 τοῖς
450 580 623 654 ὁρίοις
671 583 778 633 τῶν
833 578 1118 653 Ῥωμαίων
1168 585 1248 652 τῷ
1293 583 1468 654 καιρῷ
1513 584 1610 635 τοῦ
1649 581 1806 656 φθιν-

1921 587 2093 651 serat,
2125 588 2189 639 ut
2237 583 2318 639 ibi
2351 584 2658 652 hiemaret,
2681 593 2739 642 et
2787 588 3025 644 ineunte
3055 603 3186 644 vere
3218 593 3283 645 ut
3311 589 3464 645 668
3497 606 3566 646 ex

164 670 368 744 οπώρου
418 667 769 743 προσῄνωτο,
807 667 1147 744 βουλόμενος
1200 668 1610 745 παραχειμάσαι
1643 667 1815 724 ἐκεῖσε

158 759 230 812 καὶ
269 756 589 833 ἀρχομένου
631 761 731 812 τοῦ
783 755 940 834 ἔαρος
988 763 1281 834 προσεχῶς
1332 752 1668 835 προσϐαλεῖν
1721 770 1814 824 καὶ

160 844 318 922 ἄρδην
366 845 664 921 ἀνατρέψαι
716 847 819 916 τὴν
867 846 1158 920 Ῥωμαίων
1203 847 1291 903 καὶ
1341 846 1610 903 καθελεῖν.
1651 848 1712 904 Ὁ
1757 844 1814 902 δὲ

164 934 404 1009 βασιλεὺς
461 937 690 1010 στρατὸν
741 935 1079 1012 ἐπαγόμενος
1125 935 1232 1012 οὐχ
1260 939 1380 991 οἷον
1413 935 1558 998 εἷ’κὸς
1588 936 1677 991 τὸν
1716 936 1783 1009 βα

163 1023 297 1079 σιλέα
345 1025 650 1096 Ῥωμαίων,
702 1023 831 1079 ἀλλ’
879 1027 995 1079 οἷον
1041 1032 1303 1102 παρεῖχεν
1349 1027 1377 1080 ὁ
1424 1026 1613 1099 καιρὸς
1656 1022 1720 1080 ἐκ
1748 1015 1812 1109 1:;

159 1110 464 1168 Μακεδόνων
544 1113 636 1167 καί
717 1112 1055 1189 Βουλγάρων
1116 1113 1207 1169 καί
1283 1111 1658 1171 Καππαδοκῶν
1717 1127 1811 1182 καῖ

158 1198 329 1270 Οόζων
381 1202 472 1256 καὶ
525 1207 633 1257 τῶν
689 1199 877 1257 ἄλλων
925 1198 1353 1280 παρατυχόντων
1393 1202 1640 1271 ἐθνικῶν,
1673 1203 1810 1278 πρὸς

161 1288 207 1344 δὲ
230 1290 315 1344 καὶ
355 1291 620 1366 Φράγγων
665 1291 754 1345 καὶ
803 1291 1125 1366 Βαράγγων,
1170 1299 1270 1362 τῆς
1321 1290 1452 1348 ὁδοῦ
1499 1289 1808 1353 σπουδαίως

158 1379 408 1456 ἐφήψατο.
466 1379 563 1434 Καὶ
635 1381 986 1454 συνήχθησαν
1039 1379 1097 1436 δὲ
1145 1382 1196 1436 οἳ
1253 1381 1447 1443 πάντες
1507 1378 1807 1453 κελεύματι

159 1467 411 1543 βασιλικῷ
464 1467 514 1522 ἐν
554 1472 623 1543 τῇ
671 1469 886 1544 Φρυγίᾳ
915 1466 1043 1538 ἤτοι
1095 1474 1174 1542 τῷ
1207 1469 1402 1544 θέματι
1431 1474 1538 1524 τῶν
1574 1468 1805 1525 Ἀνατο’

155 1554 329 1626 λικῶν,
362 1553 492 1621 ἔνθα
520 1555 612 1611 καὶ
660 1556 727 1626 ἦν
782 1555 916 1611 ἰδεῖν
943 1558 1005 1612 τὸ
1047 1555 1382 1635 παράδοξον,
1412 1558 1539 1621 τοὺς
1575 1552 1803 1628 διαϐοή-

155 1667 264 1708 τους
304 1645 637 1720 προμάχους
667 1651 776 1700 τῶν
810 1645 1099 1719 Ῥωμαίων
1131 1651 1238 1701 τῶν
1273 1652 1445 1702 πᾶσαν
1486 1649 1588 1717 τὴν
1630 1647 1802 1720 Ἐῲαν

158 1734 233 1789 καὶ
259 1735 359 1803 τὴν
391 1734 658 1808 Ἑσπέραν
706 1732 1282 1810 καταδουλωσαμένων
1334 1736 1386 1807 ἐξ
1418 1736 1622 1811 ὀλίγων
1669 1756 1805 1810 συγ-

156 1824 422 1897 κειμᾶνους
499 1821 732 1899 ἀνδρῶν,
806 1825 898 1879 καὶ
976 1824 1185 1880 τούτων
1262 1826 1673 1901 συγκεκυφότων

1922 671 2253 745 propinquo
2286 679 2484 745 posset
2522 674 2792 732 invadere
2823 682 2879 732 et
2910 676 3144 749 penitus
3175 679 3570 734 Romanorum

1923 779 2017 817 res
2047 768 2306 819 evertere
2355 781 2419 819 ac
2468 765 2757 820 demoliri.
2792 768 3113 837 Imperator
3140 773 3332 823 autem
3385 769 3572 823 addu-

1923 868 2060 907 cens
2089 853 2431 919 exercitum,
2465 871 2579 909 non
2625 853 2856 925 qualem
2889 856 3131 910 decebat
3169 856 3572 912 Romanorum

1921 941 2360 1012 imperatorem.
2390 944 2489 998 sed
2522 943 2754 1014 qualem
2778 960 3036 1016 praesens
3063 946 3290 1000 occasio
3323 945 3576 1014 praebuit

1921 1046 1989 1084 ex
2029 1031 2449 1087 Macedonibus
2499 1037 2554 1086 et
2603 1031 2872 1104 Bulgaris
2921 1037 2978 1088 et
3026 1034 3467 1104 Cappadocibus
3517 1038 3576 1090 et

1922 1118 2054 1175 Uzis
2076 1127 2132 1175 et
2158 1120 2311 1188 aliis,
2338 1126 2401 1176 ut
2429 1122 2546 1176 fors
2566 1121 2802 1188 tulerat,
2826 1122 3192 1188 nationibus,
3214 1123 3576 1194 insuperque

1920 1225 1950 1264 e
1985 1209 2222 1264 Francis
2248 1215 2304 1265 et
2336 1210 2638 1282 Barangis,
2670 1211 2932 1267 studiose
2963 1212 3074 1266 iter
3101 1213 3371 1283 arripuit,
3395 1218 3451 1267 et
3483 1229 3578 1268 co-

1920 1297 2030 1353 acti
2063 1303 2202 1354 sunt
2249 1299 2620 1371 imperatoris
2661 1300 2837 1370 jussu
2889 1317 3092 1355 omnes
3145 1301 3243 1370 qui
3295 1306 3462 1356 erant
3513 1301 3574 1355 in

1918 1388 2165 1460 Phrygia
2223 1406 2324 1444 seu
2387 1389 2684 1461 provincia
2729 1389 3136 1445 Orientalium.
3169 1389 3277 1444 Ubi
3339 1406 3576 1446 cernere

1917 1483 2140 1549 poterat
2173 1478 2366 1534 nescio
2395 1478 2534 1550 quid
2570 1477 2932 1546 incredibile,
2959 1477 3216 1535 celebres
3247 1477 3381 1533 illos
3410 1481 3574 1532 ante-

1916 1567 2196 1637 signanos
2241 1568 2660 1634 Romanorum,
2690 1568 2790 1639 qui
2838 1583 3071 1623 omnem
3105 1573 3161 1622 et
3189 1568 3481 1624 Orientem
3517 1571 3575 1622 et

1914 1654 2286 1711 Occidentem
2337 1658 2395 1711 in
2444 1657 2785 1712 servitutem
2836 1658 3200 1726 redegerant,
3245 1673 3315 1711 ex
3366 1655 3573 1728 paucis

1911 1744 2052 1799 viris
2101 1744 2394 1810 collectos,
2434 1745 2624 1818 iisque
2674 1750 3017 1818 paupertate
3047 1751 3104 1802 et
3132 1746 3437 1802 vexatione
3467 1746 3572 1800 de-

1911 1833 2113 1889 missis
2142 1842 2315 1904 atque
2354 1834 2515 1889 omni
2564 1851 2861 1890 armorum
2894 1851 3106 1907 genere
3138 1833 3428 1907 spoliatis,
3463 1851 3571 1906 pro

157 1914 292 1985 πενίᾳ
359 1912 450 1968 καῖ
525 1912 799 1989 κακουχίᾳ
863 1914 958 1968 καὶ
1015 1914 1323 1978 πανοπλίας
1378 1910 1753 1992 ἐστερημένων
1784 1960 1800 1987 ,

1921 1921 2125 1993 gladiis
2172 1927 2230 1978 et
2278 1922 2408 1977 aliis
2439 1921 2668 1978 bellicis
2699 1925 2903 1989 armis,
2940 1930 3005 1979 ut
3053 1925 3356 1995 Scriptura
3403 1923 3570 1991 dicit,

155 2013 254 2065 ἀντὶ
302 2016 593 2088 μαχαιρῶν
640 2011 730 2066 καὶ
779 2009 968 2068 ἄλλων
1018 2012 1266 2088 ὀργάνων
1317 2013 1636 2086 πολεμικῶν
1664 2059 1678 2081 ,
1726 2012 1789 2067 τὸ

153 2104 236 2164 τῆς
261 2107 477 2178 Γραφῆς
507 2099 669 2175 ἐρεῖν,
706 2096 923 2170 ζιὸύνας
969 2103 1061 2157 καὶ
1112 2100 1349 2176 δρέπανα
1396 2101 1495 2157 οὐκ
1533 2102 1586 2157 ἐν
1614 2106 1789 2177 καιρῷ

153 2189 354 2263 εἰρήνης
397 2188 788 2266 ἐπαγομένους,
843 2189 1022 2246 ’ίππου
1075 2212 1134 2246 τε
1183 2189 1492 2265 πολεμικοῦ
1550 2191 1638 2246 καὶ
1692 2194 1792 2255 τῆς

152 2276 311 2348 ἄλλης
370 2282 715 2353 παρασκευῆς
782 2277 977 2342 ἐνδεῶς
1037 2275 1290 2356 ἔχοντας,
1350 2282 1440 2336 ἅτε
1497 2282 1570 2354 μὴ
1631 2300 1790 2356 στρα-

150 2369 464 2440 τευσαμένου
523 2367 795 2443 βασιλέως
854 2368 913 2424 ἐκ
968 2368 1211 2438 πολλοῦ,
1263 2371 1354 2425 καὶ
1409 2367 1498 2424 διὰ
1523 2373 1685 2425 τοῦτο
1719 2369 1794 2433 ὡς

153 2457 426 2532 ἀχρήστων
483 2458 573 2512 καὶ
633 2456 940 2513 ἆσυντελῶν
993 2459 1084 2513 καὶ
1140 2459 1232 2514 τὸν
1294 2459 1560 2532 ὀψωνικὸν
1616 2457 1790 2514 αὐτῶν

151 2545 565 2621 περαιρεθέντων
643 2547 737 2602 καὶ
792 2547 855 2602 τὸ
926 2548 1171 2604 ἀνέκαθεν
1227 2547 1530 2622 σιτηρέσιον
1595 2546 1792 2621 (δειλοὶ

151 2636 238 2709 γιὶρ
294 2637 387 2691 καὶ
442 2634 728 2699 ἀνάλκιδες
770 2636 859 2692 καὶ
907 2638 1045 2712 πρὸς
1097 2635 1249 2692 οὐδὲν
1301 2643 1547 2713 γενναῖον
1598 2657 1796 2713 χρησι-

153 2724 392 2796 μεῦοντες
441 2725 876 2804 κατεφαίνοντο)·
924 2727 1015 2780 καὶ
1065 2726 1228 2791 αὐτας
1265 2727 1360 2789 τὰς
1392 2726 1628 2800 σημαίας
1661 2747 1797 2780 σιω-

409 2817 841 2891 ἆποφθὲγγεσθαι
918 2816 1146 2890 πιναρὰς
1245 2818 1528 2892 ὁρωμένας
1617 2816 1796 2891 ὥσπερ

153 2903 246 2958 ἀπὸ
276 2903 500 2979 λιγνύος
528 2903 879 2982 ἐζοιρωμένας
910 2910 1141 2974 καπνοῦ,
1174 2905 1263 2961 καὶ
1295 2904 1533 2968 ὀπαδοὺς
1564 2904 1796 2980 ἐχούσας

152 2994 551 3069 εὐαριθμήτους
611 2994 702 3048 καὶ
763 2994 1084 3070 πενιχρούς.
1140 2999 1314 3067 Ταῦτα
1369 3001 1486 3056 τοῖς
1536 2998 1796 3069 παροῦσιν

158 3082 405 3155 ὁρώμενα
460 3081 680 3152 πολλὴν
742 3083 976 3155 ἀθυμίαν
1030 3091 1309 3159 προσῆγον
1362 3083 1451 3138 καὶ
1503 3082 1798 3152 ἐνεποίουν,

152 2819 332 2889 πηρῶς

152 3178 631 3257 ἀναλογιζομένοις
687 3180 736 3252 ἐξ
798 3179 928 3236 ο⁹ίων
981 3187 1080 3236 ποῖ
1135 3183 1503 3252 κατηντήκασι
1553 3181 1619 3236 τὰ
1665 3182 1800 3237 Ῥωο

157 3269 320 3340 μαίων
350 3267 710 3344 στρατόπεδα,
759 3270 848 3325 καὶ
897 3269 1050 3335 αὖθις
1100 3270 1222 3325 τίνα
1259 3270 1459 3346 τρόπον
1492 3270 1596 3324 κάκ
1624 3268 1798 3324 ποίων

150 3328 450 3433 χρημάτων
481 3360 569 3414 καὶ
623 3328 712 3414 διά
757 3359 930 3414 πόσου
1121 3328 1329 3435 χρόνοῦ
1369 3359 1444 3420 εἷς
1474 3359 1536 3414 τὸ
1568 3359 1798 3434 ἀρχαῖον
1832 3328 1875 3395 C

153 3446 619 3520 ἑπανελεύσονται,
661 3452 772 3503 τῶν
825 3449 918 3522 μὲν
974 3447 1346 3524 γηραιοτὲρων
1401 3468 1489 3503 και
1539 3467 1802 3524 πεπειρα-

157 3534 317 3606 μένων
379 3536 642 3613 ἀφίππων
703 3532 872 3592 ὄντων
931 3537 1023 3591 καὶ
1074 3535 1272 3611 ψιλῶν,
1324 3543 1426 3606 τῆς
1477 3534 1534 3591 δὲ
1573 3534 1803 3598 νεαλοῦς

149 3630 401 3698 στρατιᾶς
460 3625 908 3702 ἀπειροπολέμω
967 3625 1359 3696 καθεστηκυίας
1416 3625 1506 3680 καὶ
1558 3630 1666 3679 τῶν
1706 3645 1805 3679 πο-

153 3712 394 3787 λεμικῶν
449 3716 552 3770 οὐκ
596 3711 788 3780 ἐθαδος
820 3714 1068 3790 ἀγώνων.
1125 3715 1222 3770 Καὶ
1266 3713 1417 3779 αὖθις
1464 3715 1527 3770 τὸ
1573 3715 1681 3769 τῶν
1712 3713 1809 3768 ἀν-

150 3803 550 3879 τιτεταγμένων
596 3802 1114 3879 φιλοκινδυνότατον
1170 3803 1222 3859 ἐν
1271 3802 1562 3877 πολέμοις,
1615 3803 1810 3876 ἐπίμο-

154 3913 236 3947 νον
294 3894 394 3949 καὶ
453 3888 716 3968 ἔμπειρον
773 3893 864 3950 καὶ
925 3891 1252 3965 ἐπιτήδειον.
1314 3895 1583 3957 Πάντοθεν
1639 3890 1730 3947 οῦν
1781 3893 1809 3946 ὁ

155 3991 412 4064 βασιλεὺς
466 3991 904 4068 ἐξαπορο·5μενος
953 3991 1107 4066 ὅμως
1159 3991 1248 4048 διὰ
1294 3993 1391 4061 τήν
1437 3993 1627 4061 κοινήν
1658 3979 1810 4046 λυᾶῖ-

155 4079 365 4136 τίλειαν
421 4075 626 4156 ἔκρινεν
681 4082 755 4144 ὡς
810 4081 932 4152 ἐνῆν
980 4087 1097 4145 τοῖς
1138 4080 1360 4157 ἐχθροῖς
1387 4080 1814 4154 ἀντιπαρατάξα-

157 4182 272 4233 σθαι
302 4171 403 4225 καὶ
453 4174 550 4241 τῆς
596 4168 816 4241 πολλῆς
860 4170 1054 4234 αὐτοὺς
1106 4175 1292 4233 ποσῶς
1340 4169 1685 4246 ἀναχαιτίσαι
1725 4168 1815 4224 καὶ

161 4259 476 4315 ἀναστεῖλαι
552 4258 754 4334 δρμῆς.
807 4259 943 4324 Τοὺς
995 4261 1097 4337 γὰρ
1155 4259 1426 4323 ἐναντίους
1496 4259 1818 4334 ἀγνοοῦντας

153 4350 215 4402 τά
263 4347 418 4403 οἶκοι
464 4349 555 4403 τὸν
608 4348 834 4423 βασιλέα
875 4350 1130 4418 πιὲζοντά
1179 4371 1236 4404 τε
1286 4353 1366 4420 [Ρ.
1401 4351 1527 4422 824]
1559 4347 1647 4402 καὶ
1699 4347 1818 4411 θλί-

163 4431 324 4492 ϐοντα
354 4441 395 4506 ἡ
441 4437 611 4513 ἁθρόα
660 4437 856 4492 τούτου
915 4439 1060 4513 ὁρμή
1120 4459 1178 4492 τε
1221 4436 1311 4493 καί
1361 4432 1558 4512 ἔφοδος
1605 4435 1818 4510 μᾶλλον

156 4525 472 4598 ἐξέπληξεν,
534 4525 839 4600 οἰηθέντας,
901 4527 1082 4603 ὥσπερ
1141 4527 1232 4582 καὶ
1289 4525 1508 4604 ὕστερον
1571 4528 1820 4600 μεμαθή-

158 4636 352 4686 καμεν,
403 4614 486 4670 ὅτι
536 4612 803 4670 κινδύνων
854 4615 1011 4679 οὗτος
1045 4617 1074 4671 ὁ
1113 4613 1398 4693 ἅνθρωπος
1430 4613 1624 4672 οὐδένα
1653 4614 1820 4691 λόγον

1901 2009 2099 2081 jacula
2128 2017 2185 2066 et
2216 2010 2396 2066 falces
2444 2029 2558 2066 non
2607 2019 2870 2084 tempore
2903 2012 3063 2083 pacis
3113 2012 3567 2080 adducentibus,

1901 2112 1959 2163 et
2015 2107 2222 2164 bellico
2278 2107 2545 2180 equitatu
2607 2108 2836 2180 alioque
2903 2109 3310 2180 indigentibus
3383 2125 3571 2180 appa-

1901 2202 2054 2264 ratu,
2087 2198 2307 2268 quippe
2355 2213 2490 2252 cum
2542 2197 2864 2268 imperator
2921 2197 3060 2253 illuc
3114 2215 3247 2252 cum
3297 2197 3557 2253 exercitu

1893 2285 2252 2358 jampridem
2286 2287 2582 2357 profectus
2630 2302 2745 2342 non
2796 2291 2970 2356 esset,
3003 2293 3060 2341 et
3105 2287 3212 2341 hac
3261 2287 3333 2340 de
3379 2301 3559 2340 causa

1902 2375 2023 2430 illis
2052 2380 2333 2446 tanquam
2369 2375 2675 2431 inutilibus
2714 2375 2989 2448 adempta
3029 2380 3226 2431 essent
3253 2374 3472 2430 cibaria
3502 2379 3561 2429 et

1904 2464 2004 2536 qui
2037 2464 2278 2534 praeberi
2318 2468 2701 2519 consueverat
2731 2469 3095 2521 commeatus
3128 2481 3141 2519 :
3175 2463 3369 2519 timidi
3400 2462 3556 2518 enim

1905 2559 1962 2609 et
2000 2552 2321 2608 imbecilles
2377 2557 2434 2607 et
2491 2553 2562 2608 ad
2625 2553 2846 2608 nullam
2907 2569 3029 2609 rem
3078 2557 3380 2610 strenuam
3423 2551 3559 2607 usui

1907 2645 2332 2710 censebantur;
2393 2643 2472 2697 ita
2529 2648 2592 2696 ut
2657 2643 2831 2696 etiam
2900 2643 3029 2711 ipsa
3095 2642 3267 2713 signa
3324 2639 3559 2697 silentio

1908 2731 2367 2802 responderent,
2436 2731 2675 2786 sordida
2741 2736 3084 2802 conspecta,
3138 2736 3418 2801 tanquam
3489 2729 3561 2784 ab

1907 2820 2163 2875 extincto
2218 2818 2444 2875 lumine
2493 2820 2803 2875 obscurato
2852 2820 3035 2890 fumo,
3068 2823 3127 2875 et
3182 2835 3400 2890 paucos
3457 2817 3567 2872 ha-

1909 2909 2108 2964 bentia
2165 2908 2469 2964 ministros
2525 2925 2744 2980 eosque
2802 2925 3109 2980 pauperes.
3144 2909 3274 2963 Haec
3331 2907 3405 2962 iis
3463 2905 3562 2978 qui

1909 2999 2154 3054 aderant
2232 2998 2612 3053 cernentibus
2692 3014 2868 3053 causa
2947 3001 3110 3053 erant
3175 3003 3240 3052 ut
3305 2996 3559 3052 multum

1911 3088 2343 3158 desponderent
2401 3089 2666 3142 animum
2719 3092 2778 3142 et
2827 3090 3178 3152 metuerent,
3236 3086 3561 3157 cogitantes

1911 3193 1978 3231 ex
2019 3192 2134 3248 quo
2175 3181 2331 3231 statu
2388 3177 2446 3230 in
2499 3192 2673 3247 quem
2725 3176 2946 3231 redacti
2995 3175 3115 3231 sint
3167 3175 3561 3230 Romanorum

1913 3275 2065 3329 669
2103 3272 2412 3341 exercitus,
2445 3278 2502 3327 et
2533 3289 2739 3327 rursus
2788 3288 3042 3343 quanam
3095 3271 3320 3326 ratione
3349 3275 3408 3326 et
3436 3269 3567 3341 qui-

1916 3366 2026 3419 bus
2057 3363 2269 3434 Opibus
2319 3367 2375 3418 et
2423 3366 2644 3434 quanto
2685 3367 2949 3433 tempore
2997 3361 3056 3416 in
3110 3361 3419 3432 antiquum
3449 3366 3569 3416 sta-

1911 3457 2039 3508 tum
2068 3452 2351 3507 vindicari
2404 3452 2652 3523 possint,
2685 3467 2820 3506 cum
2873 3451 3126 3522 majores
3156 3454 3296 3505 natu
3328 3453 3386 3505 et
3411 3453 3569 3505 vete-

1915 3541 2041 3596 rani
2075 3539 2294 3595 milites
2338 3543 2394 3595 et
2438 3539 2605 3611 periti
2637 3544 2902 3595 carerent
2929 3538 3196 3610 equitatu
3231 3542 3287 3593 et
3314 3537 3573 3594 inermes

1916 3637 2130 3696 essent,
2163 3630 2384 3684 tirones
2415 3633 2610 3684 autem
2655 3627 2914 3699 imperiti
2947 3643 3137 3698 neque
3186 3627 3415 3683 bellicis
3447 3644 3573 3682 cer-

1916 3718 2242 3774 taminibus
2299 3719 2540 3773 assueti.
2602 3717 2682 3770 Ad
2743 3716 2854 3772 hoc
2913 3715 3280 3771 adversarios
3338 3731 3574 3786 quoque

1919 3808 2172 3864 maxime
2221 3811 2490 3862 strenuos
2533 3811 2589 3862 et
2639 3807 2888 3861 audaces
2948 3805 3019 3860 ab
3070 3804 3379 3859 subeunda
3438 3803 3572 3859 belli

1920 3897 2196 3970 pericula,
2230 3902 2289 3952 et
2337 3895 2580 3951 stabiles
2631 3899 2805 3966 atque
2853 3893 3074 3967 peritos
3103 3896 3161 3947 et
3188 3892 3432 3947 idoneos
3465 3909 3572 3947 no-

1921 3990 2072 4041 rant.
2115 3987 2193 4041 Ex
2241 3985 2401 4040 omni
2462 3985 2641 4055 igitur
2691 3988 2854 4054 parte
2903 3997 3117 4052 anceps
3171 3984 3229 4036 et
3284 3979 3574 4036 sollicitus

1920 4076 2239 4146 imperator
2285 4078 2480 4129 tamen
2532 4073 2857 4128 communis
2908 4069 3183 4126 utilitatis
3223 4086 3421 4139 causa,
3450 4076 3606 4125 sta-'

1922 4165 2060 4231 tuit,
2093 4169 2382 4236 quantum
2433 4164 2492 4218 in
2543 4179 2604 4218 se
2653 4166 2796 4228 erat,
2830 4166 3035 4218 contra
3090 4160 3287 4216 hostes
3332 4159 3571 4227 instrui,

1925 4278 2247 4332 eorumque
2311 4277 2380 4315 ex
2437 4259 2630 4330 aliqua
2694 4265 2854 4330 parte
2920 4258 3221 4330 ingentem
3288 4256 3575 4326 impetum

1927 4352 2333 4422 comprimere.
2367 4350 2435 4404 Et
2478 4349 2842 4403 adversarios
2884 4347 3145 4417 quidem,
3177 4346 3415 4417 ignaros
3445 4346 3576 4416 qui-

1928 4444 2042 4497 bus
2071 4439 2240 4494 malis
2263 4438 2420 4493 domi
2444 4445 2748 4494 vexaretur
2768 4453 2833 4492 ac
2861 4439 3222 4508 premeretur
3241 4435 3581 4507 imperator,

1931 4529 2272 4602 repentinus
2321 4528 2512 4600 ipsius
2543 4534 2785 4582 conatus
2829 4529 2887 4581 et
2919 4525 3205 4579 adventus
3237 4524 3425 4596 magis
3455 4541 3585 4597 per-

1930 4619 2164 4685 terruit,
2197 4623 2374 4686 ratos,
2401 4622 2466 4672 ut
2498 4620 2698 4687 postea
2729 4614 3067 4682 didicimus,
3100 4612 3399 4668 hominem
3431 4613 3591 4669 hunc

159 4706 487 4775 πεποίηται,
520 4703 648 4761 ἀλλ’
699 4698 855 4779 ἔαρος
904 4703 978 4760 ὢν
1011 4706 1280 4781 φοιτητής
1325 4707 1702 4776 καινοποιήσει
1732 4705 1810 4759 καῖ

1932 4708 2324 4782 periculorum
2353 4705 2573 4760 nullam
2599 4705 2885 4759 rationem
2911 4702 3394 4767 habiturum,sed
3412 4719 3590 4757 verno

163 4790 435 4865 ἀνηϐήσει
488 4795 559 4850 τὰ
612 4793 904 4866 Ῥωμαίων
958 4792 1251 4870 πράγματα
1306 4795 1392 4849 καὶ
1461 4795 1823 4865 ἀντισηκώσει

161 4890 276 4946 τοῖς
309 4884 546 4959 ἐχθροῖς
575 4884 643 4937 τὰ
671 4882 944 4959 ἐπίχειρα.
981 4885 1123 4957 [Διὰ]
1155 4883 1324 4938 ταῦτά
1351 4904 1436 4938 τοι
1469 4884 1496 4938 ὁ
1531 4884 1626 4957 μὲν
1660 4889 1823 4938 σουλ-

158 4988 312 5037 τανος
366 4972 785 5048 ὀπισθόρμητος
834 4971 1041 5047 γέγονε,
1099 4977 1296 5046 μοῖραν
1329 4970 1385 5026 δέ
1427 4993 1548 5027 τινα
1583 4971 1823 5047 μεγάλην

158 5061 601 5135 ἀποτεμόμενος,
629 5062 720 5116 καὶ
745 5060 945 5132 ταύτην
974 5058 1338 5137 διχῆδιελὼν,
1365 5063 1463 5130 τήν
1501 5062 1594 5134 μὲν
1623 5061 1700 5123 εἶς
1731 5062 1830 5130 τὴν

161 5160 344 5216 Ἀσίαν
409 5160 511 5228 τήν
567 5157 680 5214 ἄνω
735 5160 1066 5236 νοτιωτέραν
1126 5157 1415 5233 ἐκπέμπει,
1473 5159 1572 5227 τήν
1633 5156 1690 5213 δὲ
1742 5159 1834 5234 βο-

162 5250 444 5326 ρειοτέραν
496 5247 870 5324 παραγγέλλει
929 5249 1196 5324 γενέσθαι.
1249 5249 1308 5302 Ὀ
1355 5245 1412 5302 δὲ
1463 5246 1718 5322 βασιλεὺς
1761 5247 1834 5310 ὡς

163 5335 285 5405 ἐνῆν
314 5335 453 5397 τοὺς
487 5335 580 5389 σὺν
625 5335 775 5407 αὐτῷ
826 5333 1140 5411 ἐπιρρώσας
1186 5333 1291 5409 ὅλῃ
1334 5336 1507 5411 χειρὶ,
1551 5335 1641 5390 καὶ
1675 5335 1836 5405 ἀξιώ-

171 5445 296 5496 μασι
353 5424 450 5479 καὶ
493 5421 694 5500 δώροις
741 5423 1109 5501 ἀναθαρρῆσαι
1159 5423 1502 5496 πεποιηκὼς,
1549 5424 1638 5479 καὶ
1694 5423 1839 5498 λοχ-

164 5513 324 5590 αγοὺς
423 5511 512 5567 καί
596 5513 895 5589 ταξιάρχας
980 5512 1234 5588 ἀρίστους
1315 5514 1524 5587 ἑκάστῳ
1605 5514 1840 5590 τάγματι

163 5600 458 5677 ἐπιμελῶς
499 5602 977 5678 προστησάμενος,
1037 5602 1090 5658 ἐν
1142 5601 1316 5679 ὀλίγῳ
1374 5603 1558 5679 χρόνῳ
1591 5603 1840 5677 στρατιὰν

167 5690 468 5766 ἀξιόλογον
523 5693 914 5765 κατεστήσατο,
964 5692 1057 5746 καὶ
1111 5693 1226 5764 μετ’
1283 5690 1452 5762 αὐτῆς
1515 5690 1602 5746 ἐπὶ
1637 5694 1842 5768 Πέρσας

168 5779 586 5860 προθυμότερον
635 5778 894 5855 ἤλαυνεν.
926 5781 1016 5848 Ὦς
1063 5777 1122 5838 δέ
1163 5781 1227 5838 τὸ
1276 5780 1495 5860 βόρειον
1544 5781 1848 5860 στρατόπε-

1929 4803 2194 4869 tempore
2224 4796 2637 4857 adventurum,
2666 4795 3084 4860 auctoremque
3113 4790 3234 4845 fore
3273 4794 3338 4844 ut
3380 4807 3592 4845 rursus

1935 4889 2200 4943 Romana
2229 4899 2322 4938 res
2352 4881 2683 4938 efﬂorescat
2703 4885 2760 4936 et
2790 4879 2952 4952 paria
2983 4877 3250 4933 hostibus
3282 4880 3586 4950 rependat.

1937 4984 2163 5049 Quibus
2195 4981 2265 5036 de
2296 4979 2491 5035 causis
2539 4977 2811 5034 sultanus
2859 4975 3118 5031 recessit.
3153 4973 3368 5029 Verum
3400 4973 3594 5030 divisa

1939 5073 2097 5128 haud
2129 5071 2338 5142 exigua
2367 5069 2654 5123 exercitus
2699 5083 2875 5120 manu
2922 5065 2980 5118 in
3027 5065 3173 5118 duas
3206 5069 3420 5133 partes,
3452 5063 3594 5120 alle-

1940 5179 2066 5218 ram
2101 5163 2160 5215 in
2194 5160 2392 5215 Asiam
2424 5155 2786 5229 superiorem
2827 5154 2897 5209 ad
2951 5155 3162 5206 Istrum
3197 5153 3386 5222 magis
3418 5152 3595 5207 sitam

1943 5251 2180 5318 emittit,
2214 5250 2458 5304 alteram
2491 5247 2560 5300 ad
2596 5249 2792 5317 partes
2837 5242 3026 5313 magis
3056 5240 3451 5310 aquilonares.
3487 5243 3598 5297 Im-

1945 5345 2180 5412 perator
2226 5343 2419 5392 autem
2467 5336 2617 5398 suis,
2668 5337 2956 5404 quantum
3008 5329 3192 5395 licuit,
3241 5329 3604 5385 confirmatis

1948 5429 2109 5486 omni
2155 5431 2441 5497 potestate
2469 5430 2525 5480 et
2555 5423 2842 5495 dignitate
2875 5436 2941 5474 ac
2973 5417 3338 5486 muneribus,
3361 5423 3420 5474 et
3449 5419 3604 5474 bono

1951 5517 2150 5573 animo
2183 5533 2311 5570 esse
2341 5514 2552 5584 jussis,
2585 5508 3142 5583 manipulorumque
3175 5507 3521 5564 ductoribus
3551 5514 3611 5563 et

1953 5605 2194 5678 optimis
2217 5603 2504 5676 praefectis
2528 5600 2851 5670 unicuique
2872 5596 3092 5669 legioni
3118 5595 3431 5666 diligenter
3451 5597 3616 5653 attri-

1954 5693 2310 5763 butis,brevi
2344 5698 2606 5764 tempore
2636 5690 2912 5745 idoneum
2944 5684 3237 5742 contraxit
3267 5687 3616 5750 exercitum,

1955 5789 2014 5844 et
2041 5801 2176 5842 cum
2207 5784 2336 5859 ipso
2368 5783 2428 5838 in
2459 5786 2670 5839 Persas
2711 5776 2969 5836 alacrius
3013 5774 3519 5849 proﬁciscebatur.
3551 5774 3624 5833 Ut
