4078 6336
492 415 612 472 399

1789 411 2116 472 JOANNlS
2164 407 2592 469 SCYLl'l‘ZE.

3790 410 3906 471 400

492 559 629 598 vero
685 542 941 598 Borealis
999 541 1286 597 exercitus
1342 542 1712 613 imperatoris
1772 542 2148 598 successibus

2264 536 2354 592 δον
2408 539 2501 600 τὰς
2557 543 2653 593 τοῦ
2732 538 2998 613 βασιλέως
3067 538 3336 614 προόδους
3389 538 3713 615 παρέσχετο,
3768 534 3906 613 ἔγνω

497 634 651 689 670
695 632 857 701 favit,
906 632 1114 688 statuit
1160 632 1436 704 deinceps
1492 632 1777 705 Diogenes
1836 633 1893 687 in
1952 637 2146 705 partes

494 722 783 779 australes
815 739 914 778 eos
945 722 1217 777 invadere
1263 723 1362 793 qui
1393 722 1763 795 leesyriam
1795 728 1853 779 et
1881 723 2146 779 Ciliciam

490 813 797 884 ipsamque
821 811 1190 867 Antiochiam
1218 812 1661 883 praedabantur;
1686 812 2005 884 relictaque
2054 812 2148 867 via

491 918 619 973 quae
652 906 808 956 recta
839 900 1001 955 ducit
1020 899 1319 955 Coloniam
1350 905 1407 955 et
1428 901 1776 967 Sebastiam,
1802 903 1873 956 ad
1900 902 2147 972 Lycandi

491 993 789 1063 regionem
821 988 1089 1057 accessit,
1119 989 1318 1045 aestivo
1343 994 1605 1061 tempore
1632 1008 1643 1044 :
1679 996 1965 1045 autumno
1988 990 2144 1046 enim

491 1079 785 1151 cogitabat
815 1079 874 1133 in
906 1078 1130 1151 Syriam
1177 1080 1471 1146 invadere,
1514 1096 1586 1135 ne
1630 1080 1773 1135 forte
1804 1084 1949 1136 aestu
1979 1097 2148 1135 vexa-

492 1172 588 1223 tus
621 1166 912 1222 exercitus
943 1184 1152 1238 parum
1188 1184 1463 1239 prospere
1503 1185 1594 1223 res
1634 1174 1859 1241 gereret
1887 1173 1944 1224 et
1971 1170 2146 1224 detri-

494 1262 690 1312 mento
739 1257 895 1311 haud
959 1256 1238 1311 mediocri
1300 1258 1648 1312 afficeretur.
1703 1260 1932 1314 Interea
1978 1258 2149 1314 Turci

495 1345 929 1405 Neocaesaream
988 1363 1057 1401 ex
1128 1347 1441 1417 improviso
1501 1346 1690 1402 adorti
1747 1352 2035 1409 evertunt,
2094 1353 2151 1403 et

493 1435 813 1491 multorum
846 1435 1104 1491 virorum
1153 1452 1452 1507 opumque
1501 1437 1669 1507 potiti
1705 1440 1864 1507 sunt,
1897 1438 2149 1492 abducta

497 1524 751 1580 maxime
800 1525 1019 1597 ingenti
1070 1526 1392 1595 spoliorum
1439 1526 1662 1596 praeda;
1696 1525 1850 1597 quod
1885 1543 2016 1581 cum
2074 1528 2145 1583 ad

497 1630 670 1670 aures
704 1614 1075 1685 imperatoris
1103 1615 1434 1684 accidisset,
1461 1617 1705 1669 multam
1741 1615 1823 1669 illi
1853 1632 2026 1670 casus
2055 1616 2147 1670 hic

499 1702 682 1759 animi
741 1702 1200 1759 sollicitudinem
1260 1702 1473 1771 attulit,
1506 1704 1660 1774 quod
1698 1705 1968 1774 quamvis
2016 1721 2143 1761 cum

495 1791 747 1848 exercitu
794 1792 1130 1863 prodiisset,
1166 1790 1548 1847 nihilominus
1596 1792 1797 1848 hostes
1846 1793 2140 1865 regionem

491 1909 661 1949 suam
693 1909 756 1948 se
796 1893 1165 1963 inspectante
1194 1898 1485 1948 vexarent.
1516 1892 1775 1948 Tandem
1808 1894 2006 1967 capias
2049 1914 2150 1967 per

495 1982 738 2039 semitas
795 1998 1036 2037 accessu
1088 1980 1359 2035 difﬁciles
1406 1981 1585 2035 veluti
1636 1982 1880 2038 habenis
1920 2002 1953 2038 a
1994 1991 2163 2059 tergo

493 2070 767 2127 retractis
800 2069 1058 2139 reduxit;
1094 2086 1346 2140 cumque
1375 2070 1650 2125 Sebastiaz
1684 2073 2154 2146 appropinquas.

491 2166 603 2227 set,
638 2159 919 2215 militaria
972 2158 1397 2230 impedimenta
1451 2164 1508 2214 et
1555 2176 1760 2216 omnes
1808 2164 2035 2232 pedites
2074 2165 2156 2221 ibi

504 2250 745 2320 reliquit
788 2266 923 2303 cum
973 2247 1238 2319 privigno
1270 2265 1376 2303 suo
1416 2249 1771 2316 Andronico,
1806 2252 1905 2323 qui
1953 2270 2155 2311 secum

504 2338 726 2406 aderat,
782 2354 957 2409 quem
1016 2336 1307 2392 delectum
1366 2337 1775 2409 imperatorem
1827 2346 1891 2395 ut
1939 2343 2154 2415 pignus

502 2427 629 2498 ipse
677 2426 931 2481 habebat
964 2424 1052 2480 vel
1084 2425 1388 2497 collegam,
1422 2430 1487 2480 ut
1534 2426 1583 2481 si
1633 2427 1765 2498 quis
1812 2432 2156 2501 repentinus

500 2533 675 2572 casus
705 2516 985 2587 exigeret,
1006 2516 1058 2570 is
1087 2531 1180 2570 res
1210 2515 1670 2571 administraret.
1698 2516 1829 2588 Ipse
1856 2535 1990 2575 vero
2022 2537 2156 2576 cum

499 2605 964 2677 expeditioribus
1012 2622 1045 2658 a
1093 2608 1255 2675 tergo
1298 2604 1759 2675 persequebatur
1806 2607 2007 2664 hostes
2057 2626 2161 2681 per

500 2695 717 2750 multos
745 2698 802 2750 et
829 2693 1191 2749 celsissimos
1240 2692 1440 2763 colles,
1473 2698 1528 2748 et
1579 2711 1682 2765 per
1729 2696 2072 2767 Tephricem
2104 2703 2160 2755 et

499 2786 751 2853 Argaum
795 2783 855 2837 in
899 2782 1060 2854 ipsos
1093 2782 1367 2837 invadere
1415 2798 1482 2837 ex
1532 2782 1771 2854 obliquo
1822 2784 2155 2842 festinabat.

502 2873 691 2936 Quare
742 2888 877 2927 cum
939 2888 1045 2926 nec
1089 2872 1400 2942 opinantes
1450 2872 1690 2927 adortus
1739 2878 1913 2943 esset,
1948 2876 2159 2946 suique

505 2962 792 3017 adventus
839 2961 994 3015 fama
1043 2976 1248 3016 omnes
1298 2960 1699 3027 deterruisset,
1733 2962 1933 3019 statim
1981 2980 2160 3020 causa

504 3051 619 3106 fuit
680 3054 745 3106 ut
792 3052 938 3106 671
996 3048 1079 3103 illi
1141 3048 1200 3103 in
1261 3049 1459 3120 fugam
1514 3048 1666 3104 versi
1723 3054 1882 3120 terga
1930 3055 2157 3109 darent.

506 3150 767 3213 Quorum
800 3149 985 3204 caedes
1018 3148 1174 3203 haud
1225 3146 1413 3203 multa
1462 3147 1613 3202 facta
1642 3153 1750 3215 est,
1776 3149 1991 3222 quippe
2022 3168 2155 3207 cum

506 3242 640 3293 ante
671 3236 975 3309 defatigati
1007 3240 1204 3292 essent
1248 3236 1465 3292 milites
1495 3236 1865 3308 imperatoris
1893 3238 2037 3295 locis
2068 3242 2157 3294 in-

502 3327 613 3382 viis
648 3343 660 3381 :
696 3328 798 3382 sed
830 3325 943 3379 vivi
975 3323 1129 3397 capti
1178 3330 1318 3380 sunt
1348 3324 1539 3394 multi,
1564 3325 1780 3397 quibus
1811 3333 2005 3383 tamen
2040 3331 2155 3384 vita

504 3416 748 3471 minime
778 3414 1017 3486 profuit,
1050 3415 1207 3486 quod
1248 3414 1441 3485 gladio
1481 3415 1725 3470 confecti
1757 3421 1915 3471 sunt.
1950 3418 2153 3475 Omnis

499 3520 633 3560 vero
663 3508 802 3560 atas
830 3504 903 3560 ab
932 3503 1173 3559 homine
1203 3520 1389 3574 usque
1417 3504 1489 3559 ad
1520 3505 1791 3575 jumenta
1820 3505 1877 3560 in
1910 3506 2153 3563 liberta-

499 3598 617 3649 tem
666 3592 923 3648 vindicta
977 3591 1392 3664 imperatorem
1444 3609 1560 3648 uno
1614 3610 1713 3649 ore
1761 3594 2149 3660 celebrarunt,

498 3682 791 3754 siquidem
827 3682 972 3753 ipsis
992 3698 1227 3752 quoque
1259 3682 1529 3737 hostibus
1554 3682 1769 3737 factum
1802 3683 1945 3739 illud
1972 3686 2155 3739 admi-

498 3772 723 3827 ratione
768 3771 1012 3842 dignum
1058 3769 1382 3840 videbatur,
1412 3772 1706 3842 quomodo
1755 3772 2147 3828 Romanorum

498 3862 820 3933 imperator
839 3865 1043 3915 contra
1073 3875 1134 3914 se
1166 3860 1462 3930 profectus
1492 3864 1648 3914 esset
1677 3860 1756 3915 ita
1788 3867 1851 3915 ut
1880 3862 2151 3933 impediri

499 3976 618 4013 non
652 3958 924 4028 potuerit,
951 3957 1141 4011 instar
1165 3957 1417 4028 expediti
1450 3961 1502 4012 et
1536 3957 1744 4012 bellica
1772 3959 1983 4014 virtute
2016 3977 2153 4031 pra:-

440 4062 449 4068 '
499 4048 711 4103 stantis
744 4047 971 4101 militis.
1002 4045 1144 4100 Cum
1177 4061 1310 4100 vero
1341 4045 1531 4101 tribus
1559 4052 1785 4101 tantum
1819 4048 2027 4103 diebus
2059 4049 2155 4104 Se-

497 4135 704 4189 bastim
747 4134 1063 4189 exercitum
1107 4134 1323 4203 quietis
1371 4149 1551 4189 causa
1601 4134 2009 4206 continuisset,
2041 4136 2153 4193 iter

497 4223 751 4296 arripuit
798 4240 867 4278 ea
917 4240 1035 4293 qua
1065 4223 1133 4277 ad
1178 4223 1407 4294 Syriam
1456 4224 1720 4293 pergitur
1767 4224 1887 4292 via;
1939 4230 1996 4280 et
2049 4243 2153 4297 per

494 4312 707 4370 Cucusi
744 4311 1048 4384 angustias
1086 4310 1143 4365 in
1179 4310 1607 4366 Germaniciam
1642 4314 1937 4383 profectus
1968 4314 2025 4368 in
2059 4332 2148 4371 re-

493 4402 727 4471 gionem
761 4400 997 4456 nomine
1026 4398 1243 4454 Teluch
1294 4398 1537 4464 invadit,
1562 4401 1748 4456 divisa
1792 4402 1957 4473 prius
1989 4402 2146 4460 haud

492 4490 774 4544 mediocri
807 4488 1097 4560 phalange
1118 4505 1250 4543 cum
1283 4486 1531 4559 legionis
1562 4490 2039 4562 praai'ecto,quam
2073 4495 2146 4550 ad

489 4578 819 4634 Melitenam
854 4594 988 4632 cum
1024 4578 1171 4632 duce
1208 4577 1465 4643 misit,ut
1494 4578 1787 4633 Orientem
1819 4582 2146 4639 custodiret

2260 626 2451 683 λοιπὸν
2512 630 2540 682 6
2597 627 2853 704 Διογένης
2906 634 3026 691 τοῖς
3083 629 3286 691 νοτίοις
3345 628 3698 696 ἐπεισπεσεῖν,
3750 630 3801 683 οἳ
3843 628 3908 684 τὰ

2255 716 2378 791 περὶ
2412 716 2621 788 Κοίλην
2672 718 2867 793 Συρίαν
2917 718 3005 774 καὶ
3060 716 3313 775 Κιλικίαν
3358 718 3449 774 καὶ
3487 719 3656 787 αὐτὴν
3690 719 3907 775 Ἀντιό-

2256 826 2414 882 χειαν
2474 805 2898 877 καταληίζοντες
2953 809 3108 877 ἦσαν.
3164 808 3263 863 Καὶ
3319 806 3634 863 καταλιπὼν
3688 809 3750 863 τὸ
3783 807 3907 871 εὐθὺ

2258 894 2563 957 Κολωνείας
2606 896 2696 951 καὶ
2749 892 3065 959 Σεϐαστείας
3118 897 3393 976 φέρεσθαι,
3437 902 3518 969 τῷ
3563 901 3660 952 τοῦ
3701 904 3908 953 Αυκαν-

2259 982 2354 1039 δοῦ
2413 983 2734 1060 ἐπεχώρησε
2793 986 2982 1059 θέματι
3041 987 3176 1042 κατὰ
3215 987 3308 1042 τὸν
3347 988 3531 1060 καιρὸν
3563 991 3660 1041 τοῦ
3693 988 3902 1063 θέρους·

2260 1072 2312 1128 ἐν
2369 1074 2471 1149 γάρ
2530 1079 2609 1147 τῷ
2664 1076 2997 1151 φθινοπώρῳ
3053 1082 3170 1141 τοῖς
3227 1082 3516 1152 Συριακοῖς
3574 1071 3908 1151 παραϐαλεῖν

2258 1161 2489 1236 ἐμελέτα
2550 1164 2793 1236 μέρεσιν,
2854 1166 2930 1227 ὡς
2963 1166 3021 1220 ἃν
3058 1168 3134 1239 μὴ
3161 1171 3241 1239 τῷ
3287 1166 3521 1221 καύσωνι
3561 1167 3905 1241 κακουχηθὲν

2255 1254 2318 1307 τὸ
2380 1251 2742 1328 στρατόπεδον
2818 1252 3171 1332 δυσπραγήσῃ
3247 1256 3336 1310 καὶ
3410 1251 3755 1328 διαλωϐηθῇ.
3818 1256 3909 1311 Ἐν

2257 1340 2502 1413 τοςούτῳ
2553 1339 2609 1396 δὲ
2654 1343 2707 1397 o't
2754 1345 2991 1418 Τοῦρκοι
3045 1346 3143 1413 τήν
3195 1344 3603 1418 Νεοκαισάρειαν
3652 1342 3703 1414 ἐξ
3734 1344 3904 1420 ἀπρο-

2259 1428 2428 1483 όπτου
2478 1428 2798 1495 ἐπελθόντες
2848 1434 3297 1511 καταστρέφουσι,
3328 1434 3418 1488 καὶ
3447 1431 3672 1489 πολλῶν
3716 1434 3905 1505 σωμά-

2254 1539 2360 1572 των
2394 1519 2483 1573 καὶ
2535 1522 2840 1594 χρημάτων
2892 1520 3141 1597 ἐγένοντο
3194 1522 3393 1598 κύριοι,
3444 1522 3605 1598 βάρος
3636 1522 3907 1596 ἐπαγόμε-

2255 1628 2341 1661 νοι
2399 1606 2820 1685 λαφυραγωγίας
2875 1609 2975 1665 οὐκ
3027 1610 3339 1687 ἐλάχιστον.
3390 1612 3460 1669 "0
3517 1612 3605 1665 καὶ
3664 1611 3737 1672 εἷς
3796 1611 3908 1664 ὦτα

2252 1700 2349 1750 τοῦ
2382 1697 2650 1770 βασιλέως
2699 1700 2859 1754 πεσὸν
2910 1698 3129 1771 πολλὴν
3162 1700 3308 1773 αὐτῷ
3353 1702 3453 1771 τήν
3493 1700 3637 1755 ἀνίαν
3669 1699 3911 1770 ἐνέσταξε

2251 1784 2316 1838 τὸ
2370 1780 2602 1858 συμϐάν,
2644 1785 2728 1841 ὅτι
2774 1787 2952 1843 καίτοι
2990 1777 3498 1865 ’ἐκστρατευομένου
3557 1785 3712 1844 οὐδὲν
3739 1790 3909 1859 ἦττον

2252 1873 2307 1926 οἱ
2362 1874 2624 1948 πολέμιοι
2678 1878 2779 1944 τὴν
2836 1878 3025 1953 χώραν
3087 1877 3251 1933 αὐτοῦ
3305 1877 3534 1934 ἐνώπιον
3586 1877 3749 1933 αὐτοῦ
3777 1899 3911 1933 κατ-

2182 1942 2227 2007 Β
2258 1963 2551 2018 εσθίουσιν.
2586 1964 2810 2037 Ἀμέλει
2843 1942 2951 2020 ’τοι
3008 1967 3097 2021 καὶ
3153 1967 3246 2029 τὶς
3297 1964 3545 2041 δυνάμεις
3595 1964 3910 2044 ἀνειληφὼς

2268 2048 2337 2105 δι’
2368 2052 2620 2127 ἀτραπῶν
2668 2050 2943 2110 δυσϐάτων
2990 2055 3095 2110 ἀπὸ
3145 2056 3380 2133 ῥυτῆρος
3425 2057 3648 2112 κατόπιν
3680 2055 3911 2126 ⁴ἤλαυνε.

2266 2148 2579 2221 Πλησιάσας
2632 2149 2688 2207 δὲ
2730 2156 2797 2227 τῇ
2859 2148 3151 2226 Σεϐαστείᾳ
3204 2157 3303 2225 την
3364 2156 3457 2229 μὲν
3511 2156 3912 2230 στρατιωτικὴν

2263 2237 2566 2310 ἀποσκευὴν
2641 2242 2731 2296 καὶ
2787 2245 2849 2297 τὸ
2921 2245 3077 2312 πεζὸν
3136 2246 3272 2299 ἅπαν
3332 2244 3496 2300 αὐτοῦ
3553 2266 3662 2299 που
3718 2244 3913 2322 ἀφίησι

2268 2330 2402 2400 μετά
2429 2334 2526 2383 τοῦ
2574 2327 2714 2385 ἰδίου
2762 2337 3031 2408 προγονοῦ
3062 2331 3413 2409 Ἀνδρονίκου
3455 2335 3706 2396 συνόντος
3739 2335 3917 2405 αὐτῷ,

2265 2417 2322 2471 ’ὀν
2355 2418 2517 2481 αὐτὸς
2551 2419 2774 2494 βασιλέα
2829 2424 3223 2498 χειροτονήσας
3271 2424 3346 2487 ὡς
3388 2422 3639 2499 ἐνέχυρον
3694 2425 3845 2498 εἶχεν
3880 2423 3917 2492 ἢ

2266 2509 2656 2584 συστράτηγον,
2703 2507 2758 2565 εἷ’
2796 2533 2871 2581 πη
2922 2510 3194 2575 πολλάκις
3225 2515 3486 2589 παρήκων
3528 2513 3587 2568 ἐκ
3616 2518 3710 2568 τοῦ
3741 2513 3923 2591 αἱφνι·

2267 2592 2386 2649 δίου
2443 2596 2810 2673 πολυτρόπως
2865 2604 2944 2671 τῷ
3001 2601 3179 2676 χρεὼν
3238 2600 3697 2678 λειτουργήσειεν·
3754 2600 3922 2663 αὐτὸς

2269 2681 2325 2738 δὲ
2386 2687 2501 2758 μετ’
2558 2687 2929 2763 εὖζωνοτέρων
2989 2687 3207 2744 ἐδίωκεν
3263 2688 3479 2745 ὄπισθεν
3534 2695 3641 2745 τῶν
3699 2690 3922 2765 ἐχθρῶν

2269 2770 2357 2827 διὰ
2386 2772 2614 2828 πολλῶν
2655 2776 2744 2830 καὶ
2775 2775 3130 2851 ὑψηλοτάτων
3169 2780 3376 2855 βουνῶν
3417 2786 3516 2849 νῆς
3543 2799 3600 2833 τε
3641 2781 3926 2854 Τεφρικῆς

2266 2864 2351 2917 καὶ
2411 2870 2509 2933 τῆς
2568 2866 2845 2941 Ἀργάου,
2901 2868 2989 2921 καὶ
3043 2873 3157 2930 τοῖς
3218 2868 3438 2944 ἐχθροῖς
3494 2867 3797 2937 ἐπιτεθῆναι
3864 2867 3927 2923 ἐκ

2265 2955 2361 3005 τοῦ
2412 2950 2697 3027 ἐγκαρσίου
2743 2955 3018 3030 ἠπείγετο.
3071 2958 3229 3020 ’Ὁθεν
3279 2956 3369 3011 καὶ
3418 2952 3683 3027 ἀδόκητος
3727 2957 3926 3019 αὐτοῖς

2267 3038 2597 3096 ἐπεισπεσὼν
2629 3045 2718 3097 καὶ
2760 3048 2829 3118 τῇ
2862 3047 3020 3122 φήμῃ
3068 3053 3170 3115 τῆς
3205 3045 3369 3101 αὐτοῦ
3398 3046 3696 3121 παρουσίας
3730 3045 3927 3107 αὐτοῖς

2264 3150 2359 3192 τας
2414 3128 2817 3205 ἐκδειματώσας
2870 3134 3059 3189 αὐτίκα
3116 3139 3260 3190 νῶτα
3310 3133 3594 3191 δεδωκέναι
3645 3139 3798 3189 ποιεῖ
3826 3135 3924 3189 καὶ

2265 3229 2401 3303 πρὸς
2445 3230 2542 3297 τὴν
2596 3232 2766 3305 φυγὴν
2820 3231 3081 3307 ὁρμῆσαι.
3132 3232 3308 3295 Φόνος
3353 3234 3449 3307 μὲν
3481 3234 3572 3288 οὗν
3605 3233 3781 3288 αὐτῶν
3817 3233 3927 3288 οὐκ

2184 3311 2228 3379 C
2265 3318 2470 3394 ἐγένετο
2529 3319 2726 3389 πολὺς,
2787 3322 3365 3398 προκατειργασμένων
3424 3328 3530 3377 τῶν
3586 3328 3687 3377 τοῦ
3744 3323 3923 3398 βασι-

2264 3405 2403 3468 λέως
2457 3413 2575 3468 ταῖς
2631 3406 2892 3478 ἀνοδίαις,
2958 3410 3181 3486 ζωγρίαι
3241 3408 3299 3465 δέ
3375 3414 3458 3485 [Ρ.
3517 3414 3645 3484 825]
3704 3411 3924 3469 πολλοὶ

2263 3494 2527 3552 ἑάλωσαν.
2559 3498 2673 3567 Τῆς
2741 3494 2798 3551 δὲ
2853 3496 2990 3561 ἰδίας
3039 3504 3183 3568 ζωῆς
3233 3500 3333 3554 οὐκ
3379 3499 3686 3569 ἀπώναντο,
3716 3500 3928 3577 μαχαί-

2263 3605 2359 3655 ρας
2418 3580 2573 3659 ἔργον
2632 3586 2931 3661 γενόμενοι,
2994 3587 3209 3644 Ἡλικία
3262 3590 3445 3662 μέντοι
3494 3596 3637 3644 πᾶσα
3680 3589 3790 3644 ἀπὸ
3820 3589 3927 3644 ἀν-

2264 3674 2485 3745 θρώπου
2533 3670 2637 3735 ἕως
2690 3678 2919 3745 κτήνους
2968 3675 3389 3751 ἐλευθερωθεῖσα
3430 3679 3523 3732 τὸν
3561 3675 3793 3753 βασιλέα
3823 3678 3921 3732 καὶ

2261 3759 2488 3837 γλώσσῃ
2547 3763 2637 3817 καὶ
2696 3764 2923 3837 στόματι
2982 3765 3323 3844 ἐπεφήμισαν
3371 3785 3383 3797 ·
3444 3768 3750 3840 θαυμαστὸν
3811 3767 3921 3843 γὰρ

2259 3852 2348 3904 καὶ
2407 3851 2590 3914 αὐτοῖς
2647 3860 2763 3916 τοῖς
2816 3854 3076 3919 ἐναντίοις
3121 3857 3184 3911 τὸ
3228 3859 3470 3932 πραχθὲν
3533 3858 3920 3935 κατεφαίνετο,

2260 3944 2378 4004 πῶς
2446 3944 2474 3996 ὁ
2552 3941 2805 4017 βασιλεύς
2876 3945 3164 4018 Ῥωμαίων
3235 3945 3479 4021 ἀκρατῶς
3552 3947 3668 4001 κατ’
3728 3945 3919 4000 αὐτῶν

2260 4028 2433 4097 ἤλασε
2489 4031 2691 4105 τρόπον
2745 4031 2981 4101 εὐζώνου
3028 4033 3118 4087 καὶ
3177 4035 3493 4106 μονοζώνου
3548 4035 3916 4109 στρατιώτου.

2261 4129 2421 4203 Τρισὶ
2480 4126 2537 4183 δὲ
2594 4129 2784 4202 μόναις
2838 4131 3069 4207 ἡμέραις
3123 4131 3174 4186 ἐν
3223 4127 3517 4204 Σεϐαστείᾳ
3546 4130 3921 4193 διαναπαύσας

2258 4218 2320 4271 τὸ
2353 4219 2655 4292 στράτευμα
2701 4226 2801 4288 τῆς
2854 4220 2988 4295 πρὸς
3044 4220 3240 4295 Συρίαν
3288 4220 3523 4295 ἀγούσης
3572 4222 3775 4294 ἥψατο,
3815 4220 3924 4275 καὶ

2260 4304 2350 4361 διὰ
2404 4313 2511 4361 τῶν
2563 4315 2664 4377 τῆς
2723 4314 3033 4364 Κουκουσοῦ
3089 4309 3348 4366 αὐλώνων
3403 4310 3478 4373 εἷς
3518 4312 3918 4383 Γερμανίκειαν

2258 4398 2519 4459 καταστὰς
2562 4396 2637 4458 εἷς
2686 4398 2748 4452 τὸ
2793 4397 2930 4470 θέμα
2976 4399 3037 4453 τὸ
3094 4397 3436 4472 καλούμενον
3481 4395 3765 4455 εἰσϐάλλει
3814 4406 3923 4455 Τε-

2259 4482 2424 4560 λουχ,
2475 4485 2737 4561 πρότερον
2793 4487 3202 4560 ἀποτεμόμενος
3251 4487 3503 4565 φάλαγγα
3559 4489 3662 4543 οὐκ
3709 4486 3920 4563 ὀλίγην

2260 4575 2393 4647 μετά
2443 4575 2949 4652 συνταγματάρχου,
2993 4576 3082 4631 καὶ
3131 4577 3209 4639 εἰς
3263 4576 3580 4648 Μελιτηνὴν
3624 4576 3926 4652 ἐκπέμψας

487 4672 545 4723 et
574 4666 980 4722 invasionibus
1024 4666 1513 4721 commorantium
1561 4667 1640 4720 ibi
1692 4666 1948 4723 hostium
2002 4671 2145 4726 resi-

2258 4661 2341 4717 ἐπὶ
2401 4661 2616 4739 φυλακῇ
2674 4671 2776 4733 τῆς
2832 4665 3003 4736 Ἑώας
3050 4665 3139 4719 καὶ
3189 4666 3513 4721 άντιπτώσει
3569 4669 3673 4719 τῶν
3732 4664 3923 4722 ἐκεῖσε

487 4760 687 4823 steret,
713 4756 930 4826 quibus
954 4758 1195 4827 praeerat
1216 4762 1488 4811 versutus
1518 4760 1573 4810 et
1593 4756 1911 4813 bellicosus
1932 4759 2020 4813 vir
2045 4777 2143 4816 no-

486 4846 646 4901 mine
673 4844 1069 4917 Hapsinalius.
1099 4844 1318 4899 Idcirco
1352 4845 1664 4915 imperator
1686 4847 1818 4900 duci
1853 4847 1962 4919 ipsi
1995 4866 2141 4919 pris-

482 4934 885 4991 stantissimos
917 4950 1184 5004 quosque
1216 4934 1504 4989 exercitus
1539 4934 1770 5002 tribuit,
1801 4940 1856 4989 et
1888 4936 2142 4993 Francos

480 5024 663 5095 ipsos,
681 5022 951 5078 homines
974 5023 1128 5077 caede
1152 5024 1472 5094 gaudentes
1498 5039 1561 5077 ac
1588 5022 2137 5082 bellicosos.Verum

480 5128 614 5167 cum
647 5112 766 5166 dux
806 5111 963 5166 haud
1014 5111 1243 5166 fortiter
1291 5112 1465 5166 rebus
1498 5127 1641 5166 usus
1691 5117 1846 5167 esset
1876 5118 2036 5168 metu
2070 5132 2141 5171 ne

474 5200 806 5256 vinceretur
835 5201 981 5270 (erat
1010 5200 1166 5254 enim
1214 5199 1719 5270 prudentissimus
1751 5205 1809 5256 et
1840 5206 2054 5259 cautus
2084 5208 2141 5260 et

470 5300 636 5356 valde
667 5315 880 5354 cavens
914 5297 1221 5367 futurum),
1258 5299 1376 5353 fere
1410 5296 1625 5368 duplex
1655 5298 1877 5353 bellum
1915 5300 2140 5358 invase'

470 5392 562 5443 rat
619 5387 1035 5459 imperatorem
1094 5385 1311 5441 talibus
1359 5386 1543 5457 copiis
1594 5386 1909 5457 privatum.
1976 5390 2137 5462 Saepe

468 5476 627 5530 enim
662 5475 1115 5544 provocantibus
1146 5473 1418 5531 hostibus
1450 5480 1514 5530 ut
1544 5492 1574 5530 e
1606 5475 1879 5532 Melitene
1912 5478 2135 5550 egressi

472 5572 822 5636 pugnarent,
848 5564 1000 5620 672
1037 5564 1135 5617 ubi
1169 5580 1240 5618 ne
1273 5565 1531 5620 sensisse
1563 5564 1802 5636 quidem
1838 5566 1997 5639 ipsos
2031 5585 2135 5623 no-

471 5656 703 5718 verunt,
727 5653 827 5707 sed
853 5651 1033 5723 quieti
1057 5658 1115 5707 et
1140 5669 1349 5708 somno
1375 5654 1627 5724 deditos,
1651 5671 1753 5725 per
1773 5656 2022 5712 obscura
2051 5657 2133 5713 lo-

472 5758 541 5801 ca
568 5740 865 5816 progressi
909 5739 1060 5797 clam
1102 5740 1475 5814 imperatoris
1505 5741 1825 5800 exercitum
1857 5744 2135 5804 audacter

2250 4750 2720 4828 προσεδρευόντων
2773 4753 3009 4829 ἐχθρῶν,
3061 4755 3134 4807 ὧν
3182 4755 3353 4829 ἦρχεν
3401 4755 3539 4827 ἀνὴρ
3588 4759 3924 4832 πανοῦργος

2250 4843 2339 4896 καὶ
2401 4844 2651 4917 μάχιμος
2710 4843 2941 4915 ἀνόματι
2999 4841 3338 4917 ’Λψινάλιος.
3399 4844 3501 4897 Διά
3543 4841 3704 4898 τοῦτο
3748 4845 3852 4899 καὶ
3890 4848 3921 4901 ὁ

2256 4930 2508 5007 βασιλεὺς
2563 4932 2689 4994 τοὺς
2731 4930 3037 5008 κρείττονας
3083 4936 3180 4987 τοῦ
3229 4930 3431 4987 οῗκείου
3494 4936 3723 5004 στρατοῦ
3772 4955 3925 4990 του-

2248 5021 2354 5075 τωῒ
2399 5018 2770 5096 παραδέδωκε,
2811 5021 2899 5076 καὶ
2961 5022 3245 5097 Φράγγους
3292 5020 3507 5093 αὐτοὺς,
3563 5018 3764 5096 ἄνδρας
3820 5026 3923 5078 αὶ-

2253 5116 2519 5185 μοχαρεῖς
2573 5110 2662 5164 καὶ
2714 5109 3075 5183 πολεμικούς.
3285 5114 3635 5186 χρησαμένου
3696 5108 3756 5165 δὲ
3806 5119 3924 5168 τοῦ

2247 5198 2583 5275 προάγοντος
2634 5198 2943 5277 φιλοτίμως
2985 5204 3101 5261 τοῖς
3152 5198 3428 5274 πράγμασι
3482 5197 3584 5254 δέει
3625 5207 3728 5270 τῆς
3764 5201 3926 5258 ἀπο-

2246 5288 2442 5363 τυχίας
2474 5288 2560 5361 (ἧν
2593 5290 2695 5363 γὰρ
2745 5286 3011 5367 διαφέρων
3045 5290 3300 5367 φρονήσει
3348 5288 3436 5342 καὶ
3471 5284 3718 5350 εὐλαϐῶς
3754 5288 3927 5368 ἔχων

2247 5379 2369 5451 περὶ
2414 5382 2512 5433 τοῦ
2564 5376 2887 5452 μέλλοντος)
2936 5381 3135 5452 μικροῦ
3186 5374 3415 5439 διπλοῦς
3470 5379 3497 5431 6
3541 5375 3799 5450 πόλεμος
3836 5389 3931 5456 τῷ

2250 5465 2468 5541 βασιλεῖ
2515 5465 2806 5541 ἐπεγίνετο,
2858 5467 3257 5540 στερισκομένῳ
3305 5465 3561 5537 τοιαύτης
3592 5464 3931 5542 δυνάμεως,

2245 5561 2522 5626 Πολλάκις
2574 5565 2675 5639 γάρ
2733 5562 3201 5640 προκαλουμένων
3260 5568 3367 5619 τῶν
3429 5563 3642 5640 ἐχθρῶν
3705 5564 3930 5640 ἐξιέναι

2240 5652 2336 5710 τοῦ
2380 5657 2486 5708 τῶν
2528 5652 2847 5724 Μελιτηνῶν
2890 5654 3097 5723 ἄστεος,
3149 5654 3224 5717 ὡς
3268 5650 3406 5709 εἶδον
3460 5650 3590 5728 μηδ’
3638 5652 3932 5717 ἐπαισθα-

2240 5743 2486 5819 νομένων
2519 5741 2718 5813 αὐτῶν,
2752 5740 2880 5801 ἀλλ’
2909 5743 3265 5821 ἠρεμούντων
3314 5743 3404 5799 καὶ
3436 5745 3551 5800 οἷον
3586 5743 3930 5807 ὑπνωττόν-
