4078 6336
172 379 290 441 401

1712 379 2108 442 HISTORIA.

3483 385 3602 447 402

168 533 305 581 των,
340 509 632 567 διὰτόπων
690 508 915 584 ἀδήλων
977 511 1293 590 βαδίσαντες
1351 514 1681 590 ἆσυμφανῶς
1736 511 1816 566 τοῐ

1946 513 2318 584 adoriuntur,
2337 518 2395 569 et
2416 517 2789 570 occurrentes
2813 512 3068 569 maxime
3090 513 3310 587 exiguas
3343 517 3495 588 parti
3525 518 3598 573 ad

176 599 467 675 βασιλικοῦ
514 601 908 675 κατατολμῶσι
993 603 1420 678 στρατεύματος.
1483 603 1833 677 Ἐντυχόντες

173 689 226 744 δὲ
293 689 458 762 μοίρᾳ
513 692 619 745 τινὶ
675 690 967 767 ἐλαχίστῃ,
997 689 1068 746 δι’
1096 693 1299 768 ἀγορὰν
1350 690 1537 746 σιτίῶν
1591 691 1830 766 ἐξιοῦσῃν

174 780 444 854 ὥρμησαν
501 781 618 834 κατ’
676 781 869 848 αὐτῆς.
932 783 1162 837 Ἐκεῖνοι
1235 778 1292 835 δὲ
1374 783 1448 854 μὴ
1512 781 1835 843 ὑποστάντες

171 865 378 943 ἔφυγον
437 869 852 942 ἀμεταστρεπτί.
890 871 985 924 Καὶ
1042 872 1185 945 τάχα
1238 869 1296 924 ἃν
1359 869 1611 924 ἀπώλετο
1674 871 1834 944 μέρος

173 963 524 1032 στρατιωτῶν
586 958 686 1013 οὐκ
741 955 1034 1034 ἐλάχιστον
1095 957 1210 1013 οὐδ’
1260 958 1752 1036 εὐκαταφρόνητον,
1786 958 1833 1013 εἴ

175 1051 252 1119 μὴ
310 1047 483 1123 ταχὺς
519 1046 704 1110 αὐτοῖς
759 1044 1130 1118 ἐπεϐοήθησεν
1166 1049 1194 1102 6
1245 1047 1498 1124 βασιλεὺς
1537 1047 1829 1125 ἐπιφανεῖς.

169 1140 392 1206 καὶτῆς
443 1137 623 1192 αὐτῶν
683 1135 879 1216 ἆφόδου
927 1137 1182 1208 ἐξείλετο.
1212 1137 1284 1192 Ei'
1334 1159 1416 1199 τις
1476 1135 1653 1192 τοίνυν
1713 1142 1830 1199 τοῖς

169 1231 498 1300 στρατηγοῖς
531 1225 818 1302 ἐπιγράφει
874 1226 948 1288 ὡς
999 1225 1192 1280 ἐπίπαν
1243 1227 1310 1281 τά
1365 1230 1471 1280 τῶν
1533 1221 1830 1292 ἐκϐάσεων,

169 1314 261 1369 εἴτ’
293 1315 380 1370 ἐπὶ
437 1316 498 1370 τὸ
556 1321 802 1392 κρεῖττον
862 1313 957 1370 εἶτ’
989 1315 1075 1370 ἐπὶ
1135 1315 1196 1370 τὸ
1233 1321 1424 1390 χεῖρον
1486 1317 1828 1398 συνάγοιντο,

168 1403 226 1458 οὐ
275 1402 567 1480 διαμάρτοι
626 1409 724 1459 τοῦ
785 1403 950 1474 ὀρθοὖ
1005 1404 1095 1458 καὶ
1153 1407 1251 1468 τῆς
1301 1403 1542 1473 ἀληθοῦς
1603 1401 1832 1477 διαγνώ-

167 1511 319 1556 σεως’
352 1492 442 1546 καὶ
473 1490 661 1554 καλῶς
685 1498 802 1554 τοῖς
853 1491 1114 1553 παλαιοῖς
1163 1490 1654 1566 ἐγνωμολόγηται,
1694 1490 1823 1565 βὲλ-

164 1603 277 1635 τιον
335 1580 531 1637 λέοντα
585 1579 778 1657 ἄρχειν
838 1579 1053 1658 ἐλάφων
1113 1579 1252 1655 ἤπερ
1307 1579 1544 1634 λεόντων
1596 1577 1824 1654 ἔλαφονο

167 1669 324 1725 Ἀλλ’
357 1672 386 1724 6
425 1671 518 1743 μὲν
565 1668 822 1746 βασιλεὺς
879 1669 1022 1724 οῧτω
1075 1667 1360 1732 διασωθεὶς
1407 1670 1493 1722 καὶ
1557 1665 1824 1729 διασώσας

165 1761 226 1814 τὸ
258 1757 625 1836 στρατόπεδον
652 1761 758 1831 πρὸ
787 1767 889 1828 τῆς
925 1764 1022 1814 τοῦ
1070 1757 1260 1816 Χάλεπ
1317 1759 1506 1832 χώρας
1555 1777 1820 1829 πανστρα-

1941 605 2193 658 emenda
2240 603 2457 658 cibaria
2488 620 2757 674 egressae.
2809 603 2866 658 in
2919 603 3108 676 ipsam
3161 604 3476 661 irruerunt.
3509 607 3595 662 Illi

1943 697 2136 749 autem
2170 709 2284 748 non
2316 693 2680 747 sustinentes
2731 692 3040 763 impetum,
3077 692 3158 747 ita
3206 693 3483 765 fugerunt
3531 701 3597 752 ut

1943 799 2246 854 nunquam
2279 799 2406 837 sese
2455 785 2876 836 converterent.
2923 780 2986 835 Et
3033 782 3280 838 fortasse
3331 783 3594 854 periisset

1944 872 2098 926 haud
2135 872 2448 926 mediocris
2476 870 2725 925 militum
2758 887 2890 941 pars
2924 887 3110 942 neque
3140 874 3588 941 contemnenda,

1943 960 2054 1016 nisi
2083 959 2515 1031 celeriteripsis
2540 961 2878 1029 imperator,
2913 958 3010 1029 qui
3050 959 3382 1026 advenerat,
3425 962 3592 1017 tulis-

1943 1055 2032 1104 set
2070 1065 2238 1120 opem
2271 1053 2328 1102 et
2349 1048 2610 1103 hostium
2641 1049 2918 1118 impetum
2956 1047 3350 1118 repressisset.
3366 1049 3422 1103 Si
3455 1051 3588 1120 quis

1941 1137 2124 1210 igitur
2151 1137 2405 1192 ducibus
2457 1136 2698 1192 ascribit
2729 1152 2924 1191 rerum
2958 1135 3076 1190 sive
3126 1153 3437 1207 prosperos
3469 1139 3588 1194 sive

1941 1227 2214 1281 adversos
2244 1232 2508 1288 eventus,
2534 1227 2581 1280 is
2614 1225 2755 1279 mihi
2784 1231 2841 1279 et
2871 1230 3026 1280 recta
3055 1230 3112 1279 et
3141 1241 3273 1280 vera
3299 1229 3591 1283 sententia

1941 1331 2054 1370 non
2087 1315 2315 1370 videtur
2343 1316 2631 1382 aberrare,
2662 1317 2719 1369 et
2749 1318 2902 1368 recte
2933 1315 3003 1368 ab
3034 1313 3294 1385 antiquis
3324 1332 3585 1387 pronun-

1938 1405 2150 1459 tiatum
2183 1410 2271 1459 est
2321 1403 2531 1458 melius
2580 1402 2807 1458 leonem
2857 1402 3040 1458 cervis
3088 1403 3376 1475 imperare
3406 1422 3585 1477 quam

1935 1494 2206 1550 leonibus
2237 1511 2494 1549 cervum.
2525 1494 2635 1548 Sed
2670 1494 2988 1564 imperator
3018 1494 3098 1548 ita
3143 1499 3429 1560 servatus,
3461 1513 3583 1551 ser-

1935 1590 2061 1639 vato
2107 1600 2342 1654 quoque
2389 1583 2666 1649 exercitu,
2717 1583 2788 1636 ad
2841 1582 3056 1653 Chalep
3105 1583 3395 1653 regionem
3446 1601 3580 1640 cum

1934 1673 2092 1729 omni
2126 1671 2376 1728 exercitu
2411 1677 2604 1727 castra
2635 1672 2865 1744 posuit;
2902 1678 2958 1727 et
2980 1677 3292 1742 antequam
3328 1673 3399 1726 de
3428 1690 3579 1744 equo

1932 1762 2332 1830 descenderet,
2363 1766 2421 1816 et
2448 1761 2690 1832 Scythas
2729 1771 2780 1815 et
2805 1761 3198 1816 Romanorum
3243 1761 3395 1815 haud
3431 1777 3576 1831 pau-

165 1854 252 1918 τιᾷ
304 1851 703 1918 κατεσκήνωσε.
737 1851 848 1924 Πρὸ
902 1852 998 1903 τοῦ
1049 1843 1348 1916 καταϐῆναι
1406 1844 1464 1901 δὲ
1518 1844 1814 1900 τοῦῗππου

1929 1869 2029 1907 cos
2077 1851 2401 1923 praedatum
2450 1867 2618 1921 agros
2668 1849 2850 1904 misit.
2883 1850 3044 1913 Quod
3104 1849 3324 1904 factum
3373 1857 3480 1916 est,
3515 1857 3572 1906 et

164 1937 289 2000 τούς
340 1959 403 1992 τε
460 1939 668 1999 Σκύθας
736 1938 825 1992 καὶ
903 1941 1012 1991 τῶν
1062 1937 1350 2010 Ῥωμαίων
1429 1935 1528 1990 οὐκ
1584 1933 1812 2009 ὀλίγους

166 2027 238 2088 εἷς
294 2029 585 2102 προνομήν
639 2034 739 2095 τῆς
797 2027 987 2102 χώρας
1055 2025 1297 2104 ἀφίησιν,
1338 2027 1409 2082 "0
1459 2022 1525 2094 δὴ
1584 2023 1675 2078 καὶ
1721 2025 1811 2098 γὲ-

163 2137 306 2189 γονε,
336 2116 429 2170 καὶ
458 2113 613 2192 ἤχθη
644 2114 861 2184 πλῆθος
889 2113 1096 2190 ἀνδρῶν
1150 2135 1208 2168 τε
1263 2114 1352 2169 καὶ
1393 2117 1664 2189 γυναικῶν
1723 2114 1811 2167 καὶ

166 2207 311 2273 ζώων
363 2202 621 2262 πολλῶν.
683 2206 917 2261 Ἐκεῖθεν
979 2201 1037 2258 δὶ
1095 2201 1184 2258 διὰ
1237 2206 1334 2272 τῆς
1385 2201 1658 2276 πολεμίας
1715 2201 1810 2256 ἰὼν

163 2299 403 2367 τριταῖος
448 2293 756 2368 ἀφικνεῖται
814 2293 890 2355 είς
921 2292 1244 2368 Ἱεράπολιν.
1297 2297 1376 2363 [Ρ.
1401 2295 1528 2365 826]
1579 2293 1808 2362 Δόκησιν

167 2381 222 2437 δὲ
277 2383 561 2458 παρασχὸν
632 2380 1014 2446 ἐπιθεάσασθαι
1068 2381 1133 2436 τὸ
1191 2380 1360 2436 ἐκεῖσε
1425 2381 1808 2456 στρατιωτικὶν

163 2471 233 2526 εἷς
291 2477 485 2546 χεῖρας
542 2469 719 2535 ἐλθεῖν
778 2471 1064 2543 Ῥωμαίων
1125 2469 1223 2524 οὐκ
1273 2468 1588 2545 ὶθάρσησεν,
1646 2469 1811 2544 ἀκρο-

156 2556 449 2633 ϐολισμοῖς
511 2557 569 2614 δὲ
618 2580 728 2613 τισι
813 2559 903 2613 καὶ
984 2556 1366 2632 προπηδήσεσι
1415 2559 1506 2612 τὸν
1566 2556 1810 2632 πόλεμον

159 2649 597 2723 ἀφωμοιώσαντο
653 2652 790 2719 (16),
844 2646 896 2702 οἵ
947 2669 1006 2703 τε
1055 2643 1285 2723 Ἄραϐες
1344 2644 1558 2716 δηλαδή
1618 2647 1708 2701 καὶ
1761 2647 1812 2700 οἱ

159 2742 394 2813 Τοῦρκοι
423 2739 515 2792 καὶ
548 2739 575 2793 ὁ
604 2737 817 2792 τούτωο
862 2732 1091 2812 ἔξαρχος
1123 2736 1470 2811 Ἀμερτικής,
1535 2735 1612 2799 εἰς
1661 2735 1813 2810 γένος

166 2825 448 2902 βασιλικὸν
485 2826 538 2882 ἐν
589 2830 660 2900 τῇ
710 2824 929 2902 Περσίδι
991 2825 1175 2881 ἑαυτὸν
1230 2826 1463 2899 ἀνάγων.
1516 2826 1812 2900 Κατασχὼν

169 2917 262 2987 μὶν
323 2917 422 2984 τήν
476 2913 779 2990 Ἱεράπολιν
829 2916 1052 2991 χώμασι
1110 2915 1198 2969 καὶ
1271 2914 1662 2990 τειχομαγίαις
1723 2915 1812 2968 καὶ

166 3010 580 3079 στρατιωτικαῖς
637 3003 1021 3075 ἐπεξελεύσεσι,
1078 3005 1141 3059 τὸ
1199 3003 1514 3058 ἕπείσακτοο
1574 2999 1631 3056 δὲ
1703 3003 1811 3057 τῶν

168 3099 572 3169 στρατιωτικῶν
653 3091 934 3167 δυνάμεων
1020 3093 1108 3148 ἐπὶ
1194 3093 1507 3170 συμφώνοις
1572 3091 1814 3166 γυμνοὺς

166 3184 252 3238 καὶ
285 3183 532 3246 ἀόπλους
562 3180 792 3260 ὃιαφείς,
829 3182 1153 3255 μεσάζοντος
1209 3181 1262 3236 ἐν
1319 3185 1448 3235 πᾶσι
1505 3185 1600 3234 τοῦ
1653 3180 1813 3255 μαγί-

164 3291 328 3345 στρου
379 3272 584 3344 Πέτρου
638 3275 734 3326 τοῦ
766 3266 1140 3339 Λιϐελλισίου,
1179 3267 1372 3344 ἀνδρὸς
1402 3272 1502 3339 τήν
1533 3291 1590 3324 τε
1620 3273 1813 3324 ’Λσσυ-

162 3362 288 3434 ρίων
345 3363 433 3416 καὶ
490 3361 782 3432 Ἑλλήνων
843 3360 1090 3416 παιδείαν
1170 3359 1350 3434 ἄκρως
1424 3359 1814 3432 ἐξησκημένου,

161 3452 474 3525 θρέμματος
561 3450 650 3504 καὶ
727 3452 1062 3524 γεννήματος
1113 3445 1268 3511 ὄντος
1320 3457 1421 3518 τῆς
1480 3449 1818 3524 Ἀντιοχείας

161 3537 394 3606 πόλεως,
453 3538 545 3594 καὶ
598 3542 706 3593 τῶν
760 3537 828 3593 τὰ
877 3541 1068 3613 πρῶτα
1127 3535 1506 3613 διενεγκόντων
1562 3537 1700 3599 ἑνός.
1760 3539 1815 3589 Ὀ

161 3625 211 3681 δὲ
241 3629 463 3703 άμηρᾶς
517 3631 617 3682 τοῦ⁹
673 3628 870 3682 Χάλεπ
916 3624 1040 3694 ἤτοι
1097 3626 1379 3702 Βερῥοίας,
1413 3626 1648 3700 συνάψας
1697 3633 1816 3688 τοῖς

157 3737 209 3769 τε
253 3719 459 3791 Ἄραψι
535 3716 626 3771 καὶ
682 3721 799 3777 τοῖς
859 3717 1128 3790 Τούρκοις
1188 3715 1277 3769 καὶ
1335 3713 1564 3787 δύναμιν
1621 3713 1816 3788 ἀνδράν

159 3806 583 3878 συστησάμενος,
643 3803 718 3867 εἲς
793 3809 984 3879 χεῖρας
1055 3802 1234 3859 ἐλθεῖν
1313 3808 1392 3876 τῷ
1453 3803 1668 3879 βασιλεῖ
1726 3805 1817 3858 καὶ

161 3896 499 3970 μαχέσασθαι
525 3891 864 3967 ὃιεσιιὲψατο.
897 3896 1001 3947 Τοῦ
1033 3889 1090 3947 δὲ
1146 3891 1416 3967 βασιλέως
1455 3889 1601 3948 ἔνδον
1661 3889 1814 3955 ὄντος

157 3990 250 4052 τῆς
311 3981 617 4046 ἑαλωκυίας
671 3981 904 4048 πόλεως,
957 3978 1453 4057 πυργομαχοῦντος
1505 3979 1562 4037 δὲ
1621 3978 1700 4036 ἔτι
1758 3981 1810 4036 ἐν

163 4071 308 4146 μέρει
365 4071 501 4126 κατά
557 4069 619 4126 τὸ
686 4068 990 4125 ὑπόλοιπον
1044 4068 1300 4144 λείψανον
1359 4077 1459 4140 τῆς
1510 4091 1816 4146 πυργοκρα-

158 4161 316 4232 τείας,
363 4159 677 4232 ταρατάξεις
737 4156 836 4213 δύο
881 4156 1306 4235 διατειχίζουσαι
1359 4158 1488 4220 τοὺς
1545 4157 1816 4222 ἐναντίους

160 4249 228 4312 εἷς
285 4247 540 4324 φυλακήν
601 4247 1032 4322 κατετάχθησαν.
1065 4247 1189 4304 Εἰσὶ
1250 4245 1310 4302 δὲ
1361 4246 1486 4322 περὶ
1531 4248 1630 4315 τὴν
1654 4247 1817 4322 Ἱερά-

161 4338 320 4392 πολιν
375 4337 666 4408 ἱππήλατα
718 4335 879 4392 πεδία
961 4337 1209 4412 μέγιστα,
1269 4336 1320 4391 ἐν
1379 4339 1460 4398 οἷς
1516 4356 1654 4398 τινες
1705 4340 1811 4390 τῶν

161 4431 487 4498 Σαρακηνῶν
544 4423 866 4504 διεφάνησαν
923 4425 1312 4497 ἱππαζόμενοι,
1369 4423 1457 4479 καί
1506 4423 1651 4493 πλὴν
1708 4447 1812 4501 γη-

158 4516 347 4594 λόφων
409 4513 565 4571 οὐδὲν
607 4515 717 4570 ἐστι
747 4515 810 4569 τὸ
845 4513 1273 4588 ὑπερανεστηκὸς
1333 4512 1409 4575 εἷς
1470 4508 1596 4589 ὅρος
1655 4513 1811 4588 μέγα.

1923 1940 2161 1996 adducti
2219 1945 2359 1994 sunt
2386 1939 2490 1994 viri
2527 1938 2697 1994 multi
2740 1943 2797 1994 et
2828 1937 3102 1994 mulieres
3145 1939 3448 2010 multaque
3476 1942 3572 2010 ju-

1922 2035 2140 2084 menta.
2171 2029 2310 2083 Inde
2341 2045 2442 2100 per
2472 2028 2742 2082 hostilem
2777 2032 2988 2081 terram
3024 2043 3368 2098 progressus
3403 2030 3570 2085 tertia

1921 2118 2014 2172 die
2040 2117 2371 2188 Hierapolim
2423 2116 2704 2189 pervenit,
2736 2132 2867 2170 cum
2893 2133 2984 2185 ius
3032 2117 3389 2172 ostendisset
3424 2118 3570 2174 velle

1922 2223 1984 2261 se
2015 2207 2251 2278 aggredi
2282 2206 2599 2262 exercitum
2631 2205 2732 2276 qui
2779 2205 2859 2260 ibi
2893 2207 3253 2272 morabatur,
3293 2223 3407 2262 non
3439 2209 3569 2264 ausi

1922 2295 2006 2349 illi
2040 2300 2178 2350 sunt
2206 2311 2337 2349 cum
2386 2295 2666 2349 Romanis
2717 2295 3012 2367 congredi,
3043 2296 3145 2350 sed
3177 2294 3404 2351 levibus
3441 2297 3572 2368 qui-

1923 2383 2171 2438 busdam
2196 2383 2408 2455 prmliis
2423 2389 2478 2438 et
2499 2382 2930 2454 irruptionibus
2947 2383 3162 2438 bellum
3191 2385 3576 2455 repudiarunt

1921 2479 1978 2528 et
1999 2473 2212 2528 Arabes
2233 2478 2289 2528 et
2310 2473 2396 2527 'I‘u
2408 2474 2481 2526 rci
2505 2472 2886 2543 ipsorumque
2918 2474 3223 2544 praefectus
3254 2475 3575 2531 Amertices

1923 2563 1991 2616 ad
2013 2579 2198 2632 genus
2214 2561 2440 2632 regium
2474 2560 3076 2632 Persarumoriginem
3096 2578 3264 2617 suam
3291 2563 3571 2620 referens.

1923 2651 2077 2705 673
2123 2650 2411 2709 obsidens
2461 2650 2640 2721 igitur
2687 2649 3021 2720 Hierapolin
3071 2651 3406 2722 aggeribus,
3457 2659 3514 2708 et
3544 2670 3574 2708 e

1923 2756 2089 2794 muro
2140 2739 2706 2811 propugnationibus
2751 2738 3055 2810 multaque
3099 2741 3426 2812 eruptione,
3471 2743 3572 2796 ad-

1923 2829 2194 2886 ventitias
2221 2828 2509 2882 exercitus
2539 2828 2734 2898 copias
2769 2828 2954 2882 nudas
2987 2833 3165 2900 atque
3211 2829 3466 2887 inermes
3482 2833 3570 2886 di-

1925 2918 2086 2973 misit
2113 2918 2182 2971 ad
2218 2917 2406 2971 fmdus
2457 2916 2924 2987 percutiendum,
2977 2917 3385 2989 interponente
3414 2937 3475 2974 se
3507 2920 3566 2974 in

1923 3007 2198 3061 omnibus
2231 3006 2512 3076 magistro
2533 3009 2701 3060 Petro
2725 3005 3164 3069 Libellisio,viro
3194 3007 3561 3080 Assyriorum

1924 3102 1981 3150 et
2009 3097 2336 3150 Graecorum
2370 3094 2646 3149 doctrinae
2677 3094 3056 3165 peritissimo,
3087 3095 3339 3151 civitatis
3373 3097 3571 3153 Antio-

1925 3185 2068 3238 chirs
2120 3183 2360 3239 alumno
2403 3188 2458 3238 et
2504 3183 2643 3249 filio,
2678 3188 2736 3238 et
2783 3183 2933 3238 inter
2979 3201 3118 3240 suos
3171 3186 3567 3257 principatum

1927 3275 2248 3328 obtinente.
2304 3278 2544 3328 Ameras
2593 3289 2726 3327 vero
2777 3273 3009 3343 Chalep,
3059 3275 3113 3329 id
3155 3281 3261 3337 est,
3311 3276 3569 3341 Berrceaa,

1927 3381 2060 3418 cum
2097 3362 2380 3417 Arabibus
2427 3361 2752 3432 Turcisque
2784 3363 3154 3431 conjunctus,
3192 3381 3398 3420 manus
3437 3381 3569 3420 cum

1927 3452 2278 3522 imperatore
2309 3467 2610 3506 conserere
2632 3467 2699 3504 ac
2750 3451 3030 3506 dimicare
3053 3453 3258 3506 statuit
3283 3471 3296 3520 ;
3321 3470 3577 3525 cumque

1925 3541 2081 3595 intra
2113 3541 2314 3594 urbem
2349 3543 2580 3610 captam
2615 3545 2771 3592 esset
2801 3539 3135 3610 imperator,
3168 3547 3223 3595 et
3253 3542 3444 3597 adhuc
3477 3560 3579 3614 pro

1927 3629 2153 3700 reliqua
2182 3628 2364 3683 turris
2401 3633 2565 3699 parte
2595 3628 2985 3698 expugnanda
3012 3628 3340 3696 dimicaret,
3372 3632 3578 3686 adver-

1925 3735 2027 3772 sus
2057 3719 2354 3772 instructas
2405 3717 2556 3770 binas
2586 3717 2762 3776 acies.
2807 3732 2936 3785 quae
2984 3723 3320 3771 coercerent
3365 3720 3573 3773 adver-

1924 3806 2131 3870 sarios,
2163 3807 2233 3860 ad
2284 3806 2608 3859 custodiam
2661 3805 2959 3875 disposita:
3009 3809 3168 3858 sunt.
3201 3805 3351 3860 Sunt
3379 3811 3574 3863 autem

1921 3895 2144 3950 circum
2206 3891 2538 3964 Hierapolin
2599 3892 2877 3966 planities
2937 3892 3225 3961 maximae,
3285 3911 3572 3966 equorum

1923 3982 2121 4040 cursui
2178 3981 2420 4050 idoneae,
2479 3981 2536 4035 in
2599 3981 2816 4052 quibus
2873 3989 3274 4053 apparuerunt
3332 3985 3570 4055 quidam

1921 4072 2188 4127 Saraceni
2239 4069 2669 4140 adequitantes,
2701 4075 2760 4124 et
2809 4075 3016 4141 praeter
3063 4070 3243 4126 colles
3295 4072 3439 4127 nihil
3487 4080 3580 4130 est

1924 4161 2076 4233 quod
2111 4161 2182 4215 ad
2219 4160 2436 4213 mentis
2467 4157 2841 4213 altitudinem
2892 4165 3188 4230 assurgat.
3231 4161 3332 4216 Est
3377 4167 3572 4218 autem

1922 4250 2086 4306 locus
2117 4253 2409 4303 aestuosus
2433 4252 2489 4302 et
2518 4263 2672 4318 aqua
2703 4247 2900 4318 tepida
2929 4247 3060 4302 aeris
3093 4249 3577 4308 inﬂammationis

1923 4343 1982 4393 et
2027 4342 2208 4393 aestus
2258 4337 2568 4407 particeps.
2622 4334 2830 4389 Hostes
2881 4341 3102 4404 autem,
3136 4338 3233 4406 qui
3290 4339 3574 4409 paulatim

1924 4425 2264 4482 constitutis
2287 4424 2525 4480 aciebus
2547 4425 3121 4495 appropinquabant,
3144 4443 3351 4482 rursus
3393 4445 3582 4486 reces-

1924 4519 2131 4570 serunt
2165 4530 2177 4568 :
2216 4530 2350 4567 nam
2403 4512 2800 4567 Machmutius
2848 4529 3078 4567 ameras
3111 4516 3311 4570 aberat
3343 4517 3576 4572 .Verum

159 4603 459 4676 Καυσώόης
513 4603 571 4660 δὶ
603 4606 631 4659 6
661 4603 846 4675 τόπος,
879 4604 970 4658 καὶ
1031 4603 1093 4657 τὸ
1151 4599 1296 4676 ὕδωρ
1355 4601 1612 4677 χλιαρὸν,
1651 4622 1812 4674 μετα-

1927 4603 2143 4658 levibus
2195 4601 2548 4671 quibusdam
2602 4599 2816 4670 praeliis
2869 4608 3186 4672 coegerunt
3233 4603 3463 4675 aliquos
3509 4623 3578 4661 ex

161 4691 442 4766 λαμϐάιον
472 4701 572 4762 τῆς
599 4693 695 4747 τοῦ
730 4692 886 4766 ἆὲρος
915 4689 1233 4766 φλεγμονῆς
1286 4711 1345 4743 τε
1401 4689 1488 4743 καὶ
1550 4688 1808 4751 καύσεως.

159 4782 602 4856 Οἱᾶπολὲμιοι
651 4783 789 4837 κατὰ
861 4783 1054 4857 μικρὸν
1115 4786 1234 4842 ταῖς
1293 4780 1608 4851 ἱσταμέναις
1666 4779 1812 4848 πλη-

161 4872 432 4942 σιάζοντες
491 4871 849 4947 παρατάξεσιν
907 4871 1059 4934 αὖθις
1135 4869 1561 4944 ἀνθυπέστρεφον
1595 4887 1607 4899 °
1669 4869 1810 4937 ἀπῆν

159 4962 254 5036 γάρ
306 4959 389 5016 ἔτι
444 4961 473 5015 6
527 4961 746 5036 ἆμηρᾶς
797 4959 1186 5034 Μαχμούτιος.
1221 4952 1695 5035 Ἀκροϐολισμοὺς
1756 4955 1814 5012 δὲ

157 5052 519 5123 ¹ποιησάμενοι
601 5046 901 5124 παρελάσαι
986 5045 1080 5120 μὲν
1158 5068 1308 5111 τινας
1367 5052 1474 5102 τῶν
1524 5047 1810 5120 Ῥωμαίων

157 5141 587 5216 κατηνάγκασαν,
619 5139 709 5193 καί
763 5135 846 5200 δὶς
905 5142 1065 5192 τοῦτο
1125 5138 1211 5191 καὶ
1262 5136 1380 5211 τρὶς
1429 5138 1810 5206 πεποιήκασιν.

160 5229 241 5281 Ἐν
270 5228 426 5299 ἑτέρα
457 5224 516 5282 δὲ
567 5221 827 5299 συμϐολῇ
870 5224 1047 5280 οὐκέτι
1103 5224 1229 5286 τοὺς
1259 5224 1560 5297 Ῥωμαίους
1621 5224 1811 5298 μικρὸν

163 5315 446 5390 ἐπεδίωξαν
505 5316 596 5370 καὶ
652 5312 904 5387 ἔστησαν,
962 5311 1109 5368 ἀλλὰ
1165 5312 1562 5387 παρελάσαντες
1616 5313 1813 5375 αὐτοὺς

164 5410 236 5475 τῷ
289 5406 523 5480 τάγματι
573 5408 684 5459 τῶν
740 5401 1130 5478 στρατηλατῶν
1183 5402 1258 5465 εἷς
1313 5407 1504 5478 χεῖρας
1565 5401 1816 5478 συνερῥά-

1925 4691 2204 4748 Romanis
2234 4691 2457 4755 cedere,
2494 4689 2645 4758 quod
2681 4687 2770 4743 his
2818 4692 3024 4759 terque
3055 4691 3127 4745 ab
3177 4691 3323 4761 ipsis
3356 4694 3572 4749 factum

1922 4785 2028 4837 est.
2069 4779 2259 4833 Altero
2291 4794 2422 4832 vero
2472 4793 2788 4847 congressu
2823 4793 2935 4830 non
2988 4777 3245 4848 amplius
3278 4780 3571 4836 Romanos

1923 4885 2128 4941 parum
2155 4871 2295 4924 sunt
2322 4865 2607 4937 persecuti
2635 4869 2737 4918 aut
2758 4865 2966 4919 sistere
3009 4866 3292 4934 fecerunt,
3326 4869 3424 4923 sed
3460 4871 3569 4924 im-

1923 4959 2222 5030 pressione
2256 4956 2408 5010 facta
2436 4955 2493 5008 in
2533 4954 2816 5025 legionem
2869 4954 3087 5008 ducum
3123 4972 3332 5010 manus
3363 4973 3569 5014 conse-

1925 5051 2186 5108 ruerunt,
2248 5050 2304 5098 et
2363 5042 2697 5098 scholarum
2768 5041 3052 5109 legionem
3131 5049 3570 5117 praetereuntes,

1925 5135 2126 5192 multis
2147 5133 2378 5200 occisis,
2412 5131 2664 5201 reliquos
2688 5131 2937 5202 turpiter
2969 5131 3167 5204 fugere
3188 5135 3343 5190 674
3373 5151 3572 5203 coege-

1923 5228 2083 5290 runt,
2135 5240 2169 5276 a
2225 5223 2423 5276 dextro
2477 5221 2605 5292 ipso
2662 5218 2997 5273 scholarum
3058 5222 3292 5292 agmine
3350 5223 3573 5296 relicto,

1924 5315 2077 5386 quod
2112 5313 2336 5368 cladem
2389 5311 2787 5365 Romanorum
2835 5310 3039 5365 videns
3089 5327 3461 5384 nequaquam
3502 5318 3574 5372 de

1925 5409 2083 5458 statu
2118 5418 2224 5456 suo
2257 5399 2518 5467 recessit,
2562 5400 2673 5452 imo
2715 5398 2883 5468 quasi
2908 5398 3052 5454 nihil
3077 5401 3203 5454 novi
3239 5403 3568 5477 accidisset,

1475 5519 1724 5576 JACOBI
1763 5519 1978 5576 GOARI
2018 5517 2249 5573 NOT/E.

231 5616 344 5688 (16)
375 5620 626 5678 Levibus
675 5619 886 5692 praeliis
934 5617 1154 5675 bellum
1203 5627 1690 5690 reprc'esentarunt.
1743 5618 1845 5675 Vel
1894 5617 2285 5690 άφωσιῳσαντο
2335 5615 2722 5672 delibaverunt
2769 5617 2983 5668 tantum
3029 5623 3079 5669 et
3125 5619 3400 5689 auspicati
3442 5623 3563 5690 fue-

169 5697 311 5745 runt.
