4078 6336
492 357 613 415 403

1818 347 2148 410 JOANNIS
2194 346 2599 408 SCYLITZIE

3793 339 3911 398 404

498 486 579 539 ita
608 485 923 539 immotum
953 484 1167 552 stabat,
1209 483 1371 552 quasi
1402 485 1699 537 vereretur
1720 496 1799 536 ne
1830 480 1953 536 illic
1992 484 2142 536 stare

2262 498 2451 552 γησαν,
2483 478 2571 532 καὶ
2629 475 2989 550 παρελθόντες
3028 474 3088 528 τὸ
3123 476 3228 527 τῶν
3290 468 3513 545 σχολῶν
3566 467 3747 546 τάγμα
3803 470 3911 541 (17)

490 573 1054 645 deprehenderetur,
1082 576 1138 627 et
1168 573 1333 627 daret
1362 588 1598 641 operam
1635 576 1699 625 ut
1729 568 1970 625 omnino
2000 568 2148 624 late-

492 666 599 718 ret.
631 663 738 717 Sed
791 662 989 717 hostes
1036 661 1251 716 reversi
1306 661 1422 715 cito
1453 659 1561 715 hos
1613 676 1847 731 quoque
1894 658 2149 713 debella-

493 757 651 819 runt,
683 756 740 807 et
770 751 973 806 multis
1005 750 1350 815 interfectis,
1386 749 1629 820 reliquis
1660 749 1719 803 in
1769 749 1981 805 castris
2011 765 2148 802 cou-

493 841 698 909 clusis,
732 846 788 896 et
818 840 987 912 signa
1019 839 1137 894 illis
1171 839 1451 893 militaria
1480 840 1846 900 ademerunt.
1879 841 1937 891 et
1968 836 2148 908 pluri-

494 946 725 987 morum
750 929 1007 985 militum
1030 928 1294 984 abscissa
1312 929 1504 998 capita
1524 928 1812 982 miserunt
1833 925 2151 998 Chalepitis

493 1019 909 1076 ostentationis
959 1035 1157 1072 causa.
1195 1021 1257 1073 Et
1289 1016 1432 1071 illud
1487 1016 1741 1071 maxima
1791 1016 2031 1087 dignum
2067 1018 2155 1069 est

492 1108 902 1174 admiratione,
940 1108 1094 1179 quod
1145 1107 1253 1160 hac
1305 1112 1541 1177 accepta
1572 1124 1604 1159 a
1660 1104 1939 1159 Romanis
1988 1103 2153 1160 clade

490 1198 692 1254 nullus
716 1196 867 1252 alius
896 1195 1238 1267 manipulus
1273 1200 1373 1249 aut
1415 1195 1722 1265 praefectus
1763 1196 1833 1249 ad
1868 1192 2150 1264 repellen-

490 1287 809 1342 doshostes
839 1286 1057 1339 fuerint
1091 1283 1355 1355 impulsi.
1390 1283 1605 1337 Verum
1627 1299 1833 1337 omnes
1857 1282 2149 1347 sedentes,

491 1376 657 1448 quasi
717 1375 775 1429 in
826 1374 1013 1429 amica
1062 1374 1296 1445 regione
1349 1376 1874 1437 commorarentur,
1909 1370 2152 1442 privatis

492 1464 821 1521 commodis
861 1462 1224 1528 studebant;
1284 1460 1561 1531 nullaque
1621 1462 1883 1532 ipsorum
1937 1458 2154 1514 animis

494 1558 598 1609 aut
646 1552 980 1608 sollicitudo
1034 1554 1134 1605 aut
1183 1551 1456 1605 alacritas
1508 1567 1749 1621 prorsus
1792 1550 1999 1604 inerat.
2044 1549 2151 1603 Sed

494 1643 813 1714 imperator
842 1640 941 1711 qui
973 1641 1032 1694 in
1076 1640 1217 1693 urbe
1248 1639 1607 1707 erat,audito
1640 1655 1777 1693 casu
1814 1638 1990 1704 ,haud
2025 1653 2153 1691 me-

496 1731 679 1787 diocri
708 1730 903 1785 dolore
927 1730 1167 1784 affectus
1190 1732 1297 1797 est,
1334 1728 1655 1799 statimque
1678 1744 1810 1782 cum
1843 1727 2150 1799 Cappado-

495 1821 665 1877 cibus
717 1835 866 1889 quos
898 1834 1099 1873 secum
1151 1817 1403 1871 habebat
1447 1832 1715 1872 reversus
1768 1816 2148 1872 offensionem

492 1912 788 1977 acceptam
820 1906 1097 1961 resarcire
1146 1905 1488 1970 conabatur,
1524 1904 1624 1958 illa
1660 1904 1954 1974 siquidem
1982 1909 2153 1959 nocte

492 2012 696 2051 omnes
726 1996 798 2049 de
830 2010 932 2066 spe
964 1995 1117 2049 bona
1147 1993 1506 2057 desiderant,
1527 1994 1683 2064 quod
1718 1994 1893 2049 etiam
1927 1994 2151 2064 pedita-

492 2092 585 2141 tus
618 2082 934 2139 Armenius
966 2083 1036 2137 ad
1069 2083 1287 2137 vallum
1323 2086 1675 2154 pernoctans
1729 2082 1797 2137 de
1834 2081 2151 2138 rebellione

492 2174 787 2247 cogitavit.
838 2173 1231 2244 Nondumque
1290 2172 1415 2228 dies
1465 2174 1800 2243 advenerat,
1852 2176 1908 2228 et
1957 2173 2152 2228 hostes

489 2264 710 2319 vallum
738 2263 985 2317 cinxere.
1018 2261 1235 2332 Cbalep
1263 2262 1418 2317 enim
1444 2261 1715 2332 princeps
1747 2261 1978 2333 cognito
2009 2278 2149 2317 casu

492 2369 621 2407 cum
648 2352 925 2406 omnibus
962 2351 1085 2405 suis
1107 2349 1295 2422 copiis
1321 2349 1589 2415 accessit,
1625 2356 1688 2403 ut
1715 2349 1870 2405 illico
1896 2350 2149 2421 impera-

490 2445 677 2497 torem
707 2444 1009 2511 capturus.
1046 2439 1369 2509 Imperator
1401 2442 1591 2493 autem
1620 2437 1775 2493 intra
1804 2438 2150 2493 tabernacu-

492 2530 617 2586 lum
649 2546 716 2585 ea
764 2530 979 2600 quibus
1027 2529 1098 2582 ad
1147 2528 1365 2583 bellum
1415 2544 1563 2598 opus
1612 2528 1757 2582 foret
1810 2528 2150 2584 describens

494 2620 669 2674 tertia
717 2618 947 2673 circiter
1004 2618 1149 2672 hora
1197 2619 1382 2671 noctis
1414 2633 1546 2670 cum
1592 2618 1852 2672 conferto
1885 2617 2149 2687 equitatu

494 2707 705 2776 erupit.
744 2707 1039 2779 Agebatur
1072 2711 1211 2760 tunc
1260 2706 1536 2760 vicesima
1567 2706 1714 2761 675
1751 2705 1878 2759 dies
1909 2711 2151 2760 Novem-

493 2797 618 2851 bris
670 2796 915 2865 mensis,
951 2794 1270 2849 indictione
1311 2794 1582 2865 septima,
1634 2794 2015 2849 buccinarum
2048 2798 2150 2848 aut

490 2887 766 2943 tubarum
816 2885 978 2941 nullo
1028 2884 1183 2939 edito
1234 2888 1433 2955 aperto
1484 2885 1675 2955 signo.
1708 2884 1924 2939 Verum
1975 2882 2147 2939 elatis

488 2976 740 3043 vexillis,
766 2980 823 3031 et
875 2975 1197 3046 composito
1247 2975 1596 3045 procedente
1640 2976 1916 3042 exercitu,
1950 2974 2149 3029 hostes

490 3063 549 3118 in
609 3080 788 3118 unam
848 3068 1070 3134 partem
1132 3063 1256 3135 cogi
1318 3066 1635 3133 cmperunt,
1680 3080 1793 3133 quo
1855 3063 2149 3118 Romanos

490 3151 822 3223 equitantes
870 3152 1156 3218 viderent,
1209 3157 1263 3205 et
1312 3158 1599 3205 certamen
1651 3167 1717 3205 ac
1768 3151 1847 3206 rei
1907 3157 2147 3207 eventus

492 3240 928 3311 quodammodo
951 3240 1281 3310 animojam
1306 3245 1624 3311 conceptus
1660 3244 1820 3295 erat:
1852 3258 1985 3296 nam
2011 3258 2143 3297 cum

491 3328 533 3383 ii
567 3328 665 3400 qui
698 3328 754 3382 in
784 3329 970 3383 fronte
997 3333 1163 3383 erant
1183 3328 1498 3383 clamorem
1525 3328 1925 3397 sustulissent,
1949 3329 2145 3401 plures

494 3417 860 3473 adversarios
917 3417 1165 3473 Romani
1224 3417 1591 3473 debellarunt
1659 3424 1715 3474 et
1785 3419 2143 3490 occiderunt,

498 3524 750 3579 cumque
773 3506 998 3578 reliqua
1022 3524 1255 3579 quoque
1278 3507 1591 3561 multitudo
1622 3508 1911 3577 irruisset,
1936 3509 2144 3580 ingens

494 3596 758 3667 ipsorum
812 3596 946 3666 fuga
976 3596 1123 3649 facta
1173 3592 1280 3650 est.
1316 3596 1384 3650 Et
1435 3596 1532 3666 qui
1565 3612 1597 3649 a
1628 3600 1789 3668 tergo
1838 3614 1936 3652 eos
1988 3598 2142 3653 inse-

489 3685 843 3756 quebantur,
872 3684 1073 3740 multis
1130 3685 1336 3739 occisis
1370 3684 1524 3739 haud
1559 3702 1701 3739 sane
1736 3702 1951 3756 paucos
1982 3687 2142 3742 vivos

486 3790 708 3845 cepere.
742 3777 960 3827 Verum
991 3790 1123 3827 cum
1158 3772 1409 3827 multum
1452 3773 1607 3828 haud
1661 3776 1949 3845 persecuti
1998 3776 2138 3831 fuis-

483 3867 633 3927 sent,
669 3861 890 3934 ingenti
940 3878 1004 3916 ac
1054 3878 1334 3933 prospero
1368 3878 1560 3916 rerum
1597 3879 1873 3918 successu
1907 3864 2137 3919 defrau-

482 3950 603 4005 dati
662 3955 802 4006 sunt
860 3950 1129 4017 Romani,
1195 3949 1705 4022 pulcherrimaque
1772 3952 2013 4007 victoria
2084 3958 2140 4008 et

482 4040 740 4094 maxima
787 4037 973 4109 gloria
1022 4039 1227 4108 privati
1267 4055 1279 4092 :
1314 4054 1447 4093 cum
1496 4039 1651 4093 enim
1713 4041 1942 4095 Arabici
2002 4041 2139 4113 equi

480 4126 744 4182 celeriter
793 4130 1094 4179 currentes
1127 4126 1281 4179 haud
1318 4130 1559 4195 possent
1592 4128 1740 4181 bono
1780 4128 1977 4182 animo
2010 4144 2139 4184 esse

483 4220 584 4270 aut
630 4230 867 4269 cursum
920 4214 1189 4278 tolerare,
1234 4214 1549 4269 noluerunt
1598 4216 1841 4270 Romani
1899 4216 2135 4272 illorum

484 4302 952 4359 imbecillitatem
987 4318 1158 4357 suum
1192 4304 1490 4374 proprium
1543 4305 1722 4359 robur
1753 4306 1999 4374 efficere,
2034 4307 2133 4361 sed

478 4389 849 4461 imperatoris
875 4392 1049 4460 jussu
1085 4391 1326 4446 retentis
1358 4392 1539 4447 frenis
1589 4392 1986 4463 imperfectam
2022 4395 2135 4450 sibi

480 4479 785 4534 victoriam
861 4487 1298 4551 compararunt,
1359 4483 1613 4537 contenti
1684 4483 1809 4538 sola
1870 4484 2131 4539 hostium

476 4569 638 4640 fuga,
691 4586 967 4641 magnam
1021 4570 1355 4626 felicitatem
1410 4576 1718 4641 reputante
1759 4572 2129 4642 imperatore,
2167 4574 2205 4635 Il

478 4657 633 4730 quod
686 4660 824 4711 tunc
885 4656 1149 4713 imbelles
1194 4658 1629 4715 convaluissent
1666 4664 1722 4715 et
1775 4661 2010 4728 mortui,
2065 4665 2128 4716 ut

476 4747 559 4801 ita
606 4746 875 4816 dixerim,
910 4748 1273 4802 revixissent.
1320 4751 1643 4818 Imperator
1690 4754 1883 4804 autem
1916 4750 1975 4804 in
2008 4750 2130 4804 val-

476 4836 598 4890 lum
630 4851 918 4905 reversus,
953 4841 1086 4907 post
1138 4836 1414 4907 expulsos
1446 4837 1665 4903 hostes,
1702 4839 1907 4892 statuit
1936 4855 2127 4893 arcem

476 4923 804 4996 Hierapolis
835 4926 1310 4980 construcndam.
1345 4926 1618 4981 Praefecto
1658 4926 1837 4998 igitur
1879 4927 2126 4983 Phares-

476 5028 649 5067 mane
706 5012 806 5067 illo
863 5012 1031 5067 Beste
1084 5015 1349 5085 Apocape
1382 5015 1535 5069 676
1580 5031 1649 5069 ex
1710 5015 1883 5069 lberis
1939 5031 2126 5085 genus

474 5100 746 5166 ducente,
783 5101 1044 5170 spatium
1094 5100 1253 5154 dedit
1303 5099 1573 5155 hostibus
1603 5106 1661 5156 et
1702 5100 1903 5156 damni
1934 5119 2123 5157 resar-

471 5188 661 5243 ciendi
696 5193 751 5243 et
799 5187 1053 5242 victoria:
1104 5189 1173 5241 de
1223 5188 1572 5261 adversariis
1622 5191 2005 5259 reportandm.
2058 5191 2127 5245 Et

470 5279 663 5351 quoad
714 5283 1113 5334 Romanorum
1164 5278 1453 5334 exercitus
1501 5279 1830 5335 instructus
1889 5282 1968 5335 ibi
2025 5297 2122 5337 os-

2258 566 2508 628 πολλοὺς
2546 567 2640 639 μὲν
2675 564 2913 636 ἀνεῖλον,
2945 562 3071 623 τοὺς
3104 559 3161 616 δὲ
3190 559 3417 620 λοιποὺς
3444 564 3627 636 φυγεῖν
3660 558 3905 635 αἰσχρῶς

2256 656 2681 730 κατηνάγκασαν,
2716 654 2765 708 ἐν
2801 652 2945 726 δεξιᾷ
2972 649 3359 710 καταλιπόντες
3409 649 3471 703 τὸ
3517 654 3624 702 τῶν
3678 647 3903 724 σχολῶν

2261 744 2559 820 σύνταγμα.
2618 746 2790 820 ’Όπερ
2855 743 2953 811 τὴν
3036 745 3143 795 τῶν
3204 737 3492 811 Ῥωμαίων
3548 741 3711 806 ἧτταν
3763 739 3903 813 ὁρῶν

2260 830 2373 888 οὐδ’
2406 831 2549 894 ὅλως
2585 834 2908 906 μετεκινηθη
2956 837 3057 899 τῆς
3102 828 3359 895 στάσεως,
3392 824 3518 881 ἀλλ’
3545 826 3618 888 ὡς
3674 825 3907 900 μηδενὸς

2259 936 2448 985 καινοῦ
2477 932 2766 1007 γεγονότος
2798 930 3061 1004 ἀτρεμοῦν
3114 925 3323 995 ἵστατο,
3354 925 3429 988 ὡς
3485 923 3543 979 ἂν
3611 924 3655 979 εἷ
3704 921 3909 979 ἐδεδοί-

2260 1042 2338 1074 κει
2404 1021 2479 1092 μὴ
2530 1019 2805 1097 φωραθείη
2857 1017 3029 1072 ἐκεῖσε
3086 1016 3392 1088 ἱστάμενον,
3450 1014 3540 1068 καὶ
3581 1014 3739 1068 παντὶ
3782 1016 3911 1088 τρό-

2261 1131 2347 1182 πῳ
2380 1108 2564 1173 λαθεῖν
2628 1109 3053 1183 μηχανώμενον.
3085 1106 3541 1179 Ὑποστρέψαντες
3603 1101 3657 1158 δὲ
3708 1104 3758 1157 οἱ
3812 1124 3912 1157 πο-

2263 1196 2448 1270 λέμιοι
2500 1197 2641 1273 ταχὺ
2693 1198 2783 1251 καὶ
2840 1201 3002 1251 τοῦτο
3077 1193 3532 1270 κατηγωνίσαντο,
3583 1192 3915 1267 ἀνῃρηκότες

2268 1289 2360 1360 μὲν
2394 1286 2663 1359 πολλοὺς,
2693 1286 2823 1347 τοὺς
2875 1283 2931 1339 δὲ
2989 1284 3219 1345 λοιποὺς
3269 1282 3343 1344 εἷς
3390 1285 3491 1350 τήν
3550 1277 3909 1356 παρεμϐολὴν

2262 1373 2728 1445 κατακλείσαντες,
2768 1374 2855 1429 καὶ
2903 1374 2970 1428 τὰ
3028 1378 3229 1445 σημεῖα
3283 1371 3488 1426 τούτων
3541 1375 3915 1445 στρατηγικῶς

2262 1473 2611 1552 ἀφελόμενοι.
2648 1472 2901 1535 Πολλοὺς
2964 1470 3021 1527 δὶ
3075 1472 3164 1526 καὶ
3218 1474 3327 1526 τῶν
3383 1473 3726 1544 στρατιωτῶν
3776 1488 3909 1543 τρα-

2260 1562 2751 1639 χηλοκοπήσαντες
2809 1562 2883 1624 εἷς
2946 1560 3201 1635 ἔνδειγμα
3254 1564 3372 1622 τοῖς
3424 1556 3758 1619 Χαλεπίταις
3801 1557 3910 1611 ἀπ-

2260 1651 2526 1709 έστειλαν.
2560 1654 2859 1725 Θαυμάζειν
2895 1648 2952 1705 δὲ
3004 1649 3151 1719 ἄξιον
3200 1648 3265 1717 ἦν
3327 1648 3409 1702 ὅτι
3464 1653 3769 1723 καταφορᾶς
3817 1646 3909 1701 καὶ

2260 1742 2429 1812 ἥττης
2477 1742 2839 1818 γεγενημένης
2896 1741 3213 1812 Ῥωμαϊκῆς
3273 1739 3356 1811 [Ρ.
3386 1738 3514 1810 827]
3565 1732 3740 1798 οὐδεὶς
3800 1740 3909 1790 τῶν

2182 1849 2230 1914 Β
2263 1830 2474 1888 λοιπῶν
2506 1829 2693 1906 λόχων
2724 1851 2783 1886 τε
2812 1831 2898 1914 καὶ
2952 1827 3216 1904 λοχαγῶν
3275 1826 3351 1888 εἷς
3379 1913 3382 1914 ν
3407 1825 3610 1914 ἄμυναν
3648 1823 3915 1914 ,διηρέθι-

2262 1939 2378 1989 στο,
2411 1916 2556 1973 ἀλλὰ
2584 1922 2778 1979 πάντες
2812 1913 2964 1971 ἔνδον
2997 1917 3323 1987 καθήμενοι,
3358 1913 3432 1976 ὡς
3466 1911 3553 1969 διὰ
3584 1912 3768 1991 φιλίας
3809 1917 3917 1988 γῆς

2262 2006 2708 2079 ἐνσκηνούμενοι,
2768 2002 3101 2080 ίδιοτροπεῖν
3152 2000 3509 2071 ἐσπούδαζον,
3566 2002 3656 2055 καὶ
3700 2002 3917 2071 κίνησις

2260 2100 2445 2172 ψυχῆς
2476 2094 2566 2152 καὶ
2591 2094 2869 2169 προθυμία
2899 2094 2984 2149 καὶ
3020 2093 3225 2170 ἀγωνία
3280 2090 3495 2153 τούτοις
3544 2091 3607 2145 τὸ
3662 2093 3918 2165 παράπαν

2261 2183 2489 2257 οὒδεμία
2517 2186 2607 2254 ἦν.
2642 2182 2800 2240 Ἀλλ’
2827 2184 2854 2238 ὁ
2890 2179 3144 2259 βασιλεὺς
3194 2176 3344 2236 ἔνδον
3401 2177 3472 2235 ὢν
3523 2183 3621 2246 τῆς
3671 2177 3914 2248 πόλεως,

2257 2287 2419 2339 τοῦτο
2450 2283 2754 2353 πυθόμενος
2785 2279 2979 2350 ἠνιάθη
3032 2280 3124 2351 μὲν
3186 2278 3247 2333 οὐ
3309 2277 3565 2352 μετρίως,
3599 2276 3909 2333 ἐπανελθὼν

2261 2370 2317 2427 δὲ
2348 2371 2631 2443 συντόμως
2667 2369 2800 2443 μετὰ
2828 2374 2936 2424 τῶν
2999 2368 3261 2422 συνόντων
3324 2365 3693 2421 Καππαδοκῶν
3764 2365 3909 2420 ἴασιν

2260 2464 2429 2535 εὑρεῖν
2457 2466 2535 2532 τῷ
2577 2461 2875 2532 πταίσματι
2936 2457 3273 2533 ἐμηχανᾶτο.
3316 2458 3376 2512 Ἦ
3424 2458 3525 2533 γὰρ
3582 2456 3670 2527 νὺξ
3727 2455 3908 2525 ἐκείνη

2258 2552 2455 2611 πάντας
2514 2551 2656 2623 εἶχεν
2689 2548 2739 2603 έν
2770 2547 2980 2603 ἐλπίσιν
3030 2546 3127 2601 οὐκ
3182 2547 3432 2621 ἀγαθαῖς,
3462 2545 3650 2609 καθότι
3706 2544 3793 2599 καὶ
3844 2547 3910 2600 τὸ

2258 2639 2307 2712 ἐξ
2340 2639 2637 2715 Ἀρμενίων
2684 2638 2842 2706 πεζὸν
2903 2636 3026 2710 περὶ
3082 2637 3181 2704 τὴν
3234 2637 3437 2713 τάφρον
3498 2632 3908 2709 διανυκτερεῦον

2259 2728 2582 2784 ἀποστασίαν
2642 2726 2991 2800 ἐμελέτησεν.
3024 2722 3192 2783 Οὔπω
3252 2722 3298 2779 δ’
3336 2723 3518 2799 ἡμέρα
3565 2724 3785 2797 προῄει,
3816 2724 3910 2777 καὶ

2259 2820 2310 2874 οἱ
2341 2816 2600 2890 πολέμιοι
2628 2818 2719 2872 τὸν
2770 2817 2986 2892 χάοακα
3033 2812 3380 2889 περιέζωσαν.
3414 2814 3490 2870 Τὸ
3547 2814 3651 2888 γάρ
3697 2807 3911 2885 συμϐὰν

2258 2910 2286 2963 ὁ
2316 2913 2412 2963 τοῦ
2444 2906 2640 2964 Χάλεπ
2690 2904 2879 2981 ἅρχων
2939 2905 3230 2977 ἀναμαθὼν
3289 2906 3406 2975 μεθ’
3437 2902 3572 2972 ὅλης
3628 2904 3756 2971 ἧκεν
3806 2908 3912 2971 τῆς

2256 2997 2448 3051 ἑαυτοῦ
2481 2994 2759 3067 δυνάμεως
2793 2995 2867 3057 ὡς
2907 2988 3158 3048 αὐτοϐοεὶ
3217 2994 3457 3068 αἱρήσων
3506 2993 3595 3046 τὸν
3654 2990 3910 3065 βασιλέα.

2256 3086 2316 3142 Ὁ
2349 3083 2405 3140 δὶ
2435 3084 2690 3160 βασιλεὺς
2723 3079 2872 3138 ἔνδον
2904 3090 3003 3151 τῆς
3051 3084 3254 3151 σκηνῆς
3302 3079 3611 3156 διαγράφων
3660 3081 3749 3134 τὸν
3811 3080 3916 3134 πό·-

2256 3172 2427 3248 λεμον
2460 3174 2581 3248 περὶ
2612 3174 2797 3244 τρίτην
2829 3173 2971 3247 ὥραν
3018 3170 3208 3245 ἀθρόον
3271 3167 3593 3241 ἐξελήλυθεν
3649 3164 3913 3246 ἔφιππος.

2256 3272 2524 3340 Εἴκοστὴν
2583 3271 2714 3341 ἤνυε
2770 3270 3126 3340 τηνικαῦταὸ
3175 3263 3490 3342 Νοέμϐριος
3552 3268 3685 3339 μὴν,
3715 3273 3818 3335 τῆς
3880 3274 3911 3335 ζ

2257 3358 2618 3417 ἰνδικτιῶνοε.
2649 3359 2960 3418 Βουκκίνων
2992 3360 3027 3426 ἢ
3081 3356 3395 3432 σαλπίγγων
3447 3355 3481 3424 ἢ
3529 3353 3703 3410 ἄλλου
3758 3356 3911 3417 τινὸς

2254 3449 2484 3522 σημείου
2532 3449 2606 3520 μή
2658 3446 2906 3511 δοθέντος
2959 3450 3190 3521 τρανῶς,
3220 3450 3325 3500 τῶν
3379 3442 3436 3499 δὶ
3493 3448 3743 3515 σημαιῶν
3805 3448 3908 3498 τοῦ

2254 3542 2489 3613 στρατοῦ
2521 3537 2835 3611 έξαρθεισῶν
2878 3536 2969 3590 καὶ
3015 3542 3115 3604 τῆς
3170 3540 3420 3609 στρατιᾶς
3471 3532 3716 3603 ἐξιούσης
3773 3553 3906 3587 συν-

2250 3628 2610 3701 τεταγμένης,
2662 3623 2893 3698 ἤρεαντο
2938 3624 2988 3677 οἱ
3031 3623 3177 3697 παρὰ
3227 3622 3392 3697 μέρος
3434 3622 3487 3676 ’ἐν
3540 3622 3905 3695 ἀθροίζεσθαι,

2252 3728 2313 3781 οὗ
2368 3727 2495 3787 τοὺς
2556 3724 2861 3798 Ῥωμαίους
2916 3721 3056 3777 εἶδον
3114 3721 3529 3792 ἐπελαύνοντας,
3557 3720 3645 3775 καὶ
3697 3721 3905 3795 ὁάγὼν

2250 3816 2398 3883 ὅσος,
2430 3816 2519 3870 καὶ
2550 3818 2584 3885 ἠ
2615 3820 2711 3869 τοῦ
2764 3812 3062 3887 μέλλοντος
3124 3807 3338 3873 ἔκϐασις
3389 3809 3496 3881 οἵα,
3526 3816 3646 3871 ταῖς
3696 3814 3909 3886 ψυχαῖς

2248 3905 2627 3961 ἐναπέστακτο.
2661 3906 2782 3960 Τῶν
2814 3900 2871 3956 δὲ
2898 3903 3035 3956 κατά
3069 3900 3318 3973 μέτωπον
3369 3900 3430 3954 τὸ
3468 3898 3712 3954 ἐνυάλιον
3759 3897 3899 3953 ἀλα-

2249 3992 2524 4064 λαξάντων
2584 3989 2829 4052 πολλοὺς
2883 3995 2991 4045 τῶν
3028 3988 3280 4044 ἐναντίων
3336 3989 3389 4043 οἱ
3439 3990 3706 4059 Ῥωμαῖοι
3770 4008 3905 4041 κατ-

2252 4082 2578 4157 ηγωνίσαντο
2609 4081 2699 4135 καὶ
2754 4077 3170 4155 διεχειρίσαντο.
3203 4080 3635 4151 Ἐεορμήσαντος
3694 4073 3749 4130 δὲ
3807 4077 3905 4131 καὶ

2244 4186 2340 4235 τοῦ
2373 4180 2571 4235 λοιποῦ
2603 4179 2852 4248 πλήθους
2882 4178 3022 4254 φυγὴ
3076 4176 3283 4231 τούτων
3342 4174 3703 4234 ἀνυπόστατος
3752 4174 3905 4249 γίνε-

2242 4291 2351 4325 ται.
2383 4270 2445 4323 Οἱ
2496 4266 2553 4323 δὲ
2610 4269 2835 4322 κατόπιν
2888 4266 3095 4320 τούτων
3151 4262 3463 4325 ἐλαύνοντες
3496 4260 3744 4326 πολλοὺς
3800 4264 3901 4335 μὲν

2244 4356 2485 4428 ἀνεῖλον,
2520 4356 2619 4411 ούκ
2676 4354 2900 4429 ὀλίγους
2930 4351 2987 4407 δέ
3020 4355 3391 4428 ζωγρήσαντες
3438 4346 3653 4406 ἔλαϐον.
3689 4357 3801 4420 Τῆς
3843 4349 3906 4406 δὲ

2245 4452 2478 4524 διώξεως
2513 4454 2587 4525 μὴ
2614 4451 2906 4526 γινομένης
2941 4449 3105 4524 μέχρι
3138 4446 3375 4515 πολλοῦ,
3415 4446 3656 4521 μεγάλης
3688 4445 3906 4514 εὔκλη‹

2244 4541 2361 4617 ρίας
2421 4542 2472 4596 οἱ
2528 4543 2792 4611 Ῥωμαῖοι
2854 4536 3153 4612 διήμαρτον
3209 4537 3297 4591 καὶ
3370 4535 3525 4604 νίκης
3592 4532 3908 4604 καλλίστης

2240 4630 2657 4704 ἐξεστερήθησαν
2688 4629 2777 4681 καὶ
2811 4626 3135 4701 αὐχήματος
3187 4624 3440 4700 μεγίστου
3496 4622 3903 4697 ἐξηστόχησαν.

2238 4732 2362 4785 Τῶν
2394 4727 2495 4801 γὰρ
2529 4721 2835 4799 Ἀραϐικῶν
2870 4722 3057 4777 ’ίππων
3104 4720 3605 4798 ταχυδρομούντων
3643 4722 3759 4794 μὲν,
3814 4724 3899 4794 μή

2239 4826 2621 4901 εὐψυχούντων
2657 4820 2713 4877 δέ
2748 4819 2874 4895 μηδ’
2909 4819 3373 4897 ἐγκαρτερούντων
3422 4823 3503 4891 τῷ
3543 4815 3757 4893 δρόμῳ,
3794 4818 3904 4873 οὐκ

2237 4913 2513 4985 ἠθέλησαν
2545 4914 2597 4967 οἱ
2626 4914 2892 4984 Ῥωμαῖοι
2916 4911 3015 4978 τήν
3046 4908 3260 4965 ἐκείνων
3281 4908 3493 4964 ἀτονίαν
3517 4907 3717 4962 οἰκείαν
3743 4906 3905 4963 εὐτο-

2235 5004 2349 5059 νίαν
2394 5004 2745 5073 ποιήσασθαι,
2797 4999 3209 5073 ἐπιστρέψαντες
3259 4995 3316 5053 δὲ
3364 4996 3491 5061 τοὺς
3542 4996 3780 5072 ῥυτῆρας
3842 4996 3901 5069 ἐξ

2235 5103 2597 5178 ἐπιτάγματος
2661 5097 2945 5176 βασιλικοῦ
2992 5092 3260 5171 ἀμϐλεῖαν
3321 5096 3531 5157 ἑαυτοῖς
3586 5095 3686 5162 τήν
3735 5093 3901 5166 νίκην

2233 5191 2647 5267 ἀπειργάσαντο,
2708 5188 3047 5263 κορεσθέντες
3110 5184 3247 5259 μόνῃ
3304 5189 3374 5259 τῇ
3449 5187 3555 5237 τῶν
3631 5182 3899 5239 ἐναντίων

2232 5282 2541 5355 ἀποτροπῇ,
2578 5276 2824 5353 μεγάλην
2872 5273 3123 5349 εὐτυχίαν
3154 5273 3244 5328 καὶ
3273 5277 3433 5327 τοῦτο
3480 5275 3578 5327 τοῦ
3613 5268 3900 5345 βασιλέως

1785 5404 2031 5461 JACOBI
2070 5406 2289 5462 GOARI
2328 5406 2562 5462 NOT/E.

541 5517 652 5579 (17)
712 5517 1043 5572 Satellitum
1102 5518 1561 5590 indigenarum,
1632 5537 1879 5590 quorum
1946 5520 2121 5576 varias,

473 5590 677 5667 turmas
709 5590 1004 5667 quondam
1024 5588 1793 5667 scholaﬁnuncupabantur.
1827 5592 2116 5667 legionem

474 5657 771 5729 intelligo;
798 5660 857 5715 in
880 5675 997 5732 qua
1018 5660 1299 5731 foederati,
1334 5677 1434 5717 ceu
1470 5657 1568 5732 qui
1592 5657 1929 5720 distinctam
1965 5665 2118 5720 inter

2230 5523 2609 5648 praetorianos
2641 5521 3057 5591 componerent
3089 5516 3383 5573 militiam.
3419 5531 3533 5571 non
3567 5518 3904 5570 censentur

2230 5611 2321 5648 inc
2351 5611 2461 5648 usi.

2226 5611 2461 5649 ιηοιυει.
