4078 6336
173 369 289 430 £05

1689 373 2080 437 HISTORIA.

3466 375 3588 438 406

169 498 556 575 λογιζομένου,
619 499 703 557 ὅτι
764 503 904 566 τέως
973 502 1024 558 οἶ
1079 502 1368 569 ἀνάλκιδες
1418 504 1821 582 ἀνεῤῥώσθησαι

1947 509 2319 578 tendebatur,
2352 510 2572 566 Arabes
2600 509 2977 582 quiescebant
3009 523 3022 563 :
3057 506 3157 563 ubi
3205 522 3341 565 vero
3388 512 3590 566 coacto

172 589 254 645 καὶ
312 590 367 644 οἱ
413 590 601 666 νεκροὶ
656 592 731 655 ὡς
776 593 950 653 εἷπεῖν
1005 593 1411 666 ἀνεζώσθησαν.
1461 596 1521 653 Ὁ
1567 592 1627 651 δὲ
1678 597 1833 672 βασι-

180 676 299 740 λεὺς
372 676 696 734 ἐπανελθὼν
758 681 834 743 εἱς
902 682 995 736 τὸν
1080 684 1300 758 χάρακα
1378 683 1512 755 μετᾶ
1564 685 1667 753 τήν
1721 689 1829 740 τῶν

176 767 383 844 ἐχθρῶν
422 763 765 840 ἀποσόϐησιν
824 766 962 844 ἔγνω
1010 771 1107 840 τὴν
1164 769 1464 846 ἀκρόπολιν
1513 780 1612 844 τῆς
1663 775 1831 849 Ἱερα-

172 855 382 919 πόλεως
431 857 736 928 ἐνοικῆσαι.
817 863 1168 931 Καοαστήσας
1228 860 1320 916 οὗν
1392 862 1484 917 τὸν
1541 863 1830 936 Φαρεσμά-

171 968 260 1016 νην
319 946 526 1002 ἐκεῖνον
590 949 795 1018 Βέστην
841 950 933 1004 τὸν
984 952 1328 1023 Ἀποκάπης,
1384 950 1434 1024 ἐξ
1495 947 1726 1027 Ἰϐήρων
1767 953 1831 1008 τὸ

172 1036 323 1109 γένος
371 1032 626 1105 ἕλκοντα,
689 1037 879 1113 χώραν
930 1034 1135 1093 δέδωκε
1174 1044 1293 1102 τοῖς
1339 1038 1600 1103 ἐναντίοις
1632 1040 1830 1096 ἀνακα-

172 1122 422 1188 λέσασθαι
482 1146 541 1180 τε
616 1126 716 1194 τὴν
796 1126 964 1196 ἧτταν
1031 1127 1122 1182 καὶ
1202 1126 1496 1183 ἀντίπαλον
1555 1130 1829 1207 φέρεσθαι.

174 1222 265 1278 Καὶ
314 1220 419 1285 ἵως
479 1224 575 1295 μὲν
641 1221 1198 1300 ἐστρατοπεδευμένος
1278 1225 1306 1280 ὁ
1369 1230 1476 1280 τῶν
1534 1227 1825 1300 Ῥωμαίων

177 1310 396 1387 στρατός
439 1298 791 1381 διεδείκνυτο,
842 1313 979 1368 κατά
1021 1313 1208 1390 χώραν
1260 1312 1483 1369 ἐδόκουν
1542 1298 1719 1388 μένειν
1779 1298 1832 1370 οἰ

177 1396 405 1477 Ἄραϐες
439 1420 452 1432 ·
515 1404 596 1475 [Ρ.
658 1404 788 1475 828]
844 1403 920 1464 ὡς
989 1400 1035 1458 δ’
1095 1404 1400 1475 ἀναστήσας
1454 1406 1552 1474 τὴν
1609 1404 1827 1481 σρατιὰν

179 1489 296 1544 εὐθὺ
351 1493 453 1545 τοῦ
506 1490 771 1568 φρουρίου
848 1496 945 1546 τοῦ
1036 1492 1195 1562 Ἀζᾶς
1277 1490 1538 1562 ἤλαυνεν,
1596 1490 1828 1564 ἤρξαντο

179 1576 449 1655 σποράδην
511 1578 570 1634 ἐκ
628 1577 1004 1653 διασνήματος
1058 1581 1195 1637 κατὰ
1249 1582 1312 1637 τὸ
1370 1579 1674 1655 εἴθισμὲνον
1725 1582 1828 1637 αύ-

174 1674 280 1732 τοῖς
328 1668 728 1748 ἐπιφαίνεσθαι,
774 1670 866 1724 καὶ
916 1669 1043 1744 περὶ
1099 1672 1200 1738 τήν
1252 1670 1508 1746 οὐραγίαν
1554 1668 1833 1735 πολλάκις

178 1756 564 1832 ἐπιτιθόμενοι,
609 1758 738 1820 τοὺς
785 1757 851 1813 τὰ
895 1758 1037 1814 σιτία
1088 1759 1553 1832 μετακομίζοντας
1592 1764 1825 1815 κακοῦν·-

1941 600 2197 655 exercitu
2231 599 2405 671 ccepit
2433 604 2593 655 recta
2623 598 2693 653 ad
2726 598 3009 670 oppidum
3041 600 3166 652 Azaa
3213 598 3586 666 contendere,

1942 697 2245 762 cmperunt
2273 688 2462 760 sparsi
2495 704 2563 743 ex
2594 685 2922 752 intervallo,
2955 702 3065 741 suo
3104 702 3267 742 more
3314 687 3373 741 in
3423 688 3589 759 ipsos

1941 777 2298 847 invadere,et
2318 782 2646 832 extremum
2669 791 2876 847 agmen
2902 792 3055 847 sepe
3075 775 3263 832 adorti
3293 792 3586 833 commea-

1942 872 2040 923 tus
2072 868 2397 922 deferentes
2426 882 2650 933 vexare,
2696 871 2754 919 et
2794 864 3001 919 laedere
3049 868 3364 932 Romanos,
3414 867 3586 937 quasi

1940 971 2010 1012 ex
2056 955 2289 1013 insidiis
2320 955 2471 1010 clam
2499 954 2883 1026 irruptionem
2914 953 3214 1009 facientes.
3246 955 3588 1026 Constipato

1942 1050 2140 1101 autem
2173 1044 2494 1117 sagittariis
2546 1048 2604 1098 et
2650 1042 2896 1098 scutatis
2947 1042 3226 1113 exercitu,
3267 1042 3618 1115 imperator‘

1943 1140 2206 1191 armatus
2254 1150 2386 1189 cum
2435 1136 2556 1189 toto
2602 1133 2855 1188 exercitu
2904 1132 2976 1187 ad
3028 1132 3307 1204 oppidum
3340 1134 3464 1189 Azm
3488 1149 3586 1190 ac-

1942 1225 2118 1291 cedit,
2151 1230 2314 1279 ratus
2357 1222 2547 1279 locum
2598 1223 2670 1278 ad
2721 1238 2783 1276 se
2833 1221 3234 1292 recipiendum
3282 1221 3584 1279 idoneum.

1940 1323 2051 1379 Sed
2084 1323 2183 1378 ubi
2227 1322 2340 1394 ipsi
2388 1319 2870 1394 appropinquans
2913 1318 3280 1375 tutissimum
3328 1319 3475 1376 vidit
3520 1337 3586 1376 ac

1942 1411 2410 1467 munitissimum
2446 1411 2504 1465 in
2529 1425 2762 1465 summo
2783 1407 2929 1465 colle
2955 1408 3307 1475 consistens,
3342 1408 3591 1481 duplici-

1939 1516 2053 1573 que
2084 1516 2254 1555 muro
2284 1499 2569 1565 cinctum,
2601 1502 2658 1554 et
2687 1497 2985 1570 lapidibus
3036 1513 3182 1569 quas
3231 1496 3409 1554 clavis
3454 1498 3592 1569 qui-

1939 1590 2190 1646 busdam
2213 1606 2338 1646 com
2348 1592 2932 1661 pactum,accensum
2947 1588 3018 1643 ad
3037 1591 3266 1659 portam
3311 1587 3588 1656 referens,

1940 1684 1999 1735 et
2028 1695 2236 1752 parum
2268 1695 2434 1750 aqua:
2470 1678 2606 1733 inde
2654 1677 2924 1744 efﬂuens,
2975 1693 3100 1746 quae
3148 1693 3263 1732 non
3312 1681 3470 1733 esset
3515 1678 3587 1731 ad

1935 1772 2167 1825 tantum
2214 1767 2619 1840 accipiendum
2651 1765 2965 1822 exercitum
2999 1764 3230 1835 idonea,
3273 1764 3411 1820 inde
3460 1781 3588 1837 pro-

174 1868 274 1916 τες,
331 1847 571 1904 ἐλύπουν
628 1846 760 1910 τοὺς
814 1848 1121 1921 Ῥωμαίους
1169 1849 1245 1911 ὡς
1302 1848 1361 1904 ἂν
1422 1849 1472 1922 ἐξ
1520 1847 1821 1925 ἐπιδρομῆς

1937 1858 2251 1929 fectus,ubi
2284 1856 2573 1928 copiosior
2600 1872 2754 1926 aqua
2784 1854 3010 1924 ﬂueret,
3042 1858 3234 1908 castra
3266 1854 3482 1925 posuit.
3518 1855 3586 1909 Et

176 1937 254 1991 καὶ
280 1937 464 2013 λόχου
492 1939 588 2000 τὰς
635 1936 897 1999 ἐπιθέσεις
941 1936 994 1992 ἐν
1058 1942 1138 2010 τῷ
1184 1935 1444 2009 λεληθότι
1475 1939 1822 2012 ποιούμενοι.

178 2027 652 2104 Κατασραξάμενος
709 2023 767 2082 δὲ
827 2026 881 2082 ἐν
958 2032 1075 2089 τοῖς
1131 2021 1425 2097 ἑκηϐόλοις
1481 2027 1571 2083 καὶ
1620 2027 1823 2084 πελτα-

176 2120 310 2180 σταῖς
370 2117 401 2171 ὁ
464 2113 721 2190 βασιλεὺς
777 2115 839 2169 τὸ
909 2112 1293 2190 στρατόπεδον,
1355 2112 1823 2191 τεθωρακισμένος

174 2209 243 2278 τῷ
270 2204 521 2281 φρουρίῳ
576 2198 917 2280 προσϐάλλει
968 2205 1123 2275 ’Δζας
1176 2206 1291 2278 μεθ’
1341 2199 1480 2276 ὅλης
1518 2213 1619 2276 τῆς
1656 2227 1823 2283 στρα-

172 2298 293 2364 τιᾶς,
349 2292 433 2355 εἷς
480 2290 768 2367 ύποδοχήν
828 2294 1013 2366 μαθὼν
1077 2294 1215 2349 εἶναι
1264 2294 1356 2349 τὸν
1410 2293 1577 2349 τόπον
1636 2293 1822 2367 ἐπιτή-

172 2380 323 2441 δειον.
377 2385 468 2445 Ὧς
525 2380 583 2437 δὲ
658 2383 1020 2458 προσεγγίσας
1084 2382 1231 2455 αὐτῷ
1291 2382 1653 2457 ἐρυμνότατον
1714 2382 1818 2440 ετδε

170 2476 251 2529 καὶ
299 2475 680 2549 ὀχυρώτατον,
737 2471 821 2527 ἐπ’
896 2472 1200 2548 ἀκρωρείας
1270 2471 1446 2552 λόφου
1503 2474 1817 2547 ἱστάμενον,

166 2570 357 2647 τείχεσι
414 2567 637 2633 διπλοῖς
696 2570 1126 2646 περιεζωσμένον
1208 2570 1296 2625 καὶ
1360 2570 1581 2647 πέτραις
1634 2568 1815 2646 ὥσπερ

167 2659 615 2735 γεγομφωμένον,
666 2655 883 2730 λιθίνην
930 2660 1030 2728 τήν
1090 2655 1281 2713 ἄνοδον
1316 2659 1453 2733 πρὸς
1495 2658 1596 2727 τήν
1630 2658 1813 2726 πύλην

170 2748 593 2826 ἀποφερόμενον,
674 2748 871 2822 μικρόν
939 2767 999 2802 τε
1072 2744 1217 2822 ὕδωρ
1276 2746 1540 2822 ἂπορῥέον
1591 2748 1681 2802 καὶ
1738 2750 1812 2819 μὴ

169 2837 413 2912 ἐξαρκοῦν
457 2836 598 2913 πρὸς
650 2833 937 2912 ὑποδοχὴν
985 2834 1249 2891 τοσούτου
1290 2839 1543 2911 στρατοῦ,
1591 2833 1814 2905 ἀναζεύ-

168 2927 251 2996 ξας
295 2927 373 2989 εἱς
425 2925 595 2982 τόπον
667 2923 902 2998 ἐπήξατο
976 2926 1076 2994 τήν
1146 2918 1508 3000 παρεμϐολὴν
1564 2921 1690 2988 ἔνθα
1752 2923 1815 2978 τὸ

168 3012 305 3091 ὕδωρ
352 3016 727 3094 ἀφθονώτερον
787 3010 991 3090 ἔρῥεεν.
1048 3013 1307 3076 ’Δναστὰς
1357 3010 1416 3069 δὲ
1467 3012 1667 3077 ἐκεῖθεν
1713 3012 1816 3086 ὥρ-

169 3125 302 3173 μησε
332 3106 466 3179 πρὸς
520 3103 590 3159 τὰ
634 3109 735 3172 τῆς
783 3099 1138 3165 Αὐσονίτιδος
1187 3100 1333 3177 ὅρια,
1377 3102 1467 3157 καὶ
1525 3100 1814 3175 πυρπολή-

1935 1950 2072 2006 inde
2097 1963 2332 2021 quoque
2361 1946 2671 2002 discedens
2718 1943 2932 1999 invasit
2977 1942 3359 2000 Ausonitides
3408 1943 3579 2013 ﬁnes,

1934 2041 2291 2110 incensoque
2349 2052 2491 2109 agro
2544 2033 2820 2098 maximo,
2870 2032 3107 2087 nomine
3150 2034 3375 2096 Catma,
3424 2031 3581 2086 anti-

1933 2129 2137 2202 quitus
2177 2125 2428 2199 principi
2460 2123 2673 2195 Chalep
2707 2121 3027 2193 assignato,
3058 2120 3117 2175 in
3151 2118 3336 2175 alium
3381 2119 3578 2176 locum

1930 2235 1994 2274 se
2024 2217 2259 2290 recepit,
2308 2213 2592 2270 Tarcbola
2622 2211 2896 2277 (nomine.
2955 2210 3357 2281 Perruptoque
3403 2208 3578 2278 vallo,

1929 2313 1987 2363 et
2040 2307 2394 2378 imperatore
2454 2303 2526 2357 ad
2584 2302 2847 2356 dextram
2901 2303 3125 2370 partem
3177 2296 3577 2364 incumbente,

1927 2397 2146 2453 Arabes
2175 2395 2312 2462 duo,
2345 2393 2445 2464 qui
2474 2390 2737 2447 latebant
2767 2405 2801 2443 a
2829 2392 2997 2458 tergo
3027 2387 3266 2453 montis,
3317 2386 3573 2442 concita-

1927 2486 2001 2542 tis
2033 2485 2221 2556 equis,
2264 2481 2491 2556 pedites
2540 2479 2688 2534 duos
2736 2477 2927 2548 hastis
2974 2477 3122 2531 677
3175 2475 3572 2544 interﬁciunt;

1924 2601 2077 2657 quos
2106 2583 2480 2654 conspicatus
2509 2577 2830 2650 imperator
2861 2575 3087 2648 primus
3118 2575 3319 2631 statim
3353 2574 3572 2629 milites

1927 2675 1995 2730 ad
2031 2669 2467 2745 persequendos
2495 2683 2595 2722 eos
2626 2664 3132 2721 incitavit.Verum
3166 2663 3250 2717 illi
3277 2679 3571 2735 occupan-

1924 2768 2013 2819 tes
2039 2759 2411 2818 velocissimo
2442 2771 2730 2828 equorum
2764 2770 2942 2809 cursu
2977 2753 3036 2807 in
3086 2769 3195 2807 sua
3242 2756 3432 2808 castra
3477 2750 3575 2806 in-

1925 2851 2185 2909 columes
2234 2864 2297 2904 se
2346 2861 2639 2918 recepere,
2686 2844 2769 2916 (et
2813 2842 2974 2899 illinc
3022 2841 3262 2913 profecti
3308 2844 3469 2896 recta
3497 2841 3571 2896 ad

1923 2940 2132 2998 Artacb
2167 2935 2618 3006 contenderunt)
2647 2933 2805 3006 quod
2836 2932 3117 3004 oppidum
3148 2928 3390 3002 expulso
3430 2947 3570 3002 pro-

1922 3030 2048 3103 prio
2099 3030 2245 3083 duce
2291 3025 2638 3082 oblinebant
2663 3021 2956 3079 Saraceni.
2990 3024 3403 3075 Verumtamen
3437 3036 3570 3074 rur-

1922 3136 2056 3177 sum
2089 3116 2320 3188 fugiunt
2367 3113 2467 3186 qui
2508 3111 2653 3168 illud
2704 3111 3077 3175 tutabantur,
3130 3112 3188 3164 et
3234 3108 3572 3180 imperatori

165 3210 252 3254 σας
311 3193 527 3267 χωρίον
581 3190 834 3267 μέγιστον
880 3188 1071 3263 Κάτμα
1119 3187 1438 3263 λεγόμενον,
1494 3194 1575 3263 τῷ
1623 3190 1814 3264 ἀμηρᾷ

1931 3224 2101 3266 suum
2167 3187 2500 3262 reservatur
2565 3199 2936 3274 oppidulum,
2996 3198 3056 3254 in
3127 3214 3243 3269 quo
3302 3196 3570 3269 praesidio

163 3284 253 3334 τοῦ
312 3257 502 3337 idin:
566 3257 944 3358 ἀφωρισμένον
997 3257 1080 3333 ’ἐκ
1153 3257 1431 3350 παλαιοῦ,
1490 3257 1566 3341 εἷς
1631 3257 1815 3355 ἕτερον

1931 3296 2223 3369 imposito,
2274 3297 2333 3348 et
2384 3293 2593 3348 idoneo
2652 3292 2985 3346 commeatu
3052 3287 3255 3343 omnia
3318 3285 3574 3358 tempori

165 3370 371 3445 χωρίον
434 3367 699 3424 κατέλυσε
758 3367 1043 3444 Ταρχωλᾶ
1112 3369 1644 3441 κατονομαζόμενον.
1700 3375 1807 3423 Κο-

163 3457 434 3531 πτομένου
464 3455 522 3512 δὲ
565 3461 663 3512 τοῦ
702 3457 968 3533 χάρακος,
1018 3455 1111 3511 καὶ
1154 3460 1250 3511 τοῦ
1285 3457 1553 3532 βασιΛέως
1583 3458 1807 3529 ἱσταμέ-

163 3568 253 3601 νου
306 3546 446 3601 κατά
490 3548 555 3602 τὸ
613 3545 779 3617 δεξίὸν
856 3546 1043 3622 μέρος,
1112 3540 1343 3620 ’Ἄραϐες
1417 3542 1524 3620 δύο,
1559 3543 1813 3610 λαθόντες

163 3644 389 3699 κατόπιν
409 3651 513 3715 τῆς
565 3643 884 3721 ἀκρωρείας,
932 3642 1021 3699 καὶ
1069 3642 1198 3706 τοὺς
1242 3641 1448 3707 ’ίππους
1499 3644 1604 3698 ἀπὸ
1647 3642 1812 3718 ῥυτή-

167 3753 271 3806 ρων
310 3732 626 3801 ἐλάσαντες,
679 3731 775 3789 δύο
829 3738 940 3789 τῶν
989 3737 1166 3803 πεζῶν
1212 3738 1331 3795 ταῖς
1380 3731 1611 3807 λογχαις
1662 3733 1812 3787 ἀναι-

168 3826 373 3895 ροῦσιν.
427 3824 490 3880 Ὁ
552 3821 804 3899 βασιλεὺς
862 3819 921 3877 δὶ
984 3822 1210 3883 τούτους
1281 3821 1608 3893 θεασάμενος
1662 3824 1814 3895 πρῶ-

164 3931 255 3975 τος
295 3909 616 3983 διατέστησε
663 3911 899 3985 πρώτως
941 3910 1070 3975 τοὺς
1116 3910 1447 3985 στρατιώτας
1481 3908 1558 3971 εἷς
1608 3905 1813 3979 δίωξιν.

167 4010 232 4066 Οἱ
261 4007 325 4065 δὶ
372 4010 667 4088 φθάσαντες
719 4006 940 4080 ἐξαισίῳ
988 4004 1181 4081 δρόμῳ
1234 4011 1342 4061 τῶν
1392 4004 1579 4062 ’ίππων
1627 4006 1702 4068 εἰς
1753 4006 1817 4061 τὸ

169 4098 371 4154 οἰκεῖον
435 4094 805 4174 στρατόπεδον
865 4093 1220 4165 διεσώθησαν.
1264 4139 1279 4154 .
1326 4138 1339 4151 .
1389 4137 1403 4151 .
1461 4100 1717 4171 κατεῖχον
1762 4092 1821 4149 δὶ

164 4192 326 4242 τοῦτο
386 4186 700 4258 Σαρακηνοὶ
747 4185 842 4241 τὸν
919 4184 1121 4239 ἑαυτῶν
1174 4184 1478 4260 στρατηγὸν
1537 4183 1819 4257 ἐξελάσαν-

165 4295 271 4338 τες.
333 4276 487 4345 Πλήν
536 4272 686 4330 ἀλλὰ
725 4274 817 4329 καὶ
861 4271 1032 4328 πάλιν
1088 4272 1374 4350 φεύγουσιν
1420 4274 1473 4327 οἱ
1524 4277 1684 4328 τοῦτο
1730 4294 1825 4350 φυ-

166 4362 477 4431 λάσσοντες,
545 4362 637 4418 καὶ
694 4366 774 4434 τῷ
833 4359 1045 4437 βασιλεὶ
1118 4360 1182 4416 τὸ
1235 4361 1434 4417 οἰκεῖον
1493 4361 1825 4431 ἀνασώζεται

164 4451 434 4523 πόλισμα.
477 4451 727 4528 Φρουρὰν
783 4451 875 4505 οὗν
925 4449 979 4505 ἐν
1036 4450 1190 4524 αύτῷ
1236 4449 1419 4526 βαλὼν
1462 4453 1554 4507 καὶ
1583 4453 1824 4522 σιτήσεις

166 4540 501 4619 ἀποχρώσας
529 4540 954 4614 ἐναποθέμενος,
1004 4540 1181 4594 πάντα
1231 4543 1298 4594 τὰ
1345 4544 1424 4613 τῷ
1447 4545 1623 4617 καιρῷ
1649 4541 1821 4614 πρόσ-

1920 3390 2251 3457 opportuna
2292 3379 2606 3451 disposuit.
2646 3379 2787 3449 Ipso
2819 3375 3000 3447 igitur
3028 3375 3357 3444 imperante
3390 3388 3577 3443 crepe-

1921 3478 2059 3531 runt
2088 3471 2334 3529 Romani
2390 3469 2669 3524 audacter
2719 3466 2918 3521 hostes
2967 3462 3180 3518 intueri
3234 3467 3293 3517 et
3339 3460 3578 3517 virtutis

1925 3578 2212 3620 memores
2242 3575 2369 3617 esse
2401 3574 2466 3613 ac
2498 3554 2867 3612 strenuitatis
2915 3552 3201 3607 rationem
3250 3550 3469 3607 habere
3517 3554 3576 3605 et

1923 3651 2187 3710 adversis
2247 3647 2586 3714 consistere,
2636 3641 3115 3715 quandoquidem
3166 3638 3577 3710 superioribus

1924 3739 2399 3811 imperatoribus,
2468 3734 2567 3805 qui
2636 3731 2899 3805 proxime
2980 3733 3386 3799 regnaverant,
3456 3743 3576 3781 una

1924 3834 2163 3903 excepta
2210 3824 2599 3883 ostentatione
2651 3826 2709 3877 et
2739 3823 2941 3876 coacta
2973 3816 3381 3882 multitudine,
3413 3813 3579 3871 nulla

1927 3920 1985 3975 in
2047 3934 2108 3973 re
2152 3917 2329 3973 fortes
2378 3930 2441 3969 se
2488 3914 2559 3967 ad
2614 3925 2871 3982 pugnam
2924 3906 3326 3979 praebuerant;
3378 3905 3461 3958 ita
3512 3908 3580 3960 ut

1927 4006 2300 4080 perspicuum
2362 4002 2441 4059 sit
2497 3999 2667 4055 ducis
2726 3997 2915 4083 ipsius
2971 4010 3101 4051 esse
3149 3997 3216 4049 ut
3258 3991 3575 4065 plurimum

1928 4118 2274 4177 prosperum
2307 4114 2503 4156 rerum
2538 4109 2899 4153 successum.
2933 4094 3078 4149 Cum
3108 4107 3241 4147 vero
3272 4090 3411 4146 inde
3460 4107 3579 4146 non

1929 4194 2210 4267 potuisset
2243 4191 2564 4261 imperator
2607 4182 2982 4241 Antiochiam
3034 4180 3245 4237 reverti
3293 4180 3583 4249 (confecta

1929 4283 2086 4339 enim
2135 4284 2260 4336 erat
2304 4280 2459 4335 fame
2519 4274 2822 4345 multaque
2878 4269 3226 4341 vexatione),
3287 4270 3584 4341 superatis

1931 4370 2181 4427 saltibus
2227 4372 2285 4424 et
2336 4365 2695 4439 quibusdam
2725 4362 2985 4417 locorum
3015 4358 3308 4430 angustiis
3341 4357 3586 4413 minime

1931 4458 2142 4531 perviis
2173 4458 2243 4513 ad
2278 4456 2487 4513 Urbem
2510 4453 2727 4509 Cilicia:
2751 4450 3214 4507 Alexandronam
3245 4446 3484 4502 nomine
3520 4462 3584 4502 se

1930 4548 2160 4620 recipit,
2190 4546 2389 4617 ibique
2416 4543 2634 4599 vallum
2669 4538 3001 4603 constituit,
3030 4540 3088 4592 et
3132 4544 3387 4590 montem
3439 4536 3587 4590 Tau-

168 4652 306 4706 φορα
366 4629 663 4704 διετάξατο.
742 4631 862 4687 Ἐπ’
929 4628 1095 4685 αύτοῦ
1149 4628 1332 4683 τοίνυν
1387 4633 1484 4684 τοῦ
1545 4630 1814 4705 βασιλέως

1931 4654 2058 4693 rum
2087 4640 2496 4705 transgressus
2541 4646 2670 4686 cum
2703 4628 2862 4685 omni
2896 4625 3150 4683 exercitu
3184 4623 3243 4678 in
3291 4622 3581 4679 Romano-

165 4731 403 4806 ἤρξαντο
432 4732 702 4801 Ῥωμαῖοι
745 4725 1201 4805 ἀντοφθαλμίζειν
1254 4728 1343 4781 καὶ
1394 4728 1529 4803 πρὸς
1586 4728 1647 4782 τὸ
1701 4748 1820 4803 γεν-

168 4820 453 4874 ναιότατον
539 4816 822 4893 ἀναφέρειν
901 4815 1065 4889 λόγον
1139 4816 1227 4875 καὶ
1287 4815 1632 4879 συνίστασθαι
1683 4815 1819 4891 πρὸς

168 4918 462 4985 ἀντίθεσιν,
493 4915 610 4971 ἐπεὶ
665 4914 732 4970 τά
774 4935 837 4990 γε
883 4915 1019 4969 κατά
1068 4912 1195 4975 τοὺς
1244 4917 1533 4989 προσεχῶς
1568 4913 1821 4989 βασιλεύ-

166 5024 388 5078 σαντας,
437 5003 589 5073 πλὴν
645 5000 954 5076 ἐπιδείξεως
1024 5000 1195 5074 μόνης
1246 5000 1336 5056 καὶ
1393 5000 1642 5072 πλήθους
1698 5023 1821 5057 συν-

165 5101 416 5170 αγωτῆς,
470 5092 523 5149 ἐν
575 5089 754 5149 οὐδενὶ
801 5094 1075 5168 καρτερῶς
1131 5090 1270 5164 πρὸς
1330 5090 1516 5165 μάχην
1566 5090 1819 5165 συνέῥρα-

164 5183 275 5251 ξαν,
306 5183 388 5242 ὡς
419 5178 756 5250 εἶναιδῆλον
810 5177 895 5234 ὅτι
941 5181 1037 5232 τοῦ
1085 5175 1359 5251 ἡγεμόνος
1411 5175 1549 5231 ἐστὶν
1601 5181 1677 5240 ὡς
1708 5176 1823 5231 ἐπί-

160 5290 265 5325 παν
317 5269 388 5325 τὸ
433 5267 878 5343 κατορθούμενον
938 5264 989 5321 ἐν
1048 5270 1179 5319 πᾶσι
1233 5269 1351 5329 τοῖς
1378 5266 1679 5341 πράγμασι.
1713 5266 1822 5321 Κά-

163 5359 340 5412 κεῖθεν
402 5358 477 5430 μὴ
553 5353 802 5427 δυνηθεὶς
879 5355 907 5408 ὁ
998 5352 1254 5428 βασιλεὺς
1331 5353 1407 5415 εἷς
1485 5353 1821 5430 Ἀντιόχειαν

164 5445 429 5511 ἀπελθεῖν
479 5443 969 5522 (προκατείργαστο
1011 5442 1113 5519 γὰρ
1158 5441 1310 5516 λιμῷ
1354 5463 1414 5498 τε
1451 5444 1539 5497 καὶ
1586 5443 1819 5497 κακώσει

165 5534 408 5608 πολλῇ),
490 5529 726 5611 ὑπερϐάς
800 5532 1048 5594 αὐλῶνας
1123 5531 1214 5586 καὶ
1298 5530 1623 5606 κλεισούρας
1671 5531 1819 5593 τινὰς

170 5620 579 5694 ἀδιεξοδεύτους
657 5622 733 5686 είς
801 5620 964 5677 πόλιν
1030 5627 1131 5691 τῆς
1202 5618 1455 5683 Κιλικίας
1511 5619 1819 5696 λεγομένην

168 5709 587 5788 Ἀλεξανδρῶνα
642 5715 895 5783 καταντᾷ,
954 5709 1169 5766 κάκεῖσε
1216 5710 1308 5767 τὸν
1356 5710 1573 5788 χάρακα
1623 5711 1825 5785 πήγνυο

1935 4742 2063 4781 rum
2099 4723 2392 4793 regionem
2443 4719 2689 4774 invadit.
2737 4718 3003 4786 Cumque
3049 4712 3294 4770 conferti
3346 4712 3407 4766 in
3455 4709 3586 4766 loca

1931 4814 2146 4887 frigida
2173 4810 2545 4866 devenissent
2575 4823 2644 4862 ex
2673 4806 2989 4859 admodum
3018 4801 3236 4874 tepidis
3266 4803 3323 4855 et
3351 4799 3580 4869 calidis,

1934 4913 2234 4984 ingentem
2266 4920 2503 4964 sensere
2534 4901 2939 4967 mutationem,
2965 4904 3022 4954 et
3051 4898 3267 4954 idcirco
3310 4895 3583 4984 homines

1934 4983 2132 5074 plures
2163 4997 2505 5064 interibant,
2546 4997 2603 5049 et
2648 4988 2952 5060 complura
2999 4985 3323 5074 animantia
3369 4983 3584 5055 frigore

1936 5073 2197 5146 confecta
2226 5084 2535 5142 sunt.Cum
2566 5097 2702 5136 vero
2742 5093 3019 5151 egressus
3063 5078 3223 5131 esset
3266 5073 3587 5146 imperator

1936 5181 2004 5235 ad
2033 5177 2351 5249 quemdam
2376 5173 2567 5228 locum
2593 5167 3006 5242 angustiarum
3030 5162 3314 5229 Podandi,
3347 5161 3588 5219 nomine

1931 5266 2257 5340 Gytarium,
2290 5262 2444 5317 618
2475 5259 2701 5317 audivit
2732 5254 3034 5313 Amorium
3068 5252 3363 5322 direptum
3392 5250 3586 5340 homif

1935 5338 2198 5425 numque
2222 5350 2514 5406 infinitam
2543 5347 2780 5403 caedem.
2811 5341 3029 5400 Positis
3050 5343 3244 5395 autem
3280 5338 3484 5393 castris
3515 5338 3585 5393 ad

1934 5441 2131 5500 Cbalci
2163 5439 2575 5506 diversorium,
2608 5436 2706 5507 qui
2740 5434 2799 5488 in
2833 5431 3103 5488 Melitene
3134 5429 3384 5484 duxerat
3420 5444 3580 5483 exer-

1935 5534 2139 5601 citum,
2165 5544 2537 5600 nequaquam
2571 5527 2639 5580 ad
2675 5525 2868 5595 ipsum
2903 5519 3087 5576 voluit
3115 5517 3408 5588 accedere,
3442 5534 3584 5589 prae-

1932 5620 2134 5677 sertim
2169 5634 2300 5674 cum
2334 5616 2392 5671 in
2426 5614 2639 5687 oppido
2670 5610 3004 5670 'l‘zamando
3035 5612 3304 5664 coactum
3337 5606 3582 5663 haberet

1927 5709 2271 5767 exercitum.
2304 5706 2530 5774 Quibus
2560 5705 2631 5760 de
2661 5700 2858 5759 causis
2886 5697 3084 5756 dolore
3115 5698 3385 5769 affectus,
3420 5695 3577 5769 quod
