4078 6336
431 368 548 430 407

1738 359 2068 422 JOANNIS
2114 355 2517 420 SCYLITZE

3721 341 3843 403 408

434 499 613 554 rebus
665 510 1007 552 succurrere
1053 499 1111 550 et
1174 491 1452 565 opitulari
1500 492 1791 563 nequiret,
1839 506 1966 562 quas
2017 489 2125 558 ad,

2234 508 2277 555 ‘t,
2310 484 2399 541 xui
2439 486 2532 541 τὸν
2576 486 2788 559 Ταῦρον
2836 482 2900 537 τὸ
2947 482 3073 555 δρος
3107 474 3345 552 ὑπερϐὰς
3388 478 3719 551 πανστρατιᾷ
3739 474 3852 529 εἶσ-

439 586 759 644 exercitum
792 585 1175 658 pertinerent,
1207 587 1361 638 recte
1394 582 1759 652 compositis,
1795 584 2090 653 quantum

439 676 553 733 sibi
584 675 769 745 licuit,
802 679 858 729 et
888 674 1143 729 maxima
1174 676 1337 744 parte
1366 671 1428 725 in
1460 671 1706 726 hiberna
1738 672 1941 739 missa,
1967 669 2094 741 ipse

440 765 785 839 Byzantium
835 762 1136 819 contendit
1182 763 1253 817 ad
1305 761 1528 816 mensis
1580 759 1845 815 Januarii
1897 760 2093 814 ﬁnem.

442 863 550 919 Ubi
584 863 877 934 quoddam
914 867 1151 932 tempus
1192 863 1611 928 commoratus,
1663 874 1797 912 cum
1844 856 2095 913 civitatis

442 956 663 1009 statum
720 968 823 1022 pro
875 950 1099 1004 viribus
1145 949 1643 1015 administrasset,
1676 947 1998 1004 honoribus
2030 963 2096 1002 ac

444 1040 796 1097 muneribus
828 1044 1129 1095 senatores
1160 1038 1446 1109 quosdam
1480 1044 1847 1108 prosccutus,
1894 1035 2097 1091 distri-

444 1132 605 1186 butis
656 1130 872 1185 annuis
914 1129 1085 1183 donis
1119 1145 1307 1198 neque
1336 1126 1689 1198 exspectatis
1720 1125 2099 1180 Paschalibus

447 1222 658 1276 diebus
690 1220 760 1275 ad
796 1218 1061 1273 Eriorum
1096 1218 1335 1272 domum
1371 1233 1399 1270 e
1432 1216 1666 1283 regione
1708 1214 1872 1270 urbis
1922 1215 2097 1269 sitam

449 1307 973 1381 navigavit.Evenit
1003 1306 1159 1362 enim
1194 1305 1388 1361 nescio
1422 1305 1560 1376 quid
1592 1303 1778 1371 aliud,
1815 1304 1968 1374 quod
2004 1318 2103 1357 ne-

451 1399 705 1455 cessario
738 1398 933 1469 ipsum
965 1397 1036 1451 ad
1070 1394 1484 1467 profectionem
1517 1410 1647 1448 cum
1678 1394 1930 1449 exercitu
1967 1409 2103 1464 pro-

455 1488 701 1544 vocavit.
740 1487 836 1542 Vir
884 1486 1122 1557 quidam
1172 1484 1435 1552 Latinus,
1490 1484 1797 1555 Crispinus
1844 1483 2105 1551 nomine,

460 1594 530 1633 ex
592 1575 755 1631 Italia
813 1592 945 1630 cum
1006 1575 1077 1630 ad
1133 1574 1547 1645 imperatorem
1608 1573 1982 1639 accessisset,
2033 1572 2103 1625 ad

461 1665 716 1722 Orientis
745 1670 961 1737 partes,
996 1668 1060 1718 ut
1092 1663 1169 1717 ibi
1204 1663 1505 1732 hiemaret,
1556 1662 1778 1717 missus
1834 1665 1943 1717 est.
1997 1661 2105 1727 Qui

463 1758 628 1810 ratus
688 1769 749 1808 se
797 1770 912 1808 non
963 1769 1027 1807 eo
1079 1751 1298 1806 honore
1348 1751 1615 1805 all‘ectum
1668 1766 1770 1820 pro
1821 1749 2105 1820 dignitate

457 1859 633 1915 quem
684 1846 1039 1914 speraverat,
1092 1842 1164 1896 ad
1210 1839 1583 1895 rebellionem
1634 1839 1935 1911 spectavit,
1986 1844 2106 1893 sta-

457 1933 685 2003 timque
716 1936 1089 1987 occurrentes
1140 1930 1251 1984 sibi
1302 1928 1662 1983 tributorum
1710 1932 2006 1984 exactores
2053 1932 2111 1983 et

454 2020 721 2092 reliquos
790 2021 1000 2093 spoliat
1065 2036 1130 2075 ac
1196 2018 1433 2088 diripit;
1518 2018 1911 2072 Romanorum
1977 2034 2111 2073 vero

454 2109 761 2167 neminem
824 2109 1138 2173 interfecit,
1199 2107 1491 2179 multique
1548 2122 1681 2162 cum
1740 2106 1869 2178 ipso
1917 2107 2115 2178 praelio

460 2199 764 2270 congressi
832 2198 968 2253 victi
1032 2206 1189 2252 sunt.
1250 2196 1353 2250 Sed
1424 2195 1485 2250 in
1552 2196 1959 2251 Armeniorum
2030 2212 2118 2251 re-

469 2289 642 2362 gione
702 2287 1024 2341 hibernans
1086 2284 1424 2340 bestarches
1483 2284 1718 2339 Samuel
1777 2283 2119 2340 Aluisianus

476 2376 793 2449 Bulgarus,
854 2375 1225 2447 imperatoris
1285 2373 1479 2429 uxoris
1529 2375 1721 2445 frater,
1775 2390 1951 2446 quam
2001 2374 2123 2445 pri-

481 2471 650 2521 vatus
702 2464 896 2521 adhuc
946 2465 1166 2538 degens
1214 2465 1479 2532 duxerat,
1530 2480 1662 2519 cum
1713 2464 1974 2536 quinque
2018 2470 2123 2519 Uc-

491 2555 742 2611 cidentis
790 2554 1120 2626 legionibus
1168 2560 1404 2626 repente
1453 2556 1604 2609 679
1652 2553 1988 2626 Crispinum
2038 2554 2127 2608 in-

488 2643 649 2699 vadit
706 2643 836 2715 ipsa
893 2642 984 2698 die
1042 2642 1528 2709 Resurrectionis,
1584 2642 1803 2698 Pascha
1859 2642 2125 2713 inquam.

488 2741 649 2806 Quod
683 2757 816 2796 cum
849 2741 1281 2812 persensissent
1313 2739 1538 2806 Franci,
1582 2740 1816 2811 fugiunt
1862 2738 2129 2807 Romani,

483 2829 870 2903 ipsorumque
920 2832 985 2884 ﬁt
1036 2829 1219 2884 multa
1268 2830 1475 2895 credes,
1529 2846 1593 2883 ac
1642 2829 1757 2883 vivi
1819 2830 2132 2899 capiuntur

486 2936 733 2974 numero
768 2917 1006 2974 infiniti.
1043 2923 1314 2972 Attamen
1366 2934 1571 2972 omnes
1620 2918 1876 2974 humane
1923 2922 2131 2973 tracta-

486 3012 581 3064 tos
625 3008 872 3071 dimisit,
924 3008 1043 3062 imo
1090 3023 1222 3062 vero
1253 3005 1589 3062 vulneratos
1617 3008 1806 3062 curari
1842 3007 2129 3078 permisit.

487 3102 631 3153 Cum
706 3097 1025 3169 imperator
1103 3097 1176 3151 ad
1259 3095 1563 3168 Doryleum
1645 3096 2023 3167 pervenisset,
2100 3112 2135 3151 a

490 3187 757 3259 Crispino
790 3186 1137 3257 legationem
1175 3186 1419 3256 accepit,
1474 3202 1592 3256 qua
1640 3184 1997 3240 deditionem
2046 3185 2129 3240 fa-

2203 571 2403 630 ϐάλλει
2435 578 2503 649 τῇ
2548 572 2860 646 Ῥωμαίων.
2915 574 2996 645 [P.
3048 572 3177 643 829]
3209 566 3561 643 Ἑντυχὸντες
3593 564 3637 619 δ’
3668 564 3853 639 ἀθρόοι

2201 665 2393 726 τόποις
2422 666 2658 739 ψυχροῖς
2690 660 2741 731 ἐξ
2793 661 2918 735 ἆγαν
2971 657 3229 714 ἀλεεινὼν
3260 657 3351 712 καὶ
3381 658 3595 730 θερμῶν
3632 651 3856 720 πολλῆς

2208 748 2520 826 μεταϐολῆς
2570 751 2802 826 ᾔσθοντο
2837 770 2849 783 ·
2896 748 2979 805 διὸ
3022 749 3113 803 καὶ
3161 749 3439 821 ἄνθρωποι
3489 742 3691 799 πολλοὶ
3742 742 3852 796 ἀπ-

2206 842 2392 897 έθανον
2423 842 2510 896 καὶ
2558 846 2670 910 ζῶα
2708 839 2896 895 πολλά
2932 838 3283 911 ἐναπέψυξαν.
3336 834 3605 905 Ἐξιὸντος
3651 832 3708 887 δὲ
3754 834 3857 885 τοῦ

2209 930 2479 1009 βασιλέως
2532 930 2606 991 εἷς
2659 952 2712 983 τι
2770 928 2981 1005 χωρίον
3036 935 3137 997 τῆς
3186 921 3464 980 Ποδανδοῦ
3510 919 3857 997 κλεισούρας,

2206 1021 2463 1096 Γυτάριον
2523 1018 3047 1093 κατονομαζόμενον,
3102 1014 3332 1085 ἤκουσεν
3380 1016 3408 1068 6
3456 1009 3710 1089 βασιλεὺς
3754 1012 3855 1079 τήν

2204 1131 2263 1164 τε
2318 1114 2417 1163 τοῦ
2478 1108 2741 1184 Ἀμοίρου
2791 1105 3213 1185 λαφυραγωγίαν
3270 1102 3362 1158 καὶ
3421 1103 3583 1175 φόνον
3644 1096 3856 1173 ἀνδρῶν

2209 1198 2512 1271 ἀμύθητον.
2546 1194 3022 1267 Κατεστηκηκυίας
3077 1191 3134 1248 δὲ
3171 1200 3270 1263 τῆς
3302 1186 3662 1266 παρεμϐολῆς
3691 1187 3744 1241 ἐν
3780 1191 3862 1257 τῷ

2206 1292 2304 1342 τοῦ
2356 1288 2613 1349 Χαλκέως
2675 1289 2901 1357 σταθμῷ
2959 1285 2987 1338 6
3053 1282 3105 1337 έν
3170 1279 3453 1353 Μελιτηνῇ
3500 1281 3708 1352 κρατῶν
3762 1280 3861 1331 τοῦ

2212 1382 2439 1454 στρατοῦ
2473 1374 2586 1431 οὐδ’
2617 1374 2761 1437 ὅλως
2818 1374 2963 1446 αὐτῷ
3008 1366 3337 1448 προσϐαλεῖν
3388 1366 3677 1439 ἠθέλησεν,
3712 1362 3859 1441 ἔχων

2211 1468 2301 1522 καὶ
2339 1470 2505 1521 ταῦτα
2547 1467 2647 1534 τὴν
2699 1464 2950 1539 στρατιὰν
3003 1462 3056 1516 ἐν
3109 1466 3190 1532 τῷ
3239 1463 3337 1514 τοῦ
3367 1454 3691 1530 Τζαμανδοῦ
3733 1475 3862 1507 συν-

2213 1556 2578 1631 ηθροισμένην
2623 1553 2948 1625 πολίσματι.
3000 1552 3117 1628 Ἐφ’
3168 1552 3250 1612 οἷς
3294 1546 3547 1614 ἀνίαθεὶς,
3585 1546 3659 1617 μὴ
3693 1542 3860 1610 δυνη·

2216 1646 2325 1710 θεὶς
2357 1642 2415 1699 δὲ
2470 1645 2739 1719 βοηθῆσαι
2787 1646 2868 1714 τῷ
2916 1640 3219 1715 πράγματι,
3262 1637 3329 1692 τὰ
3366 1635 3503 1691 κατὰ
3544 1634 3637 1689 τὸν
3696 1652 3860 1707 στρα-

2212 1735 2304 1789 τὸν
2366 1734 2440 1796 ὡς
2494 1731 2617 1801 ἐνῆν
2668 1729 2857 1803 δεξιως
2901 1728 3240 1800 διαθέμενος,
3288 1725 3366 1787 είς
3420 1719 3864 1798 παραχειμασίαν

2212 1824 2274 1879 τὸ
2298 1822 2487 1878 πλεῖον
2538 1822 2715 1877 αὐτῶν
2763 1817 3089 1880 ἀποστείλας
3140 1816 3299 1878 αὐτὸς
3355 1814 3441 1870 ἐπὶ
3471 1815 3533 1868 τὸ
3572 1812 3867 1881 Βυζάντιον

2212 1913 2355 1979 ἵετο,
2386 1913 2522 1987 πρὸς
2544 1916 2626 1984 τῷ
2652 1908 2802 1966 τέλει
2822 1908 2919 1964 τού
2951 1907 3285 1981 Ἰανουαρίου
3322 1904 3495 1978 μηνὸς
3537 1895 3867 1957 καταλαϐὼν

2221 2003 2273 2058 ἐν
2306 2001 2473 2073 αὐτῷ.
2529 2000 2809 2077 Διαγαγὼν
2860 1999 3036 2053 τοίνυν
3090 1995 3142 2051 ἐν
3193 1993 3341 2067 αὐτῷ
3387 1991 3612 2070 χρόνον,
3651 1989 3742 2045 καὶ
3773 1988 3874 2051 τὰς

2223 2099 2512 2163 πολιτικὰς
2561 2097 2857 2169 διοικήσεις
2908 2097 2981 2158 ὡς
3029 2092 3248 2150 δυνατὸν
3300 2089 3741 2163 διοικησάμενος,
3784 2085 3879 2141 καὶ

2224 2191 2389 2265 τιμὰς
2437 2191 2525 2244 καὶ
2601 2187 2871 2259 δεξιώσεις
2946 2185 3019 2246 εἷς
3094 2204 3242 2245 τινας
3314 2186 3423 2237 τῶν
3499 2177 3879 2254 συγκλητικῶν

2227 2281 2620 2352 ποιησάμενος,
2662 2278 2751 2332 καὶ
2798 2278 2893 2340 τὰς
2958 2273 3205 2345 ἐτησίους
3263 2269 3469 2345 δωρεὰς
3525 2266 3885 2339 διανειμάμε-

2230 2392 2344 2442 νος,
2372 2368 2461 2423 καὶ
2511 2366 2635 2422 οὐδὲ
2691 2366 2787 2427 τὰς
2865 2361 3211 2439 πασχαΛίους
3275 2360 3487 2433 ἡμέρας
3545 2355 3887 2432 περιμείνας,

2234 2458 2310 2522 εἵς
2368 2459 2459 2513 τὸν
2519 2457 2803 2531 ἀντιπέραν
2862 2460 2961 2522 τῆς
3010 2451 3227 2513 πὸΛεως
3306 2450 3456 2503 οἷκον
3524 2451 3632 2502 τῶν
3683 2442 3887 2518 Ἠρίων

2236 2546 2592 2605 ἀπέπλευσεν.
2632 2538 2957 2613 Ἐπισυνέϐη
3008 2540 3111 2617 γάρ
3150 2561 3201 2594 τι
3259 2537 3348 2593 καὶ
3390 2533 3576 2611 ’ἕτερον
3614 2535 3751 2610 πρὸς
3793 2531 3887 2586 ἐκ-

2238 2638 2515 2713 στρατείαν
2576 2633 2874 2708 ἀναγκαίως
2928 2628 3130 2685 καλοῦν
3190 2626 3376 2683 αύτόν.
3434 2626 3603 2698 Ἀνὴρ
3642 2622 3745 2698 γὰρ
3796 2641 3891 2713 τις

2238 2710 2490 2797 Λατῖνος,
2534 2728 2827 2798 Κρισπῖνος
2874 2722 2975 2790 τὴν
3029 2718 3249 2787 κλῆσιν,
3284 2716 3333 2788 ἐξ
3390 2713 3624 2775 Ἰταλίας
3673 2715 3753 2783 τῷ
3788 2710 3889 2786 βα-

2241 2816 2385 2872 σιλεῖ
2439 2812 2757 2889 προσελθὼν
2825 2811 2961 2884 πρὸς
3023 2810 3123 2878 τὴν
3177 2807 3346 2879 Ἑῲαν
3405 2800 3706 2871 ἀπεστάλη,
3764 2819 3888 2874 χει-

2244 2907 2428 2979 μάσων
2484 2886 2707 2958 έκεῖθεν.
2764 2900 2927 2970 Δόξας
2990 2895 3047 2952 δὶ
3106 2898 3182 2969 μὴ
3239 2895 3539 2967 τιμηθηναι
3592 2888 3751 2960 ἀξίως
3808 2886 3887 2979 (iw

2238 2993 2469 3065 ἤλπιζεν
2557 2989 2881 3046 ἀποστασίαν
2968 2986 3254 3056 ἐσκόπησε,
3335 2982 3427 3037 καὶ
3492 2980 3681 3035 αὐτίκα
3759 2975 3895 3037 τοὺς

2243 3064 2606 3143 συναντῶντας
2664 3076 3006 3156 φορολόγους
3073 3095 3129 3129 τε
3198 3071 3287 3126 καὶ
3346 3068 3576 3129 λοιποὺς
3640 3064 3893 3121 σκυλεύει

2241 3173 2331 3228 καὶ
2359 3170 2661 3248 διαρπάζει,
2696 3168 2857 3247 φόνον
2910 3164 2966 3221 δὲ
3013 3162 3303 3236 Ῥωμαίων
3349 3157 3536 3214 οὐδένα
3583 3156 3897 3232 εἴργάσατο.

492 3239 747 3341 ιθδδῖιιιι,
798 3239 879 3330 etc
904 3276 975 3330 de
1022 3239 1343 3329 defectione
1392 3239 2125 3343 seipsumexcusabat,e1

2245 3239 2461 3328 Πολλοί
2486 3267 2542 3323 δὲ
2556 3239 2733 3339 τούτω
2753 3266 2889 3339 πρὸς
2918 3266 3106 3337 μάχην
3130 3259 3415 3321 συστάντες
3442 3258 3782 3327 ἡττήθησαν.
3801 3255 3903 3343 ’,Εν

492 3365 733 3420 omnino
786 3363 1075 3419 malorum
1127 3380 1255 3434 qua:
1314 3362 1433 3417 sive
1483 3362 1705 3429 volens,
1755 3363 1875 3418 sive
1922 3362 2139 3417 invitus

490 3458 886 3526 perpetrasset
943 3451 1297 3509 oblivionem
1360 3451 1610 3521 petebat.
1666 3451 1889 3517 Quibus
1933 3456 2138 3523 postu-

490 3542 626 3598 latis
660 3543 867 3598 annuit
899 3542 1238 3613 imperator,
1272 3546 1329 3595 et
1359 3540 1554 3595 omnia
1584 3557 1711 3612 quae
1760 3540 1856 3595 ille
1901 3541 2143 3611 petierat

492 3631 750 3702 perfecit,
814 3630 922 3684 viri
992 3629 1359 3685 nobilitatem
1427 3634 1484 3684 et
1548 3630 1609 3683 in
1677 3628 1830 3683 bello
1895 3628 2140 3700 gloriam

487 3729 707 3785 veritus
766 3747 779 3784 :
834 3728 1051 3784 etenim
1119 3727 1466 3782 defectionis
1528 3731 1805 3798 tempore,
1861 3743 1990 3782 cum
2050 3726 2142 3779 in-

490 3818 727 3874 cidisset
777 3818 835 3873 in
889 3818 1207 3873 maximam
1255 3820 1575 3871 Turcorum
1627 3833 1892 3883 manum,
1941 3816 2140 3883 ingen-

488 3907 573 3963 tia
628 3925 806 3962 manu
862 3924 969 3962 sua
1021 3907 1280 3960 facinora
1327 3906 1611 3961 ediderat.
1660 3908 1729 3960 Et
1775 3906 2143 3976 progredien-

492 3995 535 4049 ti
589 3995 928 4066 imperatori
990 3994 1179 4049 instar
1230 3993 1378 4047 servi
1405 3994 1629 4048 obviam
1691 3994 1773 4047 fit.
1822 3993 2144 4063 Subitoque

496 4088 560 4137 ut
586 4084 814 4138 amicus
845 4100 911 4137 ac
943 4082 1260 4136 benevolus
1293 4082 1675 4152 sequebatur,
1708 4081 1911 4152 paucis
1942 4098 2141 4136 secum

496 4172 853 4242 quibusdam
886 4171 1179 4225 militibus
1210 4170 1480 4224 adductis
1514 4186 1525 4224 :
1560 4169 1707 4226 alios
1733 4170 1890 4226 enim
1938 4170 1997 4224 in
2035 4187 2141 4241 op-

500 4260 637 4330 pido
708 4259 1087 4315 Maurocastri
1171 4257 1510 4328 reliquerat,
1590 4260 1745 4328 quod
1830 4263 2145 4330 occuparat

494 4348 555 4403 in
601 4348 899 4414 Armenia,
952 4348 1013 4402 in
1073 4346 1189 4402 alto
1249 4346 1397 4401 colle
1456 4349 1737 4418 positum.
1798 4348 1909 4402 Sed
1970 4347 2142 4418 paulo

492 4441 645 4508 post,
730 4452 861 4491 cum
950 4436 1009 4490 in
1099 4434 1495 4505 suspicionem
1579 4436 1860 4502 venisset,
1946 4436 2143 4491 nescio

492 4525 631 4597 quid
664 4525 898 4582 crudele
941 4526 999 4579 in
1053 4525 1350 4595 propriam
1402 4524 1623 4579 tribum
1675 4528 2135 4596 perpetraturus,

2248 3358 2306 3415 δὶ
2332 3363 2410 3431 τῷ
2440 3358 2629 3429 θέματι
2671 3360 2778 3409 τῶν
2823 3355 3197 3428 ’Δρμενιακῶν
3246 3346 3679 3422 παραχειμάζων
3706 3343 3773 3431 -ὁᾷ

2248 3428 2778 3523 στάρχηςγΣαμουὴλ
2803 3445 2831 3498 ὁ
2856 3440 3231 3500 Ἀλουϊσιανὸς
3256 3439 3284 3492 6
3302 3428 3905 3523 _Boﬁ)tyupo:,&6:)tcp6:

2250 3538 2324 3593 ὥν
2477 3540 2573 3591 τοῦ
2610 3532 2878 3611 βασιλέως
2893 3525 3252 3607 γυναικὸς,ἤν
3284 3521 3677 3580 ἔτιῖδιωτεύων
3698 3519 3905 3597 ἠγάγε-

2248 3649 2332 3698 το,
2369 3625 2502 3699 μετᾶι
2530 3606 2636 3678 τῶν
2680 3621 2982 3693 Ἐσπερίων
3035 3619 3192 3673 πέντε
3233 3614 3525 3690 ταγμάτων
3557 3606 3906 3687 προσϐάλλει

2247 3721 2327 3788 τῷ
2376 3715 2660 3789 Κρισπίνῳ
2722 3711 2774 3782 ἐξ
2848 3707 3049 3786 ἐφόδου
3128 3707 3243 3761 κατ’
3313 3704 3484 3771 αὐτὴν
3536 3701 3634 3768 τὴν
3689 3700 3906 3789 ἡμέραν

2248 3784 2349 3875 της
2393 3784 2754 3868 ἀναστάσεως,
2792 3784 2897 3853 τοῦν
2938 3799 3127 3873 Πάσχα
3179 3792 3345 3872 φημί.
3396 3790 3808 3859 Συναισθήσεως
3841 3784 3901 3841 δὲ

2250 3893 2549 3970 γενομένης
2575 3896 2692 3952 τοῖς
2736 3887 3011 3964 Φράγγοις
3053 3885 3338 3961 φεύγουσιν
3384 3882 3435 3934 οἱ
3485 3881 3776 3952 Ῥωμαῖοι,
3808 3877 3901 3930 καὶ

2252 3966 2414 4059 ιρὸνος
2463 3983 2671 4035 τούτων
2718 3977 2918 4054 γίνεται
2965 3972 3139 4035 πολὺς
3190 3972 3281 4026 καὶ
3328 3968 3557 4045 ζωγρεία
3594 3966 3902 4039 ἀμύθητος.

2249 4082 2440 4153 ’Ὀμως
2471 4076 2539 4146 δὴ
2573 4077 2665 4131 οὗν
2711 4072 3115 4153 φιλανθρώπως
3165 4069 3353 4129 αὐτοῖς
3406 4064 3667 4127 διατεθεὶς
3698 4062 3907 4122 πάντας

2250 4152 2445 4244 ἀφῆκε,
2484 4163 2695 4239 μᾶλλον
2728 4152 2837 4236 μὶν
2885 4160 2977 4217 οὗν
3034 4159 3123 4215 καὶ
3189 4156 3316 4219 τοὺς
3373 4152 3681 4228 πληγέντας
3744 4171 3911 4204 νοσο-

2250 4240 2538 4330 κομεῖσοαι
2569 4250 2901 4329 παρέδωκεν.
2955 4252 3041 4307 Ἐν
3090 4252 3169 4319 τῷ
3200 4240 3577 4330 Δορυλαίῳῗδὶ
3614 4241 3916 4330 γενόμενος

2251 4348 2280 4400 6
2327 4328 2588 4421 βασιλεὺς
2637 4328 2923 4416 πρεσϐείαν
2976 4342 3074 4392 τοῦ
3120 4334 3423 4421 Κρισπίνου
3472 4329 3707 4421 ἐδέξατο,
3768 4328 3914 4421 δμο-

2253 4416 2446 4507 λογίαν
2470 4454 2529 4487 τε
2562 4439 2661 4500 τῆς
2695 4428 3018 4489 δουλώσεως
3045 4427 3136 4480 καὶ
3164 4425 3263 4492 τήν
3296 4418 3599 4493 ἀπολογίαν
3631 4423 3734 4486 τῆς
3762 4416 3915 4471 ἀντι-

2251 4523 2471 4582 στασίας
2526 4522 2813 4598 φέρουσαν,
2860 4516 2951 4571 καὶ
3001 4513 3190 4574 ἁπλῶς
3240 4508 3539 4584 ἀμνηστίαν
3585 4510 3765 4560 κακῶν
3799 4509 3913 4559 τῶν

492 4591 647 4685 quod
713 4631 833 4669 suae
891 4591 1177 4669 voluntati
1240 4630 1355 4668 non
1411 4591 1835 4681 obsequeretur
1898 4614 2125 4680 (etenim

2250 4612 2377 4687 παρ’
2427 4591 2603 4664 αὐτοῦ-
2635 4604 3028 4683 πεπραγμένων
3081 4600 3186 4657 εἷίτε
3234 4599 3455 4659 ἑκόντος
3494 4594 3600 4651 εἷ’τε
3656 4591 3915 4655 ἄκοντος.

496 4702 789 4773 perfidum
850 4707 907 4757 et
963 4701 1312 4772 inexplebile
1377 4703 1728 4757 Francorum
1788 4718 1972 4773 genus
2036 4708 2145 4769 est,

496 4790 616 4846 imo
648 4792 825 4845 etiam
857 4791 1181 4863 ingratum,
1219 4795 1274 4845 et
1307 4790 1515 4846 multis
1546 4791 1969 4847 offensionibus
2020 4807 2146 4846 ma-

496 4895 614 4952 gna
693 4880 941 4936 crimina
1020 4879 1341 4936 exsuscitat
1422 4885 1478 4935 et
1545 4880 2012 4951 perturbationes
2078 4896 2145 4936 ac

495 4958 839 5039 seditiones,
882 4969 1098 5041 quibus
1148 4975 1429 5039 tanquam
1489 4968 1717 5024 delictis
1775 4968 2143 5039 oblectatur),

494 5067 786 5123 exercitus
852 5068 1097 5139 imperio
1163 5068 1470 5122 abdicatus
1540 5069 1669 5135 fuit,
1734 5085 1847 5122 non
1920 5068 2144 5124 sincere

495 5156 818 5224 convictus,
854 5158 952 5212 sed
987 5162 1216 5212 tantum
1249 5174 1282 5211 a
1313 5158 1567 5228 quodam
1609 5158 1876 5212 Nemizzo
1928 5155 2144 5211 illustri

495 5251 830 5302 accusatus.
857 5246 1098 5302 Sodales
1128 5246 1282 5301 680
1313 5263 1444 5300 vero
1478 5246 1663 5315 ipsius
1707 5246 1903 5316 iniquo
1948 5246 2142 5301 animo

492 5334 552 5387 id
612 5335 769 5403 passi
830 5352 899 5390 ex
952 5335 1167 5405 Oppido
1227 5334 1468 5404 profecti
1536 5335 1593 5389 in
1656 5335 2141 5404 Mesopotamiam

497 5438 558 5476 se
591 5423 903 5494 recipiunt,
941 5424 1246 5494 multaque
1275 5424 1493 5478 damna
1524 5424 1604 5478 ibi
1635 5423 2143 5479 commorantibus

501 5508 890 5564 intulere.Ubi
915 5527 1049 5565 vero
1072 5511 1394 5581 imperator
1417 5528 1548 5564 cum
1573 5512 1827 5565 exercitu
1857 5511 1925 5565 ad
1952 5514 2138 5564 Cresa-

503 5611 662 5651 ream
714 5600 996 5669 pervenit,
1045 5599 1429 5671 cognovitque
1475 5600 1767 5670 ingentem
1820 5605 2142 5654 Turcorum

503 5700 747 5741 manum
803 5687 1097 5758 regionem
1133 5689 1476 5758 depraedari,
1503 5690 1820 5758 quamdam
1855 5691 2144 5743 exercitus

2253 4681 2350 4762 Οἷς
2384 4701 2658 4768 ὑπήκουσε
2700 4681 2788 4750 καὶ
2828 4696 2856 4749 6
2901 4691 3173 4768 βασιλεὺς,
3205 4690 3295 4743 καὶ
3346 4686 3524 4743 πάντα
3571 4683 3669 4738 ὅσα
3712 4681 3914 4756 ἐξῃτή-

2254 4809 2382 4843 σατο
2430 4785 2819 4860 κατεπράξατο,
2873 4784 2936 4838 τὸ
2988 4781 3078 4835 τοῦ
3123 4776 3315 4851 ἀνδρὸς
3371 4778 3619 4853 γενναῖον
3650 4772 3738 4827 καὶ
3772 4773 3918 4846 πρὸς

2251 4877 2382 4939 τοὺς
2414 4875 2697 4948 πολέμους
2745 4869 3026 4947 περίδοξον
3077 4864 3503 4939 καταιδούμενος
3536 4882 3550 4895 ·
3605 4860 3697 4916 καὶ
3728 4860 3837 4948 γάρ
3862 4862 3917 4948 έν

2250 4968 2330 5037 τῴ
2358 4972 2460 5033 τῆς
2522 4946 2851 5022 ἀποστασίας
2908 4962 3083 5031 καιρῶ
3130 4956 3381 5031 Τούρκων
3426 4950 3667 5026 ἐντυχὼν
3700 4946 3924 5037 πληθύϊ

2252 5035 2445 5126 πολλῇ
2484 5050 2725 5126 μεγάλας
2772 5046 3125 5122 ἀνδραγαθίας
3184 5043 3243 5098 ἐκ
3291 5041 3478 5118 χειρὸς
3519 5035 3923 5111 ἀπειργάσατο.

2256 5158 2332 5220 [Ρ.
2383 5152 2511 5223 830]
2570 5149 2672 5205 Καὶ
2748 5145 2995 5222 προϊόντι
3067 5147 3148 5213 τῷ
3225 5138 3440 5216 βασιλεῖ
3515 5131 3928 5223 δουλοπλρεπῶς

2252 5243 2481 5310 ἅπαν-τᾷ,
2536 5240 2627 5292 καὶ
2706 5235 2858 5299 αὖθις
2930 5235 3003 5294 ὡς
3078 5229 3261 5292 εὔνους
3329 5226 3627 5292 συνείπετο,
3690 5221 3923 5297 ὀλίγους

2250 5330 2398 5390 τινὰς
2454 5328 2788 5403 στρατιώτας
2841 5322 3174 5397 ἐπαγόμενος
3216 5337 3228 5350 ⁶
3284 5316 3426 5372 εἷάσι
3473 5315 3577 5391 γὰρ
3626 5312 3751 5403 τοὺς
3816 5309 3920 5366 ἅλ-

2253 5420 2385 5481 λους
2432 5417 2483 5472 έν
2521 5398 2613 5489 ⁷τῷ
2670 5418 2766 5470 τοῦ
2811 5412 3240 5487 Μαυροκάστρου
3298 5405 3628 5477 πολίσματι,
3687 5398 3750 5489 ού
3789 5401 3918 5489 ,τήν

2251 5507 2575 5580 κατάσχεσιν
2630 5504 2927 5573 ἐποιήσατο
2975 5500 3025 5553 ἐν
3076 5504 3155 5570 τῷ
3204 5497 3567 5568 Ἀρμενιακῷ,
3601 5489 3689 5544 ἐπὶ
3730 5486 3918 5563 λόφου

2250 5576 2482 5669 mss-I9
2518 5592 2756 5668 ὑψηλοῦ.
2792 5592 2915 5646 Μετ’
2966 5587 3155 5663 ὀλίγον
3208 5583 3264 5641 δὲ
3310 5579 3631 5653 ὑπονοηθεὶς
3663 5576 3823 5651 ὠμόν
3860 5598 3915 5669 τι

2251 5667 2635 5756 διαπράξασθαι
2685 5679 2760 5741 εἰς
2806 5679 2904 5747 τήν
2962 5675 3161 5731 οἰκείαν
3214 5672 3390 5751 φυλὴν
3450 5672 3526 5743 μὴ
3578 5667 3917 5740 συναιρομέ-
