4078 6336
225 363 359 425 409

1752 362 2146 426 HISTORIA.

3534 367 3654 429 410

227 516 333 566 νην
385 494 532 566 αύτῷ
585 493 638 550 ἰν
680 499 801 559 τοῖς
851 493 1210 572 βουλομένοις
1256 495 1369 566 (καὶ
1407 493 1506 570 γὰρ
1536 493 1624 550 καὶ
1659 494 1882 549 ἄπιστον

2011 501 2228 570 partem
2267 499 2548 556 adversus
2594 500 2753 572 ipsos
2778 499 2938 556 misit
2965 519 2980 568 ;
3011 515 3188 572 quam
3223 499 3438 556 infecta
3467 515 3528 556 re
3557 501 3654 555 fu-

230 582 326 638 καί
359 581 641 654 ἄπληστον
687 605 750 640 το
800 588 954 660 γένος
997 589 1104 639 τῶν
1134 586 1422 661 Φράγγων,
1458 583 1671 657 μᾶλλον
1714 581 1889 638 δὲκαὶ

232 673 559 747 ἀχάριστον,
608 673 698 727 καὶ
756 671 997 737 πολλοῖς
1050 673 1352 746 πταίσμασι
1417 671 1660 748 μεγάλας
1716 672 1890 735 αΐτίας

235 762 518 838 ἐπεγεῖρον
575 763 665 817 καὶ
721 764 966 838 ταραχὰς
1024 763 1113 817 καὶ
1173 761 1527 829 ἀποστασίας,
1576 764 1661 824 αἷς
1709 761 1890 838 ἐντρυ-

233 854 456 928 φήματι
515 851 790 926 γάννυται)
850 851 1178 930 ἀπεπέμφθη
1235 856 1333 906 τοῦ
1381 849 1765 926 στρατοπέδου,
1815 853 1890 924 μὴ

230 945 494 1014 καθαρῶς
528 942 621 1014 μὲν
651 940 952 1017 ἐλεγχθεὶς,
986 939 1112 997 ἀλλ’
1145 940 1180 1010 ἢ
1232 942 1395 1014 μόνον
1445 941 1591 1016 παρὰ
1621 940 1893 1013 Νεμίτζου

230 1029 383 1092 τινὸς
435 1029 710 1102 ἐπισήμου
753 1030 1168 1105 κατηγορηθείς.
1218 1031 1286 1086 Οἱ
1339 1027 1396 1084 δὲ
1450 1031 1653 1102 ἑταῖροι
1695 1028 1893 1084 τούτου

235 1120 330 1174 ἐπὶ
390 1120 470 1191 τῷ
526 1118 771 1195 γεγονότι
831 1118 1339 1190 δεινοπαθήσαντες,
1400 1117 1620 1192 ἄραντες
1681 1117 1741 1172 ἐκ
1795 1121 1893 1172 τοῦ

235 1208 531 1286 φρουρίου,
595 1210 696 1277 τήν
779 1207 1200 1280 Μεσοποταμίαν
1271 1203 1750 1280 καταλαμϐάνουσι
1802 1207 1891 1261 καὶ

232 1296 432 1353 πολλὰ
487 1298 627 1352 κακᾶ
673 1303 791 1361 τοῖς
840 1298 1012 1352 ἐκεῖσε
1055 1296 1386 1373 εἰργάσαντο.
1428 1296 1576 1353 Ἐπεὶ
1624 1295 1672 1350 δ’
1719 1297 1748 1350 6
1799 1297 1893 1370 βα-

236 1384 430 1448 σιλεὺς
483 1387 617 1459 μετὰ
659 1384 907 1456 πλήθους
956 1387 1083 1454 ἧκεν
1140 1385 1216 1447 είς
1268 1384 1613 1460 Καισάρειαν,
1642 1384 1894 1458 Τούρκων

234 1473 461 1545 πλῆθος
519 1472 665 1530 πολὺ
728 1475 912 1548 μαθὼν
967 1477 1066 1544 τὴν
1121 1475 1308 1550 χώραν
1369 1471 1708 1544 λεηλατοῦν,
1769 1472 1897 1526 ἀπέ-

234 1564 424 1620 στειλε
485 1566 650 1638 μέρος
715 1587 767 1620 τι
820 1568 920 1633 τῆς
979 1569 1231 1640 στρατιᾶς
1276 1565 1394 1618 κατ’
1450 1564 1648 1619 αὐτῶν.
1710 1560 1895 1632 Μηδὲν

237 1655 464 1722 ἀνύσας,
524 1653 671 1710 ἄλλα
732 1659 927 1731 φεῦγον
987 1651 1384 1726 ὑποδεξάμενος
1419 1693 1434 1721 ,
1493 1654 1896 1725 συντεταμένως

231 1757 339 1819 τῆς
408 1751 596 1827 πρόσω
650 1758 818 1830 φορᾶς
875 1751 1076 1828 εἷ’χετο.
1136 1753 1318 1822 Μήπω
1379 1748 1436 1805 δὲ
1497 1752 1636 1823 μήτε
1691 1752 1898 1827 τάφρου

1999 586 2255 658 gientem
2289 588 2604 660 excipiens,
2638 589 2960 644 continenti
3001 589 3208 645 itinere
3241 589 3488 644 ulterius
3520 606 3652 660 pro-

2001 677 2163 748 gredi
2196 693 2510 749 aggressus
2541 683 2649 733 est.
2683 678 2828 734 Cum
2882 679 3142 734 nondum
3192 695 3381 748 neque
3432 677 3651 734 vallum

2003 782 2191 836 neque
2245 768 2691 822 tabernaculum
2750 772 3153 823 constructum
3213 772 3388 836 esset,
3450 767 3652 822 hostes

2003 870 2344 925 apparuere,
2368 856 2467 926 qui
2501 855 2802 910 tutissima
2830 855 2955 910 loca
2984 855 3350 926 occupabant
3373 859 3430 910 et
3458 860 3654 910 tumu-

2003 944 2111 1000 los.
2148 944 2312 999 Edito
2330 951 2526 1000 autem
2549 944 2803 1000 clamore
2825 961 2955 998 cum
2982 945 3299 1016 imperator
3320 961 3446 1000 sese
3471 943 3653 1018 quieti

2005 1032 2248 1088 minime
2307 1031 2651 1097 dedidisset,
2701 1048 2902 1086 verum
2953 1030 3267 1088 classicum
3320 1032 3653 1096 cecinisset.

2005 1147 2340 1203 processere
2397 1131 2601 1185 ordine
2650 1129 2995 1202 phalanges,
3047 1129 3417 1202 sublatisque
3465 1130 3651 1196 signis

2006 1235 2338 1291 processere
2370 1219 2834 1274 adversariorum
2864 1217 3197 1288 plures.Sed
3224 1235 3356 1273 cum
3392 1218 3650 1292 legiones

2005 1313 2408 1380 occupassent,
2444 1325 2559 1363 una
2593 1308 2918 1379 Lycaonum
2952 1312 3087 1362 tunc
3131 1306 3444 1379 appellata,
3477 1306 3657 1362 altera

2007 1395 2469 1452 Occidentalium
2512 1395 2813 1466 copiarum
2847 1395 3019 1451 solito
3051 1395 3348 1464 audacior,
3375 1393 3655 1449 adversus

2010 1487 2206 1541 hostes
2239 1487 2482 1552 irruere,
2515 1502 2613 1540 eos
2645 1486 2712 1540 ad
2751 1485 2948 1556 fugam
2996 1484 3194 1539 statim
3217 1488 3478 1555 spectare
3525 1499 3658 1538 coe-

2008 1579 2239 1648 gerunt.
2264 1575 2331 1629 Et
2350 1590 2480 1629 cum
2516 1575 2830 1646 imperator
2862 1573 3154 1645 reliquum
3184 1572 3497 1628 exercitum
3525 1575 3660 1625 ante

2009 1663 2667 1738 produceret,reliquam
2689 1679 2921 1734 quoque
2939 1663 3194 1718 hostium
3220 1660 3659 1716 multitudinem

2017 1779 2150 1819 cum
2175 1762 2304 1818 aliis
2337 1762 2696 1833 fugientibus
2729 1760 2904 1816 simul
2937 1760 3137 1833 fugere
3167 1757 3471 1830 compulit.
3492 1759 3661 1813 Acce-

242 1843 388 1915 μήτε
445 1841 772 1912 σκηνώσεως
824 1843 1148 1918 γενομένης,
1208 1839 1474 1918 ἐφάνησαν
1535 1839 1586 1893 οἱ
1636 1836 1900 1910 πολέμιοι

2011 1852 2285 1907 dentibus
2315 1856 2510 1906 autem
2561 1849 2847 1905 militibus
2879 1854 2936 1905 et
2959 1849 3307 1921 Scytharum
3357 1862 3659 1903 mercena-

236 1932 307 1986 τᾶ
363 1929 704 2006 ἦρυμνότατα
759 1935 866 1985 τῶν
920 1929 1102 1985 τόπων
1163 1928 1487 2003 κατέχοντες
1539 1929 1628 1982 καὶ
1673 1927 1770 1989 τὰς
1803 1926 1901 1981 λο-

245 2019 395 2096 φιάς.
430 2025 577 2088 Βοῆς
631 2016 689 2073 δὲ
733 2017 1056 2092 γενομένης,
1092 2019 1167 2090 μὴ
1203 2014 1569 2078 ἐκδεδωκότος
1619 2019 1717 2070 τοῦ
1751 2016 1902 2091 βασι-

247 2107 391 2170 Λὲως
433 2107 620 2162 ἑαυτὸν
660 2105 977 2176 ἀναπαύσει,
1009 2105 1156 2162 ἀλλὰ
1207 2107 1269 2161 τὸ
1314 2105 1561 2161 ἐνυάλιον
1618 2103 1906 2158 σαλπίσαν-

240 2219 363 2268 τος,
410 2196 687 2270 προῄεσαν
740 2197 878 2252 κατὰ
930 2197 1077 2269 τάξιν
1137 2197 1193 2251 αἱ
1253 2194 1551 2270 φάλαγγες.
1615 2195 1900 2270 Ἀρθεισῶν

242 2284 303 2341 δὲ
346 2291 454 2341 τῶν
507 2291 760 2358 σημαιῶν
806 2285 1114 2360 προέκοψαν
1170 2285 1266 2359 μὲν
1313 2283 1420 2340 τῶν
1471 2283 1722 2339 ἐναντίων
1767 2282 1907 2338 πολ-

241 2374 356 2429 λοί*
416 2369 812 2449 προλαϐόντων
880 2371 937 2428 δὶ
993 2379 1098 2428 τῶν
1157 2375 1473 2450 ταγμάτων,
1531 2372 1586 2428 ἓν
1643 2373 1736 2444 μὶν
1794 2376 1901 2426 τῶν

241 2465 531 2520 Λυκαόνων
619 2461 916 2538 λεγόμενον
951 2508 967 2532 ,
1022 2460 1208 2535 ἕτερον
1287 2459 1345 2516 δὲ
1416 2466 1526 2516 τῶν
1608 2459 1905 2536 Ἑσπερίων

241 2553 519 2628 ἀριθμῶν,
576 2552 668 2608 καὶ
733 2556 830 2607 τοῦ
888 2553 1155 2623 συνήθους
1220 2549 1545 2626 θρασύτερον
1608 2550 1742 2604 κατᾶ
1798 2553 1906 2603 τῶν

242 2642 499 2697 ἐναντίων
558 2640 826 2696 ἐΛάσαντα
879 2641 1016 2716 πρὸς
1073 2641 1246 2717 φυγὴν
1306 2639 1460 2704 εὐθὺς
1511 2636 1722 2694 ἀπιδεῖν
1773 2659 1905 2692 κατ-

243 2729 557 2804 ηνάγκασαν
600 2775 612 2787 .
673 2724 1117 2806 Ηροϐιϐάζοντος
1189 2726 1248 2784 δὲ
1315 2733 1412 2784 τοῦ
1481 2727 1753 2803 βασιλέως
1803 2727 1902 2794 τὴν

245 2818 452 2888 λοιπήν
502 2820 778 2890 στρατιὰν,
823 2819 914 2873 καὶ
966 2819 1029 2873 τὸ
1081 2817 1275 2874 λοιπὸν
1326 2821 1542 2881 πλῆθος
1590 2820 1698 2871 τῶν
1737 2815 1904 2870 πολε-

247 2907 393 2980 μίων
441 2914 566 2962 τοῖσ
608 2907 866 2986 φεύγουσι
927 2905 1264 2982 συνδιέφυγε.
1317 2905 1630 2982 ΙΙαριόντων
1687 2903 1745 2959 δὲ
1795 2908 1903 2958 τῶν

245 3001 595 3071 στρατιωτῶν
669 2997 759 3051 καὶ
815 3001 914 3051 τοῦ
981 3000 1376 3074 μισθοφορικοῦ
1450 2999 1561 3049 τῶν
1630 2997 1853 3057 Σκυθῶν
1886 3036 1901 3062 ,

239 3101 355 3151 τῶν
387 3093 578 3164 Οὕζων
620 3094 788 3173 φημὶ,
836 3092 1012 3171 λόχος
1063 3094 1359 3170 Τουρκικὸς
1407 3094 1508 3148 οὐκ
1558 3091 1744 3168 ὀλίγος
1784 3096 1900 3152 τοῖς

236 3185 546 3256 Ῥωμαίοις
613 3185 963 3260 προσέπεσενο
1024 3182 1116 3246 οὓς
1189 3181 1469 3256 δεξάμενοι
1531 3183 1583 3236 o't
1654 3177 1900 3255 περιλει-

238 3273 465 3347 φθέντες
517 3271 593 3334 εἷς
667 3272 917 3351 φυλακὴν
995 3277 1362 3348 στρατιῶται,
1422 3269 1527 3346 πρὸ
1586 3271 1801 3325 πάντων
1853 3266 1900 3323 δ’

237 3362 292 3416 οἱ
342 3364 608 3436 Φράγγοι,
657 3361 748 3415 καὶ
797 3363 1144 3437 ἆγχεμάχως
1187 3359 1594 3434 συμπλακέντες
1642 3358 1734 3414 καὶ
1783 3359 1902 3413 ἱκα-

231 3455 352 3514 νῶς
401 3446 901 3523 άνθαμιλληθέντες
951 3449 1266 3525 ὶτρέψαντο,
1325 3446 1558 3522 μηδενὸς
1607 3452 1716 3503 τῶν
1751 3448 1903 3500 ἱστα-

238 3540 422 3612 μένων
493 3539 788 3615 ταγμάτων
835 3539 1158 3611 Ῥωμαϊκῶν
1226 3543 1342 3600 τοῖς
1399 3537 1676 3613 Φράγγοις
1737 3533 1902 3611 μέχρι

237 3629 333 3682 καὶ
395 3625 575 3692 ἁπλῆς
627 3629 806 3702 ὁρμῆς
864 3621 1413 3703 παραϐοηθήσαντος.
1473 3627 1557 3680 Ἐν
1616 3625 1797 3695 τούτῳ
1855 3620 1901 3676 δ’

241 3715 546 3791 ὑπέστρεψε
601 3718 693 3771 καὶ
749 3717 777 3771 ὁ
831 3714 1088 3792 βασιλεὺς
1131 3721 1235 3784 τῆς
1285 3712 1522 3784 διώξεως
1570 3714 1707 3786 πρὸς
1748 3711 1902 3766 ἐσπε-

237 3822 368 3881 ραν·
426 3805 549 3880 περὶ
611 3802 800 3875 δείλην
859 3805 962 3879 γὰρ
1018 3805 1238 3874 συνέστη
1295 3805 1323 3858 6
1381 3802 1660 3875 πόλεμος.
1717 3805 1795 3875 Τῇ
1856 3797 1903 3853 δ’

236 3892 502 3968 ἐπαύριον
561 3891 803 3966 δημοσίᾳ
845 3892 1067 3957 καθίσας
1110 3892 1238 3955 τοὺς
1285 3891 1594 3954 ἑαλωκότας
1639 3894 1747 3946 τῶν
1797 3911 1902 3944 πο-

237 3981 457 4054 λεμίων
513 3986 583 4056 τῇ
638 3981 923 4054 τελευταίᾳ
977 3984 1148 4057 ψήφῳ
1204 3979 1508 4057 παρέδωκε,
1564 3976 1798 4053 μηδενὸς
1837 3977 1900 4032 τὸ

236 4071 497 4143 παράπαν
548 4070 892 4148 φεισάμενος,
946 4068 1078 4143 μηδ’
1129 4071 1292 4126 αὐτοῦ
1337 4075 1434 4125 τοῦ
1482 4064 1752 4144 ἡγεμόνος
1799 4067 1900 4122 αὖ·

232 4165 381 4229 τῶν,
411 4158 455 4213 εί
486 4161 577 4213 καὶ
625 4157 854 4215 πολλῶν
904 4157 1118 4235 λύτρων
1153 4154 1312 4214 ὤνιον
1348 4159 1533 4214 ἑαυτὸν
1565 4159 1899 4226 ποιήσασθαι

235 4245 642 4322 ἐπηγγέλλετο.
696 4249 776 4322 [Ρ.
817 4250 944 4322 831]
991 4247 1401 4324 Τριημερεύσας
1458 4244 1516 4301 δὲ
1564 4247 1591 4300 6
1645 4243 1899 4321 βασιλεὺς

232 4337 287 4394 ἐν
344 4341 419 4410 τῇ
469 4331 821 4410 παρεμϐολῇ,
852 4341 932 4408 τῷ
962 4337 1340 4411 προτερήματι
1384 4333 1564 4408 τούτῳ
1609 4333 1772 4410 κόρον
1802 4333 1900 4389 λα-

225 4423 384 4497 ϐὼν,
414 4424 650 4486 πολλοῖς
696 4422 874 4480 ἄδειαν
909 4421 1110 4480 δέδωκε
1147 4429 1256 4480 τῶν
1297 4423 1547 4480 ἐναντίων
1590 4425 1900 4500 ἀποφυγῆς,

227 4526 312 4586 ὡς
386 4519 525 4594 μηδὲ
581 4525 682 4588 τῆς
743 4521 891 4584 λείας
932 4521 1286 4598 ἀποσχέσθαι.
1346 4523 1446 4578 Καὶ
1481 4521 1710 4582 ἀναστὰς
1760 4519 1898 4575 ἐκεῖ·

2014 1941 2139 2006 riis,
2175 1941 2301 1997 Uzis
2329 1940 2592 2010 inquam,
2628 1939 2782 1994 haud
2824 1938 3032 2010 exigua
3080 1937 3402 1993 Turcorum
3451 1935 3662 1991 cohors

2013 2029 2072 2083 in
2124 2029 2418 2083 Romanos
2466 2028 2717 2095 invasit;
2751 2044 2897 2099 quos
2947 2025 3300 2098 excipientes
3353 2023 3539 2079 relicti
3588 2023 3661 2078 ad

2014 2117 2338 2174 custodiam
2387 2117 2620 2184 milites,
2672 2122 2729 2172 et
2777 2122 2910 2171 ante
2959 2132 3164 2171 omnes
3209 2113 3436 2182 Franci,
3478 2112 3665 2169 comi-

2015 2223 2244 2278 nusque
2274 2207 2572 2279 congressi
2595 2211 2652 2262 et
2671 2205 2902 2260 abunde
2929 2203 3168 2275 praeliati
3194 2201 3665 2268 fuderunt,nulla

2013 2312 2082 2350 ex
2111 2295 2391 2351 Romanis
2412 2295 2766 2372 legionibus,
2792 2311 2919 2366 qua:
2944 2293 3024 2348 ibi
3045 2292 3248 2364 positae
3270 2295 3454 2358 erant,
3482 2291 3663 2346 Fran-

2014 2384 2098 2438 cis
2126 2382 2218 2438 vel
2250 2383 2502 2454 simplici
2537 2383 2758 2454 impetu
2785 2399 2950 2453 opem
2986 2383 3222 2438 ferente.
3260 2381 3484 2436 Interea
3517 2396 3666 2451 quo-

2015 2489 2129 2544 que
2178 2491 2209 2528 a
2257 2471 2662 2544 persequendo
2715 2471 2967 2526 redierat
3023 2470 3343 2541 imperator
3388 2469 3533 2524 681
3591 2469 3665 2523 ad

2014 2578 2318 2634 vesperam
2359 2578 2371 2616 :
2407 2578 2540 2616 nam
2575 2559 2919 2632 crepusculo
2951 2559 3136 2614 noctis
3183 2558 3500 2614 conﬂatum
3535 2557 3665 2612 fue-

2017 2655 2106 2705 rat
2138 2650 2417 2721 praelium.
2471 2649 2759 2704 Postridie
2789 2664 2922 2702 vero
2953 2646 3186 2719 publice
3234 2663 3337 2718 pro
3387 2645 3669 2701 tribunali

2015 2740 2226 2794 sedens
2259 2743 2460 2810 captos
2490 2737 2690 2793 hostes
2720 2741 2976 2792 extrema
3007 2736 3297 2792 sententia
3343 2734 3664 2803 damnavit,

2015 2827 2236 2883 nemini
2270 2843 2508 2898 prorsus
2540 2843 2805 2896 parcens,
2837 2842 2902 2880 ac
2952 2841 3024 2880 ne
3070 2824 3183 2896 ipsi
3233 2825 3473 2896 quidem
3506 2823 3664 2894 ipso-

2013 2933 2146 2972 rum
2179 2916 2335 2980 duci,
2369 2915 2606 2970 tametsi
2638 2914 2825 2970 multo
2875 2913 3058 2986 pretio
3110 2930 3171 2969 se
3219 2914 3663 2983 redempturum

2012 3005 2418 3078 pollicebatur.
2439 3004 2723 3060 Triduum
2756 3020 2889 3059 vero
2921 3003 2979 3057 in
3009 3003 3222 3058 castris
3253 3006 3517 3058 moratus
3550 3000 3664 3055 im-

2012 3099 2264 3167 perator,
2295 3094 2401 3149 hoc
2434 3108 2710 3164 prospero
2759 3107 3038 3147 successu
3088 3090 3362 3155 satiatus,
3393 3089 3666 3161 pluribus

2013 3183 2286 3239 hostibus
2330 3181 2669 3254 aufugiendi
2701 3180 2944 3236 liberam
2977 3179 3225 3252 prabuit
3270 3177 3665 3241 occasionem,

2013 3280 2098 3336 ita
2138 3285 2203 3336 ut
2252 3296 2322 3334 ne
2371 3297 2404 3335 a
2453 3280 2644 3348 praeda
2688 3278 2928 3350 quidem
2980 3294 3108 3334 sese
3151 3275 3562 3332 abstinuerint.
3601 3275 3668 3328 Et

2011 3369 2149 3425 inde
2179 3369 2474 3441 profectus
2505 3384 2538 3423 a
2567 3373 2729 3439 tergo
2760 3367 3022 3437 ipsorum
3058 3366 3384 3435 incedebat,
3410 3369 3467 3420 et
3499 3363 3664 3418 bidui

2012 3459 2204 3530 spatio
2236 3475 2270 3514 a
2298 3456 2566 3512 Melitene
2597 3455 2804 3510 castris
2839 3455 3045 3526 positis
3097 3455 3394 3510 statuebat
3442 3458 3664 3526 partem

2011 3548 2333 3619 quamdam
2383 3546 2673 3601 exercitus
2725 3543 2977 3599 divisam
3028 3542 3381 3614 relinquere,
3416 3547 3482 3598 ut
3511 3545 3668 3598 esset

2011 3635 2282 3691 hostibus
2314 3632 3012 3706 propugnaculum.0uod
3045 3631 3357 3686 consilium
3390 3647 3524 3686 cum
3554 3629 3669 3683 mi-

2013 3726 2168 3781 nime
2198 3739 2548 3796 generosum
2599 3723 2790 3776 visum
2840 3724 2998 3776 esset
3043 3725 3102 3776 et
3158 3719 3386 3784 inutile,
3438 3721 3668 3773 mutata

2012 3813 2322 3879 sententia,
2355 3815 2514 3866 recta
2545 3811 2615 3866 ad
2643 3809 2998 3882 Euphratem
3031 3807 3331 3864 contendit
3375 3807 3461 3862 Ad
3494 3806 3666 3877 cujus

2013 3902 2174 3974 ripas
2233 3898 2613 3956 tabernacula
2667 3898 2866 3953 hostes
2924 3901 3264 3967 posuerant,
3316 3898 3415 3966 qui
3464 3893 3664 3949 statim

2011 3990 2214 4046 audito
2245 3987 2619 4060 imperatoris
2650 3990 2853 4042 contra
2870 4001 2931 4041 se
2956 3989 3118 4040 motu
3142 3987 3530 4039 recesserunt.
3557 3984 3668 4036 Im-

2011 4086 2246 4152 perator
2276 4082 2468 4133 autem
2503 4080 2658 4132 recta
2689 4075 2760 4130 ad
2794 4071 3238 4144 Romanopolim
3277 4071 3664 4140 contendens,

2011 4174 2069 4223 et
2097 4167 2232 4222 inde
2281 4166 2352 4220 ad
2400 4165 2607 4221 Chleat
2654 4163 2946 4235 proficisci
2997 4161 3266 4230 studens,
3297 4160 3557 4232 quodam
3604 4157 3664 4212 in

2009 4255 2136 4312 loco
2167 4260 2360 4310 castra
2420 4253 2620 4325 ponit;
2656 4256 2711 4307 et
2746 4250 3100 4306 Philaretum
3159 4250 3305 4320 (erat
3334 4247 3427 4303 hic
3457 4261 3668 4318 genere

2011 4343 2418 4411 Brachamius)
2444 4343 2652 4396 ducem
2683 4356 2817 4394 cum
2850 4355 3084 4394 summa
3132 4342 3418 4409 potestate
3467 4333 3667 4391 decla-

2012 4438 2102 4488 rat
2135 4451 2148 4490 :
2182 4433 2366 4488 diviso
2389 4431 2546 4485 enim
2579 4429 2847 4484 bifariam
2896 4427 3152 4481 exercitu
3203 4425 3498 4480 fortiorem
3549 4423 3662 4495 ipsi

2012 4527 2242 4593 partem
2293 4519 2584 4583 attribuit,
2634 4515 2862 4572 homini
2912 4515 3224 4570 militarem
3287 4511 3662 4584 prudentiam

225 4627 326 4677 θεν
387 4610 611 4665 κατόπιν
662 4611 835 4666 αὐτῶν
887 4605 1118 4680 ἐϐάδιζε.
1167 4607 1780 4684 Στρατοπεδευσάμενος
1841 4605 1898 4662 δὲ

2011 4585 2258 4683 gloriose
2304 4607 2623 4680 profitenti,
2675 4607 2775 4661 sed
2834 4605 3024 4675 turpis
3053 4620 3118 4658 ac
3161 4601 3462 4658 dissolutae
3510 4602 3664 4668 vitis,

224 4704 312 4763 ὡς
379 4698 484 4754 ἀπὸ
541 4696 911 4772 διαστήματος
969 4702 1192 4773 ἡμερῶν
1249 4697 1344 4754 δύο
1401 4706 1502 4768 τῆς
1556 4695 1898 4769 Μελιτηνῆς,

223 4787 569 4847 ἐϐουλεύετο
650 4789 847 4862 μοῖράν
915 4807 1037 4842 τινα
1090 4791 1189 4842 τοῦ
1255 4791 1486 4861 στρατοῦ
1543 4785 1904 4860 μερισάμενος

223 4882 460 4958 ἀφεῖναι
517 4882 637 4939 τοῖς
688 4875 953 4939 ἐναντίοις
1010 4874 1386 4952 ἐπιτείχισμα,
1453 4875 1618 4937 αὐτὸς
1677 4872 1734 4929 δὲ
1791 4875 1903 4946 ἅμα

224 4967 408 5024 παντὶ
463 4971 544 5039 τῷ
600 4970 813 5042 στρατῷ
891 4965 1219 5040 ὑποστρέψαι
1287 4965 1424 5038 πρὸς
1497 4965 1564 5019 τὲ
1633 4963 1902 5040 βασίλεια.

225 5067 537 5139 ’Δγεννοῦς
591 5061 649 5118 δὲ
705 5068 806 5137 τῇς
871 5060 1078 5138 βουλῆς
1138 5060 1367 5132 δοξάσης
1433 5062 1525 5116 καὶ
1585 5061 1904 5139 ἀσυμφόρου

233 5153 617 5229 μεταθέμενος
696 5150 820 5215 εὐθὺ
899 5156 998 5206 τοῦ
1065 5151 1352 5228 Εὐφράτου
1433 5144 1697 5204 ὲϐσίδισεν⁸
1769 5151 1904 5219 ἦσαν

230 5245 353 5319 γὰρ
394 5241 537 5314 παρᾶ
563 5240 659 5301 τὰς
711 5235 883 5314 ὄχθας
931 5237 1094 5294 αὐτοῦ
1135 5238 1505 5312 ἑσκηνωμὲνοι
1533 5238 1588 5292 οἱ
1619 5235 1905 5310 πολὲμιοι,

232 5333 291 5386 οἳ
377 5329 468 5382 καὶ
526 5326 718 5382 αὐτίκα
793 5327 1092 5400 πυθόμενοι
1148 5331 1246 5398 την
1300 5333 1398 5384 τοῦ
1464 5325 1735 5404 βασιλέως
1792 5325 1910 5382 κατ’

235 5419 434 5475 αὐτῶν
488 5417 696 5487 κίνησιν
752 5417 1106 5492 ἀνεχώρησαν
1143 5459 1156 5473 .
1215 5418 1278 5474 Ὀ
1339 5414 1397 5472 δὲ
1474 5415 1726 5491 βασιλεὺς
1783 5415 1908 5470 εὐθὺ

266 5505 734 5578 Ρωμανοπόλεως
788 5504 1066 5572 ἐλαύνων,
1126 5506 1370 5560 κάκεῖθεν
1425 5507 1563 5580 πρὸς
1609 5505 1672 5560 τὸ
1732 5503 1912 5560 Χλὲατ

245 5595 593 5668 διαγενέσθαι
658 5593 1031 5670 βουλόμενος,
1081 5591 1136 5649 ’ἐν
1194 5615 1299 5649 τινι
1349 5595 1505 5666 τόπῳ
1563 5598 1912 5664 κατασκηνοῖ,

246 5686 348 5741 καὶ
385 5683 477 5739 τὸν
511 5683 812 5759 Φιλάρετον
845 5684 935 5754 (ἦν
970 5679 1027 5738 δὲ
1055 5687 1151 5738 τοῦ
1180 5687 1286 5739 τῶν
1321 5681 1655 5759 Βραχαμίων
1704 5679 1914 5757 γένους)

2008 4708 2471 4779 turpissimeque
2489 4703 2668 4758 vitam
2701 4719 2868 4758 suam
2894 4699 3264 4772 transigenti,
3289 4700 3506 4770 quique
3527 4714 3662 4753 cum

2007 4796 2214 4852 Turcis
2264 4795 2418 4849 varie
2477 4797 2787 4864 pugnaret,
2835 4791 2935 4845 sed
2978 4790 3035 4843 in
3087 4788 3326 4843 maximi
3378 4786 3662 4842 momenti

2011 4885 2186 4939 rebus
2213 4881 2542 4938 debellatus
2583 4880 2792 4945 fuerat,
2825 4881 2882 4933 et
2911 4877 3040 4932 ideo
3071 4874 3433 4946 contemptui
3486 4873 3664 4929 habe-

2011 4974 2222 5039 batur;
2254 4987 2366 5027 non
2401 4975 2597 5025 tamen
2629 4967 2701 5022 ab
2736 4967 2807 5021 iis
2838 4983 2896 5020 se
2925 4965 3282 5028 continebat,
3329 4964 3430 5019 sed
3482 4962 3668 5033 impe-

2014 5062 2167 5117 rium
2227 5059 2480 5115 militare
2539 5057 2611 5112 ob
2671 5056 2826 5111 682
2884 5053 3191 5108 avaritiam
3241 5057 3299 5107 et
3349 5051 3668 5123 peregrinas

2014 5149 2231 5206 militiae
2275 5145 2569 5219 stipendia
2623 5143 3011 5216 exspectabat.
3064 5143 3385 5212 Imperator
3413 5155 3548 5194 vero
3596 5139 3668 5192 ad

2014 5242 2211 5312 partes
2237 5236 2422 5310 magis
2446 5235 2635 5290 Boreas
2667 5234 2963 5303 subjectas
3001 5230 3266 5300 accessit,
3298 5233 3363 5284 ut
3395 5228 3473 5284 ibi
3505 5227 3668 5282 nives

2016 5332 2074 5384 et
2121 5343 2296 5398 quam
2344 5324 2638 5396 frigidam,
2673 5340 2706 5377 a
2736 5322 2976 5394 quibus,
3018 5320 3172 5391 quod
3223 5323 3379 5374 esset
3431 5331 3674 5387 corpore

2019 5416 2340 5472 admodum
2391 5413 2642 5477 calidus,
2677 5410 2788 5466 sibi
2821 5415 3147 5480 temperare
3180 5407 3481 5478 nequibat,
3515 5404 3674 5459 inve-

2021 5507 2191 5559 niret.
2245 5507 2714 5572 Progressusque
2747 5515 2846 5570 per
2870 5513 3074 5569 aspera
3105 5496 3372 5568 quaedam
3417 5500 3476 5550 et
3513 5493 3672 5548 diffl-

2023 5593 2158 5649 cilia
2215 5591 2341 5646 loca
2389 5591 2458 5644 ad
2511 5588 2704 5644 locum
2762 5587 3077 5658 quemdam
3136 5584 3379 5640 Anthias
3433 5583 3672 5640 nomine

2027 5679 2309 5754 pervenit,
2341 5678 2658 5733 herbarum
2708 5680 2768 5732 ct
2812 5673 2991 5732 tritici
3041 5672 3338 5730 fertilitate
3387 5676 3672 5745 praeten-
