4060 6344
441 330 556 393 411

1765 328 2095 392 JOANNIS
2138 327 2543 392 SCYLITZzE

3728 328 3857 388 MS

442 472 583 533 tem,
643 461 862 534 quique
918 462 1075 518 haud
1136 462 1489 519 mediocrem
1548 462 1953 535 suppeditaret
2007 461 2086 517 ibi

2206 463 2501 538 στρατηγὸν
2533 460 2889 518 ἀναδείκνυσι·
2938 459 3134 517 διελὼν
3182 461 3282 535 γὰρ
3316 458 3447 536 διχῆ
3500 459 3593 514 τὸν
3624 458 3853 534 στρατὸν

441 552 944 609 commorantibus
974 551 1443 615 oblectationem,
1477 553 1693 624 quippe
1748 569 1883 607 cum
1932 550 2093 606 illius

440 647 606 697 terra:
636 640 953 695 umbilicus
985 646 1162 695 esset.
1195 641 1335 696 Inde
1384 643 1644 696 Taurum
1688 647 1968 703 montem,
2001 640 2090 693 in-

441 731 781 801 digenarum
833 728 1034 801 lingua
1094 730 1435 784 Munzarum
1495 728 1849 800 appellatum
1898 732 2092 782 trans-

441 836 681 892 gressus
714 819 768 873 in
804 818 1102 890 regionem
1139 820 1376 874 nomine
1405 818 1706 875 Celzenem
1730 836 1789 873 se
1814 816 2087 886 contulit,

442 912 655 965 iterum
698 910 1047 963 transmisso
1099 909 1391 980 Euphrate
1444 909 1618 963 fluvio
1668 908 2092 978 przeterfluente

444 1014 509 1054 ac
568 997 881 1061 dividente,
934 1003 1215 1068 tanquam
1268 998 1541 1062 confinio,
1593 1002 1849 1051 montem
1895 997 2091 1065 ipsum

442 1091 498 1142 et
524 1085 843 1140 Celzenem.
881 1084 1092 1139 Milites
1122 1102 1253 1139 vero
1287 1102 1419 1140 cum
1474 1085 1758 1140 Philareto
1806 1084 1985 1139 relicti
2018 1085 2090 1139 ob

443 1177 753 1230 adventum
783 1174 1041 1228 hostium
1074 1180 1289 1229 terrore
1320 1173 1591 1245 completi
1623 1174 1931 1244 animoque
1964 1190 2091 1244 per-

444 1264 590 1319 culsi
625 1281 772 1335 pone
803 1264 1211 1335 imperatorem
1247 1264 1389 1319 locis
1423 1264 1638 1319 relictis
1672 1265 2089 1335 sequebantur,

446 1370 696 1426 quorum
730 1354 877 1424 ipsis
908 1354 1174 1407 custodia
1202 1355 1387 1406 fuerat
1419 1353 1758 1420 commissa,
1792 1352 1979 1423 quoad
2017 1352 2089 1405 ad

443 1459 507 1498 ea
538 1442 663 1497 loca
691 1460 817 1513 qua;
849 1442 1104 1495 diximus
1134 1443 1382 1497 Anthias
1422 1442 1611 1496 vocari
1661 1445 2086 1513 pervenerunt;

445 1532 544 1586 ubi
576 1548 708 1586 cum
742 1531 939 1586 hostes
971 1547 1203 1602 quoque
1236 1548 1267 1585 a
1301 1536 1458 1601 tergo
1492 1529 2089 1602 apparuissent,turpi

446 1638 507 1678 se
562 1622 709 1691 fugae
761 1620 845 1675 vel
878 1625 1011 1674 ante
1038 1626 1328 1674 certamen
1354 1621 1789 1684 commisere,et
1810 1620 1881 1673 ad
1906 1619 2088 1689 impe—

446 1716 695 1766 ratorem
729 1712 785 1763 in
820 1710 1118 1765 Celzenem
1150 1725 1211 1763 se
1243 1725 1272 1761 e
1297 1710 1540 1781 vestigio
1573 1708 1887 1763 contulere.
1932 1708 2086 1778 Ipso-

448 1816 698 1871 rumque
756 1798 1189 1870 impedimentis
1224 1798 1391 1869 potiti
1424 1802 1560 1851 sunt
1590 1797 1928 1852 adversarii.
1962 1797 2090 1853 Hazc

445 1888 526 1943 ita
569 1888 904 1943 renuntiata
950 1888 1268 1941 admodum
1322 1888 1736 1958 perturbarunt
1778 1886 2092 1957 imperato-

445 1976 697 2047 rem,qui
714 1986 839 2031 tum
863 1993 1099 2031 suorum
1125 1976 1350 2031 cladem
1370 1980 1492 2030 tum
1515 1975 1771 2029 hostium
1790 1974 2091 2029 victoriam

444 2065 600 2120 haud
662 2082 826 2135 isquo
880 2064 1099 2117 ferebat
1154 2063 1351 2117 animo
1395 2088 1407 2128 ;
1460 2080 1608 2133 quos
1667 2062 1777 2117 nisi
1838 2062 2090 2133 impera-

446 2152 592 2207 toris
642 2152 827 2221 ipsius
877 2151 1032 2205 fama
1075 2156 1292 2205 terrore
1324 2149 1676 2221 complesset
1714 2150 2094 2222 ipsorumque

446 2241 735 2312 impetum
769 2239 966 2310 aliqua
997 2255 1063 2293 ex
1097 2244 1257 2311 parte
1298 2240 1762 2311 compressisset,
1796 2240 1941 2294 nihil
1988 2240 2090 2295 0b-

448 2332 699 2386 stitisset
732 2329 885 2384 683
918 2329 1235 2400 quominus
1285 2329 1615 2384 universam
1665 2334 1880 2384 terram
1933 2328 2092 2383 illam

448 2418 781 2489 depopulati
814 2418 1083 2473 funditus
1114 2419 1476 2474 evertissent.
1516 2420 1867 2475 Recedentes
1915 2419 2093 2490 igitur

446 2512 607 2562 recta
635 2509 691 2561 in
725 2507 1015 2579 regionem
1050 2509 1451 2580 Cappadocum
1496 2509 1666 2563 solito
1714 2526 1873 2563 more
1920 2508 2091 2563 vehe-

447 2600 673 2653 menter
728 2598 1180 2663 contendebant,
1232 2614 1297 2652 ex
1349 2597 1553 2653 itinere
1612 2598 1667 2652 in
1729 2613 2091 2669 quaecunque

447 2686 773 2741 inciderant
823 2687 1174 2756 praadautes,
1220 2691 1276 2741 et
1324 2704 1458 2742 cum
1513 2687 1672 2741 omni
1723 2688 1978 2742 exercitu
2032 2686 2090 2741 in

441 2775 617 2831 lconii
669 2774 1093 2846 rempublicam
1144 2775 1508 2845 invadentes,
1561 2793 1685 2847 quae
1735 2782 1790 2831 et
1836 2776 2091 2830 virorum

445 2862 823 2919 multitudine
882 2867 937 2918 et
986 2864 1296 2919 domorum
1348 2869 1521 2935 atque
1572 2864 1817 2919 aliarum
1872 2880 2091 2929 rerum,

444 2970 569 3024 qua:
602 2953 736 3007 usui
769 2957 929 3022 sunt,
962 2953 1128 3024 copia
1159 2954 1494 3024 praastabat.
1531 2955 1847 3024 Imperator
1893 2958 2090 3009 autem

443 3043 502 3097 in
564 3041 822 3111 Celzene,
857 3059 990 3097 cum
1040 3059 1138 3097 eos
1166 3042 1264 3113 qui
1298 3042 1565 3113 dissipati
1616 3043 1884 3114 fugerant
1924 3058 2091 3097 exce-

442 3130 644 3203 pisset,
670 3148 740 3185 ne
771 3131 842 3185 ab
873 3130 1183 3194 Armeniis,
1216 3132 1371 3201 quod
1414 3131 1627 3186 deserti
1689 3136 1903 3201 essent,
1938 3130 2091 3201 peri-

2198 552 2261 605 τὸ
2312 550 2663 627 ἰσχυρότερον
2713 552 2862 623 αὐτῷ
2903 548 3237 618 ἐπιδίδωσιν,
3288 546 3437 622 ἀνδρὶ
3485 548 3852 623 στρατηγικὴν

2204 640 2299 709 μὶν
2331 640 2593 715 αὐχοῦντι
2638 642 2945 716 περιωπήν,
2996 639 3229 714 αἰσχροῦ
3273 636 3330 692 δὲ
3380 637 3499 713 βίου
3554 636 3643 691 καὶ
3695 635 3850 710 ἐπιρο

2203 728 2370 803 ῥήτου
2416 729 2766 805 τυγχάνοντι,
2820 729 2909 784 καὶ
2960 727 3252 802 αἶίσχίστως
3292 728 3391 795 τὴν
3425 727 3615 780 ἑαυτοῦ
3650 726 3848 798 βιοτὴν

2202 816 2490 887 διανόοντι,
2540 820 2628 873 καὶ
2678 818 3038 894 μαχεσαμένῳ
3090 817 3182 889 μὲν
3233 822 3349 877 τοῖς
3407 814 3664 887 Τούρκοις
3725 812 3850 868 δια-

2201 906 2406 983 φόρως,
2467 906 2517 961 ἐν
2570 913 2688 970 τοῖς
2748 908 3025 981 μεγίστοις
3076 903 3133 959 δὲ
3192 903 3696 976 καταπολεμηθέντι
3754 903 3848 956 καὶ

2203 993 2290 1051 διὰ
2342 1001 2503 1052 τοῦτο
2556 996 3054 1073 καταφρονηθέντι,
3118 995 3181 1049 οὐ
3245 996 3350 1067 μὴν
3412 991 3456 1047 δ’
3515 992 3855 1067 ἀπεχομένῳ

2200 1086 2415 1155 τούτου,
2467 1085 2592 1141 ἀλλ’
2642 1087 2983 1161 ὲπιτρέχοντι
3032 1088 3099 1157 τῇ
3149 1083 3412 1157 ἡγεμονίᾳ
3459 1080 3546 1137 διὰ
3593 1084 3856 1159 φιλοκερ-

2202 1172 2343 1238 δείας
2393 1177 2479 1230 καὶ
2544 1175 2846 1249 φιλοξενίας
2901 1174 3172 1228 ὑπόθεσιν.
3217 1174 3338 1229 Τῶν
3388 1169 3444 1226 δὲ
3492 1169 3852 1246 βορειοτὲρων

2205 1266 2381 1337 μερῶν
2421 1266 2448 1318 ὁ
2495 1264 2749 1339 βασιλεὺς
2800 1259 3098 1318 ἐπελάϐετο
3150 1260 3217 1316 δι’
3270 1261 3473 1335 εὕρεσιν
3518 1260 3708 1335 χιόνος
3760 1258 3854 1313 καὶ

2202 1351 2407 1407 ὑδάτων
2440 1357 2686 1428 ψυχρῶν·
2732 1353 2980 1429 ἀκρατῶς
3026 1352 3125 1427 γὰρ
3178 1350 3293 1425 εἶχε
3332 1350 3562 1417 τούτων,
3594 1349 3654 1403 τὸ
3688 1353 3856 1420 σῶμα

2200 1442 2333 1495 κατά
2389 1441 2532 1497 πολὺ
2592 1440 3129 1514 διαθερμαινόμενος.
3193 1438 3430 1495 Διελθὼν
3493 1436 3551 1493 δὲ
3599 1435 3689 1492 διὰ
3715 1458 3854 1512 τρα-

2198 1531 2343 1606 χέων
2394 1532 2485 1585 καὶ
2526 1526 2803 1585 δυσϐάτων
2865 1530 3046 1585 τόπων
3106 1527 3182 1592 είς
3237 1548 3355 1582 τινα
3400 1527 3568 1582 τόπον
3614 1524 3853 1600 λεγόμε-

2196 1642 2283 1674 νον
2344 1621 2556 1683 Ἀνθίας
2615 1620 2936 1690 κατήντησε·
2993 1617 3278 1693 ποηφόρος
3338 1614 3395 1670 δὲ
3452 1617 3479 1670 ὁ
3536 1614 3705 1676 τόπος
3760 1614 3856 1668 καὶ

2198 1709 2505 1787 σιτοφόρος,
2555 1709 2644 1764 καὶ
2697 1708 3027 1784 ψυχαγωγία
3076 1707 3137 1761 οὐ
3195 1706 3362 1781 μικρά
3408 1710 3525 1769 τοῖς
3576 1704 3626 1759 ἐν
3667 1704 3854 1775 τούτῳ

2198 1798 2535 1871 καταίρουσι,
2597 1798 2686 1853 καὶ
2765 1802 2880 1853 οἷον
2955 1795 3204 1875 ὀμφαλὸς
3280 1794 3486 1865 ἐκείνης
3556 1801 3655 1864 τῆς
3721 1798 3850 1870 γῆς.

2204 1890 2431 1944 Ἐκεῖθεν
2490 1885 2549 1942 δὲ
2618 1889 2709 1942 τὸν
2769 1891 2977 1962 Ταῦρον
3034 1887 3096 1941 τὸ
3155 1884 3323 1957 ὅρος,
3380 1886 3469 1939 τὸν
3530 1884 3852 1959 ἐπιχωρίως

2200 1977 2539 2049 καλούμενον
2580 1975 2919 2049 Μοόνζαρον,
2975 1969 3210 2051 ὑπερϐάς
3258 1974 3334 2036 εἷς
3385 1975 3483 2041 τὴν
3527 1972 3849 2043 Κελτζηνῆν

2204 2066 2508 2141 λεγομένην
2589 2066 2776 2142 χώραν
2834 2066 3171 2137 κατήντησε,
3225 2063 3286 2118 τὸ
3345 2060 3591 2139 δεύτερον
3653 2056 3848 2124 διαϐὰς

2200 2157 2291 2210 τὸν
2334 2155 2619 2233 Εὐφράτην
2668 2154 2914 2227 ποταμὸν
2966 2152 3338 2230 παραρρέοντα
3392 2150 3481 2207 καὶ
3536 2149 3853 2226 διαιροῦντα

2199 2245 2261 2299 τό
2310 2266 2366 2299 τε
2412 2241 2535 2317 ὄρος
2587 2243 2675 2298 καὶ
2724 2244 2821 2312 τήν
2871 2242 3193 2313 Κελτζηνὴν
3242 2241 3421 2316 ὥσπερ
3471 2242 3747 2316 μεθόριον.
3783 2241 3854 2297 Οἱ

2203 2332 2259 2388 δὲ
2320 2334 2452 2405 μετά
2504 2337 2598 2387 τοῦ
2657 2332 2963 2408 ΦιΛαρέτου
3011 2330 3456 2405 καταλειφθέντες
3502 2334 3855 2402 στρατιῶται,

2202 2422 2252 2493 ἐξ
2310 2421 2618 2497 ἐπιφανείας
2675 2426 2782 2476 τῶν
2842 2420 3094 2475 ἐναντίων
3143 2420 3333 2483 πτοίας
3382 2418 3715 2490 πλησθέντες
3762 2418 3855 2473 καὶ

2200 2514 2293 2573 τὰς
2350 2511 2529 2586 ψυχὰς
2589 2512 3020 2573 κατασεισθὲντες
3055 2554 3068 2579 ,
3126 2510 3350 2564 κατόπιν
3404 2513 3502 2563 τοῦ
3578 2506 3857 2583 βασιλέως

2202 2597 2498 2671 ἐϐάδιζον,
2557 2599 2684 2661 τοὺς
2760 2602 2960 2661 τόπους
3032 2598 3249 2673 ἀφέντες
3310 2599 3382 2651 ὧν
3439 2599 3539 2666 τὴν
3595 2595 3853 2673 φυλακὴν

2202 2689 2593 2763 ἐπετράπησαν,
2623 2686 2727 2752 ἕως
2783 2688 2858 2751 εἰς
2910 2688 3036 2750 τοὸς
3088 2686 3413 2763 εῗρημένους
3465 2686 3673 2749 Ἀνθίας
3717 2707 3853 2740 κατ-

2200 2782 2457 2849 ἤντησαν.
2521 2777 2797 2832 Κάνταῦθα
2854 2774 2911 2831 δὲ
2966 2781 3071 2832 τῶν
3132 2774 3416 2848 πολεμίων
3476 2776 3747 2847 φανέντων
3800 2773 3853 2847 ἐξ

2201 2867 2461 2943 οὐραγίας
2522 2866 2767 2942 αἰσχρῶς
2820 2873 2919 2935 τῆν
2982 2866 3159 2940 φυγὴν
3212 2866 3300 2919 καὶ
3356 2865 3464 2940 πρὸ
3512 2868 3608 2919 τοῦ
3648 2864 3854 2938 ἀγωνί-

2201 2977 2406 3028 σματος
2456 2954 2692 3020 ε’ίλοντο,
2742 2955 2831 3009 καὶ
2882 2956 3018 3029 πρὸς
3061 2954 3153 3009 τὸν
3203 2951 3428 3029 βασιλέα
3472 2952 3547 3014 εἷς
3577 2954 3674 3022 τὴν
3711 2952 3851 3007 Κελ-

2199 3046 2401 3114 τζηνὴν
2433 3039 2732 3099 κατέλαϐον
2783 3042 2842 3097 ἐκ
2889 3041 3057 3106 ποδός
3129 3045 3244 3111 Τῆς
3286 3040 3342 3097 δέ
3388 3063 3447 3117 γε
3478 3042 3683 3097 τοότων
3715 3042 3854 3096 ἀπο-

2204 3136 2395 3201 σκευῆς
2450 3132 2500 3187 οί
2558 3131 2789 3187 ἐναντίοι
2847 3133 3093 3207 γεγόνασι
3151 3130 3332 3207 κύριοι
3368 3173 3378 3186 .
3440 3133 3600 3187 Ταῦθ’
3677 3130 3855 3193 οῧτως

442 3199 589 3289 rent,
619 3236 768 3291 pone
798 3219 998 3275 hostes
1031 3199 1276 3273 redibat.
1311 3218 1573 3290 Cumque
1619 3199 1903 3288 judicium
1938 3199 2086 3274 inter

2203 3220 2533 3297 ἀγγελθέντα
2588 3219 2762 3276 πολὺν
2806 3222 2962 3291 ἐνῆκε
3007 3226 3087 3292 τῷ
3159 3219 3373 3295 βασιλεῖ
3425 3220 3515 3273 τὸν
3560 3220 3854 3294 ἐναγώνιον

442 3310 653 3363 ducem
685 3313 744 3363 et
776 3308 989 3363 milites
1050 3308 1477 3378 constituisset,
1534 3308 1677 3362 nulli
1731 3308 1876 3379 parti
1926 3307 2086 3363 litem

440 3396 819 3466 adjudicavit,
851 3414 982 3450 cum
1024 3396 1131 3451 hoc
1173 3396 1362 3450 solum
1412 3396 1777 3467 exploratum
1826 3397 2086 3466 haberet,

440 3489 674 3556 excepto
706 3485 1057 3555 imperatore
1090 3484 1234 3539 nihil
1266 3502 1393 3539 esse
1426 3484 1582 3539 aliud
1624 3486 1776 3556 quod
1810 3486 2088 3541 Romanis

439 3574 692 3629 conflare
724 3573 941 3629 bellum
974 3575 1178 3645 possit,
1213 3576 1367 3645 quod
1404 3574 1657 3627 maxima
1710 3592 1842 3645 pars
1870 3575 2085 3629 exerci-

436 3667 533 3718 tus
567 3668 701 3717 ante
732 3664 1069 3735 defatigata,
1104 3662 1200 3729 sit,
1234 3669 1288 3717 et
1321 3663 1476 3733 quod
1512 3664 1688 3717 duces
1712 3663 1889 3717 velint
1908 3663 1991 3717 vel
2013 3663 2083 3717 ob

436 3754 676 3825 exiguos
711 3769 1020 3823 prosperos
1054 3768 1365 3807 successus
1400 3752 1685 3807 maximos
1715 3751 1823 3807 sibi
1858 3757 1913 3805 et
1960 3753 2086 3806 suis

434 3841 687 3896 honores
718 3846 775 3895 et
804 3842 1043 3912 prwmia
1092 3842 1401 3911 spondere,
1436 3846 1559 3895 tum
1594 3840 1769 3895 etiam
1802 3842 1952 3911 quod
1986 3840 2085 3894 alii

436 3931 631 3985 minus
680 3931 901 3985 alacres
934 3931 1005 3984 ad
1040 3934 1282 3984 strenua
1330 3934 1385 3985 et
1434 3928 1623 3984 virilia
1676 3930 1932 3985 facinora
1981 3946 2082 4001 pa-

430 4020 641 4074 tranda
672 4020 1029 4086 reddantur;
1064 4020 1217 4089 quod
1252 4020 1493 4089 quidem
1523 4024 1805 4091 praesente
1839 4019 2084 4090 impera-

431 4114 557 4163 tore
584 4106 707 4161 fieri
740 4108 962 4177 nequit,
997 4124 1130 4162 cum
1163 4108 1288 4177 ipse
1321 4108 1498 4163 rebus
1550 4125 1806 4179 praesens
1856 4109 2085 4163 omnia-

437 4213 552 4268 que
609 4196 871 4267 quotidie
945 4196 1312 4266 conspiciens
1389 4196 1721 4250 laborantes
1788 4214 1891 4268 pro
1959 4202 2085 4252 rata

437 4284 707 4340 laborum
759 4289 920 4356 parte
968 4288 1460 4340 remuneraretur.
1515 4287 1832 4357 Imperator
1887 4291 2081 4341 autem

435 4391 537 4446 per
568 4372 855 4428 coloniam
888 4378 943 4429 et
977 4372 1383 4428 Armeniorum
1432 4374 1726 4446 regionem
1775 4392 1960 4446 usque
2011 4377 2081 4431 ad

430 4463 729 4518 Sebastem
781 4479 915 4517 cum
965 4463 1216 4518 exercitu
1274 4462 1568 4533 profectus
1607 4467 1731 4531 est;
1794 4463 1891 4517 ubi
1950 4481 2078 4519 cum

2198 3306 2453 3385 θόρυϐον,
2509 3310 2595 3364 ἐπί
2653 3331 2711 3365 τε
2766 3315 2835 3383 τῇ
2894 3315 2997 3364 τῶν
3060 3309 3275 3364 οἰκείων
3321 3309 3458 3383 ἥττῃ
3505 3309 3593 3362 καὶ
3638 3313 3707 3381 τῇ
3738 3315 3851 3364 τῶν

2198 3400 2449 3454 ἐναντίων
2504 3399 2624 3473 νίκῃ
2677 3399 2738 3453 οὗ
2788 3404 3042 3475 φορητῶς
3096 3402 3174 3472 [Ρ.
3208 3401 3335 3471 832]
3380 3400 3850 3470 σκυθρωπάσαντι.

2196 3489 2292 3542 Καὶ
2342 3489 2386 3542 εί
2440 3491 2515 3560 μή
2562 3491 2596 3557 ἠ
2646 3492 2743 3543 τοῦ
2796 3487 3065 3562 βασιλέως
3117 3490 3277 3561 φήμη
3328 3486 3522 3547 αὐτοὺς
3581 3485 3855 3558 περιδεεῖς

2194 3578 2568 3652 κατειργάζετο
2618 3577 2706 3631 καὶ
2772 3578 2870 3645 τὴν
2938 3576 3115 3649 ὁρμὴν
3173 3574 3346 3629 αὐτῶν
3406 3579 3589 3636 ποσῶς
3646 3572 3851 3629 διεκώο

2195 3665 2341 3733 λυεν,
2372 3664 2522 3719 οὐδὲν
2556 3667 2621 3734 ἦν
2672 3665 2735 3719 τὸ
2782 3662 2997 3719 κωλόον
3045 3664 3328 3736 σύμπασαν
3373 3662 3567 3725 αὐτοὺς
3596 3665 3693 3731 τήν
3738 3673 3844 3739 γῆν

2194 3754 2401 3825 ἐκείνην
2458 3752 2890 3823 καταληίσασθαι
2938 3752 3027 3806 καὶ
3081 3751 3494 3827 ἕξολοθρεῦσαι.
3559 3754 3850 3829 Ὀπισθόρς

2197 3864 2361 3915 μητοι
2393 3840 2449 3897 δὲ
2493 3842 2774 3917 γενόμενοι
2827 3840 2947 3895 εὐθὺ
2997 3846 3094 3895 τοῦ
3134 3843 3363 3913 θέματος
3392 3846 3498 3895 τῶν
3545 3840 3845 3899 Καππαδο-

2191 3937 2300 3985 κῶν
2342 3933 2477 3985 κατὰ
2506 3931 2567 3985 τὸ
2622 3930 2925 4002 εἰθισμένον
2978 3930 3221 4006 ἀκρατῶς
3272 3927 3534 3998 ἤλαυνον,
3584 3929 3849 3999 καταληῖ-

2196 4020 2412 4093 ζόμενοι
2450 4020 2542 4092 μὲν
2592 4021 2654 4074 τὸ
2702 4020 3008 4094 πςοστυχὸν
3065 4019 3114 4091 ἐξ
3150 4016 3367 4096 ἐφόδου,
3399 4018 3745 4096 ἐφορμῶντες
3789 4018 3848 4076 δὲ

2192 4114 2522 4183 πανστρατιᾷ
2550 4108 2686 4163 κατά
2733 4111 2830 4176 τῆς
2860 4113 2958 4162 τοῦ
3012 4108 3239 4162 Ἰκονίου
3286 4104 3583 4169 πολιτείας·
3617 4109 3683 4176 ἧν
3736 4110 3846 4185 γὰρ

2192 4198 2390 4269 πλήθει
2415 4219 2472 4252 τε
2520 4195 2728 4272 ἀνδρῶν
2761 4197 2851 4251 καὶ
2883 4198 3070 4251 οἱκιῶν
3103 4196 3191 4251 καὶ
3221 4201 3329 4251 τῶν
3365 4196 3547 4251 ἄλλων
3581 4203 3846 4272 χρηστῶν

2192 4288 2277 4342 καὶ
2315 4286 2574 4358 ζηλωτῶν
2610 4284 2954 4365 διαφέρουσα.
2984 4288 3043 4344 Ὀ
3074 4283 3131 4340 δὲ
3184 4284 3435 4362 βασιλεὺς
3466 4285 3516 4340 ἐν
3559 4285 3845 4361 Κελτζηνῇ

2189 4374 2314 4437 τοὺς
2347 4374 2723 4451 ἀποφυγόντας
2773 4371 3052 4447 σποράδην
3105 4372 3520 4447 ὑποδεξάμενος,
3558 4374 3633 4435 ὡς
3665 4373 3723 4427 ἂν
3764 4378 3844 4447 μή

2192 4465 2294 4519 ὑπὸ
2335 4468 2441 4519 τῶν
2494 4463 2786 4539 Ἀρμενίων
2837 4462 2886 4536 ἐξ
2938 4462 3171 4538 ἐρημίας
3226 4460 3561 4534 ἀπόλωνται,
3610 4464 3842 4518 κατόπιν

425 4551 794 4623 cognovisset
822 4552 1040 4607 Turcos
1073 4552 1141 4605 ad
1177 4549 1452 4605 Pisidiam
1488 4555 1543 4605 et
1575 4551 1920 4623 Lycaoniam
1972 4554 2079 4607 ad-

2196 4558 2295 4607 τῶν
2354 4551 2605 4607 ἐναντίων
2669 4551 3017 4626 ὑποστρέφων
3076 4551 3305 4627 ἐγένετο.
3357 4552 3453 4608 Καὶ
3502 4552 3679 4626 κρίσιν
3726 4556 3842 4625 (18)

427 4644 666 4694 ventare
696 4656 761 4695 eo
793 4639 1035 4695 consilio
1071 4643 1133 4693 ut
1164 4639 1423 4694 Iconium
1472 4644 1751 4710 peterent,
1785 4642 1910 4712 ipse
1940 4658 2080 4713 quo-

429 4745 541 4799 que
572 4734 886 4783 extremum
922 4744 1129 4798 agmen
1176 4744 1373 4782 eorum
1415 4727 1722 4783 insecutus
1770 4746 1958 4800 usque
2006 4732 2074 4785 ad

429 4816 693 4872 Herculis
743 4817 1128 4889 Comopolim,
1179 4817 1259 4870 ita
1303 4816 1541 4887 dictam,
1594 4819 1873 4888 pervenit.
1925 4820 2079 4874 684

431 4904 535 4961 Ubi
569 4922 700 4961 cum
735 4906 1035 4961 didicisset
1065 4908 1224 4977 ipsos
1272 4923 1470 4961 everso
1521 4908 1717 4961 Iconio
1765 4908 2078 4977 proﬁcisci,

426 4994 639 5050 veritos
662 5012 733 5050 ne
764 5011 827 5051 se
856 4994 953 5051 ille
986 5001 1453 5068 persequeretur,
1489 5001 1715 5067 partem
1762 4998 2077 5068 quamdam

423 5082 722 5155 legionum
781 5084 839 5139 in
889 5084 1147 5139 Ciliciam
1192 5084 1371 5151 misit,
1426 5101 1550 5155 qua:
1600 5102 1735 5140 cum
1782 5086 2076 5141 Cataturio

424 5173 744 5228 Antiochia:
775 5174 921 5229 duce
952 5174 1426 5245 coniungeretur.
1460 5175 1582 5228 viro
1614 5190 1919 5244 generoso,
1951 5176 2078 5245 qui-

423 5278 536 5334 que
586 5263 819 5317 virtutis
870 5263 1031 5333 prius
1081 5262 1266 5316 multa
1316 5263 1667 5317 documenta
1710 5264 1968 5329 dederat,
2012 5269 2077 5318 ut

420 5367 487 5407 ea
518 5357 754 5424 accepta
785 5352 974 5423 primo
1005 5368 1237 5424 quoque
1269 5356 1528 5421 tempore
1554 5352 1623 5407 ad
1650 5352 2073 5424 Mopsuestiam

2190 4641 2246 4697 δὲ
2281 4643 2474 4715 μεταξῦ
2522 4646 2618 4695 τοῦ
2664 4663 2721 4696 τε
2769 4640 3035 4717 ἡγεμόνος
3086 4641 3175 4695 καὶ
3227 4645 3333 4695 τῶν
3384 4638 3474 4694 σὺν
3507 4641 3653 4712 αὖτῷ
3683 4642 3841 4705 καθί-

2190 4752 2281 4792 σας
2331 4728 2507 4784 οὐδενὶ
2552 4731 2699 4805 μέρει
2750 4730 2846 4798 τήν
2901 4733 3137 4783 νικῶσαν
3183 4726 3435 4797 ἀπέδοτο,
3485 4726 3845 4803 διαγνωσθέν-

2187 4841 2277 4881 τος
2331 4819 2526 4873 τούτου
2580 4818 2748 4891 μόνου
2796 4813 3055 4894 ἀκριϐῶς,
3107 4818 3188 4871 ὅτι
3238 4816 3385 4885 πλὴν
3418 4821 3513 4871 τοῦ
3566 4818 3844 4893 βασιλέως

2190 4906 2340 4962 οὐδέν
2386 4906 2496 4961 ἐστι
2546 4908 2607 4961 τὸ
2654 4912 2911 4960 συνιστῶν
2956 4911 3073 4967 τοῖς
3114 4905 3403 4978 Ῥωμαίοις
3446 4905 3538 4960 τὸν
3588 4904 3840 4979 πόλεμον

2189 4994 2277 5050 διά
2333 5017 2391 5050 τε
2446 4997 2508 5050 τὸ
2566 4994 3051 5070 προκατειργάσθαι
3110 4995 3171 5048 τὸ
3217 4992 3409 5048 πλεῖον
3456 4998 3555 5049 τοῦ
3584 5001 3841 5070 στρατοῦ,

2186 5086 2274 5140 καὶ
2308 5082 2397 5139 διὰ
2437 5085 2499 5138 τὸ
2532 5084 2657 5146 τοὺς
2703 5083 2979 5159 ἡγεμόνας
3010 5082 3209 5138 ἐθέλειν
3249 5081 3338 5137 καὶ
3372 5081 3460 5137 ἐπὶ
3496 5089 3713 5156 μικραῖς
3748 5084 3841 5139 καὶ

2183 5180 2301 5234 ταῖς
2385 5173 2681 5247 τυχούσαις
2763 5172 3038 5247 εὐτυχίαις
3126 5172 3337 5232 ἑαυτοῖς
3394 5173 3484 5226 καὶ
3560 5175 3841 5249 συγγενέσι

2189 5266 2417 5333 μνᾶσθαι
2448 5262 2514 5316 τὰ
2556 5263 2778 5337 μέγιστα
2818 5266 2926 5315 τῶν
2978 5259 3301 5332 ἀξιωμάτων
3349 5260 3438 5314 καὶ
3481 5258 3841 5339 φιλοτιμιῶν,

2186 5349 2254 5406 δι’
2314 5351 2344 5405 ἃ
2400 5352 2486 5406 καὶ
2544 5350 2669 5413 τοὺς
2727 5349 2932 5414 ἄλλους
2989 5348 3341 5426 ἀπροθύμους
3404 5350 3536 5403 εἶναι
3594 5350 3729 5425 πρὸς
3778 5352 3843 5405 τὸ

1750 5480 1998 5538 JACOBI
2039 5481 2255 5538 GOARI
2294 5480 2501 5537 ΝΟΤᾸΕ

492 5585 604 5655 (18)
633 5586 780 5662 Obit
810 5588 1130 5660 imperator
1176 5603 1393 5642 munus
1442 5588 1534 5641 cui
1584 5589 1955 5659 exsequendo
2008 5606 2086 5662 κρι

2196 5607 2201 5646 :
2249 5590 2347 5640 τοῦ
2399 5584 2667 5661 φοσσάτου
2716 5586 2933 5659 legitur
2978 5585 3289 5640 institutus
3337 5585 3488 5656 apud
3542 5584 3838 5642 Codinum

420 5672 470 5712 ο.
504 5675 596 5725 xv,
634 5675 690 5715 n.
721 5660 810 5714 72.
