  <div class='ocr_page' id='page_1' title='image "/cluster/home/n/w/nwhite01/storage/ocr_20150623/122/hvd.32044073502452/214.png"; bbox 0 0 4078 6336; ppageno 0'>
   <div class='ocr_carea' id='block_1_1' title="bbox 247 327 376 388">
    <p class='ocr_par' dir='ltr' id='par_1_1' title="bbox 247 327 376 388">
     <span class='ocr_line' id='line_1_1' title="bbox 247 327 376 388; baseline 0 -1"><span class='ocrx_word' id='word_1_1' title='bbox 247 327 376 388; x_wconf 72' lang='lat' dir='ltr'><strong>M3</strong></span> 
     </span>
    </p>
   </div>
   <div class='ocr_carea' id='block_1_2' title="bbox 1764 327 2158 390">
    <p class='ocr_par' dir='ltr' id='par_1_2' title="bbox 1764 327 2158 390">
     <span class='ocr_line' id='line_1_2' title="bbox 1764 327 2158 390; baseline 0.003 -1"><span class='ocrx_word' id='word_1_2' title='bbox 1764 327 2158 390; x_wconf 79' lang='lat' dir='ltr'><strong>HISTORIA.</strong></span> 
     </span>
    </p>
   </div>
   <div class='ocr_carea' id='block_1_3' title="bbox 3554 324 3674 384">
    <p class='ocr_par' dir='ltr' id='par_1_3' title="bbox 3554 324 3674 384">
     <span class='ocr_line' id='line_1_3' title="bbox 3554 324 3674 384; baseline 0 0"><span class='ocrx_word' id='word_1_3' title='bbox 3554 324 3674 384; x_wconf 72' lang='lat' dir='ltr'><strong>4M</strong></span> 
     </span>
    </p>
   </div>
   <div class='ocr_carea' id='block_1_4' title="bbox 254 457 1916 538">
    <p class='ocr_par' dir='ltr' id='par_1_4' title="bbox 254 457 1913 538">
     <span class='ocr_line' id='line_1_4' title="bbox 254 457 1913 538; baseline 0 -22"><span class='ocrx_word' id='word_1_4' title='bbox 254 458 508 536; x_wconf 84' lang='grc' dir='ltr'>γενναῖόν</span> <span class='ocrx_word' id='word_1_5' title='bbox 536 480 588 515; x_wconf 86' lang='grc' dir='ltr'><strong>τι</strong></span> <span class='ocrx_word' id='word_1_6' title='bbox 639 459 730 516; x_wconf 81' lang='grc' dir='ltr'><strong>καὶ</strong></span> <span class='ocrx_word' id='word_1_7' title='bbox 785 457 1036 536; x_wconf 80' lang='grc' dir='ltr'>ἀνδρικὸν</span> <span class='ocrx_word' id='word_1_8' title='bbox 1091 457 1497 538; x_wconf 73' lang='grc' dir='ltr'>διαπράξασθαιο</span> <span class='ocrx_word' id='word_1_9' title='bbox 1558 462 1587 518; x_wconf 80' lang='grc' dir='ltr'><strong>’ὁ</strong></span> <span class='ocrx_word' id='word_1_10' title='bbox 1643 463 1913 538; x_wconf 82' lang='grc' dir='ltr'><strong>παρόντος</strong></span> 
     </span>
    </p>
   </div>
   <div class='ocr_carea' id='block_1_5' title="bbox 2026 457 3675 538">
    <p class='ocr_par' dir='ltr' id='par_1_5' title="bbox 2026 459 3675 538">
     <span class='ocr_line' id='line_1_5' title="bbox 2026 459 3675 538; baseline -0.005 -18"><span class='ocrx_word' id='word_1_11' title='bbox 2026 470 2378 536; x_wconf 86' lang='lat' dir='ltr'><strong>occurreret,</strong></span> <span class='ocrx_word' id='word_1_12' title='bbox 2425 483 2540 538; x_wconf 91' lang='lat' dir='ltr'><strong>quo</strong></span> <span class='ocrx_word' id='word_1_13' title='bbox 2584 465 2757 522; x_wconf 87' lang='lat' dir='ltr'><strong>Turci</strong></span> <span class='ocrx_word' id='word_1_14' title='bbox 2807 459 3112 521; x_wconf 87' lang='lat' dir='ltr'><strong>adventuri</strong></span> <span class='ocrx_word' id='word_1_15' title='bbox 3161 459 3675 529; x_wconf 78' lang='lat' dir='ltr'><strong>existimabantur,</strong></span> 
     </span>
    </p>
   </div>
   <div class='ocr_carea' id='block_1_6' title="bbox 254 545 1926 627">
    <p class='ocr_par' dir='ltr' id='par_1_6' title="bbox 254 545 1926 627">
     <span class='ocr_line' id='line_1_6' title="bbox 254 545 1926 627; baseline 0 -22"><span class='ocrx_word' id='word_1_16' title='bbox 254 553 358 605; x_wconf 74' lang='grc' dir='ltr'><strong>τοῦ</strong></span> <span class='ocrx_word' id='word_1_17' title='bbox 414 547 682 625; x_wconf 86' lang='grc' dir='ltr'>βασιλέως</span> <span class='ocrx_word' id='word_1_18' title='bbox 737 549 836 604; x_wconf 80' lang='grc' dir='ltr'><strong>οὐκ</strong></span> <span class='ocrx_word' id='word_1_19' title='bbox 894 547 955 604; x_wconf 82' lang='grc' dir='ltr'><strong>ἃν</strong></span> <span class='ocrx_word' id='word_1_20' title='bbox 1017 545 1139 626; x_wconf 85' lang='grc' dir='ltr'><strong>ἔχοι</strong></span> <span class='ocrx_word' id='word_1_21' title='bbox 1197 553 1386 627; x_wconf 87' lang='grc' dir='ltr'>χώραν</span> <span class='ocrx_word' id='word_1_22' title='bbox 1439 551 1702 626; x_wconf 79' lang='grc' dir='ltr'>γενέσθαι,</span> <span class='ocrx_word' id='word_1_23' title='bbox 1761 550 1926 606; x_wconf 74' lang='grc' dir='ltr'>αὐτοῦ</span> 
     </span>
    </p>
   </div>
   <div class='ocr_carea' id='block_1_7' title="bbox 261 636 1926 716">
    <p class='ocr_par' dir='ltr' id='par_1_7' title="bbox 261 636 1926 716">
     <span class='ocr_line' id='line_1_7' title="bbox 261 636 1926 716; baseline 0 -23"><span class='ocrx_word' id='word_1_24' title='bbox 261 636 336 693; x_wconf 84' lang='grc' dir='ltr'>δι’</span> <span class='ocrx_word' id='word_1_25' title='bbox 369 640 562 694; x_wconf 69' lang='grc' dir='ltr'>ἑαυτοῦ</span> <span class='ocrx_word' id='word_1_26' title='bbox 614 638 1030 703; x_wconf 72' lang='grc' dir='ltr'><strong>ἐπιστατοῦντος</strong></span> <span class='ocrx_word' id='word_1_27' title='bbox 1074 645 1190 702; x_wconf 82' lang='grc' dir='ltr'>τοῖς</span> <span class='ocrx_word' id='word_1_28' title='bbox 1228 640 1564 716; x_wconf 72' lang='grc' dir='ltr'><strong>γινομένοις,</strong></span> <span class='ocrx_word' id='word_1_29' title='bbox 1605 641 1696 696; x_wconf 81' lang='grc' dir='ltr'><strong>καὶ</strong></span> <span class='ocrx_word' id='word_1_30' title='bbox 1754 639 1926 695; x_wconf 88' lang='grc' dir='ltr'>πάντα</span> 
     </span>
    </p>
   </div>
   <div class='ocr_carea' id='block_1_8' title="bbox 267 729 1927 806">
    <p class='ocr_par' dir='ltr' id='par_1_8' title="bbox 267 729 1927 806">
     <span class='ocr_line' id='line_1_8' title="bbox 267 729 1927 806; baseline 0.001 -23"><span class='ocrx_word' id='word_1_31' title='bbox 267 730 615 802; x_wconf 84' lang='grc' dir='ltr'>καθορῶντος</span> <span class='ocrx_word' id='word_1_32' title='bbox 661 729 952 802; x_wconf 85' lang='grc' dir='ltr'>ὁσημέραι,</span> <span class='ocrx_word' id='word_1_33' title='bbox 991 729 1080 782; x_wconf 77' lang='grc' dir='ltr'><strong>καὶ</strong></span> <span class='ocrx_word' id='word_1_34' title='bbox 1128 729 1255 792; x_wconf 79' lang='grc' dir='ltr'>τοὺς</span> <span class='ocrx_word' id='word_1_35' title='bbox 1302 735 1598 793; x_wconf 75' lang='grc' dir='ltr'>πονοῦντας</span> <span class='ocrx_word' id='word_1_36' title='bbox 1649 729 1927 806; x_wconf 81' lang='grc' dir='ltr'>ἀναλόγως</span> 
     </span>
    </p>
   </div>
   <div class='ocr_carea' id='block_1_9' title="bbox 261 812 1926 896">
    <p class='ocr_par' dir='ltr' id='par_1_9' title="bbox 261 812 1926 896">
     <span class='ocr_line' id='line_1_9' title="bbox 261 812 1926 896; baseline 0 -22"><span class='ocrx_word' id='word_1_37' title='bbox 261 812 638 890; x_wconf 76' lang='grc' dir='ltr'>ἀμειϐομένου</span> <span class='ocrx_word' id='word_1_38' title='bbox 694 822 801 872; x_wconf 92' lang='grc' dir='ltr'><strong>τῶν</strong></span> <span class='ocrx_word' id='word_1_39' title='bbox 855 819 1134 891; x_wconf 75' lang='grc' dir='ltr'><strong>καμάτων.</strong></span> <span class='ocrx_word' id='word_1_40' title='bbox 1186 820 1244 872; x_wconf 74' lang='grc' dir='ltr'>Ὀ</span> <span class='ocrx_word' id='word_1_41' title='bbox 1294 816 1351 874; x_wconf 73' lang='grc' dir='ltr'>δὲ</span> <span class='ocrx_word' id='word_1_42' title='bbox 1413 819 1666 896; x_wconf 80' lang='grc' dir='ltr'>βασιλεὺς</span> <span class='ocrx_word' id='word_1_43' title='bbox 1726 817 1815 874; x_wconf 84' lang='grc' dir='ltr'><strong>διά</strong></span> <span class='ocrx_word' id='word_1_44' title='bbox 1867 839 1926 874; x_wconf 88' lang='grc' dir='ltr'><strong>τε</strong></span> 
     </span>
    </p>
   </div>
   <div class='ocr_carea' id='block_1_10' title="bbox 262 906 1924 984">
    <p class='ocr_par' dir='ltr' id='par_1_10' title="bbox 262 906 1924 984">
     <span class='ocr_line' id='line_1_10' title="bbox 262 906 1924 984; baseline -0.001 -22"><span class='ocrx_word' id='word_1_45' title='bbox 262 906 588 971; x_wconf 85' lang='grc' dir='ltr'>Κολωνείας</span> <span class='ocrx_word' id='word_1_46' title='bbox 644 909 735 961; x_wconf 87' lang='grc' dir='ltr'><strong>καὶ</strong></span> <span class='ocrx_word' id='word_1_47' title='bbox 816 912 924 961; x_wconf 90' lang='grc' dir='ltr'><strong>τῶν</strong></span> <span class='ocrx_word' id='word_1_48' title='bbox 981 909 1348 983; x_wconf 73' lang='grc' dir='ltr'>Ἀρμενιακῶν</span> <span class='ocrx_word' id='word_1_49' title='bbox 1425 909 1669 982; x_wconf 84' lang='grc' dir='ltr'>θεμάτων</span> <span class='ocrx_word' id='word_1_50' title='bbox 1758 911 1924 984; x_wconf 78' lang='grc' dir='ltr'>μέχρι</span> 
     </span>
    </p>
   </div>
   <div class='ocr_carea' id='block_1_11' title="bbox 261 991 1926 1072">
    <p class='ocr_par' dir='ltr' id='par_1_11' title="bbox 261 991 1926 1072">
     <span class='ocr_line' id='line_1_11' title="bbox 261 991 1926 1072; baseline 0.001 -22"><span class='ocrx_word' id='word_1_51' title='bbox 261 991 593 1058; x_wconf 76' lang='grc' dir='ltr'>Σεϐαστείας</span> <span class='ocrx_word' id='word_1_52' title='bbox 647 996 739 1050; x_wconf 84' lang='grc' dir='ltr'>σὺν</span> <span class='ocrx_word' id='word_1_53' title='bbox 792 1001 871 1068; x_wconf 79' lang='grc' dir='ltr'>τῷ</span> <span class='ocrx_word' id='word_1_54' title='bbox 915 996 1274 1072; x_wconf 79' lang='grc' dir='ltr'>στρατεύματι</span> <span class='ocrx_word' id='word_1_55' title='bbox 1335 995 1675 1068; x_wconf 70' lang='grc' dir='ltr'><strong>διελήλυθεν.</strong></span> <span class='ocrx_word' id='word_1_56' title='bbox 1717 1001 1926 1054; x_wconf 78' lang='grc' dir='ltr'>Ἐκεῖσε</span> 
     </span>
    </p>
   </div>
   <div class='ocr_carea' id='block_1_12' title="bbox 260 1082 1924 1162">
    <p class='ocr_par' dir='ltr' id='par_1_12' title="bbox 260 1082 1924 1162">
     <span class='ocr_line' id='line_1_12' title="bbox 260 1082 1924 1162; baseline 0.001 -23"><span class='ocrx_word' id='word_1_57' title='bbox 260 1082 324 1139; x_wconf 75' lang='grc' dir='ltr'>δὲ</span> <span class='ocrx_word' id='word_1_58' title='bbox 353 1085 544 1157; x_wconf 83' lang='grc' dir='ltr'>μαθὼν</span> <span class='ocrx_word' id='word_1_59' title='bbox 578 1085 652 1146; x_wconf 83' lang='grc' dir='ltr'><strong>ὡς</strong></span> <span class='ocrx_word' id='word_1_60' title='bbox 687 1085 737 1140; x_wconf 76' lang='lat' dir='ltr'><strong>oi</strong></span> <span class='ocrx_word' id='word_1_61' title='bbox 767 1089 1000 1162; x_wconf 79' lang='grc' dir='ltr'>Τοῦρκοι</span> <span class='ocrx_word' id='word_1_62' title='bbox 1033 1083 1118 1140; x_wconf 77' lang='grc' dir='ltr'>ἐπὶ</span> <span class='ocrx_word' id='word_1_63' title='bbox 1169 1084 1416 1143; x_wconf 81' lang='grc' dir='ltr'>Πισιδίαν</span> <span class='ocrx_word' id='word_1_64' title='bbox 1472 1085 1562 1141; x_wconf 77' lang='grc' dir='ltr'><strong>καὶ</strong></span> <span class='ocrx_word' id='word_1_65' title='bbox 1622 1085 1924 1141; x_wconf 77' lang='grc' dir='ltr'>Λυκαονίαν</span> 
     </span>
    </p>
   </div>
   <div class='ocr_carea' id='block_1_13' title="bbox 251 1172 1920 1237">
    <p class='ocr_par' dir='ltr' id='par_1_13' title="bbox 251 1172 1920 1237">
     <span class='ocr_line' id='line_1_13' title="bbox 251 1172 1920 1237; baseline 0.002 -8"><span class='ocrx_word' id='word_1_66' title='bbox 251 1172 584 1235; x_wconf 73' lang='grc' dir='ltr'>ἐλαύνοντες</span> <span class='ocrx_word' id='word_1_67' title='bbox 636 1173 712 1236; x_wconf 68' lang='grc' dir='ltr'>ὥς</span> <span class='ocrx_word' id='word_1_68' title='bbox 775 1172 850 1237; x_wconf 66' lang='grc' dir='ltr'>εἲς</span> <span class='ocrx_word' id='word_1_69' title='bbox 910 1175 1107 1228; x_wconf 83' lang='grc' dir='ltr'>σκοπὸν</span> <span class='ocrx_word' id='word_1_70' title='bbox 1164 1174 1509 1230; x_wconf 84' lang='grc' dir='ltr'>ἀποτείνουσι</span> <span class='ocrx_word' id='word_1_71' title='bbox 1563 1175 1627 1231; x_wconf 87' lang='grc' dir='ltr'>τὸ</span> <span class='ocrx_word' id='word_1_72' title='bbox 1672 1175 1920 1232; x_wconf 66' lang='grc' dir='ltr'>Ἰκόνιον)</span> 
     </span>
    </p>
   </div>
   <div class='ocr_carea' id='block_1_14' title="bbox 261 1269 1924 1347">
    <p class='ocr_par' dir='ltr' id='par_1_14' title="bbox 261 1269 1924 1347">
     <span class='ocr_line' id='line_1_14' title="bbox 261 1269 1924 1347; baseline 0.001 -23"><span class='ocrx_word' id='word_1_73' title='bbox 261 1271 502 1345; x_wconf 81' lang='grc' dir='ltr'>ὥρμησε</span> <span class='ocrx_word' id='word_1_74' title='bbox 530 1270 617 1324; x_wconf 87' lang='grc' dir='ltr'><strong>καὶ</strong></span> <span class='ocrx_word' id='word_1_75' title='bbox 650 1269 810 1332; x_wconf 81' lang='grc' dir='ltr'>αὐτὸς</span> <span class='ocrx_word' id='word_1_76' title='bbox 859 1273 975 1325; x_wconf 89' lang='grc' dir='ltr'>κατ’</span> <span class='ocrx_word' id='word_1_77' title='bbox 1005 1271 1166 1347; x_wconf 72' lang='grc' dir='ltr'>οὐρὰν</span> <span class='ocrx_word' id='word_1_78' title='bbox 1219 1271 1396 1326; x_wconf 81' lang='grc' dir='ltr'>αὐτῶν</span> <span class='ocrx_word' id='word_1_79' title='bbox 1456 1270 1701 1326; x_wconf 76' lang='grc' dir='ltr'>ἐλαύνειν</span> <span class='ocrx_word' id='word_1_80' title='bbox 1757 1271 1924 1347; x_wconf 79' lang='grc' dir='ltr'>μέχρι</span> 
     </span>
    </p>
   </div>
   <div class='ocr_carea' id='block_1_15' title="bbox 253 1349 1922 1436">
    <p class='ocr_par' dir='ltr' id='par_1_15' title="bbox 253 1349 1922 1436">
     <span class='ocr_line' id='line_1_15' title="bbox 253 1349 1922 1436; baseline 0 -22"><span class='ocrx_word' id='word_1_81' title='bbox 253 1367 360 1429; x_wconf 80' lang='grc' dir='ltr'>τῆς</span> <span class='ocrx_word' id='word_1_82' title='bbox 422 1358 725 1436; x_wconf 72' lang='grc' dir='ltr'>λεγομένης</span> <span class='ocrx_word' id='word_1_83' title='bbox 777 1360 1111 1435; x_wconf 76' lang='grc' dir='ltr'>Ἡρακλέους</span> <span class='ocrx_word' id='word_1_84' title='bbox 1175 1359 1578 1434; x_wconf 88' lang='grc' dir='ltr'>κωμοπόλεως,</span> <span class='ocrx_word' id='word_1_85' title='bbox 1641 1361 1692 1416; x_wconf 74' lang='grc' dir='ltr'>ἰν</span> <span class='ocrx_word' id='word_1_86' title='bbox 1832 1349 1922 1416; x_wconf 76' lang='grc' dir='ltr'><strong>καἱ</strong></span> 
     </span>
    </p>
   </div>
   <div class='ocr_carea' id='block_1_16' title="bbox 261 1447 1925 1524">
    <p class='ocr_par' dir='ltr' id='par_1_16' title="bbox 261 1447 1925 1524">
     <span class='ocr_line' id='line_1_16' title="bbox 261 1447 1925 1524; baseline 0 -21"><span class='ocrx_word' id='word_1_87' title='bbox 261 1448 459 1523; x_wconf 84' lang='grc' dir='ltr'>μαθὼν</span> <span class='ocrx_word' id='word_1_88' title='bbox 516 1447 624 1519; x_wconf 70' lang='grc' dir='ltr'><strong>ἤδη</strong></span> <span class='ocrx_word' id='word_1_89' title='bbox 699 1450 1234 1524; x_wconf 73' lang='grc' dir='ltr'>καταστρεψαμένους</span> <span class='ocrx_word' id='word_1_90' title='bbox 1309 1449 1504 1513; x_wconf 80' lang='grc' dir='ltr'>αὐτοὺς</span> <span class='ocrx_word' id='word_1_91' title='bbox 1565 1451 1626 1504; x_wconf 87' lang='grc' dir='ltr'>τὸ</span> <span class='ocrx_word' id='word_1_92' title='bbox 1701 1451 1925 1505; x_wconf 88' lang='grc' dir='ltr'>Ἰκόνιον</span> 
     </span>
    </p>
   </div>
   <div class='ocr_carea' id='block_1_17' title="bbox 258 1534 1926 1614">
    <p class='ocr_par' dir='ltr' id='par_1_17' title="bbox 258 1534 1926 1614">
     <span class='ocr_line' id='line_1_17' title="bbox 258 1534 1926 1614; baseline 0.001 -22"><span class='ocrx_word' id='word_1_93' title='bbox 258 1538 493 1614; x_wconf 74' lang='grc' dir='ltr'>ἀπᾶραι,</span> <span class='ocrx_word' id='word_1_94' title='bbox 546 1534 791 1601; x_wconf 80' lang='grc' dir='ltr'>δεδιότας</span> <span class='ocrx_word' id='word_1_95' title='bbox 855 1539 954 1607; x_wconf 79' lang='grc' dir='ltr'><strong>τήν</strong></span> <span class='ocrx_word' id='word_1_96' title='bbox 1023 1538 1189 1593; x_wconf 77' lang='grc' dir='ltr'>αὐτοῦ</span> <span class='ocrx_word' id='word_1_97' title='bbox 1267 1536 1565 1612; x_wconf 78' lang='grc' dir='ltr'>έπιδίωξιν,</span> <span class='ocrx_word' id='word_1_98' title='bbox 1619 1539 1926 1614; x_wconf 83' lang='grc' dir='ltr'>ἀπόμοιραν</span> 
     </span>
    </p>
   </div>
   <div class='ocr_carea' id='block_1_18' title="bbox 261 1626 1922 1704">
    <p class='ocr_par' dir='ltr' id='par_1_18' title="bbox 261 1626 1922 1704">
     <span class='ocr_line' id='line_1_18' title="bbox 261 1626 1922 1704; baseline 0.001 -24"><span class='ocrx_word' id='word_1_99' title='bbox 261 1648 366 1701; x_wconf 78' lang='grc' dir='ltr'><strong>μεν</strong></span> <span class='ocrx_word' id='word_1_100' title='bbox 422 1648 543 1681; x_wconf 90' lang='grc' dir='ltr'>τινα</span> <span class='ocrx_word' id='word_1_101' title='bbox 599 1631 705 1681; x_wconf 82' lang='grc' dir='ltr'><strong>τῶν</strong></span> <span class='ocrx_word' id='word_1_102' title='bbox 769 1626 1058 1704; x_wconf 82' lang='grc' dir='ltr'>ταγμάτων</span> <span class='ocrx_word' id='word_1_103' title='bbox 1140 1627 1226 1682; x_wconf 78' lang='grc' dir='ltr'><strong>έπὶ</strong></span> <span class='ocrx_word' id='word_1_104' title='bbox 1309 1627 1554 1682; x_wconf 82' lang='grc' dir='ltr'>Κιλικίαν</span> <span class='ocrx_word' id='word_1_105' title='bbox 1628 1627 1922 1701; x_wconf 75' lang='grc' dir='ltr'>ἐξέπεμψεν</span> 
     </span>
    </p>
   </div>
   <div class='ocr_carea' id='block_1_19' title="bbox 261 1714 1925 1791">
    <p class='ocr_par' dir='ltr' id='par_1_19' title="bbox 261 1714 1925 1791">
     <span class='ocr_line' id='line_1_19' title="bbox 261 1714 1925 1791; baseline 0 -21"><span class='ocrx_word' id='word_1_106' title='bbox 261 1717 692 1788; x_wconf 71' lang='grc' dir='ltr'>ἒνωθησομὲνην</span> <span class='ocrx_word' id='word_1_107' title='bbox 794 1715 1143 1791; x_wconf 81' lang='grc' dir='ltr'>Κατατουρίῳ</span> <span class='ocrx_word' id='word_1_108' title='bbox 1236 1714 1317 1788; x_wconf 80' lang='grc' dir='ltr'><strong>τῷ</strong></span> <span class='ocrx_word' id='word_1_109' title='bbox 1403 1723 1502 1786; x_wconf 79' lang='grc' dir='ltr'>τῆς</span> <span class='ocrx_word' id='word_1_110' title='bbox 1587 1715 1925 1791; x_wconf 78' lang='grc' dir='ltr'>Ἀντιοχείας</span> 
     </span>
    </p>
   </div>
   <div class='ocr_carea' id='block_1_20' title="bbox 257 1802 1924 1880">
    <p class='ocr_par' dir='ltr' id='par_1_20' title="bbox 257 1802 1924 1880">
     <span class='ocr_line' id='line_1_20' title="bbox 257 1802 1924 1880; baseline -0.001 -20"><span class='ocrx_word' id='word_1_111' title='bbox 257 1803 446 1873; x_wconf 81' lang='grc' dir='ltr'>δουκὶ,</span> <span class='ocrx_word' id='word_1_112' title='bbox 503 1802 658 1880; x_wconf 82' lang='grc' dir='ltr'>ἀνδρί</span> <span class='ocrx_word' id='word_1_113' title='bbox 715 1805 944 1880; x_wconf 78' lang='grc' dir='ltr'>γενναίῳ</span> <span class='ocrx_word' id='word_1_114' title='bbox 1006 1806 1096 1860; x_wconf 83' lang='grc' dir='ltr'><strong>καὶ</strong></span> <span class='ocrx_word' id='word_1_115' title='bbox 1156 1802 1343 1860; x_wconf 84' lang='grc' dir='ltr'>πολλά</span> <span class='ocrx_word' id='word_1_116' title='bbox 1404 1802 1801 1878; x_wconf 71' lang='grc' dir='ltr'>έπιδειξαμένῳ</span> <span class='ocrx_word' id='word_1_117' title='bbox 1855 1805 1924 1860; x_wconf 74' lang='grc' dir='ltr'><strong>τὰ</strong></span> 
     </span>
    </p>
   </div>
   <div class='ocr_carea' id='block_1_21' title="bbox 255 1893 1922 1970">
    <p class='ocr_par' dir='ltr' id='par_1_21' title="bbox 255 1893 1922 1970">
     <span class='ocr_line' id='line_1_21' title="bbox 255 1893 1922 1970; baseline 0 -22"><span class='ocrx_word' id='word_1_118' title='bbox 255 1897 361 1964; x_wconf 75' lang='grc' dir='ltr'><strong>τῆς</strong></span> <span class='ocrx_word' id='word_1_119' title='bbox 448 1894 646 1969; x_wconf 80' lang='grc' dir='ltr'>ἀρετῆς</span> <span class='ocrx_word' id='word_1_120' title='bbox 713 1896 1108 1968; x_wconf 80' lang='grc' dir='ltr'>προτερήματα</span> <span class='ocrx_word' id='word_1_121' title='bbox 1181 1893 1470 1970; x_wconf 86' lang='grc' dir='ltr'>πρότερον,</span> <span class='ocrx_word' id='word_1_122' title='bbox 1519 1893 1792 1967; x_wconf 80' lang='grc' dir='ltr'>δεξαμένῳ</span> <span class='ocrx_word' id='word_1_123' title='bbox 1863 1914 1922 1949; x_wconf 86' lang='grc' dir='ltr'><strong>τε</strong></span> 
     </span>
    </p>
   </div>
   <div class='ocr_carea' id='block_1_22' title="bbox 253 1980 1919 2058">
    <p class='ocr_par' dir='ltr' id='par_1_22' title="bbox 253 1980 1919 2058">
     <span class='ocr_line' id='line_1_22' title="bbox 253 1980 1919 2058; baseline -0.001 -20"><span class='ocrx_word' id='word_1_124' title='bbox 253 1985 342 2046; x_wconf 84' lang='grc' dir='ltr'><strong>εἰς</strong></span> <span class='ocrx_word' id='word_1_125' title='bbox 401 1980 600 2056; x_wconf 75' lang='grc' dir='ltr'>Μόψου</span> <span class='ocrx_word' id='word_1_126' title='bbox 658 1982 830 2038; x_wconf 67' lang='grc' dir='ltr'>ἑστίαν</span> <span class='ocrx_word' id='word_1_127' title='bbox 880 1983 1182 2052; x_wconf 78' lang='grc' dir='ltr'>ἀπαντῆσαι</span> <span class='ocrx_word' id='word_1_128' title='bbox 1239 1983 1302 2037; x_wconf 89' lang='grc' dir='ltr'>τὸ</span> <span class='ocrx_word' id='word_1_129' title='bbox 1357 1985 1529 2058; x_wconf 87' lang='grc' dir='ltr'>τάχος</span> <span class='ocrx_word' id='word_1_130' title='bbox 1583 1981 1776 2057; x_wconf 84' lang='grc' dir='ltr'>(ἐκεῖσε</span> <span class='ocrx_word' id='word_1_131' title='bbox 1820 1983 1919 2058; x_wconf 72' lang='grc' dir='ltr'>γὰρ</span> 
     </span>
    </p>
   </div>
   <div class='ocr_carea' id='block_1_23' title="bbox 253 2069 1917 2148">
    <p class='ocr_par' dir='ltr' id='par_1_23' title="bbox 253 2069 1917 2148">
     <span class='ocr_line' id='line_1_23' title="bbox 253 2069 1917 2148; baseline 0 -21"><span class='ocrx_word' id='word_1_132' title='bbox 253 2069 682 2148; x_wconf 81' lang='grc' dir='ltr'>προσεδοκῶντο</span> <span class='ocrx_word' id='word_1_133' title='bbox 708 2072 760 2126; x_wconf 78' lang='grc' dir='ltr'>οἱ</span> <span class='ocrx_word' id='word_1_134' title='bbox 810 2076 1039 2148; x_wconf 83' lang='grc' dir='ltr'>Τοῦρκοι</span> <span class='ocrx_word' id='word_1_135' title='bbox 1091 2069 1345 2146; x_wconf 77' lang='grc' dir='ltr'>διελθεῖν)</span> <span class='ocrx_word' id='word_1_136' title='bbox 1393 2071 1550 2127; x_wconf 80' lang='grc' dir='ltr'>κάκεῖ</span> <span class='ocrx_word' id='word_1_137' title='bbox 1594 2070 1917 2146; x_wconf 73' lang='grc' dir='ltr'>προσμένειν</span> 
     </span>
    </p>
   </div>
   <div class='ocr_carea' id='block_1_24' title="bbox 250 2158 1921 2235">
    <p class='ocr_par' dir='ltr' id='par_1_24' title="bbox 250 2158 1921 2235">
     <span class='ocr_line' id='line_1_24' title="bbox 250 2158 1921 2235; baseline -0.002 -17"><span class='ocrx_word' id='word_1_138' title='bbox 250 2161 458 2226; x_wconf 66' lang='grc' dir='ltr'>αὐτοὺς</span> <span class='ocrx_word' id='word_1_139' title='bbox 512 2160 606 2216; x_wconf 81' lang='grc' dir='ltr'><strong>καὶ</strong></span> <span class='ocrx_word' id='word_1_140' title='bbox 683 2160 840 2214; x_wconf 85' lang='grc' dir='ltr'>παντὶ</span> <span class='ocrx_word' id='word_1_141' title='bbox 913 2159 1104 2235; x_wconf 89' lang='grc' dir='ltr'>τρόπῳ</span> <span class='ocrx_word' id='word_1_142' title='bbox 1179 2158 1546 2234; x_wconf 70' lang='grc' dir='ltr'>λυμήνασθαι.</span> <span class='ocrx_word' id='word_1_143' title='bbox 1607 2159 1921 2222; x_wconf 85' lang='grc' dir='ltr'>Διελθόντες</span> 
     </span>
    </p>
   </div>
   <div class='ocr_carea' id='block_1_25' title="bbox 246 2247 1920 2325">
    <p class='ocr_par' dir='ltr' id='par_1_25' title="bbox 246 2247 1920 2325">
     <span class='ocr_line' id='line_1_25' title="bbox 246 2247 1920 2325; baseline -0.001 -20"><span class='ocrx_word' id='word_1_144' title='bbox 246 2252 443 2306; x_wconf 82' lang='grc' dir='ltr'>τοίνυν</span> <span class='ocrx_word' id='word_1_145' title='bbox 473 2247 563 2305; x_wconf 74' lang='grc' dir='ltr'><strong>διὰ</strong></span> <span class='ocrx_word' id='word_1_146' title='bbox 611 2254 720 2305; x_wconf 90' lang='grc' dir='ltr'><strong>τῶν</strong></span> <span class='ocrx_word' id='word_1_147' title='bbox 773 2257 874 2319; x_wconf 84' lang='grc' dir='ltr'>τῆς</span> <span class='ocrx_word' id='word_1_148' title='bbox 936 2247 1256 2312; x_wconf 83' lang='grc' dir='ltr'>Σελευκείας</span> <span class='ocrx_word' id='word_1_149' title='bbox 1316 2248 1485 2325; x_wconf 80' lang='grc' dir='ltr'>ὀρέων</span> <span class='ocrx_word' id='word_1_150' title='bbox 1549 2249 1625 2312; x_wconf 79' lang='grc' dir='ltr'>εἷς</span> <span class='ocrx_word' id='word_1_151' title='bbox 1674 2251 1774 2317; x_wconf 83' lang='grc' dir='ltr'><strong>τήν</strong></span> <span class='ocrx_word' id='word_1_152' title='bbox 1821 2252 1920 2318; x_wconf 73' lang='grc' dir='ltr'><strong>τῆς</strong></span> 
     </span>
    </p>
   </div>
   <div class='ocr_carea' id='block_1_26' title="bbox 247 2335 1918 2417">
    <p class='ocr_par' dir='ltr' id='par_1_26' title="bbox 247 2335 1918 2417">
     <span class='ocr_line' id='line_1_26' title="bbox 247 2335 1918 2417; baseline -0.002 -21"><span class='ocrx_word' id='word_1_153' title='bbox 247 2345 473 2417; x_wconf 71' lang='grc' dir='ltr'>Ταρσοῦ</span> <span class='ocrx_word' id='word_1_154' title='bbox 543 2337 772 2394; x_wconf 84' lang='grc' dir='ltr'>πεδιάδα</span> <span class='ocrx_word' id='word_1_155' title='bbox 845 2337 1372 2410; x_wconf 83' lang='grc' dir='ltr'>κατηκοντίσθησαν,</span> <span class='ocrx_word' id='word_1_156' title='bbox 1432 2335 1558 2403; x_wconf 75' lang='grc' dir='ltr'>ἔνθα</span> <span class='ocrx_word' id='word_1_157' title='bbox 1614 2341 1758 2414; x_wconf 85' lang='grc' dir='ltr'>παρὰ</span> <span class='ocrx_word' id='word_1_158' title='bbox 1810 2343 1918 2393; x_wconf 90' lang='grc' dir='ltr'><strong>τῶν</strong></span> 
     </span>
    </p>
   </div>
   <div class='ocr_carea' id='block_1_27' title="bbox 250 2423 1917 2505">
    <p class='ocr_par' dir='ltr' id='par_1_27' title="bbox 250 2423 1917 2505">
     <span class='ocr_line' id='line_1_27' title="bbox 250 2423 1917 2505; baseline -0.003 -18"><span class='ocrx_word' id='word_1_159' title='bbox 250 2423 572 2504; x_wconf 78' lang='grc' dir='ltr'>Ἀρμενίων</span> <span class='ocrx_word' id='word_1_160' title='bbox 647 2430 1066 2504; x_wconf 75' lang='grc' dir='ltr'>συγκυρηθέντες</span> <span class='ocrx_word' id='word_1_161' title='bbox 1131 2435 1301 2482; x_wconf 77' lang='grc' dir='ltr'>πᾶσαν</span> <span class='ocrx_word' id='word_1_162' title='bbox 1360 2426 1554 2505; x_wconf 82' lang='grc' dir='ltr'>σχεδὸν</span> <span class='ocrx_word' id='word_1_163' title='bbox 1613 2429 1714 2497; x_wconf 80' lang='grc' dir='ltr'>τὴν</span> <span class='ocrx_word' id='word_1_164' title='bbox 1767 2428 1917 2483; x_wconf 82' lang='grc' dir='ltr'>λείαν</span> 
     </span>
    </p>
   </div>
   <div class='ocr_carea' id='block_1_28' title="bbox 249 2514 1916 2591">
    <p class='ocr_par' dir='ltr' id='par_1_28' title="bbox 249 2514 1916 2591">
     <span class='ocr_line' id='line_1_28' title="bbox 249 2514 1916 2591; baseline -0.002 -17"><span class='ocrx_word' id='word_1_165' title='bbox 249 2514 559 2575; x_wconf 74' lang='grc' dir='ltr'>ἀπέϐαλον.</span> <span class='ocrx_word' id='word_1_166' title='bbox 611 2519 679 2576; x_wconf 70' lang='grc' dir='ltr'><strong>Οἱ</strong></span> <span class='ocrx_word' id='word_1_167' title='bbox 729 2515 786 2572; x_wconf 63' lang='grc' dir='ltr'><strong>δέ</strong></span> <span class='ocrx_word' id='word_1_168' title='bbox 841 2516 1105 2590; x_wconf 85' lang='grc' dir='ltr'>πολέμιοι</span> <span class='ocrx_word' id='word_1_169' title='bbox 1166 2517 1430 2591; x_wconf 83' lang='grc' dir='ltr'>μαθόντες</span> <span class='ocrx_word' id='word_1_170' title='bbox 1485 2519 1584 2586; x_wconf 78' lang='grc' dir='ltr'><strong>τήν</strong></span> <span class='ocrx_word' id='word_1_171' title='bbox 1634 2522 1738 2571; x_wconf 87' lang='grc' dir='ltr'><strong>τῶν</strong></span> <span class='ocrx_word' id='word_1_172' title='bbox 1786 2519 1916 2571; x_wconf 80' lang='grc' dir='ltr'><strong>Ῥω-</strong></span> 
     </span>
    </p>
   </div>
   <div class='ocr_carea' id='block_1_29' title="bbox 253 2601 1916 2684">
    <p class='ocr_par' dir='ltr' id='par_1_29' title="bbox 253 2601 1916 2684">
     <span class='ocr_line' id='line_1_29' title="bbox 253 2601 1916 2684; baseline -0.001 -22"><span class='ocrx_word' id='word_1_173' title='bbox 253 2607 440 2684; x_wconf 82' lang='grc' dir='ltr'>μαίων</span> <span class='ocrx_word' id='word_1_174' title='bbox 502 2606 555 2662; x_wconf 74' lang='grc' dir='ltr'>ἓν</span> <span class='ocrx_word' id='word_1_175' title='bbox 616 2609 814 2681; x_wconf 88' lang='grc' dir='ltr'>Μόψου</span> <span class='ocrx_word' id='word_1_176' title='bbox 873 2606 1023 2678; x_wconf 75' lang='grc' dir='ltr'>ἑστίᾳ</span> <span class='ocrx_word' id='word_1_177' title='bbox 1069 2601 1456 2680; x_wconf 73' lang='grc' dir='ltr'>παρεμϐολήν,</span> <span class='ocrx_word' id='word_1_178' title='bbox 1519 2604 1658 2679; x_wconf 73' lang='grc' dir='ltr'>μηδὲ</span> <span class='ocrx_word' id='word_1_179' title='bbox 1724 2607 1916 2682; x_wconf 86' lang='grc' dir='ltr'>μικρὸν</span> 
     </span>
    </p>
   </div>
   <div class='ocr_carea' id='block_1_30' title="bbox 257 2692 1918 2774">
    <p class='ocr_par' dir='ltr' id='par_1_30' title="bbox 257 2692 1918 2774">
     <span class='ocr_line' id='line_1_30' title="bbox 257 2692 1918 2774; baseline -0.001 -23"><span class='ocrx_word' id='word_1_180' title='bbox 257 2696 642 2774; x_wconf 74' lang='grc' dir='ltr'>χρονίσαντες,</span> <span class='ocrx_word' id='word_1_181' title='bbox 670 2693 1123 2757; x_wconf 80' lang='grc' dir='ltr'>διαναπαύσαντες</span> <span class='ocrx_word' id='word_1_182' title='bbox 1169 2692 1226 2749; x_wconf 71' lang='grc' dir='ltr'>δὲ</span> <span class='ocrx_word' id='word_1_183' title='bbox 1279 2694 1501 2758; x_wconf 71' lang='grc' dir='ltr'>ἑαυτοὺς</span> <span class='ocrx_word' id='word_1_184' title='bbox 1553 2695 1604 2750; x_wconf 84' lang='grc' dir='ltr'>ἐν</span> <span class='ocrx_word' id='word_1_185' title='bbox 1661 2699 1730 2768; x_wconf 78' lang='grc' dir='ltr'><strong>τῇ</strong></span> <span class='ocrx_word' id='word_1_186' title='bbox 1772 2692 1918 2751; x_wconf 86' lang='grc' dir='ltr'>Βαλ-</span> 
     </span>
    </p>
   </div>
   <div class='ocr_carea' id='block_1_31' title="bbox 243 2779 1918 2859">
    <p class='ocr_par' dir='ltr' id='par_1_31' title="bbox 243 2779 1918 2859">
     <span class='ocr_line' id='line_1_31' title="bbox 243 2779 1918 2859; baseline -0.003 -18"><span class='ocrx_word' id='word_1_187' title='bbox 243 2781 512 2841; x_wconf 79' lang='grc' dir='ltr'>τολιὸάδι</span> <span class='ocrx_word' id='word_1_188' title='bbox 549 2785 624 2846; x_wconf 81' lang='grc' dir='ltr'><strong>ὡς</strong></span> <span class='ocrx_word' id='word_1_189' title='bbox 678 2783 811 2851; x_wconf 73' lang='grc' dir='ltr'>ένὸν,</span> <span class='ocrx_word' id='word_1_190' title='bbox 845 2783 1060 2859; x_wconf 79' lang='grc' dir='ltr'>ᾤχοντο</span> <span class='ocrx_word' id='word_1_191' title='bbox 1114 2781 1203 2838; x_wconf 79' lang='grc' dir='ltr'><strong>διὰ</strong></span> <span class='ocrx_word' id='word_1_192' title='bbox 1249 2791 1350 2853; x_wconf 80' lang='grc' dir='ltr'><strong>τῆς</strong></span> <span class='ocrx_word' id='word_1_193' title='bbox 1391 2785 1606 2853; x_wconf 82' lang='grc' dir='ltr'>νυκτὸς,</span> <span class='ocrx_word' id='word_1_194' title='bbox 1662 2779 1918 2859; x_wconf 79' lang='grc' dir='ltr'>ὑπερϐάν-</span> 
     </span>
    </p>
   </div>
   <div class='ocr_carea' id='block_1_32' title="bbox 244 2868 1918 2948">
    <p class='ocr_par' dir='ltr' id='par_1_32' title="bbox 244 2868 1918 2948">
     <span class='ocr_line' id='line_1_32' title="bbox 244 2868 1918 2948; baseline -0.002 -18"><span class='ocrx_word' id='word_1_195' title='bbox 244 2897 342 2930; x_wconf 78' lang='grc' dir='ltr'><strong>τες</strong></span> <span class='ocrx_word' id='word_1_196' title='bbox 406 2895 467 2929; x_wconf 87' lang='grc' dir='ltr'><strong>τε</strong></span> <span class='ocrx_word' id='word_1_197' title='bbox 525 2874 588 2927; x_wconf 84' lang='grc' dir='ltr'>τὸ</span> <span class='ocrx_word' id='word_1_198' title='bbox 653 2868 986 2948; x_wconf 75' lang='grc' dir='ltr'>ἐαρϐαδικὸν</span> <span class='ocrx_word' id='word_1_199' title='bbox 1033 2869 1158 2948; x_wconf 76' lang='grc' dir='ltr'>ὅρος</span> <span class='ocrx_word' id='word_1_200' title='bbox 1191 2873 1282 2927; x_wconf 85' lang='grc' dir='ltr'><strong>καὶ</strong></span> <span class='ocrx_word' id='word_1_201' title='bbox 1337 2873 1410 2936; x_wconf 70' lang='grc' dir='ltr'><strong>εἰς</strong></span> <span class='ocrx_word' id='word_1_202' title='bbox 1458 2875 1526 2928; x_wconf 80' lang='grc' dir='ltr'>τὰ</span> <span class='ocrx_word' id='word_1_203' title='bbox 1575 2877 1670 2928; x_wconf 78' lang='grc' dir='ltr'><strong>τοῦ</strong></span> <span class='ocrx_word' id='word_1_204' title='bbox 1727 2871 1918 2928; x_wconf 85' lang='grc' dir='ltr'>Χάλεπ</span> 
     </span>
    </p>
   </div>
   <div class='ocr_carea' id='block_1_33' title="bbox 253 2959 1913 3037">
    <p class='ocr_par' dir='ltr' id='par_1_33' title="bbox 253 2959 1913 3037">
     <span class='ocr_line' id='line_1_33' title="bbox 253 2959 1913 3037; baseline -0.002 -19"><span class='ocrx_word' id='word_1_205' title='bbox 253 2965 361 3018; x_wconf 72' lang='grc' dir='ltr'><strong>σὺν</strong></span> <span class='ocrx_word' id='word_1_206' title='bbox 444 2959 655 3035; x_wconf 81' lang='grc' dir='ltr'>σπουδῇ</span> <span class='ocrx_word' id='word_1_207' title='bbox 733 2959 1090 3023; x_wconf 71' lang='grc' dir='ltr'>ἐπελάσαντες</span> <span class='ocrx_word' id='word_1_208' title='bbox 1161 2961 1304 3037; x_wconf 77' lang='grc' dir='ltr'>ὅρια,</span> <span class='ocrx_word' id='word_1_209' title='bbox 1363 2961 1452 3016; x_wconf 81' lang='grc' dir='ltr'><strong>καὶ</strong></span> <span class='ocrx_word' id='word_1_210' title='bbox 1518 2963 1608 3016; x_wconf 87' lang='grc' dir='ltr'><strong>τὸν</strong></span> <span class='ocrx_word' id='word_1_211' title='bbox 1667 2961 1913 3016; x_wconf 84' lang='grc' dir='ltr'>κίνδυνον</span> 
     </span>
    </p>
   </div>
   <div class='ocr_carea' id='block_1_34' title="bbox 258 3047 1914 3130">
    <p class='ocr_par' dir='ltr' id='par_1_34' title="bbox 258 3047 1914 3130">
     <span class='ocr_line' id='line_1_34' title="bbox 258 3047 1914 3130; baseline -0.002 -23"><span class='ocrx_word' id='word_1_212' title='bbox 258 3051 434 3125; x_wconf 80' lang='grc' dir='ltr'>μὸλις</span> <span class='ocrx_word' id='word_1_213' title='bbox 488 3048 874 3130; x_wconf 67' lang='grc' dir='ltr'>ὑπαλύξαντες,</span> <span class='ocrx_word' id='word_1_214' title='bbox 933 3052 1013 3122; x_wconf 88' lang='grc' dir='ltr'><strong>[Ρ.</strong></span> <span class='ocrx_word' id='word_1_215' title='bbox 1064 3052 1189 3122; x_wconf 86' lang='grc'><strong>833]</strong></span> <span class='ocrx_word' id='word_1_216' title='bbox 1238 3049 1388 3105; x_wconf 86' lang='grc' dir='ltr'>Ἀνία</span> <span class='ocrx_word' id='word_1_217' title='bbox 1438 3047 1495 3104; x_wconf 72' lang='grc' dir='ltr'>δὲ</span> <span class='ocrx_word' id='word_1_218' title='bbox 1542 3050 1768 3126; x_wconf 74' lang='grc' dir='ltr'>κατέσχε</span> <span class='ocrx_word' id='word_1_219' title='bbox 1821 3050 1914 3105; x_wconf 86' lang='grc' dir='ltr'>τὸν</span> 
     </span>
    </p>
   </div>
   <div class='ocr_carea' id='block_1_35' title="bbox 250 3146 1916 3226">
    <p class='ocr_par' dir='ltr' id='par_1_35' title="bbox 250 3146 1916 3226">
     <span class='ocr_line' id='line_1_35' title="bbox 250 3146 1916 3226; baseline -0.002 -21"><span class='ocrx_word' id='word_1_220' title='bbox 250 3149 498 3226; x_wconf 86' lang='grc' dir='ltr'>βασιλέα</span> <span class='ocrx_word' id='word_1_221' title='bbox 526 3147 988 3226; x_wconf 81' lang='grc' dir='ltr'>ἀπρακτησάντων</span> <span class='ocrx_word' id='word_1_222' title='bbox 1040 3152 1148 3203; x_wconf 88' lang='grc' dir='ltr'><strong>τῶν</strong></span> <span class='ocrx_word' id='word_1_223' title='bbox 1199 3146 1250 3202; x_wconf 77' lang='grc' dir='ltr'>ἐν</span> <span class='ocrx_word' id='word_1_224' title='bbox 1297 3147 1497 3222; x_wconf 85' lang='grc' dir='ltr'>Μόψου</span> <span class='ocrx_word' id='word_1_225' title='bbox 1545 3147 1711 3220; x_wconf 70' lang='grc' dir='ltr'>ἑστίᾳο</span> <span class='ocrx_word' id='word_1_226' title='bbox 1746 3168 1916 3202; x_wconf 88' lang='grc' dir='ltr'>κατα-</span> 
     </span>
    </p>
   </div>
   <div class='ocr_carea' id='block_1_36' title="bbox 245 3235 1912 3315">
    <p class='ocr_par' dir='ltr' id='par_1_36' title="bbox 245 3235 1912 3315">
     <span class='ocr_line' id='line_1_36' title="bbox 245 3235 1912 3315; baseline -0.002 -20"><span class='ocrx_word' id='word_1_227' title='bbox 245 3240 388 3301; x_wconf 69' lang='grc' dir='ltr'>στὰς</span> <span class='ocrx_word' id='word_1_228' title='bbox 434 3239 535 3315; x_wconf 75' lang='grc' dir='ltr'>γὰρ</span> <span class='ocrx_word' id='word_1_229' title='bbox 583 3238 673 3293; x_wconf 84' lang='grc' dir='ltr'><strong>καὶ</strong></span> <span class='ocrx_word' id='word_1_230' title='bbox 733 3236 891 3300; x_wconf 76' lang='grc' dir='ltr'>αὐτὸς</span> <span class='ocrx_word' id='word_1_231' title='bbox 951 3236 1074 3302; x_wconf 80' lang='grc' dir='ltr'><strong>εὐθὺ</strong></span> <span class='ocrx_word' id='word_1_232' title='bbox 1134 3244 1232 3308; x_wconf 77' lang='grc' dir='ltr'><strong>τῆς</strong></span> <span class='ocrx_word' id='word_1_233' title='bbox 1289 3237 1342 3292; x_wconf 66' lang='grc' dir='ltr'>ἂν</span> <span class='ocrx_word' id='word_1_234' title='bbox 1392 3237 1682 3310; x_wconf 81' lang='grc' dir='ltr'>Σελευκείᾳ</span> <span class='ocrx_word' id='word_1_235' title='bbox 1739 3235 1912 3293; x_wconf 84' lang='grc' dir='ltr'>Κλαυ-</span> 
     </span>
    </p>
   </div>
   <div class='ocr_carea' id='block_1_37' title="bbox 252 3325 1921 3402">
    <p class='ocr_par' dir='ltr' id='par_1_37' title="bbox 252 3325 1921 3402">
     <span class='ocr_line' id='line_1_37' title="bbox 252 3325 1921 3402; baseline -0.004 -17"><span class='ocrx_word' id='word_1_236' title='bbox 252 3327 628 3400; x_wconf 80' lang='grc' dir='ltr'>διουπόλεως,</span> <span class='ocrx_word' id='word_1_237' title='bbox 687 3326 803 3382; x_wconf 69' lang='grc' dir='ltr'>ἐπεὶ</span> <span class='ocrx_word' id='word_1_238' title='bbox 863 3326 985 3402; x_wconf 83' lang='grc' dir='ltr'>περὶ</span> <span class='ocrx_word' id='word_1_239' title='bbox 1034 3333 1134 3396; x_wconf 80' lang='grc' dir='ltr'><strong>τῆς</strong></span> <span class='ocrx_word' id='word_1_240' title='bbox 1191 3325 1399 3382; x_wconf 90' lang='grc' dir='ltr'>τούτων</span> <span class='ocrx_word' id='word_1_241' title='bbox 1447 3325 1781 3400; x_wconf 75' lang='grc' dir='ltr'>ἐμεμαθήκει</span> <span class='ocrx_word' id='word_1_242' title='bbox 1823 3347 1921 3402; x_wconf 81' lang='grc' dir='ltr'>φυ-</span> 
     </span>
    </p>
   </div>
   <div class='ocr_carea' id='block_1_38' title="bbox 255 3414 1919 3493">
    <p class='ocr_par' dir='ltr' id='par_1_38' title="bbox 255 3414 1919 3493">
     <span class='ocr_line' id='line_1_38' title="bbox 255 3414 1919 3493; baseline -0.003 -21"><span class='ocrx_word' id='word_1_243' title='bbox 255 3425 397 3493; x_wconf 73' lang='grc' dir='ltr'>γῆς,</span> <span class='ocrx_word' id='word_1_244' title='bbox 441 3415 705 3492; x_wconf 76' lang='grc' dir='ltr'>ἀπογνοὺς</span> <span class='ocrx_word' id='word_1_245' title='bbox 759 3414 1170 3489; x_wconf 83' lang='grc' dir='ltr'>ὀπισθόρμητος</span> <span class='ocrx_word' id='word_1_246' title='bbox 1219 3416 1434 3491; x_wconf 89' lang='grc' dir='ltr'>γέγονεν</span> <span class='ocrx_word' id='word_1_247' title='bbox 1479 3415 1566 3470; x_wconf 82' lang='grc' dir='ltr'><strong>έπί</strong></span> <span class='ocrx_word' id='word_1_248' title='bbox 1611 3417 1673 3470; x_wconf 88' lang='grc' dir='ltr'>τὸ</span> <span class='ocrx_word' id='word_1_249' title='bbox 1722 3417 1919 3485; x_wconf 76' lang='grc' dir='ltr'>Βυζάν-</span> 
     </span>
    </p>
   </div>
   <div class='ocr_carea' id='block_1_39' title="bbox 252 3501 1920 3582">
    <p class='ocr_par' dir='ltr' id='par_1_39' title="bbox 252 3501 1920 3582">
     <span class='ocr_line' id='line_1_39' title="bbox 252 3501 1920 3582; baseline 0 -19"><span class='ocrx_word' id='word_1_250' title='bbox 252 3529 407 3577; x_wconf 85' lang='grc' dir='ltr'>τιον,</span> <span class='ocrx_word' id='word_1_251' title='bbox 441 3501 791 3581; x_wconf 72' lang='grc' dir='ltr'>ἐπειγόμενος</span> <span class='ocrx_word' id='word_1_252' title='bbox 821 3505 896 3566; x_wconf 83' lang='grc' dir='ltr'>ὡς</span> <span class='ocrx_word' id='word_1_253' title='bbox 925 3502 1034 3574; x_wconf 73' lang='grc' dir='ltr'>ἤδη</span> <span class='ocrx_word' id='word_1_254' title='bbox 1085 3503 1284 3560; x_wconf 85' lang='grc' dir='ltr'>λοιπὸν</span> <span class='ocrx_word' id='word_1_255' title='bbox 1335 3505 1426 3560; x_wconf 83' lang='grc' dir='ltr'><strong>καὶ</strong></span> <span class='ocrx_word' id='word_1_256' title='bbox 1468 3510 1566 3561; x_wconf 72' lang='grc' dir='ltr'><strong>τοῦ</strong></span> <span class='ocrx_word' id='word_1_257' title='bbox 1600 3507 1920 3582; x_wconf 76' lang='grc' dir='ltr'>μετοπώρου</span> 
     </span>
    </p>
   </div>
   <div class='ocr_carea' id='block_1_40' title="bbox 251 3591 1918 3668">
    <p class='ocr_par' dir='ltr' id='par_1_40' title="bbox 251 3591 1918 3668">
     <span class='ocr_line' id='line_1_40' title="bbox 251 3591 1918 3668; baseline -0.001 -15"><span class='ocrx_word' id='word_1_258' title='bbox 251 3596 604 3664; x_wconf 71' lang='grc' dir='ltr'>ἱπιστάντος,</span> <span class='ocrx_word' id='word_1_259' title='bbox 645 3592 962 3650; x_wconf 88' lang='grc' dir='ltr'>καταλιπὼν</span> <span class='ocrx_word' id='word_1_260' title='bbox 1017 3591 1201 3668; x_wconf 75' lang='grc' dir='ltr'>ἕτερον</span> <span class='ocrx_word' id='word_1_261' title='bbox 1261 3593 1392 3650; x_wconf 85' lang='grc' dir='ltr'>λαὸν</span> <span class='ocrx_word' id='word_1_262' title='bbox 1440 3591 1656 3659; x_wconf 77' lang='grc' dir='ltr'>ὄπισθεν</span> <span class='ocrx_word' id='word_1_263' title='bbox 1716 3593 1804 3650; x_wconf 74' lang='grc' dir='ltr'><strong>διὰ</strong></span> <span class='ocrx_word' id='word_1_264' title='bbox 1857 3598 1918 3652; x_wconf 85' lang='grc' dir='ltr'>τὸ</span> 
     </span>
    </p>
   </div>
   <div class='ocr_carea' id='block_1_41' title="bbox 243 3681 1916 3759">
    <p class='ocr_par' dir='ltr' id='par_1_41' title="bbox 243 3681 1916 3759">
     <span class='ocr_line' id='line_1_41' title="bbox 243 3681 1916 3759; baseline 0 -17"><span class='ocrx_word' id='word_1_265' title='bbox 243 3688 351 3742; x_wconf 80' lang='grc' dir='ltr'>καὶ</span> <span class='ocrx_word' id='word_1_266' title='bbox 392 3683 607 3759; x_wconf 71' lang='grc' dir='ltr'>ἑτέρους</span> <span class='ocrx_word' id='word_1_267' title='bbox 659 3683 930 3756; x_wconf 87' lang='grc' dir='ltr'>Τούρκους</span> <span class='ocrx_word' id='word_1_268' title='bbox 976 3681 1400 3754; x_wconf 79' lang='grc' dir='ltr'>καταληίζεσθαι</span> <span class='ocrx_word' id='word_1_269' title='bbox 1448 3685 1545 3752; x_wconf 77' lang='grc' dir='ltr'>τὴν</span> <span class='ocrx_word' id='word_1_270' title='bbox 1606 3685 1916 3758; x_wconf 74' lang='grc' dir='ltr'>Ῥωμαϊκὴν</span> 
     </span>
    </p>
   </div>
   <div class='ocr_carea' id='block_1_42' title="bbox 246 3770 1917 3851">
    <p class='ocr_par' dir='ltr' id='par_1_42' title="bbox 246 3770 1917 3851">
     <span class='ocr_line' id='line_1_42' title="bbox 246 3770 1917 3851; baseline -0.001 -23"><span class='ocrx_word' id='word_1_271' title='bbox 246 3783 391 3851; x_wconf 77' lang='grc' dir='ltr'>γῆν,</span> <span class='ocrx_word' id='word_1_272' title='bbox 444 3774 579 3828; x_wconf 73' lang='grc' dir='ltr'>κατὰ</span> <span class='ocrx_word' id='word_1_273' title='bbox 635 3773 863 3850; x_wconf 72' lang='grc' dir='ltr'>φατρίας</span> <span class='ocrx_word' id='word_1_274' title='bbox 923 3772 1014 3826; x_wconf 81' lang='grc' dir='ltr'>καὶ</span> <span class='ocrx_word' id='word_1_275' title='bbox 1091 3772 1282 3846; x_wconf 87' lang='grc' dir='ltr'>μοίρας</span> <span class='ocrx_word' id='word_1_276' title='bbox 1364 3770 1774 3847; x_wconf 72' lang='grc' dir='ltr'>διαιρουμένους</span> <span class='ocrx_word' id='word_1_277' title='bbox 1827 3774 1917 3830; x_wconf 83' lang='grc' dir='ltr'><strong>καὶ</strong></span> 
     </span>
    </p>
   </div>
   <div class='ocr_carea' id='block_1_43' title="bbox 247 3857 1917 3938">
    <p class='ocr_par' dir='ltr' id='par_1_43' title="bbox 247 3857 1917 3938">
     <span class='ocr_line' id='line_1_43' title="bbox 247 3857 1917 3938; baseline -0.001 -18"><span class='ocrx_word' id='word_1_278' title='bbox 247 3862 696 3938; x_wconf 71' lang='grc' dir='ltr'>κατατρέχοντας</span> <span class='ocrx_word' id='word_1_279' title='bbox 743 3857 1080 3916; x_wconf 82' lang='grc' dir='ltr'>λωποδυτῶν</span> <span class='ocrx_word' id='word_1_280' title='bbox 1122 3860 1326 3936; x_wconf 87' lang='grc' dir='ltr'>τρόπον</span> <span class='ocrx_word' id='word_1_281' title='bbox 1373 3863 1460 3916; x_wconf 83' lang='grc' dir='ltr'><strong>καὶ</strong></span> <span class='ocrx_word' id='word_1_282' title='bbox 1511 3859 1784 3931; x_wconf 87' lang='grc' dir='ltr'>κλεπτῶν,</span> <span class='ocrx_word' id='word_1_283' title='bbox 1827 3866 1917 3919; x_wconf 83' lang='grc' dir='ltr'><strong>καὶ</strong></span> 
     </span>
    </p>
   </div>
   <div class='ocr_carea' id='block_1_44' title="bbox 245 3942 1918 4027">
    <p class='ocr_par' dir='ltr' id='par_1_44' title="bbox 245 3942 1918 4027">
     <span class='ocr_line' id='line_1_44' title="bbox 245 3942 1918 4027; baseline 0.001 -21"><span class='ocrx_word' id='word_1_284' title='bbox 245 3954 318 4010; x_wconf 83' lang='grc' dir='ltr'>τὸ</span> <span class='ocrx_word' id='word_1_285' title='bbox 384 3951 693 4027; x_wconf 83' lang='grc' dir='ltr'>προστυχὸν</span> <span class='ocrx_word' id='word_1_286' title='bbox 749 3951 885 4004; x_wconf 81' lang='grc' dir='ltr'>ἅπαν</span> <span class='ocrx_word' id='word_1_287' title='bbox 946 3950 1302 4027; x_wconf 76' lang='grc' dir='ltr'>ἀφανίζοντας</span> <span class='ocrx_word' id='word_1_288' title='bbox 1345 3949 1434 4005; x_wconf 84' lang='grc' dir='ltr'><strong>καὶ</strong></span> <span class='ocrx_word' id='word_1_289' title='bbox 1481 3949 1791 4021; x_wconf 76' lang='grc' dir='ltr'>ληίζοντας.</span> <span class='ocrx_word' id='word_1_290' title='bbox 1837 3942 1918 4008; x_wconf 78' lang='grc' dir='ltr'><strong>Δι’</strong></span> 
     </span>
    </p>
   </div>
   <div class='ocr_carea' id='block_1_45' title="bbox 248 4036 1916 4114">
    <p class='ocr_par' dir='ltr' id='par_1_45' title="bbox 248 4036 1916 4114">
     <span class='ocr_line' id='line_1_45' title="bbox 248 4036 1916 4114; baseline -0.002 -16"><span class='ocrx_word' id='word_1_291' title='bbox 248 4044 284 4098; x_wconf 71' lang='grc' dir='ltr'>ἃ</span> <span class='ocrx_word' id='word_1_292' title='bbox 315 4041 414 4096; x_wconf 80' lang='grc' dir='ltr'><strong>καὶ</strong></span> <span class='ocrx_word' id='word_1_293' title='bbox 472 4037 744 4114; x_wconf 77' lang='grc' dir='ltr'>δυσχερὴς</span> <span class='ocrx_word' id='word_1_294' title='bbox 802 4039 870 4107; x_wconf 73' lang='grc' dir='ltr'>ἦν</span> <span class='ocrx_word' id='word_1_295' title='bbox 920 4040 956 4107; x_wconf 82' lang='grc' dir='ltr'>ἡ</span> <span class='ocrx_word' id='word_1_296' title='bbox 999 4038 1206 4093; x_wconf 88' lang='grc' dir='ltr'>τούτων</span> <span class='ocrx_word' id='word_1_297' title='bbox 1253 4036 1519 4110; x_wconf 75' lang='grc' dir='ltr'>κώλυσις,</span> <span class='ocrx_word' id='word_1_298' title='bbox 1564 4039 1758 4102; x_wconf 85' lang='grc' dir='ltr'>πάσαις</span> <span class='ocrx_word' id='word_1_299' title='bbox 1799 4048 1916 4104; x_wconf 86' lang='grc' dir='ltr'>ταῖς</span> 
     </span>
    </p>
   </div>
   <div class='ocr_carea' id='block_1_46' title="bbox 245 4125 1915 4206">
    <p class='ocr_par' dir='ltr' id='par_1_46' title="bbox 245 4125 1915 4206">
     <span class='ocr_line' id='line_1_46' title="bbox 245 4125 1915 4206; baseline -0.002 -20"><span class='ocrx_word' id='word_1_300' title='bbox 245 4128 410 4190; x_wconf 79' lang='grc' dir='ltr'>ὁδοῖς</span> <span class='ocrx_word' id='word_1_301' title='bbox 457 4125 874 4206; x_wconf 73' lang='grc' dir='ltr'>ἐφεδρευόντων,</span> <span class='ocrx_word' id='word_1_302' title='bbox 927 4131 1034 4181; x_wconf 90' lang='grc' dir='ltr'><strong>τῶν</strong></span> <span class='ocrx_word' id='word_1_303' title='bbox 1089 4126 1506 4202; x_wconf 82' lang='grc' dir='ltr'>στρατευμάτων</span> <span class='ocrx_word' id='word_1_304' title='bbox 1562 4129 1740 4182; x_wconf 77' lang='grc' dir='ltr'>αὐτῶν</span> <span class='ocrx_word' id='word_1_305' title='bbox 1795 4134 1915 4194; x_wconf 82' lang='grc' dir='ltr'>καθ’</span> 
     </span>
    </p>
   </div>
   <div class='ocr_carea' id='block_1_47' title="bbox 243 4211 1916 4289">
    <p class='ocr_par' dir='ltr' id='par_1_47' title="bbox 243 4211 1916 4289">
     <span class='ocr_line' id='line_1_47' title="bbox 243 4211 1916 4289; baseline -0.001 -16"><span class='ocrx_word' id='word_1_306' title='bbox 243 4219 395 4274; x_wconf 72' lang='grc' dir='ltr'>αὐτὰ</span> <span class='ocrx_word' id='word_1_307' title='bbox 453 4213 883 4289; x_wconf 86' lang='grc' dir='ltr'>μεμονωμένων,</span> <span class='ocrx_word' id='word_1_308' title='bbox 947 4215 1023 4287; x_wconf 78' lang='grc' dir='ltr'>μὴ</span> <span class='ocrx_word' id='word_1_309' title='bbox 1086 4211 1398 4288; x_wconf 73' lang='grc' dir='ltr'>δυναμένων</span> <span class='ocrx_word' id='word_1_310' title='bbox 1465 4217 1771 4285; x_wconf 76' lang='grc' dir='ltr'>ἀντιστῆναι</span> <span class='ocrx_word' id='word_1_311' title='bbox 1826 4217 1916 4272; x_wconf 81' lang='grc' dir='ltr'>αύ-</span> 
     </span>
    </p>
   </div>
   <div class='ocr_carea' id='block_1_48' title="bbox 239 4301 1914 4382">
    <p class='ocr_par' dir='ltr' id='par_1_48' title="bbox 239 4301 1914 4382">
     <span class='ocr_line' id='line_1_48' title="bbox 239 4301 1914 4382; baseline -0.001 -19"><span class='ocrx_word' id='word_1_312' title='bbox 239 4310 513 4374; x_wconf 76' lang='grc' dir='ltr'>τοῖς,τοῦ</span> <span class='ocrx_word' id='word_1_313' title='bbox 544 4302 601 4360; x_wconf 76' lang='grc' dir='ltr'>δὲ</span> <span class='ocrx_word' id='word_1_314' title='bbox 635 4302 905 4380; x_wconf 86' lang='grc' dir='ltr'>βασιλέως</span> <span class='ocrx_word' id='word_1_315' title='bbox 964 4301 1116 4368; x_wconf 74' lang='grc' dir='ltr'>αὖθις</span> <span class='ocrx_word' id='word_1_316' title='bbox 1169 4305 1246 4376; x_wconf 83' lang='grc' dir='ltr'>μὴ</span> <span class='ocrx_word' id='word_1_317' title='bbox 1297 4303 1415 4360; x_wconf 72' lang='grc' dir='ltr'>οῗου</span> <span class='ocrx_word' id='word_1_318' title='bbox 1458 4326 1516 4360; x_wconf 90' lang='grc' dir='ltr'><strong>τε</strong></span> <span class='ocrx_word' id='word_1_319' title='bbox 1555 4301 1708 4367; x_wconf 75' lang='grc' dir='ltr'>ὄντος</span> <span class='ocrx_word' id='word_1_320' title='bbox 1768 4307 1914 4382; x_wconf 69' lang='grc' dir='ltr'>μερίς</span> 
     </span>
    </p>
   </div>
   <div class='ocr_carea' id='block_1_49' title="bbox 247 4391 1912 4467">
    <p class='ocr_par' dir='ltr' id='par_1_49' title="bbox 247 4391 1912 4467">
     <span class='ocr_line' id='line_1_49' title="bbox 247 4391 1912 4467; baseline -0.001 -16"><span class='ocrx_word' id='word_1_321' title='bbox 247 4403 466 4467; x_wconf 81' lang='grc' dir='ltr'>ζεσθαι,</span> <span class='ocrx_word' id='word_1_322' title='bbox 499 4393 625 4449; x_wconf 77' lang='grc' dir='ltr'>ἀλλ’</span> <span class='ocrx_word' id='word_1_323' title='bbox 656 4393 736 4448; x_wconf 76' lang='grc' dir='ltr'><strong>έτί</strong></span> <span class='ocrx_word' id='word_1_324' title='bbox 791 4393 1060 4465; x_wconf 89' lang='grc' dir='ltr'>παρόντος</span> <span class='ocrx_word' id='word_1_325' title='bbox 1110 4391 1282 4466; x_wconf 86' lang='grc' dir='ltr'>τόπῳ.</span> <span class='ocrx_word' id='word_1_326' title='bbox 1316 4392 1594 4456; x_wconf 84' lang='grc' dir='ltr'>Είσιόντος</span> <span class='ocrx_word' id='word_1_327' title='bbox 1652 4391 1709 4448; x_wconf 70' lang='grc' dir='ltr'>δὶ</span> <span class='ocrx_word' id='word_1_328' title='bbox 1749 4393 1912 4449; x_wconf 80' lang='grc' dir='ltr'>αὐτοῦ</span> 
     </span>
    </p>
   </div>
   <div class='ocr_carea' id='block_1_50' title="bbox 243 4488 1912 4566">
    <p class='ocr_par' dir='ltr' id='par_1_50' title="bbox 243 4488 1912 4566">
     <span class='ocr_line' id='line_1_50' title="bbox 243 4488 1912 4566; baseline -0.001 -18"><span class='ocrx_word' id='word_1_329' title='bbox 243 4495 331 4556; x_wconf 72' lang='grc' dir='ltr'>εἷς</span> <span class='ocrx_word' id='word_1_330' title='bbox 367 4495 466 4561; x_wconf 75' lang='grc' dir='ltr'><strong>τήν</strong></span> <span class='ocrx_word' id='word_1_331' title='bbox 503 4488 778 4566; x_wconf 86' lang='grc' dir='ltr'>βασιλίδα,</span> <span class='ocrx_word' id='word_1_332' title='bbox 813 4488 896 4543; x_wconf 73' lang='grc' dir='ltr'><strong>ἐπ’</strong></span> <span class='ocrx_word' id='word_1_333' title='bbox 928 4488 1080 4544; x_wconf 79' lang='grc' dir='ltr'>οἷ’κου</span> <span class='ocrx_word' id='word_1_334' title='bbox 1111 4489 1201 4544; x_wconf 79' lang='grc' dir='ltr'><strong>καί</strong></span> <span class='ocrx_word' id='word_1_335' title='bbox 1249 4492 1312 4545; x_wconf 88' lang='grc' dir='ltr'>τὸ</span> <span class='ocrx_word' id='word_1_336' title='bbox 1362 4490 1555 4546; x_wconf 82' lang='grc' dir='ltr'>λοιπὸν</span> <span class='ocrx_word' id='word_1_337' title='bbox 1607 4493 1912 4566; x_wconf 87' lang='grc' dir='ltr'>στράτευμα</span> 
     </span>
    </p>
   </div>
   <div class='ocr_carea' id='block_1_51' title="bbox 2035 548 3675 628">
    <p class='ocr_par' dir='ltr' id='par_1_51' title="bbox 2035 548 3675 628">
     <span class='ocr_line' id='line_1_51' title="bbox 2035 548 3675 628; baseline -0.006 -18"><span class='ocrx_word' id='word_1_338' title='bbox 2035 555 2234 627; x_wconf 86' lang='lat' dir='ltr'><strong>ibique</strong></span> <span class='ocrx_word' id='word_1_339' title='bbox 2281 573 2380 612; x_wconf 90' lang='lat' dir='ltr'><strong>eos</strong></span> <span class='ocrx_word' id='word_1_340' title='bbox 2429 561 2774 628; x_wconf 86' lang='lat' dir='ltr'><strong>exspectans</strong></span> <span class='ocrx_word' id='word_1_341' title='bbox 2803 553 3082 610; x_wconf 89' lang='lat' dir='ltr'><strong>omnibus</strong></span> <span class='ocrx_word' id='word_1_342' title='bbox 3113 550 3305 606; x_wconf 89' lang='lat' dir='ltr'><strong>modis</strong></span> <span class='ocrx_word' id='word_1_343' title='bbox 3336 548 3675 604; x_wconf 73' lang='lat' dir='ltr'><strong>offenderet.</strong></span> 
     </span>
    </p>
   </div>
   <div class='ocr_carea' id='block_1_52' title="bbox 2033 634 3678 716">
    <p class='ocr_par' dir='ltr' id='par_1_52' title="bbox 2033 634 3678 716">
     <span class='ocr_line' id='line_1_52' title="bbox 2033 634 3678 716; baseline -0.005 -17"><span class='ocrx_word' id='word_1_344' title='bbox 2033 645 2452 699; x_wconf 66' lang='lat' dir='ltr'><strong>Prmtereuntes</strong></span> <span class='ocrx_word' id='word_1_345' title='bbox 2483 643 2664 716; x_wconf 80' lang='lat' dir='ltr'><strong>igitur</strong></span> <span class='ocrx_word' id='word_1_346' title='bbox 2693 659 2795 715; x_wconf 91' lang='lat' dir='ltr'><strong>per</strong></span> <span class='ocrx_word' id='word_1_347' title='bbox 2825 640 3099 698; x_wconf 58' lang='lat' dir='ltr'><strong>Seleucia</strong></span> <span class='ocrx_word' id='word_1_348' title='bbox 3134 643 3362 693; x_wconf 81' lang='lat' dir='ltr'><strong>montes</strong></span> <span class='ocrx_word' id='word_1_349' title='bbox 3394 637 3464 691; x_wconf 87' lang='lat' dir='ltr'><strong>ad</strong></span> <span class='ocrx_word' id='word_1_350' title='bbox 3514 634 3678 690; x_wconf 87' lang='lat' dir='ltr'><strong>Tarsi</strong></span> 
     </span>
    </p>
   </div>
   <div class='ocr_carea' id='block_1_53' title="bbox 2036 725 3680 808">
    <p class='ocr_par' dir='ltr' id='par_1_53' title="bbox 2036 725 3680 808">
     <span class='ocr_line' id='line_1_53' title="bbox 2036 725 3680 808; baseline -0.007 -18"><span class='ocrx_word' id='word_1_351' title='bbox 2036 734 2343 808; x_wconf 78' lang='lat' dir='ltr'><strong>planitiam</strong></span> <span class='ocrx_word' id='word_1_352' title='bbox 2370 733 2585 806; x_wconf 89' lang='lat' dir='ltr'><strong>jaculis</strong></span> <span class='ocrx_word' id='word_1_353' title='bbox 2615 731 2863 788; x_wconf 89' lang='lat' dir='ltr'><strong>confecti</strong></span> <span class='ocrx_word' id='word_1_354' title='bbox 2897 735 3067 797; x_wconf 90' lang='lat' dir='ltr'><strong>sunt;</strong></span> <span class='ocrx_word' id='word_1_355' title='bbox 3120 727 3217 783; x_wconf 91' lang='lat' dir='ltr'><strong>ubi</strong></span> <span class='ocrx_word' id='word_1_356' title='bbox 3265 727 3338 782; x_wconf 87' lang='lat' dir='ltr'><strong>ab</strong></span> <span class='ocrx_word' id='word_1_357' title='bbox 3389 725 3680 780; x_wconf 78' lang='lat' dir='ltr'><strong>Armeniis</strong></span> 
     </span>
    </p>
   </div>
   <div class='ocr_carea' id='block_1_54' title="bbox 2035 815 3682 896">
    <p class='ocr_par' dir='ltr' id='par_1_54' title="bbox 2035 815 3682 896">
     <span class='ocr_line' id='line_1_54' title="bbox 2035 815 3682 896; baseline -0.007 -17"><span class='ocrx_word' id='word_1_358' title='bbox 2035 823 2443 896; x_wconf 80' lang='lat' dir='ltr'><strong>comprehensi</strong></span> <span class='ocrx_word' id='word_1_359' title='bbox 2504 839 2736 877; x_wconf 90' lang='lat' dir='ltr'><strong>omnem</strong></span> <span class='ocrx_word' id='word_1_360' title='bbox 2793 823 2911 876; x_wconf 89' lang='lat' dir='ltr'><strong>fere</strong></span> <span class='ocrx_word' id='word_1_361' title='bbox 2969 818 3224 890; x_wconf 78' lang='lat' dir='ltr'><strong>praedam</strong></span> <span class='ocrx_word' id='word_1_362' title='bbox 3278 815 3548 870; x_wconf 87' lang='lat' dir='ltr'><strong>amisere.</strong></span> <span class='ocrx_word' id='word_1_363' title='bbox 3609 816 3682 868; x_wconf 89' lang='lat' dir='ltr'><strong>At</strong></span> 
     </span>
    </p>
   </div>
   <div class='ocr_carea' id='block_1_55' title="bbox 2036 902 3677 984">
    <p class='ocr_par' dir='ltr' id='par_1_55' title="bbox 2036 902 3677 984">
     <span class='ocr_line' id='line_1_55' title="bbox 2036 902 3677 984; baseline -0.007 -15"><span class='ocrx_word' id='word_1_364' title='bbox 2036 913 2232 968; x_wconf 79' lang='lat' dir='ltr'><strong>hostes</strong></span> <span class='ocrx_word' id='word_1_365' title='bbox 2247 913 2501 984; x_wconf 85' lang='lat' dir='ltr'><strong>cognitis</strong></span> <span class='ocrx_word' id='word_1_366' title='bbox 2526 915 2918 966; x_wconf 80' lang='lat' dir='ltr'><strong>Romanorum</strong></span> <span class='ocrx_word' id='word_1_367' title='bbox 2937 907 3146 963; x_wconf 78' lang='lat' dir='ltr'><strong>castris</strong></span> <span class='ocrx_word' id='word_1_368' title='bbox 3163 906 3231 961; x_wconf 84' lang='lat' dir='ltr'><strong>ad</strong></span> <span class='ocrx_word' id='word_1_369' title='bbox 3262 902 3677 974; x_wconf 85' lang='lat' dir='ltr'><strong>Mopsuestiam</strong></span> 
     </span>
    </p>
   </div>
   <div class='ocr_carea' id='block_1_56' title="bbox 2037 990 3678 1074">
    <p class='ocr_par' dir='ltr' id='par_1_56' title="bbox 2037 990 3678 1074">
     <span class='ocr_line' id='line_1_56' title="bbox 2037 990 3678 1074; baseline -0.007 -17"><span class='ocrx_word' id='word_1_370' title='bbox 2037 1019 2108 1057; x_wconf 92' lang='lat' dir='ltr'><strong>ne</strong></span> <span class='ocrx_word' id='word_1_371' title='bbox 2140 1019 2346 1074; x_wconf 88' lang='lat' dir='ltr'><strong>parum</strong></span> <span class='ocrx_word' id='word_1_372' title='bbox 2377 1001 2615 1074; x_wconf 85' lang='lat' dir='ltr'><strong>quidem</strong></span> <span class='ocrx_word' id='word_1_373' title='bbox 2671 997 3038 1062; x_wconf 83' lang='lat' dir='ltr'><strong>commorati,</strong></span> <span class='ocrx_word' id='word_1_374' title='bbox 3097 1011 3226 1050; x_wconf 91' lang='lat' dir='ltr'><strong>cum</strong></span> <span class='ocrx_word' id='word_1_375' title='bbox 3281 1010 3342 1048; x_wconf 90' lang='lat' dir='ltr'><strong>se</strong></span> <span class='ocrx_word' id='word_1_376' title='bbox 3401 993 3562 1063; x_wconf 88' lang='lat' dir='ltr'><strong>ipsos</strong></span> <span class='ocrx_word' id='word_1_377' title='bbox 3619 990 3678 1046; x_wconf 91' lang='lat' dir='ltr'><strong>in</strong></span> 
     </span>
    </p>
   </div>
   <div class='ocr_carea' id='block_1_57' title="bbox 2037 1081 3681 1162">
    <p class='ocr_par' dir='ltr' id='par_1_57' title="bbox 2037 1081 3681 1162">
     <span class='ocr_line' id='line_1_57' title="bbox 2037 1081 3681 1162; baseline -0.009 -12"><span class='ocrx_word' id='word_1_378' title='bbox 2037 1092 2394 1150; x_wconf 85' lang='lat' dir='ltr'><strong>Baltolibade</strong></span> <span class='ocrx_word' id='word_1_379' title='bbox 2443 1108 2546 1162; x_wconf 89' lang='lat' dir='ltr'><strong>pro</strong></span> <span class='ocrx_word' id='word_1_380' title='bbox 2591 1088 2813 1142; x_wconf 90' lang='lat' dir='ltr'><strong>viribus</strong></span> <span class='ocrx_word' id='word_1_381' title='bbox 2865 1085 3221 1153; x_wconf 85' lang='lat' dir='ltr'><strong>refecissent,</strong></span> <span class='ocrx_word' id='word_1_382' title='bbox 3284 1086 3457 1137; x_wconf 88' lang='lat' dir='ltr'><strong>noctu</strong></span> <span class='ocrx_word' id='word_1_383' title='bbox 3523 1081 3681 1136; x_wconf 85' lang='lat' dir='ltr'><strong>abie-</strong></span> 
     </span>
    </p>
   </div>
   <div class='ocr_carea' id='block_1_58' title="bbox 2037 1168 3681 1252">
    <p class='ocr_par' dir='ltr' id='par_1_58' title="bbox 2037 1168 3681 1252">
     <span class='ocr_line' id='line_1_58' title="bbox 2037 1168 3681 1252; baseline -0.009 -16"><span class='ocrx_word' id='word_1_384' title='bbox 2037 1186 2193 1246; x_wconf 89' lang='lat' dir='ltr'><strong>runt,</strong></span> <span class='ocrx_word' id='word_1_385' title='bbox 2215 1187 2270 1237; x_wconf 92' lang='lat' dir='ltr'><strong>et</strong></span> <span class='ocrx_word' id='word_1_386' title='bbox 2300 1183 2574 1252; x_wconf 87' lang='lat' dir='ltr'><strong>superato</strong></span> <span class='ocrx_word' id='word_1_387' title='bbox 2607 1176 2923 1233; x_wconf 90' lang='lat' dir='ltr'><strong>Sarbadico</strong></span> <span class='ocrx_word' id='word_1_388' title='bbox 2955 1178 3150 1229; x_wconf 89' lang='lat' dir='ltr'><strong>monte</strong></span> <span class='ocrx_word' id='word_1_389' title='bbox 3182 1172 3250 1227; x_wconf 89' lang='lat' dir='ltr'><strong>ad</strong></span> <span class='ocrx_word' id='word_1_390' title='bbox 3287 1171 3433 1226; x_wconf 89' lang='lat' dir='ltr'><strong>ﬁnes</strong></span> <span class='ocrx_word' id='word_1_391' title='bbox 3463 1168 3681 1242; x_wconf 88' lang='lat' dir='ltr'><strong>Chalep</strong></span> 
     </span>
    </p>
   </div>
   <div class='ocr_carea' id='block_1_59' title="bbox 2036 1261 3678 1335">
    <p class='ocr_par' dir='ltr' id='par_1_59' title="bbox 2036 1261 3678 1335">
     <span class='ocr_line' id='line_1_59' title="bbox 2036 1261 3678 1335; baseline -0.009 -9"><span class='ocrx_word' id='word_1_392' title='bbox 2036 1288 2270 1326; x_wconf 87' lang='lat' dir='ltr'><strong>summo</strong></span> <span class='ocrx_word' id='word_1_393' title='bbox 2328 1271 2525 1325; x_wconf 88' lang='lat' dir='ltr'><strong>studio</strong></span> <span class='ocrx_word' id='word_1_394' title='bbox 2584 1269 2673 1322; x_wconf 86' lang='lat' dir='ltr'><strong>vix</strong></span> <span class='ocrx_word' id='word_1_395' title='bbox 2729 1266 2944 1322; x_wconf 87' lang='lat' dir='ltr'><strong>evitato</strong></span> <span class='ocrx_word' id='word_1_396' title='bbox 3001 1261 3260 1335; x_wconf 89' lang='lat' dir='ltr'><strong>periculo</strong></span> <span class='ocrx_word' id='word_1_397' title='bbox 3319 1275 3678 1316; x_wconf 84' lang='lat' dir='ltr'><strong>concessere.</strong></span> 
     </span>
    </p>
   </div>
   <div class='ocr_carea' id='block_1_60' title="bbox 2034 1356 3682 1436">
    <p class='ocr_par' dir='ltr' id='par_1_60' title="bbox 2034 1356 3682 1436">
     <span class='ocr_line' id='line_1_60' title="bbox 2034 1356 3682 1436; baseline -0.009 -10"><span class='ocrx_word' id='word_1_398' title='bbox 2034 1369 2300 1426; x_wconf 83' lang='lat' dir='ltr'><strong>Molestia</strong></span> <span class='ocrx_word' id='word_1_399' title='bbox 2327 1368 2691 1424; x_wconf 84' lang='lat' dir='ltr'><strong>afﬁciebatur</strong></span> <span class='ocrx_word' id='word_1_400' title='bbox 2720 1365 3057 1436; x_wconf 84' lang='lat' dir='ltr'><strong>imperator,</strong></span> <span class='ocrx_word' id='word_1_401' title='bbox 3090 1360 3244 1433; x_wconf 89' lang='lat' dir='ltr'><strong>quod</strong></span> <span class='ocrx_word' id='word_1_402' title='bbox 3279 1359 3318 1414; x_wconf 92' lang='lat' dir='ltr'><strong>ii</strong></span> <span class='ocrx_word' id='word_1_403' title='bbox 3366 1357 3467 1430; x_wconf 89' lang='lat' dir='ltr'><strong>qui</strong></span> <span class='ocrx_word' id='word_1_404' title='bbox 3519 1356 3682 1426; x_wconf 86' lang='lat' dir='ltr'><strong>Mop-</strong></span> 
     </span>
    </p>
   </div>
   <div class='ocr_carea' id='block_1_61' title="bbox 2035 1445 3682 1526">
    <p class='ocr_par' dir='ltr' id='par_1_61' title="bbox 2035 1445 3682 1526">
     <span class='ocr_line' id='line_1_61' title="bbox 2035 1445 3682 1526; baseline -0.009 -12"><span class='ocrx_word' id='word_1_405' title='bbox 2035 1457 2265 1514; x_wconf 68' lang='lat' dir='ltr'><strong>suestias</strong></span> <span class='ocrx_word' id='word_1_406' title='bbox 2293 1461 2459 1513; x_wconf 91' lang='lat' dir='ltr'><strong>erant</strong></span> <span class='ocrx_word' id='word_1_407' title='bbox 2488 1455 2653 1511; x_wconf 85' lang='lat' dir='ltr'><strong>otiosi</strong></span> <span class='ocrx_word' id='word_1_408' title='bbox 2691 1455 2987 1526; x_wconf 84' lang='lat' dir='ltr'><strong>degerent.</strong></span> <span class='ocrx_word' id='word_1_409' title='bbox 3020 1455 3283 1520; x_wconf 90' lang='lat' dir='ltr'><strong>Cumque</strong></span> <span class='ocrx_word' id='word_1_410' title='bbox 3314 1451 3474 1502; x_wconf 83' lang='lat' dir='ltr'><strong>recta</strong></span> <span class='ocrx_word' id='word_1_411' title='bbox 3516 1445 3682 1502; x_wconf 91' lang='lat' dir='ltr'><strong>Clau-</strong></span> 
     </span>
    </p>
   </div>
   <div class='ocr_carea' id='block_1_62' title="bbox 2033 1536 3680 1620">
    <p class='ocr_par' dir='ltr' id='par_1_62' title="bbox 2033 1536 3680 1620">
     <span class='ocr_line' id='line_1_62' title="bbox 2033 1536 3680 1620; baseline -0.01 -16"><span class='ocrx_word' id='word_1_412' title='bbox 2033 1547 2312 1620; x_wconf 93' lang='lat' dir='ltr'><strong>diopolim</strong></span> <span class='ocrx_word' id='word_1_413' title='bbox 2362 1547 2420 1600; x_wconf 91' lang='lat' dir='ltr'><strong>in</strong></span> <span class='ocrx_word' id='word_1_414' title='bbox 2473 1544 2792 1601; x_wconf 85' lang='lat' dir='ltr'><strong>Seleuciam</strong></span> <span class='ocrx_word' id='word_1_415' title='bbox 2850 1542 3146 1614; x_wconf 90' lang='lat' dir='ltr'><strong>profectus</strong></span> <span class='ocrx_word' id='word_1_416' title='bbox 3192 1538 3272 1592; x_wconf 89' lang='lat' dir='ltr'><strong>ibi</strong></span> <span class='ocrx_word' id='word_1_417' title='bbox 3316 1536 3386 1591; x_wconf 92' lang='lat' dir='ltr'><strong>de</strong></span> <span class='ocrx_word' id='word_1_418' title='bbox 3418 1536 3680 1606; x_wconf 91' lang='lat' dir='ltr'><strong>ipsorum</strong></span> 
     </span>
    </p>
   </div>
   <div class='ocr_carea' id='block_1_63' title="bbox 2034 1623 3685 1709">
    <p class='ocr_par' dir='ltr' id='par_1_63' title="bbox 2034 1623 3685 1709">
     <span class='ocr_line' id='line_1_63' title="bbox 2034 1623 3685 1709; baseline -0.009 -17"><span class='ocrx_word' id='word_1_419' title='bbox 2034 1638 2170 1709; x_wconf 86' lang='lat' dir='ltr'><strong>fuga</strong></span> <span class='ocrx_word' id='word_1_420' title='bbox 2200 1635 2524 1699; x_wconf 88' lang='lat' dir='ltr'><strong>didicisset,</strong></span> <span class='ocrx_word' id='word_1_421' title='bbox 2558 1634 2882 1704; x_wconf 86' lang='lat' dir='ltr'><strong>desperatis</strong></span> <span class='ocrx_word' id='word_1_422' title='bbox 2916 1629 3090 1684; x_wconf 89' lang='lat' dir='ltr'><strong>rebus</strong></span> <span class='ocrx_word' id='word_1_423' title='bbox 3139 1641 3406 1681; x_wconf 86' lang='lat' dir='ltr'><strong>reversus</strong></span> <span class='ocrx_word' id='word_1_424' title='bbox 3454 1628 3544 1679; x_wconf 89' lang='lat' dir='ltr'><strong>est</strong></span> <span class='ocrx_word' id='word_1_425' title='bbox 3581 1623 3685 1694; x_wconf 80' lang='lat' dir='ltr'><strong>By-</strong></span> 
     </span>
    </p>
   </div>
   <div class='ocr_carea' id='block_1_64' title="bbox 2032 1717 3680 1795">
    <p class='ocr_par' dir='ltr' id='par_1_64' title="bbox 2032 1717 3680 1795">
     <span class='ocr_line' id='line_1_64' title="bbox 2032 1717 3680 1795; baseline -0.008 -14"><span class='ocrx_word' id='word_1_426' title='bbox 2032 1726 2313 1795; x_wconf 87' lang='lat' dir='ltr'><strong>zantium,</strong></span> <span class='ocrx_word' id='word_1_427' title='bbox 2349 1723 2612 1778; x_wconf 87' lang='lat' dir='ltr'><strong>adhibita</strong></span> <span class='ocrx_word' id='word_1_428' title='bbox 2640 1719 2956 1785; x_wconf 85' lang='lat' dir='ltr'><strong>celeritate,</strong></span> <span class='ocrx_word' id='word_1_429' title='bbox 2989 1717 3144 1789; x_wconf 90' lang='lat' dir='ltr'><strong>quod</strong></span> <span class='ocrx_word' id='word_1_430' title='bbox 3180 1717 3306 1785; x_wconf 87' lang='lat' dir='ltr'><strong>jam</strong></span> <span class='ocrx_word' id='word_1_431' title='bbox 3359 1717 3680 1768; x_wconf 86' lang='lat' dir='ltr'><strong>autumnus</strong></span> 
     </span>
    </p>
   </div>
   <div class='ocr_carea' id='block_1_65' title="bbox 1951 1801 3680 1900">
    <p class='ocr_par' dir='ltr' id='par_1_65' title="bbox 1951 1801 3680 1900">
     <span class='ocr_line' id='line_1_65' title="bbox 1951 1801 3680 1900; baseline -0.011 -27"><span class='ocrx_word' id='word_1_432' title='bbox 1951 1834 2000 1900; x_wconf 80' lang='grc' dir='ltr'>Β</span> <span class='ocrx_word' id='word_1_433' title='bbox 2036 1812 2534 1888; x_wconf 86' lang='lat' dir='ltr'><strong>appetere,relicto</strong></span> <span class='ocrx_word' id='word_1_434' title='bbox 2555 1810 2734 1866; x_wconf 88' lang='lat' dir='ltr'><strong>altero</strong></span> <span class='ocrx_word' id='word_1_435' title='bbox 2756 1807 3114 1873; x_wconf 83' lang='lat' dir='ltr'><strong>exercitu,eo</strong></span> <span class='ocrx_word' id='word_1_436' title='bbox 3140 1803 3294 1875; x_wconf 90' lang='lat' dir='ltr'><strong>quod</strong></span> <span class='ocrx_word' id='word_1_437' title='bbox 3321 1801 3419 1857; x_wconf 88' lang='lat' dir='ltr'><strong>alii</strong></span> <span class='ocrx_word' id='word_1_438' title='bbox 3451 1815 3680 1872; x_wconf 90' lang='lat' dir='ltr'><strong>quoque</strong></span> 
     </span>
    </p>
   </div>
   <div class='ocr_carea' id='block_1_66' title="bbox 2028 1893 3680 1974">
    <p class='ocr_par' dir='ltr' id='par_1_66' title="bbox 2028 1893 3680 1974">
     <span class='ocr_line' id='line_1_66' title="bbox 2028 1893 3680 1974; baseline -0.01 -15"><span class='ocrx_word' id='word_1_439' title='bbox 2028 1903 2200 1959; x_wconf 89' lang='lat' dir='ltr'><strong>Turci</strong></span> <span class='ocrx_word' id='word_1_440' title='bbox 2219 1919 2317 1974; x_wconf 89' lang='lat' dir='ltr'><strong>per</strong></span> <span class='ocrx_word' id='word_1_441' title='bbox 2334 1901 2524 1956; x_wconf 89' lang='lat' dir='ltr'><strong>tribus</strong></span> <span class='ocrx_word' id='word_1_442' title='bbox 2537 1904 2596 1955; x_wconf 91' lang='lat' dir='ltr'><strong>et</strong></span> <span class='ocrx_word' id='word_1_443' title='bbox 2619 1897 2810 1953; x_wconf 87' lang='lat' dir='ltr'><strong>curias</strong></span> <span class='ocrx_word' id='word_1_444' title='bbox 2835 1893 3007 1950; x_wconf 91' lang='lat' dir='ltr'><strong>divisi</strong></span> <span class='ocrx_word' id='word_1_445' title='bbox 3031 1893 3428 1948; x_wconf 84' lang='lat' dir='ltr'><strong>Romanorum</strong></span> <span class='ocrx_word' id='word_1_446' title='bbox 3464 1894 3680 1944; x_wconf 85' lang='lat' dir='ltr'><strong>terram</strong></span> 
     </span>
    </p>
   </div>
   <div class='ocr_carea' id='block_1_67' title="bbox 2030 1979 3680 2060">
    <p class='ocr_par' dir='ltr' id='par_1_67' title="bbox 2030 1979 3680 2060">
     <span class='ocr_line' id='line_1_67' title="bbox 2030 1979 3680 2060; baseline -0.012 -11"><span class='ocrx_word' id='word_1_447' title='bbox 2030 1991 2474 2051; x_wconf 81' lang='lat' dir='ltr'><strong>excursionibus</strong></span> <span class='ocrx_word' id='word_1_448' title='bbox 2504 1985 3000 2060; x_wconf 88' lang='lat' dir='ltr'><strong>depopularentur</strong></span> <span class='ocrx_word' id='word_1_449' title='bbox 3031 1983 3322 2037; x_wconf 86' lang='lat' dir='ltr'><strong>latronum</strong></span> <span class='ocrx_word' id='word_1_450' title='bbox 3357 1995 3423 2034; x_wconf 91' lang='lat' dir='ltr'><strong>ac</strong></span> <span class='ocrx_word' id='word_1_451' title='bbox 3455 1979 3680 2050; x_wconf 67' lang='lat' dir='ltr'><strong>praedo-</strong></span> 
     </span>
    </p>
   </div>
   <div class='ocr_carea' id='block_1_68' title="bbox 2030 2067 3680 2148">
    <p class='ocr_par' dir='ltr' id='par_1_68' title="bbox 2030 2067 3680 2148">
     <span class='ocr_line' id='line_1_68' title="bbox 2030 2067 3680 2148; baseline -0.011 -10"><span class='ocrx_word' id='word_1_452' title='bbox 2030 2099 2172 2138; x_wconf 88' lang='lat' dir='ltr'><strong>num</strong></span> <span class='ocrx_word' id='word_1_453' title='bbox 2208 2077 2704 2148; x_wconf 80' lang='lat' dir='ltr'><strong>more,omniaque</strong></span> <span class='ocrx_word' id='word_1_454' title='bbox 2735 2077 2792 2129; x_wconf 91' lang='lat' dir='ltr'><strong>in</strong></span> <span class='ocrx_word' id='word_1_455' title='bbox 2827 2086 3191 2146; x_wconf 62' lang='lat' dir='ltr'><strong>quascunque</strong></span> <span class='ocrx_word' id='word_1_456' title='bbox 3223 2068 3549 2124; x_wconf 86' lang='lat' dir='ltr'><strong>inciderent</strong></span> <span class='ocrx_word' id='word_1_457' title='bbox 3578 2067 3680 2121; x_wconf 89' lang='lat' dir='ltr'><strong>de-</strong></span> 
     </span>
    </p>
   </div>
   <div class='ocr_carea' id='block_1_69' title="bbox 2030 2153 3679 2239">
    <p class='ocr_par' dir='ltr' id='par_1_69' title="bbox 2030 2153 3679 2239">
     <span class='ocr_line' id='line_1_69' title="bbox 2030 2153 3679 2239; baseline -0.012 -11"><span class='ocrx_word' id='word_1_458' title='bbox 2030 2171 2406 2236; x_wconf 82' lang='lat' dir='ltr'><strong>molirentur;</strong></span> <span class='ocrx_word' id='word_1_459' title='bbox 2442 2167 2659 2239; x_wconf 87' lang='lat' dir='ltr'><strong>quibus</strong></span> <span class='ocrx_word' id='word_1_460' title='bbox 2692 2165 2760 2218; x_wconf 91' lang='lat' dir='ltr'><strong>de</strong></span> <span class='ocrx_word' id='word_1_461' title='bbox 2791 2163 2940 2218; x_wconf 74' lang='lat'><strong>685</strong></span> <span class='ocrx_word' id='word_1_462' title='bbox 2977 2159 3172 2215; x_wconf 90' lang='lat' dir='ltr'><strong>causis</strong></span> <span class='ocrx_word' id='word_1_463' title='bbox 3199 2153 3517 2213; x_wconf 89' lang='lat' dir='ltr'><strong>difﬁculter</strong></span> <span class='ocrx_word' id='word_1_464' title='bbox 3544 2170 3679 2226; x_wconf 89' lang='lat' dir='ltr'><strong>pro-</strong></span> 
     </span>
    </p>
   </div>
   <div class='ocr_carea' id='block_1_70' title="bbox 2028 2243 3679 2331">
    <p class='ocr_par' dir='ltr' id='par_1_70' title="bbox 2028 2243 3679 2331">
     <span class='ocr_line' id='line_1_70' title="bbox 2028 2243 3679 2331; baseline -0.013 -14"><span class='ocrx_word' id='word_1_465' title='bbox 2028 2261 2215 2317; x_wconf 89' lang='lat' dir='ltr'><strong>hiberi</strong></span> <span class='ocrx_word' id='word_1_466' title='bbox 2248 2261 2538 2331; x_wconf 85' lang='lat' dir='ltr'><strong>poterant,</strong></span> <span class='ocrx_word' id='word_1_467' title='bbox 2574 2255 2624 2310; x_wconf 92' lang='lat' dir='ltr'><strong>si</strong></span> <span class='ocrx_word' id='word_1_468' title='bbox 2657 2254 2895 2325; x_wconf 88' lang='lat' dir='ltr'><strong>quidem</strong></span> <span class='ocrx_word' id='word_1_469' title='bbox 2945 2248 3222 2304; x_wconf 90' lang='lat' dir='ltr'><strong>omnibus</strong></span> <span class='ocrx_word' id='word_1_470' title='bbox 3265 2246 3376 2300; x_wconf 91' lang='lat' dir='ltr'><strong>viis</strong></span> <span class='ocrx_word' id='word_1_471' title='bbox 3424 2243 3679 2298; x_wconf 88' lang='lat' dir='ltr'><strong>insidia-</strong></span> 
     </span>
    </p>
   </div>
   <div class='ocr_carea' id='block_1_71' title="bbox 2031 2330 3680 2412">
    <p class='ocr_par' dir='ltr' id='par_1_71' title="bbox 2031 2330 3680 2412">
     <span class='ocr_line' id='line_1_71' title="bbox 2031 2330 3680 2412; baseline -0.013 -7"><span class='ocrx_word' id='word_1_472' title='bbox 2031 2330 2263 2412; x_wconf 73' lang='lat' dir='ltr'><strong>bantur,</strong></span> <span class='ocrx_word' id='word_1_473' title='bbox 2310 2351 2369 2402; x_wconf 88' lang='lat' dir='ltr'><strong>et</strong></span> <span class='ocrx_word' id='word_1_474' title='bbox 2420 2344 2708 2400; x_wconf 88' lang='lat' dir='ltr'><strong>exercitus</strong></span> <span class='ocrx_word' id='word_1_475' title='bbox 2756 2342 3018 2412; x_wconf 92' lang='lat' dir='ltr'><strong>ipsorum</strong></span> <span class='ocrx_word' id='word_1_476' title='bbox 3073 2352 3173 2408; x_wconf 88' lang='lat' dir='ltr'><strong>per</strong></span> <span class='ocrx_word' id='word_1_477' title='bbox 3217 2351 3279 2389; x_wconf 89' lang='lat' dir='ltr'><strong>se</strong></span> <span class='ocrx_word' id='word_1_478' title='bbox 3325 2332 3431 2388; x_wconf 91' lang='lat' dir='ltr'><strong>soli</strong></span> <span class='ocrx_word' id='word_1_479' title='bbox 3492 2330 3680 2386; x_wconf 89' lang='lat' dir='ltr'><strong>relicti</strong></span> 
     </span>
    </p>
   </div>
   <div class='ocr_carea' id='block_1_72' title="bbox 2029 2419 3679 2508">
    <p class='ocr_par' dir='ltr' id='par_1_72' title="bbox 2029 2419 3679 2508">
     <span class='ocr_line' id='line_1_72' title="bbox 2029 2419 3679 2508; baseline -0.011 -15"><span class='ocrx_word' id='word_1_480' title='bbox 2029 2455 2143 2493; x_wconf 92' lang='lat' dir='ltr'><strong>non</strong></span> <span class='ocrx_word' id='word_1_481' title='bbox 2176 2439 2440 2508; x_wconf 87' lang='lat' dir='ltr'><strong>poterant</strong></span> <span class='ocrx_word' id='word_1_482' title='bbox 2473 2432 2762 2489; x_wconf 87' lang='lat' dir='ltr'><strong>resistere.</strong></span> <span class='ocrx_word' id='word_1_483' title='bbox 2798 2425 3171 2500; x_wconf 85' lang='lat' dir='ltr'><strong>Imperatoris</strong></span> <span class='ocrx_word' id='word_1_484' title='bbox 3201 2439 3336 2478; x_wconf 86' lang='lat' dir='ltr'><strong>vero</strong></span> <span class='ocrx_word' id='word_1_485' title='bbox 3386 2419 3679 2476; x_wconf 86' lang='lat' dir='ltr'><strong>exercitus</strong></span> 
     </span>
    </p>
   </div>
   <div class='ocr_carea' id='block_1_73' title="bbox 2029 2511 3676 2595">
    <p class='ocr_par' dir='ltr' id='par_1_73' title="bbox 2029 2511 3676 2595">
     <span class='ocr_line' id='line_1_73' title="bbox 2029 2511 3676 2595; baseline -0.011 -15"><span class='ocrx_word' id='word_1_486' title='bbox 2029 2525 2206 2580; x_wconf 82' lang='lat' dir='ltr'><strong>dividi</strong></span> <span class='ocrx_word' id='word_1_487' title='bbox 2265 2523 2564 2595; x_wconf 83' lang='lat' dir='ltr'><strong>nequibat,</strong></span> <span class='ocrx_word' id='word_1_488' title='bbox 2617 2519 2718 2576; x_wconf 90' lang='lat' dir='ltr'><strong>sed</strong></span> <span class='ocrx_word' id='word_1_489' title='bbox 2771 2518 2870 2573; x_wconf 92' lang='lat' dir='ltr'><strong>uni</strong></span> <span class='ocrx_word' id='word_1_490' title='bbox 2923 2517 3048 2571; x_wconf 89' lang='lat' dir='ltr'><strong>loco</strong></span> <span class='ocrx_word' id='word_1_491' title='bbox 3095 2516 3328 2568; x_wconf 92' lang='lat' dir='ltr'><strong>tantum</strong></span> <span class='ocrx_word' id='word_1_492' title='bbox 3380 2511 3676 2565; x_wconf 88' lang='lat' dir='ltr'><strong>intererat.</strong></span> 
     </span>
    </p>
   </div>
   <div class='ocr_carea' id='block_1_74' title="bbox 2027 2613 3679 2692">
    <p class='ocr_par' dir='ltr' id='par_1_74' title="bbox 2027 2613 3679 2692">
     <span class='ocr_line' id='line_1_74' title="bbox 2027 2613 3679 2692; baseline -0.011 -13"><span class='ocrx_word' id='word_1_493' title='bbox 2027 2624 2172 2679; x_wconf 88' lang='lat' dir='ltr'><strong>Cum</strong></span> <span class='ocrx_word' id='word_1_494' title='bbox 2205 2638 2338 2677; x_wconf 92' lang='lat' dir='ltr'><strong>vero</strong></span> <span class='ocrx_word' id='word_1_495' title='bbox 2372 2621 2588 2692; x_wconf 85' lang='lat' dir='ltr'><strong>regiam</strong></span> <span class='ocrx_word' id='word_1_496' title='bbox 2626 2618 2826 2673; x_wconf 90' lang='lat' dir='ltr'><strong>urbem</strong></span> <span class='ocrx_word' id='word_1_497' title='bbox 2857 2615 2983 2685; x_wconf 91' lang='lat' dir='ltr'><strong>ipse</strong></span> <span class='ocrx_word' id='word_1_498' title='bbox 3013 2614 3316 2684; x_wconf 80' lang='lat' dir='ltr'><strong>ingressus</strong></span> <span class='ocrx_word' id='word_1_499' title='bbox 3362 2613 3537 2673; x_wconf 78' lang='lat' dir='ltr'><strong>esset,</strong></span> <span class='ocrx_word' id='word_1_500' title='bbox 3589 2623 3679 2662; x_wconf 85' lang='lat' dir='ltr'><strong>re-</strong></span> 
     </span>
    </p>
   </div>
   <div class='ocr_carea' id='block_1_75' title="bbox 2031 2695 3682 2784">
    <p class='ocr_par' dir='ltr' id='par_1_75' title="bbox 2031 2695 3682 2784">
     <span class='ocr_line' id='line_1_75' title="bbox 2031 2695 3682 2784; baseline -0.012 -18"><span class='ocrx_word' id='word_1_501' title='bbox 2031 2713 2223 2784; x_wconf 88' lang='lat' dir='ltr'><strong>liquus</strong></span> <span class='ocrx_word' id='word_1_502' title='bbox 2272 2725 2506 2782; x_wconf 89' lang='lat' dir='ltr'><strong>quoque</strong></span> <span class='ocrx_word' id='word_1_503' title='bbox 2552 2707 2844 2765; x_wconf 82' lang='lat' dir='ltr'><strong>exercitus</strong></span> <span class='ocrx_word' id='word_1_504' title='bbox 2892 2704 3132 2758; x_wconf 90' lang='lat' dir='ltr'><strong>domum</strong></span> <span class='ocrx_word' id='word_1_505' title='bbox 3167 2715 3227 2754; x_wconf 89' lang='lat' dir='ltr'><strong>se</strong></span> <span class='ocrx_word' id='word_1_506' title='bbox 3260 2697 3496 2769; x_wconf 89' lang='lat' dir='ltr'><strong>recepit,</strong></span> <span class='ocrx_word' id='word_1_507' title='bbox 3531 2695 3682 2749; x_wconf 91' lang='lat' dir='ltr'><strong>indi-</strong></span> 
     </span>
    </p>
   </div>
   <div class='ocr_carea' id='block_1_76' title="bbox 2028 2783 3674 2868">
    <p class='ocr_par' dir='ltr' id='par_1_76' title="bbox 2028 2783 3674 2868">
     <span class='ocr_line' id='line_1_76' title="bbox 2028 2783 3674 2868; baseline -0.011 -12"><span class='ocrx_word' id='word_1_508' title='bbox 2028 2783 2218 2858; x_wconf 87' lang='lat' dir='ltr'><strong>ctione</strong></span> <span class='ocrx_word' id='word_1_509' title='bbox 2249 2805 2468 2868; x_wconf 82' lang='lat' dir='ltr'><strong>octava,</strong></span> <span class='ocrx_word' id='word_1_510' title='bbox 2499 2813 2652 2853; x_wconf 90' lang='lat' dir='ltr'><strong>anno</strong></span> <span class='ocrx_word' id='word_1_511' title='bbox 2678 2795 2841 2864; x_wconf 86' lang='lat'><strong>6578,</strong></span> <span class='ocrx_word' id='word_1_512' title='bbox 2873 2791 3110 2864; x_wconf 87' lang='lat' dir='ltr'><strong>quando</strong></span> <span class='ocrx_word' id='word_1_513' title='bbox 3143 2791 3318 2844; x_wconf 87' lang='lat' dir='ltr'><strong>etiam</strong></span> <span class='ocrx_word' id='word_1_514' title='bbox 3352 2783 3674 2841; x_wconf 85' lang='lat' dir='ltr'><strong>maximum</strong></span> 
     </span>
    </p>
   </div>
   <div class='ocr_carea' id='block_1_77' title="bbox 2028 2873 3676 2958">
    <p class='ocr_par' dir='ltr' id='par_1_77' title="bbox 2028 2873 3676 2958">
     <span class='ocr_line' id='line_1_77' title="bbox 2028 2873 3676 2958; baseline -0.012 -12"><span class='ocrx_word' id='word_1_515' title='bbox 2028 2890 2481 2946; x_wconf 88' lang='lat' dir='ltr'><strong>Blachernarum</strong></span> <span class='ocrx_word' id='word_1_516' title='bbox 2525 2884 2811 2958; x_wconf 88' lang='lat' dir='ltr'><strong>templum</strong></span> <span class='ocrx_word' id='word_1_517' title='bbox 2865 2883 3169 2936; x_wconf 89' lang='lat' dir='ltr'><strong>incensum</strong></span> <span class='ocrx_word' id='word_1_518' title='bbox 3221 2881 3309 2932; x_wconf 89' lang='lat' dir='ltr'><strong>est</strong></span> <span class='ocrx_word' id='word_1_519' title='bbox 3357 2891 3544 2946; x_wconf 90' lang='lat' dir='ltr'><strong>usque</strong></span> <span class='ocrx_word' id='word_1_520' title='bbox 3602 2873 3676 2928; x_wconf 85' lang='lat' dir='ltr'><strong>ad</strong></span> 
     </span>
    </p>
   </div>
   <div class='ocr_carea' id='block_1_78' title="bbox 2027 2965 3679 3042">
    <p class='ocr_par' dir='ltr' id='par_1_78' title="bbox 2027 2965 3679 3042">
     <span class='ocr_line' id='line_1_78' title="bbox 2027 2965 3679 3042; baseline -0.012 -8"><span class='ocrx_word' id='word_1_521' title='bbox 2027 2979 2239 3034; x_wconf 89' lang='lat' dir='ltr'><strong>solum.</strong></span> <span class='ocrx_word' id='word_1_522' title='bbox 2296 2977 2395 3033; x_wconf 88' lang='lat' dir='ltr'><strong>Ubi</strong></span> <span class='ocrx_word' id='word_1_523' title='bbox 2446 2992 2577 3030; x_wconf 85' lang='lat' dir='ltr'><strong>vero</strong></span> <span class='ocrx_word' id='word_1_524' title='bbox 2624 2991 2723 3028; x_wconf 90' lang='lat' dir='ltr'><strong>ver</strong></span> <span class='ocrx_word' id='word_1_525' title='bbox 2760 2971 3023 3042; x_wconf 87' lang='lat' dir='ltr'><strong>appetiit,</strong></span> <span class='ocrx_word' id='word_1_526' title='bbox 3075 2965 3326 3022; x_wconf 89' lang='lat' dir='ltr'><strong>decrevit</strong></span> <span class='ocrx_word' id='word_1_527' title='bbox 3357 2965 3679 3034; x_wconf 88' lang='lat' dir='ltr'><strong>imperator</strong></span> 
     </span>
    </p>
   </div>
   <div class='ocr_carea' id='block_1_79' title="bbox 2026 3050 3670 3138">
    <p class='ocr_par' dir='ltr' id='par_1_79' title="bbox 2026 3050 3670 3138">
     <span class='ocr_line' id='line_1_79' title="bbox 2026 3050 3670 3138; baseline -0.012 -15"><span class='ocrx_word' id='word_1_528' title='bbox 2026 3069 2096 3125; x_wconf 92' lang='lat' dir='ltr'><strong>ad</strong></span> <span class='ocrx_word' id='word_1_529' title='bbox 2131 3067 2347 3138; x_wconf 80' lang='lat' dir='ltr'><strong>regiam</strong></span> <span class='ocrx_word' id='word_1_530' title='bbox 2374 3066 2572 3120; x_wconf 87' lang='lat' dir='ltr'><strong>urbem</strong></span> <span class='ocrx_word' id='word_1_531' title='bbox 2599 3057 3309 3125; x_wconf 84' lang='lat' dir='ltr'><strong>accedere,delectumque</strong></span> <span class='ocrx_word' id='word_1_532' title='bbox 3341 3050 3670 3106; x_wconf 87' lang='lat' dir='ltr'><strong>ManueIem</strong></span> 
     </span>
    </p>
   </div>
   <div class='ocr_carea' id='block_1_80' title="bbox 2028 3139 3674 3229">
    <p class='ocr_par' dir='ltr' id='par_1_80' title="bbox 2028 3139 3674 3229">
     <span class='ocr_line' id='line_1_80' title="bbox 2028 3139 3674 3229; baseline -0.012 -18"><span class='ocrx_word' id='word_1_533' title='bbox 2028 3157 2284 3229; x_wconf 90' lang='lat' dir='ltr'><strong>primum</strong></span> <span class='ocrx_word' id='word_1_534' title='bbox 2319 3153 2650 3225; x_wconf 79' lang='lat' dir='ltr'><strong>praefectum</strong></span> <span class='ocrx_word' id='word_1_535' title='bbox 2683 3151 3070 3211; x_wconf 75' lang='lat' dir='ltr'><strong>Coninenum,</strong></span> <span class='ocrx_word' id='word_1_536' title='bbox 3106 3147 3164 3199; x_wconf 91' lang='lat' dir='ltr'><strong>et</strong></span> <span class='ocrx_word' id='word_1_537' title='bbox 3195 3159 3260 3197; x_wconf 91' lang='lat' dir='ltr'><strong>eo</strong></span> <span class='ocrx_word' id='word_1_538' title='bbox 3310 3141 3530 3194; x_wconf 88' lang='lat' dir='ltr'><strong>honore</strong></span> <span class='ocrx_word' id='word_1_539' title='bbox 3580 3139 3674 3193; x_wconf 87' lang='lat' dir='ltr'><strong>de-</strong></span> 
     </span>
    </p>
   </div>
   <div class='ocr_carea' id='block_1_81' title="bbox 2031 3227 3670 3312">
    <p class='ocr_par' dir='ltr' id='par_1_81' title="bbox 2031 3227 3670 3312">
     <span class='ocr_line' id='line_1_81' title="bbox 2031 3227 3670 3312; baseline -0.015 -9"><span class='ocrx_word' id='word_1_540' title='bbox 2031 3251 2295 3303; x_wconf 87' lang='lat' dir='ltr'><strong>coratum</strong></span> <span class='ocrx_word' id='word_1_541' title='bbox 2330 3248 2393 3298; x_wconf 89' lang='lat' dir='ltr'><strong>ut</strong></span> <span class='ocrx_word' id='word_1_542' title='bbox 2421 3239 2789 3312; x_wconf 90' lang='lat' dir='ltr'><strong>curopalates</strong></span> <span class='ocrx_word' id='word_1_543' title='bbox 2819 3238 2997 3301; x_wconf 88' lang='lat' dir='ltr'><strong>esset,</strong></span> <span class='ocrx_word' id='word_1_544' title='bbox 3019 3235 3228 3289; x_wconf 91' lang='lat' dir='ltr'><strong>ducem</strong></span> <span class='ocrx_word' id='word_1_545' title='bbox 3259 3234 3316 3286; x_wconf 90' lang='lat' dir='ltr'><strong>et</strong></span> <span class='ocrx_word' id='word_1_546' title='bbox 3349 3227 3670 3301; x_wconf 88' lang='lat' dir='ltr'><strong>principem</strong></span> 
     </span>
    </p>
   </div>
   <div class='ocr_carea' id='block_1_82' title="bbox 2029 3321 3673 3391">
    <p class='ocr_par' dir='ltr' id='par_1_82' title="bbox 2029 3321 3673 3391">
     <span class='ocr_line' id='line_1_82' title="bbox 2029 3321 3673 3391; baseline -0.013 0"><span class='ocrx_word' id='word_1_547' title='bbox 2029 3336 2210 3391; x_wconf 83' lang='lat' dir='ltr'><strong>totius</strong></span> <span class='ocrx_word' id='word_1_548' title='bbox 2263 3331 2553 3389; x_wconf 87' lang='lat' dir='ltr'><strong>exercitus</strong></span> <span class='ocrx_word' id='word_1_549' title='bbox 2596 3327 2872 3383; x_wconf 86' lang='lat' dir='ltr'><strong>declarat.</strong></span> <span class='ocrx_word' id='word_1_550' title='bbox 2933 3325 3070 3387; x_wconf 65' lang='lat' dir='ltr'><strong>Quae</strong></span> <span class='ocrx_word' id='word_1_551' title='bbox 3137 3321 3410 3390; x_wconf 85' lang='lat' dir='ltr'><strong>deinceps</strong></span> <span class='ocrx_word' id='word_1_552' title='bbox 3469 3332 3673 3372; x_wconf 90' lang='lat' dir='ltr'><strong>conse-</strong></span> 
     </span>
    </p>
   </div>
   <div class='ocr_carea' id='block_1_83' title="bbox 2031 3408 3674 3496">
    <p class='ocr_par' dir='ltr' id='par_1_83' title="bbox 2031 3408 3674 3496">
     <span class='ocr_line' id='line_1_83' title="bbox 2031 3408 3674 3496; baseline -0.014 -15"><span class='ocrx_word' id='word_1_553' title='bbox 2031 3420 2567 3496; x_wconf 85' lang='lat' dir='ltr'><strong>quuntur,molesta</strong></span> <span class='ocrx_word' id='word_1_554' title='bbox 2596 3434 2662 3472; x_wconf 91' lang='lat' dir='ltr'><strong>ac</strong></span> <span class='ocrx_word' id='word_1_555' title='bbox 2693 3413 2954 3470; x_wconf 91' lang='lat' dir='ltr'><strong>difﬁcilia</strong></span> <span class='ocrx_word' id='word_1_556' title='bbox 2982 3417 3038 3467; x_wconf 90' lang='lat' dir='ltr'><strong>et</strong></span> <span class='ocrx_word' id='word_1_557' title='bbox 3065 3409 3357 3466; x_wconf 84' lang='lat' dir='ltr'><strong>laboriosa</strong></span> <span class='ocrx_word' id='word_1_558' title='bbox 3388 3408 3674 3462; x_wconf 83' lang='lat' dir='ltr'><strong>Romano-</strong></span> 
     </span>
    </p>
   </div>
   <div class='ocr_carea' id='block_1_84' title="bbox 2031 3492 3670 3583">
    <p class='ocr_par' dir='ltr' id='par_1_84' title="bbox 2031 3492 3670 3583">
     <span class='ocr_line' id='line_1_84' title="bbox 2031 3492 3670 3583; baseline -0.013 -15"><span class='ocrx_word' id='word_1_559' title='bbox 2031 3492 2160 3568; x_wconf 70' lang='lat' dir='ltr'><strong>rum</strong></span> <span class='ocrx_word' id='word_1_560' title='bbox 2194 3507 2749 3583; x_wconf 86' lang='lat' dir='ltr'><strong>imperioaccidere.</strong></span> <span class='ocrx_word' id='word_1_561' title='bbox 2802 3507 3082 3574; x_wconf 81' lang='lat' dir='ltr'><strong>Egressus</strong></span> <span class='ocrx_word' id='word_1_562' title='bbox 3128 3499 3310 3570; x_wconf 89' lang='lat' dir='ltr'><strong>igitur</strong></span> <span class='ocrx_word' id='word_1_563' title='bbox 3349 3495 3400 3550; x_wconf 90' lang='lat' dir='ltr'><strong>is</strong></span> <span class='ocrx_word' id='word_1_564' title='bbox 3450 3494 3548 3567; x_wconf 90' lang='lat' dir='ltr'><strong>qui</strong></span> <span class='ocrx_word' id='word_1_565' title='bbox 3601 3492 3670 3548; x_wconf 84' lang='lat' dir='ltr'><strong>ad</strong></span> 
     </span>
    </p>
   </div>
   <div class='ocr_carea' id='block_1_85' title="bbox 2027 3582 3674 3658">
    <p class='ocr_par' dir='ltr' id='par_1_85' title="bbox 2027 3582 3674 3658">
     <span class='ocr_line' id='line_1_85' title="bbox 2027 3582 3674 3658; baseline -0.014 1"><span class='ocrx_word' id='word_1_566' title='bbox 2027 3603 2138 3658; x_wconf 89' lang='lat' dir='ltr'><strong>hoc</strong></span> <span class='ocrx_word' id='word_1_567' title='bbox 2171 3582 2389 3656; x_wconf 90' lang='lat' dir='ltr'><strong>munus</strong></span> <span class='ocrx_word' id='word_1_568' title='bbox 2419 3596 2677 3652; x_wconf 90' lang='lat' dir='ltr'><strong>delectus</strong></span> <span class='ocrx_word' id='word_1_569' title='bbox 2710 3593 2916 3658; x_wconf 81' lang='lat' dir='ltr'><strong>fuerat,</strong></span> <span class='ocrx_word' id='word_1_570' title='bbox 2949 3587 3178 3645; x_wconf 88' lang='lat' dir='ltr'><strong>etiamsi</strong></span> <span class='ocrx_word' id='word_1_571' title='bbox 3227 3590 3394 3640; x_wconf 68' lang='lat' dir='ltr'><strong>aetate</strong></span> <span class='ocrx_word' id='word_1_572' title='bbox 3435 3582 3674 3654; x_wconf 81' lang='lat' dir='ltr'><strong>juvenis</strong></span> 
     </span>
    </p>
   </div>
   <div class='ocr_carea' id='block_1_86' title="bbox 2027 3671 3675 3751">
    <p class='ocr_par' dir='ltr' id='par_1_86' title="bbox 2027 3671 3675 3751">
     <span class='ocr_line' id='line_1_86' title="bbox 2027 3671 3675 3751; baseline -0.015 -4"><span class='ocrx_word' id='word_1_573' title='bbox 2027 3695 2203 3751; x_wconf 90' lang='lat' dir='ltr'><strong>esset.</strong></span> <span class='ocrx_word' id='word_1_574' title='bbox 2227 3693 2482 3744; x_wconf 85' lang='lat' dir='ltr'><strong>attamen</strong></span> <span class='ocrx_word' id='word_1_575' title='bbox 2510 3683 2738 3740; x_wconf 91' lang='lat' dir='ltr'><strong>nullum</strong></span> <span class='ocrx_word' id='word_1_576' title='bbox 2772 3679 3000 3736; x_wconf 89' lang='lat' dir='ltr'><strong>facinus</strong></span> <span class='ocrx_word' id='word_1_577' title='bbox 3032 3677 3089 3730; x_wconf 90' lang='lat' dir='ltr'><strong>in</strong></span> <span class='ocrx_word' id='word_1_578' title='bbox 3122 3691 3236 3746; x_wconf 90' lang='lat' dir='ltr'><strong>quo</strong></span> <span class='ocrx_word' id='word_1_579' title='bbox 3267 3671 3546 3728; x_wconf 87' lang='lat' dir='ltr'><strong>erraverit</strong></span> <span class='ocrx_word' id='word_1_580' title='bbox 3573 3672 3675 3724; x_wconf 89' lang='lat' dir='ltr'><strong>aut</strong></span> 
     </span>
    </p>
   </div>
   <div class='ocr_carea' id='block_1_87' title="bbox 2027 3758 3671 3852">
    <p class='ocr_par' dir='ltr' id='par_1_87' title="bbox 2027 3758 3671 3852">
     <span class='ocr_line' id='line_1_87' title="bbox 2027 3758 3671 3852; baseline -0.016 -17"><span class='ocrx_word' id='word_1_581' title='bbox 2027 3780 2182 3852; x_wconf 91' lang='lat' dir='ltr'><strong>quod</strong></span> <span class='ocrx_word' id='word_1_582' title='bbox 2233 3774 2479 3849; x_wconf 87' lang='lat' dir='ltr'><strong>juvenili</strong></span> <span class='ocrx_word' id='word_1_583' title='bbox 2537 3773 2688 3826; x_wconf 62' lang='lat' dir='ltr'><strong>atati</strong></span> <span class='ocrx_word' id='word_1_584' title='bbox 2751 3769 3184 3825; x_wconf 88' lang='lat' dir='ltr'><strong>condenaretur</strong></span> <span class='ocrx_word' id='word_1_585' title='bbox 3213 3758 3492 3833; x_wconf 88' lang='lat' dir='ltr'><strong>patravit,</strong></span> <span class='ocrx_word' id='word_1_586' title='bbox 3552 3758 3671 3812; x_wconf 92' lang='lat' dir='ltr'><strong>imo</strong></span> 
     </span>
    </p>
   </div>
   <div class='ocr_carea' id='block_1_88' title="bbox 2026 3845 3673 3930">
    <p class='ocr_par' dir='ltr' id='par_1_88' title="bbox 2026 3845 3673 3930">
     <span class='ocr_line' id='line_1_88' title="bbox 2026 3845 3673 3930; baseline -0.015 -7"><span class='ocrx_word' id='word_1_587' title='bbox 2026 3845 2213 3923; x_wconf 81' lang='lat' dir='ltr'><strong>multa</strong></span> <span class='ocrx_word' id='word_1_588' title='bbox 2236 3845 2464 3920; x_wconf 55' lang='lat' dir='ltr'><strong>habita</strong></span> <span class='ocrx_word' id='word_1_589' title='bbox 2513 3877 2715 3917; x_wconf 89' lang='lat' dir='ltr'><strong>eorum</strong></span> <span class='ocrx_word' id='word_1_590' title='bbox 2748 3873 2873 3930; x_wconf 64' lang='lat' dir='ltr'><strong>quis</strong></span> <span class='ocrx_word' id='word_1_591' title='bbox 2905 3855 3176 3911; x_wconf 89' lang='lat' dir='ltr'><strong>decerent</strong></span> <span class='ocrx_word' id='word_1_592' title='bbox 3204 3848 3424 3906; x_wconf 85' lang='lat' dir='ltr'><strong>ratione</strong></span> <span class='ocrx_word' id='word_1_593' title='bbox 3455 3845 3673 3902; x_wconf 85' lang='lat' dir='ltr'><strong>coactis</strong></span> 
     </span>
    </p>
   </div>
   <div class='ocr_carea' id='block_1_89' title="bbox 2025 3939 3670 4029">
    <p class='ocr_par' dir='ltr' id='par_1_89' title="bbox 2025 3939 3670 4029">
     <span class='ocr_line' id='line_1_89' title="bbox 2025 3939 3670 4029; baseline -0.015 -17"><span class='ocrx_word' id='word_1_594' title='bbox 2025 3956 2208 4029; x_wconf 89' lang='lat' dir='ltr'><strong>copiis</strong></span> <span class='ocrx_word' id='word_1_595' title='bbox 2228 3954 2366 4010; x_wconf 91' lang='lat' dir='ltr'><strong>totis</strong></span> <span class='ocrx_word' id='word_1_596' title='bbox 2387 3952 2610 4008; x_wconf 90' lang='lat' dir='ltr'><strong>viribus</strong></span> <span class='ocrx_word' id='word_1_597' title='bbox 2634 3949 2704 4004; x_wconf 91' lang='lat' dir='ltr'><strong>ad</strong></span> <span class='ocrx_word' id='word_1_598' title='bbox 2741 3951 3057 4002; x_wconf 73' lang='lat' dir='ltr'><strong>Caesaream</strong></span> <span class='ocrx_word' id='word_1_599' title='bbox 3088 3940 3382 4014; x_wconf 88' lang='lat' dir='ltr'><strong>profectus</strong></span> <span class='ocrx_word' id='word_1_600' title='bbox 3411 3939 3520 4001; x_wconf 89' lang='lat' dir='ltr'><strong>est,</strong></span> <span class='ocrx_word' id='word_1_601' title='bbox 3553 3950 3670 3990; x_wconf 94' lang='lat' dir='ltr'><strong>non</strong></span> 
     </span>
    </p>
   </div>
   <div class='ocr_carea' id='block_1_90' title="bbox 2024 4024 3674 4116">
    <p class='ocr_par' dir='ltr' id='par_1_90' title="bbox 2024 4024 3674 4116">
     <span class='ocr_line' id='line_1_90' title="bbox 2024 4024 3674 4116; baseline -0.014 -16"><span class='ocrx_word' id='word_1_602' title='bbox 2024 4024 2356 4116; x_wconf 62' lang='lat' dir='ltr'><strong>aequitatem</strong></span> <span class='ocrx_word' id='word_1_603' title='bbox 2385 4045 2640 4106; x_wconf 89' lang='lat' dir='ltr'><strong>tantum,</strong></span> <span class='ocrx_word' id='word_1_604' title='bbox 2673 4038 2774 4093; x_wconf 92' lang='lat' dir='ltr'><strong>sed</strong></span> <span class='ocrx_word' id='word_1_605' title='bbox 2802 4035 2978 4091; x_wconf 89' lang='lat' dir='ltr'><strong>etiam</strong></span> <span class='ocrx_word' id='word_1_606' title='bbox 3019 4030 3301 4103; x_wconf 88' lang='lat' dir='ltr'><strong>populum</strong></span> <span class='ocrx_word' id='word_1_607' title='bbox 3332 4041 3546 4082; x_wconf 89' lang='lat' dir='ltr'><strong>curans</strong></span> <span class='ocrx_word' id='word_1_608' title='bbox 3576 4024 3674 4078; x_wconf 93' lang='lat' dir='ltr'><strong>de-</strong></span> 
     </span>
    </p>
   </div>
   <div class='ocr_carea' id='block_1_91' title="bbox 2022 4112 3669 4202">
    <p class='ocr_par' dir='ltr' id='par_1_91' title="bbox 2022 4112 3669 4202">
     <span class='ocr_line' id='line_1_91' title="bbox 2022 4112 3669 4202; baseline -0.015 -12"><span class='ocrx_word' id='word_1_609' title='bbox 2022 4112 2238 4199; x_wconf 80' lang='lat' dir='ltr'><strong>center,</strong></span> <span class='ocrx_word' id='word_1_610' title='bbox 2273 4136 2331 4186; x_wconf 88' lang='lat' dir='ltr'><strong>et</strong></span> <span class='ocrx_word' id='word_1_611' title='bbox 2355 4132 2664 4202; x_wconf 86' lang='lat' dir='ltr'><strong>peccantes</strong></span> <span class='ocrx_word' id='word_1_612' title='bbox 2686 4124 2904 4180; x_wconf 90' lang='lat' dir='ltr'><strong>milites</strong></span> <span class='ocrx_word' id='word_1_613' title='bbox 2926 4119 3138 4178; x_wconf 90' lang='lat' dir='ltr'><strong>debitis</strong></span> <span class='ocrx_word' id='word_1_614' title='bbox 3160 4117 3422 4173; x_wconf 88' lang='lat' dir='ltr'><strong>afﬁciens</strong></span> <span class='ocrx_word' id='word_1_615' title='bbox 3443 4112 3630 4185; x_wconf 72' lang='lat' dir='ltr'><strong>pmnis</strong></span> <span class='ocrx_word' id='word_1_616' title='bbox 3654 4131 3669 4180; x_wconf 85' lang='lat'><strong>;</strong></span> 
     </span>
    </p>
   </div>
   <div class='ocr_carea' id='block_1_92' title="bbox 2023 4203 3671 4293">
    <p class='ocr_par' dir='ltr' id='par_1_92' title="bbox 2023 4203 3671 4293">
     <span class='ocr_line' id='line_1_92' title="bbox 2023 4203 3671 4293; baseline -0.015 -14"><span class='ocrx_word' id='word_1_617' title='bbox 2023 4238 2276 4293; x_wconf 90' lang='lat' dir='ltr'><strong>cumque</strong></span> <span class='ocrx_word' id='word_1_618' title='bbox 2305 4220 2364 4275; x_wconf 91' lang='lat' dir='ltr'><strong>in</strong></span> <span class='ocrx_word' id='word_1_619' title='bbox 2397 4218 2665 4290; x_wconf 67' lang='lat' dir='ltr'><strong>quaedam</strong></span> <span class='ocrx_word' id='word_1_620' title='bbox 2698 4211 2898 4286; x_wconf 66' lang='lat' dir='ltr'><strong>praelia</strong></span> <span class='ocrx_word' id='word_1_621' title='bbox 2929 4207 3296 4272; x_wconf 87' lang='lat' dir='ltr'><strong>incidissent,</strong></span> <span class='ocrx_word' id='word_1_622' title='bbox 3325 4203 3512 4258; x_wconf 89' lang='lat' dir='ltr'><strong>victor</strong></span> <span class='ocrx_word' id='word_1_623' title='bbox 3540 4217 3671 4256; x_wconf 84' lang='lat' dir='ltr'><strong>eva-</strong></span> 
     </span>
    </p>
   </div>
   <div class='ocr_carea' id='block_1_93' title="bbox 2023 4289 3671 4380">
    <p class='ocr_par' dir='ltr' id='par_1_93' title="bbox 2023 4289 3671 4380">
     <span class='ocr_line' id='line_1_93' title="bbox 2023 4289 3671 4380; baseline -0.015 -13"><span class='ocrx_word' id='word_1_624' title='bbox 2023 4312 2121 4367; x_wconf 91' lang='lat' dir='ltr'><strong>sit.</strong></span> <span class='ocrx_word' id='word_1_625' title='bbox 2150 4289 2616 4380; x_wconf 15' lang='lat' dir='ltr'><strong>J-amqueisuam</strong></span> <span class='ocrx_word' id='word_1_626' title='bbox 2665 4302 2914 4376; x_wconf 84' lang='lat' dir='ltr'><strong>gloriam</strong></span> <span class='ocrx_word' id='word_1_627' title='bbox 2961 4297 3208 4354; x_wconf 88' lang='lat' dir='ltr'><strong>dilatare</strong></span> <span class='ocrx_word' id='word_1_628' title='bbox 3260 4289 3671 4349; x_wconf 89' lang='lat' dir='ltr'><strong>contendebat.</strong></span> 
     </span>
    </p>
   </div>
   <div class='ocr_carea' id='block_1_94' title="bbox 2022 4386 3674 4473">
    <p class='ocr_par' dir='ltr' id='par_1_94' title="bbox 2022 4386 3674 4473">
     <span class='ocr_line' id='line_1_94' title="bbox 2022 4386 3674 4473; baseline -0.015 -9"><span class='ocrx_word' id='word_1_629' title='bbox 2022 4410 2160 4473; x_wconf 68' lang='lat' dir='ltr'><strong>Qum</strong></span> <span class='ocrx_word' id='word_1_630' title='bbox 2189 4423 2322 4462; x_wconf 91' lang='lat' dir='ltr'><strong>cum</strong></span> <span class='ocrx_word' id='word_1_631' title='bbox 2355 4405 2585 4460; x_wconf 90' lang='lat' dir='ltr'><strong>audiret</strong></span> <span class='ocrx_word' id='word_1_632' title='bbox 2614 4402 2953 4470; x_wconf 87' lang='lat' dir='ltr'><strong>imperator,</strong></span> <span class='ocrx_word' id='word_1_633' title='bbox 3006 4393 3188 4449; x_wconf 74' lang='lat' dir='ltr'><strong>laetari</strong></span> <span class='ocrx_word' id='word_1_634' title='bbox 3237 4390 3474 4462; x_wconf 90' lang='lat' dir='ltr'><strong>quidem</strong></span> <span class='ocrx_word' id='word_1_635' title='bbox 3520 4386 3674 4441; x_wconf 90' lang='lat' dir='ltr'><strong>vide-</strong></span> 
     </span>
    </p>
   </div>
   <div class='ocr_carea' id='block_1_95' title="bbox 2022 4474 3671 4560">
    <p class='ocr_par' dir='ltr' id='par_1_95' title="bbox 2022 4474 3671 4560">
     <span class='ocr_line' id='line_1_95' title="bbox 2022 4474 3671 4560; baseline -0.015 -8"><span class='ocrx_word' id='word_1_636' title='bbox 2022 4496 2216 4560; x_wconf 82' lang='lat' dir='ltr'><strong>batur,</strong></span> <span class='ocrx_word' id='word_1_637' title='bbox 2240 4495 2338 4549; x_wconf 92' lang='lat' dir='ltr'><strong>sed</strong></span> <span class='ocrx_word' id='word_1_638' title='bbox 2373 4491 2654 4547; x_wconf 87' lang='lat' dir='ltr'><strong>invidiam</strong></span> <span class='ocrx_word' id='word_1_639' title='bbox 2687 4483 3119 4542; x_wconf 87' lang='lat' dir='ltr'><strong>dissimulabat.</strong></span> <span class='ocrx_word' id='word_1_640' title='bbox 3142 4483 3410 4536; x_wconf 88' lang='lat' dir='ltr'><strong>Attamen</strong></span> <span class='ocrx_word' id='word_1_641' title='bbox 3444 4481 3509 4530; x_wconf 92' lang='lat' dir='ltr'><strong>ut</strong></span> <span class='ocrx_word' id='word_1_642' title='bbox 3540 4474 3671 4529; x_wconf 85' lang='lat' dir='ltr'><strong>Hie-</strong></span> 
     </span>
    </p>
   </div>
   <div class='ocr_carea' id='block_1_96' title="bbox 245 4568 1916 4659">
    <p class='ocr_par' dir='ltr' id='par_1_96' title="bbox 245 4576 1916 4659">
     <span class='ocr_line' id='line_1_96' title="bbox 245 4576 1916 4659; baseline 0.001 -24"><span class='ocrx_word' id='word_1_643' title='bbox 245 4585 500 4658; x_wconf 77' lang='grc' dir='ltr'>γὲγονεν,</span> <span class='ocrx_word' id='word_1_644' title='bbox 552 4577 895 4640; x_wconf 79' lang='grc' dir='ltr'>ῗνδικτιῶνος</span> <span class='ocrx_word' id='word_1_645' title='bbox 943 4576 1143 4654; x_wconf 81' lang='grc' dir='ltr'>ὀγδόης</span> <span class='ocrx_word' id='word_1_646' title='bbox 1191 4577 1544 4654; x_wconf 71' lang='grc' dir='ltr'>ἐνισταμένης</span> <span class='ocrx_word' id='word_1_647' title='bbox 1588 4585 1685 4634; x_wconf 83' lang='grc' dir='ltr'>τοῦ</span> <span class='ocrx_word' id='word_1_648' title='bbox 1747 4583 1916 4659; x_wconf 79' lang='grc' dir='ltr'>,ςφοη’</span> 
     </span>
    </p>
   </div>
   <div class='ocr_carea' id='block_1_97' title="bbox 2026 4568 3671 4659">
    <p class='ocr_par' dir='ltr' id='par_1_97' title="bbox 2027 4568 3671 4656">
     <span class='ocr_line' id='line_1_97' title="bbox 2027 4568 3671 4656; baseline -0.013 -18"><span class='ocrx_word' id='word_1_649' title='bbox 2027 4583 2243 4656; x_wconf 89' lang='lat' dir='ltr'><strong>rapolis</strong></span> <span class='ocrx_word' id='word_1_650' title='bbox 2290 4581 2658 4638; x_wconf 89' lang='lat' dir='ltr'><strong>obsidionem</strong></span> <span class='ocrx_word' id='word_1_651' title='bbox 2719 4576 2831 4630; x_wconf 87' lang='lat' dir='ltr'><strong>cito</strong></span> <span class='ocrx_word' id='word_1_652' title='bbox 2889 4573 3135 4630; x_wconf 87' lang='lat' dir='ltr'><strong>solveret</strong></span> <span class='ocrx_word' id='word_1_653' title='bbox 3193 4573 3251 4622; x_wconf 89' lang='lat' dir='ltr'><strong>et</strong></span> <span class='ocrx_word' id='word_1_654' title='bbox 3306 4568 3671 4622; x_wconf 87' lang='lat' dir='ltr'><strong>commeatus</strong></span> 
     </span>
    </p>
   </div>
   <div class='ocr_carea' id='block_1_98' title="bbox 235 4666 1916 4742">
    <p class='ocr_par' dir='ltr' id='par_1_98' title="bbox 235 4666 1916 4742">
     <span class='ocr_line' id='line_1_98' title="bbox 235 4666 1916 4742; baseline -0.001 -16"><span class='ocrx_word' id='word_1_655' title='bbox 235 4669 437 4740; x_wconf 76' lang='grc' dir='ltr'>ἔτους,</span> <span class='ocrx_word' id='word_1_656' title='bbox 470 4669 562 4724; x_wconf 72' lang='grc' dir='ltr'><strong>ὅτε</strong></span> <span class='ocrx_word' id='word_1_657' title='bbox 615 4670 706 4723; x_wconf 80' lang='grc' dir='ltr'>καὶ</span> <span class='ocrx_word' id='word_1_658' title='bbox 763 4667 824 4721; x_wconf 87' lang='grc' dir='ltr'>τὸ</span> <span class='ocrx_word' id='word_1_659' title='bbox 885 4666 1134 4739; x_wconf 79' lang='grc' dir='ltr'>μέγιστον</span> <span class='ocrx_word' id='word_1_660' title='bbox 1195 4668 1338 4741; x_wconf 68' lang='grc' dir='ltr'><strong>⁴ἱερὸν</strong></span> <span class='ocrx_word' id='word_1_661' title='bbox 1392 4668 1750 4742; x_wconf 77' lang='grc' dir='ltr'>έπυρπολήθη</span> <span class='ocrx_word' id='word_1_662' title='bbox 1807 4671 1916 4727; x_wconf 81' lang='grc' dir='ltr'><strong>τῶν</strong></span> 
     </span>
    </p>
   </div>
   <div class='ocr_carea' id='block_1_99' title="bbox 243 4752 1917 4834">
    <p class='ocr_par' dir='ltr' id='par_1_99' title="bbox 243 4752 1917 4834">
     <span class='ocr_line' id='line_1_99' title="bbox 243 4752 1917 4834; baseline 0.001 -24"><span class='ocrx_word' id='word_1_663' title='bbox 243 4759 584 4834; x_wconf 80' lang='grc' dir='ltr'>Βλαχερνῶν</span> <span class='ocrx_word' id='word_1_664' title='bbox 626 4753 732 4819; x_wconf 75' lang='grc' dir='ltr'>’έως</span> <span class='ocrx_word' id='word_1_665' title='bbox 764 4752 1013 4832; x_wconf 74' lang='grc' dir='ltr'>έδάφους.</span> <span class='ocrx_word' id='word_1_666' title='bbox 1049 4755 1198 4812; x_wconf 81' lang='grc' dir='ltr'>Ἐπεὶ</span> <span class='ocrx_word' id='word_1_667' title='bbox 1256 4754 1313 4811; x_wconf 76' lang='grc' dir='ltr'>δὶ</span> <span class='ocrx_word' id='word_1_668' title='bbox 1354 4758 1417 4812; x_wconf 81' lang='grc' dir='ltr'>τὸ</span> <span class='ocrx_word' id='word_1_669' title='bbox 1468 4752 1560 4830; x_wconf 82' lang='grc' dir='ltr'>ἔαρ</span> <span class='ocrx_word' id='word_1_670' title='bbox 1621 4757 1917 4832; x_wconf 78' lang='grc' dir='ltr'>ὑποφαίνε-</span> 
     </span>
    </p>
   </div>
   <div class='ocr_carea' id='block_1_100' title="bbox 241 4843 1912 4922">
    <p class='ocr_par' dir='ltr' id='par_1_100' title="bbox 241 4843 1912 4922">
     <span class='ocr_line' id='line_1_100' title="bbox 241 4843 1912 4922; baseline -0.001 -20"><span class='ocrx_word' id='word_1_671' title='bbox 241 4861 383 4912; x_wconf 80' lang='grc' dir='ltr'>σθαι</span> <span class='ocrx_word' id='word_1_672' title='bbox 410 4845 635 4922; x_wconf 74' lang='grc' dir='ltr'>ἤρξατο,</span> <span class='ocrx_word' id='word_1_673' title='bbox 669 4843 928 4917; x_wconf 72' lang='grc' dir='ltr'>ἐσκέψατο</span> <span class='ocrx_word' id='word_1_674' title='bbox 985 4849 1235 4917; x_wconf 89' lang='grc' dir='ltr'>παρεῖναι</span> <span class='ocrx_word' id='word_1_675' title='bbox 1294 4847 1363 4918; x_wconf 75' lang='grc' dir='ltr'><strong>τῇ</strong></span> <span class='ocrx_word' id='word_1_676' title='bbox 1425 4843 1665 4921; x_wconf 86' lang='grc' dir='ltr'>βασιλίδι</span> <span class='ocrx_word' id='word_1_677' title='bbox 1699 4847 1727 4900; x_wconf 85' lang='grc' dir='ltr'>ὁ</span> <span class='ocrx_word' id='word_1_678' title='bbox 1761 4847 1912 4922; x_wconf 87' lang='grc' dir='ltr'>βασι-</span> 
     </span>
    </p>
   </div>
   <div class='ocr_carea' id='block_1_101' title="bbox 235 4929 1914 5011">
    <p class='ocr_par' dir='ltr' id='par_1_101' title="bbox 235 4929 1914 5011">
     <span class='ocr_line' id='line_1_101' title="bbox 235 4929 1914 5011; baseline -0.002 -19"><span class='ocrx_word' id='word_1_679' title='bbox 235 4937 409 4996; x_wconf 80' lang='grc' dir='ltr'>λεύς.</span> <span class='ocrx_word' id='word_1_680' title='bbox 466 4933 768 5008; x_wconf 84' lang='grc' dir='ltr'>Προκρίνας</span> <span class='ocrx_word' id='word_1_681' title='bbox 827 4929 885 4986; x_wconf 76' lang='grc' dir='ltr'>δὲ</span> <span class='ocrx_word' id='word_1_682' title='bbox 949 4932 1214 5003; x_wconf 74' lang='grc' dir='ltr'>Μανουήλ</span> <span class='ocrx_word' id='word_1_683' title='bbox 1299 4931 1760 5011; x_wconf 86' lang='grc' dir='ltr'>πρωτοπρόεδρον</span> <span class='ocrx_word' id='word_1_684' title='bbox 1821 4936 1914 4990; x_wconf 85' lang='grc' dir='ltr'>τὸν</span> 
     </span>
    </p>
   </div>
   <div class='ocr_carea' id='block_1_102' title="bbox 237 5021 1910 5099">
    <p class='ocr_par' dir='ltr' id='par_1_102' title="bbox 237 5021 1910 5099">
     <span class='ocr_line' id='line_1_102' title="bbox 237 5021 1910 5099; baseline -0.001 -18"><span class='ocrx_word' id='word_1_685' title='bbox 237 5024 562 5097; x_wconf 74' lang='grc' dir='ltr'>Κομνηνὸν,</span> <span class='ocrx_word' id='word_1_686' title='bbox 589 5022 682 5077; x_wconf 83' lang='grc' dir='ltr'><strong>καὶ</strong></span> <span class='ocrx_word' id='word_1_687' title='bbox 711 5024 900 5076; x_wconf 75' lang='grc' dir='ltr'>τοῦτον</span> <span class='ocrx_word' id='word_1_688' title='bbox 923 5024 1162 5095; x_wconf 76' lang='grc' dir='ltr'>τιμήσας</span> <span class='ocrx_word' id='word_1_689' title='bbox 1216 5027 1294 5095; x_wconf 77' lang='grc' dir='ltr'><strong>τῷ</strong></span> <span class='ocrx_word' id='word_1_690' title='bbox 1348 5027 1446 5078; x_wconf 78' lang='grc' dir='ltr'><strong>τοῦ</strong></span> <span class='ocrx_word' id='word_1_691' title='bbox 1493 5021 1910 5099; x_wconf 85' lang='grc' dir='ltr'>κουροπαλάτου</span> 
     </span>
    </p>
   </div>
   <div class='ocr_carea' id='block_1_103' title="bbox 236 5111 1905 5188">
    <p class='ocr_par' dir='ltr' id='par_1_103' title="bbox 236 5111 1905 5188">
     <span class='ocr_line' id='line_1_103' title="bbox 236 5111 1905 5188; baseline -0.002 -19"><span class='ocrx_word' id='word_1_692' title='bbox 236 5114 549 5186; x_wconf 78' lang='grc' dir='ltr'>ἀξιώματι,</span> <span class='ocrx_word' id='word_1_693' title='bbox 580 5111 878 5184; x_wconf 86' lang='grc' dir='ltr'>στρατηγὸν</span> <span class='ocrx_word' id='word_1_694' title='bbox 938 5111 1028 5164; x_wconf 84' lang='grc' dir='ltr'><strong>καὶ</strong></span> <span class='ocrx_word' id='word_1_695' title='bbox 1070 5111 1318 5188; x_wconf 78' lang='grc' dir='ltr'>ἀρχηγὸν</span> <span class='ocrx_word' id='word_1_696' title='bbox 1366 5117 1464 5168; x_wconf 78' lang='grc' dir='ltr'><strong>τοῦ</strong></span> <span class='ocrx_word' id='word_1_697' title='bbox 1505 5113 1905 5187; x_wconf 83' lang='grc' dir='ltr'>στρατεύματος</span> 
     </span>
    </p>
   </div>
   <div class='ocr_carea' id='block_1_104' title="bbox 237 5195 1904 5275">
    <p class='ocr_par' dir='ltr' id='par_1_104' title="bbox 237 5195 1904 5275">
     <span class='ocr_line' id='line_1_104' title="bbox 237 5195 1904 5275; baseline -0.002 -16"><span class='ocrx_word' id='word_1_698' title='bbox 237 5199 628 5259; x_wconf 70' lang='grc' dir='ltr'>ἀποδείκνυσι.</span> <span class='ocrx_word' id='word_1_699' title='bbox 657 5197 735 5255; x_wconf 78' lang='grc' dir='ltr'><strong>Τὸ</strong></span> <span class='ocrx_word' id='word_1_700' title='bbox 789 5195 836 5252; x_wconf 83' lang='grc' dir='ltr'>δ’</span> <span class='ocrx_word' id='word_1_701' title='bbox 889 5195 1127 5262; x_wconf 73' lang='grc' dir='ltr'>ἐντεῦθεν</span> <span class='ocrx_word' id='word_1_702' title='bbox 1183 5201 1251 5255; x_wconf 80' lang='grc' dir='ltr'>τὰ</span> <span class='ocrx_word' id='word_1_703' title='bbox 1296 5201 1573 5275; x_wconf 88' lang='grc' dir='ltr'>προσάντη</span> <span class='ocrx_word' id='word_1_704' title='bbox 1631 5200 1721 5256; x_wconf 77' lang='grc' dir='ltr'>καὶ</span> <span class='ocrx_word' id='word_1_705' title='bbox 1780 5197 1904 5255; x_wconf 87' lang='grc' dir='ltr'>δυσ-</span> 
     </span>
    </p>
   </div>
   <div class='ocr_carea' id='block_1_105' title="bbox 228 5285 1906 5369">
    <p class='ocr_par' dir='ltr' id='par_1_105' title="bbox 228 5285 1906 5369">
     <span class='ocr_line' id='line_1_105' title="bbox 228 5285 1906 5369; baseline -0.021 0"><span class='ocrx_word' id='word_1_706' title='bbox 228 5291 388 5369; x_wconf 72' lang='grc' dir='ltr'>κερῆ</span> <span class='ocrx_word' id='word_1_707' title='bbox 443 5289 533 5344; x_wconf 71' lang='grc' dir='ltr'><strong>καὶ</strong></span> <span class='ocrx_word' id='word_1_708' title='bbox 587 5285 810 5361; x_wconf 64' lang='grc' dir='ltr'>λυπηρὰ</span> <span class='ocrx_word' id='word_1_709' title='bbox 866 5289 933 5361; x_wconf 67' lang='grc' dir='ltr'><strong>τῇ</strong></span> <span class='ocrx_word' id='word_1_710' title='bbox 997 5286 1246 5362; x_wconf 70' lang='grc' dir='ltr'>βασιλείᾳ</span> <span class='ocrx_word' id='word_1_711' title='bbox 1301 5289 1591 5363; x_wconf 87' lang='grc' dir='ltr'>Ῥωμαίων</span> <span class='ocrx_word' id='word_1_712' title='bbox 1640 5289 1906 5364; x_wconf 69' lang='grc' dir='ltr'>προσεκύ-</span> 
     </span>
    </p>
   </div>
   <div class='ocr_carea' id='block_1_106' title="bbox 228 5371 1899 5457">
    <p class='ocr_par' dir='ltr' id='par_1_106' title="bbox 228 5371 1899 5457">
     <span class='ocr_line' id='line_1_106' title="bbox 228 5371 1899 5457; baseline -0.001 -22"><span class='ocrx_word' id='word_1_713' title='bbox 228 5401 434 5457; x_wconf 78' lang='grc' dir='ltr'>ρησεν.</span> <span class='ocrx_word' id='word_1_714' title='bbox 493 5378 679 5448; x_wconf 79' lang='grc' dir='ltr'>Ἐξιὼν</span> <span class='ocrx_word' id='word_1_715' title='bbox 736 5372 828 5430; x_wconf 78' lang='grc' dir='ltr'><strong>οὗν</strong></span> <span class='ocrx_word' id='word_1_716' title='bbox 884 5377 912 5430; x_wconf 84' lang='grc' dir='ltr'>ὁ</span> <span class='ocrx_word' id='word_1_717' title='bbox 969 5371 1422 5452; x_wconf 78' lang='grc' dir='ltr'>προϐεϐλημένος</span> <span class='ocrx_word' id='word_1_718' title='bbox 1478 5379 1555 5442; x_wconf 84' lang='grc' dir='ltr'>εἷς</span> <span class='ocrx_word' id='word_1_719' title='bbox 1612 5382 1800 5452; x_wconf 83' lang='grc' dir='ltr'>τοῦτο,</span> <span class='ocrx_word' id='word_1_720' title='bbox 1853 5379 1899 5434; x_wconf 81' lang='grc' dir='ltr'><strong>εί</strong></span> 
     </span>
    </p>
   </div>
   <div class='ocr_carea' id='block_1_107' title="bbox 225 5461 1896 5543">
    <p class='ocr_par' dir='ltr' id='par_1_107' title="bbox 225 5461 1896 5543">
     <span class='ocr_line' id='line_1_107' title="bbox 225 5461 1896 5543; baseline -0.002 -18"><span class='ocrx_word' id='word_1_721' title='bbox 225 5472 326 5526; x_wconf 79' lang='grc' dir='ltr'><strong>καὶ</strong></span> <span class='ocrx_word' id='word_1_722' title='bbox 388 5467 504 5528; x_wconf 88' lang='grc' dir='ltr'>νέος</span> <span class='ocrx_word' id='word_1_723' title='bbox 548 5465 649 5534; x_wconf 80' lang='grc' dir='ltr'><strong>τήν</strong></span> <span class='ocrx_word' id='word_1_724' title='bbox 700 5461 921 5534; x_wconf 73' lang='grc' dir='ltr'>ἡλικίαν</span> <span class='ocrx_word' id='word_1_725' title='bbox 967 5463 1275 5543; x_wconf 74' lang='grc' dir='ltr'>έτύγχανεν,</span> <span class='ocrx_word' id='word_1_726' title='bbox 1304 5466 1450 5522; x_wconf 84' lang='grc' dir='ltr'>ἀλλά</span> <span class='ocrx_word' id='word_1_727' title='bbox 1497 5489 1560 5543; x_wconf 81' lang='grc' dir='ltr'><strong>γε</strong></span> <span class='ocrx_word' id='word_1_728' title='bbox 1607 5474 1896 5538; x_wconf 83' lang='grc' dir='ltr'>πεπλανη-</span> 
     </span>
    </p>
   </div>
   <div class='ocr_carea' id='block_1_108' title="bbox 231 5552 1892 5633">
    <p class='ocr_par' dir='ltr' id='par_1_108' title="bbox 231 5552 1892 5633">
     <span class='ocr_line' id='line_1_108' title="bbox 231 5552 1892 5633; baseline -0.003 -19"><span class='ocrx_word' id='word_1_729' title='bbox 231 5564 401 5632; x_wconf 67' lang='grc' dir='ltr'>μένον</span> <span class='ocrx_word' id='word_1_730' title='bbox 473 5553 626 5611; x_wconf 69' lang='grc' dir='ltr'>ούδὶν</span> <span class='ocrx_word' id='word_1_731' title='bbox 684 5553 719 5622; x_wconf 73' lang='grc' dir='ltr'><strong>ἢ</strong></span> <span class='ocrx_word' id='word_1_732' title='bbox 785 5552 1140 5629; x_wconf 83' lang='grc' dir='ltr'>μειρακιῶδες</span> <span class='ocrx_word' id='word_1_733' title='bbox 1212 5555 1445 5630; x_wconf 73' lang='grc' dir='ltr'>ένεργῶν</span> <span class='ocrx_word' id='word_1_734' title='bbox 1525 5556 1892 5633; x_wconf 76' lang='grc' dir='ltr'>κατεφαίνετο,</span> 
     </span>
    </p>
   </div>
   <div class='ocr_carea' id='block_1_109' title="bbox 225 5648 1892 5730">
    <p class='ocr_par' dir='ltr' id='par_1_109' title="bbox 225 5648 1892 5730">
     <span class='ocr_line' id='line_1_109' title="bbox 225 5648 1892 5730; baseline -0.005 -19"><span class='ocrx_word' id='word_1_735' title='bbox 225 5655 412 5711; x_wconf 66' lang='grc' dir='ltr'>πολὺν</span> <span class='ocrx_word' id='word_1_736' title='bbox 462 5651 520 5708; x_wconf 63' lang='grc' dir='ltr'>δὲ</span> <span class='ocrx_word' id='word_1_737' title='bbox 575 5657 682 5706; x_wconf 89' lang='grc' dir='ltr'><strong>τῶν</strong></span> <span class='ocrx_word' id='word_1_738' title='bbox 736 5649 958 5704; x_wconf 76' lang='grc' dir='ltr'>εῐκότων</span> <span class='ocrx_word' id='word_1_739' title='bbox 987 5648 1182 5728; x_wconf 88' lang='grc' dir='ltr'>νλόγον</span> <span class='ocrx_word' id='word_1_740' title='bbox 1237 5653 1600 5728; x_wconf 80' lang='grc' dir='ltr'>ποιούμενος’</span> <span class='ocrx_word' id='word_1_741' title='bbox 1645 5653 1738 5717; x_wconf 78' lang='grc' dir='ltr'><strong>τὰς</strong></span> <span class='ocrx_word' id='word_1_742' title='bbox 1789 5655 1892 5730; x_wconf 78' lang='grc' dir='ltr'><strong>γὰρ</strong></span> 
     </span>
    </p>
   </div>
   <div class='ocr_carea' id='block_1_110' title="bbox 2027 4651 3670 4744">
    <p class='ocr_par' dir='ltr' id='par_1_110' title="bbox 2027 4651 3670 4744">
     <span class='ocr_line' id='line_1_110' title="bbox 2027 4651 3670 4744; baseline -0.013 -18"><span class='ocrx_word' id='word_1_743' title='bbox 2027 4672 2238 4744; x_wconf 70' lang='lat' dir='ltr'><strong>inopia:</strong></span> <span class='ocrx_word' id='word_1_744' title='bbox 2317 4670 2706 4733; x_wconf 89' lang='lat' dir='ltr'><strong>succurreret,</strong></span> <span class='ocrx_word' id='word_1_745' title='bbox 2789 4679 2902 4718; x_wconf 92' lang='lat' dir='ltr'><strong>non</strong></span> <span class='ocrx_word' id='word_1_746' title='bbox 2990 4658 3294 4715; x_wconf 87' lang='lat' dir='ltr'><strong>minimam</strong></span> <span class='ocrx_word' id='word_1_747' title='bbox 3379 4651 3670 4709; x_wconf 81' lang='lat' dir='ltr'><strong>exercitus</strong></span> 
     </span>
    </p>
   </div>
   <div class='ocr_carea' id='block_1_111' title="bbox 2026 4741 3670 4833">
    <p class='ocr_par' dir='ltr' id='par_1_111' title="bbox 2026 4741 3670 4833">
     <span class='ocr_line' id='line_1_111' title="bbox 2026 4741 3670 4833; baseline -0.015 -15"><span class='ocrx_word' id='word_1_748' title='bbox 2026 4741 2248 4833; x_wconf 82' lang='lat' dir='ltr'><strong>partem</strong></span> <span class='ocrx_word' id='word_1_749' title='bbox 2280 4760 2435 4814; x_wconf 76' lang='lat'><strong>686</strong></span> <span class='ocrx_word' id='word_1_750' title='bbox 2466 4757 2525 4811; x_wconf 92' lang='lat' dir='ltr'><strong>in</strong></span> <span class='ocrx_word' id='word_1_751' title='bbox 2557 4755 2783 4826; x_wconf 87' lang='lat' dir='ltr'><strong>Syriam</strong></span> <span class='ocrx_word' id='word_1_752' title='bbox 2810 4752 2994 4823; x_wconf 89' lang='lat' dir='ltr'><strong>jussit</strong></span> <span class='ocrx_word' id='word_1_753' title='bbox 3040 4747 3224 4804; x_wconf 87' lang='lat' dir='ltr'><strong>abire.</strong></span> <span class='ocrx_word' id='word_1_754' title='bbox 3277 4744 3394 4798; x_wconf 85' lang='lat' dir='ltr'><strong>Hac</strong></span> <span class='ocrx_word' id='word_1_755' title='bbox 3444 4741 3670 4796; x_wconf 88' lang='lat' dir='ltr'><strong>ratione</strong></span> 
     </span>
    </p>
   </div>
   <div class='ocr_carea' id='block_1_112' title="bbox 2023 4829 3668 4918">
    <p class='ocr_par' dir='ltr' id='par_1_112' title="bbox 2023 4829 3668 4918">
     <span class='ocr_line' id='line_1_112' title="bbox 2023 4829 3668 4918; baseline -0.015 -12"><span class='ocrx_word' id='word_1_756' title='bbox 2023 4829 2230 4906; x_wconf 83' lang='lat' dir='ltr'><strong>ducem</strong></span> <span class='ocrx_word' id='word_1_757' title='bbox 2265 4866 2332 4904; x_wconf 93' lang='lat' dir='ltr'><strong>ea</strong></span> <span class='ocrx_word' id='word_1_758' title='bbox 2363 4845 2622 4918; x_wconf 87' lang='lat' dir='ltr'><strong>potentia</strong></span> <span class='ocrx_word' id='word_1_759' title='bbox 2673 4860 2801 4914; x_wconf 81' lang='lat' dir='ltr'><strong>quae</strong></span> <span class='ocrx_word' id='word_1_760' title='bbox 2849 4840 2985 4894; x_wconf 89' lang='lat' dir='ltr'><strong>inde</strong></span> <span class='ocrx_word' id='word_1_761' title='bbox 3032 4831 3513 4908; x_wconf 87' lang='lat' dir='ltr'><strong>proﬁciscebatur</strong></span> <span class='ocrx_word' id='word_1_762' title='bbox 3568 4829 3668 4882; x_wconf 90' lang='lat' dir='ltr'><strong>de-</strong></span> 
     </span>
    </p>
   </div>
   <div class='ocr_carea' id='block_1_113' title="bbox 2020 4915 3667 5007">
    <p class='ocr_par' dir='ltr' id='par_1_113' title="bbox 2020 4915 3667 5007">
     <span class='ocr_line' id='line_1_113' title="bbox 2020 4915 3667 5007; baseline -0.015 -11"><span class='ocrx_word' id='word_1_763' title='bbox 2020 4915 2525 5007; x_wconf 42' lang='lat' dir='ltr'><strong>fraudavit;_quae</strong></span> <span class='ocrx_word' id='word_1_764' title='bbox 2573 4948 2705 4988; x_wconf 92' lang='lat' dir='ltr'><strong>cum</strong></span> <span class='ocrx_word' id='word_1_765' title='bbox 2756 4929 3050 5002; x_wconf 83' lang='lat' dir='ltr'><strong>profectus</strong></span> <span class='ocrx_word' id='word_1_766' title='bbox 3097 4926 3253 4979; x_wconf 89' lang='lat' dir='ltr'><strong>esset</strong></span> <span class='ocrx_word' id='word_1_767' title='bbox 3283 4936 3415 4976; x_wconf 90' lang='lat' dir='ltr'><strong>cum</strong></span> <span class='ocrx_word' id='word_1_768' title='bbox 3449 4915 3667 4972; x_wconf 88' lang='lat' dir='ltr'><strong>relictis</strong></span> 
     </span>
    </p>
   </div>
   <div class='ocr_carea' id='block_1_114' title="bbox 2019 5014 3663 5108">
    <p class='ocr_par' dir='ltr' id='par_1_114' title="bbox 2019 5014 3663 5108">
     <span class='ocr_line' id='line_1_114' title="bbox 2019 5014 3663 5108; baseline -0.016 -15"><span class='ocrx_word' id='word_1_769' title='bbox 2019 5039 2131 5092; x_wconf 89' lang='lat' dir='ltr'><strong>sibi</strong></span> <span class='ocrx_word' id='word_1_770' title='bbox 2164 5036 2348 5108; x_wconf 90' lang='lat' dir='ltr'><strong>copiis</strong></span> <span class='ocrx_word' id='word_1_771' title='bbox 2378 5038 2434 5090; x_wconf 91' lang='lat' dir='ltr'><strong>et</strong></span> <span class='ocrx_word' id='word_1_772' title='bbox 2463 5033 2530 5088; x_wconf 91' lang='lat' dir='ltr'><strong>ad</strong></span> <span class='ocrx_word' id='word_1_773' title='bbox 2587 5030 2793 5085; x_wconf 90' lang='lat' dir='ltr'><strong>urbem</strong></span> <span class='ocrx_word' id='word_1_774' title='bbox 2842 5029 3036 5081; x_wconf 87' lang='lat' dir='ltr'><strong>castra</strong></span> <span class='ocrx_word' id='word_1_775' title='bbox 3081 5022 3350 5087; x_wconf 89' lang='lat' dir='ltr'><strong>locasset,</strong></span> <span class='ocrx_word' id='word_1_776' title='bbox 3396 5014 3663 5088; x_wconf 68' lang='lat' dir='ltr'><strong>quaedam</strong></span> 
     </span>
    </p>
   </div>
   <div class='ocr_carea' id='block_1_115' title="bbox 2017 5104 3670 5186">
    <p class='ocr_par' dir='ltr' id='par_1_115' title="bbox 2017 5104 3670 5186">
     <span class='ocr_line' id='line_1_115' title="bbox 2017 5104 3670 5186; baseline -0.017 -3"><span class='ocrx_word' id='word_1_777' title='bbox 2017 5128 2339 5182; x_wconf 84' lang='lat' dir='ltr'><strong>Turcorum</strong></span> <span class='ocrx_word' id='word_1_778' title='bbox 2368 5137 2602 5186; x_wconf 85' lang='lat' dir='ltr'><strong>manus,</strong></span> <span class='ocrx_word' id='word_1_779' title='bbox 2634 5119 2910 5174; x_wconf 86' lang='lat' dir='ltr'><strong>adversus</strong></span> <span class='ocrx_word' id='word_1_780' title='bbox 2959 5129 3109 5182; x_wconf 89' lang='lat' dir='ltr'><strong>quos</strong></span> <span class='ocrx_word' id='word_1_781' title='bbox 3157 5122 3432 5180; x_wconf 83' lang='lat' dir='ltr'><strong>egressus</strong></span> <span class='ocrx_word' id='word_1_782' title='bbox 3478 5104 3670 5158; x_wconf 86' lang='lat' dir='ltr'><strong>fuerat</strong></span> 
     </span>
    </p>
   </div>
   <div class='ocr_carea' id='block_1_116' title="bbox 2015 5192 3663 5286">
    <p class='ocr_par' dir='ltr' id='par_1_116' title="bbox 2015 5192 3663 5286">
     <span class='ocr_line' id='line_1_116' title="bbox 2015 5192 3663 5286; baseline -0.015 -15"><span class='ocrx_word' id='word_1_783' title='bbox 2015 5213 2409 5286; x_wconf 85' lang='lat' dir='ltr'><strong>curopalates,</strong></span> <span class='ocrx_word' id='word_1_784' title='bbox 2457 5208 2726 5276; x_wconf 89' lang='lat' dir='ltr'><strong>accessit,</strong></span> <span class='ocrx_word' id='word_1_785' title='bbox 2777 5218 3030 5274; x_wconf 91' lang='lat' dir='ltr'><strong>cumque</strong></span> <span class='ocrx_word' id='word_1_786' title='bbox 3063 5201 3209 5270; x_wconf 70' lang='lat' dir='ltr'><strong>fugas</strong></span> <span class='ocrx_word' id='word_1_787' title='bbox 3240 5213 3308 5252; x_wconf 84' lang='lat' dir='ltr'><strong>ex</strong></span> <span class='ocrx_word' id='word_1_788' title='bbox 3338 5192 3663 5265; x_wconf 88' lang='lat' dir='ltr'><strong>composito</strong></span> 
     </span>
    </p>
   </div>
   <div class='ocr_carea' id='block_1_117' title="bbox 2014 5278 3664 5377">
    <p class='ocr_par' dir='ltr' id='par_1_117' title="bbox 2014 5278 3664 5377">
     <span class='ocr_line' id='line_1_117' title="bbox 2014 5278 3664 5377; baseline -0.018 -16"><span class='ocrx_word' id='word_1_789' title='bbox 2014 5278 2267 5377; x_wconf 76' lang='lat' dir='ltr'><strong>speciem</strong></span> <span class='ocrx_word' id='word_1_790' title='bbox 2305 5299 2695 5373; x_wconf 71' lang='lat' dir='ltr'><strong>praebuissent</strong></span> <span class='ocrx_word' id='word_1_791' title='bbox 2729 5295 2950 5359; x_wconf 86' lang='lat' dir='ltr'><strong>hostes,</strong></span> <span class='ocrx_word' id='word_1_792' title='bbox 2984 5289 3081 5345; x_wconf 91' lang='lat' dir='ltr'><strong>ubi</strong></span> <span class='ocrx_word' id='word_1_793' title='bbox 3114 5284 3383 5357; x_wconf 78' lang='lat' dir='ltr'><strong>dissipati</strong></span> <span class='ocrx_word' id='word_1_794' title='bbox 3415 5278 3664 5337; x_wconf 83' lang='lat' dir='ltr'><strong>Romani</strong></span> 
     </span>
    </p>
   </div>
   <div class='ocr_carea' id='block_1_118' title="bbox 2010 5369 3663 5462">
    <p class='ocr_par' dir='ltr' id='par_1_118' title="bbox 2010 5369 3663 5462">
     <span class='ocr_line' id='line_1_118' title="bbox 2010 5369 3663 5462; baseline -0.016 -16"><span class='ocrx_word' id='word_1_795' title='bbox 2010 5369 2110 5445; x_wconf 80' lang='lat' dir='ltr'><strong>eos</strong></span> <span class='ocrx_word' id='word_1_796' title='bbox 2143 5369 2670 5462; x_wconf 72' lang='lat' dir='ltr'><strong>persequebantur,</strong></span> <span class='ocrx_word' id='word_1_797' title='bbox 2721 5384 2959 5452; x_wconf 90' lang='lat' dir='ltr'><strong>repente</strong></span> <span class='ocrx_word' id='word_1_798' title='bbox 3000 5374 3263 5432; x_wconf 88' lang='lat' dir='ltr'><strong>conversi</strong></span> <span class='ocrx_word' id='word_1_799' title='bbox 3312 5371 3422 5426; x_wconf 90' lang='lat' dir='ltr'><strong>sibi</strong></span> <span class='ocrx_word' id='word_1_800' title='bbox 3475 5369 3663 5423; x_wconf 90' lang='lat' dir='ltr'><strong>victo-</strong></span> 
     </span>
    </p>
   </div>
   <div class='ocr_carea' id='block_1_119' title="bbox 2010 5456 3664 5547">
    <p class='ocr_par' dir='ltr' id='par_1_119' title="bbox 2010 5456 3664 5547">
     <span class='ocr_line' id='line_1_119' title="bbox 2010 5456 3664 5547; baseline -0.015 -13"><span class='ocrx_word' id='word_1_801' title='bbox 2010 5456 2160 5533; x_wconf 77' lang='lat' dir='ltr'><strong>riam</strong></span> <span class='ocrx_word' id='word_1_802' title='bbox 2208 5456 2641 5547; x_wconf 46' lang='lat' dir='ltr'><strong>com—pararunt,</strong></span> <span class='ocrx_word' id='word_1_803' title='bbox 2676 5476 2734 5525; x_wconf 91' lang='lat' dir='ltr'><strong>et</strong></span> <span class='ocrx_word' id='word_1_804' title='bbox 2761 5469 2974 5525; x_wconf 91' lang='lat' dir='ltr'><strong>idcirco</strong></span> <span class='ocrx_word' id='word_1_805' title='bbox 3006 5464 3214 5521; x_wconf 90' lang='lat' dir='ltr'><strong>multis</strong></span> <span class='ocrx_word' id='word_1_806' title='bbox 3245 5458 3433 5533; x_wconf 90' lang='lat' dir='ltr'><strong>captis</strong></span> <span class='ocrx_word' id='word_1_807' title='bbox 3463 5456 3664 5530; x_wconf 81' lang='lat' dir='ltr'><strong>plures</strong></span> 
     </span>
    </p>
   </div>
   <div class='ocr_carea' id='block_1_120' title="bbox 2008 5549 3660 5639">
    <p class='ocr_par' dir='ltr' id='par_1_120' title="bbox 2008 5549 3660 5639">
     <span class='ocr_line' id='line_1_120' title="bbox 2008 5549 3660 5639; baseline -0.014 -17"><span class='ocrx_word' id='word_1_808' title='bbox 2008 5582 2244 5639; x_wconf 91' lang='lat' dir='ltr'><strong>quoque</strong></span> <span class='ocrx_word' id='word_1_809' title='bbox 2274 5565 2469 5638; x_wconf 88' lang='lat' dir='ltr'><strong>gladio</strong></span> <span class='ocrx_word' id='word_1_810' title='bbox 2502 5559 2745 5616; x_wconf 89' lang='lat' dir='ltr'><strong>confecti</strong></span> <span class='ocrx_word' id='word_1_811' title='bbox 2779 5562 2938 5614; x_wconf 89' lang='lat' dir='ltr'><strong>sunt.</strong></span> <span class='ocrx_word' id='word_1_812' title='bbox 2980 5557 3050 5611; x_wconf 90' lang='lat' dir='ltr'><strong>Et</strong></span> <span class='ocrx_word' id='word_1_813' title='bbox 3092 5569 3224 5610; x_wconf 90' lang='lat' dir='ltr'><strong>cum</strong></span> <span class='ocrx_word' id='word_1_814' title='bbox 3273 5549 3404 5605; x_wconf 89' lang='lat' dir='ltr'><strong>aliis</strong></span> <span class='ocrx_word' id='word_1_815' title='bbox 3451 5549 3660 5618; x_wconf 87' lang='lat' dir='ltr'><strong>captus</strong></span> 
     </span>
    </p>
   </div>
   <div class='ocr_carea' id='block_1_121' title="bbox 2005 5642 3663 5727">
    <p class='ocr_par' dir='ltr' id='par_1_121' title="bbox 2005 5642 3663 5727">
     <span class='ocr_line' id='line_1_121' title="bbox 2005 5642 3663 5727; baseline -0.013 -14"><span class='ocrx_word' id='word_1_816' title='bbox 2005 5661 2095 5713; x_wconf 91' lang='lat' dir='ltr'><strong>est</strong></span> <span class='ocrx_word' id='word_1_817' title='bbox 2125 5662 2181 5712; x_wconf 89' lang='lat' dir='ltr'><strong>ct</strong></span> <span class='ocrx_word' id='word_1_818' title='bbox 2211 5653 2664 5727; x_wconf 86' lang='lat' dir='ltr'><strong>curopalates,et</strong></span> <span class='ocrx_word' id='word_1_819' title='bbox 2692 5645 3113 5719; x_wconf 60' lang='lat' dir='ltr'><strong>castrazomnia</strong></span> <span class='ocrx_word' id='word_1_820' title='bbox 3133 5642 3663 5714; x_wconf 81' lang='lat' dir='ltr'><strong>expugnata,capta</strong></span> 
     </span>
    </p>
   </div>
  </div>
