4060 6344
418 387 537 449 115

1737 368 2063 431 JOANNIS
2108 370 2513 437 SCYLITZIE

3710 386 3837 447 416

419 540 485 579 ac
504 519 839 592 direpta.Ac
859 513 972 570 nisi
997 509 1329 585 propinqua
1358 504 1499 564 urbs
1521 505 1719 579 plures
1749 510 2059 577 servasset,

2188 503 2431 598 Βυνσὶμεις
2480 516 2857 590 συνηθροικὼς
2940 518 3299 597 πασίρῥωμος
3383 524 3454 595 τῇ
3542 522 3839 598 Καισαρείᾳ

420 609 688 667 funditus
720 603 1043 660 interiisset
1071 598 1263 655 omnis
1295 597 1559 652 Romana
1607 599 1770 660 tetas,
1819 611 1945 665 quae
1992 596 2064 650 ad

420 701 530 756 hoc
561 698 781 754 bellum
813 694 1205 747 concurrerat.
1240 688 1370 742 Haec
1404 687 1555 740 fama
1585 701 1718 739 cum
1769 684 2065 755 pervenis-

422 795 511 846 set
542 789 615 844 ad
645 787 1083 857 imperatorem,
1134 776 1355 849 ingenti
1406 791 1537 830 eum
1590 772 1788 829 dolore
1838 774 2062 841 aﬂ'scit;

422 896 540 950 qua
584 879 679 931 vix
731 873 953 937 audita,
1003 868 1185 924 altera
1235 882 1468 937 quoque
1519 863 1767 919 velocior
1795 867 1853 917 et
1882 861 2065 918 multo

422 966 612 1039 magis
637 967 952 1037 penetrans
976 957 1196 1029 perlata
1216 960 1321 1019 est,
1358 971 1485 1025 quae
1518 953 1816 1008 nuntiaret
1849 957 2066 1007 Turcos

422 1052 850 1126 rempublicam
882 1048 1243 1103 Chonensem
1279 1047 1334 1097 et
1386 1042 1579 1113 ipsum
1622 1040 2067 1095 celeberrimum

420 1144 574 1200 inter
605 1138 893 1198 miracula
922 1142 978 1192 et
1007 1137 1160 1190 dona
1190 1130 1471 1204 principis
1517 1129 1735 1186 militiae
1779 1128 2065 1201 templum

422 1233 604 1289 armis
631 1230 1154 1301 occupasse,atque
1187 1220 1385 1276 omnia
1415 1219 1533 1274 illic
1564 1220 1719 1275 caede
1760 1225 1817 1274 et
1864 1235 2068 1273 cruore

421 1317 1078 1393 completa,multasque
1100 1309 1485 1366 contumelias
1508 1326 1539 1363 a
1557 1307 2068 1363 debacchandibus

419 1410 640 1481 templo
699 1407 913 1471 illatas,
972 1404 1288 1474 ipsumque
1350 1396 1600 1452 maxime
1667 1397 2065 1452 venerandum

419 1498 705 1567 templum
738 1508 1024 1566 equorum
1055 1489 1351 1545 stabulum
1383 1488 1675 1553 effectum,
1703 1490 1759 1542 et
1790 1486 1943 1558 quod
1979 1486 2066 1540 in-

423 1584 847 1659 dignissimum
881 1586 1027 1649 erat,
1061 1594 1249 1648 neque
1282 1577 1477 1631 hiatus
1509 1574 1759 1642 cloacas,
1792 1575 1887 1629 ubi
1922 1591 2065 1645 prae-

417 1676 765 1731 terﬂuentes
798 1672 956 1726 ﬂuvii
993 1686 1058 1724 eo
1090 1666 1331 1722 derivati
1366 1681 1467 1736 per
1518 1664 1797 1734 principis
1847 1663 2066 1717 exerci-

421 1767 521 1821 tus
572 1763 881 1833 antiquum
931 1760 1244 1814 adventum
1293 1758 1345 1809 et
1396 1752 1659 1807 divinum
1692 1751 2065 1818 miraculum,

2175 596 2534 671 ἐπεδήμησεν,
2595 606 2656 659 οὐ
2716 614 2814 677 τῆς
2866 596 3120 683 εὐνομίας
3164 614 3329 685 μόνον
3388 612 3535 668 ἀλλὰ
3587 612 3675 667 καὶ
3717 596 3836 666 τοῦ

2176 694 2402 763 στρατοῦ
2453 694 2752 769 φροντίζων
2805 699 3217 774 προσηκόντως,
3247 702 3337 757 καὶ
3397 702 3522 763 τοὺς
3582 700 3837 756 ἀδικοῦν-

2174 798 2270 841 τας
2296 783 2404 832 τῶν
2436 790 2782 856 στρατιωτῶν
2834 786 3085 843 ἐκτίσεων
3130 791 3461 863 προστίμοις
3506 792 3830 865 κατάγχων-

2176 867 2455 940 Πολέμοις
2502 868 2558 925 δέ
2614 894 2755 928 τισιν
2805 875 3044 952 ἐντυχὼν
3105 880 3335 949 νικητὴς
3384 879 3677 954 κατεφάνη,
3738 880 3833 933 καὶ

2175 959 2271 1025 τήν
2306 959 2428 1034 περὶ
2470 963 2635 1016 αὐτοῦ
2669 962 2910 1036 εὐδοξίαν
2962 966 3071 1038 ἤδη
3121 969 3410 1025 πλατύνειν
3448 968 3836 1043 διηγωνίζετο.

2178 1049 2588 1120 Πυνθανόμενος
2660 1049 2718 1107 δὲ
2789 1056 2944 1111 ταυτὶ
3024 1059 3051 1111 6
3125 1063 3340 1131 κρατῶν
3409 1058 3654 1130 εὐθυμεῖν
3732 1059 3831 1130 μὲν

2176 1134 2354 1207 ἐῴκει,
2388 1137 2595 1213 κρύψας
2639 1140 2691 1195 ἐν
2743 1144 2917 1216 ἑαυτῷ
2963 1146 3057 1200 τὸν
3099 1148 3314 1224 φθόνον·
3349 1146 3501 1219 ὅμως
3528 1145 3575 1201 δ’
3604 1144 3694 1201 οὖν
3736 1146 3837 1201 ’ἱνα

2172 1226 2271 1293 τὴν
2329 1234 2429 1296 τῆς
2488 1229 2846 1302 Ἱεραπόλεως
2919 1233 3062 1309 τάχα
3138 1234 3274 1309 λύσῃ
3349 1236 3675 1311 πολιορκίαν
3732 1237 3831 1290 καὶ

2173 1317 2270 1384 τήν
2304 1314 2573 1372 σιτοδείαν
2605 1324 3090 1395 παραμαΘήσ-ηται,
3129 1330 3324 1399 μοῖραν
3378 1326 3478 1380 οὐκ
3528 1324 3837 1399 ἐλαχίστην

2176 1404 2586 1478 ἀποτεμόμενος
2662 1414 2759 1463 τοῦ
2836 1418 3066 1488 στρατοῦ
3116 1413 3253 1468 κατὰ
3312 1414 3507 1488 Συρίαν
3577 1413 3835 1469 ἀπελθεῖν

2177 1492 2491 1568 διωρίσατο,
2544 1498 2632 1550 καὶ
2684 1503 2876 1555 τοῦτον
2934 1502 3024 1555 τὸν
3086 1498 3288 1577 τρόπον
3348 1510 3448 1570 τῆς
3508 1501 3568 1557 ἐκ
3623 1502 3836 1557 τούτων

2178 1583 2369 1659 ἰσχύος
2424 1586 2515 1640 τὸν
2601 1590 2902 1663 στρατηγὸν
2989 1588 3348 1666 διεστέρησεν.
3396 1591 3489 1653 Εἷς
3548 1588 3604 1645 δὲ
3662 1585 3839 1645 Σεϐά-

2176 1694 2353 1727 στειαν
2438 1678 2882 1749 παραγενομένου
2962 1681 3097 1751 μετά
3153 1684 3261 1734 τῶν
3335 1679 3837 1752 ὑπολεὶειμμένων

2177 1760 2456 1834 δυνάμεων
2544 1766 2631 1819 καὶ
2702 1767 2826 1842 περὶ
2898 1769 2961 1822 τὸ
3041 1766 3170 1824 ἄστυ
3244 1765 3837 1843 στρατοπεδεύσαντος,

423 1857 704 1924 tanquam
737 1867 839 1922 per
868 1862 1122 1920 praeceps
1154 1845 1376 1899 ﬂuxum
1406 1842 1625 1897 habent
1655 1841 1945 1911 ejusmodi
1969 1843 2067 1913 qui

2188 1850 2386 1941 ἐπῆλθέ
2449 1873 2532 1913 τις
2604 1841 2823 1923 πληθῦς
2896 1859 3191 1931 Τουρκική.
3253 1841 3430 1929 Ἐξῄει
3509 1862 3637 1933 γοῦν
3714 1849 3839 1912 κατ’

426 1944 744 1999 consistere
776 1940 1001 2010 nequit,
1033 1935 1181 1989 687
1236 1933 1455 2003 quique
1504 1931 1821 1986 admodum
1874 1929 2069 1986 celeri-

424 2034 515 2087 ter
556 2029 831 2095 occurrit,
886 2043 1001 2081 non
1052 2022 1314 2095 potuisse
1364 2037 1463 2075 eos
1494 2020 1588 2090 qui
1619 2020 1757 2075 illuc
1788 2020 2072 2090 coniuge-

427 2123 560 2175 rant
592 2133 823 2174 servare
853 2115 1063 2171 evitato
1098 2110 1352 2183 periculo
1378 2128 1389 2164 :
1415 2110 1557 2177 imo,
1581 2111 1735 2180 quod
1772 2125 2069 2178 nunquam

428 2210 562 2263 ante
620 2205 929 2271 acciderat,
978 2202 1060 2257 ita
1116 2200 1451 2256 abundasse
1501 2214 1736 2269 aquam,
1790 2203 1847 2254 et
1894 2197 2073 2252 veluti

434 2294 729 2365 absorptis
776 2291 1120 2345 ﬂuminibus
1152 2304 1357 2343 omnes
1389 2287 1621 2358 penitus
1651 2288 1751 2357 qui
1780 2303 1847 2341 eo
1878 2287 2074 2341 confu-

428 2388 637 2456 gerant
667 2380 883 2435 diluvio
913 2384 968 2434 et
1016 2378 1396 2433 inundatione
1446 2375 1810 2448 oppressisse
1858 2382 1914 2429 et
1962 2377 2071 2430 sub

431 2477 587 2529 terra
617 2469 990 2525 demersisse.
1027 2467 1155 2522 Haec
1189 2467 1366 2537 igitur
1397 2466 1466 2520 ad
1501 2465 1617 2519 alia
1663 2464 1933 2519 nuntiata
1982 2466 2071 2518 in-

431 2566 665 2636 gentem
689 2560 859 2615 nobis
882 2557 1061 2614 animi
1088 2555 1345 2613 dolorem
1370 2561 1425 2610 et
1446 2554 1770 2610 cruciatum
1804 2554 2070 2621 attulere,

433 2649 846 2722 reputantibus
876 2647 1033 2718 quod
1062 2646 1354 2701 acciderat
1384 2660 1513 2700 esse
1543 2643 1803 2699 divinum
1839 2648 2072 2715 porten-

430 2744 557 2795 tum
591 2739 820 2793 etiram
864 2743 1040 2807 atque
1088 2733 1547 2805 indignationem
1599 2733 1721 2799 Dei,
1770 2750 1905 2788 cum
1958 2750 2072 2788 non

428 2829 629 2884 hostes
655 2826 844 2891 modo,
880 2825 977 2880 sed
1004 2825 1132 2895 ipsa
1152 2839 1385 2895 quoque
1406 2822 1694 2877 elementa
1717 2822 1884 2876 nobis
1908 2839 2074 2894 repu-

430 2920 698 2990 gnarent.
742 2914 911 2969 Prius
954 2912 1112 2968 enim
1164 2916 1247 2967 tot
1296 2910 1598 2966 nationum
1649 2926 1971 2966 concursus
2019 2914 2076 2967 et

430 3005 765 3073 concitatio,
797 3008 854 3058 et
901 3018 1103 3057 eorum
1148 3000 1247 3072 qui
1299 2999 1410 3055 sub
1461 2999 1739 3054 Romanis
1787 3000 2077 3070 degebant

430 3095 694 3161 defectio,
740 3094 830 3149 ira
879 3093 1077 3148 divina
1124 3091 1357 3162 quidem
1408 3105 1670 3153 evenere,
1723 3091 1824 3145 sed
1873 3095 2075 3146 contra

428 3183 753 3249 haereticos,
796 3182 897 3254 qui
946 3182 1191 3236 Iberi-3m
1245 3185 1302 3235 et
1350 3179 1830 3250 Mesopotamiam
1888 3196 2073 3251 usque

429 3274 495 3328 ad
548 3272 868 3328 Licandum
918 3276 975 3325 et
1022 3269 1352 3325 Melitenam
1384 3273 1441 3323 et
1473 3268 1782 3323 ﬁnitimam
1811 3267 2075 3323 incolunt

422 3360 1223 3429 Armeniam,Judaicamque
1252 3357 1498 3412 Nestorii
1552 3362 1609 3411 et
1656 3356 2081 3428 Acephalorum

429 3448 631 3505 colunt
661 3450 953 3504 haeresim.
990 3447 1217 3502 Etenim
1258 3446 1442 3516 plenae
1497 3450 1636 3500 sunt
1682 3445 1767 3499 hae
1818 3446 2084 3517 regiones

430 3537 839 3608 hujuscemodi
873 3554 1059 3608 pravae
1091 3535 1405 3607 opinionis.
1439 3534 1550 3589 Sed
1584 3534 1683 3589 ubi
1733 3534 2084 3591 orthodoxos

432 3643 670 3699 quoque
700 3626 914 3681 invasit
945 3624 1272 3692 calamitas,
1305 3641 1510 3680 omnes
1541 3623 1641 3695 qui
1684 3623 2083 3679 Romanorum

432 3716 616 3772 cultui
651 3715 868 3772 addicti
899 3720 1097 3771 essent
1128 3731 1242 3785 quo
1274 3731 1335 3769 se
1385 3718 1675 3769 verterent
1722 3714 2082 3775 nesciebant,

434 3810 776 3878 reputantes
824 3810 880 3860 et
928 3805 1191 3876 ipsorum
1238 3820 1578 3859 mensuram
1629 3803 1869 3874 perinde
1917 3810 2087 3875 atque

434 3894 985 3951 olimAmorrhaaoru
1000 3911 1052 3948 m
1067 3893 1371 3965 impletam
1388 3908 1537 3959 esse,
1559 3897 1615 3946 et
1627 3897 1766 3947 tunc
1781 3893 2084 3950 credentes

436 4001 551 4040 non
575 3989 804 4038 tantum
830 3989 1046 4039 rectam
1073 3982 1247 4037 tidem
1272 3980 1490 4053 requiri
1532 3981 1633 4036 sed
1665 3985 1721 4036 et
1750 3981 1926 4036 vitam
1955 3984 2085 4038 fidei

441 4073 935 4144 respondentem;
970 4088 1150 4143 quare
1182 4071 1434 4141 utrique,
1468 4074 1524 4124 et
1553 4070 1612 4124 in
1664 4070 1775 4125 ﬁde
1820 4070 2090 4127 videlicet

437 4165 700 4216 errantes
741 4166 797 4215 et
836 4160 894 4214 in
932 4160 1049 4214 vita
1078 4159 1439 4215 offendentes
1477 4164 1651 4229 atque
1690 4157 2087 4215 claudicantes

440 4249 567 4320 pari
588 4249 877 4320 supplicio
901 4248 1091 4303 affecti
1119 4252 1279 4316 sunt;
1310 4248 1411 4318 qui
1438 4248 1595 4301 enim
1620 4246 1754 4301 fecit
1783 4253 1840 4303 et
1865 4248 2085 4319 docuit,

440 4337 535 4392 hic
564 4338 774 4393 beatus
803 4341 1093 4392 censetur.
1127 4337 1229 4391 His
1261 4336 1477 4391 auditis
1505 4335 1824 4407 imperator
1852 4353 2087 4393 summo

2181 1940 2354 1996 αὐτῶν
2410 1943 2438 1995 6
2481 1943 2921 2017 κουροπαλάτης.
2982 1948 3287 2001 Φαντασίαν
3347 1944 3406 2002 δὲ
3460 1954 3639 2022 φυγῆς
3691 1966 3840 2019 παρ-

2181 2029 2502 2105 εσχημένων
2542 2036 2650 2086 τῶν
2704 2032 2992 2108 πολεμίων
3039 2034 3099 2090 ἐκ
3146 2038 3511 2109 συνθήματος,
3538 2035 3655 2090 ἐπεὶ
3716 2033 3842 2090 δια-

2180 2116 2553 2184 σκεδασθέντες
2618 2122 2671 2176 οἱ
2725 2123 2995 2196 Ῥωμαῖοι
3051 2122 3296 2193 ἐδίωκον,
3346 2124 3679 2204 ἐπιστροφὴν
3742 2124 3839 2179 ai”-

2181 2205 2385 2284 φνίδιον
2446 2207 2809 2281 ποιησάμενοι
2866 2210 3234 2286 παλίντροπον
3282 2214 3383 2281 τήν
3440 2212 3590 2281 νίκην
3648 2212 3839 2289 εἰργά-

2184 2316 2363 2351 σαντο·
2402 2293 2486 2351 διὸ
2516 2297 2606 2351 καὶ
2646 2296 2853 2353 πολλοὶ
2890 2302 2984 2373 μὲν
3013 2300 3275 2370 ἑάλωσαν,
3310 2304 3391 2373 [Ρ.
3438 2303 3565 2374 834]
3612 2300 3845 2363 πλείους

2183 2383 2240 2440 δὲ
2293 2385 2380 2440 καὶ
2440 2386 2716 2461 μαχαίρας
2797 2383 2954 2463 ἔργον
3010 2390 3280 2465 γεγόνασι.
3346 2388 3735 2445 Συναλίσκεται
3784 2388 3847 2445 δὲ

2180 2476 2270 2530 καὶ
2302 2475 2461 2536 αὐτὸς
2492 2480 2609 2538 τοῖς
2641 2473 2839 2539 ἄλλοις
2870 2479 2898 2532 6
2930 2476 3371 2553 κουροπαλάτης,
3404 2479 3495 2533 καὶ
3545 2485 3647 2546 τῆς
3692 2499 3843 2551 παρ-

2184 2558 2431 2635 εμϐολῆς
2489 2564 2702 2632 ἁπάσης
2763 2567 3095 2640 παράστασις
3153 2565 3242 2620 καὶ
3300 2568 3519 2641 ἁρπαγὴ
3579 2566 3669 2620 καὶ
3719 2563 3840 2621 δια-

2185 2650 2470 2713 σκύλευσις
2526 2652 2733 2726 γέγονε.
2794 2654 2893 2707 Καὶ
2952 2655 2996 2708 εἰ
3048 2656 3121 2727 μὴ
3180 2656 3242 2709 τὸ
3296 2656 3426 2709 ἄστυ
3482 2653 3718 2725 πλησίον
3781 2657 3841 2710 ὃν

2179 2740 2307 2803 τοὺς
2365 2738 2595 2801 πλείους
2651 2738 2925 2810 διέσωσεν,
2962 2740 3321 2797 ἐκινδύνευσεν
3383 2741 3442 2797 ἃν
3503 2748 3844 2816 πανστρατιᾷ

2181 2834 2216 2900 ἡ
2270 2834 2376 2885 τῶν
2430 2829 2717 2903 Ῥωμαίων
2776 2830 2988 2901 ἡλικία,
3047 2831 3145 2903 ὅση
3220 2835 3353 2909 πρὸς
3435 2835 3533 2902 τήν
3613 2833 3843 2889 ἐνταῦθα

2182 2920 2523 2994 ἐκστρατείαν
2555 2917 2871 2993 συνέδραμε.
2906 2924 3023 2989 Τῆς
3055 2924 3247 3000 φήμης
3308 2920 3367 2977 δὲ
3416 2918 3842 2993 καταλαϐούσης

2179 3010 2270 3063 τὸν
2309 3006 2534 3083 βασιλέα
2563 3007 2750 3079 πολλή
2804 3030 2888 3072 τις
2920 3008 3042 3064 ἀνία
3085 3013 3344 3087 κατέσχεν
3404 3011 3587 3068 αὐτόν.
3648 3014 3837 3081 Μήπω

2184 3096 2241 3152 δὲ
2273 3094 2468 3172 σχεδὸν
2509 3097 2711 3168 ταύτης
2741 3098 3085 3171 ἠκουσμένης
3128 3101 3282 3173 ἑτέρα
3330 3099 3562 3165 ἐπῆλθεν
3613 3101 3843 3174 ὀξυτὶρα

2185 3188 2275 3241 καὶ
2299 3185 2586 3260 τομωτὲρα
2616 3188 2774 3264 φήμη
2807 3185 3029 3258 πολλῷ,
3057 3187 3183 3249 τοὺς
3234 3187 3505 3262 Τούρκους
3562 3187 3851 3263 ἀπαγγέλ-

2193 3275 2364 3331 λουσα
2390 3277 2491 3343 τὴν
2521 3274 2572 3329 ἐν
2598 3276 2809 3338 Χώναις
2840 3274 3122 3331 πολιτείαν
3177 3280 3265 3333 καὶ
3326 3278 3484 3333 αὐτὸν
3537 3279 3627 3333 τὸν
3691 3300 3855 3354 περι-

2194 3360 2395 3435 ϐόητον
2433 3363 2483 3418 ἐν
2530 3364 2766 3437 θαύμασι
2824 3368 2912 3419 καί
2963 3366 3271 3439 ἀναθήμασι
3326 3371 3423 3421 τοῦ
3475 3367 3861 3442 ἀρχιστρατή-

2192 3475 2294 3529 γου
2366 3454 2489 3509 ναὸν
2553 3448 2878 3509 καταλαϐεῖν
2934 3453 2984 3508 ἐν
3054 3455 3322 3531 μαχαίρᾳ,
3380 3456 3469 3510 καὶ
3526 3456 3694 3534 φόνου
3758 3457 3860 3530 μὲν

2196 3543 2405 3596 ἅπαντα
2446 3542 2514 3596 τὰ
2563 3540 2735 3597 ἐκεῖσε
2790 3540 3085 3618 πληρῶσαι
3130 3543 3220 3598 καὶ
3267 3542 3495 3619 λύθρου,
3525 3544 3743 3606 πολλὰς
3800 3543 3866 3600 δὶ

2195 3625 2380 3705 ὕϐρεις
2434 3634 2514 3702 τῷ
2566 3631 2697 3702 ἰερῷ
2738 3630 3247 3705 ἐμπαροινισθῆναι,
3295 3633 3515 3687 ἱππῶνα
3566 3634 3657 3687 τὸν
3714 3632 3865 3687 πάν-

2197 3740 2390 3774 σεπτον
2442 3720 2839 3795 ἐργασαμένους
2870 3720 3014 3791 ναὸν,
3046 3722 3134 3775 καὶ
3185 3723 3247 3775 τὸ
3299 3719 3365 3790 δὴ
3423 3721 3862 3797 σχετλιώτερον,

2200 3804 2342 3880 μηδὲ
2370 3807 2465 3867 τὰς
2517 3810 2613 3860 τοῦ
2667 3806 2951 3880 χάσματος
3000 3809 3279 3882 σήραγγας
3326 3810 3463 3881 (19),
3495 3806 3545 3861 ἐν
3596 3808 3745 3882 ᾧπερ
3807 3810 3863 3862 οἱ

2195 3895 2589 3971 παραρῤἐοντες
2647 3894 2891 3967 ποταμοὶ
2950 3893 3123 3950 ἐκεῖσε
3181 3891 3553 3971 χωνευόμενοι
3612 3894 3701 3951 διὰ
3756 3902 3865 3964 τῆς

2194 3988 2292 4039 τοῦ
2349 3984 2793 4058 ἀρχιστρατήγου
2851 3982 3087 4045 παλαιᾶς
3147 3982 3448 4057 ἐπιδημίας
3512 3986 3601 4040 καὶ
3659 3995 3863 4055 θεοση-

2202 4073 2329 4145 μίας
2385 4072 2460 4133 ὡς
2518 4068 2608 4126 διὰ
2663 4075 2901 4147 πρανοῦς
2958 4072 3219 4126 ἀπατοῦν
3274 4074 3335 4128 τὸ
3380 4071 3553 4148 ῥεῦμα
3582 4072 3673 4127 καὶ
3732 4070 3860 4127 λίαν

2198 4159 2501 4235 εὐδρομοῦν
2562 4158 2777 4236 ἔχουσι,
2814 4159 2943 4222 τοὺς
2997 4163 3470 4240 καταπεφευγότας
3530 4159 3864 4237 διατηρῆσαι

2195 4249 2285 4304 καὶ
2347 4248 2609 4320 ὑπαλύξαι
2667 4250 2759 4303 τὸν
2809 4246 3055 4304 κινδυνον
3113 4249 3356 4326 ἰσχῦσαι,
3417 4249 3546 4305 ἀλλ’
3604 4250 3734 4324 ὅπερ
3793 4252 3863 4306 οὐ

2194 4337 2378 4413 γέγονέ
2404 4357 2556 4405 ποτε,
2590 4334 2999 4413 πλημμυρῆσαι
3046 4338 3108 4392 τὸ
3158 4335 3304 4413 ὕδωρ
3361 4337 3450 4391 καὶ
3511 4340 3628 4392 οἷον
3689 4337 3859 4415 ἀναῤ-

1742 4452 1986 4509 JACOBI
2025 4453 2243 4511 GOARI
2283 4454 2497 4509 NOTAE
2509 4494 2521 4513 .

510 4549 621 4621 (49)
670 4551 865 4623 Fidem
896 4548 1257 4621 Apocryphis
1284 4566 1390 4604 nec
1419 4566 1593 4623 erogo
1622 4565 1728 4605 nec
1758 4550 2084 4623 emendico.
2120 4555 2166 4619 D
2198 4551 2501 4606 ecclesiam
2554 4554 2738 4621 agunt
2785 4551 3212 4623 effunduntque
3247 4569 3259 4623 ξ
3287 4552 3533 4623 jamque
3564 4568 3867 4622 aquarum

446 4621 609 4685 Quod
642 4621 820 4677 Graeci
855 4628 1095 4676 narrant
1126 4638 1395 4676 sermone
1431 4622 1492 4675 18
1524 4621 1831 4688 Thesauri,
1884 4622 2083 4679 lectio-

441 4693 591 4748 narii
636 4694 917 4747 nimirum
950 4694 1009 4746 in
1042 4709 1242 4747 eorum
1279 4693 1541 4749 ecclesiis
1575 4693 1805 4764 publice
1834 4693 1987 4762 lecti,
2023 4711 2093 4749 ne

441 4765 728 4819 obscurus
759 4770 816 4819 et
853 4764 1237 4834 inexplicatus
1288 4769 1523 4819 maneat
1572 4766 1828 4820 auctoris
1876 4769 2089 4832 textus,

442 4836 697 4920 breviter
747 4837 952 4920 refero.
1004 4834 1241 4903 Chonis,
1291 4836 1599 4920 inquiunt,
1642 4836 1785 4919 urbe
1836 4835 2091 4920 Phrygia?

442 4907 857 4963 asservabatur
887 4924 1041 4977 aqua
1074 4881 1546 4978 manuvotisque
1569 4881 1813 4962 joannis
1844 4881 2090 4977 apostoli

441 4978 890 5049 benedicta,qua
922 4979 1170 5033 irrorata
1196 4977 1498 5033 miraculis
1520 4979 1762 5034 edendis
1785 4996 2090 5050 nunquam

441 5051 691 5105 ccelestis
723 5056 781 5105 et
805 5050 1071 5120 angelica
1118 5050 1301 5104 virtus
1350 5051 1566 5104 deerat.
1618 5051 1969 5121 Frequentia
2017 5051 2092 5106 si-

439 5136 691 5191 gnorum
726 5122 1055 5193 Archippus
1088 5121 1329 5193 quidam
1376 5121 1846 5189 Hierapolitanus
1896 5126 2091 5177 motus

437 5190 508 5264 ad
577 5209 790 5262 aquam
861 5190 1059 5248 condit
1114 5190 1425 5246 ecclesiam
1502 5192 1805 5247 Michaelis
1864 5209 2090 5264 superae

437 5263 657 5318 militiaa
692 5265 971 5334 principis
1003 5264 1240 5318 nomine
1289 5264 1563 5329 dicatam,
1615 5281 1791 5333 quam
1843 5263 2089 5333 gentiles

437 5336 704 5406 religioni
760 5336 1101 5405 nominique
1160 5336 1488 5389 Christiano
1545 5335 1756 5389 infensi
1820 5338 2088 5391 traducto

440 5423 541 5477 per
562 5425 688 5461 eam
714 5408 932 5478 Chryse
960 5407 1132 5461 ﬂuvio
1154 5407 1401 5476 dejicere
1419 5412 1558 5460 sunt
1578 5408 2092 5477 aggressi.Delusit

435 5495 636 5550 eorum
671 5485 947 5533 conatum
975 5484 1030 5533 et
1058 5478 1556 5548 exspectationem
1589 5478 1787 5532 cwlica
1832 5481 2090 5550 potentia

436 5554 492 5603 et
544 5549 602 5601 in
656 5550 963 5621 adversam
1014 5556 1233 5621 partem
1286 5566 1546 5621 cursum,
1580 5550 1699 5621 egit
1759 5549 1940 5621 ﬂu'vii.
2002 5550 2089 5606 Illi

438 5624 635 5690 Spreto
686 5620 965 5675 miraculo
1015 5620 1215 5691 emptis
1271 5620 1635 5677 obstinatius
1674 5620 1980 5689 insistunt,
2034 5627 2089 5677 et

436 5690 703 5763 Cuphum
738 5690 1140 5764 Lycocamque
1172 5692 1383 5749 ﬂuvios
1416 5692 1649 5749 aliunde
1701 5694 1983 5750 deductos
2028 5693 2088 5749 in

2203 4623 2421 4677 diluvio
2451 4623 2773 4678 corruisset
2808 4622 2928 4688 illa,
2957 4623 3015 4677 ni
3047 4622 3367 4678 caelestium
3403 4625 3706 4694 agminum
3742 4624 3867 4679 dux

2199 4694 2442 4776 Michael
2474 4694 2701 4776 lancea,
2733 4710 2850 4776 qua
2880 4694 3207 4776 instructus
3238 4694 3531 4776 apparuit,
3577 4710 3867 4765 percussa

2203 4772 2361 4837 petra
2403 4766 2701 4837 ingentem
2752 4765 2811 4820 in
2866 4781 2933 4820 ea
2980 4765 3316 4837 voraginem
3356 4771 3535 4821 tantm
3564 4782 3861 4837 aquarum

2202 4837 2341 4891 moli
2374 4838 2752 4892 absorbendaa
2776 4852 3048 4907 capacem
3080 4837 3714 4893 excavasset.Subeunt
3744 4837 3859 4891 ita-

2203 4925 2317 4979 que
2342 4908 2755 4983 subterraneae
2787 4924 3031 4983 sp_ecus_,_
3050 4907 3146 4970 τὰς
3161 4910 3285 4983 τοῦ.
3312 4908 3600 4981 χάσματος
3626 4908 3860 4983 ,σήραγ-

2200 4999 2324 5052 γας,
2374 4980 2700 5050 praecipites
2750 4983 2806 5033 et
2851 4979 3104 5052 humiles
3152 4979 3459 5052 fluviorum
3492 4979 3765 5052 vortices.
3800 4979 3864 5036 et

2200 5050 2460 5105 ecclesias
2508 5051 2908 5122 fundamentis
2940 5050 3110 5121 longe
3142 5050 3502 5115 accliviores.
3539 5050 3710 5122 quasi
3744 5052 3861 5107 loci

2200 5122 2475 5191 religione
2509 5122 2809 5194 territae,in
2840 5121 3066 5176 vicinos
3093 5123 3307 5179 deinde
3337 5139 3508 5194 agros
3530 5121 3669 5194 dato
3692 5122 3861 5194 alveo

2198 5198 2595 5263 emergunt,et
2626 5192 2952 5263 innoﬂ'enso
2984 5209 3158 5248 cursu
3194 5210 3353 5248 mare
3369 5192 3576 5249 versus
3599 5192 3862 5263 illabun-

2198 5269 2314 5318 tur.
2349 5261 2487 5317 ’Ᾱπὸ
2518 5264 2648 5317 αὑτὸ
2681 5262 2743 5316 τὸ
2772 5264 2971 5334 θαῦμα,
3006 5264 3272 5320 scribunt
3312 5264 3423 5327 illi,
3472 5261 3769 5334 ὠνομάσθη
3828 5264 3859 5318 ὀ

2197 5334 2364 5395 τόπος
2428 5336 2630 5399 Χῶναι,
2690 5333 2804 5405 ἆμὴ
2880 5333 3073 5407 πρῶτα
3141 5334 3455 5406 ὠνομάζετο
3534 5333 3856 5390 Κωλασσαί·

2196 5409 2529 5462 miraculum
2563 5408 2875 5462 Chonarum
2908 5406 3099 5477 (quasi
3123 5408 3287 5462 dicas
3310 5407 3853 5475 infundibuliﬂoco,

2204 5480 2442 5535 Calussa:
2475 5481 2629 5547 prius
2674 5486 2883 5541 vocato,
2932 5494 3127 5533 nomen
3160 5478 3379 5535 indidit.
3430 5479 3855 5535 Monasterium

2197 5550 2465 5621 voragini
2495 5554 2965 5621 superstructum
2997 5550 3188 5621 adhuc
3218 5555 3469 5615 exstare,
3491 5555 3548 5604 et
3577 5550 3705 5604 urbi
3741 5555 3855 5604 Μι-

2199 5619 2364 5705 χαήλ
2386 5619 2596 5705 Χώναιξ
2631 5637 2843 5705 nomen
2875 5621 2947 5675 ab
2977 5636 3043 5675 eo
3076 5620 3422 5705 impositum
3456 5621 3687 5688 docent,
3742 5622 3851 5694 qui

2198 5693 2325 5751 visu
2354 5697 2671 5766 utrumque
2702 5693 3120 5749 lustraverunt.
