4078 6336
258 411 384 472 41⁵1

1777 409 2165 471 HISTORIA.

3573 429 3691 488 418

261 536 558 617 ῥοιϐδῆσαι
607 542 694 597 καὶ
747 542 1127 620 ἆνεῤῥίξασθαι
1172 543 1263 597 καὶ
1320 539 1525 602 πάντας
1581 536 1750 614 ἄρδην
1798 538 1924 601 τοὺς

2040 540 2237 597 studio
2287 547 2343 598 et
2401 544 2579 599 animi
2637 544 2937 604 alacritate
2995 553 3436 624 quamprimum
3495 559 3689 630 egredi

260 631 740 709 καταπεφευγότας
786 631 1117 687 κατακλύσαι
1159 632 1250 686 καὶ
1309 628 1399 685 διὰ
1462 631 1629 703 ξηρᾶς
1683 624 1926 703 ὑποϐρυ-

263 721 435 796 χίους
507 722 852 791 ποιήσασθαι.
906 726 1082 776 Ταῦτα
1135 725 1428 796 τοιγαροῦν
1504 716 1926 793 έπιδιήγηθέντα

261 807 489 878 πολλὴν
564 808 758 879 ἐνῆκαν
832 811 931 878 τὴν
994 809 1223 883 ἀθυμίαν
1283 811 1418 882 ἡμῖν
1465 851 1479 876 ,
1539 805 1926 881 λογιζομένοις

263 897 566 969 θεοσημίαν
600 899 729 952 εἶναι
777 899 839 954 τὸ
870 899 1086 976 γεγονὸς
1127 900 1218 953 καὶ
1253 905 1415 971 μῆνιν
1441 899 1532 952 καὶ
1564 895 1736 971 χόλον
1769 898 1927 962 Θεοῦ,

261 996 345 1056 ὡς
381 996 458 1068 μὴ
495 994 660 1068 μόνον
687 1001 794 1051 τῶν
835 996 1118 1070 πολεμίων
1153 995 1298 1051 ἀλλὰ
1327 995 1462 1069 [καὶ]
1493 999 1603 1050 τῶν
1635 993 1925 1068 στοιχείων

260 1084 729 1160 ἀντιμαχομένων
779 1089 938 1160 ἡμῖν.
992 1086 1264 1161 Πρότερον
1316 1085 1418 1160 γὰρ
1469 1086 1503 1154 ἡ
1553 1083 1787 1153 τοσαύτη
1819 1087 1925 1136 τῶν

263 1172 440 1237 ἆθνῶν
500 1173 646 1248 ὀρμὴ
701 1175 793 1229 καὶ
865 1170 1089 1251 ἔπαρσις
1149 1175 1239 1229 καὶ
1298 1178 1400 1228 τῶν
1463 1173 1565 1228 ὑπὸ
1622 1171 1926 1245 Ῥωμαίους

261 1261 575 1317 τελούντων
623 1267 906 1334 κατακοπὴ
971 1263 1107 1340 ὀργή
1165 1264 1260 1336 μὶν
1301 1267 1400 1318 τοῦ
1450 1266 1608 1329 Θεοῦ,
1656 1261 1792 1316 κατὰ
1819 1267 1925 1315 τῶν

264 1353 559 1428 αἱρετικῶν
615 1351 670 1408 δὲ
705 1396 720 1421 ,
778 1355 832 1409 οἳ
904 1355 1002 1423 τήν
1061 1350 1299 1430 Ἰϐηρίαν
1356 1355 1448 1409 καὶ
1509 1351 1928 1424 Μεσοποταμίαν

268 1442 442 1518 μέχρι
496 1440 775 1496 Λυιιανδοῦ
825 1443 915 1497 καὶ
968 1441 1279 1514 Μελιτηνῆς
1332 1443 1422 1498 καὶ
1464 1443 1563 1511 τήν
1595 1439 1927 1517 παρακειμέ-

262 1553 363 1600 νην
423 1531 664 1586 οἰκοῦσιν
708 1531 1013 1608 Ἀρμενίαν,
1055 1531 1146 1587 καὶ
1205 1534 1257 1588 οἳ
1315 1533 1414 1601 τὴν
1475 1529 1776 1601 Ἰουδαῖκὴν
1831 1534 1927 1585 τοῦ

266 1621 571 1695 Νεστορίου
629 1620 716 1674 καὶ
775 1625 880 1674 τῶν
933 1619 1244 1698 Ἀκεφάλων
1305 1619 1690 1695 θρησκεύουσιν
1750 1617 1867 1694 α’ίρε
1907 1648 1929 1662 ο

264 1727 369 1763 σιν·
425 1708 518 1763 καὶ
561 1710 667 1785 γάρ
720 1708 1024 1779 πλήθουσιν
1075 1707 1192 1764 ατίδε
1235 1711 1290 1764 αἱ
1333 1714 1514 1785 χῶραι
1543 1716 1642 1779 τῆς
1671 1707 1926 1778 τοιαύτης

260 1794 610 1868 κακοδοξίας.
663 1798 830 1854 Ἐπάν
891 1795 950 1853 δὲ
999 1799 1087 1853 καὶ
1148 1799 1255 1853 τῶν
1311 1795 1615 1873 όρθοδόξων
1656 1796 1836 1870 ἥψατο
1863 1797 1927 1852 τὸ

261 1883 467 1954 δεινὸν,
525 1885 578 1940 ἐν
633 1886 947 1962 ἀμηχάνοις
996 1889 1131 1956 ἦσαν
1190 1887 1384 1948 πάντες
1442 1885 1492 1941 οἷ
1539 1887 1606 1942 τά
1645 1886 1927 1959 Ῥωμαίων

259 1975 676 2050 θρησκεύοντες,
751 1973 1148 2052 πεπληρῶσθαι
1225 1977 1313 2030 καὶ
1381 1977 1444 2031 τὸ
1496 1976 1667 2031 αὑτῶν
1728 1974 1920 2051 μέτρον

259 2067 356 2118 υἷα
403 2063 604 2119 καὶτὸ
662 2068 771 2118 τῶν
824 2064 1177 2142 Ἀμοῤῥαίων
1249 2064 1626 2140 λογιζόμενοι,
1682 2066 1770 2119 καὶ
1833 2085 1923 2119 πι-

264 2153 548 2218 στεύοντες
591 2159 887 2224 τηνικαῦτα
937 2154 1012 2218 ὠς
1066 2153 1170 2230 ἄρα
1223 2155 1286 2210 οὑ
1340 2154 1502 2228 μόνον
1554 2154 1731 2216 πίστις
1763 2155 1923 2209 ἀπαι-

261 2247 443 2296 τεῖται
477 2240 636 2317 ὅρθή,
688 2240 832 2297 ἀλλὰ
887 2243 975 2298 καὶ
1031 2243 1150 2319 βίος
1197 2243 1265 2318 τῇ
1307 2243 1482 2298 πίστει
1515 2244 1920 2317 ἀνθιστάμενος.

265 2340 364 2394 Διὸ
403 2339 494 2394 καὶ
545 2339 862 2416 ἀμφότεροι,
897 2340 1010 2396 ὅτε
1055 2341 1180 2416 περί
1225 2342 1324 2410 τὴν
1374 2340 1554 2396 πίστιν
1607 2339 1922 2419 σφαλλόμε-

264 2449 360 2490 νος
411 2425 628 2498 δηλαδή
659 2428 749 2482 καὶ
799 2431 828 2482 6
876 2431 997 2505 περὶ
1030 2431 1122 2484 τὸν
1168 2430 1284 2504 βίον
1340 2429 1654 2500 ὑποσκάζων
1685 2431 1774 2484 καὶ
1799 2451 1924 2506 χω-

263 2515 469 2586 λεύων,
519 2515 572 2571 έν
627 2515 720 2591 ἴσῃ
777 2519 1018 2594 τιμωρίᾳ
1072 2520 1436 2584 καθίστανται’
1488 2520 1645 2596 ὁγὰρ
1689 2522 1922 2590 ποιήσας

260 2607 356 2660 καὶ
390 2603 609 2677 διδάξας
660 2605 951 2663 ἐπαινεῖται
1003 2608 1093 2663 καὶ
1145 2610 1518 2685 μακαρίζεται.
1567 2614 1740 2664 Ταῦτα
1789 2610 1921 2665 ἑνω-

258 2696 552 2768 τισάμενος
611 2697 639 2750 6
721 2696 976 2772 βασιλεὺς
1046 2698 1353 2773 προθυμίαν
1419 2697 1517 2771 μὶλ
1583 2699 1726 2774 εἶχεν
1785 2698 1923 2754 ὥστε

261 2782 462 2839 αὐτίκα
508 2784 804 2860 ἐξορμῆσαι
857 2785 947 2840 καὶ
1005 2789 1074 2860 τῇ
1133 2787 1322 2841 ἑαυτοῦ
1380 2788 1542 2862 χώρᾳ
1602 2787 1921 2863 βοηθῆσαι,

265 2873 562 2948 ἀπείργετο
611 2872 668 2929 δὲ
714 2881 831 2936 τοῖς
875 2896 934 2930 τε
982 2869 1318 2948 συμϐούλοις
1363 2876 1451 2930 καὶ
1495 2879 1565 2949 τῇ
1606 2873 1800 2949 ἀγνοίᾳ
1827 2880 1922 2930 τοῦ

267 2961 524 3033 πλήθους
567 2967 674 3017 τῶν
725 2963 1000 3018 ἐναντίων·
1046 2965 1213 3020 Ἦσαν
1265 2961 1322 3018 δὲ
1371 2963 1401 3018 6'
1445 2985 1506 3018 τε
1544 2964 1922 3039 Παλαιολόγος

271 3051 592 3128 Νικηφόρος
641 3053 668 3106 6
721 3051 1042 3128 ὑπέρτιμος,
1073 3053 1163 3107 καὶ
1211 3058 1318 3108 τῶν
1367 3052 1683 3131 φιλοσόφων
1724 3055 1924 3118 ὕπατος

268 3145 686 3202 Κωνσταντῖνος
739 3142 767 3195 6
813 3139 1056 3210 Ψελλός,
1103 3143 1187 3214 [Ρ.
1237 3143 1365 3214 835]
1413 3142 1502 3196 καὶ
1552 3141 1636 3196 ἐπὶ
1687 3148 1848 3196 πᾶσιν
1894 3144 1922 3197 ὁ

269 3234 482 3304 Καῖσαρ
527 3229 556 3282 ὁ
602 3233 700 3283 τοῦ
745 3224 1306 3304 προϐεϐασιλευκότος
1364 3229 1646 3304 σύναιμος·
1697 3232 1749 3285 οἳ
1800 3233 1924 3286 ὅσον

272 3317 372 3390 μὲν
407 3317 490 3371 ἐπ’
521 3317 730 3387 αὐτοῖς,
785 3314 910 3372 οὐδὲ
953 3323 1049 3392 ζῇν
1097 3318 1332 3394 ᾑροῦντο
1386 3320 1546 3374 αὐτὸν
1595 3319 1784 3394 (βαρὺς
1821 3322 1922 3396 γάρ

264 3409 337 3475 ἦν
365 3407 554 3468 αὐτοῖς
591 3407 683 3462 καὶ
735 3407 1074 3482 βλεπόμενος
1123 3407 1240 3463 λίαν
1281 3407 1428 3480 αὐτῷ
1457 3409 1924 3484 ἀπεχθανομένοις

265 3495 348 3556 ὡς
376 3491 532 3570 ἀνδρὶ
576 3495 808 3569 γενναίῳ
859 3495 948 3550 καὶ
1007 3493 1307 3569 θυμοειδεῖ,
1357 3496 1445 3551 καὶ
1489 3497 1617 3559 τοὺς
1666 3495 1923 3574 ἐφέδρους

261 3589 370 3653 τῆς
401 3581 680 3658 βασιλείας
729 3581 940 3660 ἔχοντι,
969 3584 1096 3648 τοὺς
1127 3584 1323 3648 παῖδάς
1351 3607 1497 3662 φημι
1526 3591 1624 3641 τοῦ
1677 3586 1924 3660 Δουκὸς),

262 3674 424 3754 δμιυς
484 3679 530 3736 δ’
584 3683 675 3736 οὖν
737 3683 797 3737 ἐκ
849 3688 946 3738 τοῦ
1008 3689 1316 3762 προφανοῦς
1373 3683 1608 3759 ᾐδοῦντο
1665 3681 1924 3759 συμϐου-

266 3769 453 3825 λεύειν
513 3770 662 3843 αὐτῷ
717 3772 784 3826 τὰ
839 3771 1150 3849 ἀσύμφορα.
1213 3774 1347 3829 Μεθ’
1399 3774 1609 3849 ἡμέρας
1667 3771 1724 3829 δέ
1777 3795 1926 3837 τινας

263 3856 413 3928 ἥλθε
467 3860 556 3913 καὶ
637 3861 666 3914 6
742 3859 1164 3935 κουροπαλάτης
1224 3861 1538 3931 Μανουήλ,
1596 3863 1926 3936 ἐπαγόμενος

265 3949 395 4022 μεθ’
451 3947 643 4003 ἑαυτοῦ
716 3949 810 4004 τὸν
887 3951 1229 4026 κατασχόντα
1296 3950 1454 4005 αὐτὸν
1516 3954 1760 4026 Τοῦρκον
1829 3951 1928 4006 οὐκ

261 4035 493 4110 ἄκοντα,
541 4035 671 4093 ἀλλ’
718 4038 910 4094 ἑκόντα
951 4041 1051 4109 τήν
1096 4040 1199 4095 ὑπὸ
1244 4041 1338 4095 τὸν
1399 4039 1623 4116 βασιλέα
1677 4038 1924 4096 δουλείαν

260 4127 702 4202 αίρετισάμενον.
756 4133 1048 4200 Δυσμενῶς
1101 4126 1145 4183 δ’
1201 4126 1433 4204 ἔχοντος
1479 4134 1577 4184 τοῦ
1626 4129 1927 4186 σουλτάνου

259 4214 414 4292 πρὸς
463 4216 621 4271 αὐτὸν
684 4214 772 4272 διά
818 4239 939 4272 τινα
987 4212 1267 4290 συμϐάντα
1317 4217 1635 4292 αἲτιάματα,
1676 4219 1925 4295 στρατιάν

259 4305 392 4360 κατ’
466 4305 629 4360 αὐτοῦ
709 4305 843 4378 μετά
915 4327 1060 4368 τινος
1129 4308 1471 4382 στρατάρχου
1537 4305 1878 4378 ἐξαπέστειλε
1910 4353 1925 4379 ,

258 4394 433 4450 παντὶ
483 4394 672 4467 τρόπῳ
726 4393 868 4450 ἰλεῖν
919 4395 1078 4450 αὐτὸν
1114 4396 1539 4471 μηχανώμενος,
1573 4397 1636 4452 οὗ
1664 4401 1743 4468 τῷ
1773 4392 1928 4475 φόϐῳ

255 4483 639 4546 κατασεισθείς
699 4482 776 4555 τῷ
831 4481 1046 4559 βασιλεῖ
1087 4485 1472 4562 καταπέφευγε,
1520 4485 1612 4540 καὶ
1661 4483 1928 4561 πρόεδρος

256 4573 580 4647 παραυτίκα
634 4572 970 4644 τετίμηται.
1032 4577 1128 4630 Ἠν
1190 4571 1247 4628 δὲ
1301 4574 1363 4629 τὸ
1435 4575 1529 4647 μὲν
1602 4575 1925 4652 φαινόμενον

2036 636 2092 685 et
2123 631 2276 686 688
2310 649 2427 687 suae
2477 635 2697 705 regioni
2748 653 2918 708 opem
2974 639 3121 695 ferre
3170 643 3466 713 cupiebat.
3516 649 3620 702 Sed
3656 665 3690 703 a

2036 720 2391 776 consiliariis
2440 727 2498 777 et
2546 723 2906 793 ignoratione
2957 729 3358 787 multitudinis
3426 733 3687 791 hostium

2035 809 2481 880 prohibebatur.
2542 812 2610 866 Hi
2667 819 2834 868 erant
2891 816 3252 889 Nicephorus
3305 821 3687 897 Palmologus,

2034 897 2123 951 vir
2181 899 2598 956 honestissimo
2656 901 2779 958 loco
2839 910 3032 972 natus,
3083 912 3142 963 et
3198 908 3686 982 philosophorum

2037 987 2310 1060 princeps
2366 991 2788 1046 Constantinus
2846 993 3091 1061 Psellus,
3139 1004 3315 1068 atque
3361 1000 3418 1054 in
3479 1003 3688 1073 primis

2037 1075 2226 1131 Caesar
2297 1077 2458 1134 illius
2515 1081 2616 1150 qui
2677 1087 2848 1136 antea
2921 1081 3314 1156 imperavorat
3377 1096 3686 1162 cognatus,

2035 1173 2130 1243 qui
2185 1179 2467 1243 quantum
2501 1176 2560 1231 in
2611 1177 2756 1248 ipsis
2786 1185 3010 1246 erat,ne
3041 1182 3231 1239 vivere
3279 1185 3518 1256 quidem
3550 1206 3686 1246 eum

2037 1262 2374 1332 cupiebant,
2407 1266 2564 1336 quod
2615 1266 2728 1322 sibi
2771 1269 2967 1338 gravis
3015 1276 3191 1338 esset,
3222 1277 3280 1328 et
3331 1275 3499 1332 valde
3548 1294 3684 1334 eum

2037 1351 2281 1406 oderant
2328 1358 2393 1406 ut
2439 1354 2630 1410 virum
2679 1373 3029 1428 generosum
3076 1377 3142 1415 ac
3191 1362 3423 1430 fortem,
3469 1367 3688 1438 quique

2038 1439 2201 1511 regni
2262 1458 2589 1499 assessores
2646 1443 2883 1500 haberet
2939 1448 3108 1503 ducis
3167 1449 3366 1520 filios;
3429 1458 3688 1510 attamen

2037 1535 2232 1601 aperte
2281 1532 2633 1588 verebantur
2680 1534 2789 1606 ipsi
2825 1535 3058 1592 inutilia
3099 1539 3426 1597 consulere.
3461 1541 3691 1615 Aliquot

2035 1623 2168 1687 post
2198 1618 2406 1674 diebus
2434 1621 2588 1676 venit
2635 1622 2771 1676 item
2801 1623 3032 1679 Manuel
3065 1628 3453 1699 curopalates,
3485 1648 3688 1688 secum

2035 1707 2330 1762 adducens
2363 1708 2617 1765 Turcum
2643 1709 2810 1766 illum
2843 1729 2873 1765 a
2897 1729 3011 1784 quo
3038 1715 3310 1773 detentus
3336 1720 3544 1789 fuerat,
3569 1737 3686 1776 non

2036 1793 2307 1867 invitum,
2340 1799 2440 1853 sed
2494 1805 2704 1871 sponte
2734 1817 2796 1857 se
2827 1801 2884 1855 in
2934 1805 3271 1861 servitutem
3315 1808 3687 1880 imperatoris

2035 1883 2424 1943 dedicantem.
2449 1887 2593 1944 Nam
2619 1906 2751 1945 cum
2776 1891 3046 1947 sultanus
3068 1909 3205 1965 erga
3229 1895 3422 1966 ipsum
3448 1897 3686 1956 inimico

2035 1974 2232 2030 animo
2255 1980 2410 2031 esset
2433 1977 2506 2032 ob
2556 1980 2842 2049 quasdam
2871 1996 3098 2046 causas,
3131 1985 3446 2040 exercitum
3480 1987 3685 2044 adver-

2034 2079 2136 2118 sus
2163 2080 2296 2118 eum
2321 2081 2454 2119 cum
2496 2067 2750 2136 quodam
2783 2069 2929 2124 duce
2961 2070 3221 2140 miserat,
3254 2073 3311 2128 id
3346 2074 3594 2131 moliens
3620 2079 3687 2132 ut

2033 2168 2164 2206 eum
2199 2153 2404 2224 quovis
2453 2155 2627 2210 modo
2674 2163 2942 2228 caperet;
2977 2160 3145 2229 cuius
3195 2166 3351 2216 metu
3383 2161 3482 2218 ille
3520 2181 3681 2222 com-

2034 2245 2228 2296 motus
2286 2243 2355 2296 ad
2418 2243 2826 2315 imperatorem
2881 2248 3166 2320 confugit.
3226 2249 3555 2324 Statimque
3615 2266 3682 2310 eo

2034 2329 2254 2386 honore
2285 2331 2526 2388 affectus
2579 2338 2668 2388 est
2716 2338 2780 2389 ut
2829 2353 3042 2407 praeses
3093 2343 3269 2394 esset.
3303 2339 3439 2395 Erat
3488 2345 3684 2397 autem

2034 2420 2229 2488 specie
2262 2420 2522 2490 juvenis,
2557 2426 2787 2479 statura
2816 2441 2949 2480 vero
2985 2426 3101 2481 fere
3123 2443 3421 2499 pygmaeus
3452 2434 3508 2484 et
3541 2431 3685 2486 facie

2030 2508 2241 2579 Scytha
2272 2513 2330 2564 et
2380 2509 2670 2582 ingratus.
2707 2513 2913 2584 Deligit
2959 2521 3155 2570 autem
3188 2515 3384 2588 ipsum
3426 2517 3683 2590 impera-

2031 2600 2144 2661 tor,
2204 2613 2448 2667 sperans
2507 2600 2626 2655 fore
2679 2606 2743 2655 ut
2798 2618 2932 2656 cum
2987 2603 3192 2660 Turcis
3245 2611 3301 2660 et
3348 2607 3681 2665 adversario

2033 2685 2285 2740 exercitu
2347 2686 2445 2742 ille
2503 2694 2810 2760 pugnaret.
2867 2691 3191 2764 llahitoque
3250 2693 3473 2750 delectu
3535 2696 3684 2752 mili-

2035 2784 2177 2840 tum,
2212 2780 2523 2847 appetente
2550 2793 2681 2833 vere
2712 2780 3009 2850 trajiciens
3039 2784 3356 2838 exercitum
3403 2784 3474 2838 ad
3510 2785 3685 2841 Eric-

2033 2880 2162 2918 rum
2199 2864 2412 2936 palatia
2467 2867 2805 2937 perducitur
2851 2870 2976 2940 ipsa
3007 2869 3100 2924 die
3143 2873 3517 2943 orthodoxize,
3550 2891 3683 2930 cum

2033 2951 2219 3023 pridie
2267 2955 2542 3008 exercitui
2601 2960 2659 3011 et
2707 2957 2933 3012 senatui
2992 2957 3361 3030 largitionem
3417 2979 3676 3019 annuam

2032 3041 2284 3109 fecisset,
2329 3059 2442 3098 non
2500 3061 2628 3098 eam
2687 3049 2868 3100 totam
2923 3063 3088 3111 auro,
3148 3049 3249 3103 sed
3308 3050 3459 3106 689
3521 3053 3678 3124 quod

2033 3130 2282 3197 deesset,
2341 3132 2544 3186 sericis
2601 3134 2746 3188 velis
2805 3135 3115 3206 supplevit.
3175 3137 3316 3193 Cum
3361 3155 3493 3195 vero
3551 3141 3680 3212 ipse

2034 3220 2354 3289 trajiceret,
2384 3219 2659 3277 columba
2707 3223 2972 3293 quaedam
3027 3241 3139 3279 non
3173 3226 3490 3282 admodum
3523 3229 3680 3296 alba,

2036 3316 2134 3370 sed
2171 3319 2426 3372 maxima
2472 3335 2539 3373 ex
2588 3324 2750 3392 parte
2782 3320 2969 3393 nigra,
3001 3321 3273 3379 alicunde
3320 3324 3540 3398 volans,
3573 3326 3683 3382 cir-

2034 3421 2166 3461 cum
2220 3407 2518 3462 triremem
2570 3424 2697 3480 quae
2757 3411 3000 3465 vehebat
3047 3412 3479 3484 imperatorem,
3539 3415 3682 3473 voli-

2033 3495 2196 3549 tabat
2245 3498 2433 3565 quoad
2485 3498 2552 3550 acl
2611 3499 2802 3568 ipsum
2867 3499 3033 3554 illum
3094 3501 3406 3558 deveniens
3455 3504 3511 3558 in
3554 3505 3684 3576 ejus

2035 3599 2245 3638 manus
2301 3584 2579 3653 deﬂuxit;
2617 3603 2791 3657 quam
2843 3586 2942 3642 ille
2990 3589 3346 3660 imperatrici
3405 3593 3568 3647 misit
3624 3595 3684 3650 in

2035 3671 2318 3744 palatium
2351 3678 2560 3745 praeter
2589 3691 2808 3732 morem
2840 3678 3224 3732 commoranti
3275 3679 3347 3734 ob
3392 3683 3680 3751 quaedam

2035 3760 2350 3818 muliebres
2405 3762 2646 3819 delicias
2702 3769 2760 3819 et
2817 3764 3357 3837 simulationes.|Et
3414 3769 3539 3824 visa
3595 3775 3689 3826 est

2035 3851 2211 3922 igitur
2238 3850 2506 3906 columba
2538 3853 2870 3925 symbolum
2925 3853 3081 3909 baud
3117 3856 3250 3910 boni
3283 3862 3526 3913 eventus
3555 3864 3681 3915 tum

2033 3940 2144 4011 ipsi
2192 3939 2291 4011 qui
2338 3947 2587 4012 ceperat,
2637 3946 2762 3996 tum
2817 3942 2902 3995 illi
2950 3943 3022 3997 ad
3091 3960 3269 4014 quam
3315 3945 3499 4002 missa
3554 3948 3685 4003 fuit.

2034 4028 2250 4085 Verum
2283 4030 2539 4100 Augusta
2587 4047 2719 4085 cum
2778 4037 2989 4102 prater
3045 4033 3284 4088 modum
3347 4051 3408 4090 se
3453 4036 3687 4094 deliciis

2036 4123 2329 4192 satiasset,
2353 4122 2588 4176 tandem
2614 4123 2957 4192 poenitentia
2978 4123 3153 4178 ducta
3175 4125 3245 4178 ad
3272 4124 3688 4196 imperatorem

2033 4211 2209 4276 venit,
2245 4216 2308 4265 ut
2331 4211 2601 4282 precibus
2624 4212 2906 4267 adhibitis
2926 4229 3060 4267 eum
3086 4213 3156 4267 ad
3203 4215 3520 4270 exercitum
3551 4217 3691 4271 edu-

2036 4301 2282 4356 cendum
2337 4301 2734 4371 praemitteret.
2778 4301 2944 4356 Illinc
2993 4302 3173 4375 igitur
3221 4305 3516 4376 profectus
3574 4306 3686 4361 im-

2038 4393 2270 4460 perator
2318 4406 2434 4444 non
2484 4389 2757 4446 Neocomi
2806 4408 2993 4462 neque
3040 4391 3099 4447 in
3133 4391 3276 4448 locis
3328 4393 3686 4466 quibusdam

2039 4478 2215 4548 regiis
2245 4477 2495 4533 classem
2550 4479 2610 4533 in
2653 4480 2904 4536 statione
2950 4480 3177 4547 habuit,
3213 4483 3312 4538 sed
3370 4483 3687 4556 Elenopoli,

2038 4583 2216 4636 quam
2240 4567 2528 4639 indigenas
2553 4567 2766 4622 rustice
2789 4569 3170 4640 Eleinopolim
3197 4571 3514 4642 appellant,
3532 4575 3687 4643 quod

258 4661 415 4732 νέος,
446 4665 724 4736 πυγμαῖος
779 4659 837 4716 δὶ
879 4659 1074 4737 σχεδὸν
1124 4663 1222 4730 τὴν
1278 4662 1523 4735 ἡλικίαν,
1555 4663 1643 4718 καὶ
1673 4665 1771 4733 τὴν
1804 4659 1924 4737 ὄψιν

2037 4654 2229 4726 ipsum
2257 4672 2490 4727 quoque
2512 4657 2826 4727 augurium
2850 4656 3004 4711 haud
3041 4658 3330 4727 optimum
3351 4660 3542 4715 visum
3574 4666 3684 4716 est.

259 4748 494 4818 Σκύθης
534 4750 623 4804 καὶ
670 4752 892 4826 ἄχαρις.
928 4757 1110 4806 Διεῖπε
1140 4749 1197 4806 δὲ
1224 4752 1384 4807 αὐτὸν
1416 4753 1443 4807 ὁ
1479 4751 1755 4828 βασιλεὺς,
1789 4773 1926 4825 συμ-

260 4835 533 4893 ϐαλέσθαι
577 4838 723 4910 αὐτῷ
771 4841 907 4894 κατὰ
950 4844 1060 4894 τῶν
1107 4840 1368 4915 Τούρκων
1418 4839 1678 4912 ἐλπίζων,
1727 4839 1818 4895 καὶ
1856 4843 1924 4915 τῇ

257 4928 605 5003 προκειμένῃ
662 4933 922 5003 στρατιᾷ.
986 4927 1305 5002 Κατάλογον
1367 4926 1423 4984 δὲ
1489 4933 1596 4984 τῶν
1658 4950 1925 5005 στρατιω-

255 5019 383 5071 τῶν
462 5015 850 5088 ποιησάμενος,
937 5015 1057 5093 ἄρτι
1135 5022 1233 5073 τοῦ
1307 5015 1465 5095 ἔαρος
1541 5018 1924 5093 ὑπανοίγοντος

260 5103 694 5179 διαπεραιωθεὶς
764 5105 841 5168 εἷς
917 5106 982 5160 τά
1031 5112 1141 5161 τῶν
1193 5105 1389 5181 Ἠρίων
1447 5107 1687 5163 παλάτια
1741 5106 1925 5162 κατά-

255 5214 422 5271 γεται
506 5195 626 5268 περὶ
707 5193 874 5263 αὐτὴν
945 5197 1045 5264 τήν
1129 5195 1338 5269 ἡμέραν
1413 5203 1512 5266 τῆς
1590 5194 1922 5272 ὀρθοδοξίας,

254 5296 335 5366 τῇ
406 5292 512 5363 πρὸ
599 5291 768 5361 αὐτῆς
853 5293 1035 5368 ἡμέρᾳ
1108 5295 1206 5362 τήν
1296 5293 1510 5363 ἑτησίαν
1581 5294 1768 5369 χώραν
1843 5298 1923 5366 τῷ

251 5401 318 5435 τε
399 5385 608 5456 στρατῷ
675 5383 762 5437 καὶ
847 5387 914 5457 τῇ
976 5381 1271 5458 συγκλήτῳ
1349 5381 1787 5457 διανειμάμενος,
1859 5386 1921 5440 ού

255 5467 359 5524 διὰ
408 5472 642 5545 χρυσίου
694 5477 891 5537 πᾶσαν,
951 5470 1095 5526 ἀλλά
1151 5474 1214 5528 τὸ
1272 5470 1448 5528 ἐνδέον
1504 5479 1752 5548 σηρικυῖς
1787 5475 1922 5553 ὑφά-

256 5578 466 5631 σμασιν
511 5559 1072 5636 ἀναπληρωσάμενος.
1124 5564 1621 5640 Διαπεραιουμένου
1671 5560 1719 5617 δ’
1755 5565 1922 5620 αὐτοῦ

253 5647 562 5721 περιστερά
617 5668 700 5710 τις
761 5648 822 5703 οὐ
879 5650 1022 5704 πάνυ
1079 5648 1270 5720 λευκὴ,
1331 5651 1467 5725 πρὸς
1521 5652 1583 5706 τὸ
1643 5651 1812 5724 μέλαν
1865 5649 1923 5707 δὲ

255 5733 530 5796 πλεῖστον
589 5736 759 5808 αὐτῆς
818 5738 1210 5820 ὑποφαίνουσα,
1270 5741 1434 5807 ποθὲν
1495 5740 1764 5818 ἱπταμένη
1823 5742 1924 5814 τὴν

2038 4753 2265 4809 Accidit
2312 4751 2487 4808 etiam
2539 4753 2734 4808 nescio
2785 4753 2925 4824 quid
2975 4753 3184 4810 aliud:
3239 4772 3375 4810 nam
3429 4757 3687 4812 maxima

2039 4843 2223 4907 navis,
2256 4857 2384 4912 quae
2413 4840 2751 4894 continebat
2791 4841 3012 4912 regium
3039 4843 3509 4914 tabernaculum,
3541 4861 3684 4900 con-

2040 4933 2217 4986 fracta
2247 4929 2442 4984 statim
2500 4926 2641 4983 illud
2676 4945 2944 4984 corruere
2977 4930 3128 4984 fecit.
3169 4931 3579 4986 Verumtamen
3612 4949 3686 4989 ne

2036 5021 2104 5075 ad
2141 5035 2318 5074 unum
2353 5017 2585 5089 quidem
2635 5017 2844 5072 horum
2878 5016 3183 5073 hominum
3232 5019 3482 5075 stultitia
3511 5025 3589 5090 et,
3618 5029 3685 5076 ut

2035 5110 2118 5164 ita
2148 5109 2416 5174 dixerim,
2449 5106 2788 5178 depravatio
2836 5104 3027 5160 animi
3050 5112 3106 5160 et
3137 5107 3469 5179 importuna
3507 5113 3685 5180 atque

2036 5197 2264 5252 inutilis
2316 5213 2429 5251 non
2480 5195 2752 5251 credendi
2784 5195 3106 5266 pertinacia
3156 5196 3444 5268 respicere
3473 5197 3680 5265 voluit,

2035 5297 2152 5350 fato
2177 5295 2530 5365 impediente
2557 5297 2614 5348 et
2635 5293 2686 5347 ei
2719 5308 2959 5347 sensum
3010 5309 3239 5348 omnem
3290 5295 3589 5350 auferente
3619 5295 3680 5350 in

2037 5400 2209 5450 quem
2261 5399 2328 5438 ea
2379 5381 2578 5436 omnia
2620 5381 2940 5436 deventura
2987 5390 3172 5436 erant.
3209 5382 3560 5454 Progressus
3591 5389 3682 5439 est

2034 5474 2217 5546 igitur
2245 5471 2584 5542 imperator,
2617 5474 2676 5524 et
2709 5469 2954 5524 ulterius
2987 5469 3047 5525 in
3096 5471 3345 5526 Orientis
3385 5471 3679 5539 regionem

2034 5561 2401 5636 procedebat,
2429 5559 2618 5629 quoad
2659 5558 2720 5612 in
2761 5559 3160 5629 praefecturam
3197 5560 3451 5616 Orientis
3483 5578 3681 5632 perve-

2034 5651 2142 5720 nit,
2175 5651 2234 5704 in
2288 5663 2514 5716 omnes,
2576 5650 2786 5718 praeter
2839 5645 2897 5702 id
2957 5648 3110 5720 quod
3171 5665 3277 5721 par
3331 5653 3474 5717 erat,
3527 5650 3684 5706 690

2033 5740 2180 5798 mire
2235 5753 2488 5815 parcus;
2536 5736 3015 5815 intelligensque,
3076 5743 3144 5797 ut
3196 5738 3517 5798 verisimile
3570 5743 3680 5811 est,
