  <div class='ocr_page' id='page_1' title='image "/cluster/home/n/w/nwhite01/storage/ocr_20150623/122/hvd.32044073502452/217.png"; bbox 0 0 4060 6344; ppageno 0'>
   <div class='ocr_carea' id='block_1_1' title="bbox 453 456 571 511">
    <p class='ocr_par' dir='ltr' id='par_1_1' title="bbox 453 456 571 511">
     <span class='ocr_line' id='line_1_1' title="bbox 453 456 571 511; baseline 0 -1"><span class='ocrx_word' id='word_1_1' title='bbox 453 456 571 511; x_wconf 79' lang='grc'>419</span> 
     </span>
    </p>
   </div>
   <div class='ocr_carea' id='block_1_2' title="bbox 1773 443 2551 505">
    <p class='ocr_par' dir='ltr' id='par_1_2' title="bbox 1773 443 2551 505">
     <span class='ocr_line' id='line_1_2' title="bbox 1773 443 2551 505; baseline 0.003 -2"><span class='ocrx_word' id='word_1_2' title='bbox 1773 444 1910 503; x_wconf 82' lang='lat' dir='ltr'>JOA</span> <span class='ocrx_word' id='word_1_3' title='bbox 1927 443 2103 503; x_wconf 85' lang='lat' dir='ltr'>NNlS</span> <span class='ocrx_word' id='word_1_4' title='bbox 2149 443 2551 505; x_wconf 68' lang='lat' dir='ltr'>SCYLITZIE</span> 
     </span>
    </p>
   </div>
   <div class='ocr_carea' id='block_1_3' title="bbox 3746 451 3877 511">
    <p class='ocr_par' dir='ltr' id='par_1_3' title="bbox 3746 451 3877 511">
     <span class='ocr_line' id='line_1_3' title="bbox 3746 451 3877 511; baseline 0.015 -2"><span class='ocrx_word' id='word_1_5' title='bbox 3746 451 3877 511; x_wconf 72' lang='grc'>420</span> 
     </span>
    </p>
   </div>
   <div class='ocr_carea' id='block_1_4' title="bbox 452 573 2090 652">
    <p class='ocr_par' dir='ltr' id='par_1_4' title="bbox 452 573 2090 651">
     <span class='ocr_line' id='line_1_4' title="bbox 452 573 2090 651; baseline -0.007 -13"><span class='ocrx_word' id='word_1_6' title='bbox 452 582 656 638; x_wconf 84' lang='lat' dir='ltr'>crebra</span> <span class='ocrx_word' id='word_1_7' title='bbox 703 579 804 637; x_wconf 85' lang='lat' dir='ltr'>illa</span> <span class='ocrx_word' id='word_1_8' title='bbox 849 580 1296 651; x_wconf 61' lang='lat' dir='ltr'>praemonstrata</span> <span class='ocrx_word' id='word_1_9' title='bbox 1327 576 1498 648; x_wconf 86' lang='lat' dir='ltr'>signa</span> <span class='ocrx_word' id='word_1_10' title='bbox 1544 575 1615 630; x_wconf 84' lang='lat' dir='ltr'>ad</span> <span class='ocrx_word' id='word_1_11' title='bbox 1667 590 1729 629; x_wconf 88' lang='lat' dir='ltr'>se</span> <span class='ocrx_word' id='word_1_12' title='bbox 1781 573 2090 646; x_wconf 81' lang='lat' dir='ltr'>pertinere,</span> 
     </span>
    </p>
   </div>
   <div class='ocr_carea' id='block_1_5' title="bbox 2203 573 3873 652">
    <p class='ocr_par' dir='ltr' id='par_1_5' title="bbox 2210 574 3873 652">
     <span class='ocr_line' id='line_1_5' title="bbox 2210 574 3873 652; baseline -0.001 -24"><span class='ocrx_word' id='word_1_13' title='bbox 2210 574 2474 648; x_wconf 79' lang='grc' dir='ltr'>φέρουσαν</span> <span class='ocrx_word' id='word_1_14' title='bbox 2533 575 2625 629; x_wconf 82' lang='grc' dir='ltr'>τὸν</span> <span class='ocrx_word' id='word_1_15' title='bbox 2685 574 2911 649; x_wconf 79' lang='grc' dir='ltr'>βασιλέα</span> <span class='ocrx_word' id='word_1_16' title='bbox 2964 576 3165 652; x_wconf 74' lang='grc' dir='ltr'>τριήρη</span> <span class='ocrx_word' id='word_1_17' title='bbox 3223 576 3741 650; x_wconf 76' lang='grc' dir='ltr'>περιεποτᾶτο,⁹ἑως</span> <span class='ocrx_word' id='word_1_18' title='bbox 3792 579 3873 643; x_wconf 71' lang='grc' dir='ltr'>εἰς</span> 
     </span>
    </p>
   </div>
   <div class='ocr_carea' id='block_1_6' title="bbox 451 662 2101 738">
    <p class='ocr_par' dir='ltr' id='par_1_6' title="bbox 451 662 2101 738">
     <span class='ocr_line' id='line_1_6' title="bbox 451 662 2101 738; baseline -0.007 -11"><span class='ocrx_word' id='word_1_19' title='bbox 451 689 568 727; x_wconf 90' lang='lat' dir='ltr'>non</span> <span class='ocrx_word' id='word_1_20' title='bbox 616 672 676 727; x_wconf 91' lang='lat' dir='ltr'>in</span> <span class='ocrx_word' id='word_1_21' title='bbox 728 667 1104 726; x_wconf 90' lang='lat' dir='ltr'>tabernaculo</span> <span class='ocrx_word' id='word_1_22' title='bbox 1154 682 1343 738; x_wconf 90' lang='lat' dir='ltr'>neque</span> <span class='ocrx_word' id='word_1_23' title='bbox 1376 666 1434 721; x_wconf 91' lang='lat' dir='ltr'>in</span> <span class='ocrx_word' id='word_1_24' title='bbox 1486 664 1677 737; x_wconf 84' lang='lat' dir='ltr'>planis</span> <span class='ocrx_word' id='word_1_25' title='bbox 1707 663 1876 730; x_wconf 88' lang='lat' dir='ltr'>locis,</span> <span class='ocrx_word' id='word_1_26' title='bbox 1906 663 2007 718; x_wconf 88' lang='lat' dir='ltr'>sed</span> <span class='ocrx_word' id='word_1_27' title='bbox 2042 662 2101 716; x_wconf 92' lang='lat' dir='ltr'>in</span> 
     </span>
    </p>
   </div>
   <div class='ocr_carea' id='block_1_7' title="bbox 451 748 2101 822">
    <p class='ocr_par' dir='ltr' id='par_1_7' title="bbox 451 748 2101 822">
     <span class='ocr_line' id='line_1_7' title="bbox 451 748 2101 822; baseline -0.008 -6"><span class='ocrx_word' id='word_1_28' title='bbox 451 758 701 816; x_wconf 88' lang='lat' dir='ltr'>tumulis</span> <span class='ocrx_word' id='word_1_29' title='bbox 732 762 789 813; x_wconf 91' lang='lat' dir='ltr'>et</span> <span class='ocrx_word' id='word_1_30' title='bbox 827 754 1205 811; x_wconf 89' lang='lat' dir='ltr'>domunculis</span> <span class='ocrx_word' id='word_1_31' title='bbox 1244 754 1571 822; x_wconf 77' lang='lat' dir='ltr'>habitabat,</span> <span class='ocrx_word' id='word_1_32' title='bbox 1608 751 1704 806; x_wconf 89' lang='lat' dir='ltr'>ubi</span> <span class='ocrx_word' id='word_1_33' title='bbox 1736 750 1909 806; x_wconf 86' lang='lat' dir='ltr'>etiam</span> <span class='ocrx_word' id='word_1_34' title='bbox 1939 748 2101 804; x_wconf 86' lang='lat' dir='ltr'>aliud</span> 
     </span>
    </p>
   </div>
   <div class='ocr_carea' id='block_1_8' title="bbox 451 840 2104 920">
    <p class='ocr_par' dir='ltr' id='par_1_8' title="bbox 451 840 2104 920">
     <span class='ocr_line' id='line_1_8' title="bbox 451 840 2104 920; baseline -0.007 -16"><span class='ocrx_word' id='word_1_35' title='bbox 451 849 747 920; x_wconf 83' lang='lat' dir='ltr'>quoddam</span> <span class='ocrx_word' id='word_1_36' title='bbox 782 864 896 902; x_wconf 78' lang='lat' dir='ltr'>non</span> <span class='ocrx_word' id='word_1_37' title='bbox 948 845 1149 899; x_wconf 90' lang='lat' dir='ltr'>minus</span> <span class='ocrx_word' id='word_1_38' title='bbox 1197 842 1587 898; x_wconf 88' lang='lat' dir='ltr'>intortunium</span> <span class='ocrx_word' id='word_1_39' title='bbox 1635 840 1986 911; x_wconf 82' lang='lat' dir='ltr'>portendens</span> <span class='ocrx_word' id='word_1_40' title='bbox 2014 855 2104 894; x_wconf 87' lang='lat' dir='ltr'>ac-</span> 
     </span>
    </p>
   </div>
   <div class='ocr_carea' id='block_1_9' title="bbox 452 928 2104 1008">
    <p class='ocr_par' dir='ltr' id='par_1_9' title="bbox 452 928 2104 1008">
     <span class='ocr_line' id='line_1_9' title="bbox 452 928 2104 1008; baseline -0.006 -15"><span class='ocrx_word' id='word_1_41' title='bbox 452 937 595 993; x_wconf 87' lang='lat' dir='ltr'>cidit</span> <span class='ocrx_word' id='word_1_42' title='bbox 644 935 999 1008; x_wconf 83' lang='lat' dir='ltr'>prodigium.</span> <span class='ocrx_word' id='word_1_43' title='bbox 1035 933 1192 1005; x_wconf 83' lang='lat' dir='ltr'>Ignis</span> <span class='ocrx_word' id='word_1_44' title='bbox 1241 931 1395 987; x_wconf 91' lang='lat' dir='ltr'>enim</span> <span class='ocrx_word' id='word_1_45' title='bbox 1430 931 1626 986; x_wconf 87' lang='lat' dir='ltr'>nescio</span> <span class='ocrx_word' id='word_1_46' title='bbox 1676 931 1827 983; x_wconf 86' lang='lat' dir='ltr'>unde</span> <span class='ocrx_word' id='word_1_47' title='bbox 1873 928 2104 983; x_wconf 89' lang='lat' dir='ltr'>delatus</span> 
     </span>
    </p>
   </div>
   <div class='ocr_carea' id='block_1_10' title="bbox 450 1016 2099 1093">
    <p class='ocr_par' dir='ltr' id='par_1_10' title="bbox 450 1016 2099 1093">
     <span class='ocr_line' id='line_1_10' title="bbox 450 1016 2099 1093; baseline -0.006 -11"><span class='ocrx_word' id='word_1_48' title='bbox 450 1028 655 1082; x_wconf 88' lang='lat' dir='ltr'>domos</span> <span class='ocrx_word' id='word_1_49' title='bbox 682 1024 741 1080; x_wconf 91' lang='lat' dir='ltr'>in</span> <span class='ocrx_word' id='word_1_50' title='bbox 765 1016 2099 1093; x_wconf 87' lang='lat' dir='ltr'>quibuscommorabaturimperatorincendit:</span> 
     </span>
    </p>
   </div>
   <div class='ocr_carea' id='block_1_11' title="bbox 450 1108 2099 1181">
    <p class='ocr_par' dir='ltr' id='par_1_11' title="bbox 450 1108 2099 1181">
     <span class='ocr_line' id='line_1_11' title="bbox 450 1108 2099 1181; baseline -0.007 -10"><span class='ocrx_word' id='word_1_51' title='bbox 450 1116 551 1171; x_wconf 91' lang='lat' dir='ltr'>ubi</span> <span class='ocrx_word' id='word_1_52' title='bbox 581 1113 875 1170; x_wconf 81' lang='lat' dir='ltr'>combusti</span> <span class='ocrx_word' id='word_1_53' title='bbox 927 1112 1086 1167; x_wconf 87' lang='lat' dir='ltr'>fuere</span> <span class='ocrx_word' id='word_1_54' title='bbox 1125 1110 1257 1181; x_wconf 83' lang='lat' dir='ltr'>equi</span> <span class='ocrx_word' id='word_1_55' title='bbox 1286 1115 1344 1164; x_wconf 90' lang='lat' dir='ltr'>et</span> <span class='ocrx_word' id='word_1_56' title='bbox 1377 1108 1544 1176; x_wconf 59' lang='lat' dir='ltr'>regias</span> <span class='ocrx_word' id='word_1_57' title='bbox 1576 1113 1764 1163; x_wconf 87' lang='lat' dir='ltr'>vestes</span> <span class='ocrx_word' id='word_1_58' title='bbox 1794 1122 2099 1177; x_wconf 86' lang='lat' dir='ltr'>equorum,</span> 
     </span>
    </p>
   </div>
   <div class='ocr_carea' id='block_1_12' title="bbox 451 1194 2099 1272">
    <p class='ocr_par' dir='ltr' id='par_1_12' title="bbox 451 1194 2099 1272">
     <span class='ocr_line' id='line_1_12' title="bbox 451 1194 2099 1272; baseline -0.007 -12"><span class='ocrx_word' id='word_1_59' title='bbox 451 1210 508 1260; x_wconf 89' lang='lat' dir='ltr'>et</span> <span class='ocrx_word' id='word_1_60' title='bbox 555 1205 719 1259; x_wconf 90' lang='lat' dir='ltr'>frena</span> <span class='ocrx_word' id='word_1_61' title='bbox 770 1202 904 1257; x_wconf 92' lang='lat' dir='ltr'>aliis</span> <span class='ocrx_word' id='word_1_62' title='bbox 961 1201 1133 1272; x_wconf 89' lang='lat' dir='ltr'>longe</span> <span class='ocrx_word' id='word_1_63' title='bbox 1190 1197 1527 1271; x_wconf 69' lang='lat' dir='ltr'>praestantia</span> <span class='ocrx_word' id='word_1_64' title='bbox 1577 1213 1817 1268; x_wconf 83' lang='lat' dir='ltr'>prorsus</span> <span class='ocrx_word' id='word_1_65' title='bbox 1848 1194 1919 1250; x_wconf 89' lang='lat' dir='ltr'>ab</span> <span class='ocrx_word' id='word_1_66' title='bbox 1965 1195 2099 1265; x_wconf 86' lang='lat' dir='ltr'>igne</span> 
     </span>
    </p>
   </div>
   <div class='ocr_carea' id='block_1_13' title="bbox 450 1285 2098 1364">
    <p class='ocr_par' dir='ltr' id='par_1_13' title="bbox 450 1285 2098 1364">
     <span class='ocr_line' id='line_1_13' title="bbox 450 1285 2098 1364; baseline -0.007 -16"><span class='ocrx_word' id='word_1_67' title='bbox 450 1296 804 1364; x_wconf 90' lang='lat' dir='ltr'>consumpta</span> <span class='ocrx_word' id='word_1_68' title='bbox 837 1294 995 1346; x_wconf 89' lang='lat' dir='ltr'>sunt.</span> <span class='ocrx_word' id='word_1_69' title='bbox 1028 1289 1171 1359; x_wconf 85' lang='lat' dir='ltr'>Equi</span> <span class='ocrx_word' id='word_1_70' title='bbox 1202 1304 1337 1342; x_wconf 86' lang='lat' dir='ltr'>vero</span> <span class='ocrx_word' id='word_1_71' title='bbox 1370 1286 1812 1341; x_wconf 89' lang='lat' dir='ltr'>semicombusti</span> <span class='ocrx_word' id='word_1_72' title='bbox 1840 1285 1908 1339; x_wconf 89' lang='lat' dir='ltr'>ab</span> <span class='ocrx_word' id='word_1_73' title='bbox 1938 1300 2098 1338; x_wconf 82' lang='lat' dir='ltr'>exer-</span> 
     </span>
    </p>
   </div>
   <div class='ocr_carea' id='block_1_14' title="bbox 447 1372 2093 1452">
    <p class='ocr_par' dir='ltr' id='par_1_14' title="bbox 447 1372 2093 1452">
     <span class='ocr_line' id='line_1_14' title="bbox 447 1372 2093 1452; baseline -0.008 -13"><span class='ocrx_word' id='word_1_74' title='bbox 447 1384 566 1439; x_wconf 87' lang='lat' dir='ltr'>citu</span> <span class='ocrx_word' id='word_1_75' title='bbox 602 1380 895 1452; x_wconf 72' lang='lat' dir='ltr'>compecti</span> <span class='ocrx_word' id='word_1_76' title='bbox 926 1378 1328 1433; x_wconf 88' lang='lat' dir='ltr'>miserandum</span> <span class='ocrx_word' id='word_1_77' title='bbox 1354 1372 1752 1447; x_wconf 86' lang='lat' dir='ltr'>spectaculum</span> <span class='ocrx_word' id='word_1_78' title='bbox 1776 1372 2093 1445; x_wconf 69' lang='lat' dir='ltr'>praebuere.</span> 
     </span>
    </p>
   </div>
   <div class='ocr_carea' id='block_1_15' title="bbox 446 1463 2094 1541">
    <p class='ocr_par' dir='ltr' id='par_1_15' title="bbox 446 1463 2094 1541">
     <span class='ocr_line' id='line_1_15' title="bbox 446 1463 2094 1541; baseline -0.008 -13"><span class='ocrx_word' id='word_1_79' title='bbox 446 1473 591 1528; x_wconf 84' lang='lat' dir='ltr'>Cum</span> <span class='ocrx_word' id='word_1_80' title='bbox 618 1488 752 1527; x_wconf 91' lang='lat' dir='ltr'>vero</span> <span class='ocrx_word' id='word_1_81' title='bbox 793 1469 1167 1541; x_wconf 89' lang='lat' dir='ltr'>Sangarium,</span> <span class='ocrx_word' id='word_1_82' title='bbox 1202 1466 1300 1521; x_wconf 92' lang='lat' dir='ltr'>ubi</span> <span class='ocrx_word' id='word_1_83' title='bbox 1333 1465 1452 1520; x_wconf 83' lang='lat' dir='ltr'>haec</span> <span class='ocrx_word' id='word_1_84' title='bbox 1500 1463 1782 1529; x_wconf 90' lang='lat' dir='ltr'>accidere,</span> <span class='ocrx_word' id='word_1_85' title='bbox 1817 1479 1919 1534; x_wconf 89' lang='lat' dir='ltr'>per</span> <span class='ocrx_word' id='word_1_86' title='bbox 1948 1478 2094 1532; x_wconf 91' lang='lat' dir='ltr'>pon-</span> 
     </span>
    </p>
   </div>
   <div class='ocr_carea' id='block_1_16' title="bbox 443 1551 2093 1631">
    <p class='ocr_par' dir='ltr' id='par_1_16' title="bbox 443 1551 2093 1631">
     <span class='ocr_line' id='line_1_16' title="bbox 443 1551 2093 1631; baseline -0.007 -15"><span class='ocrx_word' id='word_1_87' title='bbox 443 1568 560 1616; x_wconf 86' lang='lat' dir='ltr'>tem</span> <span class='ocrx_word' id='word_1_88' title='bbox 590 1560 690 1631; x_wconf 88' lang='lat' dir='ltr'>qui</span> <span class='ocrx_word' id='word_1_89' title='bbox 740 1558 939 1629; x_wconf 90' lang='lat' dir='ltr'>Zompi</span> <span class='ocrx_word' id='word_1_90' title='bbox 988 1556 1202 1611; x_wconf 91' lang='lat' dir='ltr'>dicitur</span> <span class='ocrx_word' id='word_1_91' title='bbox 1250 1554 1604 1623; x_wconf 87' lang='lat' dir='ltr'>transiisset,</span> <span class='ocrx_word' id='word_1_92' title='bbox 1637 1568 1775 1607; x_wconf 88' lang='lat' dir='ltr'>suas</span> <span class='ocrx_word' id='word_1_93' title='bbox 1806 1551 2003 1622; x_wconf 85' lang='lat' dir='ltr'>copias</span> <span class='ocrx_word' id='word_1_94' title='bbox 2034 1551 2093 1605; x_wconf 91' lang='lat' dir='ltr'>in</span> 
     </span>
    </p>
   </div>
   <div class='ocr_carea' id='block_1_17' title="bbox 442 1639 2089 1719">
    <p class='ocr_par' dir='ltr' id='par_1_17' title="bbox 442 1639 2089 1719">
     <span class='ocr_line' id='line_1_17' title="bbox 442 1639 2089 1719; baseline -0.007 -14"><span class='ocrx_word' id='word_1_95' title='bbox 442 1666 629 1705; x_wconf 90' lang='lat' dir='ltr'>unum</span> <span class='ocrx_word' id='word_1_96' title='bbox 681 1663 884 1719; x_wconf 86' lang='lat' dir='ltr'>cogere</span> <span class='ocrx_word' id='word_1_97' title='bbox 933 1646 1127 1717; x_wconf 78' lang='lat' dir='ltr'>cmpit,</span> <span class='ocrx_word' id='word_1_98' title='bbox 1159 1646 1229 1699; x_wconf 91' lang='lat' dir='ltr'>ob</span> <span class='ocrx_word' id='word_1_99' title='bbox 1279 1644 1668 1698; x_wconf 88' lang='lat' dir='ltr'>Barbarorum</span> <span class='ocrx_word' id='word_1_100' title='bbox 1703 1639 2089 1710; x_wconf 87' lang='lat' dir='ltr'>irruptionem</span> 
     </span>
    </p>
   </div>
   <div class='ocr_carea' id='block_1_18' title="bbox 441 1727 2089 1811">
    <p class='ocr_par' dir='ltr' id='par_1_18' title="bbox 441 1727 2089 1811">
     <span class='ocr_line' id='line_1_18' title="bbox 441 1727 2089 1811; baseline -0.007 -17"><span class='ocrx_word' id='word_1_101' title='bbox 441 1739 776 1811; x_wconf 84' lang='lat' dir='ltr'>dissipatas.</span> <span class='ocrx_word' id='word_1_102' title='bbox 811 1736 955 1791; x_wconf 89' lang='lat' dir='ltr'>Cum</span> <span class='ocrx_word' id='word_1_103' title='bbox 986 1733 1169 1806; x_wconf 88' lang='lat' dir='ltr'>igitur</span> <span class='ocrx_word' id='word_1_104' title='bbox 1216 1749 1284 1788; x_wconf 80' lang='lat' dir='ltr'>ex</span> <span class='ocrx_word' id='word_1_105' title='bbox 1316 1732 1387 1787; x_wconf 88' lang='lat' dir='ltr'>iis</span> <span class='ocrx_word' id='word_1_106' title='bbox 1433 1734 1720 1804; x_wconf 87' lang='lat' dir='ltr'>quantum</span> <span class='ocrx_word' id='word_1_107' title='bbox 1749 1727 1933 1785; x_wconf 91' lang='lat' dir='ltr'>voluit</span> <span class='ocrx_word' id='word_1_108' title='bbox 1962 1745 2089 1784; x_wconf 91' lang='lat' dir='ltr'>coe-</span> 
     </span>
    </p>
   </div>
   <div class='ocr_carea' id='block_1_19' title="bbox 437 1818 2089 1900">
    <p class='ocr_par' dir='ltr' id='par_1_19' title="bbox 437 1818 2089 1900">
     <span class='ocr_line' id='line_1_19' title="bbox 437 1818 2089 1900; baseline -0.007 -17"><span class='ocrx_word' id='word_1_109' title='bbox 437 1829 638 1900; x_wconf 87' lang='lat' dir='ltr'>gisset,</span> <span class='ocrx_word' id='word_1_110' title='bbox 699 1828 959 1899; x_wconf 91' lang='lat' dir='ltr'>reliquos</span> <span class='ocrx_word' id='word_1_111' title='bbox 1019 1823 1234 1880; x_wconf 83' lang='lat' dir='ltr'>milites</span> <span class='ocrx_word' id='word_1_112' title='bbox 1293 1841 1358 1878; x_wconf 92' lang='lat' dir='ltr'>ac</span> <span class='ocrx_word' id='word_1_113' title='bbox 1416 1824 1593 1878; x_wconf 92' lang='lat' dir='ltr'>duces</span> <span class='ocrx_word' id='word_1_114' title='bbox 1652 1818 2089 1891; x_wconf 84' lang='lat' dir='ltr'>manipulorum</span> 
     </span>
    </p>
   </div>
   <div class='ocr_carea' id='block_1_20' title="bbox 2215 662 3871 744">
    <p class='ocr_par' dir='ltr' id='par_1_20' title="bbox 2215 662 3871 744">
     <span class='ocr_line' id='line_1_20' title="bbox 2215 662 3871 744; baseline 0.003 -27"><span class='ocrx_word' id='word_1_115' title='bbox 2215 662 2373 718; x_wconf 78' lang='grc' dir='ltr'>αὐτὸν</span> <span class='ocrx_word' id='word_1_116' title='bbox 2434 663 2635 718; x_wconf 78' lang='grc' dir='ltr'>ἐκεῖνον</span> <span class='ocrx_word' id='word_1_117' title='bbox 2690 666 3005 727; x_wconf 81' lang='grc' dir='ltr'>καθεσθεῖσα</span> <span class='ocrx_word' id='word_1_118' title='bbox 3042 666 3200 741; x_wconf 80' lang='grc' dir='ltr'>χερσὶ</span> <span class='ocrx_word' id='word_1_119' title='bbox 3255 671 3373 728; x_wconf 90' lang='grc' dir='ltr'>ταῖς</span> <span class='ocrx_word' id='word_1_120' title='bbox 3424 666 3586 721; x_wconf 74' lang='grc' dir='ltr'>αὐτοῦ</span> <span class='ocrx_word' id='word_1_121' title='bbox 3632 669 3871 744; x_wconf 66' lang='grc' dir='ltr'>προσερ-</span> 
     </span>
    </p>
   </div>
   <div class='ocr_carea' id='block_1_21' title="bbox 2216 751 3871 829">
    <p class='ocr_par' dir='ltr' id='par_1_21' title="bbox 2216 751 3871 829">
     <span class='ocr_line' id='line_1_21' title="bbox 2216 751 3871 829; baseline 0.003 -24"><span class='ocrx_word' id='word_1_122' title='bbox 2216 751 2341 827; x_wconf 77' lang='grc' dir='ltr'>ῥύη.</span> <span class='ocrx_word' id='word_1_123' title='bbox 2404 752 2659 817; x_wconf 85' lang='grc' dir='ltr'>Κάκεῖνος</span> <span class='ocrx_word' id='word_1_124' title='bbox 2731 754 2932 823; x_wconf 89' lang='grc' dir='ltr'>ταύτην</span> <span class='ocrx_word' id='word_1_125' title='bbox 2989 756 3058 827; x_wconf 78' lang='grc' dir='ltr'>τῇ</span> <span class='ocrx_word' id='word_1_126' title='bbox 3139 752 3377 829; x_wconf 77' lang='grc' dir='ltr'>βασιλίδι</span> <span class='ocrx_word' id='word_1_127' title='bbox 3454 754 3755 829; x_wconf 79' lang='grc' dir='ltr'>ἀνέπεμψεν</span> <span class='ocrx_word' id='word_1_128' title='bbox 3816 755 3871 810; x_wconf 76' lang='grc' dir='ltr'>ἐν</span> 
     </span>
    </p>
   </div>
   <div class='ocr_carea' id='block_1_22' title="bbox 2211 841 3872 919">
    <p class='ocr_par' dir='ltr' id='par_1_22' title="bbox 2211 841 3872 919">
     <span class='ocr_line' id='line_1_22' title="bbox 2211 841 3872 919; baseline 0.002 -24"><span class='ocrx_word' id='word_1_129' title='bbox 2211 846 2329 902; x_wconf 88' lang='grc' dir='ltr'>τοῖς</span> <span class='ocrx_word' id='word_1_130' title='bbox 2376 841 2693 917; x_wconf 82' lang='grc' dir='ltr'>ἀνακτόροις</span> <span class='ocrx_word' id='word_1_131' title='bbox 2740 842 2887 918; x_wconf 78' lang='grc' dir='ltr'>παρὰ</span> <span class='ocrx_word' id='word_1_132' title='bbox 2936 843 2998 897; x_wconf 87' lang='grc' dir='ltr'>τὸ</span> <span class='ocrx_word' id='word_1_133' title='bbox 3049 841 3242 907; x_wconf 79' lang='grc' dir='ltr'>εἰωθὸς</span> <span class='ocrx_word' id='word_1_134' title='bbox 3285 842 3626 919; x_wconf 78' lang='grc' dir='ltr'>ἀπομεινάσῃ</span> <span class='ocrx_word' id='word_1_135' title='bbox 3668 842 3756 899; x_wconf 80' lang='grc' dir='ltr'>διά</span> <span class='ocrx_word' id='word_1_136' title='bbox 3787 867 3872 900; x_wconf 82' lang='grc' dir='ltr'>τι·</span> 
     </span>
    </p>
   </div>
   <div class='ocr_carea' id='block_1_23' title="bbox 2214 928 3868 1005">
    <p class='ocr_par' dir='ltr' id='par_1_23' title="bbox 2214 928 3868 1005">
     <span class='ocr_line' id='line_1_23' title="bbox 2214 928 3868 1005; baseline 0.002 -22"><span class='ocrx_word' id='word_1_137' title='bbox 2214 950 2307 993; x_wconf 91' lang='grc' dir='ltr'>νας</span> <span class='ocrx_word' id='word_1_138' title='bbox 2335 928 2555 1005; x_wconf 82' lang='grc' dir='ltr'>Θρύψεις</span> <span class='ocrx_word' id='word_1_139' title='bbox 2611 931 2916 1004; x_wconf 74' lang='grc' dir='ltr'>γυναικείας</span> <span class='ocrx_word' id='word_1_140' title='bbox 2972 931 3062 985; x_wconf 75' lang='grc' dir='ltr'>καὶ</span> <span class='ocrx_word' id='word_1_141' title='bbox 3120 930 3445 1005; x_wconf 79' lang='grc' dir='ltr'>ἀκκισμούς.</span> <span class='ocrx_word' id='word_1_142' title='bbox 3501 930 3718 1004; x_wconf 82' lang='grc' dir='ltr'>Ἔδοξεν</span> <span class='ocrx_word' id='word_1_143' title='bbox 3773 933 3868 988; x_wconf 78' lang='grc' dir='ltr'>οὗν</span> 
     </span>
    </p>
   </div>
   <div class='ocr_carea' id='block_1_24' title="bbox 2211 1014 3870 1096">
    <p class='ocr_par' dir='ltr' id='par_1_24' title="bbox 2211 1014 3870 1096">
     <span class='ocr_line' id='line_1_24' title="bbox 2211 1014 3870 1096; baseline 0.003 -23"><span class='ocrx_word' id='word_1_144' title='bbox 2211 1020 2246 1088; x_wconf 81' lang='grc' dir='ltr'>ἡ</span> <span class='ocrx_word' id='word_1_145' title='bbox 2278 1019 2566 1095; x_wconf 84' lang='grc' dir='ltr'>περιστερά</span> <span class='ocrx_word' id='word_1_146' title='bbox 2610 1014 2890 1092; x_wconf 75' lang='grc' dir='ltr'>σύμϐολον</span> <span class='ocrx_word' id='word_1_147' title='bbox 2942 1020 3007 1075; x_wconf 84' lang='grc' dir='ltr'>ού</span> <span class='ocrx_word' id='word_1_148' title='bbox 3055 1024 3305 1096; x_wconf 76' lang='grc' dir='ltr'>χρηστῆς</span> <span class='ocrx_word' id='word_1_149' title='bbox 3354 1015 3673 1085; x_wconf 75' lang='grc' dir='ltr'>ἀποϐάσεως</span> <span class='ocrx_word' id='word_1_150' title='bbox 3716 1025 3870 1095; x_wconf 81' lang='grc' dir='ltr'>αὐτῷ</span> 
     </span>
    </p>
   </div>
   <div class='ocr_carea' id='block_1_25' title="bbox 2208 1104 3862 1184">
    <p class='ocr_par' dir='ltr' id='par_1_25' title="bbox 2208 1104 3862 1184">
     <span class='ocr_line' id='line_1_25' title="bbox 2208 1104 3862 1184; baseline 0.002 -22"><span class='ocrx_word' id='word_1_151' title='bbox 2208 1129 2266 1163; x_wconf 85' lang='grc' dir='ltr'>τε</span> <span class='ocrx_word' id='word_1_152' title='bbox 2304 1113 2383 1180; x_wconf 84' lang='grc' dir='ltr'>τῷ</span> <span class='ocrx_word' id='word_1_153' title='bbox 2440 1104 2664 1164; x_wconf 77' lang='grc' dir='ltr'>λαϐόντι</span> <span class='ocrx_word' id='word_1_154' title='bbox 2722 1109 2810 1163; x_wconf 75' lang='grc' dir='ltr'>καὶ</span> <span class='ocrx_word' id='word_1_155' title='bbox 2868 1109 3005 1184; x_wconf 86' lang='grc' dir='ltr'>πρὸς</span> <span class='ocrx_word' id='word_1_156' title='bbox 3058 1112 3121 1179; x_wconf 81' lang='grc' dir='ltr'>ἣν</span> <span class='ocrx_word' id='word_1_157' title='bbox 3180 1107 3429 1168; x_wconf 82' lang='grc' dir='ltr'>ἔσταλτο.</span> <span class='ocrx_word' id='word_1_158' title='bbox 3479 1110 3635 1167; x_wconf 80' lang='grc' dir='ltr'>Ἀλλ’</span> <span class='ocrx_word' id='word_1_159' title='bbox 3684 1112 3862 1183; x_wconf 76' lang='grc' dir='ltr'>ἐκείνη</span> 
     </span>
    </p>
   </div>
   <div class='ocr_carea' id='block_1_26' title="bbox 2209 1199 3865 1277">
    <p class='ocr_par' dir='ltr' id='par_1_26' title="bbox 2209 1199 3865 1277">
     <span class='ocr_line' id='line_1_26' title="bbox 2209 1199 3865 1277; baseline 0.003 -26"><span class='ocrx_word' id='word_1_160' title='bbox 2209 1201 2477 1273; x_wconf 84' lang='grc' dir='ltr'>περιττῶς</span> <span class='ocrx_word' id='word_1_161' title='bbox 2519 1202 2727 1273; x_wconf 79' lang='grc' dir='ltr'>σχοῦσα</span> <span class='ocrx_word' id='word_1_162' title='bbox 2778 1205 2879 1268; x_wconf 81' lang='grc' dir='ltr'>τῆς</span> <span class='ocrx_word' id='word_1_163' title='bbox 2930 1200 3194 1272; x_wconf 79' lang='grc' dir='ltr'>θρύψεως,</span> <span class='ocrx_word' id='word_1_164' title='bbox 3245 1199 3684 1273; x_wconf 81' lang='grc' dir='ltr'>μεταμεληθεῖσα</span> <span class='ocrx_word' id='word_1_165' title='bbox 3722 1202 3865 1277; x_wconf 80' lang='grc' dir='ltr'>πρὸς</span> 
     </span>
    </p>
   </div>
   <div class='ocr_carea' id='block_1_27' title="bbox 2205 1284 3863 1363">
    <p class='ocr_par' dir='ltr' id='par_1_27' title="bbox 2205 1284 3863 1363">
     <span class='ocr_line' id='line_1_27' title="bbox 2205 1284 3863 1363; baseline 0.004 -24"><span class='ocrx_word' id='word_1_166' title='bbox 2205 1286 2295 1340; x_wconf 87' lang='grc' dir='ltr'>τὸν</span> <span class='ocrx_word' id='word_1_167' title='bbox 2360 1284 2588 1362; x_wconf 76' lang='grc' dir='ltr'>βασιλέα</span> <span class='ocrx_word' id='word_1_168' title='bbox 2641 1287 2885 1363; x_wconf 86' lang='grc' dir='ltr'>ἀφίκετο,</span> <span class='ocrx_word' id='word_1_169' title='bbox 2942 1288 3036 1343; x_wconf 85' lang='grc' dir='ltr'>τὸν</span> <span class='ocrx_word' id='word_1_170' title='bbox 3095 1291 3482 1363; x_wconf 75' lang='grc' dir='ltr'>συντακτήριον</span> <span class='ocrx_word' id='word_1_171' title='bbox 3539 1287 3863 1345; x_wconf 81' lang='grc' dir='ltr'>ἀποδώσου-</span> 
     </span>
    </p>
   </div>
   <div class='ocr_carea' id='block_1_28' title="bbox 2221 1375 3863 1454">
    <p class='ocr_par' dir='ltr' id='par_1_28' title="bbox 2221 1375 3863 1454">
     <span class='ocr_line' id='line_1_28' title="bbox 2221 1375 3863 1454; baseline 0.004 -24"><span class='ocrx_word' id='word_1_172' title='bbox 2221 1398 2284 1430; x_wconf 88' lang='grc' dir='ltr'>σα</span> <span class='ocrx_word' id='word_1_173' title='bbox 2317 1379 2428 1450; x_wconf 83' lang='lat'>(20)</span> <span class='ocrx_word' id='word_1_174' title='bbox 2470 1376 2560 1431; x_wconf 75' lang='grc' dir='ltr'>καὶ</span> <span class='ocrx_word' id='word_1_175' title='bbox 2612 1376 2769 1433; x_wconf 78' lang='grc' dir='ltr'>αὐτὸν</span> <span class='ocrx_word' id='word_1_176' title='bbox 2818 1375 2906 1431; x_wconf 82' lang='grc' dir='ltr'>ἐπὶ</span> <span class='ocrx_word' id='word_1_177' title='bbox 2941 1378 3040 1447; x_wconf 79' lang='grc' dir='ltr'>τήν</span> <span class='ocrx_word' id='word_1_178' title='bbox 3074 1377 3411 1451; x_wconf 72' lang='grc' dir='ltr'>ἐκστρατείαν</span> <span class='ocrx_word' id='word_1_179' title='bbox 3439 1381 3863 1454; x_wconf 76' lang='grc' dir='ltr'>προπέμψουσα.</span> 
     </span>
    </p>
   </div>
   <div class='ocr_carea' id='block_1_29' title="bbox 2222 1464 3863 1543">
    <p class='ocr_par' dir='ltr' id='par_1_29' title="bbox 2222 1464 3863 1543">
     <span class='ocr_line' id='line_1_29' title="bbox 2222 1464 3863 1543; baseline 0.001 -20"><span class='ocrx_word' id='word_1_180' title='bbox 2222 1467 2439 1523; x_wconf 83' lang='grc' dir='ltr'>Εκεῖθεν</span> <span class='ocrx_word' id='word_1_181' title='bbox 2500 1464 2588 1521; x_wconf 76' lang='grc' dir='ltr'>οὖν</span> <span class='ocrx_word' id='word_1_182' title='bbox 2646 1467 2855 1541; x_wconf 78' lang='grc' dir='ltr'>ἀπάρας</span> <span class='ocrx_word' id='word_1_183' title='bbox 2904 1468 2931 1523; x_wconf 99' lang='lat'>6</span> <span class='ocrx_word' id='word_1_184' title='bbox 2987 1466 3243 1542; x_wconf 78' lang='grc' dir='ltr'>βασιλεὺς</span> <span class='ocrx_word' id='word_1_185' title='bbox 3294 1468 3394 1523; x_wconf 80' lang='grc' dir='ltr'>οὐκ</span> <span class='ocrx_word' id='word_1_186' title='bbox 3449 1468 3501 1523; x_wconf 78' lang='grc' dir='ltr'>ἐν</span> <span class='ocrx_word' id='word_1_187' title='bbox 3554 1471 3863 1543; x_wconf 86' lang='grc' dir='ltr'>Νεακώμου</span> 
     </span>
    </p>
   </div>
   <div class='ocr_carea' id='block_1_30' title="bbox 2218 1553 3862 1635">
    <p class='ocr_par' dir='ltr' id='par_1_30' title="bbox 2218 1553 3862 1635">
     <span class='ocr_line' id='line_1_30' title="bbox 2218 1553 3862 1635; baseline 0.002 -26"><span class='ocrx_word' id='word_1_188' title='bbox 2218 1553 2343 1610; x_wconf 76' lang='grc' dir='ltr'>οὐδὲ</span> <span class='ocrx_word' id='word_1_189' title='bbox 2400 1554 2451 1609; x_wconf 77' lang='grc' dir='ltr'>ἐν</span> <span class='ocrx_word' id='word_1_190' title='bbox 2504 1556 2726 1619; x_wconf 82' lang='grc' dir='ltr'>ὑπατίας</span> <span class='ocrx_word' id='word_1_191' title='bbox 2777 1556 3007 1631; x_wconf 84' lang='grc' dir='ltr'>χωρίοις</span> <span class='ocrx_word' id='word_1_192' title='bbox 3054 1557 3164 1612; x_wconf 82' lang='grc' dir='ltr'>τισὶ</span> <span class='ocrx_word' id='word_1_193' title='bbox 3199 1556 3506 1633; x_wconf 83' lang='grc' dir='ltr'>βασιλικοῖς</span> <span class='ocrx_word' id='word_1_194' title='bbox 3534 1559 3862 1635; x_wconf 87' lang='grc' dir='ltr'>προσωρμί-</span> 
     </span>
    </p>
   </div>
   <div class='ocr_carea' id='block_1_31' title="bbox 2212 1643 3861 1726">
    <p class='ocr_par' dir='ltr' id='par_1_31' title="bbox 2212 1643 3861 1726">
     <span class='ocr_line' id='line_1_31' title="bbox 2212 1643 3861 1726; baseline 0.002 -26"><span class='ocrx_word' id='word_1_195' title='bbox 2212 1666 2364 1716; x_wconf 88' lang='grc' dir='ltr'>σατο,</span> <span class='ocrx_word' id='word_1_196' title='bbox 2408 1643 2536 1699; x_wconf 81' lang='grc' dir='ltr'>ἀλλ’</span> <span class='ocrx_word' id='word_1_197' title='bbox 2581 1644 2633 1699; x_wconf 69' lang='grc' dir='ltr'>ἰν</span> <span class='ocrx_word' id='word_1_198' title='bbox 2685 1643 3086 1719; x_wconf 74' lang='grc' dir='ltr'>Ἑλενουπόλει,</span> <span class='ocrx_word' id='word_1_199' title='bbox 3118 1647 3180 1717; x_wconf 80' lang='grc' dir='ltr'>ἢν</span> <span class='ocrx_word' id='word_1_200' title='bbox 3212 1646 3264 1701; x_wconf 80' lang='lat' dir='ltr'>oi</span> <span class='ocrx_word' id='word_1_201' title='bbox 3317 1646 3584 1725; x_wconf 68' lang='grc' dir='ltr'>ἐγχώριοι</span> <span class='ocrx_word' id='word_1_202' title='bbox 3614 1647 3861 1726; x_wconf 79' lang='grc' dir='ltr'>ἀγροικι-</span> 
     </span>
    </p>
   </div>
   <div class='ocr_carea' id='block_1_32' title="bbox 2202 1732 3863 1809">
    <p class='ocr_par' dir='ltr' id='par_1_32' title="bbox 2202 1732 3863 1809">
     <span class='ocr_line' id='line_1_32' title="bbox 2202 1732 3863 1809; baseline 0.001 -20"><span class='ocrx_word' id='word_1_203' title='bbox 2202 1735 2440 1809; x_wconf 85' lang='grc' dir='ltr'>κώτερον</span> <span class='ocrx_word' id='word_1_204' title='bbox 2500 1732 2889 1804; x_wconf 69' lang='grc' dir='ltr'>κικλήσκουσιν</span> <span class='ocrx_word' id='word_1_205' title='bbox 2946 1732 3387 1792; x_wconf 84' lang='grc' dir='ltr'>Ἐλεεινούπολιν</span> <span class='ocrx_word' id='word_1_206' title='bbox 3423 1756 3437 1767; x_wconf 88' lang='grc'><strong>·</strong></span> <span class='ocrx_word' id='word_1_207' title='bbox 3494 1737 3524 1792; x_wconf 79' lang='grc' dir='ltr'><strong>ὃ</strong></span> <span class='ocrx_word' id='word_1_208' title='bbox 3579 1735 3671 1792; x_wconf 68' lang='lat' dir='ltr'>xui</span> <span class='ocrx_word' id='word_1_209' title='bbox 3729 1737 3863 1792; x_wconf 77' lang='grc' dir='ltr'>αὐτό</span> 
     </span>
    </p>
   </div>
   <div class='ocr_carea' id='block_1_33' title="bbox 2199 1820 3862 1899">
    <p class='ocr_par' dir='ltr' id='par_1_33' title="bbox 2199 1820 3862 1899">
     <span class='ocr_line' id='line_1_33' title="bbox 2199 1820 3862 1899; baseline 0.001 -20"><span class='ocrx_word' id='word_1_210' title='bbox 2199 1825 2393 1885; x_wconf 83' lang='grc' dir='ltr'>οἰωνὸς</span> <span class='ocrx_word' id='word_1_211' title='bbox 2451 1823 2512 1878; x_wconf 83' lang='grc' dir='ltr'>ού</span> <span class='ocrx_word' id='word_1_212' title='bbox 2567 1826 2809 1899; x_wconf 82' lang='grc' dir='ltr'>χρηστὸς</span> <span class='ocrx_word' id='word_1_213' title='bbox 2862 1821 3029 1894; x_wconf 78' lang='grc' dir='ltr'>ἔδοξε.</span> <span class='ocrx_word' id='word_1_214' title='bbox 3085 1820 3295 1896; x_wconf 66' lang='grc' dir='ltr'>Συνέϐη</span> <span class='ocrx_word' id='word_1_215' title='bbox 3343 1823 3400 1881; x_wconf 74' lang='grc' dir='ltr'>δὲ</span> <span class='ocrx_word' id='word_1_216' title='bbox 3449 1825 3539 1880; x_wconf 89' lang='grc' dir='ltr'>καί</span> <span class='ocrx_word' id='word_1_217' title='bbox 3567 1847 3619 1881; x_wconf 89' lang='grc' dir='ltr'>τι</span> <span class='ocrx_word' id='word_1_218' title='bbox 3649 1823 3862 1899; x_wconf 74' lang='grc' dir='ltr'>ἕτερον’</span> 
     </span>
    </p>
   </div>
   <div class='ocr_carea' id='block_1_34' title="bbox 440 1908 2090 2006">
    <p class='ocr_par' dir='ltr' id='par_1_34' title="bbox 440 1908 2090 1985">
     <span class='ocr_line' id='line_1_34' title="bbox 440 1908 2090 1985; baseline -0.007 -11"><span class='ocrx_word' id='word_1_219' title='bbox 440 1918 683 1984; x_wconf 77' lang='lat' dir='ltr'>dimisit,</span> <span class='ocrx_word' id='word_1_220' title='bbox 720 1916 939 1971; x_wconf 72' lang='lat' dir='ltr'>milites</span> <span class='ocrx_word' id='word_1_221' title='bbox 994 1915 1235 1985; x_wconf 88' lang='lat' dir='ltr'>quidem</span> <span class='ocrx_word' id='word_1_222' title='bbox 1284 1918 1348 1967; x_wconf 88' lang='lat' dir='ltr'>ut</span> <span class='ocrx_word' id='word_1_223' title='bbox 1390 1910 1792 1983; x_wconf 78' lang='lat' dir='ltr'>superioribus</span> <span class='ocrx_word' id='word_1_224' title='bbox 1824 1908 2090 1963; x_wconf 87' lang='lat' dir='ltr'>cladibus</span> 
     </span>
    </p>
   </div>
   <div class='ocr_carea' id='block_1_35' title="bbox 2203 1908 3861 2006">
    <p class='ocr_par' dir='ltr' id='par_1_35' title="bbox 2206 1910 3861 1989">
     <span class='ocr_line' id='line_1_35' title="bbox 2206 1910 3861 1989; baseline 0.001 -20"><span class='ocrx_word' id='word_1_225' title='bbox 2206 1914 2267 1969; x_wconf 88' lang='grc' dir='ltr'>τὸ</span> <span class='ocrx_word' id='word_1_226' title='bbox 2298 1914 2400 1989; x_wconf 81' lang='grc' dir='ltr'>γὰρ</span> <span class='ocrx_word' id='word_1_227' title='bbox 2436 1913 2659 1987; x_wconf 68' lang='grc' dir='ltr'>συνέχον</span> <span class='ocrx_word' id='word_1_228' title='bbox 2709 1914 2808 1981; x_wconf 75' lang='grc' dir='ltr'>τήν</span> <span class='ocrx_word' id='word_1_229' title='bbox 2864 1910 3153 1988; x_wconf 73' lang='grc' dir='ltr'>βασιλικὴν</span> <span class='ocrx_word' id='word_1_230' title='bbox 3205 1916 3410 1985; x_wconf 76' lang='grc' dir='ltr'>σκηνὴν</span> <span class='ocrx_word' id='word_1_231' title='bbox 3464 1914 3719 1989; x_wconf 82' lang='grc' dir='ltr'>μέγιστον</span> <span class='ocrx_word' id='word_1_232' title='bbox 3774 1916 3861 1986; x_wconf 78' lang='grc' dir='ltr'>ξύ-</span> 
     </span>
    </p>
   </div>
   <div class='ocr_carea' id='block_1_36' title="bbox 440 1998 2099 2077">
    <p class='ocr_par' dir='ltr' id='par_1_36' title="bbox 440 1998 2099 2077">
     <span class='ocr_line' id='line_1_36' title="bbox 440 1998 2099 2077; baseline -0.007 -15"><span class='ocrx_word' id='word_1_233' title='bbox 440 2009 765 2077; x_wconf 82' lang='lat' dir='ltr'>confectos,</span> <span class='ocrx_word' id='word_1_234' title='bbox 800 2003 1240 2075; x_wconf 87' lang='lat' dir='ltr'>manipulorum</span> <span class='ocrx_word' id='word_1_235' title='bbox 1290 2018 1424 2057; x_wconf 89' lang='lat' dir='ltr'>vero</span> <span class='ocrx_word' id='word_1_236' title='bbox 1457 2002 1728 2055; x_wconf 88' lang='lat' dir='ltr'>ductores</span> <span class='ocrx_word' id='word_1_237' title='bbox 1771 2014 1967 2053; x_wconf 89' lang='lat' dir='ltr'>secum</span> <span class='ocrx_word' id='word_1_238' title='bbox 2000 1998 2099 2053; x_wconf 89' lang='lat' dir='ltr'>ad-</span> 
     </span>
    </p>
   </div>
   <div class='ocr_carea' id='block_1_37' title="bbox 437 2086 2097 2163">
    <p class='ocr_par' dir='ltr' id='par_1_37' title="bbox 437 2086 2097 2163">
     <span class='ocr_line' id='line_1_37' title="bbox 437 2086 2097 2163; baseline -0.007 -11"><span class='ocrx_word' id='word_1_239' title='bbox 437 2097 649 2152; x_wconf 90' lang='lat' dir='ltr'>ducere</span> <span class='ocrx_word' id='word_1_240' title='bbox 697 2094 915 2150; x_wconf 91' lang='lat' dir='ltr'>veritus</span> <span class='ocrx_word' id='word_1_241' title='bbox 967 2097 1032 2148; x_wconf 89' lang='lat' dir='ltr'>ut</span> <span class='ocrx_word' id='word_1_242' title='bbox 1064 2090 1214 2163; x_wconf 90' lang='lat' dir='ltr'>parti</span> <span class='ocrx_word' id='word_1_243' title='bbox 1245 2089 1658 2145; x_wconf 85' lang='lat' dir='ltr'>insidiatorum</span> <span class='ocrx_word' id='word_1_244' title='bbox 1712 2086 2097 2148; x_wconf 78' lang='lat' dir='ltr'>adhaerentes,</span> 
     </span>
    </p>
   </div>
   <div class='ocr_carea' id='block_1_38' title="bbox 439 2176 2099 2256">
    <p class='ocr_par' dir='ltr' id='par_1_38' title="bbox 439 2176 2099 2256">
     <span class='ocr_line' id='line_1_38' title="bbox 439 2176 2099 2256; baseline -0.006 -16"><span class='ocrx_word' id='word_1_245' title='bbox 439 2186 792 2256; x_wconf 91' lang='lat' dir='ltr'>Utinamque</span> <span class='ocrx_word' id='word_1_246' title='bbox 843 2183 1000 2238; x_wconf 87' lang='lat' dir='ltr'>idem</span> <span class='ocrx_word' id='word_1_247' title='bbox 1052 2181 1112 2235; x_wconf 90' lang='lat' dir='ltr'>in</span> <span class='ocrx_word' id='word_1_248' title='bbox 1146 2196 1351 2236; x_wconf 89' lang='lat' dir='ltr'>omnes</span> <span class='ocrx_word' id='word_1_249' title='bbox 1400 2178 1653 2246; x_wconf 79' lang='lat' dir='ltr'>fecisset,</span> <span class='ocrx_word' id='word_1_250' title='bbox 1684 2182 1739 2232; x_wconf 94' lang='lat' dir='ltr'>et</span> <span class='ocrx_word' id='word_1_251' title='bbox 1770 2177 1819 2231; x_wconf 87' lang='lat' dir='ltr'>si</span> <span class='ocrx_word' id='word_1_252' title='bbox 1864 2176 2099 2230; x_wconf 83' lang='lat' dir='ltr'>divinus</span> 
     </span>
    </p>
   </div>
   <div class='ocr_carea' id='block_1_39' title="bbox 436 2264 2097 2340">
    <p class='ocr_par' dir='ltr' id='par_1_39' title="bbox 436 2264 2097 2340">
     <span class='ocr_line' id='line_1_39' title="bbox 436 2264 2097 2340; baseline -0.007 -11"><span class='ocrx_word' id='word_1_253' title='bbox 436 2274 725 2330; x_wconf 85' lang='lat' dir='ltr'>terminus</span> <span class='ocrx_word' id='word_1_254' title='bbox 763 2270 1004 2327; x_wconf 88' lang='lat' dir='ltr'>transiri</span> <span class='ocrx_word' id='word_1_255' title='bbox 1059 2286 1175 2324; x_wconf 89' lang='lat' dir='ltr'>non</span> <span class='ocrx_word' id='word_1_256' title='bbox 1208 2273 1453 2340; x_wconf 88' lang='lat' dir='ltr'>poterat,</span> <span class='ocrx_word' id='word_1_257' title='bbox 1487 2272 1545 2322; x_wconf 91' lang='lat' dir='ltr'>et</span> <span class='ocrx_word' id='word_1_258' title='bbox 1584 2264 1958 2321; x_wconf 88' lang='lat' dir='ltr'>commistum</span> <span class='ocrx_word' id='word_1_259' title='bbox 1990 2280 2097 2336; x_wconf 87' lang='lat' dir='ltr'>po-</span> 
     </span>
    </p>
   </div>
   <div class='ocr_carea' id='block_1_40' title="bbox 440 2352 2097 2429">
    <p class='ocr_par' dir='ltr' id='par_1_40' title="bbox 440 2352 2097 2429">
     <span class='ocr_line' id='line_1_40' title="bbox 440 2352 2097 2429; baseline -0.007 -11"><span class='ocrx_word' id='word_1_260' title='bbox 440 2363 640 2418; x_wconf 90' lang='lat' dir='ltr'>culum</span> <span class='ocrx_word' id='word_1_261' title='bbox 673 2360 900 2429; x_wconf 80' lang='lat' dir='ltr'>evitari,</span> <span class='ocrx_word' id='word_1_262' title='bbox 935 2376 1069 2413; x_wconf 86' lang='lat' dir='ltr'>nam</span> <span class='ocrx_word' id='word_1_263' title='bbox 1095 2358 1174 2413; x_wconf 88' lang='lat' dir='ltr'>ita</span> <span class='ocrx_word' id='word_1_264' title='bbox 1208 2374 1324 2413; x_wconf 71' lang='lat' dir='ltr'>sua:</span> <span class='ocrx_word' id='word_1_265' title='bbox 1364 2353 1759 2412; x_wconf 89' lang='lat' dir='ltr'>incolumitati</span> <span class='ocrx_word' id='word_1_266' title='bbox 1791 2352 2097 2409; x_wconf 89' lang='lat' dir='ltr'>consulere</span> 
     </span>
    </p>
   </div>
   <div class='ocr_carea' id='block_1_41' title="bbox 436 2443 2096 2517">
    <p class='ocr_par' dir='ltr' id='par_1_41' title="bbox 436 2443 2096 2517">
     <span class='ocr_line' id='line_1_41' title="bbox 436 2443 2096 2517; baseline -0.007 -10"><span class='ocrx_word' id='word_1_267' title='bbox 436 2452 600 2508; x_wconf 80' lang='lat' dir='ltr'>visus</span> <span class='ocrx_word' id='word_1_268' title='bbox 668 2451 893 2505; x_wconf 83' lang='lat' dir='ltr'>fuisset.</span> <span class='ocrx_word' id='word_1_269' title='bbox 963 2447 1179 2503; x_wconf 86' lang='lat' dir='ltr'>Verum</span> <span class='ocrx_word' id='word_1_270' title='bbox 1256 2445 1582 2517; x_wconf 83' lang='lat' dir='ltr'>Nicephoro</span> <span class='ocrx_word' id='word_1_271' title='bbox 1669 2443 1975 2499; x_wconf 90' lang='lat' dir='ltr'>Botaniata</span> <span class='ocrx_word' id='word_1_272' title='bbox 2038 2446 2096 2498; x_wconf 89' lang='lat' dir='ltr'>et</span> 
     </span>
    </p>
   </div>
   <div class='ocr_carea' id='block_1_42' title="bbox 437 2532 2096 2611">
    <p class='ocr_par' dir='ltr' id='par_1_42' title="bbox 437 2532 2096 2611">
     <span class='ocr_line' id='line_1_42' title="bbox 437 2532 2096 2611; baseline -0.007 -14"><span class='ocrx_word' id='word_1_273' title='bbox 437 2538 852 2611; x_wconf 88' lang='lat' dir='ltr'>hujuscemodi</span> <span class='ocrx_word' id='word_1_274' title='bbox 890 2537 1246 2609; x_wconf 88' lang='lat' dir='ltr'>quibusdam</span> <span class='ocrx_word' id='word_1_275' title='bbox 1282 2535 1420 2590; x_wconf 89' lang='lat' dir='ltr'>viris</span> <span class='ocrx_word' id='word_1_276' title='bbox 1451 2535 1674 2606; x_wconf 80' lang='lat' dir='ltr'>ejectis,</span> <span class='ocrx_word' id='word_1_277' title='bbox 1704 2550 1805 2589; x_wconf 92' lang='lat' dir='ltr'>eos</span> <span class='ocrx_word' id='word_1_278' title='bbox 1835 2532 1934 2603; x_wconf 91' lang='lat' dir='ltr'>qui</span> <span class='ocrx_word' id='word_1_279' title='bbox 1966 2547 2096 2586; x_wconf 93' lang='lat' dir='ltr'>om-</span> 
     </span>
    </p>
   </div>
   <div class='ocr_carea' id='block_1_43' title="bbox 437 2623 2093 2699">
    <p class='ocr_par' dir='ltr' id='par_1_43' title="bbox 437 2623 2093 2699">
     <span class='ocr_line' id='line_1_43' title="bbox 437 2623 2093 2699; baseline -0.007 -13"><span class='ocrx_word' id='word_1_280' title='bbox 437 2633 615 2686; x_wconf 88' lang='lat' dir='ltr'>nibus</span> <span class='ocrx_word' id='word_1_281' title='bbox 644 2629 795 2685; x_wconf 88' lang='lat' dir='ltr'>dolis</span> <span class='ocrx_word' id='word_1_282' title='bbox 827 2633 880 2683; x_wconf 89' lang='lat' dir='ltr'>et</span> <span class='ocrx_word' id='word_1_283' title='bbox 931 2628 1123 2699; x_wconf 89' lang='lat' dir='ltr'>pravis</span> <span class='ocrx_word' id='word_1_284' title='bbox 1176 2627 1442 2681; x_wconf 90' lang='lat' dir='ltr'>moribus</span> <span class='ocrx_word' id='word_1_285' title='bbox 1473 2623 1746 2679; x_wconf 86' lang='lat' dir='ltr'>instructi</span> <span class='ocrx_word' id='word_1_286' title='bbox 1778 2627 1975 2677; x_wconf 91' lang='lat' dir='ltr'>essent</span> <span class='ocrx_word' id='word_1_287' title='bbox 2005 2636 2093 2675; x_wconf 83' lang='lat' dir='ltr'>se—</span> 
     </span>
    </p>
   </div>
   <div class='ocr_carea' id='block_1_44' title="bbox 435 2710 2096 2786">
    <p class='ocr_par' dir='ltr' id='par_1_44' title="bbox 435 2710 2096 2786">
     <span class='ocr_line' id='line_1_44' title="bbox 435 2710 2096 2786; baseline -0.008 -9"><span class='ocrx_word' id='word_1_288' title='bbox 435 2737 566 2777; x_wconf 87' lang='lat' dir='ltr'>cum</span> <span class='ocrx_word' id='word_1_289' title='bbox 598 2720 887 2775; x_wconf 90' lang='lat' dir='ltr'>adducere</span> <span class='ocrx_word' id='word_1_290' title='bbox 942 2717 1279 2783; x_wconf 83' lang='lat' dir='ltr'>festinabat,</span> <span class='ocrx_word' id='word_1_291' title='bbox 1316 2720 1380 2770; x_wconf 90' lang='lat' dir='ltr'>ut</span> <span class='ocrx_word' id='word_1_292' title='bbox 1408 2715 1727 2786; x_wconf 89' lang='lat' dir='ltr'>insequens</span> <span class='ocrx_word' id='word_1_293' title='bbox 1774 2710 2096 2767; x_wconf 87' lang='lat' dir='ltr'>declarabit</span> 
     </span>
    </p>
   </div>
   <div class='ocr_carea' id='block_1_45' title="bbox 436 2799 2094 2880">
    <p class='ocr_par' dir='ltr' id='par_1_45' title="bbox 436 2799 2094 2880">
     <span class='ocr_line' id='line_1_45' title="bbox 436 2799 2094 2880; baseline -0.008 -13"><span class='ocrx_word' id='word_1_294' title='bbox 436 2811 641 2867; x_wconf 85' lang='lat' dir='ltr'>oratio.</span> <span class='ocrx_word' id='word_1_295' title='bbox 678 2814 806 2880; x_wconf 88' lang='lat' dir='ltr'>Ipse</span> <span class='ocrx_word' id='word_1_296' title='bbox 837 2812 1033 2863; x_wconf 90' lang='lat' dir='ltr'>autem</span> <span class='ocrx_word' id='word_1_297' title='bbox 1068 2806 1152 2861; x_wconf 89' lang='lat' dir='ltr'>sic</span> <span class='ocrx_word' id='word_1_298' title='bbox 1203 2821 1471 2877; x_wconf 86' lang='lat' dir='ltr'>pergens,</span> <span class='ocrx_word' id='word_1_299' title='bbox 1502 2819 1693 2874; x_wconf 89' lang='lat' dir='ltr'>neque</span> <span class='ocrx_word' id='word_1_300' title='bbox 1723 2799 2094 2857; x_wconf 86' lang='lat' dir='ltr'>imminentia</span> 
     </span>
    </p>
   </div>
   <div class='ocr_carea' id='block_1_46' title="bbox 436 2889 2091 2970">
    <p class='ocr_par' dir='ltr' id='par_1_46' title="bbox 436 2889 2091 2970">
     <span class='ocr_line' id='line_1_46' title="bbox 436 2889 2091 2970; baseline -0.007 -13"><span class='ocrx_word' id='word_1_301' title='bbox 436 2902 551 2958; x_wconf 91' lang='lat' dir='ltr'>sibi</span> <span class='ocrx_word' id='word_1_302' title='bbox 611 2899 767 2956; x_wconf 86' lang='lat' dir='ltr'>mala</span> <span class='ocrx_word' id='word_1_303' title='bbox 817 2898 1223 2970; x_wconf 59' lang='lat' dir='ltr'>praesentiens,</span> <span class='ocrx_word' id='word_1_304' title='bbox 1271 2894 1471 2964; x_wconf 80' lang='lat' dir='ltr'>Halym</span> <span class='ocrx_word' id='word_1_305' title='bbox 1536 2892 1781 2949; x_wconf 90' lang='lat' dir='ltr'>ﬂuvium</span> <span class='ocrx_word' id='word_1_306' title='bbox 1837 2889 2091 2959; x_wconf 86' lang='lat' dir='ltr'>transiit,</span> 
     </span>
    </p>
   </div>
   <div class='ocr_carea' id='block_1_47' title="bbox 438 2980 2083 3062">
    <p class='ocr_par' dir='ltr' id='par_1_47' title="bbox 438 2980 2083 3062">
     <span class='ocr_line' id='line_1_47' title="bbox 438 2980 2083 3062; baseline -0.008 -16"><span class='ocrx_word' id='word_1_307' title='bbox 438 2988 712 3062; x_wconf 90' lang='lat' dir='ltr'>quamvis</span> <span class='ocrx_word' id='word_1_308' title='bbox 770 2990 1171 3042; x_wconf 89' lang='lat' dir='ltr'>commoratus</span> <span class='ocrx_word' id='word_1_309' title='bbox 1233 2984 1288 3037; x_wconf 90' lang='lat' dir='ltr'>in</span> <span class='ocrx_word' id='word_1_310' title='bbox 1346 2983 1599 3054; x_wconf 89' lang='lat' dir='ltr'>quodam</span> <span class='ocrx_word' id='word_1_311' title='bbox 1658 2981 1870 3052; x_wconf 89' lang='lat' dir='ltr'>oppido</span> <span class='ocrx_word' id='word_1_312' title='bbox 1936 2980 2083 3034; x_wconf 75' lang='lat'>691</span> 
     </span>
    </p>
   </div>
   <div class='ocr_carea' id='block_1_48' title="bbox 438 3071 2091 3153">
    <p class='ocr_par' dir='ltr' id='par_1_48' title="bbox 438 3071 2091 3153">
     <span class='ocr_line' id='line_1_48' title="bbox 438 3071 2091 3153; baseline -0.007 -17"><span class='ocrx_word' id='word_1_313' title='bbox 438 3096 627 3153; x_wconf 91' lang='lat' dir='ltr'>nuper</span> <span class='ocrx_word' id='word_1_314' title='bbox 676 3080 1033 3142; x_wconf 88' lang='lat' dir='ltr'>constructo,</span> <span class='ocrx_word' id='word_1_315' title='bbox 1069 3076 1240 3144; x_wconf 87' lang='lat' dir='ltr'>cujus</span> <span class='ocrx_word' id='word_1_316' title='bbox 1298 3072 1542 3127; x_wconf 58' lang='lat' dir='ltr'>mdificia</span> <span class='ocrx_word' id='word_1_317' title='bbox 1591 3073 1660 3126; x_wconf 92' lang='lat' dir='ltr'>ab</span> <span class='ocrx_word' id='word_1_318' title='bbox 1711 3071 1838 3143; x_wconf 88' lang='lat' dir='ltr'>ipso</span> <span class='ocrx_word' id='word_1_319' title='bbox 1888 3074 2091 3124; x_wconf 90' lang='lat' dir='ltr'>curata</span> 
     </span>
    </p>
   </div>
   <div class='ocr_carea' id='block_1_49' title="bbox 433 3160 2088 3236">
    <p class='ocr_par' dir='ltr' id='par_1_49' title="bbox 433 3160 2088 3236">
     <span class='ocr_line' id='line_1_49' title="bbox 433 3160 2088 3236; baseline -0.008 -11"><span class='ocrx_word' id='word_1_320' title='bbox 433 3174 594 3236; x_wconf 84' lang='lat' dir='ltr'>sunt,</span> <span class='ocrx_word' id='word_1_321' title='bbox 627 3167 708 3223; x_wconf 92' lang='lat' dir='ltr'>ibi</span> <span class='ocrx_word' id='word_1_322' title='bbox 756 3163 1202 3222; x_wconf 86' lang='lat' dir='ltr'>tabernaculum</span> <span class='ocrx_word' id='word_1_323' title='bbox 1254 3162 1470 3234; x_wconf 90' lang='lat' dir='ltr'>posuit.</span> <span class='ocrx_word' id='word_1_324' title='bbox 1522 3160 1745 3216; x_wconf 87' lang='lat' dir='ltr'>Deinde</span> <span class='ocrx_word' id='word_1_325' title='bbox 1794 3176 1925 3214; x_wconf 91' lang='lat' dir='ltr'>cum</span> <span class='ocrx_word' id='word_1_326' title='bbox 1976 3164 2088 3213; x_wconf 87' lang='lat' dir='ltr'>tra-</span> 
     </span>
    </p>
   </div>
   <div class='ocr_carea' id='block_1_50' title="bbox 427 3247 2089 3329">
    <p class='ocr_par' dir='ltr' id='par_1_50' title="bbox 427 3247 2089 3329">
     <span class='ocr_line' id='line_1_50' title="bbox 427 3247 2089 3329; baseline -0.008 -17"><span class='ocrx_word' id='word_1_327' title='bbox 427 3257 690 3329; x_wconf 89' lang='lat' dir='ltr'>jecisset,</span> <span class='ocrx_word' id='word_1_328' title='bbox 724 3254 1067 3310; x_wconf 92' lang='lat' dir='ltr'>divisionem</span> <span class='ocrx_word' id='word_1_329' title='bbox 1104 3250 1471 3322; x_wconf 86' lang='lat' dir='ltr'>propriarum</span> <span class='ocrx_word' id='word_1_330' title='bbox 1521 3248 1959 3321; x_wconf 87' lang='lat' dir='ltr'>possessionum</span> <span class='ocrx_word' id='word_1_331' title='bbox 1993 3247 2089 3300; x_wconf 90' lang='lat' dir='ltr'>de-</span> 
     </span>
    </p>
   </div>
   <div class='ocr_carea' id='block_1_51' title="bbox 2211 2000 3855 2079">
    <p class='ocr_par' dir='ltr' id='par_1_51' title="bbox 2211 2000 3855 2079">
     <span class='ocr_line' id='line_1_51' title="bbox 2211 2000 3855 2079; baseline 0.001 -20"><span class='ocrx_word' id='word_1_332' title='bbox 2211 2003 2305 2059; x_wconf 86' lang='grc' dir='ltr'>λον</span> <span class='ocrx_word' id='word_1_333' title='bbox 2356 2002 2609 2078; x_wconf 73' lang='grc' dir='ltr'>κατεαγῖεν</span> <span class='ocrx_word' id='word_1_334' title='bbox 2663 2007 2840 2057; x_wconf 81' lang='grc' dir='ltr'>πεσεῖν</span> <span class='ocrx_word' id='word_1_335' title='bbox 2901 2003 3069 2071; x_wconf 72' lang='grc' dir='ltr'>αὑτὴν</span> <span class='ocrx_word' id='word_1_336' title='bbox 3125 2000 3385 2079; x_wconf 81' lang='grc' dir='ltr'>αίφνηδὸν</span> <span class='ocrx_word' id='word_1_337' title='bbox 3436 2005 3855 2078; x_wconf 73' lang='grc' dir='ltr'>παρεσκεύασεν.</span> 
     </span>
    </p>
   </div>
   <div class='ocr_carea' id='block_1_52' title="bbox 2207 2089 3853 2170">
    <p class='ocr_par' dir='ltr' id='par_1_52' title="bbox 2207 2089 3853 2170">
     <span class='ocr_line' id='line_1_52' title="bbox 2207 2089 3853 2170; baseline -0.001 -20"><span class='ocrx_word' id='word_1_338' title='bbox 2207 2094 2397 2166; x_wconf 78' lang='grc' dir='ltr'>’Όμως</span> <span class='ocrx_word' id='word_1_339' title='bbox 2430 2090 2474 2147; x_wconf 84' lang='grc' dir='ltr'>δ’</span> <span class='ocrx_word' id='word_1_340' title='bbox 2508 2092 2598 2146; x_wconf 75' lang='grc' dir='ltr'>οὖν</span> <span class='ocrx_word' id='word_1_341' title='bbox 2648 2089 2772 2146; x_wconf 77' lang='grc' dir='ltr'>οὐδὲ</span> <span class='ocrx_word' id='word_1_342' title='bbox 2816 2095 2951 2165; x_wconf 89' lang='grc' dir='ltr'>πρὸς</span> <span class='ocrx_word' id='word_1_343' title='bbox 3000 2089 3053 2145; x_wconf 75' lang='grc' dir='ltr'>’ἐν</span> <span class='ocrx_word' id='word_1_344' title='bbox 3102 2091 3308 2147; x_wconf 85' lang='grc' dir='ltr'>τούτων</span> <span class='ocrx_word' id='word_1_345' title='bbox 3348 2095 3382 2162; x_wconf 73' lang='grc' dir='ltr'>ἡ</span> <span class='ocrx_word' id='word_1_346' title='bbox 3415 2099 3523 2148; x_wconf 87' lang='grc' dir='ltr'>τῶν</span> <span class='ocrx_word' id='word_1_347' title='bbox 3554 2094 3853 2170; x_wconf 75' lang='grc' dir='ltr'>ἀνθρώπων</span> 
     </span>
    </p>
   </div>
   <div class='ocr_carea' id='block_1_53' title="bbox 2208 2177 3853 2256">
    <p class='ocr_par' dir='ltr' id='par_1_53' title="bbox 2208 2177 3853 2256">
     <span class='ocr_line' id='line_1_53' title="bbox 2208 2177 3853 2256; baseline 0.001 -20"><span class='ocrx_word' id='word_1_348' title='bbox 2208 2177 2505 2253; x_wconf 73' lang='grc' dir='ltr'>ἀϐελτηρία</span> <span class='ocrx_word' id='word_1_349' title='bbox 2551 2181 2661 2248; x_wconf 90' lang='grc' dir='ltr'>καί,</span> <span class='ocrx_word' id='word_1_350' title='bbox 2696 2182 2770 2242; x_wconf 83' lang='grc' dir='ltr'>ὡς</span> <span class='ocrx_word' id='word_1_351' title='bbox 2821 2181 2933 2235; x_wconf 80' lang='grc' dir='ltr'>οἷον</span> <span class='ocrx_word' id='word_1_352' title='bbox 2982 2179 3173 2249; x_wconf 80' lang='grc' dir='ltr'>εἰπεῖν,</span> <span class='ocrx_word' id='word_1_353' title='bbox 3205 2182 3431 2256; x_wconf 77' lang='grc' dir='ltr'>καχεξία</span> <span class='ocrx_word' id='word_1_354' title='bbox 3477 2182 3567 2237; x_wconf 81' lang='grc' dir='ltr'>καὶ</span> <span class='ocrx_word' id='word_1_355' title='bbox 3607 2183 3673 2238; x_wconf 86' lang='grc' dir='ltr'>τὸ</span> <span class='ocrx_word' id='word_1_356' title='bbox 3696 2182 3749 2238; x_wconf 74' lang='grc' dir='ltr'>ἰν</span> <span class='ocrx_word' id='word_1_357' title='bbox 3781 2186 3853 2255; x_wconf 75' lang='grc' dir='ltr'>τῇ</span> 
     </span>
    </p>
   </div>
   <div class='ocr_carea' id='block_1_54' title="bbox 2208 2265 3857 2346">
    <p class='ocr_par' dir='ltr' id='par_1_54' title="bbox 2208 2265 3857 2346">
     <span class='ocr_line' id='line_1_54' title="bbox 2208 2265 3857 2346; baseline 0 -21"><span class='ocrx_word' id='word_1_358' title='bbox 2208 2268 2442 2344; x_wconf 82' lang='grc' dir='ltr'>δοκούσῃ</span> <span class='ocrx_word' id='word_1_359' title='bbox 2495 2269 2670 2324; x_wconf 80' lang='grc' dir='ltr'>πίστει</span> <span class='ocrx_word' id='word_1_360' title='bbox 2724 2266 2945 2323; x_wconf 68' lang='grc' dir='ltr'>ἄπιστον</span> <span class='ocrx_word' id='word_1_361' title='bbox 3004 2268 3094 2323; x_wconf 79' lang='grc' dir='ltr'>καὶ</span> <span class='ocrx_word' id='word_1_362' title='bbox 3149 2265 3502 2343; x_wconf 71' lang='grc' dir='ltr'>ἀσύμϐλητον</span> <span class='ocrx_word' id='word_1_363' title='bbox 3561 2268 3857 2346; x_wconf 70' lang='grc' dir='ltr'>διαϐλέψαι</span> 
     </span>
    </p>
   </div>
   <div class='ocr_carea' id='block_1_55' title="bbox 2206 2355 3861 2437">
    <p class='ocr_par' dir='ltr' id='par_1_55' title="bbox 2206 2355 3861 2437">
     <span class='ocr_line' id='line_1_55' title="bbox 2206 2355 3861 2437; baseline 0.001 -24"><span class='ocrx_word' id='word_1_364' title='bbox 2206 2356 2467 2431; x_wconf 72' lang='grc' dir='ltr'>ἠθέλησε,</span> <span class='ocrx_word' id='word_1_365' title='bbox 2516 2362 2612 2413; x_wconf 79' lang='grc' dir='ltr'>τοῦ</span> <span class='ocrx_word' id='word_1_366' title='bbox 2679 2357 2857 2434; x_wconf 82' lang='grc' dir='ltr'>χρεὼν</span> <span class='ocrx_word' id='word_1_367' title='bbox 2922 2355 3312 2431; x_wconf 80' lang='grc' dir='ltr'>ἐμποδίζοντος</span> <span class='ocrx_word' id='word_1_368' title='bbox 3374 2364 3703 2437; x_wconf 77' lang='grc' dir='ltr'>πανταχοῦ,</span> <span class='ocrx_word' id='word_1_369' title='bbox 3764 2361 3861 2415; x_wconf 76' lang='grc' dir='ltr'>καὶ</span> 
     </span>
    </p>
   </div>
   <div class='ocr_carea' id='block_1_56' title="bbox 2210 2446 3862 2526">
    <p class='ocr_par' dir='ltr' id='par_1_56' title="bbox 2210 2446 3862 2526">
     <span class='ocr_line' id='line_1_56' title="bbox 2210 2446 3862 2526; baseline 0.001 -25"><span class='ocrx_word' id='word_1_370' title='bbox 2210 2446 2339 2521; x_wconf 80' lang='grc' dir='ltr'>μηδ’</span> <span class='ocrx_word' id='word_1_371' title='bbox 2394 2448 2539 2519; x_wconf 72' lang='grc' dir='ltr'>αῧτῷ</span> <span class='ocrx_word' id='word_1_372' title='bbox 2588 2448 2973 2522; x_wconf 72' lang='grc' dir='ltr'>παρεχομένου</span> <span class='ocrx_word' id='word_1_373' title='bbox 3030 2447 3375 2520; x_wconf 86' lang='grc' dir='ltr'>συναίσθησιν</span> <span class='ocrx_word' id='word_1_374' title='bbox 3436 2451 3572 2526; x_wconf 83' lang='grc' dir='ltr'>πρὸς</span> <span class='ocrx_word' id='word_1_375' title='bbox 3622 2448 3680 2505; x_wconf 78' lang='grc' dir='ltr'>ὅν</span> <span class='ocrx_word' id='word_1_376' title='bbox 3722 2450 3862 2503; x_wconf 82' lang='grc' dir='ltr'>ἄπο-</span> 
     </span>
    </p>
   </div>
   <div class='ocr_carea' id='block_1_57' title="bbox 2203 2532 3862 2612">
    <p class='ocr_par' dir='ltr' id='par_1_57' title="bbox 2203 2532 3862 2612">
     <span class='ocr_line' id='line_1_57' title="bbox 2203 2532 3862 2612; baseline 0.002 -21"><span class='ocrx_word' id='word_1_377' title='bbox 2203 2540 2462 2606; x_wconf 77' lang='grc' dir='ltr'>σκήπτειν</span> <span class='ocrx_word' id='word_1_378' title='bbox 2492 2532 2748 2609; x_wconf 81' lang='grc' dir='ltr'>ἔμελλον.</span> <span class='ocrx_word' id='word_1_379' title='bbox 2784 2536 2984 2611; x_wconf 76' lang='grc' dir='ltr'>Προῄει</span> <span class='ocrx_word' id='word_1_380' title='bbox 3016 2537 3195 2591; x_wconf 87' lang='grc' dir='ltr'>τοίνυν</span> <span class='ocrx_word' id='word_1_381' title='bbox 3230 2538 3258 2591; x_wconf 89' lang='lat'>6</span> <span class='ocrx_word' id='word_1_382' title='bbox 3293 2536 3571 2612; x_wconf 71' lang='grc' dir='ltr'>βασιλεὺς,</span> <span class='ocrx_word' id='word_1_383' title='bbox 3601 2540 3688 2612; x_wconf 83' lang='grc' dir='ltr'>[Ρ.</span> <span class='ocrx_word' id='word_1_384' title='bbox 3728 2540 3862 2609; x_wconf 79' lang='grc'>836]</span> 
     </span>
    </p>
   </div>
   <div class='ocr_carea' id='block_1_58' title="bbox 2201 2624 3865 2703">
    <p class='ocr_par' dir='ltr' id='par_1_58' title="bbox 2201 2624 3865 2703">
     <span class='ocr_line' id='line_1_58' title="bbox 2201 2624 3865 2703; baseline -0.001 -23"><span class='ocrx_word' id='word_1_385' title='bbox 2201 2626 2291 2681; x_wconf 84' lang='grc' dir='ltr'>καὶ</span> <span class='ocrx_word' id='word_1_386' title='bbox 2343 2632 2443 2694; x_wconf 79' lang='grc' dir='ltr'>τῆς</span> <span class='ocrx_word' id='word_1_387' title='bbox 2507 2626 2677 2697; x_wconf 82' lang='grc' dir='ltr'>Ἐῴας</span> <span class='ocrx_word' id='word_1_388' title='bbox 2731 2624 3064 2700; x_wconf 75' lang='grc' dir='ltr'>προσωτέρω</span> <span class='ocrx_word' id='word_1_389' title='bbox 3122 2628 3461 2703; x_wconf 72' lang='grc' dir='ltr'>προήρχετο,</span> <span class='ocrx_word' id='word_1_390' title='bbox 3505 2624 3612 2689; x_wconf 72' lang='grc' dir='ltr'>ἓως</span> <span class='ocrx_word' id='word_1_391' title='bbox 3650 2631 3719 2699; x_wconf 77' lang='grc' dir='ltr'>τῇ</span> <span class='ocrx_word' id='word_1_392' title='bbox 3750 2631 3865 2681; x_wconf 87' lang='grc' dir='ltr'>τῶν</span> 
     </span>
    </p>
   </div>
   <div class='ocr_carea' id='block_1_59' title="bbox 2202 2710 3860 2793">
    <p class='ocr_par' dir='ltr' id='par_1_59' title="bbox 2202 2710 3860 2793">
     <span class='ocr_line' id='line_1_59' title="bbox 2202 2710 3860 2793; baseline 0 -23"><span class='ocrx_word' id='word_1_393' title='bbox 2202 2713 2570 2770; x_wconf 79' lang='grc' dir='ltr'>Ἀνατολικῶν</span> <span class='ocrx_word' id='word_1_394' title='bbox 2634 2713 2870 2789; x_wconf 74' lang='grc' dir='ltr'>ἐπαρχίᾳ</span> <span class='ocrx_word' id='word_1_395' title='bbox 2920 2710 3245 2791; x_wconf 75' lang='grc' dir='ltr'>προσέϐαλε,</span> <span class='ocrx_word' id='word_1_396' title='bbox 3294 2713 3561 2793; x_wconf 76' lang='grc' dir='ltr'>φειδωλία</span> <span class='ocrx_word' id='word_1_397' title='bbox 3606 2715 3751 2792; x_wconf 85' lang='grc' dir='ltr'>παρᾶ</span> <span class='ocrx_word' id='word_1_398' title='bbox 3794 2717 3860 2770; x_wconf 84' lang='grc' dir='ltr'>τὸ</span> 
     </span>
    </p>
   </div>
   <div class='ocr_carea' id='block_1_60' title="bbox 2200 2801 3856 2878">
    <p class='ocr_par' dir='ltr' id='par_1_60' title="bbox 2200 2801 3856 2878">
     <span class='ocr_line' id='line_1_60' title="bbox 2200 2801 3856 2878; baseline 0.001 -20"><span class='ocrx_word' id='word_1_399' title='bbox 2200 2803 2341 2865; x_wconf 86' lang='grc' dir='ltr'>εἰκὸς</span> <span class='ocrx_word' id='word_1_400' title='bbox 2372 2804 2505 2877; x_wconf 88' lang='grc' dir='ltr'>πρὸς</span> <span class='ocrx_word' id='word_1_401' title='bbox 2548 2804 2748 2866; x_wconf 80' lang='grc' dir='ltr'>πάντας</span> <span class='ocrx_word' id='word_1_402' title='bbox 2778 2804 3162 2878; x_wconf 85' lang='grc' dir='ltr'>συνεχόμενος.</span> <span class='ocrx_word' id='word_1_403' title='bbox 3216 2805 3407 2867; x_wconf 79' lang='grc' dir='ltr'>Συνεῖς</span> <span class='ocrx_word' id='word_1_404' title='bbox 3451 2801 3527 2877; x_wconf 78' lang='grc' dir='ltr'>δὲ,</span> <span class='ocrx_word' id='word_1_405' title='bbox 3563 2804 3636 2866; x_wconf 88' lang='grc' dir='ltr'>ὡς</span> <span class='ocrx_word' id='word_1_406' title='bbox 3688 2803 3856 2876; x_wconf 74' lang='grc' dir='ltr'>ἔοικε,</span> 
     </span>
    </p>
   </div>
   <div class='ocr_carea' id='block_1_61' title="bbox 2199 2892 3861 2968">
    <p class='ocr_par' dir='ltr' id='par_1_61' title="bbox 2199 2892 3861 2968">
     <span class='ocr_line' id='line_1_61' title="bbox 2199 2892 3861 2968; baseline -0.001 -21"><span class='ocrx_word' id='word_1_407' title='bbox 2199 2893 2262 2947; x_wconf 82' lang='grc' dir='ltr'>τὸ</span> <span class='ocrx_word' id='word_1_408' title='bbox 2320 2892 2541 2967; x_wconf 70' lang='grc' dir='ltr'>συνεχὲς</span> <span class='ocrx_word' id='word_1_409' title='bbox 2596 2896 2702 2945; x_wconf 85' lang='grc' dir='ltr'>τῶν</span> <span class='ocrx_word' id='word_1_410' title='bbox 2756 2893 3162 2968; x_wconf 86' lang='grc' dir='ltr'>προγεγονότων</span> <span class='ocrx_word' id='word_1_411' title='bbox 3244 2892 3488 2965; x_wconf 80' lang='grc' dir='ltr'>σημείων</span> <span class='ocrx_word' id='word_1_412' title='bbox 3563 2892 3640 2954; x_wconf 84' lang='grc' dir='ltr'>εἷς</span> <span class='ocrx_word' id='word_1_413' title='bbox 3694 2892 3861 2947; x_wconf 74' lang='grc' dir='ltr'>αὖτὸν</span> 
     </span>
    </p>
   </div>
   <div class='ocr_carea' id='block_1_62' title="bbox 2201 2978 3857 3055">
    <p class='ocr_par' dir='ltr' id='par_1_62' title="bbox 2201 2978 3857 3055">
     <span class='ocr_line' id='line_1_62' title="bbox 2201 2978 3857 3055; baseline 0 -19"><span class='ocrx_word' id='word_1_414' title='bbox 2201 2982 2543 3055; x_wconf 78' lang='grc' dir='ltr'>ἀποσκῆψον,</span> <span class='ocrx_word' id='word_1_415' title='bbox 2595 2981 2694 3035; x_wconf 81' lang='grc' dir='ltr'>οὑκ</span> <span class='ocrx_word' id='word_1_416' title='bbox 2748 2979 2800 3034; x_wconf 85' lang='grc' dir='ltr'>ἐν</span> <span class='ocrx_word' id='word_1_417' title='bbox 2847 2984 3018 3055; x_wconf 78' lang='grc' dir='ltr'>σκηνῇ</span> <span class='ocrx_word' id='word_1_418' title='bbox 3069 2978 3197 3036; x_wconf 74' lang='grc' dir='ltr'>οὐδὲ</span> <span class='ocrx_word' id='word_1_419' title='bbox 3252 2980 3304 3036; x_wconf 84' lang='grc' dir='ltr'>ἐν</span> <span class='ocrx_word' id='word_1_420' title='bbox 3354 2979 3587 3051; x_wconf 80' lang='grc' dir='ltr'>πεδίοις,</span> <span class='ocrx_word' id='word_1_421' title='bbox 3622 2979 3749 3037; x_wconf 81' lang='grc' dir='ltr'>ἀλλ’</span> <span class='ocrx_word' id='word_1_422' title='bbox 3800 2979 3857 3036; x_wconf 77' lang='grc' dir='ltr'>ἓν</span> 
     </span>
    </p>
   </div>
   <div class='ocr_carea' id='block_1_63' title="bbox 2199 3067 3854 3145">
    <p class='ocr_par' dir='ltr' id='par_1_63' title="bbox 2199 3067 3854 3145">
     <span class='ocr_line' id='line_1_63' title="bbox 2199 3067 3854 3145; baseline 0.001 -20"><span class='ocrx_word' id='word_1_423' title='bbox 2199 3069 2470 3145; x_wconf 73' lang='grc' dir='ltr'>γηλόφοις</span> <span class='ocrx_word' id='word_1_424' title='bbox 2524 3069 2615 3124; x_wconf 86' lang='grc' dir='ltr'>καὶ</span> <span class='ocrx_word' id='word_1_425' title='bbox 2656 3067 2954 3143; x_wconf 81' lang='grc' dir='ltr'>δωματίοις</span> <span class='ocrx_word' id='word_1_426' title='bbox 3002 3068 3239 3125; x_wconf 83' lang='grc' dir='ltr'>ἐποιεῖτο</span> <span class='ocrx_word' id='word_1_427' title='bbox 3282 3071 3382 3139; x_wconf 74' lang='grc' dir='ltr'>τὴν</span> <span class='ocrx_word' id='word_1_428' title='bbox 3410 3072 3854 3140; x_wconf 73' lang='grc' dir='ltr'>κατασκήνωσιν.</span> 
     </span>
    </p>
   </div>
   <div class='ocr_carea' id='block_1_64' title="bbox 2197 3153 3854 3232">
    <p class='ocr_par' dir='ltr' id='par_1_64' title="bbox 2197 3153 3854 3232">
     <span class='ocr_line' id='line_1_64' title="bbox 2197 3153 3854 3232; baseline -0.001 -18"><span class='ocrx_word' id='word_1_429' title='bbox 2197 3160 2362 3224; x_wconf 80' lang='grc' dir='ltr'>Ἔνθα</span> <span class='ocrx_word' id='word_1_430' title='bbox 2410 3156 2476 3229; x_wconf 75' lang='grc' dir='ltr'>δή</span> <span class='ocrx_word' id='word_1_431' title='bbox 2516 3180 2567 3214; x_wconf 91' lang='grc' dir='ltr'>τι</span> <span class='ocrx_word' id='word_1_432' title='bbox 2617 3158 2705 3214; x_wconf 82' lang='grc' dir='ltr'>καὶ</span> <span class='ocrx_word' id='word_1_433' title='bbox 2758 3153 2955 3227; x_wconf 73' lang='grc' dir='ltr'>συνέϐη</span> <span class='ocrx_word' id='word_1_434' title='bbox 2990 3159 3090 3213; x_wconf 81' lang='grc' dir='ltr'>οὑκ</span> <span class='ocrx_word' id='word_1_435' title='bbox 3120 3155 3342 3215; x_wconf 75' lang='grc' dir='ltr'>ἔλαττον</span> <span class='ocrx_word' id='word_1_436' title='bbox 3396 3158 3471 3221; x_wconf 61' lang='grc' dir='ltr'>εἷς</span> <span class='ocrx_word' id='word_1_437' title='bbox 3501 3156 3854 3232; x_wconf 80' lang='grc' dir='ltr'>κακοδαιμο-</span> 
     </span>
    </p>
   </div>
   <div class='ocr_carea' id='block_1_65' title="bbox 2193 3246 3853 3323">
    <p class='ocr_par' dir='ltr' id='par_1_65' title="bbox 2193 3246 3853 3323">
     <span class='ocr_line' id='line_1_65' title="bbox 2193 3246 3853 3323; baseline 0 -21"><span class='ocrx_word' id='word_1_438' title='bbox 2193 3248 2308 3310; x_wconf 81' lang='grc' dir='ltr'>νίας</span> <span class='ocrx_word' id='word_1_439' title='bbox 2342 3247 2631 3320; x_wconf 85' lang='grc' dir='ltr'>οἰώνισμα·</span> <span class='ocrx_word' id='word_1_440' title='bbox 2684 3252 2789 3323; x_wconf 80' lang='grc' dir='ltr'>πῦρ</span> <span class='ocrx_word' id='word_1_441' title='bbox 2820 3249 2921 3323; x_wconf 79' lang='grc' dir='ltr'>γάρ</span> <span class='ocrx_word' id='word_1_442' title='bbox 2980 3259 3142 3311; x_wconf 87' lang='grc' dir='ltr'>ποθεν</span> <span class='ocrx_word' id='word_1_443' title='bbox 3190 3247 3408 3323; x_wconf 69' lang='grc' dir='ltr'>ένεχθῗεν</span> <span class='ocrx_word' id='word_1_444' title='bbox 3457 3248 3587 3310; x_wconf 78' lang='grc' dir='ltr'>τοὺς</span> <span class='ocrx_word' id='word_1_445' title='bbox 3637 3246 3853 3321; x_wconf 81' lang='grc' dir='ltr'>δόμους</span> 
     </span>
    </p>
   </div>
   <div class='ocr_carea' id='block_1_66' title="bbox 436 3308 2090 3416">
    <p class='ocr_par' dir='ltr' id='par_1_66' title="bbox 436 3308 2087 3416">
     <span class='ocr_line' id='line_1_66' title="bbox 436 3308 1541 3329; baseline -0.008 0"><span class='ocrx_word' id='word_1_446' title='bbox 436 3308 689 3329; x_wconf 54' lang='grc' dir='ltr'>,ψη-τι</span> <span class='ocrx_word' id='word_1_447' title='bbox 732 3308 756 3310; x_wconf 42' lang='grc' dir='ltr'>ν</span> <span class='ocrx_word' id='word_1_448' title='bbox 1105 3308 1119 3322; x_wconf 89' lang='grc'>.</span> <span class='ocrx_word' id='word_1_449' title='bbox 1210 3308 1226 3322; x_wconf 91' lang='grc'><em>.</em></span> <span class='ocrx_word' id='word_1_450' title='bbox 1522 3308 1541 3321; x_wconf 84' lang='lat'>.</span> 
     </span>
     <span class='ocr_line' id='line_1_67' title="bbox 436 3335 2087 3416; baseline -0.007 -15"><span class='ocrx_word' id='word_1_451' title='bbox 436 3345 699 3416; x_wconf 89' lang='lat' dir='ltr'>scripsit,</span> <span class='ocrx_word' id='word_1_452' title='bbox 745 3348 803 3398; x_wconf 87' lang='lat' dir='ltr'>et</span> <span class='ocrx_word' id='word_1_453' title='bbox 860 3346 1177 3395; x_wconf 55' lang='lat' dir='ltr'>Caesaream</span> <span class='ocrx_word' id='word_1_454' title='bbox 1239 3344 1688 3410; x_wconf 65' lang='lat' dir='ltr'>praetergressus</span> <span class='ocrx_word' id='word_1_455' title='bbox 1744 3337 1812 3392; x_wconf 88' lang='lat' dir='ltr'>ad</span> <span class='ocrx_word' id='word_1_456' title='bbox 1869 3335 2087 3390; x_wconf 81' lang='lat' dir='ltr'>fontem</span> 
     </span>
    </p>
   </div>
   <div class='ocr_carea' id='block_1_67' title="bbox 2203 3308 3864 3416">
    <p class='ocr_par' dir='ltr' id='par_1_67' title="bbox 2203 3308 3864 3412">
     <span class='ocr_line' id='line_1_68' title="bbox 2203 3308 3864 3412; baseline -0.001 -20"><span class='ocrx_word' id='word_1_457' title='bbox 2203 3336 2251 3392; x_wconf 79' lang='grc' dir='ltr'>ἐν</span> <span class='ocrx_word' id='word_1_458' title='bbox 2301 3340 2383 3399; x_wconf 78' lang='grc' dir='ltr'>οἷς</span> <span class='ocrx_word' id='word_1_459' title='bbox 2442 3338 2470 3391; x_wconf 90' lang='lat'>6</span> <span class='ocrx_word' id='word_1_460' title='bbox 2528 3336 2783 3412; x_wconf 75' lang='grc' dir='ltr'>βασιλεὺς</span> <span class='ocrx_word' id='word_1_461' title='bbox 2834 3336 3111 3408; x_wconf 76' lang='grc' dir='ltr'>ἐσκήνωτο</span> <span class='ocrx_word' id='word_1_462' title='bbox 3168 3308 3594 3411; x_wconf 66' lang='grc' dir='ltr'>κατενεμήσατο,</span> <span class='ocrx_word' id='word_1_463' title='bbox 3656 3308 3719 3391; x_wconf 42' lang='grc' dir='ltr'>ἐν,</span> <span class='ocrx_word' id='word_1_464' title='bbox 3774 3340 3864 3398; x_wconf 78' lang='grc' dir='ltr'>οἷς</span> 
     </span>
    </p>
   </div>
   <div class='ocr_carea' id='block_1_68' title="bbox 436 3424 2090 3504">
    <p class='ocr_par' dir='ltr' id='par_1_68' title="bbox 436 3424 2090 3504">
     <span class='ocr_line' id='line_1_69' title="bbox 436 3424 2090 3504; baseline -0.007 -16"><span class='ocrx_word' id='word_1_465' title='bbox 436 3433 678 3488; x_wconf 86' lang='lat' dir='ltr'>nomine</span> <span class='ocrx_word' id='word_1_466' title='bbox 709 3432 914 3504; x_wconf 81' lang='lat' dir='ltr'>Cryam</span> <span class='ocrx_word' id='word_1_467' title='bbox 949 3428 1235 3500; x_wconf 89' lang='lat' dir='ltr'>pervenit,</span> <span class='ocrx_word' id='word_1_468' title='bbox 1270 3427 1369 3498; x_wconf 91' lang='lat' dir='ltr'>qui</span> <span class='ocrx_word' id='word_1_469' title='bbox 1400 3426 1634 3497; x_wconf 91' lang='lat' dir='ltr'>quidem</span> <span class='ocrx_word' id='word_1_470' title='bbox 1686 3425 1849 3480; x_wconf 90' lang='lat' dir='ltr'>locus</span> <span class='ocrx_word' id='word_1_471' title='bbox 1891 3424 1961 3479; x_wconf 91' lang='lat' dir='ltr'>ad</span> <span class='ocrx_word' id='word_1_472' title='bbox 1994 3440 2090 3478; x_wconf 82' lang='lat' dir='ltr'>ex-</span> 
     </span>
    </p>
   </div>
   <div class='ocr_carea' id='block_1_69' title="bbox 433 3516 2089 3594">
    <p class='ocr_par' dir='ltr' id='par_1_69' title="bbox 433 3516 2089 3594">
     <span class='ocr_line' id='line_1_70' title="bbox 433 3516 2089 3594; baseline -0.004 -16"><span class='ocrx_word' id='word_1_473' title='bbox 433 3521 771 3594; x_wconf 90' lang='lat' dir='ltr'>cipiendum</span> <span class='ocrx_word' id='word_1_474' title='bbox 802 3519 1122 3576; x_wconf 83' lang='lat' dir='ltr'>exercitum</span> <span class='ocrx_word' id='word_1_475' title='bbox 1153 3518 1400 3573; x_wconf 89' lang='lat' dir='ltr'>idoneus</span> <span class='ocrx_word' id='word_1_476' title='bbox 1421 3520 1564 3585; x_wconf 88' lang='lat' dir='ltr'>erat,</span> <span class='ocrx_word' id='word_1_477' title='bbox 1597 3516 1873 3572; x_wconf 87' lang='lat' dir='ltr'>omnibus</span> <span class='ocrx_word' id='word_1_478' title='bbox 1900 3519 2089 3573; x_wconf 88' lang='lat' dir='ltr'>abun-</span> 
     </span>
    </p>
   </div>
   <div class='ocr_carea' id='block_1_70' title="bbox 433 3606 2091 3682">
    <p class='ocr_par' dir='ltr' id='par_1_70' title="bbox 433 3606 2091 3682">
     <span class='ocr_line' id='line_1_71' title="bbox 433 3606 2091 3682; baseline -0.002 -16"><span class='ocrx_word' id='word_1_479' title='bbox 433 3612 582 3666; x_wconf 90' lang='lat' dir='ltr'>dans</span> <span class='ocrx_word' id='word_1_480' title='bbox 613 3626 740 3682; x_wconf 65' lang='lat' dir='ltr'>quaa</span> <span class='ocrx_word' id='word_1_481' title='bbox 772 3608 904 3663; x_wconf 92' lang='lat' dir='ltr'>usui</span> <span class='ocrx_word' id='word_1_482' title='bbox 937 3611 1157 3674; x_wconf 85' lang='lat' dir='ltr'>essent,</span> <span class='ocrx_word' id='word_1_483' title='bbox 1188 3606 1498 3677; x_wconf 88' lang='lat' dir='ltr'>oppidanis</span> <span class='ocrx_word' id='word_1_484' title='bbox 1549 3610 1607 3660; x_wconf 89' lang='lat' dir='ltr'>et</span> <span class='ocrx_word' id='word_1_485' title='bbox 1654 3606 1920 3677; x_wconf 86' lang='lat' dir='ltr'>paganis,</span> <span class='ocrx_word' id='word_1_486' title='bbox 1954 3606 2091 3677; x_wconf 92' lang='lat' dir='ltr'>quia</span> 
     </span>
    </p>
   </div>
   <div class='ocr_carea' id='block_1_71' title="bbox 436 3695 2087 3771">
    <p class='ocr_par' dir='ltr' id='par_1_71' title="bbox 436 3695 2087 3771">
     <span class='ocr_line' id='line_1_72' title="bbox 436 3695 2087 3771; baseline -0.002 -17"><span class='ocrx_word' id='word_1_487' title='bbox 436 3699 774 3771; x_wconf 82' lang='lat' dir='ltr'>frequenter</span> <span class='ocrx_word' id='word_1_488' title='bbox 822 3713 888 3751; x_wconf 90' lang='lat' dir='ltr'>eo</span> <span class='ocrx_word' id='word_1_489' title='bbox 922 3695 1304 3764; x_wconf 85' lang='lat' dir='ltr'>ventitabant,</span> <span class='ocrx_word' id='word_1_490' title='bbox 1337 3699 1531 3749; x_wconf 90' lang='lat' dir='ltr'>notus.</span> <span class='ocrx_word' id='word_1_491' title='bbox 1586 3697 1728 3748; x_wconf 90' lang='lat' dir='ltr'>Cum</span> <span class='ocrx_word' id='word_1_492' title='bbox 1760 3698 1955 3749; x_wconf 89' lang='lat' dir='ltr'>autem</span> <span class='ocrx_word' id='word_1_493' title='bbox 1996 3711 2087 3750; x_wconf 89' lang='lat' dir='ltr'>ve-</span> 
     </span>
    </p>
   </div>
   <div class='ocr_carea' id='block_1_72' title="bbox 434 3781 2088 3857">
    <p class='ocr_par' dir='ltr' id='par_1_72' title="bbox 434 3781 2088 3857">
     <span class='ocr_line' id='line_1_73' title="bbox 434 3781 2088 3857; baseline -0.003 -14"><span class='ocrx_word' id='word_1_494' title='bbox 434 3794 673 3843; x_wconf 86' lang='lat' dir='ltr'>xaretur</span> <span class='ocrx_word' id='word_1_495' title='bbox 723 3786 883 3857; x_wconf 87' lang='lat' dir='ltr'>regio</span> <span class='ocrx_word' id='word_1_496' title='bbox 917 3790 974 3840; x_wconf 90' lang='lat' dir='ltr'>et</span> <span class='ocrx_word' id='word_1_497' title='bbox 1001 3802 1033 3839; x_wconf 88' lang='lat' dir='ltr'>a</span> <span class='ocrx_word' id='word_1_498' title='bbox 1068 3782 1356 3839; x_wconf 89' lang='lat' dir='ltr'>militibus</span> <span class='ocrx_word' id='word_1_499' title='bbox 1408 3782 1794 3848; x_wconf 87' lang='lat' dir='ltr'>desolaretur,</span> <span class='ocrx_word' id='word_1_500' title='bbox 1826 3781 2088 3838; x_wconf 79' lang='lat' dir='ltr'>infestio-</span> 
     </span>
    </p>
   </div>
   <div class='ocr_carea' id='block_1_73' title="bbox 432 3870 2090 3947">
    <p class='ocr_par' dir='ltr' id='par_1_73' title="bbox 432 3870 2090 3947">
     <span class='ocr_line' id='line_1_74' title="bbox 432 3870 2090 3947; baseline -0.004 -15"><span class='ocrx_word' id='word_1_501' title='bbox 432 3894 553 3932; x_wconf 93' lang='lat' dir='ltr'>rem</span> <span class='ocrx_word' id='word_1_502' title='bbox 609 3893 670 3931; x_wconf 90' lang='lat' dir='ltr'>se</span> <span class='ocrx_word' id='word_1_503' title='bbox 716 3875 965 3947; x_wconf 67' lang='lat' dir='ltr'>praebuit</span> <span class='ocrx_word' id='word_1_504' title='bbox 1012 3873 1366 3945; x_wconf 88' lang='lat' dir='ltr'>quibusdam</span> <span class='ocrx_word' id='word_1_505' title='bbox 1422 3889 1491 3927; x_wconf 85' lang='lat' dir='ltr'>ex</span> <span class='ocrx_word' id='word_1_506' title='bbox 1535 3870 1756 3942; x_wconf 88' lang='lat' dir='ltr'>legione</span> <span class='ocrx_word' id='word_1_507' title='bbox 1804 3872 2090 3929; x_wconf 82' lang='lat' dir='ltr'>Nemitzo-</span> 
     </span>
    </p>
   </div>
   <div class='ocr_carea' id='block_1_74' title="bbox 432 3959 2090 4035">
    <p class='ocr_par' dir='ltr' id='par_1_74' title="bbox 432 3959 2090 4035">
     <span class='ocr_line' id='line_1_75' title="bbox 432 3959 2090 4035; baseline -0.003 -14"><span class='ocrx_word' id='word_1_508' title='bbox 432 3982 585 4031; x_wconf 89' lang='lat' dir='ltr'>rum,</span> <span class='ocrx_word' id='word_1_509' title='bbox 645 3965 747 4035; x_wconf 92' lang='lat' dir='ltr'>qui</span> <span class='ocrx_word' id='word_1_510' title='bbox 804 3961 1143 4035; x_wconf 89' lang='lat' dir='ltr'>reprehensi</span> <span class='ocrx_word' id='word_1_511' title='bbox 1205 3964 1262 4016; x_wconf 92' lang='lat' dir='ltr'>et</span> <span class='ocrx_word' id='word_1_512' title='bbox 1318 3960 1437 4016; x_wconf 80' lang='lat' dir='ltr'>laesi</span> <span class='ocrx_word' id='word_1_513' title='bbox 1497 3959 1803 4015; x_wconf 90' lang='lat' dir='ltr'>rebellant.</span> <span class='ocrx_word' id='word_1_514' title='bbox 1853 3965 1971 4016; x_wconf 86' lang='lat' dir='ltr'>Hac</span> <span class='ocrx_word' id='word_1_515' title='bbox 2029 3977 2090 4016; x_wconf 93' lang='lat' dir='ltr'>re</span> 
     </span>
    </p>
   </div>
   <div class='ocr_carea' id='block_1_75' title="bbox 434 4050 2092 4125">
    <p class='ocr_par' dir='ltr' id='par_1_75' title="bbox 434 4050 2092 4125">
     <span class='ocr_line' id='line_1_76' title="bbox 434 4050 2092 4125; baseline -0.003 -16"><span class='ocrx_word' id='word_1_516' title='bbox 434 4055 689 4125; x_wconf 86' lang='lat' dir='ltr'>cognita,</span> <span class='ocrx_word' id='word_1_517' title='bbox 733 4068 866 4106; x_wconf 89' lang='lat' dir='ltr'>cum</span> <span class='ocrx_word' id='word_1_518' title='bbox 916 4067 1133 4122; x_wconf 91' lang='lat' dir='ltr'>equum</span> <span class='ocrx_word' id='word_1_519' title='bbox 1187 4050 1626 4105; x_wconf 88' lang='lat' dir='ltr'>conscendisset</span> <span class='ocrx_word' id='word_1_520' title='bbox 1674 4050 1989 4120; x_wconf 82' lang='lat' dir='ltr'>imperator</span> <span class='ocrx_word' id='word_1_521' title='bbox 2035 4053 2092 4105; x_wconf 86' lang='lat' dir='ltr'>et</span> 
     </span>
    </p>
   </div>
   <div class='ocr_carea' id='block_1_76' title="bbox 434 4137 2091 4210">
    <p class='ocr_par' dir='ltr' id='par_1_76' title="bbox 434 4137 2091 4210">
     <span class='ocr_line' id='line_1_77' title="bbox 434 4137 2091 4210; baseline -0.004 -12"><span class='ocrx_word' id='word_1_522' title='bbox 434 4142 649 4198; x_wconf 89' lang='lat' dir='ltr'>milites</span> <span class='ocrx_word' id='word_1_523' title='bbox 704 4143 1101 4205; x_wconf 86' lang='lat' dir='ltr'>convocasset,</span> <span class='ocrx_word' id='word_1_524' title='bbox 1161 4139 1432 4210; x_wconf 89' lang='lat' dir='ltr'>proprios</span> <span class='ocrx_word' id='word_1_525' title='bbox 1490 4137 1755 4210; x_wconf 89' lang='lat' dir='ltr'>hospites</span> <span class='ocrx_word' id='word_1_526' title='bbox 1805 4139 2091 4194; x_wconf 89' lang='lat' dir='ltr'>deterruit</span> 
     </span>
    </p>
   </div>
   <div class='ocr_carea' id='block_1_77' title="bbox 430 4226 2090 4301">
    <p class='ocr_par' dir='ltr' id='par_1_77' title="bbox 430 4226 2090 4301">
     <span class='ocr_line' id='line_1_78' title="bbox 430 4226 2090 4301; baseline -0.003 -15"><span class='ocrx_word' id='word_1_527' title='bbox 430 4247 757 4301; x_wconf 90' lang='lat' dir='ltr'>rursusque</span> <span class='ocrx_word' id='word_1_528' title='bbox 806 4227 1105 4298; x_wconf 90' lang='lat' dir='ltr'>impositis</span> <span class='ocrx_word' id='word_1_529' title='bbox 1147 4226 1584 4282; x_wconf 89' lang='lat' dir='ltr'>conditionibus</span> <span class='ocrx_word' id='word_1_530' title='bbox 1616 4226 1702 4281; x_wconf 90' lang='lat' dir='ltr'>vel</span> <span class='ocrx_word' id='word_1_531' title='bbox 1736 4228 1947 4282; x_wconf 87' lang='lat' dir='ltr'>invitos</span> <span class='ocrx_word' id='word_1_532' title='bbox 1977 4227 2090 4283; x_wconf 91' lang='lat' dir='ltr'>sibi</span> 
     </span>
    </p>
   </div>
   <div class='ocr_carea' id='block_1_78' title="bbox 438 4315 2091 4391">
    <p class='ocr_par' dir='ltr' id='par_1_78' title="bbox 438 4315 2091 4391">
     <span class='ocr_line' id='line_1_79' title="bbox 438 4315 2091 4391; baseline -0.002 -17"><span class='ocrx_word' id='word_1_533' title='bbox 438 4320 677 4391; x_wconf 86' lang='lat' dir='ltr'>subegit</span> <span class='ocrx_word' id='word_1_534' title='bbox 731 4318 885 4373; x_wconf 87' lang='lat' dir='ltr'>hanc</span> <span class='ocrx_word' id='word_1_535' title='bbox 934 4332 1110 4371; x_wconf 91' lang='lat' dir='ltr'>unam</span> <span class='ocrx_word' id='word_1_536' title='bbox 1165 4332 1396 4388; x_wconf 68' lang='lat' dir='ltr'>poenam</span> <span class='ocrx_word' id='word_1_537' title='bbox 1448 4315 1755 4383; x_wconf 80' lang='lat' dir='ltr'>deﬁniens,</span> <span class='ocrx_word' id='word_1_538' title='bbox 1798 4321 1861 4371; x_wconf 91' lang='lat' dir='ltr'>ut</span> <span class='ocrx_word' id='word_1_539' title='bbox 1906 4316 1965 4371; x_wconf 91' lang='lat' dir='ltr'>in</span> <span class='ocrx_word' id='word_1_540' title='bbox 1994 4333 2091 4371; x_wconf 75' lang='lat' dir='ltr'>cx-</span> 
     </span>
    </p>
   </div>
   <div class='ocr_carea' id='block_1_79' title="bbox 436 4404 2092 4478">
    <p class='ocr_par' dir='ltr' id='par_1_79' title="bbox 436 4404 2092 4478">
     <span class='ocr_line' id='line_1_80' title="bbox 436 4404 2092 4478; baseline -0.001 -15"><span class='ocrx_word' id='word_1_541' title='bbox 436 4415 625 4464; x_wconf 89' lang='lat' dir='ltr'>trema</span> <span class='ocrx_word' id='word_1_542' title='bbox 678 4412 841 4478; x_wconf 83' lang='lat' dir='ltr'>parte</span> <span class='ocrx_word' id='word_1_543' title='bbox 901 4404 1189 4461; x_wconf 83' lang='lat' dir='ltr'>exercitus</span> <span class='ocrx_word' id='word_1_544' title='bbox 1247 4408 1620 4475; x_wconf 89' lang='lat' dir='ltr'>ponerentur,</span> <span class='ocrx_word' id='word_1_545' title='bbox 1654 4404 1754 4476; x_wconf 89' lang='lat' dir='ltr'>qui</span> <span class='ocrx_word' id='word_1_546' title='bbox 1811 4412 1978 4461; x_wconf 84' lang='lat' dir='ltr'>erant</span> <span class='ocrx_word' id='word_1_547' title='bbox 2032 4406 2092 4461; x_wconf 90' lang='lat' dir='ltr'>in</span> 
     </span>
    </p>
   </div>
   <div class='ocr_carea' id='block_1_80' title="bbox 438 4494 2091 4570">
    <p class='ocr_par' dir='ltr' id='par_1_80' title="bbox 438 4494 2091 4570">
     <span class='ocr_line' id='line_1_81' title="bbox 438 4494 2091 4570; baseline -0.001 -18"><span class='ocrx_word' id='word_1_548' title='bbox 438 4498 631 4570; x_wconf 91' lang='lat' dir='ltr'>prima</span> <span class='ocrx_word' id='word_1_549' title='bbox 686 4501 742 4551; x_wconf 91' lang='lat' dir='ltr'>et</span> <span class='ocrx_word' id='word_1_550' title='bbox 798 4494 1048 4568; x_wconf 87' lang='lat' dir='ltr'>proximi</span> <span class='ocrx_word' id='word_1_551' title='bbox 1107 4494 1367 4565; x_wconf 90' lang='lat' dir='ltr'>corporis</span> <span class='ocrx_word' id='word_1_552' title='bbox 1443 4494 1733 4549; x_wconf 90' lang='lat' dir='ltr'>custodes.</span> <span class='ocrx_word' id='word_1_553' title='bbox 1796 4494 1961 4550; x_wconf 91' lang='lat' dir='ltr'>Illinc</span> <span class='ocrx_word' id='word_1_554' title='bbox 2019 4496 2091 4551; x_wconf 90' lang='lat' dir='ltr'>ad</span> 
     </span>
    </p>
   </div>
   <div class='ocr_carea' id='block_1_81' title="bbox 428 4581 2089 4655">
    <p class='ocr_par' dir='ltr' id='par_1_81' title="bbox 428 4581 2089 4655">
     <span class='ocr_line' id='line_1_82' title="bbox 428 4581 2089 4655; baseline 0 -16"><span class='ocrx_word' id='word_1_555' title='bbox 428 4583 759 4640; x_wconf 87' lang='lat' dir='ltr'>Sebastiam</span> <span class='ocrx_word' id='word_1_556' title='bbox 819 4581 1240 4655; x_wconf 84' lang='lat' dir='ltr'>proﬁciscitur,</span> <span class='ocrx_word' id='word_1_557' title='bbox 1300 4581 1660 4637; x_wconf 87' lang='lat' dir='ltr'>contendens</span> <span class='ocrx_word' id='word_1_558' title='bbox 1716 4582 1774 4637; x_wconf 93' lang='lat' dir='ltr'>in</span> <span class='ocrx_word' id='word_1_559' title='bbox 1844 4582 2089 4640; x_wconf 89' lang='lat' dir='ltr'>Iberiam</span> 
     </span>
    </p>
   </div>
   <div class='ocr_carea' id='block_1_82' title="bbox 2198 3423 3863 3504">
    <p class='ocr_par' dir='ltr' id='par_1_82' title="bbox 2198 3423 3863 3504">
     <span class='ocr_line' id='line_1_83' title="bbox 2198 3423 3863 3504; baseline 0.001 -24"><span class='ocrx_word' id='word_1_560' title='bbox 2198 3424 2698 3500; x_wconf 78' lang='grc' dir='ltr'>συγκατεκαύθησαν</span> <span class='ocrx_word' id='word_1_561' title='bbox 2746 3423 2908 3480; x_wconf 71' lang='grc' dir='ltr'>’ίπποι</span> <span class='ocrx_word' id='word_1_562' title='bbox 2955 3446 3015 3480; x_wconf 86' lang='grc' dir='ltr'>τε</span> <span class='ocrx_word' id='word_1_563' title='bbox 3072 3426 3162 3480; x_wconf 85' lang='grc' dir='ltr'>καὶ</span> <span class='ocrx_word' id='word_1_564' title='bbox 3213 3424 3517 3504; x_wconf 76' lang='grc' dir='ltr'>ἒφεστρίδες</span> <span class='ocrx_word' id='word_1_565' title='bbox 3570 3425 3863 3502; x_wconf 68' lang='grc' dir='ltr'>βασιλικαὶ</span> 
     </span>
    </p>
   </div>
   <div class='ocr_carea' id='block_1_83' title="bbox 2197 3511 3860 3591">
    <p class='ocr_par' dir='ltr' id='par_1_83' title="bbox 2197 3511 3860 3591">
     <span class='ocr_line' id='line_1_84' title="bbox 2197 3511 3860 3591; baseline -0.001 -21"><span class='ocrx_word' id='word_1_566' title='bbox 2197 3514 2288 3570; x_wconf 79' lang='grc' dir='ltr'>καὶ</span> <span class='ocrx_word' id='word_1_567' title='bbox 2345 3512 2552 3589; x_wconf 83' lang='grc' dir='ltr'>χαλινᾶ</span> <span class='ocrx_word' id='word_1_568' title='bbox 2601 3516 2715 3587; x_wconf 80' lang='grc'>(21)</span> <span class='ocrx_word' id='word_1_569' title='bbox 2770 3517 2877 3569; x_wconf 85' lang='grc' dir='ltr'>τῶν</span> <span class='ocrx_word' id='word_1_570' title='bbox 2938 3511 3125 3569; x_wconf 76' lang='grc' dir='ltr'>ἄλλων</span> <span class='ocrx_word' id='word_1_571' title='bbox 3185 3513 3329 3570; x_wconf 80' lang='grc' dir='ltr'>πολῦ</span> <span class='ocrx_word' id='word_1_572' title='bbox 3378 3512 3732 3591; x_wconf 73' lang='grc' dir='ltr'>διαφέροντα,</span> <span class='ocrx_word' id='word_1_573' title='bbox 3764 3515 3860 3570; x_wconf 77' lang='grc' dir='ltr'>καὶ</span> 
     </span>
    </p>
   </div>
   <div class='ocr_carea' id='block_1_84' title="bbox 2196 3600 3859 3680">
    <p class='ocr_par' dir='ltr' id='par_1_84' title="bbox 2196 3600 3859 3680">
     <span class='ocr_line' id='line_1_85' title="bbox 2196 3600 3859 3680; baseline -0.001 -21"><span class='ocrx_word' id='word_1_574' title='bbox 2196 3605 2292 3659; x_wconf 72' lang='grc' dir='ltr'>τού</span> <span class='ocrx_word' id='word_1_575' title='bbox 2322 3604 2493 3680; x_wconf 87' lang='grc' dir='ltr'>πυρὸς</span> <span class='ocrx_word' id='word_1_576' title='bbox 2544 3601 2735 3658; x_wconf 86' lang='grc' dir='ltr'>διόλου</span> <span class='ocrx_word' id='word_1_577' title='bbox 2783 3602 3029 3679; x_wconf 87' lang='grc' dir='ltr'>γεγόνασι</span> <span class='ocrx_word' id='word_1_578' title='bbox 3080 3601 3478 3679; x_wconf 85' lang='grc' dir='ltr'>παρανάλωμα.</span> <span class='ocrx_word' id='word_1_579' title='bbox 3512 3604 3580 3661; x_wconf 82' lang='lat' dir='ltr'>Oi</span> <span class='ocrx_word' id='word_1_580' title='bbox 3612 3600 3658 3657; x_wconf 75' lang='grc' dir='ltr'>δ’</span> <span class='ocrx_word' id='word_1_581' title='bbox 3684 3601 3859 3659; x_wconf 82' lang='grc' dir='ltr'>’ίπποι</span> 
     </span>
    </p>
   </div>
   <div class='ocr_carea' id='block_1_85' title="bbox 2198 3690 3858 3770">
    <p class='ocr_par' dir='ltr' id='par_1_85' title="bbox 2198 3690 3858 3770">
     <span class='ocr_line' id='line_1_86' title="bbox 2198 3690 3858 3770; baseline 0 -24"><span class='ocrx_word' id='word_1_582' title='bbox 2198 3693 2530 3770; x_wconf 73' lang='grc' dir='ltr'>ἡμίφλεκτοι</span> <span class='ocrx_word' id='word_1_583' title='bbox 2600 3693 2973 3768; x_wconf 85' lang='grc' dir='ltr'>καθορώμενοι</span> <span class='ocrx_word' id='word_1_584' title='bbox 3052 3697 3131 3765; x_wconf 78' lang='grc' dir='ltr'>τῷ</span> <span class='ocrx_word' id='word_1_585' title='bbox 3205 3690 3553 3768; x_wconf 83' lang='grc' dir='ltr'>στρατοπέδῳ</span> <span class='ocrx_word' id='word_1_586' title='bbox 3611 3691 3858 3747; x_wconf 81' lang='grc' dir='ltr'>ἱλεεινὸν</span> 
     </span>
    </p>
   </div>
   <div class='ocr_carea' id='block_1_86' title="bbox 2199 3778 3858 3857">
    <p class='ocr_par' dir='ltr' id='par_1_86' title="bbox 2199 3778 3858 3857">
     <span class='ocr_line' id='line_1_87' title="bbox 2199 3778 3858 3857; baseline -0.001 -20"><span class='ocrx_word' id='word_1_587' title='bbox 2199 3780 2536 3857; x_wconf 73' lang='grc' dir='ltr'>διεφαίνοντο</span> <span class='ocrx_word' id='word_1_588' title='bbox 2595 3780 2787 3854; x_wconf 79' lang='grc' dir='ltr'>θέαμα.</span> <span class='ocrx_word' id='word_1_589' title='bbox 2850 3781 2958 3837; x_wconf 88' lang='grc' dir='ltr'>Τὸν</span> <span class='ocrx_word' id='word_1_590' title='bbox 3019 3778 3076 3836; x_wconf 72' lang='grc' dir='ltr'>δὲ</span> <span class='ocrx_word' id='word_1_591' title='bbox 3135 3782 3440 3857; x_wconf 82' lang='grc' dir='ltr'>Σαγγάριον</span> <span class='ocrx_word' id='word_1_592' title='bbox 3511 3778 3858 3856; x_wconf 80' lang='grc' dir='ltr'>διαπεραιω-</span> 
     </span>
    </p>
   </div>
   <div class='ocr_carea' id='block_1_87' title="bbox 2199 3868 3856 3947">
    <p class='ocr_par' dir='ltr' id='par_1_87' title="bbox 2199 3868 3856 3947">
     <span class='ocr_line' id='line_1_88' title="bbox 2199 3868 3856 3947; baseline -0.001 -21"><span class='ocrx_word' id='word_1_593' title='bbox 2199 3872 2327 3943; x_wconf 76' lang='grc' dir='ltr'>θεὶς,</span> <span class='ocrx_word' id='word_1_594' title='bbox 2381 3872 2508 3947; x_wconf 83' lang='grc' dir='ltr'>παρ’</span> <span class='ocrx_word' id='word_1_595' title='bbox 2558 3872 2602 3944; x_wconf 83' lang='grc' dir='ltr'>ᾧ</span> <span class='ocrx_word' id='word_1_596' title='bbox 2631 3875 2797 3926; x_wconf 72' lang='grc' dir='ltr'>ταῦτα</span> <span class='ocrx_word' id='word_1_597' title='bbox 2847 3871 3056 3945; x_wconf 79' lang='grc' dir='ltr'>γέγονε,</span> <span class='ocrx_word' id='word_1_598' title='bbox 3089 3868 3177 3925; x_wconf 75' lang='grc' dir='ltr'>διὰ</span> <span class='ocrx_word' id='word_1_599' title='bbox 3219 3877 3319 3940; x_wconf 80' lang='grc' dir='ltr'>τῆς</span> <span class='ocrx_word' id='word_1_600' title='bbox 3353 3871 3576 3944; x_wconf 86' lang='grc' dir='ltr'>Ζόμπου</span> <span class='ocrx_word' id='word_1_601' title='bbox 3608 3868 3856 3945; x_wconf 74' lang='grc' dir='ltr'>λεγομὲ-</span> 
     </span>
    </p>
   </div>
   <div class='ocr_carea' id='block_1_88' title="bbox 2195 3957 3856 4037">
    <p class='ocr_par' dir='ltr' id='par_1_88' title="bbox 2195 3957 3856 4037">
     <span class='ocr_line' id='line_1_89' title="bbox 2195 3957 3856 4037; baseline -0.001 -21"><span class='ocrx_word' id='word_1_602' title='bbox 2195 3982 2294 4031; x_wconf 89' lang='grc' dir='ltr'>νης</span> <span class='ocrx_word' id='word_1_603' title='bbox 2351 3961 2589 4037; x_wconf 80' lang='grc' dir='ltr'>γεφύρας</span> <span class='ocrx_word' id='word_1_604' title='bbox 2648 3962 2764 4031; x_wconf 78' lang='lat'>(22)</span> <span class='ocrx_word' id='word_1_605' title='bbox 2818 3959 2911 4019; x_wconf 77' lang='grc' dir='ltr'>τὰς</span> <span class='ocrx_word' id='word_1_606' title='bbox 2986 3959 3188 4021; x_wconf 83' lang='grc' dir='ltr'>οἰκείας</span> <span class='ocrx_word' id='word_1_607' title='bbox 3270 3957 3522 4032; x_wconf 84' lang='grc' dir='ltr'>δυνάμεις</span> <span class='ocrx_word' id='word_1_608' title='bbox 3577 3959 3856 4031; x_wconf 82' lang='grc' dir='ltr'>ἀθροίζειν</span> 
     </span>
    </p>
   </div>
   <div class='ocr_carea' id='block_1_89' title="bbox 2197 4042 3856 4123">
    <p class='ocr_par' dir='ltr' id='par_1_89' title="bbox 2197 4042 3856 4123">
     <span class='ocr_line' id='line_1_90' title="bbox 2197 4042 3856 4123; baseline -0.002 -18"><span class='ocrx_word' id='word_1_609' title='bbox 2197 4050 2417 4123; x_wconf 77' lang='grc' dir='ltr'>ἤρξατο,</span> <span class='ocrx_word' id='word_1_610' title='bbox 2476 4047 2855 4111; x_wconf 81' lang='grc' dir='ltr'>σκεδασθείσας</span> <span class='ocrx_word' id='word_1_611' title='bbox 2909 4045 2998 4102; x_wconf 80' lang='grc' dir='ltr'>διὰ</span> <span class='ocrx_word' id='word_1_612' title='bbox 3051 4050 3149 4118; x_wconf 72' lang='grc' dir='ltr'>τὴν</span> <span class='ocrx_word' id='word_1_613' title='bbox 3212 4053 3319 4103; x_wconf 90' lang='grc' dir='ltr'>τῶν</span> <span class='ocrx_word' id='word_1_614' title='bbox 3370 4042 3666 4122; x_wconf 74' lang='grc' dir='ltr'>Βαρϐάρων</span> <span class='ocrx_word' id='word_1_615' title='bbox 3726 4046 3856 4102; x_wconf 78' lang='grc' dir='ltr'>ἐπί-</span> 
     </span>
    </p>
   </div>
   <div class='ocr_carea' id='block_1_90' title="bbox 2198 4131 3855 4208">
    <p class='ocr_par' dir='ltr' id='par_1_90' title="bbox 2198 4131 3855 4208">
     <span class='ocr_line' id='line_1_91' title="bbox 2198 4131 3855 4208; baseline -0.001 -16"><span class='ocrx_word' id='word_1_616' title='bbox 2198 4140 2358 4194; x_wconf 77' lang='grc' dir='ltr'>θεσιν.</span> <span class='ocrx_word' id='word_1_617' title='bbox 2412 4136 2714 4208; x_wconf 81' lang='grc' dir='ltr'>Καταλέξας</span> <span class='ocrx_word' id='word_1_618' title='bbox 2765 4134 2812 4190; x_wconf 84' lang='grc' dir='ltr'>δ’</span> <span class='ocrx_word' id='word_1_619' title='bbox 2866 4135 2956 4190; x_wconf 79' lang='grc' dir='ltr'>οὖν</span> <span class='ocrx_word' id='word_1_620' title='bbox 3009 4136 3068 4190; x_wconf 79' lang='grc' dir='ltr'>ἐκ</span> <span class='ocrx_word' id='word_1_621' title='bbox 3118 4137 3325 4191; x_wconf 87' lang='grc' dir='ltr'>τούτων</span> <span class='ocrx_word' id='word_1_622' title='bbox 3381 4136 3506 4191; x_wconf 79' lang='grc' dir='ltr'>ὅσον</span> <span class='ocrx_word' id='word_1_623' title='bbox 3549 4131 3855 4206; x_wconf 72' lang='grc' dir='ltr'>ἠϐούλετο,</span> 
     </span>
    </p>
   </div>
   <div class='ocr_carea' id='block_1_91' title="bbox 2196 4223 3860 4300">
    <p class='ocr_par' dir='ltr' id='par_1_91' title="bbox 2196 4223 3860 4300">
     <span class='ocr_line' id='line_1_92' title="bbox 2196 4223 3860 4300; baseline -0.003 -17"><span class='ocrx_word' id='word_1_624' title='bbox 2196 4229 2259 4283; x_wconf 81' lang='grc' dir='ltr'>τὸ</span> <span class='ocrx_word' id='word_1_625' title='bbox 2289 4226 2482 4282; x_wconf 83' lang='grc' dir='ltr'>λοιπὸν</span> <span class='ocrx_word' id='word_1_626' title='bbox 2524 4223 2880 4299; x_wconf 76' lang='grc' dir='ltr'>ἀπεπέμψατο</span> <span class='ocrx_word' id='word_1_627' title='bbox 2936 4230 3281 4299; x_wconf 83' lang='grc' dir='ltr'>στρατιωτῶν</span> <span class='ocrx_word' id='word_1_628' title='bbox 3332 4246 3390 4281; x_wconf 81' lang='grc' dir='ltr'>τε</span> <span class='ocrx_word' id='word_1_629' title='bbox 3441 4227 3531 4281; x_wconf 87' lang='grc' dir='ltr'>καὶ</span> <span class='ocrx_word' id='word_1_630' title='bbox 3563 4223 3860 4300; x_wconf 78' lang='grc' dir='ltr'>λοχαγῶν,</span> 
     </span>
    </p>
   </div>
   <div class='ocr_carea' id='block_1_92' title="bbox 2198 4314 3861 4389">
    <p class='ocr_par' dir='ltr' id='par_1_92' title="bbox 2198 4314 3861 4389">
     <span class='ocr_line' id='line_1_93' title="bbox 2198 4314 3861 4389; baseline -0.003 -17"><span class='ocrx_word' id='word_1_631' title='bbox 2198 4316 2325 4380; x_wconf 78' lang='grc' dir='ltr'>τοὺς</span> <span class='ocrx_word' id='word_1_632' title='bbox 2384 4316 2501 4389; x_wconf 70' lang='grc' dir='ltr'>μὲν,</span> <span class='ocrx_word' id='word_1_633' title='bbox 2556 4315 2684 4376; x_wconf 82' lang='grc' dir='ltr'>τοὺς</span> <span class='ocrx_word' id='word_1_634' title='bbox 2731 4314 3084 4389; x_wconf 83' lang='grc' dir='ltr'>στρατιώτας,</span> <span class='ocrx_word' id='word_1_635' title='bbox 3118 4316 3194 4377; x_wconf 81' lang='grc' dir='ltr'>ὡς</span> <span class='ocrx_word' id='word_1_636' title='bbox 3248 4318 3861 4389; x_wconf 71' lang='grc' dir='ltr'>προκατειργασμένους</span> 
     </span>
    </p>
   </div>
   <div class='ocr_carea' id='block_1_93' title="bbox 2198 4399 3862 4480">
    <p class='ocr_par' dir='ltr' id='par_1_93' title="bbox 2198 4399 3862 4480">
     <span class='ocr_line' id='line_1_94' title="bbox 2198 4399 3862 4480; baseline -0.002 -19"><span class='ocrx_word' id='word_1_637' title='bbox 2198 4412 2318 4469; x_wconf 90' lang='grc' dir='ltr'>ταῖς</span> <span class='ocrx_word' id='word_1_638' title='bbox 2362 4399 2791 4480; x_wconf 75' lang='grc' dir='ltr'>προϐεϐηκυίαις</span> <span class='ocrx_word' id='word_1_639' title='bbox 2838 4404 3045 4474; x_wconf 73' lang='grc' dir='ltr'>ἥτταις,</span> <span class='ocrx_word' id='word_1_640' title='bbox 3095 4404 3223 4467; x_wconf 78' lang='grc' dir='ltr'>τοὺς</span> <span class='ocrx_word' id='word_1_641' title='bbox 3275 4402 3333 4459; x_wconf 67' lang='grc' dir='ltr'>δὲ</span> <span class='ocrx_word' id='word_1_642' title='bbox 3383 4402 3665 4479; x_wconf 75' lang='grc' dir='ltr'>λοχαγοὺς</span> <span class='ocrx_word' id='word_1_643' title='bbox 3692 4403 3862 4465; x_wconf 72' lang='grc' dir='ltr'>αὐτὸς</span> 
     </span>
    </p>
   </div>
   <div class='ocr_carea' id='block_1_94' title="bbox 2203 4490 3871 4569">
    <p class='ocr_par' dir='ltr' id='par_1_94' title="bbox 2203 4490 3871 4569">
     <span class='ocr_line' id='line_1_95' title="bbox 2203 4490 3871 4569; baseline -0.004 -19"><span class='ocrx_word' id='word_1_644' title='bbox 2203 4493 2421 4550; x_wconf 80' lang='grc' dir='ltr'>δειλιῶν</span> <span class='ocrx_word' id='word_1_645' title='bbox 2478 4494 2771 4568; x_wconf 77' lang='grc' dir='ltr'>ἀπάγεσθαι</span> <span class='ocrx_word' id='word_1_646' title='bbox 2826 4492 2916 4547; x_wconf 77' lang='grc' dir='ltr'>σὺν</span> <span class='ocrx_word' id='word_1_647' title='bbox 2964 4494 3109 4566; x_wconf 77' lang='grc' dir='ltr'>αἶ)τῷ</span> <span class='ocrx_word' id='word_1_648' title='bbox 3161 4494 3237 4556; x_wconf 88' lang='grc' dir='ltr'>ὡς</span> <span class='ocrx_word' id='word_1_649' title='bbox 3290 4498 3368 4565; x_wconf 78' lang='grc' dir='ltr'>τῷ</span> <span class='ocrx_word' id='word_1_650' title='bbox 3426 4492 3576 4567; x_wconf 89' lang='grc' dir='ltr'>μέρει</span> <span class='ocrx_word' id='word_1_651' title='bbox 3621 4497 3731 4546; x_wconf 90' lang='grc' dir='ltr'>τῶν</span> <span class='ocrx_word' id='word_1_652' title='bbox 3762 4490 3871 4569; x_wconf 73' lang='grc' dir='ltr'>ιφ-</span> 
     </span>
    </p>
   </div>
   <div class='ocr_carea' id='block_1_95' title="bbox 2206 4579 3862 4660">
    <p class='ocr_par' dir='ltr' id='par_1_95' title="bbox 2206 4579 3862 4660">
     <span class='ocr_line' id='line_1_96' title="bbox 2206 4579 3862 4660; baseline -0.002 -21"><span class='ocrx_word' id='word_1_653' title='bbox 2206 4582 2375 4660; x_wconf 75' lang='grc' dir='ltr'>ἑδρων</span> <span class='ocrx_word' id='word_1_654' title='bbox 2427 4581 2887 4659; x_wconf 72' lang='grc' dir='ltr'>προσανέχοντας.</span> <span class='ocrx_word' id='word_1_655' title='bbox 2922 4580 3046 4647; x_wconf 64' lang='grc' dir='ltr'>Εἴθε</span> <span class='ocrx_word' id='word_1_656' title='bbox 3098 4583 3193 4657; x_wconf 75' lang='grc' dir='ltr'>μὶν</span> <span class='ocrx_word' id='word_1_657' title='bbox 3248 4580 3339 4638; x_wconf 79' lang='grc' dir='ltr'>οὗν</span> <span class='ocrx_word' id='word_1_658' title='bbox 3388 4582 3520 4637; x_wconf 78' lang='grc' dir='ltr'>αὐτὸ</span> <span class='ocrx_word' id='word_1_659' title='bbox 3550 4581 3627 4644; x_wconf 72' lang='grc' dir='ltr'>εἷς</span> <span class='ocrx_word' id='word_1_660' title='bbox 3655 4579 3862 4644; x_wconf 79' lang='grc' dir='ltr'>πάντας</span> 
     </span>
    </p>
   </div>
   <div class='ocr_carea' id='block_1_96' title="bbox 428 4669 2090 4748">
    <p class='ocr_par' dir='ltr' id='par_1_96' title="bbox 428 4670 2089 4748">
     <span class='ocr_line' id='line_1_97' title="bbox 428 4670 2089 4748; baseline 0 -18"><span class='ocrx_word' id='word_1_661' title='bbox 428 4675 753 4748; x_wconf 89' lang='lat' dir='ltr'>pervenire,</span> <span class='ocrx_word' id='word_1_662' title='bbox 818 4672 917 4728; x_wconf 91' lang='lat' dir='ltr'>ubi</span> <span class='ocrx_word' id='word_1_663' title='bbox 976 4670 1151 4727; x_wconf 86' lang='lat' dir='ltr'>etiam</span> <span class='ocrx_word' id='word_1_664' title='bbox 1218 4686 1422 4726; x_wconf 92' lang='lat' dir='ltr'>eorum</span> <span class='ocrx_word' id='word_1_665' title='bbox 1480 4672 1577 4742; x_wconf 89' lang='lat' dir='ltr'>qui</span> <span class='ocrx_word' id='word_1_666' title='bbox 1637 4688 1770 4727; x_wconf 90' lang='lat' dir='ltr'>cum</span> <span class='ocrx_word' id='word_1_667' title='bbox 1825 4674 2089 4730; x_wconf 88' lang='lat' dir='ltr'>Manuele</span> 
     </span>
    </p>
   </div>
   <div class='ocr_carea' id='block_1_97' title="bbox 2203 4669 3863 4748">
    <p class='ocr_par' dir='ltr' id='par_1_97' title="bbox 2203 4669 3863 4748">
     <span class='ocr_line' id='line_1_98' title="bbox 2203 4669 3863 4748; baseline -0.003 -17"><span class='ocrx_word' id='word_1_668' title='bbox 2203 4676 2524 4748; x_wconf 65' lang='grc' dir='ltr'>ἐπέπρακτο,</span> <span class='ocrx_word' id='word_1_669' title='bbox 2574 4671 2665 4727; x_wconf 84' lang='grc' dir='ltr'>καὶ</span> <span class='ocrx_word' id='word_1_670' title='bbox 2725 4671 2773 4727; x_wconf 80' lang='grc' dir='ltr'>εἷ’</span> <span class='ocrx_word' id='word_1_671' title='bbox 2831 4673 2923 4745; x_wconf 18' lang='grc' dir='ltr'>μὴν</span> <span class='ocrx_word' id='word_1_672' title='bbox 2973 4669 3196 4729; x_wconf 85' lang='grc' dir='ltr'>δυνατὸν</span> <span class='ocrx_word' id='word_1_673' title='bbox 3255 4674 3321 4741; x_wconf 79' lang='grc' dir='ltr'>ἦν</span> <span class='ocrx_word' id='word_1_674' title='bbox 3380 4671 3471 4727; x_wconf 86' lang='grc' dir='ltr'>τὸν</span> <span class='ocrx_word' id='word_1_675' title='bbox 3524 4677 3666 4736; x_wconf 88' lang='grc' dir='ltr'>θεῖον</span> <span class='ocrx_word' id='word_1_676' title='bbox 3728 4672 3863 4745; x_wconf 79' lang='grc' dir='ltr'>ὅρον</span> 
     </span>
    </p>
   </div>
   <div class='ocr_carea' id='block_1_98' title="bbox 427 4759 2076 4836">
    <p class='ocr_par' dir='ltr' id='par_1_98' title="bbox 427 4759 2076 4836">
     <span class='ocr_line' id='line_1_99' title="bbox 427 4759 2076 4836; baseline -0.002 -15"><span class='ocrx_word' id='word_1_677' title='bbox 427 4762 775 4836; x_wconf 86' lang='lat' dir='ltr'>Curopalate</span> <span class='ocrx_word' id='word_1_678' title='bbox 831 4766 1130 4820; x_wconf 89' lang='lat' dir='ltr'>Comneno</span> <span class='ocrx_word' id='word_1_679' title='bbox 1188 4759 1522 4816; x_wconf 86' lang='lat' dir='ltr'>ceciderant</span> <span class='ocrx_word' id='word_1_680' title='bbox 1579 4766 1870 4831; x_wconf 89' lang='lat' dir='ltr'>spectator</span> <span class='ocrx_word' id='word_1_681' title='bbox 1944 4764 2076 4819; x_wconf 83' lang='lat' dir='ltr'>fuit.</span> 
     </span>
    </p>
   </div>
   <div class='ocr_carea' id='block_1_99' title="bbox 426 4847 2079 4921">
    <p class='ocr_par' dir='ltr' id='par_1_99' title="bbox 426 4847 2079 4921">
     <span class='ocr_line' id='line_1_100' title="bbox 426 4847 2079 4921; baseline -0.002 -11"><span class='ocrx_word' id='word_1_682' title='bbox 426 4856 496 4910; x_wconf 89' lang='lat' dir='ltr'>Et</span> <span class='ocrx_word' id='word_1_683' title='bbox 526 4854 663 4909; x_wconf 86' lang='lat' dir='ltr'>inde</span> <span class='ocrx_word' id='word_1_684' title='bbox 711 4851 933 4908; x_wconf 91' lang='lat' dir='ltr'>sensim</span> <span class='ocrx_word' id='word_1_685' title='bbox 982 4867 1048 4905; x_wconf 92' lang='lat' dir='ltr'>ac</span> <span class='ocrx_word' id='word_1_686' title='bbox 1078 4847 1358 4921; x_wconf 90' lang='lat' dir='ltr'>paulatim</span> <span class='ocrx_word' id='word_1_687' title='bbox 1408 4864 1755 4920; x_wconf 85' lang='lat' dir='ltr'>progressus</span> <span class='ocrx_word' id='word_1_688' title='bbox 1786 4852 1856 4906; x_wconf 92' lang='lat' dir='ltr'>ad</span> <span class='ocrx_word' id='word_1_689' title='bbox 1889 4852 2079 4907; x_wconf 88' lang='lat' dir='ltr'>Theo-</span> 
     </span>
    </p>
   </div>
   <div class='ocr_carea' id='block_1_100' title="bbox 427 4938 2080 5014">
    <p class='ocr_par' dir='ltr' id='par_1_100' title="bbox 427 4938 2080 5014">
     <span class='ocr_line' id='line_1_101' title="bbox 427 4938 2080 5014; baseline -0.001 -15"><span class='ocrx_word' id='word_1_690' title='bbox 427 4941 776 5014; x_wconf 83' lang='lat' dir='ltr'>dosiopolim</span> <span class='ocrx_word' id='word_1_691' title='bbox 838 4956 899 4997; x_wconf 88' lang='lat' dir='ltr'>se</span> <span class='ocrx_word' id='word_1_692' title='bbox 959 4939 1203 5005; x_wconf 81' lang='lat' dir='ltr'>confert,</span> <span class='ocrx_word' id='word_1_693' title='bbox 1238 4941 1371 4993; x_wconf 89' lang='lat' dir='ltr'>ante</span> <span class='ocrx_word' id='word_1_694' title='bbox 1432 4938 1669 5009; x_wconf 87' lang='lat' dir='ltr'>quidem</span> <span class='ocrx_word' id='word_1_695' title='bbox 1733 4939 2080 5014; x_wconf 89' lang='lat' dir='ltr'>neglectam,</span> 
     </span>
    </p>
   </div>
   <div class='ocr_carea' id='block_1_101' title="bbox 428 5027 2082 5101">
    <p class='ocr_par' dir='ltr' id='par_1_101' title="bbox 428 5027 2082 5101">
     <span class='ocr_line' id='line_1_102' title="bbox 428 5027 2082 5101; baseline -0.001 -13"><span class='ocrx_word' id='word_1_696' title='bbox 428 5034 530 5088; x_wconf 89' lang='lat' dir='ltr'>sed</span> <span class='ocrx_word' id='word_1_697' title='bbox 575 5048 644 5087; x_wconf 87' lang='lat' dir='ltr'>ex</span> <span class='ocrx_word' id='word_1_698' title='bbox 689 5047 801 5101; x_wconf 90' lang='lat' dir='ltr'>quo</span> <span class='ocrx_word' id='word_1_699' title='bbox 849 5032 1248 5100; x_wconf 80' lang='lat' dir='ltr'>expugnatum</span> <span class='ocrx_word' id='word_1_700' title='bbox 1301 5027 1410 5081; x_wconf 78' lang='lat' dir='ltr'>fuit</span> <span class='ocrx_word' id='word_1_701' title='bbox 1457 5032 1650 5097; x_wconf 88' lang='lat' dir='ltr'>Artze,</span> <span class='ocrx_word' id='word_1_702' title='bbox 1693 5029 2082 5087; x_wconf 86' lang='lat' dir='ltr'>instauratam</span> 
     </span>
    </p>
   </div>
   <div class='ocr_carea' id='block_1_102' title="bbox 427 5116 2081 5188">
    <p class='ocr_par' dir='ltr' id='par_1_102' title="bbox 427 5116 2081 5188">
     <span class='ocr_line' id='line_1_103' title="bbox 427 5116 2081 5188; baseline -0.001 -11"><span class='ocrx_word' id='word_1_703' title='bbox 427 5125 486 5177; x_wconf 89' lang='lat' dir='ltr'>et</span> <span class='ocrx_word' id='word_1_704' title='bbox 540 5117 984 5177; x_wconf 89' lang='lat' dir='ltr'>communitam.</span> <span class='ocrx_word' id='word_1_705' title='bbox 1040 5117 1182 5171; x_wconf 91' lang='lat' dir='ltr'>Inde</span> <span class='ocrx_word' id='word_1_706' title='bbox 1232 5116 1418 5186; x_wconf 87' lang='lat' dir='ltr'>jussit</span> <span class='ocrx_word' id='word_1_707' title='bbox 1492 5117 1757 5188; x_wconf 89' lang='lat' dir='ltr'>singulos</span> <span class='ocrx_word' id='word_1_708' title='bbox 1833 5120 2081 5177; x_wconf 90' lang='lat' dir='ltr'>duorum</span> 
     </span>
    </p>
   </div>
   <div class='ocr_carea' id='block_1_103' title="bbox 2187 4759 3859 4838">
    <p class='ocr_par' dir='ltr' id='par_1_103' title="bbox 2187 4759 3859 4838">
     <span class='ocr_line' id='line_1_104' title="bbox 2187 4759 3859 4838; baseline -0.004 -19"><span class='ocrx_word' id='word_1_709' title='bbox 2187 4761 2477 4838; x_wconf 84' lang='grc' dir='ltr'>παρελθεῖν</span> <span class='ocrx_word' id='word_1_710' title='bbox 2548 4761 2636 4815; x_wconf 83' lang='grc' dir='ltr'>καὶ</span> <span class='ocrx_word' id='word_1_711' title='bbox 2716 4762 2779 4815; x_wconf 85' lang='grc' dir='ltr'>τὸ</span> <span class='ocrx_word' id='word_1_712' title='bbox 2846 4760 3178 4838; x_wconf 79' lang='grc' dir='ltr'>κεκραμένον</span> <span class='ocrx_word' id='word_1_713' title='bbox 3240 4764 3509 4834; x_wconf 84' lang='grc' dir='ltr'>ποτήριον</span> <span class='ocrx_word' id='word_1_714' title='bbox 3579 4759 3859 4835; x_wconf 73' lang='grc' dir='ltr'>ἐκφυγεῖν·</span> 
     </span>
    </p>
   </div>
   <div class='ocr_carea' id='block_1_104' title="bbox 2187 4846 3861 4929">
    <p class='ocr_par' dir='ltr' id='par_1_104' title="bbox 2187 4846 3861 4929">
     <span class='ocr_line' id='line_1_105' title="bbox 2187 4846 3861 4929; baseline -0.003 -22"><span class='ocrx_word' id='word_1_715' title='bbox 2187 4854 2323 4913; x_wconf 77' lang='grc' dir='ltr'>τέως</span> <span class='ocrx_word' id='word_1_716' title='bbox 2357 4848 2402 4904; x_wconf 86' lang='grc' dir='ltr'>δ’</span> <span class='ocrx_word' id='word_1_717' title='bbox 2458 4847 2547 4904; x_wconf 76' lang='grc' dir='ltr'>οὖν</span> <span class='ocrx_word' id='word_1_718' title='bbox 2594 4847 2853 4927; x_wconf 80' lang='grc' dir='ltr'>ἀσφαλῶς</span> <span class='ocrx_word' id='word_1_719' title='bbox 2905 4850 3111 4926; x_wconf 81' lang='grc' dir='ltr'>πραξας</span> <span class='ocrx_word' id='word_1_720' title='bbox 3158 4849 3329 4929; x_wconf 67' lang='grc' dir='ltr'>ἐφάνη</span> <span class='ocrx_word' id='word_1_721' title='bbox 3382 4846 3465 4904; x_wconf 74' lang='grc' dir='ltr'>ἄν.</span> <span class='ocrx_word' id='word_1_722' title='bbox 3522 4850 3632 4905; x_wconf 87' lang='grc' dir='ltr'>Τὸν</span> <span class='ocrx_word' id='word_1_723' title='bbox 3685 4855 3861 4903; x_wconf 64' lang='lat' dir='ltr'>Beta-</span> 
     </span>
    </p>
   </div>
   <div class='ocr_carea' id='block_1_105' title="bbox 2198 4935 3863 5015">
    <p class='ocr_par' dir='ltr' id='par_1_105' title="bbox 2198 4935 3863 5015">
     <span class='ocr_line' id='line_1_106' title="bbox 2198 4935 3863 5015; baseline -0.002 -21"><span class='ocrx_word' id='word_1_724' title='bbox 2198 4939 2407 5011; x_wconf 64' lang='grc' dir='ltr'>νειάτην</span> <span class='ocrx_word' id='word_1_725' title='bbox 2456 4935 2513 4993; x_wconf 71' lang='grc' dir='ltr'>δὲ</span> <span class='ocrx_word' id='word_1_726' title='bbox 2570 4938 2889 5015; x_wconf 75' lang='grc' dir='ltr'>Νικηφόρον</span> <span class='ocrx_word' id='word_1_727' title='bbox 2947 4939 3035 4992; x_wconf 79' lang='grc' dir='ltr'>καὶ</span> <span class='ocrx_word' id='word_1_728' title='bbox 3077 4938 3361 5001; x_wconf 87' lang='grc' dir='ltr'>τοιούτους</span> <span class='ocrx_word' id='word_1_729' title='bbox 3415 4937 3568 4999; x_wconf 69' lang='grc' dir='ltr'>τινὲς</span> <span class='ocrx_word' id='word_1_730' title='bbox 3625 4937 3701 4999; x_wconf 84' lang='grc' dir='ltr'>ὡς</span> <span class='ocrx_word' id='word_1_731' title='bbox 3758 4938 3863 4993; x_wconf 81' lang='grc' dir='ltr'>ὑπ-</span> 
     </span>
    </p>
   </div>
   <div class='ocr_carea' id='block_1_106' title="bbox 2192 5024 3865 5099">
    <p class='ocr_par' dir='ltr' id='par_1_106' title="bbox 2192 5024 3865 5099">
     <span class='ocr_line' id='line_1_107' title="bbox 2192 5024 3865 5099; baseline -0.003 -14"><span class='ocrx_word' id='word_1_732' title='bbox 2192 5025 2392 5090; x_wconf 81' lang='grc' dir='ltr'>όπτους</span> <span class='ocrx_word' id='word_1_733' title='bbox 2449 5024 2806 5099; x_wconf 86' lang='grc' dir='ltr'>διωσάμενος,</span> <span class='ocrx_word' id='word_1_734' title='bbox 2848 5025 2976 5088; x_wconf 77' lang='grc' dir='ltr'>τοὺς</span> <span class='ocrx_word' id='word_1_735' title='bbox 3008 5024 3176 5083; x_wconf 88' lang='grc' dir='ltr'>δόλου</span> <span class='ocrx_word' id='word_1_736' title='bbox 3228 5027 3318 5083; x_wconf 86' lang='grc' dir='ltr'>καὶ</span> <span class='ocrx_word' id='word_1_737' title='bbox 3372 5026 3701 5097; x_wconf 86' lang='grc' dir='ltr'>κακοηθείας</span> <span class='ocrx_word' id='word_1_738' title='bbox 3761 5048 3865 5099; x_wconf 81' lang='grc' dir='ltr'>με·</span> 
     </span>
    </p>
   </div>
   <div class='ocr_carea' id='block_1_107' title="bbox 2195 5114 3871 5193">
    <p class='ocr_par' dir='ltr' id='par_1_107' title="bbox 2195 5114 3871 5193">
     <span class='ocr_line' id='line_1_108' title="bbox 2195 5114 3871 5193; baseline 0.001 -19"><span class='ocrx_word' id='word_1_739' title='bbox 2195 5118 2354 5181; x_wconf 79' lang='grc' dir='ltr'>στοὺς</span> <span class='ocrx_word' id='word_1_740' title='bbox 2410 5118 2760 5190; x_wconf 75' lang='grc' dir='ltr'>συνεπήγετο,</span> <span class='ocrx_word' id='word_1_741' title='bbox 2792 5117 2867 5179; x_wconf 86' lang='grc' dir='ltr'>ὡς</span> <span class='ocrx_word' id='word_1_742' title='bbox 2916 5117 3127 5193; x_wconf 79' lang='grc' dir='ltr'>προϊὼν</span> <span class='ocrx_word' id='word_1_743' title='bbox 3160 5119 3188 5172; x_wconf 92' lang='lat'>6</span> <span class='ocrx_word' id='word_1_744' title='bbox 3221 5115 3387 5192; x_wconf 87' lang='grc' dir='ltr'>λόγος</span> <span class='ocrx_word' id='word_1_745' title='bbox 3439 5114 3703 5186; x_wconf 72' lang='grc' dir='ltr'>δηλώσει.</span> <span class='ocrx_word' id='word_1_746' title='bbox 3748 5116 3871 5175; x_wconf 74' lang='grc' dir='ltr'>Δῦ-</span> 
     </span>
    </p>
   </div>
   <div class='ocr_carea' id='block_1_108' title="bbox 1739 5251 2528 5311">
    <p class='ocr_par' dir='ltr' id='par_1_108' title="bbox 1739 5251 2528 5311">
     <span class='ocr_line' id='line_1_109' title="bbox 1739 5251 2528 5311; baseline 0 -4"><span class='ocrx_word' id='word_1_747' title='bbox 1739 5251 1989 5308; x_wconf 86' lang='lat' dir='ltr'>JACOBI</span> <span class='ocrx_word' id='word_1_748' title='bbox 2030 5254 2248 5311; x_wconf 83' lang='lat' dir='ltr'>GOARI</span> <span class='ocrx_word' id='word_1_749' title='bbox 2296 5252 2528 5309; x_wconf 72' lang='grc' dir='ltr'>ΝΟΤίΕ.</span> 
     </span>
    </p>
   </div>
   <div class='ocr_carea' id='block_1_109' title="bbox 497 5344 2079 5422">
    <p class='ocr_par' dir='ltr' id='par_1_109' title="bbox 497 5344 2079 5422">
     <span class='ocr_line' id='line_1_110' title="bbox 497 5344 2079 5422; baseline 0.001 -18"><span class='ocrx_word' id='word_1_750' title='bbox 497 5350 606 5422; x_wconf 83' lang='grc'>(20)</span> <span class='ocrx_word' id='word_1_751' title='bbox 641 5349 792 5421; x_wconf 86' lang='lat' dir='ltr'>Lego</span> <span class='ocrx_word' id='word_1_752' title='bbox 816 5344 1175 5422; x_wconf 53' lang='lat' dir='ltr'>dncticouafz,</span> <span class='ocrx_word' id='word_1_753' title='bbox 1209 5348 1265 5422; x_wconf 79' lang='lat' dir='ltr'>et</span> <span class='ocrx_word' id='word_1_754' title='bbox 1290 5362 1526 5422; x_wconf 79' lang='lat' dir='ltr'>expono</span> <span class='ocrx_word' id='word_1_755' title='bbox 1566 5351 1753 5422; x_wconf 77' lang='lat' dir='ltr'>votum</span> <span class='ocrx_word' id='word_1_756' title='bbox 1798 5366 1895 5419; x_wconf 87' lang='lat' dir='ltr'>pro</span> <span class='ocrx_word' id='word_1_757' title='bbox 1934 5366 2079 5406; x_wconf 85' lang='lat' dir='ltr'>com-</span> 
     </span>
    </p>
   </div>
   <div class='ocr_carea' id='block_1_110' title="bbox 427 5415 2089 5492">
    <p class='ocr_par' dir='ltr' id='par_1_110' title="bbox 427 5415 2089 5492">
     <span class='ocr_line' id='line_1_111' title="bbox 427 5415 2089 5492; baseline 0.001 -15"><span class='ocrx_word' id='word_1_758' title='bbox 427 5415 613 5477; x_wconf 71' lang='lat' dir='ltr'>meatu</span> <span class='ocrx_word' id='word_1_759' title='bbox 636 5415 1017 5492; x_wconf 67' lang='grc' dir='ltr'>ρεγῖςοιιιιιιζα,</span> <span class='ocrx_word' id='word_1_760' title='bbox 1049 5416 1137 5492; x_wconf 78' lang='lat' dir='ltr'>vel</span> <span class='ocrx_word' id='word_1_761' title='bbox 1189 5415 1391 5492; x_wconf 62' lang='lat' dir='ltr'>ultimo</span> <span class='ocrx_word' id='word_1_762' title='bbox 1420 5427 1551 5492; x_wconf 69' lang='lat' dir='ltr'>ante</span> <span class='ocrx_word' id='word_1_763' title='bbox 1586 5415 1882 5492; x_wconf 60' lang='lat' dir='ltr'>discessum</span> <span class='ocrx_word' id='word_1_764' title='bbox 1929 5424 2089 5479; x_wconf 84' lang='lat' dir='ltr'>collo-</span> 
     </span>
    </p>
   </div>
   <div class='ocr_carea' id='block_1_111' title="bbox 426 5488 2083 5567">
    <p class='ocr_par' dir='ltr' id='par_1_111' title="bbox 426 5488 2083 5567">
     <span class='ocr_line' id='line_1_112' title="bbox 426 5488 2083 5567; baseline -0.005 -21"><span class='ocrx_word' id='word_1_765' title='bbox 426 5496 554 5567; x_wconf 70' lang='lat' dir='ltr'>quio</span> <span class='ocrx_word' id='word_1_766' title='bbox 582 5488 899 5567; x_wconf 63' lang='lat' dir='ltr'>acceptura.</span> <span class='ocrx_word' id='word_1_767' title='bbox 936 5488 1266 5545; x_wconf 84' lang='lat' dir='ltr'>Recolenda</span> <span class='ocrx_word' id='word_1_768' title='bbox 1312 5488 1435 5564; x_wconf 83' lang='grc' dir='ltr'>περὶ</span> <span class='ocrx_word' id='word_1_769' title='bbox 1486 5490 1878 5566; x_wconf 88' lang='grc' dir='ltr'>συντακτηρίου</span> <span class='ocrx_word' id='word_1_770' title='bbox 1911 5511 2083 5567; x_wconf 75' lang='lat' dir='ltr'>supe.</span> 
     </span>
    </p>
   </div>
   <div class='ocr_carea' id='block_1_112' title="bbox 430 5564 824 5633">
    <p class='ocr_par' dir='ltr' id='par_1_112' title="bbox 430 5564 824 5633">
     <span class='ocr_line' id='line_1_113' title="bbox 430 5564 824 5633; baseline 0 -16"><span class='ocrx_word' id='word_1_771' title='bbox 430 5565 555 5620; x_wconf 88' lang='lat' dir='ltr'>rius</span> <span class='ocrx_word' id='word_1_772' title='bbox 585 5564 824 5633; x_wconf 86' lang='lat' dir='ltr'>scripta.</span> 
     </span>
    </p>
   </div>
   <div class='ocr_carea' id='block_1_113' title="bbox 501 5633 2080 5705">
    <p class='ocr_par' dir='ltr' id='par_1_113' title="bbox 501 5633 2080 5705">
     <span class='ocr_line' id='line_1_114' title="bbox 501 5633 2080 5705; baseline 0.003 -18"><span class='ocrx_word' id='word_1_773' title='bbox 501 5635 613 5705; x_wconf 83' lang='grc'>(21)</span> <span class='ocrx_word' id='word_1_774' title='bbox 643 5634 899 5704; x_wconf 87' lang='lat' dir='ltr'>Utraque</span> <span class='ocrx_word' id='word_1_775' title='bbox 958 5647 1221 5705; x_wconf 81' lang='lat' dir='ltr'>purpura</span> <span class='ocrx_word' id='word_1_776' title='bbox 1268 5636 1439 5705; x_wconf 77' lang='lat' dir='ltr'>sunt,</span> <span class='ocrx_word' id='word_1_777' title='bbox 1470 5633 1616 5705; x_wconf 70' lang='lat' dir='ltr'>haec</span> <span class='ocrx_word' id='word_1_778' title='bbox 1669 5651 1845 5689; x_wconf 90' lang='lat' dir='ltr'>aureo</span> <span class='ocrx_word' id='word_1_779' title='bbox 1905 5635 2080 5692; x_wconf 89' lang='lat' dir='ltr'>etiam</span> 
     </span>
    </p>
   </div>
   <div class='ocr_carea' id='block_1_114' title="bbox 429 5702 2082 5777">
    <p class='ocr_par' dir='ltr' id='par_1_114' title="bbox 429 5702 2082 5777">
     <span class='ocr_line' id='line_1_115' title="bbox 429 5702 2082 5777; baseline 0.001 -17"><span class='ocrx_word' id='word_1_780' title='bbox 429 5702 615 5762; x_wconf 84' lang='lat' dir='ltr'>limbo</span> <span class='ocrx_word' id='word_1_781' title='bbox 647 5702 1019 5777; x_wconf 67' lang='lat' dir='ltr'>praetexta,a_c</span> <span class='ocrx_word' id='word_1_782' title='bbox 1046 5702 1447 5777; x_wconf 67' lang='lat' dir='ltr'>ideoireliquis</span> <span class='ocrx_word' id='word_1_783' title='bbox 1466 5702 1641 5777; x_wconf 75' lang='lat' dir='ltr'>ionge</span> <span class='ocrx_word' id='word_1_784' title='bbox 1660 5706 2082 5777; x_wconf 85' lang='lat' dir='ltr'>nobiliora.Co-</span> 
     </span>
    </p>
   </div>
   <div class='ocr_carea' id='block_1_115' title="bbox 429 5773 2078 5853">
    <p class='ocr_par' dir='ltr' id='par_1_115' title="bbox 429 5773 2078 5853">
     <span class='ocr_line' id='line_1_116' title="bbox 429 5773 2078 5853; baseline -0.001 -16"><span class='ocrx_word' id='word_1_785' title='bbox 429 5778 629 5853; x_wconf 84' lang='lat' dir='ltr'>diuus,</span> <span class='ocrx_word' id='word_1_786' title='bbox 648 5773 945 5836; x_wconf 77' lang='lat' dir='ltr'>Cedrenus</span> <span class='ocrx_word' id='word_1_787' title='bbox 972 5774 1033 5831; x_wconf 90' lang='lat' dir='ltr'>in</span> <span class='ocrx_word' id='word_1_788' title='bbox 1054 5773 1270 5833; x_wconf 83' lang='lat' dir='ltr'>Basilio</span> <span class='ocrx_word' id='word_1_789' title='bbox 1288 5773 1619 5849; x_wconf 74' lang='lat' dir='ltr'>Macedone,</span> <span class='ocrx_word' id='word_1_790' title='bbox 1644 5776 1929 5851; x_wconf 82' lang='lat' dir='ltr'>Gregoras</span> <span class='ocrx_word' id='word_1_791' title='bbox 1953 5777 2078 5837; x_wconf 82' lang='lat' dir='ltr'>1.1x.</span> 
     </span>
    </p>
   </div>
   <div class='ocr_carea' id='block_1_116' title="bbox 2265 5344 3862 5423">
    <p class='ocr_par' dir='ltr' id='par_1_116' title="bbox 2265 5344 3862 5423">
     <span class='ocr_line' id='line_1_117' title="bbox 2265 5344 3862 5423; baseline 0.001 -20"><span class='ocrx_word' id='word_1_792' title='bbox 2265 5350 2379 5423; x_wconf 84' lang='lat'>(22)</span> <span class='ocrx_word' id='word_1_793' title='bbox 2417 5353 2590 5423; x_wconf 86' lang='lat' dir='ltr'>_Pons</span> <span class='ocrx_word' id='word_1_794' title='bbox 2649 5347 2759 5423; x_wconf 83' lang='lat' dir='ltr'>iste</span> <span class='ocrx_word' id='word_1_795' title='bbox 2816 5352 2923 5423; x_wconf 67' lang='lat' dir='ltr'>est</span> <span class='ocrx_word' id='word_1_796' title='bbox 2962 5365 2996 5404; x_wconf 85' lang='lat' dir='ltr'>a</span> <span class='ocrx_word' id='word_1_797' title='bbox 3051 5344 3862 5423; x_wconf 52' lang='lat' dir='ltr'>Justinianoconstructus.</span> 
     </span>
    </p>
   </div>
   <div class='ocr_carea' id='block_1_117' title="bbox 2199 5419 3866 5497">
    <p class='ocr_par' dir='ltr' id='par_1_117' title="bbox 2199 5419 3866 5497">
     <span class='ocr_line' id='line_1_118' title="bbox 2199 5419 3866 5497; baseline 0 -22"><span class='ocrx_word' id='word_1_798' title='bbox 2199 5419 2605 5497; x_wconf 72' lang='grc' dir='ltr'>Πενταγέφυρος</span> <span class='ocrx_word' id='word_1_799' title='bbox 2662 5420 2837 5497; x_wconf 38' lang='grc' dir='ltr'>ιλιὶιιες·Δ</span> <span class='ocrx_word' id='word_1_800' title='bbox 2868 5420 3076 5497; x_wconf 71' lang='lat' dir='ltr'>dictus</span> <span class='ocrx_word' id='word_1_801' title='bbox 3122 5422 3277 5497; x_wconf 81' lang='lat' dir='ltr'>apud</span> <span class='ocrx_word' id='word_1_802' title='bbox 3319 5420 3668 5497; x_wconf 79' lang='lat' dir='ltr'>Gedrenum.</span> <span class='ocrx_word' id='word_1_803' title='bbox 3718 5419 3866 5475; x_wconf 77' lang='lat' dir='ltr'>Vul-</span> 
     </span>
    </p>
   </div>
   <div class='ocr_carea' id='block_1_118' title="bbox 2197 5490 3866 5566">
    <p class='ocr_par' dir='ltr' id='par_1_118' title="bbox 2197 5490 3866 5566">
     <span class='ocr_line' id='line_1_119' title="bbox 2197 5490 3866 5566; baseline -0.001 -17"><span class='ocrx_word' id='word_1_804' title='bbox 2197 5510 2309 5566; x_wconf 87' lang='lat' dir='ltr'>gus</span> <span class='ocrx_word' id='word_1_805' title='bbox 2356 5490 2574 5566; x_wconf 73' lang='grc' dir='ltr'>Ζόμπον</span> <span class='ocrx_word' id='word_1_806' title='bbox 2622 5490 2846 5566; x_wconf 82' lang='lat' dir='ltr'>vocavit</span> <span class='ocrx_word' id='word_1_807' title='bbox 2891 5490 3485 5566; x_wconf 72' lang='lat' dir='ltr'>appellativdpotius</span> <span class='ocrx_word' id='word_1_808' title='bbox 3517 5508 3866 5566; x_wconf 64' lang='lat' dir='ltr'>quampro-</span> 
     </span>
    </p>
   </div>
   <div class='ocr_carea' id='block_1_119' title="bbox 2200 5561 3864 5637">
    <p class='ocr_par' dir='ltr' id='par_1_119' title="bbox 2200 5561 3864 5637">
     <span class='ocr_line' id='line_1_120' title="bbox 2200 5561 3864 5637; baseline -0.002 -17"><span class='ocrx_word' id='word_1_809' title='bbox 2200 5561 2623 5637; x_wconf 71' lang='lat' dir='ltr'>prio_nOmine</span> <span class='ocrx_word' id='word_1_810' title='bbox 2679 5561 3107 5637; x_wconf 54' lang='lat' dir='ltr'>Zépaoc&#39;enim</span> <span class='ocrx_word' id='word_1_811' title='bbox 3186 5563 3470 5637; x_wconf 73' lang='lat' dir='ltr'>gibbqsum</span> <span class='ocrx_word' id='word_1_812' title='bbox 3535 5561 3864 5637; x_wconf 78' lang='lat' dir='ltr'>signiﬁcat,</span> 
     </span>
    </p>
   </div>
   <div class='ocr_carea' id='block_1_120' title="bbox 2194 5634 3866 5709">
    <p class='ocr_par' dir='ltr' id='par_1_120' title="bbox 2194 5634 3866 5709">
     <span class='ocr_line' id='line_1_121' title="bbox 2194 5634 3866 5709; baseline -0.001 -18"><span class='ocrx_word' id='word_1_813' title='bbox 2194 5634 2300 5692; x_wconf 80' lang='lat' dir='ltr'>nec</span> <span class='ocrx_word' id='word_1_814' title='bbox 2347 5635 2614 5709; x_wconf 74' lang='lat' dir='ltr'>ineptum</span> <span class='ocrx_word' id='word_1_815' title='bbox 2666 5634 3356 5709; x_wconf 72' lang='lat' dir='ltr'>pontis_vaide_conve_xi</span> <span class='ocrx_word' id='word_1_816' title='bbox 3410 5642 3684 5691; x_wconf 85' lang='lat' dir='ltr'>censetur</span> <span class='ocrx_word' id='word_1_817' title='bbox 3734 5635 3866 5709; x_wconf 79' lang='lat' dir='ltr'>epi-</span> 
     </span>
    </p>
   </div>
   <div class='ocr_carea' id='block_1_121' title="bbox 2192 5704 3863 5782">
    <p class='ocr_par' dir='ltr' id='par_1_121' title="bbox 2192 5704 3863 5782">
     <span class='ocr_line' id='line_1_122' title="bbox 2192 5704 3863 5782; baseline -0.001 -19"><span class='ocrx_word' id='word_1_818' title='bbox 2192 5704 2465 5764; x_wconf 58' lang='grc' dir='ltr'>ιιωιυπιξ</span> <span class='ocrx_word' id='word_1_819' title='bbox 2484 5707 2564 5764; x_wconf 90' lang='lat' dir='ltr'>De</span> <span class='ocrx_word' id='word_1_820' title='bbox 2610 5704 2812 5782; x_wconf 70' lang='lat' dir='ltr'>Sagari</span> <span class='ocrx_word' id='word_1_821' title='bbox 2868 5704 3043 5764; x_wconf 88' lang='lat' dir='ltr'>ﬂuvio</span> <span class='ocrx_word' id='word_1_822' title='bbox 3084 5707 3146 5763; x_wconf 88' lang='lat' dir='ltr'>in</span> <span class='ocrx_word' id='word_1_823' title='bbox 3198 5706 3529 5764; x_wconf 86' lang='lat' dir='ltr'>Cedrenum</span> <span class='ocrx_word' id='word_1_824' title='bbox 3583 5704 3863 5764; x_wconf 84' lang='lat' dir='ltr'>memini-</span> 
     </span>
    </p>
   </div>
   <div class='ocr_carea' id='block_1_122' title="bbox 2192 5795 2349 5837">
    <p class='ocr_par' dir='ltr' id='par_1_122' title="bbox 2192 5795 2349 5837">
     <span class='ocr_line' id='line_1_123' title="bbox 2192 5795 2349 5837; baseline -0.013 0"><span class='ocrx_word' id='word_1_825' title='bbox 2192 5795 2349 5837; x_wconf 88' lang='lat' dir='ltr'>mus.</span> 
     </span>
    </p>
   </div>
  </div>
