4060 6344
176 434 290 492 4‘21

1695 428 2060 491 HISTORIA
2077 475 2089 486 .

3478 441 3594 501 422

173 564 271 626 τὸς
302 561 364 617 δὲ
413 559 586 624 οὕτως
645 563 742 615 ἰὼν
794 565 902 616 τῶν
961 558 1389 635 καταληψόντων
1455 561 1613 616 αὐτὸν
1647 563 1825 614 κακῶν

1970 561 2242 616 nensium
2293 563 2511 619 cibaria
2558 581 2759 621 secum
2809 567 2978 636 terre,
3020 572 3301 639 tanquam
3352 587 3454 643 per
3499 572 3593 628 in-

182 653 608 724 ἀνεπαίσθητος,
675 650 982 728 ἐπεραιώθη
1020 651 1111 705 τὸν
1168 649 1338 708 Ἀλυν
1390 650 1679 727 λεγόμενον
1729 669 1834 704 πο·

178 742 387 814 ταμὸν,
422 739 468 794 εί
497 739 587 794 καὶ
617 737 776 801 αὐτὸς
828 739 1122 812 ὑπομείνας
1173 736 1248 803 εἷς
1277 761 1330 794 τι
1364 741 1624 815 νεοπαγὶς
1666 737 1839 815 φρού-

175 851 318 904 ριον,
355 830 494 903 πρὸς
523 827 687 883 αὐτοῦ
715 830 814 898 τὴν
866 826 1185 902 οῗκοδομίαν
1238 827 1437 906 λαχὸν,
1468 827 1838 899 ἐσκηνώσατω

178 919 335 975 Πετά
365 923 536 973 ταῦτα
565 915 622 973 δὲ
664 919 987 992 περαιωθεὶς
1037 920 1136 987 τήν
1191 916 1448 992 διαίρεσιν
1511 919 1589 980 εἷς
1639 917 1841 978 οἰκείας

181 1011 409 1078 κτήσεις
479 1005 925 1083 συνδιεγράψατο.
973 1009 1081 1076 Τήν
1157 1005 1214 1062 δὶ
1279 1010 1594 1081 Καισάρειαν
1646 1005 1846 1082 παρελ-

180 1099 295 1162 θὼν
333 1098 410 1159 είς
449 1099 548 1166 τήν
593 1096 894 1172 λεγομένην
927 1099 1230 1168 κατήντησε
1263 1097 1438 1172 Κρόαν
1470 1099 1650 1172 πηγήν
1682 1099 1796 1170 (23)
1830 1115 1842 1128 ⁸

182 1190 247 1255 ἦν
309 1188 416 1262 γὰρ
477 1188 505 1240 ὁ
556 1187 726 1248 τόπος
783 1187 921 1259 πρὸς
979 1182 1264 1260 ὑποδοχὴν
1318 1191 1546 1261 στρατοῦ
1613 1186 1848 1271 εὔθετος,

184 1283 316 1330 πᾶσι
356 1275 564 1351 βρίθων
613 1281 729 1336 τοῖς
776 1275 1104 1349 χρησίμοις,
1160 1277 1509 1347 ἁστυκώμαις
1560 1276 1646 1330 καὶ
1689 1275 1850 1349 ὰγροο

186 1363 416 1433 πόλεσι,
458 1362 548 1418 δια
593 1371 692 1433 τῆς
774 1367 1087 1438 συμμιγοῦς
1163 1366 1540 1441 ποριμότητος
1594 1363 1855 1438 γνωριζό-

192 1474 388 1528 μενος,
438 1456 780 1528 Κειρομένης
831 1451 888 1508 δὲ
935 1460 1036 1522 τῆς
1079 1455 1267 1530 χώρας
1321 1454 1409 1508 καὶ
1471 1453 1855 1529 ἐρημουμένης

198 1544 352 1618 παρὰ
376 1547 491 1598 τῶν
543 1548 894 1616 στρατιωτῶν
945 1542 1308 1617 ἀπηνέστερον
1352 1542 1706 1617 προσηνέχθη
1749 1540 1860 1596 τισὶ

191 1639 300 1687 τῶν
362 1632 424 1686 ἐκ
468 1637 567 1687 τοῦ
609 1633 888 1708 τάγματος
955 1637 1064 1686 τῶν
1131 1631 1440 1704 Νεμίτζων.
1492 1631 1648 1688 Ἀλλ’
1693 1629 1753 1686 οἷ’
1795 1651 1859 1706 γε

186 1719 490 1797 δηχθέντες
540 1722 926 1776 ἁποστατοῦσι.
984 1722 1329 1782 Γνωσθὲντος
1391 1718 1447 1776 δὲ
1497 1720 1718 1787 τούτου,
1763 1718 1858 1774 Ἱπ-

186 1832 292 1866 που
324 1805 524 1874 ἐπιϐὰς
561 1812 588 1865 6
651 1809 908 1885 βασιλεὺς
947 1810 1036 1864 καὶ
1089 1811 1478 1885 στρατιωτικὸν
1531 1807 1861 1886 συγκαλισά-

185 1922 346 1973 μενος
402 1901 532 1962 τοὺς
595 1897 900 1969 ἰδιοξένους
981 1897 1288 1970 κατέπληξε
1349 1899 1438 1954 καὶ
1510 1901 1662 1961 αὖθϊς
1724 1900 1861 1954 ὑπο-

183 1987 454 2052 σπόνδους
482 1989 573 2043 καὶ
609 1989 686 2060 μή
747 1988 1128 2064 βουλομένους
1179 1987 1529 2058 κατέστησεν,
1564 1988 1616 2043 ἐν
1639 1987 1856 2051 τούτοις

191 2081 384 2153 μόνοις
426 2079 491 2131 τὸ
550 2078 851 2152 πρόστιμον
907 2078 1118 2152 ὁρίσας,
1175 2077 1227 2132 ἐν
1277 2082 1356 2150 τῷ
1397 2076 1663 2153 ἐσχάτους
1702 2077 1858 2132 τετά-

187 2171 316 2244 χθαι
362 2167 485 2222 ἀντὶ
533 2169 633 2235 τῆς
683 2167 909 2241 πρώτης
957 2165 1250 2244 ἐγγύτητπ
1299 2166 1388 2222 καὶ
1449 2165 1854 2244 σωματοφυλα-

189 2259 334 2318 κίας.
390 2259 479 2327 [Ρ.
541 2257 668 2329 837]
725 2259 962 2320 Ἐκεῖθεν
998 2262 1177 2332 χωρεῖ
1225 2256 1300 2318 είς
1353 2251 1700 2325 Σεϐάστειαν,
1760 2258 1859 2326 τήν

191 2343 438 2422 Ἰϐηρίαν
495 2340 825 2400 καταλαϐεῖν
879 2345 1251 2421 ἐπειγόμενος,
1313 2345 1403 2400 ὅτε
1459 2345 1549 2400 καὶ
1598 2351 1706 2400 τῶν
1762 2345 1855 2401 σὺν

190 2442 269 2508 τῷ
323 2435 719 2511 κουροπαλάτῃ
767 2434 1032 2504 Μανουήλ
1108 2439 1188 2506 τῷ
1245 2439 1525 2507 Κομνηνῷ
1581 2435 1853 2490 πεσόντων

194 2528 390 2594 θεατής
442 2528 551 2579 τῶν
599 2522 909 2596 πτωμάτων
969 2524 1202 2598 ἐγένετο.
1238 2523 1490 2578 Κάκεῖθεν
1539 2524 1722 2600 σχολῇ
1760 2520 1856 2578 καὶ

201 2613 373 2689 βάδην
411 2615 508 2668 ἰῶν
553 2608 967 2686 καταλαμϐάνει
1019 2615 1118 2682 τὴν
1159 2610 1641 2684 Θεοδοσιούπολιν,
1668 2615 1860 2688 πρώην

199 2708 294 2776 μὶν
333 2703 751 2777 ζάμεληθεῖσαν⁸
802 2702 853 2772 ἐξ
885 2702 1012 2757 ὅτου
1044 2700 1102 2756 δὶ
1146 2701 1521 2776 ἐπολιορκήθη
1551 2703 1613 2756 τὸ
1645 2704 1856 2778 Ἀρτζε,

199 2790 749 2864 ἁνοικοδομηθεῖσαν,
823 2792 913 2846 καὶ
1008 2797 1484 2867 κατοχυρωθεῖσαν
1520 2836 1534 2861 ,
1620 2791 1855 2855 ἐντεῦθεν

205 2879 447 2955 διμήνου
514 2883 722 2956 τροφὴν
796 2882 1003 2953 ἑκάστῳ
1058 2881 1234 2958 φέρειν
1295 2879 1856 2954 ἐπικηρυκευσάμενος

199 2971 274 3032 ὡς
333 2968 406 3024 δι’
463 2969 726 3039 ἀοικήτου
784 2969 872 3024 καὶ
939 2969 1320 3042 ἠρημωμένης
1380 2970 1567 3044 χώρας
1622 2967 1855 3043 βαδίζειν

206 3060 504 3132 μέλλουσι.
567 3059 786 3116 Πάντων
840 3057 897 3114 δὶ
969 3059 1031 3113 τὸ
1093 3059 1396 3134 προσταγὲν
1447 3060 1857 3131 ποιησαμένων,

194 3151 259 3204 τὸ
295 3147 698 3224 μισθοφορικὸν
743 3151 848 3201 τῶν
898 3145 1084 3215 Οὕζων
1135 3145 1223 3201 καὶ
1276 3145 1404 3207 τοὺς
1437 3147 1723 3221 Φράγγους
1765 3145 1855 3200 σὺν

198 3235 503 3309 Ῥουσελίῳ
557 3233 708 3312 ἀνδρὶ
783 3235 1012 3311 γενναίῳ
1089 3233 1178 3290 καί
1259 3232 1554 3308 πολεμικῷ
1611 3232 1858 3312 διαφίησι

1947 649 2166 705 cultam
2227 656 2286 706 et
2345 651 2667 709 solitariam
2726 655 3021 727 regionem
3089 658 3199 713 iter
3263 659 3594 718 habituros.

1950 739 2095 793 Cum
2124 755 2328 796 omnes
2373 742 2660 812 imperata
2706 743 3000 813 fecissent,
3035 751 3424 808 mercenaries
3454 752 3598 810 Uzos

1952 831 2007 881 et
2057 832 2306 884 Francos
2356 846 2489 885 cum
2542 831 2796 902 Ruselio,
2826 834 2949 889 viro
2997 836 3133 891 l'orti
3181 855 3246 893 ac
3297 839 3594 912 bellicoso,

1953 917 2024 970 ad
2057 916 2248 972 Cbliat
2298 921 2619 990 praedatum
2673 921 2853 991 misit,
2887 925 3041 993 quod
3094 927 3256 996 prius
3304 929 3478 984 etiam
3517 934 3599 987 t‘e-

1953 1011 2128 1060 cerat.
2164 1007 2265 1063 llle
2309 1025 2341 1063 a
2388 1014 2549 1081 tergo
2597 1011 2749 1066 092
2795 1011 3115 1083 insequens
3161 1017 3230 1070 ad
3286 1017 3602 1078 Matziciert

1959 1096 2239 1165 pervenit,
2295 1097 2499 1152 urbem
2561 1099 2908 1167 Romanam,
2949 1103 3048 1157 sed
3101 1120 3135 1159 a
3181 1106 3414 1164 sultano
3471 1111 3611 1166 sub-

1959 1189 2146 1238 actam
2178 1192 2235 1239 et
2271 1194 2406 1240 ante
2451 1203 2484 1241 a
2522 1188 2726 1242 Turcis
2757 1190 3084 1245 obsessam.
3116 1196 3480 1266 Aspernatus
3512 1217 3615 1254 au-

1959 1277 2077 1326 tem
2112 1273 2218 1328 hos
2253 1280 2314 1329 ut
2349 1290 2588 1346 paucos,
2619 1277 2795 1332 aliam
2847 1294 3089 1334 manum
3135 1281 3290 1337 haud
3343 1286 3613 1358 exiguam

1965 1363 2036 1416 ab
2069 1364 2321 1417 exercitu
2371 1364 2693 1420 abscissam
2742 1365 2996 1438 Josepho
3047 1372 3326 1442 magistro
3358 1374 3617 1431 Tarcha-

1966 1451 2138 1504 niotae
2208 1451 2408 1519 tradit,
2469 1454 2670 1509 addita
2735 1454 2914 1510 etiam
2975 1457 3131 1512 haud
3191 1466 3621 1520 contemnenda

1967 1538 2206 1595 cohorte
2252 1541 2538 1611 peditum,
2573 1543 2690 1597 imo
2721 1544 2900 1598 etiam
2951 1545 3215 1616 equitum
3247 1550 3620 1623 selectorum,

1971 1627 2070 1697 qui
2125 1634 2374 1684 maxime
2413 1629 2674 1686 bellicosi
2706 1639 2874 1686 erant
2917 1639 2974 1687 et
3022 1635 3174 1690 inter
3221 1637 3419 1694 hostes
3466 1657 3623 1696 sem-

1971 1731 2074 1786 per
2113 1717 2410 1789 principes
2458 1719 2718 1790 pericula
2761 1720 3003 1776 adibant
3049 1723 3341 1796 primique
3394 1744 3623 1800 pugna-

1973 1805 2130 1860 bant.
2191 1807 2490 1862 Profectus
2565 1812 2762 1863 autem
2833 1810 3255 1870 Tarchaniotes
3309 1816 3381 1871 ad
3439 1818 3627 1874 Chliat

1973 1910 2141 1965 opem
2187 1895 2418 1951 laturus
2448 1895 2585 1952 Uzia
2614 1902 2671 1952 et
2700 1897 2938 1954 Francis
2971 1904 3028 1954 et
3058 1902 3218 1956 omni
3263 1907 3625 1963 mercenaria

1973 1983 2268 2039 exercitui.
2302 1986 2586 2040 Audierat
2614 1987 2770 2041 enim
2816 1987 3134 2060 imperator
3179 1992 3624 2053 multitudinem

1971 2089 2218 2129 numero
2276 2075 2566 2130 infinitam
2625 2075 2903 2132 adversus
2962 2078 3124 2149 ipsos
3175 2081 3393 2154 venire,
3427 2088 3485 2140 et
3536 2087 3626 2140 di-

1970 2163 2186 2219 viserat
2243 2164 2586 2233 exercitum,
2638 2181 2883 2236 sperans
2943 2184 3005 2222 se
3059 2171 3258 2226 statim
3311 2174 3629 2231 Matziciert

1970 2251 2030 2306 in
2062 2269 2232 2307 suam
2285 2258 2636 2325 potestatem
2670 2255 3066 2320 redacturum,
3099 2261 3255 2328 quod
3306 2261 3483 2317 etiam
3534 2281 3630 2320 ae-

1969 2341 2136 2410 cidit,
2171 2348 2227 2396 et
2257 2343 2329 2396 ad
2368 2359 2467 2397 eos
2518 2344 2616 2414 qui
2669 2354 2830 2398 erant
2884 2345 2943 2399 in
2977 2347 3171 2402 Chliat
3216 2350 3628 2428 adventurum.

1968 2431 2130 2494 Quod
2187 2431 2235 2486 si
2288 2448 2415 2502 quas
2470 2433 2790 2488 necessitas
2843 2440 3096 2506 urgeret,
3131 2439 3437 2495 confestim
3469 2441 3629 2512 ipsos

1967 2524 2397 2587 revocaturum,
2429 2536 2564 2575 cum
2607 2522 2894 2578 exercitus
2946 2540 3124 2596 prope
3154 2531 3347 2583 castra
3397 2532 3624 2602 posuis-

1967 2614 2117 2664 sent.
2160 2610 2493 2665 Audiebunt
2540 2611 2698 2666 enim
2751 2611 3054 2668 sultanum
3106 2617 3369 2672 studiose
3417 2620 3618 2676 adver-

1968 2715 2072 2754 sus
2119 2713 2180 2752 se
2230 2699 2598 2754 contendere.
2633 2700 2700 2753 Et
2729 2700 2966 2769 quidem
3019 2709 3173 2758 certe
3221 2721 3338 2760 non
3387 2709 3622 2764 carebat

1968 2787 2190 2842 ratione
2221 2803 2415 2842 rerum
2439 2788 2649 2843 divisio
2681 2793 2737 2843 et
2769 2790 3174 2859 consiliorum,
3208 2810 3398 2866 neque
3429 2797 3621 2853 aliena

1968 2880 2094 2930 erat
2149 2893 2183 2930 a
2241 2875 2592 2946 peritissimo
2650 2878 2819 2949 duce,
2869 2879 2982 2934 nisi
3042 2881 3250 2951 fatum,
3314 2885 3432 2940 imo
3483 2902 3618 2943 vero

1969 2965 2163 3020 divina
2220 2965 2306 3020 ira
2361 2982 2465 3021 seu
2524 2967 2670 3022 ratio
2727 2985 2761 3022 a
2818 2969 2988 3025 nobis
3057 2975 3312 3029 maxime
3368 2981 3618 3032 remota-

1968 3059 2242 3110 eventum
2311 3070 2504 3110 rerum
2563 3055 2620 3109 in
2681 3059 3033 3114 contrariam
3103 3067 3330 3131 partem
3392 3081 3620 3136 perver,

1965 3144 2158 3208 tisset,
2198 3148 2253 3198 et
2302 3145 2371 3198 ad
2421 3145 2639 3200 exitum
2689 3147 2768 3201 rei
2818 3152 2874 3202 et
2920 3151 3393 3220 conjunctionem
3455 3169 3618 3210 exer-

1972 3233 2124 3289 citus
2181 3235 2382 3288 eadem
2436 3234 2528 3289 die
2583 3236 2758 3290 etiam
2819 3237 3120 3294 sultanum
3175 3241 3301 3296 sine
3361 3259 3621 3315 praecone

199 3327 338 3382 κατὰ
364 3305 484 3381 τοῦ*
526 3305 699 3381 χλίοὶτ
749 3305 822 3387 εἰς
873 3305 1178 3400 προνομήν.
1211 3327 1382 3382 Τοῦτο
1409 3305 1496 3378 Ἵδὶ
1530 3305 1631 3379 καὶ
1663 3305 1858 3400 πρότε-

1972 3321 2177 3377 Turcis
2226 3322 2621 3392 adjunxisset,
2679 3331 2735 3379 et
2801 3328 3201 3397 prohibuisset
3257 3305 3492 3388 decreta
3548 3334 3620 3389 ad

201 3435 295 3488 ρον
353 3414 679 3484 ἐποιήσατο.
730 3415 965 3476 Ἐκεῖνος
1016 3411 1073 3468 δὲ
1125 3413 1355 3468 κατόπιν
1401 3410 1645 3468 ἐλαύνων
1677 3412 1753 3474 εἷς
1799 3414 1861 3468 τὸ

201 3504 544 3578 Μανζικιὶρτ
592 3505 932 3578 παρεγένετο,
981 3501 1145 3558 πόλιν
1199 3503 1517 3575 Ῥωμαϊκήν
1572 3501 1689 3574 μὶν,
1741 3522 1862 3577 χει-

204 3595 476 3668 ρωθεῖσαν
543 3590 601 3647 δὶ
655 3596 735 3664 τῷ
805 3591 1089 3664 σουλτάνῳ
1170 3595 1376 3666 προτοῦ
1431 3590 1521 3646 καὶ
1580 3593 1861 3667 Τούρκους

204 3680 621 3758 ἐγκαθημὶνους
700 3674 953 3755 ἔχουσαν.
1031 3681 1455 3756 Καταφρονήσας
1521 3675 1580 3733 δὶ
1653 3679 1860 3734 τούτων

202 3771 278 3831 ὧς
308 3768 643 3842 ὀλιγοστῶν,
675 3767 857 3843 ἑτέραν
915 3773 1108 3844 μοῖραν
1165 3768 1269 3822 οὐκ
1319 3767 1618 3842 ἐλαχίστην
1675 3769 1865 3823 ἀποτε-

207 3858 454 3930 μόμενος
516 3860 614 3910 τοῦ
673 3861 902 3930 στρατοῦ
963 3857 1166 3933 Ἰωσὴφ
1223 3855 1466 3932 μαγίστῳ
1513 3861 1590 3928 τῷ
1640 3859 1863 3932 Ταρχα-

200 3947 407 4020 meq;
456 3941 820 4020 παραδίδωσι,
873 3941 1237 4020 προσεπιδοὺς
1289 3945 1378 3999 καὶ
1438 3950 1632 4020 στῖφος
1688 3950 1862 4014 πεζῶν

208 4035 312 4089 οὐκ
355 4033 854 4112 εὐκαταφρόνητον,
911 4032 1123 4105 μᾶλλον
1174 4030 1232 4088 δὲ
1279 4037 1386 4088 τῶν
1420 4032 1666 4088 ἱπποτῶν
1695 4035 1756 4088 τὸ
1787 4031 1866 4089 ἔκο

203 4124 397 4197 κριτόν
431 4143 490 4177 τε
531 4123 622 4177 καὶ
667 4123 1063 4198 μαχιμώτατον
1111 4121 1206 4177 κάν
1260 4129 1380 4184 τοῖς
1400 4121 1692 4196 πολεμίοις
1724 4143 1865 4198 προ-

204 4211 524 4267 κινδυνεῦον
560 4211 641 4266 eisi
687 4213 775 4266 καὶ
829 4211 1280 4287 προμαχόμενον.
1333 4213 1504 4286 Ἀρας
1559 4209 1616 4266 δὲ
1667 4213 1694 4266 ὁ
1724 4213 1866 4285 Ταρ-

205 4303 526 4376 χανειώτης
584 4298 792 4356 ἄπεισιν
868 4299 946 4362 εἷς
1020 4301 1082 4354 τὸ
1143 4299 1334 4372 Χλίατ,
1399 4301 1689 4375 βοηθήσων
1747 4306 1863 4362 τοῖς

205 4389 407 4461 Οῧζοις
441 4390 533 4445 καὶ
565 4394 681 4452 τοῖς
714 4391 990 4465 Φράγγοις
1022 4388 1111 4444 καὶ
1139 4390 1297 4444 παντὶ
1327 4393 1404 4461 τῷ
1440 4393 1816 4466 μισθοφορικῷ
1851 4407 1862 4421 ·

203 4481 447 4550 ἠκηκόει
518 4479 620 4554 γὰρ
679 4480 706 4534 ὁ
775 4477 1027 4555 βασιλεὺς
1084 4476 1298 4547 πλῆθος
1363 4475 1694 4554 μυρίανδρον
1752 4479 1870 4532 κατ’

207 4569 393 4624 αὐτῶν
457 4569 730 4646 φᾶρεσθαι.
775 4565 956 4622 Διεῖλε
1007 4565 1065 4622 δὶ
1117 4568 1145 4621 ὁ
1198 4565 1452 4643 βασιλεὺς
1492 4567 1583 4622 τὸν
1617 4567 1868 4641 στρατὸν,

1971 3410 2191 3466 exitum
2244 3411 2502 3482 perduci.
2537 3412 2682 3467 Nam
2733 3430 2868 3470 cum
2918 3428 3260 3489 occupasset
3304 3421 3626 3492 imperator

1973 3499 2289 3555 Matziciert
2338 3501 2622 3572 perculsis
2653 3503 2860 3558 Turcis
2886 3505 3131 3576 ejusque
3161 3509 3360 3566 veritis
3407 3511 3620 3567 adven-

1971 3593 2123 3654 tum,
2179 3589 2337 3660 iique
2396 3590 2570 3645 tidem
2658 3608 2836 3662 quam
2898 3595 3188 3665 petierant
3238 3600 3624 3671 accepissent,

1973 3679 2072 3734 ubi
2103 3679 2256 3733 693
2288 3678 2465 3733 etiam
2518 3679 2730 3734 accidit
2777 3687 2842 3736 ut
2892 3683 3133 3753 quidam
3187 3685 3488 3742 Romanus
3526 3690 3624 3758 ju-

1971 3766 2293 3838 risjurandi
2339 3769 2527 3838 gratia
2576 3770 2817 3824 naribus
2870 3772 3215 3842 privaretur,
3249 3776 3404 3845 quod
3452 3777 3622 3845 jura-

1972 3860 2133 3911 verat
2160 3855 2306 3926 ipsis
2339 3856 2678 3926 imperator,
2713 3859 2867 3928 quod
2908 3859 3007 3914 ille
3035 3861 3282 3917 asellum
3313 3864 3620 3922 Turcicum

1974 3951 2271 4017 rapuerat,
2305 3944 2403 4000 Dei
2447 3944 2797 4002 Genitricem
2848 3953 2905 4004 et
2951 3948 3247 4006 Christum
3304 3958 3363 4008 et
3419 3969 3626 4010 omnes

1974 4040 2209 4091 sanctos
2265 4036 2679 4090 intercessores
2735 4037 3030 4094 invocans.
3083 4042 3146 4094 In
3204 4042 3422 4112 quibus
3479 4044 3620 4099 dum

1973 4125 2294 4195 imperator
2347 4129 2684 4195 occupatur,
2747 4125 2800 4179 in
2861 4127 3076 4184 milites
3156 4130 3475 4199 Romanos,
3523 4133 3623 4204 qui

1974 4213 2296 4286 praedatum
2330 4214 2548 4285 egressi
2581 4215 2833 4286 fuerant,
2864 4217 3108 4273 Turcica
3141 4235 3350 4276 manus
3377 4221 3622 4278 invadit.

1977 4302 2160 4357 Ratus
2189 4301 2372 4373 igitur
2401 4303 2716 4375 imperator
2749 4305 2954 4360 ducem
2989 4307 3208 4363 sultani
3231 4325 3364 4365 cum
3389 4311 3628 4382 quibus-

1975 4393 2107 4446 dam
2153 4391 2338 4462 copiis
2369 4393 2695 4461 advenisse,
2731 4399 2794 4449 ut
2822 4395 3120 4468 dispersos
3162 4400 3304 4470 regii
3336 4400 3625 4458 exercitus

1977 4487 2288 4546 coerceret,
2321 4482 2604 4538 adversus
2635 4483 2829 4554 ipsum
2854 4486 3017 4541 misit
3041 4504 3174 4543 cum
3207 4488 3416 4545 idonea
3447 4507 3626 4546 manu

1978 4570 2327 4640 magistrum
2361 4571 2752 4643 Nicephorum
2805 4577 3178 4647 Bryennium,
3203 4578 3303 4649 qui
3335 4596 3463 4634 cum
3495 4580 3624 4652 ipso

206 4658 457 4728 ἐλπίζων
521 4656 680 4718 αὐτὸς
728 4656 868 4732 ταχὺ
931 4657 993 4711 τὸ
1040 4657 1366 4732 Ματζικιὶρτ
1413 4657 1858 4731 παραστήσεσθαι1

1981 4674 2334 4729 congressus
2383 4659 2537 4714 haud
2588 4661 2766 4717 cessit
2799 4679 2812 4716 :
2841 4680 3041 4719 verum
3095 4667 3267 4721 multi
3314 4684 3449 4723 cum
3499 4669 3626 4740 ipso

205 4749 236 4802 ’ὁ
269 4745 344 4816 δή
377 4748 470 4802 καὶ
501 4747 712 4820 γέγονε,
765 4745 854 4800 καὶ
910 4742 1248 4818 ἐπιδημῆσαι
1296 4750 1416 4806 τοῖς
1450 4745 1503 4799 ἐν
1531 4749 1612 4817 τῷ
1643 4744 1820 4800 Χλιάτ
1853 4762 1867 4776 ⁸

206 4839 256 4892 at
309 4835 371 4891 δὲ
420 4856 504 4900 τις
551 4835 759 4909 ἀνάγκη
803 4834 1121 4904 κατεπείξει,
1172 4833 1386 4909 ταχέως
1444 4832 1640 4896 αὐτοὺς
1695 4854 1869 4909 παρα-

205 4926 573 4993 καλέσασθαι,
630 4923 865 4992 πλησίον
921 4921 1313 4995 ἐσκηνωμένων
1372 4927 1478 4976 τῶν
1538 4922 1872 4997 στρατευμά-

207 5035 324 5071 των
360 5036 372 5048 -
407 5012 577 5082 ἤκουε
607 5014 710 5085 γὰρ
759 5013 850 5067 τὸν
907 5011 1200 5067 σουλτανὸν
1249 5010 1547 5088 ἐπείγεσθαι
1605 5013 1720 5067 κατ’
1771 5012 1870 5067 αὐ-

207 5110 338 5161 τοῦ.
399 5105 498 5158 Καί
531 5124 591 5177 γε
619 5102 684 5170 ἦν
723 5101 821 5155 οὒκ
861 5100 1155 5177 ἆνεύλογος
1197 5103 1231 5170 ἡ
1278 5097 1537 5172 διαιρεσις
1568 5105 1676 5156 τῶν
1711 5121 1871 5177 στρα-

206 5196 528 5268 τευμάτων,
585 5191 673 5246 καὶ
725 5191 1010 5264 λογισμῶν
1064 5189 1162 5244 οὐκ
1216 5189 1872 5264 ἀποστρατηγικωτάτων,

210 5284 260 5338 εἷ
287 5285 370 5355 μὴ
398 5280 762 5356 πεπρωμένη,
785 5279 997 5352 μᾶλλον
1023 5276 1077 5333 δϊ
1102 5283 1243 5342 θεῖος
1269 5278 1444 5353 χόλος
1473 5277 1507 5348 ἧ
1537 5278 1702 5354 λόγος
1735 5282 1870 5352 ἡμῖν

213 5371 666 5448 ἆπορῤητότερος
691 5369 791 5436 τήδ
828 5362 1042 5422 ἔκϐασιν
1091 5365 1168 5430 εἴς
1191 5367 1502 5422 τούναντίον
1535 5369 1869 5444 περιέτρεψε,

209 5464 304 5517 καὶ
366 5461 503 5537 πρὸς
570 5457 652 5530 τῷ
702 5454 844 5513 τᾶλει
903 5461 1000 5512 τοῦ
1045 5454 1203 5534 ἔργου
1260 5455 1349 5511 καὶ
1405 5459 1473 5530 τῇ
1530 5456 1870 5533 αὖθημερινῇ

1982 4746 2271 4802 vulnerati
2301 4753 2460 4815 sunt,
2493 4754 2551 4803 et
2575 4748 2733 4804 haud
2766 4752 2935 4822 pauci
2975 4769 3045 4808 ex
3092 4753 3238 4825 ipsis
3267 4755 3626 4812 occiderunt.

1981 4837 2051 4891 Et
2097 4853 2230 4890 cum
2275 4836 2528 4892 validius
2573 4855 2642 4892 ex
2695 4839 2934 4895 incursu
2994 4843 3170 4913 paulo
3223 4850 3358 4900 ante
3410 4847 3630 4902 assueti

1983 4933 2337 4996 pugnarent,
2369 4926 2654 4981 audacius
2685 4928 3092 4986 incumbentes
3124 4933 3327 5001 armis,
3359 4935 3629 4991 cominus

1983 5016 2354 5070 resistebant.
2415 5017 2602 5081 Quare
2674 5023 2834 5072 metu
2907 5027 3237 5077 commotus
3295 5025 3493 5096 capias
3557 5027 3630 5081 ab

1981 5104 2335 5176 imperatore
2382 5105 2569 5177 petiit.
2622 5105 2724 5162 llle
2778 5112 2975 5164 autem
3025 5111 3416 5168 condemnata
3474 5113 3635 5171 illius

1981 5192 2300 5249 timiditate
2353 5194 2685 5266 (ignorabat
2731 5197 2889 5252 enim
2938 5197 3020 5253 rei
3067 5200 3394 5273 veritatem)
3433 5209 3635 5258 coacta

1983 5283 2262 5337 concione
2307 5283 2514 5338 habuit
2559 5285 2883 5340 orationem
2917 5289 2988 5342 de
3015 5287 3086 5342 iis
3116 5305 3240 5358 quae
3289 5291 3358 5344 ad
3411 5291 3631 5346 bellum

1983 5372 2371 5442 pertinebant.
2409 5372 2470 5426 In
2505 5373 2696 5428 media
2719 5391 2952 5445 quoque
2981 5376 3242 5432 oratione
3270 5378 3637 5449 gravioribus

1984 5460 2176 5516 verbis
2210 5463 2294 5516 uti
2326 5477 2569 5517 exorsus
2617 5468 2726 5534 est,
2761 5469 2817 5519 et
2865 5464 3088 5520 interea
3117 5468 3389 5524 sacerdos
3434 5466 3634 5526 lectio-

1548 5581 1793 5638 JACOBI
1833 5581 2050 5638 GOARI
2088 5582 2322 5638 NOTAE.

286 5693 408 5768 (g3)
437 5691 752 5768 Geli_dioris
783 5694 852 5768 et_
870 5689 1191 5764 frigidioris
1245 5705 1412 5762 aqua
1463 5689 1655 5748 fontes
1684 5688 1851 5768 κρύας
1879 5687 2061 5766 πηγάς
2093 5691 2362 5749 moderni
2391 5695 2621 5766 vocant,
2653 5692 3033 5768 diversosque
3088 5694 3194 5754 hoc
3241 5697 3478 5757 nomine
3505 5702 3634 5759 tum

205 5762 351 5827 Chii
383 5770 513 5824 tum
544 5763 692 5822 Teni
722 5762 1014 5822 novimus.
