4060 6344
490 407 606 465 423

1794 401 1986 462 JOAN
2000 402 2120 462 NlS
2165 399 2568 464 SCYLlTZ/E

3784 404 3903 461 424

487 552 622 592 nem
665 533 962 608 Evangelii
1027 534 1394 601 exclamavit,
1424 551 1554 606 quae
1613 536 1697 591 ita
1756 552 1816 591 se
1872 534 2138 605 habebat,

2263 537 2369 587 τῶν
2429 532 2845 608 στρατευμάτων
2902 529 3086 586 ἐνώσει
3135 530 3227 586 καὶ
3286 532 3376 586 τὸν
3435 529 3731 587 σουλτάνον
3780 553 3916 603 ακη-

486 628 551 680 ut
590 624 706 680 alia
753 624 1023 680 omittam
1059 639 1073 678 ι
1108 646 1135 673 ‹‹
1168 624 1226 678 Si
1278 640 1370 680 me
1419 624 1709 696 persecuti
1760 628 1920 693 sunt,
1952 628 2009 678 et
2038 640 2140 678 vos

482 718 942 786 persequentur;
995 713 1044 767 si
1095 713 1335 769 verbum
1392 730 1589 769 meum
1639 716 2036 781 servaverunt,
2080 716 2139 767 et

481 808 741 857 vestrum
795 802 1133 868 servabunt,
1175 823 1204 852 »
1260 818 1445 873 usque
1496 803 1567 857 ad
1617 801 1785 869 illud,
1824 824 1844 850 ι
1880 800 2133 857 arbitra-

484 892 645 946 bitur
692 891 1043 962 obsequium
1100 907 1163 945 se
1218 900 1495 962 praestare
1549 891 1746 946 Deo.»
1781 890 1942 955 Quod
2000 905 2136 945 cum

486 981 660 1035 etiam
694 980 1106 1052 prudentiores
1156 980 1559 1051 adnotassent,
1592 980 2007 1035 existimarunt
2031 979 2141 1033 hoc

489 1069 729 1125 verbum
763 1067 1086 1124 oraculum.
1120 1072 1396 1124 Fervente
1441 1073 1637 1125 autem
1669 1068 1821 1124 bello
1852 1069 2007 1123 694
2037 1066 2148 1121 mi-

491 1159 571 1214 sit
630 1158 950 1230 imperator
1002 1157 1180 1213 etiam
1240 1158 1633 1229 Nicephorum
1685 1158 2031 1228 magistrum
2086 1161 2144 1212 et

490 1251 711 1306 Ducam
744 1249 1228 1321 Tbeodosiopolis
1276 1249 1629 1304 Basilacium
1670 1266 1803 1305 cum
1848 1247 2142 1319 indigenis

493 1338 804 1409 militibus,
839 1355 951 1410 quo
985 1338 1272 1411 Bryennio
1321 1339 1597 1410 adjuncto
1644 1354 1826 1409 usque
1857 1337 1927 1393 ad
1961 1336 2149 1408 quod-

493 1430 629 1484 dam
664 1428 786 1486 leve
816 1427 1081 1499 praelium
1123 1428 1365 1500 azqualis
1413 1433 1471 1483 et
1513 1444 1730 1500 anceps
1785 1444 1984 1499 pugna
2012 1425 2140 1481 fuit.

492 1528 638 1583 Cum
690 1530 886 1580 autem
936 1524 1175 1590 milites,
1207 1525 1593 1597 imperatores
1640 1542 1705 1581 ac
1758 1526 1937 1580 duces
1976 1523 2152 1594 sequi

492 1616 863 1681 statuissent,
899 1614 1114 1686 primas
1164 1620 1358 1685 partes
1401 1632 1603 1686 pugna:
1636 1614 1926 1669 sustinere
1975 1612 2145 1684 polli-

490 1704 643 1760 citus
673 1708 782 1768 est,
817 1704 1134 1775 statimque
1163 1703 1384 1775 impetu
1421 1704 1571 1759 facto
1603 1706 1823 1769 hostes,
1848 1703 1947 1774 qui
1978 1708 2141 1774 terga

489 1793 802 1859 dederant,
871 1793 1352 1864 persequebatur.
1408 1791 1551 1847 Cum
1611 1808 1744 1847 vero
1815 1790 2147 1863 Bryennius

2263 621 2415 695 ρυκτὶ
2471 626 2592 685 τοῖς
2646 619 2914 696 Τούρκοις
2996 620 3257 692 ἐπέστησε
3336 619 3427 675 καὶ
3485 621 3552 676 τὰ
3608 618 3913 691 δοκηθέντα

2260 707 2578 779 τελεσθῆναι
2623 706 3014 767 διακεκώλυκε.
3070 704 3413 785 Παραλαϐὼν
3448 710 3549 784 γὰρ
3590 710 3619 765 ὁ
3656 709 3916 785 βασιλεὺς

2259 800 2322 853 τὸ
2381 799 2713 873 Ματζικιὶρτ
2788 798 3239 873 καταπλαγέντων
3325 798 3417 852 καὶ
3476 796 3913 875 ὀρῥωδησάντων

2260 891 2368 942 τῶν
2398 886 2648 961 Τούρκων
2698 888 2797 955 τὴν
2851 887 3015 942 αὐτοῦ
3068 886 3369 957 ἐπέλευσιν,
3401 886 3491 942 καὶ
3540 887 3720 942 πίστιν
3752 887 3918 959 αἰτη-

2262 975 2509 1049 σαμένων
2542 976 2633 1031 καὶ
2688 971 2988 1046 λαϐόντων,
3032 974 3094 1031 οὗ
3127 976 3218 1031 καὶ
3267 971 3463 1047 συνέϐη
3514 975 3917 1052 ρινοτμηθῆναι

2260 1061 2532 1139 Ῥωμαῖόν
2580 1087 2703 1121 τινα
2751 1065 2964 1141 ὀνάριον
3015 1065 3317 1140 Τουρκικὸν
3361 1063 3714 1143 ὑφελόμενον,
3760 1065 3921 1142 εὐορ-

2260 1154 2381 1217 κίας
2442 1154 2603 1231 χάριν
2658 1156 2725 1224 ἧς
2787 1153 3070 1227 ὀμωμόκει
3127 1155 3342 1216 τούτοις
3394 1156 3423 1209 ὁ
3476 1152 3750 1229 βασιλεὺς,
3809 1156 3914 1224 τήν

2261 1245 2523 1299 Θεοτόκον
2576 1244 2667 1299 καὶ
2716 1245 2807 1299 τὸν
2854 1244 3085 1318 Χριστὸν
3135 1244 3226 1299 καὶ
3275 1244 3403 1306 τοὺς
3459 1245 3648 1319 ἁγίους
3710 1244 3921 1307 πάντας

2268 1333 2486 1406 μεσίτας
2515 1328 2953 1408 προϐαλόμενος.
3006 1334 3093 1388 Ἐν
3144 1332 3253 1406 ὅσῳ
3303 1331 3362 1388 δὲ
3402 1335 3665 1405 ταυτὶτῷ
3699 1332 3921 1409 βασιλεῖ

2265 1420 2589 1495 διετάττετο,
2618 1428 2737 1485 τοῖς
2794 1422 2870 1485 εἷς
2916 1425 3015 1492 τήν
3062 1423 3254 1499 χρείαν
3310 1422 3507 1493 ἐξιοῦσι
3555 1424 3916 1499 στρατιώταις

2263 1513 2559 1585 Ῥωμαίοις
2613 1509 2830 1582 πληθὺς
2903 1513 3173 1584 Τουρκικὴ
3250 1517 3333 1580 [Ρ.
3407 1514 3535 1585 838]
3595 1511 3913 1567 ἐπιτίθεται.

2264 1611 2481 1680 Οἷηθείς
2514 1610 2604 1666 οὖν
2639 1613 2666 1666 ὁ
2716 1610 2968 1686 βασιλεὺς
3023 1611 3267 1688 ἡγεμόνα
3312 1615 3408 1666 τοῦ
3448 1610 3745 1667 σουλτάνου
3781 1613 3923 1685 μετά

2263 1722 2411 1765 τινος
2441 1700 2671 1778 ἀφῖχθαι
2704 1698 2982 1775 δυνάμεως
3039 1700 3129 1755 καὶ
3184 1698 3490 1756 διακλονεῖν
3531 1701 3659 1763 τοὺς
3708 1722 3920 1777 σπορα-

2268 1787 2361 1853 δας
2420 1795 2518 1846 τοῦ
2572 1790 2859 1866 βασιλικοῦ
2932 1795 3182 1866 στρατοῦ,
3256 1789 3567 1846 ἀπέστειλεν
3610 1789 3691 1844 ἐπ’
3750 1790 3919 1845 αὐτὸν

488 1883 615 1937 suis
646 1882 807 1937 frena
836 1881 1096 1936 detinere
1129 1881 1429 1951 jussisset,
1462 1881 1623 1937 solus
1650 1880 1973 1936 Basilacius
2003 1894 2138 1951 per-

2266 1879 2582 1957 Νικηφόρον
2637 1880 2935 1956 μάγιστρον
2983 1879 3075 1934 τὸν
3131 1880 3413 1975 Βρυέννιον
3471 1879 3606 1952 μετά
3655 1885 3753 1948 τῆς
3815 1879 3918 1953 ἀρ-

486 1986 743 2041 sequens
786 1970 1149 2042 ignoratione
1197 1970 1355 2041 facti,
1390 1970 1489 2025 ubi
1523 1972 1592 2024 ad
1625 1968 1846 2024 vallum
1880 1968 2145 2024 hostium

486 2059 755 2130 accessit,
789 2059 1014 2115 conﬁxo
1069 2058 1260 2131 ipsius
1311 2074 1459 2132 equo
1510 2060 1581 2114 ad
1630 2062 1845 2114 terram
1904 2056 2142 2119 decidit,

486 2164 788 2203 armorum
822 2147 1077 2219 pondere
1108 2164 1447 2219 oppressus,
1472 2151 1529 2202 et
1561 2146 1775 2203 idcirco
1802 2146 2147 2203 circumfusi

489 2237 688 2293 hostes
738 2238 935 2308 ipsum
968 2237 1165 2291 vivum
1197 2237 1457 2309 capiunt,
1491 2236 1873 2309 vinctumque
1914 2238 1985 2292 ad
2019 2234 2144 2291 sul-

492 2330 696 2379 tanum
748 2325 1069 2380 abducunt.
1103 2324 1163 2379 In
1199 2326 1369 2395 cujus
1399 2330 1777 2397 conspectum
1827 2326 2139 2393 adductus,

493 2439 681 2494 neque
712 2426 776 2477 ut
822 2440 1025 2479 servus
1064 2422 1189 2493 jam
1242 2422 1482 2479 effectus
1527 2440 1715 2496 neque
1765 2428 1831 2479 ut
1878 2423 2143 2494 captivus

489 2513 802 2578 abductus,
837 2512 1069 2567 sultano
1103 2530 1164 2567 se
1195 2512 1462 2583 subjecit.
1499 2513 1608 2568 Sed
1650 2529 1837 2584 neque
1869 2513 2143 2568 sultanus

488 2602 615 2673 ipso
649 2606 714 2655 ut
760 2617 928 2657 servo
958 2605 1059 2655 aut
1086 2601 1311 2672 captivo
1344 2618 1487 2656 usus
1517 2605 1628 2667 est,
1660 2603 1759 2656 sed
1811 2602 2014 2656 crebro
2041 2618 2137 2656 ac-

488 2706 724 2745 cersens
755 2690 824 2745 de
855 2690 1204 2760 imperatore
1245 2707 1379 2745 eum
1431 2690 1905 2762 percontabatur,
1940 2706 2137 2745 suam-

482 2796 596 2850 que
636 2779 744 2851 ipsi
782 2778 1101 2851 potentiam
1136 2780 1492 2848 ostentabat,
1524 2784 1588 2834 ut
1617 2780 1667 2833 ei
1701 2784 1920 2834 metum
1954 2782 2138 2834 terro-

483 2884 729 2938 remque
777 2867 1072 2937 injiceret;
1125 2867 1226 2938 qui
1276 2868 1474 2923 omnia
1526 2868 1715 2940 ipsius
1767 2867 2018 2924 laudans
2079 2871 2136 2923 et

484 2956 791 3023 extollens,
824 2956 1076 3027 praeliari
1127 2957 1409 3010 adversus
1453 2959 1847 3011 Romanorum
1881 2957 2136 3027 impera-

485 3049 670 3100 torem
715 3044 828 3115 ipsi
870 3044 1078 3100 inutile
1106 3043 1466 3100 consulebat.
1501 3045 1610 3100 Sed
1660 3044 1753 3099 hic
1803 3044 2041 3117 quidem
2073 3044 2135 3099 in

485 3132 578 3189 his
616 3133 981 3190 versabatur.
1019 3133 1338 3204 lmperator
1368 3138 1562 3188 autem
1608 3138 1843 3189 coactus
1874 3151 2009 3189 cum
2042 3150 2136 3189 re-

482 3221 645 3293 liquo
694 3222 949 3277 exercitu
1008 3238 1281 3294 egressus
1321 3226 1410 3277 est
1458 3223 1525 3277 ad
1586 3239 1779 3277 rerum
1830 3227 2134 3294 spectacu-

484 3310 644 3379 lum;
677 3315 735 3365 et
766 3326 954 3380 usque
981 3311 1050 3364 ad
1083 3326 1381 3381 vesperam
1417 3311 1473 3364 in
1506 3311 1857 3381 quibusdam
1892 3310 2137 3367 tumulis

486 3399 838 3465 consistens,
870 3398 970 3453 ubi
1023 3399 1124 3469 qui
1174 3399 1474 3455 resisteret
1520 3404 1576 3455 et
1624 3416 1753 3455 sese
1797 3404 2136 3471 opponeret,

488 3491 784 3543 neminem
841 3486 1007 3554 vidit,
1066 3488 1123 3542 in
1183 3494 1375 3543 castra
1431 3504 1698 3544 reversus
1756 3492 1863 3544 est.
1896 3489 2139 3544 Statim-

485 3593 599 3649 que
630 3575 975 3631 circumfusi
1005 3576 1171 3631 Turci
1222 3593 1466 3632 arcuum
1508 3577 1740 3649 sagittis
1771 3583 1829 3633 et
1874 3577 2138 3649 equitatu

486 3665 642 3720 haud
712 3665 1066 3720 mediocrem
1154 3665 1433 3721 exercitui
1518 3671 1799 3722 terrorem
1864 3666 2136 3738 injecere,

488 3762 637 3819 695
690 3761 845 3816 intra
895 3760 1114 3817 vallum
1173 3760 1555 3833 impellentes.
1593 3762 1717 3819 Nox
1764 3767 1888 3819 erat
1938 3762 2141 3818 illunis

484 3868 618 3907 cum
642 3851 763 3906 haec
786 3852 1159 3923 gerebantur,
1182 3867 1371 3922 neque
1404 3852 1687 3922 fugientes
1712 3858 1767 3907 et
1788 3870 2116 3924 persequen

483 3945 571 3996 tes
605 3946 803 3996 utrum
837 3940 1057 3995 externi
1092 3957 1167 3995 an
1199 3940 1321 3995 noti
1369 3945 1567 3996 essent
1596 3946 1655 3996 et
1683 3942 1852 3996 amici
1885 3941 2144 3998 discerni

481 4034 772 4102 poterant,
794 4045 996 4084 verum
1029 4033 1152 4083 tota
1178 4035 1344 4085 nocte
1365 4031 1631 4085 obscuris
1664 4030 1987 4086 ululatibus
2018 4032 2133 4087 cir-

478 4119 867 4175 cumsonabat
896 4117 1210 4188 exercitus,
1243 4118 1323 4174 ita
1372 4123 1436 4173 ut
1465 4136 1669 4174 omnes
1702 4120 1919 4191 apertis
1948 4138 2015 4176 ac
2046 4122 2131 4176 vi-

479 4204 805 4277 gilantibus
830 4205 1015 4260 oculis
1043 4208 1892 4277 pernoctarent.Cumquejam
1917 4208 2143 4264 illuxisr

479 4301 587 4362 set,
623 4312 758 4366 pars
788 4294 1056 4365 quaedam
1097 4293 1346 4350 Uzorum
1398 4296 1546 4350 duce
1594 4297 1849 4367 quodam
1898 4297 2137 4353 nomine

475 4383 675 4453 Tame,
698 4387 754 4437 et
781 4382 1068 4438 exercitus
1101 4381 1193 4437 cui
1223 4382 1528 4438 Tornicius
1553 4383 1843 4440 Cotertzes
1867 4390 2133 4457 praeerat,

476 4472 547 4526 ad
581 4471 780 4527 hostes
820 4470 1136 4537 conﬂuxit;
1188 4472 1342 4542 quod
1394 4471 1548 4526 haud
1585 4473 1936 4529 mediocrem
1972 4473 2135 4529 solli-

478 4560 799 4617 citudinem
833 4560 1111 4617 Romanis
1145 4560 1363 4628 attulit,
1397 4561 1840 4632 suspicantibus
1881 4563 2136 4635 reliquas

2259 1968 2460 2039 κούσης
2517 1967 2820 2043 δυνάμεως,
2869 1969 2927 2030 ’ὸς
2985 1967 3073 2023 καὶ
3135 1963 3433 2041 συμϐαλὼν
3486 1969 3635 2040 αύτῷ
3692 1967 3793 2023 οὐκ
3834 1966 3927 2021 ἐν·

2259 2055 2429 2113 έδωκε
2462 2058 2580 2132 μὶν,
2605 2056 3098 2133 ἐτρατματίσθησαν
3143 2054 3200 2112 δὲ
3239 2056 3444 2114 πολλοὶ
3474 2061 3581 2112 τῶν
3614 2056 3707 2112 σὺν
3736 2056 3921 2129 αὐτῷ,

2257 2146 2354 2202 οὐκ
2402 2145 2581 2222 ὀλίγοι
2640 2144 2697 2202 δὲ
2751 2146 2959 2202 τούτων
3034 2146 3123 2201 καὶ
3182 2144 3394 2215 ἔπεσον,
3455 2145 3913 2223 ρωμαλεωτέρων

2257 2235 2313 2291 δὲ
2350 2237 2620 2311 φανέντων
2670 2234 2729 2291 ἐκ
2778 2238 2877 2305 τῆς
2930 2236 3310 2311 συγκρούσεως
3363 2240 3474 2290 τῶν
3531 2235 3721 2310 πρώην
3775 2234 3913 2299 ἐθά-

2255 2323 2385 2384 δων.
2436 2325 2766 2401 Θρασύτερον
2838 2326 2942 2401 γάρ
3017 2324 3490 2402 προσρηγνύμενοι
3548 2325 3914 2400 ἀγχεμάχοις

2253 2410 2449 2477 ὅπλοις
2521 2416 2984 2470 ἀντικαθίσταντο.
3057 2416 3216 2472 ’Ὀθεν
3287 2414 3378 2469 καὶ
3448 2409 3602 2491 φόϐῳ
3653 2434 3915 2468 κατασει-

2254 2504 2397 2569 σθεῖς
2441 2502 2669 2575 δύναμιν
2697 2503 2874 2574 ἐζήτει
2915 2504 3064 2579 παρὰ
3103 2507 3200 2559 τοῦ
3234 2502 3529 2579 βασιλέως,
3560 2504 3622 2560 Ὀ
3648 2499 3706 2557 δὶ
3728 2523 3913 2557 κατα-

2250 2594 2409 2667 γνοὺς
2443 2594 2610 2648 αὐτοῦ
2637 2591 2842 2648 δειλίαν
2877 2594 3081 2671 (ἠγνόει
3118 2593 3219 2667 γάρ
3248 2594 3311 2647 τὸ
3341 2590 3568 2665 ἀληθὲς)
3602 2590 3908 2661 ἐκκλησίαν

2255 2682 2664 2755 συστησάμενος
2708 2679 3103 2758 ἐδημηγόρησε
3148 2682 3215 2736 τὰ
3254 2683 3375 2757 περὶ
3423 2680 3696 2754 πολέμου,
3742 2680 3797 2735 ἐν
3846 2678 3915 2736 δὲ

2250 2775 2326 2841 τῷ
2361 2771 2507 2843 μέσῳ
2555 2769 2648 2825 καί
2685 2769 3033 2845 τραχυτέρων
3088 2768 3267 2845 ἥψατο
3316 2768 3517 2845 λόγων.
3568 2769 3670 2826 Καὶ
3720 2768 3778 2824 έν
3808 2790 3919 2825 το-

2252 2859 2430 2930 σούτῳ
2458 2859 2485 2912 ὁ
2529 2859 2704 2927 ἱερεὺς
2755 2858 3070 2936 ἐπεφώνησε
3113 2860 3213 2928 τήν
3259 2863 3357 2913 τοῦ
3407 2856 3741 2934 Εὗαγγελίου
3776 2858 3915 2913 ἀνά-

2248 2969 2469 3024 γνωσιν.
2519 2949 2652 3023 Εἶχε
2705 2946 2763 3003 δὲ
2811 2950 2874 3003 τὸ
2934 2946 3285 3025 Εὐαγγέλιον,
3338 2946 3430 3002 ἵνα
3483 2946 3661 3003 τᾶλλα
3719 2952 3914 3022 παρῶ,

2251 3068 2279 3095 ‹‹
2314 3043 2382 3100 Ei
2413 3043 2510 3117 ἐμὲ
2541 3041 2785 3115 ἐδίωξαν,
2838 3044 2926 3099 καὶ
2983 3044 3121 3118 ὑμᾶς
3171 3042 3453 3117 διώξουσιν
3477 3063 3490 3075 °
3526 3043 3568 3098 ii
3597 3044 3691 3098 τὸν
3723 3041 3909 3118 λόγον

2252 3154 2357 3206 μου
2385 3132 2676 3208 ἐτήρησαν,
2730 3134 2817 3188 καὶ
2881 3133 3140 3210 ὑμέτερον
3190 3136 3548 3207 τηρήσουσιν,
3584 3154 3609 3186 ι
3666 3132 3776 3195 ἓως
3804 3137 3915 3187 τοῦ

2247 3247 2274 3275 ‹‹
2311 3220 2451 3293 δόξει
2484 3221 2732 3299 λατρείαν
2765 3224 3089 3300 προσφέρειν
3132 3227 3211 3295 τῷ
3260 3227 3376 3295 Θεῷ
3402 3241 3415 3255 ·
3454 3247 3475 3273 ι
3520 3223 3549 3276 ὅ
3579 3222 3668 3277 καὶ
3699 3222 3910 3293 ἐπιση-

2257 3314 2561 3384 μηνάμενοι
2611 3314 2663 3367 oi
2715 3312 3065 3386 συνετώτεροι
3114 3310 3298 3382 ἔδοξαν
3348 3309 3575 3385 ἀψευδὲς
3618 3315 3781 3366 τοῦτο
3812 3312 3915 3366 καὶ

2254 3401 2606 3476 θεοπρόπιον,
2639 3403 2861 3464 Ζέοντος
2894 3398 2950 3457 δὲ
2977 3405 3074 3457 τοῦ
3091 3401 3341 3475 πολέμου
3364 3399 3664 3455 ἀπέστεινεν
3689 3402 3717 3455 ὁ
3748 3402 3916 3477 βασι-

2256 3489 2383 3553 λεὺς
2416 3491 2503 3546 καὶ
2529 3491 2842 3567 Νικηφόρον
2875 3492 3171 3567 μάγιστρον
3194 3490 3285 3546 xui
3310 3488 3475 3545 δοῦκα
3501 3487 3915 3546 Θεοδοσιουπὸ-

2256 3578 2399 3642 λεως
2427 3581 2517 3635 τὸν
2553 3581 2875 3636 Βασιλάκιον
2919 3581 3052 3653 μετὰ
3095 3584 3203 3635 τῶν
3236 3579 3500 3655 ῗθαγενῶν
3528 3584 3913 3653 στρατιωτῶν.

2258 3669 2657 3745 Ηροστεθέντος
2711 3668 2801 3723 οὖν
2842 3673 2921 3741 τῷ
2964 3668 3237 3745 Βρυεννίῳ
3283 3669 3447 3744 μέχρι
3493 3674 3643 3731 τινὸς
3674 3664 3921 3745 ἀκροϐο-

2257 3755 2461 3831 λισμοῦ
2492 3755 2762 3827 ἷσοπαλής
2806 3757 2895 3812 καὶ
2948 3757 3296 3832 ἀμφήριστος
3346 3759 3414 3827 ἦν
3459 3759 3494 3827 ἡ
3538 3758 3717 3833 μάχη.
3772 3764 3917 3813 Συν-

2258 3847 2497 3920 θεμένων
2531 3843 2588 3901 δὶ
2623 3850 2731 3901 τῶν
2782 3851 3126 3921 στρατιωτῶν
3168 3847 3487 3910 ἀκολουθεῖν
3540 3846 3760 3901 ὄπισθεν
3792 3852 3914 3902 τῶν

2257 3940 2571 4011 στρατηγῶν
2626 3940 3101 4012 πρωταγωνιστεῖν
3150 3936 3544 4011 καθυπέσχετο,
3598 3936 3686 3989 xui
3746 3935 3913 4000 εὐθὺς

2256 4025 2561 4101 ἐξορμήσας
2612 4046 2754 4080 νωτα
2820 4023 3136 4080 δεδωκότων
3198 4031 3306 4081 τῶν
3365 4026 3618 4081 ἐναντίων
3680 4024 3904 4085 ἐδίωκε.

2253 4126 2361 4178 Τοῦ
2419 4120 2476 4177 δὲ
2524 4122 2813 4197 Βρυεννίου
2854 4122 2981 4185 τοὺς
3036 4122 3269 4199 ῥυτῆρας
3316 4123 3571 4199 ἀνασχεῖν
3608 4129 3727 4186 τοῖς
3777 4126 3910 4202 περῖ

2256 4211 2412 4266 αὐτὸν
2470 4209 2954 4287 ἐγκελευσαμένου,
2999 4212 3163 4285 μόνος
3213 4210 3423 4267 διώκων
3486 4212 3514 4267 ὁ
3565 4211 3909 4276 Βασιλάκιος

2253 4299 2409 4372 ἀνοίᾳ
2437 4305 2532 4355 σοῦ
2570 4299 2931 4376 πραχθέντος,
2967 4300 3082 4355 ἐπεὶ
3134 4306 3212 4373 τῷ
3268 4301 3468 4377 χάρακι
3497 4306 3607 4357 τῶν
3648 4301 3918 4357 ἐναντίων

2252 4386 2567 4465 προσέμιξε,
2612 4391 3001 4466 περιπαρέντος
3046 4389 3193 4463 αύτῷ
3247 4394 3344 4445 τοῦ
3397 4389 3572 4445 ἵππου
3628 4391 3921 4468 προσέσχε

2251 4484 2319 4553 τῇ
2352 4483 2448 4554 γῇ,
2485 4480 2649 4555 βάρος
2680 4483 2789 4535 τῶν
2821 4478 3007 4534 ὅπλων
3057 4477 3471 4557 ἐπιφερόμενος.
3496 4480 3590 4534 Διὸ
3621 4480 3712 4534 καὶ
3743 4500 3923 4555 περι-

2253 4568 2509 4643 χυθέντες
2562 4569 2613 4623 οἱ
2670 4566 2932 4641 πολέμιοι
2982 4568 3225 4643 αἱροῦσιν
3284 4567 3443 4623 αὑτὸν
3503 4568 3757 4645 ζωγρίαν,
3809 4572 3919 4625 καὶ

480 4649 750 4705 nationes
781 4648 894 4704 sibi
926 4648 1216 4704 inimicas.
1240 4649 1483 4714 Quidem
1507 4666 1639 4704 vero
1668 4652 1889 4722 pedites
1910 4652 2130 4723 egressi

2255 4658 2374 4732 πρὸς
2424 4657 2515 4711 τὸν
2575 4654 2868 4711 σουλτάνον
2922 4655 3203 4731 ἀπάγουσι
3259 4653 3480 4729 δέσμιον
3517 4677 3532 4691 ·
3587 4658 3633 4729 ᾦ
3674 4657 3767 4711 καὶ
3818 4659 3915 4721 εἰς

479 4739 703 4794 Turcos
759 4737 1022 4793 occidere
1069 4736 1205 4792 telis
1254 4753 1382 4809 quae
1436 4738 1670 4793 eminus
1714 4740 2039 4811 jaciuntur,
2080 4745 2139 4797 et

480 4827 663 4883 armis
702 4828 918 4898 quibus
974 4827 1246 4882 cominus
1304 4832 1625 4899 pugnatur,
1657 4832 1714 4883 et
1763 4835 2079 4901 coegerunt
2107 4846 2138 4886 e

477 4925 684 4982 castris
730 4924 907 4982 exire.
955 4926 1283 4995 Imperator
1330 4929 1529 4979 autem
1581 4923 1780 4980 missis
1819 4926 1890 4980 ad
1922 4926 2135 4982 Chiliat

478 5012 981 5080 antecursoribus,
1001 5013 1181 5067 duces
1203 5011 1303 5082 qui
1326 5012 1443 5066 illic
1465 5018 1632 5067 erant
1656 5013 1725 5066 ad
1750 5030 1811 5068 se
1832 5015 2135 5069 accersivit

483 5120 615 5158 cum
645 5103 831 5174 copiis
853 5118 1001 5172 quas
1034 5101 1349 5170 habebant,
1378 5100 1578 5155 statim
1612 5100 1856 5172 cupiens
1888 5104 1958 5157 de
1982 5120 2139 5158 sum-

484 5208 581 5247 ma
625 5206 821 5246 rerum
874 5189 1072 5261 praelio
1128 5189 1452 5255 decertare;
1487 5205 1739 5260 quorum
1793 5197 2137 5262 exspectans

483 5280 770 5337 auxilium
802 5280 1021 5334 frustra
1051 5282 1284 5348 tempus
1316 5279 1686 5333 conterebat:
1712 5284 1879 5334 erant
1907 5281 2063 5335 enim
2098 5279 2138 5335 ii

482 5371 582 5440 qui
616 5367 975 5441 Pyrrichiam
1018 5366 1386 5422 saltationem
1418 5367 1671 5422 maxime
1712 5369 1975 5424 meditati
2010 5371 2134 5425 fue-

480 5463 631 5512 rant.
653 5458 725 5513 Ut
753 5472 888 5512 vero
918 5457 989 5511 de
1018 5471 1219 5511 eorum
1253 5454 1469 5511 auxilio
1491 5456 1841 5527 desperavit,
1866 5458 2132 5530 suspica-

478 5550 576 5602 tus
600 5546 800 5618 aliqua
822 5561 882 5601 re
903 5561 1003 5601 eos
1028 5544 1323 5616 impediri,
1342 5560 1476 5599 cum
1502 5544 1891 5602 familiaribus
1914 5551 2133 5604 statue-

479 5636 581 5691 bat
612 5634 893 5708 postridie
915 5650 1156 5689 manum
1180 5649 1501 5690 conserere.
1529 5634 1841 5706 Ignorabat
1868 5636 2139 5693 videlicet

478 5724 925 5785 Tarohaniotem
947 5738 1181 5798 quoque
1210 5722 1322 5781 sibi
1348 5723 1627 5797 adjuncto
1649 5723 1906 5799 Ruselio,
1934 5726 2031 5799 qui
2063 5726 2135 5786 ad

2249 4748 2371 4819 ὄψιν
2399 4745 2672 4820 παραστὰς
2695 4744 2819 4799 οὕτε
2865 4746 2939 4806 ὡς
2991 4742 3194 4806 δοῦλος
3236 4741 3344 4815 ἤδη
3376 4745 3637 4821 γεγονὼς,
3670 4744 3794 4800 οὕτε
3826 4746 3922 4812 ὡς

2232 4832 2608 4911 αἶ’χμάλωτος
2673 4833 2941 4909 ἀπαχθεὶς
3010 4838 3090 4905 τῷ
3172 4832 3456 4905 σουλτάνῳ
3525 4834 3919 4910 καθυπετάγη,

2249 4921 2403 4980 Ἀλλ’
2441 4922 2564 4977 οὕτε
2595 4924 2623 4977 ὁ
2654 4922 2953 4985 σουλτάνος
3005 4921 3111 4978 εἴτε
3156 4924 3231 4985 ὡς
3263 4920 3447 4996 δούλῳ
3476 4921 3582 4978 εἴτε
3613 4923 3686 4985 ὡς
3720 4923 3922 4997 αἰχμ-

2246 5010 2448 5083 αλώτῳ
2478 5011 2831 5085 προσηνέχθη
2864 5010 3029 5083 αὐτῳ,
3078 5015 3320 5087 συνεχῶς
3367 5008 3424 5065 δὶ
3461 5015 3738 5085 παριστῶν
3771 5015 3925 5088 περὶ

2245 5109 2339 5163 τοὺ
2382 5107 2650 5184 βασιλέως
2682 5129 2739 5162 τε
2777 5108 3035 5181 ἐπηρώτα
3088 5109 3175 5162 καὶ
3236 5109 3334 5177 τήν
3391 5108 3582 5162 ἑαυτοῦ
3632 5106 3791 5183 ἰσχὺν
3828 5108 3934 5165 ἐν-

2245 5195 2555 5253 απεδείκνυε
2582 5198 2672 5251 καὶ
2706 5197 2781 5260 εἰς
2827 5194 3097 5273 ἅρῥωδίαν
3150 5198 3239 5251 xui
3272 5196 3464 5251 πτοίαν
3495 5190 3807 5254 ἐνέϐαλλεν.
3846 5200 3930 5258 Ὀ

2248 5285 2305 5341 δὲ
2334 5288 2507 5342 πάντα
2561 5285 2791 5341 ἐπαινῶν
2845 5286 2936 5341 καὶ
2991 5283 3305 5361 μεγαλύνων
3357 5286 3423 5340 τὰ
3471 5287 3659 5357 αὑτοῦ,
3702 5287 3767 5340 τὸ
3808 5286 3932 5342 ἆν-

2243 5377 2699 5451 τιπαρατάξασθαι
2763 5372 2979 5449 βασιλεῖ
3028 5374 3316 5447 Ῥωμαίων
3371 5374 3687 5449 ἀσύμφορον
3750 5375 3931 5451 αὐτῷ

2249 5458 2647 5520 συνεϐούλευεν.
2678 5461 2840 5518 Ἀλλ’
2895 5462 3036 5519 οὕτω
3093 5463 3186 5536 μὶν
3243 5464 3400 5526 οὗτος
3432 5481 3445 5497 ’
3480 5464 3508 5518 ὁ
3542 5460 3599 5517 δὲ
3642 5463 3934 5540 βασιλεὺς

2247 5553 2598 5628 ἀναγκασθεὶς
2630 5550 2773 5626 ἐξῄει
2808 5551 2944 5625 μετά
2986 5559 3089 5621 τῆς
3140 5550 3345 5622 λοιπῆς
3394 5550 3646 5622 πληθύος
3692 5552 3771 5615 εἷς
3800 5557 3935 5626 τὴν

2245 5647 2352 5697 τῶν
2393 5641 2731 5716 πραγμάτων
2780 5642 2925 5705 θέαν.
2975 5639 3161 5716 Μέχρι
3201 5638 3247 5696 δ’
3306 5640 3535 5715 ἑσπέρας
3594 5639 3684 5697 ἐπί
3732 5662 3930 5701 τινων

2248 5728 2433 5813 λόφων
2464 5727 2656 5801 ἑστὼς,
2695 5727 2917 5808 ἐπείπερ
2965 5729 3065 5785 οὐκ
3109 5730 3223 5805 [ἦν]
3246 5730 3310 5786 τὸ
3359 5730 3930 5809 ἀντικαθιστάμινον,
