4060 6344
140 411 256 472 425

1677 385 2064 446 HISTORIA.

3452 395 3571 454 426

148 543 474 615 ὑπέστρεψεν
538 537 617 598 εἷς
675 535 774 603 τήν
832 524 1216 606 παρεμϐολήν.
1249 525 1348 581 Καὶ
1404 523 1602 578 αὐτίκα
1649 539 1839 594 περι-η

1950 524 2335 591 mperatorem
2372 536 2434 576 se
2477 521 2654 578 alecri
2705 524 2899 579 animo
2949 525 3304 594 conferebat,
3341 527 3574 598 cognito

146 610 404 708 χυοέντες
432 629 486 683 οἱ
515 629 753 700 Τοῦρκοι
782 621 950 693 τόξων
1001 615 1193 694 βολαῖς
1225 618 1304 690 [Ρ.
1531 610 1646 708 καὶ.
1675 628 1804 668 παρ·

148 698 432 776 ίππεύσεσι
489 698 660 792 φόϐον
719 711 782 768 οὑ
841 708 1036 784 μικρὸν
1083 710 1153 781 τῇ
1214 707 1438 781 στρατιᾷ
1466 698 1806 803 ἐνεποίησαν,

146 810 297 874 ἐντὸς
349 811 450 863 τοῦ
504 787 752 881 χάρακος
815 797 1153 887 βιαζόμενοι.
1327 795 1391 862 ἦν
1426 788 1692 887 ἀσὲληνος
1721 787 1811 887 6:15

145 903 314 955 ταῦτα
372 880 605 971 ἐγίνετο,
635 892 725 946 καὶ
787 888 1054 964 διάκρισις
1112 883 1332 950 ὀθνείων
1387 880 1478 936 καὶ
1534 880 1810 971 γνωστῶν,

150 964 464 1063 φευγόντων
496 981 584 1037 καὶ
619 978 924 1036 διωκόντων
959 977 1058 1031 οὐκ
1094 975 1186 1043 ἦν.
1220 973 1335 1063 διὰ,
1373 970 1552 1063 πάσης
1611 964 1667 1021 δὶ
1722 986 1812 1063 νυ-

148 1049 276 1135 ἑτὸὲ
310 1073 714 1147 περιηχοῦντες
743 1068 879 1136 ἦσαν
913 1065 1182 1140 ὑλαγμοῖς
1236 1061 1472 1132 ἀσήμοις
1502 1056 1566 1147 το
1597 1051 1815 1147 στρατόζ-

153 1161 346 1229 πεδον,
385 1139 764 1224 ’ὡς’-ἅπαντας
808 1139 1242 1227 διανυκτερεῦσαι
1290 1146 1668 1222 ἠνευπγμὲνοις
1724 1139 1814 1195 καὶ

150 1253 454 1329 ἀγρύπνοις
481 1253 601 1309 τοῖς
641 1242 875 1320 ὄμμασι.
907 1238 1125 1316 Πρωίας
1183 1237 1241 1294 δὲ
1289 1234 1592 1329 γενομένης
1651 1231 1818 1329 μοῖρά

261 1333 759 1411 Οὑζικὴ,ἕξαρχον
819 1331 1024 1408 ἔχουσα
1049 1332 1237 1404 Ταμῆν
1297 1348 1414 1383 τινα
1471 1323 1642 1384 οὕτως
1695 1320 1816 1374 ὀνο-

162 1431 475 1505 μαζόμενον
529 1426 632 1482 ὑπὸ
677 1422 966 1514 ΤορδικίιρΔ
1007 1425 1085 1492 τῷ
1123 1418 1414 1514 ⁸,Κοτέρτζῇ
1469 1411 1816 1514 ταττόμενον,

155 1502 269 1582 τοῖς
312 1502 614 1576 ⁷ἐναντίοις
698 1509 1009 1587 προσεῤῥύη
1048 1528 1060 1541 ·
1117 1507 1247 1580 ὅπερ
1331 1506 1434 1559 οὐκ
1492 1502 1569 1563 εἰς
1620 1502 1814 1574 μικρὰν

159 1608 400 1686 ἀγωνίαν
478 1605 605 1667 τοὺς
684 1600 992 1674 Ῥωμαίους
1078 1591 1352 1662 ἐνέϐαλεν,
1422 1588 1820 1686 ὑποπτεύοντας

157 1675 243 1754 καὶ
297 1698 366 1752 τὸ
415 1693 613 1750 λοιπὸν
671 1687 820 1752 ἔθνος
879 1689 956 1753 ὡς
1034 1685 1326 1759 πολὲμιον.
1385 1680 1542 1742 Τινὶς
1602 1675 1659 1732 δὶ
1714 1680 1822 1731 τῶν

159 1791 341 1857 πεζῶν
401 1782 632 1856 ἐξιόντες
689 1779 944 1853 Τούρκων
996 1773 1208 1831 ἀνεῖλον
1271 1769 1562 1857 πολλοὺς,
1608 1766 1818 1857 βέλεσιν

158 1854 462 1949 ἑκηϐόλοις
514 1872 606 1928 καὶ
664 1866 1013 1946 ἀγχεμάχοις
1071 1861 1428 1938 ἀμυντηρίοις
1477 1855 1700 1949 ὅπλοις,
1731 1854 1818 1909 καὶ

161 1945 258 2037 τῆς
315 1957 685 2041 παρεμϐολῆς
716 1945 992 2036 ἐκστῆναι
1049 1953 1398 2028 παρὲπεισαν.
1439 1950 1502 2006 ⁸0
1534 1945 1617 2041 *δὲ
1669 1945 1821 2041 βασι-

164 2033 292 2118 λεὺς
355 2033 748 2128 ταχυδρόμους
831 2034 1155 2108 ἀποστείλας
1210 2041 1290 2105 εἷς
1346 2041 1408 2096 τὸ
1477 2033 1822 2128 Χλίατᾳτοὺς

171 2146 351 2202 ἐκεῖσε
397 2122 677 2218 ἦγεμόνας
709 2136 890 2193 ἐκάλει
926 2135 1061 2208 μετά
1113 2137 1221 2189 τῶν
1285 2131 1374 2187 ὑπ’
1411 2126 1632 2218 αὐτοὺςΔ
1663 2122 1824 2179 δυνά-

173 2256 346 2309 μεων,
375 2213 685 2306 παραυτίκα
725 2225 898 2292 θὲλων
957 2224 1269 2302 ἀγχεμάχῳ
1319 2218 1556 2309 πολὲμω
1613 2213 1826 2309 δια-κρί-

172 2303 258 2380 ναι
345 2323 416 2378 τὰ
459 2303 805 2396 ’πράγματι
864 2313 962 2370 Καὶ
1042 2310 1321 2386 ἀναμένων
1383 2310 1482 2378 τήν
1542 2305 1592 2379 ἐξ
1652 2303 1826 2360 αὑτῶν

177 2414 441 2488 βοήθειαν
470 2391 562 2465 τὸν
619 2391 807 2480 καιρὸν
862 2398 1160 2472 τηνάλλως
1216 2393 1445 2488 ἕτριβεν·
1476 2397 1610 2488 ἦσαν
1644 2395 1746 2488 γὰρ
1778 2391 1830 2447 οἳ

171 2483 279 2557 τῶν
314 2498 527 2564 ἄλλωνξ
561 2494 797 2568 μάλιστα
850 2493 950 2561 τήν
1006 2487 1302 2566 πυρῥίχιον
1335 2483 1834 2560 ἐκμεμελετηκότες

177 2588 437 2666 ὄρχησιν.
469 2587 556 2648 ’Θς
588 2582 635 2640 δ’
655 2581 953 2659 ἀπεγνώκει
981 2581 1081 2650 τὴν
1121 2579 1228 2634 ἀπὸ
1283 2575 1489 2666 τούτων
1553 2574 1831 2666 βοήθειαν,

173 2662 418 2750 κωλυμᾶ
473 2697 525 2730 τι
585 2673 718 2729 εἶναι
779 2668 1117 2730 ὑποπτεύσας
1193 2665 1476 2722 ἐσκέπτετο
1538 2662 1671 2737 μετά
1726 2665 1831 2715 τῶν

176 2767 454 2822 συνόντων
509 2763 585 2826 εἷς
633 2764 733 2832 τὴν
792 2757 1070 2836 ὑστεραίαν
1130 2755 1568 2832 διαγωνίσασθαι.
1624 2751 1835 2826 Ἢγνόει

177 2855 235 2912 δὲ
267 2854 378 2930 ἄρα
401 2856 478 2916 ὡς
506 2855 533 2908 6
560 2849 984 2926 Ταρχανειώτης
1015 2845 1348 2922 παραπείσας
1404 2844 1490 2898 καὶ
1550 2842 1642 2897 τὸν
1681 2841 1837 2896 Ῥου-

178 2944 373 3002 σέλιον
429 2941 699 2998 συνελθεῖν
752 2944 832 3012 τῷ
893 2937 1110 3015 βασιλεῖ
1138 2932 1616 3012 προθυμούμενον,
1653 2930 1836 3003 μαθὼν

179 3037 284 3104 τὴν
314 3037 416 3089 τοῦ
450 3029 749 3087 σουλτάνου
811 3025 988 3103 ἄφιξιν
1039 3027 1130 3082 καὶ
1183 3027 1282 3096 τὴν
1344 3023 1510 3079 αὑτοῦ
1557 3019 1693 3076 κατὰ
1741 3021 1839 3073 τοῦ

185 3123 469 3201 βασιλέως
527 3117 828 3189 ἐπέλευσιν,
859 3114 988 3193 ἄρας
1035 3115 1165 3177 τοὺς
1223 3113 1358 3191 ἀμφ’
1389 3111 1548 3201 mare»;
1603 3110 1840 3201 ἅπαντας

181 3197 274 3269 διὰ
324 3219 427 3282 τῆς
482 3207 905 3281 Μεσοποταμίας
964 3205 1136 3284 γυγᾶς
1196 3203 1426 3280 ἀγεννῶς
1481 3197 1556 3261 εἰς
1610 3197 1678 3253 τὰ
1705 3197 1842 3250 Ῥω-

1915 607 2145 664 Sultani
2172 609 2452 666 adversus
2477 612 2889 683 imperatorem
2942 615 3188 670 adventu
3213 631 3350 671 cum
3382 616 3572 672 omni-

1918 697 2028 752 bus
2050 697 2174 753 suis
2199 715 2301 770 per
2317 699 2799 772 Mesopotamiam
2813 701 2966 758 haud
2987 703 3236 776 gloriose
3251 705 3572 778 fugientem

1917 785 1974 841 in
2025 787 2422 844 Romanorum
2474 789 2770 860 regionem
2804 791 3112 860 invasisse,
3170 793 3334 850 nulla
3383 812 3574 866 neque

1919 875 2142 930 domini
2161 876 2252 932 sui
2273 894 2461 949 neque
2489 878 2718 934 honesti
2745 879 2946 935 habita
2968 882 3213 938 ratione.
3246 887 3576 954 Imperator

1920 964 2124 1037 igitur,
2157 971 2222 1020 ut
2247 967 2650 1034 constituerat,
2685 969 2836 1024 696
2869 969 3154 1026 instructo
3184 972 3256 1027 ad
3305 972 3573 1044 praelium

1922 1053 1981 1109 in
2017 1059 2313 1126 posterum
2362 1057 2518 1112 diem
2551 1057 2830 1126 exercitu,
2863 1076 3002 1115 suas
3033 1077 3124 1116 res
3163 1062 3572 1133 componebat,

1924 1143 2285 1200 adhucintra
2299 1144 2514 1216 region:
2536 1146 2968 1202 tabernaculum
2984 1149 3578 1223 consistens,quando

1925 1249 1959 1286 a
1989 1231 2246 1304 Scythis,
2279 1232 2411 1289 Uzis
2441 1234 2706 1306 inquam,
2741 1235 2839 1306 qui
2871 1252 3005 1294 cum
3039 1238 3168 1310 ipso
3206 1244 3392 1307 erant,
3422 1245 3579 1296 metu

1925 1319 2232 1388 liberatus,
2267 1323 2948 1395 consuetojurejurando
2969 1325 3157 1396 ipsum
3190 1328 3577 1385 confirmavit.

1926 1409 2152 1465 Interea
2187 1411 2326 1466 dum
2361 1411 2483 1467 haec
2536 1413 2742 1468 fierent
2771 1419 2828 1470 et
2859 1415 3079 1471 milites
3135 1422 3193 1472 et
3241 1417 3478 1474 ordines
3512 1435 3580 1474 ac

1928 1497 2215 1570 manipuli
2265 1500 2477 1555 armati
2523 1501 2580 1556 in
2613 1501 2783 1574 equis
2827 1504 3240 1573 consisterent,
3274 1523 3307 1561 a
3337 1505 3583 1563 Sultano

1927 1586 2099 1658 legati
2154 1604 2384 1659 venere,
2417 1589 2516 1661 qui
2564 1607 2765 1662 pacem
2809 1591 3076 1664 utrisque
3120 1595 3580 1664 annuntiarent;

1931 1693 2080 1748 quos
2111 1676 2351 1748 quidem
2383 1677 2704 1751 imperator
2731 1681 3039 1754 excepit,et
3055 1683 3413 1755 colloquium
3437 1683 3582 1756 ipsis

1931 1768 2258 1823 secundum
2283 1767 2708 1840 legationisjus
2734 1771 3066 1843 impertitus
3087 1776 3196 1840 est,
3237 1791 3352 1830 non
3383 1778 3582 1830 tamen

1931 1871 2030 1912 eos
2053 1856 2305 1929 benigne
2327 1861 2384 1913 et
2408 1858 2662 1914 humane
2682 1860 2967 1916 tractavit.
3003 1861 3416 1919 Verumtamen
3446 1881 3581 1920 cum

1933 1946 2396 2017 consensissent,
2428 1963 2659 2004 crucem
2689 1947 2808 2003 illis
2835 1949 3095 2019 tradidit,
3127 1969 3243 2024 qua
3271 1953 3584 2009 ostenden-

1933 2034 2009 2090 da
2057 2039 2487 2092 reverterentur
2541 2036 2869 2094 incolumes
2926 2042 2984 2095 et
3041 2039 3227 2110 illaesi,
3260 2058 3294 2096 a
3341 2041 3586 2098 Sultano

1935 2140 2219 2196 responsa
2245 2127 2582 2182 referentes.
2599 2127 2863 2199 Speravit
2884 2128 3038 2184 enim
3063 2128 3358 2202 insperato
3380 2132 3587 2187 nuntio

1937 2213 2146 2284 elatus,
2179 2214 2300 2271 fore
2331 2219 2396 2271 ut
2425 2215 2705 2272 Sultanus
2738 2217 2938 2274 relicto
2979 2219 3213 2290 proprio
3261 2225 3588 2277 castrorum

1941 2304 2064 2359 loco
2089 2303 2336 2360 ulterius
2364 2321 2710 2377 progressus
2735 2312 2929 2364 castra
2952 2311 3212 2380 poneret,
3245 2315 3304 2364 et
3333 2310 3458 2382 ipse
3490 2327 3591 2367 eo—

1941 2394 2072 2448 dem
2125 2392 2181 2447 in
2233 2393 2357 2448 loco
2410 2394 2508 2449 ubi
2559 2396 2723 2466 prius
2783 2395 3066 2453 Sultanus
3115 2397 3327 2455 fuisset
3371 2399 3591 2455 vallum

1942 2486 2397 2550 construeret,et
2418 2487 2556 2539 tunc
2579 2485 2650 2539 ad
2679 2487 3166 2542 consentiendum
3198 2488 3310 2544 sibi
3343 2493 3401 2545 et
3431 2489 3593 2561 pacis

1945 2571 2135 2627 fmdus
2161 2573 2605 2643 percutiendum
2639 2576 2976 2643 accederet;
3009 2593 3199 2649 neque
3229 2577 3595 2635 animadver-

1945 2661 2017 2716 tit
2038 2677 2100 2715 se
2123 2677 2238 2733 prae
2262 2661 2444 2717 animi
2481 2661 2733 2719 elatione
2753 2663 3055 2720 victoriam
3078 2665 3348 2722 hostibus
3380 2684 3592 2724 conce-

1947 2751 2102 2816 dere,
2137 2752 2637 2822 quemadmodum
2673 2752 2709 2806 ii
2739 2754 2836 2823 qui
2880 2753 3023 2810 talia
3053 2760 3322 2813 accurate
3369 2758 3594 2814 exami-

1946 2848 2087 2896 nant
2115 2841 2400 2911 conjicere
2421 2857 2797 2908 consuevere,
2815 2860 2951 2899 cum
2976 2844 3237 2901 misisset
3267 2847 3380 2918 ipsi
3410 2847 3592 2905 telum

1949 2931 2105 3003 quod
2139 2931 2388 2986 maxime
2436 2931 2506 2986 ad
2557 2931 2864 2988 victoriam
2916 2933 3167 3005 pertinet
3213 2940 3270 2991 et
3316 2936 3478 2993 illius
3508 2942 3600 2995 est

1949 3019 2542 3092 symbolum,crucem
2565 3020 2852 3077 videlicet.
2870 3021 3142 3080 Nondum
3169 3025 3342 3082 tinem
3367 3026 3599 3098 habuit,

1950 3125 2138 3180 neque
2189 3109 2515 3181 legatorum
2566 3115 2934 3183 exspectatus
2985 3112 3173 3168 fuerat
3203 3114 3512 3184 adventus,
3543 3121 3603 3172 et

1952 3198 2192 3270 quidam
2225 3214 2295 3254 ex
2322 3198 2393 3254 iis
2429 3199 2526 3270 qui
2564 3199 2812 3256 maxime
2844 3200 3165 3258 familiares
3215 3209 3382 3260 erant
3410 3205 3600 3277 impe-

184 3265 678 3378 μαίωνμένὲϐαλε,
743 3265 1175 3369 μηδέναιλόγον
1232 3265 1328 3346 τοῦ
1384 3287 1670 3354 δεσπότου,
1701 3287 1839 3378 μήτε

1950 3265 2209 3356 ratori,ei
2242 3265 2596 3360 persuadent
2643 3293 2707 3345 ut
2738 3306 2939 3362 pacem
2972 3291 3248 3364 negligat,
3282 3293 3453 3365 quasi
3481 3265 3603 3350 rem

182 3375 295 3464 μὴν
325 3393 426 3445 τοῦ
454 3387 662 3448 εῗκύτος
691 3387 718 3441 6
751 3382 988 3445 δείλαιος
1031 3381 1420 3453 ποιησάμενος.
1453 3379 1513 3435 Ὁ
1567 3380 1695 3451 γοῦν
1746 3375 1842 3443 βα-

179 3479 376 3540 σιλεὺς
426 3476 567 3532 κατᾶ
618 3476 681 3530 τὸ
739 3472 1113 3549 συγκείμενον,
1161 3471 1260 3538 τήν
1321 3468 1396 3530 εἷς
1447 3468 1536 3522 τὸν
1595 3464 1842 3538 πόλεμον

179 3566 539 3646 παρασκευὴν
586 3565 641 3628 ἐς
694 3565 792 3632 τὴν
846 3559 1030 3638 αὔριον
1110 3557 1396 3636 ἐξαρτύσας
1453 3557 1520 3611 τὰ
1573 3555 1692 3610 κατ’
1747 3552 1845 3607 αύ-

178 3643 278 3715 τὸν
311 3655 645 3720 διετάττετο,
676 3649 754 3708 ἔτι
805 3654 903 3721 τῆς
958 3647 1236 3724 βασιλείου
1276 3648 1481 3716 σκηνῆς
1540 3643 1688 3705 ἐντὸς
1719 3652 1846 3706 καθ-

185 3745 513 3818 ιστάμενος,
545 3733 710 3797 ὁπότε
754 3739 937 3794 καὶτὸ
994 3736 1054 3791 ἐκ
1107 3739 1216 3790 τῶν
1278 3733 1540 3788 συνόντων
1602 3733 1849 3795 Σκυθῶν,

183 3841 300 3890 τῶν
343 3830 562 3900 Οῧζων,
595 3827 764 3904 φημὶ,
798 3825 918 3890 δέος
971 3822 1370 3900 ἀφαιρούμενος
1429 3820 1577 3896 ὅρκῳ
1633 3820 1852 3887 συνήθει

189 3933 302 3995 τῆς
335 3924 512 3990 αὑτῆς
540 3917 828 3994 Θρησκείας
885 3914 1044 3970 αὑτὸν
1103 3910 1563 3990 κατησιραλίσατο.
1597 3910 1682 3965 Ἐν
1741 3906 1853 3978 ὅσῳ

193 4011 258 4068 δὶ
320 4011 389 4066 τὰ
441 4011 669 4063 τοιαῦτα
726 4003 1016 4081 ἐπράττετο
1092 4001 1182 4056 καὶ
1240 4002 1293 4056 οἱ
1350 4002 1673 4074 στρατιῶται
1720 3997 1856 4050 κατά

189 4103 378 4173 ταξεις
409 4099 501 4154 καὶ
534 4097 743 4172 λόχους
771 4080 860 4149 ἐπὶ
883 4098 989 4147 τῶν
1026 4090 1211 4147 ’ίππων
1270 4089 1549 4168 ἐφίσταντο
1608 4080 1854 4153 ἔνοπλοι,

190 4184 462 4264 πρεσϐεις
516 4185 652 4254 ἧκον
710 4182 771 4238 ἐκ
818 4185 916 4238 τοῦ
947 4179 1246 4236 σουλτάνου
1273 4180 1372 4246 τὴν
1405 4177 1626 4250 εἰρήνην
1679 4174 1858 4264 ἀμφο-

185 4261 379 4355 τέροις
442 4269 990 4347 ἐπικηρυκευόμενοι.
1051 4271 1114 4327 Ὀ
1173 4265 1230 4323 δέ
1312 4265 1564 4343 βασιλεὺς
1648 4261 1860 4336 ἐδέξατο

195 4371 302 4443 μὶν
364 4364 564 4426 αὑτοὺς
621 4363 712 4418 καὶ
767 4361 946 4436 λόγων
998 4358 1183 4420 αὑτοῖς
1213 4356 1304 4412 καὶ
1334 4356 1518 4429 νόμων
1576 4359 1683 4408 τῶν
1731 4373 1862 4428 πρε-

195 4442 486 4532 σϐυτέρων
532 4448 856 4526 μετέδωκεν,
890 4450 953 4504 οὑ
984 4447 1123 4503 πάνυ
1178 4446 1235 4502 δὲ
1279 4446 1505 4507 τούτους
1548 4442 1865 4522 φιλανθρώ-

193 4568 326 4609 πως
359 4531 600 4616 ἐδέξατο.
635 4541 828 4613 ’Όμως
855 4536 904 4594 δ’
933 4537 1024 4593 οὖν
1066 4534 1442 4598 συνεπινεύσας
1491 4534 1582 4589 καὶ
1637 4531 1864 4605 σταυρὸν

1952 3395 2081 3450 quae
2121 3378 2412 3433 mendacii
2462 3378 2618 3434 haud
2669 3395 2875 3450 expers
2915 3380 3234 3453 decepture
3281 3384 3361 3438 sit
3407 3384 3605 3456 potius

1953 3484 2129 3539 quam
2162 3466 2431 3522 utilitatis
2451 3467 2674 3538 aliquid
2698 3469 2847 3524 697
2894 3469 3140 3525 allatura
3166 3488 3179 3526 :
3205 3471 3412 3529 timere
3443 3473 3602 3529 enim

1953 3557 2406 3629 suspicabantur
2435 3556 2768 3627 Sultanum,
2803 3559 2956 3630 quod
2992 3577 3104 3614 non
3137 3560 3380 3618 idoneas
3405 3563 3603 3634 copias

1956 3646 2218 3715 haberet,
2253 3647 2352 3700 sed
2377 3651 2712 3716 exspectare
2733 3663 2832 3702 eos
2863 3647 2963 3718 qui
2987 3665 3019 3703 a
3039 3654 3202 3720 tergo
3232 3649 3607 3722 insequeren-

1957 3740 2138 3804 tur,et
2165 3736 2404 3790 obtentu
2439 3736 2598 3806 pacis
2621 3741 2851 3808 tempus
2883 3737 3135 3794 differre.
3171 3737 3259 3793 Illi
3289 3738 3471 3810 igitur
3499 3740 3598 3810 qui

1959 3841 2092 3882 cum
2138 3823 2377 3878 Sullano
2407 3829 2573 3879 erant
2620 3841 2721 3896 per
2749 3842 2813 3880 se
2845 3826 3090 3882 reversis
3120 3827 3327 3900 legatis
3359 3829 3430 3884 de
3461 3845 3602 3900 pace

1962 3913 2728 3985 colloquebantur,eamque
2750 3913 2989 3969 omnino
3011 3915 3299 3988 integram
3323 3917 3448 3972 ﬁeri
3479 3923 3604 3972 stu-

1963 4005 2202 4060 debant.
2235 4002 2554 4074 Imperator
2571 4007 2768 4058 autem
2787 4020 2902 4058 non
2919 4003 3142 4060 indicto
3165 4022 3269 4077 per
3284 4023 3607 4077 preconem

1966 4092 2137 4159 bello,
2171 4109 2306 4148 cum
2340 4090 2654 4147 classicum
2689 4092 3018 4163 cecinisset,
3049 4099 3266 4150 temere
3297 4094 3612 4152 clamorem

1968 4182 2228 4237 sustulit.
2253 4183 2388 4247 Quae
2420 4180 2575 4236 fama
2601 4197 2732 4236 cum
2766 4182 2836 4236 ad
2872 4181 3070 4238 hostes
3103 4185 3482 4255 pervenisset,
3517 4201 3617 4241 eos

1971 4271 2221 4327 maxime
2269 4269 2534 4342 perculit.
2565 4269 2655 4324 llli
2712 4269 2892 4342 igitur
2949 4269 3240 4328 instructa
3282 4279 3339 4329 et
3393 4279 3620 4330 armata

1971 4357 2564 4414 inutilimultitudine
2580 4358 2826 4415 ulterius
2839 4360 3434 4431 progrediebantur.A
3458 4368 3620 4436 tergo

1972 4464 2108 4505 vero
2133 4447 2277 4503 aciei
2300 4448 2371 4502 ad
2394 4447 2658 4519 prtelium
2679 4447 2980 4505 instructa:
2999 4452 3252 4521 speciem
3268 4453 3622 4523 praebebant.

1976 4537 2087 4594 Sed
2121 4535 2312 4608 magis
2343 4534 2426 4589 illi
2459 4536 2530 4590 ad
2573 4537 2916 4608 fugiendum
2968 4539 3434 4611 concitabantur,
3469 4542 3626 4613 quod

193 4636 398 4696 αὑτοῖς
447 4628 772 4687 ἐπιδέδωκεν
820 4629 958 4701 (44),
1001 4623 1094 4681 ’ίνα
1141 4628 1208 4699 τῇ
1255 4621 1507 4694 ἐπιδείξει
1567 4617 1839 4677 ἀϐλαϐλεῖ

1978 4626 2242 4682 viderent
2259 4629 2653 4681 Romanorum
2675 4625 2997 4699 phalanges
3035 4628 3357 4686 instructas
3379 4632 3448 4686 ad
3482 4648 3627 4702 prae-

199 4725 353 4797 πρὸς
409 4720 573 4777 αὑτὸν
633 4718 1035 4794 ὑποστρέψωσι,
1094 4714 1416 4788 κομίζοντες
1483 4710 1743 4787 ἀγγελίας
1808 4707 1868 4772 ἃς

198 4813 266 4870 ἂν
332 4810 393 4866 ἐκ
448 4813 547 4864 τοῦ
605 4805 904 4862 σουλτάνου
952 4805 1238 4860 πύθοιντο.
1291 4799 1580 4872 Δεδήλωκε
1635 4799 1734 4876 γὰρ
1792 4803 1873 4871 τῷ

200 4899 528 4970 ἀνελπίστῳ
585 4901 685 4952 τοῦ
740 4895 1060 4969 μηνύματος
1117 4891 1389 4969 ἐπαρθείς,
1416 4887 1486 4944 ⁹ίν’
1517 4889 1544 4943 6
1575 4887 1873 4949 σουλτάνος

194 4989 538 5048 καταλιπὼν
574 4987 669 5042 τὸν
695 4987 862 5042 τόπον
892 4987 993 5055 τῆς
1053 4982 1194 5044 ἰδίας
1239 4975 1598 5056 παρεμϐολῆς
1657 4976 1874 5054 πόρῥω-

195 5081 358 5155 τέρω
391 5072 946 5152 στρατοπεδεύσηται,
979 5074 1007 5128 ὁ
1040 5069 1097 5126 δὲ
1146 5069 1400 5146 βασιλεὺς
1457 5067 1507 5123 ἐν
1557 5066 1743 5140 ἐκείνῳ
1799 5071 1878 5138 τῷ

202 5171 372 5242 τόπῳ
404 5169 469 5230 ’ὸς
500 5168 594 5221 τὸν
655 5163 949 5220 σουλτάνον
1009 5161 1126 5236 εἶχε
1179 5160 1441 5236 πρότερον
1503 5156 1876 5242 ἐπικατᾳπτίξῃ

204 5262 315 5315 τὸν
380 5256 624 5333 χάρακα,
669 5256 750 5327 [Ρ.
799 5255 926 5326 840]
984 5253 1281 5322 τηνικαῦτα
1333 5247 1470 5319 πρὸς
1525 5241 1881 5317 συμϐιϐἀσεις

204 5349 370 5419 αὐτῷ
400 5346 689 5422 χωρήσας.
722 5340 923 5406 Ἐλαθε
949 5337 1006 5396 δὶ
1041 5341 1141 5410 τήν
1185 5339 1340 5410 νίκην
1391 5337 1494 5392 ὑπὸ
1555 5335 1880 5414 ὑψηλοφρο-

196 5437 381 5507 σύνης
408 5439 526 5497 τοῖς
579 5431 844 5494 ἐναντίοις
894 5428 1353 5503 καταπροέμενος,
1387 5425 1568 5490 καθὼς
1638 5425 1695 5480 οἱ
1752 5425 1879 5503 περὶ

1981 4715 2129 4773 lium
2155 4715 2358 4771 ordine
2390 4715 2677 4786 progredi.
2713 4715 2783 4769 Et
2813 4715 2896 4769 illi
2927 4717 3165 4786 quidem
3222 4723 3375 4774 retro
3407 4736 3633 4791 proces-

1982 4805 2540 4874 serunt.Imperator
2560 4807 2755 4858 autem
2780 4819 2908 4858 cum
2933 4803 3093 4858 omni
3117 4807 3373 4862 exercitu
3405 4824 3438 4862 a
3469 4812 3633 4878 tergo

1981 4895 2144 4967 ipsos
2193 4894 2692 4964 persecutusest,
2743 4892 2935 4962 quoad
2986 4893 3174 4949 noctis
3221 4896 3631 4967 crepusculum

1986 4981 2235 5039 advenit.
2270 4981 2413 5036 Cum
2436 4979 2760 5052 imperator
2783 4981 3150 5037 adversarios
3172 4998 3289 5037 non
3311 4983 3636 5056 habuisset,

1988 5089 2176 5144 neque
2198 5070 2298 5143 qui
2323 5069 2433 5124 sibi
2461 5068 2713 5141 Oppositi
2744 5072 3640 5144 repugnarent,otfendissetque

1987 5177 2170 5218 vacua
2192 5178 2224 5215 a
2247 5159 2535 5214 militibus
2570 5160 2762 5212 castra
2786 5161 2842 5212 et
2867 5174 2899 5211 a
2928 5159 3298 5228 custodibus,
3333 5161 3484 5230 quod
3517 5161 3640 5215 ido-

1991 5267 2098 5307 neo
2130 5265 2374 5304 numero
2406 5247 2604 5302 minus
2635 5246 2977 5315 abundaret,
3005 5251 3069 5302 ut
3099 5253 3296 5319 posset
3328 5249 3406 5304 ibi
3441 5248 3645 5322 praesi-

1991 5340 2088 5395 dia
2120 5337 2468 5408 relinquere,
2519 5334 2727 5390 statuit
2778 5334 2929 5389 haud
2985 5335 3243 5408 amplius
3287 5354 3416 5394 esse
3449 5353 3647 5410 perse-

1994 5428 2319 5501 quendum,
2352 5442 2423 5481 ne
2453 5441 2515 5481 se
2547 5423 3008 5496 incompositum
3030 5425 3228 5482 Turcaa
3262 5427 3650 5500 aggrederen-

1536 5561 1784 5619 JACOBI
1827 5561 2052 5620 GOARI
2092 5560 2327 5619 NOTIE.

277 5671 401 5744 (24)
432 5666 700 5744 Qualiter
726 5683 871 5744 crux
900 5664 961 5721 in
993 5662 1200 5720 charta
1229 5661 1461 5734 depicta
1490 5662 1571 5720 sit
1598 5661 1734 5718 fidei
1765 5663 1915 5719 datis
1949 5662 2161 5736 pignus
2182 5663 2240 5714 et
2261 5657 2655 5730 jurisjurandi
2691 5656 3050 5730 symbolum,
3084 5661 3228 5714 nota
3275 5660 3349 5716 ad
3398 5656 3651 5718 Cedreni

204 5740 422 5821 p.527
453 5740 771 5798 edisset-ui.

553 5868 820 5930 Panos.
868 5864 981 5927 Gn.
1032 5861 1270 5925 CXXII.

3261 5857 3341 5920 ιι
