4078 6336
499 412 617 470 427

1842 410 2169 473 JOANNIS
2214 409 2618 470 SCYLlTZ/E

3799 415 3919 474 428

500 547 615 611 tur,
662 541 847 598 simul
901 541 1301 614 considerans,
1361 543 1409 599 si
1461 544 1716 617 amplius
1756 547 2130 600 cunctaretur

2267 541 2333 594 τὰ
2389 545 2611 595 τοιαῦτα
2669 537 3075 618 διακριϐοὖντες
3127 538 3526 614 συμϐάλλουσι,
3584 545 3646 600 τὸ
3704 568 3916 618 νικητι-

500 632 612 689 sibi
637 636 1121 704 superventuram
1158 637 1412 701 noctem,
1433 638 1491 689 et
1518 639 1659 689 tunc
1682 635 1904 690 Turcos
1928 632 2163 688 eminus

493 723 783 796 jacientes
813 739 842 778 e
874 721 1012 794 fuga
1053 723 1365 778 redituros.
1399 723 1502 778 His
1533 723 1604 778 de
1635 724 1852 792 causis,
1885 738 2161 778 converso

500 810 659 884 regio
691 811 884 884 signo,
921 812 1193 883 przecepit
1224 811 1438 867 milites
1485 813 1691 867 redire.
1727 816 1945 867 Verum
1981 811 2020 866 ii
2054 809 2157 881 qui

500 900 703 974 procul
737 900 889 955 698
920 899 1240 973 phalanges
1271 900 1586 970 habebant,
1619 901 1943 974 conspicati
1988 899 2160 971 signa

501 997 654 1047 retro
701 1008 983 1048 conversa
1030 991 1255 1046 cladem
1317 992 1386 1046 ab
1446 991 1798 1064 imperatore
1855 995 2155 1063 acceptam

500 1080 784 1151 suspicati
809 1085 1098 1137 sunt.Imo
1121 1097 1252 1136 vero
1267 1081 1506 1153 quidam
1525 1082 1677 1137 exiis
1700 1081 1864 1152 quiei
1889 1081 2154 1146 aderant,

489 1168 872 1224 Andronicus
930 1170 1174 1224 Caesaris
1235 1169 1785 1242 ﬁliusimperatoris
1849 1167 2151 1240 patruelis,

497 1261 632 1313 ante
663 1257 982 1314 meditatus
1015 1258 1285 1326 insidias,
1322 1256 1449 1330 ipse
1480 1275 1583 1330 per
1611 1277 1674 1314 se
1706 1258 1880 1314 talem
1933 1258 2150 1312 famam

496 1347 928 1417 disseminavit,
950 1350 1160 1402 etcum
1186 1347 1477 1403 militibus
1500 1365 1648 1419 quos
1671 1347 1922 1402 habebat
1943 1346 2054 1402 cito
2079 1347 2148 1402 ad

495 1440 690 1491 castra
713 1452 774 1491 se
795 1435 1083 1505 contulit;
1109 1453 1281 1507 quem
1325 1437 1532 1508 reliqui
1575 1453 1809 1508 quoque
1831 1436 2045 1491 imitati
2077 1437 2146 1491 ad

495 1540 680 1578 unum
709 1541 912 1580 omnes
946 1526 1162 1595 lugere.
1199 1527 1523 1596 Imperator
1546 1531 1740 1580 autem
1773 1525 2147 1596 conspicatus

494 1613 551 1668 id
593 1616 746 1686 quod
781 1620 1002 1670 temere
1032 1616 1216 1682 ﬁeret,
1251 1631 1488 1670 suorum
1525 1616 1746 1687 fugam,
1781 1621 1845 1671 ut
1876 1632 2002 1671 mos
2034 1619 2142 1682 est,

498 1719 597 1758 eos
623 1719 922 1770 revocans,
956 1703 1202 1758 sistebat
1226 1721 1238 1759 :
1265 1720 1468 1759 verum
1495 1721 1664 1759 nemo
1688 1703 1966 1759 obediens
1997 1707 2142 1758 erat.

492 1791 824 1847 Adversarii
848 1808 981 1847 vero
1005 1791 1064 1846 in
1088 1791 1336 1847 tumulis
1358 1793 1766 1858 consistentes,
1801 1809 1934 1847 cum
1967 1791 2140 1848 vidis-

493 1886 699 1940 sentid
724 1886 878 1955 quod
915 1885 1072 1941 nulla
1111 1886 1336 1941 ratione
1377 1887 1557 1958 ﬁeret,
1591 1891 1826 1957 repente
1857 1888 2144 1942 Romano-

491 1991 622 2029 rum
659 1975 1046 2030 infortunium
1078 1975 1321 2030 Sultano
1371 1976 1634 2031 studiose
1667 1976 2008 2032 renuntiant
2041 1994 2054 2031 :
2086 1981 2143 2031 et

491 2064 563 2118 ad
585 2065 944 2120 redeundum
970 2064 1284 2132 concitant,
1305 2067 1521 2137 quippe
1539 2065 1660 2136 jam
1685 2070 1739 2120 et
1762 2065 1886 2137 ipse
1909 2065 2141 2138 fugiens

488 2169 522 2208 a
551 2153 676 2208 suis
697 2153 904 2209 castris
927 2153 1124 2224 procul
1151 2154 1374 2209 aberat.
1406 2155 1619 2210 Statim
1645 2155 1827 2227 igitur
1865 2172 2000 2210 cum
2034 2155 2141 2210 im-

489 2248 753 2314 peratore
781 2260 911 2298 acre
946 2243 1209 2313 praelium
1243 2244 1445 2299 initur.
1477 2252 1736 2317 Cumque
1766 2263 1904 2301 suos
1929 2245 2141 2316 jussis-

486 2337 576 2387 set
627 2331 868 2387 minime
897 2333 1100 2388 cedere
1150 2349 1339 2404 neque
1372 2333 1627 2389 molliter
1657 2334 1880 2406 aliquid
1929 2335 2136 2407 facere,

487 2420 590 2476 sed
621 2425 891 2476 strenuos
923 2427 980 2476 et
1010 2421 1187 2476 fortes
1216 2422 1371 2478 viros
1403 2440 1464 2479 se
1497 2425 1773 2495 praabere,
1793 2423 2137 2496 aliquandiu

488 2508 719 2564 fortiter
747 2510 978 2565 restitit.
1011 2510 1123 2566 Sed
1163 2529 1297 2567 cum
1329 2512 1563 2568 interim
1596 2513 1695 2568 alii
1728 2519 1887 2568 extra
1919 2513 2135 2569 vallum

489 2598 1080 2670 fugerent,explorata
1114 2600 1268 2655 fama
1299 2602 1497 2657 minus
1520 2602 1892 2667 audiebatur,
1919 2602 2136 2673 quippe

488 2703 622 2742 cum
641 2686 738 2742 alii
763 2687 920 2743 aliud
945 2690 1305 2756 nuntiarent,
1340 2690 1398 2744 bi
1422 2689 1669 2758 cladem,
1706 2691 1787 2745 illi
1811 2691 2135 2761 victoriam,

487 2782 546 2831 et
581 2777 831 2832 obscura
870 2784 1046 2848 atque
1073 2777 1296 2833 incerta
1334 2780 1730 2847 dissererent;
1766 2781 1920 2850 quod
1957 2779 2133 2835 etiam

487 2882 556 2921 ex
586 2865 1028 2937 Cappadocibus
1059 2867 1242 2936 aliqui
1274 2883 1376 2938 per
1405 2867 1596 2922 tribus
1646 2872 1699 2922 et
1738 2868 1932 2923 curias
1976 2869 2135 2924 abire

485 2959 872 3026 cmperunt,et
906 2954 1070 3010 multi
1103 2971 1170 3010 ex
1202 2956 1377 3026 regiis
1407 2956 1790 3027 equisonibus
1830 2975 1962 3013 cum
1989 2957 2136 3029 ipsis

483 3045 654 3115 equis
679 3044 1136 3110 revertebantur,
1163 3062 1233 3099 ne
1265 3046 1526 3100 viderent
1549 3045 1956 3117 imperatorem
1994 3063 2134 3102 con-

482 3134 1064 3204 tendentes.Eralque
1085 3133 1263 3189 veluti
1298 3139 1491 3190 motus
1521 3140 1578 3189 et
1612 3135 1801 3190 luctus
1825 3140 2134 3207 metusque

481 3221 864 3288 incredibilis,
899 3221 1105 3276 Turcis
1166 3223 1426 3294 undique
1474 3224 1626 3277 699
1677 3224 2129 3280 confluentibus.

2269 630 2512 685 κώτατον
2575 625 2856 704 σύμϐολον
3084 632 3415 695 ἀποστείλας
3473 633 3618 707 αὖτῷ
3641 635 3732 690 τὸν
3763 659 3917 693 σταυ-

2271 720 2378 793 ρόν.
2415 719 2583 776 Οὔπω
2638 718 2796 782 τέλος
2857 719 3012 798 ἔσχεν
3073 720 3188 776 οὐδ’
3219 724 3498 796 ἀναμονὴν
3549 725 3583 794 ἡ
3639 731 3747 780 τῶν
3795 728 3919 803 πρέ-

2270 804 2441 862 σϐεων
2493 807 2689 886 ἄφιξις,
2721 811 2808 864 καί
2867 831 3009 873 τινες
3065 815 3172 866 τῶν
3227 810 3528 887 ἐγγυτάτων
3589 814 3667 885 τῷ
3703 813 3916 888 βασιλεῖ

2267 898 2545 951 πείθουσιν
2576 898 2734 953 αὐτὸν
2796 894 3165 964 ἀποϐαλέσθαι
3224 901 3321 969 τὴν
3385 901 3606 975 εἰρήνην
3665 903 3737 964 ὡς
3790 907 3914 978 ψευ-

2268 983 2496 1059 δομένην
2529 987 2590 1041 τὸ
2624 984 2777 1064 ἔργον
2823 988 2912 1043 καὶ
2967 989 3253 1044 ἀπατῶσαν
3300 987 3513 1063 μᾶλλον
3572 989 3607 1060 ἢ
3654 991 3717 1046 τὸ
3775 1013 3910 1066 συμ-

2266 1075 2423 1153 φέρον
2486 1075 2798 1132 ἐθέλουσανο
2834 1074 3060 1133 δεδιέναι
3113 1079 3214 1154 γὰρ
3274 1075 3544 1136 ὑπέλαϐον
3591 1080 3682 1135 τὸν
3744 1081 3914 1137 σουλ-

2262 1165 2418 1220 τάνον
2454 1163 2542 1220 διὰ
2566 1167 2628 1220 τὸ
2662 1168 2736 1237 μή
2774 1165 3059 1242 ἀξιόλογον
3111 1165 3256 1243 ἔχειν
3321 1166 3572 1242 δύναμιν,
3603 1171 3907 1246 περιμένειν

2263 1251 2320 1308 δὲ
2376 1254 2501 1316 τοὺς
2555 1255 2782 1310 κατόπιν
2842 1256 3205 1332 ἀφικομένους
3260 1257 3350 1311 καὶ
3409 1257 3486 1330 τῷ
3552 1262 3909 1335 προσχήματι

2259 1351 2358 1412 τῆς
2412 1343 2632 1418 εἷρήνης
2695 1344 3039 1419 μετεωρίζειν
3101 1347 3192 1401 τὸν
3252 1346 3477 1422 χρόνον.
3539 1349 3601 1402 Οἱ
3663 1349 3755 1421 μὲν
3816 1348 3907 1403 οὖν

2258 1433 2379 1506 περῖ
2437 1434 2528 1488 τὸν
2590 1433 2907 1501 σουλτάνον,
2952 1435 3087 1490 κατᾶ
3146 1441 3279 1513 σφᾶς
3332 1435 3528 1501 αὐτοὺς
3583 1437 3905 1502 ἐπανελθόνο

2255 1544 2364 1576 των
2421 1528 2527 1576 τῶν
2583 1519 2978 1598 πρέσϐεων,τὰ
3035 1524 3158 1598 περὶ
3216 1532 3316 1594 τῆς
3375 1525 3599 1600 εἰρήνης
3658 1527 3906 1600 ὡμίλουν

2255 1611 2344 1664 καὶ
2400 1613 2599 1681 ταύτην
2657 1612 2974 1688 ὁλοσχερῶς
3015 1613 3510 1688 ἐπραγματεύοντοο
3544 1617 3572 1669 ὁ
3631 1613 3690 1670 δὲ
3751 1616 3907 1690 βασι-

2256 1698 2381 1762 λεὺς
2415 1701 2678 1777 ἀκηρυκτὶ
2734 1702 3000 1765 σαλπίσας
3025 1705 3086 1758 τὸ
3117 1702 3362 1759 ἐνυάλιον
3421 1705 3511 1759 τὸν
3574 1709 3745 1776 μῖιθον
3803 1725 3907 1759 πα-

2255 1789 2502 1866 ραλόγως
2556 1791 2836 1866 ἐκρότησε.
2909 1787 3300 1848 Καταλαϐοὖσα
3358 1791 3405 1848 δ’
3461 1797 3496 1863 ἡ
3556 1796 3715 1872 φήμη
3777 1794 3907 1857 τοὺς

2254 1880 2522 1941 ἐναντίους
2607 1879 2884 1954 ἐξέπληξε.
2939 1883 3084 1944 Τέως
3163 1879 3210 1937 δ’
3261 1880 3352 1937 οὖν
3434 1883 3905 1956 καθοπλισάμενοι

2248 1967 2338 2024 καί
2395 1969 2548 2024 αὐτοὶ
2604 1971 2666 2024 τὸ
2719 1968 2992 2045 ἄχρηστον
3053 1970 3266 2039 πλῆθος
3325 1972 3401 2035 εἷς
3454 1971 3699 2027 τούπίσω
3731 1994 3903 2048 προσ-

2250 2057 2507 2129 ήλαυνον,
2543 2058 2698 2114 αὐτοὶ
2733 2057 2790 2113 δὲ
2835 2059 3060 2115 κατόπιν
3122 2057 3327 2114 ἐδίδουν
3380 2060 3670 2139 φαντασίαν
3729 2059 3904 2117 πολε-

2254 2155 2420 2220 μικῆς
2477 2148 2844 2222 παρατάξεως,
2876 2149 2938 2202 τὸ
2970 2146 3027 2203 δὲ
3056 2148 3247 2203 πλεῖον
3309 2150 3455 2226 φυγή
3515 2171 3597 2212 τις
3654 2156 3908 2227 κατεῖχεν

2248 2235 2446 2298 αὐτοὺς
2505 2239 2924 2312 συντεταγμένας
3005 2236 3220 2300 ἰδόντας
3302 2244 3407 2292 τῶν
3457 2239 3738 2312 Ῥωμαίων
3806 2240 3907 2302 τὰς

2249 2325 2534 2403 φάλαγγας
2591 2326 2640 2380 ἐν
2701 2327 2842 2399 τάξει
2900 2326 2990 2382 καὶ
3048 2328 3240 2400 κόσμῳ
3297 2327 3606 2402 πολεμικῆς
3660 2330 3908 2403 παρατά-

2248 2415 2397 2485 ξεως.
2435 2416 2531 2469 Καὶ
2564 2416 2614 2469 οἱ
2651 2416 2746 2487 μὶν
2785 2415 3058 2490 προῄεσαν
3112 2417 3188 2478 εἷς
3247 2417 3512 2487 τούπίσω,
3563 2419 3591 2472 ὁ
3639 2415 3696 2472 δὲ
3751 2419 3906 2492 βασι-

2249 2503 2372 2566 λεὺς
2412 2509 2744 2579 πανστρατιᾷ
2791 2506 3016 2559 κατόπιν
3068 2506 3244 2560 αὐτῶν
3305 2504 3620 2573 ἐπεδίωκεν,
3649 2505 3757 2569 ’έως
3804 2504 3909 2582 ἄρα

2245 2594 2432 2668 καιρὸς
2467 2591 2655 2662 δείλης
2707 2593 2864 2666 ὀψίας
2922 2590 3244 2651 κατέλαϐον.
3279 2597 3411 2650 Επεὶ
3466 2593 3512 2650 δ’
3561 2597 3589 2650 ὁ
3647 2594 3910 2670 βασιλεὺς

2244 2683 2370 2745 τοὺς
2405 2682 2885 2758 ἀντιτεταγμένους
2919 2683 3016 2738 οὐκ
3066 2684 3182 2760 εἶχε
3238 2685 3325 2739 καὶ
3379 2685 3904 2759 ἀντιπολεμοῦντας,

2242 2774 2342 2840 τήν
2423 2769 2478 2826 δὲ
2543 2767 2906 2847 παρεμϐολὴν
2983 2771 3331 2847 ἐψιλωμένην
3401 2780 3747 2849 στρατιωτῶν
3809 2777 3905 2830 καὶ

2245 2859 2636 2935 πεζοφυλάκων
2694 2861 2950 2936 ἐγίνωσκε
2999 2861 3087 2916 διὰ
3137 2863 3196 2916 τὸ
3248 2860 3378 2935 μηδ’
3415 2863 3662 2939 εὐπορεῖν
3711 2865 3905 2919 ἱκανοῦ

2244 2950 2496 3019 πλήθους
2531 2949 2667 3004 ὥστε
2722 2953 2810 3004 καὶ
2862 2951 3181 3026 παρατάξεις
3229 2950 3278 3006 ἐν
3327 2952 3495 3026 ταύτῃ
3556 2952 3903 3021 καταλιπεῖν,

2244 3036 2351 3108 ἤδη
2400 3038 2966 3115 προεξαντληθέντων,
3008 3041 3082 3101 ὡς
3131 3038 3574 3113 προδιείληπται,
3617 3039 3757 3117 ἔγνω
3818 3045 3900 3114 μὴ

2244 3127 2332 3183 ἐπὶ
2364 3125 2554 3182 πλεῖον
2598 3127 2855 3182 ἐπιτεῖναι
2901 3130 3000 3198 τήν
3039 3127 3241 3202 δίωξιν,
3269 3128 3360 3184 ’ίνα
3412 3131 3488 3203 μή
3535 3130 3702 3205 ταύτῃ
3759 3131 3900 3209 ἀφυ-

2244 3214 2460 3280 λάκτως
2517 3218 2567 3271 οἱ
2627 3222 2858 3292 Τοῦρκοι
2919 3216 3234 3286 ἐπίθωνται,
3265 3219 3356 3273 καὶ
3413 3221 3524 3292 ἅμα
3557 3216 3901 3289 διασκοπῶν,

483 3311 671 3374 Quare
720 3284 936 3381 singuli
995 3311 1236 3382 perinde
1284 3284 1350 3366 ac
1408 3317 1675 3384 poterant
1733 3314 1843 3368 sibi
1883 3313 2130 3369 salutem

2245 3306 2289 3360 εἰ
2350 3306 2435 3360 ἐπὶ
2489 3305 2653 3360 πλέον
2731 3305 3149 3381 ἐκμακρυνθείη,
3199 3307 3565 3381 καταλήψεται
3640 3307 3797 3363 αὑτὸν
3862 3312 3899 3380 ἡ

486 3399 1276 3471 ᾳυωτεοίιηῐ.Ρει·εθρυεηιθε
1298 3417 1432 3456 vero
1457 3402 1656 3457 hostes
1683 3401 1828 3458 alios
1850 3403 2132 3472 occidere,

487 3487 632 3542 alios
659 3488 820 3544 vivos
856 3504 1080 3560 capere,
1113 3488 1256 3544 alios
1296 3490 1543 3560 pedibus
1575 3490 1937 3546 conculcare.
1972 3493 2135 3546 Erat-

488 3592 601 3648 que
632 3593 723 3632 res
773 3577 1090 3632 admodum
1148 3578 1519 3635 miseratione
1550 3580 1747 3651 digna,
1782 3597 2136 3652 omnemque

486 3665 965 3722 lamentationem
999 3683 1356 3739 exsuperans
1383 3673 1562 3740 atque
1593 3685 1827 3724 omnem
1851 3669 2130 3725 dolorem.

489 3755 635 3810 Cum
647 3755 1208 3828 veroimperatorem
1236 3757 1992 3827 circumstetissenthostes,
2016 3777 2131 3815 non

483 3844 686 3900 statim
715 3844 905 3916 ipsum
940 3862 1163 3916 cepere,
1196 3845 1409 3917 quippe
1440 3845 1540 3918 qui
1573 3847 1652 3902 rei
1706 3847 1943 3902 militari
1976 3848 2132 3919 peri-

479 3935 576 3988 tus
592 3950 657 3988 ac
671 3933 985 3988 bellicosus
1002 3933 1303 4004 multaque
1326 3935 1583 4005 pericula
1604 3941 1876 4006 expertus
1897 3943 2132 3993 strenue

479 4037 542 4076 se
564 4023 934 4088 defendebat,
968 4022 1285 4092 multisque
1309 4023 1518 4078 occisis
1540 4025 1607 4078 ad
1647 4031 1971 4080 extremum
2004 4025 2130 4095 ipse

476 4107 537 4162 in
563 4126 740 4164 manu
765 4109 959 4182 gladio
982 4128 1299 4182 percussus
1320 4115 1428 4180 est,
1461 4116 1517 4166 et
1544 4113 1907 4184 equojaculo
1937 4118 2126 4169 trans-

474 4197 589 4252 fixo
619 4200 794 4269 pedes
848 4199 1171 4271 pugnabat.
1204 4199 1622 4255 Verumtamen
1671 4201 2020 4273 defatigatus
2052 4203 2124 4258 ad

470 4302 774 4358 vesperam
808 4288 1120 4358 capitur,et
1145 4293 1421 4359 captus,o
1453 4289 1853 4344 incredibilem
1886 4289 2123 4345 calami-

468 4363 682 4440 tatem,
723 4374 1089 4431 clarissimus
1141 4377 1534 4432 Romanorum
1583 4377 1901 4448 imperator
1953 4384 2121 4434 nocte

463 4461 588 4528 illa,
621 4481 782 4536 aeque
812 4469 987 4536 atque
1019 4465 1189 4520 multi
1218 4463 1338 4532 alii,
1373 4465 1536 4520 humi
1578 4466 1806 4536 jacens,
1843 4465 1965 4522 sine
2000 4466 2117 4523 ullo

461 4551 702 4622 honore,
739 4554 926 4608 multa
958 4571 1094 4609 cum
1126 4553 1502 4609 miseratione
1534 4555 1835 4622 dormivit,
1868 4555 2114 4611 inﬁnitis

2243 3394 2354 3464 νὺξ,
2388 3394 2474 3448 καὶ
2509 3399 2802 3465 τηνικαῦτα
2847 3396 2898 3449 οἱ
2953 3399 3183 3469 Τοῦρκοι
3241 3395 3610 3470 παλίντροπον
3667 3399 3901 3467 θήσουσι

2241 3485 2341 3552 τὴν
2375 3486 2549 3561 φυγὴν
2599 3478 2862 3553 ἱκηϐόλοι
2909 3485 3285 3559 τυγχάνοντες.
3318 3485 3414 3539 Διὰ
3463 3483 3528 3554 δὴ
3581 3489 3748 3541 ταῦτα
3801 3486 3903 3542 καὶ

2243 3573 2339 3640 τήν
2387 3571 2674 3647 βασιλικὴν
2734 3571 2972 3644 σημαίαν
3032 3571 3352 3647 ἐπιστρέψας
3410 3574 3604 3629 νόστου
3662 3574 3904 3648 ἐπιμνη-

2244 3669 2435 3731 σθῆναι
2489 3661 2877 3738 παρήγγειλεν.
2937 3663 3004 3720 Οἱ
3063 3660 3121 3717 δὲ
3175 3663 3365 3740 πόῤῥω
3431 3664 3527 3725 τὰς
3606 3662 3899 3742 φάλαγγας

2243 3750 2463 3827 ἔχοντες
2521 3756 2869 3825 στρατιῶται,
2917 3753 3010 3813 τὰς
3067 3751 3305 3825 σημαίας
3367 3750 3572 3817 ἰδόντες
3624 3753 3898 3829 ὀπισθυρ-

2246 3843 2473 3914 μήτους,
2523 3843 2684 3910 ⁸ἷςττιιιν
2760 3841 2892 3894 εἶναι
2950 3841 3012 3895 τὸ
3064 3847 3288 3918 πρᾶγμα
3349 3839 3639 3917 βασιλικὴν
3701 3843 3900 3899 ὑπετό-

2239 3952 2434 3986 πασαν.
2469 3927 2694 3985 Μᾶλλον
2743 3927 2800 3983 δέ
2841 3951 2921 3992 τις
2971 3933 3077 3985 τῶν
3120 3926 3512 4008 ἐφεδρευὸντων
3559 3930 3724 4003 αὐτῷ,
3760 3934 3894 3986 Ἀν-

2240 4019 2489 4095 δρόνικος
2521 4021 2548 4074 ὁ
2586 4024 2682 4074 τοῦ
2716 4019 2979 4094 Καίσαρος
3014 4020 3107 4092 μὲν
3169 4020 3304 4088 υἱὸς,
3337 4024 3444 4074 τῶν
3500 4017 3558 4075 δὲ
3615 4020 3894 4096 βασιλὶων

2237 4107 2552 4185 ἐξάδελφος,
2613 4102 3154 4182 προϐεϐουλευμένην
3219 4106 3362 4184 ἔχων
3422 4109 3520 4177 τὴν
3579 4105 3894 4179 ἐπιϐουλὴν

2236 4197 2394 4260 αὐτὸς
2450 4195 2518 4251 δι’
2550 4197 2740 4251 ἑαυτοῦ
2793 4199 2886 4252 τόν
2942 4201 3192 4251 τοιοῦτον
3226 4195 3392 4274 λόγον
3449 4196 3738 4275 διέσπειρε,
3791 4199 3894 4254 καὶ

2231 4287 2358 4350 τοὺς
2415 4286 2537 4360 περὶ
2596 4285 2755 4341 αὐτὸν
2811 4287 3141 4362 στρατιώτας
3230 4282 3512 4343 ἀναλαϐὼν
3582 4288 3756 4364 ταχὺς
3813 4293 3893 4363 τῇ

2231 4371 2557 4451 παρεμϐολῇ
2601 4374 2906 4452 ἐφοίτησεν.
2954 4377 3016 4428 Ὃ
3059 4375 3148 4429 καὶ
3215 4376 3267 4430 οἱ
3317 4375 3503 4431 λοιποὶ
3565 4379 3900 4451 μιμησάμε-

2228 4487 2310 4520 νοι
2345 4467 2418 4524 εἷς
2459 4465 2643 4528 καθεὶς
2674 4464 2925 4540 ἀμαχητὶ
2955 4465 3055 4533 τὴν
3089 4465 3264 4542 φυγὴν
3301 4467 3520 4539 [Ρ.841]
3542 4467 3897 4535 ἠσπάσαντο.

2226 4556 2281 4608 Ὁ
2314 4552 2370 4609 δὲ
2405 4553 2656 4628 βασιλεὺς
2681 4553 2810 4608 ἷδὼν
2837 4554 2897 4607 τὸ
2920 4553 3226 4628 παράλογον
3257 4552 3381 4624 ἔστη
3408 4555 3506 4623 τὴν
3528 4560 3635 4609 τῶν
3655 4555 3894 4612 οἰκείων

459 4658 780 4714 oppressus
832 4643 1287 4699 infortuniorum
1331 4643 1627 4699 ﬂuctibus.
1663 4644 1949 4700 Postridie
1980 4662 2112 4701 vero

2243 4646 2419 4721 ρυγήν,
2454 4643 2526 4703 ὡς
2579 4641 2718 4709 ἔθος,
2775 4641 3238 4714 ἀνακαλούμενος.
3269 4645 3370 4698 Ἥν
3415 4641 3472 4699 δὲ
3520 4645 3548 4699 ὁ
3591 4643 3892 4700 ἐπακούων

455 4747 593 4788 cum
616 4732 860 4788 Sultano
885 4732 1254 4788 renuntiatus
1293 4732 1501 4788 fuisset
1539 4737 1748 4804 captus
1769 4733 2107 4805 imperator,

455 4820 791 4894 inexplebili
825 4823 1077 4894 quadam
1111 4821 1313 4878 laetitia
1345 4822 1618 4894 perfusus
1649 4827 1758 4888 est,
1788 4839 1974 4894 neque
2006 4824 2105 4879 ad-

450 4910 584 4966 duci
619 4917 845 4983 poterat
876 4918 941 4967 ut
969 4913 1231 4966 crederet
1281 4913 1522 4981 factum,
1556 4929 1677 4967 rem
1713 4928 1913 4967 secum
1975 4930 2105 4984 per-

447 5001 713 5071 pendens
736 5007 958 5073 quanta
977 5005 1152 5068 esset,
1177 5005 1309 5072 post
1331 5000 1549 5055 victum
1574 5000 1747 5056 talem
1773 5017 1838 5056 ac
1871 5007 2102 5057 tantum

445 5092 763 5146 exercitum
804 5091 997 5162 ipsum
1028 5106 1262 5160 quoque
1293 5089 1701 5160 imperatorem
1726 5091 2016 5161 captivum
2050 5097 2107 5147 et

444 5178 556 5233 sibi
609 5180 942 5249 subjectum
997 5179 1280 5251 accipere.
1337 5178 1604 5234 Humane
1651 5184 1848 5234 tamen
1882 5178 2099 5235 factum

444 5269 1184 5340 reputans,victoriamque
1206 5284 1371 5338 aequo
1406 5267 1603 5322 animo
1631 5269 1842 5334 ferens,
1877 5272 1933 5322 et
1964 5285 2099 5339 pro-

439 5373 679 5428 sperum
713 5374 1054 5413 successum
1082 5357 1276 5428 potius
1316 5355 1682 5412 occasionem
1710 5357 1777 5411 ad
1817 5372 1946 5411 sese
1977 5356 2097 5412 col-

2221 4729 2412 4792 οὐδείς.
2447 4735 2567 4788 Τῶν
2619 4729 2665 4785 δ’
2697 4731 2953 4786 ἐναντίων
3010 4731 3061 4786 οἱ
3111 4730 3198 4786 ἐπὶ
3245 4730 3428 4808 λόφων
3482 4734 3780 4806 ἱστάμενοι,
3815 4737 3893 4791 τὸ

2215 4819 2529 4896 παράλογον
2564 4818 2767 4881 ἰδόντες
2811 4819 3064 4894 ἐξαίφνης
3112 4824 3221 4874 τῶν
3249 4821 3537 4894 Ῥωμαίων
3584 4823 3893 4898 ἀτύχημα,

2213 4915 2291 4981 τῷ
2323 4909 2602 4981 σουλτάνῳ
2636 4906 2846 4983 σπουδῇ
2887 4907 3296 4984 ἀπαγγέλλουσι
3339 4911 3401 4964 τὸ
3452 4910 3725 4986 ὁρώμενον
3780 4915 3892 4971 καὶ

2211 4999 2310 5067 τὴν
2362 4997 2692 5077 ἐπιστροφὴν
2764 4998 2926 5053 αὐτοῦ
3004 4998 3399 5073 κατεπείγουσι,
3461 5000 3708 5078 φεύγοντι
3783 5005 3892 5059 καὶ

2214 5088 2361 5158 αὐτῷ
2412 5085 2522 5155 ἤδη
2573 5088 2663 5141 καὶ
2729 5087 2938 5162 μακρὰν
2993 5094 3094 5156 τῆς
3148 5086 3348 5150 οἰκείας
3380 5090 3659 5162 γενομένῳ
3711 5090 3898 5147 ἐπαΰ-

2213 5176 2374 5238 λεως.
2410 5175 2581 5240 Εὐθὺς
2617 5175 2706 5231 οὖν
2741 5175 3084 5231 ἐπανελθόντι
3135 5176 3283 5248 αότῷ
3343 5176 3497 5252 μάχη
3555 5200 3641 5241 τις
3701 5181 3897 5256 ἀθρόα

2208 5264 2285 5337 τῷ
2349 5267 2564 5340 βασιλεῖ
2618 5268 3048 5341 προσρήγνυται.
3101 5263 3372 5328 Κελεόσας
3434 5265 3490 5321 δὲ
3546 5268 3672 5330 τοὺς
3737 5271 3896 5351 ἀμφ’

2209 5354 2368 5409 αὐτὸν
2431 5355 2506 5428 μὴ
2566 5352 2810 5409 ἐνδοῦναι
2868 5352 3010 5428 μηδὲ
3067 5351 3314 5428 μαλακόν
3370 5377 3422 5411 τι
3467 5359 3679 5425 παθεῖν,
3741 5359 3897 5418 ἀΑλ’

1754 5472 1997 5527 JACOBI
2037 5471 2254 5528 GOARI
2306 5471 2534 5527 ΝΟΤΔΕ.

507 5584 624 5656 (35)
644 5586 735 5640 Nil
759 5586 956 5642 minus
979 5587 1081 5641 telo
1107 5585 1184 5641 ad
1212 5586 1511 5656 victoriam,
1538 5589 1857 5656 pertinente
1886 5591 2091 5643 auctor

433 5654 736 5728 intelligit,
768 5661 864 5713 sed
890 5674 1124 5726 crucem,
1157 5659 1228 5711 de
1269 5673 1386 5727 qua
1434 5655 1517 5710 illi
1539 5654 1743 5713 sermo
1776 5665 1886 5727 est,
1918 5660 2088 5728 cujus

430 5727 644 5788 virtuts
674 5731 871 5785 cuncti
904 5728 1276 5785 debellantur
1306 5729 1716 5799 hostes,quam
1752 5736 1814 5786 ut
1842 5727 2089 5788 victoria

2199 5585 2531 5669 syr’nbplu'm,
2608 5591 2740 5669 post
2797 5587 3250 5669 Qonstantinum
3330 5589 3571 5669 vocibus
3629 5591 3892 5669 his_'Ev

2195 5655 2376 5738 τούτῷ
2405 5655 2540 5738 νίκα.
2575 5655 2998 5738 circumdatam
3051 5658 3190 5715 olim
3225 5676 3352 5715 eam
3403 5661 3714 5738 intuitum,
3748 5667 3890 5726 im-

2198 5734 2500 5804 peratores
2525 5728 2583 5785 in
2613 5731 2801 5804 signis
2834 5731 3057 5805 erigere
3083 5739 3534 5793 consueverunt.
