4078 6336
235 435 363 494 429

1761 434 2150 496 HISTORIA.

3540 442 3660 500 430

241 561 445 638 ἄνδρας
503 565 732 641 φανῆναι
791 563 1052 638 ἀγαθοὺς,
1109 562 1356 637 ἠμύνατο
1419 564 1516 637 μὲν
1567 562 1892 640 ἐρρωμένως

2019 565 2313 636 ligendum
2346 571 2399 622 et
2433 567 2569 623 boni
2591 567 2774 622 animi
2816 568 3102 625 indicium
3138 586 3203 625 ac
3237 586 3468 626 morum
3499 573 3662 628 omni

243 652 414 729 μέχρι
446 651 684 709 πολλοῦ.
714 653 797 708 Ἐν
852 652 1032 726 τούτῳ
1086 650 1143 708 δὲ
1191 659 1290 723 τῆς
1336 657 1444 708 τῶν
1491 651 1678 708 ἄλλων
1713 659 1894 731 φυγῆς

240 740 723 816 περιαντλησάσης
776 737 877 816 ἔξω
927 743 1016 796 τὸν
1075 742 1292 818 χάρακα
1350 742 1521 818 λόγος
1575 743 1750 820 σαφὴς
1798 741 1898 796 οὐκ

241 830 500 901 ἠκούετο,
534 829 736 886 ἄλλοτε
766 828 952 887 ἄλλων
1007 828 1154 886 ἄλλα
1199 831 1621 909 ἀφηγουμένων,
1649 836 1760 887 τῶν
1799 831 1895 903 μὲν

239 922 459 995 τροπὴν
505 924 616 976 τῶν
676 918 733 975 δὲ
801 922 961 991 νίκην
1032 919 1472 997 ἀπαγγελόντων,
1527 921 1617 975 καὶ
1673 919 1899 976 καταλε-

242 1011 458 1085 γόντων
519 1008 707 1082 ἄσημά
760 1031 819 1065 τε
899 1011 990 1065 καὶ
1075 1008 1435 1084 ἁδιάγνωστα,
1495 1007 1601 1074 ἕως
1655 1009 1745 1065 καὶ
1792 1013 1900 1064 τῶν

243 1096 626 1154 Καππαδοκῶν
679 1097 911 1173 ἤρξαντό
959 1121 1102 1162 τινες
1152 1100 1240 1154 καὶ
1294 1099 1452 1155 αὐτοὶ
1483 1099 1647 1155 αὐτοῦ
1675 1101 1902 1178 ἀποφοι-

241 1193 339 1259 τᾷν
377 1189 516 1244 κατᾶ
552 1190 774 1265 φατρίας
822 1190 912 1243 καὶ
966 1188 1294 1265 συμμορίας.
1345 1187 1553 1244 Πολλοὶ
1587 1188 1644 1244 δὲ
1673 1191 1762 1246 καὶ
1794 1198 1902 1250 τῶν

248 1277 552 1353 βασιλικῶν
582 1277 911 1350 ἱπποκόμων
964 1278 1058 1333 σὺν
1104 1278 1287 1340 αὐτοῖς
1324 1275 1516 1340 ’ίπποις
1549 1279 1902 1360 ὑπίστρεφον,

248 1368 325 1439 μὴ
365 1364 499 1421 ἰδεῖν
531 1367 624 1421 τὸν
678 1364 906 1442 βασιλέα
955 1363 1370 1439 διενιστάμενοι.
1412 1367 1516 1423 Καὶ
1568 1369 1634 1438 ἦν
1678 1372 1900 1445 σεισμὸς

242 1459 365 1511 οἷον
393 1456 482 1511 καὶ
507 1453 747 1532 ὀδυρμὸς
799 1456 890 1511 καὶ
941 1451 1109 1535 φόϐος
1147 1455 1439 1532 ἀκίχητος,
1473 1457 1562 1512 καὶ
1594 1459 1644 1512 oi
1667 1462 1899 1533 Τοῦρκοι

241 1545 589 1622 πανταχόθεν
667 1543 1027 1622 ἐπιῤῥέοντες.
1109 1547 1269 1610 ’Ὁθεν
1354 1546 1442 1601 καὶ
1525 1545 1745 1613 ἕκαστος
1827 1550 1904 1612 ὡς

243 1636 397 1710 εἶχεν
456 1635 660 1710 ὁρμῆς,
720 1633 894 1707 ἐαυτῷ
950 1635 1048 1703 τὴν
1105 1634 1376 1710 σωτηρίαν
1442 1634 1901 1712 ἐπραγματεύετο.

243 1721 672 1786 Ἐπιδιώκοντες
705 1721 762 1778 δὲ
814 1725 871 1778 o't
926 1723 1155 1778 ἐναντίοι
1209 1725 1302 1786 οὕς
1336 1725 1428 1796 μὲν
1459 1725 1693 1800 ἀνῄρουν
1727 1727 1816 1789 οὓς
1848 1725 1906 1784 Si

246 1813 486 1890 ζωγρίας
539 1811 710 1882 εἷλον,
773 1813 988 1889 ἐτέρους
1045 1810 1102 1867 δὲ
1161 1813 1510 1872 συνεπάτουν.
1574 1815 1669 1870 Καὶ
1722 1818 1789 1886 ἦν
1841 1816 1904 1872 τὸ

243 1910 477 1979 πρᾶγμα
525 1899 650 1956 λίαν
700 1899 976 1956 ἐπώδυνον
1029 1901 1118 1957 καὶ
1173 1901 1344 1957 πάντα
1393 1904 1591 1978 θρῆνον
1639 1901 1908 1981 ὑπερϐάλ-

245 1991 346 2047 λον
407 1989 498 2046 καὶ
556 1990 809 2049 κοπετόν.
865 1991 965 2045 Τὸν
1023 1987 1080 2045 δὲ
1128 1988 1354 2064 βασιλέα
1406 1994 1909 2069 περιστοιχίσαντες

247 2083 299 2136 οἱ
331 2079 600 2152 πολέμιοι
649 2080 750 2136 οὐκ
795 2078 1128 2155 εὐχείρωτον
1185 2080 1334 2156 εἶχον
1377 2080 1534 2136 αὐτὸν
1568 2081 1746 2151 εὐθὺς,
1781 2082 1908 2139 ἀλλ’

245 2173 341 2225 ἅτε
383 2173 787 2243 στρατιωτικῶν
820 2168 909 2222 καὶ
959 2166 1276 2242 πολεμικῶν
1321 2167 1564 2244 εἷὸήμων
1596 2173 1682 2226 καὶ
1717 2169 1907 2227 κινδύ-

241 2281 364 2322 νοις
412 2257 836 2334 προσομιλήσας
885 2256 1124 2319 πολλοῖς
1177 2264 1453 2334 καρτερῶς
1501 2260 1772 2333 ἠμύνατο,
1816 2261 1907 2316 καὶ

240 2348 498 2410 πολλοὺς
529 2345 737 2402 ἀνελὼν
792 2346 951 2410 τὲλος
1007 2346 1222 2424 ἐπλήγη
1275 2350 1532 2425 φασγάνῳ
1581 2351 1682 2420 τὴν
1721 2356 1907 2428 χεῖρα,

241 2445 342 2494 τοῦ
393 2460 453 2493 τε
504 2435 674 2492 ἵππου
717 2435 1223 2500 κατακοντισθέντος
1291 2437 1349 2493 ἐκ
1405 2436 1573 2502 ποδὸς
1627 2440 1910 2512 ἱστάμενος

244 2528 573 2603 διεμάχετο.
635 2527 836 2598 Καμὼν
897 2523 942 2580 δ’
1002 2526 1156 2598 ὅμως
1210 2527 1344 2600 πρὸς
1365 2528 1591 2602 ἑσπέραν
1624 2527 1908 2602 ἁλώσιμος

248 2620 375 2689 (φεῦ
428 2620 527 2670 τοῦ
583 2615 856 2687 πάθουςί)
908 2613 1000 2668 καὶ
1054 2613 1415 2690 αἰχμάλωτος
1479 2616 1505 2670 ὁ
1557 2618 1906 2692 περιώνυμος

251 2703 515 2778 βασιλεὺς
589 2704 873 2776 Ῥωμαίων
954 2703 1175 2778 γίνεται.
1267 2704 1367 2761 Καὶ
1451 2709 1518 2779 τῇ
1611 2707 1705 2779 μὶν
1756 2707 1906 2762 νυκτὶ

245 2792 432 2867 ἐκείνῃ
493 2791 574 2847 ἐπ’
630 2790 758 2863 ’ίσης
807 2797 924 2857 τοῖς
981 2791 1218 2857 πολλοῖς
1274 2792 1362 2849 ἐπὶ
1411 2801 1512 2870 γῆς
1565 2795 1774 2867 ἀτίμως
1818 2796 1906 2850 καὶ

245 2880 608 2958 περιωδύνως
639 2879 953 2953 κατέδραθε,
990 2882 1206 2957 μυρίοις
1253 2883 1711 2957 περικλυζόμενος
1737 2883 1910 2954 λυπη-

247 2978 360 3048 ρῶν
393 2972 621 3044 κύμασι.
653 2975 734 3044 Τῇ
768 2969 816 3025 δ’
846 2971 1103 3045 ἐπαύριον
1135 2969 1490 3048 ἀγγελθείσης
1518 2978 1595 3045 τῷ
1625 2972 1908 3046 σουλτάνῳ

247 3062 473 3130 καὶτῆς
503 3064 601 3114 τοῦ
659 3057 929 3135 βασιλέως
977 3059 1260 3129 ἁλώσεως,
1312 3060 1458 3137 χαρά
1505 3083 1588 3124 τις
1629 3060 1907 3132 ἄπληστος

245 3151 342 3206 καὶ
405 3147 631 3204 ἀπιστία
685 3147 942 3224 κατέσχεν
1000 3149 1183 3219 αὐτὸν,
1246 3149 1516 3223 οἰόμενον,
1577 3145 1758 3225 ὥσπερ
1817 3149 1906 3204 καὶ

245 3241 341 3310 ἦν,
380 3238 518 3312 μετὰ
555 3237 710 3309 νίκην
747 3237 1010 3293 τοσούτου
1057 3238 1146 3294 καὶ
1189 3237 1524 3308 τηλικούτου
1556 3243 1786 3310 στρατοῦ
1816 3237 1906 3292 καὶ

248 3330 423 3384 αὐτὸν
452 3329 543 3382 τὸν
582 3327 808 3402 βασιλέα
854 3326 1138 3400 ἁλώσιμον
1194 3323 1382 3383 λαϐεῖν
1414 3328 1503 3382 καὶ
1538 3329 1854 3403 ὑποχείριον
1889 3345 1900 3358 ’
1929 3309 1972 3377 C
2021 3335 2180 3386 rator
2219 3347 2232 3386 ἰ

247 3417 618 3493 ἀνθρωπίνως
649 3415 708 3472 δὲ
735 3417 891 3490 ὅμως
941 3418 1004 3471 τὸ
1058 3417 1282 3492 γεγονὸς
1315 3418 1674 3493 λογισάμενος
1703 3417 1790 3472 καὶ
1815 3419 1914 3487 τὴν

247 3506 418 3576 νίκην
457 3507 863 3584 μετριοφρόνως
887 3506 1140 3582 ἐνεγκὼν.
1177 3507 1267 3561 καὶ
1288 3508 1350 3561 τὸ
1376 3507 1602 3581 γεγονὸς
1629 3505 1919 3582 εὐτύχημα

251 3593 537 3664 συστολὴν
593 3592 806 3668 μᾶλλον
885 3595 975 3650 καὶ
1058 3598 1244 3670 ψυχῆς
1296 3595 1498 3670 ἀγαθῆς
1556 3590 1776 3665 ἔνδειξιν
1827 3595 1916 3650 καὶ

247 3685 478 3760 τρόπων
530 3682 935 3759 καλοκαγαθίας
995 3689 1204 3758 μεστῶν
1263 3684 1510 3756 Θὲμενος,
1557 3690 1673 3757 Θεῷ
1723 3686 1785 3739 τὸ
1815 3691 1918 3740 πᾶν

250 3773 491 3837 ἀνετίθει
524 3773 598 3835 ὡς
635 3778 819 3845 μεῖζον
852 3772 887 3842 ἥ
934 3774 1072 3828 κατά
1122 3775 1224 3844 τήν
1279 3774 1469 3828 ἑαυτοῦ
1519 3773 1677 3850 ῖσχὺν
1721 3773 1915 3830 ἀποτε-

255 3862 430 3923 λέσας
454 3862 517 3916 τὸ
571 3863 856 3936 τρόπαιον.
909 3862 1007 3917 Διὰ
1051 3867 1212 3918 τοῦτο
1260 3863 1349 3917 καὶ
1403 3863 1808 3939 προσαχθέντος
1839 3868 1917 3934 τῷ

254 3951 548 4024 σουλτάνῳ
576 3953 800 4021 ἀξάντου
858 3950 1128 4027 βασιλέως
1181 3951 1465 4024 Ῥωμαίων
1499 3951 1550 4006 ἐν
1586 3951 1796 4007 εὐτελεῖ
1826 3950 1916 4006 καὶ

250 4044 626 4113 στρατιωτικῇ
682 4041 992 4114 ἀμπεχόνῃ,
1045 4042 1130 4113 [Ρ.
1185 4041 1313 4113 842]
1372 4037 1649 4115 διαπορῶν
1706 4043 1771 4110 ἦν
1825 4040 1914 4096 καὶ

249 4128 611 4200 περὶτούτου
647 4130 944 4204 μαρτυρίαν
1001 4133 1202 4198 ζητῶν.
1256 4130 1343 4191 Ὠς
1390 4127 1437 4185 δ’
1481 4129 1912 4208 ἐπληροφορήϐη

248 4219 407 4294 παρᾶ
459 4222 568 4272 τῶν
626 4213 902 4294 πρέσϐεων
959 4219 1049 4273 καὶ
1123 4216 1220 4273 τοῦ
1279 4220 1605 4275 Βασιλακίου
1659 4219 1917 4282 πεσόντος

255 4309 356 4381 μὶν
413 4309 561 4383 παρᾶ
604 4311 712 4362 τῶν
761 4305 945 4362 ποδῶν
998 4306 1186 4376 αὐτοῦ,
1235 4307 1453 4384 οἰκτρὸν
1488 4307 1545 4364 δὲ
1572 4331 1625 4364 τι
1662 4311 1752 4364 καὶ
1801 4330 1916 4384 γοε-

251 4400 354 4472 ρὸν
459 4397 902 4470 ἀνοιμώξαντος,
998 4396 1152 4459 εὐθὺς
1250 4395 1432 4474 ὥσπερ
1510 4397 1756 4472 ἐμμανὴς
1830 4397 1916 4452 ἆν-

252 4489 416 4560 ἆθορε
472 4491 568 4541 τοῦ
619 4486 812 4561 θρόνου
860 4485 949 4541 καὶ
1031 4486 1189 4562 ὀρθὸς
1270 4485 1420 4557 ἔστη.
1493 4488 1731 4543 ΙΙεσόντα
1784 4492 1913 4562 γοῦν

254 4576 417 4645 ὅμως
448 4576 554 4648 πρὸ
582 4580 692 4629 τῶν
725 4572 906 4630 ποδῶν
945 4572 1111 4630 αὐτοῦ
1147 4577 1393 4646 πατήσας
1413 4575 1593 4651 ὥσπερ
1627 4572 1749 4640 ἔθος
1780 4577 1914 4649 (26),

249 4663 348 4717 καὶ
407 4662 710 4733 ἀναστήσας
791 4664 880 4718 καὶ

253 4747 483 4829 ἔφησεν,
543 4751 589 4806 ὦ
642 4752 884 4827 βασιλεῦ,
936 4750 1064 4808 ἀλλ’
1116 4751 1333 4815 εὔελπις
1378 4752 1466 4809 ἒσο
1524 4755 1629 4828 πρὸ
1677 4754 1912 4826 πάντων,

253 4843 338 4902 ὡς
368 4838 556 4896 οὐδενὶ
605 4840 1044 4917 προσομιλήσας
1098 4839 1338 4916 κινδύνῳ
1380 4848 1701 4916 σωματικῷ,
1751 4865 1914 4916 τιμη-

255 4932 402 5003 θήσῃ
434 4927 483 4984 δ’
531 4930 694 5001 ἀξίως
736 4938 836 5001 τῆς
895 4935 991 4984 τοῦ
1052 4932 1285 5007 κράτους
1333 4932 1634 5009 ύπεροχῆς.
1693 4934 1912 5011 Ἄφρων

248 5020 358 5097 γαρ
417 5019 624 5083 ἐκεῖνος
664 5019 788 5094 ἐμοὶ
870 5018 1144 5097 λογίζεται
1214 5021 1242 5076 ὁ
1321 5023 1396 5095 μὴ
1451 5022 1545 5085 τὰς
1603 5022 1914 5098 προόπτους

975 4664 1467 4752 περιπτυξάμενος,
1543 4667 1634 4735 Μὴ
1723 4662 1991 4752 δὲὂιθι,ῡ

2003 655 2292 726 probitate
2341 656 2719 728 praeditorum
2753 663 2942 724 ratus,
2976 662 3090 712 Deo
3143 658 3200 714 id
3235 662 3424 714 totum
3457 677 3663 732 accep-

2002 748 2128 798 tum
2162 745 2470 812 referebat,
2503 745 2656 816 quod
2683 747 2876 816 majus
2920 762 3098 818 quam
3144 764 3247 818 pro
3281 748 3405 803 suis
3435 749 3661 804 viribus

2002 836 2286 904 tropmum
2319 834 2618 889 erexisset.
2655 833 2873 889 Idcirco
2906 837 3183 906 perducto
3216 838 3289 892 ad
3339 840 3495 894 Asan
3527 838 3659 894 Sul-

2005 926 2211 977 tanum
2249 924 2398 979 700
2433 923 2827 978 Romanorum
2861 923 3233 994 imperatore,
3269 926 3366 981 vili
3411 943 3476 982 ac
3503 927 3667 982 mili-

2007 1012 2117 1065 tari
2150 1018 2308 1068 veste
2329 1013 2428 1068 ind
2441 1013 2637 1080 uto,de
2659 1014 2785 1084 ipso
2809 1013 3115 1069 dubitabat
3137 1016 3666 1089 testimoniumque

2009 1102 2296 1174 exigebat.
2326 1102 2397 1158 Ut
2427 1107 2626 1158 autem
2660 1102 2872 1157 certior
2893 1120 2925 1158 a
2965 1102 3171 1175 legatis
3211 1104 3399 1162 factus
3428 1111 3517 1161 ost
3548 1111 3605 1162 et
3636 1123 3670 1162 a

2011 1190 2428 1262 Basilacio,qui
2460 1193 2530 1246 ad
2564 1191 2691 1262 ejus
2726 1192 2902 1263 pedes
2935 1191 3227 1248 acciderat
3257 1194 3670 1252 miserabiliter

2012 1280 2178 1346 flens,
2214 1279 2411 1335 statim
2449 1280 2620 1351 quasi
2654 1281 2848 1336 furore
2889 1286 3193 1353 correptus
3225 1283 3296 1338 de
3325 1283 3538 1341 throno
3567 1286 3667 1341 de-

2011 1369 2496 1441 siliit,rectusque
2526 1376 2691 1426 stans
2723 1371 2916 1441 ipsum
2951 1371 3020 1425 ad
3057 1373 3236 1442 pedes
3259 1390 3397 1429 suos
3430 1373 3663 1446 lapsum

2013 1460 2337 1516 secundum
2386 1477 2606 1515 morem
2654 1459 3035 1515 conculcavit.
3067 1463 3330 1533 Cumque
3355 1478 3669 1536 exsurgere

2005 1549 2244 1620 jussum
2278 1547 2615 1620 complexus
2647 1548 2914 1617 esset,Ne
2941 1549 3174 1616 timeas,
3201 1550 3303 1616 ait,
3329 1551 3667 1623 imperator,

2014 1639 2115 1693 sed
2153 1639 2305 1693 bona
2334 1653 2437 1709 spe
2469 1637 2550 1693 sis
2582 1642 2715 1692 ante
2746 1637 3120 1708 omnia,quia
3146 1637 3373 1694 nullum
3406 1640 3670 1712 corporis

2014 1726 2337 1799 periculum
2372 1725 2714 1793 sustinebis,
2749 1743 2950 1782 verum
2983 1744 3086 1799 pro
3119 1727 3350 1797 imperii
3382 1729 3671 1800 dignitate

2015 1817 2169 1888 apud
2204 1831 2296 1871 me
2327 1816 2384 1870 in
2411 1816 2628 1871 honore
2651 1815 2766 1871 eris
2795 1833 2807 1871 :
2836 1815 2930 1871 ille
2952 1817 3106 1872 enim
3141 1817 3285 1872 mihi
3321 1817 3670 1889 imprudens

2013 1905 2264 1974 videtur,
2299 1907 2400 1977 qui
2431 1922 2547 1961 non
2577 1921 2608 1960 e
2636 1905 2927 1960 contrario
2973 1906 3225 1961 adversae
3280 1907 3526 1962 fortunae
3575 1925 3668 1964 ra-

2015 1995 2334 2050 tiocinetur
2380 2011 2447 2050 ac
2490 1995 2792 2066 provideat
2839 1995 3211 2050 incommoda
3261 2013 3326 2050 ac
3375 2002 3663 2052 vereatur.

2016 2082 2157 2139 Cum
2191 2084 2370 2156 igitur
2410 2084 2691 2155 jussisset
2720 2082 2834 2154 ipsi
2879 2083 3152 2139 constitui
3194 2085 3664 2153 tabernaculum,

2013 2173 2480 2244 imperassetque
2511 2172 2703 2228 curari
2733 2172 3067 2244 diligenter,
3092 2176 3158 2227 ut
3189 2190 3294 2244 par
3321 2179 3468 2240 erat,
3489 2191 3664 2230 suum

2013 2262 2461 2318 commensalem
2520 2278 2585 2318 ac
2643 2262 2869 2318 socium
2929 2265 3070 2316 tunc
3127 2279 3256 2317 esse
3312 2263 3519 2330 voluit,
3550 2280 3667 2319 non

2014 2351 2288 2407 deorsum
2324 2367 2456 2406 eum
2482 2351 2938 2422 sederejubens,
2973 2351 3076 2406 sed
3118 2355 3189 2405 ad
3221 2352 3483 2406 eamdem
3511 2367 3669 2406 men-

2014 2458 2142 2497 sam
2193 2444 2260 2496 ut
2309 2441 2503 2495 eximii
2555 2441 2778 2496 ordinis
2827 2440 3131 2510 collegam,
3174 2448 3228 2496 et
3277 2441 3400 2512 pari
3451 2441 3671 2498 honore

2017 2531 2300 2586 afficiens.
2325 2530 2422 2585 Bis
2441 2529 2532 2584 die
2549 2546 2681 2584 cum
2705 2531 2834 2601 ipso
2856 2530 3239 2602 congrediens
3257 2534 3313 2585 et
3330 2529 3673 2603 colloquens

2017 2624 2074 2674 et
2098 2619 2332 2674 hortatu
2369 2635 2476 2674 suo
2508 2635 2796 2688 recreans,
2831 2635 3020 2691 usque
3048 2619 3116 2673 ad
3153 2624 3279 2675 octo
3313 2619 3438 2675 dies
3468 2622 3674 2676 eadem

2015 2709 2191 2763 verba
2213 2712 2268 2762 et
2298 2707 2383 2762 sal
2417 2724 2551 2762 cum
2583 2709 2710 2779 ipso
2741 2709 3318 2777 communicabat,in
3355 2707 3515 2764 nullo
3547 2707 3675 2780 qui-

2015 2798 2145 2852 dem
2179 2797 2266 2852 vel
2323 2797 2569 2852 minimo
2618 2798 2789 2852 verbo
2821 2797 2872 2852 ei
2922 2796 3238 2860 insultans,
3272 2798 3375 2853 sed
3427 2798 3498 2852 de
3542 2796 3677 2869 qui-

2017 2887 2264 2942 busdam
2290 2887 2608 2952 erroribus,
2643 2886 2740 2956 qui
2767 2885 2879 2940 sibi
2905 2885 2975 2940 ab
3001 2901 3068 2941 eo
3111 2886 3171 2941 in
3214 2887 3482 2942 ducendo
3514 2902 3676 2942 exer-

2015 2976 2132 3031 citu
2158 2975 2458 3031 commissi
2480 2974 2837 3043 viderentur,
2861 2975 3206 3030 admonens.
3241 2975 3385 3031 Cum
3415 2993 3550 3032 vero
3582 2975 3675 3032 die

2015 3065 2269 3135 quadam
2291 3064 2571 3120 Sultanus
2599 3065 3020 3136 interrogasset
3039 3064 3449 3136 imperatorem
3479 3083 3492 3120 :
3518 3065 3667 3131 Quid

2017 3152 2160 3207 mihi
2215 3153 2474 3218 fecisses,
2506 3152 2556 3207 si
2607 3168 2699 3206 me
2747 3152 2805 3206 in
2837 3157 2936 3206 tua
2988 3157 3275 3224 potestate
3306 3153 3667 3208 habuisses?

2015 3241 2364 3313 simpliciter
2417 3258 2482 3296 ac
2538 3241 2665 3295 sine
2721 3240 3055 3296 adulatione
3125 3241 3426 3312 respondit
3480 3242 3663 3312 impe-

2296 3330 2450 3385 Scito
2508 3330 2658 3401 quod
2721 3328 2927 3386 multis
2987 3331 3174 3402 plagis
3233 3335 3400 3388 tuum
3461 3347 3676 3404 corpus

2026 3419 2431 3475 confecissem.
2465 3420 2536 3472 At
2595 3435 2717 3487 ego,
2771 3418 2965 3489 inquit
3020 3419 3318 3488 Sultanus,
3365 3425 3529 3476 tuam
3587 3437 3676 3477 se-

2026 3509 2328 3564 veritatem
2363 3512 2463 3562 aut
2493 3507 2901 3562 crudelitatem
2953 3525 3067 3563 non
3107 3508 3401 3565 imitabor.
3433 3509 3681 3566 Verum-

2024 3603 2222 3654 tamen
2259 3599 2403 3653 τοι
2441 3597 2614 3652 audio
2644 3601 2902 3652 vestrum
2947 3597 3112 3652 vobis
3145 3598 3439 3654 Christum
3476 3615 3679 3670 pacem

2027 3686 2339 3760 prmoipere
2395 3691 2451 3741 et
2508 3684 2860 3741 oblivionem
2922 3685 3235 3754 malorum,
3297 3687 3685 3758 superbiaque

2027 3776 2399 3831 resistentem
2452 3773 2777 3828 humilibus
2831 3772 3078 3846 gratiam
3129 3774 3287 3827 dare.
3322 3772 3542 3828 Deinde
3575 3772 3683 3844 igi-

2023 3864 2298 3920 turinito
2349 3864 2580 3927 foedere,
2615 3866 2673 3916 et
2721 3862 2877 3916 facta
2910 3878 3049 3931 pace
3097 3866 3399 3933 perpetua,
3447 3861 3682 3917 habita-

2026 3971 2138 4026 que
2171 3953 2424 4007 ﬁliorum
2478 3954 2701 4007 ratione
2748 3956 2807 4006 et
2853 3966 3056 4006 eorum
3109 3967 3235 4021 quae
3268 3951 3338 4005 ad
3373 3952 3685 4023 utriusque

2029 4041 2256 4114 imperii
2281 4043 2418 4112 jura
2447 4044 2798 4111 spectarent,
2835 4039 3085 4111 pristina
3117 4039 3334 4095 foedera
3363 4040 3680 4096 conﬁrma-

2025 4136 2186 4192 runt.
2221 4135 2286 4185 ut
2315 4134 2520 4184 mutua
2551 4133 2705 4184 esset
2745 4128 3029 4194 amicitia,
3065 4145 3253 4199 neque
3303 4128 3553 4198 amplius
3608 4127 3679 4183 ab

2026 4221 2145 4276 ullo
2163 4222 2492 4276 Turcorum
2516 4235 2609 4273 res
2633 4217 2863 4287 imperii
2891 4217 3137 4272 Romani
3177 4216 3350 4289 diripi
3391 4217 3683 4289 permitte-

2025 4315 2206 4379 retur,
2238 4324 2438 4364 verum
2464 4323 2666 4362 omnes
2690 4307 3029 4378 quicunque
3060 4307 3344 4362 adversus
3385 4306 3684 4361 Romanos

2025 4399 2187 4455 missi
2251 4398 2481 4452 fuerant
2557 4401 3004 4463 reverterentur,
3062 4400 3120 4451 et
3175 4412 3382 4452 omnes
3453 4395 3686 4466 captivi,

2026 4488 2276 4544 maxime
2328 4485 2616 4558 principes
2665 4489 2724 4540 et
2764 4485 2964 4540 eximii
3015 4485 3439 4551 Romanorum,
3471 4483 3687 4540 libera-

2024 4583 2248 4641 rentur,
2280 4573 2656 4646 promittente
2687 4573 2934 4628 Sultano
2967 4589 3028 4627 se
3079 4574 3330 4643 benigne
3361 4575 3692 4644 imperato-

2025 4682 2147 4722 rem
2167 4680 2401 4736 semper
2419 4666 2668 4718 tractatu
2681 4678 2831 4716 rum.
2856 4661 3146 4715 Interfecti
3174 4665 3312 4716 sunt
3335 4677 3402 4717 eo
3426 4665 3694 4733 tempore

2024 4757 2161 4821 Leo,
2192 4752 2293 4824 qui
2325 4750 2695 4822 supplicibus
2750 4753 2993 4820 praeerat
3025 4749 3260 4817 libellis,
3293 4753 3350 4804 et
3396 4749 3694 4820 magister

2025 4843 2368 4899 Eustathius
2418 4845 2476 4895 et
2529 4839 2758 4911 primus
2791 4855 2825 4892 a
2857 4838 3119 4893 secretis.
3153 4838 3371 4904 Captus
3422 4843 3512 4893 est
3543 4837 3690 4893 item

2025 4932 2279 4989 Basilius
2334 4927 2822 5000 protovestiarius
2870 4926 3141 4983 Maleses.
3191 4927 3514 4996 Postquam
3566 4926 3692 4982 haec

2023 5023 2106 5078 ita
2137 5024 2301 5094 gesta
2345 5021 2485 5075 sunt
2533 5021 2589 5072 et
2637 5017 2718 5072 ita
2765 5016 2921 5072 inter
2963 5031 3062 5072 eos
3113 5015 3410 5087 convenit,
3461 5014 3693 5071 dimisit

1585 5160 1836 5217 JACOBI
1875 5159 2092 5217 coam
2129 5156 2367 5234 NOTAE.

333 5276 448 5343 (26)
476 5276 694 5352 Persis,
751 5295 820 5335 ex
878 5280 1097 5352 quibus
1155 5278 1439 5352 sultanusi
1486 5277 1601 5352 hic,
1661 5278 1920 5333 devictos

254 5347 463 5403 hostes
487 5349 734 5420 pedibus
758 5347 1052 5420 proterere
1101 5351 1388 5405 familiare
1417 5349 1548 5414 fuit,
1580 5365 1647 5404 ex
1679 5366 1790 5420 quo
1820 5354 1920 5404 Sa-

257 5436 370 5490 por
389 5436 595 5476 eorum
623 5438 722 5477 rex
763 5423 1144 5478 Valerianum
1174 5421 1591 5492 imperatorem
1627 5421 1698 5474 ad
1733 5421 1786 5475 id
1823 5436 1920 5474 ne-

258 5491 558 5566 cessitatis
608 5494 826 5566 malum
877 5494 1126 5566 conjecit
1160 5498 1225 5547 ut
1267 5491 1923 5566 serviliterincurvatus

258 5562 607 5637 illiheqnum
649 5565 963 5622 incensuro
985 5562 1252 5637 'gradum
1283 5581 1404 5637 sua
1431 5564 1652 5619 cervice
1684 5564 1921 5619 faceret.

259 5633 475 5709 Caelius
523 5638 721 5709 Antiq.
757 5639 912 5693 Lect.
951 5633 1037 5701 18,
1073 5637 1160 5709 18.
1191 5635 1566 5709 Justinianus
1618 5637 1693 5701 II,
1721 5641 1923 5709 Persas

258 5706 530 5763 imitatus
566 5706 864 5765 Leontium
900 5713 958 5764 et
1000 5707 1380 5780 Apsimaeum,
1414 5707 1924 5780 priusquamejus

254 5781 434 5854 jussu
485 5780 675 5854 capite
725 5776 1144 5858 plecterentur,
1188 5779 1372 5838 ferino
1414 5776 1634 5836 ductus
1684 5776 1926 5836 ultionis

2031 5275 2247 5347 ardore
2271 5288 2386 5347 no_n
2429 5267 3203 5347 _modicqtemporisuspatio
3259 5265 3693 5347 pedibusnconf

2033 5345 2300 5402 culcavit.
2333 5343 2632 5397 Cedrenus
2662 5341 2722 5396 in
2753 5337 2883 5411 ejus
2933 5337 3086 5394 Vita.
3124 5339 3223 5393 llis
3260 5337 3590 5411 provinciis
3615 5342 3697 5411 _et

2033 5419 2258 5473 feritate
2287 5430 2463 5485 quam
2499 5418 2762 5484 tempore
2783 5407 3040 5485 'vicinior
3057 5407 3444 5485 Tamerlanes
3466 5407 3699 5485 quoties

2033 5503 2257 5561 equum
2295 5480 2743 5561 conscenderet,
2768 5482 3044 5561 prostrati
3099 5483 3189 5561 ad“
3206 5480 3700 5561 pedes_Bajazetis

2034 5553 2357 5616 cervicibus
2390 5572 2492 5611 ceu
2529 5553 2785 5611 scabello
2820 5555 3118 5608 utebatur.
3154 5553 3486 5610 Dubravius
3518 5555 3697 5607 1.xxv.

2033 5633 2230 5686 Victos
2253 5630 2452 5684 hostes
2481 5628 2755 5698 ephippio
2787 5627 3040 5680 instrato
3074 5642 3106 5678 a
3131 5625 3371 5698 Francis
3410 5626 3697 5681 Norman-

2037 5706 2246 5773 nisque
2277 5700 2572 5773 quondam
2605 5697 2860 5754 Calcatos
2910 5698 3174 5752 referunt
3222 5697 3695 5754 Normannorum

2037 5771 2314 5834 chronica
2347 5772 2403 5829 in
2440 5771 2687 5829 Roberto
2723 5775 2938 5845 primo.
