4060 6344
491 410 598 467 431

1809 404 2131 464 JOANNIS
2178 402 2578 464 SCYLl'l'Z/E

3777 412 3895 470 43?.

477 537 763 595 Sultanus
815 537 1227 608 imperatorem
1279 535 1530 591 multum
1559 535 1947 609 amplexatus,
1984 533 2117 590 mul-

2242 534 2416 609 τύχας
2471 533 2521 606 ἐξ
2581 535 2944 612 ἀντεπιιρορᾶς
2996 534 3354 610 λογιζόμενός
3402 559 3460 594 τε
3507 540 3592 594 καὶ
3626 535 3894 595 εὐλαϐού-

476 633 656 700 toque
677 643 812 684 cum
834 626 1052 683 honore
1071 626 1332 696 jubensa
1354 625 1479 682 suis
1501 626 1705 700 legatis
1729 642 1863 682 eum
1897 625 2126 682 deduci.

478 719 816 775 Tenebatur
843 723 1042 774 autem
1084 717 1384 773 Matzicier
1412 735 1446 772 a
1478 716 1778 773 Romanis.
1813 716 1886 771 Ut
1933 720 2128 772 autem

481 810 800 882 imperator
823 807 1108 864 dimissus
1131 806 1244 864 alia
1267 808 1356 863 via
1378 824 1645 864 reversus
1675 812 1784 877 est,
1814 806 1901 861 illi
1931 806 2130 862 relicto

481 897 693 970 oppido
743 901 918 954 noctu
973 898 1328 969 effugerunt,
1361 912 1612 968 cumque
1663 897 1717 950 in
1752 896 1953 951 hostes
1983 894 2128 949 inci-

481 987 726 1056 dissent,
760 986 954 1041 adiere
984 984 1264 1058 pericula.
1298 989 1624 1056 Imperator
1671 989 1890 1050 autem,
1926 982 2022 1038 ubi
2057 982 2128 1038 ad

479 1073 993 1146 Theodosiopolim
1044 1075 1309 1146 pervenit
1337 1090 1469 1128 cum
1508 1073 1785 1129 Turcirca
1833 1071 2133 1128 Sultanica

479 1169 656 1234 veste,
690 1163 1010 1220 liberaliter
1038 1168 1314 1234 exceptus
1346 1162 1474 1217 fuit.
1513 1163 1711 1234 lbique
1742 1162 1867 1218 dies
1907 1161 2132 1232 aliquot

479 1256 879 1308 commoratus
909 1253 1166 1323 est,dum
1196 1266 1437 1306 manum
1467 1255 1698 1305 curaret
1728 1265 1903 1319 seque
1933 1249 2130 1321 ipsum

478 1358 582 1414 pro
603 1342 827 1397 viribus
864 1341 1132 1398 reficiens
1164 1340 1376 1395 melius
1409 1340 1671 1395 haberet.
1707 1339 1966 1410 Indeque
1999 1355 2131 1410 pro-

478 1433 666 1486 fectus
696 1431 1045 1503 peragrabat
1078 1430 1227 1486 ἰθῖ
1261 1429 1478 1485 Iberios
1509 1430 1666 1484 vicos
1698 1445 1814 1483 una
1845 1444 1978 1483 cum
2000 1427 2131 1483 Sul-

481 1520 628 1590 tani,
659 1522 761 1592 qui
791 1537 988 1576 secum
1022 1520 1285 1584 aderant,
1318 1517 1546 1590 legatis,
1578 1524 1637 1573 et
1669 1518 1805 1574 inde
1837 1533 2026 1589 usque
2056 1519 2126 1573 ad

481 1610 668 1683 ipsam
700 1609 997 1665 Coloniam
1041 1609 1342 1680 processit.
1377 1610 1638 1678 Cumque
1669 1608 1739 1662 ad
1791 1606 2129 1678 Melissope-

482 1699 660 1755 trium
695 1699 1077 1771 pervenisset,
1111 1697 1329 1753 Paulus
1352 1713 1566 1768 praises
1598 1696 1920 1768 superioris
1952 1696 2129 1750 Edes-

480 1805 556 1844 sa:
589 1793 760 1843 noctu
812 1788 939 1859 ipso
992 1785 1194 1842 relicto
1246 1786 1316 1841 ad
1371 1783 1592 1858 Cpolim
1637 1785 1803 1855 fugit,
1839 1784 2129 1857 perceptis

477 1879 552 1932 iis
575 1894 701 1949 quae
726 1877 804 1932 ibi
829 1875 1156 1949 composita
1179 1875 1430 1931 fuerant.
1465 1875 1612 1929 Nam
1650 1873 1909 1929 Joannes
1943 1873 2130 1929 Caesar

477 1971 535 2022 et
565 1969 694 2038 ejus
726 1966 850 2032 ﬁlii,
882 1974 939 2021 et
968 1983 1035 2021 ex
1065 1965 1438 2020 senatoribus
1473 1963 1810 2034 quicunque
1840 1963 1969 2033 ejus
1997 1979 2128 2034 par-

478 2061 569 2112 tes
605 2056 1043 2127 sequebantur,
1075 2054 1336 2126 reginam
1386 2053 1446 2106 in
1479 2050 1748 2108 exsilium
1799 2051 2043 2107 mittunt
2071 2050 2130 2105 in

483 2144 909 2200 monasterium
934 2145 1003 2199 ab
1026 2142 1469 2214 ipsaconditum
1489 2141 1846 2212 Piperudum
1876 2140 2128 2207 nomine,

488 2235 576 2290 vel
607 2235 848 2289 invitam
883 2233 1214 2296 tondentes,
1244 2233 1301 2286 et
1322 2229 1602 2285 Michaele
1634 2228 1924 2284 declarato
1945 2229 2129 2300 impe-

485 2329 675 2380 ratore
706 2323 764 2378 in
797 2338 1001 2379 omnes
1051 2324 1245 2392 partes
1275 2318 1580 2390 scripsere,
1614 2334 1908 2374 reversum
1943 2318 2129 2389 impe-

482 2417 729 2469 ratorem
756 2429 870 2468 non
894 2427 1022 2467 esse
1051 2408 1458 2481 excipiendum
1496 2424 1684 2478 neque
1725 2413 1788 2462 ut
1807 2408 2129 2478 imperato-

477 2519 598 2558 rem
631 2501 964 2558 colendum.
998 2499 1273 2569 Princeps
1304 2501 1363 2552 et
1393 2501 1595 2552 auctor
1647 2496 1756 2551 fuit
1789 2495 2128 2552 declaratio-

476 2594 568 2648 nis
591 2591 1074 2665 philosophorum
1098 2587 1347 2643 eximius
1371 2586 2124 2658 Psellus,quemadmodum

474 2682 601 2755 ipse
632 2697 870 2755 quoque
917 2680 975 2734 in
1022 2679 1274 2749 quodam
1326 2677 1543 2748 scripto
1587 2675 1890 2747 gloriatur.
1922 2675 2126 2730 Fertur

474 2772 616 2827 item
651 2771 852 2843 regina
895 2768 1160 2839 ejusdem
1214 2764 1503 2837 particeps
1533 2763 1763 2819 consilii
1814 2764 2018 2827 fuisse,
2053 2781 2125 2820 ne

476 2876 773 2916 reversum
810 2860 1119 2930 Diogenem
1153 2854 1454 2926 reciperet.
1488 2853 1594 2908 Sed
1630 2853 1946 2907 immatura
1977 2853 2124 2908 cele-

475 2952 647 3008 ritate
664 2950 756 3006 his
775 2948 1023 3022 cognitis
1044 2947 1330 3018 Diogenes
1348 2949 1405 2999 et
1422 2943 1633 2998 certior
1647 2944 1834 2998 factus
1860 2958 2124 2998 commu-

473 3041 626 3097 niter
642 3057 703 3098 se
717 3057 818 3113 per
833 3053 1154 3111 praeconem
1170 3035 1248 3090 im
1260 3034 1416 3106 perio
1431 3032 1792 3099 abdicatum,
1819 3032 2125 3104 occupavit

471 3131 766 3203 quoddam
791 3127 1071 3200 oppidum
1088 3127 1322 3180 nomine
1338 3122 1810 3192 Doceam,ibique
1822 3125 2012 3177 castra
2027 3138 2124 3194 po-

467 3218 803 3274 suit.Czssar
831 3221 1025 3271 autem
1059 3219 1125 3268 ut
1155 3212 1262 3268 sibi
1297 3212 1601 3267 videbatur
1629 3210 1872 3281 imperio
1903 3210 2122 3281 optime

2247 645 2423 696 μενος.
2485 625 2768 696 Ἐπιτάξας
2848 624 2940 681 οὖν
3011 625 3161 700 αὐτῷ
3230 627 3436 698 σκηνὴν
3515 629 3894 706 ἀποταχθῆναι

2239 715 2327 768 καὶ
2382 714 2662 789 θεραπείαν
2718 715 3086 788 ἁρμόζουσαν,
3150 713 3467 772 σύνδειπνον
3528 717 3686 774 αὐτὸν
3731 741 3897 790 τηνι-

2237 811 2408 861 καῦτα
2452 807 2540 861 καὶ
2592 805 2912 880 ὁμοδίαιτον
2964 809 3348 884 ἀπειργάσατο,
3400 812 3474 884 μὴ
3529 813 3677 887 παρὰ
3727 814 3895 888 μέρος

2239 896 2481 965 καθίσας,
2549 894 2695 952 ἀλλά
2736 896 3022 972 σύνθρονον
3073 897 3125 952 ἐν
3181 897 3434 970 εὐρύτητι
3481 907 3581 969 τῆς
3639 899 3893 978 ἐκκρίτου

2239 986 2439 1055 τάξεως
2497 986 2586 1040 καὶ
2633 984 2899 1059 ὁμόδοξον
2951 987 3088 1041 κατὰ
3141 989 3312 1060 τιμὴν
3358 990 3755 1063 ποιησάμενος,
3809 989 3895 1053 δὶς

2241 1081 2338 1144 τῆς
2385 1075 2598 1149 ἡμέρας
2645 1076 3046 1152 συνερχόμενος
3113 1075 3258 1149 αὐτῷ
3312 1079 3404 1133 καὶ
3450 1077 3739 1135 συλλαλῶν
3801 1082 3892 1136 καὶ

2239 1162 2644 1239 παρακλήσεσιν
2729 1165 3136 1238 ἀνακτώμενος,
3238 1167 3437 1242 μέχρις
3501 1170 3722 1243 ἡμερῶν
3785 1173 3899 1244 (27)

2245 1253 2395 1309 ὀκτὼ
2446 1260 2554 1310 τῶν
2616 1254 2821 1328 ὁμοίων
2865 1254 3144 1310 ἐκοινώνει
3191 1257 3338 1329 αύτῷ
3369 1255 3546 1332 λόγων
3578 1259 3667 1312 καὶ
3720 1257 3897 1332 ἀλῶν,

2245 1342 2374 1416 μηδ’
2406 1344 2533 1421 ἄχρι
2568 1346 2653 1400 καὶ
2712 1346 3054 1421 βραχυτάτου
3096 1344 3268 1421 λόγου
3299 1348 3435 1421 πρὸς
3465 1351 3654 1403 τοῦτον
3687 1370 3895 1425 πεπαρ-

2241 1435 2492 1504 ωνηκὼς,
2526 1435 2649 1510 περί
2695 1456 2858 1490 τινων
2910 1432 2967 1489 δὲ
3005 1433 3309 1491 δοκούντων
3363 1436 3699 1515 σφαλμάτων
3748 1439 3801 1494 ἐν
3827 1444 3900 1512 τῇ

2240 1523 2419 1579 ἐλάσει
2471 1532 2570 1593 τῆς
2621 1531 2872 1600 στρατιᾶς
2939 1526 3278 1597 ὑπομνήσας.
3339 1529 3780 1603 Διερωτήσαντος
3840 1527 3900 1584 δὲ

2247 1618 2344 1685 μιᾷ
2372 1618 2478 1668 τῶν
2513 1615 2736 1688 ἡμερῶν
2785 1618 2882 1669 τοῦ
2940 1612 3242 1669 σουλτάνου
3286 1617 3376 1670 τὸν
3423 1614 3670 1691 βασιλία.
3702 1617 3772 1674 Τί
3829 1618 3894 1673 ἂν

2241 1700 2488 1777 ἔδρασας,
2527 1703 2577 1757 εἷ’
2609 1699 2768 1778 ἔσχες
2814 1702 2911 1776 ἐμὲ
2967 1703 3284 1780 ὑποχείριον
3320 1723 3332 1774 ;
3394 1705 3772 1781 ἀνυποκρίτως
3803 1707 3895 1761 καὶ

2238 1791 2566 1854 ἀθωπεύτως
2592 1793 2620 1846 ὁ
2655 1790 2914 1866 βασιλεὺς
2947 1793 3292 1867 ἀπεκρίνατο,
3325 1793 3408 1848 ὅτι
3439 1816 3465 1849 ι
3497 1794 3746 1858 Πολλαῖς
3769 1801 3898 1858 ταῖς

2239 1886 2478 1955 πληγαῖς
2505 1879 2916 1953 κατεδαπάνησα
2971 1882 3029 1936 ἄν
3085 1903 3180 1936 σου
3236 1883 3299 1937 τὸ
3344 1888 3524 1957 σῶμα,
3575 1883 3833 1959 γίνωσκε,
3868 1913 3892 1940 ι

2243 1969 2399 2026 Ἀλλ’
2451 1969 2577 2045 ἐγὼ,
2635 1972 2798 2045 φησὶν
2856 1973 2884 2026 ὁ
2935 1970 3255 2038 σουλτάνος,
3311 1971 3373 2026 ού
3431 1975 3748 2048 μιμήσομαί
3797 1997 3902 2032 σου

2239 2059 2302 2113 τὸ
2350 2058 2614 2134 αὐστηρὸν
2659 2059 2748 2114 καὶ
2809 2059 3109 2133 ἀπότομον.
3176 2059 3326 2129 Πλὴν
3372 2060 3553 2116 ἀκούω
3601 2062 3684 2118 ὅτι
3731 2065 3822 2120 καὶ
3872 2066 3906 2121 6

2245 2149 2504 2224 ὑμέτερος
2536 2149 2775 2223 Χριστὸς
2824 2149 3047 2224 εἰρήνην
3088 2149 3218 2222 ὑμῖν
3265 2152 3554 2224 νομοθετεῖ
3595 2153 3686 2206 καὶ
3717 2154 3906 2226 ἀμνη-

2240 2237 2386 2291 στίαν
2445 2243 2649 2307 κακῶν,
2696 2238 2785 2292 καὶ
2843 2244 2959 2300 τοῖς
3017 2239 3384 2316 ὑπερηφάνοις
3434 2240 3904 2318 ἀντικαθίσταται,

2235 2333 2512 2388 ταπεινοῖς
2567 2323 2623 2381 δὲ
2682 2324 2871 2382 δίδωσι
2903 2327 3089 2402 χάριν.
3147 2327 3295 2382 Μετᾶ
3347 2333 3508 2384 τοῦτο
3563 2335 3690 2405 γοῦν
3721 2352 3906 2386 σπον-

2237 2413 2332 2478 δᾶς
2389 2416 2752 2488 ποιησάμενοι
2802 2417 2892 2470 καὶ
2953 2418 3224 2487 συνθήκας
3272 2417 3548 2494 εἶ’ρηνικὰς
3602 2416 3903 2491 διηνεκεῖς,

2233 2506 2323 2560 καὶ
2353 2504 2522 2575 κῆδος
2565 2505 2651 2560 ἐπὶ
2691 2511 2804 2567 τοῖς
2855 2505 3009 2560 παισὶ
3058 2507 3477 2579 συστησάμενοι,
3533 2507 3624 2562 καὶ
3683 2509 3750 2564 τὰ
3807 2507 3900 2565 δί-

2233 2616 2359 2649 καια
2403 2595 2632 2665 ἑκάστης
2702 2595 3042 2671 ὶπικρατείας
3103 2593 3134 2648 ἃ
3187 2595 3250 2669 ᾕν
3310 2595 3361 2666 ἐξ
3411 2599 3593 2671 ἀρχῆς
3643 2597 3896 2670 θέμενοι,

2235 2683 2435 2762 φιλίως
2480 2706 2539 2739 τε
2589 2681 2875 2755 ἀλλήλους
2913 2684 3366 2760 προσμίγνυσθαι,
3401 2687 3595 2758 μηκέτι
3645 2683 3700 2741 δὲ
3750 2687 3895 2758 λεη-

2235 2771 2426 2828 λασίαν
2473 2780 2571 2843 τῆς
2631 2773 2920 2845 Ῥωμαίων
2982 2771 3324 2848 ἐπικρατείας
3380 2776 3505 2851 παρ’
3570 2777 3896 2831 οὑτινοσοῦν

2231 2867 2338 2917 τῶν
2400 2861 2659 2936 Τούρκων
2727 2862 2989 2938 γίνεσθαι,
3071 2862 3479 2936 ὑποπραφῆναί
3547 2885 3608 2919 τε
3672 2866 3886 2929 πάντας

2231 2950 2358 3014 τοὺς
2398 2952 2514 3005 ὅσοι
2573 2952 2710 3006 ποτε
2767 2951 2902 3006 κατά
2958 2954 3058 3020 τῆς
3091 2952 3376 3025 Ῥωμαίων
3429 2951 3755 3026 ἐστάλησαν,
3791 2958 3897 3012 καὶ

2229 3041 2332 3109 τήν
2390 3039 2776 3116 αἰχμαλωσίαν
2816 3038 3046 3111 ἅπασαν,
3095 3044 3185 3096 καὶ
3244 3041 3479 3114 μάλιστα
3524 3044 3587 3098 τὸ
3639 3045 3895 3122 προέχον

2229 3134 2336 3186 τῶν
2387 3131 2676 3203 Ῥωμαίων
2733 3129 2824 3184 καὶ
2893 3128 3164 3205 ἔκκριτον,
3243 3128 3483 3202 δεξίωσιν
3549 3130 3710 3203 ἁδρὰν
3787 3141 3901 3190 τοῦ

2237 3215 2505 3291 βασιλέως
2536 3215 3128 3291 προσομολογήσαντος
3165 3223 3244 3290 τῷ
3271 3219 3574 3292 σουλτάνῳ.
3609 3221 3898 3298 Ἐςφάγη-

467 3305 1023 3378 potitus,praesidem
1045 3303 1488 3358 Constantinum
1507 3300 1756 3355 ﬁliorum
1775 3303 1912 3354 natu
1942 3298 2114 3353 mini-

2229 3290 2321 3359 σαν
2355 3303 2413 3359 δὶ
2439 3310 2737 3375 τηνικαῦτα
2785 3290 2932 3360 Λὲων
2985 3307 3012 3361 6
3063 3305 3150 3361 ἐπὶ
3194 3311 3302 3362 τῶν
3349 3290 3587 3379 δεήσεων
3634 3290 3747 3380 (23)

467 3411 629 3451 mum
657 3410 792 3451 cum
821 3391 1232 3464 frequentibus
1272 3389 1456 3461 copiis
1481 3391 1762 3444 adversus
1793 3388 2107 3460 Diogenem

461 3487 766 3556 immittit;
791 3483 1079 3558 quietiam
1097 3483 1447 3552 conjunctus
1481 3479 1963 3553 cumipsoDocew
1987 3477 2109 3534 bel-

459 3579 583 3633 lum
610 3575 922 3632 metuebat.
946 3576 1016 3629 At
1037 3572 1322 3644 Diogenes
1345 3570 1706 3642 superiorem
1731 3585 1792 3624 se
1821 3570 2107 3624 Constan-

2221 3393 2248 3446 6
2311 3395 2607 3469 μάγιστρος
2667 3393 2963 3458 Εὐστάθιος
3021 3395 3111 3449 καὶ
3183 3404 3666 3473 πρωτασηκρῆτις,
3728 3398 3891 3456 ἑάλω

2219 3479 2276 3538 δὲ
2328 3481 2417 3537 καὶ
2470 3483 2496 3536 6
2564 3477 3064 3559 πρωτοϐεστιάριος
3141 3483 3432 3549 Βασίλειος
3501 3487 3530 3541 6
3586 3485 3884 3560 Μαλειςης.

2214 3572 2364 3627 Μετά
2395 3569 2537 3639 δὲτὸ
2579 3576 2746 3627 ταῦτα
2795 3571 2938 3626 οὕτω
2996 3573 3311 3649 πραχθῆναί
3347 3595 3406 3630 τε
3448 3575 3535 3630 καὶ
3571 3597 3881 3654 συμφωνη-

2213 3661 2372 3729 θῆναι
2405 3661 2667 3716 ἀπέλυσεν
2703 3662 2730 3716 6
2775 3659 3071 3726 σουλτάνος
3113 3664 3205 3717 τὸν
3257 3662 3483 3738 βασιλέα
3535 3664 3631 3719 σὺν
3667 3664 3871 3742 πολλῇ

2209 3749 2520 3825 περιπλοκῇ
2579 3750 2668 3805 καὶ
2719 3751 3094 3825 συντακτηρίῳ
3143 3757 3305 3827 τιμῇ,
3353 3752 3716 3830 προσιπιδοὺς
3767 3759 3869 3811 καὶ

2206 3837 2314 3893 τῶν
2374 3839 2591 3895 οἰκείων
2641 3835 2916 3914 πρεσϐεις.
2977 3841 3271 3917 Κατείχετο
3320 3839 3376 3896 δὲ
3436 3843 3506 3898 τὰ
3561 3845 3868 3921 Ματζικίερ

2211 3929 2314 3983 ὑπὸ
2346 3929 2658 4002 Ῥωμαίων.
2693 3933 2772 3999 [Ρ.
2805 3932 2932 4003 843]
2980 3935 3068 3992 Ὡς
3118 3928 3165 3986 δ’
3217 3932 3244 3986 ὁ
3281 3931 3533 4005 βασιλεὺς
3563 3931 3869 4000 ἀπολυθεὶς

2205 4017 2476 4089 ἐπανῆλθε
2535 4017 2604 4073 δι’
2658 4016 2835 4088 ἐέλλης
2910 4017 3062 4090 ὀδοῦ,
3118 4020 3337 4098 ἀφέντες
3408 4021 3603 4077 ἰκεῖνοι
3661 4026 3865 4089 νυκτὸς

2201 4104 2415 4186 ἔφυγον,
2475 4109 2860 4184 περιτυχόντες
2919 4105 2977 4163 δὶ
3025 4107 3317 4182 πολεμίοις
3371 4109 3760 4169 ἐκινδύνευσαν.
3795 4117 3867 4172 Ὁ

2201 4193 2256 4251 δὲ
2314 4196 2566 4272 βασιλεὺς
2637 4198 2994 4267 κατηντηκὼς
3073 4198 3151 4260 είς
3203 4196 3658 4255 Θεοδοσιούπολιν
3718 4205 3866 4275 μετᾶ

2195 4291 2496 4357 Τουρκικῆς
2543 4285 2906 4355 σουλτανικῆς
2959 4286 3164 4356 στολῆς
3212 4291 3324 4361 (29)
3377 4285 3650 4364 ὑπεδιχθη
3684 4291 3861 4365 φιλο-

2192 4375 2392 4449 τίμως.
2449 4377 2684 4451 Ἠμὲρας
2741 4373 2798 4430 δὲ
2869 4396 3021 4440 τινας
3097 4373 3479 4452 διεκαρτέρησε
3535 4399 3634 4449 την
3685 4386 3861 4457 χεῖρα

2191 4465 2620 4540 θεραπευόμενος
2674 4466 2760 4519 καὶ
2835 4465 3022 4519 ἑαυτὸν
3086 4466 3487 4540 ἀνακτώμενος,
3531 4469 3620 4523 καὶ
3677 4469 3857 4525 πάλιν

454 3667 580 3723 tino
594 3681 836 3722 cernens
850 3664 1146 3736 profectus
1160 3659 1638 3732 indepervenitin
1653 3658 2076 3730 Cappadociam
2089 3698 2101 3711 .

453 3760 680 3813 Interea
697 3753 1012 3810 multitudo
1035 3751 1389 3805 Francorum
1403 3749 1474 3802 ad
1490 3749 1944 3803 Constantinum
1970 3762 2106 3801 con~

451 3845 600 3915 fluit,
633 3849 690 3900 et
717 3841 1018 3915 Crispinus
1050 3840 1172 3912 ipse
1221 3855 1350 3894 cum
1385 3837 1669 3909 cognatis,
1704 3852 1877 3909 quem
1911 3852 2100 3891 rever-

449 3952 552 3992 sus
600 3935 750 3990 708
804 3932 1085 4002 Diogenes
1142 3929 1305 4002 prius
1348 3927 1408 3983 in
1466 3929 1734 4000 Abydum
1793 3926 2093 3996 relegarat.

445 4026 814 4082 Theodorum
859 4021 1040 4093 igitur
1088 4018 1374 4091 Alyatem,
1425 4019 1609 4073 virum
1658 4033 2008 4090 generosum
2041 4021 2096 4072 et

445 4109 1173 4185 illustrem,magnitudine
1196 4124 1262 4164 ac
1285 4108 1477 4180 specie
1499 4107 1751 4163 maxime
1773 4106 2090 4161 admirabi-

443 4209 582 4275 lem,
613 4209 894 4264 adversus
941 4204 1103 4276 ipsos
1136 4202 1340 4257 mittit.
1373 4201 1638 4272 Cumque
1680 4198 1910 4254 fortiter
1939 4215 1999 4254 se
2029 4199 2087 4254 in

397 4291 564 4356 ‘acie
607 4296 1024 4371 opposuissent
1051 4293 1091 4347 ii
1135 4291 1233 4364 qui
1289 4308 1422 4347 cum
1469 4289 1850 4346 Constantino
1899 4293 2085 4359 erant,

435 4389 753 4445 vincuntur
784 4384 1001 4440 milites
1035 4381 1274 4454 Alyatis,
1296 4384 1352 4435 et
1384 4380 1508 4451 ipse
1539 4379 2084 4449 capitur,captoque

433 4477 586 4535 oculi
643 4473 999 4532 effodiuntur
1057 4472 1205 4526 ferro
1264 4485 1379 4541 quo
1411 4467 1661 4524 tent'oria
1720 4467 2081 4538 deﬁguntur.

429 4569 716 4639 Diogenes
746 4567 944 4619 autem
978 4561 1050 4616 ob
1082 4575 1149 4614 ea
1180 4575 1310 4629 quae
1340 4557 1675 4612 acciderant
1705 4571 2081 4626 summopere

2227 4557 2555 4632 ,εθαρμόζων
2615 4557 2752 4630 πρὸς
2810 4557 3285 4632 Ῥωμαῖκώτερον,

425 4657 631 4712 dolens
688 4655 748 4708 in
809 4649 1236 4723 Cappadociam
1297 4646 1600 4717 ingressus
1659 4650 1769 4710 est,
1817 4645 2117 4730 undiquei

2227 4645 2301 4702 όν.
2355 4649 2524 4720 ’Ἄρας
2583 4644 2629 4700 δ’
2677 4646 2875 4709 ἐκεῖθεν
2930 4643 3072 4719 διῄει
3120 4647 3215 4708 τὰς
3262 4641 3542 4721 Ἰϐηρικὰς
3596 4649 3795 4720 κώμας
3834 4672 3851 4686 ο

422 4761 728 4803 accersens
777 4740 1112 4799 exercitum.
1152 4739 1275 4807 Ipse
1322 4751 1456 4790 vero
1507 4734 1986 4790 commorabatur
2015 4735 2074 4788 in

2227 4738 2417 4804 υνῆσαν
2451 4733 2496 4790 δ’
2527 4734 2672 4806 αύτῷ
2719 4734 2810 4789 καὶ
2861 4735 2912 4789 οἱ
2963 4733 3021 4789 ἐκ
3077 4739 3175 4789 τοῦ
3223 4732 3522 4791 σουλτάνου
3564 4734 3854 4813 πρεσϐεις,

419 4835 723 4909 Terpaao.
762 4835 896 4888 Erat
945 4829 1050 4885 hoc
1095 4826 1378 4899 oppidum
1425 4825 1744 4880 admodum
1778 4823 2072 4898 munitum

2227 4824 2439 4879 άκεὶοεν
2524 4821 2880 4900 προσελαύνει
2985 4822 3151 4898 μέχρι
3255 4822 3563 4888 Κολωνείας
3645 4828 3848 4898 αὐτῆς.

417 4932 475 4982 et
502 4925 669 4982 valde
700 4926 1082 4997 prteruptum.
1119 4917 1303 4990 Igitur
1351 4915 1776 4972 Constantinus
1826 4913 2074 4969 accersi-

2227 4912 2483 4986 ενομᾶνου
2516 4910 2573 4968 δὲ
2602 4913 2654 4967 ἐν
2684 4917 2762 4984 τῷ
2810 4909 3288 4987 Μελισσοπετρίῳ,
3320 4911 3538 4976 Παῦλος
3568 4913 3848 4992 πρόεδρος

1732 5029 1978 5087 JACOBl
2019 5028 2237 5086 GOARI
2287 5030 2516 5086 NOT/E.

485 5131 595 5202 (27)
629 5129 918 5201 Adagium
957 5123 1151 5202 μέχρις
1185 5117 1365 5202 λόγων
1396 5119 1484 5173 καὶ
1517 5117 1662 5174 ἀλῶν
1708 5125 2066 5202 secretorum

2227 5119 2526 5202 nuciseum
2553 5136 2681 5202 esse
2704 5120 2786 5174 ait
2806 5117 3370 5202 quifupplicanfiun}
3387 5137 3571 5202 greces
3589 5124 3852 5202 principi

411 5191 828 5275 convictusque
860 5191 1212 5275 societatem
1226 5191 1422 5275 amico
1442 5209 1780 5275 concessam
1806 5193 2064 5275 denotat.
2175 5191 2437 5275 explicat,
2470 5196 2524 5246 et
2544 5191 3122 5275 ejusresponsiomxms
3149 5191 3841 5275 [ingestttegendarium

411 5208 828 5271 convictusque
860 5208 1199 5254 societatem
1235 5208 1422 5249 amico
1442 5209 1780 5274 concessam
1806 5208 2064 5247 deamat.
2175 5208 2437 5263 expucat,
2470 5208 2524 5246 et
2544 5208 2661 5263 ejus
2682 5208 3122 5317 resgonswnzous
3149 5208 3371 5275 praeest.
3407 5208 3840 5266 negenaarium

407 5274 536 5330 Sale
568 5279 740 5330 tenus
791 5276 848 5327 et
896 5268 1132 5324 cumino
1181 5266 1408 5320 dixerat
1437 5265 1576 5319 olim
1623 5263 1973 5336 Plutarchus
2003 5263 2063 5318 in
2175 5265 2447 5336 eumdem
2468 5263 2590 5318 vult
2615 5264 2730 5336 dici
2803 5261 3126 5319 ancirollus
3153 5280 3210 5336 in
3237 5264 3367 5336 Not.
3403 5266 3548 5336 Imp.
3583 5281 3634 5320 ο.
3667 5283 3840 5324 xvm.

409 5346 656 5417 Sympos.
689 5341 1064 5400 Consortium
1098 5337 1237 5394 salis
1268 5341 1445 5392 etiam
1480 5336 1653 5391 hodie
1706 5337 1903 5391 Turcm
1938 5335 2064 5390 lau-
2172 5340 2249 5417 ﬁt
2301 5335 2473 5417 longe
2521 5340 2611 5417 est
2663 5334 2843 5417 hujus
2895 5337 2965 5390 de
3013 5334 3548 5417 qquCassiodorus
3597 5355 3842 5410 quoque

406 5405 570 5472 dant:
1734 5476 1743 5482 _
2010 5473 2022 5482 ι
2172 5410 2307 5482 V_ar.
2344 5406 2384 5460 l.
2411 5405 2494 5478 in,
2529 5407 2601 5462 ab
2633 5405 2840 5478 altero,
2870 5423 2976 5462 ceu
3025 5405 3305 5463 militaris
3335 5424 3368 5464 a
3396 5407 3574 5478 civili,
3607 5405 3835 5482 propo-

477 5487 708 5559 (28)»De_
750 5503 866 5558 quo
915 5482 1177 5559 Godiqus
1231 5496 1295 5559 ο..
1335 5496 1390 5549 ν,
1424 5496 1481 5559 ιιἒ
1531 5479 1602 5533 65
1635 5495 1646 5533 :
1677 5473 2062 5559 ‘Aéxﬂgt‘jﬁc

2228 5482 2376 5559 tum.

401 5543 511 5613 τῶν
560 5543 853 5612 αἰτούντων
900 5554 989 5608 καὶ
1040 5543 1411 5624 ἀδικουμένων
1447 5543 2060 5624 γάναφοράςξκαϐαλλα-

2241 5549 2352 5624 (29)
2385 5548 2540 5612 Quos
2560 5547 2768 5624 affectu
2792 5547 2884 5624 vel
2905 5548 3124 5624 honore
3145 5553 3588 5624 prosequuntur
3613 5559 3840 5624 ornant

404 5629 529 5706 ρίου
575 5627 936 5706 διερχομένου
966 5628 1063 5681 τοῦ
1119 5620 1918 5706 βασιλέως.,Ββίέτέῐιρνθῐνὶυῐῐι
1953 5623 2060 5706 hoc

2231 5621 2594 5706 ahumetani,
2615 5621 2677 5704 Osi
2710 5620 2921 5692 capitis
2951 5620 3214 5706 velamen
3265 5621 3542 5706 excipias,
3575 5623 3703 5678 suis
3733 5641 3837 5680 ve-

403 5691 1018 5775 inunere'f'un'gentem
1064 5691 1231 5775 vdeat
1276 5693 1824 5775 Cassiodorusvar.
1859 5711 1936 5756 vr,
1967 5694 2058 5775 i7,
2169 5691 2384 5775 stibus.
2419 5692 2566 5774 llinc
2613 5691 2932 5775 imperator
2972 5691 3292 5775 .sultanica,
3327 5691 3514 5749 idest
3561 5696 3726 5775 regia
3775 5701 3838 5754 et

2168 5763 2539 5833 Saracenica,
2577 5763 2736 5821 veste
2781 5764 3138 5840 conspicuus
3182 5765 3254 5823 ad
3301 5781 3445 5824 suos
3492 5763 3836 5828 revertitur.

3363 4559 3440 4620 ὡς
3507 4558 3656 4628 ὶνῆν,
3718 4561 3854 4616 ἑαυ-

400 5792 520 5852 qua
537 5777 667 5852 ejus
697 5764 892 5834 ofﬁcia
921 5785 1097 5844 quam
1127 5767 1418 5825 latissime
1447 5771 1703 5839 exponit.
1740 5764 2059 5838 Procopius
