4060 6344
229 349 354 410 433

1756 349 2154 414 HISTORIA.

3552 369 3672 429 434

229 482 259 537 6
307 488 414 552 τῆς
469 478 728 553 Ἐδέσσης
783 484 1067 539 natmde
1119 483 1298 559 νόκτῳ
1353 483 1515 541 αὐτὸν
1571 484 1857 541 καταλιπὼ

1968 493 2134 555 ,ιυω
2199 493 2510 552 Antiochia
2567 499 2777 555 ducem
2839 500 3314 557 Chachaturium.
3357 501 3662 560 adversus-

228 571 306 633 εἷς
394 570 978 628 Κωνσταντινούπολιν
1055 571 1359 650 ἀπέδρασε,
1434 574 1735 648 προμαθὼν
1827 575 1891 629 τὰ

227 660 406 716 ἐκεῖσε
462 660 820 733 καττυόμενα·
883 663 1140 734 Ἰωάννης
1198 664 1304 740 γὰρ
1363 664 1390 719 6
1441 670 1642 740 Καῖσαρ
1699 665 1787 719 καὶ
1837 665 1888 718 οἳ

219 749 424 806 τοῦτου
456 751 616 819 υἱεῖς,
650 751 740 806 καὶ
789 758 888 820 τῆς
943 751 1252 828 συγκλήτου
1285 753 1400 809 ὅσοι
1442 755 1506 808 τὰ
1542 752 1703 808 αὐτοῦ
1735 753 1890 832 ἐφρό-

219 857 374 907 νουν,
431 838 530 905 τήν
597 838 691 910 μὶν
757 836 1015 912 βασιλίδα
1075 841 1358 916 ὑπερόριον
1413 841 1644 905 τίθενται
1704 841 1781 903 εἷς
1825 842 1887 897 τὸ

218 930 350 1001 παρ’
410 927 583 996 αὐτῆς
639 928 834 982 συστὰν
895 932 1356 1005 φροντιστήριον,
1416 931 1685 1006 ΙΙιπεροῦς
1743 931 1886 986 οὕτω

216 1015 590 1088 καλούμενον,
645 1015 1033 1091 ἀποκείραντες
1093 1020 1182 1072 καὶ
1245 1020 1321 1092 μη
1389 1019 1749 1094 βουλομένην,
1791 1022 1882 1076 τὸν

219 1102 277 1159 δὲ
341 1105 583 1182 Μιχαὴλ
645 1107 922 1182 μόναρχον
977 1106 1429 1184 ἀναγορεύσαντες
1509 1109 1885 1184 αὐτοκράτορα

219 1188 464 1268 ἔγραψαν
497 1194 818 1270 ἁπανταχοῦ
865 1194 1152 1252 έπανιόντα
1202 1198 1292 1252 τὸν
1342 1197 1568 1272 βασιλέα
1623 1200 1696 1270 μὴ
1750 1200 1881 1254 ὑπο-

219 1279 474 1352 δέξασθαι
533 1286 673 1356 μήτε
730 1285 802 1345 ὡς
859 1285 1086 1360 βασιλέα
1133 1293 1384 1358 τιμῆσαι.
1430 1288 1667 1362 ’Ἠρξατο
1697 1286 1753 1342 δὶ
1783 1292 1882 1357 τῆς

217 1371 617 1444 ἀποκηρύξεως
683 1378 900 1448 πρῶτος
959 1375 987 1428 6
1045 1380 1150 1429 τῶν
1212 1374 1528 1453 φιλοσόφων
1591 1375 1791 1440 ὕπατος
1853 1380 1880 1433 6

215 1458 468 1528 Ψελλὸς,
516 1461 695 1523 καθὼς
727 1461 818 1516 καὶ
865 1463 1026 1525 αὐτὸς
1056 1458 1107 1518 ἔν
1138 1486 1244 1518 τινι
1275 1469 1382 1519 τῶν
1418 1462 1570 1519 ῗδίων
1602 1487 1879 1541 συγγραμμ

215 1547 406 1620 μάτων
469 1547 836 1626 μεγαλαυχεῖ.
895 1552 1118 1626 Κέγεται
1175 1550 1234 1606 δὶ
1287 1554 1370 1607 ὅτι
1428 1555 1516 1608 καὶ
1663 1555 1880 1630 βασιλὶς

211 1636 356 1706 αὖτὴ
388 1642 489 1692 τοῦ
513 1639 682 1694 αὐτοῦ
715 1645 922 1694 σκοποῦ
953 1641 1043 1710 ἦν,
1077 1642 1215 1696 ὥστε
1250 1644 1325 1715 μή
1367 1641 1754 1718 προσδέξασθαι
1784 1645 1875 1699 τὸν

212 1728 481 1802 Διογένην
533 1727 840 1785 ἐπανιόντα.
891 1731 1142 1804 Ἀπτέρῳ
1189 1728 1246 1786 δὲ
1293 1733 1452 1808 τάχει
1505 1733 1688 1806 μαθὼν
1714 1738 1875 1788 τοῦτο

209 1815 302 1871 καὶ
377 1817 408 1871 6
481 1816 764 1892 Διογένης,
837 1819 925 1874 καὶ
1000 1817 1450 1898 πληροφορηθεὶς
1524 1820 1608 1876 ὅτι
1680 1829 1877 1886 κοινῶς

211 1905 659 1978 ἀποκεκήρυκται
713 1950 727 1974 ,
803 1906 1060 1984 φρούριόν
1141 1930 1193 1964 τι
1279 1911 1567 1986 κατασχὼν
1655 1912 1872 1967 Δόκειαν

209 1993 621 2067 ὀνομαζόμενον
669 1995 841 2051 ἐκεῖσε
886 1996 1429 2071 ἐστρατοπεδεύσατο.
1464 2001 1524 2057 Ὀ
1571 2000 1628 2055 δὲ
1668 2004 1872 2078 Καῖσαρ

206 2083 273 2138 τὰ
321 2091 427 2153 τῆς
475 2083 774 2159 βασιλείας,
825 2086 898 2148 ὡς
959 2083 1156 2157 ἐδόκει,
1201 2086 1392 2161 ἄριστα
1446 2091 1869 2164 κρατυνάμενος,

203 2181 299 2235 τὸν
359 2179 627 2256 πρόεδρον
706 2189 1107 2240 Κωνσταντῖνον
1180 2187 1274 2241 τὸν
1358 2186 1696 2263 βραχύτερον
1764 2193 1874 2242 τῶν

205 2269 372 2324 υἱέων
455 2271 591 2344 μετὰ
665 2269 944 2344 δυνάμεως
1014 2271 1178 2350 ἀδρᾶς
1236 2275 1373 2329 κατά
1426 2281 1522 2330 τοῦ
1581 2277 1867 2349 Διογένους

201 2360 458 2437 ἀφίησιν,
493 2361 553 2421 ὃς
583 2360 671 2414 καὶ
703 2360 916 2425 ένωθείς
957 2363 1108 2435 αὐτῷ
1142 2361 1192 2416 έν
1225 2368 1292 2438 τῇ
1346 2366 1538 2436 Δοκείᾳ
1588 2364 1866 2420 ἀπεδεε).’τι

201 2450 294 2503 τὸν
341 2446 614 2522 πόλεμον.
649 2451 816 2526 Ὀρῶν
872 2448 928 2506 δὲ
977 2452 1004 2505 6
1038 2453 1294 2527 Διογένης
1345 2454 1740 2530 ὑπερτεροῦντα
1770 2463 1866 2512 τοῦ

203 2538 607 2594 Κωνσταντίνου
665 2539 851 2594 έαυτὸν
886 2584 905 2613 ,
966 2538 1095 2615 ἄρας
1167 2541 1365 2598 ἐκεῖθεν
1427 2543 1728 2622 ἀφικνεῖται
1786 2546 1863 2610 εἲς

203 2625 621 2686 Καππαδοκίαν.
684 2632 766 2686 Ἐν
824 2630 1070 2704 τοσούτῳ
1129 2629 1187 2687 δὲ
1243 2632 1460 2701 πλῆθος
1492 2635 1755 2712 Φράγγων
1789 2642 1865 2710 τῷ

204 2717 596 2791 Κωνσταντίνῳ
674 2719 1087 2795 προσγίνεται,
1155 2722 1244 2776 καὶ
1323 2729 1617 2795 Κρισπῖνος
1700 2725 1863 2789 αὐτὸς

203 2805 341 2879 μετᾶ
385 2805 496 2860 τῶν
548 2808 851 2884 ὁμογενῶν,
887 2808 944 2863 ὃν
993 2810 1154 2865 ἀνιὼν
1187 2812 1214 2866 6
1246 2814 1508 2886 Διογένης
1564 2813 1613 2867 έν
1649 2809 1863 2888 ’Δϐὗδῳ

199 2896 500 2970 περιώρισε
560 2896 864 2970 πρότερον.
927 2897 1208 2976 Θεόδωρον
1267 2898 1356 2955 οὖν
1415 2902 1505 2957 τὸν
1566 2901 1859 2990 ’Δλυάτηνν

199 2981 371 3056 ἄνδρα
430 2989 673 3059 γενναῖον
731 2985 821 3041 καὶ
881 2986 1113 3064 ἐπιφανῆ
1157 3035 1173 3061 ,
1237 2992 1452 3065 μεγέθει
1505 3013 1564 3046 τε
1619 2995 1704 3047 καὶ
1768 2981 1861 3066 θέᾴ

201 3073 677 3144 θαυμασιώτατον,
728 3073 944 3131 στέλλει
998 3083 1114 3131 κατ’
1143 3077 1340 3135 αὐτῶν.
1398 3079 1755 3156 Ἐῤῥωμένως
1813 3080 1860 3137 δ’

196 3160 779 3235 ἆνειπαρασαξαμένων
829 3169 936 3218 τῶν
986 3165 1109 3243 περὶ
1161 3170 1591 3238 Κωνσταντῖνον,
1640 3173 1852 3240 ἡττῶνο

191 3270 280 3304 ται
327 3250 380 3303 οἱ
431 3251 550 3324 περὶ
603 3252 697 3306 τὸν
747 3251 1039 3326 ’Δλυάτηη
1095 3257 1372 3312 ἁλίσκεται
1423 3255 1480 3313 δὲ
1525 3259 1613 3314 καὶ
1667 3260 1844 3329 αὐτὸς,

190 3340 278 3392 καὶ
327 3338 459 3400 τοὺς
511 3338 830 3415 ὀφθαλμοὺς
878 3342 1210 3418 έξορύττεται
1243 3354 1521 3417 σκηνικοῖς
1555 3347 1844 3426 σιδηρίοις.

190 3434 539 3511 Περιώδυνος
573 3435 630 3492 δὲ
659 3439 687 3494 6
719 3442 974 3515 Διογένης
1021 3441 1106 3497 ἐπὶ
1138 3450 1252 3506 τοῖς
1286 3441 1658 3518 συμϐεϐηκόσι
1689 3469 1845 3525 γεγο-

187 3526 294 3585 νὼς
354 3524 434 3587 εἷς
489 3528 590 3596 τήν
655 3527 1036 3585 Καππαδοκῶν
1087 3528 1330 3606 ἐνέϐαλε,
1390 3537 1725 3613 πανταχόθεν
1767 3524 1845 3592 τὸ

189 3615 505 3689 στράτευμα
560 3615 1066 3690 προσκαλούμενος.
1101 3621 1267 3686 Αὐτὸς
1325 3621 1381 3679 δέ
1439 3623 1622 3701 διῆγεν
1666 3627 1717 3680 έν
1765 3633 1846 3699 τῷ

189 3705 508 3777 Τυροποιῷ·
570 3705 827 3783 φρούριον
885 3706 940 3762 δέ
996 3709 1168 3775 οὕτως
1239 3712 1578 3787 καλούμενον
1641 3716 1841 3792 ὀχυρὸν

187 3793 308 3849 λίαν
359 3794 454 3848 καὶ
504 3796 884 3872 ἀπόκρημνον.
939 3801 1452 3877 Προσκαλεσάμενος
1495 3804 1585 3861 οὖν
1633 3809 1661 3862 6
1702 3815 1845 3862 Κων-

189 3889 474 3946 σταντῖνος
506 3887 589 3958 [Ρ.
623 3889 749 3959 844]
780 3888 870 3942 καὶ
898 3890 989 3944 τὸν
1025 3893 1361 3968 Ἀντιοχείας
1401 3892 1565 3951 δοῦκα
1593 3898 1683 3952 τὸν
1729 3906 1841 3954 Λα-

186 3971 489 4048 χατούριον
542 3973 835 4052 σύμμαχον
891 3980 1026 4034 κατὰ
1080 3985 1177 4035 τοῦ
1235 3983 1518 4059 Διογένους
1549 3986 1647 4042 οὐκ
1685 3984 1839 4064 ἔσχεν

190 4062 564 4117 ὑπακούονταο
629 4065 922 4140 προσέθετο
967 4069 1067 4144 γαρ
1110 4071 1190 4142 τῷ
1240 4073 1496 4146 Διογένει.
1562 4076 1658 4130 Καὶ
1715 4062 1840 4132 τοῦ-

182 4172 273 4205 τον
334 4147 674 4226 παραλαϐὼν
717 4155 1072 4231 παραγίνεται
1122 4159 1199 4221 εἰς
1254 4159 1531 4231 Κιλικίαν,
1583 4163 1704 4228 ἔνθα
1749 4167 1838 4221 καὶ

183 4241 610 4316 προσεκαρτέρει
674 4245 774 4313 τὴν
851 4245 959 4299 ἀπὸ
1029 4252 1124 4302 τοῦ
1199 4249 1500 4307 σουλτάνου
1560 4254 1836 4327 ἀναμένων

187 4329 471 4403 βοήθειαν,
532 4332 677 4403 ὁμοῦ
733 4333 826 4406 μὲν
886 4335 974 4389 καὶ
1035 4334 1124 4391 διὰ
1179 4339 1268 4393 τὸν
1328 4347 1582 4416 χειμῶνα
1639 4342 1838 4420 διάγων

183 4417 379 4487 έκεῖσε,
432 4417 562 4474 ἀλλ’
608 4420 975 4495 ἆλεεινοτέραν
1013 4427 1112 4494 τήν
1166 4427 1411 4484 Κιλικίαν
1465 4417 1838 4506 ἐπιστάμενος,

183 4508 271 4561 καὶ
303 4505 474 4562 πάλιν
510 4509 646 4583 πρὸς
695 4509 980 4588 συλλογήν
1027 4521 1258 4591 στρατοῦ
1292 4518 1476 4574 ἑαυτὸν
1505 4505 1838 4599 ἀπησχόλει.

184 4608 245 4665 Ὀ
275 4604 334 4662 δέ
391 4628 456 4682 γε
512 4614 911 4674 Κωνσταντῖνος
965 4616 1100 4685 μετᾶ
1147 4616 1210 4671 τὸ
1257 4617 1348 4672 τὸν
1404 4621 1662 4695 Διογένην
1711 4623 1841 4678 ὑπο-

183 4704 445 4771 χωρῆσαι
502 4697 824 4773 ὑπέστρεψεν
872 4701 946 4763 είς
1001 4703 1061 4757 τὸ
1111 4706 1416 4775 Βυζάντιον.
1451 4710 1594 4764 Ἀντ’
1638 4710 1843 4767 ἐκείνου

185 4783 244 4840 δὶ
273 4785 564 4840 στέλλεται
613 4790 749 4842 κατὰ
797 4795 894 4844 τοῦ
935 4793 1232 4866 Διογένους
1260 4797 1287 4850 6
1319 4795 1584 4874 πρόεδρος
1619 4798 1840 4876 ’Λνδρό-

183 4895 330 4936 νικος
361 4876 520 4930 ὁτοῦ
571 4876 840 4954 Καίσαρος
896 4877 1031 4945 υἱός.
1089 4885 1376 4958 Διανείμας
1429 4885 1486 4942 δὲ
1532 4895 1650 4953 τοῖς
1680 4911 1837 4966 στρα-

181 4965 408 5026 τιώταις
455 4967 731 5040 σιτηρέσια
781 4964 870 5022 διὰ
921 4973 1020 5035 τῆς
1074 4970 1394 5048 κλεισούρας
1436 4981 1531 5031 τοῦ
1564 4964 1841 5035 Ποδανδοῦ

183 5052 495 5130 ἀφικνεῖται
555 5053 633 5117 είς
692 5055 964 5129 Κιλικίαν,
1026 5057 1150 5115 ἔνθα
1207 5070 1434 5135 συναντᾷ
1480 5065 1626 5139 αὐτῷ
1673 5070 1700 5124 6
1734 5078 1838 5124 Λα-

183 5139 510 5230 χατοξριος,
538 5141 598 5195 ’ὀν
645 5142 734 5196 καὶ
784 5145 918 5217 πρὸς
952 5147 1131 5222 βραχὺ
1183 5151 1564 5225 μαχεσάμενον
1598 5157 1836 5230 αἱροῦσιν

185 5231 236 5281 οἱ
260 5225 365 5320 τοῦ
417 5226 786 5320 Ἀνδρονίκου.
841 5239 955 5288 Τῶν
1011 5233 1067 5291 δέ
1111 5235 1295 5293 ἄλλων
1348 5225 1731 5320 συμφυγόντων
1766 5246 1841 5311 εἰς

186 5313 604 5408 ’Δδαναν,έ’νθα
650 5321 740 5374 καὶ
773 5322 800 5376 6
831 5325 1088 5400 Διογένης
1130 5323 1384 5404 διέτριϐε,
1417 5313 1711 5408 πολιορκίᾳ
1738 5337 1835 5404 τήν

186 5404 348 5498 πόλιν
399 5401 651 5498 διέλαϐεν
698 5411 726 5464 6
779 5409 1139 5488 Ἀνδρόνικος.
1175 5401 1465 5488 Συνθηκῶν
1516 5401 1840 5498 δὶυγενομέ-

187 5516 290 5548 νων
320 5494 399 5572 έφ¹
440 5496 488 5567 ᾧ
516 5497 610 5550 τὸν
657 5501 910 5576 Διογένην
945 5502 1237 5568 ἀποθέσθαι
1275 5509 1371 5580 μὲν
1399 5511 1496 5578 τὴν
1537 5494 1836 5586 βασιλείαν,

186 5595 281 5662 τήν
332 5593 505 5669 τρίχα
549 5593 605 5651 δὶ
653 5600 880 5674 χαρέντα
923 5598 1123 5678 διάγειν
1177 5602 1489 5678 ἰδιωτικῶς,
1531 5607 1690 5682 ἔξεισι
1741 5619 1837 5668 τοὖ

187 5684 425 5757 κάπρου
483 5683 888 5762 μελανειμονῶν
937 5691 1026 5747 καὶ
1074 5694 1140 5748 τὰ
1183 5697 1301 5760 καθ’
1350 5697 1535 5754 ἑαυτὸν
1566 5700 1834 5758 ἀποκλαι-

2003 579 2318 652 Diogenem
2355 585 2464 640 sibi
2507 589 2729 643 socium
2765 589 2921 644 haud
2968 589 3335 646 obedientem
3370 591 3524 646 dicto
3557 591 3656 648 ha-

2000 669 2310 742 buit,quod
2330 675 2402 730 ad
2426 676 2735 748 Diogenem
2758 695 2820 734 se
2838 677 3185 748 contulerat,
3204 696 3318 752 quo
3338 696 3535 736 secum
3565 681 3663 738 ille

2000 759 2176 814 ducto
2217 761 2274 816 in
2308 763 2571 820 Ciliciam
2597 767 3006 838 proficiscitur.
3028 768 3134 824 Ubi
3167 769 3344 824 etiam
3377 769 3659 828 auxilium

1999 865 2033 904 a
2062 850 2306 907 Sultano
2337 860 2684 926 exspectans
2713 858 3211 927 commorabatur,
3236 857 3414 914 simul
3442 864 3500 915 et
3532 877 3664 933 pro-

1998 942 2126 1009 pter
2167 939 2418 998 hiemem
2457 944 2533 998 ibi
2582 945 2824 1016 degens,
2857 947 3203 1018 tepidiorem
3249 964 3496 1004 noscens
3527 949 3661 1004 Cili-

1996 1028 2185 1097 ciam;
2217 1036 2274 1085 et
2312 1049 2519 1088 rursus
2552 1032 2608 1088 in
2633 1036 2902 1106 cogendo
2950 1036 3207 1090 exercitu
3240 1037 3658 1109 occupabatur.

1997 1130 2072 1181 At
2100 1130 2542 1197 Constantinus,
2576 1137 2888 1203 postquam
2933 1132 3218 1203 Diogenes
3249 1134 3510 1202 recessit,
3546 1136 3661 1208 By-

1993 1218 2249 1272 zantium
2285 1236 2553 1276 reversus
2601 1226 2708 1276 est.
2742 1223 2804 1276 In
2837 1222 2966 1291 ejus
3019 1220 3210 1276 locum
3261 1222 3518 1279 mittitur
3548 1227 3649 1280 ad-

1990 1328 2198 1367 versus
2219 1311 2537 1383 Diogenem
2571 1327 2783 1382 praeses
2804 1311 3173 1366 Andronicus
3195 1311 3438 1368 Caesaris
3467 1313 3649 1370 ﬁlius.

1997 1403 2186 1458 Diviso
2218 1407 2412 1457 autem
2466 1401 2756 1457 militibus
2787 1407 3120 1458 commeatu
3171 1417 3274 1473 per
3315 1401 3652 1462 clausuram

1992 1492 2253 1548 Podandi
2314 1491 2574 1563 pervenit
2625 1492 2682 1545 in
2732 1489 3018 1556 Ciliciam,
3065 1491 3165 1546 ubi
3220 1491 3335 1562 ipsi
3394 1494 3651 1550 occurrit

1988 1580 2644 1651 Chachaturius,quem,
2664 1596 2796 1634 cum
2821 1579 2981 1635 brevi
3006 1585 3349 1652 pugnasset,
3373 1580 3651 1638 occidunt

1990 1669 2206 1725 milites
2239 1669 2584 1736 Andronici;
2611 1685 2864 1740 cumque
2895 1668 2988 1723 alii
3024 1669 3082 1724 in
3116 1670 3384 1724 Adanam
3418 1670 3555 1742 fuga
3586 1687 3648 1728 se

1988 1761 2367 1831 recepissent,
2401 1758 2502 1814 ubi
2532 1758 2708 1814 etiam
2748 1758 3032 1828 Diogenes
3087 1760 3446 1827 morabatur,
3479 1761 3646 1815 obsi-

1906 1865 1953 1930 B
1985 1850 2158 1905 dione
2191 1849 2394 1904 urbem
2424 1849 2574 1903 704
2605 1848 2961 1920 expugnavit
2988 1847 3382 1903 Andronicus.
3405 1849 3646 1905 Percus-

1984 1954 2167 2008 soque
2217 1937 2454 2002 fcedore,
2488 1941 2555 1991 ut
2608 1936 2912 2008 Diogenes,
2935 1936 3199 2008 deposito
3248 1937 3495 2009 imperio
3544 1955 3642 1994 ca-

1982 2026 2237 2099 pilisque
2285 2026 2568 2091 detonsis,
2610 2025 2872 2097 privatus
2917 2025 3176 2096 degeret,
3209 2042 3240 2080 e
3280 2030 3473 2082 castro
3526 2028 3646 2082 exit

1983 2117 2150 2188 nigra
2180 2121 2338 2171 veste
2385 2115 2632 2170 indutus
2680 2130 2938 2185 suasque
2977 2114 3200 2170 deflens
3249 2115 3635 2173 calamitates.

1981 2216 2190 2271 Statim
2223 2220 2419 2270 autem
2443 2214 2670 2269 reditus
2700 2213 3060 2268 mentionem
3083 2213 3222 2269 facit
3243 2214 3636 2286 Andronicus,

1979 2311 2037 2360 et
2094 2321 2292 2360 secum
2352 2304 2658 2359 attrahens
2716 2303 3028 2375 Diogenem
3080 2301 3371 2374 pullatum
3420 2303 3637 2376 vilique

1979 2393 2138 2449 mulo
2161 2399 2391 2449 vectum
2418 2410 2519 2465 per
2541 2393 2672 2448 illos
2690 2393 2848 2448 vicos
2870 2393 2980 2448 iter
2999 2391 3251 2447 habebat
3267 2396 3324 2447 et
3345 2392 3634 2465 regiones,

1977 2502 2010 2539 a
2040 2484 2256 2555 quibus
2289 2483 2452 2554 prius
2482 2487 2543 2537 ut
2573 2483 2690 2537 Deo
2721 2481 2966 2553 aequalis
2997 2481 3084 2536 vir
3113 2483 3386 2553 cognitus
3419 2482 3627 2539 fuerat.

1974 2573 2120 2628 Cum
2155 2589 2286 2627 vero
2316 2588 2504 2643 usque
2537 2572 2607 2626 ad
2633 2574 2926 2642 Cotyaeum
2960 2571 3072 2626 iter
3100 2570 3364 2627 luctuose
3396 2572 3632 2629 fecisset

1972 2662 2300 2735 (laborabat
2327 2663 2482 2716 enim
2518 2662 2738 2716 ventris
2777 2660 2980 2714 morbo
3010 2677 3080 2715 ex
3108 2661 3320 2728 cicuta,
3353 2677 3481 2732 quae
3512 2661 3628 2733 ipsi

1973 2769 2076 2825 per
2105 2750 2352 2807 insidias
2406 2750 2568 2823 prius
2600 2749 2910 2822 propinata
2959 2749 3190 2819 fuerat),
3224 2748 3303 2804 ibi
3354 2750 3628 2807 detentus

1971 2847 2078 2908 est,
2113 2842 2306 2912 quoad
2339 2840 2412 2894 ab
2443 2839 2795 2909 imperatore
2825 2837 3168 2893 deﬁnit-stur
3199 2838 3483 2910 quidnam
3515 2840 3627 2912 ipsi

1972 2931 2307 2986 faciendum
2339 2933 2514 2984 esset.
2537 2928 2649 2982 Sed
2684 2925 2888 2999 paucis
2919 2931 3050 2998 post
3072 2927 3282 2982 diebus
3311 2927 3473 2983 venit
3500 2943 3629 2984 sen-

1969 3019 2154 3076 tentia
2190 3017 2563 3090 imperatoris
2608 3021 2811 3071 contra
2838 3031 2997 3083 eum,
3031 3015 3131 3086 qui
3183 3017 3401 3071 lrustra
3452 3017 3630 3074 miser

1967 3114 2111 3178 erat,
2137 3125 2266 3180 quae
2289 3107 2526 3179 quidem
2557 3105 2667 3177 ipsi
2693 3104 2894 3160 oculos
2923 3103 3280 3160 eﬁ‘odiendos
3313 3106 3623 3174 censebat;

1882 3217 1924 3281 ρ
1967 3199 2287 3269 statimque
2318 3197 2368 3252 ei
2414 3193 2568 3252 oculi
2616 3193 2811 3250 eﬂ‘ossi
2857 3203 3018 3263 sunt,
3049 3210 3184 3248 cum
3231 3193 3377 3248 nihil
3408 3194 3460 3250 ei
3491 3194 3620 3266 opis

1956 3286 2302 3354 attulissent
2353 3283 2801 3354 archiepiscopi,
2859 3282 2961 3353 qui
3019 3282 3187 3338 missi
3251 3283 3488 3338 fuerant
3545 3285 3618 3340 ad

1958 3377 2314 3439 reddendam
2350 3374 2638 3429 rationem
2672 3389 2776 3427 cur
2807 3371 2959 3428 nihil
2989 3371 3039 3426 ei
3061 3376 3218 3427 esset
3250 3372 3614 3443 patiendum.

1955 3480 2134 3536 Erant
2177 3477 2232 3532 hi
2268 3472 2650 3530 Chalcedonis
2702 3471 3184 3543 archiepiscopus
3216 3476 3272 3524 et
3301 3471 3610 3538 Heracleae,

1956 3572 2014 3624 et
2042 3567 2291 3625 Coloniae
2313 3561 2696 3633 TheOphilus,
2724 3561 2940 3632 quibus
2971 3559 3145 3615 etiam
3175 3559 3233 3614 in
3263 3562 3605 3617 memoriam

1953 3657 2179 3728 redegit
2201 3652 2621 3724 jusjurandum
2649 3656 2705 3704 et
2726 3651 2951 3719 justam
2978 3649 3076 3704 Dei
3110 3648 3600 3720 indignationem.

1952 3748 2068 3818 Ipsi
2101 3761 2232 3800 vero
2272 3741 2542 3813 quamvis
2591 3739 2865 3809 opitulari
2900 3737 3318 3804 instituissent,
3351 3753 3500 3808 aegre
3540 3737 3599 3792 id

1951 3835 2141 3891 facere
2170 3839 2226 3889 et
2257 3847 2389 3887 cum
2423 3828 2768 3883 difficultate
2799 3827 2954 3881 haud
2990 3831 3274 3897 poterant,
3297 3841 3430 3880 cum
3462 3841 3601 3882 cru-

1951 3923 2113 3980 deles
2141 3928 2197 3977 et
2225 3920 2394 3992 impii
2447 3917 2712 3973 homines
2763 3915 2876 3987 ipsi
2910 3920 3172 3986 correpto
3220 3913 3422 3970 oculos
3475 3915 3602 3971 sine

1950 4012 2072 4069 ulla
2100 4007 2612 4067 commiseratione
2637 4005 2980 4061 etfodissent
3007 4019 3073 4058 ac
3103 4002 3229 4058 sine
3251 4001 3371 4058 ulla
3395 4002 3602 4059 huma-

1950 4104 2150 4158 nitate.
2195 4099 2518 4155 Perductus
2577 4100 2772 4150 autem
2821 4093 2919 4148 vili
2970 4094 3241 4164 jumento
3293 4109 3481 4163 usque
3531 4094 3603 4148 ad

1951 4189 2385 4261 Propontidem,
2415 4183 2593 4240 veluti
2644 4182 2948 4256 putridum
2993 4182 3258 4248 cadaver,
3305 4181 3398 4236 cui
3449 4181 3605 4237 oculi

1949 4283 2147 4336 essent
2162 4276 2380 4343 effossi,
2395 4279 2571 4346 caput
2585 4277 2642 4329 et
2657 4289 2724 4329 os
2743 4272 2799 4327 in
2811 4269 3338 4340 flatum,vermibus
3359 4270 3600 4343 plenum

1950 4375 2006 4425 et
2034 4370 2254 4432 foetore,
2277 4383 2412 4422 cum
2458 4363 2663 4436 paucis
2694 4361 2902 4416 diebus
2947 4359 3392 4431 supervixisset,
3426 4359 3601 4416 mise-

1949 4457 2213 4514 rabiliter
2240 4460 2298 4511 et
2329 4459 2463 4510 ante
2492 4452 2719 4508 obitum
2755 4449 2906 4505 male
2937 4449 3102 4504 olens
3132 4448 3380 4504 excessit
3407 4466 3438 4504 e
3462 4448 3602 4513 vita,

1947 4555 2008 4610 in
2036 4555 2180 4611 105
2213 4553 2385 4608 Prota
2405 4549 2602 4606 insula
2623 4549 2879 4604 cinerem
2902 4548 3232 4618 deponens;
3260 4546 3360 4602 ubi
3386 4563 3598 4602 novum

1953 4644 2051 4699 ille
2083 4641 2504 4699 monasterium
2559 4638 2896 4704 aedificarat,
2929 4636 3001 4691 ab
3053 4651 3231 4690 uxore
3260 4652 3370 4690 sua
3397 4641 3455 4690 et
3484 4642 3602 4690 Au-

1951 4737 2126 4804 gusta
2158 4738 2503 4801 sumptuose
2533 4731 2778 4782 curatus
2799 4741 2864 4779 ac
2896 4722 3185 4794 sepultus,
3209 4723 3413 4778 relicta
3433 4723 3606 4778 mise-

1952 4820 2168 4876 riarum
2203 4824 2260 4874 et
2290 4817 2713 4880 calamitatum,
2745 4830 2894 4884 quas
2925 4810 3232 4877 sustinuit,
3267 4815 3324 4864 et
3354 4810 3598 4865 infortu-

1952 4909 2183 4965 niorum
2239 4905 2717 4977 exsuperantiam
2767 4902 2967 4958 omnia
3013 4916 3379 4972 quascunque
3427 4905 3601 4955 antea

1951 4998 2152 5054 audita
2196 4995 2414 5052 fuerint
2463 4993 2766 5050 memoria.
2799 4991 2861 5047 In
2911 4990 3130 5047 talibus
3174 4993 3371 5044 autem
3407 5005 3473 5044 ac
3517 4993 3602 5043 tot

1951 5086 2124 5143 malis
2156 5086 2383 5140 nullum
2430 5083 2809 5139 maledictum
2861 5079 3124 5152 protulit,
3160 5094 3347 5148 neque
3377 5077 3598 5150 aliquid

1951 5176 2157 5232 nefarii
2188 5175 2419 5231 locutus
2452 5177 2558 5243 est,
2595 5173 2693 5228 sed
2739 5176 2852 5226 Deo
2887 5169 3106 5242 gratias
3136 5184 3303 5238 agere
3333 5183 3600 5238 perseve-

1950 5266 2119 5320 rabat
2149 5269 2206 5320 et
2236 5281 2410 5319 casus
2451 5277 2615 5334 aequo
2657 5260 2852 5315 animo
2886 5259 3052 5315 ferre.
3087 5257 3373 5312 Dicuntur
3402 5261 3596 5312 autem

1949 5371 2080 5427 qua:
2111 5359 2314 5409 contra
2340 5353 2536 5424 ipsum
2571 5351 2721 5406 facta
2743 5353 2881 5404 sunt
2912 5348 3194 5403 insciente
3216 5350 3273 5401 et
3293 5345 3472 5400 invito
3496 5345 3601 5399 im-

1949 5447 2214 5515 peratore
2240 5440 2516 5496 Michaele
2549 5441 2716 5503 facta,
2742 5444 2806 5494 ut
2833 5443 3035 5510 postea
3065 5437 3190 5508 ipse
3214 5435 3601 5506 jurejurando

1949 5532 2212 5588 adhibito
2256 5530 2651 5596 asseverabat,
2683 5529 2906 5584 Caesare
2955 5526 3076 5582 haec
3105 5525 3257 5581 clam
3288 5528 3345 5580 et
3374 5524 3600 5579 occulte

1947 5619 2399 5676 administrante
2431 5637 2495 5675 ac
2526 5619 2894 5691 'perficiente.
2929 5616 3032 5671 llic
3082 5616 3403 5687 imperator
3447 5612 3598 5685 epis-

1949 5709 2532 5782 copatuijazianzi
2563 5710 2633 5764 ad
2659 5709 2796 5779 jura
2829 5704 3276 5778 metropolitana
3311 5702 3600 5778 perduxit-
