4060 6344
201 353 327 415 437

1727 357 2119 420 HISTORIA.

3513 361 3632 422 438

198 489 268 560 τῇ
305 484 480 560 Συρίᾳ
509 483 726 562 γέγονεν
759 483 950 548 αἴτιος.
976 487 1168 559 Ὂμως
1217 483 1263 541 δ’
1303 484 1395 541 οὖν
1441 468 1831 565 κατηγορηθεὶς

1942 550 1949 558 ,
1976 492 2236 548 claratus
2267 491 2445 550 semel
2477 498 2652 568 atque
2684 495 2894 551 iterum
2928 494 3296 551 infinitarum
3327 495 3632 568 perturba-

201 573 546 653 συλληφθεὶς
599 575 787 644 ἰκεῖισε,
819 579 888 649 τῇ
946 580 1044 630 τοῦ
1100 575 1332 649 θὲματος
1382 583 1590 654 φρουρᾷ
1633 575 1862 654 παραδί-

201 661 380 719 δοται·
414 664 505 719 καὶ
563 665 632 735 ἦν
689 661 1002 741 ἔμφρουρος
1060 663 1147 718 ἐπὶ
1209 664 1408 740 χρόνον
1469 666 1591 720 τινὰ
1649 667 1676 720 ὁ
1733 667 1861 739 πρὶν

197 751 493 830 περίδοξος
551 753 976 830 γνωριζόμενος.
1037 753 1416 830 Ἀναρρυσθεὶς
1497 752 1554 808 δὲ
1625 760 1694 830 τῇ
1764 759 1860 810 τοῦ

197 849 487 918 Διογένους
519 843 864 918 ἀναγορεύσει
893 841 982 896 καὶ
1032 842 1107 904 εἷς
1166 843 1328 911 νῆσόν
1373 865 1491 898 τινα
1543 844 1856 919 ἰξορισθεὶς,

197 932 498 1007 ὑποσχέσει
531 934 838 1008 χρημάτων
874 929 1133 1000 δικαστής
1165 929 1434 994 Ἑλλάδος
1482 933 1571 987 καὶ
1619 932 1856 1003 Ἑλλησ-

194 1021 400 1075 πόντοο
432 1016 835 1096 προϐέϐληται,
865 1023 952 1074 καὶ
986 1021 1053 1075 τὰ
1081 1022 1197 1074 κατ’
1224 1019 1430 1092 ἐκείνην
1490 1023 1556 1091 ἦν
1609 1019 1854 1079 διοικῶν.

192 1121 406 1176 Τοῦτον
442 1120 529 1174 ἐπὶ
561 1125 714 1191 κακῷ
759 1123 866 1173 ¹ιῶν
897 1119 1180 1191 Ῥωμαίων
1233 1121 1260 1174 ὁ
1314 1118 1564 1194 βασιλεὺς
1624 1120 1853 1195 Μιχαὴλ

193 1208 697 1282 μεταπεμψάμενος
750 1207 826 1271 εἷς
874 1210 974 1276 τὴν
1023 1213 1130 1262 τῶν
1175 1213 1373 1262 κοινῶν
1408 1206 1674 1279 διοίκησιν
1726 1230 1853 1264 κατ-

190 1301 486 1369 εστήσατο,
549 1300 627 1372 [Ρ.
687 1300 815 1370 846]
847 1295 1150 1372 λογοθίτην
1202 1296 1362 1352 αὐτὸν
1406 1291 1848 1371 προϐαλόμενος.

190 1385 294 1444 Καῖ
345 1389 556 1454 γίνεται
601 1389 629 1442 ὁ
683 1385 938 1462 βασιλεὺς
984 1387 1268 1458 ἁλώσιμος
1296 1391 1413 1448 ταῖς
1471 1387 1638 1441 αὐτοῦ
1693 1407 1849 1460 τερα-

185 1476 360 1539 τείαις
418 1477 510 1532 καὶ
569 1477 916 1552 μαγγανείαις
971 1479 1062 1530 οἷα
1117 1477 1192 1548 μή
1249 1477 1523 1551 εὐμοιρῶν
1559 1477 1848 1550 φρονήμα-

184 1587 278 1627 τος
339 1564 593 1640 ἀνδρείου
642 1566 731 1620 καὶ
788 1569 1101 1638 σταθηροῦ·
1137 1562 1222 1618 διὸ
1272 1565 1363 1618 καὶ
1423 1563 1694 1637 ἐξωθεῖται
1748 1565 1844 1638 μὶν

186 1656 213 1710 6
276 1653 474 1727 Σίδης,
559 1659 733 1709 πάντα
805 1652 862 1708 δὲ
917 1653 1078 1716 αὐτὸς
1136 1653 1213 1716 εἷς
1271 1653 1455 1707 ἑαυτὸν
1505 1651 1843 1729 ἀναδέχεται,

184 1744 467 1820 ἆθῦρμασι
545 1749 642 1801 τοῦ
715 1742 954 1818 Μιχαὴλ
1013 1742 1102 1797 καὶ
1159 1740 1401 1804 παιδιαῖς
1454 1741 1843 1818 παιδαριώδεσι

182 1833 614 1909 προσκειμὺου,
647 1837 744 1887 τοῦ
786 1834 988 1887 ὑπάτου
1035 1836 1141 1886 τῶν
1197 1829 1510 1909 φιλοσόφων
1557 1834 1840 1888 Κωνσταν-
1873 1866 1920 1932 Β

179 1926 338 1980 τίνου
364 1929 466 1978 τοῦ
497 1922 722 1978 Ψελλοῦ
751 1923 885 1997 πρὸς
915 1924 1051 1975 ἁπαν
1084 1917 1237 1996 ἔργον
1289 1919 1496 1991 ἀδέξιον
1545 1921 1703 1976 αὐτὸν
1750 1923 1839 1976 καὶ

180 2012 462 2089 ἄπρακτον
542 2013 1009 2088 ἀπεργασαμένου.
1071 2010 1544 2086 ΙΙαραγκωνίζεται
1631 2008 1688 2066 δὶ
1750 2012 1838 2066 καὶ

177 2105 270 2158 τὸν
300 2108 402 2158 τοῦ
440 2099 824 2178 βασιλεύοντος
857 2101 998 2153 θεῖον
1032 2100 1286 2168 Ἰωάννην
1317 2099 1408 2154 τὸν
1454 2099 1715 2175 Καίσαρα,
1747 2098 1838 2154 καὶ

175 2199 256 2264 τῷ
277 2194 490 2267 ἀνεψιῷ
521 2192 608 2246 καὶ
649 2189 865 2264 βασιλεῖ
895 2188 1134 2243 ὕποπτον
1164 2189 1540 2264 ἀπεργάζεται.
1577 2191 1672 2244 Καὶ
1707 2191 1838 2244 πάν-

176 2303 270 2345 τας
304 2280 502 2343 ἁπλῶς
531 2281 658 2341 τοὺς
690 2277 1056 2339 οἰκειοτάτους
1088 2278 1160 2339 ὡς
1190 2276 1639 2351 πολεμιωτάτους
1674 2301 1836 2334 συκοι

177 2378 393 2448 ᾳαντεῖ,
427 2370 519 2424 καὶ
551 2371 760 2424 πάντων
793 2367 1045 2438 ἀποξενοῖ
1089 2368 1189 2436 τήν
1237 2371 1334 2421 τοῦ
1395 2367 1662 2443 βασιλέως
1720 2366 1834 2422 διά-

175 2463 347 2526 θεσιν,
381 2459 514 2515 δλον
561 2480 620 2513 τε
663 2457 758 2512 τὸν
807 2455 1152 2531 μειρακίσκον
1215 2457 1555 2511 ὑποποιεῖται
1615 2458 1832 2516 ἄνακτα.

177 2561 409 2612 Κάκεῖνο
441 2563 572 2611 πᾶσι
621 2553 904 2630 βασιλικὸν
949 2553 1228 2626 ἐνομίζετο
1272 2553 1620 2629 πρόσταγμα,
1672 2554 1700 2608 ὃ
1756 2559 1834 2626 τῷ

179 2644 606 2720 μηχανοῤῥάφῳ
664 2642 843 2714 τούτῳ
901 2639 1099 2697 ἐδόκει.
1157 2644 1428 2696 Ἐντεῦθεν
1508 2643 1832 2718 κατηγορίαι

174 2736 264 2790 καὶ
324 2735 643 2803 ἀπαιτήσεις
672 2732 867 2796 ἆθώων
918 2730 1008 2785 καὶ
1059 2730 1428 2806 ἆκατακρίτων
1484 2729 1694 2807 ἀνδρῶν
1743 2733 1832 2787 καὶ

170 2825 339 2879 τίσεις
415 2824 840 2898 άχρεωστήτων,
899 2819 989 2875 καὶ
1060 2819 1235 2887 κρίσις
1295 2825 1371 2892 τῷ
1443 2818 1697 2893 δημοσίῳ
1768 2823 1831 2876 τὸ

169 2911 365 2981 πλέον,
401 2911 464 2967 οὐ
515 2916 592 2981 τῷ
643 2909 838 2982 δικαίῳ
895 2904 1374 2986 βραϐεύουσα,ἀφ⁹
1413 2908 1486 2964 ὧν
1543 2907 1832 2982 δημεύσεις

167 3001 464 3057 καθολικαί
497 3021 557 3055 τε
586 3001 675 3055 καὶ
719 2998 935 3074 μερικαὶ
980 2999 1304 3074 κατηγορίαι
1353 2999 1546 3074 συχναὶ
1593 3000 1681 3053 καὶ
1740 2999 1826 3054 πί-

167 3113 280 3152 στις
307 3089 466 3155 εὐθὺς
508 3088 962 3164 ἀπαραλὸγιστος,
1011 3087 1102 3142 καὶ
1149 3092 1255 3142 τῶν
1310 3088 1636 3164 πασχόντων
1691 3093 1825 3162 0ρῆ-

161 3203 250 3245 νος
280 3179 660 3247 ἐλεεινὸς,καὶ
711 3183 820 3233 τῶν
879 3176 1269 3252 γυμνουμένων
1313 3178 1555 3240 κωκυτὸς
1613 3179 1824 3255 ἀυόρη-

1977 581 2204 637 tionum
2229 588 2286 638 et
2307 584 2660 639 seditionum
2692 585 2869 656 Syriae
2889 590 3094 640 auctor
3114 586 3334 646 fuerat;
3366 590 3626 642 attamen

1974 677 2287 729 accusatus
2317 677 2374 728 et
2403 674 2864 745 comprehensus
2903 674 3020 728 illic
3055 674 3112 729 in
3145 675 3473 730 custodiam
3504 678 3624 730 tra-

1971 761 2130 816 ditus
2163 761 2375 830 fuerat,
2409 763 2507 817 ubi
2549 762 2888 833 aliquandiu
2924 764 3316 834 detinebatur,
3349 764 3513 835 prius
3544 764 3627 819 ibi

1971 849 2218 906 illustris
2251 853 2540 924 cognitus.
2567 853 2864 923 Etl‘ugiens
2890 869 3022 908 vero
3054 870 3169 925 quo
3199 859 3460 925 tempore
3489 854 3624 909 Dio-

1968 957 2146 1012 genes
2177 940 2287 995 fuit
2318 941 2672 1007 declaratus,
2696 947 2752 996 et
2790 941 2846 996 in
2883 943 3200 1012 quamdam
3246 943 3498 999 insulam
3533 960 3623 1000 re-

1967 1028 2217 1102 legatus,
2243 1031 2622 1102 pecuniarum
2655 1029 3075 1102 pollicitatione
3103 1032 3282 1103 judex
3309 1032 3537 1088 Graeciaa
3564 1039 3623 1090 et

1965 1118 2346 1190 Peloponnesi
2371 1119 2631 1175 delectus
2657 1124 2765 1185 est,
2790 1124 2845 1175 et
2875 1135 2966 1175 res
2998 1122 3068 1176 ad
3099 1137 3225 1176 eam
3260 1122 3618 1193 pertinentes

1965 1209 2403 1264 moderabatur.
2435 1209 2599 1263 Hunc
2629 1209 3024 1264 Romanorum
3057 1209 3212 1266 malo
3243 1210 3494 1267 Michael
3529 1228 3618 1266 ac-

1962 1298 2240 1351 cersitum
2282 1298 2361 1352 rei
2408 1297 2654 1369 publica
2686 1298 3186 1354 administrationi
3217 1300 3491 1371 prmfecit,
3524 1301 3611 1356 lo-

1959 1386 2255 1454 gothetam
2310 1387 2504 1459 ipsum
2537 1386 2861 1443 declarans.
2894 1388 3251 1460 Capiturque
3296 1389 3614 1461 imperator

1958 1481 2118 1539 illius
2149 1485 2466 1556 praestigiis
2495 1491 2554 1542 et
2584 1485 3144 1554 machinationibus,
3167 1492 3368 1559 utpote
3397 1488 3495 1559 qui
3526 1489 3611 1543 vi-

1956 1573 2085 1629 rilis
2144 1574 2357 1629 mentis
2407 1579 2463 1630 et
2513 1575 2743 1630 stabilis
2799 1593 3005 1647 expers
3063 1581 3236 1632 esset.
3269 1578 3338 1632 Et
3393 1577 3608 1634 idcirco

1955 1661 2266 1734 expellitur
2305 1663 2452 1718 Sida
2504 1665 2832 1735 praafectus,
2884 1665 3200 1736 omniaque
3248 1666 3373 1736 ipse
3423 1667 3495 1721 ad
3544 1683 3607 1724 se

1956 1769 2139 1807 unum
2171 1758 2425 1823 revocat,
2450 1751 2732 1809 Michaele
2755 1753 2990 1809 interim
3014 1755 3184 1825 nugis
3204 1759 3263 1810 et
3290 1755 3446 1810 ludis
3470 1773 3608 1828 pue-

1955 1840 2166 1898 rilibus
2197 1849 2474 1914 perpetuo
2496 1848 2757 1908 vacante,
2780 1860 2910 1898 cum
2936 1843 3420 1915 philosophorum
3453 1863 3600 1916 pras-

1949 1929 2357 1986 stantissimus
2385 1931 2806 1988 Constantinus
2836 1931 3058 1988 Psellus
3105 1932 3302 2004 ipsum
3345 1934 3597 2006 impera-

1948 2025 2132 2075 torem
2166 2021 2236 2076 ad
2269 2037 2442 2076 omne
2474 2037 2619 2092 cpus
2666 2021 2931 2076 inutilem
2981 2026 3039 2077 et
3087 2023 3285 2078 minus
3316 2022 3592 2080 idoneum

1951 2108 2110 2165 ποτ
2125 2110 2496 2166 reddidisset.
2517 2111 2627 2166 Sed
2650 2117 2708 2166 et
2734 2111 3102 2183 imperatoris
3126 2117 3395 2183 patruum
3419 2112 3594 2168 Joan-

1948 2216 2080 2254 nem
2131 2204 2412 2256 Cassarem
2471 2199 2766 2256 submovit
2817 2206 2874 2256 et
2931 2201 3128 2257 fratris
3186 2201 3305 2257 filio
3363 2202 3596 2274 ipsique

1947 2288 2283 2360 imperatori
2333 2295 2672 2360 suspectum
2721 2289 2930 2345 effecit.
2985 2291 3051 2344 Et
3102 2306 3306 2346 omnes
3354 2308 3598 2362 prorsus

1948 2377 2199 2432 maxime
2249 2377 2565 2433 familiares
2598 2384 2662 2433 ut
2690 2378 3134 2436 inimicissimos
3182 2379 3600 2449 calumniatur,

1945 2482 2268 2538 omnesque
2289 2466 2660 2537 imperatoris
2684 2466 3080 2523 benevolentia
3098 2468 3304 2539 privat,
3319 2485 3383 2524 ac
3404 2474 3594 2525 totum

1945 2563 2446 2620 adolescentulum
2500 2564 2612 2620 sibi
2670 2582 2866 2637 regem
2917 2565 3175 2636 subjicit.
3210 2568 3399 2639 Atque
3452 2567 3597 2624 illud

1943 2653 2221 2709 omnibus
2261 2671 2363 2726 pro
2411 2655 2784 2725 imperatoris
2815 2655 3004 2710 edicto
3055 2656 3383 2711 habebatur
3412 2658 3594 2728 quod-

1942 2759 2173 2814 cunque
2211 2742 2348 2797 huic
2395 2743 2778 2799 machinatori
2813 2743 3124 2799 videretur.
3157 2744 3302 2800 Hinc
3351 2761 3590 2802 accusa-

1941 2833 2132 2887 tiones
2163 2838 2220 2888 et
2258 2832 2593 2904 frequentes
2637 2832 2958 2889 delationes
3006 2849 3206 2889 eorum
3240 2834 3339 2905 qui
3373 2835 3592 2891 indicta

1940 2939 2118 2977 causa
2171 2923 2615 2992 damnarentur,
2645 2928 2702 2978 et
2752 2941 2928 2994 paena
2978 2924 3221 2979 minime
3268 2925 3497 2994 debitae,
3531 2930 3590 2980 et

1929 3011 2225 3081 judicium
2273 3011 2488 3083 saepius
2521 3013 2592 3067 ad
2623 3012 2982 3068 voluntatem
3015 3013 3174 3085 vulgi
3207 3031 3384 3086 quam
3429 3016 3588 3086 juste

1938 3100 2253 3172 prolatum.
2287 3099 2449 3156 Unde
2498 3102 2784 3156 bonorum
2835 3102 3260 3173 publicationes
3291 3107 3414 3158 tum
3456 3104 3586 3158 uni-

1937 3205 2261 3256 versorum,
2285 3195 2412 3246 tum
2445 3190 2840 3263 singulorum,
2863 3192 3074 3248 crebras
3110 3192 3512 3248 accusationes
3534 3197 3592 3248 et

161 3291 256 3332 τος
287 3269 380 3324 καὶ
416 3266 785 3343 πολύδακρυς.
822 3266 1001 3322 Ἀλλὰ
1055 3266 1261 3321 τούτων
1315 3266 1456 3321 οὕτω
1513 3269 1824 3342 γυμνουμὲ-

1950 3241 2261 3256 .-__-_,_-_,
2292 3241 2412 3246 -__
2447 3241 2840 3263 --_Ow---__-,
2867 3241 3072 3248 .._----_
3111 3241 3511 3248 _--__---------
3537 3241 3592 3248 --

1942 3279 2082 3334 ﬁdes
2115 3278 2314 3334 statim
2350 3280 2680 3347 temeraria,
2713 3296 2916 3336 eorum
2949 3281 3049 3352 qui
3083 3281 3455 3352 patiebantur
3486 3282 3592 3338 mi-

167 3383 274 3414 νων
309 3356 585 3428 θεήλατός
633 3377 715 3418 τις
771 3356 907 3432 ὀργὴ
967 3357 1066 3424 τὴν
1121 3357 1289 3428 Ἐῲαν
1344 3356 1663 3434 κατείληφε.
1701 3360 1824 3414 Τῶν

164 3450 268 3523 γὰρ
347 3448 487 3523 πρὸς
557 3445 810 3521 Διογένην
891 3445 1178 3520 εἰρηνικῶν
1249 3447 1554 3523 συμφώνων
1644 3447 1824 3520 ἀργῶν

168 3539 472 3610 μεινάντων
501 3536 593 3590 καὶ
624 3534 935 3610 ἀπράκτων,
969 3539 1129 3608 θυμῷ
1161 3535 1516 3609 συνεχόμενοι
1551 3537 1603 3589 oi.
1652 3540 1826 3610 Τοῦρ-

168 3648 257 3680 κοι
289 3624 376 3700 ἐφ’
411 3627 518 3691 οἷς,
550 3624 608 3678 ’ὀν
637 3623 788 3678 αὐτοὶ
821 3623 896 3685 ὡς
945 3622 1140 3697 ἐχθρὸν
1200 3622 1490 3699 εἰληφότες
1551 3624 1638 3678 καὶ
1691 3625 1827 3679 ὑπο-

167 3715 384 3789 χείριον
433 3714 613 3783 πάσης
663 3709 899 3785 κομιδῆς
954 3711 1041 3765 καὶ
1081 3718 1250 3784 τιμῆς
1296 3712 1560 3782 ἠξιώκασι
1612 3714 1697 3767 καὶ
1756 3717 1824 3786 τῇ

171 3801 281 3874 ἰδίᾳ
357 3801 680 3876 ἐπικρατείᾳ
756 3799 908 3864 αὖθις
981 3800 1446 3871 ἀποκατέστησαν,
1505 3802 1556 3856 οἱ
1633 3801 1824 3856 οἰκεῖοι

173 3889 469 3965 μανιωδῶς
499 3893 572 3953 ὼς
607 3889 791 3966 ἐχθρῷ
827 3889 1276 3965 προσενεχθέντες
1329 3888 1604 3962 ἀσπόνδῳ,
1639 3891 1670 3944 ’ὰ
1699 3898 1826 3967 παρ’

168 3982 354 4043 αὐτοῖς
386 3979 562 4056 ἐχρῆν
599 3979 756 4034 αὐτὸν
789 3984 1001 4047 παθεῖν,
1036 3981 1086 4033 οἱ
1117 3979 1356 4054 γνωστοὶ
1410 3980 1501 4034 καὶ
1560 3987 1826 4055 συγγενεῖς

165 4071 252 4125 καὶ
281 4076 407 4133 τοῖς
453 4077 554 4137 τῆς
607 4067 828 4145 εἰρήνης
877 4067 1069 4140 νόμοις
1115 4068 1371 4142 ἀγόμενοι
1420 4067 1822 4145 διαπεπράχασι

165 4160 253 4214 καὶ
312 4159 575 4231 οἰκτίστῳ
627 4157 716 4212 καὶ
776 4154 1038 4229 ἐπωδῦνῳ
1111 4157 1321 4230 θανάτῳ
1377 4156 1820 4232 παραδεδώκασιν

169 4247 480 4324 (ὑπ-ἤλγουν
511 4248 612 4323 γὰρ
643 4247 792 4318 αὐτῷ
819 4245 908 4300 καὶ
941 4247 991 4300 οἱ
1034 4245 1324 4321 ἀλλότριοι
1367 4244 1454 4301 διὰ
1497 4248 1558 4302 τὸ
1607 4245 1820 4317 πλῆθος

164 4343 268 4392 τῶν
329 4335 524 4392 δεινῶν
579 4336 668 4391 καὶ
725 4336 788 4390 τὸ
838 4342 936 4404 τῆς
989 4341 1271 4411 συμφορᾶς
1333 4335 1820 4412 ἀπαρηγόρητον);

167 4438 392 4513 ἄραντες
443 4434 505 4490 ὲκ
552 4431 815 4508 Περσίδος
861 4430 1208 4507 παμπληθὲς,
1255 4435 1329 4497 ὡς
1389 4431 1619 4506 μηδενὸς
1669 4431 1822 4497 ὄντος

163 4531 258 4580 τοῦ
334 4523 698 4588 κωλύοντος,
775 4527 892 4585 τοῖς
963 4523 1298 4594 Ῥωμαϊκοῖς
1381 4523 1820 4598 ἐπιστρατεύουσι

164 4617 386 4687 θὲμασι,
445 4613 536 4668 καὶ
619 4616 790 4668 ταῦτα
859 4609 1348 4684 κατελυμῆναντο,
1409 4613 1470 4667 οὐ
1555 4610 1898 4690 σποράδεςῙ)

165 4704 559 4776 ἐπιφοιτῶντες
592 4703 664 4764 ὡς
721 4701 785 4756 τὸ
837 4701 985 4776 πρὶν,
1022 4701 1112 4755 καὶ
1165 4700 1400 4776 φυγάδες
1467 4702 1816 4778 αὐτόχρημα,

168 4792 384 4864 μᾶλλον
418 4789 477 4845 δὶ
527 4790 602 4852 ὡς
653 4787 906 4844 δεσπόται
954 4793 1063 4844 τῶν
1105 4790 1527 4865 προστυχόντων
1587 4813 1817 4846 κατακυ-

167 4883 461 4955 ριεῦοντες.
498 4882 681 4936 Ταῦτα
738 4876 1182 4951 διενωτιζόμενος
1234 4879 1261 4934 ὁ
1323 4878 1646 4954 βασιλε·3ων,
1699 4903 1818 4935 συν-

164 4973 397 5046 αγείρων
454 4965 817 5045 στρατόπεδον
871 4968 1052 5022 ἱκανὸν
1105 4969 1404 5044 στρατηγὸν
1493 4968 1660 5024 αὐτοῦ
1722 4969 1814 5046 ἐφ-

168 5061 344 5131 ίστησι
405 5060 498 5113 τὸν
562 5058 844 5130 Κομνηνὸν
899 5058 1182 5113 Ἰσαάκιον.
1225 5057 1516 5128 Συνίστησι
1577 5057 1621 5113 δ’
1669 5060 1818 5134 αὐτῷ

163 5150 248 5203 καὶ
280 5147 594 5204 Ῥουσὲλιον
621 5149 714 5201 τὸν
773 5151 998 5201 Λατῖνον
1064 5147 1197 5218 μετὰ
1255 5153 1572 5223 Φραγγικοῦ
1626 5149 1814 5204 συντά-

163 5260 394 5313 γματος,
456 5236 533 5300 εἷς
601 5235 980 5310 τετρακοσίους
1052 5237 1342 5310 Φράγγους
1411 5233 1812 5300 ἀναϐαίνοντος.

167 5339 244 5392 Ἐν
275 5342 358 5406 τῷ
389 5334 606 5406 Ἰκονίῳ
639 5331 695 5389 δὲ
719 5338 814 5388 τοῦ
847 5330 1213 5408 στρατοπέδου
1261 5335 1556 5409 γενομένου
1587 5338 1812 5405 παντὸς,

166 5424 503 5500 φιλονεικίας
553 5417 837 5496 συμϐάσης
890 5422 1038 5484 τινὸς
1102 5423 1391 5479 ἀποστατεῖ
1446 5430 1743 5493 τηνικαῦτα
1783 5428 1811 5482 ὁ

164 5513 474 5574 Ῥουσὲλιος
503 5516 814 5590 προφανῶς,
846 5511 935 5565 καὶ
977 5511 1103 5574 τοὺς
1153 5514 1446 5588 Φράγγους
1474 5511 1812 5592 παραλαϐὼν

167 5606 344 5679 ὲτέραν
373 5604 659 5678 ἰτράπετο,
687 5601 777 5656 καὶ
802 5601 868 5654 τά
898 5602 1012 5655 καθ’
1045 5602 1229 5658 ἑαυτὸν
1269 5608 1348 5674 τῷ
1381 5601 1504 5677 ῗδίῳ
1535 5604 1809 5680 ἰπιτρὲπει

164 5693 455 5767 θελήματι.
488 5693 569 5767 [Ρ.
600 5693 728 5766 847]
760 5689 1028 5748 Ἀνελθὼν
1059 5688 1116 5747 δὶ
1146 5691 1222 5756 εἷς
1264 5693 1604 5766 Μελιτηνὴν,
1639 5696 1808 5770 Τοόρ.

1939 3367 2208 3422 serabilis
2231 3367 2598 3438 lamentatio,
2618 3374 2675 3424 et
2697 3369 3080 3440 spoliatorum
3107 3370 3302 3426 luctus
3322 3369 3595 3427 intolera-

1937 3456 2072 3512 bilis
2101 3462 2157 3512 et
2188 3456 2388 3512 multa:
2420 3456 2709 3529 lacrymas.
2730 3460 2938 3514 Verum
2972 3459 3066 3514 his
3097 3459 3175 3514 ita
3207 3459 3474 3531 spoliatis
3505 3460 3592 3515 di-

1935 3547 2156 3601 vinitus
2179 3546 2443 3617 quaedam
2470 3545 2736 3602 immissa
2761 3546 2847 3601 ira
2869 3548 3162 3603 Orientem
3189 3548 3422 3603 invasit.
3445 3547 3592 3604 Nam

1936 3651 2069 3689 cum
2102 3635 2262 3705 pacis
2315 3634 2502 3689 fmdus
2534 3651 2673 3706 erga
2715 3635 3029 3706 Diogenem
3063 3635 3380 3691 violaretur
3416 3641 3593 3710 atque

1937 3723 2167 3777 irritum
2219 3729 2396 3787 esset,
2447 3724 2533 3778 ira
2584 3724 2787 3793 perciti
2830 3725 3026 3794 Turci,
3077 3729 3384 3796 pr0pterea
3431 3727 3587 3796 quod

1936 3828 2110 3886 quem
2162 3812 2272 3883 ipsi
2307 3816 2370 3865 ut
2402 3811 2708 3866 inimicum
2757 3819 2994 3884 captum
3027 3819 3084 3868 et
3121 3813 3181 3867 in
3211 3830 3377 3868 suam
3424 3818 3586 3885 pote-

1935 3908 2145 3958 statem
2179 3903 2476 3957 redactum
2509 3903 2667 3957 omni
2699 3920 2839 3958 cura
2870 3908 2926 3957 et
2956 3903 3175 3959 honore
3205 3904 3433 3975 dignati
3465 3905 3586 3958 fue-

1937 3997 2065 4047 rant
2092 3992 2513 4064 propriumquo
2535 3992 2584 4046 ei
2613 3992 2927 4064 imperium
2958 3993 3354 4061 restituerant,
3379 3994 3472 4048 sui
3506 4010 3590 4048 er-

1933 4101 2006 4156 ga
2038 4083 2229 4154 ipsum
2267 4083 2482 4138 furiose
2506 4087 2568 4137 ut
2596 4082 2902 4138 inimicum
2935 4083 3178 4138 minime
3208 4084 3588 4140 conciliatum

1933 4190 1996 4228 se
2019 4177 2346 4246 gesserant,
2369 4177 2423 4226 et
2455 4188 2582 4243 qua:
2607 4173 2677 4227 ab
2713 4173 2856 4244 ipsis
2887 4172 3055 4228 illum
3090 4173 3207 4245 pati
3231 4179 3590 4245 oportuerat,

1931 4271 2102 4326 amici
2122 4276 2178 4326 et
2196 4273 2426 4342 cognati
2451 4270 2510 4324 in
2535 4287 2675 4342 pace
2700 4271 3022 4342 praesertim
3041 4273 3318 4343 degentes
3338 4273 3396 4328 in
3421 4272 3587 4328 illum

1931 4364 2410 4432 perpetraverant
2466 4366 2523 4415 et
2577 4360 2899 4416 miserabili
2951 4378 3017 4416 ac
3076 4360 3348 4417 luctuosa
3404 4369 3591 4420 morte

1933 4449 2432 4518 aﬁ'ecerant(nam
2482 4449 2703 4505 externi
2739 4466 2973 4522 quoque
3021 4450 3094 4505 ob
3146 4450 3589 4508 multitudinem

1930 4538 2336 4593 calamitatum
2378 4538 2570 4610 ipsius
2599 4543 2656 4594 et
2695 4539 3080 4594 infortunium
3113 4541 3204 4594 vix
3234 4540 3590 4595 consolabile

1931 4643 2305 4698 summopere
2351 4626 2669 4694 dolebant),
2703 4642 2732 4681 e
2765 4627 3001 4682 Perside
3037 4629 3193 4684 708
3224 4645 3358 4684 cum
3392 4629 3586 4684 omni-

1933 4718 2041 4770 bus
2090 4716 2274 4788 copiis
2333 4715 2574 4787 profecti
2637 4715 2795 4770 nullo
2842 4716 3009 4771 obvio
3059 4717 3480 4787 impedimento
3525 4719 3584 4772 in

1929 4810 2223 4861 Romanas
2256 4804 2523 4876 regiones
2549 4805 2854 4868 invadunt,
2883 4819 3099 4874 easque
3129 4810 3431 4870 vexarunt,
3465 4823 3581 4860 non

1929 4894 2180 4966 dispersi
2213 4893 2556 4948 accedentes
2581 4897 2646 4946 ut
2674 4893 2855 4963 prius,
2881 4898 2937 4947 et
2965 4893 3199 4948 exsules
3231 4893 3455 4958 statim,
3477 4895 3578 4948 sed

1929 4993 2122 5063 potius
2154 4997 2217 5046 ut
2256 4990 2478 5046 domini
2529 5006 2731 5046 eorum
2785 4990 2844 5045 in
2895 5007 3019 5060 quae
3070 4990 3417 5047 inciderant.
3452 4991 3583 5048 Haec

1925 5081 2172 5136 audiens
2221 5080 2538 5151 imperator
2579 5085 2778 5135 coacto
2811 5080 3018 5135 idoneo
3066 5081 3323 5135 exercitu
3375 5081 3582 5137 ducem

1925 5169 1975 5224 ei
2025 5169 2265 5241 pra-ficit
2314 5169 2608 5224 Isaacium
2662 5169 3047 5237 Comnenum,
3080 5169 3250 5240 eique
3299 5169 3585 5240 collegam

1923 5259 2107 5313 tradit
2159 5257 2463 5313 Ruselium
2525 5257 2800 5312 Latinum
2852 5274 2982 5312 cum
3038 5257 3310 5313 Francica
3357 5257 3585 5330 legione

1923 5347 2492 5419 quadringentorum
2559 5353 2915 5403 Francorum
2986 5364 3254 5402 numero.
3321 5347 3588 5419 Cumque

1922 5436 2183 5492 Iconium
2221 5436 2578 5507 pervenisset
2607 5435 2801 5491 omnis
2845 5436 3154 5501 exercitus,
3188 5441 3389 5492 exorta
3439 5453 3583 5508 qua-

1920 5523 2053 5577 dam
2088 5524 2484 5592 contentione,
2513 5524 2788 5580 Ruselius
2815 5529 3011 5596 aperte
3042 5524 3355 5595 rebellans,
3377 5541 3576 5584 secum

1920 5613 2172 5667 Francos
2216 5613 2535 5680 abducens,
2567 5614 2626 5667 in
2657 5612 2830 5668 aliam
2867 5618 3088 5686 partem
3139 5615 3252 5670 iter
3301 5617 3573 5690 arripuit,

1918 5703 2053 5757 data
2091 5701 2215 5758 suis
2249 5702 2414 5758 venia
2446 5720 2562 5774 quo
2593 5701 2802 5758 vellent
2849 5703 3123 5761 abeundi.
3157 5705 3301 5763 Cum
3334 5724 3466 5764 vero
3497 5709 3572 5765 ad
