4060 6344
463 342 584 403 439

1783 360 2108 424 JOANNIS
2153 363 2556 425 SCYLlTZE

3760 370 3899 430 ειο

468 473 800 532 Melitenem
833 482 1216 555 pervenisset,
1241 484 1301 540 in
1328 487 1550 544 Turcos
1576 496 1811 563 repente
1844 494 2120 551 invadens

2239 515 2356 557 κοις
2387 495 2700 571 περιτυχὼν
2732 494 3020 571 ἀριστεύει,
3055 496 3106 567 ἐξ
3138 493 3333 575 ἰφόδου
3382 496 3598 559 τούτοις
3649 498 3906 555 ἐπεισπε-

467 565 738 635 superior
786 571 997 637 evadit,
1030 577 1086 625 et
1136 573 1425 647 reliquam
1458 582 1747 637 exercitus
1794 590 2017 655 partem
2052 586 2120 639 ad

467 655 789 711 Caesaream
842 659 1105 731 appellit.
1157 663 1492 724 Comnenus
1541 687 1774 743 quoque
1833 675 2124 731 mediatus

469 742 529 798 in
562 743 759 801 hostes
794 753 1030 820 repente
1080 751 1369 823 impetum
1413 757 1600 814 facere
1646 742 2128 835 progrediebatur

471 837 659 903 nocte,
720 837 888 907 quasi
945 840 1265 911 imparatos
1324 845 1486 916 ipsos
1544 865 1978 921 aggressurus:
2021 856 2123 910 sed

469 922 638 978 aliter
667 930 841 995 atque
869 927 1142 999 opinatus
1177 932 1363 989 fuerat
1394 934 1445 990 ei
1477 939 1702 995 accidit.
1728 942 1939 997 Incidit
1967 944 2124 998 enim

466 1010 527 1067 in
584 1012 746 1084 ipsos
805 1018 1164 1088 compositos
1205 1026 1261 1075 et
1320 1030 1573 1095 paratos,
1610 1033 1667 1083 et
1722 1030 1937 1087 invitus
1991 1050 2124 1088 cum

461 1099 609 1172 ipsis
639 1119 995 1177 congressus
1028 1116 1344 1180 superatur
1365 1119 1422 1168 et
1454 1115 1610 1171 illico
1640 1119 1888 1191 capitur.
1915 1121 2127 1179 Omnia

461 1206 695 1262 quoque
729 1211 859 1265 qua)
893 1195 1047 1252 intra
1073 1198 1295 1255 vallum
1329 1208 1512 1274 erant,
1540 1207 1957 1281 corripiuntur,
1983 1212 2127 1267 mul-

457 1278 535 1335 tis
574 1280 902 1340 interfectis
953 1287 1253 1357 Romanis,
1305 1291 1450 1347 vivis
1484 1294 1838 1365 quibusdam
1888 1278 2122 1373 captis:

458 1376 657 1448 plures
690 1386 885 1439 autem
936 1385 1048 1440 sibi
1098 1386 1236 1459 fuga
1290 1388 1538 1447 salutem
1576 1396 1914 1465 quaesivere.
1949 1398 2125 1454 Cum-

460 1484 575 1538 que
642 1470 801 1527 fama
859 1474 929 1528 ad
1005 1476 1416 1548 imperatorem
1496 1485 1892 1555 pervenisset,
1966 1488 2126 1546 visus

461 1562 551 1612 est
588 1560 819 1615 tristior
848 1568 905 1617 et
936 1564 1132 1621 dolore
1180 1568 1445 1625 affectus.
1479 1572 1605 1628 Non
1656 1580 1853 1632 tamen
1886 1579 2125 1634 omnino

462 1649 534 1702 ab
580 1648 884 1707 inferenda
935 1654 1161 1711 civibus
1209 1658 1431 1729 injuria
1480 1679 1669 1734 neque
1701 1681 1733 1720 a
1766 1667 2005 1723 nefariis
2036 1685 2125 1724 re-

460 1737 571 1792 bus
604 1753 734 1794 sese
777 1742 1085 1814 abstinuit,
1119 1748 1270 1817 quod
1324 1749 1636 1822 Nicephori
1685 1757 1925 1813 monitis
1958 1774 2125 1828 pare-

2236 585 2365 641 σών.
2401 586 2477 642 Τὸ
2508 583 2566 640 δὲ
2600 583 2795 640 λοιπὸν
2829 584 3133 659 στράτευμα
3162 591 3232 661 τῇ
3266 587 3575 660 Καισαρέων
3610 584 3905 665 παραϐάλ-

2236 673 2341 731 λει.
2364 675 2714 750 Σκεψάμενος
2739 673 2796 731 δὲ
2816 676 2904 731 καὶ
2928 678 2955 731 6
2980 677 3264 750 Κομνηνὸς
3295 682 3411 739 τοῖς
3446 675 3705 740 ἐναντίοις
3727 699 3903 747 προσ-

2236 761 2421 821 ϐαλεῖν
2472 766 2525 836 ἐξ
2586 764 2805 844 ἐφόδου,
2832 765 3029 842 προῄει
3084 766 3179 838 μὲν
3227 767 3349 839 [ὡς]
3383 762 3473 820 διὰ
3522 770 3623 832 τῆς
3681 768 3900 841 νυκτὸς,

2236 856 2310 919 ὡς
2337 855 2732 931 ἀπαρασκεύοις
2792 853 2850 909 ἃν
2913 854 3161 910 ἐπιπέσοι
3220 855 3437 921 αὐτοῖς,
3468 858 3531 910 τὸ
3582 853 3628 910 δ’
3658 856 3899 912 ἐναντίον

2234 944 2433 1019 πάσχει
2491 950 2591 1013 τῆς
2648 943 2850 1007 οἷ’κείας
2893 943 3122 1019 βουλῆς·
3155 943 3588 1020 ἐμπαρασκεύοις
3642 947 3748 1021 γὰρ
3804 945 3899 1001 καὶ

2234 1036 2667 1108 ἡτοιμασμένοις
2744 1032 3054 1110 ἐντυγχάνει
3136 1035 3342 1097 αὐτοῖς’
3411 1034 3754 1112 Συρῤήγνυσι
3841 1035 3903 1091 δὶ

2234 1123 2454 1189 τούτοις
2502 1125 2589 1179 καὶ
2646 1127 2720 1198 μὴ
2778 1122 3140 1200 βουλόμενος,
3171 1123 3261 1178 καὶ
3310 1126 3537 1188 ἡττᾶται
3594 1124 3773 1194 εὐθὺς,
3806 1125 3899 1181 καὶ

2235 1214 2431 1268 αὐτίκα
2465 1213 2829 1289 αἰχμάλωτος
2875 1213 3103 1289 γίνεται.
3137 1212 3448 1292 Ἀλίσκεται
3490 1211 3546 1268 δὶ
3591 1214 3680 1268 καὶ
3734 1215 3805 1270 τὰ
3843 1215 3895 1270 ἂν

2232 1306 2310 1373 τῷ
2342 1302 2543 1378 χάρακι
2577 1304 2808 1372 ἅπαντα,
2846 1299 3073 1358 πολλῶν
3132 1302 3226 1375 μὶν
3256 1303 3543 1375 Ῥωμαίων
3596 1304 3899 1373 πεσόντων,

2238 1401 2445 1475 ζωγρίᾳ
2476 1398 2532 1455 δὲ
2577 1400 2889 1475 Ληφθέντων
2944 1404 3131 1457 τινῶν.
3194 1398 3467 1455 πλειόνων
3521 1397 3578 1455 δὲ
3623 1402 3720 1470 τὴν
3782 1422 3899 1456 σω-

2233 1490 2425 1565 τηρίαν
2459 1490 2770 1565 εὐραμένων
2834 1493 2999 1564 φυγῇ.
3031 1496 3139 1559 Τῆς
3172 1486 3228 1543 δὲ
3258 1492 3453 1567 φήμης
3510 1490 3603 1545 τὸν
3669 1489 3901 1566 βασιλέα

2232 1574 2648 1649 καταλαϐούσης
2735 1577 2882 1649 ἔδοξε
2970 1578 3062 1651 μέν
3146 1600 3200 1634 τι
3276 1579 3601 1651 σκυθρωπὸν
3679 1580 3899 1647 παθεῖν,

2236 1669 2297 1722 οὐ
2360 1669 2466 1742 μὴν
2527 1666 2584 1723 δε
2641 1670 2943 1723 παντάπασι
3015 1672 3123 1722 τῶν
3185 1665 3488 1722 πολιτικῶν
3538 1665 3899 1741 ἀδικημάτων

2233 1758 2322 1812 καὶ
2404 1762 2511 1813 τῶν
2598 1761 2880 1832 κοσμικῶν
2965 1755 3233 1833 ἀπέσχετο
3315 1762 3435 1819 ταῖς
3490 1761 3586 1812 τοῦ
3642 1757 3903 1834 Νικηφό-

459 1831 563 1881 ret.
604 1829 751 1883 709
786 1830 932 1886 Cum
982 1834 1138 1889 enim
1191 1853 1257 1892 eo
1307 1846 1463 1895 esset
1509 1842 1749 1914 ingenia
1800 1851 1865 1901 ut
1908 1847 2120 1904 discer-

2238 1867 2334 1921 ρου
2394 1846 2834 1921 ὑποθημοσύναις
2868 1865 2881 1877 '
2948 1846 3022 1919 μή
3074 1841 3219 1921 ἔχων
3278 1850 3379 1922 γὰρ
3435 1845 3590 1920 φύσιν
3652 1841 3902 1921 διαγνω-

453 1931 590 1971 nere
637 1934 752 1973 non
803 1926 1004 1991 posset
1054 1924 1242 1993 facile,
1277 1944 1461 1999 neque
1510 1946 1577 1987 ea
1627 1940 1823 1991 mente
1869 1942 2025 1993 esset
2054 1930 2121 1993 ut

445 2004 742 2076 vigilaret,
804 2026 977 2066 omne
1034 2016 1187 2084 quod
1253 2018 1657 2089 imperabatur
1704 2040 1737 2078 a
1786 2024 2117 2098 Nicephoro

447 2094 698 2151 faciebat
738 2100 910 2170 quasi
958 2103 1341 2175 mancipium.
1376 2108 1457 2163 Ex
1506 2125 1571 2165 eo
1626 2116 1890 2185 tempore
1931 2094 2121 2188 igitur

450 2182 749 2241 licentiam
782 2188 938 2244 nacti
964 2192 1215 2261 Agareni
1250 2195 1504 2253 Orientis
1535 2199 1835 2271 regionem
1881 2221 2117 2276 percur-

452 2279 651 2329 rentes
684 2292 796 2330 non
830 2278 1200 2336 desistebant
1250 2299 1378 2338 eam
1413 2303 1618 2343 vexare
1662 2295 1837 2361 atque
1869 2299 2117 2352 vastare.

454 2360 598 2415 Cum
633 2367 829 2419 autem
863 2366 1125 2424 Isaacius
1149 2370 1352 2427 multis
1385 2390 1511 2431 sese
1542 2360 1808 2449 pecuniis
1840 2382 2119 2439 redemis-

458 2456 551 2506 set
573 2456 629 2505 et
650 2451 820 2523 pleno
852 2458 1173 2529 marsupio,
1202 2464 1404 2518 statim
1433 2482 1705 2523 summus
1727 2470 1844 2525 dux
1861 2472 2119 2530 Joannes

463 2544 653 2596 Caesar
701 2542 1060 2615 declaratur;
1113 2549 1211 2620 qui
1264 2568 1397 2608 cum
1458 2557 1771 2615 transisset
1828 2578 2015 2633 usque
2047 2564 2117 2619 ad

465 2629 819 2703 Dorylaeum,
849 2636 1144 2706 profectus
1192 2639 1325 2697 inde
1358 2642 1605 2701 ulterius
1637 2629 1981 2721 progressus
2010 2658 2119 2723 est,

468 2732 526 2784 et
558 2746 747 2803 usque
778 2733 847 2787 ad
880 2736 1079 2807 Zompi
1102 2743 1339 2809 pontem
1364 2745 1645 2813 pervenit.
1668 2746 1777 2803 Sed
1807 2754 2120 2823 antequam

471 2817 823 2890 Sangarium
858 2824 1154 2895 transiret,
1180 2828 1415 2886 advenit
1439 2832 1708 2891 Resulius
1730 2853 1797 2891 ex
1825 2839 2123 2895 Armenia-

468 2923 534 2963 co
567 2908 750 2965 multo
783 2912 1000 2979 studio,
1026 2919 1081 2970 et
1108 2915 1190 2972 ibi
1220 2923 1411 2974 castra
1440 2920 1609 2978 locat.
1636 2923 1898 2997 Cumque
1926 2930 2122 2985 misis-

470 3002 561 3052 set
590 2996 778 3053 Caasar
809 2999 1031 3073 legatos
1063 3008 1343 3077 tanquam
1378 3010 1448 3063 ad
1485 3025 1619 3066 eum
1652 3030 1752 3086 qui
1784 2996 2123 3073 offendisset

468 3090 645 3157 atque
693 3099 1014 3160 peccasset,
1050 3092 1100 3146 si
1132 3100 1357 3150 mutato
1410 3098 1651 3156 consilio
1704 3118 1766 3157 se
1820 3107 2120 3177 proprium

470 3173 777 3231 dominum
811 3186 1177 3250 agnosceret,
1208 3185 1433 3242 veniam
1466 3192 1523 3243 et
1555 3190 1843 3249 malorum
1875 3194 2120 3252 oblivio-

471 3279 605 3319 nem
663 3266 953 3336 promisit.
1005 3269 1304 3328 Fremente
1354 3292 1487 3332 vero
1538 3279 1783 3337 barbaro
1832 3283 2006 3340 veluti
2054 3303 2120 3342 eo

478 3351 578 3423 qui
624 3355 877 3425 propriis
926 3358 1205 3415 manibus
1237 3366 1294 3416 et
1325 3363 1472 3420 bello
1519 3367 1735 3424 fidebat
1781 3376 1837 3427 et
1883 3390 2124 3429 suorum

479 3439 861 3499 multitudine
905 3446 1227 3520 nitebatur,
1263 3450 1472 3525 legatio
1506 3473 1564 3512 re
1608 3458 1820 3516 infecta
1848 3466 1905 3517 et
1932 3462 2128 3521 inanis

478 3528 670 3585 rediit.
704 3532 923 3589 Idcirco
973 3536 1168 3606 proelio
1199 3540 1268 3595 de
1309 3559 1544 3600 summa
1595 3564 1789 3604 rerum
1822 3550 2126 3608 decertan-

480 3617 623 3673 dum
654 3622 878 3677 statuit.
914 3624 1101 3697 Igitur
1129 3628 1320 3685 Caesar
1349 3647 1481 3688 cum
1528 3634 1765 3696 ﬂuvium
1798 3641 2127 3711 transisset,

476 3721 533 3771 et
558 3718 777 3793 collega
802 3722 988 3794 ipsius
1010 3725 1370 3796 Nicephorus
1392 3731 1723 3793 Botaniates
1745 3754 1877 3794 cum
1902 3741 2128 3813 reliquo

475 3810 754 3877 exercitu,
798 3813 997 3869 statim
1053 3818 1253 3888 praelio
1302 3837 1434 3878 cum
1494 3823 1728 3883 Ruselio
1777 3846 2130 3902 congressus

473 3902 581 3953 est.
616 3899 738 3955 Non
772 3904 1207 3963 sustinentibus
1234 3916 1430 3967 autem
1466 3914 1740 3971 Romanis
1776 3919 2125 3978 Francorum

469 3986 777 4059 impetum,
812 3994 1006 4049 omnis
1054 4000 1342 4055 exercitus
1376 4001 1432 4055 in
1467 4004 1660 4075 fugam
1710 4009 1975 4075 vertitur,
2010 4017 2065 4066 et
2096 4030 2129 4066 a

473 4075 709 4132 Ruselio
739 4083 928 4135 Caesar
952 4085 1182 4155 capitur
1212 4088 1430 4160 aliique
1463 4093 1666 4162 multi;
1697 4096 1839 4151 solis
1863 4098 2129 4156 Botania’

470 4169 559 4219 tes
591 4181 722 4221 cum
774 4170 975 4239 paucis
1023 4174 1379 4244 quibusdem
1430 4180 1594 4252 fugit.
1628 4187 1705 4238 Ex
1752 4200 1818 4240 eo
1869 4191 2129 4259 tempore

476 4254 627 4309 710
656 4272 906 4328 magnus
958 4260 1235 4319 Ruselius
1264 4270 1321 4320 et
1351 4267 1594 4325 celebris
1635 4268 1818 4328 evasit
1866 4254 2127 4349 pros-peri

471 4359 783 4399 successus
828 4349 1255 4423 magnitudine,
1290 4360 1561 4429 rectaque
1612 4360 1953 4431 Byzantium
1986 4383 2126 4421 con-

469 4432 717 4488 tendens
765 4437 1051 4492 Cazsarem
1094 4440 1355 4497 vinctum
1407 4444 1676 4517 habebat,
1726 4452 1929 4507 multis
1978 4455 2125 4510 afﬂi-

467 4523 628 4575 ctum
662 4522 836 4579 malis
865 4530 921 4578 et
950 4526 1228 4585 ﬂuctibus
1259 4531 1664 4592 calamitatum
1708 4541 1959 4597 subinde
1992 4561 2125 4601 suc-

2234 1938 2421 2007 στικὴν
2481 1937 2569 1991 καὶ
2636 1933 2743 2009 ἕξιν
2803 1933 3141 2012 διακριτικήν
3200 1935 3291 1990 καὶ
3349 1934 3739 2011 ἐγρηγορυῖαν,
3782 1941 3891 1989 πᾶν

2224 2026 2289 2083 τὸ
2358 2025 2827 2100 προσταττόμενον
2913 2025 3059 2100 παρά
3134 2028 3232 2079 τοῦ
3308 2023 3624 2102 Νικηφόρου
3714 2022 3895 2078 ἐποίει

2230 2117 2413 2191 ὥσπερ
2446 2112 2803 2190 ἀνδράποδον.
2843 2121 3067 2171 ’Έκτοτε
3099 2111 3191 2168 οὖν
3245 2110 3424 2175 ἁδείας
3475 2106 3781 2185 λαϐόμενοι
3837 2113 3896 2166 οἱ

2227 2208 2327 2275 τήν
2384 2207 2553 2278 Ἑῴαν
2611 2202 3036 2280 κατατρέχοντες
3095 2204 3396 2278 Ἀγαρηνοὶ
3467 2201 3566 2257 οὐκ
3623 2200 3898 2257 ἐπαύοντο

2228 2297 2346 2351 καθ’
2403 2296 2631 2365 ἑκάστην
2716 2292 3055 2367 κεραΐζοντες
3131 2293 3218 2347 καὶ
3278 2290 3480 2362 ταύτην
3551 2289 3897 2363 καταλυμαι-

2229 2385 2471 2457 νόμενοι.
2504 2381 2908 2457 Ἀλλαξαμένου
2969 2379 3025 2437 δὲ
3076 2385 3174 2437 τοῦ
3235 2380 3503 2439 Ἰσαακίου
3551 2381 3649 2448 τὴν
3709 2380 3898 2455 αἰχμ-

2231 2473 2468 2531 αλωσίαν
2525 2472 2829 2549 χρημάτων
2883 2470 3109 2527 πολλῶν
3180 2472 3272 2526 καὶ
3352 2468 3647 2546 βαλαντίου
3696 2466 3895 2545 ἀδροῦ,

2231 2576 2384 2629 αὖθις
2466 2572 2766 2647 στρατηγὸς
2854 2570 3208 2646 αὐτοκράτωρ
3271 2570 3299 2624 6
3352 2570 3562 2643 Καῖσαρ
3631 2567 3895 2637 Ἰωάννης

2230 2660 2660 2737 προχειρίζεται,
2720 2660 2780 2720 ’ὀς
2860 2655 3286 2731 διαπεραιωθοὶς
3366 2657 3454 2710 καὶ
3546 2654 3712 2729 μέχρι
3790 2659 3893 2710 τοῦ

2232 2749 2534 2827 Δορυλαίου
2592 2748 2801 2823 προϊὼν
2864 2748 2993 2821 ἄρας
3055 2744 3255 2800 ἐκεῖθεν
3314 2743 3648 2821 πορρωτέρω
3705 2744 3888 2799 πεπό-

2232 2860 2435 2914 ρευται,
2494 2837 2583 2892 καὶ
2655 2838 2822 2912 μέχρι
2881 2838 2981 2905 τῆς
3040 2833 3425 2937 γεφύραςποῦ
3482 2832 3704 2937 Ζόμπου
3763 2854 3896 2937 κατ-

2232 2924 2413 2985 έλαϐε.
2450 2927 2561 3003 Πρὸ
2594 2924 2651 2981 ὃὶ
2696 2930 2792 2981 τοῦ
2835 2931 3204 2997 περαιωθῆναι
3241 2922 3352 3027 ¹τὸν
3415 2923 3718 3025 Σαγγςξριον
3785 2922 3891 3027 af:

2235 3022 2455 3072 ικνεῖται
2517 3018 2545 3071 ὁ
2588 3014 2881 3085 Ῥουσέλης
2948 3013 3006 3068 ἐκ
3077 3016 3175 3068 τοῦ
3241 3013 3609 3087 Ἀρμενιακοῦ
3672 3013 3894 3084 σπουδῇ

2231 3105 2421 3181 πολλῇ
2483 3106 2570 3161 καὶ
2633 3100 3048 3179 στρατοπεδείαν
3115 3103 3287 3158 ἐκεῖσε
3333 3103 3594 3176 πήγνυσι.
3660 3101 3897 3174 Πέμψας

2238 3194 2282 3251 δ’
2343 3199 2370 3252 6
2430 3198 2637 3271 Καῖσαρ
2689 3197 2762 3257 ὡς
2817 3193 2954 3259 καθᾶ
3010 3190 3440 3269 προσκρούσαντι
3500 3188 3589 3244 καὶ
3663 3187 3900 3264 έξαμαρ-

2233 3288 2405 3353 τόντι,
2463 3286 2508 3340 εἰ
2584 3286 3010 3360 γνωσιμαχήσοι
3081 3282 3171 3337 καὶ
3229 3281 3320 3336 τὸν
3378 3278 3579 3335 οἰκεῖον
3640 3277 3895 3353 ἰπιγνοίη

2238 3375 2525 3446 δεσπότην,
2587 3374 2919 3447 συμπάθειαν
2981 3371 3069 3427 καὶ
3122 3368 3425 3443 ἀμνηστίαν
3473 3372 3655 3423 κακῶν
3714 3366 3895 3443 ἐπηγ-

2233 3465 2483 3541 γέλλετο.
2511 3465 2899 3541 Φρυαξαμὲνου
2932 3460 2988 3517 δὲ
3015 3465 3112 3516 τοῦ
3152 3454 3436 3535 Βαρϐάρου
3493 3459 3582 3512 οἷα
3630 3456 3720 3513 ἐπὶ
3771 3462 3899 3523 ταῖς

2238 3553 2400 3619 ἰδίαις
2455 3554 2611 3630 χερσὶ
2668 3552 2758 3607 καὶ
2822 3557 2903 3624 τῷ
2978 3549 3211 3624 πολέμῳ
3282 3546 3609 3624 θαρροῦντος
3665 3544 3758 3601 καὶ
3809 3550 3895 3618 τῷ

2236 3643 2437 3716 πλήθει
2493 3649 2602 3699 τῶν
2688 3641 2779 3696 σὺν
2860 3641 3008 3713 αὐτῷ
3094 3636 3463 3713 ἐρειδομένου,
3528 3634 3804 3710 ἄπρακτος
3855 3637 3893 3705 ἡ

2237 3730 2493 3807 πρεσϐεία
2552 3730 2772 3807 ἐδείχθη
2828 3728 2915 3785 καί
2972 3730 3124 3799 κενή·
3186 3725 3270 3782 διὸ
3326 3728 3413 3781 καὶ
3484 3722 3719 3799 πολέμῳ
3777 3745 3896 3798 xpt-

2239 3826 2394 3893 θῆναι
2451 3823 2512 3877 τὸ
2570 3827 2670 3876 πᾶν
2732 3817 2897 3890 ἔδοξε.
2962 3812 3157 3878 Διαϐὰς
3219 3815 3308 3871 οὖν
3390 3816 3481 3870 τὸν
3556 3815 3807 3885 ποταμὸν
3863 3814 3891 3867 6

2239 3919 2444 3987 Καῖσαρ
2530 3912 2615 3965 καὶ
2696 3911 2724 3964 6
2786 3907 3155 3982 συστράτηγος
3234 3905 3398 3960 αὐτοῦ
3484 3900 3804 3977 Νικηφόρος
3865 3904 3892 3957 6

2238 4009 2595 4079 Βοτανειάτης
2630 4009 2765 4082 μετᾶ
2818 4013 2919 4076 τῆς
2972 4004 3172 4073 λοιπῆς
3223 4001 3471 4074 πληθύος
3531 4001 3727 4057 αὐτίκα
3757 4000 3896 4075 πρὸς

2237 4098 2479 4173 πόλεμον
2541 4104 2621 4170 τῷ
2673 4094 2973 4167 Ῥουσελίῳ
3030 4088 3339 4169 προσέϐαλε
3411 4092 3503 4158 Μὴ
3563 4089 3892 4165 ἐνεγκόντων

2239 4190 2296 4244 δὶ
2342 4194 2447 4243 τῶν
2508 4186 2793 4261 Ῥωμαίων
2840 4186 2937 4254 τὴν
2989 4189 3095 4238 τῶν
3133 4180 3397 4258 Φράγγων
3452 4179 3706 4248 ἐπίθεσιν,
3742 4184 3893 4257 ’.ρυγή

2236 4279 2435 4356 γίνεται
2468 4277 2665 4337 παντὸς
2719 4278 2815 4329 τοῦ
2873 4276 3125 4347 στρατοῦ,
3156 4271 3245 4326 καὶ
3296 4266 3596 4356 ἁλώσιμος,
3624 4269 3653 4322 6
3686 4270 3895 4342 Καῖσαρ

2235 4355 2313 4439 τῷ
2371 4364 2666 4437 Ῥουσελίῳ
2722 4362 3035 4426 καθίσταται
3094 4359 3183 4415 καὶ
3260 4355 3423 4413 ἄλλοι
3509 4355 3743 4425 πολλοὶ,
3796 4362 3898 4412 τοῦ

2237 4455 2592 4513 Βοτανειάτου
2628 4453 2797 4527 μόνου
2831 4451 3091 4530 φυγόντος
3138 4448 3228 4503 σὺν
3287 4446 3503 4520 ὀλίγοις
3532 4447 3696 4502 τισίν.
3728 4448 3895 4521 Ἐγε-

2235 4543 2381 4622 γόνει
2434 4546 2609 4598 τοίνυν
2646 4544 2673 4597 6
2701 4539 3010 4601 Ῥουσέλιος
3042 4538 3100 4593 ἐκ
3152 4536 3349 4593 τούτου
3408 4534 3571 4611 μέγας
3616 4534 3708 4588 καὶ
3770 4532 3894 4590 δια-

466 4610 800 4667 cedentium
834 4615 1216 4687 exagitatam.
1254 4620 1361 4676 Ubi
1393 4632 1586 4682 autem
1622 4627 1729 4684 hoc
1760 4648 1994 4704 quoque
2020 4635 2120 4691 do-

2233 4610 2429 4706 έόητος
2483 4638 2562 4706 τῷ
2622 4633 2833 4706 μεγέθει
2884 4634 2980 4684 τοῦ
3038 4610 3495 4699 κατορθώματος
3555 4628 3772 4698 Χωρῶν
3836 4622 3894 4680 δὲ

465 4699 777 4755 mesticum
811 4702 1199 4762 infortunium
1246 4710 1585 4783 imperatori
1636 4699 1969 4777 nuntiatum
2007 4725 2117 4781 fuit

463 4790 519 4841 et
552 4788 755 4843 Franci
800 4792 1088 4850 adventus
1120 4813 1327 4855 omnes
1358 4803 1659 4877 deterruit,
1692 4807 1900 4881 ingens
1949 4812 2115 4868 solli-

462 4876 664 4934 citudo
695 4884 750 4934 et
781 4896 921 4937 cura
952 4884 1181 4941 animos
1213 4889 1477 4946 omnium
1501 4898 1805 4967 occupavit
1837 4904 1893 4955 et
1925 4900 2113 4973 ipsius

460 4964 852 5038 imperatoris.
887 4971 1157 5030 Ruselius
1188 4975 1369 5047 igitur
1396 4978 1530 5036 inde
1564 4964 1879 5054 profectus,
1911 5006 2109 5046 secum

463 5056 734 5111 adductis
763 5057 987 5117 Caesare
1039 5068 1096 5117 et
1152 5065 1365 5122 Basilio
1422 5070 1656 5141 Malese,
1690 5075 1790 5146 qui
1850 5094 2037 5150 nuper
2079 5097 2112 5135 a

461 5144 797 5215 captivitate
825 5162 961 5204 cum
997 5150 1245 5223 Diogene
1276 5154 1559 5215 liberatus
1600 5144 1804 5233 fuerat,
1837 5165 1897 5221 in
1930 5144 2110 5241 Chry-

459 5232 645 5305 sopoli
694 5238 1139 5295 tabernaculum
1176 5244 1441 5316 collocat,
1475 5253 1532 5303 et
1559 5252 1801 5309 tedificia
1834 5272 1960 5328 quas
1992 5232 2110 5314 illic

458 5328 623 5379 erant
652 5325 787 5397 igne
834 5326 1113 5386 incendit.
1149 5334 1270 5397 Quo
1321 5336 1469 5391 facto
1519 5339 1808 5409 ingentem
1840 5325 2112 5406 excitavit

457 5418 774 5478 clamorem
809 5429 867 5479 et
896 5425 1115 5483 luctum
1166 5429 1596 5504 indigenarum.
1633 5438 1954 5512 Imperator
2001 5462 2107 5502 au-

457 5512 578 5563 tem
612 5511 839 5567 mollire
882 5516 1126 5573 studens
1157 5519 1387 5577 barbari
1438 5511 1767 5597 audaciam,
1801 5531 2110 5603 pollicetur

459 5596 512 5653 ei
545 5599 892 5671 curopalataa
942 5603 1246 5680 honorem,
1277 5615 1333 5666 et
1380 5613 1622 5688 insuper
1651 5619 1722 5673 ad
1758 5596 1895 5676 eum
1931 5623 2110 5681 mittit

462 5704 698 5746 uxorem
732 5696 789 5746 et
819 5691 1052 5751 liberos.
1087 5696 1195 5753 Sed
1230 5699 1378 5757 clam
1411 5711 1613 5761 contra
1655 5707 1852 5780 ipsum
1885 5713 2108 5772 Turcos

2225 4724 2449 4788 κατευθὺ
2508 4727 2605 4777 τοῦ
2651 4718 2943 4788 Βυζαντίου
2996 4716 3089 4772 τὸν
3153 4714 3391 4789 Καίσαρα
3420 4714 3536 4788 εἶχε
3596 4708 3892 4787 σιδηρόδε-

2221 4836 2313 4869 τον
2338 4814 2425 4868 καὶ
2475 4809 2714 4871 πολλοῖς
2762 4810 3008 4883 ἀνιαροῖς
3062 4802 3501 4876 έπαντλούμενον
3552 4802 3640 4857 καὶ
3705 4800 3895 4873 λυπηο

2225 4908 2331 4981 ρῶν
2383 4902 2615 4975 κύμασιν
2675 4893 3137 4967 ἀλλεπαλλήλοις
3190 4896 3273 4968 [Ρ.
3315 4894 3442 4965 848]
3505 4887 3885 4967 βαλλόμενον.

2220 5004 2308 5066 Ὠς
2337 4999 2393 5056 δὲ
2424 4997 2818 5075 προσηγγέλθη
2850 4994 2941 5051 καὶ
2998 4998 3177 5097 τοῦτο]
3220 4992 3283 5047 τὸ
3310 4989 3583 5097 οἰκειωὶὸν
3613 4988 3887 5097 (ξτύχημα

2217 5096 2296 5164 τῷ
2358 5088 2576 5166 βασιλεῖ
2648 5087 2737 5143 καὶ
2796 5088 2831 5155 ἡ
2875 5089 2997 5182 τοῦ.
3059 5080 3320 5182 Φράγγου
3392 5076 3698 5182 ,ἰπιδηῆμίτ
3753 5078 3889 5142 τοὺς

2218 5182 2420 5243 πάντας
2476 5177 2750 5250 ἐξέπληξε,
2808 5172 2997 5244 πολλή
3064 5193 3188 5277 ὶτιςκ
3236 5168 3437 5274 ἀθυμία
3466 5167 3583 5277 *καὶ
3637 5167 3885 5277 μίριμγα

2217 5276 2467 5345 κατεῖχεν
2528 5268 2687 5323 αὐτόν
2737 5287 2796 5320 τε
2849 5263 2939 5319 καὶ
2994 5261 3121 5323 τοὺς
3168 5258 3398 5319 λοιποὺς
3458 5258 3722 5316 ἅπαντας·
3755 5259 3878 5345 Τὴν

2218 5356 2269 5428 ἐξ
2346 5342 2548 5411 ἐκείνου
2624 5352 2715 5408 οὖν
2778 5348 3091 5425 ὁδοιπορίαν
3152 5345 3409 5418 διηνεκῶς
3468 5345 3497 5399 6
3553 5342 3880 5406 Ῥουσέλιος

2688 5442 2731 5451 -.
2790 5441 2801 5451 .
2952 5442 2976 5451 _
3086 5436 3098 5451 .
3301 5437 3341 5451 η
3391 5434 3401 5451 ι
3684 5432 3697 5451 ς
3823 5434 3836 5450 ε

2219 5446 2553 5523 ὶπαγόμενος
2616 5442 2731 5516 μεθ’
2789 5441 2980 5495 ἑαυτοῦ
3038 5436 3130 5491 τόν
3186 5457 3247 5491 τε
3298 5434 3547 5508 Καίσαρα
3608 5434 3701 5486 καὶ
3781 5434 3876 5489 τὸν

2218 5535 2479 5605 Μαλίσην
2552 5529 2859 5598 Βασίλειον,
2924 5528 3043 5602 ἄρτι
3124 5533 3227 5595 τῆς
3306 5523 3397 5579 σὺν
3480 5526 3560 5594 τῷ
3622 5524 3872 5596 Διογένει

2219 5624 2614 5702 αἲχμαλωσίας
2684 5617 3051 5685 ἆπολυθέντα,
3110 5617 3444 5683 κατασκηνοῖ
3521 5609 3575 5714 έν
3640 5613 3881 5714 ,Χρυσο-

2215 5700 2405 5789 πόλει,
2464 5713 2554 5768 καὶ
2606 5716 2726 5771 ταῖς
2786 5707 2959 5763 ἐκεῖσε
3015 5703 3214 5766 οἰκίαις
3273 5701 3430 5773 ένῆκε
3484 5700 3547 5756 τὶ
3599 5702 3735 5779 πῦρ,
3795 5723 3887 5757 και
