4060 6344
207 350 324 410 Mi

1715 352 2114 416 HISTORIA.

3512 359 3640 423 442

212 480 450 553 πολλὴν
508 480 764 558 ἀνήγειρε
818 489 939 547 τοῖς
1008 481 1250 548 ἰποίκοις
1307 485 1406 556 τήν
1465 484 1600 561 βοὴν
1648 485 1739 541 καὶ
1787 486 1858 540 τὸτ

1997 489 2268 560 accersit,
2319 488 2523 547 multis
2573 489 3100 562 pollicitationibus
3165 492 3528 562 persuadens
3574 498 3642 552 ut

211 568 488 628 κωκυτόν.
522 570 918 647 Καταμαλάξαι
979 571 1036 629 δὲ
1085 572 1329 630 σπεύδων
1381 576 1409 630 6
1463 573 1719 650 βασιλεὺς
1773 576 1873 644 τήν

211 665 312 715 τοῖν
403 657 690 738 Βαρόἀρου
763 662 1071 738 θρασύτητα
1157 663 1369 738 ἀξίωμά
1423 685 1480 719 τε
1532 665 1874 740 ὑπισχνεῖται

215 747 406 804 δοῦναι
475 750 621 824 αὔτῷ
676 751 1117 828 κουροπαλᾶτου,
1175 753 1615 827 προσεπιπέμπει
1675 751 1732 808 δὲ
1783 754 1872 809 καὶ

209 841 310 908 τήν
366 846 594 914 γυναῖκα
646 842 734 896 καὶ
809 842 875 895 τὰ
947 839 1126 900 τέκνα.
1189 842 1614 916 Μεταπέμπεται
1675 840 1730 897 δὲ
1784 841 1875 897 καὶ

218 927 500 1004 Τούρκους
532 930 650 984 κατ’
698 929 861 984 αὐτοῦ
916 927 1216 1006 λαθραίως,
1247 931 1489 994 πολλαῖς
1551 932 1874 1006 ὑποσχίσεσι

214 1017 418 1082 πείθων
472 1019 566 1074 τὸν
646 1017 954 1074 Ῥουοὲλιον
1035 1021 1527 1096 καταγωνίσασθαι.
1586 1021 1756 1097 Ὁρῶν
1819 1017 1877 1076 δὲ

215 1106 378 1169 οὗτος
409 1108 599 1163 ἑαυτὸν
665 1109 864 1178 ἀσθενῆ
918 1109 1054 1186 πρὸς
1099 1110 1366 1181 τοσαύτην
1397 1109 1633 1182 πληθὺν,
1665 1108 1874 1164 ἀπολύα

211 1217 309 1259 σας
373 1201 485 1252 τῶν
547 1193 759 1283 δεσμῷν
817 1197 908 1252 τὸν
970 1198 1209 1274 Καίσαρα
1250 1198 1562 1274 ἀναγορεύει
1623 1196 1871 1274 βασιλέα,

211 1294 513 1371 εὐφημίαις
597 1294 1040 1374 μεγαλοπρεπέσι
1099 1295 1186 1350 καί
1234 1294 1510 1370 διατόροις
1563 1298 1626 1351 τὸ
1679 1302 1874 1373 κράτος

209 1382 360 1454 αὐτῷ
445 1383 1040 1461 συγκαταστησάμενος.
1101 1387 1288 1456 Μήπω
1358 1383 1413 1440 δὶ
1496 1393 1597 1455 τῆς
1678 1388 1870 1464 φήμης

208 1470 568 1544 ἁπλωθείσης
621 1471 765 1545 μηδὲ
846 1474 1241 1541 πλατυνθείστ,ς
1298 1478 1395 1541 τῆς
1451 1479 1548 1529 τοῦ
1606 1475 1871 1550 Καίσαρος

208 1561 582 1638 ἀναρῥήσεως,
614 1563 706 1616 καὶ
766 1560 854 1617 διὰ
909 1566 1069 1618 τοῦτο
1133 1566 1270 1637 μήτε
1327 1568 1671 1639 στρατιωτῶν
1703 1585 1873 1640 προσ-

204 1656 634 1727 χωρησάντων,
695 1650 945 1731 ἐξαίφνης
1002 1653 1126 1730 περὶ
1183 1654 1244 1708 τὸ
1315 1649 1443 1730 ὅρος
1484 1655 1578 1709 τὸν
1637 1654 1871 1732 Σόφωνα

204 1739 431 1810 πληθὺς
512 1743 788 1812 Τουρκική
860 1741 1277 1820 παραφαίνεται,
1330 1743 1488 1798 πέντε
1553 1743 1588 1813 ἢ
1669 1743 1758 1798 καὶ
1813 1743 1867 1817 ’ἐξ

1985 578 2289 634 Ruselium
2322 579 2634 636 debellent.
2665 580 2880 636 Videns
2911 586 3104 638 autem
3139 581 3250 638 iste
3280 598 3344 638 se
3373 581 3640 639 imbecil-

1986 668 2101 724 lem
2155 670 2441 724 adversus
2493 669 2789 740 ejusmodi
2841 669 3307 726 multitudinem.
3354 671 3641 730 Caesarem

1985 774 2016 814 e
2048 758 2298 814 vinculis
2329 759 2644 814 liberatum
2681 759 3091 831 imperatorem
3123 760 3402 832 declarat,
3447 761 3638 818 laudi-

1986 848 2098 903 bus
2128 848 2460 920 magnificis
2491 853 2546 903 et
2577 847 2748 904 claris
2779 848 3100 918 celebrans,
3122 850 3293 922 eique
3319 851 3634 924 imperium

1987 936 2216 992 tribuit.
2276 937 2545 992 Nondum
2609 942 2802 992 autem
2864 937 3163 1010 divulgata
3227 941 3383 995 fama
3445 957 3636 1014 neque

1985 1026 2232 1082 dilatata
2261 1025 2504 1083 Caesaris
2535 1025 3025 1092 declaratione,et
3056 1027 3273 1085 idcirco
3305 1045 3494 1102 neque
3526 1032 3636 1086 mi-

1985 1113 2120 1170 lites
2150 1120 2592 1185 concurrerant,
2620 1115 2818 1171 statim
2872 1117 2942 1171 ad
2993 1125 3249 1173 montem
3302 1119 3635 1191 Sophonem

1986 1220 2198 1259 manus
2229 1204 2476 1259 Turcica
2522 1209 2786 1276 apparet,
2839 1221 2965 1276 quae
3013 1207 3329 1262 videbatur
3374 1209 3636 1282 quinque

1983 1301 2084 1351 aut
2133 1310 2234 1350 sex
2281 1294 2553 1350 millium.
2603 1297 2792 1366 Atque
2824 1313 2856 1351 e
2885 1297 3132 1368 vestigio
3163 1298 3435 1356 Ruselius
3464 1315 3525 1356 se
3556 1303 3629 1357 ad

1982 1387 2245 1460 praelium
2278 1387 2658 1459 comparavit.
2690 1387 2904 1443 Verum
2937 1387 3098 1446 illius
3127 1388 3414 1462 impetum
3461 1409 3628 1449 coer-

1983 1478 2196 1532 cebant
2244 1480 2301 1532 et
2344 1478 2536 1532 Caesar
2583 1483 2641 1531 et
2688 1477 2930 1548 quidam
2983 1493 3051 1533 ex
3100 1481 3634 1556 praestantior-ibus,

1983 1578 2127 1631 711
2166 1580 2231 1630 ut
2261 1575 2425 1647 prius
2455 1576 2866 1647 dignoscerent
2896 1583 3119 1650 quanta
3167 1584 3323 1636 esset
3370 1579 3629 1638 hostium
3661 1591 3665 1598 '

1978 1664 2086 1720 vis.
2119 1665 2247 1720 'Sed
2294 1663 2394 1721 ille
2449 1665 2608 1720 haud
2666 1666 2987 1737 sustinens,
3037 1668 3180 1740 quin
3242 1669 3438 1740 potius
3504 1670 3630 1727 loco

1979 1769 2225 1809 summa:
2265 1754 2604 1825 ignominias
2654 1756 2897 1825 ducens,
2949 1757 2998 1812 si
3051 1757 3337 1814 adversus
3383 1775 3484 1815 sex
3529 1764 3634 1818 aut

203 1827 461 1905 χιλιάσιν
494 1829 838 1904 εἰκαζομένη.
871 1831 968 1886 Καὶ
1026 1831 1215 1888 αὐτίκα
1264 1833 1293 1887 6
1349 1829 1664 1897 Ῥουσέλιος
1717 1831 1858 1908 ἐξήρ-

1977 1845 2177 1901 decem
2209 1843 2396 1900 millia
2425 1860 2683 1916 pugnam
2716 1844 2994 1902 Ruselius
3023 1851 3419 1916 cunctaretur,
3440 1849 3628 1906 multo

203 1940 299 1974 τυε
356 1918 427 1974 τὰ
486 1921 624 1990 πρὸς
680 1918 951 1993 πόλεμον.
1005 1919 1360 1977 Ἀνᾶστελλον
1410 1919 1467 1977 δὶ
1522 1923 1621 1990 τήν
1685 1922 1862 1997 ὁρμὴν

204 2008 374 2064 αύτοῦ
417 2008 450 2063 6'
494 2029 554 2063 τε
611 2011 821 2085 Καῖσαρ
886 2009 977 2064 καί
1033 2031 1174 2073 τινες
1230 2016 1338 2066 τῶν
1386 2010 1756 2087 ἐξοχωτέρων,
1789 2011 1865 2074 ὡς

201 2096 263 2150 ἂν
299 2095 575 2172 διαγνοῖεν
601 2100 865 2175 πρότερον
891 2101 990 2169 τὴν
1023 2097 1240 2170 πληθὺν
1273 2099 1448 2171 ὁπόση
1480 2121 1561 2163 τις
1622 2098 1704 2171 εἷή
1759 2105 1866 2154 τῶν

202 2189 504 2264 ρανὲντων.
561 2189 653 2258 Mi)
714 2186 963 2262 ἐνεγκὼν,
1023 2187 1153 2244 ἀλλ’
1206 2186 1433 2260 ἀδοξίαν
1471 2188 1633 2266 ἄκραν
1685 2188 1862 2264 ἡγού-

201 2296 366 2347 μενος
398 2275 451 2330 εἴ
507 2278 642 2352 πρὸς
695 2274 749 2350 ’ἐξ
808 2278 842 2346 ἢ
903 2275 1030 2333 δέκα
1085 2276 1344 2354 χιλιάδας
1388 2279 1804 2356 ἀμφιγνωμονεῖ
1835 2279 1882 2334 δυ

198 2364 542 2438 Ῥουσέλιος,
599 2365 691 2420 σὺν
749 2365 940 2442 πολλῇ
999 2367 1146 2444 ῥύμῃ
1205 2373 1323 2432 τοῖς
1365 2368 1625 2422 ἐναντίοι)
1657 2367 1863 2438 ἐπῆλθε

201 2463 341 2536 μετᾶ
396 2468 508 2518 τῶν
597 2464 888 2541 Φράγγων.
945 2469 1173 2521 Ἐπεσον
1260 2465 1352 2521 οὖν
1430 2471 1540 2522 τῶν
1600 2465 1858 2542 Τούρκων

200 2550 436 2622 πολλοὶ,
500 2551 735 2626 μηδενὸς
789 2558 894 2609 τῶν
960 2554 1225 2631 Φράγγων
1256 2555 1408 2610 κενὸν
1441 2555 1502 2610 τὸ
1534 2553 1662 2631 δόρυ
1699 2554 1863 2630 ἐσχη-

202 2642 390 2715 κότος,
420 2645 472 2697 οἱ
506 2640 562 2698 δὲ
594 2642 780 2699 λοιποὶ
811 2645 948 2720 πρὸς
995 2647 1171 2722 φυγὴν
1224 2644 1509 2718 ὥρμησαν.
1554 2648 1666 2710 Τῆς
1726 2641 1860 2698 διώ-

201 2733 334 2801 ξεως
396 2729 456 2786 δὲ
512 2731 599 2786 ἐπὶ
653 2732 798 2788 πολὺ
852 2732 1154 2807 γενομένης
1238 2734 1382 2810 παρὰ
1437 2735 1499 2789 τὸ
1559 2732 1858 2806 εἰθισμένον

200 2822 395 2891 αὐτοῦ,
429 2821 520 2876 καὶ
575 2826 743 2878 ταῦτα
787 2819 857 2877 δι’
889 2821 1056 2897 ὀρέων
1111 2818 1324 2878 ἀϐάτων
1382 2823 1472 2878 καὶ
1527 2820 1860 2893 δυσδιεξιτή-

202 2932 337 2983 των,
391 2907 554 2966 ἔλαϐε
598 2910 725 2973 τοὺς
779 2910 1008 2975 πλείους
1054 2915 1164 2967 τῶν
1223 2912 1314 2967 σὺν
1371 2911 1518 2985 αὐτῷ
1574 2912 1862 2969 ἀπολιπὼν

204 3000 410 3070 ἀπίσω,
471 2999 633 3062 αὐτὸς
689 2999 747 3056 δὶ
798 3001 932 3074 μετᾶ
991 3001 1244 3077 βραχέων
1295 3007 1455 3056 τινῶν
1513 3001 1862 3080 ὑπολειφθεὶς

198 3088 290 3143 καὶ
352 3093 455 3143 τοῦ
510 3088 777 3165 Καίσαρος
836 3090 888 3144 ἒν
942 3087 1137 3152 ’ίπποις
1193 3091 1495 3163 κεκμηκόσι
1525 3095 1604 3162 τῷ
1644 3096 1862 3167 συνεχεῖ

195 3185 300 3246 τῆς
362 3176 603 3249 διώξεως
677 3179 766 3234 καὶ
844 3178 1230 3254 ἐπιτεταμίνῳ.
1287 3181 1447 3238 Οὕτω
1534 3177 1591 3235 δὶ
1673 3175 1857 3257 ἔχοντι

199 3268 443 3346 ἀνεφάνη
473 3265 689 3338 πλῆθος
747 3265 929 3345 ἕτερον
960 3269 1216 3343 Τούρκων
1276 3270 1522 3344 ἄπειρον,
1554 3269 1629 3332 εἰς
1670 3270 1854 3326 ἑκατὸν

197 3354 465 3433 χιλιάδας
533 3361 830 3422 ποσοῦσθαι
903 3359 1332 3434 στοχαζόμενον.
1393 3359 1858 3434 Περιστοιχισθεὶς

199 3445 293 3501 οὖν
354 3447 624 3510 πάντοθεν
679 3447 768 3502 καὶ
827 3449 971 3502 ἄκων
1037 3447 1222 3512 αὐτοῖς
1275 3450 1678 3524 προσρήγνυται
1743 3450 1857 3521 μετ’

196 3533 410 3611 ὀλίγων
442 3535 584 3590 πάνυ
611 3539 720 3590 τῶν
771 3537 898 3612 περὶ
957 3532 1137 3593 αὐτόν.
1172 3537 1463 3612 ’Δντὲσχον
1523 3537 1616 3610 μὲν
1677 3536 1767 3593 οὖν
1805 3537 1854 3592 0i

192 3629 455 3696 Τοῦρκοι,
514 3618 703 3679 ἔπεσον
792 3626 976 3697 μέντοι
1045 3624 1134 3680 καὶ
1192 3624 1315 3680 τότε
1377 3624 1604 3683 πολλοί.
1661 3627 1854 3699 Ὅμως

194 3712 576 3776 κυκλωθέντες
633 3713 738 3768 ὑπὸ
767 3714 1030 3770 τοσούτου
1087 3712 1334 3784 πλήθους
1394 3709 1688 3786 ἑκηϐόλοις
1738 3721 1854 3777 τοῖς

199 3802 446 3876 βέλεσιν,
490 3797 866 3865 ἀποϐαλόντες
923 3805 1050 3865 τοὺς
1102 3802 1306 3866 ’ίππους
1359 3804 1450 3858 καὶ
1506 3805 1660 3873 πεζοὶ
1721 3805 1855 3859 ὑποο

196 3891 512 3969 λειφθέντες
599 3892 898 3964 σύμπαντες
975 3891 1147 3954 οὕτως
1227 3890 1510 3948 ἐνέδωκαν.
1592 3892 1853 3957 Πίπτουσι

194 3978 242 4035 δ’
298 3980 463 4052 ὅμως
519 3978 748 4051 πολλοὶ,
790 3981 880 4036 καὶ
935 3983 1170 4056 Τοὗρκοι
1229 3979 1286 4036 δὲ
1341 3978 1558 4044 δεκάκις
1579 3987 1853 4040 τοσοῦτοι.

194 4076 514 4135 Ἀλίσκεται
547 4076 751 4132 δὶδτε
795 4084 994 4154 Καῖσαρ
1053 4079 1145 4134 καί
1199 4081 1228 4134 6
1285 4079 1595 4142 Ῥουσέλιος
1649 4081 1737 4135 καὶ
1803 4082 1854 4135 0i

194 4167 285 4221 σὺν
349 4167 528 4237 αὐτῷ.
583 4169 664 4240 [Ρ.
724 4169 851 4241 849]
909 4169 971 4222 Οἱ
1030 4165 1088 4223 δὶ
1142 4173 1250 4222 τῶν
1309 4171 1572 4245 Φράγγων
1632 4168 1852 4225 ὑπολει-

191 4257 415 4316 σθὲντες
462 4255 541 4318 εἷς
596 4256 658 4310 τὸ
703 4262 804 4326 τῆς
855 4252 1181 4327 Μεταϐολῆς
1227 4258 1484 4334 φρούριον
1540 4259 1853 4336 συμφυγόν-

189 4366 276 4406 τες
313 4345 455 4418 μετᾶ
506 4352 607 4414 τῆς
655 4350 753 4400 τοῦ
783 4344 1096 4401 Ῥουσελίου
1125 4347 1379 4421 γυναικὸς
1435 4344 1506 4402 δι’
1534 4346 1852 4421 ἐπιμελείας

192 4434 484 4490 ἐποιοῦντο
539 4436 640 4502 τήν
697 4434 892 4490 τούτου
945 4434 1193 4513 φυλακήν
1259 4436 1350 4491 καὶ
1409 4438 1755 4512 συντήρησιν.
1789 4439 1851 4492 Οἱ

191 4522 249 4578 δὶ
296 4527 538 4599 Τοῦρκοι
589 4525 681 4578 τὸν
736 4525 830 4597 μὲν
858 4524 1165 4582 Ῥουσὲλιον
1215 4523 1496 4599 ποδοκάκῃ
1556 4525 1850 4604 ἀσφαλισάο

1975 1933 2196 2004 impetu
2245 1934 2303 1988 in
2353 1934 2549 1991 hostes
2596 1950 2732 1990 cum
2781 1935 3018 1991 Francis
3069 1936 3306 1992 invasit.
3358 1938 3628 1997 Cecidere

1973 2023 2150 2092 igitur
2205 2039 2273 2079 ex
2323 2023 2530 2080 Turcis
2588 2023 2806 2095 plures,
2857 2041 2992 2080 cum
3044 2026 3398 2082 Francorum
3450 2043 3624 2084 nemo

1974 2110 2144 2168 hasta
2173 2111 2332 2166 inani
2365 2129 2511 2167 usus
2539 2117 2713 2168 esset.
2747 2110 2977 2183 Reliqui
3019 2112 3078 2166 in
3127 2113 3327 2184 fugam
3377 2113 3628 2184 conjecti

1973 2205 2131 2257 sunt.
2177 2203 2322 2258 Cum
2371 2218 2504 2256 vero
2554 2201 2778 2257 diutius
2832 2206 3297 2272 persequeretur,
3330 2207 3536 2275 praeter
3564 2204 3623 2260 id

1972 2293 2127 2363 quod
2159 2295 2561 2358 consueverat,
2591 2290 2915 2362 praesertim
2951 2307 3053 2362 per
3083 2291 3416 2347 inaccessos
3447 2297 3626 2364 atque

1973 2388 2162 2444 invios
2188 2395 2440 2454 montes,
2470 2405 2586 2444 non
2618 2388 3035 2443 animadvertit
3084 2405 3118 2442 a
3165 2391 3328 2461 tergo
3378 2405 3441 2445 se
3490 2407 3621 2446 suo-

1973 2496 2102 2534 rum
2127 2478 2325 2550 plures
2349 2477 2677 2549 reliquisse.
2716 2477 2848 2548 lpse
2869 2481 3062 2533 autem
3088 2494 3222 2533 cum
3257 2479 3461 2551 paucis
3491 2481 3620 2550 qui-

1971 2569 2225 2624 busdam
2249 2568 2509 2634 relictus,
2540 2572 2598 2623 et
2618 2571 2840 2622 Casare
2861 2567 3014 2622 inter
3042 2567 3273 2639 equites
3303 2569 3618 2641 defatigato

1970 2657 2249 2713 continua
2278 2662 2336 2712 et
2365 2656 2542 2728 longa
2569 2657 2830 2712 hostium
2865 2656 3270 2725 insectatione,
3304 2657 3510 2714 incidit
3556 2659 3616 2714 in

1969 2763 2097 2802 eam
2148 2746 2538 2802 calamitatem
2594 2762 2773 2817 quam
2833 2763 2968 2802 mox
3024 2746 3305 2804 dicemus.
3360 2753 3508 2805 Nam
3556 2749 3615 2805 in

1966 2835 2166 2908 ipsum
2217 2835 2299 2891 ita
2342 2835 2708 2892 laborantem
2761 2836 2944 2892 altera
2999 2837 3324 2893 Turcorum
3384 2837 3617 2896 infinita

1971 2943 2207 2992 manus,
2258 2926 2374 2981 fere
2421 2929 2657 2982 centum
2708 2924 2887 2991 mille,
2941 2930 3226 2997 quantum
3279 2928 3613 2998 conjectura

1968 3016 2205 3086 assequi
2239 3020 2526 3085 poterant,
2567 3016 2802 3071 invasit.
2834 3016 3104 3087 Undique
3137 3016 3314 3089 igitur
3364 3017 3614 3074 circum-

1966 3111 2177 3162 ventus
2207 3105 2293 3161 vel
2325 3106 2544 3160 invitus
2573 3123 2705 3162 cum
2741 3106 3012 3162 hostibus
3047 3107 3442 3179 congreditur,
3475 3124 3608 3164 cum

1971 3196 2170 3266 paucis
2226 3197 2547 3252 admodum
2604 3213 2752 3268 quos
2808 3196 3031 3252 circum
3099 3197 3371 3253 habebat.
3433 3198 3616 3268 Igitur

1971 3286 2236 3340 restitere
2265 3286 2464 3356 Turci,
2497 3291 2555 3342 et
2609 3290 2804 3342 tamen
2857 3287 3026 3343 multi
3076 3291 3218 3344 tunc
3266 3303 3501 3359 quoque
3547 3304 3616 3343 ex

1967 3374 2112 3444 ipsis
2127 3374 2407 3430 cecidere.
2440 3379 2654 3431 Verum
2669 3375 2962 3432 enimvero
2988 3375 3372 3432 circumventi
3398 3393 3430 3430 a
3451 3381 3616 3432 tanta

1968 3461 2348 3518 multitudine
2377 3463 2530 3529 telis,
2561 3480 2688 3536 quae
2722 3464 2895 3536 longe
2933 3464 3329 3534 jaciebantur,
3379 3464 3619 3521 amissis

1966 3553 2154 3623 equis,
2177 3554 2402 3625 pedites
2431 3570 2635 3610 omnes
2665 3553 2850 3610 relicti
2880 3554 2961 3610 ita
2987 3559 3310 3610 cesserunt.
3337 3556 3614 3610 Attamen

1968 3641 2140 3696 multi
2169 3642 2411 3707 cadunt,
2441 3648 2498 3698 et
2525 3643 2697 3698 Turci
2729 3643 2975 3714 decuplo
3025 3643 3245 3715 plures.
3296 3643 3620 3714 Capiuntur

1967 3742 2157 3797 Caesar
2185 3746 2242 3797 et
2270 3741 2544 3796 Ruselius
2571 3745 2626 3796 et
2657 3741 2756 3812 qui
2790 3758 2921 3796 cum
2954 3741 3083 3813 ipso
3105 3745 3286 3796 erant.
3325 3741 3402 3795 Ex
3431 3741 3617 3796 Fran-

1967 3830 2050 3887 cis
2083 3835 2278 3886 autem
2309 3830 2408 3902 qui
2442 3828 2627 3885 relicti
2661 3830 2890 3886 fuerant
2920 3831 3056 3902 fuga
3085 3829 3154 3885 ad
3180 3829 3497 3885 Metaboles
3519 3847 3616 3902 0p-

1967 3920 2165 3991 pidum
2199 3937 2262 3976 se
2294 3937 2581 3991 recepere,
2616 3937 2734 3976 una
2761 3937 2890 3975 cum
2935 3920 3151 3976 Ruselii
3203 3936 3400 3986 uxore,
3453 3922 3608 3992 quod

1965 4025 2201 4065 summo
2248 4009 2445 4064 studio
2499 4010 2830 4066 servabant.
2881 4009 3056 4065 Turci
3112 4025 3246 4065 vero
3305 4009 3610 4067 Ruselium

1965 4099 2346 4169 compedibus
2389 4099 2648 4154 vinctum
2693 4099 2842 4154 712
2883 4102 3271 4168 asservantes,
3325 4098 3610 4155 Cesnrem

1965 4192 2158 4242 autem
2193 4187 2452 4243 solutum
2484 4187 2541 4242 in
2566 4187 2787 4244 honore
2809 4188 3398 4259 habebant.Cumque
3426 4188 3614 4260 exige-

1965 4280 2129 4331 retur
2158 4276 2522 4348 captivorum
2552 4277 3107 4348 pretium,studebat
3133 4275 3452 4348 imperator
3479 4293 3612 4333 eum

1964 4365 2251 4421 redimere
2277 4383 2445 4422 :nam
2480 4366 2652 4438 paulo
2687 4371 2821 4421 ante
2849 4365 3090 4421 Maleses
3121 4382 3356 4438 quoque
3386 4366 3616 4422 absolu-

1962 4457 2058 4508 tus
2090 4470 2123 4508 a
2151 4456 2372 4510 Caesare
2398 4454 2596 4510 statim
2633 4455 2692 4510 in
2724 4454 2995 4510 exsilium
3030 4455 3250 4510 missus
3276 4458 3366 4510 est
3415 4453 3611 4526 publi-

1963 4541 2107 4597 catis
2153 4542 2346 4607 bonis.
2396 4543 2616 4598 Ruselii
2668 4543 3059 4614 captivitatem
3115 4559 3247 4598 cum
3281 4543 3612 4614 captivitate

194 4633 375 4685 μενοι,
406 4610 504 4667 τόν
533 4613 773 4685 Καίσαρα
794 4611 978 4668 ἄνετον
1006 4615 1154 4689 εἶχον
1195 4614 1285 4668 καὶ
1331 4613 1381 4670 ἰν
1430 4619 1500 4688 τῇ
1550 4612 1661 4686 ἲδίᾳ
1716 4618 1847 4691 ἦγον

1969 4631 2235 4702 Diogenis
2263 4635 2319 4686 et
2337 4604 2804 4702 publicationem
2829 4637 2886 4687 et
2907 4631 3178 4687 exsilium
3211 4604 3608 4687 commutans.

188 4707 353 4776 τιμῇ.
385 4705 496 4756 Τοῦ
534 4699 594 4756 δι
646 4705 961 4776 τιμήματος
1015 4707 1123 4759 τῶν
1179 4702 1499 4759 ἑαλωκότων
1559 4703 1848 4775 ιπιζητου-

195 4793 367 4862 μένου
419 4788 644 4846 ἔσπευδε
705 4793 799 4864 μὶν
870 4791 1182 4862 ὠνήσασθαι
1236 4797 1427 4848 τοῦτον
1479 4795 1508 4848 6
1569 4791 1846 4868 βασιλεύς·

190 4883 560 4945 ἔπικατὲλαόε
608 4889 708 4965 γὰρ
789 4889 881 4945 καὶ
942 4891 971 4945 ὁ
1030 4889 1292 4961 Μαλέσης
1366 4888 1485 4967 ἄρτι
1556 4891 1851 4957 ἀπολυθεὶς

191 4980 342 5053 παρὰ
417 4983 519 5033 τοῦ
600 4979 902 5055 Καίσαρος,
967 4979 1057 5034 καὶ
1133 4980 1326 5035 αὐτίκα
1402 4981 1478 5045 είς
1561 4981 1849 5056 ὑπερορίαν

191 5066 486 5124 πελλεται
539 5064 796 5140 δημεύσει
827 5089 886 5123 τε
930 5064 1436 5139 καθυποϐἀλλεται,
1462 5069 1843 5146 αῗχμαλωσίαν

189 5157 586 5234 αἰχμαλωσίας
615 5165 715 5227 τῆς
775 5157 867 5212 σὺν
923 5162 1004 5229 τῷ
1056 5159 1295 5234 Διογένει
1347 5161 1448 5228 τήν
1502 5164 1600 5216 τοῦ
1628 5166 1845 5216 Ῥουσε-

190 5247 315 5301 λέου
341 5247 434 5301 καὶ
469 5244 731 5320 δήμευσιν
778 5247 868 5302 καὶ
925 5246 1132 5323 ἑξορίαν
1176 5248 1384 5303 τούτων
1433 5248 1844 5323 ἀνταλλαξάμεο

186 5357 301 5403 νος,
357 5334 490 5390 ἀλλ’
536 5338 570 5406 ἡ
634 5340 732 5391 τοῦ
783 5335 1094 5393 Ῥουσελίου
1145 5339 1277 5413 γυνὴ
1317 5383 1332 5408 ,
1388 5336 1598 5414 σπουδῇ
1656 5338 1842 5414 πολλῇ

187 5431 382 5482 τοῦτον
442 5424 812 5501 ἐλυτρώσατο.
866 5428 1024 5485 Ὅθεν
1079 5428 1132 5482 oi
1189 5427 1334 5503 παρά
1406 5431 1503 5483 τοῦ
1578 5428 1845 5503 βασιλέως

190 5515 478 5576 σταλέντες
535 5517 629 5571 τὸν
710 5515 946 5592 Καίσαρα
1031 5517 1196 5591 μόνον
1258 5516 1666 5594 λυτρωσάμενοι
1725 5519 1845 5583 ἀνθ-

189 5606 555 5678 υπέστρεψπν.
592 5606 681 5662 Ἐν
716 5603 772 5660 Si
799 5610 868 5680 τῇ
927 5605 1254 5682 Προποντίδι
1312 5607 1623 5681 γενόμενος,
1679 5606 1840 5662 εύλα-

189 5690 383 5764 ϐηθεὶς
445 5697 521 5768 μή
582 5716 714 5752 ποτε
755 5695 830 5758 ὡς
882 5694 1189 5770 ἀποστάτης
1240 5699 1330 5753 καὶ
1387 5695 1628 5760 ὕποπτος
1683 5723 1840 5780 νομι-

1959 4723 2177 4775 Verum
2208 4719 2426 4775 Ruselii
2462 4738 2607 4776 uxor
2633 4720 2828 4790 ipsum
2864 4721 3406 4786 redemerat.Quare
3437 4719 3607 4774 missi

1959 4809 2031 4863 ab
2089 4807 2441 4879 imperatore
2496 4810 2716 4864 Caesare
2764 4808 2956 4864 solum
3007 4809 3311 4878 redempto
3359 4807 3604 4862 rediere.

1956 4909 2096 4960 Cum
2143 4923 2275 4962 vero
2323 4906 2393 4960 ad
2430 4906 2839 4977 Propontidem
2873 4906 3250 4977 pervenisset,
3282 4905 3503 4961 veritus
3534 4921 3608 4961 ne

1958 4995 2106 5050 forte
2135 5000 2201 5050 ut
2230 4994 2466 5051 rebellis
2495 5000 2552 5051 et
2582 4999 2895 5067 suspectus
2927 4994 3149 5065 aliquid
3181 4993 3321 5049 mali
3347 4997 3405 5049 et
3441 4996 3607 5064 ejus-

1956 5083 2184 5140 cemodi
2232 5084 2326 5140 cui
2372 5083 2698 5140 remedium
2750 5083 3011 5140 adhiberi
3046 5100 3162 5139 non
3195 5087 3394 5156 posset
3423 5084 3604 5139 susti-

1956 5177 2140 5242 neret,
2170 5173 2440 5244 deposita
2469 5177 2626 5228 veste
2661 5172 2880 5229 usitata
2910 5171 3258 5245 capillisque
3315 5173 3608 5233 detonsis.

1957 5262 2377 5318 monachorum
2403 5262 2670 5318 habitum
2699 5261 2912 5331 induit,
2946 5266 3002 5317 et
3021 5263 3102 5318 ita
3125 5261 3224 5316 vili
3257 5261 3605 5318 indumento

1956 5351 2024 5406 ad
2088 5351 2310 5423 regiam
2369 5368 2430 5407 se
2487 5352 2740 5420 recepit;
2788 5352 3077 5422 exquibus
3125 5351 3402 5406 omnibus
3446 5367 3603 5408 εοιιεο

1955 5441 2170 5495 mentis
2195 5441 2460 5497 homines
2493 5441 2748 5496 divinam
2779 5440 2927 5496 iram
2978 5440 3496 5506 ratiocinabantur,
3545 5446 3605 5498 et

1954 5531 2453 5601 quemadmodum
2479 5532 2634 5587 Deus
2654 5531 2798 5603 ipsis
2822 5530 3099 5587 inimicus
3137 5532 3381 5587 effectus
3411 5532 3601 5588 fuerat

1953 5627 2186 5693 propter
2249 5621 2576 5676 divinorum
2612 5621 3020 5676 mandatorum
3081 5637 3147 5676 ac
3179 5625 3598 5693 praeceptorum

1953 5709 2327 5768 violationem
2360 5715 2416 5768 et
2445 5715 2869 5784 contemptum,
2922 5725 3171 5782 quorum
3220 5710 3334 5769 sibi
3379 5709 3601 5769 conscii
