4078 6336
430 359 551 424 443

1760 358 2090 426 JOANNIS
2135 356 2535 420 SCYLITZE

3732 363 3852 424 444

431 494 503 548 ad
552 493 812 566 ingentia
860 495 1012 552 bella
1061 499 1116 553 et
1165 496 1428 570 pericula
1476 515 1593 554 non
1642 498 1807 571 prius
1855 494 2084 568 placato

2202 489 2347 553 σθεὶς
2399 491 2543 565 πάθῃ
2598 512 2650 547 τι
2707 491 2910 571 φαῦλον
2967 493 3057 549 καὶ
3114 492 3430 565 ἀνήκεστον,
3460 494 3560 562 τήν
3583 494 3854 567 κοσμικὴν

434 582 633 637 divino
667 583 904 641 nomine
935 586 1230 641 Romanas
1260 587 1458 659 copias
1488 589 1812 655 adducunt,
1854 589 1910 639 et
1954 598 2087 638 cum

433 671 587 728 male
619 674 955 729 afﬁciantur
983 693 1333 749 semperque
1364 677 1696 746 vincantur,
1732 692 1844 731 non
1887 680 2085 728 tamen

429 761 617 817 ullum
676 763 884 819 divinae
947 764 1373 837 indignationis
1428 766 1761 838 percipiunt
1816 778 2084 819 sensum.

428 850 667 921 Antiqui
701 869 831 908 vero
865 854 1113 909 Romani
1148 871 1260 908 non
1311 855 1391 909 ita
1441 855 1718 910 facientes
1764 854 2087 907 immensas

434 937 569 993 illas
621 944 678 993 et
708 956 1019 1011 prosperas
1060 959 1293 1013 pugnas
1320 944 1698 1008 edebant,sed
1730 942 2006 995 virtutem
2034 942 2092 993 et

420 1026 722 1097 justitiam
751 1034 805 1083 et
837 1030 1184 1085 charitatem
1220 1036 1275 1084 et
1306 1031 1611 1086 veritatem
1647 1030 2007 1102 proﬁtentes,
2033 1031 2090 1081 et

430 1116 671 1173 omnino
703 1118 901 1173 omnia
957 1119 1209 1174 bunesta
1241 1125 1297 1175 et
1329 1121 1481 1175 bona
1514 1138 1615 1192 pro
1665 1118 1885 1173 viribus
1934 1121 2087 1170 trac-

426 1209 641 1275 tantes;
677 1224 858 1279 quare
889 1210 1066 1263 etiam
1100 1209 1362 1264 divinum
1399 1227 1615 1266 numen
1653 1209 1771 1263 illis
1800 1208 2089 1274 aderat,et

430 1298 707 1354 omnibus
739 1300 929 1355 modis
960 1300 1160 1355 hostes
1192 1301 1584 1357 debellabant.

2200 574 2618 652 ἀποϐαλόμενος
2695 581 2890 647 ἐσθῆτα
2966 584 3065 651 τὴν
3140 586 3310 658 τρίχα
3360 581 3592 656 κείρεται
3652 582 3853 637 καὶτὰ

2202 673 2459 743 μοναχῶν
2548 670 2923 746 ἀμφιέννυται,
2983 672 3072 727 καὶ
3161 672 3333 734 οὕτως
3390 672 3441 726 ἐν
3506 671 3717 727 εὐτελεῖ
3771 677 3851 743 τῷ

2197 762 2447 833 σχήματι
2504 766 2621 821 τοῖς
2680 760 2981 836 βασιλείοις
3013 757 3339 837 παρέϐαλεν.
3377 763 3458 834 Ἐξ
3491 764 3563 815 ῶν
3598 762 3849 816 ἀπάντων

2197 848 2248 901 oi
2282 846 2336 900 εὖ
2387 852 2710 923 φρονοῦντες
2767 851 2866 919 τήν
2922 852 3206 924 θεομηνία·.
3272 851 3703 926 συνελογίζοντο,
3754 851 3848 905 καὶ

2198 936 2346 998 ὅπως
2400 936 2583 999 αὐτοῖς
2641 940 2703 993 τὸ
2758 945 2910 994 eam
2970 939 3422 1013 ἐκπεπολέμωται
3492 938 3579 995 διὰ
3606 942 3706 1010 τὴν
3737 944 3846 994 τῶν

2196 1025 2351 1080 θείων
2437 1025 2673 1083 ἐντολῶν
2743 1029 2830 1083 καὶ
2929 1028 3279 1103 ἐνταλμάτων
3372 1032 3667 1105 παρόρισιν
3757 1028 3849 1083 καὶ

2198 1115 2470 1185 ἀθέτησιν,
2532 1116 2593 1178 ἃς
2672 1118 2862 1193 καίπερ
2949 1120 3162 1181 ἑαυτοῖς
3245 1120 3686 1193 συνεπιστάμενοι
3772 1118 3852 1180 εἱς

2196 1202 2477 1275 πολέμους
2513 1204 2782 1280 μεγάλους
2831 1208 2919 1260 καὶ
2969 1206 3271 1273 κινδύνους,
3309 1208 3383 1281 μὴ
3434 1208 3693 1281 πρότερον
3755 1206 3849 1260 τὸν

2198 1292 2327 1346 Θεὸν
2414 1290 2799 1367 ἱλεωσάμενοι,
2849 1297 2943 1357 τὰς
3003 1297 3314 1369 Ῥωμαϊκὰς
3400 1294 3651 1370 δυνάμεις
3734 1294 3848 1349 εἱσ-

431 1386 642 1459 άγουσι,
690 1386 780 1441 καὶ
838 1388 1139 1462 πάσχοντες
1192 1393 1369 1450 κακῶς
1425 1390 1514 1443 καὶ
1575 1388 1885 1459 ἡττώμενοι
1943 1379 2177 1460 ἀφειδῶς
2233 1377 2479 1451 αἶ’σθησιν
2540 1382 2601 1437 ού
2662 1380 3003 1457 λαμϐάνουσι
3052 1394 3153 1455 τῆς
3207 1390 3304 1441 τοῦ
3359 1386 3503 1450 θείου
3554 1385 3848 1459 νεμέσεως,

428 1474 495 1531 Oi
576 1472 633 1529 δὲ
707 1474 877 1530 πάλαι
945 1478 1214 1549 Ῥωμαῖοι
1293 1478 1400 1553 οὐχ
1470 1477 1612 1533 οὕτω
1683 1479 1962 1534 ποιοῦντες
2034 1473 2129 1533 τὰς
2207 1464 2439 1547 φοϐερὰς
2516 1471 2720 1535 ἐκείνας
2784 1475 2873 1529 καὶ
2936 1473 3200 1547 ᾀδομένοις
3252 1475 3575 1551 στρατηγίας
3630 1474 3851 1550 κατώρ-

433 1574 582 1635 θουν⁹
651 1564 846 1640 ἀρετῆς
904 1563 960 1620 δὲ
1011 1566 1101 1620 καὶ
1155 1565 1505 1638 δικαιοσύνης
1561 1568 1647 1621 καὶ
1691 1566 1904 1641 ἀγάπης
1963 1560 2052 1616 καὶ
2113 1556 2369 1629 ἀληθείας
2426 1559 2891 1636 ἀντιποιούμενοι,
2950 1564 3039 1619 καὶ
3114 1562 3303 1626 ἁπλῶς
3368 1570 3472 1618 πᾶν
3531 1562 3698 1618 καλὸν
3756 1564 3849 1618 καὶ

433 1652 632 1727 ἀγαθὸν
686 1655 758 1715 ὡς
820 1652 1040 1711 δυνατὸν
1104 1656 1526 1732 μετερχόμενον
1565 1654 1650 1710 διὸ
1709 1654 1797 1709 καὶ
1846 1653 1909 1707 τὸ
1966 1654 2120 1705 Θεῖον
2181 1656 2471 1724 συμπαρῆν
2529 1650 2735 1721 αὐτοῖς,
2796 1654 2883 1707 καὶ
2942 1654 3100 1708 παντὶ
3152 1653 3340 1726 τρόπῳ
3397 1652 3523 1715 τοὺς
3572 1650 3847 1715 ἐναντίους

434 1761 685 1818 κατηγων
696 1744 709 1796 ί
720 1748 891 1813 ζοντο.

508 1856 658 1909 ³11³
696 1842 981 1927 ’Ῑοετθεεο
1041 1862 1236 1913 autem
1292 1858 1536 1923 Caesare,
1594 1856 1755 1912 visus
1829 1858 1919 1909 est
1989 1850 2083 1922 qui

2274 1845 2624 1911 Εἰσελθόντος
2675 1847 2731 1904 δέ
2787 1856 2884 1905 τοῦ
2943 1852 3208 1926 Καίσαρος
3257 1848 3403 1925 ἔδοξε
3453 1853 3545 1924 μὶν
3575 1852 3602 1906 ὁ
3632 1854 3845 1925 κρατῶν

443 1942 773 2015 imperabat
800 1946 998 2001 omnia
1029 1945 1363 2018 perfecisse.
1393 1947 1499 2001 Sed
1533 1945 1907 2001 cruciabatur
1935 1942 2090 2013 quod

443 2032 665 2090 Ruselii
696 2035 1008 2090 consilium
1043 2053 1157 2091 non
1193 2040 1579 2091 successerat.
1616 2036 1758 2090 Nam
1817 2037 2089 2104 cognato-

440 2139 572 2178 rum
640 2123 907 2191 exitium,
964 2124 1342 2181 amissionem
1410 2125 1665 2196 imperii,
1725 2121 2090 2180 Christianos

433 2211 641 2275 occidi,
674 2213 831 2267 vicos
862 2212 1131 2268 comburi
1163 2221 1219 2268 et
1252 2214 1516 2284 regiones
1543 2213 1719 2269 everti
1766 2209 2089 2284 posteriora

429 2299 699 2356 ducebat.
762 2301 1034 2356 Ruselius
1089 2307 1284 2356 autem
1342 2320 1408 2358 ex
1479 2303 1693 2374 oppido
1769 2298 2085 2355 Metaboles

429 2389 733 2459 profectus
790 2407 924 2444 cum
978 2392 1058 2446 ita
1110 2392 1349 2447 Francis
1401 2392 1692 2447 militibus
1747 2392 1846 2462 qui
1898 2387 2085 2443 relicti

434 2479 684 2550 fuerant,
731 2487 783 2537 et
844 2499 1021 2538 uxore
1070 2500 1135 2538 ac
1199 2483 1402 2539 liberis
1460 2489 1517 2539 et
1575 2482 1745 2538 bonis
1803 2482 1927 2537 suis
1986 2497 2087 2552 per

437 2569 689 2625 mediam
723 2571 1018 2642 regionem
1052 2572 1178 2627 sine
1213 2577 1372 2626 metu
1406 2574 1565 2640 ibat;
1600 2588 1854 2641 cumque
1884 2570 1955 2624 ad
1987 2572 2087 2623 Ar-

436 2659 843 2715 meniacorum
897 2662 1193 2733 regionem
1229 2662 1611 2732 pervenisset,
1644 2662 1713 2715 ad
1744 2677 1851 2715 sua
1890 2659 2083 2730 priora

435 2752 629 2804 castra
659 2766 719 2804 se
750 2750 984 2822 recepit,
1017 2758 1073 2806 et
1103 2751 1239 2806 inde
1285 2752 1566 2807 adversus
1615 2751 1838 2805 Turcos
1887 2764 2086 2803 excur-

438 2838 632 2893 siones
668 2838 885 2894 faciens
918 2840 1173 2894 coercuit
1207 2840 1365 2911 ipsos
1417 2856 1489 2895 ne
1538 2838 1794 2910 amplius
1842 2837 1900 2891 in
1955 2853 2083 2891 eam

440 2927 733 2999 regionem
797 2928 1211 2999 irrumperent.
1272 2930 1531 2984 Audiens
1588 2928 1710 2983 haec
1769 2928 2087 2997 imperator

440 3022 716 3089 praestare
745 3018 1097 3074 exstimabat
1124 3022 1342 3074 Turcos
1390 3018 1653 3074 obtinere
1703 3017 1823 3073 loca
1873 3016 2082 3070 Roma-

443 3122 650 3161 norum
683 3123 857 3177 quam
895 3107 1197 3162 Ruselium
1231 3108 1426 3178 aliquo
1457 3105 1516 3161 in
1552 3105 1675 3161 loco
1725 3105 2081 3177 permittere,

2202 1937 2453 2005 ἠνυκέναι
2513 1939 2575 1993 τὸ
2633 1946 2735 1993 πᾶν
2772 1985 2784 2009 ,
2837 1941 3028 2011 ἠνιᾶτο
3104 1939 3160 1996 δὲ
3230 1945 3298 2016 τῇ
3377 1946 3474 1996 τοῦ
3530 1938 3848 1996 Ῥουσελίου

2201 2024 2452 2100 ἀστοχίᾳ’
2485 2030 2584 2097 τὴν
2624 2028 2724 2104 γάρ
2776 2035 2882 2085 τῶν
2943 2032 3221 2107 ὁμογενῶν
3269 2029 3547 2085 ἀπώλειαν
3599 2031 3685 2084 καὶ
3744 2031 3846 2098 τὴν

2205 2115 2477 2190 ὑφαίρεσιν
2536 2124 2634 2186 τῆς
2695 2119 2873 2193 ἀρχῆς
2929 2120 3017 2174 καὶ
3072 2120 3136 2174 τὸ
3193 2120 3509 2198 σφάττεσθαι
3544 2120 3672 2181 τοὺς
3713 2121 3848 2192 Χρι-

2199 2204 2445 2266 στιανοὺς
2475 2208 2561 2260 καὶ
2599 2204 2927 2262 δουλοῦσθαι
2984 2209 3078 2271 τὰς
3136 2210 3325 2282 κώμας
3381 2210 3468 2263 καὶ
3527 2210 3623 2272 τὰς
3658 2210 3851 2284 χώρας

2195 2292 2542 2367 ἀφανίζεσθαι
2607 2295 2658 2351 ἐν
2711 2293 2943 2371 δευτέρῳ
3016 2297 3238 2355 ἐτίθετο.
3298 2304 3344 2357 Ο
3397 2296 3455 2353 δέ
3516 2319 3575 2374 γε
3629 2295 3847 2354 Ῥουσὲ-

2197 2380 2315 2444 λιος
2350 2382 2481 2454 ἄρας
2513 2382 2570 2438 ἐκ
2600 2384 2695 2439 τοῦ
2737 2393 2837 2455 τῆς
2869 2382 3191 2456 Μεταϐολῆς
3243 2387 3501 2465 φρουρίου
3546 2387 3679 2461 μετὰ
3735 2391 3844 2441 τῶν

2201 2473 2683 2547 ὑπολελειμμένων
2742 2480 3009 2553 Φράγγων
3054 2482 3396 2551 στρατιωτῶν
3443 2478 3531 2533 καὶ
3572 2484 3673 2546 τῆς
3716 2499 3849 2531 συν·-

2198 2562 2352 2616 εύνου
2405 2564 2494 2618 καὶ
2550 2570 2657 2619 τῶν
2711 2562 2919 2620 παίδων
2967 2566 3057 2621 καὶ
3114 2572 3221 2621 τῶν
3287 2566 3635 2642 ὑπαρχόντων
3696 2566 3845 2637 αύτῷ

2197 2648 2285 2707 διὰ
2344 2652 2511 2725 μέσης
2584 2661 2685 2723 τῆς
2744 2656 2932 2729 χώρας
3008 2655 3285 2731 ἀτρέπτως
3343 2652 3574 2725 ἐϐάδιζε,
3634 2656 3724 2709 καὶ
3781 2656 3847 2709 τὸ

2194 2742 2333 2813 θέμα
2388 2748 2493 2797 τῶν
2552 2746 2921 2819 Ἀρμενιακῶν
2981 2740 3303 2800 καταλαϐὼν
3375 2752 3492 2807 τοῖς
3559 2744 3847 2820 προτέροις

2196 2830 2359 2885 αὐτοῦ
2444 2831 2696 2908 κάστροις
2781 2832 3121 2904 ἀποκατέστη
3160 2878 3172 2902 ,
3252 2834 3493 2888 κάκεῖθεν
3571 2831 3846 2909 ἐκδρομὰς

2194 2921 2331 2974 κατὰ
2403 2926 2509 2974 τῶν
2588 2922 2839 2997 Τούρκων
2926 2923 3251 2995 ποιούμενος
3330 2923 3571 2997 άπεῖρξεν
3649 2923 3850 2984 αὐτοὺς

2192 3015 2302 3064 τῶν
2333 3011 2468 3065 κατᾶ
2496 3016 2593 3065 τοῦ
2622 3012 2875 3067 τοιούτου
2905 3012 3136 3085 θέματος
3187 3010 3415 3091 ἐφόδων.
3464 3015 3523 3069 Ὀ
3581 3010 3639 3067 δῖε
3690 3013 3848 3088 βασι-

2196 3098 2321 3161 λεὺς
2382 3099 2771 3173 ἐνωτιζόμενος
2823 3107 2990 3156 ταῦτα
3050 3101 3261 3175 μᾶλλον
3320 3101 3536 3174 ἐνόμιζε
3566 3102 3845 3178 συμφέρον

442 3196 513 3250 ad
573 3196 682 3251 hoc
739 3214 770 3250 a
827 3196 1150 3267 Nicephoro
1212 3197 1529 3266 instigatus
1589 3212 1653 3250 ac
1719 3193 2080 3250 stimulatus.

2201 3188 2320 3252 τοὺς
2356 3190 2635 3265 Τούρκους
2694 3186 2837 3265 ἔχειν
2889 3192 2956 3245 τά
2984 3192 3268 3264 Ῥωμαίων
3308 3192 3334 3260 ἢ
3383 3192 3473 3246 τὸν
3533 3189 3845 3245 Ῥουσέλιον

441 3283 618 3338 Mittit
647 3283 827 3354 igitur
855 3286 1171 3355 quemdam
1203 3302 1266 3341 ex
1303 3285 1599 3340 nobilibus
1642 3284 1867 3339 civibus
1915 3286 2083 3337 aetate

429 3372 733 3441 juvenem,
769 3373 866 3427 sed
902 3372 1120 3443 alioqui
1153 3378 1461 3428 strenuum
1492 3379 1667 3443 atque
1708 3372 2080 3443 prudentem,

438 3461 744 3531 praesidem
779 3460 1040 3516 Alexium
1072 3461 1459 3522 Comnenum.
1492 3461 1594 3533 qui
1624 3478 1756 3516 cum
1790 3459 2083 3531 pervenis-

440 3556 532 3605 set
558 3550 883 3617 Amasiam,
914 3550 992 3605 ibi
1026 3551 1101 3606 rei
1136 3551 1356 3606 exitum
1389 3550 1783 3621 exspectabat.
1813 3548 2085 3604 Ruselius

439 3642 659 3703 autem,
690 3637 839 3692 inita
869 3638 1144 3694 societate
1174 3643 1231 3693 et
1260 3638 1519 3693 amicitia
1568 3654 1703 3693 cum
1754 3638 2082 3692 Turcorum

439 3726 723 3798 principe,
756 3743 1109 3798 congressus
1141 3732 1229 3782 est
1259 3744 1391 3781 cum
1423 3728 1550 3799 ipso
1595 3727 1720 3781 sine
1771 3725 2082 3791 militibus,

440 3821 505 3871 ut
558 3821 956 3872 consueverat.
1017 3820 1234 3872 Verum
1297 3817 1552 3887 quadam
1586 3816 1681 3871 die
1738 3832 1871 3871 cum
1942 3814 2087 3887 ipsis

442 3921 677 3961 cmnans
707 3905 938 3977 capitur
968 3911 1025 3960 et
1055 3906 1419 3961 devincitur:
1458 3905 1653 3961 fallere
1685 3905 1837 3961 enim
1873 3904 2089 3960 Roma-

440 4011 548 4050 nos
578 3995 751 4050 etiam
804 3996 1185 4065 jurejurando
1238 3996 1607 4066 interposito,
1660 3995 1815 4066 apud
1867 3996 2089 4049 Turcos

441 4082 705 4138 solemne
755 4089 864 4150 est,
915 4085 1087 4139 venia
1144 4083 1389 4155 dignum
1452 4088 1725 4140 censetur
1778 4100 1791 4137 :
1842 4100 1947 4137 nec
2001 4086 2092 4138 est

443 4171 598 4241 quod
632 4170 764 4242 quis
797 4171 1118 4242 perjurium
1154 4181 1403 4228 accuset.
1459 4177 1624 4228 Hunc
1676 4172 1860 4227 multo
1906 4173 2091 4243 pretio

443 4263 709 4330 emptum
745 4277 957 4330 praeses
993 4259 1229 4314 Alexius
1261 4262 1329 4315 ad
1363 4262 1775 4333 imperatorem
1830 4260 2091 4316 vinctum

446 4348 735 4420 perducit,
768 4365 943 4419 quem
978 4350 1258 4403 traditum
1293 4349 1614 4405 tortoribus
1645 4349 1873 4405 bovinis
1903 4350 2092 4405 nervis

445 4436 875 4504 cadendumﬂ
900 4442 991 4493 14
1050 4442 1115 4491 ut
1175 4437 1483 4509 fugitivum
1544 4438 1801 4509 aliquem
1858 4454 2089 4494 servum

445 4524 644 4596 ﬂagris
676 4524 1145 4582 intolerabilibus
1178 4527 1479 4594 cruciavit,
1531 4531 1589 4583 et
1635 4528 1695 4582 in
1744 4527 2093 4583 obscurissi-

444 4630 601 4669 mam
636 4614 846 4670 turrim
882 4614 1175 4672 inclusum
1206 4618 1568 4688 contemptui
1590 4617 1844 4673 habebat
1873 4617 2093 4673 catenis

442 4702 727 4759 vinctum.

519 4899 844 4971 Logotbeta
875 4903 1067 4957 autem
1105 4900 1426 4973 plurimum
1479 4906 1705 4973 potens,
1760 4906 1823 4957 ut
1870 4902 2092 4958 dictum

446 4992 557 5054 est,
588 4989 742 5059 apud
776 4989 1213 5061 imperatorem,
1246 4991 1448 5046 omnia
1480 5008 1580 5062 pro
1612 4991 1853 5046 arbitrio
1896 4992 2093 5046 mode-

447 5093 606 5143 rans,
641 5076 926 5133 chdomi
978 5078 1401 5134 monasterium
1453 5079 1565 5134 sibi
1616 5080 1818 5135 donari
1870 5085 2095 5152 petens,

446 5182 651 5221 omnes
684 5166 1089 5237 possessiones
1123 5172 1179 5223 et
1224 5184 1459 5223 omnem
1512 5167 1628 5224 fere
1678 5174 1957 5240 quantam
2010 5169 2095 5225 sol

445 5257 632 5310 cernit
666 5255 963 5327 regionem
998 5258 1225 5312 studuit
1256 5258 1365 5312 sibi
1399 5259 1698 5314 vindicare
1737 5263 1794 5314 et
1841 5258 2097 5331 capiosis

446 5344 822 5414 proventibus
877 5344 1144 5411 dilatare,
1202 5346 1465 5415 cogitans
1535 5347 1909 5418 improbitate
1983 5348 2097 5403 sibi

446 5431 703 5487 amicum
735 5432 1147 5503 imperatorem
1184 5435 1387 5502 facere,
1407 5439 1463 5489 et
1493 5436 1749 5491 maxima
1778 5435 1992 5492 lucrari
2024 5438 2096 5493 ob

447 5518 576 5589 ejus
606 5520 1156 5592 simplicitatem,ac
1187 5523 1422 5579 nomine
1454 5525 1795 5580 monasterii
1828 5525 2100 5596 ingentes

447 5607 679 5662 divitias
706 5609 976 5681 adipisci.
1009 5612 1079 5665 Et
1110 5628 1241 5667 cum
1274 5619 1427 5668 esset
1462 5619 1713 5669 maxime
1742 5614 1991 5670 idoneus
2025 5616 2096 5670 ob

446 5694 787 5768 versutiam,
807 5699 854 5754 si
883 5700 1019 5770 quis
1051 5699 1225 5769 alius,
1249 5702 1319 5757 ad
1356 5702 1730 5771 lucrandum,
1754 5708 1810 5760 et
1841 5710 2098 5776 questus

2194 3280 2493 3352 χιυρεῖσθαι
2542 3279 2593 3334 ἐν
2638 3280 2791 3353 τόπῳ
2840 3280 2937 3347 ἑνὶ,
2980 3280 3127 3355 παρά
3170 3284 3266 3334 τοῦ
3333 3281 3650 3355 Νικηφόρου
3707 3280 3848 3355 πρὸς

2192 3372 2352 3421 τοῦτο
2394 3368 2720 3441 νυττόμονος
2763 3370 2849 3423 καὶ
2902 3367 3323 3445 διεγειρόμενος.
3364 3372 3447 3443 [Ρ.
3497 3371 3621 3441 850]
3671 3367 3843 3423 Στέλ-

2196 3455 2277 3512 λει
2335 3456 2514 3511 τοίνυν
2559 3460 2680 3512 τινὰ
2726 3463 2831 3512 τῶν
2896 3457 3252 3532 εὐπατριδῶν,
3301 3460 3400 3527 τὴν
3466 3459 3558 3532 μὶν
3613 3456 3841 3527 ἡλικίαν

2192 3546 2328 3616 νέον,
2377 3545 2700 3621 δραστήριον
2752 3545 2807 3602 δὶ
2862 3546 3047 3609 ἄλλως
3093 3548 3182 3603 καὶ
3224 3547 3512 3625 ἐχέφρονα,
3560 3548 3649 3601 τὸν
3700 3547 3840 3621 πρό-

2195 3631 2346 3707 εδρον
2378 3632 2623 3705 Ἀλέξιον
2674 3637 2765 3689 τὸν
2818 3637 3122 3707 Κομνηνὸν,
3172 3637 3231 3697 ὃς
3288 3635 3338 3689 ἰν
3398 3640 3478 3707 τῷ
3535 3634 3680 3689 ἄστει
3737 3643 3842 3703 τῆς

2194 3722 2489 3794 Ἀμασείας
2548 3724 2843 3798 γενόμενος
2896 3721 3208 3801 ἐκαραδόκει
3267 3726 3328 3778 τὸ
3391 3723 3617 3797 μέλλον.
3672 3726 3734 3779 Ὀ
3794 3721 3857 3779 δὶ

2194 3811 2504 3874 Ῥουσέλιος
2531 3816 2794 3885 συνθήκας
2825 3815 2914 3868 καὶ
2949 3814 3135 3888 φιλίας
3191 3816 3325 3887 μετὰ
3383 3818 3479 3868 τοῦ
3523 3818 3629 3867 τῶν
3681 3814 3854 3887 Τούρο

2197 3922 2305 3954 κων
2339 3900 2660 3976 ἐξάρχοντος
2710 3902 2935 3975 θέμενος
2984 3900 3218 3971 συνῆλθε
3276 3902 3453 3973 τούτῳ
3511 3901 3855 3975 ἐψιλωμένος

2201 3996 2543 4063 στρατιωτῶν
2592 3992 2667 4053 ὡς
2716 3989 2824 4060 ἤδη
2874 3994 3113 4063 συνήθης
3170 3993 3256 4046 καὶ
3321 3990 3463 4053 ἐθάς.
3497 3993 3583 4048 Ἑν
3648 3995 3746 4063 μιᾷ
3796 3988 3857 4044 δὶ

2202 4076 2527 4134 συνδειπνῶν
2571 4080 2755 4142 αὐτοῖς
2807 4080 3084 4136 ἁλίσκεται
3143 4081 3231 4136 καὶ
3291 4078 3576 4153 δεσμώτης
3633 4078 3856 4135 ἀποδεί-

2200 4188 2433 4223 κνυται·
2496 4168 2702 4238 ἀπατᾷν
2776 4169 2879 4245 γάρ
2954 4172 3261 4243 Ῥωμαίους
3339 4168 3631 4243 ἐνωμότως
3708 4170 3861 4244 παρά

2200 4264 2314 4319 τοῖς
2345 4258 2610 4331 Τούρκοις
2642 4257 2768 4333 ὅρος
2823 4259 2911 4313 καὶ
2970 4259 3133 4335 λόγος
3190 4258 3474 4333 ἐνδόσιμος
3502 4258 3589 4313 καὶ
3648 4257 3860 4332 ἀλογο-

2202 4348 2444 4417 θέτητος.
2478 4348 2680 4403 Τοῦτον
2741 4346 2902 4402 ὤνιον
2943 4348 3170 4405 πολλῶν
3223 4351 3251 4404 ὁ
3309 4346 3581 4425 πρόεδρος
3612 4346 3859 4417 ’Δλέξιος

2203 4435 2554 4509 ὠνησάμενος
2612 4436 2666 4500 ἐς
2728 4436 2952 4513 βασιλέα
3017 4437 3207 4504 ἀπάγει
3260 4436 3502 4510 δέσμιον.
3566 4434 3857 4513 Παραδοὺς

2205 4523 2295 4579 οὖν
2331 4525 2358 4578 ὁ
2395 4522 2650 4599 βασιλεὺς
2712 4532 2831 4587 τοῖς
2882 4527 3224 4599 βασανισταῖς
3270 4527 3488 4599 εεσμοῖς
3544 4527 3860 4596 ἀνηκέστοις

2206 4612 2295 4669 διὰ
2346 4614 2651 4689 βουνεύρων
2714 4615 2787 4675 ὥς
2843 4636 2963 4669 τινα
3020 4613 3217 4670 δοῦλον
3288 4613 3552 4690 δραπέτην
3605 4614 3859 4687 ᾐκίσατο,

2201 4704 2291 4758 καὶ
2350 4702 2427 4766 εἷς
2471 4700 2565 4757 ἕνα
2632 4707 2738 4757 τῶν
2812 4700 3230 4779 ζοφωδεστάτων
3303 4702 3579 4779 ἐγκλείσας
3634 4702 3860 4778 πύργων

2204 4790 2551 4865 ἀτημέλητον
2585 4792 2727 4867 εἶχεν
2761 4791 2980 4847 ἁλύσεσι
3013 4790 3254 4866 δέσμιον.

2274 4900 2335 4955 Ὀ
2395 4895 2451 4951 δὲ
2513 4898 2818 4972 Λογοθέτης
2896 4897 3031 4972 μέγα
3107 4896 3424 4971 δυνάμενος,
3478 4899 3551 4960 ὡς
3623 4897 3867 4973 εἴρηται,

2204 4987 2351 5061 παρὰ
2420 4985 2654 5060 βασιλεῖ,
2716 4983 2855 5061 ἄγων
2931 5008 2989 5041 τε
3064 4988 3151 5042 καὶ
3225 4988 3402 5065 φέρων
3478 4989 3651 5042 πάντα
3714 4990 3864 5063 ἥπερ

2207 5072 2487 5143 ἐϐούλετο,
2520 5076 2617 5143 τὴν
2669 5080 2766 5130 τοῦ
2796 5071 3068 5149 Ἑϐδόμου
3114 5079 3282 5149 μονῆν
3328 5074 3417 5131 διὰ
3460 5074 3663 5151 δωρεᾶς
3713 5073 3866 5147 ἐξαι-

2204 5165 2536 5238 τησάμενος,
2588 5165 2761 5219 πάντα
2808 5167 3061 5237 κτήματα
3106 5165 3194 5220 καὶ
3246 5172 3418 5220 πᾶσαν
3481 5162 3677 5240 σχεδὸν
3724 5164 3869 5235 ὅσην

2206 5252 2367 5321 ἥλιος
2420 5251 2588 5329 ἐφορᾷ
2644 5249 2865 5306 ἔσπευδε
2918 5257 3300 5328 προσκυρῶσαι
3345 5251 3482 5326 αὐτῇ
3545 5250 3632 5306 καὶ
3680 5271 3861 5325 προσ-

2207 5342 2354 5403 όδοις
2400 5341 2655 5417 ἀφθόνοις
2705 5339 3065 5413 ἐμπλατῦναι,
3117 5340 3477 5413 σκεπτόμενος
3524 5340 3583 5394 ἐκ
3637 5352 3871 5414 μοχθη-

2209 5432 2325 5507 ρίας
2360 5429 2689 5493 οἰκειοῦσθαί
2739 5451 2795 5484 τε
2846 5431 2938 5484 τὸν
2996 5430 3221 5504 βασιλέα
3269 5430 3356 5484 καὶ
3417 5426 3874 5505 παρακερδαίνειν

2205 5522 2270 5575 τὰ
2334 5519 2555 5595 μέγιστα
2598 5526 2697 5589 τῆς
2748 5514 3073 5594 ἀϐελτηρίας
3123 5520 3287 5574 αὐτοῦ
3353 5519 3441 5573 καὶ
3498 5523 3577 5590 τῷ
3627 5517 3871 5591 ὀνόματι

2204 5617 2303 5679 τῆς
2368 5615 2543 5681 μονῆς
2584 5614 2823 5663 πλοῦτον
2891 5608 3205 5673 ἐπικτᾶσθαι
3270 5610 3537 5686 ὑπερφυῆ.
3591 5608 3873 5680 Ποριμώ-

2208 5720 2367 5761 τατος
2419 5696 2475 5755 δὲ
2530 5696 2603 5753 ὢν
2650 5699 2724 5761 είς
2782 5699 2994 5771 κακίαν,
3035 5698 3183 5775 εἴπερ
3235 5720 3315 5762 τις
3360 5696 3566 5774 ἕτερος,
3614 5697 3701 5752 καὶ
3760 5704 3877 5756 τοῖ’»
