4078 6336
176 363 294 422 M5

1697 375 2092 438 HISTORIA.

3478 368 3596 428 446

175 489 476 567 κερδαλέου
530 494 690 571 χάριν
732 495 964 571 μηδενὸς
995 498 1286 578 δυσφήμου
1321 501 1590 578 ὀνόματος
1619 508 1822 583 ἀπεχό-

1944 508 2124 581 gratia
2169 507 2317 564 nulli
2378 515 2622 580 paresns
2680 506 2959 574 infamiae,
2993 502 3290 561 officinam
3323 501 3381 560 in
3417 499 3594 556 Rhae-

183 602 370 670 μενος,
429 583 705 660 φούνδακα
761 592 874 662 (35)
930 593 982 645 ἄν
1013 591 1082 666 τῇ
1136 591 1426 668 Ῥαιδεστῷ
1453 595 1542 650 καὶ
1579 617 1832 670 μονοπω-

181 669 332 760 λεῖον
423 677 784 746 συνεστήσατο
819 725 834 751 ,
905 677 1156 745 κωλύσας
1233 684 1323 738 καὶ
1391 684 1641 760 ἀπείρξας
1705 685 1832 748 τοὺς

179 759 508 850 πωλουντας
568 765 825 834 ἅπαντας,
882 769 945 823 τὸ
1000 769 1278 844 βασιλικὸν
1341 771 1398 828 δὲ
1431 759 1594 846 μόνον
1623 777 1834 850 πρατή-

181 869 298 924 ριον
352 848 766 927 ἐμηχανήσατο·
820 858 962 933 παρὸ
1009 860 1100 914 καὶ
1146 859 1309 934 λιμὸν
1355 848 1834 938 ἐπραγματεύσατο

182 939 446 1013 μέγιστον
509 943 600 997 καὶ
665 949 772 998 τῶν
833 948 1057 1003 πώποτε
1116 951 1611 1025 μνημονευομένων
1667 953 1834 1008 ἀπαν-

178 1028 536 1103 θρωπότατον
573 1074 588 1100 ,
648 1033 724 1095 ὡς
782 1035 873 1089 καὶ
946 1042 1026 1110 τῷ
1085 1038 1301 1114 βασιλεῖ
1356 1041 1468 1096 ἀντ’
1525 1041 1836 1116 ἆπωνυμίας

175 1117 429 1191 γενέσθαι
471 1119 655 1191 αὑτὸν,
683 1123 774 1178 καὶ
826 1125 932 1181 ἀπὸ
988 1126 1183 1183 τούτου
1236 1129 1449 1203 μᾶλλον
1482 1132 1516 1202 ἢ
1556 1136 1652 1186 τοῦ
1697 1153 1834 1207 προ-

177 1212 409 1280 γονικοῦ
466 1212 822 1285 γινώσκεσθαι
876 1221 993 1278 τοῖς
1057 1217 1376 1290 μετέπειτα·
1440 1219 1676 1295 Μιχαὴλ
1730 1220 1834 1296 γάρ

172 1316 257 1385 τις
312 1296 508 1368 εἰπὼν,
567 1300 616 1354 εἲ
672 1303 748 1374 μή
802 1304 1064 1379 προσθείη
1123 1307 1212 1361 καὶ
1263 1309 1354 1363 τὸν
1409 1308 1832 1385 Παραπινάκιον,

177 1384 280 1440 οὐκ
311 1385 373 1439 ἃν
400 1389 614 1461 γένοιτο
647 1390 929 1464 συντόμως
962 1396 1407 1471 γνωριμώτερος,
1442 1395 1531 1452 διὰ
1566 1399 1629 1452 τὸ
1681 1419 1834 1468 τηνι-

175 1495 350 1528 καυτα
380 1475 477 1531 τόν
510 1475 705 1551 μόδιον
736 1482 880 1558 παρά
909 1484 1158 1540 πινάκιον
1188 1490 1266 1559 τῷ
1281 1487 1575 1560 νομίσματι
1597 1489 1835 1564 πιπράσ-

179 1565 390 1620 κεσθαι.

251 1657 344 1726 Τῷ
399 1651 460 1709 δὲ
505 1655 707 1731 πρώτῳ
754 1654 861 1714 ἔτει
894 1668 996 1731 τῆς
1031 1660 1308 1738 βασιλείας
1338 1665 1527 1733 αὐτοῦ,
1563 1663 1834 1720 ῗνδιιιτιῶ-

175 1763 265 1805 νος
304 1751 394 1812 ια’,
428 1746 494 1799 τὸ
550 1751 656 1802 τῶν
718 1745 935 1823 Σέρϐων
979 1749 1148 1822 ἔθνος,
1182 1753 1275 1817 οὕς
1331 1751 1397 1824 δὴ
1429 1754 1518 1808 καὶ
1550 1750 1833 1829 Χροϐάτας

177 1829 438 1906 καλοῦσι,
468 1835 568 1904 τὴν
624 1836 960 1914 Βουλγαρίαν
1014 1838 1208 1911 ἐξῆλθε
1253 1840 1833 1917 καταδουλωσόμενον.

185 1922 294 1978 Τὸν
351 1921 409 1976 δὲ
454 1923 655 1999 τρόπον
689 1925 889 1992 ἄνωθεν
931 1925 1218 1985 ἀναλαϐὼν
1268 1928 1629 2007 διηγήσομαι.
1680 1939 1838 1988 Βασι-

180 2009 334 2065 λείου
383 2012 490 2087 γὰρ
548 2019 643 2068 τοῦ
704 2015 994 2090 βασιλέως,
1054 2019 1288 2090 ὁπηνίκα
1334 2023 1434 2089 τήν
1495 2021 1834 2097 Βουλγαρίαν

186 2099 528 2176 ὑπηγάγετο,
590 2105 664 2175 μή
728 2103 1058 2177 θελήσαντός
1113 2131 1166 2164 τι
1213 2118 1518 2186 νεοχμῆσαι
1573 2115 1680 2166 τῶν
1728 2109 1837 2165 ἐθί-

185 2211 302 2277 μων
354 2189 542 2262 αὐτοῦ,
593 2192 718 2248 ἀλλ’
769 2195 872 2250 ὑπὸ
919 2204 1035 2260 τοῖς
1069 2200 1346 2277 σφετέροις
1378 2201 1610 2276 ἄρχουσί
1640 2221 1698 2256 τε
1745 2201 1834 2255 καὶ

178 2275 340 2345 ἤθεσι
389 2280 460 2335 τὰ
523 2285 642 2346 καθ’
689 2283 913 2349 ἑαυτοὺς
963 2275 1243 2363 ὁρίσαντος
1291 2275 1647 2366 διεξάγέσθαι,
1701 2302 1833 2354 καθ-

181 2365 257 2455 ᾧς
318 2388 427 2422 που
480 2370 570 2423 καὶ
622 2370 709 2426 ἐπὶ
764 2378 862 2428 τοῦ
913 2376 1204 2448 Σαμουὴλ,
1265 2376 1323 2441 ὅς
1376 2379 1554 2433 αὐτῶν
1588 2380 1838 2455 ἀρχηγὸς

181 2454 393 2530 ἰγένετο
445 2455 554 2529 ἤδη
610 2461 704 2533 μὲν
763 2464 854 2517 οὖν
904 2465 991 2519 καὶ
1037 2465 1299 2541 πρότερον
1353 2467 1442 2522 τὸν
1476 2463 1628 2532 ἔθνος
1683 2454 1834 2522 τετά-

184 2565 391 2634 ρακτο,
473 2550 556 2622 [Ρ.
623 2553 750 2625 851]
826 2555 926 2622 τήν
1004 2554 1304 2626 ἀπληστίαν
1383 2559 1459 2630 μὴ
1521 2556 1680 2634 φέρον
1738 2557 1834 2612 τοῦ

185 2633 625 2715 ὄρφανοτρόφου,
686 2640 776 2696 ὅτε
839 2643 934 2698 τὸν
1006 2643 1271 2701 Δολεάνον
1339 2645 1540 2702 ἑαυτῶν
1592 2633 1837 2721 βασιλέα

183 2723 622 2803 ἐπευφήμησαν,
693 2733 815 2806 περί
904 2733 976 2788 ὧν
1059 2735 1195 2790 κατὰ
1281 2735 1444 2812 μέρος
1528 2733 1835 2806 δεδήλωται

181 2811 412 2886 ἄνωθεν,
487 2814 760 2895 ἀπέϐλεψε
837 2819 893 2876 δὶ
960 2824 1048 2878 καὶ
1132 2829 1220 2879 νῦν
1295 2811 1431 2901 πρὸς
1482 2823 1833 2883 ἀποστασίαν.

178 2905 287 2972 Τῆν
342 2905 449 2981 γὰρ
505 2909 602 2962 τοῦ
632 2911 954 2989 Νικηφόρου
1017 2914 1093 2987 μὴ
1126 2914 1286 2990 φέρον
1326 2915 1630 2986 ἀπληστίαν
1684 2917 1770 2971 καὶ
1807 2915 1838 2970 ἃ

179 2994 317 3047 κατά
367 2996 506 3049 πάντ
680 2999 692 3017 ’
740 3005 767 3015 ⁸
1043 3004 1052 3020 ’
1293 3005 1304 3023 ⁷
1414 3005 1426 3021 ‘
1522 3005 1536 3024 '

488 3019 585 3051 ..ων
635 3020 780 3072 αυτῳ
827 3022 1213 3079 μεμηχανητο,
1251 3002 1468 3066 ουδενος
1519 3025 1837 3080 επιστρεφο-

184 3083 354 3154 μένου
395 3089 495 3138 τοῦ
547 3087 839 3162 βασιλέως,
881 3098 1002 3156 ταῖς
1050 3091 1440 3168 παιδαριώδεσι
1489 3091 1546 3149 δί
1594 3090 1836 3154 παιδιαῖς

181 3173 350 3243 μόνον
439 3179 914 3254 προσανέχοντος,
1003 3183 1055 3236 οἱ
1128 3184 1262 3237 κατά
1329 3185 1428 3254 τὴν
1495 3181 1832 3259 Βουλγαρίαν

177 3263 514 3368 προέχοντες
591 3267 796 3338 ἀξιοῦσι
870 3271 960 3324 τὸν
1028 3271 1328 3348 Μιχαηλᾶν
1399 3274 1644 3350 ἀρχηγὸν
1705 3270 1832 3329 ὄντα

176 3354 446 3426 ἐπαρῆξαι
498 3356 682 3418 αὐτοῖς
730 3358 820 3413 καὶ
879 3368 1239 3436 συνεργῆσαι,
1298 3361 1482 3418 δοῦναί
1538 3385 1596 3418 τε
1651 3363 1833 3425 αὐτοῖς

176 3442 271 3496 τὸν
333 3444 451 3497 υἱὸν
514 3445 699 3515 αὐτοῦ,
761 3449 834 3510 ὡς
895 3452 955 3504 ἂν
1013 3450 1172 3505 αὐτὸν
1211 3452 1462 3527 βασιλέα
1493 3451 1834 3529 Βουλγαρίας

179 3531 562 3606 ἀνακηρύξωσι
613 3536 703 3589 καὶ
750 3545 851 3607 τῆς
907 3537 964 3594 ἐκ
1019 3544 1128 3595 τῶν
1184 3543 1474 3615 Ῥωμαίων
1533 3541 1829 3617 ἐλευθερω-

176 3627 316 3685 θεῖεν
370 3620 820 3688 καταδυναστείας
869 3627 955 3682 καὶ
1005 3629 1330 3705 βαρύτητος.
1377 3632 1436 3688 Ὀ
1488 3629 1544 3686 δὲ
1582 3631 1831 3705 ἀσμένως

173 3710 438 3766 ὑπακούει
493 3713 693 3782 αὐτῶν,
749 3716 1094 3790 τριακοσίους
1137 3740 1196 3774 τε
1239 3724 1346 3774 τῶν
1377 3720 1567 3775 ἑαυτοῦ
1626 3720 1830 3776 ἀπολεο

171 3799 409 3871 ξάμενος
466 3802 554 3856 καὶ
609 3808 688 3876 τῷ
741 3804 928 3878 οἰκείῳ
987 3808 1088 3877 υἱῷ
1148 3809 1539 3883 Κωνσταντίνῳ
1603 3815 1680 3883 τῷ
1740 3810 1830 3865 καὶ

172 3886 395 3962 Βοδίνῳ
444 3890 841 3967 ὀνομαζομένῳ
895 3893 1174 3971 παραδοὺς
1204 3897 1282 3960 εἷς
1338 3897 1682 3975 Βουλγαρίαν
1744 3899 1830 3971 ἰξ-

172 3977 544 4038 αποστέλλει.
605 3982 836 4053 Ἐξεισιν
897 3984 988 4039 οὗν
1051 3985 1126 4048 εἰς
1182 3988 1250 4042 τὰ
1306 3985 1646 4063 Πρισδίανα,
1706 3986 1830 4054 ἔνθα

171 4069 644 4142 συναθροισθέντες
676 4073 728 4126 οἱ
762 4071 816 4128 έν
846 4080 960 4136 τοῖς
1009 4075 1268 4139 Σκοπίοις
1326 4077 1679 4154 προέχοντες,
1745 4083 1828 4142 οἷς

173 4156 412 4233 ἔξαρχος
439 4159 506 4227 ἦν
540 4162 806 4238 Γεώργιος
837 4164 864 4217 6
905 4165 1198 4241 Βοϊτάχος,
1236 4171 1332 4222 τοῦ
1361 4172 1470 4222 τῶν
1520 4170 1826 4243 Κομχάνων

169 4247 362 4320 γένους
446 4234 818 4326 καταγόμενος
851 4295 865 4321 ,
949 4234 1175 4329 βασιλέα
1260 4234 1610 4333 Βουλγάρων.
1646 4234 1825 4314 ἀὐτὸν

171 4335 521 4411 ἀνεκήρυξαν,
595 4341 794 4415 Πέτρον
868 4341 981 4397 ἀντὶ
1039 4346 1448 4400 Κωνσταντίνου
1519 4350 1827 4421 μετονομά-

173 4446 406 4488 σαντες.
463 4429 634 4502 ’Ὸπερ
687 4429 924 4493 ἀκούσας
972 4433 1000 4487 6
1058 4432 1109 4488 ἐν
1158 4433 1417 4497 Σκοπίοις
1478 4433 1676 4491 διέπων
1725 4439 1823 4507 τὴν

172 4515 354 4588 ἀρχήν
417 4521 514 4570 τοῦ
563 4515 756 4580 δουκὸς
813 4521 1126 4599 Νικηφόρος
1181 4524 1208 4577 6
1269 4528 1642 4599 Καραντηνὸς,
1699 4528 1826 4592 τοὺς

1870 1885 1918 1949 Β

1863 3253 1906 3320 C

1945 600 2112 655 dssto
2141 603 2199 654 et
2230 599 2632 670 monopolium
2664 597 2947 661 instituit,
2980 593 3299 667 prohibens
3329 595 3386 646 et
3435 606 3597 646 coer-

1946 704 2085 744 cens
2143 703 2349 744 omnes
2405 687 2754 754 vendentes;
2833 684 3149 754 solumque
3222 677 3596 752 imperatoris

1945 777 2136 832 forum
2193 775 2397 832 venale
2455 775 2825 831 machinatus
2877 777 2987 829 est.
3032 773 3115 827 Ex
3163 786 3278 842 quo
3329 767 3597 824 maximas

1947 867 2116 921 famis
2160 871 2364 920 auctor
2412 865 2540 932 fuit,
2593 869 2650 918 et
2698 878 2950 933 quarum
3005 875 3264 931 unquam
3318 856 3598 912 memine-

1945 955 2064 1010 rint
2094 955 2361 1011 homines
2393 952 2831 1018 crudelissimae,
2867 950 2950 1006 ita
2982 954 3046 1004 ut
3094 948 3230 1003 inde
3279 946 3601 1018 imperator

1945 1048 2400 1116 cognomentum
2458 1041 2764 1108 invenerit,
2819 1057 2852 1096 a
2906 1055 3022 1110 quo
3083 1035 3274 1108 magis
3333 1049 3512 1106 quam
3563 1049 3599 1089 a

1947 1134 2238 1204 majorum
2270 1149 2510 1189 suorum
2554 1130 2790 1186 nomine
2840 1128 3090 1200 posteris
3138 1130 3226 1182 est
3273 1122 3593 1196 cognitus:

1946 1240 2078 1278 nam
2111 1224 2160 1278 si
2191 1224 2327 1294 quis
2359 1223 2516 1277 dicat
2547 1219 2818 1287 Michael,
2851 1234 3042 1290 neque
3073 1216 3251 1271 addat
3283 1213 3595 1284 Parapina-

1943 1313 2088 1378 cius,
2125 1313 2280 1368 haud
2315 1313 2515 1368 statim
2548 1309 2944 1382 cognoscitur,
2978 1323 3044 1362 eo
3080 1306 3235 1378 quod
3267 1311 3410 1358 tunc
3459 1318 3589 1356 mo-

1945 1402 2078 1458 dius
2112 1402 2467 1457 numismate
2507 1401 2879 1468 venderetur,
2930 1396 3032 1453 sed
3085 1392 3314 1466 pinacio
3368 1390 3589 1460 minus,

1943 1492 2041 1563 qui
2077 1491 2356 1571 medimni
2387 1491 2687 1562 quadrans
2715 1493 2822 1544 est.

2016 1672 2212 1728 Primo
2269 1675 2465 1728 autem
2515 1668 2745 1740 imperii
2799 1665 2988 1738 ipsius
3048 1678 3224 1728 anno,
3272 1658 3595 1715 indictione

1947 1761 2276 1818 undecima.
2310 1761 2620 1816 Servorum
2654 1773 2820 1829 gens,
2852 1771 3000 1826 quos
3042 1752 3216 1809 etiam
3267 1748 3589 1805 Chrobatas

1947 1856 2179 1918 vocant,
2210 1851 2352 1906 exiit
2382 1854 2445 1905 ut
2475 1846 2806 1919 Bulgariam
2841 1845 2898 1900 in
2930 1843 3273 1899 servitutem
3311 1839 3456 1895 715
3503 1854 3594 1892 re-

1947 1940 2188 1996 dactura
2251 1958 2263 1995 :
2323 1938 2615 2011 quomodo
2663 1952 2821 2002 vero,
2888 1933 3066 1988 altius
3132 1931 3258 2000 ipse
3323 1932 3592 1998 repetens

1946 2031 2252 2085 enarrabo.
2285 2033 2430 2083 Nam
2464 2043 2599 2082 cum
2632 2023 2894 2080 Basilius
2939 2021 3274 2090 imperator,
3325 2033 3391 2071 eo
3440 2020 3590 2070 tem-

1947 2135 2084 2190 pore
2114 2136 2225 2191 quo
2256 2116 2590 2189 Bulgariam
2624 2113 2876 2184 subegit,
2930 2109 3107 2165 nollet
3153 2104 3373 2177 aliquid
3422 2103 3589 2158 inno-

1945 2225 2076 2264 vare
2126 2225 2325 2264 eorum
2379 2224 2504 2278 quis
2555 2204 2664 2276 ipsi
2700 2203 2914 2258 usitata
2945 2202 3132 2266 erant,
3162 2211 3362 2250 verum
3396 2193 3589 2265 prazli-

1946 2298 2131 2354 uisset
2181 2304 2247 2352 ut
2304 2315 2333 2352 a
2385 2294 2510 2351 suis
2568 2291 2934 2366 principibus
2991 2290 3290 2360 regeretur
3345 2282 3589 2353 suisque

1945 2391 2207 2446 moribus
2239 2389 2496 2460 degeret,
2529 2381 3025 2457 quemadmodum
3076 2379 3214 2433 item
3264 2376 3591 2448 imperante

1941 2478 2230 2545 Samuele,
2264 2477 2361 2549 qui
2395 2477 2514 2531 dux
2543 2475 2808 2546 ipsorum
2857 2470 3082 2525 fuit.....
3125 2469 3251 2540 jam
3302 2464 3482 2537 igitur
3530 2465 3586 2516 et

1947 2568 2108 2642 prius
2139 2569 2292 2622 natio
2326 2565 2667 2638 perturbata
2697 2562 2905 2625 fuerat,
2937 2557 3091 2630 quod
3127 2572 3239 2611 non
3271 2554 3450 2608 ferret
3496 2567 3590 2606 or-

1947 2657 2337 2731 phanotrophi
2382 2654 2706 2720 avaritiam,
2759 2650 2996 2724 quando
3044 2646 3361 2702 Doleanum
3413 2657 3588 2731 suum

1945 2730 2138 2820 regem
2199 2747 2595 2810 declararunt,
2649 2758 2776 2813 quae
2824 2737 3128 2810 sigillatim
3178 2732 3452 2804 superius
3500 2730 3592 2784 de-

1947 2841 2272 2892 monstrata
2298 2839 2455 2890 sunt.
2490 2834 2560 2888 Et
2604 2847 2760 2887 nunc
2809 2844 3041 2901 quoque
3088 2826 3156 2880 ad
3210 2820 3586 2878 rebellionem

1945 2928 2234 2998 spectavit
2258 2943 2270 2982 :
2292 2941 2479 2996 neque
2502 2923 2657 2979 enim
2682 2921 2903 2977 ferebat
2924 2914 3233 2988 Nicephori
3257 2909 3586 2998 avaritiam,

1945 3021 2144 3086 etquae
2167 3020 2368 3070 contra
2389 3029 2593 3069 omnes
2635 3012 2760 3082 ipse
2800 3007 3171 3062 machinatus
3215 3002 3410 3067 fuerit,
3440 2997 3586 3053 nihil

1946 3111 2189 3161 curante
2220 3102 2698 3175 imperatore,sed
2731 3099 2873 3154 solis
2906 3094 3229 3168 puerilibus
3250 3090 3407 3146 ludis
3428 3104 3590 3144 occu-

1947 3199 2100 3265 pato.
2137 3192 2413 3265 Bulgaria:
2447 3191 2738 3263 principes
2769 3183 3112 3243 Michaelem
3165 3197 3336 3236 suum
3390 3176 3588 3249 praefe-

1947 3291 2104 3341 ctum
2140 3289 2346 3352 petunt
2376 3281 2488 3338 sibi
2520 3297 2687 3354 Opem
2719 3281 2866 3335 ferre
2905 3281 2962 3332 et
3007 3271 3306 3347 epitulari,
3358 3269 3590 3339 sibique

1942 3376 2171 3430 tradere
2202 3374 2486 3442 filium,ut
2514 3372 2710 3443 ipsum
2734 3366 3021 3439 Bulgaria
3053 3378 3241 3433 regem
3273 3357 3591 3426 declarent,

1943 3470 1999 3520 et
2029 3482 2061 3520 a
2093 3465 2486 3519 Romanorum
2520 3460 2766 3532 imperio
2797 3464 2853 3512 et
2883 3452 3226 3511 crudelitate
3251 3466 3382 3505 eum
3407 3446 3593 3502 vindi-

1944 3559 2095 3608 cent.
2133 3552 2232 3609 Ills
2264 3559 2456 3607 autem
2485 3550 2738 3604 libenter
2768 3545 2914 3618 ipsis
2943 3538 3404 3612 obtemperabat,
3435 3535 3592 3591 dele-

1944 3647 2173 3714 ctisque
2204 3657 2233 3697 e
2265 3641 2390 3697 suis
2421 3637 2716 3702 trecentis,
2759 3641 2817 3691 et
2866 3651 2970 3690 suo
3017 3631 3136 3686 ﬁlio
3185 3626 3588 3696 Constantino,

1943 3732 2035 3786 cui
2071 3731 2288 3786 Bodino
2319 3744 2644 3799 cognomen
2675 3731 2818 3792 erat,
2851 3723 3103 3787 traditis,
3148 3719 3207 3773 in
3249 3715 3582 3788 Bulgariam

1942 3835 2075 3875 eum
2110 3819 2310 3873 mittit.
2362 3817 2489 3872 Exit
2534 3815 2715 3887 igitur
2762 3813 2832 3868 ad
2882 3809 3210 3885 Prisdiana,
3252 3805 3348 3860 ubi
3402 3801 3584 3858 coacti

1942 3924 2207 3980 proceres
2230 3906 2412 3979 quiin
2434 3904 2657 3976 Scopiis
2688 3904 3131 3972 erant,quorum
3164 3894 3436 3967 princeps
3467 3894 3591 3945 erat

1942 3997 2224 4068 Georgius
2247 3995 2582 4062 Boitachus,
2607 4011 2641 4049 a
2665 3989 3013 4048 Comchanis
3035 3986 3319 4058 originem
3343 3984 3588 4048 ducens,

1942 4087 2324 4154 Bulgarorum
2353 4101 2546 4157 regem
2572 4084 2767 4155 ipsum
2793 4078 3185 4142 declararunt,
3217 4074 3446 4129 Petrum
3482 4085 3587 4142 pro

1940 4175 2325 4232 Constantino
2349 4179 2572 4228 mutato
2597 4170 2834 4228 nomine
2855 4162 3315 4229 vocantes.Quod
3348 4160 3586 4232 quidem

1938 4266 2183 4321 audiens
2213 4266 2266 4320 is
2296 4263 2396 4336 qui
2427 4262 2648 4334 Scopiis
2677 4260 2844 4316 ducis
2875 4254 3184 4328 imperium
3217 4248 3591 4307 administra-

1938 4355 2056 4424 bat,
2113 4356 2478 4427 Nieepborus
2536 4357 2922 4416 Carantenus,
2970 4363 3105 4403 cum
3155 4345 3279 4400 suis
3333 4340 3588 4396 ducibus

1937 4462 2083 4516 quos
2115 4445 2383 4510 habebat,
2413 4445 2484 4498 ad
2519 4442 2823 4498 Prisdiana
2870 4437 3019 4494 716
3069 4451 3131 4491 se
3177 4433 3402 4489 confert
3450 4446 3585 4486 cum

1940 4534 2262 4606 Bulgaricis
2293 4536 2498 4604 copiis.
2534 4537 2760 4588 Interea
2789 4545 2920 4584 vero
2953 4529 3094 4582 dum
3128 4524 3222 4578 hic
3253 4523 3325 4578 ad
3364 4520 3587 4576 bellum

176 4605 267 4680 ὑφ’
327 4604 490 4696 αὐτὸν
568 4609 902 4685 στρατηγοὺς
973 4607 1306 4681 παραλαϐὼν
1366 4611 1575 4669 ἄπεισιν
1632 4616 1707 4678 εἷς
1763 4618 1829 4672 τά

1944 4640 1999 4679 se
2047 4625 2448 4696 comparabat,
2499 4620 2836 4694 supervenit
2879 4631 3184 4674 successor
3233 4612 3423 4685 ipsius
3479 4613 3585 4666 Da-

175 4690 479 4766 ΙῘρισδίανα
547 4698 682 4769 μετά
749 4703 856 4753 τῶν
930 4697 1314 4777 Βουλγαρικῶν
1377 4700 1676 4778 δυνάμεων.
1741 4707 1826 4763 Ἐν

172 4782 291 4855 ὅσῳ
349 4781 410 4869 δέ
461 4783 618 4846 οὗτος
668 4787 733 4841 τὰ
780 4790 915 4859 πρὸς
961 4789 1050 4843 τὸν
1097 4789 1342 4863 πόλεμον
1385 4791 1658 4869 ἑξήρτυεν,
1719 4795 1831 4850 ἐπι-

168 4866 441 4928 κατέλαϐε
499 4869 758 4949 διάδοχος
816 4876 980 4932 αὐτοῦ
1042 4881 1312 4952 Δαμιανὸς
1362 4883 1390 4936 6
1457 4866 1825 4956 Δαλασσηνός.

170 4962 428 5026 Ἑνωθεὲς
481 4964 660 5018 τοίνυν
720 4967 856 5037 μετά
916 4971 1014 5022 τοῦ
1091 4975 1430 5046 Καραντηνοῦ
1465 5016 1478 5040 ,
1537 4973 1724 5030 πολλά
1773 4997 1825 5032 τι

165 5054 520 5126 κερτομήσας
577 5053 758 5122 αὐτὸν,
807 5055 895 5109 καὶ
940 5055 994 5121 ἐς
1040 5055 1262 5114 ἕκαστον
1317 5058 1373 5115 δὲ
1418 5067 1526 5117 τῶν
1555 5062 1646 5118 σὺν
1680 5064 1828 5138 αὐτῷ

172 5145 492 5215 στρατηγῶν
552 5141 962 5218 ἑμπαροινήσας
1023 5147 1124 5202 οὐκ
1181 5147 1343 5222 ὀλίγα
1397 5151 1486 5204 καὶ
1541 5153 1614 5214 ὡς
1667 5153 1825 5208 ἀνάν-

174 5227 337 5304 δρους
394 5232 732 5305 μυκτηρίσας
792 5232 984 5296 αὐτοὺς
1018 5277 1032 5303 ,
1084 5237 1470 5310 συνταξάμενος
1518 5237 1825 5314 συμϐάλλει

171 5325 287 5380 τοῖς
335 5315 566 5392 Σέρϐοις
625 5321 841 5394 εὐθέως,
901 5325 999 5377 Καὶ
1057 5325 1259 5398 γίνεται
1295 5329 1678 5408 μάχηφρικτή
1736 5335 1825 5388 καὶ

167 5409 352 5484 τροΚή
409 5413 516 5464 τῶν
578 5410 862 5484 Ῥωμαίων
924 5411 1345 5491 φριιιιωδεστέρα⁸
1404 5416 1661 5476 πίπτουσι
1720 5424 1824 5500 γὰρ

1940 4713 2170 4769 mianus
2202 4713 2588 4779 Dalassenus;
2621 4709 2883 4782 quicum
2935 4723 3001 4762 eo
3051 4705 3400 4776 conjunctus
3447 4717 3582 4757 cum

1938 4802 2142 4858 multis
2163 4818 2297 4858 eum
2323 4801 2602 4856 conviciis
2632 4798 2927 4854 affecisset
2945 4799 3002 4849 et
3022 4794 3180 4849 haud
3212 4790 3584 4846 mediocriter

1937 4894 1992 4948 in
2027 4896 2156 4965 ejus
2185 4893 2402 4948 milites
2434 4889 2829 4946 debacchatus
2862 4886 3088 4950 fuisset,
3129 4887 3411 4953 tanquam
3471 4879 3584 4934 im-

1940 4983 2118 5039 belles
2139 4999 2239 5038 eos
2260 4980 2826 5044 irridens,instructa
2846 4976 2968 5032 acie
2988 4991 3124 5032 cum
3154 4970 3348 5028 Servis
3379 4968 3582 5025 statim

1938 5072 2206 5143 praelium
2239 5069 2576 5127 committit.
2613 5068 2816 5138 Fitque
2843 5063 3165 5133 {horribilis
3215 5077 3430 5133 pugna,
3483 5059 3581 5115 sed

1939 5159 2125 5216 multo
2151 5157 2485 5215 horribilior
2505 5157 2904 5213 Romanorum
2927 5153 3155 5208 clades:
3179 5149 3396 5206 cadunt
3425 5146 3582 5203 enim

1938 5247 2106 5303 multi
2139 5265 2207 5304 ex
2234 5247 2510 5303 Romanis
2537 5249 2592 5302 et
2624 5243 2915 5315 Bulgaris,
2950 5247 3006 5296 et
3043 5239 3157 5293 vivi
3191 5236 3434 5311 plurimi
3482 5253 3582 5290 ca-

1937 5337 2266 5409 piuntur,in
2299 5336 2516 5408 quibus
2544 5335 2668 5406 ipse
2699 5347 2932 5405 quoque
2963 5330 3081 5385 dux
3111 5328 3432 5384 Damianus
3474 5331 3581 5382 Da-

1933 5425 2230 5493 lassenus,
2264 5429 2320 5480 et
2349 5424 2448 5496 qui
2477 5424 2782 5479 dicebatur
2810 5420 3114 5488 Probatas,
3156 5422 3213 5474 et
3262 5418 3578 5491 Longihar-

1496 5537 1737 5598 JACOBI
1778 5541 1911 5599 GOA
1922 5543 1992 5599 ΠΙ
2031 5543 2259 5600 NOTAE.

165 5631 184 5679 ἑ
237 5628 351 5697 (35)
385 5626 623 5712 Mensam
655 5630 1142 5712 sive_ne_got_z:alefn
1193 5638 1589 5712 argentariam,
1641 5641 1816 5712 ofﬁci-

163 5716 292 5755 nam
337 5704 686 5773 usurart'am,
736 5702 808 5760 ab
867 5702 1026 5762 Italis
1066 5702 1308 5776 fundaco
1355 5705 1462 5762 ἀπὸ
1507 5702 1605 5764 τοῦ
1653 5702 1815 5786 006v-

1924 5638 2042 5710 δου,
2075 5660 2108 5697 a
2135 5643 2329 5715 fundo,
2362 5641 2418 5697 id
2449 5646 2557 5712 est,
2582 5659 2797 5715 summa
2823 5642 3170 5714 pecuniaria,
3203 5655 3341 5696 voce
3363 5638 3576 5696 Graecis

1926 5715 2359 5773 Jureeonsultis
2392 5718 2528 5772 nota
2556 5714 2792 5772 dictam.
