4060 6344
484 351 605 411 m
638 426 641 429 λ

1794 350 2121 415 JOANNIS
2179 351 2584 416 SCYLITZAL‘

3778 356 3905 417 448

484 480 738 555 dopulus
767 484 825 538 et
851 480 948 538 alii
983 481 1316 554 frequentes
1357 498 1491 538 cum
1545 480 1711 554 ipsis.
1766 483 1944 555 Capta
1991 486 2132 540 sunt

2252 482 2447 540 πολλοὶ
2504 484 2562 541 ἔκ
2614 507 2674 541 τε
2702 482 2988 561 Ῥωμαίων
3020 485 3109 542 καὶ
3156 482 3510 563 Βουλγάρων,
3561 490 3895 563 ζωγροῦνται

482 573 619 627 item
680 570 880 626 omnia
923 576 1136 637 castra,
1186 576 1243 626 et
1286 572 1487 627 omnia
1534 589 1665 644 quae
1704 572 1763 629 in
1796 573 1941 645 ipsis
1971 576 2140 629 erant

484 661 906 734 direpta.innc
946 666 1141 731 aperte
1175 661 1404 733 Bulgari
1454 662 1745 717 Bodinum
1794 680 1987 735 regem
2037 663 2137 718 de-

485 750 735 820 clarant,
792 754 855 804 ut
899 750 1121 804 dictum
1177 754 1284 821 est,
1338 756 1565 807 mutato
1615 753 1854 808 nomine
1902 753 2137 807 Petrum

490 839 875 911 appellantes.
907 840 976 894 Et
1005 839 1061 893 in
1097 840 1245 896 duas
1278 846 1473 913 partes
1504 841 1697 913 divisi,
1728 842 1828 899 alii
1861 860 1993 899 cum
2026 843 2137 899 Bo-

487 928 623 984 dino
652 929 721 982 ad
756 927 960 983 Nisum
993 945 1055 984 se
1084 929 1400 988 contulere.
1454 930 1551 985 alii
1602 931 1879 987 Petrilum
1930 949 2136 1003 quem-

487 1017 645 1084 dam,
700 1018 794 1073 cui
830 1018 1028 1089 primae
1060 1020 1212 1089 apud
1250 1020 1533 1074 Bodinum
1569 1027 1764 1092 partes
1796 1021 2136 1078 defereban-

487 1108 603 1170 tur,
666 1104 853 1160 seculi
914 1105 1195 1159 adversus
1256 1106 1573 1173 Romanos,
1620 1108 1721 1179 qui
1770 1109 1827 1163 in
1879 1109 2138 1163 Castoria

485 1198 672 1264 erant,
701 1194 942 1265 profecti
974 1199 1114 1249 sunt
1147 1211 1158 1250 :
1193 1194 1313 1251 illic
1343 1197 1498 1252 enim
1534 1216 1701 1254 muro
1756 1200 2135 1254 muniendam

491 1283 696 1337 urbem
744 1286 1113 1347 curaverant,
1164 1282 1444 1341 Romanis
1492 1288 1770 1357 faventes,
1820 1291 1883 1342 ut
1914 1288 2135 1342 dictum

489 1377 597 1442 est,
630 1376 687 1427 et
717 1374 993 1429 Achridis
1019 1380 1223 1446 praeter
1251 1376 1545 1431 Marianus
1574 1383 1631 1433 et
1671 1378 1952 1449 patricius
2001 1378 2136 1433 Dia-

490 1461 689 1517 boleos
718 1468 775 1517 et
800 1464 1111 1534 proconsul
1148 1464 1555 1537 Theognostus
1586 1468 1846 1533 Burtzes,
1901 1472 1957 1522 et
2004 1484 2136 1523 cum

495 1550 624 1620 ipso
656 1550 932 1606 Castoriae
964 1554 1660 1624 prml‘ectus,quibuscum
1693 1557 1924 1612 Borises
1956 1552 2161 1612 David~

488 1644 546 1694 et
576 1639 675 1694 alii
707 1640 898 1709 multi,
932 1643 1029 1713 qui
1074 1644 1238 1698 veriti
1289 1643 1699 1715 indigenarum
1750 1646 2135 1719 Bulgarorum

488 1730 682 1787 minas
712 1732 769 1787 in
795 1732 1115 1788 Castoriam
1138 1739 1425 1806 tanquam
1448 1738 1520 1792 ad
1544 1737 1773 1810 asylum
1798 1738 2133 1810 confugere.

490 1829 635 1885 Cum
669 1830 849 1902 igitur
878 1830 1123 1887 Petrilus
1154 1834 1225 1888 ad
1259 1835 1578 1891 Castoriam
1612 1835 1970 1907 pervenisset
2000 1853 2131 1891 cum

488 1919 906 1977 innumerabili
954 1923 1341 1995 Bulgarorum
1389 1942 1591 1992 manu,
1644 1943 1774 1999 quae
1811 1928 1880 1981 ad
1912 1927 2131 1983 bellum

488 2010 849 2080 pertinerent
881 2014 1024 2067 711
1064 2014 1462 2085 comparabat.
1497 2016 1745 2071 Romani
1777 2034 1910 2073 vero
1957 2018 2130 2071 etiam

486 2099 601 2171 ipsi
652 2099 927 2155 instructi
962 2103 1243 2157 adversus
1274 2120 1537 2174 erupere,
1571 2111 1627 2160 et
1659 2106 1877 2176 ingenti
1910 2106 2130 2179 impetu

487 2206 623 2245 cum
656 2190 803 2259 ipsis
835 2191 1133 2263 congressi
1164 2192 1419 2247 fundunt
1450 2194 1814 2265 Petrilum,et
1842 2196 1900 2251 in
1935 2198 2133 2270 fugam

484 2278 815 2348 conjectum
845 2283 1063 2351 cogunt
1092 2296 1194 2350 per
1223 2280 1408 2337 invios
1458 2291 1684 2339 montes
1726 2286 1795 2339 ad
1831 2303 2004 2343 suum
2040 2290 2135 2343 do-

494 2366 722 2421 minum
756 2366 1099 2423 Michaelem
1136 2370 1454 2439 pervenire,
1488 2376 1543 2427 et
1573 2373 1957 2446 Bulgarorum
2002 2378 2134 2449 plu-

488 2456 674 2510 rimos
708 2456 1369 2531 ocoidunt,capiuntque
1402 2477 1533 2517 eum
1569 2463 1667 2535 qui
1704 2470 1833 2535 post
1856 2467 2134 2522 Petrilum

492 2544 552 2599 in
568 2543 875 2600 Cbrobatis
890 2548 1215 2602 secundum
1234 2550 1497 2605 ordinem
1514 2553 1848 2621 ducebat,et
1864 2557 1934 2611 ad
1951 2556 2135 2627 impe-

493 2637 747 2689 ratorem
783 2635 1044 2690 vinctum
1080 2638 1431 2707 perducunt.
1465 2642 1725 2697 Bodinus
1756 2650 1952 2700 autem
2004 2662 2135 2701 cum

493 2723 565 2777 ad
596 2723 800 2778 Nisum
839 2727 1216 2795 pervenisset,
1250 2733 1311 2782 ut
1329 2728 1457 2799 jam
1491 2731 1901 2801 imperatorem
1932 2751 1965 2788 a
1998 2734 2139 2789 Bul-

493 2811 692 2882 garica
722 2811 1020 2882 provincia
1054 2822 1361 2881 coerceret,
1396 2818 1593 2873 omnia
1624 2820 1792 2875 obvia
1838 2824 2137 2893 praedaba-

494 2902 612 2968 tur,
646 2914 744 2954 eos
776 2916 810 2954 a
841 2902 1055 2971 quibus
1090 2919 1201 2957 non
1231 2903 1594 2975 exciperetur
1649 2908 1869 2980 quique
1902 2926 2140 2966 recusa-

494 2993 625 3042 rent
648 2988 774 3058 ejus
806 2988 1365 3062 imperium,vexans
1394 3000 1450 3049 et
1481 2996 1970 3063 oﬂ'endens.Quod
2002 3017 2136 3056 eum

494 3076 759 3134 audisset
789 3079 1128 3150 imperator,
1158 3081 1384 3137 cladem
1416 3084 1683 3141 videlicet
1713 3087 1881 3143 ducis
1910 3094 1966 3144 et
2012 3092 2140 3159 ejus

493 3166 965 3238 declarationem,
1016 3172 1342 3227 Saronitem
1404 3173 1685 3230 adversus
1742 3194 1874 3233 eum
1938 3180 2137 3247 mittit,

491 3270 805 3337 antequam
872 3268 1095 3323 malum
1166 3272 1578 3327 accenderetur
1633 3278 1690 3329 et
1746 3275 1805 3329 in
1863 3294 2134 3348 magnam

494 3353 794 3410 flammam
845 3358 1133 3427 evaderet,
1168 3360 1541 3429 exstinguere
1571 3363 1887 3427 festinans:
1919 3376 1971 3421 el
2004 3384 2135 3422 cum

495 3441 624 3513 ipso
655 3443 932 3499 idoneum
967 3460 1199 3516 quoque
1233 3447 1395 3502 misit
1422 3449 1840 3521 exercitum,ex
1874 3453 2141 3510 Macedo-

500 3530 678 3585 nibus
709 3537 766 3587 et
796 3533 1073 3590 Romanis
1102 3534 1456 3609 Francisque
1483 3544 1773 3595 coactum.
1803 3542 2018 3599 Verum
2046 3544 2140 3599 hic

497 3619 568 3674 ad
602 3619 945 3692 Scopiorum
981 3623 1183 3679 urbem
1218 3626 1533 3697 profectus,
1555 3629 1775 3686 nullam
1803 3648 2005 3688 eorum
2040 3635 2139 3706 qui

494 3708 619 3764 Nisi
652 3719 816 3765 erant
845 3712 1127 3768 rationem
1161 3713 1432 3772 habebat.
1490 3718 1786 3775 Proiectus
1835 3721 2034 3793 igitur,
2086 3729 2144 3779 et

494 3797 741 3873 Georgio
773 3801 1069 3870 Boitacho,
1111 3804 1207 3858 cui
1258 3807 1396 3861 urbs
1445 3808 1764 3865 commissa
1810 3816 1954 3878 erat,
2006 3813 2139 3867 data

499 3889 609 3945 (ide
662 3890 807 3945 nihil
854 3908 986 3947 eum
1030 3893 1364 3950 detrimenti
1410 3913 1750 3969 passurum,
1798 3901 2141 3973 Scopiorum

499 3979 703 4035 urbem
734 3986 1052 4054 expugnat,
1085 3982 1286 4054 ibique
1318 3990 1512 4041 castra
1540 3986 1714 4056 locat,
1764 3994 1820 4044 et
1869 3992 2007 4061 quid
2061 3990 2143 4047 fa-

498 4069 772 4124 ciendum
807 4071 878 4124 de
908 4070 981 4125 iis
1010 4072 1105 4140 qui
1138 4072 1263 4127 Nisi
1296 4080 1463 4128 erant
1493 4077 1862 4132 consultabat
1908 4097 1974 4134 ac
2022 4098 2143 4137 me-

501 4158 1041 4215 ditabatur.Verum
1074 4161 1411 4228 Boitachus,
1439 4181 1611 4234 quem
1639 4167 1761 4235 jam
1795 4169 2147 4237 pmnituerat

500 4252 621 4301 tam
650 4246 746 4302 diu
778 4247 997 4303 bonum
1028 4248 1204 4305 fuisse
1234 4256 1289 4305 et
1340 4252 1631 4309 Romanos
1679 4262 1944 4313 secutum
1994 4276 2144 4328 esse,

503 4344 654 4400 clam
684 4344 757 4399 iis
789 4346 890 4417 qui
926 4346 1055 4400 Nisi
1088 4347 1377 4418 degebant
1399 4348 1678 4406 indicavit
1698 4358 1762 4409 ut
1784 4355 1854 4409 ad
1879 4373 1941 4412 se
1971 4374 2144 4428 quam

506 4433 807 4489 celerrime
859 4434 1145 4503 venirent,
1196 4441 1252 4490 et
1295 4452 1393 4491 eos
1444 4438 1541 4509 qui
1596 4441 1744 4497 718
1793 4459 1927 4499 cum
1976 4447 2144 4502 Saro-

503 4522 624 4577 nite
649 4528 817 4578 erant
840 4522 1111 4596 ignavius
1142 4526 1414 4597 degentes
1446 4544 1511 4583 ac
1541 4532 1801 4604 segnius,
1851 4534 1979 4592 sine
2025 4537 2148 4593 ulla

2250 570 2305 628 δὲ
2335 573 2585 630 πλεῖστοι
2615 576 2704 631 καὶ
2755 576 2913 639 αὐτὸς
2960 578 2988 631 6
3030 574 3157 647 δοὺξ
3190 577 3462 650 Δαμιανὸς
3494 578 3522 630 6
3555 575 3905 647 Δαλασσηνὸς

2248 661 2278 717 6'
2323 684 2380 718 τε
2432 663 2726 740 λεγόμεςος
2774 661 3054 738 Προϐατᾶς
3118 665 3205 720 καὶ
3257 667 3284 721 6
3347 660 3904 741 Αογγιϐαρόόπουλος

2247 753 2332 807 καὶ
2375 750 2553 829 ἕτεροι
2613 756 2810 829 συχνοὶ
2871 754 2962 809 σὺν
3023 755 3228 817 αὐτοῖς.
3294 755 3536 832 Ἐλήφθη
3599 752 3657 810 δὲ
3713 754 3805 809 καὶ
3865 758 3900 825 ἡ

2246 847 2574 925 παρεμϐολή
2638 853 2838 920 ἁπασα,
2883 854 2971 907 καὶ
3016 859 3122 909 τῶν
3172 853 3221 908 ἐν
3267 853 3402 927 αὐτῇ
3430 855 3643 908 πάντων
3678 851 3904 908 διασχό-

2248 938 2428 1002 λευσις
2478 942 2705 1015 γίνεται.
2760 944 3030 1006 Ἐντεῦθεν
3086 941 3308 1013 ἀναίδην
3361 944 3412 997 οἱ
3461 941 3769 1018 Βούλγαροι
3809 943 3905 998 τὸν

2249 1025 2471 1087 Βοδίνον
2532 1030 2758 1106 βασιλέα
2814 1031 3252 1108 ἀναγορεύουσιν,
3301 1033 3374 1093 ὡς
3409 1030 3641 1107 εἷ’ρηται,
3697 1031 3902 1108 Πέτρον

2251 1120 2736 1192 μετονομάσαντες,
2796 1128 2937 1196 Διχῆ
2996 1141 3054 1175 τε
3108 1119 3460 1194 διαιρεθέντες
3510 1122 3561 1175 oi
3612 1121 3706 1193 μὶν
3766 1123 3907 1193 μετά

2244 1213 2341 1262 τοῦ
2373 1206 2603 1265 Βοὸίνου
2666 1210 2740 1271 εἰς
2792 1211 2882 1264 τὸν
2944 1210 3102 1265 Νίσον
3136 1209 3401 1284 ἀπῄεσαν,
3458 1212 3509 1264 οἱ
3542 1207 3598 1264 δὲ
3630 1210 3903 1286 Πετρίλον

2245 1298 2366 1352 τινὰ
2412 1300 2477 1352 τὰ
2528 1304 2721 1371 πρῶτα
2780 1300 2926 1375 παρά
2976 1304 3055 1372 τῷ
3100 1297 3312 1372 Βοδίνῳ
3359 1301 3591 1377 φὲροντα
3646 1300 3902 1374 παραλα-

2247 1382 2431 1450 ϐόντες
2492 1389 2629 1443 κατὰ
2680 1392 2787 1443 τῶν
2850 1388 2902 1443 ἂν
2968 1389 3235 1464 Καστορίᾳ
3289 1389 3578 1461 Ῥωμαίων
3638 1389 3899 1444 ἀπίασιν⁹

2248 1477 2418 1534 ἆκεῖσε
2467 1480 2566 1554 γὰρ
2591 1477 3010 1555 διατετειχίσθαι
3066 1483 3167 1550 τὴν
3216 1480 3378 1536 πόλιν
3412 1483 3467 1534 οἱ
3501 1482 3565 1535 τὰ
3610 1480 3900 1553 Ῥωμαίων

2248 1572 2592 1644 φρονοῦντες,
2653 1570 2729 1631 ὡς
2785 1567 3017 1642 εἵρηται,
3078 1568 3107 1624 6'
3159 1592 3215 1625 τε
3269 1568 3662 1646 τῆςἈχρίδος
3701 1590 3904 1645 στρατ-

2246 1658 2378 1733 ηγὸς
2438 1659 2714 1733 Μαριανὸς
2752 1658 2840 1713 καὶ
2874 1661 2902 1714 6
2931 1667 3031 1729 τῆς
3062 1654 3372 1721 Διαϐόλεως
3424 1661 3452 1714 6
3483 1659 3773 1735 πατρίκιος
3804 1659 3901 1713 καὶ

2248 1746 2550 1810 ἀνθύπατος
2594 1748 2936 1823 Θεόγνωστος
2985 1748 3013 1802 6
3064 1747 3365 1822 Βούρτζης,
3399 1747 3491 1802 σὺν
3520 1748 3672 1819 αὐτῷ
3702 1745 3763 1802 δὲ
3809 1747 3905 1802 καὶ

2249 1836 2356 1892 ὁὲν
2413 1838 2679 1911 Καστορίᾳ
2727 1843 3065 1913 στρατηγῶν.
3118 1839 3253 1902 Μεθ’
3308 1838 3381 1892 ὧν
3441 1839 3529 1892 καὶ
3588 1838 3616 1892 6
3658 1836 3905 1911 Βορίσης

2246 1922 2410 1981 Δαϐὶδ
2457 1927 2547 1981 καὶ
2598 1924 2759 1982 ἄλλοι
2792 1926 3017 1996 πολλοὶ,
3053 1925 3250 1991 οἷ’τινες
3304 1923 3540 1990 δεδιότες
3566 1927 3667 1996 τὴν
3698 1924 3759 1980 ἐκ
3786 1930 3903 1980 τῶν

2246 2015 2505 2089 ίθαγενῶν
2566 2014 2897 2091 Βουλγάρων
2956 2014 3188 2084 ἀπειλὴν
3244 2016 3318 2079 ὡς
3373 2015 3451 2078 είς
3510 2016 3901 2091 κρησφύγετον

2241 2107 2340 2173 τὴν
2374 2105 2671 2178 Καστορίαν
2720 2106 3031 2183 συνέφυγον.
3082 2099 3412 2160 Καταλαϐὼν
3474 2105 3564 2159 οὗν
3620 2106 3649 2160 ὁ
3706 2103 3908 2178 ΙΙετρίο

2247 2196 2344 2256 λος
2400 2196 2498 2263 τήν
2545 2195 2846 2268 Καστορίαν
2891 2194 3025 2267 μετά
3063 2192 3315 2265 πλήθους
3376 2193 3699 2270 Βουλγάρων
3752 2194 3903 2266 ἀμυ-

2247 2287 2415 2355 θήτου
2472 2284 2539 2338 τά
2584 2284 2720 2359 πρὸς
2752 2285 2844 2338 τὸν
2892 2284 3139 2356 πόλεμον
3194 2286 3275 2356 [Ρ.
3303 2285 3430 2357 852]
3460 2285 3902 2352 συνεσκευάζετο.

2245 2384 2312 2441 Οἳ
2372 2380 2430 2437 δὲ
2485 2384 2747 2455 Ῥωμαῖοι
2805 2384 2892 2437 καὶ
2948 2383 2997 2436 οἱ
3057 2382 3441 2455 συνταξάμενοι
3492 2379 3717 2453 ἰξῇλθον
3779 2382 3907 2435 κατ’

2247 2473 2449 2537 αὐτῶν,
2498 2472 2586 2526 καὶ
2624 2472 2758 2545 μετά
2789 2471 2969 2549 ῥύμης
3026 2468 3259 2549 σφοδρᾶς
3290 2466 3660 2543 συμϐαλόντες
3709 2470 3905 2533 αὐτοῖς

2244 2564 2499 2637 τρέπουσι
2557 2562 2650 2615 τὸν
2712 2559 3008 2637 Πετρίλον,
3057 2560 3148 2615 καὶ
3195 2566 3379 2638 φυγεῖν
3439 2560 3905 2635 καταναγκάζουσι

2248 2650 2317 2707 δι’
2400 2651 2568 2724 ὁρέων
2645 2646 2857 2705 ἀϐάτων
2939 2650 3074 2725 πρὸς
3149 2650 3244 2704 τὸν
3303 2651 3495 2704 ἑαυτοῦ
3561 2647 3748 2721 κόριον
3805 2649 3904 2703 τὸν

2247 2739 2543 2817 Μιχαηλᾶν
2600 2739 2949 2816 ἀφικόμενον.
3010 2736 3379 2796 Κτείννιυσιδέ
3436 2738 3526 2793 καὶ
3579 2743 3687 2793 τῶν
3717 2738 3904 2795 Βουλο

2247 2830 2428 2907 γάρων
2479 2828 2745 2892 πολλούς·
2779 2830 2991 2903 αἱροῦσι
3040 2827 3096 2884 δὲ
3123 2828 3213 2884 καὶ
3256 2830 3348 2883 τὸν
3403 2828 3536 2901 μετά
3589 2828 3680 2882 τὸν
3711 2826 3911 2903 [Iupi-

2249 2919 2345 2976 λον
2379 2919 2429 2974 ἐν
2462 2914 2767 2995 Χροϐἀτοις
2813 2918 3163 2994 τεταγμὲνον,
3211 2917 3301 2972 καὶ
3348 2918 3485 2992 πρὸς
3523 2916 3614 2972 τὸν
3669 2915 3908 2992 βασιλέα

2251 3008 2534 3083 δεσμώτην
2624 3010 2945 3083 ἀπάγουσιν.
3022 3009 3083 3065 Ὁ
3168 3005 3226 3062 δὲ
3306 3005 3526 3069 Βοδίνος
3584 3006 3674 3062 τὸν
3736 3006 3906 3061 Νίσον

2249 3094 2571 3155 καταλαϐὼν
2630 3098 2702 3159 ὡς
2737 3094 2844 3167 ἤδη
2896 3094 3152 3172 βασιλεὺς
3178 3101 3286 3152 τῶν
3338 3099 3724 3170 Βουλγαρικῶν
3759 3115 3905 3170 πρα-

2251 3191 2473 3265 γμάτων
2534 3186 2833 3262 ἀντείχετο,
2893 3192 2995 3241 πᾶν
3056 3187 3117 3241 τὸ
3170 3186 3482 3261 προστυχὸν
3541 3184 3909 3255 ληϊζόμενος,

2253 3279 2341 3333 καὶ
2396 3278 2523 3339 τοὺς
2586 3277 2660 3349 μὴ
2721 3273 3054 3350 δεχομένους
3114 3272 3254 3348 μηδὲ
3308 3272 3714 3345 δουλουμένους
3753 3272 3908 3345 αὐτῷ

2248 3368 2510 3443 κεραΐζων
2555 3364 2643 3420 καὶ
2676 3363 3101 3438 λυμαινόμενος.
3151 3370 3322 3439 ’Όπερ
3372 3362 3623 3432 ἀκηκοὼς
3676 3363 3702 3417 6
3754 3362 3910 3437 βασι-

2252 3455 2401 3527 λεὺς,
2432 3457 2532 3525 τήν
2562 3475 2618 3508 τε
2655 3458 2752 3508 τοῦ
2799 3450 2991 3515 δουκὸς
3016 3454 3179 3521 ἧτταν
3215 3450 3428 3523 δηλαδή
3461 3453 3550 3506 καὶ
3590 3453 3691 3520 τὴν
3735 3451 3907 3506 αὐτοῦ

2252 3544 2619 3619 ἀναγόρευσιν,
2711 3543 2802 3597 τὸν
2887 3543 3197 3617 Σαρωνίτην
3284 3543 3399 3597 κατ’
3482 3540 3649 3596 αὐτοῦ
3735 3538 3910 3613 ἐξαπ-

2253 3632 2505 3704 έστειλε,
2574 3631 2699 3707 πρὶν
2756 3632 2955 3705 ἐξαφθῇ
3021 3633 3085 3686 τὸ
3141 3632 3303 3686 κακὸν
3362 3630 3448 3685 καὶ
3506 3629 3583 3692 εἲς
3651 3627 3906 3703 μεγάλην

2256 3724 2449 3800 ἐξαρθῇ
2513 3722 2691 3801 φλόγα
2726 3764 2739 3788 ,
2797 3715 3118 3775 κατασϐέσαι
3193 3725 3355 3775 τοῦτο
3424 3720 3907 3793 κατεπειγόμενος.

2258 3819 2705 3892 Συνεξαπὲστειλε
2758 3816 2815 3874 δὲ
2889 3819 3036 3891 αὐτῷ
3100 3819 3187 3874 καὶ
3249 3820 3555 3895 στράτευμα
3612 3815 3906 3892 ἀξιόλογον

2257 3910 2602 3986 συγκείμενον
2677 3908 2735 3965 ἔκ
2792 3930 2850 3963 τε
2919 3907 3243 3964 Μακεδόνων
3314 3909 3403 3963 καὶ
3470 3906 3757 3979 Ῥωμαίων
3811 3906 3911 3961 καὶ

2256 4001 2545 4075 Φράγγων.
2608 3995 2763 4055 Ἀλλ’
2819 3995 2977 4059 οὗτος
3037 3998 3130 4070 μὲν
3171 3998 3306 4072 πρὸς
3348 3998 3446 4065 τήν
3503 4001 3611 4050 τῶν
3646 3995 3910 4051 Σκοπίων

2254 4089 2416 4146 πόλιν
2448 4089 2545 4157 τὴν
2580 4089 2757 4163 ὁρμὴν
2783 4087 3111 4160 ποιούμενος
3169 4091 3278 4141 τῶν
3330 4086 3383 4141 ἐν
3441 4089 3521 4159 τῷ
3567 4085 3711 4157 Νίσῳ
3758 4081 3916 4139 οὔδε-

2224 4179 2381 4253 ,μῖαν
2414 4174 2671 4255 φροντίδα
2729 4175 2954 4231 ἐτίθετο.
3010 4176 3457 4251 Παραγενόμενος
3509 4173 3623 4241 οὖν,
3680 4173 3771 4227 καὶ
3828 4177 3916 4243 τῷ

2256 4268 2627 4340 πιστευομένῳ
2697 4264 2897 4335 ταύτην
2961 4264 3221 4341 Γεωργίῳ
3278 4269 3357 4337 τῷ
3418 4262 3675 4337 Βοϊτάχῳ
3734 4261 3914 4334 λόγον

2260 4354 2512 4419 δεδωκὼς
2540 4356 2614 4418 ὡς
2644 4353 2794 4409 οὐδὲν
2852 4353 3089 4431 φλαῦρον
3149 4355 3532 4423 ὑποστήσεται,
3579 4353 3677 4420 τὴν
3738 4348 3912 4404 πόλιν

2256 4451 2363 4502 τῶν
2426 4444 2676 4500 Σκοπίων
2738 4444 2915 4517 αἱρεῖ,
2968 4443 3065 4498 κάν
3114 4442 3282 4517 ταύτῃ
3336 4442 3435 4510 τὴν
3488 4436 3916 4515 στρατοπεδείαν

2261 4538 2527 4610 πήγνυσι,
2603 4532 2691 4587 καὶ
2744 4530 2869 4607 περί
2940 4536 3046 4587 τῶν
3106 4530 3158 4586 ἐν
3198 4535 3276 4604 τῷ
3331 4531 3485 4603 Νίσῳ
3525 4528 3588 4584 τό
3648 4529 3919 4597 ποιητιον

504 4611 881 4667 ωἰεθιιοῑὶοῐιίι
913 4612 1230 4669 crudeliter
1260 4632 1463 4672 omnes
1512 4619 1583 4674 ad
1609 4598 1817 4678 iunum
1870 4624 2140 4684 interﬁce-

2257 4598 2471 4682 ἐσκόπει
2516 4598 2604 4677 καὶ
2653 4598 2902 4695 ἐμελέτα.
2939 4619 3094 4677 Ἀλλ’
3119 4620 3146 4674 ὸ
3198 4598 3468 4694 Βοϊτάχος
3502 4613 3917 4691 μεταμεληθεὶς

503 4706 652 4756 rent.
709 4702 839 4771 Qui,
890 4708 1128 4774 accepto
1172 4705 1399 4775 nuntio,
1460 4709 1699 4780 profecti
1749 4711 1884 4770 Niso
1942 4716 2151 4790 Scepia

503 4792 796 4862 petebant,
830 4798 1101 4864 cooperta
1132 4799 1285 4851 terra
1311 4796 1441 4852 nive
1491 4816 1505 4855 :
1560 4799 1744 4858 hiems
1796 4804 1949 4861 enim
2001 4812 2149 4878 erat,

508 4888 807 4945 Decembri
859 4907 1081 4949 mense.
1135 4895 1297 4960 Quod
1354 4913 1485 4953 cum
1518 4902 1949 4970 persensissent
1980 4905 2016 4960 ii
2051 4906 2150 4976 qui

504 4994 637 5033 cum
691 4978 957 5036 Saronite
1007 4987 1192 5051 erant,
1239 4986 1521 5044 adversus
1568 4989 1730 5062 ipsos
1774 5009 1906 5047 cum
1958 4995 2149 5050 omni-

506 5069 615 5124 bus
674 5070 858 5141 copiis
916 5070 1276 5144 irrumpunt,
1326 5080 1381 5131 et
1438 5076 1497 5132 in
1558 5078 1766 5136 itinere
1822 5082 2148 5154 deprehen-

506 5174 603 5213 sos
653 5159 723 5213 ad
775 5161 1091 5231 quemdam
1146 5161 1339 5219 locum
1390 5168 1625 5225 nomine
1673 5170 1982 5239 Taunium,
2036 5173 2152 5228 fere

506 5264 715 5304 omnes
747 5249 1127 5307 interﬁciunt.
1159 5254 1398 5325 Capitur
1421 5258 1596 5314 etiam
1632 5260 1911 5318 Bodinus.
1940 5262 2149 5333 Longi-

506 5338 870 5409 bardOpulus
898 5357 1050 5409 vero,
1080 5347 1143 5396 ut
1172 5344 1393 5401 dictum
1425 5350 1613 5415 est,ad
1650 5351 1987 5407 Michaelem
2023 5369 2143 5424 per-

509 5428 745 5497 ductus,
777 5428 912 5483 data
943 5437 1299 5504 acceptaque
1334 5435 1468 5502 fide,
1499 5439 1628 5509 ejus
1681 5440 1861 5496 filiam
1912 5458 2149 5498 uxorem

509 5516 692 5569 ducit.
725 5516 909 5588 Eique
941 5517 1146 5591 ingens
1180 5524 1570 5581 committitur
1596 5528 1904 5597 exercitus,
1939 5548 1967 5586 e
2003 5531 2151 5587 Lon-

510 5601 774 5671 gibardis
801 5609 859 5659 et
887 5607 1075 5662 Servis
1106 5610 1416 5681 conﬂatus;
1452 5629 1704 5684 quocum
1750 5619 1821 5672 ad
1872 5619 2152 5677 auxilium

510 5691 715 5747 Bodini
751 5693 969 5751 missus
999 5715 1205 5755 rursus
1234 5700 1512 5758 Romanis
1541 5710 2155 5779 repugnat.8aronites

2259 4715 2342 4771 ὅτι
2416 4710 2481 4780 δὴ
2557 4714 2741 4772 ποσῶς
2814 4709 3010 4785 ἀγαθὸς
3090 4709 3277 4783 γέγονε
3355 4707 3562 4761 καὶτά
3612 4707 3921 4777 Ῥωμαίων

2260 4801 2543 4882 ὲφρόνησε,
2594 4799 2866 4874 λαθραίως
2931 4802 3047 4860 τοῖς
3099 4796 3149 4852 ἐν
3213 4801 3291 4870 τῷ
3341 4796 3492 4867 Νίσῳ
3551 4792 3755 4864 ἐδήλου
3806 4792 3921 4870 ἀφ-

2263 4892 2521 4947 ικνεῖσθαι
2575 4889 2668 4962 μὶν
2719 4887 2769 4941 ἐν
2818 4888 2977 4962 τάχει
3021 4887 3155 4961 πρὸς
3209 4884 3390 4952 αὑτὸν,
3448 4883 3538 4938 καὶ
3594 4882 3722 4944 τοὺς
3782 4882 3919 4953 περὶ

2257 4982 2347 5037 τὸν
2403 4977 2712 5054 Σαρωνίτην
2795 4976 3160 5052 ῥᾳθυμότερον
3222 4972 3504 5049 διάγοντας
3572 4972 3662 5026 καὶ
3714 4971 3923 5045 ἀμελὲο

2261 5089 2446 5145 στερον
2509 5066 2773 5127 ἀνοίκτως
2829 5065 2915 5119 καὶ
2973 5064 3141 5136 ὠμῶς
3193 5058 3401 5133 ἡϐηδὸν
3465 5061 3793 5137 ἀποσφάξαι.
3855 5060 3926 5115 Οἵ

2263 5157 2330 5228 δὴ
2363 5158 2458 5225 τὴν
2512 5152 2771 5232 ἀγγελίαν
2830 5151 3130 5226 δεξάμενοι,
3190 5151 3414 5229 ἄρανοες
3459 5149 3519 5205 ἐκ
3566 5154 3665 5205 τοῦ
3719 5150 3928 5217 Νίσου,

2262 5257 2400 5333 πρὸς
2456 5256 2522 5309 τὰ
2580 5253 2793 5308 Σκόπια
2843 5249 3015 5320 ’ίεντο,
3074 5250 3223 5327 χιόνι
3281 5247 3699 5324 κεκαλυμμένης
3748 5246 3929 5319 οὔσης

2260 5354 2360 5415 τῆς
2420 5351 2557 5420 γῆς·
2635 5342 2847 5417 χειμὼν
2917 5341 3020 5416 γὰρ
3075 5342 3180 5410 ἦν,
3239 5333 3571 5415 Δεκεμϐριου
3618 5338 3928 5409 ἱσταμένου

2265 5436 2458 5510 μηνός.
2522 5434 2931 5502 Συναισθήσεως
2992 5429 3049 5487 δὲ
3104 5436 3223 5492 τοῖς
3270 5430 3393 5503 περὶ
3450 5428 3541 5483 τὸν
3599 5428 3932 5501 Σαρωνίτην

2260 5525 2559 5601 γενομένης
2609 5518 2765 5593 ἔξεισι
2807 5522 2924 5576 κατ’
2984 5520 3158 5575 αὐτῶν
3199 5515 3550 5592 παμπληθεὶ,
3606 5516 3697 5571 καὶ
3752 5538 3935 5571 κατα-

2259 5609 2445 5670 λαϐὼν
2504 5612 2698 5673 αὐτοὺς
2745 5612 2881 5667 κατά
2929 5612 3026 5681 τὴν
3057 5607 3181 5665 ὁδὸν
3227 5605 3280 5663 ’ἐν
3313 5629 3422 5662 τινι
3449 5607 3602 5681 τόπῳ
3632 5606 3934 5681 λεγομένω

2262 5702 2497 5776 Ταωνίῳ
2547 5704 2756 5782 ἀναιρεῖ
2798 5701 2992 5784 σχεδὸν
3046 5697 3177 5762 τοὺς
3227 5697 3576 5772 σύμπαντας·
3637 5694 3939 5752 ἁλίσκεται
