4078 6336
176 445 282 504 449

1681 435 2073 499 HISTORIA.

3457 455 3577 514 450

177 571 228 628 δὲ
278 575 367 628 καὶ
428 575 456 628 6
518 570 764 634 Βοδίνος.
823 575 884 630 'O
943 570 999 628 δὲ
1070 569 1631 650 Λογγιϐαρδόπουλος
1668 615 1682 640 ,
1741 569 1815 630 ὡς

1944 573 2124 623 intem
2160 568 2446 624 Bodinum
2497 570 2658 626 misit
2705 572 3040 645 imperatori
3089 577 3372 638 vinctum.
3409 584 3577 642 Ptele-

175 663 400 739 εἴρηται,
432 662 614 739 ἀρθεὶς
660 663 796 739 πρὸς
841 663 932 718 τὸν
979 663 1272 740 Μιχαηλᾶν
1317 663 1407 719 καὶ
1461 662 1629 738 λόγον
1689 658 1813 721 δοὺς

173 753 255 806 γαὶ
301 749 513 824 λαϐὼν,
575 751 852 827 ζεύγνυται
903 755 970 827 τῇ
1018 752 1216 808 τούτου
1271 752 1493 828 θυγατρὶ
1541 751 1630 806 καὶ
1684 749 1814 805 λαὸν

174 841 249 896 δτι
332 840 591 897 πλεῖστον
675 840 980 896 πιστεύεται
1065 841 1171 897 ἀπὸ
1257 836 1649 917 Λογγιϐἀρδων
1726 837 1818 893 καὶ

178 927 388 1006 Σέρϐων
422 931 799 1006 συγκείμενον,
859 933 973 1004 μεθ’
1025 931 1086 986 οὗ
1117 931 1204 986 καὶ
1246 931 1382 1007 πρὸς
1416 931 1668 1005 βοήθειαν
1724 931 1820 982 τοῦ

175 1018 399 1078 Βοδίνου
467 1018 795 1084 ἀποσταλεὶς
849 1018 998 1084 αὖθις
1055 1025 1171 1082 τοῖς
1228 1019 1524 1092 Ῥωμαίοις
1578 1017 1819 1073 ἀποκαθ-

178 1111 402 1166 ίσταται.
459 1110 528 1167 Ὀ
588 1106 646 1164 δὲ
703 1108 1019 1185 Σαρωνίτης
1069 1111 1162 1166 τὸν
1213 1106 1441 1167 Βοδίνον
1483 1102 1822 1178 ἐξαπέστειλε

171 1199 302 1274 πρὸς
360 1200 454 1254 τὸν
515 1196 743 1270 βασιλέα
800 1196 1044 1271 δέσμιον.
1107 1198 1478 1273 Περιορισθεῖς
1535 1194 1593 1251 6‘s
1651 1195 1701 1249 ὲν
1751 1197 1821 1267 τῇ

181 1292 269 1342 τοῦ
324 1287 518 1362 Ἀγίου
573 1289 804 1362 Σεργίου
861 1291 1025 1359 μονῇ,
1085 1287 1219 1360 μετά
1269 1285 1449 1362 βραχὺ
1498 1283 1823 1361 παραδοθεὶς

179 1381 250 1447 τῷ
303 1380 583 1448 Κομνηνῷ
636 1376 886 1449 Ἰσαακίῳ
953 1375 1060 1447 ἤδη
1112 1371 1552 1451 προϐεϐλημένῳ
1603 1379 1824 1430 -Αντιο-

177 1467 296 1540 χεία
352 1462 508 1519 δουκὶ
563 1464 790 1539 ἀπήχθη
845 1465 920 1527 εἷς
957 1465 1315 1542 Ἀντιόχειαν.
1366 1468 1537 1538 ’Ὀπερ
1594 1461 1826 1525 ἀκούσας

183 1553 430 1608 ὁτούτου
460 1556 639 1624 πατὴρ
681 1555 709 1608 6
760 1551 1082 1629 Μιχαηλᾶς.
1131 1555 1216 1630 [Ρ.
1248 1555 1374 1627 853]
1410 1553 1823 1626 μισθωσάμενος

182 1644 490 1706 Βενετίκους
515 1643 667 1703 τινας
725 1642 1017 1717 βαλαντίου
1048 1641 1240 1719 ἀδροῢ,
1292 1645 1375 1705 οἷς
1421 1641 1580 1716 ἔργον
1625 1639 1823 1704 θαλατ-

177 1737 451 1807 τοπορεῖν,
499 1730 772 1804 ἀπέκλεψε
818 1737 1010 1787 τοῦτον
1056 1730 1254 1786 ἐκεῖθεν
1304 1732 1392 1786 καὶ
1429 1735 1498 1805 τῇ
1541 1728 1652 1801 ἰδίᾳ
1675 1728 1824 1804 ἀρχῇ

177 1820 647 1892 ἀποκατέστησεν
709 1822 767 1882 ὃς
823 1821 913 1876 καὶ
975 1823 1110 1894 μετά
1175 1821 1396 1886 θάνατον
1476 1824 1570 1875 τοῦ
1625 1819 1829 1893 πατρὸς

175 1913 268 1978 τήν
296 1911 479 1987 ἀρχὴν
530 1912 624 1966 κάν
675 1917 791 1975 τοῖς
842 1910 1134 1988 ἡμετέροις
1181 1909 1404 1986 χρόνοις
1456 1907 1727 1980 διήνυσεν.
1767 1907 1826 1963 Ὀ

179 1997 232 2054 δὲ
262 2001 535 2076 Βοϊτάχος
591 1999 829 2064 ἐτασθεὶς
886 1998 1135 2078 σφοδρῶς
1194 1999 1245 2054 ἐν
1305 2004 1384 2070 τῷ
1429 1999 1642 2054 ἀπιέναι
1692 1997 1827 2070 πρὸς

180 2091 266 2143 τὸν
330 2087 559 2164 βασιλέα
614 2089 883 2160 τελευτᾷ,
948 2089 1024 2161 μὴ
1080 2089 1363 2163 ἐξαρκέσας
1428 2093 1549 2150 ταῖς
1608 2086 1667 2142 lx
1719 2090 1827 2140 τῶν

182 2177 411 2254 πληγῶν
447 2175 683 2243 ὀδύναις.
715 2177 782 2236 σί
834 2200 897 2252 γε
949 2180 1057 2252 μὴν
1111 2178 1413 2252 Ἀλαμάνοι
1457 2178 1546 2232 καὶ
1580 2175 1828 2251 Φράγγοι

182 2268 329 2342 (γένη
389 2266 450 2323 δὲ
495 2266 645 2323 οὗτοι
701 2266 914 2342 δυτικα)
971 2269 1107 2323 κατά
1161 2275 1263 2338 τῆς
1301 2265 1832 2344 χώραςάφεθέντες

174 2363 491 2434 καθαιροῦσι
557 2360 650 2432 μὲν
694 2360 762 2414 τὰ
818 2358 869 2413 ἐν
927 2363 995 2432 τῇ
1056 2359 1277 2433 ΙῙρέσπᾳ
1330 2361 1438 2412 τῶν
1495 2354 1828 2429 Βουλγάρων

182 2447 632 2522 ὑπολελειμμένα
707 2446 954 2524 βασίλεια
989 2493 1001 2516 ,
1081 2445 1403 2502 σκυλεύουσι
1470 2442 1527 2500 δὲ
1593 2444 1680 2499 καὶ
1737 2445 1829 2498 τὸν

181 2535 348 2592 ἐκεῖσε
399 2537 526 2592 ναὸν
560 2579 574 2604 ,
642 2537 700 2599 ὃς
758 2535 841 2591 ἐπ’
899 2536 1124 2609 ὀνόματι
1176 2539 1273 2590 τοῦ
1320 2535 1474 2610 ἁγίου
1533 2531 1830 2609 Ἀχιλλίου

176 2623 412 2700 ἵδρυται,
466 2622 699 2698 μηδενὸς
753 2630 859 2680 τῶν
918 2625 969 2681 ἐν
1031 2625 1221 2696 ἐκείνῳ
1277 2623 1590 2700 φεισάμενοι
1651 2623 1831 2696 ἱερῶν,

183 2716 252 2768 ὧν
327 2716 449 2770 τινα
518 2715 615 2787 μὶν
672 2712 823 2778 αὖθις
893 2715 1281 2784 ἀνεσώθησαν,
1341 2713 1407 2768 τὰ
1463 2711 1520 2768 δὲ
1579 2711 1748 2768 λοιπά
1803 2712 1831 2766 ὁ

183 2807 408 2879 στρατὸς
466 2801 884 2876 διανειμάμενος
933 2803 1012 2866 εἷ¹ς
1067 2805 1265 2879 χρῆσιν
1321 2801 1457 2857 ἰδίαν
1512 2799 1831 2875 μετεσκεύα-

183 2915 294 2949 σαν.
376 2893 468 2955 Ti:
547 2893 638 2946 οὗν
711 2898 819 2947 τῶν
898 2897 1242 2967 στρατιωτῶν
1301 2899 1401 2962 τῆς
1463 2889 1835 2960 Μακεδονικῆς

189 2984 474 3060 φάλαγγος
537 2979 635 3050 ὤν,
696 2981 1014 3054 ἀξιούμενος
1070 2979 1367 3037 ἀποδοῦναι
1426 2979 1558 3056 ὅπερ
1617 2979 1832 3058 εἰλήφει

186 3074 352 3146 ἱερὸν,
406 3072 522 3127 ἐπεὶ
585 3072 661 3144 μὴ
718 3070 961 3141 ἐπείσθη,
1022 3072 1380 3147 ἀνθρακιάσας
1438 3075 1567 3133 τοὺς
1626 3066 1833 3142 ὤμους,

185 3160 432 3232 τελευτᾷ,
475 3163 574 3229 τῆς
623 3158 778 3229 δίκης
833 3161 909 3232 μὴ
955 3160 1341 3236 ἀνασχομένης
1391 3160 1465 3221 ὡς
1511 3154 1651 3229 ἔθος,
1692 3157 1836 3214 ἀλλᾶ

189 3248 561 3322 μετελθούσης
616 3247 772 3303 αὐτὸν
833 3249 909 3309 εἷς
979 3245 1282 3324 ὑπόδειγμα
1338 3254 1453 3310 τοῖς
1535 3246 1830 3322 ὀψιγόνοις.

1926 663 2099 732 gatus
2120 662 2353 714 Sautem
2390 659 2448 713 in
2481 660 2666 716 sancti
2697 661 2880 735 Sergii
2932 669 3354 727 monasterium
3405 675 3579 745 paulo

1929 752 2061 819 post
2089 748 2310 804 Isaacio
2341 751 2632 806 Comneno
2663 752 2915 808 traditur
2935 754 3063 825 jam
3093 759 3413 817 Antiochiae
3443 764 3576 820 duci

1929 837 2244 894 declarato.
2280 838 2350 894 Et
2379 839 2694 910 perductus
2743 846 2831 896 est
2883 844 2942 898 in
2990 846 3388 906 Antiochiam.
3414 855 3575 918 Quod

1929 943 2063 982 cum
2097 927 2362 983 audisset
2411 927 2599 999 ipsius
2631 929 2800 984 Pater
2829 931 3094 1002 Michael,
3127 937 3312 1007 pretio
3354 940 3581 1014 ingenti

1931 1017 2236 1073 conductis
2283 1016 2520 1072 Venetis
2568 1019 2946 1089 quibusdam,
2980 1039 3229 1094 quorum
3264 1045 3413 1100 opus
3459 1039 3584 1088 erat

1932 1122 2036 1178 per
2067 1122 2224 1160 mare
2255 1105 2548 1177 navigare,
2583 1121 2717 1161 eum
2769 1107 2905 1163 inde
2937 1110 3161 1169 furatus
3192 1117 3249 1170 in
3284 1119 3580 1191 propriam

1933 1194 2180 1267 patriam
2233 1195 2481 1259 reduxit,
2513 1196 2685 1266 eique
2733 1197 2994 1254 restituit
3030 1201 3362 1275 imperium.
3396 1212 3584 1281 Atque

1932 1283 2028 1338 hic
2071 1289 2200 1354 post
2251 1284 2430 1355 patris
2477 1285 2704 1340 obitum
2754 1294 3070 1360 nostraque
3118 1297 3466 1366 tempestate
3497 1315 3585 1355 re-

1933 1374 2151 1445 gnavit.
2195 1373 2510 1429 Boitachus
2559 1379 2754 1430 autem
2786 1377 3158 1436 vehementer
3195 1388 3409 1454 tortus,
3443 1389 3584 1444 dum

1935 1461 2150 1517 rediret
2197 1463 2266 1517 ad
2318 1461 2748 1534 imperatorem,
2783 1482 2894 1521 non
2946 1469 3248 1527 sustinens
3278 1475 3583 1532 verberum

1934 1551 2232 1606 cruciatus
2301 1551 2569 1606 moritur.
2630 1552 2939 1610 Alamanni
3008 1562 3206 1616 tamen
3261 1567 3318 1617 et
3383 1565 3590 1622 Franci

1935 1644 2099 1709 (sunt
2147 1639 2232 1694 hae
2287 1641 2552 1696 nationes
2593 1641 2946 1717 Occidentis)
2977 1663 3082 1717 per
3130 1651 3426 1723 regionem
3475 1653 3590 1710 im-

1938 1727 2104 1784 missi
2151 1727 2412 1784 relictam
2462 1729 2849 1801 Bulgarorum
2899 1735 3122 1806 regiam
3156 1739 3213 1794 in
3251 1739 3464 1813 Prespa
3492 1743 3592 1799 de-

1937 1820 2197 1883 struunt,
2248 1815 2657 1889 templumque
2713 1817 2834 1875 illic
2887 1828 3090 1879 sancto
3137 1826 3388 1884 Achillio
3420 1845 3591 1887 cons-

1938 1908 2195 1959 tructum
2233 1905 2382 1959 719
2415 1919 2480 1959 ac
2523 1905 2856 1962 dedicatum
2889 1911 3240 1985 exspoliant,
3273 1932 3306 1970 a
3341 1916 3501 1973 nulla
3530 1935 3593 1974 re

1945 2008 2111 2047 Sacra
2140 1992 2506 2048 abstinentes
2553 2009 2753 2049 earum
2809 2012 2936 2066 quae
2989 1999 3066 2054 ibi
3116 2008 3307 2073 erant;
3344 2021 3414 2060 ex
3460 2005 3591 2077 qui-

1940 2082 2051 2137 bus
2092 2083 2359 2153 quaadam
2410 2099 2617 2138 rursus
2665 2092 2894 2142 servata
2939 2095 3099 2156 sunt,
3132 2091 3355 2164 reliqua
3405 2096 3594 2155 divisa

1940 2172 2230 2227 exercitus
2268 2171 2329 2226 in
2362 2173 2630 2243 prOprios
2663 2191 2810 2231 usus
2859 2179 3160 2236 convertit.
3187 2184 3432 2246 Quidam
3483 2186 3595 2258 igi-

1941 2265 2037 2316 tur
2066 2277 2135 2316 ex
2167 2261 2458 2316 militibus
2487 2264 2868 2320 Macedonica
2899 2265 3232 2340 phalangis,
3259 2288 3391 2329 cum
3424 2275 3496 2330 ab
3526 2291 3593 2332 eo

1942 2355 2303 2420 repeteretur
2345 2366 2513 2407 sacra
2560 2367 2674 2416 res,
2707 2369 2898 2424 neque
2945 2357 3160 2413 adduci
3212 2367 3412 2430 posset
3441 2369 3507 2418 ut
3536 2364 3594 2418 id

1941 2439 2177 2506 faceret,
2211 2437 2476 2492 humeris
2533 2440 2812 2496 anthrace
2870 2443 3132 2514 depastis
3191 2449 3332 2516 obit,
3357 2451 3595 2522 jutitia

1941 2526 2095 2581 haud
2149 2527 2471 2590 diﬂ‘erente,
2507 2532 2569 2581 ut
2616 2543 2744 2583 mos
2793 2535 2901 2598 est,
2953 2533 3335 2605 supplicium,
3370 2541 3472 2594 sed
3521 2541 3594 2595 ad

1941 2614 2271 2686 exemplum
2307 2622 2674 2686 posterorum
2710 2616 2903 2688 ipsum
2931 2623 3230 2690 puniente.
3259 2626 3318 2680 ln
3349 2629 3595 2684 urbibus

1943 2709 2140 2760 autem
2184 2703 2521 2771 maritimis,
2575 2704 2852 2776 neglectis
2911 2709 3202 2766 militibus
3259 2718 3459 2785 utpote
3489 2718 3589 2788 qui

1943 2793 2091 2849 nihil
2157 2792 2486 2864 acciperent
2541 2810 2609 2849 ex
2668 2795 2882 2866 praeda,
2940 2798 3196 2856 mittitur
3249 2802 3591 2863 bestarches

1943 2884 2169 2953 Nestor,
2204 2884 2303 2954 qui
2353 2883 2544 2938 fuerat
2590 2899 2794 2940 servus
2822 2887 3006 2958 patris
3051 2889 3444 2963 imperatoris,
3477 2898 3596 2953 dux

1944 2989 2143 3028 eorum
2178 2971 2531 3044 populorum
2579 2975 2678 3045 qui
2731 2977 3060 3033 secundum
3111 2981 3328 3038 Istrum
3377 2987 3600 3057 degunt

1945 3068 2204 3118 vocatus.
2259 3062 2408 3116 Inita
2463 3077 2593 3117 cum
2646 3063 2787 3118 Tato
2846 3070 3146 3137 societate,
3182 3076 3245 3125 ut
3292 3089 3426 3130 cum
3467 3076 3594 3132 viro

1945 3152 2208 3223 ejusdem
2242 3149 2568 3221 sententiae,
2609 3167 2742 3206 cum
2793 3152 3064 3223 pluribus
3111 3158 3432 3218 Patzinacis
3474 3163 3600 3220 ins-

1947 3240 2122 3297 tructi
2143 3241 2214 3295 ad
2248 3240 2465 3308 regiam
2493 3241 2694 3295 urbem
2719 3243 2962 3312 profecti
2984 3248 3376 3306 sunt.Jussus
3401 3257 3595 3308 autem

188 3340 273 3396 Ἑν
334 3335 396 3392 δὲ
449 3343 568 3401 ταῖς
641 3335 1056 3411 παρακειμένως
1131 3310 1199 3410 τῆξ
1271 3333 1415 3412 ὄχθῃ
1473 3310 1832 3407 τούήστρου

1949 3348 2114 3387 arma
2143 3330 2431 3400 deponere
2462 3345 2578 3384 non
2607 3329 2776 3385 aliter
2804 3348 2867 3387 se
2897 3334 3189 3392 facturum
3214 3338 3323 3394 hoc
3347 3341 3597 3412 dicebat,

184 3425 384 3483 πόλεσι
431 3431 540 3482 τῶν
591 3429 932 3499 στρατιωτῶν
980 3425 1352 3498 ἠμελημένων
1408 3428 1497 3481 οἷα
1549 3423 1616 3494 δὴ
1671 3423 1840 3497 μηδὲν

186 3516 261 3580 εἰς
302 3515 579 3586 διοίκησιν
640 3509 1052 3587 λαμϐανόντων,
1101 3513 1383 3570 στέλλεται
1443 3516 1472 3569 6
1535 3514 1838 3589 βεστάρχου

185 3605 432 3681 Νέστωρ,
485 3599 682 3663 δοῦλος
729 3602 966 3678 γεγονὼς
1010 3606 1112 3657 τοῦ
1159 3603 1360 3678 πατρὸς
1402 3607 1498 3658 τοῦ
1546 3601 1837 3679 βασιλέως,

186 3694 308 3769 δοὺξ
369 3698 480 3749 τῶν
537 3692 875 3768 Παριστρίων
936 3693 1282 3766 ὁνομασθεὶς,
1331 3694 1422 3747 καὶ
1474 3695 1839 3771 συμφωνήσας

188 3793 265 3859 τῶ
321 3787 534 3845 Τάτους
591 3783 666 3844 ὡς
725 3783 1075 3856 ὁμογνώμονι
1111 3827 1124 3852 ,
1183 3784 1534 3851 Πατζινάκοις
1593 3783 1836 3839 πλείοσιν

188 3874 546 3934 ὁπλισθέντες
629 3873 707 3935 εἷς
782 3873 883 3941 τὴν
970 3869 1361 3946 βασιλεύουσαν
1435 3874 1790 3947 παρεγένοντο
1825 3918 1838 3931 .

189 3967 514 4023 Καταθεῖναι
575 3959 632 4015 δὲ
686 3961 754 4014 τα
801 3961 945 4014 ὅπλα
995 3957 1413 4036 ἰγκελευόμενος
1447 3962 1524 4032 μὴ
1560 3961 1618 4014 ἂν
1652 3960 1841 4026 ἄλλως

186 4058 422 4120 ποιῆσαι
450 4054 617 4105 τοῦτο
647 4046 852 4124 ἔλεγεν,
901 4048 944 4102 εί
997 4050 1074 4121 μή
1123 4050 1214 4103 τὸν
1266 4047 1568 4123 λογοθέτην
1597 4052 1838 4128 Νικηφό-

186 4165 276 4218 ρον
339 4142 406 4197 ex.
487 4140 652 4212 μέσου
736 4139 1010 4208 ποιήσειεν
1099 4137 1172 4200 ὡς
1237 4138 1415 4192 κοινὸν
1492 4137 1687 4214 ἐχθρὸν
1751 4141 1838 4195 καὶ

184 4232 462 4304 πολέμιον
509 4227 796 4300 κοσμικὸν,
826 4227 914 4281 καὶ
966 4225 1125 4281 αὐτὸν
1178 4225 1277 4281 οὐκ
1323 4225 1483 4302 ὀλίγα
1525 4224 1844 4298 λυπήσαντα

182 4321 406 4388 καὶαι-ἠν
457 4317 623 4372 αὐτοῦ
669 4315 977 4388 περιουσίαν
1028 4313 1372 4386 δημεύσαντα
1441 4313 1594 4372 Ἀλλ’
1633 4317 1661 4370 6
1697 4317 1845 4392 βασι-

186 4410 309 4472 λεὺς
370 4406 476 4463 οὐκ
531 4403 796 4475 επείθετο,
857 4404 992 4476 ἅπαξ
1052 4405 1240 4460 ἑαυτὸν
1311 4409 1430 4466 ταῖς
1485 4403 1650 4460 αὐτοῦ
1711 4427 1846 4481 γοη-

182 4500 352 4561 τείαις
409 4496 500 4551 καὶ
551 4492 780 4556 ἀπάταις
837 4491 1173 4556 ἐκδεδωκώς.
1220 4494 1281 4551 Ὁ
1339 4491 1397 4548 δῖε
1448 4492 1671 4571 Νέστωρ
1726 4494 1842 4550 ἆπι-

185 4584 509 4650 ϐουλευθεῖς
563 4583 666 4638 ὑπὸ
714 4587 824 4637 τῶν
880 4581 1095 4637 οἶκείων
1146 4582 1500 4637 ἀπανίσταται
1562 4583 1656 4655 μὲν
1703 4583 1845 4639 ἐκεῖ·

1952 3419 2067 3475 nisi
2122 3416 2478 3490 logothetam
2537 3417 2928 3488 Nicephorum
2987 3439 3017 3477 e
3075 3426 3268 3482 medio
3327 3427 3602 3486 tollerent

1952 3515 2016 3564 ut
2067 3522 2443 3565 communem
2500 3505 2805 3562 inimicum
2863 3514 2921 3564 et
2980 3512 3206 3570 hostem
3266 3518 3599 3591 capitalem,

1951 3598 2168 3670 quique
2199 3597 2256 3651 in
2281 3612 2343 3652 se
2374 3596 2530 3650 haud
2565 3613 2751 3666 pauca
2779 3601 3176 3658 commisisset
3197 3622 3418 3676 suaque
3450 3608 3602 3663 bona

1951 3688 2326 3760 publicasset.
2360 3685 2575 3740 Verum
2626 3686 2944 3757 imperator
2991 3690 3147 3747 haud
3197 3696 3413 3766 paruit,
3463 3714 3598 3753 cum

1951 3776 2130 3832 semel
2163 3792 2224 3831 se
2253 3775 2450 3846 ipsum
2495 3775 2624 3845 ejus
2677 3777 2984 3848 praestigiis
3032 3785 3090 3835 et
3135 3781 3287 3838 dolis
3317 3785 3598 3841 dedisset.

1950 3867 2158 3922 Nestor
2203 3868 2414 3927 autem,
2450 3863 2610 3917 cuia
2640 3863 2764 3918 suis
2812 3873 3023 3935 paratis
3071 3868 3296 3925 insidia
3347 3872 3598 3943 fuerant,

1949 3956 2086 4012 inde
2153 3950 2576 4024 proficiscitur,
2633 3953 3064 4028 Thraciamque
3117 3957 3488 4030 depraedatur
3541 3968 3601 4019 et

1951 4041 2351 4101 Macedoniam
2400 4047 2460 4096 et
2509 4039 2790 4112 Bulgaria:
2819 4043 3094 4113 ﬁnitima,
3127 4053 3184 4103 et
3212 4047 3283 4103 ad
3335 4050 3600 4108 Patzina-

1951 4150 2151 4190 corum
2185 4131 2478 4202 regionem
2529 4131 2766 4187 secedit.
2802 4133 2941 4188 Pars
2984 4141 3180 4192 autem
3219 4140 3600 4196 Macedonum

1952 4224 2206 4282 militum
2250 4222 2595 4276 defraudato.
2649 4224 2898 4278 accessit
2943 4225 3014 4280 ad
3075 4226 3510 4298 imperatorem,
3543 4230 3602 4285 id

1951 4316 2172 4371 factum
2227 4312 2461 4367 deﬂens.
2497 4309 2675 4366 Jussu
2738 4313 2916 4384 igitur
2971 4315 3342 4387 imperatoris
3389 4319 3606 4391 pulsati

1951 4409 2006 4460 et
2037 4399 2392 4458 contumelia
2421 4399 2607 4454 allecti
2660 4400 2881 4472 repulsi
2933 4408 3093 4471 sunt,
3126 4405 3290 4462 nulla
3337 4407 3604 4479 ipsorum

1953 4493 2156 4548 habita
2186 4490 2430 4545 ratione.
2464 4490 2615 4545 720
2645 4489 2859 4546 Verum
2894 4492 2976 4546 illi
3000 4493 3056 4548 iu
3090 4497 3340 4567 patriam
3365 4496 3605 4564 reversi,

1953 4583 2106 4638 haud
2133 4581 2409 4637 mediocri
2433 4579 2632 4636 dolore
2655 4579 2865 4646 allecti,
2888 4599 3003 4638 non
3026 4585 3280 4656 amplius
3312 4587 3369 4642 in
3401 4588 3604 4643 eadem

185 4679 288 4746 θεν,
323 4676 582 4746 λη’ίζεται
640 4670 696 4728 δὲ
743 4674 842 4738 τήν
891 4693 950 4726 τε
983 4669 1322 4728 Μακεδονίαν
1377 4673 1467 4727 καὶ
1517 4672 1732 4748 Θρᾴκην
1759 4694 1826 4727 κα

1956 4671 2246 4730 sententia
2287 4685 2522 4726 manere
2574 4669 2903 4739 voluerunt,
2939 4675 3038 4728 sed
3089 4676 3367 4732 omnibus
3415 4677 3607 4732 modis

183 4768 247 4822 τά
302 4761 684 4840 παρακείμενα
739 4769 839 4831 τῆς
899 4759 1256 4837 Βουλγαρίας,
1313 4762 1403 4817 καὶ
1453 4761 1530 4823 είς
1583 4762 1682 4831 τήν
1731 4767 1840 4818 τῶν

1953 4763 2288 4836 cogitabant
2320 4760 2520 4815 hostes
2562 4759 2786 4816 ulcisci.

185 4853 537 4924 Πατζινάκων
599 4853 902 4927 ὑποχωρεῖ.
962 4856 1140 4925 Μοῖρα
1196 4849 1253 4906 δὲ
1312 4855 1655 4923 στρατιωτῶν
1718 4851 2104 4910 Μακεδονικῶν
2167 4846 2498 4924 στερουμένη
2558 4847 2838 4920 προσῆλθε
2891 4855 2971 4921 τῷ
3032 4853 3288 4929 βασιλεῖ,
3336 4858 3437 4926 τὴν
3489 4858 3608 4912 στέ-

184 4966 250 5014 pr,
259 4966 344 4999 σιν
441 4937 855 5012 ἀποκλαιομένη
885 4985 899 4997 .

986 4940 1278 5013 Προστάξει
1363 4941 1454 4994 οὖν
1541 4939 1800 5015 βασιλικῇ
1883 4943 2170 5016 τυφθέντες
2250 4936 2340 4992 καὶ
2430 4930 2766 5009 ὑϐρισθέντες
2843 4935 3187 5015 ἆδιώχθησαν

3229 4986 3243 5012 .
3333 4941 3608 5017 μηδεμιᾶς

184 5033 527 5108 ἰπιστροφῆς
611 5029 788 5083 αὐτῶν
844 5029 1163 5104 γενομένης.
1225 5026 1382 5084 Ἀλλ’
1441 5026 1494 5083 θ’(
1549 5049 1612 5104 γε
1666 5030 1800 5106 πρὸς
1853 5031 1921 5086 τὰ
1977 5029 2152 5086 οἷ’κεῖα
2207 5025 2389 5096 λύπης
2447 5023 2512 5079 οὐ
2577 5029 2774 5099 μικρᾶς
2850 5025 3261 5108 ἐπιστραφέντες
3320 5032 3606 5107 ἂνάμεστοι

184 5125 288 5179 οὐκ
362 5116 568 5190 ἤθελον
650 5117 828 5190 μένειν
905 5115 982 5172 ἔτι
1041 5116 1130 5172 ἐπὶ
1198 5122 1294 5172 τοῦ
1371 5117 1535 5173 αὐτοῦ
1607 5121 2005 5197 φρονήματος,
2065 5116 2211 5174 ἀλλᾶ
2260 5117 2387 5177 τοὺς
2443 5112 2750 5187 πολεμίους
2825 5120 2954 5172 πᾶσι
3021 5116 3250 5197 τρόποις
3307 5121 3608 5196 ἀμύνασθαι

186 5211 598 5268 διεσκέπτοντο.

254 5300 624 5364 ’Δποσ-τείλας
680 5296 740 5354 δὶ
789 5298 926 5373 πρὸς
974 5299 1066 5353 τὸν
1120 5298 1218 5367 τὴν
1271 5293 1669 5374 Λογγιϐαρδίαν
1719 5321 1843 5356 κατ-

181 5399 387 5473 έχοντα
449 5389 702 5468 Φράγγον
760 5385 1126 5462 Ῥουμπέρτον
1188 5389 1301 5460 (36)
1356 5384 1698 5461 καλούμενον
1740 5391 1840 5459 τήν

2021 5303 2166 5358 Cum
2199 5300 2395 5352 autem
2431 5295 2692 5351 misisset
2722 5297 2792 5351 ad
2836 5311 2971 5354 eum
3005 5301 3104 5372 qui
3141 5302 3609 5377 Longobardiam

1951 5389 2254 5447 obtinebat
2285 5387 2596 5456 Francum,
2630 5385 2949 5445 Robertum
2981 5391 3244 5459 nomine,
3268 5394 3395 5466 ejus
3427 5392 3611 5449 ﬁliam

1519 5513 1762 5571 JACOBI
1802 5513 2022 5570 GOARI
2061 5511 2292 5568 ΝΟΤᾸΞ.

255 5628 368 5699 (36)
405 5625 729 5699 Robertum
777 5619 1169 5699 Guiscardqm
1211 5619 1536 5699 intelligit._
1561 5620 1848 5699 celebrem

181 5693 667 5757 Ndruiannorum
698 5694 931 5765 ducem,
953 5693 1055 5765 qui
1078 5693 1848 5765 Campaniam,Calabriam,

189 5771 466 5847 Apuliam
497 5773 555 5827 et
595 5764 860 5825 Siciliam
893 5781 928 5821 a
955 5763 1399 5836 Sarecenorum,
1431 5763 1763 5822 Graecorum
1795 5769 1852 5823 et

1962 5619 2242 5699 ltalorpm
2262 5615 2687 5699 _tyrannide
2721 5615 3049 5699 libertatem
3097 5626 3373 5699 asseruit,
3398 5626 3469 5682 de
3499 5642 3615 5699 quo

1959 5693 2089 5768 fuse
2123 5687 2502 5768 Pandulphus
2532 5687 2917 5768 Collenutius,
2941 5695 3054 5754 Leo
3084 5687 3394 5768 Ostiensis,
3426 5687 3618 5756 Faiel-

1959 5763 2055 5824 lus
2084 5767 2142 5822 et
2169 5763 2639 5826 Normannorum
2667 5762 2940 5823 Annales.
