4078 6336
522 425 633 481 451

1838 412 2167 473 JOANNIS
2213 413 2614 476 SGYLI'I'ZzE

3807 426 3925 484 453

520 570 627 609 suo
659 551 778 607 lilio
808 548 1187 606 Constantino
1222 562 1458 602 uxorem
1500 544 1765 613 adduxit,
1798 560 2000 616 quam,
2038 562 2151 599 mu-

2282 544 2446 599 αὗτοῦ
2505 545 2764 620 θυγατέρα
2814 550 2892 618 τῷ
2941 548 3044 618 υἱῷ
3087 549 3473 623 Κωνσταντίνῳ
3519 573 3749 624 γυναικα
3791 553 3923 626 ἡγάο

519 646 641 697 tato
672 640 928 705 nomine,
961 636 1239 693 Helenam
1264 635 1505 691 vocavit.
1523 638 1819 705 Occupata
1838 639 2034 689 autem
2060 634 2168 689 fuit

520 725 926 801 Longobardia
954 743 988 781 a
1017 725 1267 780 Roberto
1298 723 1356 779 in
1399 723 1556 778 hunc
1588 722 1850 777 modum.
1885 722 2169 794 Georgius

521 818 814 874 Maniaces
859 814 930 871 ab
966 818 1230 886 Augusta
1274 813 1383 868 Zoe
1413 812 1485 867 ad
1519 811 1954 883 componendas
1986 816 2077 865 res
2108 810 2167 867 in

516 906 684 962 Italia
713 904 956 971 missus,
989 901 1254 974 magistri
1289 901 1508 957 honore
1536 902 1867 968 decoratus,
1890 899 2167 955 concilia-

513 1001 676 1052 verat
722 993 836 1050 sibi
885 993 1139 1048 Francos
1190 991 1433 1061 multos,
1463 996 1521 1045 et
1568 990 1626 1044 in
1674 990 1798 1044 dies
1846 1005 1944 1044 eos
1993 988 2093 1060 qui
2135 1006 2182 1044 a-

515 1086 771 1142 Dociano
800 1082 989 1140 vexati
1020 1086 1184 1138 erant
1213 1081 1402 1137 effecit
1434 1081 1491 1135 in
1527 1079 1698 1135 Italia;
1734 1080 1949 1135 finibus
1971 1079 2165 1151 quies-

515 1191 689 1231 cere:
726 1173 1077 1228 verebantur
1123 1170 1278 1225 enim
1327 1169 1548 1242 ipsum,
1598 1170 1932 1241 quodﬁejus
1980 1168 2165 1223 virtu-

515 1264 595 1319 tis
643 1263 702 1317 in
752 1261 972 1334 prmliis
1028 1259 1353 1330 periculum
1409 1258 1688 1313 fecerant.
1722 1258 1867 1312 Cum
1924 1274 2060 1313 vero
2105 1274 2166 1313 se

515 1351 888 1425 opposuisset
930 1348 1312 1405 Monomacho
1340 1352 1397 1402 et
1425 1346 1754 1403 debellatus
1802 1346 2029 1416 fuisset,
2063 1346 2163 1417 qui

514 1459 649 1498 cum
683 1442 814 1513 ipso
845 1444 1014 1496 erant
1044 1438 1267 1509 trajecli
1315 1444 1370 1493 et
1420 1439 1478 1492 in
1524 1438 1862 1493 servitutem
1914 1436 2165 1509 impera-

511 1532 656 1587 toris
701 1529 939 1596 redacti,
973 1528 1307 1584 Maniacataz
1356 1526 1626 1598 appellati
1674 1532 1813 1581 sunt
1844 1530 1899 1582 et
1929 1526 1987 1581 in
2024 1526 2166 1583 urbe

512 1626 910 1676 Romanorum
962 1634 1356 1691 permansere,
1389 1616 1597 1687 reliqui
1648 1616 1705 1671 in
1760 1616 1927 1671 Italia
1979 1615 2163 1671 relicti

511 1716 671 1766 sunt.
704 1710 841 1764 Erat
890 1713 1084 1763 autem
1128 1707 1369 1779 quidam
1422 1706 1480 1759 in
1529 1705 1677 1776 ipsis
1724 1705 2012 1761 Robertus
2059 1721 2161 1760 no-

512 1800 670 1855 mine
722 1800 920 1855 fratris
970 1797 1127 1852 ﬁlius
1174 1794 1436 1860 Ardoini,
1470 1796 1570 1866 qui
1603 1794 1913 1850 aDociano
1963 1794 2162 1867 ﬂagris

511 1907 697 1946 cassus
751 1890 958 1956 fuerat,
1005 1887 1198 1959 gravis
1256 1892 1309 1941 et
1367 1885 1687 1940 iracundus
1745 1890 1803 1939 et
1857 1885 2163 1957 tyrannica
2195 1908 2239 1972 Β

510 1985 701 2035 mente
758 1978 1060 2049 praeditus.
1100 1974 1207 2038 Qui
1266 1978 1464 2045 aperte
1525 1973 1818 2027 Romanos
1878 1972 2163 2044 expellere

510 2068 923 2137 meditabatur,
958 2071 1215 2121 attamen
1264 2063 1617 2134 provinciam
1651 2063 1887 2134 aggredi
1938 2068 2160 2117 metue-

507 2158 609 2212 bat
650 2156 1093 2226 diil'erebatque,
1128 2169 1190 2208 se
1236 2153 1433 2223 ipsum
1486 2151 1837 2207 imbecillem
1890 2168 2157 2222 cernens,

507 2247 927 2316 verebaturque
959 2250 1161 2299 contra
1191 2242 1563 2314 imperatoris
1606 2243 1925 2313 potentiam
1959 2258 2020 2296 se
2053 2259 2159 2313 op-

506 2352 740 2407 ponere.
773 2336 917 2389 Cum
951 2348 1081 2387 vero
1116 2348 1260 2386 uxor
1289 2331 1469 2396 illius,
1503 2348 1677 2402 quam
1712 2348 1744 2385 a
1778 2331 2017 2385 Francia
2047 2332 2156 2385 du-

504 2424 874 2491 xerat,Gaita
919 2421 1178 2487 nomine,
1206 2421 1325 2475 ﬁlia
1366 2422 1649 2492 principis
1697 2421 1790 2475 cui
1846 2421 1999 2474 haud
2035 2436 2156 2474 me-

505 2512 719 2567 diocris
750 2512 905 2582 regio
946 2512 1210 2582 subjecta
1259 2511 1401 2566 721
1461 2514 1605 2578 erat,
1640 2527 1837 2565 secum
1870 2513 2047 2573 esset,
2082 2509 2153 2563 ad

503 2619 604 2658 eas
636 2603 810 2657 urbes
842 2602 1137 2673 migravit,
1166 2618 1294 2671 quae
1330 2601 1489 2655 uxori
1517 2617 1634 2655 suae
1659 2600 2156 2670 serviebant,qua-

504 2709 631 2747 rum
681 2692 869 2763 prima
899 2698 956 2747 et
994 2692 1253 2745 maxima
1280 2690 1559 2745 Salernus
1604 2690 1959 2744 nominatur.
1990 2688 2155 2743 Illinc

499 2780 681 2852 igitur
710 2779 888 2835 veluti
937 2780 1031 2833 iur
1066 2795 1383 2850 erumpens
1432 2776 1557 2832 loca
1605 2778 2002 2832 Romanorum
2039 2777 2151 2830 im-

501 2868 661 2940 perio
695 2868 960 2939 subjecta
989 2867 1378 2939 przsdabatur,
1403 2866 1614 2936 partim
1638 2866 1961 2921 Calabriam
1990 2882 2153 2920 man-

501 2957 733 3028 cipans,
786 2957 999 3028 partim
1053 2956 1281 3010 Italiam
1341 2953 1612 3025 redigens
1672 2955 1728 3008 in
1789 2954 2149 3009 servitutem.

497 3048 709 3102 Eorum
743 3063 874 3102 vero
905 3045 1270 3116 captivorum
1305 3061 1453 3115 quos
1498 3048 1729 3115 ceperat
1758 3043 1889 3098 aliis
1943 3059 2152 3098 manus

496 3142 824 3209 amputare,
855 3135 986 3191 aliis
1026 3140 1315 3190 extremas
1360 3140 1556 3206 partes
1608 3134 1821 3205 pedum
1870 3133 2149 3198 incidere,

496 3227 629 3283 aliis
662 3233 960 3298 utrasque,
983 3226 1269 3296 quosdam
1294 3226 1464 3279 etiam
1496 3224 1716 3294 ingenti
1743 3225 1989 3295 pecunia
2010 3239 2146 3277 ven-

497 3318 653 3387 dere,
688 3324 977 3385 metuens,
1010 3317 1060 3371 si
1093 3332 1207 3370 non
1240 3317 1552 3387 proderent
1585 3316 1758 3370 urbes
1787 3319 1844 3370 et
1874 3331 2002 3369 sese
2034 3312 2144 3384 ipsi

495 3408 794 3473 dederent,
830 3423 900 3462 ne
932 3424 1044 3462 non
1077 3405 1268 3461 solum
1319 3406 1459 3473 haec,
1493 3407 1594 3461 sed
1649 3406 1827 3460 etiam
1860 3404 1951 3460 his
1984 3406 2146 3459 dete-

492 3498 648 3553 riora
692 3501 1052 3568 paterentur.
1087 3498 1228 3550 Cum
1260 3512 1393 3551 vero
1443 3512 1535 3550 res
1569 3495 1792 3565 privata
1822 3494 2051 3565 imperii
2086 3493 2144 3548 in

489 3588 651 3659 regia
704 3587 1014 3654 laboraret,
1049 3583 1212 3639 nulla
1270 3585 1598 3639 habebatur
1652 3601 1852 3639 eorum
1908 3600 2036 3655 quae
2086 3583 2145 3637 in

488 3676 656 3732 Italia
702 3676 906 3733 ﬁerent
962 3675 1127 3729 ratio.
1164 3673 1307 3728 Nam
1342 3673 1459 3727 vita
1521 3673 1695 3745 paulo
1758 3678 1891 3744 post
1948 3674 2145 3728 functo

488 3763 1046 3831 Monomacbo,cum
1089 3760 1392 3816 Theodora
1435 3760 1664 3814 circiter
1705 3775 1925 3814 annum
1960 3774 2144 3813 unum

488 3853 843 3909 obtinuisset
871 3851 1207 3923 imperium,
1235 3852 1291 3904 et
1325 3848 1567 3903 Michael
1600 3847 1936 3903 declaratus
1967 3851 2143 3913 esset,

486 3948 661 4014 atque
720 3942 999 3997 adversus
1066 3940 1260 4009 ipsum
1317 3938 1658 3993 Comnenus
1716 3937 2031 4006 incitatus,
2090 3940 2149 3991 et

482 4031 770 4085 exercitus
803 4032 1000 4084 essent
1028 4027 1327 4082 intestinis
1362 4026 1529 4081 bellis
1559 4026 1846 4097 occupati,
1878 4042 1943 4081 ac
1976 4042 2146 4081 nemo

482 4120 712 4174 Boberti
772 4122 1019 4173 conatus
1076 4115 1438 4186 prohiberet,
1487 4131 1740 4187 magnus
1796 4132 1864 4169 ex
1924 4114 2033 4170 hoc
2092 4119 2149 4170 et

481 4207 730 4263 illustris
760 4207 978 4273 evasit;
1034 4205 1309 4259 idoneum
1360 4203 1514 4259 enim
1565 4208 1755 4275 coegit
1801 4204 2123 4259 exercitum

483 4303 540 4353 et
570 4312 856 4367 equorum
886 4300 1063 4365 atque
1090 4292 1348 4364 pecuniae
1372 4301 1427 4347 et
1448 4309 1746 4347 armorum
1777 4294 1997 4363 potitus
2028 4293 2148 4367 est'

483 4366 691 4438 cumiii
723 4385 821 4453 qui
855 4383 927 4437 ab
977 4381 1327 4452 imperatore
1359 4382 1537 4436 duces
1591 4381 1837 4437 urbibus
1890 4366 2148 4453 praefecti

482 4477 670 4541 erant,
701 4488 814 4527 non
848 4474 1089 4542 possent
1115 4473 1317 4524 contra
1344 4486 1651 4540 erumpere
1684 4470 1757 4524 ob
1789 4471 2142 4541 paucitatem

481 4576 727 4616 suorum
786 4563 843 4616 et
902 4557 1191 4614 modicam
1252 4558 1557 4613 virtutem.
1594 4559 1892 4614 Comneno
1953 4564 2147 4615 autem

2278 656 2422 709 γετο,
2470 634 2691 706 Ἑλένην
2744 635 3120 710 μετονομάσας
3164 636 3353 709 αὐτήν.
3412 643 3731 717 Κατεσχέθη
3784 640 3843 697 δὲ
3890 646 3923 713 ἡ

2277 719 2652 801 Αογγιϐαρδία
2702 728 2814 798 (37)
2874 726 3010 802 πρὸς
3054 731 3151 781 τοῦ
3192 727 3563 803 Ῥουμπέρτου
3610 735 3800 786 τοῦτον
3833 732 3921 787 τὸν

2276 812 2500 886 τρόπον·
2564 815 2836 890 Γεώργιος
2895 817 2923 870 ὁ
2984 815 3270 886 Μανιάκης
3319 818 3406 872 ἐπὶ
3456 820 3772 876 καταστάσει
3814 826 3920 877 τῶν

2279 900 2331 956 έν
2390 900 2593 973 Ἰταλίᾳ
2663 903 2995 978 πραγμάτων
3066 905 3394 971 ἀποσταλεὶς
3462 911 3921 986 προσηταιρίσατο

2281 991 2377 1063 μὶν
2440 994 2723 1068 Φράγγους
2771 991 3038 1065 πολλοὺς,
3097 997 3216 1059 καθ’
3272 997 3483 1071 ἡμέραν
3538 995 3595 1053 δὲ
3650 1000 3740 1055 καὶ
3796 1001 3922 1063 τοὺς

2276 1081 2423 1156 παρὰ
2478 1085 2575 1136 τοῦ
2628 1087 2914 1137 Δοκειανοῢ
2969 1085 3306 1148 κακωθέντας
3363 1086 3453 1141 καὶ
3503 1088 3736 1163 ἡσυχίαν
3778 1089 3922 1167 ἄγειν

2278 1163 2329 1222 ἔν
2435 1191 2544 1225 τισι
2643 1169 2870 1245 τέρμασι
2956 1175 3054 1241 τῆς
3140 1171 3375 1237 Ἰταλίας
3454 1163 3844 1250 παρεσκεύασεν
3904 1200 3916 1213 ⁵

2277 1260 2357 1331 [Ρ.
2417 1261 2543 1333 854]
2602 1258 2865 1316 έδεδίεσαν
2939 1262 3039 1338 γὰρ
3115 1261 3298 1331 αὐτὸν,
3358 1269 3546 1340 πεῖραν
3599 1270 3698 1331 τῆς
3760 1268 3921 1323 αὐτοῦ

2276 1346 2326 1401 έν
2386 1346 2655 1422 πολέμοις
2710 1351 3089 1425 γενναιότητος
3154 1347 3395 1427 ἔχοντες.
3457 1355 3807 1431 Ἀντάραντος
3867 1356 3923 1413 δέ

2272 1441 2352 1509 τῷ
2383 1440 2702 1514 Μονομάχῳ
2742 1439 2831 1494 καὶ
2872 1443 3370 1517 κατηγωνισμένου,
3404 1443 3455 1498 οἱ
3508 1444 3605 1517 μὶν
3646 1446 3737 1501 σὺν
3771 1447 3921 1519 αὐτῷ

2274 1528 2663 1602 περαιωθέντες
2694 1533 2773 1601 τῷ
2824 1528 3040 1605 βασιλεῖ
3090 1527 3455 1595 δουλωθέντες
3505 1534 3923 1592 Μανιακάτοιτι

2273 1614 2737 1688 ἐπωνομάσθησαν
2796 1619 2885 1673 καὶ
2941 1623 3008 1693 τῇ
3067 1619 3354 1693 Ῥωμαίων
3409 1618 3566 1678 πόλει
3639 1624 3922 1699 έναπέμει-

2272 1725 2386 1776 ναν,
2446 1706 2500 1759 οἱ
2544 1704 2600 1761 δὲ
2650 1704 2835 1762 λοιποὶ
2877 1707 2928 1762 ἐν
2993 1708 3196 1781 Ἰταλίᾳ
3244 1710 3661 1790 ὑπελείφθησαν.
3708 1717 3807 1769 Ἦν
3866 1714 3923 1771 δέ

2269 1815 2354 1855 τις
2402 1793 2453 1849 ἐν
2504 1796 2687 1858 αὐτοῖς
2739 1798 3108 1873 Ῥουμπέρτος
3156 1799 3420 1875 τοῦνομα,
3454 1804 3668 1877 ἀνεψιὸς
3700 1802 3920 1879 Ἀρδοΐο

2272 1904 2366 1937 νου
2416 1890 2512 1938 τοῦ
2592 1888 2694 1941 ὑπὸ
2772 1893 3060 1942 Δοκειανοῦ
3116 1892 3533 1966 μαστιχθέντος,
3595 1890 3767 1955 δεινὸς
3828 1895 3919 1948 καὶ

2273 1972 2613 2046 Θυμοειδής,
2691 1978 3007 2051 τυραννικὸν
3066 1974 3211 2054 ἔχων
3269 1980 3332 2034 τὸ
3407 1982 3711 2058 φρόνημα,
3771 1984 3920 2045 ὅστις

2270 2068 2511 2137 φανερῶς
2569 2066 2661 2136 μὲν
2712 2063 2957 2135 ἐξελάσαι
2999 2073 3100 2136 τῆς
3159 2068 3389 2130 Ἰταλίας
3427 2069 3554 2134 τοὺς
3609 2072 3922 2145 Ῥωμαίους

2270 2148 2520 2221 ἐμελέτα,
2555 2149 2710 2207 ὤκνει
2743 2150 2801 2208 δὲ
2849 2153 3004 2227 ὅμως
3045 2155 3142 2225 τὴν
3190 2156 3505 2233 ἐγχείρησιν
3554 2161 3640 2214 καὶ
3683 2156 3920 2218 ἀνεϐάλ-

2270 2237 2416 2311 λετο,
2470 2236 2662 2311 ἀσθενῆ
2716 2243 2901 2298 ἑαυτὸν
2951 2246 3116 2320 ὁρῶν,
3176 2248 3266 2300 καὶ
3310 2248 3448 2321 πρὸς
3492 2250 3591 2318 τήν
3634 2255 3731 2304 τοῦ
3766 2252 3922 2325 βασι-

2270 2325 2411 2391 λέως
2471 2330 2625 2405 ἰσχὺν
2687 2330 2934 2407 ὠρρώδει
2986 2334 3173 2389 ἑαυτὸν
3230 2334 3634 2411 ἀντιξαγαγεῖν.
3691 2344 3802 2403 Τῆς
3863 2338 3921 2395 δέ

2267 2420 2519 2491 γυναικὸς
2570 2419 2773 2490 αὑτοῦ,
2828 2424 2895 2492 ἢν
2941 2422 3046 2477 ἀπὸ
3094 2426 3372 2499 Φραγγίας
3418 2426 3697 2502 ἠγάγετο,
3727 2440 3917 2483 τελευ-

2264 2508 2508 2577 τησάσης
2581 2510 2761 2585 ἑτέραν
2831 2509 3060 2585 ἄγεται,
3116 2510 3307 2567 Γαίταν
3368 2516 3460 2587 μὲν
3520 2515 3868 2590 καλουμένην
3900 2563 3914 2587 ,

2267 2598 2527 2672 θυγατέρα
2560 2595 2616 2652 δὲ
2665 2597 2824 2653 οὖσαν
2870 2600 3166 2675 πρίγκιπος
3218 2604 3405 2677 χώραν
3462 2604 3560 2659 οὐκ
3601 2605 3793 2681 ὀλίγην
3820 2601 3916 2684 ’ὑφ’

2266 2685 2450 2740 ἑαυτὸν
2506 2685 2747 2761 ἔχοντος.
2802 2690 3167 2765 Ἀγαγόμενος
3229 2693 3317 2746 οὗν
3368 2693 3566 2764 ταύτην
3598 2696 3913 2767 κατῴκησεν

2264 2772 2316 2828 ἐν
2344 2781 2460 2837 ταῖς
2512 2775 2705 2831 πόλεσι
2750 2784 2870 2841 ταῖς
2922 2776 3303 2857 διαφερούσαις
3349 2786 3416 2855 τῇ
3467 2782 3630 2838 αὐτοῦ
3672 2787 3913 2859 γυναικὶ.

2264 2865 2336 2917 ὧν
2370 2867 2403 2933 ἡ
2453 2867 2644 2941 πρώτη
2711 2869 2803 2939 μὲν
2848 2868 2940 2922 καὶ
3002 2868 3228 2944 μεγίστη
3293 2870 3534 2945 Σαλερὸς
3562 2874 3913 2947 ὀνομάζεται.

2265 2956 2499 3010 Ἐκεῖθεν
2560 2954 2650 3010 οὖν
2710 2960 2799 3010 οἷα
2854 2956 3094 3028 κλέπτης
3141 2960 3229 3013 καὶ
3281 2959 3490 3033 λῃστὴς
3535 2961 3687 3032 ἐξιὼν
3738 2964 3807 3017 τὰ
3844 2968 3913 3037 τῇ

2259 3043 2534 3116 Ῥωμανίᾳ
2609 3044 2933 3118 ὑποκείμενα
2989 3044 3270 3119 έληῗζετο,
3328 3053 3488 3103 τοῦτο
3552 3050 3647 3122 μὶν
3705 3051 3858 3106 Καλα
3891 3084 3915 3096 -

2261 3127 2415 3207 δρίαν
2460 3132 2908 3208 αἰχμαλωτίζων,
2960 3139 3125 3189 τοῦτο
3176 3133 3233 3191 δὲ
3277 3138 3375 3207 τήν
3410 3136 3642 3193 Ἰταλίαν
3674 3136 3912 3194 δουλοῦ-

2265 3242 2446 3292 μενος.
2507 3224 2626 3278 Τῶν
2702 3219 2749 3276 δ’
2803 3220 3178 3296 ἁλισκομένων
3234 3225 3607 3300 αἶ’χμαλώτων
3679 3228 3753 3282 ὧν
3816 3229 3915 3300 μὲν

2262 3317 2451 3385 χεῖρας
2485 3310 2703 3385 ἀφῃρει,
2749 3312 2821 3365 ὧν
2874 3309 2931 3366 δὲ
2972 3311 3141 3375 πόδας
3172 3314 3602 3388 ἠκρωτηρίαζεν,
3634 3314 3823 3371 ἄλλων
3859 3315 3920 3372 δὶ

2257 3399 2525 3454 ἀπέκοπτε
2581 3400 2671 3455 καὶ
2730 3400 3010 3479 ἀμφότερα
3045 3446 3057 3469 ,
3114 3404 3263 3465 τινας
3323 3400 3380 3458 δὲ
3430 3405 3519 3459 καὶ
3579 3406 3911 3477 ἀπημπόλει

2256 3491 2560 3564 χρημάτων
2613 3488 2865 3559 πολλῶν,
2918 3488 3297 3564 δεδιττόμενος
3354 3494 3427 3555 ὡς
3465 3493 3515 3548 εἷ’
3542 3495 3617 3566 μὴ
3648 3493 3912 3569 προδοῖεν

2253 3580 2348 3640 τὰς
2398 3577 2585 3640 πόλεις
2647 3579 2735 3634 moi
2790 3578 3130 3635 ὐποκλιθεῖεν
3191 3580 3357 3654 αὐτῷ,
3418 3582 3479 3637 οὐ
3535 3586 3699 3638 ταῦτα
3746 3585 3912 3657 μόνα,

2255 3666 2400 3722 ἀλλὰ
2444 3670 2533 3722 καὶ
2582 3669 2807 3745 χείρονα
2854 3669 3149 3727 πείσονται.
3207 3671 3529 3726 Νοσούντων
3585 3670 3641 3726 δὲ
3692 3672 3746 3727 ἐν
3787 3680 3911 3735 τοῖς

2260 3757 2556 3834 βοσιλείοις
2613 3764 2720 3812 τῶν
2782 3758 3018 3828 οἰκείων,
3067 3757 3294 3832 οὐδεμία
3347 3765 3454 3815 τῶν
3502 3763 3807 3837 γινομένων
3852 3762 3905 3817 έν

2255 3846 2456 3917 Ἰταλίᾳ
2526 3846 2727 3922 ἐγίνετο
2801 3846 3099 3927 έπιστροφή
3137 3893 3148 3905 ,
3209 3854 3312 3903 Τοῦ
3390 3851 3493 3926 γὰρ
3560 3853 3909 3927 Μονομάχου

2260 3937 2393 4010 μετὰ
2455 3935 2631 4012 βραχὺ
2688 3934 3136 4008 τελευτησαντος,
3196 3936 3477 4013 Θεοδώρας
3533 3937 3589 3993 δέ
3645 3947 3747 4008 τῆς
3796 3940 3911 3995 Αὐ-

2254 4026 2487 4102 γούστης
2529 4025 2611 4103 έφ³
2656 4023 2747 4080 ἕνα
2790 4026 2988 4101 χρόνον
3032 4027 3130 4095 τὴν
3175 4026 3448 4101 βασιλείαν
3498 4028 3913 4103 κατασχούσης,

2256 4120 2351 4169 τοῦ
2405 4135 2463 4169 τε
2521 4114 2751 4190 Μιχαὴλ
2810 4117 3179 4191 ἀναιρεθέντος
3228 4116 3317 4171 καὶ
3365 4122 3463 4172 τοῦ
3495 4122 3784 4189 Κομνηνοῦ
3820 4117 3920 4172 ἐπ-

2258 4204 2580 4265 αναστάντος
2613 4203 2779 4276 αὐτῷ,
2811 4205 2899 4258 καὶ
2946 4209 3053 4259 τῶν
3105 4205 3519 4281 στρατευμάτων
3556 4205 3917 4281 ἀσχολουμέ-

2257 4316 2359 4347 νων
2409 4299 2523 4355 τοῖς
2569 4291 2860 4370 ἐμφυλίοις
2911 4291 3201 4366 πολέμοις,
3255 4292 3483 4367 μηδενός
3534 4315 3592 4349 τε
3623 4291 3778 4357 ὄντος
3812 4301 3917 4351 τοῦ

2256 4383 2355 4450 τὴν
2413 4382 2590 4456 ὁρμὴν
2650 4386 2746 4435 τοῦ
2804 4382 3177 4455 Ῥουμπέρτου
3225 4382 3590 4450 κωλύσοντος,
3648 4382 3814 4459 μέγας
3853 4384 3917 4440 ὲκ

2256 4471 2455 4526 τούτου
2494 4470 2582 4525 καὶ
2633 4467 2960 4546 περιϐόητος
3009 4474 3218 4547 γέγονε·
3275 4474 3498 4545 στρατὸν
3545 4474 3646 4548 γὰρ
3685 4472 3920 4543 ἀξιόλο-

2257 4582 2348 4634 γον
2381 4561 2736 4630 συνεστήσατο
2779 4560 2870 4615 καὶ
2912 4558 3098 4615 ’ίππων
3144 4560 3233 4615 καὶ
3265 4580 3375 4636 χρη
3389 4562 3571 4634 μάτων
3604 4560 3693 4616 καὶ
3726 4562 3919 4636 ἁρμά-

480 4650 691 4721 adepto
738 4648 1078 4720 imperium,
1108 4652 1431 4702 Turcorum
1485 4646 1643 4702 natio
1674 4647 1973 4703 Orientem
2009 4666 2135 4720 pre-

2263 4671 2350 4703 των
2406 4648 2609 4725 ἐγένετο
2666 4649 2876 4723 κύριος,
2924 4654 3031 4704 τῶν
3078 4648 3128 4705 έν
3183 4656 3302 4712 ταῖς
3352 4649 3545 4705 πόλεσι
3577 4658 3915 4725 στρατηγεῖν

484 4756 660 4807 mere,
724 4737 1014 4793 Patzinaci
1082 4752 1216 4791 vero
1276 4735 1671 4793 Occidentem.
1732 4736 1896 4793 Cedit
1961 4738 2142 4809 igitur

477 4830 813 4898 Tbrymbus
845 4825 1135 4893 Calabria,
1170 4825 1271 4896 qui
1321 4824 1439 4879 illic
1488 4826 1608 4881 dux
1659 4831 1782 4881 erat
1828 4827 2138 4891 exercitus,

480 4924 679 4991 aperte
710 4921 913 4973 contra
941 4914 1253 4969 Scribonas
1294 4914 1524 4970 facinus
1555 4932 1738 4970 ausus
1771 4932 1784 4969 :
1819 4932 1951 4970 curn
1988 4916 2138 4972 722

482 5006 638 5062 enim
681 5003 975 5077 indigenis
1008 5002 1250 5057 minime
1302 5003 1528 5075 placere
1576 5009 1839 5059 cerneret
1869 5006 2022 5075 quod
2055 5006 2138 5061 fa-

480 5102 644 5153 ctum
694 5099 870 5163 esset,
903 5093 1068 5149 exsul
1121 5092 1192 5147 ad
1247 5092 1662 5162 imperatorem
1723 5094 2136 5163 proﬁciscitur.

480 5187 731 5243 Mittitur
769 5184 950 5256 igitur
979 5184 1098 5237 dux
1144 5180 1320 5237 Italiae
1360 5182 1679 5238 Abulchar.
1714 5183 2003 5239 Robertus
2034 5202 2137 5240 au-

476 5282 592 5332 tem
643 5289 777 5329 cum
835 5276 1071 5343 propter
1119 5269 1541 5325 Scribonarum
1592 5271 1809 5326 caedem
1861 5272 2138 5330 Calabros

472 5368 846 5437 exasperatos
876 5361 1113 5428 videret,
1148 5357 1257 5413 hac
1301 5375 1534 5430 quoque
1565 5360 1635 5415 de
1666 5377 1847 5415 causa
1877 5362 2138 5419 rebellio-

475 5472 596 5510 rem
630 5451 975 5519 meditatus,
1009 5465 1124 5504 non
1160 5451 1225 5502 ut
1272 5448 1529 5519 amplius
1577 5466 1920 5506 reversurus
1970 5468 2136 5523 egre-

2246 4740 2586 4814 τεταγμένων
2642 4740 2778 4811 πρὸς
2842 4738 3068 4813 βασιλέα
3129 4741 3204 4812 μὴ
3256 4738 3568 4812 δυναμένων
3612 4738 3915 4810 ἀντεξιέναι

2248 4824 2570 4902 ὀλιγανδρίᾳ
2623 4828 2710 4882 καὶ
2767 4827 3026 4899 κακότητι
3083 4835 3188 4883 τῶν
3250 4828 3340 4882 σὺν
3397 4829 3586 4891 αὐτοῖς
3622 4871 3633 4883 .
3682 4832 3787 4882 Τοῦ
3851 4827 3915 4885 δὶ

2249 4922 2534 4990 Κομνηνοῦ
2590 4924 2690 4987 τῆς
2768 4915 3046 4993 βασιλείας
3121 4917 3410 4993 έγκρατοῦς
3469 4921 3767 4995 γενομένου
3844 4923 3917 4976 τὰ

2252 5006 2345 5079 μὲν
2379 5011 2484 5061 τῶν
2533 5007 2786 5081 Τούρκων
2836 5008 2934 5075 τήν
2982 5003 3287 5075 Ἀνατολην
3341 5002 3575 5079 ἔολιϐεν,
3610 5008 3662 5063 οἱ
3696 5014 3915 5080 Ιιατζι-

2246 5098 2401 5150 νάκοι
2457 5094 2514 5150 δὶ
2567 5097 2665 5166 τὴν
2724 5095 2879 5150 Δόσιν
2935 5095 3190 5164 έπίεζον.
3250 5101 3560 5172 Ὑποχωρεῖ
3612 5101 3748 5172 γοῦν
3804 5107 3918 5170 τῆς

2248 5179 2562 5259 Καλαϐρίας
2611 5186 2638 5239 ὁ
2690 5179 2982 5259 Θρυμϐὸς,
3037 5185 3095 5247 ’ὸς
3147 5184 3317 5239 ἐκεῖσε
3370 5191 3687 5261 στρατηγῶν
3749 5188 3918 5263 έτύγυ

2248 5294 2403 5349 χανε,
2461 5274 2523 5328 τὸ
2569 5275 2704 5329 κατὰ
2746 5273 2872 5337 τοὺς
2921 5269 3239 5349 Σκρίϐωνας
3286 5270 3414 5348 ἄγος
3464 5271 3659 5345 ἀνέδην
3718 5276 3923 5333 τετολ-

2250 5366 2460 5436 μηκώς·
2543 5364 2618 5436 μὴ
2678 5364 2898 5434 ἀρέσκον
2952 5362 3053 5438 γὰρ
3105 5368 3224 5424 τοῖς
3283 5361 3576 5439 ἐγχωρίοις
3634 5365 3782 5439 ὁρῶν
3846 5368 3915 5423 τὸ

2246 5452 2644 5529 πεπραγμένον,
2705 5453 2874 5531 φυγὰς
2921 5452 2996 5515 ὡς
3047 5451 3274 5528 βασιλέα
3317 5453 3543 5527 γίνεται.
3599 5451 3926 5512 Στέλλεται

1807 5574 2054 5633 JACOBI
2094 5580 2309 5637 GOARI
2349 5580 2579 5636 NOT/E.

545 5682 753 5759 (3711a
796 5686 885 5739 est
936 5678 1147 5753 Apulia
1198 5680 1256 5733 et
1306 5677 1638 5751 adjacentes
1690 5681 2024 5754 provincias,
2058 5685 2275 5758 quibus
2324 5685 2530 5743 ultimo
2573 5685 2756 5743 Graeci
2806 5686 3263 5759 imperaverunt.
3300 5684 3629 5743 Becolenda
3664 5692 3815 5744 nota
3849 5688 3915 5746 in

475 5774 533 5833 p.
568 5756 695 5813 577.
