4078 6336
212 434 326 490 452

1711 431 2106 492 HISTORIA.

3501 440 3620 496 454

212 568 333 640 γοῦν
365 561 490 634 δοὺξ
521 562 746 624 Ιταλίας
797 564 824 617 ὁ
871 556 1233 639 Ἀϐουλχαρὲ.
1277 564 1341 620 Ὀ
1380 558 1438 617 δί
1484 563 1851 638 Ῥουμπίτρος

1987 564 2146 634 litor,
2177 564 2558 636 adhibitaque
2589 565 2882 621 celeritate
2912 566 3194 638 Rhegium
3223 569 3378 640 capit
3418 570 3620 628 urbem

212 658 272 727 τῇ
323 657 433 708 τῶν
493 646 817 721 Σκριϐώνων
892 652 1132 724 ἀναιρεσι
1184 649 1530 706 δεινοπαθοῦν
1585 651 1648 706 τὸ
1695 652 1848 726 γένος

213 745 346 818 ἀρῶν
403 746 511 796 τῶν
573 735 872 812 Καλαϐρῶν
931 736 1044 813 ἅμα
1099 741 1203 795 κάκ
1266 747 1364 810 τῆς
1419 740 1594 802 αἶτίας
1650 740 1850 811 ταύτης

211 831 492 886 ἀπόστασιν
556 829 819 903 μελετῶν,
875 833 955 904 [Ρ.
1013 832 1146 903 855]
1199 830 1379 885 οὐκέτι
1441 831 1535 903 μὶν
1592 831 1666 892 ὡς
1725 831 1853 885 ὑπο-

213 923 449 994 στρέψων
496 917 676 989 ἔξεισι,
728 917 939 993 σπουδῇ
995 915 1051 973 δὲ
1099 917 1294 980 ἐλάσας
1346 919 1491 991 αἱρεῖ
1545 919 1607 973 τὸ
1638 919 1853 993 Ῥήγιον

211 1008 366 1064 πόλιν
425 1007 666 1083 μεγάλην
710 1008 796 1062 καὶ
846 1006 1106 1085 ἐπίφακῆ,
1153 1007 1203 1062 ἰν
1257 1008 1302 1080 ᾠ
1352 1008 1598 1078 συνήθως
1649 1007 1677 1060 6
1728 1003 1852 1077 δουξ

213 1105 439 1168 Ἰταλίας
472 1100 734 1180 διέτριϐεν
772 1127 784 1139 ·
835 1108 967 1174 ἦσαν
1014 1105 1118 1180 γὰρ
1164 1104 1215 1159 ἐν
1263 1103 1443 1177 τούτῳ
1491 1103 1769 1177 οἴκηματά
1797 1124 1855 1158 τε

212 1193 479 1270 διαπρεπῆ
531 1193 620 1248 καὶ
662 1197 768 1248 τῶν
820 1191 1142 1264 ἐπιτηδείων
1197 1192 1423 1270 ἀφθονία
1470 1192 1678 1263 πολλή.
1721 1193 1780 1249 Ὀ
1809 1189 1854 1246 δ’

213 1279 555 1358 ’Δόουλχαρὶ
611 1283 673 1337 τὸ
728 1282 1034 1358 Δυρρἀχιον
1081 1277 1404 1336 καταλαϐὼν
1455 1281 1505 1352 ἐξ
1552 1281 1756 1336 ἐκείνου
1797 1301 1855 1336 τε

212 1373 281 1434 εἷς
309 1375 411 1443 τήν
451 1372 611 1448 Βάριν
659 1373 1006 1445 περαιωθεὶς,
1054 1373 1360 1445 πυθόμενος
1413 1371 1493 1426 ὅτι
1535 1372 1596 1426 τὸ
1632 1372 1852 1444 Ῥήγιον

210 1463 296 1518 ξ’).
435 1458 459 1478 ”
589 1485 607 1492 -
734 1461 756 1498 θ’
805 1463 817 1478 “
918 1461 940 1516 ὶ
1066 1465 1091 1476 “
1219 1462 1228 1478 ’
1415 1462 1425 1474 ’
1506 1467 1526 1477 ⁸
1569 1483 1584 1492 ·
1680 1462 1740 1498 ’ρ

235 1485 263 1518 α
303 1486 369 1532 ω,
431 1484 639 1536 εμεινιν
699 1483 856 1518 αυτον
944 1485 968 1513 ν
1028 1482 1095 1536 τῃ
1157 1465 1616 1538 Βαρει,κακειθιν
1665 1484 1738 1525 ω,
1787 1461 1852 1530 ἦν

213 1551 428 1609 δυνατὸν
473 1557 582 1608 τῶν
639 1551 714 1607 ἔτι
753 1554 820 1607 τὰ
864 1553 1150 1625 Ῥωμαίων
1205 1557 1520 1630 φρονουσῶν
1575 1553 1855 1626 ἀντείχετο

211 1643 446 1710 πόλεων,
508 1641 845 1715 στρατηγοὺς
895 1641 1124 1718 ἐφιστών
1176 1641 1266 1694 καὶ
1336 1641 1557 1715 στρατὸν
1619 1642 1855 1713 ἐπιπὲμ·

817 1727 894 1785 ἔτι
940 1731 1040 1805 γὰρ
1100 1729 1360 1808 ἐφρόνουν
1409 1730 1475 1785 τά
1505 1727 1854 1803 Ῥωμαίωνῆ

210 1842 263 1876 τε
319 1821 510 1895 Βάρις,
570 1821 603 1889 ἡ
662 1817 902 1894 ⁸Γδροῦς,
962 1821 997 1888 ἡ
1055 1817 1422 1885 Καλλίπολις,
1489 1821 1517 1874 6
1573 1819 1855 1894 Τάρας,τὸ

211 1753 318 1786 πων
349 1731 427 1792 εἷς
461 1727 710 1805 φυλακήν
747 1749 760 1760 °

1960 670 2228 725 magnam
2283 659 2340 709 ut
2389 653 2700 723 illustrem,
2740 655 2839 709 ubi
2873 662 3256 713 consueverat
3287 657 3406 712 dux
3436 658 3618 715 Italia:

1959 743 2328 813 commorari,
2361 745 2516 815 quod
2552 744 2631 800 ibi
2665 753 2860 800 essent
2907 750 2964 801 et
3018 747 3345 819 magniﬁcae
3403 749 3620 806 domus

1960 837 2018 887 et
2059 849 2262 888 eorum
2314 850 2441 905 quae
2492 835 2563 888 ad
2614 835 2836 889 victum
2890 837 3220 892 necessaria
3267 843 3409 893 sunt
3455 839 3623 911 capia

1961 921 2172 978 multa.
2207 923 2538 978 Abulchare
2589 929 2787 978 autem
2818 940 2950 979 cum
2985 925 3368 998 Dyrrachium
3416 945 3620 1000 perve-

1965 1007 2148 1064 nisset
2178 1009 2314 1064 inde
2345 1008 2581 1065 Barium
2633 1010 2986 1080 transmisit,
3029 1029 3281 1084 cumque
3332 1014 3618 1086 Rhegium

1963 1103 2202 1169 captum
2233 1099 2626 1170 cognovisset,
2651 1116 2784 1154 cum
2820 1101 2947 1155 Bari
2981 1104 3378 1172 exspectabat,
3404 1110 3462 1160 et
3485 1105 3622 1162 inde

1964 1193 2255 1258 quantum
2287 1192 2532 1260 poterat,
2571 1188 2744 1244 urbes
2775 1189 2967 1244 adhuc
2997 1191 3219 1246 amicas
3249 1193 3528 1248 Romanis
3558 1193 3617 1250 in

1963 1276 2154 1332 ofﬁcio
2186 1294 2251 1332 ac
2283 1279 2395 1333 tide
2425 1278 2779 1343 continebat,
2815 1279 3132 1348 preﬁciens
3153 1281 3354 1348 duces,
3381 1289 3438 1337 et
3459 1299 3620 1339 exer-

1965 1365 2148 1420 citum
2217 1367 2454 1422 mittens
2515 1367 2586 1421 ad
2661 1365 2920 1421 locorum
2981 1369 3310 1424 custodiam
3363 1388 3376 1426 :
3431 1372 3622 1427 adhuc

1963 1454 2120 1509 enim
2153 1471 2184 1508 a
2217 1454 2497 1510 Romanis
2530 1459 2697 1509 erant
2731 1454 2916 1525 Baris,
2942 1455 3132 1525 Idrus,
3164 1456 3485 1529 Callipolis,
3520 1461 3626 1516 Ta-

1963 1545 2630 1611 rentum,Brundusium
2653 1551 2712 1599 et
2736 1549 2896 1600 Horae
2919 1550 2976 1600 et
2999 1545 3114 1600 alia
3134 1547 3414 1618 oppidula
3437 1549 3626 1605 multa

1963 1637 2022 1688 et
2052 1633 2288 1689 omnino
2320 1641 2442 1688 tota
2474 1633 2653 1705 regio.
2690 1635 2918 1688 Interea
2961 1651 3096 1689 vero
3145 1635 3478 1692 declaratus
3508 1637 3628 1693 dux

1964 1729 2143 1786 Italiaa
2186 1735 2438 1786 Perenus
2488 1731 2617 1785 fuit.
2673 1731 2816 1786 Cum
2869 1747 3000 1786 vero
3053 1749 3164 1787 non
3223 1733 3515 1803 potuisset
3566 1734 3626 1789 in

1965 1819 2427 1890 Longobardiain
2462 1820 2658 1890 copias
2684 1819 2954 1890 trajicere
2983 1826 3222 1892 propter
3254 1821 3488 1878 Roberti
3524 1840 3625 1894 po-

215 1906 522 1985 Βρενδίσιον
553 1910 640 1963 xui
671 1909 724 1962 ui
757 1911 910 1984 Ὧραι
943 1908 1033 1963 xui
1073 1907 1218 1964 ἄλλα
1259 1906 1525 1984 πολίχνια
1571 1909 1730 1964 ἱκανά
1765 1908 1854 1962 xui

1989 1909 2230 1973 entiam,
2265 1909 2564 1980 Dyrrachii
2595 1909 2833 1974 mansit,
2867 1910 2987 1964 dux
3019 1909 3318 1980 Dyrrachii
3363 1912 3627 1984 appella-

213 2002 350 2052 πᾶσα
380 2000 416 2066 ἡ
451 1998 612 2073 χώρα
658 1994 870 2058 ἁπλῶς.
921 1999 1006 2054 Ἑν
1062 2001 1142 2068 τῷ
1195 1997 1390 2070 μεταξὺ
1433 1995 1491 2052 δὲ
1535 1992 1854 2068 προεϐλήθη

227 2083 345 2156 δουξ
395 2089 496 2152 τῆς
554 2082 786 2148 Ἰταλίας
836 2086 862 2139 6
930 2086 1196 2160 ΙΙερ-ηνός.
1257 2087 1344 2154 Μὴ
1401 2083 1651 2156 δυνηθεὶς
1700 2084 1756 2138 δὲ
1788 2085 1862 2146 εἷς

223 2171 627 2250 Λογγιϐαρδίαν
686 2177 1056 2250 περαιωθῆναι
1113 2171 1202 2230 δια
1257 2177 1354 2244 τὴν
1409 2179 1506 2230 τοῦ
1561 2175 1865 2246 Ῥουμπέρ-

221 2287 311 2320 του
341 2262 796 2320 καταδυναστείαν
847 2260 1054 2337 ἔμεινεν
1107 2264 1156 2318 ἐν
1200 2263 1516 2340 Δυρῥαχίῳ,
1542 2263 1868 2335 ὀνομασθείς

284 2360 307 2369 -
489 2353 500 2372 ι
595 2353 604 2371 ι
724 2351 748 2369 κ
800 2353 812 2371 Ι
971 2360 986 2380 γ
1151 2348 1160 2364 ι
1335 2349 1374 2368 M
1551 2359 1564 2372 ν
1817 2352 1830 2367 ε

219 2376 312 2410 του
361 2354 671 2430 Δυρραχιου
720 2353 865 2424 οουξ.
946 2360 1258 2428 δικηφορος
1331 2371 1388 2406 οε
1444 2354 1471 2407 6
1530 2359 1870 2427 Καραντηνος

222 2442 490 2519 ὶκδρομάς
537 2443 870 2514 ποιτυμένου
919 2447 1019 2496 τοῦ
1072 2443 1440 2515 Ῥουμπὲτρου
1483 2439 1573 2495 xui
1603 2441 1870 2495 κακώσεσι

225 2533 441 2607 μυρίαις
498 2532 624 2594 τοὺς
683 2530 924 2595 Ἰταλοὺς
972 2531 1407 2606 κατατρ·5χοντος
1480 2527 1690 2586 ἰδειλία
1751 2530 1870 2603 μὶν,

222 2631 375 2703 ἔμενε
434 2628 482 2685 δ’
540 2632 696 2703 ὅμως
733 2631 832 2697 τήν
884 2627 943 2684 ἐκ
999 2628 1267 2704 βασιλέως
1313 2628 1589 2701 ἀναμένων
1650 2627 1870 2684 ἰπικου-

225 2721 366 2797 ρίαν.
407 2722 580 2778 Πᾶσαι
641 2720 730 2774 οὖν
783 2720 835 2773 αἱ
895 2718 1155 2776 Ἰταλικαὶ
1201 2717 1391 2780 πόλεις
1439 2719 1872 2792 προσεχώρησαν

224 2811 311 2864 xui
375 2810 616 2883 φρουρὰν
652 2805 1008 2885 παρεδὲξαντο
1041 2827 1054 2838 ·
1112 2807 1249 2868 τινὶς
1299 2805 1354 2862 δὲ
1399 2807 1487 2860 xui
1519 2808 1757 2884 φρουρὰν
1794 2808 1870 2880 μὴ

223 2897 645 2970 καταδεξάμεναι
722 2897 1027 2975 ὑποφόρους
1099 2900 1451 2967 κατέστησαν.
1530 2897 1750 2953 Τούτων
1817 2893 1875 2950 δὶ

225 2987 371 3042 οὕτω
417 2986 765 3058 τελουμένων
812 2990 998 3064 φυγεῖν
1058 2984 1153 3057 μὲν
1190 2980 1326 3061 ἔγνω
1385 2984 1473 3038 xui
1519 2985 1547 3039 6
1599 2991 1875 3057 Καραντη-

225 3079 339 3140 νὸς,
415 3075 814 3146 αὐξανομένους
899 3072 1026 3136 τοὺς
1106 3073 1399 3148 Φραγγους
1475 3075 1592 3137 καθ’
1647 3074 1875 3144 εκάστην

226 3166 368 3240 ὁρῶν
407 3183 420 3197 ⁸
477 3165 537 3218 τὸ
586 3162 643 3219 δὲ
689 3167 785 3226 τῆς
843 3162 1110 3238 αἰσχύνης
1154 3159 1338 3236 ἄδοξον
1390 3162 1743 3238 λογιζόμενος
1789 3163 1876 3216 ἐπὶ

225 3251 429 3328 χώρας
451 3249 658 3324 ἔμενεν,
701 3252 763 3306 τὸ
813 3249 1126 3324 Βρενδίσιον
1184 3255 1462 3326 συντηρῶν
1514 3249 1564 3304 ἐν
1622 3255 1691 3324 τῇ
1739 3251 1875 3326 πρὸς

223 3344 314 3396 τὸν
346 3342 578 3413 βασιλέα
612 3339 788 3395 πίστει
817 3361 875 3394 τε
931 3339 1019 3394 καὶ
1071 3336 1360 3394 δουλώσει.
1423 3340 1630 3414 Ἀπάτη
1683 3337 1739 3394 δὲ
1785 3341 1872 3394 καὶ

228 3427 384 3502 δόλῳ
440 3429 570 3492 τοὺς
651 3429 979 3501 προσοίκους
1058 3426 1343 3504 Φράγγους
1393 3429 1705 3503 ὑπέρχεται.
1770 3437 1875 3483 Λα-

227 3520 431 3596 οραίως
466 3519 557 3573 οὖν
588 3517 770 3581 αὐτοῖς
828 3518 1092 3592 ἐντυχὼν,
1151 3518 1240 3572 xui
1291 3516 1415 3591 περὶ
1457 3522 1554 3572 τοῦ
1583 3515 1880 3590 προδοῦναι

226 3611 327 3678 τὴν
357 3605 523 3662 πόλιν
559 3604 759 3682 λόγους
813 3605 904 3661 xui
961 3603 1086 3667 δοὺς
1125 3606 1212 3659 xui
1245 3600 1453 3675 λαϐὼν,
1493 3604 1726 3674 ἤγοντας
1757 3606 1882 3668 τοὺς

232 3695 525 3773 Φραγγους
555 3693 769 3765 ἐδέξατο
819 3693 1068 3756 ἀνιόντας
1117 3692 1207 3749 διὰ
1255 3694 1546 3767 κλίμακος.
1598 3697 1731 3751 "Evu
1769 3696 1887 3750 καθ’

229 3785 323 3841 ἕνα
374 3789 508 3860 γοῦν
565 3793 672 3841 τῶν
729 3783 986 3839 ἀνιόντων
1045 3783 1354 3861 ἀποσφάξας
1403 3783 1477 3845 εἷς
1527 3784 1713 3839 ἑκατὸν
1763 3784 1887 3860 ἀρι-

231 3875 602 3948 Θμουμένους,
633 3873 725 3928 καὶ
775 3873 870 3934 τὰς
911 3870 1151 3949 κεφαλὰς
1181 3872 1357 3926 αὐτῶν
1389 3870 1573 3944 πλοίῳ
1605 3868 1887 3945 ἐμϐαλὼν,

233 3967 555 4036 περαιοῦται
607 3961 682 4023 εἷς
724 3961 786 4016 τὸ
836 3960 1164 4036 Δυρῥαχιον,
1217 3959 1414 4024 ἐκεῖθέν
1446 3982 1503 4016 τε
1550 3961 1627 4023 εἷς
1663 3962 1891 4036 βασιλέα

231 4058 343 4107 τῶν
411 4045 838 4123 συμϐεϐηκότων
925 4053 1133 4104 ἀπεισιν
1206 4047 1452 4126 ἄγγελος.
1511 4051 1571 4107 Ὀ
1649 4051 1742 4123 μὶν
1798 4051 1889 4104 οὖν

234 4143 482 4215 Περηνὸς
517 4139 568 4194 ὶν
622 4138 912 4214 Δυρῥαχίῳ
970 4137 1175 4210 ἔμεινε,
1233 4140 1332 4206 τὴν
1395 4135 1452 4193 δὲ
1511 4138 1787 4214 βασιλείαν
1827 4139 1894 4194 τά

234 4228 381 4285 οἷ’χοι
412 4229 606 4304 ἀνιαρὰ
657 4223 860 4296 ἕθλιϐε,
910 4227 1000 4281 καὶ
1057 4229 1156 4296 τὴν
1226 4229 1525 4296 ’Λνατολῆν
1582 4229 1649 4282 τὰ
1687 4227 1744 4282 ὲκ
1784 4232 1891 4282 τῶν

231 4318 492 4394 Τούρκων
551 4315 698 4372 δεινά
769 4314 1006 4385 ἐπίεζον,
1083 4315 1415 4388 αὐξανόμενα
1497 4317 1613 4371 καθ’
1665 4316 1892 4386 ἑκάστην

234 4407 329 4462 καὶ
419 4403 693 4479 μηδεμίαν
781 4400 1134 4477 λαμϐάνοντα
1219 4401 1392 4459 ἄνεσιν
1473 4403 1562 4460 καὶ
1637 4403 1894 4478 ἀνάγκην.

236 4504 688 4574 Τελευτήσαντος
728 4500 785 4557 δὲ
827 4507 924 4555 τοῦ
983 4499 1177 4563 δουκὸς
1231 4503 1632 4557 Κωνσταντίνου
1659 4506 1755 4556 τοῦ
1806 4504 1898 4577 βα-

235 4593 465 4661 σιλέως,
497 4595 598 4660 τῆς
660 4589 718 4646 δὲ
769 4589 1049 4666 βασιλίδος
1094 4587 1357 4652 Εὐδοκίας
1416 4591 1551 4666 πρὸς
1585 4589 1764 4666 βραχὺ
1794 4591 1893 4659 τήν

1974 2001 2088 2052 tus.
2121 1997 2480 2068 Nicephorus
2511 2003 2704 2052 autem
2739 1997 3102 2053 Carantenus
3134 2000 3508 2057 excursiones
3539 2002 3628 2058 fa-

1976 2085 2162 2142 ciente
2196 2086 2445 2142 Roberto
2489 2090 2546 2141 et
2593 2086 2840 2141 inﬁnitis
2891 2086 3061 2142 malis
3113 2087 3336 2143 Italiam
3386 2095 3630 2148 vexante

1975 2175 2158 2230 timeb
2188 2176 2514 2246 etquidem,
2547 2181 2950 2231 verumtamen
2984 2177 3058 2230 ab
3090 2177 3442 2248 imperatore
3463 2181 3632 2235 auxi-

1977 2263 2123 2318 lium
2189 2263 2586 2334 exspectabat.
2652 2267 2870 2319 Omnes
2936 2263 3118 2335 igitur
3178 2265 3388 2320 Italica
3457 2268 3633 2324 urbes

1981 2353 2052 2407 ad
2101 2369 2234 2407 eum
2301 2368 2364 2406 se
2432 2350 2861 2423 applicuerunt,
2930 2359 2988 2408 et
3056 2353 3329 2424 praesidia
3391 2371 3633 2426 accepe-

1980 2450 2152 2509 runt;
2205 2443 2471 2514 quadam
2522 2457 2655 2497 vero
2707 2443 2976 2514 presidia
3026 2449 3363 2500 recusantes
3407 2446 3632 2518 stipen-

1980 2532 2198 2587 diarias
2227 2548 2290 2587 se
2321 2532 2524 2587 fecere.
2575 2533 2674 2587 His
2705 2538 2901 2587 autem
2925 2535 3004 2587 ita
3025 2535 3295 2605 perfectis
3315 2535 3511 2607 fugere
3534 2537 3632 2592 de-

1982 2623 2165 2676 crevit
2223 2622 2372 2676 723
2430 2621 2608 2676 etiam
2665 2622 3052 2692 Carantenus,
3108 2625 3314 2678 videns
3371 2626 3634 2695 quotidie

1981 2711 2235 2766 Francos
2266 2711 2486 2782 augeri.
2517 2711 2628 2766 Sed
2661 2727 2863 2766 secum
2898 2718 3177 2783 reputans
3221 2713 3634 2786 ignominiam,

1983 2809 2042 2864 in
2077 2809 2374 2880 provincia
2421 2810 2660 2878 mansit,
2697 2809 3089 2864 Brundusium
3123 2809 3179 2864 in
3215 2811 3327 2866 ﬁde
3357 2827 3494 2884 erga
3525 2813 3634 2868 im-

1985 2900 2314 2967 peratorem
2364 2900 2420 2950 et
2465 2894 2522 2950 in
2571 2895 2851 2950 servitute
2897 2899 3226 2965 continens,
3263 2899 3464 2954 fraude
3503 2916 3636 2955 vero

1983 3001 2052 3040 ac
2081 2984 2212 3040 dolo
2247 2985 2529 3039 finitimos
2563 2985 2815 3040 Francos
2861 2985 3216 3056 aggreditur.
3251 2986 3413 3042 Clam
3456 2988 3638 3060 igitur

1986 3089 2120 3128 cum
2154 3073 2302 3143 ipsis
2341 3071 2683 3141 collocutus,
2728 3077 2787 3126 et
2834 3073 2904 3128 de
2957 3073 3253 3144 prodenda
3295 3073 3441 3146 ipsis
3490 3075 3633 3131 urbe

1989 3161 2285 3217 mentione
2319 3161 2468 3216 ultro
2505 3161 2766 3232 citroque
2798 3161 3016 3225 habita,
3053 3165 3347 3219 venientes
3381 3164 3637 3220 Francos

1987 3252 2234 3324 excepit,
2266 3257 2325 3308 et
2352 3267 2452 3323 per
2481 3251 2698 3306 scalam
2732 3252 3115 3308 ascendentes
3162 3253 3424 3323 singulos
3457 3253 3636 3309 inter-

1989 3341 2145 3408 fecit,
2178 3347 2410 3397 centum
2459 3339 2687 3395 circiter
2744 3357 3008 3408 numero,
3040 3358 3288 3412 quorum
3342 3341 3533 3414 capita
3579 3342 3639 3396 in

1991 3431 2289 3502 navigium
2324 3429 2602 3501 imposita
2633 3429 2703 3482 ad
2738 3429 3113 3500 Dyrrachium
3170 3431 3541 3498 transmittit,
3587 3435 3646 3487 et

1990 3519 2127 3575 inde
2153 3519 2222 3574 ad
2257 3518 2668 3589 imperatorem
2703 3532 2903 3572 eorum
2943 3536 3066 3587 quas
3107 3520 3440 3575 acciderant
3491 3537 3644 3576 nun-

1991 3609 2111 3664 tius
2143 3608 2556 3679 proficiscitur.
2585 3611 2842 3662 Perenus
2874 3606 3053 3678 igitur
3081 3607 3380 3679 Dyrrachii
3407 3610 3648 3678 mansit,

1993 3705 2307 3776 imperium
2353 3721 2490 3759 vero
2549 3704 2828 3759 intestina
2885 3703 3040 3759 mala
3091 3705 3530 3777 opprimebant,
3592 3711 3651 3762 et

1995 3795 2289 3851 Orientem
2339 3793 2510 3848 Turci
2556 3796 2842 3848 vexabant
2891 3793 2964 3849 iis
3016 3792 3188 3848 malis
3217 3811 3344 3865 qua:
3383 3794 3649 3864 quotidie

1998 3888 2168 3939 aucta
2200 3882 2362 3937 nulla
2391 3899 2459 3937 ex
2491 3887 2656 3953 parte
2690 3882 3155 3938 remittebantur.
3191 3883 3418 3939 Mortuo
3449 3889 3648 3939 autem

1999 3975 2146 4028 duce
2176 3971 2560 4027 Constantino
2593 3973 2964 4042 imperatore,
3001 3989 3135 4028 cum
3179 3972 3519 4044 imperatrix
3547 3973 3654 4028 Eu-

2001 4062 2168 4117 docia
2197 4062 2265 4116 ad
2303 4061 2472 4116 breve
2497 4066 2732 4132 tempus
2778 4060 3092 4132 imperium
3143 4061 3517 4132 obtinuisset,
3550 4061 3654 4117 ubi

2001 4153 2071 4208 ad
2105 4151 2421 4222 Diogenem
2455 4156 2687 4221 sceptra
2719 4165 3049 4221 pervenere,
3084 4152 3330 4206 Roberto
3361 4157 3418 4207 et
3448 4152 3521 4208 iis
3553 4151 3656 4224 qui

2002 4257 2135 4297 cum
2184 4239 2312 4311 ipso
2360 4245 2527 4295 erant
2556 4239 2713 4293 haud
2746 4237 3004 4310 vulgaris
3038 4244 3229 4295 metus
3262 4239 3512 4311 injectus
3542 4244 3651 4306 est,

2003 4345 2077 4385 ne
2106 4329 2281 4384 etiam
2315 4345 2344 4383 e
2375 4327 2499 4383 suis
2523 4327 2764 4382 sedibus
2792 4326 3149 4398 pellerentur
3169 4327 3658 4400 privarenturque

2005 4419 2151 4486 suis,
2178 4417 2394 4488 experti
2431 4418 2558 4486 ejus
2590 4417 2887 4471 virtutem.
2921 4418 3009 4470 Ab
3052 4417 3125 4471 iis
3168 4421 3362 4472 autem
3415 4415 3560 4473 locis
3603 4421 3662 4474 et

2006 4507 2238 4578 oppidis
2269 4523 2396 4578 quae
2427 4505 2496 4560 ad
2533 4505 2927 4560 Romanorum
2955 4505 3658 4578 spectabantimperium,

2009 4603 2287 4658 omnibus
2320 4601 2512 4658 modis
2544 4618 2672 4656 sese
2703 4601 3352 4657 subducebant.Verum
3375 4619 3511 4658 cum
3535 4603 3662 4676 ipse

240 4681 527 4756 βασιλείαν
559 4678 926 4754 ἀντισχούσης
969 4678 1082 4733 ἐπεὶ
1135 4677 1210 4740 εἰς
1270 4679 1526 4752 Διῦγένην
1553 4679 1619 4734 τὰ
1649 4686 1877 4755 σκῆπτρι

2007 4708 2240 4764 quoque
2285 4695 2674 4762 occuparetur
2730 4689 2786 4743 in
2849 4691 3321 4762 expeditionibus
3378 4693 3662 4748 adversus

233 4777 341 4839 τῆς
398 4767 680 4845 βασιλείας
736 4767 1026 4842 περιῆλθε,
1093 4772 1172 4839 τῷ
1234 4768 1328 4840 μὲν
1389 4768 1748 4840 Ῥουμπὲρτῳ
1804 4768 1892 4822 καὶ

234 4865 358 4920 τοῖς
393 4857 520 4933 περὶ
574 4857 733 4912 αὐτὸν
790 4855 909 4918 δὲ.ος
969 4855 1030 4911 οὐ
1082 4857 1144 4910 τὸ
1199 4857 1368 4930 τυχὸν
1416 4857 1506 4924 ἦν,
1561 4857 1636 4929 μὴ
1669 4855 1896 4910 καὶτῶν

239 4948 466 5005 οἰκείων
523 4945 787 5000 ἐκπίσωσι
843 4947 931 5000 xui
1008 4946 1308 5021 στερηθῶσι
1348 4950 1538 5020 πεῖραν
1580 4952 1681 5014 τῆς
1735 4943 1898 4999 αὐτοῦ

238 5037 635 5112 γενναιότητος
663 5032 906 5110 ἔχοντες,
959 5037 1067 5090 τῶν
1121 5032 1176 5089 δέ
1226 5055 1290 5109 γε
1327 5033 1395 5108 τῇ
1423 5034 1691 5108 Ῥωμανίᾳ
1721 5033 1899 5111 διαφε-

240 5130 458 5202 ρουσῶν
510 5129 714 5200 χωρῶν
756 5145 815 5178 τε
860 5125 950 5178 xui
980 5123 1193 5179 πόλεων
1253 5129 1382 5178 πᾶσι
1439 5125 1667 5198 τρόποις
1699 5123 1897 5196 ἀνῆγον

239 5217 472 5277 ἑαυτοὺς
511 5213 600 5270 καί
650 5212 1003 5271 ὑπὲστελλον.
1055 5217 1136 5287 [Ρ.
1181 5217 1308 5285 856]
1353 5217 1486 5277 Ταῖς
1545 5213 1602 5269 δὲ
1630 5215 1764 5268 κατά
1791 5217 1898 5268 τῶν

237 5305 501 5381 Τούρκων
555 5303 916 5376 ἐκστρατείαις
989 5302 1355 5378 προσέχοντος
1423 5303 1512 5359 xui
1574 5303 1759 5371 αὐτοῦ,
1813 5303 1903 5358 καὶ

239 5402 325 5469 τῷ
381 5393 554 5450 πλέον
614 5387 866 5458 Θλίϐοντι
940 5395 1041 5461 τὴν
1104 5400 1276 5448 πᾶσαν
1323 5391 1563 5462 σπουδὴν
1619 5394 1902 5466 νέμοντος,

244 5495 436 5550 οὐκέτι
488 5494 584 5566 μὶν
635 5491 712 5553 ὡς
792 5489 1068 5561 δεσπόται,
1137 5493 1340 5568 τρόπον
1399 5490 1456 5548 δὶ
1503 5491 1756 5548 κλεπτῶν
1813 5492 1905 5546 καὶ

247 5581 473 5658 λῃστῶν
526 5580 774 5642 ἐπιόντες
835 5579 1083 5656 ὑποφορα
1149 5581 1361 5646 ἑαυτοῖς
1414 5581 1481 5637 τὰ
1531 5588 1632 5651 τῆς
1670 5578 1906 5644 Ἰταλίας

249 5670 604 5742 ἰποιήσαντο.
655 5673 771 5725 Τῶν
827 5665 883 5723 δὲ
929 5669 1063 5725 κατά
1110 5669 1200 5724 τὸν
1257 5669 1534 5747 Διογένην,
1592 5669 1730 5744 ᾗπερ
1777 5669 1910 5722 ἀνω-

248 5761 394 5842 τέρω
431 5757 774 5834 διεῖληπται,
807 5757 1276 5836 οἷκονομηθὲντων
1324 5781 1384 5819 τε
1413 5760 1501 5818 xui
1531 5758 1908 5840 πραχθέντων,

2006 4782 2251 4848 Turcos,
2283 4785 2342 4835 et
2371 4795 2546 4834 omne
2577 4778 2845 4834 studium
2881 4784 3120 4849 poneret
3151 4779 3208 4834 in
3243 4796 3311 4835 eo
3343 4781 3502 4851 quod
3542 4796 3660 4835 ma-

2006 4869 2095 4941 gis
2128 4872 2382 4939 urgeret,
2417 4883 2528 4921 non
2563 4865 2818 4938 amplius
2852 4873 2915 4921 ut
2946 4867 3190 4933 domini,
3215 4869 3316 4924 sed
3345 4869 3497 4924 724
3517 4885 3664 4940 ρι’ωο

2006 4959 2227 5013 donum
2247 4973 2312 5012 ac
2332 4955 2654 5028 piratarum
2676 4955 2861 5010 instar
2882 4955 3057 5010 Italiae
3080 4955 3208 5012 loca
3229 4956 3288 5012 in
3311 4973 3480 5013 suam
3506 4961 3665 5029 pote-

2009 5052 2218 5102 statem
2257 5045 2618 5117 redigebant.
2634 5043 2778 5099 Cum
2801 5060 2938 5100 vero
2961 5045 3214 5116 Diogene
3238 5047 3586 5118 imperante,
3603 5051 3670 5102 ut

2011 5136 2283 5208 superius
2316 5136 2786 5190 demonstratum
2834 5137 2941 5200 est,
2985 5149 3075 5188 res
3125 5135 3551 5190 administrata
3600 5150 3668 5190 ao

2013 5229 2189 5296 gesta:
2221 5225 2490 5287 fuissent,
2516 5223 2626 5276 sub
2661 5221 2942 5276 Michaele
2973 5238 3104 5278 vero
3132 5223 3446 5295 imperium
3480 5222 3635 5295 negli

2012 5319 2218 5386 genter
2275 5329 2340 5366 ac
2390 5309 2690 5382 pueriliter
2743 5310 3278 5380 administraretur,
3311 5317 3376 5367 ut
3431 5310 3672 5368 stabiles

2014 5401 2237 5458 domini
2271 5419 2303 5456 a
2330 5399 2477 5454 mari
2509 5415 2694 5470 usque
2723 5401 2794 5454 ad
2831 5416 2990 5455 mare
3022 5407 3078 5456 et
3109 5401 3577 5474 Longobardiam
3614 5402 3674 5456 et

2015 5491 2344 5548 Calabriam
2369 5487 2482 5544 sibi
2504 5489 2997 5561 subegere,eaque
3019 5491 3337 5547 distributa
3359 5496 3416 5547 et
3437 5489 3672 5563 oppidis

2017 5580 2222 5636 divisis
2250 5595 2311 5635 se
2343 5577 2607 5644 comites,
2663 5577 2980 5635 Robertum
3029 5597 3162 5637 vero
3214 5583 3428 5637 ducam
3472 5577 3672 5653 appel-

2018 5669 2235 5725 larunt.
2268 5665 2511 5723 Michael
2558 5669 2754 5722 autem
2787 5683 2902 5722 non
2934 5667 3129 5726 solum
3161 5687 3278 5726 non
3311 5669 3556 5728 retinuit
3581 5684 3672 5724 re-

2020 5759 2253 5834 gionem
2303 5773 2430 5832 quae
2463 5756 2537 5816 ad
2568 5771 2632 5816 se
2660 5755 3013 5831 pertinebat,
3046 5763 3112 5818 ut
3157 5760 3382 5820 dictum
3431 5763 3538 5834 est,
3570 5757 3674 5817 sed
