4078 6336
472 440 587 497 455

1800 422 2125 486 JUANNIS
2168 423 2572 484 SCYLlTZzE

3770 426 3890 486 456

467 576 532 625 ut
561 568 722 641 ipsos
767 568 989 623 Turcos
1020 579 1089 619 ex
1118 562 1351 618 Oriente
1400 558 1732 632 expelleret,
1774 557 2112 613 existimavii

2239 557 2327 611 xui
2358 560 2453 611 τοῦ
2504 556 2740 632 Μιχαὴλ
2790 558 2887 626 τὴν
2955 556 3231 631 βασιλείαν
3290 556 3514 631 ἀμελῶς
3560 559 3651 612 καὶ
3694 556 3889 613 παιδαο

464 658 579 715 sibi
610 656 945 714 faciendum
977 669 1106 710 esse
1138 657 1203 707 ut
1232 667 1367 706 cum
1416 648 1565 723 ipsis
1616 648 1804 704 fcedus
1854 652 2126 719 percute-

464 752 573 813 ret,
604 752 662 803 et
693 747 956 817 ipsorum
1009 759 1117 814 ope
1144 758 1210 797 ac
1242 740 1521 797 societate
1566 740 1891 795 Turcorum
1942 742 2128 792 teme-

465 837 684 893 rarium
720 836 777 890 in
812 834 1210 889 Romanorum
1249 830 1548 903 regionem
1580 827 1865 884 insultum
1899 842 2127 883 coerce-

467 930 771 992 ret.Quare
800 922 978 978 etiam
1015 920 1364 976 afﬁnitatem
1386 935 1519 973 eum
1546 918 1791 973 Roberto
1815 915 2126 981 contraxit,

2238 645 2454 721 ριωδῶς
2482 644 2844 715 διιθύνονκος,
2899 648 2973 710 ὡς
3024 644 3278 703 δεσπόται
3308 642 3519 723 βέϐαιοι
3547 649 3653 703 ἀπὸ
3684 647 3888 712 θαλάτ-

2234 757 2334 806 της
2365 734 2467 798 ἕως
2499 736 2775 807 θαλάττης
2816 738 2915 807 τήν
2968 758 3027 792 τε
3068 731 3471 813 Λοῃιὸαρδίαν
3529 739 3618 792 καὶ
3645 738 3746 805 τὴν
3777 743 3890 793 Κα-

2238 820 2468 898 λαϐρίαν
2522 826 2734 887 ἑαυτοῖς
2804 825 3227 897 ὑπεποιήσαντο,
3286 825 3376 880 καὶ
3423 825 3627 896 ταύτην
3684 823 3886 881 διανει-

2242 915 2471 987 μάμενοι
2525 916 2614 969 καὶ
2663 915 2733 970 τὰ
2786 914 2989 989 κάστρα
3049 911 3494 989 διαμερισάμενοι
3533 915 3755 977 ἐαυτοὺς
3792 915 3887 989 μὲν

465 1015 712 1087 ejusque
792 1011 975 1068 filiam
1056 1010 1337 1065 Helenam
1423 1008 1748 1080 despondet
1822 1022 1929 1061 suo
2005 1004 2112 1059 filic

2235 1002 2508 1077 κόμητας,
2556 1004 2648 1060 τὸν
2708 1002 2766 1060 δέ
2812 1005 3183 1081 Ῥουμπέρτον
3251 1002 3417 1059 δοῦκα
3455 1007 3890 1080 προσωνομάκα-

464 1102 868 1159 Constantino.
902 1099 1151 1155 Volebat
1182 1099 1290 1154 bac
1322 1098 1544 1153 ratione
1580 1098 1900 1169 imperator
1948 1095 2123 1149 finem

463 1192 720 1264 aliquem
772 1191 949 1246 rebus
1000 1187 1250 1259 imponi,
1282 1187 1381 1242 sed
1417 1203 1450 1241 a
1479 1186 1595 1241 Deo
1638 1183 1971 1257 prohibitus
2014 1187 2125 1251 est,

2236 1114 2336 1150 σιν.
2369 1094 2425 1148 Ὀ
2458 1091 2515 1149 δὶ
2573 1092 2805 1169 Μιχαὴλ
2865 1094 2925 1149 ού
2989 1095 3151 1168 μονὸν
3203 1093 3304 1149 ούκ
3346 1095 3741 1165 ἀντεποιήσατο
3782 1101 3885 1164 τῆς

2237 1178 2599 1259 διαφερούσης
2652 1184 2825 1256 ἑαυτῷ
2883 1186 3096 1260 χώρας,
3148 1184 3224 1246 ὡς
3268 1181 3502 1259 εἴρηται,
3535 1182 3661 1239 ἁλλ’
3716 1185 3790 1247 ὡς
3826 1184 3886 1238 ’ἂν

464 1284 564 1354 qui
592 1284 717 1353 jam
751 1282 980 1354 pridem
1026 1279 1361 1334 decreverat
1407 1276 1661 1332 Orientis
1712 1274 2024 1348 perniciem
2072 1279 2112 1328 e1

2232 1271 2361 1335 τοὺς
2389 1272 2670 1349 Τούρκους
2702 1280 2801 1343 τῆς
2855 1272 3163 1343 Ἀνατολῆς
3196 1272 3483 1345 ἐξελάσειε,
3517 1269 3634 1328 δέον
3666 1271 3889 1346 ἐνόμισε

465 1372 855 1427 eversionem.

2234 1360 2547 1425 σπείσασθαι
2606 1362 2789 1426 αὐτοῖς
2860 1362 2951 1417 καὶ
3027 1359 3096 1416 δι’
3173 1361 3343 1417 αὐτῶν
3408 1362 3498 1417 καὶ
3557 1360 3650 1416 σὺν
3703 1362 3892 1423 αὐτοῖς

464 1452 809 1527 ἀποσοϐῆσαι
869 1455 1041 1511 αὐτῶν
1097 1456 1195 1524 τὴν
1250 1452 1449 1529 ἄλογον
1497 1453 1634 1508 κατᾶ
1677 1459 1778 1521 τῆς
1830 1448 2139 1523 Ῥωμανίας
2217 1449 2518 1508 ἐπέλευσιν,
2579 1453 2736 1515 Ὀθεν
2792 1452 2883 1507 καὶ
2938 1449 3109 1521 κῆδος
3167 1453 3301 1527 πρὸς
3358 1452 3451 1506 τὸν
3507 1451 3878 1526 Ῥουμπέρτον

465 1552 725 1617 ποιεῖται,
779 1546 867 1601 καὶ
924 1547 1024 1614 τῆν
1084 1543 1247 1599 αὐτοῦ
1302 1543 1570 1617 θυγατέρα
1618 1538 1842 1609 Ἑλένην
1928 1542 2285 1613 κατεγγυᾶται
2368 1542 2446 1609 τῷ
2530 1539 2719 1594 ἑαυτοῦ
2786 1541 2889 1612 υίῷ
2968 1539 3369 1613 Κωνσταντίνῳ.
3428 1535 3727 1596 Ἠϐούλετο
3791 1540 3894 1612 μὶν

465 1637 619 1690 ταυτὶ
668 1637 696 1690 6
760 1633 1038 1711 βασιλεὺς,
1097 1632 1289 1708 πέρατι
1342 1631 1401 1687 δὶ
1459 1630 1683 1701 δοθῆναι
1758 1630 1905 1704 παρὰ
1978 1631 2111 1683 Θεοῦ
2188 1624 2515 1699 κεκώλυται,
2570 1626 2741 1683 πάλαι
2801 1629 3181 1709 ψηφισαμένου
3232 1636 3332 1699 τῆς
3390 1626 3688 1699 Ἀνατολῆς
3745 1628 3886 1684 πὰν-

466 1724 729 1802 ωλεθρίαν
762 1724 851 1779 καὶ
881 1725 1191 1780 ἀνάστασιν.

536 1834 653 1891 Hoc
686 1834 1011 1906 imperante
1042 1831 1205 1905 Cpoli
1236 1834 1365 1887 orta
1392 1835 1481 1886 est
1511 1828 1694 1901 tripes
1727 1826 1950 1892 avis,et
1980 1840 2129 1897 puer
2159 1826 2206 1892 Β

462 1924 688 1980 habens
713 1924 773 1978 in
804 1924 992 1979 fronte
1018 1921 1256 1978 oculum
1288 1935 1471 1974 unum
1506 1923 1563 1973 et
1595 1917 1770 1988 pedes
1820 1914 2116 1982 bircinos;

460 2018 518 2067 et
548 2012 662 2068 duo
695 2027 763 2066 ex
793 2007 1232 2065 immortalibus
1264 2005 1552 2061 militibus
1582 2002 1829 2058 fulmine
1854 1999 2118 2074 percussi

460 2106 620 2159 sunt.
649 2101 793 2156 Puer
821 2104 1015 2154 autem
1050 2101 1464 2152 monstruosus
1493 2092 1552 2147 in
1587 2091 1820 2164 publico
1848 2091 2116 2162 ingressu

461 2189 813 2244 Diaconissaa
846 2187 1047 2242 ﬂetum
1083 2184 1387 2239 emittebat
1416 2181 1650 2253 lugubri
1674 2177 1949 2235 similem.
1971 2182 2119 2232 Pras-

458 2281 617 2332 terea
679 2276 900 2330 crinitis
957 2288 1199 2344 quoque
1254 2270 1434 2326 stellis
1488 2270 1753 2342 plurima
1800 2272 1858 2323 et
1913 2267 2116 2322 crebro

460 2379 804 2436 apparuere.
830 2361 938 2417 Ubi
960 2377 1093 2417 vero
1118 2360 1351 2414 barbari
1385 2375 1478 2414 res
1507 2356 1757 2413 Orientis
1780 2355 2118 2428 prtedaban-

459 2459 576 2522 tur,
601 2458 657 2508 et
679 2451 1001 2507 multitudo
1033 2449 1245 2522 partim
1277 2450 1609 2505 credebatur
1640 2448 1850 2518 partim
1885 2446 2116 2517 fugiens

458 2541 661 2613 Cpolin
690 2540 1093 2612 confugiebat,
1132 2539 1277 2594 725
1313 2538 1615 2607 indigebat
1644 2542 1879 2606 tempus
1925 2539 2115 2588 mente

459 2630 627 2686 senili
675 2635 733 2685 et
780 2629 1009 2686 excelsa
1062 2629 1133 2683 ad
1186 2643 1278 2682 res
1326 2626 1760 2697 gubernandas,
1804 2624 1929 2694 ipse
1980 2637 2114 2676 vero

460 2726 582 2775 tam
609 2733 733 2775 erat
755 2735 963 2775 avarus
995 2734 1061 2773 ac
1091 2716 1224 2771 vilis
1259 2721 1321 2770 ut
1352 2732 1422 2770 ne
1450 2714 1688 2769 obolum
1722 2712 1961 2783 quidem
1991 2708 2114 2764 vel-

460 2810 539 2866 let
588 2810 912 2874 el‘fundere,
964 2823 1152 2879 neque
1202 2806 1484 2876 preberet
1533 2802 1709 2858 alicui
1783 2800 2108 2872 quidpiam,

460 2901 802 2971 quicunque
834 2900 882 2952 is
914 2902 1092 2962 esset,
1119 2902 1222 2950 aut
1250 2894 1551 2965 providere
1581 2893 1829 2961 fructus,
1861 2890 1961 2959 qui
2006 2906 2111 2943 na-

459 2987 631 3059 vigiis
662 2986 1033 3051 veherentur,
1059 2984 1129 3037 ad
1153 2984 1370 3036 victum
1398 2980 1757 3034 necessarios
1789 2978 2113 3047 importan-

459 3078 565 3132 dos
597 3093 609 3131 :
645 3092 848 3132 verum
899 3074 1061 3129 inani
1092 3078 1148 3128 et
1178 3070 1371 3127 inutili
1422 3068 1774 3141 eloquentiae
1822 3066 2018 3122 studio
2056 3070 2113 3121 et

2312 1824 2434 1880 Ἐπὶ
2459 1824 2661 1881 τούτου
2712 1825 2907 1901 ἐτέχθη
2964 1825 3016 1881 έν
3062 1824 3634 1882 Κωνσταντινουπολει
3663 1824 3895 1901 τρίπους

2230 1908 2377 1988 ὅρνις
2409 1914 2499 1968 καὶ
2534 1913 2749 1971 παιδίον
2808 1914 2941 1991 ἔχον
2991 1916 3127 1970 κατὰ
3170 1916 3232 1971 τὸ
3268 1920 3517 1989 μέτωπον
3550 1912 3642 1970 ἓνα
3680 1912 3893 1993 ὀφθαλ-

2232 2002 2354 2075 μὸν,
2386 2003 2748 2080 τραγοηελές
2798 2002 2856 2060 δὶ
2884 2003 3014 2067 τοὺς
3068 2002 3258 2068 πόδας.
3315 2004 3419 2060 Δύο
3453 2002 3509 2060 δέ
3538 2008 3644 2060 τῶν
3677 2004 3887 2059 ἀθανά-

2225 2113 2334 2146 των
2366 2099 2714 2168 στρατιωτῶν
2771 2094 3027 2169 γεγόνασι
3067 2089 3521 2170 κεραυνόῦλητοι.
3583 2092 3661 2151 Τὸ
3716 2090 3774 2148 Si
3802 2113 3899 2148 τε·

2227 2178 2461 2254 ρατῶδες
2490 2180 2704 2237 παιδίον
2738 2182 2790 2236 ἐν
2820 2186 2889 2257 τῇ
2920 2188 3028 2237 τῶν
3079 2182 3433 2253 Διακονίσσης
3461 2180 3699 2257 δημονιᾳ
3728 2201 3871 2257 παρ-

2225 2267 2338 2343 όδῳ
2393 2269 2671 2345 κλαυθμὸν
2721 2271 2870 2350 ἠφίει
2914 2270 3150 2345 παιδικῷ
3202 2271 3580 2347 προσεοικότα.
3626 2271 3703 2329 Οὐ
3759 2272 3870 2346 μὴν

2226 2356 2283 2414 δὲ
2342 2359 2487 2417 ἀλλὰ
2542 2362 2630 2417 καὶ
2708 2364 2947 2436 κομῆται
3027 2361 3401 2438 παρετείνοντο
3472 2359 3720 2417 πλεῖστοι
3778 2359 3872 2415 καὶ

2225 2451 2439 2524 συχνοί.
2501 2452 2652 2508 Ἐπεὶ
2711 2449 2768 2506 δὲ
2823 2451 2912 2506 καὶ
2972 2453 3023 2505 οἱ
3081 2446 3356 2527 Βάρὸαροι
3419 2452 3485 2505 τὰ
3538 2456 3638 2520 τῆς
3692 2450 3872 2521 Έῲας

2225 2539 2511 2611 ἐληίζοντο
2542 2543 2629 2595 καὶ
2655 2543 2718 2596 τὸ
2767 2541 2980 2611 πλῆθος
3032 2542 3095 2596 τὸ
3151 2542 3245 2614 μὲν
3298 2542 3549 2615 ἀνῃρεῖτο
3570 2541 3632 2595 τὸ
3664 2538 3721 2595 δὲ
3751 2544 3874 2615 φεῦ-

2223 2652 2319 2705 γον
2364 2634 2431 2703 τῇ
2466 2633 2873 2686 Κωνσταντίνου
2920 2630 3306 2709 προσέφευγεν,
3355 2629 3526 2685 ἐδεῖτο
3562 2630 3655 2703 μὶν
3690 2631 3718 2685 6
3748 2651 3874 2684 και-

2224 2719 2315 2794 ρὸς
2365 2720 2720 2793 οἰκονομικῆς
2765 2721 2854 2776 καὶ
2908 2716 3273 2797 πρεσϐυτικῆς
3323 2720 3411 2774 καὶ
3470 2717 3873 2794 μεγαλοψύχου

2222 2812 2431 2889 φρενὸς,
2465 2813 2493 2866 6
2547 2810 2604 2867 δὲ
2646 2818 2901 2868 τοσοῦτον
2959 2812 3021 2887 ᾖν
3069 2809 3337 2889 φειδωλὸς
3394 2812 3483 2865 καὶ
3539 2807 3876 2885 μικρολόγος

2221 2901 2359 2957 ὥστε
2412 2900 2543 2974 μηδ’
2601 2898 2797 2957 ὀϐολὸν
2873 2904 3133 2977 προέσθαι
3180 2898 3353 2955 θέλειν
3417 2897 3558 2973 μηδὲ
3606 2901 3869 2974 παρέχειν

2219 2992 2324 3045 τινὶ
2355 2991 2416 3045 τὸ
2448 2992 2685 3061 οἱονοῦν,
2739 2988 2775 3060 ἥ
2825 2991 3083 3067 πρόνοιαν
3131 2994 3260 3065 γοῦν
3290 2993 3505 3064 τροφῶν
3540 2986 3873 3060 διακομιδῆς

2218 3082 2571 3155 γεννημάτων
2627 3082 2741 3154 (38)
2802 3078 2891 3135 διὰ
2949 3085 3190 3155 σιτηγῶν
3242 3078 3455 3135 πλοίων
3509 3078 3869 3148 ποιήσασθαι,

459 3168 677 3224 iambis
707 3172 882 3239 atque
915 3165 1225 3237 anapestis
1274 3160 1697 3232 componendis
1744 3158 2112 3213 continenter

2222 3169 2366 3225 ἀλλά
2415 3174 2483 3242 τῇ
2538 3170 2741 3266 ματαίᾳ
2794 3169 2881 3224 καὶ
2941 3169 3187 3241 ἀνηνύτῳ
3243 3167 3365 3243 περὶ
3415 3167 3607 3241 λόγους
3653 3163 3867 3241 σπουδῇ

459 3272 695 3326 vacans,
717 3256 985 3327 quamvis
1016 3271 1087 3308 ne
1117 3253 1175 3307 in
1208 3255 1339 3307 cute
1369 3248 1604 3320 quidem
1647 3252 1830 3303 artem
1876 3250 2110 3317 gustas-

460 3352 571 3414 set,
604 3362 638 3401 a
678 3343 1163 3417 philosophorum
1213 3340 1422 3396 eximio
1466 3339 1746 3409 deceptus
1794 3341 1851 3391 et
1897 3335 2111 3389 illusus

457 3439 670 3499 totum,
720 3438 786 3488 ut
834 3433 915 3487 ita
962 3432 1230 3499 dixerim,
1261 3430 1548 3485 mundum
1604 3425 1878 3498 perdidit.
1913 3424 2114 3480 Oritur

456 3523 612 3579 enim
646 3523 854 3595 ingens
890 3523 1096 3590 fames,
1128 3535 1305 3590 quam
1337 3522 1653 3573 consecuta
1696 3520 1786 3571 est
1836 3514 2018 3585 pestis
2054 3516 2111 3567 et

459 3629 640 3680 mors,
671 3628 800 3684 quae
826 3609 1003 3666 simul
1053 3608 1397 3664 nutriuntur
1441 3612 1498 3661 et
1544 3611 1802 3677 cognatm
1851 3615 1987 3658 sunt
2033 3601 2108 3656 ad

454 3702 759 3758 hominum
786 3700 1098 3771 perniciem
1122 3704 1181 3753 et
1200 3693 2108 3767 consanguineis,moriebantur-

455 3808 569 3862 que
618 3791 879 3862 quotidie
929 3791 1288 3859 frequentes,
1337 3788 1415 3841 ita
1465 3791 1526 3839 ut
1577 3801 1647 3839 ne
1696 3783 1805 3837 vivi
1866 3782 2105 3853 quidem

458 3886 719 3936 mortuos
759 3880 963 3935 efferre
1012 3880 1273 3949 possent,
1324 3880 1382 3930 et
1428 3874 1486 3927 in
1539 3873 1610 3927 iis
1659 3890 1785 3943 ques
1830 3873 2107 3926 dicuntur

452 3970 645 4041 Septa,
679 3967 925 4040 neglecti
950 3970 1214 4036 jacerent
1242 3969 1297 4019 et
1322 3963 1498 4019 simul
1541 3963 1906 4017 deferrentur
1936 3959 2105 4015 multi

453 4058 511 4112 in
573 4074 688 4113 uno
750 4057 987 4123 lectulo,
1048 4072 1183 4110 cum
1238 4069 1391 4125 saipe
1423 4052 1679 4125 quinque
1738 4058 1841 4106 aut
1895 4066 1993 4104 sex
2026 4049 2104 4103 ibi

453 4147 734 4202 cadavera
792 4145 984 4216 posita
1036 4147 1252 4212 essent,
1300 4148 1356 4197 et
1426 4142 1683 4210 undique
1740 4139 2105 4195 calamitates

453 4233 837 4298 conﬂuerent,
865 4234 1144 4302 omnique
1176 4231 1454 4285 mmstitia
1485 4230 1626 4284 urbs
1658 4228 1819 4299 regia
1847 4227 2104 4299 comple-

454 4329 635 4379 retur.
673 4326 860 4393 Atque
909 4322 1259 4392 injuriarum
1311 4336 1439 4391 quae
1484 4318 1747 4390 quotidie
1790 4318 2016 4384 ﬁerent,
2048 4322 2105 4373 et

452 4412 790 4483 iniquorum
860 4410 1219 4482 judiciorum
1275 4414 1332 4464 et
1386 4408 1757 4463 vexationum
1833 4406 2103 4461 remissio

454 4499 615 4557 nulla
644 4501 715 4556 ab
749 4500 821 4555 iis
848 4499 948 4571 qui
980 4497 1347 4569 imperabant
1398 4495 1853 4565 excogitabalur.
1886 4494 2100 4549 Verum

2220 3259 2419 3330 καὶτῷ
2467 3253 2735 3331 ἰαμϐίζειν
2788 3258 2879 3314 καὶ
2938 3257 3295 3319 ἀναπαίστους
3350 3258 3647 3311 συντιθέναι
3702 3275 3873 3327 προσ-

2220 3349 2362 3423 έχων
2425 3345 2710 3418 διηνεκῶς,
2780 3347 2953 3403 καίτοι
3022 3345 3151 3420 μηδ’
3230 3345 3281 3400 ἐν
3335 3350 3459 3422 χρῷ
3510 3352 3609 3414 τῆς
3662 3344 3871 3421 τέχνης

2217 3438 2567 3513 γευσάμενος,
2602 3436 2726 3493 ἀλλ’
2760 3438 2861 3491 ὑπὸ
2912 3441 3009 3492 τοῦ
3051 3440 3160 3491 τῶν
3191 3434 3503 3513 φιλοσόφων
3544 3436 3749 3489 ὑπάτου
3780 3434 3873 3504 ἐξ-

2220 3527 2575 3598 απατώμενος
2611 3526 2700 3581 καὶ
2745 3521 3318 3597 ἀποϐουκολούμενος,
3349 3526 3440 3579 τὸν
3479 3524 3685 3596 κόσμον
3733 3522 3868 3577 ὅλον

2219 3612 2535 3692 διέφθειρεν,
2569 3614 2644 3677 ὠς
2694 3615 2883 3671 εἰπεῖν.
2930 3615 3139 3669 Γίνεται
3190 3615 3291 3689 γάρ
3339 3612 3504 3685 λιμὸς
3540 3612 3785 3688 ἰσχυρὸς,
3820 3613 3868 3684 ᾧ

2218 3701 2285 3774 δὴ
2318 3703 2407 3757 xui
2451 3702 2648 3776 λοιμὸς
2683 3703 3043 3758 ἐπακολουθεῖ
3087 3703 3175 3756 xui
3220 3704 3465 3768 θάνατος,
3498 3703 3564 3756 τὰ
3594 3702 3868 3777 σύντροφα

2213 3798 2379 3847 ταῦτα
2409 3794 2497 3847 καὶ
2530 3794 2666 3866 πρὸς
2718 3790 2943 3866 ὄλεθρον
2993 3791 3293 3868 ἀνθρώπων
3350 3788 3561 3869 ἀδελφά
3602 3790 3689 3845 καὶ
3725 3790 3865 3862 ὀμό-

2214 3904 2366 3954 τιμα.
2404 3883 2503 3937 Kui
2540 3880 2792 3951 ἔθνησκον
2843 3883 2959 3936 καθ’
3008 3883 3237 3949 ἑκάστην
3288 3880 3501 3955 συχνοὶ,
3552 3880 3687 3933 ὥστε
3723 3876 3867 3951 μηδὶ

2217 3969 2467 4034 δύνασθαι
2515 3971 2642 4033 τοὺς
2704 3976 2904 4040 ζῶντας
2980 3970 3221 4047 ἐκφέρειν
3287 3969 3414 4031 τοὺς
3472 3967 3714 4044 νεκροὺς,
3771 3970 3864 4023 καὶ

2212 4066 2329 4122 τοῖς
2390 4062 2470 4133 [Ρ.
2529 4062 2655 4133 857]
2702 4057 3023 4134 λεγομένοις
3076 4054 3340 4131 ἐμϐόλοις
3394 4059 3599 4113 κεῖσθαι
3652 4057 3865 4130 ἀτημε-

2215 4148 2436 4220 λήτους,
2468 4149 2557 4203 xui
2614 4147 2857 4225 φοράδην
2899 4146 3216 4220 κομίζεσθαι
3273 4145 3543 4217 πολλοὺς,
3587 4144 3866 4210 πολλάκις

2214 4238 2265 4293 ἐν
2324 4244 2421 4311 μιᾷ
2471 4236 2633 4312 κλινῃ
2685 4239 2842 4292 πέντε
2882 4237 2971 4291 καὶ
3029 4232 3078 4310 ἔξ
3136 4236 3427 4309 τιθεμένων
3482 4239 3710 4311 νεκρῶν,
3771 4236 3866 4290 καὶ

2212 4328 2472 4391 πάντοθεν
2529 4326 2864 4403 ἐπισυρῥέειν
2911 4327 2979 4382 τὰ
3026 4326 3339 4399 σκυθρωπὰ,
3389 4323 3478 4379 καὶ
3529 4321 3710 4393 πάσης
3760 4346 3869 4379 κα-

2210 4415 2435 4491 τηφείας
2484 4414 2833 4490 πληροῦσηαι
2880 4415 2980 4483 τὴν
3034 4412 3438 4490 βασιλεύουσαν.
3472 4417 3587 4467 Τῶν
3646 4409 3702 4467 δὶ
3740 4415 3868 4469 καθα

2210 4508 2485 4579 ημερινῶν
2548 4502 2901 4577 ἀδικημάτων
2958 4503 3050 4559 καὶ
3100 4508 3206 4557 τῶν
3267 4501 3599 4577 παρανόμων
3656 4502 3869 4575 κριμά-

454 4592 623 4663 quasi
654 4590 815 4646 nullo
844 4590 1305 4661 alienigenarum
1340 4586 1581 4643 omnino
1611 4586 1892 4641 Romanis
1924 4585 2103 4641 mole-

2222 4615 2318 4648 των
2352 4593 2437 4647 καὶ
2486 4593 2810 4668 εἲςπράξεων
2868 4590 3096 4665 οὐδεμία
3125 4613 3206 4653 τις
3255 4589 3528 4661 ἀναστολὴ
3580 4568 3869 4665 τοῖς-κρα-

453 4683 631 4739 stiam
663 4682 970 4738 exhibente
1000 4680 1172 4747 bello,
1214 4680 1524 4735 veldivina
1550 4679 1656 4741 ira,
1699 4678 1788 4733 vel
1836 4679 2106 4733 homines

453 4772 752 4844 afﬂigente
780 4770 980 4843 inopia
1003 4777 1059 4827 et
1080 4769 1135 4825 vi
1158 4770 1228 4825 ad
1251 4768 1468 4824 victum
1503 4768 1849 4839 pertinente,
1875 4767 1956 4821 ita
1976 4766 2104 4821 sine

454 4868 611 4918 metu
638 4862 1053 4934 perpetrabant
1086 4877 1153 4916 ea
1190 4877 1318 4931 quae
1341 4858 1473 4913 odio
1495 4858 1690 4914 divino
1712 4858 1890 4929 digna
1907 4862 2107 4914 essent

453 4959 510 5007 et
542 4953 868 5025 tyrannica,
899 4956 956 5006 et
984 4966 1158 5005 omne
1189 4948 1561 5019 imperatoris
1592 4947 1907 5003 consilium
1932 4952 2105 5019 atque

450 5038 790 5095 institutum
845 5040 917 5094 ad
965 5038 1343 5094 offendendos
1391 5040 1449 5091 et
1495 5036 1709 5105 injuria
1762 5035 2103 5090 afﬁciendos

452 5130 723 5184 subditos
783 5134 840 5185 et
893 5127 1292 5199 decipiendos,
1352 5130 1410 5180 et
1473 5125 1771 5180 venandas
1836 5124 2102 5196 ipsorum

448 5216 621 5287 vitae,
654 5221 710 5274 et
739 5217 1103 5273 occasionem
1149 5216 1300 5272 726
1331 5214 1651 5270 insidiandi
1684 5214 1829 5285 ipsis
1861 5221 2101 5286 captan-

451 5306 587 5363 dam
621 5307 1003 5375 referebatur,
1037 5305 1118 5361 ita
1147 5308 1213 5360 ut
1243 5302 1421 5360 etiam
1458 5318 1645 5374 usque
1677 5303 1749 5357 ad
1782 5318 1950 5359 sacra
1979 5320 2103 5359 mo-

2211 4686 2394 4737 τοῦσιν
2452 4682 2744 4738 ἐπενοεῖτο.
2806 4680 2958 4739 Ἀλλ’
3003 4680 3183 4757 ὥσπερ
3236 4678 3469 4754 μηδενὸς
3517 4681 3580 4736 τὸ
3610 4680 3871 4756 παράπαν

2214 4771 2574 4848 ἐνοχλοῦντος
2630 4778 2750 4834 τοῖς
2806 4770 3102 4844 Ῥωμαίοις
3149 4767 3472 4847 ἀλλοφόλου
3528 4769 3783 4842 πολέμου
3825 4768 3865 4839 ἤ

2216 4862 2361 4925 θείας
2405 4860 2575 4936 ὀργῆς
2623 4858 2658 4929 ἤ
2714 4859 2843 4922 τοὺς
2895 4859 3216 4935 ἀνθρώπους
3272 4857 3724 4934 κατατρυχούσης
3776 4857 3868 4912 ἐν-

2215 4946 2357 5011 δείας
2387 4951 2476 5005 καὶ
2540 4949 2659 5024 βίας
2718 4950 3001 5024 βιωτικῆς,
3059 4946 3230 5009 οὕτως
3272 4947 3443 5009 ἀδεῶς
3487 4943 3749 5021 ἔπραττον
3797 4946 3872 5001 τὰ

2214 5045 2442 5110 θεομισῆ
2500 5037 2590 5092 καὶ
2642 5036 2948 5111 τυραννικά.
3001 5035 3106 5091 Καὶ
3164 5040 3267 5090 πᾶν
3328 5030 3723 5110 προϐούλευμα
3770 5036 3873 5100 βα-

2214 5127 2423 5181 σιλικὸν
2458 5128 2544 5181 xui
2580 5126 2819 5199 ἐννόημα
2851 5126 2926 5187 είς
2979 5125 3042 5179 τὸ
3087 5124 3216 5186 τοὺς
3265 5124 3501 5186 οἰκείους
3531 5122 3735 5178 ἀδικεῖν
3770 5127 3869 5181 καὶ

2210 5215 2657 5293 κατασοφίζεσθαι
2702 5214 2791 5269 καὶ
2840 5212 3085 5288 θηρεύειν
3126 5211 3253 5275 τοὺς
3310 5212 3464 5288 βίους
3679 5211 3871 5268 αὐτῶν

2210 5305 2300 5359 καὶ
2329 5306 2429 5373 τὴν
2451 5304 2708 5382 ἀφορμὴν
2767 5309 2866 5373 τῆς
2910 5308 3056 5372 ζωῆς
3110 5302 3442 5377 κατεγίνετο,
3483 5302 3556 5363 ὡς
3603 5302 3692 5355 xui
3727 5299 3874 5378 ἄχρι

1768 5474 2012 5532 JACOBI
2050 5478 2258 5534 GOABI
2299 5478 2532 5535 NOTZE.

523 5619 631 5693 (38)
662 5619 983 5693 Legumina
1015 5620 1266 5693 maxime
1296 5622 1352 5693 et
1382 5634 1745 5693 quaecunque
1796 5622 2096 5686 seruntur,

448 5690 768 5769 γεννήματα
786 5690 1442 5769 vocant_Eucbologium
1474 5694 1533 5769 et
1562 5690 1669 5769 .lus
1700 5690 1796 5745 Gr.

521 5760 635 5843 (39)
665 5761 789 5819 Βίον
818 5779 933 5821 non
964 5765 1135 5820 vitam
1164 5760 1358 5835 modo,
1390 5760 1493 5817 sed
1523 5765 1580 5817 et
1608 5776 1758 5838 opes,
1784 5765 1987 5833 artem,
2006 5764 2096 5837 fa-

2206 5622 2453 5686 cultates,
2486 5619 2698 5690 quibus
2729 5617 2959 5692 vivitur,
2995 5616 3342 5692 recentiores
3374 5617 3880 5692 interpretantur,

2206 5689 2707 5765 easdemquebic,
2734 5691 3014 5746 damnata
3052 5689 3423 5763 imperatoris
3472 5689 3735 5765 avaritia,
3774 5689 3877 5753 in;

2203 5764 2387 5839 telligi
2417 5763 2799 5822 manifestum
2829 5766 2938 5819 est.
