4060 6344
147 447 258 503 457

1663 425 2062 487 HISTORIA.

3442 423 3562 483 458

146 579 247 629 τῶν
284 575 446 637 Θείων
481 575 661 641 σηκῶν
703 568 1054 636 έπεκταϐῆναι
1085 566 1184 635 τὴν
1243 560 1551 632 πλεονεξίαν
1612 558 1798 625 αὐτοῦ,

1927 560 2199 612 numenta
2229 556 2355 625 ejus
2403 555 2645 610 avaritia
2677 555 3012 627 pertineret,
3037 560 3094 611 et
3114 557 3266 612 sacri
3295 557 3560 630 ipsorum

147 663 229 718 καὶ
260 664 331 718 τὰ
356 663 478 738 ἱερά
504 659 711 715 το·5των
742 654 1010 731 κειμήλια
1044 655 1136 710 καὶ
1167 648 1374 708 ἔπιπλα
1405 648 1718 728 ἀφελέσθαι.

211 752 374 810 Οὕτω
414 735 476 805 δὲ
523 750 632 804 τῶν
680 747 1016 823 πραγμάτων
1063 741 1481 815 διοικουμένων,
1511 738 1600 793 καὶ
1659 735 1802 792 οὕτω

148 846 252 897 τῶν
281 862 344 896 τε
374 839 528 900 me:
559 837 648 892 καὶ
697 839 806 891 τῶν
857 834 1002 896 έντὸς
1059 830 1516 904 λεηλατουμένων
1567 825 1656 882 καὶ
1713 845 1802 880 κε-

151 930 488 1004 ραϊζομένων
550 921 850 996 δυσϐουλίᾳ
905 924 994 978 καὶ
1051 921 1311 991 κακότητι
1363 924 1470 974 τῶν
1547 914 1804 991 κρατούν-

149 1042 276 1088 των,
312 1021 366 1074 οἱ
427 1017 478 1072 ἐν
536 1020 605 1090 τῇ
638 1014 903 1088 Ἀνατολῇ
948 1015 1297 1089 προέχοντες,
1332 1004 1685 1082 Ἀλέξανδρός
1743 1024 1802 1058 τε

149 1110 231 1164 καὶ
266 1111 298 1164 ὁ
331 1102 645 1168 Καϐασιλᾶς
675 1106 726 1160 οἱ
759 1100 1081 1173 Συναδηνοὶ,
1116 1103 1144 1156 ὁ
1191 1097 1503 1168 Γουδέλιος,
1557 1097 1585 1152 ὁ
1626 1102 1800 1170 Στρα-

150 1195 479 1274 ϐορωμανὸς
501 1195 590 1250 καὶ
622 1196 674 1249 οἱ
709 1193 897 1248 λοιποὶ
927 1197 1034 1246 τῶν
1083 1188 1462 1266 συγκλητικῶν
1517 1184 1798 1260 ἀρχόντων

150 1286 339 1363 λογᾶς,
371 1288 435 1356 ἣν
470 1285 531 1340 ἰκ
556 1281 775 1339 πολλοῦ
813 1281 1142 1337 ἀποστασίαν
1193 1275 1486 1345 ὠδίνησαν,
1519 1275 1595 1336 εἷς
1647 1271 1798 1347 ἔργον

152 1362 394 1453 ἰξάγουσι
429 1379 544 1446 νῦν,
575 1373 666 1427 καὶ
705 1373 798 1426 τὸν
855 1366 1276 1446 κουροπαλάτην
1340 1363 1648 1442 Νικηφόρον
1707 1362 1798 1416 τὸν

152 1451 517 1535 Βοτανειάτην
599 1460 946 1525 συνελθόντες
1035 1455 1260 1534 βασιλέα
1343 1451 1801 1530 ἀναγορεύουσιν,

155 1549 489 1629 Ὀκτωὸρίου
550 1552 722 1625 μηνὸς
791 1549 1104 1620 ἱσταμένου,
1163 1552 1265 1614 τῆς
1335 1543 1559 1618 πρώτης
1628 1541 1802 1596 ἐπινε-

155 1647 394 1718 μήσεως.
423 1645 597 1714 Ὅπερ
639 1639 716 1702 εἷς
748 1636 862 1693 ὦτα
885 1642 965 1709 τῷ
999 1634 1214 1713 βασιλεῖ
1242 1637 1405 1689 πεσόν
1437 1631 1498 1687 οὐ
1569 1629 1802 1706 μετρίως

151 1733 310 1789 αὐτὸν
367 1729 691 1805 διετάραξεν·
730 1729 796 1798 ἦν
853 1728 952 1800 γὰρ
1009 1725 1097 1780 καὶ
1161 1724 1264 1779 ὑπὸ
1320 1721 1548 1778 πολλῶν
1597 1717 1804 1796 προλε-

149 1825 383 1897 γόμενον
416 1821 490 1883 ὡς
516 1816 662 1874 ἔσται
694 1818 826 1872 ποτὶ
855 1815 944 1871 ὅτε
975 1815 1323 1891 ὑπερτερήσει
1370 1812 1432 1867 τὸ
1493 1818 1534 1864 Ν
1591 1814 1686 1864 τοῦ
1728 1815 1801 1865 Μ.

153 1896 251 1969 Καὶ
304 1910 503 1966 αὐτίκα
529 1914 646 1971 τοῖς
693 1906 958 1982 Τούρκοις
1010 1905 1083 1966 ὡς
1126 1901 1348 1964 οἰκείοις
1406 1901 1497 1956 καὶ
1553 1896 1807 1975 γνησίοις

153 1999 414 2075 ἔγραψεν,
447 1996 882 2072 ὑπισχνούμενος
938 1992 1028 2048 καὶ
1081 1989 1231 2067 δῶρα
1288 1989 1494 2061 δοῦναι,
1546 1989 1590 2044 εἷ
1641 1988 1806 2061 μόνον

155 2082 524 2149 συλλαϐόντες
577 2085 738 2141 αὐτόν
792 2105 850 2139 τε
905 2082 996 2137 καὶ
1052 2080 1179 2143 τοὺς
1235 2081 1358 2155 περὶ
1438 2078 1596 2134 αὐτὸν
1672 2076 1809 2152 πρὸς

155 2179 319 2233 αὐτὸν
381 2173 893 2247 έξαποστὲλλουσιν.
928 2173 1026 2228 ἾΙν
1092 2167 1150 2224 δῖε
1207 2171 1234 2223 ὁ
1295 2166 1650 2237 Βοτανειάτης
1703 2169 1809 2220 τῶν

154 2263 520 2341 εὐπατριδῶν,
551 2264 614 2319 ἐκ
665 2267 762 2318 τοῦ
819 2265 988 2316 Φωκᾶ
1033 2261 1095 2314 τὸ
1124 2259 1276 2333 γένος
1308 2255 1678 2316 πολυπλόκως
1714 2255 1807 2328 μὶν

157 2355 282 2412 ἀλλ’
337 2355 493 2427 ὅμως
549 2352 820 2428 κατάγων,
852 2350 943 2404 καὶ
999 2353 1108 2403 τῶν
1148 2345 1510 2421 περιωνόμων
1561 2339 1807 2412 Φαϐίων,

155 2447 202 2499 οἳ
252 2445 317 2499 τὸ
360 2447 517 2520 γένος
566 2441 626 2496 ἐκ
670 2447 771 2510 τῆς
819 2435 1104 2514 περιδόξου
1152 2436 1239 2490 καὶ
1291 2429 1812 2510 πρεσϐυτέραςῬώο

159 2556 267 2605 μης
347 2539 612 2608 κατῆγον,
661 2528 801 2593 καθᾶ
846 2530 881 2598 ἡ
931 2527 1180 2590 ἀνέκαθεν
1256 2521 1553 2600 παράδοσις
1626 2527 1814 2598 κρατεῖ

155 2624 278 2698 περὶ
309 2622 512 2678 αὐτῶν.
551 2619 745 2696 Τρίτην
791 2613 850 2672 δέ
897 2618 1124 2691 ἄγοντος
1172 2619 1269 2669 τοῦ
1315 2608 1644 2688 Ὀκτωϐρίου
1701 2633 1810 2685 μη-

153 2715 262 2781 νὸς,
295 2711 604 2784 μέλλοντος
633 2706 741 2778 ἤδη
773 2709 872 2776 τήν
928 2702 1218 2780 βασιλικὴν
1259 2704 1527 2774 πήξασθαι
1584 2701 1808 2771 σκηνὴν,

159 2807 272 2880 Ῡῶς
329 2801 529 2874 ἀθρόον
588 2799 708 2873 περὶ
767 2797 858 2852 τὸν
909 2795 1042 2868 ἀέρα
1099 2791 1318 2871 διεφάνη
1391 2791 1514 2866 περὶ
1589 2792 1809 2866 πρώτας

155 2879 351 2951 νυκτὸς
385 2886 632 2963 φυλακάς
667 2887 832 2961 μέχρι
859 2881 1212 2953 Χαλκηδόνος
1239 2883 1330 2937 καὶ
1377 2879 1812 2956 Χρυσουπόλεως

156 2980 244 3034 καὶ
303 2984 416 3034 τῶν
472 2975 524 3030 ἐν
583 2975 920 3051 Βλαχὲρναις
977 2971 1320 3046 ἀνακτόρων·
1378 2970 1407 3026 ὅ
1460 2970 1551 3025 καὶ
1623 2969 1812 3030 οἰωνὸς

160 3075 320 3122 πᾶσιν
350 3066 559 3138 ἀγαθὸς
583 3061 783 3136 ἔδοξεν,
817 3063 890 3124 ὡς
947 3061 1038 3116 καὶ
1085 3055 1453 3138 έπιφοιῦάζειν
1500 3059 1650 3120 τινας
1710 3057 1815 3112 ἀπὸ

156 3155 384 3229 λάμπής
416 3155 716 3229 λαμπτῆρα
756 3152 1044 3230 φωσφόρον
1097 3146 1435 3222 ἐπιδημῆσαι
1484 3153 1601 3210 τοῖς
1657 3148 1816 3222 βασι-

155 3244 348 3309 λείοις.
411 3242 748 3318 Ωρμημένου
800 3238 856 3295 δὲ
902 3237 1012 3310 ἤδη
1059 3238 1194 3314 πρὸς
1235 3239 1298 3292 τὸ
1347 3239 1652 3306 Βυζάντιον,
1681 3236 1816 3290 ἀπο-

155 3335 381 3403 στατικὴ
464 3333 618 3404 ἑτέρα
690 3328 949 3384 κακόνοια
1014 3329 1113 3396 τὴν
1193 3325 1340 3381 δύσιν
1405 3325 1813 3401 περιεκλόνησε.

154 3423 482 3498 Νικηφόρος
514 3421 618 3496 γὰρ
648 3415 915 3494 πρόεδρος
960 3418 988 3471 ὁ
1034 3417 1316 3491 Βρυέννιος
1372 3417 1472 3484 τὴν
1525 3419 1622 3470 τοῦ
1679 3412 1812 3490 Δυρ-

158 3511 360 3589 ραχίου
396 3508 657 3577 δουκικὴν
710 3504 910 3562 διέπων
961 3507 1138 3582 ἀρχὴν
1174 3508 1254 3578 [Ρ.
1285 3505 1414 3579 858]
1466 3505 1556 3559 καὶ
1613 3504 1814 3573 ταύτης

157 3599 496 3674 παραλυθεὶς
553 3595 822 3672 βασιλέως
872 3594 1046 3667 ἑαυτῷ
1098 3595 1416 3669 περιέθηκεν
1482 3589 1674 3665 ὄνομα,
1725 3592 1814 3647 καὶ

155 3697 266 3749 τοῖς
292 3691 475 3746 έκεῖσε
505 3688 863 3763 στρατιώταις
914 3681 1140 3746 ὀπαδοῖς
1188 3683 1279 3738 καὶ
1337 3688 1617 3757 συνεργοῖς
1671 3701 1814 3757 χρη-

160 3779 396 3853 σάμενος
471 3775 629 3846 ἔξεισι
719 3776 814 3848 μὲν
895 3773 1116 3842 ἐκεῖθεν,
1201 3771 1466 3848 ἐπείγεται
1555 3768 1611 3825 δὲ
1676 3771 1814 3845 πρὸς

159 3865 650 3944 Ἀδριανούπολιν.
682 3865 743 3922 Ὁ
773 3865 875 3940 γάρ
907 3859 1246 3938 αὖτάδελφος
1294 3861 1458 3916 αὐτοῦ
1514 3859 1662 3923 τινας
1710 3864 1818 3914 τῶν

160 3957 465 4032 Ἐσπερίων
529 3952 804 4026 δυνάμεων
857 3951 934 4015 εἷς
983 3951 1081 4020 τὴν
1155 3948 1618 4025 προσδοκωμένην
1697 3948 1819 4003 ἐπι-

163 4041 376 4113 ϐουλήν
431 4043 792 4119 καταρτόσας,
856 4042 991 4112 μετὰ
1058 4039 1355 4115 Βαράγγων
1411 4039 1499 4093 καὶ
1551 4041 1818 4114 Φράγγων

162 4135 418 4208 πλήθους
452 4132 671 4189 πολλοῦ
728 4136 805 4203 τῷ
835 4127 1057 4204 ἀδελφῷ
1105 4128 1380 4192 συνθέσθαι
1439 4127 1820 4202 παρεσκεύασε.

165 4227 270 4280 Συν
330 4224 486 4295 αὐτῷ
541 4220 598 4277 δὲ
655 4221 744 4276 καὶ
793 4220 885 4275 τὸν
944 4218 1229 4272 κατεπάνω
1259 4221 1356 4282 τῆς
1395 4216 1562 4286 αὐτῆς
1608 4216 1826 4281 πόλεως

165 4314 427 4390 συγγενέα
479 4310 675 4366 τούτου
731 4307 1090 4383 τυγχάνοντα,
1129 4307 1219 4360 καὶ
1274 4307 1380 4380 πρὸ
1435 4309 1532 4360 τοῦ
1587 4305 1825 4361 καταλα-

165 4399 278 4458 ϐεῖν
316 4402 377 4458 δὲ
409 4401 489 4464 εἷς
518 4395 979 4475 Ἀδριανούπολιν
1037 4396 1136 4464 τήν
1193 4394 1466 4472 εὐφημίαν
1516 4394 1680 4450 αὐτοῦ
1737 4397 1826 4450 καὶ

162 4494 266 4560 τήν
327 4489 632 4566 ἀναῤῥησιν
693 4493 791 4556 τῆς
852 4483 1134 4562 βασιλείας
1180 4481 1647 4559 προδιεγράψατο.
1678 4485 1740 4540 Ὁ
1773 4481 1830 4538 δὲ

169 4580 437 4657 βασιλεὺς
491 4578 878 4652 μαλακώτερον
939 4573 1077 4648 πρὸς
1105 4572 1172 4627 τὰ
1208 4571 1500 4648 πράγματα
1555 4570 1828 4645 διακείμε-

1912 644 2175 701 thesauri
2207 648 2264 699 et
2285 644 2715 716 suppellectilia
2747 645 3138 700 auferrentur.

1983 740 2127 790 Cum
2184 751 2314 790 vero
2374 735 2454 788 ita
2512 750 2603 789 res
2656 734 3237 803 administrarentur,
3278 735 3476 809 itaque
3504 742 3562 793 et

1912 827 2146 882 interna
2197 829 2254 880 et
2312 829 2547 879 externa
2606 823 2828 894 rapinis
2879 841 2943 878 ac
2979 829 3171 896 praeda
3225 825 3563 882 laborarent

1913 917 2170 989 pessimo
2196 914 2442 970 consilio
2476 921 2532 969 et
2554 913 2784 984 ignavia
2808 914 3559 989 imperantium,principes

1910 1007 1971 1062 in
2002 1007 2232 1062 Oriente
2254 1003 2581 1060 Alexander
2601 1010 2658 1060 et
2689 1004 2991 1060 Cabasilas
3029 1006 3343 1078 Synadeni,
3369 1006 3559 1062 Gude-

1910 1095 2051 1162 lius,
2109 1096 2526 1151 Straboramus
2583 1100 2642 1150 et
2710 1095 2919 1166 reliqui
2990 1096 3266 1152 senatorii
3336 1097 3561 1153 ordinis

1910 1187 2206 1258 principes
2239 1185 2468 1254 delecti,
2501 1201 2677 1256 quam
2731 1185 2952 1256 pridem
3002 1186 3371 1241 rebellionem
3424 1203 3561 1242 con-

1911 1279 2187 1346 ceperant
2217 1275 2287 1328 ad
2322 1290 2470 1344 opus
2520 1273 2882 1344 perducunt;
2924 1278 2980 1328 et
3026 1274 3424 1346 curopalatem
3464 1276 3562 1330 Ni-

1909 1365 2228 1436 cephorum
2274 1363 2638 1418 Botaniatem
2689 1363 3103 1419 convenientes
3151 1364 3563 1436 imperatorem

1910 1454 2227 1521 declarant,
2260 1454 2491 1510 Octobri
2527 1470 2748 1521 mense,
2782 1454 3104 1509 indictione
3141 1455 3349 1525 prima.
3401 1455 3565 1519 Quod

1913 1563 2044 1601 cum
2074 1547 2146 1601 ad
2177 1545 2551 1615 imperatoris
2580 1561 2750 1599 aures
2782 1543 3118 1608 accidisset,
3146 1544 3303 1600 haud
3339 1546 3562 1600 medio-

1913 1637 2086 1692 criter
2131 1637 2324 1708 ipsum
2350 1635 2742 1707 perturbavit;
2776 1640 2900 1690 erat
2929 1636 3085 1690 enim
3117 1653 3151 1691 a
3182 1635 3382 1690 multis
3415 1652 3566 1707 quo-

1913 1745 2026 1802 que
2073 1727 2417 1800 praedictum
2469 1727 2612 1782 forte
2661 1731 2722 1781 ut
2752 1726 2890 1781 olim
2946 1725 2993 1781 N
3045 1730 3351 1798 superaret
3386 1727 3460 1782 M.
3493 1731 3564 1783 Et

1913 1819 2116 1874 statim
2147 1817 2354 1872 Turcis
2384 1822 2666 1886 tanquam
2687 1816 2951 1885 cognatis
2974 1819 3032 1869 et
3060 1815 3404 1887 propinquis
3427 1816 3566 1871 scri-

1916 1909 2051 1981 psit,
2098 1907 2378 1978 pollicens
2424 1907 2576 1961 dona
2620 1921 2682 1960 se
2737 1906 3039 1974 daturum,
3071 1905 3120 1960 si
3151 1905 3318 1960 illum
3370 1904 3560 1961 solum

1918 1999 2422 2072 comprehensum,
2457 2003 2513 2052 et
2544 1997 2644 2068 qui
2676 2014 2806 2052 cum
2841 1997 2967 2069 ipso
3001 2002 3194 2052 essent
3227 1998 3296 2051 ad
3332 2014 3392 2052 se
3424 1997 3563 2053 mit-

1917 2094 2061 2146 tant.
2098 2089 2236 2143 Erat
2267 2092 2463 2143 autem
2497 2085 2833 2142 Botaniates
2876 2103 2945 2141 ex
2977 2085 3274 2141 nobilibus
3308 2104 3341 2142 a
3371 2086 3564 2142 Phoca

1918 2179 2228 2243 oriundus,
2264 2177 2440 2231 variis
2471 2176 2705 2247 quidem
2762 2174 2951 2230 modis
2983 2181 3177 2230 tamen
3213 2176 3286 2230 ab
3319 2175 3565 2230 illustri-

1921 2269 2032 2323 bus
2065 2266 2258 2323 Fabiis
2287 2281 2473 2337 genus
2501 2266 2742 2331 ducens,
2777 2264 2876 2335 qui
2908 2281 2975 2320 ex
3004 2263 3219 2320 illustri
3244 2269 3302 2319 et
3323 2264 3569 2335 antiqua

1919 2360 2101 2414 Roma
2133 2357 2418 2428 originem
2452 2355 2768 2422 ducebant,
2795 2356 3295 2426 quemadmodum
3327 2356 3572 2426 antiqua

1922 2450 1993 2504 de
2033 2447 2178 2520 ipsis
2209 2448 2462 2502 traditur
2495 2447 2670 2501 fama.
2703 2446 2898 2502 Tertia
2931 2463 3061 2501 vero
3093 2445 3356 2502 Octobris
3405 2463 3570 2502 men-

1923 2541 2006 2596 sis
2035 2540 2150 2604 die,
2175 2554 2310 2593 cum
2337 2538 2458 2608 jam
2488 2535 2784 2607 ﬁgendum
2808 2541 2958 2590 esset
2985 2535 3357 2606 imperatoris
3379 2537 3570 2591 taber-

1922 2630 2220 2695 naculum,
2252 2628 2500 2682 densum
2527 2625 2725 2680 lumen
2755 2625 2814 2680 in
2848 2641 2978 2680 aere
3025 2625 3298 2697 apparuit
3341 2627 3572 2682 circiter

1922 2721 2174 2792 primam
2223 2717 2410 2773 noctis
2459 2715 2743 2786 vigiliam,
2779 2731 2962 2787 usque
3023 2716 3094 2769 ad
3141 2714 3567 2772 Chalcedonem

1932 2811 2074 2864 7‘21
2113 2813 2168 2863 et
2186 2805 2592 2878 ChrysOpolim
2615 2809 2671 2860 et
2693 2806 2850 2875 regia
2873 2803 3089 2876 palatia
3110 2803 3169 2858 in
3190 2803 3563 2860 Blacbernis:

1921 2900 2073 2971 quod
2107 2897 2395 2969 Optimum
2430 2895 2904 2950 omnibusvisum
2929 2901 3018 2949 est
3050 2895 3485 2965 augurium,ita
3507 2901 3572 2950 ut

1923 2987 2384 3043 vaticinarenlur
2405 2985 2644 3057 quidam
2679 3001 2711 3038 a
2741 2984 3053 3056 splendore
3086 2984 3333 3039 Luciferi
3384 2986 3568 3040 facem

1927 3081 1994 3134 ad
2019 3078 2236 3149 regiam
2259 3073 2748 3131 accessisse.Cum
2764 3078 2953 3129 autem
2980 3074 3319 3147 Byzantium
3341 3076 3572 3146 proﬁci-

1928 3172 2208 3231 sceretur,
2267 3164 2450 3219 altera
2481 3164 2747 3234 quaedam
2813 3161 2965 3218 male
3022 3163 3277 3233 cogitata
3337 3164 3574 3220 rebellio

1928 3257 2300 3312 Occidentem
2353 3251 2685 3324 exagitavit.
2733 3251 3097 3324 Nicephorus
3147 3252 3305 3307 enim
3355 3252 3572 3325 Bryen.

1929 3346 2060 3401 nius
2092 3359 2306 3414 praeses
2338 3341 2761 3396 administrans
2789 3339 3088 3411 Dyrrachii
3123 3341 3574 3414 ducatum,ipso

1925 3433 2253 3497 abdicatus,
2288 3430 2400 3486 sibi
2435 3427 2804 3500 imperatoris
2853 3445 3066 3484 nomen
3109 3428 3446 3486 vindicavit.
3506 3432 3575 3488 Et

1926 3521 2215 3576 militibhs
2249 3517 2446 3590 quiibi
2481 3521 2670 3585 erant,
2730 3515 3015 3571 ministris
3065 3522 3236 3588 atque
3285 3520 3574 3589 adjutori-

1925 3611 2037 3665 bus
2067 3626 2212 3664 usus
2253 3608 2388 3661 inde
2434 3605 2752 3678 egreditur,
2783 3610 2840 3660 et
2867 3605 2938 3659 ad
2992 3607 3429 3678 AdrianOpolim
3491 3610 3571 3663 fe-

1926 3699 2182 3754 stinabat
2223 3715 2236 3763 ;
2273 3711 2408 3750 nam
2460 3710 2778 3765 germanus
2837 3694 2964 3762 ejus
3025 3695 3202 3749 frater
3252 3695 3573 3753 instructas

1927 3789 2214 3860 quasdam
2230 3783 2558 3840 Occidentis
2583 3781 2778 3854 copias
2793 3782 2860 3836 ad
2879 3787 3142 3853 speratas
3165 3781 3414 3840 insidias
3434 3801 3568 3840 cum

1928 3878 2324 3947 Barangorum
2358 3877 2415 3927 et
2457 3872 2810 3926 Francorum
2836 3871 2990 3926 haud
3027 3871 3269 3926 mediori
3299 3873 3570 3928 multitu-

1929 3965 2064 4020 dine
2092 3961 2354 4027 adduxit,
2379 3965 2444 4014 ut
2467 3975 2601 4014 cum
2628 3960 2804 4014 fratre
2835 3959 3260 4030 conspirarent,
3294 3966 3352 4016 et
3372 3977 3572 4016 secum

1931 4053 2194 4123 eiusdem
2248 4064 2482 4120 quoque
2559 4047 2721 4102 urbis
2782 4048 3158 4117 praefectum,
3234 4050 3580 4120 cognatione

1933 4139 2344 4208 conjunctum;
2377 4139 2434 4189 ct
2487 4138 2801 4204 antequam
2854 4133 2923 4188 ad
2977 4133 3416 4206 Adrianopolim
3448 4152 3580 4206 per-

1929 4227 2174 4294 veniret,
2205 4224 2566 4279 celebratum
2598 4227 2655 4276 et
2685 4221 3047 4276 declaratum
3090 4223 3285 4293 ipsum
3334 4223 3586 4295 impera-

1935 4320 2119 4372 torem
2153 4314 2315 4384 prius
2346 4311 2610 4382 scripsit.
2673 4315 2999 4382 Imperator
3047 4327 3181 4366 vero
3233 4311 3470 4368 mollius
3519 4330 3585 4368 ac

1937 4404 2178 4475 segnius
2237 4401 2412 4455 rebus
2461 4400 2732 4470 gerendis
2789 4401 3053 4454 intentus
3107 4400 3243 4468 (nisi
3288 4402 3445 4455 enim
3479 4402 3587 4457 hoc

1938 4494 2174 4560 fuisset,
2210 4490 2375 4545 facile
2434 4491 2628 4561 ipsum
2684 4488 3037 4560 Bryennium
3101 4489 3477 4564 debellasset)
3531 4499 3590 4549 et

1940 4581 2243 4655 proprium
2277 4579 2594 4634 exercitum
2626 4577 2852 4633 habens
2876 4594 3077 4633 eorum
3111 4596 3257 4649 quos
3279 4582 3591 4637 nominant

166 4690 277 4731 νοςο
311 4668 362 4723 εί
401 4667 478 4739 μὴ
523 4665 622 4741 γὰρ
668 4663 734 4734 ἦν
771 4667 957 4729 τοῦτο,
989 4659 1230 4723 εὐκόλως
1285 4658 1344 4714 ἃν
1395 4660 1486 4714 τὸν
1545 4661 1813 4734 Βρυὲννιοε

1941 4668 2328 4737 immortales,
2360 4673 2417 4722 et
2445 4667 2696 4722 alterum
2729 4666 2886 4720 haud
2923 4665 3238 4737 ignobilem
3272 4685 3302 4722 e
3333 4669 3590 4724 collecti-

164 4755 611 4833 κατηγωνίσατο,
644 4750 871 4826 στρατόν
920 4771 980 4805 τε
1029 4746 1327 4804 ὶδιαίτατον
1359 4746 1526 4822 ἔχων,
1576 4748 1670 4810 οὓς
1715 4747 1830 4803 ὀνο·

171 4849 442 4919 μάζουσιν
515 4840 810 4907 ἀθανάτους
880 4841 1014 4913 (40),
1066 4837 1155 4892 καὶ
1220 4834 1402 4911 ἕτερον
1481 4837 1579 4892 οὐκ
1642 4837 1826 4913 ἀγεννῆ

170 4937 280 4991 ἀπὸ
337 4929 663 5008 συγκλύδων
720 4925 930 5003 ἀνδρῶν
983 4925 1348 5003 συγκείμενον.
1410 4925 1506 4980 Καὶ
1562 4922 1650 4980 διὰ
1700 4925 1831 4980 πάν-

165 5045 279 5079 των
308 5021 559 5096 εὐχερῶς
591 5019 735 5094 εἶχεν
781 5014 1054 5071 ἐπιθέσθαι
1102 5019 1222 5075 τοῖς
1271 5014 1322 5068 έν
1378 5011 1831 5088 ’Λδριανουπόλει

173 5115 272 5187 μὲν
305 5111 606 5187 πρότερον,
639 5107 750 5162 εἶτα
781 5103 838 5160 δὲ
865 5104 956 5159 καὶ
1002 5109 1083 5176 τῷ
1135 5103 1396 5177 Βρυεννίῳ
1451 5103 1619 5176 αὐτῷ.
1654 5103 1833 5175 Ἀλλ’,

169 5205 250 5265 ὡς
285 5200 524 5277 εἴρηται,
559 5195 943 5274 ῥᾳθυμοτέρως
972 5193 1118 5272 ἔχων
1168 5195 1369 5250 ἐκεῖνόν
1418 5216 1478 5250 τε
1525 5194 1706 5269 ὕψωσε
1745 5199 1835 5251 καὶ

167 5293 232 5349 bc
270 5289 470 5366 μιλιροῦ
523 5289 688 5364 μέγαν
749 5285 992 5357 ἐποίησε,
1023 5285 1113 5340 καὶ
1171 5285 1347 5356 ἑαυτῷ
1397 5283 1640 5360 παρέσχε
1697 5287 1834 5363 πρά-

1941 4760 2049 4818 ciis
2079 4757 2219 4813 viris
2251 4760 2538 4821 coactum,
2572 4753 2740 4808 facile
2797 4757 3088 4824 potuisset
3139 4770 3270 4809 cum
3315 4757 3592 4813 omnibus

1941 4849 2068 4906 suis
2126 4847 2289 4918 prius
2341 4860 2438 4899 eos
2501 4841 2772 4896 invadere
2828 4841 2928 4912 qui
2985 4847 3152 4896 erant
3188 4842 3592 4916 Adrianopoli,

1942 4936 2154 4993 deinde
2191 4933 2368 4989 etiam
2401 4929 2752 5004 Bryennium
2786 4928 3258 5000 ipsum.Verum,
3289 4933 3590 4988 utdictum

1944 5030 2053 5093 est,
2085 5023 2412 5095 segniorem
2463 5036 2525 5075 se
2564 5019 2828 5090 prebens
2873 5023 2929 5073 et
2971 5017 3137 5072 illum
3167 5019 3377 5074 extulit
3426 5026 3485 5076 et
3523 5039 3594 5078 ex

1945 5131 2122 5187 parvo
2155 5127 2434 5183 magnum
2468 5108 2624 5177 fecit,
2655 5112 2713 5162 et
2743 5107 2855 5161 sibi
2889 5107 3120 5177 negotia
3159 5108 3455 5165 conflavit.
3490 5112 3592 5166 Ni-

1947 5201 2235 5274 cephorus
2265 5199 2418 5254 enim
2449 5213 2663 5268 praeses
2698 5200 2893 5267 regius
2919 5201 2977 5250 et
3026 5211 3334 5251 successor
3374 5199 3595 5255 missus

1945 5287 2372 5346 Thessalonicae
2430 5302 2564 5341 cum
2616 5285 2741 5355 ipso
2798 5300 3167 5355 congressus,
3227 5286 3274 5341 si
3328 5288 3602 5344 decenter

1498 5449 1747 5506 JACOBI
1786 5450 2004 5508 GOARI
2043 5450 2280 5507 NOTJE.

251 5577 583 5652 (40)_Utfx_
631 5573 895 5652 antiquis
947 5572 1434 5652 le‘gionibus_baec
1454 5573 1699 5652 Victrix,
1733 5574 1836 5631 illa

173 5645 306 5718 Pis,
339 5645 459 5707 alia
479 5645 894 5719 Fulminat’rix,
935 5645 1052 5702 alia
1098 5645 1239 5719 item
1278 5645 1454 5716 Felix,
1480 5645 1569 5702 vel
1597 5650 1704 5700 τῶν
1742 5666 1837 5719 με·

172 5717 478 5804 γαθῦμων,
508 5737 578 5778 εχ
609 5719 805 5791 aliquo
838 5718 966 5790 jam
1011 5717 1305 5790 praeterito
1346 5722 1578 5789 eventu,
1621 5719 1693 5775 de
1722 5717 1838 5794 quo

517 5848 780 5911 Panos.
834 5845 947 5908 Gn.
993 5842 1232 5906 CXXII.

1949 5573 2182 5639 Imperii
2213 5571 2455 5639 Notitia,
2502 5570 2830 5638 dicebatur,
2871 5571 2993 5626 haec
3041 5577 3381 5630 senescente
3430 5579 3488 5630 et
3517 5577 3589 5632 ad

1948 5642 2590 5727 letbumterevoergente
2603 5642 2847 5727 imperio
2864 5642 3366 5702 immortalitatem
3387 5646 3444 5703 in
3461 5664 3601 5720 prie-

1947 5719 2044 5776 liis
2071 5733 2218 5775 vane
2248 5716 2489 5774 sibimet
2517 5718 2842 5774 ominatur.

3205 5840 3286 5906 15
