4078 6336
522 388 643 446 459

1843 386 2167 445 JUANNlS
2214 386 2616 445 SCYLl'fZ/E

3821 390 3945 448 460

524 518 699 573 rebus
735 516 883 573 728
917 533 1061 572 usus
1107 522 1282 586 esset,
1317 516 1483 572 facile
1533 518 1726 588 ipsum
1778 518 1839 571 in
1887 517 2174 589 principio

2292 537 2485 590 γματα.
2550 516 2645 570 Καὶ
2706 514 3022 591 Νικηφόρος
3078 513 3178 589 γάρ
3254 512 3519 589 πρόεδρος
3570 517 3598 570 6
3655 516 3939 591 βασιλικὸς

524 607 872 663 defectionis
919 606 1237 663 debellaset
1272 626 1283 663 :
1319 624 1454 663 cum
1505 624 1637 663 vero
1694 607 1764 663 ad
1815 608 2175 679 Trajanopo-

523 697 628 753 lim
663 698 1041 771 pervenisset,
1091 698 1169 753 ibi
1202 716 1334 754 cum
1367 700 1545 754 fratre
1575 699 1798 754 Joanne
1830 705 1885 754 et
1915 699 2177 765 Francis,

524 789 623 861 qui
654 789 1036 861 Adrianopoli
1074 794 1265 857 erant,
1299 797 1354 844 et
1385 791 1803 845 Macedonibus
1846 796 1902 845 et
1954 789 2177 859 reliquo

520 879 787 933 exercitu
839 896 1038 934 secum
1088 880 1464 951 conspirante
1515 897 1867 953 congressus
1909 885 2020 935 est.
2075 878 2179 933 Ubi

521 969 697 1024 etiam
732 970 892 1042 regis.
924 969 1191 1025 induitur
1224 970 1497 1041 insignia,
1523 971 1918 1041 omnibusque
1953 969 2177 1040 jureju-

522 1059 708 1114 rando
740 1064 797 1115 et
826 1059 1093 1115 horribili
1148 1061 1359 1115 {cedere
1410 1062 1775 1117 confirmatis
1811 1062 1891 1116 ita
1922 1060 2177 1116 celebra-

523 1155 620 1203 tur
663 1149 939 1204 laudibus
988 1150 1215 1215 multis,
1254 1150 1557 1221 multoque
1610 1152 1883 1207 satellitio
1923 1152 2179 1222 stipatus

522 1238 893 1309 imperatoris
928 1242 1098 1295 modo
1133 1256 1195 1294 se
1225 1240 1396 1311 gerit,
1432 1246 1488 1295 et
1520 1240 1956 1313 Adrianopolim
1994 1240 2179 1296 multo

525 1344 657 1383 cum
692 1328 910 1383 honore
942 1345 1002 1384 se
1037 1329 1253 1400 recepit
1299 1334 1354 1383 et
1385 1331 1776 1398 observantia,
1810 1332 2042 1387 obviam
2096 1330 2180 1385 illi

525 1419 957 1490 prodeuntibus
984 1419 1108 1475 suis
1142 1420 1413 1475 tribubus
1446 1436 1510 1475 eo
1544 1422 1700 1492 quod
1732 1422 1923 1492 ipsum
1955 1438 2025 1477 ex
2055 1422 2179 1477 ani-

530 1523 624 1562 mo
655 1506 913 1563 colerent
942 1515 995 1562 et
1027 1509 1717 1580 observarent.Egressus
1748 1514 1943 1564 autem
1976 1516 2182 1564 contra

531 1597 819 1667 quosdam
843 1595 1113 1667 Bryennii
1144 1613 1357 1666 praeses
1392 1597 1813 1651 Constantinus
1844 1598 2179 1653 Theodoro-

532 1702 714 1740 cauus
744 1684 975 1755 capitur
1020 1688 1076 1740 et
1127 1686 1198 1740 ad
1246 1685 1441 1757 ipsum
1504 1688 1769 1758 captivus
1805 1688 2063 1753 ducitur,
2096 1688 2182 1741 vir

534 1772 725 1830 clarus
756 1777 813 1829 et
842 1789 1054 1845 genere
1096 1774 1526 1845 nobilissimus,
1576 1776 1822 1848 vitaeque
1872 1776 2182 1848 splendore

535 1862 804 1918 illustris.
838 1864 946 1918 Sed
1000 1863 1298 1934 neglectus
1343 1864 1453 1918 fuit
1496 1870 1559 1919 ut
1619 1865 1860 1936 quidam
1905 1865 2181 1938 ignobilis
2216 1902 2258 1965 Β

532 1955 589 2006 et
618 1951 868 2007 obscuro
900 1951 1023 2007 loco
1057 1959 1253 2018 natus,
1290 1970 1477 2024 neque
1528 1954 1714 2008 ullum
1765 1971 2004 2025 corpore
2035 1971 2180 2025 sup-

533 2040 771 2112 plicium
807 2041 1046 2113 subivit,
1099 2042 1370 2113 quamvis
1411 2041 1848 2099 existimaretur
1880 2044 1934 2097 id
1970 2061 2184 2115 passu-

536 2147 635 2185 rus
671 2134 907 2202 propter
938 2131 1271 2203 superiores
1304 2131 1644 2187 inimicitias
1675 2137 1731 2188 et
1761 2149 1991 2205 pugnas
2024 2131 2182 2203 capi-

534 2218 701 2273 tales.
729 2223 943 2274 Verum
976 2220 1197 2275 missus
1228 2220 1287 2275 in
1319 2220 1588 2276 exsilium
1624 2222 1681 2276 in
1715 2222 2031 2292 quamdam
2066 2223 2186 2277 Ma-

535 2308 873 2363 cedonicam
906 2310 1110 2363 urbem
1131 2309 1285 2363 baud
1313 2310 1497 2365 multo
1527 2315 1657 2380 post
1683 2316 1901 2365 natura:
1922 2312 2186 2366 debitum

548 2396 844 2468 persolvit.
873 2398 1033 2463 Quod
1067 2414 1199 2453 vero
1241 2400 1397 2469 regia
1429 2399 1681 2470 insignia
1726 2399 1786 2455 in
1818 2398 2190 2472 Trajanopoli

548 2485 792 2541 indutus
807 2486 1533 2560 fueritBryennius,ibique
1547 2489 1829 2545 declarari
1847 2496 1902 2546 et
1915 2489 2194 2546 celebrari

549 2591 610 2630 se
634 2576 987 2646 permiserit,
1010 2575 1164 2630 haud
1192 2577 1409 2632 bonum
1436 2579 1750 2650 augurium
1786 2580 2193 2650 prudentiores

546 2665 981 2720 existimabant.
1017 2665 1145 2720 Haec
1177 2668 1333 2721 enim
1358 2668 1765 2740 Trajanopolis
1797 2686 1911 2723 non
1956 2668 2191 2739 Trajani

546 2753 916 2827 imperatoris
949 2755 1185 2809 nomine
1206 2755 1440 2811 condita
1462 2756 1589 2823 fuit,
1614 2757 1713 2811 sed
1740 2757 1972 2812 nomine
1994 2758 2191 2827 cujus-

543 2852 679 2907 dam
694 2870 761 2907 ex
785 2853 1139 2922 primatibus
1163 2853 1389 2922 Traiani
1417 2855 1624 2919 vocati,
1650 2856 1915 2925 generosi
1949 2872 2014 2911 eo
2045 2861 2191 2910 tem-

556 2958 691 3012 pore
726 2942 873 2997 729
903 2941 1007 2995 viri
1042 2948 1165 2995 tum
1200 2958 1379 2996 manu
1414 2946 1538 2997 tum
1564 2944 1780 3011 animo,
1807 2961 1978 3015 quem
2005 2946 2193 3001 Caesar

544 3030 836 3100 Trajanus
872 3031 943 3085 ob
979 3029 1174 3085 nescio
1208 3047 1382 3101 quam
1434 3031 1815 3087 offensionem
1864 3034 2192 3089 luminibus

544 3119 813 3191 privavit.
840 3118 984 3173 Etin
1020 3119 1225 3175 Persas
1258 3120 1636 3197 proficiscens
1668 3121 1761 3177 hic
1796 3140 1930 3178 eum
1965 3125 2191 3195 primus

543 3208 866 3279 conspexit,
901 3225 1016 3278 quo
1040 3208 1375 3279 spectaculo
1397 3210 1715 3265 admodum
1741 3211 1965 3277 dolens,
2001 3229 2189 3268 recor-

544 3296 719 3352 datus
757 3297 1189 3367 expeditionum
1254 3303 1309 3353 et
1360 3297 1594 3355 virtutis
1653 3299 1831 3369 illius,
1864 3302 2068 3356 eodem
2131 3303 2189 3357 in

543 3385 670 3441 loco
702 3387 903 3442 urbem
935 3387 1198 3442 construi
1219 3388 1406 3459 jussit
1434 3390 1503 3444 ad
1533 3390 1903 3447 indelebilem
1936 3393 2041 3446 viri
2064 3409 2190 3449 me-

544 3475 935 3531 moriam.Hac
957 3475 1137 3548 igitur
1166 3478 1235 3532 de
1266 3495 1443 3533 causa
1477 3481 1795 3551 prudentes
1830 3482 1932 3535 vini
1966 3482 2187 3537 factum

540 3564 697 3620 haud
723 3566 941 3621 bonum
965 3566 1279 3638 augurium
1303 3568 1639 3624 censebant.
1676 3572 1938 3625 Attamen
1972 3576 2186 3644 Bryen-

540 3654 674 3710 nius
700 3654 978 3727 ignorans
1000 3654 1296 3709 decretum
1321 3658 1536 3726 (czecus
1568 3663 1657 3713 est
1679 3660 1833 3712 enim
1854 3660 2186 3715 futurorum

537 3747 797 3813 eventus)
832 3760 922 3799 res
946 3760 1222 3815 egressus
1252 3749 1358 3799 est.
1386 3745 1687 3803 Raadestus
1718 3763 1953 3819 quoque
1985 3750 2185 3804 eadem

536 3833 827 3905 cogitavit,
859 3833 1186 3903 opitulante
1220 3834 1333 3888 sibi
1367 3839 1618 3905 cognata
1650 3837 1794 3891 urbe
1825 3840 2183 3893 Batatzaenc:

538 3947 673 3986 nam
727 3930 1039 3985 Raadestini
1088 3932 1369 3986 adversus
1421 3932 1666 3987 Panium
1716 3934 1955 4003 profecti
1987 3951 2183 4006 coege-

540 4025 677 4073 runt
708 4018 902 4089 ipsum
935 4035 1169 4089 quoque
1192 4020 1544 4090 Bryennium
1560 4020 2034 4078 celebrare.Cum
2052 4038 2185 4077 vero

539 4123 712 4162 suum
754 4108 991 4161 fratrem
1031 4123 1096 4161 eo
1123 4108 1337 4162 honore
1370 4108 1661 4164 affecisset
1710 4117 1773 4164 ut
1818 4115 1972 4165 esset
2014 4128 2184 4167 curo-

542 4196 785 4266 palates,
844 4200 901 4250 et
953 4194 1097 4249 alios
1158 4212 1362 4251 omnes
1423 4196 1626 4252 habita
1680 4197 1903 4253 ratione
1937 4200 2185 4271 propriae

542 4285 801 4355 ipsorum
834 4283 1157 4356 dignitatis,
1182 4285 1537 4339 existimavit
1560 4301 1621 4341 se
1648 4286 2077 4343 formidabilem
2110 4291 2183 4345 ad

540 4374 747 4427 urbem
780 4372 999 4442 regiam
1048 4377 1283 4443 propter
1314 4372 1565 4428 missum
1611 4375 1846 4430 fratrem
1899 4378 2183 4433 adventu-

540 4479 695 4517 rum.
738 4461 838 4516 Cui
893 4477 1027 4515 cum
1080 4462 1419 4516 tradidisset
1452 4460 1606 4516 haud
1644 4464 1995 4519 mediocrem
2028 4483 2183 4522 exer-

538 4552 741 4620 citum,
765 4550 1035 4621 sperabat
1068 4550 1188 4604 fore
1220 4555 1284 4603 ut
1316 4551 1550 4622 quando
1579 4552 1731 4606 cives
1768 4553 2177 4623 imperatorem

2287 602 2547 680 διάδοχος
2607 604 2754 677 αὐτῷ
2809 603 3023 665 σταλεὶς
3085 603 3137 658 ἐν
3197 601 3557 679 Θεσσαλονίκῃ
3610 611 3945 679 συναντήσας

2289 695 2457 767 αὐτῷ,
2492 692 2603 769 εἷ’γε
2655 692 2841 764 δεξιῶς
2900 693 3174 769 ἐχρήσατο
3226 699 3340 755 τοῖς
3392 694 3729 769 πράγμασιν,
3782 697 3939 753 εὐκό-

2288 784 2401 846 λως
2450 783 2509 838 ἂν
2566 783 2723 838 αὐτὸν
2787 783 2837 838 ἐν
2898 783 3046 859 ἀρχῇ
3104 790 3204 853 τῆς
3264 785 3587 847 ἀποστασίας
3641 788 3944 862 κατηγωνί-

2290 896 2443 929 σατο.
2489 870 2821 927 Καταλαϐὼν
2884 870 2939 927 δὲ
2993 874 3070 936 εἷς
3126 874 3581 947 Τραϊανούπολιν,
3642 873 3815 931 ἐκεῖσε
3869 883 3949 949 τῷ

2288 985 2345 1017 τε
2376 960 2597 1040 ἀδελφῷ
2633 964 2858 1029 Ἰωάννη
2886 961 2975 1016 καὶ
3032 968 3149 1026 τοῖς
3209 961 3259 1016 ἐν
3316 960 3760 1037 Ἀδριανουπόλει
3823 988 3945 1020 συν⁴

2290 1055 2493 1123 ἤντησε
2525 1052 2799 1128 Φράγγοις
2831 1072 2886 1105 τε
2922 1052 3011 1106 καὶ
3044 1049 3317 1108 Μακεδόσι
3370 1053 3459 1106 καὶ
3515 1058 3595 1125 τῷ
3652 1053 3836 1126 λοιπῷ
3882 1056 3949 1108 τὰ

2290 1142 2456 1196 αὐτοῦ
2490 1146 2774 1217 φρονοῦντι
2820 1140 3202 1213 στρατεύματι,
3234 1138 3359 1195 ἔνθα
3413 1142 3503 1195 καὶ
3558 1144 3625 1196 τά
3686 1144 3945 1215 βασιλικά

2289 1232 2588 1303 παράσημα
2703 1225 3096 1303 περιϐάλλεται
3124 1274 3135 1286 .
3215 1228 3765 1307 Κατασφαλισάμενός
3887 1254 3947 1287 τε

2289 1323 2461 1376 πάντα
2520 1320 2704 1395 ὅρκοις
2765 1319 2854 1374 καὶ
2934 1321 3223 1389 συνθήκαις
3298 1326 3567 1396 φρικταῖς,
3624 1320 3765 1376 οὕτω
3847 1324 3944 1390 τήν

2290 1410 2559 1487 εὐφημίαν
2617 1408 2907 1485 ἀπειλήσει
2980 1409 3095 1481 μετ’
3143 1408 3414 1486 εὐιρημίας
3467 1410 3556 1463 καὶ
3616 1406 3945 1488 δορυφορίας

2289 1508 2530 1578 πολλῆς,
2562 1508 2652 1563 καὶ
2684 1507 2783 1562 ὅσα
2836 1506 3087 1582 βασιλεὺς
3146 1508 3252 1561 τῶν
3311 1507 3643 1583 πραγμάτων
3699 1510 3941 1585 ἀπάρχε·

2288 1621 2397 1667 ται,
2430 1599 2519 1654 καὶ
2576 1607 2675 1669 τῆς
2728 1596 3240 1673 ’Λδριανουπόλεως
3290 1593 3573 1670 ἐπιϐαίνει,
3610 1598 3700 1654 σὺν
3752 1598 3945 1672 πολλῇ

2288 1693 2425 1761 τιμῇ
2458 1689 2546 1743 καὶ
2586 1682 2881 1760 σεϐάσματι
2940 1686 3159 1759 ἐξαισίῳ
3200 1687 3492 1758 ὑπάντησιν
3553 1689 3942 1761 ποιησαμένων

2290 1779 2437 1849 αὐτῴ
2478 1783 2585 1832 τῶν
2634 1776 2877 1853 φυλετῶν
2933 1774 3023 1831 διὰ
3063 1779 3126 1831 τὸ
3177 1776 3391 1838 οἰκείως
3438 1772 3584 1854 ἔχειν
3616 1779 3752 1853 πρὸς
3784 1778 3945 1833 αὐτὸν

2290 1867 2377 1922 καὶ
2438 1870 2853 1941 θεραπευτικῶς.
2912 1865 3345 1937 Ἀντεπεξελθὼν
3405 1863 3461 1921 δέ
3533 1888 3669 1921 τισιν
3726 1866 3753 1921 ὂ
3811 1865 3948 1941 πρό-

2291 1952 2443 2030 εδρος
2491 1959 2892 2014 Κωνσταντῖνος
2946 1954 2973 2006 6
3007 1951 3416 2027 Θεοδωροκάνος
3457 1959 3562 2008 τῶν
3606 1959 3703 2010 τοῦ
3752 1962 3950 2030 Βρυεν-

2292 2044 2410 2099 νίου
2444 2041 2719 2098 ἁλίσκεται
2752 2043 2841 2096 καὶ
2885 2042 3021 2117 πρὸς
3080 2041 3239 2096 αὐτὸν
3300 2042 3662 2117 αἰχμάλωτος
3716 2044 3951 2119 γίνεται,

2296 2134 2427 2205 ἀνὴρ
2461 2129 2675 2201 ἔνδοξος
2706 2132 2793 2185 καὶ
2826 2132 3017 2205 γὲνους
3048 2130 3415 2203 ἐπισημὸτητι
3477 2134 3564 2186 καὶ
3628 2133 3751 2207 βίου
3807 2132 3951 2207 λαμ-

2296 2222 2527 2297 πρότητι
2614 2221 2921 2296 καταφανὴς
3009 2219 3431 2293 γινωσκόμενος.
3502 2221 3807 2295 Παρωράθη
3894 2222 3953 2277 δῖε

2298 2311 2372 2373 ὡς
2428 2312 2501 2371 εἷς
2560 2314 2665 2363 τῶν
2702 2308 2909 2380 ἀτίμων
2968 2308 3056 2363 καὶ
3116 2310 3363 2382 ἀγεννῶν.
3400 2309 3475 2363 Οὐ
3535 2312 3642 2382 μὴν
3672 2307 3728 2365 δὶ
3760 2333 3949 2385 σωμα-

2302 2400 2455 2467 τικὴν
2496 2397 2763 2473 τιμωρίαν
2817 2398 3039 2467 ὑπέστη,
3072 2398 3249 2451 καίτοι
3297 2419 3357 2471 γε
3407 2395 3649 2471 ἐπίδοξος
3698 2402 3765 2468 ἦν
3824 2401 3956 2456 1:416-

2301 2510 2398 2556 την
2448 2492 2635 2550 παθεῖν
2697 2483 2785 2540 διὰ
2841 2486 3305 2560 προηγησαμὲνας
3363 2481 3563 2561 ἔχθρας
3619 2490 3707 2542 καὶ
3768 2492 3957 2566 μάχας

2302 2576 2618 2651 κεφαλικάς.
2650 2572 3007 2651 Φυγαδευθεῖς
3070 2573 3125 2629 δί
3176 2575 3311 2651 πρός
3369 2596 3489 2630 τινα
3535 2582 3642 2631 τῶν
3704 2577 3957 2634 Μακεδο·

2302 2670 2461 2719 νικῶν
2491 2662 2706 2719 πόλεων
2745 2666 2856 2736 μετ’
2892 2662 2952 2717 οὐ
2985 2662 3128 2718 πολὺ
3175 2664 3254 2736 τῷ
3310 2665 3488 2739 χρεὼν
3549 2664 3957 2742 ἐλειτούργησε.

2302 2764 2370 2817 Τὸ
2404 2760 2461 2817 δὲ
2489 2764 2554 2815 τὰ
2589 2759 2844 2836 βασιλικὰ
2894 2762 3195 2834 παράσημα
3252 2760 3305 2814 ἐν
3366 2762 3799 2835 Τραϊανουπόλει
3858 2784 3957 2818 πει

2304 2849 2619 2928 ριϐαλέσθαι
2679 2852 2770 2905 τὸν
2846 2848 3129 2924 Βρυὲννιον
3202 2851 3291 2904 καὶ
3369 2852 3467 2919 τήν
3532 2851 3807 2928 εὐφημίαν
3865 2853 3959 2907 καῖ

2298 2944 2397 3009 τήν
2424 2941 2716 3017 ἀνάρρησιν
2758 2936 3003 3011 δέξασθαι
3064 2938 3161 2994 οὐκ
3216 2939 3410 3014 ἀγαθὸν
3471 2939 3665 2994 οἰωνὸν
3723 2942 3774 2995 οἱ
3830 2963 3959 2996 συν-

2303 3033 2555 3105 ετώτεροι
2603 3032 2693 3083 καὶ
2738 3028 3026 3105 ἐχέφρονες
3078 3027 3415 3103 ἐλογίζοντο.
3448 3032 3532 3101 [Ρ.
3563 3031 3689 3105 859]
3720 3032 3784 3085 Ἡ
3842 3032 3951 3106 γὰρ

2303 3119 2735 3194 Τραϊανούπολις
2768 3118 2899 3188 αὕτη
2934 3116 3032 3173 οὐκ
3066 3116 3152 3171 ἐπὶ
3206 3122 3287 3189 τῷ
3343 3118 3571 3191 ὀνόματι
3628 3123 3726 3173 τοῦ
3790 3120 3960 3194 βασι-

2303 3209 2443 3271 λέως
2474 3213 2569 3262 τοῦ
2598 3214 2765 3279 Τραϊα
2800 3212 2883 3261 ιοῦ
2914 3204 3289 3279 ᾠκοδόμηται,
3316 3205 3398 3260 ἐπ’
3444 3206 3672 3278 ὀνόματι
3733 3205 3791 3261 δὲ
3842 3213 3958 3263 τῶν

2220 3273 2261 3339 C
2304 3300 2633 3373 μεγιστάνων
2716 3297 2864 3357 τινὸς
2939 3299 3213 3370 Τραϊανοῦ
3294 3293 3658 3367 καλουμένου,
3707 3296 3964 3371 γενναίου

2297 3389 2359 3442 τὸ
2389 3391 2684 3456 τηνικαῦτα
2738 3386 2875 3440 κατά
2913 3405 2970 3439 τε
2999 3388 3160 3460 χεῖρα
3208 3384 3297 3438 καὶ
3355 3386 3490 3439 κατά
3548 3386 3758 3458 ψυγὴν,
3815 3387 3874 3439 ὃν
3932 3389 3963 3441 ὁ

2298 3478 2503 3550 Καῖσαρ
2557 3474 2819 3550 Τραϊανὸς
2878 3471 2968 3528 διά
3033 3495 3084 3528 τι
3144 3478 3388 3545 πταῖσμα
3471 3478 3577 3527 τῶν
3648 3473 3961 3551 ὀφθαλμῶν

2299 3565 2601 3640 ἑστέρησεν.
2664 3564 2788 3621 Ἐπὶ
2848 3563 3054 3639 Πέρσας
3105 3560 3162 3617 δὲ
3220 3559 3372 3615 διιὼν
3450 3561 3676 3625 ἐνταῦθα
3756 3567 3957 3619 τοῦτον

2298 3654 2548 3717 ἐθεάσατο
2601 3648 3226 3728 πρώτως.11εριώδυνος
3273 3647 3330 3704 δὲ
3366 3654 3434 3725 τῇ
3485 3651 3578 3721 θέᾳ
3631 3650 3958 3726 γενόμενος,

2294 3748 2401 3798 τῶν
2454 3741 2917 3818 στρατηγημάτων
2974 3739 3063 3794 καὶ
3120 3746 3220 3808 τῆς
3275 3736 3493 3815 ἀνδρίας
3558 3739 3952 3812 ἀναμνησθεὶς,

2296 3842 2347 3897 ἐν
2377 3842 2521 3914 αὐτῴ
2549 3848 2628 3914 τῷ
2654 3841 2805 3913 τόπῳ
2836 3838 2996 3895 πόλιν
3032 3837 3278 3894 ἐκέλευσε
3305 3838 3526 3894 πολίσαι
3583 3838 3659 3900 εἷς
3718 3842 3952 3911 μνήμην

2296 3932 2531 4003 ἀληστον
2591 3936 2687 3985 τοῦ
2744 3927 2960 4004 ἀνδρός.
3022 3928 3118 3983 Διά
3183 3932 3345 3982 ταῦτα
3402 3925 3532 4001 γοῦν
3590 3928 3691 3982 οὐκ
3746 3928 3952 4002 ἀγαθὸν

2296 4022 2488 4076 οἰωνὸν
2523 4022 2573 4075 oi
2604 4019 2893 4097 ἐχέφρονες
2922 4017 2984 4071 τὸ
3014 4017 3233 4093 γεγονὸς
3295 4014 3635 4090 ἐλογίζοντο.
3669 4017 3869 4089 ’Ὁμως
3904 4016 3956 4072 δ’

2294 4112 2385 4167 οὖν
2418 4113 2479 4165 τὸ
2510 4110 2858 4183 ἀποτέλεσμα
2887 4108 2914 4162 ὁ
2958 4105 3239 4179 Βρυέννιος
3296 4105 3502 4179 ἀγνοῶν
3559 4104 3784 4183 (τυφλὸν
3846 4108 3955 4181 γὰρ

2294 4204 2354 4257 τὸ
2391 4199 2617 4274 μέλλον)
2663 4204 2770 4253 τῶν
2826 4196 3160 4271 πραγμάτων
3220 4193 3516 4270 ἀντείχετο.
3568 4193 3834 4271 Ἐφόνησε
3897 4194 3958 4250 δὲ

2292 4291 2358 4345 τὰ
2410 4290 2543 4343 αὐτά
2589 4285 2887 4349 Ῥαιδεστὸς
2937 4282 3185 4357 συνεργίᾳ
3240 4289 3340 4351 τῆς
3406 4288 3696 4358 συγγενοῦς
3776 4285 3956 4339 αὐτοῦ

2291 4388 2389 4448 τῆς
2422 4375 2805 4445 Βατατζαίνης’
2857 4375 2909 4427 οἱ
2959 4373 3060 4446 γὰρ
3092 4367 3458 4441 Ῥαιδεστηνοὶ
3507 4371 3595 4425 καὶ
3652 4372 3791 4427 κατά
3848 4378 3954 4427 τοῦ

2291 4469 2492 4524 Πανίου
2570 4462 2947 4538 ἐξωρμηκότες
3026 4454 3306 4514 ἐϐιάσαντο
3384 4460 3515 4514 αὐτὸ
3586 4459 3949 4537 ἀναγορεῦσαι

2288 4561 2377 4614 τὸν
2413 4559 2712 4630 Βρυὲννιον.
2748 4554 2995 4624 Τιμήσας
3037 4548 3093 4604 ’ὀὶ
3136 4550 3227 4604 τὸν
3279 4550 3469 4603 ἑαυτοῦ
3515 4547 3750 4626 ἀδελφὸν
3810 4572 3952 4607 κου-

536 4644 590 4694 et
625 4641 972 4711 logotnetam
1010 4639 1087 4691 ita
1110 4639 1354 4693 oderant
1379 4645 1441 4693 ut
1465 4642 1744 4695 adversus
1766 4642 1922 4712 ipsos
1946 4648 2179 4699 strenue

2292 4645 2604 4725 ροπαλάτην
2638 4644 2727 4697 καὶ
2775 4641 2903 4701 τοὺς
2952 4637 3158 4699 ἄλλους
3218 4639 3454 4699 ἅπαντας
3503 4636 3792 4710 ἀναλόγως
3853 4642 3951 4694 καὶ

536 4746 597 4784 se
627 4733 913 4801 gererent,
940 4728 1050 4782 sibi
1102 4727 1215 4798 ipsi
1266 4729 1685 4795 consentirent,
1718 4735 1772 4785 et
1796 4733 1949 4785 intra
1974 4732 2177 4787 urbem

536 4835 596 4875 se
628 4835 761 4874 cum
795 4816 991 4887 aliqua
1039 4817 1375 4873 conditione
1425 4818 1769 4890 reciperent,
1816 4826 1872 4875 et
1922 4823 2005 4876 ita
2051 4824 2177 4877 sine

536 4912 692 4963 metu
744 4908 813 4963 ad
873 4907 1034 4978 ipsos
1084 4923 1217 4960 cum
1278 4912 1563 4978 apparatu
1615 4908 1771 4979 regio
1819 4911 2173 4966 adventaret.

531 5008 749 5063 Verum
783 5006 1035 5061 multum
1062 5024 1095 5060 a
1113 5006 1409 5076 proposito
1434 5006 1679 5061 consilio
1699 5008 2019 5063 aberravit:
2040 5026 2174 5064 nam

533 5096 769 5153 tametsi
811 5094 1142 5149 Heracleam
1183 5095 1543 5164 incenderat,
1570 5101 1625 5150 et
1655 5096 1852 5167 plures
1875 5114 1941 5152 ex
1972 5098 2044 5153 iis
2074 5098 2174 5169 qui

533 5186 615 5243 ibi
652 5189 819 5241 erant
848 5183 1220 5238 interfecerat
1264 5183 1439 5254 (quod
1482 5184 1652 5253 paulo
1691 5190 1826 5240 ante
1857 5191 2177 5243 secesserat

532 5290 748 5348 praeses
780 5270 1010 5327 Alexius
1041 5272 1398 5343 Comnenus,
1431 5273 1533 5343 qui
1567 5274 1624 5328 in
1658 5273 1982 5346 Selymbria
2011 5292 2173 5331 com-

534 5362 916 5433 morabatur),
945 5366 1350 5416 verumtamen
1411 5369 1631 5434 regiam
1682 5366 1884 5419 urbem
1922 5364 2175 5422 incolen-

527 5459 615 5509 tes
667 5467 1038 5523 nequaquam
1087 5450 1361 5522 Bryennii
1405 5453 1653 5507 adventu
1699 5453 1958 5508 deterriti
1984 5461 2168 5511 sunt:

524 5552 869 5609 accedentes
928 5548 1082 5603 enim
1143 5547 1213 5603 ad
1258 5566 1492 5605 murum
1526 5548 1977 5607 Blachernarum
2014 5554 2171 5609 780

522 5639 667 5695 levia
694 5638 893 5710 praelia
939 5637 1207 5708 quaedam
1241 5638 1448 5705 fecere,
1503 5644 1559 5695 et
1606 5639 1827 5711 repulsi
1886 5642 2170 5699 transiere

523 5727 709 5788 sancti
756 5724 1224 5784 Panteleemonis
1281 5734 1540 5800 pontem,
1597 5732 1654 5785 et
1700 5745 1827 5802 qum
1877 5729 1959 5786 ibi
2000 5737 2169 5791 erant

2290 4720 2452 4807 ἆξίως
2500 4741 2597 4803 τῆς
2658 4730 2858 4790 οἷκείας
2913 4731 3310 4793 καταστάσεως,
3353 4720 3583 4804 φοϐερὸν
3642 4728 3780 4801 πρὸς
3845 4731 3951 4798 τὴν

2292 4823 2543 4902 βασιλίδα
2596 4820 2665 4876 δι’
2698 4817 3006 4875 ἀποστόλου
3052 4820 3147 4871 τοῦ
3208 4813 3349 4869 ἰδίου
3402 4812 3643 4889 ἀδελφοῦ
3673 4823 3953 4902 ,φανῆναι

2289 4901 2525 4988 ἐνόμισε.
2562 4907 2840 4986 Παραδοὺς
2870 4908 2969 4983 γὰρ
3016 4905 3161 4977 αὐτῷ
3216 4904 3440 4979 στρατὸν
3493 4903 3591 4959 οὐκ
3638 4901 3832 4977 ὀλίγον
3900 4908 3955 4961 ἐν

2288 5004 2499 5060 ἆλπίσιν
2532 5003 2600 5071 ἦν
2631 5002 2727 5066 ὡς,
2760 4997 2974 5068 ἐπείπερ
3008 4996 3059 5049 οἱ
3112 4993 3336 5048 πολῖται
3386 4994 3477 5048 τὸν
3539 4992 3843 5068 λογοθὲτην
3880 4994 3955 5051 δι’

2287 5095 2452 5171 ὀργῆς
2507 5091 2595 5146 καὶ
2658 5089 2846 5161 μίσους
2906 5084 3005 5139 οὐκ
3043 5084 3281 5157 ἀγεννῶς
3337 5079 3551 5157 ἔχουσι,
3593 5080 3955 5154 προσεξίουσί

2284 5170 2341 5238 τε
2366 5183 2512 5254 αὖτῷ
2555 5180 2642 5233 καὶ
2695 5174 3077 5253 προσδὲξονται
3124 5171 3218 5227 σὺν
3272 5170 3592 5245 ὁμολογίαις
3643 5170 3823 5240 ἐντὸς⁹
3860 5175 3956 5228 καὶ

2285 5273 2459 5335 οἷτως
2518 5267 2688 5330 ἀδεῶς
2740 5266 3083 5343 ἐπιφοιτησει
3153 5261 3239 5316 καὶ
3322 5260 3486 5325 αὐτὸς
3540 5259 3590 5313 ὲν
3651 5257 3957 5336 ἑτοιμασίᾳ

2288 5363 2569 5441 βασιλικῇ.
2597 5356 2775 5414 Ἀλλὰ
2830 5353 2974 5409 πολὺ
3034 5350 3302 5426 διήμαρτε
3348 5354 3446 5441 τοῦ
3477 5349 3794 5441 σκοπΟὖκΕἶ
3846 5354 3956 5428 γὰρ

2282 5435 2371 5507 καὶ
2399 5453 2497 5521 τὴν
2539 5446 2858 5524 Ἡράκλειαν
2894 5441 3102 5517 ἐδῄωσε
3138 5442 3229 5495 καὶ
3285 5437 3535 5502 πολλοὺς
3593 5435 3776 5493 ἀνεῖλε
3842 5446 3959 5497 τῶν

2283 5551 2333 5607 ἐν
2395 5550 2552 5623 αὐτῇ,
2638 5545 3106 5619 ὑποχωρήσαντος
3180 5536 3410 5614 ἔναγχος
3482 5540 3580 5592 τοῦ
3662 5534 3956 5614 προὲδρου

2280 5621 2524 5710 Ἀλεξίου
2582 5639 2678 5692 τοῦ
2738 5634 3045 5706 Κομνηνοῦ,
3078 5630 3137 5691 ’ὃς
3166 5627 3218 5683 ὲν
3266 5622 3553 5702 Σηλυϐρίᾳ
3581 5621 3954 5701 ἑφήδρευσεν,

2279 5729 2406 5788 ἀλλ’
2437 5730 2591 5805 ὅμως
2622 5726 2675 5780 οἱ
2702 5725 2801 5796 τὴν
2839 5718 2989 5802 βασι)
3013 5716 3097 5775 ίδα
3148 5716 3426 5782 οἰκοῦντες
3479 5714 3741 5790 οὐδαμῶς
3803 5720 3954 5799 πρὸς
