4060 6344
135 406 233 463 461
1639 403 1685 459 Η
1696 401 1738 460 Ιε

1935 403 2004 461 lA
2019 445 2032 459 .
3419 404 3538 466 462

129 537 215 602 τήν
274 534 623 610 ἱπιφοίτησιν
680 538 781 601 τῆς
837 535 936 586 τοῦ
995 530 1281 606 Βρυεννίου
1339 536 1590 604 στρατιᾶς
1649 551 1732 586 και

1933 535 2089 590 mnia
2121 533 2240 605 igni
2289 534 2681 590 combussere.
2713 535 2976 606 Cumque
3019 534 3166 592 nihil
3217 542 3536 594 memoratu

132 623 469 698 ετλάγησανο
525 621 956 697 παραγενόμενοι
1001 621 1103 696 γὰρ
1144 614 1581 695 ἠκροϐολίσαντο
1638 642 1735 676 κατ

1932 622 2125 692 ignum
2173 621 2516 694 gessissent,
2555 623 2692 676 inde
2745 624 2959 680 reversi
3009 629 3150 679 sunt
3224 624 3354 697 Ipse
3403 643 3535 682 cum

125 712 183 767 τὸ
210 718 404 788 τεῖχος
461 717 568 767 τῶν
628 709 974 787 βλαχερνῶν,
1021 708 1111 764 καὶ
1143 709 1603 785 ἀποκρουσθὲντες
1654 711 1728 766 ἕπε

1935 713 2115 768 uabus
2145 710 2470 782 legionibus
2503 711 2572 765 ad
2597 711 2874 783 Athyram
2901 729 2963 768 se
2989 713 3538 787 confert,reliquum

131 801 439 875 ραιώθησαν
488 801 590 870 τήν
641 803 740 855 τοῦ
797 799 952 875 ἁγίου
998 795 1456 870 Παντελεήμονος
1514 798 1734 876 γέφυραι

1936 803 2203 858 ιρι-οἱίυιο
2239 801 2295 854 in
2348 799 2596 855 hiberna
2645 799 2966 856 distribuit.
3002 802 3064 857 In
3113 802 3296 859 tantis
3345 807 3539 860 autem

127 890 208 944 καὶ
237 891 311 944 τὰ
337 888 510 944 ἐκεῖσε
556 889 728 944 πάντα
776 889 903 964 πυρὶ
954 889 1423 961 κατελυμήναντο,
1472 889 1559 943 καὶ
1621 886 1730 944 οὐδῖ

1934 891 2059 947 nalis
2080 906 2324 945 versans
2348 889 2664 960 imperator
2683 888 2774 943 vix
2817 891 3160 946 recordatus
3183 897 3274 947 est
3295 893 3537 960 Ruselii,

127 979 265 1050 ἄξιον
318 978 495 1056 λόγου
551 979 898 1056 πεπραχότες
931 980 1264 1054 ὑπέστρεψαν
1316 976 1546 1042 ἐκεῖθεν.
1603 979 1730 1036 Αὖτὶ

1933 982 1987 1036 ui
2035 980 2228 1036 adhuc
2268 979 2327 1033 in
2378 995 2606 1034 carcere
2653 980 2884 1034 vinctus
2934 980 3311 1036 detinebatur
3357 988 3416 1037 et
3465 984 3536 1038 ad

128 1070 214 1142 μὲν
249 1067 350 1124 δῦο
379 1071 636 1144 τάγματα
692 1064 876 1124 λαϐὼν
931 1072 1009 1140 τῷ
1050 1066 1251 1139 ’Δθύρᾳ
1280 1067 1554 1139 ἐπιφοιτᾷ,
1583 1069 1682 1138 τήν
1719 1067 1731 1123 ί

1937 1069 2248 1125 otaniatem
2280 1067 2646 1138 transfugere
2677 1073 2922 1123 conatus
2955 1075 3098 1125 erat.
3135 1069 3320 1142 Igitur
3360 1072 3540 1128 educ-

125 1156 327 1228 λοιπήν
389 1161 642 1234 στρατιὰν
690 1157 766 1221 εἷς
813 1155 1255 1232 παραχειμασίαν
1288 1154 1616 1212 ἀπέστειλεν.
1685 1159 1728 1214 Ἐ

1932 1177 2009 1214 im
2044 1158 2240 1230 ipsum
2271 1174 2301 1213 e
2334 1156 2603 1213 custodia
2648 1160 2926 1229 omnique
2974 1157 3193 1215 honore
3241 1160 3535 1228 affectum,

120 1247 363 1320 τοσούτῳ
425 1245 482 1302 δὲ
535 1251 716 1302 κακῶν
766 1245 1058 1323 γενόμενος
1118 1247 1146 1301 ὁ
1205 1242 1460 1320 βασιλεὺς
1501 1245 1666 1319 μόλις
1699 1267 1720 1301 ε

1936 1248 2074 1304 [ulta
2103 1246 2450 1302 remissione
2483 1262 2548 1300 ac
2580 1245 2814 1302 blandis
2842 1262 2981 1318 erga
3011 1246 3178 1302 illum
3229 1266 3376 1305 usus
3414 1266 3539 1305 ver-

125 1339 344 1409 μντςμην
373 1337 477 1405 ἧκε
520 1341 616 1391 τοῦ
672 1334 980 1391 Ῥουσελίου
1028 1332 1246 1412 φυλακῇ
1296 1333 1384 1388 καὶ
1420 1331 1641 1408 δεσμοῖς
1695 1333 1728 1392 ἔ·

1938 1354 1994 1407 s,
2047 1337 2120 1392 ad
2172 1334 2436 1408 praelium
2487 1340 2690 1390 contra
2744 1336 3100 1406 Bryennium
3150 1336 3436 1407 incitavit,
3485 1341 3541 1394 et

124 1425 486 1501 συνεχομένου
535 1425 622 1480 καὶ
656 1431 734 1498 τῷ
765 1423 1093 1498 Βοτανειάτῃ
1151 1421 1529 1496 αὐτομολῆσαι
1562 1423 1721 1500 ἰπιχε

1936 1429 2178 1486 arsuasit
2228 1433 2293 1484 ut
2339 1445 2374 1484 a
2423 1428 2611 1482 muris
2657 1443 2788 1482 cum
2841 1427 2915 1483 iis
2965 1429 3202 1484 Francis
3256 1430 3360 1501 qui
3405 1447 3539 1486 cum

124 1517 425 1589 ρήσαντος.
488 1513 793 1591 Ἐξαγαγὼν
855 1513 948 1568 οὗν
1003 1513 1167 1568 αὐτὸν
1220 1520 1318 1584 τῆς
1375 1511 1625 1588 φυλακῆς
1683 1535 1727 1568 κι

1934 1519 2170 1592 ryennio
2222 1521 2420 1574 essent
2467 1515 2917 1588 colloqueretur.
2951 1518 3063 1574 Sed
3120 1517 3218 1573 ubi
3251 1536 3366 1575 non
3395 1522 3537 1592 jper-

123 1605 292 1674 πάσης
357 1604 590 1676 ἀξιώσας
647 1605 818 1676 τιμῆς
870 1602 959 1657 καὶ
1016 1601 1246 1665 ἀνέσεως
1281 1647 1297 1675 ,
1374 1601 1463 1657 καὶ
1535 1599 1726 1656 πολλο

1933 1608 2090 1674 iasit,
2125 1607 2193 1661 ad
2231 1606 2500 1678 Bryennii
2533 1606 2772 1661 fratrem
2807 1607 2865 1661 in
2899 1607 3121 1679 Athyra
3168 1625 3536 1664 commoran-

122 1691 428 1768 ἐπαγωγοῖς
487 1693 576 1747 καὶ
607 1689 956 1766 θελκτηρίοις
1017 1690 1369 1766 χρησάμενος
1406 1690 1667 1766 ῥήμασιν,
1700 1711 1722 1745 ε

1936 1715 2001 1752 ιω
2063 1713 2195 1752 cum
2253 1696 2507 1751 exercitu
2567 1695 2983 1767 proficiscitur,
3045 1698 3194 1752 duce
3251 1698 3539 1754 exercitus

119 1783 208 1851 τήν
267 1782 410 1837 κατὰ
461 1786 558 1836 τοῦ
624 1781 915 1856 Βρυεννίου
972 1780 1262 1854 παράταξιν
1323 1780 1625 1856 ἐξηρέθισεν
1683 1802 1722 1835 κε

1935 1785 2130 1840 raeside
2160 1783 2358 1839 Alexio
2389 1783 2726 1850 Commeno,
2762 1801 2895 1839 cum
2930 1784 3001 1839 iis
3035 1786 3326 1842 militibus
3356 1788 3458 1858 qui
3480 1785 3538 1840 in

117 1870 216 1925 ἀπὸ
264 1874 379 1924 τῶν
455 1873 656 1945 τειχῶν
708 1873 827 1931 τοῖς
887 1867 980 1923 σὺν
1046 1873 1126 1941 τῷ
1184 1867 1444 1945 Βρυεννίῳ
1496 1868 1718 1945 Φράγγο

122 1957 143 1980 δ
202 1958 222 1980 Ἴ
272 1965 383 1980 ΪΑ-
446 1979 450 1980 ,
556 1979 563 1980 κ
615 1960 656 1980 ει
722 1979 727 1980 ,
780 1979 813 1980 ,,
909 1958 967 1980 Cn
1035 1954 1077 1980 δ’
1123 1957 1205 1980 γ’.
1259 1954 1319 1980 ’θεν
1392 1979 1427 1980 κγ
1524 1956 1580 1980 1,
1626 1979 1639 1980 κ
1688 1979 1696 1980 κ

1936 1875 2044 1946 μείθ.
2093 1873 2237 1928 urbe
2285 1875 2472 1942 erant,
2513 1871 2906 1942 jurejurando
2954 1877 3325 1929 sacrosancto
3375 1876 3539 1946 prius

119 1957 477 2035 διαλεχθῆναι
526 1960 872 2033 παρέπεισεν.
909 1958 1000 2020 Ὠς
1032 1954 1077 2011 δ’
1113 1957 1212 2013 οὐκ
1257 1954 1486 2028 ἔπεισεν,
1519 1956 1722 2034 ἐπιστρι

1934 1964 1995 2018 lc
2018 1963 2173 2028 data,
2207 1967 2264 2016 et
2285 1959 2463 2016 simul
2489 1977 2590 2032 per
2631 1977 2790 2016 mare
2824 1961 3024 2017 missis
3068 1963 3345 2018 adversus
3375 1963 3537 2034 ipsos

113 2048 245 2103 τεόει
279 2052 360 2119 τῷ
388 2045 611 2125 ἀδελφῷ
640 2051 738 2102 τοῦ
769 2047 1055 2122 Βρυεννίου
1087 2045 1138 2101 ἐν
1188 2045 1268 2120 τῷ
1317 2047 1518 2121 Ἀθόρᾳ
1562 2044 1713 2123 διατρ

1935 2051 2315 2108 oxolanorum
2351 2050 2622 2122 navigiis,
2653 2049 2914 2121 ipsisque
2935 2050 3233 2122 peditibus
3256 2052 3328 2106 ad
3361 2051 3537 2123 Athy—

115 2132 284 2206 εοντι,
337 2139 423 2210 [Ρ.
456 2137 585 2202 860]
616 2140 1046 2211 στρατηγοῦντος
1077 2140 1174 2190 τοῦ
1221 2133 1492 2212 προέδρου
1525 2133 1718 2206 Ἀλεξίι

1935 2157 2004 2196 ιω
2039 2138 2480 2196 festinantibus.
2512 2138 2725 2194 Verum
2761 2144 3048 2212 occupant
3095 2139 3180 2194 illi
3211 2157 3271 2195 re
3301 2139 3538 2212 cognita

112 2231 204 2281 τοῦ
237 2230 540 2299 Κομνηνοῦ
575 2227 710 2299 μετᾶ
737 2228 846 2280 τῶν
879 2223 931 2280 ἐν
963 2229 1032 2299 τῇ
1097 2223 1338 2300 βασιλίδι
1399 2229 1713 2298 στρατιωτῶ

1931 2245 2099 2300 ngere,
2131 2244 2386 2298 cumque
2406 2226 2910 2299 vellentpersequi
2934 2229 2971 2282 ii
2997 2228 3098 2300 qui
3129 2245 3260 2284 cum
3298 2227 3534 2284 Ruselio

117 2317 297 2390 ὅρκοις
327 2314 593 2393 άσςραλὲσι
649 2313 912 2390 πρότερον
972 2314 1038 2369 τὰ
1088 2313 1250 2368 πιστᾶ
1307 2311 1582 2382 δεδωκὼς,
1641 2336 1720 2368 συι

1931 2323 2045 2374 -ant
2064 2322 2121 2374 et
2142 2318 2459 2384 Comneno,
2492 2321 2548 2372 et
2566 2317 2825 2373 hostium
2863 2318 3061 2390 plures
3098 2318 3384 2388 occidere,
3417 2335 3532 2373 non

116 2402 532 2460 αποσταλὲντων
592 2401 683 2458 διὰ
739 2401 1014 2474 θαλάσσης
1077 2403 1166 2458 καὶ
1219 2404 1492 2460 Ῥωσικῶν
1551 2401 1719 2458 πλοίιι

1930 2407 2214 2463 abuerunt
2262 2405 2478 2460 milites
2509 2404 2621 2460 sibi
2666 2406 2820 2460 dicto
2869 2407 3228 2472 obedientcs,
3260 2411 3533 2462 eventum

118 2495 226 2548 κατ’
290 2490 489 2560 αὐτῶν,
546 2491 722 2547 αὐτῶν
773 2489 832 2546 δὲ
893 2496 1030 2566 πεζῇ
1087 2493 1512 2562 κατεπειξάντων
1543 2491 1619 2553 εἷς
1673 2493 1721 2546 τὶ

1927 2497 1960 2552 ιὶ
2013 2495 2513 2568 pertimescentes.
2547 2494 2816 2550 Cecidere
2864 2500 3059 2550 autem
3095 2511 3163 2551 ex
3199 2495 3530 2552 Macedoni-

125 2581 385 2656 'A0'$pav.
483 2579 647 2637 Ἀλλ’
735 2575 964 2659 ἔφθασαν
1051 2577 1377 2656 προγνόντες
1463 2578 1728 2659 διαφυγεῇ

1930 2603 1992 2640 us
2052 2584 2268 2657 plures,
2318 2588 2372 2639 et
2430 2583 2541 2638 vivi
2599 2583 2756 2639 haud
2809 2584 2981 2656 pauci
3040 2584 3197 2657 capti
3255 2588 3416 2655 sunt,
3475 2589 3533 2641 et

119 2669 435 2741 Ἐπιδιῶξαι
497 2667 554 2725 δὲ
606 2671 659 2723 οὶ
703 2669 826 2743 περὶ
881 2671 972 2724 τὸν
1033 2669 1345 2726 Ῥουσὲλιον
1401 2669 1490 2724 καὶ
1529 2672 1619 2724 τὸν
1656 2677 1722 2724 Kc

1924 2671 2076 2726 raeda
2125 2670 2314 2726 multa
2340 2674 2530 2739 capta,
2562 2675 2618 2725 et
2649 2670 2984 2726 vehiculum
3034 2672 3258 2743 prasini
3314 2672 3526 2728 coloris

120 2761 322 2834 μνηνὸν
360 2759 695 2836 βουλόμενοι
727 2759 815 2813 καὶ
843 2763 950 2812 τῶν
977 2759 1225 2814 ἐναντίων
1256 2757 1462 2836 σφῆλαι
1493 2757 1723 2813 πολλοὺς

1931 2760 2035 2815 uod
2067 2757 2415 2830 curapalatae
2457 2762 2615 2826 erat;
2651 2759 2751 2830 qui
2784 2761 2962 2815 etiam
2997 2760 3226 2831 fugiens
3258 2761 3534 2817 Rhedes-

117 2853 212 2906 οὐκ
260 2846 428 2926 ἔσχον
478 2848 840 2921 πειθομένους
867 2846 994 2909 τοὺς
1043 2848 1399 2922 στρατιώτας,
1430 2844 1671 2910 δεδιότας
1702 2869 1720 2902 ἰ

1928 2865 2010 2904 im
2072 2847 2356 2921 pervenit.
2391 2847 2678 2903 Patzinaci
2740 2853 2935 2904 autem
2981 2851 3124 2906 731
3188 2866 3322 2906 cum
3376 2850 3531 2906 haud

114 2935 525 3011 ἐκϐησόμενον.
582 2939 813 2994 Ἔπεσον
877 2933 934 2991 δὲ
988 2941 1096 2991 τῶν
1157 2934 1482 2991 Μακεδόνων
1534 2934 1716 2991 πολλο

1923 2938 2088 3011 rigua
2108 2954 2283 2993 manu
2305 2937 2725 3010 Adrianopolin
2753 2938 3042 3009 invasere,
3067 2955 3244 3012 quam
3277 2939 3526 2996 circum-

115 3030 195 3082 καὶ
260 3032 460 3097 ζῶντες
523 3024 620 3080 οὐκ
681 3024 864 3100 ὀλίγοι
919 3024 1187 3095 ἑάλωσαν,
1219 3025 1310 3081 καὶ
1369 3024 1718 3104 λαφυραγωγί

1935 3029 2142 3083 dentes
2172 3027 2458 3098 quosdam
2494 3043 2595 3098 per
2625 3027 2925 3100 regionem
2949 3028 3290 3100 misere,qui
3314 3028 3537 3102 Optima

116 3114 328 3193 ἐλήφθη
392 3113 583 3184 πολλή
649 3114 739 3169 καὶ
795 3113 862 3168 τὰ
915 3112 1145 3190 πράσινα
1194 3118 1292 3169 τοῦ
1346 3112 1719 3190 κουροπαλάτε

1930 3132 2129 3188 uaeque
2185 3115 2375 3187 ipsius
2431 3115 2558 3170 loca
2612 3120 2942 3185 vastarunt,
3003 3117 3260 3172 virorum
3319 3118 3533 3173 eadem

115 3204 396 3280 ὀχήματα.
430 3208 523 3266 ’ος
561 3204 648 3257 καὶ
701 3202 909 3280 φεύγων
963 3203 1259 3278 ἀφικνεῖται
1319 3203 1394 3265 εἷς
1439 3200 1718 3258 Ῥαιδεστόε

1932 3206 2161 3261 .cientes
2209 3209 2266 3259 et
2320 3204 2711 3260 animantium
2765 3205 3065 3277 abigentcs
3111 3205 3373 3262 inﬁnitos
3404 3222 3535 3279 gre-

117 3295 176 3351 Ui
207 3292 267 3348 δὲ
319 3293 650 3362 Πατζινάκοι
705 3293 838 3364 μετὰ
884 3290 1135 3363 πλήθους
1191 3293 1293 3347 οὐκ
1351 3290 1648 3367 ἐλαχίστου
1705 3313 1720 3345 1

1936 3311 2007 3362 3s,
2042 3309 2228 3365 neque
2249 3293 2412 3349 illius
2431 3293 2666 3364 generis
2699 3297 3062 3350 vexationem
3089 3294 3271 3350 ullam
3304 3300 3539 3366 praeter-

118 3380 576 3459 ’Λδριανουπόλει
627 3380 1009 3459 ἆπεφάνησαν,
1078 3381 1170 3435 καὶ
1242 3381 1443 3451 ταύτην
1514 3395 1721 3456 περικαι

1934 3383 2202 3438 ιὶιιοιιῐοε.
2237 3382 2563 3454 Bryennius
2594 3387 2790 3438 autem
2823 3383 3142 3439 foederibus
3174 3388 3230 3439 et
3261 3385 3387 3440 auri
3419 3383 3537 3441 lar-

122 3474 322 3533 ίσαντες
381 3470 534 3532 τινας
585 3470 720 3524 κατὰ
782 3476 882 3538 τῆς
929 3469 1116 3545 χώρας
1187 3468 1510 3524 ἀπέστειλαν
1569 3469 1658 3524 καὶ
1705 3491 1725 3523 1

1934 3471 2102 3526 itione
2139 3475 2198 3526 et
2254 3469 2654 3541 stragulorum
2712 3470 2940 3526 efﬁcere
2999 3473 3247 3528 studens
3305 3477 3366 3527 ut
3424 3472 3537 3543 ipsi

116 3561 357 3632 ταότης,
418 3558 694 3614 κάλλιστα
748 3553 1120 3630 ἐλωϐήσαντο,
1179 3557 1339 3635 φόνον
1403 3559 1498 3632 μὶν
1561 3556 1719 3633 ἀνδρῦ

1934 3560 2245 3626 :cederent,
2301 3575 2334 3611 a
2391 3558 2515 3612 suis
2565 3563 2874 3628 argentum
2947 3559 3233 3630 exigebat,
3298 3559 3537 3614 omnino

117 3651 507 3722 πλησάμενοι,
561 3649 715 3716 ζώων
776 3645 834 3702 δὲ
898 3646 1095 3722 ἀγέλας
1155 3647 1412 3724 ἀπείρους
1467 3647 1719 3704 ἐλάσαντε

1934 3647 2126 3718 ipiens
2157 3663 2188 3701 a
2220 3645 2518 3717 proposito
2541 3645 2786 3701 consilio
2824 3663 2938 3701 non
2971 3647 3257 3703 aberrare.
3293 3647 3537 3703 Missus-

118 3740 197 3792 ιαὶ
258 3736 390 3792 οὐδὲ
448 3734 506 3791 ’ἐν
562 3734 702 3798 εἶδος
772 3734 1175 3808 παραλιπόντες
1233 3737 1544 3797 κακώσεως.
1601 3739 1660 3794 Ὀ
1719 3765 1721 3779 ι

1933 3756 1998 3794 ue
2030 3739 2205 3792 frater
2255 3737 2440 3808 ipsius
2470 3738 2726 3792 Joannes
2757 3738 2828 3792 ad
2876 3739 3059 3810 Cyzici
3107 3737 3536 3793 Cherronesum

121 3829 408 3900 Βρυέννιος
462 3825 550 3880 ἐπὶ
611 3826 896 3895 συνθήκαις
954 3826 1044 3879 καὶ
1094 3830 1302 3900 χρυσοῦ
1356 3824 1498 3880 δόσει
1556 3827 1644 3880 καὶ
1679 3827 1724 3880 ὑί

1938 3828 2210 3882 inabatur
2245 3825 2553 3896 indigenas
2586 3825 2656 3879 ad
2691 3840 2754 3879 se
2783 3825 3110 3881 adducere:
3139 3827 3238 3880 sed
3273 3826 3541 3880 incidens

119 3919 372 3988 ασμάτων
439 3915 799 3989 ὑποχωρῆσαι
850 3915 1256 3987 παρασκευάσας
1305 3913 1501 3977 αὐτοὺς
1534 3917 1722 3990 ἠργυρι

1940 3938 1948 3972 ι
1982 3919 2174 3988 ipsum
2212 3915 2487 3970 Ruselius
2538 3932 2639 3985 per
2669 3915 2786 3970 vim
2819 3932 2918 3971 eos
2968 3916 3208 3989 fugavit,
3256 3915 3543 3988 principio

121 4006 270 4079 λόγει
297 4004 436 4066 τοὺς
497 4000 687 4069 ἰδίους,
744 4003 904 4058 παντὶ
955 4004 1146 4078 τρόπῳ
1173 4008 1269 4058 τοῦ
1297 4005 1433 4058 κατὰ
1462 4005 1663 4059 σκοπὸν
1699 4027 1724 4077 μ

1353 4005 1433 4058 ita:
1462 4005 1663 4059 σκοπὸν
1699 4005 1772 4077 μὴ
1892 4006 2083 4062 Martii
2121 4005 2360 4070 mensis,
2394 4003 2714 4059 indictione
2748 4005 2956 4074 prima.

135 4091 454 4170 διαμαρτεῖν
480 4091 956 4166 προθυμούμενος.
991 4092 1343 4155 Ἀποσταλεὶς
1387 4091 1444 4148 δὶ
1474 4096 1501 4148 ὁ
1528 4091 1762 4170 ἀδελφὸς
1785 4095 1950 4149 αὐτοῦ
1983 4093 2237 4164 Ἰωάννης
2271 4092 2345 4154 εἷς
2372 4094 2469 4161 τήν
2498 4099 2597 4162 τῆς
2629 4090 2867 4160 Κυζίκου
2897 4091 3237 4168 χερρόνησον
3288 4090 3544 4167 ἐπειρᾶτο

125 4184 244 4247 τοὺς
280 4182 596 4261 ὶγχωρίους
628 4182 1014 4256 ὑπαγαγέσθαι.
1045 4182 1320 4258 Ἐντυχὼν
1354 4180 1411 4238 δὲ
1441 4183 1586 4256 αὐτῷ
1615 4184 1643 4238 ὁ
1673 4183 1978 4246 Ῥουσέλιος
2007 4185 2144 4239 κατὰ
2169 4182 2365 4260 κράτος
2397 4181 2592 4245 αὐτοὺς
2621 4180 3366 4258 ἐτραπώσατο,ἐνισταμὲνου
3402 4184 3549 4258 Μαρ-

127 4274 259 4344 τίου,
292 4272 497 4346 μηνὸς,
527 4276 628 4340 τῆς
657 4277 704 4324 α’
725 4267 1082 4334 ἷνδικτιῶνος.

189 4384 295 4436 Τοῦ
331 4376 395 4433 δὶ
449 4378 795 4452 πατριάρχου
848 4365 1102 4432 Ἰωάννου
1158 4381 1257 4432 τοῦ
1311 4376 1604 4452 Ξιφιλίνου
1658 4399 1776 4433 κοι-

1958 4378 2198 4452 Sepulto
2247 4384 2442 4435 autem
2496 4379 2829 4452 patriarcha
2873 4379 3100 4436 Joanne
3149 4378 3447 4450 Xiphilino
3487 4383 3544 4434 et

127 4468 394 4538 μηθέντος
443 4465 536 4520 καὶ
596 4465 735 4540 πρὸς
784 4466 884 4535 τήν
931 4466 1122 4542 ἀγήρω
1170 4464 1327 4537 λῆξιν
1390 4468 1730 4541 μεταθεμὲνοι

1940 4471 1962 4524 i
1993 4469 2202 4526 domos
2244 4475 2489 4524 aeternas
2537 4468 2822 4523 translato
2854 4468 3174 4540 imperator
3203 4467 3386 4524 alium
3435 4467 3543 4522 de-

127 4561 153 4612 ὁ
197 4555 458 4631 βασιλεὺς
508 4553 690 4630 ἕτερον
722 4555 1172 4631 προυχειρίσατο,
1233 4555 1294 4609 οὺ
1327 4559 1438 4610 τῶν
1493 4562 1594 4626 τῆς
1649 4577 1730 4628 συπ

162 4645 228 4666 \l
425 4643 472 4666 Α,
544 4648 601 4666 7"
702 4647 762 4666 κ-
854 4642 1005 4666 ’ΠηρἸ
1072 4643 1175 4666 κ’γκ
1268 4643 1353 4666 ,νγ
1395 4640 1515 4666 Ἁκν
1601 4641 1708 4666 γ’δι

1946 4559 2054 4630 git,
2088 4575 2201 4614 non
2252 4574 2320 4613 ex
2369 4559 2665 4613 senatorio
2711 4557 2916 4613 ordine
2949 4573 3138 4628 neque
3168 4571 3237 4611 ex
3267 4555 3544 4624 Ecclesia,

127 4645 359 4716 κλίτου,
416 4643 480 4698 οὗ
535 4648 643 4698 τῶν
696 4647 797 4709 τῆς
854 4642 1202 4714 Ἐκκλησίας,
1261 4643 1360 4698 οὐκ
1389 4640 1559 4699 ἄλλον
1593 4641 1730 4699 οὗδὲπ

1944 4664 2083 4719 eque
2124 4647 2312 4703 ullum
2344 4647 2523 4703 alium
2580 4646 2989 4719 Byzantiorum
3042 4647 3161 4703 sive
3208 4645 3547 4718 eloquentia

129 4741 231 4790 τῶν
289 4733 599 4804 Βυζαντίων
646 4738 758 4789 τῶν
813 4730 876 4788 ἓκ
901 4754 962 4788 τε
1004 4731 1173 4808 λόγου
1219 4733 1308 4788 καὶ
1352 4733 1596 4808 πράξεως
1656 4732 1732 4788 ὀν‹

1951 4754 2014 4794 ve
2042 4738 2220 4793 rebus
2271 4737 2452 4807 gestis
2483 4736 2776 4792 clarorum
2822 4741 2878 4792 et
2908 4736 3249 4803 celebrium,
3283 4737 3383 4791 sed
3416 4735 3554 4790 Cos-

135 4823 350 4896 μαστῶν
382 4825 472 4878 καὶ
523 4821 906 4898 περιωνόμων,
957 4826 1178 4895 Κοσμᾶν
1237 4819 1292 4876 δέ
1356 4842 1478 4876 τινα
1539 4823 1738 4897 μοναχέ

1948 4843 2052 4881 iam
2085 4826 2404 4896 quemdam
2457 4824 2836 4893 monachum,
2871 4824 2970 4894 qui
3004 4841 3036 4878 a
3067 4828 3272 4879 sancta
3319 4822 3551 4878 civitate

131 4917 228 4979 τῆς
287 4913 447 4987 ἁγίας
521 4913 615 4984 μὲν
686 4909 904 4972 πόλεως
979 4911 1306 4986 ἀφικόμενον
1338 4956 1354 4980 ,
1437 4910 1664 4986 μεγίστῃ
1727 4908 1734 4960 ἕ

1947 4919 2154 4979 ruerat,
2186 4919 2242 4969 et
2289 4914 2347 4968 in
2381 4914 2636 4968 maximo
2685 4913 2904 4968 honore
2952 4915 3100 4983 apud
3136 4913 3550 4984 imperatorem

132 5005 273 5073 τιμῇ
327 5000 477 5073 παρὰ
535 4999 804 5076 βασιλέως
829 4999 1144 5073 τιμώμενον
1175 4996 1264 5053 διὰ
1291 5000 1390 5067 τὴν
1450 4997 1735 5073 ἐπιπρέποι

1944 5007 2222 5062 abebatur
2267 5010 2501 5077 propter
2557 5005 2832 5061 virtutem
2893 5021 3009 5075 qua
3066 5003 3348 5075 praeditus
3405 5006 3547 5058 erat.

135 5111 226 5144 σαν
261 5091 411 5160 αὐτῷ
440 5088 658 5164 ἀρετήν’
695 5087 740 5142 εἰ
764 5088 864 5163 γὰρ
895 5088 984 5142 καὶ
1013 5089 1113 5158 τῆς
1146 5086 1335 5161 ἔξωθεν
1378 5088 1565 5166 σοφίας
1597 5085 1738 5164 ἄγευι

1949 5110 2044 5149 am
2069 5092 2298 5148 tametsi
2321 5098 2572 5147 externae
2599 5090 2896 5162 sapientiae
2925 5107 3129 5162 expers
3151 5095 3276 5145 erat
3307 5094 3364 5144 et
3391 5088 3550 5143 illius

133 5200 225 5240 τος
255 5179 320 5247 ἦν
353 5179 441 5232 καὶ
493 5176 759 5249 ἂμύητος,
806 5174 932 5231 ἀλλ’
982 5178 1195 5252 ἀρεταῖς
1234 5177 1514 5238 ποικίλαις
1561 5175 1736 5251 ἐνωρα

1947 5180 2174 5249 iysteria
2207 5181 2452 5235 minime
2482 5183 2766 5251 gustarat,
2801 5185 3057 5233 attamen
3090 5178 3266 5232 variis
3314 5175 3550 5230 virtuti-

137 5274 281 5337 ζετο.
313 5268 408 5322 Διὸ
435 5267 524 5321 καὶ
557 5265 773 5320 πάντων
811 5263 1075 5341 ὑπεριδὼν
1104 5266 1263 5321 αὐτὸν
1303 5265 1507 5335 καθίζει
1542 5264 1628 5319 ἐπὶ
1677 5269 1740 5320 τιῖ

1946 5287 2010 5325 us
2059 5269 2500 5336 efﬂorescebat;
2537 5272 2894 5340 quapr0pter
2943 5267 3221 5323 omnibus
3272 5264 3403 5320 aliis
3451 5281 3549 5318 ne-

135 5356 338 5411 οἶάκων
371 5362 472 5425 τῆς
506 5352 857 5424 Ἐκκλητίας.

1945 5359 2099 5414 lectis
2152 5358 2346 5429 ipsum
2393 5358 2465 5412 ad
2515 5356 2785 5412 Ecclesiae
2835 5354 3236 5429 gubernacula
3280 5353 3548 5410 collocat.

203 5464 265 5520 Ὁ
319 5459 380 5517 ὅὶ
434 5459 794 5530 Βοτανειάτης
847 5459 916 5514 τὰ
961 5461 1082 5514 καθ’
1139 5461 1325 5516 ἑαυτὸν
1386 5460 1442 5514 εὖ
1487 5457 1790 5532 διατιθέμε-

1971 5465 2304 5520 Botaniates
2335 5481 2467 5519 vero
2487 5463 2632 5518 bene
2663 5462 3009 5534 compositis
3033 5461 3154 5517 suis
3177 5460 3375 5528 rebus,
3394 5463 3452 5513 et
3480 5458 3551 5513 ad

139 5574 256 5621 νος,
310 5551 405 5606 καὶ
456 5550 597 5625 πρὸς
632 5550 698 5605 τὸ
747 5547 1102 5626 προκείμενον
1161 5545 1319 5626 ἔργον
1379 5547 1410 5604 ὅ
1467 5547 1742 5625 ἀνεῤῥίψαοι

1954 5553 2266 5626 ropositum
2297 5569 2468 5625 opus,
2502 5552 2658 5624 quod
2691 5551 3024 5619 distulerat,
3056 5554 3319 5623 paratus,
3372 5547 3557 5604 omni-

144 5639 571 5715 ἰτοιμαζόμενος
605 5681 620 5708 ,
686 5636 888 5702 πάντας
961 5636 1079 5694 ὅσοι
1137 5639 1270 5694 ποτὲ
1326 5638 1602 5715 στρατείας
1665 5658 1747 5712 μεη

1950 5660 2014 5699 us
2068 5642 2400 5714 quicunque
2460 5657 2721 5713 unquam
2781 5640 3050 5696 militiam
3111 5637 3360 5712 professi
3404 5636 3553 5694 732

137 5732 472 5803 ποιήσαντο
545 5724 1102 5806 προσκαλεσάμενος,
1167 5729 1420 5805 τάγματα
1475 5727 1536 5785 ἑκ
1583 5726 1740 5786 τούτο

1951 5736 2138 5791 lerant.
2182 5732 2256 5790 ad
2312 5748 2376 5791 se
2431 5730 2753 5803 accersitis,
2784 5729 3046 5805 legiones
3102 5745 3172 5786 ex
3226 5728 3302 5785 iis
3347 5725 3554 5800 coegit.
