4060 6344
567 412 683 471 463

1884 402 2213 464 JOANNIS
2258 402 2657 463 SCYLITZE

3852 406 3974 465 464

566 540 791 609 Quibus
821 543 879 595 et
929 538 1208 611 pecunias
1261 540 1318 591 et
1365 535 1721 607 dignitatum
1766 535 2023 607 insignia
2074 535 2208 590 elar-

2329 536 2712 604 συνεστήσατο,
2771 537 2855 596 οἷς
2908 536 2997 589 καὶ
3056 535 3360 610 χρημάτων
3421 533 3656 609 διανομῇ
3697 538 3784 590 καὶ
3818 537 3970 607 ἀξιω·

563 631 742 703 gitus,
801 627 977 684 etiam
1053 625 1415 697 negligentes
1494 625 1563 678 ad
1641 624 2004 696 propositum
2064 641 2212 696 opus

563 721 865 791 promptos
914 715 1170 772 reddidit
1218 718 1397 785 atque
1444 713 1688 769 alacres.
1722 713 1945 777 Quibus
1994 713 2209 769 auditis

562 806 648 862 illi
680 807 858 862 etiam
908 805 1007 878 qui
1059 805 1129 859 ab
1177 803 1527 874 imperatore
1560 801 1727 857 missi
1759 802 1988 857 fuerant
2017 807 2081 856 ut
2113 802 2208 858 Ni-

564 912 740 952 caeam
788 894 1174 960 custodirent,
1208 909 1342 947 cum
1375 892 1648 947 omnibus
1679 891 1863 963 cOpiis
1894 893 1963 946 ad
2012 893 2205 962 ipsum

561 983 932 1056 transfugere
962 988 1020 1038 et
1050 983 1253 1037 urbem
1287 981 1412 1036 sine
1442 998 1636 1052 pugna
1665 980 2032 1035 dediderunt.
2066 980 2207 1035 Coe-

566 1073 649 1146 git
677 1073 819 1128 item
851 1071 1162 1127 Turcicum
1212 1070 1525 1125 exercitum
1555 1069 1855 1137 idoneum,
1899 1071 2067 1140 cujus
2097 1070 2215 1124 dux

565 1168 689 1219 erat
718 1161 1029 1218 Cutlumus
1061 1160 1158 1215 ille
1185 1159 1429 1215 celebris
1456 1177 1589 1215 cum
1616 1158 1751 1214 ﬁliis
1783 1159 2064 1231 quinque.
2098 1158 2213 1213 Hos

566 1252 678 1309 sibi
725 1249 1055 1308 conciliavit
1100 1249 1201 1320 qui
1260 1249 1495 1304 sultano
1541 1248 1887 1320 cognatione
1916 1248 2213 1319 conjuncti

564 1346 732 1399 erant
762 1344 819 1396 et
867 1339 1182 1395 studebant
1215 1338 1327 1393 sibi
1376 1338 1673 1393 vindicare
1712 1354 1884 1393 omne
1913 1336 2211 1392 Persicum

564 1429 905 1503 imperium.
938 1429 1049 1484 Sed
1082 1428 1239 1483 haud
1290 1432 1559 1499 poterant
1603 1428 1881 1483 adversus
1913 1426 2080 1481 illum
2112 1444 2216 1498 pu-

566 1536 767 1593 gnare,
798 1525 853 1574 et
874 1518 1089 1574 idcirco
1114 1518 1181 1572 ad
1211 1517 1605 1573 Romanorum
1646 1517 1941 1588 regionem
1969 1517 2214 1572 advene-

567 1614 720 1676 rant,
748 1614 811 1663 ut
840 1623 1035 1680 parem
1069 1608 1140 1663 ad
1172 1606 1254 1661 illi
1288 1606 1680 1662 resistendum
1714 1606 2031 1678 potentiam
2066 1622 2215 1661 nan-

571 1698 948 1754 ciscerentur.
1009 1696 1191 1767 Magis
1268 1711 1422 1765 vero,
1483 1696 1532 1750 si
1588 1710 1723 1749 vera
1798 1695 1989 1750 dicere
2043 1710 2214 1765 opor-

570 1790 673 1854 tet,
742 1802 936 1858 pugna
1007 1785 1289 1842 adversus
1367 1782 1671 1839 sultanum
1750 1783 2068 1839 commissa
2146 1783 2217 1837 de

568 1881 691 1932 toto
737 1875 980 1947 imperio
1039 1874 1517 1930 contendentium
1576 1872 1633 1927 in
1683 1873 1807 1929 loco
1866 1872 1965 1945 qui
2025 1871 2217 1928 Rheas

570 1970 813 2022 vocatur
846 1964 1092 2035 jamque
1122 1962 1482 2019 conflicturis
1532 1963 1901 2030 exercitibus,
1936 1964 2006 2017 ad
2047 1978 2219 2017 aures

571 2054 782 2111 accidit
838 2053 1083 2125 calipbae
1140 2053 1380 2120 factum,
1425 2052 1525 2123 qui
1582 2053 1736 2124 apud
1794 2052 1955 2124 ipsos
2013 2053 2216 2107 eodem

573 2143 781 2215 aequali
813 2142 1033 2198 honore
1064 2158 1179 2213 quo
1212 2141 1365 2197 Deus
1397 2140 1724 2196 celebratur
1758 2159 1769 2197 :
1802 2146 1857 2196 et
1887 2140 1984 2196 ille
2016 2141 2215 2197 statim

572 2237 767 2305 spreto
790 2232 950 2287 omni
983 2232 1132 2286 fastu
1156 2236 1214 2285 et
1238 2247 1397 2285 more
1436 2230 1573 2301 (non
1616 2229 1769 2285 enim
1795 2230 2221 2286 concedebatur

574 2322 688 2394 ipsi
711 2326 871 2375 extra
885 2321 1185 2392 proprium
1203 2318 1521 2392 hospitium
1538 2318 2220 2390 egredi)celeriteereas

575 2411 918 2484 perveniens
932 2410 1182 2479 divertit,
1206 2415 1262 2465 et
1274 2410 1427 2465 acies
1444 2410 1569 2480 jam
1584 2425 1898 2481 congressu
1909 2426 2003 2465 ras
2024 2409 2079 2463 in
2108 2425 2222 2464 me-

577 2501 672 2556 dio
694 2504 860 2555 stans
885 2500 953 2555 ad
972 2516 1171 2572 pacem
1195 2500 1461 2555 hortatus
1484 2504 1571 2554 est
1595 2516 1696 2570 pro
1719 2498 1971 2554 utilitate
1984 2500 2218 2571 quidem

574 2591 885 2646 Persarum
918 2594 973 2645 et
1001 2590 1264 2661 ipsorum
1288 2589 1710 2661 imperii,malo
1740 2606 1873 2644 vero
1904 2588 2135 2661 imperii
2166 2593 2222 2644 et

573 2680 847 2752 potentias
906 2682 1351 2736 Romanorum:
1402 2677 1579 2733 variis
1639 2677 1793 2732 enim
1852 2678 2223 2733 sermonibus

571 2768 727 2825 ultro
761 2769 1027 2839 citroque
1054 2766 1293 2836 habitis,
1327 2768 1397 2822 ad
1450 2771 1777 2822 extremum
1811 2766 1947 2821 vicit
1977 2767 2031 2820 id
2067 2767 2218 2837 quod

569 2858 620 2914 ei
664 2860 909 2914 comiter
958 2856 1098 2913 utile
1154 2858 1347 2911 visum
1410 2862 1518 2924 est,
1552 2862 1615 2910 ut
1663 2854 1931 2911 sultanus
1984 2856 2220 2911 Perside

566 2950 877 3020 potiretur,
910 2948 1080 3017 cujus
1141 2945 1316 3000 etiam
1376 2950 1541 3017 pater
1598 2944 1871 2999 dominus
1930 2943 2138 3012 fuerat,
2182 2944 2220 2997 ii

567 3038 719 3092 733
750 3053 882 3091 vero
915 3037 1015 3107 qui
1065 3050 1197 3090 cum
1232 3033 1506 3089 Cutlumo
1536 3038 1722 3102 erant,
1748 3038 2006 3104 acceptts
2036 3033 2218 3105 copiis

563 3130 620 3181 et
650 3125 885 3181 auxiliis
916 3141 949 3179 a
979 3123 1212 3178 sultano
1244 3122 1301 3176 in
1338 3139 1504 3177 suam
1547 3126 1893 3194 potestatem
1929 3122 2216 3177 Romano-

563 3232 694 3271 rum
728 3214 1023 3286 regionem
1058 3212 1406 3282 redigerent,
1441 3216 1497 3267 et
1520 3212 1802 3267 haberent
1826 3211 1884 3264 in
1920 3210 2214 3283 propriam

2326 622 2507 694 μάτων
2568 626 2819 699 περιωπῆ
2876 624 2938 678 τὸ
2967 623 3269 700 ἀμέριμνον
3318 625 3407 680 καὶ
3459 626 3597 701 πρὸς
3652 626 3714 680 τὸ
3744 628 3967 697 προκεί-

2325 735 2481 787 μενον
2538 714 2809 791 ἐπέρρωσε
2859 717 3171 791 πρόθυμον.
3229 721 3324 772 Ὧν
3390 717 3712 780 ἀκούσαντες
3764 717 3856 772 καὶ
3916 718 3965 770 οἱ

2315 804 2415 871 τὴν
2468 805 2687 858 Νίκαιαν
2732 811 2916 881 τηρεῖν
2967 806 3103 881 πρὸς
3154 806 3423 882 βασιλέως
3454 806 3775 881 ἐσταλμένοι
3824 829 3969 880 παμ-

2316 892 2516 963 πληθεῖ
2604 897 2858 967 [P.861]
2917 894 3063 967 αὐτῷ
3142 897 3574 974 προσεφοίτησαν
3663 895 3966 969 αὐτόμολοι

2314 982 2403 1036 καὶ
2459 983 2560 1051 τὴν
2608 982 2771 1037 πόλιν
2829 984 3077 1059 ἀμαχητὶ
3134 983 3533 1061 προδεδώκασι.
3596 988 3968 1056 Συνεστήσατο

2323 1068 2378 1125 δὲ
2426 1071 2514 1125 καὶ
2570 1074 2869 1145 Τουρκικὸν
2938 1075 3161 1150 στρατὸν
3208 1074 3511 1151 ἀξιόλογον,
3564 1076 3629 1129 οὗ
3678 1081 3970 1151 καθηγεῖτο

2322 1160 2715 1234 Κουτλουμοῦς
2765 1161 2968 1225 ἐκεῖνος
3023 1165 3050 1218 6
3099 1159 3433 1238 περιϐόητος
3476 1164 3568 1219 σὺν
3602 1166 3736 1219 υἱέσι
3793 1165 3970 1231 πέντε,

2320 1250 2548 1312 τούτους
2591 1252 3147 1327 προσεταιρισάμενος
3200 1259 3514 1329 προσγενεῇ
3570 1254 3664 1327 μὲν
3698 1258 3778 1325 τῷ
3809 1252 3973 1307 σουλ-

2321 1338 2464 1412 τάτῳ
2518 1340 2885 1416 τυγχάνοντας
2927 1342 3017 1396 καὶ
3050 1342 3533 1416 ἀντιποιουμένους
3576 1343 3668 1415 μὲν
3700 1350 3803 1412 τῆς
3836 1349 3973 1414 Περ-

2324 1436 2479 1498 σικῆς
2539 1430 2751 1501 ἀπᾶσης
2810 1429 3180 1506 ἐπικρατείας,
3241 1429 3677 1502 ἀδυνατήσαντας
3734 1428 3792 1486 δὲ
3842 1432 3975 1507 πρὸς

2326 1514 2523 1571 έκεῖνον
2585 1520 2878 1593 μάχεσθαι,
2937 1520 3026 1573 καὶ
3089 1517 3177 1573 διὰ
3230 1523 3393 1575 τοῦτο
3451 1520 3830 1593 τῇῬωμανίᾳ
3858 1518 3971 1573 im-

2326 1602 2678 1677 δημήσαντας
2730 1606 2869 1662 ὥστε
2941 1606 3137 1682 κράτος
3198 1608 3385 1681 ἐκείνῳ
3442 1610 3715 1673 ἀντίθετον
3773 1611 3974 1679 κτήσα-

2325 1695 2466 1766 σθαι,
2523 1694 2736 1767 μᾶλλον
2796 1694 2871 1766 δὲ,
2934 1696 2977 1751 εἷ
3038 1694 3119 1751 δεῖ
3171 1696 3404 1769 τάληθὲς
3436 1696 3628 1765 εἰπεῖν,
3664 1699 3857 1773 μάχην
3890 1720 3976 1752 συ-

2326 1784 2697 1856 στησαμένους
2751 1785 2889 1861 πρὸς
2946 1787 3037 1840 τὸν
3073 1785 3366 1843 σουλτάνον
3426 1787 3516 1841 λαὶ
3549 1787 3672 1863 περὶ
3701 1794 3803 1857 τῆς
3837 1786 3974 1857 ὅλης

2249 1877 2772 1979 Βζυγομαχοῦντας
2831 1875 3011 1949 ἀρχῆς
3069 1876 3203 1930 κατά
3258 1876 3352 1930 τὸν
3411 1876 3577 1931 τόπον
3638 1876 3697 1939 ὅς
3727 1875 3981 1931 καλεῖται

2325 1962 2401 1979 ηι.
2600 1966 2632 1979 .,
2678 1964 2691 1979 ς
2799 1961 2858 1979 ν..
3064 1965 3075 1979 .
3101 1964 3112 1979 .
3143 1966 3153 1979 .
3304 1977 3315 1979 -
3541 1963 3559 1979 ς
3582 1964 3600 1979 ε
3633 1967 3643 1979 ,
3910 1972 3936 1979 -

2325 1962 2519 2025 Ῥέας.
2597 1964 2694 2019 Καὶ
2788 1961 2896 2033 ἤδη
2985 1964 3382 2040 συρῥήγνυσθαι
3471 1963 3790 2037 μελλόντων
3870 1972 3980 2021 τῶν

2329 2053 2766 2125 στρατευμάτων,
2829 2053 2903 2114 εἷς
2961 2054 3072 2108 ὦτα
3131 2053 3315 2107 πίπτει
3370 2054 3433 2108 τὸ
3483 2060 3707 2130 πρᾶγμα
3761 2060 3843 2127 τῷ
3881 2075 3985 2130 χα-

2328 2135 2482 2216 λιιρᾷ,
2540 2138 2596 2201 ὅς
2657 2141 2784 2214 παρ’
2830 2139 3012 2203 αὐτοῖς
3069 2141 3119 2195 έν
3177 2143 3374 2214 ἱσοθέῳ
3431 2148 3655 2215 τιμᾶται
3685 2147 3848 2217 τιμῇ,
3885 2144 3987 2198 Κά-

2326 2233 2503 2289 κεῖνος
2581 2228 2770 2283 αὐτίκα
2871 2235 3287 2308 καταφρονήσας
3358 2233 3555 2293 παντὸς
3643 2229 3809 2307 ὄγκου
3894 2234 3984 2287 καὶ

2327 2316 2481 2380 ἔθους
2554 2318 2637 2390 (οὐ
2696 2319 2799 2393 γὰρ
2869 2318 3047 2396 ἐφεῖτο
3106 2319 3253 2392 αὐτῷ
3310 2315 3627 2395 προϐαίνειν
3682 2327 3784 2388 τῆς
3841 2319 3986 2383 ἰδίας

2327 2414 2650 2482 καταγωγῆς
2680 2406 2851 2477 ἐκτὸς)
2880 2408 3051 2483 ταχὺς
3102 2408 3296 2473 ἐλάσας
3352 2409 3427 2470 εἷς
3484 2409 3546 2463 τὸ
3596 2411 3684 2466 Ῥὶ
3742 2411 3986 2486 παραγί-

2328 2516 2495 2566 νεται,
2546 2496 2633 2550 καὶ
2711 2498 2846 2571 πρὸς
2921 2499 3242 2573 παρατάξεις
3311 2497 3420 2569 ἤδη
3483 2497 3795 2571 μελλούσας
3856 2501 3987 2576 συρ-

2333 2585 2627 2661 ῥήγνυσθαι
2686 2588 2848 2658 μέσος
2906 2588 3033 2649 στὰς
3063 2588 3129 2642 τὰ
3184 2587 3318 2662 πρὸς
3378 2587 3598 2662 εἰρήνην
3654 2587 3848 2650 αὐταῖς
3908 2586 3989 2643 δι-

2331 2674 2551 2747 ῄτησεν,
2608 2674 2695 2728 ἐπὶ
2754 2676 3081 2753 συμφέροντι
3143 2678 3237 2749 μὶν
3298 2681 3403 2730 τῶν
3464 2682 3685 2750 Περσῶν
3747 2677 3840 2731 καὶ
3884 2685 3986 2746 τῆς

2332 2763 2506 2817 αὐτῶν
2589 2763 2787 2839 ἀρχῆς,
2863 2763 2947 2819 ἐπὶ
3030 2770 3179 2837 κακῷ
3238 2762 3295 2820 δὲ
3365 2764 3465 2832 τῆς
3519 2769 3626 2819 τῶν
3689 2767 3985 2839 Ῥωμαίων

2331 2849 2673 2927 ἕπικρατείας
2748 2853 2836 2907 καὶ
2924 2854 3183 2924 ἐξουσίας.
3264 2853 3436 2929 Λόγον
3524 2853 3622 2929 γὰρ
3703 2852 3988 2932 διαφόρων

2327 2942 2654 3011 κινηθέντων
2727 2942 2816 2996 καὶ
2890 2942 3193 3018 λεχθέντων
3270 2941 3580 2998 τελευταῖον
3676 2951 3870 3019 κρατεῖ
3926 2947 3992 2999 τὸ

2330 3030 2481 3102 δόξαν
2538 3029 2682 3101 αὐτῴ
2710 3035 2863 3105 κοινῇ
2905 3030 3207 3102 λυσιτελὲς,
3255 3033 3392 3087 ὥστε
3429 3033 3523 3087 τὸν
3557 3034 3649 3105 μὲν
3683 3032 3991 3088 σουλτάνον

2328 3119 2514 3195 ἄρχειν
2541 3127 2639 3189 τῆς
2687 3118 2948 3194 Περσίδος
2994 3120 3131 3196 ᾗπερ
3181 3121 3273 3175 καὶ
3324 3123 3352 3176 6
3396 3123 3574 3196 πατὴρ
3609 3121 3792 3189 αὐτοῦ,
3854 3123 3991 3185 τοὺς

2328 3206 2383 3262 δὲ
2412 3208 2534 3282 περὶ
2564 3209 2654 3263 τὸν
2711 3208 3101 3281 Κουτλουμοῦς
3151 3204 3417 3265 λαϐόντας
3451 3207 3677 3281 δύναμιν
3707 3212 3858 3285 παρά
3888 3218 3991 3267 τοῦ

565 3283 863 3375 regionem
915 3306 1257 3373 potestatem
1291 3305 1347 3355 et
1374 3300 1713 3372 imperium,
1746 3300 1824 3355 ita
1856 3304 1919 3354 ut
1962 3299 2122 3354 nullo
2154 3315 2208 3354 se

2329 3296 2625 3351 σουλτάνου
2672 3297 2761 3351 καὶ
2816 3298 3134 3372 συγχέρειαν
3167 3300 3266 3366 τὴν
3296 3304 3402 3353 τῶν
3436 3300 3720 3370 Ῥωμαίων
3781 3302 3987 3375 χώραν

567 3396 774 3448 mutuo
796 3391 1054 3447 convicio
1077 3390 1353 3446 afficiant.
1369 3390 1491 3446 Tali
1524 3390 1921 3446 admonitione
1944 3407 2008 3445 ac
2032 3406 2211 3446 suasu

567 3480 807 3552 caliphas
879 3479 1179 3535 dirimitur
1251 3495 1469 3551 pugna,
1545 3484 1601 3533 et
1679 3479 1832 3534 cedit
1903 3479 2210 3549 exercitus,

567 3568 881 3641 omnisque
930 3571 1224 3625 contentio
1275 3568 1670 3640 propulsatur,
1709 3574 1767 3624 et
1814 3567 2209 3624 Romanorum

562 3659 690 3714 loca
737 3659 849 3713 sibi
899 3660 957 3713 in
1002 3659 1343 3714 servitutem
1393 3658 1696 3729 subjacers
1745 3663 2063 3729 ccsperunt.
2101 3658 2211 3713 Hos

560 3747 743 3820 igitur
789 3764 921 3803 cum
969 3747 1078 3802 sibi
1143 3747 1466 3813 ascivisset,
1519 3764 1650 3801 cum
1697 3746 1906 3801 idoneo
1954 3747 2207 3802 exercitu

557 3854 661 3909 pro
695 3838 840 3893 inito
873 3853 1071 3892 secum
1106 3836 1318 3892 findere
1351 3836 1685 3903 festinabat,
1718 3840 1776 3891 et
1816 3836 1959 3890 inito
2002 3835 2211 3891 itinere

557 3928 629 3982 ad
665 3926 915 3981 Nicaeam
966 3924 1375 3980 contendebat.
1420 3926 1630 3997 Ingens
1676 3929 1871 3979 autem
1927 3940 2209 3980 numerus

553 4031 623 4070 ex
687 4014 1030 4086 Megalopoli
1097 4015 1166 4068 ad
1261 4013 1455 4085 ipsum
1549 4013 1807 4085 quotidie
1894 4013 2207 4068 confluere.

554 4106 625 4159 Et
682 4105 836 4174 quod
894 4104 1055 4158 dictu
1112 4108 1201 4158 est
1259 4102 1620 4173 incredibile,
1683 4120 1754 4158 ne
1830 4101 2003 4157 Turci
2072 4102 2206 4171 quia

555 4192 688 4247 dem
747 4192 861 4263 ipsi
918 4192 1340 4264 impedimento
1394 4192 1573 4259 fuere,
1640 4194 1756 4248 imo
1815 4193 2015 4264 potius
2072 4207 2204 4246 cum

555 4281 880 4337 reverentia
958 4282 1212 4352 quadam
1272 4285 1326 4337 et
1399 4282 1771 4337 observantia
1845 4280 2203 4337 comitaban-

552 4373 673 4439 tur,
708 4374 765 4425 et
797 4369 997 4441 regina
1026 4370 1283 4439 urbium,
1318 4374 1373 4425 et
1419 4387 1619 4426 omnes
1650 4370 1838 4443 ipsius
1887 4369 2202 4441 principes,

555 4460 773 4530 quique
830 4459 1214 4532 magistratus
1272 4464 1559 4531 gererent,
1594 4461 1814 4532 quique
1870 4460 1930 4513 in
1986 4459 2202 4513 subur-

552 4547 723 4603 banis
753 4552 810 4604 et
836 4548 981 4603 vicis
1016 4553 1202 4603 erant.
1232 4548 1379 4611 Quin
1412 4551 1585 4603 etiam
1637 4548 1901 4604 Ecclesia:
1934 4563 2201 4619 proceres

547 4636 609 4691 in
686 4654 869 4692 unum
946 4638 1356 4693 convenientes
1432 4640 1502 4692 ad
1574 4637 2020 4693 celeberrimum
2099 4636 2277 4718 DeiD

547 4725 711 4782 Verbi
746 4726 971 4797 Sophia:
1020 4726 1331 4797 templum,
1366 4743 1554 4797 nuper
1603 4726 2052 4780 imminentibus
2084 4725 2199 4796 epi-

544 4815 783 4871 bateriis
807 4816 1285 4870 Aniruntiationis
1317 4816 1494 4869 beatce
1530 4816 1739 4882 Maria,
1772 4814 2069 4868 declarant
2094 4814 2199 4868 im-

541 4908 867 4975 peratorem
920 4903 1310 4969 Botaniatem,
1369 4907 1664 4975 pra-eunte
1714 4903 1805 4957 his
1869 4901 2200 4974 patriarcha

543 4992 749 5048 divinae
776 4994 939 5048 urbis
965 5010 1189 5065 magnas
1213 4992 1558 5058 Antiochiae,
1594 4991 1830 5046 nomine
1864 4990 2198 5059 lEmiliano,

2322 3385 2530 3448 ἑαυτοῖς
2588 3389 3041 3461 περιποιήσασθαι
3100 3388 3187 3441 καὶ
3248 3384 3393 3463 ἔχειν
3453 3389 3527 3450 εἰς
3582 3387 3720 3443 ἰδίαν
3780 3391 3982 3464 χώραν

2320 3476 2407 3529 καὶ
2468 3475 2706 3545 ἐξουσίαν
2758 3476 2845 3530 καὶ
2908 3475 3205 3551 βασιλείαν,
3263 3476 3401 3532 ὣστε
3452 3474 3618 3550 μηδὶν
3652 3476 3980 3552 ἐπηρεάζειν

2322 3562 2613 3633 ἀλλήλοις.
2676 3564 2776 3619 Καὶ
2808 3563 2895 3617 ἐπὶ
2925 3568 2991 3637 τῇ
3018 3565 3243 3639 τοιαύτῃ
3301 3566 3548 3635 ὑποθήκη
3576 3567 3665 3620 καὶ
3699 3563 3978 3637 διαιτήσει

2318 3657 2414 3708 τοῦ
2446 3652 2659 3729 χαλιφᾶ
2687 3655 2796 3725 (41)
2856 3650 3130 3708 διαλύεται
3189 3655 3283 3727 μὲν
3336 3657 3369 3723 ἡ
3425 3655 3578 3729 μάχη
3612 3654 3702 3709 καὶ
3746 3657 3773 3709 ὁ
3807 3677 3979 3730 στρα-

2317 3742 2408 3803 τὸς
2475 3743 2758 3818 ὑποχωρεῖ
2832 3742 2921 3796 καὶ
2974 3749 3118 3797 πᾶσα
3175 3746 3209 3812 ἡ
3278 3741 3390 3819 ἔρις
3438 3740 3981 3816 ἀποδιοπομπεῖται,

2316 3830 2406 3885 καὶ
2462 3830 2527 3885 τὰ
2581 3835 2687 3885 τῶν
2747 3832 3029 3904 Ῥωμαίων
3088 3829 3457 3887 καταδουλοῦν
3520 3833 3736 3894 ἑαυτοῖς
3796 3833 3979 3909 ἀπήρ-

2318 3920 2493 3990 ξαντο.
2553 3921 2787 3982 Τούτους
2847 3918 2935 3974 οὖν
2993 3922 3547 3996 προσεταιρισάμενος
3608 3924 3741 3995 μετὰ
3804 3944 3978 3999 στρα-

2314 4015 2433 4070 ua;
2483 4008 2770 4084 ἀξιολόγου
2818 4009 2907 4063 καὶ
2956 4008 3041 4063 ἐπὶ
3094 4011 3387 4079 συνθήκαις
3428 4010 3617 4085 ῥηταῖς
3670 4012 3787 4081 μεθ’
3848 4013 3982 4066 έαυ-

2312 4101 2414 4151 τοῦ
2447 4099 2800 4170 συνεπήγετο,
2850 4098 2940 4151 καὶ
2985 4105 3085 4166 τῆς
3127 4095 3257 4151 ὁδοῦ
3305 4098 3601 4171 ἀρξάμενος
3625 4097 3831 4175 ἐχώρει
3888 4099 3983 4154 ἰπὶ

2312 4186 2411 4254 τὴν
2470 4185 2721 4241 Νίκαιαν.
2786 4184 2933 4241 Πολὺ
2994 4183 3052 4240 δὲ
3106 4186 3323 4255 πλῆθος
3375 4194 3475 4256 τῆς
3536 4186 3981 4262 μεγαλοπόλεως

2314 4272 2565 4329 ἑκάστοτε
2624 4274 2902 4350 συνέῤῥέον
2957 4275 3094 4349 πρὸς
3122 4276 3306 4333 αὐτόν.
3366 4275 3469 4332 Καὶ
3504 4276 3566 4331 τὸ
3599 4274 3667 4347 δὴ
3726 4276 3983 4353 παράδο-

2312 4368 2423 4439 ξον,
2458 4365 2541 4420 ὃτι
2573 4363 2697 4420 οὐδὲ
2727 4367 2778 4420 οἱ
2821 4371 3053 4440 Τοῦρκοι
3105 4365 3360 4441 ἐμποδὼν
3422 4367 3568 4440 αὐτῷ
3616 4370 3980 4439 καθίσταντο,

2309 4457 2664 4530 προέπεμπον
2738 4452 2795 4509 δὲ
2855 4453 3074 4528 μᾶλλον
3134 4457 3225 4511 σὺν
3285 4454 3431 4511 αἶδοί
3488 4457 3579 4511 καὶ
3639 4453 3977 4530 σεϐάσματι.

2311 4544 2408 4597 Καὶ
2457 4547 2490 4613 ἡ
2546 4542 2759 4619 βασιλὶς
2811 4543 2867 4599 δὲ
2922 4550 3030 4600 τῶν
3090 4545 3304 4600 πόλεων
3366 4545 3455 4600 καὶ
3514 4552 3618 4600 πᾶν
3645 4549 3708 4601 τὸ
3738 4546 3795 4601 ἐν
3830 4549 3977 4622 αὐτῇ

2310 4632 2598 4706 ἐξαίρετον,
2660 4634 2780 4688 ὅσον
2836 4655 2894 4689 τε
2951 4633 3002 4688 ἄν
3063 4632 3292 4709 ἄρχουσι
3348 4636 3437 4690 καὶ
3462 4635 3585 4690 ὅσον
3609 4636 3658 4689 έν
3721 4638 3979 4699 ἀστικοῖς

2307 4722 2397 4776 καὶ
2446 4719 2770 4795 δημοτικοῖς
2799 4725 2933 4796 (42),
2968 4721 3115 4777 ἀλλά
3151 4724 3258 4795 μὴν
3292 4723 3382 4777 καὶ
3416 4725 3478 4779 τὸ
3504 4731 3601 4793 τῆς
3629 4724 3981 4795 Ἐκκλησίας

2309 4806 2577 4885 ἔκκριτον,
2636 4815 2793 4885 κοινῇ
2853 4809 3203 4875 συνελθόντες
3249 4811 3324 4874 εἷς
3371 4812 3463 4867 τὸν
3496 4814 3832 4887 περίπυστον
3865 4822 3978 4883 τῆς

2307 4905 2402 4955 τοῦ
2434 4905 2566 4955 Θεοῦ
2600 4900 2777 4974 Λόγου
2837 4899 3040 4976 Σοφίας
3096 4901 3247 4967 νεὼν,
3305 4898 3423 4975 ἄρτι
3480 4906 3589 4955 τῶν
3643 4905 3745 4956 τοῦ
3798 4902 3979 4977 E517-

2308 4989 2575 5064 γελισμοῦ
2605 4993 2701 5058 τῆς
2740 4992 3083 5066 Θεομήτερος
3133 4984 3503 5064 ἐπιϐατηρίων
3561 4993 3673 5065 (43)
3734 4990 3975 5068 ἐφιστα-

1860 5122 2104 5179 JACOBI
2154 5122 2368 5179 GOARI
2414 5122 2637 5177 ΝΟΤᾸΕ.

619 5222 731 5293 (41)
770 5222 1063 5278 Cedrenus
1113 5223 1170 5277 in
1227 5222 1572 5293 Monomacho
1625 5237 1679 5291 ρ.
1720 5221 1855 5293 7775
1890 5220 2194 5292 seriphum

544 5292 721 5349 vocat
770 5296 1092 5349 secundum
1144 5312 1177 5349 a
1225 5292 1477 5363 calipba,
1535 5308 1656 5364 ceu,
1699 5292 2026 5364 dignitatis,
2068 5292 2195 5363 ejus

547 5382 995 5421 successorem:
1042 5368 1236 5436 ipsum
1295 5362 1431 5418 vero
1492 5362 1785 5433 calipbam
1844 5365 1963 5418 sive
2019 5362 2195 5418 halife

542 5438 927 5492 Leunclavius
949 5439 1006 5491 in
1034 5435 1406 5492 Onomastico
1454 5436 1728 5489 vicarium
1754 5435 2191 5506 interpretatur,

544 5508 723 5580 locum
789 5513 1084 5580 tenentem,
1144 5507 1433 5580 haeredem,
1470 5515 1535 5580 et,
1575 5522 1951 5580 successorem.
2011 5508 2194 5577 Hali/e

540 5579 789 5653 Latia/ie,
820 5580 1032 5653 inquit,
1064 5578 1304 5653 vicarius
1336 5579 1453 5653 Dei,
1484 5578 1621 5653 vices
1639 5578 1734 5653 _Dei
1762 5595 1955 5647 gerens
1987 5580 2046 5632 in
2076 5582 2191 5633 ter-

538 5652 638 5706 ris.
673 5652 870 5720 Hali/e
900 5649 1323 5715 Muhamedum,
1350 5650 1523 5703 haeres
1543 5649 1884 5716 Muhametis,
1915 5665 2193 5705 successor

535 5720 890 5781 Huhametis.
920 5727 1008 5781 ιια
1034 5726 1208 5797 prisci
1246 5724 1625 5791 Agarenorum
1644 5736 1797 5791 reges
1817 5737 1873 5778 se
1905 5721 2188 5778 vocabant.

2306 5222 2385 5295 Ita
2429 5218 2677 5295 _Scaclius
2725 5222 2913 5276 Ismail
2961 5219 3247 5295 affectabat
3302 5219 3433 5275 dici.
3473 5220 3671 5277 Eodem
3720 5221 3983 5295 denique

2305 5292 2471 5347 titulo
2500 5308 2557 5347 se
2588 5294 2886 5348 Turcorum
2912 5294 3188 5364 principes
3220 5298 3440 5346 ornant.

2373 5364 2486 5434 (42)
2520 5364 2755 5436 Expono
2791 5383 2802 5420 :
2838 5366 3051 5435 Quique
3092 5364 3527 5436 exrpromiscua
3573 5364 3727 5435 plebe
3772 5367 3860 5421 vc!
3896 5384 3983 5422 ea:

2302 5435 2616 5502 regionum,
2642 5437 3001 5517 cotlegiarum
3015 5435 3379 5517 “partiumque
3405 5440 3701 5517 piagc‘ipuis
3742 5440 3977 5517 conﬂu-

2299 5517 2527 5579 xerant,
2560 5524 2657 5563 eos
2687 5503 2981 5578 siquidem
3010 5503 3346 5579 δημοτικοῦς
3370 5503 3701 5579 signiﬁcare
3732 5503 3977 5566 dictum

2300 5584 2390 5634 est
2423 5578 2479 5631 in
2510 5580 2856 5634 Cedrenum.

2373 5650 2504 5723 (43)Δ
2540 5652 2733 5706 Prima
2787 5660 2980 5723 coepta,
3040 5653 3221 5722 operi:
3278 5652 3658 5722 inauguratio,
3716 5653 3983 5723 actioni:

2298 5720 2765 5794 encwnia,mitia,
2788 5720 3001 5782 necnon
3022 5720 3214 5796 fe'liria
3242 5720 3493 5797 auspicia
3520 5723 3806 5782 dicuntur
3835 5722 3982 5778 ἑπι-
