4078 6336
494 416 611 476 467

1813 410 2139 472 JOANNIS
2185 408 2589 471 SGYLITZzE

3789 407 3913 468 ωε

499 544 789 616 dignitate
816 543 1204 616 cupiditatem
1240 542 1676 614 comprimeret,
1708 547 1765 598 et
1793 559 1992 598 eorum
2046 542 2146 614 qui

2285 540 2560 612 Επεκύρου
2591 536 2648 593 δὲ
2678 538 2766 593 καὶ
2796 535 2891 599 τάς
2930 539 3095 610 τιμὰς
3137 541 3253 598 τοῖς
3284 535 3375 591 σὺν
3424 538 3572 609 αὑτῷ
3600 536 3913 609 ἀποστατή-

510 651 643 691 cum
679 635 807 706 ipso
841 633 1169 687 defecerant
1201 630 1453 687 honores
1502 636 1663 687 ratos
1712 648 1841 687 esse
1889 648 2154 700 compro-

500 726 689 781 baret.
721 724 828 778 Sed
862 721 961 777 ubi
994 721 1204 777 adduci
1242 738 1357 776 non
1392 722 1604 793 potuit,
1646 726 1703 776 et
1748 721 1807 776 in
1857 721 2155 793 proposito

497 812 900 887 permanebat,
927 816 1102 881 atque
1126 810 1416 881 superbus
1440 810 1691 880 imperio
1715 811 1957 866 minime
1988 810 2154 865 cede-

497 905 616 969 bat,
645 916 835 972 neque
861 899 1217 970 principatu,
1254 899 1425 969 cujus
1459 898 1704 953 minime
1733 914 1973 971 compos
2010 903 2154 968 erat,

500 991 754 1048 mittitur
782 990 919 1044 item
952 988 1136 1043 altera
1168 987 1401 1059 legatio,
1440 1005 1566 1059 quae
1600 987 1801 1043 itidem
1837 1004 1897 1043 re
1937 986 2156 1042 infecta

506 1079 1025 1149 rediit.Postquam
1058 1077 1237 1133 etiam
1268 1078 1437 1132 tertia
1470 1077 1705 1132 advenit
1736 1075 2159 1149 legatio,misso

511 1169 775 1224 Romano
842 1167 1029 1237 primo
1092 1166 1340 1236 praeside
1395 1170 1452 1220 et
1509 1182 1721 1237 magno
1776 1165 2159 1221 hetaeriarcba

503 1257 977 1323 Straboromano,
1022 1270 1212 1324 neque
1260 1252 1420 1308 illam
1474 1255 1755 1323 admittit,
1809 1255 1910 1309 sed
1962 1255 2160 1325 potius

511 1346 811 1402 hominem
857 1343 1249 1415 ignominiuse
1302 1343 1530 1415 accipit,
1586 1360 1700 1399 non
1754 1348 2038 1414 tanquam
2087 1344 2158 1399 ab

504 1438 860 1507 imperatore
886 1434 986 1488 sed
1020 1432 1187 1503 quasi
1221 1450 1255 1488 a
1285 1432 1451 1488 ducis
1482 1432 1734 1503 alicujus
1776 1434 1965 1504 legato
2016 1433 2157 1489 mis-

506 1540 664 1593 sum,
697 1521 965 1595 quamvis
998 1526 1435 1576 sacrosanctum
1469 1538 1678 1591 corpus
1708 1521 1881 1592 legati
1913 1520 2163 1576 habetur

504 1613 594 1670 vel
628 1613 781 1683 apud
814 1610 1080 1665 inﬁdeles
1110 1611 1270 1682 ipsos
1320 1610 1488 1681 quasi
1538 1610 1699 1681 pacis
1749 1615 2062 1681 proxeneta
2104 1614 2163 1664 et

521 1700 912 1775 pugnantium
945 1699 1284 1754 conciliator
1315 1698 1777 1770 bellicarumque
1805 1699 2158 1754 seditionum

518 1790 816 1863 depulsor.
852 1790 1012 1845 Tunc
1046 1788 1222 1844 etiam
1259 1788 1495 1843 fortuito
1525 1788 1735 1844 cecidit
1764 1787 2036 1862 Bryennii
2076 1791 2161 1843 ta-

517 1880 928 1945 bernaculum,
962 1883 1113 1933 tecto
1162 1878 1350 1949 ipsius
1402 1895 1435 1931 a
1485 1877 1756 1932 manibus
1806 1895 1932 1948 quae
1982 1877 2162 1932 videri

519 1968 847 2040 nequibant
880 1968 1031 2022 738
1062 1964 1512 2020 eversa.Accidit
1543 1966 1681 2020 item
1713 1966 1864 2020 lunae
1895 1966 2160 2033 defectio,

521 2074 649 2129 qua:
677 2057 746 2112 ad
777 2056 973 2127 ipsum
1007 2054 1280 2124 respexit,
1310 2054 1600 2124 siquidem
1648 2054 1770 2109 haec
1818 2069 2167 2110 consuevere

522 2150 589 2202 ut
602 2146 925 2218 plurimum
941 2148 1323 2214 tyrannorum
1338 2142 1667 2199 eversiones
1694 2144 2167 2217 praesigniﬁcare,

525 2234 1022 2308 quemadmodum
1054 2232 1093 2285 ii
1121 2231 1221 2302 qui
1252 2231 1309 2285 in
1339 2235 1632 2287 astrorum
1665 2233 1876 2304 nugaci
1914 2232 2169 2287 vanitate

525 2326 835 2377 versantur
857 2322 1159 2374 declarant
1179 2324 1236 2373 et
1261 2319 1960 2391 vaticinantur.{Reverso
1992 2320 2174 2391 igitur

522 2410 975 2466 Straboromano
1026 2425 1085 2463 re
1131 2408 1365 2479 infecta,
1400 2407 1607 2464 bellica
1636 2409 1834 2465 munia
1861 2425 2173 2481 aggressus

523 2507 616 2558 est
648 2502 988 2573 imperator,
1021 2505 1078 2556 et
1110 2500 1390 2556 adversus
1440 2501 1632 2573 ipsum
1685 2502 1961 2558 instruxit
2011 2518 2171 2557 exer-

522 2592 731 2656 citum,
755 2607 820 2646 ac
855 2590 1081 2645 ﬁduciae
1116 2589 1326 2661 plenus
1359 2589 1520 2646 illius
1550 2591 1991 2648 demolitionem
2028 2608 2173 2663 pras—

529 2680 769 2736 dicavit.
802 2678 1169 2734 Celebratum
1222 2678 1376 2733 enim
1425 2679 1779 2736 elementum
1828 2680 1874 2735 N
1928 2680 2177 2752 simplex

532 2772 764 2824 tantum
791 2774 847 2824 et
870 2784 981 2823 non
1006 2768 1219 2839 duplex
1244 2785 1275 2821 a
1304 2768 1534 2823 vatibus
1562 2770 1957 2840 Spectabatur.
1994 2774 2178 2840 Atque

532 2858 712 2914 etiam
735 2859 943 2913 ducem
968 2857 1292 2928 praeficiens
1317 2874 1498 2912 unum
1522 2875 1589 2913 ex
1620 2857 1976 2928 illustribus,
2012 2858 2177 2913 nobi-

529 2946 831 3003 lissimum
854 2946 1117 3000 Alexium
1151 2947 1822 3019 Comnenum,magnum
1857 2949 2046 3017 ipsum
2077 2948 2178 3002 do-

540 3036 849 3091 mesticum
882 3035 1208 3101 declarans,
1231 3035 1328 3105 qui
1365 3034 1663 3090 Ruselium
1686 3036 1987 3107 ingeniose
2017 3036 2182 3107 prius

539 3125 871 3196 subegerat,
906 3124 1185 3178 adversus
1218 3123 1567 3194 Bryennium
1623 3124 1820 3191 mittit,
1873 3124 2184 3195 prudentia

535 3218 592 3269 et
623 3213 835 3269 mentis
878 3211 1200 3267 stabilitate
1247 3214 1647 3267 venerandum
1698 3218 1753 3268 et
1782 3214 1872 3284 .ad
1926 3213 2185 3285 pericula

2263 651 2435 685 σασιν.
2471 631 2555 702 [Ρ.
2587 631 2715 701 863]
2740 629 2801 685 Ὀ
2832 625 2892 682 δὲ
2937 628 3198 703 ἄτεγκτος
3248 628 3336 696 ἦν,
3366 627 3456 681 καὶ
3483 628 3789 701 ἀτεράμων,
3820 630 3907 682 καὶ

2262 720 2626 794 ὑπερήφανος,
2658 718 2750 773 καὶ
2797 724 2897 787 τῆς
2950 714 3226 791 βασιλείας
3276 717 3350 789 μὴ
3395 714 3738 789 ἐξιστάμενος
3773 714 3912 788 μηδε

2261 813 2369 863 τῶν
2411 807 2694 882 πρωτείων
2742 811 3093 881 παραχωρῶν
3150 802 3226 859 ὧν
3269 804 3368 860 οὐκ
3396 806 3461 873 ἦν
3491 805 3697 881 κύριος,
3744 804 3910 862 Στέλ-

2265 897 2414 954 λεται
2445 898 2533 951 καὶ
2590 895 2811 970 δευτέρα
2868 890 3127 970 πρεσϐεία
3174 895 3310 969 πρὸς
3344 894 3527 961 αὐτὸν,
3580 896 3669 949 καὶ
3699 894 3918 970 γέγονεν

2264 988 2555 1062 ἄπρακτος,
2588 988 2713 1043 Ἐπὶ
2762 985 2930 1059 ταύτῃ
2983 982 3040 1038 δὲ
3096 984 3185 1038 καὶ
3242 985 3401 1058 τρίτη
3446 979 3702 1058 πρεσϐεία
3732 989 3915 1061 φοιτᾷ.

2267 1074 2557 1139 σταλέντος
2612 1076 2898 1147 Ῥωμανοῦ
2983 1070 3447 1149 πρωτοπροέδρου
3520 1073 3609 1127 καὶ
3671 1072 3916 1148 μεγάλου

2269 1164 2647 1240 ὲταιρειάρχου
2744 1158 3243 1238 Στραϐορωμανοῦ.
3325 1160 3454 1217 Οὐδ’
3538 1162 3743 1233 ἐκείνην
3826 1164 3914 1218 οὖν

2270 1252 2512 1329 δέχεται,
2565 1252 2774 1326 μᾶλλον
2843 1253 2937 1325 μὶν
2996 1250 3086 1306 οὖν
3135 1251 3224 1306 καὶ
3271 1252 3365 1306 τὸν
3394 1248 3556 1326 ἄνδρα
3584 1251 3794 1324 ἀτίμως
3828 1249 3917 1307 δέ·

2270 1363 2450 1419 χεται,
2507 1342 2597 1396 καὶ
2652 1338 2766 1396 οὐδ’
2816 1342 2890 1404 ὡς
2929 1340 2987 1395 ἐκ
3037 1338 3309 1416 βασιλέως
3340 1338 3466 1395 ἀλλ’
3502 1342 3919 1415 ὑποστρατήγου

2268 1434 2415 1493 τινὸς
2438 1430 2811 1486 ἀποσταλέντα
2844 1449 2856 1462 ·
2908 1450 3085 1484 καιτοι
3134 1429 3277 1505 ἱερὸν
3337 1430 3469 1484 εἶναι
3523 1433 3681 1501 σῶμα
3728 1430 3757 1482 ὁ
3786 1428 3918 1503 πρέ-

2270 1516 2399 1582 σϐυς
2440 1518 2752 1595 λελόγισται
2805 1518 2897 1573 καὶ
2950 1517 3097 1589 παρά
3138 1522 3259 1578 τοῖς
3314 1515 3561 1577 ἀπίστοις
3622 1517 3813 1576 αὐτοῖς
3843 1516 3916 1576 ὡς

2271 1610 2494 1686 εἰρήνης
2554 1609 2776 1682 μεσίτης
2841 1607 2930 1661 καὶ
3012 1604 3352 1673 διαλλάκτης
3424 1611 3532 1660 τῶν
3585 1606 3915 1679 μαχομένων

2269 1700 2357 1753 καὶ
2417 1698 2725 1767 πολεμικὰς
2806 1696 3146 1770 περιστάσεις
3220 1689 3531 1751 ἀποσοϐῶν.
3609 1695 3807 1752 Ἐπεσε
3864 1690 3923 1748 δὲ

2268 1791 2565 1859 τηνικαῦτα
2619 1787 2723 1841 ἀπὸ
2797 1785 3141 1859 ταυτομάτου
3219 1784 3307 1839 καὶ
3373 1787 3409 1854 ἡ
3476 1787 3573 1838 τοῦ
3629 1782 3917 1858 Βρυεννίου

2269 1878 2465 1947 σκηνή,
2518 1880 2615 1931 τοῦ
2658 1875 2859 1952 ὀρόφου
2932 1874 3134 1942 ταύτης
3202 1872 3601 1949 παραλυθέντος
3661 1872 3920 1946 ἀοράτοις

2273 1966 2451 2043 χερσί.
2486 1967 2677 2039 Γέγονε
2715 1962 2772 2018 δὲ
2818 1963 2907 2019 καὶ
2947 1961 3189 2037 ἔκλειψις
3240 1969 3341 2031 τῆς
3390 1960 3651 2032 σελήνης,
3690 1958 3812 2029 ἤτις
3840 1958 3919 2021 εἷς

2274 2056 2432 2112 αὐτὸν
2464 2054 2788 2128 ἐπέσκηψεν,
2839 2052 2953 2108 ἐπεὶ
2995 2052 3087 2107 καὶ
3144 2051 3438 2130 πεφύκασιν
3498 2051 3572 2115 ὡς
3628 2048 3824 2105 ἐπίπαν
3854 2048 3923 2103 τὰ

2274 2149 2499 2200 τοιαῦτα
2539 2142 2943 2217 τυραννούντων
2994 2142 3329 2217 καθαιρέσεις
3376 2138 3605 2211 δηλοῦν,
3652 2138 3835 2202 καθὼς
3877 2140 3936 2193 οἳ

2278 2234 2402 2310 περὶ
2445 2234 2542 2302 τήν
2590 2236 2698 2287 τῶν
2757 2230 2993 2307 ἀστέρων
3045 2228 3349 2305 ἀδόλεσχον
3397 2228 3736 2302 ματαιότητα
3764 2249 3929 2283 κατα-

2279 2322 2554 2399 γινόμενοι
2656 2320 3050 2393 τερατεύονται.
3154 2318 3579 2382 Ἐπανελθόντος
3664 2318 3753 2371 οὖν
3836 2321 3936 2370 τοῦ

2286 2407 2765 2489 Στραῦορωμσνοῦ
2815 2409 2907 2464 καὶ
2954 2416 3053 2478 τῆς
3094 2403 3380 2484 πρεσϐείας
3424 2407 3704 2483 ἀπράκτου
3746 2408 3938 2479 μεινά-

2284 2524 2405 2573 σης,
2440 2497 2607 2576 ἔργων
2638 2498 2957 2572 πολεμικῶν
3006 2499 3034 2552 ὁ
3092 2497 3347 2573 βασιλεὺς
3388 2496 3573 2571 εἴχετο
3615 2496 3706 2551 καὶ
3734 2496 3819 2551 ἐπ’
3846 2495 3939 2550 αύ-

2282 2592 2374 2646 τὸν
2411 2591 2691 2645 συνέταττε
2735 2590 2797 2642 τὸ
2846 2589 3172 2663 στράτευμα,
3218 2587 3309 2641 καὶ
3366 2585 3578 2663 θαρῥῶν
3627 2588 3725 2655 τὴν
3769 2585 3939 2640 αὐτοῦ

2285 2678 2575 2736 κατάλυσιν
2648 2672 3071 2752 προηγόρευσε·
3143 2676 3206 2731 τὸ
3283 2675 3387 2751 γὰρ
3468 2673 3733 2747 ᾀδόμενον
3789 2694 3938 2728 στοι-

2287 2775 2441 2845 χεῖον
2476 2771 2587 2841 (47)
2618 2772 2713 2822 τοῦ
2764 2774 2802 2821 Ν
2854 2764 3061 2821 ἁπλοῦν
3120 2764 3283 2837 μόνον
3325 2764 3413 2819 καί
3463 2764 3524 2819 ού
3565 2762 3791 2818 διπλοῦν
3821 2770 3945 2826 τοῖς

2285 2863 2452 2913 ταῦτα
2492 2852 2842 2936 φοιϐάζουσιν
2893 2854 3196 2909 ἐσκοπεῖτο.
3253 2853 3351 2907 Καὶ
3407 2850 3465 2907 δὲ
3500 2852 3589 2906 καὶ
3632 2852 3943 2927 στρατηγὸν

2290 2946 2581 3015 έπιστήσας
2631 2941 2721 2999 ἕνα
2784 2949 2889 2999 τῶν
2959 2940 3293 3019 εὐπατριδῶν
3370 2943 3461 2996 τὸν
3531 2936 3944 3015 νωϐελίσσιμον

2290 3035 2532 3105 Ἀλεξιον
2586 3035 2680 3089 τὸν
2775 3034 3082 3106 Κομνηνὸν,
3163 3031 3322 3105 μέγαν
3393 3030 3552 3085 αὐτὸν
3613 3028 3942 3101 δομέστικον

2291 3120 2727 3198 προϐαλόμενος,
2761 3124 2819 3185 ὃς
2846 3124 2935 3177 τὸν
2985 3120 3294 3178 Ῥουσὲλιον
3354 3119 3684 3195 εὐμηχάνως
3713 3119 3779 3173 τὸ
3809 3119 3942 3194 πρὶν

2292 3214 2645 3290 ἐχειρώσατο,
2704 3214 2841 3267 κατά
2887 3215 2984 3265 τοῦ
3051 3210 3334 3287 Βρυεννίου
3410 3206 3621 3286 ἀφίησι,
3677 3210 3948 3284 φρονήσει

529 3302 742 3358 bellica
775 3303 1012 3356 ﬁrmum
1041 3308 1096 3355 et
1128 3301 1511 3372 intrepidum;
1544 3302 1643 3373 qui
1676 3318 1808 3357 cum
1843 3304 1968 3358 suis
1998 3303 2175 3375 copiis

2291 3305 2379 3359 καὶ
2415 3300 2655 3363 δίανοίας
2714 3300 3077 3374 σταθηρότητι
3134 3299 3355 3375 γερανὸν
3412 3298 3500 3352 καὶ
3557 3298 3693 3371 πρὸς
3750 3294 3947 3351 κινδύ-

530 3391 812 3447 adversus
854 3390 1206 3461 Bryennium
1241 3391 1556 3461 profectus,
1587 3398 1643 3445 et
1674 3392 1732 3444 in
1768 3392 1891 3447 loco
1923 3393 2174 3464 quodam

531 3480 809 3549 Calabrya
843 3479 1079 3534 nomine
1111 3478 1413 3549 quiescere
1438 3480 1608 3549 jusso
1640 3481 1920 3550 exercitu,
1976 3481 2183 3535 didicit

537 3569 611 3625 ab
646 3568 1111 3640 exploratoribus
1145 3568 1497 3639 Bryennium
1532 3587 1564 3623 a
1595 3569 1825 3625 Mesene
1858 3569 2181 3641 profectum

541 3674 674 3713 cum
709 3656 870 3712 omni
902 3657 1157 3712 exercitu
1187 3658 1682 3728 appropinquare.
1716 3659 2045 3729 Statimque
2075 3676 2182 3714 no-

536 3745 863 3801 bilissimus
894 3747 1113 3800 Turcos
1164 3763 1197 3799 a
1245 3762 1307 3799 se
1356 3746 1609 3801 delectos
1645 3748 1829 3815 jussit
1878 3765 2064 3819 usque
2111 3749 2181 3803 ad

536 3835 889 3908 Bryennium
923 3833 1246 3906 pervenire,
1281 3851 1344 3887 ac
1377 3839 1602 3888 tantum
1636 3836 1733 3887 ubi
1784 3852 1845 3889 se
1891 3837 2182 3890 ostendis-

537 3929 691 3990 sent,
723 3926 790 3979 ad
834 3940 898 3978 se
925 3922 1154 3977 reverti.
1192 3925 1319 3991 Ipse
1351 3927 1544 3976 autem
1579 3924 1923 3995 opportunis
1955 3924 2013 3979 in
2045 3924 2184 3980 locis

536 4012 838 4068 collocatis
897 4010 1154 4076 insidiis,
1208 4012 1616 4081 instructoque
1677 4017 1740 4065 ut
1796 4012 1907 4066 sibi
1965 4013 2185 4084 optime

538 4100 857 4155 videbatur
886 4098 1165 4162 exercitu,
1198 4099 1445 4169 Bryenni
1479 4100 1819 4154 morabatur
1848 4101 2181 4157 adventum.

540 4189 683 4243 Cum
716 4204 849 4243 vero
883 4188 1051 4259 signa
1081 4187 1499 4257 apparuissent
1528 4190 1828 4259 utriusque
1877 4192 2181 4258 exercitus,

539 4282 597 4333 et
627 4276 939 4333 classicum
972 4276 1227 4330 clamore
1258 4274 1493 4330 sublato
1542 4277 1769 4348 utrique
1812 4279 2184 4346 cecinissent,

539 4366 754 4421 initum
786 4370 876 4421 est
910 4366 1054 4419 737
1105 4380 1233 4419 acre
1283 4364 1567 4435 praelium.
1619 4366 1882 4437 Cumque
1929 4376 2190 4424 cerneret

542 4455 865 4525 Bryennius
887 4469 1129 4508 suarum
1157 4452 1452 4524 legionum
1477 4454 1701 4509 cladem
1728 4463 1781 4510 et
1806 4458 2189 4526 perturbatio-

544 4559 675 4597 nem
709 4546 887 4614 atque
919 4540 1274 4613 periculum,
1326 4543 1651 4614 assumptis
1701 4560 1898 4598 secum
1948 4546 2188 4615 optimis

2288 3412 2412 3453 νους
2446 3388 2789 3461 πολεμικοὺς
2815 3387 3029 3464 ἑδραῖον
3059 3408 3117 3442 τε
3145 3387 3237 3441 καὶ
3270 3385 3703 3459 ἀπερικτύπητον
3741 3403 3755 3416 ⁸
3790 3386 3852 3447 ὃς
3874 3382 3947 3453 δὴ

2287 3481 2383 3542 τὰς
2418 3478 2673 3553 δυνάμεις
2699 3477 3009 3551 ἀνειληφὼς
3057 3476 3193 3531 κατὰ
3239 3478 3337 3529 τοῦ
3376 3474 3666 3549 Βρυεννίου
3698 3468 3948 3543 ἰόάδιζε,

2290 3571 2380 3625 καὶ
2419 3568 2555 3645 πρὸς
2605 3570 2775 3622 τόπον
2838 3561 3161 3638 Καλαϐρύην
3224 3564 3697 3637 ἐπονομαζόμενον
3769 3561 3954 3617 διανα-

2291 3658 2479 3713 παύων
2523 3656 2613 3711 τὸν
2676 3656 2901 3730 στρατὸν
2960 3654 3125 3728 ἔμαθε
3170 3653 3315 3727 παρὰ
3370 3657 3477 3707 τῶν
3537 3656 3759 3706 σκοπῶν
3804 3653 3886 3713 ὡς
3921 3653 3950 3706 δ

2294 3746 2581 3821 Βριαέννιος
2631 3745 2831 3819 ἐγγίζει
2908 3748 3240 3817 πανστρατιᾷ
3284 3746 3383 3810 τῆς
3428 3741 3674 3811 Μεσύνης
3736 3741 3952 3795 ἀπανι-

2294 3837 2440 3896 στάς.
2498 3836 2597 3890 Καὶ
2654 3833 2841 3887 αὐτίκα
2904 3834 2931 3886 ὁ
3008 3826 3410 3902 νωόελίσσιμος
3470 3829 3746 3904 Τούρκους
3818 3828 3953 3889 τοὺς

2293 3925 2484 3979 ἑαυτοῦ
2515 3921 2916 3995 ἀπολεξάμενος
2962 3920 3240 3994 ἀφικέσθαι
3296 3920 3388 3991 μὶν
3439 3916 3572 3993 ἄχρι
3612 3922 3711 3972 τοῦ
3746 3919 3955 3989 Βρυεν-

2293 4011 2415 4066 νίου
2477 4011 2775 4080 ἐκέλευσεν,
2847 4007 3097 4079 ἐπίδειξιν
3168 4005 3224 4062 δὶ
3293 4006 3697 4080 ποιησάμένους
3768 4005 3955 4077 μόνην

2294 4100 2459 4156 πάλιν
2515 4098 2908 4175 ἐπαναστρέψαι
2954 4099 3089 4171 πρὸς
3152 4096 3312 4151 αὐτόν
3346 4114 3361 4130 ⁸
3405 4096 3566 4157 αὐτὸς
3625 4091 3681 4148 δὶ
3741 4094 3963 4170 λόχους

2294 4190 2346 4244 ἐν
2393 4188 2699 4261 ἐπικαίροις
2739 4187 2983 4259 θέμενος,
3032 4185 3119 4240 καὶ
3169 4186 3235 4239 τὰ
3281 4186 3416 4239 κατά
3459 4184 3551 4238 τὸν
3602 4185 3835 4258 στρατὸν
3881 4186 3964 4244 ὡς

2297 4276 2512 4353 ἄριστον
2560 4276 2731 4332 ἐδόκει
2776 4274 3176 4348 διαταξάμενος,
3236 4270 3392 4346 ἔμενε
3445 4274 3548 4341 τὴν
3602 4276 3697 4327 τοῦ
3750 4275 3967 4348 Βρυεν-

2296 4367 2414 4422 νίου
2447 4366 2745 4423 ἐπέλευσιν.
2797 4366 3080 4420 Φανέντων
3132 4361 3190 4418 δὲ
3220 4368 3328 4418 τῶν
3362 4362 3604 4435 σημείων
3640 4366 3752 4416 τῶν
3788 4382 3971 4437 στρα-

2295 4458 2577 4528 τευμάτων
2642 4456 2871 4528 ἀμφοῖν,
2962 4456 3050 4508 καὶ
3130 4451 3511 4522 ἀλαλαξάντων
3564 4448 3839 4524 ἑκατέρων
3903 4453 3969 4505 τὸ

2300 4544 2572 4612 ἐνυάλιον,
2631 4543 2876 4615 πόλεμος
2927 4542 3149 4611 συνέστη
3220 4540 3501 4615 κρατερός.
3542 4540 3633 4599 Ὠς
3690 4536 3753 4592 δὶ
3816 4540 3971 4614 έώρο

543 4630 725 4702 c0piis
750 4630 870 4702 ipse
894 4646 996 4702 per
1017 4646 1078 4684 se
1101 4635 1393 4684 certamen
1419 4632 1488 4686 de
1515 4648 1748 4687 summa
1785 4649 1977 4687 rerum
2012 4634 2175 4689 susti-

2300 4635 2328 4689 ὁ
2357 4633 2639 4708 Βρυέννιος
2675 4637 2783 4687 τῶν
2837 4632 3032 4685 ἑαυτοῦ
3077 4632 3373 4705 ταγμάτων
3420 4629 3517 4696 τὴν
3569 4628 3736 4696 ἧτταν
3770 4628 3973 4683 καὶτὸ

2360 4724 2382 4735 Α
2497 4718 2525 4735 ο
2624 4721 2633 4735 .
2836 4721 2849 4735 .
3003 4717 3022 4735 κ
3108 4719 3122 4735 ς
3282 4718 3295 4735 .
3526 4716 3536 4733 ν
3714 4734 3721 4735 ,
3756 4720 3786 4731 .-
3910 4717 3925 4735 ς

542 4720 738 4786 nebat,
773 4724 831 4774 et
862 4725 1098 4775 strenue
1146 4736 1361 4773 munus
1413 4720 1641 4788 obibat;
1694 4722 1865 4792 cujus
1912 4729 2186 4779 conatum

542 4808 919 4880 imperatoris
979 4807 1198 4862 milites
1249 4808 1689 4879 propulsarunt.
1742 4811 1887 4865 Cum
1941 4828 2072 4867 vero
2117 4813 2187 4867 de

537 4898 781 4954 victoria
812 4896 1042 4968 utrique
1074 4896 1380 4952 ambitiose
1422 4900 1862 4965 contenderent,
1888 4899 2186 4957 horribilis

2295 4718 2733 4796 τεθορυϐημένον
2767 4721 2852 4775 καὶ
2894 4717 3181 4794 σφαλερὸν,
3239 4718 3333 4779 τὰς
3381 4716 3667 4792 κρατίστας
3712 4720 3834 4771 τῶν
3873 4717 3975 4772 σὺν

2297 4811 2444 4883 αὐτῷ
2494 4809 2773 4883 δυνάμεων
2852 4807 3162 4876 συνηλικὼς
3229 4806 3389 4869 αὐτὸς
3464 4804 3535 4861 δι’
3610 4806 3813 4860 ἑαυτοῦ
3872 4808 3973 4862 τὸν

2298 4900 2430 4976 ὑπὲρ
2483 4905 2590 4954 τῶν
2664 4897 2809 4954 ὅλων
2882 4898 3062 4970 ἀγῶνα
3138 4895 3443 4971 ἐκράτησεν.
3518 4894 3975 4967 Ἀπεκρούσαντο

1847 5052 1876 5108 J
1886 5053 2097 5109 ACOBI
2140 5054 2362 5111 GOARI
2402 5052 2635 5109 NOTAE.

617 5166 725 5237 (57)
754 5166 869 5221 Vox
894 5166 1377 5237 ambigua,quam
1403 5181 1518 5220 non
1544 5167 1874 5223 elementum
1907 5170 2080 5223 modo
2106 5168 2191 5223 vel

547 5236 807 5303 litteram,
868 5240 968 5292 sed
1037 5236 1232 5308 potius
1300 5240 1507 5306 fatum,
1562 5248 1777 5301 sortem.
1838 5242 2191 5304 vaticinium,

542 5311 787 5375 genium,
836 5311 1208 5378 portendendz'
1253 5311 1365 5361 vim
1415 5318 1465 5362 et
1493 5324 1648 5363 omen
1684 5312 1895 5365 referre
1928 5329 2043 5365 non
2079 5329 2192 5365 uno

542 5379 666 5433 loco
699 5387 964 5435 notatum
998 5388 1085 5435 est
1120 5382 1176 5433 in
1204 5380 1552 5435 Cedrenum.
1589 5389 1834 5437 Auctore
1865 5400 1997 5437 vero
2046 5399 2192 5438 nus-

545 5466 736 5525 quam
782 5453 1073 5507 scribente
1122 5451 1183 5502 τὸ
1214 5472 1257 5525 Δν
1308 5456 1605 5525 στοιχεῖον,
1657 5469 1855 5525 verum
1918 5459 2190 5525 στοιχεῖον

545 5471 721 5519 quam
782 5471 1073 5507 SCPiDeUlB
1122 5471 1183 5502 το
1231 5472 1257 5501 ν
1308 5471 1605 5523 στοιχειον,
1657 5471 1855 5507 verum
1918 5473 2189 5525 OTOE‘StOV

540 5522 636 5569 τοῦ
667 5521 790 5600 v.in_
814 5526 1078 5600 secundo
1109 5523 1301 5600 potius
1335 5539 1507 5593 quam
1547 5524 1599 5576 in
1636 5471 2189 5594 primosignit‘zcatu

545 5594 898 5647 sumendum
930 5594 1207 5663 conjicio';
1243 5595 1487 5663 ejusque
1523 5612 1686 5648 mens
1718 5602 1805 5649 est
1843 5599 1977 5651 haec.
2012 5601 2056 5650 Α
2088 5616 2190 5652 su-

545 5664 878 5739 perstitiose
909 5664 1555 5739 nominumNicepbori
1587 5672 1644 5719 et
1678 5667 1947 5739 Bryennii
1980 5670 2050 5723 de
2082 5671 2191 5723 im-

543 5736 703 5803 perio
734 5736 1156 5792 decertantium
1189 5736 1418 5792 litteras
1446 5736 1855 5806 primordiales
1888 5740 1931 5795 N
1956 5747 2011 5795 et
2034 5745 2074 5793 Β
2095 5742 2192 5796 ob-

2305 5171 2697 5233 servantibus,
2730 5168 2884 5240 quod
2920 5165 3211 5240 fatale_est
3237 5170 3294 5221 et
3324 5169 3659 5240 portentum
3689 5163 3755 5218 in
3792 5164 3846 5219 N
3886 5180 3990 5219 as-

2304 5242 2415 5296 seri
2471 5235 2797 5312 praevalere
2820 5240 2938 5294 fatu
2969 5240 3065 5290 τοῦ
3098 5237 3163 5303 Β,
3194 5253 3261 5312 eo
3292 5235 3705 5312 q'uod_genius,
3747 5252 3896 5312 sors
3926 5241 3987 5291 et

2305 5305 2486 5366 latum
2516 5315 2594 5381 τῷ
2625 5317 2672 5365 V
2704 5311 3035 5380 alligatum,
3084 5315 3150 5362 ut
3198 5305 3716 5381 e_le_men_ti'ipsius
3742 5305 3988 5381 dinem,

2303 5389 2527 5438 rectum
2562 5377 2706 5451 sit,B
2738 5377 2868 5436 vero
2900 5382 3153 5451 obduos
3183 5379 3391 5451 gibbos
3421 5379 3479 5434 in
3501 5377 3718 5435 rectam
3742 5377 3986 5434 lineam

2306 5462 2550 5509 retortos
2583 5453 2832 5509 infelicis
2880 5450 3116 5523 ominis.
3176 5450 3387 5523 Mirum
3439 5467 3608 5523 porro
3660 5458 3985 5519 quantum

2303 5527 2683 5596 superstiosis
2725 5522 3012 5596 vaticiniis
3063 5522 3308 5591 imperio
3352 5522 3587 5596 labente
3634 5524 3832 5596 Graeci
3894 5529 3987 5596 at-

2302 5594 2616 5665 tenderint,
2670 5603 2733 5650 ut
2784 5611 2885 5648 nec
2917 5594 3297 5663 imperatores
3328 5600 3386 5647 et
3413 5594 3735 5665 optimates
3773 5594 3857 5649 ab
3894 5594 3985 5649 eis

2303 5670 2414 5724 sibi
2445 5664 2716 5723 duxerint
2742 5665 3196 5737 temporandum
3218 5682 3243 5737 ;4
3268 5665 3337 5720 de
3364 5665 3581 5737 quibus
3627 5664 3984 5735 Cedrenus,

2304 5740 2534 5797 Nicetas
2565 5747 2623 5795 et
2651 5735 2936 5811 Gregoras
2959 5735 3344 5809 frequentius.
