4060 6344
118 426 229 486 469

1644 423 2042 486 HISTORIA.

3421 422 3542 482 4Ἶο

117 552 166 609 δὲ
197 555 295 623 τήν
325 553 526 611 τούτου
564 555 744 631 ὁρμήν
771 555 824 610 oi
853 560 949 611 τοῦ
976 553 1776 633 βασιλέως.Φιλοτιμουμὲνων

1911 555 2162 626 Ῑυᾶἓάἃῐη
2199 571 2398 627 pugna
2423 557 2477 610 et
2509 559 2702 611 metus
2755 554 2928 626 plena
2977 555 3229 611 conﬂata
3275 558 3384 624 est,
3435 555 3539 610 Co-

120 643 170 699 δὲ
228 643 498 714 ἀλλήλων
560 646 685 721 περὶ
741 651 841 714 τῆς
893 645 1049 714 νίκης
1115 642 1529 714 καταπληκτική
1589 665 1672 705 τις
1728 646 1762 712 ἡ

122 733 270 808 μάχη
332 734 423 788 καὶ
486 728 660 811 φόϐου
723 735 890 805 μεστὴ
945 734 1183 810 γέγονεν.
1247 735 1330 807 [Ρ.
1389 735 1518 806 864]
1583 734 1643 789 Ὀ
1711 729 1768 786 δὲ

125 823 406 893 squama,-
431 821 684 894 σύνθημα
727 819 853 885 δοὺς
878 828 995 884 τοῖς
1050 823 1100 876 ἐν
1159 828 1276 884 τοῖς
1335 820 1529 897 λόχοις
1587 818 1768 876 διανα-

123 919 308 978 στῆναι
337 912 429 964 καὶ
459 916 579 972 τοῖς
630 910 894 972 ἐναντίοις
947 913 1064 983 μεθ’
1123 912 1299 986 ὁρμῆς
1355 912 1532 985 βιαίας
1590 908 1768 965 εἰσϐα-

121 998 254 1066 λεῖν,
329 1001 545 1074 τροπὴν
628 998 724 1054 τοῦ
791 1001 1071 1073 Βρυεννίου
1138 1001 1418 1076 εἶ’ργάσατο
1492 1001 1770 1074 καρτεράν.

119 1086 297 1144 Ἑάλω
381 1088 476 1160 μὶν
538 1086 632 1142 οὖν
691 1089 718 1142 6
775 1089 1058 1163 Βρυὲννιος
1142 1094 1265 1160 ζῶν,
1320 1084 1506 1143 ἔπεσον
1571 1086 1628 1142 δὶ
1683 1087 1774 1142 καὶ

123 1176 309 1252 συχνοί
382 1181 490 1230 τῶν
553 1176 740 1248 αὐτοῦ,
794 1177 1039 1232 ἑάλωσαν
1108 1175 1164 1232 δὲ
1222 1179 1332 1253 οὐχ
1381 1179 1625 1246 ἥττονες,
1685 1176 1774 1230 καὶ

126 1265 336 1335 μᾶλλον
399 1266 450 1319 οἱ
497 1270 607 1319 τῶν
641 1265 830 1321 ἄλλων
890 1265 1242 1341 προέχοντες.
1277 1268 1337 1323 Ὁ
1395 1264 1452 1320 δὲ
1501 1267 1779 1341 Βρυὲννιος

123 1355 346 1431 ληφθεὶς
412 1358 510 1417 τῆς
555 1354 826 1424 τοσαύτης
881 1353 1148 1416 ἀπονοίας
1181 1357 1486 1428 πρόστιμον
1539 1356 1640 1422 τήν
1674 1357 1778 1408 τῶν

125 1441 423 1518 ὀρθαλμῶν
489 1443 771 1519 ὑφίσταται
827 1446 1102 1519 πήρωσιν,
1160 1443 1346 1499 πολλὰ
1410 1441 1780 1515 μετακλαυσά-

1882 661 2140 700 mnenus
2173 649 2368 699 autem
2404 645 2574 716 signo
2608 645 2746 700 dato
2781 645 2856 701 iis
2889 646 2987 718 qui
3023 646 3079 699 in
3116 645 3352 700 insidiis
3378 648 3546 699 erant

1876 740 1943 788 ut
1963 737 2337 806 erumpentes
2360 732 2416 787 in
2444 733 2641 790 hostes
2660 733 2910 789 violento
2933 735 3158 806 impetu
3180 733 3540 800 invaderent,

1880 827 2084 879 auctor
2114 823 2227 877 fuit
2258 829 2321 877 ut
2353 823 2680 894 Bryennius
2713 823 3137 893 proﬂigaretur.
3189 827 3404 893 Captus
3450 827 3540 877 est

1882 912 2066 983 igitur
2098 912 2420 982 Bryennius
2453 911 2638 979 vivus,
2675 909 2871 981 plures
2904 929 2972 966 ex
3020 912 3209 981 ipsius
3257 910 3540 966 militibus

1883 1002 2230 1062 occubuere.
2264 1006 2318 1056 et
2362 1001 2516 1055 haud
2572 1001 2874 1071 pauciores
2925 1002 3105 1072 capti,
3154 1005 3212 1056 et
3259 1000 3360 1072 qui
3408 999 3540 1054 aliis

1889 1090 2269 1162 praestabant.
2305 1089 2635 1162 Bryennius
2658 1094 2855 1144 autem
2880 1094 3088 1161 captus
3111 1095 3290 1145 tanta;
3311 1089 3546 1144 demen-

1888 1180 1980 1234 tias
2005 1197 2206 1251 pcenas
2229 1178 2825 1235 sustinuitoculorum
2850 1178 3256 1244 amissionem,
3290 1177 3542 1233 multum

1890 1285 2087 1324 secum
2129 1268 2336 1338 lugens
2370 1286 2434 1323 ac
2473 1285 2838 1336 conquerens
2873 1268 2945 1322 de
2984 1284 3090 1322 suo
3123 1268 3378 1339 pessimo
3407 1283 3545 1321 con-

1892 1357 2044 1412 silio.
2077 1360 2201 1423 Qua
2232 1358 2302 1411 de
2331 1373 2391 1410 re
2422 1357 2634 1411 certior
2659 1357 2846 1410 factus
2879 1355 3193 1426 imperator
3222 1356 3339 1411 Deo
3371 1360 3544 1426 atque

1893 1446 2021 1516 ejus
2053 1445 2221 1500 Matri
2255 1445 2572 1514 gratiarum
2609 1443 2866 1498 actiones
2899 1443 3196 1514 persolvit.

129 1552 282 1601 μενος
339 1538 440 1600 τῆς
501 1527 830 1596 δυσϐουλίας
889 1531 1193 1590 sanediva
1253 1530 1310 1587 δὲ
1370 1531 1623 1607 βασιλεὺς
1679 1533 1778 1600 τήν
1836 1531 2086 1608 ἀγγελίαν
2147 1529 2433 1604 δεξάμενος
2479 1536 2559 1603 τῷ
2615 1535 2730 1602 Θεῷ
2770 1529 2859 1584 καὶ
2910 1534 2979 1602 τῇ
3037 1529 3202 1584 αὐτοῦ
3237 1527 3405 1602 μητρὶ
3448 1527 3544 1590 τὰς

128 1621 473 1696 εόχαριστίας
505 1622 744 1686 ἀνέθετο.

192 1712 522 1782 Ἀναιρεῖται
581 1709 638 1766 δὲ
692 1712 784 1766 καὶ
826 1709 1120 1785 ὁάδελφὸς
1177 1711 1340 1766 αὐτοῦ
1399 1712 1450 1766 ἐν
1506 1711 1784 1784 Βυζαντίῳ

131 1802 268 1872 παρὰ
296 1805 409 1854 τῶν
451 1799 766 1876 Βαράγγων.
802 1804 915 1858 Teii
974 1802 1077 1877 γὰρ
1135 1801 1418 1878 Βρυεννίου
1476 1801 1783 1872 ἀποστατή-

131 1909 316 1950 σαντος
376 1891 467 1943 καὶ
521 1894 625 1944 τῶν
697 1889 850 1953 ἐκτὸς
921 1890 1222 1966 Βαράγγων
1283 1890 1782 1968 ὁμοφρονησάντων

132 1977 276 2049 αὐτῷ
331 1979 385 2032 οἱ
443 1977 495 2032 ἐν
547 1983 626 2050 τῷ
684 1976 940 2052 παλατίῳ
995 1977 1392 2056 Βάραγγοιὲνα
1419 1982 1540 2034 τινὰ
1583 1981 1784 2034 ὲαυτῶν

131 2066 514 2139 ἐπιλεξάμενοι
573 2068 710 2140 πρὸς
776 2066 904 2132 τοὺς
971 2069 1256 2141 ὁμοεθνεῖς
1330 2066 1788 2136 ἀποστέλλουσιν,

128 2156 402 2224 ἀξιοῦντες
428 2155 642 2233 ἀςρεῖναι
685 2157 780 2229 μὲν
808 2158 902 2212 τὸν
941 2157 1276 2228 ἀποστάτην,
1310 2165 1576 2236 φρονῆσαι
1627 2155 1685 2212 δὲ
1726 2159 1793 2212 τὰ

136 2243 433 2318 βασιλέως.
499 2247 762 2310 Γνωσθεὲς
836 2244 894 2302 δὲ
959 2247 1050 2302 καὶ
1106 2248 1394 2323 κρατηθεὶς
1451 2246 1684 2311 ἰτασθείς
1737 2268 1796 2302 τε

138 2331 394 2412 σροδρῶς
451 2341 623 2390 πᾶσαν
712 2335 1016 2409 ἀνεκάλυψε
1087 2341 1196 2398 τῶς
1277 2339 1618 2410 μηνυθέντων
1693 2339 1793 2407 τὴν

146 2421 418 2493 δήλωσιν,
452 2429 719 2499 στερεῖται
752 2422 809 2478 δὲ
865 2426 953 2479 καὶ
983 2432 1085 2495 τῆς
1115 2425 1284 2500 ῥινὸς,
1315 2426 1460 2500 παρά
1488 2430 1584 2480 τοῦ
1616 2427 1794 2482 Ἰωάν-

146 2533 232 2566 νου
261 2512 471 2582 ταύτην
520 2507 814 2582 λωϐηθείς.
847 2514 1002 2576 Ὀοεν
1047 2514 1137 2568 καὶ
1196 2516 1270 2588 μὴ
1329 2513 1516 2587 πράως
1574 2513 1797 2589 ἐνεγκὼν

146 2603 238 2668 τήν
301 2597 464 2675 ὕϐριν
513 2603 577 2670 ἣν
623 2602 880 2657 πέπονθεν
933 2605 960 2658 ὁ
1011 2599 1290 2678 Βάρϐαρος
1359 2604 1650 2680 ἀναιρεῖται
1709 2605 1800 2658 τὸν

151 2692 406 2759 Ἰωάννην
465 2689 675 2760 εξιόντα
727 2696 824 2746 τοῦ
876 2693 1167 2764 παλατίου,
1211 2693 1508 2768 μαχαίραις
1569 2692 1800 2756 ἐθνικαῖς

143 2779 454 2852 κατακόψας
525 2779 705 2836 αὐτόν.
761 2781 1153 2851 Ἐπανὲστησαν
1205 2779 1261 2836 δὲ
1310 2783 1399 2837 καὶ
1448 2787 1526 2853 τῷ
1587 2782 1802 2856 βασιλεῖ

143 2871 190 2921 οἱ
252 2869 559 2944 Βάραγγοι,
615 2869 706 2923 καὶ
779 2867 1209 2945 διαχειρίσασθαι
1285 2870 1448 2926 αὐτὸν
1519 2867 1794 2927 ἔσπευδον.

149 2956 618 3030 ’Λντιταξαμένων
686 2955 744 3013 δὲ
797 2958 1016 3022 τούτοις
1072 2965 1178 3014 τῶν
1241 2965 1339 3015 τοῦ
1399 2959 1666 3035 βασιλέως
1725 2960 1798 3022 εἷς

147 3045 381 3107 ἑκετείας
444 3046 766 3118 ὶτράποντο,
813 3049 901 3102 καὶ
948 3049 1040 3103 τὸν
1110 3046 1337 3124 βασιλέα
1385 3048 1803 3122 ὶξιλεωσάμενοι

145 3134 472 3210 συγγνώμης
504 3133 717 3211 ἔτυχον,

210 3225 272 3281 Ὀ
324 3221 388 3278 δὶ
439 3222 699 3299 βασιλεὺς
744 3231 843 3294 τῆς
890 3227 1139 3301 γυναικὸς
1188 3227 1354 3282 αὐτοῦ
1405 3225 1805 3298 τελευτησάσης

149 3321 239 3380 τῆς

145 3403 227 3455 καὶ
279 3400 482 3469 αὺτῆς,
530 3402 714 3473 ἒτέραν
756 3401 1009 3478 ἠγάγετο.
1057 3404 1266 3459 Πολλαὶ
1339 3405 1432 3476 μὲν
1493 3405 1594 3479 γὰρ
1654 3404 1800 3475 αὐτῷ

151 3489 549 3562 ἐμνηστεύοντο
586 3511 598 3523 ’
656 3495 775 3562 Ζωή
835 3513 895 3546 τε
951 3495 1056 3568 γὰρ
1111 3495 1147 3562 ἡ
1207 3498 1304 3548 τοῦ
1376 3492 1643 3567 βασιλέως
1700 3497 1799 3548 τοῦ

151 3581 322 3634 Δούκα
372 3580 643 3654 Θυγάτηρ,
692 3582 956 3653 παρθένος
1005 3579 1138 3636 οὖσα
1182 3583 1272 3636 καὶ
1314 3587 1394 3654 τῷ
1422 3580 1551 3637 εἷ’δει
1612 3581 1801 3656 εύπρε-

151 3674 277 3736 πῆς,
310 3665 470 3722 ά).λά
517 3669 608 3722 καὶ
655 3674 761 3724 τῶν
808 3669 1185 3746 συγκλητικῶν
1241 3671 1522 3747 θυγατίρες
1572 3671 1801 3740 πολλαὶ,

152 3758 291 3832 ὤραν
346 3756 580 3832 ἔχουσαι
621 3758 820 3833 γάμου⁶
859 3761 889 3814 ὁ
949 3757 1006 3814 δὲ
1047 3759 1171 3832 μίαν
1220 3760 1408 3834 ᾑρεῖτο
1455 3765 1562 3814 τῶν
1618 3758 1734 3828 δύο,

151 3849 240 3913 τήν
299 3849 406 3900 τοῦ
467 3846 643 3900 Δούκα
698 3846 928 3921 σύζυγον
1000 3848 1089 3903 καὶ
1157 3849 1306 3912 αὖθις
1373 3854 1471 3903 τοῦ
1527 3850 1808 3923 Διογένους

156 3933 446 4001 Εύδοκίαν,
479 3934 514 4002 ἢ
540 3937 636 3988 τοῦ
667 3931 900 4010 ἴναγχος
937 3935 1319 4010 βασιλεύοντος
1345 3937 1577 4013 Μιχαὴλ
1603 3938 1806 4014 Μαρίαν

151 4027 242 4092 τήν
277 4023 334 4093 ἐξ
366 4023 645 4080 Ἀλανῶν,
664 4023 891 4080 Στέλλει
912 4029 1042 4099 γοῦν
1067 4024 1382 4100 ληψόμενος
1400 4029 1498 4096 τήν
1525 4025 1806 4082 Εύδοκίανο

153 4115 182 4178 ἡ
216 4109 276 4166 δὲ
307 4110 611 4180 ἠκολούθει
662 4119 998 4189 περιχαρῶς.
1035 4118 1208 4189 ’Ὀπερ
1264 4115 1425 4190 γνοὺς
1459 4117 1486 4170 6
1515 4121 1812 4186 τηνικαῦτα

155 4200 231 4254 ἐπ’
287 4201 463 4276 ἀρετῇ
524 4196 954 4274 διαϐεϐοημένος
1015 4204 1284 4278 μοναχὸς,
1323 4205 1382 4259 ’ὸν
1426 4201 1492 4273 δὴ
1537 4205 1628 4259 καὶ
1676 4226 1809 4259 παν-

157 4289 303 4364 άγιον
335 4291 452 4361 (48)
486 4288 600 4343 ἀντ’
627 4289 804 4345 ἄλλου
835 4291 1032 4352 παντὸς
1062 4290 1288 4348 ἐκάλουν
1337 4293 1620 4365 ὀνόματος,
1651 4294 1811 4348 παντὶ

157 4379 348 4453 τρόπῳ
399 4375 726 4434 διακωλύειν
790 4378 1087 4435 ἐσπούδασε
1135 4383 1198 4436 τὸ
1255 4381 1534 4455 ἀτόπημα,
1586 4381 1810 4438 πολλῶν

164 4468 491 4538 ὑπομνήσας
523 4465 688 4536 αὐτὴν
721 4469 826 4522 τῶν
881 4465 1188 4543 δυναμένων
1241 4469 1485 4526 κωλῦσαι
1532 4479 1630 4542 τῆς
1678 4492 1812 4544 προ-

164 4557 386 4626 θυμίας.
461 4558 678 4630 Ἀγεται
751 4557 936 4612 τοίνυν
1011 4560 1110 4627 τήν
1184 4559 1394 4633 Μαρίαν
1473 4561 1815 4637 ἀπηρυθρια-

1964 1713 2261 1769 Occiditur
2289 1713 2462 1767 etiam
2498 1713 2675 1767 frater
2705 1713 2892 1786 ipsius
2943 1711 3202 1785 Byzantii
3253 1727 3286 1765 a
3335 1715 3547 1765 Baran~

1893 1803 1984 1876 gis
2019 1821 2033 1859 :
2069 1819 2200 1858 nam
2235 1818 2366 1858 cum
2401 1802 2725 1874 Bryennius
2757 1802 3062 1859 defecisset
3089 1804 3145 1856 et
3175 1815 3307 1855 cum
3337 1813 3403 1854 eo
3435 1803 3542 1853 Ba-

1896 1893 2059 1963 rangi
2095 1893 2196 1963 qui
2246 1896 2408 1946 extra
2455 1898 2620 1947 erant
2667 1892 3132 1962 conspirassent,
3181 1887 3429 1958 Barangi
3481 1888 3541 1942 in

1897 1981 2112 2052 palatio
2143 1980 2434 2036 delectum
2467 1997 2650 2036 unum
2683 1998 2750 2036 ex
2801 1980 2926 2036 suis
2979 1979 3049 2035 ad
3105 1995 3244 2034 suos
3294 1974 3543 2048 gentiles

1902 2071 2168 2137 mittunt,
2204 2075 2466 2141 petentes
2501 2075 2563 2124 ut
2595 2070 2795 2125 relicto
2837 2067 3122 2140 perduelli
3172 2067 3241 2121 ad
3293 2067 3548 2137 impera-

1901 2164 2084 2216 torem
2121 2159 2460 2214 accederent
2511 2159 2618 2214 Sed
2654 2158 2922 2231 cognitus
2952 2162 3007 2213 et
3039 2157 3310 2211 detentus
3360 2152 3550 2226 gravi-

1903 2254 2109 2321 terque
2135 2248 2506 2304 examinatus
2539 2247 2738 2304 omnia
2787 2265 2912 2319 quaa
2960 2247 3074 2302 sibi
3123 2245 3386 2300 indicata
3435 2243 3552 2297 fue-

1905 2345 2040 2394 rant
2069 2339 2316 2410 aperuit.
2348 2337 2451 2394 Cui
2496 2337 2754 2393 Joannes
2801 2338 2872 2392 ob
2922 2337 3031 2390 hoc
3073 2335 3332 2390 oil‘ensus
3381 2345 3554 2387 nares

1910 2432 2198 2499 amputat.
2249 2428 2438 2492 Quare
2487 2426 2643 2482 haud
2694 2442 2858 2496 aequo
2903 2425 3100 2480 animo
3131 2420 3552 2479 contumeliam

1907 2517 2060 2572 hanc
2092 2517 2282 2571 ferens
2314 2515 2605 2570 Barbarus
2657 2515 2943 2570 Joannem
2993 2529 3023 2568 e
3078 2511 3292 2585 palatio
3339 2527 3553 2566 exeun-

1908 2611 2024 2662 tem
2075 2605 2309 2671 occidit,
2375 2604 2523 2660 738
2578 2603 2783 2675 gentili
2841 2602 3035 2674 gladio
3092 2602 3289 2672 ipsum
3353 2615 3552 2670 percu-

1906 2696 2078 2750 tiens.
2114 2695 2175 2750 In
2211 2695 2619 2764 imperatorem
2657 2709 2892 2763 quoque
2945 2691 3194 2760 Barangi
3247 2688 3552 2744 insurexe-

1910 2795 2068 2853 runt,
2100 2800 2354 2856 eumque
2387 2785 2648 2839 occidere
2676 2783 3009 2838 studebant.
3042 2781 3256 2836 Verum
3305 2796 3438 2835 cum
3473 2783 3554 2842 {'80

1909 2874 2026 2930 illis
2075 2873 2488 2945 opposuissent
2540 2871 2910 2944 imperatoris
2963 2869 3201 2937 milites,
3250 2870 3322 2923 ad
3356 2883 3557 2941 preces

1911 2963 2176 3020 conversi
2234 2962 2462 3034 placato
2535 2961 2884 3033 imperatore
2954 2959 3184 3015 veniam
3251 2955 3551 3013 consecuti

1911 3060 2072 3110 sunt.

1985 3232 2306 3302 Imperator
2332 3232 2551 3298 autem,
2601 3229 2720 3284 vita
2768 3228 2969 3283 functa
3013 3227 3141 3297 ejus
3192 3241 3369 3280 uxore
3425 3223 3561 3278 Ber-

329 3310 614 3385 Βερδηνῆς
687 3316 799 3386 ἅμα
871 3319 939 3388 τῇ
999 3315 1289 3392 ἀναῤῥήσει
1350 3317 1797 3391 ἀναγορευθείσης

1912 3323 2085 3385 dena,
2139 3337 2264 3391 quas
2321 3336 2438 3373 una
2468 3334 2601 3373 cum
2632 3316 2762 3388 ipso
2794 3317 2988 3386 regina
3024 3313 3318 3370 declarata
3351 3313 3558 3380 fuerat,

1907 3410 2084 3465 aliam
2118 3408 2317 3463 duxit:
2347 3407 2543 3462 multas
2573 3406 2728 3461 enim
2763 3406 2874 3478 ipsi
2908 3404 3560 3476 despondebantur,Zoe

1908 3497 2280 3570 imperatoris
2314 3501 2482 3551 Ducas
2514 3494 2654 3564 filia,
2682 3495 2842 3566 virgo
2885 3501 2942 3548 et
2988 3495 3175 3548 forma
3223 3494 3456 3560 decora,
3506 3496 3564 3547 et

1911 3595 2249 3643 senatorum
2283 3584 2413 3639 filiae
2444 3583 2641 3639 multa;
2673 3589 2839 3638 astate
2860 3583 2985 3653 jam
3024 3580 3273 3636 nubiles.
3305 3581 3411 3635 Sed
3464 3578 3562 3635 ille

1915 3692 2093 3732 unam
2125 3691 2154 3729 θ
2187 3675 2416 3729 duabus
2448 3673 2704 3744 petebat,
2738 3670 2825 3726 vel
2859 3686 3098 3725 uxorem
3133 3669 3300 3723 ducis
3331 3685 3397 3722 ac
3430 3685 3559 3723 rur-

1917 3782 2020 3821 sus
2047 3762 2320 3834 Diogenis
2353 3761 2694 3828 Eudociam,
2727 3760 2815 3815 vel
2848 3757 3174 3822 Michaelis,
3225 3756 3323 3826 qui
3373 3772 3565 3827 nuper

1919 3858 2278 3925 regnaverat,
2331 3851 2571 3906 Mariam
2621 3865 2688 3904 ex
2738 3848 2955 3902 Alanis.
3007 3847 3180 3900 Mittit
3232 3845 3415 3917 igitur
3464 3843 3566 3917 qui

1919 3943 2032 3998 sibi
2056 3937 2754 4002 adducerentEudociam,
2805 3954 2936 4008 quae
2987 3951 3118 3990 cum
3173 3950 3417 3988 summa
3470 3949 3566 3986 vo-

1917 4033 2143 4104 luptate
2185 4030 2564 4100 sequebatur.
2617 4030 2738 4092 Quo
2787 4025 3021 4098 cognito
3071 4023 3414 4092 monachus,
3465 4022 3564 4092 qui

1919 4127 2060 4176 tunc
2114 4136 2355 4175 summa
2404 4134 2537 4172 cum
2585 4117 2797 4170 virtute
2843 4115 3085 4179 vixerat,
3119 4127 3415 4184 quemque
3465 4126 3568 4181 pro

1921 4211 2034 4266 alio
2067 4208 2272 4281 quovis
2303 4207 2540 4262 nomine
2573 4204 3014 4261 sanctissimum
3063 4198 3568 4263 vocabant,omni-

1918 4301 2033 4356 bus
2066 4298 2256 4354 modis
2287 4297 2510 4352 studuit
2561 4294 2846 4367 impedire
2895 4293 3216 4348 absurdum
3269 4291 3374 4344 hoc
3427 4288 3568 4343 faci-

1923 4408 2059 4455 nus,
2113 4387 2300 4443 multa
2348 4391 2404 4442 et
2451 4385 2509 4440 in
2543 4384 2888 4440 memoriam
2922 4381 3191 4452 redigens
3223 4395 3351 4450 qua:
3381 4377 3569 4448 ipsam

1925 4479 1996 4533 ab
2031 4478 2140 4532 hac
2171 4477 2492 4548 cupiditate
2525 4474 2840 4545 reprimere
2873 4474 3130 4543 possent.
3177 4467 3347 4524 Ducit
3394 4467 3574 4538 igitur

1923 4567 2187 4632 Mariam,
2240 4565 2395 4620 omni
2449 4564 2670 4636 pudore
2703 4566 2945 4628 remoto,
2979 4559 3317 4630 imperator,
3349 4562 3405 4612 et
3435 4571 3567 4610 cum

165 4645 376 4716 σμὶνως
424 4645 453 4700 6
507 4643 782 4719 βασιλεὺς,
813 4647 904 4702 καὶ
949 4646 1309 4724 ἱερολογεῖται
1349 4649 1507 4723 αὐτῇ,
1552 4651 1641 4705 καὶ
1685 4672 1792 4724 παρ

1925 4656 2053 4726 ipsa
2112 4653 2421 4725 sacrilegio
2475 4650 2877 4722 conjungitur,
2928 4648 3243 4718 statimque
3293 4645 3569 4701 sacerdos

169 4737 358 4791 ιυτίκα
404 4737 736 4806 καθαιρεῖται
788 4738 817 4792 6
862 4737 1036 4813 ἱερεὺς
1081 4740 1154 4800 ὡς
1204 4746 1510 4817 προφανοῦς
1567 4742 1818 4818 μοιχείας

167 4823 579 4896 τετελεσμὲνης.
611 4826 674 4881 Ὀ
727 4822 787 4879 δὲ
834 4825 1070 4902 Μιχαὴλ
1129 4829 1228 4897 τήν
1282 4828 1447 4904 τρίχα
1494 4833 1815 4906 κειράμενος

167 4915 338 4990 ’ξήῳψ
368 4915 466 4966 τοῦ
515 4913 858 4988 πατριάρχου
906 4915 996 4968 καὶ
1054 4919 1161 4970 τῶν
1214 4917 1640 4992 μητροπολιτῶν
1694 4939 1816 4994 χει-

167 5005 468 5073 ροτονεῖται
521 5001 749 5075 Ἐφέσου
795 5001 1106 5077 ἀρχιερεύς.
1159 5006 1334 5077 ’Ἅπαε
1409 5007 1591 5081 μέντοι
1651 5009 1816 5080 μόνον

165 5090 216 5144 ἐν
268 5089 450 5164 ἆκείνῃ
501 5088 775 5166 ἑφοίτησε,
827 5092 917 5145 καὶ
968 5093 1311 5170 ὑποστρέψας
1367 5092 1573 5168 ἔμεινεν
1642 5097 1694 5152 ἐν
1748 5102 1816 5172 τῇ

161 5182 259 5233 τοῦ
287 5176 553 5246 Μανσυήλ
607 5183 778 5253 μονῇ,
808 5181 996 5255 χερσὶν
1048 5179 1211 5245 ἰδίαις
1260 5182 1641 5259 ἐργαζόμενος.
1679 5188 1818 5242 Ἐτι-

169 5270 320 5339 μήοη
385 5265 442 5322 δὶ
501 5265 866 5345 διαφερόντως
924 5269 1028 5325 ὑπὸ
1055 5275 1153 5326 τοῦ
1187 5274 1322 5345 μετὰ
1349 5279 1516 5329 ταῦτα
1572 5275 1821 5350 βασιλεύ-

165 5377 358 5418 σαντος
392 5355 640 5430 ’Δλεξίου
683 5361 782 5412 τοῦ
831 5364 1142 5432 Κομνηνοῦ,
1194 5364 1276 5436 [Ρ.
1328 5365 1456 5437 865]
1505 5364 1587 5442 ἐφ’
1631 5365 1692 5420 οὗ
1751 5362 1818 5434 δὴ

1926 4745 2232 4800 abdicatur
2265 4747 2329 4797 ut
2357 4752 2554 4811 aperto
2598 4738 2918 4796 commisso
2965 4735 3276 4792 adulterio.
3329 4731 3577 4789 Michael

1925 4839 2118 4890 autem
2147 4831 2409 4888 detonsis
2439 4829 2665 4899 capiliis
2697 4826 2988 4882 sententia
3023 4823 3361 4897 patriarchae
3383 4826 3440 4876 et
3463 4836 3580 4874 me-

1928 4921 2335 4994 tropolitarum
2356 4918 2564 4990 Ephesi
2589 4916 3066 4984 archiepiscopus
3085 4907 3581 4983 deligitur.Semel

1925 5016 2121 5066 tamen
2155 5010 2223 5065 ad
2275 5009 2465 5080 ipsam
2525 5006 2724 5060 urbem
2778 5003 3046 5067 accessit,
3097 5005 3154 5056 et
3202 5013 3470 5054 reversus
3521 4995 3579 5050 in

1926 5100 2214 5155 Manuelis
2265 5096 2684 5152 monasterium
2736 5093 2814 5147 ibi
2869 5090 3106 5156 mansit,
3139 5089 3265 5144 suis
3299 5086 3576 5142 manibus

1929 5190 2258 5246 elaborans.
2291 5187 2532 5257 Egregie
2566 5200 2698 5238 vero
2729 5182 2925 5237 cultus
2956 5184 3048 5235 est
3076 5178 3149 5233 ab
3179 5176 3378 5232 Alexio
3428 5174 3579 5229 789

1929 5283 2248 5342 Comneno,
2298 5275 2399 5348 qui
2452 5271 2824 5345 postmodum
2878 5267 3215 5340 imperavit,
3260 5264 3371 5318 sub
3403 5263 3577 5332 cujus

1932 5368 2110 5425 etiam
2144 5365 2388 5438 imperio
2419 5363 2571 5420 diem
2604 5377 2778 5416 suum
2810 5357 3150 5426 obiit,suam
3184 5367 3425 5409 uxorem
3457 5349 3581 5405 Ma-

1478 5539 1722 5597 JACOBI
1760 5541 1981 5597 GOARI
2021 5539 2256 5595 NOTAE.

242 5683 352 5755 (48)
385 5679 623 5755 Ἀγίους,
662 5681 944 5755 utgLatini
972 5683 1204 5753 fratres,
1237 5699 1299 5738 se
1331 5686 1535 5738 mutuo
1564 5682 1822 5755 vocitant

169 5753 349 5813 Graeci
383 5753 659 5811 monachi
697 5772 708 5810 :
743 5753 900 5810 hunc
930 5753 1126 5826 itaque
1155 5770 1257 5811 ceu
1290 5755 1582 5828 praecipua
1612 5754 1823 5811 sancti-

1931 5685 2049 5736 tate
2081 5679 2399 5751 fulgentem
2431 5672 2689 5748 πανάγιον
2735 5669 3187 5744 compellabant.
3246 5666 3378 5723 Haec
3427 5659 3584 5735 apud

1933 5750 2430 5811 Graecosbonoris
2461 5751 2742 5803 monstra.
