4060 6344
471 383 585 444 471

1785 378 2114 443 JOANNIS
2158 376 2557 438 SCYLI'I‘ZALI

3759 360 3886 419 472

464 519 638 585 riam,
701 520 837 590 post
896 515 1209 572 Botaniatae
1268 515 1701 572 abdicationem
1765 512 2113 569 monacham

2251 509 2314 562 ιαὶ
2377 506 2672 581 ἐκοιμήθη,
2729 505 2828 573 τὴν
2883 502 3074 560 ἑαυτοῦ
3147 498 3375 575 σύζυγον
3455 494 3666 570 Μαρίαν
3749 491 3890 590 μετὰ

464 607 701 672 factam,
734 607 1135 663 veniaeorum
1168 623 1295 678 quae
1326 606 1385 661 in
1419 623 1482 662 se
1512 606 1832 661 admiserat
1886 605 1946 658 in
1986 604 2116 675 ipsa

478 700 661 755 morte
693 696 987 768 dignatus.

544 1003 906 1074 Nicephorus
966 1006 1164 1057 autem
1226 1000 1551 1057 Basilacius
1608 1000 1836 1071 primus
1887 1011 2123 1068 praeses,

478 1108 610 1147 cum
646 1090 1027 1161 Dyrrachium
1064 1091 1443 1162 pervenisset,
1474 1089 1789 1144 exercitum
1832 1103 1901 1141 ex
1932 1084 2126 1141 omni-

475 1182 586 1237 bus
644 1181 762 1236 illis
792 1180 937 1236 locis
969 1180 1181 1251 coegit.
1225 1178 1540 1234 Accersivit
1566 1178 1739 1233 etiam
1777 1181 2026 1230 Francos
2059 1189 2129 1227 ex

475 1270 650 1326 Italia
684 1287 785 1342 per
814 1270 1155 1341 episcopum
1180 1267 1431 1322 Diabolze
1453 1265 1841 1321 Theodosium
1876 1262 2131 1318 muneri-

479 1359 591 1414 bus
654 1376 720 1414 ac
779 1358 951 1413 donis
1009 1358 1289 1413 adversus
1350 1354 1705 1425 Bryennium
1764 1352 2125 1409 conciliatos.

479 1448 687 1504 Coacto
720 1452 917 1503 autem
950 1448 1158 1502 idoneo
1189 1445 1444 1501 exercitu
1476 1461 1545 1500 ex
1577 1443 1811 1499 Francis
1841 1448 1899 1498 et
1922 1441 2130 1512 Bulga-

484 1539 565 1593 ris
616 1538 1011 1607 Romanisque
1060 1544 1115 1590 et
1156 1534 1477 1601 Arbanitis,
1530 1534 1825 1604 profectus
1873 1531 2010 1585 inde
2058 1529 2130 1583 ad

486 1626 968 1683 Thessalonicam
1000 1624 1420 1691 contendebat;
1474 1638 1726 1692 cumque
1774 1619 2137 1692 pervenisset

486 1715 794 1785 Achridas,
844 1714 1117 1786 cupiebat
1174 1712 1254 1768 ibi
1315 1711 1621 1780 declarari,
1666 1711 1768 1766 sed
1829 1707 2136 1780 diligentia

489 1821 555 1860 ac
604 1806 801 1860 studio
853 1803 1011 1857 illius
1043 1802 1143 1873 qui
1177 1802 1256 1856 ibi
1280 1800 1756 1871 archiepiscopus
1784 1804 1908 1854 erat
1940 1795 2136 1869 prohi-

2223 598 2322 665 τήν
2354 602 2450 651 τοῦ
2508 596 2867 654 Βοτανειάτου
2922 592 3229 662 καθαίρεσιν
3287 586 3537 661 μοναχὴν
3584 583 3889 659 γενομένην

2229 685 2562 760 συμπαθείας
2608 689 2715 740 τῶν
2775 683 2852 745 εἴς
2904 681 3073 751 αὐτὴν
3123 676 3489 750 ἐπταισμὲνων
3543 671 3778 743 ἀξιώσας
3839 668 3892 724 ἰν

2229 779 2299 850 τῇ
2328 774 2579 849 τελευτῇ.

2306 992 2366 1047 Ὀ
2414 988 2470 1045 δὶ
2512 984 2974 1063 πρωτοπρόεδρος
3022 982 3333 1062 Νικηφόρος
3377 980 3405 1035 ’ὲ
3446 975 3776 1036 Βασιλάκιος
3833 972 3899 1027 τὸ

2236 1080 2544 1157 Δυρῥάχιον
2602 1073 2927 1133 καταλαϐὼν
2990 1073 3213 1147 στρατὸν
3280 1069 3533 1140 ἤθροιζεν
3595 1065 3654 1119 ἐκ
3704 1065 3897 1116 πασῶν

2236 1154 2356 1224 τῶν.
2405 1169 2574 1223 ἐκεῖσε
2630 1170 2856 1242 χωρῶν,
2902 1164 3285 1237 μετεπέμψατο
3345 1156 3401 1212 δὲ
3456 1160 3547 1211 καὶ
3605 1154 3899 1228 Φράγγους

2239 1259 2288 1331 ἐξ
2344 1257 2574 1318 Ἰταλίας
2634 1255 2723 1310 διὰ
2778 1259 2875 1309 τοῦ
2934 1251 3231 1308 ἐπισκύπου
3310 1242 3624 1304 Διαϐολέως
3695 1238 3900 1297 Θεοδο-

2240 1348 2380 1416 σίου,
2413 1345 2732 1426 φιλοτίμοις
2784 1349 2901 1406 ταῖς
2957 1341 3206 1413 ἀξιώσεσι
3259 1337 3395 1392 κατὰ
3449 1339 3545 1390 τοῦ
3598 1329 3897 1405 Βρυεννίου

2241 1416 2720 1509 συσκευαζόμενος.
2771 1430 3144 1507 Συναγηοχὼς
3190 1426 3246 1482 δὲ
3299 1422 3548 1500 στρατιὰν
3603 1416 3895 1493 ἀξιόλογον

2243 1527 2302 1582 ἒκ
2355 1548 2413 1582 τε
2469 1527 2737 1601 Φράγγων
2816 1522 2905 1577 καὶ
2980 1520 3303 1593 Βουλγάρων
3359 1510 3644 1585 Ῥωμαίων
3695 1529 3758 1562 τε
3804 1506 3899 1561 καὶ

2242 1594 2768 1692 Ἀρϐανιτὼνίόίρας
2827 1611 3024 1666 ἐκεῖθεν
3081 1608 3216 1683 πρὸς
3276 1600 3672 1668 Θεσσαλονίκην
3729 1594 3899 1665 ἠπεί-

2244 1685 2391 1782 γετο.
2426 1685 2747 1782 Ἀφιγμένος
2780 1699 2836 1756 δὲ
2858 1700 2933 1763 εἰς
2965 1694 3227 1774 Ἀχρίδας
3256 1689 3529 1782 ἠϐούλετο
3572 1687 3666 1761 μὶν
3727 1685 3903 1782 ἐκεῖσε

2247 1774 2693 1871 ἆναγορευΙθήίναι,
2751 1787 2961 1862 σπουδῇ
3021 1786 3078 1842 δὲ
3132 1789 3230 1840 τοῦ
3278 1783 3448 1838 ἑκεῖκι
3472 1774 3903 1871 ᾇρχιερατεύον-

486 1894 645 1949 bitus
679 1894 807 1948 fuit.
842 1862 1272 1947 Thessalonicae
1301 1862 1497 1945 auteni
1544 1862 1757 1944 certior
1806 1862 1991 1942 factus
2040 1890 2133 1941 est

2251 1862 2657 1951 τοςέέιωλύθη.
2707 1884 2794 1937 Ἐν
2846 1877 2903 1934 δὲ
2951 1873 3325 1947 Θεσσαλονίκῃ
3382 1869 3674 1944 γενόμενος
3736 1862 3909 1954 ἐπληξ

485 1984 556 2039 de
605 1983 919 2038 Botaniatac
970 1980 1383 2047 declarations,
1435 1984 1491 2034 et
1537 1978 1760 2033 litteras
1791 1977 2029 2049 quidem
2061 1976 2133 2031 ad

487 2074 683 2146 ipsum
716 2072 900 2139 misit,
935 2070 1151 2141 quibus
1182 2086 1242 2124 se
1292 2070 1343 2124 ei
1394 2068 1721 2137 subjectum
1772 2066 2130 2123 declarabat.

485 2163 701 2219 Verum
735 2161 886 2216 clam
920 2167 1121 2214 contra
1152 2175 1287 2213 eum
1320 2158 1515 2213 nescio
1566 2157 1706 2228 quid
1757 2156 2129 2223 moliebatur,

485 2253 752 2320 adjutore
772 2249 882 2304 sibi
919 2250 989 2302 ad
1014 2249 1125 2303 hoc
1146 2248 1328 2302 ascito
1364 2248 1619 2318 quodam
1647 2247 1884 2301 nomine
1913 2245 2137 2317 Gymno

485 2345 542 2396 et
571 2339 845 2411 Gregorio
878 2338 1195 2392 Mesemero
1242 2341 1298 2391 et
1344 2333 1991 2405 Tessaracontapecby;
2044 2349 2134 2387 ac-

487 2428 723 2484 cersivit
753 2428 890 2481 item
925 2424 1033 2480 sibi
1057 2424 1397 2480 Patzinacal
1428 2424 1485 2478 in
1518 2423 2142 2492 societatem.lmpera-

490 2523 583 2572 tor
604 2533 738 2571 vero
772 2516 869 2570 ubi
902 2516 1029 2585 ejus
1060 2513 1372 2570 consilium
1406 2513 1677 2584 cognovit
1701 2520 1758 2567 et
1779 2511 2139 2583 institutum,

493 2609 712 2680 scripto
744 2623 923 2663 aureo
957 2606 1417 2677 diplomate,quo
1446 2606 1642 2674 ipsum
1667 2607 1737 2659 ab
1772 2604 1879 2659 hoc
1910 2604 2140 2673 incepto

494 2701 802 2765 averteret,
837 2696 1153 2767 quemdam
1188 2712 1257 2749 ex
1288 2694 1677 2749 familiaribus
1709 2694 1778 2748 ad
1809 2694 2006 2764 ipsum
2032 2691 2141 2745 mi-

496 2791 593 2858 sit,
627 2790 727 2861 qui
760 2786 921 2843 omni
946 2804 1081 2841 eum
1115 2791 1273 2841 metu
1307 2785 1564 2840 liberans
1596 2783 1950 2839 nobilissimi
1997 2798 2141 2851 quo-

498 2896 612 2951 que
643 2878 988 2950 dignitatem
1018 2875 1411 2947 polliceretur.
1463 2873 1562 2929 Ille
1612 2879 1807 2928 autem
1862 2872 2143 2927 beneﬁcia

495 2987 622 3041 quae
653 2968 764 3023 sibi
800 2968 857 3021 in
893 2970 1163 3039 prompto
1191 2970 1356 3019 erant
1387 2968 1762 3034 aspernatus,
1795 2968 1997 3034 postea
2042 2965 2141 3018 de-

491 3058 651 3115 ﬂevit
682 3058 1006 3112 incassum.
1042 3059 1107 3108 Et
1138 3055 1418 3109 adversus
1449 3053 1637 3123 ipsum
1675 3052 1925 3106 mittitur
1975 3052 2140 3106 nobi-

491 3146 761 3203 lissimus
790 3144 1048 3212 Alexius,
1081 3160 1147 3198 eo
1178 3142 1398 3197 honore
1432 3142 1583 3196 740
1614 3141 1853 3196 affectus
1885 3145 1950 3195 ut
1989 3144 2144 3196 esset

494 3240 816 3309 Augustus,
849 3251 981 3289 cum
1014 3234 1223 3287 idoneo
1254 3232 1527 3287 exercitu.
1563 3236 1701 3286 Cum
1736 3231 1919 3301 igitur
1947 3230 2142 3301 praesi-
2172 3261 2213 3328 ρ

494 3329 657 3383 dium
710 3325 977 3380 Basilacii
1026 3341 1156 3379 esse
1206 3323 1545 3379 Peritheorii
1599 3323 1997 3394 comperisset,
2048 3323 2142 3378 cui

498 3414 807 3488 praefectus
836 3418 961 3468 erat
988 3414 1272 3481 Gymnus,
1308 3411 1505 3483 praelio
1536 3412 1593 3465 id
1624 3411 1737 3483 ipsi
1770 3411 2140 3481 eripuit,tra-

496 3505 827 3575 jiciensque
859 3502 1175 3557 exercitum
1207 3500 1687 3557 Thessalonicam
1722 3500 1987 3555 omnium
2023 3517 2144 3556 ma-

500 3595 694 3650 lorum
726 3608 930 3663 expers
958 3590 1037 3645 ibi
1073 3608 1134 3645 se
1166 3591 1404 3661 recepit,
1436 3595 1493 3645 et
1542 3608 1609 3645 ex
1656 3591 1910 3661 quodam
1960 3589 2145 3645 inter-

500 3682 653 3738 vallo
680 3686 1014 3738 constructo
1046 3679 1198 3736 vallo
1228 3684 1392 3735 trans
1424 3680 1664 3734 ﬂuvium
1715 3679 1951 3733 nomine
2001 3678 2142 3734 Bar-

498 3771 729 3827 darium
764 3769 843 3825 ibi
877 3768 1193 3823 exercitum
1229 3772 1285 3822 et
1314 3772 1506 3822 castra
1549 3766 1741 3823 locare
1791 3767 2144 3831 decreverat.

493 3861 601 3916 Sed
677 3857 1000 3914 Basilacius
1052 3856 1354 3911 victoriam
1408 3856 1717 3926 praeripere
1768 3854 2146 3925 contendens,

490 3949 765 4023 cogitavit
799 3953 968 4003 noctu
1004 3964 1106 4019 per
1138 3946 1383 4001 insidias
1417 3947 1473 4000 in
1527 3946 1719 4015 ipsum
1769 3945 2041 4000 invadere
2091 3949 2149 4001 et

488 4041 542 4095 vi
576 4044 813 4110 captum
847 4053 981 4091 cum
1014 4035 1171 4091 omni
1207 4035 1469 4090 exercitu
1512 4035 1751 4102 perdere
1798 4039 1972 4103 atque
2021 4050 2146 4089 om-

494 4128 632 4184 nino
683 4126 897 4182 delere.
955 4129 1170 4179 Verum
1223 4140 1355 4177 cum
1394 4122 1638 4178 insidias
1666 4122 1961 4177 Gemistus
1992 4122 2143 4176 indi-

495 4220 687 4273 casset
714 4217 1106 4285 Augusto,eas
1138 4212 1372 4267 evitavit
1401 4216 1527 4265 tum
1566 4212 1690 4282 ipse
1722 4215 1844 4265 tum
1880 4211 1981 4280 qui
2009 4226 2144 4266 cum

496 4322 562 4361 eo
594 4303 1089 4359 erant.Profectus
1120 4300 1302 4371 igitur
1331 4299 1652 4355 Basilacius
1686 4315 1786 4369 per
1808 4304 1989 4353 totam
2015 4316 2146 4354 noc-

495 4400 613 4451 tem
646 4391 1002 4465 improvisus
1032 4395 1089 4445 et
1122 4389 1477 4458 incognitus,
1512 4393 1798 4457 quantum
1832 4387 1943 4441 sibi
1991 4388 2147 4442 vide-

499 4484 690 4551 batur,
725 4483 785 4536 in
817 4479 1054 4536 difficile
1086 4477 1350 4550 praelium
1403 4476 1625 4531 incidit.
1673 4478 1858 4548 Igitur
1905 4477 2144 4533 omnino

493 4574 706 4639 victus,
738 4576 795 4626 et
826 4569 1095 4640 pluribus
1122 4584 1191 4623 ex
1222 4567 1348 4623 suis
1396 4566 1654 4633 amissis,
1707 4566 2031 4634 praesertim
2075 4583 2143 4621 ex

492 4662 752 4725 Francis,
783 4639 841 4715 et
888 4674 1021 4713 cum
1071 4656 1394 4713 domestico
1448 4654 1739 4727 praeliatus
1789 4660 1845 4709 et
1894 4655 1964 4709 ab
2017 4654 2143 4725 ipso
2175 4639 2222 4704 Β

490 4750 817 4807 debellatus
848 4749 904 4802 in
939 4746 1365 4802 Thessalonicae
1398 4762 1587 4799 arcem
1623 4743 1906 4815 confugit,
1939 4745 2141 4798 existi-

491 4856 660 4896 mans
688 4837 798 4894 loci
832 4835 1158 4891 munitione
1190 4851 1252 4889 se
1287 4833 1719 4906 prohibiturum
1755 4832 1997 4904 Augusti
2030 4831 2144 4888 im-

493 4935 717 5000 petum.
749 4930 1043 4998 Augustus
1076 4930 1271 4979 autem
1307 4922 1452 4978 nihil
1503 4939 1715 4977 curans
1763 4922 2144 4992 expugnatio-

494 5035 627 5073 nem
657 5016 878 5088 oppidi,
915 5030 1054 5069 suos
1085 5014 1354 5068 hortatus
1404 5016 1493 5067 est
1544 5016 1607 5066 ut
1654 5027 1828 5082 quam
1886 5011 2143 5081 primum

496 5108 785 5178 impetum
819 5105 1100 5158 facerent.
1135 5103 1239 5168 Qui
1295 5102 1495 5157 crebro
1546 5107 1601 5155 et
1650 5100 1871 5154 et'ticaci
1921 5099 2146 5169 impetu

500 5198 651 5251 facto
681 5192 1309 5249 Thessalonicensibus
1341 5191 1450 5245 sibi
1487 5189 1993 5244 consentientibus
2027 5192 2147 5242 sta-

498 5286 602 5340 tim
636 5287 837 5340 hostes
867 5285 1223 5352 superarunt
1257 5299 1271 5348 ;
1305 5284 1361 5335 et
1391 5282 1695 5350 Augustus
1745 5293 1875 5332 arce
1926 5276 2149 5348 potitus

492 5380 603 5430 est.
637 5374 881 5444 Capitur
928 5375 1122 5425 autem
1176 5371 1300 5440 ipse
1351 5369 1695 5433 Basilacius,
1750 5371 1807 5421 et
1858 5366 1913 5420 in
1969 5366 2151 5420 ferrea

494 5462 730 5518 vincula
753 5462 1054 5530 conjectus
1078 5458 1587 5529 adimperatorem
1612 5458 1844 5510 vinctus
1870 5454 2148 5509 mittitur.

494 5551 681 5619 Hujus
698 5551 772 5605 rei
792 5548 998 5604 nuntio
1014 5549 1081 5603 ad
1102 5548 1513 5619 imperatorem
1533 5543 2150 5616 perlato.ipsiusjussu

494 5646 550 5697 et
603 5638 755 5694 oculi
800 5637 1175 5706 ett‘odiuntur,
1225 5635 1487 5707 proxime
1534 5631 2043 5705 ChrysOpolim,et
2085 5647 2154 5687 ex

495 5745 560 5787 eo
594 5733 854 5799 tempore
888 5728 1028 5782 741
1072 5725 1235 5781 locus
1269 5723 1363 5779 ille
1394 5722 1724 5795 appellatus
1748 5728 1835 5776 est
1859 5720 2154 5777 Fremitus

2245 1974 2525 2053 ροφορήθη
2586 1973 2685 2040 τὴν
2767 1973 2864 2024 τοῦ
2946 1963 3297 2021 Βοτανειάτου
3381 1956 3755 2053 ἀναγόρευσιν,
3813 1951 3907 2007 καὶ

2243 2043 2474 2120 ϐούλίκὰ
2528 2061 2666 2136 πρὸς
2721 2058 2881 2114 αὐτὸν
2962 2052 3246 2111 ἀπέστειλε
3320 2049 3637 2127 γράμματα,
3694 2043 3749 2099 ἐν

2242 2151 2502 2222 λεληθότι
2552 2132 2621 2203 τὰ
2670 2155 2770 2217 τῆς
2837 2144 3124 2221 ἆνταρσίας
3204 2137 3575 2215 διεπράττετο,
3636 2132 3899 2207 συνεργὸν

2244 2240 2387 2316 ἔχων
2420 2240 2555 2315 πρὸς
2582 2243 2743 2294 τοῦτο
2772 2237 2863 2292 τόν
2893 2256 2954 2290 τε
3003 2233 3303 2307 λεγόμενον
3348 2227 3581 2299 Γυμνὸν,
3612 2223 3705 2316 καὶ
3759 2228 3902 2297 Γρη-

2241 2332 2425 2407 γόριον
2485 2329 2576 2383 τὸν
2634 2329 2921 2401 Μεσήμαρ,
2975 2325 3062 2378 καὶ
3132 2322 3223 2376 τὸν
3281 2312 3904 2391 Τεσσαρακοντάπηχυν.

2250 2404 2645 2494 Ϊίροσεκαλεῖτο
2708 2413 2763 2471 δὲ
2818 2415 2908 2470 καὶ
2962 2412 3090 2473 τοὺς
3128 2408 3493 2478 Πατζινάκους
3553 2404 3630 2465 είς
3685 2420 3908 2473 συμμα-

2250 2511 2401 2584 χίαν.
2434 2512 2490 2563 '0
2526 2505 2779 2582 βασιλεὺς
2809 2502 2854 2559 δ’
2890 2503 2963 2565 ὡς
2997 2497 3138 2576 ἔγνω
3174 2499 3266 2553 τὸν
3318 2496 3513 2551 τούτου
3562 2491 3767 2545 σκοπὸν
3816 2487 3907 2542 καὶ

2247 2579 2347 2668 ⁴τῖἦν
2407 2579 2748 2675 προαίρεσιν,
2801 2586 3196 2670 ’χρυσοϐούλλῃ
3250 2586 3431 2664 γραφῇ
3484 2582 3548 2638 τὸ
3594 2579 3903 2675 ἀμέριμνον

2250 2689 2396 2761 αὐτῷ
2425 2682 2924 2763 περιποιησάμενός
2952 2701 3070 2735 τινα
3114 2682 3223 2733 τῶν
3279 2674 3492 2730 οἰκείων
3543 2672 3678 2746 πρὸς
3740 2668 3900 2723 αὐτὸν

2251 2757 2611 2850 ἐξαπέστειλε,
2668 2774 2865 2836 παντὸς
2910 2772 3003 2845 μὶν
3065 2765 3320 2823 ἀπολύων
3382 2761 3535 2832 δεους
3589 2759 3751 2814 αὐτὸν
3810 2757 3901 2810 καὶ

2249 2846 2652 2938 νωϐελισσίμου
2687 2857 2966 2939 βραϐεύων
3028 2857 3261 2930 ἀξίωμα.
3299 2855 3358 2911 Ὀ
3420 2850 3477 2907 δὲ
3532 2848 3628 2912 τὰς
3662 2846 3729 2939 Δἐν
3754 2864 3905 2939 ,χερ-

2250 2955 2332 3010 σὶν
2394 2953 2697 3029 εὐεργεσίας
2756 2949 3155 3027 περιφρονήσας
3208 2943 3442 3013 ἀνόνητα
3504 2934 3907 3013 μενεκλαύσατο

2250 3046 2491 3120 ὕστερον.
2526 3042 2618 3097 Διὸ
2666 3041 2755 3095 καὶ
2801 3036 3083 3094 στέλλεται
3134 3034 3250 3089 κατ’
3281 3031 3443 3086 αὐτοῦ
3502 3030 3530 3082 ὁ
3577 3020 3905 3080 νωϐελίσσι-

2254 3156 2353 3209 μος
2379 3113 2627 3203 Ἄλεξιος
2658 3127 2911 3202 τιμηθεὶς
2944 3120 3199 3185 σεϐαστὸς
3255 3121 3391 3194 μετὰ
3446 3120 3697 3191 στρατιᾶς
3753 3113 3903 3209 ἀξιο-

2254 3200 2421 3299 λόγου
2476 3200 2565 3276 καὶ
2630 3200 2845 3287 ἱκανῆς.
2879 3214 3129 3292 Φρουρὰν
3187 3210 3278 3266 οὖν
3332 3209 3385 3265 ἑν
3432 3200 3903 3299 τῷμπεριθεωρίῳ

2250 3316 2350 3368 τοῦ
2398 3309 2731 3369 Βασιλακίου
2786 3299 3108 3362 καταλαϐὼν
3166 3298 3464 3377 στρατηγὸν
3518 3292 3750 3377 ἔχουσαν
3806 3290 3902 3344 τὸν

2253 3401 2487 3474 Γυμνὸν,
2546 3398 2778 3471 πολίμῳ
2833 3399 3021 3450 τοῦτον
3084 3376 3382 3466 ἀνήρπασε.
3436 3376 3814 3474 Προϐιϐόιζων-
3847 3376 3907 3433 εὶ

2427 3468 2702 3564 στρατιὰν⁷
2747 3468 2877 3562 ἄχρι
2938 3479 3333 3549 Θεσσαλονίκης
3388 3474 3600 3541 ἀπαθὴς
3660 3468 3902 3537 διεσώθη

2253 3584 2455 3637 κακῶν.
2509 3582 2609 3633 Ἕκ
2655 3597 2803 3638 τινος
2854 3572 2911 3629 δὲ
2949 3571 3315 3643 διαστήματος
3374 3566 3465 3620 τὸν
3524 3563 3741 3638 χάρακα
3794 3558 3909 3621 θεὶς

2255 3671 2421 3744 πέραν
2453 3672 2549 3721 τοῦ
2578 3669 2826 3738 ποταμοῦ
2869 3667 2967 3717 τοῦ
2999 3657 3292 3736 λεγομένου
3353 3650 3679 3729 Βαρδαρίου,
3731 3645 3906 3701 ἐκεῖσε

2254 3758 2347 3813 τὸν
2408 3757 2631 3832 στρατὸν
2715 3750 3067 3808 διαναπαύσαι
3144 3747 3462 3814 ἐσκόπτβεν.
3512 3743 3572 3799 Ὁ
3625 3736 3683 3793 δὲ
3737 3738 3907 3793 Βασι-

2258 3825 2481 3908 λάκιοςΙ
2528 3845 2627 3913 τὴν
2698 3841 2853 3913 νίκην
2918 3838 3117 3913 κλέψαι
3190 3832 3613 3910 ἀγωνιζόμενος,
3675 3825 3907 3913 ἰσκέψαέ

2254 3957 2317 3991 το
2375 3932 2706 4008 νυκτίλοχος
2792 3930 3062 3985 ἐπιπεσεῖν
3140 3925 3290 3997 αύτῷ
3351 3921 3440 3977 καὶ
3516 3922 3709 3973 τοῦτον
3767 3912 3907 3967 κατὰ

2253 4025 2448 4099 κράτος
2520 4000 2662 4079 ἑλεῖν
2728 4020 2817 4075 καὶ
2887 4015 3137 4087 ἀπωλείᾳ
3213 4009 3571 4099 παραδοῦναιΔ
3623 4000 3906 4099 παντελεῖ.

2256 4119 2368 4172 Τοῦ
2401 4112 2457 4168 δὲ
2489 4114 2752 4185 Γεμιστοῦ
2789 4111 2888 4179 τὴν
2941 4101 3243 4173 ἐπιϐουλὴν
3290 4096 3773 4172 καταμηνύσαντος
3828 4095 3909 4162 τῷ

2258 4199 2533 4275 Σεϐαστῷ,
2575 4199 2873 4280 ἐφυλάξατο
2928 4197 3128 4265 ταύτην
3188 4192 3351 4252 αὐτός
3409 4209 3467 4244 τε
3522 4186 3611 4242 καὶ
3671 4184 3725 4237 οἱ
3782 4181 3910 4254 περὶ

2254 4293 2436 4348 αὐτόν.
2488 4272 2730 4352 ὝἘλοίσας
2762 4272 2969 4342 τοίνυν
3016 4287 3043 4340 ὁ
3088 4281 3419 4341 Βασιλάκιος
3491 4273 3561 4331 δι’
3618 4272 3758 4343 ὅλης
3815 4277 3917 4339 τῆς

2253 4383 2467 4449 νυκτὸς,
2530 4381 2859 4454 ἀπροόπτως
2914 4380 2996 4447 τῷ
3071 4372 3246 4428 δοκεῖν
3333 4367 3423 4423 καὶ
3507 4362 3915 4438 ἀδιαγνώστως,

2253 4469 2487 4542 πολέμῳ
2518 4452 2751 4544 χαλεπῷ
2810 4466 3114 4541 περιέπεσε.
3152 4460 3302 4519 Κατᾶ
3356 4458 3583 4544 κράτοςΔ
3748 4453 3919 4544 ἠττηῖ

2254 4561 2363 4622 θεὶς
2440 4559 2531 4614 καὶ
2598 4563 2706 4613 τῶν
2777 4555 2991 4610 οἰκείων
3067 4549 3358 4609 πλείστους
3441 4538 3764 4612 ἀποϐαλὼν,
3822 4540 3914 4593 καί

2255 4647 2470 4723 μᾶλλον
2528 4652 2637 4703 τῶν
2696 4647 2983 4721 Φράγγων,
3014 4641 3104 4697 καὶ
3165 4639 3325 4701 αὐτὸς
3384 4633 3441 4690 δὶ
3494 4628 3915 4723 τῷᾲδομεστίκῳ

2254 4720 2595 4811 ἀντιταχθεὶς
2619 4735 2706 4789 καὶ
2734 4720 2871 4810 παρί
2892 4733 3061 4788 αὐτοῦ
3104 4724 3503 4795 καταπονηθεὶς
3546 4720 3623 4783 εἷς
3671 4720 3771 4787 τὴν
3814 4723 3917 4785 τῆς

2253 4808 2651 4895 Θεσσαλονίκης
2697 4808 2999 4897 ἀκρόπολιν
3045 4815 3465 4894 καταπέφευγεν,
3522 4810 3778 4897 οἰόμενος
3835 4808 3916 4875 τῷ

2255 4914 2578 4991 ὀχυρώματι
2611 4894 2948 4976 ἀποσοϐῆσαι
2995 4909 3093 4977 τήν
3134 4910 3232 4961 τοῦ
3285 4898 3558 4959 Σεϐαστοῦ
3606 4894 3909 4991 ἐπίλ-ευσιν.

2527 5005 2582 5057 Ὀ
2625 5000 2681 5057 δὲ
2714 4995 2982 5061 Σεϐαστὸς
3019 4994 3189 5070 μηδὶν
3225 4991 3510 5069 μελλήσας
3551 4989 3650 5057 τὴν
3672 4983 3911 5079 ⁸ἅλωσιν

2255 5093 2351 5148 τοῦ
2401 5095 2663 5170 φρουρίου
2706 5096 2822 5152 τοῖς
2866 5088 3000 5165 ἀμφ’
3039 5086 3198 5141 αὐτὸν
3243 5084 3613 5160 προετρέψατο
3668 5077 3761 5133 διὰ
3815 5074 3917 5130 td-

2259 5163 2781 5257 χουςΠποιήσασθαι
2816 5198 2827 5211 °
2890 5163 3086 5231 οἳνκαὶ
3147 5174 3377 5249 ἆνεργεῖς
3451 5173 3546 5232 τὰς
3602 5163 3921 5243 προσϐολὰς

2259 5272 2646 5343 ποιησάμενοι,
2702 5272 2811 5322 τῶν
2896 5262 3329 5322 Θεσσαλονικέων
3417 5259 3922 5339 συμφρονησάντων

2260 5360 2466 5429 αὐτοῖς,
2498 5358 2639 5434 ταχὺ
2669 5358 2864 5412 τούτου
2908 5353 3229 5431 περιγίνεται
3280 5350 3368 5406 καί
3410 5357 3510 5420 τῆς
3562 5343 3923 5423 ἀκροπόλεως

2262 5448 2583 5523 ἆκυρίευσεν.
2637 5445 2945 5501 Ἀλίσκεται
3006 5441 3062 5498 δὶ
3128 5443 3218 5497 καὶ
3279 5440 3462 5508 αὐτὸς,
3513 5435 3763 5513 σιδηροῖς
3826 5435 3924 5509 ἐμ-

2262 5534 2524 5594 ϐάλλεται
2568 5534 2813 5608 δεσμοῖς,
2846 5532 2938 5588 καί
2992 5536 3073 5605 τῷ
3127 5530 3344 5607 βασιλεῖ
3392 5524 3785 5583 ἀποστέλλεται
3834 5524 3922 5580 δε-

2264 5648 2445 5700 σμιος.
2479 5632 2587 5695 Τῆς
2638 5622 2695 5679 δὲ
2754 5621 3007 5699 ἀγγελίας
3063 5614 3660 5691 κηταλαϐούσηςλτὸνξ
3689 5613 3925 5689 βασιλέα

2264 5716 2546 5792 προστάξει
2606 5712 2768 5768 αὐτοῦ
2838 5711 2967 5774 τοὺς
3044 5706 3365 5790 ὀφθαλμοὺς
3433 5704 3771 5782 ἓξορύττεται
3834 5702 3922 5780 ἴγο
