4078 6336
199 421 334 484 4⁸13

1725 404 2118 469 HISTORIA.

3510 400 3630 461 474

203 576 377 632 γιστα
402 561 504 625 τῆς
560 551 1014 629 Χρυσουπόλεως·
1043 546 1134 604 καὶ
1174 545 1358 602 ἔκτοτε
1386 544 1414 605 ὁ
1442 540 1610 603 τόπος
1643 539 1862 612 ὠνομα-

1986 537 2286 607 Basilacii;
2317 553 2432 609 quo
2481 537 2631 594 facto
2680 537 2998 609 perductus
3029 538 3120 593 est
3158 535 3217 591 in
3269 550 3445 592 curru
3475 549 3625 590 onus

206 628 340 702 σται
374 645 564 721 βρύσις
611 628 727 718 (49)
773 646 871 697 τοῦ
903 636 1255 698 Βασιλακίου.
1304 632 1515 692 Τούτου
1571 628 1867 706 γενομένου

205 735 370 812 ἤχθη
403 735 483 815 ἐφ’
513 735 726 809 ἀμάξης
772 732 969 810 φόρτος
1016 727 1248 788 ἐλεεινὸς
1293 725 1382 781 καὶ
1410 722 1672 799 δυστυχὶς
1701 739 1871 775 κατα-

208 825 446 902 γώγιον.

287 916 379 970 Ἐν
412 912 522 986 ὅσῳ
553 911 610 968 δὶ
651 913 718 967 τὰ
759 908 1133 986 στρατεύματα
1182 906 1258 968 εἰς
1279 906 1380 974 τὴν
1409 903 1530 978 περὶ
1563 901 1653 956 τὸν
1704 901 1872 956 Βασι-

209 1003 413 1060 λάκιον
463 999 813 1077 ἠσχολοῦντο
872 997 1238 1073 ἐκστρατείαν,
1295 992 1618 1062 ΙΙατζινάκοι
1678 987 1872 1060 ἀναμὶξ

209 1094 499 1164 Κομάνοις
554 1095 624 1166 τῇ
677 1085 1130 1164 Ἀδριανουπόλει
1190 1081 1462 1153 ἐπῆλθον,
1518 1078 1870 1156 ὀργιζόμενοι

211 1179 308 1236 διὰ
337 1183 399 1235 τὸ
432 1180 578 1256 παρὰ
619 1184 718 1233 τοῦ
766 1175 1054 1252 Βρυεννίου
1103 1170 1444 1248 ἀναιρεθῆναί
1500 1190 1646 1230 τινας
1677 1169 1870 1222 αὐτῶν.

210 1271 398 1345 Ιιυρᾶν
459 1268 551 1324 οὖν
607 1268 908 1345 ὑφάψαντες
952 1262 1142 1319 πολλὰ
1185 1267 1292 1318 τῶν
1327 1261 1496 1316 ἐκεῖσε
1553 1257 1870 1329 οἰκημάτων

205 1359 583 1433 κατέπρησαν,
661 1357 749 1412 καὶ
840 1352 1008 1429 μηδὲν
1092 1351 1237 1423 ἄξιον
1315 1349 1482 1425 λόγου
1531 1346 1874 1421 πεπραχότες

213 1448 576 1522 ὑπέστρεψαν.

284 1535 642 1610 Ὠμολόγησε
674 1532 730 1590 δὲ
757 1534 938 1606 τούτῳ
981 1536 1060 1604 τῷ
1108 1529 1212 1587 ἔτει
1261 1531 1352 1584 καί
1405 1526 1708 1601 Φιλάρετος
1756 1543 1879 1586 κου,

213 1626 545 1700 ροπαλατης
612 1625 640 1679 ὁ
715 1624 1032 1698 Βραχάμιος
1107 1619 1286 1675 πίστιν
1365 1622 1446 1690 τῷ
1514 1614 1730 1692 βασιλεῖ
1786 1617 1876 1670 καὶ

215 1713 514 1773 δούλωσιν.
578 1716 676 1771 "Ev
733 1732 844 1766 τισι
903 1711 1006 1787 γὰρ
1050 1709 1242 1770 τόποις
1299 1707 1526 1783 ὀχυροῖς
1552 1704 1758 1779 τείχεσι
1787 1703 1877 1756 καὶ

216 1803 558 1880 ξυναγκείαις
604 1799 1093 1878 περιειλημμένοις
1151 1799 1250 1866 τήν
1281 1797 1492 1867 οἴκησιν
1524 1792 1878 1866 ποιούμενος,

1980 626 2314 684 miserabile
2345 631 2402 682 et
2430 626 2630 682 infelix
2663 626 2862 682 ludus.

2056 899 2279 951 Interea
2334 911 2465 950 vero
2510 894 2648 948 dum
2683 894 2972 948 exercitus
3016 892 3076 947 in
3123 891 3490 963 expeditione
3521 891 3628 946 ad-

1983 1001 2184 1040 versus
2230 981 2578 1038 Basilacium
2627 986 2968 1053 occupatur,
3017 981 3307 1036 Patzinaci
3355 997 3489 1035 cum
3521 979 3628 1035 Co-

1982 1073 2175 1130 manis
2250 1073 2548 1144 conjuncti
2619 1069 3059 1142 Adrianopolim
3134 1069 3419 1138 invasere,
3493 1068 3630 1124 irati

1982 1165 2135 1236 quod
2168 1181 2200 1219 a
2232 1163 2518 1235 Bryennio
2567 1161 2808 1233 quidam
2859 1177 2928 1216 ex
2978 1159 3125 1231 ipsis
3174 1157 3457 1213 interfecti
3508 1156 3631 1212 fue-

1983 1259 2135 1308 rant.
2167 1253 2460 1308 Succensa
2488 1251 2669 1322 igitur
2697 1265 2836 1320 pyra
2868 1247 3084 1303 multas
3113 1247 3194 1301 ibi
3237 1247 3444 1300 domos
3471 1261 3631 1300 com-

1984 1343 2248 1410 bussere,
2279 1340 2558 1411 nullaque
2609 1355 2669 1394 re
2719 1342 3045 1392 memoratu
3097 1334 3276 1408 digna
3324 1337 3489 1406 gesta
3536 1349 3631 1388 re-

1984 1432 2132 1487 versi
2166 1435 2324 1485 sunt.

2058 1519 2360 1574 Professus
2389 1521 2478 1572 est
2507 1516 2615 1571 hoc
2644 1531 2798 1570 anno
2828 1513 3002 1569 etiam
3037 1510 3365 1567 Pbilaretus
3393 1525 3636 1580 europa-

1984 1609 2130 1665 lates
2161 1607 2544 1662 Uracbamius
2575 1605 2748 1660 ﬁdem
2779 1609 2839 1659 et
2875 1601 3212 1658 servitutem
3244 1598 3584 1672 imperatori
3618 1613 3633 1654 :

1986 1701 2044 1755 in
2076 1699 2430 1772 quibusdam
2481 1696 2636 1752 enim
2687 1695 2830 1750 locis
2875 1693 3060 1748 muris
3110 1690 3354 1746 munitis
3401 1694 3458 1744 et
3497 1705 3636 1744 con-

1986 1790 2242 1845 vallibus
2292 1784 2730 1859 comprehensis
2778 1782 3053 1838 habitans
3098 1785 3298 1836 coacta
3331 1776 3635 1834 Armenio-

214 1867 533 1968 :App'cviwv
594 1867 924 1961 ululatii»;
981 1888 1071 1943 καὶ
1129 1882 1449 1961 συγκλύδων
1479 1880 1690 1958 ἀνδρῶν
1747 1880 1868 1936 συλ-

1989 1898 2117 1935 rum
2152 1884 2207 1934 et
2237 1880 2593 1934 advenarum
2626 1873 3025 1941 multitudine,
3059 1887 3364 1941 nunquam
3411 1867 3633 1923 Micha-

213 1982 519 2054 λεξάμενος
559 2026 574 2049 ,
671 1985 750 2052 τῷ
855 1980 949 2053 μὲν
1036 1971 1554 2052 προϐεϐασιλευκότι
1641 1968 1871 2046 Μιχαὴλ

214 2069 676 2132 ἀκαταδοῦλωτος
726 2070 817 2141 ἦν,
873 2068 964 2122 καὶ
1023 2066 1120 2135 τὴν
1183 2061 1473 2140 βασιλικήν
1533 2060 1875 2134 ἱπικράτειαν

213 2162 392 2231 ἑαυτῷ
422 2159 822 2232 οἰκειούμενος,
872 2161 968 2212 τοῦ
1000 2153 1057 2211 δὲ
1104 2155 1462 2211 Βοτανειάτου
1504 2147 1876 2225 περιζωσαμέ-

210 2271 312 2305 νου
343 2251 441 2318 τήν
468 2249 648 2324 ἀρχὴν
675 2249 774 2316 τήν
805 2245 1177 2320 αὐτοκράτορα
1207 2241 1404 2304 δοῦλος
1438 2235 1871 2314 αότεπάγγελτος

210 2341 371 2416 γεγον
381 2359 423 2394 ε.

287 2428 466 2488 Λὲκας
527 2424 584 2481 δέ
631 2446 714 2488 τις
765 2424 870 2479 ἀπὸ
931 2420 1308 2478 Παυλικιάνων
1363 2415 1864 2478 Φιλιππουπόλεως

215 2516 553 2590 ὡρμημενος
610 2515 662 2585 ἐξ
719 2508 1120 2588 Ἐπιγαμὸρίας
1174 2507 1531 2582 ηὐτομόλησε
1585 2510 1699 2567 τοῖς
1758 2512 1867 2562 Ila-

211 2607 492 2674 τζινάκοις
528 2647 543 2672 ,
606 2604 696 2659 καὶ
775 2602 992 2663 τούτοις
1065 2604 1390 2677 συμφρονῶν
1451 2601 1520 2670 τῇ
1580 2595 1864 2670 Ῥωμαίων

213 2693 441 2764 ἠπείλει
489 2695 557 2748 τὰ
612 2687 982 2772 φοϐερώτατα’
1046 2687 1192 2745 ἀλλὰ
1240 2688 1330 2743 καὶ
1370 2682 1728 2762 Δοϐρομηρός
1782 2707 1866 2748 τις

213 2781 268 2838 ἐν
332 2777 665 2858 Μεσημϐρίᾳ
721 2778 1030 2837 διακυκῶν.
1093 2778 1189 2832 Καὶ
1244 2781 1325 2849 τῷ
1382 2773 1598 2850 βασιλεῖ
1648 2777 1865 2849 ἀντᾶραι

215 2869 581 2945 μελετῶντες,
640 2868 910 2932 δείσαντες
957 2868 1046 2924 καὶ
1084 2872 1200 2929 τοῖς
1249 2870 1354 2921 τῶν
1410 2863 1596 2920 ἄλλων
1652 2883 1866 2940 σωφρο-

206 2963 482 3025 νισθέντες
527 2965 741 3027 κακοῖς,
770 2960 876 3035 πρὸ
905 2965 1003 3028 τῆς
1029 2955 1216 3028 πείρας
1277 2953 1519 3026 δουλικῷ
1568 2958 1714 3028 ζυγῷ
1742 2953 1868 3015 τοὺς

213 3051 456 3126 αὐχένας
486 3047 774 3104 ὖπέκλιναν
823 3047 915 3103 καὶ
961 3044 1279 3118 προσῆλθον
1338 3043 1506 3099 ἱκὲται
1539 3040 1864 3115 αὐτόμολοι.

207 3141 349 3195 Τότε
407 3137 534 3207 δήὁ
593 3138 761 3200 Λέκας
814 3137 906 3192 τὸν
964 3133 1261 3191 ιπίσκοπον
1312 3130 1582 3208 Ζαρδικῆς
1631 3129 1866 3206 Μιχαὴλ

208 3229 278 3284 τὰ
335 3231 435 3282 τοῦ
515 3224 783 3302 βασιλέως
856 3229 1155 3302 φρονοῦντα
1223 3221 1312 3278 καὶ
1366 3224 1466 3291 τήν
1523 3218 1688 3276 πόλιν
1737 3218 1866 3275 αὐτὸ

1983 1971 2080 2037 eli,
2115 1969 2215 2042 qui
2267 1973 2438 2023 antea
2485 1967 2892 2037 imperaverat,
2924 1960 3136 2031 subjici
3185 1957 3386 2025 voluit,
3417 1961 3473 2012 et
3517 1953 3630 2010 sibi

1985 2060 2201 2132 regiam
2238 2061 2581 2130 potestatem
2608 2053 3021 2108 vindicaverat.
3055 2053 3268 2104 Verum
3303 2062 3437 2102 cum
3469 2047 3634 2100 Bota-

1983 2149 2168 2204 niates
2219 2147 2465 2218 adeptus
2511 2146 2667 2200 esset
2718 2139 3055 2214 imperium,
3098 2153 3301 2194 servus
3353 2133 3509 2191 ultro
3559 2133 3634 2190 ad

1982 2256 2115 2296 cum
2149 2236 2418 2295 accessit.

2047 2420 2224 2475 Lecas
2257 2420 2451 2472 autem
2501 2412 2744 2486 quidam
2777 2427 2810 2465 a
2839 2405 3194 2465 Paulicianis
3225 2420 3294 2460 ex
3324 2402 3628 2475 Philippo-

1979 2510 2093 2582 poli
2127 2509 2438 2580 profectus,
2470 2502 2843 2575 Epigambria
2872 2500 2942 2556 ad
2992 2497 3334 2553 Patzinacas
3365 2491 3624 2582 transiu-

1975 2578 2074 2670 git,
2108 2578 2165 2652 et
2198 2613 2329 2651 cum
2365 2594 2457 2648 his
2506 2589 2879 2648 consentiens
2918 2585 3198 2642 Romanis
3230 2578 3627 2640 formidabilis.

1978 2669 2352 2750 minabatur;
2413 2681 2556 2754 quin
2614 2679 2790 2734 etiam
2851 2674 3208 2732 Dobromiris
3265 2671 3504 2742 quidam
3565 2669 3625 2723 in

1977 2774 2324 2835 Mesembria
2355 2790 2446 2828 res
2499 2769 2868 2843 perturbans.
2903 2770 2968 2820 Et
3000 2769 3243 2836 uterque
3273 2760 3628 2816 meditantes

1976 2862 2312 2936 imperatori
2372 2860 2664 2925 resistere,
2695 2855 2862 2911 veriti
2896 2858 2956 2910 et
3002 2853 3251 2909 aliorum
3293 2847 3463 2904 malis
3491 2845 3630 2902 edo-

1978 2935 2079 3023 cti,
2109 2958 2242 3009 ante
2272 2953 2544 3006 conatum
2589 2945 2781 3002 servili
2809 2945 2953 3015 jugo
2985 2940 3236 2997 cervices
3275 2935 3630 2994 submisere,

1976 3049 2034 3099 et
2065 3043 2135 3098 ad
2166 3057 2300 3096 eum
2332 3038 2486 3094 ultro
2518 3035 2814 3107 supplices
2833 3031 3222 3087 accesserunt.
3255 3026 3421 3080 Tunc
3450 3023 3629 3078 Lecas

1976 3131 2316 3204 episcopum
2391 3123 2658 3182 Sardices
2732 3118 3104 3192 imperatoris
3162 3114 3516 3180 studiosum,
3572 3112 3632 3166 et

1979 3221 2274 3276 civitatem
2307 3220 2372 3272 ut
2419 3215 2528 3270 hoc
2574 3212 2768 3285 ipsum
2817 3209 3032 3264 faceret
3071 3205 3500 3269 adhortantem,
3532 3214 3630 3254 oc-

222 3279 277 3284 "'
350 3279 425 3282 "'
515 3279 781 3302 r"""""
869 3279 905 3302 ιι
1425 3279 1435 3291 ι

206 3322 380 3373 τοῦτο
410 3321 586 3371 ποιεῖν
646 3319 1010 3390 παραινοῦντα
1048 3309 1249 3378 ἀνεῖλε,
1279 3313 1377 3381 τὴν
1426 3309 1570 3366 θείαν
1600 3309 1689 3364 καὶ
1720 3309 1866 3384 ἱερα-

1986 3310 2121 3367 cidit
2154 3309 2302 3364 142
2337 3320 2565 3362 sacram
2599 3279 2671 3357 ὀι
2715 3296 3137 3356 sacerdotalem
3193 3298 3413 3350 vestem
3464 3289 3633 3344 indu-

206 3408 378 3476 τικήν
415 3404 619 3473 στολὴν
661 3403 1070 3478 ἀμπεχόμενον.
1135 3400 1356 3472 Ἠξίωσε
1413 3398 1470 3454 δὲ
1525 3401 1553 3454 ὁ
1615 3397 1870 3475 βασιλεὺς

212 3495 306 3550 καὶ
386 3495 489 3562 τήν
557 3493 662 3567 πρὸ
732 3497 830 3547 τοῦ
908 3491 1219 3566 Αὖγοῦσταν
1296 3486 1560 3544 Εὐδοκίαν
1609 3489 1872 3560 προνοίας

217 3585 494 3659 μεγάλης.
547 3583 702 3658 Ἀρτι
761 3579 819 3636 δὲ
874 3585 982 3636 τῶν
1036 3581 1288 3654 Τούρκων
1341 3580 1440 3647 τήν
1502 3578 1672 3650 Ἐῴαν
1703 3598 1867 3632 κατα-

211 3673 556 3747 τρεχόντων,
636 3671 859 3746 στρατὸν
937 3669 1233 3744 ἀξιόχρεων
1313 3666 1621 3737 συνηλικὼς
1675 3687 1872 3742 στρατ-

212 3763 350 3835 ηγὸν
405 3760 571 3815 αὐτοῦ
629 3759 877 3837 ἰφίστησι
944 3762 1344 3813 Κωνσταντῖνον
1403 3756 1494 3810 τὸν
1550 3757 1663 3810 υἱὸν
1719 3763 1870 3810 Κων-

210 3849 501 3905 στκντίνου
558 3853 654 3903 τοῦ
716 3848 913 3904 Δοῦκα.
983 3846 1088 3902 Καὶ
1143 3845 1332 3900 αὐτίκα
1391 3842 1714 3920 διαπεράσας
1744 3865 1869 3898 νεω-

207 3938 413 4008 τερίζει
473 3939 610 3993 κατὰ
665 3941 762 3993 τοῦ
823 3934 1114 4012 βασιλέως,
1193 3934 1282 3989 καὶ
1346 3931 1599 4008 βασιλεὺς
1675 3934 1871 3988 αὐτίκα

213 4025 608 4103 ἀναγορεύεται
675 4025 822 4101 παρὰ
899 4028 996 4079 τοῦ
1062 4023 1114 4078 ἐν
1193 4020 1536 4096 Χρυσοπόλει
1615 4022 1867 4085 συνόντος

209 4117 362 4187 αὐτῷ
453 4117 849 4189 στρατιωτικοῦ
928 4111 1196 4183 πλήθους.
1274 4111 1538 4182 Ἀξιώσας
1613 4107 1669 4164 δὲ
1743 4110 1866 4184 περὶ

207 4205 410 4260 τούτου
469 4205 498 4257 ὁ
558 4201 810 4277 βασιλεὺς
861 4201 951 4255 καὶ
1015 4209 1088 4274 μὴ
1152 4199 1538 4268 εἷσανουσοεὶς,
1586 4197 1711 4260 τοὺς
1772 4199 1865 4271 μὲν

211 4291 416 4366 δώροις
448 4293 539 4346 καὶ
570 4291 838 4363 ἀξιώμασι
891 4289 1294 4366 μειλιξάμενος,
1327 4285 1531 4350 ἄλλους
1583 4284 1640 4341 δὲ
1696 4286 1868 4342 ἄλλον

209 4384 417 4453 τρόπον
484 4365 1044 4454 μεταχειρισάμενος,
1103 4372 1371 4450 λαμϐάνει
1440 4381 1634 4431 τοῦτον
1716 4376 1868 4430 ἀναι-

213 4471 388 4543 μωτὶ,
451 4472 518 4544 [Ρ
551 4512 564 4525 .
617 4470 744 4541 869]
805 4467 980 4522 αὐτῶν
1030 4472 1137 4522 τῶν
1196 4467 1667 4541 ἀναγορευσάντων
1727 4485 1867 4540 προ-ν

209 4557 539 4614 δεδωκότων
571 4557 752 4612 αὐτόν.
790 4558 1096 4632 Ἀποκείρει
1124 4560 1252 4631 γοῦν
1282 4554 1438 4609 αὐτον
1489 4555 1733 4630 μοναχὸν
1778 4553 1867 4608 καὶ

1980 3408 2128 3456 tum.
2190 3399 2460 3469 Magnam
2521 3408 2758 3466 quoque
2815 3405 3014 3445 curam
3074 3385 3256 3458 gessit
3311 3383 3632 3453 imperator

1983 3487 2244 3545 Eudocize
2286 3485 2446 3540 illius
2491 3499 2621 3554 quae
2661 3484 2794 3535 ante
2842 3495 2902 3533 se
2933 3478 3123 3534 fuerat
3168 3475 3448 3542 Augusta.
3483 3469 3628 3523 Cum

1980 3597 2112 3636 vero
2162 3591 2350 3648 nuper
2393 3571 2566 3629 Turci
2626 3569 2920 3625 Orientem
2963 3563 3384 3634 percurrerent,
3430 3562 3629 3613 coacto

1982 3671 2188 3724 idoneo
2246 3645 2522 3718 exercitui
2582 3659 2786 3712 ducem
2857 3652 3111 3726 praefecit
3174 3645 3627 3705 Constantinum

1981 3751 2347 3814 Constantini
2402 3753 2562 3805 Ducas
2596 3747 2820 3812 ﬁlium;
2856 3742 2955 3814 qui
3006 3740 3206 3795 statim
3241 3738 3486 3804 trajecta
3527 3749 3625 3786 ex-

1981 3847 2164 3903 ercitu
2231 3845 2514 3898 adversus
2576 3839 2987 3907 imperatorem
3041 3845 3132 3884 res
3185 3828 3444 3889 innovat,
3497 3826 3553 3877 et
3597 3837 3628 3876 ο

1979 3933 2223 4006 vestigio
2254 3932 2570 4002 imperator
2601 3926 2671 3980 ab
2718 3941 2785 3979 ea
2816 3920 3054 3976 militari
3090 3912 3468 3972 multitudine
3498 3927 3627 3982 qum

1979 3997 2292 4092 cumvipso
2339 3997 2467 4072 erat
2515 4008 2855 4083 Chrysopoli
2905 4007 3214 4062 salutatur.
3247 4005 3510 4071 Cumque
3556 3997 3628 4054 de

1981 4113 2106 4183 ipso
2139 4110 2462 4178 imperator
2489 4101 2773 4156 voluisset
2804 4096 3002 4152 nescio
3033 4094 3172 4165 quid
3206 4095 3481 4156 statuere,
3510 4103 3628 4142 non

1978 4176 2310 4264 exauditus,
2343 4194 2488 4249 alios
2519 4189 2688 4246 donis
2719 4193 2894 4259 atque
2942 4185 3231 4239 honorum
3258 4176 3628 4253 pollicitatio-

1979 4293 2154 4347 nibus
2185 4285 2492 4350 deliniens,
2539 4279 2685 4334 alios
2715 4275 2828 4331 alia
2870 4274 3094 4330 ratione
3142 4271 3214 4326 ab
3262 4270 3493 4339 incepto
3525 4264 3627 4320 ab-

1978 4383 2220 4446 ducens,
2266 4377 2485 4448 ipsum
2535 4371 2663 4426 sine
2705 4367 2987 4439 sanguine
3048 4362 3279 4434 accipit,
3330 4356 3624 4431 proditum

1977 4471 2091 4528 sibi
2141 4470 2213 4524 ab
2259 4467 2330 4522 iis
2381 4463 2479 4536 qui
2528 4477 2660 4516 eum
2714 4459 3125 4529 imperatorem
3167 4449 3624 4507 declaraverant.

1983 4559 2262 4616 Detondet
2293 4555 2472 4628 igitur
2500 4550 2664 4606 illum
2716 4545 3096 4607 monachum,
3129 4547 3186 4596 et
3215 4542 3274 4594 in
3305 4537 3624 4610 quamdam

208 4645 286 4710 εἷς
317 4667 440 4703 τινα
470 4651 633 4715 νῆσον
667 4647 989 4720 περιορίζει.
1020 4625 1252 4719 λέγεται
1285 4641 1340 4698 δὶ
1373 4642 1454 4698 ὅτι
1486 4625 1574 4699 καὶ
1714 4664 1868 4719 πρεσ-

1986 4647 2238 4704 insulam
2289 4625 2528 4715 relegat.
2561 4639 2766 4694 Fertur
2811 4635 2988 4690 etiam
3021 4632 3090 4688 ad
3143 4625 3462 4701 presbyteri
3495 4639 3627 4695 gra-

209 4731 447 4812 ϐυτέρου
480 4735 698 4809 ἀνήχθη
737 4732 966 4808 βαθμόν.

277 4818 609 4898 Ὀκτωϐρίῳ
693 4821 750 4877 δὲ
838 4822 1014 4895 μήνὶ,
1083 4820 1420 4885 ΐνδικτιῶνος
1486 4823 1567 4896 ιγ’,
1612 4823 1865 4897 κεραυνὸς

206 4913 489 4987 ἐνσκήψας
535 4911 588 4966 ἰν
647 4915 726 4984 τῷ
776 4915 874 4966 τοῦ
938 4909 1178 4986 μεγάλου
1233 4911 1638 4967 Κωνσταντίνου
1684 4910 1865 4980 κίονι,

208 5003 273 5059 οὗ
333 5000 539 5057 ἄνωθεν
597 5002 632 5070 ἡ
687 4999 864 5070 στήλη
927 5000 1091 5054 αὑτοῦ
1123 5001 1236 5072 (50)
1263 4997 1474 5055 ’ίστατο.
1509 4998 1865 5062 ’Λπόλλωνος

209 5093 349 5147 οὖσα
407 5087 692 5168 ἀφίδρυμα
741 5089 1028 5163 πρότερον,
1090 5088 1164 5150 εἷς
1226 5084 1401 5161 ὄνομα
1459 5086 1515 5144 δὲ
1564 5109 1868 5162 μετονομα-

207 5187 400 5245 σθεῖσα
435 5223 450 5249 ,
532 5176 694 5253 μέρος
774 5198 832 5232 τε
886 5177 1082 5232 τούτου
1150 5174 1383 5250 διέτεμε,
1436 5178 1524 5232 καὶ
1586 5181 1867 5252 ζωστῆρας

202 5275 382 5345 τρεῖς,
427 5264 690 5337 σιδηροῦς
738 5267 831 5340 μὶν
890 5267 957 5320 τὰ
1015 5263 1188 5336 ἔνδον,
1237 5265 1302 5320 τὰ
1355 5263 1412 5321 δὲ
1471 5261 1571 5337 ἔξω
1597 5264 1864 5342 χαλκοῦς,

204 5358 538 5414 κατεκαυσε.
625 5359 734 5410 Τοῦ
813 5350 870 5408 Si
959 5350 1259 5429 ἀρχιερέως
1337 5360 1439 5424 τῆς
1521 5353 1866 5429 Βουλγαρίας

1979 4739 2117 4792 dum
2153 4734 2489 4806 perductus.

2046 4800 2280 4881 Octobri
2313 4826 2510 4876 autem
2559 4830 2780 4878 mense,
2814 4811 3134 4868 indictione
3177 4805 3403 4861 decima
3428 4800 3626 4865 tertia,

1977 4913 2198 4970 fulmen
2251 4907 2448 4981 magni
2493 4901 2860 4961 Constantini
2919 4899 3252 4954 columnam
3315 4887 3624 4963 percussit,

1975 5020 2156 5074 supra
2187 4979 2582 5072 quam‘stabat
2610 4991 2800 5063 ipsius
2831 4987 3277 5056 columna,'qua3
3309 4981 3473 5074 prius
3503 4979 3629 5032 erat

1976 5067 2144 5147 sedes
2177 5067 2714 5162 Apollinis,deinde
2745 5077 2980 5134 nomine
3011 5075 3198 5147 ipsius
3221 5067 3631 5162 appellata;et

1975 5185 2199 5252 partem
2229 5157 2360 5250 ejus
2391 5173 2649 5238 discidit,
2685 5169 2914 5238 triaque
2941 5162 3174 5219 vincula
3221 5161 3382 5214 intus
3423 5157 3628 5221 ferrea,

1975 5247 2138 5323 extra
2169 5247 2313 5322 aerea
2362 5261 2713 5319 combussit.
2743 5257 2874 5312 Vita
2927 5259 3122 5310 autem
3175 5252 3374 5306 functo
3404 5247 3630 5302 Joanne

1977 5355 2260 5429 Bulgaria:
2293 5351 2732 5424 archiepiscopo
2764 5346 2823 5402 in
2854 5343 3104 5402 transitu
3138 5334 3628 5408 Basilacii,alium

1511 5525 1753 5582 JACOBI
1792 5526 2004 5582 GOARI
2045 5524 2274 5582 NOT/E.

279 5655 396 5726 (49)
433 5654 658 5733 Fontei-23
685 5646 876 5733 βρρσιν
899 5648 1429 5733 νοξβρόσηνμιιοᾶίο
1449 5652 1640 5733 ‘vulgo
1683 5653 1864 5733 (ξςωοί

207 5717 581 5798 nuncupant.
615 5717 944 5779 Βασιλακίου
972 5717 1181 5796 itaque.
1224 5723 1412 5798 βρύσις
1449 5717 1613 5782 locus
1664 5724 1764 5781 ubi
1795 5740 1863 5781 ex

1975 5651 2204 5709 effossis
2233 5652 2361 5723 ejus
2391 5647 2578 5704 oculis
2610 5645 2854 5717 sanguis
2885 5643 3077 5716 erupit
3106 5645 3196 5699 est
3223 5640 3437 5698 dictus.

2043 5725 2155 5798 (50)
2187 5725 2319 5797 Ejus
2345 5724 2550 5778 statua.
