4060 6344
381 335 500 396 475

1701 332 2028 395 JOANNIS
2072 333 2472 396 SCYLITZAE

3670 328 3792 388 476

382 470 438 523 in
464 469 594 540 ejus
611 464 807 524 locum
831 467 1148 538 imperator
1167 466 1802 536 declaravit,Joannem
1828 466 2030 522 itidem

2159 466 2401 522 Ἰωάννου
2453 464 2882 537 τελευτήσαντος
2926 462 2980 520 ιν
3009 468 3078 538 τῇ
3111 467 3207 518 τοῦ
3240 460 3571 519 Βασιλακίου
3601 458 3794 534 διόδῳ,

384 558 640 627 nomine,
670 558 773 629 qui
825 557 1064 624 Aoinus,
1099 559 1156 612 id
1187 563 1277 614 est
1315 558 1663 627 abstemius,
1695 558 2031 623 vocabatur,

383 649 538 719 quod
573 663 877 718 nunquam
922 647 1123 701 vinum
1158 652 1438 719 gustaret.
1489 646 1772 701 Similiter
1801 654 2031 700 mortuo

385 735 703 790 Antiochiae
720 735 1050 806 patriarcha
1063 736 1707 807 declaravitimperator
1720 736 2030 807 quemdam

385 823 774 895 Nicephorum
808 824 1076 879 Maurum
1105 826 1254 880 743
1279 824 2032 896 cognomentoﬁcopiorum

387 918 580 969 autem
626 915 746 967 dux
788 914 1049 969 delectus
1081 920 1171 969 est
1203 915 1519 970 Alexander
1569 913 1887 969 Cabasilas.
1925 915 2035 968 Leo

388 1019 517 1058 vero
564 1002 921 1057 Diabateuus
970 1003 1029 1056 in
1067 1003 1477 1057 Mezembriam
1531 1002 1749 1058 missus
1798 1019 1891 1057 res
1922 1002 2041 1056 illic

390 1091 827 1157 moderabatur,
845 1096 1053 1146 etcum
1088 1092 1408 1146 Patzinacis
1431 1095 1487 1146 et
1506 1091 1779 1147 Comanis
1805 1106 2041 1162 percus-

391 1196 455 1235 so
490 1179 703 1235 foedere
732 1180 1052 1236 consensit.
1086 1180 1256 1235 Dedit
1285 1181 1421 1234 item
1458 1180 1676 1235 sororis
1709 1198 1827 1236 suae
1861 1179 2040 1234 ﬁliam

391 1269 760 1340 Synadeneu,
818 1268 1109 1324 Theodulo
1181 1270 1487 1341 Syuadeuo
1560 1269 1838 1340 genitam,
1904 1268 2044 1323 crali

393 1356 659 1428 Ungarize
720 1373 977 1423 uxorem,
1012 1374 1126 1428 quo
1182 1357 1357 1412 etiam
1417 1362 1646 1412 mortuo
1706 1374 1913 1411 rursus
1959 1361 2047 1411 est

394 1445 737 1517 Byzantium
789 1461 1040 1501 reversa.
1087 1450 1152 1500 Et
1200 1446 1301 1500 alii
1338 1446 1505 1501 multi
1558 1444 1939 1517 metropolitaa
1990 1451 2048 1501 et

393 1534 546 1589 sacri
578 1535 686 1589 viri
716 1535 845 1607 ipso
898 1534 1224 1607 imperante
1277 1534 1484 1591 delecti
1536 1539 1676 1591 sunt
1707 1555 1721 1605 ;
1755 1535 1853 1607 qui
1887 1536 2047 1591 omni

393 1622 847 1694 reprehensione
868 1629 1204 1679 caruerunt.
1246 1628 1569 1695 Imperator
1591 1629 1786 1679 autem
1809 1623 2049 1695 frugali-

398 1712 501 1767 tati
530 1718 589 1767 et
620 1712 986 1784 simplicitati
1034 1719 1308 1769 assuetus
1340 1713 1503 1768 nulla
1552 1730 1619 1768 ex
1666 1719 1830 1785 parte
1862 1730 1895 1767 a
1926 1713 2050 1768 suis

395 1800 659 1855 moribus
682 1800 1014 1856 declinavit.
1052 1801 1184 1856 Erat
1222 1806 1415 1856 autem
1458 1802 1712 1857 maxime
1744 1806 2049 1872 promptus

396 1890 469 1944 ad
502 1889 871 1961 largiendum
901 1894 955 1945 et
984 1889 1435 1946 liberalissimus
1465 1894 1522 1945 et
1566 1891 1635 1945 ad
1678 1907 1883 1945 omnes
1914 1906 2045 1962 pro-

395 1995 637 2051 pensus.
673 1979 981 2051 Erantipsi
1006 1981 1122 2035 duo
1163 1980 1312 2034 servi
1355 1979 1583 2035 Borilus
1608 1984 1665 2035 et
1695 1979 2045 2045 Germanus,

398 2068 500 2140 qui
524 2085 637 2123 non
664 2068 718 2124 ei
743 2074 804 2123 ut
822 2068 969 2123 servi
999 2068 1369 2135 obediebant,
1388 2070 1488 2123 sed
1513 2085 1873 2140 quaecunque
1903 2069 2048 2140 ipsis

396 2157 669 2219 liberent,
729 2157 858 2212 sine
916 2158 1313 2213 controversia
1368 2158 1761 2230 peragebant;
1813 2162 2050 2229 propter

400 2263 549 2319 quos
571 2246 669 2301 ille
690 2246 929 2302 odiosus
953 2251 1077 2302 erat
1100 2251 1342 2303 senatus
1364 2247 1749 2319 principibus,
1782 2246 1884 2318 qui
1901 2262 2050 2319 aegre

401 2336 667 2391 ferebant
713 2336 948 2391 illorum
1001 2337 1059 2390 in
1109 2353 1309 2392 omnes
1340 2336 1615 2392 facinora.
1655 2336 1757 2392 Ubi
1796 2353 1952 2402 vero,
1988 2340 2051 2390 ut

402 2424 676 2495 superius
724 2424 1087 2480 declaratum
1139 2430 1246 2493 est,
1277 2425 1573 2497 logotheta
1623 2426 1693 2479 ad
1744 2423 2049 2479 Ruselium

405 2513 667 2585 confugit
690 2520 747 2569 et
768 2516 921 2587 apud
956 2516 1149 2586 ipsum
1185 2519 1577 2569 commoratus
1598 2518 1707 2575 est,
1740 2515 2048 2569 detonsus-

405 2619 518 2673 que
550 2603 621 2657 ab
652 2602 779 2673 ipso
813 2602 1486 2668 servabatur,Ruselium
1509 2619 1727 2657 veneno
1751 2602 2048 2657 interficit.

407 2690 514 2746 Sed
551 2708 584 2746 ο.
614 2692 958 2763 propinquis
990 2692 1204 2747 Ruselii
1238 2693 1309 2747 ad
1341 2691 1702 2747 Botauiatem
1737 2691 2050 2761 perductus

407 2780 465 2834 in
501 2780 671 2834 Prota
718 2778 912 2834 insula
968 2784 1319 2835 asservatur.
1366 2780 1631 2849 Cumque
1681 2778 1718 2832 ii
1768 2778 1869 2847 qui
1918 2795 2050 2833 cum

409 2869 539 2938 ipso
569 2871 735 2922 erant
764 2869 980 2938 optime
1012 2872 1271 2933 nossent,
1289 2868 1336 2923 si
1368 2866 1562 2921 solum
1592 2866 1787 2936 ipsum
1813 2866 2050 2933 videret,

412 2957 531 3011 fore
553 2959 617 3010 ut
636 2956 864 3011 veniam
888 2960 1365 3027 consequeretur,
1390 2959 1591 3027 utpote
1611 2954 1711 3025 qui
1736 2952 2053 3009 multarum

406 3064 600 3104 rerum
633 3064 745 3103 usu
780 3048 1054 3119 praeditus
1085 3052 1332 3109 easet,et
1362 3047 1678 3119 imperator
1707 3045 1832 3117 ipse
1864 3046 1934 3100 ad
1962 3062 2052 3101 res

404 3137 691 3208 gerendas
712 3141 871 3191 esset
891 3135 1174 3202 hebetior,
1209 3135 1307 3207 qui
1340 3152 1471 3190 cum
1507 3134 1860 3206 imperatore
1890 3139 2053 3189 erant

2140 551 2322 631 ἕτερον
2371 556 2481 609 ἀντ’
2528 554 2692 609 αὐτοῦ
2746 556 2773 609 6
2829 552 3084 629 βασιλεὺς
3130 548 3485 627 προεϐάλετο,
3538 551 3797 620 Ἰωάννην

2142 646 2232 700 καὶ
2283 645 2442 700 αὐτὸν
2490 643 2855 717 καλούμενον,
2897 646 3117 699 ’Ἁοινον
3153 640 3209 697 δὲ
3240 642 3647 715 ὀνομαζόμενον
3708 638 3801 693 διὰ

2140 736 2204 789 τὸ
2261 732 2389 807 μηδ’
2446 733 2590 795 ὅλως
2629 734 2875 808 μετέχειν
2922 732 3104 789 αὐτοῦ.
3164 730 3434 792 Ὡσαύτως
3494 727 3668 784 δὲκαὶ
3699 734 3799 782 τοῦ

2146 825 2484 898 Ἀντιοχείας
2588 822 2933 897 πατριάρχου
3015 820 3375 895 κοιμηθέντος
3457 815 3800 893 προεϐάλετο

2147 914 2174 967 6
2238 911 2495 987 βασιλεύς
2551 932 2670 966 τινα
2730 910 3039 987 Νικηφόρον
3077 955 3090 979 ,
3152 913 3373 986 Μαῦρον
3430 909 3527 976 τήν
3583 907 3800 962 ἐπωνυ-

2153 1001 2275 1076 μίαν
2335 1000 2584 1079 φέροντα.
2649 999 2900 1055 Σκοπίων
2962 996 3021 1054 δὲ
3078 996 3204 1069 δοὺξ
3254 993 3576 1073 προεϐλήθη
3610 998 3639 1051 6
3696 1003 3800 1051 Κα-

2151 1086 2378 1151 ϐασίλας
2437 1086 2788 1162 Ἀλέξανδρος
2825 1134 2837 1146 .
2898 1088 3047 1144 Λέων
3125 1085 3182 1143 δὲ
3239 1090 3267 1142 6
3329 1082 3664 1157 Διαϐατηνὸς
3719 1086 3799 1148 εἰς

2151 1174 2516 1253 Μεσημϐρίαν
2576 1176 2900 1239 ἀποσταλεὶς
2959 1178 3026 1232 τὰ
3089 1176 3258 1231 ἐκεῖσε
3306 1175 3371 1244 ἦν
3430 1173 3649 1230 διοικῶν
3710 1175 3804 1229 καὶ

2157 1270 2290 1341 μετὰ
2342 1273 2451 1321 τῶν
2508 1267 2854 1335 Πατζινάκων
2911 1266 3001 1321 καὶ
3032 1270 3139 1321 τῶν
3198 1266 3465 1337 Κομάνων
3526 1259 3803 1336 συμϐιϐά-

2153 1379 2263 1419 σεις
2319 1358 2405 1411 καὶ
2468 1353 2701 1417 σπονδὰς
2757 1356 3034 1427 τιθέμενος
3070 1396 3082 1410 .
3144 1353 3354 1409 Δέόωκε
3430 1350 3487 1408 δὲ
3558 1355 3645 1408 καὶ
3702 1353 3808 1421 τὴν

2156 1447 2375 1520 ἀνεψιὰν
2406 1445 2574 1500 αὐτοῦ
2623 1447 2651 1500 6
2704 1443 2955 1519 βασιλεὺς
2998 1445 3096 1513 τὴν
3141 1440 3477 1512 Συναδηνὴν,
3535 1443 3807 1517 θυγατέρα

2156 1534 2317 1590 οὖσαν
2376 1532 2684 1590 Θεοδούλου
2737 1538 2838 1588 τοῦ
2897 1530 3228 1603 Συναδηνοῦ,
3261 1537 3341 1604 τῷ
3388 1530 3565 1606 κράλῃ
3596 1531 3808 1606 Οὐγγα-

2160 1626 2278 1700 ρίας
2326 1623 2403 1685 εἷς
2461 1628 2711 1699 γυναῖκα,
2768 1623 2831 1676 οὗ
2896 1624 2983 1677 καὶ
3042 1621 3469 1691 τελευτήσαντος
3524 1621 3679 1683 αὖθις
3730 1641 3812 1680 εις

2157 1715 2217 1768 τὸ
2250 1713 2538 1781 Βυζάντιον
2576 1713 2892 1785 ὑπέστρεψε.
2953 1712 3051 1766 Καὶ
3083 1710 3424 1787 χειροτονίας
3477 1707 3537 1764 δὲ
3592 1708 3814 1770 πολλὰς

2081 1842 2128 1906 Β
2163 1801 2589 1877 μητροπολιτῶν
2640 1822 2699 1856 τε
2740 1801 2830 1856 καὶ
2877 1805 2984 1855 τῶν
3025 1798 3212 1862 ἄλλως
3236 1800 3545 1875 ἰερωμὲνων
3575 1794 3813 1874 γεγόναο

2275 1888 2753 1906 ..-ηκ.
2892 1889 3006 1906 ,η
3139 1885 3220 1906 ,ν
3489 1886 3722 1906 «νη

2157 1914 2236 1946 σιν
2270 1891 2357 1946 ἐπί
2388 1899 2488 1961 τῆς
2542 1888 2819 1965 βασιλείας
2848 1889 3032 1959 αὐτοῦ,
3086 1890 3161 1962 μὴ
3195 1885 3417 1963 ἔχουσαι
3450 1888 3511 1942 τὸ
3544 1886 3811 1957 ἀνεπίλη-

2156 2002 2313 2036 πτον.
2364 1982 2426 2037 Ὀ
2481 1978 2539 2035 δὲ
2590 1978 2843 2054 βασιλεὺς
2878 1978 3122 2048 λιτότητι
3172 1979 3263 2032 καὶ
3313 1975 3587 2047 ἁπλότητι
3635 1998 3817 2032 συνει-

2158 2071 2408 2143 θισμὲνος
2437 2070 2554 2125 κατ’
2594 2067 2747 2123 οὐδὲν
2777 2073 2875 2124 τοῦ
2906 2067 3109 2123 οἰκείου
3141 2066 3321 2139 ἐξέστη
3370 2066 3597 2143 τρόπου.
3631 2066 3814 2123 Φιλο-

2160 2157 2468 2234 δωρότατος
2518 2155 2576 2213 δὲ
2620 2158 2685 2226 ἦν
2734 2157 2825 2212 καὶ
2874 2157 3159 2232 προετικὸς
3207 2155 3293 2211 καὶ
3352 2162 3510 2210 πᾶσιν
3571 2156 3819 2227 ἑτοίμως

2159 2246 2593 2320 ἰπικλινόμενος.
2654 2249 2817 2302 Ἦσαν
2874 2244 2932 2300 δὲ
2958 2246 3139 2318 τούτῳ
3172 2242 3362 2300 δοῦλοι
3421 2242 3539 2311 δύο,
3573 2244 3819 2319 Βορίλος

2156 2359 2215 2392 τε
2265 2337 2354 2392 καὶ
2404 2336 2701 2410 Γερμανὸς,
2734 2336 2796 2390 o6
2845 2336 2977 2389 κατὸ
3008 2332 3241 2397 δούλους
3289 2334 3453 2389 αὐτοῦ
3514 2334 3821 2388 ὑπακούον-

2156 2448 2266 2494 τες,
2327 2424 2472 2480 ana
2517 2430 2619 2479 πᾶν
2678 2426 2739 2479 τὸ
2792 2425 2979 2486 αὐτοῖς
3043 2422 3315 2500 βουλητὸν
3347 2420 3813 2498 διαπραττόμενοι

2158 2514 2562 2576 ἀνενδοιάστος·
2613 2511 2682 2568 δι’
2731 2512 2821 2575 οὓς
2870 2514 2960 2568 καὶ
3004 2513 3263 2591 φορτικὸς
3299 2518 3415 2575 τοῖς
3443 2512 3815 2588 ἐξοχωτὲροις

2158 2612 2259 2673 τῆς
2318 2601 2626 2677 συγκλήτου
2675 2602 2989 2674 ἐνομίζετο,
3049 2599 3403 2675 δακνομὲνυις
3454 2599 3535 2677 ἐφ’
3588 2602 3670 2662 οἷς
3733 2600 3813 2662 εἷς

2160 2696 2363 2753 πάντας
2424 2688 2811 2745 ἐπεδείκνυντο.
2881 2689 3029 2746 Ἐπεί
3090 2686 3167 2756 δὲ,
3226 2691 3298 2751 ὡς
3348 2688 3571 2765 ὁλόγος
3603 2691 3817 2763 φθάσας

2163 2782 2471 2856 ἱστόρησεν,
2545 2782 2573 2834 6
2630 2778 2925 2854 λογοθὲτης
2980 2782 3059 2850 τῷ
3104 2779 3406 2851 Ῥουσελίῳ
3467 2775 3819 2852 προσέδραμε

2160 2869 2249 2924 καὶ
2304 2870 2451 2944 παρὰ
2504 2867 2684 2941 τούτῳ
2743 2865 2897 2941 διῆγε
2945 2867 3295 2943 κατασχεθείς
3349 2887 3408 2921 τε
3463 2867 3601 2943 πρὸς
3647 2866 3821 2922 αὐτοῦ

2163 2957 2431 3033 ἒτηρεῖτο,
2501 2957 2560 3011 τὸ
2643 2958 2735 3030 μὲν
2822 2955 3128 3011 Ῥουσέλιον
3217 2957 3487 3033 φαρμάκῳ
3570 2955 3821 3030 ἀναιρεῖ,

2161 3047 2306 3122 παρὰ
2358 3043 2415 3101 δὲ
2471 3050 2579 3100 τῶν
2638 3043 2964 3115 ἐπιτηδείων
3021 3049 3118 3100 τοῦ
3177 3043 3491 3102 Ῥουσελίου
3544 3048 3625 3116 τῷ
3652 3050 3822 3100 Bora-

2161 3137 2345 3210 νειάτῃ
2402 3135 2732 3210 προσαχθεὶς
2783 3138 3096 3212 φρουρεῖται
3153 3131 3206 3187 ἐν
3254 3137 3324 3198 τῆ
3381 3135 3530 3204 νήσῳ
3588 3133 3815 3207 Πρώτη.

403 3226 556 3281 haud
590 3227 913 3281 conducere
963 3225 1077 3281 sibi
1127 3226 1529 3281 existimantes
1578 3225 1722 3295 (fore
1752 3225 1906 3280 enim
1935 3224 2047 3280 sibi

2159 3229 2273 3279 Τῶν
2332 3222 2389 3278 δὲ
2429 3223 2552 3299 περὶ
2612 3210 2804 3278 αὐτῶν
2836 3220 3059 3278 εἰδότων
3116 3216 3356 3296 ἀκριϐῶς
3415 3222 3489 3283 ὡς
3545 3222 3589 3275 εἳ
3648 3221 3817 3293 μόνον

402 3314 821 3385 impedimento
885 3317 1035 3370 744
1090 3315 1564 3386 suspicabantur)
1598 3316 1779 3371 misso
1840 3330 2052 3386 magno

402 3403 784 3459 hetaariarcha
830 3406 1287 3460 Straboromano
1339 3421 1474 3458 eum
1524 3404 1924 3470 interﬁciunt;
1960 3403 2052 3458 cui

402 3497 599 3548 tamen
625 3493 696 3548 ab
722 3493 1074 3561 imperatore
1097 3494 1153 3548 id
1182 3510 1362 3547 unum
1390 3494 1732 3548 mandatum
1768 3496 1972 3563 fuerat,
1995 3496 2056 3546 ut

403 3582 474 3637 de
505 3581 578 3637 iis
611 3582 875 3653 pecuniis
924 3599 1049 3653 quae
1081 3582 1152 3636 ad
1186 3582 1403 3652 regiam
1447 3582 1649 3635 urbem
1697 3582 2058 3652 pertinerent

402 3686 537 3726 eum
571 3671 737 3727 modo
788 3671 1195 3741 interrogaret,
1249 3686 1440 3741 neque
1491 3669 1737 3725 ulterius
1788 3671 1845 3724 in
1881 3670 2054 3725 rebus

402 3760 451 3814 ei
487 3759 817 3816 molestiam
852 3760 1173 3815 exhiberet.
1209 3758 1311 3814 Ille
1342 3765 1535 3814 autem
1569 3759 1747 3815 simul
1779 3764 1953 3830 atque
1986 3759 2053 3813 ad

403 3866 534 3905 eum
566 3849 845 3920 pervenit,
869 3849 1073 3903 vinciri
1089 3849 1260 3919 jubet
1283 3854 1340 3903 et
1365 3849 1570 3902 acerbe
1600 3849 1881 3919 torqueri,
1915 3849 2057 3903 adeo

408 3943 472 3993 ut
504 3939 561 3992 in
594 3939 740 4009 ipsis
765 3938 1075 3993 tormentis
1101 3937 1357 3992 animam
1385 3936 1894 4010 efﬂarit,quamvis
1924 3954 2059 4007 pro-

408 4027 688 4093 mitteret,
719 4028 769 4081 si
802 4044 917 4081 non
953 4031 1342 4097 torqueretur,
1377 4042 1437 4081 se
1470 4031 1529 4081 et
1571 4027 1976 4082 confessurum
2006 4031 2062 4082 et

410 4115 775 4170 redditurum
830 4117 989 4186 ipsas
1042 4115 1341 4185 pecunias.
1373 4115 1609 4183 Verum,
1645 4120 1709 4169 ut
1755 4115 1893 4181 dixi,
1944 4132 2057 4169 non

408 4207 638 4259 tantum
688 4204 833 4275 ipsis
885 4221 1039 4259 curae
1071 4210 1240 4258 erant
1272 4202 1414 4274 regii
1459 4203 1743 4265 thesauri,
1776 4209 2059 4274 quantum

407 4292 636 4348 efﬁcere
671 4297 734 4346 ut
763 4310 792 4348 e
818 4293 1011 4347 medio
1037 4291 1363 4361 tolleretur,
1392 4292 1668 4361 priusque
1699 4292 1755 4345 in
1788 4308 2062 4363 conspec-

412 4386 536 4436 tum
570 4382 805 4437 veniens
854 4381 1227 4453 imperatoris
1260 4397 1393 4435 cum
1418 4396 1484 4435 eo
1516 4379 1963 4451 colloqueretur.
1998 4382 2066 4436 Et

416 4489 545 4544 qua:
570 4474 642 4528 ad
673 4473 889 4528 easdem
942 4471 1247 4543 logothetae
1298 4470 1592 4542 pertinent
1643 4470 1799 4525 hunc
1848 4472 2066 4529 exitum

420 4560 693 4619 habuere.

2164 3312 2253 3388 ἴδῃ
2313 3313 2512 3380 αὐτὸν,
2566 3310 2901 3385 συμπαθείας
2953 3332 3013 3365 τε
3063 3309 3299 3380 τεύξεται
3353 3310 3442 3365 καὶ
3497 3310 3573 3371 εἷς
3632 3311 3697 3364 τὸ
3752 3309 3822 3364 τὰ

2161 3402 2318 3458 κοινᾶ
2411 3400 2635 3456 διοικεῖν
2723 3399 3205 3477 προσληφθήσεται
3290 3400 3367 3463 ὡς
3447 3397 3816 3473 πολύπειρος,

2164 3488 2505 3565 ἂμϐλότερον
2542 3489 2678 3564 πρὸς
2732 3494 2899 3544 ταῦτα
2926 3493 3023 3544 τοῦ
3058 3487 3328 3563 βασιλέως
3376 3482 3626 3562 ἔχοντος,
3679 3488 3819 3562 ὅπερ

2167 3584 2242 3656 μὴ
2304 3582 2577 3659 συμφέρον
2614 3580 2759 3653 αὐτῷ
2788 3580 2838 3633 οἱ
2869 3580 2993 3655 περὶ
3041 3582 3133 3634 τὸν
3184 3576 3411 3653 βασιλέα
3460 3575 3819 3652 λογιζόμενοι

2165 3666 2399 3746 (ἔσεσθαι
2454 3671 2553 3746 γὰρ
2613 3668 2770 3724 αὐτὸν
2832 3668 3078 3724 σκόλοπα
3143 3668 3355 3732 ἑαυτοῖς
3412 3662 3817 3739 ὑπελάμϐανον)

2166 3758 2573 3820 ἀποστείλαντες
2628 3759 2718 3813 τὸν
2783 3757 2946 3833 μέγαν
2978 3758 3359 3831 ἓταιρειάρχην
3420 3758 3511 3811 τὸν
3568 3750 3815 3831 Στραϐο·

2168 3850 2418 3924 ρωμανὸν
2483 3848 2788 3923 ἀναιροῦσιν
2850 3847 3039 3915 αὐτὸν,
3089 3846 3235 3919 παρὰ
3295 3846 3388 3919 μὲν
3416 3849 3514 3899 τοῦ
3547 3844 3820 3921 βασιλέως

2166 3935 2634 4013 προστεταγμένον
2694 3935 2750 3990 ὅν
2810 3936 2933 4011 περὶ
2991 3939 3097 3990 τῶν
3145 3938 3214 4009 τῇ
3268 3932 3506 4009 βασιλίδι
3538 3931 3823 4006 διαφερόν-

2168 4048 2276 4082 των
2330 4027 2634 4101 χρημάτων
2687 4027 2797 4096 (51)
2854 4025 3112 4087 πυθέσθαι
3170 4023 3331 4096 μόνον
3391 4023 3559 4077 αὐτοῦ
3617 4022 3821 4095 καὶμὴ

2168 4116 2472 4191 περαιτέρω
2501 4113 2679 4186 τούτῳ
2717 4111 3037 4187 ἐνοχλῆσαι.
3072 4114 3159 4185 [Α.
3219 4113 3346 4185 852]
3386 4113 3446 4168 Ὀ
3507 4108 3563 4165 δὲ
3606 4113 3721 4183 ἅμα
3744 4116 3828 4181 τῷ

2171 4204 2451 4283 ἀφικέσθαι
2484 4200 2673 4275 δεσμεῖ
2718 4223 2775 4256 τε
2833 4202 2994 4256 αὐτὸν
3054 4202 3142 4255 καὶ
3204 4199 3374 4269 ἐτάζει
3434 4197 3705 4277 σφοδρῶς,
3765 4199 3824 4261 ὅς

2174 4293 2240 4363 δὴ
2272 4295 2358 4348 καὶ
2422 4293 2473 4347 ἐν
2513 4297 2593 4364 τῶ
2648 4292 2923 4360 ἐτάζεσθαι
2974 4291 3168 4368 ἀφῆκε,
3214 4291 3314 4357 τήν
3368 4292 3570 4363 ψυχήν.
3633 4289 3826 4347 Καίτοι

2172 4405 2235 4458 γε
2298 4384 2636 4457 ὑπισχνεῖτο,
2668 4379 2717 4435 εἴ
2750 4381 2824 4453 μή
2861 4378 3132 4449 ἰτασθείη,
3165 4376 3511 4452 ὁμολογῆσαι
3537 4381 3704 4432 ταῦτα
3733 4378 3826 4433 καὶ

2174 4468 2478 4528 ἀναδοῦναι·
2541 4467 2689 4538 ἀλλ’,
2750 4467 2930 4541 ὥσπερ
2991 4464 3149 4544 ἔφην,
3209 4466 3270 4521 οὗ
3325 4470 3581 4521 τοσοῦτον
3632 4464 3827 4539 ἔμελεν

2176 4564 2362 4624 αὐτοῖς
2390 4565 2495 4617 τῶν
2552 4559 2849 4636 βασιλικῶν
2904 4562 3214 4633 θησαυρῶν,
3246 4556 3370 4612 ὅσον
3402 4559 3629 4627 ποιῆσαι
3660 4556 3823 4611 αὐτὸν

413 4648 659 4705 ἐκποδὼν
692 4651 796 4726 πρὸ
825 4655 922 4707 τοῦ
949 4650 1024 4713 είς
1054 4646 1177 4725 ὄψιν
1211 4648 1387 4715 ἐλθεῖν
1419 4650 1509 4705 καὶ
1541 4648 1761 4724 ὁμιλίαν
1792 4654 1872 4722 τῷ
1905 4648 2138 4726 βασιλεῖ.
2171 4651 2269 4707 Καὶ
2298 4651 2365 4706 τὰ
2398 4652 2492 4725 μὲν
2524 4651 2661 4705 κατὰ
2686 4652 2786 4720 τήν
2820 4648 3088 4725 ἀναίρεσιν
3114 4652 3211 4702 τοῦ
3245 4646 3542 4723 λογοθετου
3572 4649 3827 4701 τοιοῦτον

414 4740 541 4816 ἔσχε
567 4740 753 4803 τέλος.

1726 4859 1974 4915 JACOBI
2014 4859 2235 4917 GOARI
2272 4859 2502 4916 NOTZE.

486 4962 602 5031 (51)
630 4961 761 5016 Hec
791 4960 1147 5033 logothetam
1181 4960 1371 5016 aararii
1404 4960 1741 5032 praefectum
1772 4976 1902 5016 esse
1934 4960 1983 5015 si
2014 4977 2131 5016 non
2165 4960 2531 5029 convincunt,
2566 4957 2648 5014 soi
2685 4957 2833 5013 alter
2862 4957 3107 5014 meridie
3133 4971 3458 5026 semenque
3496 4954 3639 5010 caelo
3671 4955 3833 5010 desi-

415 5033 711 5089 derandus
741 5036 849 5089 est.
