4078 6336
373 383 495 447 479

1774 387 2054 451 LEONIS
2096 386 2408 451 ALLATII

3660 382 3786 448 480

366 514 457 571 οὗν
507 515 802 592 γράμματα
848 511 1028 592 ἔλεγεν
1075 517 1103 572 ὁ
1163 515 1331 588 Λᾶων,
1381 516 1471 573 καὶ
1518 518 1751 589 ποιητὰς
1786 526 2037 592 μυπθῆν

2151 521 2302 578 tusae.
2344 524 2462 593 Ipse
2497 524 2648 579 enim
2691 538 2840 578 nunc
2884 520 3102 578 demum
3147 520 3448 577 rhetorices
3502 518 3784 576 desiderio

366 626 453 660 ναι
509 605 645 659 κατᾶ
689 605 787 673 τὴν
835 603 1121 673 Βασιλίδα,
1179 606 1476 681 ῥητορικὴν
1534 605 1612 674 δὲ,
1657 609 1745 663 καὶ
1787 608 2017 686 φιλοσο-

370 694 516 769 φίαν,
561 694 649 747 καὶ
699 695 943 766 ἀριθμῶν
995 693 1315 769 ἀναλήψεις,
1359 697 1446 751 καὶ
1500 697 1596 759 τὰς
1644 703 1750 751 τῶν
1807 697 2016 754 λοιπῶν

371 783 687 854 ὶπιστημῶν
732 780 959 860 ἐφόδους
1005 786 1141 838 κατὰ
1183 786 1281 852 τήν
1326 793 1489 855 νῆσον
1542 787 1772 861 Ἀντρον
1802 787 2020 861 γινόμε-

370 889 477 934 νος·
531 870 703 926 ὶκεῖσε
753 874 856 945 γὰρ
908 870 1188 945 σπουδαίῳ
1239 874 1346 928 τινὶ
1414 873 1652 949 ἐντυχὼν
1704 873 1858 950 ἀνδρὶ
1914 879 2020 933 Μι-

372 959 523 1038 χαὴλ
552 965 631 1031 τῷ
660 958 890 1032 Ψελλῷ,
924 960 1013 1015 καὶ
1044 962 1139 1023 τὰς
1168 963 1340 1036 ἀρχὰς
1375 963 1562 1035 μόνον,
1597 964 1686 1018 καί
1718 986 1863 1025 τινας
1921 964 2019 1019 λό-

369 1072 517 1126 γους,
548 1049 637 1104 xui
690 1050 939 1127 ἀφορμὰς
992 1046 1173 1105 λαϐὼν
1232 1053 1355 1125 παρ’
1400 1052 1583 1120 αὐτοῦ,
1618 1053 1732 1107 ἐπεὶ
1782 1056 1858 1122 μὴ
1902 1053 2025 1108 ὅσον

370 1135 628 1194 ἐϐούλετο
683 1138 914 1213 εὕρισκε,
974 1140 1305 1214 περιενόστει
1362 1142 1428 1195 τὰ
1490 1144 1827 1214 μοναστήρια
1862 1185 1874 1209 ,
1935 1143 2023 1196 καὶ

370 1229 464 1289 τὰς
521 1229 573 1282 ἰν
632 1227 815 1288 αὐτοῖς
895 1227 1257 1300 ἀποκειμένας
1337 1225 1565 1302 βίϐλους
1628 1230 1916 1305 ἀνερευνῷν
1969 1251 2026 1284 τε

373 1318 463 1371 καὶ
516 1317 899 1392 ποριζόμενος,
958 1318 1048 1370 καὶ
1127 1316 1439 1379 σπουδαίως
1513 1316 1829 1389 ἐμμελετῶν
1890 1320 2023 1393 πρὸς

372 1407 437 1461 τὸ
481 1413 581 1474 τῆς
632 1407 898 1475 τοσαύτης
948 1406 1199 1480 γνώσεως
1246 1405 1378 1479 ὕψος
1429 1401 1780 1476 ἀνεϐιϐάσθη.
1826 1412 1886 1463 Id
1919 1414 2024 1477 est,

376 1499 599 1553 Litteris
624 1504 673 1552 et
718 1499 885 1566 poetis
934 1498 1059 1561 Leo,
1091 1505 1153 1552 ut
1194 1499 1310 1565 ipse
1353 1499 1584 1567 ferebat,
1638 1499 1891 1552 initiatus
1920 1498 2030 1566 fuit

376 1586 664 1657 Byzantii.
717 1586 1086 1651 Rhetoricam,
1129 1587 1559 1657 philosophiam,
1593 1588 2027 1654 arithmeticam,

376 1679 428 1731 et
484 1675 726 1745 reliquas
781 1676 1044 1728 scientias
1104 1692 1163 1729 in
1222 1676 1389 1729 Antro
1448 1676 1633 1729 insula
1680 1674 1894 1743 didicit,
1952 1676 2030 1729 ibi

381 1772 638 1819 versatus
667 1779 792 1817 cum
847 1762 1112 1819 Michaele
1164 1764 1361 1828 Psello,
1419 1766 1717 1834 praestante
1768 1764 1906 1823 viro.
1958 1764 2027 1819 ab

2125 614 2332 679 teneor,
2364 628 2489 667 cum
2530 613 2793 668 Pholium
2830 628 3106 666 summum
3142 611 3430 683 praesidem
3447 626 3630 666 senem
3660 620 3786 664 ma"

2123 702 2359 771 gistrum
2405 702 2804 770 adinvenerim,
2838 704 2935 773 qui
2962 719 3049 756 me
3085 704 3223 758 lacte
3264 703 3537 757 enutrivit
3564 701 3783 756 divina-

2127 807 2249 844 rum
2294 792 2713 861 scaturiginum.
2753 791 2930 847 Vocat
2973 792 3245 847 Photium
3296 786 3790 864 γεροντοδιδάσκα-

2130 879 2248 946 λον,
2300 881 2387 935 vel
2439 882 2591 952 quod
2645 898 2840 948 senex,
2893 882 2981 937 vel
3036 884 3191 953 quod
3239 900 3436 938 senem
3485 882 3783 949 erudiret;

2130 972 2302 1027 ambo
2335 972 2556 1042 quippe
2599 977 2773 1027 erant
2804 977 2971 1027 astate
3008 973 3383 1043 provectiore.
3420 972 3595 1042 quue
3624 987 3787 1026 com-

2136 1061 2370 1115 modius
2424 1061 2599 1115 Leoni
2633 1060 2939 1126 successit,
2974 1062 3125 1119 inter
3171 1061 3315 1115 aula:
3360 1061 3639 1132 primates
3670 1076 3785 1115 non

2137 1153 2451 1219 postremo.
2476 1149 2620 1203 Nam
2646 1149 2887 1204 Photius
2915 1149 3198 1219 dignitate
3221 1148 3509 1220 spollatus
3539 1149 3596 1204 in
3629 1147 3791 1219 regis.

2136 1237 2335 1292 Basilii
2387 1237 2719 1293 Macedonis
2769 1238 2946 1292 vitam
2978 1254 3180 1309 agens,
3214 1239 3461 1293 Leonem
3513 1254 3577 1292 ac
3609 1240 3788 1292 Cons-

2135 1326 2451 1391 tantinum,
2485 1331 2848 1397 casterosque
2896 1326 3095 1381 Basilii
3130 1326 3278 1381 ﬁlios
3326 1327 3398 1381 ad
3450 1324 3785 1379 humanita-

2136 1421 2274 1483 tem,
2308 1415 2700 1485 eloquentiam
2734 1420 2790 1469 et
2840 1415 2985 1470 alias
3017 1414 3365 1486 disciplinas
3414 1414 3788 1469 informabat.

2136 1503 2281 1558 Hinc
2302 1506 2477 1558 etiam
2517 1503 2711 1558 aditus
2731 1503 2902 1557 Leoni
2925 1504 2995 1558 ad
3041 1504 3326 1559 diviniora
3365 1502 3560 1558 studia
3589 1517 3790 1571 capes-

2137 1592 2320 1647 senda
2356 1592 2529 1646 datus
2554 1595 2662 1647 est.
2699 1592 2759 1644 Id
2801 1591 2986 1645 habeo
3027 1607 3095 1645 ex
3119 1590 3502 1646 Constantino
3533 1589 3791 1661 Porphy-

2138 1684 2452 1751 rogenneta
2486 1683 2554 1750 (ε)
2586 1682 2657 1735 de
2686 1681 2804 1735 vita
2833 1684 2888 1734 et
2918 1681 3091 1735 rebus
3140 1682 3321 1751 gestis
3368 1678 3567 1734 Basilii
3601 1678 3789 1732 Mace-

2137 1768 2307 1823 donis
2342 1786 2353 1823 :
2387 1767 2465 1822 Οὐ
2518 1768 2612 1838 μὲν
2667 1763 2791 1820 οὑδὲ
2822 1767 2927 1840 πρὸ
2955 1765 3151 1821 τούτου
3179 1764 3391 1822 διέλιπε
3418 1765 3792 1839 φιλοφρονού-

381 1868 547 1923 eoque
602 1853 896 1923 principiis
951 1857 1169 1907 tantum
1224 1856 1277 1907 et
1329 1852 1655 1924 quibusdam
1716 1854 2024 1923 prmeeptis,

393 1940 758 1964 -_-_-.'--A:L---
827 1942 1070 1964 J.‘-----J:
1155 1942 1207 1964 ἐμ
1224 1948 1452 1964 -1“-.-A-.-
1544 1958 1715 1964 -Α---.-
1794 1950 2005 1964 Α---ι-.κ--

2151 1875 2300 1928 μενος
2343 1854 2525 1921 αὐτὸν,
2582 1855 2819 1926 Φώτιον,
2878 1852 2965 1908 καὶ
3018 1860 3193 1927 τιμῶν
3257 1851 3345 1908 διὰ
3398 1855 3495 1922 τὴν
3548 1852 3599 1908 ἐν
3642 1852 3792 1924 αὐτῷ

2320 1940 2343 1964 δ
2439 1944 2451 1959 ε
2665 1942 2675 1964 t
2986 1943 2999 1960 κ
3067 1943 3080 1964 9
3207 1945 3221 1964 I
3344 1945 3356 1961 ι
3377 1951 3391 1964 ι
3413 1942 3434 1964 \
3458 1944 3470 1964 ι
3500 1943 3514 1961 \
3630 1939 3653 1961 ﬂ
3747 1939 3791 1964 ,ι

384 1940 758 1999 occasionibus
820 1942 1070 1996 discendi
1154 1942 1472 2007 instructus,
1540 1958 1716 2011 neque
1790 1950 2031 2009 tantum,

382 2036 647 2105 quantum
677 2030 1026 2085 desiderabat
1048 2030 1296 2101 adeptus,
1330 2033 1672 2086 monasteria
1699 2036 2033 2103 pervagatus

383 2124 482 2188 est,
520 2120 790 2190 librosque
830 2120 890 2173 in
922 2120 991 2173 iis
1021 2120 1279 2189 repositos
1306 2122 1648 2190 perquirens,
1689 2128 1854 2191 atque
1880 2137 2035 2175 scru-

386 2219 532 2279 tans,
562 2207 903 2277 studioseque
948 2208 1220 2263 meditans
1250 2208 1324 2263 ad
1370 2214 1535 2263 tantae
1563 2209 1832 2266 doctrina?
1875 2211 2035 2279 [asti-

385 2300 540 2368 gium
595 2298 795 2352 evasit.
858 2296 1107 2351 Leonem
1164 2298 1369 2367 primis
1442 2297 1655 2353 litteris
1713 2298 2033 2364 initiatum,

386 2386 682 2455 Musisque
710 2384 912 2439 litasse
944 2384 1199 2452 Byzantii
1232 2386 1415 2441 vides.

464 2475 558 2530 III.
594 2474 860 2529 Profanis
913 2477 1106 2528 tamen
1140 2474 1350 2529 studiis
1400 2474 1837 2547 Gentiliumque
1867 2475 2040 2531 disci-

390 2563 568 2637 plinis
627 2562 1090 2627 addictissimus,
1151 2580 1273 2618 rem
1345 2564 1738 2620 Christianam
1799 2565 2038 2620 omnino

392 2653 747 2724 neglexerat,
810 2652 953 2706 adeo
1012 2658 1076 2706 ut
1131 2652 1337 2707 multis
1393 2652 1544 2722 aliis,
1604 2660 1661 2708 et
1717 2654 2039 2724 praesertim

392 2740 771 2796 Constantino
820 2740 1127 2811 discipulo,
1161 2740 1323 2795 visus
1373 2742 1468 2807 sit,
1502 2743 1805 2812 repudiata
1845 2742 2039 2797 Chris-

388 2819 690 2887 tianorum
750 2828 884 2897 ﬁde,
936 2829 994 2883 in
1052 2829 1455 2900 gentilismum
1517 2835 1574 2884 et
1632 2830 1828 2885 futiles
1898 2830 2044 2885 anti-

394 2934 645 2991 quorum
692 2921 1019 2973 Grecorum
1079 2914 1298 2977 τελετὰς
1370 2917 1633 2972 animum
1694 2919 2041 2989 applicasse,

398 3007 743 3078 cultumque
792 3005 1215 3075 exosculatum,
1261 3007 1400 3061 deos
1433 3006 1697 3078 improbe
1746 3009 2039 3063 adorasse.

396 3097 522 3156 Viri
553 3097 856 3168 ingenium
906 3095 1184 3151 conviciis
1232 3096 1653 3151 Constantinus
1686 3097 1896 3151 acriter
1923 3114 2046 3153 ver-

398 3186 641 3250 beravit,
675 3188 731 3240 et
778 3184 1037 3239 carmine
1085 3184 1338 3255 elegiaco
1382 3185 1702 3239 insectatus
1748 3191 1857 3253 est,
1892 3186 2041 3256 quod

396 3277 478 3332 ita
507 3275 722 3331 clausit
758 3291 770 3328 :

395 3394 572 3460 Ταῦτα
602 3385 659 3442 δὲ
689 3391 1087 3460 Κωνσταντῖνος
1122 3387 1149 3440 ὁ
1180 3393 1279 3460 σῇς
1311 3385 1453 3460 γάλα
1484 3384 1871 3459 Καλλιοπείης,

467 3458 644 3535 Καλὸν
675 3456 1071 3535 ᾁμελξάμενος,
1104 3459 1265 3535 φησὶν
1301 3456 1694 3535 ἐπισταμένως,

395 3534 494 3595 "Oc
520 3533 587 3607 ῥα
615 3529 738 3607 τεῆς
768 3529 995 3607 κραδίης
1031 3529 1304 3607 eorm/ma
1337 3529 1777 3607 λεῖτῖφλογῆάαε·

471 3601 601 3679 Ὀψὲ
635 3601 1374 3679 μόγιςκακίην-κιυθομὲνην
1411 3601 1594 3674 tam.

400 3725 458 3778 Id
513 3726 602 3777 est
652 3741 663 3778 :
718 3723 792 3794 [3]
843 3724 964 3777 [12c
1010 3737 1134 3777 vero
1185 3722 1596 3789 Constantinus,
1652 3722 1748 3791 qui
1796 3725 1908 3777 tua?
1956 3722 2050 3776 lac

401 3812 664 3883 Calliopes
708 3811 1002 3882 pulchrum
1051 3811 1243 3875 ebibit,
1292 3813 1544 3881 expertus
1591 3809 1769 3864 dicit:
1813 3811 1919 3878 Qui
1965 3812 2051 3865 tui

397 3903 577 3957 cordis
623 3917 831 3955 arcana
882 3901 1076 3953 intime
1105 3897 1437 3968 expendens,
1473 3897 1695 3953 tandem
1748 3899 2047 3968 aliquando

400 3990 753 4061 iniquitatem
782 3987 1056 4044 occultam
1085 3989 1318 4057 percepi.
1354 3987 1639 4056 Discipuli
1691 3988 2047 4042 calumniam

402 4078 627 4135 Psellus
659 4093 809 4148 aegre
839 4076 993 4139 tulit,
1028 4082 1085 4131 et
1111 4076 1373 4130 carmine
1404 4076 1675 4142 iambico,
1704 4092 1891 4146 eoque
1918 4092 2049 4147 pro-

398 4167 535 4235 lixo,
568 4184 683 4237 quo
715 4182 776 4220 se
806 4165 1018 4219 Christi
1069 4163 1376 4230 asseclam,
1409 4168 1465 4218 et
1512 4164 1773 4235 gentium
1819 4165 2049 4219 hostem

402 4254 594 4326 palam
645 4255 875 4319 fatetur,
910 4252 1187 4321 injuriam
1241 4252 1621 4322 propulsavit.
1665 4252 1909 4307 Carmen
1942 4252 2053 4307 ele-

403 4342 841 4415 gantissimum,
875 4340 1027 4395 sicut
1068 4345 1123 4395 ct
1162 4340 1277 4396 alia
1322 4341 1586 4410 ejusdem
1633 4340 1851 4396 inedita
1897 4342 2051 4412 apud

408 4448 501 4487 me
552 4436 731 4497 sunt;
765 4434 822 4484 et
870 4429 975 4483 tibi
1024 4446 1137 4484 non
1189 4429 1551 4499 invidissem,
1602 4430 1702 4484 sed
1752 4429 2054 4484 brevitatis

404 4520 601 4575 studio
634 4519 690 4574 in
744 4518 858 4573 alia
890 4520 1078 4589 magis
1132 4518 1463 4574 necessaria
1505 4519 1705 4573 ducor.
1739 4517 1811 4572 Ut
1858 4522 2053 4573 tamen

408 4606 619 4663 melius
641 4622 731 4661 res
754 4608 830 4661 Cb
842 4607 1119 4662 ristianas
1142 4611 1543 4676 pertractaret,
1576 4606 1781 4661 Photio
1806 4607 2054 4675 patriar-
2086 4640 2131 4703 Β

403 4695 526 4751 abte
557 4700 687 4764 post
718 4693 927 4766 Ignatii
966 4693 1419 4758 restitutionem,
1448 4693 1518 4746 ad
1543 4693 1820 4764 mysteria
1843 4698 2052 4747 nostras

401 4784 535 4839 ﬁdei
585 4782 962 4847 addiscenda,
1014 4786 1203 4836 totum
1236 4798 1297 4835 se
1346 4780 1607 4846 tradidit,
1640 4798 1673 4835 a
1704 4797 1818 4851 quo
1858 4781 2055 4837 divina

401 4873 669 4927 doctrina
728 4871 1077 4936 instructus,
1136 4869 1428 4940 prioribus
1486 4869 1701 4925 studiis
1754 4869 2051 4940 valedixit,

402 4964 557 5032 quod
590 4961 716 5032 ipse
747 4959 1001 5031 elegiaco
1036 4957 1133 5013 illo
1158 4957 1415 5013 carmine
1443 4958 1618 5013 refert
1653 4975 1666 5012 :

402 5081 569 5159 Ἕρῥε
623 5102 735 5155 μοι,
788 5082 832 5135 ὦ
881 5078 1201 5154 τριτάλαινα
1255 5079 1557 5152 Πολύμνια.
1617 5078 1865 5159 "Eppia,
1906 5080 2053 5134 Μοῦ-

1871 5171 1955 5204 σαι

472 5223 817 5301 Αὗταρμέγὼν
852 5221 957 5277 ἀπὸ
990 5226 1078 5276 νῦν
1115 5218 1658 5301 ῥητορικῆςἔραμιαι³
1847 5153 1865 5223 [
1966 5195 1978 5220 ’

404 5274 922 5388 ΦώτιονΓάρξεξερῆα
951 5274 1729 5388 ἔτεροντέδιδξὶτκαλοδν,εὐρῶν,

474 5371 538 5388 ..η
910 5371 925 5388 ,
1086 5371 1096 5388 .
1127 5387 1131 5388 ν
1199 5378 1220 5388 η
1507 5386 1555 5388 ﬂ,

497 5372 570 5431 Ος
607 5390 673 5441 με
690 5367 925 5445 falle-mf
953 5367 1167 5443 ἔθρεψεν
1197 5367 1353 5430 θείων
1384 5367 1658 5439 ναμάτων.

404 5494 465 5549 Id
498 5500 587 5551 est
619 5514 632 5551 :
672 5498 795 5552 Vale
825 5497 1022 5563 mihi,o
1052 5500 1133 5551 ter
1161 5492 1481 5550 miseranda
1510 5493 1823 5565 Polymnia.
1849 5491 2048 5561 Valete,

2141 1940 2490 2010 παντοδαπὴν
2551 1942 2738 2021 σοφίαν
2799 1964 2857 1997 τε
2913 1943 3002 1998 καὶ
3057 1943 3252 2019 ἀρετήν
3289 1987 3301 2000 .
3344 1942 3524 1999 Ἀλλὰ
3591 1939 3685 1996 κᾶν
3742 1939 3791 1996 εἲ

2140 2035 2239 2095 τῆς
2292 2030 2549 2106 καθέδρας
2600 2034 2944 2105 μετέστησεν,
2996 2030 3147 2086 οὐδὲν
3206 2036 3303 2089 τοῦ
3362 2029 3572 2087 δικαίου
3611 2030 3783 2094 θέλων

2143 2120 2285 2196 ἄγειν
2337 2120 2681 2195 ἐπίπροσθεν,
2741 2120 2892 2193 ὅμως
2947 2122 3051 2175 τῶν
3111 2121 3186 2182 εἷς
3240 2120 3580 2195 παραμυθίαν
3633 2116 3786 2174 οὐδὲν

2144 2207 2356 2265 ἐνὲλιπε
2403 2210 2803 2284 παρεχόμενος.
2854 2211 3014 2273 ’Όθεν
3061 2210 3157 2264 κάν
3184 2215 3301 2271 τοῖς
3350 2208 3647 2285 βασιλείοις
3671 2205 3790 2262 δια-

2142 2293 2335 2369 τριϐὴν
2368 2297 2513 2369 αὐτῷ
2562 2295 2688 2360 δοὺς
2736 2303 2843 2352 τῶν
2896 2296 3109 2352 οἰκείων
3146 2296 3351 2353 παίδων
3386 2295 3627 2368 ἀπέδειξε
3657 2318 3793 2350 παι-

2148 2387 2340 2455 δευτὴν
2395 2387 2483 2441 καὶ
2542 2385 2883 2443 διδάσκαλον.
2935 2390 2991 2443 ld
3030 2406 3041 2442 :
3077 2395 3163 2444 est
3219 2390 3397 2461 Neque
3446 2405 3569 2444 vero
3628 2396 3793 2442 antea

2148 2478 2510 2532 humanitatis
2540 2479 2601 2531 in
2629 2492 2774 2543 eum,
2808 2478 3082 2542 Photium,
3117 2477 3297 2531 studia
3316 2478 3752 2545 prtetermiseral
3778 2492 3798 2528 :

2147 2568 2395 2637 quinimo
2441 2569 2661 2636 prapter
2704 2565 3076 2621 omnimodam
3127 2567 3183 2619 in
3229 2581 3289 2621 eo
3339 2566 3669 2636 sapientiam
3732 2579 3799 2617 ac

2148 2657 2407 2711 virtutem
2464 2656 2761 2710 honoribus
2819 2656 3002 2708 auxit.
3039 2656 3100 2709 Et
3157 2655 3283 2709 licet
3333 2670 3368 2709 α
3420 2650 3804 2724 patri'archali

2148 2745 2273 2801 sede
2319 2745 2646 2809 dimovisset,
2669 2745 2909 2813 justitiae
2954 2745 3176 2810 primas
3215 2743 3527 2809 concedens,
3560 2746 3805 2795 attamen

2150 2835 2338 2890 omnia
2368 2834 2427 2887 in
2459 2848 2603 2897 eum,
2635 2832 2830 2903 quibus
2878 2833 3051 2886 solari
3087 2842 3281 2902 posset,
3313 2833 3500 2903 ofﬁcia
3546 2830 3799 2886 contulit.

2157 2923 2303 2981 Unde
2338 2930 2392 2977 et
2442 2923 2504 2976 in
2548 2923 2757 2992 regiam
2812 2929 3093 2976 evocatum
3140 2923 3500 2991 propriorum
3546 2918 3803 2989 ﬁliorum

2154 3012 2567 3082 informatorem
2594 3026 2664 3065 ac
2689 3011 3024 3078 magistrum
3052 3012 3356 3065 constituit.

2230 3191 2305 3261 [4]
2361 3190 2452 3244 IV.
2506 3190 2615 3244 Leo
2647 3189 2865 3259 itaque,
2918 3190 3037 3244 sive
3078 3188 3374 3243 tradendis
3422 3186 3811 3258 philosophias

2075 3266 2118 3331 C
2160 3294 2423 3347 munere,
2455 3279 2576 3333 sive
2608 3278 2968 3349 prastantia,
3000 3294 3116 3347 qua
3162 3280 3219 3331 et
3260 3276 3386 3346 ipse
3438 3275 3495 3328 in
3547 3274 3813 3345 philoso-

2153 3369 2341 3441 phicis
2387 3366 2533 3422 alios
2578 3366 2912 3436 superabat,
2950 3364 3286 3436 philosophi
3332 3363 3445 3419 sibi
3476 3378 3809 3433 cognomen

2154 3456 2484 3513 vindicavit.
2522 3456 2580 3510 Id
2632 3472 2765 3509 cum
2815 3453 3221 3509 ecclesiasticas
3280 3468 3492 3524 parens
3551 3450 3811 3505 historia

2154 3547 2215 3601 in
2274 3543 2596 3600 Annalibus
2648 3548 3009 3611 annotasset,
3061 3559 3215 3597 anno
3267 3541 3496 3596 Domini
3546 3540 3651 3594 859
3699 3539 3813 3594 Mi-

2156 3633 2414 3689 chaelem
2451 3632 2703 3687 Psellum
2740 3632 3030 3696 ﬂoruisse,
3054 3648 3170 3685 non
3202 3630 3525 3699 incongrue
3554 3628 3790 3683 afﬁrma

2155 3728 2253 3777 νή.
2290 3723 2365 3777 Eo
2399 3736 2654 3790 namque
2706 3724 2967 3789 tempore
3019 3718 3261 3773 Michael
3314 3717 3539 3772 Psellus
3588 3733 3705 3770 non
3738 3715 3813 3769 il-

2158 3812 2432 3866 laudatus
2461 3810 2547 3864 vir
2578 3810 2635 3863 in
2668 3807 3121 3879 philosophandi
3151 3806 3397 3863 scientia
3427 3806 3807 3877 probabatur,
3876 3860 3880 3863 .

2156 3918 2189 3955 a
2221 3898 2497 3954 Michaele
2545 3897 2725 3951 altero
2779 3896 2966 3951 Psello
3017 3896 3127 3950 sub
3175 3895 3557 3950 Constantino
3605 3899 3661 3947 et
3706 3894 3813 3946 Mi-

2157 3987 2358 4043 chaele
2390 3986 2586 4051 Ducis,
2622 3986 3075 4054 diversus,quos
3105 3999 3313 4054 parum
3347 3986 3515 4037 caute
3547 3981 3817 4052 plerique

2158 4075 2607 4140 confundentes,
2643 4074 2858 4128 misere
2915 4072 3173 4128 historias
3231 4071 3495 4126 ordinem
3551 4087 3616 4124 ac
3674 4074 3819 4125 tem-

2162 4182 2298 4237 pora
2330 4163 2772 4235 perturbarunt,
2806 4162 2948 4217 adeo
2981 4168 3045 4215 ut
3076 4178 3187 4216 non
3224 4175 3393 4215 nemo
3443 4159 3501 4213 in
3538 4157 3823 4229 paucissi-

2163 4254 2276 4308 mis
2305 4252 2496 4307 verbis
2521 4268 2696 4321 qusm
2722 4250 2978 4321 plurima
3001 4249 3306 4304 mendacia
3326 4254 3384 4303 et
3408 4264 3595 4318 nugas
3628 4246 3824 4317 legen-

2160 4342 2319 4397 tibus
2348 4341 2644 4396 obtrudat.
2690 4340 2773 4393 Ne
2804 4339 3025 4393 nimius
3051 4339 3256 4406 sim,en
3291 4336 3549 4407 Gregorii
3580 4334 3822 4407 Gyraldi

2164 4431 2336 4485 verba
2367 4431 2439 4484 De
2468 4434 2607 4499 poet.
2640 4429 2854 4497 histor.,
2906 4426 3145 4497 Dialogo
3174 4428 3210 4481 5
3244 4442 3256 4480 :
3299 4428 3425 4479 Fuit
3449 4425 3677 4496 quidem
3708 4440 3819 4478 non

2165 4519 2453 4574 incelebris
2510 4519 2613 4572 Leo
2666 4516 2789 4581 ille,
2824 4517 2921 4587 qui
2972 4514 3188 4570 Basilii
3240 4516 3410 4584 ﬁlius,
3456 4514 3823 4583 Philosophus

2163 4609 2576 4677 cognominatus
2619 4614 2720 4671 est,
2773 4608 2867 4677 qui
2916 4606 3138 4659 circiter
3184 4620 3395 4658 annum
3440 4603 3544 4656 887
3576 4620 3609 4656 a
3654 4602 3822 4658 Verbo

2163 4698 2276 4752 Dei
2303 4699 2604 4766 corporato,
2636 4695 2901 4763 Byzantii
2945 4697 3000 4747 et
3048 4694 3286 4749 Orientis
3341 4692 3505 4747 annis
3533 4693 3604 4745 25
3643 4692 3823 4761 impe-

2162 4786 2312 4839 rium
2364 4785 2560 4849 tenuit,
2601 4783 2755 4848 cuius
2806 4782 2955 4851 ﬁlius
3002 4782 3400 4836 Constantinus
3460 4781 3633 4834 Ducas
3685 4781 3820 4850 luit,

2162 4874 2262 4944 qui
2290 4880 2340 4927 et
2372 4871 2437 4926 de
2470 4871 2794 4925 Christiana
2822 4868 3099 4940 religione
3140 4869 3310 4939 probe
3350 4869 3544 4932 sensit,
3576 4872 3629 4921 et
3675 4869 3825 4937 opti-

2162 4963 2269 5016 mis
2299 4961 2511 5015 artibus
2542 4964 2593 5015 et
2639 4958 2948 5030 disciplinis
2995 4973 3217 5029 operam
3261 4958 3481 5012 naviter
3524 4957 3826 5027 impendit.

2164 5049 2338 5118 Hujus
2399 5048 2757 5103 Constantini
2807 5046 2948 5101 liber
2996 5046 3095 5100 ille
3148 5044 3453 5099 celebratus
3506 5050 3605 5109 est,
3662 5058 3831 5112 quem

2162 5137 2406 5191 moriens
2432 5138 2672 5191 Romano
2702 5135 2823 5204 ﬁlio
2853 5135 3098 5203 reliquit,
3118 5136 3180 5186 in
3207 5148 3312 5203 quo
3340 5147 3619 5187 summam
3654 5135 3831 5187 totius

2164 5227 2406 5296 imperii,
2462 5227 2739 5280 sociorum
2793 5224 3029 5293 [δάεν-α,
3090 5222 3333 5276 hostium
3388 5222 3556 5287 vires,
3584 5234 3711 5291 quae
3772 5235 3804 5275 e

2164 5323 2385 5383 quantae
2414 5322 2606 5381 essent,
2640 5313 2864 5383 aliaque
2892 5315 3086 5367 omnia
3131 5310 3201 5364 ad
3233 5312 3530 5380 imperium
3577 5312 3833 5379 spectan-

2166 5409 2247 5457 tia
2301 5404 2617 5473 complexus
2669 5412 2747 5457 est
2780 5417 2794 5455 :
2825 5416 2983 5473 quem
3042 5400 3251 5453 librum
3302 5398 3459 5453 hodie
3506 5399 3836 5453 Venetorum

2168 5491 2477 5561 respublica
2528 5492 2589 5544 in
2618 5506 2722 5545 sua
2740 5490 3014 5561 peculiari
3046 5486 3373 5542 bibliotheca
3404 5486 3837 5555 diligentissime

2006 5607 2234 5665 NOT/E.

477 5684 549 5755 (ε)
583 5683 642 5741 In
673 5683 869 5741 Allatii
901 5682 1263 5757 Symmictis,
1300 5697 1356 5753 p.
1390 5681 1480 5736 83.
