4078 6336
248 408 365 468 481

1507 400 1879 463 DIA'I‘RIBA
1924 399 2024 460 DE
2067 398 2408 464 PSELLIS.

3550 407 3669 467 482

251 538 530 595 custodire
555 538 714 609 facit.
762 536 936 608 Hujus
980 551 1194 608 quoque
1247 535 1596 590 Constantini
1643 538 1906 605 tempore,
1937 533 1988 600 Α
2023 533 2145 588 tino
2201 534 2361 590 Duca
2412 537 2556 591 forte
2612 553 2814 592 verum
2875 535 3069 593 fuerit.
3131 538 3348 592 Verum
3412 553 3668 608 quanam

251 631 348 684 vir
375 644 501 683 cum
543 629 603 680 in
635 628 788 682 omni
818 625 1136 680 liberalium
1182 624 1390 678 artium
1434 624 1687 689 scientia,
1741 622 1833 677 sed
1864 627 1916 677 et

259 717 691 790 peregrinarum
739 715 929 787 floruit
978 714 1045 768 Μ.
1098 713 1336 779 Psellus,
1383 713 1540 783 cujus
1590 728 1917 767 mnumera-

263 807 343 862 les
369 822 510 876 pene
557 804 694 858 libri
740 805 1088 858 curiosorum
1135 805 1188 856 et
1233 801 1610 856 studiosorum
1666 803 1921 856 manibus

261 903 542 951 teruntur.
573 893 651 948 Ad
680 894 826 948 hunc
854 902 999 948 certe
1028 891 1452 947 Constantinum
1505 890 1679 944 Pselli
1723 889 1788 944 de
1837 892 1921 944 vi-

263 988 386 1040 etus
437 985 670 1053 ratione,
706 983 806 1038 hoc
854 990 950 1050 est,
983 982 1051 1038 de
1082 982 1254 1038 ἀίδια
1285 984 1333 1034 et
1361 979 1429 1035 de
1458 997 1594 1035 auro
1625 980 1922 1049 conﬁcien-

261 1074 356 1140 do,
390 1074 488 1128 hoc
516 1077 618 1142 est,
653 1073 1002 1143 Chrysopwia
1054 1072 1186 1126 libri
1230 1075 1469 1137 exstant,
1521 1085 1658 1140 quos
1700 1071 1926 1141 quidam

263 1179 379 1218 non
409 1179 541 1218 sane
589 1162 840 1217 indoctus
889 1160 1250 1216 Constantino
1297 1173 1494 1230 magno
1537 1157 1693 1213 datos
1730 1174 1924 1229 perpe-

264 1269 394 1307 ram
426 1254 598 1306 etiam
626 1253 826 1321 scripto
846 1249 1086 1305 credidit
1117 1266 1131 1304 :
1161 1253 1220 1304 ut
1253 1248 1658 1303 Commentaria
1687 1249 1925 1314 mittam,

264 1355 397 1413 quas
448 1342 511 1395 in
561 1340 861 1395 Zoroastris
912 1339 1208 1394 Chaldaica
1261 1336 1503 1408 symbolo
1557 1336 1832 1406 leguntur,
1878 1341 1929 1390 et

267 1432 526 1486 Canones
572 1430 985 1492 astronomicos,
1037 1433 1185 1492 etc.;
1235 1430 1291 1480 et
1326 1425 1526 1496 paucis
1554 1424 1876 1494 interjectis
1913 1441 1926 1478 :

265 1521 397 1574 Fuit
429 1527 482 1574 et
511 1518 677 1588 hujus
713 1517 1058 1572 Constantini
1109 1516 1276 1571 Duce:
1319 1515 1494 1583 ﬁlius,
1544 1522 1598 1569 et
1644 1514 1709 1568 Μ.
1766 1512 1933 1569 Pselli

267 1607 608 1678 discipulus,
663 1605 909 1662 Michael
939 1606 1117 1660 Ducas
1147 1606 1448 1675 imperator
1479 1603 1932 1673 Constantinopo-

270 1699 512 1763 lilanus,
564 1696 661 1766 qui
712 1711 745 1748 α
792 1701 940 1764 fame
987 1703 1042 1747 et
1094 1695 1356 1763 penuria,
1404 1707 1532 1762 quae
1587 1693 1646 1746 in
1704 1691 1931 1746 exordio

264 1789 387 1858 ejus
417 1787 770 1857 principatus
794 1780 1455 1849 Constantinopolitanam
1488 1782 1678 1835 urbem
1721 1781 1934 1835 invase-

262 1881 378 1941 rat,
432 1875 859 1945 Parapinaceus
918 1871 1335 1942 cognominatus
1387 1871 1516 1940 fuit.
1569 1870 1664 1925 llic
1714 1869 1932 1941 quidem

265 1964 505 2020 Michael
553 1966 755 2020 caetera
808 1965 1034 2032 ignarus
1080 1976 1144 2014 ac
1189 1975 1366 2014 socors
1412 1960 1524 2013 nisi
1580 1958 1720 2028 quod
1780 1959 1933 2013 bonis

267 2055 496 2110 artibus
525 2053 627 2107 sub
659 2051 837 2106 Psello
860 2051 1113 2122 profecit,
1147 2053 1316 2118 atque
1344 2049 1624 2118 imprimis
1666 2050 1727 2101 in
1772 2049 1935 2118 facti-

266 2143 460 2198 tandis
492 2140 766 2205 versibus,
800 2155 906 2209 qua
938 2140 995 2192 in
1026 2153 1085 2191 re
1121 2136 1315 2193 Graeca
1349 2135 1516 2191 illum
1552 2139 1930 2208 imperatorem

267 2230 630 2289 commendat
662 2229 924 2284 historia.

338 2321 409 2374 V.
445 2320 629 2374 Miror
657 2317 956 2372 hominem
993 2333 1148 2371 sanae
1184 2314 1399 2369 mentis
1433 2320 1550 2368 tam
1605 2314 1933 2369 inconside-

274 2414 402 2465 rate
433 2408 723 2462 locutum.
760 2411 867 2460 Leo
897 2405 1316 2474 Philosophus,
1351 2404 1462 2458 Leo
1493 2401 1574 2456 illi
1624 2408 1713 2458 est
1760 2402 1938 2473 impe-

279 2504 464 2565 rator,
515 2495 718 2550 Basilii
778 2495 958 2548 ﬁlius.
1015 2493 1204 2548 Error.
1248 2493 1484 2547 Certum
1545 2497 1635 2546 est
1693 2497 1934 2546 Leonem

270 2587 703 2657 imperatorem
736 2581 1207 2646 humanioribus,
1261 2579 1685 2652 philosophicis
1735 2580 1938 2636 sacris-

278 2691 395 2748 que
451 2673 673 2729 studiis
723 2671 1198 2728 addictissimum
1260 2669 1538 2740 plurima,
1589 2687 1711 2739 quas
1760 2670 1936 2724 etiam

277 2767 535 2827 exstant,
562 2761 938 2815 laudabiliter
965 2760 1023 2814 in
1057 2758 1506 2830 disciplinarum
1539 2760 1696 2813 omni
1731 2774 1938 2830 genere

278 2851 733 2922 conscripsisse:
757 2849 1004 2919 ideoque
1035 2846 1224 2924 σοφὸν,
1256 2847 1577 2918 sapientem
1612 2847 1686 2918 [5]
1721 2847 1939 2902 scilicet

275 2940 787 3011 cognominatum,
822 2942 880 2992 at
908 2953 1210 3008 nunquam
1246 2935 1327 2989 illi
1363 2935 1696 3007 philosophi
1728 2952 1935 2991 nomen

281 3031 641 3086 attributum
678 3027 750 3082 ab
781 3025 1201 3082 eruditioribus
1233 3031 1339 3080 est.
1387 3026 1466 3078 Ex
1516 3025 1703 3080 Leone
1746 3025 1938 3096 itaque

281 3135 403 3174 non
440 3116 819 3186 Pbilosopbo,
852 3115 1035 3170 altero
1060 3113 1334 3184 Sapiente
1384 3130 1564 3168 unum
1616 3113 1756 3168 facit
1805 3114 1940 3169 Leo-

278 3223 442 3276 nem,
477 3221 736 3275 eumque
765 3204 952 3271 tilium
985 3202 1206 3257 Basilii.
1241 3201 1576 3272 lmperitius
1607 3201 1808 3273 lapsus
1847 3210 1938 3257 est

277 3265 494 3351 auctnr
524 3265 745 3348 Theatri
771 3268 902 3348 vitae
929 3296 1201 3359 humanae,
1235 3265 1350 3344 vol:
1382 3291 1537 3359 XXI,
1569 3265 1682 3345 lib:
1705 3308 1766 3357 ιι,
1800 3307 1930 3363 pag.
1965 3265 2008 3332 Ε

277 3385 446 3440 3759.
493 3384 715 3438 Litteris
763 3383 864 3436 Leo
913 3379 1276 3450 Philosophus
1326 3381 1626 3450 imperator
1677 3381 1941 3436 initiatus

278 3474 398 3546 fuit
442 3472 731 3543 Byzantii,
783 3469 1138 3536 rethoricam,
1194 3467 1622 3538 philosophiam,
1672 3470 1941 3524 arithme-

288 3565 465 3618 ticam
498 3565 551 3615 et
580 3561 834 3630 reliquas
862 3559 1118 3612 scientias
1164 3558 1224 3610 in
1275 3558 1447 3610 Antro
1495 3557 1678 3611 insula
1727 3557 1940 3626 didicit,

281 3653 366 3706 ibi
400 3655 656 3707 versatus
685 3664 809 3702 cum
833 3646 1093 3701 Michaele
1145 3645 1341 3700 Psello.
1395 3644 1686 3701 Cedrenus.
1733 3647 1946 3719 Ingens

287 3755 436 3796 sane
467 3736 843 3808 imperatoris
872 3740 926 3790 et
958 3735 1178 3789 ardens
1210 3734 1494 3802 studium,
1530 3734 1664 3790 licet
1694 3737 1946 3791 auctori-

284 3834 383 3884 tas
415 3833 476 3883 et
528 3825 838 3881 facultates
889 3823 1085 3893 nullas,
1134 3822 1235 3894 qui
1287 3822 1488 3878 relicta
1535 3825 1709 3879 domo
1760 3825 1950 3896 negle-

289 3918 530 3986 ctisque
560 3915 778 3968 summi
812 3913 1028 3984 fastigii
1061 3912 1289 3983 opibus,
1322 3911 1380 3965 in
1411 3913 1666 3967 insulam
1699 3919 1946 3970 Antrum

289 4022 402 4078 pro
434 4003 817 4075 capessendis
847 4001 1177 4072 disciplinis
1207 4001 1277 4054 ad
1312 3999 1661 4070 magistrum
1697 4002 1947 4058 Psellum

290 4091 703 4167 pererraverit.
740 4091 943 4146 Nonne
973 4089 1159 4145 multo
1191 4088 1465 4154 facillius,
1497 4091 1758 4161 pramio,
1791 4093 1949 4162 quod

287 4188 550 4257 poterat,
589 4179 841 4234 maximo
875 4179 1194 4250 proposito,
1229 4176 1453 4232 Psellus
1484 4184 1724 4234 vocatus
1762 4197 1952 4237 acces-

289 4271 524 4329 sisset?
559 4269 796 4324 Falsum
830 4268 1007 4322 stiam
1041 4272 1132 4322 est
1179 4265 1236 4321 id
1289 4282 1548 4321 asserere
1599 4269 1948 4338 Cedrenum,

288 4361 392 4433 qni
429 4357 857 4428 Philosophum
886 4357 1128 4412 Leonem
1162 4372 1195 4410 a
1231 4357 1410 4410 Leone
1439 4356 1709 4426 Sapiente
1741 4364 1798 4414 et
1844 4361 1950 4414 im-

293 4452 572 4522 peratore
627 4447 925 4501 diversum
987 4444 1170 4500 novit.
1230 4444 1300 4498 Et
1356 4443 1589 4498 Cedrini
1650 4448 1824 4502 verba
1881 4449 1952 4505 de

295 4539 491 4594 Leone
518 4533 876 4605 Pbilosopho
909 4539 1069 4603 sunt,
1102 4550 1228 4605 qua:
1260 4549 1440 4602 supra
1469 4534 1843 4593 adduximus.

370 4625 680 4696 VLPergit
708 4623 994 4695 Gyraldus
1030 4639 1042 4677 :
1079 4623 1272 4692 Cujus,
1301 4622 1509 4677 Leonis
1541 4623 1782 4694 scilicet,
1803 4628 1956 4696 ﬁlius
1985 4635 2035 4699 D
2069 4631 2195 4695 fert,
2247 4629 2393 4684 satis
2451 4628 2604 4683 male
2659 4629 3068 4699 antiquitatem
3133 4628 3347 4700 accipit

2025 624 2251 679 ratione
2281 623 2702 681 Constantinus
2734 626 2944 682 Leonis
2977 626 3133 681 ﬁlius
3165 625 3506 682 schismatis
3537 644 3672 698 pro-

2026 717 2321 782 pugnator
2369 714 2439 768 de
2485 712 2820 769 Christiana
2865 715 3146 786 religione
3212 716 3391 788 probe
3452 716 3672 770 sentire

2029 801 2241 872 potuit,
2267 802 2537 871 judicent
2568 802 2688 857 alii.
2723 803 2978 858 Conatus
3011 803 3172 859 illius
3206 804 3264 859 in
3317 805 3672 860 vindicando

2031 890 2102 945 ab
2136 890 2368 960 injuriis
2400 891 2626 956 Photio,
2659 891 2747 945 vel
2781 893 2902 946 sola
2932 891 3178 953 Unionis
3209 898 3391 959 tomo,
3424 911 3457 949 a
3492 894 3676 948 Lenn-

2031 979 2298 1034 clavioin
2331 979 2472 1035 Jure
2521 980 3013 1035 Graeco-Romano
3066 982 3162 1036 lib.
3212 999 3253 1036 ιι
3302 983 3478 1051 edita,
3531 982 3676 1038 satis

2033 1084 2330 1140 superque
2379 1067 2583 1140 liquet.
2639 1069 2808 1136 Hujus
2859 1068 3202 1126 Constantini
3250 1072 3388 1128 liber
3415 1073 3512 1128 ille
3539 1072 3676 1127 cele-

2036 1159 2224 1212 bratus
2279 1163 2380 1224 est,
2441 1174 2602 1228 quem
2659 1159 2898 1212 moriens
2955 1161 3193 1215 Romano
3247 1162 3362 1230 ﬁlio
3418 1161 3673 1232 reliquit.

2036 1247 2182 1300 Eum
2211 1262 2280 1300 ex
2311 1245 2509 1300 codice
2542 1245 2909 1302 bibliothecae
2941 1248 3237 1313 Palatinis,
3271 1249 3369 1319 qui
3403 1249 3678 1320 Baptista)

2035 1332 2241 1404 Ignatii
2276 1333 2414 1388 olim
2445 1333 2626 1388 fuisse
2657 1334 3681 1407 perhibebatur,descriptum,Grsece

2037 1427 2094 1476 et
2125 1422 2325 1476 Latine
2351 1421 2534 1476 edidit
2561 1421 2818 1477 Joannes
2851 1423 3162 1493 Meursius,
3196 1439 3328 1478 cum
3362 1422 3492 1477 aliis
3522 1425 3679 1494 ejus-

2039 1510 2171 1566 dem
2217 1511 2583 1565 Constantini
2636 1511 2960 1583 0pusculis,
3012 1511 3283 1582 Lugduni
3333 1515 3678 1566 Batavorum

2038 1601 2193 1670 apud
2227 1598 2550 1654 l‘llzevirum
2587 1601 2744 1665 1627,
2779 1600 2944 1654 iu-8°.
2978 1600 3192 1654 Verum
3225 1601 3275 1655 is
3325 1617 3440 1655 non
3491 1600 3680 1668 Ducis,

2039 1694 2140 1747 sed
2202 1691 2766 1764 Porphyrogennetaz
2829 1693 2957 1746 fuit.
3023 1697 3209 1763 Hujus
3265 1709 3476 1764 quoque
3541 1692 3682 1746 Con-

2037 1783 2274 1836 stantini
2330 1786 2568 1852 tempore
2632 1783 2825 1851 ﬂoruit
2897 1780 3132 1837 Michael
3202 1783 3436 1836 Psellus.
3497 1782 3551 1836 Si
3612 1781 3683 1836 de

2043 1869 2250 1938 Psello,
2311 1871 2482 1940 cujus
2550 1870 3026 1938 innumerabiles,
3090 1874 3154 1925 ut
3211 1872 3334 1943 ipse
3389 1870 3490 1937 ait,
3549 1869 3684 1925 libri

2042 1960 2554 2026 circumferuntur,
2589 1975 2782 2014 sermo
2812 1964 2918 2026 est,
2948 1959 3111 2014 fallit.
3148 1959 3248 2015 Ille
3300 1960 3514 2015 etenim
3569 1975 3683 2014 non

2041 2064 2108 2104 eo
2140 2054 2400 2119 tempore
2432 2048 2588 2102 vixit.
2624 2048 2681 2102 Si
2731 2050 2799 2103 de
2842 2054 3190 2119 praeceptore
3238 2049 3446 2104 Leonis
3501 2047 3689 2103 Philo-

2042 2136 2236 2208 SOphi,
2271 2136 2404 2191 licet
2433 2152 2545 2190 non
2582 2136 2763 2202 fallat,
2794 2137 2889 2192 ille
2918 2142 3110 2192 tamen
3161 2136 3682 2192 innumerabilium

2040 2225 2325 2281 librorum
2375 2225 2630 2281 editione
2679 2243 2792 2282 non
2824 2225 3166 2281 celebratur.
3201 2227 3279 2281 De
3311 2243 3448 2297 quo,
3481 2242 3552 2280 an
3582 2224 3687 2280 ali-

2043 2316 2185 2387 quid
2219 2316 2296 2386 (d)
2327 2315 2649 2386 scripserit,
2680 2316 2870 2371 adhuc
2902 2315 3348 2370 dubitamus.Ad
3377 2317 3524 2369 hunc
3549 2318 3692 2370 certe

2042 2407 2422 2461 Constantium
2473 2404 2653 2460 Pselli
2698 2405 2762 2459 de
2806 2406 2980 2459 victus
3035 2408 3268 2474 ratione,
3323 2405 3421 2460 hoc
3467 2407 3568 2468 est,
3627 2404 3690 2459 de

2044 2494 2230 2549 diaeta.
2267 2497 2385 2547 Hoc
2435 2493 2512 2564 [6]
2561 2509 2794 2564 quoque
2843 2493 3054 2548 falsum
3105 2498 3212 2549 est.
3264 2493 3409 2548 Nam
3465 2492 3690 2549 Psellus

2043 2583 2142 2651 qui
2201 2587 2278 2636 De
2350 2584 2527 2637 victus
2602 2585 2814 2637 ratione
2884 2583 3254 2654 conscripsit,
3308 2582 3690 2638 Constantino

2045 2670 2219 2725 Ducas
2252 2671 2343 2742 (e),
2377 2673 2464 2725 vel
2514 2671 2562 2726 si
2613 2671 2823 2742 placet,
2874 2672 3258 2726 Constantino
3308 2671 3691 2726 Monomacho

2046 2761 2264 2817 librum
2300 2763 2678 2832 nuncupavit.
2731 2763 2792 2817 Et
2836 2762 2901 2818 de
2949 2779 3086 2817 auro
3132 2763 3488 2833 conﬁciendo.
3533 2762 3691 2817 Nihil

2047 2852 2267 2906 minus.
2331 2851 2615 2906 Libellum
2673 2851 2887 2906 etenim
2943 2850 3106 2906 illum
3167 2853 3238 2907 ad
3296 2851 3688 2924 patriarcham

2045 2939 2385 2996 Michaelem
2415 2939 2795 3011 Cerularium,
2829 2941 3001 3012 cujus
3050 2939 3282 2996 hortatu
3332 2941 3498 2996 illum
3548 2957 3686 2997 con—

2049 3029 2385 3099 scripserat,
2439 3029 2620 3083 misit.
2677 3030 2817 3096 Quos
2864 3029 3088 3100 quidam
3116 3045 3226 3083 non
3255 3046 3384 3085 sane
3414 3029 3681 3084 indoctus.

2048 3116 2280 3188 Optime
2311 3116 2404 3171 hic
2436 3117 2683 3172 aliorum
2718 3118 2969 3188 ineptias
3000 3118 3252 3183 abdicat,
3302 3123 3360 3172 et
3404 3118 3687 3172 nonnulla

2049 3205 2219 3260 Pselli
2252 3206 2692 3272 commentaria,
2723 3223 2837 3261 non
2870 3211 3067 3261 tamen
3106 3207 3305 3262 Leonis
3351 3206 3688 3276 Philosophi

2050 3295 2338 3364 magistri,
2373 3301 2652 3350 recenset.
2679 3296 2906 3364 Subdit,
2940 3298 3062 3351 Fuit
3109 3301 3164 3351 et
3209 3296 3372 3362 huius
3417 3300 3690 3353 Constan-

2048 3385 2160 3438 tini
2210 3385 2372 3440 Ducte
2415 3385 2585 3454 ﬁlius,
2633 3390 2681 3438 et
2723 3385 3007 3439 Michaelis
3059 3386 3226 3440 Pselli
3253 3385 3552 3458 discipulus
3583 3387 3690 3444 Mi-

2051 3473 2207 3527 chael
2237 3474 2418 3526 Ducas
2450 3474 2756 3544 imperator
2803 3473 3473 3545 Constantinopolitanus,
3515 3477 3612 3546 qui
3659 3491 3693 3529 a

2051 3565 2201 3633 [ante
2230 3570 2279 3616 et
2306 3563 2542 3631 penuria
2571 3563 2978 3632 Parapinaceus
3008 3563 3072 3630 (Ῑ)
3103 3565 3522 3631 cognominatus
3567 3564 3693 3633 fuit.

2054 3649 2253 3722 Nugas,
2286 3651 2671 3719 Constantini,
2705 3651 2911 3706 Leonis
2960 3651 3085 3717 ﬁlii,
3135 3651 3334 3707 nullus
3382 3653 3492 3706 fuit
3539 3651 3695 3706 ﬁlius

2057 3737 2323 3804 Michael,
2357 3739 2455 3793 sed
2502 3739 2822 3809 Romanus,
2870 3739 2963 3794 cui
3015 3741 3250 3805 librum,
3303 3744 3366 3794 ut
3408 3740 3697 3817 Gyraldus

2057 3844 2238 3899 supra
2287 3827 2532 3894 dixerat,
2583 3829 2857 3894 moriens,
2892 3829 2966 3882 De
2995 3828 3436 3883 administrando
3465 3829 3699 3898 imperio

2057 3915 2313 3986 reliquit.
2364 3919 2431 3970 Et
2479 3916 2718 3972 Michael
2777 3918 2884 3971 iste
2940 3919 3049 3971 sub
3109 3915 3294 3971 Psello
3351 3920 3702 3988 praeceptore

2059 4004 2508 4060 Constantinum
2576 4004 2796 4059 Ducam
2847 4011 3068 4076 patrem
3119 4005 3417 4076 cognoscit
3493 4007 3699 4060 Annon

2059 4095 2206 4150 bene
2236 4099 2448 4148 tractat
2478 4093 2779 4149 historiam
2814 4093 3102 4166 Gyraldus
3123 4094 3150 4148 ?
3183 4097 3391 4149 Annon
3440 4095 3586 4148 bene
3633 4093 3706 4148 de

2059 4182 2247 4238 Psello
2305 4189 2476 4253 atque
2533 4182 2624 4237 his
2695 4182 3151 4253 imperatoribus
3228 4183 3497 4251 meritus,
3557 4198 3705 4254 quos

2059 4272 2383 4329 fmdissime
2436 4271 2870 4327 commiscendo
2928 4271 3254 4340 confundit,
3314 4277 3370 4326 et
3415 4271 3542 4327 loco
3599 4287 3707 4327 suo

2061 4365 2273 4434 ejectos
2305 4362 2376 4416 ad
2409 4360 2524 4416 alia
2550 4365 2816 4433 tempora
2845 4361 3124 4432 conjicit?

2133 4452 2254 4507 VII.
2289 4450 2640 4506 Possevinus
2690 4451 2848 4517 item,
2904 4453 3044 4505 dum
3097 4451 3320 4522 scripta
3366 4446 3708 4504 recentioris

2064 4540 2236 4596 Pselli
2262 4542 2330 4595 ad
2363 4545 2613 4595 veterem
2643 4539 2813 4594 illum
2848 4542 3053 4595 Leonis
3087 4545 3498 4611 praeceptorem
3523 4543 3714 4592 trans-

3406 4644 3418 4682 :
3479 4624 3714 4682 Michael

296 4719 701 4776 Constantinus
732 4717 912 4770 Ducas
959 4716 1089 4786 fuit.
1133 4714 1273 4777 Quis
1327 4714 1385 4768 id
1439 4714 1629 4769 dixit?
1676 4716 1964 4775 Constan-
2072 4719 2306 4787 Psellus,
2341 4719 2438 4788 qui
2466 4718 2682 4785 Leonis,
2739 4725 3088 4787 cognomento
3141 4716 3490 4784 Philosophi,
3535 4717 3715 4786 fertur

296 4811 466 4864 tinus
503 4807 691 4862 Ducas
723 4803 894 4876 longe
927 4805 998 4858 ab
1033 4803 1126 4858 his
1157 4803 1523 4874 temporibus
1553 4804 1712 4860 vixit.
1758 4811 1958 4879 Neque

299 4897 733 4957 Constantinus
785 4895 996 4951 Leonis
1045 4894 1202 4949 filius
1255 4899 1422 4949 Ducas
1471 4895 1583 4950 sibi
1633 4913 1957 4968 cognomen

296 5003 570 5060 unquam
610 4983 833 5052 ascivit,
866 4985 966 5039 sed
1000 4983 1583 5054 Porphyrogennetw,
1619 5000 1734 5054 quo
1775 4988 1959 5041 maxi-

298 5093 400 5134 me
429 5075 648 5146 gaudet
675 5078 730 5128 et
759 5074 953 5143 gestit.
989 5071 1156 5126 Ducas
1189 5087 1510 5142 cognomen
1544 5079 1676 5143 post
1725 5080 1957 5130 centum

295 5165 609 5236 sexaginta
640 5163 709 5218 ad
741 5161 939 5216 minus
990 5177 1176 5215 annos
1229 5159 1289 5214 in
1338 5160 1580 5231 imperio
1629 5163 1800 5233 cepit.
1858 5164 1963 5231 Qui

295 5264 348 5312 et
379 5253 446 5309 de
480 5252 801 5307 Christiana
829 5250 1092 5320 religione
1111 5249 1282 5320 probe
1309 5252 1496 5305 sensit.
1555 5250 1629 5306 De
1678 5251 1960 5308 Constan-

2062 4809 2240 4878 [uisse
2294 4816 2622 4877 prmeeptor,
2671 4804 2938 4876 pleraque
2991 4808 3235 4876 scripsit,
3285 4815 3402 4860 tum
3449 4805 3518 4857 ad
3564 4803 3716 4858 theo-

2070 4894 2299 4964 logiam,
2332 4899 2449 4949 tum
2484 4894 2552 4948 ad
2579 4895 2983 4965 philosophiam
3009 4903 3173 4964 atque
3199 4893 3270 4947 ad
3288 4894 3432 4947 alias
3461 4891 3714 4961 discipli-

2063 5001 2186 5051 nas,
2235 4987 2352 5038 sive
2410 4983 2776 5049 mechanicas,
2825 4985 2939 5038 sive
2983 4982 3217 5038 medicas
3263 4981 3568 5052 spectantia
3594 4996 3613 5039 ,·
3663 4982 3716 5035 si

2067 5079 2249 5129 tamen
2308 5074 2514 5139 omnia,
2565 5086 2689 5144 quae
2735 5072 3103 5140 ascribuntur,
3158 5071 3404 5140 legitima
3454 5071 3583 5124 sunt
3642 5069 3712 5123 il-

2068 5163 2176 5218 lius
2206 5176 2389 5231 opera.
2426 5161 2539 5217 Nec
2588 5160 2720 5232 plus
2769 5161 2920 5231 sapit
2970 5160 3314 5216 Franciscus
3363 5159 3715 5229 Bosquetus,

2071 5252 2293 5325 praefat.
2328 5251 2398 5306 ad
2433 5249 2706 5306 lectorem
2741 5249 2800 5304 in
2829 5247 3130 5304 Michaelis
3165 5247 3334 5303 Pselli
3365 5248 3437 5302 de
3484 5245 3717 5318 legibus

1899 5440 2130 5497 NOT/E.

399 5592 455 5666 ἀ)
486 5592 702 5666 Prester
732 5590 1015 5666 carmina,
1051 5593 1115 5646 ut
1143 5589 1346 5666 illa‘de
1376 5588 1592 5666 quibus
1623 5607 1804 5666 supra
1832 5591 1862 5666 §
1908 5593 1962 5648 3.

399 5593 435 5647 ά
486 5593 702 5647 Praeter
732 5593 1015 5659 carmina,
1051 5593 1115 5646 ut
1145 5593 1246 5645 illa
1277 5593 1346 5644 de
1376 5593 1592 5662 quibus
1623 5607 1710 5663 su]

403 5595 456 5736 eg
488 5662 671 5719 Aliter
699 5666 901 5718 tamen
934 5661 1060 5734 ipse
1091 5660 1346 5716 Allatius
1381 5662 1590 5729 inl'ra§
1624 5663 1710 5718 11.

375 5593 448 5811 Ξῖ)
487 5735 654 5803 Quod
703 5733 952 5788 πινάκιον
1016 5733 1138 5791 sive
1197 5737 1409 5808 quarta
1466 5749 1604 5808 pars
1661 5750 1710 5792 ιιι

397 5733 448 5807 1)
487 5735 654 5803 Quod
703 5733 952 5788 πινάκιον
1016 5733 1138 5791 sive
1197 5737 1409 5808 quarta
1466 5749 1604 5808 pars
1661 5734 1842 5793 modii
1898 5751 1966 5794 eo

2075 5597 2338 5719 temﬂpore
2383 5590 2714 5647 ementibus
2767 5589 3229 5647 subtraheretur.
3262 5589 3410 5647 Vide
3437 5587 3722 5663 Cangium

2075 5681 2138 5719 1n
2223 5681 2448 5719 ινακιον.

2075 5681 2138 5722 1n
2172 5681 2448 5722 ιιιινακιον.
