4078 6336
423 360 541 422 483

1814 356 2090 419 LEONIS
2134 358 2440 420 ALLATII

3712 364 3829 423 484

420 495 736 562 Syntagma
771 506 783 543 :
815 488 1131 543 Michaetem
1156 488 1421 552 Psellum,
1454 502 1549 558 qui
1596 496 1795 558 praeter
1842 492 2062 559 propter
2090 494 2141 560 Α
2173 508 2289 546 non
2322 494 2420 547 uni
2452 494 2821 550 ascribentur
2853 494 3098 565 parenti,
3122 499 3179 550 et
3208 512 3331 564 quis
3358 495 3617 566 junioris
3650 494 3826 550 Pselli

419 596 631 634 annum
687 577 895 632 Christi
945 577 1050 630 850
1118 577 1312 631 Leonis
1376 577 1703 647 Philosophi
1767 580 2065 648 imperato-

418 670 515 735 ris,
550 672 661 723 etc.

490 757 631 813 Vlll.
681 756 750 811 Et
798 771 938 811 sane
986 770 1194 826 parum
1254 758 1423 810 caute
1480 755 1736 810 Andreas
1793 754 2066 810 Schotius

415 846 647 900 Praefat.
680 846 751 900 ad
785 843 1043 898 Psellum
1079 843 1138 897 in
1167 842 1406 898 Cantica
1435 844 1818 913 canticorum,
1845 850 1903 898 et
1934 844 2067 898 Gor-

417 934 638 990 hardus
711 932 959 988 Vossius
1033 932 1105 988 de
1177 934 1462 986 Historicis
1537 930 1739 989 Graecis
1816 931 1917 987 lib.
2003 950 2065 999 ιι,

416 1041 542 1095 cap.
573 1024 665 1089 26,
697 1020 906 1077 Caesari
940 1022 1187 1076 Baronio
1219 1026 1277 1076 et
1324 1020 1677 1076 Bellarmino
1728 1021 2063 1092 imponunt,

415 1112 525 1168 sibi
558 1116 612 1167 et
645 1111 778 1166 aliis
805 1108 1178 1181 persuasisse
1220 1109 1433 1177 conati,
1482 1108 1752 1164 ﬂoruisse
1805 1108 2064 1164 Psellum

414 1200 630 1257 Christi
661 1216 814 1256 anno
845 1199 969 1267 859,
1027 1215 1140 1270 quo
1192 1197 1693 1270 Constantinopoli
1746 1197 2067 1270 imperator

415 1299 523 1347 Leo
571 1288 969 1360 Philosophus
1020 1287 1148 1355 fuit,
1181 1303 1357 1359 quem
1390 1292 1449 1343 et
1478 1288 1704 1342 Psellus
1735 1286 1947 1343 litteris
1976 1287 2064 1342 in-

412 1379 704 1436 formavit.
742 1379 898 1432 Licet
928 1377 1084 1432 enim
1118 1377 1189 1431 de
1221 1376 1410 1431 Psello
1455 1392 1658 1431 verum
1703 1381 1799 1443 snt,
1851 1392 1956 1431 nec
2004 1376 2063 1430 in

414 1486 481 1524 eo
514 1467 801 1523 Baronius
836 1465 1093 1533 fallitur;
1147 1464 1256 1519 fuit
1302 1465 1458 1519 enim
1508 1480 1638 1520 vere
1689 1481 1753 1520 eo
1805 1470 2065 1536 tempore

412 1556 639 1614 Psellus
671 1555 966 1627 ,quidam,
1016 1553 1351 1609 litteratura
1408 1554 1689 1624 insignis;
1760 1569 2065 1624 nunquam

412 1652 610 1701 tamen
644 1643 933 1698 Baronius
964 1657 1097 1696 eum
1146 1640 1403 1695 Psellum
1452 1640 1697 1695 Leonem
1745 1640 2066 1711 imperato-

412 1750 529 1789 rem
565 1732 777 1787 litteris
809 1730 1095 1785 imbuisse
1126 1728 1569 1795 afﬁrmavit,sed
1604 1728 1848 1783 Leonem
1886 1727 2069 1784 Philo-

412 1822 667 1893 sophum
700 1819 871 1891 longe
903 1820 974 1874 ab
1006 1818 1361 1890 imperatore
1394 1817 1581 1872 Leone
1611 1818 1932 1873 diversum.
1956 1818 2065 1871 Ba-

412 1868 667 1893 “”Ί¹’·“·’”’
700 1868 869 1891 ””’“Ο”
904 1868 971 1874 ’”“
1006 1868 1356 1890 "“r""""
1394 1868 1576 1872 _""'
1618 1868 1931 1873 —_"“"—"
1956 1868 2028 1871 —"

408 1912 630 1982 ronius,
691 1909 917 1976 dicunt,
967 1925 1003 1963 α
1049 1908 1251 1976 Psello,
1302 1922 1413 1962 non
1462 1906 1655 1961 Leonis
1703 1907 1932 1976 aequali,
1971 1906 2064 1961 sed
2097 1868 2141 1932 Β

408 2002 580 2057 multo
628 2000 954 2067 recentiore,
1004 1997 1317 2052 Simeonem
1362 1996 1789 2065 Metap/trastam
1815 1998 2065 2051 oratione

403 2092 749 2162 panegyrica
800 2088 1134 2143 celebratum
1187 2090 1406 2140 narrat.
1458 2086 1545 2138 lta
1606 2090 1713 2140 est.
1761 2084 1871 2138 Scd
1944 2101 2059 2139 non

409 2177 634 2232 dixerat
683 2176 922 2231 unicum
954 2179 1187 2229 tantum
1220 2172 1476 2228 Psellum
1509 2172 1821 2227 exstitisse.
1857 2173 1923 2227 Et
1954 2189 2059 2228 nos

406 2266 477 2322 ad
510 2266 588 2337 [7]
611 2280 927 2337 quemnam
947 2262 1204 2319 Psellum
1228 2262 1412 2317 oratio
1440 2261 1641 2318 referri
1667 2262 2059 2328 debeat,certo

406 2354 701 2410 affirmare
733 2369 847 2407 non
878 2368 1217 2423 possumus.
1250 2352 1597 2421 Goujectura
1626 2357 1842 2418 tamen,
1874 2367 2059 2422 eaque

408 2442 706 2498 levissima
734 2441 1031 2508 ducimur,
1076 2440 1232 2494 hunc
1283 2438 1663 2495 recentiorem
1714 2455 1844 2493 esse
1896 2439 2056 2495 illius

407 2537 737 2597 auctorem;
773 2530 922 2602 quod
956 2534 1013 2584 et
1042 2528 1212 2600 plura
1245 2528 1547 2599 scripserit
1580 2529 1637 2581 in
1666 2529 1826 2582 omni
1872 2528 2048 2583 disci-

406 2620 568 2693 plina
599 2624 656 2675 et
685 2621 1037 2691 scriptorum
1068 2618 1255 2689 gloria
1286 2617 1705 2672 celeberrimus
1736 2617 1927 2672 fuerit.
1959 2626 2048 2672 An

403 2726 539 2765 vero
588 2709 784 2764 senior
834 2706 933 2763 ille
981 2706 1203 2779 aliquid
1254 2708 1473 2778 scripto
1522 2706 1849 2777 tradiderit,
1896 2713 2051 2762 certo

407 2814 519 2853 non
552 2804 803 2853 constat.

481 2889 575 2943 IX.
611 2887 727 2959 Ego
756 2903 892 2941 vero
925 2885 1125 2941 nullus
1156 2884 1380 2955 dubito,
1414 2885 1461 2939 si
1494 2901 1695 2939 verum
1738 2885 1902 2940 fateri
1950 2902 2049 2940 ve-

405 2976 604 3045 limus,
639 2975 891 3032 Psellum
921 2975 1087 3030 illum
1118 2975 1227 3031 sub
1257 2974 1464 3031 Basilio
1497 2973 1832 3045 Macedone,
1867 2976 2049 3030 multa

404 3065 809 3140 philosophica
879 3065 1096 3137 scripto
1172 3066 1571 3135 consignasse,
1631 3081 1816 3135 eaque
1891 3082 2046 3119 nunc

402 3157 687 3213 afﬁnitate
719 3154 975 3209 nominis
1007 3154 1353 3208 indistincta
1376 3154 1488 3208 sub
1509 3153 1849 3208 recentioris
1874 3152 2045 3209 Pselli

2179 598 2293 635 non
2324 588 2515 652 erunt,
2546 584 2617 639 ad
2672 584 3072 655 antiquiorum
3125 600 3255 639 esse
3302 585 3606 640 referenda
3654 584 3827 656 plane

2169 669 2389 740 judico.
2438 671 2737 743 Praecipua
2766 671 2869 729 illa
2900 678 3095 745 erunt,
3128 689 3254 745 quae
3285 672 3614 728 Aristotelis
3643 673 3825 728 libros

2179 758 2490 831 plerosque
2524 778 2625 832 per
2655 762 2893 817 modum
2919 762 3443 834 paraphrasis,non
3465 761 3829 835 ineleganter

2177 854 2495 919 exponunt.
2528 850 2889 922 Semperque
2919 852 2989 906 de
3020 851 3262 923 Dialogo
3291 850 3415 918 illo,
3450 853 3505 906 in
3539 866 3656 922 quo
3687 866 3827 922 ope-

2180 939 2436 992 rationes
2466 940 2797 995 daemonum
2830 945 3197 1007 asseruntur,
3217 940 3406 1012 deque
3434 941 3562 1010 ejus
3592 946 3829 995 auctore

2178 1028 2576 1083 subdubitavi.
2608 1028 2804 1101 Stylus
2836 1029 3044 1085 ﬂorido
3070 1029 3333 1096 solidior,
3366 1045 3458 1085 res
3489 1033 3650 1085 extra
3684 1028 3830 1084 Peri-

2178 1117 2561 1189 pateticorum
2595 1118 2851 1187 scholas,
2909 1135 3043 1174 cum
3093 1118 3355 1174 Platonis
3410 1122 3466 1175 et
3509 1119 3828 1174 Zoroastm

2176 1206 2486 1262 sententiis
2515 1207 2731 1275 afﬁnis,
2762 1213 2819 1263 et
2852 1208 3081 1280 magica
3120 1207 3224 1262 illa
3273 1212 3629 1276 nugamenta
3674 1209 3827 1262 alte-

2176 1312 2304 1350 rum
2333 1313 2367 1350 a
2401 1296 2585 1352 Psello
2616 1296 2936 1353 recentiore
2967 1296 3221 1353 Psellum
3277 1296 3559 1352 indicant.
3611 1296 3714 1351 Hic
3762 1296 3823 1351 in

2175 1384 2412 1458 Dialogo
2467 1386 2696 1441 Marcus
2746 1387 2806 1441 in
2858 1386 3151 1442 Chersone
3202 1385 3399 1442 insula
3450 1401 3827 1441 commorans

2177 1475 2485 1545 peregrino
2519 1475 2723 1547 magiae
2755 1492 2969 1531 arcana
2998 1475 3266 1546 exponit;
3292 1476 3404 1530 Leo
3436 1473 3827 1545 Philosophus

2178 1563 2585 1635 philosophica
2615 1580 2681 1619 ac
2714 1564 2974 1634 reliquas
3005 1564 3281 1620 scientias
3311 1563 3369 1618 in
3405 1564 3580 1617 Antro
3631 1561 3828 1617 insula

2175 1668 2208 1706 a
2241 1651 2515 1707 Michaele
2567 1652 2750 1707 Psello
2799 1654 3094 1708 edocetur.
3147 1653 3330 1707 Video
3380 1652 3589 1707 Leonis
3637 1650 3825 1706 histo-

2176 1742 2321 1795 riam
2355 1742 2464 1795 sub
2494 1741 2701 1796 alienis
2731 1741 3071 1796 nominibus
3102 1742 3271 1813 quasi
3315 1744 3696 1812 personatum
3747 1738 3828 1813 [8]

2176 1830 2236 1886 in
2292 1830 2587 1886 theatrum
2648 1830 2837 1886 educi.
2893 1830 3045 1885 Illud
3104 1831 3305 1898 etiam,
3338 1831 3514 1901 lquod
3566 1846 3630 1885 se
3681 1829 3825 1885 dicit

2171 1919 2517 1975 Timotheus
2548 1937 2581 1974 a
2612 1924 2851 1989 paterno
2883 1936 2988 1975 avo
3021 1919 3256 1974 audisse
3286 1920 3357 1974 de
3404 1917 3823 1973 Euchaitarum

2172 2009 2447 2079 pessimis
2503 2009 2787 2078 moribus,
2842 2024 3036 2063 annon
3092 2008 3282 2079 magis
3342 2007 3589 2063 senioris
3646 2007 3823 2063 Pselli

2172 2098 2346 2165 aetati,
2394 2102 2535 2152 tunc
2592 2114 2723 2153 cum
2783 2096 3270 2153 Massalianorum
3324 2096 3587 2162 haeresis,
3634 2101 3700 2150 ut
3747 2096 3822 2152 de

2170 2185 2489 2241 haeresibus
2520 2190 2742 2253 narrat,
2774 2184 3029 2241 Joannes
3062 2185 3480 2251 Damascenus,
3531 2183 3820 2240 crudelis-

2168 2273 2317 2329 sime
2349 2275 2406 2329 in
2438 2273 2753 2329 Ecclesiam
2788 2273 2889 2329 Dei
2922 2276 3324 2345 grassabatur,
3376 2289 3504 2344 quas
3552 2278 3817 2344 tempore

2158 2363 2416 2433 junioris
2451 2379 2625 2434 prope
2656 2364 2943 2418 exstincta
2974 2362 3313 2434 languebat,
3344 2362 3575 2417 videtur
3604 2379 3813 2417 conve—

2167 2452 2334 2506 nire?
2368 2452 2529 2506 Adde
2560 2451 2794 2520 Dialogo
2827 2456 3145 2506 tractatum
3177 2452 3257 2522 (g)
3306 2453 3377 2507 de
3424 2451 3805 2520 Daemonibus,

2165 2542 2425 2596 nondum
2459 2542 2680 2595 editum
2715 2542 2927 2609 Graece,
2954 2541 3109 2610 quod
3141 2540 3348 2607 sciam,
3382 2556 3448 2595 ex
3480 2539 3815 2595 Graecorum

2163 2634 2477 2693 sententia,
2513 2629 2807 2685 uterinum
2836 2630 3053 2685 dixeris
3085 2646 3152 2684 ac
3200 2645 3550 2700 germanum
3601 2630 3813 2695 fetum,

2162 2722 2218 2772 et
2267 2719 2517 2773 Leonem
2570 2718 2992 2790 Philosophum
3046 2735 3113 2772 ac
3154 2719 3443 2773 Joannem
3494 2720 3626 2788 ejus
3676 2734 3819 2774 con-

2162 2807 2554 2877 sanguineum
2633 2807 2839 2877 magiae
2916 2805 3293 2862 insimulatos
3363 2810 3423 2861 et
3497 2812 3811 2863 accusatos

2158 2897 2403 2951 tradunt
2434 2895 2719 2965 historici,
2753 2912 2929 2966 quam
2961 2894 3277 2951 verisimile
3303 2899 3392 2949 est
3421 2911 3534 2950 non
3567 2896 3639 2950 ab
3693 2894 3809 2951 alio

2158 3001 2335 3056 quam
2369 3002 2401 3039 a
2428 2984 2706 3040 Michaele
2736 2984 2836 3039 illo
2868 2984 3054 3040 Psello
3087 2984 3387 3040 didicisse.

2227 3076 2297 3129 X.
2352 3072 2611 3130 Libellus
2660 3074 2836 3128 etiam
2890 3073 3062 3128 Pselli
3113 3074 3185 3127 De
3233 3072 3507 3143 lapidibus
3536 3090 3572 3127 a
3602 3073 3798 3129 Maus-

2157 3178 2291 3218 saco
2323 3162 2538 3227 editus,
2573 3160 2655 3216 vel
2704 3161 2841 3217 huic
2891 3162 3107 3216 seniori
3164 3160 3373 3231 Psello,
3423 3162 3472 3216 si
3521 3178 3614 3216 me
3660 3178 3802 3217 con-

401 3247 639 3301 nomine
668 3243 1053 3300 circumferri.
1086 3241 1313 3313 Scripta
1346 3258 1599 3312 namque
1649 3242 1865 3307 omnia,
1921 3259 2046 3313 qua!
2079 3237 2120 3303 C
2157 3253 2384 3322 jectura
2432 3267 2546 3305 non
2598 3249 2769 3318 fallit,
2802 3250 3150 3306 tribuendus
3182 3255 3292 3319 est,
3324 3249 3411 3305 vel
3441 3255 3597 3306 certe
3629 3250 3802 3306 nulli.

400 3334 656 3390 Psellum
681 3338 904 3405 patrem
930 3332 1402 3403 indigitant,cum
1423 3336 1478 3385 et
1496 3330 1779 3387 tractandi
1801 3331 2045 3398 ratione,

401 3430 458 3480 et
488 3423 821 3479 inveniendi
848 3421 1138 3490 acumine,
1173 3437 1279 3476 nec
1307 3421 1512 3477 eadem
1558 3420 1787 3475 dicendi
1838 3422 2043 3490 forma,

400 3529 505 3569 nec
536 3513 856 3585 ﬁgurarum
890 3510 1183 3566 coloribus
1214 3511 1494 3580 gestiant,
1528 3511 1627 3565 sed
1662 3510 1775 3564 alia
1824 3510 2045 3565 incom-

400 3609 559 3674 ptam
586 3601 832 3667 illam,et
852 3602 1107 3656 Graecam
1133 3600 1712 3671 pbilosophiam,non
1733 3599 2043 3654 barbaram

400 3692 750 3757 scilicet,sed
783 3691 1111 3755 virilem,et
1139 3706 1265 3760 quin
1300 3707 1404 3743 suo
1435 3689 1745 3759 splendore
1777 3688 2044 3753 nitescat,

398 3797 514 3851 prie
546 3796 607 3836 se
638 3779 859 3846 ferant;
891 3779 1007 3834 alia
1035 3795 1169 3833 cum
1204 3777 1383 3832 Musis
1415 3777 1642 3844 ludant,
1696 3783 1752 3831 et
1800 3777 2037 3844 Gratiis,

396 3874 452 3923 et
476 3870 783 3924 verborum
817 3868 1097 3934 ﬂosculis,
1148 3874 1204 3922 et
1249 3871 1479 3936 compto
1534 3866 1907 3937 periodorum
1956 3866 2044 3919 in-

394 3963 619 4014 structu
658 3958 923 4014 hilariter
953 3956 1302 4022 subsiliant;
1337 3958 1598 4010 diversos
1626 3955 1738 4009 sibi
1773 3962 2046 4027 parentes

388 4064 492 4119 pro
552 4047 707 4119 genii
767 4046 1104 4102 diversitate
1160 4049 1492 4115 reposcunt.
1545 4044 1613 4097 Et
1660 4043 1797 4098 licet
1846 4044 2044 4114 magni

390 4137 499 4190 viri
534 4136 853 4206 aliquando
886 4151 1080 4189 rerum
1110 4132 1469 4188 excelsarum
1512 4132 1896 4203 parturitione
1945 4132 2045 4185 de-

356 4222 620 4295 fatigati
678 4223 1005 4286 ;videantur
1078 4220 1338 4289 destitui,
1392 4225 1449 4275 et
1507 4219 1568 4274 in
1644 4220 1790 4275 alias
1868 4225 2046 4291 atque

397 4312 543 4369 alias
595 4328 655 4367 se
689 4311 920 4367 dicendi
953 4311 1171 4366 formas
1203 4314 1557 4379 convertere,
1589 4326 1821 4381 semper
1849 4314 2047 4365 tamen

396 4402 457 4456 in
489 4400 606 4455 illis
636 4400 720 4456 vis
751 4400 1018 4472 quaedam
1052 4404 1295 4469 naturae,
1329 4416 1363 4455 a
1392 4399 1706 4470 semetipsa
1736 4414 2044 4471 nunquam

397 4491 780 4562 degenerans,
841 4487 1192 4557 inclarescit,
1245 4505 1363 4560 qua
1409 4494 1622 4543 nasuta
1681 4488 1918 4560 ingenia
1989 4492 2045 4542 et

396 4593 560 4631 acres
607 4593 848 4649 operum
898 4577 1129 4647 judices
1177 4594 1378 4633 verum
1409 4584 1705 4633 auctorem
1736 4577 2040 4649 expiscan-

393 4670 512 4720 tur.
545 4665 823 4728 Quamvis
853 4665 1161 4737 deturpata
1188 4666 1334 4721 facie
1382 4670 1437 4721 et
1486 4666 1733 4737 pedibus
1780 4665 2045 4721 distortis

396 4755 760 4823 Ganymedes
793 4754 1101 4820 claudicet,
1132 4772 1247 4809 non
1281 4755 1363 4810 ita
1392 4756 1450 4809 in
1483 4754 1663 4809 alium
1695 4755 1884 4809 virum
1934 4754 2042 4808 mi-

394 4860 562 4916 grare
594 4843 903 4913 poterit,ut
929 4843 1296 4915 Ganymedes
1328 4860 1456 4899 esse
1488 4860 1600 4898 non
1634 4848 2042 4913 cognoscatur;

395 4931 586 4986 adhuc
615 4930 971 4987 lineamenta
1002 4931 1184 5001 illa,et
1216 4932 1470 5003 pessime
1499 4937 1767 5003 exceptas
1792 4931 2045 5003 pulchri-

394 5019 617 5074 tudinis
649 5019 961 5084 scintillas,
994 5024 1051 5074 et
1082 5020 1329 5075 latentes
1378 5020 1437 5074 in
1490 5021 1773 5076 membris
1821 5021 2040 5087 radios,

394 5108 443 5163 si
468 5109 684 5180 fungus
706 5109 946 5164 omnino
974 5125 1087 5163 non
1112 5125 1196 5176 es,
1218 5114 1482 5181 prompte
1512 5110 2044 5180 dignoscas.Saepe-

394 5214 507 5270 que
559 5198 618 5252 in
677 5198 996 5265 contracto,
1046 5212 1217 5251 exeso
1290 5214 1355 5252 ac
1429 5197 1694 5265 partibus
1771 5198 2041 5253 mutilato

393 5301 687 5341 marmore
734 5285 941 5341 coelum
992 5284 1296 5341 Praxitelis
1343 5285 1720 5355 deprehendi.
1753 5286 1893 5341 Cum
1927 5287 2040 5341 ita-

394 5390 506 5447 que
544 5375 603 5430 in
630 5373 793 5430 hisce
821 5374 1095 5446 operibus
1149 5373 1320 5446 longe
1366 5373 1599 5430 diversa
1646 5374 1767 5430 sint
1816 5375 2039 5444 omnia,

2156 3338 2301 3394 Audi
2333 3339 2471 3410 quid
2506 3340 2629 3410 ipse
2656 3339 2831 3407 dicat,
2865 3340 3006 3394 dum
3041 3340 3099 3393 in
3136 3340 3248 3395 line
3279 3345 3568 3406 auctores,
3600 3338 3702 3410 qui
3735 3340 3810 3394 de

2156 3428 2418 3499 lapidum
2468 3427 2782 3483 virtutibus
2831 3445 3043 3483 causas
3098 3428 3422 3495 reddidere,
3475 3434 3812 3494 enumerat,

2156 3522 2285 3588 post
2332 3533 2537 3571 omnes
2567 3518 2771 3572 subdit
2792 3536 2812 3573 .-
2841 3520 2957 3569 Τῶν
2994 3514 3051 3570 δὶ
3082 3515 3144 3570 οὐ
3176 3514 3320 3570 πολὺ
3353 3516 3458 3589 πρὸ
3488 3517 3651 3587 ἡμῶν
3687 3517 3716 3569 ὁ
3751 3515 3812 3569 ἐκ

2152 3608 2251 3668 τῆς
2298 3602 2649 3680 Ἀφροδισίοις
2706 3602 3087 3680 Ἀλέξανδρος,
3148 3602 3435 3679 ἄνθρωπος
3492 3604 3617 3676 περὶ
3674 3608 3811 3659 πάν-

2152 3714 2257 3747 των
2292 3692 2481 3755 ἁπλῶς
2540 3693 2728 3761 ιίπεῖν,
2781 3693 2870 3747 καὶ
2926 3698 3032 3747 τῶν
3093 3692 3421 3768 ἀπορῥήτων
3453 3700 3554 3761 τῆς
3598 3691 3812 3770 φύσεως

2152 3781 2602 3856 προχειρότατος.
2661 3784 2718 3837 ld
2773 3790 2859 3838 est
2910 3799 2923 3837 :
2986 3786 3069 3837 Ex
3126 3783 3209 3837 his
3266 3792 3471 3846 autem,
3499 3785 3594 3854 qui
3638 3784 3807 3853 paulo

2152 3876 2280 3927 ante
2352 3888 2451 3926 nos
2522 3875 2783 3926 vixerunt
2841 3872 3151 3927 Alexander
3209 3871 3674 3942 Aphrodisiensis,
3733 3871 3804 3926 ad

2153 3962 2339 4016 omnia
2396 3963 2575 4015 etiam
2640 3963 2864 4017 natura
2936 3961 3242 4016 occultiora
3316 3960 3678 4024 enucleanda,
3744 3964 3808 4015 ut

2151 4052 2317 4120 plura
2345 4050 2534 4118 paucis
2562 4050 2892 4119 complectar
2917 4050 3384 4119 promptissimus.
3416 4050 3581 4104 Anne
3610 4048 3804 4119 fpaulo

2155 4144 2287 4193 ante
2318 4141 2583 4207 tempora
2614 4137 2806 4201 Pselli,
2841 4137 2942 4208 qui
2991 4138 3101 4192 sub
3157 4138 3539 4194 Constantino
3585 4144 3643 4192 et
3694 4137 3811 4193 Mi-

2155 4225 2353 4282 chacle
2384 4226 2559 4280 Ducis
2592 4225 2853 4288 florebat,
2886 4226 3211 4282 Alexander
3239 4224 3809 4297 Aphrodiensis,qui

2154 4317 2264 4371 sub
2295 4315 2587 4371 Antonino
2620 4320 2676 4370 et
2704 4314 2917 4371 Severo
2948 4315 3486 4382 scribebat,vixisse
3519 4315 3809 4371 dicendus

2153 4404 2282 4460 est?
2311 4404 2370 4459 Si
2402 4405 2875 4475 octingentorum
2924 4409 2980 4459 et
3029 4404 3463 4477 quinquaginta
3512 4421 3806 4460 annorum

2156 4494 2412 4565 spatium
2474 4492 2772 4548 modicum
2830 4493 3116 4563 temporis
3176 4492 3550 4549 intervallum
3610 4493 3805 4549 Psello

2076 4605 2119 4668 Ι)
2152 4586 2262 4651 est,
2295 4583 2447 4653 quod
2483 4582 2593 4638 erit
2623 4582 2896 4654 longum?
2918 4582 3064 4654 Ergo
3094 4582 3180 4637 vel
3213 4581 3310 4637 hic
3341 4582 3573 4638 libellus
3615 4581 3806 4638 Psello

2156 4670 2293 4725 huic
2322 4671 2537 4727 seniori
2570 4671 2962 4726 vindicandus
2991 4676 3102 4737 est,
3137 4670 3224 4727 vel
3256 4671 3306 4726 si
3338 4672 3592 4727 sexcenti
3623 4671 3805 4729 etiam

2154 4764 2211 4814 et
2261 4758 2456 4829 plures
2505 4759 2641 4813 anni
2693 4759 3065 4814 diuturniora
3121 4764 3387 4831 tempora
3432 4764 3591 4827 sunt,
3642 4759 3805 4815 ideo-

2155 4863 2267 4919 que
2320 4864 2421 4902 nec
2467 4847 2683 4903 seniori
2729 4847 3103 4914 tribuendus,
3138 4847 3295 4903 alius
3324 4848 3494 4903 nobis
3526 4848 3803 4920 opusculi

2153 4941 2354 4991 auctor
2403 4937 2751 5007 quaerendus
2802 4942 2893 4991 est
2939 4937 3167 5004 sedulo,
3219 4954 3291 4993 ne
3343 4936 3625 5005 Psellum,
3660 4938 3804 4993 dum

2152 5025 2271 5079 haec
2303 5024 2606 5092 scriberet,
2635 5025 2988 5081 dormitasse
3019 5026 3414 5098 nugacissime
3444 5026 3606 5082 fateri
3639 5042 3812 5099 coga-

2153 5130 2310 5168 mur.

2220 5205 2319 5257 XI.
2355 5202 2521 5257 Liber
2550 5201 2726 5258 etiam
2757 5203 2985 5259 Medicus
3036 5207 3094 5259 et
3143 5203 3567 5275 Therapeuticus
3598 5203 3800 5275 Pselli,

2151 5306 2323 5360 quem
2357 5293 2735 5346 Constantino
2766 5292 3343 5365 Porphyrogennetaa,
3378 5292 3494 5347 nisi
3544 5310 3652 5349 nos
3703 5293 3803 5348 lu-

2148 5377 2233 5432 dit
2287 5378 2619 5451 inscriptio,
2676 5381 3057 5451 nuncupavit,
3118 5382 3261 5437 forte
3334 5379 3516 5437 Psello
3574 5382 3798 5438 seniori

1978 5539 2207 5596 NOTZE.

471 5677 539 5750 (g)
565 5674 647 5734 De
684 5674 795 5735 hoc
815 5676 969 5736 infra
997 5678 1025 5749 §
1052 5677 1143 5736 39.
1177 5678 1402 5735 Laudat
1428 5683 1486 5735 et
1513 5678 1761 5737 Allatius
1792 5678 1937 5738 diss.
1970 5680 2041 5738 de
2067 5679 2543 5757 Engastrimytho
2575 5698 2626 5741 c.
2657 5683 2693 5738 2
2722 5686 2778 5740 et
2801 5680 2892 5741 l6.
