4078 6336
252 416 370 476 485

1513 417 1884 478 ΠΙΑἸἪΙΒΛ
1936 419 2034 478 DE
2085 420 2418 480 PSELLIS.

3549 425 3668 485 486
3728 503 3732 505 Α

248 547 609 602 tribuendus
630 552 739 614 est,
775 547 824 603 si
857 548 1035 602 vitam
1068 564 1134 604 eo
1167 565 1354 620 usque
1386 549 1705 620 protraxit;
1739 553 1894 604 certe
1924 552 1981 617 Α
2009 549 2261 622 ﬁrmant,
2293 551 2428 606 huic
2463 551 2672 606 Nicetis
2707 550 2902 606 Davidi
2936 551 3226 607 tribuunt.
3256 551 3484 608 Habent
3503 554 3662 610 enim

250 635 566 691 recentiori
596 641 863 708 tempora
903 641 1138 709 negant.

318 724 447 780 XII.
512 726 846 782 Verisimile
879 726 1077 798 itaque
1108 732 1216 796 est,
1250 727 1508 783 Psellum
1540 727 1697 782 hunc
1738 726 1909 798 plura

250 813 306 868 in
338 814 750 885 PhilosOphicis
807 815 1110 872 Rhetoricis
1159 816 1595 888 composuisse.
1662 818 1732 871 At
1791 832 1906 871 non

245 904 512 974 scripsit,
538 904 798 976 inquies,
852 905 1140 976 quidquid
1173 905 1244 960 de
1275 905 1406 962 aliis
1456 905 1556 972 sit,
1588 906 1644 958 in
1679 905 1907 960 Simeo-

251 1008 386 1046 nem
450 993 910 1064 Metaphrastem
972 993 1430 1066 panegyricum,
1491 999 1554 1049 ut
1621 994 1908 1049 Baronius

249 1082 530 1152 somniat,
553 1083 630 1154 [9]
663 1099 798 1138 cum
830 1082 998 1138 illum
1028 1084 1252 1139 Psellus
1272 1084 1562 1139 recentior
1579 1082 1904 1154 scripserit.

250 1172 443 1236 Quare
477 1172 765 1227 Baronius
800 1173 986 1228 falsus
1032 1179 1141 1240 est,
1190 1178 1247 1228 et
1290 1173 1349 1226 in
1391 1171 1601 1239 Psello,
1635 1188 1810 1243 quem
1845 1170 1906 1225 in

250 1260 414 1315 aliud
447 1267 685 1332 tempus
716 1263 1019 1331 amandat,
1038 1268 1093 1316 et
1114 1261 1172 1316 in
1197 1261 1614 1334 Metaphrastc,
1635 1277 1808 1332 quem
1833 1261 1907 1316 ob

251 1348 672 1422 imaginarium
714 1350 972 1405 Psellum
1015 1350 1186 1406 annis
1231 1351 1380 1406 ferre
1427 1350 1718 1415 ducentis,
1745 1355 1908 1403 ante-

252 1454 433 1508 quam
466 1443 831 1507 esset,suam
856 1439 1122 1495 Ecclesia:
1159 1455 1394 1511 operam
1427 1439 1792 1494 contuluisse
1845 1437 1906 1491 in

249 1527 599 1582 enarrandis
630 1533 969 1584 sanctorum
1000 1529 1133 1583 vitis
1156 1528 1475 1584 contendit.
1511 1528 1627 1583 Nec
1665 1525 1906 1582 feliciori

249 1622 459 1670 eventu
495 1615 889 1672 Bellarminus
921 1618 992 1672 de
1027 1617 1424 1688 Scriptoribus
1460 1615 1905 1685 Ecclesiasticis,

252 1703 470 1760 seculo
494 1722 572 1776 1x,
605 1723 757 1762 anno
779 1707 884 1760 850
916 1731 929 1773 ;
977 1705 1233 1762 Jacobus
1267 1706 1582 1762 Gaulterus
1614 1706 1673 1760 in
1707 1705 1908 1761 tabula

250 1793 668 1866 Chronologica,
696 1795 907 1851 saeculo
939 1813 1018 1864 Ix,
1053 1812 1185 1867 pag.
1211 1796 1354 1863 598;
1383 1796 1638 1851 Jacobus
1681 1794 1908 1850 Gretse-

251 1900 348 1939 rus
381 1884 458 1940 De
481 1885 821 1954 imaginibus
850 1901 1020 1941 manu
1055 1900 1163 1940 non
1191 1885 1356 1954 faelis
1388 1901 1437 1939 c.
1474 1886 1561 1954 10,
1586 1890 1642 1940 et
1665 1883 1784 1951 alii,
1809 1884 1910 1939 Ba-

253 1973 493 2028 ronium
529 1973 719 2029 secuti
749 1980 906 2028 sunt.

320 2061 474 2117 XIII.
504 2061 606 2116 Hic
628 2061 884 2117 historiae
915 2061 1324 2118 ecclesiasticis
1356 2061 1578 2132 hostes,
1613 2066 1668 2117 et
1689 2062 1909 2117 Simeo-

255 2151 348 2206 nis
379 2151 793 2223 Metaphrastaa
826 2151 1908 2223 acerrimidefensorisoppugnatores,

257 2245 562 2294 tantorum
591 2240 848 2295 virorum
875 2242 1044 2311 lapsu
1078 2241 1447 2312 triumphare
1470 2240 1579 2295 sibi
1613 2240 1907 2296 videntur.

250 2329 362 2384 Sed
396 2329 564 2384 nulla
615 2329 674 2384 id
731 2330 982 2385 evidenti
1041 2331 1265 2385 ratione
1317 2335 1628 2395 conantur,
1693 2331 1750 2383 ni
1811 2346 1906 2384 me

255 2435 384 2474 mea
419 2417 574 2473 fallit
632 2418 852 2490 opinio.
909 2419 1078 2474 Pselli
1139 2424 1405 2492 tempora
1462 2417 1750 2473 Baronius
1791 2435 1906 2473 non

252 2506 556 2575 distinxit;
590 2513 649 2563 at
681 2525 937 2578 quonam
993 2507 1105 2579 ipsi
1136 2510 1308 2563 modo
1342 2507 1760 2580 distinguunt?
1790 2507 1907 2580 Ipsi

254 2595 606 2668 Panegyrim
637 2595 801 2651 illam
836 2597 891 2651 in
941 2597 1396 2667 Metaphraslem
1429 2595 1654 2650 Juniori
1703 2595 1913 2665 Psello,

253 2685 355 2739 sed
407 2701 671 2756 quonam
696 2693 1046 2753 argumento
1065 2684 1438 2754 adjudicant?
1459 2684 1703 2739 Prorsus
1727 2683 1911 2738 nullo.

258 2775 579 2829 Auctorem
631 2773 792 2829 illius
849 2773 1128 2829 orationis
1190 2773 1439 2828 Psellum
1475 2773 1722 2828 alterum
1765 2789 1914 2842 esse,

256 2879 373 2919 non
405 2864 622 2919 Leonis
656 2862 994 2935 Philosophi
1030 2862 1382 2935 magistrum
1421 2879 1726 2934 nunquam
1760 2863 1915 2917 evin-

254 2957 407 3007 cent.
446 2951 702 3023 Scripsit
723 2952 820 3008 ille
853 2951 1125 3022 plurima,
1160 2958 1226 3007 ut
1248 2951 1541 3006 versimile
1574 2956 1699 3019 est;
1733 2967 1916 3022 quare

258 3058 373 3096 non
407 3046 467 3096 et
497 3041 652 3096 hanc
673 3041 995 3095 orationem
1020 3041 1273 3096 scribere
1291 3039 1509 3111 potuit?
1522 3044 1585 3093 Et
1606 3040 1916 3111 scripsisse

256 3135 621 3202 argumunto
644 3129 754 3184 hoc
784 3131 854 3184 ad
890 3130 1258 3202 probandum
1293 3129 1658 3198 ﬁrmissimo,
1712 3128 1772 3184 ni
1824 3146 1917 3185 me

256 3220 491 3275 codices
513 3219 906 3289 manuscripti
931 3219 1161 3284 fallunt,
1182 3219 1241 3274 ni
1274 3219 1408 3289 ipsi,
1434 3218 1530 3289 qui
1552 3219 1913 3275 contrarium

1937 1927 1986 1991 Β

2017 640 2156 694 satis
2207 639 2540 708 evidenter,
2593 639 2800 707 Νικήτα
2854 637 3160 714 φιλοσόφου
3212 642 3309 693 τοῦ
3369 641 3664 716 Παφλαγο-¹

2016 726 2132 790 νίας
2189 729 2304 799 [10]
2353 726 2645 801 Ἐρμηνεία
2692 727 2770 788 εἰς
2816 728 2882 781 τὰ
2940 723 3043 798 ἔπη
3095 732 3194 782 τοῦ
3244 727 3537 804 Θεολόγου.
3581 737 3667 802 Et,

2016 817 2230 885 Νικήτα
2257 820 2355 870 τοῦ
2379 815 2468 869 καὶ
2504 813 2708 883 AuuiS',
2741 815 3029 891 Ἐξήγησις
3064 816 3139 879 εἰς
3168 818 3237 872 τὰ
3280 819 3437 876 αὑτά.
3471 823 3673 879 Niceta:

2021 907 2338 976 PhilosOphi
2372 906 2764 977 Paphlagoniae
2806 907 3090 977 Expositio
3125 910 3185 962 in
3215 909 3484 963 Carmina
3514 910 3674 966 Theo-

2019 996 2152 1066 logi,
2197 1000 2251 1050 et
2299 996 2523 1062 Nicetes,
2581 997 2678 1065 qui
2719 997 2769 1049 et
2822 995 3020 1063 David,
3053 998 3330 1068 expositio
3362 1000 3419 1054 in
3451 999 3661 1056 eadem.

2019 1084 2219 1154 Neque
2269 1085 2340 1139 ab
2404 1084 2495 1138 his
2548 1083 2760 1138 diversi
2813 1089 2954 1138 sunt
2997 1085 3228 1141 codices
3274 1103 3417 1142 mss.
3469 1090 3667 1160 Augu-

2019 1173 2194 1238 stani;
2229 1173 2658 1244 confirmatque
2690 1173 2869 1228 editio
2902 1176 3123 1228 Veneta
3173 1176 3283 1230 sub
3315 1190 3468 1233 anno
3499 1177 3666 1233 1563.

2019 1262 2090 1317 Ut
2122 1262 2257 1316 hinc
2289 1261 2487 1316 videas
2522 1278 2639 1316 una
2669 1265 2755 1315 tot
2815 1263 3346 1333 manuscriptorum
3396 1266 3665 1320 codicum

2019 1350 2472 1422 conspiratione,
2532 1367 2648 1405 non
2699 1349 2876 1405 unius
2925 1352 3328 1424 exscriptoris:
3358 1353 3669 1410 oscitantia

2019 1439 2253 1494 illarqu
2284 1440 2718 1510 expositionum
2751 1440 3156 1496 immutatum‘
3192 1443 3287 1497 sed
3325 1443 3669 1499 continuata

2019 1529 2170 1583 serie
2233 1528 2500 1599 pluribus
2544 1531 3017 1599 comprobatum,
3059 1535 3356 1586 auctorem
3408 1531 3668 1587 Nicetam

2021 1617 2223 1683 fuisse,
2258 1617 2356 1687 qui
2400 1620 2455 1672 et
2494 1616 2671 1671 David
2697 1622 2754 1671 et
2778 1617 3071 1688 Paphalgo
3104 1617 3667 1691 Philosophusdice-

2020 1706 2213 1760 batur.
2247 1706 2458 1760 Serron
2492 1704 2691 1776 itaque
2733 1705 2965 1760 Nicetes
2997 1713 3054 1761 et
3102 1707 3279 1762 David
3314 1709 3664 1765 auctoritate

2023 1795 2228 1849 horum
2264 1795 2528 1850 COdlCUﬂl
2565 1811 2717 1849 unus
2750 1801 2841 1850 est
2871 1803 2928 1850 et
2953 1796 3104 1850 idem
3159 1802 3384 1852 auctor.
3421 1798 3495 1853 Ea
3527 1815 3667 1870 prae,

2021 1900 2286 1956 sequere,
2317 1884 2394 1937 mi
2421 1883 2745 1938 Gall'arelle.
2770 1884 3024 1949 Nicetes,
3050 1890 3255 1955 printer
3276 1887 3671 1957 expositiones

2018 1975 2078 2028 in
2110 1973 2372 2045 Gregorii
2405 1973 2718 2037 orationes,
2751 1979 2808 2027 et
2838 1973 2953 2028 alia
2984 1974 3202 2045 ingenii
3252 1976 3342 2028 sui
3394 1977 3451 2029 in
3505 1976 3668 2032 omni

2019 2078 2230 2134 genere
2263 2061 2692 2128 doctrinarum,
2725 2062 2956 2116 erudita
2987 2079 3128 2118 sane
3156 2069 3212 2118 et
3240 2064 3413 2119 docta
3461 2082 3668 2121 monu-

2020 2157 2238 2219 menta,
2274 2151 2329 2204 in
2365 2149 2477 2204 divi
2514 2151 2678 2206 Lucae
2735 2150 3134 2220 Evangelium,
3184 2157 3447 2222 quatuor
3502 2152 3670 2210 libris

2020 2239 2383 2302 distinctam,
2437 2239 2584 2294 satis
2631 2239 2867 2294 uberem
2910 2243 2966 2294 et
2996 2238 3356 2295 luculentam
3388 2245 3669 2298 Catenam

2017 2346 2084 2384 ex
2117 2328 2388 2400 pluribus
2421 2328 2689 2383 Patribus
2722 2334 2780 2382 et
2819 2328 3206 2399 scriptoribus
3257 2330 3671 2388 ecclesiasticis

2016 2421 2258 2473 venuste
2291 2417 2607 2472 admodum
2640 2417 3041 2486 concinnavit;
3076 2418 3231 2473 inter
3285 2435 3384 2474 eos
3415 2437 3528 2475 non
3580 2422 3668 2476 in-

2029 2507 2148 2562 timi
2183 2510 2323 2560 sunt
2368 2506 2602 2562 Simeon
2653 2506 3038 2577 Metaphrates
3083 2512 3141 2562 et
3191 2508 3434 2564 Psellus.
3479 2511 3670 2566 Fatcri

2026 2612 2341 2669 possumus
2371 2611 2526 2664 ergo,
2572 2594 2827 2650 Psellum
2859 2595 3038 2661 hunc,
3074 2596 3174 2667 qui
3227 2599 3337 2652 sub
3386 2604 3672 2654 Constan-

2024 2688 2146 2740 tino
2178 2684 2338 2739 Duca
2371 2683 2588 2752 ﬂoruit,
2623 2687 2790 2738 esse?
2827 2690 3045 2756 Apage.
3098 2685 3264 2740 Mem
3306 2703 3493 2756 nugae.
3529 2693 3674 2743 Ante

2023 2775 2234 2830 Niceta
2267 2779 2538 2844 tempora
2569 2772 2788 2828 obiisse
2847 2789 2980 2827 eum
3040 2783 3192 2828 certo
3241 2781 3490 2840 constat.
3526 2777 3672 2833 Eum

2025 2864 2096 2918 de
2117 2879 2264 2918 novo
2296 2866 2429 2934 post
2450 2861 2712 2917 Nicetam
2744 2861 3021 2917 revixisse
3055 2862 3299 2933 probent
3323 2863 3457 2934 ipsi,
3490 2865 3538 2921 si
3573 2883 3670 2938 po-

2025 2956 2246 3008 terunt.

2095 3041 2246 3096 XIV.
2281 3042 2704 3111 Argumentum
2739 3040 2846 3095 hoc
2870 3056 3011 3096 sane
3032 3041 3257 3110 efﬁcax,
3283 3042 3426 3097 mihi
3449 3042 3508 3098 in
3530 3061 3670 3116 prie-

2025 3129 2233 3197 sentia,
2273 3135 2338 3183 ut
2369 3144 2566 3184 verum
2625 3127 2828 3198 fateor,
2887 3146 3001 3184 non
3051 3130 3357 3186 satisfecit.
3400 3131 3514 3186 Nec
3559 3132 3671 3188 fide

2028 3221 2562 3289 manuscriptorum
2613 3219 2906 3288 codicum,
2959 3237 3107 3292 quos
3154 3239 3333 3294 supra
3381 3223 3670 3291 recensui,

251 3314 559 3377 astruunt,
609 3308 834 3380 lapides
880 3314 1046 3378 sunt,
1089 3309 1529 3363 demonstrabo.
1575 3309 1912 3364 Concedant
1942 3293 1984 3361 C
2024 3309 2285 3365 Nicetam
2318 3309 2598 3363 Davidem
2631 3308 2902 3362 eumdem
2935 3325 3063 3364 esse
3111 3327 3245 3365 cum
3294 3311 3496 3368 Niceta
3532 3313 3670 3368 Ser-

252 3402 310 3452 et
340 3397 669 3452 concedere
723 3396 940 3452 debent
996 3395 1278 3451 orationis
1341 3401 1644 3467 parentem
1695 3413 1915 3468 cogno-

261 3490 467 3541 mento
520 3484 780 3541 Psellum
832 3485 1037 3552 fuisse,
1089 3484 1416 3556 vixisseque
1472 3501 1587 3540 non
1645 3485 1741 3539 diu
1787 3489 1918 3556 post

258 3574 678 3646 Metaphrastzs
725 3579 1009 3647 tempora.
1044 3574 1123 3630 En
1171 3573 1333 3629 illius
1372 3575 1546 3630 verba
1577 3570 1918 3646 (h):"E85iEc

258 3664 367 3737 γὰρ
425 3663 524 3716 κάν
576 3665 657 3734 τῷ
711 3659 856 3716 τὲλιι
911 3662 1106 3723 ὁποῖος
1155 3660 1303 3732 αὐτῷ
1348 3662 1376 3714 ὁ
1422 3657 1915 3734 διεσπουδασμὲνος

262 3752 382 3826 βίος
445 3749 739 3826 ἐτύγχανεν
798 3745 895 3806 ὤν.
953 3751 1033 3807 Οὐ
1081 3750 1182 3828 γὰρ
1231 3748 1412 3825 ὥσπερ
1459 3757 1784 3821 τετιμῆσθαι
1825 3749 1917 3804 16-

257 3842 353 3894 τὸν
411 3841 467 3894 οἱ
524 3838 924 3915 συνεωρακότες
983 3841 1164 3916 φασὶν,
1227 3836 1353 3893 οὐδὲ
1411 3836 1731 3914 διῃρῆσθαι,
1793 3837 1919 3892 ἀλλ’

263 3926 441 3984 ἐδόκει
519 3928 700 4004 ὥσπερ
778 3929 926 3990 τινὸς
1006 3927 1210 3999 δέσμης
1267 3927 1769 4004 ἐλευθεροῦμενος,
1828 3928 1914 3981 καὶ

261 4019 524 4093 εὐμαρῶς
581 4017 716 4091 πρὸς
755 4016 880 4079 τοὺς
912 4015 1142 4091 ἄγοντας
1189 4015 1455 4092 ἀγγέλους
1510 4015 1919 4088 ἀνατεινόμενος

258 4108 518 4180 νεύματι.
582 4111 638 4162 1d
698 4113 788 4162 est
821 4125 834 4162 :
872 4108 1007 4163 Nam
1037 4109 1121 4163 vel
1152 4110 1211 4162 in
1261 4109 1370 4177 ﬁne
1414 4107 1669 4174 ostendit,
1706 4107 1923 4177 qualem

261 4202 445 4254 vitum
476 4200 681 4268 egerat.
715 4198 830 4253 Non
875 4199 1028 4252 enim
1083 4213 1210 4252 eum
1248 4198 1418 4252 veluti
1468 4197 1796 4262 abscissum,
1826 4199 1922 4250 aut

258 4290 512 4343 divisum
539 4288 715 4357 fuisse
743 4287 937 4342 dicunt
968 4287 1140 4358 ii,qui
1172 4286 1432 4341 viderunt
1464 4287 1603 4342 :sed
1636 4285 1923 4341 videbatur

257 4378 445 4436 veluti
476 4394 515 4431 a
543 4381 777 4446 quodam
825 4376 1050 4432 vinculo
1098 4376 1346 4446 liberari,
1397 4379 1449 4431 et
1491 4375 1672 4430 hilari
1698 4383 1840 4429 nutu
1866 4390 1921 4430 se

256 4470 558 4531 extendere
586 4464 654 4520 ad
685 4464 937 4520 ducentes
985 4465 1220 4536 angelos.
1257 4465 1458 4537 Neque
1509 4479 1721 4536 negare
1753 4467 1920 4536 pote-

257 4563 424 4624 runt,
455 4557 721 4612 Nicetam
750 4553 873 4625 qui,
903 4557 959 4608 et
988 4553 1165 4609 David
1210 4553 1538 4620 dicebatur,
1590 4551 1917 4624 Paphalgo-

2026 3416 2183 3464 rone,
2216 3399 2444 3453 Catenae
2467 3398 2522 3451 in
2549 3397 2759 3451 Lucam
2788 3397 3167 3468 compilatore
3191 3401 3500 3471 probatum
3523 3403 3669 3458 satis

2027 3493 2201 3560 puto:
2237 3486 2477 3558 longum
2539 3485 2694 3540 enim
2755 3486 3036 3558 temporis
3092 3487 3465 3546 intervallum
3515 3491 3670 3546 inter

2029 3583 2344 3646 utrumque
2396 3573 2800 3630 intercessisse
2850 3574 3148 3631 existimo.
3226 3577 3371 3633 Nam
3435 3579 3666 3635 Nicetes

2025 3668 2254 3729 Serron,
2275 3663 2556 3718 diaconus
2589 3664 2844 3733 primum
2877 3663 3100 3734 Magnas
3129 3665 3419 3731 Ecclesia,
3452 3673 3508 3722 et
3541 3685 3668 3722 ma-

2027 3755 2227 3827 gister,
2279 3767 2380 3807 seu
2411 3751 2632 3809 doctor.
2691 3751 2920 3807 Catenae
2955 3752 3013 3805 in
3047 3752 3290 3821 Lucam,
3333 3757 3668 3812 Mattheum

2027 3848 2084 3898 et
2106 3841 2250 3897 alios
2281 3844 2503 3909 auctor,
2533 3844 2589 3894 et
2620 3839 3020 3894 Heracleensis
3060 3845 3259 3911 postea
3280 3843 3674 3915 archiepisco-

2030 3947 2162 4002 pus,
2195 3930 2403 3984 iisdem
2438 3944 2573 3983 cum
2615 3927 3013 4001 Thephylacto
3066 3929 3506 4002 archiepiscopo
3545 3933 3674 3988 Bul-

2029 4019 2201 4092 gariaa
2257 4018 2626 4090 temporibus
2679 4019 2895 4083 ﬂoruit,
2928 4020 2999 4073 ad
3035 4034 3207 4091 quem
3233 4037 3448 4075 nonam
3482 4021 3674 4077 Theo-

2029 4108 2286 4181 phylacti
2319 4105 2626 4178 epistolam
2663 4107 2814 4161 inter
2835 4106 3156 4178 impressas
3185 4126 3219 4163 a
3240 4109 3515 4181 Meursio,
3539 4109 3675 4182 legi.

2028 4198 2135 4252 Sed
2168 4197 2240 4251 de
2272 4195 2363 4251 his
2395 4194 2545 4250 alius
2578 4194 2688 4249 erit
2716 4194 3050 4266 inquirendi
3085 4195 3267 4253 locus.

2098 4286 2215 4342 XV.
2243 4285 2404 4349 Quod
2438 4283 2487 4340 si
2515 4288 2857 4340 novaturum
2910 4285 3192 4342 doctrinis
3242 4287 3516 4345 insistere
3559 4289 3677 4346 vel-

2029 4374 2166 4442 lcm,
2209 4373 2635 4446 Mrtaphrastes
2665 4373 2722 4426 in
2756 4372 2964 4428 ultima
3010 4373 3353 4431 Christianas
3405 4377 3675 4433 Ecclesia:

2029 4463 2380 4536 antiquitate
2412 4461 2558 4533 ipsis
2584 4463 2761 4516 etiam
2793 4463 3192 4534 apostolorum
3227 4463 3535 4536 discipulis
3553 4463 3678 4540 σύγε

2028 4571 2228 4626 χρονος
2265 4551 2392 4621 fuit,
2416 4555 2647 4607 tantum
2668 4551 2836 4606 abest
2861 4555 2922 4605 ut
2942 4553 3388 4608 recentissimus
3417 4553 3513 4608 sit.
3568 4555 3674 4611 No-

255 4667 399 4706 nem
433 4647 570 4702 divo
624 4643 846 4714 Ignatio
889 4641 1557 4713 Constantinopolitano,
1609 4640 1918 4712 aqualem,
1952 4661 1996 4727 υ
2027 4643 2138 4697 dus
2169 4658 2338 4712 quem
2373 4639 2590 4710 nescio,
2619 4656 2691 4694 an
2727 4655 2986 4709 unquam
3013 4641 3675 4711 expedientadversarii.

256 4739 478 4795 iisdem
512 4749 646 4788 cum
679 4731 929 4787 senioris
961 4730 1264 4786 Michaelis
1315 4730 1487 4786 Pselli
1530 4730 1919 4802 temporibus,

252 4825 502 4898 scriptis
533 4821 710 4878 editis
741 4821 1214 4891 celeberrimum,
1258 4821 1496 4877 vixisse.
1533 4822 1661 4892 Ipse
1695 4823 1800 4876 hoc
1847 4821 1920 4875 de

253 4937 343 4985 se,
365 4917 423 4970 in
460 4909 754 4986 principio
776 4909 919 4963 Vita
948 4909 1156 4980 Ignatii
1181 4926 1212 4963 a
1240 4925 1302 4964 se
1333 4909 1918 4980 conscriptas.tradit.

252 5007 528 5063 Nicetam
564 5000 720 5054 hunc
739 4998 1013 5053 eumdem
1046 5013 1178 5052 cum
1203 4997 1404 5053 Niceta
1427 4999 1671 5054 Serrone
1697 4999 1921 5054 iaciunt

253 5095 530 5170 plerique
563 5088 796 5144 codices
827 5086 1111 5142 Vaticani.
1159 5087 1591 5159 Expositionem
1623 5087 1917 5158 siquidem

252 5186 316 5241 in
350 5180 637 5238 Carmina
665 5176 924 5248 Gregorii
978 5175 1349 5242 Nazianzeni,
1402 5177 1687 5246 ejusdem,
1733 5177 1833 5246 qui
1864 5180 1922 5231 et

258 5275 320 5328 in
350 5270 470 5326 alia
493 5264 758 5338 Gregorii
781 5268 1216 5321 commentatus
1255 5269 1346 5319 est
1392 5263 1627 5335 Nicetis,
1651 5264 1920 5320 Serronis

255 5360 514 5425 scilicet,
547 5355 704 5428 quod
746 5357 804 5409 et
832 5352 1072 5424 plurimi
1105 5352 1336 5408 codices
1370 5352 1756 5425 manuscripti
1787 5369 1921 5409 con-

2031 4730 2344 4794 Gesnerus,
2366 4733 2423 4783 et
2453 4729 2579 4798 ejus
2602 4727 2962 4798 Epitomator
3009 4729 3407 4800 suspicantur,
3463 4731 3674 4802 [lippo-

2029 4819 2213 4891 lytum
2227 4815 2680 4882 Thebanum,Ch
2691 4816 2872 4869 ronici
2887 4815 3278 4871 Ecclesiastici
3306 4817 3675 4888 scriptorem,

2029 4908 2198 4976 cujus
2226 4907 2620 4977 fragmentum
2663 4903 2935 4965 Canisius
2987 4905 3044 4957 in
3091 4906 3361 4975 Antiquit.
3395 4908 3538 4960 tom.
3574 4906 3672 4976 ΙΙΙ,

2035 4995 2204 5052 nobis
2236 4999 2428 5050 Graece
2449 5000 2505 5048 et
2554 4993 2752 5047 Latine
2815 4992 3099 5058 exhibuit,
3134 4993 3300 5047 illum
3333 5011 3482 5063 esse,
3506 4997 3677 5067 cujus

2031 5085 2421 5156 Hieronymus
2453 5080 2721 5136 meminit
2755 5081 2810 5134 in
2842 5081 2992 5136 libro
3040 5083 3113 5136 De
3158 5083 3295 5136 viris
3343 5083 3673 5158 illustribus,

2029 5175 2408 5230 Portuensem
2445 5171 2752 5234 duntaxat,
2790 5186 2894 5224 nec
2925 5171 3284 5242 incongrue;
3321 5187 3455 5226 cum
3487 5179 3543 5228 et
3574 5174 3675 5229 Ni-

2032 5262 2321 5332 cephorus
2373 5258 2644 5316 Callistus
2706 5258 2906 5313 Histor.
2956 5261 3164 5315 Eccles.
3223 5259 3323 5314 lib.
3385 5277 3446 5329 ιι,
3506 5277 3554 5316 c.
3618 5263 3671 5330 3,

2032 5351 2258 5423 Glycas,
2304 5349 2369 5421 (i)
2427 5351 2483 5404 et
2542 5346 2648 5418 [ll]
2707 5345 3047 5404 Theodorus
3106 5347 3420 5406 Metochita
3457 5349 3516 5406 in
3563 5352 3675 5408 An-

1865 5486 2076 5544 ΝΟΤίΕ

357 5594 417 5665 ἡ)
447 5590 618 5665 Apud
649 5588 928 5665 Allatium
969 5589 1040 5645 de
1083 5587 1459 5645 Simeonibus
1488 5606 1545 5661 p.
1576 5589 1701 5645 335.
1735 5589 1916 5654 Quem

253 5661 409 5724 vide'
427 5661 603 5720 etiam
637 5679 694 5734 p.
715 5661 802 5734 _48
831 5675 958 5731 seq.

329 5737 403 5814 (i)
433 5730 831 5810 Glyca'etiam
861 5730 1002 5788 sunt
1021 5746 1168 5804 quos
1189 5730 1302 5789 sub
1333 5730 1660 5791 Metochita
1682 5731 1919 5792 nomine

2029 5583 2595 5660 annales‘Meursius
2626 5582 2834 5660 edidit.
2874 5582 3222 5660 Hippolytus
3251 5602 3382 5644 vero
3407 5586 3678 5646 Chronici

2030 5664 2233 5718 auctor
2263 5657 2464 5715 floruit
2492 5653 2703 5713 saeculo
2734 5655 2832 5713 XI.
