4078 6336
456 396 567 457 487
1866 379 2145 440 LEONlS
2189 378 2498 440 ALLATII
3738 379 3860 441 488

449 526 693 588 nalibus,
718 539 808 589 ea,
832 536 963 592 quas
994 520 1133 573 sunt
1162 512 1453 586 Hippolyti
1502 510 1783 571 Thebani.
1834 510 2099 565 tribuant
2131 536 2183 600 Α
2212 510 2471 567 locutum
2507 510 2988 581 familiarissime,
3038 530 3278 586 suaeque
3323 514 3634 582 legationis
3673 513 3851 567 finem

451 612 783 687 Hippolyto,
818 606 1123 665 Portuensi
1154 605 1451 676 episcopo,
1483 600 1963 670 substituantque
1994 616 2097 670 pro
2209 600 2594 666 fortunatum,
2628 601 2700 655 ob
2732 617 2979 673 eamque
3009 619 3254 659 munera
3288 604 3360 659 ab
3390 603 3743 674 imperatore
3774 619 3859 656 rc-

451 704 727 760 Thebano
752 704 1153 754 Portuensem.
1188 693 1395 750 Verum
1443 688 1782 745 Portuensis
1814 689 1922 742 sub
1974 687 2101 742 Ale-
2207 690 2514 760 portanda,
2545 690 2928 763 praesagiente
2958 692 3154 749 divino
3203 692 3303 749 illo
3351 708 3511 758 sene,
3562 692 3801 747 audisse
3836 708 3849 745 :

449 793 674 848 xandro
706 789 1079 859 imperatore,
1112 798 1264 837 anno
1292 780 1513 837 scilicet
1542 777 1756 834 Christi
1786 778 1910 847 229,
1946 794 2099 831 mar-
2209 783 2343 849 post
2389 778 2719 834 absolutam
2781 780 3232 852 navigationem,
3267 782 3574 838 scribendo
3609 797 3697 851 ea,
3730 797 3859 852 quas

452 883 902 953 tyriumpassus
931 872 1311 941 est.Estergo
1333 866 2098 941 Melaphrastesantiquior,
2208 867 2432 921 viderat
2461 872 2519 922 et
2574 869 2862 934 audierat,
2921 877 3207 942 praecepta
3263 872 3425 927 senis
3476 871 3855 942 adimplesse.

455 987 588 1026 cum
610 966 1017 1038 Metapbrastm
1046 959 1407 1016 Simeonisin
1426 956 1709 1012 Chronico
1733 956 1951 1010 mentio
1974 954 2097 1022 fiat,
2210 954 2317 1009 Illa
2347 972 2477 1025 ergo
2539 962 2882 1028 tempestate
2941 959 3188 1027 vivebat,
3245 977 3376 1015 cum
3424 960 3643 1015 Arabes
3701 959 3860 1031 Eget

453 1064 509 1115 et
531 1053 1288 1130 suspicioneipsorumuna
1311 1064 1443 1102 cum
1465 1044 1773 1117 discipulis
1807 1042 2099 1115 apostolo-
2208 1044 2459 1113 insulas,
2494 1052 2551 1100 et
2597 1062 2729 1100 oras
2778 1048 3009 1103 Graeciaa
3068 1050 3395 1105 maritimas
3469 1066 3582 1105 non
3640 1048 3858 1103 infelici

453 1162 583 1202 rum
619 1145 833 1200 ﬂoruit.
876 1142 1081 1195 Plures
1106 1140 1230 1210 jam
1283 1136 1372 1190 hic
1415 1134 1839 1203 Metaphrastas
1896 1134 2098 1203 partu-
2208 1138 2437 1199 eventu,
2476 1133 2689 1189 misera
2718 1140 2914 1192 tamen
2944 1139 3175 1193 Graeciaa
3207 1138 3538 1194 calamitate
3581 1155 3647 1193 ac
3692 1137 3859 1193 clade

451 1236 622 1302 rient,
657 1232 918 1289 omnium
952 1236 1146 1285 tamen
1180 1224 1647 1281 recentissimum
1678 1221 1842 1275 Vitas
1866 1228 2095 1276 sanclo-
2208 1221 2563 1277 afﬂixerunt.
2599 1224 2709 1279 Sed
2745 1231 2885 1280 tunc
2938 1227 3339 1297 potissimum,
3372 1243 3506 1282 cum
3546 1226 3607 1281 in
3642 1227 3858 1281 Arabas

446 1340 579 1379 rum
611 1320 921 1393 scripsisse
952 1319 1167 1372 dicent.
1204 1319 1380 1385 Nugaa
1411 1317 1468 1367 et
1499 1309 1750 1366 somnia.
2208 1309 2398 1366 classe
2430 1328 2497 1366 ac
2533 1313 2682 1367 ferro
2731 1314 3048 1383 Himerius,
3083 1314 3210 1387 ipse
3257 1316 3432 1371 verbo
3478 1332 3544 1371 ac
3593 1315 3853 1370 muneri-

515 1413 657 1467 XVI.
692 1409 1112 1480 Metaphrastes
1139 1404 1371 1457 Simeon
1420 1401 1629 1455 unicus
1674 1402 1821 1463 esto,
1878 1396 2092 1451 Theba-
2208 1398 2318 1455 bus
2344 1403 2764 1471 expugnandos
2797 1402 3068 1469 mittitur,
3102 1409 3242 1460 tunc
3282 1422 3414 1461 cum
3465 1404 3727 1461 nondum
3779 1404 3853 1458 ad

443 1518 554 1556 nus
586 1517 619 1555 a
649 1497 982 1559 Portuensi,
1016 1493 1099 1549 uti
1150 1497 1241 1548 est
1274 1490 1619 1562 Hippolytus
1670 1488 1938 1542 diversus
1971 1485 2091 1541 exi-
2206 1490 2585 1560 scriptionem
2637 1492 2900 1548 animum
2952 1493 3288 1565 adjecisset.
3322 1495 3433 1549 Sed
3468 1495 3581 1549 ista
3609 1509 3852 1549 evenere

443 1591 733 1655 stimetur;
778 1592 835 1641 et
869 1602 973 1639 nos
1022 1597 1305 1653 perquam
1337 1580 1590 1634 obscura
1638 1576 1799 1631 illius
1831 1581 2096 1645 tempora
2203 1579 2571 1649 temporibus
2622 1580 2834 1637 Leonis
2894 1583 3212 1654 Sapientis,
3259 1583 3460 1639 Basilii
3520 1581 3855 1639 Macedonis

444 1682 501 1733 et
529 1676 659 1731 vitae
692 1676 1027 1730 institutum
1063 1670 1299 1725 aliunde
1331 1684 1508 1739 quam
1542 1684 1573 1721 a
1603 1671 1862 1736 tempore
1896 1662 2091 1728 Pselli,
2203 1665 2329 1731 Iilii,
2390 1667 2437 1720 si
2496 1667 2777 1735 Cedreno,
2852 1670 3240 1743 Curopalataa,
3304 1672 3541 1727 Zonaras
3602 1669 3853 1741 aliisque

442 1770 522 1834 et,
546 1766 594 1821 si
630 1764 749 1819 ﬁeri
785 1768 997 1835 potest,
1031 1762 1102 1815 ab
1134 1759 1335 1815 eodem
1372 1756 1547 1812 etiam
1580 1752 1970 1823 Metaphraste
2003 1751 2089 1805 in-
2199 1755 2497 1812 historicis
2553 1758 2769 1814 Graecis
2823 1760 2967 1815 fides
3027 1760 3299 1817 habenda
3348 1768 3457 1817 est.
3510 1761 3660 1832 Ergo
3710 1764 3856 1814 tunc

443 1855 996 1927 quiramus.Auctor
1015 1849 1161 1903 Vitia
1204 1853 1418 1903 sanctaa
1454 1843 1800 1899 Theoctistaa
1854 1840 2087 1909 Lesbia,
2128 1910 2169 1927 ἢ
2203 1845 2438 1901 Simeon
2462 1846 2571 1902 iste
2602 1839 3321 1919 Metaphrastes,Vitarum
3351 1849 3853 1922 scriptor,ﬂoruit,

438 1910 799 2015 ίίρβοῖηεηο
821 1947 878 1996 ει
909 1940 1101 2000 Βυτίον
1156 1938 1223 2008 (1)
1256 1936 1502 2005 aliisque
1541 1932 1667 1987 Sine
1698 1930 1816 1985 una
1855 1929 2092 1984 thitﬂ-
2125 1910 2170 1971 Β
2202 1936 2549 1990 muneribus
2576 1953 2643 1990 ac
2673 1910 3063 2009 dignitatibus
3089 1945 3315 1995 auctus.
3351 1940 3417 1994 Et
3456 1910 3501 1995 si
3533 1910 3672 2009 quid
3713 1910 3851 1993 con;

438 2034 617 2097 tione,
650 2032 919 2104 quamvis
953 2028 1148 2083 nescio
1180 2025 1321 2096 quid
1354 2024 1423 2077 ad
1448 2024 1737 2077 incertum
1788 2024 2084 2074 auctorem
2190 2024 2422 2093 jectura
2477 2026 2752 2094 augurari
2784 2026 2939 2095 licet,
2975 2028 3212 2083 Simeon
3244 2027 3340 2082 ille
3370 2044 3405 2082 a
3435 2027 3674 2083 secretis
3723 2028 3835 2082 sub

438 2122 827 2189 transmittat,
859 2116 1287 2187 Metapbrastes
1336 2111 1430 2166 hic
1479 2114 1591 2165 est.
1633 2108 2085 2179 Comprobatur-
2199 2112 2307 2166 hoc
2341 2113 3629 2188 Leone,quiaurumaRhodopbyllorelictum
3664 2116 3841 2171 Leoni

446 2227 560 2282 que
589 2208 919 2265 certissimo
968 2204 1159 2277 ipsius
1214 2200 1386 2257 Pselli
1443 2198 1801 2255 testimonio.
1858 2194 2086 2251 Psellus
2191 2201 2485 2272 Tripolitaa
2518 2202 2721 2258 infami
2749 2210 3014 2276 apostate
3044 2205 3353 2272 obtulerat,
3390 2210 3453 2260 ut
3480 2221 3614 2260 eum
3646 2205 3716 2259 ab
3739 2220 3840 2259 ex-

451 2316 727 2369 namque,
754 2298 892 2352 dum
926 2296 985 2350 in
1010 2292 1466 2364 Metaphrastem
1509 2305 1747 2355 canone,
1790 2302 2083 2341 commen-
2193 2291 2343 2346 cidio
2370 2291 2877 2348 'I‘hessalonicensi
2902 2298 3206 2363 averteret,
3224 2294 3473 2366 ideoque
3494 2294 3565 2347 ab
3595 2293 3848 2364 impera-

438 2388 690 2443 tationes
710 2386 1104 2457 Motaphraste
1145 2380 1428 2445 insinuat,
1463 2376 1667 2433 scribit
1698 2376 1863 2431 illum
1897 2392 2039 2428 cons

2230 2396 2315 2434 )re
2346 2382 2574 2451 patricii
2592 2388 2648 2437 et
2668 2384 2962 2437 secretarii
2992 2383 3251 2454 primarii
3287 2383 3675 2456 dignitatibus
3696 2398 3840 2438 con-

438 2476 516 2531 lio
548 2481 724 2547 atque
758 2474 980 2529 monitu
1011 2471 1163 2526 Parii
1203 2470 1563 2525 anachoreta:
1596 2481 1813 2520 munus
1845 2480 2081 2536 aggres-
2192 2470 2516 2535 decoratas,
2548 2471 2910 2527 nullusalius
2932 2478 3223 2544 est,quam
3252 2473 3609 2529 Simeonisle
3641 2476 3843 2528 noster

437 2582 573 2621 sum
605 2562 921 2628 scribendi,
956 2562 1207 2633 primum
1250 2559 1514 2614 omnium
1547 2554 1904 2626 colloquium
1941 2552 2081 2606 illud
2193 2558 2632 2627 Metaphrastes,
2688 2560 2786 2631 qui
2839 2561 3168 2632 Logothetae
3201 2563 3438 2617 nomine
3467 2580 3501 2617 a
3530 2560 3737 2629 Psello,
3773 2565 3843 2616 ut

433 2654 922 2726 composuisse,et
944 2648 1292 2706 Theoctistae
1317 2646 1560 2715 virginis
1592 2644 1769 2699 vitam
1804 2642 2083 2714 graphice
2195 2648 2459 2703 dicemus
2492 2648 2757 2719 inferius,
2791 2657 2847 2705 et
2876 2652 2949 2705 ab
2980 2650 3112 2707 aliis
3139 2652 3474 2721 insignitur.

435 2744 754 2798 admodum
807 2740 1143 2803 celebrasse,
1179 2737 1296 2792 Ode
1326 2737 1378 2789 6.
1426 2734 1502 2788 Τὸ
1552 2730 1767 2806 πρῶτόν
1818 2750 1912 2783 σου
1954 2728 2045 2801 σύγ

2266 2736 2442 2800 XVII.
2503 2738 2931 2809 Metaphrastes
2961 2756 3097 2811 ergo
3163 2740 3395 2797 Simeon
3458 2740 3837 2813 scriptionem

435 2850 669 2905 γραμμα
720 2828 779 2882 ἐκ
836 2827 1101 2900 Ηρονοίας
1160 2825 1343 2893 θείκῆς
1380 2866 1395 2892 ,
1450 2823 1538 2875 καὶ
1610 2819 1833 2891 ὁμιλίας
1896 2819 2045 2892 γὲγον

2229 2842 2434 2881 xorsus
2464 2832 2554 2881 est
2585 2829 2694 2883 sub
2718 2829 2924 2898 Leone,
2946 2835 3003 2885 et
3024 2830 3135 2885 sub
3162 2830 3545 2886 Constantino
3581 2829 3839 2901 Porphy-

433 2923 530 2973 τοῦ
576 2920 725 2993 ἱεροῦ
772 2914 1075 2992 πρεσῦὗτου
1107 2915 1195 2968 καὶ
1232 2915 1520 2985 μοναστοῦ,
1555 2908 1780 2981 Συμεὼν
1816 2908 2043 2971 θεσπέσιε

2228 2918 2529 2985 ogenneta,
2556 2916 2761 2973 Leonis
2794 2916 2933 2987 ﬁlio,
2979 2924 3037 2972 et
3085 2923 3295 2989 nepote
3334 2920 3613 2985 Romano,
3663 2923 3838 2973 aetate

437 3008 495 3062 ὃν
531 3006 581 3062 ἓν
613 3008 779 3081 Πάρῳ
831 3009 897 3079 τῇ
942 3007 1093 3076 νήσῳ
1119 3004 1479 3077 τεθεώρηκας.
1515 3002 1600 3066 Et,
1635 2998 1820 3070 Ἀξίως
1850 2995 2047 3068 ἐξόμνη

2226 3004 2367 3058 tiam
2400 3003 2524 3074 ipse
2555 3006 2914 3075 provectiore
2945 3007 3201 3062 assiduis
3236 3007 3532 3062 laboribus
3564 3006 3834 3062 absolve-

432 3118 528 3160 σας
564 3103 664 3166 τῆς
716 3090 949 3155 Λεσϐίοις
1008 3093 1073 3147 τὰ
1132 3091 1361 3164 Λαμπρά
1414 3088 1504 3143 καὶ
1564 3092 1680 3151 θεῖα
1731 3086 2042 3160 ἀγωνία-ματ

2221 3098 2321 3160 .at;
2358 3098 2418 3148 ut
2446 3109 2513 3148 ex
2556 3094 2717 3148 illius
2748 3095 3007 3150 oratione
3049 3097 3119 3150 de
3167 3096 3564 3167 exportatione
3617 3111 3831 3150 manus

432 3186 756 3255 Θιογτίστης
788 3191 887 3253 τῆς
918 3181 1087 3246 ὄντως
1108 3180 1418 3256 ἀγγελικὸν,
1448 3181 1644 3251 μικροὖ
1668 3179 1755 3229 καί
1790 3175 2042 3246 ἀσώματα

2233 3186 2403 3236 extra:
2460 3183 2703 3238 Joannis
2736 3183 3002 3255 Baptistae
3051 3185 3206 3255 apud
3277 3185 3700 3257 Lippomanum
3773 3190 3835 3238 et

426 3273 725 3344 τελεσάσης
769 3272 1057 3346 παντόφως
1108 3272 1170 3325 τὸ
1223 3266 1549 3340 πολίτευμα.
1609 3269 1663 3321 ld
1717 3272 1846 3321 est:
1884 3268 2036 3319 Prim

2236 3270 2426 3324 urium
2454 3270 2533 3341 (Ιε)
2566 3270 2757 3343 colligi
2802 3273 3031 3341 poterit.
3085 3274 3171 3327 Ait
3220 3273 3378 3328 enim
3429 3290 3496 3329 ea
3523 3278 3692 3328 aetate
3723 3273 3838 3328 sub

426 3374 524 3421 tua
552 3366 942 3420 commutatio
962 3380 1036 3417 ea:
1072 3362 1266 3417 divina
1316 3358 1671 3415 Providentia
1720 3360 1768 3411 et
1810 3355 2076 3425 colloquio
2184 3359 2561 3414 Constantino
2594 3365 2651 3414 et
2682 3360 2943 3417 Romano
2977 3360 3435 3433 imperatoribus
3466 3380 3499 3417 a
3526 3362 3673 3416 Jobo
3703 3361 3837 3416 dia-

425 3456 579 3523 facta
623 3458 695 3508 est
727 3454 881 3508 sacri
926 3453 1075 3506 senis
1131 3453 1185 3506 et
1238 3447 1609 3511 anachoretaz,
1643 3445 1867 3499 Simeon
1893 3442 2035 3496 admi

2222 3465 2325 3502 ono
2362 3465 2599 3502 manum
2633 3449 2941 3504 Antiochia
2964 3451 3304 3522 Byzantium
3338 3450 3590 3505 delatam
3625 3450 3832 3506 fuisse.

429 3543 646 3606 rabilis,
680 3558 840 3613 quem
876 3544 934 3595 in
994 3541 1136 3594 Paro
1180 3539 1367 3592 insula
1415 3535 1776 3606 conspexisti.
1831 3532 1920 3599 Et,
1972 3536 2075 3585 Pro
2184 3538 2245 3591 Id
2281 3544 2471 3592 autem
2508 3539 2617 3591 sub
2650 3538 2821 3594 dictis
2853 3540 3306 3609 imperatoribus
3335 3539 3598 3595 evenisse
3621 3539 3833 3594 contir-

429 3630 709 3700 dignitate
759 3630 973 3685 laudati
1031 3628 1236 3684 Lesbia:
1270 3627 1512 3681 illustria
1556 3628 1607 3677 et
1656 3623 1845 3676 divina
1890 3629 2073 3675 certa—
2186 3630 2351 3681 munt
2390 3627 2684 3682 Cedrenus
2744 3632 2800 3682 et
2852 3629 3104 3683 zonam;
3160 3628 3220 3683 in
3275 3628 3661 3684 Constantino
3713 3627 3841 3682 Ροιι.

431 3724 606 3785 mina,
642 3737 763 3776 vere
796 3720 1138 3782 Theoctistée,
1170 3734 1203 3770 a
1236 3717 1343 3770 Deo
1382 3714 1694 3785 fabricatae,
1743 3725 1869 3781 qua?
1907 3725 2041 3779 ange

1042 3725 1138 3782 ne,
1170 3734 1203 3770 a
1236 3717 1343 3770 Deo
1382 3714 1694 3785 fabricatae,
1743 3725 1869 3781 qua?
1907 3725 2074 3779 ange-
2193 3715 2650 3785 phyrogenneta.

431 3809 597 3864 licam
624 3818 675 3864 et
705 3813 917 3864 tantum
947 3824 1056 3863 non
1105 3808 1485 3872 incorporeum
1532 3802 1767 3857 absolvit
1801 3801 2077 3870 sapienter
2256 3803 2452 3859 XVIII.
2488 3808 2653 3858 Errat
2691 3820 2826 3876 ergo
2861 3805 3151 3861 Gerardus
3184 3807 3448 3876 Vossius,
3479 3810 3535 3861 et
3566 3804 3685 3870 alii,
3724 3804 3829 3875 qui

430 3901 563 3955 vitae
592 3901 885 3953 rationem.
925 3897 983 3951 In
1018 3896 1126 3949 hac
1158 3899 1356 3947 autem
1407 3891 1745 3962 scriptione,
1792 3896 1849 3944 et
1898 3887 2075 3943 collo-
2185 3899 2395 3966 putant
2439 3894 2768 3949 Simeonem
2807 3895 3259 3967 Memphi-astam
3293 3898 3403 3951 sub
3444 3894 3827 3951 Constantino

425 3989 631 4057 quium
688 3986 846 4042 senis
899 3986 954 4039 in
1010 3985 1171 4050 Paro,
1223 3986 1278 4036 et
1337 3980 1809 4041 adhortamenta,
1852 3982 1909 4031 et
1956 3977 2076 4031 vita
2185 3981 2867 4049 Duca,velsaltemcirca
2889 3984 3837 4054 eatemporaﬂoruisse:errasse—

421 4076 785 4131 Theoctistes
818 4090 921 4145 pro
944 4071 1185 4127 humani
1212 4069 1430 4140 ingenii
1459 4068 1742 4122 tenuitate
1774 4081 2073 4137 exponun-
2185 4086 2297 4140 que
2331 4070 2643 4126 Baronium
2678 4077 2734 4127 et
2764 4072 3210 4137 Bellarminum,
3262 4089 3397 4128 cum
3456 4071 3720 4132 Simeon,
3774 4076 3842 4126 ut

421 4170 536 4220 tur.
577 4166 621 4218 Α
652 4164 879 4217 ratione
910 4177 1048 4232 ergo
1076 4160 1303 4214 alienus
1335 4162 1510 4222 esset.
1548 4155 1886 4226 quicunque
1929 4151 2073 4207 SCI‘i-
2185 4162 2433 4214 Vossius
2467 4160 2588 4230 ipse
2620 4165 2803 4231 putat,
2835 4162 3103 4216 ducentis
3136 4162 3307 4217 annis
3340 4160 3627 4232 posterior
3677 4158 3835 4214 vixe-

426 4258 593 4325 ptum
625 4252 733 4306 hoc
767 4249 1175 4320 Metaphrastis
1208 4262 1335 4301 esse
1360 4246 1682 4315 genuinum
1739 4244 2073 4315 denegaret.
2189 4248 2284 4311 rit,
2312 4264 2488 4317 quam
2524 4246 2605 4301 illi
2634 4249 3065 4304 existimarunt,

428 4347 501 4395 At
525 4341 585 4395 in
617 4340 725 4395 hoc
753 4339 879 4393 vitae
911 4337 1249 4392 institutum
1283 4335 1571 4405 ejusdem,
1604 4337 1661 4387 et
1712 4331 1897 4386 sitatis
1935 4336 2079 4386 tem-
2260 4336 2400 4391 XIX.
2434 4338 2728 4401 Quantum
2763 4344 3038 4409 praeterea
3070 4338 3407 4393 immaniter
3438 4336 3840 4392 ballucinatus

429 4447 571 4502 pora
593 4430 765 4501 plane
798 4433 855 4483 et
884 4428 1009 4482 sine
1060 4425 1201 4481 ullis
1256 4423 1606 4496 ambagibus
1651 4426 2074 4493 proponuntur-
2190 4425 2265 4481 sit
2299 4425 2716 4495 Hospinianus,
2751 4427 2889 4481 dum
2925 4428 3355 4497 Metapbrastas
3384 4434 3439 4482 et
3485 4424 3709 4483 Psellos
3733 4442 3842 4497 pro

427 4522 663 4573 Frustra
694 4518 894 4588 itaque
925 4533 993 4572 ex
1042 4515 1175 4579 alio,
1212 4530 1316 4568 nec
1369 4513 1442 4568 ab
1502 4513 1626 4583 ipso
1686 4510 1978 4577 Simeone,
2011 4510 2081 4565 de
2190 4512 2496 4579 arbitratu,
2535 4521 2601 4568 ut
2631 4515 2710 4569 ita
2738 4515 2928 4571 dicam
2951 4515 3667 4587 discerpsit,[t3]abunde
3689 4515 3844 4570 satis

438 4606 731 4674 Simeone,
752 4604 1157 4661 testimonium
1183 4602 1538 4673 querimius.
1565 4601 1871 4655 Discamus
1892 4616 2023 4655 vero
2046 4616 2078 4652 a
2112 4644 2153 4707 Ο
2194 4603 2451 4657 ostendit
2480 4603 2735 4659 Jacobus
2767 4604 3075 4661 Grctserus
3132 4607 3207 4660 De
3262 4605 3605 4677 imaginibus
3661 4620 3845 4659 manu

428 4696 719 4766 Simeone,
754 4711 886 4752 eum
917 4711 1031 4749 non
1083 4711 1116 4748 a
1162 4693 1429 4747 ducenda
1460 4706 1637 4745 uxore
1668 4688 2072 4754 abhorruisse,
2112 4688 2151 4707 υ
2183 4707 2292 4745 non
2320 4695 2502 4763 lactis,
2534 4710 2582 4747 c.
2637 4694 2719 4746 19.
2780 4694 3084 4750 Conferam
3136 4700 3192 4750 et
3248 4712 3319 4750 ex
3369 4710 3497 4750 meo
3530 4692 3842 4763 nonnulla,

430 4786 529 4841 sed
564 4803 632 4841 ex
666 4786 769 4841 illa
810 4785 1024 4840 liberos
1055 4782 1229 4839 etiam
1277 4796 1635 4853 procreasse,
1687 4778 2077 4849 civilibusque
2184 4786 2393 4853 praeter
2415 4782 2537 4851 jam
2573 4782 2750 4853 dicta,
2777 4784 2847 4838 ad
2886 4800 3137 4839 messem
3174 4788 3294 4838 tam
3328 4783 3660 4851 uberem,ut
3686 4782 3845 4836 veri-

434 4874 779 4930 muneribus
814 4875 1101 4939 functum,
1147 4877 1288 4926 tunc
1327 4871 1567 4925 demum
1614 4885 1745 4922 cum
1800 4866 2073 4932 Ilimerio,
2182 4872 2274 4924 tas
2327 4870 2544 4925 clarius
2597 4870 2912 4927 elucescat.
2963 4873 3091 4927 Fuit
3158 4871 3581 4942 Metaphrastes
3621 4886 3738 4925 non
3774 4870 3843 4941 (ι)

434 4963 835 5019 ducendarum
871 4963 1171 5033 copiarum
1199 4956 1839 5031 peritissimo,legatum
1866 4956 1977 5025 [12]
2002 4956 2071 5009 ad
2184 4958 2434 5013 trivialis
2463 4960 2965 5032 Constantinopoli
3002 4959 3430 5031 ludimagister,
3481 4960 3582 5015 sed
3624 4974 3847 5029 genere

433 5052 677 5121 Arabas,
712 5051 812 5123 qui
872 5052 1096 5106 Cretam
1160 5049 1515 5111 invaserant,
1553 5045 1797 5098 missum
1847 5045 2026 5099 fuisse
2059 5061 2071 5098 :
2186 5047 2381 5103 clarus
2412 5047 2626 5103 illustri
2661 5049 2885 5105 familia
2918 5055 3111 5114 natus,
3146 5050 3366 5105 divitiis
3400 5048 3731 5117 abundans,
3770 5048 3839 5103 in

430 5146 505 5205 et,
535 5158 671 5197 cum
718 5157 832 5195 non
886 5139 1089 5193 liceret
1141 5154 1244 5208 per
1303 5140 1505 5191 ventos
1558 5133 1828 5199 ulterius,
1861 5133 2074 5187 Parum
2186 5136 2320 5192 aula
2350 5138 2727 5209 imperatoria
2759 5138 3026 5208 celebris,
3080 5157 3113 5195 a
3160 5138 3404 5194 secretis
3460 5144 3519 5193 et
3569 5138 3849 5194 consiliis

428 5230 834 5301 adnavigasse,
866 5233 923 5282 et
966 5243 1100 5282 cum
1150 5241 1288 5279 sene
1324 5223 1423 5279 illo
1466 5221 1819 5278 anachoreta
1860 5237 2074 5292 cogno-
2186 5225 2436 5295 intimis,
2468 5232 2526 5281 et
2558 5232 2688 5298 post
2721 5233 2967 5283 mortem
3000 5228 3177 5284 etiam
3210 5228 3514 5284 miraculis
3564 5226 3848 5282 illustris.

429 5321 606 5387 mine,
639 5336 672 5374 a
717 5334 831 5389 quo
889 5322 947 5372 et
1004 5332 1097 5371 res
1151 5319 1346 5386 gestas
1401 5312 1735 5367 Theoctites
1785 5327 1853 5366 ea
1875 5310 2039 5366 condi

2240 5313 2409 5369 Bellus
2458 5315 2517 5369 in
2569 5317 2842 5372 eumdem
2878 5334 2892 5372 :
2922 5316 3023 5373 Καὶ
3070 5315 3200 5390 τόγι
3248 5314 3710 5388 θαυμασιώτερον,
3757 5312 3850 5368 ὅτι

430 5407 608 5477 tione,
640 5411 705 5463 ut
725 5405 925 5463 omnia
954 5403 1190 5476 scriptis
1224 5402 1551 5472 mandaret,
1582 5404 1940 5473 perceperat,
1961 5400 2040 5457 col

2241 5400 2490 5476 ιὶγὲνους
2549 5401 2604 5457 εὖ
2665 5400 2835 5479 ἔχων,
2893 5404 2983 5459 καὶ
3039 5404 3106 5459 τὰ
3162 5406 3259 5473 τῆς
3315 5401 3562 5465 εὐκλείας
3620 5400 3851 5467 οἴκοθεν

2026 5516 2235 5576 ΝΟΤῶ

537 5620 579 5700 ᾗ).
595 5619 789 5700 A_d_1_(l
808 5618 1116 5700 Novembr.
2260 5618 2323 5692 (l)
2354 5617 2565 5677 Confer
2600 5618 2879 5679 Allatium
2936 5620 3009 5677 de
3061 5618 3208 5678 Nilis
3237 5637 3295 5695 p.
3326 5620 3397 5675 29
3425 5618 3567 5677 edit.
3600 5625 3852 5679 nostra.

528 5690 584 5766 ἡ)
615 5691 700 5749 Ad
724 5692 794 5749 29
820 5690 1092 5766 Augusti.
