4078 6336
192 422 321 484 489

1436 423 1809 485 DIATBIBA
1854 425 1959 487 DE
2002 426 2346 491 PSELLIS.

3501 439 3626 501 490

191 556 556 630 κεκτημένος,
610 554 766 631 βαθεῖ
808 575 868 611 τε
916 551 1144 628 πλούτῳ
1173 558 1386 629 κομῶν,
1416 556 1507 610 καὶ
1539 554 1620 620 οἷς
1664 552 1723 610 ἄν
1770 576 1853 618 τις

1970 559 2243 619 Simeone
2307 567 2658 638 conscriptis
2706 569 2937 642 aliquas
3007 588 3042 627 a
3093 569 3433 642 junioribus
3485 587 3617 628 esse

193 648 343 723 πρὸς
406 643 686 701 παίδευσιν
732 643 1113 715 ἀποκνήσειεν.
1162 646 1231 701 Et
1278 646 1420 716 quod
1462 650 1541 702 est
1604 646 1855 702 admira-

194 738 394 803 bilius,
425 740 476 792 et
504 739 727 807 prapter
755 733 895 806 quod
924 734 1091 790 illum
1138 735 1418 805 quispiam
1464 737 1655 806 magis
1681 736 1860 807 fuerit

193 826 534 893 admiratus,
575 840 705 879 cum
755 831 887 879 esset
933 838 1132 894 genere
1177 823 1384 892 clarus,
1429 827 1482 878 et
1529 840 1599 879 ea:
1642 825 1861 880 illustri

196 913 436 986 familia
463 923 651 979 natus,
690 916 740 968 et
786 912 1095 968 abundaret
1143 910 1379 980 divitiis,
1423 920 1473 966 et
1522 914 1591 967 iis
1621 927 1746 985 quae
1772 929 1857 968 se-

195 1007 455 1075 gniorem
482 1002 759 1073 eﬂecerint
787 1017 1107 1073 quempiam
1131 1003 1206 1056 ad
1234 1000 1695 1072 dtsciplinas,etc.
1713 1001 1857 1056 Hinc

196 1093 360 1149 idem
392 1089 619 1147 Psellus
649 1090 914 1161 ejusdem
946 1087 1215 1144 Ofﬁcium
1244 1088 1757 1160 composuit,quod
1784 1089 1855 1143 ab

197 1179 612 1237 ecclesiatticis
643 1180 702 1234 in
733 1179 861 1250 ejus
892 1176 1286 1242 solemnitate,
1321 1177 1495 1231 sicuti
1526 1176 1651 1230 fieri
1700 1180 1859 1231 amat

197 1273 259 1326 in
292 1270 430 1325 aliis
460 1267 715 1335 Sanctis,
748 1269 1179 1336 decantaretur,
1208 1266 1267 1321 in
1309 1281 1375 1321 eo
1414 1265 1536 1321 Oda
1566 1266 1600 1320 3
1630 1265 1856 1336 scribit,

198 1356 602 1433 Ἐνδιαπρὲψας
652 1354 705 1409 ἐν
773 1355 974 1430 ἀρχαῖς
1018 1358 1139 1416 ταῖς
1189 1359 1289 1423 τῆς
1339 1352 1485 1408 κάτω
1542 1352 1857 1428 συγκλήτου

197 1449 275 1510 ὡς
332 1446 468 1521 ἀνὴρ
525 1443 882 1521 βουληφόρος
930 1444 993 1498 τὸ
1033 1440 1344 1516 πολίτευμα
1394 1443 1455 1497 τὸ
1504 1442 1593 1497 σὸν
1644 1441 1856 1513 ἐκτήσω

194 1536 249 1593 ἐν
313 1536 589 1611 οὐρανοῖς,
638 1534 727 1589 καὶ
791 1535 892 1603 τὴν
955 1529 1067 1587 ἄνω
1151 1531 1457 1609 σύγκλητον
1523 1530 1854 1605 ἐκόσμησας.

202 1629 346 1685 Cum
375 1628 585 1682 terreni
613 1629 837 1681 senatus
867 1623 1234 1693 dignitatibus
1275 1623 1666 1679 condecoratus
1710 1623 1855 1694 fuis-

195 1734 307 1785 ses,
339 1717 512 1773 veluti
540 1718 626 1772 vir
655 1715 1031 1780 consiliarius,
1080 1714 1215 1771 vitae
1260 1712 1532 1770 ducendae
1580 1713 1858 1768 rationem

196 1810 257 1861 in
285 1807 442 1863 calis
483 1805 791 1877 acquieras,
822 1808 876 1860 et
920 1820 1229 1876 supernum
1266 1807 1520 1859 senatum
1561 1803 1851 1858 decorasti.

194 1897 484 1991 Smpeque
514 1892 890 1991 Logothetam
916 1892 1209 1991 nominat.
1242 1891 1359 1991 Cdo
1399 1891 1590 1991 prima
1623 1908 1637 1946 :
1672 1887 1853 1991 Itléltoc
1887 1925 1934 1991 B

198 2000 297 2058 μοι
332 1981 602 2058 εὔρυθμον
644 1978 820 2049 δίδου,
854 1980 997 2058 Λόγε
1045 1986 1202 2049 Θεοῦ,
1234 1980 1499 2059 εὐφημεῖν
1549 1981 1852 2057 ὁρμήσαντι

194 2075 290 2129 τὸν
349 2072 653 2149 θεράποντα
705 2073 799 2126 τὸν
860 2071 952 2126 σὸν
1009 2075 1274 2145 Συμεῶνα
1318 2072 1410 2126 τὸν
1463 2071 1857 2148 Μεταφραστὴν

192 2165 289 2219 τὸν
322 2161 527 2239 κυρίως
568 2159 869 2236 λογοθὲτην
921 2158 1257 2236 ἆξιάγαστον.
1314 2163 1491 2218 Melas
1538 2162 1678 2216 mihi
1724 2176 1853 2217 con-

194 2257 434 2309 cinnum
468 2252 697 2309 Verbum
719 2253 834 2319 Dei,
864 2268 989 2306 cum
1010 2251 1290 2307 celebrare
1308 2251 1613 2319 inceperim
1636 2266 1855 2306 servum

194 2348 367 2399 tuum
414 2342 676 2399 Simeona
735 2340 1175 2411 Metaphraslem,
1221 2342 1445 2413 proprie
1502 2340 1852 2409 Logothetam

198 2432 616 2500 admirabilem,
661 2431 732 2486 Et
779 2430 921 2486 alibi
978 2446 992 2484 ε
1041 2427 1465 2504 Εὐφημήσωμεν
1514 2429 1708 2492 πάντες
1756 2427 1849 2482 ἒπ-

192 2518 375 2592 αξίοις
459 2518 591 2591 ᾠαῖς
638 2517 729 2572 τὸν
813 2515 977 2593 μέγαν
1035 2519 1168 2572 Θεοῦ
1226 2516 1526 2591 θεράποντα
1585 2521 1851 2589 Συμεῶνα

186 2610 284 2663 τὸν
329 2607 479 2683 ἅγιον
529 2605 856 2682 λογοθὲτην.
929 2607 1268 2664 Celebremus
1312 2625 1502 2665 omnes
1567 2608 1850 2679 condignis

187 2700 454 2755 cantibus
497 2714 769 2767 magnum
830 2697 926 2752 Dei
987 2713 1208 2752 servum
1272 2695 1531 2753 Simeona
1598 2700 1850 2753 sanctum

192 2788 572 2860 Logothetam.
623 2785 758 2842 Fuit
821 2802 958 2857 ergo
1010 2786 1339 2855 Logotheta:
1387 2785 1578 2842 ofﬁcio
1623 2787 1850 2859 conspi-

189 2894 372 2943 cuus,
402 2877 558 2949 quod
590 2876 876 2947 quidnam
904 2874 1098 2944 fuerit,
1130 2874 1400 2947 pluribus
1431 2874 1530 2930 alii
1562 2892 1850 2947 exponere

188 2971 394 3023 conati
427 2969 568 3020 sunt
600 2980 613 3019 :
647 2981 768 3032 eos,
802 2963 904 3035 qui
938 2962 1109 3035 plura
1156 2962 1467 3033 desiderat,
1516 2963 1713 3020 videre
1744 2981 1849 3036 po-

191 3054 358 3111 terit.
391 3054 551 3110 Satis
579 3053 727 3108 mihi
775 3053 887 3109 erit
927 3069 1030 3124 pro
1072 3051 1183 3107 hac
1226 3069 1287 3109 re
1333 3053 1685 3109 stabilienda
1730 3053 1850 3110 ele~

188 3142 535 3218 gantissimi
565 3142 730 3213 item,
764 3158 832 3198 ac
866 3141 1332 3215 prudentissimi,
1376 3141 1515 3198 licet
1560 3144 1851 3214 sequioris

190 3232 400 3291 saeculi
459 3231 788 3303 scriptoris,
819 3231 1065 3287 Joannis
1096 3230 1365 3287 Cinnami
1397 3231 1805 3288 testimonium
1831 3252 1845 3301 ;

1967 649 2227 719 adjectas
2259 652 2643 711 observarunt
2690 659 3010 731 Baronius,’
3046 664 3103 716 et
3124 658 3538 729 Bellarminus,
3569 665 3628 716 et

1968 738 2089 806 alii,
2121 756 2255 796 cum
2281 743 2388 797 viri
2417 742 2503 798 illi
2537 751 2669 815 post
2698 747 2988 803 Simeonis
3033 753 3303 820 tempora
3351 748 3623 805 vixerint.

1966 829 2038 882 At
2066 844 2164 884 eas
2190 846 2225 885 a
2256 831 2464 898 Psello,
2497 836 2822 891 recentiore
2871 853 3106 909 nempe,
3154 853 3414 893 annexas
3445 838 3503 892 in
3534 838 3623 893 lu-

1967 933 2091 972 cem
2122 918 2392 991 vulgatas
2440 922 2717 994 opinatur
2762 927 3028 982 Andreas
3074 926 3372 994 Schottus,
3418 928 3625 998 praefa-

1966 1003 2123 1059 tione
2154 1007 2224 1060 ad
2258 1007 2555 1077 lectorem,
2590 1013 2647 1065 in
2680 1014 2918 1069 Cantica
2958 1015 3339 1071 canticorum.
3370 1015 3533 1072 Unde
3563 1017 3622 1072 id

1965 1093 2240 1152 habuerit
2269 1097 2546 1155 Schottus
2580 1118 2695 1156 non
2728 1100 2935 1174 liquet,
2969 1104 3077 1160 etsi
3108 1121 3313 1159 verum
3346 1105 3425 1161 sit
3454 1106 3611 1162 Psel—

1964 1181 2110 1251 lum,
2144 1184 2263 1241 sive
2292 1186 2583 1245 Simeonis
2614 1191 3010 1259 aemulatione,
3066 1193 3184 1249 sive
3233 1193 3513 1266 religione
3562 1195 3622 1251 in

1967 1277 2222 1340 sanctos,
2259 1276 2561 1349 perplures
2592 1286 2930 1337 sanctorum
2964 1281 3129 1337 Vitas
3162 1299 3276 1337 non
3300 1282 3622 1355 ineleganti

1966 1360 2116 1432 stle
2148 1365 2592 1421 accuratissime
2622 1368 3626 1441 descripsisse,utinam,puerilibus

1966 1453 2332 1521 argumentis
2363 1453 2730 1527 neglectis,in
2759 1458 2975 1529 quibus
3008 1474 3433 1529 nonnunquam
3464 1463 3625 1515 totus

1966 1554 2094 1595 esse
2123 1539 2374 1612 videtur,
2429 1543 2487 1598 in
2532 1544 2666 1600 istis
2715 1546 2888 1601 seriis
2937 1547 3373 1618 pertractandis
3407 1546 3625 1619 plures.

1966 1642 2142 1698 quam
2169 1628 2324 1697 fecit,
2360 1628 2535 1686 horas
2565 1630 3026 1704 insumpsissetl
3066 1632 3232 1689 Illius
3278 1633 3338 1687 in
3388 1639 3624 1690 sanctos

1965 1719 2212 1772 conatus
2245 1716 2303 1772 in
2348 1719 2623 1791 Cutalogo
2669 1737 2913 1792 operum
2973 1721 3127 1777 infra
3166 1722 3623 1778 recensebimus.

1965 1821 2231 1878 Ill-VII.
2263 1823 2496 1901 Michael
2520 1827 2765 1895 Psellus,
2796 1827 3083 1884 Michaelis
3112 1830 3271 1883 Ducas
3302 1830 3439 1901 imp.
3466 1844 3623 1901 prcr-

2214 1904 2414 1967 ceptor,
2445 1898 2632 1954 clarus
2660 1901 2809 1954 circa
2837 1917 2931 1955 an.
2977 1931 3032 1940 —
3066 1901 3223 1955 1050.
3258 1898 3386 1955 Alii;

2036 1981 2180 2039 ΧΧΙ.
2228 1984 2459 2041 Tertius
2533 1987 2644 2042 fuit
2705 1987 2952 2044 Michael
3012 1987 3263 2056 Psellus,
3315 1988 3621 2044 Michaelis

1964 2074 2135 2126 Duce
2168 2076 2614 2147 prmceptor,qui
2639 2078 2893 2133 maxime
2923 2078 3188 2132 omnium
3221 2078 3293 2133 de
3322 2075 3622 2149 republica

1963 2158 2250 2217 litteraria
2299 2164 2569 2230 meritus,
2619 2165 3001 2222 honoriﬁcam
3032 2167 3125 2222 sui
3167 2168 3321 2238 apud
3356 2172 3624 2238 posteros

1966 2250 2310 2306 memoriam
2357 2254 2739 2320 consecravit,
2774 2255 2856 2310 ita
2888 2260 2954 2310 ut
3000 2253 3257 2325 reliquos
3309 2254 3455 2310 alios
3485 2255 3614 2325 ejus

1962 2338 2341 2410 cognomines
2377 2341 2648 2399 acumine
2713 2343 2957 2416 ingenii,
3033 2342 3383 2399 eruditionis
3431 2343 3620 2414 copia,

1959 2426 2355 2497 profunditate
2388 2430 2830 2497 scicntiarum,a
2844 2436 3289 2504 rgumentorum
3318 2431 3620 2499 varietate,

1962 2515 2340 2574 multitudine
2372 2519 2728 2592 scriptorum
2754 2526 2811 2576 et
2847 2520 3162 2593 splendore
3186 2519 3384 2593 gloria
3415 2521 3621 2578 obrue-

1958 2605 2071 2671 rit;
2106 2623 2305 2678 quare,
2350 2608 2601 2664 aliorum
2665 2609 2975 2675 exstincta,
3023 2614 3100 2676 et,
3154 2613 3218 2664 ut
3262 2609 3346 2664 ita
3397 2609 3620 2681 dicam,

1959 2693 2267 2751 obliterata
2318 2698 2624 2766 memoria,
2672 2698 2800 2769 ipse
2849 2698 3010 2754 solus
3060 2713 3276 2753 nomen
3306 2697 3451 2753 illud
3484 2714 3604 2754 me-

1959 2783 2151 2839 ruisse
2182 2783 2428 2842 videtur.
2459 2785 2550 2840 Sic
2580 2791 2808 2857 poetam
2859 2791 2915 2842 et
2965 2790 3254 2842 oratorem
3288 2802 3425 2842 cum
3456 2785 3604 2841 dici-

1960 2889 2116 2941 mus,
2149 2872 2436 2930 Homerus
2467 2874 2638 2930 nobis
2670 2879 2844 2947 atque
2880 2874 3324 2944 Demosthenes,
3353 2875 3425 2930 de
3453 2878 3606 2930 Grea-

1959 2961 2042 3016 cis
2071 2960 2299 3033 loquor,
2331 2962 2533 3018 statim
2566 2979 2696 3019 sese
2726 2964 2997 3033 offerunt,
3055 2964 3392 3036 mentisque
3418 2963 3607 3021 oculis

1959 3057 2404 3122 repraesentant.

2029 3141 2199 3196 XXII.
2249 3141 2381 3197 Fuit
2429 3140 2618 3214 patria
2666 3141 3381 3215 Constantinopolitanus,
3414 3157 3443 3197 e
3474 3158 3610 3197 con-

1962 3228 2160 3285 sulum
2189 3247 2254 3286 ac
2287 3232 2667 3303 patriciorum
2700 3232 2994 3303 prosapia,
3040 3231 3311 3302 quamvis
3344 3247 3458 3287 non
3492 3236 3613 3285 tam

186 3323 248 3379 in
282 3339 408 3394 quo
438 3295 741 3389 vertendo,
775 3295 1249 3392 illustrandoque
1296 3320 1398 3376 diu
1449 3337 1542 3376 me
1589 3295 1849 3389 exerceo,
1880 3295 1922 3362 (ἶ
1962 3317 2115 3374 felici
2148 3295 2542 3392 fortunaJpse
2574 3321 2629 3375 id
2666 3295 2751 3376 ait
2780 3295 2934 3377 dese
2959 3295 3017 3375 in
3045 3295 3354 3392 Epitapbio
3379 3318 3615 3376 matris:

186 3413 293 3484 (τη)
320 3425 614 3482 speroque
666 3408 928 3465 laborem
974 3408 1131 3464 hunc
1179 3425 1401 3477 meum,
1455 3413 1693 3481 pr0pter
1720 3410 1847 3482 pul-

187 3499 556 3556 cherrimam
588 3496 1001 3564 historiam,ad
1030 3497 1189 3553 hunc
1214 3497 1366 3553 diem
1400 3514 1535 3553 cum
1565 3503 1854 3555 vetustate

185 3589 549 3652 luctantem,
601 3586 751 3642 meis
792 3584 1037 3657 vigiliis,
1084 3591 1141 3641 et
1184 3585 1506 3643 amicorum
1552 3604 1749 3659 opera,
1799 3592 1856 3644 et

188 3676 444 3750 scopulo
474 3676 537 3731 in
568 3673 951 3745 tranquillum
985 3672 1230 3743 illatam,
1271 3674 1563 3731 historica:
1592 3676 1855 3732 veritatis

189 3765 487 3825 studiosis
516 3781 634 3820 non
666 3764 965 3836 ingratum
999 3762 1282 3818 futurum.
1316 3763 1371 3819 Is
1403 3764 1600 3837 itaque
1652 3767 1851 3822 Hister.

190 3859 458 3913 Romana:
483 3853 585 3909 lib.
620 3869 677 3909 1v
707 3852 778 3908 de
797 3851 971 3907 rebus
1004 3851 1188 3924 gestis
1236 3852 1524 3909 Manuelis
1552 3856 1852 3923 Comneni,

191 3947 267 4002 de
301 3943 599 4001 Richardo
629 3942 795 3997 Antri
825 3940 1064 3997 domino
1104 3941 1278 3997 verba
1306 3942 1547 4010 iaciens,
1604 3944 1851 3999 scribit:

187 4035 281 4095 Ὧς
342 4029 402 4086 δὲ
460 4034 569 4084 τῶν
627 4026 820 4084 πυλῶν
877 4027 1336 4104 ἆλογιστήσαντες
1392 4024 1732 4100 Γιϐενάτζιόν
1799 4051 1856 4085 τε

191 4122 326 4177 αὐτὸ
359 4117 635 4194 ὁμολογία
668 4116 849 4194 ἔσχεν,
881 4117 970 4172 καὶ
1010 4118 1133 4193 περὶ
1183 4122 1288 4172 τῶν
1340 4115 1552 4175 λοιπῶν
1603 4121 1855 4196 προσιόν-

188 4232 280 4274 τες
339 4208 689 4264 ἐσκέπτοντο.
743 4206 959 4279 Κόμησί
1015 4228 1072 4261 τε
1122 4205 1342 4279 ἄλλοις,
1399 4203 1488 4263 »ἰαὶ
1542 4206 1608 4279 δὴ
1658 4210 1856 4282 καὶτῷ

191 4296 518 4371 Γυλιὲλμου
574 4294 973 4371 Καντζηλαρίῳ
1023 4296 1413 4372 συγγεγονὼς,
1445 4297 1504 4352 ’ὸν
1564 4296 1859 4374 λογοθὲτην

193 4387 341 4443 εἴποι
374 4385 436 4441 ἄν
487 4406 568 4447 τις
617 4383 919 4456 ἑλληνίζων
968 4384 1128 4459 ἀνὴρ,
1173 4384 1260 4439 ἐπὶ
1303 4384 1499 4462 Τράνιν
1529 4384 1621 4441 σὺν
1668 4386 1858 4452 αὐτοῖς

190 4478 391 4547 ἦλθεν,
469 4474 547 4539 ὡς
624 4468 877 4529 αὐτοϐοεὶ
955 4475 1056 4543 τὴν
1141 4472 1302 4528 πόλιν
1387 4474 1854 4552 ἀναρπασόμενος.

189 4567 310 4641 [lci]
348 4568 498 4621 Cum
524 4569 846 4637 vero-portae
887 4567 1047 4621 urbis
1074 4581 1276 4636 parum
1317 4575 1470 4621 caute
1514 4569 1854 4624 custodiren-

1958 3411 2048 3479 Τῷ
2075 3407 2253 3462 τοίνυν
2304 3408 2422 3481 ἐμῷ
2463 3409 2628 3485 πατρὶ
2675 3410 2736 3464 τὸ
2790 3410 2883 3484 μὶν
2932 3410 3134 3473 ἄνωθεν
3185 3408 3339 3484 γένος
3387 3406 3438 3470 ἒς
3478 3407 3614 3462 ὑπά-

1957 3518 2085 3561 τους
2140 3497 2341 3567 ἀνῆκτο
2397 3498 2487 3553 καὶ
2538 3498 2860 3573 πατρικίους
2898 3516 2910 3529 °
2970 3498 3036 3552 τὰ
3093 3494 3151 3552 δὲ
3229 3497 3344 3552 κατ’
3413 3496 3615 3552 ἐκεῖνον

1959 3589 2258 3662 πράγματα
2288 3589 2401 3663 οὐχ
2425 3588 2570 3642 οὕτω
2618 3585 2804 3657 δεξιῶς
2852 3589 3022 3662 εἶχεν.
3077 3589 3261 3643 Patris
3306 3589 3481 3659 igitur
3505 3588 3617 3642 mei

1959 3694 2134 3751 genus
2162 3680 2453 3750 antiquum
2483 3677 2552 3732 ad
2583 3677 2829 3733 consules
2861 3686 2911 3733 et
2946 3677 3208 3747 patricios
3244 3676 3613 3748 referebatur,

1961 3783 2046 3822 res
2070 3783 2195 3822 vero
2227 3768 2400 3838 ipsius
2428 3782 2539 3821 non
2568 3768 2740 3821 nimis
2776 3781 3032 3837 prospere
3067 3780 3122 3820 se
3152 3764 3448 3819 habebant.
3479 3764 3615 3818 Post

1963 3856 2110 3911 duas
2160 3854 2420 3911 femellas
2470 3854 2639 3910 tertio
2691 3854 2818 3927 ipse
2884 3858 3077 3927 partu,
3134 3852 3340 3909 multis
3406 3851 3616 3907 matris

1964 3943 2258 4016 suspiriis,
2291 3949 2349 3999 et
2377 3944 2448 3999 ad
2500 3944 2684 3999 Deum
2735 3943 3006 4015 precibus
3053 3942 3277 4009 effusis,
3330 3941 3389 3996 in
3424 3940 3617 3995 lucem

1963 4034 2176 4090 editur.
2226 4032 2435 4088 Mirum
2481 4037 2594 4103 est,
2647 4033 2802 4105 quod
2849 4032 2907 4086 in
2957 4032 3087 4103 ejus
3133 4034 3266 4087 ortu
3319 4033 3615 4097 narratur,

1965 4121 2158 4178 nullas
2188 4138 2322 4178 eum
2354 4121 2640 4195 lacrymas
2666 4121 3217 4194 profudisse,neque
3253 4134 3503 4190 usquam
3527 4134 3623 4189 po-

1966 4215 2093 4267 stea
2124 4212 2182 4266 in
2208 4210 2478 4266 maximis
2509 4211 2685 4266 etiam
2719 4209 3176 4266 necessitatibus
3208 4207 3491 4280 plorasse,
3517 4205 3618 4262 sed

1966 4301 2080 4373 [15]
2111 4317 2345 4373 semper
2385 4304 2555 4357 aetate
2604 4298 2708 4355 illa
2754 4298 2968 4355 tenella
3013 4298 3178 4354 latos
3226 4314 3291 4353 ac
3342 4295 3620 4369 puniceos

1966 4391 2165 4446 oculos
2195 4389 2474 4446 habuisse
2506 4406 2519 4445 :
2554 4393 2787 4445 tantum
2822 4387 3106 4460 parentis,
3162 4385 3458 4458 nullisque
3489 4385 3620 4441 aliis

1965 4496 2143 4552 quam
2177 4479 2479 4549 maternis,
2502 4480 2570 4533 ad
2604 4495 2732 4551 quae
2765 4478 2850 4534 vel
2885 4495 2997 4533 usu
3036 4476 3125 4532 vel
3158 4475 3448 4533 sententia
3480 4477 3622 4530 lere-

1965 4569 2156 4639 batur,
2189 4569 2471 4624 uberibus
2503 4568 2785 4625 inhiasse.
2827 4566 3239 4639 Quinquennis
3282 4565 3623 4637 praceptori

190 4662 310 4725 tur,
343 4654 703 4713 Iuvenalium
733 4655 911 4724 ipsum
941 4655 1001 4709 in
1048 4654 1293 4727 ejusdem
1337 4655 1496 4725 ﬁdem
1543 4673 1598 4712 se
1639 4657 1856 4713 dedidit
1885 4661 1933 4724 ι)
1965 4657 2237 4728 traditur,
2272 4658 2536 4730 adeoque
2567 4659 2807 4713 robuste
2838 4655 3177 4711 studiorum
3212 4655 3445 4725 pondus
3468 4669 3627 4709 exce-

192 4749 341 4804 Ilinc
371 4761 472 4817 pro
502 4744 834 4815 occupandis
863 4744 1077 4799 exteris
1100 4760 1226 4800 cum
1262 4745 1555 4801 comitibus
1586 4747 1737 4815 aliis,
1768 4764 1866 4803 nec

193 4856 312 4896 non
342 4834 647 4894 Guilielmi
676 4835 1043 4902 Cancellario,
1088 4852 1250 4906 quem
1298 4836 1646 4908 Logothetam
1677 4838 1867 4896 Graeca

192 4931 326 5001 quis
358 4927 559 4997 lingua
582 4926 933 4996 expresserit,
981 4924 1279 4980 consilium
1317 4925 1518 4993 inibat,
1563 4931 1616 4982 et
1645 4929 1867 4983 Tranim

193 5032 378 5090 usque
404 5020 528 5071 tum
559 5012 678 5069 illis
704 5014 985 5085 processit,
1015 5014 1179 5085 quasi
1206 5014 1385 5083 primo
1431 5016 1643 5087 impetu
1677 5017 1869 5073 Urbem

192 5107 530 5179 direpturus
559 5102 783 5174 fuisset.
816 5100 1011 5156 Alium
1044 5099 1224 5171 hujus
1254 5099 1411 5156 vocis
1441 5101 1866 5172 signiﬁcatum,

197 5200 526 5264 antequam
557 5191 839 5263 majestas
860 5187 961 5244 illa
990 5189 1223 5261 imperii
1245 5188 1417 5245 statis
1447 5194 1705 5246 veterum
1739 5190 1865 5246 ofﬁ-

195 5282 434 5339 ciorum
465 5279 675 5336 formis
704 5277 1019 5351 abrogatis,
1070 5276 1281 5333 exteris
1324 5278 1714 5334 Barbarorum
1743 5296 1868 5335 mo-

193 5373 396 5437 ribus,
428 5385 584 5425 nova
613 5367 811 5424 omnia
831 5366 1540 5440 approbando,cessissct,
1562 5367 1686 5441 lege
1712 5368 1867 5441 apud

194 5458 563 5533 Procopium
595 5456 656 5512 in
686 5457 933 5513 Historia
962 5456 1207 5512 Arcana.

270 5548 395 5606 XX.
444 5546 624 5617 Vitis,
692 5550 761 5603 ut
806 5544 916 5603 hoc
966 5543 1148 5601 etiam
1199 5543 1295 5601 hic
1344 5544 1534 5603 obiter
1576 5550 1795 5618 notem,
1839 5566 1874 5605 α

1977 4749 2082 4820 pit,
2117 4751 2183 4802 ut
2215 4746 2440 4802 ludicra
2470 4745 2691 4812 omnia,
2723 4750 2932 4818 praeter
2977 4744 3307 4798 litterarum
3339 4741 3625 4809 studium,

1977 4854 2092 4909 quo
2156 4850 2530 4905 summopere
2597 4833 3021 4897 delectabatur,
3068 4832 3493 4887 sordescerent.
3547 4830 3625 4883 Et:

1977 4925 2140 4980 illius
2171 4924 2443 4980 allectum
2466 4923 2853 4994 ejusdcmmet
2873 4920 3062 4976 verbis
3086 4935 3428 4992 expressum
3464 4936 3475 4972 :
3511 4916 3628 4972 Ἐν-

1975 5014 2155 5067 τεῦθεν
2209 5010 2302 5066 οὖν
2351 5012 2386 5080 ἡ
2445 5011 2623 5083 μήτηρ
2672 5010 2809 5083 πρὸς
2869 5008 2935 5061 τὰ
2982 5006 3211 5082 κρείττω
3259 5025 3632 5080 χειραγωγου-

1981 5103 2117 5174 μένη
2175 5099 2250 5162 εἷς
2306 5102 2558 5171 πὲμπτον
2618 5095 2735 5159 ἔτος
2808 5094 3101 5152 τελέσαντα
3159 5091 3472 5165 διδασκάλῳ
3532 5092 3628 5171 ἐνρ-

1982 5190 2178 5259 ίστησι.
2211 5189 2313 5248 Καὶ
2361 5190 2426 5258 ἦν
2466 5207 2559 5261 μοι
2606 5186 2668 5241 τὸ
2711 5186 2944 5259 μαθημα
2980 5185 3044 5239 οὐ
3099 5182 3265 5256 μόνον
3293 5183 3356 5237 τὸ
3388 5181 3629 5257 εὐχερὲς,

1978 5277 2124 5334 ἀλλὰ
2170 5278 2261 5332 καὶ
2319 5274 2425 5347 ἡδὺ
2470 5277 2577 5331 ἀντ’
2625 5274 2806 5344 ἄλλης
2854 5273 3003 5334 τινὸς
3051 5270 3293 5334 παιδιὰς.
3348 5271 3630 5344 ἸΙνιώμην

1979 5371 2133 5443 γοῦν,
2164 5366 2209 5421 εἰ
2241 5368 2306 5440 μὲ
2339 5387 2433 5440 μοι
2462 5364 2551 5420 διὰ
2590 5366 2768 5435 πάσης
2816 5363 3027 5439 ἠμὲρας
3058 5359 3239 5431 διδοίη
3272 5361 3340 5416 τὰ
3382 5357 3630 5416 παιδικά.

1980 5455 2085 5517 Καὶ
2162 5456 2229 5524 ἦν
2308 5475 2400 5528 μοι
2476 5451 2670 5509 παιδιὰ
2731 5454 2826 5527 μὲν
2902 5454 2937 5522 ἡ
2998 5447 3208 5519 σπουδὴ
3289 5445 3347 5504 δὲ
3423 5446 3637 5518 παιδιὰ,

1983 5546 2092 5621 οὐχ
2123 5545 2198 5608 ὡς
2228 5547 2395 5599 ταῦτα
2446 5544 2719 5617 παίζοντι,
2770 5540 2948 5597 ἐκεῖνα
2997 5537 3055 5595 δὲ
3102 5534 3482 5609 σπουδάζοντι,
3528 5542 3637 5595 etc.

1791 5664 2029 5723 NOTAE.

279 5765 383 5839 (τη)
412 5765 746 5824 Cinnamus
774 5761 969 5819 Allatii
1002 5776 1309 5835 nunquam
1338 5761 1577 5834 prodiit.
1610 5763 1861 5824 Exstant
1888 5765 2177 5824 editiones
2207 5763 2380 5821 Corn.
2413 5762 2588 5820 Tollii
2616 5766 2674 5820 et
2699 5760 2925 5833 Cangii.

536 5893 803 5954 PATBOL.
850 5891 961 5951 Gs.
1012 5890 1251 5952 CXXII.

3242 5886 3318 5943 16
