4078 6336
464 459 575 518 491

1857 447 2138 508 LEONIS
2183 448 2499 510 ALLATII

3765 451 3888 510 492

463 588 528 646 Id
559 590 648 644 est
678 601 693 642 :
728 585 866 642 Hinc
907 583 1092 656 igitur
1137 587 1314 638 mater
1331 579 1400 638 ad
1449 578 1692 637 meliora
1742 579 2116 636 manuducens
2145 582 2200 648 Α
2227 581 2476 637 animum
2509 587 2656 638 Deus
2685 584 2928 656 sospitet,
2969 582 3065 638 sed
3095 598 3290 638 amore
3337 582 3592 638 discendi
3613 583 3890 655 pleraque

463 679 658 750 quinto
694 675 880 730 atatis
925 687 1070 728 anno
1125 672 1392 739 magistro
1456 669 1824 726 commendat.
1879 673 1952 724 Et
1998 673 2116 724 erat

461 767 606 821 mihi
633 763 932 835 disciplina
977 777 1086 817 non
1134 764 1354 815 tantum
1399 761 1604 831 facilis,
1653 759 1746 816 sed
1794 758 1970 814 dulcis
1995 773 2118 830 pra”,

461 853 708 927 quolibet
737 853 854 908 alio
887 851 1035 906 ludo.
1069 852 1234 920 /Egre
1265 852 1450 922 itaque
1477 849 1742 919 ferebam,
1772 851 1822 903 si
1851 849 1992 903 mihi
2019 863 2118 919 per

465 949 637 1000 totum
689 942 834 997 diem
881 939 1114 996 delicias
1165 955 1276 995 non
1325 945 1662 1010 suggereret.
1713 939 1947 1010 Eratque
1979 937 2120 992 mihi

461 1040 633 1096 ludus
660 1037 928 1104 studium,
980 1035 1224 1092 studium
1270 1036 1450 1104 ludus,
1499 1052 1612 1090 non
1657 1034 1797 1106 quod
1839 1034 1939 1090 hoc
1969 1035 2118 1089 ludi-

461 1129 583 1186 brio
625 1128 900 1192 haberem,
953 1125 1048 1180 illi
1093 1141 1222 1180 vero
1269 1125 1664 1180 incumberem.
1715 1123 1900 1177 etEtate
1939 1137 2115 1194 gran-

456 1219 642 1282 diore,
675 1217 819 1272 dum
860 1214 1013 1269 inter
1055 1217 1328 1284 parentes
1381 1229 1496 1267 non
1543 1205 1831 1280 convenit,
1878 1211 2113 1264 cuinam

459 1307 794 1362 studiorum
827 1303 1024 1376 generi
1057 1307 1213 1358 esset
1243 1300 1630 1369 addicendus,
1655 1299 1913 1354 Joannes
1945 1297 2118 1370 Chry-

455 1401 753 1452 sostomus
785 1399 840 1448 et
868 1391 1138 1464 apostoli,
1177 1391 1347 1444 matri
1379 1389 1438 1444 in
1470 1388 1721 1444 somniis
1751 1387 1885 1454 visi,
1915 1387 2114 1442 decer-

459 1492 631 1540 nunt.
669 1485 814 1538 Hinc
837 1480 1288 1554 disciplinarum
1321 1495 1496 1551 quam
1545 1477 1912 1550 voluptatum
1945 1477 2116 1548 cupi-

455 1575 606 1644 dior,
641 1573 968 1647 aequalibus
1001 1573 1056 1626 in
1093 1571 1286 1626 studio
1319 1569 1631 1642 superatis,
1671 1585 1785 1624 non
1818 1567 1992 1641 longo
2025 1567 2114 1622 in-

453 1663 702 1720 tervallo
733 1664 804 1718 ad
837 1677 1111 1734 suprema
1143 1676 1387 1732 qumque
1421 1659 1819 1713 doctrinarum
1854 1657 2115 1712 culmina

455 1751 706 1825 gradum
741 1752 898 1817 fecit,
945 1750 1278 1820 onibusque
1329 1748 1602 1802 innotuit.
1659 1746 1788 1801 Ilaec
1820 1746 1945 1816 ipse
1977 1763 2110 1817 pro-

455 1841 570 1898 lixe
602 1841 800 1910 nimis,
835 1837 1098 1894 oratione
1133 1838 1196 1892 In
1231 1841 1502 1903 matrem,
1535 1835 1932 1907 prosequitur,
1965 1840 2022 1889 et
2043 1851 2111 1888 ex

458 1951 525 1989 eo
577 1939 744 1990 Anna
792 1932 1090 1988 Comnena
1138 1929 1440 1984 Alexiados
1504 1926 1605 1982 lib.
1657 1944 1714 1994 ν,
1763 1925 2108 1980 brevissime

452 2019 850 2090 concinnavit,
891 2020 1031 2074 dum
1078 2019 1149 2072 de
1187 2016 1332 2072 Italo
1373 2015 1550 2071 verba
1582 2015 1794 2070 iaceret
1828 2031 1840 2069 :
1873 2012 1972 2066 Καὶ
2007 2015 2102 2070 Mt-

452 2107 607 2185 χαηλ
665 2107 848 2162 ἐκείνω
904 2111 984 2178 τῷ
1034 2103 1242 2176 Ψελλῷ
1293 2103 1345 2158 ἒν
1398 2101 1604 2178 ὑστέρῳ
1653 2101 2102 2178 προσωμίλησεν,

453 2199 511 2258 ’ὀς
554 2197 642 2252 καὶ
686 2197 826 2251 πάνυ
874 2215 962 2250 τοι
1001 2195 1148 2268 παρὰ
1195 2189 1544 2253 διδασκάλοις
1589 2195 1778 2266 σοφοῖς
1827 2189 2100 2264 ἐφοίτησε.

451 2295 552 2349 Διά
599 2294 810 2372 φύσεως
864 2291 922 2347 δὲ
972 2289 1275 2362 δεξιότητα,
1307 2290 1397 2344 καὶ
1444 2289 1570 2351 νοὸς
1603 2287 1885 2359 εὐθύτητα,
1915 2288 2100 2362 τυχὼν

457 2384 640 2458 μέντοι
683 2381 773 2437 καὶ
814 2385 947 2436 Θεοῦ
1002 2380 1241 2454 ἂρωγοῧ.
1275 2379 1418 2454 Πρὸς
1463 2377 1679 2438 τούτοις
1729 2374 1820 2430 διὰ
1855 2377 1954 2444 τήν
1981 2387 2100 2450 θερ-

455 2471 695 2546 μοτάτην
750 2470 954 2526 ἱκεσίαν
1003 2476 1102 2539 τῆς
1164 2467 1372 2542 μητρὸς
1424 2467 1588 2522 αὐτοῦ
1649 2463 2104 2540 ἔπαγρυπνούσης

455 2565 674 2636 συχνῶς
724 2565 804 2633 τῷ
851 2559 904 2614 ἐν
971 2563 1050 2631 τῷ
1107 2561 1218 2629 ναῷ
1271 2554 1368 2611 τοῦ
1421 2555 1620 2631 Κυρίου
1674 2561 1774 2623 τῆς
1833 2553 2098 2608 Θεοτόκου

449 2655 630 2724 σεπτῷ
677 2649 1043 2722 εἶκονίσματι,
1087 2646 1178 2702 καὶ
1227 2647 1452 2721 θερμοῖς
1500 2649 1616 2708 τοῖς
1661 2641 1912 2719 δάκρυσιν
1967 2641 2096 2715 ὑπὲρ

443 2744 540 2794 τοῦ
567 2735 760 2800 παιδὸς
817 2734 986 2792 ἐκκαλ
1023 2733 1385 2808 ουμὲνης,εἷς
1435 2733 1598 2808 ἄκρον
1655 2731 1842 2806 σοφίας
1885 2731 2096 2797 ἀπάσης

443 2826 758 2898 ἰληλακὼς,
799 2827 890 2882 καὶ
937 2825 1004 2880 τὰ
1053 2821 1338 2893 Ἑλλήνων
1381 2821 1469 2876 καὶ
1517 2818 1803 2875 Χαλδαίων
1856 2815 2094 2894 ἀκριϐω-

444 2916 692 2990 σοὶμενος,
751 2917 942 2992 γέγονε
995 2918 1115 2974 τοῖς
1169 2911 1294 2966 τότε
1371 2911 1596 2986 χρόνοις
1651 2903 1984 2982 περιϐόητος
2040 2906 2092 2962 ἐν

441 3006 621 3084 ςοφίᾳ.
655 3008 714 3064 Id
746 3012 835 3061 est
885 3023 898 3060 :
950 3005 1291 3072 Tandemque
1341 3002 1398 3054 in
1449 3001 1727 3055 Michaelis
1775 3000 2094 3054 Psellicon-

441 3095 785 3152 suetudinem
807 3095 977 3162 venit,
1008 3093 1107 3164 qui
1131 3099 1520 3162 praeceptores,
1569 3089 1848 3158 sapientes
1878 3087 2092 3159 oppido,

443 3190 659 3254 nactus,
701 3188 918 3240 naturae
983 3181 1318 3235 dexteritate
1365 3187 1416 3234 et
1463 3175 1774 3232 intellectus
1817 3179 2094 3244 acumine,

443 3277 548 3330 Deo
579 3289 788 3345 quoque
817 3272 909 3328 illi
935 3270 1319 3340 coadjuvante.
1367 3267 1545 3321 adhuc
1590 3274 1644 3321 et
1689 3268 1888 3321 matris
1919 3268 2096 3321 inten-

439 3363 676 3417 sissimis
729 3360 1002 3432 precibus,
1063 3359 1264 3428 sapius
1323 3357 1384 3410 in
1427 3353 1630 3426 templo
1691 3355 1912 3409 Domini
1959 3359 2095 3409 ante

441 3452 701 3522 Πείρου-ξε
732 3447 1104 3506 venerandam
1135 3447 1441 3514 imaginem
1471 3443 1837 3514 invigilantis,
1869 3445 2091 3512 spissis-

440 3556 544 3611 que
563 3554 664 3611 pro
692 3539 810 3609 ﬁlio
839 3537 1097 3608 lacrymis
1127 3535 1429 3600 exorantis,
1463 3532 1533 3588 ad
1561 3535 1836 3588 universae
1871 3535 2093 3603 sapien-

438 3631 536 3686 tiae
570 3630 790 3686 culmen
818 3626 1088 3698 pervenit,
1137 3632 1190 3679 et
1243 3627 1558 3680 Gracorum
1603 3637 1667 3676 ac
1713 3621 2095 3678 Chaldaeorum

437 3717 670 3774 decretis
745 3715 1161 3772 accuratissime
1239 3711 1584 3785 conquisitis,
1645 3727 1710 3766 ea
1777 3715 2096 3782 tempestate

437 3807 652 3863 celebre
701 3805 1000 3877 sapientia
1047 3817 1244 3858 nomen
1311 3809 1632 3856 consecutus
1703 3808 1802 3854 est.
1881 3800 2096 3856 Subdit

441 3895 654 3952 deinde
701 3895 850 3950 inter
897 3892 1112 3948 Italum
1162 3895 1218 3945 et
1267 3889 1523 3945 Psellum
1573 3887 1822 3943 dissidia
1870 3893 2088 3944 exorta.

439 3993 742 4051 Medicinae
769 4007 1002 4064 quoque
1031 4004 1266 4060 operam
1291 3987 1478 4052 dedit,
1509 3989 1574 4040 ut
1599 3987 1723 4056 ipse
1755 3987 1824 4040 de
1855 4003 1916 4042 se
1947 3991 2092 4042 ()ra-

439 4082 597 4140 tione
627 4082 686 4138 in
717 4081 987 4148 Matrem,
1019 4077 1234 4150 sapius
1266 4075 1524 4140 laudata,
1559 4075 1834 4145 afﬁrmat,
1861 4076 2000 4130 dum
2022 4078 2092 4132 de

439 4177 605 4244 patre
633 4169 986 4227 moribundo
1017 4167 1304 4238 loquitur.
1335 4163 1424 4223 Ὡς
1473 4159 1532 4216 δὲ
1563 4161 1654 4215 καὶ
1703 4167 1819 4224 τοῖς
1865 4166 1975 4236 [16]
2005 4161 2091 4218 δα.

439 4257 661 4320 κτύλοις
738 4257 834 4319 τὰς
891 4262 991 4325 τῆς
1068 4251 1328 4328 ἀρτηρίας
1381 4252 1620 4320 κινήσεις
1676 4249 2086 4328 ἐτεκμηράμην-

439 4345 836 4416 Ἐσπουδοὶζετο
911 4345 1012 4419 γάρ
1097 4363 1188 4415 μοι
1272 4339 1534 4414 μακρόθεν
1609 4341 1643 4409 ἡ
1703 4342 1826 4414 περὶ
1893 4342 2088 4396 τούτου

435 4437 632 4511 τέχνη.
661 4439 722 4495 Ut
751 4452 881 4492 vero
925 4439 978 4490 et
1025 4433 1223 4506 digitis
1273 4431 1500 4488 arteriae
1545 4433 1723 4486 motus
1761 4431 2088 4488 observavi:

431 4537 554 4608 jam
619 4535 768 4590 enim
853 4533 952 4588 diu
1035 4529 1259 4602 aliquid
1335 4529 1396 4583 in
1458 4545 1584 4584 eam
1649 4537 1828 4584 artem
1895 4531 2088 4598 studii,

436 4634 488 4680 et
552 4638 736 4692 operae
818 4621 1189 4678 contuleram.
1272 4617 1546 4672 Studium
1631 4618 1688 4672 in
1775 4635 2083 4689 capessen-

2223 687 2294 726 erc
2339 671 2656 740 disciplinis
2699 673 2915 744 collegi.
2976 673 3218 744 Namque
3263 679 3470 727 natura
3511 675 3888 745 cujuscunque

2227 759 2407 816 studii
2453 762 2635 828 avida,
2705 778 2994 833 nunquam
3063 763 3314 817 scientiis
3375 763 3554 833 potuit
3597 765 3882 819 saturari.

2225 849 2553 922 Nullamque
2583 850 2780 906 vellem
2809 867 2942 916 esse,
2977 851 3115 922 quod
3163 853 3276 906 mei
3317 852 3579 906 notitiam
3628 855 3882 920 fugeret;

2225 955 2327 994 nec
2373 941 2664 995 molestum
2713 941 2856 995 mihi
2915 943 3081 1012 foret,
3139 940 3308 996 etiam
3347 941 3400 994 si
3445 941 3544 994 sub
3594 949 3880 1002 terranea,

2223 1045 2520 1084 noscerem.
2545 1030 2728 1101 Neque
2755 1033 2816 1084 ut
2839 1031 3100 1102 plurimi,
3133 1031 3192 1084 in
3215 1029 3319 1084 hoc
3345 1033 3564 1084 tantum
3595 1031 3880 1097 incumbe,

2225 1117 2369 1172 illud
2399 1135 2530 1174 vero
2578 1121 2815 1190 neglige,
2866 1119 2956 1174 sed
3003 1122 3052 1174 et
3093 1135 3392 1190 pravorum
3431 1121 3619 1188 etiam,
3671 1128 3722 1174 et
3751 1119 3883 1176 abo-

2225 1207 2618 1263 minandorum
2663 1210 2806 1263 mihi
2849 1210 3125 1264 notitiam
3169 1223 3446 1279 comparo,
3497 1212 3558 1262 ut
3603 1208 3728 1263 inde
3775 1209 3880 1262 hu-

2227 1296 2399 1366 beam,
2434 1297 2574 1368 quod
2605 1314 2670 1353 ea
2700 1299 3100 1369 usurpantibus
3129 1313 3416 1370 opponam.
3445 1296 3616 1352 Plura
3643 1298 3714 1352 de
3745 1297 3879 1362 hoc,

2227 1385 2377 1440 Orat.
2412 1387 2480 1441 de
2509 1397 2705 1458 matre,
2739 1387 2798 1441 in
2845 1403 2960 1458 qua
3009 1385 3247 1458 singula
3295 1403 3542 1458 quaque
3585 1387 3656 1441 ad
3709 1387 3876 1441 fasti-

2223 1475 2386 1529 dium
2417 1493 2602 1547 usque
2634 1480 2960 1532 enumerat.
2985 1475 3066 1530 Ea
3097 1475 3294 1546 lector,
3347 1492 3418 1532 ne
3467 1476 3591 1546 ipse
3639 1475 3876 1531 fastidio

2225 1564 2358 1634 sim,
2383 1565 2600 1620 videat.

2289 1688 2492 1744 XXIII.
2529 1691 2758 1744 Interea
2787 1688 2931 1744 satis
2965 1688 3154 1744 aetatis
3185 1704 3252 1742 ac
3294 1686 3618 1758 prudentiae
3650 1687 3876 1742 habens

2219 1777 2278 1831 in
2329 1777 2463 1832 aula
2513 1778 2970 1850 imperatoribus
3013 1776 3288 1846 innotuit,
3340 1775 3439 1848 qui
3489 1776 3548 1830 in
3599 1775 3876 1832 maximis

2219 1867 2470 1938 negotiis
2501 1869 2820 1938 prolicuam
2851 1867 3012 1922 illius
3043 1883 3282 1938 operam
3313 1865 3532 1937 experti
3555 1865 3872 1920 sunt.1\'am

2137 1969 2184 2034 Β
2219 1955 2462 2011 Michael
2493 1957 2862 2012 Stratioticus
2891 1955 3044 2010 inter
3073 1955 3320 2010 selectos
3341 1971 3406 2010 ex
3436 1954 3705 2026 patribus
3737 1969 3874 2008 con-

2217 2045 2454 2116 scriptis
2484 2046 2660 2110 viros,
2693 2061 2834 2114 quos
2863 2048 3156 2101 Comneno
3185 2044 3405 2100 Isaacio
3437 2044 3509 2098 ad
3541 2041 3788 2100 rebelles
3809 2043 3872 2098 in

2212 2133 2586 2188 concordiam
2617 2133 2962 2204 redigendos
2992 2134 3174 2199 misit,
3209 2131 3462 2188 Psellum
3497 2148 3734 2202 quoque
3761 2148 3864 2186 no-

2211 2228 2400 2276 strum
2435 2222 2667 2294 legavit,
2699 2239 2814 2278 non
2837 2221 3264 2277 contemnendo
3286 2219 3473 2290 elogio
3505 2219 3868 2275 celebratum

2213 2327 2246 2363 a
2293 2315 2518 2365 Zonara
2563 2315 2721 2366 tomo
2773 2311 2844 2366 ΙΙΙ
2898 2327 2910 2364 :
2961 2307 3292 2363 Στέλλονται
3360 2307 3534 2362 τοίνυν
3581 2309 3719 2382 πρὸς
3767 2307 3862 2362 τὸν

2215 2398 2499 2469 Κομνηνὸν
2555 2392 2976 2472 πρεσϐεύσοντες
3035 2394 3224 2472 ανδρες
3277 2401 3384 2450 τῶν
3443 2395 3702 2470 ἐκκρίτων
3763 2403 3868 2465 τῆς

2211 2485 2526 2560 συγκλήτου
2578 2485 2808 2562 βουλῆς·
2871 2487 2922 2540 οἱ
2977 2483 3022 2540 δ’
3079 2487 3214 2554 ἦσαν
3275 2487 3302 2540 6
3361 2483 3628 2561 πρόεδρος
3685 2487 3810 2541 Κων
3846 2519 3870 2530 -

2210 2581 2486 2638 σταντῖνος
2543 2577 2571 2630 6
2631 2573 2964 2651 Λειχούδης,
3028 2577 3055 2630 6
3115 2573 3378 2649 πρόεδρος
3429 2573 3576 2629 Λέων
3629 2572 3870 2630 δἈὶω-

2207 2665 2331 2731 πὸς,
2391 2664 2480 2719 καὶ
2542 2664 2779 2739 Μιχαὴλ
2838 2666 2865 2718 ὁ
2899 2665 3211 2743 σοφώτατος
3267 2663 3484 2726 Ψελλὸς
3533 2668 3642 2718 τῶν
3695 2663 3858 2740 φιλο-

2207 2753 2386 2830 σόφων
2438 2753 2510 2807 ὣν
2559 2752 2780 2815 ὕπατος.
2833 2757 3124 2828 Legantur
3191 2758 3364 2826 igitur
3405 2755 3475 2809 ad
3527 2755 3866 2810 Comnenum

2205 2846 2397 2900 selecti
2459 2846 2573 2900 viri
2617 2862 2690 2900 ea:
2743 2846 2994 2916 patribus
3060 2846 3406 2912 conscriptis,
3467 2843 3866 2899 Constantinus

2205 2933 2467 2990 Lichudes
2521 2951 2740 3005 prmes,
2813 2935 2914 2988 Leo
2981 2935 3183 3005 AlOpus
3243 2949 3442 3005 prases
3509 2937 3562 2987 et
3632 2933 3866 2988 Michael

2205 3023 2440 3090 Psellus,
2471 3023 2917 3092 sapientissimus
2943 3023 3203 3092 princeps
3234 3031 3362 3076 tunc
3387 3021 3860 3092 philosophorum.

2206 3113 2275 3168 Et
2316 3114 2608 3168 Cedrenus
2651 3113 2712 3166 in
2761 3113 3012 3184 Synapsi
3046 3131 3058 3168 :
3095 3111 3240 3164 Ἐκεῖ
3271 3109 3328 3164 δὲ
3383 3111 3530 3181 αὐτῷ
3575 3109 3863 3185 γενομένῳ

2207 3201 2464 3277 φθάνουσι
2507 3201 2598 3255 καὶ
2649 3195 2968 3276 πρεσϐευταὶ
3026 3199 3294 3274 βασιλέως
3327 3201 3353 3254 6
3385 3196 3652 3273 πρόεδρος
3703 3205 3858 3253 Κων·

2128 3327 2170 3392 C
2209 3295 2482 3350 παντῖνος
2514 3290 2541 3343 6
2593 3286 2924 3363 Λειχούδης,
2975 3285 3256 3364 Θεόδωρος
3303 3289 3330 3342 6
3381 3285 3657 3360 Ἀλωπὸς,
3703 3293 3858 3342 Κων-

2371 3383 2392 3392 ..
2543 3375 2776 3392 .mn.
2879 3379 2891 3392 .
2971 3381 2994 3392 ..
3144 3375 3164 3392 κ
3262 3377 3274 3392 ,
3431 3375 3456 3388 ..
3696 3377 3768 3392 Α,

2209 3383 2486 3441 παντῖνος
2537 3377 2564 3431 6
2597 3375 2838 3444 Ψελλὸς,
2873 3379 2900 3432 6
2931 3381 3036 3432 τῶν
3080 3375 3396 3454 φιλοσόφων
3429 3375 3650 3438 ὕπατος.
3693 3377 3860 3431 Οὗτοι

2201 3468 2302 3541 γὰρ
2353 3467 2404 3520 οἱ
2449 3471 2596 3538 τρεῖς
2645 3461 2834 3540 ἄνδρες
2882 3464 2970 3520 ἐπὶ
3021 3465 3225 3543 σοφίᾳ,
3274 3465 3366 3520 καὶ
3413 3463 3578 3541 λόγου
3631 3461 3858 3538 δυνάμει

2200 3559 2307 3609 τῶν
2341 3554 2475 3610 κατᾶ
2503 3555 2600 3622 τήν
2643 3555 2854 3630 ἡμέραν
2887 3555 3182 3628 ἀνθρώπων
3231 3551 3498 3633 διαφέρειν
3545 3551 3858 3621 δοκοῦντες,

2201 3643 2292 3698 καὶ
2341 3643 2678 3718 ἀσυγκρίτως
2731 3644 2759 3697 6
2814 3642 3036 3705 Ψελλὸς
3089 3641 3410 3718 ἐξιλέγησαν
3457 3642 3534 3697 είς
3599 3643 3662 3698 τὸ
3721 3663 3856 3718 πρε-

2203 3724 2443 3799 σϐεῦσαι,
2495 3730 2583 3784 καὶ
2629 3727 3029 3806 προσεδόκησεν
3064 3732 3091 3785 6
3135 3729 3391 3807 βασιλεὺς
3443 3729 3658 3805 μεγάλα
3685 3753 3854 3786 κατα-

2201 3820 2500 3896 πράξασθαι
2580 3817 2669 3874 διὰ
2741 3826 2840 3890 τῆς
2921 3819 3136 3875 ἐκείνων
3203 3823 3316 3894 [17]
3392 3819 3706 3894 εὐστομίας,
3767 3821 3864 3875 καὶ

2200 3910 2446 3984 χάριτος.
2489 3915 2512 3966 1
2523 3911 2575 3965 bi
2601 3913 2658 3966 ei
2683 3915 3038 3966 occurrerunt
3067 3913 3238 3983 legati
3279 3914 3628 3984 imperatoris
3650 3927 3862 3982 praeses

2203 4001 2596 4054 Constantinus
2665 4000 2948 4064 Lichudes.
2998 4016 3206 4072 pra’ses
3277 4000 3578 4056 Theodorus
3623 4001 3860 4072 AIOpus,

2201 4087 2600 4144 Constantinus
2629 4090 2862 4154 Psellus,
2877 4090 3331 4161 philosophorum
3357 4091 3862 4162 princeps.Etenim

2199 4178 2259 4230 hi
2287 4185 2392 4232 tres
2419 4179 2535 4232 viri
2561 4180 2864 4248 supientia,
2897 4187 2948 4233 et
2975 4179 3261 4249 facundia,
3319 4181 3564 4234 omnium
3595 4181 3694 4252 qui
3721 4189 3868 4236 tunc

2197 4267 2471 4332 vivebant,
2501 4267 2677 4337 primi
2704 4267 2956 4336 habiti,et
2989 4267 3210 4338 quidem
3238 4277 3394 4322 extra
3421 4271 3864 4339 comparationis

2197 4359 2400 4411 sortem
2427 4356 2660 4422 Psellus,
2691 4355 2768 4411 ad
2811 4373 2942 4412 eam
2993 4355 3323 4426 legationem
3367 4360 3590 4428 fuerant
3616 4357 3816 4416 delecti
3845 4381 3866 4426 ,-

2199 4445 2345 4516 quod
2373 4447 2678 4516 imperator
2705 4459 2894 4499 eorum
2923 4445 3242 4515 eloquentia
3271 4449 3322 4500 et
3371 4447 3556 4515 gratia
3583 4462 3640 4501 se
3667 4448 3866 4504 maxi-

2197 4551 2290 4588 ma
2315 4541 2738 4589 consecuturum
2767 4531 3158 4604 sperabat.Ubi
3188 4533 3564 4605 exscriptoris
3595 4535 3860 4606 incuria,

2201 4636 2304 4691 pro
2336 4619 2637 4688 Michaele,
2670 4619 3088 4676 Constantinus
3121 4620 3376 4692 irrepsit.
3409 4625 3476 4676 Et
3507 4621 3566 4676 in
3598 4639 3664 4678 eo
3689 4623 3862 4680 falsae

435 4713 526 4770 die
553 4711 904 4784 disciplinis,
935 4714 992 4766 et
1041 4707 1320 4764 omnibus
1365 4707 1743 4762 nddiscendis
1775 4709 1986 4762 ardens
2019 4726 2085 4764 ac
2117 4697 2162 4761 D
2195 4708 2503 4780 legationis
2537 4714 2849 4764 accusatur
2878 4709 2950 4764 ab
2983 4711 3182 4764 eodem
3211 4709 3456 4765 inferius
3493 4727 3505 4765 :
3537 4710 3762 4784 Λέγεται
3797 4709 3862 4766 δε

437 4803 722 4876 pertinax,
752 4801 878 4873 ipse
917 4797 1112 4855 libello
1159 4802 1235 4852 De
1281 4795 1715 4851 admirabitibus
1763 4797 2090 4852 lectionibus

437 4893 494 4946 in
544 4892 660 4946 ﬁne
709 4889 984 4962 explicat.
1042 4884 1190 4958 Ἐγὼ
1232 4879 1288 4937 δὲ
1319 4883 1380 4937 ού
1433 4883 1556 4958 περὶ
1607 4881 1862 4958 ἐργασίας
1911 4879 2082 4956 ἕνεκα,

436 4981 501 5047 νὴ
533 4980 634 5047 τὴν
667 4978 812 5052 ἱεράν
856 4998 950 5030 σου
993 4974 1202 5048 ψυχήν,
1246 4970 1391 5026 ἀλλὰ
1428 4971 1788 5049 φιλομαθείας
1814 4974 1880 5028 τὰ
1909 4971 2084 5029 πλείω

435 5071 542 5120 τῶν
604 5065 939 5140 μαθημάτων
995 5061 1384 5134 συνελεξάμην.
1446 5061 1692 5134 Ἐγένετο
1749 5061 1848 5138 γάρ
1902 5084 1994 5136 μοι
2046 5066 2080 5134 ἡ

438 5154 596 5230 φύσις
641 5155 932 5228 ἀκόρεστος
977 5151 1114 5227 πρὸς
1166 5151 1346 5204 ὁτιοῦν
1395 5146 1736 5222 σπούδασμα,
1787 5152 1874 5205 καὶ
1927 5149 2079 5207 οὐδὲν

435 5241 495 5298 ἄν
559 5265 624 5317 με
674 5242 984 5319 βουλοίμην
1033 5237 1332 5294 διαλαθεῖν.
1375 5236 1535 5293 ’Λλλ’
1589 5238 1850 5314 ἀγαπῴην
1899 5239 1980 5313 ἃν,
2034 5242 2078 5296 εἰ

430 5333 522 5388 καὶ
571 5333 638 5387 τὰ
682 5334 858 5407 νέρθεν
907 5327 1105 5399 εἰδείην
1167 5333 1268 5396 τῆς
1314 5333 1436 5402 γῆς.
1486 5328 1582 5382 Καὶ
1639 5327 1743 5404 οὐχ
1797 5329 1976 5405 ὥσπερ
2027 5332 2079 5386 οἱ

428 5420 636 5476 πολλοὶ
686 5420 808 5496 περὶ
856 5424 1018 5474 τοῦτο
1071 5417 1164 5490 μὲν
1216 5412 1543 5486 ἐσπούδακα,
1589 5415 1761 5472 ἐκεῖνο
1814 5416 1872 5472 δὲ
1925 5421 2076 5475 ἀπω-

431 5509 630 5580 σάμην,
683 5509 828 5566 ἀλλὰ
883 5508 974 5564 καὶ
1023 5511 1130 5562 τῶν
1197 5503 1440 5583 φαύλων,
1605 5504 1790 5568 ἄλλως
1849 5507 2078 5582 ἀποτρο-

428 5596 604 5652 παίων
661 5598 946 5672 ἐπιγνῶναι
999 5596 1092 5657 τᾶς
1144 5591 1408 5668 μεθόδους
1469 5591 1794 5664 ἐσπούδακα,
1835 5595 1908 5650 ’ἶν’
1960 5597 2073 5672 ἔχω

425 5685 660 5741 ἐντεῦθεν
697 5683 996 5761 ἀντιλέγειν
1045 5689 1162 5747 τοῖς
1207 5681 1522 5758 χρωμένοις
1573 5683 1774 5746 αὐτοῖς,
1823 5689 1880 5742 Id
1927 5695 2016 5743 est
2056 5707 2069 5745 :

427 5779 555 5851 Ego
603 5793 753 5844 vero,
804 5793 912 5833 non
955 5775 1288 5832 curiositatis
1331 5787 1485 5843 ergo,
1519 5775 1600 5830 ita
1647 5791 1865 5830 sacrum
1915 5785 2072 5834 tuum

2197 4797 2280 4850 ὅτι
2337 4796 2426 4851 καὶ
2486 4797 2537 4850 οἱ
2591 4791 2916 4872 πρεσϐευταὶ
2974 4791 3546 4872 παραπρεσϐεύσαντες
3595 4795 3738 4853 ἄλλο
3791 4821 3860 4855 τε

2195 4883 2382 4946 ἄλλως
2437 4882 2610 4959 λάθρα
2661 4890 2740 4957 τῷ
2793 4886 3123 4958 Κεκαυμένῳ
3155 4884 3470 4959 προσιόντες
3502 4885 3856 4962 παρεκάλουν

2195 4969 2415 5048 ἔχεσθαι
2444 4980 2544 5042 τῆς
2576 4971 2894 5046 ἐνστάσεως,
2925 4973 3014 5028 καὶ
3059 4971 3324 5046 μηδὸλως
3375 4971 3638 5030 ἐνδοῦναι.
3671 4981 3862 5031 Τοῦτο

2193 5059 2251 5117 δὲ
2281 5061 2474 5124 αὐτοὺς
2524 5069 2773 5132 ποιῆσαι,
2823 5062 2912 5116 καὶ
2961 5063 3012 5116 οἱ
3061 5060 3246 5124 καλῶς
3301 5059 3504 5124 εἷ’δότες
3536 5061 3864 5142 ἐπληροιρό-

2193 5171 2318 5226 ρουν
2353 5149 2538 5226 ἄνδρες
2577 5151 2684 5226 οὐχ
2732 5151 2902 5206 οἷοίτε
2946 5148 3254 5225 ψεύδεσθαι,
3284 5151 3374 5206 καὶ
3428 5150 3504 5213 εἰς
3555 5151 3715 5206 αὐτὸν
3753 5155 3854 5209 τὸν

2191 5241 2472 5314 Κομνηνὸν
2542 5239 3022 5318 πληροφοροῦντες
3077 5239 3388 5313 ἐνωμότως,
3449 5241 3522 5302 ὡς
3579 5241 3718 5296 ἅπαν
3783 5243 3850 5298 τὸ

2189 5329 2415 5384 ἀστυκὸν
2449 5327 2664 5398 πλῆθος
2689 5332 2996 5406 περικακῶς
3029 5328 3105 5390 εἷς
3157 5328 3313 5382 αὐτὸν
3345 5327 3480 5404 ἔχει.
3530 5328 3628 5384 Καὶ
3673 5331 3752 5392 ὡς
3803 5333 3856 5388 εἲ

2193 5419 2356 5491 μόνον
2419 5418 2617 5494 ἐγγίσει
2674 5421 2743 5492 τῇ
2799 5417 2986 5490 πόλει,
3041 5417 3132 5472 τὸν
3186 5417 3412 5494 γέροντα
3461 5417 3856 5492 ἐξωθήσαντες,

2189 5507 2304 5578 μετ’
2333 5505 2632 5578 ἐπινιγίων,
2665 5508 2751 5562 καί
2785 5507 2970 5581 ὕμνων
3005 5507 3160 5562 αὐτὸν
3193 5505 3596 5582 προσδὲξονται.
3619 5513 3694 5566 At:
3713 5529 3856 5583 pro-

2183 5598 2360 5652 ditum
2389 5603 2466 5654 est
2499 5600 2799 5666 memoriae,
2835 5601 2982 5670 ipsos
3013 5600 3179 5652 etiam
3212 5599 3423 5668 legatos
3447 5615 3548 5670 pm
3567 5601 3858 5658 varicatos

2181 5689 2377 5759 fuisse,
2405 5695 2456 5742 et
2485 5688 2649 5742 modo
2680 5687 2846 5754 hunc,
2877 5687 3033 5744 modo
3055 5687 3216 5741 iltum.
3238 5687 3472 5742 diversis
3503 5692 3856 5761 temporibus

2183 5779 2520 5834 Cecaumeno
2567 5779 2822 5849 suasisse,
2871 5785 2932 5835 ut
2984 5780 3317 5850 oppugnaret
3365 5780 3573 5834 acriter
3627 5780 3858 5838 oblatas
