4060 6344
163 462 291 522 493

1431 458 1806 521 DlATRlBA
1846 458 1950 519 DE
1993 458 2340 521 PSELLIS.

3464 461 3585 521 494

165 595 533 662 conditiones,
563 609 742 665 neque
779 592 1086 665 quidquam
1129 591 1458 649 concederet.
1502 593 1568 648 Et
1605 590 1824 664 quidem
1852 592 1901 660 Α
1933 592 2292 662 complexus,
2325 591 2450 648 loco
2482 593 2539 648 in
2569 592 2670 648 illo
2730 593 3027 649 uberrimo
3071 609 3139 648 ao
3193 592 3583 662 feracissimo,

168 692 273 740 hoc
303 701 393 740 eos
421 685 594 755 egisse
622 699 725 754 pro
754 686 899 738 certo
925 683 1217 754 perhibent
1246 683 1308 748 ii,
1343 683 1539 754 quibus
1579 683 1688 737 ista
1729 697 1829 751 op-

169 775 310 827 time
335 775 468 826 sunt
500 775 651 839 nota,
683 779 734 826 et
763 787 796 824 a
825 769 1100 825 mendacii
1129 770 1439 840 suspicione
1463 777 1591 824 sunt
1621 770 1831 823 immu-

165 878 289 929 nes,
320 863 587 932 aiuntque
614 875 726 926 eos,
760 861 1084 930 interposito
1105 859 1501 931 jurejurando,
1523 859 1832 930 afﬁrmasse

172 956 478 1017 Comneno,
509 949 772 1004 ardenter
799 964 923 1003 eum
947 947 1014 1002 ab
1045 949 1260 1003 urbana
1290 947 1650 1003 multitudine
1688 943 1828 1000 dili-

166 1043 250 1112 gi;
294 1056 385 1107 ac,
407 1041 456 1094 si
481 1046 694 1094 tantum
732 1039 1048 1092 accessisset
1077 1037 1147 1092 ad
1180 1036 1391 1104 urbem,
1417 1038 1538 1108 [ore
1568 1039 1625 1090 ut
1658 1036 1833 1105 ipsam

168 1149 259 1196 ea,
319 1144 452 1185 sene
492 1128 808 1194 exturbato,
868 1143 992 1181 cum
1031 1127 1425 1195 gratulatoriis
1466 1126 1738 1195 victoriae,
1778 1127 1832 1178 et

173 1219 408 1290 imperii
431 1218 775 1272 carminibus
793 1217 1058 1286 excipiat.

172 1316 189 1330 '
244 1307 438 1364 XXIV.
464 1306 724 1362 Isaacius
748 1306 1100 1374 Comnenus,
1127 1321 1263 1361 cum
1288 1303 1627 1360 Michaelem
1655 1304 1834 1360 Ceru-

171 1397 417 1458 larium,
456 1393 849 1466 patriarcham
900 1393 1612 1466 Constantinopolitanum
1664 1394 1835 1450 abdi-

170 1503 306 1542 care
340 1486 646 1548 niteretur,
682 1482 961 1549 aliorum,
1004 1488 1061 1538 et
1096 1482 1276 1538 Psseli
1304 1483 1593 1554 praecipue
1637 1499 1834 1553 opera.

182 1575 307 1648 qui,
370 1573 430 1628 in
484 1589 618 1628 eum
669 1572 941 1627 Oratione
999 1572 1352 1644 conscripta,
1415 1572 1738 1627 multorum
1771 1587 1837 1626 ac

173 1664 477 1719 variorum
512 1661 836 1717 facinorum
890 1677 1053 1716 reum
1105 1661 1258 1727 fecit,
1307 1677 1453 1716 usus
1510 1666 1601 1715 est
1655 1661 1837 1716 Zona-

173 1771 275 1809 ras
327 1751 544 1806 ibidem
578 1767 592 1805 :
626 1750 758 1804 Εἶτα.
812 1749 900 1803 καὶ
961 1747 1268 1825 καθαιρέσει
1322 1743 1616 1804 ὑποϐαλεῖν
1676 1747 1834 1802 αὐτὸν

177 1840 269 1896 διὰ
301 1837 588 1918 φροντίδος
640 1838 860 1906 ἐτίθετο,
912 1839 1000 1892 καὶ
1032 1859 1140 1891 τισι
1175 1839 1282 1892 τῶν
1315 1837 1616 1913 ἀρχιερέων
1651 1857 1839 1912 συνερ-

177 1936 301 2005 γοῖς
333 1930 472 2001 πρὸς
517 1932 676 1982 τοῦτο
721 1926 1011 2002 ἐκέχρητο,
1062 1926 1152 1981 καὶ
1198 1932 1278 1998 τῷ
1328 1925 1534 1998 Ψελλῷ
1583 1926 1841 2000 αἱτιαμά-
1868 1966 1916 2031 Β

424 2015 482 2031 ,ς
512 2020 534 2031 ..
725 2017 740 2031 ι
806 2013 891 2031 ,υ
991 2015 1003 2031 ,
1457 2020 1479 2030 ..
1558 2014 1578 2029 ρ,
1651 2013 1665 2028 .
1797 2019 1824 2029 ..

178 2040 286 2073 των
343 2015 602 2087 πολλῶν,
651 2017 742 2070 καὶ
795 2013 1117 2070 ἀλλοκότων
1178 2020 1499 2090 συναγωγεῖ,
1558 2014 1592 2069 ἃ
1648 2013 1699 2069 ἐν
1758 2019 1838 2086 τῷ

175 2109 298 2162 κατ’
337 2106 548 2161 ἐκείνου
608 2103 763 2178 λόγῳ
812 2103 1135 2179 συνήθροισέ
1178 2125 1260 2173 τε,
1307 2104 1398 2158 καὶ
1447 2105 1836 2180 ωνεγράψατο,

181 2195 357 2266 δηλοῖ
380 2215 439 2249 τε
473 2191 562 2249 διά
591 2215 755 2249 τινων
796 2198 875 2266 τῷ
919 2189 1074 2269 ἀνδρὶ
1106 2192 1430 2247 ἀπείπασθαι
1476 2193 1576 2262 τὴν
1605 2214 1839 2266 πυιμαν-

175 2286 366 2354 τικήν,
395 2283 473 2338 ’ἶν’
522 2282 658 2338 ἐκὼν
708 2280 859 2338 δοκεῖ
900 2284 1299 2358 παραιτεῖσθαι,
1349 2282 1422 2344 ὡς
1456 2281 1501 2336 εἰ
1537 2285 1613 2355 μή
1652 2287 1838 2350 τοῦτο,

177 2375 268 2429 καὶ
354 2374 504 2429 ἄκων
583 2373 754 2442 αὐτὴν
838 2373 1280 2446 ἀφαιρεθήσεται,
1342 2371 1418 2433 εἷς
1499 2372 1662 2444 μέσον
1722 2372 1838 2426 κατ’

178 2466 350 2519 αὐτοῦ
384 2461 786 2535 προτιθεμένων
822 2461 1176 2534 αἰτιαμάτων.
1202 2462 1407 2519 Deinde
1425 2463 1497 2518 de
1527 2463 1841 2531 abrogando

181 2557 278 2611 illi
301 2554 698 2625 patriarchatu
727 2554 1009 2625 cogitans,
1049 2568 1211 2624 opere
1239 2552 1598 2624 quorumdam
1629 2554 1843 2622 episco-

176 2661 384 2716 porum
416 2644 616 2706 utitur,
648 2644 699 2696 et
730 2642 919 2705 Pselli,
943 2643 1231 2695 variarum
1259 2645 1310 2696 et
1340 2640 1722 2696 absurdarum
1737 2640 1842 2694 cri-

181 2735 571 2787 minationum
600 2731 1015 2797 coacervatoris,
1056 2747 1191 2801 quas
1236 2733 1295 2785 in
1337 2729 1598 2786 Oratione
1649 2735 1845 2785 contra

182 2822 354 2878 illum
407 2823 616 2890 scripta
659 2820 981 2888 congressit,
1007 2824 1060 2875 et
1105 2835 1204 2891 per
1233 2819 1496 2891 quosdam
1525 2821 1645 2874 viro
1674 2819 1847 2888 signi-

181 2913 312 2982 ﬁcat
344 2919 403 2964 ut
430 2908 663 2964 simulet
688 2924 748 2964 se
776 2909 920 2963 ultro
956 2909 1285 2980 pontiﬁcatu
1305 2908 1488 2964 cedere
1517 2923 1676 2978 quem
1703 2908 1843 2962 alio.

183 3003 319 3073 quin
357 3001 571 3054 invitus
601 3014 728 3053 cum
753 2998 977 3069 publica
1001 2999 1240 3069 infamia
1267 2999 1341 3053 sit
1370 2999 1701 3068 amissurus.

254 3090 378 3162 [l8]
411 3087 594 3143 XXV.
631 3086 870 3159 Diogeni
905 3088 1239 3159 imperatori
1287 3087 1577 3152 infensus,
1621 3085 1847 3157 primus

185 3181 312 3248 ipse
348 3179 510 3233 inter
539 3180 922 3243 senatores,et
948 3176 1210 3231 Joannes
1232 3175 1504 3243 Caesar,et
1526 3175 1846 3240 lilii,Eudo-

185 3269 337 3323 ciam
360 3265 799 3337 imperatricem
826 3266 882 3319 in
909 3265 1330 3320 monasterium
1347 3265 1520 3320 trudu
1533 3268 1614 3331 nt;
1639 3263 1848 3318 Micha-

1941 682 2282 752 frugiferam
2315 681 2446 748 sibi,
2480 686 2538 736 et
2593 681 2724 738 aliis
2756 681 3117 750 diligentiam
3153 687 3457 753 expertus,
3501 701 3593 740 ex-

1941 771 2116 826 traxit
2140 770 2429 826 malorum
2454 769 2680 826 radices
2705 789 2720 839 ;
2742 771 2812 825 de
2835 776 3043 826 natura
3064 776 3122 826 et
3145 773 3320 828 rebus
3342 773 3590 830 occultis

1943 860 2162 931 optime
2193 858 2484 931 planeque
2536 859 2836 927 disseruit,
2885 860 3041 930 quod
3085 876 3287 916 verum
3324 867 3382 916 et
3431 863 3588 934 quod

1943 949 2158 1004 falsum
2193 953 2282 1004 est
2312 947 2368 1002 in
2401 947 2682 1015 oratione,
2717 949 2969 1020 aperuit,
3000 949 3374 1022 summisque
3403 951 3589 1024 impe-

1943 1039 2239 1094 ratoribus
2268 1037 2376 1093 luit
2405 1043 2462 1092 et
2490 1037 2721 1093 vivendi
2756 1042 3098 1110 praeceptor,
3131 1044 3188 1094 et
3232 1039 3483 1095 dicendi.
3509 1041 3592 1095 Ad

1945 1127 2172 1183 labores
2202 1127 2472 1199 impiger,
2507 1127 2607 1182 diu
2643 1132 2937 1198 noctuque
2966 1127 3307 1200 autaliquid
3336 1130 3592 1185 conscri-

1947 1218 2163 1284 bendo,
2195 1223 2296 1271 aut
2334 1216 2600 1288 legendo,
2622 1220 2858 1288 tempus
2887 1215 3227 1272 insumebat
3259 1234 3272 1273 :
3307 1234 3410 1274 nec
3440 1219 3593 1274 vires

1946 1311 2396 1374 consenuerant,
2430 1322 2533 1361 nec
2564 1306 2853 1361 defecerat
2883 1305 3136 1361 animus.
3173 1307 3240 1361 Et
3269 1323 3402 1362 cum
3458 1324 3592 1363 mu-

1945 1413 2058 1451 nus
2112 1395 2403 1467 optimum
2462 1394 3127 1465 fructuosissimumque
3184 1397 3338 1466 quod
3401 1397 3596 1466 possit

1947 1485 2136 1540 all‘erri
2163 1484 2549 1556 principibus,
2576 1483 2718 1538 illud
2735 1500 2865 1540 esse
2886 1484 3328 1552 exsitimaret,si
3347 1486 3597 1541 docean-

1945 1580 2044 1631 tur
2073 1580 2249 1646 atque
2279 1574 2642 1641 erudiuntur,
2667 1590 2904 1629 summa
2932 1590 3041 1645 ope
3073 1575 3459 1641 nitebatur,ut
3482 1575 3595 1630 Mi-

1947 1664 2206 1720 chaelem
2257 1663 2472 1718 Ducam
2526 1663 2842 1718 instrueret
2874 1663 3162 1734 bonisque
3214 1664 3478 1719 moribus
3506 1665 3597 1718 in~

1949 1754 2246 1808 formarat.
2297 1754 2419 1819 Quo
2469 1753 2601 1822 quis
2655 1756 2846 1823 potest
2891 1751 2950 1806 in
2999 1752 3118 1806 vita
3164 1751 3448 1823 humana,
3509 1752 3595 1806 vel

1948 1842 2280 1896 desiderare
2313 1840 2546 1908 melius,
2578 1839 2663 1895 vel
2716 1846 2917 1910 optare
2967 1840 3377 1910 praestantius?
3427 1839 3596 1896 Coer-

1948 1931 2131 1987 cenda
2159 1935 2250 1986 est
2283 1930 2615 2002 principum
2637 1928 2841 1994 libido,
2882 1930 3382 2000 refrenandusque
3414 1930 3594 1998 furor,

1947 2037 2134 2092 neque
2165 2019 2280 2075 alia
2303 2019 2394 2074 via
2415 2020 2472 2074 id
2501 2018 3304 2090 consequipossumusquam
3329 2019 3598 2073 doctrina

1947 2113 2004 2164 et
2034 2109 2380 2164 eruditione.
2411 2107 2677 2162 Hominis
2708 2107 2888 2162 decus
2911 2106 3346 2180 estingenium,
3372 2106 3596 2178 ingenii

1946 2198 2146 2254 lumen
2179 2197 2534 2268 eloquentia,
2576 2195 2922 2268 eloquentiae
2953 2197 3172 2251 candor
3202 2195 3598 2268 philosophia,

1949 2285 2334 2359 philosophias
2396 2286 2608 2341 rectrix
2656 2303 2721 2341 ac
2772 2286 3054 2358 magistra
3084 2285 3296 2356 pietas,
3329 2301 3454 2356 quae
3484 2285 3602 2340 nisi

1951 2382 2369 2449 praceptorum
2404 2376 2644 2432 monitis
2677 2375 2975 2444 fulciatur,
3027 2375 3087 2429 in
3137 2374 3482 2446 ignorantia:
3512 2379 3596 2430 te-

1951 2468 2164 2522 nebras
2197 2465 2490 2537 prolapsa,
2524 2465 2756 2519 ruinam
2791 2465 2947 2520 facit.

2021 2554 2256 2610 XXVII.
2289 2554 2414 2608 Non
2465 2552 2653 2624 potuit
2696 2558 2890 2608 tamen
2941 2554 3195 2624 effugere
3242 2552 3601 2609 calumniam

1952 2650 2182 2700 Zonaras
2214 2642 2314 2697 lib.
2355 2659 2437 2697 Ill.
2470 2642 2673 2697 Annal.
2708 2657 2722 2696 :
2757 2639 2854 2694 Καὶ
2900 2641 2965 2710 ἤν
2996 2644 3103 2694 τῶν
3146 2639 3446 2715 ἀνθρώπων
3481 2639 3603 2694 σύν-

1949 2752 2186 2808 τριμμα,
2220 2729 2307 2786 καὶ
2357 2728 2722 2804 ταλαιπωρία,
2759 2731 2868 2802 [19]
2923 2729 3012 2783 καὶ
3046 2730 3074 2783 6
3115 2727 3322 2784 τούτων
3359 2729 3604 2804 ἐπιστρε-

1954 2821 2190 2900 φόμενος
2261 2816 2526 2891 οὑδαμοῦ.
2579 2819 2636 2870 Ὀ
2690 2819 2794 2893 γὰρ
2859 2815 3115 2894 βασιλεὺς
3176 2814 3601 2893 παιδαριώδεσιν

1955 2909 2222 2984 ἐσχόλαζε
2277 2907 2494 2978 πράξεσι
2555 2911 2651 2962 τοῦ
2712 2905 2916 2961 ὑπάτου
2975 2910 3082 2960 τῶν
3141 2905 3458 2984 φιλοσόφων
3509 2905 3600 2960 καὶ

1959 2997 2259 3074 ὑπερτῖμου
2308 2993 2538 3072 Μιχαὴλ
2584 3000 2682 3050 τοῦ
2732 2994 2978 3066 Ιινελλοῦ,
3039 2994 3227 3072 λόγοις
3282 3001 3362 3068 τῷ
3421 2993 3598 3050 δοκεῖν

1955 3089 2114 3142 αὐτὸν
2165 3081 2580 3158 ἐμϐιϐάζοντος,
2630 3084 2719 3139 καὶ
2765 3082 3135 3156 διδάσκοντος,
3193 3089 3282 3139 νῦν
3348 3086 3440 3158 μὲν
3498 3087 3598 3154 τήν

1954 3176 2341 3253 γραμματικὴν
2373 3173 2591 3249 τέχνην,
2630 3173 2718 3228 καὶ
2771 3175 2958 3248 μέτρα,
2989 3173 3077 3228 καὶ
3135 3171 3472 3241 διαλέκτους,
3513 3177 3602 3226 νῦν

1958 3265 2004 3321 δ’
2035 3266 2123 3320 ἵνα
2151 3264 2286 3320 κατᾶ
2317 3263 2552 3340 ῥήτορας
2578 3261 2914 3337 διαλέγοιτο,
2947 3267 3037 3317 νῦν
3072 3261 3118 3318 δ’
3147 3263 3411 3337 ἱστορίαις
3441 3261 3600 3317 αὐτὸν

182 3358 336 3412 clem
397 3354 622 3413 Ducam
649 3355 1062 3424 imperatorem
1095 3353 1486 3422 denuntiant;
1522 3353 1839 3426 Diogenem

1965 3337 2395 3432 προσεθίζοντος.
2454 3337 2692 3409 Ἃλλοτε
2750 3351 2806 3408 δὲ
2863 3349 3178 3430 φιλοσόφων
3235 3354 3605 3430 Θεωρημάτων

178 3449 309 3518 jam
339 3448 730 3500 revertentem
764 3443 1009 3515 imperio
1041 3443 1578 3510 abdicant,auctore
1600 3447 1657 3498 et
1686 3441 1848 3512 adju-

183 3543 311 3590 tore
343 3531 728 3588 consiliorum
764 3532 966 3586 eodem
1002 3529 1558 3597 Psello.Zonaras,in
1586 3531 1848 3586 Romano

186 3625 456 3694 Diogene
491 3638 505 3674 :
538 3619 600 3675 Ὀ
658 3622 786 3692 γοῦν
849 3623 1054 3694 Καῖσαρ
1105 3617 1361 3687 Ἰωάννης
1419 3617 1507 3672 καὶ
1541 3618 1591 3672 οἱ
1645 3617 1848 3672 ἐκείνου

187 3711 298 3766 υἱοὶ
335 3709 446 3777 ἀεὶ,
482 3708 558 3769 ὡς
608 3705 840 3780 εἶρῃται,
890 3706 1232 3781 ἐγκοτοῦντεε
1282 3711 1360 3778 τῷ
1411 3708 1644 3783 Διογένει
1685 3706 1850 3782 ἁρπά-

191 3807 345 3870 ζουσι
381 3798 476 3852 τὸν
509 3797 720 3871 καιρὸν,
753 3796 842 3851 καὶ
867 3791 1308 3872 προσλαϐόμενοι
1334 3800 1442 3850 τῶν
1471 3802 1570 3866 τῆς
1603 3794 1849 3870 συγκλή-

185 3911 285 3945 του
349 3887 546 3954 ἐνίους,
608 3885 725 3940 ὅσοι
783 3885 1142 3962 ὡμοφρόνουν
1203 3886 1492 3953 αὑτοῖς,ὧν
1548 3884 1770 3961 ἐξῆρχεν
1821 3887 1848 3940 ὁ

191 3979 501 4054 ὑπέρτιμος
571 3973 814 4041 Ψελλὸς,
871 3975 1060 4037 ύσνους
1109 3974 1197 4029 καὶ
1263 3975 1423 4037 αὐτὸς
1473 3979 1551 4048 τῷ
1609 3974 1846 4049 Διογένει

187 4067 513 4144 τυγχάνων,
568 4065 668 4133 τήν
728 4062 1054 4120 Βασίλισσαν
1117 4059 1387 4120 Εὑδνκίαν
1442 4063 1519 4124 εἷς
1569 4064 1666 4133 τήν
1723 4063 1849 4136 παρ’

191 4157 366 4226 αὐτῆς
401 4153 734 4227 ὃομηθεῖσαν
790 4154 964 4226 μονήν
991 4153 1125 4207 κατᾶ
1174 4154 1246 4207 ὧν
1278 4154 1368 4207 τὸν
1417 4152 1468 4207 ἐν
1501 4157 1568 4226 τῇ
1603 4157 1848 4228 Προπον-

190 4244 298 4301 tia:
327 4243 583 4320 πορθμὸν
635 4241 1064 4318 περιορίζουσιν,
1114 4243 1206 4297 τὸν
1261 4239 1317 4296 δὲ
1360 4241 1594 4317 Μιχαὴλ
1645 4242 1851 4312 ἀνακη-

191 4335 483 4410 ρῦττουσιν
534 4331 929 4408 αὐτοκράτορα,
971 4339 1079 4400 etc,
1122 4335 1358 4389 Joannes
1417 4335 1589 4405 igitur
1648 4333 1848 4402 Caesar,

190 4429 420 4498 eiusque
447 4425 580 4495 ﬁlii,
617 4426 849 4495 Diogeni
876 4438 1112 4493 semper,
1145 4427 1203 4478 ut
1235 4423 1450 4478 dictum
1503 4432 1602 4490 est,
1635 4425 1849 4495 infesti,

189 4519 428 4588 arrepta
457 4515 755 4583 occasione,
786 4512 1116 4586 quibusdam
1144 4516 1316 4569 etiam
1343 4529 1416 4568 ea:
1441 4517 1634 4569 senatu
1661 4515 1752 4569 sui
1767 4515 1854 4584 fa-

190 4609 426 4672 einon’s,
457 4621 691 4676 quorum
727 4605 940 4660 Psellus
972 4605 1057 4658 vir
1097 4604 1556 4659 honoratissimus
1591 4605 1852 4673 princeps

1957 3445 2251 3520 ἀκροᾶσθαι
2310 3443 2828 3518 παρασκευάζοντος.
2890 3443 2951 3498 Ὁ
3009 3441 3066 3496 δὲ
3120 3443 3258 3518 πρὸς
3310 3440 3462 3497 οὐδὲν
3511 3442 3605 3498 ἐπ-

1960 3533 2162 3612 εφύκει.
2215 3532 2440 3593 Τούτοις
2495 3532 2585 3586 οὗν
2635 3533 2662 3586 ὁ
2709 3530 2992 3603 Ῥωμαίων
3044 3531 3393 3607 αὐτοκράτωρ
3441 3553 3609 3608 προσ-

1957 3623 2224 3693 τετηκὼς,
2287 3622 2373 3697 ὑφ’
2417 3617 2598 3694 ἕτερον
2659 3621 2746 3673 καὶ
2807 3623 2996 3674 τοῦτον
3048 3617 3139 3673 ἕνα
3179 3619 3270 3673 τὸν
3331 3623 3438 3673 τῶν
3489 3640 3608 3673 και-

1959 3717 2062 3766 νῶν
2116 3705 2439 3785 κυϐέρνησιν
2489 3708 2804 3778 ἐποιήσατο,
2845 3708 2933 3763 καὶ
2981 3707 3152 3780 νόμος
3181 3707 3248 3776 ἦν
3300 3707 3361 3762 τὸ
3391 3712 3471 3778 τῷ
3500 3715 3605 3762 Λο-

1959 3800 2155 3876 γοθὲτῃ
2187 3797 2404 3854 δοκοῦν.
2466 3801 2721 3855 Homines
2778 3798 3179 3868 atterebantur,
3228 3807 3282 3854 et
3336 3799 3604 3854 aerumnis

1957 3891 2455 3964 premebantur:et
2484 3903 2644 3944 nemo
2672 3892 2812 3957 erat,
2839 3889 2932 3944 cui
2959 3888 3062 3942 illa
3086 3904 3234 3943 cum
3261 3887 3605 3944 essent.Nam

1959 3983 2268 4049 imperator
2317 3976 2633 4049 puerilibus
2681 3976 2842 4032 rebus
2897 3984 3206 4048 occupatus,
3255 3994 3289 4031 a
3356 3976 3606 4048 principe

1957 4067 2430 4142 philosophorum,
2463 4070 2513 4123 et
2551 4067 2977 4122 honoratissimo
3021 4065 3298 4121 Michaete
3329 4066 3506 4122 Psello
3536 4065 3606 4120 ad

1960 4160 2279 4214 litterarum
2308 4155 2494 4212 studia
2523 4155 2717 4211 deduci
2747 4155 3070 4216 videbatur;
3103 4171 3166 4210 ac
3207 4155 3365 4211 modo
3393 4157 3454 4209 in
3483 4161 3608 4210 arte

1958 4249 2325 4320 grammatica
2356 4246 2622 4312 versibus,
2656 4246 2716 4299 in
2763 4244 3088 4313 linguarum
3119 4245 3448 4316 diﬂcrentiis
3477 4260 3605 4299 cru-

1959 4339 2230 4403 diebatur,
2259 4335 2416 4392 modo
2445 4333 2944 4391 declamationibus
2975 4335 3286 4404 rethoricis,
3329 4333 3487 4390 modo
3517 4333 3607 4388 hi-

1961 4429 2144 4483 storiis
2199 4425 2545 4496 assae/iebat,
2596 4425 2751 4480 modo
2807 4426 2880 4480 ad
2909 4424 3193 4480 audienda
3221 4423 3609 4496 philosophica

1957 4525 2230 4590 praecepta
2262 4515 2585 4587 parabatur,
2618 4517 2871 4586 quamvis
2907 4514 2978 4570 ad
3007 4516 3119 4570 hmo
3147 4516 3336 4570 omnia
3367 4515 3608 4585 ineptus.

1965 4604 2298 4676 Ilujusmodi
2352 4606 2528 4675 igitur
2579 4603 2780 4659 studiis
2858 4605 3223 4660 Romanorum
3305 4605 3614 4674 imperator

195 4701 342 4765 erat,
372 4699 425 4750 el
449 4696 564 4764 ipse
596 4694 854 4761 Diogenis
873 4693 1154 4762 inimicus,
1180 4691 1468 4759 adhibitis,
1503 4693 1856 4763 imperatrice
1889 4712 1934 4775 Ι)
1964 4696 2192 4764 afﬁxus,
2254 4708 2436 4746 rerum
2486 4690 3028 4746 administrationem
3083 4691 3266 4760 alteri,
3312 4691 3469 4761 eique
3515 4690 3617 4742 uni

197 4785 452 4843 Budocia
484 4786 540 4838 in
571 4783 925 4849 monasterio,
958 4781 1100 4853 quod
1123 4783 1250 4853 ipsa
1279 4783 1431 4837 circa
1458 4783 1669 4853 fretum
1709 4783 1854 4837 Pro-

196 4873 443 4947 pontidis
471 4876 775 4939 struxerat,
806 4871 1074 4941 relegata,
1107 4869 1430 4926 illic/iactent
1473 4871 1857 4943 imperatorem

197 4964 475 5036 appellat.

274 5051 472 5108 XXVI.
509 5052 560 5106 A
591 5067 772 5123 puero
805 5050 1002 5122 itaque
1031 5048 1354 5105 liberaliter
1383 5049 1691 5116 educatus,
1735 5047 1857 5102 ani-

202 5161 300 5198 mo
351 5142 512 5196 circa
560 5146 716 5196 artes
765 5141 1183 5212 doctrinasoiue
1234 5139 1544 5211 gestiente,
1604 5139 1853 5204 fructus,

201 5248 355 5304 quos
389 5231 461 5285 ab
512 5230 596 5285 eis
654 5229 980 5302 expetebat,
1031 5228 1344 5300 decerpsit,
1395 5244 1510 5283 non
1542 5227 1746 5282 breves
1777 5231 1858 5282 at-

203 5337 317 5392 que
348 5319 628 5383 incertos,
660 5318 761 5374 sed
805 5319 1014 5374 uberes
1035 5322 1095 5372 et
1132 5315 1532 5389 tempestivos.
1569 5314 1855 5388 Eloquen-

205 5413 350 5465 tiam
387 5409 567 5476 enim,
600 5406 897 5462 horridam
932 5411 1074 5461 tunc
1121 5411 1179 5462 et
1221 5405 1529 5472 incultam,
1581 5403 1856 5474 excoluit,

202 5516 308 5555 nec
342 5498 417 5554 ad
452 5495 767 5570 perniciem
801 5500 858 5550 et
886 5500 1109 5567 pestem
1159 5494 1464 5564 convertit,
1497 5495 1596 5551 sed
1651 5495 1722 5550 ad
1764 5511 1856 5550 sa-

202 5589 415 5645 lutem.
465 5586 726 5641 Tandem
772 5583 1228 5658 philosophandi
1288 5584 1573 5640 rationem
1621 5600 1858 5640 omnem

273 5734 358 5804 (n)
393 5732 520 5804 Non
553 5727 1268 5804 adeoreprehendendum
1292 5733 1523 5804 zonam
1541 5727 1857 5804 judicium,

205 5807 253 5862 si
278 5797 629 5861 studiorum
687 5797 912 5857 deliciis
970 5803 1050 5856 ita
1105 5800 1217 5857 fuit
1273 5801 1515 5856 edoctus
1554 5797 1861 5871 indulgere

1962 4783 2257 4848 commisit,
2299 4787 2360 4837 ut
2412 4782 2545 4852 legis
2573 4780 2958 4836 auctoritatem
2989 4779 3231 4844 haberet,
3263 4777 3404 4848 quod
3445 4779 3612 4846 Logoo

1962 4873 2128 4952 thyla:
2157 4874 2339 4926 visum
2367 4876 2529 4924 esset.
2566 4870 2633 4924 Et
2660 4868 2908 4923 inferius
2943 4886 2955 4923 :
2991 4868 3235 4936 Μήτινος
3259 4863 3317 4919 δὲ
3345 4885 3612 4939 προνοου-

1968 4960 2131 5033 μένου
2161 4962 2267 5013 τῶν
2313 4961 2468 5030 κοινῇ
2516 4955 2924 5032 συμφερόντων,
2977 4956 3004 5008 6
3053 4957 3153 5029 γὰρ
3207 4951 3459 5029 βασιλεὺς
3488 4951 3612 5027 περὶ

1967 5047 2162 5120 λόγους
2213 5044 2526 5119 ἠσχόλητο,
2569 5045 2662 5098 καὶ
2710 5037 2944 5115 ’ἰάμϐους
2995 5041 3290 5105 συντιθέναι
3344 5041 3479 5115 πρὸς
3516 5043 3612 5095 τοῦ

1967 5134 2192 5191 Ψελλοῦ
2239 5131 2570 5199 ἐδιδάσκετο,
2623 5129 2859 5187 σιτοδεία
2905 5132 3032 5192 τοὺς
3077 5130 3128 5185 ἐν
3176 5130 3335 5186 πόλει
3386 5129 3612 5198 ἐπίεζεν.

1965 5229 2192 5283 Nenime
2219 5233 2404 5280 autem
2436 5226 2637 5280 bonum
2665 5224 2951 5296 publicum
2980 5227 3230 5292 curante,
3271 5239 3401 5277 nam
3441 5221 3612 5293 impe-

1966 5327 2122 5373 rator
2170 5317 2377 5372 studiis
2413 5331 2632 5380 vacans,
2667 5314 2875 5371 iambos
2902 5314 3144 5370 scribere
3174 5330 3208 5368 a
3245 5312 3422 5368 Psello
3460 5311 3613 5367 dece-

1969 5407 2149 5476 batur,
2184 5406 2424 5462 urbanos
2448 5419 2681 5460 annonae
2733 5405 2971 5475 penuria
3006 5417 3259 5475 premere
3303 5402 3481 5472 carpit.
3534 5401 3618 5455 Ita

1968 5495 2050 5551 nil
2082 5501 2199 5550 tam
2233 5499 2502 5551 sanctum
2525 5494 2607 5566 (η)
2629 5498 2737 5560 est,
2763 5493 2917 5564 quod
2941 5492 3482 5549 calumniatentare
3501 5505 3619 5545 non

1968 5587 2201 5652 audeat,
2248 5589 2303 5639 et
2353 5583 2506 5655 quod
2541 5582 2712 5638 laude
2745 5583 2989 5654 dignum
3023 5579 3133 5648 est,
3180 5599 3248 5637 ex
3279 5580 3621 5652 improviso,

1965 5728 2266 5856 Princeps,
2299 5731 2366 5783 ut.
2391 5726 2506 5781 illis
2537 5725 2805 5782 intentus
2837 5725 3062 5797 imperii
3096 5740 3294 5780 curam
3347 5721 3479 5776 allis
3535 5736 3628 5774 re-

1992 5806 2287 5856 moueret.

1992 5806 2132 5872 inqu
2147 5806 2287 5857 cret.
