  <div class='ocr_page' id='page_1' title='image "/cluster/home/n/w/nwhite01/storage/ocr_20150623/122/hvd.32044073502452/255.png"; bbox 0 0 4078 6336; ppageno 0'>
   <div class='ocr_carea' id='block_1_1' title="bbox 482 461 603 519">
    <p class='ocr_par' dir='ltr' id='par_1_1' title="bbox 482 461 603 519">
     <span class='ocr_line' id='line_1_1' title="bbox 482 461 603 519; baseline 0 0"><span class='ocrx_word' id='word_1_1' title='bbox 482 461 603 519; x_wconf 68' lang='lat'>495</span> 
     </span>
    </p>
   </div>
   <div class='ocr_carea' id='block_1_2' title="bbox 1870 456 2509 519">
    <p class='ocr_par' dir='ltr' id='par_1_2' title="bbox 1870 456 2509 519">
     <span class='ocr_line' id='line_1_2' title="bbox 1870 456 2509 519; baseline -0.003 -2"><span class='ocrx_word' id='word_1_2' title='bbox 1870 456 2148 518; x_wconf 82' lang='lat' dir='ltr'>LEONIS</span> <span class='ocrx_word' id='word_1_3' title='bbox 2198 456 2509 519; x_wconf 81' lang='lat' dir='ltr'><strong>ALLA&#39;I‘II</strong></span> 
     </span>
    </p>
   </div>
   <div class='ocr_carea' id='block_1_3' title="bbox 3778 456 3895 517">
    <p class='ocr_par' dir='ltr' id='par_1_3' title="bbox 3778 456 3895 517">
     <span class='ocr_line' id='line_1_3' title="bbox 3778 456 3895 517; baseline -0.017 0"><span class='ocrx_word' id='word_1_4' title='bbox 3778 456 3895 517; x_wconf 73' lang='grc'>496</span> 
     </span>
    </p>
   </div>
   <div class='ocr_carea' id='block_1_4' title="bbox 482 586 3892 662">
    <p class='ocr_par' dir='ltr' id='par_1_4' title="bbox 482 586 3892 662">
     <span class='ocr_line' id='line_1_4' title="bbox 482 586 3892 662; baseline -0 -17"><span class='ocrx_word' id='word_1_5' title='bbox 482 588 1008 662; x_wconf 86' lang='lat' dir='ltr'>fraudulenterque</span> <span class='ocrx_word' id='word_1_6' title='bbox 1065 589 1333 661; x_wconf 78' lang='lat' dir='ltr'>irrepens</span> <span class='ocrx_word' id='word_1_7' title='bbox 1378 589 1575 645; x_wconf 89' lang='lat' dir='ltr'>nescio</span> <span class='ocrx_word' id='word_1_8' title='bbox 1625 588 1762 660; x_wconf 83' lang='lat' dir='ltr'>quis</span> <span class='ocrx_word' id='word_1_9' title='bbox 1817 587 2136 643; x_wconf 88' lang='lat' dir='ltr'>criminose</span> <span class='ocrx_word' id='word_1_10' title='bbox 2165 591 2220 655; x_wconf 76' lang='grc' dir='ltr'><strong>Α</strong></span> <span class='ocrx_word' id='word_1_11' title='bbox 2249 603 2313 641; x_wconf 89' lang='lat' dir='ltr'>co</span> <span class='ocrx_word' id='word_1_12' title='bbox 2347 604 2361 642; x_wconf 88' lang='lat'><strong>:</strong></span> <span class='ocrx_word' id='word_1_13' title='bbox 2394 591 2451 643; x_wconf 91' lang='lat' dir='ltr'>et</span> <span class='ocrx_word' id='word_1_14' title='bbox 2477 589 2734 644; x_wconf 89' lang='lat' dir='ltr'>Zonoras</span> <span class='ocrx_word' id='word_1_15' title='bbox 2762 586 2909 643; x_wconf 90' lang='lat' dir='ltr'>locis</span> <span class='ocrx_word' id='word_1_16' title='bbox 2940 604 3121 659; x_wconf 82' lang='lat' dir='ltr'>supra</span> <span class='ocrx_word' id='word_1_17' title='bbox 3156 586 3450 654; x_wconf 80' lang='lat' dir='ltr'>adductis,</span> <span class='ocrx_word' id='word_1_18' title='bbox 3484 591 3541 642; x_wconf 91' lang='lat' dir='ltr'>et</span> <span class='ocrx_word' id='word_1_19' title='bbox 3567 587 3627 643; x_wconf 90' lang='lat' dir='ltr'>in</span> <span class='ocrx_word' id='word_1_20' title='bbox 3674 587 3892 644; x_wconf 88' lang='lat' dir='ltr'>Isaacio</span> 
     </span>
    </p>
   </div>
   <div class='ocr_carea' id='block_1_5' title="bbox 483 676 2129 735">
    <p class='ocr_par' dir='ltr' id='par_1_5' title="bbox 483 676 2129 735">
     <span class='ocr_line' id='line_1_5' title="bbox 483 676 2129 735; baseline -0.002 -1"><span class='ocrx_word' id='word_1_21' title='bbox 483 679 787 735; x_wconf 80' lang='lat' dir='ltr'>dilacerat.</span> <span class='ocrx_word' id='word_1_22' title='bbox 822 679 887 733; x_wconf 89' lang='lat' dir='ltr'>Et</span> <span class='ocrx_word' id='word_1_23' title='bbox 918 680 1221 734; x_wconf 86' lang='lat' dir='ltr'>hominum</span> <span class='ocrx_word' id='word_1_24' title='bbox 1255 679 1430 735; x_wconf 90' lang='lat' dir='ltr'>turba</span> <span class='ocrx_word' id='word_1_25' title='bbox 1480 696 1629 735; x_wconf 66' lang='lat' dir='ltr'>caeca</span> <span class='ocrx_word' id='word_1_26' title='bbox 1676 678 1857 733; x_wconf 90' lang='lat' dir='ltr'>veluti</span> <span class='ocrx_word' id='word_1_27' title='bbox 1892 676 2129 731; x_wconf 85' lang='lat' dir='ltr'>oraculo</span> 
     </span>
    </p>
   </div>
   <div class='ocr_carea' id='block_1_6' title="bbox 485 766 2130 841">
    <p class='ocr_par' dir='ltr' id='par_1_6' title="bbox 485 766 2130 841">
     <span class='ocr_line' id='line_1_6' title="bbox 485 766 2130 841; baseline -0.002 -19"><span class='ocrx_word' id='word_1_28' title='bbox 485 768 737 841; x_wconf 81' lang='lat' dir='ltr'>plaudit,</span> <span class='ocrx_word' id='word_1_29' title='bbox 771 768 986 824; x_wconf 88' lang='lat' dir='ltr'>misera</span> <span class='ocrx_word' id='word_1_30' title='bbox 1018 784 1180 837; x_wconf 83' lang='lat' dir='ltr'>sane,</span> <span class='ocrx_word' id='word_1_31' title='bbox 1216 770 1482 840; x_wconf 88' lang='lat' dir='ltr'>duraque</span> <span class='ocrx_word' id='word_1_32' title='bbox 1531 766 2130 839; x_wconf 76' lang='lat' dir='ltr'>prudentissimorum</span> 
     </span>
    </p>
   </div>
   <div class='ocr_carea' id='block_1_7' title="bbox 485 855 2133 927">
    <p class='ocr_par' dir='ltr' id='par_1_7' title="bbox 485 855 2133 927">
     <span class='ocr_line' id='line_1_7' title="bbox 485 855 2133 927; baseline -0.001 -16"><span class='ocrx_word' id='word_1_33' title='bbox 485 857 790 912; x_wconf 86' lang='lat' dir='ltr'>hominum</span> <span class='ocrx_word' id='word_1_34' title='bbox 824 857 1176 913; x_wconf 87' lang='lat' dir='ltr'>conditione.</span> <span class='ocrx_word' id='word_1_35' title='bbox 1208 857 1327 911; x_wconf 88' lang='lat' dir='ltr'>Sub</span> <span class='ocrx_word' id='word_1_36' title='bbox 1352 856 1483 912; x_wconf 89' lang='lat' dir='ltr'>aliis</span> <span class='ocrx_word' id='word_1_37' title='bbox 1515 858 1655 913; x_wconf 88' lang='lat' dir='ltr'>item</span> <span class='ocrx_word' id='word_1_38' title='bbox 1678 855 2133 927; x_wconf 80' lang='lat' dir='ltr'>imperatoribus</span> 
     </span>
    </p>
   </div>
   <div class='ocr_carea' id='block_1_8' title="bbox 488 943 2135 1018">
    <p class='ocr_par' dir='ltr' id='par_1_8' title="bbox 488 943 2135 1018">
     <span class='ocr_line' id='line_1_8' title="bbox 488 943 2135 1018; baseline -0.002 -17"><span class='ocrx_word' id='word_1_39' title='bbox 488 946 819 1001; x_wconf 65' lang='lat' dir='ltr'>Graecorum</span> <span class='ocrx_word' id='word_1_40' title='bbox 860 946 1105 1017; x_wconf 87' lang='lat' dir='ltr'>imperio</span> <span class='ocrx_word' id='word_1_41' title='bbox 1131 947 1258 1018; x_wconf 86' lang='lat' dir='ltr'>jam</span> <span class='ocrx_word' id='word_1_42' title='bbox 1292 952 1651 1014; x_wconf 83' lang='lat' dir='ltr'>senescente,</span> <span class='ocrx_word' id='word_1_43' title='bbox 1694 943 1881 999; x_wconf 90' lang='lat' dir='ltr'>doctri</span> <span class='ocrx_word' id='word_1_44' title='bbox 1923 944 2135 1014; x_wconf 89' lang='lat' dir='ltr'>nisque</span> 
     </span>
    </p>
   </div>
   <div class='ocr_carea' id='block_1_9' title="bbox 489 1032 2133 1104">
    <p class='ocr_par' dir='ltr' id='par_1_9' title="bbox 489 1032 2133 1104">
     <span class='ocr_line' id='line_1_9' title="bbox 489 1032 2133 1104; baseline -0.002 -15"><span class='ocrx_word' id='word_1_45' title='bbox 489 1034 765 1089; x_wconf 89' lang='lat' dir='ltr'>omnibus</span> <span class='ocrx_word' id='word_1_46' title='bbox 797 1034 856 1089; x_wconf 88' lang='lat' dir='ltr'>in</span> <span class='ocrx_word' id='word_1_47' title='bbox 889 1036 1215 1090; x_wconf 82' lang='lat' dir='ltr'>barbariem</span> <span class='ocrx_word' id='word_1_48' title='bbox 1247 1036 1645 1099; x_wconf 89' lang='lat' dir='ltr'>commutatis,</span> <span class='ocrx_word' id='word_1_49' title='bbox 1679 1050 1834 1103; x_wconf 89' lang='lat' dir='ltr'>cum,</span> <span class='ocrx_word' id='word_1_50' title='bbox 1870 1032 2133 1104; x_wconf 85' lang='lat' dir='ltr'>prohdo-</span> 
     </span>
    </p>
   </div>
   <div class='ocr_carea' id='block_1_10' title="bbox 492 1119 2137 1195">
    <p class='ocr_par' dir='ltr' id='par_1_10' title="bbox 492 1119 2137 1195">
     <span class='ocr_line' id='line_1_10' title="bbox 492 1119 2137 1195; baseline -0.001 -18"><span class='ocrx_word' id='word_1_51' title='bbox 492 1121 606 1178; x_wconf 83' lang='lat' dir='ltr'>lor!</span> <span class='ocrx_word' id='word_1_52' title='bbox 638 1123 846 1178; x_wconf 86' lang='lat' dir='ltr'>inertia</span> <span class='ocrx_word' id='word_1_53' title='bbox 878 1140 979 1195; x_wconf 91' lang='lat' dir='ltr'>pro</span> <span class='ocrx_word' id='word_1_54' title='bbox 1011 1123 1303 1195; x_wconf 83' lang='lat' dir='ltr'>sapientia</span> <span class='ocrx_word' id='word_1_55' title='bbox 1332 1128 1457 1179; x_wconf 89' lang='lat' dir='ltr'>erat</span> <span class='ocrx_word' id='word_1_56' title='bbox 1477 1123 1653 1178; x_wconf 90' lang='lat' dir='ltr'>vitam</span> <span class='ocrx_word' id='word_1_57' title='bbox 1686 1123 1812 1194; x_wconf 91' lang='lat' dir='ltr'>ipse</span> <span class='ocrx_word' id='word_1_58' title='bbox 1840 1122 1992 1176; x_wconf 80' lang='lat' dir='ltr'>fama</span> <span class='ocrx_word' id='word_1_59' title='bbox 2015 1119 2137 1175; x_wconf 91' lang='lat' dir='ltr'>cla-</span> 
     </span>
    </p>
   </div>
   <div class='ocr_carea' id='block_1_11' title="bbox 492 1210 2140 1283">
    <p class='ocr_par' dir='ltr' id='par_1_11' title="bbox 492 1210 2140 1283">
     <span class='ocr_line' id='line_1_11' title="bbox 492 1210 2140 1283; baseline -0.002 -17"><span class='ocrx_word' id='word_1_60' title='bbox 492 1212 768 1267; x_wconf 89' lang='lat' dir='ltr'>rissimus</span> <span class='ocrx_word' id='word_1_61' title='bbox 824 1213 1131 1282; x_wconf 76' lang='lat' dir='ltr'>transegit,</span> <span class='ocrx_word' id='word_1_62' title='bbox 1184 1213 1488 1283; x_wconf 85' lang='lat' dir='ltr'>jucundus</span> <span class='ocrx_word' id='word_1_63' title='bbox 1551 1210 1777 1279; x_wconf 87' lang='lat' dir='ltr'>amicis,</span> <span class='ocrx_word' id='word_1_64' title='bbox 1828 1210 2140 1283; x_wconf 85' lang='lat' dir='ltr'>egentibus</span> 
     </span>
    </p>
   </div>
   <div class='ocr_carea' id='block_1_12' title="bbox 496 1301 1533 1373">
    <p class='ocr_par' dir='ltr' id='par_1_12' title="bbox 496 1301 1533 1373">
     <span class='ocr_line' id='line_1_12' title="bbox 496 1301 1533 1373; baseline 0 -17"><span class='ocrx_word' id='word_1_65' title='bbox 496 1301 679 1369; x_wconf 87' lang='lat' dir='ltr'>utilis,</span> <span class='ocrx_word' id='word_1_66' title='bbox 713 1302 992 1357; x_wconf 91' lang='lat' dir='ltr'>omnibus</span> <span class='ocrx_word' id='word_1_67' title='bbox 1022 1301 1273 1373; x_wconf 90' lang='lat' dir='ltr'>denique</span> <span class='ocrx_word' id='word_1_68' title='bbox 1298 1301 1533 1356; x_wconf 89' lang='lat' dir='ltr'>cbarus.</span> 
     </span>
    </p>
   </div>
   <div class='ocr_carea' id='block_1_13' title="bbox 567 1387 2140 1454">
    <p class='ocr_par' dir='ltr' id='par_1_13' title="bbox 567 1387 2140 1454">
     <span class='ocr_line' id='line_1_13' title="bbox 567 1387 2140 1454; baseline -0.003 -9"><span class='ocrx_word' id='word_1_69' title='bbox 567 1390 818 1445; x_wconf 82' lang='lat' dir='ltr'><strong>XXVIII.</strong></span> <span class='ocrx_word' id='word_1_70' title='bbox 841 1389 1004 1445; x_wconf 91' lang='lat' dir='ltr'>Illius</span> <span class='ocrx_word' id='word_1_71' title='bbox 1022 1395 1239 1445; x_wconf 89' lang='lat' dir='ltr'>tamem</span> <span class='ocrx_word' id='word_1_72' title='bbox 1264 1388 1400 1443; x_wconf 84' lang='lat' dir='ltr'>ﬁdei</span> <span class='ocrx_word' id='word_1_73' title='bbox 1423 1404 1685 1454; x_wconf 83' lang='lat' dir='ltr'>causam,</span> <span class='ocrx_word' id='word_1_74' title='bbox 1710 1387 2140 1443; x_wconf 83' lang='lat' dir='ltr'>defensionem-</span> 
     </span>
    </p>
   </div>
   <div class='ocr_carea' id='block_1_14' title="bbox 495 1475 2143 1551">
    <p class='ocr_par' dir='ltr' id='par_1_14' title="bbox 495 1475 2143 1551">
     <span class='ocr_line' id='line_1_14' title="bbox 495 1475 2143 1551; baseline -0.004 -16"><span class='ocrx_word' id='word_1_75' title='bbox 495 1496 609 1551; x_wconf 90' lang='lat' dir='ltr'>que</span> <span class='ocrx_word' id='word_1_76' title='bbox 641 1495 755 1534; x_wconf 91' lang='lat' dir='ltr'>non</span> <span class='ocrx_word' id='word_1_77' title='bbox 782 1478 1165 1549; x_wconf 88' lang='lat' dir='ltr'>susceperim,</span> <span class='ocrx_word' id='word_1_78' title='bbox 1184 1479 1253 1545; x_wconf 92' lang='lat' dir='ltr'>si,</span> <span class='ocrx_word' id='word_1_79' title='bbox 1290 1495 1415 1549; x_wconf 60' lang='lat' dir='ltr'>quae</span> <span class='ocrx_word' id='word_1_80' title='bbox 1440 1478 1510 1532; x_wconf 93' lang='lat' dir='ltr'>de</span> <span class='ocrx_word' id='word_1_81' title='bbox 1533 1494 1597 1532; x_wconf 91' lang='lat' dir='ltr'>eo</span> <span class='ocrx_word' id='word_1_82' title='bbox 1614 1476 1907 1547; x_wconf 85' lang='lat' dir='ltr'>Josephus</span> <span class='ocrx_word' id='word_1_83' title='bbox 1929 1475 2143 1530; x_wconf 83' lang='lat' dir='ltr'>Metho-</span> 
     </span>
    </p>
   </div>
   <div class='ocr_carea' id='block_1_15' title="bbox 493 1565 2143 1639">
    <p class='ocr_par' dir='ltr' id='par_1_15' title="bbox 493 1565 2143 1639">
     <span class='ocr_line' id='line_1_15' title="bbox 493 1565 2143 1639; baseline -0.004 -16"><span class='ocrx_word' id='word_1_84' title='bbox 493 1568 694 1623; x_wconf 90' lang='lat' dir='ltr'>nensis</span> <span class='ocrx_word' id='word_1_85' title='bbox 720 1567 1032 1639; x_wconf 89' lang='lat' dir='ltr'>episcopus</span> <span class='ocrx_word' id='word_1_86' title='bbox 1055 1566 1323 1638; x_wconf 86' lang='lat' dir='ltr'>apologia</span> <span class='ocrx_word' id='word_1_87' title='bbox 1341 1566 1811 1621; x_wconf 89' lang='lat' dir='ltr'>contraMarcum</span> <span class='ocrx_word' id='word_1_88' title='bbox 1831 1565 2143 1636; x_wconf 86' lang='lat' dir='ltr'>Ephesium</span> 
     </span>
    </p>
   </div>
   <div class='ocr_carea' id='block_1_16' title="bbox 492 1653 2143 1726">
    <p class='ocr_par' dir='ltr' id='par_1_16' title="bbox 492 1653 2143 1726">
     <span class='ocr_line' id='line_1_16' title="bbox 492 1653 2143 1726; baseline -0.003 -15"><span class='ocrx_word' id='word_1_89' title='bbox 492 1657 690 1726; x_wconf 87' lang='lat' dir='ltr'>tradit,</span> <span class='ocrx_word' id='word_1_90' title='bbox 720 1672 854 1711; x_wconf 89' lang='lat' dir='ltr'>vera</span> <span class='ocrx_word' id='word_1_91' title='bbox 885 1660 1044 1711; x_wconf 89' lang='lat' dir='ltr'>sunt.</span> <span class='ocrx_word' id='word_1_92' title='bbox 1080 1655 1251 1711; x_wconf 90' lang='lat' dir='ltr'>Illum</span> <span class='ocrx_word' id='word_1_93' title='bbox 1282 1656 1437 1711; x_wconf 90' lang='lat' dir='ltr'>enim</span> <span class='ocrx_word' id='word_1_94' title='bbox 1470 1660 1822 1710; x_wconf 86' lang='lat' dir='ltr'>annumerat</span> <span class='ocrx_word' id='word_1_95' title='bbox 1851 1653 2143 1708; x_wconf 85' lang='lat' dir='ltr'>schisma-</span> 
     </span>
    </p>
   </div>
   <div class='ocr_carea' id='block_1_17' title="bbox 495 1741 2141 1814">
    <p class='ocr_par' dir='ltr' id='par_1_17' title="bbox 495 1741 2141 1814">
     <span class='ocr_line' id='line_1_17' title="bbox 495 1741 2141 1814; baseline -0.002 -14"><span class='ocrx_word' id='word_1_96' title='bbox 495 1745 626 1800; x_wconf 89' lang='lat' dir='ltr'>ticis</span> <span class='ocrx_word' id='word_1_97' title='bbox 650 1744 875 1814; x_wconf 86' lang='lat' dir='ltr'>Photio,</span> <span class='ocrx_word' id='word_1_98' title='bbox 898 1744 1199 1811; x_wconf 71' lang='lat' dir='ltr'>Cabasilae,</span> <span class='ocrx_word' id='word_1_99' title='bbox 1223 1743 1496 1811; x_wconf 82' lang='lat' dir='ltr'>Palamae,</span> <span class='ocrx_word' id='word_1_100' title='bbox 1521 1747 1843 1809; x_wconf 86' lang='lat' dir='ltr'>Camatero,</span> <span class='ocrx_word' id='word_1_101' title='bbox 1869 1741 2141 1809; x_wconf 87' lang='lat' dir='ltr'>Pburnio,</span> 
     </span>
    </p>
   </div>
   <div class='ocr_carea' id='block_1_18' title="bbox 496 1832 2142 1904">
    <p class='ocr_par' dir='ltr' id='par_1_18' title="bbox 496 1832 2142 1904">
     <span class='ocr_line' id='line_1_18' title="bbox 496 1832 2142 1904; baseline -0.003 -15"><span class='ocrx_word' id='word_1_102' title='bbox 496 1833 941 1901; x_wconf 89' lang='lat' dir='ltr'>Moschambari,</span> <span class='ocrx_word' id='word_1_103' title='bbox 962 1832 1522 1904; x_wconf 84' lang='lat' dir='ltr'>Bulgariae,Nicolao</span> <span class='ocrx_word' id='word_1_104' title='bbox 1547 1832 1935 1900; x_wconf 86' lang='lat' dir='ltr'>Methonensi,</span> <span class='ocrx_word' id='word_1_105' title='bbox 1960 1836 2016 1885; x_wconf 92' lang='lat' dir='ltr'>et</span> <span class='ocrx_word' id='word_1_106' title='bbox 2039 1835 2142 1884; x_wconf 85' lang='lat' dir='ltr'>Pa-</span> 
     </span>
    </p>
   </div>
   <div class='ocr_carea' id='block_1_19' title="bbox 2239 673 3891 751">
    <p class='ocr_par' dir='ltr' id='par_1_19' title="bbox 2239 673 3891 751">
     <span class='ocr_line' id='line_1_19' title="bbox 2239 673 3891 751; baseline -0.001 -21"><span class='ocrx_word' id='word_1_107' title='bbox 2239 675 2559 744; x_wconf 87' lang='lat' dir='ltr'>Comneno,</span> <span class='ocrx_word' id='word_1_108' title='bbox 2613 673 2797 736; x_wconf 77' lang='grc' dir='ltr'>ΙΙολὺς</span> <span class='ocrx_word' id='word_1_109' title='bbox 2829 675 2927 743; x_wconf 78' lang='grc' dir='ltr'>τήν</span> <span class='ocrx_word' id='word_1_110' title='bbox 2988 675 3235 750; x_wconf 80' lang='grc' dir='ltr'>γλῶτταν</span> <span class='ocrx_word' id='word_1_111' title='bbox 3293 675 3320 727; x_wconf 86' lang='grc' dir='ltr'><strong>ὁ</strong></span> <span class='ocrx_word' id='word_1_112' title='bbox 3378 675 3690 751; x_wconf 75' lang='grc' dir='ltr'>σοφώτατος</span> <span class='ocrx_word' id='word_1_113' title='bbox 3745 674 3891 729; x_wconf 84' lang='grc' dir='ltr'>Ψελ-</span> 
     </span>
    </p>
   </div>
   <div class='ocr_carea' id='block_1_20' title="bbox 2240 762 3894 836">
    <p class='ocr_par' dir='ltr' id='par_1_20' title="bbox 2240 762 3894 836">
     <span class='ocr_line' id='line_1_20' title="bbox 2240 762 3894 836; baseline 0.001 -18"><span class='ocrx_word' id='word_1_114' title='bbox 2240 762 2360 825; x_wconf 85' lang='grc' dir='ltr'>λός,</span> <span class='ocrx_word' id='word_1_115' title='bbox 2394 766 2523 820; x_wconf 88' lang='lat' dir='ltr'>Vim</span> <span class='ocrx_word' id='word_1_116' title='bbox 2558 766 2835 821; x_wconf 88' lang='lat' dir='ltr'>dictionis</span> <span class='ocrx_word' id='word_1_117' title='bbox 2867 782 3000 820; x_wconf 92' lang='lat' dir='ltr'>cum</span> <span class='ocrx_word' id='word_1_118' title='bbox 3021 782 3135 820; x_wconf 89' lang='lat' dir='ltr'>non</span> <span class='ocrx_word' id='word_1_119' title='bbox 3166 764 3551 821; x_wconf 83' lang='lat' dir='ltr'>intellexisset</span> <span class='ocrx_word' id='word_1_120' title='bbox 3583 767 3894 836; x_wconf 83' lang='lat' dir='ltr'>interpres,</span> 
     </span>
    </p>
   </div>
   <div class='ocr_carea' id='block_1_21' title="bbox 2241 850 3898 928">
    <p class='ocr_par' dir='ltr' id='par_1_21' title="bbox 2241 850 3898 928">
     <span class='ocr_line' id='line_1_21' title="bbox 2241 850 3898 928; baseline 0.002 -23"><span class='ocrx_word' id='word_1_121' title='bbox 2241 850 2414 906; x_wconf 62' lang='grc' dir='ltr'>πολὺν</span> <span class='ocrx_word' id='word_1_122' title='bbox 2465 853 2563 921; x_wconf 71' lang='grc' dir='ltr'>τὴν</span> <span class='ocrx_word' id='word_1_123' title='bbox 2603 851 2874 928; x_wconf 82' lang='grc' dir='ltr'>γλῶτταν,</span> <span class='ocrx_word' id='word_1_124' title='bbox 2933 855 3216 909; x_wconf 86' lang='lat' dir='ltr'>verbosum</span> <span class='ocrx_word' id='word_1_125' title='bbox 3265 854 3537 909; x_wconf 88' lang='lat' dir='ltr'>reddidit.</span> <span class='ocrx_word' id='word_1_126' title='bbox 3570 857 3766 926; x_wconf 87' lang='lat' dir='ltr'>Apage</span> <span class='ocrx_word' id='word_1_127' title='bbox 3808 871 3898 909; x_wconf 85' lang='lat' dir='ltr'>sa-</span> 
     </span>
    </p>
   </div>
   <div class='ocr_carea' id='block_1_22' title="bbox 2244 942 3897 1014">
    <p class='ocr_par' dir='ltr' id='par_1_22' title="bbox 2244 942 3897 1014">
     <span class='ocr_line' id='line_1_22' title="bbox 2244 942 3897 1014; baseline 0.001 -18"><span class='ocrx_word' id='word_1_128' title='bbox 2244 943 2675 1014; x_wconf 89' lang='lat' dir='ltr'>pientissimum</span> <span class='ocrx_word' id='word_1_129' title='bbox 2709 943 2914 1007; x_wconf 82' lang='lat' dir='ltr'>istum,</span> <span class='ocrx_word' id='word_1_130' title='bbox 2946 944 2996 999; x_wconf 93' lang='lat' dir='ltr'>si</span> <span class='ocrx_word' id='word_1_131' title='bbox 3056 943 3356 999; x_wconf 90' lang='lat' dir='ltr'>verbosus</span> <span class='ocrx_word' id='word_1_132' title='bbox 3387 948 3496 1006; x_wconf 88' lang='lat' dir='ltr'>est,</span> <span class='ocrx_word' id='word_1_133' title='bbox 3554 942 3735 997; x_wconf 76' lang='lat' dir='ltr'>Graeci</span> <span class='ocrx_word' id='word_1_134' title='bbox 3762 959 3897 997; x_wconf 89' lang='lat' dir='ltr'>cum</span> 
     </span>
    </p>
   </div>
   <div class='ocr_carea' id='block_1_23' title="bbox 2245 1031 3897 1103">
    <p class='ocr_par' dir='ltr' id='par_1_23' title="bbox 2245 1031 3897 1103">
     <span class='ocr_line' id='line_1_23' title="bbox 2245 1031 3897 1103; baseline -0.001 -16"><span class='ocrx_word' id='word_1_135' title='bbox 2245 1032 2661 1088; x_wconf 84' lang='lat' dir='ltr'>admirandum</span> <span class='ocrx_word' id='word_1_136' title='bbox 2692 1032 2972 1103; x_wconf 87' lang='lat' dir='ltr'>aliquem,</span> <span class='ocrx_word' id='word_1_137' title='bbox 2997 1047 3103 1087; x_wconf 91' lang='lat' dir='ltr'>nec</span> <span class='ocrx_word' id='word_1_138' title='bbox 3133 1048 3269 1086; x_wconf 90' lang='lat' dir='ltr'>cum</span> <span class='ocrx_word' id='word_1_139' title='bbox 3294 1031 3637 1103; x_wconf 86' lang='lat' dir='ltr'>vulgaribus</span> <span class='ocrx_word' id='word_1_140' title='bbox 3660 1048 3897 1102; x_wconf 87' lang='lat' dir='ltr'>compa-</span> 
     </span>
    </p>
   </div>
   <div class='ocr_carea' id='block_1_24' title="bbox 2247 1116 3898 1190">
    <p class='ocr_par' dir='ltr' id='par_1_24' title="bbox 2247 1116 3898 1190">
     <span class='ocr_line' id='line_1_24' title="bbox 2247 1116 3898 1190; baseline -0.001 -15"><span class='ocrx_word' id='word_1_141' title='bbox 2247 1121 2494 1175; x_wconf 88' lang='lat' dir='ltr'>randum</span> <span class='ocrx_word' id='word_1_142' title='bbox 2526 1120 2805 1190; x_wconf 88' lang='lat' dir='ltr'>innuunt,</span> <span class='ocrx_word' id='word_1_143' title='bbox 2837 1121 3089 1177; x_wconf 90' lang='lat' dir='ltr'>dictione</span> <span class='ocrx_word' id='word_1_144' title='bbox 3117 1119 3215 1175; x_wconf 86' lang='lat' dir='ltr'>illa</span> <span class='ocrx_word' id='word_1_145' title='bbox 3236 1116 3410 1180; x_wconf 79' lang='grc' dir='ltr'>πολὺς</span> <span class='ocrx_word' id='word_1_146' title='bbox 3452 1125 3719 1176; x_wconf 88' lang='lat' dir='ltr'>utuntur.</span> <span class='ocrx_word' id='word_1_147' title='bbox 3757 1120 3898 1174; x_wconf 86' lang='lat' dir='ltr'>Hinc</span> 
     </span>
    </p>
   </div>
   <div class='ocr_carea' id='block_1_25' title="bbox 2249 1209 3898 1281">
    <p class='ocr_par' dir='ltr' id='par_1_25' title="bbox 2249 1209 3898 1281">
     <span class='ocr_line' id='line_1_25' title="bbox 2249 1209 3898 1281; baseline 0.001 -18"><span class='ocrx_word' id='word_1_148' title='bbox 2249 1210 2556 1281; x_wconf 87' lang='lat' dir='ltr'>aptissime</span> <span class='ocrx_word' id='word_1_149' title='bbox 2576 1211 2820 1279; x_wconf 89' lang='lat' dir='ltr'>diceres,</span> <span class='ocrx_word' id='word_1_150' title='bbox 2841 1214 2897 1266; x_wconf 86' lang='lat' dir='ltr'>et</span> <span class='ocrx_word' id='word_1_151' title='bbox 2914 1211 2985 1265; x_wconf 91' lang='lat' dir='ltr'>ad</span> <span class='ocrx_word' id='word_1_152' title='bbox 3012 1211 3211 1265; x_wconf 66' lang='lat' dir='ltr'>Attice</span> <span class='ocrx_word' id='word_1_153' title='bbox 3232 1209 3578 1281; x_wconf 66' lang='lat' dir='ltr'>eloquentia</span> <span class='ocrx_word' id='word_1_154' title='bbox 3606 1226 3898 1277; x_wconf 90' lang='lat' dir='ltr'>normam,</span> 
     </span>
    </p>
   </div>
   <div class='ocr_carea' id='block_1_26' title="bbox 2250 1297 3899 1373">
    <p class='ocr_par' dir='ltr' id='par_1_26' title="bbox 2250 1297 3899 1373">
     <span class='ocr_line' id='line_1_26' title="bbox 2250 1297 3899 1373; baseline -0.001 -19"><span class='ocrx_word' id='word_1_155' title='bbox 2250 1297 2433 1359; x_wconf 76' lang='grc' dir='ltr'>Πολὺς</span> <span class='ocrx_word' id='word_1_156' title='bbox 2462 1298 2530 1351; x_wconf 74' lang='grc' dir='ltr'>τὰ</span> <span class='ocrx_word' id='word_1_157' title='bbox 2561 1304 2675 1361; x_wconf 79' lang='grc' dir='ltr'>θεῖα</span> <span class='ocrx_word' id='word_1_158' title='bbox 2694 1299 3014 1373; x_wconf 73' lang='grc' dir='ltr'>Γρηγόριος,</span> <span class='ocrx_word' id='word_1_159' title='bbox 3034 1301 3241 1355; x_wconf 76' lang='lat' dir='ltr'>eximie</span> <span class='ocrx_word' id='word_1_160' title='bbox 3267 1309 3485 1354; x_wconf 87' lang='lat' dir='ltr'>sanctus</span> <span class='ocrx_word' id='word_1_161' title='bbox 3506 1298 3579 1369; x_wconf 90' lang='lat'>(0)</span> <span class='ocrx_word' id='word_1_162' title='bbox 3612 1298 3899 1368; x_wconf 71' lang='lat' dir='ltr'>Gregorius</span> 
     </span>
    </p>
   </div>
   <div class='ocr_carea' id='block_1_27' title="bbox 2256 1386 3898 1462">
    <p class='ocr_par' dir='ltr' id='par_1_27' title="bbox 2256 1386 3898 1462">
     <span class='ocr_line' id='line_1_27' title="bbox 2256 1386 3898 1462; baseline -0.001 -19"><span class='ocrx_word' id='word_1_163' title='bbox 2256 1386 2433 1448; x_wconf 72' lang='grc' dir='ltr'>Ηολὺς</span> <span class='ocrx_word' id='word_1_164' title='bbox 2463 1388 2563 1455; x_wconf 79' lang='grc' dir='ltr'>τήν</span> <span class='ocrx_word' id='word_1_165' title='bbox 2595 1386 2739 1441; x_wconf 78' lang='grc' dir='ltr'>θείαν</span> <span class='ocrx_word' id='word_1_166' title='bbox 2774 1389 2991 1462; x_wconf 71' lang='grc' dir='ltr'>Γραφήν</span> <span class='ocrx_word' id='word_1_167' title='bbox 3044 1387 3290 1444; x_wconf 82' lang='lat' dir='ltr'>Michael</span> <span class='ocrx_word' id='word_1_168' title='bbox 3332 1386 3678 1454; x_wconf 89' lang='lat' dir='ltr'>Ghislerius,</span> <span class='ocrx_word' id='word_1_169' title='bbox 3725 1388 3898 1442; x_wconf 76' lang='lat' dir='ltr'>Disci-</span> 
     </span>
    </p>
   </div>
   <div class='ocr_carea' id='block_1_28' title="bbox 2246 1477 3901 1549">
    <p class='ocr_par' dir='ltr' id='par_1_28' title="bbox 2246 1477 3901 1549">
     <span class='ocr_line' id='line_1_28' title="bbox 2246 1477 3901 1549; baseline -0.001 -17"><span class='ocrx_word' id='word_1_170' title='bbox 2246 1480 2407 1549; x_wconf 83' lang='lat' dir='ltr'>plina</span> <span class='ocrx_word' id='word_1_171' title='bbox 2435 1494 2625 1533; x_wconf 83' lang='lat' dir='ltr'>rerum</span> <span class='ocrx_word' id='word_1_172' title='bbox 2654 1480 2976 1533; x_wconf 83' lang='lat' dir='ltr'>divinarum</span> <span class='ocrx_word' id='word_1_173' title='bbox 2996 1477 3496 1544; x_wconf 84' lang='lat' dir='ltr'>eruditissimus,et</span> <span class='ocrx_word' id='word_1_174' title='bbox 3516 1478 3901 1547; x_wconf 86' lang='lat' dir='ltr'>ingenio,pru-</span> 
     </span>
    </p>
   </div>
   <div class='ocr_carea' id='block_1_29' title="bbox 2249 1566 3897 1637">
    <p class='ocr_par' dir='ltr' id='par_1_29' title="bbox 2249 1566 3897 1637">
     <span class='ocr_line' id='line_1_29' title="bbox 2249 1566 3897 1637; baseline 0 -16"><span class='ocrx_word' id='word_1_175' title='bbox 2249 1568 2542 1637; x_wconf 87' lang='lat' dir='ltr'>dentiaque</span> <span class='ocrx_word' id='word_1_176' title='bbox 2572 1569 2633 1622; x_wconf 88' lang='lat' dir='ltr'>in</span> <span class='ocrx_word' id='word_1_177' title='bbox 2659 1568 2840 1622; x_wconf 85' lang='lat' dir='ltr'>sacris</span> <span class='ocrx_word' id='word_1_178' title='bbox 2870 1568 3093 1622; x_wconf 75' lang='lat' dir='ltr'>Litteris</span> <span class='ocrx_word' id='word_1_179' title='bbox 3112 1566 3449 1637; x_wconf 74' lang='lat' dir='ltr'>exponendis</span> <span class='ocrx_word' id='word_1_180' title='bbox 3493 1568 3897 1621; x_wconf 86' lang='lat' dir='ltr'>accutissimus.</span> 
     </span>
    </p>
   </div>
   <div class='ocr_carea' id='block_1_30' title="bbox 2252 1651 3904 1731">
    <p class='ocr_par' dir='ltr' id='par_1_30' title="bbox 2252 1651 3904 1731">
     <span class='ocr_line' id='line_1_30' title="bbox 2252 1651 3904 1731; baseline 0.001 -23"><span class='ocrx_word' id='word_1_181' title='bbox 2252 1652 2430 1715; x_wconf 81' lang='grc' dir='ltr'>Πολὺς</span> <span class='ocrx_word' id='word_1_182' title='bbox 2459 1655 2559 1721; x_wconf 82' lang='grc' dir='ltr'>τήν</span> <span class='ocrx_word' id='word_1_183' title='bbox 2605 1651 2928 1731; x_wconf 77' lang='grc' dir='ltr'>φιλοσοφίαν</span> <span class='ocrx_word' id='word_1_184' title='bbox 2976 1655 3292 1710; x_wconf 88' lang='lat' dir='ltr'>Fortunius</span> <span class='ocrx_word' id='word_1_185' title='bbox 3344 1654 3592 1711; x_wconf 89' lang='lat' dir='ltr'>Licetus.</span> <span class='ocrx_word' id='word_1_186' title='bbox 3632 1655 3773 1719; x_wconf 81' lang='lat' dir='ltr'>Illis,</span> <span class='ocrx_word' id='word_1_187' title='bbox 3806 1657 3904 1727; x_wconf 88' lang='lat' dir='ltr'>qui</span> 
     </span>
    </p>
   </div>
   <div class='ocr_carea' id='block_1_31' title="bbox 2252 1744 3903 1815">
    <p class='ocr_par' dir='ltr' id='par_1_31' title="bbox 2252 1744 3903 1815">
     <span class='ocr_line' id='line_1_31' title="bbox 2252 1744 3903 1815; baseline -0.001 -16"><span class='ocrx_word' id='word_1_188' title='bbox 2252 1745 2322 1799; x_wconf 89' lang='lat' dir='ltr'>ad</span> <span class='ocrx_word' id='word_1_189' title='bbox 2376 1744 2784 1815; x_wconf 77' lang='lat' dir='ltr'>philosophiam</span> <span class='ocrx_word' id='word_1_190' title='bbox 2838 1748 3114 1815; x_wconf 78' lang='lat' dir='ltr'>spectant,</span> <span class='ocrx_word' id='word_1_191' title='bbox 3169 1760 3335 1815; x_wconf 88' lang='lat' dir='ltr'>quam</span> <span class='ocrx_word' id='word_1_192' title='bbox 3381 1745 3625 1798; x_wconf 75' lang='lat' dir='ltr'>maxime</span> <span class='ocrx_word' id='word_1_193' title='bbox 3653 1747 3851 1811; x_wconf 84' lang='lat' dir='ltr'>potens</span> <span class='ocrx_word' id='word_1_194' title='bbox 3882 1761 3903 1797; x_wconf 92' lang='lat'><strong><em>:</em></strong></span> 
     </span>
    </p>
   </div>
   <div class='ocr_carea' id='block_1_32' title="bbox 2248 1832 3902 1906">
    <p class='ocr_par' dir='ltr' id='par_1_32' title="bbox 2248 1832 3902 1906">
     <span class='ocr_line' id='line_1_32' title="bbox 2248 1832 3902 1906; baseline 0.001 -18"><span class='ocrx_word' id='word_1_195' title='bbox 2248 1836 2414 1905; x_wconf 82' lang='lat' dir='ltr'>pauci</span> <span class='ocrx_word' id='word_1_196' title='bbox 2438 1839 2498 1887; x_wconf 93' lang='lat' dir='ltr'>ut</span> <span class='ocrx_word' id='word_1_197' title='bbox 2518 1835 2630 1889; x_wconf 87' lang='lat' dir='ltr'>sint</span> <span class='ocrx_word' id='word_1_198' title='bbox 2651 1834 2749 1904; x_wconf 89' lang='lat' dir='ltr'>qui</span> <span class='ocrx_word' id='word_1_199' title='bbox 2786 1835 2951 1889; x_wconf 86' lang='lat' dir='ltr'>tantis</span> <span class='ocrx_word' id='word_1_200' title='bbox 2982 1832 3096 1906; x_wconf 84' lang='grc'>[21]</span> <span class='ocrx_word' id='word_1_201' title='bbox 3120 1833 3486 1904; x_wconf 60' lang='lat' dir='ltr'>philosophia:</span> <span class='ocrx_word' id='word_1_202' title='bbox 3512 1832 3726 1889; x_wconf 87' lang='lat' dir='ltr'>dotibus</span> <span class='ocrx_word' id='word_1_203' title='bbox 3753 1848 3902 1904; x_wconf 73' lang='lat' dir='ltr'>pra:-</span> 
     </span>
    </p>
   </div>
   <div class='ocr_carea' id='block_1_33' title="bbox 493 1918 2149 2017">
    <p class='ocr_par' dir='ltr' id='par_1_33' title="bbox 493 1920 2142 1995">
     <span class='ocr_line' id='line_1_33' title="bbox 493 1920 2142 1995; baseline -0.004 -15"><span class='ocrx_word' id='word_1_204' title='bbox 493 1928 716 1991; x_wconf 89' lang='lat' dir='ltr'>nareto,</span> <span class='ocrx_word' id='word_1_205' title='bbox 752 1924 852 1995; x_wconf 87' lang='lat' dir='ltr'>qui</span> <span class='ocrx_word' id='word_1_206' title='bbox 876 1922 1026 1977; x_wconf 91' lang='lat' dir='ltr'>dicto</span> <span class='ocrx_word' id='word_1_207' title='bbox 1058 1927 1115 1977; x_wconf 91' lang='lat' dir='ltr'>et</span> <span class='ocrx_word' id='word_1_208' title='bbox 1136 1923 1351 1993; x_wconf 90' lang='lat' dir='ltr'>scripto</span> <span class='ocrx_word' id='word_1_209' title='bbox 1375 1922 1613 1976; x_wconf 86' lang='lat' dir='ltr'>Lainam</span> <span class='ocrx_word' id='word_1_210' title='bbox 1638 1920 1956 1976; x_wconf 86' lang='lat' dir='ltr'>Ecclesiam</span> <span class='ocrx_word' id='word_1_211' title='bbox 1988 1920 2142 1974; x_wconf 91' lang='lat' dir='ltr'>inse-</span> 
     </span>
    </p>
   </div>
   <div class='ocr_carea' id='block_1_34' title="bbox 2261 1918 3905 2017">
    <p class='ocr_par' dir='ltr' id='par_1_34' title="bbox 2261 1918 3905 1993">
     <span class='ocr_line' id='line_1_34' title="bbox 2261 1918 3905 1993; baseline -0.002 -15"><span class='ocrx_word' id='word_1_212' title='bbox 2261 1923 2361 1978; x_wconf 68' lang='grc' dir='ltr'>11ιί</span> <span class='ocrx_word' id='word_1_213' title='bbox 2382 1924 2511 1977; x_wconf 87' lang='lat' dir='ltr'>sint.</span> <span class='ocrx_word' id='word_1_214' title='bbox 2549 1918 2727 1982; x_wconf 79' lang='grc' dir='ltr'>Πολὺς</span> <span class='ocrx_word' id='word_1_215' title='bbox 2758 1920 2823 1974; x_wconf 68' lang='grc' dir='ltr'>τὰ</span> <span class='ocrx_word' id='word_1_216' title='bbox 2852 1920 3209 1993; x_wconf 77' lang='grc' dir='ltr'>μαθηματικὰ</span> <span class='ocrx_word' id='word_1_217' title='bbox 3228 1922 3432 1977; x_wconf 79' lang='lat' dir='ltr'>Petrus</span> <span class='ocrx_word' id='word_1_218' title='bbox 3455 1921 3817 1989; x_wconf 88' lang='lat' dir='ltr'>Gassendus,</span> <span class='ocrx_word' id='word_1_219' title='bbox 3843 1924 3905 1976; x_wconf 81' lang='lat' dir='ltr'>in</span> 
     </span>
    </p>
   </div>
   <div class='ocr_carea' id='block_1_35' title="bbox 495 2006 2144 2086">
    <p class='ocr_par' dir='ltr' id='par_1_35' title="bbox 495 2006 2144 2086">
     <span class='ocr_line' id='line_1_35' title="bbox 495 2006 2144 2086; baseline -0.005 -18"><span class='ocrx_word' id='word_1_220' title='bbox 495 2012 634 2068; x_wconf 89' lang='lat' dir='ltr'>ctati</span> <span class='ocrx_word' id='word_1_221' title='bbox 667 2017 824 2067; x_wconf 89' lang='lat' dir='ltr'>sunt.</span> <span class='ocrx_word' id='word_1_222' title='bbox 862 2010 956 2065; x_wconf 77' lang='grc' dir='ltr'>Καὶ</span> <span class='ocrx_word' id='word_1_223' title='bbox 988 2009 1049 2063; x_wconf 73' lang='grc' dir='ltr'>σὺ</span> <span class='ocrx_word' id='word_1_224' title='bbox 1088 2010 1180 2083; x_wconf 68' lang='grc' dir='ltr'>μὲν</span> <span class='ocrx_word' id='word_1_225' title='bbox 1211 2010 1509 2086; x_wconf 64' lang='grc' dir='ltr'>συνήιρθης,</span> <span class='ocrx_word' id='word_1_226' title='bbox 1542 2009 1617 2069; x_wconf 83' lang='grc' dir='ltr'>ὡς</span> <span class='ocrx_word' id='word_1_227' title='bbox 1649 2009 1780 2083; x_wconf 72' lang='grc' dir='ltr'>φὴς,</span> <span class='ocrx_word' id='word_1_228' title='bbox 1810 2012 1927 2069; x_wconf 85' lang='grc' dir='ltr'>τοῖς</span> <span class='ocrx_word' id='word_1_229' title='bbox 1973 2006 2144 2081; x_wconf 78' lang='grc' dir='ltr'>ἁγίοις</span> 
     </span>
    </p>
   </div>
   <div class='ocr_carea' id='block_1_36' title="bbox 497 2094 2145 2173">
    <p class='ocr_par' dir='ltr' id='par_1_36' title="bbox 497 2094 2145 2173">
     <span class='ocr_line' id='line_1_36' title="bbox 497 2094 2145 2173; baseline -0.002 -20"><span class='ocrx_word' id='word_1_230' title='bbox 497 2120 593 2153; x_wconf 81' lang='grc' dir='ltr'>σου</span> <span class='ocrx_word' id='word_1_231' title='bbox 649 2099 941 2173; x_wconf 79' lang='grc' dir='ltr'>Ηατροὶσιν,</span> <span class='ocrx_word' id='word_1_232' title='bbox 1000 2098 1088 2153; x_wconf 77' lang='grc' dir='ltr'>καὶ</span> <span class='ocrx_word' id='word_1_233' title='bbox 1157 2094 1506 2158; x_wconf 71' lang='grc' dir='ltr'>διδασκάλοις</span> <span class='ocrx_word' id='word_1_234' title='bbox 1566 2095 1767 2169; x_wconf 84' lang='grc' dir='ltr'>Φωτίῳ</span> <span class='ocrx_word' id='word_1_235' title='bbox 1817 2101 1895 2168; x_wconf 77' lang='grc' dir='ltr'>τῷ</span> <span class='ocrx_word' id='word_1_236' title='bbox 1943 2096 2145 2171; x_wconf 74' lang='grc' dir='ltr'>πρώτῳ</span> 
     </span>
    </p>
   </div>
   <div class='ocr_carea' id='block_1_37' title="bbox 499 2183 2147 2263">
    <p class='ocr_par' dir='ltr' id='par_1_37' title="bbox 499 2183 2147 2263">
     <span class='ocr_line' id='line_1_37' title="bbox 499 2183 2147 2263; baseline -0.004 -21"><span class='ocrx_word' id='word_1_237' title='bbox 499 2192 867 2263; x_wconf 70' lang='grc' dir='ltr'>σχισματικῷ,</span> <span class='ocrx_word' id='word_1_238' title='bbox 907 2186 1119 2260; x_wconf 76' lang='grc' dir='ltr'>μᾶλλον</span> <span class='ocrx_word' id='word_1_239' title='bbox 1145 2184 1202 2241; x_wconf 73' lang='grc' dir='ltr'>δὲ</span> <span class='ocrx_word' id='word_1_240' title='bbox 1232 2186 1536 2261; x_wconf 78' lang='grc' dir='ltr'>αὐτουργῷ,</span> <span class='ocrx_word' id='word_1_241' title='bbox 1562 2188 1674 2259; x_wconf 70' lang='grc'>[⁸20]</span> <span class='ocrx_word' id='word_1_242' title='bbox 1705 2186 1793 2239; x_wconf 79' lang='grc' dir='ltr'>καὶ</span> <span class='ocrx_word' id='word_1_243' title='bbox 1826 2183 2147 2261; x_wconf 75' lang='grc' dir='ltr'>δημιουργῷ</span> 
     </span>
    </p>
   </div>
   <div class='ocr_carea' id='block_1_38' title="bbox 494 2268 2147 2351">
    <p class='ocr_par' dir='ltr' id='par_1_38' title="bbox 494 2268 2147 2351">
     <span class='ocr_line' id='line_1_38' title="bbox 494 2268 2147 2351; baseline -0.003 -20"><span class='ocrx_word' id='word_1_244' title='bbox 494 2282 591 2331; x_wconf 64' lang='lat' dir='ltr'>to?)</span> <span class='ocrx_word' id='word_1_245' title='bbox 618 2274 951 2351; x_wconf 79' lang='grc' dir='ltr'>σχίσματος,</span> <span class='ocrx_word' id='word_1_246' title='bbox 986 2274 1077 2329; x_wconf 85' lang='grc' dir='ltr'>καὶ</span> <span class='ocrx_word' id='word_1_247' title='bbox 1124 2281 1224 2344; x_wconf 80' lang='grc' dir='ltr'>τῆς</span> <span class='ocrx_word' id='word_1_248' title='bbox 1256 2272 1587 2346; x_wconf 73' lang='grc' dir='ltr'>διαιρέσεως,</span> <span class='ocrx_word' id='word_1_249' title='bbox 1623 2268 1926 2344; x_wconf 76' lang='grc' dir='ltr'>Καϐασίλᾳ,</span> <span class='ocrx_word' id='word_1_250' title='bbox 1962 2273 2147 2330; x_wconf 82' lang='grc' dir='ltr'>Παλα-</span> 
     </span>
    </p>
   </div>
   <div class='ocr_carea' id='block_1_39' title="bbox 501 2361 2146 2440">
    <p class='ocr_par' dir='ltr' id='par_1_39' title="bbox 501 2361 2146 2440">
     <span class='ocr_line' id='line_1_39' title="bbox 501 2361 2146 2440; baseline -0.003 -20"><span class='ocrx_word' id='word_1_251' title='bbox 501 2371 595 2439; x_wconf 79' lang='grc' dir='ltr'>μᾷ,</span> <span class='ocrx_word' id='word_1_252' title='bbox 678 2369 1036 2440; x_wconf 74' lang='grc' dir='ltr'>Καματηρῷ,</span> <span class='ocrx_word' id='word_1_253' title='bbox 1099 2367 1317 2438; x_wconf 77' lang='grc' dir='ltr'>Φουρνῇ</span> <span class='ocrx_word' id='word_1_254' title='bbox 1353 2412 1367 2435; x_wconf 78' lang='grc'>,</span> <span class='ocrx_word' id='word_1_255' title='bbox 1428 2361 1657 2435; x_wconf 78' lang='grc' dir='ltr'>Ψελλῷ,</span> <span class='ocrx_word' id='word_1_256' title='bbox 1718 2362 2094 2438; x_wconf 73' lang='grc' dir='ltr'>Μοσχάμπαρι</span> <span class='ocrx_word' id='word_1_257' title='bbox 2132 2407 2146 2430; x_wconf 95' lang='grc'>,</span> 
     </span>
    </p>
   </div>
   <div class='ocr_carea' id='block_1_40' title="bbox 497 2450 2148 2530">
    <p class='ocr_par' dir='ltr' id='par_1_40' title="bbox 497 2450 2148 2530">
     <span class='ocr_line' id='line_1_40' title="bbox 497 2450 2148 2530; baseline -0.003 -21"><span class='ocrx_word' id='word_1_258' title='bbox 497 2453 820 2530; x_wconf 76' lang='grc' dir='ltr'>Βουλγαρίᾳ,</span> <span class='ocrx_word' id='word_1_259' title='bbox 870 2450 1136 2526; x_wconf 82' lang='grc' dir='ltr'>Νικολάῳ</span> <span class='ocrx_word' id='word_1_260' title='bbox 1193 2455 1475 2524; x_wconf 79' lang='grc' dir='ltr'>Μεθώνης,</span> <span class='ocrx_word' id='word_1_261' title='bbox 1530 2453 1840 2527; x_wconf 75' lang='grc' dir='ltr'>Παναρὲτῳ,</span> <span class='ocrx_word' id='word_1_262' title='bbox 1892 2453 1978 2506; x_wconf 79' lang='grc' dir='ltr'>καὶ</span> <span class='ocrx_word' id='word_1_263' title='bbox 2033 2456 2148 2513; x_wconf 85' lang='grc' dir='ltr'>τοῖς</span> 
     </span>
    </p>
   </div>
   <div class='ocr_carea' id='block_1_41' title="bbox 497 2535 2148 2618">
    <p class='ocr_par' dir='ltr' id='par_1_41' title="bbox 497 2535 2148 2618">
     <span class='ocr_line' id='line_1_41' title="bbox 497 2535 2148 2618; baseline -0.002 -21"><span class='ocrx_word' id='word_1_264' title='bbox 497 2541 717 2605; x_wconf 80' lang='grc' dir='ltr'>λοιποῖς</span> <span class='ocrx_word' id='word_1_265' title='bbox 765 2546 881 2603; x_wconf 76' lang='grc' dir='ltr'>τοῖς</span> <span class='ocrx_word' id='word_1_266' title='bbox 936 2542 1071 2615; x_wconf 79' lang='grc' dir='ltr'>μετὰ</span> <span class='ocrx_word' id='word_1_267' title='bbox 1119 2543 1180 2597; x_wconf 82' lang='grc' dir='ltr'>τὸ</span> <span class='ocrx_word' id='word_1_268' title='bbox 1233 2543 1465 2618; x_wconf 78' lang='grc' dir='ltr'>σχίσμα,</span> <span class='ocrx_word' id='word_1_269' title='bbox 1514 2541 1602 2596; x_wconf 75' lang='grc' dir='ltr'>καὶ</span> <span class='ocrx_word' id='word_1_270' title='bbox 1641 2543 1740 2610; x_wconf 77' lang='grc' dir='ltr'>τήν</span> <span class='ocrx_word' id='word_1_271' title='bbox 1792 2539 2010 2610; x_wconf 78' lang='grc' dir='ltr'>πολλὴν</span> <span class='ocrx_word' id='word_1_272' title='bbox 2040 2535 2148 2615; x_wconf 76' lang='grc' dir='ltr'>ἔριν</span> 
     </span>
    </p>
   </div>
   <div class='ocr_carea' id='block_1_42' title="bbox 496 2630 2153 2704">
    <p class='ocr_par' dir='ltr' id='par_1_42' title="bbox 496 2630 2153 2704">
     <span class='ocr_line' id='line_1_42' title="bbox 496 2630 2153 2704; baseline -0.001 -17"><span class='ocrx_word' id='word_1_273' title='bbox 496 2633 632 2687; x_wconf 71' lang='grc' dir='ltr'>κατὰ</span> <span class='ocrx_word' id='word_1_274' title='bbox 708 2638 809 2701; x_wconf 79' lang='grc' dir='ltr'>τῆς</span> <span class='ocrx_word' id='word_1_275' title='bbox 856 2632 1173 2704; x_wconf 79' lang='grc' dir='ltr'>Ῥωμαῖκῆς</span> <span class='ocrx_word' id='word_1_276' title='bbox 1250 2630 1583 2702; x_wconf 76' lang='grc' dir='ltr'>Ἐκκλησίας</span> <span class='ocrx_word' id='word_1_277' title='bbox 1680 2630 1913 2685; x_wconf 78' lang='grc' dir='ltr'>εἰποῦσι.</span> <span class='ocrx_word' id='word_1_278' title='bbox 1971 2632 2035 2686; x_wconf 87' lang='lat' dir='ltr'>Et</span> <span class='ocrx_word' id='word_1_279' title='bbox 2093 2639 2153 2685; x_wconf 89' lang='lat' dir='ltr'>tu</span> 
     </span>
    </p>
   </div>
   <div class='ocr_carea' id='block_1_43' title="bbox 497 2720 2149 2795">
    <p class='ocr_par' dir='ltr' id='par_1_43' title="bbox 497 2720 2149 2795">
     <span class='ocr_line' id='line_1_43' title="bbox 497 2720 2149 2795; baseline -0.002 -16"><span class='ocrx_word' id='word_1_280' title='bbox 497 2723 739 2795; x_wconf 86' lang='lat' dir='ltr'>quidem,</span> <span class='ocrx_word' id='word_1_281' title='bbox 779 2726 838 2777; x_wconf 90' lang='lat' dir='ltr'>ut</span> <span class='ocrx_word' id='word_1_282' title='bbox 887 2724 994 2791; x_wconf 92' lang='lat' dir='ltr'>ais,</span> <span class='ocrx_word' id='word_1_283' title='bbox 1027 2724 1233 2777; x_wconf 77' lang='lat' dir='ltr'>sanctis</span> <span class='ocrx_word' id='word_1_284' title='bbox 1282 2724 1394 2776; x_wconf 89' lang='lat' dir='ltr'>tuis</span> <span class='ocrx_word' id='word_1_285' title='bbox 1443 2722 1704 2776; x_wconf 88' lang='lat' dir='ltr'>Patribus</span> <span class='ocrx_word' id='word_1_286' title='bbox 1741 2737 1806 2775; x_wconf 90' lang='lat' dir='ltr'>ac</span> <span class='ocrx_word' id='word_1_287' title='bbox 1833 2720 2149 2776; x_wconf 87' lang='lat' dir='ltr'>doctoribus</span> 
     </span>
    </p>
   </div>
   <div class='ocr_carea' id='block_1_44' title="bbox 502 2811 2150 2885">
    <p class='ocr_par' dir='ltr' id='par_1_44' title="bbox 502 2811 2150 2885">
     <span class='ocr_line' id='line_1_44' title="bbox 502 2811 2150 2885; baseline -0.002 -17"><span class='ocrx_word' id='word_1_288' title='bbox 502 2819 553 2868; x_wconf 88' lang='lat' dir='ltr'>te</span> <span class='ocrx_word' id='word_1_289' title='bbox 579 2812 909 2885; x_wconf 74' lang='lat' dir='ltr'>adjunxisti,</span> <span class='ocrx_word' id='word_1_290' title='bbox 962 2811 1152 2867; x_wconf 86' lang='lat' dir='ltr'>Photio</span> <span class='ocrx_word' id='word_1_291' title='bbox 1190 2812 1670 2866; x_wconf 84' lang='lat' dir='ltr'>schismaticorum</span> <span class='ocrx_word' id='word_1_292' title='bbox 1720 2811 1990 2881; x_wconf 84' lang='lat' dir='ltr'>principi,</span> <span class='ocrx_word' id='word_1_293' title='bbox 2042 2812 2150 2865; x_wconf 89' lang='lat' dir='ltr'>imo</span> 
     </span>
    </p>
   </div>
   <div class='ocr_carea' id='block_1_45' title="bbox 501 2898 2150 2971">
    <p class='ocr_par' dir='ltr' id='par_1_45' title="bbox 501 2898 2150 2971">
     <span class='ocr_line' id='line_1_45' title="bbox 501 2898 2150 2971; baseline -0.003 -14"><span class='ocrx_word' id='word_1_294' title='bbox 501 2918 629 2957; x_wconf 77' lang='lat' dir='ltr'>vero</span> <span class='ocrx_word' id='word_1_295' title='bbox 658 2902 890 2966; x_wconf 89' lang='lat' dir='ltr'>auctori,</span> <span class='ocrx_word' id='word_1_296' title='bbox 922 2908 974 2956; x_wconf 89' lang='lat' dir='ltr'>et</span> <span class='ocrx_word' id='word_1_297' title='bbox 1007 2900 1195 2971; x_wconf 81' lang='lat' dir='ltr'>opiﬁci</span> <span class='ocrx_word' id='word_1_298' title='bbox 1216 2900 1555 2969; x_wconf 81' lang='lat' dir='ltr'>schismatis,</span> <span class='ocrx_word' id='word_1_299' title='bbox 1587 2908 1639 2954; x_wconf 89' lang='lat' dir='ltr'>et</span> <span class='ocrx_word' id='word_1_300' title='bbox 1670 2899 1892 2953; x_wconf 87' lang='lat' dir='ltr'>dissidii</span> <span class='ocrx_word' id='word_1_301' title='bbox 1926 2916 1939 2953; x_wconf 90' lang='lat'><strong>:</strong></span> <span class='ocrx_word' id='word_1_302' title='bbox 1978 2898 2150 2953; x_wconf 86' lang='lat' dir='ltr'>Caba-</span> 
     </span>
    </p>
   </div>
   <div class='ocr_carea' id='block_1_46' title="bbox 502 2987 2151 3062">
    <p class='ocr_par' dir='ltr' id='par_1_46' title="bbox 502 2987 2151 3062">
     <span class='ocr_line' id='line_1_46' title="bbox 502 2987 2151 3062; baseline -0.004 -15"><span class='ocrx_word' id='word_1_303' title='bbox 502 2992 645 3062; x_wconf 60' lang='lat' dir='ltr'>sitm,</span> <span class='ocrx_word' id='word_1_304' title='bbox 680 2991 990 3060; x_wconf 84' lang='lat' dir='ltr'>Camatero,</span> <span class='ocrx_word' id='word_1_305' title='bbox 1024 2989 1297 3054; x_wconf 87' lang='lat' dir='ltr'>Phurnio,</span> <span class='ocrx_word' id='word_1_306' title='bbox 1327 2988 1521 3054; x_wconf 87' lang='lat' dir='ltr'>Psello,</span> <span class='ocrx_word' id='word_1_307' title='bbox 1564 2988 1982 3052; x_wconf 82' lang='lat' dir='ltr'>Moschambari,</span> <span class='ocrx_word' id='word_1_308' title='bbox 2018 2987 2151 3041; x_wconf 88' lang='lat' dir='ltr'>Bul-</span> 
     </span>
    </p>
   </div>
   <div class='ocr_carea' id='block_1_47' title="bbox 501 3078 2154 3152">
    <p class='ocr_par' dir='ltr' id='par_1_47' title="bbox 501 3078 2154 3152">
     <span class='ocr_line' id='line_1_47' title="bbox 501 3078 2154 3152; baseline -0.002 -17"><span class='ocrx_word' id='word_1_309' title='bbox 501 3084 691 3152; x_wconf 76' lang='lat' dir='ltr'>gariae,</span> <span class='ocrx_word' id='word_1_310' title='bbox 723 3079 945 3135; x_wconf 88' lang='lat' dir='ltr'>Nicolao</span> <span class='ocrx_word' id='word_1_311' title='bbox 977 3079 1341 3146; x_wconf 84' lang='lat' dir='ltr'>Methonensi,</span> <span class='ocrx_word' id='word_1_312' title='bbox 1376 3079 1664 3144; x_wconf 87' lang='lat' dir='ltr'>Panareto,</span> <span class='ocrx_word' id='word_1_313' title='bbox 1699 3081 1749 3131; x_wconf 88' lang='lat' dir='ltr'>et</span> <span class='ocrx_word' id='word_1_314' title='bbox 1797 3078 2011 3133; x_wconf 70' lang='lat' dir='ltr'>caeteris</span> <span class='ocrx_word' id='word_1_315' title='bbox 2056 3078 2154 3147; x_wconf 86' lang='lat' dir='ltr'>qui</span> 
     </span>
    </p>
   </div>
   <div class='ocr_carea' id='block_1_48' title="bbox 504 3167 2153 3242">
    <p class='ocr_par' dir='ltr' id='par_1_48' title="bbox 504 3167 2153 3242">
     <span class='ocr_line' id='line_1_48' title="bbox 504 3167 2153 3242; baseline -0.004 -17"><span class='ocrx_word' id='word_1_316' title='bbox 504 3179 625 3242; x_wconf 87' lang='lat' dir='ltr'>post</span> <span class='ocrx_word' id='word_1_317' title='bbox 651 3171 912 3235; x_wconf 86' lang='lat' dir='ltr'>schisma,</span> <span class='ocrx_word' id='word_1_318' title='bbox 943 3176 992 3223; x_wconf 88' lang='lat' dir='ltr'>ct</span> <span class='ocrx_word' id='word_1_319' title='bbox 1023 3168 1257 3222; x_wconf 89' lang='lat' dir='ltr'>multam</span> <span class='ocrx_word' id='word_1_320' title='bbox 1307 3168 1713 3222; x_wconf 78' lang='lat' dir='ltr'>contentionem</span> <span class='ocrx_word' id='word_1_321' title='bbox 1744 3167 1801 3220; x_wconf 88' lang='lat' dir='ltr'>in</span> <span class='ocrx_word' id='word_1_322' title='bbox 1853 3168 2153 3220; x_wconf 82' lang='lat' dir='ltr'>Romanam</span> 
     </span>
    </p>
   </div>
   <div class='ocr_carea' id='block_1_49' title="bbox 500 3254 2150 3321">
    <p class='ocr_par' dir='ltr' id='par_1_49' title="bbox 500 3254 2150 3321">
     <span class='ocr_line' id='line_1_49' title="bbox 500 3254 2150 3321; baseline -0.003 -7"><span class='ocrx_word' id='word_1_323' title='bbox 500 3261 705 3314; x_wconf 86' lang='lat' dir='ltr'>invecti</span> <span class='ocrx_word' id='word_1_324' title='bbox 726 3266 854 3313; x_wconf 90' lang='lat' dir='ltr'>sunt</span> <span class='ocrx_word' id='word_1_325' title='bbox 876 3257 1192 3311; x_wconf 79' lang='lat' dir='ltr'>Ecclesium.</span> <span class='ocrx_word' id='word_1_326' title='bbox 1226 3256 1377 3311; x_wconf 89' lang='lat' dir='ltr'>Sane</span> <span class='ocrx_word' id='word_1_327' title='bbox 1402 3255 1609 3319; x_wconf 88' lang='lat' dir='ltr'>Photii,</span> <span class='ocrx_word' id='word_1_328' title='bbox 1643 3254 1947 3321; x_wconf 70' lang='lat' dir='ltr'>Cabasilaa,</span> <span class='ocrx_word' id='word_1_329' title='bbox 1980 3255 2150 3309; x_wconf 84' lang='lat' dir='ltr'>Pala-</span> 
     </span>
    </p>
   </div>
   <div class='ocr_carea' id='block_1_50' title="bbox 504 3343 2149 3416">
    <p class='ocr_par' dir='ltr' id='par_1_50' title="bbox 504 3343 2149 3416">
     <span class='ocr_line' id='line_1_50' title="bbox 504 3343 2149 3416; baseline -0.003 -13"><span class='ocrx_word' id='word_1_330' title='bbox 504 3366 633 3413; x_wconf 67' lang='lat' dir='ltr'>mae,</span> <span class='ocrx_word' id='word_1_331' title='bbox 659 3345 878 3402; x_wconf 80' lang='lat' dir='ltr'>Nicolai</span> <span class='ocrx_word' id='word_1_332' title='bbox 905 3345 1319 3410; x_wconf 81' lang='lat' dir='ltr'>Methonensis,</span> <span class='ocrx_word' id='word_1_333' title='bbox 1344 3346 1710 3416; x_wconf 89' lang='lat' dir='ltr'>aliorumque</span> <span class='ocrx_word' id='word_1_334' title='bbox 1732 3344 1790 3398; x_wconf 90' lang='lat' dir='ltr'>in</span> <span class='ocrx_word' id='word_1_335' title='bbox 1832 3343 2149 3398; x_wconf 87' lang='lat' dir='ltr'>Ecclesiam</span> 
     </span>
    </p>
   </div>
   <div class='ocr_carea' id='block_1_51' title="bbox 504 3432 2152 3505">
    <p class='ocr_par' dir='ltr' id='par_1_51' title="bbox 504 3432 2152 3505">
     <span class='ocr_line' id='line_1_51' title="bbox 504 3432 2152 3505; baseline -0.004 -13"><span class='ocrx_word' id='word_1_336' title='bbox 504 3437 767 3492; x_wconf 81' lang='lat' dir='ltr'>Latinam</span> <span class='ocrx_word' id='word_1_337' title='bbox 801 3434 1324 3491; x_wconf 88' lang='lat' dir='ltr'>commentationes</span> <span class='ocrx_word' id='word_1_338' title='bbox 1366 3434 1799 3505; x_wconf 82' lang='lat' dir='ltr'>nugacissimas</span> <span class='ocrx_word' id='word_1_339' title='bbox 1846 3449 1963 3487; x_wconf 91' lang='lat' dir='ltr'>non</span> <span class='ocrx_word' id='word_1_340' title='bbox 2024 3432 2152 3487; x_wconf 91' lang='lat' dir='ltr'>sine</span> 
     </span>
    </p>
   </div>
   <div class='ocr_carea' id='block_1_52' title="bbox 504 3521 2153 3595">
    <p class='ocr_par' dir='ltr' id='par_1_52' title="bbox 504 3521 2153 3595">
     <span class='ocr_line' id='line_1_52' title="bbox 504 3521 2153 3595; baseline -0.002 -16"><span class='ocrx_word' id='word_1_341' title='bbox 504 3525 676 3580; x_wconf 70' lang='lat' dir='ltr'>taedio</span> <span class='ocrx_word' id='word_1_342' title='bbox 709 3540 775 3579; x_wconf 88' lang='lat' dir='ltr'>ac</span> <span class='ocrx_word' id='word_1_343' title='bbox 806 3523 1111 3580; x_wconf 83' lang='lat' dir='ltr'>stomacho</span> <span class='ocrx_word' id='word_1_344' title='bbox 1143 3523 1276 3595; x_wconf 88' lang='lat' dir='ltr'>legi.</span> <span class='ocrx_word' id='word_1_345' title='bbox 1312 3522 1486 3577; x_wconf 85' lang='lat' dir='ltr'>Pselli</span> <span class='ocrx_word' id='word_1_346' title='bbox 1509 3521 1765 3577; x_wconf 88' lang='lat' dir='ltr'>similem</span> <span class='ocrx_word' id='word_1_347' title='bbox 1802 3521 2153 3592; x_wconf 83' lang='lat' dir='ltr'>disputatio-</span> 
     </span>
    </p>
   </div>
   <div class='ocr_carea' id='block_1_53' title="bbox 503 3604 2155 3675">
    <p class='ocr_par' dir='ltr' id='par_1_53' title="bbox 503 3604 2155 3675">
     <span class='ocr_line' id='line_1_53' title="bbox 503 3604 2155 3675; baseline -0.004 -4"><span class='ocrx_word' id='word_1_348' title='bbox 503 3631 639 3672; x_wconf 88' lang='lat' dir='ltr'>nem</span> <span class='ocrx_word' id='word_1_349' title='bbox 674 3614 744 3668; x_wconf 92' lang='lat' dir='ltr'>ad</span> <span class='ocrx_word' id='word_1_350' title='bbox 779 3614 936 3668; x_wconf 90' lang='lat' dir='ltr'>hunc</span> <span class='ocrx_word' id='word_1_351' title='bbox 969 3613 1122 3668; x_wconf 82' lang='lat' dir='ltr'>diem</span> <span class='ocrx_word' id='word_1_352' title='bbox 1156 3628 1271 3667; x_wconf 91' lang='lat' dir='ltr'>non</span> <span class='ocrx_word' id='word_1_353' title='bbox 1305 3604 1540 3675; x_wconf 68' lang='lat' dir='ltr'>offendi,</span> <span class='ocrx_word' id='word_1_354' title='bbox 1566 3616 1624 3666; x_wconf 92' lang='lat' dir='ltr'>et</span> <span class='ocrx_word' id='word_1_355' title='bbox 1655 3610 1899 3665; x_wconf 85' lang='lat' dir='ltr'>fortasse</span> <span class='ocrx_word' id='word_1_356' title='bbox 1932 3626 2036 3665; x_wconf 89' lang='lat' dir='ltr'>nec</span> <span class='ocrx_word' id='word_1_357' title='bbox 2059 3608 2155 3664; x_wconf 92' lang='lat' dir='ltr'>ille</span> 
     </span>
    </p>
   </div>
   <div class='ocr_carea' id='block_1_54' title="bbox 505 3698 2158 3773">
    <p class='ocr_par' dir='ltr' id='par_1_54' title="bbox 505 3698 2158 3773">
     <span class='ocr_line' id='line_1_54' title="bbox 505 3698 2158 3773; baseline -0.004 -15"><span class='ocrx_word' id='word_1_358' title='bbox 505 3702 878 3773; x_wconf 89' lang='lat' dir='ltr'>conscripsit.</span> <span class='ocrx_word' id='word_1_359' title='bbox 910 3700 1329 3756; x_wconf 87' lang='lat' dir='ltr'>Verumtamen</span> <span class='ocrx_word' id='word_1_360' title='bbox 1385 3704 1474 3755; x_wconf 86' lang='lat' dir='ltr'>est</span> <span class='ocrx_word' id='word_1_361' title='bbox 1518 3699 1576 3753; x_wconf 90' lang='lat' dir='ltr'>in</span> <span class='ocrx_word' id='word_1_362' title='bbox 1635 3700 1989 3770; x_wconf 76' lang='lat' dir='ltr'>Expositione</span> <span class='ocrx_word' id='word_1_363' title='bbox 2025 3698 2158 3768; x_wconf 87' lang='lat' dir='ltr'>ﬁdei</span> 
     </span>
    </p>
   </div>
   <div class='ocr_carea' id='block_1_55' title="bbox 511 3786 2155 3859">
    <p class='ocr_par' dir='ltr' id='par_1_55' title="bbox 511 3786 2155 3859">
     <span class='ocr_line' id='line_1_55' title="bbox 511 3786 2155 3859; baseline -0.002 -13"><span class='ocrx_word' id='word_1_364' title='bbox 511 3792 581 3846; x_wconf 89' lang='lat' dir='ltr'>ad</span> <span class='ocrx_word' id='word_1_365' title='bbox 608 3790 950 3846; x_wconf 87' lang='lat' dir='ltr'>Michaelem</span> <span class='ocrx_word' id='word_1_366' title='bbox 975 3790 1217 3857; x_wconf 90' lang='lat' dir='ltr'>Ducam,</span> <span class='ocrx_word' id='word_1_367' title='bbox 1242 3789 1381 3843; x_wconf 90' lang='lat' dir='ltr'>dum</span> <span class='ocrx_word' id='word_1_368' title='bbox 1405 3788 1475 3842; x_wconf 91' lang='lat' dir='ltr'>de</span> <span class='ocrx_word' id='word_1_369' title='bbox 1508 3787 1879 3859; x_wconf 90' lang='lat' dir='ltr'>processione</span> <span class='ocrx_word' id='word_1_370' title='bbox 1901 3786 2155 3858; x_wconf 90' lang='lat' dir='ltr'>Spiritus</span> 
     </span>
    </p>
   </div>
   <div class='ocr_carea' id='block_1_56' title="bbox 513 3875 2156 3947">
    <p class='ocr_par' dir='ltr' id='par_1_56' title="bbox 513 3875 2156 3947">
     <span class='ocr_line' id='line_1_56' title="bbox 513 3875 2156 3947; baseline -0.004 -10"><span class='ocrx_word' id='word_1_371' title='bbox 513 3880 699 3937; x_wconf 88' lang='lat' dir='ltr'>sancti</span> <span class='ocrx_word' id='word_1_372' title='bbox 730 3880 908 3934; x_wconf 88' lang='lat' dir='ltr'>verba</span> <span class='ocrx_word' id='word_1_373' title='bbox 941 3878 1097 3947; x_wconf 79' lang='lat' dir='ltr'>facit,</span> <span class='ocrx_word' id='word_1_374' title='bbox 1156 3894 1288 3933; x_wconf 90' lang='lat' dir='ltr'>eum</span> <span class='ocrx_word' id='word_1_375' title='bbox 1348 3877 1645 3931; x_wconf 82' lang='lat' dir='ltr'>alﬁrmare</span> <span class='ocrx_word' id='word_1_376' title='bbox 1689 3892 1758 3929; x_wconf 84' lang='lat' dir='ltr'>ex</span> <span class='ocrx_word' id='word_1_377' title='bbox 1807 3875 1930 3930; x_wconf 92' lang='lat' dir='ltr'>solo</span> <span class='ocrx_word' id='word_1_378' title='bbox 1993 3875 2156 3930; x_wconf 91' lang='lat' dir='ltr'>Patre</span> 
     </span>
    </p>
   </div>
   <div class='ocr_carea' id='block_1_57' title="bbox 512 3964 2155 4042">
    <p class='ocr_par' dir='ltr' id='par_1_57' title="bbox 512 3964 2155 4042">
     <span class='ocr_line' id='line_1_57' title="bbox 512 3964 2155 4042; baseline -0.003 -18"><span class='ocrx_word' id='word_1_379' title='bbox 512 3970 844 4042; x_wconf 90' lang='lat' dir='ltr'>procedere,</span> <span class='ocrx_word' id='word_1_380' title='bbox 873 3985 988 4039; x_wconf 91' lang='lat' dir='ltr'>quo</span> <span class='ocrx_word' id='word_1_381' title='bbox 1018 3965 1106 4022; x_wconf 92' lang='lat' dir='ltr'>vel</span> <span class='ocrx_word' id='word_1_382' title='bbox 1139 3966 1261 4021; x_wconf 90' lang='lat' dir='ltr'>solo</span> <span class='ocrx_word' id='word_1_383' title='bbox 1293 3965 1532 4020; x_wconf 88' lang='lat' dir='ltr'>nomine</span> <span class='ocrx_word' id='word_1_384' title='bbox 1564 3964 1723 4019; x_wconf 90' lang='lat' dir='ltr'>illius</span> <span class='ocrx_word' id='word_1_385' title='bbox 1763 3964 1822 4018; x_wconf 92' lang='lat' dir='ltr'>in</span> <span class='ocrx_word' id='word_1_386' title='bbox 1870 3965 2155 4020; x_wconf 85' lang='lat' dir='ltr'>recentio-</span> 
     </span>
    </p>
   </div>
   <div class='ocr_carea' id='block_1_58' title="bbox 510 4052 2160 4127">
    <p class='ocr_par' dir='ltr' id='par_1_58' title="bbox 510 4052 2160 4127">
     <span class='ocr_line' id='line_1_58' title="bbox 510 4052 2160 4127; baseline -0.002 -14"><span class='ocrx_word' id='word_1_387' title='bbox 510 4074 640 4113; x_wconf 88' lang='lat' dir='ltr'>rum</span> <span class='ocrx_word' id='word_1_388' title='bbox 673 4057 1003 4112; x_wconf 71' lang='lat' dir='ltr'>Graecorum</span> <span class='ocrx_word' id='word_1_389' title='bbox 1034 4054 1265 4127; x_wconf 87' lang='lat' dir='ltr'>placitis</span> <span class='ocrx_word' id='word_1_390' title='bbox 1298 4055 1724 4126; x_wconf 84' lang='lat' dir='ltr'>propugnantis</span> <span class='ocrx_word' id='word_1_391' title='bbox 1758 4052 2160 4123; x_wconf 86' lang='lat' dir='ltr'>pertinacia,et</span> 
     </span>
    </p>
   </div>
   <div class='ocr_carea' id='block_1_59' title="bbox 507 4144 2157 4220">
    <p class='ocr_par' dir='ltr' id='par_1_59' title="bbox 507 4144 2157 4220">
     <span class='ocr_line' id='line_1_59' title="bbox 507 4144 2157 4220; baseline -0.001 -17"><span class='ocrx_word' id='word_1_392' title='bbox 507 4151 577 4203; x_wconf 92' lang='lat' dir='ltr'>ad</span> <span class='ocrx_word' id='word_1_393' title='bbox 612 4149 1002 4220; x_wconf 88' lang='lat' dir='ltr'>pervicaciora</span> <span class='ocrx_word' id='word_1_394' title='bbox 1059 4161 1305 4218; x_wconf 60' lang='lat' dir='ltr'>qumque</span> <span class='ocrx_word' id='word_1_395' title='bbox 1364 4146 1723 4211; x_wconf 90' lang='lat' dir='ltr'>audendum,</span> <span class='ocrx_word' id='word_1_396' title='bbox 1757 4144 1805 4201; x_wconf 90' lang='lat' dir='ltr'>si</span> <span class='ocrx_word' id='word_1_397' title='bbox 1837 4147 2066 4202; x_wconf 89' lang='lat' dir='ltr'>occasio</span> <span class='ocrx_word' id='word_1_398' title='bbox 2096 4162 2157 4202; x_wconf 90' lang='lat' dir='ltr'>se</span> 
     </span>
    </p>
   </div>
   <div class='ocr_carea' id='block_1_60' title="bbox 502 4233 1394 4301">
    <p class='ocr_par' dir='ltr' id='par_1_60' title="bbox 502 4233 1394 4301">
     <span class='ocr_line' id='line_1_60' title="bbox 502 4233 1394 4301; baseline -0.002 -10"><span class='ocrx_word' id='word_1_399' title='bbox 502 4237 759 4301; x_wconf 84' lang='lat' dir='ltr'>tulisset,</span> <span class='ocrx_word' id='word_1_400' title='bbox 792 4236 1028 4291; x_wconf 88' lang='lat' dir='ltr'>animus</span> <span class='ocrx_word' id='word_1_401' title='bbox 1061 4233 1394 4289; x_wconf 88' lang='lat' dir='ltr'>innotescit.</span> 
     </span>
    </p>
   </div>
   <div class='ocr_carea' id='block_1_61' title="bbox 581 4323 2159 4393">
    <p class='ocr_par' dir='ltr' id='par_1_61' title="bbox 581 4323 2159 4393">
     <span class='ocr_line' id='line_1_61' title="bbox 581 4323 2159 4393; baseline -0.001 -13"><span class='ocrx_word' id='word_1_402' title='bbox 581 4324 783 4380; x_wconf 86' lang='lat' dir='ltr'><strong>XXIX.</strong></span> <span class='ocrx_word' id='word_1_403' title='bbox 815 4324 1075 4379; x_wconf 85' lang='lat' dir='ltr'>Tandem</span> <span class='ocrx_word' id='word_1_404' title='bbox 1102 4324 1223 4393; x_wconf 86' lang='lat' dir='ltr'>jam</span> <span class='ocrx_word' id='word_1_405' title='bbox 1250 4339 1425 4378; x_wconf 84' lang='lat' dir='ltr'>senex</span> <span class='ocrx_word' id='word_1_406' title='bbox 1472 4326 1839 4378; x_wconf 82' lang='lat' dir='ltr'>exauctorato</span> <span class='ocrx_word' id='word_1_407' title='bbox 1885 4323 2159 4380; x_wconf 82' lang='lat' dir='ltr'>Michaele</span> 
     </span>
    </p>
   </div>
   <div class='ocr_carea' id='block_1_62' title="bbox 514 4411 2159 4485">
    <p class='ocr_par' dir='ltr' id='par_1_62' title="bbox 514 4411 2159 4485">
     <span class='ocr_line' id='line_1_62' title="bbox 514 4411 2159 4485; baseline -0.001 -17"><span class='ocrx_word' id='word_1_408' title='bbox 514 4419 689 4480; x_wconf 88' lang='lat' dir='ltr'>Duca,</span> <span class='ocrx_word' id='word_1_409' title='bbox 722 4413 846 4485; x_wconf 88' lang='lat' dir='ltr'>ipse</span> <span class='ocrx_word' id='word_1_410' title='bbox 874 4428 1108 4485; x_wconf 87' lang='lat' dir='ltr'>quoque</span> <span class='ocrx_word' id='word_1_411' title='bbox 1139 4429 1172 4466; x_wconf 91' lang='lat' dir='ltr'>a</span> <span class='ocrx_word' id='word_1_412' title='bbox 1204 4412 1511 4466; x_wconf 84' lang='lat' dir='ltr'>Botaniata</span> <span class='ocrx_word' id='word_1_413' title='bbox 1541 4411 1867 4483; x_wconf 89' lang='lat' dir='ltr'>Nicephoro</span> <span class='ocrx_word' id='word_1_414' title='bbox 1900 4413 2159 4485; x_wconf 86' lang='lat' dir='ltr'>dignita-</span> 
     </span>
    </p>
   </div>
   <div class='ocr_carea' id='block_1_63' title="bbox 504 4500 2160 4572">
    <p class='ocr_par' dir='ltr' id='par_1_63' title="bbox 504 4500 2160 4572">
     <span class='ocr_line' id='line_1_63' title="bbox 504 4500 2160 4572; baseline 0 -15"><span class='ocrx_word' id='word_1_415' title='bbox 504 4502 669 4557; x_wconf 90' lang='lat' dir='ltr'>tibus</span> <span class='ocrx_word' id='word_1_416' title='bbox 700 4501 1005 4572; x_wconf 88' lang='lat' dir='ltr'>spoliatus,</span> <span class='ocrx_word' id='word_1_417' title='bbox 1031 4500 1387 4555; x_wconf 90' lang='lat' dir='ltr'>monachum</span> <span class='ocrx_word' id='word_1_418' title='bbox 1420 4500 1693 4571; x_wconf 86' lang='lat' dir='ltr'>induens,</span> <span class='ocrx_word' id='word_1_419' title='bbox 1718 4500 1910 4555; x_wconf 91' lang='lat' dir='ltr'>solum</span> <span class='ocrx_word' id='word_1_420' title='bbox 1940 4506 2160 4557; x_wconf 84' lang='lat' dir='ltr'>vertere</span> 
     </span>
    </p>
   </div>
   <div class='ocr_carea' id='block_1_64' title="bbox 511 4588 2158 4661">
    <p class='ocr_par' dir='ltr' id='par_1_64' title="bbox 511 4588 2158 4661">
     <span class='ocr_line' id='line_1_64' title="bbox 511 4588 2158 4661; baseline 0 -16"><span class='ocrx_word' id='word_1_421' title='bbox 511 4596 748 4647; x_wconf 85' lang='lat' dir='ltr'>coactus</span> <span class='ocrx_word' id='word_1_422' title='bbox 777 4595 904 4658; x_wconf 89' lang='lat' dir='ltr'>est;</span> <span class='ocrx_word' id='word_1_423' title='bbox 940 4606 1043 4645; x_wconf 91' lang='lat' dir='ltr'>nec</span> <span class='ocrx_word' id='word_1_424' title='bbox 1076 4589 1261 4645; x_wconf 91' lang='lat' dir='ltr'>multo</span> <span class='ocrx_word' id='word_1_425' title='bbox 1284 4593 1433 4661; x_wconf 87' lang='lat' dir='ltr'>post,</span> <span class='ocrx_word' id='word_1_426' title='bbox 1467 4588 1586 4643; x_wconf 89' lang='lat' dir='ltr'>sive</span> <span class='ocrx_word' id='word_1_427' title='bbox 1616 4590 1804 4659; x_wconf 89' lang='lat' dir='ltr'>senio,</span> <span class='ocrx_word' id='word_1_428' title='bbox 1831 4590 1951 4644; x_wconf 90' lang='lat' dir='ltr'>sive</span> <span class='ocrx_word' id='word_1_429' title='bbox 1980 4590 2158 4645; x_wconf 84' lang='lat' dir='ltr'>etiam</span> 
     </span>
    </p>
   </div>
   <div class='ocr_carea' id='block_1_65' title="bbox 2259 2011 3905 2083">
    <p class='ocr_par' dir='ltr' id='par_1_65' title="bbox 2259 2011 3905 2083">
     <span class='ocr_line' id='line_1_65' title="bbox 2259 2011 3905 2083; baseline -0.001 -16"><span class='ocrx_word' id='word_1_430' title='bbox 2259 2012 2420 2067; x_wconf 84' lang='lat' dir='ltr'>rebus</span> <span class='ocrx_word' id='word_1_431' title='bbox 2448 2011 2857 2067; x_wconf 85' lang='lat' dir='ltr'>mathematicis</span> <span class='ocrx_word' id='word_1_432' title='bbox 2896 2013 3203 2066; x_wconf 83' lang='lat' dir='ltr'>tractandis</span> <span class='ocrx_word' id='word_1_433' title='bbox 3232 2013 3574 2081; x_wconf 81' lang='lat' dir='ltr'>ingeniosus,</span> <span class='ocrx_word' id='word_1_434' title='bbox 3605 2027 3905 2083; x_wconf 85' lang='lat' dir='ltr'>eorumque</span> 
     </span>
    </p>
   </div>
   <div class='ocr_carea' id='block_1_66' title="bbox 2256 2097 3914 2170">
    <p class='ocr_par' dir='ltr' id='par_1_66' title="bbox 2256 2097 3914 2170">
     <span class='ocr_line' id='line_1_66' title="bbox 2256 2097 3914 2170; baseline -0.002 -15"><span class='ocrx_word' id='word_1_435' title='bbox 2256 2100 2683 2170; x_wconf 82' lang='lat' dir='ltr'>difﬁcultatibus</span> <span class='ocrx_word' id='word_1_436' title='bbox 2738 2099 3040 2155; x_wconf 85' lang='lat' dir='ltr'>enodandis</span> <span class='ocrx_word' id='word_1_437' title='bbox 3091 2100 3543 2156; x_wconf 80' lang='lat' dir='ltr'>consultissimus.</span> <span class='ocrx_word' id='word_1_438' title='bbox 3606 2097 3788 2161; x_wconf 88' lang='grc' dir='ltr'>Πολὺς</span> <span class='ocrx_word' id='word_1_439' title='bbox 3842 2097 3914 2152; x_wconf 67' lang='grc' dir='ltr'>τὰ</span> 
     </span>
    </p>
   </div>
   <div class='ocr_carea' id='block_1_67' title="bbox 2259 2188 3916 2263">
    <p class='ocr_par' dir='ltr' id='par_1_67' title="bbox 2259 2188 3916 2263">
     <span class='ocr_line' id='line_1_67' title="bbox 2259 2188 3916 2263; baseline 0.001 -22"><span class='ocrx_word' id='word_1_440' title='bbox 2259 2188 2474 2263; x_wconf 76' lang='grc' dir='ltr'>ἰατρικᾶ</span> <span class='ocrx_word' id='word_1_441' title='bbox 2521 2188 2752 2245; x_wconf 90' lang='lat' dir='ltr'>Gabriel</span> <span class='ocrx_word' id='word_1_442' title='bbox 2805 2189 3118 2256; x_wconf 67' lang='lat' dir='ltr'>Naudaeus,</span> <span class='ocrx_word' id='word_1_443' title='bbox 3182 2190 3339 2245; x_wconf 86' lang='lat' dir='ltr'>rebus</span> <span class='ocrx_word' id='word_1_444' title='bbox 3393 2189 3621 2243; x_wconf 86' lang='lat' dir='ltr'>medicis</span> <span class='ocrx_word' id='word_1_445' title='bbox 3669 2188 3916 2242; x_wconf 87' lang='lat' dir='ltr'>nimium</span> 
     </span>
    </p>
   </div>
   <div class='ocr_carea' id='block_1_68' title="bbox 2257 2276 3917 2352">
    <p class='ocr_par' dir='ltr' id='par_1_68' title="bbox 2257 2276 3917 2352">
     <span class='ocr_line' id='line_1_68' title="bbox 2257 2276 3917 2352; baseline -0.001 -19"><span class='ocrx_word' id='word_1_446' title='bbox 2257 2280 2489 2352; x_wconf 88' lang='lat' dir='ltr'>pollens,</span> <span class='ocrx_word' id='word_1_447' title='bbox 2515 2276 2758 2333; x_wconf 87' lang='lat' dir='ltr'>multum</span> <span class='ocrx_word' id='word_1_448' title='bbox 2789 2282 3057 2344; x_wconf 87' lang='lat' dir='ltr'>versatus,</span> <span class='ocrx_word' id='word_1_449' title='bbox 3080 2294 3251 2348; x_wconf 82' lang='lat' dir='ltr'>supra</span> <span class='ocrx_word' id='word_1_450' title='bbox 3278 2278 3720 2350; x_wconf 86' lang='lat' dir='ltr'>plerosquealios</span> <span class='ocrx_word' id='word_1_451' title='bbox 3750 2293 3917 2332; x_wconf 69' lang='lat' dir='ltr'>exer-</span> 
     </span>
    </p>
   </div>
   <div class='ocr_carea' id='block_1_69' title="bbox 2257 2368 3903 2433">
    <p class='ocr_par' dir='ltr' id='par_1_69' title="bbox 2257 2368 3903 2433">
     <span class='ocr_line' id='line_1_69' title="bbox 2257 2368 3903 2433; baseline -0.001 -10"><span class='ocrx_word' id='word_1_452' title='bbox 2257 2370 2477 2432; x_wconf 88' lang='lat' dir='ltr'>citatus,</span> <span class='ocrx_word' id='word_1_453' title='bbox 2511 2369 2686 2422; x_wconf 86' lang='lat' dir='ltr'>nimio</span> <span class='ocrx_word' id='word_1_454' title='bbox 2718 2368 2829 2433; x_wconf 80' lang='lat' dir='ltr'>iam</span> <span class='ocrx_word' id='word_1_455' title='bbox 2853 2368 3091 2422; x_wconf 87' lang='lat' dir='ltr'>imbutus</span> <span class='ocrx_word' id='word_1_456' title='bbox 3113 2384 3216 2422; x_wconf 90' lang='lat' dir='ltr'>usu</span> <span class='ocrx_word' id='word_1_457' title='bbox 3256 2368 3561 2422; x_wconf 86' lang='lat' dir='ltr'>liberaliter</span> <span class='ocrx_word' id='word_1_458' title='bbox 3589 2368 3903 2422; x_wconf 85' lang='lat' dir='ltr'>institutus.</span> 
     </span>
    </p>
   </div>
   <div class='ocr_carea' id='block_1_70' title="bbox 2260 2452 3924 2523">
    <p class='ocr_par' dir='ltr' id='par_1_70' title="bbox 2260 2452 3924 2523">
     <span class='ocr_line' id='line_1_70' title="bbox 2260 2452 3924 2523; baseline 0.001 -14"><span class='ocrx_word' id='word_1_459' title='bbox 2260 2455 2440 2517; x_wconf 72' lang='grc' dir='ltr'>Πολὺς</span> <span class='ocrx_word' id='word_1_460' title='bbox 2495 2455 2593 2523; x_wconf 77' lang='grc' dir='ltr'>τὴν</span> <span class='ocrx_word' id='word_1_461' title='bbox 2644 2452 2889 2509; x_wconf 73' lang='grc' dir='ltr'>παιδείαν</span> <span class='ocrx_word' id='word_1_462' title='bbox 2956 2455 3231 2511; x_wconf 88' lang='lat' dir='ltr'>Nicolaus</span> <span class='ocrx_word' id='word_1_463' title='bbox 3298 2455 3575 2511; x_wconf 81' lang='lat' dir='ltr'>Villanus.</span> <span class='ocrx_word' id='word_1_464' title='bbox 3632 2456 3924 2511; x_wconf 69' lang='lat' dir='ltr'>Praeclara</span> 
     </span>
    </p>
   </div>
   <div class='ocr_carea' id='block_1_71' title="bbox 2259 2542 3919 2614">
    <p class='ocr_par' dir='ltr' id='par_1_71' title="bbox 2259 2542 3919 2614">
     <span class='ocr_line' id='line_1_71' title="bbox 2259 2542 3919 2614; baseline -0.002 -14"><span class='ocrx_word' id='word_1_465' title='bbox 2259 2546 2575 2600; x_wconf 85' lang='lat' dir='ltr'>eruditione</span> <span class='ocrx_word' id='word_1_466' title='bbox 2602 2548 2766 2614; x_wconf 88' lang='lat' dir='ltr'>atque</span> <span class='ocrx_word' id='word_1_467' title='bbox 2786 2542 3039 2599; x_wconf 86' lang='lat' dir='ltr'>doctrina</span> <span class='ocrx_word' id='word_1_468' title='bbox 3060 2546 3291 2598; x_wconf 85' lang='lat' dir='ltr'>ornatus</span> <span class='ocrx_word' id='word_1_469' title='bbox 3323 2558 3337 2597; x_wconf 88' lang='lat'>:</span> <span class='ocrx_word' id='word_1_470' title='bbox 3371 2543 3683 2598; x_wconf 86' lang='lat' dir='ltr'>eruditione</span> <span class='ocrx_word' id='word_1_471' title='bbox 3709 2546 3762 2598; x_wconf 86' lang='lat' dir='ltr'>et</span> <span class='ocrx_word' id='word_1_472' title='bbox 3808 2544 3919 2612; x_wconf 85' lang='lat' dir='ltr'>flo-</span> 
     </span>
    </p>
   </div>
   <div class='ocr_carea' id='block_1_72' title="bbox 2260 2633 3919 2703">
    <p class='ocr_par' dir='ltr' id='par_1_72' title="bbox 2260 2633 3919 2703">
     <span class='ocr_line' id='line_1_72' title="bbox 2260 2633 3919 2703; baseline -0.002 -15"><span class='ocrx_word' id='word_1_473' title='bbox 2260 2634 2508 2689; x_wconf 86' lang='lat' dir='ltr'>rentibus</span> <span class='ocrx_word' id='word_1_474' title='bbox 2526 2633 2655 2689; x_wconf 90' lang='lat' dir='ltr'>stud</span> <span class='ocrx_word' id='word_1_475' title='bbox 2660 2636 2729 2688; x_wconf 86' lang='lat' dir='ltr'>zis</span> <span class='ocrx_word' id='word_1_476' title='bbox 2751 2649 3036 2703; x_wconf 87' lang='lat' dir='ltr'>nunquam</span> <span class='ocrx_word' id='word_1_477' title='bbox 3050 2648 3157 2687; x_wconf 90' lang='lat' dir='ltr'>non</span> <span class='ocrx_word' id='word_1_478' title='bbox 3171 2633 3305 2686; x_wconf 85' lang='lat' dir='ltr'>satis</span> <span class='ocrx_word' id='word_1_479' title='bbox 3323 2634 3645 2697; x_wconf 86' lang='lat' dir='ltr'>instructus,</span> <span class='ocrx_word' id='word_1_480' title='bbox 3660 2648 3820 2701; x_wconf 86' lang='lat' dir='ltr'>magn</span> <span class='ocrx_word' id='word_1_481' title='bbox 3832 2647 3919 2685; x_wconf 89' lang='lat' dir='ltr'>us.</span> 
     </span>
    </p>
   </div>
   <div class='ocr_carea' id='block_1_73' title="bbox 2262 2720 3919 2793">
    <p class='ocr_par' dir='ltr' id='par_1_73' title="bbox 2262 2720 3919 2793">
     <span class='ocr_line' id='line_1_73' title="bbox 2262 2720 3919 2793; baseline -0.002 -15"><span class='ocrx_word' id='word_1_482' title='bbox 2262 2721 2443 2783; x_wconf 74' lang='grc' dir='ltr'>Ηολὺς</span> <span class='ocrx_word' id='word_1_483' title='bbox 2464 2722 2560 2789; x_wconf 70' lang='grc' dir='ltr'>τὴν</span> <span class='ocrx_word' id='word_1_484' title='bbox 2604 2720 2938 2793; x_wconf 73' lang='grc' dir='ltr'>ἐπιστήμην,</span> <span class='ocrx_word' id='word_1_485' title='bbox 2964 2722 3220 2777; x_wconf 82' lang='lat' dir='ltr'>Renatus</span> <span class='ocrx_word' id='word_1_486' title='bbox 3243 2721 3498 2789; x_wconf 86' lang='lat' dir='ltr'>Moreau,</span> <span class='ocrx_word' id='word_1_487' title='bbox 3528 2722 3586 2775; x_wconf 77' lang='lat' dir='ltr'>in</span> <span class='ocrx_word' id='word_1_488' title='bbox 3616 2722 3919 2789; x_wconf 79' lang='lat' dir='ltr'>perfectis-</span> 
     </span>
    </p>
   </div>
   <div class='ocr_carea' id='block_1_74' title="bbox 2261 2809 3918 2883">
    <p class='ocr_par' dir='ltr' id='par_1_74' title="bbox 2261 2809 3918 2883">
     <span class='ocr_line' id='line_1_74' title="bbox 2261 2809 3918 2883; baseline -0.002 -15"><span class='ocrx_word' id='word_1_489' title='bbox 2261 2817 2407 2869; x_wconf 87' lang='lat' dir='ltr'>sima</span> <span class='ocrx_word' id='word_1_490' title='bbox 2437 2812 2734 2883; x_wconf 84' lang='lat' dir='ltr'>disciplina</span> <span class='ocrx_word' id='word_1_491' title='bbox 2750 2812 3196 2883; x_wconf 86' lang='lat' dir='ltr'>probatissimus,</span> <span class='ocrx_word' id='word_1_492' title='bbox 3234 2814 3284 2865; x_wconf 89' lang='lat' dir='ltr'>et</span> <span class='ocrx_word' id='word_1_493' title='bbox 3324 2809 3642 2866; x_wconf 86' lang='lat' dir='ltr'>incredibili</span> <span class='ocrx_word' id='word_1_494' title='bbox 3671 2810 3918 2881; x_wconf 85' lang='lat' dir='ltr'>quadam</span> 
     </span>
    </p>
   </div>
   <div class='ocr_carea' id='block_1_75' title="bbox 2263 2900 3929 2973">
    <p class='ocr_par' dir='ltr' id='par_1_75' title="bbox 2263 2900 3929 2973">
     <span class='ocr_line' id='line_1_75' title="bbox 2263 2900 3929 2973; baseline -0.003 -15"><span class='ocrx_word' id='word_1_495' title='bbox 2263 2904 2479 2973; x_wconf 86' lang='lat' dir='ltr'>ingenii</span> <span class='ocrx_word' id='word_1_496' title='bbox 2529 2900 2912 2972; x_wconf 85' lang='lat' dir='ltr'>magnitudine</span> <span class='ocrx_word' id='word_1_497' title='bbox 2956 2900 3025 2955; x_wconf 88' lang='lat' dir='ltr'>ad</span> <span class='ocrx_word' id='word_1_498' title='bbox 3056 2916 3406 2971; x_wconf 87' lang='lat' dir='ltr'>quascunque</span> <span class='ocrx_word' id='word_1_499' title='bbox 3465 2900 3788 2971; x_wconf 82' lang='lat' dir='ltr'>disciplinas</span> <span class='ocrx_word' id='word_1_500' title='bbox 3838 2902 3929 2955; x_wconf 81' lang='lat' dir='ltr'>in-</span> 
     </span>
    </p>
   </div>
   <div class='ocr_carea' id='block_1_76' title="bbox 2260 2985 3924 3061">
    <p class='ocr_par' dir='ltr' id='par_1_76' title="bbox 2260 2985 3924 3061">
     <span class='ocr_line' id='line_1_76' title="bbox 2260 2985 3924 3061; baseline -0.002 -14"><span class='ocrx_word' id='word_1_501' title='bbox 2260 2993 2659 3047; x_wconf 84' lang='lat' dir='ltr'>sruclissimus.</span> <span class='ocrx_word' id='word_1_502' title='bbox 2690 2985 2873 3049; x_wconf 75' lang='grc' dir='ltr'>ΙΙολύς</span> <span class='ocrx_word' id='word_1_503' title='bbox 2913 2989 3009 3057; x_wconf 75' lang='grc' dir='ltr'>τὴν</span> <span class='ocrx_word' id='word_1_504' title='bbox 3062 2986 3301 3061; x_wconf 78' lang='grc' dir='ltr'>ἱστορίαν</span> <span class='ocrx_word' id='word_1_505' title='bbox 3332 2988 3585 3043; x_wconf 85' lang='lat' dir='ltr'>Jacobus</span> <span class='ocrx_word' id='word_1_506' title='bbox 3608 2987 3924 3060; x_wconf 85' lang='lat' dir='ltr'>Philippus</span> 
     </span>
    </p>
   </div>
   <div class='ocr_carea' id='block_1_77' title="bbox 2262 3077 3927 3146">
    <p class='ocr_par' dir='ltr' id='par_1_77' title="bbox 2262 3077 3927 3146">
     <span class='ocr_line' id='line_1_77' title="bbox 2262 3077 3927 3146; baseline -0.002 -11"><span class='ocrx_word' id='word_1_507' title='bbox 2262 3079 2678 3146; x_wconf 89' lang='lat' dir='ltr'>Thomasinus,</span> <span class='ocrx_word' id='word_1_508' title='bbox 2712 3078 2787 3132; x_wconf 82' lang='lat' dir='ltr'>ad</span> <span class='ocrx_word' id='word_1_509' title='bbox 2816 3077 3135 3133; x_wconf 82' lang='lat' dir='ltr'>scribendas</span> <span class='ocrx_word' id='word_1_510' title='bbox 3188 3078 3457 3133; x_wconf 85' lang='lat' dir='ltr'>historias</span> <span class='ocrx_word' id='word_1_511' title='bbox 3498 3079 3747 3133; x_wconf 76' lang='lat' dir='ltr'>maxime</span> <span class='ocrx_word' id='word_1_512' title='bbox 3791 3078 3927 3132; x_wconf 88' lang='lat' dir='ltr'>illu-</span> 
     </span>
    </p>
   </div>
   <div class='ocr_carea' id='block_1_78' title="bbox 2262 3166 3925 3238">
    <p class='ocr_par' dir='ltr' id='par_1_78' title="bbox 2262 3166 3925 3238">
     <span class='ocr_line' id='line_1_78' title="bbox 2262 3166 3925 3238; baseline -0.002 -14"><span class='ocrx_word' id='word_1_513' title='bbox 2262 3171 2394 3224; x_wconf 85' lang='lat' dir='ltr'>stris</span> <span class='ocrx_word' id='word_1_514' title='bbox 2427 3185 2440 3223; x_wconf 91' lang='lat'>:</span> <span class='ocrx_word' id='word_1_515' title='bbox 2468 3170 2531 3223; x_wconf 87' lang='lat' dir='ltr'>in</span> <span class='ocrx_word' id='word_1_516' title='bbox 2563 3166 2908 3223; x_wconf 87' lang='lat' dir='ltr'>illustranda</span> <span class='ocrx_word' id='word_1_517' title='bbox 2937 3169 3281 3238; x_wconf 84' lang='lat' dir='ltr'>antiquitate</span> <span class='ocrx_word' id='word_1_518' title='bbox 3317 3166 3495 3222; x_wconf 85' lang='lat' dir='ltr'>sedulo</span> <span class='ocrx_word' id='word_1_519' title='bbox 3517 3167 3701 3222; x_wconf 86' lang='lat' dir='ltr'>studio</span> <span class='ocrx_word' id='word_1_520' title='bbox 3720 3168 3925 3238; x_wconf 88' lang='lat' dir='ltr'>appri-</span> 
     </span>
    </p>
   </div>
   <div class='ocr_carea' id='block_1_79' title="bbox 2264 3253 3927 3325">
    <p class='ocr_par' dir='ltr' id='par_1_79' title="bbox 2264 3253 3927 3325">
     <span class='ocr_line' id='line_1_79' title="bbox 2264 3253 3927 3325; baseline -0.002 -12"><span class='ocrx_word' id='word_1_521' title='bbox 2264 3276 2349 3313; x_wconf 91' lang='lat' dir='ltr'>me</span> <span class='ocrx_word' id='word_1_522' title='bbox 2378 3260 2587 3321; x_wconf 86' lang='lat' dir='ltr'>clarus,</span> <span class='ocrx_word' id='word_1_523' title='bbox 2619 3258 2943 3325; x_wconf 84' lang='lat' dir='ltr'>singularis.</span> <span class='ocrx_word' id='word_1_524' title='bbox 2976 3253 3156 3316; x_wconf 85' lang='grc' dir='ltr'>Πολὺς</span> <span class='ocrx_word' id='word_1_525' title='bbox 3176 3254 3266 3309; x_wconf 83' lang='grc' dir='ltr'>τὸν</span> <span class='ocrx_word' id='word_1_526' title='bbox 3292 3258 3415 3308; x_wconf 76' lang='grc' dir='ltr'>νοῦν</span> <span class='ocrx_word' id='word_1_527' title='bbox 3441 3256 3699 3311; x_wconf 87' lang='lat' dir='ltr'>Joannes</span> <span class='ocrx_word' id='word_1_528' title='bbox 3731 3255 3927 3311; x_wconf 84' lang='lat' dir='ltr'>Bour-</span> 
     </span>
    </p>
   </div>
   <div class='ocr_carea' id='block_1_80' title="bbox 2266 3346 3925 3417">
    <p class='ocr_par' dir='ltr' id='par_1_80' title="bbox 2266 3346 3925 3417">
     <span class='ocr_line' id='line_1_80' title="bbox 2266 3346 3925 3417; baseline -0.001 -14"><span class='ocrx_word' id='word_1_529' title='bbox 2266 3348 2541 3403; x_wconf 83' lang='lat' dir='ltr'>delotius.</span> <span class='ocrx_word' id='word_1_530' title='bbox 2579 3347 2744 3401; x_wconf 87' lang='lat' dir='ltr'>Plena</span> <span class='ocrx_word' id='word_1_531' title='bbox 2772 3351 2994 3416; x_wconf 83' lang='lat' dir='ltr'>pectore</span> <span class='ocrx_word' id='word_1_532' title='bbox 3018 3347 3242 3417; x_wconf 87' lang='lat' dir='ltr'>sapiens</span> <span class='ocrx_word' id='word_1_533' title='bbox 3272 3363 3290 3399; x_wconf 92' lang='lat'><em>:</em></span> <span class='ocrx_word' id='word_1_534' title='bbox 3321 3346 3598 3417; x_wconf 80' lang='lat' dir='ltr'>sapientia</span> <span class='ocrx_word' id='word_1_535' title='bbox 3627 3347 3925 3401; x_wconf 86' lang='lat' dir='ltr'>munitam</span> 
     </span>
    </p>
   </div>
   <div class='ocr_carea' id='block_1_81' title="bbox 2262 3434 3925 3505">
    <p class='ocr_par' dir='ltr' id='par_1_81' title="bbox 2262 3434 3925 3505">
     <span class='ocr_line' id='line_1_81' title="bbox 2262 3434 3925 3505; baseline -0.001 -14"><span class='ocrx_word' id='word_1_536' title='bbox 2262 3440 2499 3491; x_wconf 85' lang='lat' dir='ltr'>mentem</span> <span class='ocrx_word' id='word_1_537' title='bbox 2520 3435 2737 3504; x_wconf 90' lang='lat' dir='ltr'>egregie</span> <span class='ocrx_word' id='word_1_538' title='bbox 2757 3450 2982 3503; x_wconf 87' lang='lat' dir='ltr'>gerens;</span> <span class='ocrx_word' id='word_1_539' title='bbox 3017 3435 3357 3490; x_wconf 83' lang='lat' dir='ltr'>considerate</span> <span class='ocrx_word' id='word_1_540' title='bbox 3388 3434 3576 3489; x_wconf 88' lang='lat' dir='ltr'>omnia</span> <span class='ocrx_word' id='word_1_541' title='bbox 3604 3434 3925 3505; x_wconf 82' lang='lat' dir='ltr'>perﬁciens.</span> 
     </span>
    </p>
   </div>
   <div class='ocr_carea' id='block_1_82' title="bbox 2264 3521 3928 3594">
    <p class='ocr_par' dir='ltr' id='par_1_82' title="bbox 2264 3521 3928 3594">
     <span class='ocr_line' id='line_1_82' title="bbox 2264 3521 3928 3594; baseline 0.001 -16"><span class='ocrx_word' id='word_1_542' title='bbox 2264 3523 2447 3585; x_wconf 85' lang='grc' dir='ltr'>Πολὺς</span> <span class='ocrx_word' id='word_1_543' title='bbox 2493 3524 2592 3591; x_wconf 79' lang='grc' dir='ltr'>τὴν</span> <span class='ocrx_word' id='word_1_544' title='bbox 2644 3521 2865 3591; x_wconf 80' lang='grc' dir='ltr'>ποίησιν</span> <span class='ocrx_word' id='word_1_545' title='bbox 2914 3524 3172 3580; x_wconf 88' lang='lat' dir='ltr'>Joannes</span> <span class='ocrx_word' id='word_1_546' title='bbox 3238 3522 3523 3593; x_wconf 79' lang='lat' dir='ltr'>Rhodius,</span> <span class='ocrx_word' id='word_1_547' title='bbox 3575 3523 3633 3577; x_wconf 87' lang='lat' dir='ltr'>in</span> <span class='ocrx_word' id='word_1_548' title='bbox 3689 3525 3928 3594; x_wconf 86' lang='lat' dir='ltr'>poeticis</span> 
     </span>
    </p>
   </div>
   <div class='ocr_carea' id='block_1_83' title="bbox 2262 3612 3928 3685">
    <p class='ocr_par' dir='ltr' id='par_1_83' title="bbox 2262 3612 3928 3685">
     <span class='ocr_line' id='line_1_83' title="bbox 2262 3612 3928 3685; baseline 0.001 -18"><span class='ocrx_word' id='word_1_549' title='bbox 2262 3614 2467 3670; x_wconf 83' lang='lat' dir='ltr'>studiis</span> <span class='ocrx_word' id='word_1_550' title='bbox 2493 3614 2729 3684; x_wconf 81' lang='lat' dir='ltr'>miriﬁce</span> <span class='ocrx_word' id='word_1_551' title='bbox 2769 3617 3037 3675; x_wconf 86' lang='lat' dir='ltr'>versatus;</span> <span class='ocrx_word' id='word_1_552' title='bbox 3067 3612 3393 3668; x_wconf 86' lang='lat' dir='ltr'>admirabili</span> <span class='ocrx_word' id='word_1_553' title='bbox 3426 3612 3661 3684; x_wconf 82' lang='lat' dir='ltr'>quodam</span> <span class='ocrx_word' id='word_1_554' title='bbox 3692 3612 3763 3667; x_wconf 93' lang='lat' dir='ltr'>ad</span> <span class='ocrx_word' id='word_1_555' title='bbox 3788 3629 3928 3685; x_wconf 89' lang='lat' dir='ltr'>poe-</span> 
     </span>
    </p>
   </div>
   <div class='ocr_carea' id='block_1_84' title="bbox 2263 3702 3929 3772">
    <p class='ocr_par' dir='ltr' id='par_1_84' title="bbox 2263 3702 3929 3772">
     <span class='ocr_line' id='line_1_84' title="bbox 2263 3702 3929 3772; baseline -0.001 -14"><span class='ocrx_word' id='word_1_556' title='bbox 2263 3705 2369 3758; x_wconf 90' lang='lat' dir='ltr'>sim</span> <span class='ocrx_word' id='word_1_557' title='bbox 2397 3703 2576 3758; x_wconf 87' lang='lat' dir='ltr'>studio</span> <span class='ocrx_word' id='word_1_558' title='bbox 2623 3704 2953 3771; x_wconf 85' lang='lat' dir='ltr'>concitatus,</span> <span class='ocrx_word' id='word_1_559' title='bbox 2988 3703 3446 3772; x_wconf 60' lang='lat' dir='ltr'>prmstantissime</span> <span class='ocrx_word' id='word_1_560' title='bbox 3492 3718 3618 3756; x_wconf 75' lang='lat' dir='ltr'>cum</span> <span class='ocrx_word' id='word_1_561' title='bbox 3665 3702 3929 3757; x_wconf 84' lang='lat' dir='ltr'>omnibus</span> 
     </span>
    </p>
   </div>
   <div class='ocr_carea' id='block_1_85' title="bbox 2265 3786 3923 3863">
    <p class='ocr_par' dir='ltr' id='par_1_85' title="bbox 2265 3786 3923 3863">
     <span class='ocr_line' id='line_1_85' title="bbox 2265 3786 3923 3863; baseline -0.003 -16"><span class='ocrx_word' id='word_1_562' title='bbox 2265 3794 2425 3847; x_wconf 81' lang='lat' dir='ltr'>Musis</span> <span class='ocrx_word' id='word_1_563' title='bbox 2455 3792 2732 3847; x_wconf 84' lang='lat' dir='ltr'>rationem</span> <span class='ocrx_word' id='word_1_564' title='bbox 2784 3791 2993 3846; x_wconf 80' lang='lat' dir='ltr'>habuit.</span> <span class='ocrx_word' id='word_1_565' title='bbox 3028 3786 3209 3852; x_wconf 75' lang='grc' dir='ltr'>Πολὺς</span> <span class='ocrx_word' id='word_1_566' title='bbox 3263 3789 3363 3857; x_wconf 69' lang='grc' dir='ltr'>τὴν</span> <span class='ocrx_word' id='word_1_567' title='bbox 3414 3788 3633 3863; x_wconf 74' lang='grc' dir='ltr'>ἀρετὴν,</span> <span class='ocrx_word' id='word_1_568' title='bbox 3677 3788 3767 3843; x_wconf 76' lang='grc' dir='ltr'>καὶ</span> <span class='ocrx_word' id='word_1_569' title='bbox 3816 3788 3923 3856; x_wconf 73' lang='grc' dir='ltr'>τήν</span> 
     </span>
    </p>
   </div>
   <div class='ocr_carea' id='block_1_86' title="bbox 2267 3879 3927 3954">
    <p class='ocr_par' dir='ltr' id='par_1_86' title="bbox 2267 3879 3927 3954">
     <span class='ocr_line' id='line_1_86' title="bbox 2267 3879 3927 3954; baseline 0.002 -22"><span class='ocrx_word' id='word_1_570' title='bbox 2267 3880 2552 3954; x_wconf 72' lang='grc' dir='ltr'>φρόνησιν.</span> <span class='ocrx_word' id='word_1_571' title='bbox 2590 3879 2923 3935; x_wconf 88' lang='lat' dir='ltr'>Dominicus</span> <span class='ocrx_word' id='word_1_572' title='bbox 2957 3879 3233 3948; x_wconf 89' lang='lat' dir='ltr'>Molinus,</span> <span class='ocrx_word' id='word_1_573' title='bbox 3265 3881 3468 3935; x_wconf 83' lang='lat' dir='ltr'>virtute</span> <span class='ocrx_word' id='word_1_574' title='bbox 3500 3881 3618 3951; x_wconf 87' lang='lat' dir='ltr'>ipsa</span> <span class='ocrx_word' id='word_1_575' title='bbox 3648 3880 3927 3935; x_wconf 77' lang='lat' dir='ltr'>excellen-</span> 
     </span>
    </p>
   </div>
   <div class='ocr_carea' id='block_1_87' title="bbox 2266 3967 3929 4025">
    <p class='ocr_par' dir='ltr' id='par_1_87' title="bbox 2266 3967 3929 4025">
     <span class='ocr_line' id='line_1_87' title="bbox 2266 3967 3929 4025; baseline -0.001 -1"><span class='ocrx_word' id='word_1_576' title='bbox 2266 3971 2509 4025; x_wconf 83' lang='lat' dir='ltr'>tissimus</span> <span class='ocrx_word' id='word_1_577' title='bbox 2557 3970 2640 4023; x_wconf 86' lang='lat' dir='ltr'>An</span> <span class='ocrx_word' id='word_1_578' title='bbox 2694 3986 2806 4023; x_wconf 91' lang='lat' dir='ltr'>non</span> <span class='ocrx_word' id='word_1_579' title='bbox 2835 3968 3279 4023; x_wconf 87' lang='lat' dir='ltr'>Ciceronianum</span> <span class='ocrx_word' id='word_1_580' title='bbox 3313 3967 3461 4023; x_wconf 82' lang='lat' dir='ltr'>illud</span> <span class='ocrx_word' id='word_1_581' title='bbox 3513 3967 3729 4023; x_wconf 80' lang='lat' dir='ltr'>infert?</span> <span class='ocrx_word' id='word_1_582' title='bbox 3779 3969 3929 4023; x_wconf 81' lang='lat' dir='ltr'>Talis</span> 
     </span>
    </p>
   </div>
   <div class='ocr_carea' id='block_1_88' title="bbox 2267 4056 3928 4127">
    <p class='ocr_par' dir='ltr' id='par_1_88' title="bbox 2267 4056 3928 4127">
     <span class='ocr_line' id='line_1_88' title="bbox 2267 4056 3928 4127; baseline -0.002 -13"><span class='ocrx_word' id='word_1_583' title='bbox 2267 4068 2344 4114; x_wconf 87' lang='lat' dir='ltr'>est</span> <span class='ocrx_word' id='word_1_584' title='bbox 2377 4060 2479 4125; x_wconf 87' lang='lat' dir='ltr'>vir,</span> <span class='ocrx_word' id='word_1_585' title='bbox 2512 4066 2571 4113; x_wconf 88' lang='lat' dir='ltr'>ut</span> <span class='ocrx_word' id='word_1_586' title='bbox 2601 4058 2758 4113; x_wconf 85' lang='lat' dir='ltr'>nulla</span> <span class='ocrx_word' id='word_1_587' title='bbox 2790 4073 2879 4113; x_wconf 88' lang='lat' dir='ltr'>res</span> <span class='ocrx_word' id='word_1_588' title='bbox 2908 4062 3061 4112; x_wconf 87' lang='lat' dir='ltr'>tanta</span> <span class='ocrx_word' id='word_1_589' title='bbox 3088 4059 3184 4127; x_wconf 87' lang='lat' dir='ltr'>sit,</span> <span class='ocrx_word' id='word_1_590' title='bbox 3210 4073 3281 4113; x_wconf 87' lang='lat' dir='ltr'>ac</span> <span class='ocrx_word' id='word_1_591' title='bbox 3309 4062 3423 4111; x_wconf 85' lang='lat' dir='ltr'>iam</span> <span class='ocrx_word' id='word_1_592' title='bbox 3452 4056 3724 4127; x_wconf 78' lang='lat' dir='ltr'>difﬁcilis,</span> <span class='ocrx_word' id='word_1_593' title='bbox 3757 4074 3928 4127; x_wconf 88' lang='lat' dir='ltr'>quam</span> 
     </span>
    </p>
   </div>
   <div class='ocr_carea' id='block_1_89' title="bbox 2266 4147 3933 4218">
    <p class='ocr_par' dir='ltr' id='par_1_89' title="bbox 2266 4147 3933 4218">
     <span class='ocr_line' id='line_1_89' title="bbox 2266 4147 3933 4218; baseline -0.002 -15"><span class='ocrx_word' id='word_1_594' title='bbox 2266 4149 2363 4203; x_wconf 89' lang='lat' dir='ltr'>ille</span> <span class='ocrx_word' id='word_1_595' title='bbox 2396 4164 2505 4202; x_wconf 86' lang='lat' dir='ltr'>non</span> <span class='ocrx_word' id='word_1_596' title='bbox 2560 4154 2611 4202; x_wconf 90' lang='lat' dir='ltr'>et</span> <span class='ocrx_word' id='word_1_597' title='bbox 2659 4148 2891 4203; x_wconf 86' lang='lat' dir='ltr'>consilio</span> <span class='ocrx_word' id='word_1_598' title='bbox 2936 4162 3139 4218; x_wconf 85' lang='lat' dir='ltr'>regere,</span> <span class='ocrx_word' id='word_1_599' title='bbox 3190 4152 3245 4202; x_wconf 88' lang='lat' dir='ltr'>et</span> <span class='ocrx_word' id='word_1_600' title='bbox 3297 4147 3619 4217; x_wconf 81' lang='lat' dir='ltr'>integritate</span> <span class='ocrx_word' id='word_1_601' title='bbox 3666 4148 3841 4213; x_wconf 87' lang='lat' dir='ltr'>tueri,</span> <span class='ocrx_word' id='word_1_602' title='bbox 3872 4149 3933 4200; x_wconf 86' lang='lat' dir='ltr'>et</span> 
     </span>
    </p>
   </div>
   <div class='ocr_carea' id='block_1_90' title="bbox 2269 4234 3923 4307">
    <p class='ocr_par' dir='ltr' id='par_1_90' title="bbox 2269 4234 3923 4307">
     <span class='ocr_line' id='line_1_90' title="bbox 2269 4234 3923 4307; baseline -0.001 -16"><span class='ocrx_word' id='word_1_603' title='bbox 2269 4241 2467 4293; x_wconf 85' lang='lat' dir='ltr'>virtute</span> <span class='ocrx_word' id='word_1_604' title='bbox 2494 4237 2760 4306; x_wconf 62' lang='lat' dir='ltr'>conﬁcere</span> <span class='ocrx_word' id='word_1_605' title='bbox 2796 4241 3012 4307; x_wconf 87' lang='lat' dir='ltr'>possit:</span> <span class='ocrx_word' id='word_1_606' title='bbox 3045 4240 3102 4291; x_wconf 91' lang='lat' dir='ltr'>et</span> <span class='ocrx_word' id='word_1_607' title='bbox 3150 4234 3516 4291; x_wconf 88' lang='lat' dir='ltr'>similia.Sic</span> <span class='ocrx_word' id='word_1_608' title='bbox 3564 4234 3795 4290; x_wconf 88' lang='lat' dir='ltr'>Psellus</span> <span class='ocrx_word' id='word_1_609' title='bbox 3826 4235 3923 4289; x_wconf 82' lang='lat' dir='ltr'>di—</span> 
     </span>
    </p>
   </div>
   <div class='ocr_carea' id='block_1_91' title="bbox 2268 4321 3931 4399">
    <p class='ocr_par' dir='ltr' id='par_1_91' title="bbox 2268 4321 3931 4399">
     <span class='ocr_line' id='line_1_91' title="bbox 2268 4321 3931 4399; baseline -0.002 -17"><span class='ocrx_word' id='word_1_610' title='bbox 2268 4333 2398 4382; x_wconf 87' lang='lat' dir='ltr'>ctus</span> <span class='ocrx_word' id='word_1_611' title='bbox 2425 4331 2533 4395; x_wconf 89' lang='lat' dir='ltr'>est,</span> <span class='ocrx_word' id='word_1_612' title='bbox 2566 4321 2740 4386; x_wconf 83' lang='grc' dir='ltr'>πολὺς</span> <span class='ocrx_word' id='word_1_613' title='bbox 2772 4325 2873 4393; x_wconf 74' lang='grc' dir='ltr'>τὴν</span> <span class='ocrx_word' id='word_1_614' title='bbox 2900 4322 3171 4399; x_wconf 82' lang='grc' dir='ltr'>γλῶτταν,</span> <span class='ocrx_word' id='word_1_615' title='bbox 3207 4324 3377 4396; x_wconf 88' lang='lat' dir='ltr'>quasi</span> <span class='ocrx_word' id='word_1_616' title='bbox 3409 4324 3637 4379; x_wconf 89' lang='lat' dir='ltr'>diceres</span> <span class='ocrx_word' id='word_1_617' title='bbox 3670 4341 3931 4395; x_wconf 86' lang='lat' dir='ltr'>magnus,</span> 
     </span>
    </p>
   </div>
   <div class='ocr_carea' id='block_1_92' title="bbox 2268 4414 3919 4486">
    <p class='ocr_par' dir='ltr' id='par_1_92' title="bbox 2268 4414 3919 4486">
     <span class='ocr_line' id='line_1_92' title="bbox 2268 4414 3919 4486; baseline -0.002 -16"><span class='ocrx_word' id='word_1_618' title='bbox 2268 4416 2500 4482; x_wconf 88' lang='lat' dir='ltr'>multus,</span> <span class='ocrx_word' id='word_1_619' title='bbox 2554 4414 2923 4470; x_wconf 87' lang='lat' dir='ltr'>admirandus</span> <span class='ocrx_word' id='word_1_620' title='bbox 2978 4414 3213 4486; x_wconf 87' lang='lat' dir='ltr'>eloquio,</span> <span class='ocrx_word' id='word_1_621' title='bbox 3246 4414 3558 4484; x_wconf 86' lang='lat' dir='ltr'>eloquentia</span> <span class='ocrx_word' id='word_1_622' title='bbox 3614 4414 3919 4483; x_wconf 88' lang='lat' dir='ltr'>singulari.</span> 
     </span>
    </p>
   </div>
   <div class='ocr_carea' id='block_1_93' title="bbox 2272 4503 3933 4578">
    <p class='ocr_par' dir='ltr' id='par_1_93' title="bbox 2272 4503 3933 4578">
     <span class='ocr_line' id='line_1_93' title="bbox 2272 4503 3933 4578; baseline 0 -22"><span class='ocrx_word' id='word_1_623' title='bbox 2272 4504 2597 4578; x_wconf 77' lang='grc' dir='ltr'>Σοφώτατος</span> <span class='ocrx_word' id='word_1_624' title='bbox 2631 4504 2807 4559; x_wconf 88' lang='lat' dir='ltr'>etiam</span> <span class='ocrx_word' id='word_1_625' title='bbox 2840 4503 3061 4575; x_wconf 89' lang='lat' dir='ltr'>passim</span> <span class='ocrx_word' id='word_1_626' title='bbox 3098 4504 3282 4571; x_wconf 90' lang='lat' dir='ltr'>audit,</span> <span class='ocrx_word' id='word_1_627' title='bbox 3314 4503 3777 4573; x_wconf 78' lang='lat' dir='ltr'>sapientissimus,</span> <span class='ocrx_word' id='word_1_628' title='bbox 3804 4506 3863 4558; x_wconf 92' lang='lat' dir='ltr'>et</span> <span class='ocrx_word' id='word_1_629' title='bbox 3893 4519 3933 4556; x_wconf 87' lang='lat' dir='ltr'>a</span> 
     </span>
    </p>
   </div>
   <div class='ocr_carea' id='block_1_94' title="bbox 2271 4590 3933 4666">
    <p class='ocr_par' dir='ltr' id='par_1_94' title="bbox 2271 4590 3933 4666">
     <span class='ocr_line' id='line_1_94' title="bbox 2271 4590 3933 4666; baseline -0.002 -18"><span class='ocrx_word' id='word_1_630' title='bbox 2271 4594 2446 4666; x_wconf 81' lang='lat' dir='ltr'>Glyca</span> <span class='ocrx_word' id='word_1_631' title='bbox 2479 4595 2536 4648; x_wconf 89' lang='lat' dir='ltr'>in</span> <span class='ocrx_word' id='word_1_632' title='bbox 2570 4593 2919 4660; x_wconf 89' lang='lat' dir='ltr'>Annalibus,</span> <span class='ocrx_word' id='word_1_633' title='bbox 2953 4596 3009 4647; x_wconf 87' lang='lat' dir='ltr'>et</span> <span class='ocrx_word' id='word_1_634' title='bbox 3034 4608 3066 4647; x_wconf 86' lang='lat' dir='ltr'>a</span> <span class='ocrx_word' id='word_1_635' title='bbox 3097 4591 3410 4647; x_wconf 87' lang='lat' dir='ltr'>Metocbita</span> <span class='ocrx_word' id='word_1_636' title='bbox 3439 4591 3497 4645; x_wconf 92' lang='lat' dir='ltr'>in</span> <span class='ocrx_word' id='word_1_637' title='bbox 3540 4590 3820 4646; x_wconf 88' lang='lat' dir='ltr'>Historia.</span> <span class='ocrx_word' id='word_1_638' title='bbox 3856 4591 3933 4645; x_wconf 88' lang='lat' dir='ltr'>Et</span> 
     </span>
    </p>
   </div>
   <div class='ocr_carea' id='block_1_95' title="bbox 510 4677 3933 4751">
    <p class='ocr_par' dir='ltr' id='par_1_95' title="bbox 510 4677 3933 4751">
     <span class='ocr_line' id='line_1_95' title="bbox 510 4677 3933 4751; baseline -0.001 -16"><span class='ocrx_word' id='word_1_639' title='bbox 510 4695 755 4735; x_wconf 79' lang='lat' dir='ltr'>mcnrore</span> <span class='ocrx_word' id='word_1_640' title='bbox 786 4679 959 4734; x_wconf 91' lang='lat' dir='ltr'>vitam</span> <span class='ocrx_word' id='word_1_641' title='bbox 995 4680 1226 4750; x_wconf 90' lang='lat' dir='ltr'>posuit:</span> <span class='ocrx_word' id='word_1_642' title='bbox 1253 4677 1429 4749; x_wconf 90' lang='lat' dir='ltr'>idque</span> <span class='ocrx_word' id='word_1_643' title='bbox 1452 4678 1695 4748; x_wconf 88' lang='lat' dir='ltr'>conjicio</span> <span class='ocrx_word' id='word_1_644' title='bbox 1727 4695 1795 4732; x_wconf 85' lang='lat' dir='ltr'>ex</span> <span class='ocrx_word' id='word_1_645' title='bbox 1825 4679 2152 4733; x_wconf 81' lang='lat' dir='ltr'>verbisAn-</span> <span class='ocrx_word' id='word_1_646' title='bbox 2184 4679 2231 4743; x_wconf 92' lang='lat' dir='ltr'><strong>D</strong></span> <span class='ocrx_word' id='word_1_647' title='bbox 2264 4682 2423 4737; x_wconf 91' lang='lat' dir='ltr'>illius</span> <span class='ocrx_word' id='word_1_648' title='bbox 2481 4680 2813 4747; x_wconf 86' lang='lat' dir='ltr'>sententiis,</span> <span class='ocrx_word' id='word_1_649' title='bbox 2865 4680 2965 4751; x_wconf 90' lang='lat' dir='ltr'>qui</span> <span class='ocrx_word' id='word_1_650' title='bbox 3013 4696 3147 4734; x_wconf 91' lang='lat' dir='ltr'>eum</span> <span class='ocrx_word' id='word_1_651' title='bbox 3180 4680 3363 4734; x_wconf 91' lang='lat' dir='ltr'>secuti</span> <span class='ocrx_word' id='word_1_652' title='bbox 3411 4682 3570 4744; x_wconf 87' lang='lat' dir='ltr'>sunt,</span> <span class='ocrx_word' id='word_1_653' title='bbox 3601 4678 3933 4750; x_wconf 84' lang='lat' dir='ltr'>scriptores</span> 
     </span>
    </p>
   </div>
   <div class='ocr_carea' id='block_1_96' title="bbox 508 4766 2154 4838">
    <p class='ocr_par' dir='ltr' id='par_1_96' title="bbox 508 4766 2154 4838">
     <span class='ocr_line' id='line_1_96' title="bbox 508 4766 2154 4838; baseline -0.004 -14"><span class='ocrx_word' id='word_1_654' title='bbox 508 4787 594 4824; x_wconf 77' lang='lat' dir='ltr'>nea</span> <span class='ocrx_word' id='word_1_655' title='bbox 626 4769 931 4824; x_wconf 73' lang='lat' dir='ltr'>Comnenaa</span> <span class='ocrx_word' id='word_1_656' title='bbox 956 4770 1092 4823; x_wconf 81' lang='lat' dir='ltr'>Hist.</span> <span class='ocrx_word' id='word_1_657' title='bbox 1127 4768 1222 4821; x_wconf 87' lang='lat' dir='ltr'>lib.</span> <span class='ocrx_word' id='word_1_658' title='bbox 1264 4784 1318 4822; x_wconf 91' lang='lat' dir='ltr'>v.</span> <span class='ocrx_word' id='word_1_659' title='bbox 1353 4767 1464 4822; x_wconf 88' lang='lat' dir='ltr'>Sed</span> <span class='ocrx_word' id='word_1_660' title='bbox 1512 4766 1585 4821; x_wconf 91' lang='lat' dir='ltr'>iis</span> <span class='ocrx_word' id='word_1_661' title='bbox 1617 4767 1909 4838; x_wconf 63' lang='lat' dir='ltr'>praecipue</span> <span class='ocrx_word' id='word_1_662' title='bbox 1942 4785 1954 4821; x_wconf 89' lang='lat'><strong>:</strong></span> <span class='ocrx_word' id='word_1_663' title='bbox 1988 4767 2154 4821; x_wconf 82' lang='grc' dir='ltr'>Ἔνθα</span> 
     </span>
    </p>
   </div>
   <div class='ocr_carea' id='block_1_97' title="bbox 508 4852 2158 4929">
    <p class='ocr_par' dir='ltr' id='par_1_97' title="bbox 508 4852 2158 4929">
     <span class='ocr_line' id='line_1_97' title="bbox 508 4852 2158 4929; baseline -0.001 -19"><span class='ocrx_word' id='word_1_664' title='bbox 508 4855 598 4910; x_wconf 82' lang='grc' dir='ltr'>καὶ</span> <span class='ocrx_word' id='word_1_665' title='bbox 663 4860 760 4910; x_wconf 76' lang='grc' dir='ltr'>τοῦ</span> <span class='ocrx_word' id='word_1_666' title='bbox 818 4852 1048 4910; x_wconf 77' lang='grc' dir='ltr'>Ψελλοῦ</span> <span class='ocrx_word' id='word_1_667' title='bbox 1097 4855 1593 4929; x_wconf 70' lang='grc' dir='ltr'>μεταχωρήσαντος</span> <span class='ocrx_word' id='word_1_668' title='bbox 1645 4852 1967 4921; x_wconf 73' lang='grc' dir='ltr'>Βυζαντόθεν</span> <span class='ocrx_word' id='word_1_669' title='bbox 2024 4855 2158 4926; x_wconf 81' lang='grc' dir='ltr'>μετᾶ</span> 
     </span>
    </p>
   </div>
   <div class='ocr_carea' id='block_1_98' title="bbox 508 4940 2159 5021">
    <p class='ocr_par' dir='ltr' id='par_1_98' title="bbox 508 4940 2159 5021">
     <span class='ocr_line' id='line_1_98' title="bbox 508 4940 2159 5021; baseline -0.003 -23"><span class='ocrx_word' id='word_1_670' title='bbox 508 4946 607 5014; x_wconf 69' lang='grc' dir='ltr'>τὴν</span> <span class='ocrx_word' id='word_1_671' title='bbox 654 4940 973 5018; x_wconf 81' lang='grc' dir='ltr'>ἀπόκρασιν,</span> <span class='ocrx_word' id='word_1_672' title='bbox 1019 4944 1169 5017; x_wconf 82' lang='lat' dir='ltr'>(lego</span> <span class='ocrx_word' id='word_1_673' title='bbox 1232 4942 1575 5017; x_wconf 75' lang='grc' dir='ltr'>ἀπόκαρσιν,)</span> <span class='ocrx_word' id='word_1_674' title='bbox 1626 4942 1787 5003; x_wconf 76' lang='grc' dir='ltr'>αὐτὸς</span> <span class='ocrx_word' id='word_1_675' title='bbox 1837 4941 2159 5021; x_wconf 71' lang='grc' dir='ltr'>φιλοσοφίας</span> 
     </span>
    </p>
   </div>
   <div class='ocr_carea' id='block_1_99' title="bbox 510 5030 2159 5107">
    <p class='ocr_par' dir='ltr' id='par_1_99' title="bbox 510 5030 2159 5107">
     <span class='ocr_line' id='line_1_99' title="bbox 510 5030 2159 5107; baseline 0.002 -20"><span class='ocrx_word' id='word_1_676' title='bbox 510 5034 724 5104; x_wconf 78' lang='grc' dir='ltr'>ἁπάσης</span> <span class='ocrx_word' id='word_1_677' title='bbox 752 5033 970 5107; x_wconf 61' lang='lat' dir='ltr'>nptias-ti</span> <span class='ocrx_word' id='word_1_678' title='bbox 1010 5030 1355 5093; x_wconf 69' lang='grc' dir='ltr'>διδάσκαλος.</span> <span class='ocrx_word' id='word_1_679' title='bbox 1392 5034 1492 5089; x_wconf 89' lang='lat' dir='ltr'>Ubi</span> <span class='ocrx_word' id='word_1_680' title='bbox 1519 5041 1569 5087; x_wconf 89' lang='lat' dir='ltr'>et</span> <span class='ocrx_word' id='word_1_681' title='bbox 1592 5033 1769 5087; x_wconf 84' lang='lat' dir='ltr'>Psello</span> <span class='ocrx_word' id='word_1_682' title='bbox 1791 5038 1906 5104; x_wconf 89' lang='lat' dir='ltr'>post</span> <span class='ocrx_word' id='word_1_683' title='bbox 1942 5050 2159 5090; x_wconf 87' lang='lat' dir='ltr'>comam</span> 
     </span>
    </p>
   </div>
   <div class='ocr_carea' id='block_1_100' title="bbox 508 5120 2161 5194">
    <p class='ocr_par' dir='ltr' id='par_1_100' title="bbox 508 5120 2161 5194">
     <span class='ocr_line' id='line_1_100' title="bbox 508 5120 2161 5194; baseline 0.001 -15"><span class='ocrx_word' id='word_1_684' title='bbox 508 5126 792 5180; x_wconf 84' lang='lat' dir='ltr'>dctonsam</span> <span class='ocrx_word' id='word_1_685' title='bbox 824 5124 1095 5194; x_wconf 66' lang='lat' dir='ltr'>Byzantio</span> <span class='ocrx_word' id='word_1_686' title='bbox 1125 5122 1544 5193; x_wconf 57' lang='lat' dir='ltr'>secedentejpse</span> <span class='ocrx_word' id='word_1_687' title='bbox 1564 5123 1639 5176; x_wconf 91' lang='lat' dir='ltr'>Ila</span> <span class='ocrx_word' id='word_1_688' title='bbox 1652 5120 1737 5176; x_wconf 87' lang='lat' dir='ltr'>lus</span> <span class='ocrx_word' id='word_1_689' title='bbox 1753 5124 2161 5194; x_wconf 54' lang='lat' dir='ltr'>um’verstz’phi-</span> 
     </span>
    </p>
   </div>
   <div class='ocr_carea' id='block_1_101' title="bbox 506 5216 1445 5287">
    <p class='ocr_par' dir='ltr' id='par_1_101' title="bbox 506 5216 1445 5287">
     <span class='ocr_line' id='line_1_101' title="bbox 506 5216 1445 5287; baseline -0.005 -17"><span class='ocrx_word' id='word_1_690' title='bbox 506 5216 771 5287; x_wconf 70' lang='lat' dir='ltr'>Iosephiaz</span> <span class='ocrx_word' id='word_1_691' title='bbox 799 5216 1071 5285; x_wconf 87' lang='lat' dir='ltr'>magister</span> <span class='ocrx_word' id='word_1_692' title='bbox 1098 5218 1313 5269; x_wconf 86' lang='lat' dir='ltr'>creatus</span> <span class='ocrx_word' id='word_1_693' title='bbox 1344 5219 1445 5267; x_wconf 89' lang='lat' dir='ltr'>est.</span> 
     </span>
    </p>
   </div>
   <div class='ocr_carea' id='block_1_102' title="bbox 576 5300 2157 5374">
    <p class='ocr_par' dir='ltr' id='par_1_102' title="bbox 576 5300 2157 5374">
     <span class='ocr_line' id='line_1_102' title="bbox 576 5300 2157 5374; baseline -0.003 -13"><span class='ocrx_word' id='word_1_694' title='bbox 576 5307 763 5361; x_wconf 88' lang='lat' dir='ltr'>XXX.</span> <span class='ocrx_word' id='word_1_695' title='bbox 798 5301 1088 5374; x_wconf 87' lang='lat' dir='ltr'>Quidquid</span> <span class='ocrx_word' id='word_1_696' title='bbox 1137 5306 1331 5357; x_wconf 88' lang='lat' dir='ltr'>tamen</span> <span class='ocrx_word' id='word_1_697' title='bbox 1365 5301 1462 5367; x_wconf 89' lang='lat' dir='ltr'>sit,</span> <span class='ocrx_word' id='word_1_698' title='bbox 1494 5300 1767 5356; x_wconf 82' lang='lat' dir='ltr'>maximis</span> <span class='ocrx_word' id='word_1_699' title='bbox 1799 5317 1931 5356; x_wconf 90' lang='lat' dir='ltr'>eum</span> <span class='ocrx_word' id='word_1_700' title='bbox 1966 5301 2157 5358; x_wconf 90' lang='lat' dir='ltr'>laudi-</span> 
     </span>
    </p>
   </div>
   <div class='ocr_carea' id='block_1_103' title="bbox 510 5391 2159 5462">
    <p class='ocr_par' dir='ltr' id='par_1_103' title="bbox 510 5391 2159 5462">
     <span class='ocr_line' id='line_1_103' title="bbox 510 5391 2159 5462; baseline -0.001 -11"><span class='ocrx_word' id='word_1_701' title='bbox 510 5397 622 5450; x_wconf 89' lang='lat' dir='ltr'>bus</span> <span class='ocrx_word' id='word_1_702' title='bbox 648 5395 1242 5462; x_wconf 83' lang='lat' dir='ltr'>exornarunt,praeter</span> <span class='ocrx_word' id='word_1_703' title='bbox 1259 5395 1488 5445; x_wconf 84' lang='lat' dir='ltr'>Annam</span> <span class='ocrx_word' id='word_1_704' title='bbox 1516 5391 2159 5455; x_wconf 85' lang='lat' dir='ltr'>Comnenam,Joannes</span> 
     </span>
    </p>
   </div>
   <div class='ocr_carea' id='block_1_104' title="bbox 505 5478 2156 5555">
    <p class='ocr_par' dir='ltr' id='par_1_104' title="bbox 505 5478 2156 5555">
     <span class='ocr_line' id='line_1_104' title="bbox 505 5478 2156 5555; baseline -0.003 -17"><span class='ocrx_word' id='word_1_705' title='bbox 505 5484 773 5555; x_wconf 83' lang='lat' dir='ltr'>Scylitza,</span> <span class='ocrx_word' id='word_1_706' title='bbox 798 5486 855 5537; x_wconf 89' lang='lat' dir='ltr'>et</span> <span class='ocrx_word' id='word_1_707' title='bbox 885 5481 1182 5537; x_wconf 88' lang='lat' dir='ltr'>Cedrenus</span> <span class='ocrx_word' id='word_1_708' title='bbox 1214 5479 1271 5534; x_wconf 89' lang='lat' dir='ltr'>in</span> <span class='ocrx_word' id='word_1_709' title='bbox 1306 5480 1586 5551; x_wconf 75' lang='lat' dir='ltr'>prommio</span> <span class='ocrx_word' id='word_1_710' title='bbox 1617 5478 1906 5547; x_wconf 69' lang='lat' dir='ltr'>Historiae,</span> <span class='ocrx_word' id='word_1_711' title='bbox 1940 5478 2156 5551; x_wconf 65' lang='grc' dir='ltr'>ὑπερτι-</span> 
     </span>
    </p>
   </div>
   <div class='ocr_carea' id='block_1_105' title="bbox 510 5564 2156 5640">
    <p class='ocr_par' dir='ltr' id='par_1_105' title="bbox 510 5564 2156 5640">
     <span class='ocr_line' id='line_1_105' title="bbox 510 5564 2156 5640; baseline 0.003 -19"><span class='ocrx_word' id='word_1_712' title='bbox 510 5592 544 5640; x_wconf 80' lang='grc' dir='ltr'>μ</span> <span class='ocrx_word' id='word_1_713' title='bbox 559 5589 616 5629; x_wconf 87' lang='grc' dir='ltr'>ος</span> <span class='ocrx_word' id='word_1_714' title='bbox 649 5568 893 5637; x_wconf 83' lang='grc' dir='ltr'>Ψελλός,</span> <span class='ocrx_word' id='word_1_715' title='bbox 930 5564 1394 5625; x_wconf 75' lang='lat' dir='ltr'>honoratissimus</span> <span class='ocrx_word' id='word_1_716' title='bbox 1427 5569 1658 5638; x_wconf 88' lang='lat' dir='ltr'>Psellus,</span> <span class='ocrx_word' id='word_1_717' title='bbox 1692 5571 1749 5623; x_wconf 80' lang='lat' dir='ltr'>et</span> <span class='ocrx_word' id='word_1_718' title='bbox 1780 5568 1838 5622; x_wconf 91' lang='lat' dir='ltr'>in</span> <span class='ocrx_word' id='word_1_719' title='bbox 1869 5570 2156 5626; x_wconf 88' lang='lat' dir='ltr'>Stratioti-</span> 
     </span>
    </p>
   </div>
   <div class='ocr_carea' id='block_1_106' title="bbox 2269 4766 3929 4839">
    <p class='ocr_par' dir='ltr' id='par_1_106' title="bbox 2269 4766 3929 4839">
     <span class='ocr_line' id='line_1_106' title="bbox 2269 4766 3929 4839; baseline -0.002 -13"><span class='ocrx_word' id='word_1_720' title='bbox 2269 4789 2374 4827; x_wconf 88' lang='lat' dir='ltr'>sua</span> <span class='ocrx_word' id='word_1_721' title='bbox 2405 4768 2836 4827; x_wconf 86' lang='lat' dir='ltr'>Commentaria</span> <span class='ocrx_word' id='word_1_722' title='bbox 2860 4785 2973 4824; x_wconf 88' lang='lat' dir='ltr'>non</span> <span class='ocrx_word' id='word_1_723' title='bbox 2996 4768 3194 4823; x_wconf 87' lang='lat' dir='ltr'>minus</span> <span class='ocrx_word' id='word_1_724' title='bbox 3217 4784 3392 4839; x_wconf 83' lang='lat' dir='ltr'>quam</span> <span class='ocrx_word' id='word_1_725' title='bbox 3418 4766 3663 4822; x_wconf 90' lang='lat' dir='ltr'>aliorum</span> <span class='ocrx_word' id='word_1_726' title='bbox 3680 4770 3929 4822; x_wconf 84' lang='lat' dir='ltr'>Patrum</span> 
     </span>
    </p>
   </div>
   <div class='ocr_carea' id='block_1_107' title="bbox 2269 4856 3933 4928">
    <p class='ocr_par' dir='ltr' id='par_1_107' title="bbox 2269 4856 3933 4928">
     <span class='ocr_line' id='line_1_107' title="bbox 2269 4856 3933 4928; baseline -0.002 -13"><span class='ocrx_word' id='word_1_727' title='bbox 2269 4858 3030 4916; x_wconf 87' lang='lat' dir='ltr'>testimoniisillustrarunt.</span> <span class='ocrx_word' id='word_1_728' title='bbox 3086 4859 3244 4912; x_wconf 88' lang='lat' dir='ltr'>Inter</span> <span class='ocrx_word' id='word_1_729' title='bbox 3273 4856 3419 4913; x_wconf 87' lang='lat' dir='ltr'>alios</span> <span class='ocrx_word' id='word_1_730' title='bbox 3468 4856 3747 4928; x_wconf 61' lang='lat' dir='ltr'>praecipui</span> <span class='ocrx_word' id='word_1_731' title='bbox 3779 4862 3933 4912; x_wconf 84' lang='lat' dir='ltr'>sunt</span> 
     </span>
    </p>
   </div>
   <div class='ocr_carea' id='block_1_108' title="bbox 2266 4945 3933 5014">
    <p class='ocr_par' dir='ltr' id='par_1_108' title="bbox 2266 4945 3933 5014">
     <span class='ocr_line' id='line_1_108' title="bbox 2266 4945 3933 5014; baseline -0.002 -10"><span class='ocrx_word' id='word_1_732' title='bbox 2266 4949 2465 5005; x_wconf 87' lang='lat' dir='ltr'>Niceta</span> <span class='ocrx_word' id='word_1_733' title='bbox 2493 4953 2724 5014; x_wconf 88' lang='lat' dir='ltr'>Serron,</span> <span class='ocrx_word' id='word_1_734' title='bbox 2752 4950 2967 5003; x_wconf 90' lang='lat' dir='ltr'>Catena</span> <span class='ocrx_word' id='word_1_735' title='bbox 2991 4945 3433 5002; x_wconf 87' lang='lat' dir='ltr'>absolutissima</span> <span class='ocrx_word' id='word_1_736' title='bbox 3464 4946 3517 4999; x_wconf 90' lang='lat' dir='ltr'>in</span> <span class='ocrx_word' id='word_1_737' title='bbox 3538 4945 3933 5013; x_wconf 75' lang='lat' dir='ltr'>Evangelium</span> 
     </span>
    </p>
   </div>
   <div class='ocr_carea' id='block_1_109' title="bbox 2271 5033 3936 5108">
    <p class='ocr_par' dir='ltr' id='par_1_109' title="bbox 2271 5033 3936 5108">
     <span class='ocr_line' id='line_1_109' title="bbox 2271 5033 3936 5108; baseline -0.003 -14"><span class='ocrx_word' id='word_1_738' title='bbox 2271 5040 2431 5094; x_wconf 66' lang='lat' dir='ltr'>Lucae</span> <span class='ocrx_word' id='word_1_739' title='bbox 2460 5055 2472 5106; x_wconf 93' lang='lat'><strong>;</strong></span> <span class='ocrx_word' id='word_1_740' title='bbox 2508 5037 2793 5092; x_wconf 83' lang='lat' dir='ltr'>Macarius</span> <span class='ocrx_word' id='word_1_741' title='bbox 2824 5035 3326 5108; x_wconf 85' lang='lat' dir='ltr'>Chrysocephalus</span> <span class='ocrx_word' id='word_1_742' title='bbox 3372 5038 3433 5089; x_wconf 93' lang='lat' dir='ltr'>in</span> <span class='ocrx_word' id='word_1_743' title='bbox 3468 5034 3677 5106; x_wconf 85' lang='lat' dir='ltr'>Magno</span> <span class='ocrx_word' id='word_1_744' title='bbox 3709 5033 3936 5105; x_wconf 84' lang='lat' dir='ltr'>Alpha-</span> 
     </span>
    </p>
   </div>
   <div class='ocr_carea' id='block_1_110' title="bbox 2271 5121 3942 5196">
    <p class='ocr_par' dir='ltr' id='par_1_110' title="bbox 2271 5121 3942 5196">
     <span class='ocr_line' id='line_1_110' title="bbox 2271 5121 3942 5196; baseline -0.003 -14"><span class='ocrx_word' id='word_1_745' title='bbox 2271 5128 2423 5196; x_wconf 91' lang='lat' dir='ltr'>beto,</span> <span class='ocrx_word' id='word_1_746' title='bbox 2450 5126 2549 5182; x_wconf 90' lang='lat' dir='ltr'>ubi</span> <span class='ocrx_word' id='word_1_747' title='bbox 2581 5143 2650 5181; x_wconf 87' lang='lat' dir='ltr'>ex</span> <span class='ocrx_word' id='word_1_748' title='bbox 2680 5124 3043 5181; x_wconf 90' lang='lat' dir='ltr'>diversorum</span> <span class='ocrx_word' id='word_1_749' title='bbox 3078 5127 3317 5178; x_wconf 83' lang='lat' dir='ltr'>Patrum</span> <span class='ocrx_word' id='word_1_750' title='bbox 3379 5122 3553 5177; x_wconf 87' lang='lat' dir='ltr'>dictis</span> <span class='ocrx_word' id='word_1_751' title='bbox 3610 5121 3942 5193; x_wconf 82' lang='lat' dir='ltr'>Evangelia</span> 
     </span>
    </p>
   </div>
   <div class='ocr_carea' id='block_1_111' title="bbox 2270 5210 3943 5289">
    <p class='ocr_par' dir='ltr' id='par_1_111' title="bbox 2270 5210 3943 5289">
     <span class='ocr_line' id='line_1_111' title="bbox 2270 5210 3943 5289; baseline -0.003 -17"><span class='ocrx_word' id='word_1_752' title='bbox 2270 5214 2697 5289; x_wconf 81' lang='lat' dir='ltr'>perfectissime</span> <span class='ocrx_word' id='word_1_753' title='bbox 2748 5214 3199 5285; x_wconf 86' lang='lat' dir='ltr'>interpretatur;</span> <span class='ocrx_word' id='word_1_754' title='bbox 3233 5216 3290 5267; x_wconf 87' lang='lat' dir='ltr'>et</span> <span class='ocrx_word' id='word_1_755' title='bbox 3317 5211 3576 5266; x_wconf 85' lang='lat' dir='ltr'>Joannes</span> <span class='ocrx_word' id='word_1_756' title='bbox 3627 5210 3943 5267; x_wconf 83' lang='lat' dir='ltr'>Diaconus</span> 
     </span>
    </p>
   </div>
   <div class='ocr_carea' id='block_1_112' title="bbox 2268 5296 3948 5377">
    <p class='ocr_par' dir='ltr' id='par_1_112' title="bbox 2268 5296 3948 5377">
     <span class='ocr_line' id='line_1_112' title="bbox 2268 5296 3948 5377; baseline -0.004 -19"><span class='ocrx_word' id='word_1_757' title='bbox 2268 5309 2486 5377; x_wconf 82' lang='lat' dir='ltr'>Magnae</span> <span class='ocrx_word' id='word_1_758' title='bbox 2540 5301 2806 5358; x_wconf 67' lang='lat' dir='ltr'>Ecclesiae</span> <span class='ocrx_word' id='word_1_759' title='bbox 2866 5303 3058 5357; x_wconf 87' lang='lat' dir='ltr'>Tract.</span> <span class='ocrx_word' id='word_1_760' title='bbox 3092 5298 3192 5363; x_wconf 76' lang='grc' dir='ltr'>Τίς</span> <span class='ocrx_word' id='word_1_761' title='bbox 3247 5300 3275 5353; x_wconf 85' lang='grc' dir='ltr'>ὁ</span> <span class='ocrx_word' id='word_1_762' title='bbox 3335 5299 3528 5374; x_wconf 78' lang='grc' dir='ltr'>σκορὸς</span> <span class='ocrx_word' id='word_1_763' title='bbox 3556 5301 3635 5369; x_wconf 79' lang='grc' dir='ltr'>τῷ</span> <span class='ocrx_word' id='word_1_764' title='bbox 3665 5296 3786 5368; x_wconf 83' lang='grc' dir='ltr'>Θεῷ</span> <span class='ocrx_word' id='word_1_765' title='bbox 3832 5301 3948 5368; x_wconf 72' lang='grc' dir='ltr'>τῆς</span> 
     </span>
    </p>
   </div>
   <div class='ocr_carea' id='block_1_113' title="bbox 2268 5384 3947 5467">
    <p class='ocr_par' dir='ltr' id='par_1_113' title="bbox 2268 5384 3947 5467">
     <span class='ocr_line' id='line_1_113' title="bbox 2268 5384 3947 5467; baseline -0.004 -20"><span class='ocrx_word' id='word_1_766' title='bbox 2268 5393 2495 5467; x_wconf 69' lang='grc' dir='ltr'>πρώτης</span> <span class='ocrx_word' id='word_1_767' title='bbox 2545 5395 2641 5445; x_wconf 77' lang='grc' dir='ltr'>τοῦ</span> <span class='ocrx_word' id='word_1_768' title='bbox 2691 5390 2979 5465; x_wconf 71' lang='grc' dir='ltr'>ἀνθρώπου</span> <span class='ocrx_word' id='word_1_769' title='bbox 3028 5387 3302 5457; x_wconf 76' lang='grc' dir='ltr'>πλάσεως,</span> <span class='ocrx_word' id='word_1_770' title='bbox 3364 5388 3454 5442; x_wconf 77' lang='grc' dir='ltr'>καὶ</span> <span class='ocrx_word' id='word_1_771' title='bbox 3512 5390 3613 5452; x_wconf 74' lang='grc' dir='ltr'>τῆς</span> <span class='ocrx_word' id='word_1_772' title='bbox 3672 5384 3947 5464; x_wconf 64' lang='grc' dir='ltr'>δεοδτὲρας</span> 
     </span>
    </p>
   </div>
   <div class='ocr_carea' id='block_1_114' title="bbox 2268 5478 3058 5541">
    <p class='ocr_par' dir='ltr' id='par_1_114' title="bbox 2268 5478 3058 5541">
     <span class='ocr_line' id='line_1_114' title="bbox 2268 5478 3058 5541; baseline -0.001 -5"><span class='ocrx_word' id='word_1_773' title='bbox 2268 5482 2621 5541; x_wconf 81' lang='grc' dir='ltr'>ἀναπλάσεως</span> <span class='ocrx_word' id='word_1_774' title='bbox 2655 5478 2744 5534; x_wconf 82' lang='grc' dir='ltr'>8ιά</span> <span class='ocrx_word' id='word_1_775' title='bbox 2772 5483 2869 5534; x_wconf 80' lang='grc' dir='ltr'>τοῦ</span> <span class='ocrx_word' id='word_1_776' title='bbox 2901 5482 3058 5535; x_wconf 77' lang='grc' dir='ltr'>Θεοῦ.</span> 
     </span>
    </p>
   </div>
   <div class='ocr_carea' id='block_1_115' title="bbox 2338 5566 3939 5637">
    <p class='ocr_par' dir='ltr' id='par_1_115' title="bbox 2338 5566 3939 5637">
     <span class='ocr_line' id='line_1_115' title="bbox 2338 5566 3939 5637; baseline -0.002 -9"><span class='ocrx_word' id='word_1_777' title='bbox 2338 5571 2532 5629; x_wconf 91' lang='grc' dir='ltr'>ΧΧΧΙ.</span> <span class='ocrx_word' id='word_1_778' title='bbox 2587 5570 2735 5627; x_wconf 89' lang='lat' dir='ltr'>Illud</span> <span class='ocrx_word' id='word_1_779' title='bbox 2796 5570 3031 5627; x_wconf 88' lang='lat' dir='ltr'>interim</span> <span class='ocrx_word' id='word_1_780' title='bbox 3092 5568 3555 5625; x_wconf 84' lang='lat' dir='ltr'>animadvertere</span> <span class='ocrx_word' id='word_1_781' title='bbox 3609 5566 3939 5637; x_wconf 85' lang='lat' dir='ltr'>debemus,</span> 
     </span>
    </p>
   </div>
   <div class='ocr_carea' id='block_1_116' title="bbox 2090 5696 2325 5755">
    <p class='ocr_par' dir='ltr' id='par_1_116' title="bbox 2090 5696 2325 5755">
     <span class='ocr_line' id='line_1_116' title="bbox 2090 5696 2325 5755; baseline 0.009 -2"><span class='ocrx_word' id='word_1_782' title='bbox 2090 5699 2139 5753; x_wconf 87' lang='grc' dir='ltr'><strong>Ν</strong></span> <span class='ocrx_word' id='word_1_783' title='bbox 2144 5696 2325 5755; x_wconf 74' lang='lat' dir='ltr'>OT/E.</span> 
     </span>
    </p>
   </div>
   <div class='ocr_carea' id='block_1_117' title="bbox 580 5781 1981 5857">
    <p class='ocr_par' dir='ltr' id='par_1_117' title="bbox 580 5781 1981 5857">
     <span class='ocr_line' id='line_1_117' title="bbox 580 5781 1981 5857; baseline 0.001 -18"><span class='ocrx_word' id='word_1_784' title='bbox 580 5783 654 5857; x_wconf 88' lang='grc' dir='ltr'>(ο)</span> <span class='ocrx_word' id='word_1_785' title='bbox 684 5781 883 5840; x_wconf 88' lang='lat' dir='ltr'>Malim</span> <span class='ocrx_word' id='word_1_786' title='bbox 914 5797 1101 5840; x_wconf 84' lang='lat' dir='ltr'>rerum</span> <span class='ocrx_word' id='word_1_787' title='bbox 1129 5782 1451 5840; x_wconf 85' lang='lat' dir='ltr'>divinarum</span> <span class='ocrx_word' id='word_1_788' title='bbox 1479 5782 1725 5854; x_wconf 85' lang='lat' dir='ltr'>apprime</span> <span class='ocrx_word' id='word_1_789' title='bbox 1750 5784 1981 5854; x_wconf 83' lang='lat' dir='ltr'>peritus.</span> 
     </span>
    </p>
   </div>
  </div>
