4060 6344
226 316 352 373 497

1492 315 1862 377 DIATRIBA
1907 314 2010 374 DE
2057 314 2400 375 PSELLIS.

3535 315 3656 376 498

220 445 558 502 Gesnerum
590 445 651 500 in
684 445 1048 504 Bibliotheca
1097 447 1344 504 ridicule
1393 448 1538 504 satis
1597 447 1879 519 argutari,

1999 446 2329 519 γαμετῇ
2359 447 2456 519 τοῦ
2487 439 2717 518 Μιχαὴλ
2754 441 3218 519 ζεύγγυταᾸι-νόμῳ
3247 440 3450 519 γάμου,

219 535 503 589 eumdem
534 550 664 590 esse
697 533 1037 591 Michaelem
1082 537 1425 608 Ephesium,
1457 542 1513 592 et
1544 537 1885 592 Michaelem

219 621 508 678 Psellum.
545 623 675 678 Mihi
705 624 923 694 quidem
952 626 1252 696 aliquando
1305 627 1624 697 conjectura
1650 626 1888 681 occurrit

217 711 479 768 eumdem
522 712 883 768 existimandi
945 713 1273 770 Michaelem
1342 716 1654 786 Ephesium,
1714 721 1766 769 et
1795 713 1888 768 lli-

217 801 476 856 chaelem
511 802 780 856 Psellum.
815 803 954 857 Nam
981 808 1190 874 prater
1229 820 1516 860 commune
1543 819 1884 876 praenomen,

219 896 527 960 utrumque
561 893 768 944 constat
814 893 1177 947 recentiorem
1225 894 1416 962 fuisse,
1466 893 1885 959 Christianum,

219 983 684 1051 Peripateticum,
730 983 1042 1038 Aristotelis
1084 983 1522 1055 paraphrastem.
1574 983 1741 1038 Multi
1786 981 1885 1038 alii

218 1071 495 1139 ejusdem
545 1071 927 1141 praenominis
1000 1073 1378 1140 recentiores,
1445 1072 1783 1137 Christiani,
1831 1075 1889 1126 et

220 1159 623 1230 Peripatetici,
655 1159 986 1216 Aristotelis
1036 1161 1458 1234 paraphrastaa,
1511 1179 1657 1218 nova
1710 1162 1886 1216 hacce

218 1249 685 1320 argumentandi
719 1250 945 1305 ratione
991 1249 1163 1306 Pselli
1193 1255 1387 1320 erunt,
1421 1251 1636 1322 inepte.
1668 1251 1884 1305 Verum

221 1342 318 1391 est
349 1342 673 1408 utrumque
722 1338 1105 1394 recentiorem
1154 1357 1303 1406 esse,
1352 1340 1776 1404 Christianum,
1810 1356 1882 1394 an

217 1443 387 1497 aeque
438 1427 830 1498 Peripatetici,
883 1429 1174 1496 dubium;
1215 1431 1328 1501 [22]
1374 1435 1596 1486 certum
1645 1429 1884 1485 omnino

215 1515 644 1586 paraphrastes
677 1534 791 1573 non
823 1535 951 1574 esse
985 1536 998 1573 :
1031 1519 1089 1573 ni
1122 1519 1364 1588 scholia,
1398 1525 1452 1575 et
1493 1519 1884 1590 expositiones

214 1608 418 1660 textus
448 1605 852 1674 brevissimas,
898 1625 1017 1663 una
1066 1625 1200 1664 cum
1252 1609 1604 1680 Paraphrasi
1639 1609 1882 1664 confun-

215 1694 358 1748 dere
392 1693 660 1749 velimus.
713 1696 1102 1751 Conferantur
1130 1697 1440 1770 utriusque
1491 1698 1549 1753 in
1600 1698 1885 1752 Aristotc-

2003 513 2499 592 Kai-3ra‘§jcavvépmv
2529 513 2797 592 τρὐερᾷλ
2822 513 3144 592 τέὲμπελλοέ
3172 513 3456 592 negatam”.

1997 587 2167 643 Αὐτὸν
2203 585 2260 642 δὲ
2295 585 2679 662 βᾲρύνόᾼμένοκὲ,
2704 585 2802 642 ’καὶ
2833 585 3340 662 δύσανᾳσχετοῦντα

1997 662 2109 729 Τῆς
2148 660 2410 734 Ἐφεσίων
2434 659 2649 721 πόλεως
2679 659 2914 732 ποιμένα
2944 659 3272 714 milio-calva.

1996 769 2361 824 Antecessoris
2423 767 2699 823 Michaelis
2777 769 3060 839 conjugem
3121 769 3232 822 sibi
3292 768 3649 824 matrimonio

1995 859 2241 929 copulat,
2271 873 2438 912 senex
2466 859 2761 913 mulierem
2791 865 3036 913 teneram
3059 859 3108 911 et
3138 856 3649 928 dedicatam,capu-

2000 947 2155 1012 laris,
2187 949 2238 1002 et
2281 948 2473 1016 funeri
2519 946 2833 1001 destinatus
2879 953 3144 1014 vegetam,
3192 949 3352 1015 atque
3392 947 3646 1012 iuvenem

1999 1035 2276 1106 Quemque
2320 1041 2520 1091 sortem
2561 1052 2719 1090 suam
2769 1050 2938 1106 aegre,
2990 1035 3313 1106 molesteque
3359 1037 3646 1105 ferentem,

1995 1141 2058 1179 ac
2086 1123 2486 1196 deplorantem,
2519 1125 2806 1196 Ephesinae
2833 1124 2990 1178 urbis
3028 1126 3300 1194 pastorem
3349 1126 3650 1196 imperator

1993 1215 2294 1268 constituit.
2329 1213 2396 1267 Et
2428 1213 2694 1284 Ephrem
2729 1211 2787 1266 in
2819 1211 3103 1267 Chronico
3136 1228 3149 1266 :

2303 1327 2535 1402 Μεχαὴλ
2569 1324 2853 1402 ὃὲ-γίνεταε
2888 1324 3265 1402 μελαμφόρος,

2069 1396 2177 1455 Eli-7
2211 1396 2538 1474 ἀρχιθῦτης,
2571 1396 2958 1472 καῖ’πρόεδρος
2985 1396 3236 1472 Ἐφέσὸυ.

1995 1517 2237 1575 Michael
2276 1533 2408 1572 vero
2455 1519 2643 1590 nigris
2686 1517 3024 1572 vestimentis
3069 1516 3301 1570 indutus
3341 1515 3650 1584 sacri/icio-

1995 1623 2120 1662 rum
2171 1608 2446 1679 princeps,
2512 1607 2828 1677 praesulque
2873 1603 3083 1676 Ephesi
3147 1604 3227 1674 ﬁt.
3275 1603 3337 1658 In
3391 1620 3457 1659 eo
3507 1603 3644 1672 otio,

1995 1696 2042 1751 si
2073 1713 2308 1768 gregem
2339 1695 2551 1752 Cbristi
2586 1711 2823 1766 pascere
2852 1694 3039 1749 otium
3082 1699 3189 1760 est,
3241 1691 3429 1749 multa
3458 1692 3515 1748 in
3543 1709 3644 1746 va-

214 1783 334 1838 lem
370 1785 927 1853 commentationes,
961 1787 1234 1858 quamvis
1267 1787 1561 1842 sententia
1589 1785 1647 1841 in
1681 1785 1885 1840 multis
1917 1823 1964 1888 Β
1994 1785 2114 1842 rias
2143 1784 2512 1857 disciplinas,
2545 1801 2649 1840 nec
2681 1783 2910 1852 dubito,
2958 1782 3330 1854 conscripsit,
3380 1799 3507 1854 qua:
3539 1798 3643 1836 no-

214 1874 602 1940 conveniant,
631 1874 688 1928 in
719 1875 914 1944 modo,
959 1892 1026 1930 ac
1070 1876 1347 1931 methodo
1397 1876 1721 1948 exponendi
1755 1877 1886 1930 Ari-

212 1962 493 2017 stotelem
528 1961 696 2034 longe
727 1963 942 2019 diversi
975 1964 1371 2021 sunt.Psellus
1392 1965 1670 2020 continua
1691 1969 1883 2020 textus

213 2050 579 2122 paraphrasi
612 2053 966 2108 sententiam
1017 2055 1227 2125 aperit,
1278 2054 1566 2126 Ephesius
1620 2071 1732 2109 non
1767 2053 1882 2126 nisi

212 2139 662 2195 difﬁcilioribus
715 2157 956 2212 cperam
999 2142 1137 2210 dat,
1187 2125 1364 2213 clara,
1413 2147 1746 2214 apertaque,
1795 2125 1880 2198 uti

207 2228 432 2300 cuique
463 2227 659 2298 obvia,
694 2229 958 2302 negligit.

272 2316 519 2372 XXXII.
557 2322 630 2372 At
676 2317 968 2389 quisnam-
997 2318 1072 2374 sit
1117 2319 1228 2376 iste
1283 2319 1574 2392 Ephesius
1606 2320 1874 2388 Michael,

204 2405 307 2476 qui
336 2405 401 2460 in
435 2406 746 2461 enodando
775 2407 1088 2462 Aristotele
1132 2413 1438 2481 tantopere
1467 2409 1644 2465 etiam
1675 2408 1873 2465 elucu-

200 2493 590 2550 brationibus
618 2496 815 2561 editis,
847 2495 1170 2564 insudavit,
1204 2498 1492 2569 qumsiere
1537 2497 1728 2552 multi.
1761 2499 1870 2554 Sed

195 2583 426 2638 frustra
457 2600 698 2654 operam
730 2585 1150 2640 contriverunt.
1185 2585 1290 2641 Ubi
1317 2587 1546 2642 nullum
1583 2587 1662 2641 rei
1694 2588 1873 2642 vesti-

195 2673 366 2743 gium
401 2679 669 2744 apparet,
703 2674 751 2728 si
784 2676 1048 2730 venatori
1080 2692 1173 2731 res
1203 2693 1315 2731 non
1351 2675 1868 2741 succedit,laudem

197 2760 297 2816 ille
326 2778 436 2834 pro
469 2766 710 2829 conatu,
765 2779 904 2829 non,
963 2765 1117 2834 quod
1169 2780 1286 2819 non
1325 2763 1632 2833 invenerit,
1675 2781 1869 2836 repre-

199 2849 558 2906 hensionem
594 2856 1206 2922 promeretur.Verum
1239 2853 1379 2908 dum
1413 2869 1518 2926 ego
1549 2854 1724 2908 etiam
1748 2870 1868 2909 om-

201 2941 299 2995 nia
335 2941 694 3012 pervcstigo,
727 2940 776 2996 si
826 2941 967 3012 quid
1017 2942 1412 2998 subodoratus
1458 2960 1613 3010 sum,
1648 2943 1704 2998 in
1739 2959 1866 2999 me-

203 3030 373 3085 dium
405 3030 673 3098 afferam,
707 3031 890 3086 donec
923 3031 1162 3087 meliora
1183 3032 1254 3086 ab
1278 3031 1411 3088 aliis
1442 3034 1862 3104 producantur.

1995 1875 2154 1930 mine
2203 1872 2501 1930 Michaelis
2565 1871 2819 1944 Ephesii,
2891 1871 3106 1944 quietis
3159 1870 3350 1942 potius
3412 1886 3641 1936 amans,

1994 1979 2218 2020 memor
2247 1963 2578 2028 turbarum,
2606 1978 2721 2017 non
2755 1960 3149 2033 imperatoris,
3171 1959 3434 2030 exemplo
3460 1959 3642 2015 etiam

1991 2052 2241 2108 aliorum
2274 2053 2722 2123 imperatorum,
2761 2049 2964 2119 voluit,
2998 2054 3061 2104 ut
3103 2049 3444 2105 hominibus
3475 2048 3642 2104 inno-

1989 2145 2298 2198 tescerent.
2362 2142 2486 2196 Non
2551 2139 2790 2214 placet?
2837 2139 3060 2194 dictum
3131 2139 3422 2194 indictum
3491 2141 3640 2192 esto.

1989 2231 2258 2287 Ἐπανὶτω
2289 2231 2426 2306 πρός
2468 2252 2534 2303 με
2580 2231 2670 2284 τὸν
2722 2229 2945 2284 τεκόντα
2973 2230 3034 2284 τὸ
3075 2228 3392 2300 ἀποκῦημα.
3444 2228 3644 2285 Redeat

1983 2323 2062 2378 ad
2091 2338 2176 2377 me
2203 2327 2480 2378 auctorem
2509 2326 2674 2392 [tutus
2695 2319 2785 2376 hic
2812 2337 2980 2376 meus.

2056 2412 2296 2467 XXXIII.
2333 2411 2434 2466 Hic
2465 2427 2604 2482 ergo
2647 2409 2894 2478 Psellus,
2928 2412 2994 2464 ut
3039 2407 3310 2463 doctrina
3358 2410 3642 2478 praestan-

1982 2501 2277 2564 tissimus,
2305 2501 2386 2555 ita
2419 2498 2681 2555 omnium
2713 2494 3222 2573 πολυγραφώτατος
3266 2495 3396 2550 fuit.
3434 2494 3639 2550 Ausim

1981 2592 2174 2645 dicere
2207 2590 2528 2645 neminem.
2561 2605 2648 2656 ea,
2681 2587 2768 2642 vel
2805 2588 3202 2658 subsequente
3229 2589 3412 2649 aetate,
3445 2583 3638 2639 Graece

1978 2679 2067 2734 vel
2101 2678 2389 2734 invenisse
2432 2677 2648 2740 acrius,
2692 2675 2780 2730 vel
2831 2675 3136 2731 ordinasse
3186 2674 3402 2744 aptius,
3435 2672 3522 2728 vel
3554 2672 3638 2727 lo-

1979 2773 2184 2823 cntum
2216 2763 2705 2838 eloquentius,vel
2729 2764 3079 2836 profundius
3109 2779 3202 2818 res
3225 2766 3633 2834 pertractasse.

1976 2856 2150 2913 Nulla
2183 2856 2294 2912 fuit
2323 2855 2590 2923 scientia,
2643 2870 2820 2924 quam
2871 2853 2997 2924 ipse
3026 2852 3114 2906 vel
3157 2851 3313 2907 notis
3356 2867 3472 2906 non
3503 2848 3632 2904 illu~

1975 2947 2266 3016 straverit,
2298 2945 2384 3000 vel
2418 2927 2764 3016 compendio
2794 2959 2910 2998 non
2932 2940 3264 3009 tentaverit,
3286 2938 3374 2995 vel
3405 2939 3630 3011 optima

1975 3035 2254 3090 methodo
2286 3051 2401 3089 non
2434 3031 2772 3105 expedierit.
2806 3032 3041 3096 Eorum,
3069 3046 3198 3100 qua:
3229 3027 3630 3099 scripsitqum-

196 3122 524 3188 Sensuum,
575 3134 642 3173 ac
701 3120 1141 3176 enarrationum
1185 3120 1512 3177 similitudo
1560 3121 1668 3177 hos
1714 3123 1863 3178 duos
1909 3192 1934 3196 Δγ
1974 3140 2088 3196 que
2115 3123 2185 3179 ad
2220 3123 2486 3179 notitiam
2536 3137 2724 3177 meam
2773 3135 3102 3191 pervenere,
3149 3117 3418 3189 quaedam
3473 3116 3633 3171 edita

194 3213 476 3263 auctores
507 3224 692 3264 unum
715 3209 788 3264 ab
817 3208 929 3265 alio
959 3210 1227 3280 adjutum
1253 3210 1435 3266 fuisse
1458 3211 1862 3281 satisindicat,
1896 3192 1940 3260 (ἶ
1977 3192 2137 3279 sunt,
2166 3212 2434 3283 quaedam
2480 3209 2672 3265 adhuc
2726 3208 2950 3264 inedita
2982 3223 2995 3262 :
3029 3207 3100 3262 de
3151 3204 3324 3262 editis
3371 3204 3630 3276 primum

195 3296 289 3352 vel
326 3301 655 3368 utrumque
699 3297 771 3352 ab
821 3297 957 3367 alio,
990 3304 1047 3354 et
1093 3315 1162 3354 ex
1213 3316 1329 3354 uno
1380 3301 1536 3355 fonte
1568 3299 1875 3374 utriusque

202 3388 599 3438 monumenta
624 3385 920 3441 corrivari.
953 3386 1218 3457 Cumque
1264 3403 1299 3441 a
1346 3403 1462 3458 quo
1509 3387 1735 3444 Psellus
1767 3405 1877 3444 sua

201 3472 484 3528 hauserit
514 3489 629 3528 non
663 3473 936 3541 habeam,
976 3475 1179 3546 utique
1229 3475 1549 3547 Ephesium
1581 3493 1649 3532 ex
1679 3477 1875 3543 Pselli,

201 3563 326 3618 sive
358 3577 485 3627 ore,
522 3561 642 3616 sive
690 3564 1112 3634 monumentis,
1162 3565 1438 3636 quamuis
1487 3566 1877 3623 verosimilius

204 3667 276 3706 ex
329 3667 456 3718 ore,
510 3667 620 3706 sua
667 3650 970 3718 habuisse,
1041 3669 1289 3724 esseque
1355 3653 1696 3709 Michaelem
1758 3655 1874 3711 Du-

206 3755 340 3794 cam
378 3739 838 3810 Parapinaceum
888 3741 1134 3807 dictum,
1187 3742 1359 3797 Pselli
1414 3743 1793 3815 discipulum,
1826 3745 1876 3800 si

209 3829 559 3898 conjectura
589 3827 810 3899 aliquid
844 3829 1027 3895 valeo,
1059 3831 1352 3886 existimo.
1387 3831 1490 3888 Hic
1523 3833 1703 3902 enim,
1735 3835 1874 3888 dum

212 3931 518 3970 summam
579 3915 809 3988 imperii
856 3924 1097 3986 teneret,
1147 3937 1181 3975 a
1249 3920 1438 3976 Psello
1481 3922 1744 3991 edoctus,
1777 3922 1876 3978 illo

212 4004 466 4069 amisso,
497 4004 558 4059 in
590 4005 879 4076 Ephesum
928 4007 1177 4079 delatus,
1228 4008 1390 4065 illius
1437 4009 1704 4066 Ecclesiae
1735 4012 1881 4066 anti-

205 4098 334 4148 stes
361 4099 762 4149 consecratur.
801 4101 1057 4152 Zonaras
1089 4097 1148 4152 in
1197 4097 1519 4154 Botaniata.
1570 4099 1630 4154 'O
1665 4099 1760 4171 μὲν
1791 4120 1876 4154 τοι

210 4173 676 4255 προϐασιλευκὼς
725 4183 982 4257 Μιχαὴλ,
1032 4185 1109 4247 ὡς
1159 4183 1391 4256 εἳρηται,
1423 4187 1522 4255 τὴν
1569 4187 1736 4262 τρίχα
1777 4209 1877 4242 κα-

224 4269 359 4343 ρεὶς,
430 4268 522 4323 καὶ
582 4272 752 4348 ψήφῳ
831 4271 1089 4346 συνοδικῇ
1165 4275 1597 4349 Μητροπολίτης
1651 4277 1878 4349 Ἐφέσου

219 4356 675 4432 κιχειροτόνητο,
732 4359 821 4414 καὶ
889 4363 1025 4432 ἅπαξ
1081 4365 1346 4439 φοιτήσας
1400 4363 1510 4418 ἐκεῖ
1564 4364 1876 4435 ἐπανῆλθε,

211 4446 306 4500 sui.
361 4445 414 4500 ἰν
453 4450 522 4520 τῇ
565 4451 663 4501 τοῦ
712 4450 979 4520 Μανσυὴλ
1037 4455 1177 4526 μονῇ
1222 4450 1459 4507 ἐποιεῖτο
1503 4460 1601 4522 τῆν
1647 4451 1875 4512 δίαιταν.

1983 3317 2314 3358 sermonem
2344 3301 2678 3356 instituam.
2710 3297 2881 3353 Edita
2910 3301 3048 3352 sunt
3081 3312 3096 3351 :

2053 3388 2292 3444 XXXIV.
2331 3387 2498 3444 Pselli
2530 3389 2604 3443 De
2646 3388 2820 3442 victus
2870 3387 3103 3453 ratione,
3153 3385 3329 3455 deque
3355 3383 3642 3455 facultati-

1986 3479 2102 3545 bus,
2132 3486 2184 3534 et
2227 3479 2374 3532 succi
2423 3477 2713 3549 qualitate,
2766 3474 3186 3539 elementorum,
3238 3473 3372 3528 libri
3418 3471 3525 3528 duo
3569 3471 3641 3525 ad

1984 3569 2436 3626 Constantinum
2485 3568 2564 3638 (p)
2617 3566 3056 3638 imperatorem,
3125 3564 3349 3633 Latine,
3389 3562 3645 3634 Georgio

1983 3658 2148 3713 Valla
2192 3659 2532 3728 interprete,
2577 3672 2694 3710 una
2743 3671 2878 3709 cum
2939 3653 3146 3707 Rhazaa
3193 3653 3266 3706 de
3312 3650 3646 3722 pestilentia

1983 3747 2153 3815 libro,
2187 3750 2244 3801 et
2285 3744 2531 3800 Joannis
2583 3743 2848 3798 Manardi
2901 3739 3290 3796 Ferrariensis
3339 3739 3398 3793 in
3448 3741 3640 3792 Artem

1985 3834 2189 3890 Galeni
2222 3833 2605 3905 expositione.
2660 3830 2920 3899 Basileaa,
2971 3828 3127 3901 apud
3179 3827 3468 3881 Andream
3499 3826 3641 3880 Cra-

1983 3924 2286 3991 tandrum,
2311 3937 2465 3977 anno
2497 3921 2658 3984 1529,
2691 3919 2749 3974 in
2782 3921 2836 3975 8.

2054 4014 2293 4068 XXXV.
2329 4010 2604 4081 Ejusdem
2636 4009 2846 4064 iambos
2879 4008 2935 4060 in
2964 4007 3100 4062 uilia
3125 4012 3178 4059 et
3205 4002 3638 4069 virtutes.ltem,

1985 4103 2268 4173 Anagogas
2299 4103 2358 4155 in
2385 4097 2716 4167 Tantalum,
2749 4095 3096 4166 Allegoriam
3117 4095 3181 4149 dc
3201 4092 3461 4165 Sphinge,
3494 4091 3644 4146 Ana-

1985 4207 2180 4263 gogam
2212 4190 2270 4244 in
2303 4189 2672 4259 Circem,qu2
2704 4186 2918 4242 volebat
2951 4185 3194 4256 Ulyssem
3219 4184 3644 4251 transformare,

1988 4279 2271 4335 Arsenius
2301 4275 2715 4333 Monembasiae
2741 4273 3054 4346 episcopus
3085 4272 3280 4326 Roma:
3312 4270 3388 4340 (q)
3419 4267 3647 4340 primus

1985 4367 2273 4438 vulgarat.
2325 4365 2543 4420 Deinde
2616 4361 2890 4435 pluribus
2933 4360 3078 4416 locis
3137 4358 3429 4424 restituta,
3476 4359 3653 4426 atque

1986 4456 2398 4528 interpolata,a
2429 4454 2693 4510 Conrado
2725 4447 3250 4516 Gesnero,Basileaa
3281 4445 3653 4502 ediditJoan-

215 4537 453 4592 Michael
485 4553 633 4602 vero,
657 4539 880 4608 pridem
927 4543 1243 4612 imperator,
1278 4551 1434 4597 tonsa
1477 4559 1665 4609 coma,
1697 4548 1756 4598 ut
1785 4545 1872 4600 di-
1908 4559 1952 4622 Ι)
1982 4562 2087 4600 aes
2118 4543 2410 4615 Oporinus
2441 4542 2513 4614 (r)
2545 4557 2701 4596 anno
2735 4539 2961 4602 lS-l-ldn
2994 4539 3048 4606 8,
3075 4553 3192 4590 una
3222 4551 3355 4590 cum
3390 4531 3646 4622 Heracli-

214 4630 365 4680 clum
436 4629 532 4690 est,
599 4629 824 4682 concilii
905 4631 1192 4701 sulragiis
1265 4631 1466 4702 Ephesi
1537 4633 1876 4705 MetrOpolita

217 4719 462 4775 creatur.
495 4716 560 4770 Et
587 4731 715 4772 cum
744 4719 910 4773 semel
939 4734 1000 4774 eo
1048 4721 1304 4789 venisset,
1349 4737 1615 4786 reversus,
1659 4724 1721 4776 in
1754 4728 1879 4778 Ma-

217 4804 405 4859 nuelis
437 4808 779 4861 monasterio
807 4809 980 4862 vitam
1005 4810 1135 4880 egit.
1181 4808 1605 4866 Constantinus
1649 4811 1876 4868 Manas-

221 4907 322 4947 868
354 4908 369 4946 2

1989 4634 2080 4689 dis
2103 4633 2327 4688 Pontici
2353 4629 2661 4701 Allcgoriis
2684 4629 2741 4682 in
2769 4625 3002 4682 Homeri
3037 4624 3266 4680 fabulas
3290 4624 3360 4677 de
3384 4622 3498 4692 [24]
3517 4620 3634 4674 diis

1990 4724 2060 4777 de
2089 4722 2307 4793 quibus
2338 4720 2468 4774 vide
2501 4719 2654 4772 intra
2687 4717 2744 4771 in
2775 4716 3000 4772 Joanne
3036 4713 3224 4769 Psello
3254 4712 3284 4784 §
3313 4712 3401 4779 49,
3433 4711 3524 4777 56,
3555 4709 3645 4762 80.

1988 4810 2188 4866 Obiter
2215 4814 2272 4864 et
2303 4809 2395 4863 hic
2427 4805 3019 4861 animadvertendum
3071 4806 3184 4866 est,
3232 4799 3496 4854 carmina
3525 4796 3650 4860 illa,

1991 4915 2119 4971 quae
2151 4895 2460 4954 Federicus
2506 4892 2786 4950 Morellus
2833 4890 3074 4947 Lutetiae
3123 4905 3278 4945 anno
3311 4887 3468 4951 1608,
3499 4884 3559 4939 in
3592 4884 3649 4950 8,

1824 4998 2058 5058 NOTZE.

291 5079 372 5149 (p)
407 5082 623 5135 Ducam
661 5081 748 5138 vel
780 5083 1258 5150 Monomachum,
1293 5087 1352 5140 ut
1383 5084 1632 5143 Allatius
1665 5088 1888 5144 notavit

215 5166 407 5230 supra
451 5151 582 5230 §“§,
639 5170 766 5230 pop
847 5155 1480 5230 Porphyrogennetam,
1547 5165 1612 5213 ut
1680 5159 1883 5230 Gyral-

216 5223 337 5304 dus
365 5238 437 5304 p._
621 5224 691 5279 de
722 5225 933 5282 Poetis.
960 5223 1340 5304 'Prodierunt
1380 5229 1556 5304 etiam
1608 5230 1668 5284 bi
1701 5223 1883 5304 libelli

217 5294 292 5372 de
328 5294 485 5372 victu
523 5294 926 5372 hu_mano_una
965 5297 1262 5372 cumaliis
1303 5300 1596 5372 variorum
1648 5303 1886 5372 scriptis

219 5366 300 5439 ab
333 5364 547 5439 eodem
574 5367 639 5421 G.
671 5367 838 5425 Valla
866 5371 1050 5426 versis
1083 5369 1279 5424 Venet.
1326 5371 1484 5439 1498,
1513 5372 1634 5439 fol.,
1671 5380 1730 5427 ut
1763 5364 1884 5429 edi-

213 5437 418 5508 tiones
450 5436 650 5508 Colon.
689 5441 845 5496 1526.
878 5444 933 5508 8,
956 5445 1014 5496 et
1063 5440 1238 5496 Basil.
1271 5441 1407 5496 1457
1444 5436 1501 5497 in
1550 5446 1583 5497 8
1615 5436 1886 5500 omittam

220 5507 289 5563 In
324 5505 546 5584 libellis
577 5511 707 5584 istis
741 5505 1110 5584 imperatoris
1147 5514 1324 5582 jussu
1368 5514 1625 5570 collectis
1657 5515 1886 5572 nullum

221 5579 579 5668 scriptorem
622 5579 1081 5668 laudat'Bsellup
1115 5579 1429 5668 praster‘p.
1477 5586 1532 5650 8.
1578 5587 1885 5668 Calenum.

225 5652 308 5708 De
338 5650 549 5708 eodem
580 5659 933 5727 argumento
967 5655 1069 5712 sed
1101 5650 1275 5727 plane
1333 5650 1600 5715 diversus
1631 5657 1780 5716 liber
1808 5659 1890 5714 Si-

1996 5084 2227 5141 meonis
2273 5082 2433 5139 Sethi
2479 5084 2670 5137 exstat
2717 5080 2790 5135 ad
2843 5075 3186 5133 Michaelem
3238 5079 3456 5128 Ducam
3504 5070 3650 5141 imp.

1997 5157 2091 5213 cui
2125 5155 2290 5210 valde
2323 5153 2516 5209 simile
2545 5151 2832 5221 scriptum
2861 5149 3022 5206 aliud
3052 5146 3241 5204 Psello
3270 5146 3558 5200 tributum
3581 5146 3655 5197 de

1997 5245 2110 5300 quo
2142 5226 2390 5300 Allatius
2415 5226 2566 5300 infra
2594 5226 2620 5292 §
2649 5224 2740 5300 5i.

2071 5299 2142 5370 (q)
2187 5299 2380 5353 Grazce
2427 5297 2485 5370 1n
2534 5287 2617 5361 8,'
2642 5296 2714 5348 ad
2783 5291 3000 5348 calcem
3051 5287 3652 5361 Apophthegmatum,

1957 5380 1963 5386 ‘
1996 5368 2174 5425 Leoni
2207 5372 2260 5424 X
2289 5368 2728 5438 inscriptorum.

2071 5442 2142 5511 (r)
2173 5443 2365 5496 Graece
2394 5424 2652 5500 tantum,
2685 5433 3024 5511 nonLGrzece
3053 5435 3110 5486 et
3140 5430 3362 5511 Latine,
3383 5432 3447 5482 ut
3477 5443 3510 5481 a
3532 5424 3649 5511 eila-

1998 5498 2233 5567 ris‘si'mo
2263 5517 2440 5566 Caveo
2473 5511 2530 5564 in
2581 5498 2714 5563 Hist.
2765 5507 3048 5560 litteraria
3091 5505 3441 5572 scriptorum
3454 5498 3642 5572 eccles.

2001 5583 2320 5653 proditum,
2352 5582 2490 5637 licet
2519 5578 2793 5653 Heracliti
2821 5573 3130 5646 Allegoriis
3175 5569 3380 5629 Latina
3407 5569 3643 5626 illarum

2002 5651 2245 5710 Gesneri
2277 5653 2465 5710 versio
2496 5651 2828 5724 subjuncta.
