4078 6336
420 322 544 381 499

1812 316 2096 379 LEONIS
2142 318 2458 381 ALLATlI

3719 321 3843 383 500

428 474 547 513 una
576 471 709 511 cum
740 455 1025 512 Theodori
1071 456 1370 511 Prodromi
1420 455 1831 512 dissertatione
1880 454 1951 509 de
1981 455 2079 509 Sa-
2109 455 2160 520 Α
2192 471 2345 509 anno
2377 456 2533 526 1557,
2564 455 2855 513 edendum
2889 456 3130 525 curavit,
3164 460 3461 529 postrema
3489 456 3619 527 ejus
3651 461 3839 529 parte,

422 546 646 618 pientia
675 544 869 599 Graece
899 544 1083 598 edidit
1138 561 1264 600 esse
1297 550 1588 617 excerpta,
1624 542 1924 599 nonnullis
1948 548 2075 597 tan-

424 640 553 689 tum
600 634 792 689 verbis
844 634 1198 703 immutatis,
1249 651 1318 689 ex
1364 634 1457 689 bis
1510 635 1680 688 Pselli
1734 633 1969 688 lambis.
2006 638 2079 686 Ea

427 724 539 778 sub
587 720 907 789 ’Δνωνύμου
956 723 1190 777 nomine
1244 717 1496 794 Ἰάμϐους
1548 719 1907 791 ἡθοποιϊκοὺς
1961 721 2078 775 M0-

427 812 608 868 rellus
645 813 1004 884 vulgaverat.
1056 812 1212 866 Nihil
1268 813 1485 868 minus.
1538 811 1820 867 Phronesi
1853 815 2079 866 tantum

427 906 690 974 excepta,
744 902 971 973 reliqua
1018 906 1160 957 sunt
1209 902 1280 957 de
1326 902 1719 973 philosophia,
1769 900 2081 967 rhetorica,

426 996 482 1047 et
510 990 913 1062 grammatica,
950 1008 1097 1063 quae,
1132 996 1420 1062 quantum
1465 995 1730 1064 spectent
1764 991 1831 1045 ad
1867 1006 2080 1059 mores,

419 1081 690 1151 judicent
720 1079 839 1135 alii.
1250 1082 1257 1088 ’

495 1169 747 1225 XXXVI.
786 1170 1060 1240 Ejusdem
1118 1169 1518 1237 Puraphrasin
1567 1172 1627 1224 in
1676 1168 1980 1224 Aristotelis
2012 1169 2081 1222 Ii-

430 1261 593 1313 brum
658 1256 788 1330 Περὶ
857 1254 1168 1331 ἑρμηνείας,
1230 1260 1313 1313 De
1378 1260 1845 1329 interprelrtione,
1899 1257 2084 1312 edidit

431 1348 622 1403 Graece
656 1348 855 1414 Aldus,
890 1347 1172 1413 Venetiis,
1207 1364 1339 1402 cum
1390 1348 1718 1417 Ammonio,
1749 1353 1806 1403 et
1839 1348 2071 1419 Magen-

426 1436 552 1492 tino
584 1438 745 1503 1503,
777 1437 837 1491 in
869 1435 990 1504 fol.;
1026 1436 1291 1491 eamdem
1345 1436 1631 1491 latinitate
1683 1436 1956 1491 donatam
1994 1436 2081 1505 (δ),

430 1542 565 1581 cum
615 1526 879 1596 ejusdem
930 1524 1101 1580 Pselli
1151 1526 1495 1597 compendio
1547 1528 1607 1580 in
1650 1527 1891 1596 quinque
1932 1538 2083 1579 voce:

431 1616 752 1685 Porphyrii,
803 1624 854 1670 ei
905 1616 1212 1670 Aristotelis
1250 1615 1683 1685 prmdicamenla
1718 1616 1956 1670 Basileaa
1988 1630 2084 1668 ex-

432 1703 597 1759 cudit
626 1704 910 1758 Robertus
941 1703 1175 1758 Winter
1216 1704 1375 1772 1542,
1404 1704 1459 1759 8.
1494 1705 1629 1767 Qum
1682 1704 1891 1758 ultima
1922 1703 2084 1774 prius

2188 559 2315 612 quae
2347 549 2435 599 est
2466 546 2536 599 de
2568 545 2903 617 astrologia,
2947 546 3189 612 omissa,
3234 551 3357 601 tum
3395 546 3549 617 quod
3583 546 3843 615 antiquis

2188 632 2305 686 illis
2336 639 2527 703 egeret
2558 633 2887 689 Grazcorum
2915 635 3411 703 tabulis,quarum
3435 634 3692 690 rationes
3716 635 3843 689 suis

2191 722 2554 793 temporibus
2585 741 2699 777 non
2734 724 2876 779 satis
2904 724 3326 795 congruebant,
3351 728 3477 778 tum
3510 724 3662 793 quod
3689 728 3846 778 esset

2192 813 2472 868 mendosa
2504 820 2708 885 praeter
2753 814 2924 879 alias,
2982 819 3039 869 et
3069 830 3136 868 ex
3167 830 3233 869 ea
3283 830 3344 869 se
3393 813 3548 869 haud
3583 814 3747 881 dum,
3779 818 3845 867 ut

2193 902 2316 972 ipse
2366 906 2658 973 praefatur,
2728 920 2795 958 ex
2853 903 3144 959 sententia
3211 904 3499 972 explicare
3564 902 3843 974 potuerit,

2192 992 2362 1061 cujus
2407 991 2530 1046 loco
2594 992 2779 1048 Procli
2843 992 3132 1063 sphaeram
3204 992 3535 1047 substituit.
3609 992 3842 1045 Editum

2192 1080 2300 1135 hoc
2351 1081 2502 1135 idem
2570 1081 2729 1153 Opus
2779 1097 2848 1137 ex
2913 1080 3103 1136 Vineti
3160 1081 3643 1152 interpretatione
3694 1082 3846 1135 Tur-

2192 1171 2329 1225 noni
2400 1171 2554 1241 apud
2627 1170 2939 1225 Claudium
3009 1169 3378 1237 Michaelem,
3450 1188 3604 1226 anno
3684 1171 3842 1225 1592.

2194 1259 2329 1313 Post
2355 1259 2629 1314 Vinctum
2653 1260 2953 1333 Xylander
2976 1277 3144 1315 suam
3172 1260 3717 1331 interpretationem
3754 1276 3852 1331 ag-

2192 1364 2431 1420 gressus
2463 1355 2571 1404 est.

2266 1446 2579 1501 XXXVIII.
2694 1447 2969 1518 Ejusdem
3072 1451 3336 1502 tractans
3421 1445 3550 1519 Περὶ
3636 1465 3848 1519 χρυσο-

2194 1531 2404 1604 ποιίας,
2437 1536 2507 1590 De
2537 1538 2672 1591 auri
2718 1536 3050 1606 conﬁciendi
3094 1537 3332 1603 ratione,
3382 1536 3453 1591 ad
3510 1535 3849 1591 Michaelem

2194 1624 2555 1679 Cerularium
2624 1625 3017 1696 patriarcbam
3103 1624 3849 1696 Constantinopolitanum,

2196 1712 2494 1767 Dominico
2527 1712 2865 1768 Pizimentio
2898 1714 3209 1769 Vibonensi
3240 1715 3846 1784 interprete,unacum

432 1810 585 1848 anno
620 1793 757 1847 1540
788 1792 982 1847 Grmce
1033 1793 1273 1848 Parisiis
1307 1794 1463 1848 edita
1514 1795 1771 1861 fuerunt,
1805 1810 1921 1847 una
1951 1809 2082 1847 cum
2118 1814 2164 1879 Β
2197 1801 2526 1856 Democrito
2552 1802 2843 1869 Abderita,
2878 1803 3139 1875 Synesio.
3174 1802 3408 1872 Pelagio
3461 1809 3518 1857 et
3550 1803 3850 1874 Stephano

430 1882 692 1951 ejusdem
742 1882 1155 1937 Introductione
1202 1883 1263 1935 in
1311 1899 1411 1936 scrc
1460 1882 1835 1953 ΡΙιιιοδορΙιίιεε
1877 1881 2083 1937 modos,

429 1978 485 2028 et
515 1988 665 2027 anno
700 1971 857 2041 15ιὶ1,
888 1972 973 2027 12.
1008 1970 1224 2026 Ibidem
1261 1988 1362 2042 per
1381 1970 1663 2025 Jacobum
1698 1971 2084 2025 Foscarenum

428 2059 731 2116 Michaelis
763 2060 948 2114 filium
979 2059 1269 2114 latinitate
1317 2059 1553 2113 donata.
1606 2063 1665 2112 In
1721 2059 1835 2113 alio
1889 2059 2086 2114 codice

434 2147 837 2220 manuscripto
872 2146 1253 2218 Paraphrasis
1284 2146 1494 2201 titulus
1542 2147 1623 2203 ita
1671 2146 1943 2214 habetur,
1979 2152 2086 2199 Πα-

433 2235 691 2313 ράφρασις
733 2239 829 2289 τοῦ
873 2235 1004 2309 Περὶ
1050 2232 1359 2309 ἑρμηνείας,
1397 2233 1503 2288 ἀπὸ
1555 2240 1740 2312 φωνῆς
1772 2238 1867 2288 τοῦ
1898 2234 2086 2309 κυρίου

432 2323 749 2399 Βεστάρχου
788 2322 876 2376 καὶ
934 2321 1137 2377 ὑπάτου
1184 2326 1291 2377 τῶν
1344 2322 1662 2400 φιλοσόφων
1705 2328 1802 2378 τοῦ
1834 2321 2084 2381 ἶῐνελλοῦ.

434 2414 805 2485 Paraphrasis
863 2414 920 2467 in
973 2413 1177 2469 librum
1225 2414 1299 2469 De
1349 2416 1833 2486 inlerprelalione,
1896 2431 1965 2469 ea:
1992 2431 2089 2471 ore

434 2503 653 2559 domini
672 2501 978 2557 Bestarchaz
1008 2512 1062 2557 et
1094 2503 1369 2573 rrz'ncipis
1414 2503 1862 2574 philosophorum
1895 2504 2084 2558 Pselli.

442 2591 585 2647 Hinc
630 2589 824 2645 virum
877 2589 1302 2645 Vestarchatus
1356 2592 1528 2645 etiam
1574 2590 1879 2662 dignitate,
1932 2592 2087 2646 unde

435 2684 638 2752 postea
665 2679 1006 2734 Vestarches
1064 2678 1445 2735 nobilissimae
1497 2680 1729 2734 familiae
1770 2696 1983 2736 nomen
2006 2681 2084 2735 ir-

432 2768 639 2841 repsit,
671 2767 1022 2840 insignitum
1057 2768 1238 2823 fuisse
1270 2767 1624 2839 colligimus.

502 2864 778 2921 XXXVII.
816 2865 1089 2934 Ejusdem
1148 2864 1313 2929 liber,
1348 2866 1408 2936 (ί)
1452 2866 1521 2920 de
1561 2872 1815 2937 quatuor
1863 2867 2089 2923 mathe-

437 2954 669 3011 maticis
699 2953 981 3019 scientiis,
1024 2953 1413 3019 arithmetica,
1468 2956 1715 3023 musica,
1748 2958 2088 3027 geometria,

436 3044 631 3100 Grazce
663 3047 719 3098 et
751 3042 954 3097 Latine
984 3041 1178 3097 editus
1212 3059 1345 3097 cum
1380 3042 1510 3097 aliis
1543 3046 1901 3116 auctoribus,
1936 3046 2088 3101 Wit-

440 3134 748 3204 tembergae
802 3131 963 3199 1560,
1014 3146 1119 3185 nec
1190 3147 1304 3186 non
1353 3131 1595 3187 Basileae
1647 3150 1750 3205 per
1798 3135 2085 3190 Joannem

435 3222 758 3295 Oporinum
794 3220 952 3290 1556,
984 3221 1037 3287 8,
1072 3219 1382 3277 Guilielmo
1414 3221 1716 3293 Xylandro
1749 3226 2086 3297 Augustano

437 3311 777 3382 interprete,
822 3325 956 3364 cum
1010 3308 1309 3363 nonnullis
1364 3310 1628 3379 ejusdem
1678 3312 1957 3384 Xylandri
1991 3331 2090 3368 an-

441 3398 841 3454 notationibus
874 3399 932 3453 in
961 3397 1249 3452 eumdem.
1278 3397 1501 3461 Quibus
1533 3400 1774 3455 accessit
1805 3402 2088 3474 Xylandri

446 3489 517 3543 de
553 3486 945 3559 philosophia,
982 3490 1038 3540 et
1085 3485 1213 3556 ejus
1266 3487 1532 3558 partibus
1565 3504 1822 3555 carmen,
1852 3496 1909 3545 et
1940 3508 2085 3546 non-

443 3575 607 3633 nulla
650 3575 765 3632 alia
812 3575 1074 3631 carmina
1126 3576 1339 3631 diversi
1389 3579 1740 3649 argumenti.
1792 3580 1951 3651 Opus
1981 3581 2089 3636 hoc

443 3665 672 3738 primus
702 3665 895 3721 Romae
928 3663 1122 3719 Graece
1154 3664 1614 3736 imprimendum
1666 3670 1889 3723 curavit
1917 3672 2088 3726 Arse-

443 3754 578 3811 nius
601 3754 1015 3810 Mouembasiaa
1044 3753 1377 3826 episcopus,
1403 3756 1460 3809 in
1495 3774 1609 3827 qua
1658 3758 1916 3814 editione
1943 3760 2088 3814 scri-

439 3849 655 3916 pserat,
723 3844 1011 3900 incertum
1074 3859 1222 3913 esse,
1294 3843 1465 3899 Pselli
1528 3862 1599 3901 ne
1666 3864 1739 3901 an
1792 3848 2087 3920 Euthymii

439 3934 749 4004 cujusdam
782 3934 892 4004 [25]
924 3950 1072 4004 opus
1121 3937 1297 4002 esset,
1348 3933 1640 4005 plerisque
1688 3940 1883 3991 tamen
1918 3937 2089 3993 Pselli

435 4022 641 4078 videri.
691 4020 789 4074 Καὶ
853 4024 1024 4074 ταῦτα
1087 4024 1165 4090 τῷ
1224 4019 1425 4088 ταύτης
1476 4022 1660 4096 πατρὶ,
1708 4020 1814 4077 ιῖίτι
1868 4023 2086 4086 Ψελλὸς

437 4110 527 4178 ἦν,
558 4109 631 4170 ὡς
664 4114 779 4169 τοῖς
807 4108 1028 4162 πλείοσι
1061 4105 1231 4178 δοκεῖ,
1255 4106 1333 4162 ε’ἷτ
1366 4108 1675 4183 Ἐὐθύμιος,
1700 4112 2087 4186 χαριζόμενος.

438 4199 770 4270 Impressus
856 4214 1088 4269 quoque
1194 4203 1282 4253 est
1384 4200 1464 4270 (α)
1577 4202 1817 4257 Parisxis
1898 4204 2090 4261 Graece

438 4304 591 4342 anno
642 4287 804 4351 4545,
888 4288 975 4352 12,
1042 4303 1144 4358 per
1206 4287 1485 4343 Jacobum
1556 4289 1911 4361 Bogardum.
1962 4294 2088 4349 Non

438 4374 622 4431 multo
689 4379 820 4447 post
886 4374 1043 4430 Elias
1110 4374 1372 4442 Vinetus,
1441 4378 1595 4448 quod
1688 4379 1888 4436 nullus
1955 4388 2089 4438 ante

437 4480 598 4535 eum,
626 4480 779 4521 anno
816 4464 971 4531 1553,
1006 4463 1234 4535 primus
1268 4464 1538 4522 Latinum
1572 4468 2089 4542 fecit,Parisiisque

2195 1890 2606 1957 Alexandrino,
2651 1893 2722 1946 de
2773 1909 2983 1963 magna
3031 1897 3087 1947 et
3135 1909 3302 1946 sacra
3352 1898 3496 1955 arte,
3542 1893 3734 1947 editus
3766 1899 3858 1947 est

2198 1979 2414 2034 Patavii
2477 1981 2629 2052 apud
2674 1981 2973 2036 Simonem
3027 1980 3421 2051 Galignanum
3473 1981 3631 2050 1572,
3688 1982 3748 2036 in
3799 1985 3853 2037 8.

2197 2068 2345 2123 Dicti
2380 2074 2644 2125 auctores
2667 2086 2798 2124 cum
2835 2067 3129 2140 plerisque
3160 2069 3294 2124 aliis
3343 2071 3413 2124 de
3462 2071 3665 2124 eadem
3698 2076 3844 2139 arte,

2196 2158 2348 2212 inter
2378 2174 2522 2229 quos
2558 2158 2831 2231 praecipui
2865 2169 3037 2213 erunt
3070 2159 3362 2225 Zosimus,
3394 2158 3852 2231 Olympiodorus

2197 2247 2607 2302 Christianus:
2653 2252 2709 2303 et
2756 2247 3017 2303 carmine
3066 2247 3433 2318 Hellodorus,
3485 2248 3859 2312 Hierotheus,

2195 2336 2655 2407 Theophrastus,
2686 2337 3028 2401 Archelaus,
3061 2341 3118 2392 et
3148 2336 3243 2392 alii
3277 2354 3389 2392 non
3424 2338 3852 2393 contemnendi

2199 2425 2402 2498 lingua
2453 2426 2679 2492 Latina,
2748 2426 2940 2481 Graace
2992 2431 3049 2480 et
3109 2426 3307 2482 Latine
3358 2444 3540 2481 unum
3585 2432 3855 2482 nostrum

2202 2514 2493 2570 variorum
2544 2516 2923 2586 antiquorum
2991 2514 3285 2581 volumen,
3344 2532 3476 2569 cum
3529 2517 3748 2570 nostris
3782 2517 3856 2570 de

2197 2605 2401 2659 eadem
2434 2621 2493 2659 re
2526 2603 2878 2673 tractatulis,
2901 2603 2959 2658 ni
2993 2605 3138 2659 meis
3170 2604 3387 2659 studiis
3419 2621 3653 2675 semper
3674 2604 3855 2660 Musae

2199 2693 2452 2748 adversa:
2485 2694 2720 2761 fuerint,
2767 2693 3045 2765 cbymicaa
3095 2693 3238 2748 artis
3289 2694 3501 2749 deditis
3544 2711 3658 2749 non
3692 2693 3853 2764 inju-

2200 2783 2485 2853 cundum,
2531 2782 2890 2838 conflabunt.
2943 2782 3541 2838 Animadvertendum
3584 2783 3786 2850 etiam,
3823 2800 3857 2839 a

2201 2870 2539 2926 Pizimentio
2570 2870 2723 2926 male
2773 2870 3080 2943 epistolam
3137 2870 3305 2926 Pselli
3356 2872 3428 2926 ad
3477 2871 3850 2943 Xipbilinum

2198 2960 2501 3027 directam,
2534 2961 2607 3031 (υ)
2640 2960 2737 3031 qui
2769 2960 3025 3015 Joannes
3056 2958 3381 3027 dicebatur,
3429 2977 3543 3015 non
3580 2959 3847 3026 Michael,

2201 3049 2311 3103 nisi
2355 3048 2601 3104 velimus
2652 3049 2842 3103 dicere
2905 3047 3159 3103 Psellum
3211 3049 3484 3104 eumdem
3535 3053 3851 3103 tractatum

2201 3144 2425 3193 mutato
2458 3138 2580 3193 solo
2617 3138 2853 3193 nomine
2886 3138 3093 3193 amicis
3128 3138 3396 3209 pluribus
3428 3137 3853 3205 divenditasse,

2199 3227 2351 3297 quod
2387 3226 2518 3281 aliis
2547 3228 2725 3282 etiam
2760 3226 3017 3281 solemne
3046 3226 3171 3282 fuit.
3227 3231 3293 3281 Et
3342 3243 3413 3281 ne
3462 3226 3609 3282 alios
3647 3244 3853 3283 recen-

2198 3316 2401 3385 sendo,
2450 3319 2685 3386 tempus
2734 3321 3055 3383 conteram,
3115 3316 3259 3370 satis
3316 3315 3458 3370 mihi
3508 3316 3618 3371 erit
3664 3333 3850 3371 unum

2197 3405 2309 3477 [26]
2344 3408 2571 3459 tantum
2595 3405 2652 3459 in
2687 3404 2947 3459 medium
2979 3404 3363 3475 alferre,quorl
3395 3405 3466 3460 ob
3501 3405 3851 3476 dignitatem

2198 3494 2477 3561 auctoris,
2529 3493 2745 3548 mirum
2808 3492 3104 3549 nonnullis
3151 3493 3462 3549 videbitur.
3517 3494 3657 3557 Quis
3688 3494 3848 3550 enim

2197 3585 2393 3639 credet
2442 3583 2776 3653 Isocratem,
2827 3587 3125 3638 oratorum
3207 3581 3348 3638 illud
3415 3600 3479 3638 ac
3542 3582 3849 3639 rhetorum

2199 3689 2438 3741 numen,
2475 3672 2640 3743 quasi
2676 3688 2868 3726 rerum
2902 3672 3264 3743 argumentis
3313 3673 3686 3738 destitutum,
3718 3673 3849 3728 ino-

2199 3764 2413 3835 piaque
2491 3760 2633 3815 artis
2701 3761 2841 3816 adeo
2920 3761 3147 3829 rudem,
3225 3778 3399 3815 unam
3461 3762 3851 3833 eamdemque

2199 3851 2543 3921 orationem,
2578 3851 2705 3919 ejus
2738 3850 2974 3903 nomine
3006 3848 3195 3903 solum
3227 3849 3647 3919 immulato,ad
3669 3867 3848 3922 quem

2198 3940 2506 4007 direxerat,
2540 3938 2863 4009 paucisque
2894 3937 3046 4000 aliis,
3073 3936 3361 4007 pluribus,
3398 3954 3526 3992 raro
3558 3940 3850 4010 exemplo.

2199 4027 2594 4099 inscripsisse,
2629 4028 2783 4097 quod
2833 4026 2966 4080 licet
3015 4025 3228 4080 sileant
3278 4026 3409 4080 libri
3456 4026 3752 4082 rhetorum
3789 4030 3849 4082 in

2200 4117 2356 4171 hunc
2389 4117 2544 4171 diem
2586 4114 2747 4183 editi,
2801 4115 2946 4169 forte
2994 4114 3143 4168 tanti
3194 4115 3461 4186 magistri
3504 4119 3850 4187 reverentia,

2201 4222 2315 4260 non
2347 4204 2529 4258 tacuit
2560 4208 2755 4257 tamen
2784 4206 2986 4257 auctor
3035 4201 3120 4255 illi
3167 4200 3472 4275 σύγχρονος
3511 4204 3759 4276 epistola
3777 4208 3853 4261 ad

2199 4293 2535 4365 Philippum
2557 4308 2771 4363 regem.
2809 4291 3023 4347 Locum
3057 4307 3123 4346 eo
3172 4290 3451 4347 libentius
3498 4292 3593 4347 hic
3623 4294 3853 4351 ascribo

2202 4382 2340 4454 quia
2387 4381 2824 4454 pulcherrimus
2873 4384 2981 4445 est,
3026 4384 3083 4434 et
3122 4397 3311 4451 rarus,
3363 4381 3444 4450 (ω)
3488 4387 3544 4437 et
3591 4400 3621 4437 a
3663 4383 3850 4450 nullo,

2202 4471 2356 4544 quod
2387 4471 2592 4540 sciam,
2624 4471 2987 4525 observatus.
3020 4465 3261 4541 Ὁμοίως
3312 4465 3370 4522 δὲ
3416 4468 3505 4523 καὶ
3534 4470 3855 4547 Ἰσοκράτης

2030 4571 2078 4624 Ν
2088 4571 2268 4628 OT/E.

509 4651 840 4723 (3)_Latina
889 4651 1078 4707 versio
1125 4651 1553 4723 paraphraseos
1605 4656 1780 4712 Pselli
1855 4658 1913 4713 in
1984 4658 2086 4715 lib.

438 4720 573 4796 Περῖ
598 4720 925 4797 ἑρμηνεζκς,
959 4720 1152 4797 studio
1172 4720 1567 4797 quorumdam
1602 4729 1929 4784 amicorum
1962 4730 2085 4786 Nic.

442 4794 830 4871 martjmbosii
862 4795 1078 4871 prodiit
1110 4796 1289 4871 Paris.
1324 4797 1573 4871 1339,74.
1611 4801 1910 4856 Editiones
1943 4819 2088 4871 quo-

437 4884 553 4938 que
582 4866 861 4923 Venetam
913 4867 1069 4921 1541.
1101 4867 1220 4938 _fol.
1273 4871 1329 4922 et
1376 4869 1771 4926 Basileensem
1820 4890 1873 4927 a.
1927 4866 2087 4929 1542.

438 4936 724 4994 memorat
755 4938 1042 4992 Labbeus.
1098 4936 1296 4993 Exstat
1324 4946 1383 4994 et
1430 4940 1600 4995 Pselli
1645 4943 1997 4999 introductio
2028 4946 2087 4999 in

439 5026 539 5064 sex
592 5008 996 5086 philosophus
1024 5009 1229 5086 modos
1278 5015 1336 5086 et
1383 5014 1792 5083 compendium
1827 5016 2089 5086 quinque

437 5079 643 5157 vocum
697 5079 998 5157 Porphyrii
1049 5085 1112 5157 et_
1154 5083 1239 5157 de
1270 5081 1472 5157 decem
1516 5079 1861 5157 categoriis,
1890 5079 2084 5157 Venet,

440 5153 600 5216 1532,
624 5168 755 5206 cum
789 5151 1052 5206 versione
1082 5152 1281 5207 Jacobi
1314 5156 1638 5211 Foscareni.

509 5224 571 5293 (t)
604 5224 770 5277 Hunc
819 5223 1037 5277 librum
1101 5224 1182 5292 (in
1234 5240 1347 5292 quo
1400 5227 1585 5281 multa
1614 5243 1645 5281 e
1674 5227 1905 5281 Theone
1938 5229 2082 5284 deli-

439 5294 853 5367 batalPsellus
885 5298 1137 5367 testatur
1172 5309 1272 5367 se
1297 5294 1609 5367 scripsisse
1657 5315 1810 5354 anno
1855 5304 2084 5357 Graeco—

436 5382 567 5421 rum
597 5366 758 5432 6516,
792 5364 851 5419 h.
884 5379 935 5420 e.
968 5363 1185 5419 Christi
1215 5364 1373 5420 1008.

510 5440 591 5503 (α)
633 5436 899 5511 Venetiis
946 5451 1200 5511 quoque
1232 5439 1598 5511 ann_o_1532,
1646 5443 1698 5507 8,
1748 5456 1874 5511 quae
1906 5442 2081 5498 editio

442 5507 639 5562 Graeca
669 5506 920 5563 occurrit
953 5507 1145 5562 Romae
1188 5506 1245 5559 in
1297 5507 1438 5563 bibl.
1487 5506 1822 5567 Barberina.
1878 5513 2082 5570 Latina

440 5593 581 5654 vero
626 5579 908 5654 Xylandri
951 5578 1368 5654 interpretatio
1417 5597 1647 5654 _recusa
1717 5585 1891 5654 Lugd.
1953 5590 2079 5641 Bat.

437 5647 601 5719 1647,
633 5647 696 5705 in
723 5651 777 5705 8.
810 5648 1093 5705 Libellum
1122 5647 1291 5706 Pselli
1320 5651 1391 5707 de
1416 5650 1735 5723 Musica,ex
1757 5647 1862 5713 hoc
1881 5656 2080 5714 Tetra-

2200 4656 2362 4732 biblo
2395 4662 2738 4732 Lampertus
2770 4656 3028 4732 Alardus
3051 4658 3398 4732 cumilatina
3429 4676 3536 4716 sua
3565 4660 3853 4732 interpre-

2200 4728 2727 4805 tationasubjecit
2789 4728 2944 4805 libro
3003 4746 3112 4785 suo
3174 4731 3244 4785 de
3290 4736 3549 4787 veterum
3597 4728 3849 4805 Musica,

2201 4800 2595 4873 Schleusingae
2630 4802 2752 4865 136,
2780 4802 2866 4854 12.

2270 4875 2345 4943 (v)
2379 4871 2565 4927 Etiam
2620 4874 2675 4927 in
2723 4873 2915 4926 Graeco
2954 4871 3164 4943 codice
3206 4873 3365 4943 regio
3442 4874 3626 4928 Paris.
3673 4875 3853 4943 cujus

2200 4941 2604 5018 apbgraphum
2637 4943 2918 5018 beneﬁcio
2948 4941 3193 5018 illustris
3220 4941 3324 4998 viri
3356 4944 3520 4999 Pauli
3542 4941 3852 5018 Vindingii

2200 5013 2491 5088 possideo,
2544 5032 2772 5088 nomen
2793 5013 3074 5088 Xipbilini
3098 5020 3310 5088 _exstat
3341 5033 3354 5070 :
3386 5019 3490 5088 To-S
3543 5013 3849 5088 μακαρίιξου

2198 5082 2284 5138 ἰαὶ
2312 5084 2583 5161 πᾳνσόφου
2634 5082 3169 5161 ινελλοῦίὲπιστρλή
3221 5086 3354 5159 πρὸς
3404 5086 3493 5161 τὸν
3538 5082 3846 5161 ἆγιώὲατον

2195 5153 2569 5232 πατριάρχὴνᾷ
2613 5153 2913 5232 Ξιφιλῖνρν
2961 5155 3107 5232 napi»
3154 5153 3551 5232 Αχριξσοποιίας,
3585 5153 3713 5232 ’,Αἰ
3783 5164 3847 5217 in

2196 5229 2886 5302 codice'Vindobonensi‘
2917 5230 2987 5282 ad
3037 5229 3377 5302 Michaelem
3438 5231 3849 5302 (Cerularium)

2195 5302 2490 5370 dirigitur,
2540 5304 2635 5377 eo?)
2684 5298 2999 5377 λογωτρςορ
3063 5300 3151 5377 xui
3210 5300 3492 5377 navcocpou
3538 5298 3847 5377 ὺπερτὶμού

2194 5367 2360 5446 κυρόῦ
2380 5368 2622 5447 ΔΜιχοιήλ
2652 5375 2749 5447 τοῦ
2767 5367 3155 5447 ’Ψελλοᾷλςπερὶ
3195 5367 3556 5447 χρυσοτέοιίας
3580 5367 3715 5447 «ea;
3734 5367 3847 5430 ’τὸν

2192 5440 2540 5518 πάτριάρχῆν
2567 5440 3082 5518 -κυύριον-Μιχαᾶςλ.

2265 5515 2342 5576 (τὸ)
2376 5515 2751 5588 Ιῐι“θρὶεῐοιὶο
2797 5515 3227 5571 Socraticorum
3279 5516 3351 5571 ab
3399 5516 3612 5573 Allatio
3661 5517 3847 5575 editis

2187 5602 2247 5659 p.
2278 5589 2368 5643 66.
