4060 6344
218 346 342 407 501

1490 343 1865 407 DIATRIBA
1908 342 2011 403 DE
2053 341 2398 405 PSELLIS.

3529 339 3649 402 502

219 472 421 544 ἐπειδὴ
479 476 598 536 νὲος
657 476 752 548 μὶν
814 474 889 531 ὥν
937 475 1016 540 εἷς
1060 475 1154 532 τὸν
1205 475 1383 550 δῆμον
1436 477 1573 549 μετά
1615 476 1877 549 Τιμοθέου

2003 476 2327 546 operatione
2385 475 2701 533 daemonum
2765 473 2915 531 liber
2978 475 3009 530 ό
3076 473 3273 529 Graeco
3353 472 3416 530 in
3490 471 3652 529 Lati-

218 566 347 628 καθ¹
414 565 566 636 ὑμῶν
638 562 932 627 ἐπιστολὲις
1011 565 1243 641 αἰσχρὰς
1319 561 1571 642 ἔγραφεν,
1648 565 1763 619 νυνὶ
1832 561 1877 618 δὲ

1999 581 2143 620 num
2175 566 2254 636 (ῃ)
2287 581 2604 620 conversus
2635 568 2727 621 est
2778 582 2811 620 a
2854 564 3022 620 Petro
3069 562 3308 619 Morello
3355 562 3426 633 (χ.)
3472 561 3651 616 Turo-

220 648 540 725 πρεσϐύτης
596 648 691 721 ὤν,
751 654 936 729 ὥσπερ
998 655 1159 724 ἑκὼν,
1203 657 1238 723 ἢ
1296 659 1507 733 φθονῶν
1553 655 1621 709 τὰ
1659 654 1877 709 πλεῖστά

1998 654 2189 721 nensi,
2224 654 2539 726 editusque
2572 654 2776 710 Latine
2807 670 2939 709 cum
2974 653 3315 710 Prefatione
3358 649 3647 708 Francisci

219 746 331 796 τῶν
442 743 568 815 ὑμῖν
676 742 1036 818 ὑπαρχόντων
1120 743 1339 817 ἀγαθῶν
1429 741 1832 819 παραλέλοιπεν
1870 784 1883 796 .

215 829 546 888 Απὲσταλκε
576 827 634 885 δέ
678 851 764 885 σοι
814 831 1010 906 Λόγον,
1043 832 1102 886 ὃν
1145 833 1206 887 τὸ
1257 832 1352 905 μὶν
1385 836 1600 905 πρῶτον
1653 827 1884 907 ἔγραψεν

211 916 563 996 ’Δγησιλάῳ,
626 920 796 996 μικρὰ
851 917 1198 982 διασκευάσας
1254 920 1474 993 ὕστερον
1529 919 1732 976 ἐπώλει
1806 923 1885 991 τῷ

216 1007 480 1071 Σικελίας
537 1008 786 1084 τυράννῳ
844 1009 1125 1083 Διονυσίῳ.
1186 1011 1261 1067 Τὸ
1320 1007 1377 1065 δὲ
1427 1010 1609 1085 τρίτον
1654 1010 1722 1064 τὰ
1782 1009 1880 1082 μὶν

211 1096 459 1175 ἀφελὼν,
490 1098 557 1152 τὰ
598 1095 656 1152 δὲ
702 1099 958 1172 προσθεὶς
1001 1098 1357 1171 ἐμνήστευσεν
1414 1095 1756 1173 Ἀλεξάνδρῳ
1803 1101 1883 1170 τῷ

214 1185 502 1259 Θετταλῷ,
530 1187 593 1241 τὸ
624 1183 683 1241 δέ
709 1185 1023 1242 τελευταῖον
1054 1192 1145 1241 νῦν
1186 1187 1325 1263 πρὸς
1376 1188 1433 1241 σὶ
1472 1186 1757 1263 γλίσχρως
1787 1186 1883 1241 αὐ-

209 1275 308 1331 τόν
377 1275 759 1345 ἀπηκόντισεν.
827 1279 889 1334 Id
954 1283 1046 1334 est
1095 1295 1109 1334 :
1168 1278 1445 1335 Similiter
1505 1284 1560 1334 et
1620 1280 1925 1353 Isocrates,

202 1368 441 1437 juvenis
472 1368 671 1433 adhuc,
702 1385 815 1423 una
863 1383 988 1423 cum
1044 1368 1341 1436 Timotheo,
1390 1377 1583 1424 contra
1622 1384 1713 1423 vos
1762 1368 1881 1438 epi-

212 1455 400 1513 stolas
424 1458 653 1528 probris
678 1457 872 1528 plenas
901 1456 972 1512 ad
994 1458 1263 1529 populum
1300 1457 1687 1525 scriptitabat;
1735 1472 1884 1511 nunc

210 1562 409 1615 senex,
442 1549 560 1602 sive
587 1547 797 1615 volens,
828 1549 947 1602 sive
976 1547 1283 1603 invidentia
1322 1548 1586 1616 percitus,
1637 1562 1723 1601 res
1768 1561 1880 1601 ves-

210 1640 335 1691 tras
369 1652 538 1706 quam
565 1637 860 1707 plurimas,
909 1652 1108 1707 easque
1154 1637 1320 1693 bonas
1367 1637 1592 1691 silentio
1639 1639 1880 1703 praetcr-

209 1726 298 1779 iit.
335 1725 597 1796 Misitque
624 1724 696 1780 ad
723 1728 779 1779 te
807 1734 1138 1795 orationem,
1189 1742 1354 1797 quam
1393 1727 1645 1796 primum
1690 1724 1879 1793 Agesi-

212 1814 303 1869 lao
376 1815 767 1885 inscripserat,
833 1818 887 1870 et
944 1817 1142 1887 paucis
1223 1816 1530 1870 immutatis
1612 1814 1879 1885 Dionysio
1909 1841 1956 1907 Β

207 1903 429 1959 Siciliae
460 1907 705 1974 tyranno
736 1903 989 1959 venalem
1040 1903 1324 1969 exhibuit,
1378 1906 1626 1973 tertium,
1684 1903 1880 1958 multis

207 1991 424 2047 additis
491 1992 793 2063 multisque
866 1992 1152 2059 detractis,
1237 1992 1555 2048 Alexandra
1631 1992 1879 2047 Thessalo

207 2080 527 2152 despondit,
574 2098 723 2136 nunc
766 2081 990 2137 tandem
1036 2082 1107 2137 ad
1156 2086 1208 2138 te
1256 2082 1635 2152 illiberaliter,
1682 2089 1744 2137 ut
1796 2083 1879 2136 ita

206 2170 396 2226 dicam
420 2170 742 2240 ejaculavit.
778 2170 1291 2241 Elegantissimam
1319 2170 1487 2241 hanc,
1515 2176 1573 2226 et
1619 2169 1877 2242 reliquas

205 2258 471 2314 Socratis
503 2263 561 2313 et
590 2258 839 2314 aliorum
870 2258 1297 2314 Socraticorum
1328 2258 1607 2331 epistolas
1638 2258 1876 2314 Latinas

199 2350 330 2421 jam
365 2355 546 2404 antea
576 2367 610 2406 a
639 2366 732 2406 me
762 2350 965 2418 factas,
1010 2348 1376 2421 antiquitatis
1424 2349 1877 2433 vestigatoribus

208 2456 395 2511 quam
430 2438 697 2511 primum
731 2439 1204 2496 communicabo.
1237 2440 1346 2495 Sed
1381 2440 1454 2495 ad
1502 2456 1645 2495 rem.
1700 2438 1877 2495 Lilius

206 2528 511 2601 Gyraldus
540 2528 896 2602 Dialogismo
925 2529 959 2582 8
991 2527 1482 2594 narrat,libellum
1514 2528 1872 2600 hunc,quem

202 2621 383 2673 vocat
414 2616 748 2682 aureolum,
782 2617 932 2673 inter
958 2622 1322 2689 pervetusios
1372 2616 1600 2672 codices
1649 2618 1877 2674 Graecos

206 2710 547 2775 repertum,
576 2720 872 2776 manuque
904 2721 1014 2760 sua
1062 2705 1419 2777 exscriptum
1469 2704 1604 2761 Pico
1657 2704 1876 2761 Miran-

206 2793 366 2849 dulaa
417 2810 485 2849 se
534 2792 870 2861 tradidisse,
930 2809 1365 2864 exornasseque
1421 2792 1531 2849 hoc
1586 2793 1876 2866 epigram-

209 2887 376 2937 mate
413 2898 429 2936 :

208 3059 275 3115 Si
306 3058 465 3114 velut
496 3055 785 3129 /Esonides
810 3057 1109 3127 Nepheleia
1143 3056 1355 3113 vellera
1383 3059 1609 3129 quaeris,

284 3134 411 3187 Non
440 3144 546 3200 per
577 3128 828 3201 cyanea:
859 3130 967 3184 illa
994 3129 1227 3199 petenda
1254 3128 1458 3201 petras.

209 3204 280 3260 Si
306 3198 747 3270 quse‘lantaleis
780 3198 1067 3255 latuerunt
1094 3198 1301 3256 aedibus
1331 3201 1500 3272 Atrei,

283 3274 407 3328 Non
438 3288 507 3326 ea
540 3272 797 3327 Tantalea
822 3273 1023 3342 fraude
1048 3272 1309 3343 paranda
1338 3273 1464 3328 tibi.

208 3344 585 3414 Hesperidum
606 3344 659 3398 si
690 3343 843 3398 mala
871 3345 1027 3411 cupis
1053 3349 1270 3399 servata
1299 3345 1563 3413 Dracone,

285 3417 410 3472 Non
440 3430 575 3485 Opus
603 3415 887 3481 Herculeo,
919 3417 1047 3470 Pice
1078 3416 1260 3471 labore
1289 3416 1410 3471 tibi.

208 3487 276 3543 Si
300 3484 588 3557 quidquid
617 3488 796 3558 nigris
826 3488 961 3541 auri
988 3484 1243 3556 defertur
1266 3488 1332 3541 ab
1364 3486 1541 3556 Indis,

288 3564 412 3615 Non
444 3565 526 3613 est
555 3572 680 3612 cum
708 3559 958 3613 trucibus
985 3574 1171 3629 pugna
1196 3561 1388 3624 futura
1411 3561 1569 3628 feris.

212 3632 236 3701 ζ
236 3630 331 3701 27]
372 3630 432 3685 Si
460 3629 727 3701 quidquid
759 3631 934 3699 Lydis
964 3627 1049 3683 vel
1065 3627 1248 3685 'lberzs
1275 3627 1519 3685 volvitur
1547 3630 1734 3697 undis,

284 3704 410 3757 Non
439 3703 545 3755 tibi
571 3717 669 3770 per
694 3711 887 3771 gentes
916 3704 1076 3771 longa
1105 3702 1329 3756 terenda
1359 3705 1454 3756 via
1486 3710 1581 3756 est.

210 3775 424 3832 Omnes
452 3788 571 3828 ecce
600 3772 706 3828 tibi
732 3775 943 3844 ignotos
962 3788 1294 3844 quacunque
1318 3772 1614 3844 parandos,

293 3847 618 3914 Thesauros,
646 3859 819 3915 parvo
848 3843 1030 3899 codice
1059 3845 1285 3900 Psellus
1315 3845 1496 3900 habet.

288 4043 443 4098 Hinc
475 4042 750 4114 frequens
782 4040 943 4096 illius
975 4041 1289 4108 mentio,ct
1318 4041 1609 4097 dictorum
1638 4057 1879 4097 examen

213 4132 377 4204 apud
444 4130 733 4187 Joannem
794 4130 1169 4186 Franciscum
1227 4130 1427 4187 Picum
1483 4130 1542 4185 in
1595 4131 1763 4187 libris
1810 4131 1882 4186 de

208 4226 398 4290 Auro,
455 4221 556 4276 sed
617 4218 908 4291 praecipue
965 4236 1094 4290 cap.
1124 4220 1179 4287 ,2
1232 4218 1335 4276 lib.
1392 4238 1457 4288 Il,
1505 4221 1884 4277 Democriticw

211 4316 373 4365 sectae
438 4312 493 4363 et
558 4309 890 4365 Abderiticae
954 4309 1103 4363 inter
1175 4309 1495 4364 Aristotelis
1561 4311 1884 4380 interpretes

214 4399 463 4453 lichael
492 4397 710 4454 Psellus
740 4413 849 4453 non
880 4398 1061 4452 solum
1092 4399 1361 4464 meminit,
1402 4398 1502 4453 sed
1546 4415 1579 4453 a
1628 4413 1685 4453 se
1732 4413 1881 4453 reve-

216 4489 345 4543 lata
394 4487 590 4542 scribit
633 4488 755 4557 ejus
804 4502 1041 4541 arcana.
1097 4487 1203 4541 Hic
1247 4488 1400 4541 enim
1426 4491 1544 4558 post
1572 4487 1880 4553 Rhetorica,

1999 745 2366 802 r‘euardentii
2415 746 2657 801 Parisiis
2709 746 2863 817 apud
2918 745 3274 802 Gulielmum
3321 743 3647 800 Chaudiere

1994 835 2157 903 4577,
2187 836 2243 905 8,
2275 840 2330 891 et
2361 851 2516 892 anno
2551 836 2708 890 1615.
2744 834 2983 890 Lutetiae
3014 835 3376 891 Parisiorum
3407 831 3562 888 notis
3612 849 3648 886 a

1993 940 2057 979 se
2088 923 2450 980 illustratum
2498 924 2729 996 primus
2777 923 2971 980 Graece
3019 924 3111 994 (ex
3155 924 3387 980 duobus
3434 938 3651 979 manu-

1992 1013 2230 1085 scriptis
2262 1030 2370 1069 suo
2401 1018 2457 1070 et
2488 1012 2733 1085 Morelli)
2763 1012 2946 1069 edidit
2962 1012 3255 1069 Gilbertus
3275 1010 3648 1080 Gaulminus,

1994 1118 2127 1156 cum
2161 1101 2645 1173 interpretatione
2678 1102 2886 1158 Latina
2915 1102 3184 1173 ejusdem
3217 1099 3651 1157 Morelli.Plura

1991 1189 2131 1246 item
2191 1207 2261 1246 ex
2318 1192 2521 1247 eodem
2582 1190 2823 1264 Dialogo
2881 1196 3169 1262 excerpta,
3231 1190 3434 1246 Latina
3496 1189 3650 1244 facta

1989 1278 2203 1334 Joanni
2237 1280 2468 1347 Medici,
2489 1297 2607 1335 una
2637 1297 2770 1336 cum
2803 1279 2934 1336 aliis
2964 1296 3033 1336 ex
3062 1277 3645 1349 Jamblicho,Proclo,

1990 1368 2334 1442 Porphyrio,
2368 1368 2668 1425 Marsilius
2727 1369 2962 1425 Ficinus
3011 1373 3473 1440 nuncupaverat.
3505 1369 3646 1424 Ges-

1990 1474 2167 1513 nerus
2200 1460 2489 1530 scriptum
2523 1458 2783 1530 reliquit,
2818 1459 3074 1514 Psellum
3107 1459 3257 1514 duos
3303 1457 3372 1512 de
3422 1462 3647 1513 Daemo-

1990 1546 2167 1602 nibus
2228 1546 2411 1603 libros
2479 1548 2811 1619 scripsisse,
2874 1564 3023 1618 quos
3082 1546 3299 1620 Diegus
3347 1545 3646 1601 Hurtadus

1989 1636 2242 1693 Venetiis
2302 1636 2665 1708 possidebat,
2717 1638 3038 1709 excusique
3102 1641 3267 1692 erant
3336 1637 3537 1691 Latine
3585 1633 3647 1690 in

1987 1725 2221 1781 ofﬁcina
2250 1726 2401 1780 Aldi.
2442 1727 2516 1781 De
2568 1725 2830 1781 Hurtado
2880 1724 3030 1781 nihil
3080 1725 3231 1782 dico.
3281 1724 3363 1781 De
3412 1722 3649 1780 ofﬁcina

1988 1814 2121 1869 Aldi
2150 1814 2364 1870 falsum
2390 1819 2482 1870 est
2510 1814 2591 1870 ibi
2624 1813 2732 1870 hos
2761 1815 2909 1871 duos
2938 1814 3119 1870 libros
3149 1814 3222 1870 de
3269 1812 3638 1869 demonibus

1988 1920 2118 1960 esse
2162 1904 2507 1976 impressas,
2542 1919 2672 1959 cum
2715 1905 2773 1960 in
2827 1903 2927 1960 illa
2972 1904 3225 1960 editione
3272 1901 3422 1958 nihil
3475 1901 3635 1957 aliud

1987 1993 2380 2063 contineatur,
2475 2009 2653 2063 quam
2750 1997 3023 2064 excerpta
3112 1992 3216 2048 illa
3308 1991 3633 2056 Ficiniana,

1986 2082 2204 2153 saepius
2252 2081 2330 2153 (a)
2362 2082 2569 2138 multis
2599 2082 2659 2137 in
2689 2080 2840 2137 locis
2865 2082 3045 2149 edita,
3069 2082 3273 2138 eodem
3305 2079 3530 2145 ordine,
3563 2096 3631 2135 ac

1986 2170 2390 2227 distinctione.
2422 2170 2776 2227 Gaulminus
2804 2172 3095 2242 conjectat
3122 2186 3192 2227 ex
3220 2168 3413 2226 verbis
3442 2168 3632 2241 ipsius

1985 2259 2161 2315 Pselli
2190 2260 2251 2314 in
2281 2260 2395 2315 line
2426 2258 2645 2332 dialogi
2694 2261 2765 2316 de
2813 2259 3204 2331 daemonibus,
3251 2258 3435 2315 libros
3481 2258 3632 2314 duos

1985 2349 2315 2419 scripsisse.
2375 2350 2530 2421 quod
2593 2348 2842 2406 latuisse
2900 2349 3248 2422 interpretes
3302 2347 3633 2417 Morellum,

1985 2443 2042 2493 et
2064 2438 2349 2504 Ficinum,
2380 2439 2508 2494 ideo
2531 2438 2785 2495 maxime
2806 2439 3043 2510 quodin
3067 2437 3355 2510 excerptis
3385 2452 3416 2493 e
3446 2436 3635 2493 Psello

1986 2544 2113 2599 quas
2148 2544 2300 2583 acum
2360 2527 2649 2599 excerptis
2711 2528 2929 2599 pariter
2982 2528 3096 2599 [28]
3151 2543 3221 2582 ex
3280 2524 3634 2592 Jamblicho,

1983 2615 2207 2684 Proclo,
2262 2620 2321 2671 et
2370 2615 2687 2688 Porphyrio
2750 2617 2911 2673 edita
2966 2622 3127 2682 sunt,
3179 2614 3378 2687 aliqua
3428 2612 3636 2670 ultimo

1986 2707 2176 2777 capite
2205 2706 2430 2773 afferat,
2466 2722 2596 2778 qua:
2625 2706 2942 2778 desumpta
2988 2722 3057 2762 ex
3105 2704 3364 2761 secundo
3413 2703 3535 2770 illo,
3585 2702 3637 2759 si
3732 2696 3741 2703 ’

1985 2796 2123 2867 quis
2152 2798 2261 2866 est,
2293 2794 2443 2851 libro
2473 2794 2659 2851 videri
2689 2799 2958 2867 possunt.
2999 2794 3236 2867 Optima
3277 2793 3635 2864 conjectura,

1985 2888 2044 2940 et
2088 2883 2321 2940 veritati
2371 2885 2780 2952 consentiens;
2832 2902 2959 2957 qua:
3008 2884 3165 2940 enim
3220 2884 3282 2939 in
3330 2898 3398 2939 eo
3449 2880 3638 2953 capite

1985 2974 2384 3039 continentur,
2440 2990 2599 3039 cum,
2658 2978 2723 3029 ut
2782 2974 3164 3030 manifestum
3236 2971 3452 3045 legenti
3507 2986 3638 3029 esse

1985 3067 2199 3134 potest,
2223 3062 2283 3118 in
2317 3062 2426 3119 hoc
2452 3062 2692 3135 Dialogo
2724 3080 2840 3119 non
2872 3062 3221 3130 habeantur,
3241 3078 3309 3119 ex
3342 3060 3456 3117 alio
3488 3059 3637 3116 libro

1986 3152 2301 3223 desumpta
2334 3167 2462 3207 esse
2493 3168 2726 3207 necesse
2756 3156 2863 3207 est.
2896 3152 3044 3207 Sunt
3071 3155 3288 3221 autem,
3313 3166 3385 3205 ne
3412 3148 3639 3205 diutius

1987 3246 2042 3297 te
2073 3240 2388 3308 detineam,
2424 3240 2625 3307 lector,
2657 3258 2727 3296 ex
2755 3245 3009 3297 tractatu
3041 3241 3306 3311 ejusdem
3356 3237 3530 3295 Pselli
3576 3237 3637 3292 in

1984 3330 2138 3386 hanc
2203 3331 2471 3386 eamdem
2539 3346 2661 3386 rem
2729 3331 2836 3386 sub
2901 3330 3013 3387 hoc
3070 3328 3262 3400 titulo,
3319 3327 3460 3385 Τίνα
3515 3325 3640 3402 περὶ

1985 3414 2258 3490 δαιμόνων
2289 3414 2599 3487 δοξάζουσιν
2630 3416 2924 3488 Ἕλληνες’
2959 3420 3228 3488 Quanam
3254 3419 3366 3474 sint
3409 3417 3476 3473 de
3522 3418 3639 3474 dae-

1985 3510 2237 3564 monibus
2267 3510 2550 3579 opiniones
2583 3509 3107 3579 ercorummujus
3139 3507 3499 3580 principium
3528 3505 3644 3562 tale

1986 3608 2095 3667 est,
2151 3596 2213 3653 Ὀ
2280 3596 2374 3669 μὶν
2435 3594 2704 3672 ἡμέτερος
2759 3594 2924 3672 λόγος
2983 3596 3324 3669 προαιρέσεις
3379 3593 3470 3650 καὶ
3528 3598 3645 3654 τοῖς

1987 3682 2247 3760 ἀγγέλοις
2293 3682 2502 3747 διδούς.
2552 3687 2660 3752 Qui
2721 3704 2794 3743 an
2854 3703 3007 3741 unus
3062 3686 3140 3741 sit
3190 3702 3323 3741 cum
3381 3684 3642 3740 secundo

1988 3776 2348 3831 Hurtadiano
2380 3793 2494 3832 non
2528 3777 2721 3831 ausim
2754 3777 3049 3832 affirmare
3081 3793 3095 3831 ι
3128 3779 3185 3831 et
3214 3774 3538 3846 praesertim
3579 3772 3640 3827 in

1989 3864 2097 3920 hoc
2125 3865 2426 3937 scriptore,
2464 3865 2560 3920 cui
2610 3881 2727 3921 non
2779 3864 3016 3920 defuere
3062 3864 3217 3919 vires
3264 3860 3637 3935 eloquentiae,

1990 3970 2095 4010 nec
2128 3959 2607 4026 argumentorum
2641 3953 3052 4026 copia,quibus
3081 3953 3341 4009 eamdem
3375 3967 3496 4007 rem
3522 3967 3640 4007 non

1991 4042 2193 4111 semel,
2228 4044 2329 4099 sed
2362 4043 2583 4116 pluries
2632 4046 3048 4114 pertractaret;
3096 4046 3162 4097 ut
3202 4040 3397 4097 videre
3441 4044 3533 4096 est
3578 4040 3640 4095 in

1992 4131 2126 4188 aliis
2156 4132 2228 4187 ab
2259 4148 2325 4187 eo
2356 4132 2725 4203 conscriptis.
2762 4132 2932 4187 Porro
2964 4130 3073 4186 hos
3103 4131 3253 4187 duos
3298 4130 3370 4185 de
3418 4134 3639 4185 Daemo-

1993 4220 2169 4276 nibus
2218 4219 2399 4276 libros
2447 4219 2547 4276 alii
2598 4219 2869 4276 tribuunt
2931 4218 3197 4276 Michaeli
3255 4217 3526 4291 Ephesio,
3577 4222 3644 4274 ut

1993 4308 2196 4364 scribit
2229 4308 2581 4364 Possevinus
2612 4308 2671 4363 in
2701 4311 3240 4380 Apparatu.Eorum
3273 4307 3331 4362 in
3366 4307 3642 4363 Latinum

1990 4396 2180 4452 versio
2209 4396 2415 4453 incerti
2462 4397 2677 4470 legitur
2725 4399 2783 4453 in
2838 4397 2977 4454 Cod.
3028 4398 3188 4467 3122,
3241 4388 3672 4467 manuscripto'

1995 4486 2316 4542 Vaticano:
2368 4491 2425 4542 et
2471 4488 2543 4542 de
2595 4486 2968 4543 Dasmonibus
3014 4490 3289 4558 excerpta
3337 4502 3408 4541 ex
3458 4484 3641 4541 Psello

221 4577 520 4643 Historica,
552 4576 794 4645 Poetica,
827 4574 1239 4643 Mathematica,
1269 4577 1489 4647 scripsit
1514 4580 1566 4631 et
1596 4576 1878 4647 Chymica,
1910 4578 1955 4642 D
1989 4591 2092 4646 per
2139 4575 2427 4631 Joannem
2477 4575 2763 4632 Jacobum
2811 4575 3215 4631 Bartholotum
3263 4579 3640 4631 Parmensem

216 4682 320 4721 nec
377 4681 492 4721 non
545 4672 601 4720 et
654 4663 882 4734 Medica,
937 4678 1063 4737 qua?
1126 4666 1489 4721 Constantino
1555 4666 1883 4737 imperatori

214 4752 456 4809 dicavit.

283 4841 539 4899 XXXIX.
600 4842 876 4914 Ejusdem
949 4838 1079 4915 Περί
1163 4836 1427 4917 ἐνεργείας
1486 4837 1761 4915 δαιμόνων
1823 4845 1891 4901 de

1993 4665 2323 4736 physicum,
2389 4663 2586 4720 codice
2655 4665 2818 4719 5376.
2889 4663 3033 4720 Vide
3097 4680 3225 4736 quae
3293 4680 3401 4720 nos
3460 4663 3639 4720 etiam

1994 4770 2172 4826 supra
2196 4754 2271 4825 (b)
2301 4754 2579 4809 diximus.

2069 4842 2175 4898 XL.
2207 4842 2488 4913 Ejusdem
2518 4842 2582 4897 In
2610 4841 2860 4900 Oracula
2907 4840 3204 4899 Chatdaica
3248 4840 3518 4913 expositio
3566 4840 3637 4912 (ο)

1826 4939 2041 4997 NOTAE

290 5030 373 5102 ty)
406 5028 473 5084 In
501 5026 670 5102 Bibl._
702 5026 924 5102 Gallica
970 5025 1328 5102 Cruci‘manii
1376 5029 1610 5102 p.405.
1661 5028 1883 5085 Gallica

221 5097 405 5157 etiam
438 5100 627 5155 versio
656 5097 835 5169 hujus
862 5097 996 5153 libri
1030 5114 1064 5154 a
1096 5098 1334 5155 Morello
1376 5097 1542 5154 edita
1591 5116 1883 5157 memora-

220 5177 343 5238 tur,
376 5171 588 5236 Paris.,
641 5171 795 5240 apud
848 5169 1001 5225 Guil.
1054 5169 1399 5238 Chaudiere,
1453 5173 1612 5235 1575,
1665 5172 1883 5228 additis

221 5243 522 5311 capitibus
550 5243 641 5307 33,
673 5248 732 5297 et
759 5242 849 5305 36,
880 5240 1015 5296 libri
1047 5243 1239 5311 quarti
1271 5242 1481 5297 Nicetes
1513 5244 1584 5298 de
1627 5242 1884 5299 Colossis

219 5316 389 5372 Asiae.
428 5315 664 5370 Librum
696 5311 871 5368 Pselli
902 5312 1127 5383 accepit
1160 5314 1432 5369 Morellus
1462 5332 1492 5370 e
1523 5314 1885 5371 Bibliotheca

210 5387 422 5443 Jacobi
458 5386 516 5441 S.
549 5383 869 5446 Andreani,
899 5383 1166 5438 canonici
1199 5386 1259 5440 S.
1295 5385 1492 5440 Mariae
1524 5388 1708 5441 Paris.

284 5460 365 5527 (ι)
399 5456 625 5513 Morelli
678 5456 868 5511 versio
898 5455 1103 5527 latina
1150 5462 1342 5511 exstat
1392 5457 1567 5511 etiam
1616 5456 1675 5512 in
1732 5455 1880 5511 Bibl.

220 5526 468 5585 Patrum
500 5529 642 5584 edit.
678 5526 959 5599 Lugd/1",
1006 5543 1169 5599 Δκιηιι.
1220 5544 1277 5599 p.
1324 5528 1448 5583 569.
1496 5529 1641 5582 Hinc
1692 5528 1885 5583 Graece

219 5610 276 5657 et
312 5601 521 5657 Latine
554 5615 689 5655 cum
719 5597 1015 5654 Gaulmini
1050 5597 1394 5654 notis'hunc
1423 5599 1638 5654 librum
1688 5600 1885 5654 minus

219 5674 536 5729 emendate
566 5671 766 5727 recudi
798 5669 1025 5725 curavit
1060 5670 1159 5739 7B5
1189 5671 1333 5726 Dan.
1378 5669 1882 5739 Hasenmullerus,

221 5744 412 5801 Kilon.
449 5744 615 5811 1688,
647 5742 735 5797 12.
768 5739 910 5798 Vide
938 5743 997 5796 et
1024 5738 1075 5795 si
1107 5737 1297 5812 placet
1324 5742 1653 5798 Cardanum
1687 5758 1738 5798 c.
1789 5737 1877 5797 93.

1989 5032 2071 5084 De
2101 5042 2297 5081 rerum
2346 5026 2648 5097 varietate,
2700 5026 2763 5081 T.
2810 5025 2935 5097 ΙΙΙ,
2964 5041 3099 5097 opp.
3151 5042 3208 5097 p.
3256 5024 3501 5097 319m].
3545 5028 3635 5082 Jo.

1990 5043 2071 5154 ac
2101 5043 2297 5110 rerum
2346 5043 2648 5109 varietate,
2706 5043 2763 5081 ι’.
2816 5043 2914 5089 ιιι,
2964 5043 3099 5153 opis.
3151 5043 3208 5097 p.
3256 5043 3364 5079 διν
3409 5043 3501 5097 sq.
3545 5043 3635 5082 ao.

2055 5114 2276 5154 ericum
2328 5097 2475 5153 Bibl.
2525 5095 2849 5153 Universal.
2896 5096 2967 5154 Τ.
3082 5099 3151 5162 ν,
3189 5096 3422 5168 -ρη118,
3456 5112 3546 5167 sq.
3580 5101 3640 5153 et

1989 5169 2329 5242 Yignoljum
2381 5169 2706 5242 Marvillum
2762 5184 2809 5223 s.
2860 5184 2925 5242 ri,
2979 5165 3226 5242 miscell.
3276 5165 3524 5242 litteram
3565 5186 3639 5242 _p.

1990 5233 2116 5313 303.
2147 5309 2157 5313 _
2185 5240 2425 5313 Dialogi
2456 5240 2689 5313 titulus
2727 5233 3040 5313 Τιμόθεος-
3081 5237 3117 5307 ἢ
3180 5237 3304 5312 περὶ
3370 5233 3639 5313 ξνιργιίᾶς

1993 5257 2116 5295 suo.
2185 5257 2408 5364 υιωοῆξ
2478 5257 2689 5296 nimus
2752 5257 3014 5310 ‘t'iitousoc
3081 5257 3117 5307 η
3180 5257 3304 5312 περι
3370 5257 3636 5313 ενιργιιας

1993 5308 2291 5383 δαιμόνων.
2416 5312 2507 5366 ide
2581 5311 2844 5367 Fulvium
2913 5309 3189 5383 Ursinum
3257 5313 3316 5366 in
3380 5312 3636 5383 Lyricor.

1993 5381 2340 5454 fragmentis
2372 5401 2427 5455 p.
2464 5384 2584 5438 179.
2620 5383 2971 5455 etLambec.
3001 5381 3104 5438 lib.
3137 5399 3327 5455 vn,_p.
3369 5381 3486 5440 t38.

2064 5452 2141 5523 (Ei)
2168 5452 2508 5527 Confer'glib.
2542 5456 2593 5511 1.
2626 5454 2773 5509 Bibl.
2808 5456 3036 5516 Graecas,
3068 5470 3119 5510 c.
3151 5456 3205 5522 7,
3238 5452 3350 5527 §’4.

2064 5527 2140 5595 (b)
2171 5527 2360 5597 Supra
2388 5525 2417 5595 ἓ
2442 5526 2497 5580 9.

2064 5597 2140 5668 (c)
2172 5595 2522 5653 Inscribitur
2549 5598 2726 5668 etiam
2757 5595 2818 5651 in
2850 5595 3049 5668 codice
3079 5612 3253 5668 quem
3283 5595 3638 5668 babeo_ms.,

1991 5664 2130 5745 ToB’
2169 5668 2490 5745 σοφωτάτου
2560 5665 2787 5723 Ψελλοῦ
2861 5664 3116 5740 ἐξήγησις
3187 5666 3265 5728 εἷς
3341 5668 3408 5722 τὰ
3477 5664 3638 5745 λόγια

1992 5739 2371 5816 Ζωροάστρου.
