4078 6336
434 381 554 442 503
1819 353 2103 418 LEONIS
2149 347 2463 410 ALLA’I‘II
3721 339 3845 402 504

437 516 609 584 cujus
658 508 1030 582 potissimam
1078 505 1298 576 partem
1351 496 1717 569 Nicephorus
1772 495 2079 563 Grcgoras,
2111 485 2163 552 Α
2189 479 2576 584 tadi‘,.tlzssari
2607 479 2678 584 ad
2709 477 2962 584 V‘enetos
2992 475 3274 584 (aratoris,
3325 475 3502 576 refert
3532 477 3843 584 ‘Gesnerus

436 563 914 671 suisinréynesii
946 563 1207 648 libellum
1242 591 1313 644 de
1346 563 1663 643 Insomniis
1712 581 2080 636 Commenta-
2187 572 2246 671 in
2307 568 2588 671 lilichaele
2637 565 2846 671 Psello,
3006 563 3353 671 PosIsevinus
3392 564 3842 664 -in.Apparatu.

437 652 565 757 riis,
595 652 948 744 verbuotenus
981 683 1156 738 tacito
1191 678 1361 734 Pselli
1393 676 1650 741 nomine,
1686 666 2077 738 transcripsit.
2190 664 2251 715 In
2289 660 2432 715 alios
2463 658 2635 713 etiam
2687 654 3012 710 Aristotelis
3051 654 3242 757 libros
3293 652 3601 725 scripsisse
3651 655 3842 708 mani-

588 741 1024 846 n-on-ejusdem,
1061 771 1248 825 Brevis
1294 767 1610 836 dogmatum
1659 759 2081 818 Chaldaicorum
2191 750 2403 803 festum
2433 752 2522 802 est
2552 763 2621 801 ex
2651 745 2886 811 iisdem,
2921 744 3021 814 qui
3051 741 3291 798 Viennae
3342 742 3609 798 scribunt
3659 743 3845 796 fuisse

438 831 870 934 declarali0,0(d)
902 831 1096 917 Gri-cce
1135 864 1191 914 et
1238 831 1438 912 Latine
1488 853 1744 924 primum
1794 848 1950 901 edita
1996 849 2085 899 est
2191 838 2456 906 ejusdem
2489 837 2786 934 Epitomen.
2800 833 3162 934 philosophiae
3187 833 3547 934 Aristotelicas
3681 846 3843 902 gene-

443 921 867 1012 (manus;
911 948 1158 1005 Patricio
1227 948 1284 1000 in
1350 921 1510 998 Nova
1576 935 1950 1007 Philosophia
2014 934 2085 987 de
2194 929 2424 994 ratione,
2457 929 2508 980 et
2536 925 2906 994 corruptione»
2935 930 2986 978 ει
3012 921 3078 976 de
3107 923 3378 977 ’πετεθνίδο
3430 923 3565 976 "em
3614 921 3845 992 ΕπΡ⁰⁵ί’

436 1010 736 1100 llniversis
786 1043 857 1113 (e)
905 1040 962 1093 in
1023 1041 1311 1100 Zorastre,
1365 1030 1700 1101 imperfecte
1759 1031 1977 1087 tamen,
2030 1025 2088 1074 et
2195 1015 2397 1113 tio-nem
2547 1013 2926 1113 metaphysica
2952 1010 3318 1113 "Aristotelis;
3351 1011 3654 1113 thentquc
3677 1011 3846 1113 heim-

439 1098 702 1198 confuse,
764 1098 895 1185 clum
960 1098 1825 1195 utrumque-commentarium
1883 1113 2085 1167 eadem
2196 1103 2348 1198 dem,‘
2386 1101 2895 1198 scribit-Andreas
2951 1099 3222 1198 Echottus
3279 1099 3506 1153 Praefat.
3559 1099 3618 1153 in
3675 1098 3844 1153 Cant.

762 1217 1095 1282 concludat,
1130 1187 1214 1268 sic
1242 1211 1398 1267 enim
1433 1207 1656 1263 claudit
1703 1221 1716 1259 :
1767 1199 1980 1254 Τούτων
2033 1195 2091 1251 ὃὶ
2198 1191 2432 1257 cantic,,
2462 1190 2642 1246 Pselli
2665 1191 2911 1260 plurima
2941 1189 3000 1242 in
3032 1188 3277 1254 eiusdem
3305 1187 3621 1243 Aristotelis
3653 1188 3850 1258 Physi-

435 1314 544 1365 τῶν
617 1305 902 1383 δογμάτων
968 1303 1035 1357 τὰ
1109 1299 1308 1366 πλείω,
1368 1296 1458 1350 καὶ
1534 1289 1940 1368 Ἀριστοτέλης,
2001 1285 2091 1340 καί

2238 1298 2338 1346 im,
2373 1282 2719 1351 primamque
2747 1278 3172 1350 philosophiam,
3222 1279 3281 1332 in
3331 1277 3569 1334 Caesaris
3623 1278 3854 1348 Augusti

441 1399 669 1454 Πλάτων
696 1375 995 1464 λδὲξαντο,
1043 1391 1093 1444 oi
1156 1387 1213 1443 δὲ
1272 1386 1394 1462 περὶ
1428 1383 1728 1452 Πλωτῖνον,
1760 1378 1848 1434 καὶ
1883 1375 2094 1452 Πορφύ-

445 1509 580 1564 ριον,
654 1486 744 1540 καὶ
826 1476 1175 1554 Ἰάμϐλιχον,
1250 1478 1338 1531 καὶ
1420 1471 1666 1547 Πρόκλον
1753 1475 1881 1523 πᾶσι
1963 1487 2093 1520 κοιτ-

443 1575 832 1647 ηκολοῦθησοιν
868 1618 882 1642 ,
935 1569 1025 1624 καὶ
1098 1569 1171 1628 ὡς

441 1669 612 1719 ταῦτα
641 1660 904 1731 ἐδέξαντο.
938 1662 1142 1714 Horum
1175 1665 1360 1711 autem
1389 1654 1708 1724 dogmatum
1751 1647 1997 1718 plurima
2044 1652 2095 1699 et

449 1754 762 1811 Aristoteles
810 1759 862 1806 et
908 1750 1070 1805 Plato
1117 1749 1488 1816 susceperunt.
1547 1740 1794 1794 Plotinus
1849 1751 1996 1800 vero,
2044 1737 2096 1788 et

450 1843 817 1914 Porphyrius,
850 1842 902 1894 et
947 1835 1314 1901 Jamblichus,
1369 1846 1417 1887 et
1471 1830 1700 1883 Proetus
1747 1826 1934 1880 omnia
1980 1838 2107 1892 sunt
2137 1840 2184 1903 Β

443 1934 635 2002 seculi,
692 1935 743 1986 et
798 1934 1062 1999 tanquam
1107 1926 1333 1979 divinas
1384 1935 1534 1975 voces
1595 1933 1657 1971 ea
1722 1919 2091 1983 susceperunt.

446 2000 743 2076 Patricius
775 2019 834 2072 in
867 2017 1120 2072 Psellum
1144 2013 1220 2067 ita
1257 2005 1673 2066 animadvertit
1703 2022 1715 2058 :
1749 2003 1971 2057 Similia
2014 2000 2101 2053 his
2134 2051 2137 2054 ,

448 2110 664 2164 Psellus
695 2110 886 2176 postea
914 2102 1168 2164 tradidit,
1218 2101 1435 2153 utinam
1481 2096 1649 2149 sicuti
1684 2092 1980 2164 prolixius,
2023 2091 2101 2144 ila

451 2206 503 2253 et
534 2197 890 2266 diligentius,
941 2191 1032 2245 sed
1080 2190 1486 2260 qualiacunque
1532 2183 1666 2244 sint,
1714 2197 1822 2236 non
1871 2179 2103 2234 inutilia

455 2287 679 2356 cog-nitu
707 2284 941 2352 fuerint.
971 2279 1169 2348 Neque
1201 2277 1293 2330 hic
1325 2273 1554 2329 silentio
1588 2272 1698 2342 [29]
1749 2274 2102 2341 praztereun-

457 2377 596 2430 dum
630 2377 740 2436 est,
773 2370 1024 2441 primam
1057 2364 1497 2437 Expositionem
1531 2361 1588 2414 in
1621 2358 1932 2414 Chaldaica
1961 2356 2104 2411 Ora-

458 2463 591 2519 cula
623 2463 692 2516 ab
743 2459 875 2514 aliis
925 2460 1124 2510 Proclo
1175 2453 1348 2525 Lydio
1397 2451 1464 2522 (f)
1528 2448 1765 2512 ascribi,
1815 2447 1898 2501 sic
1946 2445 2104 2499 enim

459 2553 778 2606 adnotatur
842 2547 915 2602 ab
987 2545 1146 2599 illius
1213 2542 1568 2610 exscriptore
1626 2537 1685 2590 in
1744 2534 1938 2590 codice
2003 2534 2109 2588 572

458 2640 761 2701 Vaticano,
796 2631 1082 2706 Ἀλλαχοῦ
1114 2629 1292 2702 εὗρον,
1325 2625 1579 2701 Πρόκλου
1629 2621 1828 2678 Λυδίου
1880 2620 2107 2675 Ὑποτύ-

460 2748 658 2787 πωσις.
686 2726 845 2781 Λιιὺί
872 2723 1080 2789 inveni,
1123 2720 1309 2775 Procli
1359 2718 1520 2789 Lydii
1569 2714 1943 2787 Hypotyposis.
1994 2711 2109 2765 Nec

460 2819 666 2874 dubito
697 2815 986 2880 Proclum,
1020 2812 1195 2867 rebus
1228 2809 1387 2863 hisce
1419 2805 1910 2872 addictissimum,
1944 2799 2110 2857 libel-

458 2909 583 2963 lum
643 2907 714 2961 de
772 2905 880 2958 hac
939 2903 1143 2957 eadem
1195 2916 1254 2953 re
1306 2895 1750 2966 conscripsisse.
1809 2893 1920 2947 Sed
1993 2889 2112 2946 sive

461 2995 648 3051 Procli
684 2996 803 3049 sive
836 2989 1009 3046 Pselli
1041 2988 1232 3060 opella
1279 2983 1569 3056 ejusmodi
1621 2983 1715 3050 sit,
1767 2981 1912 3036 nulli
1960 2980 2110 3034 bono

463 3085 641 3140 fuerit
671 3083 729 3137 id
763 3097 954 3136 nosse.
991 3077 1264 3133 Eamdem
1299 3091 1426 3130 esse
1475 3072 1743 3128 existimo
1793 3071 1853 3125 in
1903 3069 2111 3125 biblio-

2208 1372 2422 1425 Viennac
2454 1368 2800 1424 bibliotheca.

2273 1458 2437 1513 XLII.
2501 1458 2770 1527 Ejusdem
2836 1455 2982 1511 liber
3048 1455 3179 1528 Περὶ
3247 1451 3527 1527 δυνάμεων
3591 1459 3690 1522 τῆς
3755 1455 3851 1526 ψυο

1251 1565 1394 1629 θείας
1452 1543 1631 1639 φωνὰς
1689 1555 2094 1630 ἀσυλλογίστως

2238 1549 2336 1619 λῇς,
2368 1551 2440 1604 de
2469 1546 2842 1602 Facultatibus
2872 1548 3101 1615 animae,
3133 1545 3306 1616 cujus
3337 1545 3480 1599 illud
3515 1549 3604 1600 est
3633 1543 3853 1616 princi-

2206 1637 2366 1708 pium
2423 1652 2436 1690 :
2488 1637 2611 1691 "O'tt
2661 1638 2768 1687 τῶν
2822 1636 3076 1707 ψυχικῶν
3127 1630 3408 1705 δυνάμεων
3459 1633 3513 1686 αἱ
3575 1632 3668 1704 μὲν
3721 1631 3854 1685 εἰσιν

2207 1721 2423 1798 ἄλογοι,
2493 1726 2604 1780 sub
2672 1726 2944 1796 anonymi
3015 1723 3273 1787 nomine,
3331 1728 3386 1778 et
3456 1721 3625 1777 titulo
3697 1720 3854 1789 Δόξαι

2216 1812 2340 1887 περὶ
2370 1814 2575 1886 ψυχῆς.
2605 1814 2678 1867 De
2727 1813 2915 1867 anima
2963 1811 3201 1867 celebres
3246 1812 3556 1882 Opinioncs,
3604 1811 3773 1882 quasi
3824 1827 3859 1864 a

2217 1905 2364 1958 libro
2412 1903 2672 1973 longiore
2720 1907 2775 1956 et
2826 1901 3080 1972 perfecto
3131 1896 3415 1972 Ἐκλογαὶ,
3459 1899 3548 1952 καὶ
3599 1903 3855 1972 Χρηστο-

2213 1993 2427 2064 μαθεῖαι
2460 1992 2572 2062 [30]
2606 1990 2800 2045 editus
2831 1995 2920 2044 est
2947 1994 3139 2044 Graece
3171 1995 3228 2044 et
3278 1990 3503 2054 Latine,
3551 2006 3585 2044 a
3628 1989 3857 2044 Joanne

2209 2082 2420 2136 'I‘arino
2455 2081 2767 2151 Andegavo
2798 2095 3023 2147 versus,
3057 2095 3189 2133 cum
3223 2079 3488 2148 Origenis
3523 2076 3861 2142 Philocalia;

2211 2169 2496 2225 Zacharias
2551 2167 2915 2236 Scholastici,
2989 2166 3250 2238 episcopi
3324 2165 3722 2238 Mitylenensis
3791 2165 3865 2218 de

2214 2259 2418 2314 mundi
2451 2257 2725 2328 Opiﬁcio;
2761 2260 2816 2311 et
2846 2256 3142 2311 Anastasii
3175 2255 3430 2320 Sinaitae,
3480 2256 3550 2310 de
3604 2254 3868 2309 hominis

2215 2350 2285 2424 ad
2321 2347 2635 2417 imaginem
2667 2345 2766 2400 Dei
2799 2350 2856 2400 et
2903 2344 3344 2400 similitudinem
3396 2345 3711 2407 creatione,
3765 2344 3874 2397 Lu-

2214 2443 2315 2492 tet.
2366 2437 2576 2501 Paris.,
2631 2452 2723 2506 ap.
2774 2435 3187 2489 Sebastianum
3242 2433 3546 2504 Cramoisy
3599 2433 3755 2498 1624,
3807 2432 3864 2487 4.

2218 2528 2390 2582 Illum
2422 2526 2634 2581 vetusti
2669 2526 2897 2580 codices
2941 2525 3102 2580 MSS.
3153 2523 3341 2579 Psello
3388 2524 3712 2587 vindicant,
3765 2537 3878 2576 nec

2218 2634 2250 2672 a
2299 2615 2466 2671 Pselli
2525 2614 2809 2670 orationis
2855 2619 3154 2668 structura
3203 2612 3374 2684 longe
3427 2613 3614 2668 abest.
3666 2612 3756 2680 Et,
3809 2611 3874 2665 ni

2218 2705 2406 2773 fallor,
2440 2705 2616 2775 [idem
2666 2703 2794 2774 ipse
2841 2707 2950 2769 est,
3002 2718 3173 2774 quem
3224 2701 3414 2758 Psello
3465 2702 3756 2768 tribuunt,
3808 2700 3876 2754 de

2218 2797 2402 2849 ani-mo
2431 2793 2726 2848 secundum
2773 2793 2990 2846 variam
3033 2791 3487 2862 philosophorum
3534 2792 3874 2861 opinionem.

2221 2884 2280 2937 in
2314 2886 2649 2953 Augustana
2680 2879 3055 2947 bibliotheca,
3085 2879 3144 2933 in
3175 2879 3427 2934 armario
3458 2879 3528 2933 II.
3557 2878 3732 2933 Index
3766 2879 3879 2931 Au-

2221 2977 2511 3043 gustanus
2546 2988 2558 3025 :
2588 2975 2646 3024 et
2688 2969 2746 3023 in
2800 2967 3152 3023 bibliotheca
3201 2967 3570 3038 imperatoris
3616 2966 3874 3031 Viennae,

2219 3060 2524 3132 Spachius.
2579 3058 2694 3113 Nec
2751 3057 2904 3111 alius
2962 3058 3158 3111 forsan
3216 3060 3327 3120 est,
3387 3056 3488 3127 qui
3549 3055 3608 3109 in
3669 3053 3880 3109 biblio-

461 3174 632 3230 theca
665 3170 898 3242 ireginm
955 3164 1176 3231 Galliae,
1241 3181 1367 3235 quae
1417 3162 1580 3231 prius
1632 3161 1819 3215 fuerat
1865 3157 2186 3261 JoannisC
2222 3151 2393 3261 theca
2459 3147 2614 3220 regis
2689 3145 3007 3212 Gallorum,
3072 3146 3245 3201 Pselli
3307 3146 3384 3200 de
3447 3149 3657 3214 anima,
3726 3142 3879 3215 legi-

469 3261 758 3330 Lascaris,
829 3263 1031 3330 postea
1101 3254 1246 3309 Petri
1317 3253 1594 3319 Strozzae;
1664 3250 1851 3320 primo
1916 3252 2110 3302 autem

469 3349 788 3406 cardinalis
822 3343 1138 3416 Rudolphi,
1169 3347 1231 3397 ut
1265 3342 1470 3396 scribit
1500 3339 1792 3394 Draudius
1823 3337 1882 3391 in
1913 3337 2122 3392 Biblio-

470 3441 639 3494 theca
669 3437 936 3493 classica.
971 3434 1086 3488 Nec
1112 3431 1227 3487 alia
1254 3432 1483 3485 videtur
1514 3445 1639 3500 qua
1671 3428 1730 3482 in
1762 3426 2123 3481 Bibliotheca

469 3524 703 3582 Antonii
734 3520 1047 3594 Augustini
1079 3519 1406 3575 habebatur
1434 3517 1561 3572 cod.
1591 3516 1719 3579 219,
1748 3515 1917 3569 Pselli
1939 3514 2120 3578 expli-

472 3617 620 3671 catio
652 3613 980 3681 dogmata—1n
1010 3608 1155 3680 apud
1204 3607 1476 3678 Assyrios.
1531 3603 1874 3658 Absolutius
1921 3608 2123 3672 postea

477 3720 608 3758 cum
638 3699 938 3773 Sibyllinis
990 3696 1278 3760 Oraculis,
1329 3694 1576 3763 aliisque
1626 3691 1863 3746 Parisiis
1908 3691 2124 3762 prodiit

473 3790 668 3846 studio
698 3788 947 3843 Joannis
979 3783 1241 3855 ObsOpaai
1273 3781 1351 3852 (g)
1386 3782 1541 3835 1599.
1577 3780 1635 3833 in
1661 3780 1714 3832 8.
1770 3779 2120 3833 Eorumdem

473 3877 918 3951 opusculorum,
950 3874 1180 3928 diversa
1209 3871 1281 3926 ab
1313 3870 1489 3934 edita,
1525 3869 1583 3922 in
1615 3868 1883 3922 Latinum
1934 3867 2121 3922 versio

469 3967 724 4024 habetur
755 3961 1158 4032 manuscripts
1189 3959 1315 4014 cod.
1349 3958 1508 4012 3122.
1543 3955 1835 4021 Vaticano,
1888 3956 2120 4011 Incerti.

544 4055 683 4110 XLI.
739 4052 1018 4122 Ejusdem
1072 4047 1509 4104 Commentarios
1557 4044 1633 4116 (h)
1681 4046 1742 4099 in
1789 4055 1908 4100 octo
1956 4045 2124 4099 libros

471 4143 783 4199 Aristotelis
810 4141 878 4194 de
909 4139 1146 4209 Physica
1188 4136 1611 4204 auscultatione,
1645 4139 1731 4202 jex
1762 4133 2123 4204 ,interpreta-

471 4234 630 4288 tione
658 4231 885 4286 Joannis
943 4227 1210 4296 Baptistae
1259 4223 1514 4287 Camotii,
1561 4221 1845 4276 cardinali
1894 4221 2124 4276 Herculi

473 4323 755 4389 Gonzagaa
817 4318 1211 4381 consecratos,
1259 4311 1444 4366 edidit
1497 4308 1758 4365 Venetiis
1817 4311 2126 4365 Federicus

473 4408 837 4463 Turrisanus
869 4402 1074 4458 Latine
1115 4400 1275 4464 1554,
1323 4399 1382 4453 in
1437 4396 1593 4452 folio.
1646 4401 1754 4452 Eos
1800 4399 2126 4453 manuscri-

474 4501 609 4568 ptos
657 4494 853 4550 Graece
907 4490 1171 4547 extitisse
1219 4488 1279 4542 in
1334 4486 1690 4542 bibliotheca
1738 4487 1938 4542 Didaci
1987 4487 2126 4542 Hora

2229 3244 2344 3294 tur.

2301 3327 2490 3382 XLIII.
2518 3325 2795 3396 Ejusdem
2829 3323 3244 3379 Annotationes
3273 3322 3331 3377 in
3365 3322 3592 3395 aliquot
3613 3320 3882 3394 Gregorii

2229 3417 2571 3474 Nazianzeni
2605 3416 2751 3480 loca,
2785 3431 2917 3470 cum
2970 3414 3102 3469 Elia:
3151 3413 3442 3469 Cretensis
3487 3413 3771 3484 episcopi,
3826 3417 3885 3466 et

2231 3507 2699 3571 aliorum,studio
2731 3510 2786 3560 et
2814 3521 2990 3576 opera
3017 3503 3221 3558 Jacobi
3250 3501 3406 3557 Billii
3441 3503 3664 3557 Latina:
3715 3503 3882 3556 facta:

2231 3602 2450 3668 szeptus
2480 3596 2648 3651 editas
2682 3599 2845 3663 sunt,
2875 3608 3012 3649 cum
3045 3591 3309 3664 Gregorii
3339 3591 3686 3646 Nazianzeni
3738 3606 3881 3662 ope-

2231 3687 2417 3740 ribus.

2301 3773 2488 3830 XLIV.
2519 3773 2791 3842 Ejusdem
2824 3771 3009 3826 oratio
3042 3769 3402 3842 Panegyrica
3434 3768 3492 3823 in
3541 3768 3882 3824 Simeonem

2231 3863 2686 3934 Metaphrastem
2718 3861 2875 3916 edita
2904 3861 2964 3931 (i)
2997 3860 3198 3914 Latine
3229 3876 3262 3914 a
3291 3858 3459 3913 Surio
3509 3857 3602 3913 die
3646 3859 3717 3911 27
3749 3857 3883 3925 ἰΝο-

2230 3951 2503 4008 vembris.
2538 3954 2736 4005 Exstat
2775 3953 2969 4004 Graece
3022 3947 3428 4018 manuscripts
3477 3946 3533 4001 in
3587 3947 3718 4002 cod.
3772 3947 3884 4004 Va-

2231 4041 2426 4096 ticano
2473 4040 2598 4103 568,
2652 4054 2777 4109 quas
2847 4035 3075 4108 incipit,
3121 4035 3225 4090 Τὸν
3300 4032 3462 4109 μέγαν
3516 4031 3567 4088 ἐν
3620 4033 3724 4108 βίῳ
3795 4033 3888 4087 καὶ

2235 4126 2390 4200 λόλῳ
2425 4125 2668 4199 Συμεὼν,
2705 4124 2938 4179 ἐπαινεῖν
2969 4122 3358 4198 προελόμενοι,
3395 4141 3528 4179 cum
3561 4123 3694 4179 aliis
3725 4125 3889 4195 ejus-

2236 4220 2367 4274 dem
2403 4215 2574 4272 Pselli
2607 4215 2667 4270 in
2698 4214 2972 4270 eumdem
3005 4229 3132 4286 quis
3165 4229 3282 4268 non
3337 4212 3522 4269 multo
3575 4213 3731 4267 infra
3781 4214 3893 4268 ad-

2236 4306 2595 4362 notabimus.

2307 4394 2464 4451 XLV.
2497 4394 2772 4464 Ejusdem
2822 4391 3085 4447 carmina
3134 4391 3198 4463 (7')
3251 4391 3311 4445 in
3354 4391 3596 4448 Cantica
3643 4392 3896 4448 cantico-

2237 4501 2363 4540 rum
2395 4484 2812 4554 interpretatus
2843 4486 2934 4536 est
2982 4482 3325 4536 Franciscus
3368 4481 3547 4536 Zinus
3591 4479 3894 4537 Veronen-

2079 4585 2290 4642 NOTAE

547 4677 898 4758 (ᾀῖᾘκθεςις
957 4669 1340 4758 διεφαλαιώδης
1401 4671 1491 4724 καὶ
1543 4669 1811 4744 σύντομος
1847 4675 1954 4726 τῶν
1987 4673 2118 4749 ποιρὸ

2241 4671 2578 4758 ξξηιοηθυω
2627 4669 2887 4758 scriptis,
2931 4687 2995 4758 Β.
3045 4671 3263 4754 2ξ1-23.
3293 4668 3754 4758 ,Ἐγκυὶξιιὶονῃξῖς
3789 4671 3898 4758 Ξξν

488 4744 783 4809 Χάλδαίοις
816 4744 1119 4819 δογμάτων.

470 4855 480 4864 -
552 4825 626 4894 (e)
661 4815 934 4894 Ferrariée
967 4820 1124 4894 1591.
1159 4815 1553 4894 Yenet._1_593,
1579 4815 1684 4894 fol.

573 4887 622 4965 Γ)
657 4893 1045 4965 Lyciumnon
1073 4889 1320 4965 Lydium
1349 4887 1529 4942 fuisse
1577 4887 2140 4965 Proclum_test_atur

487 4958 716 5036 inuejus'
739 4964 872 5017 Vita
903 4958 1189 5036 Marinus,
1224 4959 1323 5036 qui
1357 4958 1810 5036 commentarios
1843 4959 2029 5036 Procli
2081 4959 2138 5012 in

491 5029 656 5110 λόγῖα
689 5039 972 5110 memorat
1003 5049 1052 5087 c.
1103 5032 1191 5110 26.
1245 5030 1748 5110 Quemadmodum
1799 5033 1853 5110 et
1881 5029 2136 5110 n$imeon

493 5100 864 5181 Magister_de
894 5103 1302 5181 alimentorum
1335 5101 1713 5181 facultatibus
1745 5100 1954 5181 Riihl.
1990 5101 2139 5181 Edit.

499 5170 733 5237 Martini
768 5175 1051 5248 Bogdani,
1084 5183 1204 5228 tum
1239 5171 1478 5227 Proclus
1508 5173 1633 5243 ipse
1664 5190 1718 5243 p.
1751 5170 1875 5226 359.
1907 5173 1969 5227 In
2004 5172 2143 5226 Poli-

500 5253 640 5308 tiam
672 5249 948 5303 Platonis.

567 5321 644 5394 (g)
674 5321 859 5394 Etiam
893 5317 1032 5394 l58_9
1062 5318 1119 5370 et
1157 5314 1307 5394 1691,
1343 5313 1522 5394 Paris.
1548 5314 1604 5366 in
1722 5313 2139 5394 Et‘ad‘calcem

490 5384 768 5448 editionis
799 5388 1172 5445 oraculorum
1206 5385 1622 5456 Sibyllinorum
1660 5384 1966 5440 luculentas
2006 5402 2139 5440 cum

490 5465 652 5520 notis
685 5462 928 5516 Servatii
961 5457 1182 5523 Gallici,
1209 5457 1506 5511 Amsterd.
1542 5457 1699 5523 1689,
1731 5457 1786 5512 Δ.

561 5535 641 5602 (Ιι)
672 5534 914 5588 Videtur
952 5531 1080 5602 hos
1110 5527 1418 5602 scripsisse
1469 5528 1526 5602 in
1559 5529 1804 5597 gratiam
1839 5525 2140 5602 Michaelis

495 5598 691 5665 Ducas.
731 5621 904 5674 quem
939 5598 1360 5674 discipulorum
1392 5599 1679 5674 optimum
1712 5600 1987 5674 appellat.

557 5677 620 5748 (i)
664 5669 860 5731 Grazce
904 5678 961 5729 et
1011 5671 1211 5728 Latine
1255 5669 1520 5740 vulgavit
1564 5669 1818 5726 Allatius
1866 5670 2017 5724 libro
2069 5669 2142 5724 de

2245 4741 2635 4817 hlssaopoio‘rnv
2688 4741 2875 4815 κύριον
2930 4744 3212 4811 Συμεῶνα,
3253 4747 3312 4817 et
3465 4744 3730 4817 23672-54.
3783 4745 3898 4817 Of-

2252 4813 2447 4868 ﬁcium
2497 4813 2554 4865 in
2590 4813 3204 4884 commemorationem
3240 4813 3504 4884 ejusdem
3539 4815 3833 4869 Simeonis
3863 4833 3900 4870 ε.

2249 4885 2439 4955 Psello
2471 4886 2886 4955 compositum.
2919 4881 3244 4946 Ἀκολουθία
3269 4881 3597 4948 ⁷ιπυντεθεῖςιά
3646 4885 3749 4938 ὑπὸ
3798 4889 3899 4938 τοῦ

2251 4953 2669 5009 Ψελ.λοῦ.Ηυὸο
2690 4957 2988 5026 juniorem
3022 4955 3279 5011 Psellum
3311 4963 3607 5012 auctorem
3639 4973 3770 5013 esse
3793 4958 3903 5012 Pa-

2253 5026 2506 5100 negyrici
2541 5026 2594 5080 in
2630 5026 2962 5082 Simeonem
2995 5027 3453 5098 Metaphrasten,
3507 5029 3718 5098 probat
3771 5030 3905 5084 Bol-

2251 5099 2462 5153 landus
2517 5099 2670 5168 praef.
2719 5100 2789 5154 ad
2838 5105 2980 5153 tom.
3028 5101 3067 5153 I.
3099 5104 3360 5153 Sanctor.
3395 5099 3682 5163 Januarii,
3719 5117 3776 5168 p.
3813 5101 3904 5155 17.

2251 5117 2462 5153 ianuas
2517 5117 2670 5168 praei.
2719 5117 2789 5154 au
2838 5117 2980 5153 tom.
3028 5117 3067 5153 1.
3099 5117 3360 5153 sanctor.
3395 5117 3682 5163 Januarii,
3719 5117 3776 5170 p.
3813 5117 3904 5155 ιι.

2251 5171 2366 5225 Nec
2397 5171 2685 5224 difﬁtetur
2714 5170 2964 5225 Allatius
2993 5170 3119 5241 ipse
3150 5170 3255 5225 hoc
3285 5170 3408 5226 loco
3440 5178 3496 5226 et
3525 5171 3780 5226 diatriba
3832 5173 3906 5226 de

2254 5241 2651 5308 Simeonibus,
2686 5258 2737 5310 p.
2773 5243 2862 5296 68.

2321 5315 2399 5383 (j)
2429 5312 2728 5386 Ἐρμηνεία
2757 5312 2944 5386 illa_i_n
2978 5311 3285 5386 Canticum
3317 5312 3677 5386 canticorum
3719 5312 3909 5386 versi-

2252 5385 2363 5438 bus
2413 5383 2631 5454 scripta
2680 5389 2769 5438 est
2801 5383 3080 5455 politicis.
3117 5383 3330 5455 _l.atina
3369 5384 3558 5438 versio
3589 5383 3814 5438 Schotti
3849 5393 3910 5438 et

2250 5455 2373 5510 Zini
2405 5453 2658 5510 occurrit
2687 5453 2860 5509 etiam
2894 5457 2951 5509 in
2995 5453 3146 5509 Bibl.
3198 5456 3450 5522 Patrum,
3499 5455 3682 5509 Paris.
3736 5455 3907 5521 1654,

2249 5533 2391 5580 tom.
2425 5544 2524 5581 xm
2551 5532 2607 5580 et
2637 5527 2777 5580 edit.
2811 5527 2991 5598 Lugd.
3029 5531 3166 5580 tom.
3191 5542 3352 5598 XVIII.
3386 5527 3577 5581 Graace
3608 5532 3667 5580 et
3699 5527 3909 5582 Latine

2250 5603 2436 5652 exstat
2467 5599 2524 5652 in
2556 5598 2819 5652 auctario
2855 5600 3154 5662 Ducaaano,
3188 5597 3370 5651 Paris.
3408 5598 3570 5651 162i.
3599 5598 3786 5653 Tomo
3844 5616 3906 5666 ιι,

2251 5687 2369 5726 una
2398 5686 2531 5726 cum
2563 5669 2746 5726 altero
2776 5669 3200 5726 commentario
3246 5669 3305 5724 in
3335 5668 3494 5725 idem
3533 5668 3841 5727 canticum
3875 5686 3908 5726 ο
