4060 6344
232 399 360 460 505

1499 395 1870 458 DIATIlIBA
1913 397 2012 457 DE
2057 397 2394 459 PSELLIS.

3540 383 3660 445 506

233 533 374 588 sis:
411 545 624 586 excusa
673 542 816 587 sunt
867 546 1000 585 cum
1053 528 1430 598 Theodoreti,
1477 530 1732 597 Maximi,
1786 528 1898 587 Nili
1932 538 1980 598 Α
2014 528 2182 597 mihi,
2233 530 2541 600 utriusque
2590 525 3012 594 amicissimus,
3044 521 3301 579 Jacobus
3346 516 3664 592 Philippus.

233 620 739 692 explicationibus
762 626 930 676 Rom.
959 620 1118 686 1563,
1144 619 1602 691 fol.,separatim
1620 619 1901 686 Venetiis,

236 711 400 782 apud
457 710 879 782 Hieronymum
935 708 1158 764 Polum.
1204 710 1364 776 1573,
1400 709 1456 764 in
1491 709 1549 770 4;
1583 713 1641 764 et
1687 708 1902 780 saepius

237 816 381 854 cum
407 799 773 854 Theodoreti
804 798 1101 870 operibus.
1125 798 1380 853 Tandem
1416 797 1751 868 Antuerpia:
1769 813 1902 850 cum

241 891 463 942 Catena
498 887 758 951 Patrum,
791 894 849 942 et
878 886 1322 958 Thaumaturgo
1369 886 1426 940 in
1468 884 1900 950 Ecclesiastem,

236 994 272 1030 a
309 976 553 1032 Peltano
601 977 756 1047 apud
789 975 1110 1047 Gasparem
1153 975 1439 1030 Bellerum
1475 975 1630 1041 1615,
1662 973 1720 1028 in
1750 974 1803 1028 8.
1838 975 1901 1027 In

236 1067 351 1120 hac
383 1065 643 1121 editione
695 1065 952 1136 primum
987 1070 1165 1136 caput
1197 1064 1401 1120 Latine
1448 1062 1732 1118 convertit
1776 1065 1897 1117 An-

232 1156 414 1210 dreas
462 1155 764 1224 Schottus,
801 1171 834 1208 a
864 1154 1122 1209 secundo
1153 1153 1275 1208 Zini
1309 1155 1500 1208 utitur
1547 1151 1898 1223 interpreta-

233 1244 422 1299 tione.
448 1243 812 1315 Opusculum
843 1241 1184 1298 inscribitur
1204 1242 1530 1314 Nicephoro
1555 1240 1895 1310 Botaniataa,

233 1330 890 1403 Constantinopolitano
922 1330 1282 1400 imperatori,
1316 1345 1490 1400 quem
1532 1325 1894 1402 στεφηφὸρον,

229 1422 290 1475 id
341 1425 434 1476 est
488 1436 748 1475 coronam
804 1422 1134 1489 gestantem,
1176 1418 1590 1488 imperatorem
1651 1415 1892 1480 scilicet,

227 1509 513 1581 appellat,
538 1514 604 1564 ut
628 1515 686 1564 et
707 1508 855 1564 alios
886 1509 1271 1578 imperatores
1293 1506 1408 1578 [31]
1437 1506 1567 1561 aliis
1591 1504 1893 1576 opusculis

225 1598 589 1669 compellare
621 1597 947 1664 consuevit,
979 1595 1268 1668 quidquid
1318 1595 1416 1649 alii
1466 1595 1782 1649 somnient.
1814 1593 1894 1647 Ea

226 1689 464 1759 primus
497 1704 527 1742 ο
557 1686 818 1741 tenebris
848 1690 1015 1740 eruta
1054 1685 1248 1740 Graece
1291 1683 1606 1755 publicavit
1634 1683 1893 1738 Joannes

222 1776 544 1844 Meursius,
579 1792 712 1830 cum
750 1774 1138 1847 Polychronii,
1170 1772 1427 1842 Eusebii,
1461 1777 1518 1827 et
1548 1773 1798 1827 aliorum
1830 1770 1890 1825 in

225 1867 437 1920 eadem
473 1864 712 1920 Cantica
745 1863 1230 1935 expositionibus,
1263 1861 1446 1933 Lugd.
1482 1865 1604 1914 Bat.
1642 1861 1798 1930 1617,
1829 1860 1881 1914 4.
1921 1902 1969 1967 Β

227 1953 527 2009 Martinus
579 1953 805 2008 Deltius
855 1954 1079 2022 Isagoge
1125 1953 1182 2006 in
1240 1951 1394 2006 Cant.
1440 1951 1638 2005 cantio.
1673 1966 1800 2021 cap.
1833 1949 1889 2016 5,

225 2044 408 2098 refert
441 2042 699 2098 Psellum
749 2042 996 2096 deficere
1048 2041 1107 2096 in
1159 2040 1259 2094 illa
1305 2039 1686 2110 expositione,
1718 2038 1890 2108 cujus

221 2138 334 2201 est,
390 2137 456 2186 ut
507 2132 635 2204 ipse
683 2131 790 2196 ait,
840 2129 1019 2186 nimis
1069 2129 1340 2185 concisus
1388 2128 1756 2182 abbreviator
1786 2144 1800 2181 :
1835 2132 1892 2182 et

221 2222 552 2276 oscitanter
581 2220 761 2275 nimis
801 2220 1114 2291 decipitur,
1149 2219 1288 2273 dum
1321 2217 1402 2272 ait
1432 2216 1687 2272 Psellum
1720 2216 1887 2272 citari

218 2328 252 2365 a
283 2311 681 2376 Theodoreto,
713 2309 785 2364 ab
835 2307 1253 2380 antiquissimo
1307 2306 1800 2371 recentissimum,
1833 2311 1891 2361 et

224 2400 329 2471 qui
368 2399 604 2454 nonnisi
646 2403 779 2470 post
829 2397 1199 2468 octingentos
1233 2396 1350 2451 fere
1399 2411 1582 2450 annos
1633 2395 1888 2466 scripse-

223 2495 338 2543 rat.
375 2489 850 2544 Commentarius
901 2486 1038 2542 item
1071 2487 1130 2540 in
1159 2485 1396 2540 Cantisa
1445 2501 1514 2538 ex
1560 2485 1751 2539 tribus
1783 2484 1884 2540 Pa-

222 2578 441 2646 tribus,
477 2577 549 2632 ab
599 2577 802 2632 eodem
852 2573 1062 2644 Psello,
1095 2573 1144 2628 si
1186 2574 1361 2628 index
1409 2572 1721 2628 Bavaricus
1753 2574 1884 2628 cod.

220 2668 314 2731 99,
351 2666 548 2721 fraudi
585 2683 698 2720 non
739 2670 852 2734 est,
886 2663 1101 2736 sapius
1133 2680 1266 2718 cum
1298 2661 1658 2717 Theodoreto
1692 2663 1886 2717 Latine

226 2755 451 2820 editus,
487 2753 766 2810 collectus
797 2759 906 2808 est.
933 2752 1010 2806 En
1041 2753 1219 2806 verba
1251 2751 1495 2806 indicis:
1532 2752 1684 2818 item,
1715 2750 1882 2806 Com-

219 2843 554 2898 mentarius
593 2860 662 2898 ea:
691 2843 867 2898 tribus
890 2842 1146 2896 Patribus
1170 2839 1430 2911 Gregorio
1467 2841 1728 2911 Ngsseno,
1754 2839 1878 2895 Nilo

226 2944 280 2988 et
307 2933 578 2995 Maximo,
607 2932 888 2987 collectore
916 2932 1115 2986 Pselto.

293 3018 519 3074 XLVII.
553 3019 833 3089 Ejusdem
872 3018 942 3073 ad
985 3015 1330 3072 Michaelem
1363 3015 1438 3088 (k)
1470 3015 1880 3088 imperatorem

220 3108 419 3179 capita
453 3108 719 3178 quaedam
754 3105 1100 3177 theologica,
1130 3107 1200 3162 de
1239 3106 1530 3171 Trinilate,
1561 3109 1615 3160 et
1638 3121 1881 3176 persona

223 3198 466 3261 Christi,
491 3196 686 3251 Graece
715 3201 772 3251 ct
805 3195 1022 3262 Latine,
1055 3211 1188 3250 cum
1222 3195 1376 3250 notis
1405 3195 1644 3250 Joannis
1677 3195 1878 3266 Wege-

2012 619 2368 676 Thomasius
2421 617 2794 690 significavit.
2819 614 3022 670 Libelli
3064 613 3202 668 item
3247 608 3517 665 meminit
3545 607 3654 662 Ca-

2012 711 2314 764 saubonus
2356 708 2416 762 in
2446 707 2574 761 Ailii
2609 705 2904 778 Spartiani
2943 701 3260 758 Antonium
3291 695 3655 754 Caracallam

2011 797 2186 852 notis.
2222 798 2288 852 Et
2335 797 2544 852 Justus
2597 795 2876 864 Ricquius
2915 792 3016 862 (ιιι)
3070 791 3127 844 in
3177 787 3351 860 epist.
3384 784 3657 840 Centuria

2011 903 2175 941 nova.
2219 885 2505 958 episl.29.
2532 887 2593 939 In
2625 882 2896 954 Saregica
2939 878 3292 935 bibliotheca
3339 876 3491 930 inter
3538 873 3654 930 alia

2008 975 2291 1046 opuscula
2322 974 2726 1045 manuscripts.
2753 971 2919 1026 illum
2951 987 3014 1025 se
3045 968 3258 1023 vidisse
3286 965 3480 1021 refert.

2077 1063 2320 1120 XLVIII.
2356 1064 2634 1135 Ejusdem
2680 1061 2937 1133 Synopsis
2968 1061 3152 1128 legum
3199 1055 3464 1111 versibus
3497 1053 3648 1107 iam-

2006 1153 2176 1222 bicis,
2207 1157 2264 1209 et
2295 1153 2549 1224 politicis
2579 1151 2736 1207 edita
2766 1156 2854 1206 est
2881 1154 3095 1216 Graece,
3129 1146 3334 1201 Latina
3362 1143 3647 1214 interpre-

2004 1241 2244 1308 tatione,
2277 1247 2335 1298 et
2371 1241 2525 1297 notis
2571 1239 2886 1308 illustrata,
2917 1254 3092 1310 opera
3139 1240 3195 1290 et
3240 1233 3438 1288 studio
3468 1235 3646 1286 Fran-

2003 1331 2138 1386 cisci
2177 1331 2446 1403 Bosqueti
2478 1328 2898 1393 Narbonensis,
2930 1343 2998 1382 ex
3039 1322 3393 1380 bibliotheca
3422 1319 3647 1376 archie-

2004 1420 2223 1491 piscopi
2257 1420 2555 1486 Tolosani,
2579 1417 2819 1474 Parisiis
2850 1415 3004 1488 apud
3035 1415 3318 1470 Joannem
3349 1411 3645 1466 Cainusat.

2006 1509 2161 1576 1622,
2194 1512 2247 1566 8.
2282 1509 2338 1564 in
2391 1507 2690 1564 nonnullis
2737 1507 2854 1578 [32]
2903 1504 3204 1560 codicibus
3253 1499 3535 1571 inscripta
3565 1497 3646 1570 (η)

2002 1597 2341 1670 imperatori
2374 1597 2639 1652 Michaeli
2679 1601 2864 1652 Ducas.
2900 1595 3064 1650 Alius
3094 1592 3274 1648 codex
3303 1588 3647 1654 Vaticanus,

2004 1691 2067 1740 ut
2123 1692 2286 1741 notat
2340 1687 2496 1741 idem
2557 1685 2909 1758 Bosquetus,
2941 1683 3146 1747 habet,
3205 1679 3491 1742 Alexium,
3550 1677 3647 1727 τοῦ

2000 1776 2316 1851 σοφωτάτου
2343 1772 2566 1829 Ψελλοῦ
2597 1773 2675 1836 εἲς
2702 1771 2830 1834 τοΰς
2857 1772 3062 1844 νόμους
3094 1768 3228 1844 πρὸς
3271 1767 3362 1821 τὸν
3409 1761 3646 1820 Βασιλέα

2001 1865 2167 1938 Κύριν
2201 1861 2464 1933 Ἀλέξων.
2527 1865 2595 1918 Et
2650 1868 2820 1919 vetus
2859 1858 3180 1923 Sirmondi,
3229 1855 3646 1927 Nicephorum,

2000 1952 2180 2028 Ἀρχὴ
2236 1951 2328 2006 σὺν
2380 1955 2496 2022 Θεῷ
2541 1954 2648 2005 τῶν
2696 1948 3000 2004 πολιτικῶν
3061 1945 3265 2020 στέχων
3321 1946 3418 1998 τοῦ
3472 1941 3647 2013 νόμου

1999 2041 2318 2096 ἐκτεθέντων
2375 2041 2520 2114 παρᾶ
2574 2044 2671 2094 τοῦ
2729 2039 2926 2112 Κυρίου
2981 2033 3215 2110 Μιχαὴλ
3259 2037 3356 2087 τοῦ
3397 2028 3646 2099 ιιθελλοῦ,

1998 2131 2133 2204 πρὸς
2195 2131 2286 2184 τὸν
2352 2128 2867 2206 Ιιορφυρογέννητον
2919 2125 3114 2202 Κύριον
3168 2120 3500 2199 Νικηφόρον.
3549 2119 3642 2187 Μὴ

2002 2219 2338 2296 βδυλόμενον
2389 2221 2679 2295 προσέχειν
2721 2223 2839 2280 τοῖς
2891 2216 3066 2289 νόμου
3116 2214 3396 2286 μαθήμασι
3446 2207 3535 2264 διὰ
3580 2209 3643 2262 τὸ

1995 2310 2232 2386 κεχηνὸς
2260 2310 2455 2364 τούτου
2493 2307 2749 2384 πέλαγος.
2790 2308 3044 2371 Titulus,
3074 2304 3164 2360 vel
3205 2301 3645 2374 Porphyrogen-

1999 2407 2144 2455 notae
2201 2398 2583 2471 cognomine,
2637 2396 2962 2468 Nicephoro
3020 2395 3340 2450 Botaniatze
3397 2390 3641 2458 adnexo,

1996 2495 2308 2562 suspectus
2339 2494 2446 2544 est.
2477 2488 2600 2544 Non
2633 2488 2837 2542 dubito
2881 2491 3075 2540 tamen
3125 2481 3416 2547 libellum,
3445 2494 3644 2534 rerum

1995 2595 2286 2634 summam
2313 2577 2655 2649 gerentibus
2682 2576 2824 2630 adeo
2857 2572 3282 2640 necessarium,
3305 2585 3410 2642 pro
3439 2583 3648 2638 oppor-

1994 2667 2245 2722 tunitate
2301 2666 2546 2721 diversis
2605 2663 3058 2734 imperatoribus
3114 2657 3516 2729 inscripsisse,
3579 2660 3645 2710 ut

1994 2757 2319 2827 praecipuas
2347 2754 2510 2810 Juris
2551 2752 2804 2824 regulas,
2830 2769 2899 2807 ex
2939 2749 3083 2822 ipsis
3111 2748 3270 2804 Juris
3301 2745 3482 2802 totius
3513 2745 3639 2800 fon-

1991 2846 2150 2900 tibus
2181 2843 2526 2916 compendio
2558 2846 2963 2914 pertractatas,
2985 2844 3042 2894 et
3061 2837 3319 2893 carmine
3351 2835 3520 2907 quasi
3554 2833 3640 2889 Ie-

1992 2934 2224 2990 nocinio
2250 2931 2563 2997 emollitae,
2586 2932 2808 3002 absque
2835 2927 3119 3000 longioris
3146 2924 3415 2982 lectionis
3441 2922 3638 2992 taedio,

1991 3023 2040 3078 si
2092 3023 2325 3090 liberet;
2360 3024 2792 3094 percnrrerent;
2839 3023 2905 3073 ut
2951 3019 3022 3072 de
3068 3016 3334 3086 eiusdem
3383 3013 3635 3082 Chryso-

1991 3113 2140 3184 pcnia
2169 3127 2347 3182 supra
2378 3110 2654 3165 diximus.
2690 3109 2768 3163 Ex
2805 3107 2900 3162 his
2933 3104 3214 3162 nonnulla
3243 3104 3354 3159 sub
3384 3101 3634 3158 scholio-

1990 3218 2120 3256 rum
2155 3201 2390 3256 nomine
2420 3199 2658 3269 vulgata
2679 3196 2818 3252 olim
2851 3196 3012 3250 fuere
3042 3212 3075 3249 a
3107 3191 3448 3249 Leunclavio
3476 3189 3635 3246 Juris

215 3285 346 3341 lini.
409 3287 695 3357 Augustis
741 3283 968 3339 Vindel.
1008 3260 1176 3356 apud
1235 3284 1550 3357 Georgium
1582 3260 1878 3353 Viller,vet
1908 3260 1950 3328 C
1991 3260 2813 3346 Graeco-Romanitovmoan
2843 3284 3091 3357 Synopsi
3117 3282 3313 3354 legum
3336 3279 3635 3336 Michaelis

218 3375 645 3430 Sebastianum
676 3373 916 3445 Mylium
952 3373 1106 3440 1608,
1143 3373 1203 3428 in
1231 3373 1287 3428 8.

284 3463 520 3519 XLVII.
555 3463 833 3533 Ejusdem
856 3461 1148 3530 libellum,
1170 3462 1236 3517 de
1264 3461 1534 3533 Lepidum
1555 3463 1875 3532 virtutibus,

214 3552 535 3624 Philippus
566 3551 822 3606 Jacobus
871 3551 1211 3607 Maussacus
1245 3552 1303 3622 (ι)
1344 3551 1570 3623 primus
1599 3551 1877 3624 vulgavit,

215 3642 427 3697 Latine
489 3641 685 3710 vertit,
735 3645 794 3695 et
849 3640 1210 3709 emendavit;
1266 3640 1460 3696 editus
1519 3646 1609 3696 est
1654 3641 1879 3697 Tolosae

212 3732 411 3786 Graece
470 3735 526 3784 et
580 3729 784 3784 Latine
837 3745 990 3784 anno
1040 3730 1199 3796 1615,
1242 3729 1293 3784 8.
1341 3728 1552 3784 Verum
1609 3729 1876 3786 libellum

213 3820 372 3874 hunc
405 3824 547 3874 ante
597 3818 973 3874 Maussacum
1016 3817 1221 3872 Latine
1251 3823 1307 3872 et
1336 3817 1534 3874 Italice
1580 3820 1875 3874 redditum

211 3909 285 3963 ah
311 3906 576 3962 Adriano
595 3906 850 3978 Spigelio
878 3905 1231 3978 philosOpho
1263 3912 1320 3961 et
1351 3905 1598 3976 medico,
1623 3913 1679 3962 et
1705 3907 1875 3980 Gym-

211 3996 364 4052 nasii
390 3994 653 4050 Patavini
685 3995 1038 4065 anatomico,
1062 3995 1219 4066 apud
1247 3995 1567 4051 Liberalem
1589 4001 1873 4064 Cremam,

212 4084 642 4156 philosophum
676 4101 743 4140 ac
783 4083 1074 4140 medicum
1107 4083 1479 4140 Tarvisinum
1512 4087 1875 4155 praestantis-

211 4175 440 4229 simum
500 4173 835 4228 conservari
894 4173 965 4228 ad
1018 4171 1177 4228 hunc
1225 4173 1403 4244 diem,
1462 4173 1714 4246 epistola
1765 4192 1876 4232 sua

1988 3378 2293 3443 Attaliotaa,
2337 3377 2429 3433 tit.
2465 3376 2787 3449 praesertim
2824 3375 2910 3438 16,
2940 3375 3030 3442 25,
3063 3375 3154 3440 28,
3183 3372 3273 3439 32,
3305 3371 3396 3439 37,
3419 3370 3509 3436 40,
3544 3369 3632 3439 42,

1989 3469 2077 3538 48,
2103 3468 2193 3524 83.
2243 3467 2370 3536 Qui,
2419 3483 2552 3522 cum
2607 3481 2720 3520 non
2763 3463 3274 3519 animadvertisset
3321 3474 3634 3515 numerum

1989 3555 2340 3624 carminum,
2390 3561 2674 3625 tanquam
2721 3551 2975 3608 solutam
3029 3551 3353 3607 orationem
3403 3545 3638 3602 excudit

1986 3645 2348 3699 indistincte.

2057 3731 2260 3788 XLIX.
2293 3732 2569 3802 Ejusdem
2617 3731 2688 3786 ad
2733 3729 3003 3786 eumdem
3039 3728 3113 3799 (ο)
3145 3724 3488 3782 Michaelem
3521 3725 3636 3779 Du-

1988 3838 2116 3876 cam
2160 3821 2421 3876 carmina
2479 3819 2732 3890 politica,
2784 3819 2858 3873 De
2909 3821 3177 3888 dogmate,
3225 3818 3419 3870 Graece
3478 3814 3634 3867 idem

1986 3913 2309 3980 Bosquetus
2340 3925 2471 3965 cum
2514 3907 2756 3980 Synopsi
2805 3905 3002 3978 legum
3056 3905 3148 3960 edi
3199 3902 3445 3967 curavit,
3477 3919 3512 3957 a
3538 3901 3635 3957 Ja-

1986 3999 2128 4054 cobo
2187 3997 2500 4054 Sirmondo
2557 4001 2815 4068 accepta,
2849 3997 3005 4050 unde
3052 3994 3290 4066 legitur,
3319 3991 3384 4047 de
3429 3999 3636 4062 septem

1985 4087 2158 4142 sacri:
2213 4085 2446 4158 Synodis
2499 4087 2848 4140 cecumenicis
2900 4085 3232 4152 Tractatus,
3289 4083 3386 4152 (ρ)
3438 4079 3636 4136 editus

1986 4176 2188 4232 Latine
2237 4180 2380 4231 tom.
2411 4191 2473 4229 III
2505 4173 2924 4241 Conciliorum,
2957 4177 3121 4244 parte
3170 4170 3382 4243 prima,
3417 4185 3472 4241 p.
3506 4167 3633 4236 400,

1810 4282 2051 4340 ΝΟΤίΕ.

206 4374 496 4450 Gregorio
527 4375 812 4450 Nysseno,
837 4376 896 4432 S.
918 4375 1047 4450 Nilo
1078 4382 1134 4432 et
1157 4377 1433 4445 Maximo,
1456 4393 1559 4448 per
1580 4380 1875 4450 eumdem,

206 4393 496 4447 uregono
527 4393 812 4501 mﬁsseno,
837 4393 896 4432 δ.
918 4393 1047 4432 rmo
1078 4393 1129 4432 ei

206 4456 274 4503 ut
308 4448 544 4514 volunt,
621 4448 832 4503 sellum
865 4448 1129 4504 collecto.

285 4520 367 4590 (Α)
401 4519 467 4572 In
500 4519 775 4594 Catalogo
807 4519 957 4594 Eibl.
992 4519 1320 4594 Barhcrinae
1355 4527 1492 4576 tom.
1514 4539 1577 4594 ιι,
1603 4538 1734 4594 pag.
1766 4523 1874 4578 253

203 4607 548 4665 perperam,
577 4591 650 4665 ad
697 4591 772 4665 Nl.
805 4590 1194 4665 Comnenum.
1229 4591 1357 4665 Haec
1406 4590 1864 4665 capita'Theolo-

204 4661 696 4744 gicaintegriora
724 4661 908 4718 lector
937 4663 1008 4718 ad
1042 4662 1258 4718 calcem
1290 4661 1685 4735 hujus'lihelli
1718 4665 1870 4721 Alla-

204 4741 289 4788 tia
304 4741 364 4786 ni
398 4741 668 4802 reperiet.

279 4807 352 4873 (ι)
387 4804 696 4859 Plutarcho
728 4805 799 4859 de
829 4803 1198 4873 ﬂuminibus,
1224 4804 1392 4860 Pselli
1428 4805 1692 4861 libellum
1727 4807 1866 4862 sub-

192 4875 747 4950 jecit‘Maussa‘cus,
773 4881 1035 4950 testatus
1056 4875 1219 4950 illum
1249 4893 1310 4950 se
1331 4878 1500 4950 edere
1529 4894 1598 4932 ex
1629 4895 1868 4950 apogra—

201 4946 326 5029 pho
355 4946 558 5002 Jacobi
598 4947 916 5014 Sirmondi,
949 4947 1119 5018 epist.
1155 4949 1516 5004 dedicatoria
1562 4950 1634 5004 ad
1667 4946 1866 5005 'Gaul-

198 5035 462 5074 minum.

274 5091 379 5158 (γη)
409 5089 619 5143 Justus
668 5089 966 5160 Rycquius
1012 5089 1265 5160 epistola
1315 5091 1388 5145 ad
1439 5089 1515 5144 M.
1558 5089 1863 5147 Velserum

195 5163 342 5216 data
371 5164 566 5215 Romae
598 5161 756 5216 1610.
789 5161 924 5233 Mihi
968 5161 1368 5233 Bibliothecam
1416 5177 1594 5231 nuper
1641 5161 1864 5233 Saregi-

195 5251 326 5287 cam
353 5235 661 5286 excutienti
687 5247 888 5305 opus-cu
900 5231 957 5286 la
986 5231 1449 5305 qygedqurzjca
1478 5233 1696 5288 calamo
1727 5231 1860 5288 enia-

194 5310 329 5358 rata
369 5307 428 5357 in
462 5319 660 5358 manus
708 5303 988 5359 uenerunt.
1025 5303 1259 5357 Maximi
1314 5303 1586 5358 Planudaa
1635 5310 1691 5358 et
1742 5305 1863 5360 cla-

201 5392 408 5429 rerum
452 5374 677 5444 aliquot
725 5376 981 5429 virorum
1030 5373 1292 5442 epistolae
1341 5383 1598 5430 centum.
1635 5375 1863 5432 Psellus

198 5450 273 5502 de
320 5462 693 5518 gemmarum
746 5446 1082 5511 virtutibus,
1117 5446 1328 5518 Incerti
1377 5447 1682 5518 cujusdam
1708 5448 1862 5516 (Em-

197 5517 419 5591 pedico-li
446 5519 607 5587 vulgo
638 5517 988 5591 iribuuntgr)
1012 5517 1482 5591 vers_us_iam_bic_i
1511 5519 1581 5573 de
1613 5519 1861 5591 lixarum

202 5588 518 5644 stellarum
564 5589 810 5660 sphera.
846 5606 878 5643 a
908 5588 1198 5643 Demetrio
1231 5588 1858 5660 Triclinioemendati.

612 5661 834 5715 uedam
866 5674 1064 5729 eorum
1091 5675 1220 5729 quae
1251 5660 1306 5713 in
1341 5659 1569 5716 excusis
1595 5661 1858 5718 Athenaei

607 5731 996 5789 esiderantur.
1029 5728 1243 5789 Incerti
1279 5732 1342 5788 in
1371 5731 1589 5789 librum
1635 5731 1858 5790 Aristo-

205 5659 537 5716 Parecbolaa

201 5732 516 5791 codicibus

1986 4380 2117 4436 telis
2175 4381 2246 4436 de
2302 4378 2595 4436 coloribus
2653 4377 3135 4434 commentarius.
3177 4374 3431 4431 Caniclei
3485 4374 3636 4430 liber

1984 4458 2186 4508 contra
2239 4451 2555 4518 Plotinum,
2607 4452 2735 4522 ejus
2771 4451 2940 4522 forte
2993 4451 3164 4521 cujus
3221 4448 3506 4522 scriptum
3565 4447 3638 4522 de

1984 4524 2426 4580 immortalitate
2479 4517 2710 4588 animai,
2760 4517 3381 4574 dvinSo-cov'Cardanis
3429 4519 3530 4574 lib.
3564 4519 3636 4572 de

1983 4595 2517 4673 rerum__variet_a_te
2578 4594 2795 4673 lauda}.
2845 4592 3107 4673 Sallustii
3161 4590 3634 4673 philosophiinin

1901 4652 1950 4717 D
1986 4665 2253 4722 Heracliti
2308 4666 2669 4736 problemata
2718 4665 3026 4736 Homerica
3077 4652 3491 4736 summarium.
3527 4661 3633 4715 Ex-

1979 4745 2176 4810 cerpta
2207 4753 2275 4792 ex
2305 4733 2552 4810 Gemisti
2601 4735 2899 4810 Plethonis
2949 4735 3242 4810 Monodia,
3275 4733 3633 4810 de_immor-

1983 4804 2206 4864 tali'tate
2227 4809 2435 4863 animae
2477 4809 2753 4876 Ejusdem
2787 4806 3048 4861 defensio
3079 4804 3406 4876 Aristotelis
3429 4808 3634 4876 contra

1981 4881 2360 4936 scholarium.
2395 4873 2695 4933 Michaelis
2741 4877 3032 4948 Apostolaa
3084 4893 3186 4948 pro
3235 4875 3514 4930 Plethone
3562 4873 3634 4928 li-

1980 4952 2101 5018 ber,
2135 4968 2327 5024 supei:
2361 4950 2695 5024 substantia
2742 4949 3134 5024 Aristotelica,
3167 4953 3372 5024 contra
3389 4950 3630 5024 gazam,

1979 5017 2254 5078 Demetrii
2284 5020 2549 5076 Triclinii
2592 5022 2663 5075 de
2714 5021 2917 5075 metris
2966 5018 3216 5090 pouticis
3265 5017 3468 5090 libelli.
3504 5019 3631 5072 Dis-

1973 5097 2110 5164 pice,
2145 5109 2342 5165 quanio,
2375 5111 2446 5147 an
2477 5091 2686 5162 aliquid
2725 5094 2800 5147 sit
2839 5088 3000 5146 cedro
3029 5100 3082 5146 et
3123 5090 3341 5161 pumice
3369 5088 3624 5143 di/mum.

1977 5165 2255 5307 Hfzflllfa
2307 5234 2507 5307 etiam
2545 5232 2613 5307 in
2665 5233 2874 5307 Codice
2931 5229 3396 5307 Vindobonensi,
3454 5230 3626 5307 cujus

1976 5302 2296 5362 meminere
2350 5305 2696 5361 Lambecius
2725 5311 2783 5360 et
2811 5302 3114 5360 Nesselius
3166 5310 3313 5373 part.
3348 5318 3410 5367 ιι,
3444 5318 3500 5372 ρ.
3533 5303 3624 5366 28,

1973 5385 2030 5434 et
2078 5379 2135 5433 in
2179 5378 2290 5434 alio
2340 5378 2537 5448 codice
2569 5393 2598 5432 e
2630 5393 2746 5448 quo
2795 5380 2930 5448 ante
2962 5374 3275 5448 Bosqueti‘
3306 5373 3624 5448 editionem

1972 5466 2175 5505 versus
2225 5447 2542 5504 nonnullos
2593 5442 2864 5520 produxit
2907 5442 3158 5501 Allatius
3210 5445 3281 5500 ad
3331 5442 3624 5500 Eustathii

1971 5521 2368 5576 Hexaemeron
2401 5537 2457 5576 ι).
2489 5521 2615 5574 280.

2044 5537 2368 5576 ιχαθιῃοιοιι
2445 5561 2457 5574 .
2490 5537 2615 5574 aeu.

2044 5594 2114 5661 (ο)
2149 5597 2208 5645 In
2247 5607 2354 5646 ms.
2388 5537 2672 5654 ἔξοδοι-ρο,
2722 5591 2792 5644 ad
2823 5587 3276 5646 Constantinum
3326 5585 3624 5642 Monoma—

1970 5663 2169 5719 chum.
2204 5662 2350 5717 Vide
2382 5662 2697 5718 Lambech.
2719 5677 2797 5728 γι,
2831 5677 2888 5731 p.
2923 5661 3045 5716 163.

2040 5738 2129 5807 (p)
2158 5735 2342 5791 Totus
2371 5731 2698 5792 absolvitur
2721 5729 2990 5790 versibus
3028 5729 3285 5805 politicis
3311 5729 3403 5788 71.
