4060 6344
451 377 573 438 507

1842 379 2127 440 LEONIS
2173 379 2482 439 ALLATII

3743 371 3864 432 508

440 507 685 563 Coloniae
715 509 1046 580 Agrippina
1082 511 1240 578 1606,
1273 511 1567 568 industria
1603 512 1860 568 Severini
1906 511 2054 566 Binii
2083 529 2096 578 ;
2128 515 2188 579 Α
2217 512 2328 567 bus
2361 511 2731 582 significavit.
2782 512 2854 566 De
2902 509 3117 576 eadem,
3151 507 3374 574 scribit,
3403 509 3581 578 ferme
3609 522 3670 560 re
3699 516 3751 561 et
3783 508 3870 576 [a-

444 601 502 651 et
532 598 729 654 Graece
753 598 864 653 sub
889 598 1137 654 Joannis
1173 600 1340 656 Pselli
1376 601 1634 668 nomine,
1659 618 1791 656 cum
1819 599 2098 656 Theodori

445 686 752 742 Prodromi
800 691 855 743 et
905 687 1210 759 Nicephori
1245 689 1466 745 Callisti
1518 693 1807 760 versibus,
1860 690 2100 745 Basileae

441 777 598 847 apud
655 776 936 833 Joannem
996 779 1298 835 Bebelium
1357 781 1522 851 1536,
1572 781 1682 851 [33]
1729 781 1785 836 in
1832 781 1884 833 8.
1920 781 2099 844 Quem

439 864 652 920 Joanni
685 867 758 936 (q)
791 867 968 922 etiam
1024 869 1235 924 tribuit
1282 872 1537 926 Joannes
1587 870 1776 924 Tilius
1829 868 2097 940 Engolis~

446 955 688 1023 mensis,
724 955 782 1008 in
817 957 1216 1026 apostolorum
1247 963 1302 1013 et
1332 964 1672 1014 sanctorum
1716 956 2095 1014 conciliorum

443 1042 725 1107 Decretis,
759 1043 1066 1116 impressis
1102 1047 1337 1103 Parisiis
1378 1066 1480 1121 per
1509 1047 2096 1117 ConradumﬁNeoba-

443 1132 596 1186 rium
659 1133 822 1188 1510.
876 1136 935 1188 In
1000 1135 1155 1190 hunc
1215 1138 1409 1208 ipsum
1466 1139 1801 1192 Tractatum
1861 1136 2098 1208 scripsit

445 1223 792 1277 Franciscus
849 1223 1302 1294 Feuardentius;
1355 1233 1412 1282 et
1458 1228 1849 1283 Bellarminus
1897 1227 2094 1295 tradit,

448 1308 705 1364 Psellum
738 1311 798 1366 in
831 1313 1034 1367 eodem
1092 1314 1539 1385 hallucinatum,
1573 1317 1629 1370 in
1666 1322 1947 1387 tempore,
1981 1332 2095 1385 quo

450 1399 743 1454 celebrata
786 1406 876 1456 est
914 1402 1101 1472 prima
1132 1403 1780 1476 Conslantinopolitana
1811 1405 2094 1476 synodus,

451 1503 578 1558 quae
612 1488 720 1542 fuit
753 1491 1011 1546 secunda
1042 1509 1113 1547 ex
1141 1499 1391 1563 quatuor
1420 1496 1656 1566 primis;
1691 1493 2096 1564 in'Ephesina,

453 1593 579 1647 quae
614 1578 722 1632 fuit
764 1581 952 1648 tertia,
983 1586 1125 1638 tom.
1162 1586 1204 1651 Ι,
1239 1586 1605 1640 Controvers.
1640 1585 1692 1654 la,
1727 1584 1796 1638 de
1825 1581 2098 1638 Conciliis

453 1683 582 1737 cap.
619 1669 672 1722 5.

525 1756 584 1812 L.
621 1757 894 1826 Ejusdem
928 1760 992 1816 de
1039 1763 1416 1818 Nomocanone
1461 1763 1719 1819 carmina
1752 1764 1942 1818 Graece
1971 1759 2098 1817 edi-

2213 602 2420 656 cultate
2467 605 2538 655 ad
2590 601 3025 665 Constantinum,
3077 599 3258 668 hujus,
3297 601 3356 650 ut
3401 601 3554 666 puto,
3587 594 3872 651 Michaelis

2215 692 2379 747 Daca?
2406 695 2714 760 parentem,
2748 689 2978 744 Michael
3024 689 3235 744 Psellus
3265 686 3536 741 Libellum
3566 690 3696 741 ante
3725 687 3867 740 scri-

2207 783 2415 852 pserat,
2447 781 2603 850 cujus
2657 783 2734 834 est
2791 778 3102 849 exemplum
3158 775 3302 847 apud
3357 776 3656 840 Mcletium,
3708 773 3859 829 Gra-

2211 887 2339 928 cum
2385 871 2558 925 totius
2614 867 2907 924 medicznw
2943 869 3288 938 scriptorem,
3319 881 3426 920 non
3474 865 3658 922 eodem
3708 863 3869 920 modo

2211 968 2553 1030 argumento,
2585 959 2678 1013 sed
2723 959 2913 1013 iisdem
2955 955 3232 1012 interdum
3279 971 3416 1026 pene
3464 955 3662 1010 verbis.
3699 959 3870 1010 Hunc

2210 1070 2306 1122 ego
2335 1053 2681 1122 Symeonem,
2719 1047 2920 1104 multis
2967 1051 3091 1104 licet
3143 1050 3202 1102 in
3248 1047 3386 1102 locis
3432 1046 3794 1117 depravatum
3823 1035 3873 1099 ει

2151 1199 2161 1208 _
2209 1158 2492 1206 mancum,
2514 1157 2640 1195 cum
2669 1140 2862 1194 Latine
2888 1154 3098 1210 quoque
3120 1137 3288 1191 modo
3309 1138 3618 1195 vertisscm;
3646 1135 3873 1200 adjutus

2209 1231 2487 1302 imprimis
2537 1231 2711 1300 ipsius
2741 1228 2915 1283 Pselli
2945 1227 3151 1292 libello,
3184 1235 3298 1282 tum
3345 1225 3591 1296 ejusdem
3619 1223 3802 1279 altero
3836 1241 3872 1278 a

2212 1321 2434 1390 Georgio
2478 1319 2631 1373 Valla
2684 1319 2742 1372 in
2790 1317 3049 1371 Latinum
3099 1317 3330 1388 pessime
3375 1330 3717 1378 conversum,
3769 1314 3874 1368 tibi

2209 1411 2269 1465 in
2299 1409 2453 1465 omni
2481 1407 2702 1462 medicae
2727 1406 3034 1474 facultatis,
3063 1411 3172 1458 etc.
3197 1404 3370 1458 Recte
3393 1403 3614 1470 omnia,
3638 1401 3682 1457 si
3720 1401 3870 1456 illud

2208 1498 2494 1570 excipias,
2549 1495 2992 1551 Constantinum
3050 1492 3506 1548 Monomachum
3564 1497 3872 1564 parentem

2208 1586 2505 1643 Michaelis
2528 1587 2701 1641 Ducas
2729 1585 2933 1654 fuisse,
2956 1583 3173 1654 quippe
3205 1581 3305 1652 qui
3327 1583 3594 1637 diversus
3626 1581 3870 1636 omnino

2209 1679 2286 1733 sit
2316 1695 2348 1732 a
2375 1675 2759 1732 Constantino
2784 1674 2945 1729 Duca
2975 1671 3278 1727 Michaelis
3309 1677 3568 1743 parente.

2282 1767 2398 1824 Lll.
2461 1765 2660 1821 Eidem
2713 1763 2905 1818 Psello
2964 1763 3180 1817 librum
3242 1759 3371 1834 Περὶ
3428 1755 3728 1832 ποδάγρας,
3788 1760 3871 1814 De

453 1844 701 1952 dit‘cum‘
737 1849 1142 1947 superioribus
1173 1852 1521 1924 Bosquetus,
1557 1870 1684 1924 quae
1717 1869 1848 1908 cum
1882 1850 2100 1905 laxiora
2131 1888 2177 1952 Β
2207 1858 2469 1930 podagra,
2504 1873 2536 1910 a
2567 1852 2866 1909 nonnullis
2914 1851 3216 1907 codicibus
3248 1849 3425 1904 tribui
3467 1849 3660 1915 video,
3690 1849 3870 1919 cujus

452 1935 592 2002 sint,
628 1935 871 1992 alterius
921 1954 1049 1994 esse
1101 1942 1353 1996 multum
1403 1942 1663 1996 dubitavi
1701 1959 1713 1996 :
1750 1958 1852 1996 nec
1901 1939 2104 1994 fefellit

457 2040 550 2078 me
583 2024 838 2093 animus,
874 2045 1006 2082 nam
1053 2029 1108 2081 in
1143 2028 1256 2083 alio
1290 2031 1694 2102 manuscripto
1727 2029 1921 2084 codice
1951 2033 2101 2084 tion-

454 2114 712 2169 Blantino
744 2115 933 2170 Psello
985 2117 1344 2172 tribuuntur.
1381 2117 1781 2172 Κωνσταντίνου
1813 2114 2100 2191 προέδρου,

452 2200 541 2254 καὶ
575 2201 778 2256 ὑπάτου
831 2207 938 2256 τῶν
988 2199 1304 2281 φιλοσόφων
1360 2211 1453 2260 τοῦ
1486 2205 1710 2262 Ψελλοῧ
1762 2207 1834 2268 εἷς
1863 2207 1960 2274 τήν
1994 2212 2102 2258 Νο-

457 2290 759 2361 μοκανὸνοὺ
819 2292 1087 2347 ὑπόθεσιν.
1128 2297 1186 2349 ln
1240 2295 1593 2352 bibliotheca
1643 2299 1820 2352 etiam
1869 2296 2103 2352 Antonii

451 2381 764 2451 Augustini
827 2382 955 2436 cod.
1019 2384 1119 2436 151
1175 2388 1233 2438 et
1293 2386 1417 2453 175,
1476 2387 1663 2441 eidem
1723 2386 2104 2441 Constantino

454 2468 645 2524 Psello
678 2470 1039 2526 tribuuntur.
1073 2473 1184 2527 Sed
1228 2475 1539 2543 cujusnam
1589 2493 1736 2547 opus
1767 2475 1845 2530 sit
1878 2492 1989 2530 non
2024 2475 2105 2529 vi-

455 2558 628 2612 detur
657 2561 829 2629 tanti,
863 2565 927 2614 ut
958 2560 1015 2615 in
1049 2562 1176 2631 ejus
1219 2569 1455 2618 auctore
1501 2564 1851 2636 inquirendo
1883 2565 2106 2619 diutius

455 2663 532 2702 1m
545 2663 858 2703 moremur.

529 2737 619 2790 Ll.
672 2737 791 2791 Sub
858 2739 1122 2807 ejusdem
1199 2741 1436 2797 nomine
1500 2742 1912 2798 circumfertur
1964 2746 2108 2813 Syn-

455 2828 656 2896 tagma
721 2823 1112 2899 ἐκλελεγμένον
1183 2827 1287 2882 ἆπὸ
1343 2833 1451 2882 τῶν
1509 2831 1787 2904 Ἰατρικῶν
1853 2825 2107 2904 βιϐλίων,

455 2915 580 2988 περὶ
636 2911 915 2988 δυνάμεως
967 2923 1206 2994 τροφῶν,
1266 2920 1356 2973 καὶ
1411 2919 1697 2994 ὠφελείας,
1747 2920 1835 2975 καὶ
1873 2915 2110 2994 βλάϐης,

460 3003 531 3058 de
578 3005 923 3062 Cibariorum
961 3010 1254 3078 facultate,
1287 3013 1550 3075 utilitate,
1583 3019 1637 3065 et
1685 3027 1850 3076 noxa,
1885 3027 1958 3066 ea:
2003 3011 2108 3065 Me-

457 3092 595 3148 dicis
648 3094 806 3149 libris
852 3096 1157 3167 collectum,
1195 3099 1263 3152 ad
1310 3098 1758 3154 Constantinum
1817 3099 2111 3154 Monoma-

460 3180 636 3236 chum
671 3199 773 3254 per
803 3183 1129 3240 litterarum
1154 3187 1442 3255 ordinem,
1463 3189 1632 3257 cujus
1663 3186 1807 3242 illud
1837 3193 1925 3241 est
1958 3187 2112 3258 prin-

2210 1948 2353 2003 illud
2391 1950 2480 2001 est
2510 1945 2745 1998 initium
2787 1960 2799 1997 :
2835 1940 2984 1996 Ἐπεὶ
3027 1939 3189 2013 ὥρισε
3227 1939 3362 2012 πρός
3406 1958 3470 2010 με
3500 1938 3528 1990 ὁ
3561 1935 3869 2012 κράτιστος,

2211 2035 2297 2090 καῖ
2333 2035 2509 2108 ἅγιος,
2535 2033 2828 2104 capitibus
2860 2030 3256 2102 quadraginta
3281 2045 3380 2083 sex
3411 2029 3870 2094 concinnatum;

2213 2126 2337 2197 qui,
2369 2140 2503 2180 cum
2536 2123 2606 2177 ad
2641 2120 3018 2190 Palaeologos,
3041 2135 3286 2190 quorum
3317 2119 3489 2188 jussu
3515 2118 3705 2172 fuerat
3735 2133 3874 2171 con-

2213 2214 2489 2286 scriptus,
2523 2211 2781 2266 directus
2813 2209 2909 2275 sit,
2943 2207 3056 2263 nisi
3105 2206 3359 2262 Psellum
3413 2205 3592 2261 alium
3627 2205 3874 2275 ﬁngere,

2213 2303 2307 2359 cui
2359 2301 2537 2356 tribui
2590 2299 2798 2370 possit,
2839 2297 3107 2365 velimus,
3163 2301 3317 2350 certe
3365 2294 3536 2350 Pselli
3589 2309 3705 2348 non
3757 2297 3870 2348 est.

2217 2395 2427 2447 Auctor
2457 2396 2720 2460 tempore
2751 2385 3052 2442 Michaelis
3097 2383 3397 2456 Palezologi
3430 2383 3679 2450 vivebat,
3713 2382 3807 2436 cui
3845 2399 3879 2437 a

2215 2479 2567 2537 valetudinis
2619 2495 2760 2532 cura
2807 2480 2954 2544 erat,
2991 2479 3054 2530 ut
3105 2474 3228 2544 ipse
3279 2475 3539 2528 fatetur:
3574 2470 3725 2528 Ἐπεὶ
3758 2469 3877 2524 τοί-

2215 2590 2305 2622 νυν
2335 2567 2580 2621 ἐκέλευσᾶ
2629 2586 2694 2637 με
2737 2564 2765 2617 ὁ
2816 2562 3088 2626 θειότατος
3146 2559 3421 2638 βασιλεὺς,
3456 2558 3570 2632 εἷμῖ
3621 2556 3667 2613 δ’
3708 2557 3874 2620 αὐτὸς

2218 2658 2322 2712 ἀπὸ
2375 2654 2480 2710 τῶν
2545 2654 2740 2728 ἰατρῶν
2803 2651 2986 2724 αὐτοῦ,
3045 2652 3132 2706 καὶ
3189 2651 3289 2719 τήν
3348 2649 3512 2703 αὐτοῦ
3555 2649 3736 2726 φύσιν,
3778 2647 3873 2701 καὶ

2217 2747 2314 2814 τήν
2347 2743 2557 2818 κράσιν,
2609 2741 2696 2796 καὶ
2746 2738 2994 2810 ἰδιότητα
3039 2738 3175 2793 κατὰ
3204 2739 3266 2792 τὸ
3308 2735 3528 2792 δυνατὸν
3562 2733 3749 2801 εἰδὼς,
3784 2733 3876 2788 διὰ

2218 2835 2278 2888 τὸ
2337 2835 2412 2907 μή
2463 2831 2600 2906 πρὸς
2653 2829 2843 2904 ὀλίγον
2893 2828 3080 2903 καιρὸν
3133 2833 3360 2881 συνεῖναι
3411 2825 3580 2896 αὐτῷ,
3625 2824 3694 2878 τὰ
3732 2825 3874 2898 πρὸς

2219 2922 2356 2996 ἐμὴν
2412 2922 2684 2991 ἀνήκοντα
2733 2917 2957 2991 δύναμιν
3005 2917 3140 2972 κατὰ
3182 2920 3344 2970 τοῦτο
3375 2919 3454 2986 τῷ
3495 2915 3714 2989 ὁρισμῷ
3741 2911 3875 2967 10-3-

2218 3032 2314 3066 του
2371 3011 2694 3082 πειθόμενος
2749 3005 2856 3078 ἤδη
2923 3006 3132 3083 γράφω.
3191 3005 3638 3076 Quandoquidem
3707 3005 3884 3070 igitur

2224 3103 2322 3158 hoc
2350 3103 2494 3156 mihi
2523 3100 2816 3172 imperavit
2846 3097 3228 3152 sanctissimus
3255 3112 3376 3162 rex,
3405 3111 3434 3150 e
3461 3095 3620 3165 cujus
3647 3092 3883 3148 medicis

2221 3209 2341 3246 sum
2390 3208 2552 3259 unus,
2587 3191 2815 3259 ideoque
2860 3191 3119 3242 naturam
3167 3189 3316 3258 ejus,
3357 3187 3882 3252 temperamentum-

461 3270 704 3340 cipium,
732 3269 938 3325 [Ιολλῶ
967 3271 1056 3326 καὶ
1090 3270 1316 3349 λογίων,
1341 3275 1384 3327 ὧ
1409 3256 1642 3348 μέγιοτε.
1674 3276 1824 3331 Illud
1853 3256 2106 3331 Simeoni

2221 3297 2321 3353 que
2346 3282 2493 3349 novi,
2521 3279 2834 3350 praesertim
2872 3293 2995 3330 cum
3044 3275 3142 3330 diu
3191 3291 3315 3328 cum
3365 3288 3427 3328 eo
3475 3275 3724 3326 versatus
3751 3273 3882 3340 fue-

459 3359 632 3413 Setho
665 3360 738 3431 (r)
771 3361 1051 3432 magistro
1099 3364 1458 3420 Antiocheno
1505 3366 1813 3432 tributum,
1850 3370 1906 3420 et
1937 3382 1968 3419 a
1998 3366 2109 3436 Gy-

463 3446 626 3502 raldo
659 3448 859 3504 Latine
891 3451 1184 3506 redditum
1215 3453 1400 3509 Crmce
1431 3459 1487 3508 et
1528 3454 1728 3510 Latine
1760 3454 2109 3526 Isingrinius

463 3535 700 3590 Basilete
733 3539 968 3594 excudit
1013 3540 1068 3595 in
1104 3543 1160 3608 8,
1197 3542 1354 3597 1538.
1387 3547 1533 3599 Cum
1564 3561 1696 3600 vero
1729 3562 1842 3599 non
1877 3549 2105 3599 tantum

462 3625 786 3697 sententiae,
821 3629 917 3683 sed
953 3631 1127 3684 verba
1173 3632 1348 3687 etiam
1383 3633 1510 3704 ipsa
1554 3634 1612 3688 in
1663 3639 1911 3705 utroque
1941 3650 2110 3705 repe-

461 3713 712 3784 riantur,
746 3716 1037 3781 existimo,
1071 3719 1452 3776 Collectaneis
1500 3722 1666 3777 Pselli
1708 3722 1989 3778 nonnulla
2019 3723 2108 3776 Si-

462 3819 727 3859 meonem
766 3825 798 3860 a
829 3823 909 3873 se,
946 3807 1097 3862 inter
1139 3808 1450 3882 legendum
1483 3812 1907 3880 animadversa,
1941 3812 2110 3866 addi-

461 3892 640 3958 disse,
664 3894 754 3948 vel
777 3897 1111 3968 quempiam
1137 3899 1374 3955 tertium
1400 3901 1470 3955 ab
1498 3907 1745 3972 utroque
1767 3901 2107 3968 confecisse,

460 3981 610 4052 quod
663 3997 730 4036 ex
779 3983 970 4039 indice
1024 3988 1423 4058 manuscripto
1473 3990 1540 4059 (s)
1590 3989 1781 4060 colligi
1836 3989 2044 4060 poterit
2093 4007 2105 4044 :

463 4067 758 4142 Σῦνταγμα
807 4072 929 4144 περὶ
990 4079 1202 4150 τροφῶν
1255 4072 1533 4148 δυνάμεων
1578 4083 1673 4131 τοῦ
1724 4076 1968 4148 Ψελλοῦ,
2019 4077 2108 4131 καὶ

465 4157 689 4226 Συμεὼν
723 4162 819 4211 τοῦ
868 4161 1205 4234 Μαγίστρου.
1253 4166 1556 4236 Syntagma
1603 4167 1668 4222 de
1713 4167 2110 4222 alimentorum

464 4246 678 4302 viribus
733 4249 924 4317 Pselli,
965 4261 1015 4306 et
1063 4252 1333 4308 Simeonis
1386 4256 1651 4324 Magistri.
1700 4257 1898 4326 Neque
1955 4254 2110 4311 enim

465 4333 676 4388 adduci
736 4353 1002 4408 possum,
1057 4345 1121 4395 ut
1167 4343 1420 4409 credam,
1456 4343 1711 4398 Psellum
1763 4345 1876 4417 [3-1]
1926 4361 2032 4400 sua
2080 4361 2113 4399 a

465 4421 662 4489 Setho,
686 4425 1063 4483 eruditiorem
1087 4429 1666 4503 eloquentioremque
1695 4451 1727 4488 a
1759 4433 1954 4488 minus
1986 4451 2112 4488 cru-

467 4511 591 4565 dito
623 4517 680 4566 et
710 4513 1015 4584 eloquente
1046 4523 1403 4574 mutuatum.
1428 4521 1687 4576 Aliorum
1712 4523 2003 4594 siquidem
2036 4521 2116 4578 la-

2219 3373 2353 3436 rim,
2384 3386 2482 3440 pro
2537 3385 2622 3434 ea,
2653 3382 2779 3439 quae
2832 3365 2976 3420 mihi
3003 3374 3081 3420 est
3120 3365 3375 3433 scientia,
3415 3362 3479 3417 de
3525 3362 3623 3416 hoc
3666 3361 3880 3427 morbo,

2218 3469 2279 3516 ut
2325 3461 2442 3528 ejus
2495 3457 2745 3514 obediam
2795 3454 3072 3523 mandato,
3133 3456 3374 3508 tractare
3430 3451 3656 3521 incipio.
3693 3453 3780 3515 Et,
3829 3449 3879 3503 si

2219 3566 2310 3604 res
2343 3549 2400 3602 in
2435 3564 2499 3602 eo
2550 3548 2953 3617 pertractatas,
2989 3543 3208 3597 nodum
3243 3546 3299 3596 et
3345 3540 3588 3595 formam
3640 3537 3876 3592 dicendi

2218 3637 2579 3701 consideras,
2613 3633 2841 3706 aliaque
2875 3650 2887 3686 :
2922 3650 2954 3688 a
2985 3631 3217 3686 dicendi
3249 3627 3662 3698 tractandique
3696 3626 3880 3681 ratio-

2219 3744 2289 3782 ne
2317 3725 2613 3781 I’sclliana
2647 3724 2817 3795 longe
2849 3722 3084 3777 absunt.
3111 3720 3234 3774 Vidi
3270 3724 3472 3791 postea
3500 3718 3725 3772 editum
3765 3716 3880 3770 La-

2217 3815 2337 3870 tine
2385 3815 2495 3870 sub
2545 3813 2783 3868 nomine
2819 3810 3024 3866 Incerti
3057 3810 3130 3864 ab
3161 3809 3410 3864 Henrico
3457 3805 3757 3876 Stephano
3788 3808 3880 3875 (t),

2218 3904 2373 3958 inter
2403 3907 2667 3957 auctores
2711 3899 2990 3966 medicos,
3021 3903 3162 3954 tom.
3194 3897 3267 3966 II,
3300 3913 3370 3952 ex
3401 3895 3666 3950 versione
3701 3892 3883 3947 Marci

2219 3992 2444 4048 Masuri
2478 3992 2549 4046 ad
2580 3995 2816 4045 Scaram
2843 3988 3219 4053 Trivultium,
3242 3986 3412 4056 cujus
3443 3985 3512 4040 de
3543 3999 3610 4038 eo
3642 3982 3755 4037 hcc
3787 3987 3882 4036 cst

2211 4081 2501 4152 judicium
2535 4099 2547 4135 :
2583 4078 2733 4148 Quod
2774 4081 2915 4133 sicut
2946 4081 3154 4141 auctor,
3179 4075 3426 4146 quisquis
3474 4074 3586 4127 hac
3613 4071 3876 4136 ediderit,

2219 4173 2406 4239 infans
2435 4178 2486 4225 ct
2523 4169 2761 4238 elinguis
2809 4175 2946 4235 erat,
2975 4174 3035 4221 ut
3084 4167 3181 4236 qui
3226 4165 3478 4228 nesciret,
3511 4163 3563 4215 si
3611 4158 3744 4230 quid
3793 4158 3880 4213 vel

2219 4264 2340 4314 arte
2368 4259 2665 4324 didicisset,
2701 4257 2784 4310 vel
2825 4272 2929 4310 usu
2975 4263 3312 4326 compertum
3354 4251 3654 4316 habuisset,
3687 4247 3882 4318 expri-

2218 4365 2386 4415 mere,
2419 4353 2528 4403 etc.
2573 4347 2640 4401 Et
2691 4349 2826 4400 ante
2876 4344 3101 4414 aliquot
3149 4358 3357 4406 anuos,
3409 4339 3604 4395 Graece
3652 4337 3881 4392 editum

2222 4436 2459 4492 Parisiis
2505 4436 2563 4490 in
2595 4435 2839 4504 8,1558.
2891 4433 3057 4504 Apud
3110 4428 3490 4486 Guilielmum
3544 4423 3880 4490 Morelium,

2221 4527 2488 4581 Demetrio
2539 4530 2922 4596 Pepagomcno
2964 4520 3452 4585 vindicatum;-et
3480 4516 3597 4587 [35]
3629 4513 3879 4569 seorsim

465 4599 711 4656 boribus
741 4603 1032 4675 meliores,
1061 4624 1174 4663 non
1199 4609 1516 4665 deteriores
1546 4612 1786 4666 evadere
1809 4628 2110 4668 conamur.
2146 4624 2190 4688 D
2224 4615 2426 4670 Latine
2448 4629 2518 4668 ex
2547 4610 3029 4684 interpretatione
3051 4606 3378 4662 doctissimi
3405 4605 3712 4675 cujusdam
3746 4601 3880 4670 viri,

463 4691 532 4742 Et
566 4690 818 4788 .Iisellus
876 4693 1171 4788 Sethianis
1230 4696 1369 4766 illis,
1426 4698 1605 4754 veluti
1661 4699 1856 4756 aliena
1911 4700 2112 4773 pluma

461 4783 740 4845 amictus,
771 4783 1195 4840 candidissima
1225 4803 1334 4841 sua
1363 4788 1756 4859 deturpasset.
1787 4789 2024 4846 Viderat
2053 4791 2110 4846 id

461 4881 698 4938 quoque
730 4869 1040 4942 Gyraldus,
1071 4873 1440 4947 epistolaque
1473 4878 1903 4950 nuncupatoria
1932 4880 2115 4935 omni-

2222 4719 2395 4774 quem
2429 4702 2554 4772 ipse
2584 4717 2700 4755 non
2735 4699 3018 4754 nominat.
3038 4699 3182 4753 Cum
3207 4712 3340 4750 vero
3370 4695 3430 4749 in
3465 4692 3670 4748 multis
3694 4689 3881 4746 Psello

2222 4791 2540 4859 tribuatur,
2572 4788 2710 4844 licet
2742 4787 2902 4842 illius
2935 4802 3050 4841 non
3083 4786 3180 4852 sit,
3212 4785 3367 4840 inter
3397 4781 3513 4838 alia
3545 4779 3720 4836 Pselli
3752 4795 3880 4834 mo-

2224 4882 2509 4935 numenta
2537 4877 2696 4934 edita
2725 4876 2918 4932 locum
2950 4875 3182 4930 habeat.

2055 5023 2289 5079 NOTZE.

534 5143 610 5220 (q)
644 5141 847 5220 Inﬁma.
881 5145 1139 5220 Caesareo
1186 5144 1486 5220 Michaelis
1523 5147 1688 5220 Pselli
1742 5164 1870 5220 esse
1920 5148 2115 5220 perhi-

463 5213 684 5297 betur‘:
717 5217 824 5268 Τοῦ
869 5213 1093 5297 Ψελλῷ
1138 5216 1331 5297 κυρίου
1377 5213 2112 5297 Μιχαήλιπερὶῃτῶίὰγξων

465 5281 557 5369 xui
598 5283 936 5369 ‘qixoupevm
965 5292 1037 5342 ὧν
1072 5273 1216 5342 ἑπτὰι
1263 5273 1505 5342 συνόδων
1550 5273 1685 5361 πρὸς
1720 5273 1831 5345 ιτὸν
1894 5273 2116 5366 βασιιλὲα

468 5356 564 5432 τὸν
592 5356 713 5432 ⁸Μον
723 5356 960 5432 ομάχον.

535 5427 889 5496 (ν’)δίωοοὴῖ
950 5431 1086 5486 huic
1141 5430 1420 5499 vindicat,
1467 5436 1525 5488 et
1571 5451 1638 5488 ex
1687 5435 1918 5490 duobus
1971 5452 2114 5490 mss.

467 5495 594 5550 Jac.
627 5500 882 5558 Mentelii
941 5502 1315 5573 integriorem
1375 5495 1555 5574 hlujus
1614 5505 1747 5561 libri
1800 5507 2117 5561 editionem

467 5582 601 5649 quin
632 5574 922 5649 versione
949 5579 1006 5629 et
1044 5576 1206 5649 notis
1238 5574 1399 5649 dedit
1438 5576 1737 5649 Martinus
1783 5580 2115 5649 Bogdanus,

469 5637 654 5716 Paris.
710 5646 867 5716 1658,
901 5647 954 5700 8.
988 5646 1134 5701 Vide
1180 5649 1238 5701 et
1284 5645 1554 5702 Allatium
1606 5650 1677 5703 de
1723 5637 2114 5716 Simeonibus,

461 5726 522 5782 p.
563 5710 685 5768 181.
719 5715 896 5773 Pselli
925 5717 1145 5772 librum
1189 5732 1309 5772 una
1339 5732 1476 5774 cum
1508 5719 1801 5778 Simeonis
1849 5721 1998 5778 libro
2042 5710 2115 5776 ad

2226 5165 2369 5203 mss.
2403 5148 2630 5202 codices
2680 5144 2968 5202 recensito
2999 5143 3167 5198 edere
3208 5141 3391 5197 voluit
3418 5138 3702 5211 Georgius
3749 5137 3884 5192 Hie-

2227 5238 2351 5276 ron.
2387 5218 2741 5274 Welschius.
2775 5217 2919 5271 Vide
2951 5217 3079 5284 ejus
3110 5213 3415 5284 epistolam
3453 5211 3546 5266 IX.

2296 5291 2366 5361 (s)
2395 5291 2489 5345 Sic
2542 5293 2717 5346 etiam
2774 5289 2952 5342 codex
2977 5280 3321 5361 "Cresa—reus
3347 5286 3582 5361 de__quo
3606 5280 3888 5361 lambe-

2227 5349 2362 5416 cius,
2386 5363 2476 5431 Vl,
2511 5379 2567 5432 p.
2605 5364 2727 5416 161.
2762 5361 2920 5414 Idem
2972 5363 3257 5432 memorat
3289 5355 3457 5432 Pselli
3487 5349 3621 5432 ’περξ
3674 5349 3890 5432 ξδᾉιαὲξης

2228 5435 2297 5488 ad
2333 5423 2476 5504 imp:
2509 5423 2959 5489 Constantinum
2993 5428 3469 5484 Monomachum.
3507 5425 3717 5548 lncigit
3744 5441 3755 5478 :
3784 5423 3886 5474 Καὶ

2228 5506 2386 5548 τηῦτο
2462 5511 2559 5548 τῖε
2637 5507 2734 5548 σῆε
2818 5496 2971 5548 ἔργον
3031 5499 3290 5548 προνοίας
3346 5497 3436 5548 καὶ
3499 5516 3638 5548 nava
3682 5496 3886 5548 οωυοῦξ

2227 5506 2386 5557 τοῦτο
2421 5496 2436 5504 ’
2462 5511 2559 5572 τῆς
2637 5507 2734 5567 σῆς
2818 5496 2971 5574 ἔργον
3007 5499 3290 5574 Δπρονοίεξς
3321 5497 3436 5574 ’καὶ
3499 5496 3887 5570 μεγαλοφυοῦς

2229 5575 2480 5652 ἐπινοίας.
2517 5569 2606 5629 iui
2666 5569 3187 5652 φξλανόρωπόαςήτος
3228 5569 3517 5652 ,ἐπίταγμα
3542 5569 3887 5652 ,ὶΚωνσ-ιαν-

2229 5652 2343 5701 τῖνε
2372 5646 2612 5712 θειότατε
2635 5639 2723 5700 κὰὶ
2757 5639 2974 5718 μὲγίστε
3004 5642 3364 5717 αὐτοκράτορ,
3396 5639 3522 5698 m1.
3557 5639 3614 5696 λ.

2303 5723 2371 5791 (ι)
2399 5719 2580 5792 Paris,
2613 5723 2677 5775 Δ.
2713 5714 2872 5788 1567,
2905 5714 3003 5774 fol.
