4060 6344
150 350 259 410 509

1398 344 1774 408 ΒΙΑἸἪΙΒΑ
1818 346 1919 407 DE
1967 345 2305 408 PSELLIS.

3443 349 3566 411 510

208 481 363 537 LIII.
415 484 484 536 Et
520 480 642 537 haec
690 482 862 539 Pselli
912 498 1090 556 opera
1131 480 1212 554 (u)
1258 480 1418 537 edita
1472 484 1613 536 sunt
1668 496 1796 552 quae
1825 480 1879 547 Α
1985 479 2094 536 LV.
2130 480 2467 548 Quaestione:
2495 479 2820 549 theologica?
2841 496 2966 537 cum
2996 483 3465 553 responsionibus,
3489 484 3564 538 ad

150 570 289 626 mihi
321 571 516 627 videre
566 573 833 646 contigit.
868 577 955 629 An
1006 571 1121 627 alia
1171 570 1312 626 item
1372 570 1492 625 sint
1539 570 1802 625 nondum

152 660 300 715 novi.
336 660 489 715 Illud
521 662 698 727 scias,
732 661 936 731 lector,
967 660 1114 716 alias
1159 660 1297 715 item
1330 674 1460 715 esse
1488 657 1805 714 nonnullo-

147 765 269 805 rum
302 766 374 806 ex
416 749 579 805 hisce
627 751 907 823 cperibus
938 751 1249 815 editiones,
1281 765 1431 820 quas
1482 749 1672 804 libens
1700 763 1801 802 vo-

149 838 397 911 lensque
423 839 618 895 omisi.
653 841 808 895 Satis
853 840 931 896 sit
978 840 1405 912 praecipuarum
1458 837 1801 893 commemi-

149 930 325 984 nisse.
361 927 598 984 Utinam
649 934 707 984 et
754 929 891 999 alia,
936 945 1066 1001 quas
1109 929 1235 999 jam
1283 927 1489 991 latent,
1537 928 1801 982 eamdem

150 1034 278 1073 cum
308 1017 445 1073 istis
477 1018 772 1073 fortunam
805 1016 1235 1090 experirentur!
1262 1017 1371 1073 Sed
1403 1016 1640 1088 quando
1672 1030 1802 1086 pes-

150 1107 431 1162 simorum
489 1107 799 1162 hominum
856 1105 1119 1177 nequitia
1176 1105 1233 1161 id
1294 1105 1418 1159 ﬁeri
1474 1103 1700 1175 nequit,
1729 1119 1801 1158 en

147 1196 476 1267 aliquorum
538 1196 730 1251 adhuc
778 1195 1134 1251 ineditorum
1185 1193 1518 1266 catalogum
1568 1192 1664 1247 hic
1712 1198 1797 1247 at-

147 1291 356 1355 texam,
409 1301 665 1356 quorum
722 1284 867 1338 mihi
918 1283 1204 1339 memoria
1251 1283 1537 1354 suppetit,
1582 1284 1639 1337 et
1685 1297 1799 1351 quo

150 1373 428 1429 dicuntur
474 1389 606 1429 esse
653 1373 712 1429 in
767 1372 894 1429 loco
943 1372 1226 1445 aperiam,
1258 1376 1344 1439 ut,
1379 1373 1429 1427 si
1476 1372 1647 1427 detur
1691 1368 1799 1424 ali-

150 1464 381 1535 quando
415 1461 685 1533 facultas,
707 1462 817 1518 tibi
847 1462 1042 1533 possis
1072 1466 1268 1517 tantos
1298 1461 1605 1517 thesauros
1635 1476 1792 1515 com-

150 1568 370 1624 parare.
402 1552 801 1623 Laudaboque
829 1555 1120 1620 auctores,
1153 1555 1218 1605 ut
1246 1550 1403 1606 unde
1432 1549 1490 1604 id
1522 1549 1794 1613 habeam,

152 1642 249 1696 tibi
278 1646 651 1712 compertum
684 1639 781 1706 sit,
803 1645 858 1695 et
890 1640 938 1696 si
962 1656 1094 1712 qua:
1116 1643 1280 1695 fraus
1303 1638 1795 1710 deprehendetur,

150 1729 361 1786 habeas
392 1738 454 1785 tu
475 1730 677 1796 etiam,
698 1728 758 1784 in
790 1745 940 1801 quas
961 1728 1183 1783 crimen
1216 1727 1455 1783 referas.
1479 1727 1559 1783 De
1582 1725 1798 1799 quibus

1915 568 2257 625 Michaelem
2317 569 2562 637 Ducam,
2612 571 2830 641 quibus
2889 575 2947 625 et
3005 572 3076 626 ad
3139 571 3561 643 physiologiam

1915 659 2270 729 pertinentia
2301 659 2693 725 continentur,
2728 658 2852 729 fol.,
2884 660 2942 714 in
2978 660 3335 717 bibliotheca
3362 662 3565 733 Augu-

1916 740 2107 814 stana,
2139 748 2195 803 in
2229 748 2483 804 armario
2514 748 2610 802 Vl.
2647 748 2820 803 Index
2849 751 3234 818 Augustanus
3269 767 3380 806 ms-
3412 751 3569 807 infra

1915 837 2091 892 etiam
2124 837 2278 893 idem
2312 837 2483 893 index
2515 837 2636 892 haec
2676 837 2853 892 habet
2886 855 2900 893 :
2934 840 3107 895 Pselli
3134 839 3205 895 ad
3236 841 3567 896 Micltaelcm

1917 927 2268 983 Commenum
2296 930 2453 984 varia
2499 929 2680 999 capita
2711 927 3011 999 theologica
3041 948 3059 985 :
3094 928 3223 1003 Περὶ
3273 926 3565 984 timocrat-

1911 1031 2032 1088 του,
2063 1023 2132 1073 de
2158 1019 2370 1083 anima,
2402 1023 2469 1072 de
2498 1017 2823 1084 virtutibus,
2848 1027 2899 1073 et
2922 1020 3156 1090 physica
3184 1020 3254 1074 de
3280 1021 3569 1087 sensibus;

1913 1106 1979 1161 de
2022 1106 2411 1162 similitudine.
2462 1115 2515 1161 et
2558 1107 3027 1163 dissimilitudine
3086 1108 3391 1164 liberorum
3438 1125 3563 1164 cum

1906 1196 2267 1266 parentibus;
2311 1195 2377 1251 de
2428 1197 2754 1266 embryone;
2800 1196 2866 1251 de
2918 1198 3176 1258 somniis;
3226 1197 3289 1252 de
3339 1199 3564 1252 circulis

1910 1282 2254 1347 caelestibus;
2279 1286 2347 1339 de
2376 1288 2665 1346 meteoris;
2693 1284 2759 1340 de
2788 1286 2941 1343 lunw
2970 1286 3197 1354 cclipsi:
3226 1285 3291 1341 de
3316 1286 3447 1341 solis
3467 1301 3567 1341 ca-

1913 1373 2157 1436 loresde
2196 1373 2399 1441 stellis;
2432 1373 2498 1428 de
2526 1374 2834 1436 Dioscuris;
2883 1374 2948 1430 de
2998 1377 3211 1446 pluvia,
3261 1375 3562 1445 grandine,

1908 1465 2053 1529 nive,
2100 1465 2328 1534 pruina,
2378 1478 2533 1528 rore;
2564 1464 2634 1518 de
2679 1463 2938 1535 typhone,
2972 1468 3025 1519 et
3072 1464 3337 1534 ecnephia
3366 1463 3562 1534 ventis,

1905 1552 1972 1607 de
1998 1551 2276 1622 fulmine;
2304 1551 2370 1606 de
2395 1552 2644 1621 partibus
2689 1551 2889 1606 mundi
2902 1569 2914 1613 ;
2965 1552 3030 1607 de
3075 1556 3242 1609 terra?
3287 1553 3527 1608 motibus
3542 1568 3562 1613 ;

1905 1640 1973 1696 de
1999 1641 2439 1712 tempestatibus;
2473 1643 2540 1696 de
2587 1640 2865 1696 salsedine
2908 1642 3117 1703 maris;
3145 1641 3210 1697 de
3256 1642 3565 1707 imbribus;

1908 1730 1975 1785 de
2018 1732 2376 1801 ﬂuminibus;
2409 1729 2476 1784 de
2526 1730 2813 1785 stellarum
2862 1730 3011 1797 luce;
3060 1731 3202 1803 quid
3246 1732 3565 1799 necessitas,

150 1824 409 1875 exactum
474 1818 585 1874 tibi
634 1818 954 1889 judicium,
1004 1822 1345 1889 certamque
1404 1817 1798 1872 narrationem
1830 1820 2251 1904 Bconlingens,
2311 1828 2543 1890 tempus,
2605 1821 2880 1885 materia,
2933 1821 3140 1890 forma,
3191 1818 3569 1874 elementum?

152 1924 256 1963 non
286 1907 599 1980 promitto,
629 1923 762 1962 cum
803 1923 872 1962 ea
915 1923 1029 1978 pre
1062 1906 1341 1962 manibus
1395 1922 1509 1961 non
1562 1904 1797 1960 fuerint.

149 1993 285 2049 Illud
316 2000 550 2050 eertum
583 1998 689 2059 est,
725 2010 793 2049 ex
833 1992 927 2048 his
981 1992 1267 2050 nonnulla
1316 2008 1446 2049 esse
1499 1993 1610 2063 bis,
1640 1997 1802 2048 terve

149 2083 408 2154 repetita,
441 2083 713 2154 quaedam
747 2083 925 2138 etiam
970 2082 1125 2154 typis
1158 2099 1393 2138 excusa.
1427 2082 1574 2147 Quia
1603 2087 1801 2137 tamen

146 2187 205 2226 ex
232 2172 360 2228 sola
393 2172 555 2227 tituli
590 2171 824 2241 notitia,
855 2188 1042 2243 eaque
1081 2171 1370 2242 varianda
1399 2177 1520 2227 toto
1550 2175 1802 2227 tractatu

148 2278 255 2316 non
297 2277 625 2333 possumus
674 2261 1025 2317 sententiam
1062 2262 1230 2328 ferre,
1264 2264 1321 2316 et
1367 2276 1551 2316 unum
1585 2260 1656 2315 ab
1689 2259 1803 2315 alio

149 2349 531 2423 distinguere,
552 2349 1054 2421 quemadmodum
1087 2347 1147 2404 in
1181 2348 1317 2404 aliis
1341 2348 1698 2418 invenimus,
1721 2347 1806 2403 ita

150 2438 249 2494 tibi
276 2439 520 2510 damus,
551 2455 680 2510 quin
725 2442 880 2495 certo
912 2438 1071 2495 edita
1108 2442 1248 2494 sunt
1276 2436 1517 2494 omnino
1566 2441 1805 2509 printer-

154 2534 382 2595 euntes,
413 2527 496 2584 sit
523 2544 662 2600 ergo
696 2545 709 2583 :

220 2617 362 2673 LIV.
408 2616 587 2673 Pselli
646 2615 794 2672 liber
840 2620 1044 2673 Contra
1094 2617 1454 2682 Eunomium,
1502 2619 1697 2671 Romae
1745 2614 1806 2669 in

157 2707 437 2762 Vaticana
469 2710 739 2762 servatur
772 2723 785 2761 :
819 2705 1117 2762 Gesnerus
1165 2704 1225 2760 in
1276 2704 1655 2772 Bibliotheca,
1688 2703 1807 2760 Gil-

158 2796 356 2851 bertus
388 2794 748 2850 Gaulminus
785 2794 943 2849 notis
987 2794 1045 2849 in
1076 2795 1351 2850 eumdem
1383 2791 1515 2868 Περὶ
1545 2790 1813 2866 ἐνεργείας

157 2883 468 2953 Δαιμόνων,
500 2890 560 2938 et
607 2883 951 2939 Franciscus
1001 2883 1426 2939 Feuardentius
1473 2882 1812 2955 praefatione

160 2973 215 3028 iu
249 2972 403 3029 Petri
446 2971 669 3027 Morelli
722 2972 1266 3045 interpretationem
1317 2973 1585 3045 ejusdem
1631 2970 1814 3027 libelli

164 3069 240 3118 De
269 3062 640 3119 daemonibus.

219 3152 440 3209 Scholia
467 3151 711 3219 eiusdem
735 3153 795 3207 in
817 3151 1018 3208 dictum
1041 3151 1314 3223 quoddam
1335 3151 1558 3220 Basilii,
1583 3151 1810 3220 Romae;

165 3243 463 3297 Gesnerus
493 3239 737 3296 ibidem.

220 3330 478 3403 Epitome
526 3329 800 3385 librorum
847 3330 1045 3401 Moysis
1074 3330 1135 3386 in
1165 3330 1198 3384 4
1225 3332 1331 3385 Ms.
1364 3327 1425 3384 in
1457 3327 1818 3384 bibliotheca

161 3418 541 3491 imperatoris
573 3418 801 3475 Viennae
835 3434 849 3476 :
881 3420 1194 3475 Gesnerus.

224 3510 485 3581 Dioptra,
527 3507 584 3563 id
634 3511 726 3564 est
774 3508 1165 3581 Perspectiva,
1213 3506 1521 3565 continens
1567 3512 1821 3580 quatuor

161 3613 473 3653 sermones
502 3597 566 3652 in
588 3596 805 3669 quibus
836 3597 1071 3653 animus
1091 3601 1149 3653 et
1176 3614 1387 3669 corpus
1409 3596 1734 3669 disputant,
1756 3596 1816 3651 in

160 3687 527 3743 bibliotheca
583 3688 926 3753 Augustana
980 3702 995 3741 :
1047 3687 1341 3743 Gesnerus
1383 3687 1495 3758 [36]
1540 3692 1597 3741 et
1644 3685 1819 3741 index

162 3782 557 3848 Augustanus
580 3791 607 3832 ,ε
638 3776 788 3832 Plut.
819 3776 875 3841 6,
897 3792 1062 3830 num.
1097 3776 1185 3830 12.
1221 3776 1346 3831 llmc
1386 3792 1459 3831 an
1502 3775 1706 3830 eadem
1741 3774 1819 3829 sit

164 3880 293 3919 cum
330 3862 594 3935 Philippi
632 3862 879 3919 solitarii
927 3864 1186 3936 DiOptra,
1211 3865 1336 3934 jam
1386 3863 1545 3941 edita
1592 3863 1817 3931 Latine,

164 3970 274 4009 non
311 3969 563 4026 possum
588 3951 868 4018 divinare,
894 3957 951 4009 et
978 3953 1124 4008 forte
1155 3951 1371 4008 Indicis
1401 3954 1624 4022 auctor,
1647 3950 1821 4008 Pselli

162 4043 467 4112 prafantis
516 4044 587 4110 (v)
645 4041 883 4097 nomine
946 4041 1264 4112 deceptus,
1321 4045 1508 4097 totum
1566 4041 1821 4112 Dioptrze

160 4147 330 4202 opus,
376 4149 411 4186 a
453 4147 587 4186 vero
637 4130 923 4203 scriptore
972 4130 1236 4202 Philippo
1289 4128 1581 4196 avulsum,
1627 4129 1819 4186 Psello

162 4220 579 4290 imprudenter
608 4218 786 4274 nimis
814 4219 1143 4292 supposuit.
1181 4218 1433 4292 Philippi
1467 4227 1659 4274 tamen
1693 4235 1822 4276 esse

159 4315 431 4381 apparet,
471 4324 603 4364 cum
657 4323 809 4376 eam,
842 4302 910 4363 ei
948 4306 1304 4363 bibliotheca
1355 4312 1693 4379 Augustana
1722 4309 1821 4364 de-

162 4403 527 4470 promptum,
574 4413 708 4452 cum
754 4396 1046 4467 Cabasila,
1078 4395 1403 4464 Philotheo,
1434 4397 1659 4453 Joanne
1688 4399 1822 4453 Car-

160 4489 383 4558 pathio,
418 4492 481 4543 et
509 4485 684 4559 Glyca
726 4485 994 4542 Latinam
1026 4484 1354 4557 vulgaverit
1389 4486 1641 4542 Jacobus
1671 4486 1825 4542 Pon-

1912 1908 2053 1975 Quid
2096 1909 2527 1979 encyclopedia?
2573 1907 2640 1962 de
2690 1908 3002 1963 litterarum
3049 1907 3450 1974 inventoribus;
3500 1906 3567 1961 de

1908 1996 2305 2064 Amazonibus;
2333 1998 2401 2052 de
2420 1997 2743 2051 nominibus
2769 2012 3163 2052 mensurarum
3190 2021 3205 2064 ;
3236 1997 3300 2052 de
3327 1996 3568 2051 circulo-

1910 2103 2038 2141 rum
2070 2088 2281 2155 iniliis;
2308 2101 2437 2158 qua:
2471 2087 2709 2141 habeant
2745 2086 2961 2153 cretum,
2998 2102 3173 2152 mare,
3203 2088 3314 2147 sol;
3341 2086 3406 2141 de
3433 2094 3565 2141 ortu

1910 2175 2044 2231 solis
2072 2176 2303 2246 triplici,
2336 2176 2511 2247 deque
2539 2177 2664 2247 igne
2690 2176 2905 2231 rtelitus
2935 2175 3004 2231 ad
3030 2175 3355 2247 philosophi
3379 2189 3569 2247 preces

1912 2264 2167 2336 delapso;
2197 2264 2264 2319 de
2310 2267 2564 2331 Potitlca,
2605 2263 2872 2325 Arcadia;
2924 2280 2990 2320 ac
3033 2265 3337 2333 Aristotele,
3372 2264 3568 2318 Clean-

1913 2357 2023 2421 the,
2068 2354 2432 2422 Anaatagora;
2460 2354 2526 2409 de
2566 2353 2792 2418 Eubaea,
2827 2353 3042 2409 Sicilia.
3077 2352 3372 2409 Gesnerus
3405 2353 3566 2422 item,

1914 2442 2158 2514 ejusdem
2184 2442 2250 2497 de
2276 2441 2391 2513 ﬁde
2435 2441 2506 2498 ad
2551 2442 2867 2499 llichaelem
2914 2444 3150 2507 Ducam,
3171 2444 3374 2514 juncta
3421 2443 3569 2513 ejus-

1916 2534 2046 2588 dem
2078 2533 2320 2603 Epitome
2364 2531 2737 2604 philosophiae
2777 2532 3167 2597 Aristotelicas,
3200 2530 3257 2586 id
3304 2536 3381 2586 est
3424 2531 3570 2604 phy-

1915 2624 2067 2689 sica,
2115 2621 2182 2676 de
2242 2623 2599 2692 generatione
2653 2625 2704 2676 et
2759 2622 3130 2691 corruptione,
3179 2622 3248 2675 de
3291 2621 3571 2689 meteoris,

1917 2727 2045 2767 cum
2087 2711 2461 2782 supplemento
2492 2710 2751 2780 Gregorii
2794 2710 3012 2765 Nicaeni
3058 2710 3127 2764 ad
3173 2710 3400 2764 Petrum
3447 2712 3572 2778 fra-

1919 2804 2059 2856 trem
2092 2801 2152 2854 in
2184 2800 2236 2869 4,
2266 2815 2369 2854 ms.
2400 2798 2726 2855 bibliothoca
2758 2801 2892 2871 imp.
2930 2800 3170 2855 Viennae.
3203 2799 3365 2853 Idem
3398 2797 3576 2854 habet

1921 2888 2100 2946 Israel
2131 2889 2415 2962 Spachius
2453 2889 2512 2945 in
2545 2890 2991 2946 Nomenclatore
3037 2888 3389 2961 scriptorum
3440 2888 3570 2960 phi—

1922 2977 2360 3051 losophicorum
2417 2983 2476 3034 et
2531 2977 3040 3052 philologicorum.
3075 2978 3216 3033 Item
3267 2978 3461 3032 Romae
3512 2977 3570 3033 in

1924 3066 2280 3124 bibliotheca
2317 3067 2900 3123 SanctooSilvestrina
2947 3067 3005 3122 in
3057 3070 3254 3122 monte
3285 3065 3571 3131 Quirinali

1925 3160 2015 3212 est
2041 3157 2305 3227 ejusdem
2346 3156 2442 3211 hic
2488 3154 2635 3211 liber
2683 3172 2794 3211 ms.
2827 3156 3046 3223 Graece,
3078 3170 3252 3228 quem
3287 3170 3392 3225 ego
3423 3152 3571 3222 vidi;

1927 3244 2136 3300 titulus
2187 3249 2311 3301 erat
2346 3260 2359 3299 :
2404 3240 2630 3297 Ψελλοῦ
2659 3244 2794 3318 πρὸς
2840 3243 2932 3298 τὸν
2987 3241 3214 3319 βασιλέα
3250 3240 3436 3315 κύριον
3470 3246 3574 3294 Μι-

1927 3331 2080 3408 χαήλ
2117 3331 2210 3387 τὸν
2261 3337 2466 3387 Δοῦκαν
2499 3335 2601 3407 (τε).
2633 3336 2807 3390 Psclli
2846 3333 2918 3390 ad
2962 3336 3346 3406 imperatorem
3393 3333 3575 3388 domi-

1927 3440 2061 3479 num
2098 3423 2417 3480 Michaelem
2463 3424 2699 3485 Ducam;
2728 3423 2916 3495 capita
2960 3427 3144 3479 erant.
3180 3422 3242 3478 α’.
3274 3418 3578 3494 Ὁμολογία

1925 3517 2027 3579 τῆς
2084 3509 2336 3573 πίστεως.
2401 3511 2467 3585 β’.
2522 3510 2653 3585 Περὶ
2715 3509 2997 3583 ὀνομάτων
3054 3513 3217 3565 τινῶν
3262 3506 3609 3585 λεγομένων’

1926 3592 1978 3648 ἐν
2036 3598 2117 3666 τῷ
2165 3598 2273 3648 τῶν
2333 3594 2668 3669 Χριστιανῶν
2717 3590 2971 3666 δόγματι.
3001 3599 3067 3667 γ’.
3102 3590 3230 3666 Περί
3281 3591 3573 3645 ἐνυποστά-

1925 3704 2056 3738 των.
2114 3680 2181 3738 δ.
2228 3681 2359 3757 Περὶ
2414 3682 2772 3754 Ὀμοουσίου.
2827 3683 2889 3739 ε’.
2940 3681 3073 3755 Περὶ
3118 3679 3570 3751 Ὀμοϋποστάτου

1928 3772 1986 3835 ς’.
2039 3770 2169 3845 Περὶ
2213 3769 2511 3832 οὐσιώδους
2559 3771 2823 3837 ὲνώσεως,
2876 3768 2967 3824 καὶ
3016 3767 3299 3847 διαφορᾶς.
3334 3769 3395 3837 ζ’.
3443 3765 3578 3840 Περὶ

1930 3860 2292 3929 ὑποστατικῆς
2342 3860 2604 3929 ἒνώσεως,
2661 3859 2750 3914 καὶ
2802 3856 3086 3936 διαφορᾶς.
3137 3858 3209 3927 η’.
3255 3855 3388 3931 Περὶ
3445 3874 3579 3930 σχε-

1925 3956 2083 4019 τικῆς
2116 3949 2381 4011 ἒνώσεως.
2415 3950 2479 4014 θ’.
2515 3948 2643 4023 Περὶ
2696 3955 2796 4018 τῆς
2844 3947 3000 4023 ἁγίας
3047 3943 3299 4019 Τριάδος.
3352 3945 3383 3998 ι’
3446 3943 3582 4017 Περὶ

1929 4040 2043 4112 [37]
2091 4038 2299 4113 τρόπου
2353 4041 2452 4107 τῆς
2510 4034 2854 4099 ἀντιδόσεως.
2919 4044 3004 4093 ια’.
3067 4036 3195 4112 Περὶ
3249 4033 3393 4099 θείας
3444 4033 3582 4088 ivdi-

1929 4148 2065 4189 σεως
2101 4128 2192 4196 ιβ’.
2234 4127 2365 4201 Περὶ
2414 4126 2642 4203 φύσεως.
2681 4131 2704 4183 1
2762 4130 3040 4198 Pro/essio
3087 4126 3235 4197 ﬁdei.
3268 4126 3325 4182 2.
3360 4126 3434 4180 De
3462 4124 3587 4195 qui-

1931 4216 2159 4273 busdam
2186 4218 2513 4273 nominibus
2542 4217 2603 4271 in
2629 4217 3081 4274 Christianorum
3123 4216 3390 4286 dogmate
3416 4229 3584 4267 usur-

1926 4308 2091 4378 patis.
2151 4306 2204 4361 3.
2265 4306 2338 4362 De
2391 4308 2464 4377 ty)
2521 4306 2957 4378 enyposlasibus.
3018 4305 3070 4360 4.
3131 4305 3206 4359 De
3270 4303 3578 4359 Homousio.

1928 4397 1984 4451 5.
2018 4396 2091 4451 De
2145 4397 2624 4467 Homohypostato.
2675 4397 2730 4453 6.
2785 4399 2861 4452 De
2915 4394 3201 4451 essentiali
3255 4394 3477 4458 unione,
3529 4392 3585 4444 et

1932 4484 2268 4557 diﬂerentia.
2300 4487 2355 4541 7.
2387 4486 2463 4541 De
2510 4485 2860 4558 hypostatica
2905 4486 3130 4550 unione,
3163 4492 3215 4539 et
3244 4480 3582 4553 diﬂerentia.

162 4580 334 4632 tanus
388 4573 766 4647 Ingolstadii,
796 4590 867 4630 ex
896 4574 1278 4647 typograpbis
1309 4574 1514 4631 Adami
1562 4574 1824 4647 Sertorii,
1857 4571 1904 4637 D
1935 4576 1988 4629 8.
2025 4578 2109 4630 De
2145 4575 2382 4630 relativa
2427 4576 2653 4630 unione.
2683 4574 2737 4628 9.
2771 4574 2847 4629 De
2892 4582 3089 4629 sancta
3138 4571 3354 4627 Triade.
3389 4571 3473 4624 lO.
3508 4568 3587 4622 De

161 4665 316 4734 160i,
350 4664 416 4721 in
448 4664 501 4718 4.

1927 4664 2081 4720 modo
2115 4664 2189 4736 (1.)
2220 4663 2632 4719 retributionis.
2668 4663 2755 4718 11.
2787 4662 2861 4717 De
2905 4662 3096 4717 divina
3139 4662 3367 4730 unione,
3400 4659 3483 4712 12.
3516 4658 3591 4712 De

1760 4790 1995 4847 ΝΟΤᾸΞ.

224 4889 296 4954 (α)
326 4886 504 4959 Adde
552 4884 647 4959 his
686 4887 759 4941 ab
806 4884 1016 4942 Allatio
1048 4886 1354 4959 recensitis
1387 4888 1438 4942 1.
1472 4882 1707 4959 Σύνοψιν
1748 4885 1825 4949 εἲς

155 4955 715 5033 τὴνΪΑριξιτεὸτᾶλεφς
767 4958 1011 5033 Λογιχήν
1044 4975 1223 5030 quam
1273 4958 1468 5033 Greece
1502 4955 1827 5033 ⁸(ΞΐηῙᾼξιίηθ

156 5029 366 5113 edidit’
398 5029 562 5113 Elius
601 5029 960 5113 _E_bin_ger'us.
983 5029 1260 5113 Augusta:
1307 5029 1541 5085 Vindel.
1576 5031 1736 5101 1597,
1768 5034 1823 5113 β,

155 5106 487 5159 observans
520 5101 671 5174 Petri
719 5100 961 5174 Hispani
998 5100 1384 5171 summulam,
1418 5117 1632 5174 magna
1663 5106 1826 5174 parte

156 5190 222 5228 ex
249 5174 363 5230 hoc
404 5172 580 5229 Pselli
621 5170 903 5244 opusculo
951 5174 1193 5244 petitam
1244 5170 1392 5228 esse.
1424 5170 1822 5244 2.)'Mow’p8lav

154 5245 209 5301 ia
242 5246 548 5318 templum
598 5242 825 5318 sophiae
856 5242 1013 5318 Cpol.
1047 5251 1217 5318 terra;
1266 5247 1429 5318 motu
1458 5242 1820 5318 quassatam,

155 5335 330 5387 quam
363 5314 562 5373 edidit
598 5315 851 5370 Allatius
882 5314 1045 5388 potis
1074 5316 1148 5370 ad
1179 5314 1495 5387 Georgium
1526 5316 1824 5388 Acropoli-

156 5386 296 5455 t’am,
331 5406 393 5460 p.
454 5388 556 5441 281
610 5390 847 5460 seq.73.)
879 5386 1054 5442 Breve
1103 5386 1353 5460 carmen
1388 5386 1703 5460 iambicum
1763 5389 1823 5443 in

159 5457 597 5530 depositionem
627 5457 717 5514 Jol
742 5457 1165 5530 Chrysostomi,
1189 5458 1491 5530 vulgatum
1525 5458 1721 5515 Graece
1751 5459 1824 5514 ab

164 5478 226 5515 σε
307 5478 597 5516 8111008111
627 5478 717 5514 δο.
742 5478 857 5514 υηι·
898 5478 1165 5523 εοειοωι,
1189 5478 1491 5530 vungatum
1525 5478 1721 5515 υτωαθ
1751 5478 1824 5514 an

164 5478 370 5588 “ﬁctio
413 5532 480 5586 in
529 5530 818 5602 excerptis
846 5478 1094 5586 (ἕτερον.
1127 5530 1529 5602 suphistarum
1564 5546 1645 5602 _ac
1694 5529 1825 5586 rhe-

160 5608 382 5672 torum,
438 5618 497 5673 p.
552 5600 1093 5673 400.'Rom.1648,
1125 5600 1381 5673 8.'Idem
1433 5618 1503 5657 ex
1552 5600 1824 5658 Oratione

159 5676 387 5733 inedita
433 5672 506 5730 ad
549 5672 1007 5731 Constantinum
1050 5672 1502 5732 Monomachum
1550 5674 1825 5746 producit

1938 4885 2242 4970 n9_nnulla,
2276 4903 2332 4958 p.
2370 4886 2491 4954 102,
2529 4886 2603 4941 De
2649 4884 3021 4940 recentiorum
3074 4886 3395 4939 Graecorum
3449 4883 3584 4936 tem-

1931 4960 2081 5101 plisv.)
2112 5027 2303 5082 Etiam
2350 5027 2461 5083 hoc
2509 5028 2707 5098 ipsum
2745 5043 2814 5083 ex
2860 5029 3191 5101 temporum
3250 5021 3579 5101 rationein

1936 5092 2399 5171 du'bium‘vocat,
2433 5092 2621 5171 neque
2651 5092 3003 5171 persuadere
3025 5096 3144 5171 sibi
3171 5099 3382 5171 potest
3427 5092 3581 5171 Alta:

1935 5173 2076 5247 tius,
2129 5170 2306 5247 _Mic_h_.
2358 5165 2610 5226 Psellum
2652 5165 2736 5247 'in_
2783 5168 3036 5247 Philippi
3087 5165 3584 5247 qui‘AZCalnlOS

1935 5237 2171 5315 scripsit
2232 5242 2528 5312 Dioptram
2587 5242 2897 5314 praal’atum
2942 5237 3158 5295 luisse.
3209 5238 3355 5293 Vide
3406 5237 3579 5301 intra,

1934 5314 2067 5384 cap.
2097 5314 2459 5384 antepenuit.

1964 5458 1974 5469 ι
2004 5379 2552 5512 Ιῖορέεοτίρῑαω
2585 5383 2768 5439 habes
2796 5383 2950 5438 intra
2979 5381 3049 5438 ad
3082 5379 3299 5435 calcem
3334 5394 3577 5450 praesen-

1964 5474 2011 5512 IS
2085 5473 2137 5511 ia
2169 5474 2212 5510 r1
2261 5472 2326 5509 aa.

1932 5462 2011 5512 tis
2042 5462 2326 5512 diatribae.

2004 5530 2083 5606 (ῃ)
2111 5527 2268 5606 ἔθεε
2300 5543 2313 5582 :
2345 5527 2701 5606 enypostatis.
2764 5596 2777 5606 _
2978 5594 2991 5606 ο
3343 5592 3354 5604 .
3427 5591 3461 5606 Δ.
3542 5591 3554 5605 ⁸

2003 5594 2081 5668 (Ξ)
2111 5594 2467 5653 Vertendum
2526 5602 2697 5653 erat:
2743 5596 2809 5652 de
2863 5594 3023 5651 modo
3072 5594 3580 5649 communicationis

1932 5671 2277 5727 idiomatum.
