4078 6336
484 338 597 399 511

1867 341 2146 404 LEONIS
2192 343 2234 401 Α
2252 340 2505 402 LLATII

3774 332 3893 392 512

486 480 707 528 natura.
742 473 876 538 Quae
907 471 1105 528 omnia
1144 489 1215 528 an
1251 490 1435 529 unum
1469 491 1614 545 opus
1646 475 1786 546 sint,
1818 475 1908 531 vel
1944 475 2136 530 diver-
2166 476 2221 542 Α
2322 474 2601 545 Expositio
2661 475 2720 528 in
2778 469 3146 543 Metaphysica
3202 466 3535 533 Aristotelis,
3584 464 3646 521 in
3704 465 3895 529 Italia,

486 579 573 629 sa,
616 560 994 632 judicabunt,
1045 562 1143 631 qui
1198 561 1408 634 legent.
1462 564 1579 636 Ego
1629 565 1898 619 existimo
1949 580 2133 619 unum

487 667 636 718 esse,
666 656 920 705 attamen
955 650 1013 705 in
1037 668 1152 707 uno
1176 652 1371 708 codice
1394 653 1794 710 abundantius
1817 651 2131 719 contineri;

486 756 555 795 ex
586 739 861 795 omnibus
890 744 1087 795 tamen
1126 759 1308 796 unum
1357 760 1528 814 posse
1568 744 1774 800 conﬁci
1812 745 2133 813 perlectum

487 834 545 884 et
565 828 838 884 omnibus
867 830 1135 900 partibus
1158 831 1519 887 absolutum.
1545 834 1681 897 Quae
1708 833 1999 904 provincia
2021 848 2135 886 non

487 923 644 973 esset
672 918 911 974 omnino
943 919 1189 975 eruditis
1222 920 1363 976 viris
1405 922 1855 977 contemnenda.
1887 919 2136 977 Consule

489 1007 687 1075 etiam,
712 1024 841 1080 quas
887 1025 993 1064 nos
1022 1010 1091 1063 de
1125 1010 1232 1064 hoc
1277 1012 1683 1083 eodemgopere
1715 1010 1957 1065 inferius
1980 1011 2135 1064 dice-

490 1113 623 1152 mus
648 1114 661 1152 :
686 1097 873 1153 obiter
904 1103 1098 1154 tamen
1142 1098 1236 1154 hic
1268 1099 1729 1156 animadvertam
1770 1099 2011 1155 titulum
2043 1115 2136 1155 se-

488 1186 666 1242 cundi
698 1188 1023 1259 Augustani
1056 1205 1167 1243 non
1202 1204 1400 1244 carere
1430 1194 1567 1245 nota
1597 1188 2004 1260 falsitatis,qui
2031 1204 2135 1243 no-

488 1276 581 1332 bis
634 1293 737 1347 pro
795 1277 1072 1333 Michaele
1129 1278 1310 1347 Duca,
1358 1278 1696 1334 Michaelem
1754 1282 2136 1334 Commenum

488 1365 772 1432 obtrudit,
797 1367 966 1437 cujus
999 1368 1342 1423 auctoritate
1373 1369 1652 1440 deceptus
1682 1368 2047 1440 Woegelinus
2080 1369 2138 1422 in

488 1471 596 1509 sua
626 1455 878 1510 editione
910 1456 1170 1523 retinuit,
1196 1461 1253 1511 et
1284 1457 1339 1511 in
1375 1457 1550 1525 notis,
1575 1458 1941 1514 Constantini
1971 1457 2139 1511 Ducas

493 1542 682 1597 filium
717 1544 1056 1600 Michaelem
1084 1544 1234 1601 inter
1254 1550 1604 1615 Comnenos,
1626 1548 1773 1604 mira
1792 1544 2144 1618 ἀνιστορησίᾳ

489 1632 666 1687 refert
696 1650 827 1688 cum
860 1634 1097 1689 omnino
1128 1640 1284 1691 esset
1315 1636 1741 1705 immutandus,
1773 1636 2145 1692 reclamanti-

488 1720 601 1776 bus
642 1722 865 1777 czeteris
897 1723 1219 1790 codicibus,
1255 1724 1355 1797 qui
1384 1742 1591 1781 omnes
1624 1742 1740 1780 uno
1772 1742 1869 1780 ore
1898 1725 2147 1780 Michae.

2244 561 2561 618 Gesnerus.

2318 640 2764 709 commentarius
2796 653 2855 706 in
2899 649 3214 707 Aristotelis
3242 648 3429 717 verba,
3463 653 3574 703 Ars
3595 648 3809 703 artium
3839 651 3899 703 et

2241 742 2488 797 scientia
2519 741 2922 807 scientiarum,
2957 744 3033 805 et,
3068 738 3339 808 Quomodo
3377 738 3570 792 omnia
3598 754 3632 792 a
3658 738 3899 809 philoso-

2240 832 2376 903 phia
2399 831 2759 901 dependeant,
2796 830 2853 884 in
2886 828 3078 896 Italia,
3113 828 3424 884 Gesnerus.

2315 922 2377 975 In
2419 922 2859 991 Psychoyoniam
2906 920 3182 988 Platonis,
3222 917 3282 972 in
3330 916 3514 983 Italia,
3548 916 3847 972 Gesnerus
3881 933 3893 970 :

2244 1007 2303 1065 in
2335 1008 2688 1064 bibliotheca
2726 1010 3063 1075 Augustana
3107 1006 3208 1063 fol.
3240 1006 3299 1061 in
3349 1006 3603 1061 armario
3634 1022 3691 1070 ν,
3723 1004 3898 1059 index

2244 1103 2628 1171 Augustanus
2658 1114 2770 1153 ms.
2794 1098 2853 1153 in
2877 1096 3231 1153 bibliotheca
3260 1096 3470 1167 imper.
3493 1094 3724 1151 Viennae
3758 1093 3895 1161 inot,

2246 1188 2425 1244 Israel
2457 1188 2765 1260 b‘pachius.

2316 1279 2687 1349 Expositione
2715 1278 2892 1334 variae
2932 1277 2993 1331 in
3023 1276 3204 1331 varios
3242 1274 3489 1330 Platonis
3520 1272 3682 1341 locos,
3716 1270 3776 1325 in
3813 1270 3899 1325 bi-

2246 1366 2540 1424 bliotheca
2569 1367 2845 1422 Bavarica
2883 1366 3010 1422 cod.
3048 1366 3170 1420 165.
3208 1365 3386 1420 Index
3416 1361 3750 1417 Bavaricus.

2322 1454 2653 1510 Συνοπτικὸν
2679 1456 2959 1530 σύνταγμα
2978 1460 3077 1523 τῆς
3098 1450 3444 1531 φιλοσοφίας,
3464 1453 3524 1507 in
3547 1450 3899 1507 bibliotheca

2246 1547 2492 1603 Joannis
2520 1547 2817 1616 Sambuci,
2852 1546 3159 1601 Gesnerus.

2326 1638 2503 1692 Varia
2527 1636 2923 1707 philosophica,
2956 1635 3151 1690 Romae
3176 1634 3234 1688 in
3257 1632 3553 1690 Vaticana.
3579 1631 3895 1686 Gesnerus.

2254 1728 2511 1798 Physica,
2555 1728 2945 1793 astronomica,
2992 1726 3223 1793 musica,
3267 1723 3635 1786 arithmetica,
3680 1736 3899 1790 geome-

487 1808 602 1917 lem
636 1810 857 1917 Ducam
902 1817 1257 1883 proponunt,
1294 1814 1387 1868 cui
1419 1814 1610 1885 capita
1636 1814 1736 1869 illa
1763 1815 2141 1886 nuncupavit.
2174 1854 2220 1917 Β
2257 1818 2415 1881 trica,
2446 1816 2647 1884 iunctis
2693 1814 3045 1887 Opinionibus
3090 1813 3157 1868 de
3203 1814 3412 1878 anima,
3445 1810 3588 1880 ἰπὶ-4,
3622 1807 3896 1863 biblioth.

485 1899 875 1970 Marquardus
906 1900 1189 1956 Freherus
1214 1902 1267 1955 in
1297 1902 1660 1971 Chronologia
1681 1904 1907 1959 imverii
1928 1905 2139 1958 utrius-

486 2003 590 2059 que
620 2006 638 2042 :
674 1989 769 2044 Ad
808 1990 1125 2045 Michaelem
1162 1996 1368 2047 Ducam
1396 1994 1619 2063 scripsit
1648 1991 1881 2047 Michael
1926 1993 2144 2048 Pseltus

485 2092 549 2131 ea
580 2081 744 2133 aetate
768 2080 825 2131 in
855 2080 989 2149 jure
1040 2088 1090 2134 et
1142 2081 1487 2153 philosOphia
1534 2082 1927 2136 scientissimus
1958 2090 2008 2136 et
2040 2101 2141 2133 πο-

489 2160 936 2241 λυγραφώτατος,
988 2171 1285 2241 Synopsim
1338 2170 1517 2241 legum
1564 2171 1815 2227 versibus
1859 2171 2141 2242 politicis;

486 2260 669 2309 exstat
713 2272 817 2310 ms.
861 2256 920 2310 in
973 2258 1305 2313 bibliotheca
1352 2260 1609 2315 Palatina
1660 2264 1712 2315 et
1761 2260 2143 2316 Constantino-

484 2346 758 2414 politano.
794 2346 1069 2417 Ejusdem
1118 2348 1287 2403 Pselli
1315 2349 1384 2403 ad
1415 2349 1559 2405 hunc
1591 2350 1793 2404 Ducam
1840 2364 2143 2420 responsio-

486 2448 581 2486 nes
631 2432 701 2486 ad
749 2432 994 2488 diversas
1048 2439 1374 2507 quxstiones
1425 2438 1753 2510 theologicas
1799 2447 1849 2494 et
1896 2438 2145 2493 doctrina

488 2522 823 2591 omni/aria,
878 2524 981 2578 191
1033 2527 1307 2595 capitibus
1355 2528 1763 2599 comprehensae
1821 2530 1878 2582 in
1941 2527 2143 2582 biblio-

490 2611 639 2666 theca
688 2612 979 2669 Palatina.
1013 2616 1251 2671 Codices
1300 2616 1381 2686 hi,
1416 2617 1571 2673 sicut
1618 2622 1674 2672 et
1721 2616 1930 2687 reliqui
1962 2615 2144 2671 Graeci

491 2704 549 2754 et
580 2700 766 2755 Latini
799 2704 1189 2775 manuscripti
1224 2705 1718 2761 decantatissimae
1749 2705 1908 2760 illius
1940 2704 2146 2759 biblio-

496 2787 700 2856 thecae,
737 2790 883 2846 meis
925 2789 1226 2847 laboribus
1259 2794 1356 2864 (a),
1388 2793 1605 2865 vigiliis
1653 2794 1886 2866 integri,
1919 2793 2142 2849 incolu-

494 2893 736 2948 mesque
767 2880 824 2932 in
858 2879 1141 2935 Vaticana
1175 2888 1570 2937 asservantnr.
1605 2884 1765 2947 Quod
1798 2887 1951 2938 certe
1982 2882 2143 2938 omni

504 2965 895 3022 admiratione
948 2968 1191 3040 dignum
1237 2974 1347 3038 est,
1394 2971 1609 3042 Deique
1661 2972 1880 3026 summi
1934 2987 2143 3026 muner

492 3054 930 3120 ascribendum,
960 3056 1015 3110 in
1052 3062 1171 3111 tam
1197 3062 1359 3113 vasto
1391 3058 1617 3126 itinere,
1644 3058 1964 3114 saevissimo
1998 3063 2141 3113 tem-

490 3159 651 3214 pore,
685 3148 1035 3214 tempestate
1084 3146 1347 3212 hiberna,
1400 3163 1466 3201 ac
1520 3146 1737 3219 pluvia,
1772 3164 1963 3202 rerum
2013 3163 2140 3202 om-

2250 1907 2521 1977 imperat.
2556 1904 2808 1959 Viennze.
2846 1904 3162 1959 Gesnerus.

2322 1997 2797 2065 lnterpretationes
2825 1994 3121 2048 dubiorum
3139 1991 3507 2053 naturalium,
3532 1986 3897 2043 bibliothecae

2252 2084 2519 2154 imperat.
2573 2083 2826 2148 Viennae,
2875 2082 3025 2149 in-b,
3075 2080 3388 2143 Gesnerus,
3421 2082 3477 2132 et
3528 2074 3704 2131 Israel
3752 2075 3900 2147 Spa-

2253 2171 2422 2226 chius
2456 2190 2468 2227 :
2502 2172 2714 2227 Salutio
2746 2172 2912 2225 unius
2960 2174 3126 2241 atque
3173 2169 3413 2223 alterius
3458 2166 3779 2237 quaestionis
3810 2178 3905 2217 as-

2253 2262 2550 2331 trologicae,
2602 2260 2875 2316 biblioth.
2923 2260 3286 2331 Augustana,
3335 2256 3484 2325 in-4,
3517 2255 3577 2308 in
3626 2252 3908 2319 armario,

2254 2351 2429 2405 index
2458 2352 2844 2421 Augustanus
2875 2366 2981 2404 ms.

2326 2441 2493 2495 LVII.
2547 2443 2703 2495 Inter
2759 2437 2941 2493 libros
3000 2454 3149 2510 quos
3206 2435 3575 2491 bibliotheca
3625 2432 3918 2504 Lugduno

2255 2529 2478 2583 Batavos
2508 2528 2803 2599 Josephus
2830 2526 3088 2598 Scaliger
3118 2524 3351 2597 legavit,
3375 2524 3433 2579 in
3467 2523 3659 2578 indice
3690 2524 3920 2575 Graeco-

2256 2635 2386 2672 rum
2421 2617 2962 2687 manuscriptorum
3010 2614 3206 2670 in-l'ol.
3240 2613 3454 2685 legitur
3496 2628 3629 2667 cum
3668 2608 3921 2665 Heronis

2254 2705 2628 2779 geometrica,
2662 2705 2836 2761 Pselli
2870 2705 3139 2776 quaedam
3172 2700 3543 2774 astrologica.
3570 2703 3650 2756 An
3682 2699 3915 2767 eadem,

2253 2796 2340 2851 vel
2373 2796 2609 2851 diversa
2658 2811 2791 2849 cum
2844 2793 3271 2865 superioribus,
3304 2809 3420 2847 non
3469 2805 3791 2861 possumus
3821 2788 3918 2842 di-

2250 2886 2472 2940 vinare.
2508 2886 2590 2938 An
2627 2884 2804 2938 etiam
2838 2883 2939 2937 illa
2977 2886 3139 2952 sunt,
3167 2898 3291 2953 qua:
3341 2881 3450 2935 sub
3483 2880 3580 2934 illo
3613 2876 3810 2935 libello
3844 2878 3920 2931 de

2252 2980 2504 3047 quatuor
2535 2972 2797 3029 scientiis
2847 2971 3281 3027 mathematicis
3330 2966 3747 3025 continentur?
3803 2966 3920 3021 Sed

2252 3063 2552 3133 suspendo
2588 3060 2912 3131 judicium.

2325 3150 2609 3223 Expositio
2680 3151 3086 3206 mathematice:
3142 3150 3201 3205 in
3261 3150 3459 3205 Timseo
3521 3148 3794 3209 Platonis,
3854 3145 3924 3200 de

492 3231 655 3286 nium
701 3233 965 3303 penuria,
1001 3251 1103 3305 per
1158 3235 1371 3305 oppida
1428 3252 1494 3291 ac
1541 3236 1796 3291 ditiones
1858 3236 2150 3310 hostium,
2181 3225 2225 3293 C
2262 3246 2470 3300 animx
2498 3245 2872 3312 generatione,
2904 3243 3020 3297 sive
3050 3243 3311 3309 essentia,
3342 3240 3401 3295 in
3434 3238 3530 3294 fol.
3563 3237 3927 3293 bibliotheca

491 3324 723 3375 tantum
757 3320 1042 3376 librorum
1066 3339 1376 3378 numerum
1404 3328 1628 3380 sartum
1654 3330 1869 3380 tectum
1898 3326 2149 3381 Romam

490 3407 897 3480 importatum,
932 3411 1012 3467 ita
1063 3416 1127 3467 ut
1160 3429 1230 3468 ne
1273 3412 1554 3469 schedula
1602 3413 1839 3485 quidem
1892 3414 2147 3486 perierit.

492 3495 603 3552 Sed
638 3498 707 3551 ad
742 3499 1025 3555 Psellum.

566 3584 705 3641 LVI.
739 3590 1037 3660 Opuscula
1068 3592 1333 3661 quaedam
1381 3594 1441 3649 In
1479 3596 1799 3649 Passionem
1825 3598 1877 3650 et
1906 3594 2155 3667 sepultu-

494 3693 622 3731 rum
654 3678 891 3741 Christi;
925 3682 1166 3737 Libellus
1202 3684 1383 3738 dictus
1413 3684 1815 3745 Antichristus;
1846 3686 1922 3740 De
1971 3692 2155 3740 Para-

2264 3336 2625 3405 Augustana,
2685 3332 2863 3386 Index
2919 3334 3163 3403 August.
3218 3347 3329 3386 ms.
3377 3332 3463 3384 An
3521 3327 3723 3384 eadem
3785 3342 3923 3382 cum

2261 3420 2665 3494 Psychogonia
2689 3420 2716 3475 ‘P

2334 3512 2349 3581 Ι
2356 3511 2450 3581 39]
2485 3510 2628 3581 Opus
2660 3509 2901 3565 Graecum
2939 3525 3009 3564 ex
3038 3508 3197 3563 libris
3248 3506 3695 3569 medicinalibus,
3727 3504 3927 3559 ordine

2262 3599 2570 3670 alphabeti,
2606 3599 2804 3654 Romae
2848 3598 2905 3651 in
2940 3597 3241 3652 Vaticana.
3274 3595 3587 3663 Gesnerus,
3622 3593 3927 3648 Paschalis

2265 3688 2488 3752 Gallus,
2519 3692 2575 3742 et
2601 3687 2862 3743 Joannes
2892 3686 3177 3758 Georgius
3207 3684 3568 3740 Schenckius
3610 3682 3673 3738 in
3708 3680 3925 3737 biblio-

493 3766 644 3832 diso;
674 3769 739 3823 In
770 3768 1023 3825 Natalem
1056 3770 1286 3840 Christi,
1312 3772 1460 3827 in-li.
1487 3773 1758 3829 biblioth.
1784 3773 2156 3845 imperatoris
2265 3777 2434 3833 theca
2465 3777 2710 3832 Medica.

497 3856 758 3923 Viennae,
788 3860 1104 3930 Gesnerus,
1140 3862 1513 3919 Possevinus.

569 3948 683 4017 [38]
721 3946 812 4008 Εἷς
840 3951 939 4018 τὴν
974 3950 1272 4023 σταύρωσιν
1318 3954 1415 4004 τοῦ
1463 3952 1682 4027 Κυρίου.
1716 3959 1781 4010 In
1825 3955 2157 4025 cruci/ixio-

496 4053 627 4092 nem
674 4039 913 4106 Domini,
948 4039 1008 4095 in
1061 4040 1421 4096 bibliotheca
1478 4042 1797 4098 cardinalis
1839 4043 2155 4128 Columnae,

498 4125 808 4183 Gretserus
854 4130 1006 4183 notis
1066 4129 1125 4183 in
1176 4130 1501 4187 orationem
1552 4132 1787 4188 Macarii
1842 4125 2159 4204 Chrysoceé

500 4213 661 4285 phali
718 4216 790 4271 de
845 4216 1197 4273 exaltatione
1255 4224 1468 4275 sanctis
1519 4221 1723 4277 Crucis
1781 4226 1923 4277 tom.
1968 4222 2039 4287 II,
2087 4221 2157 4275 de

500 4306 699 4359 Cruce.
734 4304 859 4360 Non
911 4310 1159 4375 constat,
1205 4324 1277 4362 an
1331 4309 1401 4363 de
1448 4309 1557 4365 hac
1604 4310 1896 4381 intelligat
1946 4309 2155 4381 ampli-

502 4393 707 4448 ﬁcator
763 4393 1130 4451 Gesnerianae
1189 4396 1573 4466 bibliothecas,
1635 4398 1854 4470 Georgii
1907 4401 2153 4455 Nicome-

502 4480 616 4538 diae
671 4482 1068 4555 archiepiscopi
1115 4486 1191 4540 De
1250 4486 1454 4554 Cruce,
1516 4505 1681 4559 quam
1735 4490 1875 4557 [also
1932 4488 2153 4560 quidam

2336 3867 2536 3935 Ecloga
2567 3866 2721 3921 utilis
2765 3881 2834 3921 ex
2882 3866 3022 3921 libro
3048 3864 3474 3920 Parallelorum.
3509 3861 3753 3917 Ibidem.
3785 3864 3925 3915 Ges-

2268 3973 2443 4012 nerus
2475 3959 2531 4010 et
2558 3954 2865 4027 Spachius.

2338 4046 2600 4100 Eneomia
2629 4044 2864 4101 diversa.
2895 4043 3143 4111 Ibidem,
3175 4042 3487 4098 Gesnerus.

2339 4133 2610 4199 Monodia,
2639 4137 2851 4199 Romae,
2879 4131 2939 4186 in
2968 4131 3249 4187 Vaticana
3279 4130 3595 4186 Gesnerus.

2339 4224 2649 4295 Explicatio
2693 4223 2753 4276 in
2803 4221 3011 4276 librum
3060 4218 3422 4286 Dioscoridis,
3457 4219 3516 4272 in
3570 4216 3933 4273 bibliotheca

2267 4311 2553 4367 Manuelis
2610 4310 2920 4382 Eugenici,
2981 4314 3039 4365 et
3094 4308 3341 4365 Joannis
3396 4307 3573 4362 Suzii.
3632 4307 3932 4362 Antonius

2264 4400 2580 4457 Verderius
2620 4400 2679 4455 in
2728 4398 3171 4470 Supplemento,
3205 4403 3264 4454 et
3310 4396 3674 4452 Schenckius
3723 4395 3786 4451 in
3841 4396 3930 4451 bi-

2264 4490 2561 4546 bliotheca
2590 4488 2833 4545 Medica.

502 4571 689 4664 {sella
736 4574 1038 4644 ascripsere
1086 4573 1269 4632 Graece
1310 4593 1411 4632 ms.
1448 4579 1508 4631 in
1557 4578 1610 4646 4,
1643 4578 1901 4633 Biblioth.
1955 4580 2146 4650 imper.
2180 4601 2229 4664 Β
2332 4580 2679 4649 AEnigmata,
2714 4576 2771 4631 in
2816 4575 3089 4631 biblioth.
3123 4573 3421 4639 Bavarica,
3456 4574 3702 4664 cod.‘38.

512 4661 749 4717 Vienna.

575 4751 1001 4823 Compendiosa
1032 4752 1314 4824 expositio
1360 4754 1418 4808 in
1469 4754 1801 4811 Aristotelis
1849 4754 2031 4811 libros
2079 4758 2152 4812 De

504 4842 753 4896 naturali
781 4842 1204 4909 auscultatione,
1237 4846 1425 4897 exstat
1464 4843 1521 4897 in
1565 4843 1919 4900 bibliotheca
1948 4845 2152 4901 Didaci

506 4929 768 4985 Hurtadi.
809 4933 1126 4986 Gesnerus.
1176 4930 1239 4985 In
1293 4930 1652 4988 bibliotheca
1700 4933 1977 4989 Bavarica
2022 4934 2152 4989 cod.

509 5017 628 5072 145.
671 5017 851 5073 Index
900 5019 1235 5084 Bavaricus,
1267 5024 1326 5075 et
1372 5019 1432 5075 in
1484 5020 1838 5078 bibliotheca
1880 5023 2154 5094 imperat.

505 5106 765 5175 Viennae,
798 5107 976 5164 Israel
1007 5107 1314 5179 Spachius.

576 5197 840 5270 Synopsis
887 5198 1103 5268 Logicae
1148 5198 1479 5267 Aristotelis,
1520 5197 1662 5265 in-tl,
1693 5198 1752 5253 in
1803 5198 2159 5255 bibliotheca

506 5288 873 5359 Augustana,
903 5286 963 5341 in
995 5288 1249 5343 armario
1281 5303 1445 5342 num.
1469 5287 1523 5341 5.
1549 5286 1728 5342 Index
1754 5289 2157 5360 Augustanus.

2334 4668 2517 4722 LVIII.
2552 4666 2847 4721 Meursius
2899 4666 3271 4721 Historiarum
3321 4680 3455 4735 Opus
3486 4662 3739 4718 Psellum
3776 4662 3927 4718 scri-

2262 4756 2447 4827 psisse
2497 4759 2788 4823 autumat,
2818 4751 3082 4825 illudque
3132 4752 3358 4808 laudari
3410 4768 3445 4807 a
3492 4751 3715 4805 Zonaru
3742 4754 3789 4804 t.
3828 4752 3924 4806 III.

2264 4846 2325 4901 In
2360 4844 2579 4901 Isaacio
2610 4843 2929 4907 Comneno,
2963 4848 3020 4898 et
3051 4842 3110 4897 in
3154 4842 3418 4896 Romano
3471 4840 3741 4911 Diogene,
3781 4840 3927 4895 item

2264 4951 2297 4988 a
2326 4933 2631 4989 Theodoro
2664 4931 2983 4988 Metochita
3022 4933 3238 4987 Hister.
3268 4945 3443 4985 sacrae
3472 4928 3511 4983 l.
3547 4946 3609 4984 ιι.
3640 4928 3928 4995 Cedreno,

2263 5022 2491 5078 Joanne
2512 5020 2869 5092 Curopalata
2893 5020 2951 5074 in
2980 5019 3249 5076 Historiis
3272 5036 3390 5074 sum
3422 5017 3611 5087 initio,
3641 5016 3933 5073 Michaele

2265 5110 2441 5183 Glyca
2470 5110 2528 5164 in
2560 5108 2888 5165 Annalibus
2923 5107 3101 5164 semel
3127 5112 3302 5180 atque
3334 5108 3565 5163 ilerum.
3591 5109 3725 5160 Erat
3747 5105 3932 5162 etiam

2268 5200 2327 5255 in
2362 5198 2626 5271 catalogo
2669 5197 2927 5253 exhibito
2979 5214 3011 5251 a
3060 5196 3467 5269 grammatico,
3499 5194 3655 5267 apud
3692 5194 3938 5249 Antoni-

2271 5304 2411 5343 num
2447 5286 2787 5344 Verderium
2820 5286 2880 5341 in
2919 5284 3351 5358 supplemento.

2091 5430 2328 5488 NOTAE.

581 5529 657 5599 (α)
690 5529 768 5585 De
819 5529 1102 5586 Palatinis
1153 5527 1455 5585 codicibus
1507 5543 1653 5600 quos
1684 5530 1964 5600 pontifici
2017 5530 2160 5586 Gre-

551 5602 675 5655 orio
724 5601 816 5655 XV
865 5603 1105 5660 donavit
1148 5602 1225 5655 im
1276 5603 1471 5655 erator
1526 5599 1931 5656 Ferdinandus
1981 5602 2051 5666 II,
2101 5601 2161 5655 in

508 5615 853 5725 Vaticanam
884 5674 1027 5725 hihl.
1059 5675 1123 5725 A.
1159 5616 1301 5725 1633
1335 5668 1659 5725 translatis.
1692 5670 1977 5725 gloriatur
2002 5670 2160 5725 Alla-

564 5671 853 5729 aticanam
884 5674 1027 5729 bibl.
1059 5675 1123 5728 A.
1159 5668 1301 5728 1623
1335 5668 1659 5738 translatis,
1691 5670 1977 5744 gloriatur
2002 5670 2160 5728 Alla—

2271 5528 2393 5582 tius
2424 5528 2668 5599 passim,
2701 5528 2787 5583 uti
2837 5528 2907 5583 ad
2959 5523 3333 5599 Eustathium
3380 5521 3819 5599 Antiochenum
3872 5524 3932 5599 in

2271 5595 2440 5726 grief:
2466 5604 2523 5653 et
2554 5599 2613 5654 in
2637 5600 2798 5681 .notjs
2828 5616 2885 5670 p.
2921 5599 3042 5666 151,
3094 5601 3271 5668 atque
3300 5597 3358 5650 in
3390 5595 3933 5652 animadversioni-

2316 5686 2383 5726 us
2413 5670 2487 5726 ad
2517 5671 2913 5726 Antmuxtates
2943 5669 3241 5726 Etruscas.
3274 5682 3330 5726 ι).
3359 5665 3454 5724 58.

2316 5686 2383 5728 us
2413 5670 2487 5727 ad
2517 5665 2913 5742 Antiquitates
2943 5665 3241 5737 Etruscas,
3273 5682 3330 5740 p.
3359 5665 3454 5724 58.
