4078 6336
200 464 328 526 513

1460 463 1838 526 DIATRIBA
1877 463 1982 525 DE
2023 462 2369 526 PSELLIS.

3502 468 3622 526 514

283 597 634 656 Gaulminus
669 599 742 656 de
789 597 963 656 Pselli
1013 599 1250 673 scriptis
1297 601 1420 656 haec
1470 599 1692 656 habet:
1727 597 1862 654 Alia
1891 599 1947 666 Α
1978 596 2390 670 unusquisque
2447 597 2618 654 debet
2649 614 2664 654 :
2694 599 2850 671 quod
2911 598 2961 654 si
3023 598 3334 670 nescirem,
3381 599 3440 656 in
3499 599 3626 656 sola

203 689 376 744 illius
405 691 464 744 in
505 691 659 761 regia
707 692 921 761 pariter
969 699 1020 746 et
1071 691 1340 746 Vaticana
1384 695 1606 746 exstare
1658 698 1868 745 certum

208 783 329 840 est;
389 781 448 832 ut
498 777 834 853 ψυχογονίαν
880 780 1150 846 Platonis,
1215 777 1485 851 ἰπιτομήν
1535 783 1634 846 τῆς
1696 776 1869 850 ἰατρι-

207 868 340 934 κῆς.
369 869 672 924 Comment.
708 870 768 923 in
798 869 1116 924 Aristotelis
1150 867 1500 941 Categorias,
1551 868 1863 938 Metaphys.

214 957 315 1011 lib.
365 955 489 1030 περὶ
543 955 856 1028 ἑρμηνείας,
910 958 1210 1029 Porphyrii
1259 959 1500 1029 quinque
1530 972 1700 1024 voces,
1740 972 1867 1011 con-

213 1056 305 1101 tra
337 1048 668 1101 Eunomium
725 1047 931 1100 librum
983 1063 1182 1116 unum,
1213 1046 1278 1102 de
1308 1046 1519 1117 legibus
1556 1045 1708 1108 duos,
1747 1064 1874 1117 μον-

214 1132 412 1207 ῳδὶιν,
470 1133 716 1208 ἐγκώμια
769 1137 1002 1191 diversa.
1063 1137 1342 1206 Epistolas
1413 1138 1546 1191 item
1600 1136 1874 1205 elegantes

215 1226 418 1281 laudat
448 1228 508 1281 in
533 1226 738 1297 adagio
769 1223 979 1279 ἄκαπνα
1027 1223 1172 1280 θύειν
1218 1226 1574 1283 Casaubonus
1605 1227 1666 1281 in
1708 1225 1873 1281 Athe-

217 1332 430 1370 meum.

293 1404 429 1459 LIX.
466 1403 636 1460 Plura
664 1405 840 1462 etiam
875 1410 1182 1462 enumerat
1221 1404 1510 1460 Antonius
1557 1403 1874 1460 Verderius

219 1494 280 1548 in
315 1493 736 1566 Supplemento
769 1495 1133 1551 bibliothecae
1153 1495 1634 1564 Gesnerianae,ex
1665 1493 1875 1549 biblio-

217 1584 414 1639 thecis
469 1584 1164 1656 Constantiuopolitanis.
1197 1583 1344 1639 Nam
1396 1583 1548 1639 inter
1576 1581 1692 1638 alia
1719 1581 1870 1654 apud

217 1673 473 1730 Joauem
505 1673 746 1728 Suzium
777 1678 965 1740 erant,
997 1673 1296 1729 Michaelis
1337 1671 1510 1728 Pselli
1559 1670 1878 1741 Explicatio

217 1765 281 1817 in
311 1762 649 1831 psalterium
680 1763 920 1818 Davidis.
971 1767 1039 1818 In
1073 1762 1391 1833 Gregorium
1439 1761 1876 1817 Nazianzenum.

217 1856 284 1906 In
317 1850 581 1922 catalago
613 1869 646 1906 a
675 1851 1060 1923 grammatico
1110 1851 1391 1917 exhibito,
1424 1850 1747 1906 Medicinale
1776 1851 1880 1905 Mi-

218 1942 428 1996 chaelis
455 1941 650 1996 Pselli.
686 1941 849 1996 Liber
899 1940 1325 2011 philosophicus.
1375 1941 1438 1994 In
1489 1941 1880 2012 philosophica
1911 1970 1956 2036 Β

217 2031 552 2086 Aristotelis.
603 2031 1067 2086 Astronomicum.
1108 2031 1417 2100 Explicatio
1467 2030 1525 2084 in
1584 2031 1880 2101 mysticam

214 2119 652 2192 philosophiam.
685 2121 745 2175 In
773 2120 1012 2193 quinque
1060 2135 1216 2174 voces
1263 2118 1586 2190 Porphyrii.
1635 2119 1697 2178 In
1727 2121 1878 2189 topo-

218 2209 496 2280 graphica
523 2209 836 2274 Strabonis,
868 2217 920 2264 et
948 2209 1254 2265 Ptolemmi.
1297 2210 1359 2263 In
1392 2209 1768 2263 arithmetica.
1817 2207 1879 2261 In

223 2297 427 2352 Caleni
453 2299 881 2368 explicationem
937 2298 993 2352 in
1026 2303 1262 2368 quatuor
1314 2295 1487 2350 libros
1531 2296 1880 2351 resolutionis

222 2389 593 2458 Hippocratis.
643 2387 946 2442 Menandri
977 2385 1250 2442 Comedus
1305 2386 1481 2452 XXIII,
1541 2402 1574 2440 ο
1619 2385 1876 2440 Thesau-

224 2476 362 2531 rosl
425 2475 717 2546 explicata?
769 2493 808 2530 a
847 2475 1109 2530 Michaele
1165 2476 1362 2530 Psetlo.
1415 2475 1478 2529 lu
1527 2474 1882 2529 bibliotheca

225 2565 410 2636 Regis
489 2564 970 2620 Chritianissimi.
1031 2569 1097 2620 In
1166 2563 1429 2619 Elenchos
1483 2564 1878 2634 sophistarum.

224 2655 450 2711 Scholia
481 2655 536 2708 in
569 2654 937 2724 deﬁnitiones.
971 2654 1043 2708 De
1071 2657 1223 2708 motu
1251 2653 1530 2723 temporis.
1563 2653 1640 2708 De
1675 2654 1882 2708 circqu

223 2745 363 2798 solis
394 2751 447 2798 et
478 2744 649 2798 tunae.
692 2743 763 2797 De
803 2744 1118 2797 inventione
1165 2741 1278 2796 diei
1328 2742 1624 2796 Paschalis.
1659 2746 1736 2797 De
1776 2759 1880 2796 an-

220 2833 369 2901 gelis
397 2834 449 2887 et
479 2831 843 2888 daemonibus.
887 2832 960 2886 De
988 2833 1146 2886 novis
1177 2830 1490 2886 morborum
1541 2830 1882 2900 appellatio-

222 2922 414 2977 nibus.
452 2925 529 2976 De
556 2924 700 2975 notis
729 2921 1050 2992 spirituum.
1086 2921 1158 2975 De
1198 2919 1468 2974 divisione
1517 2920 1879 2974 animalium.

221 3012 290 3067 In
322 3009 724 3064 Salutationem
778 3007 1117 3077 angelicam.
1154 3009 1214 3063 In
1247 3008 1485 3079 Physica
1528 3009 1834 3063 Aristotelis
1863 3026 1882 3062 :

224 3104 446 3170 preter
474 3097 589 3152 alia
609 3095 1070 3168 multa,quorum
1104 3113 1286 3168 supra
1316 3095 1885 3152 meminimus.lnfra

223 3203 470 3259 quoque
502 3185 786 3241 nonnulla
821 3185 934 3240 alia
983 3184 1442 3240 recensebimus.
1478 3184 1544 3238 Et
1570 3184 1629 3238 in
1677 3183 1881 3240 biblio-

225 3277 410 3330 theca
468 3274 711 3329 Ausonii
767 3274 1124 3345 Augustini,
1187 3272 1358 3328 Pselli
1433 3273 1880 3343 Apopthegmata,

227 3363 372 3418 cod.
440 3363 567 3416 227.
641 3363 950 3432 Explicatio
1036 3362 1422 3416 mathematica
1496 3362 1884 3431 speculationis

219 3457 288 3508 in
324 3453 582 3506 Platonis
604 3451 716 3522 [40]
741 3452 1018 3505 Timaeum.
1043 3451 1308 3506 Absoluta
1330 3452 1610 3505 enarratio
1641 3449 1706 3505 de
1734 3451 1888 3505 Lem-

220 3544 400 3595 male.
425 3541 731 3610 Explicatio
750 3539 815 3594 de
843 3539 1144 3595 Platonica
1164 3541 1517 3608 aurigatione
1545 3541 1885 3606 animorum,

219 3635 280 3687 et
311 3629 380 3684 de
411 3630 616 3684 militia
645 3629 891 3695 deorum,
937 3630 997 3684 in
1028 3629 1345 3686 Phaedrum.
1397 3630 1709 3701 Explicatio
1758 3629 1891 3684 nodi

219 3718 506 3788 difﬁcilis,
531 3733 635 3789 quo
654 3726 810 3789 pacto
841 3734 913 3774 ex
942 3720 1188 3789 quinque
1213 3718 1497 3789 secuptum
1522 3727 1624 3784 est,
1655 3723 1710 3773 et
1748 3717 1891 3790 quod

222 3811 388 3863 circa
415 3808 656 3879 quinque
680 3807 893 3877 ﬁguras
923 3808 1038 3862 alia
1069 3808 1252 3876 ﬁgura
1281 3822 1388 3862 non
1433 3811 1714 3862 statuatur
1758 3824 1888 3863 con-

221 3906 393 3953 tenta
421 3897 523 3952 snb
549 3897 968 3967 equitateribus
998 3900 1047 3951 et
1076 3895 1418 3966 rectangulis
1449 3899 1594 3952 inter
1621 3912 1680 3952 se
1703 3911 1890 3968 mqua-

225 3988 409 4054 libus,
439 3989 564 4041 cod.
600 3986 723 4040 191.

312 4075 434 4129 LX.
495 4075 624 4130 Haec
679 4080 840 4143 sunt,
881 4073 1082 4142 lector,
1119 4073 1289 4130 Pselli
1323 4079 1728 4144 monumenta,
1760 4091 1887 4147 qua:

227 4165 551 4228 hactenus,
611 4168 674 4218 ut
724 4162 870 4218 mihi
913 4163 1164 4232 videtur,
1217 4163 1276 4218 in
1333 4163 1466 4219 istis
1515 4163 1889 4219 bibliothecis

230 4253 503 4325 reposita
532 4252 734 4319 latent,
766 4269 894 4322 quae
923 4269 1036 4307 non
1070 4251 1265 4308 solum
1315 4252 1532 4317 videre,
1563 4253 1664 4308 sed
1714 4253 1891 4308 etiam

231 4357 430 4413 queas
463 4347 526 4396 ut
575 4343 658 4396 ita
706 4342 898 4397 dicam
960 4357 1296 4412 usurpare:
1332 4341 1652 4413 usurpabis
1708 4341 1889 4406 enim,

229 4434 388 4486 dum
444 4431 803 4501 conferendi,
861 4429 1309 4502 interpretandi,
1365 4431 1694 4502 edendique
1722 4430 1892 4502 copia

231 4521 408 4588 data,
442 4519 566 4590 ipse
593 4525 819 4574 tantum
875 4519 1224 4591 scriptorem
1256 4519 1518 4575 studium
1553 4525 1612 4574 et
1658 4525 1892 4591 tempus

233 4610 532 4664 insumee.
567 4607 881 4680 Scriptioni
920 4625 1056 4663 meaa
1090 4609 1262 4663 ﬁdem
1307 4607 1397 4662 hic
1429 4608 1726 4678 imponere
1761 4625 1888 4680 per-

1978 687 2333 759 optimorum
2366 685 2687 758 sriptorum
2718 687 3027 744 lectionem
3059 687 3460 744 coliocaudam
3493 706 3627 746 esse

1978 776 2377 832 existimarem
2413 792 2426 830 :
2460 781 2516 830 et
2547 777 2605 830 in
2642 776 2756 832 illis
2790 778 3210 833 conservandis
3271 784 3625 850 occupatum

1979 881 2278 921 summam
2310 865 2580 920 ducerem
2631 865 2991 920 felicitatem.
3031 866 3090 921 In
3125 867 3344 937 quibus
3391 884 3626 923 omnem

1982 957 2242 1008 nostram
2303 950 2670 1019 diligentiam
2738 952 3283 1025 indulgentiamque
3359 957 3628 1011 consumi

1976 1041 2483 1112 jucundissimum
2533 1058 2600 1097 ac
2671 1042 3091 1113 dignissimum
3137 1048 3228 1099 est
3283 1043 3429 1098 Mihi
3487 1062 3630 1101 sane

1979 1130 2180 1187 lumen
2231 1130 2394 1200 solis,
2454 1131 2600 1200 dies,
2660 1131 2895 1202 vitaque
2950 1133 3081 1204 ipsa
3110 1137 3283 1188 erunt
3316 1133 3546 1206 ingrata
3575 1139 3633 1190 et

1983 1235 2200 1285 amara,
2237 1218 2308 1285 si,
2333 1218 2684 1291 qualegam,
2711 1236 2827 1274 non
2865 1219 3150 1277 habeam:
3176 1221 3224 1277 si
3251 1231 3632 1279 monumenta

1983 1307 2447 1364 clarissimorum
2506 1308 2770 1364 vivorum
2820 1310 3179 1378 defecerint;
3231 1328 3348 1383 prie
3393 1311 3632 1367 illorum

1985 1413 2242 1469 namque
2268 1397 2572 1469 dignitate,
2595 1403 2652 1453 et
2673 1398 2980 1465 suavitate,
3013 1399 3251 1467 divitiae,
3283 1399 3631 1472 voluptates,

1985 1493 2042 1542 et
2090 1487 2376 1559 quidquid
2435 1487 2589 1558 apud
2649 1486 2917 1543 homines
2975 1489 3033 1544 in
3094 1488 3280 1560 pretio
3339 1494 3448 1558 est,
3508 1507 3632 1545 sor-

1987 1577 2088 1632 des
2121 1580 2261 1630 suut
2307 1581 2365 1630 et
2410 1592 2597 1646 nugae.
2653 1575 2769 1630 Hac
2829 1578 3024 1647 itaque
3079 1577 3229 1648 sitis,
3303 1577 3424 1633 sive
3474 1579 3638 1633 furor

1989 1664 2179 1735 (liceat
2209 1664 2480 1736 propensi
2513 1665 2582 1719 ad
2617 1664 2841 1720 litteras
2860 1665 3045 1721 animi
3068 1667 3473 1738 cupiditatem,
3507 1683 3634 1738 quae

1988 1754 2214 1809 nesciat
2244 1754 2505 1822 modum,
2539 1753 2619 1808 ita
2653 1754 2968 1827 appellare)
3018 1756 3159 1811 dum
3209 1756 3356 1811 mihi
3396 1757 3633 1813 assidue

1989 1859 2168 1898 novos
2201 1847 2468 1898 auctores
2504 1843 2895 1914 investigandi
2921 1845 3183 1899 studium
3207 1845 3444 1917 ingerit,
3476 1861 3632 1901 sem-

1989 1949 2093 2004 per
2124 1947 2340 1987 novum
2371 1931 2513 2002 quid
2564 1931 2798 2004 ingenio
2844 1933 3048 2004 objicit
3079 1949 3091 1988 :
3127 1935 3282 2005 quod
3317 1939 3630 2006 postquam

1989 2021 2189 2087 didici,
2240 2037 2424 2091 angor
2444 2025 2501 2076 et
2529 2019 2715 2086 doleo,
2741 2037 2832 2076 me
2862 2021 2984 2090 illo,
3020 2026 3181 2077 tanto
3213 2028 3471 2094 tempore
3506 2023 3628 2078 fru-

1987 2113 2240 2164 stratum
2267 2109 2462 2163 fuisse.
2496 2109 2636 2164 Hinc
2668 2109 2852 2181 magis
2881 2126 2947 2164 ac
2989 2109 3176 2181 magis
3199 2109 3468 2182 impellor
3491 2127 3630 2166 cou-

1988 2197 2355 2252 citatioribus
2393 2197 2672 2252 stimulis.
2706 2197 2860 2252 Dabo
2901 2197 3080 2270 igitur
3112 2198 3240 2265 tibi,
3273 2199 3472 2266 lector,
3507 2199 3634 2255 sine

1988 2287 2112 2341 futo
2161 2291 2217 2341 et
2261 2285 2506 2342 fallaciis
2531 2303 2842 2342 numerum
2885 2287 3174 2342 librorum
3199 2288 3629 2360 manuscripto-

1990 2390 2120 2428 rum
2153 2371 2350 2440 Pselli,
2385 2374 2484 2444 qui
2509 2375 2635 2443 jam
2667 2373 2850 2429 latent
2881 2375 2938 2429 in
2973 2375 3364 2446 bibliothecis,
3416 2393 3522 2433 nec
3546 2377 3636 2432 lu-

1989 2478 2115 2518 cem
2147 2462 2435 2532 viderunt,
2467 2467 2524 2516 et
2548 2479 2750 2518 eorum
2776 2464 2953 2519 simul
2986 2465 3296 2536 principia,
3331 2471 3395 2521 ut
3438 2483 3635 2522 rerum

1989 2551 2198 2606 harum
2229 2552 2334 2606 tibi
2367 2551 2638 2607 notitiam
2671 2553 2884 2609 habeas
2911 2553 3339 2610 dilucidiorem.
3363 2555 3446 2611 Ad
3481 2555 3635 2612 Rho-

1991 2641 2134 2696 dum
2166 2641 2354 2713 ipsam
2386 2646 2442 2695 et
2471 2640 2711 2696 saltum.

2065 2738 2192 2794 LXI.
2228 2739 2350 2793 Visi
2384 2739 2585 2809 igitur,
2618 2745 2720 2794 aut
2748 2737 2881 2795 lecti
2912 2740 3084 2796 Pselli
3115 2758 3147 2797 a
3171 2758 3262 2797 me
3292 2742 3427 2797 libri
3457 2747 3634 2799 sunt:

1993 2825 2188 2901 Στίχοι
2266 2824 2565 2894 πολιτικοὶ,
2622 2827 2744 2902 περὶ
2818 2833 3204 2904 γραμματικῆς
3277 2831 3413 2905 πρὸς
3484 2831 3636 2903 κύριν

1994 2919 2385 2970 Κωνσταντῖνον
2446 2915 2537 2969 τὸν
2593 2918 2950 2992 Μονομάχον.
3013 2924 3088 2974 De
3148 2923 3518 2990 grammatica
3571 2920 3644 2975 ad

1992 3009 2408 3064 Constantinum
2465 3007 2906 3074 Monomachum,
2967 3011 3219 3064 carmina
3283 3010 3526 3081 politica.
3577 3010 3638 3065 P.

1993 3093 2226 3153 Μελὲτω
2259 3115 2342 3148 σοι
2374 3101 2784 3169 γραμματικῆς,
2817 3095 2904 3149 καὶ
2935 3102 3034 3165 τῆς
3067 3095 3454 3176 ὀρθογραφίας.

2061 3186 2179 3256 [41]
2210 3183 2353 3258 Πρὸς
2397 3184 2489 3237 τὸν
2541 3182 2722 3256 αὐτὸν,
2749 3185 2871 3257 περὶ
2921 3184 3330 3260 Ἀντιστοίχων.
3369 3189 3448 3243 Ad
3485 3204 3639 3243 eum-

1995 3275 2140 3343 dem,
2197 3274 2262 3330 de
2317 3274 2694 3331 Antistazchis.
2749 3275 2808 3330 P.
2859 3273 3092 3350 ἅγγαρος
3143 3276 3246 3351 γὰρ
3306 3276 3334 3330 6
3390 3273 3640 3351 ἄγγελος,

1996 3362 2198 3436 ἆγῆλαι
2229 3362 2292 3417 τὸ
2320 3362 2597 3435 σεμνύναι.
2631 3364 2760 3421 ΗΖΒΟ
2791 3364 2906 3420 duo
2937 3383 2972 3421 a
3013 3365 3306 3438 plerisque
3353 3366 3412 3421 in
3457 3383 3642 3422 unum

1996 3453 2174 3507 veluti
2207 3470 2418 3524 corpus
2469 3453 2675 3524 digeri,
2708 3458 2765 3508 ct
2793 3455 2904 3509 sub
2944 3456 3360 3525 grammatices
3410 3457 3646 3512 nomine

1997 3541 2248 3608 laudari,
2284 3541 2446 3608 novi;
2499 3541 2679 3596 codex
2731 3547 2924 3597 tamen
2960 3542 3371 3599 Vallicellanus
3422 3545 3482 3600 in
3531 3545 3648 3599 duo

1997 3628 2226 3696 dividit,
2251 3629 2507 3696 secundo
2532 3629 2811 3700 primum,
2837 3629 2970 3686 aliis
2991 3632 3167 3686 etiam
3193 3631 3441 3688 aliorum
3475 3634 3650 3688 inter-

1995 3719 2186 3789 jectis,
2221 3718 2408 3788 primo
2440 3718 2766 3794 secundum
2809 3719 3074 3773 tribuens
3123 3721 3346 3787 locum;
3381 3725 3436 3776 et
3467 3737 3648 3792 argu-

2000 3812 2260 3862 mentum
2313 3805 2620 3878 utriusque
2652 3807 2943 3862 diversam
2973 3807 3149 3862 etiam
3200 3809 3388 3879 poscit
3429 3814 3642 3864 tracta-

1997 3895 2242 3951 tionem.
2277 3897 2389 3949 Nec
2420 3894 2479 3948 in
2531 3911 2712 3949 unum
2748 3895 3142 3968 grammatica)
3175 3896 3407 3969 regulas,
3435 3902 3492 3953 et
3522 3898 3644 3953 dic-

1997 3985 2226 4040 tionum
2259 3983 2676 4055 expositiones,
2709 3983 2822 4039 nisi
2855 3985 3177 4040 confundas
3208 3985 3426 4052 omnia,
3454 3986 3647 4042 coale-

1999 4078 2192 4130 scunt.
2229 4071 2492 4128 Meminit
2537 4073 2922 4129 Casaubonus
2966 4073 3026 4128 in
3060 4074 3399 4130 Athenaeum
3451 4075 3553 4131 lib.
3585 4093 3651 4142 ιι,

1998 4179 2048 4217 c.
2079 4163 2169 4216 26.
2204 4161 2422 4218 Pseltus
2468 4165 2527 4216 in
2577 4163 2820 4217 versibus
2847 4163 3111 4234 potiticis,
3141 4163 3336 4236 quibus
3375 4164 3654 4222 obscurio-

1999 4268 2083 4306 res
2113 4266 2265 4306 voces
2303 4252 2578 4322 exposuit.
2610 4257 2922 4307 Auctorem
2955 4251 3166 4306 horum
3216 4268 3346 4307 esse
3391 4252 3651 4310 Psellum

1999 4339 2345 4396 Michaelem
2415 4339 2618 4410 nullus
2684 4340 2911 4396 dubito.
2973 4341 3260 4396 Meursius
3315 4344 3392 4412 (b)
3454 4347 3652 4400 tamen

1999 4430 2308 4496 Joannem,
2340 4429 2434 4484 cui
2466 4430 2538 4485 de
2583 4429 2904 4486 virtutibus
2952 4447 3018 4485 ac
3065 4430 3223 4486 vitiis
3274 4430 3502 4489 iambos
3547 4433 3654 4488 tri-

2000 4518 2148 4588 buit,
2201 4519 2409 4574 horum
2466 4523 2765 4575 auctorem
2824 4519 3116 4588 insinuat;
3167 4537 3301 4576 cum
3361 4522 3658 4579 existimet

1999 4607 2284 4663 Joannem
2333 4625 2461 4664 esse
2500 4625 2675 4680 quem
2728 4608 2787 4662 in
2838 4609 3114 4682 ἡγήτορες
3172 4611 3376 4665 laudat
3422 4611 3654 4677 Suidas,

234 4704 648 4770 opportunum
705 4697 1050 4764 videbatur;
1113 4697 1294 4752 habes
1353 4697 1528 4763 enim,
1591 4697 1648 4751 ni
1708 4697 1878 4752 fallor

2008 4695 2161 4771 Λέγει
2193 4692 2251 4749 δὲ
2283 4694 2372 4750 καὶ
2405 4696 2432 4750 6
2465 4695 2707 4762 Ψελλὸς,
2759 4695 3027 4770 ἡγῃτοοία
3079 4695 3286 4771 πέφυκε
3334 4702 3440 4752 τῶν
3481 4697 3656 4754 σύκων

235 4791 515 4842 exactam
537 4785 706 4859 Pselli
739 4785 1093 4856 scriptorum
1124 4785 1654 4852 enumerationem;
1681 4792 1895 4855 tamen,

238 4892 320 4932 ne
378 4873 800 4945 rempublicam
846 4873 1190 4930 litterariam
1248 4874 1517 4930 fraudare
1575 4874 1793 4943 videar,
1827 4876 1898 4931 de

237 4980 374 5035 qua
404 4963 546 5018 bene
580 4964 784 5018 mereri
818 4979 1051 5034 semper
1081 4962 1370 5018 sollicitus
1401 4979 1634 5030 sum,en
1661 4965 1895 5020 tertium

238 5053 347 5108 hic
376 5051 660 5107 ascribam
685 5051 1012 5123 catalogum
1033 5051 1315 5106 librorum
1347 5053 1536 5118 Pselli,
1559 5069 1729 5124 quos,
1756 5054 1898 5108 dum

239 5157 490 5212 semper
509 5140 730 5212 aliquid
761 5140 890 5196 novi
922 5138 1129 5194 avidus
1151 5144 1342 5211 capto,
1371 5140 1512 5193 mihi
1539 5140 1748 5210 legisse
1766 5159 1900 5197 cou-

241 5230 412 5302 tigit.
479 5230 687 5284 Mirum
733 5229 887 5284 enim
920 5233 1029 5298 est,
1092 5227 1419 5283 utanimus
1478 5228 1548 5282 ad
1585 5245 1673 5283 res
1725 5246 1902 5286 novas

243 5333 492 5388 semper
519 5317 753 5389 gestiat,
814 5315 994 5371 nullis
1045 5316 1372 5381 laboribus,
1407 5315 1586 5372 nullis
1627 5334 1900 5374 succum-

244 5409 405 5463 bens
471 5405 711 5478 vigiliis.
743 5406 872 5461 Scio
933 5404 1109 5462 alia'm
1164 5403 1509 5461 hominibus
1567 5406 1902 5462 beatitatem

241 5499 543 5569 paratam,
604 5495 675 5549 ad
734 5509 914 5565 quam
969 5493 1111 5550 totis
1165 5493 1475 5550 conatibus
1553 5496 1903 5552 contendere

2005 4786 2041 4853 ἡ
2075 4782 2318 4854 παλάθη.
2355 4787 2635 4841 Eumdem
2688 4786 2949 4841 Psellum
2999 4787 3216 4858 saepius
3247 4804 3280 4842 a
3309 4788 3490 4843 Suida
3527 4787 3654 4843 lau-

2007 4875 2213 4929 datum
2271 4874 2488 4943 inveni,
2547 4875 2605 4928 in
2666 4871 2916 4947 Δὲρτρον.
2979 4873 3230 4948 Δέρτρον,
3291 4879 3385 4928 τοῦ
3444 4875 3659 4949 ἐντέρου

2004 4962 2067 5016 τὸ
2101 4959 2296 5016 λεπτὸν
2346 4959 2489 5036 λέγει
2540 4962 2567 5015 6
2607 4960 2993 5036 Ἱπποκράτης.
3045 4962 3189 5033 Φησὶ
3221 4962 3310 5016 καὶ
3351 4965 3378 5016 6
3413 4960 3662 5033 Ψελλὸς,

2005 5055 2102 5105 τοῦ
2152 5047 2208 5104 δὲ
2258 5049 2471 5125 ἐντὲρου
2518 5051 2580 5104 τὸ
2634 5047 2830 5104 λεπτὸν
2882 5053 3240 5124 κατονομάζει
3301 5049 3544 5128 δέρτρον.
3595 5055 3666 5110 Et

2009 5140 2256 5211 Γηώρας,
2290 5139 2514 5214 Γηώρας
2565 5140 2592 5192 6
2647 5138 2962 5214 ἀλλότριος,
3013 5145 3110 5194 τοῦ
3139 5139 3388 5210 ιινιλλοῦ,
3435 5142 3663 5214 Γηώρας

2011 5229 2038 5282 6
2076 5227 2393 5302 ἀλλότριος,
2428 5228 2518 5281 καὶ
2550 5224 2750 5302 γὲρδης
2783 5229 2811 5282 6
2846 5227 3102 5306 ὑφάντης.
3132 5234 3265 5298 Quae
3311 5249 3441 5288 cum
3477 5235 3533 5288 in
3571 5233 3664 5288 his

2011 5319 2083 5374 de
2114 5319 2521 5390 grammatica,
2547 5324 2604 5374 et
2623 5317 2991 5375 antistmchis
3020 5321 3311 5393 legantur,
3338 5339 3452 5378 non
3481 5321 3660 5378 alium

2012 5407 2242 5472 horum,
2272 5425 2449 5480 quam
2496 5408 2782 5465 Joannem
2835 5415 3136 5466 auctorem
3173 5411 3463 5469 Meursius
3494 5411 3666 5470 nobis

2016 5496 2287 5552 intrudit.

1851 5648 2082 5707 NOTE.

323 5782 405 5856 (b)
436 5779 734 5840 Meursius
762 5782 834 5840 ad
866 5781 1121 5841 Psellum
1151 5783 1210 5840 in
1242 5782 1547 5841 Canticum
1579 5781 1882 5856 canticor.,
1914 5800 1973 5858 p.
2007 5785 2130 5843 177.
