4078 6336
447 395 568 456 515

1829 391 2112 454 LEONIS
2156 391 2470 453 ALLATII

3729 389 3854 450 516

517 523 584 582 Τί
633 523 744 580 ἐστὶ
800 521 1282 600 Βαϐουτζικάριος.
1325 526 1468 595 Quid
1519 525 1594 580 sit
1649 527 2088 581 Babutzicartus.

2204 524 2548 581 ostendendi
2595 523 2818 596 ingenii
2875 539 3072 588 causa,
3119 525 3176 578 et
3205 521 3552 594 eloquentiae
3583 519 3853 591 divitias,

444 614 504 670 P.
537 615 598 670 Ὁ
632 615 812 686 μέντοι
845 607 1303 688 Βαϐουτζικάριος
1335 613 1408 684 ἐξ.

516 703 642 778 Περὶ
677 709 776 771 τῆς
809 702 1062 774 Γι).λοῦς,
1095 705 1164 759 de
1208 703 1358 759 Gillo
1393 705 1452 758 P.
1487 709 1544 758 Ἡ
1595 699 1653 758 3‘s
1701 700 1885 758 Γιλλὼ
1930 706 2091 758 τοῦτο

445 790 510 862 δὴ
542 793 604 846 τὸ
636 793 890 866 ἀρχαῖον.
929 792 1050 848 Καί.

517 881 682 935 Πόθεν
715 883 776 934 τὸ
818 881 914 935 τοῦ
957 887 1162 953 Κερατᾶ
1212 877 1406 954 ὄνομα.
1444 883 1591 940 Unde
1637 899 1832 938 nomen
1865 883 2096 938 Cornuti

445 975 716 1042 originem
786 971 1065 1027 habuerit.
1127 973 1187 1028 P.
1246 972 1530 1046 Τέτριπται
1591 969 1639 1024 ἐν
1694 971 1946 1042 συνηθείᾳ
1996 975 2092 1026 τοῦ

449 1060 570 1135 βίου
600 1059 661 1114 τὸ
693 1063 786 1112 τοῦ
817 1065 1021 1134 Κερατᾶ
1051 1055 1245 1131 ὄνομα.

518 1148 582 1206 Τί
635 1149 888 1220 σημαίνει
937 1149 999 1204 τὸ
1049 1147 1321 1224 Καίσαρος
1369 1145 1561 1220 ὄνομα.
1597 1151 1744 1215 Quid
1797 1149 1908 1205 sibi
1959 1149 2096 1204 velit

447 1239 691 1294 Caesaris
723 1256 958 1294 nomen.
993 1240 1054 1295 P.
1085 1238 1156 1291 Τὸ
1185 1242 1281 1292 τοῦ
1315 1237 1577 1312 Καίσαρος
1612 1234 1806 1309 ὄνομα.

519 1326 613 1388 Εἰς
662 1327 746 1394 τὸ,
779 1324 830 1380 εἷ’
875 1349 926 1380 τι
979 1323 1222 1401 ἔφθασεν.
1268 1331 1326 1384 In
1377 1329 1538 1398 illud,
1568 1331 1617 1384 si
1668 1328 1798 1399 quid
1853 1327 2092 1382 aduenit.

445 1421 509 1472 P.
542 1414 774 1494 Ἕφθαςέ
804 1437 886 1477 τις
921 1415 1110 1488 εἰπὼν,
1145 1415 1226 1469 ὅτι
1261 1413 1506 1492 ἔεροασεν.

519 1505 806 1581 Ἐξήγηπις
869 1504 944 1566 εἰς
1001 1505 1082 1576 τὸ,
1149 1506 1308 1582 Λίγξε
1371 1506 1512 1581 βιὸς,
1571 1507 1734 1580 νευρὴ
1791 1501 1848 1560 δὶ
1901 1504 2094 1580 μεγάλ’

440 1591 620 1668 ’ίαχε-θ.
671 1597 736 1650 1η
783 1595 949 1660 illud,
991 1595 1188 1650 Strillt't
1237 1613 1418 1660 arcus,
1463 1613 1659 1651 nervus
1707 1603 1894 1652 autem
1941 1595 2096 1650 valde

443 1685 651 1739 sonuit.
705 1684 938 1739 IIomeri
993 1683 1154 1740 Iliad.
1206 1683 1272 1750 δ’,
1315 1703 1367 1740 v.
1403 1687 1524 1740 125.
1561 1686 1618 1740 Ρ.
1651 1685 1806 1740 Ἔστι
1842 1683 1934 1756 μὶν
1981 1681 2094 1737 οὐδ’

443 1771 574 1846 ὅπερ
609 1771 841 1846 εἷρήκειν
876 1772 1030 1836 εὐθὺς
1063 1773 1374 1847 ἐρωτηθείς.

2201 621 2260 670 et
2286 615 2427 684 vim,
2459 631 2586 686 quae
2621 631 2712 670 res
2751 619 2928 686 auget
2979 613 3292 674 laudando.
3344 612 3853 684 vituperandoque

2203 721 2410 758 rursus
2443 704 2654 775 afﬂigit
2677 720 2689 758 :
2715 708 2772 758 et
2819 703 2973 775 quod
2999 701 3380 772 spectabilius
3397 707 3507 768 est,
3539 717 3714 772 parva
3747 717 3852 772 pro

2203 793 2436 864 magnis
2467 793 2770 864 approbat,
2817 793 3076 863 itemque
3110 807 3324 862 magna
3353 795 3646 856 attenuat,
3677 795 3736 844 et
3779 790 3852 844 ad

2204 881 2450 937 minima
2481 882 2736 938 deducit.
2793 881 2980 936 Licuit
3035 896 3289 950 semper,
3355 885 3411 934 et
3467 878 3752 950 antiquis,
3797 885 3856 934 et

2203 971 2536 1026 subsecutis
2592 971 2868 1041 deinceps
2937 970 3303 1040 temporibus
3361 967 3854 1038 eloquentissimo

2204 1062 2434 1132 cuique,
2463 1067 2520 1116 et
2553 1077 2709 1116 nunc
2741 1059 2895 1116 licet.
2921 1061 3279 1131 Argumenta
3309 1057 3550 1122 similia,
3599 1057 3853 1112 infames

2205 1155 2504 1224 materias,
2541 1154 2624 1210 vel
2653 1153 3045 1226 inopinabiles
3077 1153 3516 1223 nuncupabant.
3537 1149 3854 1220 Flagitioaa

2203 1244 2498 1316 siquidem
2553 1243 2601 1298 si
2650 1242 3158 1308 commendarent,
3219 1239 3349 1310 ἆοξα
3397 1237 3484 1292 καὶ
3520 1235 3740 1291 ἄτοπαο
3795 1237 3845 1292 si

2205 1339 2410 1405 praeter
2440 1333 2748 1388 hominum
2781 1330 3140 1400 opinionem,
3171 1324 3449 1402 παράδοξα
3477 1327 3718 1400 aggredi
3753 1327 3846 1382 di-

2205 1423 2507 1478 cebantur.
2539 1421 2836 1478 Ranarum
2873 1435 3126 1490 pugnam
3163 1419 3486 1485 Homerus;
3523 1433 3677 1472 unus
3699 1433 3730 1472 e
3763 1433 3852 1471 sa-

2205 1511 2501 1583 pientibus
2551 1511 2782 1566 Graeciae
2831 1509 3088 1566 Pittacus
3137 1507 3356 1562 molam
3407 1506 3718 1562 laudavit:
3755 1505 3852 1560 Dio

2205 1607 2512 1656 Prussteus
2541 1599 2838 1654 exornavit
2877 1599 3224 1670 psittacum,
3269 1595 3600 1667 Polycrates
3627 1611 3853 1660 mures,

2203 1690 2524 1745 teredinem
2557 1688 2904 1752 Clitarchus,
2940 1703 3208 1743 muscam
3241 1686 3556 1748 Lucianus.
3613 1683 3854 1740 Themi-

2203 1795 2308 1834 son
2371 1776 2792 1849 plantaginem,
2843 1776 3060 1832 Marcio
3126 1775 3473 1844 raphanum,
3528 1773 3854 1828 Erasistra-

515 1860 609 1923 Εἷς
640 1863 738 1929 τήν
773 1861 824 1916 ἐν
859 1861 1198 1934 Νικομηδεῖᾳ
1247 1862 1551 1936 λεγομὲνην
1601 1861 1795 1932 ἀκοήν.
1831 1868 1896 1918 In.
1930 1865 2092 1918 iniui-

2204 1872 2300 1922 tus
2335 1865 2766 1938 lysimachiam,
2801 1865 3200 1936 Phythagoras
3231 1862 3464 1928 bulbos,
3497 1862 3726 1918 Diocles
3759 1878 3851 1918 ηε

445 1952 732 2008 lectionem
761 1954 842 2008 sic
869 1953 1094 2018 dictam,
1126 1968 1252 2024 quae
1285 1953 1618 2010 Nicomediae
1646 1961 1745 2008 est.
1784 1957 1838 2008 [³.
1873 1953 2090 2024 Θαυμά-

401 2057 413 2068 ⁴
447 2043 624 2107 ζουσιν
660 2040 710 2093 oi
743 2037 946 2094 πολλοὶ
979 2037 1028 2092 ἐν
1065 2035 1408 2111 Νιιομηὸείᾳ
1437 2041 1653 2113 ἡχεῖον.

513 2128 610 2190 Τίς
659 2129 693 2196 ἡ
747 2123 1013 2204 διάκρισις
1065 2131 1172 2180 τῶν
1222 2127 1686 2202 συγγραμμάτων,
1737 2127 1811 2180 ὧν
1865 2131 1944 2198 τῷ
1997 2127 2090 2199 μὲν

443 2217 477 2286 ἡ
513 2213 836 2286 Χαρίκλεια,
887 2220 966 2286 τῷ
1014 2212 1070 2270 δὲ
1109 2217 1143 2284 ἡ
1197 2217 1478 2286 Λευκίππη
1539 2215 1792 2279 ὑπόθεσις
1836 2217 2094 2285 καθεστή-

443 2325 622 2360 κατον.
659 2308 916 2374 ριιίεηαηι
957 2309 1030 2361 sit
1078 2307 1438 2378 scriptionum
1483 2307 1822 2378 diﬂerentia,
1855 2323 2093 2378 quarum

443 2396 614 2450 alteri
655 2396 962 2462 Chariclen,
1018 2396 1185 2450 alteri
1231 2397 1504 2468 Lencz’ppe
1553 2401 1886 2469 argumento
1941 2405 2092 2452 sunt.

447 2489 502 2539 P.
539 2481 796 2542 Πολλοὺς
825 2481 943 2537 οῖδα
971 2482 1060 2536 καὶ
1089 2489 1196 2538 τῶν
1233 2481 1382 2558 ἄγαν·

517 2573 660 2628 LXII
717 2571 844 2626 Iba"
875 2570 1134 2626 ’ταοαδόῖι
1235 2573 1270 2602 ’·
1329 2597 1336 2608 -
1457 2574 1502 2606 '-
1812 2577 1852 2608 ἰ
1980 2577 1991 2590 ·

667 2616 678 2628 .
767 2615 800 2646 υ,
831 2615 842 2625 .
881 2607 892 2626 δ
953 2629 960 2648 ι
1091 2619 1112 2643 ,
1135 2595 1190 2626 uv
1223 2593 1604 2646 αιιωσμαυων.
1639 2577 1714 2630 De
1743 2577 2092 2632 mirabilibus

445 2663 842 2718 auditionibus.
903 2664 1034 2734 [42]
1093 2669 1151 2719 P.
1203 2661 1352 2732 Μηὃέ
1404 2667 1600 2717 καινῶν
1656 2663 2089 2737 ἀναγνωσμάτων

446 2747 582 2819 εἶίης.
623 2751 908 2806 Libellum
944 2752 1384 2807 Schediasmate
1416 2753 1486 2824 (ε)
1521 2752 1966 2808 illustravimus.

519 2841 823 2914 Ἐγκώμιον
875 2839 950 2900 εἷς
999 2839 1128 2902 τοὺς
1176 2839 1412 2916 κόῤῥεις.
1443 2843 1588 2896 Laus
1633 2843 1888 2898 cimicum
1935 2843 1992 2899 Ρ.
2027 2843 2093 2899 Οἱ

447 2926 505 2983 δὲ
535 2925 738 2983 πολλοὶ
769 2928 894 2990 τοὺς
929 2928 1158 3004 Κὸῥρεις
1191 2929 1524 2996 κακίζουσιν.

514 3019 818 3090 Ἐγκώμιον
851 3017 924 3078 εἷς
963 3019 1060 3086 τὴν
1109 3023 1321 3094 φθεῖραι.
1356 3020 1502 3074 Laus
1547 3019 1802 3091 pediculi.
1841 3021 1900 3075 P.
1939 3017 2092 3074 ’Δλλ’

448 3107 476 3162 ὁ
509 3107 660 3184 φθεὶρ
690 3105 819 3170 ἴσως
846 3111 914 3178 τῇ
947 3105 1153 3179 enim.

517 3195 822 3270 Ἐγκώμιον
874 3194 951 3259 εἷς
995 3197 1093 3264 τὴν
1142 3193 1356 3268 ψύλλαν
1407 3199 1546 3252 Laus
1591 3197 1818 3269 pulz'cis.
1865 3199 1923 3252 P.
1986 3197 2092 3253 Τὸν

2203 1973 2360 2028 pam,
2419 1955 2671 2010 Phanias
2727 1955 3000 2020 urticam,
3031 1957 3168 2010 Cato
3219 1952 3568 2021 brassicam,
3599 1957 3852 2006 mortem

2198 2044 2566 2112 Alcidamas,
2625 2043 3047 2114 AristOphanes
3106 2045 3554 2113 paupertatem,
3625 2041 3852 2096 febrem

2201 2139 2552 2205 quartanam
2611 2133 2997 2196 Phavorinus,
3059 2131 3343 2204 Synesius
3401 2129 3850 2202 cavitium,[43]

2203 2223 2300 2278 alii
2333 2223 2538 2290 salem,
2569 2223 2724 2294 quod
2768 2221 2916 2277 ridet
2939 2221 3099 2276 Plato
3133 2221 3192 2275 in
3224 2219 3517 2286 Convivio,
3541 2217 3640 2274 alii
3675 2218 3860 2274 vomi-

2204 2321 2350 2378 tum,
2383 2311 2552 2378 ollas,
2613 2313 2856 2378 insecta,
2887 2315 2944 2364 et
3001 2327 3126 2381 quae
3179 2315 3320 2364 sunt
3367 2309 3545 2378 hujus
3597 2308 3857 2380 generis,

2202 2419 2329 2473 quae
2363 2401 2711 2456 Plutarchus
2741 2405 2798 2456 et
2831 2400 3138 2466 Isocrates,
3184 2404 3240 2454 et
3269 2403 3472 2453 nostra
3505 2403 3854 2469 tempestate

2203 2491 2300 2546 alii
2325 2491 2634 2562 magniﬁca
2663 2506 2730 2544 ac
2759 2489 2978 2544 diserta
3007 2489 3269 2542 oratione
3317 2487 3594 2542 laudibus
3647 2502 3854 2558 prose-

2201 2581 2318 2634 cuti
2353 2585 2528 2646 sunt;
2591 2579 2683 2634 hic
2737 2578 2980 2649 quidam
3031 2593 3228 2644 ovum,
3259 2575 3356 2632 ille
3407 2577 3666 2642 asinum,
3699 2575 3856 2630 alius

2202 2669 2572 2734 ebrietatem,
2601 2668 2754 2723 alius
2783 2667 3121 2733 stultitiam,
3175 2665 3328 2722 alius
3359 2665 3760 2732 mendacium,
3791 2670 3854 2720 et

2203 2757 2344 2828 quid
2391 2757 2551 2812 non?
2591 2773 2716 2827 quae
2775 2757 2833 2810 in
2897 2771 3078 2810 unum
3136 2754 3408 2812 volumen
3467 2754 3579 2808 sub
3639 2753 3854 2809 theatri

2199 2845 2524 2902 Joco-Serii
2549 2845 2784 2899 nomine
2807 2842 3104 2914 congessit
3133 2843 3358 2913 Gaspar
3387 2843 3712 2906 Dornanus,
3769 2843 3854 2912 (d)

2203 2941 2260 2990 et
2291 2934 2606 3006 publicavit
2659 2950 2772 2989 non
2815 2933 2940 2988 sine
2971 2932 3322 3004 Appendice.
3357 2937 3424 2986 Et
3470 2931 3624 3002 quod
3657 2932 3851 3000 magis

2205 3025 2436 3088 mirere,
2472 3022 2910 3093 Wittembergze
2940 3023 3128 3076 Bruno
3159 3021 3398 3093 quidam
3433 3020 3692 3076 Nolanus
3732 3020 3857 3074 im-

2205 3114 2296 3184 pie
2349 3111 2701 3184 praeconium
2753 3109 2970 3166 diaboli
3019 3110 3296 3166 recitasse
3340 3109 3580 3178 dicitur;
3631 3113 3686 3164 et
3715 3109 3856 3179 qui-

2203 3203 2338 3256 dam
2375 3202 2550 3270 alius,
2600 3215 2772 3270 quem
2823 3199 3127 3255 nominare
3177 3199 3575 3269 praetermitto,
3627 3197 3856 3253 lictoris

447 3283 692 3338 Κώνωπά
777 3305 931 3360 φασιν
1017 3284 1088 3345 ὡς
1155 3283 1472 3360 Ἐλὲφαντα,
1539 3286 1626 3339 καὶ
1693 3283 1786 3339 ’ἕνα
1847 3306 1908 3360 γε
1971 3287 2092 3340 καθ’

2205 3291 2418 3361 publici
2453 3307 2466 3344 :
2502 3306 2702 3345 verqu
2735 3305 2837 3360 pro
2869 3294 3036 3344 tanto
3067 3289 3126 3342 in
3171 3287 3519 3343 Acherontis
3547 3287 3856 3342 ministros

445 3371 592 3428 ὁδόν.
629 3375 816 3444 Hujus
863 3374 1130 3428 meminit
1174 3373 1434 3430 Joannes
1478 3376 1714 3431 Tzetzcs
1759 3376 1988 3431 chiliad.
2021 3377 2090 3444 Il,

445 3465 646 3519 Πεδίον.
682 3465 803 3518 185.

537 3566 768 3643 Μιχαὴλ
805 3567 956 3643 aut
991 3567 1209 3643 Ψελλὸς
1239 3566 1454 3643 ψῷλλας
1485 3568 1830 3643 ἐγκιυμιάζει.

447 3639 774 3714 Ἰἰμῶἷπρὸ
807 3639 1022 3715 χρόνων
1055 3639 1536 3714 ἑκατὸιίάκμάζων
1569 3639 1731 3714 ἐν’τῷ
1765 3642 1889 3716 βίῳ.

585 3731 816 3785 Michael
843 3731 1064 3802 quidem
1095 3731 1310 3786 Psellu:
1339 3733 1554 3798 pelices
1583 3733 1793 3798 laudat,

585 3804 756 3857 Annis
784 3809 912 3857 ante
940 3819 1036 3858 nos
1063 3807 1284 3858 centum
1309 3803 1510 3872 ﬂorens
1541 3820 1600 3858 ιη
1630 3806 1756 3858 vita.

513 3907 659 3982 Ηρὸς
687 3907 778 3962 τὸν
815 3909 1062 3979 μαθητὴν
1109 3908 1274 3962 αὐτοῦ
1321 3905 1572 3982 Σέργιον,
1607 3908 1826 3964 εἷπόντα
1879 3911 2092 3982 μήποτε

446 3993 718 4071 δηχθῆναι
770 3995 871 4048 ὑπὸ
910 3995 1149 4068 etii-qq.
1203 4000 1260 4052 In
1305 3997 1641 4068 discipulum
1685 4003 1964 4070 Sergium,
1996 4002 2094 4070 pui

438 4086 677 4150 dixerat,
719 4101 1012 4156 nunquam
1062 4101 1118 4139 se
1167 4101 1408 4140 morsum
1462 4103 1494 4140 a
1535 4088 1742 4157 pulice.
1781 4088 1838 4142 P.
1875 4085 1973 4140 Καὶ
2018 4087 2090 4148 ὡς

443 4171 667 4242 ἀληθῶς
695 4169 924 4246 ἄπορον,
953 4171 997 4225 εἰ
1029 4173 1270 4227 πάντων.

515 4261 656 4333 Πρὸς
701 4261 789 4314 τὸν
841 4259 1010 4314 αὐτοῦ
1053 4265 1261 4318 Παπᾶν.
1295 4261 1373 4317 Ad
1420 4279 1584 4318 suum
1631 4265 1858 4336 Papam.
1891 4270 1954 4320 P.
1989 4264 2089 4320 Καὶ

447 4349 690 4410 ποταπὸς
725 4355 910 4410 Huni:
939 4349 966 4403 ὁ
999 4355 1212 4408 Παπᾶς.
1565 4345 1582 4360 ’

513 4439 823 4512 Ἐγκώμιον
876 4437 950 4498 ἐς
997 4437 1089 4492 τὸν
1137 4439 1302 4494 οἶνον.
1347 4444 1490 4496 Laus
1539 4443 1682 4498 vini.
1727 4442 1786 4498 Ρ.
1823 4441 1920 4496 οὐκ
1969 4439 2092 4498 οἴδα

443 4525 672 4600 πότερον
709 4526 782 4587 ὡς
817 4524 1138 4597 ἀνθοσμίαν.

2201 3379 2506 3443 beneficio,
2559 3377 2766 3448 reliqui
2823 3377 2999 3432 Italiae
3057 3375 3310 3444 lictores,
3347 3391 3420 3431 ne
3470 3376 3678 3448 ingrati
3721 3393 3858 3432 esse

2201 3468 2556 3532 viderentur,
2589 3467 2744 3522 datis
2792 3467 2864 3520 ad
2919 3466 3280 3520 laudatorem
3336 3465 3572 3532 litteris,
3605 3465 3858 3534 gratiam

2201 3557 2414 3612 referre
2445 3556 2637 3612 conati
2678 3561 2842 3623 sunt,
2883 3555 3075 3610 ofﬁcia
3105 3572 3214 3610 sua
3245 3553 3508 3627 polliciti,
3537 3571 3672 3609 cum
3705 3560 3856 3610 tem-

2202 3663 2312 3717 pus
2361 3645 2634 3712 adfuerit,
2677 3646 2844 3713 bene,
2867 3649 2926 3699 et
2945 3644 3200 3714 benigne
3221 3659 3350 3698 sese
3371 3643 3456 3698 illi
3491 3643 3850 3714 prmtituros.

2201 3736 2324 3790 Non
2361 3735 2578 3790 mirum
2637 3735 2828 3804 itaque
2871 3734 2920 3787 si
2972 3733 3196 3788 Psellus
3251 3733 3426 3787 etiam
3489 3737 3708 3800 noster,
3759 3732 3856 3787 sui

2197 3825 2531 3896 experiendi
2563 3826 2772 3896 gratia,
2809 3823 2866 3876 in
2900 3821 3434 3894 contemptissimis
3463 3821 3594 3876 istis
3631 3819 3852 3892 stylum

2201 3913 2475 3968 exercuit.
2507 3912 2746 3967 Memini
2781 3927 2874 3966 me
2910 3913 3038 3966 fuse
3069 3911 3386 3966 admodum
3433 3911 3488 3966 in
3529 3908 3854 3966 Rhetoricis

2203 4002 2526 4067 dubitasse,
2585 4000 2966 4054 ditﬁciliusne
3023 3999 3100 4054 sit
3155 4000 3404 4071 ideoque
3452 3999 3854 4071 praestantius,

2201 4095 2259 4146 et
2311 4089 2722 4145 admirabilius
2783 4106 2878 4144 res
2937 4088 3101 4150 viles.
3163 4089 3466 4156 minimas,
3520 4087 3608 4144 vel
3671 4088 3856 4145 etiam

2203 4180 2388 4234 malas
2420 4179 2666 4234 dicendo
2697 4193 2998 4245 exornare,
3034 4195 3104 4233 an
3141 4193 3266 4249 quis
3295 4177 3386 4232 his
3419 4175 3731 4245 contraria,
3791 4181 3860 4234 ut

2203 4269 2498 4337 virtutem,
2550 4267 2922 4338 sapientiam,
2977 4273 3036 4322 et
3093 4267 3245 4322 viros
3276 4267 3370 4322 bis
3419 4266 3566 4338 ipsis
3595 4265 3858 4322 celebres

2201 4365 2257 4414 et
2289 4357 2567 4412 illustres.
2601 4357 2789 4424 Nunc,
2849 4361 2914 4411 ut
2967 4356 3265 4424 lectorem,
3301 4356 3552 4412 lectione
3607 4371 3856 4426 operum

2201 4445 2374 4502 Pselli
2405 4447 2726 4512 defessum,
2751 4445 3147 4511 sublevemus,
3183 4461 3370 4517 pauca
3397 4461 3468 4499 ex
3499 4443 3704 4500 multis
3735 4443 3857 4500 illis

2201 4537 2563 4590 adducemus
2593 4552 2695 4606 pro
2729 4541 2978 4605 utraque
3009 4539 3172 4606 parte
3191 4533 3512 4605 exingenio
3533 4533 3856 4592 afferenda.

517 4615 656 4688 Πρὸς
696 4635 814 4670 τινα
845 4614 1108 4685 Κάπηλον
1147 4613 1524 4692 μεγάλαυχον,
1567 4618 1656 4672 καὶ
1689 4617 2091 4698 φιλοσοφοῦντα

2203 4627 2484 4680 Isocrates
2505 4624 2727 4680 similes
2747 4631 2994 4679 conatus
3015 4624 3208 4679 verbis
3223 4625 3398 4678 etiam
3423 4621 3852 4692 acerbissimis,

445 4699 678 4760 διάκενα.
703 4707 765 4760 In
797 4703 1104 4766 Cauponem
1130 4707 1424 4776 quemdam
1454 4709 1774 4778 superbum,
1799 4720 1854 4765 et
1879 4714 2096 4780 [rustra

440 4794 929 4866 philosophantem.
967 4795 1025 4850 P.
1083 4791 1260 4848 Ἀλλὰ
1316 4792 1477 4856 ποίας
1527 4799 1691 4850 ταῦτα
1745 4795 2090 4875 φιλοσοφίας,

449 4881 752 4955 λογιώτατα
782 4877 1000 4941 ἀδελφέ.

517 4967 610 5030 Ε’ίς
655 4990 776 5023 τινα
825 4969 1113 5040 Κάπηλον,
1149 4969 1438 5044 γενόμενον
1469 4971 1716 5044 νομικόν.
1769 4977 1828 5030 1η
1880 4977 2096 5048 Caupo-

443 5077 570 5116 nem
617 5061 762 5131 leges
807 5065 1257 5130 pertractantem.
1293 5062 1352 5118 P.
1393 5060 1522 5117 Εἶτα
1554 5061 1600 5116 εἰ
1633 5061 1688 5116 σὲ
1729 5083 1814 5125 τις
1864 5060 2096 5134 δικάζειν

448 5147 930 5224 ἐπιτετραμμένον,

519 5237 711 5294 LXIII.
749 5237 1071 5294 Levissima
1119 5238 1234 5294 ista
1283 5243 1443 5308 sunt,
1478 5244 1534 5296 et
1583 5241 1782 5298 minus
1823 5243 2010 5315 seria;
2043 5251 2101 5302 at

2205 4714 2474 4786 pluribus
2505 4713 2562 4767 in
2599 4713 2742 4768 locis
2773 4712 3130 4780 insectatur;
3173 4712 3336 4766 Plato
3367 4711 3594 4792 deridet
3613 4710 3672 4766 in
3703 4709 3858 4766 Con-

2205 4803 2398 4871 vivio;
2455 4801 2733 4874 Synesius
2791 4801 2848 4856 in
2911 4800 3189 4873 Epistolis
3257 4800 3589 4871 improbat;
3665 4815 3858 4870 eoque

2207 4891 2518 4964 praecipue,
2553 4891 2600 4946 si
2645 4909 2772 4962 quae
2817 4891 2960 4946 totis
3007 4891 3230 4946 viribus
3279 4893 3716 4956 consectamur,
3749 4889 3860 4943 im-

2207 4981 2390 5052 proba
2447 4979 2765 5036 decacitate
2825 4980 3272 5048 vituperantur;
3307 4982 3372 5032 ut
3431 4977 3503 5031 de
3555 4975 3859 5032 Carneade

2207 5069 2891 5141 vituperantejustitiam
2925 5067 3198 5123 traditur.
3231 5066 3390 5120 Adde
3423 5082 3436 5120 :
3482 5065 3638 5120 sicut
3685 5063 3862 5136 longe

2211 5157 2602 5232 praestabilius
2660 5161 2817 5214 esset
2871 5157 2942 5212 de
2999 5157 3176 5211 rebus
3235 5155 3482 5210 utilibus
3531 5153 3862 5209 mediocres

2210 5249 2516 5322 Opiniones
2548 5247 2784 5316 habere,
2819 5261 2998 5318 quam
3055 5258 3624 5316 supervacanearum
3655 5243 3864 5314 exqui-

2027 5391 2258 5448 NOTAE.

520 5499 1076 5574 (c)_Ncquel_ib_ellus
1121 5500 1316 5566 Pselli,
1353 5517 1540 5574 neque
1583 5501 1776 5559 Allatii
1820 5505 2084 5563 schedia-

449 5569 578 5624 sma
609 5569 890 5625 hoc’vidit
918 5571 1128 5626 lucem.

520 5641 596 5716 ((1)
627 5641 895 5716 Hanovia:
955 5644 1111 5716 l619,
1163 5641 1262 5716 fol.
1292 5643 1672 5716 ,Dornaviano
1701 5651 1857 5716 Operi
1897 5649 2094 5710 licebit

449 5713 662 5768 addere
685 5713 1166 5770 dissertationum
1209 5713 1566 5770 ludicrarum
1598 5721 1654 5770 et
1703 5713 2094 5784 ammniorum

2195 5509 2511 5580 scriptores
2541 5505 2912 5580 variosiLug.
2946 5505 3072 5560 Bat.
3111 5505 3271 5580 mili,
3303 5505 3392 5580 12,
3425 5505 3482 5558 et
3503 5501 3860 5580 admiranda

2205 5575 3184 5708 igggmigdmirabilium'cncomia.
3217 5575 3558 5648 Noviomagi
3591 5579 3858 5630 Batavor.

2255 5671 2308 5706 ·)
2349 5695 2363 5708 .
2435 5691 2486 5706 υ.

2255 5671 2363 5722 mo,
2399 5671 2486 5706 ιι.
