4060 6344
168 411 295 471 517

1436 401 1808 466 DIATRIBA
1848 401 1952 464 DE
1994 401 2339 466 PSELLIS.

3476 411 3597 475 518

168 550 352 605 sitam
390 543 817 621 cognitionem;
852 546 910 600 at
955 541 1263 615 paululum
1293 540 1549 598 eminere
1599 539 1660 595 in
1710 555 1839 595 ma-
1867 539 1923 608 Α
1951 538 2311 611 apicularum
2339 557 2502 613 opera
2538 549 2832 616 stupemus,
2865 560 3032 618 quam
3068 546 3343 603 immensa
3369 562 3602 621 corpora

169 638 332 710 guis,
367 654 546 711 quam
595 635 656 691 in
705 633 921 706 parvis,
956 632 1279 705 praesertim
1327 629 1598 703 iiis,qute
1644 628 1826 685 vitam

170 727 323 783 nihil
370 730 597 797 juvant,
630 722 943 790 excellere;
981 721 1065 777 ita
1095 726 1152 777 et
1183 721 1240 776 in
1291 720 1537 777 dicendo
1568 718 1829 792 philoso-

169 817 483 888 phandum
515 818 623 871 est.
656 814 727 868 Et
765 812 900 884 quis
933 812 1118 866 nescit
1163 810 1510 883 gravitatem
1564 807 1831 864 scurrili-

169 908 300 972 tati,
335 922 430 960 res
473 904 656 959 serias
704 901 863 956 ludis
912 906 969 956 et
1011 900 1160 971 jocis
1207 916 1334 955 esse
1379 898 1832 954 laboriosiores?

168 1003 353 1073 idque
404 1017 474 1056 ex
520 1016 587 1055 eo
638 997 1008 1070 intelligitur,
1052 1003 1118 1052 ut
1164 996 1393 1051 dicebat
1440 999 1727 1051 Isocrates
1770 995 1829 1048 in

173 1091 407 1146 [leisure
455 1088 817 1154 laudatione,
851 1087 1006 1159 quod
1038 1086 1336 1141 neminem
1386 1100 1648 1156 unquam
1700 1082 1829 1138 illo-

173 1196 304 1234 rum
360 1179 541 1234 verba
588 1176 931 1241 defecerint,
952 1191 1087 1230 cum
1119 1173 1179 1229 hi
1222 1172 1479 1229 universi
1523 1173 1697 1244 longe
1744 1176 1833 1227 te—

173 1267 356 1324 nuius
388 1267 663 1334 dixerint,
691 1282 864 1336 quam
888 1262 1223 1336 argumenti
1257 1262 1600 1335 magnitudo
1631 1265 1833 1334 postu-

170 1358 276 1425 lat,
308 1360 459 1413 adeo
503 1357 575 1411 de
625 1355 802 1411 rebus
832 1352 1146 1409 luculentis
1189 1351 1427 1408 difficile
1474 1356 1563 1407 est
1609 1350 1832 1421 aliquid

172 1448 383 1503 afferre
414 1446 475 1500 in
509 1444 797 1509 medium,
825 1444 982 1515 quod
1031 1458 1204 1498 nemo
1235 1447 1370 1498 ante
1399 1440 1729 1513 usurparit;
1764 1440 1836 1495 de

171 1538 348 1591 rebus
379 1540 583 1590 autem
609 1534 963 1605 contemptis
992 1535 1050 1588 et
1079 1529 1740 1601 humillibus,quidquid
1775 1529 1831 1584 in

172 1635 422 1690 buccam
454 1633 704 1699 venerit,
737 1648 910 1687 omne
941 1631 1054 1702 [44]
1085 1632 1388 1702 proprium
1428 1628 1625 1695 fuerit,
1659 1629 1833 1683 Vide-

171 1729 263 1779 tur
294 1730 501 1778 tamen
537 1722 726 1793 magis
776 1720 1076 1792 egregium
1129 1720 1385 1791 primum
1422 1736 1436 1774 :
1470 1717 1644 1789 primi
1674 1718 1831 1773 enim

173 1812 529 1884 eloquentiae
568 1810 858 1880 magistri,
891 1811 991 1880 qui
1042 1808 1152 1864 sibi
1200 1808 1435 1863 laudem
1468 1822 1831 1878 comparare,

175 1908 226 1957 et
254 1917 471 1957 omnes
505 1900 564 1955 in
598 1900 689 1955 sui
718 1898 1174 1954 admirationem
1201 1896 1433 1953 trahere
1462 1897 1843 1983 studuerunt,
1875 1918 1922 1983 Β

174 1999 398 2054 similia
426 2002 781 2071 argumenta
823 2001 1208 2069 usurparunt,
1236 1996 1541 2061 Homerus,
1575 1993 1840 2066 Gorgias,

176 2089 558 2161 Protagoras,
591 2086 809 2158 aliique
858 2086 972 2141 nun
1023 2085 1214 2157 pauci,
1251 2091 1309 2140 et
1341 2088 1474 2156 post
1502 2083 1609 2138 hos
1658 2083 1840 2139 multo

181 2177 400 2246 plures.
435 2181 632 2247 Atque
680 2176 789 2231 has
838 2174 1117 2230 materias
1166 2178 1390 2229 veteres
1439 2171 1625 2227 adorti
1676 2175 1837 2240 sunt,

176 2292 287 2329 non
345 2274 632 2346 sophistas
681 2272 898 2339 solum,
948 2274 1047 2327 sed
1104 2271 1436 2344 philosophi
1487 2286 1740 2341 quoque,
1774 2273 1842 2324 ut

173 2364 379 2434 probat
412 2370 486 2416 Α.
523 2360 744 2418 Gellius
780 2360 880 2415 lib.
914 2377 1051 2427 xvu,
1077 2376 1126 2415 c.
1154 2362 1241 2429 12,
1266 2364 1324 2415 et
1358 2358 1748 2414 Philostratus
1780 2358 1837 2412 in

178 2452 308 2507 Vitis
349 2453 747 2522 saphistarum.
769 2449 883 2505 Nec
932 2441 1249 2504 dicendum
1302 2452 1412 2516 est,
1443 2452 1530 2503 tot
1575 2447 1839 2503 eruditos

175 2542 448 2597 homines
485 2540 546 2595 in
581 2540 690 2594 hac
730 2555 790 2595 re
837 2538 1022 2594 tuisse
1073 2538 1348 2610 deceptos
1382 2554 1395 2592 :
1430 2552 1633 2592 eorum
1680 2536 1834 2606 apud

173 2646 379 2685 omnes
410 2629 722 2683 aestimatio
754 2626 1075 2699 singularis
1110 2627 1164 2681 id
1200 2630 1392 2697 negat.
1424 2625 1512 2690 Et,
1537 2625 1679 2679 dum
1713 2640 1835 2679 ma-

170 2720 327 2775 teriae
362 2718 714 2774 difﬁcultate
750 2716 940 2789 magis
979 2720 1321 2771 exercentur
1352 2714 1612 2787 ingenia,
1645 2713 1837 2786 magis

172 2810 350 2864 etiam
384 2806 587 2862 lucent
618 2822 631 2862 :
667 2805 883 2862 etenim
936 2806 1034 2860 ubi
1088 2803 1283 2860 deﬁcit
1312 2803 1555 2859 materia
1603 2807 1838 2875 propter

172 2896 646 2969 improbitatem,
677 2899 781 2951 aut
828 2894 1199 2963 tenuitatem,
1231 2892 1312 2947 ibi
1361 2892 1707 2964 eloquentia:
1746 2891 1836 2946 lu-

175 2988 341 3041 mina
370 2991 428 3041 et
456 2985 613 3040 vires
644 2984 834 3057 magis
874 2983 1118 3039 infensas
1150 2981 1583 3038 vehementiora
1613 2980 1838 3053 spicula

174 3083 231 3139 in
264 3084 642 3139 audientium
690 3082 918 3137 animos
965 3084 1373 3151 contorquent,
1408 3079 1621 3151 suique
1669 3079 1835 3150 copia

174 3174 232 3228 in
264 3173 530 3229 maxima
577 3171 777 3243 inopia
822 3171 1095 3240 ingerunt
1144 3167 1616 3225 admirationem.
1651 3168 1836 3240 Magis

173 3264 333 3317 enim
386 3260 675 3316 facundia:
722 3274 862 3332 opes
920 3261 978 3314 in
1029 3259 1204 3315 rebus
1264 3259 1438 3313 laude
1497 3257 1833 3313 carentibus
1865 3282 1909 3350 C

172 3364 576 3415 ostentantur.
631 3357 772 3411 Uine
821 3355 1097 3411 omnibus
1148 3355 1381 3426 sibique
1428 3354 1527 3410 isti
1587 3356 1834 3427 scripto-

171 3464 265 3504 res
335 3447 729 3517 persuadent,
806 3444 895 3504 Ὠς
961 3442 1013 3497 εἴ
1073 3442 1198 3517 περὶ
1260 3447 1515 3517 πονηρῶν
1584 3440 1835 3517 πραγμά-

169 3556 278 3589 των
362 3532 557 3611 ἔχουσί
632 3554 686 3588 τι
772 3532 946 3607 λέγειν
975 3572 993 3604 ,
1084 3532 1207 3609 περὶ
1290 3536 1401 3587 τῶν
1485 3529 1668 3586 καλῶν
1745 3532 1835 3585 καὶ

173 3626 394 3700 ἀγαθῶν
466 3621 667 3700 ῥᾳδίως
732 3621 1119 3694 εὐπορήσωσι.
1188 3624 1288 3693 Se,
1355 3640 1480 3679 cum
1544 3624 1609 3678 de
1674 3623 1838 3678 rebus

170 3717 306 3772 adeo
377 3715 707 3788 improbatis
776 3715 940 3769 verba
1005 3718 1329 3785 suppetant,
1408 3712 1479 3768 ad
1541 3729 1626 3768 res
1688 3728 1837 3783 prse-

173 3807 364 3861 claras
408 3804 769 3876 exponendas
818 3802 1108 3858 luculenta
1146 3805 1397 3858 oratione
1446 3802 1612 3872 facile
1659 3802 1837 3856 abun-

172 3904 429 3959 daturos.
492 3902 607 3957 Nec
666 3900 820 3957 male
875 3900 1152 3956 Sidonius
1211 3899 1569 3972 Apollinaris
1624 3917 1637 3956 :
1698 3904 1841 3956 Nam

173 3995 350 4048 moris
416 4001 497 4046 est
557 3990 937 4062 eloquentibus
1006 3991 1146 4044 viris
1226 3991 1580 4059 ingeniorum
1655 3988 1838 4060 facul-

171 4087 350 4137 tatem
396 4081 745 4149 negotiorum
804 4079 1039 4146 probare
1094 4078 1563 4148 difﬁcultatibus:
1622 4081 1671 4132 et
1723 4077 1842 4132 illic

171 4172 384 4243 stylum
438 4170 708 4241 peritum,
764 4170 928 4239 quasi
986 4170 1275 4239 quemdam
1330 4166 1558 4236 fecundi
1606 4168 1843 4239 pectoris

168 4274 461 4314 vomerem
497 4259 686 4327 ﬁgere,
722 4258 818 4312 ubi
864 4257 1119 4311 materia:
1164 4256 1378 4311 sterilis
1429 4260 1839 4326 argumentum,

170 4357 329 4411 velut
356 4355 536 4411 arida
556 4355 777 4425 cespitis
808 4354 991 4408 macri
1009 4353 1169 4423 gleba
1188 4353 1435 4424 jejunat.
1460 4352 1576 4407 Nec
1600 4352 1841 4407 minuta

170 4444 439 4501 bestiolae
477 4443 672 4499 minus
727 4442 1074 4498 necessarias
1116 4441 1552 4497 existimantur.
1586 4441 1731 4496 Nam
1764 4458 1842 4497 eis

169 4551 417 4605 quoque
479 4534 539 4587 in
590 4548 697 4587 suo
745 4547 959 4603 genere
1007 4527 1275 4602 pulchras
1316 4535 1482 4595 sunt,
1513 4535 1571 4585 et
1619 4531 1842 4603 aliquid

168 4624 410 4679 decoris
452 4620 820 4676 universitati
870 4637 1094 4685 rerum,
1129 4624 1413 4690 tanquam
1468 4619 1525 4673 in
1575 4635 1839 4674 commu-

172 4729 310 4768 nem
346 4709 799 4781 rempublicam,
825 4726 927 4781 pro
955 4725 1064 4763 sua
1095 4708 1381 4779 portione,
1409 4708 1744 4778 conferunt;
1779 4714 1843 4763 ut

171 4808 393 4873 praeter
418 4800 572 4855 alios
618 4799 1033 4853 adimadvertit
1059 4798 1397 4852 Aristoteles
1430 4815 1449 4851 ι
1479 4798 1553 4852 De
1580 4798 1839 4868 partibus

168 4890 431 4949 animal:
463 4904 589 4958 cap.
621 4889 675 4942 5.
708 4886 951 4942 Divinus
980 4885 1197 4957 quippe
1227 4885 1448 4940 Artifex
1477 4885 1560 4939 ita
1594 4901 1844 4957 magnus

168 4979 355 5035 estin
394 4976 632 5048 magnis
678 4976 873 5042 rebus,
909 4979 973 5030 ut
1005 4975 1197 5029 minor
1226 4991 1341 5029 non
1393 4974 1470 5028 sit
1518 4974 1576 5028 in
1630 4975 1842 5046 parvis.

166 5083 477 5148 Recteque
532 5092 569 5131 ιι
622 5074 813 5129 Plinio
872 5074 973 5130 lib.
1027 5090 1067 5129 ιι
1113 5075 1303 5129 Natur.
1358 5074 1561 5128 llistor.
1614 5089 1739 5144 cap.
1784 5073 1839 5126 2.

163 5168 470 5236 scriptum
502 5170 594 5220 est
626 5180 639 5218 :
672 5168 739 5219 In
772 5166 995 5234 magnis
1038 5163 1377 5234 corporibus,
1410 5171 1506 5217 aut
1551 5170 1695 5217 certe
1723 5179 1842 5216 ma-

154 5257 414 5327 joribus,
444 5254 670 5323 facilem
716 5251 1007 5323 officinam
1050 5253 1273 5324 seqnaci
1318 5254 1553 5306 materia
1592 5266 1706 5306 esse
1734 5268 1752 5305 :
1784 5251 1845 5305 in

160 5347 387 5417 parvis,
418 5347 587 5415 atque
622 5358 727 5397 sua
755 5343 1003 5397 exilitate
1030 5342 1224 5411 nullis,
1258 5338 1497 5395 multam
1546 5342 1843 5409 rationem,

164 5445 514 5498 immensam
554 5442 687 5507 vim,
722 5438 1169 5495 inextricabilem
1209 5439 1641 5509 perfectionem;
1672 5440 1723 5493 et
1753 5453 1841 5492 re-

164 5550 295 5589 rum
326 5540 603 5585 naturam
628 5536 918 5600 nunquam
956 5530 1156 5598 magis,
1189 5543 1356 5598 quam
1385 5528 1444 5582 in
1474 5527 1726 5581 minimis
1759 5530 1842 5581 to-

166 5628 285 5677 tam
315 5635 459 5676 esse.
484 5619 685 5690 quue
715 5622 939 5690 spectat
966 5617 1112 5671 illud
1145 5616 1211 5671 D.
1238 5615 1557 5688 Augustini
1589 5614 1692 5670 lib.
1726 5630 1842 5669 xxu

166 5712 237 5768 de
271 5709 451 5766 Civil.
489 5708 617 5772 Dei,
641 5723 767 5778 cap.
798 5708 868 5762 24
894 5723 907 5762 :
936 5710 1015 5763 Ea
1038 5707 1166 5778 plus
1197 5705 1400 5762 habent
1429 5704 1843 5772 admirationis,

167 5816 289 5872 qua:
332 5796 510 5852 molis
569 5796 888 5852 minimum.
937 5795 1072 5851 Plus
1112 5797 1264 5852 enim
1308 5794 1746 5866 formicularum
1795 5796 1848 5849 et

1947 628 2319 687 balaenarum.

2012 718 2212 774 LXIV.
2245 720 2356 775 Sed
2406 720 2475 775 de
2533 721 2728 792 parvis
2785 738 2973 794 pauca
3016 721 3140 781 haec
3187 724 3368 781 etiam
3426 726 3598 800 satis.

1938 807 2156 863 Cretera
2185 808 2358 865 Pselli
2390 825 2838 881 persequamur.

2013 892 2106 956 Ei’c
2153 897 2241 949 τὸν
2282 894 2446 950 αὐτοῦ
2493 890 2714 971 ἔγγονον
2767 893 2846 952 ἔτι
2891 900 3083 968 νήπιον
3135 896 3375 959 6311.17:
3430 920 3592 960 suum

1937 988 2179 1055 nepotem
2232 986 2419 1041 adhuc
2473 986 2765 1059 infantem.
2803 988 2861 1044 P.
2911 988 3025 1042 Οὐκ
3073 988 3279 1063 ὅψομαί
3328 1012 3385 1046 σε
3437 988 3591 1064 ἴσως,

1942 1071 2199 1149 φίλτατόν
2235 1093 2329 1145 μοι
2360 1072 2714 1152 βρεφύλλιον.

2015 1164 2127 1235 [45]
2186 1162 2498 1236 Ἑγκώμιον
2555 1162 2633 1225 εἷς
2690 1164 2810 1218 τινὰ
2869 1164 3142 1224 Νικόλαον
3197 1169 3462 1245 μοναχὸν,
3507 1191 3597 1244 γε-

1943 1249 2172 1322 νόμενον
2258 1250 2674 1326 καθηγούμενον
2748 1260 2850 1321 τῆς
2926 1253 2978 1308 ἐν
3053 1253 3323 1329 Ὀλύμπῳ
3402 1265 3596 1331 μονῆς.

1948 1341 2098 1396 Laus
2152 1342 2439 1412 cuiusdam
2495 1342 2759 1399 monachi
2813 1345 3049 1411 Nicolai,
3098 1348 3200 1419 qui
3257 1349 3315 1402 in
3376 1348 3603 1420 Olympi

1946 1432 2277 1487 monasterio
2330 1446 2532 1502 prases
2585 1433 2795 1502 fuerat.
2827 1433 2890 1489 P.
2931 1431 3293 1508 Ὑψηλότεροι
3354 1435 3449 1506 μὶν
3500 1442 3601 1505 τῆς

1944 1539 2051 1573 απο
2082 1539 2213 1575 των.

2016 1609 2325 1682 Ἐγκώμιον
2385 1606 2463 1671 εἷς
2516 1607 2608 1662 τόν
2664 1610 2903 1685 μοναχὸν
2961 1611 3219 1682 Ἰωάννην
3277 1612 3367 1667 τὸν
3426 1619 3597 1690 Κρου-

1943 1695 2175 1752 στουλᾶν
2224 1698 2313 1751 τὸν
2373 1697 2670 1771 ἀναγνόντα
2722 1697 2776 1753 ἐν
2828 1702 2896 1772 τῇ
2950 1699 3111 1775 Ἀγίᾳ
3150 1705 3328 1775 Σορῷ.
3361 1705 3603 1762 Joannis

1946 1787 2221 1845 Crustulse
2271 1789 2527 1843 monachi
2584 1790 2727 1855 laus,
2787 1791 2888 1860 qui
2944 1790 3006 1844 in
3061 1789 3116 1845 S.
3166 1792 3313 1847 Urna
3370 1793 3599 1864 legerat.

1953 1882 2010 1933 P.
2040 1875 2107 1933 Τί
2131 1879 2315 1945 τοῦτο,
2344 1875 2499 1937 εὐθὺς
2530 1876 2633 1950 γὰρ
2666 1875 2741 1938 εἰς
2776 1872 3037 1931 δεδυκότα
3070 1898 3137 1950 με
3164 1879 3254 1933 τὸν
3286 1879 3435 1936 ναόν.

2024 1965 2281 2027 Ἐπαινος
2337 1968 2434 2019 τοῦ
2485 1964 2719 2035 Ἰταλοῦ,
2773 1967 2919 2023 Laus
2971 1969 3102 2024 Itali
3154 1972 3218 2024 Ρ.
3264 1969 3350 2031 Ὡς
3411 1969 3470 2025 εὗ
3520 1974 3600 2043 τῷ

1950 2053 2166 2127 Ἰταλῷ.
2200 2054 2262 2109 Εἰ
2295 2050 2353 2109 δὲ
2386 2052 2668 2129 βούλοιτο.

2020 2144 2160 2217 Πρὸς
2215 2142 2342 2204 τοὺς
2396 2142 2659 2216 μαθητάς,
2706 2144 2827 2219 περὶ
2884 2146 2983 2208 τῆς
3044 2142 3212 2214 αὐτῆς
3269 2147 3600 2211 ὑποθέσεως.

1946 2232 2027 2289 Ad
2052 2233 2373 2304 discipulos,
2405 2233 2470 2288 de
2515 2233 2706 2289 codem
2751 2238 3096 2305 argumento.
3129 2235 3191 2291 P.
3226 2231 3420 2298 Οὐδεὶς
3469 2239 3601 2314 παρ’

1945 2321 2080 2393 ἡμῖν
2114 2316 2227 2375 οὔτ’
2253 2319 2563 2395 αἰχμητὴς,
2597 2316 2709 2375 οὔτ’
2742 2321 3088 2393 ἀκοντιστής.

2017 2408 2159 2483 Πρὸς
2188 2408 2316 2471 τοὺς
2354 2408 2736 2484 βασκαίνοντας
2778 2409 2945 2482 αὐτῷ,
2981 2412 3182 2469 Contra
3209 2415 3300 2470 sui
3323 2414 3603 2473 obtrecta-

1944 2506 2090 2556 tores
2121 2500 2177 2555 P.
2212 2499 2397 2571 Ὑμεῖς
2439 2498 2534 2571 μὲν
2568 2498 2767 2568 οὕτως,
2798 2496 2955 2575 λέγω.
2975 2497 3033 2556 δὲ
3062 2500 3207 2565 τούς.

2018 2588 2161 2661 Πρὸς
2201 2586 2328 2649 τοὺς
2376 2585 2591 2650 αὐτούς.
2642 2589 2706 2643 1η
2749 2589 2993 2648 eosdem.
3048 2591 3109 2645 P.
3144 2586 3269 2647 030'
3326 2592 3450 2662 ὑμῖν
3503 2593 3599 2667 βα-

1945 2675 2165 2738 σκανίας
2197 2674 2638 2750 περιλελείψεται
2671 2676 2923 2753 ἀφορμή.

2016 2763 2165 2821 Κατά
2210 2785 2353 2827 τινος
2413 2762 2843 2839 λοιδορήσαντος
2892 2764 3052 2822 αὐτὸν
3105 2768 3343 2843 ἀφανῶς.
3394 2771 3600 2828 Contra

1945 2856 2253 2926 quemdam,
2287 2857 2386 2927 qui
2436 2856 2524 2911 illi
2569 2854 2893 2912 clanculum
2936 2857 3324 2915 maletlixerat.
3356 2863 3421 2918 P.
3454 2860 3597 2933 Πρὸς

1942 2945 2042 3012 τὴν
2072 2939 2349 3014 λοιδορίαν
2383 2943 2411 2997 6
2444 2942 2633 3017 λόγος.

2018 3033 2159 3108 Πρὸς
2186 3032 2313 3094 τοὺς
2357 3032 2600 3105 μαθητὰς
2655 3030 3082 3110 ἀπολειφθέντας
3131 3041 3233 3104 τῆς
3280 3033 3595 3110 ἑρμηνείας.

1942 3126 2039 3177 τοῦ
2072 3122 2198 3196 Περὶ
2232 3120 2540 3195 ἑρμηνείας.
2572 3123 2651 3178 Ad
2679 3124 2997 3195 discipulos,
3028 3126 3126 3196 qui
3154 3126 3602 3197 interpretationi

1946 3213 2078 3268 libri
2104 3213 2414 3269 Aristotelis
2457 3212 2522 3268 de
2566 3212 3027 3285 Interpretatione
3054 3230 3166 3271 non
3196 3216 3594 3287 interfuerunt.

1950 3307 2007 3356 P.
2040 3301 2184 3372 Πρὸς
2205 3298 2331 3362 τοὺς
2365 3300 2792 3375 ἀπολειφθέντας
2822 3301 2850 3356 6
2876 3299 3063 3378 λόγος.

2018 3392 2149 3445 ’Ότε
2202 3384 2494 3462 ἐϐράδυναν
2556 3390 2607 3443 οἱ
2654 3390 2887 3462 μαθηταὶ
2941 3389 3105 3447 αὐτοῦ
3151 3395 3220 3465 τῇ
3250 3398 3352 3462 τῆς
3383 3390 3600 3469 σχολῆς

1947 3478 2267 3552 ξυνελεύσει.
2306 3482 2447 3535 Cum
2486 3481 2749 3552 discipuli
2797 3481 2956 3537 tarde
2986 3482 3057 3537 ad
3086 3489 3412 3540 conventum
3440 3485 3604 3541 scho-

1950 3571 2209 3625 lasticum
2243 3571 2651 3640 processissent.
2687 3570 2747 3624 P.
2782 3565 2951 3625 Οὐδὲν
3002 3570 3185 3624 καινὸν
3236 3577 3445 3627 ποιεῖτε
3492 3573 3604 3628 οἳτε

1950 3654 2230 3717 δοκοῦντες
2265 3657 2392 3728 ὑμῖν
2426 3655 2743 3734 φιλόσοφοι.

2022 3745 2179 3802 LXV.
2241 3743 2501 3818 Μονῳδίά
2557 3744 2643 3800 ἐπὶ
2703 3746 2967 3819 Ῥωμανῷ
3012 3744 3488 3823 Ῥαιφερενδαρίῳ,
3541 3751 3602 3805 in

1950 3838 2261 3892 Romanum
2338 3836 2827 3907 Rc/erendarium,
2896 3836 3165 3893 Monodia.
3235 3838 3293 3893 P.
3349 3833 3603 3899 Πολλοὺς

1951 3923 2056 4000 ἐγὼ
2084 3927 2192 3977 τῶν
2226 3921 2401 4000 φίλων
2437 3923 2782 3993 τεθνηκότας.

2020 4008 2281 4085 Μονῳδία
2313 4011 2387 4074 εἰς
2434 4012 2528 4067 τὸν
2576 4011 2843 4089 πρόεδρον
2878 4012 3030 4088 κύριν
3080 4013 3314 4089 Μιχαὴλ
3342 4014 3433 4068 τὸν
3480 4015 3603 4068 Ῥα-

1952 4099 2137 4172 δηνόν,
2172 4106 2232 4159 in
2259 4105 2575 4159 aniistitem
2617 4103 2899 4159 dominum
2943 4104 3271 4162 Michaelem
3303 4104 3605 4174 Radenum,

1950 4191 2219 4261 Monodia,
2254 4195 2317 4246 P.
2350 4196 2482 4253 Τοῖς
2510 4191 2603 4263 μὲν
2634 4189 2831 4254 ἄλλοις
2862 4196 2962 4264 τῷ.

2023 4276 2279 4352 Μονῳδία
2327 4278 2403 4341 εἴς
2460 4280 2558 4348 τὴν
2617 4284 2714 4334 τοῦ
2768 4279 3094 4356 ἆκτουαρίου
3140 4279 3393 4335 Ἰωάννου
3445 4278 3607 4336 ἀδελ-

1953 4370 2082 4447 φήν,
2125 4371 2187 4425 in
2233 4370 2473 4426 actuarii
2518 4372 2749 4427 Joannis
2793 4387 3055 4439 sororem,
3103 4370 3373 4428 Monodia.
3426 4375 3490 4426 P.
3542 4375 3608 4425 Ὠ

1953 4458 2113 4522 ποίας
2142 4459 2170 4513 6
2203 4458 2423 4531 Δαίμων
2455 4459 2706 4536 ἀφορμάς
2739 4456 2939 4535 λόγων.

2025 4544 2283 4619 Μονῳδία
2332 4546 2408 4611 εἷς
2478 4548 2737 4617 Ἰωάννην
2806 4548 2901 4602 τὸν
2978 4547 3265 4620 Πατρέκιον
3327 4545 3604 4620 ὁμιλητὴν

1955 4637 2121 4691 αὐτοῦ
2154 4631 2303 4704 ὄντα,
2336 4640 2396 4693 in
2435 4639 2703 4694 Joannem
2744 4638 3062 4694 Patricium
3092 4637 3453 4711 discipulum,
3490 4643 3608 4695 Μο-

1955 4727 2142 4783 nodia.
2181 4726 2241 4782 P.
2275 4726 2466 4802 Κωφὸν
2499 4728 2636 4798 ἡμῖν
2667 4726 2729 4780 τὸ
2760 4724 3142 4800 ἀκροατήριον.

2025 4814 2246 4887 Ἰωάννῃ
2309 4812 2554 4887 Βούρτζῃ
2632 4814 2945 4890 Βεστάρχῃ,
3016 4813 3444 4884 τελευτήσαντος
3508 4818 3607 4869 τοῦ

1954 4898 2191 4979 ἀδελφοῦ
2249 4900 2434 4969 αὐτοῦ,
2485 4903 2557 4958 ad
2599 4908 2878 4961 Joannem
2930 4909 3185 4960 Burtzem
3234 4907 3608 4975 Bestarcham,

1952 4994 2017 5049 ob
2047 4994 2253 5048 obitum
2286 4993 2441 5047 illius
2468 4994 2687 5062 fratris.
2724 4992 2782 5047 P.
2810 4990 2920 5045 Οὐκ
2950 4988 3071 5046 οἶδα
3098 4989 3218 5046 τίνα
3248 5012 3356 5047 σοι.

2026 5081 2342 5157 Ἐπιτάφιος
2404 5078 2481 5143 sic
2523 5101 2647 5136 τινα
2700 5078 2860 5158 φίλον
2917 5081 3106 5150 αὐτοῦ,
3162 5081 3253 5135 καὶ
3310 5092 3607 5154 συμμαθη-

1952 5171 2075 5239 τήν,
2110 5172 2171 5226 in
2203 5170 2498 5242 quemdam
2535 5173 2777 5226 amicum
2825 5174 2876 5226 et
2923 5171 3385 5243 condiscipulum,
3420 5170 3611 5228 Oratio

1952 5261 2225 5331 funebris.
2256 5260 2316 5314 P.
2353 5258 2490 5333 Ἐγὼ
2526 5259 2620 5331 μὲν
2650 5256 2810 5331 ᾤμην
2846 5259 3159 5334 ἀνακωχήν.

2027 5344 2345 5424 Ἐπιτάφιος
2379 5345 2454 5407 εἷς
2500 5348 2599 5415 τήν
2652 5348 2914 5422 θυγατέρα
2963 5347 3268 5417 Στυλιανήν
3309 5349 3415 5423 πρὸ
3466 5346 3613 5423 ὥρας

1954 5440 2052 5491 τοῦ
2101 5436 2283 5511 γάμου
2326 5433 2744 5506 τελευτήσασαν,
2786 5439 2843 5492 in
2891 5439 3068 5509 ﬁliam
3109 5438 3455 5510 Stytianam,
3486 5454 3614 5511 quae

1956 5531 2085 5582 ante
2129 5526 2453 5598 nuptiarum
2504 5536 2717 5597 tempus
2766 5530 2999 5583 mortem
3045 5528 3201 5583 obiit.
3248 5528 3307 5583 P.
3341 5524 3616 5602 Θυγατὲρα

1952 5618 2033 5687 τῷ
2063 5612 2212 5689 λόγῳ
2231 5618 2430 5686 τιμῶν.

2030 5703 2505 5780 [ἀδΓΕπιτάξιος
2563 5702 2640 5765 εἷς
2682 5704 2780 5772 τὴν
2837 5704 3029 5758 ἒάυτοῦ
3087 5705 3317 5780 μητέρα,
3374 5709 3434 5764 in
3488 5724 3608 5764 ητα,

1952 5799 2110 5865 trem,
2143 5794 2333 5851 Oratio
2370 5794 2640 5866 funebris.
2674 5795 2736 5851 P.
2773 5793 2851 5850 Τὸ
2883 5792 3178 5869 ἐγκώμιον,
3210 5792 3338 5851 ἀλλ’
3373 5794 3475 5870 οὐχ
3511 5796 3608 5858 ὡς.
