  <div class='ocr_page' id='page_1' title='image "/cluster/home/n/w/nwhite01/storage/ocr_20150623/122/hvd.32044073502452/267.png"; bbox 0 0 4060 6344; ppageno 0'>
   <div class='ocr_carea' id='block_1_1' title="bbox 501 357 624 417">
    <p class='ocr_par' dir='ltr' id='par_1_1' title="bbox 501 357 624 417">
     <span class='ocr_line' id='line_1_1' title="bbox 501 357 624 417; baseline -0.008 -1"><span class='ocrx_word' id='word_1_1' title='bbox 501 357 624 417; x_wconf 85' lang='lat'><strong><em>519</em></strong></span> 
     </span>
    </p>
   </div>
   <div class='ocr_carea' id='block_1_2' title="bbox 1882 343 2594 417">
    <p class='ocr_par' dir='ltr' id='par_1_2' title="bbox 1882 343 2594 417">
     <span class='ocr_line' id='line_1_2' title="bbox 1882 343 2594 417; baseline 0.003 -3"><span class='ocrx_word' id='word_1_2' title='bbox 1882 350 2160 415; x_wconf 83' lang='lat' dir='ltr'><strong><em>LEONIS</em></strong></span> <span class='ocrx_word' id='word_1_3' title='bbox 2201 353 2520 417; x_wconf 79' lang='lat' dir='ltr'><strong><em>ALLATII</em></strong></span> <span class='ocrx_word' id='word_1_4' title='bbox 2589 343 2594 348; x_wconf 60' lang='grc'><em>’</em></span> 
     </span>
    </p>
   </div>
   <div class='ocr_carea' id='block_1_3' title="bbox 3788 368 3890 432">
    <p class='ocr_par' dir='ltr' id='par_1_3' title="bbox 3788 368 3890 432">
     <span class='ocr_line' id='line_1_3' title="bbox 3788 368 3890 432; baseline 0.039 -4"><span class='ocrx_word' id='word_1_5' title='bbox 3788 368 3890 432; x_wconf 75' lang='grc'><strong><em>520</em></strong></span> 
     </span>
    </p>
   </div>
   <div class='ocr_carea' id='block_1_4' title="bbox 570 461 2109 574">
    <p class='ocr_par' dir='ltr' id='par_1_4' title="bbox 570 461 2109 566">
     <span class='ocr_line' id='line_1_4' title="bbox 570 461 2109 566; baseline 0 -22"><span class='ocrx_word' id='word_1_6' title='bbox 570 461 890 566; x_wconf 74' lang='grc' dir='ltr'>Ἐπιτάφιος</span> <span class='ocrx_word' id='word_1_7' title='bbox 939 485 1015 549; x_wconf 72' lang='grc' dir='ltr'>εἷς</span> <span class='ocrx_word' id='word_1_8' title='bbox 1071 486 1306 563; x_wconf 79' lang='grc' dir='ltr'>Εἰρήνην</span> <span class='ocrx_word' id='word_1_9' title='bbox 1367 485 1752 563; x_wconf 86' lang='grc' dir='ltr'>Καισάρισσαν.</span> <span class='ocrx_word' id='word_1_10' title='bbox 1811 490 1874 545; x_wconf 80' lang='lat' dir='ltr'><strong><em>In</em></strong></span> <span class='ocrx_word' id='word_1_11' title='bbox 1927 492 2109 546; x_wconf 60' lang='lat' dir='ltr'><strong><em>[renes</em></strong></span> 
     </span>
    </p>
   </div>
   <div class='ocr_carea' id='block_1_5' title="bbox 2224 461 3896 574">
    <p class='ocr_par' dir='ltr' id='par_1_5' title="bbox 2224 487 3896 574">
     <span class='ocr_line' id='line_1_5' title="bbox 2224 487 3896 574; baseline 0.008 -32"><span class='ocrx_word' id='word_1_12' title='bbox 2224 549 2230 557; x_wconf 49' lang='grc'><em>,</em></span> <span class='ocrx_word' id='word_1_13' title='bbox 2258 487 2542 574; x_wconf 69' lang='lat' dir='ltr'><strong><em>Auxentii.</em></strong></span> <span class='ocrx_word' id='word_1_14' title='bbox 2577 489 2638 545; x_wconf 92' lang='lat' dir='ltr'><strong><em>P.</em></strong></span> <span class='ocrx_word' id='word_1_15' title='bbox 2671 489 2850 564; x_wconf 84' lang='grc' dir='ltr'><strong><em>Ἀρχὴ</em></strong></span> <span class='ocrx_word' id='word_1_16' title='bbox 2895 489 2989 562; x_wconf 73' lang='grc' dir='ltr'>μὲν</span> <span class='ocrx_word' id='word_1_17' title='bbox 3028 492 3164 564; x_wconf 83' lang='grc' dir='ltr'>ἡμῖν</span> <span class='ocrx_word' id='word_1_18' title='bbox 3197 498 3295 563; x_wconf 86' lang='grc' dir='ltr'><strong><em>τῆς</em></strong></span> <span class='ocrx_word' id='word_1_19' title='bbox 3325 493 3462 568; x_wconf 86' lang='grc' dir='ltr'>πρὸς</span> <span class='ocrx_word' id='word_1_20' title='bbox 3512 497 3574 551; x_wconf 85' lang='grc' dir='ltr'>τὸ</span> <span class='ocrx_word' id='word_1_21' title='bbox 3621 496 3810 574; x_wconf 79' lang='grc' dir='ltr'>ἀγαθὸν</span> <span class='ocrx_word' id='word_1_22' title='bbox 3839 498 3896 554; x_wconf 67' lang='grc' dir='ltr'>ἐκ.</span> 
     </span>
    </p>
   </div>
   <div class='ocr_carea' id='block_1_6' title="bbox 501 573 2109 654">
    <p class='ocr_par' dir='ltr' id='par_1_6' title="bbox 501 577 2109 654">
     <span class='ocr_line' id='line_1_6' title="bbox 501 577 2109 654; baseline -0.003 -19"><span class='ocrx_word' id='word_1_23' title='bbox 501 579 871 647; x_wconf 75' lang='lat' dir='ltr'><strong><em>Caesarissam,</em></strong></span> <span class='ocrx_word' id='word_1_24' title='bbox 908 579 1091 635; x_wconf 83' lang='lat' dir='ltr'><strong><em>Oratio</em></strong></span> <span class='ocrx_word' id='word_1_25' title='bbox 1133 580 1398 650; x_wconf 75' lang='lat' dir='ltr'><strong><em>funebris.</em></strong></span> <span class='ocrx_word' id='word_1_26' title='bbox 1461 583 1522 634; x_wconf 82' lang='lat' dir='ltr'><strong><em>P.</em></strong></span> <span class='ocrx_word' id='word_1_27' title='bbox 1576 577 1965 654; x_wconf 81' lang='grc' dir='ltr'>Ἐγκωμιάζειν</span> <span class='ocrx_word' id='word_1_28' title='bbox 2011 596 2109 630; x_wconf 89' lang='grc' dir='ltr'><strong><em>κατ</em></strong></span> 
     </span>
    </p>
   </div>
   <div class='ocr_carea' id='block_1_7' title="bbox 2224 573 2967 654">
    <p class='ocr_par' dir='ltr' id='par_1_7' title="bbox 2253 573 2967 650">
     <span class='ocr_line' id='line_1_7' title="bbox 2253 573 2967 650; baseline 0.007 -22"><span class='ocrx_word' id='word_1_29' title='bbox 2253 578 2350 628; x_wconf 86' lang='grc' dir='ltr'><strong><em>τοῦ</em></strong></span> <span class='ocrx_word' id='word_1_30' title='bbox 2381 573 2619 630; x_wconf 79' lang='grc' dir='ltr'><strong><em>παλαιοῦ</em></strong></span> <span class='ocrx_word' id='word_1_31' title='bbox 2649 577 2967 650; x_wconf 84' lang='grc' dir='ltr'><strong><em>πτώματος.</em></strong></span> 
     </span>
    </p>
   </div>
   <div class='ocr_carea' id='block_1_8' title="bbox 495 664 1350 743">
    <p class='ocr_par' dir='ltr' id='par_1_8' title="bbox 495 664 1350 743">
     <span class='ocr_line' id='line_1_8' title="bbox 495 664 1350 743; baseline 0 -21"><span class='ocrx_word' id='word_1_32' title='bbox 495 667 678 738; x_wconf 82' lang='grc' dir='ltr'><strong><em>ταύτὸ,</em></strong></span> <span class='ocrx_word' id='word_1_33' title='bbox 711 666 797 722; x_wconf 82' lang='grc' dir='ltr'><strong><em>καὶ</em></strong></span> <span class='ocrx_word' id='word_1_34' title='bbox 827 670 1041 740; x_wconf 76' lang='grc' dir='ltr'><strong><em>θρηνεῖν</em></strong></span> <span class='ocrx_word' id='word_1_35' title='bbox 1075 664 1350 743; x_wconf 74' lang='grc' dir='ltr'>ἐπιτάφια.</span> 
     </span>
    </p>
   </div>
   <div class='ocr_carea' id='block_1_9' title="bbox 569 754 2141 830">
    <p class='ocr_par' dir='ltr' id='par_1_9' title="bbox 569 754 2141 830">
     <span class='ocr_line' id='line_1_9' title="bbox 569 754 2141 830; baseline -0.001 -18"><span class='ocrx_word' id='word_1_36' title='bbox 569 757 757 814; x_wconf 87' lang='lat' dir='ltr'><strong>LXVI.</strong></span> <span class='ocrx_word' id='word_1_37' title='bbox 791 755 1103 830; x_wconf 84' lang='grc' dir='ltr'>Ἑγκώμιον</span> <span class='ocrx_word' id='word_1_38' title='bbox 1152 754 1228 817; x_wconf 81' lang='grc' dir='ltr'>εἷς</span> <span class='ocrx_word' id='word_1_39' title='bbox 1272 757 1372 825; x_wconf 80' lang='grc' dir='ltr'><strong><em>τήν</em></strong></span> <span class='ocrx_word' id='word_1_40' title='bbox 1421 755 1735 812; x_wconf 70' lang='grc' dir='ltr'>Δέσποιναν.</span> <span class='ocrx_word' id='word_1_41' title='bbox 1769 758 1908 812; x_wconf 83' lang='lat' dir='ltr'><strong><em>Lans</em></strong></span> <span class='ocrx_word' id='word_1_42' title='bbox 1939 757 2008 829; x_wconf 92' lang='lat' dir='ltr'><strong><em>(e)</em></strong></span> <span class='ocrx_word' id='word_1_43' title='bbox 2038 758 2141 812; x_wconf 86' lang='lat' dir='ltr'><strong><em>im-</em></strong></span> 
     </span>
    </p>
   </div>
   <div class='ocr_carea' id='block_1_10' title="bbox 488 842 1925 922">
    <p class='ocr_par' dir='ltr' id='par_1_10' title="bbox 488 842 1925 922">
     <span class='ocr_line' id='line_1_10' title="bbox 488 842 1925 922; baseline -0.003 -18"><span class='ocrx_word' id='word_1_44' title='bbox 488 851 786 922; x_wconf 85' lang='lat' dir='ltr'><strong><em>peraloris.</em></strong></span> <span class='ocrx_word' id='word_1_45' title='bbox 818 849 878 903; x_wconf 88' lang='lat' dir='ltr'><strong><em>P.</em></strong></span> <span class='ocrx_word' id='word_1_46' title='bbox 913 842 1060 902; x_wconf 78' lang='grc' dir='ltr'>Ἔδει</span> <span class='ocrx_word' id='word_1_47' title='bbox 1092 845 1224 899; x_wconf 69' lang='grc' dir='ltr'>ποτε</span> <span class='ocrx_word' id='word_1_48' title='bbox 1253 845 1345 900; x_wconf 88' lang='grc' dir='ltr'>τὸν</span> <span class='ocrx_word' id='word_1_49' title='bbox 1380 843 1675 918; x_wconf 80' lang='grc' dir='ltr'>εὐδαίμονα</span> <span class='ocrx_word' id='word_1_50' title='bbox 1702 845 1925 915; x_wconf 75' lang='grc' dir='ltr'>ταύτην.</span> 
     </span>
    </p>
   </div>
   <div class='ocr_carea' id='block_1_11' title="bbox 566 933 2140 1011">
    <p class='ocr_par' dir='ltr' id='par_1_11' title="bbox 566 933 2140 1011">
     <span class='ocr_line' id='line_1_11' title="bbox 566 933 2140 1011; baseline -0.001 -21"><span class='ocrx_word' id='word_1_51' title='bbox 566 937 656 997; x_wconf 82' lang='grc' dir='ltr'>Εἰς</span> <span class='ocrx_word' id='word_1_52' title='bbox 694 936 785 991; x_wconf 87' lang='grc' dir='ltr'><strong><em>τὸν</em></strong></span> <span class='ocrx_word' id='word_1_53' title='bbox 848 933 1074 1010; x_wconf 74' lang='grc' dir='ltr'>βασιλέα</span> <span class='ocrx_word' id='word_1_54' title='bbox 1127 935 1218 988; x_wconf 86' lang='grc' dir='ltr'>τὸν</span> <span class='ocrx_word' id='word_1_55' title='bbox 1288 934 1543 1011; x_wconf 69' lang='grc' dir='ltr'>Διογένην</span> <span class='ocrx_word' id='word_1_56' title='bbox 1605 936 1678 996; x_wconf 89' lang='grc' dir='ltr'>ὡς</span> <span class='ocrx_word' id='word_1_57' title='bbox 1729 935 1789 989; x_wconf 82' lang='grc' dir='ltr'>ἐκ</span> <span class='ocrx_word' id='word_1_58' title='bbox 1843 935 2140 1005; x_wconf 84' lang='grc' dir='ltr'><strong><em>προσώπου</em></strong></span> 
     </span>
    </p>
   </div>
   <div class='ocr_carea' id='block_1_12' title="bbox 487 1022 2137 1096">
    <p class='ocr_par' dir='ltr' id='par_1_12' title="bbox 487 1022 2137 1096">
     <span class='ocr_line' id='line_1_12' title="bbox 487 1022 2137 1096; baseline 0.001 -17"><span class='ocrx_word' id='word_1_59' title='bbox 487 1025 635 1087; x_wconf 84' lang='grc' dir='ltr'>τινὸς</span> <span class='ocrx_word' id='word_1_60' title='bbox 681 1028 781 1078; x_wconf 89' lang='grc' dir='ltr'><strong><em>τοῦ</em></strong></span> <span class='ocrx_word' id='word_1_61' title='bbox 829 1022 1080 1080; x_wconf 86' lang='grc' dir='ltr'>πολίτου.</span> <span class='ocrx_word' id='word_1_62' title='bbox 1130 1026 1191 1080; x_wconf 86' lang='grc' dir='ltr'><strong>1η</strong></span> <span class='ocrx_word' id='word_1_63' title='bbox 1237 1026 1536 1096; x_wconf 78' lang='lat' dir='ltr'><strong><em>Diogenem</em></strong></span> <span class='ocrx_word' id='word_1_64' title='bbox 1587 1028 2006 1096; x_wconf 82' lang='lat' dir='ltr'><strong><em>imperatorem;</em></strong></span> <span class='ocrx_word' id='word_1_65' title='bbox 2055 1026 2137 1080; x_wconf 89' lang='lat' dir='ltr'><strong><em>lo-</em></strong></span> 
     </span>
    </p>
   </div>
   <div class='ocr_carea' id='block_1_13' title="bbox 489 1109 2140 1188">
    <p class='ocr_par' dir='ltr' id='par_1_13' title="bbox 489 1109 2140 1188">
     <span class='ocr_line' id='line_1_13' title="bbox 489 1109 2140 1188; baseline -0.004 -17"><span class='ocrx_word' id='word_1_66' title='bbox 489 1118 682 1188; x_wconf 86' lang='lat' dir='ltr'><strong><em>quitur</em></strong></span> <span class='ocrx_word' id='word_1_67' title='bbox 708 1131 850 1170; x_wconf 87' lang='lat' dir='ltr'><strong><em>unus</em></strong></span> <span class='ocrx_word' id='word_1_68' title='bbox 898 1131 928 1170; x_wconf 86' lang='lat' dir='ltr'><strong><em>e</em></strong></span> <span class='ocrx_word' id='word_1_69' title='bbox 975 1113 1299 1186; x_wconf 72' lang='lat' dir='ltr'><strong><em>civibus.[P.</em></strong></span> <span class='ocrx_word' id='word_1_70' title='bbox 1340 1110 1446 1166; x_wconf 79' lang='grc' dir='ltr'>Νῦν</span> <span class='ocrx_word' id='word_1_71' title='bbox 1476 1115 1690 1188; x_wconf 80' lang='grc' dir='ltr'>πρῶτον</span> <span class='ocrx_word' id='word_1_72' title='bbox 1724 1109 1954 1181; x_wconf 78' lang='grc' dir='ltr'>ὁπλίτην</span> <span class='ocrx_word' id='word_1_73' title='bbox 1992 1112 2140 1186; x_wconf 83' lang='grc' dir='ltr'>βασι-</span> 
     </span>
    </p>
   </div>
   <div class='ocr_carea' id='block_1_14' title="bbox 489 1203 892 1277">
    <p class='ocr_par' dir='ltr' id='par_1_14' title="bbox 489 1203 892 1277">
     <span class='ocr_line' id='line_1_14' title="bbox 489 1203 892 1277; baseline 0 -19"><span class='ocrx_word' id='word_1_74' title='bbox 489 1203 588 1258; x_wconf 75' lang='grc' dir='ltr'>λέα</span> <span class='ocrx_word' id='word_1_75' title='bbox 615 1204 892 1277; x_wconf 81' lang='grc' dir='ltr'>τεθὲάμαι.</span> 
     </span>
    </p>
   </div>
   <div class='ocr_carea' id='block_1_15' title="bbox 555 1288 2130 1368">
    <p class='ocr_par' dir='ltr' id='par_1_15' title="bbox 555 1288 2130 1368">
     <span class='ocr_line' id='line_1_15' title="bbox 555 1288 2130 1368; baseline -0.001 -21"><span class='ocrx_word' id='word_1_76' title='bbox 555 1293 696 1365; x_wconf 79' lang='grc' dir='ltr'>Ηρὸς</span> <span class='ocrx_word' id='word_1_77' title='bbox 733 1290 957 1368; x_wconf 75' lang='grc' dir='ltr'>βασιλέα</span> <span class='ocrx_word' id='word_1_78' title='bbox 984 1289 1074 1344; x_wconf 87' lang='grc' dir='ltr'><strong><em>τὸν</em></strong></span> <span class='ocrx_word' id='word_1_79' title='bbox 1105 1288 1330 1361; x_wconf 75' lang='grc' dir='ltr'>Δούκαν,</span> <span class='ocrx_word' id='word_1_80' title='bbox 1365 1293 1426 1346; x_wconf 87' lang='lat' dir='ltr'><strong><em>in</em></strong></span> <span class='ocrx_word' id='word_1_81' title='bbox 1469 1293 1676 1346; x_wconf 85' lang='lat' dir='ltr'><strong><em>Ducam</em></strong></span> <span class='ocrx_word' id='word_1_82' title='bbox 1723 1295 2130 1364; x_wconf 79' lang='lat' dir='ltr'><strong><em>imperatorem.</em></strong></span> 
     </span>
    </p>
   </div>
   <div class='ocr_carea' id='block_1_16' title="bbox 485 1377 1535 1455">
    <p class='ocr_par' dir='ltr' id='par_1_16' title="bbox 485 1377 1535 1455">
     <span class='ocr_line' id='line_1_16' title="bbox 485 1377 1535 1455; baseline -0.002 -17"><span class='ocrx_word' id='word_1_83' title='bbox 485 1383 546 1440; x_wconf 89' lang='lat' dir='ltr'><strong><em>P.</em></strong></span> <span class='ocrx_word' id='word_1_84' title='bbox 581 1381 822 1436; x_wconf 77' lang='grc' dir='ltr'>Δὲσποτά</span> <span class='ocrx_word' id='word_1_85' title='bbox 857 1402 964 1454; x_wconf 90' lang='grc' dir='ltr'><strong><em>μου</em></strong></span> <span class='ocrx_word' id='word_1_86' title='bbox 997 1377 1132 1455; x_wconf 74' lang='grc' dir='ltr'>ἅγιε,</span> <span class='ocrx_word' id='word_1_87' title='bbox 1168 1379 1535 1454; x_wconf 85' lang='grc' dir='ltr'>ἀνεθεώρησα.</span> 
     </span>
    </p>
   </div>
   <div class='ocr_carea' id='block_1_17' title="bbox 555 1466 2131 1545">
    <p class='ocr_par' dir='ltr' id='par_1_17' title="bbox 555 1466 2131 1545">
     <span class='ocr_line' id='line_1_17' title="bbox 555 1466 2131 1545; baseline 0.002 -21"><span class='ocrx_word' id='word_1_88' title='bbox 555 1469 877 1545; x_wconf 80' lang='grc' dir='ltr'>Δημηγορία</span> <span class='ocrx_word' id='word_1_89' title='bbox 907 1469 984 1529; x_wconf 84' lang='grc' dir='ltr'>εἷς</span> <span class='ocrx_word' id='word_1_90' title='bbox 1028 1469 1118 1522; x_wconf 88' lang='grc' dir='ltr'>τὸν</span> <span class='ocrx_word' id='word_1_91' title='bbox 1155 1466 1374 1543; x_wconf 70' lang='grc' dir='ltr'>βασιλέα</span> <span class='ocrx_word' id='word_1_92' title='bbox 1419 1469 1512 1522; x_wconf 87' lang='grc' dir='ltr'>τὸν</span> <span class='ocrx_word' id='word_1_93' title='bbox 1564 1468 1790 1525; x_wconf 78' lang='grc' dir='ltr'>Δοόκαν.</span> <span class='ocrx_word' id='word_1_94' title='bbox 1834 1473 1895 1526; x_wconf 84' lang='lat' dir='ltr'><strong><em>In</em></strong></span> <span class='ocrx_word' id='word_1_95' title='bbox 1926 1471 2131 1527; x_wconf 83' lang='lat' dir='ltr'><strong><em>Ducam</em></strong></span> 
     </span>
    </p>
   </div>
   <div class='ocr_carea' id='block_1_18' title="bbox 483 1556 2128 1635">
    <p class='ocr_par' dir='ltr' id='par_1_18' title="bbox 483 1556 2128 1635">
     <span class='ocr_line' id='line_1_18' title="bbox 483 1556 2128 1635; baseline -0.001 -19"><span class='ocrx_word' id='word_1_96' title='bbox 483 1561 896 1632; x_wconf 67' lang='lat' dir='ltr'><strong><em>imperatorem,</em></strong></span> <span class='ocrx_word' id='word_1_97' title='bbox 949 1559 1168 1615; x_wconf 82' lang='lat' dir='ltr'><strong><em>Concio.</em></strong></span> <span class='ocrx_word' id='word_1_98' title='bbox 1211 1559 1271 1614; x_wconf 84' lang='lat' dir='ltr'><strong><em>P.</em></strong></span> <span class='ocrx_word' id='word_1_99' title='bbox 1307 1557 1368 1614; x_wconf 75' lang='grc' dir='ltr'>Εἰ</span> <span class='ocrx_word' id='word_1_100' title='bbox 1431 1556 1520 1611; x_wconf 77' lang='grc' dir='ltr'>καὶ</span> <span class='ocrx_word' id='word_1_101' title='bbox 1578 1558 1683 1632; x_wconf 78' lang='grc' dir='ltr'>πρὸ</span> <span class='ocrx_word' id='word_1_102' title='bbox 1736 1563 1834 1612; x_wconf 89' lang='grc' dir='ltr'><strong><em>τοῦ</em></strong></span> <span class='ocrx_word' id='word_1_103' title='bbox 1891 1557 2128 1635; x_wconf 76' lang='grc' dir='ltr'>μεγάλου</span> 
     </span>
    </p>
   </div>
   <div class='ocr_carea' id='block_1_19' title="bbox 480 1647 991 1724">
    <p class='ocr_par' dir='ltr' id='par_1_19' title="bbox 480 1647 991 1724">
     <span class='ocr_line' id='line_1_19' title="bbox 480 1647 991 1724; baseline 0.004 -22"><span class='ocrx_word' id='word_1_104' title='bbox 480 1647 678 1703; x_wconf 67' lang='grc' dir='ltr'>τούτου</span> <span class='ocrx_word' id='word_1_105' title='bbox 707 1647 991 1724; x_wconf 73' lang='grc' dir='ltr'>τροπαίου.</span> 
     </span>
    </p>
   </div>
   <div class='ocr_carea' id='block_1_20' title="bbox 552 1733 2126 1811">
    <p class='ocr_par' dir='ltr' id='par_1_20' title="bbox 552 1733 2126 1811">
     <span class='ocr_line' id='line_1_20' title="bbox 552 1733 2126 1811; baseline 0.001 -20"><span class='ocrx_word' id='word_1_106' title='bbox 552 1738 640 1799; x_wconf 80' lang='grc' dir='ltr'>Ὠς</span> <span class='ocrx_word' id='word_1_107' title='bbox 665 1735 770 1791; x_wconf 85' lang='grc' dir='ltr'>άπὸ</span> <span class='ocrx_word' id='word_1_108' title='bbox 814 1736 1115 1811; x_wconf 82' lang='grc' dir='ltr'>προσώπου</span> <span class='ocrx_word' id='word_1_109' title='bbox 1145 1739 1239 1790; x_wconf 81' lang='grc' dir='ltr'><strong><em>τοῦ</em></strong></span> <span class='ocrx_word' id='word_1_110' title='bbox 1293 1733 1578 1810; x_wconf 68' lang='grc' dir='ltr'>βασιλέως.</span> <span class='ocrx_word' id='word_1_111' title='bbox 1619 1739 1896 1808; x_wconf 83' lang='lat' dir='ltr'><strong><em>Tanquam</em></strong></span> <span class='ocrx_word' id='word_1_112' title='bbox 1925 1755 1994 1793; x_wconf 75' lang='lat' dir='ltr'><strong><em>ea:</em></strong></span> <span class='ocrx_word' id='word_1_113' title='bbox 2023 1739 2126 1794; x_wconf 86' lang='lat' dir='ltr'><strong><em>im-</em></strong></span> 
     </span>
    </p>
   </div>
   <div class='ocr_carea' id='block_1_21' title="bbox 475 1821 2122 1900">
    <p class='ocr_par' dir='ltr' id='par_1_21' title="bbox 475 1821 2122 1900">
     <span class='ocr_line' id='line_1_21' title="bbox 475 1821 2122 1900; baseline -0.002 -17"><span class='ocrx_word' id='word_1_114' title='bbox 475 1831 747 1900; x_wconf 74' lang='lat' dir='ltr'><strong><em>peraton&#39;s</em></strong></span> <span class='ocrx_word' id='word_1_115' title='bbox 787 1843 1047 1898; x_wconf 82' lang='lat' dir='ltr'><strong><em>persona.</em></strong></span> <span class='ocrx_word' id='word_1_116' title='bbox 1082 1827 1144 1882; x_wconf 90' lang='lat' dir='ltr'><strong><em>P.</em></strong></span> <span class='ocrx_word' id='word_1_117' title='bbox 1179 1821 1521 1878; x_wconf 75' lang='grc' dir='ltr'>Ιίαντοδαπόν</span> <span class='ocrx_word' id='word_1_118' title='bbox 1563 1845 1616 1878; x_wconf 89' lang='grc' dir='ltr'><strong><em>τι</em></strong></span> <span class='ocrx_word' id='word_1_119' title='bbox 1655 1827 1870 1899; x_wconf 71' lang='grc' dir='ltr'>χρῆμα,</span> <span class='ocrx_word' id='word_1_120' title='bbox 1901 1827 1988 1880; x_wconf 74' lang='grc' dir='ltr'>καὶ</span> <span class='ocrx_word' id='word_1_121' title='bbox 2022 1847 2122 1880; x_wconf 89' lang='grc' dir='ltr'>πο-</span> 
     </span>
    </p>
   </div>
   <div class='ocr_carea' id='block_1_22' title="bbox 478 1913 1082 1991">
    <p class='ocr_par' dir='ltr' id='par_1_22' title="bbox 478 1913 1082 1991">
     <span class='ocr_line' id='line_1_22' title="bbox 478 1913 1082 1991; baseline 0 -21"><span class='ocrx_word' id='word_1_122' title='bbox 478 1915 772 1990; x_wconf 80' lang='grc' dir='ltr'>λυέραστον</span> <span class='ocrx_word' id='word_1_123' title='bbox 806 1913 1082 1991; x_wconf 78' lang='grc' dir='ltr'>βασιλεύς.</span> 
     </span>
    </p>
   </div>
   <div class='ocr_carea' id='block_1_23' title="bbox 549 1999 2123 2079">
    <p class='ocr_par' dir='ltr' id='par_1_23' title="bbox 549 1999 2123 2079">
     <span class='ocr_line' id='line_1_23' title="bbox 549 1999 2123 2079; baseline -0.002 -20"><span class='ocrx_word' id='word_1_124' title='bbox 549 2004 1090 2079; x_wconf 80' lang='grc' dir='ltr'>Προσφωνηματικὸς</span> <span class='ocrx_word' id='word_1_125' title='bbox 1147 2003 1283 2078; x_wconf 88' lang='grc' dir='ltr'>πρὸς</span> <span class='ocrx_word' id='word_1_126' title='bbox 1348 2001 1441 2057; x_wconf 82' lang='grc' dir='ltr'><strong><em>τὸν</em></strong></span> <span class='ocrx_word' id='word_1_127' title='bbox 1499 2002 1686 2078; x_wconf 70' lang='grc' dir='ltr'>κόριον</span> <span class='ocrx_word' id='word_1_128' title='bbox 1742 1999 1974 2078; x_wconf 74' lang='grc' dir='ltr'>Μιχαὴλ</span> <span class='ocrx_word' id='word_1_129' title='bbox 2033 2003 2123 2056; x_wconf 89' lang='grc' dir='ltr'>τὸν</span> 
     </span>
    </p>
   </div>
   <div class='ocr_carea' id='block_1_24' title="bbox 477 2093 2122 2164">
    <p class='ocr_par' dir='ltr' id='par_1_24' title="bbox 477 2093 2122 2164">
     <span class='ocr_line' id='line_1_24' title="bbox 477 2093 2122 2164; baseline 0.001 -16"><span class='ocrx_word' id='word_1_130' title='bbox 477 2099 704 2152; x_wconf 81' lang='grc' dir='ltr'>Δουκᾶν.</span> <span class='ocrx_word' id='word_1_131' title='bbox 756 2097 816 2150; x_wconf 83' lang='lat' dir='ltr'><strong><em>la</em></strong></span> <span class='ocrx_word' id='word_1_132' title='bbox 847 2095 1132 2150; x_wconf 86' lang='lat' dir='ltr'><strong><em>dominum</em></strong></span> <span class='ocrx_word' id='word_1_133' title='bbox 1163 2093 1492 2149; x_wconf 80' lang='lat' dir='ltr'><strong><em>Michaelem</em></strong></span> <span class='ocrx_word' id='word_1_134' title='bbox 1523 2094 1730 2148; x_wconf 87' lang='lat' dir='ltr'><strong><em>Ducam</em></strong></span> <span class='ocrx_word' id='word_1_135' title='bbox 1777 2093 2122 2164; x_wconf 81' lang='lat' dir='ltr'><strong><em>Prosphone-</em></strong></span> 
     </span>
    </p>
   </div>
   <div class='ocr_carea' id='block_1_25' title="bbox 472 2180 1640 2258">
    <p class='ocr_par' dir='ltr' id='par_1_25' title="bbox 472 2180 1640 2258">
     <span class='ocr_line' id='line_1_25' title="bbox 472 2180 1640 2258; baseline -0.005 -18"><span class='ocrx_word' id='word_1_136' title='bbox 472 2188 726 2240; x_wconf 82' lang='lat' dir='ltr'><strong><em>maticus.</em></strong></span> <span class='ocrx_word' id='word_1_137' title='bbox 760 2185 820 2239; x_wconf 88' lang='lat' dir='ltr'><strong><em>P.</em></strong></span> <span class='ocrx_word' id='word_1_138' title='bbox 855 2181 1090 2238; x_wconf 80' lang='grc' dir='ltr'>Λὲλυταί</span> <span class='ocrx_word' id='word_1_139' title='bbox 1125 2203 1217 2255; x_wconf 86' lang='grc' dir='ltr'><strong><em>μοι</em></strong></span> <span class='ocrx_word' id='word_1_140' title='bbox 1247 2188 1346 2250; x_wconf 80' lang='grc' dir='ltr'><strong><em>τῆς</em></strong></span> <span class='ocrx_word' id='word_1_141' title='bbox 1380 2180 1640 2258; x_wconf 76' lang='grc' dir='ltr'>ἀφωνίας.</span> 
     </span>
    </p>
   </div>
   <div class='ocr_carea' id='block_1_26' title="bbox 545 2268 2118 2346">
    <p class='ocr_par' dir='ltr' id='par_1_26' title="bbox 545 2268 2118 2346">
     <span class='ocr_line' id='line_1_26' title="bbox 545 2268 2118 2346; baseline -0.002 -20"><span class='ocrx_word' id='word_1_142' title='bbox 545 2271 824 2328; x_wconf 73' lang='grc' dir='ltr'>Σελὲντιον</span> <span class='ocrx_word' id='word_1_143' title='bbox 894 2269 1275 2346; x_wconf 82' lang='grc' dir='ltr'>δημηγορικὸν</span> <span class='ocrx_word' id='word_1_144' title='bbox 1349 2269 1494 2345; x_wconf 80' lang='grc' dir='ltr'>παρᾶ</span> <span class='ocrx_word' id='word_1_145' title='bbox 1560 2268 1828 2345; x_wconf 76' lang='grc' dir='ltr'>βασιλέως</span> <span class='ocrx_word' id='word_1_146' title='bbox 1885 2268 2118 2345; x_wconf 76' lang='grc' dir='ltr'>Μιχαὴλ</span> 
     </span>
    </p>
   </div>
   <div class='ocr_carea' id='block_1_27' title="bbox 467 2360 2118 2432">
    <p class='ocr_par' dir='ltr' id='par_1_27' title="bbox 467 2360 2118 2432">
     <span class='ocr_line' id='line_1_27' title="bbox 467 2360 2118 2432; baseline 0 -16"><span class='ocrx_word' id='word_1_147' title='bbox 467 2365 564 2416; x_wconf 87' lang='grc' dir='ltr'><strong><em>τοῦ</em></strong></span> <span class='ocrx_word' id='word_1_148' title='bbox 595 2360 790 2418; x_wconf 75' lang='grc' dir='ltr'>Δοὺκα.</span> <span class='ocrx_word' id='word_1_149' title='bbox 825 2362 1122 2417; x_wconf 76' lang='lat' dir='ltr'><strong><em>Silentium</em></strong></span> <span class='ocrx_word' id='word_1_150' title='bbox 1164 2377 1272 2432; x_wconf 83' lang='lat' dir='ltr'><strong><em>pro</em></strong></span> <span class='ocrx_word' id='word_1_151' title='bbox 1314 2362 1572 2416; x_wconf 80' lang='lat' dir='ltr'><strong><em>concione</em></strong></span> <span class='ocrx_word' id='word_1_152' title='bbox 1607 2360 1814 2415; x_wconf 79' lang='lat' dir='ltr'><strong><em>dictum</em></strong></span> <span class='ocrx_word' id='word_1_153' title='bbox 1845 2361 1916 2416; x_wconf 87' lang='lat' dir='ltr'><strong><em>ab</em></strong></span> <span class='ocrx_word' id='word_1_154' title='bbox 1947 2363 2118 2432; x_wconf 88' lang='lat' dir='ltr'><strong><em>impe-</em></strong></span> 
     </span>
    </p>
   </div>
   <div class='ocr_carea' id='block_1_28' title="bbox 467 2445 2119 2524">
    <p class='ocr_par' dir='ltr' id='par_1_28' title="bbox 467 2445 2119 2524">
     <span class='ocr_line' id='line_1_28' title="bbox 467 2445 2119 2524; baseline -0.003 -17"><span class='ocrx_word' id='word_1_155' title='bbox 467 2457 654 2508; x_wconf 88' lang='lat' dir='ltr'><strong><em>ratore</em></strong></span> <span class='ocrx_word' id='word_1_156' title='bbox 690 2453 951 2508; x_wconf 83' lang='lat' dir='ltr'><strong><em>Michaele</em></strong></span> <span class='ocrx_word' id='word_1_157' title='bbox 981 2453 1146 2506; x_wconf 85' lang='lat' dir='ltr'><strong><em>Duca.</em></strong></span> <span class='ocrx_word' id='word_1_158' title='bbox 1181 2455 1243 2506; x_wconf 91' lang='lat' dir='ltr'><strong><em>P.</em></strong></span> <span class='ocrx_word' id='word_1_159' title='bbox 1277 2449 1340 2502; x_wconf 77' lang='grc' dir='ltr'><strong><em>Εἰ</em></strong></span> <span class='ocrx_word' id='word_1_160' title='bbox 1389 2447 1477 2502; x_wconf 84' lang='grc' dir='ltr'>καὶ</span> <span class='ocrx_word' id='word_1_161' title='bbox 1527 2445 1764 2512; x_wconf 84' lang='grc' dir='ltr'>πολλοῖς</span> <span class='ocrx_word' id='word_1_162' title='bbox 1809 2452 1915 2502; x_wconf 82' lang='grc' dir='ltr'>τῶν</span> <span class='ocrx_word' id='word_1_163' title='bbox 1969 2449 2119 2524; x_wconf 86' lang='grc' dir='ltr'>βασι-</span> 
     </span>
    </p>
   </div>
   <div class='ocr_carea' id='block_1_29' title="bbox 467 2535 1410 2612">
    <p class='ocr_par' dir='ltr' id='par_1_29' title="bbox 467 2535 1410 2612">
     <span class='ocr_line' id='line_1_29' title="bbox 467 2535 1410 2612; baseline 0.001 -19"><span class='ocrx_word' id='word_1_164' title='bbox 467 2536 607 2596; x_wconf 80' lang='grc' dir='ltr'><strong><em>λὲων</em></strong></span> <span class='ocrx_word' id='word_1_165' title='bbox 640 2535 761 2604; x_wconf 75' lang='grc' dir='ltr'>ἔθος</span> <span class='ocrx_word' id='word_1_166' title='bbox 789 2537 928 2594; x_wconf 77' lang='grc' dir='ltr'>ἐστὶν</span> <span class='ocrx_word' id='word_1_167' title='bbox 959 2537 1008 2612; x_wconf 79' lang='grc' dir='ltr'>ἐξ</span> <span class='ocrx_word' id='word_1_168' title='bbox 1043 2535 1410 2612; x_wconf 72' lang='grc' dir='ltr'>ὑψηλοτέρου.</span> 
     </span>
    </p>
   </div>
   <div class='ocr_carea' id='block_1_30' title="bbox 539 2625 2114 2705">
    <p class='ocr_par' dir='ltr' id='par_1_30' title="bbox 539 2625 2114 2705">
     <span class='ocr_line' id='line_1_30' title="bbox 539 2625 2114 2705; baseline -0.001 -23"><span class='ocrx_word' id='word_1_169' title='bbox 539 2626 822 2683; x_wconf 80' lang='grc' dir='ltr'>Σελὲντιον</span> <span class='ocrx_word' id='word_1_170' title='bbox 855 2627 1160 2705; x_wconf 77' lang='grc' dir='ltr'>ἐκφωνηοὲν</span> <span class='ocrx_word' id='word_1_171' title='bbox 1194 2625 1280 2681; x_wconf 81' lang='grc' dir='ltr'><strong><em>ἐπὶ</em></strong></span> <span class='ocrx_word' id='word_1_172' title='bbox 1325 2630 1431 2680; x_wconf 82' lang='grc' dir='ltr'><strong><em>τῶν</em></strong></span> <span class='ocrx_word' id='word_1_173' title='bbox 1465 2627 1686 2701; x_wconf 76' lang='grc' dir='ltr'>ἡμερῶν</span> <span class='ocrx_word' id='word_1_174' title='bbox 1725 2632 1825 2695; x_wconf 81' lang='grc' dir='ltr'><strong><em>τῆς</em></strong></span> <span class='ocrx_word' id='word_1_175' title='bbox 1855 2627 2114 2682; x_wconf 81' lang='grc' dir='ltr'>Βασιλίσ-</span> 
     </span>
    </p>
   </div>
   <div class='ocr_carea' id='block_1_31' title="bbox 464 2714 2114 2792">
    <p class='ocr_par' dir='ltr' id='par_1_31' title="bbox 464 2714 2114 2792">
     <span class='ocr_line' id='line_1_31' title="bbox 464 2714 2114 2792; baseline 0.001 -22"><span class='ocrx_word' id='word_1_176' title='bbox 464 2737 564 2788; x_wconf 86' lang='grc' dir='ltr'><strong><em>σης</em></strong></span> <span class='ocrx_word' id='word_1_177' title='bbox 594 2715 782 2792; x_wconf 79' lang='grc' dir='ltr'>κυρίας</span> <span class='ocrx_word' id='word_1_178' title='bbox 833 2714 1135 2791; x_wconf 82' lang='grc' dir='ltr'>Θεοδώρας.</span> <span class='ocrx_word' id='word_1_179' title='bbox 1164 2715 1468 2772; x_wconf 80' lang='lat' dir='ltr'><strong><em>Silentium</em></strong></span> <span class='ocrx_word' id='word_1_180' title='bbox 1509 2716 1717 2771; x_wconf 88' lang='lat' dir='ltr'><strong><em>dictum</em></strong></span> <span class='ocrx_word' id='word_1_181' title='bbox 1745 2718 1845 2770; x_wconf 78' lang='lat' dir='ltr'><strong><em>sub</em></strong></span> <span class='ocrx_word' id='word_1_182' title='bbox 1877 2718 2114 2787; x_wconf 84' lang='lat' dir='ltr'><strong><em>imperia</em></strong></span> 
     </span>
    </p>
   </div>
   <div class='ocr_carea' id='block_1_32' title="bbox 463 2801 2113 2878">
    <p class='ocr_par' dir='ltr' id='par_1_32' title="bbox 463 2801 2113 2878">
     <span class='ocr_line' id='line_1_32' title="bbox 463 2801 2113 2878; baseline -0.001 -18"><span class='ocrx_word' id='word_1_183' title='bbox 463 2807 704 2864; x_wconf 79' lang='lat' dir='ltr'><strong><em>domina:</em></strong></span> <span class='ocrx_word' id='word_1_184' title='bbox 749 2806 1070 2864; x_wconf 65' lang='lat' dir='ltr'><strong><em>Theodorae.</em></strong></span> <span class='ocrx_word' id='word_1_185' title='bbox 1109 2807 1162 2861; x_wconf 85' lang='lat' dir='ltr'><strong><em>P.</em></strong></span> <span class='ocrx_word' id='word_1_186' title='bbox 1197 2805 1265 2860; x_wconf 90' lang='grc' dir='ltr'><strong><em>Η.</em></strong></span> <span class='ocrx_word' id='word_1_187' title='bbox 1314 2807 1435 2860; x_wconf 77' lang='grc' dir='ltr'><strong><em>Τῶν</em></strong></span> <span class='ocrx_word' id='word_1_188' title='bbox 1471 2803 1671 2878; x_wconf 79' lang='grc' dir='ltr'>ἀρετῶν</span> <span class='ocrx_word' id='word_1_189' title='bbox 1719 2801 1944 2865; x_wconf 76' lang='grc' dir='ltr'>Βασιλὶς</span> <span class='ocrx_word' id='word_1_190' title='bbox 1980 2803 2113 2877; x_wconf 83' lang='grc' dir='ltr'>μετᾶ</span> 
     </span>
    </p>
   </div>
   <div class='ocr_carea' id='block_1_33' title="bbox 465 2891 1238 2971">
    <p class='ocr_par' dir='ltr' id='par_1_33' title="bbox 465 2891 1238 2971">
     <span class='ocr_line' id='line_1_33' title="bbox 465 2891 1238 2971; baseline 0.001 -23"><span class='ocrx_word' id='word_1_191' title='bbox 465 2901 565 2964; x_wconf 77' lang='grc' dir='ltr'>τῆς</span> <span class='ocrx_word' id='word_1_192' title='bbox 593 2899 700 2949; x_wconf 81' lang='grc' dir='ltr'><strong><em>τῶν</em></strong></span> <span class='ocrx_word' id='word_1_193' title='bbox 735 2895 891 2971; x_wconf 79' lang='grc' dir='ltr'>ὡρῶν</span> <span class='ocrx_word' id='word_1_194' title='bbox 924 2891 1238 2957; x_wconf 83' lang='grc' dir='ltr'>Βασιλίὸος.</span> 
     </span>
    </p>
   </div>
   <div class='ocr_carea' id='block_1_34' title="bbox 533 2977 2118 3058">
    <p class='ocr_par' dir='ltr' id='par_1_34' title="bbox 533 2977 2118 3058">
     <span class='ocr_line' id='line_1_34' title="bbox 533 2977 2118 3058; baseline -0.003 -18"><span class='ocrx_word' id='word_1_195' title='bbox 533 2979 940 3058; x_wconf 75' lang='grc' dir='ltr'>Χρυσόϐουλον,</span> <span class='ocrx_word' id='word_1_196' title='bbox 1001 2985 1183 3040; x_wconf 81' lang='lat' dir='ltr'><strong><em>Aurea</em></strong></span> <span class='ocrx_word' id='word_1_197' title='bbox 1241 2983 1422 3038; x_wconf 84' lang='lat' dir='ltr'><strong><em>Bulla.</em></strong></span> <span class='ocrx_word' id='word_1_198' title='bbox 1473 2987 1536 3037; x_wconf 86' lang='lat' dir='ltr'><strong><em>P.</em></strong></span> <span class='ocrx_word' id='word_1_199' title='bbox 1569 2980 1645 3040; x_wconf 75' lang='grc' dir='ltr'>Οὐ</span> <span class='ocrx_word' id='word_1_200' title='bbox 1705 2979 2010 3054; x_wconf 68' lang='grc' dir='ltr'>θαυμαστὸν</span> <span class='ocrx_word' id='word_1_201' title='bbox 2061 2977 2118 3036; x_wconf 73' lang='grc' dir='ltr'><strong><em>εἷ’</em></strong></span> 
     </span>
    </p>
   </div>
   <div class='ocr_carea' id='block_1_35' title="bbox 457 3069 1793 3148">
    <p class='ocr_par' dir='ltr' id='par_1_35' title="bbox 457 3069 1793 3148">
     <span class='ocr_line' id='line_1_35' title="bbox 457 3069 1793 3148; baseline -0.001 -20"><span class='ocrx_word' id='word_1_202' title='bbox 457 3093 540 3135; x_wconf 86' lang='grc' dir='ltr'><strong><em>τις</em></strong></span> <span class='ocrx_word' id='word_1_203' title='bbox 571 3073 662 3128; x_wconf 89' lang='grc' dir='ltr'><strong><em>τὸν</em></strong></span> <span class='ocrx_word' id='word_1_204' title='bbox 699 3073 866 3148; x_wconf 71' lang='grc' dir='ltr'>μέγαν</span> <span class='ocrx_word' id='word_1_205' title='bbox 901 3073 1175 3145; x_wconf 74' lang='grc' dir='ltr'>θεώμενος</span> <span class='ocrx_word' id='word_1_206' title='bbox 1202 3070 1364 3140; x_wconf 77' lang='grc' dir='ltr'>ἥλιον</span> <span class='ocrx_word' id='word_1_207' title='bbox 1387 3069 1595 3145; x_wconf 75' lang='grc' dir='ltr'>ἀπείρῳ</span> <span class='ocrx_word' id='word_1_208' title='bbox 1632 3071 1793 3148; x_wconf 78' lang='grc' dir='ltr'>φωτί.</span> 
     </span>
    </p>
   </div>
   <div class='ocr_carea' id='block_1_36' title="bbox 528 3158 2106 3238">
    <p class='ocr_par' dir='ltr' id='par_1_36' title="bbox 528 3158 2106 3238">
     <span class='ocr_line' id='line_1_36' title="bbox 528 3158 2106 3238; baseline -0.003 -21"><span class='ocrx_word' id='word_1_209' title='bbox 528 3163 705 3237; x_wconf 86' lang='grc' dir='ltr'>Λόγος</span> <span class='ocrx_word' id='word_1_210' title='bbox 765 3162 1045 3231; x_wconf 77' lang='grc' dir='ltr'>ὑποθήκην</span> <span class='ocrx_word' id='word_1_211' title='bbox 1105 3158 1291 3238; x_wconf 70' lang='grc' dir='ltr'>φιλίας</span> <span class='ocrx_word' id='word_1_212' title='bbox 1349 3159 1738 3235; x_wconf 74' lang='grc' dir='ltr'>εἰσηγούμενος</span> <span class='ocrx_word' id='word_1_213' title='bbox 1810 3163 1928 3220; x_wconf 86' lang='grc' dir='ltr'>τοῖς</span> <span class='ocrx_word' id='word_1_214' title='bbox 1986 3158 2106 3213; x_wconf 82' lang='grc' dir='ltr'>ἀνε-</span> 
     </span>
    </p>
   </div>
   <div class='ocr_carea' id='block_1_37' title="bbox 2327 664 3890 752">
    <p class='ocr_par' dir='ltr' id='par_1_37' title="bbox 2327 664 3890 752">
     <span class='ocr_line' id='line_1_37' title="bbox 2327 664 3890 752; baseline 0.009 -34"><span class='ocrx_word' id='word_1_215' title='bbox 2327 665 2470 739; x_wconf 84' lang='grc' dir='ltr'>Πρὸς</span> <span class='ocrx_word' id='word_1_216' title='bbox 2510 664 2602 720; x_wconf 81' lang='grc' dir='ltr'><strong><em>τὸν</em></strong></span> <span class='ocrx_word' id='word_1_217' title='bbox 2655 665 3177 742; x_wconf 79' lang='grc' dir='ltr'>Ηρωτοσύγκελλον,</span> <span class='ocrx_word' id='word_1_218' title='bbox 3209 671 3332 746; x_wconf 80' lang='grc' dir='ltr'><strong><em>περί</em></strong></span> <span class='ocrx_word' id='word_1_219' title='bbox 3369 676 3468 726; x_wconf 84' lang='grc' dir='ltr'><strong><em>τοῦ</em></strong></span> <span class='ocrx_word' id='word_1_220' title='bbox 3508 673 3660 748; x_wconf 81' lang='grc' dir='ltr'>ἁγίου</span> <span class='ocrx_word' id='word_1_221' title='bbox 3691 682 3890 752; x_wconf 86' lang='grc' dir='ltr'>Γρηγο-</span> 
     </span>
    </p>
   </div>
   <div class='ocr_carea' id='block_1_38' title="bbox 2254 753 3888 836">
    <p class='ocr_par' dir='ltr' id='par_1_38' title="bbox 2254 753 3888 836">
     <span class='ocr_line' id='line_1_38' title="bbox 2254 753 3888 836; baseline 0.01 -29"><span class='ocrx_word' id='word_1_222' title='bbox 2254 753 2371 829; x_wconf 88' lang='grc' dir='ltr'>ρίου</span> <span class='ocrx_word' id='word_1_223' title='bbox 2418 757 2514 808; x_wconf 82' lang='grc' dir='ltr'><strong><em>τοῦ</em></strong></span> <span class='ocrx_word' id='word_1_224' title='bbox 2567 760 3008 832; x_wconf 81' lang='grc' dir='ltr'>Θαυματουργοῦ.</span> <span class='ocrx_word' id='word_1_225' title='bbox 3066 761 3150 816; x_wconf 80' lang='lat' dir='ltr'><strong><em>Ad</em></strong></span> <span class='ocrx_word' id='word_1_226' title='bbox 3199 763 3694 836; x_wconf 69' lang='lat' dir='ltr'><strong><em>Protosyncellum,</em></strong></span> <span class='ocrx_word' id='word_1_227' title='bbox 3737 767 3802 824; x_wconf 78' lang='lat' dir='ltr'><strong><em>de</em></strong></span> <span class='ocrx_word' id='word_1_228' title='bbox 3837 769 3888 824; x_wconf 87' lang='lat' dir='ltr'><strong><em>S.</em></strong></span> 
     </span>
    </p>
   </div>
   <div class='ocr_carea' id='block_1_39' title="bbox 2254 843 3890 929">
    <p class='ocr_par' dir='ltr' id='par_1_39' title="bbox 2254 843 3890 929">
     <span class='ocr_line' id='line_1_39' title="bbox 2254 843 3890 929; baseline 0.008 -31"><span class='ocrx_word' id='word_1_229' title='bbox 2254 843 2505 916; x_wconf 85' lang='lat' dir='ltr'><strong><em>Gregorio</em></strong></span> <span class='ocrx_word' id='word_1_230' title='bbox 2573 847 3003 920; x_wconf 85' lang='lat' dir='ltr'><strong><em>Thaumaturgo.</em></strong></span> <span class='ocrx_word' id='word_1_231' title='bbox 3063 855 3124 904; x_wconf 90' lang='lat' dir='ltr'><strong><em>P.</em></strong></span> <span class='ocrx_word' id='word_1_232' title='bbox 3183 851 3274 918; x_wconf 75' lang='grc' dir='ltr'>Μή</span> <span class='ocrx_word' id='word_1_233' title='bbox 3344 851 3625 927; x_wconf 74' lang='grc' dir='ltr'>θαυμάσῃς</span> <span class='ocrx_word' id='word_1_234' title='bbox 3685 855 3712 908; x_wconf 85' lang='grc' dir='ltr'><strong>ὁ</strong></span> <span class='ocrx_word' id='word_1_235' title='bbox 3769 854 3890 929; x_wconf 81' lang='grc' dir='ltr'>ἐμὸς</span> 
     </span>
    </p>
   </div>
   <div class='ocr_carea' id='block_1_40' title="bbox 2254 931 3888 1020">
    <p class='ocr_par' dir='ltr' id='par_1_40' title="bbox 2254 931 3888 1020">
     <span class='ocr_line' id='line_1_40' title="bbox 2254 931 3888 1020; baseline 0.009 -35"><span class='ocrx_word' id='word_1_236' title='bbox 2254 931 2621 1008; x_wconf 68' lang='grc' dir='ltr'>μουσηγέτης,</span> <span class='ocrx_word' id='word_1_237' title='bbox 2671 933 2928 1009; x_wconf 80' lang='grc' dir='ltr'>εἷ’τορόν</span> <span class='ocrx_word' id='word_1_238' title='bbox 2981 957 3032 990; x_wconf 89' lang='grc' dir='ltr'><strong><em>τι</em></strong></span> <span class='ocrx_word' id='word_1_239' title='bbox 3091 937 3180 992; x_wconf 86' lang='grc' dir='ltr'><strong><em>καὶ</em></strong></span> <span class='ocrx_word' id='word_1_240' title='bbox 3234 939 3486 1016; x_wconf 85' lang='grc' dir='ltr'>λαμπρὸν</span> <span class='ocrx_word' id='word_1_241' title='bbox 3546 943 3838 1020; x_wconf 70' lang='grc' dir='ltr'>φθέγξομαι</span> <span class='ocrx_word' id='word_1_242' title='bbox 3875 991 3888 1004; x_wconf 91' lang='grc'><em>,</em></span> 
     </span>
    </p>
   </div>
   <div class='ocr_carea' id='block_1_41' title="bbox 2247 1023 3888 1096">
    <p class='ocr_par' dir='ltr' id='par_1_41' title="bbox 2247 1023 3888 1096">
     <span class='ocr_line' id='line_1_41' title="bbox 2247 1023 3888 1096; baseline 0.009 -20"><span class='ocrx_word' id='word_1_243' title='bbox 2247 1023 2311 1076; x_wconf 85' lang='lat' dir='ltr'><strong><em>In</em></strong></span> <span class='ocrx_word' id='word_1_244' title='bbox 2353 1024 2855 1096; x_wconf 83' lang='lat' dir='ltr'><strong><em>Protosyncellum</em></strong></span> <span class='ocrx_word' id='word_1_245' title='bbox 2906 1025 3028 1082; x_wconf 64' lang='lat' dir='ltr'><strong><em>hac</em></strong></span> <span class='ocrx_word' id='word_1_246' title='bbox 3077 1029 3253 1084; x_wconf 87' lang='lat' dir='ltr'><strong><em>etiam</em></strong></span> <span class='ocrx_word' id='word_1_247' title='bbox 3285 1033 3550 1088; x_wconf 81' lang='lat' dir='ltr'><strong><em>carmina</em></strong></span> <span class='ocrx_word' id='word_1_248' title='bbox 3597 1033 3766 1090; x_wconf 90' lang='lat' dir='ltr'><strong><em>Pselli</em></strong></span> <span class='ocrx_word' id='word_1_249' title='bbox 3813 1035 3888 1091; x_wconf 89' lang='lat' dir='ltr'><strong><em>le-</em></strong></span> 
     </span>
    </p>
   </div>
   <div class='ocr_carea' id='block_1_42' title="bbox 2246 1115 2514 1182">
    <p class='ocr_par' dir='ltr' id='par_1_42' title="bbox 2246 1115 2514 1182">
     <span class='ocr_line' id='line_1_42' title="bbox 2246 1115 2514 1182; baseline 0.007 -17"><span class='ocrx_word' id='word_1_250' title='bbox 2246 1115 2468 1182; x_wconf 84' lang='lat' dir='ltr'><strong><em>guntur</em></strong></span> <span class='ocrx_word' id='word_1_251' title='bbox 2500 1128 2514 1166; x_wconf 89' lang='lat'><strong>:</strong></span> 
     </span>
    </p>
   </div>
   <div class='ocr_carea' id='block_1_43' title="bbox 2353 1223 3572 1307">
    <p class='ocr_par' dir='ltr' id='par_1_43' title="bbox 2353 1223 3572 1307">
     <span class='ocr_line' id='line_1_43' title="bbox 2353 1223 3572 1307; baseline 0.008 -29"><span class='ocrx_word' id='word_1_252' title='bbox 2353 1223 2630 1307; x_wconf 61' lang='grc' dir='ltr'>ξύγγιλος</span> <span class='ocrx_word' id='word_1_253' title='bbox 2663 1227 3038 1307; x_wconf 41' lang='grc' dir='ltr'>ὡςσύν-οίκο-ς,</span> <span class='ocrx_word' id='word_1_254' title='bbox 3073 1227 3339 1307; x_wconf 29' lang='grc' dir='ltr'>ἑλλᾲλτοῦ</span> <span class='ocrx_word' id='word_1_255' title='bbox 3371 1232 3572 1307; x_wconf 70' lang='grc' dir='ltr'>Λόγου.</span> 
     </span>
    </p>
   </div>
   <div class='ocr_carea' id='block_1_44' title="bbox 2353 1299 3667 1376">
    <p class='ocr_par' dir='ltr' id='par_1_44' title="bbox 2353 1299 3667 1376">
     <span class='ocr_line' id='line_1_44' title="bbox 2353 1299 3667 1376; baseline 0.007 -25"><span class='ocrx_word' id='word_1_256' title='bbox 2353 1301 2449 1376; x_wconf 59' lang='grc' dir='ltr'><strong><em>Καὶ</em></strong></span> <span class='ocrx_word' id='word_1_257' title='bbox 2480 1299 2698 1376; x_wconf 72' lang='grc' dir='ltr'>πρῶτος</span> <span class='ocrx_word' id='word_1_258' title='bbox 2725 1299 2800 1376; x_wconf 80' lang='grc' dir='ltr'><strong><em>ὡς</em></strong></span> <span class='ocrx_word' id='word_1_259' title='bbox 2835 1299 3125 1376; x_wconf 26' lang='grc' dir='ltr'>ΙΑΙρόεδρος.</span> <span class='ocrx_word' id='word_1_260' title='bbox 3160 1301 3307 1376; x_wconf 70' lang='grc' dir='ltr'>άλλᾷ</span> <span class='ocrx_word' id='word_1_261' title='bbox 3332 1310 3430 1358; x_wconf 90' lang='grc' dir='ltr'><strong><em>τοῦ</em></strong></span> <span class='ocrx_word' id='word_1_262' title='bbox 3463 1299 3667 1376; x_wconf 77' lang='grc' dir='ltr'>Πόλου,</span> 
     </span>
    </p>
   </div>
   <div class='ocr_carea' id='block_1_45' title="bbox 2350 1371 3570 1452">
    <p class='ocr_par' dir='ltr' id='par_1_45' title="bbox 2350 1371 3570 1452">
     <span class='ocr_line' id='line_1_45' title="bbox 2350 1371 3570 1452; baseline 0.008 -29"><span class='ocrx_word' id='word_1_263' title='bbox 2350 1375 2460 1452; x_wconf 70' lang='grc' dir='ltr'>ῌᾶς</span> <span class='ocrx_word' id='word_1_264' title='bbox 2476 1371 2583 1452; x_wconf 38' lang='grc' dir='ltr'>ἠοῦν</span> <span class='ocrx_word' id='word_1_265' title='bbox 2615 1392 2698 1432; x_wconf 91' lang='grc' dir='ltr'><strong><em>τις</em></strong></span> <span class='ocrx_word' id='word_1_266' title='bbox 2736 1371 2917 1452; x_wconf 38' lang='grc' dir='ltr'>αὐτον.</span> <span class='ocrx_word' id='word_1_267' title='bbox 2931 1371 3391 1452; x_wconf 74' lang='grc' dir='ltr'>Πρωτοσόγγελον</span> <span class='ocrx_word' id='word_1_268' title='bbox 3407 1376 3570 1452; x_wconf 67' lang='grc' dir='ltr'><strong><em>Δλέγε,</em></strong></span> 
     </span>
    </p>
   </div>
   <div class='ocr_carea' id='block_1_46' title="bbox 2348 1441 3526 1526">
    <p class='ocr_par' dir='ltr' id='par_1_46' title="bbox 2348 1441 3526 1526">
     <span class='ocr_line' id='line_1_46' title="bbox 2348 1441 3526 1526; baseline 0.009 -32"><span class='ocrx_word' id='word_1_269' title='bbox 2348 1441 2435 1503; x_wconf 82' lang='grc' dir='ltr'>Ὦς</span> <span class='ocrx_word' id='word_1_270' title='bbox 2467 1443 2714 1519; x_wconf 77' lang='grc' dir='ltr'>Οὐρανοῦ</span> <span class='ocrx_word' id='word_1_271' title='bbox 2744 1441 3039 1520; x_wconf 81' lang='grc' dir='ltr'>Πρόεδρόν,</span> <span class='ocrx_word' id='word_1_272' title='bbox 3074 1446 3148 1508; x_wconf 84' lang='grc' dir='ltr'>ὡς</span> <span class='ocrx_word' id='word_1_273' title='bbox 3180 1441 3314 1502; x_wconf 71' lang='grc' dir='ltr'>όεόῦ</span> <span class='ocrx_word' id='word_1_274' title='bbox 3345 1441 3526 1526; x_wconf 54' lang='grc' dir='ltr'>φίλον.</span> 
     </span>
    </p>
   </div>
   <div class='ocr_carea' id='block_1_47' title="bbox 2309 1558 3884 1638">
    <p class='ocr_par' dir='ltr' id='par_1_47' title="bbox 2309 1558 3884 1638">
     <span class='ocr_line' id='line_1_47' title="bbox 2309 1558 3884 1638; baseline 0.004 -25"><span class='ocrx_word' id='word_1_275' title='bbox 2309 1558 2560 1616; x_wconf 82' lang='lat' dir='ltr'><strong><em>LXVIII.</em></strong></span> <span class='ocrx_word' id='word_1_276' title='bbox 2613 1559 2783 1635; x_wconf 80' lang='grc' dir='ltr'>Λόγος</span> <span class='ocrx_word' id='word_1_277' title='bbox 2845 1559 3274 1636; x_wconf 51' lang='grc' dir='ltr'>ἐγκωμιαστικὴ</span> <span class='ocrx_word' id='word_1_278' title='bbox 3343 1563 3420 1627; x_wconf 71' lang='grc' dir='ltr'>εἲς</span> <span class='ocrx_word' id='word_1_279' title='bbox 3476 1571 3744 1638; x_wconf 82' lang='grc' dir='ltr'>Συμεῶνα</span> <span class='ocrx_word' id='word_1_280' title='bbox 3795 1567 3884 1622; x_wconf 78' lang='grc' dir='ltr'><strong><em>τὸν</em></strong></span> 
     </span>
    </p>
   </div>
   <div class='ocr_carea' id='block_1_48' title="bbox 2238 1647 3880 1727">
    <p class='ocr_par' dir='ltr' id='par_1_48' title="bbox 2238 1647 3880 1727">
     <span class='ocr_line' id='line_1_48' title="bbox 2238 1647 3880 1727; baseline 0.008 -25"><span class='ocrx_word' id='word_1_281' title='bbox 2238 1647 2623 1724; x_wconf 76' lang='grc' dir='ltr'>Μεταφράστην</span> <span class='ocrx_word' id='word_1_282' title='bbox 2671 1652 2736 1705; x_wconf 84' lang='lat' dir='ltr'><strong><em>In</em></strong></span> <span class='ocrx_word' id='word_1_283' title='bbox 2779 1650 3095 1707; x_wconf 82' lang='lat' dir='ltr'><strong><em>Simeonem</em></strong></span> <span class='ocrx_word' id='word_1_284' title='bbox 3145 1653 3590 1724; x_wconf 76' lang='lat' dir='ltr'><strong><em>Melaphrastem,</em></strong></span> <span class='ocrx_word' id='word_1_285' title='bbox 3618 1659 3684 1727; x_wconf 76' lang='grc' dir='ltr'><strong><em>(Ι)</em></strong></span> <span class='ocrx_word' id='word_1_286' title='bbox 3740 1658 3880 1714; x_wconf 85' lang='lat' dir='ltr'><strong><em>Ora-</em></strong></span> 
     </span>
    </p>
   </div>
   <div class='ocr_carea' id='block_1_49' title="bbox 2237 1738 3888 1819">
    <p class='ocr_par' dir='ltr' id='par_1_49' title="bbox 2237 1738 3888 1819">
     <span class='ocr_line' id='line_1_49' title="bbox 2237 1738 3888 1819; baseline 0.006 -30"><span class='ocrx_word' id='word_1_287' title='bbox 2237 1738 2315 1790; x_wconf 86' lang='lat' dir='ltr'><strong><em>tio</em></strong></span> <span class='ocrx_word' id='word_1_288' title='bbox 2378 1740 2737 1808; x_wconf 81' lang='lat' dir='ltr'><strong><em>pauegyrica.</em></strong></span> <span class='ocrx_word' id='word_1_289' title='bbox 2797 1739 2856 1794; x_wconf 89' lang='grc' dir='ltr'><strong><em>Ρ.</em></strong></span> <span class='ocrx_word' id='word_1_290' title='bbox 2914 1739 3014 1792; x_wconf 87' lang='grc' dir='ltr'><strong><em>Τὸν</em></strong></span> <span class='ocrx_word' id='word_1_291' title='bbox 3073 1741 3240 1815; x_wconf 73' lang='grc' dir='ltr'>μεγαν</span> <span class='ocrx_word' id='word_1_292' title='bbox 3296 1739 3349 1795; x_wconf 83' lang='grc' dir='ltr'>ἐν</span> <span class='ocrx_word' id='word_1_293' title='bbox 3407 1741 3531 1817; x_wconf 84' lang='grc' dir='ltr'>βίῳ,</span> <span class='ocrx_word' id='word_1_294' title='bbox 3591 1743 3684 1797; x_wconf 78' lang='grc' dir='ltr'><strong><em>καὶ</em></strong></span> <span class='ocrx_word' id='word_1_295' title='bbox 3741 1743 3888 1819; x_wconf 79' lang='grc' dir='ltr'>λόγῳ</span> 
     </span>
    </p>
   </div>
   <div class='ocr_carea' id='block_1_50' title="bbox 2239 1823 3883 1909">
    <p class='ocr_par' dir='ltr' id='par_1_50' title="bbox 2239 1823 3883 1909">
     <span class='ocr_line' id='line_1_50' title="bbox 2239 1823 3883 1909; baseline 0.01 -33"><span class='ocrx_word' id='word_1_296' title='bbox 2239 1825 2464 1896; x_wconf 80' lang='grc' dir='ltr'>Συμεὼν</span> <span class='ocrx_word' id='word_1_297' title='bbox 2495 1823 2729 1880; x_wconf 79' lang='grc' dir='ltr'>ἐπαινεῖν</span> <span class='ocrx_word' id='word_1_298' title='bbox 2773 1826 3163 1901; x_wconf 84' lang='grc' dir='ltr'>προελόμενος.</span> <span class='ocrx_word' id='word_1_299' title='bbox 3197 1831 3258 1885; x_wconf 84' lang='lat' dir='ltr'><strong><em>In</em></strong></span> <span class='ocrx_word' id='word_1_300' title='bbox 3299 1848 3474 1904; x_wconf 88' lang='lat' dir='ltr'><strong><em>quem</em></strong></span> <span class='ocrx_word' id='word_1_301' title='bbox 3505 1837 3562 1889; x_wconf 80' lang='lat' dir='ltr'><strong><em>et</em></strong></span> <span class='ocrx_word' id='word_1_302' title='bbox 3591 1833 3883 1909; x_wconf 77' lang='lat' dir='ltr'><strong><em>Officium,</em></strong></span> 
     </span>
    </p>
   </div>
   <div class='ocr_carea' id='block_1_51' title="bbox 2232 1915 3883 1992">
    <p class='ocr_par' dir='ltr' id='par_1_51' title="bbox 2232 1915 3883 1992">
     <span class='ocr_line' id='line_1_51' title="bbox 2232 1915 3883 1992; baseline 0.007 -24"><span class='ocrx_word' id='word_1_303' title='bbox 2232 1915 2326 1969; x_wconf 89' lang='lat' dir='ltr'><strong><em>die</em></strong></span> <span class='ocrx_word' id='word_1_304' title='bbox 2359 1916 2469 1986; x_wconf 85' lang='lat' dir='ltr'><strong><em>ipsi</em></strong></span> <span class='ocrx_word' id='word_1_305' title='bbox 2502 1933 2667 1972; x_wconf 87' lang='lat' dir='ltr'><strong><em>sacro</em></strong></span> <span class='ocrx_word' id='word_1_306' title='bbox 2710 1917 2768 1972; x_wconf 89' lang='lat' dir='ltr'><strong><em>in</em></strong></span> <span class='ocrx_word' id='word_1_307' title='bbox 2801 1919 3046 1973; x_wconf 80' lang='lat' dir='ltr'><strong><em>ecclesia</em></strong></span> <span class='ocrx_word' id='word_1_308' title='bbox 3077 1919 3535 1992; x_wconf 83' lang='lat' dir='ltr'><strong><em>decantandum,</em></strong></span> <span class='ocrx_word' id='word_1_309' title='bbox 3569 1925 3883 1980; x_wconf 86' lang='lat' dir='ltr'><strong><em>concinna-</em></strong></span> 
     </span>
    </p>
   </div>
   <div class='ocr_carea' id='block_1_52' title="bbox 2229 2001 3882 2083">
    <p class='ocr_par' dir='ltr' id='par_1_52' title="bbox 2229 2001 3882 2083">
     <span class='ocr_line' id='line_1_52' title="bbox 2229 2001 3882 2083; baseline 0.007 -27"><span class='ocrx_word' id='word_1_310' title='bbox 2229 2001 2330 2057; x_wconf 89' lang='lat' dir='ltr'><strong><em>vit.</em></strong></span> <span class='ocrx_word' id='word_1_311' title='bbox 2363 2003 2644 2075; x_wconf 84' lang='lat' dir='ltr'><strong><em>Troparia</em></strong></span> <span class='ocrx_word' id='word_1_312' title='bbox 2687 2006 2744 2059; x_wconf 89' lang='lat' dir='ltr'><strong><em>in</em></strong></span> <span class='ocrx_word' id='word_1_313' title='bbox 2783 2006 3086 2063; x_wconf 85' lang='lat' dir='ltr'><strong><em>Laudibus</em></strong></span> <span class='ocrx_word' id='word_1_314' title='bbox 3120 2013 3177 2062; x_wconf 90' lang='lat' dir='ltr'><strong><em>et</em></strong></span> <span class='ocrx_word' id='word_1_315' title='bbox 3205 2007 3479 2080; x_wconf 76' lang='lat' dir='ltr'><strong><em>Vesperis</em></strong></span> <span class='ocrx_word' id='word_1_316' title='bbox 3509 2011 3882 2083; x_wconf 78' lang='lat' dir='ltr'><strong><em>conscripsit,</em></strong></span> 
     </span>
    </p>
   </div>
   <div class='ocr_carea' id='block_1_53' title="bbox 2229 2089 3883 2170">
    <p class='ocr_par' dir='ltr' id='par_1_53' title="bbox 2229 2089 3883 2170">
     <span class='ocr_line' id='line_1_53' title="bbox 2229 2089 3883 2170; baseline 0.01 -29"><span class='ocrx_word' id='word_1_317' title='bbox 2229 2094 2290 2146; x_wconf 86' lang='lat' dir='ltr'><strong><em>P.</em></strong></span> <span class='ocrx_word' id='word_1_318' title='bbox 2321 2091 2486 2165; x_wconf 85' lang='grc' dir='ltr'>Γέρας</span> <span class='ocrx_word' id='word_1_319' title='bbox 2533 2092 2590 2145; x_wconf 84' lang='grc' dir='ltr'>νὸ</span> <span class='ocrx_word' id='word_1_320' title='bbox 2643 2091 2921 2166; x_wconf 84' lang='grc' dir='ltr'>λαμπρὸν,</span> <span class='ocrx_word' id='word_1_321' title='bbox 2968 2093 3030 2147; x_wconf 89' lang='grc' dir='ltr'>τὸ</span> <span class='ocrx_word' id='word_1_322' title='bbox 3074 2089 3437 2169; x_wconf 73' lang='grc' dir='ltr'>περίϐλεπτον</span> <span class='ocrx_word' id='word_1_323' title='bbox 3485 2094 3643 2170; x_wconf 75' lang='grc' dir='ltr'>ὕψος,</span> <span class='ocrx_word' id='word_1_324' title='bbox 3675 2104 3733 2155; x_wconf 75' lang='lat' dir='ltr'><strong><em>et</em></strong></span> <span class='ocrx_word' id='word_1_325' title='bbox 3777 2101 3883 2156; x_wconf 82' lang='lat' dir='ltr'><strong><em>Ca-</em></strong></span> 
     </span>
    </p>
   </div>
   <div class='ocr_carea' id='block_1_54' title="bbox 2231 2183 3888 2257">
    <p class='ocr_par' dir='ltr' id='par_1_54' title="bbox 2231 2183 3888 2257">
     <span class='ocr_line' id='line_1_54' title="bbox 2231 2183 3888 2257; baseline 0.008 -24"><span class='ocrx_word' id='word_1_326' title='bbox 2231 2197 2442 2236; x_wconf 90' lang='lat' dir='ltr'><strong><em>nonem</em></strong></span> <span class='ocrx_word' id='word_1_327' title='bbox 2491 2199 2595 2253; x_wconf 89' lang='lat' dir='ltr'><strong><em>pro</em></strong></span> <span class='ocrx_word' id='word_1_328' title='bbox 2627 2183 2935 2239; x_wconf 86' lang='lat' dir='ltr'><strong><em>Matutinis</em></strong></span> <span class='ocrx_word' id='word_1_329' title='bbox 2981 2183 3142 2240; x_wconf 90' lang='lat' dir='ltr'><strong><em>horis</em></strong></span> <span class='ocrx_word' id='word_1_330' title='bbox 3171 2185 3440 2253; x_wconf 80' lang='lat' dir='ltr'><strong><em>confecit,</em></strong></span> <span class='ocrx_word' id='word_1_331' title='bbox 3475 2188 3648 2257; x_wconf 83' lang='lat' dir='ltr'><strong><em>cujus</em></strong></span> <span class='ocrx_word' id='word_1_332' title='bbox 3677 2205 3743 2244; x_wconf 88' lang='lat' dir='ltr'><strong><em>ea</em></strong></span> <span class='ocrx_word' id='word_1_333' title='bbox 3775 2189 3888 2246; x_wconf 81' lang='lat' dir='ltr'><strong><em>fuit</em></strong></span> 
     </span>
    </p>
   </div>
   <div class='ocr_carea' id='block_1_55' title="bbox 2229 2269 3887 2347">
    <p class='ocr_par' dir='ltr' id='par_1_55' title="bbox 2229 2269 3887 2347">
     <span class='ocr_line' id='line_1_55' title="bbox 2229 2269 3887 2347; baseline 0.005 -24"><span class='ocrx_word' id='word_1_334' title='bbox 2229 2270 2594 2342; x_wconf 73' lang='lat' dir='ltr'><strong><em>acroatichis,</em></strong></span> <span class='ocrx_word' id='word_1_335' title='bbox 2653 2269 2865 2326; x_wconf 81' lang='grc' dir='ltr'>Μὲλπω</span> <span class='ocrx_word' id='word_1_336' title='bbox 2931 2292 2988 2326; x_wconf 90' lang='grc' dir='ltr'><strong><em>σε</em></strong></span> <span class='ocrx_word' id='word_1_337' title='bbox 3043 2273 3134 2326; x_wconf 86' lang='grc' dir='ltr'><strong><em>τὸν</em></strong></span> <span class='ocrx_word' id='word_1_338' title='bbox 3196 2272 3480 2347; x_wconf 79' lang='grc' dir='ltr'>γράψαντα</span> <span class='ocrx_word' id='word_1_339' title='bbox 3542 2275 3638 2338; x_wconf 77' lang='grc' dir='ltr'><strong><em>τὰς</em></strong></span> <span class='ocrx_word' id='word_1_340' title='bbox 3699 2278 3887 2333; x_wconf 81' lang='grc' dir='ltr'>Μετα-</span> 
     </span>
    </p>
   </div>
   <div class='ocr_carea' id='block_1_56' title="bbox 2228 2356 3884 2435">
    <p class='ocr_par' dir='ltr' id='par_1_56' title="bbox 2228 2356 3884 2435">
     <span class='ocr_line' id='line_1_56' title="bbox 2228 2356 3884 2435; baseline 0.009 -26"><span class='ocrx_word' id='word_1_341' title='bbox 2228 2357 2470 2432; x_wconf 76' lang='grc' dir='ltr'>φράσεις.</span> <span class='ocrx_word' id='word_1_342' title='bbox 2533 2365 2589 2415; x_wconf 89' lang='grc' dir='ltr'><strong><em>Ρ.</em></strong></span> <span class='ocrx_word' id='word_1_343' title='bbox 2647 2357 2829 2421; x_wconf 80' lang='grc' dir='ltr'>Μὲλος</span> <span class='ocrx_word' id='word_1_344' title='bbox 2890 2381 2983 2432; x_wconf 87' lang='grc' dir='ltr'><strong><em>μοι</em></strong></span> <span class='ocrx_word' id='word_1_345' title='bbox 3035 2356 3300 2435; x_wconf 66' lang='grc' dir='ltr'>εὔρυθμον</span> <span class='ocrx_word' id='word_1_346' title='bbox 3363 2359 3538 2420; x_wconf 86' lang='grc' dir='ltr'>δίδου.</span> <span class='ocrx_word' id='word_1_347' title='bbox 3585 2365 3884 2424; x_wconf 85' lang='lat' dir='ltr'><strong><em>Simeonis</em></strong></span> 
     </span>
    </p>
   </div>
   <div class='ocr_carea' id='block_1_57' title="bbox 2226 2441 3884 2524">
    <p class='ocr_par' dir='ltr' id='par_1_57' title="bbox 2226 2441 3884 2524">
     <span class='ocr_line' id='line_1_57' title="bbox 2226 2441 3884 2524; baseline 0.007 -23"><span class='ocrx_word' id='word_1_348' title='bbox 2226 2464 2358 2502; x_wconf 89' lang='lat' dir='ltr'><strong><em>vero</em></strong></span> <span class='ocrx_word' id='word_1_349' title='bbox 2409 2449 2691 2505; x_wconf 82' lang='lat' dir='ltr'><strong><em>memoria</em></strong></span> <span class='ocrx_word' id='word_1_350' title='bbox 2738 2450 3068 2506; x_wconf 84' lang='lat' dir='ltr'><strong><em>celebratur</em></strong></span> <span class='ocrx_word' id='word_1_351' title='bbox 3107 2469 3164 2506; x_wconf 81' lang='lat' dir='ltr'><strong><em>1v</em></strong></span> <span class='ocrx_word' id='word_1_352' title='bbox 3209 2441 3335 2507; x_wconf 89' lang='lat' dir='ltr'><strong><em>Kal.</em></strong></span> <span class='ocrx_word' id='word_1_353' title='bbox 3379 2455 3733 2524; x_wconf 85' lang='lat' dir='ltr'><strong><em>Decembris,</em></strong></span> <span class='ocrx_word' id='word_1_354' title='bbox 3779 2473 3884 2513; x_wconf 90' lang='lat' dir='ltr'><strong><em>eo-</em></strong></span> 
     </span>
    </p>
   </div>
   <div class='ocr_carea' id='block_1_58' title="bbox 2226 2537 3884 2618">
    <p class='ocr_par' dir='ltr' id='par_1_58' title="bbox 2226 2537 3884 2618">
     <span class='ocr_line' id='line_1_58' title="bbox 2226 2537 3884 2618; baseline 0.007 -28"><span class='ocrx_word' id='word_1_355' title='bbox 2226 2537 2356 2592; x_wconf 89' lang='lat' dir='ltr'><strong><em>dem</em></strong></span> <span class='ocrx_word' id='word_1_356' title='bbox 2391 2538 2518 2609; x_wconf 91' lang='lat' dir='ltr'><strong><em>ipso</em></strong></span> <span class='ocrx_word' id='word_1_357' title='bbox 2549 2539 2663 2608; x_wconf 88' lang='lat' dir='ltr'><strong><em>die,</em></strong></span> <span class='ocrx_word' id='word_1_358' title='bbox 2689 2556 2804 2610; x_wconf 85' lang='lat' dir='ltr'><strong><em>quo</em></strong></span> <span class='ocrx_word' id='word_1_359' title='bbox 2836 2541 3168 2610; x_wconf 73' lang='lat' dir='ltr'><strong><em>Stephanus</em></strong></span> <span class='ocrx_word' id='word_1_360' title='bbox 3189 2541 3365 2596; x_wconf 85' lang='lat' dir='ltr'><strong><em>vitam</em></strong></span> <span class='ocrx_word' id='word_1_361' title='bbox 3397 2543 3677 2616; x_wconf 77' lang='lat' dir='ltr'><strong><em>martyrio</em></strong></span> <span class='ocrx_word' id='word_1_362' title='bbox 3705 2545 3884 2618; x_wconf 82' lang='lat' dir='ltr'><strong><em>ﬁniit,</em></strong></span> 
     </span>
    </p>
   </div>
   <div class='ocr_carea' id='block_1_59' title="bbox 2225 2627 3884 2705">
    <p class='ocr_par' dir='ltr' id='par_1_59' title="bbox 2225 2627 3884 2705">
     <span class='ocr_line' id='line_1_59' title="bbox 2225 2627 3884 2705; baseline 0.004 -25"><span class='ocrx_word' id='word_1_363' title='bbox 2225 2631 2292 2680; x_wconf 86' lang='lat' dir='ltr'><strong><em>ut.</em></strong></span> <span class='ocrx_word' id='word_1_364' title='bbox 2329 2627 2559 2683; x_wconf 80' lang='lat' dir='ltr'><strong><em>canitur</em></strong></span> <span class='ocrx_word' id='word_1_365' title='bbox 2598 2627 2717 2684; x_wconf 91' lang='lat' dir='ltr'><strong><em>Ode</em></strong></span> <span class='ocrx_word' id='word_1_366' title='bbox 2755 2630 2808 2683; x_wconf 90' lang='lat'><strong><em>9.</em></strong></span> <span class='ocrx_word' id='word_1_367' title='bbox 2835 2627 3162 2700; x_wconf 68' lang='grc' dir='ltr'>Εῗρηνικῶς,</span> <span class='ocrx_word' id='word_1_368' title='bbox 3191 2631 3571 2704; x_wconf 71' lang='grc' dir='ltr'>τρισμακάριε,</span> <span class='ocrx_word' id='word_1_369' title='bbox 3605 2628 3884 2705; x_wconf 67' lang='grc' dir='ltr'>ἐξεδήμη-</span> 
     </span>
    </p>
   </div>
   <div class='ocr_carea' id='block_1_60' title="bbox 2223 2714 3888 2790">
    <p class='ocr_par' dir='ltr' id='par_1_60' title="bbox 2223 2714 3888 2790">
     <span class='ocr_line' id='line_1_60' title="bbox 2223 2714 3888 2790; baseline 0.007 -24"><span class='ocrx_word' id='word_1_370' title='bbox 2223 2733 2316 2774; x_wconf 80' lang='grc' dir='ltr'><strong><em>σας</em></strong></span> <span class='ocrx_word' id='word_1_371' title='bbox 2367 2715 2483 2767; x_wconf 78' lang='grc' dir='ltr'>κατ’</span> <span class='ocrx_word' id='word_1_372' title='bbox 2533 2714 2699 2783; x_wconf 71' lang='grc' dir='ltr'>αὐτήν</span> <span class='ocrx_word' id='word_1_373' title='bbox 2743 2715 2843 2783; x_wconf 76' lang='grc' dir='ltr'>τὴν</span> <span class='ocrx_word' id='word_1_374' title='bbox 2892 2715 3126 2790; x_wconf 78' lang='grc' dir='ltr'>ἡμέραν,</span> <span class='ocrx_word' id='word_1_375' title='bbox 3172 2719 3292 2780; x_wconf 81' lang='grc' dir='ltr'>καθ’</span> <span class='ocrx_word' id='word_1_376' title='bbox 3320 2719 3386 2788; x_wconf 71' lang='grc' dir='ltr'>ἢν</span> <span class='ocrx_word' id='word_1_377' title='bbox 3418 2719 3446 2772; x_wconf 81' lang='grc' dir='ltr'>ὁ</span> <span class='ocrx_word' id='word_1_378' title='bbox 3497 2717 3714 2782; x_wconf 82' lang='grc' dir='ltr'>κλεινὸς</span> <span class='ocrx_word' id='word_1_379' title='bbox 3755 2721 3888 2777; x_wconf 78' lang='grc' dir='ltr'><strong><em>Στέ-</em></strong></span> 
     </span>
    </p>
   </div>
   <div class='ocr_carea' id='block_1_61' title="bbox 2221 2803 3884 2881">
    <p class='ocr_par' dir='ltr' id='par_1_61' title="bbox 2221 2803 3884 2881">
     <span class='ocr_line' id='line_1_61' title="bbox 2221 2803 3884 2881; baseline 0.007 -25"><span class='ocrx_word' id='word_1_380' title='bbox 2221 2823 2384 2880; x_wconf 69' lang='grc' dir='ltr'>φανος</span> <span class='ocrx_word' id='word_1_381' title='bbox 2415 2803 2736 2860; x_wconf 80' lang='grc' dir='ltr'>τελειοῦται’</span> <span class='ocrx_word' id='word_1_382' title='bbox 2757 2805 2785 2860; x_wconf 90' lang='grc' dir='ltr'><strong>ὁ</strong></span> <span class='ocrx_word' id='word_1_383' title='bbox 2809 2805 3159 2880; x_wconf 87' lang='grc' dir='ltr'>ὁσιομάρτυς.</span> <span class='ocrx_word' id='word_1_384' title='bbox 3185 2809 3396 2877; x_wconf 77' lang='lat' dir='ltr'><strong><em>Quiete,</em></strong></span> <span class='ocrx_word' id='word_1_385' title='bbox 3421 2818 3505 2865; x_wconf 83' lang='lat' dir='ltr'><strong><em>ter</em></strong></span> <span class='ocrx_word' id='word_1_386' title='bbox 3525 2812 3696 2881; x_wconf 80' lang='lat' dir='ltr'><strong><em>beate,</em></strong></span> <span class='ocrx_word' id='word_1_387' title='bbox 3719 2816 3884 2867; x_wconf 87' lang='lat' dir='ltr'><strong><em>tran-</em></strong></span> 
     </span>
    </p>
   </div>
   <div class='ocr_carea' id='block_1_62' title="bbox 2218 2895 3886 2970">
    <p class='ocr_par' dir='ltr' id='par_1_62' title="bbox 2218 2895 3886 2970">
     <span class='ocr_line' id='line_1_62' title="bbox 2218 2895 3886 2970; baseline 0.005 -22"><span class='ocrx_word' id='word_1_388' title='bbox 2218 2895 2482 2961; x_wconf 81' lang='lat' dir='ltr'><strong><em>migrasti</em></strong></span> <span class='ocrx_word' id='word_1_389' title='bbox 2528 2911 2591 2949; x_wconf 89' lang='lat' dir='ltr'><strong><em>eo</em></strong></span> <span class='ocrx_word' id='word_1_390' title='bbox 2643 2899 2764 2966; x_wconf 83' lang='lat' dir='ltr'><strong><em>ipso</em></strong></span> <span class='ocrx_word' id='word_1_391' title='bbox 2791 2897 2902 2966; x_wconf 88' lang='lat' dir='ltr'><strong><em>dic,</em></strong></span> <span class='ocrx_word' id='word_1_392' title='bbox 2935 2913 3038 2968; x_wconf 86' lang='lat' dir='ltr'><strong><em>quo</em></strong></span> <span class='ocrx_word' id='word_1_393' title='bbox 3078 2897 3326 2970; x_wconf 77' lang='lat' dir='ltr'><strong><em>inclytus</em></strong></span> <span class='ocrx_word' id='word_1_394' title='bbox 3373 2897 3679 2970; x_wconf 73' lang='lat' dir='ltr'><strong><em>Stephanus</em></strong></span> <span class='ocrx_word' id='word_1_395' title='bbox 3727 2917 3886 2956; x_wconf 86' lang='lat' dir='ltr'><strong><em>mar-</em></strong></span> 
     </span>
    </p>
   </div>
   <div class='ocr_carea' id='block_1_63' title="bbox 2216 2985 3882 3058">
    <p class='ocr_par' dir='ltr' id='par_1_63' title="bbox 2216 2985 3882 3058">
     <span class='ocr_line' id='line_1_63' title="bbox 2216 2985 3882 3058; baseline 0.005 -21"><span class='ocrx_word' id='word_1_396' title='bbox 2216 2985 2362 3054; x_wconf 85' lang='lat' dir='ltr'><strong><em>tyrio</em></strong></span> <span class='ocrx_word' id='word_1_397' title='bbox 2397 2985 2496 3038; x_wconf 86' lang='lat' dir='ltr'><strong><em>Deo</em></strong></span> <span class='ocrx_word' id='word_1_398' title='bbox 2541 2994 2908 3040; x_wconf 84' lang='lat' dir='ltr'><strong><em>consecratur.</em></strong></span> <span class='ocrx_word' id='word_1_399' title='bbox 2945 2986 3228 3058; x_wconf 85' lang='lat' dir='ltr'><strong><em>Loquitur</em></strong></span> <span class='ocrx_word' id='word_1_400' title='bbox 3257 2993 3452 3042; x_wconf 89' lang='lat' dir='ltr'><strong><em>tamen</em></strong></span> <span class='ocrx_word' id='word_1_401' title='bbox 3499 3005 3614 3043; x_wconf 87' lang='lat' dir='ltr'><strong><em>non</em></strong></span> <span class='ocrx_word' id='word_1_402' title='bbox 3646 2989 3716 3044; x_wconf 90' lang='lat' dir='ltr'><strong><em>de</em></strong></span> <span class='ocrx_word' id='word_1_403' title='bbox 3749 2991 3882 3046; x_wconf 84' lang='lat' dir='ltr'><strong><em>Ste-</em></strong></span> 
     </span>
    </p>
   </div>
   <div class='ocr_carea' id='block_1_64' title="bbox 2217 3073 3880 3149">
    <p class='ocr_par' dir='ltr' id='par_1_64' title="bbox 2217 3073 3880 3149">
     <span class='ocr_line' id='line_1_64' title="bbox 2217 3073 3880 3149; baseline 0.006 -23"><span class='ocrx_word' id='word_1_404' title='bbox 2217 3073 2412 3142; x_wconf 87' lang='lat' dir='ltr'><strong><em>phano</em></strong></span> <span class='ocrx_word' id='word_1_405' title='bbox 2443 3079 2890 3147; x_wconf 83' lang='lat' dir='ltr'><strong><em>protomartyre,</em></strong></span> <span class='ocrx_word' id='word_1_406' title='bbox 2923 3077 3024 3130; x_wconf 91' lang='lat' dir='ltr'><strong><em>sed</em></strong></span> <span class='ocrx_word' id='word_1_407' title='bbox 3075 3076 3146 3131; x_wconf 86' lang='lat' dir='ltr'><strong><em>de</em></strong></span> <span class='ocrx_word' id='word_1_408' title='bbox 3189 3076 3427 3146; x_wconf 87' lang='lat' dir='ltr'><strong><em>juniore</em></strong></span> <span class='ocrx_word' id='word_1_409' title='bbox 3457 3075 3594 3142; x_wconf 87' lang='lat' dir='ltr'><strong><em>alio,</em></strong></span> <span class='ocrx_word' id='word_1_410' title='bbox 3627 3079 3728 3149; x_wconf 90' lang='lat' dir='ltr'><strong><em>qui</em></strong></span> <span class='ocrx_word' id='word_1_411' title='bbox 3763 3082 3880 3136; x_wconf 89' lang='lat' dir='ltr'><strong><em>sub</em></strong></span> 
     </span>
    </p>
   </div>
   <div class='ocr_carea' id='block_1_65' title="bbox 2217 3160 3876 3240">
    <p class='ocr_par' dir='ltr' id='par_1_65' title="bbox 2217 3160 3876 3240">
     <span class='ocr_line' id='line_1_65' title="bbox 2217 3160 3876 3240; baseline 0.006 -26"><span class='ocrx_word' id='word_1_412' title='bbox 2217 3160 2599 3216; x_wconf 83' lang='lat' dir='ltr'><strong><em>Constantino</em></strong></span> <span class='ocrx_word' id='word_1_413' title='bbox 2631 3166 2994 3235; x_wconf 83' lang='lat' dir='ltr'><strong><em>Copronymo</em></strong></span> <span class='ocrx_word' id='word_1_414' title='bbox 3035 3180 3136 3235; x_wconf 89' lang='lat' dir='ltr'><strong><em>pro</em></strong></span> <span class='ocrx_word' id='word_1_415' title='bbox 3169 3169 3505 3220; x_wconf 86' lang='lat' dir='ltr'><strong><em>sanctarum</em></strong></span> <span class='ocrx_word' id='word_1_416' title='bbox 3537 3166 3876 3240; x_wconf 83' lang='lat' dir='ltr'><strong><em>imaginum</em></strong></span> 
     </span>
    </p>
   </div>
   <div class='ocr_carea' id='block_1_66' title="bbox 455 3237 2109 3326">
    <p class='ocr_par' dir='ltr' id='par_1_66' title="bbox 455 3237 2098 3324">
     <span class='ocr_line' id='line_1_66' title="bbox 455 3237 2098 3324; baseline 0.001 -20"><span class='ocrx_word' id='word_1_417' title='bbox 455 3252 605 3324; x_wconf 80' lang='grc' dir='ltr'>ψιοῖς</span> <span class='ocrx_word' id='word_1_418' title='bbox 657 3254 753 3305; x_wconf 82' lang='grc' dir='ltr'><strong><em>τοῦ</em></strong></span> <span class='ocrx_word' id='word_1_419' title='bbox 801 3237 1144 3324; x_wconf 77' lang='grc' dir='ltr'>πατριάρχου</span> <span class='ocrx_word' id='word_1_420' title='bbox 1189 3252 1356 3322; x_wconf 86' lang='grc' dir='ltr'>κυροῦ</span> <span class='ocrx_word' id='word_1_421' title='bbox 1413 3246 1666 3323; x_wconf 75' lang='grc' dir='ltr'>Μιχαήλ.</span> <span class='ocrx_word' id='word_1_422' title='bbox 1701 3250 1904 3318; x_wconf 81' lang='lat' dir='ltr'><strong><em>Oratio,</em></strong></span> <span class='ocrx_word' id='word_1_423' title='bbox 1952 3264 2098 3320; x_wconf 73' lang='lat' dir='ltr'><strong><em>prae-</em></strong></span> 
     </span>
    </p>
   </div>
   <div class='ocr_carea' id='block_1_67' title="bbox 2224 3237 3878 3326">
    <p class='ocr_par' dir='ltr' id='par_1_67' title="bbox 2224 3237 3878 3326">
     <span class='ocr_line' id='line_1_67' title="bbox 2224 3237 3878 3326; baseline 0.006 -22"><span class='ocrx_word' id='word_1_424' title='bbox 2224 3249 2375 3304; x_wconf 76' lang='lat' dir='ltr'><strong><em>cultu</em></strong></span> <span class='ocrx_word' id='word_1_425' title='bbox 2409 3266 2542 3304; x_wconf 90' lang='lat' dir='ltr'><strong><em>cum</em></strong></span> <span class='ocrx_word' id='word_1_426' title='bbox 2592 3249 2723 3306; x_wconf 90' lang='lat' dir='ltr'><strong><em>aliis</em></strong></span> <span class='ocrx_word' id='word_1_427' title='bbox 2753 3251 2911 3307; x_wconf 88' lang='lat' dir='ltr'><strong><em>vario</em></strong></span> <span class='ocrx_word' id='word_1_428' title='bbox 2944 3253 3372 3324; x_wconf 84' lang='lat' dir='ltr'><strong><em>suppliciorum</em></strong></span> <span class='ocrx_word' id='word_1_429' title='bbox 3424 3269 3636 3326; x_wconf 84' lang='lat' dir='ltr'><strong><em>genere</em></strong></span> <span class='ocrx_word' id='word_1_430' title='bbox 3666 3237 3878 3314; x_wconf 33' lang='lat' dir='ltr'><strong><em>vvitam</em></strong></span> 
     </span>
    </p>
   </div>
   <div class='ocr_carea' id='block_1_68' title="bbox 455 3337 2108 3412">
    <p class='ocr_par' dir='ltr' id='par_1_68' title="bbox 455 3337 2108 3412">
     <span class='ocr_line' id='line_1_68' title="bbox 455 3337 2108 3412; baseline -0.001 -16"><span class='ocrx_word' id='word_1_431' title='bbox 455 3349 607 3412; x_wconf 86' lang='lat' dir='ltr'><strong><em>cepta</em></strong></span> <span class='ocrx_word' id='word_1_432' title='bbox 639 3341 906 3397; x_wconf 78' lang='lat' dir='ltr'><strong><em>amicitiae</em></strong></span> <span class='ocrx_word' id='word_1_433' title='bbox 934 3340 1157 3396; x_wconf 84' lang='lat' dir='ltr'><strong><em>tradens</em></strong></span> <span class='ocrx_word' id='word_1_434' title='bbox 1193 3339 1481 3410; x_wconf 83' lang='lat' dir='ltr'><strong><em>nepotibus</em></strong></span> <span class='ocrx_word' id='word_1_435' title='bbox 1523 3338 1864 3410; x_wconf 68' lang='lat' dir='ltr'><strong><em>patriarcha:</em></strong></span> <span class='ocrx_word' id='word_1_436' title='bbox 1895 3337 2108 3394; x_wconf 87' lang='lat' dir='ltr'><strong><em>domini</em></strong></span> 
     </span>
    </p>
   </div>
   <div class='ocr_carea' id='block_1_69' title="bbox 453 3423 2101 3500">
    <p class='ocr_par' dir='ltr' id='par_1_69' title="bbox 453 3423 2101 3500">
     <span class='ocr_line' id='line_1_69' title="bbox 453 3423 2101 3500; baseline -0.003 -16"><span class='ocrx_word' id='word_1_437' title='bbox 453 3429 752 3486; x_wconf 80' lang='lat' dir='ltr'><strong><em>Michaelis.</em></strong></span> <span class='ocrx_word' id='word_1_438' title='bbox 809 3434 867 3484; x_wconf 86' lang='lat' dir='ltr'><strong><em>P.</em></strong></span> <span class='ocrx_word' id='word_1_439' title='bbox 909 3426 1186 3484; x_wconf 84' lang='grc' dir='ltr'>Πολλάκις</span> <span class='ocrx_word' id='word_1_440' title='bbox 1235 3425 1511 3500; x_wconf 76' lang='grc' dir='ltr'>ἐθαύμασα</span> <span class='ocrx_word' id='word_1_441' title='bbox 1569 3425 1650 3480; x_wconf 76' lang='grc' dir='ltr'><strong><em>ὅτι</em></strong></span> <span class='ocrx_word' id='word_1_442' title='bbox 1715 3446 1780 3499; x_wconf 88' lang='grc' dir='ltr'><strong><em>με</em></strong></span> <span class='ocrx_word' id='word_1_443' title='bbox 1834 3429 1939 3480; x_wconf 78' lang='grc' dir='ltr'><strong><em>τῶν</em></strong></span> <span class='ocrx_word' id='word_1_444' title='bbox 2003 3423 2101 3480; x_wconf 85' lang='grc' dir='ltr'><strong><em>ἄλ-</em></strong></span> 
     </span>
    </p>
   </div>
   <div class='ocr_carea' id='block_1_70' title="bbox 454 3518 589 3576">
    <p class='ocr_par' dir='ltr' id='par_1_70' title="bbox 454 3518 589 3576">
     <span class='ocr_line' id='line_1_70' title="bbox 454 3518 589 3576; baseline 0 0"><span class='ocrx_word' id='word_1_445' title='bbox 454 3518 589 3576; x_wconf 88' lang='grc' dir='ltr'>λων.</span> 
     </span>
    </p>
   </div>
   <div class='ocr_carea' id='block_1_71' title="bbox 527 3606 2104 3684">
    <p class='ocr_par' dir='ltr' id='par_1_71' title="bbox 527 3606 2104 3684">
     <span class='ocr_line' id='line_1_71' title="bbox 527 3606 2104 3684; baseline -0.001 -20"><span class='ocrx_word' id='word_1_446' title='bbox 527 3609 668 3684; x_wconf 82' lang='grc' dir='ltr'>Πρὸς</span> <span class='ocrx_word' id='word_1_447' title='bbox 697 3609 787 3664; x_wconf 86' lang='grc' dir='ltr'>τὸν</span> <span class='ocrx_word' id='word_1_448' title='bbox 821 3608 1021 3664; x_wconf 82' lang='grc' dir='ltr'>οἰκεῖον</span> <span class='ocrx_word' id='word_1_449' title='bbox 1047 3606 1454 3683; x_wconf 84' lang='grc' dir='ltr'>Γραμματικόν.</span> <span class='ocrx_word' id='word_1_450' title='bbox 1491 3612 1556 3666; x_wconf 81' lang='grc' dir='ltr'><strong>1η</strong></span> <span class='ocrx_word' id='word_1_451' title='bbox 1583 3609 1884 3680; x_wconf 84' lang='lat' dir='ltr'><strong><em>praprium</em></strong></span> <span class='ocrx_word' id='word_1_452' title='bbox 1917 3607 2104 3663; x_wconf 87' lang='lat' dir='ltr'><strong><em>Gram-</em></strong></span> 
     </span>
    </p>
   </div>
   <div class='ocr_carea' id='block_1_72' title="bbox 449 3693 2098 3774">
    <p class='ocr_par' dir='ltr' id='par_1_72' title="bbox 449 3693 2098 3774">
     <span class='ocr_line' id='line_1_72' title="bbox 449 3693 2098 3774; baseline -0.004 -19"><span class='ocrx_word' id='word_1_453' title='bbox 449 3703 734 3757; x_wconf 84' lang='lat' dir='ltr'><strong><em>maticum.</em></strong></span> <span class='ocrx_word' id='word_1_454' title='bbox 769 3701 828 3772; x_wconf 87' lang='grc' dir='ltr'><strong><em>Ρ,</em></strong></span> <span class='ocrx_word' id='word_1_455' title='bbox 859 3698 1028 3774; x_wconf 52' lang='grc' dir='ltr'>[Υπὲρ</span> <span class='ocrx_word' id='word_1_456' title='bbox 1062 3702 1158 3752; x_wconf 88' lang='grc' dir='ltr'><strong><em>σοῦ</em></strong></span> <span class='ocrx_word' id='word_1_457' title='bbox 1188 3698 1323 3774; x_wconf 87' lang='grc' dir='ltr'>πρὸς</span> <span class='ocrx_word' id='word_1_458' title='bbox 1349 3695 1476 3758; x_wconf 76' lang='grc' dir='ltr'>τοὺς</span> <span class='ocrx_word' id='word_1_459' title='bbox 1513 3697 1648 3751; x_wconf 86' lang='grc' dir='ltr'><strong><em>κατά</em></strong></span> <span class='ocrx_word' id='word_1_460' title='bbox 1687 3699 1782 3750; x_wconf 86' lang='grc' dir='ltr'><strong><em>σοῦ</em></strong></span> <span class='ocrx_word' id='word_1_461' title='bbox 1811 3695 1902 3750; x_wconf 84' lang='grc' dir='ltr'>τὸν</span> <span class='ocrx_word' id='word_1_462' title='bbox 1937 3693 2098 3770; x_wconf 90' lang='grc' dir='ltr'>λόγον</span> 
     </span>
    </p>
   </div>
   <div class='ocr_carea' id='block_1_73' title="bbox 450 3787 781 3862">
    <p class='ocr_par' dir='ltr' id='par_1_73' title="bbox 450 3787 781 3862">
     <span class='ocr_line' id='line_1_73' title="bbox 450 3787 781 3862; baseline 0.009 -20"><span class='ocrx_word' id='word_1_463' title='bbox 450 3787 652 3859; x_wconf 82' lang='grc' dir='ltr'>πεποίη</span> <span class='ocrx_word' id='word_1_464' title='bbox 664 3809 781 3862; x_wconf 86' lang='grc' dir='ltr'>μαι.</span> 
     </span>
    </p>
   </div>
   <div class='ocr_carea' id='block_1_74' title="bbox 519 3871 2100 3952">
    <p class='ocr_par' dir='ltr' id='par_1_74' title="bbox 519 3871 2100 3952">
     <span class='ocr_line' id='line_1_74' title="bbox 519 3871 2100 3952; baseline -0.003 -18"><span class='ocrx_word' id='word_1_465' title='bbox 519 3877 741 3935; x_wconf 81' lang='lat' dir='ltr'><strong><em>LXVII.</em></strong></span> <span class='ocrx_word' id='word_1_466' title='bbox 809 3877 982 3952; x_wconf 83' lang='grc' dir='ltr'>Λόγος</span> <span class='ocrx_word' id='word_1_467' title='bbox 1042 3875 1122 3938; x_wconf 73' lang='grc' dir='ltr'><strong><em>εἷς</em></strong></span> <span class='ocrx_word' id='word_1_468' title='bbox 1184 3875 1284 3944; x_wconf 80' lang='grc' dir='ltr'>τὴν</span> <span class='ocrx_word' id='word_1_469' title='bbox 1348 3871 1683 3946; x_wconf 72' lang='grc' dir='ltr'>ἀνακομιδὴν</span> <span class='ocrx_word' id='word_1_470' title='bbox 1749 3877 1845 3929; x_wconf 90' lang='grc' dir='ltr'><strong><em>τοῦ</em></strong></span> <span class='ocrx_word' id='word_1_471' title='bbox 1912 3874 2100 3948; x_wconf 81' lang='grc' dir='ltr'>τιμίου</span> 
     </span>
    </p>
   </div>
   <div class='ocr_carea' id='block_1_75' title="bbox 445 3960 2098 4042">
    <p class='ocr_par' dir='ltr' id='par_1_75' title="bbox 445 3960 2098 4042">
     <span class='ocr_line' id='line_1_75' title="bbox 445 3960 2098 4042; baseline -0.002 -22"><span class='ocrx_word' id='word_1_472' title='bbox 445 3962 706 4040; x_wconf 81' lang='grc' dir='ltr'>λειψάνου</span> <span class='ocrx_word' id='word_1_473' title='bbox 754 3965 912 4042; x_wconf 82' lang='grc' dir='ltr'>ἁγίου</span> <span class='ocrx_word' id='word_1_474' title='bbox 951 3963 1422 4040; x_wconf 83' lang='grc' dir='ltr'>πρωτομάρτυρος</span> <span class='ocrx_word' id='word_1_475' title='bbox 1468 3965 1770 4040; x_wconf 77' lang='grc' dir='ltr'>Στεφάνου.</span> <span class='ocrx_word' id='word_1_476' title='bbox 1820 3960 2098 4026; x_wconf 81' lang='grc' dir='ltr'>Ἐκδοθεὶς</span> 
     </span>
    </p>
   </div>
   <div class='ocr_carea' id='block_1_76' title="bbox 443 4051 2099 4129">
    <p class='ocr_par' dir='ltr' id='par_1_76' title="bbox 443 4051 2099 4129">
     <span class='ocr_line' id='line_1_76' title="bbox 443 4051 2099 4129; baseline 0.001 -21"><span class='ocrx_word' id='word_1_477' title='bbox 443 4051 822 4129; x_wconf 73' lang='grc' dir='ltr'>αὒτοσχέδιος.</span> <span class='ocrx_word' id='word_1_478' title='bbox 859 4056 1044 4112; x_wconf 81' lang='lat' dir='ltr'><strong><em>Oratio</em></strong></span> <span class='ocrx_word' id='word_1_479' title='bbox 1087 4057 1147 4111; x_wconf 86' lang='lat' dir='ltr'><strong><em>in</em></strong></span> <span class='ocrx_word' id='word_1_480' title='bbox 1195 4055 1624 4110; x_wconf 85' lang='lat' dir='ltr'><strong><em>translationem</em></strong></span> <span class='ocrx_word' id='word_1_481' title='bbox 1651 4053 2099 4110; x_wconf 83' lang='lat' dir='ltr'><strong><em>vcnerandarum</em></strong></span> 
     </span>
    </p>
   </div>
   <div class='ocr_carea' id='block_1_77' title="bbox 442 4142 2098 4216">
    <p class='ocr_par' dir='ltr' id='par_1_77' title="bbox 442 4142 2098 4216">
     <span class='ocr_line' id='line_1_77' title="bbox 442 4142 2098 4216; baseline -0.001 -16"><span class='ocrx_word' id='word_1_482' title='bbox 442 4145 811 4216; x_wconf 86' lang='lat' dir='ltr'><strong><em>reliquiarum</em></strong></span> <span class='ocrx_word' id='word_1_483' title='bbox 869 4147 1045 4201; x_wconf 84' lang='lat' dir='ltr'><strong><em>sancti</em></strong></span> <span class='ocrx_word' id='word_1_484' title='bbox 1098 4144 1526 4215; x_wconf 84' lang='lat' dir='ltr'><strong><em>protomartyris</em></strong></span> <span class='ocrx_word' id='word_1_485' title='bbox 1576 4142 1887 4212; x_wconf 85' lang='lat' dir='ltr'><strong><em>Stephani;</em></strong></span> <span class='ocrx_word' id='word_1_486' title='bbox 1945 4144 2098 4198; x_wconf 85' lang='lat' dir='ltr'><strong><em>dicta</em></strong></span> 
     </span>
    </p>
   </div>
   <div class='ocr_carea' id='block_1_78' title="bbox 441 4230 2094 4306">
    <p class='ocr_par' dir='ltr' id='par_1_78' title="bbox 441 4230 2094 4306">
     <span class='ocr_line' id='line_1_78' title="bbox 441 4230 2094 4306; baseline -0.002 -18"><span class='ocrx_word' id='word_1_487' title='bbox 441 4249 514 4288; x_wconf 70' lang='lat' dir='ltr'><strong><em>ex</em></strong></span> <span class='ocrx_word' id='word_1_488' title='bbox 553 4235 875 4305; x_wconf 89' lang='lat' dir='ltr'><strong><em>improviso,</em></strong></span> <span class='ocrx_word' id='word_1_489' title='bbox 910 4235 970 4288; x_wconf 90' lang='lat' dir='ltr'><strong><em>P.</em></strong></span> <span class='ocrx_word' id='word_1_490' title='bbox 1003 4233 1067 4289; x_wconf 81' lang='grc' dir='ltr'>Ὀ</span> <span class='ocrx_word' id='word_1_491' title='bbox 1112 4233 1308 4306; x_wconf 84' lang='grc' dir='ltr'>Κύριος</span> <span class='ocrx_word' id='word_1_492' title='bbox 1348 4231 1510 4302; x_wconf 77' lang='grc' dir='ltr'>ἡμῶν</span> <span class='ocrx_word' id='word_1_493' title='bbox 1543 4230 1751 4298; x_wconf 86' lang='grc' dir='ltr'>Ἰησοῦς</span> <span class='ocrx_word' id='word_1_494' title='bbox 1799 4230 2039 4303; x_wconf 87' lang='grc' dir='ltr'>Χριστὸς</span> <span class='ocrx_word' id='word_1_495' title='bbox 2067 4230 2094 4284; x_wconf 87' lang='grc' dir='ltr'>ὁ</span> 
     </span>
    </p>
   </div>
   <div class='ocr_carea' id='block_1_79' title="bbox 441 4318 1443 4396">
    <p class='ocr_par' dir='ltr' id='par_1_79' title="bbox 441 4318 1443 4396">
     <span class='ocr_line' id='line_1_79' title="bbox 441 4318 1443 4396; baseline -0.002 -21"><span class='ocrx_word' id='word_1_496' title='bbox 441 4321 627 4396; x_wconf 73' lang='grc' dir='ltr'>Πατὴρ</span> <span class='ocrx_word' id='word_1_497' title='bbox 661 4323 873 4376; x_wconf 82' lang='grc' dir='ltr'>πάντων</span> <span class='ocrx_word' id='word_1_498' title='bbox 905 4319 1012 4374; x_wconf 81' lang='grc' dir='ltr'>τῶν</span> <span class='ocrx_word' id='word_1_499' title='bbox 1046 4318 1443 4392; x_wconf 76' lang='grc' dir='ltr'>ἐλπιζομένων.</span> 
     </span>
    </p>
   </div>
   <div class='ocr_carea' id='block_1_80' title="bbox 513 4405 2089 4486">
    <p class='ocr_par' dir='ltr' id='par_1_80' title="bbox 513 4405 2089 4486">
     <span class='ocr_line' id='line_1_80' title="bbox 513 4405 2089 4486; baseline -0.001 -22"><span class='ocrx_word' id='word_1_500' title='bbox 513 4408 686 4486; x_wconf 83' lang='grc' dir='ltr'>Λόγος</span> <span class='ocrx_word' id='word_1_501' title='bbox 743 4408 832 4463; x_wconf 73' lang='grc' dir='ltr'><strong><em>ἐπὶ</em></strong></span> <span class='ocrx_word' id='word_1_502' title='bbox 886 4414 966 4482; x_wconf 82' lang='grc' dir='ltr'>τῷ</span> <span class='ocrx_word' id='word_1_503' title='bbox 1025 4407 1075 4463; x_wconf 81' lang='grc' dir='ltr'>ἐν</span> <span class='ocrx_word' id='word_1_504' title='bbox 1139 4406 1482 4482; x_wconf 78' lang='grc' dir='ltr'>Βλαχὲρναις</span> <span class='ocrx_word' id='word_1_505' title='bbox 1535 4405 1780 4482; x_wconf 85' lang='grc' dir='ltr'>γεγονότι</span> <span class='ocrx_word' id='word_1_506' title='bbox 1835 4406 2089 4481; x_wconf 81' lang='grc' dir='ltr'>θαύματι.</span> 
     </span>
    </p>
   </div>
   <div class='ocr_carea' id='block_1_81' title="bbox 439 4498 2090 4568">
    <p class='ocr_par' dir='ltr' id='par_1_81' title="bbox 439 4498 2090 4568">
     <span class='ocr_line' id='line_1_81' title="bbox 439 4498 2090 4568; baseline -0.002 -11"><span class='ocrx_word' id='word_1_507' title='bbox 439 4503 504 4557; x_wconf 83' lang='lat' dir='ltr'><strong><em>In</em></strong></span> <span class='ocrx_word' id='word_1_508' title='bbox 531 4501 871 4556; x_wconf 88' lang='lat' dir='ltr'><strong><em>miraculum</em></strong></span> <span class='ocrx_word' id='word_1_509' title='bbox 902 4503 960 4555; x_wconf 85' lang='lat' dir='ltr'><strong><em>in</em></strong></span> <span class='ocrx_word' id='word_1_510' title='bbox 999 4500 1320 4555; x_wconf 83' lang='lat' dir='ltr'><strong><em>Blachernis</em></strong></span> <span class='ocrx_word' id='word_1_511' title='bbox 1371 4501 1670 4568; x_wconf 81' lang='lat' dir='ltr'><strong><em>patratum,</em></strong></span> <span class='ocrx_word' id='word_1_512' title='bbox 1703 4498 1888 4554; x_wconf 83' lang='lat' dir='ltr'><strong><em>Oratio</em></strong></span> <span class='ocrx_word' id='word_1_513' title='bbox 1920 4499 1978 4554; x_wconf 89' lang='lat' dir='ltr'><strong><em>P.</em></strong></span> <span class='ocrx_word' id='word_1_514' title='bbox 2013 4499 2090 4555; x_wconf 72' lang='lat'><strong><em>0-5</em></strong></span> 
     </span>
    </p>
   </div>
   <div class='ocr_carea' id='block_1_82' title="bbox 440 4583 1636 4659">
    <p class='ocr_par' dir='ltr' id='par_1_82' title="bbox 440 4583 1636 4659">
     <span class='ocr_line' id='line_1_82' title="bbox 440 4583 1636 4659; baseline -0.002 -17"><span class='ocrx_word' id='word_1_515' title='bbox 440 4585 726 4643; x_wconf 81' lang='grc' dir='ltr'>πολιτικὸν</span> <span class='ocrx_word' id='word_1_516' title='bbox 757 4592 855 4642; x_wconf 85' lang='grc' dir='ltr'><strong><em>τοῦ</em></strong></span> <span class='ocrx_word' id='word_1_517' title='bbox 884 4585 1175 4642; x_wconf 81' lang='grc' dir='ltr'>πολιτικοῦ</span> <span class='ocrx_word' id='word_1_518' title='bbox 1208 4585 1521 4659; x_wconf 63' lang='grc' dir='ltr'>ζητήματος</span> <span class='ocrx_word' id='word_1_519' title='bbox 1551 4583 1636 4640; x_wconf 90' lang='grc' dir='ltr'><strong><em>τό.</em></strong></span> 
     </span>
    </p>
   </div>
   <div class='ocr_carea' id='block_1_83' title="bbox 505 4673 2087 4750">
    <p class='ocr_par' dir='ltr' id='par_1_83' title="bbox 505 4673 2087 4750">
     <span class='ocr_line' id='line_1_83' title="bbox 505 4673 2087 4750; baseline -0.001 -17"><span class='ocrx_word' id='word_1_520' title='bbox 505 4677 621 4750; x_wconf 82' lang='grc'><strong><em>[47]</em></strong></span> <span class='ocrx_word' id='word_1_521' title='bbox 654 4677 750 4739; x_wconf 85' lang='grc' dir='ltr'><strong><em>Εἷς</em></strong></span> <span class='ocrx_word' id='word_1_522' title='bbox 796 4677 862 4731; x_wconf 82' lang='grc' dir='ltr'><strong><em>τὰ</em></strong></span> <span class='ocrx_word' id='word_1_523' title='bbox 917 4677 1162 4749; x_wconf 80' lang='grc' dir='ltr'>θαύματα</span> <span class='ocrx_word' id='word_1_524' title='bbox 1208 4679 1304 4729; x_wconf 87' lang='grc' dir='ltr'><strong><em>τοῦ</em></strong></span> <span class='ocrx_word' id='word_1_525' title='bbox 1354 4674 1797 4749; x_wconf 70' lang='grc' dir='ltr'>ἀρχιστρατήγου</span> <span class='ocrx_word' id='word_1_526' title='bbox 1837 4673 2087 4749; x_wconf 75' lang='grc' dir='ltr'>Μιχάήλ.</span> 
     </span>
    </p>
   </div>
   <div class='ocr_carea' id='block_1_84' title="bbox 437 4763 2095 4838">
    <p class='ocr_par' dir='ltr' id='par_1_84' title="bbox 437 4763 2095 4838">
     <span class='ocr_line' id='line_1_84' title="bbox 437 4763 2095 4838; baseline -0.004 -14"><span class='ocrx_word' id='word_1_527' title='bbox 437 4772 502 4824; x_wconf 85' lang='lat' dir='ltr'><strong><em>In</em></strong></span> <span class='ocrx_word' id='word_1_528' title='bbox 530 4769 808 4822; x_wconf 85' lang='lat' dir='ltr'><strong><em>miracula</em></strong></span> <span class='ocrx_word' id='word_1_529' title='bbox 853 4768 1080 4825; x_wconf 70' lang='lat' dir='ltr'><strong><em>militiae</em></strong></span> <span class='ocrx_word' id='word_1_530' title='bbox 1125 4767 1394 4838; x_wconf 84' lang='lat' dir='ltr'><strong><em>principis</em></strong></span> <span class='ocrx_word' id='word_1_531' title='bbox 1443 4763 1747 4821; x_wconf 86' lang='lat' dir='ltr'><strong><em>Michaelis.</em></strong></span> <span class='ocrx_word' id='word_1_532' title='bbox 1782 4769 1842 4820; x_wconf 90' lang='lat' dir='ltr'><strong><em>P.</em></strong></span> <span class='ocrx_word' id='word_1_533' title='bbox 1879 4765 2095 4828; x_wconf 81' lang='grc' dir='ltr'>Σκοπὸς</span> 
     </span>
    </p>
   </div>
   <div class='ocr_carea' id='block_1_85' title="bbox 442 4851 1590 4930">
    <p class='ocr_par' dir='ltr' id='par_1_85' title="bbox 442 4851 1590 4930">
     <span class='ocr_line' id='line_1_85' title="bbox 442 4851 1590 4930; baseline -0.001 -21"><span class='ocrx_word' id='word_1_534' title='bbox 442 4855 536 4928; x_wconf 64' lang='grc' dir='ltr'>μὲν</span> <span class='ocrx_word' id='word_1_535' title='bbox 569 4855 660 4910; x_wconf 81' lang='grc' dir='ltr'><strong><em>καὶ</em></strong></span> <span class='ocrx_word' id='word_1_536' title='bbox 691 4851 852 4917; x_wconf 78' lang='grc' dir='ltr'>τέλος</span> <span class='ocrx_word' id='word_1_537' title='bbox 880 4854 1231 4930; x_wconf 73' lang='grc' dir='ltr'>ἐναγυμένοις</span> <span class='ocrx_word' id='word_1_538' title='bbox 1263 4855 1401 4927; x_wconf 81' lang='grc' dir='ltr'>ἡμῖν</span> <span class='ocrx_word' id='word_1_539' title='bbox 1433 4853 1590 4928; x_wconf 89' lang='grc' dir='ltr'>πρός.</span> 
     </span>
    </p>
   </div>
   <div class='ocr_carea' id='block_1_86' title="bbox 505 4941 2088 5018">
    <p class='ocr_par' dir='ltr' id='par_1_86' title="bbox 505 4941 2088 5018">
     <span class='ocr_line' id='line_1_86' title="bbox 505 4941 2088 5018; baseline -0.003 -17"><span class='ocrx_word' id='word_1_540' title='bbox 505 4945 600 5006; x_wconf 84' lang='grc' dir='ltr'><strong><em>Εἷς</em></strong></span> <span class='ocrx_word' id='word_1_541' title='bbox 649 4945 750 5013; x_wconf 82' lang='grc' dir='ltr'><strong><em>τήν</em></strong></span> <span class='ocrx_word' id='word_1_542' title='bbox 814 4943 1060 5018; x_wconf 73' lang='grc' dir='ltr'>μεγάλην</span> <span class='ocrx_word' id='word_1_543' title='bbox 1120 4943 1420 5016; x_wconf 79' lang='grc' dir='ltr'>Κυριακήν,</span> <span class='ocrx_word' id='word_1_544' title='bbox 1494 4942 1686 5015; x_wconf 72' lang='grc' dir='ltr'>ἑορτὴν</span> <span class='ocrx_word' id='word_1_545' title='bbox 1754 4945 1852 5010; x_wconf 72' lang='grc' dir='ltr'>τῆς</span> <span class='ocrx_word' id='word_1_546' title='bbox 1932 4941 2088 5018; x_wconf 82' lang='grc' dir='ltr'>ἁγίας</span> 
     </span>
    </p>
   </div>
   <div class='ocr_carea' id='block_1_87' title="bbox 433 5030 2091 5108">
    <p class='ocr_par' dir='ltr' id='par_1_87' title="bbox 433 5030 2091 5108">
     <span class='ocr_line' id='line_1_87' title="bbox 433 5030 2091 5108; baseline -0.001 -19"><span class='ocrx_word' id='word_1_547' title='bbox 433 5033 691 5108; x_wconf 83' lang='grc' dir='ltr'>Ἀγάθης,</span> <span class='ocrx_word' id='word_1_548' title='bbox 725 5032 817 5087; x_wconf 80' lang='grc' dir='ltr'><strong><em>καὶ</em></strong></span> <span class='ocrx_word' id='word_1_549' title='bbox 862 5032 939 5095; x_wconf 73' lang='grc' dir='ltr'>εἷς</span> <span class='ocrx_word' id='word_1_550' title='bbox 993 5032 1090 5094; x_wconf 73' lang='grc' dir='ltr'><strong><em>τὰς</em></strong></span> <span class='ocrx_word' id='word_1_551' title='bbox 1142 5030 1441 5105; x_wconf 75' lang='grc' dir='ltr'>μαθητρίας</span> <span class='ocrx_word' id='word_1_552' title='bbox 1493 5031 1680 5096; x_wconf 69' lang='grc' dir='ltr'>αὐτῆς.</span> <span class='ocrx_word' id='word_1_553' title='bbox 1715 5032 1775 5086; x_wconf 84' lang='grc' dir='ltr'><strong>1η</strong></span> <span class='ocrx_word' id='word_1_554' title='bbox 1824 5049 2091 5103; x_wconf 86' lang='lat' dir='ltr'><strong><em>magnam</em></strong></span> 
     </span>
    </p>
   </div>
   <div class='ocr_carea' id='block_1_88' title="bbox 435 5121 2088 5196">
    <p class='ocr_par' dir='ltr' id='par_1_88' title="bbox 435 5121 2088 5196">
     <span class='ocr_line' id='line_1_88' title="bbox 435 5121 2088 5196; baseline -0.002 -17"><span class='ocrx_word' id='word_1_555' title='bbox 435 5125 795 5192; x_wconf 84' lang='lat' dir='ltr'><strong><em>Dominicam,</em></strong></span> <span class='ocrx_word' id='word_1_556' title='bbox 837 5125 983 5181; x_wconf 86' lang='lat' dir='ltr'><strong><em>diem</em></strong></span> <span class='ocrx_word' id='word_1_557' title='bbox 1032 5126 1232 5196; x_wconf 79' lang='lat' dir='ltr'><strong><em>festum</em></strong></span> <span class='ocrx_word' id='word_1_558' title='bbox 1275 5123 1333 5177; x_wconf 65' lang='grc' dir='ltr'>ὅ.</span> <span class='ocrx_word' id='word_1_559' title='bbox 1366 5121 1628 5194; x_wconf 67' lang='lat' dir='ltr'><strong><em>Agathae;</em></strong></span> <span class='ocrx_word' id='word_1_560' title='bbox 1683 5123 1742 5176; x_wconf 88' lang='lat' dir='ltr'><strong><em>in</em></strong></span> <span class='ocrx_word' id='word_1_561' title='bbox 1790 5121 2088 5194; x_wconf 86' lang='lat' dir='ltr'><strong><em>discipulas</em></strong></span> 
     </span>
    </p>
   </div>
   <div class='ocr_carea' id='block_1_89' title="bbox 432 5210 1681 5284">
    <p class='ocr_par' dir='ltr' id='par_1_89' title="bbox 432 5210 1681 5284">
     <span class='ocr_line' id='line_1_89' title="bbox 432 5210 1681 5284; baseline -0.004 -16"><span class='ocrx_word' id='word_1_562' title='bbox 432 5214 609 5269; x_wconf 85' lang='lat' dir='ltr'><strong><em>illius.</em></strong></span> <span class='ocrx_word' id='word_1_563' title='bbox 643 5214 704 5269; x_wconf 89' lang='lat' dir='ltr'><strong><em>P.</em></strong></span> <span class='ocrx_word' id='word_1_564' title='bbox 738 5211 811 5268; x_wconf 79' lang='grc' dir='ltr'><strong><em>Οὗ</em></strong></span> <span class='ocrx_word' id='word_1_565' title='bbox 837 5213 904 5268; x_wconf 73' lang='grc' dir='ltr'><strong><em>τὰ</em></strong></span> <span class='ocrx_word' id='word_1_566' title='bbox 933 5210 1202 5267; x_wconf 79' lang='grc' dir='ltr'>σπουδαῖα</span> <span class='ocrx_word' id='word_1_567' title='bbox 1237 5210 1402 5284; x_wconf 90' lang='grc' dir='ltr'>μόνον</span> <span class='ocrx_word' id='word_1_568' title='bbox 1429 5211 1681 5284; x_wconf 74' lang='grc' dir='ltr'>αἱρεῖται.</span> 
     </span>
    </p>
   </div>
   <div class='ocr_carea' id='block_1_90' title="bbox 501 5296 2086 5378">
    <p class='ocr_par' dir='ltr' id='par_1_90' title="bbox 501 5296 2086 5378">
     <span class='ocr_line' id='line_1_90' title="bbox 501 5296 2086 5378; baseline -0.001 -21"><span class='ocrx_word' id='word_1_569' title='bbox 501 5300 628 5364; x_wconf 88' lang='grc' dir='ltr'>Βίος</span> <span class='ocrx_word' id='word_1_570' title='bbox 682 5305 779 5356; x_wconf 84' lang='grc' dir='ltr'><strong><em>τοῦ</em></strong></span> <span class='ocrx_word' id='word_1_571' title='bbox 838 5299 987 5356; x_wconf 83' lang='grc' dir='ltr'>ὁσίου</span> <span class='ocrx_word' id='word_1_572' title='bbox 1043 5301 1251 5378; x_wconf 75' lang='grc' dir='ltr'>Ματρὸς</span> <span class='ocrx_word' id='word_1_573' title='bbox 1289 5296 1574 5370; x_wconf 82' lang='grc' dir='ltr'>Αὐξεντίου</span> <span class='ocrx_word' id='word_1_574' title='bbox 1624 5301 1742 5357; x_wconf 77' lang='lat' dir='ltr'><strong><em>Vita</em></strong></span> <span class='ocrx_word' id='word_1_575' title='bbox 1791 5299 1844 5356; x_wconf 85' lang='lat' dir='ltr'><strong><em>S.</em></strong></span> <span class='ocrx_word' id='word_1_576' title='bbox 1898 5302 2086 5356; x_wconf 81' lang='lat' dir='ltr'><strong><em>Patris</em></strong></span> 
     </span>
    </p>
   </div>
   <div class='ocr_carea' id='block_1_91' title="bbox 2212 3339 2438 3395">
    <p class='ocr_par' dir='ltr' id='par_1_91' title="bbox 2212 3339 2438 3395">
     <span class='ocr_line' id='line_1_91' title="bbox 2212 3339 2438 3395; baseline 0.009 -3"><span class='ocrx_word' id='word_1_577' title='bbox 2212 3339 2438 3395; x_wconf 77' lang='lat' dir='ltr'><strong><em>eli&#39;udit.</em></strong></span> 
     </span>
    </p>
   </div>
   <div class='ocr_carea' id='block_1_92' title="bbox 2283 3425 3878 3503">
    <p class='ocr_par' dir='ltr' id='par_1_92' title="bbox 2283 3425 3878 3503">
     <span class='ocr_line' id='line_1_92' title="bbox 2283 3425 3878 3503; baseline 0.008 -24"><span class='ocrx_word' id='word_1_578' title='bbox 2283 3425 2592 3500; x_wconf 77' lang='grc' dir='ltr'>Αἰνίγματα</span> <span class='ocrx_word' id='word_1_579' title='bbox 2631 3427 2766 3502; x_wconf 86' lang='grc' dir='ltr'>πρὸς</span> <span class='ocrx_word' id='word_1_580' title='bbox 2805 3428 3039 3503; x_wconf 76' lang='grc' dir='ltr'>Μιχαὴλ</span> <span class='ocrx_word' id='word_1_581' title='bbox 3067 3428 3159 3483; x_wconf 69' lang='grc' dir='ltr'>τὸν</span> <span class='ocrx_word' id='word_1_582' title='bbox 3194 3435 3400 3484; x_wconf 77' lang='grc' dir='ltr'>Δουκᾶν</span> <span class='ocrx_word' id='word_1_583' title='bbox 3427 3433 3508 3488; x_wconf 78' lang='lat' dir='ltr'><strong><em>Ad</em></strong></span> <span class='ocrx_word' id='word_1_584' title='bbox 3545 3434 3878 3490; x_wconf 78' lang='lat' dir='ltr'><strong><em>Michaelem</em></strong></span> 
     </span>
    </p>
   </div>
   <div class='ocr_carea' id='block_1_93' title="bbox 2209 3517 3882 3591">
    <p class='ocr_par' dir='ltr' id='par_1_93' title="bbox 2209 3517 3882 3591">
     <span class='ocr_line' id='line_1_93' title="bbox 2209 3517 3882 3591; baseline 0.005 -19"><span class='ocrx_word' id='word_1_585' title='bbox 2209 3517 2414 3572; x_wconf 89' lang='lat' dir='ltr'><strong><em>Ducam</em></strong></span> <span class='ocrx_word' id='word_1_586' title='bbox 2461 3518 2803 3586; x_wconf 65' lang='lat' dir='ltr'><strong><em>Enigmata,</em></strong></span> <span class='ocrx_word' id='word_1_587' title='bbox 2853 3519 3122 3575; x_wconf 84' lang='lat' dir='ltr'><strong><em>versibus</em></strong></span> <span class='ocrx_word' id='word_1_588' title='bbox 3181 3519 3434 3591; x_wconf 88' lang='lat' dir='ltr'><strong><em>politicis</em></strong></span> <span class='ocrx_word' id='word_1_589' title='bbox 3485 3527 3544 3577; x_wconf 86' lang='lat' dir='ltr'><strong><em>et</em></strong></span> <span class='ocrx_word' id='word_1_590' title='bbox 3597 3523 3882 3580; x_wconf 83' lang='lat' dir='ltr'><strong><em>iambicia</em></strong></span> 
     </span>
    </p>
   </div>
   <div class='ocr_carea' id='block_1_94' title="bbox 2210 3607 3878 3678">
    <p class='ocr_par' dir='ltr' id='par_1_94' title="bbox 2210 3607 3878 3678">
     <span class='ocr_line' id='line_1_94' title="bbox 2210 3607 3878 3678; baseline 0.005 -17"><span class='ocrx_word' id='word_1_591' title='bbox 2210 3607 2554 3677; x_wconf 87' lang='lat' dir='ltr'><strong><em>composita,</em></strong></span> <span class='ocrx_word' id='word_1_592' title='bbox 2604 3608 2760 3678; x_wconf 88' lang='lat' dir='ltr'><strong><em>apud</em></strong></span> <span class='ocrx_word' id='word_1_593' title='bbox 2813 3623 2906 3662; x_wconf 90' lang='lat' dir='ltr'><strong><em>me</em></strong></span> <span class='ocrx_word' id='word_1_594' title='bbox 2945 3612 3089 3663; x_wconf 89' lang='lat' dir='ltr'><strong><em>sunt</em></strong></span> <span class='ocrx_word' id='word_1_595' title='bbox 3138 3624 3302 3664; x_wconf 84' lang='lat' dir='ltr'><strong><em>num.</em></strong></span> <span class='ocrx_word' id='word_1_596' title='bbox 3353 3610 3494 3678; x_wconf 86' lang='lat' dir='ltr'><strong><em>XLI,</em></strong></span> <span class='ocrx_word' id='word_1_597' title='bbox 3543 3611 3745 3666; x_wconf 90' lang='lat' dir='ltr'><strong><em>nescio</em></strong></span> <span class='ocrx_word' id='word_1_598' title='bbox 3797 3630 3878 3669; x_wconf 82' lang='lat' dir='ltr'><strong><em>an</em></strong></span> 
     </span>
    </p>
   </div>
   <div class='ocr_carea' id='block_1_95' title="bbox 2210 3693 3878 3772">
    <p class='ocr_par' dir='ltr' id='par_1_95' title="bbox 2210 3693 3878 3772">
     <span class='ocr_line' id='line_1_95' title="bbox 2210 3693 3878 3772; baseline 0.002 -22"><span class='ocrx_word' id='word_1_599' title='bbox 2210 3696 2430 3764; x_wconf 89' lang='lat' dir='ltr'><strong><em>omnia,</em></strong></span> <span class='ocrx_word' id='word_1_600' title='bbox 2481 3695 2544 3750; x_wconf 90' lang='lat' dir='ltr'><strong><em>P.</em></strong></span> <span class='ocrx_word' id='word_1_601' title='bbox 2587 3695 2736 3749; x_wconf 84' lang='grc' dir='ltr'>Ἐστι</span> <span class='ocrx_word' id='word_1_602' title='bbox 2785 3716 2836 3749; x_wconf 90' lang='grc' dir='ltr'><strong><em>τι</em></strong></span> <span class='ocrx_word' id='word_1_603' title='bbox 2891 3699 3026 3764; x_wconf 84' lang='grc' dir='ltr'>ζῶον</span> <span class='ocrx_word' id='word_1_604' title='bbox 3089 3693 3330 3770; x_wconf 85' lang='grc' dir='ltr'>λογικὸν,</span> <span class='ocrx_word' id='word_1_605' title='bbox 3383 3693 3616 3752; x_wconf 68' lang='grc' dir='ltr'>δέσποτα</span> <span class='ocrx_word' id='word_1_606' title='bbox 3667 3719 3878 3772; x_wconf 69' lang='grc' dir='ltr'>στίφη-</span> 
     </span>
    </p>
   </div>
   <div class='ocr_carea' id='block_1_96' title="bbox 2210 3783 2361 3862">
    <p class='ocr_par' dir='ltr' id='par_1_96' title="bbox 2210 3783 2361 3862">
     <span class='ocr_line' id='line_1_96' title="bbox 2210 3783 2361 3862; baseline 0.02 -26"><span class='ocrx_word' id='word_1_607' title='bbox 2210 3783 2361 3862; x_wconf 78' lang='grc' dir='ltr'>φόρε.</span> 
     </span>
    </p>
   </div>
   <div class='ocr_carea' id='block_1_97' title="bbox 2279 3870 3874 3955">
    <p class='ocr_par' dir='ltr' id='par_1_97' title="bbox 2279 3870 3874 3955">
     <span class='ocr_line' id='line_1_97' title="bbox 2279 3870 3874 3955; baseline 0.005 -28"><span class='ocrx_word' id='word_1_608' title='bbox 2279 3875 2387 3946; x_wconf 79' lang='grc'><strong><em>[48]</em></strong></span> <span class='ocrx_word' id='word_1_609' title='bbox 2435 3870 2772 3955; x_wconf 79' lang='grc' dir='ltr'>Ἐπιστολαί,</span> <span class='ocrx_word' id='word_1_610' title='bbox 2835 3873 3111 3945; x_wconf 75' lang='lat' dir='ltr'><strong><em>Epistolar,</em></strong></span> <span class='ocrx_word' id='word_1_611' title='bbox 3171 3875 3404 3932; x_wconf 86' lang='lat' dir='ltr'><strong><em>circiter</em></strong></span> <span class='ocrx_word' id='word_1_612' title='bbox 3457 3877 3546 3944; x_wconf 90' lang='lat'><strong><em>33,</em></strong></span> <span class='ocrx_word' id='word_1_613' title='bbox 3607 3894 3874 3949; x_wconf 87' lang='lat' dir='ltr'><strong><em>quarum</em></strong></span> 
     </span>
    </p>
   </div>
   <div class='ocr_carea' id='block_1_98' title="bbox 2208 3962 3874 4040">
    <p class='ocr_par' dir='ltr' id='par_1_98' title="bbox 2208 3962 3874 4040">
     <span class='ocr_line' id='line_1_98' title="bbox 2208 3962 3874 4040; baseline 0.002 -22"><span class='ocrx_word' id='word_1_614' title='bbox 2208 3965 2400 4036; x_wconf 83' lang='lat' dir='ltr'><strong><em>prima</em></strong></span> <span class='ocrx_word' id='word_1_615' title='bbox 2447 3964 2656 4036; x_wconf 73' lang='lat' dir='ltr'><strong><em>incipit</em></strong></span> <span class='ocrx_word' id='word_1_616' title='bbox 2689 3981 2701 4019; x_wconf 89' lang='lat'><strong>:</strong></span> <span class='ocrx_word' id='word_1_617' title='bbox 2734 3962 2796 4018; x_wconf 92' lang='grc' dir='ltr'>Ὁ</span> <span class='ocrx_word' id='word_1_618' title='bbox 2851 3964 3079 4038; x_wconf 83' lang='grc' dir='ltr'>πτωχὸς</span> <span class='ocrx_word' id='word_1_619' title='bbox 3135 3963 3296 4027; x_wconf 76' lang='grc' dir='ltr'>οὗτος</span> <span class='ocrx_word' id='word_1_620' title='bbox 3349 3965 3695 4038; x_wconf 76' lang='grc' dir='ltr'>ἧγαπημένε,</span> <span class='ocrx_word' id='word_1_621' title='bbox 3745 3989 3874 4040; x_wconf 79' lang='grc' dir='ltr'>μοι,</span> 
     </span>
    </p>
   </div>
   <div class='ocr_carea' id='block_1_99' title="bbox 2205 4051 3878 4126">
    <p class='ocr_par' dir='ltr' id='par_1_99' title="bbox 2205 4051 3878 4126">
     <span class='ocr_line' id='line_1_99' title="bbox 2205 4051 3878 4126; baseline 0.004 -20"><span class='ocrx_word' id='word_1_622' title='bbox 2205 4051 2407 4126; x_wconf 78' lang='grc' dir='ltr'>ἀνεψιέ.</span> <span class='ocrx_word' id='word_1_623' title='bbox 2441 4057 2549 4109; x_wconf 89' lang='lat' dir='ltr'><strong><em>Eas</em></strong></span> <span class='ocrx_word' id='word_1_624' title='bbox 2595 4057 2926 4125; x_wconf 87' lang='lat' dir='ltr'><strong><em>sequuntur</em></strong></span> <span class='ocrx_word' id='word_1_625' title='bbox 2983 4053 3252 4109; x_wconf 88' lang='lat' dir='ltr'><strong><em>nonnulli</em></strong></span> <span class='ocrx_word' id='word_1_626' title='bbox 3303 4055 3506 4120; x_wconf 81' lang='lat' dir='ltr'><strong><em>iambi,</em></strong></span> <span class='ocrx_word' id='word_1_627' title='bbox 3539 4073 3675 4112; x_wconf 88' lang='lat' dir='ltr'><strong><em>cum</em></strong></span> <span class='ocrx_word' id='word_1_628' title='bbox 3729 4057 3878 4114; x_wconf 87' lang='lat' dir='ltr'><strong><em>aliis</em></strong></span> 
     </span>
    </p>
   </div>
   <div class='ocr_carea' id='block_1_100' title="bbox 2205 4142 3876 4216">
    <p class='ocr_par' dir='ltr' id='par_1_100' title="bbox 2205 4142 3876 4216">
     <span class='ocr_line' id='line_1_100' title="bbox 2205 4142 3876 4216; baseline 0.003 -18"><span class='ocrx_word' id='word_1_629' title='bbox 2205 4143 2338 4216; x_wconf 85' lang='lat' dir='ltr'><strong><em>styli</em></strong></span> <span class='ocrx_word' id='word_1_630' title='bbox 2370 4143 2725 4198; x_wconf 82' lang='lat' dir='ltr'><strong><em>exercitandi</em></strong></span> <span class='ocrx_word' id='word_1_631' title='bbox 2756 4142 2947 4214; x_wconf 81' lang='lat' dir='ltr'><strong><em>gratia</em></strong></span> <span class='ocrx_word' id='word_1_632' title='bbox 2977 4143 3350 4214; x_wconf 81' lang='lat' dir='ltr'><strong><em>conscriptis.</em></strong></span> <span class='ocrx_word' id='word_1_633' title='bbox 3373 4143 3547 4200; x_wconf 88' lang='lat' dir='ltr'><strong><em>Pselli</em></strong></span> <span class='ocrx_word' id='word_1_634' title='bbox 3571 4145 3876 4216; x_wconf 81' lang='lat' dir='ltr'><strong><em>Epistolas</em></strong></span> 
     </span>
    </p>
   </div>
   <div class='ocr_carea' id='block_1_101' title="bbox 2203 4231 3875 4292">
    <p class='ocr_par' dir='ltr' id='par_1_101' title="bbox 2203 4231 3875 4292">
     <span class='ocr_line' id='line_1_101' title="bbox 2203 4231 3875 4292; baseline 0.003 -6"><span class='ocrx_word' id='word_1_635' title='bbox 2203 4232 2264 4287; x_wconf 89' lang='lat' dir='ltr'><strong><em>in</em></strong></span> <span class='ocrx_word' id='word_1_636' title='bbox 2315 4231 2663 4288; x_wconf 83' lang='lat' dir='ltr'><strong><em>bibliotheca</em></strong></span> <span class='ocrx_word' id='word_1_637' title='bbox 2713 4231 2986 4287; x_wconf 87' lang='lat' dir='ltr'><strong><em>Bavarica</em></strong></span> <span class='ocrx_word' id='word_1_638' title='bbox 3036 4233 3322 4288; x_wconf 79' lang='lat' dir='ltr'><strong><em>asservari</em></strong></span> <span class='ocrx_word' id='word_1_639' title='bbox 3357 4233 3493 4289; x_wconf 73' lang='lat' dir='ltr'><strong><em>Cod.</em></strong></span> <span class='ocrx_word' id='word_1_640' title='bbox 3529 4235 3634 4288; x_wconf 88' lang='grc'><strong><em>165</em></strong></span> <span class='ocrx_word' id='word_1_641' title='bbox 3681 4235 3875 4292; x_wconf 87' lang='lat' dir='ltr'><strong><em>disci-</em></strong></span> 
     </span>
    </p>
   </div>
   <div class='ocr_carea' id='block_1_102' title="bbox 2205 4320 3874 4391">
    <p class='ocr_par' dir='ltr' id='par_1_102' title="bbox 2205 4320 3874 4391">
     <span class='ocr_line' id='line_1_102' title="bbox 2205 4320 3874 4391; baseline 0.003 -16"><span class='ocrx_word' id='word_1_642' title='bbox 2205 4338 2336 4376; x_wconf 90' lang='lat' dir='ltr'><strong><em>mus</em></strong></span> <span class='ocrx_word' id='word_1_643' title='bbox 2367 4338 2436 4376; x_wconf 91' lang='lat' dir='ltr'><strong><em>ex</em></strong></span> <span class='ocrx_word' id='word_1_644' title='bbox 2464 4322 2593 4391; x_wconf 91' lang='lat' dir='ltr'><strong><em>ejus</em></strong></span> <span class='ocrx_word' id='word_1_645' title='bbox 2623 4320 2834 4390; x_wconf 89' lang='lat' dir='ltr'><strong><em>indice,</em></strong></span> <span class='ocrx_word' id='word_1_646' title='bbox 2867 4325 2924 4376; x_wconf 86' lang='lat' dir='ltr'><strong><em>et</em></strong></span> <span class='ocrx_word' id='word_1_647' title='bbox 2977 4321 3133 4391; x_wconf 87' lang='lat' dir='ltr'><strong><em>apud</em></strong></span> <span class='ocrx_word' id='word_1_648' title='bbox 3185 4321 3473 4377; x_wconf 84' lang='lat' dir='ltr'><strong><em>Joannem</em></strong></span> <span class='ocrx_word' id='word_1_649' title='bbox 3505 4323 3776 4391; x_wconf 86' lang='lat' dir='ltr'><strong><em>Suzium,</em></strong></span> <span class='ocrx_word' id='word_1_650' title='bbox 3811 4331 3874 4381; x_wconf 84' lang='lat' dir='ltr'><strong><em>et</em></strong></span> 
     </span>
    </p>
   </div>
   <div class='ocr_carea' id='block_1_103' title="bbox 2201 4409 3870 4482">
    <p class='ocr_par' dir='ltr' id='par_1_103' title="bbox 2201 4409 3870 4482">
     <span class='ocr_line' id='line_1_103' title="bbox 2201 4409 3870 4482; baseline 0.002 -16"><span class='ocrx_word' id='word_1_651' title='bbox 2201 4409 2529 4466; x_wconf 87' lang='lat' dir='ltr'><strong><em>Manuelem</em></strong></span> <span class='ocrx_word' id='word_1_652' title='bbox 2590 4409 2969 4482; x_wconf 85' lang='lat' dir='ltr'><strong><em>Eugenicum,</em></strong></span> <span class='ocrx_word' id='word_1_653' title='bbox 3031 4426 3101 4465; x_wconf 80' lang='lat' dir='ltr'><strong><em>ex</em></strong></span> <span class='ocrx_word' id='word_1_654' title='bbox 3156 4411 3408 4466; x_wconf 86' lang='lat' dir='ltr'><strong><em>Antonio</em></strong></span> <span class='ocrx_word' id='word_1_655' title='bbox 3465 4411 3744 4469; x_wconf 82' lang='lat' dir='ltr'><strong><em>Verderio</em></strong></span> <span class='ocrx_word' id='word_1_656' title='bbox 3807 4415 3870 4469; x_wconf 87' lang='lat' dir='ltr'><strong><em>in</em></strong></span> 
     </span>
    </p>
   </div>
   <div class='ocr_carea' id='block_1_104' title="bbox 2199 4498 3870 4571">
    <p class='ocr_par' dir='ltr' id='par_1_104' title="bbox 2199 4498 3870 4571">
     <span class='ocr_line' id='line_1_104' title="bbox 2199 4498 3870 4571; baseline 0.002 -18"><span class='ocrx_word' id='word_1_657' title='bbox 2199 4498 2497 4571; x_wconf 87' lang='lat' dir='ltr'><strong><em>Supplem.</em></strong></span> <span class='ocrx_word' id='word_1_658' title='bbox 2531 4499 2711 4554; x_wconf 88' lang='lat' dir='ltr'><strong><em>Erant</em></strong></span> <span class='ocrx_word' id='word_1_659' title='bbox 2767 4502 2824 4554; x_wconf 88' lang='lat' dir='ltr'><strong><em>et</em></strong></span> <span class='ocrx_word' id='word_1_660' title='bbox 2879 4499 3037 4568; x_wconf 90' lang='lat' dir='ltr'><strong><em>apud</em></strong></span> <span class='ocrx_word' id='word_1_661' title='bbox 3085 4499 3404 4554; x_wconf 85' lang='lat' dir='ltr'><strong><em>Antonium</em></strong></span> <span class='ocrx_word' id='word_1_662' title='bbox 3453 4501 3870 4571; x_wconf 80' lang='lat' dir='ltr'><strong><em>Augustinum</em></strong></span> 
     </span>
    </p>
   </div>
   <div class='ocr_carea' id='block_1_105' title="bbox 2121 4587 3870 4672">
    <p class='ocr_par' dir='ltr' id='par_1_105' title="bbox 2121 4587 3870 4672">
     <span class='ocr_line' id='line_1_105' title="bbox 2121 4587 3870 4672; baseline 0.002 -29"><span class='ocrx_word' id='word_1_663' title='bbox 2121 4609 2167 4672; x_wconf 67' lang='grc' dir='ltr'><strong><em>ι)</em></strong></span> <span class='ocrx_word' id='word_1_664' title='bbox 2198 4590 2334 4644; x_wconf 89' lang='lat' dir='ltr'><strong><em>Cod.</em></strong></span> <span class='ocrx_word' id='word_1_665' title='bbox 2371 4589 2492 4654; x_wconf 85' lang='lat'><strong>191,</strong></span> <span class='ocrx_word' id='word_1_666' title='bbox 2532 4605 2782 4659; x_wconf 85' lang='lat' dir='ltr'><strong><em>quarum</em></strong></span> <span class='ocrx_word' id='word_1_667' title='bbox 2835 4587 3096 4660; x_wconf 88' lang='lat' dir='ltr'><strong><em>quinque</em></strong></span> <span class='ocrx_word' id='word_1_668' title='bbox 3147 4587 3370 4660; x_wconf 86' lang='lat' dir='ltr'><strong><em>priores</em></strong></span> <span class='ocrx_word' id='word_1_669' title='bbox 3419 4590 3492 4645; x_wconf 86' lang='lat' dir='ltr'><strong><em>ad</em></strong></span> <span class='ocrx_word' id='word_1_670' title='bbox 3543 4589 3870 4660; x_wconf 69' lang='lat' dir='ltr'><strong><em>Caesarem,</em></strong></span> 
     </span>
    </p>
   </div>
   <div class='ocr_carea' id='block_1_106' title="bbox 2200 4675 3862 4748">
    <p class='ocr_par' dir='ltr' id='par_1_106' title="bbox 2200 4675 3862 4748">
     <span class='ocr_line' id='line_1_106' title="bbox 2200 4675 3862 4748; baseline 0.003 -16"><span class='ocrx_word' id='word_1_671' title='bbox 2200 4679 2266 4732; x_wconf 87' lang='lat' dir='ltr'><strong><em>ad</em></strong></span> <span class='ocrx_word' id='word_1_672' title='bbox 2323 4676 2693 4732; x_wconf 70' lang='lat' dir='ltr'><strong><em>[Emilianum</em></strong></span> <span class='ocrx_word' id='word_1_673' title='bbox 2762 4675 3156 4748; x_wconf 86' lang='lat' dir='ltr'><strong><em>patriarcham</em></strong></span> <span class='ocrx_word' id='word_1_674' title='bbox 3185 4677 3511 4734; x_wconf 75' lang='lat' dir='ltr'><strong><em>Antiochiae</em></strong></span> <span class='ocrx_word' id='word_1_675' title='bbox 3569 4685 3719 4746; x_wconf 86' lang='lat' dir='ltr'><strong><em>tres;</em></strong></span> <span class='ocrx_word' id='word_1_676' title='bbox 3782 4682 3862 4736; x_wconf 86' lang='lat' dir='ltr'><strong><em>ad</em></strong></span> 
     </span>
    </p>
   </div>
   <div class='ocr_carea' id='block_1_107' title="bbox 2203 4764 3872 4840">
    <p class='ocr_par' dir='ltr' id='par_1_107' title="bbox 2203 4764 3872 4840">
     <span class='ocr_line' id='line_1_107' title="bbox 2203 4764 3872 4840; baseline 0.002 -20"><span class='ocrx_word' id='word_1_677' title='bbox 2203 4771 2447 4822; x_wconf 88' lang='lat' dir='ltr'><strong><em>Leonem</em></strong></span> <span class='ocrx_word' id='word_1_678' title='bbox 2482 4765 2738 4836; x_wconf 87' lang='lat' dir='ltr'><strong><em>primum</em></strong></span> <span class='ocrx_word' id='word_1_679' title='bbox 2771 4764 3144 4820; x_wconf 87' lang='lat' dir='ltr'><strong><em>sacellarium</em></strong></span> <span class='ocrx_word' id='word_1_680' title='bbox 3176 4765 3376 4834; x_wconf 86' lang='lat' dir='ltr'><strong><em>unica;</em></strong></span> <span class='ocrx_word' id='word_1_681' title='bbox 3415 4771 3472 4822; x_wconf 88' lang='lat' dir='ltr'><strong><em>et</em></strong></span> <span class='ocrx_word' id='word_1_682' title='bbox 3500 4767 3572 4822; x_wconf 88' lang='lat' dir='ltr'><strong><em>ad</em></strong></span> <span class='ocrx_word' id='word_1_683' title='bbox 3608 4768 3872 4840; x_wconf 85' lang='lat' dir='ltr'><strong><em>Xiphili-</em></strong></span> 
     </span>
    </p>
   </div>
   <div class='ocr_carea' id='block_1_108' title="bbox 2201 4852 3870 4926">
    <p class='ocr_par' dir='ltr' id='par_1_108' title="bbox 2201 4852 3870 4926">
     <span class='ocr_line' id='line_1_108' title="bbox 2201 4852 3870 4926; baseline 0.002 -18"><span class='ocrx_word' id='word_1_684' title='bbox 2201 4871 2340 4908; x_wconf 90' lang='lat' dir='ltr'><strong><em>num</em></strong></span> <span class='ocrx_word' id='word_1_685' title='bbox 2375 4852 2566 4909; x_wconf 87' lang='lat' dir='ltr'><strong><em>unica.</em></strong></span> <span class='ocrx_word' id='word_1_686' title='bbox 2591 4853 2703 4908; x_wconf 86' lang='lat' dir='ltr'><strong><em>Eas</em></strong></span> <span class='ocrx_word' id='word_1_687' title='bbox 2725 4854 3094 4925; x_wconf 87' lang='lat' dir='ltr'><strong><em>pereruditas</em></strong></span> <span class='ocrx_word' id='word_1_688' title='bbox 3125 4853 3441 4926; x_wconf 81' lang='lat' dir='ltr'><strong><em>appellavit</em></strong></span> <span class='ocrx_word' id='word_1_689' title='bbox 3467 4855 3870 4912; x_wconf 83' lang='lat' dir='ltr'><strong><em>Casaubonus</em></strong></span> 
     </span>
    </p>
   </div>
   <div class='ocr_carea' id='block_1_109' title="bbox 2197 4942 3872 5019">
    <p class='ocr_par' dir='ltr' id='par_1_109' title="bbox 2197 4942 3872 5019">
     <span class='ocr_line' id='line_1_109' title="bbox 2197 4942 3872 5019; baseline 0.003 -21"><span class='ocrx_word' id='word_1_690' title='bbox 2197 4943 2578 4999; x_wconf 84' lang='lat' dir='ltr'><strong><em>Animadvers.</em></strong></span> <span class='ocrx_word' id='word_1_691' title='bbox 2613 4945 2672 4997; x_wconf 87' lang='lat' dir='ltr'><strong><em>in</em></strong></span> <span class='ocrx_word' id='word_1_692' title='bbox 2711 4942 3032 5000; x_wconf 61' lang='lat' dir='ltr'><strong><em>Athena’um</em></strong></span> <span class='ocrx_word' id='word_1_693' title='bbox 3072 4943 3177 5008; x_wconf 89' lang='lat' dir='ltr'><strong><em>lib,</em></strong></span> <span class='ocrx_word' id='word_1_694' title='bbox 3209 4961 3248 4998; x_wconf 86' lang='grc' dir='ltr'><strong><em>ι.</em></strong></span> <span class='ocrx_word' id='word_1_695' title='bbox 3283 4961 3410 5016; x_wconf 85' lang='lat' dir='ltr'><strong><em>cap.</em></strong></span> <span class='ocrx_word' id='word_1_696' title='bbox 3444 4947 3500 5013; x_wconf 92' lang='lat'><strong><em>8,</em></strong></span> <span class='ocrx_word' id='word_1_697' title='bbox 3533 4949 3590 5000; x_wconf 89' lang='lat' dir='ltr'><strong><em>et</em></strong></span> <span class='ocrx_word' id='word_1_698' title='bbox 3619 4951 3872 5019; x_wconf 84' lang='lat' dir='ltr'><strong><em>tempo-</em></strong></span> 
     </span>
    </p>
   </div>
   <div class='ocr_carea' id='block_1_110' title="bbox 2197 5031 3870 5108">
    <p class='ocr_par' dir='ltr' id='par_1_110' title="bbox 2197 5031 3870 5108">
     <span class='ocr_line' id='line_1_110' title="bbox 2197 5031 3870 5108; baseline 0.002 -20"><span class='ocrx_word' id='word_1_699' title='bbox 2197 5050 2258 5088; x_wconf 86' lang='lat' dir='ltr'><strong><em>re</em></strong></span> <span class='ocrx_word' id='word_1_700' title='bbox 2289 5033 2464 5087; x_wconf 85' lang='lat' dir='ltr'><strong><em>etiam</em></strong></span> <span class='ocrx_word' id='word_1_701' title='bbox 2514 5031 2704 5104; x_wconf 86' lang='lat' dir='ltr'><strong><em>ipsius</em></strong></span> <span class='ocrx_word' id='word_1_702' title='bbox 2754 5031 2951 5098; x_wconf 89' lang='lat' dir='ltr'><strong><em>Pselli,</em></strong></span> <span class='ocrx_word' id='word_1_703' title='bbox 2979 5033 3224 5104; x_wconf 83' lang='lat' dir='ltr'><strong><em>Magnus</em></strong></span> <span class='ocrx_word' id='word_1_704' title='bbox 3255 5031 3625 5106; x_wconf 78' lang='lat' dir='ltr'><strong><em>Drungarius</em></strong></span> <span class='ocrx_word' id='word_1_705' title='bbox 3651 5037 3870 5108; x_wconf 81' lang='lat' dir='ltr'><strong><em>magni</em></strong></span> 
     </span>
    </p>
   </div>
   <div class='ocr_carea' id='block_1_111' title="bbox 2197 5119 3870 5195">
    <p class='ocr_par' dir='ltr' id='par_1_111' title="bbox 2197 5119 3870 5195">
     <span class='ocr_line' id='line_1_111' title="bbox 2197 5119 3870 5195; baseline 0.002 -19"><span class='ocrx_word' id='word_1_706' title='bbox 2197 5120 2548 5188; x_wconf 66' lang='lat' dir='ltr'><strong><em>aestimabat,</em></strong></span> <span class='ocrx_word' id='word_1_707' title='bbox 2600 5119 2649 5174; x_wconf 86' lang='lat' dir='ltr'><strong><em>si</em></strong></span> <span class='ocrx_word' id='word_1_708' title='bbox 2699 5119 2891 5176; x_wconf 88' lang='lat' dir='ltr'><strong><em>Psello</em></strong></span> <span class='ocrx_word' id='word_1_709' title='bbox 2951 5120 3062 5190; x_wconf 87' lang='lat' dir='ltr'><strong><em>ipsi</em></strong></span> <span class='ocrx_word' id='word_1_710' title='bbox 3119 5121 3445 5190; x_wconf 86' lang='lat' dir='ltr'><strong><em>credimus,</em></strong></span> <span class='ocrx_word' id='word_1_711' title='bbox 3473 5121 3724 5195; x_wconf 87' lang='lat' dir='ltr'><strong><em>epistola</em></strong></span> <span class='ocrx_word' id='word_1_712' title='bbox 3785 5125 3870 5180; x_wconf 84' lang='lat' dir='ltr'><strong><em>ad</em></strong></span> 
     </span>
    </p>
   </div>
   <div class='ocr_carea' id='block_1_112' title="bbox 2195 5204 3872 5289">
    <p class='ocr_par' dir='ltr' id='par_1_112' title="bbox 2195 5204 3872 5289">
     <span class='ocr_line' id='line_1_112' title="bbox 2195 5204 3872 5289; baseline -0.001 -24"><span class='ocrx_word' id='word_1_713' title='bbox 2195 5210 2467 5266; x_wconf 88' lang='lat' dir='ltr'><strong><em>eumdem</em></strong></span> <span class='ocrx_word' id='word_1_714' title='bbox 2503 5227 2516 5264; x_wconf 88' lang='lat'><strong>:</strong></span> <span class='ocrx_word' id='word_1_715' title='bbox 2551 5204 2728 5262; x_wconf 81' lang='grc' dir='ltr'>Πάλαι</span> <span class='ocrx_word' id='word_1_716' title='bbox 2757 5206 2889 5261; x_wconf 80' lang='grc' dir='ltr'>ποτὶ</span> <span class='ocrx_word' id='word_1_717' title='bbox 2930 5207 3188 5262; x_wconf 80' lang='grc' dir='ltr'>ἀπέτεκον</span> <span class='ocrx_word' id='word_1_718' title='bbox 3235 5206 3340 5284; x_wconf 81' lang='grc' dir='ltr'><strong><em>ἐγὼ</em></strong></span> <span class='ocrx_word' id='word_1_719' title='bbox 3383 5206 3610 5284; x_wconf 78' lang='grc' dir='ltr'>ἄγαλμα</span> <span class='ocrx_word' id='word_1_720' title='bbox 3657 5211 3872 5289; x_wconf 71' lang='grc' dir='ltr'>σοφίας</span> 
     </span>
    </p>
   </div>
   <div class='ocr_carea' id='block_1_113' title="bbox 2195 5293 3872 5376">
    <p class='ocr_par' dir='ltr' id='par_1_113' title="bbox 2195 5293 3872 5376">
     <span class='ocr_line' id='line_1_113' title="bbox 2195 5293 3872 5376; baseline 0.002 -25"><span class='ocrx_word' id='word_1_721' title='bbox 2195 5297 2488 5372; x_wconf 74' lang='grc' dir='ltr'>ἐπήρατον,</span> <span class='ocrx_word' id='word_1_722' title='bbox 2541 5293 2747 5371; x_wconf 86' lang='grc' dir='ltr'>ὡραίας</span> <span class='ocrx_word' id='word_1_723' title='bbox 2793 5293 3144 5369; x_wconf 77' lang='grc' dir='ltr'>Ἐπιπολὰς,</span> <span class='ocrx_word' id='word_1_724' title='bbox 3193 5295 3275 5358; x_wconf 74' lang='grc' dir='ltr'><strong><em>αῖς</em></strong></span> <span class='ocrx_word' id='word_1_725' title='bbox 3325 5293 3394 5366; x_wconf 74' lang='grc' dir='ltr'><strong><em>δὴ</em></strong></span> <span class='ocrx_word' id='word_1_726' title='bbox 3425 5295 3488 5351; x_wconf 73' lang='grc' dir='ltr'>σὺ</span> <span class='ocrx_word' id='word_1_727' title='bbox 3517 5299 3872 5376; x_wconf 72' lang='grc' dir='ltr'>περιτυγχά-</span> 
     </span>
    </p>
   </div>
   <div class='ocr_carea' id='block_1_114' title="bbox 2008 5505 2244 5564">
    <p class='ocr_par' dir='ltr' id='par_1_114' title="bbox 2008 5505 2244 5564">
     <span class='ocr_line' id='line_1_114' title="bbox 2008 5505 2244 5564; baseline -0.013 0"><span class='ocrx_word' id='word_1_728' title='bbox 2008 5505 2244 5564; x_wconf 66' lang='lat' dir='ltr'><strong><em>NOTAE.</em></strong></span> 
     </span>
    </p>
   </div>
   <div class='ocr_carea' id='block_1_115' title="bbox 495 5657 1805 5801">
    <p class='ocr_par' dir='ltr' id='par_1_115' title="bbox 495 5657 1805 5801">
     <span class='ocr_line' id='line_1_115' title="bbox 495 5657 1805 5801; baseline 0 -87"><span class='ocrx_word' id='word_1_729' title='bbox 495 5657 569 5801; x_wconf 45' lang='grc' dir='ltr'><strong><em>γε)</em></strong></span> <span class='ocrx_word' id='word_1_730' title='bbox 600 5659 882 5732; x_wconf 73' lang='lat' dir='ltr'><strong><em>Augustae.</em></strong></span> <span class='ocrx_word' id='word_1_731' title='bbox 1535 5729 1546 5740; x_wconf 85' lang='lat'>_</span> <span class='ocrx_word' id='word_1_732' title='bbox 1643 5729 1654 5740; x_wconf 33' lang='grc' dir='ltr'>υ</span> <span class='ocrx_word' id='word_1_733' title='bbox 1793 5729 1805 5740; x_wconf 32' lang='grc'><strong>1</strong></span> 
     </span>
     <span class='ocr_line' id='line_1_116' title="bbox 517 5729 1805 5801; baseline -0.002 -14"><span class='ocrx_word' id='word_1_734' title='bbox 517 5733 568 5801; x_wconf 80' lang='lat' dir='ltr'><strong><em>f)</em></strong></span> <span class='ocrx_word' id='word_1_735' title='bbox 600 5735 732 5787; x_wconf 71' lang='lat' dir='ltr'><strong><em>Haec</em></strong></span> <span class='ocrx_word' id='word_1_736' title='bbox 779 5731 965 5789; x_wconf 84' lang='lat' dir='ltr'><strong><em>oratio</em></strong></span> <span class='ocrx_word' id='word_1_737' title='bbox 1016 5747 1134 5788; x_wconf 88' lang='lat' dir='ltr'><strong><em>una</em></strong></span> <span class='ocrx_word' id='word_1_738' title='bbox 1189 5745 1324 5786; x_wconf 88' lang='lat' dir='ltr'><strong><em>cum</em></strong></span> <span class='ocrx_word' id='word_1_739' title='bbox 1383 5729 1588 5786; x_wconf 75' lang='lat' dir='ltr'><strong><em>Ofﬁcio</em></strong></span> <span class='ocrx_word' id='word_1_740' title='bbox 1639 5746 1700 5784; x_wconf 80' lang='grc' dir='ltr'>ιη</span> <span class='ocrx_word' id='word_1_741' title='bbox 1748 5730 1805 5786; x_wconf 80' lang='lat' dir='ltr'><strong><em>Si</em></strong></span> 
     </span>
    </p>
   </div>
   <div class='ocr_carea' id='block_1_116' title="bbox 517 5729 2075 5802">
    <p class='ocr_par' dir='ltr' id='par_1_116' title="bbox 517 5729 2075 5802">
     <span class='ocr_line' id='line_1_117' title="bbox 517 5729 2075 5802; baseline 0.001 -15"><span class='ocrx_word' id='word_1_742' title='bbox 517 5729 568 5802; x_wconf 66' lang='grc' dir='ltr'><strong><em>Γ)</em></strong></span> <span class='ocrx_word' id='word_1_743' title='bbox 600 5729 732 5787; x_wconf 60' lang='lat' dir='ltr'><strong><em>Haec</em></strong></span> <span class='ocrx_word' id='word_1_744' title='bbox 779 5731 965 5789; x_wconf 84' lang='lat' dir='ltr'><strong><em>oratio</em></strong></span> <span class='ocrx_word' id='word_1_745' title='bbox 1016 5747 1134 5788; x_wconf 87' lang='lat' dir='ltr'><strong><em>una</em></strong></span> <span class='ocrx_word' id='word_1_746' title='bbox 1189 5745 1324 5786; x_wconf 89' lang='lat' dir='ltr'><strong><em>cum</em></strong></span> <span class='ocrx_word' id='word_1_747' title='bbox 1383 5729 1588 5786; x_wconf 82' lang='lat' dir='ltr'><strong><em>Ofﬁcio</em></strong></span> <span class='ocrx_word' id='word_1_748' title='bbox 1639 5729 1700 5784; x_wconf 87' lang='lat' dir='ltr'><strong><em>in</em></strong></span> <span class='ocrx_word' id='word_1_749' title='bbox 1748 5729 2075 5788; x_wconf 87' lang='lat' dir='ltr'><strong><em>Simeonem</em></strong></span> 
     </span>
    </p>
   </div>
   <div class='ocr_carea' id='block_1_117' title="bbox 2181 5653 3864 5714">
    <p class='ocr_par' dir='ltr' id='par_1_117' title="bbox 2181 5653 3864 5714">
     <span class='ocr_line' id='line_1_118' title="bbox 2181 5653 3864 5714; baseline 0 0"><span class='ocrx_word' id='word_1_750' title='bbox 2181 5655 2378 5714; x_wconf 71' lang='lat' dir='ltr'><strong><em>Graece</em></strong></span> <span class='ocrx_word' id='word_1_751' title='bbox 2405 5658 2464 5712; x_wconf 89' lang='lat' dir='ltr'><strong><em>et</em></strong></span> <span class='ocrx_word' id='word_1_752' title='bbox 2494 5653 2696 5711; x_wconf 85' lang='lat' dir='ltr'><strong><em>Latine</em></strong></span> <span class='ocrx_word' id='word_1_753' title='bbox 2727 5653 2885 5710; x_wconf 87' lang='lat' dir='ltr'><strong><em>edita</em></strong></span> <span class='ocrx_word' id='word_1_754' title='bbox 2913 5654 2984 5710; x_wconf 87' lang='lat' dir='ltr'><strong><em>ab</em></strong></span> <span class='ocrx_word' id='word_1_755' title='bbox 3017 5653 3234 5710; x_wconf 85' lang='lat' dir='ltr'><strong><em>Allatio</em></strong></span> <span class='ocrx_word' id='word_1_756' title='bbox 3265 5654 3338 5708; x_wconf 87' lang='lat' dir='ltr'><strong><em>ad</em></strong></span> <span class='ocrx_word' id='word_1_757' title='bbox 3371 5653 3592 5712; x_wconf 85' lang='lat' dir='ltr'><strong><em>calcem</em></strong></span> <span class='ocrx_word' id='word_1_758' title='bbox 3623 5655 3864 5714; x_wconf 86' lang='lat' dir='ltr'><strong><em>disser-</em></strong></span> 
     </span>
    </p>
   </div>
   <div class='ocr_carea' id='block_1_118' title="bbox 2185 5725 3434 5796">
    <p class='ocr_par' dir='ltr' id='par_1_118' title="bbox 2185 5725 3434 5796">
     <span class='ocr_line' id='line_1_119' title="bbox 2185 5725 3434 5796; baseline -0.002 -11"><span class='ocrx_word' id='word_1_759' title='bbox 2185 5727 2428 5786; x_wconf 83' lang='lat' dir='ltr'><strong><em>tationis</em></strong></span> <span class='ocrx_word' id='word_1_760' title='bbox 2457 5727 2528 5784; x_wconf 88' lang='lat' dir='ltr'><strong><em>de</em></strong></span> <span class='ocrx_word' id='word_1_761' title='bbox 2557 5725 2956 5796; x_wconf 87' lang='lat' dir='ltr'><strong><em>Simeonihns,</em></strong></span> <span class='ocrx_word' id='word_1_762' title='bbox 2993 5725 3157 5782; x_wconf 89' lang='lat' dir='ltr'><strong><em>Pari</em></strong></span> <span class='ocrx_word' id='word_1_763' title='bbox 3185 5725 3348 5795; x_wconf 75' lang='grc'><strong><em>4664,</em></strong></span> <span class='ocrx_word' id='word_1_764' title='bbox 3381 5727 3434 5782; x_wconf 77' lang='grc'>4.</span> 
     </span>
    </p>
   </div>
  </div>
