4078 6336
220 426 344 488 521

1490 428 1864 493 DIATBIBA
1907 427 2010 490 DE
2055 427 2396 489 PSELLIS.

3529 430 3652 494 522

223 581 338 614 νων
376 558 674 633 πολλάκις,
737 561 851 617 εἶτα
882 557 948 630 δὴ
979 562 1067 617 καὶ
1103 562 1391 635 θαυμάζων
1445 561 1577 627 ἴσως
1623 569 1724 633 τῆς
1783 563 1861 639 χά

2002 578 2165 635 quam
2196 561 2441 619 dilucida
2472 563 2737 622 doctrina:
2765 563 2925 633 libri,
2958 564 3025 620 de
3065 565 3540 639 Interpretatione.
3583 566 3649 626 Ρ.

227 670 408 726 ριτος,
463 645 566 705 οἷέι
613 651 888 722 τοιαύτας,
938 670 1006 722 με
1054 651 1141 705 καὶ
1201 650 1353 714 αὖθις
1410 652 1692 708 ἆποτεκεὶν
1721 649 1881 706 δύνα-

222 751 375 804 σθαι.
435 738 539 794 Διὰ
587 743 751 794 τοῦτο
798 739 862 793 σὺ
928 739 1023 813 μὲν
1081 738 1204 811 ἐρᾷς
1274 745 1383 795 τῶν
1446 740 1591 815 ὶμῶν
1647 738 1878 799 ὠδίνων.

220 828 370 904 Ἐγὼ
406 825 464 883 δί
493 849 576 883 σοι
610 827 840 907 ἐκφῆναι
866 828 959 884 τὸν
989 827 1152 884 τόκον
1186 828 1249 884 οὐ
1297 828 1596 906 βούλομαι.
1655 833 1717 887 Id
1749 836 1877 888 est:

212 919 392 975 ﬂulto
440 919 641 975 abhinc
686 923 927 991 tempore
974 921 1268 992 sapientiae
1314 924 1587 994 specimen
1616 923 1878 990 amabile,

206 1008 475 1082 pulchras
501 1009 760 1081 epistolas
786 1008 975 1080 genui,
1006 1025 1143 1082 quas
1158 1011 1289 1082 ipse
1315 1027 1443 1067 cum
1471 1013 1671 1083 sepius
1722 1027 1876 1069 acce-

205 1100 412 1171 pisses,
437 1100 586 1168 forte
612 1114 805 1154 earum
831 1100 1045 1171 gratias
1069 1099 1402 1171 admiratus,
1433 1101 1646 1157 similes
1673 1117 1777 1169 me,
1826 1108 1880 1157 et

207 1203 441 1243 rursum
466 1186 626 1243 edere
667 1203 823 1259 posse
873 1190 1191 1245 existimas.
1233 1193 1534 1259 Propterea
1564 1198 1622 1245 tu
1657 1189 1878 1262 quidem

205 1278 360 1348 fetus
387 1293 539 1334 meos
586 1281 818 1351 exoptas
837 1294 860 1341 ;
899 1294 994 1350 ego
1041 1294 1170 1335 vero
1199 1279 1308 1335 tibi
1332 1284 1556 1351 partum
1584 1279 1878 1335 excludere

211 1382 417 1423 renuo.
1750 1380 1759 1387 ’

281 1455 474 1512 LXIX.
529 1453 702 1530 Λόγος
750 1451 1093 1530 σχεδιασθεὶς
1147 1455 1282 1530 πρὸς
1334 1454 1504 1511 Πόθον
1558 1453 1876 1531 Βεστάρχην

202 1542 517 1614 ἀξιώσαντα
596 1542 788 1599 τοῦτον
873 1545 1079 1620 γράψαι
1149 1544 1271 1620 περὶ
1359 1548 1457 1599 τοῦ
1543 1543 1875 1620 θεολογικοῦ

204 1639 585 1709 χαρακτῆρος.
631 1635 817 1691 Oratio
859 1651 935 1690 ea:
974 1639 1214 1706 tempore
1263 1635 1337 1690 ad
1375 1634 1611 1691 Pathum
1656 1636 1869 1691 Vestar-

202 1724 398 1789 cham,
456 1724 556 1797 qui
610 1724 854 1781 Pseltum
881 1726 1125 1793 rogarat,
1155 1731 1215 1779 ut
1244 1723 1310 1780 de
1349 1724 1651 1794 theologica
1669 1725 1871 1781 chara-

200 1821 359 1869 ctere
384 1814 670 1870 scriberet.
702 1812 763 1869 P.
809 1811 903 1880 Μὴ
945 1808 1252 1885 θαυμᾶσῃς,
1308 1806 1447 1867 Πόοε
1500 1832 1594 1886 μοι
1642 1810 1871 1892 φίλτατε

2006 644 2376 724 Διαλαμϐἀνει
2407 651 2528 727 περὶ
2556 651 2899 725 Προτάσεων.

2060 738 2155 801 Εἷς
2200 739 2264 795 τὸ
2314 739 2438 816 περὶ
2499 739 2827 816 Ἑρμηνείας
2873 736 3084 804 ἕκδοσις
3145 740 3426 816 ἐπίτομος.
3486 746 3649 803 Libri

1988 829 2054 887 de
2082 832 2560 903 Interpretatione,
2591 832 2972 902 compendiosa
2999 834 3283 905 evpositio.
3315 833 3374 889 P.
3408 831 3490 889 Τὰ
3519 830 3635 905 εἷ’δη

1986 922 2085 973 τοῦ
2119 915 2289 995 λόγου
2321 919 2477 974 πέντε
2500 918 2592 974 τὸν
2626 916 2878 994 ἀριθμόν.

2059 1005 2285 1064 Ψελλοῦ
2339 1008 2427 1063 καὶ
2488 1006 2674 1063 ἄλλων
2723 1006 2962 1083 ΣχόΛια,
3018 1007 3108 1064 καὶ
3159 1009 3636 1083 Ἀποσημειώσεις

1987 1093 2065 1159 εἰς
2091 1096 2155 1151 τὸ
2182 1101 2399 1172 πρῶτον
2430 1100 2538 1151 τῶν
2584 1095 2863 1171 προτέρων
2927 1094 3293 1153 Ἀναλυτικῶν
3344 1102 3441 1153 τοῦ
3481 1100 3633 1175 Ἀρι-

1985 1182 2297 1249 στοτέλους.
2346 1186 2531 1243 Pselli
2570 1191 2623 1242 et
2649 1187 2891 1243 aliorum
2921 1187 3139 1244 Scholia
3166 1196 3217 1244 et
3244 1190 3637 1247 Annolationes

1992 1276 2051 1330 in
2078 1278 2322 1347 primum
2350 1279 2600 1348 priorum
2626 1276 3041 1348 Analyticorum
3071 1277 3404 1334 Aristotelis.
3441 1283 3501 1335 P.
3532 1279 3634 1333 Καὶ

1985 1363 2047 1417 τὸ
2079 1360 2302 1420 δέκατον
2329 1358 2548 1441 πρόϐλη
2561 1384 2655 1436 μα.

2055 1452 2339 1529 Ἐξήγησις
2396 1452 2473 1514 εἰς
2529 1453 2590 1507 τὸ
2641 1457 2858 1529 πρῶτον
2889 1452 2981 1508 καὶ
3040 1451 3289 1529 δεύτερον
3347 1459 3454 1510 τῶν
3493 1476 3631 1532 προ-

1979 1541 2148 1617 τέρων
2225 1539 2597 1597 Ἀναλυτικῶν
2653 1539 2750 1596 τοῖ’)
2808 1542 3259 1617 Ἀριστοτέλους.
3324 1548 3631 1619 Expositio,

1980 1631 2041 1687 in
2076 1632 2323 1704 primum
2353 1636 2405 1688 et
2432 1631 2727 1688 secundum
2755 1634 3018 1701 primum
3055 1634 3472 1706 Analyticorum
3500 1636 3632 1690 Ari-

1978 1721 2211 1778 stotelis.
2246 1727 2306 1778 P.
2339 1723 2424 1776 ’Ev
2455 1725 2536 1793 τῷ
2564 1721 2768 1797 πρώτῳ
2799 1720 2992 1777 εἰπεῖν.

2047 1810 2335 1886 Ἐξήγησις
2361 1810 2438 1872 εἷς
2465 1811 2527 1865 τὸ
2559 1815 2774 1886 πρῶτον
2811 1814 2917 1865 τῶν
2967 1810 3202 1886 ὑστέρων
3234 1810 3623 1870 Ἀναλυτικων.

203 1899 260 1955 εἴ
282 1904 420 1956 τῶν.
458 1906 592 1959 Duae
636 1902 709 1959 de
756 1901 865 1958 hac
912 1901 1163 1958 materia
1191 1901 1264 1959 ad
1291 1902 1537 1958 Polhum
1570 1903 1867 1960 orationes
1899 1937 1945 2004 Β
1980 1900 2258 2004 Expositio
2289 1902 2349 1956 in
2378 1901 2626 2004 primum
2653 1902 3499 2004 posteriorum'enalyticorum.
3560 1902 3622 1960 P.

202 1990 640 2047 indicanturin
671 1991 1017 2049 Bibliotheca
1066 1990 1307 2047 Antonii
1365 1992 1683 2063 Augustini
1733 1993 1865 2049 cod.

209 2080 337 2137 191.
372 2086 461 2135 An
496 2081 618 2138 haec
651 2098 770 2138 una
798 2080 857 2137 in
886 2081 1034 2137 duas
1051 2079 1240 2137 divisa
1269 2082 1386 2151 sit;
1418 2080 1506 2137 vel
1534 2098 1665 2139 vere
1696 2082 1866 2138 binas

204 2168 538 2240 scripserit,
571 2169 715 2226 mihi
750 2187 865 2226 non
885 2168 1091 2242 liquet.

280 2266 663 2339 Paraphrasis
692 2268 753 2323 in
786 2269 1006 2325 Homeri
1034 2267 1237 2334 Iliada,
1257 2266 1439 2325 soluto
1461 2268 1516 2340 (α
1542 2268 1599 2342 Ιι)
1620 2283 1867 2325 sermone

202 2359 265 2415 P.
307 2356 418 2425 Τὴν
469 2354 587 2410 εἰπὲ
645 2356 831 2429 μηνὶν,
873 2356 918 2410 ὤ
975 2356 1094 2427 θεὰ,
1149 2358 1246 2410 τοῦ
1302 2356 1423 2410 υἱοῦ
1468 2359 1567 2410 τοῦ
1613 2353 1862 2425 Πηλέως.

202 2447 295 2502 Ita
323 2450 547 2516 tamen,
579 2450 647 2502 ut
675 2445 896 2520 singuli
926 2462 1132 2503 versus
1162 2446 1408 2503 seorsim
1445 2445 1657 2502 redditi
1719 2446 1862 2502 sint.

204 2536 352 2591 Eam
386 2536 665 2592 habuisse
696 2535 873 2592 etiam
904 2535 1192 2592 Joannem
1217 2534 1539 2608 Oporinum
1574 2535 1865 2591 Basileen-

203 2642 359 2691 sem,
394 2624 577 2680 tradit
603 2628 915 2681 Gesnerus'

272 2712 559 2788 Εξήγησις
615 2711 690 2775 εἲς
719 2711 814 2774 τὰς
857 2713 894 2766 ε’
923 2710 1105 2789 φωνὰς
1132 2715 1230 2766 τοῦ
1278 2710 1615 2790 ῙΙορφυρίου.
1679 2717 1855 2785 Expo-

202 2804 341 2859 sitio
373 2804 434 2858 in
463 2804 710 2875 quinque
737 2819 889 2860 voces
923 2802 1225 2875 Porphyrii
1266 2803 1325 2858 P.
1361 2801 1513 2856 Διατί
1561 2797 1863 2877 ἀπροσδιο-

202 2888 431 2963 ρίστως.

275 2979 559 3053 Εξήγησις
590 2976 666 3040 εἰς
701 2976 798 3040 τὰς
857 2976 1203 3053 Κατηγορίας
1266 2981 1363 3033 τοῦ
1418 2975 1861 3052 Ἀριστοτέλους.

194 3067 485 3142 Expositio
509 3072 573 3124 in
600 3068 1049 3126 Przdicamenta
1079 3069 1409 3129 Aristotelis.
1452 3070 1512 3125 P.
1545 3072 1662 3123 Τῶν
1720 3088 1864 3143 πρα-

195 3153 459 3232 γμάτων,
488 3157 559 3210 τὰ
590 3157 686 3230 μὲν
718 3160 991 3212 κοινωνεῖ.

271 3241 608 3300 Διδασκαλία
678 3244 947 3319 σύντομος
1019 3243 1109 3301 καὶ
1186 3241 1487 3323 σαφεστάτη
1564 3247 1688 3323 περί
1746 3250 1855 3302 τῶν

193 3329 336 3388 δέκα
417 3337 773 3409 Κατηγοριῶν
802 3380 817 3406 ,
890 3333 978 3389 καὶ
1052 3338 1161 3389 τῶν
1218 3332 1556 3410 Ηροτέσεων,
1594 3336 1684 3390 καὶ
1748 3341 1854 3392 τῶν

193 3422 635 3499 Συλλογισμῶν,
685 3424 808 3499 περὶ
857 3423 931 3477 ὧν
962 3443 1047 3485 τις
1097 3418 1490 3498 προδιδαχθεὶς
1554 3422 1631 3487 εἷς
1684 3430 1855 3480 πᾶσαν

192 3512 300 3585 μὶν
363 3512 451 3567 καὶ
508 3508 690 3583 ἄλλην
740 3510 1050 3584 ἐπιστήμην
1112 3510 1202 3566 καὶ
1260 3510 1461 3588 τεχνην
1494 3557 1508 3584 ,
1572 3512 1857 3589 ἐξαιρέτως

191 3599 260 3657 δὶ
320 3599 404 3663 εἷς
446 3602 547 3673 τὴν
624 3600 881 3677 ῥητορίαν
962 3603 1073 3675 [49]
1153 3598 1389 3663 εὐκλεῶς
1441 3599 1855 3677 ἐμπορεύσεται.

188 3692 470 3749 Doctrina
512 3690 893 3764 compendiosa
920 3733 934 3760 ,
987 3700 1040 3747 et
1085 3708 1253 3763 quam
1301 3693 1553 3748 maxime
1587 3692 1856 3760 dilucida,

186 3781 262 3838 de
292 3782 486 3836 decem
535 3779 1008 3845 Prmdicamentis,
1056 3780 1536 3851 Propositionibus
1578 3789 1633 3836 et
1672 3780 1858 3853 Syllo-

184 3870 429 3944 gismis,
460 3884 698 3940 quorum
740 3869 964 3937 notitia,
1013 3870 1173 3940 prius
1230 3866 1438 3937 habita,
1472 3870 1533 3924 in
1562 3869 1859 3940 quamlibet

185 3960 498 4015 scientiam
535 3963 587 4015 et
617 3967 813 4024 artem,
848 3957 938 4013 sed
970 3957 1254 4013 rhetorum
1282 3958 1653 4029 potissimum,
1700 3959 1860 4029 faciti

184 4047 426 4116 negotio
455 4048 652 4118 cuique
701 4046 887 4101 aditus
937 4045 1166 4116 patebit.
1200 4049 1260 4100 P.
1321 4040 1544 4114 Ἐπειδή
1575 4064 1713 4099 τισιν
1757 4044 1859 4099 οὐκ

184 4130 310 4189 οἶδ’
340 4132 462 4196 ὅθεν
495 4131 665 4188 εἰπεῖν
695 4133 794 4201 τὴν
825 4135 928 4197 τῆς
956 4129 1323 4205 διαλεκτικῆς.

268 4228 375 4290 Εἲς
452 4230 552 4297 τὴν
621 4229 934 4307 Πορφυρίου
1006 4227 1356 4305 Εἴσαγωγήν,
1437 4230 1526 4284 καί
1584 4249 1702 4285 τινα
1747 4234 1858 4285 τῶν

181 4316 624 4393 ’Δριστοτὲλους
672 4319 1063 4394 Κατηγοριῶν.
1095 4319 1157 4375 In
1206 4318 1670 4376 lntroductionem
1724 4321 1861 4376 Por-

176 4411 419 4483 phyrii,
446 4415 500 4465 et
531 4408 974 4466 Praedicamenta
1005 4408 1338 4465 Aristotelis.
1388 4407 1451 4463 P.
1514 4404 1724 4463 Πολλοὶ
1768 4406 1861 4481 μὶν

181 4494 516 4571 πολλαχῶς
541 4500 650 4551 τῶν
682 4494 951 4572 ἀρχαίων.

265 4586 559 4659 Έξήγησις
636 4584 714 4646 εἷς
799 4583 860 4639 τὸ
953 4583 1079 4660 περὶ
1153 4581 1482 4659 Ἐρμηνείας
1563 4583 1863 4658 Ἀριστοτέ-

1978 1988 2195 2050 Σκοπός
2229 1986 2371 2044 ἔστιν
2405 1987 2632 2044 ἐνταῦθα
2661 1993 2739 2061 τῷ
2769 1988 3162 2065 Ἀριστοτέλει.

2045 2084 2435 2161 Προλεγόμενα
2484 2087 2560 2150 εἰς
2590 2086 2717 2151 τοὺς
2764 2086 3109 2166 σοφιστικοὺς
3165 2084 3466 2163 Ἐλὲγχους
3525 2091 3622 2144 τοῦ

1972 2173 2386 2248 Ἀριστοτέλους
2414 2220 2427 2234 .
2486 2179 2549 2233 1η
2600 2178 2917 2248 sophisticos
2983 2178 3258 2236 Elenchos
3311 2178 3625 2236 Aristotelis

1972 2265 2396 2336 Prologomena.
2447 2266 2571 2321 Ὅτι
2629 2265 2723 2338 μὶν
2755 2265 2782 2319 ὁ
2842 2264 2966 2342 περὶ
3020 2262 3377 2335 Ἀποδείξεως
3434 2265 3621 2343 λόγος.

1975 2352 2037 2409 In
2071 2352 2184 2409 alio
2216 2370 2347 2409 vero
2379 2354 2695 2427 exemplari
2727 2354 2842 2410 ista
2887 2354 3155 2411 Michaeli
3213 2354 3466 2428 Ephesio
3517 2356 3623 2412 tri-

1972 2441 2259 2498 buuntur.

2048 2530 2199 2586 LXX.
2249 2528 2382 2587 Τίνα
2438 2529 2561 2605 περὶ
2622 2528 2894 2604 δαιμόνων
2960 2528 3276 2602 δοξάζουσιν
3330 2530 3619 2604 Ἓλληνες.

1974 2620 2111 2687 Quae
2155 2620 2220 2675 de
2269 2622 2617 2677 Daemonibus
2669 2623 2848 2677 Grmci
2901 2624 3218 2695 apinentur.
3281 2624 3342 2680 P.
3395 2623 3459 2680 Ὁ
3521 2622 3619 2696 μὲν

1971 2708 2242 2780 ἡμέτερος
2324 2706 2490 2783 λόγος
2566 2710 2908 2785 προαιρέσεις
2990 2709 3082 2765 καὶ
3160 2716 3280 2773 τοῖς
3364 2709 3620 2786 ἀγγέλοις

1972 2791 2180 2857 διδούς.
2238 2798 2307 2853 Et
2362 2798 2518 2854 hunc
2551 2803 2689 2870 puto
2745 2816 2876 2856 esse
2914 2799 3165 2856 alterum
3196 2801 3260 2872 (i)
3291 2801 3512 2858 librum
3543 2803 3616 2858 de

1971 2884 2371 2952 Daemonibus,
2401 2903 2470 2942 ex
2517 2903 2632 2959 quo
2680 2887 2977 2944 Marsilius
3011 2888 3298 2961 excerpsit
3349 2906 3435 2958 ea,
3487 2907 3614 2963 quas

1971 2974 2251 3047 leguntur
2298 2974 2503 3031 ultimo
2557 2978 2748 3049 capite
2776 2977 2929 3049 apud
2964 2976 3186 3050 ipsum,
3214 2994 3397 3050 eoque
3427 2978 3616 3053 magis

1973 3064 2156 3120 ducor
2201 3065 2261 3119 in
2312 3063 2464 3121 hanc
2512 3066 2885 3134 sententiam,
2939 3067 3093 3139 quod
3146 3067 3205 3122 in
3247 3084 3373 3125 meo
3419 3068 3616 3125 codice

1972 3153 2175 3209 statim
2209 3158 2339 3224 post
2373 3154 2525 3210 hunc
2554 3158 2889 3211 Tractatum
2920 3155 3192 3227 sequitur
3226 3156 3498 3229 Dialogus
3545 3157 3618 3213 de

1974 3242 2359 3313 daemonibus,
2391 3242 2449 3297 in
2485 3259 2601 3315 quo
2647 3243 3133 3317 interloqunntur
3176 3245 3529 3302 Timotheus
3559 3250 3618 3302 et

1976 3331 2192 3397 Thrax,
2250 3332 2322 3388 de
2380 3348 2494 3403 quo
2552 3332 2824 3405 superius
2879 3333 2937 3388 in
2998 3332 3164 3390 libris
3213 3333 3386 3391 editis
3442 3334 3618 3391 Pselli

1967 3420 2218 3491 egimus.

2038 3506 2130 3568 Εἷς
2158 3506 2258 3576 τήν
2309 3506 2658 3582 Ψυχογονίαν
2716 3511 2814 3563 τοῦ
2863 3506 3181 3572 Πλάτωνος.
3217 3513 3291 3568 De
3317 3513 3491 3568 animi
3516 3529 3615 3582 ge-

1964 3599 2259 3653 neratione
2287 3598 2433 3669 apud
2462 3600 2768 3655 Platonem.
2804 3599 2863 3654 P.
2884 3598 2954 3652 Τὸ
2990 3599 3085 3671 μὲν
3118 3597 3414 3674 λεγόμενον
3444 3598 3609 3669 ἐστιν,

1965 3684 2048 3738 ὅτι
2079 3684 2139 3739 οὐ
2174 3683 2367 3757 μάτην.

2035 3774 2146 3846 [50]
2179 3775 2363 3831 Locus
2392 3774 2776 3849 ex'Physicis,
2804 3777 2876 3833 de
2934 3777 3135 3834 anima
3189 3780 3247 3833 et
3300 3781 3494 3834 mente
3543 3779 3607 3834 P.

1964 3864 2111 3924 Νοῦς
2140 3860 2279 3914 ἐστιν
2310 3858 2418 3932 ἵξις
2450 3865 2653 3938 ψυχῆς.

2040 3948 2170 4025 Περῖ
2218 3952 2423 4026 ψυχῆς.
2490 3955 2665 4009 Variae
2719 3956 3053 4026 quaestiones
3104 3955 3179 4012 de
3239 3956 3429 4011 anima
3464 3996 3477 4010 .
3554 3961 3615 4014 P.

1964 4037 2148 4115 Νοερὰ
2191 4038 2287 4112 μὶν
2320 4037 2411 4094 οὖν
2440 4041 2474 4109 ἡ
2507 4041 2687 4116 ψυχὴ,
2717 4038 2927 4116 νοερὸς.

2038 4135 2167 4212 Περὶ
2197 4141 2302 4192 τῶν
2332 4138 2489 4193 πέντε
2519 4135 2798 4211 δυνάμεων
2828 4146 2929 4210 τῆς
2977 4144 3185 4217 ψυχῆς.
3251 4146 3335 4199 De
3382 4144 3624 4216 quinque

1965 4229 2331 4300 facultatibus
2362 4233 2589 4290 animm.
2633 4232 2689 4287 P.
2738 4234 2880 4292 Νοῦς
2911 4231 3007 4304 μὲν
3039 4230 3180 4287 ἐστιν
3212 4233 3240 4287 ὁ
3270 4232 3460 4297 Θεόθεν
3488 4232 3626 4288 κατὰ

1971 4314 2129 4394 φύσιν
2158 4316 2503 4392 κινούμενος.

2041 4406 2172 4483 Περὶ
2201 4409 2302 4476 τῆς
2349 4408 2542 4483 χώρας
2588 4415 2688 4479 τῆς
2725 4415 2850 4485 γῆς.
2900 4412 2975 4467 De
3021 4412 3133 4468 situ
3182 4420 3367 4481 terra,
3417 4413 3621 4485 ﬁgura,

1968 4502 2023 4553 et
2053 4498 2455 4569 magnitudine.
2524 4498 2586 4554 P.
2646 4499 2708 4555 Ἡ
2766 4505 2837 4576 γῆ
2897 4498 2997 4568 τὴν
3062 4499 3233 4573 μὲσην
3263 4504 3361 4555 τοῦ
3418 4501 3621 4563 παντὸς

1972 4581 2143 4660 ἔλαχε
2187 4586 2395 4660 χώραν.
2446 4588 2571 4644 Non
2622 4606 2716 4644 me
2768 4588 2911 4645 latet
2942 4593 3160 4662 tamen,
3212 4590 3271 4645 in
3326 4590 3441 4647 alio
3498 4608 3624 4647 ma-

174 4696 329 4737 κους
392 4677 452 4732 ln
480 4675 791 4731 Aristotelis
822 4675 1053 4741 librum,
1085 4674 1151 4730 de
1188 4675 1666 4746 Interpretatione,
1699 4691 1861 4744 expo-
1898 4672 1942 4737 Ι)
1974 4674 2279 4748 nuseripto
2334 4676 2686 4749 opusculum
2751 4678 2861 4734 hoc
2912 4678 3239 4751 Nicephoro
3286 4678 3625 4736 Blemmidte

174 4768 348 4825 sitio.
378 4764 438 4820 Ρ·
470 4764 532 4819 Ὁ
571 4762 890 4824 σκοπὸςτοῦ
920 4761 1049 4838 περὶ
1082 4761 1413 4837 Ἑρμηνείας
1445 4761 1557 4818 ἐστὶ
1589 4758 1866 4818 διαλαϐεῖν

172 4852 318 4929 περὶ
351 4847 702 4927 Ιίροτᾶσεων,
735 4851 971 4910 diversa
998 4853 1073 4909 ab
1122 4852 1306 4923 edita,
1360 4853 1864 4926 quemadmodum

171 4949 251 5002 et
280 4946 625 5014 sequentes.

266 5030 561 5104 ἐξήγησις
593 5027 671 5090 είς
701 5029 764 5084 τὸ
797 5029 921 5105 περὶ
954 5029 1282 5104 Ἐρμηνείας
1329 5027 1768 5106 Ἀριστοτέλους.
1802 5033 1862 5087 In

168 5120 515 5181 Aristotelis
572 5120 784 5174 librum
830 5119 895 5175 de
948 5120 1430 5193 lnterpretatione,
1475 5121 1764 5193 expositio.
1802 5125 1856 5175 P.

164 5208 400 5267 Θὲσθαι
419 5208 508 5261 νῦν
539 5206 656 5262 ἀντὶ
685 5209 784 5261 τοῦ
816 5204 1121 5281 ὁρίσασθαι.

274 5295 505 5369 εὖνοψις
554 5294 645 5350 καὶ
704 5290 1040 5370 μετᾶἱφρασις
1097 5292 1401 5374 σαφεστᾶνη
1440 5301 1541 5365 τῆς
1615 5293 1863 5352 διδασκα-

163 5386 316 5449 λίας
345 5388 447 5439 τοῦ
496 5383 619 5459 περὶ
671 5382 1026 5457 Ἐρμηνείας”
1087 5386 1350 5459 Synopsis
1398 5394 1454 5443 et
1506 5387 1863 5460 Metaphrasis

1972 4764 2177 4821 tribui.

2041 4851 2180 4907 Πότε
2253 4850 2495 4908 ἐκλείπει
2573 4855 2601 4909 ὁ
2681 4852 2871 4927 ἥλιος,
2946 4856 3033 4910 καὶ
3106 4852 3239 4909 πότε
3293 4856 3329 4924 ἠ
3388 4852 3621 4926 σελήνη,

1969 4941 2058 4996 καὶ
2121 4945 2237 5003 πῶς
2306 4942 2404 5010 τήν
2469 4940 2712 5015 ἔκλειψιν
2762 4943 3086 5021 ἀμφοτέρων
3142 4937 3429 5016 συμϐαίνει
3476 4942 3623 5018 γίνε-

1971 5042 2113 5095 σθαι.
2158 5032 2384 5102 Quando
2412 5032 2594 5103 deﬁcit
2627 5032 2730 5102 sol,
2762 5038 2818 5088 et
2841 5033 3065 5106 quando
3088 5032 3246 5102 luna,
3277 5036 3328 5088 et
3355 5033 3623 5106 quomodo

1969 5123 2255 5195 utriusque
2281 5121 2523 5194 defectus
2550 5124 2857 5194 contingat.
2889 5128 2944 5179 P.
2979 5119 3044 5178 Εἰ
3079 5120 3175 5194 μὶν
3206 5119 3334 5184 τοὺς
3382 5121 3621 5198 τρόπους

1969 5208 2172 5285 ἐρωτᾷς
2197 5213 2306 5264 τῶν
2337 5208 2653 5283 ἐκλείψεων.

2043 5297 2171 5374 Περὶ
2202 5297 2454 5364 Θυτικῆς.
2491 5301 2564 5356 De
2591 5301 2948 5372 sacriﬁcandi
2975 5301 3210 5358 ratione.
3259 5305 3323 5358 P.
3358 5299 3488 5374 Περὶ
3519 5306 3620 5371 τῆς

1970 5393 2205 5456 Θυτικῆς
2236 5385 2544 5462 ἐπιστήμης
2572 5387 2834 5460 ἠξίωσας.

1807 5592 2016 5650 NOT/E

257 5743 423 5821 (g-h)
454 5743 739 5801 Versibus
770 5740 1048 5817 politieis.

505 5872 771 5935 PATROL.
823 5871 935 5932 Gs.
986 5871 1225 5934 CXXII.

2037 5745 2103 5824 (i)
2136 5745 2276 5808 Vide
2304 5764 2505 5825 supra,
2537 5752 2565 5823 δ
2595 5751 2685 5826 39,
2714 5767 2773 5827 p.
2803 5750 2893 5810 28.

3221 5881 3292 5940 1⁸1
