4060 6344
467 369 590 430 523

1852 359 2137 420 LEONIS
2183 357 2499 420 ALLATll

3771 367 3896 426 524

543 499 673 575 Περὶ
749 500 1109 577 χρυσοποιίας
1170 500 1304 574 πρὸς
1381 501 1473 554 τὸν
1557 495 1902 574 πατριάρχην
1961 497 2112 568 κῦριν

2243 495 2449 551 mentis
2481 497 2789 570 celebrem,
2847 501 3110 573 artisque
3141 499 3415 557 exercitio
3471 500 3770 556 eruditum
3805 500 3896 555 in-

469 585 739 668 Μιχαήλ.
775 597 853 648 De
879 594 1010 647 auri
1057 591 1396 662 conﬁciendi
1426 591 1662 650 ratione;
1695 588 1768 644 ad
1799 591 1868 642 D.
1901 584 2127 639 Michae-

481 684 590 738 lem
619 680 1019 754 patriai-chum.
1053 681 1114 734 P.
1168 679 1353 755 Ὁρᾷς,
1414 679 1440 732 ὁ
1482 679 1613 750 ἐμὸς
1663 673 1948 744 δεσπότης,
1981 673 2009 726 ’ὁ
2062 692 2128 742 με

481 775 680 840 ποιεῖς,
815 775 917 838 τῆς
956 767 1096 841 ἐμῆς
1146 771 1332 843 ψυχῆς
1355 765 1620 842 τυραννίς.
1677 767 1820 821 Vide
1860 780 2039 835 supra
2071 763 2126 816 in

445 889 448 892 ο
485 859 681 930 editis,
709 859 740 932 §
768 859 856 914 38.

561 946 687 1020 Περὶ
723 951 1022 1024 Σφυγμῶν.
1055 952 1132 1004 De
1160 947 1443 1002 Pulsibus.
1495 947 1555 1001 P.
1588 945 1744 1002 "wa
1794 939 1858 1013 δή
1905 961 1991 996 σοι
2039 939 2130 994 καὶ

483 1037 546 1091 τὸ
576 1037 698 1111 περὶ
731 1041 1030 1113 Σφυγμῶν.

559 1127 761 1196 Ἀποση
773 1124 997 1198 μείωσις
1026 1125 1444 1198 Πυρεττώντων,
1477 1127 1614 1181 Nota
1636 1124 1710 1180 de
1735 1121 2127 1178 Febrientibus.

486 1220 544 1273 Ι).
577 1214 640 1268 Εἰ
671 1213 962 1284 κατεκλίθη
998 1215 1025 1268 6
1059 1218 1229 1268 νοσῶν
1264 1213 1314 1268 ὲν
1347 1213 1517 1288 ἀρχῇ.

557 1305 745 1361 LXXI.
797 1303 1054 1370 Ἰατρικὸν
1113 1303 1249 1376 πρὸς
1301 1305 1700 1356 Κωνσταντῖνον
1765 1300 1857 1354 τὸν
1913 1303 2131 1372 Πορφυ-

484 1392 822 1468 ρογὲννητον.
883 1393 1210 1448 Medicinale
1234 1392 1305 1447 ad
1355 1393 1776 1447 Constantinum
1813 1388 2129 1460 Porpher-

480 1488 795 1554 gcnnetam.
868 1481 930 1537 P.
990 1479 1098 1542 Τὰς
1173 1478 1604 1555 προσταχθείσας
1668 1477 1932 1550 ἐπιτομάς
1984 1475 2130 1546 παρὰ

479 1575 581 1637 τῆς
614 1575 711 1638 σῆς
746 1567 1047 1638 θειότητος,
1081 1571 1388 1625 Tractatus
1423 1567 1686 1641 prommii
1721 1568 1864 1622 mihi
1899 1566 2126 1637 copiam

481 1659 638 1729 fecit,
670 1659 758 1713 vir
783 1655 1119 1731 τετράγωνος
1180 1658 1459 1713 Melchior
1517 1657 1800 1724 Inchol‘er,
1863 1655 2131 1710 Messana.

481 1748 694 1816 delati;
729 1747 1099 1818 ipsum,quia
1131 1748 1320 1801 adhuc
1354 1747 1639 1801 ineditum
1672 1749 1853 1816 cst,ut
1885 1744 2126 1798 modum

2238 581 2409 651 nuit),
2461 589 2774 642 tractatum
2809 587 2976 644 illum
3024 588 3396 661 conscripsit,
3437 589 3566 658 jam
3627 588 3892 644 Psellum

2243 669 2394 726 ultra
2438 679 2672 730 centum
2727 681 2785 732 et
2832 679 3224 750 quadraginta
3281 694 3468 734 annos
3521 677 3757 745 vixisse,
3819 679 3894 732 ad

2240 760 2396 816 hunc
2430 763 2578 818 diem
2613 765 3298 833 inauditum,dicendum
3329 771 3440 822 est.
3465 769 3652 832 Quare
3685 766 3772 822 vel
3799 766 3900 821 hic

2239 847 2465 904 Psellus
2496 851 2647 907 alius
2677 857 2768 908 est
2795 871 2827 909 a
2857 853 3158 910 Michaelis
3189 853 3358 909 Ducas
3393 859 3768 926 praeceptore,
3805 852 3896 909 vel

2239 937 2465 994 Psellus
2497 941 2735 996 omnino
2769 959 2885 998 non
2927 947 3035 998 est.

2311 1027 2520 1102 LXXII.
2583 1026 2912 1083 Διδασκαλία
2969 1026 3288 1100 παντοδαπὴ
3349 1033 3462 1103 (j),
3521 1029 3612 1084 καὶ
3671 1029 3892 1090 πάντως

2238 1111 2635 1190 ἀναγκαιοτάτη
2696 1117 2746 1172 ἐν
2809 1118 2994 1173 ἑκατὸν
3051 1117 3370 1190 ἐνενήκοντα
3418 1120 3554 1193 πρὸς
3605 1125 3722 1180 τοῖς
3772 1119 3899 1173 τεσ-

2240 1223 2395 1277 σαρσι
2451 1204 2768 1282 κεφαλαίοις
2823 1205 3216 1281 θεωρουμένη,
3269 1209 3449 1284 χωρὶς
3503 1212 3610 1262 τῶν
3661 1204 3897 1283 σχεδια-

2239 1293 2471 1361 σθὲνστων
2529 1293 2724 1370 ἐτέρων
2784 1292 3056 1372 διαφόρων
3110 1294 3286 1369 λόγων
3345 1295 3437 1350 καὶ
3492 1296 3694 1370 στίχων
3751 1298 3894 1368 πρός

2240 1377 2532 1458 διαφόρους
2613 1381 2930 1456 ὑποθέσεις,
2991 1382 3263 1448 ἐκτεθεῖσα
3325 1383 3465 1458 πρὸς
3521 1385 3615 1439 τὸν
3675 1379 3898 1440 εὐσεϐὲ-

2240 1491 2428 1524 στατον
2503 1471 2592 1525 καὶ
2654 1470 2906 1546 ἀοίδιμον
2979 1469 3207 1548 βασιλέα
3277 1471 3432 1548 κύριν
3503 1469 3738 1548 Μιχαὴλ
3799 1474 3902 1528 τὸν

2240 1563 2440 1613 Δοῦκαν
2500 1559 2872 1638 αὐτοκράτορα
2927 1562 3211 1638 γεγονότα.
3271 1564 3529 1620 Doctrina
3559 1565 3898 1635 omnifaria,

2237 1653 2287 1705 et
2316 1653 2537 1708 omnino
2567 1655 2880 1708 necessaria
2915 1657 3138 1708 centum
3166 1653 3474 1724 nonaginta
3505 1657 3745 1724 quatuor
3795 1670 3892 1708 ca-

2236 1741 2444 1812 pitibus
2491 1743 2901 1812 comprehensa,
2933 1746 3142 1813 praeter
3169 1743 3313 1798 alios
3347 1743 3534 1798 varios
3583 1742 3900 1810 discursus,

482 1838 652 1894 etiam
693 1835 1000 1892 tractionis
1029 1835 1268 1904 habeas,
1303 1835 1397 1890 hic
1457 1851 1746 1906 apponam
1772 1849 1784 1886 :
1821 1830 1930 1892 Τὰς
1957 1849 2126 1905 προσ-
2160 1857 2210 1922 Β
2239 1836 2292 1885 et
2319 1832 2572 1886 carmina
2599 1847 2669 1887 ea:
2695 1836 2934 1904 tempore
2971 1832 3188 1887 dictata
3215 1831 3286 1887 ad
3326 1841 3662 1902 argumenta
3687 1834 3857 1888 varia
3883 1853 3904 1894 .-

478 1921 773 1998 ταχθείσας
845 1921 1116 1995 ἐπιτομάς
1175 1923 1320 1997 παρά
1372 1924 1468 1991 τῆς
1531 1927 1629 1990 σῆς
1690 1919 2002 1990 θειότητος,
2075 1917 2135 1972 ἐκ

481 2016 618 2066 Θεοῦ
678 2011 1053 2086 αὐτοκράτωρ,
1115 2011 1241 2086 περὶ
1299 2017 1399 2079 τῆς
1455 2013 1562 2064 τῶν
1625 2009 1882 2084 ἰατρικῶν
1923 2019 2132 2082 θεωρη-

485 2103 666 2172 μάτων
749 2106 1070 2174 συναγωγῆς
1152 2093 1380 2153 ἔσπευσα
1455 2099 1590 2153 κατά
1649 2100 1710 2152 τὸ
1766 2096 1988 2151 δυνατὸν
2049 2093 2137 2150 διὰ

480 2188 774 2260 συντομίας
827 2189 966 2260 ὁμοῦ
1015 2187 1104 2242 καὶ
1158 2187 1448 2258 σαφηνείας
1496 2192 1666 2242 πᾶσαν
1724 2188 1824 2256 τήν
1885 2188 2133 2259 ίάτρικήν

478 2277 748 2346 ἐπελθεῖν,
803 2275 971 2350 μηδὲν
1016 2277 1153 2331 κατά
1185 2275 1414 2350 δύναμιν
1457 2281 1584 2331 τῶν’
1623 2275 1927 2350 ἀναγκαίων
1975 2277 2136 2350 ὑπερ-

475 2371 628 2440 ορᾷν,
685 2363 914 2420 ἕκαστον
978 2364 1263 2438 ἐκθέμενος
1323 2371 1430 2420 τῶν
1488 2365 1854 2438 παθημάτων,
1913 2368 2134 2439 πρῶτον

480 2455 573 2527 μὲν
631 2456 726 2516 τὰς
789 2453 960 2515 αἰτίας
1017 2453 1373 2528 ὑπαγορεύων
1436 2459 1663 2532 σαφῶς,
1735 2452 1980 2529 δεύτερον
2041 2454 2136 2514 τὰς

481 2544 816 2615 σημειώσεις
872 2541 941 2597 δι’
996 2545 1068 2596 ὧν
1131 2541 1334 2618 ῥᾳδίως
1379 2545 1811 2618 γνωσθήσονται,
1873 2544 1968 2606 εἷθ’
2021 2543 2144 2612 ἑξῆς

482 2631 584 2699 τὴν
638 2631 944 2707 θεραπείαν,
1005 2629 1075 2684 δι’
1129 2633 1195 2700 ἢν
1252 2632 1427 2685 πάντα
1483 2631 1619 2685 κατά
1641 2631 1842 2706 τέχνην
1877 2629 2142 2706 θεραπεύ-

492 2706 706 2792 σομεν,
744 2720 1007 2795 πρότερον
1077 2720 1183 2774 ἀπὸ
1241 2706 1486 2794 κεφαλῆς
1543 2721 1876 2793 ἀρξάμενοι,
1939 2719 2027 2774 διὰ
2082 2720 2144 2774 τὸ

496 2807 668 2863 ἐκεῖσε
701 2806 972 2886 ἱδρύεσθαι
1003 2809 1066 2863 τὸ
1111 2809 1255 2883 ἱερὸν
1297 2815 1397 2877 τῆς
1449 2807 1681 2882 λογικῆς
1733 2812 1938 2884 ψυχῆς.
1987 2813 2148 2868 Iussu

497 2907 592 2955 tuo
621 2899 782 2966 mihi,
819 2899 1166 2954 divinissime
1191 2901 1509 2970 imperator,
1532 2901 1857 2971 compendia
1887 2901 1954 2955 de
1985 2902 2149 2957 Medi-

507 2989 786 3042 tationum
815 2987 1155 3042 medicorum
1200 2987 1522 3043 collectione
1549 2988 1906 3060 demandata,
1936 3007 2034 3061 pro
2065 2993 2149 3046 vi-

507 3077 658 3132 rium
688 3093 932 3132 mearum
965 3077 1201 3144 modulo,
1233 3077 1608 3148 compendiose
1646 3086 1806 3149 atq-ue
1849 3082 2150 3152 perspicue,

503 3181 724 3221 omnem
767 3165 1056 3222 medicina
1098 3167 1427 3236 facultatem
1456 3183 1798 3237 percurrens,
1829 3169 2155 3240 nullumque

503 3270 574 3309 ex
615 3255 941 3310 necessariis
981 3255 1286 3325 negligens,
1331 3255 1428 3311 sed
1475 3257 1758 3311 universos
1806 3259 2024 3312 morbos
2051 3273 2148 3312 ea:-

495 3358 724 3413 ponens,
774 3344 1054 3398 absolvere
1103 3345 1259 3399 nisus
1297 3361 1438 3398 sum.
1485 3346 1740 3400 Primum
1769 3349 1920 3402 enim
1948 3363 2149 3402 causas

495 3434 686 3502 aperte
697 3433 926 3487 enuntio
940 3451 965 3498 ;
981 3432 1341 3504 secundo,per
1361 3450 1496 3504 quas
1511 3449 1620 3489 non
1633 3435 1937 3506 di/ﬁculter
1956 3436 2147 3507 digno-

490 3522 734 3588 scentur,
763 3524 952 3584 notas;
985 3521 1206 3576 tandem
1236 3522 1442 3590 media,
1491 3539 1589 3596 per
1619 3539 1737 3593 quae
1785 3523 1896 3597 [51]
1959 3527 2146 3581 omnia

486 3610 786 3680 artiﬁciose
825 3610 1172 3666 curabimus.
1211 3611 1378 3666 Prius
1425 3628 1457 3665 a
1507 3613 1706 3683 capite,
1764 3613 1906 3684 quod
1966 3615 2028 3668 in
2083 3627 2142 3670 eo

483 3715 642 3753 sacra
668 3715 800 3770 pars
828 3700 1034 3754 animm
1063 3701 1360 3756 rationalis
1415 3700 1711 3769 inhaereat,
1763 3703 2138 3759 exordiamur.

489 3787 569 3842 Ex
627 3803 823 3860 ungue
869 3787 1120 3858 leonem,
1181 3797 1235 3844 et
1265 3805 1334 3845 ex
1365 3789 1473 3844 hoc
1524 3789 1683 3846 disce
1713 3798 1938 3847 caetera.
1972 3792 2141 3849 Liber

484 3881 682 3932 tamen
717 3878 1184 3932 contemnendus
1207 3894 1322 3933 non
1355 3883 1464 3948 est,
1497 3879 1600 3934 sed
1634 3897 1786 3952 saepe
1818 3897 1926 3935 sua
1955 3880 2139 3936 brevi-

489 3969 606 4020 tate
636 3965 1024 4035 expeditus,et
1055 3967 1329 4022 remediis
1361 3985 1392 4022 a
1425 3967 1858 4038 probatissimis
1889 3969 2136 4042 scripto-

482 4052 658 4108 rsbus
688 4053 928 4108 delectis
950 4054 1440 4126 transcriptisque
1471 4060 1530 4111 et
1561 4057 1827 4128 populari
1856 4057 2134 4130 loquendi

479 4141 672 4195 forma
701 4141 1018 4211 proﬁcuus.
1057 4143 1232 4198 Pselli
1281 4147 1478 4199 tamen
1521 4149 1822 4216 utcunque
1853 4165 1967 4203 non
2019 4153 2128 4204 est.

471 4229 670 4299 Neque
700 4229 856 4284 enim
890 4231 950 4284 in
985 4232 1230 4286 dicendo
1265 4231 1672 4300 acrimoniam,
1710 4251 1814 4290 nec
1844 4235 1904 4290 in
1938 4254 1998 4292 re
2028 4254 2123 4292 ex-

473 4317 762 4389 pedienda
811 4317 1110 4374 solertiam
1163 4320 1514 4376 Psellianam
1565 4339 1680 4394 praa
1722 4339 1784 4378 se
1827 4325 1956 4379 fert.
2013 4326 2127 4383 Nec

468 4406 691 4477 patitur
752 4407 810 4462 id
873 4407 1212 4477 imperator,
1274 4408 1370 4464 cui
1427 4413 1712 4466 tractatus
1761 4413 2121 4469 inscribitur.

463 4493 594 4548 Sive
623 4492 781 4548 enim
829 4492 1293 4550 Constantinum
1354 4495 1970 4570 Porphyrogennetam
2002 4503 2121 4573 pri-

2243 1918 2312 1973 ad
2363 1921 2680 1990 piissimum
2728 1929 2779 1976 et
2842 1920 3108 1977 celebrem
3165 1923 3562 1992 imperatorem
3607 1921 3902 1976 dominum

2242 2007 2560 2064 Michaelem
2589 2010 2815 2064 Ducum.
2850 2014 2911 2064 P.
2947 2007 3192 2062 Πιστεύω
3246 2008 3321 2070 εἷς
3369 2004 3462 2062 ἕνα
3511 2009 3724 2082 Πατέρα
3783 2014 3905 2064 τῶν

2243 2096 2457 2150 πάντων
2491 2095 2693 2172 ἀρχήν.
2727 2099 2948 2170 Capita,
2983 2115 3108 2170 quis
3141 2099 3198 2152 in
3232 2115 3300 2154 ea
3331 2101 3728 2166 continentur,
3762 2105 3914 2154 sunt

2248 2188 2594 2258 sequentia:
2657 2187 2721 2243 α’.
2767 2184 2899 2258 Περὶ
2941 2184 3222 2259 ὀνομάτων
3273 2190 3435 2240 τινῶν
3483 2184 3794 2262 λεγομὲνων
3853 2185 3909 2240 ἐν

2245 2277 2324 2345 τῷ
2377 2277 2484 2328 τῶν
2540 2276 2873 2349 Χριστιανῶν
2922 2271 3178 2348 δόγματι.
3234 2273 3300 2350 β’.
3379 2275 3505 2350 Περῖ
3559 2275 3750 2336 οὐσίας
3809 2274 3904 2329 καὶ

2250 2362 2498 2440 φύσεως·
2557 2365 2642 2439 γ’.
2719 2363 2848 2440 Περὶ
2891 2361 3308 2420 ἐνυποστοὶτων.
3369 2361 3430 2418 δ’.
3493 2365 3620 2438 Περὶ
3691 2365 3908 2436 ὁμοου-

2251 2451 2389 2506 σίου.
2451 2453 2506 2508 ε’.
2581 2452 2712 2527 Περὶ
2785 2453 3224 2524 ὁμοϋποστάτου.
3285 2453 3350 2516 ς’.
3413 2451 3540 2528 Περί
3592 2451 3904 2508 ἐνυποστά-

2251 2560 2426 2597 σεων.
2489 2543 2548 2610 ζ’.
2619 2542 2746 2616 Περὶ
2809 2537 3110 2602 οὖσιώδους
3163 2539 3408 2604 ἑνώσεως
3461 2539 3550 2594 καὶ
3609 2539 3904 2618 διαφορᾶς,

2252 2630 2348 2698 η’,
2409 2631 2488 2694 θ’.
2563 2631 2692 2706 Περὶ
2763 2631 3132 2698 ὑποστατικῆς
3182 2628 3424 2692 ἐνώσεως
3466 2630 3556 2684 καὶ
3610 2627 3902 2708 διαφορᾶς.

2259 2718 2308 2786 ι’,
2346 2725 2428 2774 ια’.
2462 2718 2591 2793 Περὶ
2621 2725 2722 2786 τῆς
2767 2717 2917 2794 ἁγίας
2974 2715 3226 2790 Τριάδος.
3263 2719 3349 2793 ιβ’”
3405 2716 3538 2794 Περί
3568 2723 3663 2772 τοῦ
3693 2720 3906 2790 τρόπου

2254 2813 2354 2874 τῆς
2385 2804 2728 2869 ἀντιδόσεως.
2759 2815 2840 2882 ιγ’.
2897 2807 3028 2882 Περὶ
3057 2813 3157 2877 τῆς
3183 2805 3328 2871 θείας
3363 2805 3627 2869 ἐνώσεως.
3663 2805 3746 2863 ιδ’.
3773 2809 3908 2884 Περὶ

2259 2895 2465 2975 φύσεως
2497 2896 2756 2960 ἀπαθοῦς.
2793 2897 2870 2952 ιε’.
2927 2897 3017 2960 Τίς
3073 2897 3101 2950 6
3143 2895 3291 2957 Θεός.
3347 2897 3432 2959 ις’.
3475 2895 3537 2952 Εἰ
3568 2894 3791 2973 ἄπειρον
3841 2897 3912 2952 τά

2259 2991 2414 3040 Θεῖον
2443 2985 2531 3040 καὶ
2563 2989 2680 3046 πῶς
2711 2986 2953 3060 ἄπειρον.
2987 2985 3067 3053 ιζ’.
3095 2988 3217 3045 Πῶς
3251 2981 3389 3039 οἶδεν
3423 2985 3451 3039 ὁ
3483 2985 3611 3046 Θεὸς
3641 2985 3707 3039 τὰ
3743 3007 3914 3056 μετα-

2265 3072 2582 3149 βαλλόμενα
2627 3076 2943 3150 πράγματα.
2999 3075 3069 3144 ιη’
3111 3073 3246 3130 Ἀπὸ
3293 3072 3456 3128 ποίου
3501 3075 3721 3149 πρώτου
3757 3097 3912 3130 στοι-

2263 3163 2416 3238 χείου
2446 3161 2648 3236 ἤρξατο
2677 3164 2770 3218 τὸν
2800 3163 3004 3236 κόσμον
3033 3167 3210 3217 ποιεῖν
3245 3163 3272 3216 ὁ
3315 3159 3466 3224 Θεός.
3503 3165 3585 3220 ιθ”.
3619 3161 3790 3227 Πόθεν
3823 3159 3912 3218 ἕν-

2261 3273 2407 3306 νοιαν
2461 3246 2624 3328 ἔσχον
2673 3257 2810 3307 Θεοῦ
2842 3255 2954 3325 [52]
2985 3247 3285 3327 ἅνθρωποι.
3319 3257 3383 3307 κ’.
3429 3253 3654 3326 Πότεροι
3683 3251 3920 3317 πλείους

2259 3345 2311 3398 oi
2359 3342 2601 3418 ἄγγελοι,
2651 3343 2685 3412 ἢ
2720 3344 2769 3397 οἱ
2797 3342 3094 3420 ἅνθρωποι.
3128 3349 3227 3413 κα’,
3267 3343 3373 3418 κβ’,
3405 3344 3506 3418 κγ’,
3536 3341 3636 3412 κδ’,
3668 3344 3766 3414 κε’,
3801 3345 3912 3417 κζ’,

2255 3434 2353 3502 κζ’,
2387 3439 2493 3504 κη’,
2523 3435 2619 3490 κθ’.
2649 3432 2777 3508 Περὶ
2809 3435 2924 3488 νοῦ.
2958 3432 3028 3500 Α’,
3059 3430 3162 3499 λα’,
3197 3431 3307 3506 λβ’,
3337 3431 3440 3506 λγ’,
3493 3427 3596 3503 λδ’,
3645 3431 3742 3500 λε,
3797 3431 3910 3502 λς’,

2257 3520 2358 3590 λζ’,
2393 3519 2501 3592 λη’,
2533 3519 2635 3592 λο’,
2675 3521 2747 3591 μ’,
2784 3527 2890 3592 μα’,
2927 3520 3040 3596 uti.
3078 3520 3182 3594 μγ’,
3221 3517 3326 3592 μδ’.
3363 3527 3460 3592 με’,
3495 3527 3601 3592 μς’,
3637 3527 3742 3593 μζθ.
3771 3523 3908 3598 Περὶ

2252 3613 2459 3684 ψυχῆς.
2506 3611 2622 3683 μη’.
2663 3609 2725 3666 Εἰ
2751 3603 3090 3683 μεταϐάλλοι
3114 3609 3267 3684 ψυχὴ
3301 3608 3378 3672 εἷς
3409 3606 3660 3684 ἄγγελον.
3695 3613 3798 3667 Λθ’.
3837 3613 3906 3668 Εἰ

2250 3699 2488 3775 ἄναρχος
2546 3702 2580 3765 ἡ
2646 3701 2823 3774 ψυχή.
2882 3699 2944 3754 ν’.
2997 3692 3406 3774 Ἀκριϐἐστερον
3449 3697 3572 3773 περὶ
3635 3703 3900 3774 ψυχικῶν

2250 3784 2549 3860 δυνάμεων.
2598 3789 2693 3843 να’.
2742 3791 2863 3851 Ηῶς
2919 3788 2946 3841 ὁ
3007 3785 3233 3840 Πλάτων
3276 3788 3532 3863 γεννητὴν
3589 3787 3731 3862 ὁμοῦ
3793 3792 3902 3859 τὴν

2247 3878 2428 3952 ψυχήν
2477 3875 2565 3932 καὶ
2622 3876 2881 3931 ἀθάνατον
2943 3875 3314 3952 ἀποφαίνεται.
3372 3877 3472 3952 νβ’.
3537 3878 3702 3948 Τίςὴ
3743 3877 3903 3934 Πλα-

2242 3967 2443 4034 τωνική
2475 3964 2801 4042 ψυχογονία.
2850 3965 2951 4039 νγ’.
2986 3962 3136 4018 Διατί
3187 3965 3222 4034 ἡ
3271 3966 3425 4040 ψυχὴ
3461 3965 3598 4036 μὲση
3645 3969 3756 4019 τῶν
3793 3987 3894 4040 με-

2243 4058 2438 4129 ριστῶν
2489 4051 2578 4107 καί
2619 4051 2923 4126 ἀμερίστων
2980 4049 3214 4125 λέγεται.
3269 4049 3366 4106 νδ’.
3427 4050 3586 4107 Ποίαν
3612 4053 3800 4127 ψυχὴν
3875 4055 3905 4108 ὁ

2242 4140 2473 4198 Πλάτων
2525 4141 2575 4196 ἐν
2619 4140 2834 4215 Τιμαίῳ
2875 4143 3072 4215 γεννᾷ.
3129 4139 3237 4195 νε’.
3301 4137 3398 4200 Τίς
3449 4141 3480 4208 ἡ
3537 4147 3640 4208 τῆς
3701 4143 3898 4216 ψυχῆς

2240 4229 2490 4305 δύναμις.
2549 4231 2625 4294 νς¹
2659 4273 2672 4287 .
2733 4233 2893 4284 Ποῖαι
2950 4230 3004 4282 αἱ
3059 4233 3158 4296 τῆς
3210 4233 3396 4302 ψυχῆς
3457 4225 3735 4300 δυνάμεις,
3797 4232 3890 4283 καὶ

2239 4320 2397 4382 τίνες.
2451 4321 2549 4389 νζ’.
2609 4319 2676 4377 Τί
2737 4317 2846 4372 ἱστι
2908 4316 3086 4395 φύσις*
3137 4317 3242 4384 νη’.
3293 4316 3387 4378 Τίς
3419 4319 3454 4385 ἡ
3494 4315 3758 4391 διαίρεσις
3787 4323 3900 4373 τῶν

2233 4413 2426 4464 κοινῶν
2478 4408 2755 4483 ἐνεργειῶν
2784 4412 2884 4475 τῆς
2927 4408 3112 4479 ψυχῆς
3145 4405 3280 4477 πρὸς
3306 4408 3369 4459 τὸ
3405 4425 3586 4478 σωμα.
3620 4407 3722 4462 νθ’.
3762 4409 3906 4461 Πότε

2233 4501 2267 4568 ἡ
2300 4499 2451 4573 ψυχὴ
2483 4502 2562 4569 τῷ
2593 4493 2873 4568 κυουμένῳ
2913 4493 3120 4547 ἑνοῦται
3153 4495 3387 4565 σώματι.
3435 4495 3494 4566 ξ’.
3557 4497 3680 4554 Πῶς
3739 4493 3900 4548 ἑνοῦ-

465 4598 651 4648 mum,
709 4581 829 4637 sive
879 4585 1229 4654 secundum,
1285 4584 1386 4655 qui
1438 4602 1572 4640 cum
1607 4587 1820 4643 Basilio
1879 4590 2123 4662 imperio

2243 4609 2318 4643 ται
2348 4592 2424 4658 τῷ
2453 4586 2666 4658 σώματι
2705 4587 2740 4652 ἡ
2789 4583 2966 4657 ψυχή.
3003 4581 3096 4651 Ea’.
3133 4581 3266 4654 Περὶ
3297 4585 3396 4653 τῇς
3425 4579 3635 4655 ἀλόγου
3666 4584 3883 4657 ψυχῆς,

462 4671 714 4743 praefuit,
749 4669 1067 4743 intelligas,
1103 4671 1332 4728 Psellus
1365 4679 1570 4730 auctor
1600 4692 1728 4732 esse
1761 4695 1874 4733 non
1907 4682 2117 4750 potuit,

463 4777 636 4832 quem
673 4759 782 4817 sub
833 4759 1080 4830 imperio
1123 4762 1309 4818 Alexii
1340 4766 1638 4819 Commeni
1669 4766 1863 4822 vivum
1923 4770 2115 4826 adhuc

460 4849 982 4922 deprehendimus,
1035 4849 1150 4905 nisi
1203 4855 1343 4906 tunc
1375 4853 1660 4924 primum,
1692 4861 1749 4910 et
1779 4863 2005 4926 natum,
2058 4865 2114 4915 et

457 4938 640 4995 libros
669 4943 1116 5011 componentem
1145 4939 1333 4996 dicere
1357 4941 1643 5012 velimus;
1679 4949 1738 5000 et
1765 4949 1905 5002 tunc
1935 4949 2108 5004 etiam

453 5029 630 5085 vitam
663 5030 791 5100 ejus
841 5028 998 5084 ultra
1045 5031 1436 5086 centesimum
1491 5049 1714 5088 annum
1765 5036 2106 5106 productam

451 5119 620 5174 fateri
662 5133 960 5190 cogemur.
1013 5119 1176 5184 Quod
1227 5119 1275 5174 si
1329 5119 1573 5192 triginta
1605 5139 1792 5178 annos
1825 5129 1997 5181 natus
2050 5133 2106 5183 et

451 5207 711 5279 amplius
771 5209 837 5262 ad
894 5207 1118 5274 minus,
1171 5212 1234 5264 ut
1283 5209 1604 5268 verisimile
1648 5217 1738 5268 est
1783 5213 2102 5285 (auctorem

447 5299 630 5365 enim,
664 5296 907 5354 allatum
939 5295 1242 5354 exordium
1276 5303 1444 5356 mtate
1475 5307 1836 5373 provectum,
1880 5307 2100 5378 experi-

2230 4679 2326 4752 ξβ’,
2360 4675 2447 4738 Τίς
2481 4677 2515 4744 ἡ
2562 4671 2854 4749 βούλησις,
2904 4670 2995 4724 καὶ
3037 4668 3116 4730 τίς
3177 4670 3205 4723 ὁ
3257 4669 3553 4744 πρακτικὸς
3599 4668 3898 4744 λογισμός.

2226 4768 2317 4843 ξγ’.
2367 4764 2494 4839 Περὶ
2544 4760 2908 4838 προαιρέσεως
2953 4759 3044 4814 καὶ
3091 4765 3417 4836 προσοχῆς.
3489 4756 3580 4829 ξδ’.
3641 4760 3890 4833 Πότερον

2223 4860 2257 4926 ἡ
2308 4855 2463 4930 ψυχὴ
2498 4852 2683 4908 λύεται
2731 4851 2836 4904 ἀπὸ
2861 4849 2957 4904 τοῦ
2989 4850 3262 4922 σώματος,
3295 4847 3329 4916 ἢ
3360 4847 3422 4902 τὸ
3455 4851 3615 4920 σῶμα
3644 4847 3752 4902 ἀπὸ
3774 4855 3880 4918 τῆς

2225 4949 2433 5020 ψυχῆς.
2495 4943 2594 5012 ξη’.
2654 4944 2776 5001 Πῶς
2810 4939 3090 5013 συνέχεται
3136 4941 3172 5008 ἡ
3224 4939 3380 5011 ψυχὴ
3439 4936 3492 4991 ἐν
3525 4941 3604 5009 τῷ
3635 4937 3880 5010 σώματι,

2219 5037 2316 5108 Eds
2367 5035 2459 5104 ξζί
2492 5033 2592 5103 Erl,»
2627 5032 2698 5104 ἔθ’
2731 5036 2792 5098 θ’,
2827 5035 2926 5098 θαι,
2959 5029 3061 5103 οβ’,
3095 5029 3192 5102 (η’,
3225 5023 3286 5081 οδ
3332 5028 3429 5096 οῖ’,
3479 5027 3577 5094 ος’,
3633 5027 3708 5095 οξ
3771 5035 3882 5096 (ιη’,

2219 5127 2316 5196 00',
2368 5125 2441 5191 π’,
2493 5129 2599 5178 na’.
2649 5119 2779 5194 Περὶ
2828 5118 3053 5193 ἀρετῶν.
3101 5117 3215 5190 πβ“.
3267 5116 3388 5173 Τίνι
3424 5111 3664 5192 διαφέρει
3717 5115 3874 5192 ἀρχὴ

2213 5215 2305 5272 καὶ
2339 5216 2605 5288 στοιχεῖα.
2635 5210 2746 5284 πγ“.
2781 5208 2911 5279 Περὶ
2942 5209 3048 5259 τῶν
3082 5204 3294 5280 ἀρχῶν,
3325 5203 3378 5258 τί
3407 5203 3533 5277 εἶσι,
3575 5201 3683 5260 τπδ’.
3737 5205 3878 5281 Περὶ

2215 5305 2378 5362 ἰδεῶν
2413 5309 2512 5362 πε’.
2549 5298 2678 5374 Περὶ
2709 5291 3009 5371 δαιμόνων,
3041 5294 3130 5350 καὶ
3149 5295 3375 5369 ἡρώων.
3409 5295 3518 5357 πς’.
3555 5293 3683 5368 Περὶ
3715 5291 3862 5363 ὕλης
3883 5337 3896 5348 .

2070 5481 2283 5538 NOTIE

530 5609 596 5686 (j)
628 5608 822 5686 Hujus
845 5608 1036 5686 prima
1083 5608 1316 5686 aliquot
1341 5615 1536 5686 capita
1583 5616 1778 5673 Grmce
1817 5623 1874 5675 et
1909 5621 2109 5680 Latine

457 5679 721 5752 Vulgavit
749 5679 1132 5752 Woegelinus,
1167 5679 1232 5739 Iit
1262 5679 1484 5742 dictum
1517 5691 1606 5744 est
1635 5705 1816 5762 supra
1845 5695 1872 5758 ἓ
1920 5695 2008 5764 46,
2055 5679 2111 5753 et

2220 5625 2508 5696 integram
2541 5613 2992 5696 communicabo
3021 5629 3155 5670 cum
3189 5611 3404 5670 lectore
3427 5609 3584 5666 infra
3604 5608 3674 5666 ad
3697 5606 3886 5682 hujus

2221 5689 2500 5753 Diatiibae
2531 5689 2770 5748 calcem.
