4078 6336
217 381 343 442 525

1484 362 1866 430 DIATRIBA
1902 358 2004 423 DE
2047 363 2395 434 PSELLIS.

3531 375 3652 438 526

220 512 331 580 πζ.
397 506 527 583 Περὶ
586 505 801 563 αἶ’τιῶν.
854 505 968 576 πη’.
1030 503 1161 580 Περὶ
1224 502 1547 579 σχημάτων.
1598 499 1705 564 πθὀ
1754 494 2237 585 ῙῘερῖΑτῶντῆς
2289 509 2392 577 γῆς
2452 509 2650 579 μερῶν.
2684 501 2811 582 ρξδ’.
2848 506 2978 580 Περὶ
3033 510 3294 579 σεισμῶν.
3351 508 3468 583 ρξε’.
3522 509 3654 585 Περὶ

222 598 569 676 χρωμάτων.
753 594 882 671 Περὶ
937 593 1133 667 μίξεως
1184 594 1272 649 καὶ
1316 591 1582 668 κράσεως.
1616 589 1718 666 ιμ’.
1752 584 1888 676 Περί

219 675 489 767 γενέσεως
528 686 620 742 καὶ
673 682 1039 763 φθορᾶς.
1084 682 1216 757 Περὶ
1261 680 1549 755 σωμάτων.
1602 678 1708 756 ια’.
1760 675 1891 751 Περὶ

225 777 568 854 ἐλαχίστων.
626 771 731 852 ιβ’.
784 772 914 848 Περὶ
962 769 1223 849 διαφορᾶς
1281 770 1554 846 γνώσεων.
1611 768 1705 845 [ιε’.
1767 769 1889 827 Πῶς

225 868 334 923 οὐκ
408 864 493 920 ἀεὶ
584 861 889 938 μετέχομεν
965 861 1064 916 τοῦ
1143 864 1276 916 Θεοῦ
1308 904 1323 929 ,
1381 856 1461 913 άεί
1548 857 1892 932 ἐνεργοῦντος

224 955 421 1012 αὐτοῦ.
477 955 581 1030 ιβ’.
639 950 791 1007 Διατί
850 948 999 1015 ὅλως
1069 948 1180 1006 ἐστὶ
1246 949 1311 1003 τὸ
1375 947 1562 1004 κακόν.
1622 946 1725 1023 ιζ’.
1785 947 1891 1002 Τε-

234 1044 511 1116 Αεώτερον
570 1042 696 1119 περὶ
752 1044 848 1096 τοῦ
901 1043 1092 1096 κακοῦ.
1154 1038 1263 1117 ῐτηκ
1295 1038 1361 1093 Εἰ
1416 1035 1527 1093 ἐστι
1583 1057 1635 1090 τι
1688 1033 1739 1090 ἐν
1792 1034 1891 1109 ἀγ-

228 1134 427 1211 γέλοις
458 1131 648 1189 κακόν.
699 1130 796 1208 [ιϐ’.
844 1128 907 1186 Εἰ
945 1128 997 1183 ἐν
1041 1127 1195 1201 τόπῳ
1237 1128 1301 1183 τὸ
1350 1127 1668 1199 ἀσώματον.
1711 1125 1775 1211 pf.
1825 1121 1891 1180 Εἰ

231 1209 410 1282 κακὸν
439 1225 476 1294 ἡ
511 1219 642 1291 ὕλη.
678 1221 778 1295 ρα’.
810 1219 938 1294 Περὶ
965 1224 1066 1288 τῆς
1096 1217 1233 1294 πρὸς
1266 1215 1328 1272 τὸ
1358 1220 1513 1272 Θεῖον
1554 1218 1662 1270 τῶν
1719 1209 1888 1269 ὄντων

229 1314 592 1391 ἐπιστροφῆς.
628 1310 731 1386 ρβ’.
786 1309 919 1384 Περὶ
976 1308 1203 1385 χρόνου.
1266 1314 1367 1381 ργ’.
1416 1304 1548 1380 Περὶ
1598 1307 1888 1376 κινήσεως.

225 1403 331 1482 ρδ’.
375 1402 505 1477 Περὶ
548 1399 809 1475 ἀνάγκης.
858 1405 949 1473 ρε’.
1012 1396 1143 1472 Περὶ
1190 1395 1546 1473 εἱμαρμένης.
1597 1402 1700 1470 ρς’.
1759 1391 1892 1462 Περὶ

220 1493 434 1570 τύχης,
473 1490 563 1546 καὶ
594 1489 935 1562 αὐτομάτου.
969 1488 1066 1562 ρξ’.
1098 1487 1229 1563 Περὶ
1275 1485 1499 1557 αἰῶνος,
1524 1484 1616 1540 καὶ
1663 1482 1890 1559 χρόνου.

226 1585 341 1659 pr".
371 1580 504 1655 Περὶ
532 1584 641 1636 τῶν
692 1580 729 1634 ε’
758 1577 1087 1649 αἰσθήσεων.
1124 1577 1223 1653 ρθ’.
1257 1576 1325 1633 Εἴ
1382 1574 1583 1647 ἀληθὲς
1630 1575 1694 1629 τὸ
1736 1593 1895 1629 κατα-

225 1668 617 1735 ϐασκαίνεσθαί
645 1688 793 1730 τινας
825 1667 930 1723 ὑπὸ
967 1670 1077 1723 τῶν
1113 1667 1390 1742 ὁρώντων.
1426 1666 1512 1742 ρι’.
1546 1667 1672 1727 Πῶς
1710 1662 1892 1718 ἐκλεί-

223 1766 351 1837 ψεις
398 1760 667 1835 γίνονται.
700 1757 825 1832 ρια’.
858 1760 986 1818 Πῶς
1042 1753 1240 1832 ἄῤῥενα
1294 1753 1384 1809 καὶ
1445 1752 1619 1824 θήλεα
1663 1750 1889 1827 γίνεται.

1996 588 2094 640 τοῦ
2145 587 2385 663 μεγάλου
2432 595 2733 666 χειμῶνος.
2766 592 2896 669 ρξς’.
2943 593 3095 649 Διατί
3143 594 3389 670 ἁλμυρὸν
3432 595 3496 652 τὸ
3551 599 3652 662 τῆς

2000 671 2274 747 θαλάσσης
2332 676 2479 755 ὕδωρ
2536 678 2670 738 ἐστί.
2728 682 2852 757 ρξζ.
2900 682 2992 745 Τίς
3032 684 3068 752 ἡ
3125 681 3273 738 αἲτία
3320 687 3420 739 τοῦ
3472 683 3524 740 ἐν
3580 689 3650 760 τῇ

2001 761 2243 841 θαλάσσῃ
2272 766 2447 842 γλυκὺ
2496 766 2643 844 ὕδωρ
2692 770 3050 847 εὑρίσκεσθαι.
3087 773 3223 848 ρξη’.
3257 771 3408 829 Διατί
3452 774 3516 829 τὸ
3559 775 3653 828 θα-

2001 848 2219 909 λάττιον
2268 853 2414 932 ὕδωρ
2466 857 2528 913 οὐ
2576 858 2759 937 τρὲφει
2806 859 2874 915 τά
2926 857 3139 936 δένδρα.
3189 862 3319 937 ρξθ’.
3352 861 3503 918 Διατί
3550 865 3653 934 τῆς

1999 940 2274 1015 θαλάσσης
2355 944 2526 1021 ἐλαίῳ
2582 947 3104 1024 καταῤῥαινομένης,
3157 950 3359 1026 γίνεται
3415 952 3652 1030 καταφά-

1998 1051 2115 1086 νεια
2160 1032 2251 1088 καὶ
2297 1033 2538 1110 γαλήνη.
2593 1043 2690 1113 po’.
2740 1037 2842 1099 Τίς
2890 1040 2926 1109 ἡ
2975 1038 3125 1094 αίτία
3174 1037 3245 1094 δι’
3274 1042 3341 1110 ἢν
3386 1039 3514 1097 ὅταν
3572 1042 3649 1106 εἷς

1997 1122 2097 1191 τήν
2175 1121 2444 1186 θάλασσαν
2520 1126 2728 1202 ἐμπέσῃ
2800 1128 3081 1203 κεραυνὸς,
3141 1130 3263 1206 ἅγες
3337 1128 3649 1203 ἑξωθοῦσιν.

2001 1211 2133 1285 ροα’.
2168 1212 2296 1287 Περὶ
2325 1220 2426 1284 τῆς
2473 1214 2524 1269 ἐν
2567 1210 2777 1287 Εὐϐοίᾳ
2805 1215 3157 1293 πολιρροίας.
3194 1219 3331 1295 ροβ’.
3364 1219 3515 1275 Διατί
3546 1221 3650 1276 ὑπὸ

1998 1304 2109 1356 τῶν
2145 1301 2331 1357 ὑετίων
2370 1300 2581 1359 ὑδάτων
2618 1302 2857 1378 μᾶλλον,
2890 1305 2926 1375 ἢ
2965 1310 3074 1362 τῶν
3101 1304 3404 1384 ἐπιῤῥὺτων
3430 1308 3497 1365 τὰ
3538 1306 3655 1365 66v-

2002 1385 2125 1463 δρα,
2159 1390 2249 1445 καὶ
2297 1392 2365 1447 τά
2411 1394 2693 1469 σπέρματα
2729 1394 2934 1472 πέφυκε
2969 1396 3280 1475 τρέφεσθαι.
3329 1399 3461 1474 ρογ’.
3503 1397 3652 1453 Διατί

1998 1482 2109 1533 τῶν
2153 1475 2405 1556 ὀμϐρίων
2457 1480 2662 1537 ὑδάτων
2719 1480 3051 1558 εὐωδέστερα
3097 1491 3216 1548 τοῖς
3272 1487 3541 1562 σπέρμασι
3571 1487 3655 1543 »τὰ

2006 1568 2141 1640 μετά
2174 1568 2416 1644 βροντῶν
2445 1570 2535 1626 καὶ
2580 1572 2868 1647 ἀστραπῶν
2902 1570 3089 1631 ὕδατα.
3125 1572 3265 1647 ροδ’.
3310 1576 3442 1651 Περί
3488 1596 3652 1632 τινων

2003 1652 2237 1729 λιμνῶν.
2273 1660 2397 1732 ροε’.
2432 1659 2563 1735 Περὶ
2606 1665 2891 1734 ποταμῶν.
2936 1663 3069 1736 ροςῖ
3113 1662 3241 1737 Περὶ
3279 1663 3487 1720 Νείλου
3535 1665 3657 1721 ἀνα-

2001 1741 2229 1813 ϐάσεως.
2272 1750 2401 1822 ροζ’.
2451 1750 2601 1805 Διατί
2657 1750 2823 1823 μόνος
2859 1756 3121 1826 ποταμῶν
3171 1754 3199 1807 6
3228 1751 3430 1817 Νεῖλος
3487 1752 3654 1831 αὔρας

229 1850 362 1927 ριβ’.
425 1846 576 1904 Διατί
633 1846 774 1923 γυνὴ
826 1843 1102 1931 πολλάκις
1162 1841 1584 1931 συνουσιάζουσα
1644 1840 1717 1931 οὐ,
1759 1837 1890 1895 συλ-
1919 1864 1969 1931 Β
2002 1839 2100 1896 οὐκ
2128 1838 2470 1900 ἀναδίδωσιν.
2507 1848 2644 1919 ροη⁸.
2678 1843 2809 1918 Περὶ
2862 1848 2972 1900 τῶν
3025 1844 3294 1920 μεγίστων
3334 1848 3646 1923 βασιλειῶν.

228 1933 531 2010 λαμϐάνει,
590 1936 714 2010 ριγ’.
766 1933 917 1989 Διατί
968 1929 1170 2007 δίδυμα
1225 1931 1315 1987 καὶ
1373 1928 1611 2006 τρίδυμα
1662 1929 1888 2005 γίνεται.

227 2025 353 2103 ριδ’.
390 2025 561 2091 Πόθεν
594 2023 840 2100 γίνονται
868 2027 978 2078 τῶν
1006 2020 1210 2097 γονὲων
1255 2021 1312 2077 αἱ
1350 2020 1665 2094 ὁμοιώσεις,
1697 2019 1787 2075 καὶ
1836 2019 1890 2074 αἱ

227 2118 369 2192 πρὸς
414 2115 647 2176 τούτους
693 2111 1118 2185 ἀνομοιότητες.
1170 2111 1287 2187 ριε’.
1319 2109 1387 2167 Εἴ
1438 2110 1529 2165 καὶ
1559 2110 1621 2164 τὸ
1651 2103 1888 2183 ἔμϐρυον

228 2211 399 2276 ζῶον,
426 2204 518 2259 καὶ
562 2207 681 2267 πῶς
723 2199 973 2279 τρέφεται
1016 2204 1201 2255 τοῦτο.
1254 2200 1375 2275 ρις’.
1421 2202 1543 2260 Πῶς
1591 2199 1644 2253 οἳ
1691 2192 1890 2274 ὄνειροι

229 2295 506 2371 γίνονται,
538 2292 658 2367 ριζ’.
716 2295 848 2365 Περι
909 2287 1108 2365 ὑγείας,
1168 2290 1258 2344 καὶ
1315 2287 1498 2360 νόσου,
1547 2289 1635 2343 καὶ
1677 2289 1889 2363 γήρως.

230 2386 367 2462 ριη’.
403 2380 559 2438 Διατί
588 2381 641 2435 οἱ
670 2377 1023 2450 νηστεύοντες
1054 2376 1252 2452 διψῶσι
1288 2374 1525 2451 μᾶλλον,
1558 2378 1592 2447 ἢ
1642 2381 1886 2432 πεινῶσι.

228 2475 358 2549 ριθ’.
412 2470 565 2527 Διατί
610 2473 924 2538 πεινῶντες,
966 2466 1057 2523 ἐὰν
1109 2468 1332 2535 πίνωσι,
1381 2464 1641 2540 διψῶντες
1694 2463 1771 2534 δὲ,
1804 2463 1892 2520 ἐὰν

227 2561 504 2635 φάγωσιν,
538 2557 915 2615 ἐπιτείνονται.
949 2557 1049 2633 ρκ’.
1100 2556 1166 2614 Εἰ
1222 2552 1336 2611 ἔστι
1370 2577 1422 2610 τι
1463 2554 1616 2619 ἐκτὸς
1650 2559 1747 2610 τοῦ
1795 2554 1887 2609 οὐ-

230 2654 424 2727 ρανοῦ.
457 2650 594 2724 ρκα’.
627 2648 759 2723 Περὶ
787 2649 888 2716 τῆς
916 2649 1015 2702 τοῦ
1044 2646 1335 2722 ἀνθρώπου
1366 2644 1571 2707 οὐσίας.
1605 2645 1744 2720 ρκβ’.
1793 2643 1887 2706 Εἰς

228 2741 441 2801 πόσους
495 2735 735 2799 κύκλους
784 2734 1073 2811 διαιρεῖται
1104 2737 1133 2791 6
1164 2734 1409 2810 οὐρανός.
1444 2735 1580 2809 ρκγ’.
1616 2730 1745 2809 Περὶ
1791 2737 1889 2789 τοῦ

230 2828 572 2908 φαινομένου
602 2825 655 2882 ἓν
680 2830 762 2899 τῷ
810 2825 1028 2900 οὐρανῷ
1072 2820 1499 2901 γαλακτοειδοῖκ
1549 2821 1775 2896 κύκλου,
1797 2822 1888 2878 καὶ

234 2916 548 2992 λεγομένου
591 2912 882 2985 Γαλαξίου.
934 2910 1065 2990 ρκδ’.
1116 2912 1246 2990 Περὶ
1295 2917 1404 2968 τῶν
1455 2911 1795 2991 φαινομένων
1836 2912 1890 2967 ἄν

229 3012 319 3079 τῷ
351 3004 569 3081 οὐρανῷ
599 3001 874 3082 διαφόρων
917 3002 1158 3078 πυρίνων
1207 3004 1525 3075 φασμάτων.
1576 3003 1698 3079 ρκε’.
1756 3001 1887 3077 Περὶ

226 3100 341 3151 τῶν
392 3092 735 3172 φαινομένων
781 3092 834 3148 ἐν
876 3097 958 3164 τῷ
1000 3092 1218 3165 οὐρανῷ
1271 3092 1587 3168 χρωμάτων
1636 3090 1887 3164 αἱματω-

227 3183 368 3256 δῶν,
405 3183 500 3239 καὶ
547 3181 876 3259 χασμάτων.
930 3187 1063 3257 ρκς’.
1114 3180 1250 3256 Περὶ
1305 3184 1408 3246 τῆς
1467 3179 1652 3243 οὐσίας
1697 3178 1886 3249 ἡλίου,

221 3273 317 3330 καὶ
350 3272 399 3331 εἲ
425 3269 634 3328 πολλοί
667 3271 800 3327 εἰσιν
841 3269 1021 3339 ἣλιοι.
1050 3271 1180 3347 ρκζ’.
1213 3269 1345 3345 Περὶ
1397 3269 1655 3344 μεγέθους
1698 3267 1884 3339 ἡλίου,

224 3364 322 3421 καὶ
372 3363 638 3434 σελήνης,
678 3363 769 3417 καὶ
820 3367 948 3436 γῆς.
1000 3361 1139 3436 ρκη’.
1183 3359 1313 3434 Περὶ
1346 3358 1643 3432 ἑκλειψεως
1690 3357 1883 3429 ἡλίου.

224 3456 367 3532 ρκθ’.
396 3452 530 3527 Περὶ
560 3448 858 3525 ἕκλείψεως
889 3448 1149 3519 σελήνης.
1185 3447 1289 3524 ρλ’.
1320 3447 1386 3505 Εἴ
1413 3447 1614 3524 θερμὸς
1643 3448 1671 3502 6
1701 3446 1885 3516 ἥλιος.

227 3542 376 3620 ρλοι’.
411 3542 513 3604 Τίς
543 3543 581 3611 ἡ
612 3538 767 3596 οὐσία
807 3543 916 3594 τῶν
959 3538 1220 3613 ἀστέρων.
1264 3535 1407 3611 ρλβ’.
1442 3536 1571 3611 Περὶ
1620 3544 1721 3607 τῆς
1776 3542 1885 3593 τῶν

228 3631 479 3707 ἀστέρων
548 3634 720 3707 φορᾶς
783 3630 870 3683 καὶ
948 3628 1239 3698 κινήσεως.
1286 3625 1422 3699 ρλγ“.
1480 3627 1707 3681 Ποταπά
1777 3631 1883 3682 τῶν

232 3722 483 3797 ἀστέρων
528 3719 598 3773 τά
645 3719 926 3794 σχήματα.
978 3712 1115 3792 ρλδ’.
1168 3714 1299 3790 Περὶ
1365 3713 1564 3784 τάξεως
1623 3713 1882 3790 ἀστέρων.

232 3809 378 3885 ρλεί.
426 3807 596 3872 Πόθεν
644 3806 968 3885 φωτίζονται
1018 3805 1071 3859 οἱ
1120 3804 1358 3880 ἀστέρες.
1410 3800 1548 3879 ρλς’.
1599 3804 1728 3879 Περὶ
1768 3804 1885 3859 ἑπι-

228 3897 513 3974 σημασίας
568 3894 829 3962 ἀστίρων,
858 3894 948 3950 καὶ
999 3897 1116 3955 πῶς
1143 3891 1342 3968 γίνεται
1384 3894 1623 3969 χειμὼν,
1650 3894 1741 3948 καὶ
1798 3894 1887 3958 θὲ-

226 4010 359 4067 ρος.
396 3985 529 4062 ρλζ.
566 3984 741 4047 Πόσος
770 3984 981 4057 ἑκάστῳ
1006 3987 1113 4039 τῶν
1144 3980 1435 4052 πλανητῶν
1472 3984 1582 4057 [53]
1613 3983 1642 4038 6
1684 3983 1890 4060 χρόνος

224 4084 336 4143 τῆς
390 4072 671 4150 περιόδου.
713 4070 854 4147 ρλη’.
901 4073 1033 4147 Περί
1071 4070 1179 4127 τῶν
1234 4072 1470 4147 ἀστέρων
1518 4076 1625 4127 τῶν
1684 4071 1887 4128 καλου-

231 4167 423 4240 μένων
467 4163 835 4234 Διοσκούρων.
888 4159 1024 4236 ρλθ’.
1078 4159 1212 4238 Ηερὶ
1272 4161 1544 4234 κομήτου.
1595 4168 1704 4236 pp}.
1763 4162 1891 4237 Περὶ

226 4258 420 4324 ὑετοῦ,
459 4253 551 4308 καὶ
580 4250 854 4328 χαλάζης,
885 4249 974 4305 καὶ
1024 4245 1239 4325 χιόνος,
1269 4249 1491 4325 πάχνης
1534 4251 1624 4305 καὶ
1669 4248 1886 4328 δρόσου.

233 4349 394 4421 ρμα’.
441 4341 573 4416 Περὶ
632 4337 833 4416 δρόσου
890 4335 1043 4402 αὖθις
1104 4336 1195 4391 καὶ
1250 4337 1489 4413 πάχνης.
1550 4341 1699 4415 ρμβ¹.
1760 4340 1892 4414 Περὶ

232 4430 448 4509 ἴριδος.
502 4434 649 4505 ρμγ’.
707 4428 837 4503 Περὶ
886 4433 988 4496 τῆς
1062 4425 1202 4484 ἅλω.
1264 4424 1409 4500 ρμδ’.
1469 4429 1598 4504 Περὶ
1657 4424 1893 4504 ῥάϐδων.

231 4521 390 4598 ρμε’.
464 4519 597 4594 Περὶ
696 4514 1098 4592 παραλλήλων.
1203 4516 1349 4591 ρμς’.
1453 4517 1583 4593 Περὶ
1657 4518 1893 4591 ἀνέμων.

2001 1931 2130 2006 ροθ’.
2163 1930 2294 2006 Περὶ
2322 1935 2542 2006 χυμῶν.
2573 1934 2680 2009 ρπ’.
2713 1934 2862 1988 Διατί
2914 1928 3365 2007 παραϐάλλουσιν
3414 1936 3551 2003 ἅλας
3597 1940 3649 1996 οἱ

2000 2024 2186 2091 νομεῖς
2217 2025 2333 2083 τοῖς
2366 2021 2694 2096 θρέμμασιν.
2729 2023 2870 2098 ρπα’.
2905 2022 3055 2079 Διατί
3092 2025 3193 2093 τὴν
3241 2025 3436 2100 χροιὰν
3479 2027 3507 2082 6
3539 2049 3648 2084 πο-

2001 2106 2209 2171 λύπους
2253 2108 2589 2180 ἐξαλλάττει,
2644 2113 2727 2173 αἷς
2796 2110 2855 2166 ἂν
2931 2111 3151 2186 πέτραις
3235 2113 3650 2194 προσομιλήσῃ.

2001 2199 2147 2275 ρπβ’.
2182 2197 2333 2255 Διατί
2361 2201 2461 2268 τῆς
2489 2197 2689 2273 ἄρκτου
2721 2202 2755 2269 ἡ
2789 2198 3022 2274 παλᾶμη
3071 2203 3171 2272 τῆς
3219 2204 3406 2278 χειρὸς
3454 2210 3644 2282 φαγεῖν

1997 2286 2330 2364 γλυκυτάτη.
2367 2289 2510 2363 ρπγ’.
2543 2288 2696 2344 Διατί
2727 2295 2956 2365 Δωριεῖς
2986 2286 3244 2366 εὔχονται
3291 2293 3460 2361 κακὴν
3510 2293 3649 2372 χόρ-

1997 2397 2094 2432 του
2126 2374 2490 2452 συγκομιδήν,
2524 2375 2664 2453 ρπδ’.
2698 2378 2850 2433 Διατί
2892 2381 2927 2448 ἡ
2987 2375 3183 2455 ἄρκτος
3232 2379 3332 2437 οὐκ
3377 2380 3543 2439 ἐσθίει
3583 2386 3651 2441 τὰ

2000 2462 2209 2533 δίκτυα,
2244 2464 2369 2520 ὅταν
2426 2464 2732 2532 ἁλίσκηται.
2792 2467 2927 2540 ρπε’.
2962 2467 3113 2522 Διατί
3162 2470 3197 2538 ἡ
3248 2470 3429 2535 τευθὶς
3457 2493 3650 2547 φαινοη

2001 2555 2132 2627 μὲνη
2190 2559 2417 2628 σημεῖον
2471 2555 2749 2630 χειμῶνός
2807 2555 2919 2610 ἐστι
2990 2562 3131 2629 ρπς⁶.
3177 2558 3328 2613 Διατί
3394 2559 3488 2615 τὸν
3551 2562 3645 2635 μὲν

1999 2648 2146 2700 σῖτον
2207 2643 2259 2699 ἐν
2299 2642 2546 2715 πηλώδει
2587 2643 2887 2722 φυτεύομιν
2945 2649 3039 2721 γῇ,
3079 2647 3179 2716 τὴν
3241 2645 3299 2702 δὲ
3343 2652 3538 2722 κριθὴν
3593 2650 3646 2707 ἰν

1996 2733 2302 2809 καταξήρῳ.
2364 2735 2502 2810 ρπζ’.
2563 2733 2713 2788 Διατί
2765 2737 2800 2804 ἡ
2858 2732 3109 2809 ἄμπελος
3168 2733 3299 2810 οἷ’νῳ
3355 2736 3644 2814 ῥαινομὲνη

2001 2820 2238 2896 μάλιστα
2283 2826 2361 2896 τῷ
2404 2820 2455 2893 ἐξ
2498 2821 2666 2891 αὐτῆς
2715 2821 3148 2899 ἀναξηραίνεται.
3200 2828 3348 2900 ρπη’.
3382 2827 3532 2884 Διατί
3578 2829 3646 2885 τά

1998 2910 2131 2988 ῥόδα
2163 2909 2376 2984 μᾶλλον
2408 2913 2559 2976 ἀνθεῖ
2589 2908 2849 2967 δυσωδῶν
2904 2933 3064 2969 τινων
3115 2919 3641 2994 παραφυτευομὲνων

1996 3001 2199 3063 αὐτοῖς.
2252 3002 2392 3077 ρπθ’.
2445 3000 2544 3055 Διά
2588 2999 2712 3056 τίνα
2762 3000 2935 3057 αἰτίαν
2987 3004 3050 3058 τὸ
3096 3008 3204 3059 τῶν
3257 3004 3459 3083 ἀγρίων
3500 3010 3642 3064 συῶν

1998 3087 2228 3165 δάκρυον
2276 3086 2404 3159 ἡδὺ,
2445 3089 2508 3145 τὸ
2556 3086 2615 3144 δὲ
2658 3093 2767 3145 τῶν
2819 3088 3034 3165 ἐλάφων
3082 3090 3350 3169 ἁλμυρόν.
3397 3094 3500 3173 ριί.
3548 3097 3649 3153 Διά

1996 3178 2120 3234 τίνα
2163 3176 2334 3234 αῗτίαν
2386 3179 2442 3232 αἱ
2486 3176 2754 3253 χάληκες,
2781 3179 2873 3234 καὶ
2916 3180 2972 3234 αἱ
3006 3177 3334 3253 μολυϐδίδες
3363 3179 3648 3257 ἐμϐαλλό-

2003 3291 2156 3344 μεναι
2205 3269 2544 3345 ψυχρότερον
2586 3269 2652 3325 τὸ
2700 3267 2845 3345 ὕδωρ
2894 3276 3170 3331 ποιοῦσιν.
3218 3273 3354 3352 ρῑιαζ
3387 3275 3485 3331 Διά
3527 3274 3651 3333 τίνα

1995 3358 2168 3414 αἰτίαν
2219 3358 2453 3433 ἀχύροις
2505 3356 2597 3413 καὶ
2644 3357 2887 3431 ἱματίοις
2931 3361 2966 3429 ἢ
3017 3361 3157 3437 ’χιὼν
3206 3360 3647 3443 διαφυλάττεται.

1997 3447 2141 3524 ριιβκ
2175 3448 2243 3505 Τί
2275 3445 2418 3502 ἐστιν
2454 3447 2482 3501 6
2516 3444 2806 3522 βούλιμος.
2846 3447 2984 3525 ρθγζ
3016 3450 3118 3515 Τίς
3158 3450 3305 3508 αἷτία
3355 3450 3423 3508 δι’
3451 3455 3513 3524 ἢν
3560 3453 3651 3511 εὕ-

1997 3548 2206 3609 θρυπτα
2232 3534 2435 3611 γίνεται
2466 3535 2534 3590 τά
2562 3534 2612 3589 ἐν
2653 3539 2722 3609 τῇ
2775 3540 2910 3610 συκῇ
2961 3540 3376 3614 κρεμαννύμενα
3429 3544 3649 3619 κρέατα.

1996 3628 2058 3683 Id
2090 3632 2198 3682 est.
2221 3629 2271 3681 1.
2292 3628 2364 3682 De
2390 3627 2682 3682 nonnullis
2714 3628 3052 3695 nominibus,
3077 3645 3194 3701 qua
3224 3633 3285 3687 in
3316 3632 3649 3689 Christiano-

1994 3732 2123 3773 rum
2150 3715 2410 3787 dogmate
2436 3722 2803 3787 usurpantur.
2825 3717 2879 3771 2.
2918 3718 2991 3772 De
3017 3720 3279 3785 essentia,
3314 3726 3369 3775 et
3413 3730 3644 3778 natura.

1993 3804 2048 3861 3.
2078 3807 2150 3860 De
2177 3804 2578 3876 enhypostatis.
2613 3805 2665 3858 4.
2708 3805 2783 3860 De
2820 3806 3304 3863 consubstantiali.
3334 3808 3389 3864 5.
3424 3810 3499 3865 De
3544 3810 3646 3866 ho.

1992 3899 2356 3966 moypostato.
2402 3895 2457 3951 6.
2509 3894 2584 3949 De
2628 3896 3069 3966 enypostasibus.
3117 3897 3172 3953 7.
3233 3902 3649 3965 Deressentiali

1996 3986 2201 4041 unione
2235 3991 2291 4039 et
2338 3982 2674 4054 differentia.
2706 3984 2760 4053 8,
2809 3983 2861 4037 9.
2918 3984 2990 4038 De
3043 3985 3276 4043 relativo
3340 3991 3546 4046 unione
3598 3998 3659 4047 et

1997 4072 2339 4146 diﬂ‘erentia.
2375 4072 2461 4137 10,
2495 4072 2582 4126 11.
2617 4073 2692 4127 De
2732 4077 2925 4128 sancta
2973 4074 3181 4131 Triade.
3235 4078 3320 4132 12.
3378 4079 3454 4134 De
3493 4080 3655 4136 modo

1998 4161 2406 4220 retributionis.
2428 4160 2505 4231 (Ic)
2536 4159 2623 4215 t3.
2646 4162 2719 4216 De
2755 4161 2955 4218 divina
2974 4166 3195 4221 unione.
3213 4166 3297 4222 14.
3323 4167 3397 4222 De
3425 4176 3658 4235 natura,

2002 4266 2128 4324 quae
2171 4251 2293 4323 pati
2346 4251 2562 4321 nequit.
2612 4249 2699 4304 15.
2743 4250 2876 4318 Quis
2923 4254 2998 4307 sit
3044 4257 3209 4310 Deus.
3259 4256 3344 4310 16.
3376 4257 3439 4314 Si
3466 4258 3661 4319 inﬁni-

2000 4350 2118 4397 tum
2148 4342 2228 4395 est
2256 4342 2493 4407 Numen,
2535 4345 2585 4392 et
2631 4354 2740 4410 qua
2777 4342 2999 4397 ratione
3050 4343 3359 4413 inﬁnitum.
3397 4346 3483 4402 17.
3517 4348 3661 4416 Quo-

2000 4429 2161 4487 modo
2220 4428 2329 4499 [54]
2382 4430 2523 4483 Deus
2579 4433 2863 4499 cognoscat
2916 4446 3004 4487 res
3050 4447 3178 4504 quae
3222 4441 3533 4494 mutantur.
3570 4438 3661 4493 18.

2003 4521 2042 4576 Α
2086 4534 2192 4591 quo
2242 4519 2425 4586 primo
2476 4515 2747 4574 elemento
2796 4520 2938 4575 Deus
2988 4537 3218 4578 exorsus
3266 4530 3347 4581 est
3384 4529 3663 4584 mundum

232 4597 393 4687 ρμζ.
425 4605 552 4683 Περί
582 4610 849 4681 τυφῶνος.
884 4612 1034 4681 ρμη¹.
1081 4603 1218 4679 Περὶ
1266 4602 1532 4683 ἐκνεφίου.
1586 4608 1729 4680 ρμθ’.
1768 4608 1889 4684 ΙΙερὲ

2005 4609 2287 4679 conﬁcere.
2322 4606 2409 4660 19.
2446 4604 2594 4665 Unde
2620 4608 2947 4663 sententiam
2997 4609 3063 4664 de
3105 4611 3213 4668 Deo
3268 4612 3518 4672 homines
3569 4633 3670 4673 ac-

228 4700 544 4772 κεραυνῶν.
608 4695 703 4770 ρν’.
755 4694 885 4770 Περὶ
961 4698 1306 4767 πρηστῆρος.
1381 4695 1512 4768 ρνα’.
1572 4699 1699 4757 Πῶς
1773 4718 1900 4751 συν-

231 4792 377 4857 ἑστη
432 4787 459 4840 6
508 4783 743 4857 κόσμος.
793 4783 925 4859 ρνβ’.
971 4782 1035 4837 Εἰ
1080 4781 1137 4837 ἓν
1188 4782 1251 4837 τὸ
1298 4786 1425 4840 πᾶν.
1469 4785 1599 4859 ρνγ’,
1633 4785 1763 4860 Περὶ
1809 4807 1903 4841 κε-

226 4879 361 4932 νοῦ.
417 4870 542 4947 ρνδ’.
589 4871 722 4947 Περὶ
771 4871 965 4928 τόπου.
1017 4876 1141 4947 ρνε’.
1191 4870 1321 4940 Περῖ
1390 4872 1603 4947 χώρας.
1654 4875 1785 4947 ρνς’,
1839 4874 1907 4931 Εἴ

2009 4698 2281 4770 ceperint.
2330 4696 2421 4750 20.
2478 4696 2720 4764 Quinam
2788 4700 3211 4770 numerosiores,
3264 4705 3522 4774 angeline
3594 4723 3671 4761 an

2014 4786 2300 4842 homines?
2334 4785 2427 4848 21,
2477 4784 2571 4847 22,
2619 4785 2714 4851 23,
2760 4784 2850 4853 24,
2905 4787 2997 4854 25,
3046 4788 3138 4855 26,
3180 4790 3272 4854 27,
3319 4793 3409 4861 28,
3460 4794 3548 4849 29.
3598 4796 3676 4850 De

2017 4883 2218 4939 mente,
2267 4872 2357 4938 30,
2413 4871 2506 4937 31,
2554 4871 2644 4939 32,
2692 4872 2782 4939 33,
2835 4874 2924 4938 34,
2976 4874 3071 4943 35,
3103 4875 3312 4947 36,37,
3343 4881 3433 4951 38,
3464 4882 3553 4947 39,
3585 4882 3677 4953 40,

232 4961 502 5038 ἔμψυχος
551 4962 581 5017 6
632 4959 863 5034 κόσμος.
917 4965 1047 5036 ρνζ¹.
1091 4958 1157 5016 Εἰ
1210 4959 1436 5035 γενητὸς
1484 4961 1513 5015 6
1560 4962 1769 5035 κόσμος
1815 4985 1884 5019 κα

2016 4965 2105 5033 41,
2138 4964 2228 5028 42,
2259 4961 2350 5029 43,
2383 4960 2471 5028 44,
2508 4960 2596 5028 45,
2630 4961 2719 5027 46,
2769 4962 2857 5016 47.
2890 4964 2965 5017 De
3010 4966 3221 5021 anima.
3254 4968 3342 5023 48.
3376 4969 3440 5026 Si
3491 4977 3679 5027 muta-

229 5053 543 5131 ἆφθαρτος.
606 5051 744 5124 ρνη¹.
787 5048 854 5106 Εἰ
914 5050 1166 5127 τρέφεται
1220 5048 1249 5104 6
1306 5048 1542 5123 κόσμος.
1606 5064 1733 5127 ρνθ.
1776 5054 1889 5128 Περ

2019 5058 2113 5109 tur
2141 5052 2342 5107 anima
2380 5050 2442 5103 in
2472 5050 2758 5120 angelum.
2793 5051 2882 5106 49.
2917 5052 2979 5108 Si
3002 5055 3123 5110 sine
3157 5056 3440 5130 principio
3490 5061 3682 5117 anima

236 5141 457 5212 τάξεως
530 5140 763 5211 κόσμου.
813 5138 904 5212 ρξ’.
960 5135 1062 5201 Τίς
1117 5139 1152 5206 ἡ
1204 5136 1351 5193 αἲτία
1398 5143 1495 5193 τοῦ
1548 5141 1641 5196 τὸν
1700 5142 1889 5215 κόσμοτ

2017 5147 2098 5200 est
2142 5142 2235 5195 50.
2276 5139 2598 5195 Accuratius
2646 5139 2714 5195 de
2748 5141 3112 5212 facultatibus
3151 5147 3380 5205 animae.
3411 5149 3502 5206 51.
3538 5150 3683 5219 Qua-

242 5229 387 5286 ὅλον
418 5226 755 5303 ἐγκλιθῆναι.
792 5225 919 5298 ρξα’.
954 5224 1128 5289 Πόθεν
1166 5227 1227 5280 ἄν
1258 5247 1343 5290 τις
1366 5228 1522 5302 γνοίη
1557 5227 1889 5300 Ἐλληνικαῖι

2020 5230 2182 5287 modo
2222 5228 2381 5284 Plato
2426 5229 2677 5297 genitum
2732 5230 2900 5285 simul
2944 5241 2996 5288 et
3033 5234 3410 5293 immortalem
3437 5241 3689 5296 animum

238 5314 557 5387 ἀποδείξεσι
598 5317 697 5385 τὴν
756 5313 968 5386 κόσμου
1029 5313 1361 5371 συντέλειαν.
1410 5318 1544 5391 ρξβ’.
1590 5318 1719 5373 Τίνα
1768 5316 1889 5390 δεξκ

2021 5320 2303 5376 decernat.
2344 5317 2433 5373 52.
2472 5317 2602 5385 Quae
2629 5319 2703 5373 sit
2747 5319 3041 5377 Platonica
3079 5324 3400 5383 animarum
3442 5344 3684 5402 genera-

243 5411 353 5462 τοῦ
420 5406 653 5479 κόσμου,
699 5404 824 5459 τίνα
865 5402 1142 5478 ἀριστερά.
1212 5403 1342 5480 ρξγ’.
1396 5412 1535 5481 Περῖ
1600 5402 1881 5481 μεταϐολῆ

2023 5411 2121 5466 tio.
2153 5408 2245 5464 53.
2279 5406 2461 5475 Quare
2505 5408 2698 5463 anima
2742 5409 2931 5466 media
2971 5416 3329 5485 partibilium
3374 5425 3428 5476 et
3464 5419 3676 5494 impar-

1862 5581 1910 5639 Ν
1915 5579 2096 5640 ΟΤίΕ.

345 5664 426 5739 (k)
457 5663 606 5724 Vide
635 5680 818 5740 supra
843 5664 873 5735 §
900 5663 991 5733 55,
1024 5678 1084 5737 p.
1116 5661 1207 5721 37.
