4078 6336
466 403 586 464 527

1851 384 2134 446 LEONIS
2178 383 2490 443 ALLATII

3764 383 3886 442 528

462 536 718 592 tibitium
761 533 986 588 dicitur.
1035 530 1128 583 54.
1179 527 1482 595 Quemnam
1525 523 1778 579 animum
1827 521 1985 576 Plato
2023 535 2112 590 ge-
2143 521 2196 584 Α
2227 516 2360 572 loco.
2421 515 2540 571 155.
2599 516 2674 570 De
2742 519 2912 570 terra.
2959 514 3083 569 156.
3134 515 3216 569 An
3281 515 3518 570 mundus
3575 515 3880 572 animatus.

461 633 622 681 nerat
652 625 710 679 in
743 619 1064 678 Timaeo.55.
1087 617 1214 684 qu
1244 615 1318 670 sit
1351 614 1562 669 animae
1583 610 1852 682 facultas.
1871 611 1959 664 56.
1978 609 2120 676 Qua.

457 715 535 769 les
565 715 678 768 sint
704 711 883 765 animi
912 706 1230 778 facultates,
1263 711 1313 760 et
1344 717 1486 773 quae.
1519 702 1609 755 57.
1646 700 1778 768 Qui?
1805 701 1880 753 sit
1919 697 2118 752 divisio

454 800 836 857 communium
906 795 1289 867 Operationum
1358 791 1544 846 animi
1607 792 1686 843 ad
1751 803 1974 858 corpus.
2023 785 2113 838 59.

459 899 694 968 Quando
723 898 947 951 animus
977 890 1300 966 generando
1338 890 1534 943 unitur
1575 887 1820 958 corpori.
1849 885 1940 939 60.
1975 884 2116 952 Quo-

459 988 624 1044 modo
651 986 873 1057 corpori
901 986 1124 1039 animus
1171 981 1430 1035 uniatur.
1462 978 1553 1031 61.
1588 977 1659 1032 De
1706 975 1900 1030 anima
1941 973 2116 1028 ratio‘

460 1080 550 1132 nis
579 1078 823 1148 experte.
855 1074 945 1128 62.
979 1073 1115 1140 Quae
1159 1071 1230 1124 sit
1277 1068 1550 1130 voluntas,
1579 1067 1629 1119 et
1669 1078 1790 1135 qua
1837 1062 2117 1131 operativa

461 1166 745 1236 cogitatio.
775 1164 866 1218 63.
901 1162 974 1216 De
1017 1160 1283 1215 electione
1329 1163 1382 1211 et
1421 1154 1740 1210 attentione.
1792 1152 1883 1205 64.
1929 1152 2118 1207 Utrum

463 1257 686 1310 animus
742 1269 776 1308 a
821 1265 1063 1322 corpore,
1123 1265 1197 1302 an
1242 1261 1438 1316 corpus
1481 1244 1552 1298 ab
1609 1243 1799 1298 animo
1849 1240 2117 1295 dissolva-

467 1354 580 1399 tur.
629 1345 719 1399 65.
771 1338 1041 1410 Quomodo
1090 1338 1438 1392 contineatur
1486 1335 1704 1388 animus
1753 1333 1809 1384 in
1867 1344 2112 1398 corpore.

463 1433 557 1499 66,
603 1432 694 1498 67,
736 1431 828 1496 68,
877 1429 969 1494 69,
1003 1428 1096 1497 70,
1135 1427 1226 1494 71,
1265 1424 1361 1490 72,
1401 1423 1494 1486 73,
1532 1421 1625 1486 74,
1657 1421 1747 1484 75,
1779 1420 1870 1484 76,
1903 1419 1994 1484 77,
2022 1417 2113 1486 78,

461 1524 555 1591 79,
586 1522 676 1589 80,
707 1521 799 1574 81.
833 1519 905 1572 De
953 1515 1272 1582 virtutibus,
1305 1513 1395 1566 82.
1443 1514 1508 1565 In
1549 1525 1652 1581 quo
1699 1509 1922 1579 differat
1965 1509 2116 1571 prin-

461 1612 669 1682 cipium
719 1609 786 1664 ab
833 1606 1139 1663 elementis.
1173 1603 1262 1656 83.
1300 1605 1380 1656 De
1423 1599 1747 1671 principiis,
1797 1595 1930 1666 quid
1978 1598 2112 1662 sint,

459 1701 549 1754 84.
586 1705 663 1755 De
693 1699 854 1754 ideis.
885 1697 975 1750 85.
1009 1696 1081 1750 De
1119 1691 1462 1749 daemonibus
1509 1691 1559 1743 et
1611 1686 1882 1742 heroibus.
1915 1685 2005 1741 86.
2039 1685 2114 1740 De

458 1791 714 1844 materia.
747 1787 837 1840 87.
871 1785 943 1840 De
979 1785 1180 1838 causis.
1230 1781 1320 1836 88.
1364 1779 1435 1832 De
1480 1776 1692 1844 ﬁguris.
1724 1775 1813 1827 89.
1848 1775 1921 1828 De
1967 1774 2112 1829 coto-

2231 604 2352 660 157.
2385 605 2466 659 An
2495 603 2734 658 mundus
2759 602 2943 676 factus
2972 604 3060 670 sit,
3092 607 3143 657 et
3173 603 3634 675 incorruptibilis.
3661 605 3786 660 158.
3806 612 3884 660 An

2225 692 2464 748 mundus
2492 694 2795 747 nutriatur.
2828 692 2949 745 159.
2987 691 3059 745 De
3105 692 3302 746 ordine
3347 693 3565 747 mundi.
3611 694 3733 748 160.
3771 695 3888 762 Qua

2223 797 2384 836 causa
2434 784 2675 836 mundus
2718 781 3006 835 universus
3055 781 3358 834 inclinatus
3403 783 3493 835 sil.
3551 781 3673 836 161.
3707 782 3894 839 Unde-

2224 887 2359 924 nam
2403 872 2699 941 gentilium
2740 869 3300 924 demonstrationibus
3344 870 3542 924 mundi
3602 870 3730 939 ﬁnis
3782 871 3885 927 ha-

2228 959 2446 1015 beatur.
2500 960 2624 1014 162.
2675 959 2804 1028 Quae
2847 959 3050 1013 dextra
3095 958 3316 1024 mundi,
3366 967 3417 1013 et
3463 975 3583 1030 quae
3628 961 3891 1016 sinistra.

2227 1049 2351 1104 163.
2385 1049 2460 1103 De
2489 1049 2952 1103 transmutatione
2979 1053 3148 1104 terra
3172 1050 3448 1118 partium.
3485 1048 3607 1103 164.
3641 1050 3714 1104 De
3772 1055 3884 1105 ter-

2225 1154 2302 1193 ra:
2335 1140 2589 1192 motibus.
2618 1138 2737 1192 165.
2775 1138 2849 1191 De
2875 1153 3081 1204 magna
3120 1137 3329 1208 hyeme.
3369 1138 3489 1191 166.
3523 1138 3702 1206 Quare
3732 1155 3884 1211 aqua

2224 1229 2454 1281 marina
2483 1235 2560 1281 est
2586 1225 2891 1281 salsa.167.
2915 1225 3032 1293 Qua
3059 1241 3223 1280 causa
3258 1226 3320 1279 in
3349 1228 3503 1280 mari
3529 1243 3676 1297 aqua
3703 1227 3891 1282 dulcis

2227 1318 2570 1370 inveniatur.
2619 1315 2741 1369 168.
2808 1315 2988 1382 Quare
3029 1331 3173 1387 aqua
3224 1316 3445 1371 marina
3493 1317 3724 1371 arbores
3778 1331 3893 1371 non

2225 1407 2458 1458 nutriat.
2491 1404 2618 1460 169.
2653 1403 2837 1471 Quare
2869 1405 2926 1458 in
2957 1419 3110 1458 mare
3158 1404 3272 1458 oleo
3311 1404 3500 1475 effuso,
3531 1421 3688 1460 mare
3733 1404 3892 1460 dilu-

2225 1493 2415 1548 cidum
2471 1494 2576 1563 ﬁat
2622 1497 2676 1546 et
2732 1493 3000 1562 quietum.
3052 1491 3176 1546 170.
3229 1492 3346 1560 Qua
3413 1509 3598 1558 causa,
3644 1509 3770 1549 cum
3830 1495 3891 1548 in

2223 1598 2377 1637 mare
2413 1583 2623 1651 fulmen
2665 1581 2947 1651 ceciderit,
2997 1583 3081 1636 sat
3129 1585 3391 1651 emergat.
3440 1582 3563 1638 171.
3606 1584 3680 1638 De
3727 1585 3888 1653 ﬂuxu

2221 1674 2274 1726 et
2325 1672 2548 1740 refluxu
2601 1671 2856 1726 Euboico.
2910 1671 3030 1726 172.
3085 1674 3271 1742 Quare
3313 1674 3476 1742 aquis
3543 1671 3895 1742 pluvialibus

2221 1763 2405 1828 magis
2435 1777 2600 1830 quam
2627 1761 2981 1815 currentibus
3011 1762 3232 1816 arbores
3270 1770 3320 1815 et
3369 1763 3579 1816 semina
3626 1763 3893 1816 nutrian-

460 1878 631 1932 ribus.
663 1876 754 1930 90.
791 1879 872 1930 De
921 1874 1176 1929 mistione
1218 1877 1268 1924 et
1308 1869 1755 1937 temperamento.
1779 1864 1866 1917 91.
1899 1864 1974 1950 De
2017 1878 2095 1932 ge-

2225 1858 2340 1902 tur.
2377 1849 2497 1904 173.
2532 1849 2709 1916 Quare
2739 1865 2814 1903 ex
2843 1850 3005 1918 aquis
3031 1847 3396 1920 pluvialibus,
3427 1864 3556 1920 qua
3581 1867 3708 1904 cum
3737 1851 3892 1906 toni-

458 1965 743 2022 neratione
789 1967 843 2018 et
890 1969 1257 2032 corruptione.
1287 1956 1379 2010 92.
1412 1955 1485 2008 De
1525 1952 1866 2021 corporibus.
1904 1949 1992 2005 93.
2039 1951 2114 2006 De

462 2055 729 2110 minimis.
763 2053 854 2106 94.
891 2057 969 2107 De
1014 2046 1345 2120 differentiis
1386 2043 1783 2111 cognitionum.
1829 2039 1918 2094 95.
1960 2043 2112 2108 Quo-

464 2144 621 2198 modo
685 2159 800 2197 non
865 2153 1082 2208 semper
1127 2137 1295 2190 Deum
1357 2132 1776 2203 participamus,
1831 2145 1954 2181 cum
2001 2127 2113 2183 itte

459 2247 676 2298 semper
722 2234 995 2301 operetur.
1026 2226 1116 2279 96.
1149 2227 1335 2293 Quare
1381 2220 1606 2276 omnino
1652 2218 1864 2271 malum
1893 2218 1985 2272 sit.
2016 2217 2106 2272 97.

458 2330 775 2386 Absolutius
823 2326 888 2382 de
926 2323 1104 2380 malo.
1135 2322 1227 2376 98.
1277 2319 1339 2375 Si
1386 2321 1468 2373 est
1516 2319 1577 2371 in
1621 2316 1837 2384 angelis
1883 2315 2111 2384 aliquod

455 2419 685 2473 malum.
738 2416 828 2470 99.
894 2414 953 2470 Si
1016 2415 1078 2468 in
1143 2411 1258 2466 loco
1323 2410 1702 2478 incorporeum
1750 2405 1840 2458 sit.
1891 2403 2012 2458 100.
2049 2403 2109 2458 Si

451 2507 664 2564 malum
703 2505 964 2560 materia.
1018 2502 1140 2556 101.
1191 2499 1266 2554 De
1313 2512 1504 2552 rerum
1546 2493 1621 2548 ad
1665 2493 1836 2547 Deum
1883 2507 2104 2546 conver-

447 2598 625 2652 sione.
678 2595 800 2649 102.
851 2595 924 2649 De
970 2599 1226 2661 tempore.
1281 2587 1402 2642 103.
1437 2585 1511 2639 De
1563 2591 1729 2638 motu.
1757 2582 1877 2635 104.
1915 2583 1988 2635 De
2015 2597 2105 2636 ne-

448 2687 720 2741 cessitate.
775 2683 896 2738 105.
951 2683 1024 2736 De
1067 2683 1202 2751 fato.
1251 2677 1372 2731 103.
1429 2679 1508 2728 De
1576 2675 1799 2741 fortuna
1855 2675 1906 2725 et
1949 2686 2102 2725 casu.

457 2775 580 2830 107.
617 2779 697 2828 De
730 2772 938 2830 sacculo
984 2774 1035 2826 et
1081 2778 1346 2839 tempore.
1403 2762 1524 2817 108.
1568 2763 1643 2816 De
1690 2762 1934 2834 quinque
1979 2777 2102 2814 sen-

448 2863 617 2918 sibus.
681 2862 803 2917 109.
858 2861 940 2915 An
997 2872 1187 2913 verum
1255 2856 1326 2908 sit
1390 2851 1688 2906 nonnullos
1743 2849 2022 2920 fascinari
2064 2865 2100 2904 a

449 2950 780 3007 videntibus.
831 2948 953 3002 110.
1005 2942 1278 3015 Quomodo
1325 2941 1557 3012 eclipses
1602 2940 1756 3009 fiant.
1796 2937 1918 2992 111.
1955 2937 2095 3004 Quo-

450 3039 608 3096 modo
637 3054 822 3095 mares
845 3045 895 3093 et
922 3036 1143 3106 femina
1189 3033 1547 3104 generentur.
1596 3029 1717 3082 112.
1754 3027 1932 3095 Quare
1978 3043 2101 3080 mu-

453 3130 558 3185 lier
585 3130 786 3202 sxpius
814 3128 998 3182 virum
1027 3126 1255 3195 experta
1285 3135 1393 3175 non
1441 3119 1696 3188 concipit.
1739 3116 1861 3170 113.
1909 3120 2102 3186 Quare

447 3219 658 3288 gemini
687 3221 739 3273 et
768 3214 1060 3285 tergemini
1103 3217 1422 3267 nascuntur.
1460 3207 1578 3261 114.
1618 3205 1769 3262 Unde
1805 3212 2096 3275 parentum

444 3305 844 3363 similitudines
908 3311 960 3359 et
1027 3298 1516 3357 dissimilitudines
1582 3296 1740 3364 ﬁant.
1816 3293 1939 3347 115.
2011 3294 2094 3348 An

442 3396 732 3468 embryum
761 3392 972 3449 animal
999 3393 1093 3455 sit,
1122 3393 1175 3444 et
1204 3405 1310 3459 qua
1353 3387 1570 3440 ratione
1614 3384 1924 3438 nutriatur.
1971 3383 2092 3438 116.

443 3485 714 3553 Quomodo
760 3483 976 3538 somnia
1014 3482 1173 3552 ﬁunt.
1211 3477 1327 3532 117.
1361 3477 1433 3532 De
1475 3474 1730 3537 sanitate,
1784 3474 1835 3526 et
1879 3474 2090 3540 morbo,

438 3579 492 3630 et
545 3575 837 3643 senectute.
889 3572 1011 3626 118.
1064 3569 1246 3637 Quare
1294 3565 1386 3637 qui
1417 3565 1704 3636 jeiunant,
1754 3563 1957 3616 sitiunt
2001 3575 2094 3632 po-

439 3666 552 3720 tius
581 3679 755 3736 quam
792 3661 1066 3717 esuriunt.
1097 3657 1216 3712 119.
1252 3657 1432 3724 Quare
1462 3655 1560 3724 qui
1605 3652 1879 3716 esuriant,
1911 3650 1963 3704 si
2010 3650 2092 3704 bi-

443 3753 599 3822 bant,
633 3755 696 3806 at
725 3752 820 3822 qui
846 3751 1066 3818 sitiunt,
1096 3748 1146 3801 si
1182 3745 1496 3809 comedant,
1526 3739 1931 3796 distenduntur.
1968 3738 2089 3792 120.

445 3851 526 3906 An
557 3852 631 3907 sit
657 3847 871 3921 aliquid
901 3855 1057 3903 extra
1105 3844 1320 3900 caelum.
1351 3841 1473 3896 121.
1511 3841 1580 3894 De
1617 3837 1857 3892 hominis
1907 3851 2090 3890 essen-

444 3941 551 3996 tia.
586 3940 707 3995 122.
740 3941 802 3995 ιη
830 3941 959 4010 quot
993 3935 1227 3992 circulos
1256 3931 1451 3987 extum
1491 3926 1793 3983 dividatur.
1847 3925 1969 3978 123.
2017 3925 2092 3980 De

444 4037 746 4100 apparente
775 4030 836 4082 in
860 4025 1001 4082 exta
1048 4023 1182 4079 lacti
1226 4020 1401 4076 simili
1447 4017 1677 4082 circulo,
1721 4015 1953 4070 Galaxia
2001 4013 2092 4067 die

446 4123 554 4173 cto.
605 4118 729 4171 424.
781 4117 855 4170 De
900 4110 1289 4185 apparentibus
1331 4109 1391 4161 in
1432 4106 1561 4162 ccelo
1625 4104 1859 4160 diversis
1915 4102 2092 4172 igneis

441 4206 687 4277 spectris.
739 4204 862 4258 125.
916 4206 999 4258 De
1048 4196 1442 4271 apparentibus
1497 4200 1556 4250 in
1615 4194 1749 4248 coelo
1821 4190 2091 4246 coloribus

438 4292 782 4361 sanguineis,
815 4296 865 4346 et
897 4287 1268 4360 voraginibus.
1305 4286 1429 4341 126.
1474 4285 1550 4339 De
1585 4282 1818 4339 essentia
1853 4280 2010 4344 solis,
2041 4286 2093 4334 et

439 4382 552 4454 [55]
601 4399 670 4436 an
712 4381 896 4451 plures
942 4379 1100 4433 soles.
1137 4379 1256 4433 127.
1289 4377 1364 4431 De
1409 4371 1795 4441 magnitudine
1835 4369 1988 4432 solis,
2036 4375 2089 4423 et

434 4471 606 4536 tunae,
645 4473 698 4525 et
727 4475 911 4524 terra.
942 4468 1042 4523 128
1096 4472 1172 4522 De
1200 4465 1396 4537 eclipsi
1421 4463 1614 4518 solari.
1652 4459 1773 4513 129.
1794 4464 1872 4513 De
1897 4458 2090 4528 eclipsi

431 4560 642 4614 lunari.
678 4559 800 4614 130.
835 4559 914 4614 An
945 4557 1023 4612 sol
1053 4555 1268 4612 calidus
1316 4557 1409 4610 sit.
1462 4552 1584 4606 131.
1621 4551 1747 4617 Quae
1793 4548 1865 4601 sit
1900 4561 2082 4602 essen-

2223 1945 2314 1992 tru
2363 1942 2416 1992 et
2471 1937 2688 2010 fulgore
2751 1937 3030 2002 decidunt,
3100 1954 3277 2006 magis
3341 1940 3557 1992 semina
3609 1940 3887 1995 irrorant.

2219 2026 2344 2081 474.
2412 2028 2485 2082 De
2552 2027 2835 2081 nonnullis
2903 2026 3148 2082 lacubus.
3215 2028 3339 2082 175.
3400 2029 3472 2082 De
3525 2029 3876 2098 fluminibus.

2218 2115 2343 2170 176.
2386 2116 2461 2170 De
2508 2115 2626 2170 Nili
2673 2117 3031 2171 incremento.
3069 2116 3189 2170 177.
3225 2116 3408 2182 Quare
3454 2118 3607 2169 inter
3641 2117 3882 2184 ﬂumina

2216 2205 2375 2259 Nilus
2405 2204 2552 2259 solus
2584 2207 2768 2260 ventos
2817 2220 2927 2258 non
2973 2206 3150 2274 efflat.
3188 2205 3310 2258 178.
3357 2206 3428 2259 De
3473 2206 3738 2260 maximis
3784 2220 3877 2260 re-

2216 2294 2362 2361 gnis.
2389 2293 2509 2348 179.
2546 2294 2617 2348 De
2655 2293 2994 2349 humoribus.
3031 2293 3134 2348 180
3188 2293 3369 2361 Quare
3393 2302 3636 2363 pastores
3683 2310 3888 2362 recens

2214 2384 2360 2435 natis
2391 2383 2770 2437 animantibus
2812 2383 2896 2436 sal
2944 2383 3288 2454 inspergunt.
3316 2381 3440 2437 181.
3485 2383 3668 2450 Quare
3704 2384 3882 2454 poly-

2211 2487 2317 2540 pus
2364 2472 2600 2526 colorem
2643 2487 2927 2537 saxorum,
2971 2471 3171 2540 quibus
3207 2487 3322 2526 sese
3364 2471 3752 2542 applicaverit,
3785 2474 3878 2526 in-

2213 2559 2369 2614 duat.
2439 2559 2560 2614 182.
2640 2561 2822 2627 Quare
2887 2560 3077 2630 palma
3130 2574 3279 2616 ursa?
3343 2561 3413 2614 ad
3474 2561 3878 2616 comedendum

2213 2650 2544 2702 suavissima
2599 2653 2699 2703 est.
2764 2649 2886 2703 183.
2955 2652 3151 2719 Quare
3210 2650 3494 2704 Dorienses
3568 2659 3878 2719 precantur

2210 2740 2421 2792 malum
2449 2736 2745 2792 herbarum
2773 2742 3122 2809 proventum.
3158 2738 3278 2792 184.
3315 2738 3495 2805 Quare
3524 2754 3659 2793 ursa
3681 2745 3874 2808 capta,

2214 2836 2328 2882 rete
2373 2841 2484 2882 non
2537 2826 2792 2882 comedit.
2847 2828 2969 2881 185.
3021 2827 3202 2894 Quare
3245 2827 3411 2894 lotigo
3480 2828 3598 2882 visa
3662 2837 3874 2898 tempe-

2212 2917 2404 2969 statem
2460 2917 2754 2987 prxsagit.
2810 2915 2931 2969 186.
2991 2915 3172 2978 Quare
3235 2915 3480 2969 triticum
3542 2917 3602 2970 in
3661 2916 3868 2986 lutosa,

2211 3004 2474 3059 hordeum
2536 3007 2597 3060 in
2652 3004 2816 3060 arida
2875 3009 3024 3058 terra
3091 3007 3448 3059 seminamus.
3510 3005 3625 3058 187.
3683 3005 3870 3073 Quare

2211 3095 2336 3147 vitis
2366 3095 2513 3158 vino,
2543 3101 2595 3148 et
2619 3095 2898 3162 praecipue
2919 3093 2969 3146 si
2996 3107 3113 3158 suo,
3151 3103 3494 3163 aspergatur,
3527 3094 3864 3148 exsiccatur.

2211 3182 2332 3236 188.
2351 3183 2530 3249 Quare
2549 3196 2690 3238 rosae
2705 3183 2880 3249 magis
2896 3183 3262 3251 efﬂorescunt,
3277 3183 3327 3236 si
3344 3184 3492 3236 male
3513 3182 3727 3236 olentia
3751 3199 3867 3238 una

2126 3251 2169 3317 (ἶ
2205 3287 2331 3326 cum
2357 3271 2490 3341 ipsis
2519 3272 2942 3326 inseminentur.
2978 3270 3100 3324 189.
3133 3271 3312 3337 Quare
3359 3286 3656 3341 porcorum
3700 3287 3866 3342 agre-

2199 3362 2373 3415 stium
2393 3361 2651 3431 lacrymx
2665 3359 3168 3427 dulces,cervorum
3188 3360 3355 3414 salsae
3374 3361 3519 3412 sunt.
3542 3359 3662 3412 190.
3679 3360 3868 3426 Quare

2203 3449 2392 3515 lapilli
2418 3449 2737 3519 plumbique
2767 3448 2990 3502 laminx
3021 3448 3237 3518 injecta:
3264 3447 3612 3517 frigidiorem
3652 3465 3864 3518 aquam

2200 3538 2473 3606 efﬁciunt.
2506 3536 2628 3591 191.
2663 3537 2842 3604 Quare
2884 3536 3068 3606 paleis
3109 3540 3162 3590 et
3210 3535 3552 3590 indumentis
3581 3537 3688 3592 m'x
3718 3553 3866 3591 con-

2199 3641 2470 3681 servatur.
2521 3625 2642 3680 192.
2682 3624 2820 3691 Quid
2859 3625 2930 3678 sit
2977 3624 3232 3679 bulimos.
3280 3624 3396 3678 193.
3445 3624 3623 3691 Quare
3659 3641 3862 3681 carnes

2203 3717 2263 3769 in
2313 3716 2422 3784 ﬁcu
2458 3728 2714 3785 appensa?
2763 3713 3068 3768 teneriores
3118 3713 3276 3781 ﬁant.
3320 3717 3396 3766 Ex
3444 3713 3626 3781 hisce,
3660 3713 3858 3769 CLXII

2201 3803 2393 3874 capita
2422 3803 2479 3856 in
2508 3801 2770 3874 linguam
2793 3817 2958 3855 versa
2978 3801 3234 3856 Latinam
3255 3819 3288 3856 θ.
3311 3804 3507 3856 nescio
3523 3817 3642 3872 quo
3664 3808 3862 3859 osten-

2202 3891 2286 3946 dit
2304 3891 2446 3945 mihi
2470 3891 2737 3947 acerrimi
2760 3891 2979 3961 ingenti
3003 3888 3089 3945 vir
3106 3891 3193 3946 Jo.
3215 3891 3472 3946 Jacobus
3489 3891 3854 3946 Buccardus.

2272 4015 2383 4086 [56]
2419 4013 2658 4070 LXXIII.
2693 4009 3001 4072 Ἐπιλύσεις
3035 4012 3293 4084 σύντομοι
3327 4016 3565 4089 φυσικῶν
3593 4017 3728 4082 ζητῇ
3744 4012 3848 4085 μά-

2197 4123 2304 4156 των
2338 4103 2473 4177 πρὸς
2506 4099 2740 4174 Μιχαὴλ
2769 4100 2858 4153 τὸν
2889 4103 3090 4154 Λοῦκαν
3134 4100 3184 4154 ἐν
3223 4095 3463 4176 βιϐλίοις
3513 4099 3652 4156 δυσί.
3686 4103 3854 4158 Solu-

2201 4195 2378 4248 tiones
2407 4191 2807 4263 compendiosa:
2851 4192 3194 4245 naturalium
3243 4194 3612 4262 quaestionum
3651 4193 3720 4246 ad
3751 4193 3855 4247 Mi-

2198 4280 2436 4336 chaelcm
2472 4286 2679 4337 Ducam
2714 4279 2869 4334 libris
2899 4279 3126 4334 duobus.
3154 4283 3210 4330 P.
3244 4279 3304 4334 '0
3340 4278 3433 4350 μὲν
3465 4276 3850 4354 Πλούταρχος,

2203 4370 2422 4444 μέγιστε
2458 4367 2546 4422 καὶ
2605 4367 2841 4431 θειότατε
2903 4363 3145 4441 βασιλεῦ.
3201 4368 3407 4440 Capita
3460 4369 3560 4423 lib.
3615 4370 3660 4424 Ι.
3716 4369 3851 4442 Περί

2195 4462 2292 4512 τοῦ
2325 4454 2642 4534 σφαιροειδῆ
2676 4457 2806 4509 εἶναι
2839 4456 2935 4524 τήν
2989 4461 3112 4530 γῆν.
3146 4454 3276 4530 Περὶ
3332 4458 3430 4508 τοῦ
3480 4460 3685 4518 κεῖσθαι
3748 4457 3848 4510 αὖ·

2196 4547 2293 4615 τήν
2355 4545 2406 4600 ἐν
2467 4547 2612 4619 μέσῳ
2667 4548 2763 4599 τοῦ
2824 4544 3042 4606 παντός.
3082 4545 3209 4619 Περὶ
3267 4544 3528 4618 μεγέθους
3557 4551 3657 4612 τῆς
3712 4551 3844 4619 γῆς.

427 4649 509 4703 tia
555 4649 861 4705 stellarum.
915 4648 1034 4702 132.
1081 4647 1150 4701 De
1199 4644 1486 4700 stellarum
1551 4639 1755 4693 latione
1811 4640 1861 4690 et
1909 4642 2076 4689 motu.

2205 4635 2496 4711 Ορίζοντος
2543 4635 2885 4712 καταγραφή.
2937 4635 3140 4706 Capita
3217 4635 3481 4689 secundi.
3542 4634 3672 4708 Περὶ
3734 4639 3847 4687 τῶν

426 4737 548 4792 133.
583 4738 778 4807 Quales
819 4739 929 4792 sint
985 4736 1289 4791 stellarum
1330 4729 1807 4798 conﬁgurationes.
1842 4725 1964 4779 434.
2000 4724 2072 4779 De

419 4827 614 4883 ordine
639 4826 958 4884 stellarum.
995 4825 1117 4880 135.
1154 4820 1301 4880 Unde
1359 4819 1546 4874 lumen
1594 4815 1826 4870 habeant
1871 4813 2064 4869 stellx.

421 4924 542 4979 136.
590 4926 663 4982 De
707 4925 1110 4997 signiﬁcatione
1166 4919 1476 4985 stellarum,
1526 4917 1575 4970 et
1643 4911 1903 4985 quomodo
1970 4910 2069 4979 ﬁat

417 5012 592 5068 hiems
653 5019 704 5069 et
769 5022 954 5070 aestas.
1027 5011 1147 5065 137.
1206 5010 1484 5077 Quantum
1549 5005 1621 5059 sit
1696 5003 2068 5071 cujuscunque

409 5103 655 5172 planetx
703 5105 971 5159 circuitus
1011 5105 1240 5172 tempus.
1294 5096 1415 5151 138.
1453 5095 1528 5150 De
1575 5092 1748 5148 stellis
1793 5090 2068 5145 Dioscuris

409 5193 765 5264 nuncupatis.
800 5191 920 5246 139.
958 5191 1029 5245 De
1055 5189 1277 5245 comete.
1314 5185 1436 5240 140.
1473 5187 1551 5239 De
1582 5180 1773 5243 imbre,
1806 5181 1859 5234 et
1896 5194 2065 5249 gran-

407 5278 557 5347 dine,
589 5282 734 5350 nive,
764 5282 970 5352 pruina
1002 5288 1051 5334 et
1090 5293 1228 5333 rore.
1266 5275 1388 5328 141.
1427 5276 1509 5327 De
1557 5285 1689 5325 rore
1736 5283 1981 5336 rursum,
2011 5270 2065 5321 et

402 5371 636 5440 pruina.
691 5369 810 5425 442.
865 5371 941 5425 De
989 5367 1149 5423 iride.
1187 5365 1307 5420 143.
1357 5363 1429 5418 De
1476 5376 1628 5415 area.
1676 5359 1797 5412 144.
1851 5357 1921 5412 De
1970 5355 2063 5409 ba-

401 5458 562 5512 culis.
613 5459 732 5513 145.
787 5461 862 5514 De
904 5455 1220 5529 parallelis.
1277 5453 1401 5506 146.
1453 5451 1526 5506 De
1574 5448 1772 5504 ventis.
1829 5445 1948 5500 147.
1989 5445 2062 5498 De

402 5547 657 5615 typhone.
726 5548 850 5602 148.
915 5548 992 5602 De
1050 5541 1340 5613 ecnephia.
1394 5540 1515 5594 149.
1569 5539 1642 5592 De
1704 5533 2059 5605 fulminibus.

403 5634 526 5688 150.
579 5636 651 5690 De
695 5645 954 5707 prestere.
1010 5635 1131 5688 151.
1190 5629 1465 5698 Quomodo
1533 5625 1770 5681 mundus
1833 5622 2059 5685 coaluit,

400 5720 522 5778 152.
551 5722 636 5778 An
680 5739 856 5779 unum
896 5724 1242 5779 universum.
1295 5718 1417 5773 153.
1452 5717 1527 5772 De
1571 5729 1759 5771 vacuo.
1818 5712 1936 5767 154.
1988 5712 2062 5766 De

2184 4725 2378 4798 μεταξὺ
2434 4731 2534 4793 τῆς
2585 4730 2686 4797 γῆς
2742 4722 2831 4776 καὶ
2889 4725 2986 4775 τοῦ
3066 4720 3298 4796 οὐρανοῦ
3377 4721 3690 4797 στοιχείων,
3750 4723 3848 4776 καὶ

2175 4819 2282 4868 τῶν
2343 4813 2466 4887 περὶ
2541 4817 2710 4866 ταῦτα
2786 4815 2994 4874 παθῶν.
3057 4809 3186 4884 Περὶ
3264 4809 3445 4885 ἀέρος,
3501 4811 3587 4864 καὶ
3640 4810 3840 4888 πυρὸς,

2176 4902 2263 4957 καὶ
2309 4906 2502 4980 νεφῶν,
2551 4902 2639 4955 γαὶ
2693 4901 2883 4967 ὑετῶν,
2923 4900 3010 4953 καὶ
3067 4899 3378 4973 ἀστραπῶν,
3427 4900 3516 4953 καὶ
3571 4900 3836 4974 βροντῶν.

2177 4992 2305 5064 Περῖ
2365 4996 2626 5063 σεισμῶν.
2678 4989 2806 5063 Περῖ
2887 4989 3146 5060 κομήτων
3206 4987 3467 5062 ἀστέρων.
3529 4989 3658 5062 Περί
3715 4986 3841 5042 ἀνέ-

2180 5101 2316 5153 μων.
2369 5081 2496 5154 Περῖ
2549 5076 2744 5154 ἴριδος.
2783 5076 2911 5153 Περὶ
2964 5075 3101 5132 ἅλω.
3137 5077 3267 5150 Περί
3324 5079 3611 5151 σχήματος
3669 5075 3836 5151 οὐρα-

2171 5172 2288 5224 νοῦ.
2325 5169 2452 5241 Περὶ
2484 5166 2717 5240 κόσμου,
2750 5167 2793 5220 εἰ
2822 5160 3072 5238 ἔμψυχος
3128 5165 3156 5218 ὁ
3204 5164 3436 5238 κόσμος,
3467 5165 3555 5219 καὶ
3603 5164 3839 5238 προνοίᾳ

2175 5255 2566 5330 διοικούμενος.
2630 5255 2758 5332 Περί
2807 5255 3007 5324 τάξεως
3075 5251 3310 5324 κόσμου.
3373 5253 3499 5328 Περὶ
3575 5260 3675 5323 τῆς
3732 5258 3835 5308 τοῦ

2171 5348 2381 5420 κόσμου
2431 5345 2748 5421 ἐγκλίσεως.
2782 5342 2912 5420 Περὶ
2963 5346 3079 5410 τοῦ,
3116 5341 3161 5396 εἰ
3211 5338 3321 5397 ἔστι
3352 5344 3504 5398 κενὸν
3537 5341 3690 5404 εκτὸς
3736 5347 3838 5398 τοῦ

2170 5435 2405 5508 κόσμου.
2443 5435 2505 5492 Εἴ
2555 5432 2851 5513 ἄφθαρτος,
2881 5434 2907 5488 ὁ
2951 5431 3179 5504 κόσμος.
3226 5431 3351 5486 Τίνα
3401 5428 3548 5502 δεξιὰ
3595 5433 3840 5505 κόσμου,

2169 5527 2259 5579 καὶ
2314 5523 2433 5579 τίνα
2481 5524 2547 5579 τὶ
2598 5524 2877 5600 ἀριστερά.
2938 5520 3029 5584 Τίς
3085 5522 3119 5587 ἡ
3176 5525 3275 5574 τοῦ
3334 5519 3563 5594 οὐρανοῦ
3644 5520 3834 5581 οὐσία.

2171 5615 2300 5687 Περὶ
2353 5618 2460 5668 τῶν
2513 5613 2562 5667 ἐν
2609 5617 2821 5688 ουρανῷ
2853 5608 3164 5683 νοουμένων
3198 5607 3439 5668 κύκλων.
3481 5612 3608 5684 Περὶ
3644 5611 3844 5676 οὐσέας

2171 5702 2427 5779 ἀστέρων.
2464 5703 2594 5779 Περὶ
2627 5705 2916 5779 σχήματος
2950 5696 3212 5776 ἀστέρων.
3249 5700 3380 5776 Περὶ
3419 5707 3517 5771 τῆς
3549 5703 3657 5755 τῶν
3683 5701 3847 5756 ἀστέ-
