4060 6344
215 402 344 462 529

1476 399 1851 464 DIATRIBA
1897 401 2000 463 DE
2043 403 2389 465 PSELLIS.

3519 403 3640 462 530

219 552 336 606 ρων
397 537 600 610 φορᾶς.
674 535 845 597 Πόθεν
923 533 1247 610 φωτίζονται
1315 535 1370 588 οἱ
1449 534 1684 605 ἀστέρες.
1750 535 1874 594 Πῶς
1905 536 2054 608 At“
2084 531 2142 589 δὲ
2195 539 2293 589 τοῦ
2340 531 2688 609 Προδρόμου,
2737 535 2827 590 καὶ
2873 535 3120 606 καθεξῆς,
3159 529 3264 594 ἕως
3308 535 3416 588 τῶν
3476 532 3631 588 ἑπτά.

217 622 470 695 γίνονται
543 623 595 675 οἱ
652 623 904 698 τέσσαρες
955 623 1160 697 καιροί.
1221 622 1349 699 Περὶ
1403 624 1659 698 μεγὲθους
1713 620 1881 691 ἡλίου

218 711 313 764 καὶ
376 708 631 782 σελήνης.
691 711 821 787 Περὶ
874 719 975 781 τῆς
1035 717 1132 767 τοῦ
1177 713 1342 782 ἡλίου
1391 711 1707 786 ἐκλείψεως.
1750 711 1878 784 Περὶ

221 797 434 867 οὐσίας,
487 799 578 854 καὶ
634 805 930 876 φωτισμῶν
987 800 1242 873 σελήνης,
1274 802 1362 856 καὶ
1413 803 1718 877 σχήπατος.
1752 799 1880 873 Περὶ

218 885 526 961 ἐκλείψεως
556 886 814 960 σελήνης.
844 891 962 944 Ἐτι
990 890 1114 964 περὶ
1145 889 1442 963 ἐκλείψεως
1495 889 1754 960 σελήνης·
1788 888 1882 950 Εἰς

217 977 432 1038 πόσους
504 977 741 1040 κύκλους
822 975 1107 1052 διαιρεῖται
1169 981 1196 1034 6
1259 977 1522 1052 οὐρανός.
1600 978 1733 1049 Περὶ
1781 984 1880 1046 τῆς

216 1071 329 1120 τῶν
395 1067 630 1142 ἀστέρων
709 1071 877 1144 φορᾶς
931 1069 1022 1122 καὶ
1087 1069 1390 1139 κινήσεως.
1454 1067 1619 1125 Πόθεν
1678 1065 1738 1121 ἃν
1796 1087 1881 1131 τις

215 1155 378 1228 γνοίη
446 1155 800 1226 Ἑλληνικαῖς
848 1155 1147 1230 ἀποδείξεσι
1203 1159 1303 1228 τήν
1355 1162 1453 1213 τοῦ
1508 1157 1718 1229 κόσμου
1749 1177 1876 1210 συν-

213 1242 458 1300 τέλεια-ι.
514 1248 740 1302 Terram
773 1263 888 1302 esse
917 1248 1272 1318 sphaericam,
1304 1251 1365 1302 in
1394 1249 1581 1304 medio
1626 1249 1879 1303 αηίυενιςί

213 1337 412 1389 sitam.
447 1337 521 1391 De
550 1345 712 1394 terra:
759 1338 1155 1408 magnitudine.
1208 1339 1519 1394 Horizontis
1564 1337 1871 1406 descriptio.

214 1425 292 1479 De
315 1425 604 1481 elementis
653 1428 799 1481 inter
843 1432 1048 1482 terram
1099 1432 1150 1482 et
1187 1426 1406 1490 aetum,
1439 1433 1490 1481 et
1519 1443 1709 1482 eorum
1737 1426 1872 1496 affe-

211 1513 411 1567 ctibus.
443 1514 517 1568 De
546 1531 691 1582 aere,
722 1526 774 1569 et
805 1519 952 1586 igne,
982 1525 1033 1570 et
1062 1515 1293 1586 pluviis,
1321 1520 1373 1570 et
1418 1516 1771 1584 fulminibus,
1822 1522 1873 1569 et

213 1604 502 1657 tonitruis.
543 1604 615 1658 De
642 1608 806 1659 terrae
834 1607 1090 1660 motibus.
1140 1605 1216 1659 De
1260 1605 1500 1660 cometis.
1551 1604 1622 1658 De
1675 1603 1867 1658 ventis.

210 1691 283 1745 De
314 1692 488 1760 iride,
537 1693 610 1748 De
657 1710 816 1749 arcu.
861 1695 936 1749 De
990 1694 1161 1765 ﬁgura
1206 1693 1351 1748 caeli.
1405 1694 1477 1748 De
1517 1692 1742 1748 mundo.
1785 1694 1871 1746 An

208 1781 455 1835 mundus
483 1783 788 1849 animetur,
819 1787 871 1837 et
900 1783 1247 1853 providentia
1271 1783 1638 1854 gubernetur.
1670 1783 1744 1837 De
1767 1797 1868 1838 or-

1992 626 2172 692 Quare
2217 626 2402 696 angeli
2446 626 2623 695 aIati,
2672 627 2958 693 coronati,
3025 625 3207 695 ﬁgura
3251 625 3518 688 humana,
3575 629 3629 679 et

1987 715 2263 784 sphaeram
2293 717 2351 769 in
2383 716 2642 770 manibus
2669 713 3435 786 gestantes,depingantur,et
3463 728 3635 784 quare

1989 819 2180 859 eorum
2211 805 2648 860 commemoratio
2676 805 2738 874 fit
2782 805 2933 874 feria
2976 803 3216 858 secunda
3263 801 3631 866 hebdomadas,

1985 893 2133 964 feria
2186 909 2310 948 vero
2359 894 2529 949 tertia
2577 894 2970 959 Praecursoris,
3019 896 3072 948 et
3121 892 3202 948 sic
3248 891 3500 963 deinceps
3536 908 3636 962 per

1986 985 2188 1052 septem
2216 982 2352 1053 dies.
2386 986 2447 1038 P.
2484 981 2611 1055 Περὶ
2662 980 2755 1053 μὲν
2804 983 2900 1034 τοῦ
2945 978 3448 1057 ἀνθρωπομόρφους
3499 979 3631 1034 εἶναι

1984 1069 2136 1130 τούς.

2057 1157 2152 1220 Εἷς
2179 1159 2242 1213 τὸ
2274 1157 2592 1234 θεολογικὸν
2627 1157 2815 1234 ῥητὸν,
2854 1155 2996 1213 διατί
3030 1158 3196 1231 μονὰς
3222 1155 3311 1212 ἀπ’
3336 1157 3519 1233 ἀρχῆς
3551 1156 3630 1219 εἷς

1986 1244 2154 1302 δυάδα
2182 1252 2460 1317 κινηθεῖσα
2493 1248 2661 1324 μέχρι
2691 1245 2912 1322 τριάδος
2944 1243 3094 1317 ἔστη.
3143 1252 3211 1306 In
3256 1247 3626 1318 theologicam

1980 1337 2208 1408 dictum,
2257 1355 2427 1410 quare
2471 1341 2661 1394 unitas
2707 1355 2740 1393 a
2766 1339 3043 1410 principio
3077 1339 3132 1392 in
3166 1338 3450 1393 binarium
3479 1341 3626 1392 mota

1982 1428 2040 1482 in
2073 1430 2317 1484 ternario
2345 1426 2602 1484 consedit.
2635 1427 2696 1482 Ρ·
2731 1424 2846 1482 Οὐκ
2874 1423 3264 1500 ἀποκρύψομαι
3293 1425 3430 1499 πρὸς
3461 1423 3621 1497 ὑμᾶς,

1981 1514 2026 1567 ὦ
2056 1512 2332 1584 φίλτατοι.
2361 1517 2422 1572 In
2454 1516 2608 1572 idem
2636 1515 2857 1572 dictum
2889 1515 3002 1586 legi
3029 1520 3086 1571 et
3113 1513 3343 1587 Georgii
3368 1516 3623 1586 Acropo-

1978 1604 2095 1660 litis
2125 1604 2687 1678 interpretationem.

2050 1693 2215 1755 Λύσις
2252 1700 2354 1762 τῆς
2407 1697 2594 1758 κοινῆς
2635 1692 2865 1768 ἀπορίας
2914 1691 3164 1747 ἁπάντων
3213 1695 3321 1747 τῶν
3368 1690 3469 1762 ἔξω
3523 1693 3622 1744 τοῦ

1977 1784 2248 1857 ἡμετέρου
2279 1779 2552 1859 δόγματος
2599 1787 2706 1836 τῶν
2755 1785 3123 1858 Χριστιανῶν,
3171 1780 3239 1850 ἥν
3282 1778 3426 1836 οὕτω
3457 1800 3622 1854 προσ⁶

208 1871 342 1924 dine
371 1871 590 1926 mundi.
626 1873 702 1926 De
750 1873 1115 1927 inclinatione
1145 1873 1358 1928 mundi.
1388 1873 1469 1927 An
1503 1876 1662 1928 extra
1702 1889 1863 1926 mun-

1988 1870 2197 1948 ρὲρουσι
2225 1870 2498 1946 λέγοντες.
2527 1870 2619 1932 Τίς
2648 1875 2714 1941 ἦν
2766 1869 3030 1947 ἀναγκαία
3073 1870 3238 1970 χρεςία
3283 1872 3318 1939 ἡ
3369 1867 3619 1924 κατεπεί-

207 1958 342 2014 dum
375 1977 614 2016 vacuum
662 1964 752 2017 sit.
803 1963 886 2017 An
933 1962 1175 2018 mundus
1219 1962 1678 2033 incorruptibilis.
1735 1962 1863 2030 Quae

1988 1980 2148 2033 γουσα
2196 1960 2296 2028 τὴν
2343 1960 2656 2014 πανταιτίαν
2705 1959 2991 2033 οὐρανόθεν
3040 1956 3344 2026 κατελθεῖν,
3393 1958 3484 2012 καὶ
3541 1961 3620 2028 τῷ

207 2049 404 2104 dertra
435 2052 661 2118 mundi,
694 2067 812 2123 quae
838 2056 888 2108 et
916 2053 1174 2107 sinistra.
1203 2053 1338 2120 Qum
1369 2052 1494 2107 σοιιὶ
1520 2053 1868 2108 essentia.De

205 2139 468 2209 circulis,
520 2157 652 2210 quos
702 2142 763 2195 in
819 2142 957 2197 caelo
1005 2143 1406 2214 imaginamur.
1460 2142 1535 2196 De
1579 2141 1866 2196 stellarum

204 2231 474 2285 essentia.
506 2231 581 2285 De
607 2230 898 2285 stellarum
927 2232 1126 2302 ﬁgura.
1179 2231 1252 2286 De
1300 2230 1592 2286 stellarum
1641 2231 1861 2286 latione.

210 2319 362 2376 Unde
391 2319 576 2376 stellae
607 2320 790 2375 lumen
821 2320 1078 2376 habeant.
1131 2320 1406 2388 Quomodo
1452 2321 1592 2390 ﬁant
1631 2323 1865 2391 quatuor

204 2413 575 2481 tempestates.
605 2410 676 2465 De
704 2410 1094 2481 magnitudine
1119 2411 1249 2465 solis
1277 2418 1328 2465 et
1363 2411 1538 2466 lunae.
1601 2406 1672 2465 De
1711 2411 1862 2482 defe-

205 2507 296 2554 ctu
347 2499 506 2552 solis.
553 2499 628 2553 De
674 2501 915 2555 essentia
962 2507 1014 2554 et
1073 2499 1576 2556 illuminationibus
1617 2501 1770 2556 lunae
1809 2509 1862 2554 et

207 2587 416 2658 ﬁgura.
473 2589 542 2642 De
587 2590 804 2658 defectu
852 2589 1022 2645 lunae.
1086 2588 1281 2643 Adhuc
1317 2588 1382 2643 de
1430 2588 1648 2659 defectu
1694 2590 1858 2644 lunm.

205 2677 267 2731 In
299 2683 436 2748 quot
467 2677 705 2732 circulos
734 2677 931 2732 caelum
969 2676 1268 2733 dividatur.
1322 2682 1403 2732 De
1430 2677 1730 2732 stellarum
1758 2679 1858 2734 la-

210 2767 366 2821 tione
389 2770 441 2821 et
471 2776 646 2822 motu.
687 2767 964 2835 Quomodo
995 2768 1119 2838 quis
1149 2783 1219 2822 ex
1245 2767 1493 2836 gentium
1519 2767 1859 2824 demonstra-

204 2856 461 2912 tionibus
489 2858 694 2911 mundi
719 2857 884 2926 ﬁnem
913 2857 1492 2928 cognoscet.Ejusdem
1525 2859 1857 2928 argumenti

203 2950 318 3013 est,
353 2951 411 3000 et
460 2945 613 3001 alius
660 2945 928 3016 ejusdem
968 2949 1272 3001 tractatus.
1334 2943 1588 3020 Ἀπορίαι
1641 2944 1858 3022 φυσικαί

199 3031 295 3086 καὶ
344 3030 588 3105 λογικαί.
641 3033 815 3088 Dubia
862 3034 1164 3089 naturalia
1221 3042 1272 3089 et
1321 3034 1522 3105 logica,
1554 3034 1654 3105 qui
1711 3034 1857 3090 inci-

201 3123 326 3194 pit:
365 3119 580 3175 Πολλοὶ
615 3120 709 3193 μὲν
741 3119 1048 3196 πολλαχῶς
1073 3125 1182 3175 τῶν
1217 3120 1487 3196 ἀρχαίων,
1519 3129 1577 3178 et
1622 3123 1722 3179 alii
1746 3125 1856 3180 sub

198 3211 459 3267 diversis
506 3210 698 3266 titulis
746 3214 804 3266 et
835 3210 1161 3283 principiis,
1197 3212 1298 3284 qui
1329 3213 1530 3268 eadem
1559 3217 1621 3268 ut
1670 3213 1851 3284 pluri~

198 3318 372 3357 mum
409 3300 732 3356 continent.
800 3267 998 3371 I‘ieque
1027 3267 1100 3356 ab
1148 3267 1261 3356 Ibis
1302 3267 1529 3358 diversa
1558 3267 1854 3372 vidgntur,
1885 3267 1929 3333 θ’

198 3407 338 3463 quae
369 3389 482 3445 siib
501 3389 678 3445 variis
697 3388 892 3446 titulis
922 3389 980 3444 in
1005 3390 1358 3446 bibliotheca
1379 3391 1534 3463 regis
1554 3392 1852 3448 Gallorum

194 3480 504 3551 leguntur.
566 3479 868 3534 Solutiones
897 3481 1264 3550 quaestionum
1285 3481 1357 3535 ad
1386 3481 1710 3536 Michaelem
1743 3484 1854 3538 Du-

196 3585 348 3623 eam.
382 3569 633 3638 Epitome
672 3571 1039 3639 quaestionum
1078 3569 1450 3640 physicarum.
1486 3570 1856 3637 Qumstionum

196 3659 394 3728 capita
421 3673 568 3712 εἶσι.
616 3658 955 3726 Ωιιᾶεειίοηεδ
1001 3657 1325 3729 theologicae
1361 3662 1413 3714 et
1467 3659 1729 3731 physicae.
1780 3663 1855 3718 De

195 3747 308 3802 Deo
341 3745 412 3799 ad
443 3745 761 3801 Michaelem
786 3746 898 3818 [57]
931 3747 1160 3802 Ducam.
1221 3743 1446 3800 Ψελλοῦ
1487 3744 1852 3822 Φιλοσοφικὰ,

198 3849 269 3889 ex
303 3833 530 3906 quibus
561 3834 861 3904 omnibus,
896 3838 961 3889 ut
981 3834 1158 3890 etiam
1193 3839 1327 3890 ante
1357 3835 1635 3904 diximus,
1669 3855 1853 3893 unum

198 3923 546 3979 absolutum
581 3922 787 3979 confici
819 3923 1034 3995 poterit
1063 3940 1234 3996 opus.

273 4055 512 4111 LXXIV.
544 4055 878 4133 ’Δντιγραφή
921 4056 1440 4130 προσερωτήσαντός
1489 4078 1636 4121 τινος
1687 4079 1852 4130 μονα-

195 4148 312 4218 χοῦ
345 4144 469 4217 περὶ
500 4143 735 4219 ὁρισμοῦ
763 4148 860 4198 τοῦ
893 4145 1146 4201 θανάτου.
1199 4147 1496 4217 Responsio
1535 4147 1606 4203 ad
1652 4165 1852 4202 mona-

191 4233 369 4289 chum
397 4233 687 4304 quemdam
715 4233 1204 4290 determinatione
1248 4237 1457 4290 mortis.
1507 4240 1564 4289 P.
1608 4233 1730 4310 Οὐχ
1778 4235 1853 4297 ὡς

192 4319 460 4394 ἠπόρητο
481 4321 544 4374 τὸ
579 4315 891 4394 προϐληθὲν
923 4322 1070 4395 παρᾶ
1100 4325 1196 4376 σοῦ
1230 4323 1470 4394 ζήτημα.
1500 4325 1710 4380 Eadem
1745 4326 1855 4381 for-

192 4417 256 4468 te
292 4415 458 4475 sunt,
489 4427 615 4481 qua
647 4411 951 4480 ejusdem:
984 4412 1058 4467 De
1088 4413 1322 4468 termino
1378 4415 1527 4478 vitae,
1578 4413 1856 4486 leguntur

191 4501 256 4554 in
291 4499 656 4554 bibliotheca
683 4499 840 4571 regis
861 4499 1185 4555 Gallorum.

1978 2047 2298 2124 ἀνθρωπείῳ
2344 2048 2482 2124 γένει
2536 2043 2935 2124 συγκαταϐῆναι
2965 2095 2979 2120 ,
3040 2047 3131 2103 καὶ
3173 2053 3474 2123 τεχθῆναι,
3526 2044 3618 2100 καὶ

1975 2137 2145 2193 πάντα
2189 2138 2254 2193 τὰ
2303 2138 2615 2212 ἀνθρώπινα
2662 2139 2809 2207 πάθη
2854 2137 3173 2209 ὑποστῆναι,
3223 2136 3315 2190 καὶ
3377 2154 3620 2209 σταυρω-

1976 2229 2161 2297 θῆναι,
2219 2227 2310 2282 καὶ
2365 2235 2634 2306 ταφῆναι,
2698 2227 2788 2281 καὶ
2860 2227 3186 2293 ἀναστῆναις
3253 2225 3313 2279 Τί
3373 2223 3477 2300 γὰρ
3523 2223 3622 2278 οὐκ

1972 2315 2207 2388 ἠδύνατο
2264 2316 2484 2389 νεύματι
2562 2315 2708 2389 μόνῳ
2770 2320 2939 2370 σῶσαι
2992 2316 3083 2370 τὸν
3134 2315 3341 2368 ἅπαντα
3387 2311 3616 2386 κόσμον,

1972 2408 2058 2461 καὶ
2098 2408 2172 2481 μὴ
2195 2410 2474 2470 κενοῦσθαί
2502 2409 2601 2471 τῆς
2633 2402 2771 2466 ἰδίας
2803 2402 2984 2476 δόξης,
3009 2400 3162 2476 ,μηδὲ
3187 2404 3252 2458 τὸ
3281 2401 3576 2478 ἐλάχιστον
3601 2421 3614 2472 ;

1971 2499 2149 2553 Τοῦτο
2195 2495 2298 2571 γὰρ
2328 2496 2396 2564 ἧν
2425 2495 2515 2550 καὶ
2543 2499 2641 2550 τοῦ
2690 2495 2859 2568 ὕψους
2889 2501 2987 2563 τῆς
3017 2493 3275 2563 θεότητος
3307 2489 3476 2563 ἄξιον,
3521 2490 3614 2546 καὶ

1969 2587 2106 2658 ἡμῖν
2139 2590 2255 2646 τοῖς
2287 2584 2592 2657 ἀνθρώποις
2638 2581 3097 2660 λυσιτελέστερον.
3156 2583 3423 2639 Enodatio
3468 2598 3614 2638 com-

1970 2678 2156 2732 munis
2184 2675 2341 2731 dubii
2367 2677 2612 2730 omnium
2641 2682 2807 2729 extra
2836 2674 3284 2730 Christianorum
3322 2671 3485 2742 ﬁdem
3531 2673 3613 2727 vi-

1968 2766 2236 2834 ventium,
2285 2765 2437 2836 quod
2481 2765 2564 2820 sic
2604 2766 2954 2834 praponunt:
2995 2766 3129 2832 Quae
3167 2771 3294 2817 erat
3321 2763 3614 2818 necessitas

1969 2857 2218 2911 omnium
2251 2871 2478 2909 causam
2497 2853 2846 2925 compellens,
2895 2855 2956 2908 ut
2984 2851 3050 2907 de
3079 2852 3212 2908 calo
3243 2850 3610 2916 descenderet,

1966 2948 2188 3016 propter
2237 2944 2541 2998 humanum
2593 2958 2764 3012 genus
2811 2959 2869 2998 se
2896 2942 3224 3011 demitteret,
3267 2943 3612 3008 nasceretur,

1965 3033 2290 3090 mortalium
2333 3033 2615 3104 passiones
2659 3032 2891 3101 subiret,
2939 3032 3372 3103 cruciﬁgeretur,
3411 3028 3616 3101 sepeli-

1967 3131 2144 3190 retur,
2180 3124 2536 3194 rcsurgeret?
2581 3123 2778 3177 Annon
2818 3130 2962 3176 nutu
2990 3119 3110 3176 solo
3147 3125 3358 3191 poterat
3385 3120 3612 3174 univer-

1965 3229 2086 3268 sum
2132 3213 2373 3282 salvare,
2422 3211 2626 3283 absque
2670 3226 2729 3266 eo
2758 3210 2900 3282 quod
2931 3212 3168 3284 propria
3210 3209 3487 3280 dignitate
3531 3211 3616 3266 vel

1967 3305 2261 3358 minimum
2291 3311 2590 3358 exueretur
2609 3306 2634 3356 .'
2661 3303 2768 3358 Hoc
2797 3302 2994 3374 quippe
3023 3306 3164 3370 erat,
3203 3311 3257 3357 et
3287 3301 3441 3374 apice
3465 3301 3610 3357 divi-

1963 3393 2160 3448 nitatis
2189 3392 2439 3464 dignum,
2471 3391 2738 3464 nobisque
2767 3392 3091 3447 mortalibus
3141 3390 3253 3463 [58]
3295 3391 3472 3462 magis
3514 3405 3610 3445 ea:-

1960 3481 2202 3555 pediens.
2237 3485 2294 3534 P.
2351 3477 2567 3548 Ταύτην
2597 3480 2699 3548 τήν
2748 3479 2974 3552 ἀπορίαν
3011 3478 3108 3533 οὐκ
3157 3477 3449 3554 Ἀγαρηνοὶ
3503 3477 3608 3552 μό-

1961 3590 2076 3640 νον,
2111 3566 2255 3623 ἀλλά
2279 3567 2367 3622 καὶ
2397 3565 2691 3637 Ἕλληνες.

2037 3659 2252 3715 LXXV.
2296 3656 2391 3718 Εἷς
2420 3657 2504 3729 τὸ,
2537 3657 2602 3712 Ἡ
2624 3654 2767 3726 καλή
2801 3657 2895 3711 τὸν
2924 3657 3147 3734 ὡραῖον,
3180 3658 3241 3712 In
3273 3658 3438 3726 illud,
3471 3658 3606 3712 Pul-

1961 3754 2092 3804 chra
2120 3748 2448 3821 formosum.
2483 3751 2541 3802 P.
2576 3746 2704 3802 Κατ’
2736 3742 2980 3818 ἔλλειψιν
3011 3749 3131 3814 τοῦ,
3163 3743 3452 3817 Ἀπέτεμε.

2037 3835 2127 3896 Εἰς
2155 3835 2216 3889 τὸ
2268 3833 2558 3909 λεγόμενον
2591 3832 2642 3888 ἐν
2674 3837 2742 3906 τῇ
2776 3834 2938 3908 ἑορτῇ
2969 3840 3071 3902 τῆς
3121 3831 3482 3906 Ἀναλήψεως
3508 3835 3606 3886 τοῦ

1963 3926 2218 4000 Χριστοῦ,
2266 3923 2522 3998 Σήμερον
2553 3922 2620 3976 τὰ
2649 3922 2774 3996 ἅγια
2821 3918 3154 3997 Κούνδουρα,
3205 3920 3295 3976 unt
3333 3918 3520 3996 αὔριον
3569 3922 3604 3989 ἡ

1963 4011 2286 4085 Ἀνάληψις.
2337 4015 2401 4068 In
2449 4013 2612 4080 illud,
2671 4011 2814 4083 quod
2869 4013 2929 4066 in
2985 4013 3219 4068 solemni
3269 4012 3610 4068 Ascensionis

1965 4104 2171 4160 Christi
2225 4103 2318 4158 die
2365 4102 2593 4167 dicitur,
2644 4101 2804 4157 hodie
2846 4101 3047 4157 Sancta
3099 4101 3381 4170 Cundura,
3407 4109 3460 4157 et
3489 4116 3609 4156 cras

1960 4193 2240 4248 Ascensio.
2277 4195 2335 4244 P.
2371 4189 2486 4246 Οὐκ
2511 4189 2617 4244 ἀπὸ
2646 4194 2754 4244 τῶν
2785 4189 3134 4264 ὑψηκοτέρων
3169 4191 3357 4264 μόνον.

2033 4280 2098 4336 Τί
2124 4280 2209 4349 τὸ,
2241 4279 2366 4334 Κατ’
2394 4278 2596 4337 εἰκόνα.
2626 4279 2717 4334 καὶ
2745 4279 2798 4334 τί
2836 4281 2898 4334 τὸ
2946 4281 3076 4337 Καθ’
3119 4277 3407 4353 ὁμοίωσιν.
3466 4281 3612 4350 Quid

1961 4373 2034 4427 sit
2091 4369 2392 4426 secundum
2445 4372 2761 4442 imaginem,
2819 4380 2871 4427 et
2918 4371 3051 4444 quid
3077 4371 3374 4428 secundum
3403 4371 3609 4427 simili-

1963 4460 2231 4516 tudinem.
2265 4460 2326 4514 P.
2361 4457 2643 4514 Ἀπάντων
2673 4463 2781 4514 τῶν
2815 4459 3120 4535 γινομένων
3159 4460 3346 4532 μόνος.

2032 4553 2086 4601 '0
2135 4549 2344 4624 Πατὴρ.
2394 4548 2581 4610 οὐσίας
2623 4549 2658 4618 ἢ
2710 4548 2974 4623 ἐνεργείας
3005 4544 3200 4622 ὄνομα,
3233 4552 3400 4606 Pater
3427 4567 3604 4608 essen-

270 4613 432 4667 Διατί
491 4619 593 4682 τῆς
640 4613 1048 4685 κοσμοκτησίας
1098 4615 1234 4668 κατᾶ
1281 4615 1371 4669 τὸν
1414 4616 1652 4690 Μάρτιον
1707 4623 1852 4688 μῆνα

1988 4640 2151 4708 ima,
2181 4655 2254 4694 an
2275 4613 2522 4694 actionis
2550 4613 2750 4694 nomen
2780 4613 2902 4694 iii?
2931 4644 2990 4694 P.
3051 4613 3199 4712 Πρὸς
3239 4635 3424 4714 ἓτερον
3454 4636 3604 4700 αὖθις

188 4705 300 4772 τήν
352 4702 530 4776 ἀρχὴν
582 4700 862 4776 εἰληφὼς,
913 4703 941 4756 6
989 4703 1190 4777 χρόνος
1250 4702 1341 4758 ἀπ’
1380 4705 1558 4779 ἀρχῆς
1615 4709 1712 4760 τοῦ
1761 4711 1856 4760 Σε-

191 4785 512 4866 πτεμϐρίου
567 4792 741 4862 μηνὸς
790 4791 1124 4866 ἀπάρχεσθαι
1176 4789 1414 4867 λέγεται.
1462 4796 1710 4863 Quarum
1759 4813 1856 4851 ra-

192 4885 363 4938 tione
391 4883 543 4936 orbis
570 4882 836 4950 conditus,
883 4898 1002 4937 cum
1048 4899 1228 4938 mense
1274 4883 1470 4939 Martio
1514 4887 1859 4957 principium

195 4971 485 5039 habuerit,
517 4972 586 5026 ab
617 4973 781 5027 initio
812 4973 1016 5026 mensis
1047 4971 1383 5044 Septembris
1432 4977 1644 5044 tempus
1690 4991 1858 5030 exor-

196 5061 328 5116 diri
372 5059 613 5115 dicatur.
677 5063 735 5115 P.
787 5059 884 5113 Διᾶ
938 5058 1002 5112 τὸ
1045 5057 1330 5122 καλεῖσθαι
1388 5060 1590 5134 χρόνος
1647 5062 1675 5114 6
1728 5061 1862 5137 χρό-

199 5170 328 5210 νος.

279 5262 417 5337 Περῖ
447 5267 544 5318 τοῦ
575 5262 970 5336 ἀποπομπαίου
999 5269 1177 5338 κριοῦ.
1226 5267 1302 5322 De
1347 5268 1498 5323 hirco
1545 5269 1858 5325 emissario.

202 5363 272 5412 Α.
316 5352 631 5428 Ἐρώτησας
679 5351 884 5422 πηνίκα
911 5357 1008 5408 τοῦ
1038 5351 1190 5416 ἔτους
1223 5354 1250 5407 ὁ
1283 5354 1592 5431 ἀρχιερεύς.

283 5467 414 5542 Περὲ
447 5470 568 5534 τοῦ,
614 5463 757 5522 ὃιατί
809 5468 860 5521 u't
937 5465 1159 5543 ἄγγελοι
1209 5472 1503 5544 πτερωτοὶ,
1551 5471 1640 5525 καὶ
1672 5469 1863 5545 ἐστεμ-

210 5557 396 5631 μένοι,
444 5555 537 5609 καὶ
594 5554 1058 5632 ἀνθρωπόμορφοι
1094 5599 1108 5622 ,
1186 5557 1276 5612 καὶ
1353 5564 1581 5636 σφαῖραν
1636 5560 1686 5613 ἐν
1746 5567 1865 5622 ταῖς

210 5647 374 5722 χερσὶ
442 5646 720 5721 φέροντες.
771 5645 874 5702 Καὶ
931 5642 1002 5699 δι’
1059 5647 1124 5715 ἣν
1184 5645 1360 5700 αἰτίαν
1415 5649 1638 5720 μνήμην
1686 5648 1861 5702 αὐτῶν

207 5733 528 5807 ποιούμεθα
554 5736 626 5807 τῇ
657 5730 878 5808 δευτέρᾳ
903 5739 1004 5804 τῆς
1035 5729 1341 5809 ἑϐδομάδος
1389 5735 1588 5811 ἡμέρα,
1644 5740 1714 5810 τῇ
1753 5737 1867 5813 τρί-

1962 4720 2286 4802 πρόϐλημα.

2035 4814 2330 4889 Ἑρμηνεία
2361 4812 2434 4875 είς
2462 4813 2524 4868 τὸ
2548 4812 2707 4887 Κύριε
2738 4815 2917 4885 Ἰησοῦ
2948 4816 3165 4892 Χριστὶ,
3197 4817 3224 4871 6
3263 4818 3391 4878 Θεὸς
3421 4818 3603 4888 ἡμῶν,

1967 4901 2192 4972 ἐλέησον
2239 4905 2406 4975 ἡμᾶς.
2461 4903 2658 4975 Ἀμήν.
2707 4907 2986 4978 Expositio
3038 4908 3099 4962 in
3146 4907 3313 4963 illud.
3365 4907 3607 4962 Domine

1966 4994 2105 5050 Jesu
2137 4992 2384 5059 Christe,
2419 4995 2569 5049 Deus
2603 4999 2818 5064 noster,
2845 4995 3122 5052 miserere
3151 4996 3355 5052 nostri.
3386 4998 3598 5053 Amen.

1968 5087 2026 5138 P.
2060 5081 2268 5142 Παντὸς
2299 5077 2652 5156 δογματικοῦ.

2040 5167 2169 5244 Περὶ
2197 5175 2300 5238 τῆς
2333 5167 2636 5232 συντελείας
2664 5174 2761 5226 τοῦ
2787 5170 3007 5234 αἰῶνος.
3053 5179 3135 5230 De
3164 5174 3273 5244 ﬁne
3301 5173 3514 5230 swculi.
3550 5178 3609 5230 P.

1969 5255 2141 5331 Εὗρον
2169 5256 2220 5312 ἐν
2251 5260 2320 5330 τῇ
2352 5258 2648 5332 Ἑρμηνείᾳ
2674 5266 2774 5329 τῆς
2805 5259 3257 5337 ’Λποκαλύψεως.

2113 5375 2178 5450 ln
2200 5373 2317 5450 loca
2345 5375 2676 5450 d‘i/ﬁciliora
2708 5379 2934 5444 Basilii,
2964 5381 3259 5450 expositio.

2114 5447 2175 5501 In
2208 5446 2324 5501 loca
2354 5446 2675 5518 difﬁciliora
2698 5446 3046 5506 Nazianzeni
3071 5453 3366 5524 expositio.

2045 5558 2142 5622 Εἷς
2167 5560 2264 5621 τὰς
2300 5557 2602 5638 ἐπιγραφὰς
2640 5566 2746 5634 τῷν
2786 5562 3060 5636 Ψαλμῶν,
3111 5567 3176 5621 In
3231 5567 3616 5639 inscriptiones

1978 5651 2334 5705 Psalmorum.
2371 5651 2434 5706 P.
2464 5652 2585 5707 Τῶν
2619 5650 2671 5706 ἐν
2703 5657 2823 5714 τοῖς
2855 5653 3135 5727 Ψαλμοῖς.

2045 5738 2142 5800 Εἰς
2196 5737 2291 5800 τὰς
2349 5737 2646 5818 ἐπιγραφὰς
2699 5745 2808 5796 τῶν
2865 5741 3160 5816 Ψαλμῶν,
3224 5741 3313 5798 καὶ
3369 5743 3431 5798 τὸ
3488 5743 3613 5798 Διά-
