4078 6336
239 396 368 456 533

1509 399 1886 466 DIATRIBA
1938 393 2042 456 DE
2087 397 2428 463 PSELLIS.

3567 413 3686 474 534

244 531 694 587 accommodare
760 532 966 603 voluit,
1027 535 1294 608 contigit.
1362 536 1500 591 Mihi
1569 539 1721 591 certe
1795 525 2327 591 nonATheodorus
2374 550 2496 600 rex,
2543 537 2617 590 iis
2659 538 2910 606 cognitis,
2961 539 3022 593 in
3089 538 3367 595 Orientem
3422 545 3682 613 protinus

242 615 479 672 videtur
520 619 766 676 Michael
817 621 1066 691 Psellus,
1116 626 1216 695 qui
1267 627 1376 681 sub
1425 623 1807 681 Monomacho
1856 625 1915 676 et

243 705 424 761 Ducis
456 707 672 775 floruit,
707 727 774 766 eo
810 727 996 782 usque
1027 713 1206 768 vitam
1248 715 1627 786 protraxisse,
1661 718 1726 768 ut
1783 715 1914 783 post

244 794 501 866 Philippi
534 798 786 866 obitum,
819 801 891 855 de
921 818 1037 872 quo
1072 819 1184 857 non
1225 808 1458 860 tantum
1512 810 1654 859 tunc
1709 819 1912 858 recens

239 885 534 941 exstincto
556 885 838 958 loquitur,
857 890 911 944 in
939 891 1207 961 ejusdem
1236 893 1554 964 Dioptram,
1574 893 1708 948 licet
1731 893 1910 947 etiam

246 967 702 1046 μακροϐιώτατον
750 979 1084 1047 fecerimus,
1140 982 1367 1052 praefari
1445 982 1720 1055 potuerit.
1771 981 1911 1035 Phi-

236 1061 443 1133 lippus
470 1065 626 1120 enim
659 1083 813 1123 anno
845 1069 982 1122 1165
1031 1069 1347 1141 scribebat,
1381 1075 1446 1126 ut
1495 1071 1623 1142 ipse
1673 1071 1910 1126 fatetur.

241 1171 388 1256 Ἀδορ
421 1177 527 1256 γὰρ
559 1175 665 1232 ἀπὸ
689 1181 1062 1256 τοῦηΧριστοῦ
1093 1177 1225 1256 ἄχρι
1254 1179 1321 1252 δὴ
1352 1184 1444 1237 καὶ
1474 1189 1575 1252 τῆς
1617 1179 1772 1256 δεῦρο

263 1201 388 1228 mou
421 1201 527 1248 γαρ
559 1201 665 1232 απο
694 1201 791 1232 τοο
823 1201 1062 1254 λριστου
1093 1201 1143 1234 αι
1211 1204 1225 1237 ι
1254 1201 1321 1252 οη
1352 1201 1444 1237 και
1474 1204 1575 1252 της
1617 1201 1665 1237 οε

241 1245 614 1346 ἓεπλνξρώται
636 1250 712 1334 ,τὰ
741 1251 927 1342 χίλια,
962 1255 1102 1344 πρὲς
1232 1260 1322 1346 θεαὶ
1363 1256 1550 1335 tum
1582 1275 1665 1346 χε,

243 1320 342 1397 lia}.
373 1320 532 1397 πέντε
563 1321 652 1375 ἐπὶ
681 1320 1012 1397 τοῖξτοιςγε,
1039 1321 1145 1386 ἕως
1179 1327 1264 1380 καὶ
1300 1326 1395 1381 τοῦ
1434 1332 1544 1395 νῦν,
1580 1320 1698 1396 ἔτή,

241 1391 342 1445 Ἀν
378 1387 426 1446 δ’
459 1391 698 1468 ἀριθμῇς
754 1394 810 1449 ἐκ
993 1387 1191 1474 ’ταφῆς
1248 1405 1350 1468 τῆς
1399 1387 1621 1469 τούτου,
1663 1387 1770 1485 Brut,
1812 1397 1909 1450 τοῦ

1701 1489 1909 1529 παυους

1701 1490 1775 1523 πα

240 1531 522 1610 Πεφῦκασί
550 1556 612 1611 γε
641 1535 804 1612 χίλια
833 1532 1218 1611 ἑϐδομήκοντα
1250 1537 1334 1597 δύ.
1679 1471 1694 1542 [
1781 1480 1806 1532 θ

317 1661 462 1715 Ecce
515 1665 666 1717 enim
713 1681 746 1718 a
803 1663 1017 1722 Christo
1063 1683 1231 1738 usque
1279 1669 1338 1723 in
1382 1672 1716 1740 praesentem
1762 1667 1909 1722 diem

237 1753 502 1820 completi
540 1757 667 1808 sunt
715 1754 880 1811 mitte
915 1760 967 1812 et
1016 1763 1258 1829 centum,
1297 1768 1351 1815 et
1399 1762 1623 1831 insuper
1668 1761 1748 1813 ad
1791 1759 1909 1814 haec

239 1849 494 1910 tempora
527 1845 668 1898 anni
717 1846 977 1917 quinque.
1012 1847 1074 1902 Si
1100 1863 1220 1903 vero
1247 1852 1532 1920 computus
1560 1866 1592 1904 α
1619 1849 1908 1919 sepultura

240 1937 294 1982 et
326 1933 589 2000 passione
618 1933 795 2004 illius,
823 1943 956 1990 sunt
986 1936 1140 1991 mitte
1187 1939 1536 2008 septuaginta
1570 1937 1700 1994 duo.
1731 1939 1900 1992 Anno

244 2017 520 2074 videlicet
553 2020 618 2074 16
648 2019 851 2091 Alexii,
888 2028 953 2078 ut
980 2024 1133 2080 idem
1169 2025 1249 2081 ait
1277 2027 1545 2096 inferius,

238 2131 418 2227 ,Οξιοῦ
446 2153 506 2186 τε
535 2127 628 2204 ἔτη
659 2133 901 2210 γίνονται
931 2136 1038 2192 ἀπὸ
1067 2141 1303 2227 Χριστοῦ
1332 2141 1394 2194 τὸ
1423 2139 1596 2205 πάθος

239 2203 304 2227 VA
360 2203 372 2227 Ρ
401 2225 408 2227 ,
441 2199 556 2227 ςρδκ
638 2208 650 2227 Ι
945 2209 959 2227 ι
997 2207 1050 2227 (\I
1126 2212 1162 2227 ,κ
1287 2212 1299 2227 \
1449 2211 1461 2227 I

235 2199 411 2287 ἕιλίκ
441 2199 960 2287 ὲϐδομῆῖὶμονταλκαί
993 2207 1088 2287 δύο
1116 2199 1174 2266 δὲ
1203 2212 1339 2287 πρὸς
1369 2211 1608 2283 τούτοις,

237 2277 354 2331 Τοῦ
387 2277 654 2341 “Anicio;
688 2277 971 2335 ἑκκαίδεκα
1001 2277 1256 2354 Ἀλεξίου’
1279 2283 1502 2360 ἀρτίως.

309 2401 492 2459 Simul
521 2407 663 2460 armi
707 2407 851 2476 ﬁunt
877 2425 912 2463 a
943 2409 1154 2465 Christi
1196 2411 1445 2481 passione
1473 2411 1628 2466 mitte
1673 2420 1896 2482 septua-

232 2493 399 2559 ginta
450 2493 578 2560 duo,
629 2497 982 2566 imperatoris
1037 2499 1225 2554 Atexii
1279 2499 1558 2554 sexdecim
1621 2501 1894 2572 completi.

230 2579 351 2634 Nec
400 2582 593 2651 potuit
650 2582 748 2639 illo
803 2586 1008 2641 eodem
1067 2603 1221 2642 anno
1280 2587 1587 2659 Philippus
1642 2589 1896 2660 ingentis

233 2668 422 2723 studii
468 2686 535 2725 ac
589 2669 810 2728 laboris
858 2691 1006 2746 opus
1051 2673 1392 2732 absolvisse.
1441 2678 1514 2731 At
1559 2677 1892 2746 absolverit,

232 2758 527 2814 statimne
582 2761 653 2815 ad
712 2777 928 2819 manus
993 2764 1260 2818 omnium
1332 2766 1518 2836 potuit
1594 2767 1896 2836 pervenire

237 2846 636 2919 adornarique
697 2850 1036 2920 praefatione
1101 2851 1276 2908 etiam
1355 2853 1577 2909 Pselli?
1631 2854 1792 2918 Quod
1845 2853 1895 2907 si

241 2941 549 2991 momento
606 2939 807 2993 eodem
861 2939 1081 2994 factum
1140 2940 1196 2994 id
1243 2957 1372 2997 esse
1443 2941 1895 3009 afﬁrmabimus,

235 3023 474 3081 Psellus
504 3032 657 3083 certe
689 3027 820 3098 plus
865 3030 1040 3086 annis
1075 3035 1309 3086 centum
1361 3037 1533 3087 natus
1580 3033 1893 3100 scribebat,

233 3119 291 3168 et
339 3115 724 3173 verisimilius
778 3123 867 3173 est
907 3119 1088 3174 alium
1122 3121 1195 3175 ab
1227 3120 1334 3175 hoc
1363 3119 1550 3176 Psello
1583 3122 1785 3176 fuisse.
1817 3125 1895 3176 De

232 3203 395 3258 notis
428 3202 550 3260 sive
579 3205 840 3277 scboliis,
876 3225 1002 3280 qua:
1059 3225 1128 3264 ex
1177 3207 1365 3264 Psello
1412 3210 1472 3264 in
1525 3209 1758 3280 Dioptra
1806 3209 1894 3266 in-

2022 619 2202 676 redire
2261 627 2526 690 maturat,
2596 625 2824 682 Lascare
2887 629 3064 698 patris
3132 631 3422 698 avunculo,
3479 638 3536 686 et
3582 633 3682 688 Μί-

2021 710 2207 765 chaete
2239 713 2415 767 Psello
2445 729 2570 768 cum
2600 717 2818 786 exiguis
2848 719 3037 787 copiis,
3080 721 3266 788 utpote
3313 723 3589 789 trecentis,
3622 724 3681 778 in

2025 799 2330 856 Occidentis
2381 803 2708 872 praesidium
2782 804 3003 861 relictis
3064 807 3343 879 Perilapo,
3395 813 3447 864 et
3499 812 3680 866 vicino

2022 891 2227 944 tractui
2257 889 2535 947 theodoro
2575 893 2913 965 Catampaci,
2948 910 3106 966 quem
3160 896 3346 952 Totam
3395 898 3554 955 Autae
3598 915 3682 955 co-

2021 979 2441 1050 gnominabant,
2490 982 2847 1038 Constantino
2900 983 3167 1041 Cliabara:
3209 986 3409 1042 Albani
3445 991 3680 1059 praefec-

2021 1071 2209 1122 turam
2237 1068 2590 1126 demandauit
2611 1089 2635 1135 ;
2661 1073 2805 1127 mihi
2842 1075 3029 1128 autem
3059 1089 3379 1144 supremum
3408 1077 3466 1130 in
3498 1092 3683 1133 omnes

2020 1155 2316 1228 imperium
2345 1159 2596 1216 tradidit.

2089 1337 2222 1405 Sed,
2249 1340 2313 1391 ut
2337 1353 2537 1393 verum
2573 1339 3069 1406 fatear,mendum
3104 1340 3161 1396 in
3193 1341 3302 1396 hoc
3331 1340 3456 1397 loco
3479 1341 3674 1399 inesse

2020 1425 2544 1496 suspicabar.Cum
2570 1427 2727 1483 enim
2762 1429 3124 1500 reliquorum
3150 1431 3671 1502 omnium,quibus

2018 1515 2334 1571 exercitum
2396 1517 2852 1574 demandavcrat
2916 1519 3259 1591 imperator,
3318 1521 3560 1575 nomina
3614 1524 3674 1577 et

2019 1604 2373 1675 cognomina
2428 1610 2821 1676 apponuntur,
2884 1606 3153 1661 Lascaris
3194 1605 3386 1661 solum
3433 1621 3668 1677 nomen,

2019 1709 2134 1748 non
2169 1710 2237 1748 ex
2269 1710 2428 1749 more
2476 1711 2603 1761 suo,
2637 1692 2892 1749 tacuisse
2933 1694 3224 1750 videbam.
3258 1694 3500 1762 Deinde,
3532 1711 3665 1750 cum

2016 1780 2150 1853 alia,
2199 1799 2302 1838 nec
2353 1782 2599 1838 minoris
2657 1783 3161 1851 considerationis,
3199 1783 3375 1838 unius
3431 1787 3662 1838 tantum

1936 1897 1982 1962 B
2015 1886 2167 1962 cura:
2200 1872 2633 1938 demandasset,
2667 1871 2829 1962 nulla
2857 1871 3176 1962 videbatur
3205 1872 3358 1962 ratio
3408 1871 3557 1927 duos
3600 1872 3657 1927 in

2012 1958 2256 2015 minimo
2315 1964 2544 2032 negotio
2603 1961 2949 2033 praefecisse,
3003 1965 3061 2016 et
3132 1959 3449 2015 ridiculum
3517 1976 3657 2016 sane

2008 2053 2116 2120 est,
2155 2053 2272 2104 tam
2321 2050 2560 2122 exiguas
2612 2050 2832 2121 copias,
2881 2053 3172 2105 trecentos
3219 2048 3461 2118 scilicet,
3513 2049 3654 2104 viris

2009 2138 2240 2194 duobus
2271 2139 2731 2195 commendasse.
2767 2141 2889 2194 lmo
2921 2138 3033 2194 alia
3079 2138 3341 2208 ejusdem
3373 2136 3654 2203 auctoris,

2007 2228 2078 2282 de
2108 2228 2310 2282 eodem
2345 2233 2691 2298 argumento
2724 2227 2924 2296 editio,
2950 2227 3214 2283 Lascaris
3240 2242 3453 2282 nomen
3485 2225 3658 2281 nobis

2005 2315 2234 2387 inserit,
2255 2333 2359 2371 nec
2392 2316 2646 2372 Psellum
2681 2317 3249 2385 comminiscitur;et
3278 2330 3411 2371 cum
3442 2313 3657 2386 sapius

2005 2405 2066 2459 in
2125 2405 2208 2459 rei
2264 2410 2435 2473 gestes
2489 2405 2823 2460 narratione
2883 2405 3089 2460 horum
3131 2403 3398 2459 omnium
3451 2402 3658 2457 notitia

2005 2499 2061 2549 et
2091 2494 2462 2565 cognomina,
2499 2495 2569 2548 ad
2620 2493 2922 2548 fastidium
2973 2509 3182 2564 usque,
3217 2494 3460 2564 repetat,
3497 2491 3656 2546 Psel-

2006 2581 2129 2638 lum
2186 2583 2366 2638 istum
2427 2599 2728 2654 nunquam
2809 2582 3093 2638 nominat.
3148 2582 3307 2637 Duas
3362 2580 3654 2651 siquidem

2004 2672 2269 2743 ejusdem
2323 2672 2578 2728 historiae
2618 2667 2878 2738 ἐκδόσεις,
2931 2671 3239 2738 editiones,
3281 2670 3654 2741 conscripsit,

2004 2764 2270 2828 alteram,
2323 2777 2498 2832 quam
2547 2761 2886 2817 Theodorus
2940 2767 3138 2816 Dousa
3186 2760 3381 2816 Graece
3442 2764 3499 2814 et
3553 2759 3656 2814 La-

2004 2849 2125 2905 tine
2201 2849 2540 2921 publicavit,
2617 2851 2872 2920 brevem,
2939 2850 3256 2917 concisam,
3319 2865 3433 2904 non
3522 2864 3654 2901 nar-

2003 2944 2252 3006 rantem,
2313 2940 2413 2994 sed
2485 2943 2710 2994 tantum
2779 2939 2962 3010 digito
3020 2955 3142 2994 rem
3201 2941 3653 3007 monstrantem,

2007 3027 2160 3099 [63]
2238 3028 2486 3098 ideoque
2577 3029 3036 3100 perobscuram,
3101 3030 3158 3082 et
3241 3028 3651 3094 decurtatam,

2005 3134 2181 3189 quam
2215 3117 2265 3172 si
2296 3117 2535 3172 alterius
2567 3117 2980 3186 compendium
3015 3115 3248 3183 dixeris,
3282 3133 3397 3172 non
3429 3115 3655 3170 errabis

2007 3223 2040 3260 a
2070 3222 2278 3276 scopo:
2312 3205 2554 3262 alteram
2601 3206 2899 3276 diﬂ‘usam,
2933 3222 3048 3260 non
3097 3207 3388 3277 precipua
3437 3202 3653 3273 solum,

233 3297 544 3360 seruntur,
578 3311 692 3349 non
743 3297 856 3367 [62]
910 3313 1137 3364 morer;
1189 3298 1276 3353 vel
1325 3298 1480 3353 enim
1532 3317 1563 3354 a
1620 3299 1894 3371 praefante
1925 3269 1966 3334 C
2007 3296 2109 3351 sed
2158 3295 2400 3350 minima
2444 3312 2710 3368 quaeque,
2762 3295 3013 3350 oratorio
3073 3295 3424 3366 quandoque
3472 3309 3654 3356 more,

233 3379 456 3447 Psello,
517 3398 588 3436 ex
645 3383 961 3454 antiquiori
1011 3385 1222 3453 Psello,
1267 3391 1332 3440 ut
1396 3387 1591 3442 affinis
1648 3387 1898 3458 gloriam

234 3476 638 3540 propagaret;
670 3473 758 3527 vel
818 3490 852 3527 a
900 3473 1216 3540 scribente,
1256 3473 1344 3529 vel
1403 3474 1628 3546 legente
1673 3477 1902 3531 adnexa

234 3564 429 3624 sunt;
463 3559 522 3613 ni
551 3562 1152 3633 eumdemmet,cujus
1182 3561 1283 3617 illa
1314 3563 1760 3634 praefatiuncula
1787 3568 1899 3636 est,

228 3648 587 3704 earumdem
637 3650 984 3706 scboliorum
1030 3656 1333 3707 auctorem
1392 3669 1706 3725 agnoscere
1761 3655 1901 3710 veli-

229 3753 399 3791 mus.
436 3735 583 3792 Illud
618 3739 794 3793 etiam
820 3740 965 3794 mihi
1000 3757 1103 3796 nec
1133 3740 1282 3795 satis
1323 3740 1586 3812 planum,
1623 3758 1729 3798 nec
1777 3759 1900 3798 cer-

229 3830 368 3882 tum
400 3829 510 3896 est,
542 3844 762 3882 annum
795 3829 953 3898 1105,
978 3846 1110 3884 cum
1145 3829 1387 3901 Dioptra
1416 3832 1784 3887 scribebatur
1803 3849 1900 3888 an-

231 3931 386 3970 num
416 3915 604 3970 Alexii
636 3923 864 3972 sextum
897 3919 1191 3974 decimum
1220 3918 1425 3989 fuisse,
1459 3937 1616 3986 cum,
1648 3920 1698 3976 si
1747 3928 1902 3977 recte

231 4019 538 4059 annorum
593 4005 774 4060 series
827 4012 1223 4078 computetur,
1272 4008 1449 4064 fuerit
1495 4025 1686 4064 annus
1742 4009 1902 4066 illius

229 4091 472 4161 imperii
503 4092 608 4159 25;
645 4109 837 4149 rerum
868 4095 1026 4150 enim
1060 4097 1286 4168 potitur
1334 4114 1486 4153 anno
1530 4100 1684 4153 1081.
1720 4099 1902 4170 quue

229 4195 350 4251 pro
380 4181 679 4235 tractatnli
711 4181 958 4252 hujusce
984 4185 1264 4240 brevitate
1313 4186 1583 4241 innuisse
1631 4191 1723 4242 sat
1770 4188 1898 4244 fuit.

314 4267 552 4323 LXXlX.
605 4269 923 4342 Meursius,
973 4272 1130 4328 notis
1174 4274 1234 4327 in
1295 4275 1559 4330 carmina
1614 4275 1790 4331 Pselli
1842 4278 1900 4331 in

227 4357 487 4412 Cantica
545 4357 908 4414 canticorum
971 4364 1135 4415 notat
1203 4367 1338 4432 post
1406 4362 1564 4418 hunc
1623 4364 1900 4433 Psellum,

224 4446 423 4502 alium
505 4446 682 4501 etiam
760 4447 940 4503 fuisse
1024 4449 1376 4505 Michaelum
1454 4451 1762 4523 Psellum,
1816 4453 1900 4508 vi-

228 4551 376 4590 rum
455 4535 792 4602 militarem,
856 4537 968 4592 sub
1055 4537 1362 4595 Theodoro
1435 4541 1685 4610 Lascari,
1731 4544 1902 4612 cujus

2008 3390 2416 3456 exponentem,
2469 3388 2524 3439 et
2571 3383 2743 3455 quasi
2808 3383 3255 3453 commentario,
3309 3383 3560 3438 obscura
3603 3386 3660 3436 et

2010 3475 2193 3529 ardua
2222 3472 2642 3528 illustrantem.
2675 3473 2999 3543 Hanc,quae
3038 3472 3289 3528 Psellum
3322 3489 3437 3527 non
3462 3471 3658 3540 habet,

2010 3563 2102 3618 cui
2153 3562 2508 3618 elucidandae
2549 3561 2865 3617 nonnullas
2909 3561 3084 3616 horas
3118 3562 3402 3632 impendi,
3433 3560 3660 3616 diutius

2010 3652 2164 3723 apud
2199 3651 2583 3715 me,maximo
2607 3649 2939 3720 reipublicae
2969 3648 3259 3705 litterariae
3290 3651 3525 3716 damno,
3546 3649 3661 3702 im-

2011 3739 2227 3795 morari
2275 3756 2390 3794 non
2440 3737 2651 3810 patiar,
2688 3739 2813 3804 sed,
2847 3754 2981 3792 cum
3039 3737 3298 3809 primum
3352 3754 3456 3808 per
3508 3737 3660 3790 vires

2010 3829 2226 3899 licebit,
2261 3828 2394 3883 usui
2450 3827 2683 3898 publico
2730 3828 3066 3882 exsudetur.
3103 3825 3515 3881 Libentissime
3565 3824 3661 3878 hic

2011 3919 2175 3992 plura
2223 3917 2478 3972 auctoris
2528 3917 2902 3983 ascriberem,
2936 3921 3001 3970 ut
3048 3915 3186 3986 quid
3237 3915 3388 3968 inter
3441 3917 3662 3968 utram-

2010 4025 2124 4080 que
2167 4007 2479 4062 editionem
2527 4006 2778 4071 intersit,
2813 4004 2964 4059 facta
3021 4002 3329 4059 collatione
3386 4018 3661 4074 agnosce-

2012 4115 2126 4160 res,
2161 4097 2261 4152 sed
2295 4095 2474 4151 nimis
2509 4095 2686 4166 longa
2716 4095 2978 4150 oratione
3017 4093 3416 4166 prosequitur,
3447 4097 3506 4148 et
3551 4093 3664 4147 iter

2011 4205 2186 4244 suum
2247 4186 2314 4240 ad
2379 4184 2697 4257 Prilapum,
2746 4182 2934 4256 spatio
2978 4182 3156 4238 trium
3210 4181 3504 4238 mensium
3539 4197 3663 4253 per-

2011 4285 2241 4344 actum;
2276 4280 2331 4329 et
2360 4273 2578 4346 Prilapi
2611 4273 3100 4346 expugnationem
3129 4293 3143 4342 ;
3178 4273 3415 4328 tandem
3465 4271 3662 4326 infeli-

2011 4383 2129 4421 eem
2161 4365 2341 4435 hujus
2371 4363 2758 4435 expeditionis
2791 4364 2962 4418 ﬁnem
2992 4379 3005 4430 ;
3036 4363 3106 4418 de
3145 4361 3362 4433 quibus
3394 4361 3453 4415 in
3487 4359 3662 4416 editis

2011 4471 2114 4510 nec
2173 4453 2413 4508 verbum
2463 4453 2700 4524 quidem
2759 4457 2866 4506 est.
2903 4455 3090 4506 Pauca
3136 4456 3330 4505 tamen
3383 4465 3482 4520 pro
3531 4449 3660 4520 jam

2010 4543 2264 4613 ascripto
2312 4541 2456 4608 loco,
2491 4542 2591 4613 (τη)
2622 4540 2802 4597 veluti
2854 4541 2911 4595 in
2962 4544 3201 4612 gustum
3242 4540 3413 4595 dabo.
3446 4538 3506 4594 Ὁ
3562 4537 3656 4610 μὶν

233 4623 584 4678 meminerit
633 4624 914 4697 Georgius
966 4626 1316 4698 Logotbetes
1378 4628 1438 4684 in
1487 4629 1606 4685 illis
1661 4630 1897 4686 verbis:

2013 4629 2100 4685 οὖν
2163 4626 2417 4699 βασιλεὺς
2478 4625 2780 4703 Θεόδωρος,
2842 4627 2956 4682 ἐπεὶ
3010 4632 3118 4681 τῶν
3171 4625 3544 4702 γεγενημένων
3605 4625 3656 4679 ἐν

229 4713 302 4766 'O
369 4706 426 4763 δὲ
485 4708 742 4784 βασιλεὺς
803 4710 1106 4788 Θεόδωρος,
1157 4713 1273 4769 ἐπεὶ
1338 4714 1462 4789 περὶ
1518 4721 1625 4771 τῶν
1682 4737 1899 4793 γεγενη-

237 4799 430 4873 μὲνων
493 4797 743 4872 ἐπύθετο,
784 4795 1007 4857 ἔσπευσε
1058 4803 1195 4878 πρὸς
1257 4806 1357 4874 τὴν
1407 4807 1517 4860 Ἕω
1564 4805 1897 4876 παλινοστῆ-

233 4908 337 4942 σαι
412 4887 515 4942 Καὶ
559 4887 677 4944 dmi
767 4889 791 4944 ἐ
1153 4892 1164 4914 '
1363 4895 1375 4912 “
1500 4899 1523 4910 ”’
1717 4896 1730 4914 “

346 4928 360 4941 .
607 4945 617 4966 Α
685 4910 710 4950 ς
793 4911 818 4943 ν
871 4891 1232 4966 Θεσσαλονικῃ
1290 4915 1377 4948 και
1434 4915 1549 4956 τοις
1603 4915 1741 4950 κατα
1796 4905 1899 4951 Δυ-

233 4975 392 5048 σμήν
451 4977 665 5048 μέρεσιν
727 4977 803 5041 εἲς
863 4979 1088 5053 φύλαξιν
1147 4981 1238 5036 τὸν
1293 4981 1688 5058 πατρόπαππον
1756 4987 1896 5040 θεῖον

229 5065 412 5120 αὐτοῦ
473 5065 745 5141 Λάσκαριν
821 5068 912 5123 καὶ
998 5067 1231 5145 Μιχαὴλ
1301 5071 1394 5125 τὸν
1458 5070 1678 5127 Ψελλὸν
1771 5075 1904 5146 μετὰ

233 5156 447 5227 μικροῦ
510 5155 930 5229 στρατεύματος,
964 5157 1088 5213 ὅσον
1146 5159 1220 5220 εἷς
1269 5161 1616 5236 τριακοσίους
1666 5163 1905 5237 ἠριθμη-

230 5244 466 5317 μὲνους,
521 5241 618 5297 τοῦ
693 5266 752 5300 τε
825 5245 1134 5322 Πριλάπου,
1188 5249 1279 5302 καὶ
1353 5249 1422 5303 τὰ
1495 5251 1670 5326 πέριξ,
1729 5253 1906 5326 ἀφῆκε

229 5328 528 5406 Θεόδωρον
589 5332 1001 5408 Καλαμπάκην,
1056 5337 1114 5391 ’ὸν
1169 5338 1262 5392 καὶ
1321 5341 1502 5396 Τατᾶν
1559 5347 1659 5409 τῆς
1731 5341 1906 5412 αὐλῆς

226 5419 634 5494 κατωνόμαζον
666 5441 679 5454 ·
715 5424 807 5478 τὸν
837 5421 894 5479 δὲ
934 5427 1336 5481 Κωνσταντῖνον
1379 5429 1470 5483 τὸν
1527 5425 1780 5505 Χαϐαρᾶν
1833 5431 1908 5493 εἷς

233 5509 544 5586 ἡγιμονίαν
576 5516 674 5568 τοῦ
705 5508 999 5586 Ἀλϐανου,
1031 5513 1128 5588 ἐμὲ
1158 5512 1216 5570 δὲ
1257 5517 1471 5571 πάντων
1523 5518 1906 5594 προΐστασθαι·

2003 4720 2075 4791 τῇ
2128 4722 2234 4772 τῶν
2283 4714 2729 4788 Μουσουλμάνων
2787 4715 3010 4769 ἐπύθετο
3071 4715 3250 4789 χώρᾳ,
3285 4715 3346 4770 οὐ
3378 4715 3501 4791 περὶ
3533 4714 3659 4770 τού-

2004 4830 2111 4864 των
2160 4805 2370 4881 μᾶλλον
2419 4799 2561 4879 ἔχων
2608 4802 2883 4880 φροντίδα,
2915 4804 2950 4871 ἢ
3000 4804 3123 4878 περὶ
3161 4806 3268 4858 τῶν
3302 4804 3487 4872 αὐτοῦ,
3523 4804 3657 4877 (κίν-

2011 4894 2171 4951 δυνον
2224 4895 2328 4970 γὰρ
2373 4891 2434 4946 οὐ
2489 4892 2680 4966 μικρὸν
2727 4886 3134 4965 ἐπισυμϐαίνειν
3178 4898 3296 4956 τοῖς
3325 4894 3658 4965 Ῥωμαϊκοῖς

2013 4985 2312 5040 ὑπετόπασε
2364 4981 2617 5056 χώροις),
2650 4977 2869 5035 ἔσπευσε
2925 4981 3060 5055 πρὸς
3125 4982 3226 5049 τὴν
3256 4984 3372 5036 Ἕω
3430 4979 3659 5036 παλινο-

2013 5081 2224 5142 στῆσαι.
2280 5071 2376 5125 Καὶ
2457 5067 2521 5139 δὴ
2607 5074 2778 5124 πᾶσαν
2858 5071 2956 5136 τήν
3011 5071 3323 5142 Ῥωμαϊκὴν
3411 5070 3661 5144 στρατιὰν

2018 5163 2130 5237 μεθ’
2188 5162 2376 5215 ἑαυτοῦ
2433 5154 2912 5236 προσλαϐὼν,τῆς
2968 5158 3102 5231 πρὸς
3159 5159 3257 5226 τὴν
3306 5161 3418 5213 Ἕω
3477 5157 3667 5236 φερού-

2014 5274 2114 5322 σης
2169 5248 2460 5327 ἐφήπτετο,
2513 5246 2901 5302 καταλελοίπει
2962 5244 3018 5300 δὲ
3071 5244 3121 5300 ἔν
3170 5267 3227 5300 τε
3279 5250 3347 5321 τῇ
3399 5246 3664 5302 Θεσσαλο-

2013 5340 2134 5413 νίκῃ
2163 5339 2252 5393 καὶ
2283 5344 2399 5400 τοῖς
2431 5339 2566 5392 κατὰ
2605 5339 2824 5410 Δυσμήν
2883 5337 3120 5413 μέρεσιν,
3157 5336 3230 5398 ὡς
3288 5336 3425 5414 πρὸς
3487 5336 3662 5415 φύλα-

2017 5429 2092 5499 ξιν
2124 5425 2281 5491 δῆθεν
2308 5435 2408 5497 τῆς
2439 5429 2626 5503 χώρας
2681 5427 2772 5481 τὸν
2831 5427 2967 5502 πρὸς
3023 5426 3249 5480 πάππου
3305 5428 3447 5481 θεῖον
3501 5425 3665 5481 αὐτοῦ

2015 5517 2105 5572 τὸν
2159 5517 2426 5593 Λάσκαριν
2487 5514 2741 5592 Μιχαὴλ,
2805 5514 2996 5590 μικρόν
3053 5535 3105 5569 τι
3173 5516 3262 5569 καὶ
3339 5515 3663 5572 εὐσύνοπτον

1833 5625 2067 5680 ΝΟΤίΕ.

318 5716 422 5789 (m)
453 5717 660 5791 Georg.
693 5721 1024 5793 Acropolita
1053 5738 1110 5793 p.
1141 5721 1212 5776 76
1244 5738 1365 5793 seq.
1398 5721 1618 5780 Allatii.
1652 5724 1837 5781 Paris.
1872 5725 2031 5792 1615,
2068 5721 2165 5779 fol.
