4078 6336
412 352 533 414 535

1374 355 1659 419 LEONIS
1705 352 2018 425 ALLATII
2068 346 2330 413 DIATR.
2376 350 2477 412 DE
2524 351 2870 414 PSELLIS.

3714 356 3840 419 536

412 482 473 537 ἐκ
518 485 894 559 Παφλαγόνων
951 484 1255 559 στράτευμα
1306 485 1527 550 ἐπιδοὺς
1585 489 1753 561 αὐτῷ,
1812 488 1916 543 κάκ
1970 491 2065 542 τοῦ
2094 485 2149 552 Α
2181 480 2558 561 Ἰλλυριῶν-δέ
2589 480 2839 561 Χαϐἀρον
2870 506 3196 561 επιστατῃν.

414 572 705 639 Σκυθικοῦ,
757 572 882 626 ὅσον
945 572 1019 635 εἷς
1072 574 1417 645 τριακοσίους
1485 578 1910 650 ἠριθμημένον·
1973 580 2068 630 τοῦ

414 657 471 715 δὲ
523 659 831 733 Πριλάπου,
888 662 977 715 καὶ
1035 667 1143 717 τῶν
1223 664 1348 738 περὶ
1421 664 1578 719 αὐτὸν
1632 664 2067 741 στρατευμάτων,

410 750 503 803 τὸν
547 750 603 803 ὃν
663 749 780 824 εἶχε
836 751 1163 826 Σκουτέριον
1210 751 1421 806 Ξυλέαν
1452 754 1864 827 ὠνομασμένον,
1897 775 2069 831 φερω-

412 837 598 911 νόμως
627 839 724 906 τὴν
759 838 979 909 κλῆσιν,
1012 842 1076 909 νὴ
1119 849 1217 911 τῆν
1279 844 1459 915 Θέμιν,
1488 841 1687 918 ἔχοντα
1722 863 1734 877 '
1768 844 1844 905 εἲς
1878 841 1934 897 δὲ
1981 844 2073 897 τὸν

412 925 659 996 Βὲλεσον,
711 935 801 981 καὶ
854 928 922 982 τὰ
974 931 1098 1005 περί
1148 929 1306 984 αὐτὸν
1365 931 1457 986 τὸν
1516 929 1887 1005 Καλαμπάκην
1949 931 2073 986 Θεό-

418 1013 617 1091 δωρον,
649 1016 706 1070 ὃν
766 1015 857 1070 καὶ
926 1020 1105 1073 Τατᾶν
1156 1025 1255 1087 τῆς
1307 1018 1481 1088 αὐλῆς
1512 1020 1898 1094 κατωνόμαζον
1933 1039 1945 1052 ·
1979 1020 2070 1074 τὸν

420 1102 476 1159 δὶ
534 1100 834 1180 Χαϐἀρωνα
892 1112 1294 1161 Κωνσταντῖνον
1350 1108 1424 1169 εἷς
1484 1109 1780 1183 ἡγεμονίαν
1827 1106 2072 1165 τοῦἈλ-

419 1188 585 1247 ϐάνου
637 1194 983 1265 κατέστησεν.
1038 1196 1168 1267 Ἐμὲ
1237 1194 1293 1251 δὲ
1345 1197 1627 1271 πραίτωρα
1684 1200 2073 1274 χειροτονήσας

415 1282 631 1337 πάντων
693 1282 869 1337 αὐτῶν
929 1284 1132 1361 ἀφῆκεν
1196 1283 1578 1360 προΐστασθαι.
1638 1292 1812 1343 Τοῦτο
1871 1284 1948 1358 δὲ,
2000 1287 2073 1348 ὡς

419 1373 600 1443 οἶμαι,
656 1371 975 1441 πεποίηκεν,
1004 1370 1098 1427 ’ἱνα
1154 1376 1222 1446 τῇ
1276 1372 1327 1443 ἐξ
1385 1374 1549 1428 αὐτοῦ
1601 1376 1906 1451 μακροτέρα
1936 1376 2070 1429 ἀπο-

418 1456 592 1532 δημίᾳ
623 1459 700 1522 εἶς
735 1460 912 1531 λήθην
970 1462 1042 1514 ὧν
1094 1460 1406 1525 ἐπεπόνθειν
1464 1464 1749 1537 γενοίμην.
1779 1461 1919 1521 Οὐδὶ
1972 1464 2071 1538 γὰρ

419 1546 526 1603 εἶδέ
584 1548 649 1620 μέ
706 1570 838 1604 ποτε
898 1551 1031 1621 μετὰ
1083 1551 1178 1612 τὰς
1230 1552 1454 1626 πληγὰς
1488 1551 1951 1629 ἐλιυθεριάσαντα,
1981 1553 2071 1607 καὶ

421 1635 612 1711 λόγοις
668 1638 1101 1713 χαροπωτέροις,
1154 1641 1228 1703 ὡς
1287 1641 1516 1712 εἰώθειν,
1548 1644 1685 1717 πρὸς
1741 1642 1900 1697 αὐτὸν
1928 1644 2072 1719 χρή-

424 1737 633 1789 σασθαι.
692 1730 809 1781 Ἵνα
863 1732 989 1803 γοῦν
1056 1733 1125 1802 τῇ
1189 1730 1387 1804 χρονίᾳ
1441 1730 1608 1806 ταύτῃ
1660 1727 1913 1805 διατριϐῇ
1971 1739 2071 1801 τῆς

423 1817 609 1888 ψυχῆς
636 1817 670 1883 ἡ
704 1817 1091 1890 σκυθρωπότης
1126 1815 1406 1889 διαλυθείη
1448 1842 1569 1892 μοι,
1601 1821 1850 1896 πέπραχε
1886 1824 2069 1875 τοῦτο.

427 1902 587 1977 Τάχα
617 1900 673 1956 δὲ
703 1904 792 1958 καὶ
838 1905 912 1968 ὡς
945 1903 1313 1982 δυσχεραίνων
1370 1909 1462 1977 ἦν,
1494 1909 1590 1977 τήν
1626 1909 1907 1979 ξυναυλίαν
1971 1928 2078 1982 μου

443 1991 810 2066 βαρυνόμενος
843 2012 856 2023 '
908 1996 1273 2071 προσέκρουον
1331 1996 1429 2073 γὰρ
1488 1997 1635 2070 αὐτῷ
1683 1998 1972 2068 πολλάκις,
2008 1991 2083 2077 ἐφ’

440 2082 523 2144 οἷς
578 2077 727 2153 ᾔδειν
790 2082 854 2135 οὐ
912 2084 1047 2138 κατὰ
1099 2085 1191 2138 τὸν
1227 2082 1429 2139 δίκαιον
1466 2085 1632 2160 λόγον
1670 2084 2082 2160 διαπράττεσθαι

439 2168 686 2233 θέλοντα.
718 2172 774 2224 Ὁ
838 2173 930 2244 μὲν
992 2172 1082 2226 οὖν
1148 2173 1401 2248 βασιλεὺς
1430 2176 1565 2250 πρὸς
1597 2179 1695 2245 τὴν
1725 2179 1840 2233 "Em
1872 2178 2033 2251 ἀπῄει
2068 2194 2081 2207 ·

436 2257 546 2333 ἐγὼ
590 2256 646 2313 δὲ
682 2259 1057 2334 κατελείμμην
1115 2267 1232 2324 τοῖς
1285 2264 1336 2317 ἐν
1370 2268 1581 2338 Δυσμῇ,
1629 2273 1741 2323 etc.
1790 2270 2087 2340 Imperator

435 2352 620 2421 itaque
664 2352 969 2406 Theodorus
1025 2354 1089 2408 de
1131 2354 1289 2409 rebus
1317 2372 1350 2409 a
1379 2355 1741 2411 Musulmanis
1788 2359 1848 2410 in
1895 2372 2087 2412 eorum

433 2438 645 2494 ditione
687 2442 847 2510 gestis
899 2443 1101 2497 certior
1145 2445 1340 2512 factus,
1373 2446 1553 2512 magis
1599 2448 1717 2500 suis
1764 2463 1927 2517 quam
1966 2446 2087 2501 illis

433 2529 687 2582 animum
735 2527 1044 2596 advertens,
1079 2532 1272 2601 ingens
1316 2532 1444 2587 inde
1482 2536 1741 2589 Romanis
1769 2535 2088 2604 regionibus

434 2616 728 2672 imminere
779 2620 1092 2689 periculum
1136 2624 1449 2691 suspicatus
1496 2623 1555 2676 in
1605 2620 1885 2678 Orientem
1922 2640 2084 2694 quam

432 2704 721 2761 celerrime
754 2708 948 2777 pedem
998 2709 1216 2777 retulit,
1249 2726 1368 2763 cum
1420 2711 1692 2765 universis
1722 2713 2089 2768 Romanorum

435 2794 547 2866 [64]
580 2797 749 2866 copiis
801 2797 912 2851 iter
958 2797 1028 2851 ad
1075 2813 1140 2851 ea
1191 2798 1308 2851 loca
1358 2801 1655 2866 ingressus.
1699 2801 2087 2856 Thessalonica

433 2898 580 2949 vero,
611 2892 664 2939 et
721 2886 781 2938 in
832 2883 968 2939 aliis
1026 2884 1326 2940 Occidentis
1370 2888 1627 2957 partibus
1678 2890 1735 2943 in
1783 2890 2088 2945 custodiam

433 2971 708 3027 duntaxat
736 2973 1071 3027 avunculum
1101 2974 1419 3029 Michaelem
1439 2977 2087 3051 Lascarim,consignata

437 3058 544 3113 illa
591 3062 813 3130 emigua,
842 3076 941 3115 nec
989 3063 1185 3132 ampla
1231 3063 1667 3135 Paphlagonum
1708 3083 1898 3133 manu,
1932 3073 1987 3122 et
2018 3085 2088 3123 ex

430 3150 646 3221 Scythis
676 3165 784 3204 non
822 3150 967 3204 ultra
998 3154 1273 3221 trecentis,
1302 3153 1541 3222 reliquit.
1578 3155 1817 3227 Prilapi,
1852 3166 1902 3212 et
1945 3159 2081 3212 vici-

429 3254 627 3293 norum
660 3240 1001 3293 exercituum
1035 3239 1364 3311 Sculerium,
1396 3243 1617 3313 Xyleam
1649 3245 2080 3316 dictum,digno,

429 3327 666 3397 aedepol,
698 3330 1060 3397 cognomine;
1090 3329 1314 3394 Belessi,
1348 3340 1660 3402 tractusque
1689 3336 1835 3389 circa
1882 3336 2084 3406 ipsum,

398 3413 811 3485 ~Calampacem
845 3416 1196 3485 Theodorum,
1241 3436 1400 3489 quem
1440 3424 1634 3475 Totam
1670 3424 1825 3480 Aula:
1871 3440 2084 3480 nuncu-

423 3504 633 3575 pabant
654 3520 673 3563 .·
708 3504 1123 3562 Constantinum
1154 3508 1533 3565 Chabaronem
1563 3511 1771 3567 Albano
1800 3516 2086 3584 prwfecit;

428 3609 516 3647 me
555 3598 854 3665 praetorem
904 3606 1149 3650 creatum
1195 3598 1449 3652 omnibus
1496 3600 1642 3655 hisce
1686 3618 1921 3671 prwesse
1952 3607 2085 3675 jus-

426 3681 503 3736 sit
550 3697 658 3737 non
717 3684 851 3753 alio,
887 3686 955 3739 ni
999 3685 1190 3755 fallor,
1222 3702 1398 3758 scopo,
1428 3705 1593 3758 quam
1644 3694 1701 3744 ut
1753 3692 1992 3762 longiori
2019 3693 2086 3747 ab

429 3785 489 3826 eo
563 3770 805 3827 discessu
887 3782 1300 3844 praeteritorum
1364 3778 1638 3833 malorum
1716 3780 2083 3838 obliviscerer.

428 3876 664 3932 namque
688 3866 810 3932 post
845 3861 1051 3935 plagas
1080 3873 1354 3935 acceptas,
1386 3883 1675 3938 nunquam
1721 3885 1810 3923 me
1858 3872 2087 3926 liberius

427 3948 633 4020 dicere,
667 3966 786 4020 quae
832 3955 1115 4020 sentirem,
1156 3970 1447 4025 nunquam
1498 3958 1671 4011 verbis
1727 3959 2088 4016 hilarioribus

426 4054 578 4093 more
625 4054 744 4093 meo
776 4041 861 4094 uti
908 4050 1286 4111 conspexerat.
1318 4044 1381 4098 Ut
1435 4060 1568 4113 ergo
1598 4045 1770 4117 longa
1801 4050 1902 4103 ista
1932 4066 2089 4105 mora

427 4142 711 4181 mxrorem
757 4142 786 4182 e
834 4131 1049 4197 pectore
1106 4129 1407 4198 demerem,
1456 4133 1512 4187 id
1582 4145 1805 4205 egerat;
1853 4138 2088 4208 fortasse

424 4216 590 4270 etiam
618 4216 728 4269 mei
753 4216 1103 4271 contubernii
1129 4218 1271 4287 quod
1314 4221 1671 4288 fasdidiebat,
1711 4224 1896 4281 taedio.
1932 4226 2088 4298 Saepe

426 4304 575 4357 enim
622 4304 684 4357 in
734 4306 824 4371 iis,
857 4321 979 4374 qum
1026 4306 1123 4361 ille
1163 4309 1469 4376 contraius
1513 4314 1713 4381 fasque
1752 4316 2082 4385 intentabat,

428 4391 542 4463 ipse
570 4392 917 4447 adversabor.
948 4395 1262 4459 Imperator
1293 4399 1485 4467 itaque
1532 4401 1589 4453 in
1642 4401 1917 4458 Orientem
1953 4421 2082 4475 pro-

428 4483 584 4537 cessit
606 4499 625 4541 ,·
667 4498 761 4553 ego
808 4483 867 4535 in
916 4482 1159 4539 occiduis
1198 4487 1454 4555 partibus
1493 4492 1754 4545 remansi.
1788 4493 2083 4564 Suspicio-

432 4587 565 4626 nem
599 4571 760 4625 auxit
788 4570 1158 4642 Ephrzemius
1200 4574 1259 4628 in
1293 4575 1595 4648 Chronico,
1629 4580 1750 4650 qui,
1785 4598 1916 4636 cum
1964 4600 2077 4639 non
2109 4582 2155 4647 D

430 4659 784 4716 sententiam
808 4665 1061 4729 tantum,
1079 4663 1178 4717 sed
1200 4664 1375 4719 verba
1397 4667 1570 4720 etiam
1593 4670 1935 4740 Acropolitze
1957 4689 2072 4727 cari

430 4749 589 4803 mine
619 4748 1079 4820 exprimat,licet
1111 4751 1256 4807 alios
1288 4755 1724 4813 accuratissime
1755 4767 2076 4830 enumeret,

429 4837 500 4892 de
533 4836 811 4893 Michaele
839 4838 948 4893 hoc
984 4838 1165 4895 Psello
1194 4842 1439 4898 verbum
1473 4845 1700 4902 nullum
1738 4848 1871 4903 facit
1906 4867 1918 4905 :

426 4973 580 5057 ξξλήν
615 4973 822 5057 διαθεὶς.
846 4977 907 5057 εἴ(
932 4976 999 5030 τὰ
1026 4979 1163 5057 κατὰ
1192 4980 1290 5057 τὴν
1323 4980 1583 5057 Ἑσπέραν
1615 4987 1799 5057 ’¹Αναξ.

426 5049 575 5127 Μετᾴ
605 5054 857 5121 στρατιᾶς
889 5047 1134 5127 ἐκτρέχει
1167 5052 1304 5124 πρὸς
1334 5055 1432 5127 τὴν
1464 5047 1602 5127 Ἕω,

424 5119 1141 5197 Λιπὼνιστρατηςγοὺςκατά
1166 5119 1562 5197 Θεσσαλονίκην

424 5188 668 5269 qui}:
684 5188 984 5269 Ᾰασκάριον
1016 5190 1181 5269 ἄνδρα
1205 5195 1451 5269 γεννάδα,

424 5261 600 5341 Exi—8%
628 5261 893 5341 Πριλάπῲ
917 5261 1238 5339 Σκουτὲριον
1258 5261 1504 5341 ΑΞυλέάν,

420 5335 771 5411 ξξπῳνυμίαν
791 5335 1002 5411 Δἀτρεκῆ
1034 5335 1196 5403 κεκτη
1208 5339 1385 5411 μένον.

422 5407 527 5484 Ἐν-
543 5405 588 5461 δ’
619 5404 682 5461 αὖ
714 5404 969 5484 Βελισσῷ
998 5404 1459 5484 τοῖςὴπερικύκλῳ
1487 5412 1677 5476 τόποις

424 5478 651 5534 Φύλακα
671 5475 952 5555 Θεόδωρον
981 5480 1073 5535 τὸν
1106 5475 1522 5557 Κωλαμπάκην.

2178 555 2322 633 god:
2336 552 2532 609 ’τοῖσδε
2546 552 2849 633 ,Γεώργίον
2869 552 3299 633 Ἀκροᾼπολίτηη

2178 628 2457 700 Ἄρχοντα
2488 627 2700 683 πάντων
2714 627 2739 697 ,⁷
2766 628 2855 683 καὶ
2884 627 3151 701 πρόεδρον
3188 627 3440 700 δεικνύει,

2179 700 2416 773 Πρόσϐιν
2444 702 2682 771 τιμήσας
2710 702 2781 771 τῇ
2809 700 3125 777 πραίτωρος
3159 701 3298 772 ἀξίᾳ.

2251 788 2626 844 Nihilominus
2680 791 2839 846 rebus
2896 791 3140 847 occiduis
3193 794 3328 847 bene
3381 795 3693 864 compositis
3726 796 3839 849 im-

2179 882 2401 949 perator
2443 894 2573 932 cum
2630 881 2880 935 exercitu
2911 882 2971 935 in
3003 882 3283 936 Orientem
3311 882 3581 951 convolat,
3610 882 3842 938 ducibus

2181 964 2389 1020 relictis
2438 967 2827 1023 Thessalonicae
2874 968 3133 1025 Michaele
3173 970 3400 1025 Lascari
3440 971 3557 1027 viro
3586 980 3836 1040 strenuo,

2180 1053 2399 1125 Prilapi
2427 1054 2678 1109 Scuterio
2706 1055 2899 1127 Xylea,
2924 1060 3247 1126 cognomine
3294 1073 3392 1114 suo
3435 1059 3685 1131 equidem
3722 1076 3841 1115 non

2180 1142 2456 1198 dissimili
2472 1159 2493 1205 :
2524 1145 2752 1214 Betessi,
2783 1153 2834 1201 et
2877 1146 3010 1201 locis
3064 1148 3268 1202 vicinis
3315 1148 3535 1204 custode
3565 1149 3843 1206 Theodoro

2183 1230 2555 1304 Calampace;
2596 1234 2949 1307 Illyricorum
3004 1250 3136 1291 vero
3193 1235 3511 1293 Chabarone
3554 1238 3840 1311 praefecto.

2179 1321 2412 1390 Insuper
2440 1323 2798 1393 Acropolitem
2835 1324 3122 1393 Georgium
3146 1326 3400 1380 omnium
3429 1327 3721 1396 praesidem
3738 1343 3844 1389 ;ac

2176 1411 2475 1481 primatem
2503 1414 2807 1483 constituit,
2820 1416 2979 1485 prius
2997 1413 3109 1485 [65]
3128 1417 3385 1485 praetoris
3413 1418 3681 1486 dignitate
3701 1419 3843 1472 insi-

2179 1499 2411 1570 gnitum.
2427 1500 2710 1570 Tandem,
2724 1508 2931 1572 printer
2946 1519 3178 1559 omnem
3200 1503 3618 1576 suspicionem,
3638 1511 3842 1577 aperte

2181 1587 2353 1643 evicit
2383 1587 2578 1644 locum
2608 1588 2779 1646 illum
2815 1591 3197 1663 depravatum
3251 1609 3401 1659 esse,
3433 1599 3491 1650 et
3540 1610 3839 1664 mancum,

2182 1677 2361 1731 codex
2387 1679 3102 1750 perantiquusVaticanus
3116 1724 3130 1749 ,
3144 1681 3201 1737 in
3220 1698 3335 1753 quo
3356 1683 3533 1738 editio
3553 1684 3846 1739 Dousiana

2183 1766 2519 1822 continetur
2546 1785 2558 1835 ;
2592 1767 2689 1838 qui
2726 1768 2983 1824 Psellum
3017 1770 3174 1826 hunc
3207 1788 3313 1827 nec
3343 1772 3414 1828 de
3439 1773 3676 1829 nomine
3704 1772 3843 1844 qui-

2108 1856 2156 1921 B
2187 1857 2318 1911 dem
2352 1857 2539 1912 novit.
2576 1858 2788 1914 Locum
2822 1860 2915 1915 hic
2942 1862 3291 1933 exscribam,
3324 1866 3388 1918 ut
3417 1867 3590 1919 antea
3616 1863 3839 1920 editum

2192 1947 2913 2019 aDousa(n)mutilum,et
2939 1950 3351 2024 hiulcum,ope
3372 1953 3845 2009 emendatissimi

2193 2035 2411 2090 codicis
2441 2036 2714 2107 integras,
2747 2054 2812 2092 ac
2868 2038 3137 2110 impleas.
3170 2039 3231 2096 Ὁ
3292 2036 3350 2093 δὲ
3406 2037 3659 2115 βασιλεὺς
3713 2043 3857 2095 Θεό-

2194 2119 2412 2197 δωρος,
2498 2122 2612 2178 ἐπεὶ
2715 2125 2839 2201 περὶ
2922 2131 3031 2181 τῶν
3118 2129 3496 2202 γεγενημένων
3599 2128 3853 2199 ἐπύθετο,

2194 2209 2415 2267 ἔσπευσε
2472 2214 2608 2281 πρὸς
2660 2215 2760 2281 τὴν
2805 2218 2919 2269 Ἕω
2977 2214 3405 2287 παλινοστῆσαι,
3434 2217 3525 2272 καὶ
3584 2217 3736 2293 ἀφεὶς
3794 2217 3853 2272 ἐν

2191 2303 2260 2372 τῇ
2294 2300 2660 2377 Θεσσαλονίκῃ
2697 2303 2788 2357 καὶ
2818 2309 2937 2367 τοῖς
2967 2306 3105 2359 κατὰ
3135 2308 3354 2378 Δυσμήν
3392 2307 3604 2379 μέρεσιν
3634 2307 3710 2369 εἷς
3751 2329 3858 2383 φυ-

2195 2385 2367 2456 λακὴν
2394 2390 2490 2444 τόν
2523 2391 2662 2465 πρὸς
2692 2392 2916 2447 πάππου
2947 2394 3091 2447 Θεῖον
3124 2393 3288 2449 αὐτοῦ
3317 2396 3409 2450 τὸν
3438 2395 3709 2470 Λάσκαριν
3744 2397 3861 2453 Μι-

2197 2475 2349 2552 χαὴλ
2414 2482 2548 2551 μετά
2611 2485 2807 2556 μικροῦ
2866 2482 3266 2555 στρατεύματος
3321 2482 3445 2539 ὅσον
3507 2484 3583 2546 εἷς
3632 2504 3859 2558 τριακο-

2196 2567 2342 2629 σίους
2370 2568 2751 2643 ἠριθμημένον
2785 2588 2799 2603 ·
2828 2575 2926 2627 τοῦ
2967 2569 3026 2626 δὲ
3086 2571 3402 2647 Ηριλάπου,
3433 2574 3522 2628 καὶ
3562 2578 3668 2629 τῶν
3727 2575 3857 2647 περὶ

2194 2655 2354 2711 αὐτὸν
2383 2660 2821 2733 στρατευμάτων,
2847 2660 2939 2715 τὸν
2991 2660 3048 2715 ὃν
3102 2663 3219 2737 εἶχε
3272 2661 3596 2737 Σκουτὲριον
3638 2661 3860 2718 Ξυλέαν

2196 2744 2584 2820 ὠνομασμένον
2614 2769 2627 2783 ι
2662 2749 2737 2811 εἰς
2800 2747 2859 2804 δὶ
2910 2750 3002 2805 τὸν
3052 2749 3338 2821 Βελεσσὸν,
3367 2751 3458 2806 καὶ
3504 2752 3573 2807 τὰ
3600 2753 3726 2827 περὶ
3757 2751 3865 2807 αὗ-

2193 2834 2305 2904 τὸν,
2336 2834 2711 2909 Καλαμπάκην
2746 2835 3025 2914 Θεόδωρον
3060 2839 3116 2894 ὃν
3161 2840 3250 2895 καὶ
3291 2843 3465 2898 Τατᾶν
3523 2848 3624 2910 τῆς
3679 2839 3864 2910 αὐλῆς

2193 2924 2575 2998 κατωνόμαζον
2611 2945 2624 2959 ο
2665 2928 2758 2981 τὸν
2819 2924 2876 2981 δὲ
2930 2923 3229 3003 Χαόάρωνα
3286 2935 3697 2985 Κωνσταντῖνον
3777 2929 3862 2992 εἷς

2193 3014 2492 3087 ἡγεμονίαν
2552 3019 2649 3069 τοῦ
2709 3011 3001 3084 Ἀλ6άνου,
3056 3015 3153 3089 ἐμὲ
3210 3014 3268 3072 δὲ
3324 3019 3540 3073 πάντων
3596 3016 3865 3094 προΐστα-

2195 3112 2337 3169 σθαι,
2369 3109 2478 3159 etc.
2512 3104 2644 3161 Hec
2699 3111 2896 3161 autem
2949 3124 3064 3162 non
3116 3108 3246 3164 ideo
3279 3125 3313 3163 a
3343 3124 3437 3164 me
3484 3109 3640 3165 dicta
3688 3115 3861 3179 sunt,

2112 3220 2155 3289 Ο
2196 3197 2260 3245 ut
2278 3192 2542 3289 _Psellum
2576 3194 2754 3289 istum
2786 3212 2852 3289 eo
2884 3200 3147 3289 tempore
3181 3197 3363 3252 fuisse
3394 3213 3631 3289 negem;
3667 3200 3866 3289 potuit

2195 3280 2344 3334 enim
2378 3296 2529 3346 esse,
2561 3288 2617 3336 et
2649 3285 2793 3338 forte
2826 3283 2972 3352 fuit;
3009 3285 3112 3339 sed
3146 3290 3213 3340 ut
3242 3287 3548 3341 ostendam
3577 3303 3645 3341 ex
3694 3287 3865 3342 hisce

2194 3368 2424 3438 Georgii
2454 3370 2648 3426 verbis
2680 3378 2836 3425 certo
2867 3372 2922 3425 id
2959 3373 3247 3428 at'llrmari
3278 3390 3393 3429 non
3428 3391 3616 3446 posse.

2266 3457 2468 3513 LXXX.
2502 3459 2685 3514 Fuere
2714 3466 2771 3515 et
2800 3460 2901 3515 alii
2936 3460 3102 3515 Pselli
3136 3477 3150 3517 :
3179 3463 3332 3517 inter
3369 3477 3469 3518 eos
3520 3464 3859 3535 praecipuus

2193 3550 2451 3602 Joannes
2480 3547 2729 3604 Psellus.
2746 3549 3041 3605 Meursius
3058 3549 3237 3621 hujus
3260 3556 3428 3622 putat
3447 3568 3576 3607 esse
3597 3552 3859 3623 iambos,

2196 3651 2345 3706 quos
2368 3651 2499 3690 cum
2515 3636 2817 3693 Heraclide
2830 3638 3068 3693 Pontico
3089 3639 3347 3712 vulgavit
3373 3640 3512 3696 olim
3525 3644 3855 3711 Gesnerus;

2196 3739 2542 3796 errasseque
2566 3742 2722 3793 eum,
2739 3743 2869 3782 cum
2914 3727 3179 3783 Michaeli
3198 3728 3423 3784 tribuit.
3445 3730 3553 3785 Sed
3579 3730 3855 3787 Michaeli

2198 3813 2403 3868 tribuit
2454 3814 2629 3870 etiam
2692 3816 2948 3871 Andreas
3019 3816 3320 3886 Schottus,
3368 3818 3711 3875 Praefatione
3788 3820 3853 3876 in

2195 3901 2360 3956 (lant.
2395 3904 2609 3958 cantio.
2662 3906 2815 3960 Certe
2862 3905 3116 3960 iambicis
3166 3905 3233 3960 de
3276 3907 3569 3962 virtutibus
3615 3916 3667 3963 et
3696 3910 3858 3965 vitiis

2194 4006 2422 4059 gnomas
2467 3996 2798 4062 composuit,
2832 4008 2958 4063 quae
3000 4010 3123 4049 cum
3170 3995 3447 4050 Heraclidi
3498 3998 3718 4052 Pontici
3754 3999 3854 4052 al-

2197 4077 2417 4149 legoriis
2446 4082 2757 4136 Homericis
2787 4080 2945 4138 hodie
2973 4081 3255 4151 leguntur.
3288 4084 3413 4141 Non
3463 4100 3626 4157 aeque
3678 4086 3853 4141 bene.

2267 4168 2540 4238 Ejusdem
2573 4169 2749 4224 etiam
2782 4170 2939 4225 edita
2968 4175 3107 4227 sunt
3137 4172 3419 4243 carmina,
3441 4170 3533 4233 Εἷς
3553 4172 3679 4235 τοὺς
3701 4178 3857 4250 τρεῖς

2193 4254 2475 4330 ἱεράρχας,
2536 4254 2841 4329 Βασίλειον,
2892 4260 3223 4333 Γρηγόριον,
3272 4261 3362 4315 καὶ
3421 4261 3678 4331 Ἰωάννην
3756 4265 3854 4316 τὸν

2190 4344 2599 4419 Χρυσόπομον.
2657 4348 2803 4402 Item
2864 4344 2956 4409 Εἷς
3009 4348 3104 4408 τὰς
3162 4348 3314 4422 ἁγίας
3371 4349 3505 4403 ἑπτὰ
3561 4348 3851 4421 συνόδους,

2192 4451 2322 4493 cum
2378 4434 2664 4491 Theodori
2713 4437 3018 4493 Prodromi
3066 4439 3447 4508 carminibus,
3479 4446 3538 4495 et
3582 4441 3857 4499 Xantho-

2190 4522 2334 4593 puli.
2378 4523 2615 4580 Basilea:
2676 4526 2830 4596 apud
2882 4525 3182 4581 Bebelium
3235 4528 3397 4598 1536,
3438 4530 3586 4584 in-8.
3628 4530 3852 4589 Verum

2189 4611 2564 4682 cpusculum,
2614 4613 2686 4667 de
2753 4618 2975 4685 septem
3039 4616 3302 4687 synodis,
3353 4633 3481 4673 esse
3546 4618 3857 4678 Michaelis

2186 4697 2357 4754 Pselli
2389 4705 2559 4755 antea
2589 4700 3002 4757 indicavimus.

2258 4792 2401 4844 Item
2447 4789 2859 4845 Constantinus
2907 4790 3159 4859 Psellus,
3212 4794 3383 4863 cujus
3460 4796 3724 4851 Lexicum
3784 4799 3853 4854 in

2183 4878 2569 4948 evangelislas,
2619 4878 2739 4933 sive
2788 4878 3003 4934 brevem
3068 4883 3465 4952 expositionem
3518 4885 3854 4956 difﬁcilium

2184 4968 2245 5021 in
2277 4969 2345 5021 iis
2377 4968 2642 5037 locorum,
2674 4967 2757 5023 ait
2786 4973 3013 5024 exstare
3053 4986 3164 5024 ms.
3196 4974 3389 5027 Graece
3438 4973 3495 5027 in
3547 4973 3694 5030 Bibl.
3728 4976 3853 5031 im-

2183 5060 2370 5127 perat.
2403 5055 2640 5112 Viennae
2673 5056 2733 5113 in
2767 5058 2819 5112 4.
2862 5057 3179 5130 Gesnerus,
3219 5064 3279 5117 et
3306 5063 3681 5120 Possevinus.
3704 5065 3855 5139 Legi

2184 5145 2360 5200 etiam
2395 5144 2607 5217 ipsius.

2254 5234 2499 5288 Ἔκθεσιν
2551 5233 2803 5301 πίστεως,
2865 5237 3280 5308 Εαεροδίείοηεηι
3345 5239 3519 5306 Fidei,
3570 5257 3697 5313 qua
3746 5242 3853 5299 in-

2182 5321 2347 5393 cipit,
2380 5324 2624 5378 Πιστεύω
2656 5322 2735 5385 εἰς
2774 5322 3008 5399 Πατέρα,
3038 5325 3128 5379 καὶ
3192 5327 3332 5398 Γίὸν,
3362 5328 3451 5383 καὶ
3505 5332 3723 5401 Πνεῦμα
3780 5333 3853 5388 τὸ

2181 5411 2355 5485 ἅγιον,
2390 5430 2519 5485 quae
2551 5414 2726 5470 etiam
2759 5413 2818 5469 in
2854 5413 3210 5472 bibliotheca
3241 5418 3477 5474 Antonii
3525 5420 3853 5491 Augustini

2179 5500 2310 5556 cod.
2346 5502 2466 5570 166,
2501 5501 2903 5575 manuscripts
2932 5501 3280 5562 habebatur.

494 5671 576 5741 (η)
607 5672 667 5723 Ρ.
701 5669 770 5724 48
794 5670 936 5728 edit.
967 5670 1261 5729 Theodori
1291 5672 1517 5745 Dousaa,
1550 5676 1735 5749 Lugd.
1768 5676 1891 5735 Bal.
1926 5592 2225 5753 1612,13}.
