4078 6336
770 681 2086 850 MICHAELIS
2271 684 3113 850 PSELLI

1298 1017 1775 1131 OPERUM
1841 1018 2134 1135 PARS
2201 1021 2569 1131 PRIMA

1681 1261 2195 1319 COMPLECTENS

1084 1467 1592 1562 OPERA
1711 1467 2782 1566 THEOLOGICA.

1903 1795 1974 1806 -ιο

563 2050 1503 2180 ΕΡΜΗΝΕΙΑ
1603 2050 2082 2180 ΚΑΤΑ

1708 2050 2082 2180 ΑΤΑ
2184 2049 3318 2180 ΠΑΡΑΦΡΑΣΙΝ

965 2362 1215 2460 ΤΟΥ
1291 2363 1877 2462 ΑΣΜΑΤΟΣ
1961 2363 2219 2461 ΤΩΝ
2300 2364 2909 2460 ΑΣΜΑΤΩΝ

218 2621 679 2678 ΣΥΛΛΕΓΟΥΣΑ
716 2621 861 2678 ΑΠΟ
899 2622 990 2678 TE
1026 2621 1162 2681 TON
1203 2622 1316 2678 ΕΙΣ
1356 2622 1588 2680 ΤΟΥΤΟ
1629 2624 2029 2678 EPMHNEIQN
2067 2626 2196 2678 ΤΟΥ
2251 2625 2453 2678 ᾹΓῙΟΥ
2492 2622 2871 2679 ΓΡΙΙΓΟΓΙΟΥ
2911 2620 3226 2691 ΝΥΣΣΗΣ,
3269 2621 3399 2677 ΤΟΥ
3445 2622 3647 2678 ΑΓΙΟΥ

1322 2715 1596 2786 ΝΕΙΛΟΥ,
1639 2715 1758 2771 ΚΑΙ
1794 2715 1924 2770 ΤΟΥ
1959 2715 2158 2770 ΑΓΙΟΥ
2195 2715 2548 2773 ΜΑΞΙΜΟΥ.

1898 2970 1969 2982 -

227 3199 1328 3368 EXPOSITIO
1443 3203 2243 3370 CANTICI
2340 3199 3647 3369 CANTICORUM

1369 3526 1595 3636 PER
1664 3523 2495 3638 PARAPHRASIM

305 3776 673 3835 COLLECTA
710 3779 809 3833 EX
845 3777 1100 3836 SANCTI
1139 3778 1485 3835 GREGORII
1525 3779 1774 3836 NYSSZE
1815 3778 2234 3847 PONTIFICIS,
2273 3779 2360 3834 ET
2400 3777 2658 3834 SANCTI
2696 3777 2842 3834 NILI
2886 3777 2969 3834 ET
3009 3777 3265 3834 SANCTI
3299 3777 3576 3834 MAXIM!

1669 3868 2216 3926 COMMENTARIIS

300 4293 523 4366 Ἐπειδή
582 4296 674 4352 καὶ
730 4299 828 4362 τὰς
881 4299 1218 4374 Ηαροιμίας,
1262 4299 1352 4354 καὶ
1407 4299 1498 4353 τὸν
1558 4297 1884 4369 Ἐκκλησια-

2071 4300 2312 4367 Qoniam
2346 4304 2404 4357 et
2432 4298 2743 4356 Proverbia
2773 4303 2829 4355 et
2860 4299 3248 4356 Ecclesiasten
3281 4299 3496 4358 cecinit
3543 4299 3648 4359 Sa-

229 4386 366 4454 στῆν
414 4385 689 4460 Σολομῶν
741 4385 891 4461 ᾖσεν
941 4386 995 4442 ἐν
1046 4388 1140 4460 μὲν
1167 4393 1285 4451 ταῖς
1345 4389 1694 4464 Παροιμίαις,
1750 4389 1839 4442 ἀπ(

2037 4407 2220 4456 )mon,
2251 4390 2310 4444 in
2347 4388 2674 4445 Proverbiis
2704 4389 2942 4461 quidem
2974 4390 3276 4445 deterrens
3312 4407 3345 4445 a
3374 4390 3535 4446 vitiis
3587 4395 3647 4446 et

224 4473 568 4551 τρεπόμενος
630 4477 723 4548 μὲν
779 4477 885 4532 ἀπὸ
931 4481 1029 4532 τοῦ
1076 4481 1284 4532 κακοῖν
1331 4478 1772 4550 προτρεπόμενος
1833 4504 1834 4519 ι

2037 4479 2070 4533 d
2095 4479 2350 4535 virtutes
2381 4478 2694 4534 cohortans
2725 4482 2902 4549 atque
2933 4477 3232 4533 moraliter
3273 4478 3596 4535 instituens
3631 4495 3643 4536 :

228 4564 369 4638 πρὸς
397 4564 490 4619 τὸν
523 4563 747 4640 ἀγαθὰν,
793 4565 884 4620 καὶ
932 4563 1296 4642 παιδαγωγῶν
1347 4567 1573 4636 ἠθικῶς
1625 4565 1677 4621 ἐν
1707 4563 1764 4621 δὲ
1807 4587 1837 4621 τ

2032 4585 2057 4623 n
2087 4567 2435 4625 Ecclesiaste
2467 4571 2662 4624 autem
2694 4566 3021 4634 declarans,
3048 4583 3243 4623 rerum
3263 4567 3642 4639 praesentium

229 4649 646 4726 Ἐκκλησιαπῇ
692 4651 1059 4710 ἀποδεικνύων
1090 4660 1200 4711 τῶν
1230 4655 1512 4731 παρόντων
1547 4656 1608 4710 τὸ
1638 4654 1839 4728 μάταιοι

2037 4657 2338 4727 anitatem,
2364 4673 2582 4730 easque
2602 4655 3012 4728 despiciendas
3044 4656 3302 4712 suadens
3320 4671 3386 4711 ac
3417 4662 3647 4712 natura-

227 4741 324 4796 καὶ
379 4741 589 4796 τούτων
650 4741 854 4797 πείθων
922 4745 1276 4821 ὑπερφρονεῖν
1313 4787 1327 4811 ,
1403 4746 1493 4800 καὶ
1553 4742 1837 4800 ἐκπαιδεῦυ

2034 4751 2131 4802 iter
2159 4747 2376 4802 docens
2406 4763 2477 4801 ex
2509 4746 2728 4818 quibus
2777 4744 3038 4801 cbaritas
3070 4745 3129 4799 in
3162 4745 3346 4800 Deum
3378 4745 3644 4816 proﬁcis-

229 4834 502 4909 φυσικῶς,
536 4829 590 4902 ἐξ
651 4832 724 4886 ὧν
772 4834 808 4901 ἡ
839 4833 976 4908 πρὸς
1018 4833 1147 4888 Θεὸν
1197 4833 1381 4908 ἀγάπη
1431 4832 1735 4911 ὑφίσταταιο
1796 4835 1839 4888 oi

2037 4839 2182 4903 stur,
2232 4851 2359 4906 quae
2409 4833 2689 4889 nimirum
2741 4832 2815 4888 ab
2857 4848 2924 4890 eo
2956 4833 3110 4904 quod
3143 4833 3363 4887 bonum
3394 4833 3647 4898 videtur,

223 4919 528 4974 κινούντων
560 4919 698 4994 πρὸς
726 4920 789 4976 τὸ
819 4916 989 4984 ὅντως
1021 4922 1220 4998 ἀγαθὸν
1253 4922 1361 4978 ἀπὸ
1390 4926 1486 4978 τοῦ
1517 4922 1833 4996 νομιζομέν‹

2033 4923 2148 4979 did
2181 4924 2337 4995 quod
2366 4939 2502 4978 vere
2545 4922 2766 4978 bonum
2798 4925 2908 4987 est,
2940 4921 3170 4976 animos
3204 4923 3436 4976 nostros
3494 4920 3643 4976 inci-

222 5009 322 5064 τὸν
351 5009 523 5073 πόθον
557 5010 592 5079 ἠ
603 5013 746 5082 μῶν,
774 5009 867 5065 καὶ
905 5009 971 5066 τὰ
1000 5009 1188 5067 λοιπά.

1995 5016 2080 5068 tet
2108 5019 2281 5084 atque
2311 5010 2659 5081 inﬂammet,
2691 5014 2748 5066 et
2777 5007 3024 5081 reliqua.
