4078 6336
211 419 336 482 541

1273 416 1681 481 COMMENT.
1727 417 1810 479 IN
1854 418 2254 484 CANTICUM
2298 423 2610 487 CANTIC.

3513 419 3638 481 542

211 569 381 623 τερον
434 546 879 621 ἰνυμφοστολησε
936 545 1026 602 διὰ
1078 551 1184 602 τῶν
1245 553 1588 622 Παροιμιῶν,
1641 547 1730 603 καὶ
1776 552 1873 603 τοῦ

2000 551 2154 608 iiens
2175 553 2358 624 illam,
2382 571 2559 626 quam
2594 555 2759 627 prius
2787 571 2891 626 per
2922 552 3228 609 Proverbia
3257 556 3315 608 et
3341 550 3633 608 Ecclesia-

213 636 660 706 Ἐκκλησιαστοῦ
705 633 1135 710 παιδαγωγήσας
1183 635 1272 690 καὶ
1333 634 1685 699 ἐκπαιδεύσας
1751 639 1872 706 ἠθι-

212 732 332 787 κῶς
391 746 449 780 τε
496 725 587 779 καὶ
646 729 904 802 φυσικῶς.
965 727 1025 778 Ἢ
1085 726 1174 778 οὖν
1235 729 1742 799 προμνηστευθεῖσα
1796 731 1876 797 τῷ

221 819 448 888 Χριστῷ
497 813 814 884 Ἐκκλησία,
871 811 958 867 διά
1007 834 1065 868 τε
1115 819 1214 868 τοῦ
1267 819 1512 889 γραπτοῦ
1558 816 1732 888 νόμου
1786 814 1877 868 καὶ

213 909 318 960 τοῦ
349 906 599 982 φυσικοῦ,
658 903 732 955 ὧν
772 902 865 964 τὰς
925 900 1182 976 δυνάμεις
1236 903 1509 975 Σολομῶν
1561 900 1611 958 ἔν
1653 925 1711 958 τε
1757 909 1877 965 ταῖς

217 992 560 1067 Παροιμίαις
607 992 808 1063 καὶτῷ
855 991 1262 1065 Ἐκκλησιαστῇ
1313 994 1432 1063 ᾖσε,
1470 993 1560 1047 καὶ
1618 990 1708 1047 διὰ
1771 997 1878 1047 τῶν

216 1081 276 1138 ἐν
325 1083 475 1156 πασῃ
505 1085 574 1155 τῇ
608 1084 795 1156 Γραφῇ
825 1082 915 1135 καὶ
963 1084 1028 1154 τῇ
1062 1085 1234 1136 κτίσει
1287 1076 1582 1153 συμϐόλων
1645 1081 1882 1154 εἰσαγω-

210 1176 392 1246 γικῶς
448 1167 797 1233 παιδευθεῖσα
835 1169 963 1230 τοὺς
1015 1169 1141 1244 περὶ
1197 1169 1458 1246 προνοίας
1506 1169 1596 1224 καὶ
1649 1169 1874 1230 κτίσεως

215 1261 442 1336 λόγους·
477 1259 580 1314 κάκ
629 1257 836 1314 τούτων
889 1256 1209 1334 διδαχθεῖσα
1261 1260 1328 1313 τὰ
1377 1260 1514 1334 πρὸς
1561 1259 1734 1327 αὐτὴν
1781 1261 1880 1313 τοῦ

212 1347 454 1422 νυμφίου
503 1346 744 1424 φίλτρα,
799 1346 1056 1422 βούλεται
1114 1345 1314 1402 λοιπὸν
1373 1347 1702 1423 τελεώτερον
1757 1346 1884 1400 τού-

211 1459 346 1500 τους
375 1443 502 1513 παρ’
534 1436 698 1491 αὐτοῦ
745 1440 843 1490 τοῦ
894 1440 1033 1491 Θεοῦ
1075 1437 1256 1511 Λόγου
1285 1437 1431 1491 κατὰ
1474 1439 1572 1506 τὴν
1627 1432 1882 1511 ἕνσαρκον

210 1527 418 1582 τούτου
497 1525 814 1598 οἰκονομίαν
888 1526 1046 1598 νόμῳ
1111 1531 1470 1599 πνευματικῷ
1529 1522 1878 1600 διδαχθῆναι,

211 1617 436 1688 ἆμὲσως
477 1613 546 1670 δι’
603 1615 818 1691 ἀγάπης
877 1615 1030 1686 αύτῷ
1109 1613 1472 1685 κολληθεῖσα,
1531 1616 1618 1669 καὶ
1671 1618 1887 1687 πνεῦμα

206 1703 268 1759 ἓν
323 1705 591 1781 γενομένη
625 1702 677 1758 ἐν
731 1708 813 1775 τῷ
857 1702 1044 1778 νύμφη
1103 1703 1268 1758 αύτοῦ
1318 1703 1681 1779 χρηματίσαι.
1735 1701 1877 1777 Φέρε

209 1794 397 1850 τοίνυν
427 1792 510 1849 ἐπ’
543 1792 710 1864 αὐτὴν
763 1791 1008 1866 ἔλθωμεν
1054 1791 1255 1849 λοιπὸν
1301 1798 1409 1848 τῶν
1463 1793 1724 1870 ῥημάτων
1782 1795 1886 1862 τήν

214 1883 540 1961 ἑρμηνείαν,

290 1989 599 2062 Φιλησάτω
634 2011 701 2064 με
729 1990 833 2046 ἀπὸ
865 1989 1189 2067 φιλημάτων
1224 1991 1494 2063 στόματος
1523 1991 1710 2046 αὐτοῦ.

801 2083 918 2134 Τῶν
950 2080 997 2154 γ’
1036 2080 1309 2153 Ιῐατέρων.

291 2173 524 2245 ⁸Ήγουν,
575 2168 750 2230 Αὺτὸς
799 2165 846 2222 δ’
893 2169 1083 2222 ἑαυτοῦ
1121 2169 1221 2236 τήν
1270 2169 1393 2244 περὶ
1446 2167 1580 2242 ἐμοῦ
1613 2167 1878 2242 ὑπεράγα-

219 2271 316 2324 θον
351 2259 519 2314 αὐτοῦ
556 2255 764 2335 βουλὴν
794 2254 1058 2330 διδαξάτω
1094 2278 1180 2330 με,
1216 2253 1405 2333 λόγοις
1443 2258 1532 2312 καὶ
1561 2257 1876 2330 τρόποιςδτὸ

217 2354 472 2403 συνοῖσον
506 2344 874 2402 ὑποδεικνύων
903 2367 1019 2419 μοι.

295 2439 524 2512 Ἀγαθοὶ
555 2437 750 2510 μαστοί
781 2458 876 2491 σου
908 2436 1039 2512 ὑπὲρ
1073 2435 1240 2504 οἶνον,
1269 2437 1356 2491 καὶ
1392 2436 1537 2509 ὀσμή
1565 2435 1748 2511 μύρων
1783 2456 1877 2490 σου

224 2529 360 2600 ὑπὲρ
391 2527 563 2582 πάντα
601 2527 668 2581 τὰ
697 2526 981 2602 ἀρώματα.

803 2635 982 2708 Τριῶν
1034 2632 1308 2709 [Ιατέρων.

300 2721 558 2787 Macrob;
602 2720 660 2777 δὲ
704 2722 872 2778 πάλιν
925 2722 1149 2778 ἐνταῦθα
1192 2721 1351 2778 καλεῖ
1403 2723 1467 2777 ti
1535 2720 1728 2798 δοχεῖα
1782 2724 1878 2778 τοῦ

222 2812 529 2889 γάλακτος,
587 2812 616 2866 ’ὀ
674 2818 791 2876 τοῖς
838 2811 1078 2868 ἀτελέσιν
1141 2810 1218 2867 ἔτι
1275 2811 1364 2866 καὶ
1394 2811 1611 2882 νηπίοις
1641 2812 1877 2887 προσφέ-

226 2923 344 2976 ρειν
400 2899 542 2956 οἶδεν
595 2902 622 2956 ὁ
685 2901 950 2976 μακάριος
999 2901 1249 2963 Παῦλος.
1308 2899 1454 2955 Γάλα
1505 2902 1629 2977 γὰρ,
1690 2901 1875 2979 φησὶν,

226 2993 379 3064 ὑμᾶς
446 2989 704 3058 ἐπότισα,
765 2990 825 3045 οὐ
905 2992 1138 3066 βρῶμαο
1218 2987 1371 3045 οὔπω
1444 2992 1546 3065 γὰρ
1604 2987 1876 3046 ἐδύνασθε.

223 3080 308 3137 Ού
372 3077 462 3134 διὰ
526 3075 776 3134 τοῦτοδὲ
834 3078 993 3152 μόνον
1043 3078 1265 3140 εῗκότως
1309 3083 1416 3134 τῶν
1466 3084 1678 3152 μαστῶν
1713 3078 1878 3151 ἐμνη-

228 3170 489 3244 μόνευσεν
561 3171 597 3238 ἡ
663 3169 892 3245 νύμφη·
955 3167 1080 3223 ἀλλ’
1151 3166 1340 3236 ἐπειδὴ
1413 3169 1502 3222 καὶ
1558 3172 1626 3242 τῇ
1684 3167 1880 3242 καρδίᾳ

1985 646 2112 697 sten
2143 643 2444 699 moraliter
2492 653 2549 699 et
2594 643 2942 699 naturaliter
2970 647 3312 698 exornatam
3361 640 3631 696 institue-

1987 736 2098 786 rat.
2150 731 2408 787 Ecclesia
2454 732 2636 803 igitur
2682 731 2910 786 Christo
2961 732 3340 802 desponsata,
3373 746 3500 801 qua:
3532 745 3636 800 per

1986 819 2173 892 legem
2206 827 2332 876 tum
2367 821 2647 894 scriptam
2673 825 2800 876 tum
2829 819 3452 890 naturalem,quarum
3483 818 3637 873 vires

1989 909 2048 963 in
2090 910 2418 966 Proverbiis
2456 915 2512 966 et
2556 909 2902 966 Ecclesiaste
2931 909 3206 964 Salomon
3242 911 3637 980 expresserat,

1990 1014 2210 1070 perque
2240 1000 2424 1055 totius
2463 1001 2766 1070 scripturas
2812 1004 2868 1053 et
2917 1002 3197 1054 creaturae
3249 1003 3436 1062 notas,
3468 995 3638 1067 quasi

1990 1087 2258 1144 tirocinio
2301 1093 2360 1144 et
2399 1088 2752 1144 rudimentis
2783 1087 3118 1160 quibusdan
3151 1104 3219 1142 ea
3248 1086 3477 1151 didicit,
3507 1100 3635 1156 quas

1991 1178 2063 1231 ad
2098 1178 2521 1249 providentiam
2555 1182 2606 1232 et
2639 1177 2992 1232 creationem
3019 1175 3330 1248 pertinent,
3367 1180 3542 1245 atque
3569 1189 3639 1228 ex

1994 1266 2067 1322 iis
2098 1267 2498 1322 incredibilem
2530 1267 2730 1338 sponsi
2762 1283 2899 1338 erga
2928 1282 2990 1321 se
3022 1282 3282 1321 amorem
3315 1263 3634 1331 intellexit;

1992 1354 2119 1410 vult
2147 1355 2389 1428 insuper
2421 1357 2788 1429 utperl‘ectus
2812 1357 2932 1410 haec
2958 1356 3029 1410 ab
3054 1353 3503 1427 ipsoDeiVerbo
3525 1367 3628 1422 per

1995 1444 2172 1515 hujus
2205 1445 2261 1499 in
2296 1461 2468 1500 carne
2497 1444 2999 1517 dispensationem
3033 1441 3283 1515 spiritali
3312 1442 3441 1513 lege
3470 1441 3643 1496 doce-

1994 1538 2147 1597 atur,
2179 1533 2308 1588 sine
2330 1533 2448 1588 ullo
2482 1535 2672 1589 medio
2705 1551 2806 1605 per
2855 1533 3200 1588 cbaritatem
3232 1530 3347 1603 ipsi
3396 1529 3642 1599 conjun-

1994 1627 2104 1690 cta,
2139 1639 2414 1695 unusque
2447 1623 2598 1678 facta
2630 1622 2876 1694 spiritus
2910 1639 3010 1693 per
3041 1622 3170 1692 hoc,
3221 1619 3373 1692 quod
3425 1634 3644 1689 sponsa

1994 1711 2122 1781 ejus
2147 1715 2403 1766 vocetur.
2436 1714 2553 1784 Age
2584 1712 2766 1784 igitur
2796 1712 2867 1767 ad
2898 1711 3090 1783 ipsam
3122 1725 3292 1781 porro
3335 1707 3643 1764 veniamus

1995 1799 2306 1858 verborum
2333 1801 2902 1873 interpretationem.

2064 1998 2346 2055 Osculelur
2367 2014 2456 2054 me
2485 1999 2687 2056 osculi:
2715 1999 2830 2054 oris
2861 1999 2970 2052 sui.

2516 2089 2600 2143 Ex
2625 2089 2797 2144 tribus
2827 2087 3111 2142 Patribus.

2060 2180 2175 2232 Hoc
2207 2180 2296 2233 est
2327 2193 2340 2231 ε
2379 2178 2507 2248 Ipse
2538 2193 2642 2248 per
2673 2194 2734 2233 se
2765 2175 3052 2248 optimam
3071 2189 3242 2230 suam
3264 2189 3399 2244 erga
3431 2190 3522 2229 me
3543 2190 3638 2228 vo-

1989 2267 2276 2321 luntatem
2335 2266 2558 2335 doceat,
2617 2265 2950 2336 verbisque,
2974 2268 3031 2319 et
3078 2262 3430 2334 rationibus,
3499 2262 3640 2333 quid

1987 2357 2284 2427 expediat,
2313 2355 2608 2410 ostendat.

2058 2444 2280 2500 Meliora
2309 2450 2440 2498 sunt
2469 2443 2644 2499 ubera
2673 2449 2771 2498 (ua
2801 2445 2956 2514 vino,
2986 2451 3038 2498 el
3065 2441 3196 2498 odor
3227 2442 3637 2510 unguentorum

1987 2539 2213 2590 tuorum
2242 2550 2410 2606 super
2437 2535 2627 2589 omnia
2656 2539 2937 2589 aromata.

2573 2641 2772 2697 Trium
2804 2645 3055 2695 Patrum.

2059 2730 2248 2787 Ubera
2271 2747 2505 2786 rursum
2531 2729 2624 2786 hic
2647 2733 2814 2784 vocat
2833 2728 3002 2784 lactis
3033 2725 3398 2800 receptacula
3430 2744 3442 2782 :
3479 2725 3635 2797 quod

1987 2819 2349 2892 imperfectis
2379 2817 2570 2874 adhuc
2591 2821 2648 2872 et
2679 2815 3001 2871 infantibus
3021 2816 3273 2886 praebere
3305 2813 3466 2869 novit
3493 2813 3633 2869 bea-

1986 2915 2085 2966 tus
2112 2907 2325 2964 Paulus
2353 2925 2366 2962 :
2405 2909 2507 2962 Lac
2537 2907 2702 2973 vobis,
2765 2905 3064 2976 inquiens,
3104 2913 3299 2976 polum
3343 2901 3488 2972 dedi,
3515 2917 3629 2957 non

1987 2999 2172 3055 cibum
2203 3015 2217 3052 :
2249 2997 2495 3053 nondum
2532 2997 2678 3051 enim
2725 2996 3057 3067 poteratis‘.
3116 2992 3316 3063 Neque
3345 3008 3478 3047 vero
3518 2991 3626 3047 bac

1990 3089 2185 3144 solum
2217 3087 2288 3142 de
2319 3103 2501 3142 causa
2534 3087 2780 3140 uberum
2815 3099 3031 3154 sponsa
3078 3082 3436 3136 mentionem
3478 3081 3633 3150 fecit,

1991 3179 2094 3234 sed
2152 3177 2327 3231 etiam
2394 3175 2531 3244 quia
2590 3173 2922 3245 propinqua
2979 3176 3115 3226 sunt
3165 3169 3350 3239 cordi,
3411 3169 3470 3222 in
3524 3185 3637 3238 quo

219 3258 650 3329 πλησιάζουσιν,
710 3258 762 3312 ἐν
889 3258 952 3312 τὸ
1010 3258 1344 3332 ἡγεμονικὸν
1403 3255 1635 3333 ἵδρυται,
1698 3255 1878 3334 ἀφ’οὖ

394 3349 405 3361 Ι
666 3347 679 3361 ο
773 3353 800 3361 α.
891 3343 914 3361 Α
947 3343 970 3361 ᾗ
1117 3347 1134 3361 ‘
1161 3347 1171 3361 1
1491 3346 1503 3361 Ι
1613 3353 1641 3361 Α
1781 3348 1830 3361 In

2000 3267 2287 3338 praecipua
2318 3263 2530 3319 mentis
2572 3268 2660 3318 est
2708 3262 2898 3328 sedes,
2929 3261 3083 3314 unde
3130 3259 3406 3314 doctrinae
3449 3259 3640 3312 fontes

223 3349 563 3423 προχέονται
631 3347 686 3401 οἱ
733 3353 833 3416 τῆς
886 3343 1237 3409 διδασκαλίας
1287 3346 1503 3419 κρουνοί
1534 3389 1547 3402 .
1607 3348 1878 3419 Θαυμάζει

224 3437 416 3493 τοίνυν
471 3441 566 3491 τοῦ
623 3436 864 3512 νυμφίου
921 3435 1050 3498 τοὺς
1112 3436 1369 3509 μαστοὺς,
1426 3435 1500 3498 ὡς
1530 3439 1637 3490 τῶν
1666 3435 1882 3510 ἀγαθῶν

222 3527 614 3601 τυγχάνοντασ
642 3524 931 3600 κρουνοὺς,
988 3526 1074 3579 καὶ
1146 3525 1473 3603 προσφόρως
1525 3524 1650 3586 τούς
1707 3545 1765 3578 τε
1792 3546 1886 3595 νη-

222 3616 394 3678 πίους
445 3614 522 3670 ἔτι
548 3614 682 3677 τούς
739 3635 798 3669 τε
851 3612 1094 3677 τελείους
1134 3611 1533 3691 διατρέφοντας·
1591 3613 1679 3668 καὶ
1739 3611 1884 3688 λέγει

223 3704 430 3767 αὐτοὺς
484 3703 716 3777 ἀγαθοὺς
791 3703 922 3776 ὑπὲρ
983 3702 1168 3769 οἶνον,
1226 3703 1284 3764 ὃς
1344 3703 1614 3780 εὐφραίνει
1659 3701 1882 3775 καρδίαν

223 3794 548 3869 ἀνθρώπου,
597 3792 732 3847 κατᾶ
779 3792 878 3861 τήν
932 3791 1074 3856 θείαν
1126 3793 1383 3869 Γραφήν.
1437 3797 1722 3866 Τροπικῶς
1780 3791 1883 3866 γὰρ

223 3884 324 3938 τὸν
379 3883 528 3937 οἶμον
592 3880 922 3958 εὐφροσύνην
983 3881 1284 3953 ὠνόμασεν,
1327 3877 1492 3950 δεῖξαι
1546 3879 1885 3956 βοδλόμενος

228 3972 320 4026 ὅτι
372 3973 553 4040 πάσης
584 3971 724 4043 ὁμοῦ
782 3977 881 4038 τῆς
938 3969 989 4024 ἐν
1039 3971 1345 4043 ἀνθρώποις
1402 3969 1734 4047 εὐφροσύνης
1770 3969 1884 4042 μεί-

226 4067 341 4131 ζων
373 4063 408 4129 ἡ
457 4061 604 4134 παρᾶ
648 4064 756 4114 τῶν
811 4059 974 4114 αὐτοῦ
1013 4057 1231 4130 δωρεῶν
1264 4059 1581 4134 ἐγγινομένη
1634 4055 1887 4133 θυμηγδα

233 4155 359 4204 τοῖς
411 4143 710 4205 εὐσεῦἐσιν.
769 4148 834 4204 Εἴ
881 4146 938 4202 δὲ
969 4147 1158 4224 βούλει
1216 4149 1303 4203 καὶ
1367 4152 1639 4221 μυστικῶς
1695 4150 1884 4216 νοῆσαι

221 4245 334 4308 τῆς
389 4239 612 4315 νύμφης
667 4237 735 4290 τὰ
795 4236 1052 4310 ῥήματα,
1117 4237 1314 4305 νόησον
1370 4243 1497 4299 τοὺς
1559 4237 1690 4311 ὑπὲρ
1746 4237 1884 4291 οίνον

229 4326 694 4398 θαυμαζομένους
745 4327 1005 4398 μαστοὺς,
1029 4325 1162 4386 τοὺς
1213 4324 1484 4400 ἀρῥήτους
1523 4330 1621 4380 1:06
1665 4327 1882 4380 θυσιασο

221 4415 431 4488 τηρίου
480 4413 765 4483 κρουνοὺς,
817 4411 887 4467 δι’
949 4412 1022 4467 ὧν
1073 4415 1299 4475 ἅπαντες
1349 4415 1399 4468 οἱ
1454 4421 1555 4484 τῆς
1611 4410 1885 4476 εὒσεϐείας

230 4503 555 4581 τρεφόμεθα
609 4503 920 4579 τρόφιμοι.
998 4503 1128 4558 Εἶτα
1191 4503 1292 4571 τὴν
1347 4502 1522 4558 αἰτίαν
1581 4504 1728 4578 Λέγει
1789 4508 1886 4558 τοῦ

230 4592 464 4649 πολλοῦ
495 4591 686 4660 πόθου,
737 4592 824 4646 καὶ
856 4595 958 4658 τῆς
1007 4592 1143 4666 πρὸς
1175 4592 1336 4646 αὐτὸν
1370 4593 1586 4667 ἀγάπης
1636 4597 1746 4647 τῶν
1810 4593 1884 4664 μὴ

1994 3358 2294 3411 emanant.
2327 3351 2540 3423 Sponsi
2574 3351 2756 3423 igitur
2785 3349 2969 3404 ubera
2999 3348 3083 3403 uti
3133 3347 3418 3403 bonorum
3452 3347 3646 3401 fontes

1995 3443 2340 3510 admiratur,
2397 3457 2466 3496 ex
2537 3440 2753 3510 quibus
2809 3438 3114 3494 commode
3190 3442 3316 3492 tum
3390 3436 3647 3490 infantes

1993 3533 2208 3598 adhuc,
2241 3537 2366 3585 tum
2398 3529 2574 3584 etiam
2609 3526 2850 3599 perfecti
2880 3527 3244 3581 nutriuntur.
3277 3527 3476 3596 anue
3498 3523 3641 3580 dicit

1995 3638 2124 3677 esse
2153 3620 2386 3675 meliora
2414 3619 2563 3683 vino,
2595 3616 2773 3686 quod,
2805 3615 3012 3670 divina:
3036 3615 3343 3685 Scripturaa
3377 3614 3646 3669 testimo-

1996 3711 2090 3765 nio
2121 3725 2222 3764 cor
2250 3707 2510 3763 hominis
2569 3705 2878 3761 exhilarat.
2923 3703 3188 3774 Figurate
3237 3703 3394 3757 enim
3439 3702 3644 3756 vinum

1992 3797 2252 3853 laetitiam
2286 3794 2618 3866 appellavit,
2653 3797 2717 3848 ut
2745 3791 2974 3850 cunctis
3006 3790 3282 3845 humanis
3328 3789 3646 3860 voluptati-

1993 3888 2105 3942 bus
2166 3891 2445 3957 praastare
2494 3881 2822 3938 declararet
2877 3879 3140 3934 laetitiam
3183 3879 3368 3948 illam,
3401 3895 3529 3949 quas
3577 3895 3648 3933 ex

1993 3975 2182 4047 ipsius
2214 3973 2384 4029 donis
2414 3973 2486 4028 ad
2521 3971 2647 4043 pios
2698 3967 3109 4042 proﬁciscitur.
3155 3967 3316 4033 Quod
3366 3967 3418 4024 si
3465 3968 3648 4023 ubera

1997 4064 2242 4137 mystice
2300 4062 2477 4118 etiam
2535 4061 2622 4115 vis
2703 4057 3068 4128 intelligere,
3130 4073 3233 4130 per
3286 4057 3469 4112 ubera
3544 4055 3647 4111 illa

1994 4153 2342 4209 admiranda
2366 4156 2423 4206 et
2452 4151 2584 4206 vino
2617 4148 3049 4220 prazstantiora,
3081 4147 3274 4219 cogita
3320 4144 3647 4201 ineffabiles

1995 4241 2128 4298 illos
2159 4240 2361 4297 altaris
2396 4239 2610 4307 fontes,
2651 4241 2708 4292 et
2739 4237 2956 4307 quibus
3001 4251 3205 4290 omnes
3254 4250 3360 4288 nos
3408 4232 3644 4304 pietatis

1996 4328 2221 4384 alumni
2251 4328 2562 4384 nutrimur.
2625 4326 2776 4381 Tum
2835 4323 3095 4396 ingentis
3153 4321 3431 4378 desiderii
3464 4320 3554 4376 sui
3587 4323 3646 4374 et

1994 4418 2326 4475 dilectionis
2383 4433 2524 4488 erga
2571 4415 2770 4487 ipsum
2831 4415 3201 4479 animarum,
3262 4427 3388 4481 quas
3446 4425 3643 4464 rerum

1997 4508 2284 4563 ﬂuxarum
2342 4503 2649 4578 cupiditati
2703 4518 2818 4558 non
2877 4503 3336 4571 succubuerunt,
3405 4514 3646 4555 causam

1996 4596 2234 4669 exponit
2262 4597 2504 4651 dicens:
2539 4593 2825 4659 Quoniam
2868 4591 3045 4647 ubera
3100 4596 3201 4645 tua
3238 4589 3474 4644 meliora
3519 4597 3648 4643 sunt

227 4684 582 4753 ἡττηθεισῶν
653 4683 721 4753 τῇ
791 4684 897 4733 τῶν
972 4681 1320 4754 προσκαίρων
1390 4679 1574 4755 σχέσει
1649 4684 1880 4756 ψυχῶν,

2000 4689 2122 4742 vino
2153 4703 2173 4741 :
2204 4693 2259 4741 et
2317 4685 2449 4740 odor
2502 4691 2908 4753 unguentorum
2959 4689 3184 4735 tuorum
3237 4694 3404 4750 super
3447 4679 3644 4732 omnia

223 4772 540 4848 φάσκουσα,
593 4769 676 4823 ὅτι
737 4769 964 4842 Ἀγαθοὶ
1019 4769 1212 4840 μαστοί
1257 4789 1352 4822 σου
1397 4769 1529 4843 ὑπὲρ
1576 4769 1741 4837 οἶνον,
1797 4769 1888 4823 καὶ

224 4861 384 4932 ὀσμή
423 4859 608 4932 μύρων
645 4877 741 4911 σου
773 4856 906 4932 ὑπὲρ
937 4857 1110 4911 πάντα
1136 4856 1202 4910 τὰ
1231 4855 1515 4932 ἀρώματα.

305 4949 492 5023 Μύρον
543 4945 832 5008 ἐκκενωθὶν
884 4941 1058 5018 ὄνομα
1107 4963 1245 4999 σου⁶
1295 4943 1386 5000 διὰ
1440 4950 1602 5000 τοῦτο
1653 4943 1884 5008 νεάνιδες

221 5040 422 5113 ἠγάπη
430 5038 528 5091 σάν
562 5057 640 5092 σε.

306 5123 500 5184 Εῗτουν
556 5122 778 5198 Ἀγαθαί
815 5122 949 5178 εἰσιν
978 5125 1013 5192 ἡ
1048 5122 1204 5201 φύσις
1231 5124 1340 5178 τῶν
1381 5123 1525 5179 ὅλων
1559 5125 1645 5178 καὶ
1679 5125 1714 5192 ἡ
1748 5129 1884 5199 Γρα-

226 5217 334 5294 φὴ,
406 5208 819 5287 λαμϐανόμεναι
873 5214 947 5274 ὡς
992 5219 1092 5281 τῆς
1143 5210 1398 5282 ἀληθείας
1459 5201 1732 5284 σύμϐολα,
1792 5212 1882 5267 καὶ

227 5307 326 5360 οἷα
360 5305 456 5377 μὲν
513 5301 674 5374 μαζοί
723 5321 816 5355 σου
847 5305 1192 5376 χορηγοῦσαι
1241 5303 1376 5374 ἡμῖν
1442 5299 1623 5371 ἁπλῆν
1650 5302 1882 5379 τροφὴν,

223 5396 331 5462 τήν
373 5399 476 5461 τῆς
524 5391 599 5452 είς
631 5391 688 5445 σὲ
733 5389 990 5457 πίστεως,
1024 5391 1111 5444 οἷα
1143 5387 1200 5444 δὲ
1227 5410 1316 5444 τισ
1360 5389 1504 5462 ὀσμὴ
1551 5389 1738 5463 μύρων
1784 5411 1880 5445 σου

230 5481 541 5557 μηνύουσαι
590 5480 657 5534 τὰ
703 5483 1080 5552 πνευματικῶς
1123 5481 1271 5550 ἡμᾶς
1320 5476 1682 5547 ιύωδιάζοντα
1740 5500 1880 5533 παν-

225 5574 402 5648 άγαθά
452 5591 549 5624 σου
607 5567 928 5642 θελήματα,
997 5569 1113 5623 καθ’
1164 5565 1195 5622 ἃ
1238 5569 1305 5623 τὰ
1353 5567 1526 5623 πάντα
1573 5569 1876 5644 γεγόνασιν.

305 5755 323 5790 ι
359 5748 545 5806 lCor.
576 5748 667 5816 in,
695 5746 750 5802 2.

1997 4779 2268 4830 aromata.

2070 4953 2417 5020 Unguentum
2438 4949 2676 5020 eﬂ'usum
2705 4962 2902 5003 nomen
2931 4953 3086 5002 tuum
3121 4963 3133 4999 :
3169 4944 3292 5000 ideo
3326 4942 3648 4999 adolescen-

1994 5041 2132 5097 ιιιιῶ
2163 5040 2480 5094 dilexerunt
2507 5042 2579 5091 te.

2065 5130 2125 5184 Id
2154 5133 2244 5184 est
2277 5145 2290 5184 :
2323 5128 2492 5182 Bona:
2519 5128 2659 5180 sunt
2689 5128 2901 5179 natura
2929 5138 3125 5178 rerum
3159 5126 3216 5177 et
3246 5120 3559 5192 scriptura,
3592 5119 3646 5174 si

1993 5218 2228 5288 quidem
2282 5215 2648 5286 accipiantur
2695 5211 2873 5267 veluti
2935 5212 3198 5266 veritatis
3247 5208 3534 5282 syrnbola,
3590 5213 3648 5262 et

1993 5323 2120 5377 quae
2154 5305 2342 5360 instar
2374 5305 2621 5359 uberum
2655 5301 2892 5373 quidem
2921 5304 3242 5372 suggerant
3288 5297 3458 5353 nobis
3502 5296 3648 5351 sim-

1992 5394 2203 5466 plicem
2240 5393 2460 5456 cibum,
2511 5391 2640 5461 ejus
2691 5387 2960 5444 videlicet
2990 5405 3116 5460 quae
3152 5388 3208 5441 in
3244 5392 3299 5443 te
3326 5391 3435 5452 est,
3469 5385 3645 5452 fidei;

1990 5489 2167 5554 atque
2189 5482 2376 5536 instar
2395 5481 2588 5536 odoris
2610 5479 2920 5548 cujusdam
2945 5482 3382 5549 unguentorum
3406 5480 3644 5531 tuorum

1991 5573 2240 5627 doceant
2263 5570 2522 5642 optimas
2545 5568 2878 5623 voluntates
2898 5571 3055 5635 tuas,
3093 5583 3221 5637 quae
3246 5582 3353 5621 nos
3387 5565 3646 5636 fragran-
