  <div class='ocr_page' id='page_1' title='image "/cluster/home/n/w/nwhite01/storage/ocr_20150623/122/hvd.32044073502452/279.png"; bbox 0 0 4072 6346; ppageno 0'>
   <div class='ocr_carea' id='block_1_1' title="bbox 434 388 555 473">
    <p class='ocr_par' dir='ltr' id='par_1_1' title="bbox 434 388 555 473">
     <span class='ocr_line' id='line_1_1' title="bbox 434 388 555 473; baseline -0.017 -23"><span class='ocrx_word' id='word_1_1' title='bbox 434 388 555 473; x_wconf 62' lang='grc'><strong>543</strong></span> 
     </span>
    </p>
   </div>
   <div class='ocr_carea' id='block_1_2' title="bbox 1766 391 2513 454">
    <p class='ocr_par' dir='ltr' id='par_1_2' title="bbox 1766 391 2513 454">
     <span class='ocr_line' id='line_1_2' title="bbox 1766 391 2513 454; baseline 0.001 -1"><span class='ocrx_word' id='word_1_2' title='bbox 1766 391 2195 453; x_wconf 80' lang='lat' dir='ltr'><strong>MICHAELIS</strong></span> <span class='ocrx_word' id='word_1_3' title='bbox 2240 391 2513 454; x_wconf 82' lang='lat' dir='ltr'><strong>PSELLI</strong></span> 
     </span>
    </p>
   </div>
   <div class='ocr_carea' id='block_1_3' title="bbox 3727 392 3851 450">
    <p class='ocr_par' dir='ltr' id='par_1_3' title="bbox 3727 392 3851 450">
     <span class='ocr_line' id='line_1_3' title="bbox 3727 392 3851 450; baseline 0 -1"><span class='ocrx_word' id='word_1_4' title='bbox 3727 392 3851 450; x_wconf 71' lang='grc'><strong>544</strong></span> 
     </span>
    </p>
   </div>
   <div class='ocr_carea' id='block_1_4' title="bbox 434 518 2100 598">
    <p class='ocr_par' dir='ltr' id='par_1_4' title="bbox 434 520 2077 596">
     <span class='ocr_line' id='line_1_4' title="bbox 434 520 2077 596; baseline 0.002 -21"><span class='ocrx_word' id='word_1_5' title='bbox 434 524 523 575; x_wconf 81' lang='lat' dir='ltr'><strong>tes</strong></span> <span class='ocrx_word' id='word_1_6' title='bbox 555 520 777 589; x_wconf 88' lang='lat' dir='ltr'><strong>optimo</strong></span> <span class='ocrx_word' id='word_1_7' title='bbox 823 523 997 578; x_wconf 80' lang='lat' dir='ltr'><strong>odore</strong></span> <span class='ocrx_word' id='word_1_8' title='bbox 1046 522 1325 593; x_wconf 78' lang='lat' dir='ltr'><strong>efﬁciant,</strong></span> <span class='ocrx_word' id='word_1_9' title='bbox 1382 540 1482 594; x_wconf 92' lang='lat' dir='ltr'><strong>per</strong></span> <span class='ocrx_word' id='word_1_10' title='bbox 1531 540 1679 596; x_wconf 86' lang='lat' dir='ltr'><strong>quas</strong></span> <span class='ocrx_word' id='word_1_11' title='bbox 1728 524 2077 579; x_wconf 80' lang='lat' dir='ltr'><strong>exstiterunt</strong></span> 
     </span>
    </p>
   </div>
   <div class='ocr_carea' id='block_1_5' title="bbox 2213 518 3852 598">
    <p class='ocr_par' dir='ltr' id='par_1_5' title="bbox 2213 518 3852 598">
     <span class='ocr_line' id='line_1_5' title="bbox 2213 518 3852 598; baseline -0.001 -23"><span class='ocrx_word' id='word_1_12' title='bbox 2213 525 2323 598; x_wconf 65' lang='grc' dir='ltr'>νπὲρ</span> <span class='ocrx_word' id='word_1_13' title='bbox 2370 528 2466 579; x_wconf 80' lang='grc' dir='ltr'><strong>τοῦ</strong></span> <span class='ocrx_word' id='word_1_14' title='bbox 2519 525 2637 588; x_wconf 77' lang='grc' dir='ltr'>καθ’</span> <span class='ocrx_word' id='word_1_15' title='bbox 2690 526 2877 586; x_wconf 71' lang='grc' dir='ltr'>ἑαυτὰς</span> <span class='ocrx_word' id='word_1_16' title='bbox 2931 518 3337 597; x_wconf 75' lang='grc' dir='ltr'>λαμϐάνεσθαι,</span> <span class='ocrx_word' id='word_1_17' title='bbox 3386 522 3481 577; x_wconf 87' lang='grc' dir='ltr'><strong>καὶ</strong></span> <span class='ocrx_word' id='word_1_18' title='bbox 3537 518 3691 591; x_wconf 82' lang='grc' dir='ltr'>δίκην</span> <span class='ocrx_word' id='word_1_19' title='bbox 3750 520 3852 593; x_wconf 77' lang='grc' dir='ltr'><strong>μὶν</strong></span> 
     </span>
    </p>
   </div>
   <div class='ocr_carea' id='block_1_6' title="bbox 442 609 2082 684">
    <p class='ocr_par' dir='ltr' id='par_1_6' title="bbox 442 609 2082 684">
     <span class='ocr_line' id='line_1_6' title="bbox 442 609 2082 684; baseline 0.001 -19"><span class='ocrx_word' id='word_1_20' title='bbox 442 609 733 666; x_wconf 90' lang='lat' dir='ltr'><strong>universa.</strong></span> <span class='ocrx_word' id='word_1_21' title='bbox 763 612 819 664; x_wconf 82' lang='lat' dir='ltr'><strong>Si</strong></span> <span class='ocrx_word' id='word_1_22' title='bbox 873 628 1025 667; x_wconf 74' lang='lat' dir='ltr'><strong>enim</strong></span> <span class='ocrx_word' id='word_1_23' title='bbox 1069 613 1395 668; x_wconf 86' lang='lat' dir='ltr'><strong>secundum</strong></span> <span class='ocrx_word' id='word_1_24' title='bbox 1438 630 1499 669; x_wconf 90' lang='lat' dir='ltr'><strong>se</strong></span> <span class='ocrx_word' id='word_1_25' title='bbox 1532 614 1656 667; x_wconf 64' lang='lat' dir='ltr'><strong>ista;</strong></span> <span class='ocrx_word' id='word_1_26' title='bbox 1703 612 2082 684; x_wconf 85' lang='lat' dir='ltr'><strong>accipiuntur,</strong></span> 
     </span>
    </p>
   </div>
   <div class='ocr_carea' id='block_1_7' title="bbox 437 699 2087 771">
    <p class='ocr_par' dir='ltr' id='par_1_7' title="bbox 437 699 2087 771">
     <span class='ocr_line' id='line_1_7' title="bbox 437 699 2087 771; baseline 0.002 -18"><span class='ocrx_word' id='word_1_27' title='bbox 437 699 625 755; x_wconf 86' lang='lat' dir='ltr'><strong>instar</strong></span> <span class='ocrx_word' id='word_1_28' title='bbox 655 701 891 771; x_wconf 87' lang='lat' dir='ltr'><strong>quidem</strong></span> <span class='ocrx_word' id='word_1_29' title='bbox 923 701 1039 755; x_wconf 90' lang='lat' dir='ltr'><strong>vini</strong></span> <span class='ocrx_word' id='word_1_30' title='bbox 1073 708 1325 757; x_wconf 83' lang='lat' dir='ltr'><strong>mentem</strong></span> <span class='ocrx_word' id='word_1_31' title='bbox 1379 709 1650 758; x_wconf 86' lang='lat' dir='ltr'><strong>amovent</strong></span> <span class='ocrx_word' id='word_1_32' title='bbox 1701 723 1731 758; x_wconf 80' lang='grc' dir='ltr'>ει</span> <span class='ocrx_word' id='word_1_33' title='bbox 1790 704 1901 758; x_wconf 85' lang='lat' dir='ltr'><strong>lide</strong></span> <span class='ocrx_word' id='word_1_34' title='bbox 1941 702 1999 757; x_wconf 89' lang='lat' dir='ltr'><strong>in</strong></span> <span class='ocrx_word' id='word_1_35' title='bbox 2031 708 2087 757; x_wconf 80' lang='lat' dir='ltr'><strong>te</strong></span> 
     </span>
    </p>
   </div>
   <div class='ocr_carea' id='block_1_8' title="bbox 441 789 2089 864">
    <p class='ocr_par' dir='ltr' id='par_1_8' title="bbox 441 789 2089 864">
     <span class='ocr_line' id='line_1_8' title="bbox 441 789 2089 864; baseline 0.001 -20"><span class='ocrx_word' id='word_1_36' title='bbox 441 789 608 860; x_wconf 85' lang='lat' dir='ltr'><strong>quasi</strong></span> <span class='ocrx_word' id='word_1_37' title='bbox 640 807 772 845; x_wconf 88' lang='lat' dir='ltr'><strong>vero</strong></span> <span class='ocrx_word' id='word_1_38' title='bbox 804 796 1068 846; x_wconf 80' lang='lat' dir='ltr'><strong>aromata</strong></span> <span class='ocrx_word' id='word_1_39' title='bbox 1094 794 1383 862; x_wconf 76' lang='lat' dir='ltr'><strong>quaedam,</strong></span> <span class='ocrx_word' id='word_1_40' title='bbox 1419 810 1545 864; x_wconf 66' lang='lat' dir='ltr'><strong>quae</strong></span> <span class='ocrx_word' id='word_1_41' title='bbox 1577 792 1848 847; x_wconf 90' lang='lat' dir='ltr'><strong>videntur</strong></span> <span class='ocrx_word' id='word_1_42' title='bbox 1874 793 2089 846; x_wconf 86' lang='lat' dir='ltr'><strong>habere</strong></span> 
     </span>
    </p>
   </div>
   <div class='ocr_carea' id='block_1_9' title="bbox 440 881 2085 953">
    <p class='ocr_par' dir='ltr' id='par_1_9' title="bbox 440 881 2085 953">
     <span class='ocr_line' id='line_1_9' title="bbox 440 881 2085 953; baseline 0.002 -21"><span class='ocrx_word' id='word_1_43' title='bbox 440 884 651 934; x_wconf 79' lang='lat' dir='ltr'><strong>natura</strong></span> <span class='ocrx_word' id='word_1_44' title='bbox 682 896 787 934; x_wconf 87' lang='lat' dir='ltr'><strong>sua</strong></span> <span class='ocrx_word' id='word_1_45' title='bbox 820 897 1057 935; x_wconf 86' lang='lat' dir='ltr'><strong>suavem</strong></span> <span class='ocrx_word' id='word_1_46' title='bbox 1109 882 1369 949; x_wconf 88' lang='lat' dir='ltr'><strong>odorem,</strong></span> <span class='ocrx_word' id='word_1_47' title='bbox 1405 883 1474 937; x_wconf 90' lang='lat' dir='ltr'><strong>ad</strong></span> <span class='ocrx_word' id='word_1_48' title='bbox 1525 899 1587 938; x_wconf 89' lang='lat' dir='ltr'><strong>se</strong></span> <span class='ocrx_word' id='word_1_49' title='bbox 1629 882 1787 953; x_wconf 89' lang='lat' dir='ltr'><strong>ipsas</strong></span> <span class='ocrx_word' id='word_1_50' title='bbox 1820 881 2085 949; x_wconf 90' lang='lat' dir='ltr'><strong>trahunt,</strong></span> 
     </span>
    </p>
   </div>
   <div class='ocr_carea' id='block_1_10' title="bbox 440 967 2088 1038">
    <p class='ocr_par' dir='ltr' id='par_1_10' title="bbox 440 967 2088 1038">
     <span class='ocr_line' id='line_1_10' title="bbox 440 967 2088 1038; baseline 0.001 -16"><span class='ocrx_word' id='word_1_51' title='bbox 440 985 556 1038; x_wconf 91' lang='lat' dir='ltr'><strong>quo</strong></span> <span class='ocrx_word' id='word_1_52' title='bbox 586 968 695 1023; x_wconf 82' lang='lat' dir='ltr'><strong>frui</strong></span> <span class='ocrx_word' id='word_1_53' title='bbox 731 967 910 1024; x_wconf 89' lang='lat' dir='ltr'><strong>libeat</strong></span> <span class='ocrx_word' id='word_1_54' title='bbox 940 970 1116 1025; x_wconf 82' lang='lat' dir='ltr'>rebus</span> <span class='ocrx_word' id='word_1_55' title='bbox 1146 971 1481 1025; x_wconf 83' lang='lat' dir='ltr'><strong>carnalibus</strong></span> <span class='ocrx_word' id='word_1_56' title='bbox 1513 976 1569 1026; x_wconf 89' lang='lat' dir='ltr'><strong>et</strong></span> <span class='ocrx_word' id='word_1_57' title='bbox 1620 970 1958 1026; x_wconf 85' lang='lat' dir='ltr'><strong>mundanis.</strong></span> <span class='ocrx_word' id='word_1_58' title='bbox 1993 970 2088 1026; x_wconf 85' lang='lat' dir='ltr'><strong>Sic</strong></span> 
     </span>
    </p>
   </div>
   <div class='ocr_carea' id='block_1_11' title="bbox 440 1057 2084 1131">
    <p class='ocr_par' dir='ltr' id='par_1_11' title="bbox 440 1057 2084 1131">
     <span class='ocr_line' id='line_1_11' title="bbox 440 1057 2084 1131; baseline 0.001 -19"><span class='ocrx_word' id='word_1_59' title='bbox 440 1062 668 1125; x_wconf 88' lang='lat' dir='ltr'><strong>natura,</strong></span> <span class='ocrx_word' id='word_1_60' title='bbox 703 1057 972 1130; x_wconf 91' lang='lat' dir='ltr'><strong>inquam,</strong></span> <span class='ocrx_word' id='word_1_61' title='bbox 1004 1063 1060 1114; x_wconf 90' lang='lat' dir='ltr'><strong>et</strong></span> <span class='ocrx_word' id='word_1_62' title='bbox 1087 1060 1400 1131; x_wconf 83' lang='lat' dir='ltr'><strong>scriptura,</strong></span> <span class='ocrx_word' id='word_1_63' title='bbox 1432 1060 1613 1115; x_wconf 89' lang='lat' dir='ltr'><strong>veluti</strong></span> <span class='ocrx_word' id='word_1_64' title='bbox 1646 1064 2084 1131; x_wconf 90' lang='lat' dir='ltr'><strong>unguentorum</strong></span> 
     </span>
    </p>
   </div>
   <div class='ocr_carea' id='block_1_12' title="bbox 440 1146 2084 1217">
    <p class='ocr_par' dir='ltr' id='par_1_12' title="bbox 440 1146 2084 1217">
     <span class='ocr_line' id='line_1_12' title="bbox 440 1146 2084 1217; baseline 0 -16"><span class='ocrx_word' id='word_1_65' title='bbox 440 1146 603 1217; x_wconf 90' lang='lat' dir='ltr'><strong>odor,</strong></span> <span class='ocrx_word' id='word_1_66' title='bbox 634 1150 769 1202; x_wconf 85' lang='lat' dir='ltr'><strong>tuas</strong></span> <span class='ocrx_word' id='word_1_67' title='bbox 791 1148 1095 1203; x_wconf 82' lang='lat' dir='ltr'><strong>declarant</strong></span> <span class='ocrx_word' id='word_1_68' title='bbox 1132 1148 1484 1204; x_wconf 81' lang='lat' dir='ltr'><strong>voluntates.</strong></span> <span class='ocrx_word' id='word_1_69' title='bbox 1521 1152 1664 1203; x_wconf 87' lang='lat' dir='ltr'><strong>Nam</strong></span> <span class='ocrx_word' id='word_1_70' title='bbox 1701 1150 1931 1204; x_wconf 88' lang='lat' dir='ltr'><strong>bonitas</strong></span> <span class='ocrx_word' id='word_1_71' title='bbox 1962 1153 2084 1213; x_wconf 89' lang='lat' dir='ltr'><strong>tua,</strong></span> 
     </span>
    </p>
   </div>
   <div class='ocr_carea' id='block_1_13' title="bbox 441 1236 2089 1308">
    <p class='ocr_par' dir='ltr' id='par_1_13' title="bbox 441 1236 2089 1308">
     <span class='ocr_line' id='line_1_13' title="bbox 441 1236 2089 1308; baseline 0.001 -19"><span class='ocrx_word' id='word_1_72' title='bbox 441 1236 627 1291; x_wconf 84' lang='lat' dir='ltr'><strong>instar</strong></span> <span class='ocrx_word' id='word_1_73' title='bbox 684 1237 969 1308; x_wconf 84' lang='lat' dir='ltr'><strong>unguenti</strong></span> <span class='ocrx_word' id='word_1_74' title='bbox 1027 1237 1219 1304; x_wconf 79' lang='lat' dir='ltr'><strong>effusi,</strong></span> <span class='ocrx_word' id='word_1_75' title='bbox 1253 1238 1313 1293; x_wconf 91' lang='lat' dir='ltr'><strong>in</strong></span> <span class='ocrx_word' id='word_1_76' title='bbox 1372 1254 1576 1294; x_wconf 90' lang='lat' dir='ltr'><strong>omnes</strong></span> <span class='ocrx_word' id='word_1_77' title='bbox 1626 1242 1949 1307; x_wconf 87' lang='lat' dir='ltr'><strong>creaturas,</strong></span> <span class='ocrx_word' id='word_1_78' title='bbox 1983 1252 2089 1307; x_wconf 87' lang='lat' dir='ltr'><strong>per</strong></span> 
     </span>
    </p>
   </div>
   <div class='ocr_carea' id='block_1_14' title="bbox 443 1325 2087 1398">
    <p class='ocr_par' dir='ltr' id='par_1_14' title="bbox 443 1325 2087 1398">
     <span class='ocr_line' id='line_1_14' title="bbox 443 1325 2087 1398; baseline -0.001 -18"><span class='ocrx_word' id='word_1_79' title='bbox 443 1325 950 1397; x_wconf 86' lang='lat' dir='ltr'><strong>participationem</strong></span> <span class='ocrx_word' id='word_1_80' title='bbox 979 1343 1046 1382; x_wconf 67' lang='lat' dir='ltr'><strong>ex</strong></span> <span class='ocrx_word' id='word_1_81' title='bbox 1078 1328 1130 1382; x_wconf 89' lang='lat' dir='ltr'><strong>vi</strong></span> <span class='ocrx_word' id='word_1_82' title='bbox 1164 1344 1370 1398; x_wconf 86' lang='lat' dir='ltr'><strong>sparsa</strong></span> <span class='ocrx_word' id='word_1_83' title='bbox 1402 1328 1767 1382; x_wconf 84' lang='lat' dir='ltr'><strong>demonstrat</strong></span> <span class='ocrx_word' id='word_1_84' title='bbox 1805 1331 1861 1381; x_wconf 94' lang='lat' dir='ltr'><strong>te</strong></span> <span class='ocrx_word' id='word_1_85' title='bbox 1892 1341 2087 1382; x_wconf 89' lang='lat' dir='ltr'><strong>rerum</strong></span> 
     </span>
    </p>
   </div>
   <div class='ocr_carea' id='block_1_15' title="bbox 436 1415 2087 1486">
    <p class='ocr_par' dir='ltr' id='par_1_15' title="bbox 436 1415 2087 1486">
     <span class='ocr_line' id='line_1_15' title="bbox 436 1415 2087 1486; baseline 0.001 -17"><span class='ocrx_word' id='word_1_86' title='bbox 436 1416 703 1470; x_wconf 89' lang='lat' dir='ltr'><strong>omnium</strong></span> <span class='ocrx_word' id='word_1_87' title='bbox 736 1420 1058 1484; x_wconf 88' lang='lat' dir='ltr'><strong>auctorem,</strong></span> <span class='ocrx_word' id='word_1_88' title='bbox 1092 1433 1160 1471; x_wconf 81' lang='lat' dir='ltr'><strong>ex</strong></span> <span class='ocrx_word' id='word_1_89' title='bbox 1193 1417 1535 1472; x_wconf 86' lang='lat' dir='ltr'><strong>nominibus</strong></span> <span class='ocrx_word' id='word_1_90' title='bbox 1567 1415 1837 1471; x_wconf 90' lang='lat' dir='ltr'><strong>indicans</strong></span> <span class='ocrx_word' id='word_1_91' title='bbox 1860 1432 1928 1471; x_wconf 89' lang='lat' dir='ltr'><strong>ea</strong></span> <span class='ocrx_word' id='word_1_92' title='bbox 1959 1432 2087 1486; x_wconf 68' lang='lat' dir='ltr'><strong>qum</strong></span> 
     </span>
    </p>
   </div>
   <div class='ocr_carea' id='block_1_16' title="bbox 436 1505 2089 1575">
    <p class='ocr_par' dir='ltr' id='par_1_16' title="bbox 436 1505 2089 1575">
     <span class='ocr_line' id='line_1_16' title="bbox 436 1505 2089 1575; baseline 0 -16"><span class='ocrx_word' id='word_1_93' title='bbox 436 1505 841 1560; x_wconf 88' lang='lat' dir='ltr'><strong>communicas</strong></span> <span class='ocrx_word' id='word_1_94' title='bbox 874 1507 1187 1573; x_wconf 88' lang='lat' dir='ltr'><strong>universis,</strong></span> <span class='ocrx_word' id='word_1_95' title='bbox 1217 1505 1553 1575; x_wconf 79' lang='lat' dir='ltr'><strong>cujusmodi</strong></span> <span class='ocrx_word' id='word_1_96' title='bbox 1587 1510 1749 1575; x_wconf 91' lang='lat' dir='ltr'><strong>sunt,</strong></span> <span class='ocrx_word' id='word_1_97' title='bbox 1782 1521 1909 1575; x_wconf 90' lang='lat' dir='ltr'><strong>ens,</strong></span> <span class='ocrx_word' id='word_1_98' title='bbox 1941 1505 2089 1573; x_wconf 87' lang='lat' dir='ltr'><strong>vita,</strong></span> 
     </span>
    </p>
   </div>
   <div class='ocr_carea' id='block_1_17' title="bbox 435 1592 2087 1666">
    <p class='ocr_par' dir='ltr' id='par_1_17' title="bbox 435 1592 2087 1666">
     <span class='ocr_line' id='line_1_17' title="bbox 435 1592 2087 1666; baseline 0.001 -18"><span class='ocrx_word' id='word_1_99' title='bbox 435 1593 742 1665; x_wconf 85' lang='lat' dir='ltr'><strong>sapientia,</strong></span> <span class='ocrx_word' id='word_1_100' title='bbox 764 1598 821 1649; x_wconf 88' lang='lat' dir='ltr'><strong>et</strong></span> <span class='ocrx_word' id='word_1_101' title='bbox 843 1592 1234 1650; x_wconf 88' lang='lat' dir='ltr'><strong>similia.Cum</strong></span> <span class='ocrx_word' id='word_1_102' title='bbox 1258 1594 1439 1666; x_wconf 85' lang='lat' dir='ltr'><strong>igitur</strong></span> <span class='ocrx_word' id='word_1_103' title='bbox 1461 1598 1673 1650; x_wconf 89' lang='lat' dir='ltr'><strong>natura</strong></span> <span class='ocrx_word' id='word_1_104' title='bbox 1694 1598 1750 1650; x_wconf 91' lang='lat' dir='ltr'><strong>et</strong></span> <span class='ocrx_word' id='word_1_105' title='bbox 1772 1595 2087 1666; x_wconf 88' lang='lat' dir='ltr'><strong>scriptura,</strong></span> 
     </span>
    </p>
   </div>
   <div class='ocr_carea' id='block_1_18' title="bbox 439 1681 2089 1756">
    <p class='ocr_par' dir='ltr' id='par_1_18' title="bbox 439 1681 2089 1756">
     <span class='ocr_line' id='line_1_18' title="bbox 439 1681 2089 1756; baseline 0.001 -20"><span class='ocrx_word' id='word_1_106' title='bbox 439 1681 489 1736; x_wconf 89' lang='lat' dir='ltr'><strong>si</strong></span> <span class='ocrx_word' id='word_1_107' title='bbox 523 1681 632 1737; x_wconf 92' lang='lat' dir='ltr'><strong>hoc</strong></span> <span class='ocrx_word' id='word_1_108' title='bbox 683 1683 855 1738; x_wconf 88' lang='lat' dir='ltr'><strong>modo</strong></span> <span class='ocrx_word' id='word_1_109' title='bbox 898 1683 1279 1756; x_wconf 87' lang='lat' dir='ltr'><strong>accipiantur,</strong></span> <span class='ocrx_word' id='word_1_110' title='bbox 1331 1684 1495 1739; x_wconf 66' lang='lat' dir='ltr'><strong>bona</strong></span> <span class='ocrx_word' id='word_1_111' title='bbox 1541 1684 1681 1752; x_wconf 89' lang='lat' dir='ltr'><strong>sint,</strong></span> <span class='ocrx_word' id='word_1_112' title='bbox 1713 1684 1842 1739; x_wconf 91' lang='lat' dir='ltr'><strong>ideo</strong></span> <span class='ocrx_word' id='word_1_113' title='bbox 1884 1682 2089 1738; x_wconf 67' lang='lat' dir='ltr'><strong>animm</strong></span> 
     </span>
    </p>
   </div>
   <div class='ocr_carea' id='block_1_19' title="bbox 439 1770 2086 1845">
    <p class='ocr_par' dir='ltr' id='par_1_19' title="bbox 439 1770 2086 1845">
     <span class='ocr_line' id='line_1_19' title="bbox 439 1770 2086 1845; baseline 0 -20"><span class='ocrx_word' id='word_1_114' title='bbox 439 1770 641 1826; x_wconf 88' lang='lat' dir='ltr'><strong>dolum</strong></span> <span class='ocrx_word' id='word_1_115' title='bbox 662 1777 716 1827; x_wconf 91' lang='lat' dir='ltr'><strong>et</strong></span> <span class='ocrx_word' id='word_1_116' title='bbox 744 1772 1032 1838; x_wconf 83' lang='lat' dir='ltr'><strong>fraudem,</strong></span> <span class='ocrx_word' id='word_1_117' title='bbox 1056 1789 1183 1845; x_wconf 76' lang='lat' dir='ltr'><strong>quas</strong></span> <span class='ocrx_word' id='word_1_118' title='bbox 1207 1789 1275 1828; x_wconf 84' lang='lat' dir='ltr'><strong>ex</strong></span> <span class='ocrx_word' id='word_1_119' title='bbox 1299 1789 1493 1828; x_wconf 90' lang='lat' dir='ltr'><strong>rerum</strong></span> <span class='ocrx_word' id='word_1_120' title='bbox 1518 1772 1843 1828; x_wconf 89' lang='lat' dir='ltr'><strong>visibilium</strong></span> <span class='ocrx_word' id='word_1_121' title='bbox 1870 1771 2086 1843; x_wconf 88' lang='lat' dir='ltr'><strong>specie,</strong></span> 
     </span>
    </p>
   </div>
   <div class='ocr_carea' id='block_1_20' title="bbox 2197 608 3853 687">
    <p class='ocr_par' dir='ltr' id='par_1_20' title="bbox 2197 608 3853 687">
     <span class='ocr_line' id='line_1_20' title="bbox 2197 608 3853 687; baseline -0.002 -20"><span class='ocrx_word' id='word_1_122' title='bbox 2197 609 2349 667; x_wconf 79' lang='grc' dir='ltr'>οἷ’νου</span> <span class='ocrx_word' id='word_1_123' title='bbox 2406 612 2610 684; x_wconf 75' lang='grc' dir='ltr'>ἐξιστᾷν</span> <span class='ocrx_word' id='word_1_124' title='bbox 2663 620 2765 682; x_wconf 79' lang='grc' dir='ltr'>τῆς</span> <span class='ocrx_word' id='word_1_125' title='bbox 2824 612 2900 674; x_wconf 75' lang='grc' dir='ltr'>εἷς</span> <span class='ocrx_word' id='word_1_126' title='bbox 2931 614 2988 667; x_wconf 77' lang='grc' dir='ltr'>σὲ</span> <span class='ocrx_word' id='word_1_127' title='bbox 3048 612 3298 675; x_wconf 76' lang='grc' dir='ltr'>πίστεως,</span> <span class='ocrx_word' id='word_1_128' title='bbox 3351 615 3555 687; x_wconf 82' lang='grc' dir='ltr'>⁰Ωσπερ</span> <span class='ocrx_word' id='word_1_129' title='bbox 3613 608 3669 665; x_wconf 69' lang='grc' dir='ltr'><strong>δὲ</strong></span> <span class='ocrx_word' id='word_1_130' title='bbox 3726 631 3853 664; x_wconf 86' lang='grc' dir='ltr'>τινα</span> 
     </span>
    </p>
   </div>
   <div class='ocr_carea' id='block_1_21' title="bbox 2198 701 3851 782">
    <p class='ocr_par' dir='ltr' id='par_1_21' title="bbox 2198 701 3851 782">
     <span class='ocr_line' id='line_1_21' title="bbox 2198 701 3851 782; baseline -0.002 -24"><span class='ocrx_word' id='word_1_131' title='bbox 2198 705 2461 778; x_wconf 81' lang='grc' dir='ltr'>ἀρώματα</span> <span class='ocrx_word' id='word_1_132' title='bbox 2536 702 2798 759; x_wconf 80' lang='grc' dir='ltr'>δοκοῦντα</span> <span class='ocrx_word' id='word_1_133' title='bbox 2860 703 3011 782; x_wconf 77' lang='grc' dir='ltr'>φύσει</span> <span class='ocrx_word' id='word_1_134' title='bbox 3082 706 3144 759; x_wconf 89' lang='grc' dir='ltr'>τὸ</span> <span class='ocrx_word' id='word_1_135' title='bbox 3220 701 3418 765; x_wconf 83' lang='grc' dir='ltr'>εὐῶδες</span> <span class='ocrx_word' id='word_1_136' title='bbox 3490 701 3669 776; x_wconf 80' lang='grc' dir='ltr'>ἔχειν,</span> <span class='ocrx_word' id='word_1_137' title='bbox 3719 701 3851 775; x_wconf 85' lang='grc' dir='ltr'>παρ’</span> 
     </span>
    </p>
   </div>
   <div class='ocr_carea' id='block_1_22' title="bbox 2198 790 3850 867">
    <p class='ocr_par' dir='ltr' id='par_1_22' title="bbox 2198 790 3850 867">
     <span class='ocr_line' id='line_1_22' title="bbox 2198 790 3850 867; baseline -0.002 -20"><span class='ocrx_word' id='word_1_138' title='bbox 2198 794 2407 853; x_wconf 71' lang='grc' dir='ltr'>ἑαυτοῖς</span> <span class='ocrx_word' id='word_1_139' title='bbox 2445 795 2583 867; x_wconf 84' lang='grc' dir='ltr'>πρὸς</span> <span class='ocrx_word' id='word_1_140' title='bbox 2642 791 2941 848; x_wconf 76' lang='grc' dir='ltr'>ἀπόλαυσιν</span> <span class='ocrx_word' id='word_1_141' title='bbox 3000 797 3109 848; x_wconf 89' lang='grc' dir='ltr'><strong>τῶν</strong></span> <span class='ocrx_word' id='word_1_142' title='bbox 3171 792 3225 847; x_wconf 74' lang='grc' dir='ltr'>ἐν</span> <span class='ocrx_word' id='word_1_143' title='bbox 3286 792 3441 865; x_wconf 86' lang='grc' dir='ltr'>σαρκῖ</span> <span class='ocrx_word' id='word_1_144' title='bbox 3499 791 3588 846; x_wconf 79' lang='grc' dir='ltr'><strong>καὶ</strong></span> <span class='ocrx_word' id='word_1_145' title='bbox 3646 790 3850 862; x_wconf 83' lang='grc' dir='ltr'>κόσμῳ</span> 
     </span>
    </p>
   </div>
   <div class='ocr_carea' id='block_1_23' title="bbox 2199 880 3850 959">
    <p class='ocr_par' dir='ltr' id='par_1_23' title="bbox 2199 880 3850 959">
     <span class='ocr_line' id='line_1_23' title="bbox 2199 880 3850 959; baseline -0.002 -23"><span class='ocrx_word' id='word_1_146' title='bbox 2199 881 2524 959; x_wconf 78' lang='grc' dir='ltr'>ὲφὲλκεται’</span> <span class='ocrx_word' id='word_1_147' title='bbox 2585 883 2757 939; x_wconf 73' lang='grc' dir='ltr'>οὕτως</span> <span class='ocrx_word' id='word_1_148' title='bbox 2828 885 2863 952; x_wconf 82' lang='grc' dir='ltr'><strong>ἡ</strong></span> <span class='ocrx_word' id='word_1_149' title='bbox 2942 884 3118 945; x_wconf 88' lang='grc' dir='ltr'>κτίσις</span> <span class='ocrx_word' id='word_1_150' title='bbox 3188 881 3279 936; x_wconf 87' lang='grc' dir='ltr'><strong>καὶ</strong></span> <span class='ocrx_word' id='word_1_151' title='bbox 3339 884 3373 950; x_wconf 78' lang='grc' dir='ltr'>ἡ</span> <span class='ocrx_word' id='word_1_152' title='bbox 3430 882 3614 958; x_wconf 79' lang='grc' dir='ltr'>Γραφή</span> <span class='ocrx_word' id='word_1_153' title='bbox 3673 880 3850 934; x_wconf 73' lang='grc' dir='ltr'>οἱονεὶ</span> 
     </span>
    </p>
   </div>
   <div class='ocr_carea' id='block_1_24' title="bbox 2201 970 3851 1047">
    <p class='ocr_par' dir='ltr' id='par_1_24' title="bbox 2201 970 3851 1047">
     <span class='ocr_line' id='line_1_24' title="bbox 2201 970 3851 1047; baseline -0.001 -23"><span class='ocrx_word' id='word_1_154' title='bbox 2201 971 2385 1047; x_wconf 83' lang='grc' dir='ltr'>μύρων</span> <span class='ocrx_word' id='word_1_155' title='bbox 2446 972 2591 1045; x_wconf 84' lang='grc' dir='ltr'>ὀσμὴ</span> <span class='ocrx_word' id='word_1_156' title='bbox 2648 973 2715 1027; x_wconf 78' lang='grc' dir='ltr'><strong>τά</strong></span> <span class='ocrx_word' id='word_1_157' title='bbox 2771 972 2836 1026; x_wconf 73' lang='grc' dir='ltr'><strong>σὰ</strong></span> <span class='ocrx_word' id='word_1_158' title='bbox 2894 972 3159 1045; x_wconf 73' lang='grc' dir='ltr'><strong>μηνύουσι</strong></span> <span class='ocrx_word' id='word_1_159' title='bbox 3219 972 3529 1043; x_wconf 77' lang='grc' dir='ltr'>θελήματα.</span> <span class='ocrx_word' id='word_1_160' title='bbox 3593 975 3703 1039; x_wconf 78' lang='grc' dir='ltr'><strong>Τῆς</strong></span> <span class='ocrx_word' id='word_1_161' title='bbox 3743 970 3851 1044; x_wconf 75' lang='grc' dir='ltr'><strong>γὰρ</strong></span> 
     </span>
    </p>
   </div>
   <div class='ocr_carea' id='block_1_25' title="bbox 2200 1057 3855 1136">
    <p class='ocr_par' dir='ltr' id='par_1_25' title="bbox 2200 1057 3855 1136">
     <span class='ocr_line' id='line_1_25' title="bbox 2200 1057 3855 1136; baseline -0.002 -21"><span class='ocrx_word' id='word_1_162' title='bbox 2200 1060 2536 1136; x_wconf 87' lang='grc' dir='ltr'>ἀγαθότητός</span> <span class='ocrx_word' id='word_1_163' title='bbox 2582 1082 2699 1127; x_wconf 89' lang='grc' dir='ltr'>σου,</span> <span class='ocrx_word' id='word_1_164' title='bbox 2760 1063 2849 1115; x_wconf 79' lang='grc' dir='ltr'><strong>οἷα</strong></span> <span class='ocrx_word' id='word_1_165' title='bbox 2911 1060 3085 1134; x_wconf 86' lang='grc' dir='ltr'>μύρου</span> <span class='ocrx_word' id='word_1_166' title='bbox 3145 1059 3535 1119; x_wconf 78' lang='grc' dir='ltr'>ἐκκενωθὲντος</span> <span class='ocrx_word' id='word_1_167' title='bbox 3591 1057 3855 1133; x_wconf 81' lang='grc' dir='ltr'>χεθείσης</span> 
     </span>
    </p>
   </div>
   <div class='ocr_carea' id='block_1_26' title="bbox 2200 1144 3853 1221">
    <p class='ocr_par' dir='ltr' id='par_1_26' title="bbox 2200 1144 3853 1221">
     <span class='ocr_line' id='line_1_26' title="bbox 2200 1144 3853 1221; baseline -0.002 -18"><span class='ocrx_word' id='word_1_168' title='bbox 2200 1149 2274 1211; x_wconf 81' lang='grc' dir='ltr'>εἷς</span> <span class='ocrx_word' id='word_1_169' title='bbox 2333 1150 2506 1204; x_wconf 83' lang='grc' dir='ltr'>πάντα</span> <span class='ocrx_word' id='word_1_170' title='bbox 2555 1148 2621 1203; x_wconf 81' lang='grc' dir='ltr'>τὰ</span> <span class='ocrx_word' id='word_1_171' title='bbox 2660 1144 2786 1203; x_wconf 82' lang='grc' dir='ltr'>ὄντα</span> <span class='ocrx_word' id='word_1_172' title='bbox 2831 1149 2969 1203; x_wconf 88' lang='grc' dir='ltr'><strong>κατά</strong></span> <span class='ocrx_word' id='word_1_173' title='bbox 3015 1145 3325 1221; x_wconf 79' lang='grc' dir='ltr'><strong>μετάδοσιν,</strong></span> <span class='ocrx_word' id='word_1_174' title='bbox 3358 1146 3417 1201; x_wconf 80' lang='grc' dir='ltr'>ἐκ</span> <span class='ocrx_word' id='word_1_175' title='bbox 3445 1146 3546 1213; x_wconf 72' lang='grc' dir='ltr'>τῆς</span> <span class='ocrx_word' id='word_1_176' title='bbox 3581 1145 3853 1221; x_wconf 80' lang='grc' dir='ltr'><strong>ἐνεργείας</strong></span> 
     </span>
    </p>
   </div>
   <div class='ocr_carea' id='block_1_27' title="bbox 2199 1234 3858 1315">
    <p class='ocr_par' dir='ltr' id='par_1_27' title="bbox 2199 1234 3858 1315">
     <span class='ocr_line' id='line_1_27' title="bbox 2199 1234 3858 1315; baseline -0.002 -24"><span class='ocrx_word' id='word_1_177' title='bbox 2199 1238 2274 1299; x_wconf 88' lang='grc' dir='ltr'>ὡς</span> <span class='ocrx_word' id='word_1_178' title='bbox 2326 1242 2433 1292; x_wconf 90' lang='grc' dir='ltr'><strong>τῶν</strong></span> <span class='ocrx_word' id='word_1_179' title='bbox 2491 1236 2637 1292; x_wconf 79' lang='grc' dir='ltr'>ὅλων</span> <span class='ocrx_word' id='word_1_180' title='bbox 2691 1234 2867 1298; x_wconf 78' lang='grc' dir='ltr'>αἶ’τιος</span> <span class='ocrx_word' id='word_1_181' title='bbox 2918 1236 3245 1315; x_wconf 80' lang='grc' dir='ltr'>καταφάσκει</span> <span class='ocrx_word' id='word_1_182' title='bbox 3300 1240 3419 1299; x_wconf 87' lang='grc' dir='ltr'>τοῖς</span> <span class='ocrx_word' id='word_1_183' title='bbox 3468 1235 3698 1307; x_wconf 84' lang='grc' dir='ltr'>ὀνόμασι</span> <span class='ocrx_word' id='word_1_184' title='bbox 3742 1238 3858 1289; x_wconf 83' lang='grc' dir='ltr'><strong>τῶν</strong></span> 
     </span>
    </p>
   </div>
   <div class='ocr_carea' id='block_1_28' title="bbox 2203 1323 3856 1402">
    <p class='ocr_par' dir='ltr' id='par_1_28' title="bbox 2203 1323 3856 1402">
     <span class='ocr_line' id='line_1_28' title="bbox 2203 1323 3856 1402; baseline -0.003 -21"><span class='ocrx_word' id='word_1_185' title='bbox 2203 1331 2475 1402; x_wconf 80' lang='grc' dir='ltr'>μετοχῶν·</span> <span class='ocrx_word' id='word_1_186' title='bbox 2538 1327 2671 1398; x_wconf 78' lang='grc' dir='ltr'>ἅπερ</span> <span class='ocrx_word' id='word_1_187' title='bbox 2725 1325 2828 1381; x_wconf 70' lang='grc' dir='ltr'>εῗσὶ</span> <span class='ocrx_word' id='word_1_188' title='bbox 2852 1327 2914 1381; x_wconf 86' lang='grc' dir='ltr'>τὸ</span> <span class='ocrx_word' id='word_1_189' title='bbox 2948 1325 3030 1393; x_wconf 77' lang='grc' dir='ltr'><strong>ὅν,</strong></span> <span class='ocrx_word' id='word_1_190' title='bbox 3080 1329 3114 1395; x_wconf 82' lang='grc' dir='ltr'>ἡ</span> <span class='ocrx_word' id='word_1_191' title='bbox 3173 1326 3308 1397; x_wconf 81' lang='grc' dir='ltr'>ζωὴ,</span> <span class='ocrx_word' id='word_1_192' title='bbox 3364 1328 3399 1394; x_wconf 75' lang='grc' dir='ltr'><strong>ἡ</strong></span> <span class='ocrx_word' id='word_1_193' title='bbox 3442 1324 3626 1402; x_wconf 78' lang='grc' dir='ltr'>σοφία,</span> <span class='ocrx_word' id='word_1_194' title='bbox 3657 1323 3749 1379; x_wconf 81' lang='grc' dir='ltr'><strong>καὶ</strong></span> <span class='ocrx_word' id='word_1_195' title='bbox 3781 1324 3856 1378; x_wconf 68' lang='grc' dir='ltr'>τὶ</span> 
     </span>
    </p>
   </div>
   <div class='ocr_carea' id='block_1_29' title="bbox 2198 1410 3853 1489">
    <p class='ocr_par' dir='ltr' id='par_1_29' title="bbox 2198 1410 3853 1489">
     <span class='ocr_line' id='line_1_29' title="bbox 2198 1410 3853 1489; baseline -0.003 -18"><span class='ocrx_word' id='word_1_196' title='bbox 2198 1416 2385 1489; x_wconf 76' lang='grc' dir='ltr'>ὅμοια.</span> <span class='ocrx_word' id='word_1_197' title='bbox 2442 1418 2565 1474; x_wconf 81' lang='grc' dir='ltr'>’Ότι</span> <span class='ocrx_word' id='word_1_198' title='bbox 2620 1413 2666 1470; x_wconf 84' lang='grc' dir='ltr'><strong>δ’</strong></span> <span class='ocrx_word' id='word_1_199' title='bbox 2724 1416 2866 1471; x_wconf 74' lang='grc' dir='ltr'>οὕτω</span> <span class='ocrx_word' id='word_1_200' title='bbox 2924 1410 3337 1488; x_wconf 75' lang='grc' dir='ltr'>λαμϐανόμεναι</span> <span class='ocrx_word' id='word_1_201' title='bbox 3368 1417 3403 1484; x_wconf 76' lang='grc' dir='ltr'><strong>ἡ</strong></span> <span class='ocrx_word' id='word_1_202' title='bbox 3455 1414 3627 1475; x_wconf 86' lang='grc' dir='ltr'>κτίσις</span> <span class='ocrx_word' id='word_1_203' title='bbox 3670 1414 3762 1467; x_wconf 79' lang='grc' dir='ltr'><strong>καὶ</strong></span> <span class='ocrx_word' id='word_1_204' title='bbox 3815 1415 3853 1481; x_wconf 77' lang='grc' dir='ltr'>ἡ</span> 
     </span>
    </p>
   </div>
   <div class='ocr_carea' id='block_1_30' title="bbox 2199 1501 3858 1582">
    <p class='ocr_par' dir='ltr' id='par_1_30' title="bbox 2199 1501 3858 1582">
     <span class='ocr_line' id='line_1_30' title="bbox 2199 1501 3858 1582; baseline -0.003 -22"><span class='ocrx_word' id='word_1_205' title='bbox 2199 1506 2384 1582; x_wconf 76' lang='grc' dir='ltr'>Γραφὴ</span> <span class='ocrx_word' id='word_1_206' title='bbox 2445 1504 2634 1579; x_wconf 80' lang='grc' dir='ltr'>ἀγαθαί</span> <span class='ocrx_word' id='word_1_207' title='bbox 2693 1502 2965 1571; x_wconf 83' lang='grc' dir='ltr'>εἶσιν,διά</span> <span class='ocrx_word' id='word_1_208' title='bbox 2992 1508 3153 1559; x_wconf 87' lang='grc' dir='ltr'>τοῦτο</span> <span class='ocrx_word' id='word_1_209' title='bbox 3195 1505 3249 1559; x_wconf 74' lang='grc' dir='ltr'>αἱ</span> <span class='ocrx_word' id='word_1_210' title='bbox 3306 1505 3405 1573; x_wconf 79' lang='grc' dir='ltr'><strong>τήν</strong></span> <span class='ocrx_word' id='word_1_211' title='bbox 3464 1503 3524 1558; x_wconf 74' lang='grc' dir='ltr'>ἐκ</span> <span class='ocrx_word' id='word_1_212' title='bbox 3578 1509 3677 1572; x_wconf 74' lang='grc' dir='ltr'><strong>τῆς</strong></span> <span class='ocrx_word' id='word_1_213' title='bbox 3738 1501 3858 1556; x_wconf 58' lang='grc' dir='ltr'>ἐπιδ</span> 
     </span>
    </p>
   </div>
   <div class='ocr_carea' id='block_1_31' title="bbox 2200 1590 3853 1672">
    <p class='ocr_par' dir='ltr' id='par_1_31' title="bbox 2200 1590 3853 1672">
     <span class='ocr_line' id='line_1_31' title="bbox 2200 1590 3853 1672; baseline -0.004 -23"><span class='ocrx_word' id='word_1_214' title='bbox 2200 1594 2415 1672; x_wconf 83' lang='grc' dir='ltr'>φανείας</span> <span class='ocrx_word' id='word_1_215' title='bbox 2463 1598 2569 1649; x_wconf 90' lang='grc' dir='ltr'><strong>τῶν</strong></span> <span class='ocrx_word' id='word_1_216' title='bbox 2646 1595 2855 1669; x_wconf 81' lang='grc' dir='ltr'>ὁρατῶν</span> <span class='ocrx_word' id='word_1_217' title='bbox 2924 1594 3014 1647; x_wconf 80' lang='grc' dir='ltr'><strong>καὶ</strong></span> <span class='ocrx_word' id='word_1_218' title='bbox 3094 1596 3189 1647; x_wconf 85' lang='grc' dir='ltr'><strong>τοῦ</strong></span> <span class='ocrx_word' id='word_1_219' title='bbox 3256 1590 3581 1668; x_wconf 83' lang='grc' dir='ltr'>γράμματος</span> <span class='ocrx_word' id='word_1_220' title='bbox 3637 1590 3853 1659; x_wconf 86' lang='grc' dir='ltr'>ἀπάτην</span> 
     </span>
    </p>
   </div>
   <div class='ocr_carea' id='block_1_32' title="bbox 2199 1681 3855 1761">
    <p class='ocr_par' dir='ltr' id='par_1_32' title="bbox 2199 1681 3855 1761">
     <span class='ocr_line' id='line_1_32' title="bbox 2199 1681 3855 1761; baseline -0.002 -24"><span class='ocrx_word' id='word_1_221' title='bbox 2199 1687 2461 1761; x_wconf 82' lang='grc' dir='ltr'>φυγοῦσαι</span> <span class='ocrx_word' id='word_1_222' title='bbox 2509 1683 2732 1759; x_wconf 83' lang='grc' dir='ltr'>ψυχαὶ,</span> <span class='ocrx_word' id='word_1_223' title='bbox 2784 1683 3065 1746; x_wconf 87' lang='grc' dir='ltr'>κάντεῦθεν</span> <span class='ocrx_word' id='word_1_224' title='bbox 3115 1681 3206 1736; x_wconf 88' lang='grc' dir='ltr'>τὸν</span> <span class='ocrx_word' id='word_1_225' title='bbox 3254 1682 3496 1756; x_wconf 86' lang='grc' dir='ltr'>πονηρὸν</span> <span class='ocrx_word' id='word_1_226' title='bbox 3558 1682 3855 1750; x_wconf 71' lang='grc' dir='ltr'>νικήσασαι</span> 
     </span>
    </p>
   </div>
   <div class='ocr_carea' id='block_1_33' title="bbox 2200 1768 3857 1841">
    <p class='ocr_par' dir='ltr' id='par_1_33' title="bbox 2200 1768 3857 1841">
     <span class='ocr_line' id='line_1_33' title="bbox 2200 1768 3857 1841; baseline -0.004 -13"><span class='ocrx_word' id='word_1_227' title='bbox 2200 1773 2291 1828; x_wconf 82' lang='grc' dir='ltr'><strong>σὺν</strong></span> <span class='ocrx_word' id='word_1_228' title='bbox 2348 1778 2466 1837; x_wconf 85' lang='grc' dir='ltr'>τοῖς</span> <span class='ocrx_word' id='word_1_229' title='bbox 2520 1774 2762 1827; x_wconf 67' lang='grc' dir='ltr'>πάθεσιν*</span> <span class='ocrx_word' id='word_1_230' title='bbox 2824 1768 2909 1826; x_wconf 84' lang='grc' dir='ltr'>διὸ</span> <span class='ocrx_word' id='word_1_231' title='bbox 2966 1770 3057 1826; x_wconf 85' lang='grc' dir='ltr'><strong>καὶ</strong></span> <span class='ocrx_word' id='word_1_232' title='bbox 3109 1768 3344 1835; x_wconf 71' lang='grc' dir='ltr'>νεάνιδες</span> <span class='ocrx_word' id='word_1_233' title='bbox 3418 1771 3710 1841; x_wconf 75' lang='grc' dir='ltr'>κέκληνται</span> <span class='ocrx_word' id='word_1_234' title='bbox 3759 1768 3857 1823; x_wconf 76' lang='grc' dir='ltr'><strong>καὶ</strong></span> 
     </span>
    </p>
   </div>
   <div class='ocr_carea' id='block_1_34' title="bbox 445 1856 2100 1960">
    <p class='ocr_par' dir='ltr' id='par_1_34' title="bbox 445 1859 2091 1933">
     <span class='ocr_line' id='line_1_34' title="bbox 445 1859 2091 1933; baseline 0.001 -19"><span class='ocrx_word' id='word_1_235' title='bbox 445 1863 503 1914; x_wconf 89' lang='lat' dir='ltr'><strong>et</strong></span> <span class='ocrx_word' id='word_1_236' title='bbox 532 1875 598 1915; x_wconf 85' lang='lat' dir='ltr'><strong>ex</strong></span> <span class='ocrx_word' id='word_1_237' title='bbox 630 1859 830 1915; x_wconf 76' lang='lat' dir='ltr'><strong>litterze</strong></span> <span class='ocrx_word' id='word_1_238' title='bbox 883 1878 1025 1917; x_wconf 91' lang='lat' dir='ltr'><strong>sono</strong></span> <span class='ocrx_word' id='word_1_239' title='bbox 1079 1862 1364 1933; x_wconf 87' lang='lat' dir='ltr'><strong>provenit,</strong></span> <span class='ocrx_word' id='word_1_240' title='bbox 1417 1861 1721 1928; x_wconf 88' lang='lat' dir='ltr'><strong>evitantes,</strong></span> <span class='ocrx_word' id='word_1_241' title='bbox 1769 1860 2002 1916; x_wconf 89' lang='lat' dir='ltr'><strong>diabolo</strong></span> <span class='ocrx_word' id='word_1_242' title='bbox 2033 1864 2091 1916; x_wconf 83' lang='lat' dir='ltr'><strong>et</strong></span> 
     </span>
    </p>
   </div>
   <div class='ocr_carea' id='block_1_35' title="bbox 2213 1856 3856 1960">
    <p class='ocr_par' dir='ltr' id='par_1_35' title="bbox 2213 1856 3856 1939">
     <span class='ocr_line' id='line_1_35' title="bbox 2213 1856 3856 1939; baseline -0.003 -22"><span class='ocrx_word' id='word_1_243' title='bbox 2213 1864 2483 1939; x_wconf 67' lang='grc' dir='ltr'>ἡγάπησάν</span> <span class='ocrx_word' id='word_1_244' title='bbox 2539 1883 2615 1929; x_wconf 86' lang='grc' dir='ltr'><strong>σε,</strong></span> <span class='ocrx_word' id='word_1_245' title='bbox 2674 1861 3023 1936; x_wconf 83' lang='grc' dir='ltr'>ἀγαπήσασαι</span> <span class='ocrx_word' id='word_1_246' title='bbox 3082 1858 3140 1915; x_wconf 74' lang='grc' dir='ltr'><strong>δέ</strong></span> <span class='ocrx_word' id='word_1_247' title='bbox 3170 1882 3227 1915; x_wconf 84' lang='grc' dir='ltr'><strong>σε</strong></span> <span class='ocrx_word' id='word_1_248' title='bbox 3282 1861 3341 1915; x_wconf 85' lang='grc' dir='ltr'><strong>’ὀν</strong></span> <span class='ocrx_word' id='word_1_249' title='bbox 3394 1856 3455 1914; x_wconf 80' lang='grc' dir='ltr'>ἔκ</span> <span class='ocrx_word' id='word_1_250' title='bbox 3505 1880 3564 1914; x_wconf 91' lang='grc' dir='ltr'><strong>τε</strong></span> <span class='ocrx_word' id='word_1_251' title='bbox 3590 1864 3687 1915; x_wconf 88' lang='grc' dir='ltr'><strong>τοῦ</strong></span> <span class='ocrx_word' id='word_1_252' title='bbox 3713 1878 3856 1934; x_wconf 84' lang='grc' dir='ltr'>γρα-</span> 
     </span>
    </p>
   </div>
   <div class='ocr_carea' id='block_1_36' title="bbox 447 1949 2090 2022">
    <p class='ocr_par' dir='ltr' id='par_1_36' title="bbox 447 1949 2090 2022">
     <span class='ocr_line' id='line_1_36' title="bbox 447 1949 2090 2022; baseline 0.001 -18"><span class='ocrx_word' id='word_1_253' title='bbox 447 1949 992 2019; x_wconf 75' lang='lat' dir='ltr'><strong>perturbationibus</strong></span> <span class='ocrx_word' id='word_1_254' title='bbox 1010 1951 1329 2022; x_wconf 83' lang='lat' dir='ltr'><strong>superatis,</strong></span> <span class='ocrx_word' id='word_1_255' title='bbox 1354 1967 1423 2006; x_wconf 83' lang='lat' dir='ltr'><strong>ex</strong></span> <span class='ocrx_word' id='word_1_256' title='bbox 1454 1968 1569 2022; x_wconf 92' lang='lat' dir='ltr'><strong>quo</strong></span> <span class='ocrx_word' id='word_1_257' title='bbox 1594 1956 1651 2006; x_wconf 89' lang='lat' dir='ltr'><strong>et</strong></span> <span class='ocrx_word' id='word_1_258' title='bbox 1681 1950 2090 2006; x_wconf 90' lang='lat' dir='ltr'><strong>adolescentu-</strong></span> 
     </span>
    </p>
   </div>
   <div class='ocr_carea' id='block_1_37' title="bbox 440 2037 2092 2112">
    <p class='ocr_par' dir='ltr' id='par_1_37' title="bbox 440 2037 2092 2112">
     <span class='ocr_line' id='line_1_37' title="bbox 440 2037 2092 2112; baseline 0.001 -20"><span class='ocrx_word' id='word_1_259' title='bbox 440 2037 510 2093; x_wconf 69' lang='lat' dir='ltr'><strong>lae</strong></span> <span class='ocrx_word' id='word_1_260' title='bbox 541 2044 679 2094; x_wconf 92' lang='lat' dir='ltr'><strong>sunt</strong></span> <span class='ocrx_word' id='word_1_261' title='bbox 709 2039 1553 2112; x_wconf 64' lang='lat' dir='ltr'><strong>appellatm,dilexeruntte.Te</strong></span> <span class='ocrx_word' id='word_1_262' title='bbox 1600 2044 1795 2095; x_wconf 89' lang='lat' dir='ltr'><strong>autem</strong></span> <span class='ocrx_word' id='word_1_263' title='bbox 1848 2038 2092 2110; x_wconf 83' lang='lat' dir='ltr'><strong>diligen-</strong></span> 
     </span>
    </p>
   </div>
   <div class='ocr_carea' id='block_1_38' title="bbox 446 2126 2095 2200">
    <p class='ocr_par' dir='ltr' id='par_1_38' title="bbox 446 2126 2095 2200">
     <span class='ocr_line' id='line_1_38' title="bbox 446 2126 2095 2200; baseline 0.001 -18"><span class='ocrx_word' id='word_1_264' title='bbox 446 2132 559 2193; x_wconf 88' lang='lat' dir='ltr'><strong>tes,</strong></span> <span class='ocrx_word' id='word_1_265' title='bbox 591 2145 765 2199; x_wconf 88' lang='lat' dir='ltr'><strong>quem</strong></span> <span class='ocrx_word' id='word_1_266' title='bbox 820 2146 888 2184; x_wconf 80' lang='lat' dir='ltr'><strong>ex</strong></span> <span class='ocrx_word' id='word_1_267' title='bbox 921 2128 1049 2199; x_wconf 85' lang='lat' dir='ltr'><strong>lege</strong></span> <span class='ocrx_word' id='word_1_268' title='bbox 1097 2133 1225 2184; x_wconf 90' lang='lat' dir='ltr'><strong>tum</strong></span> <span class='ocrx_word' id='word_1_269' title='bbox 1272 2128 1496 2200; x_wconf 90' lang='lat' dir='ltr'><strong>scripta</strong></span> <span class='ocrx_word' id='word_1_270' title='bbox 1521 2133 1660 2184; x_wconf 90' lang='lat' dir='ltr'><strong>tunc</strong></span> <span class='ocrx_word' id='word_1_271' title='bbox 1686 2126 1940 2183; x_wconf 89' lang='lat' dir='ltr'><strong>naturali</strong></span> <span class='ocrx_word' id='word_1_272' title='bbox 1964 2144 2095 2183; x_wconf 90' lang='lat' dir='ltr'><strong>esse</strong></span> 
     </span>
    </p>
   </div>
   <div class='ocr_carea' id='block_1_39' title="bbox 453 2216 2095 2290">
    <p class='ocr_par' dir='ltr' id='par_1_39' title="bbox 453 2216 2095 2290">
     <span class='ocr_line' id='line_1_39' title="bbox 453 2216 2095 2290; baseline 0 -19"><span class='ocrx_word' id='word_1_273' title='bbox 453 2233 741 2289; x_wconf 88' lang='lat' dir='ltr'><strong>sponsum</strong></span> <span class='ocrx_word' id='word_1_274' title='bbox 777 2218 1077 2273; x_wconf 90' lang='lat' dir='ltr'><strong>Christum</strong></span> <span class='ocrx_word' id='word_1_275' title='bbox 1142 2218 1568 2284; x_wconf 81' lang='lat' dir='ltr'><strong>intellexerant,</strong></span> <span class='ocrx_word' id='word_1_276' title='bbox 1600 2234 1630 2273; x_wconf 90' lang='lat' dir='ltr'><strong>e</strong></span> <span class='ocrx_word' id='word_1_277' title='bbox 1660 2222 1902 2290; x_wconf 88' lang='lat' dir='ltr'><strong>paterno</strong></span> <span class='ocrx_word' id='word_1_278' title='bbox 1961 2216 2095 2272; x_wconf 84' lang='lat' dir='ltr'><strong>sinu</strong></span> 
     </span>
    </p>
   </div>
   <div class='ocr_carea' id='block_1_40' title="bbox 452 2304 2099 2377">
    <p class='ocr_par' dir='ltr' id='par_1_40' title="bbox 452 2304 2099 2377">
     <span class='ocr_line' id='line_1_40' title="bbox 452 2304 2099 2377; baseline 0.001 -19"><span class='ocrx_word' id='word_1_279' title='bbox 452 2306 757 2359; x_wconf 84' lang='lat' dir='ltr'><strong>traxerunt</strong></span> <span class='ocrx_word' id='word_1_280' title='bbox 787 2308 864 2373; x_wconf 90' lang='lat' dir='ltr'><strong>te,</strong></span> <span class='ocrx_word' id='word_1_281' title='bbox 916 2305 1013 2375; x_wconf 91' lang='lat' dir='ltr'><strong>qui</strong></span> <span class='ocrx_word' id='word_1_282' title='bbox 1066 2310 1304 2377; x_wconf 87' lang='lat' dir='ltr'><strong>propter</strong></span> <span class='ocrx_word' id='word_1_283' title='bbox 1342 2304 1475 2361; x_wconf 90' lang='lat' dir='ltr'><strong>illos</strong></span> <span class='ocrx_word' id='word_1_284' title='bbox 1528 2305 1627 2377; x_wconf 91' lang='lat' dir='ltr'><strong>qui</strong></span> <span class='ocrx_word' id='word_1_285' title='bbox 1679 2304 1926 2361; x_wconf 86' lang='lat' dir='ltr'><strong>salutem</strong></span> <span class='ocrx_word' id='word_1_286' title='bbox 1958 2308 2099 2360; x_wconf 89' lang='lat' dir='ltr'><strong>sunt</strong></span> 
     </span>
    </p>
   </div>
   <div class='ocr_carea' id='block_1_41' title="bbox 457 2392 2097 2467">
    <p class='ocr_par' dir='ltr' id='par_1_41' title="bbox 457 2392 2097 2467">
     <span class='ocr_line' id='line_1_41' title="bbox 457 2392 2097 2467; baseline 0.002 -20"><span class='ocrx_word' id='word_1_287' title='bbox 457 2392 747 2464; x_wconf 89' lang='lat' dir='ltr'><strong>adepturi,</strong></span> <span class='ocrx_word' id='word_1_288' title='bbox 770 2392 829 2447; x_wconf 90' lang='lat' dir='ltr'><strong>in</strong></span> <span class='ocrx_word' id='word_1_289' title='bbox 859 2409 1032 2449; x_wconf 91' lang='lat' dir='ltr'><strong>carne</strong></span> <span class='ocrx_word' id='word_1_290' title='bbox 1056 2394 1287 2450; x_wconf 85' lang='lat' dir='ltr'><strong>venisti.</strong></span> <span class='ocrx_word' id='word_1_291' title='bbox 1312 2394 1595 2467; x_wconf 71' lang='lat' dir='ltr'><strong>Deinceps</strong></span> <span class='ocrx_word' id='word_1_292' title='bbox 1617 2395 1810 2466; x_wconf 88' lang='lat' dir='ltr'><strong>inquit</strong></span> <span class='ocrx_word' id='word_1_293' title='bbox 1841 2413 1853 2451; x_wconf 90' lang='lat'>:</span> <span class='ocrx_word' id='word_1_294' title='bbox 1888 2397 1951 2450; x_wconf 88' lang='lat' dir='ltr'><strong>In</strong></span> <span class='ocrx_word' id='word_1_295' title='bbox 1972 2394 2097 2451; x_wconf 87' lang='lat' dir='ltr'><strong>odo-</strong></span> 
     </span>
    </p>
   </div>
   <div class='ocr_carea' id='block_1_42' title="bbox 453 2485 2096 2555">
    <p class='ocr_par' dir='ltr' id='par_1_42' title="bbox 453 2485 2096 2555">
     <span class='ocr_line' id='line_1_42' title="bbox 453 2485 2096 2555; baseline 0.002 -19"><span class='ocrx_word' id='word_1_296' title='bbox 453 2498 571 2537; x_wconf 82' lang='lat' dir='ltr'><strong>rem</strong></span> <span class='ocrx_word' id='word_1_297' title='bbox 620 2487 1028 2552; x_wconf 83' lang='lat' dir='ltr'><strong>unguentorum</strong></span> <span class='ocrx_word' id='word_1_298' title='bbox 1072 2487 1293 2540; x_wconf 81' lang='lat' dir='ltr'><strong>tuorum</strong></span> <span class='ocrx_word' id='word_1_299' title='bbox 1343 2501 1648 2553; x_wconf 69' lang='lat' dir='ltr'><strong>curramus,</strong></span> <span class='ocrx_word' id='word_1_300' title='bbox 1681 2485 1739 2539; x_wconf 90' lang='lat' dir='ltr'><strong>id</strong></span> <span class='ocrx_word' id='word_1_301' title='bbox 1771 2490 1860 2540; x_wconf 92' lang='lat' dir='ltr'><strong>est</strong></span> <span class='ocrx_word' id='word_1_302' title='bbox 1890 2500 2096 2555; x_wconf 89' lang='lat' dir='ltr'><strong>seque-</strong></span> 
     </span>
    </p>
   </div>
   <div class='ocr_carea' id='block_1_43' title="bbox 458 2574 2095 2645">
    <p class='ocr_par' dir='ltr' id='par_1_43' title="bbox 458 2574 2095 2645">
     <span class='ocr_line' id='line_1_43' title="bbox 458 2574 2095 2645; baseline 0.001 -20"><span class='ocrx_word' id='word_1_303' title='bbox 458 2588 592 2625; x_wconf 90' lang='lat' dir='ltr'><strong>mur</strong></span> <span class='ocrx_word' id='word_1_304' title='bbox 621 2576 697 2641; x_wconf 90' lang='lat' dir='ltr'><strong>te,</strong></span> <span class='ocrx_word' id='word_1_305' title='bbox 741 2589 963 2628; x_wconf 91' lang='lat' dir='ltr'><strong>morem</strong></span> <span class='ocrx_word' id='word_1_306' title='bbox 1014 2577 1188 2645; x_wconf 90' lang='lat' dir='ltr'><strong>atque</strong></span> <span class='ocrx_word' id='word_1_307' title='bbox 1236 2574 1573 2629; x_wconf 83' lang='lat' dir='ltr'><strong>institutum</strong></span> <span class='ocrx_word' id='word_1_308' title='bbox 1624 2574 1946 2639; x_wconf 88' lang='lat' dir='ltr'><strong>imitantes,</strong></span> <span class='ocrx_word' id='word_1_309' title='bbox 1981 2590 2095 2645; x_wconf 90' lang='lat' dir='ltr'><strong>quo</strong></span> 
     </span>
    </p>
   </div>
   <div class='ocr_carea' id='block_1_44' title="bbox 457 2661 2095 2735">
    <p class='ocr_par' dir='ltr' id='par_1_44' title="bbox 457 2661 2095 2735">
     <span class='ocr_line' id='line_1_44' title="bbox 457 2661 2095 2735; baseline 0.001 -20"><span class='ocrx_word' id='word_1_310' title='bbox 457 2677 564 2717; x_wconf 91' lang='lat' dir='ltr'><strong>nos</strong></span> <span class='ocrx_word' id='word_1_311' title='bbox 595 2661 663 2716; x_wconf 89' lang='lat' dir='ltr'><strong>ad</strong></span> <span class='ocrx_word' id='word_1_312' title='bbox 698 2677 936 2717; x_wconf 89' lang='lat' dir='ltr'><strong>sensum</strong></span> <span class='ocrx_word' id='word_1_313' title='bbox 968 2662 1203 2734; x_wconf 72' lang='lat' dir='ltr'><strong>optima:</strong></span> <span class='ocrx_word' id='word_1_314' title='bbox 1234 2663 1554 2718; x_wconf 82' lang='lat' dir='ltr'><strong>voluntatis</strong></span> <span class='ocrx_word' id='word_1_315' title='bbox 1593 2668 1706 2718; x_wconf 71' lang='lat' dir='ltr'><strong>tua:</strong></span> <span class='ocrx_word' id='word_1_316' title='bbox 1748 2663 2095 2735; x_wconf 86' lang='lat' dir='ltr'><strong>perduxisti,</strong></span> 
     </span>
    </p>
   </div>
   <div class='ocr_carea' id='block_1_45' title="bbox 457 2750 2098 2823">
    <p class='ocr_par' dir='ltr' id='par_1_45' title="bbox 457 2750 2098 2823">
     <span class='ocr_line' id='line_1_45' title="bbox 457 2750 2098 2823; baseline 0.002 -18"><span class='ocrx_word' id='word_1_317' title='bbox 457 2750 514 2805; x_wconf 92' lang='lat' dir='ltr'><strong>id</strong></span> <span class='ocrx_word' id='word_1_318' title='bbox 546 2754 653 2817; x_wconf 88' lang='lat' dir='ltr'><strong>est,</strong></span> <span class='ocrx_word' id='word_1_319' title='bbox 689 2753 753 2805; x_wconf 87' lang='lat' dir='ltr'><strong>ut</strong></span> <span class='ocrx_word' id='word_1_320' title='bbox 782 2750 1044 2805; x_wconf 86' lang='lat' dir='ltr'><strong>animam</strong></span> <span class='ocrx_word' id='word_1_321' title='bbox 1078 2768 1366 2823; x_wconf 88' lang='lat' dir='ltr'><strong>ponamus</strong></span> <span class='ocrx_word' id='word_1_322' title='bbox 1401 2768 1503 2822; x_wconf 88' lang='lat' dir='ltr'><strong>pro</strong></span> <span class='ocrx_word' id='word_1_323' title='bbox 1528 2751 1718 2807; x_wconf 90' lang='lat' dir='ltr'><strong>salute</strong></span> <span class='ocrx_word' id='word_1_324' title='bbox 1751 2750 2098 2808; x_wconf 90' lang='lat' dir='ltr'><strong>multorum.</strong></span> 
     </span>
    </p>
   </div>
   <div class='ocr_carea' id='block_1_46' title="bbox 458 2838 2103 2911">
    <p class='ocr_par' dir='ltr' id='par_1_46' title="bbox 458 2838 2103 2911">
     <span class='ocr_line' id='line_1_46' title="bbox 458 2838 2103 2911; baseline 0.002 -18"><span class='ocrx_word' id='word_1_325' title='bbox 458 2839 612 2911; x_wconf 92' lang='lat' dir='ltr'><strong>quod</strong></span> <span class='ocrx_word' id='word_1_326' title='bbox 644 2838 909 2910; x_wconf 73' lang='lat' dir='ltr'><strong>perfectas</strong></span> <span class='ocrx_word' id='word_1_327' title='bbox 942 2839 1245 2896; x_wconf 87' lang='lat' dir='ltr'><strong>charitatis</strong></span> <span class='ocrx_word' id='word_1_328' title='bbox 1296 2839 1601 2911; x_wconf 89' lang='lat' dir='ltr'><strong>indicium,</strong></span> <span class='ocrx_word' id='word_1_329' title='bbox 1657 2841 1856 2896; x_wconf 83' lang='lat' dir='ltr'><strong>omnia</strong></span> <span class='ocrx_word' id='word_1_330' title='bbox 1904 2839 2103 2896; x_wconf 89' lang='lat' dir='ltr'><strong>divina</strong></span> 
     </span>
    </p>
   </div>
   <div class='ocr_carea' id='block_1_47' title="bbox 461 2927 1129 3001">
    <p class='ocr_par' dir='ltr' id='par_1_47' title="bbox 461 2927 1129 3001">
     <span class='ocr_line' id='line_1_47' title="bbox 461 2927 1129 3001; baseline 0.004 -19"><span class='ocrx_word' id='word_1_331' title='bbox 461 2927 736 2984; x_wconf 84' lang='lat' dir='ltr'><strong>mandata</strong></span> <span class='ocrx_word' id='word_1_332' title='bbox 766 2928 1129 3001; x_wconf 89' lang='lat' dir='ltr'><strong>complectis.</strong></span> 
     </span>
    </p>
   </div>
   <div class='ocr_carea' id='block_1_48' title="bbox 534 3016 1887 3091">
    <p class='ocr_par' dir='ltr' id='par_1_48' title="bbox 534 3016 1887 3091">
     <span class='ocr_line' id='line_1_48' title="bbox 534 3016 1887 3091; baseline 0.002 -20"><span class='ocrx_word' id='word_1_333' title='bbox 534 3017 599 3072; x_wconf 84' lang='lat' dir='ltr'><strong>Et</strong></span> <span class='ocrx_word' id='word_1_334' title='bbox 627 3016 778 3084; x_wconf 86' lang='lat' dir='ltr'><strong>odor,</strong></span> <span class='ocrx_word' id='word_1_335' title='bbox 811 3017 1023 3090; x_wconf 89' lang='lat' dir='ltr'><strong>inquit,</strong></span> <span class='ocrx_word' id='word_1_336' title='bbox 1058 3023 1186 3074; x_wconf 77' lang='lat' dir='ltr'><strong>tuus</strong></span> <span class='ocrx_word' id='word_1_337' title='bbox 1209 3034 1375 3091; x_wconf 76' lang='lat' dir='ltr'><strong>super</strong></span> <span class='ocrx_word' id='word_1_338' title='bbox 1403 3020 1590 3075; x_wconf 86' lang='lat' dir='ltr'><strong>omnia</strong></span> <span class='ocrx_word' id='word_1_339' title='bbox 1618 3022 1887 3075; x_wconf 84' lang='lat' dir='ltr'><strong>aromata.</strong></span> 
     </span>
    </p>
   </div>
   <div class='ocr_carea' id='block_1_49' title="bbox 1048 3154 1523 3209">
    <p class='ocr_par' dir='ltr' id='par_1_49' title="bbox 1048 3154 1523 3209">
     <span class='ocr_line' id='line_1_49' title="bbox 1048 3154 1523 3209; baseline 0 -2"><span class='ocrx_word' id='word_1_340' title='bbox 1048 3154 1234 3208; x_wconf 89' lang='lat' dir='ltr'><strong>Trium</strong></span> <span class='ocrx_word' id='word_1_341' title='bbox 1264 3156 1523 3209; x_wconf 81' lang='lat' dir='ltr'><strong>Patrum.</strong></span> 
     </span>
    </p>
   </div>
   <div class='ocr_carea' id='block_1_50' title="bbox 527 3258 2179 3331">
    <p class='ocr_par' dir='ltr' id='par_1_50' title="bbox 527 3258 2179 3331">
     <span class='ocr_line' id='line_1_50' title="bbox 527 3258 2179 3331; baseline -0.001 -17"><span class='ocrx_word' id='word_1_342' title='bbox 527 3260 738 3315; x_wconf 89' lang='lat' dir='ltr'><strong>Anima</strong></span> <span class='ocrx_word' id='word_1_343' title='bbox 768 3276 832 3316; x_wconf 83' lang='lat' dir='ltr'><strong>ex</strong></span> <span class='ocrx_word' id='word_1_344' title='bbox 865 3258 1081 3315; x_wconf 83' lang='lat' dir='ltr'><strong>Christi</strong></span> <span class='ocrx_word' id='word_1_345' title='bbox 1114 3258 1372 3314; x_wconf 88' lang='lat' dir='ltr'><strong>Ecclesia</strong></span> <span class='ocrx_word' id='word_1_346' title='bbox 1420 3275 1523 3330; x_wconf 91' lang='lat' dir='ltr'><strong>per</strong></span> <span class='ocrx_word' id='word_1_347' title='bbox 1557 3259 1736 3313; x_wconf 90' lang='lat' dir='ltr'><strong>vitam</strong></span> <span class='ocrx_word' id='word_1_348' title='bbox 1790 3258 2101 3331; x_wconf 83' lang='lat' dir='ltr'><strong>perfectam</strong></span> <span class='ocrx_word' id='word_1_349' title='bbox 2136 3261 2179 3327; x_wconf 79' lang='lat' dir='ltr'><strong>C</strong></span> 
     </span>
    </p>
   </div>
   <div class='ocr_carea' id='block_1_51' title="bbox 457 3348 2097 3420">
    <p class='ocr_par' dir='ltr' id='par_1_51' title="bbox 457 3348 2097 3420">
     <span class='ocr_line' id='line_1_51' title="bbox 457 3348 2097 3420; baseline 0 -17"><span class='ocrx_word' id='word_1_350' title='bbox 457 3348 573 3419; x_wconf 89' lang='lat' dir='ltr'><strong>ipsi</strong></span> <span class='ocrx_word' id='word_1_351' title='bbox 606 3349 984 3420; x_wconf 87' lang='lat' dir='ltr'><strong>desponsata,</strong></span> <span class='ocrx_word' id='word_1_352' title='bbox 1008 3352 1065 3403; x_wconf 87' lang='lat' dir='ltr'><strong>et</strong></span> <span class='ocrx_word' id='word_1_353' title='bbox 1086 3348 1328 3403; x_wconf 89' lang='lat' dir='ltr'><strong>docendi</strong></span> <span class='ocrx_word' id='word_1_354' title='bbox 1358 3365 1576 3403; x_wconf 89' lang='lat' dir='ltr'><strong>munus</strong></span> <span class='ocrx_word' id='word_1_355' title='bbox 1607 3352 1896 3414; x_wconf 86' lang='lat' dir='ltr'><strong>assecuta,</strong></span> <span class='ocrx_word' id='word_1_356' title='bbox 1925 3352 2097 3419; x_wconf 90' lang='lat' dir='ltr'><strong>atque</strong></span> 
     </span>
    </p>
   </div>
   <div class='ocr_carea' id='block_1_52' title="bbox 460 3437 2097 3509">
    <p class='ocr_par' dir='ltr' id='par_1_52' title="bbox 460 3437 2097 3509">
     <span class='ocr_line' id='line_1_52' title="bbox 460 3437 2097 3509; baseline -0.001 -17"><span class='ocrx_word' id='word_1_357' title='bbox 460 3437 721 3508; x_wconf 86' lang='lat' dir='ltr'><strong>ideojam</strong></span> <span class='ocrx_word' id='word_1_358' title='bbox 745 3437 953 3493; x_wconf 89' lang='lat' dir='ltr'><strong>idonea</strong></span> <span class='ocrx_word' id='word_1_359' title='bbox 974 3454 1101 3509; x_wconf 64' lang='lat' dir='ltr'><strong>qum</strong></span> <span class='ocrx_word' id='word_1_360' title='bbox 1124 3438 1348 3493; x_wconf 88' lang='lat' dir='ltr'><strong>animas</strong></span> <span class='ocrx_word' id='word_1_361' title='bbox 1370 3437 1829 3506; x_wconf 84' lang='lat' dir='ltr'><strong>imperfectiores</strong></span> <span class='ocrx_word' id='word_1_362' title='bbox 1851 3438 1922 3492; x_wconf 90' lang='lat' dir='ltr'><strong>ad</strong></span> <span class='ocrx_word' id='word_1_363' title='bbox 1965 3453 2097 3509; x_wconf 90' lang='lat' dir='ltr'><strong>per-</strong></span> 
     </span>
    </p>
   </div>
   <div class='ocr_carea' id='block_1_53' title="bbox 461 3525 2101 3598">
    <p class='ocr_par' dir='ltr' id='par_1_53' title="bbox 461 3525 2101 3598">
     <span class='ocr_line' id='line_1_53' title="bbox 461 3525 2101 3598; baseline 0.001 -18"><span class='ocrx_word' id='word_1_364' title='bbox 461 3525 771 3581; x_wconf 81' lang='lat' dir='ltr'><strong>fectionem</strong></span> <span class='ocrx_word' id='word_1_365' title='bbox 806 3527 1079 3593; x_wconf 87' lang='lat' dir='ltr'><strong>adducat,</strong></span> <span class='ocrx_word' id='word_1_366' title='bbox 1108 3527 1194 3581; x_wconf 91' lang='lat' dir='ltr'><strong>sic</strong></span> <span class='ocrx_word' id='word_1_367' title='bbox 1235 3543 1333 3581; x_wconf 88' lang='lat' dir='ltr'><strong>eas</strong></span> <span class='ocrx_word' id='word_1_368' title='bbox 1381 3526 1704 3598; x_wconf 89' lang='lat' dir='ltr'><strong>alloquitur</strong></span> <span class='ocrx_word' id='word_1_369' title='bbox 1737 3552 1750 3583; x_wconf 88' lang='lat'><strong>:</strong></span> <span class='ocrx_word' id='word_1_370' title='bbox 1785 3527 2101 3583; x_wconf 67' lang='lat' dir='ltr'><strong>Introduxit</strong></span> 
     </span>
    </p>
   </div>
   <div class='ocr_carea' id='block_1_54' title="bbox 460 3616 2100 3672">
    <p class='ocr_par' dir='ltr' id='par_1_54' title="bbox 460 3616 2100 3672">
     <span class='ocr_line' id='line_1_54' title="bbox 460 3616 2100 3672; baseline -0.001 -1"><span class='ocrx_word' id='word_1_371' title='bbox 460 3631 545 3671; x_wconf 81' lang='lat' dir='ltr'><strong>me</strong></span> <span class='ocrx_word' id='word_1_372' title='bbox 574 3630 675 3671; x_wconf 73' lang='lat' dir='ltr'><strong>rex</strong></span> <span class='ocrx_word' id='word_1_373' title='bbox 696 3618 755 3671; x_wconf 85' lang='lat' dir='ltr'><strong>in</strong></span> <span class='ocrx_word' id='word_1_374' title='bbox 784 3617 1097 3672; x_wconf 78' lang='lat' dir='ltr'><strong>cubiculum</strong></span> <span class='ocrx_word' id='word_1_375' title='bbox 1125 3632 1308 3671; x_wconf 72' lang='lat' dir='ltr'><strong>suum.</strong></span> <span class='ocrx_word' id='word_1_376' title='bbox 1342 3616 1459 3671; x_wconf 82' lang='lat' dir='ltr'><strong>Sua</strong></span> <span class='ocrx_word' id='word_1_377' title='bbox 1491 3616 1770 3671; x_wconf 91' lang='lat' dir='ltr'><strong>nimirum</strong></span> <span class='ocrx_word' id='word_1_378' title='bbox 1796 3616 1991 3671; x_wconf 90' lang='lat' dir='ltr'><strong>divina</strong></span> <span class='ocrx_word' id='word_1_379' title='bbox 2014 3620 2100 3671; x_wconf 91' lang='lat' dir='ltr'><strong>at-</strong></span> 
     </span>
    </p>
   </div>
   <div class='ocr_carea' id='block_1_55' title="bbox 458 3704 2102 3777">
    <p class='ocr_par' dir='ltr' id='par_1_55' title="bbox 458 3704 2102 3777">
     <span class='ocr_line' id='line_1_55' title="bbox 458 3704 2102 3777; baseline 0 -18"><span class='ocrx_word' id='word_1_380' title='bbox 458 3719 571 3776; x_wconf 89' lang='lat' dir='ltr'><strong>que</strong></span> <span class='ocrx_word' id='word_1_381' title='bbox 603 3721 816 3760; x_wconf 88' lang='lat' dir='ltr'><strong>arcana</strong></span> <span class='ocrx_word' id='word_1_382' title='bbox 846 3704 1122 3777; x_wconf 82' lang='lat' dir='ltr'><strong>mysteria</strong></span> <span class='ocrx_word' id='word_1_383' title='bbox 1154 3705 1357 3760; x_wconf 84' lang='lat' dir='ltr'><strong>retexit</strong></span> <span class='ocrx_word' id='word_1_384' title='bbox 1389 3704 1531 3760; x_wconf 87' lang='lat' dir='ltr'><strong>mihi</strong></span> <span class='ocrx_word' id='word_1_385' title='bbox 1567 3723 1580 3761; x_wconf 77' lang='grc' dir='ltr'>ε</span> <span class='ocrx_word' id='word_1_386' title='bbox 1614 3705 1671 3760; x_wconf 92' lang='lat' dir='ltr'><strong>id</strong></span> <span class='ocrx_word' id='word_1_387' title='bbox 1705 3706 1858 3776; x_wconf 92' lang='lat' dir='ltr'><strong>quod</strong></span> <span class='ocrx_word' id='word_1_388' title='bbox 1890 3709 1948 3760; x_wconf 90' lang='lat' dir='ltr'><strong>et</strong></span> <span class='ocrx_word' id='word_1_389' title='bbox 1980 3721 2102 3759; x_wconf 89' lang='lat' dir='ltr'><strong>ma-</strong></span> 
     </span>
    </p>
   </div>
   <div class='ocr_carea' id='block_1_56' title="bbox 459 3793 2097 3867">
    <p class='ocr_par' dir='ltr' id='par_1_56' title="bbox 459 3793 2097 3867">
     <span class='ocr_line' id='line_1_56' title="bbox 459 3793 2097 3867; baseline -0.001 -18"><span class='ocrx_word' id='word_1_390' title='bbox 459 3809 575 3866; x_wconf 89' lang='lat' dir='ltr'><strong>gno</strong></span> <span class='ocrx_word' id='word_1_391' title='bbox 608 3794 896 3867; x_wconf 90' lang='lat' dir='ltr'><strong>contingit</strong></span> <span class='ocrx_word' id='word_1_392' title='bbox 932 3794 1123 3860; x_wconf 88' lang='lat' dir='ltr'><strong>Paulo,</strong></span> <span class='ocrx_word' id='word_1_393' title='bbox 1158 3794 1256 3865; x_wconf 91' lang='lat' dir='ltr'><strong>qui</strong></span> <span class='ocrx_word' id='word_1_394' title='bbox 1289 3810 1477 3866; x_wconf 91' lang='lat' dir='ltr'><strong>usque</strong></span> <span class='ocrx_word' id='word_1_395' title='bbox 1510 3795 1579 3849; x_wconf 89' lang='lat' dir='ltr'><strong>ad</strong></span> <span class='ocrx_word' id='word_1_396' title='bbox 1613 3795 1853 3849; x_wconf 91' lang='lat' dir='ltr'><strong>tertium</strong></span> <span class='ocrx_word' id='word_1_397' title='bbox 1886 3793 2097 3848; x_wconf 75' lang='lat' dir='ltr'><strong>ccelum</strong></span> 
     </span>
    </p>
   </div>
   <div class='ocr_carea' id='block_1_57' title="bbox 462 3882 2102 3955">
    <p class='ocr_par' dir='ltr' id='par_1_57' title="bbox 462 3882 2102 3955">
     <span class='ocr_line' id='line_1_57' title="bbox 462 3882 2102 3955; baseline 0.001 -18"><span class='ocrx_word' id='word_1_398' title='bbox 462 3882 757 3949; x_wconf 88' lang='lat' dir='ltr'><strong>sublatus,</strong></span> <span class='ocrx_word' id='word_1_399' title='bbox 788 3884 848 3937; x_wconf 91' lang='lat' dir='ltr'><strong>id</strong></span> <span class='ocrx_word' id='word_1_400' title='bbox 902 3887 1010 3950; x_wconf 91' lang='lat' dir='ltr'><strong>est,</strong></span> <span class='ocrx_word' id='word_1_401' title='bbox 1045 3882 1327 3940; x_wconf 88' lang='lat' dir='ltr'><strong>moralem</strong></span> <span class='ocrx_word' id='word_1_402' title='bbox 1361 3887 1418 3939; x_wconf 88' lang='lat' dir='ltr'><strong>et</strong></span> <span class='ocrx_word' id='word_1_403' title='bbox 1465 3882 1791 3938; x_wconf 86' lang='lat' dir='ltr'><strong>naturalem</strong></span> <span class='ocrx_word' id='word_1_404' title='bbox 1844 3882 2102 3955; x_wconf 89' lang='lat' dir='ltr'><strong>philoso-</strong></span> 
     </span>
    </p>
   </div>
   <div class='ocr_carea' id='block_1_58' title="bbox 464 3970 2104 4044">
    <p class='ocr_par' dir='ltr' id='par_1_58' title="bbox 464 3970 2104 4044">
     <span class='ocr_line' id='line_1_58' title="bbox 464 3970 2104 4044; baseline 0.001 -18"><span class='ocrx_word' id='word_1_405' title='bbox 464 3972 665 4044; x_wconf 85' lang='lat' dir='ltr'><strong>phiam</strong></span> <span class='ocrx_word' id='word_1_406' title='bbox 699 3978 1171 4044; x_wconf 70' lang='lat' dir='ltr'><strong>praatergressus,</strong></span> <span class='ocrx_word' id='word_1_407' title='bbox 1191 3973 1263 4027; x_wconf 91' lang='lat' dir='ltr'><strong>ad</strong></span> <span class='ocrx_word' id='word_1_408' title='bbox 1305 3970 1657 4042; x_wconf 88' lang='lat' dir='ltr'><strong>theologiam</strong></span> <span class='ocrx_word' id='word_1_409' title='bbox 1687 3988 1872 4044; x_wconf 91' lang='lat' dir='ltr'><strong>usque</strong></span> <span class='ocrx_word' id='word_1_410' title='bbox 1904 3988 2104 4044; x_wconf 86' lang='lat' dir='ltr'><strong>perve-</strong></span> 
     </span>
    </p>
   </div>
   <div class='ocr_carea' id='block_1_59' title="bbox 476 4059 2110 4132">
    <p class='ocr_par' dir='ltr' id='par_1_59' title="bbox 476 4059 2110 4132">
     <span class='ocr_line' id='line_1_59' title="bbox 476 4059 2110 4132; baseline 0.001 -17"><span class='ocrx_word' id='word_1_411' title='bbox 476 4062 587 4131; x_wconf 90' lang='lat' dir='ltr'><strong>nit,</strong></span> <span class='ocrx_word' id='word_1_412' title='bbox 618 4064 676 4117; x_wconf 88' lang='lat' dir='ltr'><strong>et</strong></span> <span class='ocrx_word' id='word_1_413' title='bbox 722 4061 943 4117; x_wconf 78' lang='lat' dir='ltr'><strong>audivit</strong></span> <span class='ocrx_word' id='word_1_414' title='bbox 971 4076 1180 4117; x_wconf 84' lang='lat' dir='ltr'><strong>arcana</strong></span> <span class='ocrx_word' id='word_1_415' title='bbox 1212 4061 1393 4127; x_wconf 86' lang='lat' dir='ltr'><strong>verba,</strong></span> <span class='ocrx_word' id='word_1_416' title='bbox 1427 4076 1545 4132; x_wconf 63' lang='lat' dir='ltr'><strong>qum</strong></span> <span class='ocrx_word' id='word_1_417' title='bbox 1573 4077 1684 4117; x_wconf 81' lang='lat' dir='ltr'><strong>non</strong></span> <span class='ocrx_word' id='word_1_418' title='bbox 1718 4059 1863 4129; x_wconf 77' lang='lat' dir='ltr'><strong>licet,</strong></span> <span class='ocrx_word' id='word_1_419' title='bbox 1896 4062 2110 4117; x_wconf 84' lang='lat' dir='ltr'><strong>homini</strong></span> 
     </span>
    </p>
   </div>
   <div class='ocr_carea' id='block_1_60' title="bbox 467 4150 672 4221">
    <p class='ocr_par' dir='ltr' id='par_1_60' title="bbox 467 4150 672 4221">
     <span class='ocr_line' id='line_1_60' title="bbox 467 4150 672 4221; baseline 0.015 -18"><span class='ocrx_word' id='word_1_420' title='bbox 467 4150 672 4221; x_wconf 57' lang='lat' dir='ltr'><strong>loqui”.</strong></span> 
     </span>
    </p>
   </div>
   <div class='ocr_carea' id='block_1_61' title="bbox 1057 4284 1524 4338">
    <p class='ocr_par' dir='ltr' id='par_1_61' title="bbox 1057 4284 1524 4338">
     <span class='ocr_line' id='line_1_61' title="bbox 1057 4284 1524 4338; baseline 0 -1"><span class='ocrx_word' id='word_1_421' title='bbox 1057 4284 1245 4338; x_wconf 84' lang='lat' dir='ltr'><strong>Trium</strong></span> <span class='ocrx_word' id='word_1_422' title='bbox 1275 4284 1524 4338; x_wconf 84' lang='lat' dir='ltr'><strong>Patrum.</strong></span> 
     </span>
    </p>
   </div>
   <div class='ocr_carea' id='block_1_62' title="bbox 542 4389 2110 4463">
    <p class='ocr_par' dir='ltr' id='par_1_62' title="bbox 542 4389 2110 4463">
     <span class='ocr_line' id='line_1_62' title="bbox 542 4389 2110 4463; baseline 0.001 -17"><span class='ocrx_word' id='word_1_423' title='bbox 542 4389 1204 4461; x_wconf 77' lang='lat' dir='ltr'><strong>Respondentesigitur,</strong></span> <span class='ocrx_word' id='word_1_424' title='bbox 1230 4393 1293 4444; x_wconf 91' lang='lat' dir='ltr'><strong>ut</strong></span> <span class='ocrx_word' id='word_1_425' title='bbox 1330 4390 1553 4443; x_wconf 90' lang='lat' dir='ltr'><strong>dictum</strong></span> <span class='ocrx_word' id='word_1_426' title='bbox 1603 4394 1692 4445; x_wconf 92' lang='lat' dir='ltr'><strong>est</strong></span> <span class='ocrx_word' id='word_1_427' title='bbox 1740 4390 1946 4445; x_wconf 72' lang='lat' dir='ltr'><strong>animis</strong></span> <span class='ocrx_word' id='word_1_428' title='bbox 1982 4408 2110 4463; x_wconf 63' lang='lat' dir='ltr'><strong>quae</strong></span> 
     </span>
    </p>
   </div>
   <div class='ocr_carea' id='block_1_63' title="bbox 472 4477 2111 4551">
    <p class='ocr_par' dir='ltr' id='par_1_63' title="bbox 472 4477 2111 4551">
     <span class='ocr_line' id='line_1_63' title="bbox 472 4477 2111 4551; baseline 0.001 -16"><span class='ocrx_word' id='word_1_429' title='bbox 472 4480 859 4548; x_wconf 87' lang='lat' dir='ltr'><strong>ducebantur,</strong></span> <span class='ocrx_word' id='word_1_430' title='bbox 884 4494 1113 4551; x_wconf 74' lang='lat' dir='ltr'><strong>sponsae</strong></span> <span class='ocrx_word' id='word_1_431' title='bbox 1146 4477 1405 4547; x_wconf 87' lang='lat' dir='ltr'><strong>ducenti,</strong></span> <span class='ocrx_word' id='word_1_432' title='bbox 1447 4477 1753 4543; x_wconf 87' lang='lat' dir='ltr'><strong>Quoniam,</strong></span> <span class='ocrx_word' id='word_1_433' title='bbox 1811 4480 2111 4551; x_wconf 88' lang='lat' dir='ltr'><strong>inquiunt,</strong></span> 
     </span>
    </p>
   </div>
   <div class='ocr_carea' id='block_1_64' title="bbox 474 4566 2109 4641">
    <p class='ocr_par' dir='ltr' id='par_1_64' title="bbox 474 4566 2109 4641">
     <span class='ocr_line' id='line_1_64' title="bbox 474 4566 2109 4641; baseline -0.001 -16"><span class='ocrx_word' id='word_1_434' title='bbox 474 4575 541 4626; x_wconf 93' lang='lat' dir='ltr'><strong>ut</strong></span> <span class='ocrx_word' id='word_1_435' title='bbox 570 4570 700 4641; x_wconf 83' lang='lat' dir='ltr'><strong>ipsa</strong></span> <span class='ocrx_word' id='word_1_436' title='bbox 730 4568 842 4637; x_wconf 89' lang='lat' dir='ltr'><strong>ais,</strong></span> <span class='ocrx_word' id='word_1_437' title='bbox 874 4566 1176 4623; x_wconf 85' lang='lat' dir='ltr'><strong>inroduxit</strong></span> <span class='ocrx_word' id='word_1_438' title='bbox 1206 4571 1261 4622; x_wconf 91' lang='lat' dir='ltr'><strong>te</strong></span> <span class='ocrx_word' id='word_1_439' title='bbox 1300 4583 1397 4622; x_wconf 82' lang='lat' dir='ltr'><strong>rex</strong></span> <span class='ocrx_word' id='word_1_440' title='bbox 1426 4566 1484 4621; x_wconf 92' lang='lat' dir='ltr'><strong>in</strong></span> <span class='ocrx_word' id='word_1_441' title='bbox 1518 4567 1853 4623; x_wconf 90' lang='lat' dir='ltr'><strong>cubiculum</strong></span> <span class='ocrx_word' id='word_1_442' title='bbox 1886 4585 2058 4624; x_wconf 87' lang='lat' dir='ltr'><strong>suum</strong></span> <span class='ocrx_word' id='word_1_443' title='bbox 2095 4586 2109 4625; x_wconf 87' lang='lat'><strong>:</strong></span> 
     </span>
    </p>
   </div>
   <div class='ocr_carea' id='block_1_65' title="bbox 2199 1948 3857 2028">
    <p class='ocr_par' dir='ltr' id='par_1_65' title="bbox 2199 1948 3857 2028">
     <span class='ocr_line' id='line_1_65' title="bbox 2199 1948 3857 2028; baseline -0.003 -22"><span class='ocrx_word' id='word_1_444' title='bbox 2199 1956 2335 2007; x_wconf 83' lang='grc' dir='ltr'>πτοῦ</span> <span class='ocrx_word' id='word_1_445' title='bbox 2394 1951 2483 2006; x_wconf 89' lang='grc' dir='ltr'><strong>καὶ</strong></span> <span class='ocrx_word' id='word_1_446' title='bbox 2557 1952 2654 2005; x_wconf 79' lang='grc' dir='ltr'><strong>τοῦ</strong></span> <span class='ocrx_word' id='word_1_447' title='bbox 2711 1955 2938 2028; x_wconf 75' lang='grc' dir='ltr'>φυσικοῦ</span> <span class='ocrx_word' id='word_1_448' title='bbox 3004 1949 3183 2024; x_wconf 88' lang='grc' dir='ltr'>νόμου</span> <span class='ocrx_word' id='word_1_449' title='bbox 3242 1949 3556 2023; x_wconf 71' lang='grc' dir='ltr'>ἓμυήθησαν</span> <span class='ocrx_word' id='word_1_450' title='bbox 3612 1948 3857 2025; x_wconf 69' lang='grc' dir='ltr'>νυμφίον</span> 
     </span>
    </p>
   </div>
   <div class='ocr_carea' id='block_1_66' title="bbox 2200 2037 3859 2117">
    <p class='ocr_par' dir='ltr' id='par_1_66' title="bbox 2200 2037 3859 2117">
     <span class='ocr_line' id='line_1_66' title="bbox 2200 2037 3859 2117; baseline -0.006 -17"><span class='ocrx_word' id='word_1_451' title='bbox 2200 2042 2426 2117; x_wconf 84' lang='grc' dir='ltr'>Χριστὸν</span> <span class='ocrx_word' id='word_1_452' title='bbox 2465 2085 2478 2109; x_wconf 92' lang='grc'><strong>,</strong></span> <span class='ocrx_word' id='word_1_453' title='bbox 2549 2037 2777 2095; x_wconf 80' lang='grc' dir='ltr'>ἔλκυσάν</span> <span class='ocrx_word' id='word_1_454' title='bbox 2836 2061 2893 2094; x_wconf 89' lang='grc' dir='ltr'><strong>σε</strong></span> <span class='ocrx_word' id='word_1_455' title='bbox 2946 2040 3007 2095; x_wconf 76' lang='grc' dir='ltr'>ἐκ</span> <span class='ocrx_word' id='word_1_456' title='bbox 3067 2044 3175 2094; x_wconf 87' lang='grc' dir='ltr'><strong>τῶν</strong></span> <span class='ocrx_word' id='word_1_457' title='bbox 3235 2043 3512 2115; x_wconf 78' lang='grc' dir='ltr'>πατρικῶν</span> <span class='ocrx_word' id='word_1_458' title='bbox 3573 2038 3802 2093; x_wconf 86' lang='grc' dir='ltr'>κόλπων</span> <span class='ocrx_word' id='word_1_459' title='bbox 3844 2080 3859 2104; x_wconf 87' lang='grc'><strong>,</strong></span> 
     </span>
    </p>
   </div>
   <div class='ocr_carea' id='block_1_67' title="bbox 2204 2124 3862 2205">
    <p class='ocr_par' dir='ltr' id='par_1_67' title="bbox 2204 2124 3862 2205">
     <span class='ocr_line' id='line_1_67' title="bbox 2204 2124 3862 2205; baseline -0.003 -19"><span class='ocrx_word' id='word_1_460' title='bbox 2204 2128 2293 2186; x_wconf 79' lang='grc' dir='ltr'><strong>διὰ</strong></span> <span class='ocrx_word' id='word_1_461' title='bbox 2346 2130 2471 2191; x_wconf 79' lang='grc' dir='ltr'>τοὺς</span> <span class='ocrx_word' id='word_1_462' title='bbox 2533 2128 2835 2202; x_wconf 70' lang='grc' dir='ltr'>μέλλοντας</span> <span class='ocrx_word' id='word_1_463' title='bbox 2888 2134 3077 2205; x_wconf 86' lang='grc' dir='ltr'>τυχεῖν</span> <span class='ocrx_word' id='word_1_464' title='bbox 3111 2128 3387 2203; x_wconf 79' lang='grc' dir='ltr'>σωτηρίας</span> <span class='ocrx_word' id='word_1_465' title='bbox 3426 2126 3479 2183; x_wconf 77' lang='grc' dir='ltr'>ἐν</span> <span class='ocrx_word' id='word_1_466' title='bbox 3528 2126 3683 2201; x_wconf 75' lang='grc' dir='ltr'>σαρκὶ</span> <span class='ocrx_word' id='word_1_467' title='bbox 3723 2124 3862 2194; x_wconf 79' lang='grc' dir='ltr'>ἐλη-</span> 
     </span>
    </p>
   </div>
   <div class='ocr_carea' id='block_1_68' title="bbox 2205 2215 3859 2296">
    <p class='ocr_par' dir='ltr' id='par_1_68' title="bbox 2205 2215 3859 2296">
     <span class='ocr_line' id='line_1_68' title="bbox 2205 2215 3859 2296; baseline -0.004 -21"><span class='ocrx_word' id='word_1_468' title='bbox 2205 2219 2454 2276; x_wconf 89' lang='grc' dir='ltr'>λυθότα.</span> <span class='ocrx_word' id='word_1_469' title='bbox 2538 2218 2740 2273; x_wconf 85' lang='grc' dir='ltr'>Λοιπόν</span> <span class='ocrx_word' id='word_1_470' title='bbox 2800 2240 2960 2296; x_wconf 79' lang='grc' dir='ltr'>φησιν</span> <span class='ocrx_word' id='word_1_471' title='bbox 2996 2236 3009 2249; x_wconf 88' lang='grc'><strong>·</strong></span> <span class='ocrx_word' id='word_1_472' title='bbox 3084 2216 3292 2275; x_wconf 89' lang='grc' dir='ltr'>Ὀπίσω</span> <span class='ocrx_word' id='word_1_473' title='bbox 3368 2238 3463 2271; x_wconf 91' lang='grc' dir='ltr'><strong>σου</strong></span> <span class='ocrx_word' id='word_1_474' title='bbox 3523 2215 3602 2278; x_wconf 75' lang='grc' dir='ltr'>εἷς</span> <span class='ocrx_word' id='word_1_475' title='bbox 3672 2215 3859 2287; x_wconf 76' lang='grc' dir='ltr'>ὀσμὴν</span> 
     </span>
    </p>
   </div>
   <div class='ocr_carea' id='block_1_69' title="bbox 2210 2302 3862 2383">
    <p class='ocr_par' dir='ltr' id='par_1_69' title="bbox 2210 2302 3862 2383">
     <span class='ocr_line' id='line_1_69' title="bbox 2210 2302 3862 2383; baseline -0.003 -21"><span class='ocrx_word' id='word_1_476' title='bbox 2210 2309 2394 2383; x_wconf 84' lang='grc' dir='ltr'>μύρων</span> <span class='ocrx_word' id='word_1_477' title='bbox 2428 2328 2524 2362; x_wconf 90' lang='grc' dir='ltr'><strong>σου</strong></span> <span class='ocrx_word' id='word_1_478' title='bbox 2555 2305 2927 2382; x_wconf 83' lang='grc' dir='ltr'>δραμούμεθα.</span> <span class='ocrx_word' id='word_1_479' title='bbox 2962 2309 3188 2381; x_wconf 86' lang='grc' dir='ltr'>Ἥγοτν.</span> <span class='ocrx_word' id='word_1_480' title='bbox 3222 2302 3701 2377; x_wconf 76' lang='grc' dir='ltr'>Ἀκολουθήσομὲν</span> <span class='ocrx_word' id='word_1_481' title='bbox 3758 2324 3862 2357; x_wconf 86' lang='grc' dir='ltr'><strong>σου</strong></span> 
     </span>
    </p>
   </div>
   <div class='ocr_carea' id='block_1_70' title="bbox 2204 2391 3861 2473">
    <p class='ocr_par' dir='ltr' id='par_1_70' title="bbox 2204 2391 3861 2473">
     <span class='ocr_line' id='line_1_70' title="bbox 2204 2391 3861 2473; baseline -0.004 -20"><span class='ocrx_word' id='word_1_482' title='bbox 2204 2400 2294 2453; x_wconf 87' lang='grc' dir='ltr'><strong>τὸν</strong></span> <span class='ocrx_word' id='word_1_483' title='bbox 2324 2397 2525 2473; x_wconf 83' lang='grc' dir='ltr'>τρόπον</span> <span class='ocrx_word' id='word_1_484' title='bbox 2574 2397 2975 2470; x_wconf 76' lang='grc' dir='ltr'>μιμησάμεναι,</span> <span class='ocrx_word' id='word_1_485' title='bbox 3016 2396 3132 2451; x_wconf 86' lang='grc' dir='ltr'>καθ’</span> <span class='ocrx_word' id='word_1_486' title='bbox 3181 2396 3239 2450; x_wconf 78' lang='grc' dir='ltr'><strong>’ὸν</strong></span> <span class='ocrx_word' id='word_1_487' title='bbox 3292 2397 3441 2469; x_wconf 73' lang='grc' dir='ltr'>ἡμᾶς</span> <span class='ocrx_word' id='word_1_488' title='bbox 3497 2393 3573 2455; x_wconf 85' lang='grc' dir='ltr'><strong>είς</strong></span> <span class='ocrx_word' id='word_1_489' title='bbox 3604 2391 3861 2462; x_wconf 74' lang='grc' dir='ltr'>α’ίσθησιν</span> 
     </span>
    </p>
   </div>
   <div class='ocr_carea' id='block_1_71' title="bbox 2205 2481 3971 2560">
    <p class='ocr_par' dir='ltr' id='par_1_71' title="bbox 2205 2481 3971 2560">
     <span class='ocr_line' id='line_1_71' title="bbox 2205 2481 3971 2560; baseline -0.005 -18"><span class='ocrx_word' id='word_1_490' title='bbox 2205 2492 2311 2543; x_wconf 90' lang='grc' dir='ltr'><strong>τῶν</strong></span> <span class='ocrx_word' id='word_1_491' title='bbox 2346 2486 2669 2560; x_wconf 84' lang='grc' dir='ltr'>παναγάοων</span> <span class='ocrx_word' id='word_1_492' title='bbox 2699 2507 2795 2541; x_wconf 89' lang='grc' dir='ltr'><strong>σου</strong></span> <span class='ocrx_word' id='word_1_493' title='bbox 2825 2485 3152 2558; x_wconf 89' lang='grc' dir='ltr'>θελημάτων</span> <span class='ocrx_word' id='word_1_494' title='bbox 3184 2481 3401 2560; x_wconf 68' lang='grc' dir='ltr'>ἤγαγες·</span> <span class='ocrx_word' id='word_1_495' title='bbox 3446 2483 3507 2544; x_wconf 78' lang='grc' dir='ltr'>ὃς</span> <span class='ocrx_word' id='word_1_496' title='bbox 3555 2481 3668 2537; x_wconf 67' lang='grc' dir='ltr'>ἐστι</span> <span class='ocrx_word' id='word_1_497' title='bbox 3717 2482 3861 2535; x_wconf 78' lang='grc' dir='ltr'>πάν-</span> <span class='ocrx_word' id='word_1_498' title='bbox 3965 2515 3971 2520; x_wconf 92' lang='grc'><strong>-</strong></span> 
     </span>
    </p>
   </div>
   <div class='ocr_carea' id='block_1_72' title="bbox 2206 2569 3862 2649">
    <p class='ocr_par' dir='ltr' id='par_1_72' title="bbox 2206 2569 3862 2649">
     <span class='ocr_line' id='line_1_72' title="bbox 2206 2569 3862 2649; baseline -0.005 -17"><span class='ocrx_word' id='word_1_499' title='bbox 2206 2598 2315 2638; x_wconf 90' lang='grc' dir='ltr'><strong>τως</strong></span> <span class='ocrx_word' id='word_1_500' title='bbox 2345 2576 2407 2631; x_wconf 84' lang='grc' dir='ltr'><strong>τὸ</strong></span> <span class='ocrx_word' id='word_1_501' title='bbox 2437 2577 2536 2644; x_wconf 76' lang='grc' dir='ltr'>τὴν</span> <span class='ocrx_word' id='word_1_502' title='bbox 2568 2576 2754 2649; x_wconf 75' lang='grc' dir='ltr'>ψυχὴν</span> <span class='ocrx_word' id='word_1_503' title='bbox 2784 2573 2986 2629; x_wconf 76' lang='grc' dir='ltr'>τιθέναι</span> <span class='ocrx_word' id='word_1_504' title='bbox 3017 2574 3146 2645; x_wconf 68' lang='grc' dir='ltr'>ὑπὲρ</span> <span class='ocrx_word' id='word_1_505' title='bbox 3178 2580 3280 2642; x_wconf 80' lang='grc' dir='ltr'>τῆς</span> <span class='ocrx_word' id='word_1_506' title='bbox 3318 2577 3426 2626; x_wconf 89' lang='grc' dir='ltr'><strong>τῶν</strong></span> <span class='ocrx_word' id='word_1_507' title='bbox 3467 2569 3698 2625; x_wconf 81' lang='grc' dir='ltr'>πολλῶν</span> <span class='ocrx_word' id='word_1_508' title='bbox 3746 2591 3862 2623; x_wconf 86' lang='grc' dir='ltr'>σω-</span> 
     </span>
    </p>
   </div>
   <div class='ocr_carea' id='block_1_73' title="bbox 2206 2660 3861 2741">
    <p class='ocr_par' dir='ltr' id='par_1_73' title="bbox 2206 2660 3861 2741">
     <span class='ocr_line' id='line_1_73' title="bbox 2206 2660 3861 2741; baseline -0.006 -21"><span class='ocrx_word' id='word_1_509' title='bbox 2206 2666 2422 2739; x_wconf 77' lang='grc' dir='ltr'>τηρίας,</span> <span class='ocrx_word' id='word_1_510' title='bbox 2455 2664 2527 2725; x_wconf 86' lang='grc' dir='ltr'><strong>ὡς</strong></span> <span class='ocrx_word' id='word_1_511' title='bbox 2560 2662 2875 2741; x_wconf 79' lang='grc' dir='ltr'>ἐκφαντικὸς</span> <span class='ocrx_word' id='word_1_512' title='bbox 2904 2670 3005 2731; x_wconf 77' lang='grc' dir='ltr'>τῆς</span> <span class='ocrx_word' id='word_1_513' title='bbox 3048 2660 3455 2737; x_wconf 82' lang='grc' dir='ltr'>περιληπτικῆς</span> <span class='ocrx_word' id='word_1_514' title='bbox 3502 2663 3687 2714; x_wconf 87' lang='grc' dir='ltr'>πασῶν</span> <span class='ocrx_word' id='word_1_515' title='bbox 3744 2663 3861 2712; x_wconf 85' lang='grc' dir='ltr'><strong>τῶν</strong></span> 
     </span>
    </p>
   </div>
   <div class='ocr_carea' id='block_1_74' title="bbox 2209 2750 3143 2827">
    <p class='ocr_par' dir='ltr' id='par_1_74' title="bbox 2209 2750 3143 2827">
     <span class='ocr_line' id='line_1_74' title="bbox 2209 2750 3143 2827; baseline 0 -18"><span class='ocrx_word' id='word_1_516' title='bbox 2209 2753 2365 2809; x_wconf 89' lang='grc' dir='ltr'>θείων</span> <span class='ocrx_word' id='word_1_517' title='bbox 2400 2752 2635 2808; x_wconf 78' lang='grc' dir='ltr'>ἐντολῶν</span> <span class='ocrx_word' id='word_1_518' title='bbox 2669 2750 2878 2814; x_wconf 83' lang='grc' dir='ltr'>τελείας</span> <span class='ocrx_word' id='word_1_519' title='bbox 2908 2752 3143 2827; x_wconf 82' lang='grc' dir='ltr'><strong>ἀγάπης.</strong></span> 
     </span>
    </p>
   </div>
   <div class='ocr_carea' id='block_1_75' title="bbox 2211 3016 3392 3095">
    <p class='ocr_par' dir='ltr' id='par_1_75' title="bbox 2211 3016 3392 3095">
     <span class='ocr_line' id='line_1_75' title="bbox 2211 3016 3392 3095; baseline -0.003 -17"><span class='ocrx_word' id='word_1_520' title='bbox 2211 3022 2313 3080; x_wconf 81' lang='grc' dir='ltr'><strong>Καὶ</strong></span> <span class='ocrx_word' id='word_1_521' title='bbox 2346 3020 2488 3095; x_wconf 75' lang='grc' dir='ltr'>ὀσμή</span> <span class='ocrx_word' id='word_1_522' title='bbox 2525 3041 2620 3075; x_wconf 89' lang='grc' dir='ltr'><strong>σου</strong></span> <span class='ocrx_word' id='word_1_523' title='bbox 2654 3020 2785 3095; x_wconf 73' lang='grc' dir='ltr'>ὑπὲρ</span> <span class='ocrx_word' id='word_1_524' title='bbox 2818 3018 2985 3074; x_wconf 87' lang='grc' dir='ltr'>πάντα</span> <span class='ocrx_word' id='word_1_525' title='bbox 3012 3020 3080 3074; x_wconf 76' lang='grc' dir='ltr'><strong>τά</strong></span> <span class='ocrx_word' id='word_1_526' title='bbox 3108 3016 3392 3094; x_wconf 84' lang='grc' dir='ltr'>ἀρώματα.</span> 
     </span>
    </p>
   </div>
   <div class='ocr_carea' id='block_1_76' title="bbox 2780 3154 3285 3229">
    <p class='ocr_par' dir='ltr' id='par_1_76' title="bbox 2780 3154 3285 3229">
     <span class='ocr_line' id='line_1_76' title="bbox 2780 3154 3285 3229; baseline -0.002 -20"><span class='ocrx_word' id='word_1_527' title='bbox 2780 3156 2903 3210; x_wconf 87' lang='grc' dir='ltr'>Τῶν</span> <span class='ocrx_word' id='word_1_528' title='bbox 2938 3160 2982 3227; x_wconf 88' lang='grc' dir='ltr'>γ’</span> <span class='ocrx_word' id='word_1_529' title='bbox 3012 3154 3285 3229; x_wconf 80' lang='grc' dir='ltr'>Πατέρων.</span> 
     </span>
    </p>
   </div>
   <div class='ocr_carea' id='block_1_77' title="bbox 2288 3252 3871 3335">
    <p class='ocr_par' dir='ltr' id='par_1_77' title="bbox 2288 3252 3871 3335">
     <span class='ocr_line' id='line_1_77' title="bbox 2288 3252 3871 3335; baseline -0.004 -18"><span class='ocrx_word' id='word_1_530' title='bbox 2288 3263 2490 3317; x_wconf 79' lang='grc' dir='ltr'>Λοιπὸν</span> <span class='ocrx_word' id='word_1_531' title='bbox 2519 3263 2552 3331; x_wconf 76' lang='grc' dir='ltr'>ἡ</span> <span class='ocrx_word' id='word_1_532' title='bbox 2583 3260 2642 3315; x_wconf 68' lang='grc' dir='ltr'>ἐκ</span> <span class='ocrx_word' id='word_1_533' title='bbox 2668 3266 2768 3329; x_wconf 76' lang='grc' dir='ltr'><strong>τῆς</strong></span> <span class='ocrx_word' id='word_1_534' title='bbox 2815 3263 2910 3313; x_wconf 88' lang='grc' dir='ltr'><strong>τοῦ</strong></span> <span class='ocrx_word' id='word_1_535' title='bbox 2957 3262 3190 3335; x_wconf 79' lang='grc' dir='ltr'>Χριστοῦ</span> <span class='ocrx_word' id='word_1_536' title='bbox 3233 3254 3562 3326; x_wconf 81' lang='grc' dir='ltr'>Ἐκκλησίας</span> <span class='ocrx_word' id='word_1_537' title='bbox 3600 3252 3691 3309; x_wconf 75' lang='grc' dir='ltr'><strong>διὰ</strong></span> <span class='ocrx_word' id='word_1_538' title='bbox 3737 3256 3871 3329; x_wconf 85' lang='grc' dir='ltr'>βίου</span> 
     </span>
    </p>
   </div>
   <div class='ocr_carea' id='block_1_78' title="bbox 2204 3341 3867 3424">
    <p class='ocr_par' dir='ltr' id='par_1_78' title="bbox 2204 3341 3867 3424">
     <span class='ocr_line' id='line_1_78' title="bbox 2204 3341 3867 3424; baseline -0.005 -17"><span class='ocrx_word' id='word_1_539' title='bbox 2204 3350 2416 3407; x_wconf 84' lang='grc' dir='ltr'>τελείου</span> <span class='ocrx_word' id='word_1_540' title='bbox 2448 3351 2619 3406; x_wconf 82' lang='grc' dir='ltr'>αὐτοῦ</span> <span class='ocrx_word' id='word_1_541' title='bbox 2644 3354 3009 3424; x_wconf 68' lang='grc' dir='ltr'>νυμφευθεῖσα</span> <span class='ocrx_word' id='word_1_542' title='bbox 3055 3348 3232 3423; x_wconf 77' lang='grc' dir='ltr'>ψυχὴ,</span> <span class='ocrx_word' id='word_1_543' title='bbox 3264 3346 3353 3401; x_wconf 81' lang='grc' dir='ltr'>καὶ</span> <span class='ocrx_word' id='word_1_544' title='bbox 3391 3349 3488 3401; x_wconf 89' lang='grc' dir='ltr'><strong>τοῦ</strong></span> <span class='ocrx_word' id='word_1_545' title='bbox 3538 3341 3867 3399; x_wconf 83' lang='grc' dir='ltr'>διδασκαλι-</span> 
     </span>
    </p>
   </div>
   <div class='ocr_carea' id='block_1_79' title="bbox 2209 3426 3863 3515">
    <p class='ocr_par' dir='ltr' id='par_1_79' title="bbox 2209 3426 3863 3515">
     <span class='ocr_line' id='line_1_79' title="bbox 2209 3426 3863 3515; baseline -0.006 -20"><span class='ocrx_word' id='word_1_546' title='bbox 2209 3445 2308 3496; x_wconf 89' lang='grc' dir='ltr'><strong>κοῦ</strong></span> <span class='ocrx_word' id='word_1_547' title='bbox 2338 3443 2579 3515; x_wconf 87' lang='grc' dir='ltr'>τυχοῦσα</span> <span class='ocrx_word' id='word_1_548' title='bbox 2610 3438 2941 3511; x_wconf 79' lang='grc' dir='ltr'>ἀξιώματος,</span> <span class='ocrx_word' id='word_1_549' title='bbox 2986 3436 3269 3499; x_wconf 84' lang='grc' dir='ltr'>κάντεῦθεν</span> <span class='ocrx_word' id='word_1_550' title='bbox 3323 3433 3530 3509; x_wconf 75' lang='grc' dir='ltr'>ἐνάγειν</span> <span class='ocrx_word' id='word_1_551' title='bbox 3583 3426 3863 3505; x_wconf 67' lang='grc' dir='ltr'>δυναμένη</span> 
     </span>
    </p>
   </div>
   <div class='ocr_carea' id='block_1_80' title="bbox 2207 3520 3869 3605">
    <p class='ocr_par' dir='ltr' id='par_1_80' title="bbox 2207 3520 3869 3605">
     <span class='ocr_line' id='line_1_80' title="bbox 2207 3520 3869 3605; baseline -0.006 -21"><span class='ocrx_word' id='word_1_552' title='bbox 2207 3531 2343 3605; x_wconf 88' lang='grc' dir='ltr'>πρὸς</span> <span class='ocrx_word' id='word_1_553' title='bbox 2384 3528 2705 3597; x_wconf 80' lang='grc' dir='ltr'>τελειότητα</span> <span class='ocrx_word' id='word_1_554' title='bbox 2750 3528 2843 3587; x_wconf 75' lang='grc' dir='ltr'><strong>τὰς</strong></span> <span class='ocrx_word' id='word_1_555' title='bbox 2890 3524 3238 3599; x_wconf 72' lang='grc' dir='ltr'>ἀτελεστέρας</span> <span class='ocrx_word' id='word_1_556' title='bbox 3284 3523 3487 3598; x_wconf 74' lang='grc' dir='ltr'>ψυχὰς,</span> <span class='ocrx_word' id='word_1_557' title='bbox 3537 3522 3674 3597; x_wconf 88' lang='grc' dir='ltr'>πρὸς</span> <span class='ocrx_word' id='word_1_558' title='bbox 3723 3520 3869 3575; x_wconf 80' lang='grc' dir='ltr'>ταύ-</span> 
     </span>
    </p>
   </div>
   <div class='ocr_carea' id='block_1_81' title="bbox 2206 3612 3863 3695">
    <p class='ocr_par' dir='ltr' id='par_1_81' title="bbox 2206 3612 3863 3695">
     <span class='ocr_line' id='line_1_81' title="bbox 2206 3612 3863 3695; baseline -0.007 -21"><span class='ocrx_word' id='word_1_559' title='bbox 2206 3640 2301 3680; x_wconf 88' lang='grc' dir='ltr'><strong>τας</strong></span> <span class='ocrx_word' id='word_1_560' title='bbox 2335 3617 2519 3695; x_wconf 77' lang='grc' dir='ltr'>φησίν’</span> <span class='ocrx_word' id='word_1_561' title='bbox 2574 3613 2854 3690; x_wconf 74' lang='grc' dir='ltr'>Εῗσήγαγὲ</span> <span class='ocrx_word' id='word_1_562' title='bbox 2908 3635 2975 3687; x_wconf 85' lang='grc' dir='ltr'><strong>με</strong></span> <span class='ocrx_word' id='word_1_563' title='bbox 3018 3615 3045 3668; x_wconf 84' lang='grc' dir='ltr'>ὁ</span> <span class='ocrx_word' id='word_1_564' title='bbox 3088 3612 3342 3689; x_wconf 77' lang='grc' dir='ltr'>βασιλεὺς</span> <span class='ocrx_word' id='word_1_565' title='bbox 3390 3612 3464 3673; x_wconf 73' lang='grc' dir='ltr'>εἷς</span> <span class='ocrx_word' id='word_1_566' title='bbox 3508 3612 3570 3665; x_wconf 88' lang='grc' dir='ltr'>τὸ</span> <span class='ocrx_word' id='word_1_567' title='bbox 3627 3616 3863 3682; x_wconf 80' lang='grc' dir='ltr'>ταμεῖον</span> 
     </span>
    </p>
   </div>
   <div class='ocr_carea' id='block_1_82' title="bbox 2210 3697 3868 3776">
    <p class='ocr_par' dir='ltr' id='par_1_82' title="bbox 2210 3697 3868 3776">
     <span class='ocr_line' id='line_1_82' title="bbox 2210 3697 3868 3776; baseline -0.005 -14"><span class='ocrx_word' id='word_1_568' title='bbox 2210 3706 2394 3762; x_wconf 80' lang='grc' dir='ltr'>αὐτοῦ’</span> <span class='ocrx_word' id='word_1_569' title='bbox 2427 3704 2551 3776; x_wconf 72' lang='grc' dir='ltr'>ἤτοι</span> <span class='ocrx_word' id='word_1_570' title='bbox 2606 3702 2949 3776; x_wconf 77' lang='grc' dir='ltr'>Ἀπεκάλυψὲ</span> <span class='ocrx_word' id='word_1_571' title='bbox 3004 3724 3096 3776; x_wconf 87' lang='grc' dir='ltr'><strong>μοι</strong></span> <span class='ocrx_word' id='word_1_572' title='bbox 3148 3703 3215 3756; x_wconf 71' lang='grc' dir='ltr'>τὰ</span> <span class='ocrx_word' id='word_1_573' title='bbox 3257 3704 3379 3775; x_wconf 87' lang='grc' dir='ltr'><strong>περὶ</strong></span> <span class='ocrx_word' id='word_1_574' title='bbox 3420 3702 3609 3755; x_wconf 71' lang='grc' dir='ltr'>ἑαυτοῦ</span> <span class='ocrx_word' id='word_1_575' title='bbox 3642 3697 3760 3763; x_wconf 81' lang='grc' dir='ltr'>θεῖά</span> <span class='ocrx_word' id='word_1_576' title='bbox 3809 3719 3868 3753; x_wconf 78' lang='grc' dir='ltr'><strong>τε</strong></span> 
     </span>
    </p>
   </div>
   <div class='ocr_carea' id='block_1_83' title="bbox 2210 3786 3870 3869">
    <p class='ocr_par' dir='ltr' id='par_1_83' title="bbox 2210 3786 3870 3869">
     <span class='ocr_line' id='line_1_83' title="bbox 2210 3786 3870 3869; baseline -0.005 -19"><span class='ocrx_word' id='word_1_577' title='bbox 2210 3796 2299 3851; x_wconf 85' lang='grc' dir='ltr'>καὶ</span> <span class='ocrx_word' id='word_1_578' title='bbox 2334 3795 2619 3869; x_wconf 80' lang='grc' dir='ltr'>ἀπόκρυφοι</span> <span class='ocrx_word' id='word_1_579' title='bbox 2654 3791 3087 3868; x_wconf 58' lang='grc' dir='ltr'>μυπήριαβπερ</span> <span class='ocrx_word' id='word_1_580' title='bbox 3118 3792 3207 3846; x_wconf 83' lang='grc' dir='ltr'><strong>καὶ</strong></span> <span class='ocrx_word' id='word_1_581' title='bbox 3242 3790 3291 3846; x_wconf 75' lang='grc' dir='ltr'>ἰν</span> <span class='ocrx_word' id='word_1_582' title='bbox 3315 3794 3393 3862; x_wconf 80' lang='grc' dir='ltr'><strong>τῷ</strong></span> <span class='ocrx_word' id='word_1_583' title='bbox 3419 3788 3641 3865; x_wconf 84' lang='grc' dir='ltr'>μεγάλῳ</span> <span class='ocrx_word' id='word_1_584' title='bbox 3672 3786 3870 3862; x_wconf 77' lang='grc' dir='ltr'>γέγονε</span> 
     </span>
    </p>
   </div>
   <div class='ocr_carea' id='block_1_84' title="bbox 2214 3876 3872 3959">
    <p class='ocr_par' dir='ltr' id='par_1_84' title="bbox 2214 3876 3872 3959">
     <span class='ocr_line' id='line_1_84' title="bbox 2214 3876 3872 3959; baseline -0.007 -18"><span class='ocrx_word' id='word_1_585' title='bbox 2214 3884 2416 3957; x_wconf 83' lang='grc' dir='ltr'>Παύλῳ</span> <span class='ocrx_word' id='word_1_586' title='bbox 2460 3885 2591 3959; x_wconf 82' lang='grc' dir='ltr'>ἄχρι</span> <span class='ocrx_word' id='word_1_587' title='bbox 2639 3882 2825 3957; x_wconf 79' lang='grc' dir='ltr'>τρίτου</span> <span class='ocrx_word' id='word_1_588' title='bbox 2876 3881 3110 3955; x_wconf 88' lang='grc' dir='ltr'>οὐρανοῦ</span> <span class='ocrx_word' id='word_1_589' title='bbox 3160 3880 3394 3956; x_wconf 70' lang='grc' dir='ltr'>ἀρθέντι,</span> <span class='ocrx_word' id='word_1_590' title='bbox 3443 3876 3614 3953; x_wconf 68' lang='grc' dir='ltr'><strong>⁴ἤγουν</strong></span> <span class='ocrx_word' id='word_1_591' title='bbox 3660 3878 3761 3947; x_wconf 68' lang='grc' dir='ltr'><strong>τήν</strong></span> <span class='ocrx_word' id='word_1_592' title='bbox 3809 3896 3872 3930; x_wconf 80' lang='grc' dir='ltr'>τι</span> 
     </span>
    </p>
   </div>
   <div class='ocr_carea' id='block_1_85' title="bbox 2212 3961 3873 4051">
    <p class='ocr_par' dir='ltr' id='par_1_85' title="bbox 2212 3961 3873 4051">
     <span class='ocr_line' id='line_1_85' title="bbox 2212 3961 3873 4051; baseline -0.008 -22"><span class='ocrx_word' id='word_1_593' title='bbox 2212 3976 2409 4045; x_wconf 76' lang='grc' dir='ltr'>ἠθικὴν</span> <span class='ocrx_word' id='word_1_594' title='bbox 2459 3974 2548 4028; x_wconf 81' lang='grc' dir='ltr'><strong>καὶ</strong></span> <span class='ocrx_word' id='word_1_595' title='bbox 2580 3972 2809 4051; x_wconf 75' lang='grc' dir='ltr'>φυσικὴν</span> <span class='ocrx_word' id='word_1_596' title='bbox 2859 3968 3184 4047; x_wconf 79' lang='grc' dir='ltr'>φιλοσοφίαν</span> <span class='ocrx_word' id='word_1_597' title='bbox 3233 3969 3547 4044; x_wconf 84' lang='grc' dir='ltr'>περάσαντι,</span> <span class='ocrx_word' id='word_1_598' title='bbox 3595 3964 3685 4020; x_wconf 80' lang='grc' dir='ltr'><strong>καὶ</strong></span> <span class='ocrx_word' id='word_1_599' title='bbox 3732 3961 3873 4039; x_wconf 74' lang='grc' dir='ltr'>ἄχρι</span> 
     </span>
    </p>
   </div>
   <div class='ocr_carea' id='block_1_86' title="bbox 2213 4052 3871 4138">
    <p class='ocr_par' dir='ltr' id='par_1_86' title="bbox 2213 4052 3871 4138">
     <span class='ocr_line' id='line_1_86' title="bbox 2213 4052 3871 4138; baseline -0.007 -19"><span class='ocrx_word' id='word_1_600' title='bbox 2213 4070 2315 4133; x_wconf 83' lang='grc' dir='ltr'><strong>τῆς</strong></span> <span class='ocrx_word' id='word_1_601' title='bbox 2347 4061 2670 4137; x_wconf 78' lang='grc' dir='ltr'>θεολογικῆς</span> <span class='ocrx_word' id='word_1_602' title='bbox 2700 4059 2979 4138; x_wconf 80' lang='grc' dir='ltr'>φθάσαντι,</span> <span class='ocrx_word' id='word_1_603' title='bbox 3021 4058 3111 4114; x_wconf 87' lang='grc' dir='ltr'><strong>καὶ</strong></span> <span class='ocrx_word' id='word_1_604' title='bbox 3171 4057 3459 4113; x_wconf 78' lang='grc' dir='ltr'>ἀκούσαντι</span> <span class='ocrx_word' id='word_1_605' title='bbox 3506 4054 3715 4132; x_wconf 72' lang='grc' dir='ltr'>ἄρρητα</span> <span class='ocrx_word' id='word_1_606' title='bbox 3765 4052 3871 4128; x_wconf 75' lang='grc' dir='ltr'><strong>ῥή-</strong></span> 
     </span>
    </p>
   </div>
   <div class='ocr_carea' id='block_1_87' title="bbox 2224 4145 3312 4227">
    <p class='ocr_par' dir='ltr' id='par_1_87' title="bbox 2224 4145 3312 4227">
     <span class='ocr_line' id='line_1_87' title="bbox 2224 4145 3312 4227; baseline -0.005 -19"><span class='ocrx_word' id='word_1_607' title='bbox 2224 4174 2383 4227; x_wconf 86' lang='grc' dir='ltr'>ματα,</span> <span class='ocrx_word' id='word_1_608' title='bbox 2413 4150 2445 4206; x_wconf 76' lang='grc' dir='ltr'>ἃ</span> <span class='ocrx_word' id='word_1_609' title='bbox 2476 4150 2575 4207; x_wconf 85' lang='grc' dir='ltr'><strong>οὐκ</strong></span> <span class='ocrx_word' id='word_1_610' title='bbox 2603 4149 2716 4221; x_wconf 73' lang='grc' dir='ltr'>ἐξὸν</span> <span class='ocrx_word' id='word_1_611' title='bbox 2750 4149 3018 4225; x_wconf 85' lang='grc' dir='ltr'>ἀνθρώπῳ</span> <span class='ocrx_word' id='word_1_612' title='bbox 3050 4145 3312 4216; x_wconf 84' lang='grc' dir='ltr'>λαλῆσαι.</span> 
     </span>
    </p>
   </div>
   <div class='ocr_carea' id='block_1_88' title="bbox 2782 4282 3289 4357">
    <p class='ocr_par' dir='ltr' id='par_1_88' title="bbox 2782 4282 3289 4357">
     <span class='ocr_line' id='line_1_88' title="bbox 2782 4282 3289 4357; baseline -0.004 -20"><span class='ocrx_word' id='word_1_613' title='bbox 2782 4286 2899 4338; x_wconf 89' lang='grc' dir='ltr'>Τῶν</span> <span class='ocrx_word' id='word_1_614' title='bbox 2932 4283 2980 4357; x_wconf 85' lang='grc' dir='ltr'>γ’</span> <span class='ocrx_word' id='word_1_615' title='bbox 3014 4282 3289 4356; x_wconf 77' lang='grc' dir='ltr'>Πατὲρων.</span> 
     </span>
    </p>
   </div>
   <div class='ocr_carea' id='block_1_89' title="bbox 2289 4383 3872 4467">
    <p class='ocr_par' dir='ltr' id='par_1_89' title="bbox 2289 4383 3872 4467">
     <span class='ocr_line' id='line_1_89' title="bbox 2289 4383 3872 4467; baseline -0.008 -18"><span class='ocrx_word' id='word_1_616' title='bbox 2289 4392 2747 4467; x_wconf 87' lang='grc' dir='ltr'>Ἀποκρινόμεναι</span> <span class='ocrx_word' id='word_1_617' title='bbox 2793 4387 2851 4444; x_wconf 75' lang='grc' dir='ltr'><strong>δὲ</strong></span> <span class='ocrx_word' id='word_1_618' title='bbox 2906 4389 3094 4458; x_wconf 88' lang='grc' dir='ltr'>πάλιν,</span> <span class='ocrx_word' id='word_1_619' title='bbox 3155 4387 3229 4449; x_wconf 82' lang='grc' dir='ltr'><strong>ὡς</strong></span> <span class='ocrx_word' id='word_1_620' title='bbox 3289 4384 3524 4461; x_wconf 76' lang='grc' dir='ltr'>εἷ’ρηται,</span> <span class='ocrx_word' id='word_1_621' title='bbox 3565 4385 3620 4439; x_wconf 76' lang='grc' dir='ltr'>αἱ</span> <span class='ocrx_word' id='word_1_622' title='bbox 3672 4383 3872 4457; x_wconf 76' lang='grc' dir='ltr'>ἀναγό-</span> 
     </span>
    </p>
   </div>
   <div class='ocr_carea' id='block_1_90' title="bbox 2226 4470 3881 4557">
    <p class='ocr_par' dir='ltr' id='par_1_90' title="bbox 2226 4470 3881 4557">
     <span class='ocr_line' id='line_1_90' title="bbox 2226 4470 3881 4557; baseline -0.005 -23"><span class='ocrx_word' id='word_1_623' title='bbox 2226 4504 2377 4557; x_wconf 83' lang='grc' dir='ltr'>μεναι</span> <span class='ocrx_word' id='word_1_624' title='bbox 2423 4481 2596 4555; x_wconf 80' lang='grc' dir='ltr'>ψυχαὶ</span> <span class='ocrx_word' id='word_1_625' title='bbox 2652 4480 2787 4554; x_wconf 85' lang='grc' dir='ltr'>πρὸς</span> <span class='ocrx_word' id='word_1_626' title='bbox 2814 4480 2915 4546; x_wconf 76' lang='grc' dir='ltr'><strong>τήν</strong></span> <span class='ocrx_word' id='word_1_627' title='bbox 2946 4474 3232 4551; x_wconf 76' lang='grc' dir='ltr'>ἐνάγουσάν</span> <span class='ocrx_word' id='word_1_628' title='bbox 3285 4494 3463 4552; x_wconf 67' lang='grc' dir='ltr'>φασιν·</span> <span class='ocrx_word' id='word_1_629' title='bbox 3514 4470 3767 4541; x_wconf 73' lang='grc' dir='ltr'>Ἐπειδὴ,</span> <span class='ocrx_word' id='word_1_630' title='bbox 3801 4473 3881 4534; x_wconf 82' lang='grc' dir='ltr'>ὡς</span> 
     </span>
    </p>
   </div>
   <div class='ocr_carea' id='block_1_91' title="bbox 2223 4562 3880 4646">
    <p class='ocr_par' dir='ltr' id='par_1_91' title="bbox 2223 4562 3880 4646">
     <span class='ocr_line' id='line_1_91' title="bbox 2223 4562 3880 4646; baseline -0.008 -19"><span class='ocrx_word' id='word_1_631' title='bbox 2223 4572 2358 4639; x_wconf 88' lang='grc' dir='ltr'><strong>αὐτὴ</strong></span> <span class='ocrx_word' id='word_1_632' title='bbox 2418 4566 2574 4646; x_wconf 74' lang='grc' dir='ltr'>ἔφης,</span> <span class='ocrx_word' id='word_1_633' title='bbox 2627 4565 2883 4642; x_wconf 76' lang='grc' dir='ltr'>εἷσήγαγὲ</span> <span class='ocrx_word' id='word_1_634' title='bbox 2940 4586 2997 4620; x_wconf 86' lang='grc' dir='ltr'><strong>σε</strong></span> <span class='ocrx_word' id='word_1_635' title='bbox 3047 4567 3074 4620; x_wconf 82' lang='grc' dir='ltr'>ὁ</span> <span class='ocrx_word' id='word_1_636' title='bbox 3131 4563 3385 4640; x_wconf 78' lang='grc' dir='ltr'>βασιλεὺς</span> <span class='ocrx_word' id='word_1_637' title='bbox 3414 4562 3490 4624; x_wconf 69' lang='grc' dir='ltr'>εἷς</span> <span class='ocrx_word' id='word_1_638' title='bbox 3534 4563 3596 4616; x_wconf 80' lang='grc' dir='ltr'><strong>τὸ</strong></span> <span class='ocrx_word' id='word_1_639' title='bbox 3644 4566 3880 4632; x_wconf 81' lang='grc' dir='ltr'>ταμεῖον</span> 
     </span>
    </p>
   </div>
   <div class='ocr_carea' id='block_1_92' title="bbox 471 4631 2100 4732">
    <p class='ocr_par' dir='ltr' id='par_1_92' title="bbox 471 4631 2100 4730">
     <span class='ocr_line' id='line_1_92' title="bbox 471 4631 2100 4730; baseline -0.001 -16"><span class='ocrx_word' id='word_1_640' title='bbox 471 4661 534 4715; x_wconf 86' lang='grc' dir='ltr'><strong>1η</strong></span> <span class='ocrx_word' id='word_1_641' title='bbox 566 4631 670 4730; x_wconf 70' lang='grc' dir='ltr'><strong>ι]αο</strong></span> <span class='ocrx_word' id='word_1_642' title='bbox 694 4631 939 4713; x_wconf 74' lang='lat' dir='ltr'><strong>thesauri</strong></span> <span class='ocrx_word' id='word_1_643' title='bbox 981 4657 1264 4727; x_wconf 66' lang='lat' dir='ltr'><strong>s‘apienliaz</strong></span> <span class='ocrx_word' id='word_1_644' title='bbox 1304 4664 1434 4710; x_wconf 75' lang='lat' dir='ltr'><strong>sunt</strong></span> <span class='ocrx_word' id='word_1_645' title='bbox 1479 4656 1797 4724; x_wconf 74' lang='lat' dir='ltr'><strong>absconditi,</strong></span> <span class='ocrx_word' id='word_1_646' title='bbox 1848 4662 1905 4713; x_wconf 91' lang='lat' dir='ltr'><strong>et</strong></span> <span class='ocrx_word' id='word_1_647' title='bbox 1932 4658 2100 4729; x_wconf 69' lang='lat' dir='ltr'><strong>hujus</strong></span> 
     </span>
    </p>
   </div>
   <div class='ocr_carea' id='block_1_93' title="bbox 2213 4631 3886 4732">
    <p class='ocr_par' dir='ltr' id='par_1_93' title="bbox 2225 4631 3886 4732">
     <span class='ocr_line' id='line_1_93' title="bbox 2225 4631 3886 4732; baseline -0.008 -17"><span class='ocrx_word' id='word_1_648' title='bbox 2225 4631 2409 4728; x_wconf 76' lang='grc' dir='ltr'>αὐτοῦ,</span> <span class='ocrx_word' id='word_1_649' title='bbox 2458 4631 2639 4729; x_wconf 48' lang='grc' dir='ltr'><strong>ίενῷ</strong></span> <span class='ocrx_word' id='word_1_650' title='bbox 2691 4631 3140 4732; x_wconf 50' lang='grc' dir='ltr'>οί’ἀπόκρυφοι’</span> <span class='ocrx_word' id='word_1_651' title='bbox 3187 4651 3453 4727; x_wconf 85' lang='grc' dir='ltr'>θησαυροὶ</span> <span class='ocrx_word' id='word_1_652' title='bbox 3519 4657 3619 4719; x_wconf 82' lang='grc' dir='ltr'><strong>τῆς</strong></span> <span class='ocrx_word' id='word_1_653' title='bbox 3686 4649 3886 4727; x_wconf 71' lang='grc' dir='ltr'>σοφίας</span> 
     </span>
    </p>
   </div>
   <div class='ocr_carea' id='block_1_94' title="bbox 467 4745 2113 4811">
    <p class='ocr_par' dir='ltr' id='par_1_94' title="bbox 467 4745 2113 4811">
     <span class='ocr_line' id='line_1_94' title="bbox 467 4745 2113 4811; baseline -0.001 -7"><span class='ocrx_word' id='word_1_654' title='bbox 467 4748 703 4804; x_wconf 87' lang='lat' dir='ltr'><strong>divitias</strong></span> <span class='ocrx_word' id='word_1_655' title='bbox 731 4747 992 4803; x_wconf 87' lang='lat' dir='ltr'><strong>ostendit</strong></span> <span class='ocrx_word' id='word_1_656' title='bbox 1035 4745 1166 4811; x_wconf 90' lang='lat' dir='ltr'><strong>tibi,</strong></span> <span class='ocrx_word' id='word_1_657' title='bbox 1197 4746 1594 4801; x_wconf 75' lang='lat' dir='ltr'><strong>exsultabimus</strong></span> <span class='ocrx_word' id='word_1_658' title='bbox 1622 4749 1676 4800; x_wconf 74' lang='lat' dir='ltr'><strong>et</strong></span> <span class='ocrx_word' id='word_1_659' title='bbox 1707 4748 2026 4804; x_wconf 66' lang='lat' dir='ltr'><strong>laetabimur</strong></span> <span class='ocrx_word' id='word_1_660' title='bbox 2054 4750 2113 4803; x_wconf 88' lang='lat' dir='ltr'><strong>in</strong></span> 
     </span>
    </p>
   </div>
   <div class='ocr_carea' id='block_1_95' title="bbox 471 4834 2111 4909">
    <p class='ocr_par' dir='ltr' id='par_1_95' title="bbox 471 4834 2111 4909">
     <span class='ocr_line' id='line_1_95' title="bbox 471 4834 2111 4909; baseline -0.001 -16"><span class='ocrx_word' id='word_1_661' title='bbox 471 4836 582 4893; x_wconf 59' lang='lat' dir='ltr'><strong>tea.</strong></span> <span class='ocrx_word' id='word_1_662' title='bbox 616 4839 739 4901; x_wconf 88' lang='lat' dir='ltr'><strong>Quo</strong></span> <span class='ocrx_word' id='word_1_663' title='bbox 770 4836 944 4891; x_wconf 88' lang='lat' dir='ltr'><strong>modo</strong></span> <span class='ocrx_word' id='word_1_664' title='bbox 1006 4834 1315 4903; x_wconf 78' lang='lat' dir='ltr'><strong>diligemus</strong></span> <span class='ocrx_word' id='word_1_665' title='bbox 1375 4835 1554 4890; x_wconf 91' lang='lat' dir='ltr'><strong>ubera</strong></span> <span class='ocrx_word' id='word_1_666' title='bbox 1610 4835 1748 4890; x_wconf 87' lang='lat' dir='ltr'><strong>tua?</strong></span> <span class='ocrx_word' id='word_1_667' title='bbox 1803 4837 1991 4909; x_wconf 90' lang='lat' dir='ltr'><strong>Super</strong></span> <span class='ocrx_word' id='word_1_668' title='bbox 2030 4837 2111 4891; x_wconf 90' lang='lat' dir='ltr'><strong>vi-</strong></span> 
     </span>
    </p>
   </div>
   <div class='ocr_carea' id='block_1_96' title="bbox 472 4922 2117 4995">
    <p class='ocr_par' dir='ltr' id='par_1_96' title="bbox 472 4922 2117 4995">
     <span class='ocr_line' id='line_1_96' title="bbox 472 4922 2117 4995; baseline 0 -13"><span class='ocrx_word' id='word_1_669' title='bbox 472 4943 640 4992; x_wconf 89' lang='lat' dir='ltr'><strong>num,</strong></span> <span class='ocrx_word' id='word_1_670' title='bbox 672 4926 731 4981; x_wconf 92' lang='lat' dir='ltr'><strong>id</strong></span> <span class='ocrx_word' id='word_1_671' title='bbox 764 4929 872 4993; x_wconf 87' lang='lat' dir='ltr'><strong>est,</strong></span> <span class='ocrx_word' id='word_1_672' title='bbox 908 4922 1041 4995; x_wconf 89' lang='lat' dir='ltr'><strong>plus</strong></span> <span class='ocrx_word' id='word_1_673' title='bbox 1073 4940 1249 4995; x_wconf 88' lang='lat' dir='ltr'><strong>quam</strong></span> <span class='ocrx_word' id='word_1_674' title='bbox 1300 4927 1571 4978; x_wconf 90' lang='lat' dir='ltr'><strong>naturam</strong></span> <span class='ocrx_word' id='word_1_675' title='bbox 1620 4924 1737 4979; x_wconf 88' lang='lat' dir='ltr'><strong>vini</strong></span> <span class='ocrx_word' id='word_1_676' title='bbox 1795 4942 1829 4981; x_wconf 88' lang='lat' dir='ltr'><strong>a</strong></span> <span class='ocrx_word' id='word_1_677' title='bbox 1875 4926 2117 4982; x_wconf 86' lang='lat' dir='ltr'><strong>veritate</strong></span> 
     </span>
    </p>
   </div>
   <div class='ocr_carea' id='block_1_97' title="bbox 472 5012 2116 5085">
    <p class='ocr_par' dir='ltr' id='par_1_97' title="bbox 472 5012 2116 5085">
     <span class='ocr_line' id='line_1_97' title="bbox 472 5012 2116 5085; baseline -0.001 -13"><span class='ocrx_word' id='word_1_678' title='bbox 472 5019 729 5073; x_wconf 87' lang='lat' dir='ltr'><strong>mentem</strong></span> <span class='ocrx_word' id='word_1_679' title='bbox 760 5013 1097 5081; x_wconf 86' lang='lat' dir='ltr'><strong>avertentis,</strong></span> <span class='ocrx_word' id='word_1_680' title='bbox 1129 5012 1261 5085; x_wconf 91' lang='lat' dir='ltr'><strong>plus</strong></span> <span class='ocrx_word' id='word_1_681' title='bbox 1319 5030 1495 5085; x_wconf 89' lang='lat' dir='ltr'><strong>quam</strong></span> <span class='ocrx_word' id='word_1_682' title='bbox 1549 5029 1743 5069; x_wconf 87' lang='lat' dir='ltr'><strong>rerum</strong></span> <span class='ocrx_word' id='word_1_683' title='bbox 1795 5013 2116 5070; x_wconf 88' lang='lat' dir='ltr'><strong>visibilium</strong></span> 
     </span>
    </p>
   </div>
   <div class='ocr_carea' id='block_1_98' title="bbox 473 5102 2116 5177">
    <p class='ocr_par' dir='ltr' id='par_1_98' title="bbox 473 5102 2116 5177">
     <span class='ocr_line' id='line_1_98' title="bbox 473 5102 2116 5177; baseline -0.002 -15"><span class='ocrx_word' id='word_1_684' title='bbox 473 5102 894 5177; x_wconf 86' lang='lat' dir='ltr'><strong>speciem,plus</strong></span> <span class='ocrx_word' id='word_1_685' title='bbox 916 5118 1094 5173; x_wconf 91' lang='lat' dir='ltr'><strong>quam</strong></span> <span class='ocrx_word' id='word_1_686' title='bbox 1114 5102 1261 5175; x_wconf 88' lang='lat' dir='ltr'><strong>legis</strong></span> <span class='ocrx_word' id='word_1_687' title='bbox 1292 5102 1885 5175; x_wconf 58' lang='lat' dir='ltr'><strong>litteramjdiligemus</strong></span> <span class='ocrx_word' id='word_1_688' title='bbox 1906 5120 1973 5159; x_wconf 91' lang='lat' dir='ltr'><strong>ea</strong></span> <span class='ocrx_word' id='word_1_689' title='bbox 1989 5120 2116 5175; x_wconf 68' lang='lat' dir='ltr'><strong>quas</strong></span> 
     </span>
    </p>
   </div>
   <div class='ocr_carea' id='block_1_99' title="bbox 477 5191 2118 5263">
    <p class='ocr_par' dir='ltr' id='par_1_99' title="bbox 477 5191 2118 5263">
     <span class='ocr_line' id='line_1_99' title="bbox 477 5191 2118 5263; baseline -0.003 -12"><span class='ocrx_word' id='word_1_690' title='bbox 477 5210 511 5251; x_wconf 91' lang='lat' dir='ltr'><strong>a</strong></span> <span class='ocrx_word' id='word_1_691' title='bbox 540 5198 596 5250; x_wconf 92' lang='lat' dir='ltr'><strong>te</strong></span> <span class='ocrx_word' id='word_1_692' title='bbox 639 5193 697 5249; x_wconf 91' lang='lat' dir='ltr'><strong>in</strong></span> <span class='ocrx_word' id='word_1_693' title='bbox 729 5191 991 5249; x_wconf 85' lang='lat' dir='ltr'><strong>Ecclesia</strong></span> <span class='ocrx_word' id='word_1_694' title='bbox 1035 5192 1352 5247; x_wconf 88' lang='lat' dir='ltr'><strong>traduntur</strong></span> <span class='ocrx_word' id='word_1_695' title='bbox 1397 5192 1751 5262; x_wconf 91' lang='lat' dir='ltr'><strong>rudimenta,</strong></span> <span class='ocrx_word' id='word_1_696' title='bbox 1785 5192 2021 5263; x_wconf 87' lang='lat' dir='ltr'><strong>quibus,</strong></span> <span class='ocrx_word' id='word_1_697' title='bbox 2054 5196 2118 5248; x_wconf 92' lang='lat' dir='ltr'><strong>ut</strong></span> 
     </span>
    </p>
   </div>
   <div class='ocr_carea' id='block_1_100' title="bbox 470 5279 2114 5353">
    <p class='ocr_par' dir='ltr' id='par_1_100' title="bbox 470 5279 2114 5353">
     <span class='ocr_line' id='line_1_100' title="bbox 470 5279 2114 5353; baseline -0.001 -15"><span class='ocrx_word' id='word_1_698' title='bbox 470 5281 620 5338; x_wconf 89' lang='lat' dir='ltr'><strong>lacte</strong></span> <span class='ocrx_word' id='word_1_699' title='bbox 651 5279 995 5353; x_wconf 75' lang='lat' dir='ltr'><strong>disciplinas,</strong></span> <span class='ocrx_word' id='word_1_700' title='bbox 1023 5284 1189 5352; x_wconf 90' lang='lat' dir='ltr'><strong>potas</strong></span> <span class='ocrx_word' id='word_1_701' title='bbox 1221 5279 1476 5336; x_wconf 82' lang='lat' dir='ltr'><strong>infantes</strong></span> <span class='ocrx_word' id='word_1_702' title='bbox 1517 5280 1575 5335; x_wconf 91' lang='lat' dir='ltr'><strong>in</strong></span> <span class='ocrx_word' id='word_1_703' title='bbox 1616 5280 1868 5348; x_wconf 88' lang='lat' dir='ltr'><strong>Christo,</strong></span> <span class='ocrx_word' id='word_1_704' title='bbox 1903 5284 1959 5336; x_wconf 90' lang='lat' dir='ltr'><strong>et</strong></span> <span class='ocrx_word' id='word_1_705' title='bbox 2006 5298 2114 5337; x_wconf 54' lang='lat' dir='ltr'><strong>nu.</strong></span> 
     </span>
    </p>
   </div>
   <div class='ocr_carea' id='block_1_101' title="bbox 472 5368 2119 5442">
    <p class='ocr_par' dir='ltr' id='par_1_101' title="bbox 472 5368 2119 5442">
     <span class='ocr_line' id='line_1_101' title="bbox 472 5368 2119 5442; baseline 0.001 -16"><span class='ocrx_word' id='word_1_706' title='bbox 472 5370 581 5426; x_wconf 89' lang='lat' dir='ltr'><strong>tris</strong></span> <span class='ocrx_word' id='word_1_707' title='bbox 611 5370 683 5426; x_wconf 92' lang='lat' dir='ltr'><strong>ad</strong></span> <span class='ocrx_word' id='word_1_708' title='bbox 716 5368 1013 5442; x_wconf 84' lang='lat' dir='ltr'><strong>pietatem.</strong></span> <span class='ocrx_word' id='word_1_709' title='bbox 1037 5369 1184 5435; x_wconf 88' lang='lat' dir='ltr'><strong>Quid</strong></span> <span class='ocrx_word' id='word_1_710' title='bbox 1219 5368 1341 5425; x_wconf 79' lang='lat' dir='ltr'><strong>ita?</strong></span> <span class='ocrx_word' id='word_1_711' title='bbox 1373 5368 1516 5433; x_wconf 86' lang='lat' dir='ltr'><strong>Quia</strong></span> <span class='ocrx_word' id='word_1_712' title='bbox 1547 5369 1856 5438; x_wconf 89' lang='lat' dir='ltr'><strong>rectitudo,</strong></span> <span class='ocrx_word' id='word_1_713' title='bbox 1885 5370 1985 5442; x_wconf 90' lang='lat' dir='ltr'><strong>qui</strong></span> <span class='ocrx_word' id='word_1_714' title='bbox 2028 5377 2119 5427; x_wconf 88' lang='lat' dir='ltr'><strong>est</strong></span> 
     </span>
    </p>
   </div>
   <div class='ocr_carea' id='block_1_102' title="bbox 472 5458 2117 5530">
    <p class='ocr_par' dir='ltr' id='par_1_102' title="bbox 472 5458 2117 5530">
     <span class='ocr_line' id='line_1_102' title="bbox 472 5458 2117 5530; baseline 0.001 -15"><span class='ocrx_word' id='word_1_715' title='bbox 472 5458 768 5527; x_wconf 88' lang='lat' dir='ltr'><strong>Christus,</strong></span> <span class='ocrx_word' id='word_1_716' title='bbox 801 5458 1004 5515; x_wconf 81' lang='lat' dir='ltr'><strong>dilexit</strong></span> <span class='ocrx_word' id='word_1_717' title='bbox 1033 5463 1109 5514; x_wconf 91' lang='lat' dir='ltr'><strong>te.</strong></span> <span class='ocrx_word' id='word_1_718' title='bbox 1144 5458 1275 5529; x_wconf 88' lang='lat' dir='ltr'><strong>Ipse</strong></span> <span class='ocrx_word' id='word_1_719' title='bbox 1318 5459 1496 5527; x_wconf 89' lang='lat' dir='ltr'><strong>enim,</strong></span> <span class='ocrx_word' id='word_1_720' title='bbox 1530 5462 1597 5514; x_wconf 87' lang='lat' dir='ltr'><strong>ut</strong></span> <span class='ocrx_word' id='word_1_721' title='bbox 1641 5464 1730 5514; x_wconf 90' lang='lat' dir='ltr'><strong>est</strong></span> <span class='ocrx_word' id='word_1_722' title='bbox 1759 5460 1996 5530; x_wconf 90' lang='lat' dir='ltr'><strong>veritas,</strong></span> <span class='ocrx_word' id='word_1_723' title='bbox 2032 5461 2117 5517; x_wconf 89' lang='lat' dir='ltr'><strong>sic</strong></span> 
     </span>
    </p>
   </div>
   <div class='ocr_carea' id='block_1_103' title="bbox 475 5546 2118 5621">
    <p class='ocr_par' dir='ltr' id='par_1_103' title="bbox 475 5546 2118 5621">
     <span class='ocr_line' id='line_1_103' title="bbox 475 5546 2118 5621; baseline 0.002 -17"><span class='ocrx_word' id='word_1_724' title='bbox 475 5546 652 5604; x_wconf 89' lang='lat' dir='ltr'><strong>etiam</strong></span> <span class='ocrx_word' id='word_1_725' title='bbox 709 5552 799 5605; x_wconf 89' lang='lat' dir='ltr'><strong>est</strong></span> <span class='ocrx_word' id='word_1_726' title='bbox 855 5547 1164 5604; x_wconf 89' lang='lat' dir='ltr'><strong>rectitudo.</strong></span> <span class='ocrx_word' id='word_1_727' title='bbox 1228 5546 1485 5619; x_wconf 86' lang='lat' dir='ltr'><strong>Diligens</strong></span> <span class='ocrx_word' id='word_1_728' title='bbox 1542 5552 1738 5605; x_wconf 88' lang='lat' dir='ltr'><strong>autem</strong></span> <span class='ocrx_word' id='word_1_729' title='bbox 1777 5551 2118 5621; x_wconf 87' lang='lat' dir='ltr'><strong>te,aperuit</strong></span> 
     </span>
    </p>
   </div>
   <div class='ocr_carea' id='block_1_104' title="bbox 546 5726 1560 5801">
    <p class='ocr_par' dir='ltr' id='par_1_104' title="bbox 546 5726 1560 5801">
     <span class='ocr_line' id='line_1_104' title="bbox 546 5726 1560 5801; baseline -0.002 -15"><span class='ocrx_word' id='word_1_730' title='bbox 546 5731 570 5766; x_wconf 77' lang='grc'>³</span> <span class='ocrx_word' id='word_1_731' title='bbox 600 5728 649 5786; x_wconf 90' lang='grc' dir='ltr'><strong>ιι</strong></span> <span class='ocrx_word' id='word_1_732' title='bbox 682 5732 811 5800; x_wconf 89' lang='lat' dir='ltr'><strong>Cor,</strong></span> <span class='ocrx_word' id='word_1_733' title='bbox 840 5744 943 5801; x_wconf 81' lang='lat' dir='ltr'><strong>xu,</strong></span> <span class='ocrx_word' id='word_1_734' title='bbox 974 5729 1029 5787; x_wconf 77' lang='grc'><strong>4.</strong></span> <span class='ocrx_word' id='word_1_735' title='bbox 1105 5728 1127 5765; x_wconf 85' lang='grc'>³</span> <span class='ocrx_word' id='word_1_736' title='bbox 1155 5726 1379 5786; x_wconf 88' lang='lat' dir='ltr'><strong>Coloss.</strong></span> <span class='ocrx_word' id='word_1_737' title='bbox 1414 5744 1476 5798; x_wconf 86' lang='grc' dir='ltr'><strong>ιι,</strong></span> <span class='ocrx_word' id='word_1_738' title='bbox 1506 5727 1560 5785; x_wconf 87' lang='grc'><strong>3.</strong></span> 
     </span>
    </p>
   </div>
   <div class='ocr_carea' id='block_1_105' title="bbox 2225 4737 3887 4817">
    <p class='ocr_par' dir='ltr' id='par_1_105' title="bbox 2225 4737 3887 4817">
     <span class='ocr_line' id='line_1_105' title="bbox 2225 4737 3887 4817; baseline -0.007 -13"><span class='ocrx_word' id='word_1_739' title='bbox 2225 4748 2348 4817; x_wconf 70' lang='grc' dir='ltr'>εἶσὶ,</span> <span class='ocrx_word' id='word_1_740' title='bbox 2394 4747 2484 4803; x_wconf 85' lang='grc' dir='ltr'><strong>καὶ</strong></span> <span class='ocrx_word' id='word_1_741' title='bbox 2533 4747 2625 4801; x_wconf 88' lang='grc' dir='ltr'><strong>τὸν</strong></span> <span class='ocrx_word' id='word_1_742' title='bbox 2670 4744 2871 4814; x_wconf 78' lang='grc' dir='ltr'>ταύτης</span> <span class='ocrx_word' id='word_1_743' title='bbox 2924 4764 3007 4797; x_wconf 91' lang='grc' dir='ltr'><strong>σοι</strong></span> <span class='ocrx_word' id='word_1_744' title='bbox 3057 4740 3299 4797; x_wconf 87' lang='grc' dir='ltr'>πλοῦτον</span> <span class='ocrx_word' id='word_1_745' title='bbox 3350 4737 3660 4809; x_wconf 77' lang='grc' dir='ltr'>ὑπέδειξεν,</span> <span class='ocrx_word' id='word_1_746' title='bbox 3710 4737 3887 4813; x_wconf 82' lang='grc' dir='ltr'>ἀγαλ-</span> 
     </span>
    </p>
   </div>
   <div class='ocr_carea' id='block_1_106' title="bbox 2227 4827 3888 4910">
    <p class='ocr_par' dir='ltr' id='par_1_106' title="bbox 2227 4827 3888 4910">
     <span class='ocr_line' id='line_1_106' title="bbox 2227 4827 3888 4910; baseline -0.008 -17"><span class='ocrx_word' id='word_1_747' title='bbox 2227 4837 2548 4909; x_wconf 85' lang='grc' dir='ltr'>λιασώμεοα</span> <span class='ocrx_word' id='word_1_748' title='bbox 2604 4834 2695 4889; x_wconf 83' lang='grc' dir='ltr'><strong>καὶ</strong></span> <span class='ocrx_word' id='word_1_749' title='bbox 2755 4832 3135 4910; x_wconf 74' lang='grc' dir='ltr'>εὐφρανθῶμεν</span> <span class='ocrx_word' id='word_1_750' title='bbox 3194 4828 3245 4884; x_wconf 78' lang='grc' dir='ltr'>ἐν</span> <span class='ocrx_word' id='word_1_751' title='bbox 3305 4830 3431 4887; x_wconf 89' lang='grc' dir='ltr'>σοί.</span> <span class='ocrx_word' id='word_1_752' title='bbox 3498 4828 3613 4881; x_wconf 90' lang='grc' dir='ltr'>Τίνι</span> <span class='ocrx_word' id='word_1_753' title='bbox 3688 4827 3888 4902; x_wconf 82' lang='grc' dir='ltr'>τρόπῳ</span> 
     </span>
    </p>
   </div>
   <div class='ocr_carea' id='block_1_107' title="bbox 2225 4914 3887 5003">
    <p class='ocr_par' dir='ltr' id='par_1_107' title="bbox 2225 4914 3887 5003">
     <span class='ocr_line' id='line_1_107' title="bbox 2225 4914 3887 5003; baseline -0.007 -21"><span class='ocrx_word' id='word_1_754' title='bbox 2225 4928 2576 5003; x_wconf 79' lang='grc' dir='ltr'>ἀγαπήσομεν</span> <span class='ocrx_word' id='word_1_755' title='bbox 2626 4921 2861 4997; x_wconf 82' lang='grc' dir='ltr'>μαστούς</span> <span class='ocrx_word' id='word_1_756' title='bbox 2908 4941 3042 4991; x_wconf 86' lang='grc' dir='ltr'>σου;</span> <span class='ocrx_word' id='word_1_757' title='bbox 3091 4919 3248 4995; x_wconf 78' lang='grc' dir='ltr'>’Υπὶρ</span> <span class='ocrx_word' id='word_1_758' title='bbox 3299 4919 3467 4985; x_wconf 73' lang='grc' dir='ltr'>οἶνον,</span> <span class='ocrx_word' id='word_1_759' title='bbox 3518 4914 3693 4991; x_wconf 76' lang='grc' dir='ltr'>ἤγουν</span> <span class='ocrx_word' id='word_1_760' title='bbox 3744 4915 3887 4989; x_wconf 70' lang='grc' dir='ltr'>ὑπὲρ</span> 
     </span>
    </p>
   </div>
   <div class='ocr_carea' id='block_1_108' title="bbox 2224 5004 3890 5083">
    <p class='ocr_par' dir='ltr' id='par_1_108' title="bbox 2224 5004 3890 5083">
     <span class='ocr_line' id='line_1_108' title="bbox 2224 5004 3890 5083; baseline -0.008 -13"><span class='ocrx_word' id='word_1_761' title='bbox 2224 5016 2326 5083; x_wconf 76' lang='grc' dir='ltr'><strong>τήν</strong></span> <span class='ocrx_word' id='word_1_762' title='bbox 2358 5011 2511 5082; x_wconf 82' lang='grc' dir='ltr'>δίκην</span> <span class='ocrx_word' id='word_1_763' title='bbox 2554 5010 2727 5080; x_wconf 72' lang='grc' dir='ltr'>οἴνου,</span> <span class='ocrx_word' id='word_1_764' title='bbox 2785 5016 2884 5078; x_wconf 78' lang='grc' dir='ltr'><strong>τῆς</strong></span> <span class='ocrx_word' id='word_1_765' title='bbox 2937 5006 3198 5079; x_wconf 85' lang='grc' dir='ltr'>ἀληθείας</span> <span class='ocrx_word' id='word_1_766' title='bbox 3253 5006 3344 5061; x_wconf 90' lang='grc' dir='ltr'><strong>τὸν</strong></span> <span class='ocrx_word' id='word_1_767' title='bbox 3395 5010 3518 5060; x_wconf 89' lang='grc' dir='ltr'>νοῦν</span> <span class='ocrx_word' id='word_1_768' title='bbox 3567 5004 3890 5075; x_wconf 67' lang='grc' dir='ltr'>ἔξιστῶσαν,</span> 
     </span>
    </p>
   </div>
   <div class='ocr_carea' id='block_1_109' title="bbox 2228 5094 3888 5181">
    <p class='ocr_par' dir='ltr' id='par_1_109' title="bbox 2228 5094 3888 5181">
     <span class='ocr_line' id='line_1_109' title="bbox 2228 5094 3888 5181; baseline -0.008 -22"><span class='ocrx_word' id='word_1_769' title='bbox 2228 5102 2538 5181; x_wconf 68' lang='grc' dir='ltr'>ἐπιφάνειάν</span> <span class='ocrx_word' id='word_1_770' title='bbox 2607 5121 2665 5156; x_wconf 88' lang='grc' dir='ltr'><strong>τε</strong></span> <span class='ocrx_word' id='word_1_771' title='bbox 2715 5100 2925 5174; x_wconf 86' lang='grc' dir='ltr'>ὁρατῶν</span> <span class='ocrx_word' id='word_1_772' title='bbox 2975 5096 3065 5151; x_wconf 87' lang='grc' dir='ltr'>καὶ</span> <span class='ocrx_word' id='word_1_773' title='bbox 3119 5097 3182 5151; x_wconf 86' lang='grc' dir='ltr'>τὸ</span> <span class='ocrx_word' id='word_1_774' title='bbox 3232 5099 3330 5150; x_wconf 89' lang='grc' dir='ltr'><strong>τοῦ</strong></span> <span class='ocrx_word' id='word_1_775' title='bbox 3388 5094 3559 5167; x_wconf 88' lang='grc' dir='ltr'>νόμου</span> <span class='ocrx_word' id='word_1_776' title='bbox 3601 5094 3834 5169; x_wconf 83' lang='grc' dir='ltr'>γράμμα</span> <span class='ocrx_word' id='word_1_777' title='bbox 3870 5140 3888 5165; x_wconf 76' lang='grc'><strong>,</strong></span> 
     </span>
    </p>
   </div>
   <div class='ocr_carea' id='block_1_110' title="bbox 2229 5181 3893 5267">
    <p class='ocr_par' dir='ltr' id='par_1_110' title="bbox 2229 5181 3893 5267">
     <span class='ocr_line' id='line_1_110' title="bbox 2229 5181 3893 5267; baseline -0.007 -20"><span class='ocrx_word' id='word_1_778' title='bbox 2229 5192 2585 5267; x_wconf 73' lang='grc' dir='ltr'>ἀγαπήσομεν</span> <span class='ocrx_word' id='word_1_779' title='bbox 2618 5191 2684 5244; x_wconf 82' lang='grc' dir='ltr'><strong>τὰ</strong></span> <span class='ocrx_word' id='word_1_780' title='bbox 2712 5188 2858 5264; x_wconf 89' lang='grc' dir='ltr'><strong>παρά</strong></span> <span class='ocrx_word' id='word_1_781' title='bbox 2886 5191 2981 5241; x_wconf 88' lang='grc' dir='ltr'><strong>σοῦ</strong></span> <span class='ocrx_word' id='word_1_782' title='bbox 3011 5186 3064 5241; x_wconf 76' lang='grc' dir='ltr'>ἐν</span> <span class='ocrx_word' id='word_1_783' title='bbox 3108 5189 3177 5259; x_wconf 80' lang='grc' dir='ltr'><strong>τῇ</strong></span> <span class='ocrx_word' id='word_1_784' title='bbox 3228 5181 3531 5254; x_wconf 84' lang='grc' dir='ltr'>Ἐκκλησία</span> <span class='ocrx_word' id='word_1_785' title='bbox 3575 5181 3893 5256; x_wconf 73' lang='grc' dir='ltr'>τελούμενα</span> 
     </span>
    </p>
   </div>
   <div class='ocr_carea' id='block_1_111' title="bbox 2230 5269 3891 5355">
    <p class='ocr_par' dir='ltr' id='par_1_111' title="bbox 2230 5269 3891 5355">
     <span class='ocr_line' id='line_1_111' title="bbox 2230 5269 3891 5355; baseline -0.008 -17"><span class='ocrx_word' id='word_1_786' title='bbox 2230 5276 2520 5355; x_wconf 75' lang='grc' dir='ltr'>σύμϐολα.</span> <span class='ocrx_word' id='word_1_787' title='bbox 2575 5280 2652 5334; x_wconf 88' lang='grc' dir='ltr'><strong>Δι’</strong></span> <span class='ocrx_word' id='word_1_788' title='bbox 2710 5279 2785 5332; x_wconf 86' lang='grc' dir='ltr'><strong>ῶν</strong></span> <span class='ocrx_word' id='word_1_789' title='bbox 2844 5277 2942 5346; x_wconf 80' lang='grc' dir='ltr'>τὴν</span> <span class='ocrx_word' id='word_1_790' title='bbox 2990 5274 3352 5350; x_wconf 76' lang='grc' dir='ltr'>εἰσαγωγικὴν</span> <span class='ocrx_word' id='word_1_791' title='bbox 3404 5269 3753 5327; x_wconf 84' lang='grc' dir='ltr'>διδασκαλίαν</span> <span class='ocrx_word' id='word_1_792' title='bbox 3811 5272 3891 5333; x_wconf 86' lang='grc' dir='ltr'><strong>ὡς</strong></span> 
     </span>
    </p>
   </div>
   <div class='ocr_carea' id='block_1_112' title="bbox 2223 5359 3893 5446">
    <p class='ocr_par' dir='ltr' id='par_1_112' title="bbox 2223 5359 3893 5446">
     <span class='ocr_line' id='line_1_112' title="bbox 2223 5359 3893 5446; baseline -0.007 -20"><span class='ocrx_word' id='word_1_793' title='bbox 2223 5369 2364 5446; x_wconf 88' lang='grc' dir='ltr'>γάλα</span> <span class='ocrx_word' id='word_1_794' title='bbox 2408 5369 2646 5439; x_wconf 81' lang='grc' dir='ltr'>ποτίζεις</span> <span class='ocrx_word' id='word_1_795' title='bbox 2692 5366 2819 5429; x_wconf 78' lang='grc' dir='ltr'>τοῦς</span> <span class='ocrx_word' id='word_1_796' title='bbox 2865 5364 2916 5421; x_wconf 79' lang='grc' dir='ltr'>ἐν</span> <span class='ocrx_word' id='word_1_797' title='bbox 2958 5366 3175 5436; x_wconf 82' lang='grc' dir='ltr'>Χριστῷ</span> <span class='ocrx_word' id='word_1_798' title='bbox 3218 5361 3474 5434; x_wconf 88' lang='grc' dir='ltr'>νηπίους,</span> <span class='ocrx_word' id='word_1_799' title='bbox 3522 5362 3615 5416; x_wconf 84' lang='grc' dir='ltr'><strong>καὶ</strong></span> <span class='ocrx_word' id='word_1_800' title='bbox 3667 5359 3893 5438; x_wconf 66' lang='grc' dir='ltr'>τρὲφεις</span> 
     </span>
    </p>
   </div>
   <div class='ocr_carea' id='block_1_113' title="bbox 2224 5450 3898 5535">
    <p class='ocr_par' dir='ltr' id='par_1_113' title="bbox 2224 5450 3898 5535">
     <span class='ocr_line' id='line_1_113' title="bbox 2224 5450 3898 5535; baseline -0.007 -19"><span class='ocrx_word' id='word_1_801' title='bbox 2224 5461 2362 5535; x_wconf 89' lang='grc' dir='ltr'>πρὸς</span> <span class='ocrx_word' id='word_1_802' title='bbox 2406 5453 2727 5523; x_wconf 75' lang='grc' dir='ltr'>θεοσᾶὃειαν.</span> <span class='ocrx_word' id='word_1_803' title='bbox 2761 5457 2838 5511; x_wconf 87' lang='grc' dir='ltr'><strong>Δι’</strong></span> <span class='ocrx_word' id='word_1_804' title='bbox 2868 5457 2929 5525; x_wconf 80' lang='grc' dir='ltr'>ἢν</span> <span class='ocrx_word' id='word_1_805' title='bbox 2964 5454 3136 5509; x_wconf 76' lang='grc' dir='ltr'>αἰτίαν</span> <span class='ocrx_word' id='word_1_806' title='bbox 3163 5473 3177 5525; x_wconf 88' lang='grc'>;</span> <span class='ocrx_word' id='word_1_807' title='bbox 3208 5454 3332 5510; x_wconf 72' lang='grc' dir='ltr'>’Ότι</span> <span class='ocrx_word' id='word_1_808' title='bbox 3366 5450 3598 5521; x_wconf 78' lang='grc' dir='ltr'>εὐθύτης</span> <span class='ocrx_word' id='word_1_809' title='bbox 3628 5450 3898 5525; x_wconf 76' lang='grc' dir='ltr'>ἠγάπησέ</span> 
     </span>
    </p>
   </div>
   <div class='ocr_carea' id='block_1_114' title="bbox 2227 5538 3897 5622">
    <p class='ocr_par' dir='ltr' id='par_1_114' title="bbox 2227 5538 3897 5622">
     <span class='ocr_line' id='line_1_114' title="bbox 2227 5538 3897 5622; baseline -0.007 -18"><span class='ocrx_word' id='word_1_810' title='bbox 2227 5570 2304 5620; x_wconf 88' lang='grc' dir='ltr'><strong>σε,</strong></span> <span class='ocrx_word' id='word_1_811' title='bbox 2351 5548 2474 5618; x_wconf 81' lang='grc' dir='ltr'>ἥτις</span> <span class='ocrx_word' id='word_1_812' title='bbox 2520 5546 2627 5602; x_wconf 80' lang='grc' dir='ltr'>ἐστὶ</span> <span class='ocrx_word' id='word_1_813' title='bbox 2680 5543 2934 5622; x_wconf 87' lang='grc' dir='ltr'>Χριστός·</span> <span class='ocrx_word' id='word_1_814' title='bbox 2986 5542 3148 5605; x_wconf 90' lang='grc' dir='ltr'>αὐτὸς</span> <span class='ocrx_word' id='word_1_815' title='bbox 3194 5542 3301 5617; x_wconf 82' lang='grc' dir='ltr'><strong>γὰρ</strong></span> <span class='ocrx_word' id='word_1_816' title='bbox 3352 5539 3582 5610; x_wconf 79' lang='grc' dir='ltr'>εὐθύτης</span> <span class='ocrx_word' id='word_1_817' title='bbox 3636 5538 3781 5594; x_wconf 69' lang='grc' dir='ltr'>ἐστὶν</span> <span class='ocrx_word' id='word_1_818' title='bbox 3814 5539 3897 5593; x_wconf 84' lang='grc' dir='ltr'><strong>ὡ-</strong></span> 
     </span>
    </p>
   </div>
  </div>
