4078 6336
206 397 327 456 545

1256 390 1662 452 COMMENT.
1710 391 1788 452 IN
1834 391 2232 462 CANTICUM
2278 391 2590 452 CANTlC.

3508 393 3628 452 546

202 527 460 596 ἀλήθεια.
493 523 844 599 Ἀγαπήσασα
877 521 933 578 δέ
963 543 1020 577 σε
1067 523 1136 577 τὰ
1172 523 1368 592 εαυτῆς
1421 543 1504 576 σοι
1555 522 1867 596 ἀπεκάλυψε

1981 524 2089 580 tibi
2124 523 2402 596 mysteria
2439 541 2567 592 sua,
2601 525 2757 580 unde
2804 522 2932 579 sine
2961 539 3156 580 errore
3205 540 3311 580 nos
3355 523 3523 580 ducis
3553 523 3626 579 ad

205 617 505 688 μυστήρια.
539 613 836 676 Κάντεῦθεν
867 609 1124 673 ἀπλανῶς
1157 611 1363 686 ἐνάγεις
1396 614 1544 684 ἡμᾶς
1586 612 1722 686 πρὸς
1770 613 1866 681 την

203 704 491 774 ἀλήθειαν,
526 700 615 757 διὰ
641 706 748 756 τῶν
774 702 918 775 παρὰ
949 705 1045 755 σοῦ
1066 699 1414 772 τελουμένων
1445 700 1496 756 ἐν
1528 705 1597 774 τῇ
1630 699 1870 772 Ἐκκληυ

202 795 294 864 σίᾳ
346 788 667 866 συμϐόλων.
700 791 791 845 Διὸ
832 788 899 860 δὴ
959 794 1127 844 ταῦτα
1176 791 1308 866 ὑπὲρ
1337 790 1402 845 τὰ
1431 789 1718 861 ἐξιστῶντα
1768 796 1869 859 τῆς

202 882 498 952 ἀληθείας,
529 881 590 936 τὸ
642 881 872 956 γράμμα
919 899 978 934 τε
1022 880 1113 934 καὶ
1158 879 1258 948 τὴν
1289 883 1396 933 τῶν
1431 880 1643 954 ὁρατῶν
1675 877 1869 955 ἐπιφά-

198 993 375 1039 νειαν,
407 971 685 1046 ἀγαπῆσαι
721 967 1163 1044 ὑπισχνούμεθα.

778 1099 893 1150 Τῶν
921 1096 968 1171 γ’
1009 1095 1285 1171 Πατέρων.

269 1218 340 1273 Ἡ
387 1215 574 1293 νύμφη
626 1212 718 1268 οὖν
767 1216 863 1268 τοῦ
936 1212 1166 1287 Χριστοῦ
1215 1209 1516 1280 Ἐκκλησία
1565 1207 1753 1280 ἐπειδὴ
1815 1209 1865 1280 ἐξ

195 1305 371 1360 ἐθνῶν
403 1305 492 1359 καὶ
547 1303 596 1376 ἐξ
630 1299 910 1360 Ἰουδαίων
957 1299 1238 1369 συνετέθη,
1269 1299 1359 1354 καί
1417 1301 1468 1354 οἱ
1521 1300 1614 1372 μὲν
1674 1299 1725 1371 ἐξ
1783 1298 1865 1353 ἆθ-

191 1399 302 1448 νῶν
362 1391 648 1455 παντελῶς
705 1392 897 1465 πρώην
965 1391 1216 1464 ὑπῆρχον
1280 1387 1599 1466 ἆφώτιστοι,
1651 1389 1726 1450 ὡς
1787 1389 1864 1461 μὴ

192 1489 315 1544 ταῖς
375 1489 478 1551 τῆς
534 1479 797 1550 ἀληθείας
855 1477 1043 1554 αὐγαῖς
1096 1475 1185 1532 διὰ
1232 1476 1406 1550 νόμου
1447 1478 1536 1532 καὶ
1568 1481 1867 1554 προφητῶν

197 1569 624 1642 ἒλλαμπόμενοι
653 1588 664 1599 ·
702 1568 755 1622 οἱ
807 1565 866 1621 δὲ
921 1566 972 1637 ἐξ
1023 1565 1268 1642 Ἰσραὴλ,
1311 1566 1385 1628 ὡς
1436 1565 1602 1632 οὕτω,
1649 1565 1868 1628 ταύταις

194 1659 646 1734 ἐναυγαζόμενοι,
679 1655 740 1710 οὐ
774 1658 947 1725 πάντη
1003 1659 1098 1708 τοῦ
1141 1654 1316 1709 καλοῦ
1365 1655 1615 1730 ὑπῆρχον
1668 1655 1866 1727 ἀμέτο-

194 1765 318 1824 χοι·
354 1745 677 1826 ἀμφοτέρων
731 1744 930 1800 λοιπὸν
981 1744 1212 1798 τουτωνὶ
1255 1747 1362 1797 τῶν
1418 1740 1564 1798 λαῶν
1609 1748 1717 1798 τῶν
1776 1744 1867 1798 καὶ

190 1837 404 1908 ταύτης
463 1840 642 1911 μερῶν
695 1835 763 1888 τά
821 1853 955 1888 ποτε
1014 1831 1072 1886 ἐκ
1125 1833 1494 1907 προαιρέσεως
1553 1830 1667 1887 ἴδια
1723 1853 1867 1908 παρ-

1977 613 2286 668 veritatem
2335 612 2638 685 praeceptis
2685 613 2804 668 illis
2833 628 2960 683 quae
3009 613 3192 668 tradis
3243 613 3302 667 in
3351 611 3624 669 Ecclesia.

1980 703 2371 766 Quamobrem
2404 719 2472 757 ea
2503 719 2608 758 nos
2643 702 2831 773 magis
2862 718 3038 772 quam
3085 701 3366 768 litteram,
3400 718 3630 757 rerum-

1981 807 2095 862 que
2121 791 2444 846 visibilium
2479 790 2733 863 speciem
2764 807 2891 861 quas
2922 795 3167 846 avocant
3195 808 3228 846 a
3256 791 3518 862 veritate,
3543 791 3632 846 di-

1981 878 2158 950 ligere
2190 881 2554 952 proﬁtemur.

2569 1097 2756 1152 Trium
2794 1097 3044 1151 Patrum.

2050 1212 2338 1279 Quoniam
2370 1212 2550 1286 igitur
2587 1231 2808 1286 sponsa
2839 1213 3055 1270 Christi
3100 1213 3356 1269 Ecclesia
3386 1230 3454 1270 ex
3485 1230 3632 1286 gen-

1976 1302 2138 1358 tibus
2185 1307 2242 1358 et
2287 1303 2509 1359 Judaeis
2561 1303 2814 1359 conﬂata
2863 1308 2974 1370 est,
3026 1320 3092 1358 ac
3140 1307 3343 1374 gentes
3393 1304 3632 1375 quidem

1977 1392 2140 1464 prius
2170 1392 2410 1448 omnino
2440 1399 2606 1449 erant
2651 1394 2940 1461 obscurae,
2972 1391 3190 1464 quippe
3221 1409 3346 1463 qua
3376 1392 3633 1448 veritatis

1978 1481 2288 1554 splendore
2317 1498 2418 1553 per
2446 1481 2632 1554 legem
2675 1487 2732 1538 et
2773 1481 3091 1555 prophetas
3122 1499 3236 1536 non
3267 1486 3435 1537 erant
3463 1480 3632 1537 illus-

1977 1575 2139 1625 tratee
2174 1587 2187 1626 :
2218 1571 2407 1626 Judaei
2438 1587 2571 1627 vero
2617 1577 2817 1643 utpote
2848 1571 2941 1626 his
2986 1570 3330 1638 illuminati,
3363 1569 3518 1625 haud
3551 1569 3634 1625 ita

1977 1675 2221 1732 prorsus
2279 1665 2448 1716 erant
2502 1659 2966 1732 pulchritudinis
3019 1664 3288 1733 expertes
3344 1676 3357 1715 :
3418 1659 3633 1716 idcirco

1978 1748 2245 1820 proprias
2304 1748 2612 1820 utriusque
2671 1749 2869 1820 populi
2924 1754 3120 1820 partes
3181 1749 3438 1804 innuens
3487 1749 3571 1804 ait
3620 1764 3635 1805 :

1979 1839 2153 1906 Nigra
2196 1855 2318 1893 sum
2363 1844 2416 1894 et
2462 1839 2727 1910 formosa,
2773 1839 2913 1908 ﬁliae
2955 1837 3271 1894 Jerusalem
3301 1856 3318 1891 :
3352 1854 3419 1892 ac
3468 1837 3637 1910 nigra

193 1928 402 1998 ίστησι,
451 1926 541 1980 καί
591 1945 753 2001 φησιν
790 1941 803 1956 ⁸
849 1919 1098 1980 Μέλαινα
1148 1920 1262 1994 εἶμι
1324 1921 1412 1976 καὶ
1451 1919 1620 1990 καλὴ,
1657 1921 1867 1995 θυγατέ-

1981 1896 2218 1996 quidem
2267 1896 2500 1999 propter
2531 1896 2783 1999 p0pulos
2807 1943 2874 1982 ex
2905 1926 3181 1998 gentibus
3227 1896 3631 1998 congregatos,

192 2038 282 2093 ρες
332 2013 743 2090 Ἰερουσαλήμ⁶
778 2010 869 2066 καὶ
914 2009 1144 2083 μέλαινα
1210 2010 1304 2082 μὶν
1355 2007 1443 2064 διὰ
1490 2009 1616 2072 τοὺς
1677 2009 1727 2080 ἐξ
1783 2010 1867 2064 ἐθ-

192 2111 330 2176 νῶν,
364 2105 441 2165 ὡς
469 2100 754 2163 παντελῶς
787 2101 1150 2178 ὁφωτίστους,
1183 2098 1272 2154 καὶ
1321 2099 1383 2154 τὸ
1435 2105 1536 2169 τῆς
1596 2095 1868 2162 εὐσεϐείας

189 2193 390 2254 σκότος
422 2188 834 2265 περικειμένους
869 2207 879 2220 ·
914 2187 1058 2256 καλή
1111 2185 1169 2241 δὲ
1218 2185 1307 2242 διὰ
1353 2188 1481 2251 τοὺς
1531 2186 1582 2258 ἐξ
1615 2187 1862 2262 Ἰσραήλ,

193 2285 270 2344 ὡς
303 2280 400 2337 διὰ
425 2281 604 2354 νόμου
653 2279 746 2334 καὶ
797 2282 1099 2355 προφητῶν
1145 2281 1226 2349 τῷ
1263 2284 1362 2347 τῆς
1393 2272 1695 2338 θεοσεϐείας
1727 2276 1867 2331 κάλ-

208 2375 293 2427 λει
355 2370 854 2446 προωραϊσθέντας.
913 2365 1076 2430 Αὖθις
1138 2363 1194 2420 δὲ
1251 2367 1325 2428 ὡς
1383 2366 1436 2421 ἐν
1467 2364 1866 2441 παραδείγματι

199 2463 302 2530 τήν
359 2459 708 2532 μελανὸτητα
761 2453 1227 2531 παραδεικνύουσα
1272 2456 1363 2509 καὶ
1414 2457 1512 2525 την
1567 2454 1863 2524 καλλονὴν,

198 2550 418 2626 φάσκει,
451 2549 541 2608 Ὦς
592 2546 924 2618 σκηνώματα
972 2541 1180 2619 Κηδὰρ,
1212 2543 1287 2608 ὡς
1333 2541 1503 2618 δέρεις
1564 2542 1863 2616 Σολομὼν.

195 2641 434 2712 Ἲιγουν,
473 2634 704 2710 μέλαινα
757 2635 850 2708 μέν
904 2633 1019 2706 εἶμι
1072 2630 1160 2688 διὰ
1205 2631 1331 2694 τοὺς
1377 2631 1428 2704 ἐξ
1463 2637 1649 2704 εθνῶν,
1685 2633 1865 2707 ὥσπερ

199 2727 508 2800 οἶκητήρια
538 2725 763 2787 σκότους
797 2744 810 2759 ⁸
841 2723 1150 2794 σκοτασμὸς
1180 2721 1282 2796 γὰρ
1333 2723 1394 2776 τὸ
1458 2719 1644 2796 Κηδὰρ
1694 2721 1866 2797 έρμη-

196 2817 410 2871 νεύεται
446 2835 459 2848 '
493 2813 638 2882 καλή
673 2811 728 2867 δὲ
761 2810 850 2867 διὰ
877 2812 1003 2874 τοὺς
1036 2809 1085 2884 ἐξ
1120 2810 1368 2886 Ἰσραὴλ,
1397 2812 1639 2886 καθάπερ
1691 2812 1863 2881 σκηνὴ

202 2905 490 2980 εῗρηνικοῦ
540 2900 828 2979 βασιλέως.
879 2898 1208 2974 Ἐπειδήπερ
1266 2901 1365 2967 τὴν
1428 2901 1629 2970 σκηνὴν
1684 2901 1776 2972 μὲν
1829 2902 1863 2970 ἡ

207 2991 420 3070 δέῥρις,
449 2993 542 3047 τὸν
596 2988 654 3046 δὲ
703 2989 973 3065 εἰρηνικὸν
1027 2989 1054 3044 6
1106 2986 1376 3061 Σολομὼν
1408 2993 1660 3064 παριστᾷ,
1695 2988 1866 3063 Εἴρη-

202 3085 361 3143 νικὸς
415 3079 474 3136 δὲ
521 3082 736 3142 πάντως
787 3078 928 3133 ἐστὶν
959 3079 985 3132 6
1022 3077 1325 3151 βασιλεύων
1370 3083 1478 3132 τῶν
1513 3076 1866 3152 Ἰσραηλιτῶν

194 3171 432 3246 νομικὸς
485 3169 574 3224 καὶ
633 3167 973 3244 προφητικὸς
1027 3165 1214 3241 λόγος,
1264 3165 1298 3235 ἢ
1361 3163 1449 3220 διὰ
1506 3166 1567 3220 τὸ
1624 3166 1867 3220 ἀπαιτεῖν

1977 2015 2080 2086 qui
2113 2015 2283 2087 plane
2312 2021 2480 2071 erant
2517 2015 2774 2084 obscuri,
2809 2021 2986 2088 atque
3030 2016 3348 2087 impietatis
3379 2013 3631 2070 tenebris

1977 2104 2323 2159 circumfusi
2360 2121 2373 2159 :
2407 2104 2652 2175 pulchra
2701 2109 2898 2159 autem
2929 2105 3001 2160 ob
3033 2121 3130 2160 eos
3183 2105 3280 2174 qui
3331 2119 3399 2159 ex
3450 2105 3625 2162 Israel

1977 2194 2326 2248 advenerant
2359 2211 2462 2265 per
2490 2192 2676 2265 legem
2709 2197 2766 2249 et
2806 2192 3120 2265 prophetas
3151 2193 3359 2248 divinae
3391 2192 3628 2264 pietatis

1978 2281 2419 2353 pulchritudine
2478 2281 2756 2337 decorati.
2807 2287 2889 2337 Ac
2937 2297 3176 2336 rursum
3235 2279 3624 2336 similitudine

1975 2371 2231 2440 quadam
2264 2369 2630 2443 nigredinem
2663 2369 2969 2426 declarans
3008 2375 3066 2425 et
3105 2368 3626 2441 pulchritudinem,

1974 2459 2162 2514 dicit:
2205 2458 2357 2514 Sicut
2406 2459 2766 2514 tabernacula
2819 2459 3013 2524 Cedar,
3063 2461 3204 2514 sicut
3251 2459 3420 2530 pelles
3467 2458 3624 2514 Sala-

1973 2549 2169 2604 monis.
2224 2548 2403 2620 Nigra
2460 2565 2612 2617 sum,
2662 2548 2924 2619 inquam,
2988 2553 3227 2620 propter
3282 2547 3498 2603 electos
3556 2563 3626 2602 ex

1976 2637 2274 2708 gentibus,
2307 2642 2370 2692 ut
2407 2636 2742 2692 habitacula
2788 2637 3169 2692 tenebrarum
3206 2653 3219 2692 :
3261 2635 3612 2707 (obscurita-

1975 2732 2093 2782 tem
2144 2727 2300 2781 enim
2351 2726 2536 2782 Cedar
2585 2726 3045 2797 interpretamur
3078 2725 3128 2795 :)
3181 2723 3425 2796 pulchra
3469 2741 3628 2795 vero,

1978 2819 2216 2888 pr0pter
2242 2831 2341 2871 eos
2383 2814 2484 2886 qui
2516 2819 2658 2870 sunt
2707 2831 2777 2870 ex
2826 2812 3028 2880 Israel,
3061 2813 3234 2884 quale
3282 2813 3628 2869 tabernacu-

1976 2904 2098 2959 lum
2133 2908 2222 2958 est
2266 2903 2491 2975 paciﬁci
2521 2904 2696 2976 regis.
2731 2903 2878 2958 Nam
2909 2902 3378 2966 tabernaculum,
3411 2901 3580 2972 pellis
3615 2919 3627 2958 :

1978 2992 2286 3064 paciﬁcum
2339 3009 2473 3048 vero
2523 2993 2816 3063 signiﬁcat
2853 2991 3149 3047 Salomon.
3185 2990 3469 3048 Paciﬁcus
3521 3008 3627 3045 au-

1973 3087 2093 3136 tem
2143 3081 2316 3154 plane
2363 3087 2452 3136 est
2506 3081 2651 3154 legis
2701 3085 2758 3137 et
2806 3080 3230 3153 prophetarum
3279 3095 3494 3148 sermo,
3529 3079 3631 3150 qui

1975 3171 2124 3241 regit
2166 3169 2491 3239 laraelitas,
2523 3171 2660 3242 quia
2711 3169 2953 3240 requirit
2999 3169 3072 3225 ab
3118 3169 3204 3224 eis
3248 3168 3309 3223 in
3361 3172 3542 3223 Deum
3577 3173 3634 3222 et

190 3259 432 3320 τούτους
464 3256 676 3330 τήνᾴείς
706 3257 794 3311 τὸν
847 3255 974 3311 Θεὸν
1033 3254 1122 3309 καὶ
1178 3255 1269 3309 τὸν
1328 3252 1566 3325 πλησίον
1625 3254 1860 3328 ἀγάπην.

1981 3259 2309 3329 proximum
2341 3258 2741 3314 dilectionem.
2776 3263 2953 3313 Porro
2985 3257 3129 3312 illud
3166 3274 3180 3313 :
3212 3258 3379 3315 Fila?
3405 3261 3634 3314 Jerusa-

195 3350 276 3406 Τὸ
331 3345 413 3417 δὲ,
447 3344 743 3420 Θυγατέρες
797 3345 1183 3416 Ἰερουσαλὴμ,
1229 3343 1274 3398 εἰ
1314 3344 1404 3398 καὶ
1457 3343 1563 3419 πρὸ
1610 3349 1720 3398 τῶν
1762 3365 1864 3398 πα-

204 3433 592 3512 ραδειγμάτων
624 3441 723 3502 τῆς
760 3432 1132 3506 μελανότητος
1177 3433 1268 3487 καὶ
1314 3439 1414 3502 τῆς
1463 3431 1742 3502 καλλονῆς
1796 3433 1872 3504 ἐξ·

207 3522 548 3594 εδόθη,ἀλλ⁹
579 3522 669 3578 οὖν
701 3517 1002 3595 ὑπέρϐατόν
1033 3521 1176 3577 ἐστιν
1197 3521 1272 3586 ὡς
1302 3523 1709 3596 συνηρτημένον
1738 3523 1873 3578 κατὰ

203 3615 312 3683 τήν
345 3611 583 3684 ἔννοιαν,
614 3616 712 3682 τῷ,
743 3613 835 3680 Μὴ
873 3610 1114 3686 βλέψητέ
1149 3631 1237 3684 με,
1270 3610 1352 3665 ὅτι
1396 3610 1501 3685 ἐγώ
1550 3610 1665 3683 εἰμι
1713 3633 1872 3685 μεμε-

211 3702 538 3774 λανωμὲνη.
568 3702 711 3770 Φησὶ
743 3701 847 3776 γὰρ
876 3704 1043 3755 ταῦτα
1071 3700 1134 3754 τὸ
1188 3698 1242 3753 ’ἐν
1294 3698 1457 3773 μέρος
1505 3706 1603 3768 τῆς
1638 3698 1871 3771 Ἐκκλη.

209 3793 333 3852 σίας
379 3791 518 3865 πρὸς
565 3793 629 3846 τὸ
673 3787 876 3864 ἕτερον,
911 3791 964 3843 o't
1011 3787 1062 3859 ἐξ
1110 3783 1273 3851 ἕθνῶν
1307 3785 1521 3857 δηλαδή
1555 3790 1690 3864 πρὸς
1745 3789 1873 3853 τοὺς

211 3880 265 3950 ἐξ
328 3879 578 3952 Ἰσραήλ.
634 3880 930 3954 Θυγατέρες
979 3878 1081 3952 γάρ
1134 3877 1265 3931 εἶσιν
1314 3875 1680 3949 Ἰερουσαλὴμ
1719 3879 1770 3932 οἱ
1820 3877 1871 3948 ἐξ

205 3968 438 4044 Ἰσραήλ
479 3969 882 4034 πιστεύσαντες,
919 3967 970 4021 οἳ
997 3964 1123 4026 τοὺς
1156 3964 1206 4036 ἐξ
1237 3965 1402 4019 ἐθνῶν
1444 3964 1542 4020 οὐκ
1589 3963 1869 4041 ἐδέχοντο,

207 4059 348 4132 ὅπερ
399 4059 518 4112 κατ’
572 4057 749 4132 ἀρχὰς
808 4054 894 4109 ἐπὶ
954 4056 1071 4116 τοῖς
1149 4052 1477 4115 ἀποστόλοις
1560 4049 1873 4126 συμϐέϐηκε

207 4145 735 4218 σκανδαλιζομένοις
767 4144 843 4207 είς
894 4145 1096 4219 Πέτρον
1151 4144 1244 4197 τὸν
1292 4149 1606 4218 κορυφαῖον,
1642 4142 1725 4198 ὅτι
1781 4145 1872 4198 τὸν

203 4235 526 4311 Κορνήλιον
562 4232 775 4304 ἐδέξατο
804 4251 818 4266 ⁸
865 4234 1064 4309 μέχρις
1105 4230 1166 4286 ἂν
1202 4233 1350 4286 οὗτοι
1382 4233 1509 4305 παρ’
1550 4233 1714 4288 αὐτοῦ
1769 4236 1868 4303 τήν

203 4322 562 4396 ἀποκάλυψιν
629 4330 728 4393 τῆς
807 4324 1001 4392 ὀθόνης
1077 4319 1363 4394 μαθόντες,
1415 4326 1512 4376 τοῦ
1571 4321 1872 4378 σκανδάλου

203 4410 640 4487 ἀπηλλάγησαν.
689 4418 1034 4487 Παρορᾰσθαι
1093 4410 1193 4486 γὰρ
1243 4411 1388 4486 παρὰ
1436 4415 1543 4465 τῶν
1600 4411 1871 4484 Ἰσραηλι-

201 4509 316 4558 τῶν
352 4505 386 4572 ή
439 4501 491 4571 ἑξ
540 4501 704 4556 ἐθνῶν
761 4498 1060 4570 Ἐκκλησία
1115 4501 1214 4569 τὴν
1271 4500 1466 4568 ἑαυτῆς
1529 4500 1873 4573 μελανότητα

206 4589 556 4667 βουλομένη,
589 4589 677 4643 καὶ
735 4590 811 4662 μή
863 4586 951 4642 διὰ
1006 4586 1208 4658 ταύτην
1257 4588 1347 4642 ἀπ’
1377 4588 1552 4642 αὐτῶν
1606 4586 1866 4662 διακρίνε-
1902 4617 1947 4682 D

203 4682 350 4745 σθαι,
383 4679 452 4731 τὰ
483 4676 743 4751 εἰρημένα
770 4677 904 4747 πρὸς
933 4675 1158 4737 τούτους
1191 4676 1379 4752 φησὶν,
1416 4676 1548 4747 μετὰ
1593 4673 1648 4730 δὲ
1703 4681 1872 4731 ταῦτα

196 4768 292 4822 καὶ
334 4768 436 4835 τήν
488 4765 663 4819 αἰτίαν
718 4764 903 4827 αὐτοῖς
952 4764 1252 4839 ἀπαγγελεῖ
1301 4761 1371 4818 δι’
1400 4765 1461 4833 ἣν
1511 4763 1868 4837 μεμελανωτο

201 4856 470 4931 λέγουσα,
500 4857 618 4909 Ὅτι
673 4848 988 4927 Παρέϐλεψέ
1041 4873 1108 4925 με
1154 4854 1182 4908 ὁ
1226 4851 1390 4921 ἥλιος
1426 4872 1438 4885 ·
1472 4852 1660 4929 ἤγουν,
1704 4875 1870 4926 μεμε.

200 4943 506 5014 λανωμένη
550 4942 660 5016 ἐγώ
713 4941 851 5014 εἶμι,
883 4941 965 4996 ὅτι
1016 4937 1401 5016 παρεϐλέψατό
1451 4963 1517 5015 με
1567 4942 1594 4996 6
1642 4949 1740 5011 τῆς
1785 4941 1871 4998 δι-

196 5032 505 5101 καιοσύνης
533 5029 756 5097 “Ηλιος,
789 5031 984 5105 νέφους
1041 5027 1507 5104 περικαλύψαντός
1564 5051 1628 5103 με
1667 5031 1864 5103 ἀθείας,

194 5123 287 5176 καὶ
324 5125 448 5181 ταῖς
479 5126 579 5188 τῆς
611 5117 937 5192 θεογνωσίας
971 5117 1175 5173 ἀκτῖσιν
1211 5119 1313 5173 οὐκ
1353 5116 1606 5181 έάσαντός
1659 5139 1726 5191 με
1773 5141 1868 5175 κα-

192 5208 607 5282 ταλάμπεσθαι,
630 5207 872 5281 καθάπερ
899 5207 1054 5261 αὐτοὶ
1087 5206 1242 5279 νόμῳ
1271 5206 1363 5261 καὶ
1395 5208 1704 5286 προφήταις
1736 5210 1871 5283 πρὸς

191 5296 529 5374 θεογνωσίαν
562 5294 1101 5371 παιδαγωγούμενοι.

674 5424 784 5476 Τοῖ’)
815 5418 1004 5496 ὑπερτί
1013 5441 1116 5494 μου
1149 5417 1397 5478 Ψελλοῦ.

276 5538 464 5608 φησὶν
495 5539 528 5607 ἡ
563 5537 750 5614 νύμφη
783 5535 1048 5610 παρευθὺς
1090 5537 1226 5610 πρὸς
1254 5533 1381 5598 τοὺς
1416 5535 1686 5612 ἀγγέλους
1713 5538 1864 5614 τάδε,

198 5629 316 5690 Οὖς
352 5630 650 5703 θυγατέρας
684 5633 782 5696 τῆς
819 5627 960 5680 Σιὼν
992 5625 1242 5682 ἐκάλεσεν
1270 5627 1297 5681 6
1331 5623 1519 5702 λόγος.

196 5720 451 5776 Μέλαινᾶ
521 5718 640 5791 siut
721 5715 809 5771 καὶ
887 5713 1054 5789 καλὴ,
1132 5714 1419 5792 θυγατέρες
1479 5718 1866 5797 Ἰερουσαλὴμ,

1981 3347 2123 3410 lem;
2154 3347 2288 3402 licet
2317 3352 2452 3403 ante
2492 3347 2818 3419 nigredinis
2846 3353 2904 3402 et
2944 3345 3407 3418 pulchritudinis
3436 3362 3629 3402 exem-

1980 3435 2078 3507 pla
2126 3435 2350 3490 dictum
2399 3436 2497 3504 sit,
2545 3441 2744 3492 tamen
2800 3434 3122 3507 superlatio
3170 3443 3277 3502 est,
3332 3439 3391 3490 et
3437 3433 3629 3491 solum

1980 3526 2052 3581 ad
2084 3524 2184 3580 illa
2211 3525 2389 3580 verba
2417 3541 2430 3579 :
2480 3526 2559 3580 Ne
2595 3527 2880 3596 aspicz'atis
2929 3541 3038 3591 me,
3070 3523 3218 3596 quod
3263 3526 3431 3592 nigra
3475 3526 3579 3578 sim
3611 3541 3630 3578 :

1980 3614 2302 3670 secundum
2360 3611 2810 3684 intelligentiam
2866 3613 3257 3668 referendum.
3291 3615 3424 3667 Haec
3473 3611 3629 3668 enim

1977 3703 2153 3756 verba
2210 3719 2328 3756 una
2383 3702 2650 3757 Ecclesiae
2700 3719 2836 3773 pars
2885 3702 3028 3757 dicit
3079 3703 3149 3756 ad
3206 3699 3448 3756 alteram
3500 3716 3514 3755 :
3564 3717 3633 3755 ea

1980 3792 2262 3846 nimirum
2295 3808 2421 3863 qua
2468 3807 2537 3846 ex
2580 3791 2856 3861 gentibus
2896 3795 3146 3858 constat,
3179 3790 3251 3844 ad
3305 3788 3469 3844 illam
3502 3805 3630 3861 quis

1980 3895 2048 3936 ex
2106 3879 2305 3936 Israel.
2354 3878 2500 3935 Nam
2551 3879 2682 3934 ﬁliae
2730 3879 3056 3936 Jerusalem
3109 3877 3480 3950 accipiuntur
3528 3895 3631 3949 pro

1981 3969 2054 4024 iis
2086 3970 2185 4041 qui
2229 3987 2296 4024 ex
2346 3969 2522 4025 Israel
2555 3969 2952 4035 crediderunt,
2983 3968 3082 4040 qui
3132 3971 3335 4040 gentes
3367 3983 3483 4022 non
3524 3967 3630 4022 ad-

1981 4058 2294 4114 mittebant
2355 4074 2368 4113 :
2427 4059 2580 4129 quod
2642 4057 2878 4128 quidem
2951 4057 3118 4111 initio
3181 4055 3422 4126 conligit
3479 4055 3634 4111 inter

1981 4146 2299 4218 apostolos,
2333 4146 2432 4216 qui
2483 4147 2766 4202 adversus
2795 4147 3033 4202 Petrum
3083 4144 3407 4218 principem
3462 4161 3632 4200 scan-

1981 4236 2209 4290 dalizati
2261 4240 2420 4305 sunt,
2453 4237 2606 4306 quod
2641 4235 2974 4292 Cornelium
3024 4235 3405 4306 suscepisset,
3451 4234 3632 4289 donec

1981 4325 2053 4380 ab
2101 4324 2230 4397 ipso
2279 4325 2446 4380 Petro
2499 4324 2661 4380 lintei
2709 4325 3159 4382 declarationem
3212 4322 3632 4394 intelligentes,

1981 4431 2013 4468 a
2046 4414 2325 4470 seandalo
2376 4413 2748 4471 destiterunt.
2782 4414 3012 4487 Deepici
3064 4413 3220 4467 enim
3255 4428 3317 4467 se
3348 4412 3421 4466 ab
3451 4413 3634 4466 Israe-

1981 4502 2101 4558 litis
2148 4503 2391 4559 collecta
2422 4521 2488 4558 ex
2520 4505 2798 4576 gentibus
2847 4501 3104 4558 Ecclesia
3156 4506 3395 4573 propter
3440 4501 3637 4572 nigre-

1982 4592 2180 4648 dinem
2220 4591 2442 4659 volens,
2477 4598 2533 4648 et
2563 4610 2678 4649 non
2732 4593 2804 4647 ob
2853 4591 3035 4656 illam,
3070 4591 3142 4646 ab
3177 4591 3322 4662 ipsis
3353 4589 3633 4660 separari,

1981 4683 2052 4737 ad
2113 4681 2277 4752 illos,
2332 4699 2399 4736 ea
2456 4699 2580 4752 quae
2632 4681 2786 4736 dicta
2845 4688 3015 4750 sunt,
3072 4679 3355 4750 loquitur.
3420 4677 3637 4733 Deinde

1981 4787 2222 4826 causam
2281 4771 2516 4842 exponit
2578 4769 2954 4840 quamobrem
3009 4768 3260 4822 evaserit
3307 4768 3477 4838 nigra
3513 4782 3526 4820 :
3560 4768 3639 4821 Me

1979 4861 2080 4926 sol,
2140 4859 2438 4932 inquiens,
2495 4859 2756 4929 despexit.
2824 4857 3158 4928 Nigrefacta
3215 4872 3347 4910 sum
3407 4853 3636 4925 utique,

1982 4949 2260 5019 quoniam
2293 4946 2556 5019 despexit
2595 4963 2686 5001 me
2734 4945 2832 5000 Sol
2875 4945 3146 5016 justitie,
3196 4943 3517 5013 impietatis
3549 4947 3638 4997 te-

1981 5037 2182 5091 nebris
2232 5053 2324 5092 me
2371 5035 2840 5107 contegentibus,
2890 5039 2953 5088 ut
3008 5033 3219 5088 divinas
3278 5031 3636 5103 cognitionis

1981 5125 2164 5180 radiis
2196 5123 2543 5190 illustrarer,
2573 5122 3073 5194 quemadmodum
3107 5119 3384 5176 Israelita:
3419 5136 3520 5191 per
3551 5119 3635 5176 le-

1980 5229 2109 5284 gem
2145 5218 2202 5268 et
2230 5213 2564 5285 prophetas,
2599 5212 2667 5267 ad
2719 5211 2819 5266 Dei
2858 5209 3271 5282 cogitationem
3323 5213 3464 5265 sunt
3514 5211 3634 5265 ins-

1979 5303 2158 5361 tituti.

2549 5427 2826 5484 Praeclari
2872 5426 3065 5483 Pselli.

2053 5545 2184 5600 Haec
2215 5544 2411 5601 statim
2446 5544 2518 5600 ad
2563 5543 2803 5617 angelos
2834 5560 3055 5616 sponsa
3086 5542 3374 5614 loquitur,
3405 5541 3504 5611 qui
3537 5558 3641 5613 per

1979 5633 2131 5690 ﬁlias
2184 5634 2319 5690 Sion
2373 5633 2786 5704 intelliguntur
2829 5650 2842 5690 :
2890 5634 3064 5704 Nigra
3111 5648 3232 5687 sum
3283 5640 3333 5687 et
3381 5631 3637 5703 pulchra,

1974 5725 2108 5798 ﬁliae
2134 5725 2463 5795 Jerusalem,
2495 5726 2640 5780 sicut
2670 5723 3034 5779 tabernacula
3064 5721 3258 5789 Cedar,
3286 5721 3431 5778 sicut
3460 5719 3638 5794 pelles
