  <div class='ocr_page' id='page_1' title='image "/cluster/home/n/w/nwhite01/storage/ocr_20150623/122/hvd.32044073502452/281.png"; bbox 0 0 4078 6336; ppageno 0'>
   <div class='ocr_carea' id='block_1_1' title="bbox 458 403 576 460">
    <p class='ocr_par' dir='ltr' id='par_1_1' title="bbox 458 403 576 460">
     <span class='ocr_line' id='line_1_1' title="bbox 458 403 576 460; baseline -0.025 0"><span class='ocrx_word' id='word_1_1' title='bbox 458 403 576 460; x_wconf 76' lang='grc'>547</span> 
     </span>
    </p>
   </div>
   <div class='ocr_carea' id='block_1_2' title="bbox 1791 379 2534 444">
    <p class='ocr_par' dir='ltr' id='par_1_2' title="bbox 1791 379 2534 444">
     <span class='ocr_line' id='line_1_2' title="bbox 1791 379 2534 444; baseline -0.008 0"><span class='ocrx_word' id='word_1_2' title='bbox 1791 380 2217 444; x_wconf 82' lang='lat' dir='ltr'><strong>MICHAELIS</strong></span> <span class='ocrx_word' id='word_1_3' title='bbox 2265 379 2534 440; x_wconf 82' lang='lat' dir='ltr'>PSELLI</span> 
     </span>
    </p>
   </div>
   <div class='ocr_carea' id='block_1_3' title="bbox 3747 378 3881 438">
    <p class='ocr_par' dir='ltr' id='par_1_3' title="bbox 3747 378 3881 438">
     <span class='ocr_line' id='line_1_3' title="bbox 3747 378 3881 438; baseline -0.015 0"><span class='ocrx_word' id='word_1_4' title='bbox 3747 378 3881 438; x_wconf 53' lang='lat'>5‘8</span> 
     </span>
    </p>
   </div>
   <div class='ocr_carea' id='block_1_4' title="bbox 457 506 2122 596">
    <p class='ocr_par' dir='ltr' id='par_1_4' title="bbox 457 513 2112 596">
     <span class='ocr_line' id='line_1_4' title="bbox 457 513 2112 596; baseline -0.011 -7"><span class='ocrx_word' id='word_1_5' title='bbox 457 531 796 589; x_wconf 78' lang='lat' dir='ltr'>Salomonis.</span> <span class='ocrx_word' id='word_1_6' title='bbox 819 530 922 584; x_wconf 85' lang='lat' dir='ltr'>His</span> <span class='ocrx_word' id='word_1_7' title='bbox 952 528 1148 584; x_wconf 82' lang='lat' dir='ltr'>verbis</span> <span class='ocrx_word' id='word_1_8' title='bbox 1173 523 1414 596; x_wconf 82' lang='lat' dir='ltr'>angelos</span> <span class='ocrx_word' id='word_1_9' title='bbox 1438 536 1655 594; x_wconf 87' lang='lat' dir='ltr'>sponsa</span> <span class='ocrx_word' id='word_1_10' title='bbox 1685 517 1942 590; x_wconf 89' lang='lat' dir='ltr'>primum</span> <span class='ocrx_word' id='word_1_11' title='bbox 1972 513 2112 570; x_wconf 88' lang='lat' dir='ltr'>allo-</span> 
     </span>
    </p>
   </div>
   <div class='ocr_carea' id='block_1_5' title="bbox 2241 506 3593 596">
    <p class='ocr_par' dir='ltr' id='par_1_5' title="bbox 2242 506 3593 586">
     <span class='ocr_line' id='line_1_5' title="bbox 2242 506 3593 586; baseline -0.002 -21"><span class='ocrx_word' id='word_1_12' title='bbox 2242 519 2313 574; x_wconf 82' lang='grc' dir='ltr'>Ως</span> <span class='ocrx_word' id='word_1_13' title='bbox 2343 509 2674 583; x_wconf 71' lang='grc' dir='ltr'>σκηνώματα</span> <span class='ocrx_word' id='word_1_14' title='bbox 2705 507 2911 585; x_wconf 83' lang='grc' dir='ltr'>Κηδὰρ,</span> <span class='ocrx_word' id='word_1_15' title='bbox 2945 509 3019 571; x_wconf 85' lang='grc' dir='ltr'>ὡς</span> <span class='ocrx_word' id='word_1_16' title='bbox 3052 506 3263 586; x_wconf 51' lang='lat' dir='ltr'>Sigea;</span> <span class='ocrx_word' id='word_1_17' title='bbox 3296 507 3593 581; x_wconf 80' lang='grc' dir='ltr'>Σολομὼν.</span> 
     </span>
    </p>
   </div>
   <div class='ocr_carea' id='block_1_6' title="bbox 458 613 2117 694">
    <p class='ocr_par' dir='ltr' id='par_1_6' title="bbox 458 613 2117 694">
     <span class='ocr_line' id='line_1_6' title="bbox 458 613 2117 694; baseline -0.012 -16"><span class='ocrx_word' id='word_1_18' title='bbox 458 622 679 694; x_wconf 79' lang='lat' dir='ltr'>quitur.</span> <span class='ocrx_word' id='word_1_19' title='bbox 721 622 959 692; x_wconf 88' lang='lat' dir='ltr'>Oportet</span> <span class='ocrx_word' id='word_1_20' title='bbox 1003 617 1159 673; x_wconf 87' lang='lat' dir='ltr'>enim</span> <span class='ocrx_word' id='word_1_21' title='bbox 1213 617 1342 687; x_wconf 86' lang='lat' dir='ltr'>ipsa</span> <span class='ocrx_word' id='word_1_22' title='bbox 1385 613 1562 668; x_wconf 90' lang='lat' dir='ltr'>verba</span> <span class='ocrx_word' id='word_1_23' title='bbox 1609 625 1840 682; x_wconf 66' lang='lat' dir='ltr'>sponsae</span> <span class='ocrx_word' id='word_1_24' title='bbox 1893 621 2117 676; x_wconf 72' lang='lat' dir='ltr'>praepo-</span> 
     </span>
    </p>
   </div>
   <div class='ocr_carea' id='block_1_7' title="bbox 461 700 2119 779">
    <p class='ocr_par' dir='ltr' id='par_1_7' title="bbox 461 700 2119 779">
     <span class='ocr_line' id='line_1_7' title="bbox 461 700 2119 779; baseline -0.012 -12"><span class='ocrx_word' id='word_1_25' title='bbox 461 727 619 779; x_wconf 90' lang='lat' dir='ltr'>nere,</span> <span class='ocrx_word' id='word_1_26' title='bbox 652 716 710 767; x_wconf 88' lang='lat' dir='ltr'>et</span> <span class='ocrx_word' id='word_1_27' title='bbox 741 708 1078 779; x_wconf 74' lang='lat' dir='ltr'>neutiquam</span> <span class='ocrx_word' id='word_1_28' title='bbox 1113 706 1414 776; x_wconf 84' lang='lat' dir='ltr'>implicare</span> <span class='ocrx_word' id='word_1_29' title='bbox 1440 700 1733 764; x_wconf 81' lang='lat' dir='ltr'>versibus,</span> <span class='ocrx_word' id='word_1_30' title='bbox 1764 701 1822 752; x_wconf 90' lang='lat' dir='ltr'>et</span> <span class='ocrx_word' id='word_1_31' title='bbox 1853 711 2119 751; x_wconf 89' lang='lat' dir='ltr'>commu-</span> 
     </span>
    </p>
   </div>
   <div class='ocr_carea' id='block_1_8' title="bbox 458 783 2120 863">
    <p class='ocr_par' dir='ltr' id='par_1_8' title="bbox 458 783 2120 863">
     <span class='ocr_line' id='line_1_8' title="bbox 458 783 2120 863; baseline -0.011 -8"><span class='ocrx_word' id='word_1_32' title='bbox 458 805 610 856; x_wconf 87' lang='lat' dir='ltr'>tare.</span> <span class='ocrx_word' id='word_1_33' title='bbox 659 799 870 856; x_wconf 82' lang='lat' dir='ltr'>Audite</span> <span class='ocrx_word' id='word_1_34' title='bbox 918 813 1115 852; x_wconf 88' lang='lat' dir='ltr'>vocem</span> <span class='ocrx_word' id='word_1_35' title='bbox 1168 811 1383 859; x_wconf 83' lang='lat' dir='ltr'>meam,</span> <span class='ocrx_word' id='word_1_36' title='bbox 1433 790 1647 863; x_wconf 79' lang='lat' dir='ltr'>inquit,</span> <span class='ocrx_word' id='word_1_37' title='bbox 1695 806 1727 844; x_wconf 90' lang='grc' dir='ltr'>ο</span> <span class='ocrx_word' id='word_1_38' title='bbox 1779 786 1911 842; x_wconf 66' lang='lat' dir='ltr'>filiae</span> <span class='ocrx_word' id='word_1_39' title='bbox 1959 783 2120 837; x_wconf 90' lang='lat' dir='ltr'>illius</span> 
     </span>
    </p>
   </div>
   <div class='ocr_carea' id='block_1_9' title="bbox 463 873 2121 961">
    <p class='ocr_par' dir='ltr' id='par_1_9' title="bbox 463 873 2121 961">
     <span class='ocr_line' id='line_1_9' title="bbox 463 873 2121 961; baseline -0.011 -17"><span class='ocrx_word' id='word_1_40' title='bbox 463 905 728 961; x_wconf 78' lang='lat' dir='ltr'>supernae</span> <span class='ocrx_word' id='word_1_41' title='bbox 775 886 1105 943; x_wconf 82' lang='lat' dir='ltr'>Jerusalem</span> <span class='ocrx_word' id='word_1_42' title='bbox 1158 884 1414 940; x_wconf 80' lang='lat' dir='ltr'>maxime</span> <span class='ocrx_word' id='word_1_43' title='bbox 1459 877 1859 935; x_wconf 88' lang='lat' dir='ltr'>venerabilis:</span> <span class='ocrx_word' id='word_1_44' title='bbox 1901 873 2121 945; x_wconf 84' lang='lat' dir='ltr'>pariter</span> 
     </span>
    </p>
   </div>
   <div class='ocr_carea' id='block_1_10' title="bbox 464 962 2115 1049">
    <p class='ocr_par' dir='ltr' id='par_1_10' title="bbox 464 962 2115 1049">
     <span class='ocr_line' id='line_1_10' title="bbox 464 962 2115 1049; baseline -0.011 -16"><span class='ocrx_word' id='word_1_45' title='bbox 464 994 570 1049; x_wconf 87' lang='lat' dir='ltr'>ego</span> <span class='ocrx_word' id='word_1_46' title='bbox 622 994 764 1032; x_wconf 87' lang='lat' dir='ltr'>sane</span> <span class='ocrx_word' id='word_1_47' title='bbox 818 975 1085 1048; x_wconf 89' lang='lat' dir='ltr'>pulchra,</span> <span class='ocrx_word' id='word_1_48' title='bbox 1117 979 1175 1029; x_wconf 91' lang='lat' dir='ltr'>et</span> <span class='ocrx_word' id='word_1_49' title='bbox 1221 973 1390 1043; x_wconf 88' lang='lat' dir='ltr'>nigra</span> <span class='ocrx_word' id='word_1_50' title='bbox 1441 986 1595 1024; x_wconf 90' lang='lat' dir='ltr'>sum.</span> <span class='ocrx_word' id='word_1_51' title='bbox 1629 965 1806 1038; x_wconf 89' lang='lat' dir='ltr'>Nigra</span> <span class='ocrx_word' id='word_1_52' title='bbox 1854 962 2115 1034; x_wconf 86' lang='lat' dir='ltr'>quidem,</span> 
     </span>
    </p>
   </div>
   <div class='ocr_carea' id='block_1_11' title="bbox 467 1055 2117 1133">
    <p class='ocr_par' dir='ltr' id='par_1_11' title="bbox 467 1055 2117 1133">
     <span class='ocr_line' id='line_1_11' title="bbox 467 1055 2117 1133; baseline -0.011 -12"><span class='ocrx_word' id='word_1_53' title='bbox 467 1073 533 1121; x_wconf 92' lang='lat' dir='ltr'>ut</span> <span class='ocrx_word' id='word_1_54' title='bbox 563 1067 746 1121; x_wconf 82' lang='lat' dir='ltr'>Cedar</span> <span class='ocrx_word' id='word_1_55' title='bbox 773 1062 1246 1126; x_wconf 81' lang='lat' dir='ltr'>tabernaculum,</span> <span class='ocrx_word' id='word_1_56' title='bbox 1274 1075 1587 1133; x_wconf 85' lang='lat' dir='ltr'>apparens,</span> <span class='ocrx_word' id='word_1_57' title='bbox 1622 1069 1830 1126; x_wconf 90' lang='lat' dir='ltr'>nempe</span> <span class='ocrx_word' id='word_1_58' title='bbox 1861 1069 1930 1106; x_wconf 87' lang='lat' dir='ltr'>ex</span> <span class='ocrx_word' id='word_1_59' title='bbox 1958 1055 2117 1106; x_wconf 87' lang='lat' dir='ltr'>tran-</span> 
     </span>
    </p>
   </div>
   <div class='ocr_carea' id='block_1_12' title="bbox 467 1140 2117 1228">
    <p class='ocr_par' dir='ltr' id='par_1_12' title="bbox 467 1140 2117 1228">
     <span class='ocr_line' id='line_1_12' title="bbox 467 1140 2117 1228; baseline -0.012 -17"><span class='ocrx_word' id='word_1_60' title='bbox 467 1155 800 1228; x_wconf 85' lang='lat' dir='ltr'>sgressione</span> <span class='ocrx_word' id='word_1_61' title='bbox 840 1153 1109 1225; x_wconf 64' lang='lat' dir='ltr'>praecepti</span> <span class='ocrx_word' id='word_1_62' title='bbox 1157 1151 1319 1206; x_wconf 90' lang='lat' dir='ltr'>illius</span> <span class='ocrx_word' id='word_1_63' title='bbox 1367 1147 1561 1220; x_wconf 89' lang='lat' dir='ltr'>primi.</span> <span class='ocrx_word' id='word_1_64' title='bbox 1595 1146 1778 1200; x_wconf 90' lang='lat' dir='ltr'>Cedar</span> <span class='ocrx_word' id='word_1_65' title='bbox 1824 1141 1978 1197; x_wconf 90' lang='lat' dir='ltr'>enim</span> <span class='ocrx_word' id='word_1_66' title='bbox 2012 1140 2117 1194; x_wconf 84' lang='lat' dir='ltr'>ob-</span> 
     </span>
    </p>
   </div>
   <div class='ocr_carea' id='block_1_13' title="bbox 467 1234 2117 1313">
    <p class='ocr_par' dir='ltr' id='par_1_13' title="bbox 467 1234 2117 1313">
     <span class='ocr_line' id='line_1_13' title="bbox 467 1234 2117 1313; baseline -0.013 -12"><span class='ocrx_word' id='word_1_67' title='bbox 467 1263 681 1300; x_wconf 86' lang='lat' dir='ltr'>scurus</span> <span class='ocrx_word' id='word_1_68' title='bbox 723 1245 1189 1313; x_wconf 83' lang='lat' dir='ltr'>tenebrosusque</span> <span class='ocrx_word' id='word_1_69' title='bbox 1237 1239 1471 1294; x_wconf 89' lang='lat' dir='ltr'>dicitur.</span> <span class='ocrx_word' id='word_1_70' title='bbox 1507 1234 1754 1292; x_wconf 85' lang='lat' dir='ltr'>Pulchra</span> <span class='ocrx_word' id='word_1_71' title='bbox 1802 1245 1958 1285; x_wconf 92' lang='lat' dir='ltr'>nunc</span> <span class='ocrx_word' id='word_1_72' title='bbox 1989 1244 2117 1282; x_wconf 90' lang='lat' dir='ltr'>rur-</span> 
     </span>
    </p>
   </div>
   <div class='ocr_carea' id='block_1_14' title="bbox 469 1321 2119 1403">
    <p class='ocr_par' dir='ltr' id='par_1_14' title="bbox 469 1321 2119 1403">
     <span class='ocr_line' id='line_1_14' title="bbox 469 1321 2119 1403; baseline -0.013 -13"><span class='ocrx_word' id='word_1_73' title='bbox 469 1352 572 1390; x_wconf 89' lang='lat' dir='ltr'>sus</span> <span class='ocrx_word' id='word_1_74' title='bbox 603 1334 819 1390; x_wconf 89' lang='lat' dir='ltr'>exsisto</span> <span class='ocrx_word' id='word_1_75' title='bbox 864 1349 966 1403; x_wconf 91' lang='lat' dir='ltr'>per</span> <span class='ocrx_word' id='word_1_76' title='bbox 1008 1328 1412 1402; x_wconf 82' lang='lat' dir='ltr'>paenitentiam</span> <span class='ocrx_word' id='word_1_77' title='bbox 1448 1342 1583 1381; x_wconf 87' lang='lat' dir='ltr'>cum</span> <span class='ocrx_word' id='word_1_78' title='bbox 1613 1321 1844 1378; x_wconf 79' lang='lat' dir='ltr'>Christo</span> <span class='ocrx_word' id='word_1_79' title='bbox 1887 1332 2119 1374; x_wconf 90' lang='lat' dir='ltr'>summe</span> 
     </span>
    </p>
   </div>
   <div class='ocr_carea' id='block_1_15' title="bbox 467 1406 2117 1495">
    <p class='ocr_par' dir='ltr' id='par_1_15' title="bbox 467 1406 2117 1495">
     <span class='ocr_line' id='line_1_15' title="bbox 467 1406 2117 1495; baseline -0.012 -17"><span class='ocrx_word' id='word_1_80' title='bbox 467 1423 708 1495; x_wconf 85' lang='lat' dir='ltr'>paciﬁco</span> <span class='ocrx_word' id='word_1_81' title='bbox 732 1422 1105 1476; x_wconf 74' lang='lat' dir='ltr'>mortificata.</span> <span class='ocrx_word' id='word_1_82' title='bbox 1136 1417 1418 1474; x_wconf 80' lang='lat' dir='ltr'>Paciﬁcas</span> <span class='ocrx_word' id='word_1_83' title='bbox 1443 1415 1597 1470; x_wconf 92' lang='lat' dir='ltr'>enim</span> <span class='ocrx_word' id='word_1_84' title='bbox 1624 1411 1878 1482; x_wconf 90' lang='lat' dir='ltr'>quisque</span> <span class='ocrx_word' id='word_1_85' title='bbox 1910 1406 2117 1462; x_wconf 90' lang='lat' dir='ltr'>merito</span> 
     </span>
    </p>
   </div>
   <div class='ocr_carea' id='block_1_16' title="bbox 470 1499 2120 1570">
    <p class='ocr_par' dir='ltr' id='par_1_16' title="bbox 470 1499 2120 1570">
     <span class='ocr_line' id='line_1_16' title="bbox 470 1499 2120 1570; baseline -0.012 -3"><span class='ocrx_word' id='word_1_86' title='bbox 470 1513 685 1567; x_wconf 82' lang='lat' dir='ltr'>dicitur</span> <span class='ocrx_word' id='word_1_87' title='bbox 712 1510 1004 1565; x_wconf 86' lang='lat' dir='ltr'>Salomon.</span> <span class='ocrx_word' id='word_1_88' title='bbox 1039 1510 1124 1564; x_wconf 92' lang='lat' dir='ltr'>Tu</span> <span class='ocrx_word' id='word_1_89' title='bbox 1157 1524 1288 1562; x_wconf 81' lang='lat' dir='ltr'>vero</span> <span class='ocrx_word' id='word_1_90' title='bbox 1325 1521 1396 1560; x_wconf 91' lang='lat' dir='ltr'>ne</span> <span class='ocrx_word' id='word_1_91' title='bbox 1428 1503 1678 1566; x_wconf 87' lang='lat' dir='ltr'>mireris,</span> <span class='ocrx_word' id='word_1_92' title='bbox 1713 1499 1864 1570; x_wconf 88' lang='lat' dir='ltr'>quod</span> <span class='ocrx_word' id='word_1_93' title='bbox 1900 1511 2120 1568; x_wconf 89' lang='lat' dir='ltr'>sponsa</span> 
     </span>
    </p>
   </div>
   <div class='ocr_carea' id='block_1_17' title="bbox 469 1582 2118 1672">
    <p class='ocr_par' dir='ltr' id='par_1_17' title="bbox 469 1582 2118 1672">
     <span class='ocr_line' id='line_1_17' title="bbox 469 1582 2118 1672; baseline -0.012 -16"><span class='ocrx_word' id='word_1_94' title='bbox 469 1600 688 1672; x_wconf 88' lang='lat' dir='ltr'>pariter</span> <span class='ocrx_word' id='word_1_95' title='bbox 715 1617 778 1654; x_wconf 89' lang='lat' dir='ltr'>se</span> <span class='ocrx_word' id='word_1_96' title='bbox 807 1603 864 1654; x_wconf 91' lang='lat' dir='ltr'>et</span> <span class='ocrx_word' id='word_1_97' title='bbox 895 1599 1122 1669; x_wconf 86' lang='lat' dir='ltr'>nigram</span> <span class='ocrx_word' id='word_1_98' title='bbox 1146 1601 1203 1650; x_wconf 91' lang='lat' dir='ltr'>et</span> <span class='ocrx_word' id='word_1_99' title='bbox 1235 1594 1539 1665; x_wconf 84' lang='lat' dir='ltr'>pulchram</span> <span class='ocrx_word' id='word_1_100' title='bbox 1574 1591 1893 1659; x_wconf 89' lang='lat' dir='ltr'>nuncupet.</span> <span class='ocrx_word' id='word_1_101' title='bbox 1916 1582 2118 1672; x_wconf 84' lang='lat' dir='ltr'>Omnis</span> 
     </span>
    </p>
   </div>
   <div class='ocr_carea' id='block_1_18' title="bbox 470 1671 2119 1758">
    <p class='ocr_par' dir='ltr' id='par_1_18' title="bbox 470 1671 2119 1758">
     <span class='ocr_line' id='line_1_18' title="bbox 470 1671 2119 1758; baseline -0.012 -13"><span class='ocrx_word' id='word_1_102' title='bbox 470 1690 625 1745; x_wconf 92' lang='lat' dir='ltr'>enim</span> <span class='ocrx_word' id='word_1_103' title='bbox 681 1689 877 1744; x_wconf 89' lang='lat' dir='ltr'>anima</span> <span class='ocrx_word' id='word_1_104' title='bbox 927 1703 1054 1758; x_wconf 67' lang='lat' dir='ltr'>quae</span> <span class='ocrx_word' id='word_1_105' title='bbox 1106 1685 1334 1756; x_wconf 84' lang='lat' dir='ltr'>proficit</span> <span class='ocrx_word' id='word_1_106' title='bbox 1382 1682 1441 1737; x_wconf 92' lang='lat' dir='ltr'>in</span> <span class='ocrx_word' id='word_1_107' title='bbox 1489 1679 1726 1734; x_wconf 87' lang='lat' dir='ltr'>virtutis</span> <span class='ocrx_word' id='word_1_108' title='bbox 1774 1674 1991 1739; x_wconf 89' lang='lat' dir='ltr'>studio,</span> <span class='ocrx_word' id='word_1_109' title='bbox 2034 1671 2119 1727; x_wconf 87' lang='lat' dir='ltr'>sic</span> 
     </span>
    </p>
   </div>
   <div class='ocr_carea' id='block_1_19' title="bbox 470 1767 2118 1844">
    <p class='ocr_par' dir='ltr' id='par_1_19' title="bbox 470 1767 2118 1844">
     <span class='ocr_line' id='line_1_19' title="bbox 470 1767 2118 1844; baseline -0.012 -10"><span class='ocrx_word' id='word_1_110' title='bbox 470 1780 542 1834; x_wconf 90' lang='lat' dir='ltr'>ad</span> <span class='ocrx_word' id='word_1_111' title='bbox 575 1779 764 1834; x_wconf 89' lang='lat' dir='ltr'>lucem</span> <span class='ocrx_word' id='word_1_112' title='bbox 799 1795 866 1833; x_wconf 87' lang='lat' dir='ltr'>ex</span> <span class='ocrx_word' id='word_1_113' title='bbox 895 1777 1151 1832; x_wconf 87' lang='lat' dir='ltr'>tenebris</span> <span class='ocrx_word' id='word_1_114' title='bbox 1199 1773 1590 1844; x_wconf 81' lang='lat' dir='ltr'>progreditur,</span> <span class='ocrx_word' id='word_1_115' title='bbox 1624 1773 1688 1823; x_wconf 91' lang='lat' dir='ltr'>ut</span> <span class='ocrx_word' id='word_1_116' title='bbox 1717 1785 1832 1822; x_wconf 87' lang='lat' dir='ltr'>non</span> <span class='ocrx_word' id='word_1_117' title='bbox 1882 1767 2118 1834; x_wconf 89' lang='lat' dir='ltr'>repente</span> 
     </span>
    </p>
   </div>
   <div class='ocr_carea' id='block_1_20' title="bbox 469 1850 2114 1937">
    <p class='ocr_par' dir='ltr' id='par_1_20' title="bbox 469 1850 2114 1937">
     <span class='ocr_line' id='line_1_20' title="bbox 469 1850 2114 1937; baseline -0.01 -15"><span class='ocrx_word' id='word_1_118' title='bbox 469 1873 591 1922; x_wconf 89' lang='lat' dir='ltr'>tota</span> <span class='ocrx_word' id='word_1_119' title='bbox 637 1867 885 1922; x_wconf 86' lang='lat' dir='ltr'>illustris</span> <span class='ocrx_word' id='word_1_120' title='bbox 942 1872 999 1921; x_wconf 91' lang='lat' dir='ltr'>et</span> <span class='ocrx_word' id='word_1_121' title='bbox 1058 1881 1205 1937; x_wconf 85' lang='lat' dir='ltr'>pura</span> <span class='ocrx_word' id='word_1_122' title='bbox 1261 1864 1390 1930; x_wconf 80' lang='lat' dir='ltr'>ﬁat;</span> <span class='ocrx_word' id='word_1_123' title='bbox 1449 1861 1548 1916; x_wconf 89' lang='lat' dir='ltr'>sed</span> <span class='ocrx_word' id='word_1_124' title='bbox 1609 1875 1725 1929; x_wconf 92' lang='lat' dir='ltr'>quo</span> <span class='ocrx_word' id='word_1_125' title='bbox 1766 1854 2010 1927; x_wconf 87' lang='lat' dir='ltr'>propius</span> <span class='ocrx_word' id='word_1_126' title='bbox 2043 1850 2114 1905; x_wconf 90' lang='lat' dir='ltr'>ad</span> 
     </span>
    </p>
   </div>
   <div class='ocr_carea' id='block_1_21' title="bbox 467 1940 2120 2022">
    <p class='ocr_par' dir='ltr' id='par_1_21' title="bbox 467 1940 2120 2022">
     <span class='ocr_line' id='line_1_21' title="bbox 467 1940 2120 2022; baseline -0.01 -12"><span class='ocrx_word' id='word_1_127' title='bbox 467 1957 742 2012; x_wconf 83' lang='lat' dir='ltr'>virtutem</span> <span class='ocrx_word' id='word_1_128' title='bbox 799 1955 1058 2021; x_wconf 86' lang='lat' dir='ltr'>accedit,</span> <span class='ocrx_word' id='word_1_129' title='bbox 1109 1970 1175 2009; x_wconf 92' lang='lat' dir='ltr'>eo</span> <span class='ocrx_word' id='word_1_130' title='bbox 1233 1951 1469 2022; x_wconf 84' lang='lat' dir='ltr'>longius</span> <span class='ocrx_word' id='word_1_131' title='bbox 1528 1948 1763 2004; x_wconf 87' lang='lat' dir='ltr'>recedat</span> <span class='ocrx_word' id='word_1_132' title='bbox 1811 1961 1844 1999; x_wconf 91' lang='lat' dir='ltr'>a</span> <span class='ocrx_word' id='word_1_133' title='bbox 1895 1940 2120 1998; x_wconf 86' lang='lat' dir='ltr'>fraudis</span> 
     </span>
    </p>
   </div>
   <div class='ocr_carea' id='block_1_22' title="bbox 469 2030 2122 2114">
    <p class='ocr_par' dir='ltr' id='par_1_22' title="bbox 469 2030 2122 2114">
     <span class='ocr_line' id='line_1_22' title="bbox 469 2030 2122 2114; baseline -0.01 -15"><span class='ocrx_word' id='word_1_134' title='bbox 469 2045 851 2110; x_wconf 80' lang='lat' dir='ltr'>obscuritate,</span> <span class='ocrx_word' id='word_1_135' title='bbox 876 2049 1052 2114; x_wconf 90' lang='lat' dir='ltr'>atque</span> <span class='ocrx_word' id='word_1_136' title='bbox 1083 2043 1165 2097; x_wconf 86' lang='lat' dir='ltr'>ita</span> <span class='ocrx_word' id='word_1_137' title='bbox 1195 2039 1560 2113; x_wconf 86' lang='lat' dir='ltr'>splendidior</span> <span class='ocrx_word' id='word_1_138' title='bbox 1587 2041 1644 2091; x_wconf 88' lang='lat' dir='ltr'>et</span> <span class='ocrx_word' id='word_1_139' title='bbox 1664 2034 1876 2090; x_wconf 89' lang='lat' dir='ltr'>clarior</span> <span class='ocrx_word' id='word_1_140' title='bbox 1897 2030 2122 2086; x_wconf 90' lang='lat' dir='ltr'>evadat.</span> 
     </span>
    </p>
   </div>
   <div class='ocr_carea' id='block_1_23' title="bbox 470 2123 2124 2204">
    <p class='ocr_par' dir='ltr' id='par_1_23' title="bbox 470 2123 2124 2204">
     <span class='ocr_line' id='line_1_23' title="bbox 470 2123 2124 2204; baseline -0.011 -14"><span class='ocrx_word' id='word_1_141' title='bbox 470 2134 691 2190; x_wconf 90' lang='lat' dir='ltr'>Deinde</span> <span class='ocrx_word' id='word_1_142' title='bbox 724 2133 874 2188; x_wconf 82' lang='lat' dir='ltr'>ﬁlias</span> <span class='ocrx_word' id='word_1_143' title='bbox 915 2133 1074 2204; x_wconf 90' lang='lat' dir='ltr'>ipsas</span> <span class='ocrx_word' id='word_1_144' title='bbox 1107 2147 1324 2202; x_wconf 81' lang='lat' dir='ltr'>sponsa</span> <span class='ocrx_word' id='word_1_145' title='bbox 1356 2127 1676 2198; x_wconf 84' lang='lat' dir='ltr'>alloquitur</span> <span class='ocrx_word' id='word_1_146' title='bbox 1709 2124 1776 2180; x_wconf 89' lang='lat' dir='ltr'>ad</span> <span class='ocrx_word' id='word_1_147' title='bbox 1814 2123 1968 2177; x_wconf 90' lang='lat' dir='ltr'>hunc</span> <span class='ocrx_word' id='word_1_148' title='bbox 2001 2133 2124 2174; x_wconf 88' lang='lat' dir='ltr'>mo-</span> 
     </span>
    </p>
   </div>
   <div class='ocr_carea' id='block_1_24' title="bbox 467 2212 2125 2292">
    <p class='ocr_par' dir='ltr' id='par_1_24' title="bbox 467 2212 2125 2292">
     <span class='ocr_line' id='line_1_24' title="bbox 467 2212 2125 2292; baseline -0.01 -14"><span class='ocrx_word' id='word_1_149' title='bbox 467 2225 606 2278; x_wconf 91' lang='lat' dir='ltr'>dum</span> <span class='ocrx_word' id='word_1_150' title='bbox 645 2239 658 2278; x_wconf 90' lang='lat'><strong>:</strong></span> <span class='ocrx_word' id='word_1_151' title='bbox 690 2222 878 2278; x_wconf 77' lang='lat' dir='ltr'>Nolite</span> <span class='ocrx_word' id='word_1_152' title='bbox 919 2223 1164 2292; x_wconf 73' lang='lat' dir='ltr'>aspicere</span> <span class='ocrx_word' id='word_1_153' title='bbox 1207 2235 1313 2283; x_wconf 85' lang='lat' dir='ltr'>me,</span> <span class='ocrx_word' id='word_1_154' title='bbox 1345 2219 1484 2289; x_wconf 81' lang='lat' dir='ltr'>quod</span> <span class='ocrx_word' id='word_1_155' title='bbox 1515 2233 1614 2286; x_wconf 84' lang='lat' dir='ltr'>ego</span> <span class='ocrx_word' id='word_1_156' title='bbox 1660 2217 1768 2269; x_wconf 68' lang='lat' dir='ltr'>sim</span> <span class='ocrx_word' id='word_1_157' title='bbox 1814 2212 2125 2285; x_wconf 62' lang='lat' dir='ltr'>dem&#39;gmta,</span> 
     </span>
    </p>
   </div>
   <div class='ocr_carea' id='block_1_25' title="bbox 466 2299 2127 2383">
    <p class='ocr_par' dir='ltr' id='par_1_25' title="bbox 466 2299 2127 2383">
     <span class='ocr_line' id='line_1_25' title="bbox 466 2299 2127 2383; baseline -0.01 -16"><span class='ocrx_word' id='word_1_158' title='bbox 466 2315 603 2383; x_wconf 87' lang='lat' dir='ltr'>quia</span> <span class='ocrx_word' id='word_1_159' title='bbox 653 2313 900 2381; x_wconf 76' lang='lat' dir='ltr'>despexit</span> <span class='ocrx_word' id='word_1_160' title='bbox 949 2327 1034 2365; x_wconf 87' lang='lat' dir='ltr'>me</span> <span class='ocrx_word' id='word_1_161' title='bbox 1080 2309 1179 2364; x_wconf 77' lang='lat' dir='ltr'>sol.</span> <span class='ocrx_word' id='word_1_162' title='bbox 1230 2308 1334 2376; x_wconf 87' lang='lat' dir='ltr'>Ne,</span> <span class='ocrx_word' id='word_1_163' title='bbox 1368 2307 1582 2378; x_wconf 86' lang='lat' dir='ltr'>inquit,</span> <span class='ocrx_word' id='word_1_164' title='bbox 1616 2299 1985 2364; x_wconf 84' lang='lat' dir='ltr'>existimetis,</span> <span class='ocrx_word' id='word_1_165' title='bbox 2032 2314 2127 2352; x_wconf 89' lang='lat' dir='ltr'>me</span> 
     </span>
    </p>
   </div>
   <div class='ocr_carea' id='block_1_26' title="bbox 469 2389 2126 2466">
    <p class='ocr_par' dir='ltr' id='par_1_26' title="bbox 469 2389 2126 2466">
     <span class='ocr_line' id='line_1_26' title="bbox 469 2389 2126 2466; baseline -0.01 -10"><span class='ocrx_word' id='word_1_166' title='bbox 469 2402 550 2456; x_wconf 86' lang='lat' dir='ltr'>ita</span> <span class='ocrx_word' id='word_1_167' title='bbox 607 2401 832 2455; x_wconf 82' lang='lat' dir='ltr'>fuscam</span> <span class='ocrx_word' id='word_1_168' title='bbox 886 2404 943 2454; x_wconf 86' lang='lat' dir='ltr'>et</span> <span class='ocrx_word' id='word_1_169' title='bbox 995 2399 1306 2453; x_wconf 88' lang='lat' dir='ltr'>obscuram</span> <span class='ocrx_word' id='word_1_170' title='bbox 1357 2399 1415 2450; x_wconf 89' lang='lat' dir='ltr'>et</span> <span class='ocrx_word' id='word_1_171' title='bbox 1462 2395 1690 2466; x_wconf 84' lang='lat' dir='ltr'>nigram</span> <span class='ocrx_word' id='word_1_172' title='bbox 1752 2389 1936 2445; x_wconf 81' lang='lat' dir='ltr'>fuisse</span> <span class='ocrx_word' id='word_1_173' title='bbox 1993 2401 2126 2457; x_wconf 80' lang='lat' dir='ltr'>pro-</span> 
     </span>
    </p>
   </div>
   <div class='ocr_carea' id='block_1_27' title="bbox 383 2470 2124 2544">
    <p class='ocr_par' dir='ltr' id='par_1_27' title="bbox 383 2470 2124 2544">
     <span class='ocr_line' id='line_1_27' title="bbox 383 2470 2124 2544; baseline -0.01 0"><span class='ocrx_word' id='word_1_174' title='bbox 383 2470 386 2473; x_wconf 39' lang='grc'><em>’</em></span> <span class='ocrx_word' id='word_1_175' title='bbox 467 2494 745 2544; x_wconf 87' lang='lat' dir='ltr'>creatam.</span> <span class='ocrx_word' id='word_1_176' title='bbox 777 2490 924 2544; x_wconf 87' lang='lat' dir='ltr'>Tota</span> <span class='ocrx_word' id='word_1_177' title='bbox 966 2488 1120 2542; x_wconf 87' lang='lat' dir='ltr'>enim</span> <span class='ocrx_word' id='word_1_178' title='bbox 1177 2485 1374 2540; x_wconf 90' lang='lat' dir='ltr'>lucida</span> <span class='ocrx_word' id='word_1_179' title='bbox 1422 2501 1454 2538; x_wconf 91' lang='lat' dir='ltr'>a</span> <span class='ocrx_word' id='word_1_180' title='bbox 1500 2486 1771 2537; x_wconf 89' lang='lat' dir='ltr'>Creatore</span> <span class='ocrx_word' id='word_1_181' title='bbox 1822 2493 1952 2532; x_wconf 87' lang='lat' dir='ltr'>meo</span> <span class='ocrx_word' id='word_1_182' title='bbox 2007 2475 2124 2528; x_wconf 83' lang='lat' dir='ltr'>for-</span> 
     </span>
    </p>
   </div>
   <div class='ocr_carea' id='block_1_28' title="bbox 470 2567 2126 2639">
    <p class='ocr_par' dir='ltr' id='par_1_28' title="bbox 470 2567 2126 2639">
     <span class='ocr_line' id='line_1_28' title="bbox 470 2567 2126 2639; baseline -0.01 -7"><span class='ocrx_word' id='word_1_183' title='bbox 470 2586 627 2632; x_wconf 88' lang='lat' dir='ltr'>mata</span> <span class='ocrx_word' id='word_1_184' title='bbox 684 2594 838 2632; x_wconf 89' lang='lat' dir='ltr'>sum.</span> <span class='ocrx_word' id='word_1_185' title='bbox 897 2578 1004 2631; x_wconf 85' lang='lat' dir='ltr'>Sed</span> <span class='ocrx_word' id='word_1_186' title='bbox 1065 2575 1280 2630; x_wconf 86' lang='lat' dir='ltr'>ardens</span> <span class='ocrx_word' id='word_1_187' title='bbox 1339 2572 1452 2639; x_wconf 90' lang='lat' dir='ltr'>sol,</span> <span class='ocrx_word' id='word_1_188' title='bbox 1494 2571 1887 2626; x_wconf 88' lang='lat' dir='ltr'>tentationum</span> <span class='ocrx_word' id='word_1_189' title='bbox 1948 2567 2126 2618; x_wconf 60' lang='lat' dir='ltr'>astus</span> 
     </span>
    </p>
   </div>
   <div class='ocr_carea' id='block_1_29' title="bbox 470 2651 2129 2730">
    <p class='ocr_par' dir='ltr' id='par_1_29' title="bbox 470 2651 2129 2730">
     <span class='ocr_line' id='line_1_29' title="bbox 470 2651 2129 2730; baseline -0.01 -9"><span class='ocrx_word' id='word_1_190' title='bbox 470 2683 564 2721; x_wconf 88' lang='lat' dir='ltr'>me</span> <span class='ocrx_word' id='word_1_191' title='bbox 616 2666 994 2721; x_wconf 87' lang='lat' dir='ltr'>vehementer</span> <span class='ocrx_word' id='word_1_192' title='bbox 1057 2663 1316 2719; x_wconf 87' lang='lat' dir='ltr'>excussit</span> <span class='ocrx_word' id='word_1_193' title='bbox 1369 2678 1434 2716; x_wconf 92' lang='lat' dir='ltr'>ac</span> <span class='ocrx_word' id='word_1_194' title='bbox 1494 2657 1840 2730; x_wconf 87' lang='lat' dir='ltr'>denigravit.</span> <span class='ocrx_word' id='word_1_195' title='bbox 1913 2651 2129 2707; x_wconf 88' lang='lat' dir='ltr'>Deinde</span> 
     </span>
    </p>
   </div>
   <div class='ocr_carea' id='block_1_30' title="bbox 469 2738 2126 2826">
    <p class='ocr_par' dir='ltr' id='par_1_30' title="bbox 469 2738 2126 2826">
     <span class='ocr_line' id='line_1_30' title="bbox 469 2738 2126 2826; baseline -0.011 -17"><span class='ocrx_word' id='word_1_196' title='bbox 469 2772 585 2826; x_wconf 91' lang='lat' dir='ltr'>quo</span> <span class='ocrx_word' id='word_1_197' title='bbox 646 2755 818 2810; x_wconf 89' lang='lat' dir='ltr'>modo</span> <span class='ocrx_word' id='word_1_198' title='bbox 878 2772 912 2809; x_wconf 91' lang='lat' dir='ltr'>a</span> <span class='ocrx_word' id='word_1_199' title='bbox 963 2753 1209 2824; x_wconf 69' lang='lat' dir='ltr'>justitim</span> <span class='ocrx_word' id='word_1_200' title='bbox 1271 2750 1401 2806; x_wconf 88' lang='lat' dir='ltr'>Sole</span> <span class='ocrx_word' id='word_1_201' title='bbox 1451 2750 1726 2820; x_wconf 89' lang='lat' dir='ltr'>despecta</span> <span class='ocrx_word' id='word_1_202' title='bbox 1777 2744 1888 2809; x_wconf 86' lang='lat' dir='ltr'>sit,</span> <span class='ocrx_word' id='word_1_203' title='bbox 1941 2738 2126 2810; x_wconf 81' lang='lat' dir='ltr'>expli-</span> 
     </span>
    </p>
   </div>
   <div class='ocr_carea' id='block_1_31' title="bbox 467 2849 578 2900">
    <p class='ocr_par' dir='ltr' id='par_1_31' title="bbox 467 2849 578 2900">
     <span class='ocr_line' id='line_1_31' title="bbox 467 2849 578 2900; baseline -0.009 -1"><span class='ocrx_word' id='word_1_204' title='bbox 467 2849 578 2900; x_wconf 90' lang='lat' dir='ltr'>cat.</span> 
     </span>
    </p>
   </div>
   <div class='ocr_carea' id='block_1_32' title="bbox 701 3379 1895 3452">
    <p class='ocr_par' dir='ltr' id='par_1_32' title="bbox 701 3379 1895 3452">
     <span class='ocr_line' id='line_1_32' title="bbox 701 3379 1895 3452; baseline -0.006 -14"><span class='ocrx_word' id='word_1_205' title='bbox 701 3384 836 3438; x_wconf 84' lang='lat' dir='ltr'>Filii</span> <span class='ocrx_word' id='word_1_206' title='bbox 866 3383 1078 3437; x_wconf 72' lang='lat' dir='ltr'>matri:</span> <span class='ocrx_word' id='word_1_207' title='bbox 1105 3395 1253 3438; x_wconf 65' lang='lat' dir='ltr'>mea:</span> <span class='ocrx_word' id='word_1_208' title='bbox 1279 3381 1669 3452; x_wconf 78' lang='lat' dir='ltr'>pugnaverunt</span> <span class='ocrx_word' id='word_1_209' title='bbox 1699 3379 1757 3433; x_wconf 87' lang='lat' dir='ltr'>in</span> <span class='ocrx_word' id='word_1_210' title='bbox 1788 3394 1895 3432; x_wconf 81' lang='lat' dir='ltr'>me.</span> 
     </span>
    </p>
   </div>
   <div class='ocr_carea' id='block_1_33' title="bbox 535 3484 2129 3559">
    <p class='ocr_par' dir='ltr' id='par_1_33' title="bbox 535 3484 2129 3559">
     <span class='ocr_line' id='line_1_33' title="bbox 535 3484 2129 3559; baseline -0.003 -13"><span class='ocrx_word' id='word_1_211' title='bbox 535 3492 580 3547; x_wconf 88' lang='lat' dir='ltr'><strong>A</strong></span> <span class='ocrx_word' id='word_1_212' title='bbox 613 3494 798 3544; x_wconf 88' lang='lat' dir='ltr'>matre</span> <span class='ocrx_word' id='word_1_213' title='bbox 828 3487 1028 3559; x_wconf 84' lang='lat' dir='ltr'>igitur,</span> <span class='ocrx_word' id='word_1_214' title='bbox 1065 3491 1129 3543; x_wconf 91' lang='lat' dir='ltr'>ut</span> <span class='ocrx_word' id='word_1_215' title='bbox 1159 3503 1353 3542; x_wconf 90' lang='lat' dir='ltr'>rerum</span> <span class='ocrx_word' id='word_1_216' title='bbox 1389 3490 1479 3542; x_wconf 89' lang='lat' dir='ltr'>est</span> <span class='ocrx_word' id='word_1_217' title='bbox 1509 3484 1774 3541; x_wconf 89' lang='lat' dir='ltr'>omnium</span> <span class='ocrx_word' id='word_1_218' title='bbox 1811 3501 2008 3551; x_wconf 89' lang='lat' dir='ltr'>causa,</span> <span class='ocrx_word' id='word_1_219' title='bbox 2040 3502 2129 3541; x_wconf 86' lang='lat' dir='ltr'>sa-</span> 
     </span>
    </p>
   </div>
   <div class='ocr_carea' id='block_1_34' title="bbox 469 3575 2130 3667">
    <p class='ocr_par' dir='ltr' id='par_1_34' title="bbox 469 3575 2130 3667">
     <span class='ocr_line' id='line_1_34' title="bbox 469 3575 2130 3667; baseline -0.004 -33"><span class='ocrx_word' id='word_1_220' title='bbox 469 3580 689 3653; x_wconf 90' lang='lat' dir='ltr'>pientia</span> <span class='ocrx_word' id='word_1_221' title='bbox 719 3595 852 3632; x_wconf 89' lang='lat' dir='ltr'>cum</span> <span class='ocrx_word' id='word_1_222' title='bbox 888 3578 1260 3644; x_wconf 83' lang='lat' dir='ltr'>defecissent,</span> <span class='ocrx_word' id='word_1_223' title='bbox 1286 3592 1485 3632; x_wconf 90' lang='lat' dir='ltr'>eorum</span> <span class='ocrx_word' id='word_1_224' title='bbox 1519 3591 1646 3645; x_wconf 72' lang='lat' dir='ltr'>quae</span> <span class='ocrx_word' id='word_1_225' title='bbox 1671 3578 1811 3628; x_wconf 91' lang='lat' dir='ltr'>sunt</span> <span class='ocrx_word' id='word_1_226' title='bbox 1848 3575 2130 3667; x_wconf 51' lang='lat' dir='ltr'>rationes,</span> 
     </span>
    </p>
   </div>
   <div class='ocr_carea' id='block_1_35' title="bbox 465 3661 2128 3734">
    <p class='ocr_par' dir='ltr' id='par_1_35' title="bbox 465 3661 2128 3734">
     <span class='ocr_line' id='line_1_35' title="bbox 465 3661 2128 3734; baseline -0.004 -9"><span class='ocrx_word' id='word_1_227' title='bbox 465 3671 535 3726; x_wconf 93' lang='lat' dir='ltr'>ad</span> <span class='ocrx_word' id='word_1_228' title='bbox 570 3685 698 3725; x_wconf 90' lang='lat' dir='ltr'>eam</span> <span class='ocrx_word' id='word_1_229' title='bbox 730 3685 820 3723; x_wconf 90' lang='lat' dir='ltr'>me</span> <span class='ocrx_word' id='word_1_230' title='bbox 852 3685 968 3722; x_wconf 91' lang='lat' dir='ltr'>non</span> <span class='ocrx_word' id='word_1_231' title='bbox 1001 3667 1395 3722; x_wconf 87' lang='lat' dir='ltr'>reduxerunt:</span> <span class='ocrx_word' id='word_1_232' title='bbox 1423 3663 1751 3718; x_wconf 89' lang='lat' dir='ltr'>visibilium</span> <span class='ocrx_word' id='word_1_233' title='bbox 1782 3661 1938 3717; x_wconf 89' lang='lat' dir='ltr'>enim</span> <span class='ocrx_word' id='word_1_234' title='bbox 1965 3661 2128 3734; x_wconf 58' lang='lat' dir='ltr'>aspel</span> 
     </span>
    </p>
   </div>
   <div class='ocr_carea' id='block_1_36' title="bbox 465 3751 2126 3829">
    <p class='ocr_par' dir='ltr' id='par_1_36' title="bbox 465 3751 2126 3829">
     <span class='ocr_line' id='line_1_36' title="bbox 465 3751 2126 3829; baseline -0.005 -15"><span class='ocrx_word' id='word_1_235' title='bbox 465 3764 558 3814; x_wconf 90' lang='lat' dir='ltr'>ctu</span> <span class='ocrx_word' id='word_1_236' title='bbox 593 3759 834 3829; x_wconf 89' lang='lat' dir='ltr'>decepta</span> <span class='ocrx_word' id='word_1_237' title='bbox 865 3773 990 3812; x_wconf 90' lang='lat' dir='ltr'>sum</span> <span class='ocrx_word' id='word_1_238' title='bbox 1021 3772 1034 3810; x_wconf 92' lang='lat'>:</span> <span class='ocrx_word' id='word_1_239' title='bbox 1069 3755 1169 3810; x_wconf 90' lang='lat' dir='ltr'>sed</span> <span class='ocrx_word' id='word_1_240' title='bbox 1211 3755 1352 3810; x_wconf 92' lang='lat' dir='ltr'>dum</span> <span class='ocrx_word' id='word_1_241' title='bbox 1407 3753 1550 3808; x_wconf 91' lang='lat' dir='ltr'>mihi</span> <span class='ocrx_word' id='word_1_242' title='bbox 1589 3751 1864 3807; x_wconf 88' lang='lat' dir='ltr'>videntur</span> <span class='ocrx_word' id='word_1_243' title='bbox 1897 3756 2126 3806; x_wconf 88' lang='lat' dir='ltr'>contra-</span> 
     </span>
    </p>
   </div>
   <div class='ocr_carea' id='block_1_37' title="bbox 465 3840 2126 3918">
    <p class='ocr_par' dir='ltr' id='par_1_37' title="bbox 465 3840 2126 3918">
     <span class='ocr_line' id='line_1_37' title="bbox 465 3840 2126 3918; baseline -0.005 -14"><span class='ocrx_word' id='word_1_244' title='bbox 465 3849 588 3915; x_wconf 64' lang='lat' dir='ltr'>riae,</span> <span class='ocrx_word' id='word_1_245' title='bbox 613 3863 706 3902; x_wconf 89' lang='lat' dir='ltr'>me</span> <span class='ocrx_word' id='word_1_246' title='bbox 737 3846 797 3900; x_wconf 88' lang='lat' dir='ltr'>in</span> <span class='ocrx_word' id='word_1_247' title='bbox 831 3845 1138 3918; x_wconf 90' lang='lat' dir='ltr'>opiniones</span> <span class='ocrx_word' id='word_1_248' title='bbox 1193 3840 1660 3898; x_wconf 88' lang='lat' dir='ltr'>innumerabiles</span> <span class='ocrx_word' id='word_1_249' title='bbox 1708 3841 2126 3896; x_wconf 84' lang='lat' dir='ltr'>distraxerunt.</span> 
     </span>
    </p>
   </div>
   <div class='ocr_carea' id='block_1_38' title="bbox 464 3929 2130 4009">
    <p class='ocr_par' dir='ltr' id='par_1_38' title="bbox 464 3929 2130 4009">
     <span class='ocr_line' id='line_1_38' title="bbox 464 3929 2130 4009; baseline -0.004 -16"><span class='ocrx_word' id='word_1_250' title='bbox 464 3939 652 4009; x_wconf 87' lang='lat' dir='ltr'>Atque</span> <span class='ocrx_word' id='word_1_251' title='bbox 697 3935 806 3990; x_wconf 92' lang='lat' dir='ltr'>hoc</span> <span class='ocrx_word' id='word_1_252' title='bbox 857 3935 1096 4006; x_wconf 88' lang='lat' dir='ltr'>quidem</span> <span class='ocrx_word' id='word_1_253' title='bbox 1152 3935 1323 4004; x_wconf 87' lang='lat' dir='ltr'>pacto</span> <span class='ocrx_word' id='word_1_254' title='bbox 1379 3947 1465 3986; x_wconf 84' lang='lat' dir='ltr'>me</span> <span class='ocrx_word' id='word_1_255' title='bbox 1521 3929 1791 3985; x_wconf 80' lang='lat' dir='ltr'>custodem</span> <span class='ocrx_word' id='word_1_256' title='bbox 1840 3932 1900 3984; x_wconf 83' lang='lat' dir='ltr'>in</span> <span class='ocrx_word' id='word_1_257' title='bbox 1952 3931 2130 3986; x_wconf 76' lang='lat' dir='ltr'>vineis</span> 
     </span>
    </p>
   </div>
   <div class='ocr_carea' id='block_1_39' title="bbox 464 4017 2128 4093">
    <p class='ocr_par' dir='ltr' id='par_1_39' title="bbox 464 4017 2128 4093">
     <span class='ocr_line' id='line_1_39' title="bbox 464 4017 2128 4093; baseline -0.005 -11"><span class='ocrx_word' id='word_1_258' title='bbox 464 4027 892 4091; x_wconf 79' lang='lat' dir='ltr'>constituerunt,</span> <span class='ocrx_word' id='word_1_259' title='bbox 923 4027 990 4078; x_wconf 91' lang='lat' dir='ltr'>ut</span> <span class='ocrx_word' id='word_1_260' title='bbox 1020 4023 1079 4077; x_wconf 91' lang='lat' dir='ltr'>in</span> <span class='ocrx_word' id='word_1_261' title='bbox 1110 4022 1259 4093; x_wconf 90' lang='lat' dir='ltr'>ipsis</span> <span class='ocrx_word' id='word_1_262' title='bbox 1311 4023 1582 4092; x_wconf 88' lang='lat' dir='ltr'>perstans</span> <span class='ocrx_word' id='word_1_263' title='bbox 1629 4017 2029 4090; x_wconf 87' lang='lat' dir='ltr'>opinionibus,</span> <span class='ocrx_word' id='word_1_264' title='bbox 2057 4021 2128 4074; x_wconf 91' lang='lat' dir='ltr'>ab</span> 
     </span>
    </p>
   </div>
   <div class='ocr_carea' id='block_1_40' title="bbox 465 4107 2128 4181">
    <p class='ocr_par' dir='ltr' id='par_1_40' title="bbox 465 4107 2128 4181">
     <span class='ocr_line' id='line_1_40' title="bbox 465 4107 2128 4181; baseline -0.005 -11"><span class='ocrx_word' id='word_1_265' title='bbox 465 4132 533 4170; x_wconf 90' lang='lat' dir='ltr'>ea</span> <span class='ocrx_word' id='word_1_266' title='bbox 563 4120 620 4170; x_wconf 91' lang='lat' dir='ltr'>et</span> <span class='ocrx_word' id='word_1_267' title='bbox 651 4131 685 4168; x_wconf 88' lang='lat' dir='ltr'>a</span> <span class='ocrx_word' id='word_1_268' title='bbox 715 4113 958 4167; x_wconf 90' lang='lat' dir='ltr'>veritate</span> <span class='ocrx_word' id='word_1_269' title='bbox 1010 4111 1244 4181; x_wconf 81' lang='lat' dir='ltr'>penitus</span> <span class='ocrx_word' id='word_1_270' title='bbox 1296 4107 1666 4164; x_wconf 89' lang='lat' dir='ltr'>dissiderem.</span> <span class='ocrx_word' id='word_1_271' title='bbox 1717 4109 1849 4173; x_wconf 74' lang='lat' dir='ltr'>Quae</span> <span class='ocrx_word' id='word_1_272' title='bbox 1890 4107 2128 4180; x_wconf 90' lang='lat' dir='ltr'>quidem</span> 
     </span>
    </p>
   </div>
   <div class='ocr_carea' id='block_1_41' title="bbox 467 4198 2128 4274">
    <p class='ocr_par' dir='ltr' id='par_1_41' title="bbox 467 4198 2128 4274">
     <span class='ocr_line' id='line_1_41' title="bbox 467 4198 2128 4274; baseline -0.004 -16"><span class='ocrx_word' id='word_1_273' title='bbox 467 4203 611 4258; x_wconf 88' lang='lat' dir='ltr'>mihi</span> <span class='ocrx_word' id='word_1_274' title='bbox 663 4208 967 4274; x_wconf 87' lang='lat' dir='ltr'>propterea</span> <span class='ocrx_word' id='word_1_275' title='bbox 999 4199 1316 4270; x_wconf 90' lang='lat' dir='ltr'>contigere,</span> <span class='ocrx_word' id='word_1_276' title='bbox 1351 4198 1488 4268; x_wconf 89' lang='lat' dir='ltr'>quia</span> <span class='ocrx_word' id='word_1_277' title='bbox 1518 4198 1736 4252; x_wconf 86' lang='lat' dir='ltr'>vineam</span> <span class='ocrx_word' id='word_1_278' title='bbox 1784 4214 1968 4252; x_wconf 83' lang='lat' dir='ltr'>meam</span> <span class='ocrx_word' id='word_1_279' title='bbox 2017 4213 2128 4253; x_wconf 78' lang='lat' dir='ltr'>non</span> 
     </span>
    </p>
   </div>
   <div class='ocr_carea' id='block_1_42' title="bbox 455 4285 2130 4361">
    <p class='ocr_par' dir='ltr' id='par_1_42' title="bbox 455 4285 2130 4361">
     <span class='ocr_line' id='line_1_42' title="bbox 455 4285 2130 4361; baseline -0.004 -13"><span class='ocrx_word' id='word_1_280' title='bbox 455 4292 748 4356; x_wconf 84' lang='lat' dir='ltr'>custodivi,</span> <span class='ocrx_word' id='word_1_281' title='bbox 783 4290 883 4361; x_wconf 93' lang='lat' dir='ltr'>qui</span> <span class='ocrx_word' id='word_1_282' title='bbox 915 4293 1018 4344; x_wconf 91' lang='lat' dir='ltr'>est</span> <span class='ocrx_word' id='word_1_283' title='bbox 1071 4287 1171 4342; x_wconf 92' lang='lat' dir='ltr'>ille</span> <span class='ocrx_word' id='word_1_284' title='bbox 1206 4285 1305 4358; x_wconf 91' lang='lat' dir='ltr'>qui</span> <span class='ocrx_word' id='word_1_285' title='bbox 1337 4286 1484 4341; x_wconf 85' lang='lat' dir='ltr'>dixit</span> <span class='ocrx_word' id='word_1_286' title='bbox 1518 4302 1530 4340; x_wconf 90' lang='lat'>:</span> <span class='ocrx_word' id='word_1_287' title='bbox 1565 4286 1680 4358; x_wconf 86' lang='lat' dir='ltr'>Ego</span> <span class='ocrx_word' id='word_1_288' title='bbox 1727 4303 1845 4340; x_wconf 79' lang='lat' dir='ltr'>sum</span> <span class='ocrx_word' id='word_1_289' title='bbox 1897 4288 2026 4342; x_wconf 74' lang='lat' dir='ltr'>vilis</span> <span class='ocrx_word' id='word_1_290' title='bbox 2074 4303 2130 4358; x_wconf 77' lang='grc' dir='ltr'>ει</span> 
     </span>
    </p>
   </div>
   <div class='ocr_carea' id='block_1_43' title="bbox 460 4374 2125 4452">
    <p class='ocr_par' dir='ltr' id='par_1_43' title="bbox 460 4374 2125 4452">
     <span class='ocr_line' id='line_1_43' title="bbox 460 4374 2125 4452; baseline -0.004 -16"><span class='ocrx_word' id='word_1_291' title='bbox 460 4397 550 4436; x_wconf 80' lang='lat' dir='ltr'>vos</span> <span class='ocrx_word' id='word_1_292' title='bbox 590 4380 922 4452; x_wconf 75' lang='lat' dir='ltr'>palmites‘,</span> <span class='ocrx_word' id='word_1_293' title='bbox 957 4376 1296 4448; x_wconf 89' lang='lat' dir='ltr'>unigenitus</span> <span class='ocrx_word' id='word_1_294' title='bbox 1350 4375 1448 4431; x_wconf 92' lang='lat' dir='ltr'>Dei</span> <span class='ocrx_word' id='word_1_295' title='bbox 1505 4374 1691 4430; x_wconf 81' lang='lat' dir='ltr'>Filius</span> <span class='ocrx_word' id='word_1_296' title='bbox 1743 4379 1800 4430; x_wconf 89' lang='lat' dir='ltr'>et</span> <span class='ocrx_word' id='word_1_297' title='bbox 1845 4375 2125 4446; x_wconf 89' lang='lat' dir='ltr'>Verbum,</span> 
     </span>
    </p>
   </div>
   <div class='ocr_carea' id='block_1_44' title="bbox 460 4464 2128 4540">
    <p class='ocr_par' dir='ltr' id='par_1_44' title="bbox 460 4464 2128 4540">
     <span class='ocr_line' id='line_1_44' title="bbox 460 4464 2128 4540; baseline -0.002 -16"><span class='ocrx_word' id='word_1_298' title='bbox 460 4470 630 4540; x_wconf 85' lang='lat' dir='ltr'>cujus</span> <span class='ocrx_word' id='word_1_299' title='bbox 675 4468 746 4523; x_wconf 90' lang='lat' dir='ltr'>ad</span> <span class='ocrx_word' id='word_1_300' title='bbox 797 4466 1115 4538; x_wconf 86' lang='lat' dir='ltr'>imaginem</span> <span class='ocrx_word' id='word_1_301' title='bbox 1169 4465 1320 4520; x_wconf 87' lang='lat' dir='ltr'>facta</span> <span class='ocrx_word' id='word_1_302' title='bbox 1366 4469 1576 4520; x_wconf 90' lang='lat' dir='ltr'>natura</span> <span class='ocrx_word' id='word_1_303' title='bbox 1634 4464 1919 4532; x_wconf 89' lang='lat' dir='ltr'>humana,</span> <span class='ocrx_word' id='word_1_304' title='bbox 1948 4466 2128 4536; x_wconf 74' lang='lat' dir='ltr'>simul</span> 
     </span>
    </p>
   </div>
   <div class='ocr_carea' id='block_1_45' title="bbox 456 4553 2126 4630">
    <p class='ocr_par' dir='ltr' id='par_1_45' title="bbox 456 4553 2126 4630">
     <span class='ocr_line' id='line_1_45' title="bbox 456 4553 2126 4630; baseline -0.002 -18"><span class='ocrx_word' id='word_1_305' title='bbox 456 4575 584 4630; x_wconf 59' lang='lat' dir='ltr'>qua:</span> <span class='ocrx_word' id='word_1_306' title='bbox 626 4557 683 4612; x_wconf 89' lang='lat' dir='ltr'>in</span> <span class='ocrx_word' id='word_1_307' title='bbox 741 4556 1019 4611; x_wconf 90' lang='lat' dir='ltr'>universo</span> <span class='ocrx_word' id='word_1_308' title='bbox 1079 4561 1220 4610; x_wconf 90' lang='lat' dir='ltr'>sunt</span> <span class='ocrx_word' id='word_1_309' title='bbox 1275 4571 1479 4609; x_wconf 89' lang='lat' dir='ltr'>omnes</span> <span class='ocrx_word' id='word_1_310' title='bbox 1529 4553 1787 4608; x_wconf 89' lang='lat' dir='ltr'>obtinuit</span> <span class='ocrx_word' id='word_1_311' title='bbox 1849 4554 2126 4624; x_wconf 88' lang='lat' dir='ltr'>rationes,</span> 
     </span>
    </p>
   </div>
   <div class='ocr_carea' id='block_1_46' title="bbox 2227 597 3767 676">
    <p class='ocr_par' dir='ltr' id='par_1_46' title="bbox 2227 597 3767 676">
     <span class='ocr_line' id='line_1_46' title="bbox 2227 597 3767 676; baseline 0 -22"><span class='ocrx_word' id='word_1_312' title='bbox 2227 601 2384 664; x_wconf 81' lang='grc' dir='ltr'>Ταῦθ’</span> <span class='ocrx_word' id='word_1_313' title='bbox 2416 599 2606 672; x_wconf 88' lang='grc' dir='ltr'>ὁμιλεῖ</span> <span class='ocrx_word' id='word_1_314' title='bbox 2632 601 2693 654; x_wconf 88' lang='grc' dir='ltr'>τὸ</span> <span class='ocrx_word' id='word_1_315' title='bbox 2725 601 3027 674; x_wconf 83' lang='grc' dir='ltr'>πρώτιστον</span> <span class='ocrx_word' id='word_1_316' title='bbox 3059 601 3094 668; x_wconf 79' lang='grc' dir='ltr'>ἡ</span> <span class='ocrx_word' id='word_1_317' title='bbox 3125 598 3310 676; x_wconf 86' lang='grc' dir='ltr'>νύμφη</span> <span class='ocrx_word' id='word_1_318' title='bbox 3342 603 3458 660; x_wconf 84' lang='grc' dir='ltr'>τοῖς</span> <span class='ocrx_word' id='word_1_319' title='bbox 3490 597 3767 673; x_wconf 91' lang='grc' dir='ltr'>ἀγγέλοις.</span> 
     </span>
    </p>
   </div>
   <div class='ocr_carea' id='block_1_47' title="bbox 2230 687 3730 765">
    <p class='ocr_par' dir='ltr' id='par_1_47' title="bbox 2230 687 3730 765">
     <span class='ocr_line' id='line_1_47' title="bbox 2230 687 3730 765; baseline -0.003 -21"><span class='ocrx_word' id='word_1_320' title='bbox 2230 690 2351 765; x_wconf 82' lang='grc' dir='ltr'>Χρῆ</span> <span class='ocrx_word' id='word_1_321' title='bbox 2383 690 2488 764; x_wconf 76' lang='grc' dir='ltr'>γὰρ</span> <span class='ocrx_word' id='word_1_322' title='bbox 2521 688 2652 744; x_wconf 70' lang='grc' dir='ltr'>αὐτὰ</span> <span class='ocrx_word' id='word_1_323' title='bbox 2679 689 2746 743; x_wconf 76' lang='grc' dir='ltr'>τά</span> <span class='ocrx_word' id='word_1_324' title='bbox 2857 709 2997 762; x_wconf 88' lang='grc' dir='ltr'>ματα</span> <span class='ocrx_word' id='word_1_325' title='bbox 3023 692 3124 753; x_wconf 82' lang='grc' dir='ltr'>τῆς</span> <span class='ocrx_word' id='word_1_326' title='bbox 3154 687 3372 764; x_wconf 80' lang='grc' dir='ltr'>νύμφης</span> <span class='ocrx_word' id='word_1_327' title='bbox 3401 687 3730 760; x_wconf 82' lang='grc' dir='ltr'>προτιθέναι,</span> 
     </span>
    </p>
   </div>
   <div class='ocr_carea' id='block_1_48' title="bbox 2233 777 3821 854">
    <p class='ocr_par' dir='ltr' id='par_1_48' title="bbox 2233 777 3821 854">
     <span class='ocr_line' id='line_1_48' title="bbox 2233 777 3821 854; baseline 0.001 -19"><span class='ocrx_word' id='word_1_328' title='bbox 2233 781 2326 836; x_wconf 85' lang='grc' dir='ltr'>Καὶ</span> <span class='ocrx_word' id='word_1_329' title='bbox 2365 777 2635 854; x_wconf 80' lang='grc' dir='ltr'>μηδαμῶς</span> <span class='ocrx_word' id='word_1_330' title='bbox 2669 777 3057 854; x_wconf 84' lang='grc' dir='ltr'>στιχοπλοκεῖν</span> <span class='ocrx_word' id='word_1_331' title='bbox 3085 784 3252 835; x_wconf 81' lang='grc' dir='ltr'>ταῦτα</span> <span class='ocrx_word' id='word_1_332' title='bbox 3281 780 3370 834; x_wconf 87' lang='grc' dir='ltr'>καὶ</span> <span class='ocrx_word' id='word_1_333' title='bbox 3406 778 3821 853; x_wconf 82' lang='grc' dir='ltr'>μεταλλάττειν.</span> 
     </span>
    </p>
   </div>
   <div class='ocr_carea' id='block_1_49' title="bbox 2228 868 3628 947">
    <p class='ocr_par' dir='ltr' id='par_1_49' title="bbox 2228 868 3628 947">
     <span class='ocr_line' id='line_1_49' title="bbox 2228 868 3628 947; baseline 0 -23"><span class='ocrx_word' id='word_1_334' title='bbox 2228 869 2523 928; x_wconf 88' lang='grc' dir='ltr'>’Δκούσατέ</span> <span class='ocrx_word' id='word_1_335' title='bbox 2557 879 2661 942; x_wconf 78' lang='grc' dir='ltr'>μου</span> <span class='ocrx_word' id='word_1_336' title='bbox 2691 877 2789 939; x_wconf 80' lang='grc' dir='ltr'>τῆς</span> <span class='ocrx_word' id='word_1_337' title='bbox 2819 876 3024 947; x_wconf 83' lang='grc' dir='ltr'>φωνῆς,</span> <span class='ocrx_word' id='word_1_338' title='bbox 3058 869 3242 946; x_wconf 80' lang='grc' dir='ltr'>φησὶν,</span> <span class='ocrx_word' id='word_1_339' title='bbox 3276 871 3320 924; x_wconf 82' lang='grc' dir='ltr'>ὧ</span> <span class='ocrx_word' id='word_1_340' title='bbox 3350 868 3628 946; x_wconf 73' lang='grc' dir='ltr'>θυγατέρες</span> 
     </span>
    </p>
   </div>
   <div class='ocr_carea' id='block_1_50' title="bbox 2229 954 3519 1033">
    <p class='ocr_par' dir='ltr' id='par_1_50' title="bbox 2229 954 3519 1033">
     <span class='ocr_line' id='line_1_50' title="bbox 2229 954 3519 1033; baseline -0.002 -19"><span class='ocrx_word' id='word_1_341' title='bbox 2229 961 2344 1027; x_wconf 80' lang='grc' dir='ltr'>Τῆς</span> <span class='ocrx_word' id='word_1_342' title='bbox 2375 954 2487 1013; x_wconf 74' lang='grc' dir='ltr'>ἄνω</span> <span class='ocrx_word' id='word_1_343' title='bbox 2518 958 2879 1033; x_wconf 77' lang='grc' dir='ltr'>Ἰερουσαλὴμ</span> <span class='ocrx_word' id='word_1_344' title='bbox 2907 965 3008 1028; x_wconf 82' lang='grc' dir='ltr'>τῆς</span> <span class='ocrx_word' id='word_1_345' title='bbox 3052 954 3519 1031; x_wconf 77' lang='grc' dir='ltr'>σεϐασμιωτάτης.</span> 
     </span>
    </p>
   </div>
   <div class='ocr_carea' id='block_1_51' title="bbox 2227 1045 3590 1122">
    <p class='ocr_par' dir='ltr' id='par_1_51' title="bbox 2227 1045 3590 1122">
     <span class='ocr_line' id='line_1_51' title="bbox 2227 1045 3590 1122; baseline -0.001 -18"><span class='ocrx_word' id='word_1_346' title='bbox 2227 1047 2403 1119; x_wconf 83' lang='grc' dir='ltr'>Ὁμοῦ</span> <span class='ocrx_word' id='word_1_347' title='bbox 2431 1049 2531 1122; x_wconf 75' lang='grc' dir='ltr'>γαρ</span> <span class='ocrx_word' id='word_1_348' title='bbox 2562 1045 2734 1122; x_wconf 80' lang='grc' dir='ltr'>ἔγωγε</span> <span class='ocrx_word' id='word_1_349' title='bbox 2761 1046 2905 1116; x_wconf 76' lang='grc' dir='ltr'>καλὴ</span> <span class='ocrx_word' id='word_1_350' title='bbox 2939 1047 3026 1102; x_wconf 80' lang='grc' dir='ltr'>καὶ</span> <span class='ocrx_word' id='word_1_351' title='bbox 3053 1046 3286 1120; x_wconf 88' lang='grc' dir='ltr'>μέλαινα</span> <span class='ocrx_word' id='word_1_352' title='bbox 3315 1048 3590 1122; x_wconf 79' lang='grc' dir='ltr'>τυγχάνω.</span> 
     </span>
    </p>
   </div>
   <div class='ocr_carea' id='block_1_52' title="bbox 2229 1134 3731 1213">
    <p class='ocr_par' dir='ltr' id='par_1_52' title="bbox 2229 1134 3731 1213">
     <span class='ocr_line' id='line_1_52' title="bbox 2229 1134 3731 1213; baseline 0 -23"><span class='ocrx_word' id='word_1_353' title='bbox 2229 1135 2472 1191; x_wconf 84' lang='grc' dir='ltr'>Μέλαινα</span> <span class='ocrx_word' id='word_1_354' title='bbox 2515 1137 2609 1208; x_wconf 75' lang='grc' dir='ltr'>μὶν</span> <span class='ocrx_word' id='word_1_355' title='bbox 2636 1139 2710 1198; x_wconf 84' lang='grc' dir='ltr'>ὼς</span> <span class='ocrx_word' id='word_1_356' title='bbox 2739 1141 2834 1190; x_wconf 81' lang='grc' dir='ltr'>τοῦ</span> <span class='ocrx_word' id='word_1_357' title='bbox 2867 1134 3054 1210; x_wconf 82' lang='grc' dir='ltr'>Κηδὰρ</span> <span class='ocrx_word' id='word_1_358' title='bbox 3081 1138 3347 1208; x_wconf 78' lang='grc' dir='ltr'>σκήνωμα</span> <span class='ocrx_word' id='word_1_359' title='bbox 3380 1142 3731 1213; x_wconf 80' lang='grc' dir='ltr'>προφανεῖσα,</span> 
     </span>
    </p>
   </div>
   <div class='ocr_carea' id='block_1_53' title="bbox 2229 1221 3696 1301">
    <p class='ocr_par' dir='ltr' id='par_1_53' title="bbox 2229 1221 3696 1301">
     <span class='ocr_line' id='line_1_53' title="bbox 2229 1221 3696 1301; baseline -0.001 -21"><span class='ocrx_word' id='word_1_360' title='bbox 2229 1226 2386 1298; x_wconf 79' lang='grc' dir='ltr'>Φημὶ</span> <span class='ocrx_word' id='word_1_361' title='bbox 2417 1223 2464 1279; x_wconf 76' lang='grc' dir='ltr'>δ’</span> <span class='ocrx_word' id='word_1_362' title='bbox 2492 1223 2552 1279; x_wconf 86' lang='grc' dir='ltr'>ἐκ</span> <span class='ocrx_word' id='word_1_363' title='bbox 2581 1221 2934 1301; x_wconf 76' lang='grc' dir='ltr'>παραϐάσεως</span> <span class='ocrx_word' id='word_1_364' title='bbox 2963 1232 3062 1294; x_wconf 78' lang='grc' dir='ltr'>τῆς</span> <span class='ocrx_word' id='word_1_365' title='bbox 3092 1224 3317 1293; x_wconf 73' lang='grc' dir='ltr'>ἐντολῆς</span> <span class='ocrx_word' id='word_1_366' title='bbox 3344 1229 3442 1290; x_wconf 81' lang='grc' dir='ltr'>τῆς</span> <span class='ocrx_word' id='word_1_367' title='bbox 3473 1226 3696 1300; x_wconf 79' lang='grc' dir='ltr'>πρώτης</span> 
     </span>
    </p>
   </div>
   <div class='ocr_carea' id='block_1_54' title="bbox 2228 1311 3730 1390">
    <p class='ocr_par' dir='ltr' id='par_1_54' title="bbox 2228 1311 3730 1390">
     <span class='ocr_line' id='line_1_54' title="bbox 2228 1311 3730 1390; baseline 0 -20"><span class='ocrx_word' id='word_1_368' title='bbox 2228 1315 2310 1388; x_wconf 90' lang='grc' dir='ltr'>(Ὁ</span> <span class='ocrx_word' id='word_1_369' title='bbox 2339 1313 2439 1389; x_wconf 71' lang='grc' dir='ltr'>γὰρ</span> <span class='ocrx_word' id='word_1_370' title='bbox 2473 1313 2656 1385; x_wconf 79' lang='grc' dir='ltr'>Κηδᾶρ</span> <span class='ocrx_word' id='word_1_371' title='bbox 2690 1315 2717 1368; x_wconf 90' lang='grc' dir='ltr'>ὁ</span> <span class='ocrx_word' id='word_1_372' title='bbox 2752 1315 2976 1390; x_wconf 76' lang='grc' dir='ltr'>ζοφερὸς</span> <span class='ocrx_word' id='word_1_373' title='bbox 3011 1313 3219 1390; x_wconf 84' lang='grc' dir='ltr'>λέγεται</span> <span class='ocrx_word' id='word_1_374' title='bbox 3250 1315 3337 1368; x_wconf 81' lang='grc' dir='ltr'>καὶ</span> <span class='ocrx_word' id='word_1_375' title='bbox 3382 1311 3682 1387; x_wconf 81' lang='grc' dir='ltr'>σκοτώδης)</span> <span class='ocrx_word' id='word_1_376' title='bbox 3717 1333 3730 1346; x_wconf 88' lang='grc'>⁶</span> 
     </span>
    </p>
   </div>
   <div class='ocr_carea' id='block_1_55' title="bbox 2229 1399 3470 1480">
    <p class='ocr_par' dir='ltr' id='par_1_55' title="bbox 2229 1399 3470 1480">
     <span class='ocr_line' id='line_1_55' title="bbox 2229 1399 3470 1480; baseline -0.002 -21"><span class='ocrx_word' id='word_1_377' title='bbox 2229 1402 2383 1470; x_wconf 83' lang='grc' dir='ltr'>Καλὴ</span> <span class='ocrx_word' id='word_1_378' title='bbox 2421 1399 2479 1457; x_wconf 74' lang='grc' dir='ltr'>δὲ</span> <span class='ocrx_word' id='word_1_379' title='bbox 2507 1402 2670 1458; x_wconf 90' lang='grc' dir='ltr'>πάλιν</span> <span class='ocrx_word' id='word_1_380' title='bbox 2699 1401 2908 1480; x_wconf 72' lang='grc' dir='ltr'>πέφυκα</span> <span class='ocrx_word' id='word_1_381' title='bbox 2937 1404 3050 1458; x_wconf 76' lang='grc' dir='ltr'>νυνὶ</span> <span class='ocrx_word' id='word_1_382' title='bbox 3091 1406 3160 1477; x_wconf 78' lang='grc' dir='ltr'>τῇ</span> <span class='ocrx_word' id='word_1_383' title='bbox 3196 1402 3470 1475; x_wconf 80' lang='grc' dir='ltr'>μετανοίᾳ,</span> 
     </span>
    </p>
   </div>
   <div class='ocr_carea' id='block_1_56' title="bbox 2230 1492 3496 1568">
    <p class='ocr_par' dir='ltr' id='par_1_56' title="bbox 2230 1492 3496 1568">
     <span class='ocr_line' id='line_1_56' title="bbox 2230 1492 3496 1568; baseline 0.002 -24"><span class='ocrx_word' id='word_1_384' title='bbox 2230 1493 2668 1566; x_wconf 85' lang='grc' dir='ltr'>Συννεκρωθεῖσα</span> <span class='ocrx_word' id='word_1_385' title='bbox 2698 1496 2922 1568; x_wconf 79' lang='grc' dir='ltr'>Χριστῷ</span> <span class='ocrx_word' id='word_1_386' title='bbox 2953 1498 3030 1547; x_wconf 88' lang='grc' dir='ltr'>τῶ</span> <span class='ocrx_word' id='word_1_387' title='bbox 3063 1492 3496 1568; x_wconf 79' lang='grc' dir='ltr'>εἷ’ρηνικωτάτῳ,</span> 
     </span>
    </p>
   </div>
   <div class='ocr_carea' id='block_1_57' title="bbox 2229 1579 3548 1656">
    <p class='ocr_par' dir='ltr' id='par_1_57' title="bbox 2229 1579 3548 1656">
     <span class='ocr_line' id='line_1_57' title="bbox 2229 1579 3548 1656; baseline -0.001 -19"><span class='ocrx_word' id='word_1_388' title='bbox 2229 1579 2519 1654; x_wconf 69' lang='grc' dir='ltr'>Εἶρηνικὸς</span> <span class='ocrx_word' id='word_1_389' title='bbox 2548 1581 2650 1655; x_wconf 80' lang='grc' dir='ltr'>γὰρ</span> <span class='ocrx_word' id='word_1_390' title='bbox 2684 1583 2898 1656; x_wconf 86' lang='grc' dir='ltr'>Λέγεται</span> <span class='ocrx_word' id='word_1_391' title='bbox 2930 1587 3034 1644; x_wconf 83' lang='grc' dir='ltr'>πᾶς</span> <span class='ocrx_word' id='word_1_392' title='bbox 3065 1580 3332 1654; x_wconf 90' lang='grc' dir='ltr'>Σολομὼν</span> <span class='ocrx_word' id='word_1_393' title='bbox 3367 1581 3548 1654; x_wconf 74' lang='grc' dir='ltr'>ἀξίως,</span> 
     </span>
    </p>
   </div>
   <div class='ocr_carea' id='block_1_58' title="bbox 2231 1666 3694 1746">
    <p class='ocr_par' dir='ltr' id='par_1_58' title="bbox 2231 1666 3694 1746">
     <span class='ocr_line' id='line_1_58' title="bbox 2231 1666 3694 1746; baseline 0 -24"><span class='ocrx_word' id='word_1_394' title='bbox 2231 1667 2306 1722; x_wconf 70' lang='grc' dir='ltr'>Συ</span> <span class='ocrx_word' id='word_1_395' title='bbox 2337 1666 2392 1722; x_wconf 69' lang='grc' dir='ltr'>δὲ</span> <span class='ocrx_word' id='word_1_396' title='bbox 2428 1666 2555 1741; x_wconf 87' lang='grc' dir='ltr'>μηδ’</span> <span class='ocrx_word' id='word_1_397' title='bbox 2585 1668 2732 1730; x_wconf 78' lang='grc' dir='ltr'>ὅλως</span> <span class='ocrx_word' id='word_1_398' title='bbox 2765 1667 3044 1744; x_wconf 79' lang='grc' dir='ltr'>ἐκπλαγῇς</span> <span class='ocrx_word' id='word_1_399' title='bbox 3075 1671 3208 1745; x_wconf 81' lang='grc' dir='ltr'>ἅπερ</span> <span class='ocrx_word' id='word_1_400' title='bbox 3241 1671 3276 1739; x_wconf 80' lang='grc' dir='ltr'><strong>ἡ</strong></span> <span class='ocrx_word' id='word_1_401' title='bbox 3307 1668 3490 1746; x_wconf 72' lang='grc' dir='ltr'>νύμφη</span> <span class='ocrx_word' id='word_1_402' title='bbox 3528 1669 3694 1745; x_wconf 90' lang='grc' dir='ltr'>λέγει,</span> 
     </span>
    </p>
   </div>
   <div class='ocr_carea' id='block_1_59' title="bbox 2226 1757 3767 1834">
    <p class='ocr_par' dir='ltr' id='par_1_59' title="bbox 2226 1757 3767 1834">
     <span class='ocr_line' id='line_1_59' title="bbox 2226 1757 3767 1834; baseline 0.002 -23"><span class='ocrx_word' id='word_1_403' title='bbox 2226 1758 2336 1826; x_wconf 82' lang='grc' dir='ltr'>Ὧς,</span> <span class='ocrx_word' id='word_1_404' title='bbox 2373 1759 2456 1811; x_wconf 87' lang='grc' dir='ltr'>Ἐν</span> <span class='ocrx_word' id='word_1_405' title='bbox 2487 1762 2666 1828; x_wconf 81' lang='grc' dir='ltr'>ταυτῷ</span> <span class='ocrx_word' id='word_1_406' title='bbox 2693 1757 2782 1812; x_wconf 79' lang='grc' dir='ltr'>καὶ</span> <span class='ocrx_word' id='word_1_407' title='bbox 2817 1758 3045 1832; x_wconf 84' lang='grc' dir='ltr'>μέλαινα</span> <span class='ocrx_word' id='word_1_408' title='bbox 3074 1758 3163 1813; x_wconf 84' lang='grc' dir='ltr'>καὶ</span> <span class='ocrx_word' id='word_1_409' title='bbox 3193 1758 3337 1828; x_wconf 85' lang='grc' dir='ltr'>καλή</span> <span class='ocrx_word' id='word_1_410' title='bbox 3368 1759 3456 1813; x_wconf 76' lang='grc' dir='ltr'>νῦν</span> <span class='ocrx_word' id='word_1_411' title='bbox 3485 1760 3767 1834; x_wconf 78' lang='grc' dir='ltr'>τυγχάνω.</span> 
     </span>
    </p>
   </div>
   <div class='ocr_carea' id='block_1_60' title="bbox 2230 1845 3777 1922">
    <p class='ocr_par' dir='ltr' id='par_1_60' title="bbox 2230 1845 3777 1922">
     <span class='ocr_line' id='line_1_60' title="bbox 2230 1845 3777 1922; baseline 0 -22"><span class='ocrx_word' id='word_1_412' title='bbox 2230 1852 2380 1900; x_wconf 74' lang='lat' dir='ltr'>nam</span> <span class='ocrx_word' id='word_1_413' title='bbox 2409 1847 2508 1921; x_wconf 81' lang='grc' dir='ltr'>γὰρ</span> <span class='ocrx_word' id='word_1_414' title='bbox 2547 1845 2825 1920; x_wconf 72' lang='grc' dir='ltr'>μέλλουσα</span> <span class='ocrx_word' id='word_1_415' title='bbox 2854 1849 3006 1922; x_wconf 80' lang='grc' dir='ltr'>ψυχὴ</span> <span class='ocrx_word' id='word_1_416' title='bbox 3040 1849 3178 1921; x_wconf 87' lang='grc' dir='ltr'>πρὸς</span> <span class='ocrx_word' id='word_1_417' title='bbox 3208 1847 3398 1922; x_wconf 78' lang='grc' dir='ltr'>ἀρετὰς</span> <span class='ocrx_word' id='word_1_418' title='bbox 3426 1847 3777 1920; x_wconf 77' lang='grc' dir='ltr'>προκόπτειν,</span> 
     </span>
    </p>
   </div>
   <div class='ocr_carea' id='block_1_61' title="bbox 2151 1901 3892 2014">
    <p class='ocr_par' dir='ltr' id='par_1_61' title="bbox 2151 1901 3892 2014">
     <span class='ocr_line' id='line_1_61' title="bbox 2422 1901 3777 1922; baseline -0.001 -1"><span class='ocrx_word' id='word_1_419' title='bbox 2422 1901 2432 1921; x_wconf 88' lang='grc' dir='ltr'><strong>Ι</strong></span> <span class='ocrx_word' id='word_1_420' title='bbox 2482 1901 2489 1916; x_wconf 73' lang='grc' dir='ltr'>ι</span> <span class='ocrx_word' id='word_1_421' title='bbox 2547 1901 2557 1920; x_wconf 73' lang='grc' dir='ltr'><strong>Ι</strong></span> <span class='ocrx_word' id='word_1_422' title='bbox 2869 1901 2878 1921; x_wconf 83' lang='grc' dir='ltr'>ι</span> <span class='ocrx_word' id='word_1_423' title='bbox 2933 1901 2970 1922; x_wconf 62' lang='grc' dir='ltr'>Ν</span> <span class='ocrx_word' id='word_1_424' title='bbox 2997 1901 3006 1916; x_wconf 80' lang='grc'><strong><em>⁸</em></strong></span> <span class='ocrx_word' id='word_1_425' title='bbox 3052 1901 3055 1902; x_wconf 47' lang='grc'><strong><em>⁷</em></strong></span> <span class='ocrx_word' id='word_1_426' title='bbox 3084 1901 3092 1921; x_wconf 78' lang='grc' dir='ltr'><strong>Ι</strong></span> <span class='ocrx_word' id='word_1_427' title='bbox 3129 1901 3139 1903; x_wconf 63' lang='grc'>⁷</span> <span class='ocrx_word' id='word_1_428' title='bbox 3160 1901 3176 1911; x_wconf 77' lang='lat'><em>‘</em></span> <span class='ocrx_word' id='word_1_429' title='bbox 3214 1901 3220 1902; x_wconf 27' lang='grc' dir='ltr'>ί</span> <span class='ocrx_word' id='word_1_430' title='bbox 3245 1901 3263 1922; x_wconf 29' lang='lat' dir='ltr'>I7</span> <span class='ocrx_word' id='word_1_431' title='bbox 3286 1901 3294 1902; x_wconf 27' lang='grc' dir='ltr'>ί</span> <span class='ocrx_word' id='word_1_432' title='bbox 3362 1901 3396 1911; x_wconf 25' lang='lat'>7‘</span> <span class='ocrx_word' id='word_1_433' title='bbox 3469 1901 3478 1919; x_wconf 73' lang='grc' dir='ltr'><strong>Ι</strong></span> <span class='ocrx_word' id='word_1_434' title='bbox 3516 1901 3520 1902; x_wconf 52' lang='grc'><strong><em>⁷</em></strong></span> <span class='ocrx_word' id='word_1_435' title='bbox 3763 1901 3777 1920; x_wconf 68' lang='grc'><strong><em>1</em></strong></span> 
     </span>
     <span class='ocr_line' id='line_1_62' title="bbox 2151 1901 3892 2014; baseline 0 -23"><span class='ocrx_word' id='word_1_436' title='bbox 2151 1901 2196 1966; x_wconf 79' lang='grc' dir='ltr'>Β</span> <span class='ocrx_word' id='word_1_437' title='bbox 2231 1935 2331 1991; x_wconf 82' lang='grc' dir='ltr'>Καὶ</span> <span class='ocrx_word' id='word_1_438' title='bbox 2384 1936 2520 2011; x_wconf 89' lang='grc' dir='ltr'>πρὸς</span> <span class='ocrx_word' id='word_1_439' title='bbox 2563 1936 2623 1990; x_wconf 82' lang='grc' dir='ltr'>τὸ</span> <span class='ocrx_word' id='word_1_440' title='bbox 2668 1941 2781 2014; x_wconf 88' lang='grc' dir='ltr'>φῶς</span> <span class='ocrx_word' id='word_1_441' title='bbox 2835 1936 3138 2013; x_wconf 85' lang='grc' dir='ltr'>ἀνάγεσθαι,</span> <span class='ocrx_word' id='word_1_442' title='bbox 3169 1938 3256 1992; x_wconf 80' lang='grc' dir='ltr'>καὶ</span> <span class='ocrx_word' id='word_1_443' title='bbox 3291 1936 3506 2014; x_wconf 86' lang='grc' dir='ltr'>φεύγειν</span> <span class='ocrx_word' id='word_1_444' title='bbox 3539 1934 3597 1990; x_wconf 86' lang='grc' dir='ltr'>ἐκ</span> <span class='ocrx_word' id='word_1_445' title='bbox 3623 1940 3720 1991; x_wconf 80' lang='grc' dir='ltr'>τοῦ</span> <span class='ocrx_word' id='word_1_446' title='bbox 3755 1937 3892 1991; x_wconf 83' lang='grc' dir='ltr'>σκό-</span> 
     </span>
    </p>
   </div>
   <div class='ocr_carea' id='block_1_62' title="bbox 3643 2027 3814 2099">
    <p class='ocr_par' dir='ltr' id='par_1_62' title="bbox 3643 2027 3814 2099">
     <span class='ocr_line' id='line_1_63' title="bbox 3643 2027 3814 2099; baseline 0.006 -20"><span class='ocrx_word' id='word_1_447' title='bbox 3643 2027 3814 2099; x_wconf 87' lang='grc' dir='ltr'>[τους,</span> 
     </span>
    </p>
   </div>
   <div class='ocr_carea' id='block_1_63' title="bbox 2234 2113 3584 2192">
    <p class='ocr_par' dir='ltr' id='par_1_63' title="bbox 2234 2113 3584 2192">
     <span class='ocr_line' id='line_1_64' title="bbox 2234 2113 3584 2192; baseline 0 -22"><span class='ocrx_word' id='word_1_448' title='bbox 2234 2113 2310 2170; x_wconf 80' lang='grc' dir='ltr'>Ού</span> <span class='ocrx_word' id='word_1_449' title='bbox 2338 2113 2602 2188; x_wconf 84' lang='grc' dir='ltr'>παρευθὺς</span> <span class='ocrx_word' id='word_1_450' title='bbox 2632 2113 2915 2192; x_wconf 85' lang='grc' dir='ltr'>ὁλόφωτος</span> <span class='ocrx_word' id='word_1_451' title='bbox 2947 2115 3035 2168; x_wconf 84' lang='grc' dir='ltr'>καὶ</span> <span class='ocrx_word' id='word_1_452' title='bbox 3066 2115 3275 2190; x_wconf 81' lang='grc' dir='ltr'>καθαρά</span> <span class='ocrx_word' id='word_1_453' title='bbox 3302 2113 3584 2190; x_wconf 81' lang='grc' dir='ltr'>τυγχάνει.</span> 
     </span>
    </p>
   </div>
   <div class='ocr_carea' id='block_1_64' title="bbox 2235 2202 3770 2282">
    <p class='ocr_par' dir='ltr' id='par_1_64' title="bbox 2235 2202 3770 2282">
     <span class='ocr_line' id='line_1_65' title="bbox 2235 2202 3770 2282; baseline 0.002 -25"><span class='ocrx_word' id='word_1_454' title='bbox 2235 2202 2392 2259; x_wconf 82' lang='grc' dir='ltr'>Ἀλλ’</span> <span class='ocrx_word' id='word_1_455' title='bbox 2413 2203 2537 2258; x_wconf 77' lang='grc' dir='ltr'>ὅσον</span> <span class='ocrx_word' id='word_1_456' title='bbox 2570 2207 2706 2275; x_wconf 85' lang='grc' dir='ltr'>πρὸς</span> <span class='ocrx_word' id='word_1_457' title='bbox 2733 2208 2830 2275; x_wconf 77' lang='grc' dir='ltr'>τὴν</span> <span class='ocrx_word' id='word_1_458' title='bbox 2864 2205 3058 2282; x_wconf 74' lang='grc' dir='ltr'>ἀρετὴν</span> <span class='ocrx_word' id='word_1_459' title='bbox 3085 2205 3381 2280; x_wconf 83' lang='grc' dir='ltr'>προκόπτει</span> <span class='ocrx_word' id='word_1_460' title='bbox 3417 2206 3549 2279; x_wconf 87' lang='grc' dir='ltr'>μετά</span> <span class='ocrx_word' id='word_1_461' title='bbox 3578 2205 3770 2274; x_wconf 87' lang='grc' dir='ltr'>πόνου,</span> 
     </span>
    </p>
   </div>
   <div class='ocr_carea' id='block_1_65' title="bbox 2231 2293 3574 2366">
    <p class='ocr_par' dir='ltr' id='par_1_65' title="bbox 2231 2293 3574 2366">
     <span class='ocr_line' id='line_1_66' title="bbox 2231 2293 3574 2366; baseline 0.004 -21"><span class='ocrx_word' id='word_1_462' title='bbox 2231 2297 2494 2348; x_wconf 73' lang='grc' dir='ltr'>Τοσοῦτον</span> <span class='ocrx_word' id='word_1_463' title='bbox 2529 2293 2931 2349; x_wconf 83' lang='grc' dir='ltr'>ἀπαλλάττεται</span> <span class='ocrx_word' id='word_1_464' title='bbox 2963 2299 3058 2348; x_wconf 78' lang='grc' dir='ltr'>τοῦ</span> <span class='ocrx_word' id='word_1_465' title='bbox 3091 2294 3314 2357; x_wconf 88' lang='grc' dir='ltr'>σκότους</span> <span class='ocrx_word' id='word_1_466' title='bbox 3343 2295 3574 2366; x_wconf 84' lang='grc' dir='ltr'>ἀπάτης,</span> 
     </span>
    </p>
   </div>
   <div class='ocr_carea' id='block_1_66' title="bbox 2236 2380 3709 2461">
    <p class='ocr_par' dir='ltr' id='par_1_66' title="bbox 2236 2380 3709 2461">
     <span class='ocr_line' id='line_1_67' title="bbox 2236 2380 3709 2461; baseline 0.003 -25"><span class='ocrx_word' id='word_1_467' title='bbox 2236 2384 2334 2436; x_wconf 73' lang='grc' dir='ltr'>Καὶ</span> <span class='ocrx_word' id='word_1_468' title='bbox 2367 2380 2719 2459; x_wconf 76' lang='grc' dir='ltr'>λαμπροτέρα</span> <span class='ocrx_word' id='word_1_469' title='bbox 2749 2382 2955 2458; x_wconf 79' lang='grc' dir='ltr'>γίνεται</span> <span class='ocrx_word' id='word_1_470' title='bbox 2998 2384 3213 2448; x_wconf 88' lang='grc' dir='ltr'>πάντως</span> <span class='ocrx_word' id='word_1_471' title='bbox 3241 2386 3328 2439; x_wconf 87' lang='grc' dir='ltr'>καὶ</span> <span class='ocrx_word' id='word_1_472' title='bbox 3362 2381 3709 2461; x_wconf 87' lang='grc' dir='ltr'>φαιδροτέρα.</span> 
     </span>
    </p>
   </div>
   <div class='ocr_carea' id='block_1_67' title="bbox 2236 2471 3676 2554">
    <p class='ocr_par' dir='ltr' id='par_1_67' title="bbox 2236 2471 3676 2554">
     <span class='ocr_line' id='line_1_68' title="bbox 2236 2471 3676 2554; baseline 0.003 -30"><span class='ocrx_word' id='word_1_473' title='bbox 2236 2473 2365 2525; x_wconf 73' lang='grc' dir='ltr'>Εἶτά</span> <span class='ocrx_word' id='word_1_474' title='bbox 2395 2493 2523 2549; x_wconf 90' lang='grc' dir='ltr'>φησι</span> <span class='ocrx_word' id='word_1_475' title='bbox 2555 2473 2692 2544; x_wconf 88' lang='grc' dir='ltr'>πρὸς</span> <span class='ocrx_word' id='word_1_476' title='bbox 2720 2474 2818 2534; x_wconf 77' lang='grc' dir='ltr'>τας</span> <span class='ocrx_word' id='word_1_477' title='bbox 2849 2473 3014 2535; x_wconf 75' lang='grc' dir='ltr'>αύτάς</span> <span class='ocrx_word' id='word_1_478' title='bbox 3048 2476 3082 2543; x_wconf 84' lang='grc' dir='ltr'>ἡ</span> <span class='ocrx_word' id='word_1_479' title='bbox 3114 2473 3298 2554; x_wconf 86' lang='grc' dir='ltr'>νύμφη</span> <span class='ocrx_word' id='word_1_480' title='bbox 3335 2471 3630 2549; x_wconf 71' lang='grc' dir='ltr'>θυγατέρας</span> <span class='ocrx_word' id='word_1_481' title='bbox 3662 2493 3676 2506; x_wconf 73' lang='grc' dir='ltr'><strong><em>ο</em></strong></span> 
     </span>
    </p>
   </div>
   <div class='ocr_carea' id='block_1_68' title="bbox 2234 2560 3607 2637">
    <p class='ocr_par' dir='ltr' id='par_1_68' title="bbox 2234 2560 3607 2637">
     <span class='ocr_line' id='line_1_69' title="bbox 2234 2560 3607 2637; baseline 0.001 -22"><span class='ocrx_word' id='word_1_482' title='bbox 2234 2561 2322 2628; x_wconf 63' lang='lat' dir='ltr'>Mi]</span> <span class='ocrx_word' id='word_1_483' title='bbox 2361 2560 2588 2635; x_wconf 76' lang='grc' dir='ltr'>βλέψετέ</span> <span class='ocrx_word' id='word_1_484' title='bbox 2624 2583 2712 2634; x_wconf 90' lang='grc' dir='ltr'>με,</span> <span class='ocrx_word' id='word_1_485' title='bbox 2744 2561 2826 2616; x_wconf 77' lang='grc' dir='ltr'>ὅτι</span> <span class='ocrx_word' id='word_1_486' title='bbox 2861 2561 2967 2637; x_wconf 83' lang='grc' dir='ltr'>ἐγώ</span> <span class='ocrx_word' id='word_1_487' title='bbox 3002 2563 3114 2636; x_wconf 79' lang='grc' dir='ltr'>εἶμι</span> <span class='ocrx_word' id='word_1_488' title='bbox 3141 2562 3607 2636; x_wconf 83' lang='grc' dir='ltr'>μεμαλανωμένη,</span> 
     </span>
    </p>
   </div>
   <div class='ocr_carea' id='block_1_69' title="bbox 2233 2645 3068 2724">
    <p class='ocr_par' dir='ltr' id='par_1_69' title="bbox 2233 2645 3068 2724">
     <span class='ocr_line' id='line_1_70' title="bbox 2233 2645 3068 2724; baseline 0 -18"><span class='ocrx_word' id='word_1_489' title='bbox 2233 2653 2357 2706; x_wconf 74' lang='grc' dir='ltr'>’Ὁτι</span> <span class='ocrx_word' id='word_1_490' title='bbox 2389 2645 2698 2724; x_wconf 77' lang='grc' dir='ltr'>παρέϐλεψέ</span> <span class='ocrx_word' id='word_1_491' title='bbox 2731 2672 2797 2724; x_wconf 88' lang='grc' dir='ltr'>με</span> <span class='ocrx_word' id='word_1_492' title='bbox 2824 2652 2851 2706; x_wconf 85' lang='grc' dir='ltr'>ὁ</span> <span class='ocrx_word' id='word_1_493' title='bbox 2882 2649 3068 2720; x_wconf 79' lang='grc' dir='ltr'>ἥλιος.</span> 
     </span>
    </p>
   </div>
   <div class='ocr_carea' id='block_1_70' title="bbox 2233 2739 3705 2817">
    <p class='ocr_par' dir='ltr' id='par_1_70' title="bbox 2233 2739 3705 2817">
     <span class='ocr_line' id='line_1_71' title="bbox 2233 2739 3705 2817; baseline 0.001 -23"><span class='ocrx_word' id='word_1_494' title='bbox 2233 2740 2322 2808; x_wconf 80' lang='grc' dir='ltr'>Μὴ</span> <span class='ocrx_word' id='word_1_495' title='bbox 2354 2744 2485 2815; x_wconf 75' lang='grc' dir='ltr'>γοῦν</span> <span class='ocrx_word' id='word_1_496' title='bbox 2515 2739 2797 2812; x_wconf 84' lang='grc' dir='ltr'>νομίσητε,</span> <span class='ocrx_word' id='word_1_497' title='bbox 2832 2740 3018 2817; x_wconf 82' lang='grc' dir='ltr'>φησὶν,</span> <span class='ocrx_word' id='word_1_498' title='bbox 3047 2739 3220 2805; x_wconf 73' lang='grc' dir='ltr'>οὕτως</span> <span class='ocrx_word' id='word_1_499' title='bbox 3257 2740 3353 2813; x_wconf 69' lang='grc' dir='ltr'>ἐμὲ</span> <span class='ocrx_word' id='word_1_500' title='bbox 3379 2739 3705 2811; x_wconf 79' lang='grc' dir='ltr'>πλασθῆναι,</span> 
     </span>
    </p>
   </div>
   <div class='ocr_carea' id='block_1_71' title="bbox 2234 2829 3546 2905">
    <p class='ocr_par' dir='ltr' id='par_1_71' title="bbox 2234 2829 3546 2905">
     <span class='ocr_line' id='line_1_72' title="bbox 2234 2829 3546 2905; baseline 0.005 -24"><span class='ocrx_word' id='word_1_501' title='bbox 2234 2829 2468 2905; x_wconf 72' lang='grc' dir='ltr'>Ζοφεράν</span> <span class='ocrx_word' id='word_1_502' title='bbox 2498 2829 2586 2882; x_wconf 86' lang='grc' dir='ltr'>καὶ</span> <span class='ocrx_word' id='word_1_503' title='bbox 2618 2831 2902 2898; x_wconf 77' lang='grc' dir='ltr'>σκοτεινὴν</span> <span class='ocrx_word' id='word_1_504' title='bbox 2935 2830 3026 2884; x_wconf 88' lang='grc' dir='ltr'>καὶ</span> <span class='ocrx_word' id='word_1_505' title='bbox 3063 2830 3546 2903; x_wconf 84' lang='grc' dir='ltr'>μεμελανωμένην.</span> 
     </span>
    </p>
   </div>
   <div class='ocr_carea' id='block_1_72' title="bbox 2234 2915 3900 2996">
    <p class='ocr_par' dir='ltr' id='par_1_72' title="bbox 2234 2915 3900 2996">
     <span class='ocr_line' id='line_1_73' title="bbox 2234 2915 3900 2996; baseline 0.002 -26"><span class='ocrx_word' id='word_1_506' title='bbox 2234 2915 2544 2986; x_wconf 82' lang='grc' dir='ltr'>Ἐπλάσθην</span> <span class='ocrx_word' id='word_1_507' title='bbox 2579 2919 2683 2992; x_wconf 74' lang='grc' dir='ltr'>γαρ</span> <span class='ocrx_word' id='word_1_508' title='bbox 2716 2917 3001 2996; x_wconf 72' lang='grc' dir='ltr'>ὁλόφωτος</span> <span class='ocrx_word' id='word_1_509' title='bbox 3032 2919 3176 2992; x_wconf 81' lang='grc' dir='ltr'>παρᾶ</span> <span class='ocrx_word' id='word_1_510' title='bbox 3207 2924 3304 2972; x_wconf 81' lang='grc' dir='ltr'>τοῦ</span> <span class='ocrx_word' id='word_1_511' title='bbox 3332 2917 3712 2994; x_wconf 77' lang='grc' dir='ltr'>πλαστουργοῦ</span> <span class='ocrx_word' id='word_1_512' title='bbox 3757 2941 3900 2993; x_wconf 86' lang='grc' dir='ltr'>μου.</span> 
     </span>
    </p>
   </div>
   <div class='ocr_carea' id='block_1_73' title="bbox 2235 3002 3746 3082">
    <p class='ocr_par' dir='ltr' id='par_1_73' title="bbox 2235 3002 3746 3082">
     <span class='ocr_line' id='line_1_74' title="bbox 2235 3002 3746 3082; baseline 0.004 -26"><span class='ocrx_word' id='word_1_513' title='bbox 2235 3002 2392 3058; x_wconf 72' lang='grc' dir='ltr'>ἊλΛ²</span> <span class='ocrx_word' id='word_1_514' title='bbox 2421 3005 2447 3058; x_wconf 89' lang='grc' dir='ltr'>ὁ</span> <span class='ocrx_word' id='word_1_515' title='bbox 2481 3003 2779 3082; x_wconf 78' lang='grc' dir='ltr'>φλογώδης</span> <span class='ocrx_word' id='word_1_516' title='bbox 2805 3006 2986 3080; x_wconf 75' lang='grc' dir='ltr'>ἥλιος,</span> <span class='ocrx_word' id='word_1_517' title='bbox 3027 3011 3133 3062; x_wconf 88' lang='grc' dir='ltr'>τῶν</span> <span class='ocrx_word' id='word_1_518' title='bbox 3163 3012 3478 3080; x_wconf 83' lang='grc' dir='ltr'>πειρασμῶν</span> <span class='ocrx_word' id='word_1_519' title='bbox 3503 3010 3536 3076; x_wconf 81' lang='grc' dir='ltr'>ἡ</span> <span class='ocrx_word' id='word_1_520' title='bbox 3582 3013 3746 3077; x_wconf 81' lang='grc' dir='ltr'>ζέσις,</span> 
     </span>
    </p>
   </div>
   <div class='ocr_carea' id='block_1_74' title="bbox 2234 3089 3570 3169">
    <p class='ocr_par' dir='ltr' id='par_1_74' title="bbox 2234 3089 3570 3169">
     <span class='ocr_line' id='line_1_75' title="bbox 2234 3089 3570 3169; baseline 0.005 -24"><span class='ocrx_word' id='word_1_521' title='bbox 2234 3098 2432 3155; x_wconf 87' lang='grc' dir='ltr'>Δεινῶς</span> <span class='ocrx_word' id='word_1_522' title='bbox 2471 3115 2537 3166; x_wconf 85' lang='grc' dir='ltr'>με</span> <span class='ocrx_word' id='word_1_523' title='bbox 2567 3089 2948 3169; x_wconf 76' lang='grc' dir='ltr'>παρεϐλέψατο</span> <span class='ocrx_word' id='word_1_524' title='bbox 2979 3095 3068 3150; x_wconf 81' lang='grc' dir='ltr'>καὶ</span> <span class='ocrx_word' id='word_1_525' title='bbox 3101 3095 3456 3169; x_wconf 86' lang='grc' dir='ltr'>μεμελάνωκέ</span> <span class='ocrx_word' id='word_1_526' title='bbox 3487 3117 3570 3168; x_wconf 89' lang='grc' dir='ltr'>με.</span> 
     </span>
    </p>
   </div>
   <div class='ocr_carea' id='block_1_75' title="bbox 2305 3182 3899 3261">
    <p class='ocr_par' dir='ltr' id='par_1_75' title="bbox 2305 3182 3899 3261">
     <span class='ocr_line' id='line_1_76' title="bbox 2305 3182 3899 3261; baseline 0.001 -23"><span class='ocrx_word' id='word_1_527' title='bbox 2305 3182 2432 3238; x_wconf 77' lang='grc' dir='ltr'>Εἶτα</span> <span class='ocrx_word' id='word_1_528' title='bbox 2461 3185 2552 3237; x_wconf 88' lang='grc' dir='ltr'>καὶ</span> <span class='ocrx_word' id='word_1_529' title='bbox 2582 3185 2673 3239; x_wconf 85' lang='grc' dir='ltr'>τὸν</span> <span class='ocrx_word' id='word_1_530' title='bbox 2704 3185 2907 3258; x_wconf 87' lang='grc' dir='ltr'>τρόπον</span> <span class='ocrx_word' id='word_1_531' title='bbox 2940 3187 3060 3248; x_wconf 80' lang='grc' dir='ltr'>καθ’</span> <span class='ocrx_word' id='word_1_532' title='bbox 3089 3185 3146 3239; x_wconf 78' lang='grc' dir='ltr'>’ὸν</span> <span class='ocrx_word' id='word_1_533' title='bbox 3178 3186 3460 3261; x_wconf 79' lang='grc' dir='ltr'>παροράθη</span> <span class='ocrx_word' id='word_1_534' title='bbox 3500 3186 3601 3239; x_wconf 80' lang='grc' dir='ltr'>ὑπὸ</span> <span class='ocrx_word' id='word_1_535' title='bbox 3631 3189 3729 3240; x_wconf 73' lang='grc' dir='ltr'>τοῦ</span> <span class='ocrx_word' id='word_1_536' title='bbox 3784 3193 3899 3256; x_wconf 72' lang='grc' dir='ltr'>τῆς</span> 
     </span>
    </p>
   </div>
   <div class='ocr_carea' id='block_1_76' title="bbox 2152 3263 3019 3351">
    <p class='ocr_par' dir='ltr' id='par_1_76' title="bbox 2152 3263 3019 3351">
     <span class='ocr_line' id='line_1_77' title="bbox 2152 3263 3019 3351; baseline 0.008 -27"><span class='ocrx_word' id='word_1_537' title='bbox 2152 3263 2195 3330; x_wconf 86' lang='lat' dir='ltr'>C</span> <span class='ocrx_word' id='word_1_538' title='bbox 2236 3268 2586 3343; x_wconf 82' lang='grc' dir='ltr'>δικαιοσύνης</span> <span class='ocrx_word' id='word_1_539' title='bbox 2613 3272 2801 3329; x_wconf 79' lang='grc' dir='ltr'>Ἠλίου</span> <span class='ocrx_word' id='word_1_540' title='bbox 2833 3274 3019 3351; x_wconf 81' lang='grc' dir='ltr'>φησίν.</span> 
     </span>
    </p>
   </div>
   <div class='ocr_carea' id='block_1_77' title="bbox 2485 3379 3625 3456">
    <p class='ocr_par' dir='ltr' id='par_1_77' title="bbox 2485 3379 3625 3456">
     <span class='ocr_line' id='line_1_78' title="bbox 2485 3379 3625 3456; baseline 0.005 -24"><span class='ocrx_word' id='word_1_541' title='bbox 2485 3379 2602 3433; x_wconf 80' lang='grc' dir='ltr'>Υἱοὶ</span> <span class='ocrx_word' id='word_1_542' title='bbox 2639 3380 2844 3455; x_wconf 86' lang='grc' dir='ltr'>μητρός</span> <span class='ocrx_word' id='word_1_543' title='bbox 2879 3401 2984 3453; x_wconf 85' lang='grc' dir='ltr'>μου</span> <span class='ocrx_word' id='word_1_544' title='bbox 3011 3379 3350 3456; x_wconf 80' lang='grc' dir='ltr'>ἐμαχέσαντο</span> <span class='ocrx_word' id='word_1_545' title='bbox 3384 3380 3434 3437; x_wconf 84' lang='grc' dir='ltr'>ἐν</span> <span class='ocrx_word' id='word_1_546' title='bbox 3476 3380 3625 3453; x_wconf 76' lang='grc' dir='ltr'>ἐμοί.</span> 
     </span>
    </p>
   </div>
   <div class='ocr_carea' id='block_1_78' title="bbox 2308 3486 3901 3564">
    <p class='ocr_par' dir='ltr' id='par_1_78' title="bbox 2308 3486 3901 3564">
     <span class='ocr_line' id='line_1_79' title="bbox 2308 3486 3901 3564; baseline 0.002 -22"><span class='ocrx_word' id='word_1_547' title='bbox 2308 3487 2538 3560; x_wconf 84' lang='grc' dir='ltr'>”Ηγουν,</span> <span class='ocrx_word' id='word_1_548' title='bbox 2573 3488 2639 3544; x_wconf 67' lang='grc' dir='ltr'>Οἱ</span> <span class='ocrx_word' id='word_1_549' title='bbox 2673 3487 3069 3564; x_wconf 75' lang='grc' dir='ltr'>ἀποταχθέντες</span> <span class='ocrx_word' id='word_1_550' title='bbox 3111 3492 3180 3562; x_wconf 78' lang='grc' dir='ltr'>τῇ</span> <span class='ocrx_word' id='word_1_551' title='bbox 3226 3490 3392 3564; x_wconf 83' lang='grc' dir='ltr'>μητρὶ</span> <span class='ocrx_word' id='word_1_552' title='bbox 3447 3493 3553 3543; x_wconf 87' lang='grc' dir='ltr'>τῶν</span> <span class='ocrx_word' id='word_1_553' title='bbox 3615 3486 3764 3544; x_wconf 83' lang='grc' dir='ltr'>ὅλων</span> <span class='ocrx_word' id='word_1_554' title='bbox 3817 3490 3901 3554; x_wconf 86' lang='grc' dir='ltr'>ὡς</span> 
     </span>
    </p>
   </div>
   <div class='ocr_carea' id='block_1_79' title="bbox 2237 3574 3900 3655">
    <p class='ocr_par' dir='ltr' id='par_1_79' title="bbox 2237 3574 3900 3655">
     <span class='ocr_line' id='line_1_80' title="bbox 2237 3574 3900 3655; baseline 0.003 -26"><span class='ocrx_word' id='word_1_555' title='bbox 2237 3575 2382 3646; x_wconf 78' lang='grc' dir='ltr'>αἰτίᾳ</span> <span class='ocrx_word' id='word_1_556' title='bbox 2435 3575 2622 3651; x_wconf 79' lang='grc' dir='ltr'>σοφίας</span> <span class='ocrx_word' id='word_1_557' title='bbox 2674 3581 2782 3631; x_wconf 88' lang='grc' dir='ltr'>τῶν</span> <span class='ocrx_word' id='word_1_558' title='bbox 2833 3574 3024 3646; x_wconf 80' lang='grc' dir='ltr'>ὄντων,</span> <span class='ocrx_word' id='word_1_559' title='bbox 3057 3577 3119 3632; x_wconf 84' lang='grc' dir='ltr'>ού</span> <span class='ocrx_word' id='word_1_560' title='bbox 3173 3579 3307 3652; x_wconf 86' lang='grc' dir='ltr'>πρὸς</span> <span class='ocrx_word' id='word_1_561' title='bbox 3354 3578 3550 3648; x_wconf 81' lang='grc' dir='ltr'>ταύτην</span> <span class='ocrx_word' id='word_1_562' title='bbox 3588 3599 3654 3650; x_wconf 87' lang='grc' dir='ltr'>με</span> <span class='ocrx_word' id='word_1_563' title='bbox 3683 3578 3900 3655; x_wconf 72' lang='grc' dir='ltr'>ἀνήγα-</span> 
     </span>
    </p>
   </div>
   <div class='ocr_carea' id='block_1_80' title="bbox 2235 3663 3899 3744">
    <p class='ocr_par' dir='ltr' id='par_1_80' title="bbox 2235 3663 3899 3744">
     <span class='ocr_line' id='line_1_81' title="bbox 2235 3663 3899 3744; baseline -0.001 -27"><span class='ocrx_word' id='word_1_564' title='bbox 2235 3685 2348 3739; x_wconf 88' lang='grc' dir='ltr'>γον,</span> <span class='ocrx_word' id='word_1_565' title='bbox 2379 3663 2592 3739; x_wconf 84' lang='grc' dir='ltr'>ἐπείπερ</span> <span class='ocrx_word' id='word_1_566' title='bbox 2625 3667 2914 3736; x_wconf 71' lang='grc' dir='ltr'>ἡπαττςοην</span> <span class='ocrx_word' id='word_1_567' title='bbox 2949 3664 3037 3720; x_wconf 70' lang='grc' dir='ltr'>διὰ</span> <span class='ocrx_word' id='word_1_568' title='bbox 3075 3669 3173 3735; x_wconf 68' lang='grc' dir='ltr'>τῆς</span> <span class='ocrx_word' id='word_1_569' title='bbox 3232 3666 3544 3742; x_wconf 68' lang='grc' dir='ltr'>ἐπιφανείας</span> <span class='ocrx_word' id='word_1_570' title='bbox 3590 3671 3698 3722; x_wconf 90' lang='grc' dir='ltr'>τῶν</span> <span class='ocrx_word' id='word_1_571' title='bbox 3758 3669 3899 3744; x_wconf 83' lang='grc' dir='ltr'>ὅρα-</span> 
     </span>
    </p>
   </div>
   <div class='ocr_carea' id='block_1_81' title="bbox 2238 3752 3898 3831">
    <p class='ocr_par' dir='ltr' id='par_1_81' title="bbox 2238 3752 3898 3831">
     <span class='ocr_line' id='line_1_82' title="bbox 2238 3752 3898 3831; baseline 0.004 -25"><span class='ocrx_word' id='word_1_572' title='bbox 2238 3759 2370 3824; x_wconf 88' lang='grc' dir='ltr'>τῶν,</span> <span class='ocrx_word' id='word_1_573' title='bbox 2403 3752 2528 3809; x_wconf 86' lang='grc' dir='ltr'>ἀλλ’</span> <span class='ocrx_word' id='word_1_574' title='bbox 2559 3753 2955 3831; x_wconf 82' lang='grc' dir='ltr'>ἐναντιοφανεῖς</span> <span class='ocrx_word' id='word_1_575' title='bbox 2991 3777 3083 3828; x_wconf 91' lang='grc' dir='ltr'>μοι</span> <span class='ocrx_word' id='word_1_576' title='bbox 3120 3753 3363 3826; x_wconf 81' lang='grc' dir='ltr'>δόξαντες</span> <span class='ocrx_word' id='word_1_577' title='bbox 3407 3756 3484 3818; x_wconf 76' lang='grc' dir='ltr'>εἷς</span> <span class='ocrx_word' id='word_1_578' title='bbox 3543 3756 3742 3829; x_wconf 77' lang='grc' dir='ltr'>μυρίας</span> <span class='ocrx_word' id='word_1_579' title='bbox 3799 3755 3898 3813; x_wconf 83' lang='grc' dir='ltr'>δό-</span> 
     </span>
    </p>
   </div>
   <div class='ocr_carea' id='block_1_82' title="bbox 2240 3842 3899 3922">
    <p class='ocr_par' dir='ltr' id='par_1_82' title="bbox 2240 3842 3899 3922">
     <span class='ocr_line' id='line_1_83' title="bbox 2240 3842 3899 3922; baseline 0.002 -26"><span class='ocrx_word' id='word_1_580' title='bbox 2240 3843 2329 3912; x_wconf 78' lang='grc' dir='ltr'>ξας</span> <span class='ocrx_word' id='word_1_581' title='bbox 2385 3842 2699 3916; x_wconf 87' lang='grc' dir='ltr'>κατέτεμον.</span> <span class='ocrx_word' id='word_1_582' title='bbox 2761 3845 3077 3913; x_wconf 81' lang='grc' dir='ltr'>Κάντεῦοεν,</span> <span class='ocrx_word' id='word_1_583' title='bbox 3132 3845 3350 3900; x_wconf 81' lang='grc' dir='ltr'>’Έθεντό</span> <span class='ocrx_word' id='word_1_584' title='bbox 3413 3866 3479 3918; x_wconf 89' lang='grc' dir='ltr'>με</span> <span class='ocrx_word' id='word_1_585' title='bbox 3553 3843 3899 3922; x_wconf 82' lang='grc' dir='ltr'>φυλάκισσαν</span> 
     </span>
    </p>
   </div>
   <div class='ocr_carea' id='block_1_83' title="bbox 2238 3930 3899 4010">
    <p class='ocr_par' dir='ltr' id='par_1_83' title="bbox 2238 3930 3899 4010">
     <span class='ocr_line' id='line_1_84' title="bbox 2238 3930 3899 4010; baseline 0.002 -24"><span class='ocrx_word' id='word_1_586' title='bbox 2238 3931 2290 3986; x_wconf 86' lang='grc' dir='ltr'>ἐν</span> <span class='ocrx_word' id='word_1_587' title='bbox 2379 3930 2714 4005; x_wconf 80' lang='grc' dir='ltr'>ἀμπελῶσι⁶</span> <span class='ocrx_word' id='word_1_588' title='bbox 2780 3939 2898 3997; x_wconf 83' lang='grc' dir='ltr'>ταῖς</span> <span class='ocrx_word' id='word_1_589' title='bbox 2975 3933 3286 4010; x_wconf 69' lang='grc' dir='ltr'>εἰρημέναις</span> <span class='ocrx_word' id='word_1_590' title='bbox 3365 3932 3542 4004; x_wconf 76' lang='grc' dir='ltr'>δόξαις</span> <span class='ocrx_word' id='word_1_591' title='bbox 3614 3932 3899 4007; x_wconf 79' lang='grc' dir='ltr'>ἐμμένειν,</span> 
     </span>
    </p>
   </div>
   <div class='ocr_carea' id='block_1_84' title="bbox 2236 4018 3902 4096">
    <p class='ocr_par' dir='ltr' id='par_1_84' title="bbox 2236 4018 3902 4096">
     <span class='ocr_line' id='line_1_85' title="bbox 2236 4018 3902 4096; baseline 0.003 -22"><span class='ocrx_word' id='word_1_592' title='bbox 2236 4020 2325 4074; x_wconf 74' lang='grc' dir='ltr'>καὶ</span> <span class='ocrx_word' id='word_1_593' title='bbox 2375 4021 2510 4096; x_wconf 85' lang='grc' dir='ltr'>πρὸς</span> <span class='ocrx_word' id='word_1_594' title='bbox 2557 4022 2750 4090; x_wconf 71' lang='grc' dir='ltr'>ἑαυτὴν</span> <span class='ocrx_word' id='word_1_595' title='bbox 2803 4024 2889 4077; x_wconf 77' lang='grc' dir='ltr'>καὶ</span> <span class='ocrx_word' id='word_1_596' title='bbox 2951 4024 3047 4091; x_wconf 74' lang='grc' dir='ltr'>τὴν</span> <span class='ocrx_word' id='word_1_597' title='bbox 3100 4022 3359 4092; x_wconf 69' lang='grc' dir='ltr'>ἀλήθειαν</span> <span class='ocrx_word' id='word_1_598' title='bbox 3419 4018 3731 4095; x_wconf 78' lang='grc' dir='ltr'>ἀσύμϐατον</span> <span class='ocrx_word' id='word_1_599' title='bbox 3800 4026 3902 4096; x_wconf 82' lang='grc' dir='ltr'>μέ-</span> 
     </span>
    </p>
   </div>
   <div class='ocr_carea' id='block_1_85' title="bbox 2235 4106 3896 4186">
    <p class='ocr_par' dir='ltr' id='par_1_85' title="bbox 2235 4106 3896 4186">
     <span class='ocr_line' id='line_1_86' title="bbox 2235 4106 3896 4186; baseline 0.003 -24"><span class='ocrx_word' id='word_1_600' title='bbox 2235 4130 2341 4164; x_wconf 88' lang='grc' dir='ltr'>νειν</span> <span class='ocrx_word' id='word_1_601' title='bbox 2399 4111 2910 4186; x_wconf 83' lang='grc' dir='ltr'>παρασκευάσαντες.</span> <span class='ocrx_word' id='word_1_602' title='bbox 2970 4115 3150 4168; x_wconf 76' lang='grc' dir='ltr'>Ταῦτα</span> <span class='ocrx_word' id='word_1_603' title='bbox 3209 4109 3264 4166; x_wconf 86' lang='grc' dir='ltr'>δέ</span> <span class='ocrx_word' id='word_1_604' title='bbox 3315 4133 3409 4184; x_wconf 87' lang='grc' dir='ltr'>μοι</span> <span class='ocrx_word' id='word_1_605' title='bbox 3470 4106 3896 4182; x_wconf 78' lang='grc' dir='ltr'>ἐπισυνέϐησαν,</span> 
     </span>
    </p>
   </div>
   <div class='ocr_carea' id='block_1_86' title="bbox 2236 4195 3897 4277">
    <p class='ocr_par' dir='ltr' id='par_1_86' title="bbox 2236 4195 3897 4277">
     <span class='ocr_line' id='line_1_87' title="bbox 2236 4195 3897 4277; baseline 0.002 -25"><span class='ocrx_word' id='word_1_606' title='bbox 2236 4195 2423 4268; x_wconf 77' lang='grc' dir='ltr'>ἐπειδὴ</span> <span class='ocrx_word' id='word_1_607' title='bbox 2483 4198 2779 4273; x_wconf 80' lang='grc' dir='ltr'>ἀμπελῶνα</span> <span class='ocrx_word' id='word_1_608' title='bbox 2844 4199 2972 4274; x_wconf 84' lang='grc' dir='ltr'>ἐμὸν</span> <span class='ocrx_word' id='word_1_609' title='bbox 3061 4201 3160 4255; x_wconf 85' lang='grc' dir='ltr'>οὑκ</span> <span class='ocrx_word' id='word_1_610' title='bbox 3233 4199 3487 4277; x_wconf 79' lang='grc' dir='ltr'>ἐφύλαξα,</span> <span class='ocrx_word' id='word_1_611' title='bbox 3545 4199 3601 4262; x_wconf 77' lang='grc' dir='ltr'>ὅς</span> <span class='ocrx_word' id='word_1_612' title='bbox 3655 4200 3800 4256; x_wconf 76' lang='grc' dir='ltr'>ἐστιν</span> <span class='ocrx_word' id='word_1_613' title='bbox 3867 4203 3897 4257; x_wconf 82' lang='grc' dir='ltr'>ὀ</span> 
     </span>
    </p>
   </div>
   <div class='ocr_carea' id='block_1_87' title="bbox 2236 4287 3899 4363">
    <p class='ocr_par' dir='ltr' id='par_1_87' title="bbox 2236 4287 3899 4363">
     <span class='ocr_line' id='line_1_88' title="bbox 2236 4287 3899 4363; baseline 0.002 -21"><span class='ocrx_word' id='word_1_614' title='bbox 2236 4287 2494 4363; x_wconf 77' lang='grc' dir='ltr'>εἰρηκὼς,</span> <span class='ocrx_word' id='word_1_615' title='bbox 2529 4288 2611 4343; x_wconf 79' lang='grc' dir='ltr'>ὅτι</span> <span class='ocrx_word' id='word_1_616' title='bbox 2672 4290 2808 4363; x_wconf 82' lang='grc' dir='ltr'>Ἐγώ</span> <span class='ocrx_word' id='word_1_617' title='bbox 2868 4290 2981 4362; x_wconf 85' lang='grc' dir='ltr'>εἰμι</span> <span class='ocrx_word' id='word_1_618' title='bbox 3039 4292 3072 4358; x_wconf 77' lang='grc' dir='ltr'>ἡ</span> <span class='ocrx_word' id='word_1_619' title='bbox 3133 4287 3400 4362; x_wconf 76' lang='grc' dir='ltr'>ἄμπελος,</span> <span class='ocrx_word' id='word_1_620' title='bbox 3438 4291 3594 4362; x_wconf 82' lang='grc' dir='ltr'>ὑμεῖς</span> <span class='ocrx_word' id='word_1_621' title='bbox 3636 4291 3704 4344; x_wconf 83' lang='grc' dir='ltr'>τά</span> <span class='ocrx_word' id='word_1_622' title='bbox 3742 4288 3899 4361; x_wconf 77' lang='grc' dir='ltr'>κλή-</span> 
     </span>
    </p>
   </div>
   <div class='ocr_carea' id='block_1_88' title="bbox 2239 4377 3902 4453">
    <p class='ocr_par' dir='ltr' id='par_1_88' title="bbox 2239 4377 3902 4453">
     <span class='ocr_line' id='line_1_89' title="bbox 2239 4377 3902 4453; baseline 0.002 -23"><span class='ocrx_word' id='word_1_623' title='bbox 2239 4397 2401 4448; x_wconf 87' lang='grc' dir='ltr'>ματα,</span> <span class='ocrx_word' id='word_1_624' title='bbox 2454 4378 2481 4432; x_wconf 86' lang='grc' dir='ltr'>ὁ</span> <span class='ocrx_word' id='word_1_625' title='bbox 2545 4378 2846 4452; x_wconf 74' lang='grc' dir='ltr'>μονογενὴς</span> <span class='ocrx_word' id='word_1_626' title='bbox 2903 4383 2998 4432; x_wconf 76' lang='grc' dir='ltr'>τοῦ</span> <span class='ocrx_word' id='word_1_627' title='bbox 3056 4383 3189 4432; x_wconf 73' lang='grc' dir='ltr'>Θεοῦ</span> <span class='ocrx_word' id='word_1_628' title='bbox 3247 4379 3370 4440; x_wconf 70' lang='lat' dir='ltr'>llo;</span> <span class='ocrx_word' id='word_1_629' title='bbox 3427 4378 3517 4434; x_wconf 80' lang='grc' dir='ltr'>καὶ</span> <span class='ocrx_word' id='word_1_630' title='bbox 3575 4377 3779 4453; x_wconf 86' lang='grc' dir='ltr'>Λόγος,</span> <span class='ocrx_word' id='word_1_631' title='bbox 3837 4381 3902 4434; x_wconf 80' lang='grc' dir='ltr'>οὗ</span> 
     </span>
    </p>
   </div>
   <div class='ocr_carea' id='block_1_89' title="bbox 2233 4464 3901 4545">
    <p class='ocr_par' dir='ltr' id='par_1_89' title="bbox 2233 4464 3901 4545">
     <span class='ocr_line' id='line_1_90' title="bbox 2233 4464 3901 4545; baseline 0.002 -27"><span class='ocrx_word' id='word_1_632' title='bbox 2233 4466 2349 4519; x_wconf 89' lang='grc' dir='ltr'>κατ’</span> <span class='ocrx_word' id='word_1_633' title='bbox 2380 4464 2561 4520; x_wconf 81' lang='grc' dir='ltr'>εἰκόνα</span> <span class='ocrx_word' id='word_1_634' title='bbox 2617 4469 2893 4522; x_wconf 80' lang='grc' dir='ltr'>κτισθεῖσα</span> <span class='ocrx_word' id='word_1_635' title='bbox 2950 4470 2984 4536; x_wconf 82' lang='grc' dir='ltr'>ἡ</span> <span class='ocrx_word' id='word_1_636' title='bbox 3043 4467 3353 4542; x_wconf 74' lang='grc' dir='ltr'>ἀνθρωπεία</span> <span class='ocrx_word' id='word_1_637' title='bbox 3402 4466 3579 4545; x_wconf 83' lang='grc' dir='ltr'>φύσις,</span> <span class='ocrx_word' id='word_1_638' title='bbox 3631 4465 3901 4531; x_wconf 80' lang='grc' dir='ltr'>ἐνοειδῶς</span> 
     </span>
    </p>
   </div>
   <div class='ocr_carea' id='block_1_90' title="bbox 2231 4553 3902 4631">
    <p class='ocr_par' dir='ltr' id='par_1_90' title="bbox 2231 4553 3902 4631">
     <span class='ocr_line' id='line_1_91' title="bbox 2231 4553 3902 4631; baseline 0.001 -23"><span class='ocrx_word' id='word_1_639' title='bbox 2231 4553 2360 4619; x_wconf 76' lang='grc' dir='ltr'>τοὺς</span> <span class='ocrx_word' id='word_1_640' title='bbox 2415 4553 2465 4608; x_wconf 84' lang='grc' dir='ltr'>ἐν</span> <span class='ocrx_word' id='word_1_641' title='bbox 2523 4559 2602 4627; x_wconf 80' lang='grc' dir='ltr'>τῷ</span> <span class='ocrx_word' id='word_1_642' title='bbox 2659 4555 2815 4610; x_wconf 83' lang='grc' dir='ltr'>παντῖ</span> <span class='ocrx_word' id='word_1_643' title='bbox 2892 4554 3020 4631; x_wconf 77' lang='grc' dir='ltr'>ἔσχε</span> <span class='ocrx_word' id='word_1_644' title='bbox 3077 4555 3277 4631; x_wconf 80' lang='grc' dir='ltr'>λόγους</span> <span class='ocrx_word' id='word_1_645' title='bbox 3340 4557 3414 4618; x_wconf 82' lang='grc' dir='ltr'>ὡς</span> <span class='ocrx_word' id='word_1_646' title='bbox 3474 4556 3655 4631; x_wconf 73' lang='grc' dir='ltr'>μίγμα</span> <span class='ocrx_word' id='word_1_647' title='bbox 3708 4555 3902 4627; x_wconf 76' lang='grc' dir='ltr'>πάσης</span> 
     </span>
    </p>
   </div>
   <div class='ocr_carea' id='block_1_91' title="bbox 465 4633 2122 4720">
    <p class='ocr_par' dir='ltr' id='par_1_91' title="bbox 465 4644 2119 4718">
     <span class='ocr_line' id='line_1_92' title="bbox 465 4644 2119 4718; baseline -0.002 -17"><span class='ocrx_word' id='word_1_648' title='bbox 465 4647 682 4718; x_wconf 90' lang='lat' dir='ltr'>quippe</span> <span class='ocrx_word' id='word_1_649' title='bbox 734 4646 940 4701; x_wconf 87' lang='lat' dir='ltr'>mistas</span> <span class='ocrx_word' id='word_1_650' title='bbox 972 4645 1030 4700; x_wconf 92' lang='lat' dir='ltr'>in</span> <span class='ocrx_word' id='word_1_651' title='bbox 1064 4662 1124 4700; x_wconf 92' lang='lat' dir='ltr'>se</span> <span class='ocrx_word' id='word_1_652' title='bbox 1157 4644 1590 4716; x_wconf 88' lang='lat' dir='ltr'>quodammodo</span> <span class='ocrx_word' id='word_1_653' title='bbox 1641 4648 1942 4698; x_wconf 88' lang='lat' dir='ltr'>creaturas</span> <span class='ocrx_word' id='word_1_654' title='bbox 1983 4645 2119 4698; x_wconf 89' lang='lat' dir='ltr'>uui-</span> 
     </span>
    </p>
   </div>
   <div class='ocr_carea' id='block_1_92' title="bbox 2241 4633 3896 4720">
    <p class='ocr_par' dir='ltr' id='par_1_92' title="bbox 2241 4642 3896 4720">
     <span class='ocr_line' id='line_1_93' title="bbox 2241 4642 3896 4720; baseline 0.002 -23"><span class='ocrx_word' id='word_1_655' title='bbox 2241 4644 2470 4713; x_wconf 69' lang='grc' dir='ltr'>ιτήσεως</span> <span class='ocrx_word' id='word_1_656' title='bbox 2508 4661 2523 4679; x_wconf 77' lang='grc' dir='ltr'><strong>ο</strong></span> <span class='ocrx_word' id='word_1_657' title='bbox 2553 4645 2627 4716; x_wconf 75' lang='grc' dir='ltr'>μή</span> <span class='ocrx_word' id='word_1_658' title='bbox 2670 4647 2953 4718; x_wconf 74' lang='grc' dir='ltr'>τηρήσασα</span> <span class='ocrx_word' id='word_1_659' title='bbox 2993 4642 3050 4700; x_wconf 72' lang='grc' dir='ltr'>δὲ</span> <span class='ocrx_word' id='word_1_660' title='bbox 3091 4647 3181 4701; x_wconf 87' lang='grc' dir='ltr'>τὸν</span> <span class='ocrx_word' id='word_1_661' title='bbox 3215 4642 3305 4700; x_wconf 71' lang='grc' dir='ltr'>ἕνα</span> <span class='ocrx_word' id='word_1_662' title='bbox 3363 4643 3532 4720; x_wconf 87' lang='grc' dir='ltr'>λόγον</span> <span class='ocrx_word' id='word_1_663' title='bbox 3582 4652 3681 4713; x_wconf 76' lang='grc' dir='ltr'>τῆς</span> <span class='ocrx_word' id='word_1_664' title='bbox 3745 4642 3896 4707; x_wconf 77' lang='grc' dir='ltr'>ἰδίας</span> 
     </span>
    </p>
   </div>
   <div class='ocr_carea' id='block_1_93' title="bbox 461 4730 2122 4803">
    <p class='ocr_par' dir='ltr' id='par_1_93' title="bbox 461 4730 2122 4803">
     <span class='ocr_line' id='line_1_94' title="bbox 461 4730 2122 4803; baseline -0.002 -13"><span class='ocrx_word' id='word_1_665' title='bbox 461 4753 660 4790; x_wconf 86' lang='lat' dir='ltr'>versas</span> <span class='ocrx_word' id='word_1_666' title='bbox 693 4735 957 4790; x_wconf 84' lang='lat' dir='ltr'>continet</span> <span class='ocrx_word' id='word_1_667' title='bbox 995 4738 1056 4789; x_wconf 90' lang='lat' dir='ltr'>et</span> <span class='ocrx_word' id='word_1_668' title='bbox 1097 4732 1564 4803; x_wconf 88' lang='lat' dir='ltr'>comprehendit.</span> <span class='ocrx_word' id='word_1_669' title='bbox 1599 4730 1745 4786; x_wconf 88' lang='lat' dir='ltr'>Vero</span> <span class='ocrx_word' id='word_1_670' title='bbox 1777 4748 1910 4786; x_wconf 91' lang='lat' dir='ltr'>cum</span> <span class='ocrx_word' id='word_1_671' title='bbox 1944 4749 2122 4787; x_wconf 83' lang='lat' dir='ltr'>unam</span> 
     </span>
    </p>
   </div>
   <div class='ocr_carea' id='block_1_94' title="bbox 474 4821 2124 4897">
    <p class='ocr_par' dir='ltr' id='par_1_94' title="bbox 474 4821 2124 4897">
     <span class='ocr_line' id='line_1_95' title="bbox 474 4821 2124 4897; baseline -0.002 -17"><span class='ocrx_word' id='word_1_672' title='bbox 474 4824 720 4897; x_wconf 76' lang='lat' dir='ltr'>propriae</span> <span class='ocrx_word' id='word_1_673' title='bbox 751 4829 971 4880; x_wconf 70' lang='lat' dir='ltr'>naturae</span> <span class='ocrx_word' id='word_1_674' title='bbox 1004 4823 1290 4878; x_wconf 88' lang='lat' dir='ltr'>rationem</span> <span class='ocrx_word' id='word_1_675' title='bbox 1327 4839 1440 4876; x_wconf 90' lang='lat' dir='ltr'>non</span> <span class='ocrx_word' id='word_1_676' title='bbox 1475 4825 1787 4890; x_wconf 77' lang='lat' dir='ltr'>servasset,</span> <span class='ocrx_word' id='word_1_677' title='bbox 1810 4821 1910 4875; x_wconf 91' lang='lat' dir='ltr'>sed</span> <span class='ocrx_word' id='word_1_678' title='bbox 1941 4821 1999 4874; x_wconf 93' lang='lat' dir='ltr'>in</span> <span class='ocrx_word' id='word_1_679' title='bbox 2031 4839 2124 4877; x_wconf 85' lang='lat' dir='ltr'>va-</span> 
     </span>
    </p>
   </div>
   <div class='ocr_carea' id='block_1_95' title="bbox 469 4909 2122 4986">
    <p class='ocr_par' dir='ltr' id='par_1_95' title="bbox 469 4909 2122 4986">
     <span class='ocr_line' id='line_1_96' title="bbox 469 4909 2122 4986; baseline -0.004 -16"><span class='ocrx_word' id='word_1_680' title='bbox 469 4915 586 4970; x_wconf 89' lang='lat' dir='ltr'>rias</span> <span class='ocrx_word' id='word_1_681' title='bbox 640 4915 918 4970; x_wconf 87' lang='lat' dir='ltr'>distracta</span> <span class='ocrx_word' id='word_1_682' title='bbox 950 4913 1278 4986; x_wconf 90' lang='lat' dir='ltr'>opiniones,</span> <span class='ocrx_word' id='word_1_683' title='bbox 1314 4911 1451 4966; x_wconf 87' lang='lat' dir='ltr'>deos</span> <span class='ocrx_word' id='word_1_684' title='bbox 1484 4909 1838 4980; x_wconf 88' lang='lat' dir='ltr'>multiplices</span> <span class='ocrx_word' id='word_1_685' title='bbox 1884 4909 2122 4977; x_wconf 90' lang='lat' dir='ltr'>coleret,</span> 
     </span>
    </p>
   </div>
   <div class='ocr_carea' id='block_1_96' title="bbox 467 4999 2123 5076">
    <p class='ocr_par' dir='ltr' id='par_1_96' title="bbox 467 4999 2123 5076">
     <span class='ocr_line' id='line_1_97' title="bbox 467 4999 2123 5076; baseline -0.002 -18"><span class='ocrx_word' id='word_1_686' title='bbox 467 5005 765 5076; x_wconf 74' lang='lat' dir='ltr'>propriam</span> <span class='ocrx_word' id='word_1_687' title='bbox 789 5005 1018 5058; x_wconf 90' lang='lat' dir='ltr'>vineam</span> <span class='ocrx_word' id='word_1_688' title='bbox 1053 5019 1166 5056; x_wconf 91' lang='lat' dir='ltr'>non</span> <span class='ocrx_word' id='word_1_689' title='bbox 1195 4999 1530 5056; x_wconf 89' lang='lat' dir='ltr'>custodivit.</span> <span class='ocrx_word' id='word_1_690' title='bbox 1555 4999 1754 5071; x_wconf 88' lang='lat' dir='ltr'>Neque</span> <span class='ocrx_word' id='word_1_691' title='bbox 1776 4999 1931 5054; x_wconf 92' lang='lat' dir='ltr'>enim</span> <span class='ocrx_word' id='word_1_692' title='bbox 1965 5005 2123 5056; x_wconf 87' lang='lat' dir='ltr'>recta</span> 
     </span>
    </p>
   </div>
   <div class='ocr_carea' id='block_1_97' title="bbox 462 5088 2121 5164">
    <p class='ocr_par' dir='ltr' id='par_1_97' title="bbox 462 5088 2121 5164">
     <span class='ocr_line' id='line_1_98' title="bbox 462 5088 2121 5164; baseline -0.003 -15"><span class='ocrx_word' id='word_1_693' title='bbox 462 5109 566 5164; x_wconf 88' lang='lat' dir='ltr'>per</span> <span class='ocrx_word' id='word_1_694' title='bbox 597 5095 885 5149; x_wconf 89' lang='lat' dir='ltr'>mundum</span> <span class='ocrx_word' id='word_1_695' title='bbox 917 5091 1098 5147; x_wconf 89' lang='lat' dir='ltr'>veluti</span> <span class='ocrx_word' id='word_1_696' title='bbox 1148 5105 1252 5163; x_wconf 89' lang='lat' dir='ltr'>per</span> <span class='ocrx_word' id='word_1_697' title='bbox 1297 5088 1618 5161; x_wconf 87' lang='lat' dir='ltr'>imaginem</span> <span class='ocrx_word' id='word_1_698' title='bbox 1651 5090 1721 5142; x_wconf 90' lang='lat' dir='ltr'>ad</span> <span class='ocrx_word' id='word_1_699' title='bbox 1757 5090 1885 5159; x_wconf 87' lang='lat' dir='ltr'>ejus</span> <span class='ocrx_word' id='word_1_700' title='bbox 1918 5089 2121 5144; x_wconf 87' lang='lat' dir='ltr'>arche-</span> 
     </span>
    </p>
   </div>
   <div class='ocr_carea' id='block_1_98' title="bbox 461 5178 2117 5256">
    <p class='ocr_par' dir='ltr' id='par_1_98' title="bbox 461 5178 2117 5256">
     <span class='ocr_line' id='line_1_99' title="bbox 461 5178 2117 5256; baseline -0.003 -17"><span class='ocrx_word' id='word_1_701' title='bbox 461 5187 665 5256; x_wconf 86' lang='lat' dir='ltr'>typum</span> <span class='ocrx_word' id='word_1_702' title='bbox 721 5183 1020 5254; x_wconf 88' lang='lat' dir='ltr'>respexit:</span> <span class='ocrx_word' id='word_1_703' title='bbox 1054 5180 1163 5236; x_wconf 91' lang='lat' dir='ltr'>hoc</span> <span class='ocrx_word' id='word_1_704' title='bbox 1213 5186 1298 5235; x_wconf 86' lang='lat' dir='ltr'>est</span> <span class='ocrx_word' id='word_1_705' title='bbox 1343 5195 1411 5234; x_wconf 86' lang='lat' dir='ltr'>ex</span> <span class='ocrx_word' id='word_1_706' title='bbox 1461 5178 1637 5234; x_wconf 84' lang='lat' dir='ltr'>rebus</span> <span class='ocrx_word' id='word_1_707' title='bbox 1687 5179 2006 5250; x_wconf 89' lang='lat' dir='ltr'>procreatis</span> <span class='ocrx_word' id='word_1_708' title='bbox 2046 5181 2117 5234; x_wconf 92' lang='lat' dir='ltr'>ad</span> 
     </span>
    </p>
   </div>
   <div class='ocr_carea' id='block_1_99' title="bbox 467 5270 1354 5328">
    <p class='ocr_par' dir='ltr' id='par_1_99' title="bbox 467 5270 1354 5328">
     <span class='ocr_line' id='line_1_100' title="bbox 467 5270 1354 5328; baseline -0.006 0"><span class='ocrx_word' id='word_1_709' title='bbox 467 5289 669 5328; x_wconf 88' lang='lat' dir='ltr'>earum</span> <span class='ocrx_word' id='word_1_710' title='bbox 701 5270 1002 5327; x_wconf 89' lang='lat' dir='ltr'>contendit</span> <span class='ocrx_word' id='word_1_711' title='bbox 1033 5273 1354 5325; x_wconf 89' lang='lat' dir='ltr'>auctorem.</span> 
     </span>
    </p>
   </div>
   <div class='ocr_carea' id='block_1_100' title="bbox 704 5376 1876 5447">
    <p class='ocr_par' dir='ltr' id='par_1_100' title="bbox 704 5376 1876 5447">
     <span class='ocr_line' id='line_1_101' title="bbox 704 5376 1876 5447; baseline -0.004 -11"><span class='ocrx_word' id='word_1_712' title='bbox 704 5380 841 5436; x_wconf 81' lang='lat' dir='ltr'>Filii</span> <span class='ocrx_word' id='word_1_713' title='bbox 871 5379 1066 5432; x_wconf 79' lang='lat' dir='ltr'>matris</span> <span class='ocrx_word' id='word_1_714' title='bbox 1096 5389 1236 5433; x_wconf 49' lang='lat' dir='ltr'>mea</span> <span class='ocrx_word' id='word_1_715' title='bbox 1260 5380 1650 5447; x_wconf 80' lang='lat' dir='ltr'>pugnaverunt</span> <span class='ocrx_word' id='word_1_716' title='bbox 1681 5376 1738 5430; x_wconf 88' lang='lat' dir='ltr'>in</span> <span class='ocrx_word' id='word_1_717' title='bbox 1769 5392 1876 5431; x_wconf 88' lang='lat' dir='ltr'>me.</span> 
     </span>
    </p>
   </div>
   <div class='ocr_carea' id='block_1_101' title="bbox 535 5481 2116 5558">
    <p class='ocr_par' dir='ltr' id='par_1_101' title="bbox 535 5481 2116 5558">
     <span class='ocr_line' id='line_1_102' title="bbox 535 5481 2116 5558; baseline -0.001 -17"><span class='ocrx_word' id='word_1_718' title='bbox 535 5487 625 5542; x_wconf 93' lang='lat' dir='ltr'>Me</span> <span class='ocrx_word' id='word_1_719' title='bbox 658 5485 812 5541; x_wconf 90' lang='lat' dir='ltr'>enim</span> <span class='ocrx_word' id='word_1_720' title='bbox 860 5486 1370 5558; x_wconf 89' lang='lat' dir='ltr'>oppugnaverunt,</span> <span class='ocrx_word' id='word_1_721' title='bbox 1406 5481 1598 5553; x_wconf 85' lang='lat' dir='ltr'>inquit</span> <span class='ocrx_word' id='word_1_722' title='bbox 1647 5499 1889 5554; x_wconf 90' lang='lat' dir='ltr'>sponsa,</span> <span class='ocrx_word' id='word_1_723' title='bbox 1922 5500 1987 5538; x_wconf 92' lang='lat' dir='ltr'>ac</span> <span class='ocrx_word' id='word_1_724' title='bbox 2017 5485 2116 5540; x_wconf 85' lang='lat' dir='ltr'>de-</span> 
     </span>
    </p>
   </div>
   <div class='ocr_carea' id='block_1_102' title="bbox 464 5571 2115 5630">
    <p class='ocr_par' dir='ltr' id='par_1_102' title="bbox 464 5571 2115 5630">
     <span class='ocr_line' id='line_1_103' title="bbox 464 5571 2115 5630; baseline 0 0"><span class='ocrx_word' id='word_1_725' title='bbox 464 5573 757 5630; x_wconf 87' lang='lat' dir='ltr'>fectricem</span> <span class='ocrx_word' id='word_1_726' title='bbox 818 5574 1199 5630; x_wconf 89' lang='lat' dir='ltr'>reddiderunt</span> <span class='ocrx_word' id='word_1_727' title='bbox 1246 5572 1542 5628; x_wconf 66' lang='lat' dir='ltr'>diemones</span> <span class='ocrx_word' id='word_1_728' title='bbox 1595 5571 1941 5629; x_wconf 87' lang='lat' dir='ltr'>desertores.</span> <span class='ocrx_word' id='word_1_729' title='bbox 1999 5574 2115 5630; x_wconf 88' lang='lat' dir='ltr'>Hos</span> 
     </span>
    </p>
   </div>
   <div class='ocr_carea' id='block_1_103' title="bbox 539 5717 969 5785">
    <p class='ocr_par' dir='ltr' id='par_1_103' title="bbox 539 5717 969 5785">
     <span class='ocr_line' id='line_1_104' title="bbox 539 5717 969 5785; baseline -0.005 -12"><span class='ocrx_word' id='word_1_730' title='bbox 539 5719 561 5752; x_wconf 77' lang='grc'><strong>⁴</strong></span> <span class='ocrx_word' id='word_1_731' title='bbox 587 5717 751 5774; x_wconf 87' lang='lat' dir='ltr'>Joan.</span> <span class='ocrx_word' id='word_1_732' title='bbox 785 5734 879 5785; x_wconf 87' lang='lat' dir='ltr'>xv,</span> <span class='ocrx_word' id='word_1_733' title='bbox 917 5717 969 5773; x_wconf 78' lang='grc'>4.</span> 
     </span>
    </p>
   </div>
   <div class='ocr_carea' id='block_1_104' title="bbox 2233 4731 3900 4808">
    <p class='ocr_par' dir='ltr' id='par_1_104' title="bbox 2233 4731 3900 4808">
     <span class='ocr_line' id='line_1_105' title="bbox 2233 4731 3900 4808; baseline 0.001 -22"><span class='ocrx_word' id='word_1_734' title='bbox 2233 4732 2465 4808; x_wconf 74' lang='grc' dir='ltr'>φύσεως,</span> <span class='ocrx_word' id='word_1_735' title='bbox 2518 4731 2644 4788; x_wconf 88' lang='grc' dir='ltr'>ἀλλ’</span> <span class='ocrx_word' id='word_1_736' title='bbox 2693 4733 2768 4795; x_wconf 77' lang='grc' dir='ltr'>εἰς</span> <span class='ocrx_word' id='word_1_737' title='bbox 2829 4731 3044 4796; x_wconf 67' lang='grc' dir='ltr'>πολλάς</span> <span class='ocrx_word' id='word_1_738' title='bbox 3099 4732 3256 4804; x_wconf 79' lang='grc' dir='ltr'>δόξας</span> <span class='ocrx_word' id='word_1_739' title='bbox 3311 4740 3747 4806; x_wconf 80' lang='grc' dir='ltr'>κατατμηθεῖσα,</span> <span class='ocrx_word' id='word_1_740' title='bbox 3801 4735 3900 4788; x_wconf 84' lang='grc' dir='ltr'>καὶ</span> 
     </span>
    </p>
   </div>
   <div class='ocr_carea' id='block_1_105' title="bbox 2233 4819 3901 4898">
    <p class='ocr_par' dir='ltr' id='par_1_105' title="bbox 2233 4819 3901 4898">
     <span class='ocr_line' id='line_1_106' title="bbox 2233 4819 3901 4898; baseline 0.002 -25"><span class='ocrx_word' id='word_1_741' title='bbox 2233 4821 2496 4894; x_wconf 77' lang='grc' dir='ltr'>πολυθεῖᾳ</span> <span class='ocrx_word' id='word_1_742' title='bbox 2525 4819 2880 4890; x_wconf 85' lang='grc' dir='ltr'>δουλεύσασα,</span> <span class='ocrx_word' id='word_1_743' title='bbox 2910 4824 3000 4878; x_wconf 87' lang='grc' dir='ltr'>τὸν</span> <span class='ocrx_word' id='word_1_744' title='bbox 3053 4820 3190 4878; x_wconf 73' lang='grc' dir='ltr'>ἴδιον</span> <span class='ocrx_word' id='word_1_745' title='bbox 3247 4820 3548 4896; x_wconf 86' lang='grc' dir='ltr'>ἀμπελῶνα</span> <span class='ocrx_word' id='word_1_746' title='bbox 3605 4823 3707 4877; x_wconf 87' lang='grc' dir='ltr'>ούκ</span> <span class='ocrx_word' id='word_1_747' title='bbox 3759 4821 3901 4898; x_wconf 81' lang='grc' dir='ltr'>ἐφύ-</span> 
     </span>
    </p>
   </div>
   <div class='ocr_carea' id='block_1_106' title="bbox 2233 4908 3900 4987">
    <p class='ocr_par' dir='ltr' id='par_1_106' title="bbox 2233 4908 3900 4987">
     <span class='ocr_line' id='line_1_107' title="bbox 2233 4908 3900 4987; baseline 0.001 -21"><span class='ocrx_word' id='word_1_748' title='bbox 2233 4910 2388 4981; x_wconf 84' lang='grc' dir='ltr'>λαξεν</span> <span class='ocrx_word' id='word_1_749' title='bbox 2425 4931 2437 4944; x_wconf 86' lang='grc'><em>’</em></span> <span class='ocrx_word' id='word_1_750' title='bbox 2493 4908 2616 4965; x_wconf 81' lang='grc' dir='ltr'>ούδέ</span> <span class='ocrx_word' id='word_1_751' title='bbox 2665 4911 2766 4987; x_wconf 76' lang='grc' dir='ltr'>γὰρ</span> <span class='ocrx_word' id='word_1_752' title='bbox 2828 4911 3078 4975; x_wconf 76' lang='grc' dir='ltr'>ἷθυτενῶς</span> <span class='ocrx_word' id='word_1_753' title='bbox 3135 4909 3225 4966; x_wconf 79' lang='grc' dir='ltr'>διά</span> <span class='ocrx_word' id='word_1_754' title='bbox 3278 4916 3376 4966; x_wconf 71' lang='grc' dir='ltr'>τοῦ</span> <span class='ocrx_word' id='word_1_755' title='bbox 3434 4911 3630 4973; x_wconf 84' lang='grc' dir='ltr'>παντὸς</span> <span class='ocrx_word' id='word_1_756' title='bbox 3685 4911 3763 4973; x_wconf 87' lang='grc' dir='ltr'>ὡς</span> <span class='ocrx_word' id='word_1_757' title='bbox 3825 4909 3900 4967; x_wconf 81' lang='grc' dir='ltr'>δι’</span> 
     </span>
    </p>
   </div>
   <div class='ocr_carea' id='block_1_107' title="bbox 2231 4995 3893 5075">
    <p class='ocr_par' dir='ltr' id='par_1_107' title="bbox 2231 4995 3893 5075">
     <span class='ocr_line' id='line_1_108' title="bbox 2231 4995 3893 5075; baseline 0.001 -23"><span class='ocrx_word' id='word_1_758' title='bbox 2231 4997 2437 5060; x_wconf 73' lang='grc' dir='ltr'>εἶκόνος</span> <span class='ocrx_word' id='word_1_759' title='bbox 2495 4999 2638 5072; x_wconf 71' lang='grc' dir='ltr'>ἑώρα</span> <span class='ocrx_word' id='word_1_760' title='bbox 2694 4999 2829 5074; x_wconf 88' lang='grc' dir='ltr'>πρὸς</span> <span class='ocrx_word' id='word_1_761' title='bbox 2884 4999 2947 5054; x_wconf 86' lang='grc' dir='ltr'>τὸ</span> <span class='ocrx_word' id='word_1_762' title='bbox 2999 4997 3331 5075; x_wconf 85' lang='grc' dir='ltr'>ἀρχέτυπον,</span> <span class='ocrx_word' id='word_1_763' title='bbox 3384 4997 3576 5074; x_wconf 73' lang='grc' dir='ltr'>ἤγουν,</span> <span class='ocrx_word' id='word_1_764' title='bbox 3627 4995 3716 5053; x_wconf 71' lang='grc' dir='ltr'>διὰ</span> <span class='ocrx_word' id='word_1_765' title='bbox 3777 5004 3893 5054; x_wconf 81' lang='grc' dir='ltr'>τῶν</span> 
     </span>
    </p>
   </div>
   <div class='ocr_carea' id='block_1_108' title="bbox 2230 5083 2967 5162">
    <p class='ocr_par' dir='ltr' id='par_1_108' title="bbox 2230 5083 2967 5162">
     <span class='ocr_line' id='line_1_109' title="bbox 2230 5083 2967 5162; baseline 0.005 -24"><span class='ocrx_word' id='word_1_766' title='bbox 2230 5083 2485 5140; x_wconf 81' lang='grc' dir='ltr'>αἶτιατῶν</span> <span class='ocrx_word' id='word_1_767' title='bbox 2519 5085 2652 5162; x_wconf 87' lang='grc' dir='ltr'>πρὸς</span> <span class='ocrx_word' id='word_1_768' title='bbox 2681 5107 2742 5140; x_wconf 90' lang='grc' dir='ltr'>το</span> <span class='ocrx_word' id='word_1_769' title='bbox 2773 5083 2967 5143; x_wconf 60' lang='grc' dir='ltr'>αἴτιον.</span> 
     </span>
    </p>
   </div>
   <div class='ocr_carea' id='block_1_109' title="bbox 2486 5369 3616 5448">
    <p class='ocr_par' dir='ltr' id='par_1_109' title="bbox 2486 5369 3616 5448">
     <span class='ocr_line' id='line_1_110' title="bbox 2486 5369 3616 5448; baseline 0 -22"><span class='ocrx_word' id='word_1_770' title='bbox 2486 5373 2601 5426; x_wconf 74' lang='grc' dir='ltr'>Υἱοί</span> <span class='ocrx_word' id='word_1_771' title='bbox 2639 5372 2845 5448; x_wconf 85' lang='grc' dir='ltr'>μητρός</span> <span class='ocrx_word' id='word_1_772' title='bbox 2875 5393 2980 5445; x_wconf 91' lang='grc' dir='ltr'>μου</span> <span class='ocrx_word' id='word_1_773' title='bbox 3011 5371 3354 5447; x_wconf 75' lang='grc' dir='ltr'>ἐμαχέσαντο</span> <span class='ocrx_word' id='word_1_774' title='bbox 3386 5369 3436 5425; x_wconf 87' lang='grc' dir='ltr'>ἐν</span> <span class='ocrx_word' id='word_1_775' title='bbox 3468 5369 3616 5443; x_wconf 80' lang='grc' dir='ltr'>ἐμοί.</span> 
     </span>
    </p>
   </div>
   <div class='ocr_carea' id='block_1_110' title="bbox 2300 5475 3896 5556">
    <p class='ocr_par' dir='ltr' id='par_1_110' title="bbox 2300 5475 3896 5556">
     <span class='ocr_line' id='line_1_111' title="bbox 2300 5475 3896 5556; baseline -0.001 -20"><span class='ocrx_word' id='word_1_776' title='bbox 2300 5479 2431 5553; x_wconf 75' lang='grc' dir='ltr'>Ἐμὲ</span> <span class='ocrx_word' id='word_1_777' title='bbox 2477 5479 2581 5556; x_wconf 78' lang='grc' dir='ltr'>γὰρ</span> <span class='ocrx_word' id='word_1_778' title='bbox 2631 5478 2995 5553; x_wconf 84' lang='grc' dir='ltr'>ἐπολέμησαν,</span> <span class='ocrx_word' id='word_1_779' title='bbox 3029 5479 3190 5556; x_wconf 83' lang='grc' dir='ltr'>φησὶν</span> <span class='ocrx_word' id='word_1_780' title='bbox 3240 5479 3274 5548; x_wconf 68' lang='grc' dir='ltr'><strong>ἡ</strong></span> <span class='ocrx_word' id='word_1_781' title='bbox 3331 5476 3517 5556; x_wconf 86' lang='grc' dir='ltr'>νύμφη</span> <span class='ocrx_word' id='word_1_782' title='bbox 3568 5475 3766 5550; x_wconf 85' lang='grc' dir='ltr'>πάλιν,</span> <span class='ocrx_word' id='word_1_783' title='bbox 3799 5479 3896 5534; x_wconf 78' lang='grc' dir='ltr'>καὶ</span> 
     </span>
    </p>
   </div>
   <div class='ocr_carea' id='block_1_111' title="bbox 2223 5563 3896 5645">
    <p class='ocr_par' dir='ltr' id='par_1_111' title="bbox 2223 5563 3896 5645">
     <span class='ocr_line' id='line_1_112' title="bbox 2223 5563 3896 5645; baseline 0.001 -22"><span class='ocrx_word' id='word_1_784' title='bbox 2223 5563 2541 5645; x_wconf 79' lang='grc' dir='ltr'>παραϐάτην</span> <span class='ocrx_word' id='word_1_785' title='bbox 2629 5567 2829 5640; x_wconf 82' lang='grc' dir='ltr'>ἔδειξαν</span> <span class='ocrx_word' id='word_1_786' title='bbox 2921 5565 3171 5642; x_wconf 76' lang='grc' dir='ltr'>δαίμονες</span> <span class='ocrx_word' id='word_1_787' title='bbox 3247 5564 3582 5622; x_wconf 83' lang='grc' dir='ltr'>ἀποστάται.</span> <span class='ocrx_word' id='word_1_788' title='bbox 3640 5565 3896 5633; x_wconf 87' lang='grc' dir='ltr'>Τούτους</span> 
     </span>
    </p>
   </div>
  </div>
