4072 6346
203 376 328 438 549

1260 364 1669 427 COMMENT.
1715 360 1797 421 ΙΝ
1843 359 2242 423 CANTICUM
2285 363 2593 424 CANTIC.

3511 376 3634 441 550

203 507 306 582 γάρ
336 502 572 574 εἴρηκεν,
616 499 766 561 υἱοὺς
817 498 1025 573 μητρὸς
1073 496 1240 566 αὐτῆς
1281 497 1592 572 τυγχάνειν,
1655 492 1727 553 ὡς
1789 486 1854 558 δὴ

1976 488 2129 544 enim
2161 493 2375 548 matris
2405 511 2526 550 suae
2557 495 2710 551 ﬁlios
2741 496 2905 566 dicit,
2937 498 3156 572 quippe
3193 501 3291 571 qui
3323 519 3458 560 cum
3494 508 3605 562 reli

322 591 553 652 τούτους
589 589 648 644 ἐκ
678 591 810 643 Θεοῦ
850 586 1159 650 κτισθέντας
1213 584 1348 658 μετά
1395 584 1635 638 πάντων.
1687 577 1866 636 Ἐπεί-

205 703 301 756 περ
337 682 440 736 ὅσα
469 679 739 751 κτίσμα-τα
780 677 1123 752 τυγχάνομεν
1174 673 1225 728 ἐν
1276 673 1404 749 βίῳ,
1453 671 1548 727 κᾶν
1609 665 1861 744 ἄγγελοι,

203 772 297 828 κᾶν
355 771 657 845 ἄνθρωποι,
702 765 801 820 κ’ἀν
852 762 1124 837 δαίμονες,
1175 762 1271 817 κᾶν
1301 762 1471 830 λίθοι,
1530 760 1604 814 ὡς
1633 755 1860 834 ἀδελφοὶ

204 859 554 937 τυγχάνομεν
634 855 709 917 εἷς
785 853 987 929 λόγους
1050 849 1495 927 πλαστουργίαςο
1559 849 1863 921 σύμπαντες

205 934 719 1026 γάρ-ἐπλάσθημεν
779 942 840 998 ἐκ
895 945 1027 996 Θεοῦ
1082 941 1497 1015 παντεργάτουο
1585 938 1714 994 Εἶτα
1771 934 1862 989 καὶ

206 1007 357 1116 λέγει
408 1037 544 1109 πρὸς
570 1033 734 1096 αὐτάς
764 1032 854 1088 τὸν
906 1030 1108 1106 τρόπον
1159 1034 1255 1084 1:06
1309 1026 1587 1102 πολέμου.
1641 1024 1863 1089 ’Έθεντό

212 1109 296 1201 με.
369 1123 700 1203 φυλάκισσαν
787 1117 839 1173 έν
925 1117 1213 1190 ἀμπελῶνι
1247 1135 1260 1148 '
1348 1113 1649 1188 ἀμπελῶνα
1733 1109 1863 1183 ἐμὸν

209 1200 308 1270 ούκ
360 1200 618 1282 ἐφύλαξα.
681 1211 766 1266 Ἐν
818 1205 1128 1282 παραδείσῳ
1157 1205 1282 1281 γὰρ,
1331 1204 1488 1279 φησὶ,
1540 1200 1864 1270 πλασθεῖσα,

207 1305 298 1360 καὶ
329 1273 568 1369 τεδεῐσα,
602 1301 740 1354 ὥστε
769 1295 1061 1376 φυλάσσειν
1115 1292 1339 1362 ἐντολὴν
1399 1296 1496 1346 1:06
1543 1293 1618 1364 μὴ
1678 1295 1862 1368 φαγεῖν

208 1391 596 1462 danistae,th
630 1389 796 1460 νόμον
840 1385 940 1441 οὐκ
989 1383 1246 1462 ἐφύλαξα,
1296 1383 1395 1450 τὴν
1448 1379 1674 1448 ἆντολὴν
1725 1399 1862 1456 παρ-

211 1453 365 1553 έϐην..
425 1479 523 1536 Καὶ
571 1478 738 1533 ταύτα
791 1476 885 1550 μὲν
940 1470 1182 1550 ὠδύρετο
1233 1472 1371 1549 πρὸς
1420 1469 1548 1532 τοὺς
1601 1466 1869 1546 ἀγγέλους

213 1571 403 1643 δῆθεν.

790 1685 903 1736 Τῶν
934 1682 979 1756 γ’
1018 1680 1270 1756 Πατέρων
1282 1721 1296 1734 .

283 1811 493 1868 Λοιπὸν
547 1810 574 1864 ὁ
643 1808 803 1870 αὐτὸς
859 1807 988 1880 ἐμὸς
1039 1802 1302 1877 ἀμπελὼν
1367 1803 1428 1857 06
1497 1822 1564 1875 με
1608 1799 1870 1875 πρότερον

216 1901 498 1972 διέστηκεν
532 1903 567 1970 ἡ
597 1898 866 1959 πολύθεος
897 1888 1115 1966 πλάνη,
1137 1895 1226 1948 καὶ
1261 1892 1336 1954 εἷς
1367 1893 1426 1947 ’ὸν
1457 1895 1544 1946 νῦν
1575 1889 1868 1968 έφυτεύθην

217 1997 283 2065 τῇ
335 1991 538 2047 πίστει.
590 1983 946 2064 Ἀπάγγειλον
994 2005 1128 2057 μοι,
1183 1983 1240 2037 ’ὀν
1300 1981 1582 2056 ἠγάπησεν
1632 1982 1666 2049 ἡ
1715 1979 1869 2054 ψυχὴ

223 2102 352 2154 μου,
413 2079 469 2133 έν
523 2083 602 2149 τῷ
653 2077 752 2145 τήν
812 2073 1122 2152 ἐπιφάνειαν
1178 2076 1287 2128 τῶν
1319 2070 1590 2141 αἶ’σθητῳν
1641 2067 1872 2143 ὑπερκύ-

215 2174 338 2243 vim,
364 2169 458 2222 καὶ
489 2167 564 2229 εἷς
611 2165 738 2226 τοὺς
791 2163 989 2238 λόγους
1028 2167 1136 2217 τῶν
1185 2164 1394 2230 νοητῶν
1435 2157 1768 2234 παρακύψει,
1820 2155 1873 2211 ο⁶ί

214 2258 399 2319 καλῶς
461 2253 829 2329 θεωρούμενοι
898 2251 1034 2326 πρὸς
1106 2251 1205 2320 τήν
1284 2246 1544 2318 ἀλήθειαι
1627 2247 1868 2321 φέρουσι.

213 2351 318 2401 πού
377 2343 692 2416 ποιμαίνεις
739 2341 1010 2418 ἦκτρέφων
1071 2339 1187 2393 κατ’
1237 2337 1433 2412 ἀρετὴν
1480 2336 1570 2390 καὶ
1627 2334 1869 2404 ποτίζων

210 2435 348 2490 uti
372 2437 574 2509 γνῶσιν
611 2429 756 2505 ὕδωρ
795 2434 897 2498 ζῶν
932 2429 992 2484 ἐκ
1018 2435 1121 2497 τῆς
1152 2424 1377 2481 ἀεννάου
1421 2427 1600 2499 πηγῆς
1656 2423 1720 2478 τά
1780 2425 1870 2478 λο·

209 2524 335 2597 γικά
385 2516 669 2597 πρόϐατα·
718 2518 806 2574 καὶ
854 2518 956 2594 γὰρ
1007 2517 1075 2571 οὐ
1130 2515 1294 2588 μόνον
1327 2517 1361 2584 ἡ
1396 2513 1664 2586 ἄμπελος,
1720 2511 1868 2568 ἀλλᾶ

207 2611 362 2666 καὶὸ
422 2609 592 2671 καλὸς
621 2608 857 2680 ποιμὴν,
910 2605 1136 2669 ὁτιθεὶς
1179 2605 1278 2672 τὴν
1331 2603 1516 2678 ψυχήν
1568 2603 1700 2673 ὑπὲρ
1757 2605 1864 2655 τῶν

208 2696 530 2776 προϐάτων,
589 2697 748 2758 αὐτὸς
803 2697 895 2767 εἴ,
949 2695 1130 2758 καθὼς
1193 2693 1244 2748 ὲν
1295 2690 1650 2766 Εὐαγγελίοις
1711 2689 1864 2768 ἔφηςο

207 2791 298 2844 καὶ
332 2793 443 2843 1:06
472 2789 748 2856 ποιτάζεις
776 2784 827 2840 ἐν
879 2805 1014 2858 μεση
1028 2779 1219 2858 μῦρίᾳ,
1249 2787 1344 2837 1:06
1369 2781 1590 2838 πολλοῦ
1620 2782 1866 2853 καμάτου

210 2877 506 2934 ἀναπαύων
564 2875 614 2930 έν
682 2879 761 2947 τῷ
816 2873 987 2946 ἀσκίῳ
1043 2873 1222 2942 πάσης
1273 2869 1501 2945 ψευδοῦς
1535 2870 1867 2943 ὑπολήψεως

209 2968 352 3044 φωτὶ
412 2973 514 3035 τῆς
569 2962 912 3037 ἐπιγνώσεως
968 2982 1064 3015 σου
1097 3003 1111 3030 ,
1183 2964 1283 3014 τοῦ
1356 2966 1458 3030 τῆς
1513 2956 1862 3029 δικαιοσύνης

207 3055 427 3124 Ἡλίου,
459 3053 585 3114 τοὺς
619 3050 1098 3121 ἀπυπλανηθέντας
1143 3055 1243 3118 τῆς
1270 3045 1398 3103 ὁδοῦ
1436 3055 1536 3114 τῆς
1582 3045 1860 3118 ἀληθείας,

205 3145 296 3198 καὶ
360 3144 437 3206 εῗς
495 3139 777 3218 κρημνοὺς
827 3141 914 3194 καὶ
979 3140 1241 3215 βάραθρα,
1297 3138 1392 3200 τὰς
1445 3137 1686 3199 ἐναντίας
1717 3137 1861 3214 φημὶ

1903 1860 2012 1941 Βά

1975 578 2109 650 quis
2169 580 2345 636 rebus
2395 599 2428 637 a
2482 582 2596 639 Deo
2641 585 2762 640 sint
2802 588 3114 657 procreati.
3146 589 3635 665 Quandoquidem

1977 683 2182 723 omnes
2225 686 2349 740 quas
2383 687 2592 727 sumus
2637 673 2694 728 in
2747 675 2992 747 mundo,
3024 682 3326 748 creaturis,
3362 683 3484 739 sive
3529 702 3637 740 an-

1974 756 2118 827 geli,
2167 758 2291 812 sive
2350 758 2642 828 homines,
2692 763 2812 818 sive
2859 765 3177 834 dmmones,
3213 769 3333 825 sive
3383 770 3636 844 lapides,

1979 845 2200 902 ratione
2233 849 2547 904 creationis
2597 856 2876 923 tanquam
2911 854 3118 910 fratres
3149 874 3393 928 sumus;
3429 878 3634 920 omnes

1977 935 2129 990 enim
2162 953 2352 991 rerum
2386 937 2652 992 omnium
2687 938 2880 1011 opifex
2910 946 3062 998 Deus
3089 944 3222 1000 fecit
3261 951 3316 1001 et
3347 950 3633 1008 condidit.

1976 1023 2199 1078 Deinde
2228 1024 2365 1079 belli
2400 1027 2689 1083 rationem
2735 1029 2991 1086 declarat
3041 1032 3129 1088 his
3164 1035 3353 1092 verbis
3388 1054 3400 1092 :
3435 1040 3638 1095 Posue-

1976 1116 2112 1166 runt
2168 1130 2255 1169 me
2310 1115 2586 1170 custodem
2641 1118 2704 1171 in
2754 1120 2980 1174 vineis:
3019 1123 3236 1177 vineam
3293 1119 3637 1184 meam—non

1975 1202 2278 1257 custodivi.
2312 1202 2376 1258 In
2422 1205 2695 1275 paradiso
2727 1205 2940 1279 inquit,
2975 1210 3224 1267 formata
3248 1217 3306 1268 et
3335 1215 3635 1289 collocata,

1977 1294 2043 1344 ut
2094 1291 2462 1348 observarem
2521 1296 2868 1352 mandatum
2931 1298 3099 1369 illud,
3151 1319 3222 1357 ne
3269 1306 3632 1362 comederem

1978 1379 2412 1452 intempestive,
2444 1381 2630 1456 legem
2684 1402 2798 1441 non
2845 1389 3156 1460 custodivi,
3189 1394 3471 1450 mandato
3521 1412 3632 1451 non

1978 1468 2396 1541 obtemperavi.
2427 1472 2496 1527 Et
2526 1471 2649 1529 haec
2680 1474 2920 1547 quidem
2955 1492 3091 1532 cum
3122 1481 3349 1552 angelis
3380 1483 3462 1539 ita
3493 1499 3635 1540 con-

1975 1552 2362 1628 querebatur.

2567 1678 2753 1734 Trium
2794 1681 3047 1738 Patrum.

2049 1799 2183 1854 Jam
2231 1799 2396 1856 vinea
2447 1817 2594 1872 mea,
2629 1820 2662 1857 a
2709 1820 2827 1876 qua
2876 1823 2968 1862 me
3016 1808 3278 1880 divulsit,
3333 1811 3642 1886 multiplex

2024 1904 2222 1943 eorum
2271 1888 2487 1958 cultus,
2521 1895 2579 1946 et
2625 1890 2686 1946 in
2718 1908 2836 1962 qua
2868 1912 3072 1952 rursus
3125 1897 3305 1955 insita
3352 1917 3482 1956 sum
3540 1920 3644 1975 per

1984 1977 2183 2046 ﬁdem,
2206 1981 2426 2034 Nuntia
2450 1980 2590 2035 mihi
2608 1997 2769 2053 quem
2794 2000 2981 2040 amore
3005 1988 3291 2058 complexa
3315 1999 3394 2045 est
3424 1994 3640 2060 anima,

1981 2082 2101 2121 mea
2133 2067 2272 2122 dum
2306 2084 2374 2124 ex
2405 2085 2602 2125 rerum
2634 2087 2760 2143 quae
2792 2089 2971 2129 sensu
3004 2076 3431 2150 percipiuntur,
3464 2098 3640 2153 aspe-

1982 2162 2098 2228 ctu,
2123 2158 2193 2212 ad
2227 2175 2564 2230 earumque:
2599 2167 2794 2217 mente
2823 2167 2879 2218 et
2909 2165 3262 2236 cogitatione
3291 2175 3446 2224 recte
3475 2185 3641 2225 com-

1984 2245 2287 2318 prehensae
2329 2249 2398 2303 ad
2432 2249 2734 2306 veritatem
2767 2252 3012 2320 ducunt,
3043 2253 3498 2328 intelligentiam
3529 2259 3640 2314 tol-

1981 2336 2152 2404 litur;
2199 2337 2298 2391 ubi
2350 2355 2558 2410 pascas
2607 2340 2840 2397 virtutis
2896 2342 3092 2398 cibum
3152 2345 3361 2402 ovibus
3416 2347 3640 2405 ratione

1979 2424 2240 2496 praeditis
2291 2443 2633 2499 suggerens,
2668 2435 2726 2484 et
2776 2447 2940 2502 aquae
2980 2432 3121 2488 vivae
3169 2440 3371 2505 potum
3421 2453 3490 2491 ex
3542 2454 3640 2509 pe-

1980 2513 2145 2568 renni
2190 2514 2351 2570 fonte
2385 2517 2672 2588 praebens.
2704 2523 2781 2573 Tu
2826 2519 2980 2574 enim
3015 2522 3539 2592 (quemadmodum
3569 2525 3630 2582 in

1977 2602 2306 2675 Evangeliis
2366 2605 2679 2678 proﬁteris)
2739 2624 2854 2663 non
2911 2609 3104 2665 solum
3162 2611 3298 2668 vitis
3354 2629 3449 2682 es,
3525 2615 3626 2670 sed

1975 2695 2154 2746 etiam
2189 2693 2377 2750 bonus
2409 2693 2506 2750 ille
2535 2700 2735 2766 pastor
2751 2697 2791 2767 ⁵,
2824 2697 2924 2768 qui
2970 2699 3142 2769 ponis
3174 2700 3432 2758 animam
3464 2707 3632 2758 tuam

1976 2796 2081 2850 pro
2133 2781 2340 2837 ovibus
2378 2783 2513 2838 tuis.
2549 2783 2797 2840 Ubinam
2832 2787 3025 2857 pascis
3081 2789 3140 2843 in
3191 2790 3458 2858 meridie,
3491 2792 3634 2846 dum

1977 2869 2139 2924 omni
2176 2870 2452 2928 falsitatis
2496 2873 2709 2928 umbra
2748 2875 3038 2943 discussa,
3076 2881 3137 2932 tu
3169 2878 3271 2949 qui
3302 2895 3364 2934 es
3387 2879 3634 2950 justitiaa

1978 2957 2096 3027 Sol,
2120 2975 2256 3015 oves
2276 2959 2347 3014 de
2371 2960 2634 3018 veritatis
2663 2962 2756 3018 via
2776 2963 3159 3032 declinantes,
3186 2968 3634 3041 praecipitesque

1974 3045 2035 3102 in
2067 3048 2412 3118 opinionum
2463 3051 2926 3121 perniciosarum
2979 3055 3324 3111 barathrum
3373 3063 3632 3129 ruentes,

1971 3136 2324 3208 cognitionis
2374 3142 2487 3194 tuae
2515 3139 2647 3194 luce
2687 3141 3013 3212 perfundis,
3047 3148 3104 3199 et
3133 3161 3166 3198 a
3197 3145 3394 3200 labors
3443 3145 3626 3203 nimio

205 3231 389 3303 δόξας,
445 3231 857 3306 κατασυρέντας.
900 3231 1032 3285 Εἶτα
1072 3226 1305 3291 θέλουσα
1348 3228 1448 3296 τήν
1501 3226 1673 3282 αἰτίαν
1727 3227 1857 3281 ἀνα-

1976 3226 2254 3282 recreas?
2307 3230 2475 3294 Tum,
2535 3233 2599 3284 ut
2652 3246 2890 3286 causam
2948 3231 3182 3301 doceat,
3238 3237 3623 3305 quamobrem

204 3319 448 3391 διδάξαι,
475 3317 545 3374 δι’
577 3321 636 3388 ἦν
673 3322 823 3388 ζητεῖ
857 3322 1044 3389 μαθεῖν
1074 3317 1166 3372 τὸν
1193 3317 1361 3373 τόπον
1392 3315 1442 3370 ἐν
1493 3317 1539 3388 ᾦ
1581 3316 1862 3388 ποιμαίνει

199 3432 257 3465 τε
287 3411 378 3465 καί
413 3409 676 3477 κοιτάζει,
709 3408 783 3469 ὡς
815 3403 1049 3480 εἷ’ρηται,
1081 3406 1108 3460 ὁ
1139 3404 1307 3467 καλὸς
1340 3407 1573 3477 ποιμὴν,
1609 3405 1858 3482 φησί’Μή

206 3521 340 3554 ποτε
372 3498 616 3572 γένωμαι
650 3496 723 3557 ὡς
758 3490 1207 3570 περιϐαλλομένη
1243 3492 1326 3548 ἐπ’
1365 3493 1584 3568 ἀγέλαις
1634 3493 1856 3570 ἑταίρων

205 3609 324 3656 σου,
366 3585 560 3661 ἤγουν,
591 3587 820 3655 Μήποτε
851 3583 902 3638 ἐν
933 3589 1012 3655 τῷ
1049 3590 1148 3652 τῆς
1177 3589 1278 3651 σῆς
1308 3579 1658 3643 διδασκαλίας
1692 3582 1860 3655 ἀμοι-

205 3685 393 3753 ρῆσαι,
424 3673 672 3751 γένωμαι
705 3674 780 3735 ὡς
809 3670 1004 3747 ψεῦδος
1036 3668 1358 3744 ἐνδεδυμένη
1409 3670 1491 3725 ἐπ’
1542 3668 1859 3747 ἀλλοτρίαις

201 3770 300 3820 τοῦ
330 3769 431 3819 σοῦ
461 3763 721 3836 ποιμνίου
771 3761 1014 3837 ἀγέλαις,
1060 3768 1160 3831 τῆς
1213 3759 1429 3837 ἀγνοίας
1469 3767 1569 3830 τῆς
1601 3759 1860 3830 ἀληθείας

205 3851 652 3932 συναγελασάσης
686 3872 774 3924 με.

848 3977 959 4032 T06
991 3980 1044 4028 Ψ
1048 3972 1234 4031 ελλοῦ.

267 4097 336 4153 Ἠ
396 4095 587 4171 νύμφη
658 4096 808 4167 γοῦν,
860 4089 1182 4165 προκόψασα
1233 4091 1425 4164 μικρὸν
1477 4090 1526 4144 έν
1578 4112 1857 4164 μετανοιᾳ,

199 4191 372 4260 φωνεῖ
441 4181 674 4258 μεγάλα,
723 4181 812 4236 καὶ
865 4185 1015 4252 ζητεῖ
1076 4181 1167 4235 τὸν
1225 4179 1402 4254 Λόγον
1451 4179 1540 4234 καὶ
1596 4181 1853 4259 νυμφίον.

199 4275 347 4344 Φησὶ
394 4273 498 4349 γάρ
557 4269 701 4325 οὕτω
763 4270 900 4343 πρὸς
958 4268 1142 4337 αὐτὸν,
1202 4267 1383 4342 ὥσπερ
1411 4268 1586 4344 ἐρῶσα
1640 4274 1853 4325 τοῦτον·

196 4359 566 4437 Ἀπάγγειλόν
634 4380 728 4432 μοι
781 4359 838 4414 ὃν
894 4359 1177 4433 ἠγάπησεν
1236 4361 1271 4427 ἡ
1324 4360 1476 4433 ψυχή
1549 4380 1692 4431 μου,
1750 4364 1856 4414 ποῦ

195 4452 540 4524 ποιμαίνεις,
626 4451 733 4502 1:06
803 4448 1072 4516 κοιτάζεις
1128 4447 1180 4500 ἐν
1242 4443 1600 4523 μεσημϐρίᾳ;
1655 4450 1851 4519 Φησίν·

195 4543 281 4598 ’Βν
314 4542 480 4614 τάχει
535 4539 660 4612 Λέγε
722 4557 836 4610 μοι,
870 4540 975 4590 ποῦ
1005 4535 1334 4608 ποιμαίνεις,
1366 4538 1471 4591 ποῦ
1500 4539 1792 4610 κοιτάζεις,
1826 4540 1852 4594 ὁ

196 4631 375 4704 Λόγος
429 4628 488 4682 ὃν
535 4627 798 4702 ἠγάπησα
849 4629 1036 4700 ψυχῆς
1080 4624 1246 4693 αὐτῆς
1280 4623 1340 4679 ἐκ
1373 4626 1564 4699 μέσης.
1617 4628 1706 4683 Ἐν
1758 4648 1855 4700 με-

196 4715 452 4794 σημϐρίᾷ
511 4718 587 4791 μή
649 4737 782 4770 ποτε
836 4717 1128 4784 κοιτάζεις,
1181 4715 1497 4793 ὧνυμφίε;
1553 4715 1850 4789 Πέπεισμαι

192 4811 293 4884 γάρ
338 4810 595 4880 καθαρῶς
647 4803 700 4860 ἐν
753 4798 1070 4879 μεσημϐρίᾳ
1133 4802 1330 4875 μένειν,
1394 4802 1561 4879 ἤγουν
1616 4805 1690 4866 εἷς
1739 4811 1852 4883 φῶς

193 4896 496 4973 ἀπρόσιτον
535 4892 664 4967 μηδ’
716 4892 862 4956 ὅλως
895 4893 1049 4947 σκιάν
1101 4889 1254 4968 ἕχον.
1301 4894 1467 4957 Ἔνθα
1513 4894 1579 4948 τά
1609 4891 1855 4969 πρόϐατα

189 4987 256 5041 τά
285 4987 358 5041 σά
387 4984 727 5056 ποιμαίνεις,
780 4985 915 5036 Θεοῦ
963 4980 1122 5059 Λόγε,
1170 4981 1259 5036 καὶ
1309 4983 1660 5048 κατατάττεις
1716 4983 1854 5052 ἀλη-

191 5081 302 5138 θῶς
332 5075 477 5153 φωτὶ
510 5076 608 5127 τοῦ
656 5075 752 5126 σοῦ
784 5071 1083 5146 προσώπου
1124 5070 1184 5126 ἃν
1234 5071 1286 5125 ἐν
1340 5070 1526 5145 ἐκείνῳ
1580 5075 1852 5151 φθάσωσιν

187 5168 365 5219 ταῦτά
417 5183 504 5217 σοι
560 5165 942 5225 καθυπνοῦντι.
989 5162 1124 5216 Εἱτα
1164 5162 1266 5230 τήν
1322 5159 1534 5232 πλάνην
1582 5164 1858 5238 τρέμουσα

188 5257 289 5317 τῆς
352 5251 490 5325 πρὸς
552 5248 754 5304 ἐκεῖνον
803 5243 1021 5323 τρίϐου,
1083 5250 1214 5328 φησὶ
1265 5251 1426 5305 τούτο
1484 5251 1620 5326 πρὸς
1670 5251 1854 5324 αὐτὸν,

190 5342 443 5396 τουτέστι
508 5338 602 5392 τὸν
649 5337 906 5414 νυμφίον’
959 5339 1052 5408 Μή
1107 5359 1239 5394 ποτε
1286 5340 1530 5414 γένωμαι
1587 5339 1661 5402 ὡς
1701 5362 1854 5416 περι-

196 5427 538 5499 πλανωμένη
609 5427 694 5481 ἐπ’
767 5424 991 5502 ἀγέλαις
1064 5427 1288 5502 ἑταίρων
1371 5449 1486 5484 σου.
1561 5431 1674 5499 Τὴν
1747 5435 1854 5485 τῶν

197 5511 494 5594 προϐάτων
526 5535 624 5569 σου
653 5515 848 5588 νομὴν,
884 5515 1072 5592 φησὶν,
1100 5516 1430 5593 ἀπάγγειλον
1464 5539 1580 5591 μοι.
1632 5516 1858 5576 Δέδοικα

270 5695 292 5730 ⁵
322 5695 497 5753 Joan.
533 5711 613 5764 x1,
646 5693 732 5749 14.

1885 4585 1934 4650 D

1971 3318 2368 3385 percontetur,
2401 3334 2515 3388 quo
2554 3318 2615 3372 in
2665 3318 2792 3375 loco
2842 3325 3065 3391 pascat,
3097 3326 3155 3378 et
3185 3323 3378 3393 cubet,
3411 3328 3476 3380 ut
3505 3325 3626 3381 dic-

1974 3411 2098 3459 tum
2128 3409 2238 3472 est,
2272 3405 2462 3474 bonus
2508 3412 2710 3478 pastor
2742 3427 2755 3465 :
2787 3411 2866 3466 Ne
2910 3412 3151 3482 quando,
3187 3413 3400 3485 inquit,
3446 3416 3628 3473 veluti

1969 3494 2343 3549 circumventa
2384 3495 2757 3567 deprehendar
2786 3499 2931 3556 inter
2959 3517 3150 3571 greges
3176 3503 3453 3559 sodalium
3491 3512 3624 3560 tuo-

1970 3599 2116 3652 rum,
2149 3582 2258 3638 hoc
2304 3589 2412 3639 est.
2447 3585 2528 3640 Ne
2577 3589 2812 3657 quando
2869 3589 3070 3660 procul
3122 3607 3155 3646 a
3206 3591 3472 3648 doctrina
3523 3601 3624 3649 tua

1971 3675 2215 3738 remota,
2249 3673 2572 3730 mendaciis
2621 3676 3073 3733 circumscribar
3113 3678 3266 3735 inter
3309 3696 3517 3751 greges
3550 3685 3622 3738 ab

1972 3760 2107 3815 ovili
2146 3763 2445 3831 sejunctos
2494 3768 2616 3833 tuo,
2648 3766 2912 3822 veritatis
2961 3766 3198 3823 inscitia
3227 3784 3321 3824 me
3370 3770 3441 3824 ad
3491 3769 3622 3826 illos

1971 3855 2346 3923 aggregante.

2690 3977 2889 4034 Psellz’.

2041 4092 2267 4161 Sponsa
2306 4091 2506 4166 igitur,
2539 4109 2671 4149 cum
2725 4093 2967 4165 paulum
2999 4094 3058 4150 in
3092 4096 3439 4168 poenitentia
3487 4115 3621 4170 pro-

1967 4197 2171 4253 gressa
2202 4181 2298 4249 sit,
2326 4199 2541 4253 magna
2571 4181 2850 4253 loquitur,
2873 4187 2928 4240 et
2950 4185 3208 4241 Verbum
3233 4203 3301 4242 ac
3323 4188 3620 4259 Sponsum

1968 4271 2194 4342 quaerit.
2227 4271 2322 4327 Sic
2372 4272 2532 4327 enim
2564 4272 2782 4345 ipsum,
2814 4276 3096 4346 tanquam
3130 4292 3327 4332 amore
3373 4277 3433 4332 in
3483 4293 3619 4333 eum

1965 4359 2226 4429 incitata,
2258 4360 2575 4433 compellat
2606 4379 2618 4416 :
2656 4362 2845 4418 Indica
2873 4364 3037 4429 mihi,
3068 4380 3230 4436 quem
3263 4365 3468 4422 dilexit
3496 4369 3620 4423 ani-

1965 4467 2055 4505 ma
2089 4467 2232 4521 mea,
2262 4450 2366 4506 ubi
2390 4466 2603 4521 pascas,
2634 4451 2731 4506 ubi
2772 4453 2931 4508 cubes
2959 4455 3021 4506 in
3059 4455 3310 4510 meridie.
3345 4457 3620 4510 Actutum

1966 4539 2078 4610 die,
2122 4539 2337 4611 inquit,
2372 4539 2539 4609 mihi,
2575 4539 2674 4594 ubi
2723 4541 2938 4611 pascis,
2971 4541 3070 4595 ubi
3104 4546 3306 4611 cubas,
3340 4543 3620 4614 Verbum,

1967 4629 2120 4699 quod
2177 4645 2245 4684 ex
2297 4629 2507 4683 intima
2554 4628 2754 4683 anima
2804 4628 2978 4684 dilexi
3025 4646 3173 4684 mea.
3207 4631 3507 4702 Numquid
3560 4633 3621 4687 in

1963 4717 2204 4772 meridie
2236 4716 2513 4788 quiescis,
2546 4733 2761 4787 sponse
2793 4717 2917 4772 mi?
2950 4719 3300 4774 Persuasum
3334 4721 3490 4776 enim
3519 4720 3622 4776 hac

1963 4806 2093 4876 beo,
2123 4809 2178 4860 te
2211 4806 2436 4877 puriter
2474 4804 2799 4870 meridiari,
2832 4805 2888 4860 in
2939 4805 3068 4862 luce
3123 4806 3402 4863 nimirum
3452 4808 3614 4864 inac-

1963 4911 2148 4964 cessa,
2183 4896 2254 4949 ab
2295 4895 2451 4949 omni
2502 4911 2743 4964 prorsus
2793 4895 3002 4950 umbra
3049 4899 3294 4952 remota.
3330 4897 3436 4952 Ubi
3483 4914 3619 4954 oves

1963 4986 2096 5038 tuas
2129 4982 2340 5054 pascis,
2373 4983 2474 5038 Dei
2505 4983 2780 5051 Verbum,
2815 5000 2881 5039 ac
2922 5000 3053 5039 vere
3083 4984 3347 5040 illustras
3397 4985 3617 5043 lumine

1965 5088 2227 5145 personae
2259 5077 2390 5140 tuae,
2425 5071 2473 5128 si
2505 5071 2565 5126 in
2593 5071 2692 5127 illo
2724 5073 2796 5127 ad
2827 5077 2883 5128 te
2915 5071 3317 5145 quiescentem
3351 5091 3615 5132 accesse-

1965 5162 2103 5216 rint.
2140 5166 2346 5217 Postea
2375 5161 2820 5233 pertimescens,
2839 5178 2910 5217 ne
2936 5163 3164 5218 aberret
3195 5181 3228 5220 a
3251 5164 3460 5220 semita
3491 5182 3618 5236 quae

1967 5251 2038 5306 ad
2070 5266 2352 5323 sponsum
2387 5249 2568 5313 ducit,
2605 5249 2724 5306 haec
2765 5250 2904 5305 item
2939 5252 3010 5306 ad
3061 5251 3226 5306 illum
3258 5253 3435 5309 verba
3484 5270 3616 5324 pro-

1967 5339 2248 5395 nuntiat:
2289 5340 2366 5395 Ne
2395 5340 2612 5410 quando
2659 5340 2922 5396 oberrans
2970 5342 3030 5396 in
3076 5341 3348 5397 sodalium
3395 5351 3617 5399 tuorum

1965 5444 2152 5499 greges
2194 5432 2497 5497 incurram,
2533 5428 2726 5483 ovium
2763 5433 2999 5484 tuarum
3032 5447 3315 5502 pascuum
3349 5432 3616 5488 demons-

1967 5521 2058 5574 tra
2101 5516 2266 5573 mihi.
2300 5521 2518 5572 Vereor
2549 5517 2724 5591 enim,
2749 5533 2820 5572 ne
2854 5534 3063 5576 cursus
3117 5535 3311 5576 errore
3350 5526 3622 5594 provecta
