4072 6346
486 384 595 443 551

1822 377 2250 440 MICHAELIS
2293 376 2567 439 PSELLI

3775 382 3897 443 532

486 519 691 588 praeter
722 531 885 587 spem
917 513 976 568 in
1000 528 1201 585 greges
1227 515 1284 567 et
1314 527 1531 584 pascua
1555 510 1798 566 forsitan
1826 510 2114 565 haedorum

2240 506 2340 583 γάρ
2405 508 2480 580 μὴ
2537 506 2806 580 πλανηθῷ
2860 504 3140 583 δραμοῦσα
3199 515 3325 584 παρ’
3379 507 3577 565 ἐλπίδα
3630 512 3765 587 πρὸς
3798 514 3894 576 τὰς

483 607 663 673 terer;
698 611 874 675 alque
906 602 986 657 ita
1015 601 1248 673 lengius
1277 599 1523 655 divellar
1560 599 1632 655 ab
1665 600 1872 655 ovibus
1902 599 2044 668 tuis,
2078 602 2135 653 et

485 694 757 750 sinistras
787 691 1084 747 haedorum
1119 694 1315 762 partes
1346 689 1666 755 obtineam,
1686 704 1820 743 cum
1854 692 2130 757 tanquam

479 781 727 838 humani
758 778 991 852 generis
1028 779 1214 850 judex
1252 777 1495 833 sederis.
1529 778 1659 832 Htec
1691 777 1889 832 anima
1921 775 2135 847 pudica

480 876 535 927 et
564 870 789 926 Christo
821 868 1178 939 desponsata
1209 867 1280 921 ad
1308 867 1601 938 Sponsum
1633 865 1831 921 locuta
1851 868 1961 933 est,
1986 879 2135 919 com-

481 962 627 1016 mori
659 957 925 1014 celeriter
966 973 1100 1012 cum
1142 956 1270 1028 ipso
1301 955 1565 1028 cupiens.
1599 954 1682 1010 Tu
1736 959 1933 1011 autem
1984 951 2129 1008 mihi

479 1064 755 1121 sponsam
789 1047 1002 1120 cogita,
1029 1051 1094 1101 ut
1122 1046 1180 1100 in
1212 1050 1583 1118 argumento,
1613 1049 1834 1100 castam
1869 1042 2129 1098 animam

476 1138 665 1205 illam,
695 1153 830 1191 cum
883 1151 1092 1205 magno
1135 1133 1311 1189 Paulo
1360 1134 1431 1189 ad
1483 1133 1720 1188 tertium
1770 1131 2004 1197 omium,
2038 1149 2129 1186 ar-

476 1245 621 1283 cana
652 1226 875 1282 ratione
908 1223 1226 1291 sublatam,
1261 1239 1530 1295 superna:
1564 1221 1914 1288 Jerusalem,
1948 1220 2005 1276 id
2040 1226 2130 1277 est

476 1314 733 1387 angelos.
770 1314 882 1370 Sed
931 1313 1260 1382 videamus,
1293 1310 1435 1383 quid
1480 1310 1680 1365 dicant
1726 1309 1901 1364 etiam
1955 1309 2129 1364 amici

478 1403 705 1476 sponsi,
728 1418 876 1474 quos
906 1400 1073 1455 initio
1095 1398 1352 1453 diximus
1379 1413 1506 1453 esse
1540 1396 1688 1451 tilias
1713 1413 1727 1452 :
1752 1400 1807 1450 et
1837 1395 2129 1466 quomodo

480 1492 684 1565 sponsi
711 1490 903 1546 cubile
925 1491 1352 1545 demonstrent.
1385 1486 1484 1541 His
1516 1486 1672 1541 enim
1702 1485 1893 1540 verbis
1922 1501 2128 1557 puram

476 1582 762 1653 virginem
798 1578 1180 1649 alloquuntur
1212 1594 1225 1631 :

2244 593 2443 669 ἀγέλας
2493 597 2581 650 καὶ
2632 595 2805 669 νομάς
2846 594 2975 658 ἴσως
3015 596 3110 660 τὰς
3150 602 3259 653 τῶν
3314 596 3511 676 ἐρίφων
3539 617 3552 631 ·
3611 600 3894 664 κάντεῦθεν

2244 682 2600 758 ἐλαθήσωμαι
2668 684 2874 760 μακρὰν
2929 690 3037 741 τῶν
3099 691 3206 741 σῶν
3266 682 3579 762 προϐάτων,
3632 688 3723 743 καὶ
3782 695 3893 746 τῶν

2245 770 2443 851 ἐρίφων
2474 770 2718 848 κερδανῶ
2747 774 2841 836 τὰς
2874 773 3189 847 εὐωνύμους
3227 776 3444 850 μοίρας,
3490 776 3614 833 ὅταν
3665 777 3894 854 καθίσῃς

2242 861 2316 922 ὡς
2367 864 2559 937 κριτὴς
2612 867 2710 918 τοῦ
2768 862 2959 939 γένους
3014 869 3121 920 τῶν
3182 864 3506 939 ἀνθρώπων.
3560 869 3741 925 Ταῦτα
3798 870 3894 941 μὲν

2242 949 2331 1004 οὗν
2387 950 2670 1026 ἐφθέγξατο
2731 951 2947 1014 πάντως
3014 955 3151 1028 πρὸς
3200 955 3289 1009 τὸν
3321 954 3551 1033 νυμφίον
3602 958 3637 1027 ἡ
3689 959 3892 1034 παρθε-

2238 1038 2465 1094 νεύουσα
2509 1042 2661 1117 ψυχὴ
2712 1040 2804 1095 καὶ
2864 1041 3416 1121 νυμφοστολισθεῖσα,
3446 1044 3533 1100 καὶ
3568 1045 3889 1121 βουλομένη

2239 1132 2319 1200 τῷ
2350 1133 2565 1205 Χριστῷ
2609 1132 2756 1207 τάχα
2804 1133 3262 1204 συννικρωθῆναι.
3314 1133 3389 1188 Συ
3440 1131 3497 1189 δέ
3531 1155 3621 1207 μοι
3669 1135 3889 1214 νύμφην

2239 1217 2439 1287 νόησον
2465 1217 2645 1295 ὥσπερ
2678 1220 2729 1274 ἐν
2776 1220 3026 1284 ὑποθέσει
3064 1223 3164 1291 τήν
3198 1223 3630 1298 παρθενεύουσαν
3674 1228 3886 1300 ψυχὴν,

2237 1308 2337 1376 τὴν
2369 1312 2465 1362 τοῦ
2498 1308 2737 1383 μεγάλου
2792 1309 3015 1366 Παύλου
3043 1314 3140 1365 τοῦ
3178 1311 3313 1386 πρὸς
3361 1312 3490 1375 τοὺς
3538 1312 3754 1387 τρίτους
3802 1316 3888 1371 οὐ·

2240 1396 2429 1473 ρανοὺς
2471 1396 2727 1473 ἀρθέντος
2775 1398 3102 1476 ἀποῤῥήτως
3157 1408 3259 1470 τῆς
3316 1398 3427 1456 ἅνω
3479 1401 3885 1477 Ἰερουσαλὴμ,

2237 1487 2479 1541 τουτέστι
2532 1487 2658 1549 τοὺς
2716 1486 3008 1565 ἀγγέλους.
3049 1486 3203 1545 Ἀλλ’
3252 1488 3454 1563 ἴδωμεν
3485 1492 3575 1545 καὶ
3617 1492 3670 1547 τί
3726 1515 3886 1570 φασιν

2240 1575 2291 1627 οἱ
2353 1573 2509 1652 φίλοι
2559 1576 2656 1630 τοῦ
2713 1575 2973 1654 νυμφίου,
3018 1577 3108 1632 καὶ
3152 1579 3270 1642 πῶς
3317 1576 3653 1635 διδάσκουσιν
3712 1582 3884 1652 αὐτὴν

474 1673 575 1740 τήν
607 1671 797 1739 κοίτην
828 1672 924 1723 τοῦ
955 1666 1211 1745 νυμφίου,
1247 1664 1339 1728 οὕς
1368 1665 1483 1719 κατ’
1512 1662 1688 1739 ἀρχὰς
1721 1662 2014 1736 ε”ρήκαμεν
2044 1666 2140 1717 τοῦ
2172 1663 2351 1740 Λόγου
2383 1665 2699 1740 θυγατέρας.
2736 1667 2875 1722 Φασὶ
2904 1667 3004 1744 γάρ
3037 1667 3181 1723 οὕτω
3210 1669 3350 1745 πρὸς
3379 1669 3545 1739 αὐτὴν
3577 1673 3675 1740 τήν
3719 1685 3885 1737 καθα-

477 1760 571 1836 ράν
604 1757 888 1833 παρθένον.

546 1866 603 1922 Sz
652 1869 875 1937 ignoras
922 1871 970 1919 te
1011 1864 1215 1934 ipsam,
1265 1879 1298 1915 ο
1344 1860 1583 1934 pulchra
1640 1861 1787 1915 inter
1844 1860 2122 1930 mulieres,
2158 1877 2201 1943 Β

472 1955 732 2027 egredere
760 1963 818 2009 tu
850 1956 911 2009 in
942 1954 1187 2022 vestigiis
1214 1967 1441 2023 gregum
1473 1958 1715 2018 tuorum,
1739 1957 1793 2004 et
1816 1965 1979 2021 pasce
2006 1949 2122 2006 hx-

472 2045 570 2100 dos
600 2054 718 2100 tuos
750 2045 809 2098 in
842 2041 1227 2098 tabernaculis
1252 2049 1558 2113 pastorum.

541 2226 586 2279 0
630 2226 816 2292 casta,
866 2220 1167 2292 inquiunt,
1218 2218 1418 2274 anima
1465 2234 1532 2273 ac
1578 2217 1934 2285 veneranda,
1965 2215 2012 2271 si
2047 2216 2119 2271 ad

472 2312 668 2367 ovium
721 2327 925 2383 greges
984 2308 1150 2380 cupis
1206 2306 1527 2380 pervenire,
1577 2322 1753 2361 nosce
1801 2309 1858 2360 te
1905 2305 2118 2375 ipsam,

470 2400 664 2473 qualis
697 2400 848 2455 facta
895 2399 997 2467 sis,
1020 2414 1154 2452 cum
1208 2400 1382 2453 antea
1429 2394 1578 2450 nihil
1626 2394 1865 2450 omnino
1917 2394 2118 2462 fueris,

470 2491 765 2561 quomodo
812 2488 1039 2544 Domini
1101 2486 1360 2557 imagine
1415 2485 1499 2539 sis
1548 2485 1837 2539 decorata.
1872 2483 2118 2539 Omnem

471 2579 679 2634 mundi
739 2579 1001 2633 fraudem
1051 2575 1301 2641 declina,
1337 2580 1393 2629 et
1441 2573 1688 2646 vestigia
1739 2588 1983 2645 gregum
2034 2571 2117 2627 sic

468 2667 727 2739 explora,
763 2670 826 2721 ut
874 2682 1001 2738 quas
1050 2665 1121 2721 ad
1155 2664 1307 2719 viam
1358 2662 1611 2734 amplam
1663 2662 1961 2733 latamque
2006 2662 2118 2716 du-

467 2761 628 2825 cunt,
676 2754 968 2825 despicias
1026 2758 1201 2825 atque
1247 2752 1489 2808 oderis:
1535 2754 1673 2807 sunt
1720 2750 1874 2806 enim
1922 2750 2116 2806 haedo-

468 2862 621 2901 rum.
656 2845 791 2909 Quae
822 2859 955 2899 vero
1000 2843 1071 2898 ad
1122 2840 1331 2896 callem
1362 2844 1683 2912 angustum
1730 2844 1905 2912 atque
1946 2856 2114 2911 aspe-

470 2951 601 2990 rum
654 2934 927 2999 tendunt,
992 2930 1206 3003 diligas
1264 2932 1322 2985 et
1378 2928 1785 3001 complecteris
1849 2945 1863 2984 :
1918 2928 2114 2985 ovium

468 3024 624 3080 enim
678 3026 835 3079 sunt.
887 3020 1134 3078 Proinde
1181 3035 1338 3089 cave,
1379 3034 1451 3073 ne
1498 3018 1800 3074 hisdorum
1852 3018 2116 3091 vestigiis

470 3111 782 3184 decipiare.

991 3218 1074 3272 Ex
1104 3215 1280 3272 tribus
1308 3215 1589 3271 Patribus.

538 3307 921 3377 Respondeas
952 3304 1132 3377 igitur
1152 3305 1223 3360 ad
1246 3304 1398 3360 hanc
1418 3320 1486 3360 ex
1511 3302 1786 3378 gentibus
1808 3301 2111 3358 collectam

465 3394 783 3451 Ecclesiam
819 3395 1024 3450 Pastor
1061 3393 1273 3461 bonus,
1304 3400 1358 3447 et
1402 3397 1667 3465 Sponsus
1698 3391 1888 3464 ipsius
1921 3405 1936 3450 :
1970 3390 2114 3445 Sile

466 3486 671 3557 ipsam,
705 3482 918 3555 inquit,
951 3498 1059 3537 non
1104 3483 1292 3538 nosti:
1321 3482 1369 3536 si
1421 3481 1655 3553 ignoras
1704 3485 1759 3536 te
1812 3480 2021 3551 ipsam,
2051 3479 2108 3534 in

464 3590 582 3645 qua
612 3589 714 3645 ego
746 3572 846 3645 qui
876 3570 1282 3627 circumscribi
1313 3586 1560 3643 nequeo,
1590 3570 1921 3641 descriptus
1950 3580 2109 3637 sum,

463 3668 520 3720 et
549 3663 704 3719 sicut
745 3662 805 3718 in
838 3660 1097 3734 imagine
1140 3660 1546 3733 archetypum,
1578 3675 1785 3715 cernor
1818 3675 1830 3713 :
1862 3662 1919 3713 et
1951 3674 1984 3713 a
2014 3674 2108 3711 ra-

462 3753 619 3809 tione
645 3751 865 3807 alienos
891 3767 1102 3807 sensus
1124 3754 1257 3805 tuos
1288 3748 1515 3821 corrigo
1541 3765 1553 3804 :
1578 3754 1634 3804 et
1655 3746 2110 3803 comminatione

461 3842 629 3915 quasi
659 3841 840 3914 virga,
868 3839 1295 3913 promissisque
1319 3843 1597 3910 tanquam
1630 3835 1830 3892 ﬁstula
1856 3838 1925 3891 ad
1949 3840 2111 3893 aeter-

459 3949 565 3986 nas
592 3935 647 3987 te
671 3930 869 3987 caulas
893 3931 1064 4000 duco,
1090 3930 1145 3983 in
1174 3927 1389 4001 quibus
1415 3928 1674 3983 secundo
1700 3927 1951 3982 adventu
1981 3942 2107 3982 meo

457 4024 512 4077 te
546 4020 756 4076 faciam
797 4019 1229 4091 conquiescere,
1262 4034 1394 4073 cum
1429 4020 1669 4089 propter
1712 4014 2108 4088 incorruptio-

459 4126 591 4164 nem
628 4114 800 4181 atque
831 4106 1333 4164 immortalitatem
1369 4105 1532 4160 nulla
1560 4109 1615 4161 te
1643 4105 1854 4160 umbra
1885 4108 2110 4176 pertur-

456 4198 761 4254 bationum
813 4196 1141 4270 occupabit.
1178 4196 1217 4252 0
1245 4195 1485 4267 pulchra
1533 4196 1680 4250 inter
1726 4194 2008 4262 mulieres,
2044 4210 2109 4249 ac

456 4288 724 4361 speciosa
768 4290 1005 4360 propter
1033 4286 1209 4341 ﬁdem
1241 4289 1298 4339 et
1328 4284 1675 4339 cbaritatem
1731 4298 1868 4355 erga
1901 4299 2014 4353 me,
2048 4283 2108 4338 in

453 4376 614 4432 omni
644 4381 816 4449 gente
847 4373 1210 4430 inﬁdelitatis
1241 4372 1442 4429 morbo
1480 4371 1805 4440 laborante,
1830 4376 1886 4428 et
1915 4371 2110 4427 carnis

451 4465 853 4538 voluptatibus
894 4462 1175 4531 involuta,
1209 4462 1473 4532 egredere
1506 4467 1587 4516 tu.
1622 4462 1731 4530 Tu,
1766 4460 2028 4531 inquam,
2059 4478 2111 4534 si

453 4554 560 4611 tibi
586 4572 646 4612 es
678 4554 997 4627 incognita,
1024 4552 1072 4608 si
1100 4551 1449 4625 mysterium
1476 4554 1643 4605 tuum
1668 4549 1967 4606 intellectu
1998 4567 2113 4606 non

2304 1860 2426 1917 Ἐάν
2489 1863 2565 1934 μὴ
2637 1866 2781 1937 γνῶς
2845 1866 3111 1934 σεαυτὴν,
3185 1866 3219 1935 ἡ
3280 1863 3425 1935 καλὴ
3490 1866 3541 1923 ἐν
3614 1870 3880 1943 γυναιξέν,

2233 1948 2411 2023 ἔξελθε
2483 1949 2546 2005 τὺ
2622 1950 2673 2005 ἐν
2740 1953 2993 2029 πτέρναις
3066 1958 3175 2009 τῶν
3243 1956 3516 2029 ποιμνίων
3590 1979 3706 2030 σου,
3789 1963 3878 2016 καὶ

2230 2037 2495 2112 ποίμαινε
2564 2038 2692 2103 τοὺς
2762 2039 2982 2120 ἐρίφους
3058 2063 3154 2098 σου
3221 2042 3308 2098 ἐπὶ
3391 2048 3714 2121 σκηνώμασῖ
3768 2054 3879 2106 τῶν

2230 2148 2301 2182 πο
2311 2150 2324 2181 ι
2336 2129 2508 2200 μένων
2521 2171 2534 2183 .

2299 2218 2366 2271 Ὦ
2416 2217 2817 2293 παρθενεύουσα
2862 2221 3039 2295 ψυχή,
3073 2222 3222 2299 φασὶ,
3272 2221 3361 2277 καὶ
3403 2218 3691 2297 σεϐασμία,
3722 2226 3879 2304 εἴπερ

2229 2307 2414 2370 ποθεῖς
2482 2303 2806 2363 καταλαϐεῖν
2876 2307 3077 2384 ἀγέλας
3148 2315 3255 2366 τῶν
3330 2307 3643 2386 προϐάτων,
3701 2303 3880 2390 γνῶθι

2229 2396 2432 2465 σαυτήν
2487 2395 2571 2458 τίς
2627 2397 2889 2471 πέφυκας,
2937 2399 2999 2454 τὸ
3058 2399 3182 2474 πρὶν
3245 2398 3358 2455 οὔδ’
3418 2400 3563 2465 ὅλως
3596 2401 3749 2473 οὖσα,
3784 2406 3877 2461 καὶ

2228 2487 2342 2545 πῶς
2399 2483 2557 2539 είκὼν
2609 2485 2897 2559 τετίμησαι
2953 2489 3242 2564 τυγχάνειν
3292 2493 3387 2544 τοῦ
3432 2491 3722 2562 Δεσπότου,
3784 2495 3877 2550 καὶ

2226 2570 2405 2641 πάσης
2464 2574 2886 2645 μετανάστευσον
2955 2578 3054 2645 τῆς
3129 2585 3402 2651 κοσμικῆς
3468 2579 3701 2652 ἀπάτης,
3780 2586 3874 2639 καὶ

2228 2657 2384 2735 δεῦρο
2414 2659 2850 2719 κατασκόπευσον
2884 2662 3010 2740 ἴχνη
3059 2665 3126 2720 τὰ
3153 2670 3261 2722 τῶν
3310 2670 3607 2741 ποιμένων,
3656 2672 3747 2726 καὶ
3808 2674 3877 2729 τὰ

2229 2750 2324 2822 μὶν
2354 2746 2481 2805 ὄντα
2510 2752 2646 2825 πρὸς
2678 2750 2802 2807 ὁδὸν
2839 2752 3085 2828 μεγάλην
3116 2755 3207 2811 καὶ
3238 2755 3873 2836 πλατεῖαν,βδελύχθητι

2224 2839 2312 2894 καὶ
2357 2841 2611 2912 μίσησον·
2646 2841 2747 2896 εἶσὶ
2778 2843 2878 2919 γάρ
2904 2847 3013 2898 τῶν
3047 2844 3269 2922 ἐρίφωνο
3315 2847 3381 2900 τά
3411 2844 3467 2901 δὶ
3498 2849 3634 2922 πρὸς
3681 2848 3876 2924 τρίϐον

2224 2948 2444 3001 κειμενα
2476 2931 2661 2999 στενὴν
2692 2932 2782 2985 καὶ
2809 2930 3178 3005 τεθλιμμένην
3209 2934 3488 3010 ἀγάπησον
3527 2938 3613 2991 καὶ
3663 2939 3875 3013 κράτη-

2225 3035 2339 3071 σον·
2372 3017 2474 3072 εἷ’σὶ
2506 3020 2611 3094 γὰρ
2635 3024 2743 3073 τῶν
2777 3017 3087 3093 προϐάτων.
3122 3021 3363 3100 χρὸσεχε
3394 3025 3483 3079 οὗν
3530 3027 3607 3099 μὴ
3657 3040 3876 3100 πλανη-

2225 3107 2321 3177 Θῇς
2352 3104 2403 3161 ἐν
2437 3108 2686 3183 πτέρναις
2712 3112 2820 3163 τῶν
2852 3107 3068 3188 ἐρίφων.

2790 3217 2912 3273 Τῶν
2942 3218 2990 3292 γ’
3018 3216 3267 3294 Πατέρων
3278 3261 3291 3275 .

2296 3301 2748 3378 Ἀποκρινόμενος
2807 3305 2897 3359 οὗν
2948 3306 3084 3381 πρὸς
3138 3307 3366 3378 ταύτην,
3423 3309 3524 3377 τὴν
3586 3308 3636 3380 ἒξ
3696 3309 3874 3369 ἐθνῶν

2221 3386 2435 3461 δηλαδή
2496 3390 2849 3464 Ἐκκλησίαν,
2908 3394 2936 3448 ὁ
2995 3391 3159 3457 καλὸς
3212 3397 3424 3469 ποιμήν
3486 3397 3574 3451 καὶ
3631 3401 3877 3478 νυμφίος

2220 3478 2428 3550 αὐτῆς,
2483 3480 2682 3558 φησίν·
2746 3481 2810 3537 Εἴ
2871 3484 2945 3554 μὴ
3003 3480 3170 3558 ἔγνως
3228 3488 3496 3555 σεαυτήν
3555 3508 3674 3557 τοι,
3737 3491 3872 3547 Ἐὰν

2220 3567 2416 3643 ἀγνοῇς
2460 3572 2685 3639 σεαυτὴν
2754 3570 2804 3626 ἐν
2875 3570 2911 3645 ᾖ
2963 3571 3361 3649 ἀπερίγραπτος
3406 3578 3815 3655 περιγράφομαι
3852 3622 3868 3647 ,

2218 3658 2307 3712 καὶ
2368 3659 2581 3733 ὁρῶμαι
2605 3659 2681 3721 ὡς
2712 3658 2764 3714 έν
2799 3659 2961 3714 εἰκόνι
3012 3661 3342 3736 ἀρχέτυπον,
3390 3664 3476 3718 καὶ
3507 3664 3601 3727 τὰς
3630 3665 3879 3742 ἀλόγους

2218 3747 2497 3818 αἰσθήσεις
2526 3745 2623 3802 σάυ
2657 3748 2927 3825 ῥυθμίςω,
2971 3750 3064 3805 καί
3114 3748 3204 3805 διά
3247 3772 3307 3807 τε
3350 3757 3459 3807 τῶν
3509 3754 3750 3811 ἀπειλῶν
3806 3759 3883 3819 ὡς

2218 3833 2308 3890 διὰ
2337 3832 2573 3912 ῥάϐδων,
2621 3837 2710 3892 καὶ
2757 3842 2862 3893 τῶν
2914 3838 3253 3916 ἐπαγγελιῶν
3302 3842 3375 3904 ὡς
3423 3842 3676 3919 σύριγγος
3723 3846 3869 3921 πρὸς

2215 3925 2313 3987 τάς
2355 3924 2608 3988 αἰωνίους
2660 3947 2717 3981 σε
2766 3928 2883 4003 ἄγω
2932 3926 3193 4004 μάνδρας·
3230 3929 3280 3984 ἐν
3334 3933 3420 3991 αἷς
3466 3952 3523 3986 σε
3574 3932 3873 3989 ἀναπαύσω

2218 4014 2269 4069 ἐν
2322 4017 2391 4088 τῇ
2446 4012 2667 4092 δευτέρᾳ
2718 4037 2823 4089 μου
2869 4019 3154 4092 παρουσίᾳ’
3206 4016 3330 4073 ὅταν
3382 4018 3499 4075 οὐδ’
3557 4020 3660 4077 ὑπό
3710 4044 3871 4087 τινος

2218 4102 2474 4174 συσκιάζη
2536 4104 2737 4168 πάθους
2796 4103 2885 4160 διά
2940 4107 3001 4161 τὸ
3053 4104 3322 4185 ἅφθαρτόν
3376 4130 3435 4164 τε
3486 4109 3573 4163 καὶ
3620 4111 3870 4188 ἀναμάρι

2215 4214 2400 4263 τητον.
2448 4193 2511 4251 Ἠ
2558 4191 2703 4263 καλή
2759 4193 2809 4248 ἐν
2853 4194 3111 4271 γυναιξίν⁹
3167 4196 3229 4253 ἸΙ
3279 4196 3455 4272 ὡραία
3503 4196 3592 4253 διὰ
3631 4201 3731 4269 τήν
3790 4200 3870 4258 εἷς

2222 4282 2287 4355 μὶ
2334 4281 2512 4338 πίστιν
2568 4305 2627 4337 τε
2673 4284 2763 4338 καὶ
2813 4284 3063 4360 ἀγάπην,
3116 4283 3167 4339 ἐν
3208 4285 3367 4339 παντὶ
3415 4283 3551 4351 ἔθνει
3610 4288 3869 4345 ἀπιστίαν

2216 4375 2464 4427 νοσοῦντι
2526 4372 2613 4427 καὶ
2680 4377 2796 4434 ταῖς
2864 4379 2964 4442 τῆς
3023 4372 3219 4449 σαρκὸς
3280 4372 3503 4443 ἡδοναῖς
3563 4375 3873 4448 ἐκθηλυνο-

2225 4460 2387 4534 μένῳ·
2444 4457 2627 4531 ἔξελθε
2675 4461 2773 4515 σύ·
2821 4458 3027 4538 ἤγουν,
3090 4460 3276 4533 ἐπειδή
3338 4462 3401 4517 σὺ
3454 4465 3530 4537 μὴ
3581 4461 3753 4540 ἔγνως
3808 4469 3874 4523 τὸ

2218 4549 2344 4625 περὶ
2402 4549 2459 4604 σὶ
2520 4554 2820 4624 μυστήριον
2879 4556 3118 4628 νοερῶς,
3188 4550 3365 4622 ἔξελθε
3416 4553 3523 4608 ἀπὸ
3571 4556 3671 4623 τῆς
3727 4557 3875 4611 κατά

451 4643 882 4717 complecteris,
916 4660 983 4699 ex
1014 4646 1175 4714 parte
1209 4641 1420 4695 mentis
1455 4639 1729 4695 interiore
1762 4640 1830 4695 ad
1863 4656 2101 4696 sensum

2227 4643 2338 4693 νοῦν
2373 4636 2660 4711 ἐνδότητος
2692 4640 2827 4715 πρὸς
2856 4642 2953 4711 τὴν
2980 4627 3266 4711 αἴσθησιν,
3315 4640 3377 4695 σὺ
3426 4644 3461 4711 ἡ
3494 4639 3689 4718 λογική
3724 4647 3871 4699 πάν-

451 4734 821 4807 progredere,
845 4737 930 4801 tu,
955 4749 1080 4803 quae
1104 4731 1328 4787 ratione
1352 4747 1592 4803 prorsus
1614 4747 1675 4786 es
1702 4734 1927 4786 ornata.
1952 4735 2097 4787 Nam

450 4824 498 4878 si
533 4821 634 4879 ubi
669 4839 774 4895 ego
820 4837 1077 4895 pascam,
1111 4818 1350 4876 omnino
1382 4819 1469 4875 vis
1519 4819 1764 4890 discere,
1798 4834 1868 4874 ne
1901 4820 1959 4875 in
1991 4820 2100 4875 hac

449 4912 686 4985 quidem
733 4910 1066 4985 egressione
1095 4912 1324 4981 oportet
1354 4912 1409 4963 te
1439 4925 1472 4964 a
1504 4907 1727 4965 ratione
1770 4909 2008 4981 penitus
2039 4909 2099 4964 in

449 5000 807 5058 contrarium
860 4999 1138 5056 converti.
1190 4997 1454 5069 Egredere
1503 5001 1699 5052 autem
1745 4999 1804 5052 in
1859 5000 2101 5069 vestigiis

444 5107 704 5165 gregum,
736 5106 945 5163 nempe
986 5090 1045 5145 in
1090 5088 1454 5144 diversarum
1502 5090 1845 5143 naturarum
1880 5105 1940 5143 re
1971 5088 2100 5160 ipsa

448 5180 743 5252 expressis
774 5179 1055 5251 vestigiis,
1090 5194 1190 5250 per
1233 5193 1361 5249 quas
1411 5175 1709 5249 sigillatim
1763 5176 2097 5249 indaganda

446 5270 830 5343 progrediens
863 5269 1010 5324 ratio
1033 5266 1335 5323 delinitur.
1354 5264 1570 5339 Greges
1594 5265 1875 5321 dicuntur
1900 5283 2092 5323 rerum

445 5363 668 5415 natura:
702 5359 983 5429 quoniam
1014 5373 1216 5413 earum
1251 5353 1495 5427 singulm
1531 5355 1691 5410 facta;
1716 5360 1855 5411 sunt
1886 5355 2094 5427 dignes,

442 5464 593 5519 quas
621 5447 986 5518 providentia
1034 5463 1137 5501 sua
1168 5448 1372 5499 auctor
1400 5443 1665 5498 omnium
1716 5443 1870 5501 Deus
1922 5455 2096 5516 quasi

442 5539 641 5605 pastor
674 5536 981 5607 gubernet,
1014 5534 1350 5589 moderetur
1379 5546 1443 5585 ao
1480 5537 1659 5603 regat.
1701 5533 1764 5587 Et
1791 5549 1955 5603 pasce
1984 5535 2094 5590 h2-

439 5622 533 5679 dos
564 5632 683 5679 tuos
704 5643 723 5679 :
748 5625 1012 5680 turbidos
1045 5621 1269 5678 scilicet
1290 5619 1473 5675 animi
1506 5626 1723 5692 motus,
1744 5626 1808 5677 ut
1838 5623 2092 5680 sinistras

439 5712 620 5789 partis
654 5713 971 5770 retinentes
1008 5713 1223 5770 locum.
1256 5712 1316 5768 In
1346 5709 1723 5767 tabernaculis
1760 5720 2043 5784 pastorum
2072 5728 2094 5773 :

2208 4749 2340 4790 τως.
2374 4727 2436 4783 Εἰ
2465 4728 2566 4805 γὰρ
2624 4733 2730 4783 ποῦ
2789 4729 3067 4802 ποιμαίνω
3129 4728 3315 4805 βούλει
3346 4729 3493 4792 ὅλως
3525 4733 3739 4804 μαθεῖν,
3766 4734 3870 4788 οὖ-

2212 4815 2298 4872 δὶν
2328 4820 2397 4891 τῇ
2443 4814 2625 4888 τοιᾷδε
2656 4817 2917 4891 ἐξελεύσει
2950 4816 3091 4874 δεῖσε
3122 4817 3255 4894 πρὸς
3286 4818 3509 4893 ἀλογίαν
3561 4828 3870 4895 τραπῆναι.

2210 4903 2433 4977 Ἔξελθε
2482 4904 2539 4961 δὲ
2587 4906 2638 4961 ἐν
2686 4909 2941 4984 πτέρναις
2978 4912 3085 4963 τῶν
3120 4908 3416 4981 ποιμνίων,
3468 4906 3595 4978 ἤτοι
3634 4908 3687 4964 ἐν
3740 4917 3871 4974 ταῖς

2208 4996 2325 5049 κατ’
2385 4994 2646 5071 ἐνέργειαν
2706 4997 2889 5072 βάσεσι
2938 5002 3044 5051 τῶν
3102 4993 3376 5074 διαφόρων
3453 4997 3661 5076 φύσεων
3699 5019 3713 5033 ο
3795 4999 3872 5055 δι’

2210 5085 2284 5138 ῶν
2360 5084 2585 5156 ἑκάστην
2660 5084 2866 5140 τούτων
2941 5085 3238 5160 ἀνιχνεύων
3290 5086 3319 5139 ὁ
3380 5085 3546 5160 λόγος
3598 5088 3866 5162 ὁρίζεται.

2210 5173 2448 5247 Ποίμνια
2504 5171 2549 5229 δ’
2607 5175 2661 5229 αῖ
2717 5176 2822 5230 τῶν
2883 5172 3053 5230 ὅντων
3105 5172 3318 5250 εἴρηται
3376 5173 3592 5253 φύσεις,
3653 5174 3746 5232 διὰ
3800 5182 3869 5235 τὸ

2208 5263 2481 5334 ἀξιοῦσθαι
2531 5263 2619 5318 καὶ
2666 5265 2735 5319 τά
2785 5265 2869 5343 ὑφ’
2919 5263 3148 5334 ἑκάστην
3206 5263 3416 5319 τούτων
3470 5264 3668 5341 μερικά
3724 5288 3872 5343 προ-

2206 5352 2379 5423 νοίας,
2429 5353 2505 5414 ὡς
2552 5354 2697 5427 παρά
2724 5352 2988 5427 ποιμένος
3026 5357 3123 5408 τοῦ
3170 5356 3279 5407 τῶν
3339 5350 3485 5408 ὅλων
3540 5362 3870 5431 προνοητοῦ

2204 5442 2293 5496 καὶ
2372 5447 2524 5498 Θεοῦ.
2600 5441 2699 5497 Καὶ
2764 5442 3023 5515 ποίμαινε
3094 5440 3223 5503 τοὺς
3297 5441 3516 5520 ἰρίφους
3586 5462 3712 5499 σου*
3796 5446 3869 5501 τὰ

2203 5532 2348 5601 πάθη
2400 5531 2634 5601 πάντως,
2685 5533 2760 5595 ὡς
2806 5538 2905 5601 τῆς
2937 5532 3218 5608 ἀριστερᾶς
3269 5530 3467 5607 μοίρας
3510 5533 3868 5609 ὑπάρχοντα.

2206 5619 2326 5677 Ἐπὶ
2401 5620 2748 5695 σκηνώμασιν
2818 5626 2925 5676 τῶν
3001 5621 3299 5694 ποιμνίων·
3376 5619 3464 5675 ἐπὶ
3536 5626 3655 5685 ταῖς
3716 5618 3866 5695 ἕξεσι

2204 5707 2419 5781 δηλαδὴ
2451 5714 2559 5767 τῶν
2594 5709 2822 5792 φύσεων·
2858 5711 2931 5767 ὡς
2962 5704 3380 5785 μεταϐάλλουσα
3426 5717 3863 5791 προαιρετικῶς,
