4078 6336
162 423 264 481 55⁷3

1209 419 1618 481 ΟΟΜΜΕΝΤ.
1668 421 1745 479 1N
1791 421 2195 483 CANTICUM
2241 421 2545 482 CANTIG.

3449 429 3565 487 554

163 553 245 619 τὴν
295 550 391 623 μὲν
451 547 622 603 αἰτίαν
675 546 890 602 πάντων
949 551 1057 602 τῶν
1106 551 1286 603 κακῶν
1342 547 1634 624 ῥᾳθυμίαν,
1663 549 1798 624 πρὸς

1935 549 2192 623 ιχθιῐιρὶὶε
2216 552 2421 624 utique
2443 568 2637 608 rerum
2662 555 3254 628 uaturalium,sponte
3277 557 3562 614 desidiam

160 641 244 708 τήν
277 639 400 704 καθ’
433 636 537 710 ἕξιν
597 638 832 712 φυσικὴν
875 635 1281 713 ἒνυπᾶρχουσαν
1325 641 1393 712 τῇ
1429 637 1679 712 μύρμηκι
1714 640 1804 692 καὶ

162 733 216 802 τῇ
266 727 504 803 μελίσσῃ
550 725 890 800 ἐπιμέλειαν,
937 725 1299 800 ἑτοιμάζουσα
1342 726 1432 781 καὶ
1490 727 1626 795 αύτή
1671 727 1808 782 κατὰ

164 819 212 872 τὸ
265 817 444 892 παρὸν
487 818 587 887 τὴν
663 820 774 872 τῶν
856 813 1174 890 μελλόντων
1237 813 1562 884 ἀπόλαυσιν,
1622 815 1802 892 ὥσπερ

163 908 396 962 κάκεῖναι
455 902 613 983 ἔαρος
665 905 782 980 ὥρᾳ
836 905 925 960 καὶ
985 904 1174 981 Θέρους
1221 906 1320 974 τήν
1374 908 1470 959 τοῦ
1525 909 1804 980 χειμῶνος

162 999 362 1074 τροφήν
416 993 527 1071 (διὰ
575 994 678 1072 γάρ
735 1002 834 1065 τῆς
909 992 1227 1067 ἐπιμελείας
1281 999 1544 1070 τρυγᾶται
1597 992 1656 1048 ἐκ
1708 997 1805 1047 τοῦ

162 1093 248 1156 τῆς
303 1089 492 1162 ψυχῆς
549 1089 844 1160 τριμεροῦς
897 1087 932 1154 ἡ
993 1082 1328 1154 δικαιοσύνη,
1367 1081 1490 1153 ἤτις
1522 1081 1808 1156 ἐτοιμασία

163 1183 246 1245 τῆς
306 1180 415 1231 τῶν
449 1173 762 1247 μελλόντων
807 1173 946 1228 ἐστὶν
992 1172 1391 1245 ἀπολαύσεως),
1419 1173 1518 1241 τήν
1552 1169 1610 1226 δὲ
1639 1171 1806 1251 ἀφρο-

168 1265 350 1337 σύνην,
404 1262 528 1333 ἥτις
586 1263 647 1319 ἐκ
699 1266 796 1318 τοῦ
851 1263 989 1318 κατὰ
1037 1262 1193 1340 φύσιν
1243 1263 1380 1338 πρὸς
1421 1263 1483 1316 τὸ
1531 1262 1676 1334 παρὰ
1707 1260 1806 1338 φύ-

171 1376 259 1424 σιν,
293 1353 477 1431 τροπή
508 1359 608 1422 τῆς
659 1351 889 1427 λογικῆς
944 1352 1177 1426 ὑπάρχει
1209 1348 1509 1424 δυνάμεως,
1541 1351 1678 1427 πρὸς
1707 1350 1804 1420 τήν

167 1442 366 1515 ὁμοίως
393 1440 610 1496 ἐνοῦσαν
642 1445 723 1514 τῷ
768 1436 888 1518 ὄφει
938 1435 1197 1517 φρόνησιν
1253 1439 1390 1510 ὅλην
1434 1441 1630 1510 ἑαυτὴν
1669 1459 1808 1515 προ-

172 1529 406 1599 διδοῦσα,
462 1529 594 1607 ὑπὶρ
635 1534 734 1586 τοῦ
800 1527 1032 1608 φυλάξαι
1076 1528 1166 1584 τὸν
1199 1527 1364 1604 λόγον
1405 1535 1504 1599 τῆς
1552 1528 1806 1598 πίστεως,

169 1621 343 1695 ὥσπερ
388 1619 639 1682 κάκεῖνος
696 1617 828 1675 ὅλον
881 1615 1214 1694 προδίδωσιν
1275 1618 1487 1688 ἑαυτὸν,
1538 1618 1668 1694 ὑπὲρ
1712 1620 1808 1672 τοῦ

173 1709 393 1785 φυλάξαι
423 1710 523 1778 τὴν
558 1710 749 1764 ἑαυτοῦ
777 1707 1020 1786 κεφαλήν
1057 1726 1068 1740 ⁸
1130 1709 1228 1778 τήν
1264 1705 1321 1762 δὶ
1355 1714 1540 1781 μῆνιν,
1573 1705 1693 1777 ἥτις
1709 1709 1809 1777 τῆς

169 1801 397 1872 θυμικῆς
459 1795 737 1871 δυνάμεώς
787 1797 926 1854 ἐστιν
978 1797 1239 1870 ἆκτροπὴ,
1297 1797 1432 1874 πρὸς
1480 1797 1579 1866 τήν
1631 1794 1804 1850 ὡσαύο

165 1909 262 1950 τως
317 1887 732 1964 ἐνυπάρχουσαν
804 1886 1166 1961 ἀκεραιότητα
1235 1889 1305 1959 τῇ
1362 1889 1664 1962 περιστεσᾷ,
1730 1885 1806 1958 μὴ

168 1977 501 2054 ἀφιπταμόνη
552 1978 687 2033 κατὰ
736 1974 972 2040 διάθεσιν
1015 1980 1122 2031 τῶν
1171 1974 1586 2048 πολεμούντων,
1633 1973 1812 2047 ὥσπερ

170 2063 229 2136 δὴ
259 2067 508 2137 κάκείνη,
558 2065 655 2121 κᾶν
709 2065 873 2141 μυρία
922 2060 1368 2134 ίπιϐουλεύηται.
1403 2062 1500 2118 κᾶν
1533 2063 1600 2131 τὰ
1629 2061 1816 2117 νοσσία

169 2156 331 2227 αὐτῆς
393 2154 724 2225 ἀπόλλυσιν,
792 2155 854 2210 ού
916 2155 1124 2229 μακρὰν
1173 2157 1280 2208 τῶν
1349 2147 1812 2208 ἐπιϐουλευόντων

170 2244 491 2322 ἀφίσταται*
551 2246 639 2300 καὶ
695 2245 795 2314 τὴν
842 2243 1158 2313 ἀκοΑασίαν,
1213 2240 1336 2312 ⁴ἤτις
1401 2249 1499 2312 τῆς
1554 2240 1816 2314 ἐπιτυμη-

169 2341 314 2403 τικῆς
377 2331 659 2407 δυνάμεώς
738 2332 878 2388 ἐστιν
951 2332 1214 2409 ἐκτροπή,
1267 2331 1403 2406 πρὸς
1457 2331 1554 2399 τὴν
1606 2328 1816 2404 ὁμοίως

169 2422 571 2499 ἐνυπάρχουσαν
627 2425 698 2495 τῇ
761 2421 980 2497 τρυγόνι
1048 2419 1402 2499 σωφροσύνην
1439 2439 1452 2451 ⁸
1521 2419 1815 2496 ἐγκρατῶς,

170 2509 288 2576 ἔνθα
316 2513 588 2588 ἇναγκαία
634 2511 797 2588 χρεία
844 2509 1168 2586 κατεπείγει,
1198 2507 1462 2586 χρωμένη
1493 2512 1562 2581 τῇ
1592 2506 1767 2582 ἠδονῇ
1801 2529 1814 2542 ·

167 2602 343 2678 ὥσπερ
406 2600 474 2670 δὴ
564 2601 785 2672 κάκείνη
874 2597 963 2655 διὰ
1043 2599 1362 2676 γονοτοκίαν
1423 2601 1818 2673 μονοζυγοῦσα.

165 2688 317 2745 ³Αλλ’
374 2691 731 2764 ἆκουσώμετα
792 2688 985 2745 λοιπὸν
1046 2689 1136 2743 καὶ
1184 2693 1280 2744 τοῦ
1335 2688 1507 2744 καλοῦ
1557 2685 1817 2764 νυμφίου.

161 2777 296 2852 Ἤδη
331 2779 437 2856 γάρ
469 2780 704 2857 πρώτως
731 2779 921 2853 ὁμιλεῖ
949 2782 1017 2854 τῇ
1049 2778 1234 2857 νύμφῃ
1264 2776 1441 2855 λέγων
1481 2775 1611 2834 τάδε
1645 2797 1657 2810 ·

229 3051 308 3114 Τῆ
351 3046 518 3120 ἵππῳ
578 3067 683 3121 μου
737 3067 789 3102 εν
844 3046 1048 3123 ἅρμασι
1109 3046 1312 3121 Φαραὼ
1362 3043 1627 3120 ὡμοίωσά
1681 3045 1817 3118 σε,ἠ

160 3135 406 3209 πλησίον
443 3157 570 3208 μου.

872 3244 1116 3299 Ψελλοῦ.

225 3353 467 3409 Βλὲπων
498 3351 664 3420 αὐτὴν
697 3347 1068 3430 σφαδάζουσαν
1101 3349 1152 3420 ἐξ
1184 3348 1586 3426 ἐρωτοληψίας,

166 3442 266 3499 Καὶ
303 3443 447 3517 πρὸς
505 3439 708 3495 ἐκεῖνον
763 3436 1096 3495 σπεύδουσαν
1151 3435 1377 3515 δραμεῖν
1437 3439 1527 3494 καὶ
1583 3458 1818 3494 καταπε-

1547 3531 1748 3604 [ρᾰσαι,

153 3621 342 3693 Ἵππῳ
363 3616 688 3694 παρείκασεν
721 3618 891 3686 αὐτὴν
919 3613 1498 3693 αἷθεροπτηνοδρόμῳ.

151 3706 347 3771 Οότως
393 3708 498 3784 γᾶρ
557 3706 802 3784 θραύσεις
847 3705 976 3770 τοὺς
1033 3705 1299 3783 ἐχθροὺς,
1358 3706 1492 3784 φησί
1541 3706 1678 3780 πρὸς
1721 3706 1823 3774 τήν

1441 3793 1661 3870 [παροέν
1671 3817 1751 3862 ον,

156 3893 370 3962 Ὥσπερ
403 3885 733 3959 κατεθραυσὶ
761 3905 896 3940 ποτε
923 3883 1012 3940 καὶ
1040 3883 1391 3961 Φαραωνίτας

153 3979 212 4032 Ἠ
249 3974 497 4048 δύναμις
527 3981 628 4044 τῆς
651 3972 828 4029 ’ἵππου
863 3995 967 4047 μου
995 3976 1092 4042 τῆς
1125 3973 1578 4048 ἀνατεταγμὲνης,

156 4066 435 4123 Τουτὲστι
461 4072 562 4135 τῆς
590 4062 884 4140 ἀγγελικῆς
915 4063 1552 4140 ταγματοστραταρχίας.

153 4156 315 4218 Τίνος
350 4153 414 4210 δὲ
445 4154 630 4230 χάριν·
665 4153 892 4229 ἐρωτᾷς,
915 4153 1012 4222 τὴν
1044 4157 1152 4208 τῶν
1186 4151 1431 4229 ἀγγέλων
1464 4152 1609 4226 τάξιν

155 4252 350 4319 Ἵππῳ
375 4244 700 4319 παρείκασεν
734 4241 928 4304 ἁπλῶς
958 4243 986 4297 ὁ
1016 4242 1191 4318 Λόγος
1222 4242 1312 4296 καὶ
1333 4242 1569 4317 νυμφίος
1602 4262 1616 4311 ς

1918 639 2206 695 malorum
2242 642 2508 696 omnium
2540 659 2806 711 causam,
2837 645 2894 700 in
2927 646 3318 717 diligentiam,
3354 664 3480 719 qua:
3512 648 3564 701 vi

1916 728 2170 785 naturali
2202 729 2456 785 formicis
2505 735 2682 802 atque
2733 732 2826 802 api
2874 733 3065 789 inesse
3113 736 3392 803 cernitur,
3427 753 3565 791 con-

1913 825 2241 886 vertens,ac
2266 836 2480 892 parans
2503 819 2630 890 ipsa
2652 837 2885 893 quoque
2903 822 2962 876 in
2987 827 3257 894 praesenti
3278 830 3560 896 tempore,

1915 924 2031 979 quo
2058 907 2116 963 in
2150 908 2346 964 futuro
2406 908 2727 980 perfruaris
2762 926 2774 964 :
2808 912 3305 982 quemadmodum
3339 920 3396 969 et
3426 911 3559 980 illae,

1915 1013 2046 1052 vere
2067 1003 2244 1068 atque
2265 1001 2464 1052 aestate
2485 998 2680 1052 cibum
2700 1007 3129 1070 comparantes,
3163 1001 3338 1056 hiemi
3357 1017 3564 1056 consu-

1913 1082 2066 1147 lunt.
2102 1085 2231 1156 (Per
2261 1086 2626 1157 diligentiam
2677 1089 2831 1143 enim
2866 1105 2934 1142 ex
2964 1089 3152 1144 tribus
3183 1091 3390 1144 animae
3432 1107 3563 1161 par-

1916 1173 2338 1246 tibusjustitiae
2371 1175 2687 1243 vindemia,
2712 1194 2836 1247 quis
2860 1183 2948 1232 est
2970 1194 3162 1232 rerum
3196 1178 3334 1233 olim
3367 1181 3565 1234 fruen-

1916 1263 2125 1318 darum
2166 1265 2546 1334 comparatio,
2579 1265 2916 1339 colligitur.)
2946 1268 3410 1339 Imprudentiam
3462 1285 3565 1323 au-

1917 1357 2059 1420 tem,
2086 1369 2212 1424 quae
2235 1359 2323 1408 est
2345 1353 2590 1408 rationis
2622 1361 2774 1410 recte
2805 1373 2874 1410 ex
2905 1362 3116 1411 natura
3145 1358 3473 1412 constitutae
3507 1357 3566 1412 in

1917 1444 2137 1496 statum
2162 1446 2382 1496 naturae
2401 1448 2823 1514 repugnantem
2847 1445 3170 1510 aversio,ad
3197 1445 3569 1516 prudentiam

1916 1527 2178 1600 exemplo
2207 1532 2496 1601 serpentis
2521 1532 2601 1586 ita
2632 1532 3188 1604 redigens,ut,sicut
3213 1533 3448 1605 ille,pro
3472 1551 3570 1590 ca-

1917 1617 2055 1690 pitis
2087 1619 2448 1691 defensione,
2477 1624 2666 1676 totum
2699 1637 2912 1693 corpus
2943 1621 3148 1678 offerre
3177 1640 3291 1679 non
3319 1623 3568 1694 dubitat,

1919 1707 2002 1763 sic
2027 1712 2090 1763 tu
2123 1725 2228 1780 pro
2259 1709 2392 1764 fidei
2423 1710 2862 1766 conservatione
2893 1717 2946 1766 te
2977 1712 3165 1783 ipsam
3197 1716 3382 1768 totam
3414 1712 3570 1784 peri-

1919 1796 2071 1852 culis
2101 1798 2378 1854 omnibus
2405 1799 2666 1868 objicias.
2705 1800 3103 1868 lracundiam,
3135 1801 3310 1865 iram,
3333 1818 3458 1872 quae
3481 1807 3572 1857 est

1921 1887 2103 1942 animi
2134 1887 2449 1942 commotio
2482 1888 2692 1944 rationi
2727 1889 2966 1945 minime
2997 1891 3432 1963 obtemperans,
3475 1907 3569 1945 co-

1923 1973 2135 2030 lumba:
2175 1977 2436 2048 exemplo
2484 1994 2761 2033 revocans
2787 1979 2856 2034 ad
2891 1979 3349 2052 simplicitatem,
3381 1984 3444 2034 ut
3473 1995 3573 2034 eos

1924 2064 2026 2136 qui
2056 2069 2113 2121 te
2144 2066 2378 2138 injuriis
2435 2067 2701 2122 afﬁciunt
2730 2071 2904 2139 atque
2935 2073 3297 2141 oppugnant,
3332 2068 3574 2124 minime

1926 2155 2320 2226 persequaris,
2354 2157 2588 2227 quando
2619 2173 2691 2212 ne
2721 2157 2992 2212 columba
3041 2159 3281 2230 quidem
3341 2162 3576 2229 propter

1926 2243 2173 2300 insidias
2205 2251 2306 2300 aut
2327 2245 2621 2317 pullorum
2653 2263 2896 2303 suorum
2928 2247 3415 2318 direptionem,ab
3437 2246 3580 2301 insi-

1925 2331 2226 2390 diantibus
2257 2351 2322 2389 ac
2354 2334 2766 2407 diripientibus
2797 2337 3032 2391 recedit.
3056 2337 3578 2409 Intemperantiam

1927 2425 2202 2496 denique,
2235 2441 2361 2496 qum
2392 2431 2482 2480 est
2512 2425 2693 2480 animi
2743 2425 3038 2496 appetitus
3087 2427 3298 2482 rationi
3347 2431 3578 2482 contra-

1927 2514 2071 2580 rius,
2097 2512 2168 2566 ad
2192 2513 2641 2584 temperantiam
2664 2513 2744 2568 ita
2765 2515 3081 2570 traducens
3113 2515 3360 2570 turturis
3384 2515 3579 2569 imita-

1926 2602 2104 2668 tione,
2136 2604 2222 2668 ut,
2255 2618 2388 2655 cum
2437 2618 2586 2673 opus
2629 2607 2739 2668 est,
2769 2618 2801 2656 a
2827 2603 3002 2657 rebus
3051 2603 3250 2658 sensui
3295 2603 3581 2673 jucundis

1855 2752 1859 2754 ν
1928 2690 2244 2758 abstineas,
2280 2691 2778 2761 quemadmodum
2811 2696 2868 2746 et
2899 2689 3020 2759 illa,
3056 2692 3274 2748 amisso
3307 2693 3578 2764 conjuge,

1926 2778 2104 2834 vidua
2133 2779 2310 2834 vitam
2341 2779 2634 2852 transigit.
2666 2784 2882 2836 Verum
2912 2785 2969 2836 et
3001 2797 3292 2853 sponsum
3318 2783 3444 2854 jam
3481 2798 3585 2837 au-

1929 2869 2186 2938 diamus,
2217 2885 2496 2941 sponsam
2543 2886 2699 2925 nunc
2749 2870 3008 2940 primum
3057 2870 3453 2943 alloquentem
3485 2871 3582 2926 his

1927 2959 2120 3014 verbis
2153 2975 2166 3013 :

1999 3049 2165 3119 Equw
2228 3062 2370 3104 mea?
2417 3065 2478 3103 ιη
2523 3048 2778 3104 curribus
2817 3050 3125 3106 Pharaonis
3173 3049 3480 3108 assimilavi
3508 3055 3582 3121 te,

1928 3140 2240 3212 propinqua
2268 3155 2413 3196 mea.

2659 3249 2852 3305 Pselli.

2004 3355 2148 3411 Cum
2179 3370 2459 3426 sponsam
2491 3354 2708 3410 amoris
2739 3354 2981 3411 stimulo
3009 3355 3316 3426 percitam,
3337 3359 3396 3412 et
3427 3357 3499 3412 ad
3523 3371 3584 3414 se

1931 3458 2165 3500 currere
2193 3441 2567 3498 festinantem
2617 3447 2899 3510 cerneret,
2927 3458 3090 3514 equa:
3122 3443 3381 3516 aeripedi
3413 3443 3581 3499 simi-

1931 3531 2048 3587 lem
2098 3529 2243 3585 dixit
2289 3545 2439 3586 esse.
2483 3530 2577 3586 Sic
2624 3531 2782 3586 enim
2813 3535 2899 3596 tu,
2933 3532 3116 3603 virgo,
3141 3531 3356 3602 inquit,
3381 3532 3583 3589 hostes

1932 3619 2293 3693 proﬂigabis,
2327 3624 2392 3675 ut
2437 3619 2576 3675 olim
2627 3621 2925 3692 equitatus
2973 3620 3085 3676 mei
3136 3620 3428 3690 instructi,
3471 3620 3582 3676 hoc

1933 3715 2044 3778 est,
2068 3707 2316 3781 angelici
2341 3710 2593 3781 agminis
2609 3709 2818 3775 virtus,
2842 3709 3162 3765 Pharaonis
3182 3709 3382 3781 c0pias
3411 3709 3581 3764 dissi-

1936 3797 2112 3870 pavit.
2145 3798 2306 3861 Quod
2340 3798 2390 3852 si
2420 3815 2649 3868 quaeras
2681 3815 2785 3854 cur
2815 3797 3102 3869 equitatui
3133 3814 3387 3869 sponsus
3408 3813 3581 3869 ange-

1935 3886 2125 3942 lorum
2151 3887 2416 3942 ordinem
2451 3892 2769 3958 comparet,
2794 3886 2982 3942 facilis
3004 3886 3112 3941 erit
3129 3886 3454 3957 responsio.
3479 3884 3594 3948 Qui

1939 3975 2156 4031 bellum
2189 3977 2362 4047 gerit,
2385 3975 2434 4031 si
2467 3993 2600 4030 cum
2633 3975 2931 4047 sagittario
2957 3975 3343 4047 pugnandum
3367 3979 3477 4040 est,
3499 3991 3590 4029 ar-

1941 4082 2074 4120 cum
2099 4070 2154 4120 et
2176 4066 2423 4136 sagittas
2456 4071 2622 4136 parat
2646 4083 2658 4120 :
2685 4064 2734 4121 si
2759 4066 2936 4136 pedes
2967 4081 3101 4120 eum
3129 4064 3344 4136 pedite,
3369 4064 3598 4135 galeam

1941 4161 2118 4226 atque
2151 4155 2382 4211 hastam
2415 4156 2636 4212 sumit:
2661 4172 2839 4226 eques
2870 4171 3004 4210 cum
3034 4155 3250 4226 equite,
3279 4155 3603 4224 imperator

1943 4258 2078 4297 cum
2112 4241 2464 4314 imperatore
2508 4244 2902 4315 congreditur.
2938 4243 3184 4310 Quando
3215 4243 3396 4314 igitur
3425 4242 3607 4297 robur

154 4341 272 4398 Πᾶς
305 4356 401 4396 τις
431 4332 662 4403 τοξότης
693 4329 941 4404 πόλεμον
977 4331 1256 4386 συνάπτων
1290 4330 1589 4404 ἀντιπάλῳ,

152 4427 332 4495 Τόξον
373 4417 651 4494 λαμϐάνει
694 4422 784 4476 καὶ
831 4422 1017 4497 νευρὰν
1065 4420 1154 4474 καὶ
1203 4419 1400 4496 κράνος
1452 4441 1508 4475 τε
1537 4421 1625 4475 καὶ
1653 4417 1783 4495 δόρυ
1817 4437 1829 4450 ·

153 4515 336 4582 Ιιεζὸς
375 4514 534 4582 πεζῷ
578 4511 681 4586 γὰρ
725 4507 982 4581 πολεμεῖ,
1038 4503 1347 4583 ῥαϐδοῦχος
1402 4529 1461 4563 τε
1515 4503 1834 4583 ῥαϐδούχῳ.

150 4602 312 4657 Ἐπεὶ
350 4603 492 4677 γοῦν
524 4601 560 4668 ἡ
593 4597 887 4672 παράταξις
909 4597 1038 4650 τότε
1056 4597 1164 4651 τῶν
1199 4596 1538 4672 Αἰγυπτίων,

148 4694 227 4750 Τὸ
261 4691 579 4766 κράτιστον
613 4687 870 4756 ἐκέκτητο
901 4692 1008 4755 τῆσ
1041 4685 1227 4761 μάχης
1253 4685 1319 4740 ἐκ
1353 4690 1460 4740 τῶν
1487 4685 1695 4756 ἵππων,

148 4781 386 4838 Τούτου
425 4775 496 4846 δὴ
532 4775 695 4851 χάριν
728 4773 942 4849 εἴρηκεν
981 4771 1150 4829 ἵππου
1182 4773 1232 4844 ἐξ
1255 4773 1381 4828 ’ίσου
1405 4774 1594 4851 λόγος,

149 4871 270 4940 Τὴν
305 4869 651 4924 ἀντιστᾶσαν
679 4862 910 4936 δύναμιν
941 4861 1260 4939 ἀγγελικὴν,
1291 4861 1538 4926 ἐκείνοις.

149 4961 266 5017 ἰνα
301 4958 396 5031 μή
436 4952 597 5027 δοξῃς
626 4950 684 5007 δὶ
705 4952 898 5007 λοιπὸν
933 4946 1243 5026 ὑϐρίζεσθαι
1272 4953 1371 5022 τήν
1405 4952 1647 5031 νύμφην,

148 5041 577 5123 Ἐξισουμάνην
606 5040 862 5119 ἐμφανῶς
889 5038 1049 5113 ἳππῷ
1078 5041 1223 5116 παρὰ
1252 5046 1348 5097 τοῦ
1380 5039 1578 5119 λόγου,

146 5141 464 5194 ..Αχουσον
492 5131 544 5186 τί
570 5152 732 5208 φησιν
768 5129 889 5201 ἑξῆς
921 5130 1059 5206 πρὸς
1078 5129 1279 5202 ταύτην
1313 5132 1341 5187 ὁ
1370 5132 1600 5211 νυμφίος
1634 5153 1647 5167 .

219 5225 293 5282 Τί
398 5219 765 5297 ὡραιώθησαν
872 5214 1116 5295 σιαγόνες
1222 5241 1317 5274 σου
1395 5220 1470 5285 ὠς
1545 5218 1842 5302 τρυγόνος;

141 5311 464 5392 τράχηλοί
496 5332 595 5366 σου
622 5310 698 5372 ὡς
731 5309 990 5385 ὀρμίσκοι
1022 5328 1036 5378 ;

222 5404 345 5463 Καὶ
371 5399 544 5472 ἵππῳ
577 5419 636 5453 σε
665 5397 987 5473 παρείκασα,
1013 5396 1169 5475 φησὶ,
1215 5395 1631 5474 δρομικωτάτῳ.

144 5493 324 5554 Ἀλλ’
362 5490 577 5546 οὔκουν
611 5487 842 5562 χρῄζεις
868 5484 1132 5562 χαλινοὺς
1167 5485 1218 5541 ἐν
1253 5487 1460 5563 σιαγόνι
1493 5487 1687 5566 φέρείν,

149 5586 226 5642 Δί
261 5583 365 5639 σαὶ
405 5579 516 5654 γὰρ
550 5579 909 5653 ὠραιώθησαν
945 5576 1148 5653 ἰξόχως
1180 5580 1440 5656 σιαγὸνες,

149 5678 274 5745 ’τήν
313 5669 577 5747 ἔμφυτον
609 5667 682 5730 ὠς
717 5666 948 5743 χαλινὸν
980 5665 1208 5742 ἔχουσαι
1237 5669 1615 5744 σωφροσύνην,

151 5766 338 5837 Δίκην
380 5758 659 5838 τρυγόνος
690 5757 996 5838 σώφρονος,
1027 5755 1285 5833 τρυγόνος
1318 5759 1652 5839 φιλερήμου.

1944 4331 2235 4387 exercitus
2267 4331 2590 4388 Pharaonis
2617 4333 2680 4388 in
2710 4333 2976 4404 equitatu
3030 4331 3410 4404 potissimum
3465 4348 3608 4386 con-

1946 4421 2212 4487 sistebat,
2249 4421 2464 4477 idcirco
2504 4423 2794 4494 equitatui
2835 4423 2964 4492 ejus
2995 4437 3063 4477 ex
3093 4422 3334 4478 sdverso
3384 4421 3609 4476 instru-

1947 4516 2101 4566 ctam
2135 4512 2379 4582 opponit
2408 4512 2593 4568 aciem
2622 4511 2984 4583 angelorum.
3022 4513 3105 4566 Ac
3137 4528 3207 4566 ne
3241 4512 3386 4566 forte
3429 4527 3607 4581 spon-

1949 4615 2072 4653 sam
2105 4599 2258 4654 afﬁci
2290 4606 2457 4670 putes
2480 4600 2855 4660 contumelia.
2880 4601 3035 4671 quod
3064 4600 3371 4671 perspicue
3394 4598 3610 4655 similis

1871 4679 1917 4744 D
1947 4703 2109 4758 equae
2141 4687 2391 4759 dicatur,
2417 4689 2554 4744 audi
2585 4688 2726 4760 quid
2753 4689 2825 4744 ad
2856 4705 2984 4744 eam
3027 4689 3306 4760 deinceps
3349 4703 3605 4760 sponsus

1952 4775 2108 4832 dicat
2141 4794 2154 4834 :

2031 5221 2170 5292 Quid
2209 5220 2461 5294 pulchrae
2505 5222 2663 5291 facta
2707 5223 2838 5276 sunt
2881 5235 3038 5292 gena?
3074 5225 3206 5290 tuae,
3238 5224 3294 5275 ut
3323 5217 3612 5276 turturis?

1955 5314 2161 5370 collum
2192 5320 2349 5366 tuum
2375 5314 2520 5366 sicut
2549 5309 2792 5366 monilia
2811 5314 2835 5363 .9

1956 5406 2100 5458 Cum
2159 5417 2308 5472 equo
2359 5405 2416 5454 te
2464 5399 2722 5454 similem
2771 5399 3016 5454 dixerim
3071 5398 3440 5455 velocissimo
3483 5423 3498 5466 ;
3557 5398 3617 5454 in

1959 5489 2198 5547 maxilla
2229 5499 2329 5544 tua
2351 5506 2465 5546 non
2491 5489 2720 5560 indiges
2745 5489 2906 5544 freno
2935 5505 2947 5543 :
2972 5505 3133 5561 genis
3159 5489 3316 5543 enim
3343 5494 3455 5544 tuae
3481 5494 3623 5544 sunt

1961 5579 2373 5646 ornatissimae,
2407 5582 2462 5633 et
2512 5579 2658 5632 freni
2713 5578 2856 5643 loco,
2909 5578 3160 5632 naturali
3213 5577 3434 5648 pudore
3485 5582 3625 5633 sunt

1963 5669 2238 5742 praeditas,
2264 5670 2452 5723 instar
2474 5669 2697 5738 pudicae
2731 5668 2980 5722 turturis
3005 5693 3018 5735 ;
3045 5668 3312 5734 turturis,
3357 5669 3622 5737 inquam,

1894 5807 1899 5813 .
1964 5757 2209 5818 amantis
2241 5757 2637 5814 solitudinem.
2663 5757 2889 5814 Collum
2925 5763 3091 5813 tuum
3125 5757 3489 5828 admirabile,
3515 5773 3616 5811 au.

523 5891 791 5954 PATROL.
839 5889 954 5952 Ga.
998 5888 1240 5952 CXXII.

3220 5888 3295 5948 18
