4072 6346
429 420 548 477 555

1810 407 2229 468 MlCllAELlS
2274 409 2550 468 PSELLI

3731 409 3856 466 556

426 563 597 605 reum
629 548 868 619 gestans
892 542 1107 598 monile
1130 539 1595 596 Proverbiorum.
1614 538 1904 611 Torquem
1926 538 2082 594 enim

2214 538 2266 594 )t
2313 536 2592 615 τράχηλοί
2652 558 2745 593 σου
2802 536 3100 609 Θαυμαστοὶ
3144 537 3234 591 καὶ
3300 534 3853 609 κεκαλλωπισμέναι,

430 637 579 697 mihi
607 635 821 709 cogita,
849 630 1085 700 monile,
1119 630 1275 702 quod
1309 629 1449 685 dixi.

1028 828 1211 883 Trium
1245 828 1365 882 Pati
1380 843 1494 881 um.

503 920 646 976 Cum
680 918 859 989 igitur
889 932 1148 988 sponsus
1192 914 1510 970 Ecclesiam
1534 930 1603 970 ex
1622 913 1893 986 gentibus
1918 912 2088 970 colle-

434 1014 587 1065 ctam
633 1008 692 1062 in
743 1022 859 1078 qua
904 1005 1115 1077 pascit,
1150 1002 1459 1075 allegorice
1502 1003 1990 1059 demonstraverit
2020 1018 2088 1057 ex

436 1097 536 1152 illa
568 1093 970 1166 responsione,
1004 1093 1064 1148 Si
1093 1109 1199 1148 non
1234 1093 1383 1147 nosti
1411 1100 1461 1146 ιθ
1487 1094 1684 1163 ipsam,
1731 1109 1886 1147 nunc
1930 1092 2085 1147 idem

437 1185 695 1255 apertius
728 1183 967 1250 indicat,
1002 1185 1200 1253 Equw,
1235 1181 1535 1253 inquiens,
1575 1197 1713 1238 meae
1743 1184 1804 1237 in
1834 1183 2088 1238 curribus

435 1275 744 1332 Pharaonis
791 1274 1103 1327 assimilan
1145 1280 1213 1337 te,
1253 1272 1566 1343 propinqua
1610 1288 1749 1327 mea.
1784 1272 1917 1334 Quae
1958 1271 2088 1342 qui-

436 1367 570 1420 dem
598 1363 774 1418 verba
804 1366 869 1417 ut
899 1362 1044 1416 ﬁant
1076 1362 1265 1431 magis
1297 1360 1623 1431 perspicua,
1650 1360 1733 1415 sic
1764 1361 2092 1416 ordinanda

438 1458 578 1509 sunt
612 1470 624 1509 :
660 1453 827 1523 Equae
876 1466 1015 1506 mea:
1066 1450 1379 1504 assimilavi
1408 1458 1481 1516 te,
1511 1451 1821 1520 propinqua
1848 1466 1997 1519 mea,
2032 1452 2092 1503 in

437 1543 694 1597 curribus
723 1542 1039 1596 Pharaonis
1068 1558 1087 1594 :
1122 1539 1229 1594 hoc
1254 1545 1341 1593 est
1364 1538 1644 1609 apostolis
1669 1539 1838 1607 meis,
1860 1539 1918 1594 in
1942 1555 2091 1609 quos

441 1631 708 1688 celeriter
733 1631 804 1685 ad
830 1627 1203 1701 Evangelium
1230 1627 1650 1699 divulgandum
1673 1632 2092 1700 currentesego

443 1720 869 1785 conscendens,
902 1733 1107 1773 omnes
1137 1716 1296 1771 orbis
1326 1720 1614 1771 terrarum
1646 1716 1930 1773 terminos
1960 1733 2092 1771 sum

444 1812 817 1881 pervagatus,
850 1810 905 1861 te
936 1806 1153 1860 virtute
1184 1804 1437 1860 similem
1469 1805 1608 1860 dixi.
1642 1805 1788 1871 Quia
1833 1805 1986 1860 sicut
2034 1805 2093 1859 in

2188 627 2287 681 Τὸν
2324 625 2557 702 χρύσεον
2598 626 2953 701 βαστάζοντες
2985 624 3171 681 κλοιὸν
3202 627 3305 696 τὴς
3337 624 3666 700 Παροιμὶας.

2191 717 2483 792 Ὀρμίσκον
2506 716 2605 793 γὰρ
2642 737 2737 789 μοι
2763 717 2962 785 νόησον
2998 716 3055 770 ὃν
3090 710 3215 794 ἔφην
3248 714 3436 771 κλοιόν
3462 736 3544 791 γε.

2763 828 2879 878 Τῶν
2919 824 2964 899 γ’
2998 824 3275 897 Ηατέρων.

2265 914 2326 969 Ὀ
2351 917 2481 987 γοῦν
2530 933 2765 989 νυμφιος
2819 919 2917 982 τῆς
2966 913 3017 983 ἐξ
3067 912 3231 966 ἐθνῶν
3295 911 3623 982 Ἐιικλησίας
3652 910 3861 981 αἷνιζά-

2201 1024 2363 1075 μενος
2395 1002 2583 1076 ταύτῃ,
2636 1004 2718 1056 ὅτι
2770 1001 2822 1056 ἐν
2877 1002 3012 1075 αὐτῇ
3061 1001 3365 1074 ποιμαίνει,
3420 998 3508 1055 διὰ
3563 1006 3660 1056 τοῦ
3712 1001 3857 1056 ἀπο-

2196 1098 2447 1165 κριθῆναι
2505 1091 2673 1164 ταύτῃ
2726 1091 2811 1162 τὸ,
2872 1090 2934 1146 Εἰ
3025 1092 3099 1163 μὴ
3155 1084 3321 1164 ἔγνως
3379 1091 3629 1159 σεαυτὴν,
3688 1095 3777 1143 νῦν
3828 1091 3860 1144 ’ὁ

2197 1180 2419 1253 ᾐνίξατο
2454 1177 2826 1234 ἀποδεικνύων
2866 1179 3044 1257 φησί’
3091 1183 3166 1253 Τῇ
3220 1180 3370 1251 ἰππῳ
3424 1200 3530 1251 μου
3574 1178 3625 1233 ἐν
3677 1176 3858 1254 ἅρμα-

2200 1291 2278 1323 σιν
2342 1270 2543 1345 Φαραὼ
2637 1268 2901 1341 ὠμοίωσά
2961 1290 3039 1340 σε,
3106 1271 3139 1337 ἡ
3199 1267 3435 1338 πλησίον
3504 1290 3628 1341 μου.
3672 1271 3862 1324 Ταῦτα

2200 1357 2258 1414 δέ
2300 1357 2389 1413 ’ίνα
2446 1362 2589 1436 σαφῆ
2645 1360 2880 1433 γένοιτο,
2943 1357 3084 1412 οὕτω
3144 1358 3459 1412 συντακτέον
3497 1376 3510 1389 ·
3572 1360 3648 1429 Τῇ
3696 1354 3861 1427 ἵππῳ

2204 1471 2306 1521 μου
2386 1448 2634 1521 ὁμοίωσά
2718 1469 2794 1517 σε,
2872 1448 2905 1516 ἡ
2984 1445 3219 1517 πλησίον
3307 1467 3433 1519 μου,
3531 1444 3583 1500 ἐν
3653 1445 3859 1521 ἅρμασι

2202 1538 2424 1614 Φαραὼ,
2474 1536 2640 1611 ἤγουν
2700 1542 2814 1597 τοῖς
2865 1534 3195 1597 ἀποστόλοις
3259 1556 3361 1608 μου
3416 1533 3498 1613 ἐφ’
3548 1535 3638 1599 οὖς
3668 1529 3865 1597 ἐπιϐὰς

2198 1630 2297 1697 τὴν
2354 1626 2612 1681 ἱππασίαν
2693 1625 3044 1699 ἐποιησάμεν,
3126 1625 3213 1680 ἐπὶ
3277 1627 3459 1680 πάντα
3513 1632 3615 1694 τῆς
3672 1624 3859 1679 οἴκου-

2207 1718 2373 1787 μένης
2420 1717 2487 1770 τὰ
2561 1716 2766 1790 πέρατα
2852 1714 3016 1785 ὀξέως
3099 1712 3405 1788 δραμόντας
3484 1713 3560 1775 εἰς
3610 1716 3672 1769 τὸ
3721 1712 3862 1785 ἐμὸν

2202 1807 2479 1880 κήρυγμα.
2539 1803 2774 1858 ἐοικυῖαν
2852 1805 2968 1858 κατ’
3038 1803 3232 1875 ἀρετήν
3304 1824 3359 1857 σε
3435 1800 3707 1872 ἀπέδειξα.
3764 1802 3864 1856 Διὸ

446 1898 563 1953 illis
594 1912 828 1969 pascere
857 1895 1021 1949 visus
1052 1910 1207 1958 sum,
1232 1893 1314 1949 sic
1345 1900 1401 1949 et
1431 1894 1489 1948 in
1522 1899 1599 1962 te,
1634 1910 1763 1965 quae
1810 1894 1955 1950 mihi
1995 1911 2096 1966 per

2214 1895 2384 1967 ὥσπερ
2443 1893 2495 1948 ἐν
2544 1892 2771 1955 ἐκείνοις
2830 1892 3137 1965 ποίμαίνων
3198 1890 3495 1967 δέδειγμαι,
3539 1894 3627 1947 καὶ
3686 1891 3737 1946 ἐν
3774 1894 3861 1947 σοὶ

448 1988 624 2042 ﬁdem
674 1990 835 2040 tuam
868 1984 925 2038 in
960 1999 1073 2050 me,
1110 1982 1253 2037 mihi
1308 1983 1637 2054 propinqua
1666 1999 1727 2038 es
1758 1988 1815 2038 et
1844 1983 2097 2039 necessi-

448 2076 654 2131 tudine
684 2075 1021 2144 conjuncta.
1056 2074 1118 2127 In
1146 2072 1402 2127 curribus
1447 2073 1776 2141 Pharaonis,
1809 2073 1865 2127 id
1897 2077 2006 2140 est,
2037 2072 2097 2129 in

450 2163 967 2237 gentibus,quibus
990 2162 1253 2217 insidens
1275 2162 1498 2217 Pharao
1520 2161 1911 2234 intelligibilis
1932 2162 2101 2218 vehe-

448 2256 643 2310 batur.
674 2255 874 2324 Equus
905 2251 1061 2305 enim
1091 2250 1300 2323 plurali
1334 2266 1577 2306 numero
1607 2250 1900 2322 signiﬁcat
1928 2267 2102 2322 eque-

451 2348 603 2398 stres
652 2341 866 2412 copias.
907 2344 1055 2394 Sunt
1092 2344 1290 2394 autem
1324 2340 1510 2393 sancti
1542 2338 1809 2411 apostoli,
1836 2341 2006 2410 juxta
2036 2338 2101 2393 il-

450 2432 552 2487 lud
588 2450 599 2487 :
633 2429 932 2487 Ascendens
974 2445 1145 2500 super
1190 2445 1350 2500 equos
1396 2433 1539 2498 tuos,
1571 2432 1623 2484 et
1669 2428 1956 2500 quadriga:
1990 2438 2103 2485 tua?

450 2521 724 2576 saluatio“.
751 2519 973 2574 Currus
995 2522 1190 2573 autem
1216 2516 1445 2588 mystici
1464 2517 1785 2573 Pharaonis
1807 2523 1947 2573 sunt
1967 2534 2104 2589 gen-

452 2608 602 2665 tium
636 2613 843 2674 cmtus,
882 2606 953 2662 ab
986 2605 1429 2678 improbissima
1460 2605 1647 2675 ipsius
1676 2606 1973 2661 voluntate
2006 2606 2102 2661 de-

453 2698 794 2771 pendentes.
828 2694 1051 2761 Quibus
1080 2694 1138 2749 in
1170 2694 1416 2749 coetibus
1447 2693 1704 2750 Ecclesia
1751 2694 2108 2765 praedicatio-

454 2804 589 2843 nem
622 2784 1020 2859 apostolorum
1065 2784 1332 2849 audiens,
1360 2788 1417 2839 et
1448 2784 1688 2839 credens
1720 2784 1778 2839 in
1809 2784 2103 2839 Christum

455 2875 555 2948 qui
578 2876 650 2932 ab
674 2874 819 2946 ipsis
843 2872 1291 2946 praedicabatur,
1318 2877 1493 2943 atque
1516 2872 1705 2944 ipsius
1737 2872 1941 2928 effecta
1972 2890 2106 2943 pro-

456 2965 679 3036 pinqua
711 2980 722 3019 :
759 2960 1233 3034 quandoquidem
1262 2961 1407 3015 fides
1431 2960 1805 3029 credentis,et
1826 2960 1983 3016 illius
2006 2962 2105 3033 qui

453 3052 730 3122 creditur,
758 3057 845 3107 est
867 3050 1207 3106 immediata
1240 3050 1575 3119 conjunctio
1603 3065 1614 3104 :
1641 3050 1923 3121 apostolis
1956 3050 2106 3107 assi-

456 3141 658 3198 milata
678 3146 767 3197 est
788 3142 859 3196 ab
885 3139 1012 3210 ipso
1036 3138 1426 3207 Christo,cum
1461 3137 1623 3194 illius
1655 3139 1954 3195 mandatis
1971 3141 2106 3196 obe-

453 3231 625 3299 diret,
658 3234 716 3285 et
743 3228 1125 3300 apostolicam
1156 3228 1331 3285 vitam
1364 3226 1715 3283 imitaretur.

524 3410 656 3465 Jam
690 3424 805 3480 quo
838 3407 1012 3462 modo
1059 3406 1248 3477 ipsam
1300 3404 1580 3478 apostolis
1629 3406 1992 3476 assimilarit,
2024 3407 2116 3462 vi-

456 3500 726 3555 deamus.
750 3495 912 3565 Quid,
940 3494 1155 3567 inquit,
1175 3495 1430 3567 pulchrae
1447 3496 1611 3566 facta:
1633 3506 1760 3551 sunt
1790 3512 1948 3567 gena?
1977 3501 2112 3564 tuae,

450 3590 591 3644 sicut
622 3587 856 3642 turturis
876 3588 902 3639 ?
924 3585 1137 3640 Mirum
1168 3583 1229 3638 in
1262 3585 1503 3639 modum
1547 3587 1803 3656 profecto
1853 3586 2110 3658 pulchrae

457 3678 620 3733 facta:
656 3684 795 3731 sunt
819 3690 981 3745 gena:
1013 3679 1146 3736 tuas,
1173 3689 1299 3743 que
1333 3674 1402 3727 ad
1439 3672 1885 3729 similitudinem
1918 3680 2110 3729 turtu-

454 3767 536 3823 ris
581 3764 993 3821 verecundiam
1042 3768 1099 3818 et
1144 3761 1567 3817 continentiam
1617 3763 2007 3835 amplecteris,
2054 3768 2110 3821 et

454 3854 854 3927 apostolorum
887 3852 1371 3908 consuetudinem
1406 3851 1676 3919 imitaris,
1706 3870 1811 3908 nec
1840 3853 2106 3925 gentium

454 3963 635 4017 more,
670 3945 1057 4001 immuderato
1088 3960 1370 4015 genarum
1409 3950 1574 3999 motu
1608 3945 1788 4000 uteris
1821 3946 1874 3999 in
1909 3945 2108 4017 dispu-

449 4035 773 4091 tationibus
803 4039 859 4089 et
890 4033 1067 4105 nugis
1109 4037 1166 4088 et
1208 4032 1595 4100 orationibus,
1632 4050 1696 4088 ac
1726 4035 2014 4089 edacitate
2046 4036 2105 4090 in

449 4124 595 4179 cibis
628 4124 781 4178 unde
813 4121 1039 4194 reliqua
1068 4121 1265 4177 omnis
1297 4123 1561 4177 nascitur
1605 4122 2055 4194 intemperantia
2088 4141 2101 4181 :

450 4213 551 4269 sed
585 4212 873 4284 ejusmodi
906 4211 1101 4284 potius
1134 4204 1554 4283 moderatione,
1590 4217 1654 4266 ut
1680 4212 1913 4267 conciso
1944 4230 2105 4269 com-

449 4301 757 4373 positoque
791 4315 1059 4356 sermone
1096 4315 1586 4371 supervacaneam
1633 4299 1964 4355 Graecorum
2012 4319 2107 4356 sa-

451 4389 733 4461 pientiam
768 4390 976 4444 viceris
1010 4405 1022 4442 :
1058 4388 1120 4442 in
1152 4386 1514 4442 orationibus
1546 4393 1739 4443 autem
1762 4405 1990 4459 regnum
2012 4391 2108 4448 Dei

450 4483 502 4535 et
531 4480 803 4548 iustitiam
835 4495 952 4547 ειυς
994 4478 1403 4533 tantummodo
1452 4478 1739 4549 quazras":
1774 4477 1921 4533 cibis
1969 4495 2104 4535 vero

452 4586 569 4625 non
600 4568 909 4640 exquisitis
942 4572 999 4623 et
1021 4567 1305 4639 jucundis
1330 4567 1606 4637 vescaris,
1630 4569 1731 4622 sed
1762 4568 2105 4625 necessariis

453 4662 724 4713 contenta
755 4658 859 4714 sis.
894 4659 973 4713 Ex
1006 4673 1120 4729 quo
1154 4656 1238 4725 fit,
1273 4661 1337 4710 ut
1367 4656 1643 4711 omnibus
1677 4656 1733 4711 in
1766 4658 1939 4713 rebus
1966 4664 2107 4713 tem-
2136 4680 2183 4744 Β

452 4751 727 4820 peranter
762 4748 947 4814 vivas,
974 4762 1163 4818 neque
1193 4762 1324 4801 vero
1359 4745 1480 4801 haec
1513 4747 1726 4801 referas
1756 4748 1825 4801 ad
1858 4747 2103 4819 gloriam

451 4842 509 4892 et
531 4836 982 4892 ostentationem
1008 4852 1019 4890 :
1047 4834 1187 4906 quin
1213 4835 1410 4904 etiam,
1432 4837 1587 4908 quod
1612 4836 1680 4890 ad
1707 4836 2104 4893 fortitudinem

452 4931 508 4981 et
538 4926 879 4998 patientiam
914 4929 1159 4995 spectat,
1192 4929 1312 4979 tam
1337 4924 1451 4980 leni
1484 4926 1681 4981 animo
1713 4927 1862 4982 feras
1885 4926 1944 4981 in
1968 4928 2105 4982 dex-

452 5020 577 5070 tera
604 5032 751 5085 gena
780 5019 835 5069 te
867 5014 1142 5085 percuti”,
1177 5019 1239 5068 ut
1272 5015 1618 5086 percutienti
1651 5014 1827 5069 etiam
1860 5016 2104 5071 alteram

449 5106 736 5178 praebeas,
758 5104 827 5159 ad
852 5103 1062 5159 Christi
1088 5103 1474 5157 imitationem
1498 5120 1661 5173 sequo
1688 5104 1881 5158 animo
1904 5103 2105 5176 alapas

450 5193 821 5260 sustinentis,
869 5197 924 5247 et
973 5192 1318 5246 mandatum
1381 5190 1597 5246 servari
1650 5207 1821 5261 posse
1870 5209 1930 5248 re
1979 5193 2107 5264 ipsa

451 5282 921 5354 comprobantis;
948 5286 1124 5351 atque
1148 5281 1333 5334 instar
1362 5280 1611 5334 turturis
1631 5278 1883 5336 volucris
1904 5282 2104 5339 solita-

450 5372 569 5442 riaa,
613 5370 939 5427 secedentis
972 5370 1028 5424 in
1063 5369 1464 5436 solitudinem,
1516 5369 1715 5441 ibique
1753 5370 2104 5441 jejunantis,

447 5458 624 5525 atque
662 5454 745 5509 ita
792 5452 1053 5509 docentis
1086 5450 1539 5506 ostentationem
1588 5458 1762 5525 atque
1812 5455 2105 5515 humanas

444 5540 651 5599 laudes
680 5558 807 5599 esse
838 5541 1170 5614 fugiendas.
1192 5542 1378 5611 Atque
1410 5539 1518 5596 hoc
1550 5543 1789 5613 quidem
1820 5551 1989 5617 pacto
2011 5550 2106 5604 de-

513 5737 537 5773 ⁶
565 5734 779 5794 Habac.
814 5754 900 5809 ιιι,
929 5738 985 5795 8.
1015 5737 1035 5773 ⁷
1066 5735 1273 5794 Matth.
1303 5752 1381 5805 v1,
1415 5735 1504 5792 33.
1540 5736 1561 5773 ⁸
1593 5736 1801 5803 Matth.
1834 5757 1888 5817 ν,
1917 5741 2008 5800 39.

2203 1987 2271 2056 τῇ
2305 1980 2393 2037 διά
2422 1983 2518 2051 τήν
2553 1982 2629 2044 εἷς
2656 1981 2752 2055 ἐμὲ
2794 1982 2975 2037 πίστιν
3033 1982 3193 2057 ἐγγύς
3243 2003 3368 2055 μου.
3432 1983 3517 2036 Ἐν
3565 1987 3684 2043 τοῖς
3709 2001 3867 2056 χρη-

2210 2071 2489 2145 ματίσασιν
2551 2069 2753 2145 ἅρμασι
2810 2076 2907 2126 τοῦ
2956 2076 3158 2141 νοητοῦ
3212 2071 3437 2139 Φαραὼ,
3501 2066 3726 2140 ἔθνεσιν,
3786 2072 3867 2132 ὡς

2207 2161 2426 2239 φέρουσι
2481 2165 2670 2215 τοῦτον
2732 2159 2784 2214 ἐν
2865 2162 3076 2221 ἑαυτοῖς
3136 2160 3537 2233 ἐποχούμενον.
3600 2160 3695 2216 Καὶ
3753 2158 3865 2234 γάρ

2200 2248 2371 2311 *ἱππος
2405 2251 2497 2323 μὲν
2542 2247 2921 2320 πληθυντικῶς
2971 2248 3215 2305 καλεῖται
3256 2252 3290 2318 ἡ
3325 2250 3525 2317 ἱππική
3584 2246 3818 2321 δύναμις
3852 2267 3865 2278 ·

2208 2340 2331 2409 ἥτις
2388 2338 2529 2393 ἐστὶν
2570 2341 2621 2393 0't
2661 2340 2807 2413 ἅγιοι
2878 2338 3178 2393 ἀπόστολοι
3256 2340 3393 2393 κοιτά
3442 2338 3528 2409 τὸ,
3588 2332 3868 2412 Ἐπιϐήσῃ
3916 2344 3919 2345 ⁷

3036 2429 3132 2482 Καὶ
3191 2431 3225 2497 ἡ

2208 2518 2383 2594 τῃρία,
2419 2522 2671 2591 Ἅρματα
2720 2516 2777 2572 δὲ
2818 2522 2919 2572 τοῦ
2974 2522 3177 2587 νοητοῦ
3227 2520 3430 2592 Φαραὼ
3458 2518 3525 2572 τὰ
3554 2522 3660 2571 τῶν
3699 2517 3877 2571 ἐθνῶν

2217 2609 2554 2679 συστήματα,
2616 2608 2689 2668 ὡς
2753 2606 3095 2680 ἐξηρτημένα
3157 2610 3253 2660 τοῦ
3310 2607 3690 2681 πονηροτάτου
3736 2607 3877 2680 βου-

2216 2696 2467 2768 λήματος
2498 2695 2684 2752 αὐτοῦ.
2737 2697 2821 2749 Ἐν
2864 2696 2942 2757 οἷς
3005 2696 3340 2767 συστήμασιν
3393 2698 3427 2763 ἡ
3454 2700 3550 2749 τοῦ
3581 2694 3880 2769 κηρύγμα-

2214 2807 2308 2847 τος
2376 2790 2483 2840 τῶν
2545 2784 2866 2840 ἀποστόλων
2919 2785 3189 2839 ἀκούσασα
3250 2782 3572 2855 Ἐκκλησία,
3620 2784 3711 2839 καὶ
3775 2805 3875 2837 πιο

2211 2429 2297 2483 ἐπὶ
2354 2428 2480 2491 τοῦς
2539 2427 2745 2489 ἵππους
2831 2450 2946 2486 σου.
3036 2429 3132 2482 Καὶ
3191 2431 3225 2491 ἡ
3307 2428 3537 2482 ἱππασία
3614 2449 3709 2481 σου
3748 2449 3869 2481 σωο

2217 2875 2477 2929 στεύσασα
2520 2874 2595 2935 εἷς
2652 2875 2743 2928 τὸν
2793 2874 2878 2928 ὑπ’
2930 2874 3105 2927 αὐτῶν
3166 2872 3568 2947 κηρυττόμενον
3626 2874 3871 2946 Χριστὸν

2215 2964 2301 3017 καὶ
2356 2963 2550 3016 το·3του
2608 2960 2847 3033 πλησίον
2907 2963 3201 3037 γενομένη.
3261 2960 3653 3037 Ἐπειδήπερὴ
3688 2962 3881 3024 πίστις

2213 3056 2310 3107 τοῦ
2369 3052 2712 3113 πιστεύοντος
2759 3051 2847 3105 καὶ
2895 3055 2992 3105 τοῦ
3041 3050 3433 3124 πιστευομένου
3474 3052 3673 3123 ἃμεσός
3723 3051 3883 3105 ἐστιν

2215 3138 2424 3203 ἔνωσις.
2509 3144 2641 3202 Τοῖς
2727 3136 3058 3200 ἀποστόλοις
3132 3139 3418 3212 ὡμοίωται
3506 3141 3631 3216 παρ’
3702 3141 3883 3195 αὐτοῦ

2215 3232 2447 3304 Χριστοῦ
2500 3236 2777 3292 πεισθεῖσα
2856 3236 2972 3291 ταῖς
3058 3229 3221 3284 αὐτοῦ
3300 3228 3567 3297 ἐντολαῖς,
3628 3228 3719 3283 καὶ
3780 3231 3880 3284 τὸν

2137 3298 2178 3365 C
2217 3298 2582 3374 ἀποστολικὸν
2620 3318 2736 3394 βίον
2775 3320 3156 3392 μιμησαμένη.

2297 3408 2501 3461 Λοιπὸν
2552 3409 2701 3469 ὅπως
2763 3407 3047 3481 ὠμοῖωσεν
3115 3406 3283 3477 αὐτὴν
3340 3413 3455 3468 τοῖς
3513 3406 3881 3477 ἀποστόλοις,

2224 3497 2399 3571 φησί·
2455 3497 2514 3550 Τί
2572 3498 2930 3573 ὠραιώθησαν
2976 3497 3215 3572 σιαγόνες
3278 3518 3373 3551 σου
3429 3497 3505 3558 ὡς
3563 3497 3881 3572 τρυγόνος;

2221 3588 2400 3653 Ἤτοι,
2461 3586 2787 3659 Θαυμασίῳς
2820 3586 2874 3639 at
2934 3586 3171 3660 σιαγόνες
3208 3606 3305 3639 σου
3362 3584 3695 3659 ὡραῖσμέναι
3742 3586 3885 3640 εἰσί-

2223 3678 2616 3749 μιμησαμένης
2673 3676 2770 3742 τὴν
2845 3672 2998 3745 δίκην
3063 3674 3321 3751 τρυγόνος
3381 3672 3761 3746 ἐνδειξαμένην
3825 3674 3884 3730 ἐν

2218 3763 2501 3839 ἐγκρατείᾳ
2556 3765 2618 3818 τὸ
2693 3768 2931 3841 σῶφρον,
3015 3768 3121 3817 τῶν
3197 3762 3518 3818 ἀποστόλων
3581 3762 3883 3839 ὁμήγυριν.

2215 3856 2373 3915 ’Ἡτις
2406 3853 2467 3907 οὐ
2520 3854 2654 3908 κατά
2706 3855 2767 3908 τά
2825 3850 2949 3923 ἔθνη
3001 3852 3290 3926 ἀκολάστῳ
3350 3857 3417 3927 τῇ
3460 3858 3565 3907 τῶν
3611 3854 3883 3925 σιαγόνων

2215 3944 2425 4012 κινήσει
2487 3941 2783 4016 ἐχρήσατο,
2825 3943 2960 4017 πρός
3009 3963 3068 3996 τε
3124 3940 3453 4016 ἀδολεσχίας
3481 3942 3531 3995 ἐν
3580 3938 3882 4011 διαλέξεσι,

2214 4031 2302 4086 καὶ
2364 4030 2715 4105 βαττολογίας
2791 4030 2842 4085 ἐν
2903 4037 3234 4107 προσευχαῖς
3304 4032 3394 4085 καὶ
3455 4029 3761 4106 ἀδηφαγίας
3823 4033 3880 4087 ἐν

2220 4122 2521 4196 βρώμασιν,
2575 4119 2625 4191 ἐξ
2689 4124 2753 4189 ἧς
2810 4125 2903 4175 καῖ
2951 4121 2984 4192 ἠ
3044 4118 3213 4189 λοιπὴ
3273 4125 3417 4175 πᾶσα
3474 4118 3737 4174 ἀκολασία
3776 4121 3882 4198 ὑφ-

2218 4211 2425 4264 ίσταται
2460 4230 2471 4243 ’
2519 4208 2664 4264 ἀλλά
2718 4208 2933 4283 μᾶλλον
2985 4211 3225 4286 σώφρονι
3274 4213 3553 4278 τοσοῦτον,
3611 4209 3750 4264 ὥστε
3798 4214 3884 4283 τῷ

2214 4299 2636 4372 συντετμημένῳ
2698 4300 2791 4371 μὲν
2864 4298 2952 4352 καὶ
3043 4298 3503 4373 συντετελεσμένῳ
3564 4298 3714 4374 λόγῳ
3769 4302 3878 4367 τήν

2215 4388 2659 4463 καταργουμένην
2706 4393 2812 4441 τῶν
2847 4386 3134 4459 Ἑλλήνων
3190 4396 3407 4457 νικῆσαι
3450 4388 3640 4465 σοφίαν
3678 4409 3689 4419 ·

2218 4475 2275 4532 δὲ
2333 4482 2665 4553 προσευχαῖς
2724 4478 2823 4545 την
2890 4476 3168 4552 βασιλείαν

3752 4396 3881 4450 ταῖς

3262 4481 3359 4533 τοῦ
3429 4482 3561 4532 Θεοῦ
3618 4477 3707 4532 καὶ
3767 4480 3875 4547 τήν

2218 4564 2563 4637 δικαιοσύνην
2642 4566 2806 4621 αὐτοῦ
2887 4566 3051 4638 μόνον
3138 4571 3361 4637 ζητεῖν·
3424 4567 3514 4621 καὶ
3586 4567 3881 4641 βρώμασιν

2217 4656 2278 4711 οὐ
2334 4661 2449 4710 τοῖς
2503 4663 2775 4729 περιττοῖς
2838 4655 2928 4709 καὶ
2996 4653 3153 4725 ἡδέσι
3225 4657 3485 4731 χρῆσθαι,
3546 4655 3692 4711 ἅΛλά
3751 4663 3882 4719 τοῖς

2216 4746 2523 4821 ἀναγκαίοις
2568 4744 2888 4818 ἀρκεῖσθαι·
2974 4744 3071 4799 κᾶν
3157 4744 3394 4799 ἐντεῦθεν
3474 4744 3525 4799 ἐν
3586 4752 3715 4800 πᾶσι
3777 4751 3880 4821 ζῇν

2215 4832 2508 4909 ἐγκρατῶς,
2568 4835 2655 4888 καὶ
2715 4832 2856 4908 μηδὲ
2911 4835 3047 4909 πρὸς
3105 4832 3356 4907 ἐπίδειξιν
3416 4838 3581 4888 ταῦτα
3639 4841 3820 4891 ποιεῖν
3866 4857 3878 4867 ·

2219 4923 2428 4997 μᾶλλον
2463 4921 2519 4977 δὲ
2548 4923 2637 4977 καὶ
2667 4925 2729 4978 τὸ
2794 4921 3038 4999 ἀνδρεῖον
3088 4928 3342 4978 τοσοῦτον
3379 4920 3768 4994 ἐνδείκνυσθαι,
3800 4926 3883 4988 ὡς

2215 5012 2387 5075 οὕτως
2443 5012 2693 5074 ἐπιεικῶς
2752 5013 2926 5089 φέρειν
2974 5014 3036 5067 τὸ
3096 5012 3146 5067 ἐν
3198 5017 3265 5086 τῇ
3316 5010 3461 5085 δεξιᾷ
3519 5014 3718 5087 σιαγόνι
3776 5014 3883 5089 ῥά-

2213 5122 2411 5174 πισμα,
2446 5101 2583 5155 ὥστε
2630 5102 2873 5179 στρέφειν
2916 5107 2994 5175 τῷ
3045 5102 3321 5179 ῥαπίζοντι
3377 5101 3467 5156 καὶ
3496 5104 3595 5172 τήν
3660 5101 3878 5174 ἄλλην,

2213 5190 2347 5245 κατὰ
2393 5188 2625 5263 μίμησιν
2705 5192 2939 5265 Χριστοῦ
3017 5191 3271 5265 φέροντος
3317 5189 3643 5263 ἀνεξικάκως
3703 5190 3883 5266 ῥαπί·

2215 5300 2411 5351 σματα,
2444 5282 2529 5334 καὶ
2580 5280 2641 5334 τὸ
2700 5276 2923 5334 δυνατὸι
2975 5286 3075 5349 τῆς
3134 5279 3365 5348 ἐντολῆς
3410 5283 3477 5355 τῇ
3533 5280 3720 5354 πράξει
3788 5282 3883 5356 βι-

2214 5364 2513 5437 ϐαιοῦντος,
2565 5369 2653 5423 καὶ
2702 5369 2839 5425 κατὰ
2882 5370 2944 5425 τὸ
2997 5367 3307 5447 φιλέρημον
3355 5365 3537 5443 ὄρνεον
3593 5370 3692 5438 τὴν
3738 5390 3883 5444 τρυ-

2213 5460 2345 5533 γόνα
2418 5459 2881 5535 ἀναχωρήσαντος
2984 5459 3061 5521 εἶς
3154 5460 3253 5529 τήν
3342 5453 3573 5533 ἔρημον,
3652 5459 3886 5516 κάκεῖσε

2213 5547 2622 5621 νηστεύσαντος,
2669 5550 2757 5604 καὶ
2786 5547 2958 5615 οὕτως
3003 5546 3313 5622 διδάξαντος
3361 5547 3424 5605 τὸ
3476 5544 3883 5609 ἀνεπίδεικτον.
