4078 6336
187 462 305 520 557

1231 455 1640 518 COMMENT.
1691 454 1764 514 IN
1811 452 2211 513 CANTICUM
2261 451 2558 512 CANTlC.

3483 454 3603 515 558

189 594 287 646 Καὶ
320 591 465 646 οὕτω
499 591 594 663 μὲν
655 589 970 662 θαυμασίως
1028 589 1386 664 ὡραιώθησαν
1441 587 1688 663 σιαγόνες
1746 606 1840 640 σου

1961 602 2100 643 coras
2133 587 2297 642 factae
2326 591 2465 642 sunt
2494 600 2652 657 genae
2703 590 2814 640 tuae
2863 587 3035 656 quasi
3085 587 3353 657 turturis,
3376 589 3512 643 dum
3548 595 3605 646 te

187 684 262 743 ὡς
333 680 634 758 τρυγόνος,
703 681 803 748 τὴν
864 678 1216 758 σωφροσύνην
1267 679 1384 734 κατ’
1441 675 1725 752 ἐπιθυμίαν
1787 675 1838 731 ὲν

186 769 492 846 ἀγκρατείᾳ,
566 770 655 825 καὶ
727 770 825 839 τὴν
877 765 1123 845 ἀνδρείαν
1178 768 1314 822 κατὰ
1371 767 1539 841 θυμὸν
1593 765 1643 820 ἐν
1703 765 1840 820 ὑπο-

188 863 334 933 μονῇ
392 857 842 932 ἐπιδεικνυμένης
904 878 1022 916 σου.
1079 857 1322 931 Ὁμοίως
1381 853 1438 911 δί
1469 854 1684 917 τούτοις
1718 875 1839 908 συν-

184 948 449 1019 ωραιώθη
528 946 813 1024 τράχηλός
897 967 992 1002 σου
1078 947 1153 1008 ὡς
1228 943 1530 1020 ὀρμίσκοιθ

184 1034 450 1111 σιδηροῦς
509 1057 605 1091 σου
665 1035 1030 1110 ὁτράχηΑος,
1065 1034 1140 1096 ὡς
1195 1031 1286 1088 διὰ
1313 1036 1412 1104 τὴν
1472 1031 1837 1108 ὑπερηφανίαν

182 1123 570 1199 δύσκαμπτοςθ
630 1122 777 1180 ἀλλά
831 1124 1136 1197 κέκαμπται
1199 1120 1290 1178 διὰ
1345 1120 1838 1200 μετριοφροσύνην,

180 1215 261 1278 ὡς
318 1214 575 1291 ὁρμίσκοι
634 1212 687 1268 ο¹ί
742 1211 1226 1283 κατεσκευασμένοι
1287 1211 1420 1267 εῒσὶν
1477 1209 1536 1266 ἐκ
1593 1213 1838 1286 χρυσοῦ⁶

180 1302 250 1359 οὗ
303 1306 371 1360 τὸ
428 1301 656 1377 δόκιμον
714 1302 803 1357 καὶ
858 1301 1094 1378 καθαρὸν
1128 1299 1220 1356 διὸ.
1247 1301 1308 1356 τὸ
1367 1300 1722 1375 ἀνυπόκριτον
1759 1320 1844 1371 μι-

185 1392 374 1466 μεῖταί
404 1414 500 1448 σου
527 1393 590 1448 τὸ
619 1392 868 1447 ταπεινὸν
929 1390 1208 1470 φρόνημα.
1256 1390 1317 1447 Εἰ
1375 1387 1432 1444 δὲ
1482 1387 1840 1463 ἀνυπόκριτον

174 1482 686 1559 ταπεινοφροσύνην
745 1483 774 1536 6
833 1480 1096 1557 ὁρμίσκος
1130 1479 1407 1553 σημαίνει,
1441 1478 1515 1540 ὡς
1549 1475 1780 1552 ε’ίρηται,
1814 1477 1842 1532 ὁ

174 1574 278 1641 τῆς
339 1571 564 1649 νύμφης
596 1568 831 1647 Χριστοῦ
886 1567 1169 1646 τράχηλος
1196 1569 1270 1633 ὡς
1297 1567 1550 1644 ὀρμίσκοι
1584 1564 1841 1621 ἰπαινού-

179 1683 393 1736 μενος,
443 1662 533 1716 καὶ
591 1659 807 1730 πλῆθος
865 1657 1112 1737 ἱμφαίνει
1170 1659 1412 1732 ἀρετῶν,
1459 1656 1550 1712 καὶ
1605 1658 1706 1726 τήν
1760 1653 1841 1732 ἐφ’

175 1751 384 1824 ἑκάστῃ
437 1747 935 1826 ταπεινοφροσύνην
973 1792 986 1804 .
1052 1754 1138 1810 Ὡς
1214 1747 1319 1823 γὰρ
1379 1747 1407 1802 6
1467 1745 1733 1822 ὁρμίσκος
1785 1746 1837 1800 ἐν

177 1841 337 1917 ὀρθῷ
365 1843 447 1912 τῷ
479 1839 725 1914 σχήματι
757 1836 1106 1913 χαλκευθεὶς,
1157 1835 1378 1910 ὕστερον
1437 1836 1740 1908 κάμπτεται
1769 1837 1837 1908 τῇ

1949 681 2005 732 et
2053 677 2110 731 in
2160 675 2503 732 cohibendis
2553 691 2654 746 per
2703 676 3123 732 abstinentiam
3174 678 3603 750 cupiditatibus

1947 771 2400 840 temperantem,
2425 771 2482 823 et
2511 765 2570 820 in
2597 765 2898 822 iracundia
2919 784 3022 840 per
3042 769 3384 840 patientiam
3409 773 3606 828 mode-

1950 857 2136 912 randa
2166 857 2377 912 fortem
2411 872 2476 913 ac
2513 860 2814 912 strenuam
2861 857 3104 928 praebes.
3139 858 3354 915 Collum
3400 860 3602 917 itidem

1616 944 1679 998 οὐ
1735 947 1839 1018 γὰρ
1947 947 2244 1018 pulchrum
2271 947 2543 1002 effectum
2585 949 2695 1012 est,
2725 945 2865 1000 sicut
2912 947 3167 1005 monilia.
3198 948 3400 1021 Neque
3446 951 3603 1006 enim

1950 1035 2054 1090 tibi
2091 1036 2340 1092 ferreum
2365 1041 2454 1092 est
2477 1034 2712 1105 collum,
2737 1040 2801 1090 ut
2821 1040 3059 1107 propter
3087 1039 3426 1109 superbiam
3453 1040 3606 1097 ﬂecti

1953 1130 2238 1196 nequeat:
2269 1126 2368 1181 sed
2403 1130 2639 1197 propter
2668 1126 3008 1180 modestiam
3034 1126 3199 1183 facile
3220 1130 3365 1184 verti
3397 1132 3606 1202 possit,

1953 1219 2016 1269 ut
2048 1215 2292 1271 monilia
2320 1233 2388 1270 ex
2419 1233 2562 1271 auro
2612 1215 2910 1270 elaborata
2944 1234 2956 1272 :
2990 1219 3160 1288 cujus
3205 1220 3444 1291 quidem
3478 1221 3606 1277 auri

1952 1304 2303 1374 probitatem
2329 1322 2394 1360 ac
2426 1305 2741 1377 puritatem
2776 1305 3082 1362 humilitas
3102 1313 3205 1364 tua
3228 1310 3606 1382 simplicitate

1952 1409 2068 1448 non
2100 1393 2240 1449 ﬁcta
2271 1395 2557 1450 imitatur.
2583 1396 2743 1459 Quod
2779 1394 2825 1450 si
2862 1396 3105 1451 minime
3133 1398 3472 1455 simulatam
3504 1401 3609 1457 hu-

1953 1481 2262 1538 militatem
2297 1482 2513 1539 monile
2543 1483 2858 1556 significat,
2894 1488 2958 1539 ut
2988 1485 3211 1541 dictum
3245 1492 3354 1557 est,
3377 1505 3608 1560 sponsae

1950 1570 2167 1626 Christi
2200 1571 2412 1627 collum
2440 1577 2723 1644 tanquam
2755 1573 2999 1630 monilia
3025 1577 3524 1645 commendatum,
3551 1583 3609 1634 et

1950 1659 2232 1716 virtutum
2282 1661 2506 1717 indicat
2554 1662 3020 1734 multitudinem,
3062 1669 3119 1720 et
3166 1665 3516 1738 implicitam
3550 1669 3610 1724 in

1950 1749 2200 1824 singulis
2243 1752 2562 1808 virtutibus
2626 1752 3043 1809 humilitatem.
3097 1757 3606 1820 Quemadmodum

1947 1839 2106 1895 enim
2134 1841 2348 1897 monile
2376 1845 2532 1896 recta
2555 1841 2743 1913 ﬁgura
2766 1841 2928 1913 prius
2953 1843 3024 1898 ab
3054 1842 3275 1899 artiﬁce
3299 1846 3606 1915 conﬂatur,

172 1928 346 2007 χρείᾳ
405 1925 1180 2030 συσχηματιζόμενος,οοῧτως
1213 1925 1241 1980 6
1270 1927 1371 1994 τὴν
1405 1924 1598 2030 ἀρετὴν
1629 1923 1840 2030 fuit,“

1961 1929 2156 1987 leinde
2189 1931 2248 1986 in
2279 1931 2565 1987 circulum
2598 1934 3046 1989 accommodate
3067 1935 3138 1990 ad
3167 1951 3340 1991 usum
3362 1936 3609 1993 circum-

169 2022 532 2074 ταπεινοῦται
592 2014 682 2072 διὰ
737 2010 1166 2093 συγκατάϐασιν,
1228 2013 1404 2090 ὀρθῶς
1461 2011 1534 2068 ὢν
1592 2013 1672 2085 τῷ
1738 2011 1842 2090 βίῳ

172 2109 266 2163 καὶ
328 2107 402 2173 ττῖ
464 2106 896 2185 μετριοφροσύνῃ
951 2105 1373 2178 καμπτόμενος.
1433 2103 1734 2179 Τράχηλος
1790 2099 1850 2156 δὲ

169 2191 662 2273 περιϐεϐλημὲνος
708 2197 807 2266 τήν
883 2193 1426 2271 ταπεινοφροσύνηνξ,
1503 2193 1565 2246 τὸ
1623 2191 1847 2267 λογικόν

169 2286 288 2342 ἐστι
320 2293 423 2355 τῆς
453 2289 660 2361 ψυχῆς
695 2283 726 2339 δ
772 2281 927 2354 δίκην
974 2281 1267 2360 τραχήλου
1325 2283 1685 2343 συνάπτοντος
1744 2281 1845 2350 τήν

167 2374 426 2454 κεφαλὴν
488 2379 568 2446 τῷ
627 2373 810 2446 λοιπῷ
859 2374 1094 2446 σώματι,
1157 2373 1410 2427 συνάπτει
1467 2371 1558 2426 τὸν
1605 2373 1730 2425 νοῦν
1780 2373 1848 2444 τῇ

175 2467 460 2537 αἰσθήσει,
510 2463 638 2526 τοὺς
707 2464 801 2536 μὲν
847 2464 984 2518 κατά
1030 2467 1154 2516 νοῦν
1211 2461 1408 2538 λόγους
1457 2465 1566 2516 τῶν
1622 2461 1848 2542 ἀρετῶν⁹

178 2557 326 2611 κατὰ
352 2554 489 2617 τοὺς
539 2553 750 2609 τούτῶν
791 2553 1027 2630 τρόπους
1059 2551 1289 2626 κατάγον
1344 2550 1481 2626 πρὸς
1512 2552 1612 2620 τήν
1659 2547 1849 2620 αἶ’σθηο

172 2668 287 2714 σιν,
345 2644 484 2706 τοῦς
541 2640 598 2698 δὲ
649 2642 890 2719 τρόπους
921 2640 1086 2697 πάλιν
1135 2641 1314 2696 αὐτῶν
1347 2639 1481 2695 κατᾶ
1538 2638 1692 2707 τοῦςί
1717 2637 1851 2693 τού-

167 2757 285 2790 των
347 2733 551 2808 λόγους
609 2731 806 2808 ἀνάγον
867 2730 1004 2803 πρὸς
1060 2734 1204 2786 νοῦν.
1261 2730 1331 2785 ’Ὁ
1389 2729 1478 2782 καὶ
1545 2727 1848 2800 κάμπτεται

169 2823 270 2881 διὰ
297 2821 823 2899 ταπεινοφροσύνην,
857 2821 934 2893 μὴ
986 2817 1075 2874 διά
1123 2820 1218 2888 τὴν
1271 2816 1418 2888 ἀξίαν
1468 2816 1850 2889 ἐπαιρόμενον,

168 2911 328 2968 ἀλλὰ
360 2909 454 2967 διὰ
503 2912 595 2965 τὸν
655 2914 792 2986 χοῦν
827 2903 1285 2981 συστελλόμενον.
1345 2905 1451 2962 Καὶ
1496 2905 1639 2960 οὕτω
1670 2905 1769 2973 τὴν
1797 2903 1848 2975 ἐξ

169 3001 350 3056 ἐθνῶν
422 2999 771 3070 Ἐκκλησίαν,
839 3001 908 3072 τῇ
983 2997 1034 3067 ἐξ
1124 2994 1346 3072 Ἰσραὴλ
1403 2992 1692 3069 ,ὁμηγύρει
1741 2997 1848 3048 τῶν

176 3089 518 3148 ἀποστόλων
576 3087 834 3162 ὡμοίωσε
895 3084 984 3141 διὰ
1037 3091 1140 3156 τῆς
1198 3086 1276 3147 είς
1340 3083 1501 3139 αὐτὸν
1556 3081 1786 3144 πίστεως
1819 3083 1846 3136 6

173 3181 426 3258 νυμφίος
475 3177 678 3248 ταύτης
737 3177 1008 3250 Χριστόςο
1068 3176 1131 3230 τὸ
1205 3173 1462 3250 τριμερὶς
1511 3179 1612 3242 τῆς
1660 3175 1846 3247 ψυχῆς

170 3267 247 3324 δι’
312 3267 631 3344 ἀγκρατείας
684 3266 774 3322 καὶ
845 3265 1129 3339 ὑπομονῆς
1198 3263 1287 3318 καὶ
1345 3259 1844 3339 ταπεινοφροσύνης

1961 2018 2217 2075 ﬂectitur
2243 2037 2257 2077 :
2295 2021 2378 2077 sic
2409 2020 2586 2076 homo
2616 2021 2829 2078 virtute
2861 2022 3317 2094 perfectus,cum
3343 2025 3612 2082 absoluta

1957 2108 2086 2162 vita:
2129 2110 2528 2165 moderatione
2571 2115 2765 2167 rectus
2796 2111 2893 2175 sit,
2926 2112 3150 2168 caeteris
3197 2115 3611 2186 compatiendo

1959 2213 2062 2268 per
2090 2197 2483 2255 humilitatem
2519 2200 2771 2255 flectitur
2809 2205 2984 2274 atque
3015 2203 3362 2258 demittitur.
3387 2206 3458 2259 At
3488 2205 3611 2260 eol-

1960 2285 2082 2341 lum
2115 2288 2448 2344 humilitate
2470 2289 2926 2358 circumdatum,
2947 2295 3035 2346 est
3068 2291 3248 2346 animi
3281 2294 3427 2348 ratio
3461 2311 3612 2366 quae,

1960 2381 2023 2430 ut
2055 2376 2267 2432 collum
2301 2377 2524 2449 reliquo
2551 2379 2778 2449 corpori
2812 2389 2990 2451 caput
3018 2382 3341 2454 conjungit,
3375 2383 3459 2439 sic
3490 2385 3620 2455 ipsa

1960 2470 2220 2521 mentem
2244 2483 2376 2521 cum
2405 2467 2678 2523 sensibus
2705 2469 2998 2524 connectit
3025 2486 3038 2523 :
3063 2470 3205 2525 dum
3229 2488 3297 2526 ex
3329 2473 3610 2528 virtutum

1961 2554 2164 2610 habitu
2222 2561 2474 2611 mentem
2537 2573 2639 2628 per
2685 2557 2944 2613 actiones
2991 2558 3265 2614 sensibus
3315 2560 3617 2632 applicat:

1962 2660 2293 2715 sensusque
2325 2662 2559 2700 rursum
2581 2663 2649 2701 ex
2680 2648 2966 2701 virtutum
2989 2649 3329 2720 praescripto
3351 2651 3423 2705 ad
3457 2667 3620 2708 men-

1960 2739 2078 2788 tem
2111 2734 2358 2789 reducit.
2395 2735 2672 2790 Flectitur
2717 2735 2853 2790 item
2889 2752 2993 2806 per
3022 2736 3441 2804 humilitatem,
3476 2740 3618 2796 dum

1961 2839 2078 2878 non
2111 2840 2178 2878 ex
2210 2823 2443 2895 propria
2466 2824 2764 2879 extollitur
2785 2825 3109 2896 dignitate:
3136 2827 3235 2881 sed
3261 2844 3328 2882 ex
3359 2828 3620 2900 pulveris

1959 2928 2024 2966 ac
2074 2913 2330 2967 materiae
2380 2912 2706 2983 abjectione
2753 2912 3103 2970 demittitur.
3137 2915 3241 2971 His
3292 2917 3622 2974 rationibus

1960 2999 2276 3056 Ecclesium
2321 3016 2390 3056 ex
2441 3002 2717 3074 gentibus
2764 3010 3023 3058 coactam
3073 3021 3176 3075 per
3220 3005 3396 3062 ﬁdem
3447 3007 3508 3062 in
3559 3024 3622 3063 se

1957 3107 2216 3162 sponsus
2273 3090 2464 3161 ipsius
2511 3089 2810 3161 Christus,
2860 3092 3262 3161 apostolorum
3309 3095 3478 3150 οξεῑυί
3541 3113 3611 3151 ex

1956 3177 2137 3234 Israel
2187 3178 2536 3234 assimilavit
2583 3195 2596 3236 :
2647 3179 2940 3251 triplicem
2999 3181 3178 3237 animi
3232 3189 3461 3255 partem
3512 3201 3614 3256 per

1954 3267 2375 3324 continentiam
2393 3273 2450 3323 et
2480 3267 2822 3340 patientiam
2841 3273 2898 3325 et
2921 3269 3336 3341 humilitatem,
3361 3290 3431 3329 ex
3454 3279 3616 3331 statu

169 3359 236 3415 ἰκ
313 3342 416 3414 τοῦ
491 3356 638 3432 παρὰ
716 3355 871 3431 φύσιν
945 3355 1082 3429 πρὸς
1154 3353 1217 3410 τὸ
1276 3352 1412 3408 κατά
1467 3350 1623 3430 φύσιν
1683 3349 1845 3406 ἐπαν-

1961 3363 2182 3412 naturas
2213 3356 2504 3413 contrario
2531 3358 2602 3413 ad
2634 3357 2904 3413 habitum
2939 3364 3160 3416 naturae
3194 3369 3616 3435 congruentem

163 3447 432 3524 αγαγὼν,
478 3444 570 3500 καὶ
627 3442 946 3515 ἀπαλλάξας
1006 3449 1106 3512 τῆς
1171 3439 1261 3497 διά
1318 3442 1417 3511 τήν
1478 3438 1728 3495 ἀπιστίαν
1763 3459 1851 3512 με·

165 3537 514 3606 λανότητος.

762 3645 875 3694 Τῶν
918 3647 964 3716 γ’
1002 3638 1277 3715 Πατὲρων.

250 3733 328 3791 O't
388 3729 448 3786 δὶ
503 3731 600 3786 τοῦ
655 3729 895 3807 νυμφίου
944 3727 1097 3808 φίλοι
1155 3729 1279 3803 (εἶεν
1341 3725 1398 3782 δὶ
1451 3727 1666 3791 πάντως
1697 3729 1850 3784 οὗτοι

173 3825 238 3878 οἳ
306 3823 456 3898 ἅγιοι
511 3818 754 3897 ἄγγελοι,
815 3821 888 3881 ὡς
941 3820 1003 3874 τὸ
1059 3819 1223 3873 αὐτοῦ
1273 3821 1556 3881 ποιοῦντες
1594 3819 1854 3893 πανάγιον

172 3910 438 3983 θέλημα)
490 3911 558 3964 τά
613 3910 735 3981 ἑξῆς
790 3909 1176 3984 ὑπισχνοῦνται
1208 3910 1280 3982 τῇ
1305 3905 1518 3984 νύμφῃ,
1573 3903 1848 3982 λέγοντεςο

167 4001 561 4073 Ὀμοιώματα
618 3996 850 4074 χρυσίου
907 3997 1229 4069 ποιήσωμέν
1289 4017 1373 4050 σοι
1437 3995 1570 4067 μετά
1623 3997 1853 4070 στιγμάο

167 4113 294 4146 των
361 4092 461 4143 τοῦ
518 4089 805 4164 ἀργυρίου,
859 4083 962 4148 ἓως
1021 4087 1082 4140 οῦ
1142 4089 1170 4140 6
1231 4082 1489 4160 βασιλεὺς
1545 4083 1595 4139 ὲν
1637 4083 1854 4140 ἀνακλί-

169 4201 264 4236 σει
332 4177 519 4234 αὐτοῦ.
583 4179 814 4252 Ἤγοῦν,
863 4172 1085 4243 Ἐπειδὴ
1141 4182 1244 4244 τῆς
1299 4171 1388 4228 διὰ
1416 4175 1513 4243 τὴν
1549 4171 1852 4229 εἰδωλολα-

163 4268 368 4344 τρείαν
405 4265 780 4340 μελανότητος
813 4262 1171 4338 ἀπηλλάγης,
1216 4263 1306 4318 καὶ
1355 4268 1472 4326 τοῖς
1522 4261 1851 4328 ἀποστόλοις

165 4361 300 4412 κατ’
359 4355 555 4431 ἀρετὴν
592 4354 914 4427 ὡμοιώθης,
962 4352 1051 4407 καὶ
1080 4359 1182 4422 τῆς
1230 4351 1488 4422 ἀληθείας
1533 4353 1666 4406 κατᾶ
1709 4357 1853 4428 γνῶ-

169 4468 267 4502 σιν
307 4444 460 4518 ἐρᾷς,
489 4443 590 4512 τήν
643 4443 737 4515 μὶν
781 4443 925 4498 Θείαν
977 4440 1130 4520 φύσιν
1170 4439 1336 4510 αὐτὴν
1369 4441 1468 4510 τὴν
1521 4439 1855 4517 άσυγκρίτως

166 4536 377 4603 πάσης
444 4533 655 4610 φύσεως
728 4532 1130 4607 ὑπερᾶχουσαν,
1187 4530 1427 4606 καθάπερ
1484 4534 1590 4584 τῶν
1642 4529 1853 4586 λοιπῶν

168 4624 349 4680 ὑλων
425 4623 454 4676 ὁ
538 4621 782 4699 χρυσὸς,
859 4619 1200 4698 παραστῆσαί
1271 4640 1361 4674 σοι
1429 4618 1490 4674 ού
1559 4617 1852 4692 δυνάμεθα·

1959 3445 2253 3518 redigens,
2277 3450 2333 3502 et
2364 3447 2728 3519 nigredinem
2761 3447 2952 3520 ipsius
2977 3449 3222 3506 abluens
3255 3456 3620 3510 contractam

1959 3552 2027 3591 ex
2055 3535 2422 3591 inﬁdelitate.

2546 3643 2736 3698 Trium
2776 3648 3030 3699 Patrum.

2033 3731 2214 3786 Amici
2247 3735 2446 3787 autem
2469 3731 2670 3802 sponsi
2695 3731 2837 3800 (sint
2857 3723 3053 3787 autem
3083 3732 3142 3787 hi
3165 3733 3407 3790 omnino
3430 3733 3623 3790 sancti

1962 3820 2177 3893 angeli,
2210 3820 2428 3892 quippe
2459 3819 2561 3890 qui
2593 3819 2988 3876 sanctissimas
3018 3820 3182 3877 illius
3213 3822 3627 3894 obtemperant

1960 3909 2270 3980 voluntati)
2299 3925 2367 3964 ea
2398 3925 2526 3981 qum
2567 3914 2912 3980 sequuntur,
2944 3926 3174 3981 sponsa
3217 3911 3575 3983 pollicentur
3611 3931 3625 3970 :

1960 3998 2377 4055 Similitudines
2433 4001 2568 4054 auri
2620 3998 2894 4072 faciemus
2961 3999 3066 4054 tibi
3133 4016 3259 4055 cum
3310 4001 3627 4057 distinctio-

1961 4091 2122 4145 nibus
2171 4090 2407 4160 argenti,
2439 4103 2711 4161 quousque
2758 4105 2858 4143 rex
2886 4090 2946 4142 in
2977 4089 3232 4145 accubitu
3276 4093 3450 4160 luerit
3504 4107 3623 4162 suo.

1964 4178 2138 4244 Quasi
2190 4178 2434 4232 dicant:
2468 4177 2746 4248 quoniam
2781 4194 2814 4232 a
2853 4177 3158 4249 nigredine
3208 4194 3276 4233 ex
3329 4179 3622 4236 idolorum

1963 4267 2124 4323 cultu
2153 4271 2454 4323 contracta
2495 4266 2744 4322 liberata
2786 4282 2870 4335 es,
2903 4270 2960 4322 et
2991 4268 3274 4340 apostolis
3306 4286 3409 4341 per
3439 4271 3628 4326 virtu-

1961 4361 2078 4412 tem
2111 4355 2325 4412 similis
2375 4356 2622 4424 reddita,
2655 4360 2712 4411 et
2742 4358 3162 4428 cognoscendae
3191 4358 3453 4414 veritatis
3499 4365 3624 4416 stu-

1963 4445 2176 4501 diosa:
2224 4461 2330 4500 nos
2383 4450 2658 4500 naturam
2717 4444 2959 4516 quidem
3021 4445 3307 4516 divinam,
3357 4463 3506 4518 qum,
3561 4452 3630 4503 ut

1964 4551 2173 4589 aurum
2205 4533 2321 4590 alia
2345 4550 2481 4589 cum
2515 4533 2762 4588 materia
2796 4532 2979 4600 nulla,
3006 4534 3092 4589 sic
3125 4534 3254 4605 ipsa
3284 4536 3466 4592 nullis
3489 4553 3623 4592 cum

1963 4622 2097 4679 aliis
2129 4623 2356 4678 naturis
2388 4621 2714 4694 comparari
2751 4626 2966 4694 potest,
2996 4624 3228 4678 tradere
3251 4623 3495 4681 minime
3525 4642 3625 4681 va-

165 4714 423 4779 άθὲατος
480 4712 582 4786 γάρ
637 4709 746 4765 ἐστι
801 4715 931 4764 πᾶσι
980 4709 1070 4765 καὶ
1101 4707 1509 4779 ἀιατάληπτος.
1541 4707 1846 4781 Εἷκάσματα

1962 4695 2154 4767 lemus
2188 4729 2202 4767 :
2235 4728 2368 4767 cum
2399 4727 2468 4766 ea
2518 4727 2621 4766 nec
2655 4710 2847 4766 oculis
2881 4711 3064 4780 cerni,
3099 4729 3204 4767 nec
3236 4718 3431 4769 mente
3463 4731 3628 4770 com-

164 4803 235 4860 δᾶ
272 4823 411 4858 τινα
464 4801 669 4870 ταύτης
726 4799 786 4855 ἐκ
834 4802 933 4872 τῆς
987 4804 1092 4854 τῶν
1150 4794 1320 4853 ὄντων
1356 4797 1602 4873 θεωρίας,
1634 4794 1850 4868 δηλαδή

159 4894 323 4954 τοὺς
361 4887 520 4960 δίκην
553 4890 864 4965 στιγμάτων
896 4888 1162 4964 ἀργυρίου
1209 4884 1501 4962 τηλαυγεῖς
1551 4887 1638 4941 καὶ
1686 4907 1852 4960 μεμε-

163 4979 491 5058 ρισμὲνους
521 4977 574 5032 ἓν
603 4981 685 5049 τῷ
715 4979 868 5032 παντὶ
905 4975 1126 5052 λόγους,
1176 4973 1532 5048 ὑποδείξομᾶν
1586 4996 1692 5042 σοι,
1747 4973 1851 5038 ἕως

161 5072 240 5128 οὗ
307 5069 344 5123 6
374 5071 486 5122 τῶν
515 5067 662 5121 ’ὀλῶν
694 5066 968 5136 Δεσπότης
999 5065 1133 5134 αύτή
1177 5067 1212 5134 ἡ
1245 5062 1496 5134 ἀλήθεια,
1551 5063 1602 5118 ιν
1658 5063 1855 5119 ἐπανα-

1961 4800 2243 4872 prehendi
2276 4803 2453 4871 queat
2488 4815 2500 4854 :
2537 4799 2856 4855 simulacra
2905 4804 3102 4855 tamen
3137 4801 3326 4872 ipsius
3357 4804 3627 4874 quaedam

1961 4905 2029 4944 ex
2059 4905 2254 4944 rerum
2288 4887 2655 4943 naturalium
2707 4891 2946 4960 aspectu
2997 4893 3055 4943 et
3103 4891 3626 4961 contemplatione,

1962 4983 2203 5050 argento
2246 4977 2414 5050 quasi
2464 4976 2745 5032 distincta
2790 4993 2857 5032 ac
2905 4977 3292 5033 vermiculata
3341 4979 3626 5037 faciemus

1960 5067 2090 5135 tibi,
2115 5084 2318 5123 eorum
2342 5082 2472 5138 quae
2503 5066 2559 5120 in
2593 5065 2815 5121 mundo
2838 5071 3000 5130 sunt,
3025 5067 3284 5122 rationes
3320 5071 3629 5124 ostenden-

156 5158 393 5215 παύσει
454 5154 621 5210 αὐτοῦ
663 5156 734 5226 τῇ
784 5153 837 5209 ἒν
885 5154 994 5226 σοὶ,
1045 5152 1246 5208 οίκεῖον
1295 5151 1671 5231 ζκσφράγισμα
1701 5175 1856 5208 σεαυ-

155 5249 283 5316 τὴν
348 5239 632 5316 ἀποδεξῃ,
661 5243 946 5306 κάντεῦθεν
996 5245 1143 5316 γνῷς
1192 5241 1384 5310 ἑαυτὴν
1423 5241 1516 5315 μὶν
1550 5240 1729 5296 εἰκόνα
1759 5242 1857 5296 αύ-

155 5338 279 5393 τοῦ
318 5331 416 5387 καὶ
473 5332 759 5406 ὁμοίωμα,
809 5331 972 5386 αὐτὸν
1022 5327 1078 5385 δὶ
1123 5329 1174 5384 ἐν
1210 5330 1293 5384 σοὶ
1325 5331 1708 5403 ποιμαίνοντα,
1766 5330 1856 5386 καὶ

157 5425 382 5496 ὥσπερ
411 5442 518 5476 τινι
543 5418 800 5496 σφραγῖδι
839 5420 890 5474 ὲν
946 5423 1026 5492 τῷ
1084 5415 1210 5492 ἴδίῳ
1267 5417 1616 5493 ἐκτυπώματι
1672 5441 1855 5476 κοιτα-

159 5517 232 5588 ζό
243 5531 429 5591 μενον
440 5555 456 5569 .

1961 5160 2073 5220 tes,
2108 5157 2302 5227 quoad
2355 5172 2550 5210 rerum
2601 5155 2866 5210 omnium
2915 5153 3220 5222 Dominus,
3246 5157 3342 5227 qui
3375 5163 3465 5212 est
3496 5157 3626 5230 ipsa

1965 5245 2202 5312 veritas,
2234 5245 2292 5299 in
2324 5249 2380 5300 te
2409 5243 2582 5300 veluti
2630 5243 2687 5298 in
2721 5243 2996 5298 accubitu
3027 5248 3085 5299 et
3116 5246 3314 5314 requie
3345 5263 3453 5301 sua
3483 5263 3623 5302 con-

1965 5335 2298 5406 quiescens,
2327 5333 2618 5406 propriam
2654 5333 3109 5389 similitudinem
3143 5351 3312 5390 suam
3345 5340 3400 5390 te
3432 5337 3624 5409 ipsam

1966 5425 2259 5493 ostendat,
2291 5427 2356 5478 ut
2405 5427 2651 5478 tutemet
2699 5422 2888 5495 ipsius
2946 5422 3264 5494 imaginem
3315 5441 3627 5497 agnoscas,

1966 5529 2222 5585 eumque
2259 5513 2319 5568 in
2351 5517 2408 5569 te
2438 5516 2779 5584 pascentem
2827 5516 2886 5568 et
2932 5516 3218 5585 tanquam
3272 5513 3536 5587 sigillum
3569 5515 3630 5572 in

1965 5602 2197 5676 proprio
2231 5601 2401 5675 signo
2431 5617 2770 5674 expressum
2800 5603 3203 5661 recubantem.

2702 5710 2896 5765 Pselli.

2702 5711 2773 5765 Ps
2832 5710 2896 5765 ι’.

2037 5799 2223 5858 Amici
2261 5799 2445 5874 igitur
2492 5798 2718 5873 sponsi,
2751 5710 2826 5856 sext
2849 5727 2922 5857 iis
2955 5816 3082 5874 qua
3111 5801 3268 5860 dicta
3297 5805 3463 5872 sunt,
3499 5805 3632 5862 tum

246 5798 332 5857 οι
387 5777 581 5873 μεντοι
611 5793 766 5881 φίλοι
802 5703 1336 5876 βλὲἓοῖζὶεὲυτούτων
1363 5793 1460 5858 τὰς
1487 5793 1730 5872 ὁμιλίας,
