4072 6346
250 426 374 488 561

1306 421 1720 484 COMMENT.
1769 423 1846 482 lN
1893 422 2291 486 CAN'I‘ICUM
2338 425 2647 488 CANI‘IC.

3569 430 3686 490 562

250 527 490 619 *Αλλως
517 578 577 612 τε
607 552 664 612 δὲ
690 555 780 611 καὶ
808 554 836 610 ὀ
859 552 1228 631 προσκληθεὶς
1253 553 1483 630 Χριστὸς
1505 555 1533 609 6
1555 553 1646 608 καὶ
1666 553 1920 632 νυμφίος,

2043 562 2299 624 vocatus,
2342 559 2449 614 hoc
2503 563 2717 616 unctus
2772 565 2862 617 est
2913 565 3211 634 unguento
3260 578 3294 617 a
3346 561 3690 634 peccatrice.

255 647 353 709 Εἲς
389 646 600 702 δεῖπνον
629 646 880 720 Σίμωνος
910 644 1118 720 λεπροῦ
1149 643 1696 716 καταπεπονημένου,

255 741 429 792 Τοῦτο
460 737 523 791 τὸ
555 736 724 813 μόρον
755 734 1008 806 ἤλειπται
1041 734 1186 810 παρᾶ
1214 740 1313 803 τῆς
1347 730 1703 810 μοιχαλίδος.

254 829 315 885 Ὁ
350 825 517 902 λόγος
547 827 728 881 τοίνυν
765 827 1034 899 μέμνηται
1064 828 1160 879 τοῦ
1191 820 1391 898 νάρδου
1430 823 1848 899 προσηκόντως.

823 940 940 990 Τῶν
981 937 1028 1008 γ’
1068 933 1342 1007 Πατέρων.

333 1029 610 1090 Ἐντεῦθεν
644 1024 734 1080 οὖν
763 1027 798 1094 ἡ
832 1025 1016 1100 νύμφη
1048 1029 1165 1084 τοῖς
1212 1027 1318 1076 τῶν
1379 1023 1580 1096 ἀρετῶν
1642 1019 1924 1095 διαφόροις

255 1118 400 1171 κατὰ
453 1115 644 1190 πρᾶξιν
703 1115 800 1184 μὶν
854 1113 1106 1184 τρόποις,
1135 1111 1270 1165 κατὰ
1327 1111 1558 1186 θεωρίαν
1621 1108 1675 1165 δὲ
1729 1111 1922 1186 λόγοις

253 1211 612 1279 καθαρθεῖσαι,
674 1205 785 1258 εἶτα
855 1203 930 1263 εἷς
1000 1200 1320 1269 τελειότητα
1394 1199 1724 1274 ἐναγομένη,
1784 1200 1922 1274 πρὸς

253 1294 388 1355 τοὺς
438 1296 506 1348 τὰ
561 1291 937 1367 προειρημένα
979 1290 1117 1362 πρὸς
1169 1289 1336 1357 αὐτήν
1387 1291 1661 1364 φήσαντας
1723 1288 1924 1363 φίλους

253 1387 356 1438 τοῦ
409 1381 664 1459 νυμφίου,
704 1379 1114 1454 ἀποκρινομένη
1163 1378 1314 1455 φησί’
1362 1375 1578 1452 Νάρδος
1636 1399 1740 1450 μου
1791 1374 1925 1433 ἔδω-

255 1493 350 1526 κεν
411 1471 590 1544 ὀσμὴν
639 1466 1043 1542 αὐτοῦ’-ἤγουν,
1085 1468 1150 1522 Ἡ
1207 1466 1267 1521 ἐκ
1313 1471 1420 1520 τῶν
1468 1463 1741 1542 διαφόρων
1792 1466 1927 1522 κατᾶ

258 1561 461 1635 πρᾶξιν
517 1555 735 1633 τρόπων
782 1557 871 1612 καὶ
920 1555 1054 1610 κατᾶ
1100 1556 1328 1627 θεωρίαν
1380 1553 1582 1629 λόγων,
1627 1552 1782 1622 δίκην
1827 1562 1926 1624 τῆς

259 1651 324 1706 ἐκ
379 1647 655 1727 διαφόρων
729 1645 1035 1721 ἀρωμάτων
1116 1645 1470 1719 συγκειμένης
1520 1641 1744 1717 νάρδου,
1796 1664 1927 1717 κρα-

256 1738 496 1810 τηθεῖσα
557 1757 650 1810 μοι
707 1734 1017 1809 ἔμπρακτος
1073 1738 1292 1808 γνῶσις,
1355 1735 1628 1809 παρέσχεν
1691 1731 1924 1812 ἔμφασιν

262 1825 590 1895 αὐτοῦ,τοῦ
646 1825 762 1880 κατ’
817 1823 1003 1878 οὐσίαν
1051 1821 1349 1896 ἀπροσίτου
1405 1823 1659 1900 νυμφίου,
1723 1823 1783 1876 οὗ
1834 1823 1924 1877 τὸν

261 1921 597 1991 χαρακτῆρα
653 1913 821 1992 φέρω,
881 1913 956 1975 ὡς
1021 1911 1179 1966 εἰκὼν
1245 1911 1408 1966 αὐτοῦ
1478 1910 1567 1966 καὶ
1644 1911 1924 1984 ὁμοίωμα.

262 2005 466 2080 Μίγμα
493 2005 596 2079 γὰρ
623 2002 757 2071 αὕτη
790 2006 898 2057 τῶν
933 2001 984 2055 ἰν
1014 2005 1095 2072 τῷ
1141 2001 1300 2054 παντὶ
1356 2004 1607 2074 μετοχῶν
1662 2004 1758 2054 τοῦ
1811 2000 1927 2062 ἑνὸς

261 2099 381 2150 τῶν
435 2091 582 2147 ὅλων
625 2091 800 2146 αἰτίου
848 2090 1188 2165 ὑπάρχουσα·
1217 2089 1294 2151 ὡς
1337 2095 1522 2163 κρᾶμα
1578 2090 1713 2143 κατὰ
1771 2089 1926 2166 φύσιν

267 2185 410 2238 οὖσα
437 2188 640 2252 νοητῆς
671 2180 761 2235 καὶ
809 2179 1077 2249 αἰσθητῆς
1120 2177 1364 2245 κτίσεως,
1396 2179 1484 2232 καὶ
1537 2177 1672 2232 κατᾶ
1699 2177 1925 2253 γνώμην

259 2272 399 2335 τοὺς
429 2270 480 2326 ἰν
520 2275 601 2343 τῷ
647 2269 806 2326 παντὶ
855 2266 1058 2342 λόγους
1101 2268 1190 2322 καὶ
1238 2266 1474 2342 τρόπους
1526 2265 1577 2321 ἐν
1623 2268 1788 2341 ἑαυτῇ
1837 2287 1926 2321 κε-

264 2363 499 2437 ράσασα.
557 2358 844 2413 Κάντεῦθεν
901 2355 1178 2411 ἀποδοῦσα
1232 2361 1313 2428 τῷ
1369 2356 1485 2410 κατ’
1537 2354 1720 2410 εἷ’κόνα
1780 2354 1928 2432 λόγῳ

260 2450 363 2505 τὸν
407 2447 816 2520 καθ’ὁμοίωσιν
865 2446 1092 2522 τρόπον,
1122 2443 1173 2500 ἐν
1227 2445 1391 2518 ἑαυτῇ
1441 2449 1631 2498 τοῦτον
1671 2441 1924 2514 δεικνῗμι,

264 2541 346 2600 ὡς
381 2537 435 2593 ἐν
456 2537 622 2593 εἰκόνι
655 2537 981 2611 ἀρχέτυπον.
1016 2535 1168 2591 Ἐπεὶ
1199 2531 1264 2603 δ’,
1289 2534 1364 2596 ὡς
1393 2533 1630 2609 εἶ’ρηκεν,
1651 2531 1701 2588 ἐν
1736 2532 1924 2603 αἰσθή-

266 2649 352 2683 σει
410 2626 625 2701 γέγονεν
681 2629 779 2680 τοῦ
853 2623 1113 2700 νυμφίου,
1170 2622 1222 2676 τί
1281 2621 1486 2694 ταύτῃ;
1549 2622 1718 2684 Οἰτός
1791 2621 1924 2693 ἐστι,

265 2718 463 2794 φησὶν,
538 2712 848 2786 ἀπόδεσμος
923 2720 1153 2781 στακτῆς
1227 2709 1517 2788 ἀδελφιδός
1590 2733 1694 2783 μου
1779 2710 1923 2782 ἐμοί.

266 2809 458 2872 Ἤτοι,
495 2806 708 2880 Συνοχη
742 2802 881 2858 ἐστιν
916 2801 1040 2875 ἐμοὶ
1067 2802 1156 2856 καὶ
1187 2803 1509 2876 συντήρησις
1539 2807 1638 2869 τῆς
1691 2797 1923 2872 μεταδο-

262 2902 432 2963 τικῆς
483 2893 739 2968 σταγόνος
786 2899 886 2961 τῆς
937 2891 1080 2955 θείας
1128 2889 1375 2966 χάριτος,
1409 2891 1437 2943 6
1485 2889 1619 2943 κατά
1675 2889 1772 2956 τὴν
1828 2892 1925 2942 τοῦ

269 2981 592 3060 Συμμάχου
632 2981 919 3057 ἑρμηνείαν
969 2979 1246 3056 ἀγαπητός
1297 3000 1424 3052 μου.
1459 2979 1710 3052 Ἐπείπερ
1767 2977 1928 3040 αὐτὸς

263 3073 665 3144 πιστευόμενος
713 3072 781 3125 τὰ
825 3070 1165 3143 πνευματικὰ
1212 3073 1466 3140 συντηρεῖ
1511 3071 1578 3140 τῇ
1631 3064 1927 3137 Ἐκκλησία

266 3163 614 3238 χαρίσματα,
645 3161 734 3215 καί
765 3161 885 3230 ἱστᾷ
930 3160 1055 3219 τοὺς
1103 3157 1326 3218 πιστοὺς
1383 3161 1480 3211 τοῦ
1529 3157 1604 3228 μή
1663 3155 1770 3209 ἀπὸ
1825 3163 1926 3223 τῆς

267 3251 536 3322 ἀληθείας
585 3249 892 3323 τρέπεσθαι.
924 3249 1054 3304 Εἶτα
1095 3246 1232 3302 ὅπου
1289 3245 1340 3300 ἐν
1401 3244 1536 3319 αὐτῇ
1595 3241 1921 3320 περιπολεῦ-

266 3363 367 3402 σας
420 3341 518 3409 τὴν
581 3339 834 3414 ἀτρεψίαν
894 3337 1092 3406 ταύτην
1151 3334 1455 3411 χαρίσεται,
1515 3336 1732 3412 φάσκει·
1795 3334 1924 3389 Ἀνὰ

270 3431 442 3504 μέσον
495 3434 602 3484 τῶν
666 3432 880 3499 μαστῶν
950 3447 1054 3498 μου
1125 3425 1531 3494 αὐλισθήσεται.
1592 3423 1806 3477 Τούτων
1873 3421 1930 3477 δὲ

270 3521 438 3589 μέσον
496 3520 532 3586 ἡ
590 3513 785 3589 καρδία
828 3514 990 3582 ἐστὶν,
1051 3512 1103 3583 ἐξ
1157 3516 1222 3582 ἧς
1276 3517 1354 3582 τῶ
1413 3512 1594 3584 λοιπῷ
1626 3513 1836 3584 σώματι
1867 3511 1930 3567 τὸ

271 3608 506 3677 ζωτικὸν
575 3601 877 3660 διαδίδοται
935 3606 1192 3676 πνεῦμα·
1247 3601 1368 3670 ἥτις
1447 3601 1770 3679 ὑπεμφαίνει
1835 3602 1926 3655 τὸν

269 3697 526 3772 ἡγεμόνα
572 3699 720 3749 νοῦν·
755 3692 808 3748 ἰν
859 3694 904 3765 ᾦ
952 3690 1336 3767 περιπολεύσει
1385 3693 1412 3746 ὁ
1460 3689 1685 3766 Κύριος,
1718 3689 1842 3746 ὅταν
1892 3693 1926 3761 ἡ

271 3785 465 3861 νύμφη
500 3780 666 3837 αὐτου
697 3779 787 3836 διὰ
809 3780 1129 3850 τελειότητα
1158 3779 1306 3851 αὐτῷ
1335 3777 1672 3849 κολληθεῖσα
1718 3784 1929 3852 πνεῦμα

270 3875 502 3949 γένηται
547 3868 642 3926 ἓν·
677 3869 1074 3943 εἶσοικιζομὲνη
1128 3871 1228 3938 τήν
1288 3865 1394 3939 ἓξιν
1454 3875 1554 3939 τῆς
1596 3870 1790 3944 ἀρετῆς
1839 3866 1930 3922 διὰ

268 3970 373 4032 τῆς
413 3966 510 4016 τοῦ
565 3960 831 4035 παναγίου
879 3959 1188 4032 Πνεύματος
1235 3957 1515 4034 ἐνεργείας.
1563 3960 1641 4012 Δι’
1671 3961 1737 4027 ἧς
1787 3960 1822 4026 ἡ
1873 3956 1923 4012 ἐν

268 4053 492 4125 Χριστῷ
546 4047 894 4124 κεκρυμμὲνη
959 4048 1096 4119 ζωὴ,
1129 4046 1204 4108 είς
1263 4057 1435 4109 πασας
1490 4046 1584 4108 τὰς
1613 4053 1711 4116 τῆς
1743 4049 1928 4122 ψυχῆς

269 4138 534 4211 δυνάμεις
564 4139 637 4199 ὡς
664 4137 866 4205 ταύτης
931 4134 1071 4209 μὲλη
1133 4133 1471 4203 διοδεύσασα,
1515 4136 1767 4211 ἀτρεψίαν
1827 4136 1926 4189 αὐ-

267 4234 394 4290 ταῖς
455 4227 769 4301 ἐμποιήσει.
806 4224 908 4281 Καὶ
957 4225 1099 4278 οὕτω
1164 4224 1256 4297 μὶν
1291 4225 1318 4277 6
1348 4224 1578 4301 νυμφίος
1618 4227 1685 4296 τῇ
1736 4223 1923 4298 νύμφῃ

267 4315 449 4374 ἔσεται
499 4320 603 4371 τῶν
651 4314 835 4371 καλῶν
887 4312 1134 4388 ἀτρεψία,
1185 4311 1308 4368 ὅταν
1362 4309 1546 4367 τελεία
1603 4310 1924 4388 ἆναδειχθῇ.

977 4419 1222 4476 Ψιλλοὶ

344 4511 503 4569 Ἀλλ’
529 4511 885 4582 ἆκουσώμεθα
915 4507 1108 4563 λοιπὸν
1137 4509 1227 4562 καὶ
1255 4513 1364 4562 τῶν
1407 4508 1526 4580 ἑξῆς
1558 4505 1778 4582 λογίων.

266 4605 334 4658 Ἠ
368 4601 558 4679 νύμφη
583 4600 684 4676 γὰρ
714 4603 831 4659 ταῖς
864 4602 1170 4672 προκοπαῖς
1199 4597 1272 4658 ὡς
1305 4593 1489 4657 ἔνθους
1519 4600 1806 4670 γινομένη,

265 4695 393 4747 Ἔτι
428 4690 682 4766 συνείρειν
713 4688 892 4760 ἀγαπᾷ
919 4687 1008 4741 τὸν
1039 4684 1200 4762 λόγον
1226 4687 1360 4760 πρὸς
1392 4685 1518 4747 τοὺς
1553 4685 1764 4762 φίλους.

268 4780 421 4852 Φησὶ
498 4783 626 4853 γοῦν
695 4773 823 4832 τάδε
894 4777 1031 4850 πρὸς
1109 4774 1301 4836 αὐτοὺς
1384 4776 1519 4847 μιτά
1574 4777 1665 4830 τὸν
1725 4772 1924 4850 νάρδου

1643 4863 1828 4939 [λόγον
1839 4885 1850 4898 ·

338 4954 688 5028 Ἀπόδισμος
771 4960 1004 5023 στακτῆς
1078 4954 1106 5008 ὁ
1183 4951 1474 5031 ἀδελφιδός
1560 4975 1666 5027 μου

263 5050 372 5106 ἆνὰ
436 5048 608 5121 μάσον
657 5048 765 5100 τῶν
824 5047 1041 5116 μαστῶν
1103 5063 1207 5115 μου
1263 5041 1673 5114 αὐλισθῆσεται.

337 5139 506 5200 Ἔθος
583 5133 745 5199 ἰστὶν,
804 5131 880 5193 ὡς
957 5129 1227 5207 λέγουσιν,
1287 5133 1473 5206 κόραις
1527 5138 1644 5193 ταῖς
1703 5131 1926 5211 φιλοκό-

1643 5224 1848 5295 [σίωίῆ

267 5317 358 5384 Mi,
399 5314 562 5389 μόνον
591 5306 781 5384 ἔξωθεν
816 5310 982 5372 αὐτὰς
1015 5308 1223 5384 ἐξόχως
1252 5309 1646 5380 καλλωπίζειν,

260 5407 355 5467 Ὠς
390 5401 757 5480 ἐφελκύσωσιν
793 5397 969 5453 αὐτῶν
1000 5399 1093 5453 τὸν
1123 5398 1350 5473 ἐραστήν
1384 5398 1434 5453 ἐν
1464 5401 1646 5475 τάχει,

264 5492 451 5551 Ἀλλὰ
480 5490 568 5545 καὶ
606 5487 818 5562 μᾶλλον
855 5485 1048 5551 ἔσωθεν
1074 5488 1251 5542 αὐτῶν
1278 5493 1384 5543 τῶν
1419 5489 1671 5560 ἱματίων,

268 5579 610 5640 Κατασκιυᾶς
635 5578 876 5640 τιθέασιν
911 5576 1015 5631 ἀπὸ
1046 5581 1151 5630 τῶν
1183 5577 1519 5651 μυριπνόων.

1759 4954 1882 5028 ἐμοὶ
1908 4999 1922 5026 ,

342 5765 366 5800 ⁵
398 5759 622 5820 Coloss.
657 5775 745 5831 ιιι,
763 5759 818 5814 3.

2032 647 2229 704 Merito
2260 647 2441 719 igitur
2470 649 2639 705 nardi
2673 651 2892 706 mentio
2925 651 3080 706 facta
3110 655 3221 706 est.

2623 938 2809 992 Trium
2845 939 3079 993 Patrum
3093 978 3105 991 .

2107 1027 2336 1096 Sponsa
2358 1025 2659 1098 deinceps,
2682 1027 2860 1081 variis
2883 1027 3167 1082 virtutum
3189 1044 3324 1083 cum
3356 1028 3415 1082 in
3442 1029 3691 1100 agendo,

2036 1119 2161 1170 tum
2194 1115 2250 1169 in
2285 1115 2740 1187 contemplando
2781 1116 3036 1187 expolita
3067 1117 3304 1172 dotibus
3334 1120 3509 1187 atque
3557 1116 3692 1172 illu-

2037 1210 2245 1274 strata,
2269 1210 2329 1260 et
2349 1205 2420 1260 ad
2449 1205 2863 1276 perfectionem
2891 1206 3364 1276 progrediens,et
3384 1207 3454 1260 ad
3479 1223 3544 1260 ea
3567 1223 3694 1276 qua)

2037 1295 2150 1349 sibi
2197 1295 2268 1348 ab
2320 1294 2527 1348 amicis
2579 1293 2783 1364 sponsi
2835 1293 2990 1349 dicta
3040 1294 3292 1360 fuerant,
3327 1295 3690 1365 respondet:

2036 1383 2274 1450 Nardus,
2301 1382 2596 1454 inquiens,
2620 1399 2740 1438 mea
2770 1383 2916 1438 dedit
2944 1385 3272 1438 suavitatem
3297 1385 3416 1452 eius
3444 1401 3467 1436 :
3496 1383 3554 1437 id
3583 1388 3693 1452 est,

2038 1474 2240 1529 efﬁcax
2269 1489 2337 1527 ex
2362 1473 2609 1528 diversis
2639 1472 2849 1544 agendi
2872 1472 3338 1544 speculandique
3369 1471 3697 1528 rationibus

2038 1562 2288 1631 cognitio
2319 1561 2674 1632 conquisita,
2709 1562 2897 1616 instar
2946 1561 3111 1616 nardi
3143 1579 3212 1616 ex
3241 1560 3417 1616 variis
3469 1577 3697 1616 aroma-

2038 1652 2200 1706 tibus
2232 1649 2481 1705 conditas
2518 1651 2768 1721 praebuit
2811 1651 3110 1722 specimen
3159 1652 3319 1722 ejus;
3353 1649 3556 1721 sponsi
3605 1650 3700 1703 ni-

2039 1739 2278 1804 mirum,
2313 1755 2416 1810 per
2448 1744 2720 1794 naturam
2758 1739 3068 1803 inaccessi,
3100 1740 3270 1810 cujus
3302 1755 3404 1809 ego
3437 1739 3696 1810 speciem

2039 1845 2104 1884 ac
2138 1833 2332 1884 notam
2357 1843 2515 1899 gero,
2543 1833 2606 1882 ut
2627 1827 2820 1899 imago
2851 1827 3041 1898 ipsius
3073 1845 3139 1883 ac
3169 1827 3519 1883 similitudo.
3549 1826 3696 1882 Cum

1960 1933 2005 1997 Β
2038 1917 2195 1973 enim
2259 1916 2458 1972 mistio
2511 1917 2777 1988 quaedam
2811 1916 2884 1972 sit
2917 1932 3120 1972 eorum
3169 1933 3299 1988 quae
3357 1916 3417 1970 in
3471 1917 3696 1972 mundo

2041 2023 2220 2062 unam
2267 2005 2429 2062 illam
2463 2022 2660 2061 rerum
2691 2006 2956 2061 omnium
3007 2022 3245 2061 causam
3292 2005 3692 2077 participant:

2039 2097 2258 2169 quippe
2298 2112 2424 2168 quas
2474 2112 2540 2151 ex
2598 2094 2954 2167 intelligibili
3005 2099 3061 2150 et
3109 2093 3374 2150 sensibili
3430 2098 3697 2150 creatura

2040 2184 2386 2240 naturaliter
2428 2188 2676 2254 constet,
2711 2183 3074 2255 scientiaque
3117 2184 3375 2239 rationes
3406 2198 3600 2238 rerum
3631 2197 3697 2238 ac

2040 2275 2247 2329 modos
2277 2274 2333 2328 id
2367 2291 2429 2329 se
2460 2273 2885 2344 complectatur
2921 2291 2933 2328 :
2968 2278 3276 2345 propterea
3323 2271 3584 2327 moribus
3615 2271 3699 2331 si-

2039 2363 2434 2418 militudinem
2471 2363 2750 2432 referens,
2775 2379 2909 2418 eum
2951 2363 3010 2417 in
3055 2377 3116 2417 se
3150 2367 3431 2432 tanquam
3465 2361 3521 2414 in
3557 2361 3699 2415 ima-

2037 2453 2171 2524 gine
2200 2450 2497 2522 exemplar
2526 2456 2916 2523 reprmsentat.
2955 2450 3198 2515 Verum,
3233 2449 3372 2520 quia
3405 2465 3608 2515 sensu,
3634 2453 3698 2503 ut

2037 2541 2205 2609 dixit,
2229 2557 2513 2612 sponsum
2545 2541 2801 2611 agnovit,
2837 2539 2976 2611 quid
3021 2539 3150 2610 ipso
3183 2555 3363 2594 sensu
3395 2539 3492 2607 sit,
3515 2536 3696 2608 expli-

2037 2635 2150 2699 cat,
2183 2630 2384 2684 dicens
2416 2645 2428 2682 :
2463 2628 2778 2683 Fasciculus
2815 2627 3070 2699 myrrhze
3113 2643 3282 2697 nepos
3332 2644 3484 2682 meus
3531 2627 3697 2682 mihi.

2037 2718 2230 2772 Nexus
2273 2722 2364 2773 est
2394 2723 2451 2772 et
2484 2717 2848 2772 conservatio
2892 2715 3067 2771 stilla:
3099 2716 3304 2770 divinae
3338 2716 3537 2788 gratiae
3569 2732 3696 2786 quae

2039 2807 2182 2861 mihi
2215 2807 2649 2862 communicata
2677 2809 2788 2875 est,
2815 2804 3064 2860 dilectus
3097 2821 3264 2860 meus
3295 2823 3307 2859 :
3345 2809 3408 2859 ut
3435 2808 3702 2877 Symma-

2037 2897 2186 2951 chus
2217 2896 2657 2966 interpretatur.
2691 2895 2800 2949 Per
2830 2895 3002 2950 ﬁdem
3049 2895 3205 2949 enim
3254 2898 3550 2963 acceptus,
3575 2893 3696 2965 spi-

2038 2983 2230 3039 ritalia
2268 2989 2465 3039 tuetur
2514 2990 2690 3054 atque
2742 2987 3050 3038 conservat
3098 2983 3368 3038 Ecclesiae
3426 2997 3693 3050 munera,

2039 3073 2358 3144 ﬁdelesque
2403 3073 2714 3128 conﬁrmat
2759 3078 2816 3126 et
2859 3072 3218 3136 corroborat,
3253 3088 3325 3126 ne
3373 3089 3406 3126 a
3458 3072 3698 3127 veritate

2037 3162 2389 3218 desciscant.
2432 3163 2603 3230 Tum,
2650 3162 2748 3216 ubi
2805 3177 3062 3232 sponsus
3121 3162 3178 3214 in
3239 3161 3368 3231 ipsa
3426 3176 3696 3228 manens,

2037 3252 2432 3307 constantiam
2466 3250 2611 3307 hanc
2645 3249 2949 3322 largiatur,
2983 3251 3241 3322 exponit,
3274 3252 3335 3305 In
3369 3250 3570 3314 medio,
3603 3250 3696 3306 in-

2039 3340 2268 3412 quiens,
2326 3341 2553 3396 uberum
2622 3355 2865 3396 meorum
2934 3340 3378 3394 commorabitur.
3440 3339 3696 3395 Uberum

2041 3429 2299 3485 medium
2333 3430 2558 3485 obtinet
2596 3446 2714 3499 cor,
2749 3429 2903 3484 unde
2934 3428 3128 3484 vitalis
3160 3430 3404 3500 spiritus
3447 3429 3507 3484 in
3561 3428 3697 3484 reli-

2041 3536 2222 3590 quum
2256 3536 2467 3589 corpus
2497 3519 2870 3573 diffunditur.
2903 3522 3286 3574 Praestantem
3320 3535 3454 3574 vero
3485 3517 3694 3574 animas

2039 3612 2262 3680 partem
2314 3611 2570 3662 mentem
2621 3607 2837 3675 innuit,
2862 3606 2921 3661 in
2953 3623 3072 3677 qua
3120 3608 3400 3663 Dominus
3447 3607 3692 3675 habitat,

2039 3713 2173 3753 cum
2207 3697 2335 3768 ejus
2376 3713 2595 3767 sponsa
2640 3695 2992 3768 perfectione
3044 3695 3157 3750 sibi
3210 3696 3506 3767 copulata,
3539 3711 3694 3750 unus

2037 3785 2281 3856 spiritus
2311 3785 2585 3854 efﬁcitur,
2612 3785 2847 3839 virtutis
2898 3785 3162 3839 habitum
3207 3784 3541 3855 adipiscens
3591 3799 3693 3854 per
3744 3835 3748 3838 ,

2037 3873 2219 3929 sancti
2257 3873 2509 3944 Spiritus
2554 3873 2974 3944 Operationem,
3012 3873 3164 3928 unde
3206 3874 3323 3927 vita
3370 3874 3429 3926 in
3474 3872 3691 3927 Christo

2036 3962 2404 4018 abscondita”
2449 3962 2506 4016 in
2551 3977 2757 4017 omnes
2807 3960 3016 4016 animas
3065 3961 3377 4032 potentias,
3411 3966 3690 4030 tanquam

2034 4051 2095 4106 in
2127 4052 2307 4122 hujus
2341 4050 2622 4120 membra,
2656 4050 2931 4120 influens,
2959 4049 3231 4106 stabilem
3264 4049 3410 4121 ipsis
3441 4048 3691 4104 ﬁrmita-

2037 4146 2151 4196 tem
2185 4158 2251 4196 ac
2281 4141 2460 4196 robur
2490 4139 2756 4195 instillat.
2779 4142 2968 4210 Atque
2997 4139 3079 4194 ita
3103 4156 3359 4210 sponsus
3382 4138 3491 4194 erit
3520 4155 3694 4210 spon-

2037 4247 2132 4298 sas,
2169 4247 2303 4284 cum
2336 4229 2402 4284 ad
2441 4229 2854 4301 perfectionem
2887 4228 3129 4299 venerit,
3163 4229 3448 4284 virtutum
3481 4227 3691 4283 immo-

2036 4317 2148 4374 bile
2182 4319 2644 4374 ﬁrmamentum.

2767 4425 2958 4481 Psclli.

2106 4515 2213 4570 Sed
2243 4514 2366 4586 jam
2399 4519 2456 4569 et
2486 4530 2553 4570 ea
2583 4531 2709 4585 quae
2737 4514 2948 4569 deinde
2981 4517 3331 4585 sequuntur,
3358 4514 3693 4570 audiamus.

2033 4608 2260 4674 Sponsa
2299 4604 2456 4658 enim
2509 4620 2820 4675 progressu
2873 4603 3042 4673 quasi
3095 4603 3296 4658 afﬂatu
3350 4602 3691 4658 institutum

1955 4674 2170 4748 Dcum
2229 4692 2436 4748 amicis
2494 4674 2821 4746 sermonem
2876 4691 3142 4747 studiose
3198 4693 3597 4762 persequitur,
3640 4696 3697 4748 et

2039 4787 2170 4854 post
2203 4781 2365 4836 nardi
2400 4781 2781 4849 mentionem,
2814 4779 2900 4835 sic
2931 4779 3010 4834 ait
3045 4795 3058 4833 :

2104 4960 2423 5015 Fasciculus
2452 4961 2652 5014 stactes
2682 4958 2837 5028 ﬁlius
2878 4958 3086 5012 sororis
3115 4973 3248 5012 mea:
3296 4955 3458 5026 mihi,
3489 4957 3548 5010 in
3579 4971 3691 5011 me-

2034 5050 2125 5105 dio
2153 5049 2386 5104 uberum
2413 5063 2662 5104 meorum
2689 5046 3140 5102 commorabitur.

2108 5138 2473 5211 Elegantium
2521 5136 2810 5204 virginum
2871 5151 2999 5190 mos
3057 5138 3166 5202 est,
3201 5138 3268 5189 ut
3323 5150 3440 5188 non
3497 5134 3690 5189 solum

2035 5227 2302 5282 exteriori
2355 5231 2558 5280 ornatu
2611 5242 2674 5280 se
2721 5225 3014 5290 decorent,
3050 5240 3165 5294 quo
3219 5222 3483 5278 celeriter
3527 5239 3692 5278 ama-

2035 5321 2191 5372 tores
2223 5331 2358 5370 suos
2399 5313 2679 5379 alliciant,
2713 5329 2910 5368 verum
2963 5313 3138 5367 etiam
3191 5310 3394 5368 suavia
3424 5311 3480 5366 in
3515 5310 3690 5366 vesti-

2035 5405 2250 5460 mentis
2304 5408 2602 5475 unguenta
2650 5407 2875 5474 gerant.
2927 5400 3213 5464 Quoniam
3266 5401 3444 5472 igitur
3492 5399 3689 5456 Canti-

2033 5509 2234 5548 corum
2269 5492 2458 5547 verbis
2491 5491 2687 5546 anima
2716 5497 2778 5545 ut
2809 5489 3056 5562 pulchra
3087 5490 3246 5562 virgo
3268 5494 3356 5545 est
3387 5494 3687 5558 exornata,

2033 5587 2089 5638 et
2121 5582 2426 5638 hominum
2470 5597 2630 5636 more
2675 5579 3056 5652 sponsalibus
3083 5580 3292 5635 decora
3323 5577 3689 5634 vestimentis
