4072 6346
463 330 582 389 563

1794 340 2225 404 MICHAELIS
2270 342 2542 403 PSELLI

3740 346 3885 423 se;

469 461 539 514 ad
573 461 811 532 nuptias
860 463 1115 519 adducta
1148 507 1161 531 ,
1195 473 1651 527 consentaneum
1693 476 1782 528 est
1833 476 1899 528 ut
1947 473 2117 528 verba

2252 471 2384 527 Επεὶ
2414 476 2541 549 γοῦν
2572 474 2969 548 γεγυναίκισται
2998 479 3080 548 τῷ
3111 472 3261 551 λόγῳ
3288 479 3396 531 τῶν
3426 474 3715 550 ’ᾼσμᾶτων

474 550 745 619 quaedam
802 551 1074 608 muliebri
1105 553 1403 627 loquatur,
1453 559 1585 617 licet
1632 562 1886 618 interius
1957 579 2119 617 arca-

472 654 613 693 num
647 656 885 695 sensum
926 643 1283 701 contineant.
1316 649 1525 720 Aperte
1568 650 1751 723 igitur
1776 651 1945 723 quasi
1977 651 2119 706 deli-

470 727 590 782 cias
640 728 879 786 faciens.
912 730 1210 803 Quamvis,
1261 735 1475 808 inquit,
1528 738 1805 795 mulieres
1855 740 2119 810 quaedam

467 817 538 871 ad
574 833 833 872 amorem
882 821 1253 879 excitandum
1288 826 1402 882 alia
1444 832 1677 899 gestent
1730 835 2032 901 unguenta
2059 830 2120 884 in

464 905 868 975 vestimentis;
922 925 1027 979 ego
1089 916 1288 969 tamen
1347 916 1609 986 cujusvis
1665 917 2120 988 fragrantissimi

466 993 661 1050 odoris
694 995 819 1051 loco
864 999 1325 1067 pulcherrimum
1378 1022 1687 1077 sponsum,
1719 1008 1805 1062 uti
1837 1007 2115 1062 suavxssi-

467 1098 630 1137 mum
677 1092 1115 1156 unguentorum
1151 1091 1493 1148 fasciculum
1528 1094 1674 1151 collo
1723 1096 2112 1168 suspendens,

466 1172 750 1230 retinebo.
785 1174 882 1229 Vel
917 1178 1119 1247 potius
1158 1180 1266 1236 hoc
1312 1182 1603 1252 signiﬁcat
1634 1203 1647 1241 :
1683 1186 1959 1251 Quamvis
1990 1185 2114 1240 alia:

466 1260 679 1318 animae
710 1265 916 1319 mundi
965 1267 1124 1324 curis
1170 1276 1227 1326 et
1274 1272 1521 1343 negotiis
1552 1273 1960 1346 implicentur;
2010 1291 2115 1346 ego

468 1352 669 1422 sponsi
701 1355 817 1409 mei
848 1357 1177 1427 percipiens
1210 1362 1589 1432 voluptatem,
1620 1380 1753 1419 eum
1785 1364 2116 1435 insculpam

467 1438 528 1496 in
556 1441 774 1498 tabulis
802 1447 995 1503 cordis
1034 1448 1169 1504 mei.
1204 1450 1459 1507 Uberum
1492 1452 1649 1508 enim
1694 1453 1955 1510 medium
1987 1470 2119 1510 cor-

471 1530 561 1586 dis
591 1536 683 1588 est
710 1534 901 1591 sedes.

1062 2156 1246 2212 Trium
1284 2159 1536 2213 Patrum.

541 2236 735 2290 Botrus
788 2237 958 2309 Cypri
1003 2245 1208 2298 sorori:
1254 2260 1401 2302 meae
1447 2246 1597 2316 ﬁlius
1647 2248 1791 2304 mihi
1836 2251 1898 2305 in
1945 2253 2126 2309 vinei:

475 2323 745 2395 Engaddi.

546 2414 747 2478 Qualis
776 2420 865 2472 est
898 2434 1007 2473 uva
1055 2420 1247 2477 adhuc
1287 2423 1522 2492 ﬂorens,
1555 2442 1681 2497 qua:
1711 2427 1913 2486 vinum
1963 2430 2122 2486 cordi

473 2500 736 2558 laetitiam
767 2505 1015 2563 aﬂ'erens
1047 2509 1356 2580 pollicetur
1386 2531 1398 2568 ε
1429 2514 1561 2569 talis
1589 2521 1679 2572 est
1711 2518 1855 2574 mihi
1889 2526 2126 2592 propter

473 2592 975 2663 imperfectionem
1010 2615 1201 2655 meam
1230 2602 1481 2659 dilectus
1508 2622 1675 2662 meus
1699 2608 1756 2663 in
1781 2610 1989 2680 vineis,
2013 2610 2124 2667 hoc

474 2686 564 2738 est
593 2682 651 2737 in
684 2684 862 2739 variis
911 2703 1105 2743 rerum
1158 2692 1405 2759 naturis,
1440 2710 1566 2765 qua:
1617 2698 1936 2769 perspicuae
1984 2706 2124 2757 sunt

475 2771 643 2827 oculo
692 2776 1033 2832 tentationis
1065 2778 1145 2846 (id
1179 2782 1333 2836 enim
1372 2788 1462 2839 est
1490 2785 1698 2858 Gaddi)
1730 2788 1895 2844 oculo
1946 2790 2121 2845 nimi-

474 2877 606 2915 rum
638 2862 880 2918 rationis
924 2870 1170 2924 naturas
1218 2887 1412 2927 rerum
1457 2890 1522 2929 ac
1569 2877 1872 2932 veritatem
1905 2878 1963 2933 in
1996 2896 2122 2935 om-

472 2948 651 3005 nibus
698 2951 1073 3022 explorantis.
1127 2957 1255 3012 Haec
1306 2961 1462 3016 enim
1510 2979 1608 3019 eas
1657 2964 1945 3037 indagans
1992 2971 2121 3022 tan-

472 3055 650 3110 quam
684 3039 983 3098 ﬂorentem
1026 3062 1219 3115 uvam,
1252 3064 1320 3103 ex
1357 3049 1503 3121 ipsis
1533 3052 1752 3126 colligit
1781 3056 2117 3127 veritatem;

473 3144 600 3199 quis
629 3127 809 3184 veluti
858 3131 1057 3189 vinum
1091 3137 1387 3206 quoddam
1420 3157 1451 3195 a
1484 3140 1688 3214 ﬁguris
1742 3150 1995 3201 mentem
2031 3146 2119 3202 di-

2144 1848 2195 1914 B

2231 562 2294 618 Ἠ
2323 562 2722 637 παρθενεύουσα
2752 565 2905 639 ψυχὴ
2938 564 3028 618 καὶ
3059 565 3288 638 τρόποις
3315 564 3683 644 ἀρῥενόφρων,

2232 652 2333 706 Καὶ
2358 658 2642 731 νυμφικῶς
2665 652 3013 712 συνέσταλται
3046 656 3183 730 πρὸς
3211 654 3420 730 γάμους
3447 653 3761 732 ἐπηγμένη,

2232 740 2442 815 Λόγους
2475 742 2620 804 τινὰς
2648 743 2897 817 γυναικὸς
2931 743 3077 808 οἶκός
3108 742 3216 799 ἐστι
3248 746 3337 800 καὶ
3369 744 3570 819 λέγειν,

2233 828 2339 887 Κᾶν
2372 827 2601 907 ἷ’σχωσιν
2631 831 2940 908 ἀπόρρητον
2968 834 3057 887 τὸν
3088 832 3352 909 λογισμὸν
3385 832 3435 888 ἐν
3468 835 3639 909 βάθει.

2228 924 2397 974 Τοῦτο
2427 925 2557 995 γοῦν
2592 919 2735 997 λέγει
2767 927 3059 1000 προφανῶς
3089 923 3269 998 ὥσπερ
3310 923 3666 997 ἀκκιζομένη,

2222 1011 2348 1066 ’Ότι
2381 1010 2486 1064 Κᾶν
2522 1010 2756 1088 φέρωσίν
2786 1032 2928 1073 τινες
2950 1017 3200 1086 γυναῖκες
3233 1009 3379 1067 ἄλλα
3414 1011 3557 1088 μύρα

2224 1099 2367 1174 Πρὸς
2397 1097 2579 1173 ἔρωτα
2601 1101 2928 1175 Θερμότερον
2961 1094 3111 1155 ἔνδον
3132 1105 3245 1156 τῶν
3278 1101 3532 1174 ἱματίων,

2222 1180 2382 1243 Ἀλλ’
2413 1183 2584 1262 ἔγωδε
2624 1188 2968 1264 μυρίσματος
2998 1189 3113 1243 ἀντὶ
3155 1190 3355 1251 παντὸς
3386 1186 3644 1259 εὐώδους,

2225 1277 2404 1332 Αὐτὸν
2439 1276 2644 1332 ἐκεῖνον
2674 1280 2948 1351 κτήσομαι
2977 1279 3068 1333 τὸν
3101 1275 3398 1334 κάλλιστον
3431 1278 3689 1356 νυμφίον,

2226 1369 2428 1441 Ὥσπερ
2454 1364 2766 1437 ἀπόδεσμόν
2795 1388 2912 1422 τινα
2946 1366 3132 1442 μύρων
3167 1365 3574 1439 εὐωδεστάτων,

2228 1455 2425 1518 Καλῶς
2451 1457 2846 1532 ἀπαιωρήσασα
2875 1457 2999 1533 περὶ
3028 1457 3119 1512 τὸν
3150 1456 3439 1533 τράχηλόν
3474 1478 3602 1531 μου.

2228 1544 2462 1603 Μᾶλλον
2492 1543 2550 1600 δὲ
2586 1549 2746 1600 τοῦτο
2777 1550 3026 1622 καθαρῶς
3057 1545 3354 1601 αἰνίσσεται
3382 1550 3463 1619 τῷ
3495 1546 3673 1622 λόγῳ,

2233 1635 2352 1688 Ὀτι
2385 1631 2495 1691 Κᾶν
2523 1631 2693 1691 ἄλλαι
2714 1639 2823 1690 τῶν
2855 1638 3049 1711 ψυχῶν
3079 1640 3160 1709 τῷ
3192 1634 3300 1712 βίῳ
3329 1636 3694 1714 πεφυρμέναι,

2235 1720 2449 1787 Ἀλλας
2522 1720 2813 1802 φροντίδας
2896 1719 3100 1801 ἔχωσιν
3182 1728 3291 1779 τῶν
3357 1730 3641 1800 κοσμικῶν
3717 1745 3897 1801 πραγο

3592 1814 3827 1890 [μάτων,

2244 1902 2375 1979 Εγὼ
2405 1900 2451 1958 δ’
2478 1900 2654 1974 ἄλλην
2687 1905 2788 1973 τὴν
2813 1900 3019 1974 ἡδονήν
3047 1905 3249 1979 γνοῦσά
3282 1925 3387 1977 μου
3424 1908 3525 1960 τοῦ
3563 1906 3828 1985 νυμφίου,

2233 1991 2405 2047 Αὐτὸν
2438 1992 2661 2069 χαράξω
2689 1997 2810 2055 ταῖς
2841 1991 3005 2066 πλαξὶ
3034 1999 3135 2063 τῆς
3164 1991 3303 2066 ἐμῆς
3333 1990 3558 2069 καρδίας
3581 2011 3597 2025 ’

2231 2084 2467 2140 Μαστῶν
2500 2081 2603 2158 γὰρ
2640 2082 2801 2156 μέσον
2835 2082 3065 2160 πέφυκεν
3092 2083 3121 2137 ὁ
3143 2081 3312 2146 τόπος
3340 2089 3441 2153 τῆς
3467 2081 3714 2158 καρδίας.

2798 2175 2916 2226 Τῶν
2946 2178 2991 2245 γ’
3020 2172 3297 2246 Ματέρων.

2305 2261 2511 2335 Βότρυς
2541 2262 2640 2328 τῆς
2698 2261 2915 2335 Κύπρου
2962 2257 3256 2335 ἀδελφιδός
3315 2281 3420 2333 μου
3477 2261 3603 2334 ἒμοὶ
3662 2260 3715 2316 ἐν
3774 2261 3890 2336 ἀμ-

2231 2347 2473 2403 πελῶσιν
2500 2345 2779 2423 Ἐγγαδδί.

2303 2439 2482 2507 ’Ήτοι,
2517 2434 2673 2507 δίκην
2717 2435 2997 2509 σταφυλῆς
3058 2434 3136 2493 ἔτι
3187 2437 3473 2509 ἀνθούσης,
3521 2436 3614 2492 καί
3658 2439 3749 2493 τὸν
3799 2438 3892 2493 εὖ·

2233 2527 2521 2602 φραντικὸν
2554 2533 2652 2595 τῆς
2681 2524 2903 2603 καρδίας
2936 2527 3080 2581 οἶνον
3131 2524 3640 2601 ἐπαγγελλομένης,
3690 2527 3718 2580 ό
3750 2526 3890 2600 ἀγα⁹

2232 2617 2401 2686 πητύς
2467 2637 2570 2687 μου
2624 2613 3050 2689 καρποφορεῖταί
3111 2636 3205 2688 μοι
3264 2612 3352 2669 διὰ
3406 2616 3505 2685 τὴν
3564 2615 3703 2687 ἐμήν
3760 2615 3888 2670 ἀτέ-

2233 2703 2403 2773 λειαν,
2447 2706 2522 2766 ὡς
2574 2703 2625 2758 έν
2684 2702 2973 2777 ἀμπελῶσι
3026 2709 3146 2765 ταῖς
3206 2701 3490 2781 διαφόροις
3544 2709 3651 2758 τῶν
3712 2700 3886 2759 ὅντων

2231 2792 2469 2871 φύσεσιν,
2503 2791 2557 2846 α⁰ί
2589 2792 2720 2847 εἰσιν
2773 2790 3019 2868 διοραταὶ
3077 2797 3157 2865 τῷ
3218 2791 3486 2870 ὀφθαλμῷ
3540 2797 3637 2847 τοῦ
3691 2813 3886 2869 πειραο

2228 2882 2441 2958 τηρίου.
2496 2885 2663 2957 Ὅπερ
2722 2881 3077 2957 ἑρμηνεύεται
3132 2884 3193 2937 τὸ
3243 2879 3441 2937 Γαδδί·
3502 2879 3763 2951 δηλονότι

2231 2966 2350 3045 ὄψει
2406 2975 2505 3026 τοῦ
2540 2971 2915 3047 βασανίζοντος
2945 2971 3041 3034 τὰς
3088 2971 3290 3047 φύσεις,
3320 2971 3410 3026 καὶ
3457 2971 3557 3039 τὴν
3617 2969 3670 3025 έν
3729 2970 3889 3033 ὅλοις

2229 3059 2490 3130 ἀλήθειαν
2542 3061 2867 3136 ἐρευνῶντος
2918 3058 3113 3136 λόγου.
3147 3059 3335 3122 Οὕτως
3382 3060 3486 3135 γὰρ
3544 3059 3742 3121 ταύτας
3796 3058 3891 3115 δι-

2231 3151 2593 3225 ερευνὼμενος
2624 3150 2697 3211 ὡς
2724 3150 2983 3205 ἀνθοῦντα
3017 3149 3211 3226 βότρυν
3268 3153 3386 3210 τοῖς
3428 3148 3636 3204 τούτων
3690 3145 3885 3223 λόγοις

475 3218 752 3286 movebit,
783 3234 917 3275 cum
967 3222 1246 3295 diversas,
1282 3244 1408 3299 quas
1458 3230 1515 3285 in
1568 3234 1788 3289 mundo
1836 3240 1996 3306 sunt,
2027 3254 2117 3293 ra-

2247 3218 2569 3315 ιάρποφορεῖ
2610 3238 2712 3306 τήν
2765 3236 3051 3309 ἀλήθειαν,
3081 3238 3204 3307 ἥτις
3234 3238 3414 3313 ὥσπερ
3460 3259 3543 3300 τις
3589 3240 3736 3301 οἰνος
3791 3238 3889 3292 τὸν

473 3306 662 3363 tiones
689 3306 751 3363 in
785 3325 845 3364 se
874 3309 1004 3382 ipsa
1033 3318 1262 3370 coactas
1293 3317 1691 3390 amplectetur.

1207 3494 1395 3549 Pselli.

543 3575 621 3627 Ex
651 3590 880 3645 sponsae
909 3579 1099 3635 verbis
1146 3584 1413 3654 quaedam
1465 3594 1802 3659 supersunt,
1826 3607 1954 3662 qua:
1985 3592 2116 3664 qui-

462 3660 593 3717 dem
625 3679 782 3719 nunc
811 3681 916 3736 pro
945 3667 1171 3725 viribus
1213 3678 1354 3728 sunt
1400 3675 1745 3747 explicanda
1777 3696 1790 3734 :
1826 3660 1910 3737 sic
1958 3683 2112 3738 enim

462 3749 625 3821 ipsos
656 3753 896 3825 angelos
928 3756 1249 3831 alloquitur
1277 3778 1290 3816 :

537 3875 733 3933 Botru:
782 3880 950 3952 Cypri
1002 3886 1205 3940 sororis
1250 3903 1393 3946 meae
1441 3888 1599 3960 ﬁlius
1645 3893 1788 3948 mihi
1834 3895 1897 3950 in
1942 3895 2117 3951 vineis

461 3965 730 4037 Engaddi.

534 4056 577 4111 Ο
610 4058 944 4129 praeclaram
980 4066 1409 4137 progressionis
1434 4086 1661 4140 sponsae
1693 4074 2112 4129 mutationem!

462 4145 595 4209 Quae
627 4147 783 4203 enim
814 4152 1122 4223 perspicue
1154 4156 1325 4227 paulo
1357 4162 1491 4213 ante
1520 4158 1734 4216 similis
1764 4178 1930 4233 equae
1960 4162 2115 4218 dicta

461 4234 674 4304 fuerat,
709 4254 863 4295 nunc
894 4241 1218 4299 amicorum
1248 4246 1532 4318 obsequio
1572 4247 1747 4319 plane
1778 4251 2110 4322 proficiens,

459 4338 521 4379 se
560 4325 748 4395 ipsam
808 4334 873 4384 ut
929 4331 1106 4387 vitem
1170 4334 1529 4390 fructiferam
1589 4339 1873 4409 agnoscit.
1906 4338 2112 4396 Omnis

460 4412 616 4469 enim
650 4416 848 4473 anima
878 4436 1047 4489 pura,
1072 4421 1301 4477 Domini
1323 4440 1609 4480 succensa
1639 4427 1949 4499 desiderio,
1980 4445 2114 4501 ope-

458 4518 592 4558 rum
634 4521 947 4577 progressu
974 4509 1038 4563 lit
1065 4510 1281 4566 omnia.
1308 4512 1474 4567 Nunc
1495 4513 1733 4584 quidem
1769 4518 1937 4573 sedes
1962 4518 2107 4574 Che-

2229 3331 2354 3382 νοῦν
2388 3326 2635 3397 ἐκστῆσαι
2662 3332 2772 3381 τῶν
2814 3327 3022 3395 τύπων,
3056 3327 3289 3398 ὁπηνίκα
3328 3327 3457 3389 τοὺς
3503 3326 3555 3381 ἰν
3599 3331 3681 3399 τῷ
3721 3328 3888 3382 παντὶ

2232 3414 2520 3494 διαφόρους
2552 3416 2754 3491 λόγους
2783 3416 2909 3493 περὶ
2939 3417 3133 3485 ἑαυτὴν
3161 3415 3381 3491 συνάψει
3411 3413 3682 3477 ὲνοειδῶς.

2929 3504 3045 3561 Ψελ
3054 3506 3176 3561 λοῦ.

2298 3595 2537 3670 Ἒχομέν
2568 3596 2629 3669 γέ
2658 3616 2709 3649 τι
2741 3591 2997 3668 λείψανον
3019 3599 3126 3649 τῶν
3160 3593 3218 3650 ἐκ
3253 3596 3353 3664 τῆς
3401 3593 3621 3673 νύμφης
3670 3591 3885 3669 λόγων,

2224 3685 2392 3757 Ὅπερ
2419 3684 2493 3745 ὡς
2525 3677 2664 3738 ἔστιν
2696 3682 2910 3762 ἐφικτὸν
2940 3684 3003 3739 τὸ
3030 3687 3119 3737 νῦν
3148 3681 3525 3759 ἐρμηνευτέον.

2224 3774 2381 3848 Λέγει
2412 3774 2515 3847 γὰρ
2547 3772 2690 3826 οὕτω
2720 3772 2857 3840 πρὸς
2888 3770 3084 3834 αὐτοὺς
3114 3774 3149 3842 ἡ
3181 3772 3366 3850 νύμφη
3400 3766 3526 3835 τοὺς
3566 3768 3839 3846 ἀγγέλους
3861 3791 3877 3805 ·

2296 3898 2499 3973 Βότρυς
2552 3904 2651 3966 τῆς
2714 3896 2931 3972 Κύπρου
2979 3894 3269 3975 ἀδελφιδός
3328 3917 3433 3971 μου
3489 3894 3612 3969 ἐμοὶ
3662 3895 3715 3950 ἐν
3763 3895 3881 3968 ἀμ-

2222 3986 2461 4040 πελῶσιν
2493 3982 2767 4061 Έγγαδδί.

2292 4076 2356 4127 Ὢ
2383 4081 2483 4144 τῆς
2515 4072 2727 4145 καλλῆς
2754 4072 3065 4149 έναλλαγῆς
3110 4081 3210 4144 τῆς
3254 4080 3540 4150 προκοπῆς
3587 4078 3686 4141 τῆς
3736 4071 3879 4145 νύμ-

3700 4162 3801 4217 nc!

3700 4182 3761 4222 νς

2220 4252 2279 4306 Ἦ
2314 4251 2418 4327 πρὸ
2448 4256 2646 4328 μικροῦ
2676 4251 2776 4328 γὰρ
2810 4251 3062 4329 ἐμφανῶς
3088 4249 3247 4324 ’ίππῳ
3278 4163 3728 4326 παρεικασθεῖίτῖί

2220 4341 2284 4394 Ἀ
2297 4360 2379 4415 ρτι
2415 4338 2684 4416 λαμπρῶς
2713 4339 3032 4414 προκύψασα
3057 4344 3177 4402 ταῖς
3209 4340 3397 4415 χάρισι
3427 4343 3534 4394 τῶν
3567 4336 3769 4416 φίλων,

2216 4434 2301 4490 Ὦς
2330 4430 2664 4507 βοτρυφὸρον
2698 4428 2943 4503 ἄμπελον
2976 4427 3142 4499 αὐτὴν
3185 4428 3545 4505 ἐπιγινώσκει.

2219 4520 2388 4593 Ψυχὴ
2418 4520 2515 4594 γὰρ
2549 4524 2691 4574 πᾶσα
2721 4519 2928 4592 καθαρᾶ
2957 4523 3198 4582 ποθοῦσα
3226 4520 3318 4574 τὸν
3354 4518 3651 4587 Δεσπότην,

458 4592 680 4662 rubim,
708 4611 863 4649 nunc
895 4597 1061 4651 sedes
1103 4598 1297 4670 Regis,
1323 4617 1480 4656 nunc
1510 4607 1708 4659 autem
1740 4606 1875 4661 vitis
1907 4608 2107 4662 fructi-

2247 4609 2452 4662 Ιάντοτε
2480 4606 2655 4662 πάντα
2682 4608 2886 4682 γίνεται
2917 4612 2984 4680 τῇ
3016 4611 3270 4683 προκοπῇ
3301 4611 3409 4663 τῶν
3446 4604 3612 4683 ἔργων

456 4680 579 4734 fera
626 4681 684 4736 in
734 4682 869 4737 aula
908 4685 1160 4740 Domini.
1191 4689 1350 4752 Quod
1406 4689 1587 4761 igitur
1638 4693 1862 4763 puriter
1890 4712 2108 4768 sponsa

2247 4698 2324 4751 ίῦν
2361 4697 2455 4769 μὶν
2486 4697 2667 4773 θρόνοι
2697 4680 3004 4772 Χερουϐὶμ,
3036 4680 3125 4751 καὶ
3158 4680 3349 4771 θρόνος
3383 4680 3684 4763 Βασιλέως,

454 4768 619 4837 dicit,
652 4770 759 4825 hoc
791 4777 880 4827 est
911 4788 925 4828 :
958 4774 1050 4829 Sic
1090 4777 1297 4846 agnovi
1348 4780 1567 4836 sororis
1616 4799 1753 4837 mea;
1804 4785 2014 4855 filium,
2046 4786 2104 4842 id

2247 4789 2318 4837 [ῦν
2344 4768 2390 4839 δ’
2422 4768 2668 4858 ἄμπελος
2699 4768 3040 4859 κατάκαρπος
3073 4785 3125 4839 ἐν
3155 4768 3274 4847 ταῖς
3306 4785 3503 4847 αὐλαῖς
3529 4784 3753 4859 Κυρίου.

450 4861 540 4913 cst
586 4875 896 4931 sponsum,
948 4863 1101 4918 sicut
1149 4866 1407 4935 botrum,
1439 4870 1539 4939 qui
1589 4873 1759 4928 nobis
1806 4874 2107 4932 distillavit

455 4952 718 5003 mustum
751 4951 1111 5007 aeternitatis.
1138 4954 1301 5011 Haud
1336 4958 1611 5015 omnibus
1634 4962 1880 5017 virtutes
1911 4981 2102 5035 capes-

2247 4972 2297 5025 .2.;
2328 4958 2497 5039 ἔγνων
2526 4965 2618 5018 τὸν
2648 4960 2995 5040 ἀδελφιδοῦν,
3022 4951 3266 5018 τουτέστι
3307 4963 3397 5018 τὸν
3428 4960 3683 5040 νυμφίον,

454 5037 725 5093 sentibus
758 5040 1068 5097 animabus
1098 5049 1189 5098 est
1233 5050 1525 5117 maturus,
1553 5051 1653 5104 sed
1688 5067 1789 5121 pro
1819 5053 2101 5109 virtutum

2247 5037 2394 5116 ὖστις
2424 5053 2709 5124 ἀπέσταξεν
2733 5037 2867 5126 ἡμῖν
2895 5051 3128 5128 γλεῦκος
3159 5052 3447 5117 ἀθανασίας
3474 5070 3488 5083 ·

454 5140 734 5181 mensura
764 5129 1199 5199 jucunditatem
1234 5151 1401 5190 suam
1444 5138 1694 5195 subinde
1724 5144 1932 5196 mutat.
1965 5142 2105 5198 Aliis

2247 5143 2324 5197 lim
2354 5142 2465 5199 ἔστι
2497 5147 2691 5205 πάσαις
2719 5143 2930 5218 ὥριμος
2960 5146 3167 5219 ψυχαῖς
3197 5150 3315 5207 ταῖς
3354 5143 3646 5218 ἐναρέταις,

452 5229 707 5286 namque
747 5216 931 5285 ﬂoret,
967 5220 1022 5274 in
1052 5221 1183 5278 aliis
1235 5224 1530 5294 nigrescit,
1563 5228 1621 5282 in
1653 5228 1785 5285 aliis
1832 5235 2102 5288 maturus

2247 5230 2371 5287 \M’
2402 5232 2715 5305 ἐξαλλάσσει
2748 5216 2808 5287 τὸ
2836 5216 3077 5306 τερπνὸν*
3097 5230 3237 5294 εἶδος
3268 5216 3764 5298 αύτοῦήπολλάκις,

449 5308 557 5369 est,
592 5303 650 5357 in
681 5304 813 5360 aliis
847 5307 1016 5377 plane
1046 5316 1246 5366 coctus
1278 5329 1343 5367 ac
1374 5314 1566 5370 dulcis
1598 5321 1704 5371 est.
1739 5318 1966 5389 Sponsa
1992 5320 2099 5391 igi-

2247 5322 2359 5375 ζατὰ
2387 5303 2449 5376 τό
2484 5323 2677 5397 μέτρον
2712 5318 2926 5390 δηλαδή
2954 5324 3058 5374 τῶν
3086 5320 3288 5395 ἀρετῶν
3322 5320 3568 5377 ἑκάστου.

448 5395 564 5455 tur,
595 5392 735 5447 dum
770 5395 1071 5452 ﬂorentem
1118 5400 1354 5456 botrum
1385 5419 1447 5458 se
1476 5404 1622 5460 ferre
1653 5406 1814 5471 dicit,
1846 5410 2099 5464 ostendit

2247 5412 2385 5466 ινθεῖ
2438 5392 2535 5486 γάς
2583 5392 2780 5473 ἀλλαις
2851 5414 2960 5464 τῶν
3024 5392 3237 5485 ψυχῶν⁹
3294 5411 3345 5465 ἐν
3402 5407 3598 5471 ἄλλαις
3649 5405 3707 5463 δὶ
3770 5431 3880 5467 xu-

446 5493 506 5531 se
541 5482 803 5537 nondum
832 5485 902 5539 ad
950 5486 1365 5557 perfectionem
1416 5494 1769 5563 pervenisse.
1805 5501 1920 5552 Aut
1966 5502 2097 5553 tan-
2452 5482 2462 5486 ’
3042 5482 3045 5483 ν
3104 5482 3139 5485 ἡ
3557 5496 3795 5574 [πρίζεεν

449 5581 628 5635 quam
690 5571 949 5630 ﬂorentis
1006 5575 1508 5647 pulchritudinem
1561 5599 1939 5656 exaggerans,
1994 5587 2095 5655 ita,

2247 5591 2295 5646 Βν
2330 5588 2527 5652 ἄλλαις
2556 5587 2601 5644 δ’
2634 5586 2845 5665 ὥριμός
2876 5585 3041 5656 ἐστιν,
3075 5585 3126 5641 ἂν
3156 5585 3353 5651 ἄλλαις
3386 5586 3444 5644 δὲ
3468 5587 3750 5663 περκάζει.

445 5653 658 5725 inquit,
691 5660 832 5716 mihi
865 5663 1032 5720 ﬂoret
1061 5666 1327 5724 Christus
1359 5674 1415 5723 et
1436 5653 1801 5741 sponsum—ut
1828 5653 2097 5732 odoriferi

2247 5684 2270 5734 1
2299 5678 2485 5757 νύμφη
2516 5653 2693 5735 τοίνυν
2726 5653 2961 5755 φέρουσα
2994 5653 3319 5753 κυπρίζοντα
3350 5677 3442 5735 τὸν
3489 5653 3709 5752 βότρυν,

2212 4877 2384 4949 ’Ὁπερ
2413 4876 2504 4929 οὗν
2534 4874 2677 4950 λέγει
2708 4880 2958 4950 καθαρῶς
2990 4876 3024 4944 ἡ
3057 4874 3265 4953 νόμφη,
3297 4879 3459 4929 τοῦτο
3491 4872 3673 4950 λέγει·
