4078 6336
260 387 391 448 565

267 515 544 572 Δείκνυσιν
572 517 659 575 ὅτι
687 521 977 598 προκοπὴν
1012 521 1112 579 οὐκ
1140 520 1336 601 ἔφθασε
1364 527 1598 587 τελείαν.

266 606 391 663 Εἶθ’
415 605 599 683 ὥσπερ
632 608 1008 683 ὁπαυξάνουσα
1034 617 1131 668 τοῦ
1161 621 1474 690 κυπρισμοῢ
1501 619 1565 673 τὸ
1593 618 1819 689 κάλλος,

262 694 484 787 ρῦτως,
516 697 673 773 φησὶ,
704 698 954 775 κυπρίζει
990 723 1089 775 μοι
1118 704 1348 780 Χριστὸς
1379 707 1409 761 6
1432 706 1521 761 καὶ
1552 709 1806 787 νυμφίος,

262 786 472 860 Ὠσπερ
502 786 824 863 κυπρίζουσι
849 795 1097 865 τερπνῶς
1129 791 1183 848 ἐν
1212 798 1293 867 τῷ
1316 792 1478 851 Γαδδὶ
1503 797 1583 870 τῷ
1610 786 1766 872 τόπῳ

263 874 335 930 Οἱ
362 879 473 929 τῶν
505 875 770 949 ἀμπᾶλων
802 876 1026 955 βότρυες
1058 879 1279 945 εὐώδεις
1308 886 1605 964 πεφυκότες
1633 905 1646 918 ·

261 968 344 1033 Γῆ
377 965 507 1040 γὰρ,
539 964 617 1027 ὥς
640 986 791 1043 φασι,
816 973 915 1023 τοῦ
946 966 1109 1025 Γαδδὶ
1139 970 1563 1050 ἀμπελοτρόφος
1592 976 1745 1046 οὗσα,

261 1055 376 1117 Γῆν
405 1058 580 1109 πᾶσαν
613 1054 950 1132 ὑπερήλασεν
983 1059 1059 1121 εἷς
1088 1060 1187 1129 τήν
1220 1057 1582 1140 ήδυϐοτρύαν.

255 1147 376 1212 Τῆς
404 1147 539 1218 γοῦν
570 1145 740 1220 ἀγνῆς
768 1146 857 1200 καὶ
887 1149 1124 1223 καθαρᾶς
1153 1153 1340 1227 ψυχῆς
1374 1152 1634 1225 εἰπούσης
1665 1152 1814 1224 τάδε,

258 1230 326 1288 Ὀ
360 1230 530 1306 λόγος
564 1233 914 1309 ἀποκρίνεται
937 1234 1112 1312 λέγων
1144 1244 1314 1295 ταῦτα
1336 1259 1349 1271 ·

333 1317 479 1377 Ἰδοὺ
533 1322 586 1376 εἴ
636 1322 804 1393 καλὴ,
867 1327 901 1394 ἡ
960 1324 1198 1396 πλησίον
1261 1350 1386 1402 μου,
1445 1328 1567 1385 ἰδοὺ
1622 1331 1809 1405 καλή·
1870 1336 1923 1389 οἱ

258 1407 554 1483 ὀφθαλμοί
580 1432 696 1481 σου,
731 1414 1059 1490 περιστεραί.

331 1500 542 1574 ’Ὠσπερ
576 1501 627 1554 οἱ
658 1504 1137 1578 χρυσογνώμονες,
1169 1503 1260 1569 οὕς
1289 1529 1415 1586 φασι
1448 1510 1813 1587 χρυσοχόους,

250 1591 353 1643 Ἀν
376 1588 468 1643 τὸν
503 1590 707 1665 χρυσὸν
750 1588 1022 1663 θελήσωσι
1050 1593 1143 1649 τὸν
1175 1591 1680 1672 κεκιϐδηλωμὲνον,

258 1677 666 1753 Δαμπρότερον
697 1679 1016 1754 ἐργάσασθαι
1045 1683 1134 1738 καὶ
1164 1688 1395 1763 καθαρὸν
1428 1687 1659 1764 ἐξόχως,

256 1764 547 1828 Πολλάκις
583 1765 882 1842 βάλλουσιν
908 1770 1067 1827 αὐτὸν
1097 1772 1149 1827 ἐν
1175 1781 1294 1838 τοῖς
1323 1779 1721 1855 χωνευτηρίοις

250 1859 458 1910 Τοῦτον
488 1857 581 1911 τὸν
611 1858 812 1933 τρόπον
846 1856 1079 1916 δείκνυσι
1106 1864 1208 1933 τὴν
1238 1864 1458 1944 νύμφην
1485 1872 1577 1922 νῦν
1610 1869 1638 1922 6
1671 1866 1858 1945 λόγος,
1912 1914 1915 1923 .

250 1945 319 2002 ’0
339 1949 453 1999 τῶν
484 1948 682 2021 ψυχῶν
714 1952 1049 2025 θεραπευτὴς
1077 1956 1184 2006 τῶν
1222 1954 1693 2030 μεμελανωμένων
1716 1978 1730 1991 ·

248 2036 439 2106 Ἵππῳ
458 2034 561 2111 γάρ
589 2034 792 2107 ταύτην
824 2038 1088 2115 πρότερον
1117 2046 1198 2113 τῷ
1230 2041 1379 2120 λόγῳ
1408 2047 1759 2120 παρεικάσας,

252 2123 353 2177 Καὶ
390 2120 569 2193 δείξας
599 2122 677 2179 ἔτι
704 2134 966 2203 χαμερπῆ
996 2130 1283 2206 τυγχάνειν
1310 2134 1408 2203 τὴν
1440 2137 1731 2211 παροὲνον,

250 2212 400 2287 Πρὸς
433 2211 630 2288 ἀρετὴν
663 2213 879 2291 ἠρέθισε
906 2216 1105 2290 ταύτην
1138 2219 1506 2298 ὑψηλοτέραν.

243 2306 311 2392 Ἡ
341 2298 402 2356 δὲ
432 2302 754 2392 προκύψασα
782 2308 993 2381 τρανῶς
1022 2314 1142 2371 ταῖς
1175 2309 1362 2387 χάρισι
1390 2318 1498 2368 τῶν
1530 2313 1731 2392 φίλων,

250 2390 468 2444 Γίνεται
502 2390 696 2465 θρόνος
725 2392 951 2467 πύρινος
978 2394 1077 2451 τοῦ
1106 2398 1322 2454 πάντων
1354 2390 1644 2465 Βασιλέως.

247 2475 413 2534 Ἀλλ’
436 2477 516 2533 ἔτι
545 2479 712 2534 πάλιν
746 2482 1017 2558 φθάνουσα
1044 2492 1167 2549 ταῖς
1197 2488 1411 2564 ἀρεταῖς
1436 2490 1511 2553 εἷς
1542 2490 1702 2566 ὕψος,

246 2566 359 2623 Καὶ
391 2566 561 2623 πάλιν
595 2571 996 2647 προσεγγίσασα
1023 2580 1103 2648 τῷ
1131 2578 1350 2654 καθαρῷ
1380 2581 1620 2655 νυμφίῳ,

242 2660 534 2731 Λαμπρῶς
565 2656 962 2732 ἐγκωμιάζεται
992 2664 1080 2718 καὶ
1115 2666 1261 2742 ποιρά
1287 2672 1383 2723 τοῦ
1413 2670 1671 2748 νυμφίου.

245 2742 394 2802 Ἰδοὺ
422 2746 522 2820 γὰρ
556 2747 601 2801 εἴ
629 2747 796 2821 καλὴ,
828 2753 1016 2828 φησὶν,
1047 2755 1082 2823 ἠ
1115 2753 1349 2826 πλησίον
1384 2778 1510 2830 μου.

242 2834 380 2890 Δῖτα
437 2832 667 2899 διπλοῦς
718 2838 811 2893 τὸν
862 2839 1079 2897 ἔπαινον
1136 2849 1233 2899 τοῦ
1310 2846 1551 2911 κάλλους
1631 2849 1903 2929 ἐπιφέρων

1618 2937 1827 3011 [πάλιν,

242 3010 413 3082 Ἰδοὺ,
448 3015 605 3092 φησί,
626 3013 778 3100 ,καλή
810 3018 1122 3094 τυγχάνεις,
1156 3022 1200 3075 ὧ
1231 3025 1482 3100 παρθένε,

240 3102 440 3176 Ἔχεις
471 3101 576 3177 γὰρ
604 3098 827 3176 ὄμματα
855 3107 1059 3177 τερπνά
1086 3098 1405 3185 περιστερᾶς
1433 3114 1725 3188 παρθένου,

235 3188 480 3278 Ὁπόταν
514 3210 612 3278 σρυ
639 3191 766 3255 τοὺς
810 3192 1132 3271 ὀφθαλμοὺς
1161 3197 1493 3275 ἀπέστρεψας
1530 3210 1632 3273 τῆς
1660 3202 1895 3278 πλάνης,

234 3277 339 3332 Καὶ
380 3278 522 3352 πρὸς
553 3277 651 3366 ἐμὲ
679 3279 771 3336 τὸν
796 3280 1176 3361 πλαστουργὸν
1203 3286 1295 3342 τὸν
1324 3290 1418 3345 σὸν
1449 3289 1788 3366 ἐνατενίζεις,
1880 3277 1885 3278 ί
1924 3281 1968 3349 C

237 3372 574 3443 Ηεριστερᾶς
599 3364 658 3423 δὶ
690 3369 962 3443 μέμνηται
992 3371 1084 3429 νῦν
1116 3374 1437 3453 ὀφθαλμοὺς
1467 3381 1495 3435 6
1528 3380 1719 3457 λόγος,

231 3456 310 3511 Τὸ
337 3456 575 3546 καθαρὸν
602 3462 701 3512 τοῦ
734 3458 1055 3534 βλέμματος
1087 3464 1370 3539 σημαίνων
1401 3475 1501 3539 τῆς
1536 3456 1825 3546 παρθένου.

236 3546 347 3600 Καὶ
380 3545 484 3621 γὰρ
514 3550 774 3634 τοσοῦτον
805 3551 1037 3628 καθαρὸν
1065 3548 1223 3630 ἔσχεν
1255 3554 1434 3627 ἐκείνη
1470 3556 1717 3634 βλέμμα,

233 3637 405 3689 ’Ὠστε
432 3633 648 3692 κατεῖδε
667 3638 917 3716 καθαρῶς
943 3641 1034 3697 τὸν
1068 3642 1364 3702 κάλλιπον
1393 3633 1646 3728 νυμφίον.

803 3750 916 3801 Τῶν
956 3756 1002 3825 γ’
1040 3739 1316 3826 Πατὲρων.

305 3830 473 3921 Οὕτω
517 3831 700 3889 τοίνυν
751 3835 851 3904 τὴν
904 3836 1138 3917 νύμφην
1183 3843 1212 3896 6
1268 3842 1503 3919 νυμφίος
1562 3846 1702 3921 ὁρῶν
1762 3846 1898 3902 κατὰ

233 3920 435 3996 πρᾶξιν
494 3921 589 3995 μὲν
647 3926 910 4001 καθαράν,
958 3930 1095 3983 κατά
1150 3931 1376 4007 θεωρίαν
1439 3930 1496 3988 δὲ
1547 3920 1924 4010 accumulat--

226 4031 357 4099 νην,
392 4010 527 4088 φησὶ
555 4013 695 4086 πρὸς
724 4013 916 4085 αὐτήν·
949 4014 1088 4074 Ἰδοὺ
1119 4021 1170 4073 εἴ
1191 4019 1357 4090 καλὴ,
1391 4023 1426 4093 ἡ
1477 4021 1715 4094 πλησίον
1764 4046 1893 4099 μου,

227 4095 362 4189 idoli
418 4099 466 4155 εἴ
523 4099 693 4173 καλή
763 4103 1040 4181 ὀφθαλμοί
1116 4129 1233 4177 σου,
1292 4113 1622 4187 περιστεραί.
1671 4095 1894 4189 Ἥγουν,

226 4185 383 4244 Ἰδοὺ
419 4189 892 4278 ὑπάργειςῗώραία
921 4195 1058 4250 κατά
1091 4199 1335 4273 μετοχὴν
1361 4207 1462 4270 τῆς
1502 4185 1641 4274 ἐμῆς
1692 4185 1892 4278 ὡραιόέ

228 4298 427 4348 τητος,
460 4278 535 4340 ὡς
586 4280 647 4334 16
693 4277 782 4335 διά
827 4282 927 4352 τήν
975 4285 1201 4359 πρώτην
1233 4287 1482 4344 ἀπιστίαν
1508 4291 1701 4367 αἶσχος
1743 4277 1892 4348 ἀπο-

1317 395 1729 463 COMMENT.
1774 400 1855 463 IN
1901 400 2301 469 CANTICUM
2346 392 2653 473 CANTIG.

3576 416 3698 478 566

1963 542 2006 603 Α
2043 534 2194 591 botri
2224 537 2478 609 iucunde
2510 542 2715 599 ﬂorent
2744 543 2800 600 in
2834 544 3020 602 Gaddi
3048 562 3060 603 ε
3095 563 3222 620 qua:
3254 548 3494 620 quidem
3535 549 3695 623 regio

2039 624 2255 683 vitibus
2303 630 2616 688 abundans
2644 650 2768 690 uva;
2800 635 3091 691 suavitate
3137 638 3361 693 caeteris
3415 638 3695 695 omnibus

2039 715 2355 774 antecellit.
2388 718 2516 776 Hec
2566 722 2764 778 anima
2814 728 2975 780 casta
3006 729 3063 781 et
3086 742 3233 800 pura
3259 743 3394 782 cum
3422 728 3691 797 dixisset,

2037 815 2288 872 sponsus
2318 808 2633 879 respondet
2661 808 2742 866 ita
2766 826 3044 882 sponsam
3076 813 3383 887 alloquens
3418 831 3432 871 :

2104 1334 2238 1389 Ecce
2262 1333 2495 1405 pulchra
2522 1350 2598 1402 es,
2629 1336 2944 1409 propinqua
2987 1354 3137 1405 mea,
3170 1354 3294 1396 ecce
3316 1336 3549 1411 pulchra
3576 1356 3632 1398 es
3663 1358 3684 1395 .-

2031 1424 2178 1481 oculi
2206 1425 2308 1491 tui,
2342 1423 2630 1481 columba

2102 1513 2607 1577 Quemadmodum
2639 1515 2740 1587 qui
2773 1533 2984 1572 aurum
3007 1520 3267 1573 tractant
3282 1519 3339 1573 et
3355 1517 3680 1590 elaborant,

2028 1618 2178 1673 quos
2206 1602 2478 1658 auriﬁces
2517 1603 2901 1676 appellamus,
2952 1606 3001 1663 si
3033 1623 3245 1663 aurum
3276 1606 3677 1665 adulteratum

2024 1691 2204 1748 velint
2232 1709 2575 1765 expurgare,
2606 1698 2663 1750 et
2692 1696 2898 1766 purius
2930 1702 3104 1768 atque
3133 1697 3504 1769 splendidius
3544 1700 3679 1755 red-

2024 1782 2180 1850 dere,
2218 1783 2432 1856 smpius
2463 1783 2610 1839 illud
2642 1785 2702 1839 in
2734 1786 2999 1841 fornaces
3029 1786 3354 1857 conjiciunt
3387 1803 3400 1843 :
3434 1788 3519 1844 sic
3550 1789 3676 1843 ani-

2025 1886 2152 1927 mas
2176 1888 2303 1943 quae
2327 1872 2691 1943 nigredinem
2715 1879 3324 1945 contraxerunt,curat
3341 1876 3675 1948 expolitque

2028 1965 2196 2016 Deus.
2221 1962 2368 2017 Cum
2389 1962 2547 2016 enim
2572 1961 2737 2035 prius
2758 1980 3037 2035 sponsam
3061 1981 3223 2037 equae
3245 1970 3674 2036 comparasset,

2019 2050 2487 2123 ostendissetque
2517 2069 2641 2108 eam
2675 2052 2866 2109 adhuc
2908 2054 3074 2109 humi
3127 2070 3347 2125 repere,
3378 2054 3665 2127 virginem

2018 2139 2091 2194 ad
2113 2139 2265 2196 hanc
2286 2141 2689 2198 sublimiorem
2717 2143 2989 2197 virtutem
3014 2143 3311 2200 incitavit:
3338 2142 3442 2199 illa
3470 2150 3665 2200 autem

2019 2228 2342 2285 amicorum
2387 2231 2597 2287 ofﬁciis
2627 2247 2757 2287 vere
2787 2232 3119 2304 proficiens,
3170 2232 3235 2288 ﬁt
3277 2232 3450 2305 ignea
3495 2233 3665 2288 sedes

2019 2318 2194 2391 Regis
2218 2320 2873 2377 universorum.Deinde
2895 2321 3212 2378 virtutibus
3232 2338 3467 2378 rursum
3490 2321 3668 2377 altius

2017 2412 2306 2478 provecta,
2339 2414 2513 2481 atque
2543 2411 2756 2465 iterum
2788 2411 2860 2466 ad
2894 2427 3107 2483 purum
3149 2427 3425 2482 sponsum
3455 2427 3669 2483 appro-

2014 2495 2331 2567 pinquans,
2365 2499 2436 2552 ab
2465 2514 2531 2553 eo
2562 2498 2834 2570 przsclare
2864 2500 3312 2556 commendatur
3341 2501 3469 2556 Ecce
3495 2502 3664 2570 enim,

2012 2583 2228 2655 inquit,
2246 2588 2484 2659 pulchra
2502 2604 2579 2656 es,
2605 2590 2914 2661 propinqua
2936 2605 3059 2645 mea
3076 2606 3099 2652 ;
3120 2593 3178 2645 et
3208 2588 3665 2661 pulchritudinis

2012 2675 2247 2734 laudem
2305 2679 2699 2751 ingeminans,
2749 2696 2887 2751 ecce,
2946 2680 3161 2753 inquit,
3209 2680 3445 2752 pulchra
3496 2695 3571 2747 es,
3629 2697 3662 2736 ο

2010 2767 2194 2839 virgo.
2242 2769 2499 2824 Jucundi
2548 2771 2703 2825 enim
2752 2786 2813 2825 es
2856 2768 3045 2826 oculis
3093 2771 3336 2843 praedita
3377 2769 3660 2826 columba

2010 2856 2275 2929 virginis,
2310 2875 2445 2915 cum
2475 2859 2676 2915 oculos
2723 2864 2856 2914 tuos
2905 2860 2978 2915 ab
3029 2874 3224 2915 errore
3272 2859 3572 2925 averteris,
3602 2862 3662 2914 et

2009 2960 2108 3002 eos
2146 2947 2205 3002 in
2254 2965 2348 3004 me
2394 2949 2726 3005 Creatorem
2774 2954 2945 3005 tuum
2988 2949 3334 3005 intenderis.
3363 2947 3657 3005 Columbae

2008 3038 2206 3093 autem
2238 3038 2441 3095 oculos
2470 3042 2778 3107 memorat,
2802 3043 2869 3094 ut
2889 3055 3102 3110 purum
3125 3037 3367 3111 virginis
3389 3038 3655 3094 obtutum

2007 3124 2316 3197 signiﬁcet.
2347 3128 2489 3184 Tam
2519 3128 2775 3183 mundos
2800 3127 2959 3183 enim
2989 3127 3190 3183 oculos
3220 3128 3416 3196 habet,
3450 3128 3514 3182 ut
3542 3142 3659 3198 pu-

2004 3214 2146 3272 riter
2174 3216 2639 3289 pulcherrimum
2672 3233 2955 3290 sponsum
2988 3218 3255 3291 aspiciat.

2600 3760 2785 3817 Trium
2814 3765 3066 3818 Patrum.

2076 3852 2170 3909 Sic
2199 3849 2385 3923 igitur
2406 3864 2685 3919 sponsam
2708 3849 2957 3904 actionis
2978 3847 3233 3920 puritate
3252 3850 3653 3922 praestantem,

2002 3946 2061 3999 et
2090 3937 2603 4009 contemplationis
2632 3936 2763 3993 luce
2793 3936 3196 4009 splendentem
3228 3952 3482 4009 sponsus
3503 3937 3654 4009 aspi-

2001 4031 2163 4088 ciens
2209 4027 2529 4100 alloquitur
2557 4045 2575 4082 :
2601 4029 2733 4083 Ecce
2761 4026 2990 4099 pulchra
3016 4043 3093 4097 es,
3124 4029 3435 4099 prepinqua
3477 4043 3603 4081 mea
3633 4043 3654 4081 :

2000 4138 2118 4179 ecce
2165 4118 2400 4191 pulchra
2443 4134 2499 4174 es
2528 4137 2545 4171 :
2576 4116 2733 4175 oculi
2778 4119 2883 4185 tui,
2932 4118 3220 4175 columbae.
3270 4118 3355 4173 En
3404 4116 3655 4173 formosa

2002 4209 2277 4277 exsistis;
2320 4208 2462 4280 quia
2505 4207 2797 4281 particeps
2844 4225 2907 4265 es
2954 4206 3602 4279 pulchritudinis'meae
3637 4222 3652 4264 :

2001 4300 2282 4373 quoniam
2317 4298 2579 4371 pristinas
2610 4296 3039 4354 incredulitatis
3094 4296 3520 4368 turpitudinem
3552 4298 3652 4353 ab-

231 4360 547 4439 6αλομὲνη,
605 4369 708 4460 καὶΔ
770 4368 1021 4447 ἐγγίσασά
1099 4396 1195 4448 μοι
1257 4378 1372 4432 κατ’
1427 4360 1640 4454 ἀρετὴν*
1694 4379 1748 4436 ἐν
1815 4387 1883 4454 τᾷ

2019 4360 2211 4457 scisti,
2246 4360 2684 4458 el,.imitatores
2724 4402 2887 4443 meos
2915 4360 3215 4458 apostolos
3242 4384 3548 4453 imitando,
3581 4386 3652 4442 ad

233 4457 595 4549 μιμήσασθαι.
629 4456 761 4549 τους
808 4460 976 4534 ἐμοὺς
1048 4465 1294 4538 μιμητὰς
1343 4468 1702 4532 ἀποστόλους.
1754 4468 1883 4528 Ἰδοὺ

2019 4494 2096 4533 ne
2144 4456 2246 4549 per
2290 4456 2568 4532 virtutem
2620 4456 3129 4549 appropinquasti.
3166 4475 3309 4531 Ecce
3335 4474 3544 4531 decora
3571 4491 3656 4542 es,

231 4544 507 4620 ὑπάρχεις
564 4544 739 4633 ὡραία
801 4549 876 4611 ὡς
933 4552 1079 4627 παρὰ
1130 4558 1238 4610 τῶν
1283 4555 1524 4633 ἀγγέλων
1561 4580 1666 4632 μου
1694 4561 1790 4622 τὰς
1836 4559 1887 4615 ἒν

2003 4566 2221 4639 quippe
2250 4582 2379 4638 quae
2410 4565 2482 4621 ab
2514 4565 2739 4638 angelis
2785 4565 2932 4621 meis
2982 4563 3205 4637 species
3247 4568 3382 4619 tuas
3430 4580 3555 4636 quae
3595 4564 3654 4619 in

224 4630 313 4703 τῷ
404 4633 562 4687 παντὶ
633 4631 953 4712 διδαχθεῖσα
1029 4640 1287 4722 ἐμφάσεις
1364 4630 1487 4717 ’μου
1519 4630 1883 4717 ,inv1ev30u

2019 4630 2225 4711 pundo
2266 4630 2435 4720 sunt,
2468 4630 2753 4724 didicisti,
2784 4657 2960 4724 atque
2990 4630 3071 4707 ita
3102 4630 3651 4724 cognitione—etiam

230 4723 568 4797 ὡραῖσθεῖσα
614 4725 705 4781 καὶ
762 4730 899 4783 κατὰ
969 4735 1193 4804 γνῶσιν,
1253 4732 1546 4811 ἐπειδήπερ
1604 4738 1654 4792 οἱ
1712 4738 1891 4815 νοεροὶ

230 4810 520 4888 ὀφθαλμοί
555 4834 653 4868 σου
682 4819 1062 4890 πνευματικοὶ,
1095 4819 1147 4875 ὲν
1177 4826 1260 4894 τῷ
1300 4826 1374 4897 μή
1422 4810 1720 4881 ἀπατᾶσθαι
1777 4810 1893 4889 τοῖς

233 4900 293 4955 ἐν
324 4900 607 4971 αἰσθήσεσι
656 4912 926 4980 τερπνοῖς,
963 4908 1092 4966 ἀλλ’
1122 4911 1196 4973 ὡς
1240 4910 1291 4967 ἐν
1347 4912 1629 4991 ἐσόπτροις
1677 4915 1894 4981 τούτοις

225 4989 303 5045 τά
329 4991 686 5067 κεκρυμμένα
716 4991 899 5071 διορᾷν
932 4998 1105 5070 νοητὰ
1131 4999 1338 5074 κάλλη.

798 5105 914 5158 Τῶν
952 5107 998 5180 γ’
1037 5107 1316 5180 Πατὲρων.

309 5185 456 5259 Πρὸς
485 5190 654 5278 ταῦτα
684 5185 742 5244 δὶ
771 5192 807 5260 ἡ
838 5191 1050 5270 νύμφη,
1078 5194 1266 5266 ἐπειδὴ
1317 5198 1463 5274 παρά
1503 5205 1599 5255 τοῦ
1656 5202 1891 5278 νυμφίου

242 5274 664 5366 μεμαρτύρηται
725 5282 1123 5354 πνευματικοὺς
1183 5284 1328 5361 ἔχειν
1386 5274 1733 5366 ἀφθαλμοὺς,
1765 5274 1891 5346 κάν·

228 5364 418 5454 τεῦθεν
477 5366 554 5454 μὴ
613 5367 1005 5443 ἀπατωμένους
1039 5392 1053 5405 θ
1117 5371 1265 5429 ἀλλά
1326 5376 1387 5431 16
1435 5364 1647 5454 κυρίως
1699 5378 1890 5449 καλὸν,

230 5450 423 5521 ὅθενή
464 5452 740 5543 ὡραιότης
789 5458 926 5534 αὐτῇ
975 5462 1161 5537 γέγονε
1210 5464 1346 5518 κατά
1394 5450 1661 5542 μετοχὴν,
1692 5469 1890 5543 γνωρί-

222 5546 445 5635 ςοντας,
488 5541 614 5600 τάδε
660 5547 846 5623 φησίν·
903 5547 1044 5607 Ἰδοὺ
1089 5552 1132 5605 εἶ
1162 5553 1350 5615 καλὸς.
1402 5541 1729 5635 ἀδελφιδοῦς
1784 5541 1890 5631 μου

222 5628 517 5723 δηλονότι,
552 5634 628 5688 Σὺ
689 5637 857 5708 μόνος
904 5636 965 5692 ἃν
1007 5635 1229 5703 δικαίως
1276 5639 1465 5719 λέγοιο
1507 5628 1675 5708 καλὸς
1700 5648 1728 5702 ὁ
1758 5628 1888 5723 ἀγα-

221 5719 413 5790 πητός
465 5741 592 5794 μου,
627 5723 689 5779 οὗ
735 5728 872 5782 κατὰ
933 5730 1177 5804 μετοχὴν
1216 5729 1452 5788 καλάτᾶ
1498 5732 1641 5790 καλά
1671 5755 1683 5768 ·
1739 5719 1891 5812 κανίγε

2001 4748 2058 4800 et
2087 4743 2336 4801 scientia
2362 4760 2424 4798 es
2456 4745 2754 4798 exornata.
2792 4740 3006 4796 Mentis
3035 4741 3192 4797 enim
3226 4740 3380 4797 oculi
3411 4740 3498 4795 tui
3528 4740 3651 4811 spi-

1999 4832 2198 4889 ritales
2230 4833 2406 4887 rebus
2436 4830 2636 4886 sensui
2661 4830 2946 4900 jucundis
2987 4829 3230 4884 minime
3251 4829 3648 4900 decipiuntur,

2000 4922 2099 4977 sed
2124 4921 2184 4975 in
2206 4919 2278 4975 iis
2301 4924 2582 4989 tanquam
2613 4918 2672 4973 in
2697 4919 2935 4989 speculo
2966 4917 3296 4973 reconditas
3325 4915 3649 4990 pulchritu-

1999 5009 2167 5066 dines
2196 5006 2596 5079 intelligibiles
2626 5006 3121 5078 contemplantur.

2597 5115 2783 5170 Trium
2810 5118 3064 5169 Patrum.

2070 5204 2153 5259 Ad
2187 5204 2308 5259 haec
2339 5220 2577 5274 sponsa,
2602 5219 2738 5258 cum
2772 5201 3109 5258 testimonio
3132 5202 3335 5274 sponsi
3357 5200 3655 5272 spiritales

2002 5294 2212 5349 habeat
2241 5292 2442 5348 oculos
2471 5292 2573 5364 qui
2604 5291 2792 5364 decipi
2826 5297 3138 5362 nequeant,
3172 5291 3273 5347 sed
3326 5290 3479 5364 quod
3522 5306 3655 5346 vere

2000 5381 2313 5454 pulchrum
2346 5386 2457 5451 est,
2495 5381 2651 5437 unde
2679 5380 2811 5453 ipsa
2840 5395 3072 5452 quoque
3101 5380 3167 5435 ﬁt
3197 5378 3654 5453 pulchritudinis

2000 5471 2315 5543 particeps,
2370 5470 2739 5542 conspiciant
2772 5485 2786 5523 :
2819 5468 3230 5542 Ecce;inquit,
3279 5486 3342 5527 es
3390 5467 3655 5542 pulcher,

2000 5575 2217 5631 sponse
2265 5560 2368 5615 mi.
2399 5564 2480 5615 Tu
2535 5559 2697 5616 solus
2737 5558 3030 5628 videlicet,
3073 5560 3207 5630 jure
3250 5558 3495 5632 pulcher
3539 5556 3656 5614 dici

2001 5654 2188 5721 potes,
2214 5648 2422 5705 dilecte
2451 5650 2554 5718 mi,
2607 5650 2777 5719 cujus
2809 5647 3203 5721 partipatione
3231 5648 3482 5722 pulchra
3512 5653 3653 5705 sunt

1999 5740 2263 5812 pulchra.
2298 5740 2567 5809 Pulcher,
2602 5740 2867 5813 inquam,
2898 5738 3200 5799 inaccessa
3246 5745 3471 5799 naturae
3520 5740 3653 5815 pul-
