4072 6346
475 354 597 413 567

1818 370 1873 430 Μ
1881 370 2241 435 ICHAELIS
2285 372 2561 435 PSELLI

3790 388 3917 449 568

480 486 842 544 chritudine.
876 490 968 546 Sic
1000 493 1179 565 igitur
1215 495 1478 567 pulcher,
1508 500 1577 554 ad
1606 500 1823 556 lectum
1873 507 2135 561 nostrum

2270 505 2457 580 ὒραῖος
2487 512 2566 580 τῷ
2595 508 2878 585 ἀπροσίτῳ
2909 510 3103 570 κάλλει
3135 521 3236 584 τῆς
3286 514 3492 579 οὐσίας.
3523 518 3586 574 Ὀ
3628 522 3762 593 γοῦν
3816 499 3917 573 οῦ-

482 578 823 650 umbrosus,
854 580 910 633 in
949 586 1155 639 natura
1186 590 1387 641 nostra
1420 588 1721 660 nimirum,
1754 592 1811 646 in
1845 601 1991 664 qua’
2020 599 2144 649 tan-

484 682 659 737 quam
714 668 771 721 in
826 668 973 725 lecto
1027 672 1339 742 quiescens
1372 680 1432 731 tu
1468 678 1563 733 Dei
1594 684 1652 734 et
1685 680 1869 736 Patris
1900 681 2142 739 lucidis-

484 754 673 810 simus
706 760 763 810 et
794 756 916 813 sine
950 761 1161 816 umbra
1192 765 1414 831 radius,
1448 783 1552 837 per
1598 770 1869 825 umbram
1921 773 2145 843 aspice-

484 842 589 911 ris,
640 849 924 916 tanquam
977 848 1034 903 in
1090 850 1349 922 imagine
1397 856 1707 926 exemplar.
1758 859 2042 922 Quoniam
2091 865 2149 917 et

490 932 703 988 domus
733 940 836 990 tua
866 953 995 1004 nos,
1027 940 1289 996 Ecclesia
1320 943 1601 1000 nimirum
1627 963 1754 1018 quae
1781 948 1839 1002 in
1862 952 1918 1004 te
1940 951 2143 1020 credit,

491 1037 696 1077 sumus
743 1025 911 1093 Tigna
968 1032 1177 1093 nostra,
1228 1032 1383 1086 cedri
1425 1050 1443 1086 :
1489 1034 1598 1090 hoc
1648 1040 1754 1104 est,
1802 1038 2035 1109 pietatis
2092 1046 2149 1097 et

493 1109 790 1181 religionis
815 1114 1091 1187 dogmata
1118 1135 1243 1189 quae
1267 1124 1550 1192 tanquam
1574 1125 1737 1197 tigna
1760 1128 2148 1197 domum,hoo

494 1203 602 1263 est,
648 1200 909 1256 fidelium
964 1205 1281 1262 Ecclesiam
1330 1213 1651 1284 continent,
1684 1219 1741 1270 et
1770 1218 1937 1288 quasi
1968 1219 2148 1285 cedri,

497 1287 721 1343 fortiter
750 1292 1071 1348 constituta
1106 1296 1292 1351 solida
1322 1299 1378 1353 in
1412 1302 1705 1359 Christum
1742 1287 1853 1361 ﬁde
1885 1308 2150 1363 innitun-

495 1380 848 1450 turzneque
896 1382 1217 1439 Ecclesiam
1260 1388 1515 1445 assiduis
1554 1392 1841 1450 hieresum
1877 1400 1934 1451 et
1960 1402 2149 1454 tenta-

496 1466 725 1522 tionum
782 1470 1064 1543 motibus,
1096 1474 1274 1530 veluti
1334 1479 1506 1534 variis
1554 1482 1986 1543 vehementium
2038 1489 2147 1544 im-

501 1554 695 1609 brium
753 1563 930 1628 atque
986 1567 1289 1619 ventorum
1348 1567 1685 1629 incursibus
1749 1582 2149 1648 oppugnatam

500 1643 839 1701 labefactari
879 1666 943 1703 ac
978 1666 1143 1706 ruere
1190 1655 1517 1724 patiuntur.
1568 1643 1892 1734 Laquedri'a
1938 1672 2151 1739 nostra,

504 1737 768 1804 cupressi.
798 1736 1118 1808 Laquearia
1150 1743 1366 1799 variam
1399 1747 1539 1801 recti
1570 1751 1870 1809 continent
1898 1756 2152 1826 pulchri-

506 1822 793 1893 tudinem,
835 1843 963 1897 quae
1014 1834 1243 1886 constat
1288 1849 1355 1888 ex
1402 1838 1688 1895 concinna
1732 1847 1790 1897 et
1837 1822 2154 1903 fabrefacta

510 1913 944 1984 contignatione
1002 1918 1375 1991 tabularum;
1431 1942 1559 1996 quae
1607 1930 1841 1999 quidem
1875 1934 1925 1988 si
1953 1949 2021 1989 ex
2050 1952 2155 1990 cu-

507 2016 709 2071 presso
758 2004 1031 2059 confectae
1078 2007 1218 2079 sint,
1259 2014 1384 2065 tum
1416 2013 1561 2069 bene
1591 2015 1769 2085 olent,
1801 2024 1927 2075 tum
1958 2027 2157 2093 putre-

509 2089 705 2143 dinem
754 2107 868 2146 non
920 2094 1262 2152 admittunt.
1298 2100 1398 2155 His
1431 2102 1671 2160 virtutes
1722 2111 1862 2162 sunt
1908 2089 2154 2182 similes,

508 2177 726 2248 quibus
772 2182 1283 2252 perturbationum
1328 2194 1386 2243 et
1436 2190 1708 2249 vitiorum
1764 2198 2155 2271 corruptionis

506 2268 845 2338 expertibus
904 2278 1225 2328 exornatur
1280 2278 1535 2336 Ecclesia
1595 2299 1607 2336 :
1665 2300 1985 2359 earumque
2039 2290 2155 2345 fra-

503 2356 735 2428 grantia
763 2360 1015 2430 spiritali
1048 2374 1522 2440 consperguutur
1568 2375 1669 2443 qui
1717 2356 1920 2433 animé
1969 2395 2156 2436 sensu:

503 2446 705 2502 habent
733 2451 1059 2507 exercitatos
1089 2454 1151 2508 ¹⁰.

1228 2566 1419 2621 Psellz'.

574 2644 862 2715 Sponsam
901 2664 1086 2718 purus
1136 2668 1391 2723 sponsus
1438 2655 1699 2714 laudavit
1733 2678 1747 2718 :
1777 2678 1952 2733 quem
1998 2681 2154 2722 nunc

502 2732 763 2789 vicissim
798 2751 1019 2806 sponsa
1048 2745 1442 2815 commendat,

578 2824 725 2891 Ecce,
776 2824 1073 2898 inquiens,
1117 2832 1346 2900 pulcher
1383 2851 1455 2906 es,
1488 2853 1652 2906 nepos
1698 2857 1888 2914 meus;
1920 2849 2152 2914 natura,

506 2913 773 2985 inquam,
823 2931 885 2970 es
939 2917 1227 2987 pulcher:
1264 2925 1401 2979 Ecce
1451 2925 1732 2995 formosus
1779 2947 1833 2986 es
1880 2949 1944 2988 ac
1989 2936 2159 3003 plane

505 3001 728 3057 decorus
760 3007 812 3058 et
841 3008 921 3076 tu,
953 3024 1149 3077 sponse
1180 3012 1279 3066 mi.

576 3093 655 3146 Ac
680 3095 1177 3164 quemadmodum
1201 3101 1435 3171 gemina
1454 3102 1553 3158 ille
1573 3104 1744 3163 laude
1766 3126 2043 3181 sponsam
2069 3132 2158 3169 ex-

503 3180 678 3236 tulit:
705 3182 789 3238 sic
816 3183 916 3239 illa
945 3186 1160 3258 duplici
1184 3189 1355 3246 laude
1376 3209 1659 3264 sponsum
1685 3180 1865 3256 etfert.
1890 3202 2152 3276 Pulcher,

503 3270 1312 3349 inquiens,es,sponse,atque
1332 3280 1625 3341 formosus
1654 3287 1932 3359 Nepotem
1957 3298 2150 3350 autem

503 3376 721 3429 sponsa
772 3362 1083 3419 Dominum
1142 3368 1416 3439 appellat,
1449 3389 1577 3428 eam
1631 3375 1884 3435 innuens
1932 3391 2154 3452 partem

504 3446 694 3519 ipsius
726 3466 829 3522 per
858 3468 1034 3522 quam
1094 3454 1178 3511 illi
1223 3458 1555 3533 propinqua
1602 3470 1689 3520 est
1738 3484 1865 3539 qua:
1910 3446 2160 3543 pertinet

506 3537 576 3591 ad
613 3537 1070 3610 humanitatem,
1104 3561 1281 3613 quam
1328 3550 1561 3619 quidem
1594 3537 2011 3629 infra'plan'ius
2058 3579 2159 3618 ex-

509 3625 747 3699 plicabit
781 3646 792 3684 :
827 3648 1111 3703 sponsum
1140 3636 1297 3692 enim
1327 3655 1545 3710 sponsa
1572 3643 1837 3703 vicissim
1886 3648 2158 3724 laudans,

507 3716 593 3772 sic
621 3717 692 3772 ad
724 3736 858 3775 eum
890 3723 1092 3778 statim
1124 3725 1267 3782 dicit
1299 3746 1311 3783 :
1344 3730 1427 3784 Ad
1462 3730 1677 3789 lectum
1712 3741 1980 3794 nostrum
2015 3716 2161 3811 um;

509 3807 740 3865 brosus.

582 4093 665 4147 Ad
700 4093 991 4164 intimum,
1057 4099 1263 4171 inquit,
1326 4103 1539 4160 lectum
1600 4113 1868 4167 nostrum
1929 4112 2013 4169 sic
2069 4133 2164 4171 ac-

510 4182 777 4251 cessisti,
848 4191 911 4239 ut
986 4188 1186 4243 dedita
1259 4208 1434 4262 opera
1482 4196 1806 4255 divinitatis
1878 4202 2163 4276 fulgorem

511 4270 914 4329 obumbrares.
951 4275 1072 4333 Nisi
1106 4295 1235 4334 eam
1282 4285 1342 4335 tu
1390 4282 1462 4338 iis
1512 4286 1840 4345 rationibus
1886 4308 2011 4363 quae
2059 4294 2168 4350 tibi

510 4359 619 4415 soli
653 4362 897 4431 cognita
930 4371 1087 4435 sunt,
1121 4369 1555 4441 abscondisses,
1606 4375 1800 4431 divino
1857 4380 2167 4452 splendore

510 4448 660 4504 forte
706 4454 1040 4524 consumpti
1099 4472 1386 4514 essemus.
1440 4461 1600 4524 Quod
1658 4448 1907 4536 quidem.
1954 4475 2164 4541 totum,

511 4537 699 4593 Verbo
749 4540 1112 4599 divinitatem
1163 4547 1408 4617 celante,
1445 4551 1657 4607 factum
1693 4560 1799 4610 est.
1834 4562 1973 4613 Cum
2010 4537 2164 4618 enim

2252 614 2359 655 τως
2390 596 2595 671 ὡραῖος
2629 600 2765 673 πρὸς
2811 598 3004 671 κλίνην
3065 605 3226 677 ἡμῶν
3282 603 3522 678 σύσκιος,
3553 604 3679 675 ἤτοι
3736 607 3788 661 ἐν
3838 612 3913 682 τῇ

2253 685 2495 761 ἡμετέρᾳ
2541 686 2715 765 φύσει,
2777 688 2856 767 lc?’
3009 692 3084 753 ὡς
3142 691 3227 747 ἐπὶ
3276 691 3712 771 κλίνῃάναπαύῃ
3746 699 3781 766 ἡ
3811 702 3913 752 τοῦ

2255 778 2387 828 Θεοῦ
2416 776 2504 829 καὶ
2538 778 2747 851 Ηατρὸς
2778 776 3110 853 ὁλολαμπής
3156 780 3246 836 καὶ
3304 783 3488 845 ἄσκιος
3535 784 3707 853 ἀκτὶς,
3747 807 3915 841 σκιωο

2257 859 2365 925 δῶς
2417 865 2515 939 ὁρᾷ
2547 866 2619 927 ὡς
2647 866 2697 919 ἐν
2728 867 2894 922 είκόνι
2929 870 3259 944 ἀρχέτυπον.
3290 874 3440 928 Ἐπεὶ
3500 870 3556 928 δὲ
3602 874 3693 929 καὶ
3749 874 3913 945 073:1;-

2253 952 2442 1026 τήριόν
2505 975 2601 1008 σου
2656 958 2898 1029 ﬁge-14,?)
2953 958 3280 1015 πιστεύσασα
3340 961 3415 1024 εἷς
3473 963 3529 1017 σὲ
3582 964 3912 1035 Ἐκκλησία,

2256 1039 2438 1113 ἐσμὲν,
2470 1044 2629 1097 Δοκοὶ
2681 1046 2841 1118 ἡμῶν
2902 1044 3307 1125 κέδρονῆγουν,
3348 1052 3417 1105 τὰ
3472 1058 3572 1121 τῆς
3634 1048 3914 1116 εὐσεϐείας

2258 1128 2523 1207 δόγματα,
2557 1131 2588 1187 ἃ
2622 1130 2774 1205 δίκην
2818 1132 2995 1191 δοκῶν
3046 1144 3389 1215 συνεχουσῶν
3425 1140 3616 1214 οἰκίαν,
3647 1142 3750 1210 τὴν
3800 1148 3914 1197 τῶν

2256 1225 2460 1275 πιστῶν
2525 1222 2849 1294 Ἐκκλησίαν
2904 1226 3243 1302 συνέχουσιν,
3293 1231 3381 1284 καὶ
3460 1231 3651 1306 οἷάπερ
3722 1229 3915 1307 κέδροι

2259 1305 2488 1380 έδραίως
2546 1309 2902 1387 ἐρριζωμένοι
2955 1319 3023 1389 τῇ
3085 1315 3161 1378 είς
3212 1318 3449 1393 Χριστὸν
3478 1305 3673 1395 στεῤῥᾷ
3730 1305 3916 1376 πίστει

2258 1395 2610 1469 ἡδραίωνται·
2645 1400 2733 1455 καὶ
2791 1407 2908 1464 ταῖς
2963 1400 3440 1480 προσϐαλλούσαις
3480 1412 3548 1482 τῇ
3608 1408 3917 1481 Ἐκκλησία

2261 1484 2415 1554 δίκην
2477 1486 2722 1566 σφοδρῶν
2781 1492 2943 1547 ὑετῶν
3003 1492 3091 1548 καὶ
3147 1494 3360 1569 ἀνέμων
3418 1504 3641 1573 συχναῖς
3698 1498 3915 1575 ἐπαγω-

2257 1582 2378 1651 γαῖς
2449 1579 2557 1632 τῶν
2627 1576 2898 1658 διαφόρων
2977 1582 3231 1657 αἷρέσεών
3298 1607 3357 1642 τε
3418 1586 3508 1642 καὶ
3566 1593 3913 1662 πειρασμῶν,

2261 1666 2361 1720 ούκ
2437 1666 2564 1721 ἐῶσι
2645 1669 2847 1741 ταύτην
2922 1679 3263 1731 καταπεσεῖν.
3326 1676 3667 1750 Φατνώματα
3749 1680 3918 1751 ἡμῶν

2260 1755 2622 1827 κυπάρισσοι·
2657 1759 2986 1833 φατνώματα
3043 1758 3100 1816 δέ
3157 1762 3258 1818 εἶσι
3317 1761 3777 1821 διαποικίλλουσά
3832 1788 3918 1831 τις

2183 1882 2231 1946 Β
2261 1844 2322 1899 τὸ
2348 1852 2448 1946 τῇς
2485 1844 2691 1946 ὀροφῆς
2719 1846 2929 1946 καλλος
2960 1849 3279 1946 ἐναρμόνιος
3309 1854 3397 1946 καὶ
3418 1852 3917 1946 γλυφῴδηςηπῆξις

2266 1932 2513 1989 σανίδων·
2566 1933 2722 2013 αἵπερ
2767 1937 2854 1992 ἐὰν
2893 1940 3023 1994 ὦσιν
3065 1939 3124 1995 ἐκ
3164 1942 3532 2015 κυπαρίσσων,
3562 1944 3626 1999 τὸ
3684 1942 3921 2000 εὔπνουν

2266 2020 2477 2097 ἔχουσι,
2510 2025 2596 2078 καὶ
2640 2024 2938 2096 σηπεδόνος
2987 2027 3180 2104 σχεδόν
3226 2029 3357 2086 εἷ’σιν
3401 2030 3790 2108 ἀπαράδεκτοι.
3823 2038 3920 2089 Ὧν

2267 2108 2420 2182 δίκην
2479 2114 2534 2167 αἱ
2592 2115 2774 2189 ἀρεταὶ
2823 2118 2924 2186 τὴν
2970 2117 3298 2190 Ἐκκλησίαν
3353 2121 3783 2198 καθωραίζουσι,
3827 2126 3924 2178 καὶ

2263 2207 2363 2270 τῆς
2448 2207 2554 2257 τῶν
2632 2206 2815 2259 παθῶν
2895 2205 3195 2277 σηπεδόνος
3286 2208 3417 2265 εἷ’σὶν
3503 2208 3874 2285 ἀπαράδεκτοι
3906 2230 3923 2245 ⁸

2264 2290 2353 2345 καὶ
2414 2291 2642 2347 εὐωδίαν
2692 2299 3062 2368 πνευματικήν
3122 2297 3308 2373 ἀφιέίσι
3362 2307 3479 2363 τοῖς
3531 2300 3926 2376 γεγυμνασμέ-

2263 2400 2377 2441 νοις
2405 2380 2471 2435 τὰ
2494 2387 2596 2451 τῆς
2626 2385 2813 2458 ψυχῆς
2844 2384 3194 2461 αἰσθητήρια.

2958 2579 3203 2639 Ψελλοῦ.

2334 2667 2441 2735 Τὴν
2496 2665 2708 2744 νύμφην
2786 2666 3161 2731 ἐπαινέσαντος
3219 2669 3316 2726 τοῦ
3378 2673 3615 2745 καθαροῦ
3674 2672 3921 2750 νυμφίου

2266 2755 2741 2829 Ἀνταποκρίνεται
2776 2755 2969 2813 λοιπὸν
2998 2758 3218 2831 κάκείνη
3252 2760 3342 2814 τὸν
3374 2761 3625 2838 νυμφίον,

2338 2841 2478 2901 Ἰδοὺ
2536 2844 2705 2908 καλὸς
2748 2844 2839 2901 καί
2878 2868 2937 2922 γε
2969 2847 3170 2922 ὡραῖος
3228 2846 3519 2928 ἀδελφιδός
3572 2869 3714 2924 μου⁶
3771 2852 3925 2929 φημὶ

2267 2930 2323 2988 δὲ
2383 2933 2535 3008 φύσει
2586 2937 2805 3009 ὡραῖος.
2840 2934 2982 2993 Ἰδοὺ
3042 2935 3211 3000 καλὸς
3266 2940 3355 2994 καὶ
3409 2938 3471 2994 σὺ
3522 2942 3838 3015 τυγχάνεις,
3875 2943 3924 2996 ὦ

2264 3023 2483 3099 νυμφίε.

2336 3115 2539 3189 Ὥσπερ
2573 3111 2617 3167 δ’
2648 3113 2851 3177 ἐκεῖνος
2882 3112 3066 3189 εἷ’ρηκε
3097 3112 3327 3180 διπλοῦς
3368 3114 3503 3189 αὐτῇ
3536 3116 3809 3189 ἐπαίνους,

2265 3199 2423 3258 Οὕτω
2454 3200 2680 3264 διπλοῦς
2711 3202 3018 3279 ἀντείρηκεν
3054 3203 3227 3275 ἐκείνη
3259 3204 3389 3268 τοῦς
3417 3205 3688 3275 ἐπαίνους,

2266 3292 2465 3359 Καλὸς,
2499 3291 2742 3361 εἰποῦσα,
2774 3292 3033 3371 πέφυκας,
3066 3295 3111 3348 ὧ
3140 3295 3358 3371 νυμφίε,
3385 3294 3475 3349 καὶ
3506 3296 3732 3368 ὡραῖος.

2262 3376 2615 3457 Ἀδελφιδοῦν
2646 3379 2691 3435 δ’
2723 3380 3004 3453 ὠνύμασεν
3037 3385 3071 3451 ἡ
3104 3384 3289 3461 νύμφη
3312 3382 3405 3439 τὸν
3437 3385 3735 3457 Δεσπότην,

2261 3468 2367 3536 Τὴν
2427 3469 2532 3523 ἀπὸ
2587 3472 2687 3534 τῆς
2733 3470 3054 3545 σαρκώσεως
3105 3470 3269 3526 αὐτοῦ
3326 3473 3463 3548 πρὸς
3507 3472 3635 3535 τοὺς
3702 3474 3923 3552 ἀνθρώ-

3682 3565 3844 3637 [πους

2266 3647 2625 3721 Αἷνιττομὲνη
2659 3652 2952 3727 προφανῶς
2978 3652 3294 3726 συγγενικὴν
3331 3649 3523 3725 μερίδα
3546 3672 3558 3684 ·

2266 3743 2362 3792 Ἦν
2400 3736 2638 3810 μάλιστα
2666 3737 3003 3816 πλατύτερον
3030 3736 3267 3803 κάτωθεν
3301 3737 3627 3817 διδαχθήσῃ.

2270 3826 2715 3885 Ἀντεπαινέσασα
2784 3828 2873 3882 καὶ
2945 3829 3045 3904 γὰρ
3120 3830 3153 3898 ἠ
3230 3828 3417 3908 νύμφη
3490 3831 3582 3885 τὸν
3668 3832 3931 3907 νυμφίον,

2271 3917 2427 3992 φησὶ,
2459 3916 2549 3971 καὶ
2595 3920 2763 3971 ταῦτα
2810 3916 3080 3993 παρευθῦς
3128 3918 3263 3994 πρὸς
3315 3920 3408 3974 τὸν
3456 3919 3615 3975 αὐτὸν
3654 3920 3932 3999 νυμφίον·

2271 4006 2415 4081 Πρὸς
2438 4005 2633 4077 κλίνην
2666 4008 2823 4079 ἡμῶν
2853 4006 3090 4070 σύσκιος.

2344 4109 2563 4182 Ἦλθες,
2594 4113 2751 4190 φησὶ,
2792 4114 2929 4189 πρὸς
2986 4114 3087 4182 τὴν
3144 4116 3305 4187 ἡμῶν
3364 4116 3754 4186 ἀσθενεστάτην
3808 4116 3935 4173 κλίο

3714 4212 3861 4277 tvm.

2275 4293 2390 4360 Τήν
2426 4293 2702 4367 ἀστραπὴν
2726 4293 2824 4360 τήν
2861 4294 3044 4361 θεϊκὴν
3076 4292 3344 4367 ἐντέχνως
3373 4296 3685 4367 συσκιάσας.

2276 4380 2341 4434 Εἴ
2375 4383 2449 4453 μή
2480 4382 2580 4455 γὰρ
2612 4378 2847 4458 ἔκρυψας
2877 4382 3045 4450 αὐτὴν
3077 4385 3159 4444 οἷς
3191 4380 3340 4445 οἶδας
3370 4386 3595 4458 τρόποις
3632 4384 3822 4456 μόνος,

2272 4470 2405 4545 Τάχ’
2434 4468 2491 4523 ἂν
2524 4469 2993 4543 κατηναλώθημεν
3026 4470 3077 4541 ἐξ
3109 4472 3387 4547 ἀστραπῆς
3407 4479 3505 4541 τῆς
3535 4472 3707 4537 θείας·

2275 4559 2440 4615 ’Ὁλον
2474 4556 2529 4613 δὲ
2550 4564 2711 4614 τοῦτο
2742 4558 2943 4636 πέφυκε
2970 4565 3067 4615 τοῦ
3097 4561 3272 4635 Λόγου
3302 4562 3364 4616 τὸ
3394 4561 3711 4637 κρυψίνουν.

514 4627 685 4683 amici
718 4629 816 4700 qui
850 4647 1127 4703 sponsam
1162 4636 1548 4710 deducebant,
1598 4647 1660 4697 ut.
1699 4662 1879 4716 supra
1909 4648 2156 4706 declara-

2277 4648 2426 4705 Ἐπεὶ
2456 4650 2555 4724 γὰρ
2584 4650 2634 4703 οἱ
2665 4627 3023 4727 νυμφαγωγοί
3053 4650 3141 4704 καὶ
3175 4627 3325 4728 φίλοι
3356 4627 3452 4705 τοῦ
3486 4627 3752 4729 νυμφίου,

513 4717 727 4785 vimus,
757 4734 824 4774 ex
854 4727 1127 4793 argentea
1174 4742 1411 4783 auream
1465 4732 1880 4806 reddidissent,
1932 4742 1988 4793 et
2034 4744 2165 4794 tan-

514 4821 693 4876 quam
719 4806 997 4865 lectulum
1023 4814 1247 4885 regium
1281 4833 1541 4889 purpura
1566 4827 1838 4879 ornatum
1866 4826 2168 4885 instruxis-

515 4900 680 4964 sent;
717 4899 774 4951 in
807 4913 874 4953 eo
907 4899 1024 4954 Rex
1054 4904 1347 4959 accubuit.
1394 4908 1596 4981 Itaque
1646 4929 1865 4985 sponsa
1913 4917 2168 4973 admira-

2151 5049 2166 5074 ν

510 5073 850 5142 umbrosus,
884 5082 949 5131 ut
977 5078 1173 5148 libuit,
1201 5086 1517 5143 accessisti.
1562 5089 1796 5157 Verum,
1834 5109 1962 5164 quae
2002 5094 2168 5150 dein-

508 5176 643 5232 ceps
676 5163 733 5217 in
766 5165 1018 5221 Canticis
1061 5177 1408 5242 sequuntur,
1434 5163 1970 5255 audiamus.Pergit
2010 5184 2166 5239 enim

507 5250 696 5306 adhuc
729 5270 948 5325 sponsa
986 5274 1270 5328 sponsum
1321 5263 1562 5337 alloqui,
1614 5269 1820 5341 Tigna,
1870 5272 2164 5344 inquiens,

508 5345 730 5410 nostra,
779 5345 937 5399 cedri
975 5363 987 5401 :
1023 5346 1345 5419 laquearia,
1398 5358 1683 5427 cupressi.
1727 5362 1970 5425 Quando
2013 5380 2167 5418 nunc

509 5429 580 5482 ad
616 5447 744 5498 nos,
779 5448 810 5486 ο
844 5449 1079 5504 sponse,
1113 5439 1347 5509 venisti,
1386 5443 1582 5499 nullos
1624 5449 1880 5520 amplius
1923 5451 2167 5508 horren-

513 5516 618 5572 dos
678 5518 920 5590 imbres,
978 5524 1171 5582 nullos
1228 5532 1574 5588 torrentium
1636 5516 1911 5609 impetus,
1974 5539 2168 5598 nullos

588 5699 633 5733 ¹⁰
659 5699 832 5759 Hebr.
866 5720 918 5774 v,
954 5706 1040 5761 14.

2276 4738 2363 4799 Ὠς
2395 4735 2594 4802 ἄνωθεν
2624 4738 2916 4812 εἰρήκαμεν
2947 4739 3039 4795 τὸν
3074 4738 3239 4814 λόγον
3271 4740 3395 4815 περὶ
3422 4740 3642 4809 τούτου,

2276 4828 2767 4903 Ὑπαργυρίζουσαν
2802 4828 2965 4897 αὐτὴν
3002 4828 3316 4904 ἐχρύσωσαν
3347 4834 3466 4893 τοῖς
3502 4830 3757 4901 τρόποις,

2279 4917 2373 4970 Καὶ
2407 4915 2599 4987 κλίνην
2634 4916 3026 4994 ἀπειργάσαντο
3061 4918 3351 4992 βασιλικὴν
3377 4917 3687 4995 πορφύραν·

2278 5004 2635 5071 Ἐπανεκλίθη
2662 5009 2949 5082 τοιγαροῦν
2984 5006 3011 5060 ὁ
3043 5004 3301 5068 Βασιλεὺς
3334 5005 3387 5061 ἰν
3415 5005 3610 5082 ταύτῃ.

2278 5095 2482 5149 Λοιπὸν
2514 5098 2548 5163 ἡ
2580 5095 2764 5171 νύμφη
2800 5096 2936 5170 πρὸς
2965 5095 3122 5150 αὐτὸν
3157 5090 3577 5168 ἐκθαμϐουμένη
3612 5094 3789 5171 λέγει·

2280 5184 2419 5258 Πρὸς
2449 5184 2644 5254 κλίνην
2675 5184 2843 5253 ἦλθες
2876 5184 3096 5245 σύσκιος
3126 5186 3264 5257 ἡμῖν
3296 5185 3372 5246 ὡς
3412 5179 3768 5255 ἠϐουλήθης.

2277 5271 2437 5328 ’Λλλ’
2467 5272 2826 5346 ἀκουσώμεθα
2857 5272 3051 5328 λοιπὸν
3079 5273 3169 5327 καὶ
3200 5278 3306 5328 τῶν
3340 5273 3463 5343 ἑξῆς
3496 5274 3810 5346 ’ᾼσμάτων.

2279 5363 2422 5431 Φησὶ
2454 5363 2555 5436 γὰρ
2589 5360 2665 5416 ἔτι
2688 5364 2823 5434 πρὸς
2855 5362 3014 5417 αὐτὸν
3047 5365 3081 5432 ἡ
3114 5362 3298 5435 νύμφη
3330 5363 3420 5417 τὸν
3454 5363 3713 5438 νυμφίον·

2278 5452 2437 5506 Δοκοὶ
2465 5454 2624 5524 ἡμῶν
2658 5450 2862 5524 κέδροι,
2896 5452 3230 5529 φατνώματα
3258 5454 3419 5524 ἡμῶν
3447 5454 3794 5527 κυπάρισσοι.

2279 5540 2449 5609 Ἐπεὶ,
2485 5541 2671 5619 φησὶν,
2702 5538 2979 5611 ἐλήλυθας
3010 5545 3101 5595 νῦν
3125 5542 3259 5617 πρὸς
3291 5544 3462 5615 ἡμᾶς,
3492 5542 3713 5618 νυμφίε,
