4072 6346
255 345 380 408 569

258 475 452 533 Οὗκᾶτι
486 473 843 553 δεδιττόμεθα
873 480 1083 558 βροχάς
1112 504 1262 547 τινας
1291 483 1574 562 ραγδαίας,

258 563 407 623 Οὔτε
435 569 677 639 κινήσεις
707 576 969 644 ποταμῶν
1000 578 1108 628 τῶν
1141 580 1399 651 πονηρῶν
1432 576 1737 652 ῥευμάτων,

255 653 424 711 Ἀλλ’
457 654 587 713 οὐδὲ
615 659 862 722 πνεύσεις
888 666 984 716 τοῦ
1018 662 1190 740 βορῥᾶ
1217 665 1524 738 πνεύματος
1548 666 1807 727 ἰναντίου.

259 745 397 817 Ἐμὶ
423 745 525 822 γὰρ
551 745 614 816 ἤν
650 745 946 821 εὐδόκησας
978 751 1111 807 εἶναί
1143 775 1239 808 σου
1268 755 1568 825 κατοικίαν,

261 833 462 896 Καλῶς
494 835 928 911 ἱπῳκοδόμησας
959 840 1012 896 ἐν
1045 849 1272 918 σεαυτῷ,
1304 845 1522 922 νυμφίε,

257 925 322 981 Ὁ
352 923 510 1014 λίθος
543 922 710 990 ὅντως
742 930 770 984 ὁ
800 933 1028 1005 τερπνὸς
1054 934 1143 989 καὶ
1173 941 1274 1004 τῆς
1300 940 1445 1004 ζωῆς
1469 940 1502 1008 ἡ
1535 937 1722 1014 πέτρα.

255 1015 413 1068 Ὅθεν
445 1013 694 1090 δοκῶμεν
722 1018 852 1084 τοὺς
876 1018 1070 1086 δοκοὺς
1097 1024 1256 1096 ἡμῶν
1288 1023 1568 1102 κεδρίνους
1599 1013 1755 1099 εἶναι,

259 1105 364 1160 Καὶ
394 1104 561 1161 πάλιν
591 1107 660 1162 τὸ.
689 1109 1022 1186 φατνώματα
1053 1109 1284 1186 δένδρων
1319 1113 1377 1169 ἐκ
1404 1116 1770 1192 κυπαρίσσων.

257 1194 412 1250 Ἐπεὶ
442 1200 572 1271 γοῦν
601 1195 1000 1271 ἐμνημόνευσεν
1026 1200 1210 1265 ἰνθάδε
1237 1206 1537 1275 κατοικίας,

258 1283 361 1338 Καὶ
395 1287 771 1362 φατνωμὰτων
798 1289 885 1342 καὶ
913 1286 1089 1344 δοκῶν
1119 1291 1218 1347 οὐκ
1249 1293 1390 1349 εἷάσε
1423 1303 1729 1368 μνησθῆναι
1755 1315 1768 1329 ⁸

259 1372 337 1428 Σὺ
373 1369 432 1428 δέ
460 1394 553 1446 μοι
585 1375 651 1429 τὰ
671 1377 1005 1453 φατνώματα
1034 1380 1278 1444 καὶτοὺς
1310 1380 1502 1446 δοκοὺς
1534 1384 1768 1454 ἀκούων,

260 1463 360 1516 Καὶ
391 1461 586 1537 ἀρετὰς
617 1463 869 1535 ἐννόησον
900 1467 1187 1543 τυγχάνειν
1220 1475 1385 1526 ταῦτα
1407 1473 1579 1528 πάντα
1610 1492 1624 1506 ⁸

256 1552 352 1606 Ἐν
387 1553 472 1612 αῖς
502 1550 674 1606 ἰλθὼν
707 1552 984 1630 ἐστὲγασεν
1018 1556 1185 1628 αὐτὴν
1219 1560 1247 1614 ὁ
1278 1561 1421 1625 θεῖος
1449 1563 1644 1639 Λόγος,

261 1639 364 1693 Καὶ
397 1646 713 1714 πειρασμῶν
745 1641 1056 1701 ἀνένδεκτον
1098 1649 1387 1722 εἱργάσατο
1415 1650 1660 1714 τελείως.

256 1726 528 1800 Ἀνέμους
558 1728 738 1785 τοίνυν
766 1733 854 1786 γαί
889 1733 1098 1810 βροχάς
1124 1733 1160 1805 ἤ
1183 1738 1468 1812 ποταμοὺς
1497 1740 1732 1811 ἀκούων,

257 1816 552 1890 Δαιμόνων
579 1824 746 1876 ταῦτα
775 1823 1112 1898 πειρασμοὺς
1138 1827 1370 1902 γίνωσκε
1399 1829 1712 1908 πεφυκέναι.

407 1934 552 2009 Ἐγὼ
579 1931 731 1998 ἄνθος
764 1941 862 1992 τοῦ
899 1935 1115 1996 πεδίου.
1148 1940 1330 2015 κρίνον
1371 1943 1764 2019 κοιλωμάτων.

832 2085 950 2135 Τῶν
987 2083 1041 2158 γ’
1069 2083 1342 2159 Πατέρων.

331 2202 512 2291 Ἤτοι,
542 2202 686 2278 Ἐγὼ
714 2206 749 2274 ἡ
790 2203 841 2276 ἐξ
878 2205 1100 2283 Ἰσραὴλ
1148 2211 1237 2265 καὶ
1290 2210 1342 2284 ἐξ
1393 2212 1559 2279 ἆθνῶν
1587 2216 1911 2291 Ἐκκλησία,

254 2291 396 2385 κατὰ
429 2290 526 2385 μὶν
556 2291 681 2385 τοὺς
721 2291 770 2366 ἐξ
830 2294 1075 2385 Ἰσραὴλ,
1125 2297 1199 2363 ὠς
1243 2303 1400 2375 νὸμῳ
1455 2305 1544 2359 καὶ
1602 2290 1911 2385 προφήταις

253 2379 513 2442 ἀπιστίας
589 2382 677 2436 καὶ
769 2383 960 2449 κακίας
1061 2391 1552 2467 προκαθαρθὲντας,
1629 2379 1912 2455 κάντεῦθεν

258 2467 426 2540 δίκην
480 2467 669 2526 πεδίου
733 2473 1258 2550 προομαλισθέντας,
1316 2482 1405 2536 καὶ
1458 2483 1558 2539 οὐκ
1615 2483 1702 2541 ἐπὶ
1767 2486 1912 2544 πολὺ

254 2563 363 2650 τοῦ
419 2557 592 2614 καλοῦ
643 2561 1037 2650 ἀφεστηκότας.
1089 2565 1294 2638 ἤνθησα
1340 2573 1409 2644 τῇ
1453 2573 1642 2647 ἀρετῇ,
1685 2575 1777 2630 τὸν
1806 2577 1909 2650 δμ-

260 2643 399 2722 ερον
423 2654 736 2722 γνωστικῶς
795 2648 1054 2725 δεξαμένη
1103 2656 1193 2710 τὸν
1253 2643 1622 2734 ἐπουράνιονί·
1673 2666 1808 2720 κατά
1843 2643 1912 2721 ’δὶ

258 2736 394 2799 τοὺς
436 2736 488 2807 ἕξ
544 2735 731 2805 ὶθνῶν,
784 2739 859 2802 ὡς
911 2738 1000 2797 διὰ
1066 2745 1164 2813 τήν
1223 2748 1448 2822 πρώτην
1504 2749 1752 2808 ἀπιστίαν
1808 2761 1910 2824 τῆς

257 2833 501 2900 φυσικῆς
556 2825 902 2900 ὁμαλότητπ
949 2834 1325 2908 στερηθέντας,
1385 2837 1474 2892 καὶ
1539 2844 1620 2912 τῷ
1674 2848 1909 2917 χειμῶνι

252 2919 370 2971 τῶν
427 2917 608 2971 παθῶν
668 2920 1089 2984 κουανθὲνταςο
1163 2923 1352 2998 οἷάπερ
1421 2928 1600 3003 κρίνον
1659 2930 1764 2986 ἀπὸ
1811 2938 1910 2988 τοῦ

251 3003 459 3095 κοίλου
485 3007 620 3082 πρὸς
648 3007 711 3061 τὸ
765 3007 976 3081 ὑψηλὸν
1028 3009 1356 3083 ἀναθάλλον,
1389 3017 1478 3071 καὶ
1528 3017 1608 3095 ἐφ’
1638 3019 1821 3077 ἱκανὸν
1853 3021 1912 3078 ἐκ

259 3101 368 3163 τῆς
419 3093 570 3169 ῥίζης
624 3095 1008 3170 καλαμοειδῶς
1055 3102 1374 3178 ἁνατρέχον,
1409 3105 1482 3167 ὡς
1525 3093 1584 3160 ἂν
1657 3110 1733 3180 μὴ
1779 3111 1910 3185 κρύ-

255 3204 457 3238 πτοιτο
504 3189 620 3247 τοῖς
663 3183 1022 3259 κοιλώμασιν,
1056 3189 1201 3246 ἀλλᾶ
1247 3194 1309 3248 τὸ
1354 3194 1560 3259 κάλλος
1611 3183 1823 3253 τούτου.
1856 3199 1908 3254 ἐν

259 3274 530 3362 μετεῶρῳ
577 3275 776 3348 ὁρῷτο,
827 3280 896 3349 τῇ
949 3275 1026 3341 εἷς
1080 3280 1310 3354 Χριστὸν
1363 3282 1540 3338 πίστει
1586 3285 1910 3362 ὲρῥίζωμαι,

255 3363 353 3453 καὶ
416 3359 505 3416 διὰ
555 3365 889 3453 καθάρσεως,
928 3373 1028 3435 τῆς
1061 3372 1168 3422 τῶν
1198 3371 1383 3425 παθῶν
1416 3359 1764 3447 ὑπεξανέστην
1794 3359 1915 3453 συγξ

257 3450 501 3540 χυσεως,
531 3451 622 3506 καὶ
664 3451 752 3507 ἐπὶ
789 3457 868 3525 τῷ
915 3454 1036 3529 ὕψει
1094 3463 1193 3526 τῆς
1236 3460 1530 3534 γνωςτικῆς
1577 3464 1803 3540 θεωρίας
1834 3450 1915 3538 τῶ

256 3539 460 3596 κάλλει
491 3545 591 3607 τῆς
619 3541 812 3616 ἀρετῆς
839 3545 1244 3622 καθωράϊσμαι.

958 3687 1204 3747 Ψελλοῦ.

335 3810 534 3900 καιρδς
566 3805 764 3900 λοιπὸν
794 3813 883 3866 καὶ
912 3817 1022 3868 τῶν
1055 3813 1177 3885 ἑξῆς
1211 3817 1433 3873 ἁκοῦσαι
1463 3819 1665 3893 ταύτης
1701 3819 1910 3900 λόγων.

258 3897 411 3968 Φησὶ
441 3897 541 3974 γὰρ
575 3897 719 3955 οὕτω
748 3900 885 3977 πρὸς
917 3900 1078 3958 αὐτὸν
1109 3903 1289 3980 ὥσπερ
1323 3905 1723 3986 ἐγκαυχωμένη
1760 3932 1773 3945 ⁸

350 4096 492 4170 ἐγὼ
521 4095 579 4152 δὲ
610 4091 769 4162 ἂίνθος
798 4101 895 4153 τοῦ
924 4096 1135 4172 πεδίου,
1165 4102 1346 4177 κρίνον
1375 4108 1483 4160 τῶν
1516 4106 1812 4167 κοιλάδων.

330 4203 615 4280 ’Υπὲρευγε
633 4211 734 4275 τῆς
765 4211 1052 4282 προκοπῆς
1083 4215 1182 4279 τῆς
1211 4212 1448 4287 καθαρᾶς
1479 4215 1742 4290 παρθένου
1769 4220 1781 4275 ί

253 4291 405 4350 Ἰδοὺ
435 4294 557 4368 γὰρ.
593 4290 729 4371 ἔγνω
751 4295 944 4366 ἑαυτήν
974 4302 1072 4352 τοῦ
1102 4298 1412 4373 ξύμπαντος
1441 4301 1632 4359 πεδίου

267 4386 389 4450 Τῆς
421 4383 764 4458 ἀνθρωπίνης
794 4385 1003 4464 φύσεως
1035 4385 1192 4451 ἄνθος
1223 4389 1640 4468 ἐκλεΛεγμὲνον,

255 4475 395 4527 Εἶτα
424 4472 513 4526 καὶ
544 4473 725 4549 κρίνον
747 4476 974 4545 καθεξῆς
1005 4475 1064 4531 ἐκ
1089 4499 1197 4533 των
1228 4479 1502 4537 κοιλάδων
1536 4485 1676 4538 θεῖον
1712 4506 1724 4518 ·

251 4559 483 4634 Μυρίζει
512 4561 613 4636 γὰρ
645 4561 719 4623 ὠς
752 4562 974 4634 ἀληθῶς
997 4571 1139 4620 πᾶσα
1165 4570 1318 4644 ψυχή
1348 4576 1464 4632 τοῖς
1487 4573 1737 4648 τρόποις,

247 4654 390 4709 Ταῖς
419 4648 634 4721 ἀρεταῖς
662 4649 937 4721 ἀνθήσασα
965 4654 1054 4708 καὶ
1084 4657 1531 4733 καθωραῖσθεῖσα.

252 4739 357 4827 Καί
394 4739 470 4827 μη
506 4739 794 4813 μερίμναις
821 4748 1112 4815 κοσμικαῖς
1137 4743 1282 4808 ὅλως
1316 4748 1692 4827 ἀποπνιγεῖσα.

255 4825 357 4884 Καὶ
397 4825 599 4900 μάρτυς
625 4827 821 4919 τούτου
853 4828 1054 4919 πέφυκε
1083 4835 1321 4909 Χριστὸς
1352 4838 1380 4891 ὁ
1409 4838 1499 4893 καὶ
1529 4825 1780 4919 νυμφίος,

253 4923 702 5010 Προσμαρτυρων
733 4917 808 4980 ὡς
829 4918 1062 5010 ⁸ἀληθῶς
1104 4927 1184 4995 τῷ
1214 4922 1362 5001 λόγώ
1390 4931 1471 5000 τῷ
1496 4936 1596 4998 τῆς
1623 4917 1866 5010 νύμφης.

253 5004 411 5076 Φησὶ
441 5004 540 5080 γὰρ
573 5005 716 5060 οὕτω
745 5007 881 5084 πρὸς
928 5008 1118 5085 αὐτὴν,
1151 5012 1227 5076 ὠς
1253 5015 1577 5090 καθέίρμὸν
1611 5004 1860 5096 εὑρήσεις
1887 5038 1901 5055 °

327 5131 421 5192 Ὧς
451 5129 630 5204 κρίνον
664 5130 717 5186 ἰν
751 5131 898 5205 μέσῳ
941 5138 1050 5189 τῶν
1100 5135 1364 5209 ἀκανθῶν,
1398 5137 1541 5196 οὕτω
1588 5145 1623 5214 ἡ
1674 5142 1902 5216 κλησίον

254 5242 371 5293 μου
401 5218 453 5274 ἐν
491 5219 638 5294 μέσῳ
669 5226 776 5276 τῶν
801 5225 1129 5298 θυγατέρων.

331 5337 564 5428 ῗΟρθῶς,
598 5337 751 5428 φησὶ,
787 5335 1102 5409 λελάληκας
1129 5363 1253 5418 περι
1284 5353 1506 5417 σαυτῆς,
1534 5345 1579 5402 ὦ
1607 5349 1792 5428 νύμφη
1830 5373 1843 5387 ο

252 5423 457 5515 Οὕτως
487 5425 786 5515 γὰρ-μέσον
813 5431 921 5481 τῶν
953 5431 1146 5505 ψυχῶν
1176 5436 1284 5486 τῶν
1311 5431 1467 5503 δῆθεν
1486 5423 1812 5515 θυγατέρων,

252 5517 389 5571 Τῶν
413 5511 464 5566 ἐν
492 5513 777 5588 μερίμναις
804 5517 1033 5572 πάντοτε
1062 5527 1667 5597 συγκαταπνιγομένων,

258 5602 341 5658 Σὺ
376 5601 514 5689 μόνη
540 5606 632 5657 νῦν
663 5601 959 5674 ἐξήνθησας
987 5605 1166 5682 ὥσπερ
1197 5607 1472 5678 ήδόπνουν
1500 5612 1658 5689 ῥόδον

256 5689 444 5750 Καλεῖ
467 5688 524 5747 δὶ
551 5691 752 5765 ταύτην
783 5691 1024 5766 ἀδελφήν
1057 5696 1086 5751 ὁ
1115 5698 1292 5776 Λόγος
1318 5701 1407 5757 καὶ
1427 5688 1686 5780 νυμφίος,

1299 355 1703 418 ΟΟΜΜΕΝΤ.
1751 358 1831 419 ΙΝ
1875 358 2284 424 CANTICUM
2329 365 2638 428 CANTIG.

1941 1871 1991 1936 B

3557 363 3679 427 510

1941 494 1996 563 Α
2026 493 2274 552 furentis
2330 496 2518 554 Borea
2587 502 2761 556 ﬂatus
2829 498 3292 556 extimescimus.
3354 498 3444 554 Me
3514 498 3676 555 enim

2027 599 2206 655 quam
2238 585 2344 641 tibi
2391 588 2756 644 domicilium
2807 605 2937 645 esse
2989 588 3245 656 voluisti,
3293 587 3568 661 praeclare
3614 587 3677 643 in

2027 680 2101 740 te,
2134 690 2368 746 sponse,
2402 677 2798 748 exaedificasti,
2847 679 2949 749 qui
2998 695 3130 735 vere
3159 678 3309 751 lapis
3338 695 3400 734 es
3433 677 3681 749 pulcher

2024 768 2081 818 et
2111 764 2238 819 vitae
2268 770 2449 836 petra.
2483 765 2731 822 Ccdrina
2779 772 2918 824 sunt
2966 769 3130 840 tigna
3180 773 3401 835 nostra,
3437 783 3677 838 cupres-

2023 853 2154 908 sina
2209 855 2526 926 laquearia.
2584 857 2872 924 Quoniam
2938 859 3033 914 hic
3095 860 3307 914 domus
3360 863 3450 913 est
3523 858 3675 912 facta

2027 943 2266 1012 mentio,
2299 945 2369 999 de
2412 945 2590 1017 tignis
2638 947 2815 1002 etiam
2865 953 2922 1002 et
2968 947 3344 1020 laquearibus
3388 945 3670 1018 loquitur.

2023 1032 2156 1095 Qum
2189 1033 2424 1104 quidem
2457 1035 2657 1091 omnia
2689 1041 2752 1091 tu
2783 1053 2886 1107 pro
2916 1037 3234 1093 virtutibus
3281 1035 3498 1108 accipe,
3541 1035 3672 1108 qui-

2023 1120 2135 1176 bus
2167 1139 2292 1178 eam
2344 1124 2602 1180 Verbum
2653 1126 2990 1192 adveniens,
3043 1128 3324 1183 adversus
3371 1129 3578 1182 ventos
3616 1128 3675 1180 et

2023 1210 2243 1268 imbres
2273 1218 2331 1268 et
2360 1214 2626 1282 ﬂumina,
2659 1214 2718 1269 id
2749 1219 2858 1283 est,
2891 1220 3094 1271 contra
3123 1215 3470 1271 lentationes
3511 1229 3671 1269 com-

2024 1301 2294 1357 munivit.

2303 1953 2420 2024 Ego
2443 1950 2542 2020 llo:
2568 1948 2780 2020 campi,
2798 1947 2988 2004 lilium
3014 1945 3379 2004 convallium.

2621 2094 2806 2149 Trium
2832 2094 3080 2149 Patrum.

2090 2228 2210 2296 Ego
2239 2222 2474 2293 quidem
2507 2217 2764 2275 Ecclesia
2793 2233 2862 2274 ex
2893 2215 3174 2274 Israelitis
3203 2219 3261 2272 et
3289 2233 3359 2272 ex
3397 2215 3671 2288 gentibus

2021 2316 2412 2384 congregata;
2445 2315 2732 2382 quantum
2784 2307 3037 2379 pertinet
3079 2307 3149 2362 ad
3201 2305 3519 2373 Israelitas,
3567 2305 3670 2371 qui

2022 2419 2126 2476 per
2152 2401 2340 2474 legem
2389 2403 2448 2455 et
2495 2397 2810 2470 prophetas
2861 2397 2934 2453 ab
2983 2393 3396 2452 incredulitate
3444 2399 3502 2451 et
3548 2410 3672 2450 ma-

2021 2491 2149 2547 litia
2193 2493 2326 2545 ante
2375 2487 2626 2560 purgati,
2657 2490 2836 2557 atque
2887 2485 3077 2541 instar
3120 2484 3314 2556 campi
3361 2483 3669 2555 exaaquati,

2023 2580 2180 2636 haud
2213 2579 2290 2632 ita
2322 2575 2577 2632 multum
2609 2574 2683 2630 ab
2713 2574 2959 2630 honesto
2989 2572 3308 2638 distabant,
3333 2571 3530 2643 pluvia
3557 2587 3669 2626 cm-

2022 2671 2186 2726 lestis
2216 2666 2569 2739 cognitionis
2592 2663 2855 2736 irrigata,
2889 2661 3204 2717 virtutibus
3235 2661 3405 2716 ﬂorui
3436 2678 3448 2716 :
3482 2677 3670 2732 quan-

2020 2764 2146 2816 tum
2179 2763 2365 2812 autem
2398 2755 2608 2811 attinet
2633 2755 2705 2809 ad
2737 2756 2960 2826 gentes,
2992 2751 3089 2822 qui
3119 2766 3222 2822 per
3262 2749 3669 2807 infidelitatem

2020 2847 2271 2904 naturali
2331 2843 2662 2917 aequalitate
2709 2842 2939 2914 privati,
2984 2846 3043 2897 et
3096 2840 3374 2896 vitiorum
3433 2840 3670 2896 turbine

2019 2937 2282 3009 depressi
2329 2939 2496 2991 erant
2536 2931 2762 2988 :veluti
2813 2930 3007 2986 lilium
3037 2946 3105 2986 ex
3136 2930 3254 2986 imo
3305 2929 3366 2986 in
3415 2928 3671 2985 sublime

2019 3041 2402 3096 consurgens,
2433 3029 2492 3080 et
2521 3023 2592 3078 ab
2626 3022 2820 3077 radice
2867 3021 2939 3075 ad
2987 3020 3259 3075 idoneam
3313 3017 3670 3090 magnitudi-

2022 3131 2153 3170 nem
2187 3131 2289 3187 per
2335 3113 2630 3168 calamum
2675 3110 3018 3170 ascendens,
3055 3125 3128 3163 ne
3155 3107 3390 3162 vallium
3425 3107 3668 3179 profun-

2021 3205 2199 3260 ditate
2243 3201 2658 3267 abscondatur,
2691 3199 2792 3256 sed
2833 3198 3118 3254 excelsam
3169 3196 3666 3270 pulchritudinem

2024 3309 2192 3348 suam
2239 3291 2525 3363 praeferat,
2559 3291 2672 3346 ﬁde
2716 3288 2776 3344 in
2833 3287 3130 3343 Christum
3175 3285 3413 3352 innitor,
3463 3289 3521 3340 et
3568 3300 3672 3357 per

2023 3381 2428 3454 purgationem
2460 3396 2528 3435 ex
2557 3377 2896 3435 confusione
2925 3377 3198 3432 vitiorum
3230 3374 3467 3442 emersi,
3491 3379 3670 3446 atque

2024 3471 2081 3525 in
2115 3467 2628 3541 contemplationis
2678 3466 2930 3538 fastigio,
2964 3465 3249 3521 virtutum
3296 3465 3504 3521 decore
3535 3479 3666 3519 sum

2021 3563 2318 3616 exornata.

2731 3699 2948 3769 .Pselli.

2092 3828 2351 3895 Tempus
2373 3828 2500 3898 jam
2530 3831 2638 3893 est,
2670 3829 2736 3880 ut
2781 3840 2910 3897 qua
2941 3822 3218 3894 deinceps
3249 3836 3468 3892 sponsa
3503 3819 3668 3886 dicit,

2017 3917 2350 3973 audiamus.
2402 3915 2494 3971 Sic
2536 3915 2694 3972 enim
2743 3912 2885 3969 dicit
2929 3912 3002 3968 ad
3059 3927 3194 3967 eum
3249 3910 3410 3966 velut
3453 3909 3668 3982 gloria-

2020 4007 2267 4062 bunda:

2197 4115 2304 4184 Ego
2334 4119 2520 4168 autem
2543 4111 2641 4181 ﬂos
2667 4109 2848 4180 campi
2869 4125 2888 4163 :
2912 4108 3101 4164 lilium
3127 4105 3485 4163 convallium.

2092 4219 2136 4275 Ο
2166 4217 2505 4291 praeclaram
2537 4233 2697 4288 purae
2732 4213 2987 4287 Virginis
3020 4210 3528 4286 progressionem!
3561 4210 3665 4265 Ec-

2020 4326 2082 4365 ce
2141 4309 2296 4365 enim
2358 4312 2414 4363 te
2473 4307 2661 4379 ipsam
2719 4321 2855 4360 cum
2909 4303 3188 4360 eximium
3254 4300 3436 4357 totius
3509 4315 3670 4355 cam-

2019 4398 2098 4472 pi,
2131 4403 2354 4454 naturaa
2405 4397 2675 4452 humana:
2725 4394 2950 4462 ﬂorem,
2983 4398 3107 4448 tum
3142 4390 3405 4446 divinum
3436 4389 3666 4445 conval-

2018 4487 2161 4544 lium
2195 4487 2380 4542 lilium
2414 4485 2721 4559 agnovisti.
2755 4483 2961 4539 Omnis
2990 4480 3147 4537 enim
3179 4480 3436 4554 profecto
3471 4478 3668 4534 anima

2018 4577 2148 4632 vitae
2197 4575 2485 4650 probitate
2515 4591 2582 4630 ac
2626 4572 2946 4629 virtutibus
2991 4571 3204 4626 ﬂorens
3252 4574 3430 4640 atque
3474 4565 3664 4623 excel-

2016 4667 2166 4734 lens,
2200 4682 2304 4721 nec
2335 4665 2540 4720 mundi
2593 4660 3092 4719 sollicitudinibus
3119 4658 3237 4714 ullo
3269 4659 3441 4713 modo
3482 4656 3664 4711 suffo-

2018 4761 2168 4822 cata,
2200 4754 2438 4810 redolet.
2471 4753 2651 4823 Cujus
2693 4750 2929 4822 quidem
2976 4749 3058 4803 rei
3089 4747 3256 4803 testis
3282 4753 3370 4803 est
3397 4745 3665 4801 Christus

2017 4863 2084 4902 ac
2117 4860 2406 4917 sponsus;
2436 4841 2531 4914 qui
2583 4856 2812 4912 sponsae
2845 4853 3200 4907 sermonem,
3233 4842 3300 4893 ut
3337 4835 3542 4893 ordine
3572 4835 3665 4890 in-

2017 4935 2234 5005 venies,
2262 4933 2345 4989 ita
2372 4930 2611 4988 confirm
2621 4933 2680 4986 at
2711 4945 2726 4985 :

2087 5150 2241 5206 Sicut
2272 5150 2456 5205 lilium
2486 5149 2544 5202 iu
2573 5146 2755 5202 medio
2783 5145 3095 5218 spinarum,
3107 5144 3186 5199 sic
3210 5141 3522 5213 propinqua
3540 5155 3664 5196 mea

2019 5242 2076 5294 in
2106 5239 2284 5294 medio
2313 5239 2582 5309 ﬁliarum.

2090 5356 2284 5422 Recte,
2318 5353 2533 5425 inquit,
2565 5353 2637 5408 de
2665 5356 2716 5408 te
2747 5351 2939 5407 locuta
2971 5366 3054 5419 es,
3090 5364 3326 5420 sponsa.
3359 5345 3454 5402 Sic
3503 5347 3663 5404 enim

2017 5447 2172 5500 inter
2201 5445 2450 5510 animas,
2483 5459 2610 5514 quae
2641 5457 2913 5497 curarum
2952 5443 3011 5495 et
3041 5436 3504 5494 sollicitudinum
3539 5437 3660 5508 spi-

2019 5535 2111 5590 nis
2160 5533 2544 5598 suﬂ'ocantur,
2575 5535 2640 5586 ut
2669 5529 2954 5586 odorifera
3006 5543 3139 5583 rosa
3186 5525 3452 5582 floruisti.
3501 5525 3662 5582 Hauc

2019 5628 2212 5682 autem
2246 5639 2504 5679 sororem
2531 5621 2784 5676 Verbum
2809 5636 2874 5675 ac
2905 5633 3159 5691 sponsus
3187 5614 3660 5687 vocat,quoniam

2021 5712 2226 5770 divinae
2255 5713 2615 5784 obtemperat
2645 5707 2953 5767 voluntati.
2986 5707 3098 5765 Eos
3126 5704 3282 5764 enim
3313 5705 3373 5762 in
3402 5707 3661 5777 Evange-
