4102 6342
436 380 546 441 571

1772 381 2203 444 MICHAELIS
2250 381 2518 444 PSELLI

3736 375 3866 436 5'13

432 513 550 582 liis,
580 516 787 572 fratres
816 518 874 571 et
924 515 1286 589 propinquos
1315 523 1372 575 et
1402 520 1624 577 amicos
1669 519 1952 594 appellat,
1985 519 2088 592 qui
2118 579 2124 589 η

2235 527 2288 582 ὶς
2320 517 2747 595 ἐκπληρώσασαν
2779 515 2967 580 καλῶς
2996 515 3058 572 τὸ
3090 514 3309 588 θέλημα
3339 515 3402 570 τὸ
3434 520 3598 580 θεῖον.

440 605 623 661 Patris
653 605 744 661 sui
774 603 1054 659 voluntati
1089 614 1315 677 parent.

1033 876 1219 931 Trium
1252 879 1503 933 Patrum.

506 983 706 1054 Itaque
749 998 1006 1054 sponsus
1037 981 1159 1037 lilio
1214 1000 1492 1055 sponsam
1544 984 1799 1041 similem
1833 984 1996 1053 dicit,
2030 988 2097 1040 ut

443 1088 575 1143 quae
605 1071 733 1127 vitae
762 1072 951 1143 spinis
984 1089 1097 1127 non
1131 1074 1487 1131 suffocatur:

509 1162 663 1217 Sicut
694 1162 897 1229 lilium,
946 1161 1161 1232 inquit,
1205 1163 1353 1218 inter
1397 1167 1606 1236 Spinas,
1654 1167 1737 1219 ita
1783 1166 2101 1237 propinqua

441 1267 561 1306 mea
600 1253 751 1307 inter
792 1251 960 1321 ﬁlias.
998 1257 1063 1305 Et
1112 1252 1263 1307 hanc
1312 1255 1548 1324 quidem
1602 1254 1722 1309 lilio
1774 1258 2098 1327 comparat,

443 1341 719 1412 quoniam
770 1356 971 1395 eorum
1025 1358 1151 1410 quas
1203 1344 1274 1396 ad
1323 1343 1541 1399 victum
1594 1344 1906 1415 pertinent,
1944 1342 2106 1398 nulla

446 1431 730 1503 premitur
778 1430 1199 1501 sollicitudine,
1231 1433 1331 1487 sed
1383 1435 1557 1489 rebus
1589 1434 1775 1489 obviis
1816 1433 2105 1489 satisfecit

443 1522 704 1591 corporis
740 1520 1096 1575 necessitati.
1131 1522 1291 1585 Quod
1333 1522 1507 1577 etiam
1542 1522 1600 1577 in
1632 1524 1966 1595 Evangeliis
1998 1523 2106 1577 do-

442 1627 581 1666 cens
616 1628 628 1666 :
664 1615 746 1666 De
805 1612 1145 1678 vestimento,
1206 1610 1413 1680 inquit,
1468 1612 1600 1682 quid
1655 1613 1882 1668 solliciti
1937 1596 2109 1673 estis?

439 1700 782 1757 considerate
840 1701 963 1755 lilia
1044 1703 1186 1771 agri,
1249 1716 1353 1771 quo
1407 1701 1568 1757 modo
1636 1710 1887 1758 crescunt
1916 1718 1936 1763 ;
1992 1718 2107 1757 non

444 1791 720 1857 laborant,
752 1806 926 1861 neque
954 1798 1088 1845 nent
1118 1792 1182 1843 ίί.
1219 1788 1512 1856 Ostendit,
1544 1806 1644 1845 eos
1675 1790 1779 1861 qui
1811 1789 2107 1863 tranquil-

2204 615 2245 664 Ο
2267 608 2441 683 λέγων
2474 610 2578 684 γὰρ
2614 607 2773 669 αὐτός
2797 609 2936 663 ἐστιν
2970 604 3022 661 ἐν
3053 610 3169 667 τοῖς
3198 604 3579 680 Εὐαγγελίοις.

2207 698 2472 761 Ἐκείνους
2500 693 2644 773 ἔχειν
2679 694 2945 769 ἀδελφοὺς
2976 695 3065 749 καὶ
3097 700 3371 771 συγγενεῖς
3402 694 3490 748 καὶ
3527 692 3746 770 σίλους,

2205 786 2349 849 Τοὺς
2376 786 2674 863 πληρωτὰς
2703 791 2808 841 τῶν
2842 788 3120 858 Ιίατρικῶν
3153 784 3357 838 ἐκείνου
3388 781 3796 855 κελευσμάτων.

2324 930 2329 933 η
2771 895 2891 950 Τῶν
2935 893 2979 967 γ’
3010 890 3284 965 Πατέρων,

2274 988 2433 1047 ’Ὁθεν
2482 985 2509 1038 6
2562 983 2798 1057 νυμφίος
2842 980 3012 1056 κρίνῳ
3060 978 3404 1056 παρεικάζων
3461 980 3558 1048 την
3616 979 3866 1055 νύμφην,

2207 1079 2281 1138 ὡς
2311 1074 2386 1146 μὴ
2420 1072 2862 1149 συμπνιγομένην
2912 1075 3030 1134 ταῖς
3075 1074 3173 1124 τοῦ
3229 1068 3349 1144 βίου
3398 1069 3675 1138 ἀκάνθαις,
3701 1066 3866 1145 φησί.

2278 1165 2365 1225 Ὠς
2420 1162 2601 1237 κρίνον
2687 1161 2737 1215 ὲν
2829 1162 2977 1233 μέσῳ
3058 1164 3164 1213 τῶν
3252 1158 3517 1229 ἀκανθῶν,
3592 1156 3765 1217 οὕτως
3827 1157 3865 1223 ἡ

2209 1252 2443 1322 πλησιον
2510 1273 2614 1325 μου
2664 1249 2715 1305 ἐν
2778 1250 2928 1322 μέσῳ
2996 1254 3106 1303 τῶν
3182 1245 3507 1323 θυγατέρων.
3571 1247 3671 1301 Καὶ
3731 1244 3868 1299 ταῦ-

3058 1164 3164 1213 τῶν
3252 1158 3517 1229 ἀκανθῶν,

2208 1364 2306 1411 την
2344 1342 2437 1413 μὶν
2471 1340 2639 1417 κρίνῳ
2673 1344 2998 1415 παρομοιοῖ,
3041 1335 3129 1392 διὰ
3169 1338 3229 1391 τὸ
3265 1334 3393 1407 μηδ’
3428 1336 3573 1399 ὅλως
3601 1336 3729 1388 ποτὶ
3759 1335 3867 1401 τὴν

2216 1433 2348 1507 ὑπὲρ
2405 1436 2511 1486 τῶν
2604 1431 2870 1504 βιωτικῶν
2946 1427 3217 1503 μόριμναν
3294 1422 3664 1500 ἀναδέχεσθαι,
3734 1421 3870 1478 ἀλλ’

2213 1520 2575 1598 ὀφροντίστως
2631 1524 2750 1581 τοῖς
2797 1520 3201 1592 παρατυχοῦσιν
3267 1512 3574 1587 ἐκπληροῦν
3615 1513 3713 1581 τήν
3766 1509 3869 1566 τοῦ

2216 1609 2469 1683 σώματος
2525 1607 2733 1684 χρείαν.
2792 1610 2963 1680 ’Όπερ
3038 1606 3128 1660 καὶ
3190 1603 3240 1659 ἐν
3300 1601 3658 1679 Εὖαγγελίοις
3710 1598 3871 1655 διδά-

2216 1721 2356 1754 σκων
2412 1698 2607 1769 λέγει·
2670 1696 2799 1767 Περὶ
2873 1693 3168 1768 ἐνδύματος
3244 1692 3296 1748 τί
3364 1696 3704 1767 μεριμνᾶτε;
3773 1711 3874 1745 κα-

2213 1790 2478 1862 ταμάθετε
2532 1788 2598 1841 τὰ
2676 1785 2833 1860 κρίνα
2902 1789 2998 1839 τοῦ
3077 1783 3248 1857 ἀγροῦ
3321 1785 3437 1842 πῶς
3487 1779 3739 1850 αὐξανει·
3804 1778 3871 1833 οὐ

442 1880 562 1936 lam
593 1886 645 1936 el
680 1878 966 1951 frugalem
1002 1878 1232 1933 vivendi
1265 1878 1554 1934 rationem
1592 1884 1830 1951 propter
1860 1896 2105 1952 regnum

2235 1882 2380 1948 ιοπιᾷ
2410 1874 2537 1932 οὐδὲ
2580 1877 2731 1946 νήθει
2766 1894 2779 1907 ·
2824 1872 3057 1945 δεικνὺς,
3108 1871 3190 1927 ὅτι
3241 1871 3292 1925 οἳ
3335 1870 3434 1938 τὴν
3482 1867 3873 1942 ἀταλαίπωρον

446 1969 725 2024 cmlorum
774 1968 1268 2040 complectuntur,
1321 1967 1465 2024 liliis
1511 1985 1643 2025 esse
1686 1969 1935 2038 similes,
1980 1986 2105 2040 qua)

446 2058 733 2114 naturalis
764 2056 960 2129 glorias
995 2058 1184 2112 nitore
1214 2057 1546 2113 Salomonis
1576 2075 1898 2131 purpuram
1931 2075 2105 2131 supe-

444 2153 594 2205 rant.
623 2148 866 2204 Animas
897 2164 1032 2203 vero
1065 2147 1261 2202 carnis
1292 2146 1692 2217 voluptatibus
1716 2149 2102 2215 eﬂ'eminatas,

434 2255 517 2294 ,ac
546 2242 857 2311 propterea
886 2236 1105 2292 diaboli
1139 2235 1384 2303 filias,ut
1413 2238 1471 2291 in
1504 2237 1837 2308 Evangeliis
1869 2255 2107 2293 rursum

445 2327 707 2383 declarat
753 2329 898 2395 (Vos,
933 2325 1225 2396 inquiens,
1256 2342 1326 2381 ex
1371 2330 1535 2395 patre
1582 2327 1803 2383 diabolo
1847 2330 1979 2383 estis
2020 2329 2107 2397 1³),

447 2416 640 2489 spinis
669 2414 984 2481 assimilat,
1006 2414 1146 2486 quia
1177 2430 1413 2471 omnem
1446 2431 1642 2471 curam
1672 2421 1729 2472 et
1760 2415 2109 2471 sollicitudi-

450 2522 585 2562 nem
619 2505 677 2559 in
711 2521 809 2561 eas
841 2504 1148 2559 conferunt
1178 2520 1272 2559 res
1304 2520 1433 2576 quas
1485 2505 1555 2560 ad
1590 2504 1774 2559 vitam
1800 2505 1953 2561 hanc
1984 2522 2112 2577 spe-

451 2598 637 2663 ctant,
668 2597 733 2649 ut
776 2594 1036 2664 undique
1067 2592 1437 2664 voluptatum
1473 2594 1776 2649 materiam
1813 2611 2114 2665 aucupen-

457 2688 574 2738 tur.
606 2681 750 2736 Cum
781 2680 938 2736 enim
971 2697 1205 2736 omnem
1239 2697 1408 2735 suam
1458 2697 1644 2753 spem,
1677 2698 1790 2735 non
1823 2682 1882 2736 in
1913 2698 1980 2737 eo
2012 2681 2112 2750 qui

458 2770 750 2843 sapientia
780 2786 889 2825 sua
920 2774 1133 2824 cuncta
1165 2770 1508 2824 moderatur
1535 2775 1591 2824 et
1622 2770 1799 2825 rebus
1838 2770 2115 2825 omnibus

444 2858 739 2925 consulit,
771 2859 873 2914 sed
925 2859 982 2912 in
1017 2874 1077 2913 se
1126 2857 1274 2927 ipsis
1321 2858 1497 2912 sitam
1546 2858 1820 2923 habeant,
1870 2858 2117 2914 terrenis

463 2948 965 3006 sollicitudinibus
983 2947 1479 3014 sutl‘ocantur,nec
1512 2948 1835 3019 perfectum
1862 2950 2117 3004 fructum

469 3042 685 3097 ferunt.

891 3130 1077 3183 Trium
1106 3132 1424 3183 sanctorum
1452 3131 1710 3185 Patrum.

534 3235 821 3300 Quoniam
846 3250 948 3335 per
971 3238 1158 3290 totum
1186 3234 1295 3332 hoc
1320 3235 1526 3290 drama
1553 3252 1808 3335 sponsus
1829 3240 1885 3291 et
1904 3252 2119 3307 sponsa
2151 3270 2192 3335 Ο

469 3324 693 3379 mutuis
749 3322 1020 3377 cantibus
1070 3338 1132 3377 se
1188 3322 1444 3377 vicissim
1507 3323 1822 3392 celebrant,
1865 3325 2120 3380 assiduis

467 3412 686 3468 amoris
710 3411 1240 3483 signiﬁcationibus
1270 3413 1668 3479 ostendentes,
1698 3412 1947 3469 alterum
1980 3413 2120 3469 alte-

470 3501 594 3557 rius
622 3501 825 3556 ardere
855 3500 1145 3556 desiderio
1171 3516 1184 3556 :
1214 3502 1296 3556 ita
1328 3519 1534 3558 rursus
1564 3519 1784 3573 sponsa
1835 3520 2119 3574 sponsum

471 3587 793 3659 alloquitur
825 3603 839 3645 :
873 3587 1025 3643 Sicut
1049 3604 1273 3660 pomum
1304 3590 1455 3645 inter
1485 3590 1639 3659 ligna
1667 3591 1839 3655 silvae,
1868 3592 2124 3662 sicnepos

468 3692 620 3731 meus
650 3677 799 3731 inter
830 3675 991 3745 ﬁlios.
1042 3678 1205 3731 Certe
1242 3677 1399 3732 sicut
1444 3694 1708 3748 pomum,
1757 3682 1884 3732 tum
1933 3677 2125 3750 specie

469 3767 830 3834 decora,tum
864 3766 1039 3821 odore
1071 3766 1391 3832 suavi,tum
1427 3772 1601 3839 gustu
1638 3767 1819 3836 dulci,
1852 3784 1918 3823 ac
1950 3784 2123 3839 prop-

468 3860 627 3911 terea
684 3853 1029 3909 hominibus
1088 3855 1160 3910 ad
1221 3856 1517 3912 edendum
1577 3855 1728 3923 utili,
1760 3860 1851 3911 ter
1893 3860 2128 3911 arbores

470 3942 651 4013 hujus
682 3940 985 4013 qualitatis
1022 3947 1289 4013 expertes
1321 3942 1572 4011 excellit,
1606 3943 1663 3997 in
1688 3942 1835 3998 silva
1866 3960 1992 4014 qum
2023 3958 2129 3997 ne-

472 4048 707 4087 morosa
730 4038 838 4101 est,
869 4035 925 4085 et
949 4031 1201 4086 fructum
1224 4031 1294 4085 ad
1338 4032 1693 4087 vescendum
1730 4049 1843 4087 non
1877 4032 2130 4087 homini-

473 4120 605 4186 bus,
640 4119 743 4174 sed
790 4118 997 4173 bestiis
1028 4118 1306 4174 idoneum
1356 4120 1739 4191 suppeditat;
1768 4122 1853 4175 sic
1884 4120 2133 4175 dilectus

474 4222 643 4261 meus
676 4205 828 4259 inter
860 4204 1166 4261 hominum
1204 4204 1356 4260 ﬁlios
1398 4211 1653 4277 praestat.
1690 4207 2135 4262 Pulchritudine

474 4294 631 4350 enim
653 4294 926 4363 speciosus
947 4297 1024 4348 est
1049 4295 1193 4349 inter
1211 4294 1355 4363 ﬁlios
1390 4295 1678 4349 hominum
1699 4296 1763 4363 ³⁸,
1796 4312 1912 4350 non
1940 4294 2134 4350 solum

477 4390 545 4438 ut
575 4384 671 4438 Dei
722 4382 902 4437 Filius
953 4382 1297 4455 unigenitus
1329 4388 1386 4438 et
1416 4383 1698 4449 Verbum,
1730 4401 1929 4440 verum
1961 4385 2134 4440 etiam

477 4477 543 4527 ut
575 4473 724 4526 inter
748 4472 1018 4527 homines
1049 4473 1213 4527 solus
1245 4472 1372 4528 sine
1418 4478 1673 4544 peccato.
1706 4473 1893 4530 Odore
1944 4480 2136 4530 autem

470 4562 737 4635 jucundo
765 4561 1035 4633 fragrans
1067 4568 1303 4633 propter
1337 4562 1631 4634 spiritalia
1661 4564 1982 4635 gratiarum
2012 4580 2138 4619 mu-

2214 1968 2303 2024 καὶ
2361 1963 2714 2041 αὐτοσχέδιον
2778 1961 3054 2039 διαγωγὴν
3136 1958 3223 2015 δια
3269 1961 3370 2028 τήν
3431 1956 3708 2034 βασιλείαν
3755 1962 3874 2011 τῶν

2216 2058 2456 2130 οὐρανῶν
2498 2054 2776 2127 ἑλόμενοι,
2834 2050 3214 2127 παραπλήσιοί
3264 2049 3365 2104 εἶσι
3415 2047 3614 2123 κρίνεις
3643 2046 3877 2123 ἀμφιεν-

2213 2148 2465 2218 νυμένοις
2526 2144 2740 2203 ἀπόνως
2791 2142 2891 2209 τὴν
2936 2147 3037 2209 τῆς
3090 2135 3422 2214 ἀλουργίδος
3444 2140 3539 2190 τοῦ
3576 2138 3875 2206 Σολομῶν-

2215 2256 2307 2296 τος
2377 2231 2715 2306 ἐνδοξοτέραν
2749 2238 2978 2308 φυσικην
3030 2225 3186 2297 δόξαν
3223 2247 3234 2258 °
3268 2226 3363 2287 τὰς
3406 2223 3464 2279 δὲ
3493 2222 3874 2295 ἐκθηλυνομέ-

2217 2346 2309 2386 νας
2369 2324 2548 2397 ψυχὰς
2598 2326 2717 2382 ταῖς
2766 2322 3047 2393 σαρκικαῖς
3116 2314 3361 2385 ἡδοναῖς,
3414 2313 3505 2368 καὶ
3563 2310 3651 2367 διὰ
3709 2314 3875 2365 τοῦτο

2220 2412 2515 2488 θυγατέρας
2547 2416 2643 2466 τοῦ
2675 2404 2937 2463 διαϐόλου
2990 2407 3081 2473 (ὡς
3110 2403 3277 2459 πάλιν
3331 2404 3494 2481 φησὶν
3528 2401 3579 2455 ἐν
3639 2398 3876 2488 Εὗᾼαγγε-

2221 2484 2385 2570 λίοις,
2417 2484 2498 2555 δτι
2531 2502 2707 2571 Ὑμεῖς
2757 2497 2816 2553 ἐκ
2856 2501 2953 2551 τοῦ
2995 2495 3199 2570 πατρὸς
3247 2494 3397 2564 ὑμῶν
3448 2495 3545 2546 τοῦ
3602 2484 3874 2544 διαϐόλου

2222 2592 2381 2660 ἐστὶ),
2439 2589 2689 2650 ἀκάνθαις
2739 2586 3073 2662 παρεικάζει,
3134 2580 3223 2637 διὰ
3276 2583 3338 2636 τὸ
3387 2585 3555 2635 πᾶσαν
3614 2580 3711 2647 τήν
3767 2577 3864 2649 μέ-

2224 2702 2418 2755 ριμναν
2474 2676 2597 2751 περῖ
2647 2678 2715 2731 τὰ
2776 2674 3005 2752 βιωτικᾶ
3060 2670 3458 2747 ἧσχοληκέναι,
3494 2667 3567 2721 ’ἶν’
3600 2668 3878 2741 εὐπορῶσι

2222 2777 2321 2839 τῆς
2353 2768 2492 2838 ὕλης
2520 2771 2625 2821 τῶν
2658 2762 2873 2835 ἡδονῶν
2910 2783 2921 2793 ·
2956 2762 3011 2816 αἳ
3042 2760 3169 2835 οὐχὶ
3206 2764 3283 2829 τῷ
3311 2763 3419 2811 τῶν
3452 2756 3596 2811 ὅλων
3625 2775 3878 2830 προνοη-

2223 2864 2292 2932 τῇ
2345 2858 2687 2912 πιστεύουσιν
2742 2853 2949 2917 ἑαυτὰς,
3008 2849 3154 2905 ἀλλά
3216 2850 3279 2902 τὸ
3333 2852 3437 2901 πᾶν
3495 2847 3705 2905 ὶαυταῖς
3739 2862 3752 2876 '
3787 2844 3882 2897 καὶ

2228 2946 2316 3003 διὰ
2343 2952 2503 3002 τοῦτο
2531 2950 2651 3006 ταῖς
2693 2947 2802 2997 τῶν
2848 2938 3195 3015 προσκαίρων
3252 2936 3496 3013 ερροντίσι
3540 2932 3885 3007 ωμπνῖγον-

2226 3058 2335 3106 ται,
2366 3035 2455 3091 καὶ
2486 3034 2548 3089 οὐ
2572 3032 3008 3107 τελεσφοροῦσιν.

2695 3142 2812 3192 Σῶν
2846 3135 3013 3211 ἁγίων
3054 3135 3099 3209 γ’
3140 3131 3413 3209 Πατέρων.

2299 3231 2446 3286 Ἐπεὶ
2496 3228 2552 3285 δὲ
2601 3226 2689 3283 διὰ
2736 3226 2935 3289 παντὸς
2979 3228 3076 3279 τοῦ
3152 3221 3446 3298 δράματος,
3508 3220 3686 3293 ὥσπερ
3730 3216 3887 3271 Evam.

2230 3322 2573 3401 τιοφθόγγοις
2631 3314 2925 3391 μελῳδίαις
2985 3316 3012 3368 6
3070 3313 3306 3401 νυμφίος
3352 3332 3421 3401 ,τε
3476 3308 3566 3363 καὶ
3623 3306 3882 3385 ἡνῦμφη

2231 3399 2664 3488 ἀντευφημοῦσιν
2734 3402 3043 3475 ἀλλήλους,
3124 3399 3520 3472 ἐνδεικνύμενοι
3578 3403 3698 3457 ταῖς
3758 3417 3886 3488 συν-

2232 3500 2377 3576 εχέσι
2403 3482 2856 3576 ’φιλοφροσύναις
2883 3494 2977 3548 τὸν
3010 3491 3147 3563 πρὸς
3190 3489 3477 3561 ἀλλήλους
3510 3488 3717 3576 πόθον)
3752 3482 3885 3540 τάδε

2231 3574 2398 3643 πάλιν
2439 3574 2863 3664 ἀντιφθέγγεται
2928 3582 3063 3656 πρὸς
3120 3579 3212 3634 τὸν
3269 3576 3500 3654 νυμφίον
3543 3576 3576 3644 ἠ
3635 3574 3827 3650 νῦμφη
3868 3596 3879 3607 ·

2232 3681 2319 3739 Ὦς
2382 3660 2667 3751 μῆλον-ὲν
2756 3677 2871 3735 τοῖς
2957 3669 3139 3741 ξύλοις
3212 3672 3311 3723 τοῦ
3391 3664 3643 3741 δρυμοῦ,
3713 3660 3893 3723 οὕτως

2236 3763 2526 3843 ἀδελφιδὸς
2582 3785 2688 3836 μου
2738 3762 2830 3816 ἀνὰ
2896 3758 3055 3832 μέσον
3112 3762 3218 3812 τῶν
3279 3756 3431 3811 υῗῶν.
3489 3754 3891 3843 Ἣτοι,ξίαθάο

2235 3877 2335 3932 περ
2381 3837 2560 3927 μῆλον
2622 3854 2720 3921 τὴν
2783 3850 2924 3924 ὥραν
2981 3848 3074 3921 μὲν
3116 3846 3398 3921 εὐπρεπὲς,
3458 3840 3654 3903 εὐῶδες
3698 3837 3757 3895 δὲ
3784 3841 3888 3908 τήν

2239 3946 2416 4019 όσμήν
2476 3941 2563 3997 καὶ
2617 3942 2714 4009 τὴν
2774 3938 2953 4014 γεῦσιν
3011 3934 3208 4011 γλυκὺ,
3266 3933 3545 3996 κάντεῦθεν
3606 3932 3891 4005 χρήσιμον

2239 4036 2373 4109 πρὸς
2420 4029 2627 4099 ἐδωδὴν
2680 4028 2947 4103 λογικοῖς,
2997 4025 3047 4079 ἐν
3088 4030 3205 4085 τοῖς
3256 4023 3451 4077 τούτου
3510 4018 3899 4092 ἐστερημένοις

2242 4108 2425 4196 ξόλοις
2474 4124 2571 4175 τοῦ
2623 4116 2853 4193 δρυμοῦ,
2906 4117 2965 4178 ’ὸς
3024 4110 3243 4182 ὑλώδης
3290 4112 3348 4165 τέ
3395 4109 3504 4165 ἐστι
3553 4108 3641 4162 καὶ
3689 4108 3899 4181 καρπὸν

2243 4214 2388 4292 φέρει
2442 4209 2666 4284 ἀλόγοις
2714 4206 2850 4281 πρὸς
2902 4206 3102 4278 βρῶσιν
3150 4200 3241 4292 καῖ
3290 4200 3350 4254 οὐ
3402 4197 3650 4292 λογικοῖς
3701 4196 3899 4292 ἐπιτή-

2246 4285 2387 4356 δειον
2423 4319 2435 4331 °
2498 4298 2670 4357 οῧοως
2703 4296 2730 4349 6
2763 4295 2981 4369 ἀγαπητ
3001 4292 3057 4353 ός
3091 4312 3194 4363 μου
3225 4288 3277 4344 ἐν
3306 4294 3424 4349 τοῖς
3468 4291 3575 4340 τῶν
3600 4285 3901 4359 ἀνθρώπων

2247 4392 2407 4451 υἱοῖς.
2443 4386 2648 4445 Κάλλει
2694 4385 2788 4458 μὶν
2830 4384 2928 4459 γὰρ
2974 4382 3176 4453 ὡραῖος
3224 4379 3370 4453 παρά
3415 4375 3543 4437 τοὺς
3589 4374 3744 4435 υἱοὺς
3792 4379 3902 4429 τῶν

2250 4480 2573 4554 ἀνθρώπων,
2632 4474 2693 4529 οὐ
2751 4474 2917 4546 μόνον
2967 4471 3039 4531 ὡς
3094 4472 3230 4524 Θεοῦ
3283 4467 3585 4540 μονογενὴς
3627 4464 3754 4525 Υἱὸς
3816 4462 3905 4516 καὶ

2251 4551 2447 4643 Λόγος,
2480 4563 2742 4621 ἀλλὰκαὶ
2793 4564 2865 4622 ὡς
2914 4560 2964 4615 ἐν
3020 4558 3328 4633 ἀνθρώποις
3376 4554 3761 4643 ἀναμάρτητος
3804 4551 3905 4623 μό-

483 4669 624 4708 nera
655 4669 784 4724 quas
836 4653 891 4706 in
922 4669 984 4708 se
1030 4654 1407 4710 credentibus
1453 4654 1787 4728 dilargitur,
1823 4672 1891 4711 ex
1921 4656 2124 4728 quibus

2248 4640 2361 4715 vos.
2414 4650 2645 4722 Εῦώδης
2677 4650 2734 4706 δὲ
2762 4656 2879 4712 ταῖς
2914 4648 3048 4721 πρὸς
3074 4646 3203 4707 τοὺς
3239 4645 3315 4707 εἷς
3346 4643 3505 4698 αὐτὸν
3552 4640 3906 4700 πιστεύοντας

480 4761 725 4801 sensum
760 4744 949 4816 ipsius
983 4745 1573 4817 percipimus.Gustu
1606 4764 1741 4803 vero
1774 4748 1972 4804 suavis
2002 4752 2093 4802 est
2124 4763 2137 4800 :

484 4834 721 4899 Gustata,
754 4834 937 4902 enim,
970 4835 1241 4905 inquit,ct
1277 4837 1478 4902 videte,
1523 4838 1788 4907 quoniam
1832 4838 2018 4892 suavis
2064 4844 2143 4891 est

483 4924 743 4980 Dominus
777 4924 843 4979 ¹⁴.
880 4923 1024 4978 Nam
1076 4922 1268 4978 mellis
1330 4923 1575 4979 dulcedo
1624 4924 1743 4981 illis
1791 4925 1983 4981 solum
2042 4924 2143 4996 qui

482 5015 891 5080 gustaverunt,
920 5011 1154 5083 cognita
1180 5015 1286 5066 est.
1323 5012 1714 5077 Quamobrem
1747 5017 1805 5067 et
1834 5012 2143 5068 hominum

484 5100 652 5155 cibus
680 5103 791 5167 est,
811 5099 912 5170 qui
936 5100 1115 5154 vitam
1139 5100 1224 5155 eis
1245 5101 1453 5156 tribuit
1476 5101 1821 5172 spiritalem.
1855 5106 1928 5157 At
1957 5102 2146 5157 caeteri

489 5189 798 5245 hominum
851 5188 981 5258 ﬂlil,
1014 5189 1152 5260 quia
1182 5207 1388 5246 omnes
1439 5195 1824 5263 peccaverunt
1864 5195 1922 5246 et
1952 5191 2150 5247 divina

489 5279 681 5348 gloria
729 5278 933 5349 privati
984 5285 1145 5345 sunt,
1178 5281 1248 5335 ad
1300 5281 1459 5337 silvas
1500 5282 1946 5336 similitudinem
1977 5281 2145 5337 luxu-

490 5371 667 5435 I‘iant,
693 5373 749 5422 et
772 5367 1049 5423 belluinis
1070 5369 1469 5441 voluptatibus
1503 5372 1870 5425 nutriuntur.
1911 5371 2151 5433 Idcirco,

490 5459 551 5511 in
571 5456 792 5522 umbra,
824 5455 1036 5526 inquit,
1067 5460 1185 5529 ejus
1213 5461 1399 5529 cupivi
1428 5462 1475 5514 et
1506 5460 1883 5516 sedi.Umbra
1912 5459 2154 5515 omnino

490 5545 732 5615 Christi,
765 5550 858 5601 est
886 5546 1220 5604 Christiana
1250 5548 1677 5621 respublica,in
1712 5567 1831 5622 qua
1860 5550 1961 5622 qui
1998 5550 2155 5606 desi-

564 5724 606 5760 “
640 5721 850 5779 Matth.
883 5740 960 5791 v1,
991 5726 1080 5781 28.
1161 5727 1205 5763 ¹²
1234 5728 1397 5783 Joan.
1432 5744 1559 5798 vm,
1592 5728 1682 5783 44.

1762 5729 1807 5763 ¹³
1836 5727 1988 5784 Psal.
2019 5743 2172 5795 XLIV,
2201 5727 2256 5782 3.

2256 4744 2569 4819 μεταδόσεσι
2599 4745 2707 4796 τῶν
2756 4738 3127 4814 χαρισμάτων
3188 4738 3285 4788 τοῦ
3342 4730 3683 4803 Πνεῦματος,
3726 4726 3794 4783 δι’
3836 4730 3907 4781 ὧν

2249 4818 2445 4889 τούτου
2503 4830 2553 4885 ἐν
2610 4828 2855 4897 αἶσθήσει
2891 4826 3172 4900 γινόμεθα.
3206 4822 3317 4889 Τὴν
3349 4819 3407 4876 δὲ
3434 4824 3614 4895 γεῦσιν
3645 4818 3861 4892 γλυχῦς
3894 4836 3906 4848 ε

2254 4922 2515 4978 Γεόσασθε
2543 4919 2665 4993 γὰρ,
2703 4916 2860 4991 φησὶ,
2892 4914 2983 4969 καὶ
3034 4910 3173 4968 ἴδετε
3220 4910 3303 4965 ὅτι
3343 4909 3589 4985 χρηστὸς
3620 4908 3650 4961 6
3682 4907 3911 4993 Κύριος.

2254 5000 2476 5077 Ἐπειδή
2500 4991 2777 5083 γλυκύτης
2805 5003 3029 5078 μέλιτος
3052 5002 3116 5057 οὐ
3145 5006 3262 5061 τοῖς
3286 4999 3360 5072 μὴ
3374 4991 3916 5083 γευσαμένοις,λάλλά

2255 5106 2371 5162 τοῖς
2403 5080 2761 5173 γευσαμένοις
2790 5094 3028 5168 γνωστή.
3074 5093 3233 5154 ’Ὀθεν
3279 5086 3367 5142 καὶ
3410 5083 3721 5173 τροφήλέστι
3756 5080 3915 5173 λογι-

2257 5194 2389 5256 κῶν,
2418 5171 2564 5256 ζωὴν
2583 5183 2952 5258 πνευματικὴν
2979 5180 3192 5238 τούτοις
3214 5173 3413 5237 διδούς.
3437 5175 3502 5232 Οἱ
3522 5172 3579 5228 δὲ
3601 5171 3792 5228 λοιποὶ
3809 5176 3915 5224 τῶν

2261 5277 2558 5353 ἀνθρώπων
2598 5275 2733 5339 υἱοὶ,
2785 5268 2972 5338 ἐπειδὴ
3014 5269 3208 5327 πάντες
3249 5264 3495 5338 ἥμαρτον
3532 5263 3618 5316 καὶ
3647 5268 3749 5329 τῆς
3780 5259 3921 5320 θείας

2264 5349 2423 5438 δόξης
2448 5365 2779 5438 ἐστέρηνται,
2813 5358 2969 5429 δίκην
3017 5356 3228 5429 δρυμοῦ
3270 5356 3339 5425 τῇ
3367 5354 3545 5428 σχέσει
3575 5356 3686 5405 τῶν
3715 5349 3920 5421 παρόν-

2264 5479 2371 5512 των
2410 5455 2740 5526 ὑλομανοῦσι
2779 5470 2791 5483 ·
2824 5449 2911 5505 καὶ
2944 5446 3034 5503 διὰ
3062 5451 3170 5501 τῶν
3203 5446 3385 5499 παθῶν
3419 5446 3524 5496 τῶν
3550 5439 3768 5513 ἀλόγων
3794 5439 3920 5492 ἑαυ-

2260 5544 2388 5600 τοὺς
2413 5542 2778 5619 ἓκτρέφουσιν.
2830 5538 2922 5593 Διό
2966 5557 3150 5607 φησιν.
3196 5536 3282 5591 Ἐν
3337 5536 3404 5607 τῇ
3442 5534 3562 5599 σκιᾷ
3594 5528 3763 5583 αὑτοῦ
3796 5528 3920 5582 ἰπε-

2336 5726 2380 5761 ¹⁴
2412 5722 2563 5780 Psal.
2595 5736 2795 5786 xxxm,
2824 5719 2879 5774 9.
