4072 6346
229 389 358 451 573
471 461 476 466 ,

1284 395 1695 460 COMMENT.
1738 394 1819 458 IN
1862 395 2268 460 GANTlCUM
2309 395 2612 458 CANTIC.

3539 391 3658 452 5'14

233 517 465 592 Θύμησα
512 519 602 575 καὶ
632 519 868 577 ἐκάθισα·
904 524 1030 580 σκιὰ
1059 520 1116 580 δὶ
1146 521 1358 588 πάντως
1389 527 1623 601 Χριστοῦ
1669 527 1707 597 ἡ
1763 527 1850 603 Χρι

2015 525 2168 582 deria
2188 531 2279 584 est
2299 527 2702 598 conﬁrmatus,
2733 527 3081 599 cupidiuum
3101 529 3246 582 testu
3271 540 3385 581 non
3417 523 3657 580 combu-

233 605 492 676 στοειδής
522 609 791 683 πολιτεία,
850 610 934 688 ἐφ’
962 614 1031 682 ἧς
1087 613 1114 669 6
1172 611 1262 669 διὰ
1316 614 1488 671 πόθου
1521 613 1787 692 ἷδρυνθεὶς
1817 619 1899 688 τῷ

2007 615 2180 686 ritur,
2211 617 2311 672 sed
2341 617 2453 672 sub
2495 633 2563 672 ea
2595 617 2936 690 protegitur.
2968 619 3034 673 Et
3059 619 3276 688 [ructus
3319 617 3439 686 ejus
3478 612 3656 668 dulcis

233 697 482 752 καύσωνι
522 703 631 754 τῶν
678 704 865 764 παθῶν
918 702 983 756 τὸ
1031 703 1366 778 συγκαίεται,
1407 701 1532 760 ἀλλ’
1589 705 1674 759 ὑπ’
1730 705 1850 759 αὗτί

2015 707 2217 776 gutturi
2269 721 2408 762 meo.
2470 705 2717 761 Fructus
2775 713 2970 762 autem
3026 706 3239 778 ipsius,
3285 707 3376 759 est
3430 702 3658 758 fructus

238 785 519 843 σκέπεται.
603 788 700 843 Καὶ
785 790 813 844 6
896 792 1105 865 καρπὸς
1190 793 1354 848 αὑτοῦ
1430 791 1636 868 γλυκὺς
1697 793 1748 848 ἐν
1818 797 1898 865 τῷ

2007 795 2274 867 spiritus,
2306 795 2403 866 qui
2456 800 2564 864 est,
2597 800 2663 850 ut
2709 812 2961 868 magnus
3007 794 3200 866 inquit
3243 792 3655 863 Paulus,.gau-

237 872 480 949 λάρυγγί
567 895 706 948 μου·
779 877 986 953 καρπὸς
1046 875 1102 933 δὲ
1151 879 1348 934 τούτου
1405 879 1545 934 ἐστὶν
1606 881 1634 935 6
1689 879 1850 953 καρπὲ

2015 885 2184 954 lium,
2212 902 2347 957 pax,
2378 887 2786 957 longanimitas,
2829 885 3040 942 bonitas
3073 885 3138 950 ι’,
3168 889 3229 940 et
3284 887 3507 939 cetera.
3539 881 3656 938 Cu-

234 967 336 1016 τοῦ
394 962 725 1037 πνεύματος.
786 971 880 1028 "Oc
942 965 1054 1023 ἔστι
1103 968 1240 1024 κατὰ
1265 969 1360 1024 τὸν
1392 970 1554 1045 μὲγαν
1589 968 1850 1024 ἀπόστολι

2015 974 2101 1044 ius
2131 972 2502 1030 dulcedinem
2551 949 2816 1029 sentiunt
2845 972 2931 1027 illi
2963 972 3066 1044 qui
3114 949 3495 1042 experiuntur
3524 984 3543 1025 »:
3575 967 3660 1023 ni-

238 1049 484 1121 Παῦλον,
571 1053 738 1128 χαρὰ,
820 1053 1034 1131 εἴρήνη,
1116 1057 1483 1132 μακροθυμία,
1559 1057 1896 1134 χρηστότης,

235 1142 330 1196 καὶ
380 1141 449 1196 τὰ
475 1140 661 1196 λοιπά·
715 1140 776 1197 οὗ
832 1150 931 1214 τῆς
961 1142 1301 1220 γλυκύτητος
1358 1146 1409 1201 ὲν
1445 1147 1689 1217 αἰσθήσει
1725 1148 1896 1222 ὑπαρ-

240 1251 409 1306 χουσι
460 1232 512 1284 οἱ
559 1231 696 1286 κατὰ
746 1237 935 1308 πεῖραν
968 1234 1164 1289 τούτου
1202 1236 1545 1312 τρεφόμενοι.
1575 1234 1743 1294 Οὑδὶν
1798 1236 1898 1311 γὰρ

240 1325 422 1394 χαρᾶς
462 1324 836 1392 πνευματικῆς
893 1322 1151 1388 ἀπαθείας
1206 1346 1265 1380 τε
1307 1326 1395 1381 καὶ
1430 1324 1643 1403 ἀγάπης
1688 1322 1899 1401 γλυκύ-

241 1428 426 1483 τερον.
488 1408 700 1485 Δάρυγξ
731 1408 789 1466 δὲ
834 1415 932 1477 τῆς
980 1411 1318 1489 γλυκύτητος
1373 1420 1475 1470 τοῦ
1531 1418 1900 1488 πνευματικοῦ

2008 1062 2089 1119 hil
2122 1062 2278 1119 enim
2333 1062 2548 1136 gaudio
2581 1061 2829 1135 spiritali
2863 1067 2917 1118 et
2966 1059 3396 1133 tranquillitate
3434 1061 3492 1113 et
3519 1055 3659 1112 cha-

2007 1152 2176 1208 ritate
2221 1152 2474 1208 dulcius.
2524 1154 2598 1207 At
2641 1156 2848 1223 guttur
2894 1151 3048 1221 quod
3104 1151 3327 1204 fructus
3375 1144 3658 1219 spiritalis

2007 1241 2320 1298 dulcedine
2369 1241 2602 1309 fruitur,
2631 1248 2720 1299 est
2764 1241 2852 1297 vis
2882 1241 3091 1296 animae
3123 1239 3346 1296 ratione
3393 1235 3656 1310 praedita,

2008 1331 2135 1388 sine
2166 1348 2284 1403 qua
2315 1332 2562 1388 Verbum
2595 1348 2710 1387 non
2741 1332 3122 1388 admovetur:
3157 1325 3657 1401 quemadmodum

2010 1436 2116 1476 nec
2142 1420 2312 1476 cibus
2338 1420 2466 1476 sine
2493 1425 2752 1493 gutture.

243 1501 464 1585 καρποῦ
495 1498 905 1572 αἴσθανόμενος,
939 1500 1021 1572 ε’ίη
1052 1501 1111 1558 ἂν
1143 1507 1178 1574 ἡ
1213 1504 1413 1581 λογική
1447 1503 1673 1579 δύναμις
1699 1512 1800 1576 τῆς
1831 1508 2037 1582 ψυχῆςο
2070 1505 2363 1585 ἐπειδήπερ
2392 1506 2593 1579 ταύτης
2617 1508 2792 1585 χωρὶς
2820 1507 2882 1563 ού
2913 1507 3243 1584 προφέρεται
3263 1501 3452 1580 λόγος’
3478 1498 3659 1574 ὥσπερ

242 1583 375 1642 οὔτε
407 1587 675 1663 βρώματα
700 1586 974 1667 λάρυγγος
1006 1589 1148 1651 ἄνευ.

946 1774 1194 1836 Ψελλοῢ.

244 1969 473 2024 Τούτων
502 1969 577 2033 ὡς
601 1967 650 2026 δ’
685 1967 888 2041 ἤκουσε
919 1972 1112 2030 λοιπὸν
1143 1976 1179 2044 ἡ
1210 1973 1398 2054 νύμφη
1428 1979 1538 2030 τῶν
1569 1973 1822 2044 ὶπαίνων,

250 2060 728 2136 ’Λντιτεχνάζεταί
746 2083 897 2127 τινας
927 2061 1180 2126 ἐπαίνους
1207 2068 1288 2137 τῷ
1306 2066 1549 2140 νυμφίῳ.

254 2147 419 2222 Λέγει
447 2149 552 2224 γὰρ
582 2147 783 2224 λᾶξεσιν
814 2151 1005 2215 αὑταῖς
1033 2151 1163 2208 τάδε
1191 2154 1330 2230 πρὸς
1357 2155 1448 2209 τὸν
1483 2155 1780 2227 Δεσπότην·

266 2244 347 2300 Ως
382 2244 561 2310 μῆλον
594 2239 647 2294 ἐν
676 2245 793 2303 τοῖς
824 2239 1006 2312 ξύλοις
1033 2247 1130 2297 τοῦ
1161 2239 1392 2319 δρυμοῦ,

249 2324 446 2389 Οὕτως
477 2323 766 2402 ἄδελφιδός
798 2350 904 2402 μου
931 2331 1030 2386 ἀνὰ
1064 2332 1228 2405 μέσον
1259 2335 1366 2387 τῶν
1397 2334 1549 2390 υἱῶν.

247 2417 482 2489 Ὠσπερ,
513 2415 566 2471 ἂν
592 2422 712 2480 ταῖς
740 2421 946 2494 ψυχαῖς
972 2419 1201 2483 ἁπάσαις
1229 2425 1339 2476 τῶν
1369 2422 1693 2496 ἀνθρώπων,

246 2504 357 2564 ⁸Λς
390 2515 682 2582 θυγατερας
711 2503 956 2582 εἴρηκας,
983 2510 1028 2563 ὦ
1061 2509 1201 2586 Λόγε
1229 2511 1319 2565 καὶ
1349 2511 1570 2589 νυμφίε,

248 2593 468 2668 Ἔγωγε
500 2593 640 2666 μόνη
673 2595 884 2673 πέφυκα
906 2596 1094 2672 κρίνον
1128 2597 1309 2674 ὥσπερ
1342 2598 1394 2654 ἐν
1428 2600 1568 2677 φύει·

248 2681 419 2736 Οὕτω
450 2682 540 2735 καὶ
568 2682 630 2737 σὺ
658 2684 786 2746 τοὺς
815 2685 1082 2762 οὐρανοὺς
1115 2686 1508 2765 ἆῤῥητοτύπως
1528 2687 1738 2759 κλίνας,

249 2769 364 2825 Καὶ
393 2770 669 2836 κατελθὼν
701 2772 788 2828 ἐπὶ
817 2778 916 2840 τῆς
942 2783 1042 2850 γῆς
1075 2776 1153 2838 εἲς
1190 2775 1377 2848 ὑλώδη
1418 2779 1561 2853 βίον,

250 2857 362 2915 Καὶ
395 2861 693 2934 σαρκωθεὶς
724 2863 786 2918 τὸ
815 2867 937 2927 καθ’
965 2865 1112 2938 ἡμᾶς
1143 2865 1196 2920 ἐν
1225 2864 1366 2938 τῷδε
1391 2871 1472 2939 τῷ
1503 2864 1766 2940 δρυμῶνι,

247 2948 468 3024 Ὠφθης
500 2947 552 3004 ἰν
592 2949 740 3024 μέσῳ
769 2956 875 3006 τῶν
903 2955 1034 3009 υἱῶν
1061 2953 1157 3010 τοῦ
1187 2953 1319 3031 τῇδε
1346 2960 1452 3010 τῶν
1484 2955 1802 3029 ἀνθρώπων,

248 3038 348 3098 Ὠς
381 3037 560 3109 μῆλον
594 3038 958 3098 εὐωδέστατον
989 3045 1077 3098 καὶ
1103 3049 1283 3119 γεῦσιν
1315 3042 1642 3115 καθηδύνον,

249 3127 414 3190 Τίνος
448 3124 505 3183 δὶ
535 3129 721 3204 χάριν,
755 3129 981 3206 ἰρωτᾷς,
1013 3134 1104 3188 τὸν
1139 3135 1314 3210 Λόγον
1349 3133 1492 3211 λέγει
1529 3133 1748 3208 μῆλον;

249 3217 382 3273 Ὀτι
412 3216 502 3271 καὶ
535 3219 764 3294 χάριτας
794 3219 1015 3285 πολλὰς
1049 3220 1164 3299 εχει
1189 3224 1395 3300 καρπὸς
1414 3225 1476 3279 τὸ
1511 3221 1714 3297 μῆλον.

251 3305 371 3362 Καὶ
403 3305 505 3382 γάρ
535 3303 969 3383 ἀποθλιϐόμενον
1002 3313 1148 3387 παρά
1175 3333 1341 3383 τινος,
1371 3313 1446 3376 ὡς
1480 3311 1659 3387 θέμις,

247 3395 365 3463 Τήν
397 3394 500 3468 γὰρ
525 3394 676 3472 ῥύσιν
705 3399 1104 3474 αἱματόμικτον
1129 3402 1228 3470 τήν
1262 3399 1516 3478 ὑδαρώδη
1543 3403 1771 3476 πὲμπει.

251 3484 553 3549 Κᾶντεῦθεν
584 3485 948 3544 ὖπαινίττεται
977 3491 1243 3564 κρουνοὺς
1274 3491 1400 3554 τοὺς
1434 3492 1761 3568 σωτηρίους,

247 3571 394 3637 Τοὺς
445 3573 571 3650 πρὶν
625 3568 911 3653 πνευρόθεν
966 3578 1266 3654 βλύσαντας
1312 3585 1408 3635 τοῦ
1439 3579 1616 3656 Λόγου
1645 3583 1732 3637 καὶ
1781 3589 1905 3637 Σω-

1696 3675 1907 3748 [τῆροςο

249 3755 347 3817 Ὠς
375 3755 582 3829 ἄγαμαι
613 3756 712 3825 τήν
744 3758 1004 3835 φρόνησιν
1033 3766 1134 3830 τῆς
1164 3762 1397 3835 καθᾶρας
1427 3763 1689 3838 παρθένου
1715 3763 1727 3818 !

255 3849 459 3919 Σοφῶς
488 3844 586 3922 γὰρ
618 3843 830 3922 εἷ’ρηκεν
857 3849 1017 3904 αὑτὸν
1046 3851 1336 3926 τυγχάνειν
1366 3846 1536 3913 ὅντως
1572 3849 1770 3924 μῆλον.

252 3939 413 3988 Πᾶσα
447 3935 539 4006 μὶν
570 3937 672 4010 γὰρ
704 3937 779 4019 ὡς
807 3935 1030 4008 ἀληθῶς
1063 3940 1216 4015 ψυχὴ
1247 3941 1282 4008 ἡ
1317 3940 1659 4015 ἀνθρωπίνη,

253 4021 369 4079 Κᾶν
401 4022 616 4099 ἀρεταῖς
647 4025 946 4102 ὑπεραρθῇ,
979 4025 1074 4083 κᾶν
1107 4029 1244 4104 πρὸς
1276 4028 1542 4104 ἀγγέλους
1572 4031 1770 4107 φθάσῃ,

250 4113 460 4176 ’Ἄνθος
487 4113 575 4168 καὶ
610 4113 774 4187 μόνον
806 4117 1041 4190 κρίνεται
1070 4117 1161 4172 καὶ
1191 4118 1374 4192 κρίνον
1405 4116 1466 4174 ἐκ
1495 4115 1790 4187 κοιλάδων,

248 4203 361 4259 Τὸν
393 4202 638 4277 γεωργὸν
671 4205 737 4259 οὑ
764 4204 1034 4282 τρέφουσα
1061 4207 1287 4281 (βοτάνη
1311 4207 1413 4283 γὰρ
1447 4208 1510 4262 οὑ
1537 4209 1761 4285 τρέφει),

251 4289 414 4348 Ἀλλ’
449 4291 642 4362 ἑαυτήν
675 4291 1070 4369 λαμπρύνουσα
1096 4300 1177 4368 τῷ
1205 4293 1401 4352 κάλλει
1429 4303 1530 4366 τῆς
1559 4294 1724 4360 ἰδέας.

248 4378 396 4436 Οὑδέ
429 4381 534 4456 γάρ
567 4381 763 4458 χρῄζει
793 4384 918 4458 παρ’
947 4385 1110 4457 ἡμῶν
1143 4387 1170 4439 ὀ
1194 4385 1433 4462 γεωργὸς
1465 4383 1788 4460 κερδαίνειν,

244 4469 348 4532 Ὧς
378 4469 488 4524 πού
509 4492 670 4549 φησιν
705 4472 734 4525 ὁ
767 4471 1082 4546 Ψαλμῳδὸς
1111 4475 1245 4549 πρὸς
1275 4476 1367 4530 τὸν
1388 4475 1548 4531 αὑτὸν
1570 4475 1828 4548 νυμφίον’

245 4559 342 4621 Ὠς
384 4559 602 4634 ἀγαθῶν
633 4560 696 4615 σὺ
725 4566 834 4616 τῶν
861 4561 1007 4634 ἐμῶν
1041 4561 1160 4618 οὐδ’
1184 4562 1330 4627 ὅλως
1357 4562 1545 4640 χρείαν
1575 4559 1742 4640 ἔχεις.

247 4648 414 4707 Ἀλλ’
446 4651 474 4704 ὁ
502 4651 730 4725 Χριστὸς
761 4652 790 4705 6
818 4653 1058 4728 γεωργὸς
1089 4655 1246 4726 ἡμῶν
1280 4655 1308 4708 6
1337 4653 1427 4708 καὶ
1457 4654 1705 4733 νυμφίος,

244 4741 309 4792 Ὀ
341 4737 527 4813 μῆλον
561 4737 728 4798 ὅντως
757 4741 995 4817 γεγονὼς
1029 4741 1134 4796 ἀπὸ
1162 4747 1258 4798 τοῦ
1291 4751 1659 4818 σαρκωθῆναι,

243 4830 354 4891 Τάς
381 4834 530 4902 τρεῖς
557 4828 646 4884 καὶ
677 4830 894 4904 πρώτας
925 4828 976 4885 ἐν
1009 4833 1144 4904 ἡμῖν
1178 4831 1452 4903 αἰσθήσεις
1483 4830 1843 4910 ἐπευφραίνει,

243 4920 360 4988 Τὴν
395 4916 607 4991 ὅρασιν,
635 4919 734 4988 τήν
767 4917 1052 4994 ὄσφρησιν,
1084 4919 1172 4975 καὶ
1203 4918 1440 4994 μάλιστα
1466 4922 1566 4990 τὴν
1596 4926 1793 4998 γεῦσινο

244 5009 471 5081 Ὠραῖος
501 5007 603 5083 γὰρ
636 5007 710 5070 εἰς
745 5004 929 5083 ὅρασιν
959 5009 1035 5070 ὡς
1065 5006 1288 5080 ἀληθῶς
1309 5010 1589 5085 τυγχάνει,

242 5099 310 5154 Ὁ
338 5095 560 5150 πάντων
588 5095 928 5171 ὡραιότατος
957 5101 1065 5152 τῶν
1088 5102 1332 5174 γηγενῶν
1354 5098 1651 5170 Δεσπότης,

245 5187 351 5244 Καὶ
385 5183 517 5250 τοὺς
541 5185 780 5260 ὁρῶντας
811 5184 886 5249 εἷς
917 5187 1075 5242 αὑτὸν
1104 5185 1379 5264 ἐργάζεται
1413 5195 1724 5262 φωστῆρας.

239 5271 415 5336 Ἠὂύς
444 5295 505 5328 τε
535 5274 669 5347 πρὸς
697 5274 798 5343 τὴν
831 5271 1094 5351 ὄσφρησιν
1123 5277 1385 5352 ὑπάρχων
1421 5275 1595 5353 μύρου
1624 5277 1809 5335 πλέον·

241 5363 325 5421 Τὸ
361 5363 533 5437 μέχρι
563 5364 663 5438 γὰρ
691 5368 788 5418 τοῦ
818 5363 1080 5440 πώγωνος
1109 5366 1237 5440 πρὶν
1270 5361 1592 5421 καταϐαῖνον
1625 5367 1794 5442 μύρον

238 5456 350 5506 T05
385 5451 621 5526 Ἀαρὼν,
653 5451 813 5514 αὑτός
843 5451 983 5507 ἐστιν
1017 5454 1045 5507 6
1075 5454 1310 5528 καθαρὸς
1344 5456 1372 5510 6
1405 5455 1660 5533 νυμφίος.

318 5636 373 5708 ⁸⁸.
394 5633 524 5708 Qal.
556 5652 612 5708 ν,
642 5637 732 5708 22,
763 5636 854 5692 23.

237 5723 321 5778 vi,
350 5706 451 5764 55.

958 5637 1000 5672 ⁸⁸
1030 5635 1183 5694 Psal.
1215 5653 1354 5706 xvn,
1387 5638 1476 5695 l0.

1581 5640 1623 5674 "
1654 5639 1811 5697 Psal.
1843 5658 1936 5714 xv,
1965 5645 2019 5699 2.

2736 1781 2932 1838 Pselli.

2087 1980 2204 2037 Has
2233 1979 2438 2037 laudes
2485 1995 2705 2052 sponsa
2751 1996 2882 2036 cum
2932 1977 3273 2047 audivisset,
3304 1973 3666 2049 quibusdam

2016 2069 2147 2142 ipsa
2176 2087 2412 2142 quoque
2440 2085 2726 2142 sponsum
2766 2068 3043 2124 laudibus
3072 2065 3315 2124 extollit.
3351 2063 3666 2120 Dominum

1937 2161 1980 2226 Β
2010 2158 2166 2214 enim
2199 2158 2364 2214 hisce
2409 2158 2606 2214 verbis
2657 2157 2980 2230 alloquitur
3011 2174 3024 2211 :
3055 2157 3210 2212 Sicut
3250 2168 3473 2226 pomum
3521 2152 3667 2205 inter

2018 2250 2175 2320 ligna
2201 2249 2359 2304 silva
2389 2265 2410 2304 :
2438 2251 2520 2304 sic
2548 2263 2712 2320 nepos
2757 2263 2910 2303 meus
2959 2248 3106 2302 inter
3151 2245 3317 2315 ﬁlios.
3373 2239 3667 2309 Quemad-

2019 2338 2500 2410 modum,inquit,
2533 2337 2686 2392 inter
2697 2352 2900 2392 omnes
2913 2335 3222 2391 hominum
3236 2332 3665 2402 animas,quas,

2017 2447 2049 2484 ο
2073 2430 2330 2485 Verbum
2353 2437 2406 2484 et
2429 2445 2662 2500 sponse,
2697 2426 2848 2482 filias
2875 2426 3205 2498 appellasti,
3239 2439 3344 2496 ego
3376 2420 3502 2477 sola
3531 2436 3665 2476 sum

2017 2527 2300 2590 tanquam
2319 2518 2508 2574 lilium
2535 2519 2593 2573 in
2625 2516 2924 2590 germine:
2949 2515 3034 2572 sic
3050 2514 3228 2571 etiam
3250 2518 3312 2568 tu
3336 2527 3549 2568 arcana
3569 2527 3666 2567 ra-

2015 2609 2174 2664 tione
2217 2608 2376 2664 ccelos
2399 2609 2696 2677 inclinans,
2727 2611 2785 2662 et
2806 2605 3136 2662 descendens
3176 2604 3220 2640 ¹⁶
3240 2620 3309 2660 su
3321 2618 3420 2674 per
3447 2605 3664 2657 terram

2015 2698 2076 2754 in
2109 2698 2258 2754 hanc
2289 2698 2467 2754 vitam
2501 2695 2829 2765 mortalem,
2854 2700 2912 2752 et
2936 2711 3171 2750 carnem
3206 2697 3465 2748 nostram
3499 2707 3669 2747 assu-

2019 2804 2204 2854 mens,
2237 2785 2296 2841 in
2331 2787 2436 2842 hac
2467 2784 2614 2841 silva
2639 2789 2696 2840 te
2725 2783 2877 2838 inter
2904 2783 3058 2838 ﬁlios
3088 2781 3396 2836 hominum
3431 2779 3665 2850 conspi-

2018 2893 2195 2932 cuum
2225 2874 2548 2947 praebuisti,
2569 2879 2853 2944 tanquam
2887 2887 3128 2945 pomum
3161 2868 3578 2926 suavissimum
3613 2876 3668 2921 et

2018 2970 2196 3043 gustu
2215 2964 2740 3038 jucundissimum.
2764 2963 2879 3019 Cur
2898 2966 3096 3018 autem
3121 2959 3378 3014 Verbum
3402 2955 3670 3028 appellat

2021 3072 2261 3128 pomum
2284 3054 2310 3109 ?
2333 3054 2477 3120 Quia
2499 3051 2812 3124 multiplici
2836 3049 3026 3123 gratia
3043 3048 3137 3104 hic
3159 3049 3384 3102 fructus
3415 3050 3503 3104 est
3532 3061 3675 3116 prae-

2019 3145 2198 3202 ditus.
2235 3143 2458 3201 Etenim
2493 3143 2544 3199 si
2576 3146 2722 3197 forte
2752 3159 2787 3196 a
2814 3139 3095 3212 quopiam
3130 3135 3579 3207 comprimatur,
3601 3133 3672 3188 li-

2018 3250 2264 3308 quorem
2295 3232 2680 3304 sanguineum
2712 3235 2770 3286 et
2799 3244 3053 3302 aqueum
3085 3225 3321 3288 emittit,
3341 3229 3399 3279 et
3427 3223 3673 3295 proinde

2018 3322 2215 3379 innuit
2245 3324 2433 3380 fontes
2480 3320 2610 3378 illos
2656 3319 2970 3392 salutares,
3002 3317 3103 3388 qui
3153 3333 3221 3372 ex
3267 3313 3445 3369 latere
3492 3309 3669 3370 Verbi

2017 3418 2074 3468 et
2101 3410 2416 3468 Salvatoris
2446 3413 2815 3466 emanarunt.
2847 3409 2892 3463 Ο
2924 3423 3081 3480 ραι-ω
3116 3402 3366 3482 Virginis
3407 3401 3671 3478 pruden-

2017 3501 2165 3557 tiam
2196 3498 2602 3556 admirabilem
2629 3497 2641 3552 ί
2676 3497 2975 3569 sapienter
2998 3494 3154 3551 enim
3188 3493 3385 3564 ipsum
3411 3506 3544 3548 vere
3573 3506 3671 3562 po-

2020 3606 2184 3646 mum
2216 3589 2363 3644 dixit
2409 3605 2559 3644 esse.
2594 3586 2740 3643 Nam
2773 3585 2966 3640 omnis
3015 3583 3272 3654 profecto
3321 3579 3510 3637 anima
3554 3579 3666 3634 hu-

2019 3693 2213 3747 mana,
2228 3675 2362 3732 licet
2381 3675 2666 3730 virtutum
2690 3670 3027 3744 praestantia
3050 3671 3121 3725 ad
3149 3667 3387 3740 angelos
3408 3666 3667 3736 accedat,

2019 3766 2126 3821 ﬂos
2156 3764 2566 3834 tantummodo
2613 3768 2672 3819 et
2702 3761 2892 3818 lilium
2942 3757 3296 3817 convallium
3319 3755 3663 3827 judicatur;

2015 3866 2156 3924 (non
2190 3854 2352 3910 alens
2382 3851 2723 3924 agricolam,
2757 3867 2944 3922 neque
2973 3849 3130 3904 enim
3163 3846 3345 3901 herba
3383 3844 3532 3914 alit),
3565 3844 3666 3899 sed

2016 3961 2078 4000 se
2109 3944 2298 4016 ipsam
2345 3941 2556 4014 speciei
2603 3938 3045 4013 pulchritudine
3092 3950 3403 3998 exornans.
3438 3931 3664 3987 Etenim

2013 4033 2242 4096 lucrum
2288 4049 2356 4088 ex
2387 4031 2557 4094 nobis
2605 4047 2722 4086 non
2754 4028 2965 4101 quaerit
3011 4023 3289 4098 agricola,
3320 4027 3386 4078 ut
3416 4021 3666 4095 quodam

2015 4123 2071 4177 in
2100 4122 2227 4178 loco
2257 4138 2542 4194 sponsum
2573 4120 2770 4192 ipsum
2805 4112 3404 4195 alloquens,ostendit
3431 4110 3610 4168 David
3647 4127 3660 4166 :

2016 4213 2155 4267 Deus
2181 4211 2396 4282 inquit,
2430 4226 2579 4265 meus
2609 4225 2666 4265 es
2691 4214 2771 4276 tu,
2805 4209 2936 4278 quia
2967 4207 3234 4262 bonorum
3279 4217 3523 4260 meorum
3553 4214 3666 4255 non

2011 4316 2132 4372 eges
2170 4301 2234 4356 ιτ.
2266 4305 2341 4355 At
2386 4299 2655 4354 Christus
2712 4295 2969 4370 agricola
3017 4307 3394 4367 sponsusque
3445 4294 3665 4358 noster,

2013 4405 2149 4444 cum
2208 4405 2442 4448 carnem
2503 4387 2829 4443 humanam
2893 4385 3170 4449 induens,
3229 4398 3361 4438 vere
3419 4393 3662 4452 pomum

2011 4478 2284 4549 evaserit,
2343 4482 2462 4534 tres
2519 4480 2752 4533 nostros
2807 4491 3024 4546 eosque
3072 4471 3397 4546 praecipuos
3452 4484 3664 4531 sensus

2012 4567 2285 4636 oblectat,
2307 4568 2522 4635 visum,
2555 4567 2863 4622 odoratum
2885 4570 3062 4634 atque
3084 4563 3143 4617 in
3166 4559 3375 4634 primis
3393 4564 3659 4631 gustum.

2009 4661 2268 4729 Aspectu
2305 4655 2463 4712 enim
2503 4671 2645 4712 sane
2666 4671 2837 4725 quam
2861 4653 3110 4708 decorus
3130 4656 3216 4706 est
3243 4667 3255 4704 :
3281 4649 3495 4720 quippe
3525 4662 3658 4702 cum

2011 4745 2090 4801 sit
2112 4745 2378 4802 omnium
2399 4743 2498 4815 qui
2521 4743 2580 4798 in
2604 4748 2758 4798 terra
2779 4741 2902 4797 nati
2928 4744 3070 4798 sunt
3089 4737 3658 4809 ",speoiosissimus,

2010 4833 2507 4907 respicientesque
2538 4848 2599 4888 se
2649 4829 3010 4888 clarissimos
3038 4828 3260 4884 reddat.
3295 4825 3522 4881 Olfacta
3553 4840 3659 4880 au-

1934 4912 1980 4976 D
2011 4929 2129 4980 tem
2155 4922 2556 4996 perjucundus
2580 4937 2593 4978 :
2617 4925 2707 4977 est
2729 4919 2887 4976 enim
2929 4921 3228 4989 unguento
3264 4913 3475 4986 plenus
3502 4930 3515 4969 :
3541 4912 3660 4967 imo

2011 5017 2382 5086 unguentum
2449 5010 2644 5082 ipsum
2700 5009 2850 5079 quod
2917 5004 3224 5063 descendit
3287 5004 3348 5057 in
3413 5000 3657 5056 barbam

2008 5105 2199 5160 Aaron
2234 5103 2299 5156 ιο.
2341 5101 2588 5158 Gustata
2639 5114 2773 5153 vero
2829 5111 3010 5168 quam
3058 5091 3447 5150 suavissimus
3481 5106 3496 5148 :
3526 5105 3660 5161 gus-

2008 5191 2275 5248 tantibus
2304 5189 2462 5246 enim
2492 5204 2554 5244 se
2601 5186 2780 5244 vitam
2816 5184 3025 5241 tribuit
3066 5178 3478 5239 immortalem.
3510 5177 3659 5234 Nam

2011 5280 2114 5351 qui
2145 5281 2323 5352 digne
2364 5279 2682 5336 manducet
2727 5291 2940 5347 corpus
2983 5274 3132 5344 ejus,
3184 5271 3310 5342 ipse
3347 5269 3449 5334 ait,
3480 5267 3659 5324 vitam

2009 5387 2144 5427 vere
2189 5376 2464 5427 aeternam
2498 5366 2823 5440 possidebit
2843 5366 2908 5421 ³ο.
2943 5367 3020 5420 Ac
3059 5364 3131 5419 de
3157 5359 3450 5434 proposito
3482 5358 3660 5429 hujus

2013 5460 2258 5518 carmini
2305 5459 2619 5516 hactenus.
2652 5455 2738 5512 Ad
2771 5454 2999 5526 reliqua
3052 5451 3424 5510 Canticorum
3474 5445 3658 5519 expli-

3411 5631 3457 5668 ³ο
3484 5628 3654 5687 Joan.

2126 5643 2170 5682 ³⁸
2199 5641 2353 5699 Psal.
2396 5657 2548 5709 xuv,
2580 5640 2633 5696 3.
2739 5638 2780 5674 ιθ
2811 5635 2964 5694 Psal.
3007 5651 3220 5702 oxxxn,
3252 5632 3304 5688 2.
