4102 6342
481 394 602 455 575

1823 393 2245 458 MlCHAELlS
2289 394 2566 457 PSELLI

3784 383 3915 446 576

483 531 675 587 canda
728 547 1065 604 pergamus.
1126 533 1376 605 Sponsa,
1434 533 1506 589 de
1561 533 1752 590 Verbo
1805 533 2022 588 divino.
2074 533 2135 587 In

2273 517 2588 590 ’λυκύτατος
2621 525 2720 604 γὰρ
2753 525 2956 605 πέφυκε
2983 501 3076 580 καί
3111 522 3345 598 μάλιστα
3369 521 3504 598 πρὸς
3532 524 3737 596 γεῦσιν,

481 619 700 686 umbra,
750 620 963 691 inquit,
1017 622 1136 692 ejus
1177 621 1482 678 desidera-vi
1525 628 1578 678 et
1623 623 1782 691 sedi;
1828 627 1880 678 et
1921 625 2134 693 fructus

481 707 658 765 dulcis
685 711 897 781 gutturi
924 728 1063 767 meo.
1098 712 1308 783 Hujus,
1341 712 1554 784 inquit,
1587 711 1955 768 admirabilis
1988 711 2136 767 vita-

481 798 675 871 lisque
723 800 882 872 pomi
931 817 1334 872 saepenumero
1380 803 1652 858 umbram
1703 802 1962 874 aspicere
2007 817 2139 857 con-

483 888 698 960 oupivi,
750 905 885 944 cum
939 893 1112 946 ardor
1167 892 1565 966 tentationugn
1623 907 1717 948 me
1767 892 2142 948 vehementer

483 981 770 1032 exureret.
800 979 872 1032 At
900 993 1034 1034 ecce
1081 979 1139 1033 in
1173 995 1241 1034 ea
1280 980 1405 1050 jam
1457 980 1760 1035 conﬁdens
1792 979 2052 1034 oblector
2080 981 2140 1032 et.

483 1065 730 1137 gaudeo,
794 1071 972 1138 atque
1030 1068 1299 1123 ardorem
1383 1068 1772 1124 tentationum
1835 1067 2064 1122 decline
2125 1083 2138 1122 :

488 1155 968 1227 quandoquidem
1023 1173 1114 1211 me
1147 1157 1206 1212 in
1260 1157 1537 1212 omnibus
1570 1157 1864 1213 mandatis
1911 1155 2140 1210 Domini

488 1242 1154 1311 meditantem,'Verbum
1190 1262 1256 1300 ac
1277 1262 1532 1317 sponsus
1561 1263 1728 1302 meus
1761 1245 2143 1300 dulcissimus

491 1332 708 1389 divinis
741 1334 865 1389 suis
891 1334 1253 1390 obumbrans
1286 1335 1414 1400 alis,
1452 1334 1650 1406 procul
1704 1334 1913 1390 avertit
1957 1337 2142 1390 tenta-

489 1425 722 1482 tionum
757 1423 928 1479 faces.
985 1428 1116 1480 Haec
1170 1440 1303 1480 cum
1335 1423 1511 1478 veluti
1561 1423 1898 1480 laetabunda
1949 1427 2145 1494 protu-

489 1515 677 1581 lisset,
713 1513 785 1568 ad
803 1513 1024 1570 amicos
1047 1514 1248 1586 sponsi
1275 1513 1560 1570 convertit
1582 1529 1911 1570 sermonem
1943 1528 2140 1579 suum,

491 1603 882 1673 hortaturque
898 1602 1125 1668 illos,ut
1143 1603 1614 1676 progrediantur,
1646 1607 1704 1659 et
1727 1603 1798 1658 ad
1821 1602 2144 1657 formosum

492 1708 778 1764 sponsum
813 1696 1142 1753 accurrant.
1177 1692 1281 1748 Sed
1341 1692 1518 1746 verba
1573 1693 1762 1764 ipsius
1811 1691 1954 1747 mihi
2005 1693 2146 1746 sunt

493 1783 872 1854 expendenda
905 1800 919 1838 :

571 2575 903 2631 lntroducite
947 2590 1036 2628 me
1067 2575 1127 2629 in
1173 2576 1370 2630 cellam
1420 2577 1702 2631 vinariam
1735 2595 1754 2630 :
1785 2579 2041 2634 ordinate
2090 2580 2152 2634 in

498 2663 587 2702 me
613 2647 965 2702 charitalem.
998 2648 1204 2702 Fulcite
1232 2663 1319 2702 me
1347 2650 1644 2719 unguentis
1663 2666 1681 2702 :
1712 2651 1911 2720 stipate
1957 2666 2044 2706 me
2091 2653 2150 2705 in

497 2721 694 2792 pomis,
726 2721 987 2790 quoniam
1015 2734 1112 2789 ego
1141 2734 1338 2774 amore
1365 2735 1487 2774 sum
1517 2720 1830 2776 vulnerata.

574 2895 681 2951 Siti
713 2911 946 2968 urgeor,
978 2895 1195 2966 inquit,
1227 2896 1298 2950 ad
1331 2913 1616 2967 sponsum
1671 2914 1890 2959 meum.
1924 2899 1993 2953 ad
2026 2899 2155 2955 vita:

505 2984 736 3041 botrum
770 2983 936 3038 illum
990 2988 1288 3039 maturum
1337 2991 1514 3055 atque
1562 2986 1844 3056 divinum,
1881 3004 1983 3059 per
2022 3005 2157 3044 cru-

505 3073 590 3130 cis
649 3078 900 3129 mortem
961 3072 1268 3128 dulcedine
1329 3074 1624 3130 ﬂuentem.
1658 3075 2050 3140 Quamobrem
2094 3077 2155 3132 in

505 3165 686 3236 hujus
743 3161 951 3218 cellam
1011 3178 1099 3217 me
1157 3179 1390 3234 quoque
1445 3165 1814 3235 introducite,
1872 3170 1954 3233 ut,
2015 3182 2159 3238 pure

2246 619 2335 680 Ὦς
2365 619 2466 687 τὴν
2501 617 2643 687 ζωὴν
2674 617 2763 672 τὸν
2799 613 3039 685 ἄληκτον
3070 611 3253 675 διδοὺς
3283 616 3397 673 τοῖς
3423 608 3800 686 γευσαμένοις·

2245 709 2308 763 Ὀ
2337 708 2559 782 τρώγων
2585 707 2710 782 γὰρ,
2744 707 2906 784 φησὶν
2949 703 3132 771 αὑτὸς,
3160 707 3318 776 σῶμα
3347 700 3554 774 τούμὸν
3586 698 3772 770 ἀξίως,

2249 797 2416 858 Αὐτὸς
2447 793 2699 872 κερδήσει
2725 797 2824 864 τὴν
2860 796 3004 863 ζωὴν
3035 794 3134 861 τὴν
3163 788 3334 852 ὅντως
3365 790 3615 849 αἰωνίαν,

2247 887 2504 961 Ἀρκοῦσι
2531 888 2697 939 ταῦτα
2715 885 2795 956 τῷ
2829 886 3016 954 σκοπῷ
3043 881 3132 935 καὶ
3165 878 3320 954 λόγῳ
3351 884 3430 951 τῷ
3457 883 3553 932 τοῦ
3588 876 3816 950 μέλους,

2246 975 2316 1028 Τὸ
2339 978 2448 1028 τῶν
2478 974 2764 1046 ’ᾼσμάτων
2799 969 2856 1026 δὲ
2887 971 3080 1027 λοιπὸν
3109 967 3298 1030 καλῶς
3332 966 3712 1042 έρμηνευτέον·

2250 1063 2424 1133 Φησὶν
2457 1065 2491 1132 ἡ
2525 1062 2708 1139 νύμφη
2742 1061 2966 1130 καθεξῆς
2997 1058 3120 1132 περὶ
3149 1063 3249 1112 τοῦ
3281 1057 3422 1111 θείου
3451 1056 3651 1130 Λόγου-

2250 1155 2336 1210 Ἐν
2370 1155 2437 1226 τῇ
2466 1155 2587 1222 σκιᾷ
2615 1150 2778 1205 αὐτοῦ
2808 1148 3126 1222 ἐπεθύμησα
3149 1148 3238 1201 καὶ
3269 1145 3506 1201 ἐκάθισα.

2252 1243 2351 1298 Καὶ
2384 1242 2411 1296 6
2441 1242 2647 1314 καρπὸς
2678 1239 2840 1295 αὐτοῦ
2871 1237 3072 1312 γλυκὺς
3103 1236 3154 1292 έν
3185 1240 3265 1308 τῷ
3296 1233 3527 1309 λάρυγγί
3564 1254 3691 1305 μου.

2247 1329 2451 1385 Τούτου
2482 1329 2612 1406 φησὶ
2641 1332 2738 1383 τοῦ
2777 1329 3089 1400 θαυμαστοῦ
3119 1324 3208 1380 καὶ
3244 1324 3535 1398 ζωηφὸρου
3568 1319 3756 1395 μήλου

2253 1417 2534 1481 Πολλάκις
2565 1416 2880 1489 ἐπεθύμησά
2908 1436 3013 1469 που
3042 1414 3139 1482 τήν
3171 1413 3322 1468 σκιάν
3353 1407 3723 1486 προσϐλέψαι,

2250 1511 2416 1567 ²¹Οταν
2449 1510 2482 1577 ἡ
2516 1506 2652 1583 φλὸξ
2681 1511 2789 1561 τῶν
2818 1508 3136 1577 πειρασμῶν
3169 1499 3376 1580 σφόδρα
3405 1498 3696 1578 κατέφλεξέ
3731 1520 3822 1572 με.

2254 1596 2411 1652 Ἀλλ’
2442 1594 2560 1652 ἰδοὺ
2592 1596 2683 1650 νῦν
2715 1594 2952 1662 έκάθισα,
2987 1591 3075 1648 καί
3106 1592 3398 1666 τέρπομαι,
3430 1590 3518 1644 καὶ
3549 1589 3727 1664 χαίρω

2254 1688 2357 1744 Καὶ
2385 1687 2475 1741 τὸν
2510 1685 2760 1764 φλογμὸν
2795 1682 3045 1760 ἐξέφυγον
3079 1682 3170 1736 τὸν
3198 1686 3308 1736 τῶν
3342 1678 3726 1753 πειρατηρίων,

2254 1777 2356 1834 Καὶ
2395 1774 2606 1849 μελετῶ
2635 1774 2728 1836 τὰς
2760 1771 2981 1834 ἐντολὰς
3012 1771 3219 1832 ἁπάσας
3247 1773 3346 1825 τοῦ
3377 1769 3600 1845 Κυρίου,

2252 1865 2484 1923 Ὁπόταν
2518 1865 2546 1918 ὁ
2574 1855 2909 1938 γλυκύτατος
2939 1862 2966 1915 6
2999 1861 3176 1935 Λόγος
3205 1860 3298 1914 καὶ
3327 1857 3582 1935 νυμφίος,

2256 1952 2594 2027 Κατασκιάσῃ
2620 1952 2710 2006 καὶ
2741 1951 2906 2019 αὐτὴν
2939 1955 3059 2013 ταῖς
3085 1949 3304 2025 πτέρυξι
3332 1953 3451 2010 ταῖς
3484 1946 3674 2015 θείαις,

2256 2043 2611 2118 ’Δποτειχίσῃ
2650 2039 2708 2096 δὲ
2741 2039 2947 2115 μακράν
2979 2043 3078 2094 τοῖὶ
3106 2042 3413 2115 πειρασμοῦ
3443 2039 3541 2107 τήν
3573 2034 3774 2114 φλόγα.

2253 2137 2426 2188 Ταῦτα
2461 2132 2554 2205 μὶν
2584 2129 2758 2192 οὕτως
2787 2127 3000 2204 εἷ’ρηκιν
3027 2127 3208 2203 ὥσπερ
3233 2123 3655 2201 ὶγκαυχωμένη.

2260 2219 2569 2297 Παρακαλεῖ
2601 2217 2658 2274 δέ
2686 2219 2915 2289 καθεξῆς
2944 2217 3072 2279 τοὺς
3104 2215 3297 2292 φίλους
3319 2219 3416 2270 τοῦ
3436 2214 3694 2292 νυμφίου,

2257 2314 2376 2368 ’Ἑτι
2405 2308 2674 2384 προκόψαι
2702 2308 2792 2362 καὶ
2823 2305 3047 2379 δραμεῖν
3079 2306 3215 2377 πρὸς
3242 2306 3335 2360 τὸν
3365 2303 3531 2360 καλὸν
3561 2302 3823 2380 νυμφίον.

2261 2399 2406 2471 Φησὶ
2434 2398 2534 2475 γὰρ
2564 2397 2712 2452 οὕτω
2741 2398 2876 2473 πρὸς
2907 2395 3120 2456 αὐτούς.
3150 2394 3330 2451 Ἀλλά
3363 2414 3456 2466 μοι
3479 2391 3803 2462 σκοπητέον·

2332 2576 2656 2652 Εἴσαγάγετέ
2676 2595 2769 2652 ’,με
2793 2575 2892 2652 ,εἷς
2945 2575 3099 2652 οἶκον.
3133 2576 3230 2627 τοῦ
3261 2571 3445 2652 οθίνου,
3464 2571 3653 2652 τάξατε
3678 2569 3758 2652 ἐπ’
3815 2566 3924 2652 ἒμὶ

2262 2640 2497 2723 ᾀγάπηνξ
2529 2640 2811 2723 στηρίξατέ
2853 2667 2921 2723 με
2952 2645 3003 2723 ἐν
3032 2644 3246 2723 μύροις,
3296 2640 3578 2700 στιϐάσατέ
3613 2663 3679 2715 με
3709 2642 3760 2696 έν
3800 2643 3920 2713 μή·

2265 2717 2410 2788 λοις,
2433 2717 2524 2775 γὸτι
2556 2717 2868 2796 τετρωμένῄ
2899 2717 3116 2794 ἀγάπης
3141 2717 3266 2791 ἐγώ.

2267 2898 2431 2970 Φησί·
2467 2897 2617 2971 Δίψῶ
2648 2897 2744 2966 τήν
2777 2896 3064 2970 προκοπὴν
3094 2896 3193 2964 τήν
3229 2894 3305 2956 ὡς
3337 2894 3472 2969 πρὸς
3517 2893 3607 2946 τὸν
3656 2889 3922 2967 νυμφίον,

2263 2989 2360 3042 Τὸν
2391 2986 2583 3062 βότρυν
2615 2985 2758 3061 λέγω
2787 2993 2884 3055 τῆς
2919 2990 3087 3054 ζωῆς,
3116 2985 3207 3039 τὸν
3241 2983 3519 3059 πέπειρον,
3550 2981 3641 3036 τὸν
3673 2981 3844 3048 θεῖον,

2267 3078 2373 3135 Τὸν
2405 3074 2635 3150 γλεῦκος
2669 3075 3037 3143 ἀποστάζοντα
3060 3077 3137 3144 τῷ
3167 3076 3440 3146 σταυρικῷ
3471 3072 3696 3141 θανάτῳ.

2270 3165 2366 3222 Καὶ
2396 3164 2570 3219 τοίνυν
2605 3164 2914 3238 εἶ’σαγάγετε
2941 3163 3081 3235 κάμὲ
3110 3162 3246 3235 πρὸς
3275 3161 3421 3215 οἷκον
3447 3160 3662 3223 τούτου,

506 3255 709 3328 sponsi
756 3252 1256 3324 pulchritudinem
1309 3254 1910 3326 conspicata,amoris
1960 3257 2156 3328 ignem

2273 3257 2355 3318 Ὼς
2384 3254 2440 3308 ἂν
2476 3251 2665 3307 ἰδοῦσα
2693 3255 2940 3327 καθαρῶς
2974 3252 3034 3305 τὸ
3065 3249 3272 3312 κάλλος
3305 3253 3400 3304 τοῦ
3430 3248 3689 3325 νυμφίου,

504 3360 644 3417 erga
688 3342 857 3396 illum
908 3341 1253 3413 adaugeam.
1306 3343 1506 3398 Adhuc
1550 3350 1748 3400 autem
1781 3349 1837 3400 et
1885 3345 2152 3417 supplico

505 3436 572 3488 ut
603 3431 829 3502 majora
875 3446 1248 3502 consequar:
1283 3430 1410 3487 Haec
1454 3432 1614 3488 enim
1665 3433 1735 3488 ad
1791 3433 2030 3506 angelos
2076 3432 2157 3489 lo-

507 3519 713 3593 quitur
744 3536 758 3575 :

579 3769 787 3826 Fulcite
816 3782 902 3824 me
930 3770 1230 3838 unguentis
1258 3786 1272 3826 :
1303 3771 1501 3842 stipata
1533 3786 1618 3826 me
1641 3771 1700 3826 in
1732 3773 1927 3843 pomis.

583 3949 850 4016 Quando,
882 3946 1093 4019 inquit,
1127 3946 1328 4002 dilexit
1355 3964 1446 4003 me
1467 3949 1756 4019 abjectam
1780 3951 2164 4007 admirandus

510 4038 610 4095 ille
623 4043 678 4094 et
690 4038 1040 4094 metuendus
1051 4040 1226 4108 atque
1239 4036 1658 4108 pulcherrimus
1672 4041 2021 4112 sponsus,ad
2038 4041 2165 4110 ejus

515 4143 610 4183 me
639 4126 1110 4195 charitatem,vos
1140 4125 1242 4196 qui
1272 4125 1444 4181 Verbi
1478 4130 1534 4182 et
1564 4128 1762 4199 sponsi
1795 4128 1966 4184 amici
1999 4127 2164 4194 estis,

514 4215 785 4270 incitate:
816 4213 1096 4285 quiprius
1114 4213 1257 4268 mihi
1277 4214 2041 4283 adhibuistisaurum,nunc
2064 4234 2166 4272 au-

515 4308 634 4360 tem
657 4302 930 4359 adhibete
956 4307 1408 4376 unguenta,quze
1429 4321 1662 4361 omnem
1677 4306 2167 4362 arceantletorem

518 4391 761 4464 peccati,
787 4406 858 4445 ne
885 4389 1141 4463 amplius
1163 4391 1428 4448 aberrem
1454 4399 1557 4449 aut
1577 4411 1784 4449 rursus
1806 4411 1836 4449 e
1867 4394 1957 4449 via
1987 4393 2168 4449 decli-

518 4481 770 4536 nem.'l‘u
793 4496 925 4535 vero
946 4496 1047 4552 per
1067 4480 1389 4536 amicorum
1415 4488 1715 4554 unguenta
1734 4483 1982 4539 virtutes
1998 4483 2167 4538 intel-

516 4568 654 4641 lige.
687 4568 800 4624 Sed
833 4570 1024 4640 pomis
1076 4575 1356 4641 praeterea
1403 4570 1628 4644 ﬂagitat
1670 4576 1736 4626 ut
1783 4573 2166 4645 constipetur.

2269 3344 2347 3401 Τὸ
2382 3344 2626 3416 ζώπυρον
2661 3341 2877 3412 αὐξήσω
2912 3361 3016 3414 μου
3040 3343 3138 3409 τῆς
3167 3339 3303 3414 πρὸς
3333 3338 3491 3393 αὐτὸν
3527 3337 3760 3411 ἀγάπης.

2264 3435 2383 3489 ’Ἐτι
2419 3431 2476 3486 δὲ
2505 3431 2670 3487 πάλιν
2700 3429 2934 3485 δυσωπῶ
2963 3435 3149 3506 τυχεῖν
3181 3432 3288 3483 τῶν
3327 3428 3676 3502 μειζοτέρων.

2264 3518 2402 3576 Τάδε
2429 3522 2531 3597 γάρ
2593 3519 2737 3596 λέγει
2795 3519 2930 3596 πρὸς
2989 3517 3206 3586 αὐτοὺς,
3262 3515 3506 3572 τουτέστι
3559 3513 3688 3575 τοὺς
3751 3510 3930 3654 (ἐγγέ-

3741 3599 3926 3654 [κουέ

3741 3599 3926 3674 [λους’

2344 3769 2638 3847 Στηρίξατέ
2699 3790 2764 3842 με
2817 3768 2870 3824 έν
2935 3766 3171 3841 μύροις,
3229 3760 3514 3820 στιϐάσατέ
3573 3782 3642 3837 με
3699 3759 3752 3816 ἓν
3815 3761 3926 3833 μή·

2272 3863 2417 3923 λοις.

2271 3950 2446 4020 Ἐπεὶ,
2479 3947 2663 4026 φησὶν,
2697 3946 2978 4020 ἠγάπησεν
3013 3944 3109 4016 έμὶ
3137 3945 3236 4011 τὴν
3270 3938 3596 4012 ἀπωσμένην

2269 4040 2329 4096 Ὀ
2359 4038 2688 4109 θαυμαστὸς,
2723 4036 2752 4088 6
2783 4029 3034 4112 φοϐερὸς,
3068 4033 3095 4086 6
3124 4029 3420 4090 κάλλιστος
3451 4026 3711 4104 νυμφίος,

2276 4126 2568 4204 Στηρίξατέ
2604 4145 2670 4197 με
2696 4125 2758 4178 τὸ
2789 4121 2983 4178 λοιπὸν
3019 4121 3172 4193 ὑμεῖς
3206 4121 3256 4174 οἳ
3287 4119 3480 4172 τούτου
3515 4114 3693 4193 φίλοι,

2276 4218 2419 4291 Πρὸς
2447 4216 2544 4284 τὴν
2579 4213 2788 4290 ἀγάπην
2822 4213 2919 4280 τήν
2955 4207 3116 4265 αὐτοῦ
3146 4213 3242 4262 τοῦ
3287 4206 3466 4281 Λόγου
3507 4206 3593 4259 καὶ
3641 4203 3912 4282 νυμφίου·

2274 4311 2478 4381 ’Ὠσπερ
2515 4326 2607 4378 μοι
2638 4302 2897 4379 πρότερον
2930 4301 3133 4377 χρυσὸν
3159 4295 3518 4358 ἀντιδιδόντες
3553 4294 3720 4370 μύρα,

2275 4397 2350 4450 Τὰ
2378 4396 2556 4465 πάσης
2589 4394 2955 4467 ἀποτρεπτικά
2985 4387 3266 4451 δυσώδους
3300 4385 3585 4461 ἁμαρτίας,

2277 4487 2367 4547 Ὠς
2397 4484 2455 4538 ἂν
2493 4481 2684 4556 μηκέτι
2717 4479 2985 4550 πλανηθῶ
3011 4478 3097 4534 καὶ
3129 4473 3476 4551 παρεκκλίνω
3506 4473 3696 4528 πάλιν.

2283 4573 2358 4628 Σὺ
2391 4571 2438 4628 δ’
2469 4571 2658 4648 ἀρετὰς
2689 4569 2942 4639 ὲννοήσον
2972 4569 3038 4622 τά
3071 4565 3214 4642 μύρα
3241 4565 3308 4619 τὰ
3329 4562 3436 4619 τῶν
3470 4560 3667 4638 φίλων.

519 4658 757 4713 Amicos
785 4659 940 4714 enim
974 4657 1296 4732 alloquitur
1326 4659 1544 4724 anima,
1579 4661 1752 4716 modo
1775 4666 1839 4716 ut
1867 4678 2086 4734 sponsa
2116 4669 2157 4718 e1

2281 4660 2436 4720 Ἀλλ’
2465 4646 2544 4715 tiu
2575 4659 2740 4714 πάλιν
2775 4656 2998 4732 λιπαρεῖ
3027 4659 3154 4719 τοῖς⁹
3168 4653 3370 4727 μήλοις
3403 4646 3784 4718 στιϐασθῆναι.

517 4747 682 4819 virgo
729 4747 1091 4820 nuptialibus
1137 4748 1500 4804 vestimentis
1548 4753 1865 4806 exornata:
1901 4751 2074 4807 modo
2107 4755 2172 4806 ut

518 4834 708 4892 lectus
738 4853 879 4892 auro
901 4837 1227 4909 spendidus
1253 4862 1266 4904 ;
1293 4837 1465 4892 modo
1491 4837 1834 4894 utdivinum
1859 4840 2167 4895 solium.In

519 4941 638 4981 una
657 4925 812 4980 enim
837 4926 1096 4997 profecto
1116 4925 1436 4996 eademque
1459 4925 1656 4980 anima
1678 4927 1998 4998 purissima
2015 4929 2090 4983 Ch
2103 4929 2173 4983 ri-

521 5019 650 5070 stus
677 5019 734 5069 et
763 5030 1019 5086 sponsus
1049 5029 1206 5070 nunc
1236 5011 1669 5085 quiescit,nunc
1698 5016 1982 5084 ambulat,
2001 5021 2057 5072 et
2075 5033 2169 5073 se-

520 5103 622 5158 det
641 5101 1379 5174 sepissime.Quaaquidem
1402 5104 1603 5159 omnia
1621 5103 1840 5160 indicat
1858 5123 2169 5178 pomorum

520 5190 894 5262 constipatio.
929 5191 1174 5247 Prorsus
1205 5194 1392 5246 autem
1424 5191 1632 5264 ﬂagrat
1663 5209 1880 5264 sponsa
1902 5210 1968 5249 ac
2001 5193 2173 5267 plane

521 5279 688 5334 ardet
717 5279 1008 5336 desiderio
1039 5279 1264 5351 sponsi,
1297 5279 1396 5351 qui
1429 5280 1645 5336 dicitur
1676 5298 1918 5353 pomum
1943 5300 1974 5338 e
2005 5283 2170 5356 silva,

520 5366 983 5440 cupitqueillum
1026 5385 1254 5440 semper
1274 5368 1396 5423 haec
1436 5369 1547 5423 sibi
1571 5385 1700 5424 esse
1721 5371 1939 5437 omnia,
1974 5373 2171 5427 cibum

523 5457 903 5530 deliciasque,
927 5463 984 5514 et
1002 5460 1363 5524 umbram,et
1393 5459 1792 5530 stipationem,
1816 5466 1874 5518 et
1902 5466 2121 5518 tectum
2157 5481 2170 5519 :

525 5550 1024 5619 quemadmodum
1050 5554 1103 5604 et
1126 5539 1256 5622 ipsa
1277 5565 1414 5622 erga
1433 5547 1600 5604 illum
1626 5548 1747 5606 haec
1767 5555 1856 5606 est
1878 5552 2172 5609 universa:

527 5651 746 5707 sponsa
794 5637 1098 5706 nimirum,
1131 5643 1190 5694 et
1232 5638 1422 5704 sedes,
1465 5641 1523 5692 et
1574 5638 1785 5704 cubile,
1837 5645 1894 5696 et
1941 5645 2172 5698 domus.

527 5729 672 5782 Tum
703 5725 954 5782 assiduae
987 5727 1362 5800 ﬂagitationis
1401 5743 1518 5783 sua;
1550 5744 1788 5785 causam
1821 5732 2046 5803 angelis
2077 5747 2176 5788 ex-

2277 4752 2418 4808 ΙΙοτὶ
2451 4750 2545 4823 μὶν
2579 4749 2680 4824 γάρ
2708 4745 3042 4823 προσομιλεῖ
3064 4749 3181 4806 τοῖς
3214 4741 3419 4821 φίλοις,
3453 4743 3633 4812 ὥσπερ
3669 4736 3888 4815 νύμφη,

2273 4843 2334 4898 Ἣ
2367 4837 2764 4915 παρθενενόουσα
2793 4837 2946 4911 ψυχὴ
2981 4833 3068 4888 καὶ
3101 4827 3654 4910 νυμφοστολουμένη.

2280 4929 2418 4985 ΙῙοτὲ
2449 4925 2494 4982 δ’
2527 4928 2600 4988 ὡς
2630 4925 2793 4994 κλίνη
2828 4923 3161 4999 χρυσαυγής,
3191 4919 3326 4976 ποτὶ
3355 4916 3403 4973 δ’
3432 4919 3508 4980 ὡς
3541 4918 3686 4977 θεῖος
3716 4917 3935 4990 θρόνος.

2280 5019 2380 5073 Καὶ
2415 5017 2518 5092 γὰρ
2551 5015 2624 5076 ὡς
2659 5010 2827 5069 ὄντως
2863 5011 2914 5067 έν
2951 5015 3050 5083 μιᾷ
3078 5012 3233 5085 ψυχῇ
3263 5004 3642 5081 καθαρωτάτη,

2279 5107 2413 5162 Νυνὶ
2445 5105 2541 5177 μὲν
2579 5101 2918 5156 ἂνακλίνεται
2951 5099 3181 5175 Χριστὸς
3213 5100 3241 5152 ὁ
3271 5096 3359 5152 καὶ
3388 5093 3644 5171 νυμφίος·

2280 5194 2410 5249 Νυνὶ
2442 5191 2500 5248 δὲ
2528 5194 2832 5268 περιπατεῖ,
2864 5189 2954 5244 καὶ
2986 5189 3215 5258 κάθηται
3247 5184 3544 5245 πολλάκις.

2279 5285 2452 5340 Ἀπαν
2487 5277 2543 5334 δὲ
2571 5278 2735 5334 τοῖ’)το
2765 5279 2996 5357 πέφυκεν
3033 5278 3060 5331 6
3094 5270 3393 5349 στιϐασμὸς
3422 5277 3530 5327 τῶν
3563 5269 3788 5345 μήλων.

2283 5376 2450 5435 Ποθεῖ
2477 5371 2567 5424 καὶ
2595 5367 2850 5446 φλέγεται
2883 5365 3069 5429 καλῶς
3099 5369 3133 5436 ἡ
3173 5365 3359 5438 νύμφη
3393 5367 3472 5434 τῷ
3511 5363 3754 5439 νυμφίῳ⁸

2280 5467 2468 5523 "Oeric
2494 5461 2582 5515 καὶ
2620 5460 2795 5532 μῆλον
2831 5459 3040 5534 λέγεται
3072 5459 3230 5536 φανὶν
3263 5456 3320 5511 ἑκ
3346 5460 3443 5511 τοῦ
3475 5451 3788 5530 δρυμῶνος,

2285 5551 2380 5605 Καὶ
2412 5549 2553 5614 θέλει
2585 5554 2776 5604 τοῦτον
2811 5551 3051 5625 γενέσθαι
3081 5547 3311 5602 πάντοτε
3338 5549 3505 5601 ταῦτα
3533 5544 3730 5610 πάντα,

2283 5641 2505 5718 Τροφὴν
2559 5641 2767 5718 τρυφήν
2824 5660 2883 5694 τε
2956 5638 3044 5693 καὶ
3114 5638 3266 5692 σκιάν
3323 5635 3415 5690 καὶ
3473 5628 3774 5707 στιϐασμόν
3836 5639 3937 5701 τῆς

3690 5721 3938 5798 [misr
