4072 6346
163 410 290 467 577

161 543 374 615 Ὠσπερ
404 539 628 608 κάκείνη
660 539 864 613 γίνεται
898 537 1177 611 ξύμπαντα
1203 538 1344 613 πρὸς
1374 535 1603 606 ἐκιῖνον,

167 629 400 703 Νόμα-η,
433 630 522 683 καὶ
552 628 764 702 θρόνος,
796 628 886 682 καὶ
919 628 1201 700 στρωμνὴ,
1234 631 1322 681 καί
1356 625 1521 682 πάλιν
1559 625 1828 684 κατοικία.

172 721 306 776 Εἶτά
339 740 475 796 φησι
507 719 644 792 πρὸς
671 716 798 779 τοὺς
830 716 1024 780 αὐτοὺς
1053 715 1316 792 ἀγγέλους
1347 719 1445 786 τήν
1475 716 1671 785 αἰτίαν,

170 810 286 879 Τῆς
323 805 724 882 παρακλήσεως
755 806 922 876 αὐτῆς
950 813 1048 876 τῆς
1082 811 1342 883 συνεχοῦς
1369 807 1507 880 πρὸς
1533 806 1781 879 τούτους⁹

169 901 292 956 Ὅτι
327 897 643 973 τετρωμένη
692 897 902 970 ἀγάπης
950 895 1076 972 ἐγώ.
1131 897 1271 970 Ἐγὼ
1320 895 1485 968 φησὶν
1535 893 1834 950 ἐκδυσωπῶ

1202 986 1321 1058 [τὴν
1357 985 1614 1058 ὑμετέραν
1647 984 1831 1061 χάριν,

170 1076 278 1144 Τὴν
315 1075 516 1150 στέγην
550 1073 684 1144 ὅλην
713 1095 824 1147 μου
853 1071 1038 1135 καλῶς
1073 1071 1124 1127 ἐν
1162 1071 1363 1146 μήλοις
1394 1068 1770 1144 στιϐασθῆναι⁹

171 1166 292 1218 Ὀτι
321 1169 404 1236 τῷ
439 1161 587 1239 βὲλει
616 1164 893 1238 τέτρωμαι
923 1168 1000 1235 τῷ
1028 1169 1127 1232 τῆς
1157 1163 1371 1238 ἀγάπης
1402 1162 1617 1220 τούτου.

173 1252 426 1328 Ἀγάπην
455 1252 635 1308 τοίνυν
671 1253 864 1322 νόησον
892 1252 986 1306 τὸν
1015 1249 1249 1326 ἄναρχον
1283 1250 1511 1326 Πατέρα,

257 1341 270 1357 .
358 1343 368 1360 ,
511 1337 537 1356 ,ρ
714 1340 728 1358 η
915 1341 926 1357 κ
1403 1341 1415 1358 ε
1608 1341 1618 1357 ι
1691 1361 1702 1373 ,

171 1348 273 1396 Kac
313 1341 477 1417 βελος
508 1362 680 1403 οντως
712 1339 797 1395 εκ)
815 1360 965 1395 εκτον
997 1340 1089 1394 τὸν
1124 1340 1298 1416 Λόγον
1329 1361 1417 1395 και
1448 1362 1681 1417 νυμφιον

169 1435 375 1486 Τοῦτον
410 1431 514 1507 γὰρ
546 1429 780 1503 πέμπειν
815 1427 1000 1494 εἶ’ωθεν
1035 1427 1121 1483 ἐπὶ
1151 1429 1278 1492 τοὺς
1311 1431 1676 1504 σωζομένους.

757 1547 881 1602 Τῶν
911 1551 958 1619 γ’
991 1545 1242 1618 Ηατὲρων

246 1652 411 1710 Οὕτω
472 1653 566 1725 μὲν
627 1655 661 1720 ἡ
712 1650 898 1729 νύμφη
955 1655 1050 1706 τοῦ
1097 1650 1336 1728 νυμφίου
1384 1652 1446 1706 τὸ
1475 1651 1705 1721 κάλλος,
1735 1653 1835 1722 τὴν

172 1737 438 1810 εὖῶδίαν,
489 1743 588 1810 τήν
643 1741 869 1810 σκέπην,
919 1741 1020 1808 τὴν
1070 1737 1386 1812 γλυκύτητα
1426 1745 1833 1813 καταμαθοῦσα,

172 1831 538 1905 ὼακηρΰττει
614 1827 741 1885 τάδε
827 1828 905 1890 είς
994 1825 1264 1882 διακονίαν
1361 1827 1830 1903 ἀποστελλόμενα.

1227 402 1636 466 COMMENT.
1687 404 1764 464 ΙΝ
1810 402 2214 466 CANTICUM
2260 404 2562 466 CANTIC.

1860 548 1911 614 Α
1948 539 2173 608 plicans
2208 558 2219 596 :
2255 542 2370 614 Ego
2397 541 2576 608 enim,
2629 539 2843 612 inquit,
2893 557 3088 597 amore
3132 557 3256 598 sum
3315 545 3592 600 sauciata.

3473 413 3592 470 578

1944 629 2061 701 Ego
2095 635 2344 685 vestram
2378 646 2546 702 opem
2582 630 2851 702 imploro.
2882 631 3088 686 Totam
3122 632 3363 688 domum
3402 649 3593 690 meam

1944 719 2136 789 pomis
2167 718 2484 790 constipari
2532 719 2746 791 cupio:
2781 720 3061 790 quoniam
3111 722 3328 793 sagitta
3375 723 3597 779 amoris

1941 805 2117 863 istius
2167 808 2394 864 conﬁxa
2441 824 2596 864 sum.
2630 812 2738 864 Per
2762 825 3021 865 amorem
3051 809 3312 883 intelligo
3346 816 3593 885 Patrem,

1945 896 2046 967 qui
2075 897 2303 953 nullum
2337 897 2511 952 habet
2543 898 2938 969 principium;
2990 915 3092 970 per
3135 899 3408 972 sagittam
3457 917 3594 956 vero

1943 984 2212 1053 electam,
2265 985 2519 1041 Verbum
2571 993 2628 1042 et
2672 1001 2982 1058 sponsum.
3015 987 3181 1044 Hune
3211 989 3372 1044 enim
3403 990 3462 1046 in
3493 1005 3594 1047 eos

1943 1073 2046 1146 qui
2077 1074 2402 1146 salvantur,
2433 1075 2719 1146 conjicere
2749 1076 3072 1132 consuevit.

2529 1548 2714 1602 Trium
2744 1549 2994 1604 Patrum.

2016 1657 2102 1710 Ita
2133 1653 2370 1726 quidem
2395 1670 2615 1726 sponsa
2645 1654 2940 1726 cognitam
2968 1655 3172 1728 sponsi
3206 1655 3596 1728 pulchritudi-

1946 1758 2104 1810 nem,
2153 1742 2525 1809 suavitatem,
2576 1743 2839 1808 domum,
2872 1743 3244 1801 dulcedinem
3297 1748 3594 1818 praedicat.

1942 1833 2240 1887 Ministros
2271 1836 2466 1886 autem
2501 1831 2764 1902 spiritus,
2816 1832 2873 1886 in
2928 1834 3324 1890 ministerium
3381 1837 3598 1894 missos

175 1921 275 1975 Δια
305 1919 436 1980 τοὺς
488 1916 788 1991 μέλλοντας
827 1916 1192 1990 κληρονομεῖν
1239 1917 1534 1992 σωτηρίαν,
1587 1917 1827 1994 λειτουρ-

1945 1926 2180 1993 propter
2235 1937 2334 1976 eos
2383 1920 2482 1992 qui
2536 1920 2744 1977 salutis
2802 1921 3201 1978 hereditatem
3261 1930 3401 1980 sunt
3455 1927 3596 1982 ade-

171 2011 305 2085 γικά
380 2009 660 2080 πνεύματα
738 2005 1197 2082 προσκαλουμὲνη
1257 2012 1524 2082 συνεργεῖν
1583 2009 1721 2082 πρὸς
1760 2006 1834 2062 δι-

175 2101 352 2168 ηνεκῆ
413 2096 576 2151 αὐτοῦ
633 2093 960 2164 ἀπόλαυσιν,
1022 2095 1204 2169 φησίν
1269 2095 1591 2172 Εἷσαγάγετὲ
1645 2118 1711 2170 με
1759 2097 1835 2161 εἷς

176 2189 329 2242 οἶκον
386 2190 484 2241 τοῦ
537 2182 709 2240 οἴνου·
769 2187 994 2260 ’Ήγουν,
1057 2182 1310 2255 Διδάξατὲ
1374 2205 1438 2257 με
1486 2185 1612 2247 τοὺς
1657 2186 1832 2248 θείους

174 2279 305 2352 περὶ
363 2279 684 2352 σαρκώσεως
743 2276 962 2352 λόγους.
1021 2278 1178 2330 Οἶνον
1234 2278 1334 2351 γάρ
1402 2298 1532 2352 φησι
1589 2278 1682 2331 τὸν
1743 2278 1835 2332 εὐ-

177 2366 475 2445 φραίνοντα
519 2367 615 2430 τὰς
660 2366 840 2441 ψυχὰς
884 2370 990 2420 τῶν
1041 2365 1238 2420 τούτου
1283 2361 1832 2438 μεταλαμϐανόντων,

176 2458 270 2511 καὶ
331 2457 469 2527 πρὸς
526 2454 714 2510 θὲωσιν
771 2453 1058 2524 ἐξιστῶντα
1113 2455 1240 2508 Θεὸν
1289 2453 1501 2522 Λόγον.
1563 2455 1636 2509 Οὗ
1691 2457 1838 2519 οἶκος

176 2549 212 2614 ἡ
299 2543 714 2622 προσληφθεῖσα
791 2545 916 2618 παρ’
969 2541 1133 2597 αὐτοῦ
1199 2543 1371 2618 σάρξ·
1432 2544 1506 2604 εἷς
1566 2544 1626 2598 ὃν
1684 2546 1832 2599 οἶκον

178 2633 452 2709 αἱσάγεται
526 2636 559 2702 ἡ
638 2631 933 2700 Ἐκκλησία
1015 2631 1109 2704 μία
1186 2632 1312 2706 σὰρξ
1396 2633 1530 2705 μετά
1603 2635 1836 2708 Χριστοῦ

177 2721 446 2795 ἰσομένη,
505 2721 578 2783 ὣς
637 2743 799 2798 φησιν
850 2722 878 2776 ὁ
938 2719 1272 2785 Ἀπόστολος
1299 2721 1422 2797 περὶ
1452 2725 1835 2790 τοῦ,Ἕσονται

177 2813 231 2867 οἱ
308 2809 409 2866 δύο
466 2811 541 2872 είς
615 2812 782 2886 σάρκα
857 2810 1018 2883 μίαν
1083 2809 1167 2864 ὅτι
1234 2811 1378 2884 Ἐγὼ
1447 2808 1505 2866 δὲ
1563 2811 1704 2886 λέγω
1763 2812 1838 2874 είς

183 2901 427 2974 Χρ.στὸν
514 2900 602 2954 καὶ
683 2899 758 2961 εἰς
837 2904 936 2968 την
1015 2897 1366 2969 Ἐκκλησίαν.
1443 2902 1649 2974 Σαρκὸς
1733 2902 1836 2976 γὰρ

185 2990 280 3044 καὶ
314 2987 544 3060 αἳματος
602 2992 841 3064 Χριστοῦ
898 2990 933 3057 ἡ
990 2992 1098 3042 τῶν
1159 2993 1362 3042 πιστῶν
1417 2989 1717 3060 Ἐκκλησία
1751 3012 1840 3064 με·

181 3073 636 3150 ταλαμϐάνουσα,
694 3078 783 3132 καὶ
842 3076 1130 3150 σύσσωμος
1187 3077 1332 3150 αὐτῷ
1385 3081 1688 3152 γινομένη,
1747 3081 1836 3135 καὶ

173 3167 319 3221 κατᾶ
367 3171 566 3241 γνῶσιν
626 3166 752 3229 τοὺς
805 3165 930 3241 περῖ
989 3165 1312 3240 σαρκώσεως
1373 3166 1570 3243 λόγους
1619 3165 1687 3222 δι’
1741 3169 1835 3244 ἀγ-

173 3255 360 3330 γέλων
423 3255 762 3326 μανθάνουσα
794 3303 807 3321 ,
867 3255 956 3310 καὶ
1015 3256 1131 3309 κατ’
1190 3256 1384 3330 ἀρετὴν
1443 3255 1572 3318 τοὺς
1626 3258 1832 3312 τούτων

172 3346 419 3418 τρόπους
470 3344 811 3422 ἐκφαίνουσα,
868 3343 944 3407 εἲς
995 3345 1270 3400 οἶκοντοῦ
1315 3342 1465 3400 οἷ’νου
1509 3345 1834 3423 εἰσέρχεται,

177 3433 510 3506 οἰκητήριον
581 3437 714 3487 Θεοῦ
781 3432 1194 3506 ἀποτελουμὲνη
1242 3432 1294 3488 ἐν
1351 3433 1492 3510 ἀγίῳ
1541 3435 1834 3508 Πνεῦματι.

177 3520 341 3577 Οὕτω
373 3519 433 3576 δὲ
484 3520 560 3583 εἷς
609 3523 758 3576 οἷκον
805 3526 903 3577 τοῦ
954 3521 1104 3577 οἴνου
1147 3522 1522 3597 εἰσαγαγόντες
1555 3545 1623 3597 με
1651 3525 1838 3595 τάξατε

177 3611 266 3666 ἐπ’
357 3609 457 3682 ly.“
537 3611 774 3684 ἀγάπηνο
855 3609 1002 3682 ἤτοι,
1080 3613 1186 3680 Τὴν
1263 3613 1398 3667 κατά
1471 3613 1630 3688 χάριν
1691 3614 1833 3669 θείαν

177 3699 470 3755 κοινωνίαν
509 3743 522 3766 ,
579 3699 648 3768 ἦς
700 3705 910 3772 πρῶτοι
965 3700 1118 3755 αὐτοὶ
1167 3703 1301 3756 κατὰ
1354 3701 1499 3772 τάξιν
1562 3701 1838 3776 μεταλαμ-

176 3783 390 3844 ϐάνετι·
450 3790 639 3861 τάξατε
693 3789 782 3843 καὶ
841 3788 924 3844 ἐπ’
981 3789 1101 3862 ἐμὲ,
1153 3788 1436 3865 ἀναλόγως
1467 3787 1687 3846 ἕκαστον
1725 3797 1832 3848 τῶν

173 3882 390 3933 πιστῶν
481 3882 967 3952 μυσταγωγοῦντες
1049 3878 1117 3933 τά
1194 3880 1328 3936 θεῖα.
1412 3880 1705 3951 Στηρίξατὲ
1769 3903 1837 3954 με

161 3967 215 4023 ἒν
284 3966 506 4041 μύροις
567 3964 808 4038 δηλαδὴ,
861 3967 1078 4023 Ῥόσατέ
1113 3989 1178 4041 με
1209 3967 1260 4023 ἐν
1299 3974 1412 4031 τοῖς
1444 3966 1592 4036 δίκην
1644 3969 1834 4047 μύρων

181 4054 576 4125 εὖωδιάζουσιν
626 4056 723 4118 τὰς
771 4056 952 4132 ψυχὰς
1000 4061 1108 4112 τῶν
1157 4061 1361 4112 πιστῶν
1417 4062 1512 4112 τοῦ
1567 4058 1836 4134 παναγίου

169 4145 492 4216 Πνιόματος
573 4145 898 4222 χαρίσματι,
979 4146 1069 4202 καὶ
1148 4147 1287 4221 πρὸς
1371 4142 1674 4202 θεοσέϐειαν
1750 4148 1832 4203 ἔνο

165 4234 433 4310 ισχόσατε
488 4235 589 4302 τήν
641 4232 730 4289 δια
785 4236 883 4304 τήν
948 4236 1264 4308 σωματικὴν
1326 4235 1595 4300 ἀσθένειαν
1641 4236 1833 4292 ἐκλυοο

170 4332 366 4396 μήνην.
405 4319 703 4378 Στιϐάσατέ
753 4344 820 4396 με
869 4323 920 4378 ἰν
975 4323 1196 4396 μήλοις
1255 4323 1450 4398 ἧγυυν,
1501 4324 1833 4396 Ηληρώσατὲ

171 4434 241 4486 με
273 4412 529 4488 γνώσεως
573 4412 717 4474 θείας
764 4411 817 4467 ἐν
862 4419 980 4474 τοῖς
1028 4410 1186 4484 δίκην
1233 4413 1428 4485 μήλων
1460 4415 1551 4468 τὸν
1586 4413 1832 4491 λάρυγγα

163 4500 526 4578 γλυκαίνοοσι
606 4503 770 4566 θείοις
849 4502 1082 4576 λογίοις·
1161 4506 1330 4556 ταῦτα
1406 4499 1462 4556 δὲ
1519 4502 1653 4557 αἷτῶ
1707 4512 1832 4578 παρ’

164 4592 346 4664 ὑμῶν,
407 4592 530 4647 ’Ότι
585 4591 900 4666 τετρωμένη
955 4591 1171 4667 ἀγάπης
1217 4590 1346 4666 ἐγώ.
1399 4594 1576 4660 ”Ἠτοι,
1604 4590 1825 4663 Ἐπειδὴ

1945 2011 2099 2084 pturi
2131 2011 2200 2074 ²¹,
2234 2014 2400 2082 rogat
2431 2015 2495 2065 ut
2545 2010 2656 2066 sibi
2711 2017 2920 2082 praesto
2970 2012 3111 2078 sint,
3157 2013 3228 2068 ad
3281 2031 3590 2085 perennem

1944 2103 2070 2172 ejus
2121 2099 2458 2154 fruitionem
2512 2101 2941 2171 assequendam
2993 2117 3007 2156 :
3066 2104 3446 2172 Introducite,
3501 2105 3594 2159 in-

1945 2189 2176 2262 quiens,
2231 2205 2323 2244 me
2372 2189 2426 2243 in
2463 2188 2670 2245 cellam
2702 2189 2842 2256 vini,
2875 2190 2984 2244 hoc
3014 2195 3123 2258 est,
3158 2192 3357 2246 docete
3387 2209 3477 2248 me
3507 2192 3596 2248 di-

1943 2279 2110 2333 vinas
2141 2277 2564 2333 incarnationis
2597 2278 2872 2333 rationes.
2906 2279 3088 2334 Deum
3122 2281 3278 2335 enim
3325 2280 3584 2337 Verbum

1945 2367 2843 2439 appellatvinum,quod_animas
2859 2369 3228 2440 gustantium
3249 2368 3598 2425 lmtitiaafﬁ-

1947 2458 2026 2512 cit
2045 2457 2115 2511 ad
2141 2457 2626 2527 divinitatemque
2652 2457 2934 2524 perducit.
2970 2459 3157 2526 Hujus
3179 2458 3327 2513 cella
3348 2475 3483 2515 caro
3512 2464 3604 2515 est

1947 2547 2019 2602 ab
2040 2545 2169 2618 ipso
2193 2551 2501 2616 assumpta
2523 2563 2535 2601 :
2555 2562 2729 2616 quam
2754 2547 2992 2616 quidem
3018 2547 3074 2600 in
3103 2547 3311 2603 cellam
3348 2547 3605 2604 Ecclesia

1948 2633 2485 2700 introducitur,una
2503 2648 2634 2688 caro
2659 2649 2792 2690 cum
2816 2633 3047 2690 Christo
3073 2635 3293 2691 futura.
3317 2636 3414 2692 Sio
3443 2636 3601 2692 enim

1945 2721 2259 2795 Apostolus
2282 2721 2474 2776 locum
2500 2721 2694 2789 illum,
2725 2724 2790 2778 Et
2817 2729 2984 2778 erunt
3003 2724 3115 2779 duo
3138 2724 3198 2778 in
3216 2740 3384 2780 carne
3415 2742 3527 2781 una
3556 2726 3603 2762 ²²

1948 2811 2372 2884 interpretatur
2404 2828 2416 2866 :
2453 2812 2560 2881 Ego
2585 2820 2794 2878 autem,
2827 2811 3040 2883 inquit,
3092 2813 3220 2868 dico
3277 2816 3334 2869 in
3388 2815 3604 2870 Christo

1946 2903 2082 2956 etin
2114 2903 2353 2957 Ecclesia
2384 2901 2452 2954 ³³.
2479 2897 2764 2956 Fidelium
2799 2900 2952 2956 enim
2988 2901 3267 2970 Ecclesia,
3293 2905 3432 2958 dum
3468 2921 3598 2960 car-

1949 2991 2041 3046 nis
2064 2996 2118 3045 et
2139 2989 2446 3062 sanguinis
2473 2989 2684 3044 Christi
2708 2989 3021 3062 particeps,
3041 2995 3214 3062 atque
3247 3009 3430 3048 unum
3463 3010 3598 3050 cum

1947 3078 2075 3150 ipso
2107 3095 2320 3151 corpus
2351 3079 2623 3149 efﬁcitur,
2659 3079 3194 3152 incarnationisque
3225 3081 3482 3138 rationes
3525 3082 3597 3138 ab

1946 3167 2172 3240 angelis
2202 3168 2375 3223 discit
2404 3173 2579 3240 atque
2611 3185 2709 3224 eas
2743 3168 3004 3224 moribus
3026 3170 3454 3241 comprobat,in
3481 3171 3598 3228 vini

1945 3256 2152 3312 cellam
2187 3257 2535 3329 ingreditur,
2567 3261 2626 3312 et
2655 3256 3052 3313 habitaculum
3089 3259 3185 3314 Dei
3235 3259 3487 3315 efﬁcitur
3537 3261 3597 3317 in

1949 3344 2170 3416 Spiritu
2204 3345 2578 3400 sancto.Cum
2612 3346 2692 3400 ita
2722 3361 2815 3400 me
2845 3345 2903 3400 in
2935 3345 3145 3402 cellam
3178 3349 3297 3402 vini
3329 3349 3598 3406 introdu-

1947 3435 2116 3500 xerit,
2166 3435 2426 3490 ordinate
2481 3435 2844 3505 charitatem,
2896 3435 3055 3491 illam
3115 3437 3338 3494 scilicet
3388 3439 3597 3497 divinas

1947 3524 2145 3594 gratias
2192 3523 2691 3590 communionem,
2747 3539 2862 3594 qua
2910 3540 3012 3580 vos
3045 3525 3250 3582 ordine
3281 3528 3544 3584 fruimini
3581 3547 3594 3586 :

1946 3613 2006 3668 In
2041 3629 2133 3668 me
2163 3628 2396 3684 quoque
2429 3611 2627 3667 ﬁdeles
2648 3611 2913 3683 singulos
2939 3629 3040 3684 pro
3063 3616 3354 3686 cujusque
3376 3618 3598 3674 ratione

1945 3701 2160 3756 divinis
2193 3700 2487 3773 mysteriis
2519 3700 2921 3771 instituentes,
2955 3701 3246 3759 ordinate.
3276 3705 3480 3761 Fulcile
3510 3722 3598 3762 me

1944 3792 2290 3861 unguentis:
2325 3789 2686 3846 sanctissimi
2729 3790 2984 3862 Spiritus
3029 3791 3220 3862 donis,
3271 3799 3599 3865 unguento-

1945 3896 2075 3934 rum
2106 3879 2292 3935 instar
2323 3877 2586 3934 fidelium
2619 3879 2851 3934 animas
2882 3879 3078 3935 odoris
3118 3881 3410 3937 suavitate
3454 3899 3598 3939 con-

1944 3969 2360 4039 spergentibus
2392 3983 2485 4022 me
2507 3969 2897 4036 corroborate,
2932 3974 2990 4024 et
3009 3970 3270 4041 corporis
3293 3971 3599 4028 imbecilli-

1943 4061 2061 4111 tate
2092 4057 2388 4112 labantem
2421 4056 2480 4110 in
2514 4056 2714 4112 divina
2744 4056 2960 4128 pietate
2990 4057 3356 4114 conﬁrmate.
3389 4059 3601 4132 Stipate

1942 4163 2029 4202 me
2057 4148 2117 4202 in
2143 4148 2322 4218 pomis
2353 4163 2372 4201 :
2403 4144 2638 4217 implete
2670 4162 2762 4202 me
2795 4146 2893 4201 Dei
2926 4147 3260 4218 cognitione
3292 4148 3349 4204 in
3382 4149 3596 4207 divinis

1942 4236 2334 4301 sermonibus,
2367 4236 2468 4306 qui
2501 4251 2806 4306 pomorum
2839 4235 3028 4291 instar
3056 4237 3279 4307 gutturi
3312 4254 3439 4294 meo
3470 4240 3598 4296 dul-

1943 4325 2208 4380 cedinem
2241 4324 2511 4378 alterunt.
2545 4327 2675 4378 Haec
2714 4329 2911 4380 autem
2963 4341 2997 4379 a
3042 4325 3210 4381 vobis
3258 4333 3410 4398 peto,
3465 4331 3598 4400 quia

1943 4415 2240 4469 vulnerata
2287 4429 2406 4467 sum
2456 4413 2747 4468 charitate.
2779 4412 2925 4477 Quia
2955 4412 3184 4470 scilicet
3215 4431 3330 4470 non
3363 4416 3596 4487 timore,

1940 4502 2041 4558 sed
2072 4518 2270 4558 amore
2301 4501 2542 4558 incitata
2572 4503 2840 4574 (charitas
2867 4502 3023 4557 enim
3054 4505 3203 4572 foras
3229 4505 3404 4560 mittit
3434 4507 3595 4562 timo-

1939 4608 2053 4646 rem
2082 4591 2172 4662 ²⁴),
2223 4607 2358 4646 cum
2408 4589 2622 4647 Christi
2672 4607 2776 4662 per
2828 4591 3002 4646 tidem
3065 4591 3381 4662 conjuncta
3435 4611 3592 4651 sum.

163 4680 481 4752 νυττομὲνη
543 4681 653 4754 οὐχ
715 4681 818 4735 ὑπὸ
875 4675 1069 4758 φόϐου.
1131 4679 1257 4735 ἀλλ’
1305 4680 1405 4735 ὑπὸ
1457 4681 1668 4754 ἀγάπης
1704 4677 1827 4754 (ἔξω

1945 4685 2082 4736 Nam
2116 4687 2179 4735 ut
2209 4683 2344 4734 ante
2377 4697 2678 4751 pcenarum
2714 4679 3028 4734 formidine
3063 4687 3331 4753 purgata,
3381 4682 3592 4740 deinde

164 4770 270 4842 γὰρ
331 4767 472 4836 αὖτή
553 4768 745 4841 βάλλει
821 4769 913 4823 τὸν
986 4764 1179 4846 φόϐον)
1252 4769 1366 4842 εἴμὶ
1438 4768 1546 4842 ἐγὼ
1604 4772 1638 4838 ἠ
1696 4792 1832 4843 νυμ-

163 4859 427 4934 φευθεῖσα
481 4861 564 4928 τῷ
597 4861 814 4931 Χριστῷ
846 4855 938 4912 διὰ
993 4857 1247 4919 πίστεως.
1295 4863 1378 4920 Ὡς
1428 4859 1536 4932 γὰρ
1568 4858 1830 4934 πρότερον

167 4947 309 5016 αὕτη
373 4950 450 5017 τῷ
501 4940 656 5018 φόϐῳ
700 4947 795 5019 μὲν
844 4951 950 5000 τῶν
1002 4943 1279 5002 κολάσεων
1330 4948 1676 5022 καθαρθεῖσα,
1721 4950 1832 5004 εἶτα

165 5033 223 5090 δὲ
256 5036 350 5089 καὶ
383 5039 450 5107 τῇ
485 5032 670 5090 ἐλπίδι
715 5040 820 5088 τῶν
878 5034 1190 5108 μελλόντων
1233 5037 1447 5111 ἀγαθῶν
1480 5040 1829 5114 φωτισθιῖσα,

161 5129 256 5178 ar}:
313 5121 532 5178 πενόδει
613 5121 703 5178 διὰ
763 5131 864 5193 τῆς
933 5124 1146 5200 ἀγάπης
1228 5125 1306 5189 εἷς
1360 5123 1680 5196 τελειότητα
1745 5126 1830 5180 ἀν·

163 5220 411 5288 αχθῆναι
471 5214 621 5287 παρά
675 5218 783 5268 τῶν
846 5213 1008 5288 ἀγίων
1078 5213 1344 5290 ἀγγέλων.
1399 5218 1556 5278 ’Όθεν
1616 5215 1777 5289 φησίν
1813 5237 1826 5250 ο

165 5301 474 5371 Εὐώνυμος
551 5300 716 5354 αὑτοῦ
800 5301 904 5355 ὑπὸ
975 5302 1074 5369 τὴν
1133 5300 1375 5378 κεφαλήν
1457 5323 1562 5374 μου
1596 5347 1609 5372 ,
1658 5304 1826 5372 καὶὴ

167 5387 320 5459 δεξιά
381 5389 544 5444 αὐτοῦ
623 5386 985 5462 περιλήψεταί
1068 5411 1152 5461 με.
1233 5388 1522 5460 Δηλονότι,
1583 5391 1652 5446 Αἰ
1722 5397 1830 5447 τῶν

164 5477 480 5546 κολάσεων,
551 5477 624 5540 ὠς
708 5475 1133 5554 ὑποδεχομένων
1191 5478 1318 5538 τοὺς
1387 5478 1437 5549 ἐξ
1509 5479 1827 5553 εὐωνύμων,

166 5565 417 5637 ἀπειλαὶ,
478 5566 581 5622 ὑπὸ
639 5567 700 5622 τὸ
755 5563 912 5638 δίκην
969 5565 1211 5642 κεφαλῆς
1239 5567 1467 5646 ἀρχικὸν
1496 5575 1594 5637 τῆς
1641 5572 1829 5645 ψυχῆς

1943 4769 2275 4824 futurorum
2322 4769 2611 4823 bonorum
2663 4785 2766 4839 spe
2811 4767 3128 4839 illustrata,
3162 4769 3244 4824 ita
3273 4787 3430 4825 nunc
3460 4772 3592 4828 cha-

1942 4857 2112 4913 ritate
2154 4860 2447 4912 commota
2497 4857 2734 4912 festinat
2781 4872 2884 4928 per
2931 4860 3169 4912 sanctos
3228 4857 3469 4929 angelos
3515 4860 3587 4916 ad

1941 4945 2354 5018 perfectionem
2402 4945 2639 5013 adduci,
2685 4945 3078 5009 Quamobrem
3128 4946 3254 5002 ait:
3287 4947 3448 5004 Laeva
3473 4949 3588 5020 ejus

1942 5037 2042 5090 sub
2065 5037 2244 5107 capite
2273 5051 2395 5090 meo
2431 5050 2444 5090 :
2476 5044 2531 5090 et
2559 5035 2783 5091 dextera
2813 5035 2969 5089 illius
3013 5035 3430 5105 amplexabitur
3475 5042 3583 5092 me.

1940 5125 2326 5184 Comminatio
2384 5123 2809 5195 suppliciorum
2873 5139 3005 5193 quas
3057 5139 3090 5176 a
3136 5123 3395 5178 sinistris
3442 5140 3587 5180 con-

1941 5214 2182 5268 stitutos
2214 5218 2474 5280 manent,
2510 5212 2620 5267 sub
2652 5211 2842 5284 capite
2873 5227 3026 5282 meo,
3058 5211 3164 5267 sub
3203 5227 3272 5267 ea
3316 5211 3588 5270 videlicet

1939 5308 2122 5375 parte,
2156 5319 2282 5372 quae
2315 5307 2378 5356 ut
2407 5306 2582 5373 caput
2610 5301 2665 5355 in
2699 5317 2960 5373 corpore,
2993 5300 3078 5356 sic
3109 5300 3236 5372 ipsa
3284 5301 3342 5356 in
3387 5301 3588 5360 anima

1941 5391 2337 5463 principatum
2387 5391 2633 5456 obtinet,
2685 5396 2879 5446 mente
2911 5388 3194 5444 nimirum
3227 5406 3439 5446 sensus
3472 5391 3586 5462 ipsi

1941 5478 2306 5550 snbjiciente.
2363 5483 2565 5551 Itaque
2614 5479 2850 5536 dextera
2894 5477 3080 5546 illius,
3131 5483 3198 5533 ut
3245 5494 3438 5550 spero,
3463 5480 3592 5548 jam

1937 5568 2365 5642 amplexabitur
2393 5584 2506 5624 me.
2544 5567 2856 5626 Promissio
2887 5567 3112 5624 scilicet
3139 5567 3427 5624 bonorum
3459 5583 3591 5642 qua

235 5732 284 5770 ²¹
321 5729 500 5788 Hebr.
533 5748 575 5804 ι,
608 5731 698 5788 14.
771 5731 820 5767 ’³
849 5730 994 5790 Gen.
1029 5747 1112 5806 ιιι,
1143 5731 1234 5788 24.
1311 5732 1357 5769 ³³
1385 5731 1596 5809 Ephes.
1628 5751 1684 5804 ν,
1717 5733 1805 5790 32.

1955 5734 1977 5792 Ι
2007 5733 2177 5792 Joan.
2211 5748 2290 5805 1v,
2323 5731 2410 5790 18.
