4102 6342
423 440 542 499 579

1756 431 2181 495 MICHAELIS
2224 432 2500 493 PSELLI

3726 435 3853 495 580

422 589 454 625 a
487 569 709 627 dextris
738 566 1002 625 collocati
1034 567 1403 638 suscipiant;
1436 581 1684 639 regnum
1721 566 1923 637 utique
1974 565 2070 621 Dei

2193 584 2297 635 μου
2348 561 2564 625 πάντως
2616 564 2678 619 τὸ
2726 565 2911 639 νοερὸν
2964 562 3532 638 ὑποτάσσουσαιαύτῷ
3560 568 3624 621 τὸ
3654 566 3849 637 αἰσθη-

421 659 481 714 ίο
514 658 728 715 saeculo
762 659 1083 725 futura,me
1113 655 1536 727 complectetur
1568 671 1581 710 :
1617 656 1771 727 quod
1809 671 1943 709 cum
1976 670 2083 709 nec

419 747 706 820 temporis
739 746 973 801 initium
1007 759 1112 801 nec
1142 743 1320 800 ﬁnem
1351 743 1587 813 habeat,
1612 743 1761 799 mihi
1790 747 1990 800 tamen
2024 751 2082 798 et

420 835 779 909 principium
808 840 864 891 et
893 835 1029 891 ﬁnis
1061 834 1384 901 invenitur,
1416 833 1633 905 quippe
1664 850 1792 905 qua
1824 836 1884 889 et
1911 836 2079 889 ortus
2122 834 2127 841 ’

419 926 657 981 initium
690 929 862 980 nacta
892 924 1028 996 sim,
1047 928 1113 979 ut
1145 924 1306 996 regni
1340 922 1594 980 caelestis
1623 937 1858 979 cernam
1893 922 2078 978 hare-

420 1016 688 1081 ditatem,
721 1018 779 1070 et
806 1014 867 1068 in
898 1030 964 1070 eo
995 1014 1234 1069 tandem
1268 1019 1511 1085 propter
1540 1012 1972 1068 humanitatem
2005 1010 2075 1065 il-
2120 1012 2125 1017 ”

418 1103 555 1171 1ἰο0,
589 1108 875 1175 tanquam
912 1103 1029 1157 fine
1058 1119 1125 1158 ac
1154 1103 1407 1158 termino
1437 1102 1904 1173 circumscripta,
1940 1116 2073 1173 pro-

418 1192 510 1249 cul
538 1194 610 1248 ab
641 1192 801 1248 omni
836 1192 1163 1247 mutatione
1190 1192 1624 1263 conquiescam.

2192 652 2363 707 τικόν·
2422 650 2509 707 διὰ
2561 657 2722 708 τοῦτο
2782 652 2974 709 λοιπὸν
3034 654 3085 708 ἰν
3141 652 3351 710 ἐλπίσιν
3414 655 3550 727 εἰμὶ,
3610 656 3693 711 ὅτι
3751 659 3845 711 καὶ

2189 744 2225 812 ἡ
2277 739 2424 813 δεξιὰ
2476 740 2639 797 αὐτοῦ
2695 741 3057 818 περιλήψεταί
3109 762 3196 817 με’
3245 742 3391 814 ἤτοι,
3440 748 3513 799 Τὰ
3567 742 3618 799 ἐν
3677 744 3847 822 ἰπαγ-

2189 829 2402 908 γελίαις
2458 830 2634 907 ἀγαθὰ
2690 832 2764 895 ὡς
2810 832 2938 895 τοὺς
2988 831 3049 888 ix
3103 829 3289 903 δεξιῶν
3347 831 3746 910 ὖποδεχόμενα,
3804 837 3845 905 ἡ

2195 918 2443 995 βασιλεία
2493 917 2706 991 δηλαδὴ
2754 925 2851 976 τοῦ
2900 926 3034 978 Θεοῦ
3062 924 3200 977 κατά
3226 922 3318 978 τὸν
3364 920 3642 997 μέλλοντα
3668 924 3848 980 αἰῶνα

2191 1007 2593 1083 περικυκλώσει
2630 1030 2715 1082 με,
2748 1010 2821 1072 ὡς
2876 1016 2951 1084 μὴ
2996 1010 3175 1087 ἀρχὴν
3212 1013 3477 1088 χρονικήν
3515 1014 3653 1087 μήτε
3678 1012 3850 1079 τέλος

2193 1093 2414 1175 ἔχουσα’
2470 1097 2593 1172 ἰμοὶ
2652 1096 2708 1153 ὃὶ
2758 1099 2847 1154 καὶ
2903 1101 3049 1177 ἂρχὴ
3106 1100 3195 1156 καὶ
3246 1100 3405 1165 τέλος
3447 1102 3839 1178 εὑρισκομένη.

2187 1189 2266 1243 Δι’
2313 1188 2481 1257 αὐτην
2534 1189 2635 1265 γὰρ
2694 1189 2768 1251 ὡς
2837 1187 2897 1243 ’ἂν
2951 1189 3151 1261 ταύτην
3200 1190 3611 1266 κληρονομήσω
3660 1194 3722 1247 τὸ
3781 1192 3841 1263 ἐξ

418 1282 599 1355 ἀρχῆς
657 1278 853 1356 γέγονα
887 1296 901 1309 ·
957 1278 1048 1333 καὶ
1106 1277 1181 1340 εἰς
1237 1278 1439 1350 ταύτην
1486 1276 1654 1334 πάλιν
1716 1276 1806 1332 διὰ
1862 1276 2272 1357 φιλανθρωπίαν
2332 1282 2600 1347 καταντῶ,
2651 1280 2933 1351 παυομένη
3012 1281 3192 1351 πάσης
3262 1282 3547 1352 κινήσεως,
3596 1282 3684 1336 καὶ
3745 1281 3843 1336 ὑπ’

419 1372 593 1439 αὐτῆς
625 1368 944 1444 ὁριζομένη.

1151 1477 1339 1533 Pselli.

496 1569 597 1623 llis
656 1584 864 1623 rursus
941 1583 1160 1639 sponsa
1228 1565 1472 1637 subjicit
1546 1565 1815 1637 quaedam
1872 1565 2071 1633 verba,

422 1657 926 1729 quemadmodum
960 1656 1165 1711 ordine
1195 1656 1466 1728 reperies.
1502 1655 1653 1710 Sunt
1682 1658 1876 1710 autem
1908 1653 2068 1709 haec:

419 1749 585 1803 Laeva
614 1746 734 1817 ejus
762 1746 860 1801 sub
889 1747 1066 1817 capite
1092 1761 1214 1802 meo
1244 1762 1262 1800 :
1292 1749 1345 1801 et
1376 1745 1603 1801 dextera
1648 1744 1806 1800 illius
1854 1743 2072 1814 ample-

420 1838 659 1892 xabitur
685 1852 790 1892 me.

2888 1473 3135 1532 Ψελλοῦ.

2252 1561 2426 1619 Ἀλλὰ
2473 1563 2797 1653 προστίθησί
2862 1586 3013 1627 τινας
3145 1565 3330 1644 νύμφη
3387 1565 3552 1623 πάλιν
3610 1565 3834 1653 λόγους⁹

2182 1648 2414 1727 λέγουσα
2494 1650 2621 1708 τάδε
2686 1654 2822 1728 πρὸς
2879 1654 3097 1723 αὐτοὺς,
3157 1655 3237 1719 ὡς
3304 1657 3423 1711 καθ’
3488 1656 3676 1731 εἱρμὸν
3735 1648 3836 1713 εὗξ

2181 1744 2385 1818 ρήσεις.
2415 1747 2590 1798 Ταῦτα
2650 1740 2707 1798 δέ
2764 1743 2930 1800 εἷ’σδν·
2966 1745 3299 1819 Εὗώνυμνος
3348 1745 3511 1803 αὐτοῦ
3570 1746 3671 1803 ὑπό
3728 1749 3833 1818 τὴν

2177 1830 2423 1907 κεφαλήν
2484 1854 2608 1906 μου,
2666 1832 2758 1889 καὶ
2818 1834 2853 1905 ἠ
2915 1832 3064 1908 δεξιὰ
3117 1836 3287 1891 αὐτοῦ
3337 1835 3695 1913 περιλήψεταί
3742 1858 3833 1912 με.

494 1925 715 1981 Horum
749 1924 1107 1982 canticorum
1139 1924 1227 1980 vis
1269 1924 1341 1979 de
1386 1938 1546 1979 more
1600 1921 1880 1994 procedit.
1930 1921 2070 1977 Ecce

2247 1928 2305 1977 Ἡ
2333 1926 2440 1978 τῶν
2473 1921 2725 1995 ᾀσμάτων
2757 1920 2987 1997 δύναμις
3012 1924 3218 1980 τούτων
3246 1926 3613 2001 καταθεμίζει.

422 2015 579 2071 enim
611 2016 757 2087 (quas
790 2014 964 2086 paulo
995 2018 1130 2070 ante
1163 2006 1419 2068 mirabili
1453 2011 1667 2083 sagitta
1698 2010 1900 2065 saucia
1928 2013 2073 2078 erat,

420 2120 577 2160 nunc
609 2104 824 2175 sagitta
854 2104 919 2158 ﬁt
950 2102 1226 2158 manibus
1257 2100 1589 2172 iaculantis.
1626 2099 1688 2154 Id
1718 2099 1890 2171 {quod
1943 2098 2073 2154 ani-

418 2208 527 2247 mas
560 2191 807 2264 contigit
836 2190 1000 2247 Pauli
1033 2190 1374 2247 vulnerata.
1408 2188 1708 2261 Siquidem
1758 2191 1815 2243 et
1862 2186 1957 2243 ille
2004 2203 2074 2244 ex

419 2281 640 2337 infideli
672 2282 861 2337 factus
904 2280 1092 2336 ﬁdelis
1124 2298 1157 2335 a
1185 2279 1415 2336 Christo
1446 2278 1635 2335 Verbo
1666 2281 1723 2332 et
1752 2277 2072 2344 Salvatore,

416 2372 725 2429 confestim
756 2370 932 2426 veluti
965 2370 1184 2441 sagitta
1215 2368 1436 2425 missus
1482 2372 1571 2424 est
1616 2384 1649 2422 a
1698 2366 1894 2421 divino
1943 2365 2073 2438 Spi-

415 2461 531 2516 ritu
562 2462 623 2516 in
654 2465 858 2533 gentes
886 2466 1139 2515 remotas
1170 2464 1344 2530 atque
1375 2458 1433 2512 in
1466 2473 1659 2513 errore
1681 2457 2075 2523 demersas;ut

417 2549 850 2623 praedicationis
879 2554 937 2605 et
966 2549 1242 2605 doctrinae
1272 2548 1448 2604 verbo
1480 2548 1709 2603 animas
1732 2546 2075 2602 aberrantes

414 2641 475 2697 in
508 2641 658 2696 viam
681 2640 811 2696 vita:
841 2640 1162 2695 reduceret.
1198 2638 1349 2707 Haec,
1382 2654 1512 2692 mea
1556 2637 1792 2708 quidem
1845 2638 2068 2691 senten-

412 2732 514 2795 tia,
565 2729 897 2784 diademate
943 2728 1234 2797 redimite,
1288 2727 1367 2781 ita
1416 2742 1478 2781 se
1524 2724 1763 2781 habent.
1814 2724 1892 2779 Te
1936 2739 2071 2778 vero

417 2818 663 2875 minime
708 2821 957 2886 moveat,
1010 2816 1164 2887 quod
1213 2816 1383 2885 cujus
1433 2813 1679 2869 sinistra
1727 2813 1837 2868 sub
1887 2811 2073 2883 capite

418 2924 648 2980 sponsae
680 2907 776 2973 sit,
809 2910 874 2962 ut
906 2906 1036 2978 ipsa
1057 2905 1157 2974 ait,
1190 2905 1321 2975 ejus
1351 2903 1589 2958 dextera
1618 2900 1783 2956 illam
1817 2900 2071 2972 comple-

418 3001 609 3053 ctatur
643 3012 656 3051 :
686 2994 1168 3067 quandoquidem
1201 2994 1273 3048 ad
1323 2990 1772 3049 similitudinem
1822 2990 2072 3046 volantis

418 3085 646 3159 sagitiaa
677 3085 899 3141 emissa
931 3083 1113 3138 fuisse
1145 3081 1300 3139 dicta
1328 3090 1434 3137 est.

1010 3440 1197 3495 Trium
1228 3444 1475 3495 Patrum.

490 3530 769 3602 Magistra
791 3528 1086 3599 anima,ad
1107 3530 1284 3584 rudes
1312 3545 1443 3600 quae
1472 3526 2070 3598 instituuntur,Adju-

417 3621 539 3676 ravi
573 3636 695 3689 vos,
733 3619 946 3693 inquit,
980 3618 1111 3674 filiai
1141 3617 1490 3675 Jerusalem.
1524 3620 1648 3682 Quo
1679 3622 1877 3673 autem
1903 3625 2071 3689 pacto

418 3713 674 3782 adjaravi
697 3711 721 3767 ?
747 3711 948 3783 sponsi
982 3711 1174 3766 minas
1205 3716 1260 3765 et
1288 3709 1866 3782 promissiones,quae
1899 3708 2071 3764 audi-

417 3805 574 3858 tores
604 3801 993 3873 cogendi,non
1026 3816 1198 3857 secus
1229 3817 1295 3856 ac
1318 3800 1767 3871 jusjurandum,
1798 3798 1917 3854 vim
1964 3797 2069 3853 ha-

415 3891 743 3961 bent,vobis
767 3906 1097 3962 proponens
1122 3894 1187 3944 ut
1208 3888 1395 3959 ipsius
1417 3888 1617 3960 sponsi
1641 3893 1872 3944 tantum
1907 3892 2066 3943 metu

415 3997 482 4035 ac
515 3980 804 4036 desiderio
839 3978 1180 4035 teueamini.
1214 3977 1400 4033 Doceo
1433 3983 1628 4033 autem
1665 3978 1906 4032 omnino
1936 3993 2065 4045 vos;

414 4085 564 4140 quas
596 4068 775 4141 genui
806 4068 867 4122 in
897 4069 1119 4139 Spiritu
1151 4070 1375 4136 sancto,
1408 4066 1510 4138 qui
1542 4070 1631 4122 est
1682 4066 1828 4121 visio
1879 4066 2066 4137 pacis,

417 4163 617 4229 utpote
648 4159 749 4228 qui
798 4174 905 4212 nos
956 4156 1119 4210 ducit
1165 4154 1225 4209 in
1275 4171 1511 4211 omnem
1560 4156 1888 4221 veritatem,
1939 4172 2065 4227 quin

415 4247 672 4301 Verbum
702 4250 811 4314 est,
845 4245 1030 4301 Filius
1061 4244 1438 4318 unigenitus;
1467 4262 1500 4300 a
1528 4262 1642 4317 quo
1672 4246 1829 4300 Patri
1873 4261 2070 4300 recon-

416 4335 598 4391 ciliati
627 4352 837 4391 sumus
870 4335 935 4389 ³⁸.
966 4334 1291 4390 Jerusalem
1331 4335 1488 4390 enim
1539 4335 1695 4389 idem
1746 4340 1856 4399 est,
1910 4335 2066 4405 quod

416 4423 580 4496 pacis
629 4424 796 4479 visio.
841 4425 949 4479 Per
992 4426 1269 4495 patentius
1314 4433 1367 4480 et
1411 4424 1765 4495 fortitudines
1811 4426 1956 4493 agri,
2007 4426 2070 4478 ut

413 4513 686 4569 suscitatis
716 4522 767 4568 et
794 4514 1043 4569 excitetis
1072 4514 1413 4583 charitatcm,
1465 4513 1595 4568 dum
1644 4516 1760 4584 ipse
1804 4513 2066 4568 voluerit.

418 4603 536 4659 Hoc
568 4601 752 4673 igitur
782 4605 950 4674 pacto
980 4618 1080 4657 vos
1128 4602 1419 4672 adjuravi,
1470 4608 1534 4656 ut
1580 4618 1684 4673 per
1730 4600 1913 4656 animi
1960 4618 2067 4673 po-

2182 2008 2322 2068 Ἰδοὺ
2350 2012 2450 2087 γὰρ
2487 2009 2648 2086 βὲλος
2676 2011 2879 2088 γίνεται
2912 2014 3069 2090 χερσὶ
3100 2019 3222 2077 ταῖς
3250 2019 3347 2070 τοῦ
3376 2016 3624 2086 τοξότου,

2180 2102 2243 2157 Ἠ
2274 2102 2379 2175 πρὸ
2414 2105 2612 2176 μικροῦ
2643 2100 2722 2174 τῷ
2749 2103 3043 2175 θαυμαστῷ
3068 2110 3473 2179 κατατρωθεῖσα
3513 2103 3684 2182 βέλει,

2180 2191 2267 2252 Ὠς
2293 2194 2328 2260 ἡ
2358 2195 2454 2246 τοῦ
2486 2190 2705 2247 Παύλου
2733 2190 2965 2247 πέπονθε
2994 2194 3147 2268 ψυχὴ
3180 2192 3366 2258 καλῶς
3393 2200 3680 2271 τρωθεῖσα.

2182 2280 2434 2343 Κάκεῖνος
2491 2281 2593 2355 γὰρ
2653 2282 2945 2356 γενόμενος
2992 2282 3206 2354 πιστὸς,
3241 2281 3292 2353 ἐξ
3322 2282 3571 2345 ἀπιστίας
3597 2289 3837 2360 ζωγρευ-

3624 2375 3756 2442 θεὶς,

2182 2459 2279 2513 Καὶ
2310 2460 2456 2534 παρὰ
2488 2463 2720 2535 Χριστοῦ
2747 2463 2845 2515 τοῦ
2876 2460 3053 2535 Λόγου
3090 2460 3178 2514 καὶ
3210 2467 3494 2537 Σωτῆρος,
3600 2375 3617 2446 [

2182 2547 2353 2610 Εὐθὺς
2394 2548 2529 2623 πρὸς
2562 2546 2686 2619 ἔθνη
2718 2550 2786 2604 τὰ
2819 2550 3023 2622 μακρὰν
3056 2549 3144 2603 καὶ
3176 2547 3355 2625 πλάνῃ
3390 2546 3687 2625 βεϐυσμὲνα

2182 2639 2334 2713 Παρὰ
2359 2642 2457 2693 τοῦ
2489 2639 2635 2702 θείου
2670 2638 2980 2711 Ηνεύματος
3011 2639 3166 2695 οὗτος
3201 2637 3559 2712 ἆξαπεστάλη,

2183 2727 2275 2789 Εἰς
2300 2728 2363 2782 τὸ
2386 2728 2671 2803 ζωγρεύειν
2698 2729 2794 2790 τὰς
2825 2728 3006 2802 ψυχὰς
3033 2728 3129 2791 τὰς
3162 2727 3673 2803 ὲκπεπλανημὲνας,

2178 2820 2265 2888 Τῷ
2305 2816 2465 2891 Λόγῳ
2491 2814 2587 2871 τοῦ
2617 2816 2971 2893 κηρύγματος
3001 2818 3089 2872 καὶ
3121 2825 3220 2887 τῆς
3251 2815 3627 2882 διδασκαλίας.

2180 2909 2352 2960 Ταῦτα
2388 2906 2480 2979 μὲν
2515 2904 2687 2969 οὕτως
2719 2902 2960 2981 ἔχουσιν,
2995 2906 3068 2969 ὡς
3101 2907 3277 2979 οἶμαι,
3313 2907 3645 2986 στεφηφόρε·

2182 2994 2258 3049 Σὺ
2286 2991 2343 3049 δὲ
2373 2993 2500 3067 μηδ’
2530 2995 2676 3057 ὅλως
2709 2994 2990 3071 ἐκπλαγῇς
3020 2997 3152 3071 ἅπερ
3184 2999 3218 3066 ἠ
3250 2997 3435 3071 νύμφη
3471 2995 3644 3072 λέγει.

2179 3085 2266 3145 Ὠς
2298 3082 2401 3159 ἄρα
2430 3086 2554 3160 χεὶρ
2587 3085 2866 3157 εὐώνυμος
2894 3085 3059 3140 αὐτοῦ
3086 3089 3155 3161 τῇ
3176 3084 3387 3164 κεφαλῇ
3416 3108 3541 3160 μου,

2179 3174 2239 3230 Ἦ
2267 3172 2462 3229 τούτου
2495 3171 2540 3229 δ’
2571 3172 2723 3239 αὖθις
2754 3171 2899 3245 δεξιὰ
2926 3175 3015 3230 καὶ
3044 3174 3409 3252 περιλήψεταί
3442 3196 3527 3249 με.

2098 3295 2141 3361 C
2180 3263 2397 3361 Ἑρόπον
2428 3263 2530 3361 γαρ
2567 3263 2763 3340 βίλους
2790 3269 3060 3338 κοσμικοῦ
3088 3266 3177 3320 καὶ
3208 3267 3511 3339 πετομένου
3548 3264 3721 3341 λέγω,

2180 3353 2242 3410 Ὀ
2270 3351 2433 3428 λόγος
2462 3352 2833 3429 ἐσχημάτισεν
2859 3354 3027 3423 αὐτὴν
3058 3353 3455 3426 ἐξαποστεῖλαι.

2746 3444 2861 3498 Τῶν
2901 3446 2946 3518 γ’
2986 3443 3237 3519 Πατᾶρων
3249 3489 3261 3502 .

2249 3535 2311 3586 Ἡ
2384 3528 2709 3594 διδάσκαλος
2782 3536 2935 3609 ψυχή
3000 3533 3140 3609 πρὸς
3210 3533 3303 3596 τὰς
3381 3535 3837 3607 μαθητευομένας

2179 3618 2341 3696 φησίν
2375 3638 2388 3653 ⁶
2465 3622 2694 3696 Ὥρκισα
2786 3622 2925 3695 ὑμᾶς
2958 3665 2972 3690 ,
3051 3622 3336 3698 θυγατέρες
3407 3619 3782 3699 Ἰερουσαλήμ
3815 3666 3831 3681 .

2177 3712 2406 3785 ’Ὠρκισα
2464 3706 2520 3764 δὲ
2575 3714 2732 3780 πῶς,
2787 3711 2890 3772 Τὰς
2965 3715 3060 3766 τοῦ
3137 3712 3376 3789 νυμφίου
3453 3710 3681 3776 ἀπειλὰς
3735 3712 3831 3767 καὶ

2175 3798 2269 3859 τὰς
2354 3797 2701 3875 ἰπαγγελίας,
2760 3800 2856 3863 τὰς
2937 3797 3095 3871 δίκην
3171 3801 3337 3877 ὅρκου
3416 3801 3829 3877 ἀναγκαζούσας

2175 3886 2303 3951 τοὺς
2357 3887 2651 3951 ἀκούοντας
2684 3890 2832 3961 αὐτῷ
2866 3890 3018 3964 μόνῳ
3072 3890 3167 3945 τὸν
3217 3885 3385 3969 φόϐον
3434 3892 3522 3946 καὶ
3581 3893 3675 3946 τὸν
3723 3890 3828 3946 πό-

2179 3978 2271 4030 θον
2328 3975 2949 4053 τηρεῖν.Ἀναδιδάξασα
2977 3978 3182 4041 πάντας
3240 3981 3379 4053 ὑμᾶς
3436 3980 3529 4042 τὰς
3589 3978 3643 4035 ἐν
3693 3980 3832 4055 ἁγίῳ

2177 4065 2571 4141 ἀποτεχθείσας
2630 4089 2721 4140 μοι
2774 4068 3067 4141 Πνεύματι,
3115 4070 3247 4144 ὅπερ
3313 4068 3499 4138 ὅρασίς
3557 4068 3700 4125 ἐστιν
3756 4069 3836 4125 εἷ-

2179 4157 2373 4227 ρήνης,
2404 4156 2478 4217 ὡς
2529 4152 2762 4232 ὁδηγοῦν
2817 4159 2965 4229 ἡμᾶς
3018 4157 3096 4219 εἰς
3146 4163 3316 4212 πᾶσαν
3368 4159 3467 4227 τήν
3524 4156 3830 4229 ἀλήθειαν·

2176 4244 2300 4313 ἥτις
2341 4242 2480 4299 ἐστὶν
2519 4245 2547 4298 ὁ
2590 4242 2932 4315 καταλλάξας
2968 4248 3118 4318 ἡμᾶς
3176 4251 3256 4319 τῷ
3317 4244 3442 4320 ἰδίῳ
3498 4248 3667 4322 Πατρὶ
3729 4268 3832 4322 μο-

2175 4335 2406 4408 νογενὴς
2434 4332 2598 4388 αὐτοῦ
2623 4334 2818 4410 Λόγος⁶
2852 4334 3038 4411 ὅρασις
3088 4336 3193 4411 γὰρ
3251 4335 3477 4412 εἰρήνης
3526 4340 3591 4391 τὸ
3630 4338 3835 4412 Ἰερου-

2177 4419 2366 4495 σαλὴμ
2412 4420 2779 4498 ἑρμηνεύεται.
2822 4426 2904 4479 Ἐν
2960 4430 3082 4487 ταῖς
3140 4422 3400 4498 δυνάμεσι
3450 4425 3540 4480 καὶ
3598 4425 3651 4481 ἐν
3708 4432 3834 4489 ταῖς

2178 4512 2422 4587 ἰσχύσεσι
2482 4516 2577 4566 τοῦ
2634 4512 2820 4588 ἀγροῦ,
2880 4511 2967 4567 ἐὰν
3048 4513 3289 4589 ἐγείρητε
3363 4514 3453 4568 καὶ
3527 4514 3835 4591 ἔξεγείρητε

2176 4602 2274 4670 τήν
2334 4601 2567 4675 ἀγάπην,
2623 4598 2728 4663 ἓως
2780 4600 2839 4655 ἃν
2897 4600 3125 4677 θελήσῃ.
3186 4604 3411 4678 Ἥγουν,
3467 4600 3832 4680 Τοιουτοτρό-

417 4691 637 4747 tentias
683 4695 740 4747 et
787 4673 1046 4763 Corporis
1090 4708 1304 4747 sensus
1336 4690 1569 4763 (animae
1600 4690 1758 4745 enim
1791 4690 2066 4762 potentiae

2182 4710 2293 4751 πως
2344 4673 2552 4763 ὥρκισα
2610 4690 2770 4763 ὑμᾶς,
2812 4689 2898 4745 ἐὰν
2958 4689 3010 4745 ἐν
3068 4673 3185 4755 ταῖς
3244 4673 3509 4768 ψυχικαῖς
3567 4673 3829 4766 δυνάμίεσι

417 4781 477 4835 in
515 4781 756 4847 mundo,
789 4785 1068 4849 tanquam
1124 4779 1183 4833 in
1234 4796 1398 4851 agro,
1448 4795 1552 4849 per
1601 4795 1813 4835 sensus
1862 4778 2066 4851 agunt)

415 4871 473 4926 in
507 4871 671 4927 vobis
702 4870 849 4942 ipsis
874 4886 975 4941 per
1004 4869 1279 4924 virtutem
1310 4868 1634 4936 suscitatis,
1666 4874 1723 4924 et
1763 4869 1953 4942 magis
2000 4884 2066 4923 ac

419 4960 607 5032 magis
637 4975 741 5031 per
770 4957 1330 5029 contemplationem
1366 4957 1632 5014 excitetis
1675 4958 2022 5013 charitatem
2050 4973 2064 5026 ;

416 5067 543 5122 quas
574 5049 811 5120 quidem
842 5052 934 5102 est
960 5046 1059 5101 ille
1112 5044 1214 5117 qui
1263 5062 1367 5117 pro
1420 5047 1613 5103 salute
1661 5052 1865 5104 nostra
1911 5063 2069 5102 mor-

415 5144 532 5194 tem
590 5134 855 5209 oppetiit,
910 5134 1250 5207 unigenitus
1300 5134 1401 5190 Dei
1456 5135 1637 5191 Filius
1687 5141 1746 5191 et
1779 5136 2066 5191 Verbum:

416 5228 599 5282 donec
618 5226 731 5298 ipsi
754 5225 1041 5297 placuerit
1061 5224 1281 5280 visione
1305 5241 1415 5279 sua
1435 5242 1542 5281 nos
1563 5225 1772 5297 dignos
1803 5225 2070 5292 reddere,

414 5322 471 5371 et
503 5332 606 5389 per
634 5314 883 5387 gratiam
914 5312 1231 5385 provehere
1264 5314 1336 5369 ad
1365 5312 1890 5369 divinitatem.Nisi
1910 5314 2069 5368 enim

412 5405 698 5461 charitate
727 5404 811 5459 sic
838 5404 1055 5459 affectae
1090 5402 1340 5473 fueritis,
1389 5403 1608 5459 frustra
1655 5402 1818 5458 vobis
1867 5401 2069 5475 sponsi

414 5495 607 5550 minas
640 5498 696 5549 et
726 5491 1018 5565 promissa
1047 5508 1431 5564 proposuero,
1466 5508 1601 5548 cum
1634 5509 1737 5565 per
1783 5491 1885 5547 illa
1931 5496 2071 5549 tan-

413 5599 593 5655 quam
620 5598 725 5654 per
774 5581 1223 5654 jusjurandum,
1270 5582 1547 5638 timorem
1601 5586 1659 5637 et
1707 5580 2068 5637 desuderium

408 5674 539 5746 ejus
594 5670 655 5727 in
714 5670 876 5728 vobis
934 5687 1051 5727 non
1109 5670 1430 5741 excitarim,
1490 5671 1685 5745 quoad
1761 5670 1888 5745 ipse
1961 5670 2066 5744 qui

483 5780 531 5820 ⁸⁸
557 5778 727 5841 Joan.
759 5794 877 5850 m,
911 5778 997 5834 13.

2176 4778 2265 4835 καὶ
2321 4784 2442 4841 ταῖς
2497 4784 2835 4851 σωματικαῖς
2880 4780 3163 4852 αἰσθήσεσι
3214 4779 3306 4855 (δι’
3337 4782 3411 4836 ὧν
3469 4782 3526 4836 αἱ
3581 4787 3833 4838 τοιαῦται

2179 4865 2429 4941 δυνάμεις
2462 4865 2694 4943 ἐνεργεῖν
2725 4868 3009 4943 ἰσχύουσιν
3051 4871 3124 4934 ὡς
3174 4872 3227 4925 ἐν
3278 4872 3427 4947 ἀγρῷ
3473 4876 3553 4943 τῷ
3610 4871 3833 4945 κόσμῳ)

2179 4955 2426 5032 ὲγείρητε
2480 4958 2597 5011 κατ’
2651 4957 2847 5033 ἀρετὴν
2902 4958 2954 5013 ἐν
3005 4960 3223 5022 ἑαυταῖς
3296 4959 3386 5014 καὶ
3464 4959 3552 5016 ἐπὶ
3628 4958 3831 5015 πλεῖον

2180 5044 2477 5121 ἔξεγείρητε
2560 5046 2698 5101 κατὰ
2778 5051 2970 5122 γνῶσιν
3044 5049 3143 5117 τὴν
3204 5048 3446 5123 ἀγάπην,
3505 5047 3540 5118 ἧ
3599 5047 3741 5103 ἐστιν
3803 5050 3832 5104 ὁ

2182 5133 2315 5209 ὑπὶρ
2370 5141 2473 5204 τῆς
2542 5138 2701 5208 ἡμῶν
2776 5136 3046 5212 σωτηρίας
3107 5134 3535 5211 καταδεξάμενος
3600 5138 3830 5202 θάνατον

2182 5223 2480 5298 μονογενὴς
2527 5227 2625 5277 τοῦ
2680 5228 2814 5279 Θεοῦ
2871 5226 2995 5288 Υἱὸς
3050 5226 3139 5280 καὶ
3171 5221 3367 5301 Λόγος,
3399 5223 3503 5290 ἓως
3533 5226 3594 5281 ἂν
3626 5226 3834 5303 θελήσῃ

2180 5312 2401 5382 ἀξιῶσαι
2452 5314 2600 5383 ἡμᾶς
2647 5319 2747 5382 τῆς
2805 5314 2972 5369 αὐτοῦ
3030 5313 3317 5393 ἐμφανείας
3381 5311 3469 5369 διὰ
3532 5322 3634 5385 τῆς
3692 5317 3834 5371 κατὰ

2178 5402 2343 5477 χάριν
2404 5402 2668 5465 θεώσεως.
2724 5401 2787 5457 Εἰ
2845 5404 2948 5479 γὰρ
3010 5404 3086 5477 μὴ
3147 5403 3289 5460 οὕτω
3360 5402 3641 5470 διαεθῆτε
3698 5406 3828 5481 περὶ

2176 5491 2276 5559 τὴν
2332 5489 2561 5566 ἀγάπην,
2620 5490 2698 5553 εἷς
2759 5492 2933 5565 μάτην
2994 5490 3189 5547 λοιπὸν
3251 5490 3530 5565 ἀνεδίδαξα
3562 5494 3704 5566 ὑμᾶς
3733 5494 3834 5557 τὰς

2177 5583 2273 5635 τοῦ
2301 5577 2539 5656 νυμφίου
2570 5577 2821 5649 ἀπειλὰς,
2852 5580 2942 5636 καὶ
2999 5578 3346 5657 ἀπαγγελίας,
3409 5584 3484 5657 μὴ
3522 5576 3833 5657 βεϐαιώσας

2180 5666 2270 5725 διὰ
2322 5667 2535 5725 τούτων
2590 5669 2771 5745 ὥσπερ
2830 5666 2901 5725 δι’
2930 5668 3095 5746 ὅρκου
3130 5670 3223 5726 τὸν
3280 5670 3419 5750 πρὸς
3466 5670 3624 5727 αὐτὸν
3702 5671 3837 5747 ὑμί-
