4102 6342
164 411 265 471 581

1192 411 1604 475 ΟΟΜΜΕΝΤ.
1650 412 1730 473 ΙΝ
1773 411 2169 475 ΟΑΝΤΙΟΠΜ
2214 412 2527 478 CANTIC.

3447 417 3567 475 582

166 563 311 619 τερον
364 536 533 618 φόϐον
596 541 686 597 καὶ
762 540 955 610 πόθον,
1013 539 1117 607 ἕως
1186 541 1245 598 ἂν
1302 543 1460 608 αὐτὸς
1517 547 1552 614 ἡ
1599 542 1805 620 ἀγάπη,

1959 545 2177 602 haritas
2205 549 2296 602 est
2336 546 2400 614 ³⁸,
2447 562 2567 619 quae
2610 563 2895 619 nunquam
2944 548 3154 603 excidit
3200 547 3267 619 ’⁷,
3312 548 3571 605 adventu

168 631 280 700 ἥτις
310 629 430 687 οὐδὲ
457 651 593 687 ποτε
617 629 887 701 ἐκπίπτει,
914 629 1189 706 ἐπιφανεὶς
1220 634 1356 707 ἡμῖν
1408 634 1506 703 τὴν
1554 634 1806 712 στρεψίαν

169 722 479 800 χαρίσηται.

865 844 1113 904 Ψελλοῦ.

173 962 338 1022 Ἀλλᾶ
371 964 565 1040 καιρὸς
603 962 694 1018 καὶ
720 966 830 1018 τῶν
864 963 987 1034 ἑξῆς
1019 963 1304 1038 ’ᾼσμάτων
1338 965 1653 1023 ἐπακοῦσαι.

174 1048 466 1111 Ἀπιὸολεῖ
494 1054 600 1129 γὰρ
629 1054 855 1125 καθεξῆς
883 1053 973 1107 καὶ
1002 1051 1168 1108 πάλιν
1198 1053 1325 1117 τοὺς
1358 1053 1644 1130 ἀγγέλους·

240 1236 466 1308 Ὥρκισα
554 1233 713 1305 ὑμᾶς,
803 1229 1086 1309 θυγατέρες
1144 1229 1512 1308 Ἰερουσαλὴμ
1571 1232 1623 1287 ἐν
1696 1238 1816 1296 ταῖς

177 1320 420 1395 δυνάμεσι
499 1320 590 1375 καὶ
650 1320 705 1375 ἐν
760 1326 880 1383 ταῖς
979 1319 1224 1397 ίσχύσεσι
1304 1326 1400 1376 τοῦ
1485 1321 1674 1399 ἀγροῦ,
1728 1320 1817 1377 ἰὰν

176 1410 415 1485 ἰγείρητε
460 1408 553 1465 καὶ
615 1409 921 1486 ἐξεγείρητε
993 1411 1094 1480 τήν
1166 1410 1403 1487 ἆγαπην,
1459 1406 1564 1475 ἕως
1612 1408 1672 1465 ἂν
1733 1422 1819 1476 θε-

173 1498 327 1574 Mm.

241 1588 435 1665 Ἀγρὸν
464 1588 558 1643 τὸν
590 1587 796 1661 κόσμον
826 1587 1026 1659 νόησον
1052 1607 1067 1622 ⁸
1100 1586 1258 1664 ἰσχὺν
1293 1586 1351 1645 δὲ
1391 1588 1589 1645 τούτου
1632 1587 1820 1664 πάλιν,

174 1679 272 1745 Τὴν
301 1683 398 1734 τοῦ
431 1678 703 1733 Δεσπότου
730 1675 959 1750 δύναμιν
986 1681 1083 1732 τοῦ
1124 1673 1304 1753 Λόγου
1334 1679 1424 1734 καὶ
1454 1679 1713 1755 νυμφίου.

178 1766 314 1836 Φησὶ
343 1767 471 1842 γὰρ,
502 1771 569 1821 Ὦ
596 1766 957 1845 νυμφαγωγοὶ
988 1766 1078 1822 καὶ
1112 1766 1265 1845 φίλοι
1293 1771 1391 1822 τοῦ
1421 1767 1677 1843 νυμφίου,

175 1854 408 1918 Ἐκείνας
437 1853 810 1929 καταλείψασα
838 1856 935 1919 τὰς
964 1862 1214 1931 συνεχεῖς
1247 1856 1509 1929 αἴτησεις,

178 1945 304 2010 Μεθ’
334 1944 505 2021 ὅρκου
536 1943 684 2020 φιρω
717 1941 899 2015 δέησιν
934 1945 1062 2021 ὑμῖν
1094 1945 1201 2001 ἀπο
1240 1941 1488 2023 καρδίας,

174 2031 466 2104 Μηόἐποτε
493 2034 863 2104 παυθήσεσθαι
897 2032 1307 2110 λαμπρόνοντὲς
1342 2054 1407 2108 με
1437 2033 1629 2102 πλέον,

178 2122 276 2178 Καὶ
303 2123 403 2191 τὴν
433 2122 573 2196 ἐμὴν
604 2122 919 2195 αὐξάνοντες
950 2122 1166 2198 ἀγάπην
1196 2122 1334 2198 πρὸς
1362 2124 1455 2179 τὸν
1489 2122 1682 2199 Λόγον.

172 2211 383 2288 Μέχρις
416 2209 479 2266 ἂν
510 2210 650 2282 ὅλην
686 2232 753 2284 με
782 2211 960 2281 καλὴν
995 2211 1291 2288 ἐργάσησθε
1313 2217 1432 2277 τοῖς
1458 2213 1706 2290 τρόποις,

179 2300 278 2355 Καὶ
310 2300 510 2376 μὶχρις
537 2298 598 2354 ἃν
631 2298 970 2377 ἐκπληρωθῇ
1013 2300 1145 2370 θὲλη
1157 2321 1232 2373 μα
1254 2304 1351 2355 τοῦ
1390 2301 1645 2379 νυμφίου.

178 2391 348 2447 Τοῦτο
379 2387 427 2444 δ’
459 2389 570 2444 ἐστὶ
598 2390 661 2444 τὸ
694 2389 914 2463 θέλημα
945 2389 1035 2445 καὶ
1070 2385 1238 2461 μόνον
1268 2394 1365 2445 τοῦ
1392 2392 1656 2468 νυμφίου,

178 2479 285 2533 Τοῦ
315 2478 574 2543 θέλοντος
599 2479 663 2534 τὸ
694 2479 959 2547 σώζεσθαι
1009 2478 1212 2540 πάντας
1266 2479 1586 2554 ἀνθρώπους
1633 2475 1829 2550 ὅντως,

176 2567 244 2621 Τὸ
271 2567 510 2640 καθαράν
547 2587 613 2640 με
639 2565 923 2630 παντελῶς
954 2566 1046 2622 καὶ
1074 2570 1275 2643 θεαυγῆ
1308 2574 1559 2639 φανῆναι.

178 2653 338 2712 ’Δλλ’
365 2654 524 2720 αὖθις
555 2657 922 2733 θεωρήσωμεν
949 2656 1017 2711 τὰ
1044 2657 1162 2711 καθ’
1192 2656 1382 2733 εἷ’ρμὸν
1419 2662 1516 2713 τοῦ
1549 2656 1737 2735 λόγου,

601 2781 767 2850 Φωνὴ
806 2784 904 2835 τοῦ
943 2777 1242 2859 ἀδελφιδοῦ
1286 2802 1411 2855 μου.

242 2900 523 2955 Τοσοῦτον
552 2894 936 2967 ἀκατάληπτον
971 2892 1140 2960 ὅντως
1171 2896 1282 2954 ἐστὶ
1313 2899 1375 2954 τὸ
1404 2904 1581 2969 Θεῖον,

175 2989 290 3041 Ὀτι
320 2984 420 3041 κᾶν
453 2986 627 3049 πάσας
659 2987 848 3062 ἀρετάς
876 3008 961 3049 τις
991 2986 1312 3065 κατορθώσῃ
1344 2987 1548 3059 πόνοις,

180 3075 280 3130 Κᾶν
315 3076 516 3151 annos
546 3077 681 3152 πρὸς
713 3075 976 3153 οὐρανοὺς
1004 3082 1125 3139 τοῖς
1156 3074 1427 3153 ἐναρέτοις
1459 3074 1707 3154 τρόποις,

181 3166 478 3222 Κάντεῦθεν
510 3164 766 3242 σύνεγγυς
796 3171 930 3223 Θεοῦ
957 3167 1162 3241 νομίσῃ
1189 3166 1523 3240 καθεστάναι,

181 3261 345 3311 Ἴστω
376 3255 668 3331 τυγχάνειν
700 3254 980 3332 πόῤῥωθεν
1011 3263 1110 3326 τῆς
1142 3257 1326 3325 θεϊκῆς
1358 3257 1567 3320 οὐσίας.

182 3340 322 3402 Ἰδοὺ
354 3343 461 3421 γὰρ
493 3347 529 3414 ἡ
561 3346 885 3420 προκόψασα
910 3344 1001 3401 καὶ
1031 3345 1275 3423 φθάσασα
1298 3346 1435 3420 πρὸς
1465 3345 1622 3420 ὕψος,

182 3435 286 3489 Καὶ
317 3430 685 3510 προσδοκῶσα
724 3434 978 3510 σύνεγγυς
998 3432 1213 3489 ἑστάναι
1242 3438 1339 3491 τοῦ
1368 3435 1625 3513 νυμφίου,

180 3522 384 3580 Οὐσίαν
410 3529 521 3591 τῆς
548 3522 809 3592 θεότητος
839 3520 955 3578 οὐδ’
988 3520 1135 3586 ὅλως
1166 3522 1481 3599 ἐπεγνώκει.

178 3613 383 3680 Φωνήν
411 3608 470 3668 δὲ
495 3610 695 3667 τούτου
724 3610 923 3683 νόησον
953 3616 1061 3667 τῶν
1093 3618 1390 3690 προφητῶν
1421 3613 1516 3677 τὰς
1551 3612 1764 3689 ῥήσεις,

177 3701 284 3764 Τὰς
318 3702 420 3769 τήν
447 3704 547 3756 τοῦ
579 3700 755 3776 Λόγου
786 3701 1056 3775 σάρκωσιν
1083 3700 1335 3779 ἁρῥήτως
1360 3699 1769 3776 προδηλούσας.

180 3790 313 3847 Εἶτα
342 3789 437 3845 καὶ
466 3789 519 3843 τί
551 3811 711 3866 φησιν
745 3790 891 3862 ἑξῆς,
924 3789 1097 3847 ἐκεῖνο
1127 3791 1449 3863 σκοπητὲον.

251 3966 403 4025 Ἰδοὺ
452 3968 612 4031 οὗτος
652 3967 774 4039 ἥκει
823 3966 1016 4040 πηδῶν
1060 3967 1150 4026 ἐπὶ
1196 3969 1264 4026 τὰ
1309 3964 1436 4047 ὅρη,
1479 3967 1847 4047 διαλλόμενος

184 4058 270 4112 ἰπὶ
303 4056 439 4120 τοὺς
474 4058 725 4134 βουνούς,

255 4147 511 4203 Εἶποῦσα
538 4150 757 4221 πρῶτον
788 4150 886 4217 τῆς
930 4153 1116 4224 φωνῆς
1169 4147 1393 4204 ἀκοῦσαι
1440 4153 1539 4204 τοῦ
1586 4149 1846 4227 νυμφίου,

182 4237 378 4303 Οὗτος,
414 4235 573 4312 φησὶ,
606 4239 695 4290 νῦν
726 4233 946 4312 ἔρχεται
974 4233 1162 4309 πηδῶν
1195 4235 1283 4293 ἐπὶ
1312 4237 1378 4294 τὰ
1407 4233 1532 4313 ὅρη.

182 4323 393 4388 Καλῶς
427 4322 830 4403 ἐφιλοσόφησεν
864 4327 899 4395 ἡ
929 4327 1138 4403 καθαρὰ
1165 4327 1449 4403 παρθένος,

181 4418 241 4475 '0
270 4415 382 4493 γάρ
410 4435 498 4469 τοι
530 4414 707 4489 Λόγος
733 4418 831 4470 τοῦ
862 4419 996 4471 Θεοῦ
1025 4416 1132 4484 πρὸ
1162 4423 1259 4487 τῆς
1289 4415 1365 4478 εἷς
1392 4418 1495 4492 γῆν
1522 4414 1777 4488 καθόδου,

183 4506 491 4583 Προφήτας
520 4503 862 4578 ἐξαπέστειλε
888 4503 1177 4582 προλέγειν
1202 4507 1303 4575 τήν
1331 4504 1539 4561 ἐκείνου

182 4596 301 4665 Τὴν
328 4592 469 4669 πρὸς
500 4593 820 4669 ἀνθρώπους
847 4592 1102 4668 κάθοδον,
1132 4594 1222 4650 καὶ
1256 4595 1525 4672 σάρκωσιν
1554 4596 1654 4666 τήν
1684 4595 1849 4661 θείαν.

182 4686 340 4741 Μετᾶ
366 4680 428 4738 δὶ
450 4682 677 4746 τούτους
706 4679 904 4761 ἔφθασε
925 4683 1176 4750 κάκεῖνος
1207 4683 1520 4762 οὐρανόθεν.

184 4775 249 4831 Ὀ
283 4770 346 4829 δὲ
371 4773 561 4843 παρὼν
594 4772 889 4828 αἰνίττεται
920 4772 1091 4849 λόγος
1122 4774 1149 4828 ὁ
1187 4778 1296 4830 τῶν
1326 4774 1639 4848 ’ᾼσμάτων,

187 4863 269 4920 Τὸ
299 4865 410 4926 τῆς
442 4859 905 4936 ἐνανθρωπήσεως
931 4867 1029 4918 τοῦ
1058 4864 1409 4940 θεανθρώπου
1441 4865 1643 4940 Λόγου.

186 4953 269 5007 Δι’
300 4954 374 5021 ἧς
408 4949 700 5007 εἲλκύσατο
729 4953 911 5027 om;
940 4950 995 5006 ἓν
1029 4951 1207 5007 σκότει
1237 4952 1571 5026 καθημένας,

188 5040 475 5115 Δαίμονας
507 5037 674 5103 ὅλους
702 5038 949 5104 καθελὼν
984 5040 1074 5095 καὶ
1109 5041 1249 5117 μόνῃ
1281 5038 1554 5100 κελεύσει.

185 5129 436 5189 Τούτους
462 5129 564 5204 γὰρ
597 5124 700 5205 ὄρη
735 5127 971 5201 κέκληκε
998 5129 1086 5184 καὶ
1120 5126 1284 5185 πάλιν
1318 5129 1547 5206 βουνοὺς
1580 5130 1750 5206 λέγει.

187 5221 640 5294 Θαυματουργῶν
695 5217 797 5294 γὰρ
854 5220 882 5273 ὁ
940 5219 1202 5296 Χριστὸς,
1267 5221 1357 5276 καί
1434 5216 1697 5292 δαίμονας
1769 5218 1859 5276 ἐκ·

1536 5314 1543 5379 Ι
1558 5303 1787 5365 ϐάλλων

186 5398 281 5470 Τῷ
315 5395 476 5472 λόγῳ
510 5395 687 5470 μόνῳ,
719 5394 1026 5471 ξύμπαντας
1057 5394 1248 5469 ἰπίσης
1290 5396 1608 5473 ἐταρτάρου,

184 5484 527 5547 Ἐλάττονας
557 5486 648 5542 καὶ
682 5486 929 5558 μείζονας
959 5485 1051 5542 καὶ
1085 5484 1298 5559 μᾶλλον
1329 5484 1624 5563 λεγεῶνας.

183 5577 432 5634 Ἔπειτα
455 5572 512 5630 τί
544 5594 708 5654 φησιν
740 5574 896 5640 εὐθὺς
926 5576 963 5646 ἡ
1002 5573 1213 5656 νύμφη,
1246 5577 1569 5648 σκοπητὲον·

261 5738 321 5779 ³⁸
348 5737 374 5796 Ι
403 5736 580 5797 Joan.
608 5753 690 5812 xv,
722 5738 811 5795 16.
885 5739 930 5776 ²¹¹
958 5738 984 5797 Ι
1010 5738 1153 5797 Cor.
1174 5754 1303 5817 xm,
1331 5738 1388 5799 8.
1463 5739 1508 5778 ³⁸
1536 5741 1561 5801 Ι
1590 5737 1746 5802 Tim.
1779 5757 1844 5815 ιι,
1872 5739 1930 5802 4.

1924 652 2031 692 suo
2062 635 2230 692 nobis
2258 634 2800 693 immutabilitatem
2829 635 3138 709 largiatur.

2648 848 2842 906 Pselll.

1993 966 2211 1023 Verum
2240 971 2477 1041 tempus
2504 970 2612 1031 est,
2644 972 2710 1023 ut
2740 984 2873 1040 quae
2903 967 3324 1041 sequunturin
3368 970 3574 1027 Canti-

1925 1056 2010 1113 cis
2041 1054 2378 1114 audiamus.
2430 1056 2658 1114 Rursus
2706 1057 2861 1113 enim
2915 1057 3155 1131 angelos
3203 1060 3475 1119 obsecrat
3521 1063 3581 1116 et

1926 1145 2256 1202 obtestatur
2286 1162 2300 1202 :

1994 1234 2262 1303 Adjuravi
2318 1250 2427 1303 vos,
2484 1235 2621 1305 ﬁliae
2672 1234 3010 1313 Jerusalem,
3061 1252 3158 1308 per
3203 1239 3486 1309 potentias
3528 1242 3581 1294 et

1924 1322 2292 1396 fortitudines
2321 1325 2467 1396 agri,
2496 1332 2558 1381 ut
2578 1325 2848 1383 suscitatis
2877 1333 2929 1382 et
2955 1327 3209 1385 excitetis.
3229 1327 3581 1398 charitatem,

1927 1412 2100 1469 donec
2128 1414 2390 1469 voluerit.

1999 1592 2150 1664 Ager
2178 1590 2287 1646 tibi
2318 1591 2395 1647 sit
2426 1592 2685 1648 mundus
2720 1607 2733 1649 :
2766 1591 2948 1663 hujus
2977 1592 3283 1665 fortitudo,
3317 1595 3583 1666 potestas

1931 1679 2167 1737 Domini
2195 1679 2369 1736 Verbi
2400 1697 2468 1735 ac
2497 1681 2722 1753 sponsi.
2776 1680 2917 1748 Vos,
2966 1680 3176 1753 inquit,
3231 1682 3332 1755 qui
3380 1682 3584 1754 sponsi

1932 1769 2273 1841 nuptiarum
2306 1768 2566 1825 ministri
2597 1770 2739 1826 estis
2770 1774 2947 1842 atque
2974 1770 3442 1839 amici,assiduis
3474 1770 3583 1827 ﬂa-

1934 1858 2318 1932 gitationibus
2350 1857 2609 1927 omissis,
2630 1858 3020 1930 jurejurando
3052 1873 3261 1933 precor
3288 1874 3358 1915 ex
3385 1859 3585 1918 animo

1856 1921 1906 1988 Β
1935 1921 2111 2019 atque
2140 1946 2422 2017 obtestor,
2467 1963 2540 2003 ne
2588 1921 2896 2018 prius-me
2945 1921 3217 2005 decorare
3266 1948 3609 2020 desistatis,

1934 2052 2116 2108 quam
2167 2036 2439 2108 partibus
2486 2052 2553 2091 ac
2587 2037 2850 2093 numeris
2879 2037 3157 2094 omnibus
3186 2042 3461 2095 ornatum
3493 2041 3585 2095 at-

1936 2140 2050 2198 que
2079 2124 2395 2196 expolitam
2428 2124 2690 2181 moribus
2720 2125 3119 2197 reddideritis,
3148 2130 3208 2182 et
3236 2127 3440 2199 sponsi
3489 2143 3589 2184 vo-

1934 2213 2132 2269 luntas
2162 2212 2389 2286 expleta
2421 2214 2615 2283 fuerit,
2648 2215 2821 2285 cujus
2852 2214 3089 2287 quidem
3120 2214 3243 2271 haec
3274 2221 3364 2272 est
3390 2216 3592 2272 volun-

1933 2307 2025 2359 tas
2056 2303 2231 2359 unica
2259 2303 2396 2370 ”,ut
2420 2302 2693 2360 homines
2725 2303 2971 2376 pervelit
3000 2320 3206 2361 omnes
3226 2303 3418 2361 salvos
3440 2304 3590 2376 fieri,

1941 2402 2149 2465 meque
2182 2392 2353 2465 plane
2383 2393 2667 2448 mundam
2700 2411 2767 2450 ac
2816 2394 3013 2450 divino
3062 2393 3373 2466 splendore
3419 2393 3593 2451 illus-

1937 2485 2087 2537 trem
2118 2496 2268 2537 esse.
2301 2482 2411 2537 Sed
2439 2481 2723 2538 orationis
2761 2483 2972 2539 seriem
3018 2482 3403 2556 contemplari
3457 2500 3591 2557 per-

1937 2585 2170 2641 gamus.

2460 2785 2570 2843 Vox
2597 2784 2915 2843 consobrini
2938 2787 3068 2842 mei.

2009 2901 2267 2958 Tantum
2292 2902 2477 2959 abest
2507 2905 2573 2957 ut
2605 2901 3333 2975 divinitas‘comprehendi
3365 2906 3543 2974 queat
3570 2917 3593 2958 τ

1941 2989 2165 3055 ut,licet
2192 2989 2512 3049 virtutibus
2534 2990 2612 3047 sit
2633 2990 2931 3064 quispiam
2953 2991 3231 3047 omnibus
3253 2995 3595 3056 exornatus,

1942 3079 2234 3151 rectisque
2262 3077 2495 3135 vivendi
2546 3079 2877 3135 rationibus
2918 3077 3194 3136 sublimis
3244 3078 3489 3136 tollatur
3532 3078 3596 3134 in
3646 3114 3653 3127 ι

1941 3167 2250 3234 omium,ac
2281 3173 2588 3240 propterea
2616 3185 2680 3225 se
2711 3168 2972 3239 proxime
3001 3168 3076 3225 ad
3104 3168 3598 3241 Deum‘putet‘ac-
3644 3188 3653 3215 ε

1864 3295 1910 3359 C
1945 3258 2170 3328 cedere,
2200 3257 2273 3315 ab
2303 3258 2434 3328 ejus
2465 3261 2664 3314 tamen
2714 3262 2927 3314 natura
2976 3257 3028 3313 is
3076 3259 3297 3315 distare
3340 3274 3408 3314 se
3450 3255 3604 3359 sciat
3630 3276 3657 3307 ξι

1948 3363 2127 3419 quam
2152 3346 2517 3418 longissime.
2550 3346 2697 3402 Ecce
2741 3346 2898 3402 enim
2948 3363 3192 3419 sponsa,
3242 3363 3371 3420 quis
3422 3346 3605 3421 proli-

1946 3437 2155 3493 ciendo
2178 3437 2250 3493 ad
2273 3452 2405 3493 eam
2426 3434 2854 3492 sublimitatem
2881 3451 3193 3508 progressa
3211 3442 3392 3509 ast,ut
3410 3436 3605 3510 proxi-
3638 3472 3659 3485 ιι

1950 3541 2042 3581 me
2069 3526 2145 3580 ad
2197 3541 2483 3597 sponsum
2532 3524 2832 3581 videretur
2879 3524 3226 3593 accessisse,
3273 3525 3607 3582 divinitatis
3646 3560 3649 3567 π

1949 3612 2266 3671 essentiam
2294 3613 2451 3669 haud
2485 3611 2746 3686 percepit
2790 3612 3054 3669 omnino.
3105 3613 3344 3685 Tu~per
3394 3628 3600 3670 vocem

1951 3702 2424 3774 sponsioracula
2454 3701 2869 3776 prophetarum
2905 3700 3124 3772 accipe,
3154 3717 3286 3773 qua
3325 3717 3606 3757 arcanam
3656 3716 3659 3721 '

1950 3791 2124 3849 Verbi
2197 3791 2662 3849 incarnationem
2733 3790 3142 3863 prodiderunt.
3198 3790 3347 3855 Quid
3405 3794 3607 3847 autem

1960 3881 2242 3952 deinceps
2263 3880 2440 3946 dicat,
2466 3884 2558 3936 est
2584 3879 3033 3937 attendendum.

2025 3971 2159 4025 Ecce
2210 3969 2298 4025 hic
2351 3969 2501 4025 venit
2547 3969 2769 4026 saliens,
2814 3971 2876 4025 in
2929 3968 3231 4036 montibus,
3266 3968 3612 4026 transiliens

1955 4060 2146 4116 colles.

2028 4149 2172 4205 Cum
2206 4149 2382 4203 antea
2411 4147 2609 4218 sponsi
2636 4147 3077 4205 vocem‘audire
3108 4163 3173 4203 se
3202 4147 3616 4220 dixissetjam,

1957 4237 2171 4310 inquit,
2202 4236 2295 4293 hic
2313 4238 2465 4293 venit
2508 4234 2721 4293 saliens
2765 4252 2933 4309 super
2975 4246 3207 4294 montes.
3261 4237 3417 4293 Scite
3466 4253 3619 4310 pura

1957 4326 2138 4399 Virgo
2171 4323 2641 4398 philosophatur.
2675 4324 2822 4381 Nam
2853 4325 3106 4382 Verbum
3136 4325 3263 4396 Dei,
3295 4330 3615 4398 antequam

1959 4416 2342 4473 descenderet
2368 4414 2429 4471 in
2461 4412 2990 4487 terram,prmmisit
3019 4414 3336 4489 prophetas
3366 4416 3465 4487 qui
3509 4416 3619 4472 ad-

1959 4509 2197 4562 ventum
2229 4519 2406 4561 suum
2440 4508 2497 4559 et
2528 4503 2785 4560 divinam
2836 4504 3298 4561 incarnationem
3344 4521 3621 4577 prmnun-

1961 4594 2196 4651 tiarent.
2230 4593 2363 4650 Mox
2393 4597 2452 4649 et
2479 4590 2608 4664 ipse
2659 4592 2731 4648 de
2776 4591 2922 4649 caelo
2946 4592 3283 4664 :profectusr
3320 4598 3451 4650 est:
3485 4594 3621 4651 Hac

1885 4663 1933 4729 D
1964 4684 2146 4757 igitur
2174 4683 2350 4740 verba
2378 4663 2752 4738 Canticorum
2786 4663 3041 4738 innuunt
3071 4682 3255 4737 divini
3299 4682 3476 4739 Verbi
3523 4683 3616 4738 in-

1970 4773 2398 4837 carnationem,-
2430 4785 2535 4842 per
2558 4785 2743 4841 quam
2776 4769 3008 4826 animas
3034 4770 3094 4825 in
3131 4771 3390 4828 tenebris
3419 4772 3624 4828 consi-

1969 4863 2174 4918 dentes
2233 4858 2525 4927 liberavit,
2571 4858 2748 4930 jussu
2799 4857 2935 4914 solo
2978 4858 3201 4930 fugatis
3251 4859 3620 4917 daemonibus

1968 4948 2284 5015 universis,
2319 4964 2467 5020 quos
2499 4950 2732 5003 montes
2759 4944 3014 5019 appellat
3060 4963 3130 5002 ac
3181 4947 3394 5004 deinde
3436 4947 3619 5005 colles

1965 5043 2154 5097 vocat.
2188 5037 2459 5095 Christus
2489 5036 2649 5092 enim
2680 5035 2861 5091 edens
2891 5033 3197 5103 miracula,
3233 5041 3412 5108 atque
3463 5039 3618 5094 inte-

1968 5146 2105 5203 gras
2134 5129 2468 5183 daemonum
2497 5124 2760 5197 legiones
2787 5124 3029 5194 ejiciens
3053 5127 3229 5181 verbo
3277 5125 3424 5197 solo,
3474 5142 3623 5183 cun-

1967 5223 2093 5273 ctos
2120 5215 2299 5273 simul
2330 5219 2456 5271 tum
2488 5215 2748 5286 majores
2778 5217 2904 5269 tum
2936 5211 3193 5271 minores
3221 5213 3282 5269 in
3330 5217 3621 5272 tartarum

1967 5306 2237 5363 detrusit.
2268 5304 2415 5370 Quid
2447 5304 2651 5361 statim
2684 5318 2904 5377 sponsa
2935 5302 3130 5359 dicere
3160 5305 3386 5377 pergat,
3400 5319 3622 5378 expen-

1967 5396 2202 5452 damus.
2923 5418 2926 5423 ~
