4072 6346
466 416 579 477 583

534 549 749 605 Similis
804 555 885 605 est
936 549 1311 604 consobrimus
1371 566 1521 606 meus
1560 566 1766 623 capreae
1810 551 2108 607 hinnulove
2136 556 2189 621 Α

465 656 746 697 cervorum
776 640 840 694 in
866 639 1144 695 montibus
1174 639 1395 695 Bethel.

532 731 661 785 Haec
693 746 872 801 prope
902 728 1094 785 simile
1142 730 1422 799 quiddam
1473 731 1811 803 significant
1857 730 1930 787 iis
1979 749 2106 803 qua

458 819 613 874 dicta
641 823 799 874 sunt.
832 817 1142 874 Declarant
1185 819 1362 889 enim,
1412 819 1667 875 Verbum
1714 826 1773 876 et
1819 836 2105 892 sponsum

454 909 751 982 expulisse
781 909 1095 977 daemones,
1146 913 1318 980 atque
1347 908 1405 964 in
1439 914 1726 965 tartarum
1759 912 2103 967 detrusisse.

454 1003 746 1071 Sponsum
766 1001 963 1054 autem
987 998 1235 1054 hinnulo
1259 1014 1563 1054 cervorum
1586 1004 1887 1071 comparat
1908 1000 2104 1072 Virgo,

453 1088 536 1146 ita
588 1089 880 1143 daemones
935 1087 1363 1159 proﬂigantem,
1412 1094 1479 1143 ut
1518 1089 1805 1145 hinnulus
1836 1090 2103 1145 destruit.

452 1177 748 1233 Hinnulus
780 1176 875 1231 hic
906 1176 965 1231 in
998 1176 1302 1232 montibus
1334 1178 1524 1234 foveas
1547 1177 1917 1234 habet.Mons
1948 1178 2104 1234 enim

454 1266 654 1324 Bethel
716 1266 952 1321 caeleste
1002 1264 1224 1321 indicat
1269 1266 1657 1323 domicilium.
1707 1270 1926 1340 Caprea
1973 1284 2106 1324 vero

454 1354 763 1428 allegorice
793 1354 1126 1425 (videntem)
1160 1353 1474 1426 signiﬁcat.
1508 1356 1655 1412 Nam
1682 1355 1807 1428 ipse
1836 1356 2103 1413 omnium

455 1445 632 1501 corda
660 1443 947 1499 intuetur.

1048 1642 1231 1696 Trium
1260 1642 1514 1697 Patrum.

526 1748 643 1804 Hoc
672 1751 869 1803 autem
902 1751 1068 1818 pacto
1109 1763 1243 1802 cum
1297 1746 1590 1803 discentes
1634 1747 1865 1805 animas
1914 1748 2099 1821 magi-

454 1843 575 1894 stra
625 1853 844 1909 sponsa
903 1835 1219 1905 docuisset,
1270 1840 1337 1891 ut
1383 1841 1508 1892 tum
1561 1854 1740 1909 prensa
1789 1838 2099 1895 formidine

1796 416 2214 479 MICHAELIS
2260 418 2533 480 PSELLI

3756 421 3882 481 584

2291 550 2524 622 Ὅμοιός
2556 550 2692 605 ἐστιν
2726 546 3018 627 ἀδελφιδός
3053 570 3157 624 μου
3206 553 3274 624 τῇ
3326 547 3549 624 δορκάδι
3595 552 3629 620 ἢ
3683 550 3877 630 ἆλάφῳ

2218 638 2303 693 ἐπὶ
2334 640 2401 694 τὰ
2431 639 2531 715 ὄρη
2566 638 2801 711 Βαιθήλ.

2292 726 2498 803 Σχεδὸν
2523 731 2715 784 ταυτόν
2745 750 2796 784 τι
2828 728 3031 806 πέφυκε
3060 733 3219 784 τοῦτο
3249 735 3366 792 τοῖς
3397 730 3785 808 προρῥηθεῖσι.

2218 815 2509 872 Κάντεῦθεν
2539 820 2639 894 γάρ
2682 816 2962 889 δεδήλωκε
2985 818 3077 873 τὸν
3107 818 3287 894 Λόγον
3315 818 3404 873 καὶ
3434 820 3692 898 νυμφίον,

2215 905 2353 968 Τοὺς
2384 904 2639 979 δαίμονας
2674 905 2964 962 ἐλαύνοντα
2992 909 3081 962 καὶ
3112 913 3634 985 καταταρταροῦντα.

2215 990 2411 1069 Νεϐρῷ
2443 995 2487 1051 δ’
2513 996 2611 1051 αὐτ
2628 1020 2673 1050 ιν
2705 997 3022 1073 παρείκασεν
3054 996 3268 1075 ἐλάφων
3302 1000 3335 1067 ἡ
3366 997 3660 1075 Παρθένος.

2214 1086 2304 1145 Ὦς
2337 1082 2497 1154 δῆθεν
2528 1084 2889 1141 ἀναλίσκοντα
2915 1087 3013 1155 τὴν
3045 1085 3199 1163 φύσιν
3226 1091 3333 1141 τῶν
3368 1084 3667 1160 δαιμόνων,

2213 1178 2416 1247 Ὥσπερ
2446 1173 2573 1237 τοὺς
2600 1172 2806 1252 ὄφεις-ἡ
2838 1170 3045 1251 νεϐρός.
3079 1174 3239 1231 Ἀλλ’
3268 1178 3302 1245 ἡ
3336 1172 3523 1249 νεϐρὸς
3554 1176 3760 1247 ἐκείνη,

2213 1266 2372 1325 "Huc
2403 1262 2486 1318 ἐπ’
2517 1259 2675 1339 ὅρους
2704 1268 2800 1319 τοῦ
2827 1263 3037 1333 Βαιθήλ
3066 1261 3182 1341 ἔχει
3212 1265 3310 1333 τὴν
3345 1264 3451 1320 ἅνω
3492 1266 3797 1324 κατοικίαν.

2213 1358 2379 1427 ’Όρυς
2413 1349 2470 1407 δέ
2496 1353 2726 1428 γίνωσκε
2758 1356 2971 1424 Βαιθὴλ
3000 1356 3101 1423 την
3132 1352 3241 1408 ἄνω
3271 1356 3574 1411 κατοικίαν.

2212 1442 2273 1496 ’Π
2306 1438 2362 1496 δὲ
2393 1438 2589 1516 δορκάς
2622 1463 2707 1497 σοι
2735 1447 3010 1518 τροπικῶς
3038 1444 3130 1498 τὸν
3163 1441 3436 1519 βλέποντα
3466 1445 3743 1518 σημαίνει.

2212 1533 2384 1593 Ουτος
2413 1532 2516 1608 γὰρ
2553 1529 2770 1608 βλέπων
2804 1533 3033 1610 πέφυκεν
3064 1533 3310 1588 ἀπάντων
3342 1534 3438 1599 τὰς
3463 1531 3717 1611 καρδίας.

2382 1718 2385 1721 Δ
2773 1644 2889 1695 Τῶν
2926 1642 2972 1717 γ’
3013 1622 3288 1715 Πατάρων.

2280 1744 2438 1803 Οὕτω
2486 1743 2741 1817 διδάξασα
2786 1748 2881 1808 τὰς
2931 1746 3377 1820 μαθητευομένας
3412 1749 3597 1825 ψυχας
3625 1751 3661 1820 ἠ
3713 1747 3868 1805 διδά-

2212 1831 2434 1903 σκαλος,
2461 1832 2548 1889 διά
2576 1856 2633 1890 τε
2661 1840 2758 1890 τοῦ
2790 1830 2962 1899 φόϐου
2990 1840 3099 1890 τῶν
3148 1833 3425 1891 κολάσεων
3475 1838 3565 1892 καὶ
3613 1845 3713 1909 τῆς
3770 1837 3865 1894 ἰλ-

449 1932 569 1983 tam
598 1927 1025 1998 promissorum
1058 1941 1161 1996 spe
1192 1925 1468 1981 virtutem
1522 1926 1871 1995 excolentes,
1908 1912 1983 1981 ‘in
2035 1941 2089 1982 se

2206 1921 2362 1985 πίδος
2393 1928 2502 1979 τῶν
2531 1922 2862 1999 ἐπαγγελιῶν
2924 1924 3150 2001 ἐγείρειν
3200 1928 3317 1981 κατ’
3364 1926 3580 2000 ἀρετὴν,
3631 1928 3721 1983 καὶ
3784 1927 3866 2001 ιε-

450 2016 793 2073 charitatem
826 2013 1212 2069 accenderent
1241 2031 1484 2084 eamque
1516 2030 1618 2086 per
1649 2015 2093 2087 contemplatio-

453 2121 587 2162 nem
646 2104 1118 2171 inﬂammarent;
1175 2103 1359 2159 donec
1418 2120 1636 2174 sponso
1706 2103 1959 2175 placeret
2023 2104 2094 2159 ad

449 2199 611 2271 ipsas
684 2196 975 2261 advenire,
1011 2198 1187 2263 atque
1244 2211 1342 2249 cas
1394 2194 1453 2249 in
1512 2199 1667 2249 statu
1740 2194 2095 2250 immutabili

449 2287 806 2344 constituere
850 2302 862 2339 :
920 2300 993 2339 ne
1037 2284 1199 2351 forte,
1256 2283 1457 2355 sponsi
1504 2284 1817 2339 adventum
1872 2285 2096 2339 tardius

449 2360 712 2431 futurum
744 2374 1172 2440 existimantes,
1201 2372 1527 2428 excolendae
1555 2372 1789 2428 virtutis
1836 2372 2093 2429 laborem

451 2466 863 2534 detrectarent,
897 2462 1031 2517 illas
1059 2462 1390 2531 conﬁrmat,
1429 2462 1554 2529 Vox,
1590 2462 1887 2532 inquiens,
1936 2478 2097 2534 nepo-

448 2556 518 2610 tis
547 2555 678 2609 mei.
708 2552 853 2608 Nam
888 2550 1087 2606 dilecti
1119 2566 1225 2605 vox
1257 2554 1726 2615 Praecursorest,
1772 2550 1867 2607 ille
1909 2552 2115 2623 pmni-_

445 2642 638 2698 tentia
672 2639 1343 2714 promulgatorﬁdivinas
1374 2638 1675 2695 instruens
1706 2639 1828 2695 vias
1858 2656 1923 2695 ac
1953 2639 2094 2695 diri-

445 2748 592 2804 gens
623 2732 885 2787 semitas.
923 2730 1100 2786 Voces
1132 2732 1273 2783 sunt
1324 2728 1494 2783 mima
1543 2734 1600 2782 et
1648 2727 2093 2799 promissiones,

445 2838 573 2893 qua:
606 2819 820 2893 partim
850 2818 1151 2874 auditores
1180 2817 1251 2871 ad
1284 2816 1679 2889 paenitentiam
1730 2816 2046 2889 impellunt
2076 2833 2091 2872 :

444 2910 657 2981 partim
707 2908 830 2963 vias
880 2906 1108 2962 Domini
1149 2922 1215 2961 ex
1244 2904 1459 2960 virtute
1492 2905 1886 2972 constituunt,
1918 2914 1975 2961 et
2005 2922 2094 2961 re-

446 3002 571 3056 ctas
602 3015 705 3070 per
733 2996 1129 3069 cognitionem
1164 2995 1222 3049 in
1255 2994 1402 3066 ipsis
1433 2995 1656 3050 faciunt
1677 2996 1918 3051 semitas
1942 2996 2092 3067 ejus.

445 3089 576 3143 Ecce
606 3088 695 3143 hic
722 3088 889 3143 venit.
926 3085 1101 3141 Venit
1130 3086 1409 3157 profecto,
1442 3099 1573 3139 ecce
1613 3084 1739 3155 jam
1785 3085 1971 3151 adest,
2020 3085 2092 3157 si,

450 3176 936 3233 comminationes
967 3173 1125 3230 illius
1158 3178 1334 3244 atque
1357 3174 1648 3245 promissa
1694 3174 2094 3245 exaudientes,

448 3282 482 3321 a
512 3265 806 3338 prioribus
836 3264 1087 3336 peccatis
1116 3279 1219 3366 per
1248 3262 1651 3366 paenitentiam
1684 3264 2017 3319 recedamus
2040 3267 2097 3320 et
2126 3300 2167 3366 C

448 3370 553 3427 per
581 3371 745 3426 spem
778 3354 1113 3409 futurorum
1146 3352 1432 3407 bonorum
1484 3351 1871 3408 illustremur.
1926 3354 2097 3410 Venit

446 3447 643 3499 autem
673 3444 743 3500 ad
778 3460 908 3509 nos,
934 3446 999 3496 ut
1028 3442 1253 3497 dictum
1286 3446 1395 3507 est,
1437 3446 1792 3513 prmparatos
1826 3458 1839 3496 :
1874 3442 2093 3499 saliens

442 3551 622 3607 super
670 3532 897 3590 excelsa
950 3531 1218 3587 videlicet
1278 3533 1509 3588 decreta
1565 3532 1891 3588 divinitatis
1949 3550 2087 3603 suae,

439 3623 733 3691 sublimis,
767 3639 892 3696 quae
936 3622 1171 3677 verticis
1220 3622 1509 3676 montium
1562 3621 1754 3676 instar
1798 3623 2086 3678 obtinent.

438 3717 519 3770 Ex
548 3712 898 3770 afﬁrmativa
927 3712 1083 3767 enim
1116 3711 1314 3783 ipsum
1363 3709 1657 3782 theologia
1704 3711 2090 3784 comprehen-

437 3805 573 3861 dere
603 3808 905 3871 conantes,
940 3804 998 3858 in
1031 3818 1149 3874 qua
1179 3800 1537 3857 constitutus
1558 3817 1627 3856 ex
1676 3805 1807 3857 actu
1855 3801 2087 3873 praecel-

435 3910 539 3949 sus
570 3893 919 3958 ostenditur,
953 3908 1022 3947 ex
1054 3891 1161 3945 hac
1192 3906 1327 3945 eum
1361 3889 1683 3960 aspicimus
1716 3889 1772 3943 in
1819 3891 2087 3962 negativa

430 3982 743 4055 theologia,
778 3986 1068 4053 quatenus
1099 3976 1356 4035 essentia
1386 3977 1761 4050 praestantior
1789 3984 1879 4033 est
1917 3986 2083 4034 tran-

432 4071 635 4127 siliens
684 4069 883 4126 colles.
934 4068 1151 4125 Verum
1204 4067 1383 4123 colles
1434 4068 1592 4135 item,
1645 4072 1709 4123 ut
1757 4067 2083 4124 eminentes

430 4164 589 4225 sunt,
623 4158 1085 4230 dispensationis
1116 4156 1438 4211 extendunt
1469 4157 1765 4226 instituta,
1794 4173 1923 4227 quae
1956 4158 2082 4229 ipsa

428 4264 661 4320 quoque
693 4252 996 4319 nequeunt
1021 4244 1460 4317 comprehendi.
1517 4246 1705 4317 Super
1753 4246 1932 4302 colles
1977 4264 2081 4302 au-

428 4342 569 4405 tem,
620 4342 903 4408 quantum
956 4334 1027 4389 ad
1087 4332 1477 4405 cognitionem
1527 4339 1786 4390 nostram
1848 4334 2080 4401 attinet,

426 4442 684 4497 sponsus
733 4424 1013 4490 transilit,
1063 4424 1205 4479 dum
1258 4439 1324 4478 ex
1369 4438 1435 4479 eo
1484 4424 1637 4496 quod
1691 4423 1867 4491 Deus,
1920 4423 2078 4478 vide-

426 4520 522 4571 tur
552 4519 618 4571 ut
663 4515 858 4570 homo.
911 4515 978 4569 Et
1026 4512 1246 4569 saliens
1298 4514 1352 4567 in
1405 4512 1463 4567 id
1517 4514 1673 4584 quod
1735 4513 1908 4568 homo
1966 4517 2076 4578 est,

425 4604 801 4677 cognoscitur
829 4606 895 4658 ut
929 4608 1097 4658 Deus.
1132 4602 1294 4668 Quod
1328 4606 1523 4657 autem
1558 4603 1629 4657 de
1661 4617 1879 4673 sponso
1910 4600 2073 4665 dixit,

2208 2013 2433 2087 εγείρειν
2465 2016 2602 2068 κατὰ
2630 2018 2832 2088 γνῶσιν
2878 2013 2930 2069 ἐν
2981 2015 3195 2078 ἑαυταῖς
3247 2017 3347 2085 τήν
3390 2015 3624 2091 ἀγάπην,
3656 2028 3862 2091 μεχρις

2206 2099 2268 2155 ἂν
2314 2102 2517 2177 θελήσῃ
2549 2103 2576 2156 6
2615 2102 2847 2179 νυμφίος
2893 2102 3289 2180 ἐμφανισθῆναι
3336 2104 3545 2174 αὐταῖς,
3577 2106 3666 2160 καὶ
3726 2127 3864 2176 στη·

2207 2190 2345 2265 ρίξαι
2379 2192 2455 2255 είς
2510 2191 2799 2265 άτρεψίαν·
2844 2190 3037 2247 λοιπὸν
3072 2190 3164 2247 ’ίνα
3224 2195 3300 2265 μὴ
3357 2194 3510 2248 αὗται
3571 2192 3855 2270 βραδύνειν

2203 2282 2303 2347 τὴν
2360 2284 2457 2335 τοῦ
2513 2281 2750 2358 νυμφίου
2804 2278 3098 2355 ἐπιδημίαν
3173 2279 3411 2353 δόξασαι,
3467 2284 3857 2361 ἀπαγορεύωσι

2207 2366 2295 2424 διὰ
2341 2370 2402 2424 τὸ
2460 2376 2557 2438 τῆς
2616 2370 2810 2444 ἀρετῆς
2866 2369 3148 2444 ἐπίμονον,
3207 2375 3669 2446 παραμυθουμένη
3718 2376 3861 2430 ταύ-

2202 2480 2317 2525 τας,
2380 2459 2531 2537 φησί’
2594 2460 2759 2528 Φωνή
2814 2464 2912 2514 τοῦ
2969 2458 3400 2539 ἀδελφιδοῦμου·
3452 2461 3639 2532 ἐπειδὴ
3698 2467 3860 2543 φωνή

2203 2552 2298 2601 τοῦ
2329 2549 2614 2623 ἀγαπητοῦ
2647 2550 2674 2603 6
2708 2546 3052 2625 Πρόδρομος,
3080 2550 3155 2611 ὡς
3183 2553 3353 2626 κήρυξ
3409 2556 3508 2617 τῆς
3569 2555 3864 2625 μετανοίας

2204 2637 2293 2692 καὶ
2347 2638 2674 2711 ἒτοιμαστής
2722 2642 2829 2693 τῶν
2882 2639 3040 2703 θείων
3087 2636 3228 2694 ὁδῶν
3275 2642 3364 2695 καὶ
3410 2636 3649 2716 τρίϐων’
3683 2644 3866 2720 φωναί

2206 2726 2336 2780 εἶσιν
2396 2724 2451 2780 α’ί
2506 2747 2564 2780 τε
2621 2724 2841 2781 ἀπειλαὶ
2898 2728 2988 2782 καὶ
3040 2728 3095 2782 αἱ
3153 2728 3491 2806 ἐπαγγελίαν
3525 2732 3601 2794 ὡς
3655 2734 3710 2786 αἱ
3765 2735 3863 2805 μὶν

2204 2813 2560 2893 ἐφελκόμεναι
2620 2815 2744 2876 τοὺς
2793 2816 3088 2879 ἀκούοντας
3147 2820 3284 2894 πρὸς
3348 2818 3654 2892 μετάνοιαν,
3686 2822 3739 2876 αἱ
3802 2819 3867 2878 δδ

2204 2903 2586 2977 ἐτοιμάζουσαι
2616 2907 2733 2960 κατ’
2764 2905 2958 2980 ἀρετὴν
3008 2907 3105 2968 τὰς
3148 2905 3307 2969 ὁδοὺς
3352 2912 3447 2964 τοῦ
3500 2910 3731 2984 Κυρίου,
3764 2913 3856 2966 καὶ

2205 2991 2415 3055 εὐθείας
2473 2997 2725 3047 ποιοῦσαι
2783 2993 2920 3047 κατά
2973 2997 3173 3067 γνῶσιν
3208 2992 3259 3049 ἐν
3309 2994 3525 3058 τούτοις
3583 2996 3679 3058 τὰς
3734 2998 3859 3073 τρί-

2204 3076 2335 3144 ϐους
2387 3082 2572 3148 αὐτοῦ,
2614 3080 2756 3138 Ἰδοὺ
2788 3082 2944 3144 οὗτος
2988 3082 3131 3152 ἥκει·
3164 3081 3313 3153 ἤτοι,
3347 3082 3486 3140 Ἰδοὺ
3546 3084 3705 3148 οὗτος
3766 3083 3856 3163 ἕρ-

2204 3190 2391 3247 χεται·
2425 3171 2477 3227 εἷ’
2519 3177 2627 3227 τῶν
2688 3170 2928 3226 ἀπειλῶν
2989 3172 3153 3228 αὐτοῦ
3199 3174 3289 3227 καὶ
3347 3178 3456 3229 τῶν
3507 3174 3855 3251 ἐπαγγελιῶν

2206 3260 2525 3323 ἀκούσαντες
2579 3262 2932 3337 καθαρθῶμεν
2985 3266 3092 3316 τῶν
3158 3260 3436 3338 προτέρων
3503 3262 3857 3337 πλημμελη-

2210 3348 2391 3423 μάτων
2422 3347 2511 3404 διά
2543 3348 2851 3423 μετανοίας,
2882 3350 2971 3404 καὶ
3022 3354 3091 3424 τῇ
3140 3348 3320 3406 ἐλπίδι
3364 3356 3475 3406 τῶν
3531 3351 3854 3425 μελλόντων

2202 3437 2412 3511 ἀγαθῶν
2464 3442 2846 3513 φωτισθῶμεν.
2877 3441 3138 3514 Ἔρχεται
3188 3436 3246 3494 δὶ
3292 3439 3376 3518 ἐφ’
3419 3442 3569 3511 ἡμᾶς
3627 3443 3857 3515 ἑτοιμα-

2201 3526 2441 3599 σθέντας,
2502 3528 2574 3589 ὡς
2632 3526 2865 3601 εἷ’ρηται,
2925 3525 3114 3599 πηδῶν
3165 3527 3253 3583 ἐπὶ
3326 3530 3394 3584 τὰ
3455 3527 3592 3602 ὄρη·
3650 3528 3856 3607 ἤγουν,

2204 3616 2507 3690 ὑψούμενος
2594 3617 2679 3671 ἐπὶ
2758 3618 2825 3672 τὰ
2892 3614 3045 3689 δίκην
3130 3618 3523 3693 ὑπερκειμένης
3599 3628 3855 3698 κορυφῆς

2198 3708 2361 3777 ἡμῶν
2395 3706 2639 3783 ὑπερφυῆ
2676 3703 2923 3781 δόγματα
2950 3712 3050 3775 τῆς
3083 3707 3251 3761 αὐτοῦ
3296 3707 3573 3779 θεότητος.
3607 3710 3700 3764 Ἐκ
3747 3711 3852 3785 γὰρ

2194 3802 2296 3863 τῆς
2370 3798 2737 3873 καταφατικῆς
2824 3793 3107 3871 θεολογίας
3188 3792 3585 3861 καταλαϐέσθαι
3684 3798 3850 3854 αὐτὸν

2196 3882 2617 3959 ἐπιχειροῦντες,
2678 3883 2729 3938 έν
2884 3883 3080 3959 βαίνων
3115 3891 3229 3939 κατ’
3260 3884 3526 3961 ἐνέργειαν
3577 3884 3848 3943 δείκνυται

2196 3973 2647 4047 ὑπεραιρόμενος,
2682 3972 2741 4027 ἐκ
2767 3972 2969 4044 ταύτης
2993 3978 3184 4029 τοῦτον
3218 3976 3432 4047 ὁρῶμεν
3478 3975 3528 4029 έν
3579 3980 3647 4051 τῇ
3706 3977 3847 4034 ἀπο-

2193 4066 2391 4136 φατικῇ
2446 4060 2703 4137 θεολογίᾳ
2756 4064 2891 4117 κατά
2958 4063 3019 4118 τὸ
3079 4063 3401 4139 ὑπερούσιον
3475 4062 3844 4139 διαλλόμενον

2192 4150 2279 4206 ἐπὶ
2335 4152 2462 4214 τοὺς
2520 4152 2765 4227 βουνούς.
2817 4153 2908 4213 Ὀς
2968 4149 3025 4206 δὲ
3094 4153 3610 4225 ὑπερανεπηκότες,
3656 4156 3747 4211 καὶ
3795 4158 3849 4212 οἱ

2194 4240 2380 4316 βουνοὶ
2427 4242 2493 4295 τά
2546 4244 2646 4310 τῆς
2676 4241 2993 4313 οἷκονομίας
3022 4238 3254 4311 δηλοῦσι
3292 4239 3563 4318 δόγματα,
3595 4241 3726 4300 ὄντα
3756 4246 3846 4301 καὶ

2186 4333 2353 4385 ταῦτα
2412 4330 2543 4405 ὑπὲρ
2609 4329 2939 4404 κατάληψιν.
2983 4331 3099 4409 Ἐφ’
3143 4330 3176 4384 ’ἀ
3230 4333 3366 4387 κατά
3420 4335 3517 4402 τὴν
3574 4335 3848 4409 ἡμετέραν

2186 4422 2379 4493 γνῶσιν
2412 4418 2696 4497 ὁνυμφίος
2728 4416 3008 4475 διάλλεται
3066 4420 3171 4474 ἀπὸ
3227 4420 3326 4475 τοῦ
3384 4422 3515 4484 Θεὸς
3573 4421 3647 4477 ὢν
3711 4424 3845 4501 ὁρᾶς

2188 4510 2307 4562 σθαι
2335 4508 2410 4570 ὡς
2441 4510 2746 4580 ἅνθρωπος·
2779 4507 2869 4562 καὶ
2926 4506 3256 4579 καταπηδῶν
3312 4509 3391 4572 εἷς
3436 4512 3499 4566 τὸ
3556 4509 3845 4586 ἅνθρωπος

2188 4592 2261 4651 ὣν
2316 4596 2677 4671 γινώσκεσθαι
2733 4597 2808 4661 ὡς
2863 4597 3164 4660 Θεός.⁹Ὀτι
3216 4594 3274 4653 δὶ
3326 4598 3511 4674 εἷ’ρηκε
3566 4600 3689 4676 περὶ
3746 4607 3846 4657 τοῦ

423 4692 597 4749 salire
626 4708 805 4765 super
836 4696 1088 4758 montes,
1119 4697 1179 4746 et
1207 4690 1386 4747 colles
1417 4690 1714 4746 transilire
1748 4708 1761 4746 .'
1795 4689 1969 4745 salire
2021 4693 2077 4745 et

2199 4682 2643 4762 νυμφίου,πηδᾷν
2677 4684 2858 4740 έπὶτὰ
2907 4684 3008 4762 ὅρη
3053 4686 3142 4742 καὶ
3194 4672 3512 4752 διάλλεσθαι
3570 4672 3658 4744 ἐπὶ
3716 4691 3846 4754 τοὺς

421 4781 719 4838 transilire
745 4798 931 4853 caprae
956 4786 1013 4837 et
1033 4780 1183 4837 cervi
1205 4780 1566 4836 lascivientis
1596 4784 1685 4835 est
1717 4779 2019 4850 proprium
2056 4796 2071 4847 ;

420 4872 637 4945 quibus
662 4871 938 4942 deinceps
968 4869 1307 4926 assimilans
1338 4886 1625 4940 sponsum
1659 4884 1671 4922 :
1720 4868 1938 4924 Simili:
1970 4872 2072 4933 est,

418 4962 631 5033 inquit,
663 4977 826 5032 nepos
854 4976 1007 5015 meus
1034 4973 1257 5031 capreae
1285 4959 1627 5029 hinnuloque
1674 4974 1962 5013 cervoeum
2012 4958 2074 5012 in

414 5052 691 5106 montibus
738 5049 943 5106 Bethel.
1000 5048 1203 5104 Bethel
1254 5052 1451 5102 autem
1502 5045 1797 5116 significat
1848 5046 2074 5101 domum

415 5141 539 5209 Dei,
572 5158 699 5213 qua:
726 5145 817 5197 est
846 5138 1107 5194 ﬁdelium
1141 5135 1419 5192 Ecclesia.
1476 5136 1660 5205 Cujus
1711 5140 1939 5190 montes
1982 5136 2069 5189 in-

414 5230 763 5302 telliguntur
794 5233 1030 5301 propter
1059 5225 1463 5283 excellentiam
1499 5224 1881 5281 sanctissima
1930 5224 2069 5280 Uni-

412 5319 589 5392 geniti
612 5318 936 5374 divinitatis
957 5321 1132 5388 atque
1154 5314 1544 5369 humanitatis
1575 5314 1871 5380 instituta,
1893 5330 2072 5386 super

412 5424 540 5479 quas
592 5407 684 5462 hic
734 5423 964 5479 sponsae
1014 5403 1432 5460 dilectissimus
1482 5402 1722 5468 saliens,
1779 5410 1840 5458 ut
1886 5419 2068 5474 supra

411 5496 691 5562 diximus,
742 5504 917 5567 atque
971 5492 1310 5550 transiliens
1342 5508 1503 5547 more
1536 5491 1885 5546 animalium
1918 5508 2066 5562 prae-

410 5586 724 5652 dictorum,
772 5584 1070 5656 spiritales
1134 5584 1308 5654 feras,
1363 5598 1494 5653 quin
1543 5580 1723 5637 veluti
1772 5596 2063 5635 venenum

411 5674 720 5748 opiniones
750 5674 979 5730 veritati
1025 5672 1351 5729 contrarias
1409 5672 1691 5727 adversus
1742 5669 2062 5725 Ecclesiam

401 5766 764 5848 jaculantur,
826 5766 897 5825 ab
954 5780 1023 5822 ea
1080 5761 1282 5838 procul
1332 5760 1581 5838 repellit.
1632 5760 1854 5817 Natura
1903 5759 2061 5817 enim

2189 4774 2527 4851 βουνοὺς,τὸ
2558 4772 2616 4830 δὶ
2641 4772 2818 4845 πηδᾷν
2872 4777 2960 4830 καὶ
3008 4772 3323 4832 διάλλεσθαι
3374 4774 3641 4851 δορκάδος
3690 4777 3840 4835 ’ίδιον

2183 4864 2273 4919 καὶ
2322 4864 2527 4942 ἐλάφου
2583 4866 2887 4933 νεάζοντος,
2940 4864 3157 4928 τούτοις
3216 4862 3412 4921 λοιπὸν
3490 4868 3839 4942 παρεικάζων

2183 4954 2369 5018 αὐτὸν,
2429 4953 2611 5031 φησὶν,
2670 4953 2901 5026 Ὃμοιός
2953 4953 3094 5009 ἐστιν
3168 4952 3463 5033 ἀδελφιδός
3545 4978 3651 5029 μου
3709 4955 3839 5036 δορα

2180 5040 2303 5097 κάδι
2352 5044 2386 5112 ἢ
2445 5037 2623 5116 νεϐρῷ
2678 5040 2894 5118 ἐλάφων
2954 5042 3041 5097 ἐπὶ
3098 5043 3164 5098 τὰ
3222 5040 3323 5118 ὅρη
3360 5044 3587 5116 Βαιθήλ.
3623 5046 3841 5116 Βαώήλ

2183 5129 2239 5185 δὲ
2296 5130 2649 5206 ἰρμηνεύεται
2700 5131 2849 5193 οἶκος
2905 5136 3060 5205 Θεοῦ,
3094 5133 3157 5187 οὗ
3213 5131 3354 5188 ἐστιν
3388 5135 3423 5203 ἡ
3463 5138 3571 5188 τῶν
3628 5142 3840 5191 πιστῶν

2182 5219 2501 5287 Ἐκκλησία,
2533 5222 2597 5289 ἧς
2632 5219 2969 5297 ὑπάρχουσιν
3004 5217 3105 5297 ὅρη
3140 5218 3231 5277 διὰ
3282 5223 3344 5277 τὸ
3400 5222 3557 5297 ὕψος,
3589 5224 3655 5279 τὰ
3710 5226 3841 5302 περῖ

2176 5317 2276 5379 τῆς
2334 5304 2590 5379 θεότητος
2666 5309 2753 5364 καὶ
2831 5310 3251 5386 ἀνθρωπότητος
3322 5316 3419 5366 τοῦ
3498 5319 3846 5387 Μονογινοῦς

2178 5394 2528 5455 εὐσεϐέστατα
2579 5396 2840 5473 δόγματα·
2903 5400 2985 5474 ἐφ’
3043 5400 3075 5454 ἃ
3137 5400 3293 5461 οὗτος
3350 5402 3378 5455 6
3434 5407 3535 5470 τῆς
3614 5402 3841 5481 νύμφης

2178 5488 2460 5564 ἀγαπητὸς
2504 5485 2718 5559 πηδῶν,
2760 5488 2835 5551 ὡς
2891 5488 3237 5563 προείρηται,
3295 5489 3385 5544 καὶ
3446 5487 3839 5565 διαλλόμενος,

2177 5576 2386 5650 ὁμοίως
2442 5583 2559 5640 τοῖς
2616 5576 2928 5651 εἷρημένοις
2984 5578 3146 5647 ζώοις
3202 5578 3269 5632 τὰ
3321 5580 3488 5650 νοητὰ
3542 5581 3709 5655 θηρία
3769 5583 3837 5637 τὰ

2176 5664 2485 5743 εἷσπνίοντα
2544 5663 2699 5737 δίκην
2760 5666 2845 5720 ἰοῦ
2900 5666 2967 5720 τά
3018 5664 3231 5721 ἐναντία
3276 5674 3376 5737 τῆς
3428 5667 3686 5739 ἀληθείας
3734 5669 3834 5727 δό-

2173 5756 2355 5837 γματα
2396 5755 2535 5813 κατὰ
2585 5760 2687 5828 τῆς
2716 5752 3069 5831 Ἐκκλησίας,
3103 5754 3393 5813 ἀπελαύνει
3450 5758 3659 5832 ταύτης
3717 5782 3829 5837 μα-
