4102 6342
200 414 338 474 585
1262 411 1670 474 COMMENT.
1720 413 1799 473 IN
1845 411 2248 475 CANTIGUM
2291 410 2597 474 CANTIC.
3507 420 3633 483 586

200 544 344 621 κράν
379 564 401 587 ’κ
428 543 617 617 ἑπειόἠ
674 548 940 626 πεφύκασι
990 540 1311 626 φυγαδεύειν
1358 547 1427 601 τὰ
1455 541 1652 600 ἱοϐόλα
1692 544 1815 622 θηρί

1971 561 2192 618 caprea
2221 562 2289 602 ac
2315 563 2483 603 cervo
2519 547 2764 604 insitum
2794 553 2907 620 est,
2941 552 3006 605 ut
3031 564 3361 609 venenosas
3402 552 3625 612 bestias

199 636 239 707 ἠ
270 632 478 713 δορκδις
506 637 598 692 καὶ
627 640 664 707 ἡ
696 633 923 716 ἔλαφος.

1973 634 2354 693 insectantur.

569 794 577 801 _
665 726 675 736 ”
782 732 898 781 Των
943 727 992 802 γ’
1022 725 1297 802 Πατὲρων.

2556 726 2744 782 Trium
2784 732 3037 785 Patrum.
3164 792 3167 793 ν

275 812 422 871 Ἰδοὺ
480 816 640 879 οὗτος
716 814 935 887 ἔστηκεν
1023 814 1199 870 ὀπίσω
1277 817 1374 868 τοῦ
1427 811 1622 889 τοίχου
1677 814 1815 886 ἠμῶε

2042 813 2122 868 Εη
2153 814 2270 884 ipse
2314 814 2461 869 stetit
2508 823 2627 881 post
2661 816 2929 886 parietem
2957 822 3227 890 nostrum,
3271 822 3623 894 prospiciens

198 905 577 981 παρακύπτων
668 904 758 960 διὰ
854 910 961 960 τῶν
1057 901 1312 979 θυρίδων,
1415 902 1691 957 ἐκκύπτων
1775 901 1815 956 δη

1970 919 2072 972 per
2092 905 2385 975 fenestras,
2416 902 2719 976 despiciens
2744 921 2774 961 e
2803 906 3030 963 retibus.

196 999 313 1048 τῶν
349 991 602 1050 δικτύων.
1784 1041 1790 1046 .

269 1081 503 1153 Ἐπειδή
546 1082 814 1163 πεφύκασι
883 1079 1201 1161 φυγαδεύειν
1244 1081 1310 1137 τὰ
1353 1077 1549 1137 ἷοϐόλα
1602 1079 1768 1156 θηρία

2038 1082 2281 1146 Quando
2322 1099 2543 1156 capreas
2571 1088 2628 1139 et
2658 1101 2828 1141 cervo
2873 1087 3158 1143 naturalis
3186 1104 3256 1144 ea
3282 1088 3369 1144 vis
3415 1092 3526 1157 est,
3558 1090 3626 1145 ut

192 1169 402 1246 δορκάς
450 1175 539 1228 καὶ
598 1176 634 1243 ἡ
695 1171 898 1251 ἔλαφος
930 1193 943 1205 ·
998 1169 1138 1226 Ἰδοὺ
1196 1172 1354 1231 οὗτος
1412 1169 1632 1240 ἔστηκεν
1682 1168 1811 1223 ὀπίσ

1968 1173 2276 1242 pestiferas
2317 1174 2538 1228 bestias
2590 1174 2799 1245 fugent
2828 1192 2842 1230 :
2872 1177 3023 1245 Ecce,
3057 1177 3269 1249 inquit,
3303 1180 3422 1243 ipse
3468 1178 3625 1234 stetit

189 1265 297 1316 τοῦ
328 1260 529 1338 τοίχου
580 1264 761 1335 ἡμῶν.
796 1265 1004 1337 Τοῐχος
1029 1259 1087 1316 δὶ
1114 1263 1280 1334 ἡμῶν
1340 1260 1452 1315 ἔστι
1501 1259 1564 1313 τὸ
1619 1258 1815 1313 κτιστὸη

1965 1264 2085 1329 post
2135 1264 2407 1332 parietem
2460 1272 2730 1320 nostrum.
2763 1264 2961 1321 Paries
3015 1271 3212 1322 noster
3266 1271 3356 1323 est
3409 1273 3622 1325 natura

192 1351 259 1404 οὗ
324 1350 502 1405 ὀπίσω
554 1347 779 1421 ἕστηκεν
841 1351 869 1404 ὁ
919 1346 1169 1412 ἄκτιστος
1217 1349 1305 1404 καὶ
1345 1351 1556 1403 πάντων
1586 1344 1815 1422 δημιουρ

1963 1354 2177 1416 creata,
2213 1357 2347 1421 post
2376 1369 2553 1424 quam
2605 1353 2769 1409 stetit
2797 1354 2899 1425 qui
2928 1360 3160 1410 creatus
3208 1372 3324 1411 non
3372 1361 3483 1425 est,
3513 1357 3617 1414 sed

190 1439 295 1513 γός
328 1440 460 1501 Θεὸς
489 1436 676 1516 λόγος,
728 1440 805 1502 ὡς
851 1438 1000 1514 ἀρχὴ
1057 1443 1167 1493 τῶν
1217 1436 1457 1513 ἐχόντων
1513 1437 1648 1514 πρὸς
1698 1434 1815 1492 τὲλε

1962 1445 2190 1495 creator
2217 1446 2309 1497 est
2337 1444 2603 1497 omnium
2641 1443 2792 1499 Deus
2821 1443 3103 1513 Verbum,
3136 1449 3200 1499 ut
3229 1461 3424 1500 rerum
3455 1445 3618 1516 prin-

186 1529 293 1597 τὴν
320 1528 559 1598 κίνησιν.
594 1528 657 1585 Εἰ
690 1528 795 1603 γάρ
858 1527 969 1583 ἐστι
1025 1527 1117 1582 καὶ
1160 1522 1462 1602 ἔμπροσθεν
1524 1526 1552 1580 ὁ
1584 1525 1744 1586 αὐτὸς
1775 1525 1815 1578 ὡ

1961 1529 2181 1601 cipium
2213 1546 2343 1602 quae
2384 1535 2607 1586 motum
2641 1530 2865 1587 habent
2913 1531 2986 1586 ad
3036 1532 3240 1588 finem.
3272 1533 3617 1605 Quanquam

187 1622 300 1670 τῶν
357 1615 505 1671 ὅλων
559 1616 709 1693 ἀρχὴ
768 1618 857 1672 καὶ
918 1615 1079 1680 τέλος
1110 1635 1123 1648 ·
1189 1614 1314 1671 ἀλλ’
1362 1612 1656 1689 ἐπειδήπερ
1681 1614 1815 1687 μήπι

1958 1617 2115 1674 enim
2149 1623 2208 1675 et
2237 1619 2399 1689 prius
2429 1624 2519 1675 est
2550 1620 2698 1692 ipse,
2731 1626 2933 1692 utpote
2962 1620 3200 1677 initium
3231 1627 3288 1678 et
3318 1621 3454 1678 ﬁnis
3487 1623 3619 1679 uni-

188 1704 356 1760 αὐτὸν
383 1707 696 1779 εὑρήκαμεν
750 1705 810 1761 ἐκ
851 1710 948 1760 τοῦ
993 1704 1187 1766 τέλους
1221 1724 1232 1737 ·
1289 1701 1444 1759 οὔπω
1474 1704 1574 1778 γὰρ
1608 1702 1660 1758 ὲν
1702 1701 1815 1757 aeu

1955 1724 2294 1776 versorum;
2326 1712 2523 1765 tamen
2556 1710 2835 1780 quoniam
2872 1711 3070 1782 ipsum
3104 1728 3172 1767 ex
3202 1712 3319 1768 {ine
3351 1713 3617 1769 nondum

182 1796 287 1863 τήν
348 1799 522 1849 πᾶσαν
603 1794 978 1867 ἀνεπαύσαμεν
1060 1793 1296 1865 κίνησιν.
1355 1795 1520 1868 ὅσπερ
1568 1791 1631 1847 τὸ
1685 1791 1815 1847 τὲλο

1956 1795 2292 1853 invenimus
2326 1813 2340 1851 :
2375 1797 2636 1854 nondum
2678 1798 2837 1853 enim
2887 1798 2947 1854 in
2979 1816 3047 1856 eo
3080 1800 3181 1873 qui
3231 1800 3369 1857 finis
3416 1805 3531 1870 est,
3560 1804 3620 1858 et

183 1882 331 1937 ἐστίν
367 1904 380 1917 ο
445 1882 622 1938 ὀπίσω
698 1883 978 1954 ἕστηκεναι
1037 1882 1277 1958 λέγεται,
1334 1881 1697 1957 παρακύπτων
1758 1876 1811 1935 δι

218 1975 249 1987 ..
359 1973 385 1987 ..
468 1969 513 1987 η.
677 1980 704 1987 Α
790 1971 835 1987 η.
978 1969 1023 1987 μ.
1135 1977 1164 1987 ..
1411 1977 1438 1987 ..
1582 1969 1597 1987 ι

1957 1886 2029 1941 ab
2060 1886 2220 1942 omni
2267 1890 2428 1943 motu
2477 1887 2925 1959 conquievimus
2955 1908 2973 1946 :
3004 1895 3138 1961 post
3186 1894 3342 1946 stare
3373 1890 3612 1962 dicitur,

180 1975 295 2027 τῶν
356 1969 610 2047 θυρίδων.
670 1971 893 2048 Θυρίδες
975 1969 1033 2027 δὶ
1097 1977 1197 2041 τῆς
1251 1977 1471 2040 κτιστῆς
1531 1969 1741 2048 φύσεως
1790 1991 1815 2024 α

1952 1976 2301 2047 prospiciens
2326 1992 2426 2049 per
2467 1978 2757 2048 fenestras.
2791 1977 3077 2034 Fenestras
3126 1983 3324 2035 autem
3374 1983 3515 2035 sunt
3542 1995 3613 2037 ea

188 2059 431 2135 μὲτοχοί
488 2059 590 2116 εῗσι
618 2066 718 2116 τοῦ
748 2061 1003 2116 ἀκτίστου
1036 2079 1049 2094 ο
1107 2058 1178 2115 δι’
1235 2061 1309 2114 ὧν
1366 2059 1521 2120 οὗτος
1565 2057 1647 2113 ἐπ’
1677 2058 1846 2127 αὐτὴν

182 2148 529 2225 πιρακύπτει
583 2145 896 2205 ἐπιϐλὲπων
945 2150 1013 2204 τὰ
1068 2153 1188 2203 κατ’
1245 2147 1414 2215 αὐτὴν
1468 2144 1847 2219 κηδεμονικῶς

188 2236 260 2309 (εί
325 2239 403 2310 μή
447 2238 643 2301 ταύτας
688 2237 837 2310 αὖτῷ
888 2234 1271 2309 ἀποκλείωμεν
1323 2240 1441 2297 ταῖς
1495 2254 1642 2311 παρα
1689 2235 1844 2313 φύσιν

185 2328 519 2401 κινήσεσιν).
596 2326 913 2384 Ἐκκύπτων
985 2323 1076 2381 διά
1146 2329 1254 2380 τῶν
1307 2322 1536 2380 δικτύων
1581 2343 1595 2357 '
1653 2321 1845 2401 ἤγουν,

184 2414 506 2471 ἐποπτεύων
550 2418 699 2489 ἡμᾶς
731 2413 821 2471 διὰ
873 2422 973 2486 τῆς
1021 2412 1406 2491 ἀλληλουχίας
1459 2418 1565 2470 τῶν
1617 2413 1843 2489 ἀρετῶν.

184 2505 251 2562 Εἰ
308 2505 415 2581 γὰρ
475 2500 677 2580 ἔχομεν
746 2505 840 2560 τὰς
897 2503 1189 2580 εἰρημένας
1247 2500 1489 2579 θυρίδας,
1538 2504 1844 2558 ἀναπεπτα-

185 2593 358 2666 μένας
412 2595 533 2666 μὲν,
582 2591 999 2673 πεφυλαγμίνας
1060 2589 1118 2648 δὶ
1166 2596 1236 2666 τῇ
1283 2596 1391 2647 τῶν
1451 2592 1655 2666 ἀρετῶν
1709 2591 1846 2646 κατὰ

181 2681 354 2759 λόγον
405 2680 766 2759 ἀλληλουχίᾳ
796 2702 810 2716 ο
844 2683 1024 2747 καθώς
1076 2681 1208 2737 εἰσιν
1240 2679 1396 2737 αὗται
1429 2677 1582 2751 δίκην
1612 2677 1841 2735 δικτύων

179 2770 694 2849 περιπεπλεγμέναι
742 2769 1018 2843 ἀλλήλαις
1056 2790 1069 2804 ·
1128 2768 1221 2825 ’ίνα
1282 2772 1414 2844 μήτι
1445 2774 1552 2825 τῶν
1585 2773 1842 2825 πετεινῶν

181 2862 435 2929 πάντως,
493 2866 600 2916 τῶν
653 2860 906 2936 ἱναερίων
978 2860 1323 2934 πνευμάτων,
1370 2858 1534 2915 λαθὸν
1602 2856 1843 2934 εἰσέλθῃ,

175 2950 398 3006 καὶτὸν
433 2949 847 3024 ἐναποκείμενον
878 2950 1018 3022 ἡμῖν
1077 2948 1280 3024 σπόρον
1330 2955 1433 3018 τῆς
1491 2948 1635 3011 θείας
1692 2945 1842 3003 διδα-

177 3040 418 3104 σκαλίας
495 3038 810 3112 λυμήνηται
843 3060 857 3073 ο
911 3040 1161 3095 ἐκκόπτει
1239 3038 1321 3116 ἐφ’
1391 3040 1541 3111 ἡμᾶς
1596 3034 1684 3093 διὰ
1734 3043 1841 3093 τῶν

173 3130 455 3185 τοιούτων
506 3126 735 3184 δικτύων
792 3132 828 3199 ἡ
885 3128 1059 3184 αὐτῶν
1112 3132 1220 3184 τῶν
1279 3127 1481 3203 ἀρετῶν
1512 3127 1670 3183 οὐσία
1702 3147 1715 3162 ο
1746 3125 1843 3199 δη-

175 3217 324 3289 λαδή
369 3219 681 3293 ἆγενηθείς
737 3222 874 3292 ἡμῖν
927 3217 1034 3273 ἀπὸ
1090 3222 1225 3273 Θεοῦ
1285 3216 1467 3295 σοφία,
1528 3213 1838 3288 δικαιοσύνη

1956 2080 2083 2134 quae
2150 2069 2372 2120 natura:
2435 2070 2642 2121 creatae
2707 2066 2781 2121 ab
2847 2066 3103 2123 increato
3176 2067 3611 2124 communicata

1954 2158 2130 2220 sunt;
2184 2170 2285 2224 per
2332 2170 2463 2225 quae
2508 2154 2637 2226 ipse
2664 2156 2736 2211 ad
2768 2170 2897 2210 eam
2948 2156 3252 2228 prospicit,
3281 2156 3425 2214 dum
3473 2171 3607 2229 pro-

1952 2241 2208 2297 videntia
2266 2259 2374 2298 sua
2430 2248 2646 2299 cuncta
2695 2244 3060 2311 moderatur,
3114 2245 3402 2318 nobisque
3455 2245 3607 2314 (nisi

1954 2330 2244 2387 fenestras
2275 2330 2384 2387 has
2413 2333 2694 2388 adversus
2725 2348 2860 2389 eum
2894 2334 3256 2390 motionibus
3286 2334 3470 2390 animi
3501 2351 3607 2391 na-

1954 2421 2100 2474 turae
2130 2420 2439 2475 contrariis
2473 2421 2918 2493 concludamus)
2953 2422 3256 2495 prospicit.
3288 2423 3608 2495 Respiciens

1954 2523 2052 2578 per
2094 2509 2257 2575 retia,
2290 2507 2400 2563 hoc
2446 2512 2557 2581 est,
2586 2509 2912 2581 inspiciens
2959 2526 3062 2580 per
3106 2514 3378 2569 mutuam
3428 2511 3611 2568 virtu-

1954 2601 2078 2651 tum
2138 2596 2579 2652 connexionem.
2613 2595 2759 2652 Nam
2818 2597 2870 2654 si
2931 2598 3218 2656 fenestras
3266 2616 3395 2672 qua:
3441 2598 3611 2657 dictas

1953 2687 2114 2754 sunt,
2144 2683 2532 2740 habuerimus
2563 2691 2794 2758 apertas
2826 2686 2960 2743 illas
2992 2688 3255 2759 quidem,
3283 2688 3384 2744 sed
3411 2692 3612 2745 tamen

1952 2772 2036 2829 ita
2066 2776 2270 2829 mutuo
2319 2773 2627 2842 virtutum,
2662 2774 2877 2832 retium
2919 2775 3129 2849 instar,
3162 2781 3317 2833 recte
3362 2775 3610 2850 compli-

1953 2869 2218 2919 catarum
2267 2869 2540 2919 contextu
2592 2865 3013 2935 communitas,
3038 2870 3104 2921 ut
3150 2865 3317 2922 nulla
3345 2882 3415 2922 ex
3442 2864 3607 2923 volu-

1951 2952 2170 3021 cribus,
2192 2969 2260 3009 ex
2291 2953 2475 3009 aereis
2506 2954 2788 3010 nimirum
2815 2955 3150 3026 spiritibus,
3173 2955 3373 3012 nullus
3399 2955 3606 3012 furtim

1952 3040 2340 3111 ingrediatur,
2374 3047 2550 3113 atque
2580 3043 2947 3099 reconditum
2978 3043 3038 3099 in
3073 3044 3243 3102 nobis
3273 3042 3483 3101 divina
3514 3043 3607 3100 di-

1951 3129 2210 3202 sciplina:
2241 3148 2442 3187 semen
2469 3138 2806 3204 corrumpat
2830 3148 2844 3188 :
2878 3133 3118 3205 respicit
3144 3134 3203 3189 in
3230 3151 3334 3190 nos
3358 3150 3462 3206 per
3481 3134 3604 3190 haec

1951 3221 2118 3286 retia,
2150 3221 2413 3292 ipsarum
2438 3220 2717 3276 virtutum
2749 3223 3028 3289 essentia,
3058 3222 3185 3295 ipse
3205 3223 3477 3280 videlicet
3505 3224 3606 3295 qui

170 3329 236 3364 τε
289 3288 383 3363 καὶ
434 3288 704 3384 άγιασμὸς
758 3288 849 3362 καὶ
925 3305 1328 3383 ἀπολύτρωσις,
1364 3288 1685 3380 ’μονογενὴς
1742 3303 1806 3359 αὖ

1952 3312 2130 3380 factus
2158 3288 2239 3366 est
2266 3311 2422 3366 nobis
2450 3327 2485 3365 a
2516 3311 2622 3366 Deo
2653 3312 2927 3383 sapientia
2956 3288 3251 3384 etjttstitia
3276 3321 3330 3370 et
3355 3288 3603 3385 sanctiﬁ-

172 3405 278 3455 τοῦ
312 3400 441 3462 Υἱὸς
474 3399 563 3454 καὶ
595 3400 801 3475 Λόγος.

240 3579 389 3639 ’ἰδοὺ
420 3580 580 3641 οὗτος
624 3574 845 3651 ἔστηκεν
904 3577 1179 3635 ὀπίσωτοῦ
1230 3579 1430 3654 τοίχου
1488 3580 1651 3650 ἡμῶν
1726 3597 1833 3631 πα-

169 3671 472 3748 ρακύπτων
544 3666 634 3724 διὰ
711 3674 819 3725 τῶν
894 3666 1150 3745 θυρίδων,
1227 3666 1506 3723 ἐκκόπτων
1585 3663 1674 3721 διὰ
1727 3670 1833 3721 τῶν

170 3758 444 3816 δικτύων.

883 3844 1132 3903 Ψελλοῦ.

242 3937 460 4009 Ἰδηοὺ,
494 3939 647 4015 φσὶν,
680 3933 947 4008 ἐλήλυθεν
977 3937 1006 3991 ὁ
1035 3937 1215 4011 Λόγος
1242 3934 1331 3991 καὶ
1360 3935 1616 4011 νυμφίος,

162 4030 231 4086 Ὀ
255 4031 534 4083 κατοικῶν
558 4026 666 4080 ἀπὸ
696 4024 909 4094 Βαιθὴλ
933 4031 1034 4095 τῆς
1068 4020 1180 4079 ἅνω
1218 4023 1519 4095 κατοικίας,

161 4114 406 4172 Οὐδέπω
439 4112 487 4169 δ’
518 4112 866 4185 εἰσελήλυθεν
895 4112 1042 4176 ἐντὸς
1071 4118 1170 4170 τοῦ
1195 4107 1516 4188 περιϐόλου,

158 4205 314 4262 Ἀλλ
350 4202 544 4274 ἔξωθεν
576 4203 864 4275 ἱστάμενος
894 4202 1166 4274 ἐξόπισθεν
1197 4208 1293 4258 τοῦ
1324 4202 1542 4278 τοίχου,

158 4296 270 4350 Διὰ
299 4291 541 4368 θυρίδων
572 4291 771 4357 ἔσωθεν
803 4290 975 4348 ἐθέλει
1000 4291 1389 4368 παρακύπτειν.

158 4385 243 4439 Σὺ
276 4381 340 4439 δέ
376 4403 473 4456 μοι
503 4387 699 4459 τοῖχον
730 4381 966 4456 γίνωσκε
984 4382 1075 4436 τὸν
1106 4381 1275 4454 νόμον
1307 4383 1397 4437 τὸν
1430 4381 1685 4458 ἀρχαῖον,

154 4474 275 4532 Τὸν
310 4471 654 4545 ἐμποιοῦντα
682 4471 784 4540 τὴν
812 4471 961 4527 σκιὰν
991 4470 1082 4527 καὶ
1111 4468 1326 4542 πλάνην
1357 4475 1463 4525 τῶν
1494 4470 1823 4547 ἀνθρώπων

151 4559 407 4639 Θυρίδας
438 4557 498 4616 δὲ
517 4563 604 4616 καὶ
640 4559 851 4629 δίκτυα,
880 4564 988 4617 τῶν
1020 4566 1319 4637 προφητῶν
1347 4564 1473 4620 τοῦς
1504 4558 1724 4636 λόγους.

1948 3400 2093 3455 catio
2151 3408 2205 3454 et
2259 3399 2562 3472 redemptio
2597 3400 2663 3472 ’9,
2717 3399 3058 3473 unigenitus
3117 3402 3248 3472 ejus
3310 3401 3491 3459 Filius
3546 3406 3605 3460 et

1950 3488 2226 3544 Verbum.

2018 3580 2151 3632 Ecce
2180 3577 2274 3633 hic
2308 3579 2460 3634 stetit
2501 3581 2621 3650 post
2669 3580 2940 3648 parietem
2987 3583 3257 3651 nostrum,
3290 3582 3605 3652 respiciens

1944 3681 2043 3737 per
2070 3668 2364 3737 fenestras,
2397 3667 2742 3739 prospiciens
2768 3684 2871 3740 per
2899 3669 3061 3725 retia.

2671 3846 2865 3902 Pselti.

2013 3936 2178 4006 Ecce,
2230 3934 2443 4007 inquit,
2476 3935 2726 3992 Verbum
2777 3940 2836 3992 et
2879 3950 3135 4008 sponsus
3181 3934 3359 4007 venit,
3401 3934 3588 3993 demi-

1940 4041 2118 4097 grans
2147 4040 2216 4080 ex
2244 4024 2470 4091 Bethel,
2501 4040 2532 4079 e
2556 4040 2811 4096 superna
2839 4024 3013 4079 domo
3047 4041 3061 4080 :
3096 4025 3359 4081 nondum
3389 4027 3587 4081 autem

1940 4115 2051 4170 sub
2081 4118 2302 4170 tectum
2352 4113 2614 4169 introivit
2645 4130 2658 4169 :
2692 4114 2793 4170 sed
2827 4111 2968 4170 foris
3003 4117 3170 4169 stans
3219 4118 3353 4186 post
3400 4113 3588 4185 parie-

1939 4209 2078 4269 tem,
2125 4218 2227 4274 per
2284 4201 2573 4259 fenestras
2626 4202 2755 4258 vult
2808 4202 3213 4274 introspicere.
3244 4203 3331 4259 Tu
3390 4207 3588 4259 autem

1939 4292 2083 4347 mihi
2114 4308 2219 4364 per
2262 4291 2546 4363 parietem
2588 4291 2774 4363 legem
2806 4291 3113 4362 antiquam
3146 4290 3426 4361 intelligo,
3460 4307 3592 4347 um-

1936 4382 2104 4437 bram
2133 4385 2192 4437 et
2220 4396 2447 4438 errores
2479 4380 2820 4437 hominibus
2853 4381 3216 4453 injicientem
3252 4397 3264 4435 :
3301 4397 3404 4452 per
3433 4381 3592 4437 fene-

1937 4475 2091 4527 stras
2111 4486 2246 4526 vero
2267 4474 2324 4526 et
2354 4470 2521 4535 retia,
2545 4469 2783 4526 oracula
2813 4470 3255 4541 prophetarum.
3278 4468 3425 4526 Nam
3458 4474 3592 4526 ante

1935 4558 2117 4615 divini
2149 4559 2316 4616 Verbi
2366 4559 2831 4615 incarnationem
2879 4559 3257 4629 multifariam
3301 4559 3593 4631 multisque

151 4653 262 4711 Καὶ
297 4652 413 4727 γὰρ
439 4650 550 4726 πρὸ
576 4656 678 4721 τῆς
726 4651 1052 4726 σαρκώσεως
1079 4653 1178 4706 τοῦ
1218 4649 1567 4725 θεανθρώπου
1614 4647 1815 4724 Λόγου,

1952 4650 2104 4706 nodis
2134 4649 2336 4705 locutus
2365 4657 2443 4705 est
2460 4648 2526 4703 ⁸ο.
2560 4647 2672 4703 Sed
2721 4645 2863 4720 quid
2919 4664 3137 4719 sponsa
3185 4647 3363 4719 dicat,
3395 4648 3588 4706 consi-

149 4739 515 4815 Ηολυμιρῶς
544 4737 786 4812 ἐλάλησε
814 4740 902 4795 καὶ
926 4740 1066 4794 πάνυ
1095 4736 1484 4815 πολυτρόπως.

150 4828 327 4887 Ἀλλ’
360 4827 501 4904 ὅπερ
531 4825 684 4904 λέγει
710 4830 831 4893 καθ’
875 4827 1063 4903 εἱρμὸν
1096 4830 1131 4897 ἡ
1152 4826 1340 4904 νύμφη
1372 4825 1693 4898 σκοπητὲον.

227 4915 629 4993 ’Δποκρίνεται
653 4918 682 4971 ὁ
713 4913 1004 4995 ἆδελφιδός
1038 4937 1163 4990 μου,
1195 4913 1341 4992 λέγει
1366 4936 1458 4987 μοι
1484 4934 1497 4949 ⁸

150 5007 424 5074 Ἀνάστα,
474 5003 624 5074 nos,
676 5007 713 5075 ἡ
771 5003 1007 5076 πλησίον
1070 5026 1197 5079 μου,
1246 5004 1389 5075 καλή
1454 5025 1581 5078 μου,
1628 5008 1664 5076 ἡ
1718 5026 1820 5062 πε-

1419 5096 1639 5169 ριστερά
1671 5098 1822 5170 μου.]

148 5184 342 5253 Ἐπεὶ,
376 5181 567 5257 φησὶν,
599 5180 864 5253 ἐλήλυθεν
893 5183 921 5237 ὁ
952 5181 1122 5259 Λόγος
1152 5182 1241 5238 καὶ
1267 5182 1520 5261 νυμφίος,

143 5277 209 5329 Ὁ
230 5277 365 5336 ταῖς
396 5272 705 5347 προφήταις
734 5272 1025 5347 χρώμενος
1053 5266 1234 5346 ὥσπερ
1263 5272 1372 5327 τισὶ
1407 5272 1606 5346 θυρίσι,

140 5366 329 5418 Τοῦτο
359 5360 428 5414 τὸ
458 5364 674 5432 πρῶτον
704 5359 916 5436 εἴρηκεν
948 5356 1141 5424 ἔσωθεν
1172 5359 1535 5435 παρακύπτων
1570 5379 1584 5393 ·

140 5450 455 5520 Ἀνάστηθι
483 5454 581 5504 τοῦ
610 5450 907 5523 πτώματος
933 5456 1033 5519 τῆς
1060 5448 1274 5521 πλάνης
1306 5449 1397 5504 καὶ
1426 5453 1523 5505 τοῦ
1555 5450 1816 5521 σκὸπους,

138 5542 251 5597 Καὶ
287 5538 570 5615 πρόσελθέ
601 5562 695 5613 μοι
720 5543 990 5616 καθαρῶς.
1021 5538 1110 5594 καὶ
1140 5539 1288 5614 γίνου
1325 5559 1419 5613 μοι
1446 5537 1709 5610 πλησίον.

140 5631 308 5703 Εἶτα,
343 5628 538 5708 φησὶν,
567 5629 743 5700 ἱξεῖπὲ
768 5649 863 5703 μοι
890 5628 981 5683 καὶ
1010 5623 1139 5683 τάδε
1158 5629 1295 5704 πρὸς
1322 5633 1437 5692 τοῖς
1472 5625 1667 5695 ἄλλοις
1695 5649 1706 5661 ·

214 5759 272 5795 ⁸⁸
302 5759 326 5814 Ι
358 5755 495 5813 Cor.
528 5771 569 5825 ι,
601 5756 690 5811 30.
767 5756 814 5792 ³⁸
841 5755 1016 5813 Hebr.
1048 5771 1090 5825 ι,
1122 5756 1174 5812 1.

488 5885 752 5947 Ριτιιοι.
800 5885 913 5948 Gs.
958 5883 1198 5963 CXXII.

1935 4755 2157 4796 remus.

2000 4918 2298 4992 Respondet
2338 4915 2730 4974 consobrinus
2752 4931 2925 4983 meus,
2958 4924 3009 4971 et
3037 4914 3175 4973 dicit
3223 4916 3365 4971 mihi
3394 4934 3412 4970 :
3444 4915 3582 4972 Sur-

1928 5021 2013 5078 ge,
2059 5007 2203 5076 veni,
2256 5004 2568 5077 propinqua
2626 5018 2769 5074 mea,
2815 5004 3064 5073 formosa
3118 5019 3271 5075 mea,
3329 5003 3582 5059 columba

1929 5111 2070 5152 mea.

2002 5183 2312 5253 Quoniam,
2344 5182 2558 5255 inquit,
2588 5181 2746 5237 venit
2773 5180 3034 5237 Verbum
3073 5186 3132 5239 et
3170 5198 3448 5255 sponsus,
3481 5181 3584 5255 qui

1933 5272 2230 5345 prophetis
2258 5276 2539 5342 tanquam
2582 5271 2855 5327 fenestris
2885 5270 3245 5342 quibusdam
3278 5288 3426 5327 usus
3458 5275 3584 5341 est;

1930 5362 2039 5418 hoc
2084 5359 2339 5433 primum
2372 5358 2519 5414 dixit
2565 5359 3028 5432 introspiciens:
3064 5359 3246 5429 Surge
3294 5360 3366 5415 de
3410 5359 3585 5431 lapsu

1929 5450 2143 5508 erroris
2175 5455 2233 5506 et
2274 5450 2571 5518 tenebris;
2623 5454 2682 5506 et
2730 5455 2800 5507 ad
2852 5466 2946 5506 me
2994 5449 3221 5522 puriter
3265 5450 3498 5519 accede,
3529 5454 3588 5507 et

1932 5539 2076 5597 mihi
2106 5538 2441 5611 propinqua
2478 5538 2729 5597 efﬁcere.
2763 5539 2983 5596 Deinde
3011 5539 3155 5611 haec,
3186 5537 3404 5611 inquit,
3436 5556 3585 5613 pre-

1930 5636 2020 5688 ter
2049 5627 2162 5686 alia
2193 5628 2338 5685 mihi
2372 5628 2519 5687 dixit
2550 5644 2565 5687 :

3177 5884 3252 5946 l9
