4102 6342
502 386 621 447 587

581 523 711 576 Ecce
762 519 940 576 hiems
993 520 1243 590 transiit,
1290 520 1468 574 imber
1510 520 1672 587 abiit,
1722 522 1941 577 recessit
1992 520 2101 575 sibi

505 609 669 679 ﬂores
707 612 1087 681 apparuerunt
1130 610 1191 664 in
1242 617 1395 665 terra
1425 627 1444 665 :
1472 612 1683 682 tempus
1727 612 2034 682 putationis
2062 608 2168 665 ad-

504 700 684 755 venit.

580 785 887 855 Quoniam,
930 785 1144 859 inquit,
1194 794 1467 844 naturam
1517 789 1851 844 daemonum
1885 804 1918 843 a
1948 786 2167 859 quibus

505 876 769 933 humana
819 880 1035 933 natura
1087 877 1457 950 congelatur,
1490 882 1545 934 et
1589 878 1755 950 pigra
1784 882 1960 949 atque
2006 876 2165 931 iners

504 982 749 1039 prorsus
801 966 873 1022 ad
923 971 1078 1023 recte
1122 968 1411 1038 agendum
1462 967 1750 1033 redditur,
1783 965 2160 1039 proﬂigavit:

506 1060 684 1127 atque
732 1055 860 1111 ideo
917 1055 1107 1112 hiems
1156 1055 1463 1111 charitatis
1514 1055 1822 1123 abscessit,
1869 1059 1926 1110 et
1971 1053 2165 1126 gravis

504 1145 694 1200 imber
722 1145 918 1201 omnis
950 1145 1097 1201 abiit
1126 1162 1194 1201 ac
1226 1145 1472 1201 deﬂuxit
1507 1161 1520 1200 :
1555 1150 1611 1201 et
1648 1145 1984 1217 jucundum
2015 1142 2164 1199 veri-

502 1234 644 1291 tatis
677 1239 941 1291 exortum
977 1238 1068 1290 est
1111 1251 1211 1290 ver
1244 1251 1256 1289 :
1292 1235 1496 1292 ﬂorere
1526 1236 1698 1307 cepit
1729 1234 1924 1302 tellus,
1956 1238 2167 1289 natura

508 1339 723 1395 nempe
782 1323 1067 1379 humana.
1131 1329 1371 1395 Tempus
1429 1325 1733 1396 putationis
1773 1324 1896 1395 jam
1951 1323 2164 1383 venit:

504 1412 737 1485 legendi
795 1417 937 1468 sunt
996 1412 1188 1481 ﬂores,
1243 1414 1291 1468 si
1341 1412 1429 1469 vis
1490 1412 1737 1469 corollas
1795 1430 1864 1468 ex
1920 1412 2164 1468 ﬂoribus

504 1506 834 1559 contexere.
883 1503 1199 1558 Hominum
1262 1503 1417 1558 enim
1470 1507 1682 1559 natura
1713 1518 1889 1574 quam
1944 1505 2161 1556 terram

503 1589 842 1662 appellavit.
906 1590 1078 1646 idolis
1140 1594 1198 1647 et
1254 1591 1448 1647 fraudi
1508 1592 1788 1647 cervicem
1846 1589 2160 1657 inclinans,

507 1678 733 1735 nullam
773 1680 1060 1735 virtutum
1112 1680 1367 1752 speciem
1420 1680 1670 1751 praebuit
1722 1680 1802 1749 (id
1851 1679 2007 1735 enim
2055 1678 2162 1735 ﬂos

506 1767 847 1840 significat),
881 1769 1263 1825 acerbissima
1300 1786 1366 1825 ac
1402 1768 1924 1825 vehementissima
1970 1767 2164 1824 hieme

505 1858 867 1929 deceptionis
922 1857 981 1912 in
1030 1857 1279 1930 glaciem
1331 1859 1568 1915 redacta
1620 1875 1687 1913 ac
1736 1858 2161 1930 pr0pemodum

504 1946 752 2018 perdita.
791 1946 930 2013 Quis
961 1948 1118 2003 enim
1153 1963 1215 2003 se
1257 1947 1315 2002 in
1356 1947 1537 2003 tantis
1568 1963 1832 2003 errorum
1877 1946 2161 2015 tenebris,

504 2036 743 2108 pietatis
794 2036 1220 2107 professionem
1280 2037 1452 2102 tueri,
1507 2037 1859 2092 modestiam
1906 2050 2161 2103 servare,

503 2126 957 2196 temperantiam
980 2124 1280 2196 amplecti,
1304 2124 1556 2181 osculari
1578 2125 1871 2196 justitiam
1896 2140 2159 2196 unquam

504 2215 854 2286 sperasset?
910 2219 985 2269 At
1038 2215 1167 2285 jam
1229 2216 1393 2285 ﬂores
1457 2223 1835 2287 apparuerunt
1887 2217 1949 2270 in
2006 2219 2160 2269 terra

500 2307 709 2359 nostra.
744 2303 931 2376 Surge
980 2303 1183 2375 igitur,
1219 2308 1277 2361 et
1325 2321 1570 2361 coronas
1601 2305 1708 2361 tibi
1747 2320 1816 2361 ex
1843 2303 2158 2360 virtutibus

501 2396 651 2447 texe.
684 2394 764 2448 Ac
805 2391 1015 2448 ﬂorum
1064 2392 1233 2449 testis
1281 2394 1527 2451 minime
1558 2394 1913 2466 rejiciendus
1941 2398 2031 2449 est
2058 2391 2158 2447 ille

504 2496 832 2551 praecursor
861 2480 1082 2553 gratiae,
1116 2484 1529 2553 Paenitentiam,
1563 2482 1859 2555 inquiens,
1893 2483 2042 2552 agite
2061 2482 2105 2518 ⁸¹
2140 2497 2155 2536 :

505 2569 606 2640 qui
639 2568 862 2627 multos
892 2586 960 2627 ex
991 2571 1247 2629 Hebraeis
1277 2572 1613 2645 baptizavit,
1640 2590 1773 2629 cum
1805 2572 2028 2627 videret
2058 2586 2158 2626 eos

506 2657 781 2715 ﬂorentes
833 2659 894 2716 in
949 2661 1335 2719 confessione.
1377 2663 1502 2718 Huc
1560 2663 1715 2718 enim
1773 2664 2039 2734 spectant
2090 2675 2158 2717 ea

506 2748 683 2805 verba
713 2748 1084 2806 Canticorum
1123 2768 1138 2807 :

580 3018 689 3074 νοω
715 3018 951 3074 turturis
981 3018 1178 3076 audita
1207 3030 1284 3077 est
1311 3022 1371 3076 in
1400 3030 1548 3077 terra
1573 3027 1783 3076 nostra.

568 3105 693 3163 Vox
747 3107 905 3164 enim
964 3108 1275 3166 clamantis
1336 3112 1445 3166 fuit
1500 3126 1827 3183 praecursor
1882 3108 2014 3177 iste,
2048 3107 2148 3180 qui

501 3197 747 3268 passeri,
778 3197 1016 3265 turturi,
1050 3200 1295 3255 dexteras
1328 3204 1719 3272 comparatur.

572 3287 738 3343 Ficus
761 3288 994 3357 protulit
1030 3304 1240 3360 grossos
1286 3305 1411 3346 suos
1442 3270 1669 3346 {vineae
1712 3289 1909 3359 ﬂorent
1940 3304 1953 3343 :
1987 3286 2147 3343 dede-
2179 3270 2223 3339 C

504 3378 639 3429 runt
670 3374 906 3432 odorem.

572 3463 859 3520 Eumdem
908 3466 1029 3522 haec
1061 3467 1207 3523 forte
1255 3484 1496 3523 sensum
1544 3467 1763 3522 habent
1808 3482 1941 3522 cum
1976 3481 2150 3537 supe-

505 3551 778 3610 rioribus.
803 3555 1002 3611 Ficum
1034 3557 1191 3611 enim
1221 3573 1429 3613 rursus
1458 3555 1718 3627 intellige
1742 3561 2015 3611 naturam
2048 3554 2153 3609 hu-

504 3656 738 3697 manam
776 3644 1090 3715 :'grossos,
1139 3644 1446 3701 inferiores
1488 3645 1732 3701 virtutes
1782 3662 1795 3701 :
1845 3644 1993 3700 vites
2045 3644 2153 3698 ﬂo-

503 3735 719 3802 rentes,
751 3732 977 3789 animas
1011 3751 1139 3806 quae
1171 3734 1230 3789 in
1264 3738 1422 3791 recta
1451 3734 1679 3791 vivendi
1711 3736 1938 3790 ratione
1968 3750 2035 3791 ac
2064 3734 2155 3789 via

498 3820 774 3892 progredi
799 3823 926 3892 jam
958 3826 1282 3895 coeperunt.

568 3909 763 3979 Surge,
796 3913 940 3978 veni,
967 3914 1287 3984 propinqua
1313 3928 1457 3985 mea,
1485 3914 1739 3984 formosa
1768 3929 1911 3982 mea,
1943 3911 2151 3967 colum-

501 3997 575 4054 ba
611 4015 755 4055 mea.

1085 4090 1273 4145 Trium
1312 4091 1567 4146 Patrum.

571 4192 716 4249 Cum
749 4194 930 4265 igitur
960 4195 1242 4266 magistra
1280 4197 1480 4252 anima
1518 4198 1601 4252 ita
1631 4213 1693 4253 se
1724 4196 1783 4251 in
1816 4196 2156 4253 erudiendis

501 4282 971 4338 adolescentibus
1002 4284 1377 4351 exercuisset,
1405 4287 1526 4356 jam
1560 4302 1687 4356 quas
1719 4286 1848 4357 ipsa
1878 4303 1910 4341 a
1941 4302 2157 4357 sponso

501 4369 792 4437 didicerit,
816 4375 1039 4426 narrat:
1060 4372 1413 4443 Respondet,
1439 4374 1733 4445 inquiens,
1759 4391 1940 4446 nepos
1968 4391 2156 4444 meus,

501 4457 602 4529 qui
636 4474 969 4515 sermonem
998 4460 1267 4517 videlicet
1314 4478 1512 4518 meum
1543 4463 1614 4518 ad
1646 4462 1971 4534 discipulae
2022 4480 2156 4534 pro-

501 4547 613 4603 fert
645 4564 657 4603 :
684 4550 997 4620 respondet
1018 4549 1269 4607 dilectus
1297 4568 1485 4621 meus,
1510 4556 1569 4608 et
1594 4550 1735 4607 dicit
1756 4552 1902 4607 mihi
1927 4569 1940 4608 :
1964 4552 2158 4624 Surge,

1840 386 2258 448 MICHAELIS
2305 387 2572 448 PSELLI

2149 522 2246 587 :A

3799 388 3922 451 588

2355 514 2495 573 Ἰδοὺ
2545 518 2573 572 ὁ
2642 518 2859 594 χειμὼν
2946 518 3246 594 παρῆλθεν,
3330 519 3357 573 ὁ
3438 520 3587 582 ὑετὸς
3662 518 3932 589 ἀπῆλθεν,

2278 605 2541 682 ἐπὸρεύθη
2592 608 2806 679 ἑαυτῷ·
2862 627 2927 661 τα
2984 605 3117 679 ἄνθη
3169 603 3317 679 ὥθθη
3373 607 3425 664 ὲν
3464 612 3532 683 τῇ
3578 612 3670 683 γῇ,
3733 609 3762 663 ὁ
3805 630 3928 663 και-

2276 695 2367 769 ρὸς
2396 702 2494 764 τῆς
2526 702 2707 769 τομῆς
2738 693 2979 773 ἔφθασεν.

2343 786 2483 850 Ὅτι,
2515 786 2671 860 φησὶ,
2701 788 3013 861 κατήργησε
3040 786 3140 853 τὴν
3166 784 3325 860 φύσιν
3363 790 3471 840 τῶν
3492 781 3793 858 δαιμόνων,

2271 876 2377 943 Τήν
2410 872 3011 949 ἀποκρυσταλλώσασαν
3059 876 3159 945 τήν
3190 874 3348 950 φύσιν
3378 879 3487 930 τῶν
3509 875 3835 951 ἀνθρώπων,

2273 964 2375 1021 Καὶ
2410 961 2646 1035 δείξασα-ν
2675 963 2998 1035 ἀναίσθητον
3018 962 3155 1039 πρὸς
3173 964 3236 1019 τὸ
3265 961 3435 1019 καλὸν
3461 962 3712 1034 τελείως,

2274 1052 2562 1116 Κάντευθεν
2595 1051 2938 1123 ἀπελήλαται
2971 1054 3189 1128 χειμὼν
3221 1055 3249 1108 ὁ
3278 1060 3380 1123 τῆς
3411 1054 3635 1124 ἀπάτης,

2274 1142 2371 1199 Καὶ
2402 1148 2507 1205 πᾶς
2535 1139 2709 1205 δεινός
2735 1163 2817 1203 τις
2843 1143 2995 1203 ὑετὸς
3027 1140 3293 1211 ἀπῆλθεν,
3326 1141 3593 1219 ἀπερρύη,

2274 1232 2371 1285 Καὶ
2401 1232 2462 1285 τὸ
2480 1232 2708 1306 τερπνὸν
2740 1230 2979 1286 ἀνέτειλε
2999 1239 3100 1301 τῆς
3126 1231 3381 1301 ἀληθείας
3410 1226 3501 1307 ἔαρ
3527 1252 3540 1266 ο

2272 1322 2331 1377 Ἥ
2363 1327 2431 1394 γῆ
2465 1317 2511 1374 δ’
2542 1321 2715 1385 ἀνθεῖν
2746 1321 3043 1393 ἀπήρξατο,
3076 1319 3232 1398 φύσις
3262 1323 3296 1391 ἡ
3328 1325 3436 1377 τῶν
3456 1323 3777 1395 ἀνθρώπων,

2273 1411 2467 1484 Καιρὸς
2518 1406 2575 1464 δὲ
2658 1411 2897 1488 «eseam
2980 1408 3185 1465 λοιπὸνν
3245 1417 3425 1484 τομῆς
3496 1416 3596 1480 τῆς
3670 1416 3777 1466 τῶν
3830 1412 3923 1466 ἆν-

3735 1502 3921 1575 θὲων,]

2272 1587 2339 1645 Ei
2372 1588 2564 1665 βούλῃ.
2596 1590 2988 1646 κατασκεύασον
3034 1593 3322 1670 στεφάνους
3351 1590 3402 1661 ἐξ
3432 1590 3651 1654 ἀνθέων.

2272 1679 2337 1733 Ἠ
2365 1682 2472 1732 τῶν
2508 1679 2807 1755 ἀνθρώπων
2843 1680 2999 1755 φύσις
3027 1680 3125 1756 γὰρ
3155 1678 3220 1749 ἦν
3251 1687 3354 1755 γῆν
3389 1682 3416 1735 ὁ
3440 1678 3605 1753 λόγος
3639 1682 3809 1747 εἶπεν,

2270 1765 2544 1831 Εἰδώλοις
2577 1767 2910 1824 ὑποκλίνασα
2937 1771 3026 1825 καὶ
3058 1769 3237 1843 πλάνῃ
3263 1771 3353 1824 τὸν
3386 1768 3608 1845 αὐχένα,

2274 1854 2429 1919 Εἶδος
2462 1856 2560 1911 οὐκ
2590 1859 2732 1933 εἶχεν
2761 1859 2962 1932 ἀρετῶν
2998 1863 3176 1929 (τοῦτο
3205 1858 3306 1933 γὰρ
3338 1856 3494 1922 ἄνθος
3525 1853 3683 1931 νόει),

2268 1951 2358 2018 ⁷ίῷ
2390 1944 2705 2020 δριμυτάτῳ
2733 1947 2824 2001 καὶ
2874 1946 3094 2025 σφοδρῷ
3144 1952 3380 2023 χειμῶνι
3429 1952 3509 2019 τῷ
3564 1955 3664 2015 τῆς
3702 1946 3921 2018 πλάνης

2270 2034 2756 2111 Κρυσταλλωθεῖσα
2785 2038 2871 2092 καὶ
2909 2034 3106 2113 σχεδὸν
3138 2035 3591 2101 ἑναποΛλυθεῖσα.

2266 2124 2355 2187 Τίς
2385 2125 2486 2201 γὰρ
2518 2121 2789 2194 ἠλπίσατό
2814 2147 2947 2181 ποτε
2974 2133 3074 2195 τῆς
3106 2125 3319 2196 πλάνης
3359 2125 3735 2197 σκοτιζούσης,

2268 2216 2466 2284 Τηρεῖν
2492 2213 2900 2289 ἐξομολίγησιν,
2934 2213 3223 2291 φυλάττειν
3246 2214 3624 2293 σωφροσύνην,

2267 2303 2614 2378 Ἐγκράτειαν
2648 2304 2996 2373 ἀσπάζεσθαι,
3027 2302 3205 2381 φιλεῖν
3231 2301 3575 2374 δικαιοσύνην

2266 2390 2421 2448 Ἀλλ’
2450 2389 2557 2461 ἤδη
2589 2396 2806 2457 πάντως
2833 2392 3069 2464 ἤνθηκεν
3095 2395 3130 2463 ἡ
3156 2400 3248 2468 γῆ.
3278 2394 3481 2448 Λοιπὸν
3509 2392 3729 2463 ἀνάστα,

2268 2480 2368 2536 Καὶ
2402 2478 2702 2535 σπούδασον
2736 2480 2786 2552 ἑξ
2817 2481 3019 2557 ἀρετῶν
3044 2482 3340 2552 στεφάνους
3372 2502 3459 2536 σοι
3486 2478 3783 2551 πλαγῆναι.

2265 2570 2362 2623 Καὶ
2399 2570 2602 2643 μάρτυς
2637 2571 3055 2647 ἀπαράγραπτος
3087 2570 3323 2647 ὐπάρχει
3353 2575 3461 2626 τῶν
3492 2570 3693 2626 ἀνθέων

2264 2660 2320 2712 Ὀ
2352 2657 2665 2733 πρόδρομος
2698 2667 2798 2728 τῆς
2829 2659 3074 2735 χάριτος,
3110 2659 3286 2735 λᾶγων
3323 2679 3335 2692 '
3369 2665 3691 2715 Μετανοεῖτε
3714 2679 3730 2692 ·

2263 2750 2447 2810 ’Όστις
2476 2747 2720 2810 πολλοὺς
2751 2744 3001 2803 ἐϐάπτισε
3030 2753 3127 2803 τοῦ
3156 2749 3343 2823 γένους
3374 2753 3480 2804 τῶν
3514 2744 3804 2824 Ἐϐραίων,

2262 2835 2412 2895 Ἰδὼν
2446 2838 2640 2900 αὐτοὺς
2673 2838 3001 2908 ἀνθήσαντας
3034 2836 3085 2892 ἐν
3113 2835 3528 2914 ἐξομολογήσει.

2264 2926 2475 2984 Τούτου
2504 2928 2605 3002 γάρ
2636 2927 2796 3001 χάριν
2829 2924 3041 3003 ε’ἕρηκεν
3076 2928 3103 2981 ὁ
3134 2925 3297 3003 λόγος
3324 2932 3432 2982 τῶν
3461 2925 3747 3000 Ἀσμάτων
3783 2946 3798 2961 ’

2334 3018 2499 3085 Φωνή
2532 3023 2631 3085 τῆς
2658 3018 2917 3090 τρυγόνος
2949 3017 3192 3087 ἠκούσθη
3227 3015 3280 3071 ἐν
3305 3020 3373 3090 τῇ
3404 3020 3477 3092 γῇ
3510 3019 3694 3089 ἡμῶν.

2262 3107 2425 3174 Φωνὴ
2463 3106 2701 3181 βοῶντος
2735 3107 2963 3175 πέφυκεν
2997 3106 3024 3159 ὁ
3056 3103 3375 3182 πρόδρομος
3403 3106 3504 3182 γὰρ
3529 3106 3707 3179 οὗτος,

2262 3196 2539 3269 Στρουθῷ,
2570 3195 2815 3270 τρυγόνι,
2843 3192 2998 3267 δεξιῷ
3030 3194 3406 3270 παρεικασθεὶς
3444 3200 3523 3267 τῷ
3556 3192 3727 3271 λόγῳ.

2331 3286 2391 3339 Ἥ
2425 3291 2558 3352 συκῆ
2593 3284 2841 3359 ἐξήνεγκε
2863 3282 2991 3346 τοὺς
3025 3282 3290 3348 ὀλύνθους
3320 3282 3504 3353 αὐτῆς.
3532 3284 3596 3339 Δὶ

2259 3370 2487 3448 ἅρπελοι
2518 3372 2884 3448 κυπρίζουσιν,
2918 3369 3120 3427 ἔδωκαν
3156 3372 3357 3445 ὀσμήν.

2259 3463 2432 3519 Τοῦτο
2462 3462 2654 3515 ταυτόν
2683 3483 2736 3514 τι
2766 3482 2969 3537 πεφυκε
2992 3460 3137 3535 τάχα
3166 3467 3282 3523 τοῖς
3310 3461 3694 3537 προρῥηθεῖσι.

2264 3556 2441 3619 Συκῆν
2473 3550 2573 3625 γὰρ
2603 3550 2755 3613 αὖθις
2790 3551 2989 3620 νόησον
3020 3552 3123 3618 τὴν
3145 3550 3305 3628 φύσιν
3340 3555 3453 3605 τῶν
3485 3551 3814 3627 ἀνθρώπων,

2262 3639 2558 3700 Ὀλύνθους
2594 3636 2651 3693 δὲ
2681 3643 2788 3693 τῶν
2813 3638 3016 3712 ἀρετῶν
3047 3640 3143 3701 τὰς
3174 3636 3579 3715 ὑποδεεστέρας.

2262 3727 2570 3801 Ἀμπέλους
2600 3727 2763 3783 πάλιν
2782 3727 3033 3804 γίνωσκε,
3067 3725 3318 3800 δέσποτα,
3348 3727 3737 3804 κυπριζούσας,
3812 3762 3815 3765 ν

2263 3817 2458 3893 Ψυχὰς
2480 3816 2803 3893 προκόπτειν
2839 3816 2913 3879 εἷς
2945 3816 3114 3872 καλὸν
3148 3815 3507 3893 ἒναρξαμένας
3536 3814 3669 3886 ἤδη.

2332 3909 2580 3976 Ἀνάστα,
2634 3904 2776 3977 ἐλθὲ,
2836 3909 2870 3977 ἡ
2952 3906 3191 3978 πλησίον
3256 3922 3385 3981 μου,
3438 3906 3581 3978 καλή
3636 3927 3766 3979 μου,
3823 3926 3917 3962 πι-

2266 3997 2480 4077 ριστερά
2515 4018 2646 4071 μου.

2834 4090 2957 4144 Τῶν
2990 4087 3039 4161 γ’
3072 4084 3347 4161 Πατέρων.

2335 4191 2492 4252 Οὕτω
2538 4195 2719 4249 τοίνυν
2782 4196 2814 4263 ἡ
2878 4190 3205 4255 διδάσκαλος
3261 4192 3416 4268 ψυχὴ
3479 4189 3919 4267 ἀπασχολήσασα

2267 4286 2461 4353 ἑαυτὴν
2516 4288 2581 4358 τῇ
2624 4280 2985 4353 δισδασκαλίᾳ
3030 4287 3137 4337 τῶν
3193 4281 3669 4355 μαθητευομένων,
3729 4278 3929 4335 λοιπὸν

2268 4375 2399 4448 ἅπερ
2431 4373 2564 4441 αὐτή
2602 4371 2855 4446 μανθάνει
2906 4371 3051 4445 παρὰ
3095 4374 3193 4426 τοῦ
3242 4369 3479 4447 νυμφίου
3509 4368 3669 4447 φησίν
3708 4387 3722 4401 ·
3755 4370 3932 4424 Ἀπο-

2263 4465 2500 4540 κρίνεται
2536 4463 2562 4517 ὀ
2618 4459 2911 4538 ἀδελφιδός
2966 4482 3069 4535 μου
3098 4482 3110 4495 ·
3164 4461 3305 4529 ⁴ἢτοι,
3341 4458 3478 4532 ἐμοῦ
3519 4460 3657 4533 πρὸς
3685 4459 3785 4520 τὶς
3820 4480 3921 4532 μα-

2268 4553 2632 4626 θητευομένας
2693 4549 3029 4625 ποιουμένης
3095 4551 3185 4605 τὸν
3253 4546 3451 4625 λόγον,
3505 4547 3855 4622 ἀποκρίνεται
3892 4548 3925 4602 ὁ

497 4643 645 4712 veni,
676 4643 990 4714 propinqua
1023 4660 1147 4699 mea
1179 4660 1197 4699 ,ο
1232 4645 1438 4701 docere
1479 4645 1681 4701 desine
1712 4662 1839 4716 quea
1871 4663 1904 4701 a
1936 4662 2027 4701 me
2058 4662 2160 4718 per

2276 4643 2547 4716 ἀγαπητός
2612 4663 2737 4714 μου,
2797 4640 2885 4695 καὶ
2968 4638 3112 4716 λέγει
3169 4657 3303 4713 μοι·
3367 4638 3618 4707 Ἀνάστα,
3676 4635 3822 4707 ἐλθὲ,
3881 4639 3920 4707 ἡ

500 4731 829 4788 naturalem
862 4733 1262 4805 scriptumque
1294 4733 1481 4807 legem
1508 4736 1786 4807 mysteria
1815 4735 1885 4790 ad
1915 4751 2011 4791 me
2043 4751 2170 4807 per.

497 4819 747 4877 tiuentia
776 4826 949 4878 antea
979 4822 1273 4878 dedieisti.
1298 4825 1387 4879 Ab
1419 4824 1491 4880 iis
1520 4840 1912 4896 consurgens,
1937 4828 1997 4880 tu
2034 4841 2166 4895 quin

499 4914 739 4982 propter
794 4911 1213 4983 perfectionem
1264 4927 1323 4968 es
1377 4913 1709 4985 propinqua
1759 4930 1913 4983 mea,
1963 4915 2035 4969 ad
2095 4930 2165 4970 ea

498 5000 787 5055 tradenda
818 5005 875 5055 te
906 5002 1104 5056 confer
1149 5018 1273 5072 qua:
1303 5019 1372 5057 ex
1403 5001 1524 5072 lege
1579 5006 1854 5059 constant
1884 5002 2162 5074 spiritali,

498 5093 557 5144 et
585 5088 677 5145 his
708 5089 878 5163 longe
910 5093 1050 5145 sunt
1089 5090 1521 5147 excellentiora.
1555 5093 1673 5164 Ego
1704 5092 1862 5147 enim
1895 5092 1994 5162 qui
2028 5108 2160 5148 sum

500 5182 711 5234 natura
741 5179 1072 5235 immensus
1113 5184 1169 5233 et
1217 5180 1503 5248 inﬁnitus,
1540 5179 1722 5236 nullis
1773 5196 2034 5252 unquam
2070 5198 2158 5238 re-

500 5285 630 5323 rum
663 5285 731 5323 ex
763 5269 1012 5323 materia
1043 5269 1440 5325 constantium
1475 5269 1746 5325 terminis
1771 5270 2157 5341 comprehen-

500 5358 626 5413 dar.
661 5357 859 5427 Itaque
889 5362 946 5412 te
977 5374 1211 5429 semper
1241 5363 1471 5430 oportet
1499 5360 1571 5414 ad
1605 5358 1886 5415 ulteriora
1915 5364 2153 5416 conten-

497 5449 655 5502 dere.
686 5447 945 5502 Formosa
971 5463 1114 5513 mea,
1145 5446 1402 5503 columba
1432 5464 1574 5503 mea.
1611 5449 1890 5505 Formosa
1919 5449 2152 5519 quidem

500 5550 651 5602 mea,
679 5540 973 5606 quatenus
1004 5536 1281 5608 operibus
1329 5540 1386 5592 et
1432 5536 1738 5610 praeceptis
1768 5538 2152 5611 exsequendis

569 5729 614 5765 ⁸¹
653 5728 867 5784 Matth.
899 5747 986 5796 ιιι,
1015 5732 1071 5786 2.

3592 4724 3768 4743 οῆκν

2276 4730 2511 4800 πλησίον
2572 4751 2694 4803 μου.
2742 4726 2964 4800 Δηλαδή
3011 4728 3292 4783 ἀνάνευσον
3354 4727 3461 4783 ἀπὸ
3524 4730 3621 4782 τοῦ
3652 4726 3928 4781 διδάσκειν

2272 4821 2339 4875 τὰ
2366 4823 2493 4894 παρ’
2521 4820 2657 4893 ἐμοῦ
2696 4817 2784 4874 διά
2824 4840 2883 4874 τε
2928 4823 3022 4873 τοῦ
3082 4821 3312 4895 φυσικοῦ
3369 4816 3460 4871 καὶ
3516 4820 3614 4870 τοῦ
3669 4818 3931 4889 γραπποῦ

2272 4911 2443 4983 νόμου
2474 4907 2907 4985 προδιδαχθέντα
2965 4929 3050 4962 σοι
3107 4907 3231 4982 περὶ
3272 4908 3408 4979 ἐμοῦ
3460 4906 3753 4979 μυστήρια.
3804 4903 3924 4961 Κάκ

2269 5001 2474 5056 τούτων
2508 4998 2799 5075 ἐγερθεῖσα,
2856 4996 2979 5061 ἐλθὶ
3021 4995 3192 5051 πάλιν
3241 4995 3317 5057 εἷς
3372 4996 3434 5051 τὸ
3468 4992 3809 5049 διδάσκεσθαι
3837 4989 3933 5047 διὰ

2269 5094 2362 5145 τοῦ
2388 5092 2755 5162 πνευματικοῦ
2800 5086 2974 5159 νόμου
3017 5085 3084 5140 τὰ
3142 5080 3218 5140 ἔτι
3267 5083 3474 5140 τούτων
3534 5082 3923 5157 ὑπερκείμενα,

2268 5180 2301 5248 ἠ
2364 5174 2452 5231 διὰ
2506 5175 2831 5246 τολειότητα
2887 5173 3049 5249 ἐγγύς
3110 5194 3237 5248 μου.
3299 5173 3380 5230 Οὐ
3438 5173 3931 5249 περιγραφήσομαι

2263 5280 2365 5344 γάρ
2397 5267 2527 5322 ποτέ
2554 5287 2661 5321 τισι
2698 5262 3006 5338 μετουσέαις
3038 5262 3073 5331 ἤ
3104 5263 3354 5335 τέρμασι,
3388 5262 3502 5316 κατ’
3530 5260 3717 5314 οὐσίαν
3754 5259 3929 5329 ὑπάρ-

2264 5378 2379 5433 χων
2434 5354 2653 5430 ἄπειρος
2707 5355 2795 5409 καὶ
2852 5353 3125 5427 ἀόριστος.
3180 5351 3279 5405 Καὶ
3341 5348 3429 5405 διὰ
3485 5347 3647 5405 τοῦτο
3700 5346 3821 5403 δέον
3864 5368 3933 5404 σι

2261 5453 2376 5508 τοῖς
2428 5444 2726 5521 ἔμπροσθεν
2784 5441 3044 5513 διηνεκῶς
3094 5439 3511 5504 ἐπεκτείνεσθαι.
3568 5436 3723 5507 Καλή
3785 5458 3926 5510 μου,

2260 5536 2549 5613 περιστερά
2612 5556 2738 5608 μου.
2790 5532 2939 5603 Καλή
2986 5553 3091 5607 μου
3148 5530 3243 5605 μὲν
3291 5528 3365 5593 ὡς
3419 5526 3801 5605 κεκαθαρμένη
3835 5527 3934 5581 καὶ
