4102 6342
210 459 338 518 589

1277 459 1684 517 CUMMEN'I‘.
1738 459 1809 515 lN
1858 456 2256 516 CANTICUM
2305 455 2608 516 CANTIC.

3512 458 3628 520 590

212 588 531 660 ὡραϊσμὲνη
588 590 660 660 τῇ
715 587 900 659 πράξει
950 592 1060 641 τῶν
1120 585 1380 642 ἐντολῶν·
1439 585 1728 661 περιστερά
1761 605 1865 658 μου

1982 585 2265 640 mundata
2293 602 2356 642 es
2386 589 2442 640 et
2488 586 2763 642 decorata
2793 603 2806 641 :
2841 585 3110 643 columba
3156 603 3311 660 vero,
3335 592 3629 661 quatenus

213 674 280 730 δὲ
337 677 411 737 ὡς
467 676 854 753 πεφωτισμένη
912 681 1031 738 τοῖς
1089 679 1188 730 τοῦ
1240 675 1502 749 παναγίου
1561 673 1870 745 Πνεύματος

211 764 573 840 χαρίσμασιν.
641 765 870 821 Ἀνάστα
929 761 1006 835 δὲ,
1067 765 1221 842 φησὶ,
1279 763 1368 818 καὶ
1401 763 1544 818 ὲλθὲ⁹
1579 762 1660 818 ὅτι
1694 761 1817 817 ξ’δοὺ
1844 763 1872 817 ὁ

214 855 438 930 χειμὼν
497 853 797 927 παρῆλθεν,
847 855 1078 928 Ἥγουν,
1114 852 1202 907 διὰ
1228 852 1394 908 τοῦτό
1443 873 1531 906 σοι
1589 851 1874 926 ἐγκελεύο-

221 967 323 1019 μαι
377 944 670 1020 ἐγείρεσθαι
745 941 824 999 ἀεὶ
900 941 1005 998 ἄπὸ
1079 941 1308 1017 ὑψηλῶν
1367 943 1737 1019 θεωρημάτων
1800 942 1877 1006 εἷς

220 1033 560 1111 ὑψηλότερα,
620 1034 756 1110 πρὸς
820 1033 1105 1106 μετουσίαν
1163 1036 1260 1088 τοῦ
1323 1033 1711 1108 ὑπερκειμὲνου
1740 1030 1874 1086 κάλ-

219 1121 361 1187 λους
409 1144 464 1178 σε
536 1121 920 1200 ἐφελκόμενος,
995 1120 1077 1176 ὅτι
1154 1123 1220 1177 τᾶ
1293 1121 1668 1198 χειμαζόμενα
1728 1122 1873 1190 πάθη

218 1213 324 1281 τήν
397 1213 580 1288 ψυχὴν
617 1254 632 1280 ,
705 1212 794 1266 καὶ
871 1211 1009 1286 πρὸς
1080 1211 1180 1280 τήν
1237 1213 1606 1284 πνευματικὴν
1658 1209 1878 1285 πορείαν

218 1299 540 1366 κωλύοντα,
613 1301 901 1375 γεγόνασιν
987 1297 1254 1359 ἇκποὸών.
1335 1305 1389 1354 ‘0
1469 1300 1617 1354 ὑετὸς
1695 1296 1877 1368 ἀπῆλ-

219 1392 339 1458 θεν,
419 1390 683 1464 ἐπορεύθη
762 1391 956 1462 ἑαυτῷ.
1033 1389 1303 1460 ΔηΑονότι
1368 1391 1403 1459 ἡ
1478 1385 1686 1464 σφοδρὰ
1747 1409 1876 1442 κατ-

219 1479 375 1553 αιγὶς
431 1484 538 1533 τῶν
600 1478 876 1553 αἱρέσεων,
941 1479 1027 1554 ὑφ’
1087 1478 1154 1547 ἧς
1207 1478 1296 1533 καὶ
1345 1477 1736 1552 ἀπησχόλησαι
1800 1477 1875 1549 μὴ

218 1575 624 1643 παρασυρῆναι,
659 1565 861 1636 ἀπέστη
895 1571 964 1640 τῇ
1011 1567 1096 1644 ὑφ’
1162 1568 1363 1622 ἑαυτῶν
1395 1564 1688 1639 διαλλήλῳ
1740 1568 1878 1640 φθα-

221 1662 383 1730 ρεῖσα
438 1661 630 1733 φθορᾷ.
691 1656 770 1711 Τὰ
829 1653 960 1724 ἄνθη
1022 1656 1178 1728 ὤφθη
1237 1655 1290 1710 ἐν
1347 1658 1415 1728 τῇ
1465 1659 1559 1728 γῇ.
1596 1656 1664 1708 Αἱ
1697 1654 1878 1730 ἀρεταὶ

220 1748 462 1811 παντως,
519 1742 575 1798 α⁶ί
633 1741 790 1814 δίκην
851 1742 1156 1798 πολυειδῶν
1189 1765 1246 1799 τε
1288 1744 1376 1799 καὶ
1428 1741 1644 1798 εύειδὼν
1677 1744 1875 1798 ἀνθέων

218 1836 328 1903 τήν
362 1835 546 1909 ψυχὴν
580 1831 926 1909 ὡραίζουσιν,
987 1832 1254 1903 ἀνέθηλαν
1287 1831 1338 1886 ἐν
1402 1832 1559 1906 σαρκὶ
1590 1833 1705 1886 κατ’
1732 1830 1877 1906 ἐνέρ-

219 1941 402 1998 γειαν·
445 1927 615 1977 ταῦτα
670 1919 727 1977 δὲ
778 1921 1110 1998 γεγόνασιν,
1186 1918 1478 1996 ἆπειδγςπερ
1537 1922 1725 1996 καιρὸς
1777 1923 1876 1987 τῆς

215 2020 406 2086 τομῆς
459 2009 704 2090 ἓρθακεν,
762 2011 822 2076 ὅς
876 2018 977 2081 τῆς
1025 2009 1123 2066 τού
1182 2013 1416 2085 Χριστοῦ
1473 2009 1524 2064 ἑν
1568 2010 1722 2086 σαρκὶ
1753 2008 1871 2066 ἐπι-

216 2100 427 2174 δημίας
486 2101 616 2157 ἐστί.
678 2100 823 2171 Φησῖ
882 2101 984 2178 γὰρ
1029 2099 1080 2155 ἐν
1141 2097 1493 2176 Εὑαγγελίοις
1521 2098 1703 2161 αὐτός·
1758 2098 1873 2157 υῦκ

215 2192 397 2260 ἦλθον
485 2189 671 2267 βαλεῖν
755 2191 1000 2265 εἰρήνην,
1075 2188 1223 2246 ἀλλὰ
1299 2182 1595 2265 μάχαιραν.
1665 2185 1867 2244 Ἦλθον

210 2281 324 2354 γὰρ
394 2278 616 2356 διχάσαι
693 2282 976 2356 ἄνθρωπον
1049 2279 1186 2334 κατὰ
1256 2283 1354 2335 τοῦ
1422 2279 1625 2356 πατρὸς
1680 2279 1868 2346 αὐτοῦ,

206 2371 300 2424 καὶ
373 2369 637 2444 θυγατέρα
694 2370 832 2425 κατὰ
885 2376 986 2439 τῆς
1052 2369 1258 2443 μητρὸς
1332 2367 1522 2440 αὐτῆς,
1584 2367 1675 2422 καὶ
1729 2367 1871 2440 νύμ-

205 2480 321 2536 φην
406 2460 542 2514 κατά
621 2467 720 2529 τῆς
791 2460 1046 2535 πενθερᾶς
1117 2458 1308 2524 αὐτῆς.
1387 2458 1688 2530 Τἑμνονται
1767 2459 1868 2534 γὰρ

207 2546 306 2602 διὰ
364 2546 544 2602 πίστιν
601 2548 691 2603 καὶ
748 2548 942 2625 ἀρετὴν
977 2547 1124 2602 οὗτοι
1161 2547 1211 2601 οἳ
1243 2546 1419 2601 καινοὶ
1458 2550 1539 2618 τῷ
1568 2549 1870 2617 καινοποιῷ

210 2636 512 2708 υνεύματι,
549 2638 654 2691 ἀπὸ
683 2642 791 2692 τῶν
837 2635 1308 2708 πεπαλαιωμένων
1368 2634 1438 2710 τῇ
1500 2634 1722 2706 ἀπιστίᾳ
1776 2635 1868 2688 καὶ

207 2729 281 2799 τῇ
338 2727 521 2797 κακίᾳ.
553 2727 708 2781 Ὅθεν
737 2726 956 2791 καὶτῆς
1003 2725 1194 2780 ἑαυτοῦ
1252 2724 1304 2780 ἒν
1363 2725 1518 2798 σαρκὶ
1571 2721 1867 2796 ἐπιδημίας

210 2813 430 2890 ἐπάγων
486 2816 586 2884 τήν
641 2815 957 2890 μαρτυρίαν,
1015 2816 1171 2892 φησί·
1225 2815 1389 2884 Φωνὴ
1454 2818 1551 2880 τῆς
1606 2812 1870 2888 τρυγόνος

210 2904 459 2974 ἠκούσθη
518 2903 568 2958 ἐν
634 2908 702 2978 τῇ
875 2907 1059 2977 ἡμῶν.
1116 2903 1359 2981 Τρυγόνα
1404 2904 1506 2979 γὰρ
1561 2901 1722 2958 καλεῖ
1777 2903 1866 2957 τὸν

210 3001 318 3064 τῆς
379 2994 572 3048 ἑαυτοῦ
625 2993 921 3068 παρουσίας
973 2996 1263 3071 προφήτην
1294 2993 1385 3047 καὶ
1425 2990 1760 3068 πρόδρομον,
1793 2991 1870 3052 ὡς

216 3082 486 3159 ἰρημικόν
513 3103 571 3137 τε
599 3081 686 3137 καί
719 3082 994 3160 σώφρονα.
1046 3083 1122 3140 Οὔ
1155 3085 1190 3152 ἡ
1223 3082 1378 3159 φωνή
1432 3083 1495 3136 τὸ
1551 3085 1652 3146 τῆς
1706 3100 1868 3152 μεταο

210 3173 363 3235 νοίας
418 3170 530 3227 ἐστὶ
585 3174 864 3247 κήρυγμα,
924 3173 1057 3247 ὅπερ
1106 3169 1158 3226 ἔν
1189 3193 1298 3226 τισι
1344 3175 1452 3226 τῶν
1483 3174 1750 3244 σαρκικῶν
1781 3169 1869 3223 καὶ

203 3261 562 3339 φρονούντων
593 3262 659 3316 τὰ
684 3264 848 3336 γήϊνα
878 3261 1146 3332 ἠκούσθη,
1205 3261 1278 3322 ὡς
1330 3261 1591 3314 πεισθεῖσι
1648 3264 1728 3331 τῷ
1774 3279 1871 3327 κη-

1983 673 2280 730 illustrata
2323 691 2387 731 es
2429 676 2599 730 donis
2630 677 2885 748 Spiritus
2928 679 3140 734 sancti.
3179 679 3356 750 Surge
3404 684 3630 748 autem,

1982 763 2198 834 inquit,
2231 772 2287 820 et
2315 766 2442 820 veni
2470 783 2489 820 :
2519 766 2788 836 quoniam
2817 783 2933 822 ecce
2963 768 3136 823 hiems
3165 770 3414 826 transiit.
3443 771 3631 834 Quare

1982 853 2224 909 trahens
2253 858 2310 909 te
2341 855 2412 909 ad
2463 871 2706 910 summae
2757 855 3217 926 pulchritudinis
3265 858 3632 914 communio-

1986 959 2143 1009 nem,
2168 943 2439 1015 przecipio
2470 944 2578 998 tibi
2604 949 2670 1000 ut
2699 961 2929 1017 surgas,
2961 949 3019 1001 et
3047 963 3080 1001 a
3110 946 3468 1003 sublimibus
3492 963 3633 1003 con-

1987 1030 2450 1102 tenplationibus
2495 1031 2565 1086 ad
2615 1031 2985 1087 sublimiores
3031 1032 3297 1090 exciteris
3329 1033 3634 1105 :quando-

1985 1121 2225 1192 quidem
2296 1120 2801 1192 perturbationes,
2874 1137 3002 1192 quas
3067 1128 3349 1194 tanquam
3419 1121 3634 1178 hiemis

1987 1213 2367 1282 tempestates
2405 1209 2666 1265 animam
2706 1210 2978 1283 afﬂigunt
3006 1214 3062 1266 et
3091 1211 3163 1266 ab
3195 1211 3402 1268 itinere
3432 1211 3632 1283 prohi-

1987 1301 2128 1355 bent
2185 1297 2459 1370 spiritali,
2491 1297 2742 1354 sublatae
2789 1302 2949 1354 sunt.
3000 1300 3179 1355 Imber
3224 1301 3381 1368 abiit,
3412 1301 3639 1357 recessit

1985 1389 2115 1445 sibi.
2139 1390 2471 1444 Vehemens
2501 1388 2812 1457 haeresum,
2846 1405 2879 1443 a
2909 1389 3124 1459 quibus
3152 1388 3476 1461 vexabaris,
3508 1405 3641 1462 pro.

1988 1477 2132 1534 cella
2163 1477 2353 1544 desiil,
2387 1494 2518 1534 cum
2545 1482 2749 1533 mutuo
2781 1477 2935 1534 inter
2955 1494 3018 1533 se
3047 1477 3320 1534 conﬂictu
3345 1495 3637 1551 Oppressa

1989 1567 2368 1625 conciderint.
2409 1569 2516 1624 Vixi
2543 1570 2667 1624 sunt
2696 1569 2859 1638 ﬂores
2908 1568 2968 1622 in
3015 1571 3185 1624 terra.
3220 1567 3477 1625 Virtutes
3509 1585 3639 1641 quae

1989 1663 2273 1729 tanquam
2305 1657 2449 1712 varii
2482 1663 2658 1730 atque
2707 1658 2933 1714 odorati
2966 1658 3138 1714 ﬂores
3185 1658 3444 1714 animam
3475 1669 3640 1715 exor-

1989 1754 2155 1812 nant,
2189 1748 2245 1802 in
2287 1763 2482 1814 carne,
2517 1747 2659 1802 dum
2700 1747 2874 1803 rectis
2916 1747 3246 1803 actionibus
3276 1752 3334 1804 et
3362 1749 3641 1820 operibus

1988 1836 2354 1906 excoluntur,
2414 1835 2759 1891 ﬂoruerunt.
2821 1835 2952 1891 Haec
3009 1841 3205 1892 autem
3265 1837 3420 1893 facta
3476 1841 3642 1906 sunt,

1991 1927 2260 1998 quoniam
2299 1933 2512 1996 tempus
2546 1926 2849 1995 putationis
2894 1925 3115 1981 advenit
3143 1943 3162 1980 :
3195 1926 3352 1997 quod
3401 1925 3641 1997 quidem

1987 2021 2222 2086 tempus
2251 2019 2341 2070 est
2371 2013 2583 2070 Christi
2637 2015 2924 2070 adventus
2975 2015 3033 2070 in
3082 2031 3276 2071 carne.
3309 2016 3428 2072 Non
3457 2017 3640 2094 enim,

1980 2104 2177 2176 inquit
2216 2105 2342 2175 ipse
2386 2102 2445 2158 in
2498 2102 2844 2175 Evangeliis,
2874 2105 3000 2159 veni
3043 2105 3260 2160 mittere
3304 2119 3513 2175 pacem,
3545 2104 3641 2162 sed

1977 2193 2224 2264 gladium
2250 2210 2268 2246 :
2299 2192 2427 2248 veni
2454 2193 2609 2248 enim
2652 2207 2908 2264 separare
2938 2191 3216 2250 hominem
3244 2193 3503 2250 adversus
3533 2210 3638 2266 pa-

1979 2287 2116 2338 trem
2144 2298 2325 2349 suum,
2348 2289 2399 2338 et
2419 2281 2608 2353 ﬁliam
2636 2282 2899 2337 adversus
2925 2285 3158 2340 matrem
3190 2299 3369 2350 suam,
3403 2291 3454 2339 et
3482 2299 3641 2356 span.

1977 2389 2096 2427 sam
2123 2371 2383 2427 adversus
2402 2386 2617 2427 socrum
2639 2388 2799 2427 suam
2825 2372 2892 2427 ³³.
2919 2375 3320 2443 Amputantur
3346 2373 3503 2430 enim
3538 2389 3644 2446 per

1979 2462 2155 2517 ﬁdem
2199 2466 2256 2516 et
2302 2461 2578 2516 virtutem
2627 2461 2723 2516 isti
2776 2461 2931 2531 novi,
2963 2461 3248 2534 aSpiritu
3298 2467 3636 2530 renovante,

1978 2551 2048 2606 ab
2079 2549 2154 2605 iis
2185 2549 2284 2620 qui
2317 2549 2374 2604 in
2407 2549 2754 2605 inﬁdelitate
2783 2555 2841 2606 et
2870 2550 3098 2606 malitia
3137 2551 3446 2608 inveterati
3475 2556 3634 2608 sunt.

1979 2640 2372 2706 Quamobrem
2427 2640 2716 2694 adventus
2747 2639 2840 2695 sui
2892 2640 2951 2695 in
3007 2657 3182 2695 carne
3233 2641 3637 2698 testimonium

1979 2729 2226 2784 aﬂ‘erens
2261 2744 2274 2783 :
2316 2730 2442 2794 Vox,
2476 2728 2695 2800 inquit,
2726 2731 2969 2784 turturis
3011 2729 3208 2785 audita
3257 2738 3334 2785 est
3377 2731 3436 2784 in
3484 2738 3640 2786 terra

1977 2827 2184 2873 nostra.
2209 2818 2520 2872 Turturem
2547 2818 2815 2873 nominat
2843 2818 3130 2874 adventus
3161 2819 3252 2874 sui
3287 2818 3634 2892 prophetam

1979 2911 2036 2961 et
2067 2923 2508 2978 precursorem,
2559 2911 2761 2979 utpote
2815 2906 3146 2963 solitarium
3198 2912 3255 2964 et
3300 2908 3580 2980 pudicum
3622 2925 3636 2965 :

1978 2997 2151 3066 cujus
2179 3012 2288 3051 vox
2317 3001 2406 3051 est
2453 2996 2809 3068 poenitentiae
2862 2997 3214 3068 praedicatio,
3253 3013 3380 3068 qum
3413 2996 3473 3052 in
3503 2995 3639 3067 qui-

1980 3085 2232 3140 busdam
2281 3101 2485 3140 eorum
2515 3087 2613 3156 qui
2662 3086 2930 3142 carnales
2969 3092 3111 3141 sunt
3157 3089 3215 3142 et
3260 3089 3493 3141 terrena
3540 3102 3636 3142 sa-

1981 3173 2231 3245 piunt”,
2258 3174 2458 3229 audita
2489 3180 2598 3241 est,
2623 3191 2758 3230 cum
2784 3174 2869 3229 illi
2893 3174 3289 3245 praedicationi
3314 3175 3636 3247 paruerint,

1980 3267 2036 3318 et
2083 3262 2438 3334 baptismate
2498 3264 2848 3334 pmnitentiae
2911 3263 3190 3334 baptizati
3248 3264 3390 3319 sint.
3442 3265 3640 3334 Itaque

199 3350 438 3425 ρύγματι
515 3350 716 3423 τούτῳ,
783 3351 873 3406 καὶ
965 3349 1249 3423 μετανοίας
1340 3351 1678 3423 βαπτισθεῖσι
1765 3344 1862 3422 βα-

1981 3353 2160 3418 Ficus,
2193 3352 2406 3423 inquit,
2437 3354 2669 3424 protulit
2694 3369 2905 3424 grossos
2933 3369 3080 3409 suos.
3117 3352 3318 3408 Ficum
3352 3351 3515 3408 illam
3547 3351 3636 3407 in-

194 3461 430 3513 πτισμα.
492 3440 585 3494 Διὸ
637 3439 727 3496 καί
784 3462 966 3517 φησιν.
998 3442 1060 3498 Ἡ
1094 3445 1228 3509 συκῆ
1272 3438 1558 3509 ἐξήνθησεν
1590 3436 1856 3499 ὀλυνθους

191 3529 384 3600 αὐτῆς.
453 3536 631 3599 Συκῆν
681 3531 783 3606 γὰρ
812 3531 912 3598 τὴν
967 3530 1102 3602 μετᾶ
1133 3532 1299 3583 ταῦτα
1330 3525 1400 3582 δι’
1427 3527 1695 3604 ἀκαρπίαν
1724 3537 1856 3590 καθ-

191 3619 480 3694 ηραμένην
563 3621 709 3693 παρᾶ
790 3624 1025 3693 Χριστοῦ
1114 3619 1430 3694 συναγωγὴν
1514 3617 1660 3694 λέγει
1741 3619 1848 3670 τῶν

195 3706 500 3766 ’ίουδαίωνο
555 3707 676 3778 ἥτις
733 3707 885 3779 δίκην
947 3707 1189 3763 ὀλύνθαον
1248 3706 1695 3781 προανισχόντων
1755 3709 1853 3760 τοῖ’)

194 3797 420 3854 τελείου
477 3802 706 3871 καρποῦ,
757 3798 847 3852 καὶ
902 3798 1116 3874 ταχέως
1145 3797 1480 3864 πιπτόντων,
1511 3795 1639 3858 τοὺς
1664 3795 1725 3850 τὸ
1755 3797 1851 3849 τοῦ

198 3889 438 3943 Ῑωάννου
527 3885 805 3961 βάπτισμα
882 3887 1270 3962 βαπτισθὺτας
1344 3883 1627 3950 ἀνὲθηλεν.
1684 3883 1850 3940 Οὗτοι

201 3975 299 4047 μὲν
330 3975 434 4049 γὰρ
464 3975 556 4029 τὸν
610 3976 815 4049 καρπὸν
866 3973 1268 4045 προεδείκνυον,
1307 3977 1709 4048 προτυποῦντες
1769 3970 1857 4027 διὰ

193 4069 300 4121 τοῦ
324 4064 380 4118 ἐν
411 4061 582 4118 ὕδατι
603 4063 752 4137 μόνῳ
785 4064 1158 4140 βαπτίσματος
1189 4064 1252 4118 τὸ
1293 4063 1346 4118 ἐν
1395 4062 1532 4136 ἁγίῳ
1581 4061 1853 4134 Πνεύματι

194 4155 288 4209 καὶ
323 4151 458 4229 πυρὶ
522 4151 818 4226 βάπτισμα.
867 4152 1036 4209 Αὐτοὶ
1089 4150 1147 4207 δὲ
1182 4152 1258 4213 εἷς
1287 4155 1447 4207 τοῦτο
1474 4150 1572 4206 οὐκ
1601 4146 1854 4228 ἔφθασαν,

195 4240 326 4296 ἀλλ’
355 4241 433 4302 ὡς
480 4243 551 4312 τῇ
600 4241 722 4315 περὶ
765 4242 1002 4317 Χριστοῦ
1037 4240 1308 4314 μαρτυρίᾳ
1335 4243 1432 4294 τοῦ
1465 4239 1716 4294 Ἰωάννου
1779 4239 1852 4311 μὴ

193 4328 581 4392 πιστεύσαντες
647 4336 746 4400 τῆς
808 4329 884 4391 εἷς
953 4328 1112 4384 αὐτὸν
1168 4328 1396 4403 Χριστὸν
1455 4326 1701 4398 ἐξέπεσον
1761 4326 1856 4380 πί-

197 4440 392 4481 στεως.
474 4419 540 4478 Αἱ
615 4416 855 4492 ἄμπελοι
931 4421 1091 4490 ἡμῶν
1177 4417 1555 4490 κυπρίζουσιν,
1649 4411 1854 4470 ἔδωκαν

195 4510 405 4584 ὀσμήν.
465 4509 776 4582 Ἀμπέλους
828 4507 986 4564 καλεῖ
1015 4510 1110 4570 τάς
1143 4507 1194 4562 ἐν
1223 4513 1338 4569 τοῖς
1369 4503 1541 4570 ἔθνεσι
1573 4503 1857 4584 φυτευθεί-

197 4621 294 4661 σας
344 4603 427 4671 τῷ
467 4598 779 4673 κηρύγματι
832 4602 928 4654 τοῦ
984 4599 1222 4672 Χριστοῦ
1254 4597 1548 4666 ἐκκλησίας
1603 4600 1710 4650 τῶν
1764 4616 1860 4648 πι-

199 4689 541 4745 στευσάντων
589 4687 756 4761 αὐτῷ·
816 4686 889 4742 ὧν
949 4687 1257 4758 ἐκκλησιῶν
1320 4683 1453 4756 ἄνθη
1505 4682 1938 4776 προδεικτικὸιθ

199 4783 302 4836 τοῦ
349 4778 468 4832 κατ’
525 4778 716 4846 ἀρετὴν
756 4778 1038 4852 καρπίμου
1095 4779 1296 4844 αὐτῶν,
1356 4777 1407 4831 οἱ
1465 4775 1862 4851 προσενεγκόν-

199 4891 290 4933 τες
369 4873 586 4946 Χριστῷ
651 4867 799 4945 δῶρα
852 4869 902 4942 ἐξ
963 4869 1272 4925 ’Δνατολῶν
1336 4867 1520 4944 μάγοι,
1581 4868 1634 4921 οἱ
1691 4886 1860 4941 προσ-

200 4958 504 5035 αγαγόντες
559 4958 708 5030 αύτῷ
762 4959 837 5023 ὡς
896 4956 1114 5034 βασιλεῖ
1141 4958 1232 5013 καὶ
1296 4962 1430 5029 Θεῷ,
1485 4952 1670 5010 καὶδι’
1712 4957 1860 5027 ἡμᾶς

197 5052 404 5124 νεκρῷ,
466 5048 686 5124 χρυσὸν,
717 5048 808 5103 καὶ
867 5042 1114 5116 λίϐανον,
1163 5047 1253 5101 καὶ
1306 5045 1565 5120 σμύρναν,
1597 5043 1862 5119 παρεχον-

195 5160 288 5201 τες
321 5143 441 5198 τοῖς
490 5137 594 5191 ὑπὸ
639 5142 736 5210 τοῦ
778 5138 938 5213 ἁγίου
971 5136 1288 5209 Πνεύματος
1335 5134 1742 5209 ἐνεργουμίνοις
1795 5134 1859 5190 τὸ

192 5235 301 5298 τῆς
363 5227 618 5302 γνώσεως
668 5226 938 5304 χάρισμα,
987 5224 1168 5297 εὐώδη
1225 5226 1403 5299 ὁσμὴν
1455 5229 1552 5291 τῆς
1594 5225 1668 5287 εἷς
1697 5225 1858 5280 αὐτὸν

195 5314 464 5389 Χριστὸν,
511 5317 744 5378 πίστεως
790 5319 898 5371 τῶν
951 5313 1138 5379 ἐθνῶν.
1191 5315 1288 5369 Διά
1316 5319 1485 5369 ταῦτα
1513 5318 1639 5388 γοῦν
1671 5332 1854 5391 φησιν·

197 5405 460 5475 ’Δνάστα,
520 5404 664 5474 me,
723 5407 758 5474 ἡ
812 5403 1050 5475 πλησίον
1116 5426 1244 5479 μου,
1300 5402 1445 5474 καλή
1513 5425 1644 5476 μου,
1704 5423 1860 5477 περι-

199 5492 368 5569 στερά
429 5514 573 5566 μου.
647 5490 869 5563 Δηλαδή
920 5490 1094 5568 ἔγειρε
1147 5494 1252 5548 ἀπὸ
1308 5496 1405 5547 τοῦ
1445 5489 1714 5547 διδάσκειν
1771 5489 1860 5547 διὰ

201 5586 316 5638 τῶν
381 5576 432 5636 ἔν
489 5601 548 5636 τε
597 5585 665 5655 τῇ
724 5579 876 5659 φύσει
933 5583 1025 5638 καὶ
1079 5586 1159 5654 τῷ
1212 5583 1493 5655 γράμματι
1551 5578 1734 5635 τύπων
1765 5580 1857 5636 καὶ

1971 3441 2202 3514 teliigit,
2237 3443 2329 3498 cui
2382 3447 2586 3514 postea
2628 3443 2916 3512 Christus,
2951 3447 3190 3515 propter
3237 3442 3632 3500 infecundita-

1967 3540 2109 3603 tem,
2144 3532 2532 3589 maledixit“.
2582 3550 2789 3604 nempe
2840 3549 3202 3606 synagogam
3233 3534 3578 3590 Judteorum
3617 3549 3632 3590 :

1969 3639 2096 3695 quas
2127 3623 2366 3693 quidem
2419 3620 2699 3691 tanquam
2749 3638 2986 3695 grossos
3030 3624 3130 3695 qui
3181 3627 3316 3679 ante
3365 3624 3625 3679 fructum

1966 3713 2288 3782 perfectum
2341 3715 2687 3776 nascuntur,
2721 3711 2822 3766 sed
2872 3711 3139 3767 celeriter
3187 3713 3492 3782 decidunt,
3526 3728 3629 3768 eos

1968 3799 2211 3871 protulit
2240 3800 2341 3871 qui
2369 3799 2616 3856 Joannis
2648 3801 3003 3871 baptismate
3042 3800 3319 3872 baptizati
3353 3805 3516 3856 sunt.
3549 3800 3625 3856 Hi

1967 3905 2220 3961 namque
2252 3891 2508 3945 fructum
2539 3905 2655 3961 pre
2687 3905 2750 3945 se
2782 3888 3068 3956 tulerunt,
3101 3906 3205 3962 per
3231 3889 3530 3961 baptisma
3561 3889 3623 3946 in

1967 3995 2120 4051 aqua
2164 3978 2308 4045 sola,
2353 3979 2597 4049 ﬁguram
2649 3978 3026 4051 baptismatis
3059 3979 3119 4034 in
3149 3979 3370 4052 Spiritu
3421 3982 3628 4035 sancto

1965 4073 2021 4124 et
2050 4068 2188 4140 igne
2219 4072 2740 4141 praemonstrantes
2773 4086 2786 4126 :
2823 4069 2894 4124 ad
2929 4070 3082 4141 quod
3125 4073 3322 4124 tamen
3364 4067 3479 4140 ipsi
3510 4084 3629 4124 non

1966 4161 2397 4230 pervenerunt:
2447 4158 2664 4230 quippe
2715 4158 2816 4231 qui
2861 4157 3115 4214 Joannis
3164 4157 3504 4214 testimonio
3554 4157 3627 4214 de

1965 4247 2194 4303 Christo
2243 4265 2357 4303 non
2409 4248 2734 4315 credentes,
2768 4265 2802 4304 a
2852 4247 2966 4303 ﬁde
3015 4248 3072 4303 in
3123 4247 3424 4304 Christum
3468 4246 3628 4304 exci-

1965 4337 2200 4392 derunt.
2240 4337 2422 4393 Vineae
2459 4344 2654 4392 nostrae
2693 4338 2915 4406 ﬂorent,
2947 4336 3216 4392 dederunt
3247 4337 3489 4393 odorem.
3521 4335 3626 4390 Vi-

1968 4441 2108 4480 neas
2140 4429 2304 4480 vocat
2350 4424 2629 4481 ecclesias
2676 4425 3043 4481 credentium
3075 4425 3332 4494 Christo,
3364 4441 3495 4496 quae
3529 4439 3635 4496 per

1967 4513 2158 4584 ipsius
2203 4513 2678 4585 praedicationem
2711 4513 2770 4567 in
2804 4513 3081 4585 gentibus
3133 4513 3411 4585 plantatse
3444 4516 3586 4567 sunt
3621 4527 3638 4568 :

1969 4619 2217 4673 quarum
2261 4601 2643 4658 ecclesiarum
2693 4602 2886 4670 ﬂores,
2922 4603 3178 4660 fructum
3229 4619 3300 4657 ex
3353 4601 3501 4672 ipsis
3533 4616 3638 4672 per

1969 4691 2244 4746 virtutem
2275 4691 2539 4746 futurum
2572 4692 3040 4763 praenuntiantes
3066 4692 3420 4748 exstiterunt
3451 4688 3638 4763 Magi,

1971 4781 2067 4852 qui
2089 4795 2338 4835 munera
2355 4779 2586 4835 Christo
2604 4780 2676 4835 ab
2701 4781 2946 4836 orientis
2966 4781 3233 4852 partibus
3255 4780 3635 4848 advehentes,

1970 4869 2022 4924 ei
2054 4874 2118 4924 ut
2148 4868 2288 4940 Regi
2319 4873 2377 4923 et
2411 4870 2542 4939 Deo,
2567 4874 2625 4924 et
2668 4876 2908 4940 propter
2961 4887 3068 4927 nos
3113 4869 3372 4936 mortali,
3397 4883 3633 4937 aurum,

1971 4962 2028 5012 et
2061 4958 2218 5027 thus,
2252 4962 2310 5013 et
2340 4958 2636 5029 myrrham
2670 4957 3014 5014 obtulerunt
3043 4976 3055 5014 :
3091 4976 3331 5015 suavem
3365 4956 3634 5030 gentium

1971 5047 2105 5102 fidei
2135 5047 2195 5102 in
2223 5046 2418 5118 ipsum
2441 5046 2741 5101 Christum
2766 5047 3005 5102 odorem
3029 5048 3381 5104 exhibentes
3412 5047 3507 5114 iis,
3532 5043 3636 5116 qui

1971 5136 2254 5207 aSpiritu
2296 5139 2496 5192 sancto
2546 5134 2808 5191 scientiae
2839 5136 3061 5192 donum
3113 5141 3255 5192 sunt
3305 5133 3636 5202 consecuti,

1969 5230 2282 5297 Propterea
2311 5225 2452 5280 dicit
2477 5241 2489 5279 :
2515 5223 2693 5294 Surge
2718 5226 2865 5291 veni,
2895 5225 3213 5296 propinqua
3243 5239 3391 5294 mea,
3422 5226 3646 5295 formo-

1966 5333 2030 5370 sa
2057 5331 2200 5382 mea,
2245 5315 2500 5370 columba
2551 5331 2690 5370 mea.
2724 5314 2948 5370 Recede
2981 5313 3251 5369 videlicet
3276 5313 3350 5369 ab
3401 5329 3470 5368 ea
3518 5313 3628 5368 do-

1969 5404 2135 5461 cendi
2158 5404 2406 5469 ratione,
2430 5420 2559 5475 quae
2587 5403 2647 5459 in
2678 5403 2884 5477 ﬁguris
2915 5406 2972 5459 et
2992 5401 3222 5459 umbris
3244 5406 3375 5459 tum
3402 5405 3638 5457 natura

1965 5498 2093 5550 tum
2141 5492 2347 5549 litterae
2370 5494 2726 5558 continetur,
2753 5497 2811 5549 et
2831 5493 2965 5549 veni
3013 5493 3084 5548 ad
3123 5509 3192 5548 ea
3219 5491 3487 5548 docenda
3509 5506 3638 5562 quas

1966 5583 2212 5655 spiritus
2241 5585 2400 5650 sunt,
2432 5586 2666 5655 propter
2697 5590 2858 5638 tuam
2890 5581 2964 5639 ad
3001 5597 3094 5637 me
3127 5579 3636 5654 propinquitatem

282 5803 333 5841 ³³
363 5801 574 5871 Matth,
602 5818 660 5873 ι,
690 5801 782 5861 34.
855 5801 902 5839 ³³
930 5800 1184 5875 Philipp.
1216 5815 1303 5871 ιιι,
1336 5798 1424 5855 19.
1501 5799 1547 5836 ³⁸
1575 5796 1752 5855 Marc.
1784 5813 1865 5871 χι,
1897 5796 1986 5870 13,
2014 5797 2106 5853 21.
