4102 6342
504 434 612 494 591

1836 423 2253 485 MICHAELIS
2298 423 2572 484 PSELLI

3791 424 3908 486 592

499 566 755 638 Spiritus
798 563 984 620 sancti
1036 559 1381 616 muneribus
1427 560 1718 615 decorata.
1751 560 1796 613 A
1844 574 1939 614 me
1987 556 2127 612 enin

2259 559 2444 611 σκιῶν.
2507 554 2610 611 Καὶ
2664 552 2789 609 ἐλθέ
2840 554 2918 617 εἷς
2969 554 3030 608 τὸ
3062 551 3397 610 διδάσκεσθαι
3450 553 3516 608 τὰ
3541 558 3637 609 τοῦ
3670 554 3906 628 πνεύμα-

502 656 734 724 longius
767 650 1202 725 quodammodo
1242 648 1485 719 recedis,
1514 650 1654 703 dum
1688 649 1747 702 in
1779 646 1985 719 ﬁguris
2015 646 2146 701 des-

500 744 700 800 cendis
733 744 802 798 ad
850 740 1171 812 discipulae
1220 738 1595 807 erudiendas,
1629 738 1831 808 eisque
1883 737 2144 791 nondum

499 851 566 889 ea
597 850 723 905 quas
752 832 997 903 spiritus
1022 833 1159 886 sunt
1188 828 1668 901 percipientibus,
1691 843 1869 882 sensu
1902 825 2146 898 pulchra

494 923 732 991 videris,
781 938 893 976 non
951 919 1183 991 spiritu.
1234 917 1452 973 Deinde
1501 917 1765 988 exposita
1811 932 2011 980 causa,
2041 930 2147 969 cur

494 1014 569 1081 ei,
605 1016 667 1067 ut
696 1013 767 1067 ad
801 1027 862 1066 se
906 1010 1144 1077 veniret,
1182 1006 1551 1079 praecepisset
1583 1023 1595 1061 :
1632 1006 1938 1060 advenisse
1984 1004 2141 1059 enim

492 1108 727 1173 tempus
758 1100 1042 1155 adventus
1064 1098 1156 1152 sui
1186 1096 1249 1152 in
1280 1113 1453 1151 carne
1477 1113 1489 1150 :
1512 1095 1892 1167 quamobrem
1915 1092 2144 1148 dicebat

495 1194 672 1248 etiam
696 1188 1001 1261 discipulis
1026 1187 1151 1242 suis
1175 1202 1188 1240 :
1211 1187 1659 1254 Surgite,eamu.s
1678 1185 1809 1239 hinc
1823 1184 1868 1217 ³⁸
1888 1199 1900 1237 :
1920 1186 2142 1254 quanta

494 1298 629 1337 cum
667 1279 884 1334 ﬁducia
914 1275 1105 1331 venire
1149 1276 1218 1330 ad
1271 1291 1332 1329 se
1378 1274 1602 1339 debeat,
1637 1290 1750 1328 non
1800 1270 2135 1327 declaravit.

491 1370 773 1436 Quocirca
796 1384 950 1423 nunc
972 1366 1147 1421 etiam
1182 1364 1323 1418 illud
1348 1364 1583 1436 exponit
1611 1379 1622 1417 :
1658 1364 1722 1417 Et
1754 1363 1899 1428 veni,
1932 1362 2136 1417 colum-

494 1462 564 1517 ba
592 1477 714 1515 mea
742 1460 802 1513 in
831 1459 1065 1528 tegmine
1102 1458 1293 1525 petra.
1328 1453 1571 1518 Quando
1602 1455 1658 1506 te
1689 1448 1990 1521 discipula:
2022 1466 2136 1503 non

492 1552 842 1619 sequuntur,
890 1561 993 1617 per
1038 1560 1131 1599 res
1179 1542 1490 1599 sensibiles
1540 1542 1843 1595 docentem
1893 1555 1960 1594 ea
2009 1555 2137 1609 qua:

491 1637 738 1709 spiritus
786 1640 957 1697 sunt;
1008 1633 1158 1703 veni,
1186 1636 1247 1687 tu
1308 1629 1614 1703 spiritalis,
1660 1645 1809 1696 mea,
1845 1626 1946 1699 qui
2002 1643 2135 1682 sum

489 1724 898 1789 immutabilis,
943 1719 1277 1793 evangelica
1324 1719 1591 1774 doctrina
1633 1721 1860 1772 servata
1895 1732 1906 1771 :
1942 1715 2025 1771 sic
2076 1720 2139 1770 ut

492 1833 607 1870 non
640 1816 951 1870 abhorreat
981 1830 1014 1867 a
1045 1815 1467 1883 praceptorum
1502 1807 1648 1879 legis
1675 1807 1905 1877 scriptae
1938 1805 2136 1861 obser-

488 1906 739 1961 vatione.
776 1904 889 1958 Lex
917 1902 1075 1958 enim
1107 1900 1327 1970 scripta
1374 1898 1561 1951 instar
1611 1894 2034 1967 propugnaculi
2064 1893 2137 1948 ab

490 1996 791 2050 actionum
823 1992 980 2047 vitiis
1028 1988 1471 2061 praemuniebat,
1504 1991 1560 2039 et
1591 1985 1810 2056 figuras
1857 1984 2137 2038 duntaxat

489 2082 749 2139 veritatis
790 2081 1136 2136 ostendebat
1169 2094 1181 2131 :
1217 2078 1432 2147 quibus
1465 2075 1666 2129 ordine
1704 2074 1775 2128 ad
1826 2072 2134 2145 perfectio-

488 2188 621 2227 nem
669 2171 752 2226 ita
792 2169 1164 2232 tendebatur,
1193 2172 1259 2220 ut
1310 2164 1557 2219 actionis
1587 2164 1825 2235 quidem
1858 2162 2133 2217 vitiorum

485 2261 914 2332 purgationem,
948 2257 1208 2327 ipsarum
1242 2253 1418 2309 etiam
1458 2253 1876 2323 cogitationum
1910 2252 2133 2321 impro-

482 2351 690 2405 barum
723 2347 970 2412 ablutio,
990 2345 1315 2416 ﬁgurarum
1346 2348 1541 2398 autem
1573 2340 2129 2413 contemplationem

482 2437 768 2509 spiritalis
807 2436 877 2491 ad
904 2433 1210 2489 veritatem
1258 2431 1549 2504 provectio
1599 2435 1962 2503 sequeretur.
1995 2430 2129 2493 Quas

479 2526 717 2598 quidem
744 2526 912 2580 docet
940 2522 1031 2577 lex
1060 2521 1302 2593 spiritus
1333 2538 1345 2575 :
1372 2521 1747 2592 Evangelium
1775 2519 2042 2575 videlicet
2068 2520 2127 2573 in

478 2632 594 2687 quo
626 2614 882 2686 tegimur
903 2632 937 2667 a
957 2610 1212 2683 spiritali
1246 2616 1430 2682 petra,
1458 2609 1577 2681 qui,
1607 2614 1669 2664 ut
1691 2609 1861 2664 divus
1883 2608 1959 2663 ait
1981 2611 2129 2680 Apo-

475 2706 664 2761 stolus
687 2704 752 2772 ³⁸,
772 2703 1038 2758 Christus
1087 2705 1198 2756 est.
1225 2701 1318 2755 Sic
1348 2700 1530 2771 igitur
1578 2715 1857 2770 sponsam
1886 2714 2123 2767 vocans,

475 2794 619 2866 quid
660 2793 937 2863 deinceps
965 2790 1122 2859 velit,
1157 2789 1413 2845 ostendit
1447 2807 1459 2844 :
1495 2788 1773 2843 nimirum
1807 2791 1872 2843 ut
1903 2788 2125 2843 umbra

474 2882 743 2938 doctrina
774 2881 975 2936 relicta
1004 2879 1062 2934 in
1095 2877 1303 2950 spiritu
1336 2882 1393 2933 et
1423 2877 1663 2932 veritate
1706 2877 1779 2932 ad
1812 2893 1874 2933 se
1901 2877 2120 2932 veniat.

2256 664 2347 704 τος
2373 641 2461 697 διὰ
2486 646 2585 712 τὴν
2639 646 2773 720 πρὸς
2808 644 2905 715 ἐμὲ
2954 643 3217 718 ἐγγύτητα
3275 644 3590 717 ὡραῖσμὲνη
3649 666 3742 717 μοι
3787 652 3902 708 τοῖς

2255 738 2351 787 τοῦ
2396 734 2660 810 παναγίου
2720 734 3037 806 Πνεύματος
3086 732 3466 810 ἐνεργήμασιν.
3521 738 3607 792 Ἐν
3668 737 3751 799 οἷς
3802 737 3901 812 γὰρ

2253 822 2455 896 τρόπον
2522 824 2641 878 τινὰ
2719 823 2962 898 μακρύνῃ
3019 823 3109 878 ἀπ’
3159 822 3294 895 ἐμοῦ
3357 830 3475 887 τοῖς
3529 824 3756 897 τύποις,
3816 824 3905 880 διὰ

2252 912 2346 973 τὰς
2429 914 2865 985 μαθητευομὲνας
2924 908 3425 988 συγκαταϐαίνουσα
3460 961 3475 986 ,
3544 914 3595 969 ἐν
3656 915 3904 985 αἰσθήσει

2251 1001 2393 1072 καλή
2424 1004 2512 1056 καὶ
2544 1002 2605 1056 οὐ
2636 1002 2923 1075 πνεύματι,
2976 1002 3196 1067 ταύταις
3256 1000 3458 1072 δοκεῖς,
3511 1004 3583 1064 ὡς
3645 1006 3720 1077 μή
3782 1024 3899 1079 χω-

2252 1088 2470 1159 ρούσαις
2500 1091 2565 1145 τὰ
2592 1095 2689 1145 τοῦ
2719 1090 3049 1163 πνεύματος.
3084 1094 3214 1148 Εἶτα
3251 1089 3438 1160 ἐπειδή
3463 1094 3560 1161 τὴν
3589 1091 3682 1164 μὶν
3728 1092 3900 1147 αἰτίαν

2251 1175 2486 1248 ὑπέδειξε
2519 1177 2587 1233 δι’
2620 1180 2686 1248 ἢν
2722 1179 2995 1252 ἀπῄτησεν
3030 1179 3195 1247 αὐτὴν
3229 1181 3327 1248 τὴν
3361 1180 3499 1255 πρὸς
3528 1180 3687 1235 αὐτὸν
3737 1179 3901 1236 ἐπαν-

2249 1265 2479 1336 ἐλευσιν,
2531 1266 2745 1339 διδάξας
2788 1268 3073 1346 ἐφθακέναι
3120 1270 3212 1324 τὸν
3258 1271 3447 1345 καιρὸν
3478 1272 3576 1338 τῆς
3634 1269 3683 1324 ἐν
3740 1272 3898 1346 σαρκὶ

2248 1357 2545 1432 ἐπιδημίας
2596 1361 2782 1431 αὐτοῦ,
2830 1362 2946 1424 καθ’
2996 1363 3055 1429 ἣν
3088 1361 3177 1416 καὶ
3210 1363 3347 1434 πρὸς
3372 1360 3501 1424 τοὺς
3532 1361 3762 1423 οἰκείους
3796 1384 3901 1435 μα-

2249 1449 2413 1518 Θητᾶς
2478 1447 2630 1525 ἔλεγε
2692 1450 2776 1504 τό’
2857 1451 3193 1525 Ἐγείρεσθε,
3262 1449 3483 1526 ἄγωμεν
3542 1451 3778 1516 ἐντεῦθεν
3835 1452 3899 1507 τὸ

2249 1536 2323 1610 δὲ,
2381 1538 2432 1592 ἐν
2488 1540 2615 1610 ποίᾳ
2670 1539 2936 1616 ἀσφαλείᾳ
2995 1538 3078 1594 δεῖ
3133 1540 3269 1615 πρὸς
3318 1541 3473 1596 αὐτὸν
3546 1540 3746 1611 ταύτην
3800 1540 3899 1598 ἐλ-

2249 1636 2379 1702 θεῖν,
2467 1630 2566 1685 οὐκ
2642 1629 2908 1703 ἐδήλωσε,
2989 1637 3075 1685 νῦν
3160 1632 3250 1686 καὶ
3323 1631 3523 1702 ταύτην
3601 1630 3903 1705 διδάσκων,

2246 1720 2428 1797 φησίν·
2517 1720 2613 1774 Καὶ
2690 1720 2812 1776 ἐλθὲ
2886 1721 2969 1791 σὺ,
3049 1723 3336 1796 περιστερά
3416 1743 3541 1793 μου,
3616 1721 3668 1777 ἐν
3726 1721 3899 1795 σκέπῃ

2243 1818 2343 1879 τῆς
2398 1812 2594 1887 πέτρας
2629 1854 2641 1867 .
2694 1813 2963 1886 Ἐχόμενα
3024 1816 3120 1865 τοῦ
3177 1811 3681 1887 προτειχίσματος·
3745 1812 3896 1880 ἦτοι,

2248 1896 2433 1970 ἐπειδή
2492 1921 2575 1954 σοι
2644 1901 2718 1971 μή
2747 1900 3202 1954 ἐπακολουθοῦσιν
3261 1901 3315 1953 αἱ
3376 1898 3781 1973 διδασκόμεναι,
3817 1897 3900 1955 δι·

2246 1985 2515 2062 δασκούσῃ
2571 1991 2768 2051 ταύτας
2798 1986 2885 2042 διὰ
2912 1992 3018 2042 τῶν
3079 1988 3130 2043 ἐν
3165 1989 3408 2058 αἰσθήσει
3465 1990 3531 2043 τὰ
3581 1993 3677 2044 τοῦ
3734 1989 3899 2043 πνεύ-

2246 2097 2434 2148 ματος,
2494 2075 2617 2140 ἐλθὲ
2672 2078 2754 2145 σὸ,
2789 2079 2824 2146 ἡ
2865 2079 3227 2149 πνευματική,
3254 2082 3323 2151 τῇ
3355 2077 3461 2151 ἐμῇ
3492 2082 3587 2131 τοῦ
3616 2078 3889 2153 ἀτρέπτου

2242 2164 2563 2241 εύαγγελικῇ
2620 2164 2965 2241 παιδαγωγίᾳ
3012 2166 3390 2243 φυλαττομένῃ
3442 2164 3758 2229 ἀκολούθως
3818 2168 3893 2238 τῇ

2239 2254 2373 2307 κατά
2422 2254 2516 2315 τὰς
2547 2254 2774 2318 ἐντολὰς
2800 2258 2897 2309 τοῦ
2921 2259 3164 2329 γραπτοῦ
3193 2252 3366 2327 νὸμου
3424 2254 3773 2332 προφυλακῇ.
3829 2256 3891 2313 Ὀ

2238 2340 2343 2416 γὰρ
2396 2342 2633 2416 γραπτὸς
2682 2342 2852 2414 νόμος
2912 2343 3371 2418 προτειχίσματος
3421 2340 3573 2413 δίκην
3624 2343 3731 2398 ἀπὸ
3774 2347 3890 2398 τῶν

2237 2430 2352 2484 κατ’
2416 2428 2681 2505 ἆνὲργειαν
2739 2435 2923 2494 παθῶν
2975 2430 3369 2509 προεφύλαττε,
3402 2431 3651 2494 καὶτοὺς
3680 2432 3892 2496 τύπους

2242 2518 2399 2590 μόνον
2434 2526 2533 2589 τῆς
2565 2517 2822 2591 ἀληθείας
2858 2517 3167 2588 ἐδείκνυειν,
3190 2522 3273 2584 οἷς
3301 2519 3600 2576 ἀκόλουθον
3632 2522 3767 2595 πρὸς
3797 2542 3891 2576 τε·

2238 2605 2515 2678 λειότητα,
2571 2613 2639 2682 τῇ
2674 2610 2768 2681 μὶν
2801 2608 3053 2682 καθάρσει
3111 2614 3218 2663 τῶν
3276 2616 3393 2664 κατ’
3448 2609 3715 2684 ἰνὲργειαν
3774 2631 3882 2665 πα-

2236 2701 2364 2766 θῶν,
2399 2700 2432 2767 ἡ
2463 2700 2549 2752 καὶ
2583 2695 2757 2752 αὐτῶν
2790 2702 2897 2752 τῶν
2934 2695 3180 2753 ἐναντίων
3242 2697 3545 2772 ἐπιθυμιῶν
3598 2697 3883 2761 ἔκπλυσις·

2232 2790 2299 2860 τῇ
2333 2784 2389 2841 δὶ
2442 2789 2642 2862 θεωρίᾳ
2697 2793 2801 2843 τῶν
2859 2787 3067 2860 τύπων,
3125 2790 3159 2859 ἡ
3220 2786 3272 2843 ἐν
3329 2787 3592 2861 πνεύματι
3626 2789 3886 2864 ἀναγωγὴ

2231 2877 2365 2952 πρὸς
2443 2878 2610 2945 αὐτὴν
2684 2879 2783 2946 τήν
2860 2876 3158 2948 ἀλήθειαν·
3231 2880 3363 2953 ἅπερ
3423 2880 3451 2932 ὁ
3517 2880 3885 2951 πνευματικὸς

478 2968 718 3024 διδάσκει
747 2968 938 3041 νόμος,
980 2967 1194 3026 πάντως
1222 2966 1284 3019 τὸ
1317 2963 1668 3039 Εὐαγγὲλιον,
1703 2964 1753 3019 ἐν
1783 2965 1828 3036 ᾧ
1861 2964 2168 3037 σκεπόμεθα
2197 2968 2343 3041 παρὰ
2372 2971 2603 3040 Χριστοῦ
2633 2972 2732 3035 τῆς
2764 2970 3132 3039 πνευματικῆς
3171 2966 3392 3041 πέτρας,
3435 2968 3571 3022 κατὰ
3600 2968 3689 3021 τὸν
3735 2973 3881 3031 θεῖον

476 3056 802 3115 ἀπόστολον.
835 3058 1022 3117 Οὕτως
1055 3054 1145 3109 οὖν
1176 3052 1403 3115 καλέσας
1432 3053 1621 3125 αὐτὴν,
1650 3052 1702 3108 τί
1738 3052 1997 3127 βούλεται
2028 3055 2242 3123 λοιπὸν,
2273 3055 2335 3111 τὸ
2363 3055 2561 3125 ταύτην
2602 3056 2919 3111 καταλιπεῖν
2952 3056 3014 3110 τὸ
3045 3053 3312 3111 διδάσκειν
3342 3057 3407 3111 τὰ
3444 3060 3542 3126 τῆς
3583 3063 3758 3128 σκιᾶς,
3789 3056 3886 3112 καί

474 3148 740 3222 πνεύματι
770 3146 860 3201 καὶ
892 3144 1119 3215 ἀληθείᾳ
1147 3142 1319 3199 ἐλθεῖν
1353 3143 1489 3218 πρὸς
1520 3142 1703 3211 αὐτὸν,
1735 3142 1917 3220 φησίν.

884 3236 1127 3294 Ostende
1153 3234 1299 3289 mihi
1322 3236 1521 3305 faciem
1552 3242 1720 3289 tuam.

543 3334 729 3384 Tuam
756 3325 939 3394 illam,
964 3324 1290 3381 secundum
1317 3323 1636 3394 imaginem
1660 3338 1851 3378 meam
1874 3326 1933 3378 et
1959 3323 2118 3377 simi-
2149 3312 2191 3377 C

472 3418 803 3483 litudinem,
838 3420 1032 3487 retege
1088 3413 1294 3469 faciem
1345 3429 1410 3468 ac
1460 3412 1709 3467 formam
1759 3412 2119 3482 spiritalem;

469 3524 649 3580 quam
683 3512 746 3561 ut
776 3505 949 3561 rudes
979 3502 1280 3575 discipula;
1330 3506 1569 3573 possent
1600 3501 1881 3574 aspicere,
1912 3502 2121 3573 ﬁguris

468 3597 731 3654 veritatis
760 3600 816 3650 et
843 3593 988 3649 velis
1019 3590 1344 3647 contexisti.

818 3684 978 3739 Sonet
1009 3698 1111 3738 vox
1139 3685 1235 3736 tua
1266 3682 1327 3735 in
1356 3680 1585 3735 auribus
1614 3681 1769 3735 meis.

544 3780 691 3830 Dum
724 3789 954 3830 mecum
1006 3769 1354 3843 spiritaliter
1394 3769 1664 3826 versaris.
1696 3768 1908 3825 Vocem
1957 3768 2115 3825 enim

470 3866 762 3937 magistrae
808 3862 1016 3918 animas
1067 3861 1312 3931 spiritus
1345 3859 1581 3930 quidem
1615 3859 1776 3913 ducit
1822 3859 1893 3913 ad
1944 3874 2116 3913 aures

469 3953 700 4010 Domini
736 3970 749 4008 :
782 3953 957 4007 verba
1003 3955 1199 4005 autem
1231 3954 1287 4003 et
1318 3948 1571 4003 litteram
1604 3948 1821 4020 quibus
1868 3946 2116 4019 simplex

467 4043 526 4098 in
559 4043 767 4115 spiritu
812 4056 1005 4097 sermo
1038 4036 1359 4094 concrescit
1388 4040 1769 4109 compositus,
1797 4038 2011 4108 perfert
2039 4038 2111 4093 ad

465 4150 638 4189 aures
669 4128 1045 4186 discentium.

961 4309 1070 4361 Vos
1098 4306 1250 4361 enim
1287 4311 1385 4362 tua
1413 4304 1610 4359 dulcis.

531 4397 728 4454 Dulcis
759 4395 1038 4468 profecto,
1070 4411 1207 4451 cum
1246 4411 1315 4452 ea
1362 4391 1700 4467 pronuntiet
1728 4409 1853 4465 quae
1885 4394 1955 4450 ad
1988 4394 2107 4468 spi.

456 4487 637 4543 ritum
670 4485 984 4560 pertinent.

961 4577 1027 4630 Et
1053 4576 1225 4646 facies
1256 4582 1354 4630 tua
1385 4573 1595 4631 decora.

526 4664 749 4738 Quippe
780 4682 910 4737 quae
939 4663 1172 4721 Domini
1218 4664 1467 4720 formam
1500 4666 1710 4733 servat,
1741 4667 1798 4719 et
1827 4665 2102 4721 manibus
2133 4687 2178 4750 ί)

452 4755 708 4828 Spiritus
739 4758 826 4810 est
855 4758 1153 4811 exornata.

523 4844 715 4918 Surge,
746 4846 1206 4917 veni,propinqua
1233 4859 1378 4913 mea,
1398 4846 1638 4915 formosa
1670 4858 1818 4911 mea,
1840 4842 2102 4901 columba

450 4951 578 4991 mea
588 4977 600 4990 .

1179 5023 1366 5079 Pselli.

518 5114 777 5184 Hujusce
808 5112 1096 5169 sermonis
1126 5111 1587 5184 significationes
1615 5127 1765 5183 saepe
1797 5112 2054 5168 diximus
2080 5130 2093 5169 :

444 5203 619 5259 verba
677 5220 804 5274 quae
862 5202 1138 5275 deinceps
1197 5206 1560 5273 sequuntur,
1618 5202 2092 5273 interpretemur.

444 5294 488 5348 Ο
520 5293 701 5364 virgo,
737 5292 950 5364 inquit,
984 5292 1181 5347 anima
1221 5290 1560 5363 purissima,
1592 5307 1767 5363 surge
1797 5292 1869 5347 de
1899 5290 2090 5364 lapsu,

441 5387 499 5437 et
552 5380 668 5436 huc
724 5382 885 5453 veni,
944 5380 1215 5437 alacriter
1272 5384 1500 5447 tamen,
1561 5384 1619 5437 et
1674 5380 1836 5436 nulla
1894 5387 2092 5437 coacta

440 5469 812 5537 necessitate,
869 5470 971 5525 sed
1028 5470 1227 5526 volens
1286 5487 1352 5526 ac
1411 5471 1643 5527 lubens.
1704 5470 1826 5526 Non
1888 5471 2087 5541 invita,

440 5559 704 5630 inquam,
735 5561 836 5615 sed
887 5559 1040 5615 ultro
1069 5559 1219 5615 veni.
1253 5558 1345 5615 Sic
1382 5563 1541 5616 enim
1591 5560 1828 5617 omnino
1878 5561 1948 5617 ad
2000 5577 2090 5617 me

513 5756 557 5790 ³⁸
585 5755 755 5812 Joan.
787 5773 903 5823 xxv,
933 5757 1024 5812 51.
1098 5758 1143 5793 ³⁸
1176 5760 1195 5813 Ι
1230 5760 1355 5813 Cor.
1388 5774 1445 5828 Χ,
1478 5758 1529 5811 4.

2692 3235 2871 3306 Δεῖξόν
2909 3256 3002 3308 μοι
3031 3236 3128 3303 τήν
3162 3231 3283 3307 ὄψιν
3318 3255 3433 3291 σου.

2299 3326 2525 3398 ”Ηγουν,
2559 3322 2902 3397 ἀνακάλυψόν
2939 3345 3032 3397 μοι
3060 3326 3150 3379 τὸν
3195 3326 3311 3379 κατ’
3360 3323 3541 3379 εἰκόνα
3594 3324 3730 3398 ἐμὴν
3789 3324 3882 3380 καὶ

2231 3413 2494 3487 ὁμοίωσιν
2546 3415 2909 3486 πνευματικόν
2969 3435 3063 3468 σου
3122 3420 3490 3489 χαρακτῆρα,
3555 3412 3612 3468 δν
3669 3411 3759 3468 διὰ
3816 3415 3883 3470 τὸ

2229 3503 2412 3557 θεατὸν
2471 3509 2589 3564 ταῖς
2650 3504 3114 3576 μαθητευομὲναις
3168 3503 3455 3578 γενέσθαι,
3533 3502 3724 3565 τύποις
3782 3506 3883 3573 τῆς

2225 3590 2484 3661 ἀληθείας
2513 3592 2601 3647 καὶ
2635 3588 2941 3665 συμϐόλοις
2971 3590 3365 3667 συνεκάλυψας.

2546 3682 2643 3737 Καὶ
2675 3682 2957 3737 ἆκούτισόν
2991 3704 3059 3756 με
3084 3685 3184 3752 τὴν
3219 3684 3401 3760 φωνήν
3435 3704 3549 3738 σου.

2298 3770 2381 3824 Ἐν
2456 3775 2534 3841 τῷ
2589 3776 2964 3843 πνευματικῶς
3039 3771 3377 3847 ἐντυγχάνειν
3423 3792 3538 3842 μοι.
3595 3772 3700 3840 Τήν
3770 3773 3878 3847 γὰρ

2224 3861 2408 3936 φωνὴν
2465 3867 2563 3929 τῆς
2615 3858 2945 3916 διδασκάλου
3003 3863 3187 3936 ψυχῆς
3246 3861 3309 3915 τὸ
3343 3861 3436 3932 μὶν
3470 3865 3681 3932 πνεῦμα
3743 3861 3875 3915 ἀνά-

2220 3969 2307 4023 γει
2355 3951 2490 4025 πρὸς
2543 3950 2608 4003 τὰ
2665 3951 2776 4004 ὦτα
2825 3950 3062 4025 Κυρίου·
3128 3951 3196 4004 τὰ
3262 3947 3319 4004 δὶ
3392 3949 3611 4023 ῥήματα
3662 3949 3753 4003 καὶ
3808 3950 3874 4004 τὸ

2218 4040 2464 4113 γράμμα,
2525 4041 2603 4101 οἷς
2658 4041 2684 4093 ὁ
2746 4039 2951 4101 ἁπλοῦς
2985 4041 3035 4094 ἑν
3068 4040 3330 4112 πνεύματι
3365 4037 3527 4112 λόγος
3568 4040 3871 4113 παχύνεται

2220 4128 2608 4202 συντιθέμενος,
2658 4130 2880 4204 κατάγει
2930 4130 3064 4206 πρὸς
3107 4129 3176 4184 τὰ
3207 4131 3318 4183 ὦτα
3341 4133 3447 4183 τῶν
3484 4128 3868 4201 μαθητευομί-

2224 4238 2354 4274 νων.

2687 4308 2809 4364 Ὀτι
2840 4309 2875 4377 ἡ
2908 4309 3060 4384 φωνή
3098 4327 3191 4361 σου
3222 4304 3402 4378 ἡδεῖα.

2288 4392 2511 4466 Δηλαδή
2538 4392 2762 4473 γλσκεῖα
2793 4397 2867 4459 ὠς
2890 4398 2956 4452 τὰ
2985 4401 3080 4452 τοῦ
3111 4394 3418 4470 πνεύματος
3452 4396 3825 4473 φθεγγομένη.

2704 4576 2800 4631 Καὶ
2828 4579 2862 4647 ἡ
2896 4571 3019 4651 ὄψις
3050 4597 3145 4631 σου
3177 4574 3371 4653 ὡραία.

2280 4670 2369 4731 Ὡς
2416 4668 2508 4723 τὸν
2558 4668 2882 4725 Δεσποτικὸν
2927 4669 3173 4737 σώζουσα
3204 4670 3547 4744 χαρακτῆρα,
3598 4666 3686 4721 καὶ
3742 4671 3869 4732 ταῖς

2212 4758 2368 4832 χερσὶ
2397 4757 2818 4831 καθωραϊσμένη
2849 4760 2945 4811 τοῦ
2978 4755 3313 4829 Πνεύματος.

2282 4847 2529 4914 Ἀνάστα,
2563 4844 2707 4914 ἐλθὲ,
2739 4848 2774 4914 ἡ
2806 4844 3039 4916 πλησίον
3077 4866 3205 4919 μου,
3233 4844 3377 4915 καλή
3414 4865 3540 4917 μου,
3573 4846 3865 4918 περιστερά

2214 4956 2339 5008 μου.

2906 5020 3154 5080 Ψελλοῦ.

2274 5112 2480 5168 Τούτου
2510 5111 2783 5175 πολλάκις
2815 5111 3037 5187 εἷ’πομεν
3064 5116 3161 5168 τοῦ
3192 5111 3361 5187 λόγου
3381 5112 3476 5189 τᾲς
3507 5110 3785 5188 ἐμφάσεις·

2206 5202 2411 5279 Λόγους
2444 5203 2636 5258 λοιπὸν
2669 5202 2795 5265 τοὺς
2820 5203 3008 5281 ἐφεξῆς
3037 5204 3633 5280 προσεφερμηνευτὲον,

2208 5294 2271 5346 Ὦ
2302 5291 2719 5368 παρθενεύουσα,
2753 5293 2940 5361 φησὶν,
2973 5293 3126 5367 ψυχὴ
3161 5292 3541 5367 καθαρωτάτη,

2203 5383 2491 5451 Ἀνάστηθι
2519 5386 2616 5436 τοῦ
2639 5382 2958 5454 πτώματος,
2990 5380 3079 5435 καὶ
3112 5378 3291 5453 δεῦρο,
3337 5379 3485 5451 πλὴν
3527 5379 3859 5455 προθύμως,

2201 5471 2317 5527 Οὐκ
2348 5470 2398 5541 ἐξ
2429 5471 2664 5547 ἀνάγκης
2698 5468 2754 5525 δέ
2782 5492 2950 5538 τινος,
2982 5468 3108 5524 ἀλλ’
3141 5471 3361 5543 ἑκουσίᾳ
3388 5470 3602 5547 γνώμῃ.

2201 5561 2357 5634 Φημὶ
2383 5562 2481 5637 γὰρ
2515 5557 2695 5634 δεῦρο,
2726 5558 2999 5616 τουτέστιν
3033 5559 3313 5624 ἑκουσίως.
