4102 6342
195 396 320 456 593

1243 383 1652 446 COMMENT.
1701 381 1779 442 IN
1827 377 2225 440 CANTICUM
2269 379 2574 440 CANTIC.

3498 376 3622 437 594

183 523 349 584 Οὕτω
408 520 465 577 δὶ
521 519 738 582 πάντως
819 517 960 594 πρὸς
1046 516 1144 591 ἰμὶ
1200 517 1300 586 τήν
1359 516 1557 588 πάτραν
1591 561 1605 586 ,
1661 511 1793 590 φησὶ

1961 511 2455 583 accedes,petram
2480 511 2684 583 utique
2713 511 3013 566 Christum
3043 509 3176 565 vitis
3207 508 3578 582 sempiternas
3602 516 3614 555 ε

1515 604 1780 680 [φθάσεις,

195 706 405 778 ’Πγουν
434 702 532 770 τὴν
557 700 753 776 πέτραν
782 697 875 754 16v
908 697 1137 770 Χριστὸν
1169 701 1313 765 ζωῆς
1337 701 1434 763 τῆς
1466 692 1710 764 αἰωνίου,

191 794 335 850 Ἀπὸ
364 792 459 846 τοῦ
490 787 955 866 προτειχίσματος
997 790 1092 840 τοῦ
1121 782 1459 840 παλαιτάτου
1488 783 1684 854 νόμου,

193 887 306 936 Τοῦ
337 881 586 955 σύνεγγυς
617 879 982 954 τυγχάνοντος
1013 881 1111 945 τῆς
1151 875 1349 948 πέτρας
1385 867 1674 945 μεταϐᾶσα.

195 974 466 1045 ’Ἔρχεται
496 970 597 1044 γαρ
631 969 706 1028 ὡς
737 965 986 1036 άληθῶς,
1013 963 1256 1019 τουτέστι
1295 960 1640 1037 προσεγγίζει

191 1062 314 1129 Τῆς
377 1057 576 1131 πέτρας
628 1057 690 1111 τὸ
761 1053 1154 1130 προτείχισμα,
1209 1052 1298 1106 καὶ
1387 1051 1520 1124 μάθε
1601 1049 1690 1103 καὶ
1762 1047 1854 1101 τὸν

1513 1138 1733 1213 [τρόπον
1765 1157 1777 1169 ο

193 1236 581 1313 ΙΙροτείχισμα
621 1233 680 1290 δὲ
710 1234 925 1309 λέγεται
965 1231 1128 1302 δῆθεν
1160 1233 1188 1286 6
1219 1230 1388 1285 πάλαι
1419 1232 1608 1302 νόμος.

183 1330 363 1402 Πέτρα
397 1324 454 1381 δὲ
484 1325 644 1380 πάλιν
677 1324 920 1400 ἀρῥαγής
954 1325 988 1392 ἡ
1022 1321 1113 1376 νέα
1139 1319 1398 1390 διαθήκη.

185 1416 297 1472 Κᾶν
329 1414 558 1470 δοκῶσιν
594 1409 784 1486 ἔξωθεν
819 1411 1085 1482 ἀλλήλων
1115 1408 1424 1487 ἀφεστάναι,

178 1509 242 1561 Ὀ
271 1506 448 1579 νόμος
479 1506 507 1558 6
541 1503 834 1564 Μωσαῖκὸς
863 1502 952 1556 καὶ
989 1502 1017 1555 6
1048 1505 1154 1554 τῶν
1195 1497 1567 1573 Εὐαγγελίων,

185 1593 353 1652 Ἀλλ’
384 1595 540 1666 ὅμως
569 1592 705 1647 κατὰ
738 1588 966 1664 δύναμιν
999 1586 1273 1659 ἀλλήλοις
1306 1591 1708 1661 συνεργοῦνται.

197 1685 266 1742 Τί
303 1682 402 1758 γάρ
435 1683 576 1738 ἐστιν
607 1680 898 1757 ἐγγύτερον
930 1675 1100 1734 τῶνδε
1127 1681 1234 1732 τῶν
1267 1674 1648 1749 κελευσμάτων
1676 1693 1690 1744 ;

190 1775 252 1826 ’0
283 1771 523 1833 παλαιὸς
550 1772 837 1844 νομοθετεῖ
864 1768 1036 1842 νόμος
1066 1768 1127 1822 τὸ
1162 1767 1237 1840 μὴ
1275 1765 1575 1840 μοιχεύειν,

188 1858 358 1918 Ἀλλ’
388 1861 416 1914 6
447 1859 631 1934 παρὼν
665 1858 755 1913 καὶ
797 1858 916 1921 καθ’
949 1859 1096 1929 ἡμᾶς
1131 1855 1158 1909 6
1187 1860 1292 1910 τῶν
1337 1851 1708 1930 Εὐαγγελίων,

187 1949 298 2006 Καὶ
333 1948 498 2003 πάλιν
531 1947 866 2024 ἰγκελεῦεται
895 1944 1108 2017 τέμνειν
1141 1944 1452 2018 ἔπιθυμίαν.

185 2041 434 2100 Ἐκεῖνος
465 2036 512 2092 δ’
542 2036 606 2091 αὖ
637 2037 860 2112 ἀπέχειν
888 2057 944 2091 σε
975 2037 1264 2109 νομοθετεῖ
1291 2038 1387 2089 τοῦ
1419 2033 1608 2112 φόνου,

182 2130 253 2186 Ὃ
297 2125 357 2182 δὲ
393 2125 521 2199 μηδ’
551 2125 698 2188 ὅλως
727 2126 862 2200 πρὸς
895 2125 1060 2201 ὀργὴν
1094 2129 1357 2188 κινεῖσθαι
1402 2119 1740 2198 δογματίζει.

187 2217 257 2275 Εἰ
294 2215 354 2271 δὶ
385 2221 564 2286 ζητεῖς
589 2216 680 2270 καὶ
714 2209 960 2290 πρόϐατα
987 2213 1077 2268 καὶ
1106 2208 1360 2268 Σάϐϐατα
1380 2211 1469 2268 καὶ
1502 2211 1714 2288 Πάσχα,

183 2307 297 2368 Τὰς
326 2307 555 2384 φανεράς
581 2304 672 2359 καὶ
700 2305 958 2378 σαρκικᾶς
991 2301 1196 2358 ἐκείνου
1227 2299 1513 2372 διατάξεις,

185 2394 294 2451 Καὶ
326 2395 478 2459 ταῦθ’
510 2396 762 2471 εὑρήσεις
797 2393 850 2449 ἐν
883 2393 1032 2465 αὐτῷ
1060 2396 1438 2465 πνευματικῶς
1476 2390 1774 2464 ἰγκύπτων.

180 2487 250 2541 Ἦ
277 2483 452 2559 πίτρα
475 2483 575 2560 γάρ
605 2483 950 2556 πνευματική
983 2482 1034 2536 κ’
1065 2481 1126 2536 οὐ
1159 2480 1354 2556 χοϊκὸς
1389 2481 1416 2533 6
1453 2485 1668 2554 τοῖχος.

187 2571 362 2629 ’Δλλ’
390 2573 750 2645 άκουσώμεθα
775 2569 968 2626 λοιπὸν
995 2574 1103 2626 τῶν
1139 2568 1326 2647 ἰφεξῆς
1351 2567 1634 2644 ῥημάτιον,

179 2660 510 2736 ’Δπόκρισιν
542 2660 645 2736 γὰρ
677 2657 895 2714 δίδωσιν
923 2661 959 2728 ἡ
989 2659 1175 2736 νύμφη
1217 2661 1298 2730 τῷ
1326 2657 1570 2735 νυμφίῳ.

267 2794 451 2864 Δεῖξόν
537 2814 632 2866 μοι
713 2794 810 2862 τὴν
887 2788 1009 2866 ὄψιν
1083 2812 1206 2864 σου,
1264 2791 1350 2845 καὶ
1426 2789 1709 2845 άκούτισόν
1781 2811 1846 2864 με

182 2888 290 2955 τήν
367 2886 554 2960 φωνήν
636 2905 751 2956 σου,
810 2882 894 2940 ὅτι
965 2887 1000 2953 ἡ
1053 2885 1206 2962 φωνή
1269 2903 1364 2937 σου
1426 2879 1584 2950 ἡδεῖα
1649 2883 1738 2936 καὶ
1807 2885 1840 2952 ἡ

1329 2968 1478 3045 [ὄψις
1513 2992 1608 3026 σου
1647 2972 1839 3047 ὡραία.

184 3081 405 3150 Μηκέτι
443 3102 536 3153 μοι
565 3078 936 3156 προσομιλῇς,
972 3079 1103 3154 φησὶ
1137 3078 1270 3134 καλὶ
1299 3079 1519 3157 νυμφίε,

176 3168 284 3224 Διά
316 3189 480 3222 τινων
513 3172 868 3246 προφητικῶν
903 3167 993 3222 καὶ
1022 3171 1264 3239 νομικῶν
1298 3162 1551 3242 βιϐλίων,

1966 599 2490 672 apropugnaculo,
2542 617 2575 655 a
2613 600 2790 656 veteri
2848 599 2996 670 lege,
3059 615 3185 670 quae
3244 603 3421 670 petra
3480 616 3617 656 con-

1957 691 2166 762 juncta
2213 694 2323 757 est,
2377 691 2817 745 lranscendens.
2868 689 3040 744 Venit
3089 688 3246 744 enim
3296 704 3428 744 vere
3463 705 3476 743 :
3507 688 3618 744 hoc

1966 785 2076 846 est,
2125 779 2560 851 apprOpinquat
2603 779 2673 832 ad
2729 782 2902 849 petras
2971 775 3504 849 propugnaculum.
3557 779 3619 834 Et

1965 869 2124 923 disce
2155 869 2330 923 etiam
2381 869 2643 922 modum.
2702 865 3214 938 Propugnaculum
3249 873 3446 921 autem
3479 883 3620 923 sane

1963 958 2182 1012 dicitur
2221 957 2460 1027 antiqua
2488 957 2578 1012 lex
2612 975 2624 1012 :
2661 960 2823 1028 petra
2853 972 2986 1010 vero
3019 954 3226 1020 solida,
3253 971 3466 1010 novum
3500 960 3619 1011 tes-

1963 1052 2321 1103 tamentum.
2356 1055 2434 1102 Ae
2465 1048 2735 1118 quamvis
2786 1046 3091 1100 videantur
3122 1044 3275 1099 inter
3305 1061 3366 1099 se
3395 1043 3618 1100 distare

1964 1135 2057 1192 lex
2090 1137 2366 1203 Mosaica,
2415 1142 2472 1192 et
2523 1134 2935 1206 Evangelium;
2968 1135 3186 1189 virtute
3230 1139 3424 1190 tamen
3477 1152 3614 1191 con-

1963 1231 2180 1280 sonant
2212 1231 2387 1297 atque
2431 1225 2578 1280 inter
2608 1241 2670 1279 se
2718 1229 3069 1293 congruunt.
3122 1224 3269 1289 Quid
3313 1224 3470 1278 enim
3519 1223 3615 1281 his

1964 1315 2270 1386 praeceptis
2318 1319 2505 1384 potest
2555 1330 2683 1368 esse
2747 1313 3163 1383 conjunclius?
3213 1313 3469 1384 Antiqua
3525 1314 3612 1368 lex

1962 1408 2118 1459 vetat
2149 1403 2501 1458 adulterium
2539 1419 2551 1456 :
2590 1402 2965 1473 Evangelium
3025 1406 3291 1471 amputat
3322 1402 3613 1472 cupidita-

1962 1498 2104 1548 tem.
2138 1492 2262 1552 Illa.
2296 1498 2362 1547 ut
2392 1510 2424 1547 a
2471 1493 2626 1547 caede
2673 1491 2996 1558 abstineas,
3018 1491 3191 1562 jubet
3225 1508 3236 1544 :
3273 1491 3381 1545 hoc
3412 1490 3615 1562 prohi-

1962 1582 2079 1648 bet,
2115 1599 2188 1637 ne
2211 1599 2453 1654 prorsus
2486 1582 2781 1638 irascaris.
2817 1581 2978 1647 Quod
3023 1582 3072 1636 si
3105 1580 3318 1651 quaeris
3370 1584 3428 1634 et
3457 1595 3614 1647 oves,

1963 1677 2020 1726 et
2049 1671 2388 1739 Sabbata,et
2410 1671 2789 1743 Pascha,quaz
2822 1669 2942 1726 illic
2973 1671 3301 1726 secundum
3334 1685 3571 1725 carnem
3601 1694 3616 1739 ;

1962 1759 2059 1815 hic
2091 1761 2421 1815 secundum
2473 1760 2770 1832 spiritum,
2817 1760 2864 1815 si
2926 1760 3265 1827 attenderis,
3329 1759 3613 1815 invenies.

1883 1883 1930 1947 Β
1964 1849 2140 1920 Lapis
2188 1849 2344 1904 enim
2391 1849 2694 1921 spiritalis,
2746 1866 2862 1904 non
2914 1854 3113 1904 autem
3164 1852 3459 1914 terrenus,
3519 1853 3609 1903 est

1959 1937 2170 2008 paries.
2203 1938 2332 2005 Sed,
2367 1955 2495 2010 quae
2527 1944 2858 2011 sequuntur
2886 1939 3082 2004 verba,
3109 1938 3234 2008 jam
3267 1938 3604 1992 audiamus.

1958 2031 2183 2098 Sponsa
2213 2027 2369 2084 enim
2403 2029 2717 2100 respondet
2746 2044 2982 2100 sponso.

2028 2795 2257 2853 Ostende
2312 2793 2458 2850 mihi
2507 2795 2720 2865 faciem
2779 2803 2972 2849 tuam:
3012 2799 3166 2849 sonet
3219 2808 3324 2850 vox
3387 2804 3486 2850 tua
3542 2797 3600 2851 in

1953 2888 2186 2942 auribus
2215 2887 2351 2942 meis
2381 2910 2395 2947 ς
2428 2901 2531 2940 vox
2559 2886 2706 2940 enim
2732 2888 2826 2940 tua
2865 2883 3062 2952 dulcis,
3083 2891 3136 2939 et
3159 2886 3333 2955 [acies
3379 2889 3476 2940 tua
3504 2884 3600 2940 de-

1950 2992 2098 3032 cora.

2022 3088 2098 3139 Ne
2131 3099 2361 3139 mecum
2393 3081 2720 3154 amplius,o
2752 3098 2964 3154 sponse
2993 3082 3264 3146 formose,
3300 3081 3598 3153 perlibros

1951 3173 2240 3243 quosdam
2274 3171 2648 3244 propheticos
2703 3175 2762 3226 et
2809 3169 3026 3244 legales
3075 3171 3410 3242 colloquare
3445 3187 3458 3224 :
3492 3171 3596 3225 sed

170 3260 184 3279 9
327 3259 341 3279 .
390 3258 403 3277 ‹
481 3254 503 3274 ν
838 3257 848 3276 ν
1169 3255 1181 3272 ε
1265 3263 1290 3274 ..
1484 3263 1508 3273 -
1601 3257 1614 3272 ς
1693 3263 1718 3273 ..

189 3255 320 3312 Λλλ
374 3278 450 3320 ως
479 3256 590 3328 εξόν
629 3278 720 3330 μοι
757 3255 952 3332 βλεψαι
985 3276 1063 3327 σε,
1093 3277 1183 3310 και
1228 3277 1324 3325 σης
1359 3278 1544 3332 φιυνης
1591 3279 1810 3314 ακουσαι

1958 3261 2095 3317 mihi
2163 3261 2359 3317 videre
2408 3266 2463 3315 te
2513 3259 2715 3327 liceat,
2765 3265 2824 3316 et
2887 3275 3086 3315 vocem
3137 3263 3297 3314 tuam
3351 3259 3596 3326 audire;

169 3345 505 3402 Ἀκοότισόν
583 3367 648 3418 με
715 3347 813 3414 τήν
889 3346 1102 3422 φωνὴν,
1172 3345 1261 3400 καὶ
1330 3343 1502 3416 δεῖξόν
1573 3367 1664 3418 μοι
1740 3351 1838 3418 τήν

1650 3435 1838 3507 [θείαν.

170 3524 250 3584 Εἴ
276 3524 382 3601 γὰρ
415 3521 572 3592 ἡδεῖα
597 3523 828 3600 πέφυκεν
863 3521 1003 3577 οὕτω
1033 3523 1121 3577 καὶ
1153 3519 1461 3598 γλυκυτάτη

166 3617 239 3672 Ἣ
276 3615 346 3681 σή
381 3614 536 3689 φωνή
569 3615 924 3690 προφητικῶς
956 3614 1090 3683 ἡμῖν
1124 3611 1188 3680 ἦν
1223 3612 1537 3686 ἡχουμένη,

170 3702 475 3758 Κὶντεῦθεν
503 3699 571 3768 ἤν
605 3721 699 3754 σου
735 3699 1010 3774 βλὶπομεν
1045 3695 1166 3772 ὄψιν
1197 3699 1269 3761 ὡς
1301 3699 1350 3754 ἐν
1385 3700 1693 3775 κατόπτρῳ,

165 3793 502 3868 Ὡραιοτάτη
537 3791 737 3868 πέφυκε
767 3791 858 3844 καὶ
889 3787 1360 3861 πανευειδεστάτη,

168 3892 240 3937 Ὠ
270 3882 521 3937 ποταπὸν
547 3881 868 3950 καθέστηκεν
895 3881 958 3934 τὸ
988 3879 1193 3944 κάλλος
1221 3888 1318 3949 τῆς
1351 3887 1447 3948 σῆς
1481 3884 1621 3951 ϐίας,

174 3973 279 4031 Καὶ
311 3978 413 4040 τῆς
446 3973 628 4044 φωνῆς
662 3972 690 4024 ὁ
721 3969 1042 4044 γλυκασμὸς
1076 3970 1290 4042 ἀμέσως
1332 3968 1650 4047 δεδεγμένος
1679 3977 1690 4030 l

170 4065 422 4120 Ἰίκουσε
452 4061 550 4128 τὴν
585 4056 929 4134 παράκλησιν
957 4065 1056 4128 τῆς
1087 4058 1306 4134 νύμφης
1336 4060 1363 4113 6
1403 4061 1655 4139 νυμφίος,

169 4157 272 4214 ⁸ος
306 4147 525 4223 μᾶλλον
560 4147 739 4224 ὥσπερ
766 4148 954 4202 ἑαυτὸν
987 4148 1061 4208 εἷς
1090 4147 1394 4226 τούμφανὲς
1425 4146 1700 4219 δεικνύων,

170 4243 413 4315 Πρῶτον
444 4237 523 4299 εἰς
555 4234 721 4312 ἄγραν
746 4241 1004 4310 παρορμᾷ
1031 4235 1156 4298 τοὺς
1191 4239 1476 4312 θηρευτὰς,
1509 4239 1596 4293 καὶ
1641 4237 1790 4314 λέγει
1819 4263 1831 4276 .

251 4371 493 4426 Πιάσατε
573 4370 709 4441 ἡμῖν
799 4367 1088 4429 ἀλώπεκας
1180 4369 1407 4444 μικροὺς
1489 4370 1836 4447 ἀφανίζοντας

166 4457 539 4534 ἀμπελῶνας,
609 4457 698 4512 καὶ
774 4458 830 4512 αἱ
898 4454 1140 4529 ἄμπελοι
1223 4460 1385 4530 ἡμῶν
1462 4460 1832 4534 κυπρίζουσιν.

251 4568 316 4620 Ὠ
347 4571 450 4633 τῆς
481 4572 711 4639 φρικτῆς
743 4567 829 4619 καὶ
866 4559 1098 4639 φοϐερᾶς
1127 4568 1227 4619 τοῦ
1267 4565 1443 4642 Λόγου
1492 4563 1792 4632 δυναστείας
1820 4573 1830 4628 l

164 4663 242 4713 Ὠ
272 4655 588 4716 τεά-ιαλκοῦς
617 4651 928 4726 δυνάμεωςί
965 4653 1009 4707 ὣ
1041 4656 1270 4731 κράτους
1310 4656 1651 4732 ἀπορῥήτουί

167 4743 402 4802 Κελεῦει
435 4743 536 4818 γὰρ
568 4747 685 4804 τοῖς
712 4744 1023 4818 θηρευταῖς,
1056 4743 1296 4798 τουτέστι
1325 4750 1440 4805 τοῖς
1472 4744 1740 4820 ἀγγέλοις,

161 4841 385 4908 ⁸Ωσπερ
415 4830 705 4894 ἁλώπεκάς
734 4852 886 4894 τινας
916 4831 1114 4905 μικράς
1142 4828 1539 4901 δυστηνοτάτας

160 4924 284 4991 Τήν
317 4926 492 4976 πᾶσαν
527 4920 898 4989 ἀποπατικὴν
929 4917 1154 4992 δύναμιν
1182 4925 1289 4974 τῶν
1323 4917 1618 4995 δαιμόνων,

162 5015 449 5086 Θηρεῦσαι
480 5011 568 5064 καὶ
602 5016 945 5086 συναγαγεῖν,
976 5016 1263 5085 κρατῆσαι,
1294 5011 1381 5064 καὶ
1415 5009 1726 5084 δεσμεῦσαι,

159 5103 282 5162 Τὸν
317 5099 585 5176 δράκοντα
613 5100 703 5154 τὸν
740 5100 993 5174 μέγιστον
1023 5099 1116 5154 τὸν
1151 5099 1456 5171 ἀποστάτην
1489 5122 1662 5178 φυσει,

163 5199 270 5253 ⁸ος
303 5186 566 5264 inagis-iet
597 5190 712 5243 καθ’
754 5191 936 5262 ἡμῶν,
983 5189 1056 5250 ὡς
1096 5186 1234 5242 λὲων
1286 5189 1362 5251 είς
1411 5189 1647 5263 ποίμνας
1708 5192 1828 5264 μαί-

1663 5300 1830 5352 νεται,

159 5372 285 5426 Τοῦ
346 5368 793 5441 κοσμοκράτορος
853 5371 1052 5436 Σατᾶν,
1106 5370 1202 5421 τοῦ
1263 5367 1486 5430 σκότους
1543 5369 1634 5422 τὸν
1692 5389 1830 5443 προ·

1585 5456 1826 5532 [στάτην,

153 5548 270 5601 Τὸν
305 5539 446 5615 ᾅδην
475 5544 565 5598 τὸν
597 5541 940 5598 πλατύνοντα
968 5543 1030 5597 τὸ
1061 5544 1236 5616 στόμα
1262 5546 1324 5600 τὸ
1359 5542 1620 5624 ζοφῶδες,

155 5638 271 5692 Τὸν
307 5633 509 5709 ἔχοντα
537 5634 629 5688 καὶ
661 5634 892 5711 φέροντα
915 5631 977 5685 τὸ
1005 5633 1206 5705 κράτος
1233 5638 1329 5688 τοῦ
1361 5634 1610 5706 θανάτου,

158 5726 274 5780 Τὸν
310 5723 734 5799 ἆγκαυχώμενον
765 5715 952 5776 λαϐεῖν
987 5720 1061 5783 ὡς
1090 5723 1304 5778 νοσσιὰν
1341 5725 1646 5799 στρουθίου,

1950 3360 2106 3407 sonet
2149 3367 2257 3406 vox
2300 3360 2396 3405 tua
2440 3353 2500 3406 in
2546 3350 2778 3405 auribus
2833 3352 2998 3414 meis,
3055 3349 3269 3405 ostende
3318 3350 3464 3404 mihi
3509 3358 3600 3419 [a-

1951 3442 2092 3495 ciem
2123 3449 2294 3495 tuam.
2327 3443 2476 3493 Nam
2535 3439 2584 3492 si
2621 3455 2728 3492 vox
2787 3443 2888 3492 tua
2947 3437 3116 3492 nobis
3160 3438 3602 3508 jucundissima

1951 3529 2062 3584 fuit
2084 3534 2258 3598 atque
2289 3526 2637 3582 dulcissima
2668 3544 2682 3592 ;
2711 3527 2760 3581 si
2781 3528 2980 3582 vultus
3003 3535 3141 3581 tuus
3163 3527 3598 3597 pulcherrimus

1950 3617 2113 3672 visus
2162 3623 2252 3673 est
2300 3625 2353 3672 et
2403 3616 2658 3670 maxime
2707 3617 2974 3682 decorus,
3023 3632 3155 3669 cum
3204 3633 3310 3670 vox
3364 3621 3466 3670 tua
3495 3633 3600 3686 per

1951 3706 2266 3779 prophetas
2296 3706 2614 3770 insonaret,
2650 3709 2707 3759 et
2741 3706 2982 3759 formam
3022 3709 3186 3758 tuam
3218 3709 3501 3773 tanquam
3534 3705 3592 3759 in

1949 3794 2184 3867 speculo
2216 3811 2590 3850 cerneremus
2633 3810 2645 3848 :
2701 3799 3064 3864 quantanam
3115 3791 3224 3846 erit
3271 3792 3591 3862 praesentiae

1948 3890 2062 3939 tua:
2095 3883 2466 3955 pulcritudo!
2503 3887 2720 3953 quanta
2747 3883 2905 3938 vocis
2936 3881 3124 3953 ipsius
3163 3879 3431 3944 dulcedo,
3465 3897 3590 3951 quae

1947 3975 2074 4030 sine
2107 3972 2222 4027 ullo
2256 3972 2446 4027 medio
2469 3973 2856 4027 exaudiatur?
2886 3973 3122 4042 Sponsa:
3147 3985 3348 4041 preces
3369 3971 3594 4026 audivit

1946 4060 2328 4132 sponsus,qui
2363 4066 2508 4116 utse
2541 4060 2729 4132 ipsum
2765 4077 2956 4115 coram
2983 4060 3173 4132 magis
3203 4059 3591 4132 conspicuum

1947 4152 2219 4223 praebeat,
2251 4155 2557 4206 venatores
2589 4151 2658 4204 ad
2693 4150 2948 4220 praedam
2981 4151 3214 4220 excitat,
3245 4149 3450 4206 dicens
3481 4168 3494 4206 :

2019 4373 2209 4444 Capite
2246 4372 2404 4428 nobis
2459 4372 2644 4442 vulpes
2697 4375 2993 4442 parvulas,
3047 4387 3166 4443 qum
3213 4371 3595 4428 demoliunlur

1944 4464 2132 4519 vineas
2165 4479 2177 4516 :
2210 4467 2263 4517 et
2296 4464 2472 4518 vineae
2500 4470 2706 4519 nostra?
2723 4464 2940 4532 ﬂorent.

2017 4570 2061 4626 Ο
2089 4569 2397 4642 imperium
2432 4567 2602 4624 Verbi
2638 4569 2893 4625 terribile
2925 4587 2990 4624 ac
3034 4569 3470 4626 formidandum
3499 4568 3510 4623 !
3546 4569 3589 4625 Ο

1944 4660 2221 4714 virtutem
2316 4659 2816 4729 omnipotentem!
2873 4659 2917 4714 Ο
2968 4659 3146 4713 robur
3205 4658 3584 4714 incredibile!

1943 4747 2336 4804 Venatoribus
2386 4747 2542 4801 enim
2605 4747 2896 4819 praecepit,
2966 4748 3022 4802 id
3075 4752 3161 4803 est
3227 4747 3471 4821 angelis,
3525 4755 3588 4804 ut

1943 4837 2277 4908 vulpeculae
2313 4836 2603 4907 quasdam
2654 4836 2932 4907 parvulas
2983 4841 3154 4908 captu
3206 4836 3584 4893 difficillimas

1944 4925 2356 4997 pervestigent,
2388 4924 2905 4996 comprehendant,
2947 4929 3242 4995 superent,
3277 4925 3535 4981 vinciant
3569 4943 3582 4982 ε

1943 5020 2123 5070 totam
2145 5013 2426 5068 nimirum
2445 5013 2818 5068 desertricem
2843 5013 3170 5067 daemonum
3194 5018 3543 5085 potestatem
3570 5033 3583 5072 :

1943 5105 2254 5159 draconem
2281 5103 2450 5158 illum
2475 5101 2794 5156 maximum
2829 5117 2840 5155 :
2868 5099 3033 5154 illum
3057 5100 3330 5157 rebellem
3355 5113 3586 5176 natura,

1945 5193 2042 5265 qui
2076 5210 2190 5248 non
2223 5193 2392 5248 aliter
2422 5193 2479 5245 in
2514 5207 2618 5245 nos
2652 5205 2826 5261 quam
2860 5187 2950 5243 leo
2983 5189 3040 5242 in
3084 5204 3291 5262 greges
3321 5192 3585 5263 desaevit,

1943 5281 2150 5336 mundi
2193 5279 2474 5353 principis
2522 5280 2748 5344 Satan;
2804 5277 3127 5350 principem
3179 5279 3577 5350 tenebrarum,

1941 5370 2235 5425 infernum
2304 5369 2647 5423 tenebrosas
2707 5368 2904 5423 fauces
2987 5383 3124 5422 suas
3204 5367 3582 5439 aperientem,

1940 5460 2254 5516 habentem
2289 5474 2354 5512 ac
2405 5457 2684 5511 terentem
2740 5456 2943 5511 mortis
2980 5455 3332 5528 imperium;
3367 5457 3469 5527 qui
3520 5474 3583 5514 se

1939 5547 2195 5621 passeris
2226 5547 2660 5618 nidum,orbem
2687 5545 2906 5600 scilicet
2929 5545 3576 5619 universum,tanquam

1937 5656 2043 5694 ova
2091 5638 2326 5711 putrida
2375 5642 2548 5708 atque
2599 5636 2823 5706 abjecta
2871 5635 3100 5706 cepisse
3148 5640 3205 5692 et
3259 5637 3576 5710 diripuisse

1935 5729 2219 5802 gloriatur
2252 5746 2264 5784 :
2298 5727 2398 5801 qui
2429 5731 2596 5784 terrae
2630 5730 2858 5782 montes
2889 5730 2946 5782 et
2976 5742 3132 5783 mare
3148 5735 3574 5798 eversurum,et
