4102 6342
481 388 603 448 595

1816 373 2241 436 MlCtlAELIS
2289 373 2552 433 PSELLl

3772 367 3889 428 596

480 524 541 579 in
591 522 850 579 nubibus
896 520 1095 575 sedem
1141 518 1562 575 collocaturum
1630 534 1691 573 se
1748 514 1985 588 jactitat
2030 512 2073 547 ⁸⁷
2108 528 2164 579 z,

2283 510 2348 579 ἠν
2381 509 2712 584 οἶκουμὲνην
2743 510 3049 585 σύμπασαν,
3080 508 3172 565 καὶ
3200 509 3400 579 ταύτην
3432 506 3766 586 ἀφαρπάσαι,

484 615 656 685 cujus
679 610 918 683 quidem
945 609 1128 663 latera
1157 612 1298 663 sunt
1321 612 1565 677 aenea,et
1582 607 1825 662 dorsum
1851 605 2127 669 ferreum,

483 702 712 758 viscera
742 703 938 754 autem
972 697 1245 769 smyrites
1292 696 1443 768 lapis
1476 712 1489 751 :
1551 699 1882 767 serpentem
1934 692 2132 764 ipsum

485 806 751 863 gravem;
785 788 953 843 illum
987 802 1209 851 senem,
1243 786 1539 857 ingentem
1574 783 2136 851 illum,omnemque

487 878 663 934 aliam
692 876 971 931 virtutem
990 877 1120 945 ejus
1144 874 1452 930 hostilem:
1479 873 1665 927 virtus
1695 889 1835 927 sane
1869 868 2136 942 potentiae

485 974 773 1039 tanquam
805 965 1143 1036 vulpeculas
1177 981 1384 1036 parvas
1414 967 1472 1018 et
1494 968 1701 1018 natura
1732 958 2139 1015 fraudulentas

488 1055 765 1129 appellat.
799 1053 1302 1125 Comprehendite,
1336 1052 1548 1124 inquit,
1583 1051 1726 1105 mihi
1774 1065 1982 1122 parvas
2010 1045 2140 1102 vul-

491 1163 617 1220 pes,
649 1162 773 1217 quaa
803 1145 1033 1200 animas
1064 1144 1355 1200 humanas
1384 1141 1804 1197 demoliuntur.
1842 1139 1957 1195 Has
1982 1136 2141 1193 enim

493 1236 649 1294 solas
678 1236 877 1291 vineas
906 1236 1091 1290 vocat.

1089 1699 1274 1753 Trium
1303 1701 1558 1753 Patrum.

573 1804 720 1861 Cum
739 1808 932 1861 autem
944 1804 1016 1861 ad
1029 1805 1231 1878 sponsi
1256 1806 1599 1861 mandatum
1623 1804 1918 1877 magistrae
1938 1804 2148 1861 animae

2238 601 2328 664 Ὦς
2368 600 2451 655 ὠὰ
2480 602 2547 655 τὰ
2579 600 2878 676 σαορότατα
2908 598 3454 675 καταπεφρονημένα,

2240 692 2340 746 Τὸν
2375 689 2668 769 ἐξαλείφειν
2696 693 2965 768 φάσκοντα
2992 696 3094 765 γῆς
3128 691 3288 764 ὅρους
3315 690 3403 745 καὶ
3435 688 3728 760 θαλάττης,

2243 782 2343 834 Τὸν
2378 781 2426 835 ἰν
2460 780 2659 857 νεφέλῃ
2694 780 2921 855 λεγοντα
2949 781 3040 835 τὸν
3074 780 3266 855 θρόνον
3294 776 3632 853 καθιδρύσαι,

2247 870 2426 940 Οὗπερ
2472 867 2681 944 χαλκαῖ
2722 870 2815 942 μὶν
2847 871 2902 923 αἱ
2930 868 3162 943 πλευραὶ
3193 868 3283 924 καὶ
3338 867 3536 942 σιδηρᾶ
3568 866 3611 923 δ’
3642 872 3678 937 ἡ
3712 868 3894 943 ῥάχις,

2246 960 2479 1032 ’Έγκατα
2513 956 2578 1026 δ’,
2612 957 2684 1019 ὥς
2718 978 2893 1035 φασιν,
2926 957 3090 1013 αὐτοῦ
3122 957 3390 1034 σμυρίτης
3422 958 3606 1022 λίθος·

2247 1047 2419 1104 Αὐτὸν
2450 1049 2541 1101 τὸν
2589 1042 2734 1125 ὄφιν,
2766 1047 2857 1102 τὸν
2912 1044 3107 1119 δεινὸν,
3154 1048 3247 1102 τὸν
3291 1046 3537 1122 γέροντα,
3566 1046 3656 1101 τὸν
3709 1047 3897 1121 μέγαν,

2251 1135 2355 1191 Καὶ
2390 1142 2558 1189 πᾶσαν
2593 1134 2770 1206 ἄλλην
2804 1133 3032 1210 δύναμιν
3058 1134 3221 1191 αὕτοῦ
3244 1137 3343 1205 τὴν
3377 1135 3634 1204 ἐναντίαν,

2249 1231 2307 1280 Ἦ
2342 1222 2569 1297 δύναμις
2602 1224 2855 1298 ὠνόμασε
2880 1228 2979 1291 τῆς
3013 1219 3183 1289 ὅντως
3217 1223 3547 1294 δυναστείας,

2253 1314 2341 1375 Ὠς
2375 1311 2656 1368 ἀλωπεκια
2690 1316 2858 1390 μικρά
2886 1312 2978 1369 ναὶ
3010 1311 3211 1389 δολερὰ
3238 1317 3305 1388 τῇ
3338 1313 3513 1393 φύσει.

2254 1402 2398 1467 Τοὺς
2424 1408 2552 1478 γοῦν
2590 1404 2816 1479 μικροὺς
2839 1403 3150 1478 ἀλώπεκας,
3183 1404 3339 1480 φησὶ,
3369 1402 3669 1479 κρατήσατέ
3712 1423 3831 1475 μοι,

2252 1495 2343 1556 Ὡς
2376 1492 2708 1569 βλαπτικοὺς
2735 1496 3099 1570 τυγχάνοντας
3129 1497 3325 1570 ψυχῶν
3367 1498 3476 1549 τῶν
3521 1491 3903 1568 ἀνθρωπίνων.

2255 1583 2570 1656 Ἀμπέλους
2599 1585 2704 1659 γὰρ
2734 1585 2807 1647 ὡς
2839 1585 3065 1655 ἀληθῶς
3088 1584 3285 1647 ταύτας
3317 1582 3479 1640 ἐννόει
3516 1584 3707 1658 μόνας.

2815 1705 2929 1756 Τῶν
2968 1704 3014 1778 γ’
3053 1702 3325 1777 Πατὲρων.

2329 1810 2475 1864 Ἐπεὶ
2536 1807 2593 1864 δὲ
2651 1810 2787 1865 κατὰ
2840 1808 3083 1865 κὲλευσιν
3141 1814 3238 1865 τοῦ
3283 1809 3521 1888 νυμφίου
3568 1814 3912 1885 παραστᾶσαι

507 1897 621 1971 ipsi
649 1904 859 1970 praesto
889 1903 1105 1967 essent,
1140 1904 1197 1956 et
1226 1917 1360 1955 cum
1417 1915 1484 1955 eo
1544 1915 1612 1954 ex
1670 1898 1934 1954 doctrina
1961 1896 2152 1970 ipsius

2282 1898 2433 1972 τούτῳ
2461 1900 2515 1953 αἱ
2566 1896 2881 1955 διδάσκαλοι
2939 1901 3132 1975 ψυχαὶ,
3164 1900 3292 1974 ὑπὲρ
3341 1885 3450 1954 τῶν
3501 1895 3908 1971 διδασκομένων

505 2000 903 2061 versarentur,
937 1994 1009 2048 ad
1040 2010 1139 2048 eas
1177 1991 1301 2047 haec
1354 1990 1530 2047 verba
1560 1989 1695 2045 facit
1726 2006 1740 2045 :
1774 1991 1969 2062 Capite
1996 1990 2151 2045 nobis

507 2086 702 2157 vulpes
732 2084 996 2156 parvulas
1026 2100 1043 2137 :
1076 2082 1448 2137 observantia
1499 2083 1939 2152 praceptorum,
1973 2077 2151 2134 simul

507 2191 642 2232 eum
692 2175 967 2229 vitiorum
1019 2171 1379 2226 motionibus
1444 2168 1845 2224 astutissimos
1886 2169 2153 2241 ipsorum

510 2268 778 2320 auctores
809 2261 1052 2333 spiritus
1103 2260 1413 2315 cohibete:
1450 2260 1550 2331 qui
1604 2258 1831 2330 parvuli
1882 2258 2157 2313 videntur

508 2355 720 2422 adhuc,
753 2368 884 2407 cum
920 2351 1061 2423 ipsa:
1094 2349 1381 2405 motiones
1413 2349 1675 2405 nondum
1706 2348 1766 2404 in
1799 2353 1996 2404 actum
2020 2363 2161 2420 pro-

510 2442 817 2505 cesserint,
852 2440 1017 2495 Nobis
1064 2443 1257 2494 autem
1307 2438 1453 2493 dixit
1480 2440 1655 2509 capite
1694 2442 1933 2510 propter
1980 2439 2156 2493 linem

508 2530 897 2604 propositum,
923 2529 1023 2600 qui
1056 2528 1115 2583 in
1150 2527 1265 2584 illis
1315 2528 1655 2584 erudiendis
1688 2527 1972 2599 expletur.
2022 2532 2162 2598 Quae

511 2621 892 2678 demetiuntur
922 2621 1129 2685 vineas,
1185 2618 1241 2672 id
1275 2622 1385 2685 est,
1443 2616 1671 2673 animas
1712 2621 1999 2683 evertunt,
2033 2634 2161 2689 quae

514 2728 615 2783 per
645 2711 820 2766 ﬁdem
852 2710 913 2764 in
946 2725 1038 2764 me
1070 2713 1210 2764 sunt
1262 2707 1556 2779 plantatae.
1612 2709 1678 2763 Et
1734 2709 1914 2764 vineae
1962 2716 2164 2764 nostrae

515 2799 967 2873 ﬂorent.Animae
997 2797 1310 2870 diligenter
1341 2814 1374 2852 a
1406 2797 1575 2852 nobis
1605 2797 1676 2852 ad
1710 2796 1960 2853 salutem
1991 2797 2162 2853 insti-

516 2894 661 2947 tutae
681 2890 807 2961 jam
835 2887 1046 2943 ﬂorent
1076 2886 1403 2943 secundum
1434 2884 2164 2954 virtutem,fallacissimis,

517 2985 583 3037 ut
611 2980 835 3036 dictum
867 2981 976 3049 est,
1009 2975 1315 3049 spiritibus
1344 2974 1689 3047 proﬂigatis.

1242 3172 1432 3227 Pselli.

587 3284 698 3339 Sed
729 3282 1030 3337 videamus
1064 3280 1207 3351 quid
1240 3280 1397 3336 dicat
1427 3278 1602 3335 etiam
1649 3296 1869 3352 sponsa
1898 3284 1957 3337 et
1984 3280 2177 3354 virgo-
2210 3251 2256 3322 θ

590 3372 764 3440 Nepos
791 3386 946 3426 meus
973 3369 1137 3432 mihi.
1170 3374 1223 3425 et
1253 3385 1349 3437 ego
1380 3368 1498 3425 illi.

589 3460 804 3516 Verum
837 3474 1064 3515 morose
1095 3459 1369 3530 deinceps
1402 3474 1618 3531 sponso
1648 3458 1909 3530 loquitur
1940 3476 1953 3515 :

595 3550 702 3619 Qui
727 3550 903 3621 pascit
931 3550 1078 3604 inter
1116 3548 1258 3613 lilia,
1290 3547 1457 3604 donec
1492 3550 1699 3619 aspiret
1729 3548 1862 3615 dies,
1895 3551 1946 3604 et
2002 3549 2171 3604 incli-

522 3645 728 3695 nentur
774 3638 999 3708 umbrae,
1056 3648 1333 3694 revertere
1380 3655 1393 3693 :
1442 3639 1644 3693 similis
1687 3647 1802 3693 esto
1850 3642 1929 3703 tu,
2008 3653 2173 3709 nepos

523 3732 626 3798 mi,
659 3743 878 3801 capreae
909 3728 1211 3783 hinnulove
1268 3743 1553 3783 cervorum
1598 3743 1764 3799 super
1807 3730 2014 3782 montes
2043 3743 2172 3783 con-

525 3818 793 3875 vallium.

599 3909 642 3965 Ο
675 3907 1067 3981 pulcherrime
1100 3910 1299 3978 pastor
1344 3907 1563 3975 ovium,
1613 3922 1739 3977 quis
1783 3911 1978 3962 mente
2037 3910 2177 3962 sunt

528 3998 804 4071 praeditas,
836 3997 1028 4067 inquit
1060 4014 1277 4066 sponsa
1298 3996 1369 4050 ad
1404 3996 1597 4066 ipsum
1630 3997 1887 4051 Verbum
1920 4001 1978 4051 et
2008 4013 2180 4068 spon-

530 4103 685 4156 sum,
732 4084 831 4157 qui
886 4100 1019 4140 oves
1066 4090 1198 4138 tuas
1245 4085 1591 4150 virtutibus,
1646 4090 1707 4139 ut
1760 4084 1903 4139 liliis
1959 4086 2175 4155 pascis,

530 4192 740 4230 rursus
769 4180 825 4228 te
855 4190 1074 4244 capreae
1105 4179 1209 4228 aut
1257 4189 1560 4228 cervorum
1619 4173 1868 4229 binnulo
1923 4174 2177 4229 similem

533 4264 743 4337 praebe,
778 4267 843 4317 ut
874 4262 1045 4333 paulo
1073 4266 1206 4317 ante
1240 4278 1418 4330 super
1447 4262 1687 4316 vallium
1724 4266 1955 4319 montes
2003 4262 2179 4319 salie-

529 4354 637 4409 bas
671 4368 684 4408 :
720 4354 894 4421 atque
924 4366 1155 4406 omnem
1183 4350 1505 4421 potentiam
1529 4351 1935 4406 adversantem
1967 4356 2177 4419 everte,

533 4445 590 4497 et
621 4438 799 4495 colles
829 4438 1008 4494 nimis
1040 4438 1227 4494 elatos
1259 4455 1517 4509 exaequa.
1576 4438 1669 4494 Sic
1702 4438 1855 4494 enim
1907 4440 2180 4495 cursibus

534 4529 656 4586 tuis
687 4528 882 4584 omnis
929 4526 1094 4582 vallis
1127 4526 1475 4600 implebitur
1526 4545 1537 4582 :
1589 4532 1646 4583 et
1692 4529 1886 4583 omnis
1942 4528 2180 4584 malitia:

2260 1988 2407 2061 αὐτῷ
2482 1989 2894 2065 ἐντυγχάνουσι,
2942 1991 3079 2064 πρὸς
3161 1988 3357 2052 ταύτας
3440 1989 3617 2053 οῧτως
3702 1989 3910 2064 φησίν’

2264 2080 2495 2133 Πιάσατε
2548 2082 2684 2151 ἡμῖν
2741 2079 3029 2143 ἀλώπεκας
3108 2079 3320 2154 μικράς,
3379 2077 3550 2152 ἤγουν
3608 2079 3917 2154 κατάσχετε

2264 2166 2352 2223 διὰ
2398 2172 2506 2222 τῶν
2560 2166 2793 2223 ἐντολῶν
2844 2166 2957 2241 ἅμα
3000 2174 3118 2232 ταῖς
3163 2172 3404 2238 κινήσεσι
3444 2174 3552 2222 τῶν
3603 2170 3786 2223 παθῶν
3846 2167 3919 2220 τὰ

2263 2256 2469 2312 τούτων
2541 2255 2686 2311 αἴτια
2755 2254 3105 2332 δολερώτατα
3159 2258 3435 2330 πνεύματα
3507 2256 3582 2312 ἔτι
3650 2255 3923 2311 δοκοῦντα

2264 2348 2491 2415 νεάζειν,
2524 2345 2573 2400 εἶ’
2606 2349 2775 2419 μήπω
2807 2348 2860 2402 αἱ
2911 2352 3020 2401 τῶν
3067 2349 3252 2402 παθῶν
3310 2349 3547 2417 κινήσεις
3604 2346 3923 2423 προκόψουο

2267 2456 2347 2489 σ.ν
2396 2436 2470 2497 εἲς
2516 2434 2804 2510 ἐνέργειαν.
2857 2441 3013 2509 Ἱῐμῖν
3059 2434 3115 2491 δὲ
3164 2458 3296 2513 φησι
3353 2438 3672 2513 κατάσχετε,
3723 2434 3815 2491 διὰ
3860 2435 3928 2491 τὸ

2267 2525 2434 2597 πέρας
2522 2521 2761 2595 δέξασθαι
2817 2527 2878 2581 τὸ
2939 2526 3073 2587 κατά
3144 2528 3344 2582 σκοπὸν
3430 2529 3565 2600 ἡμῖν
3631 2524 3718 2580 ἐπὶ
3805 2531 3929 2587 ταῖς

2274 2616 2755 2688 μαθητευομὲναις.
2868 2616 3256 2694 Ἀφανίζοντας
3370 2616 3748 2689 ἀμπελῶνας’
3826 2614 3934 2685 δη-

2271 2702 2435 2773 λαδὴ,
2469 2702 2816 2767 ἀπολλῦντας
2876 2707 3056 2781 ψυχὰς
3111 2710 3178 2779 τῇ
3236 2706 3313 2769 εἷς
3372 2705 3470 2779 ἐμὲ
3528 2706 3702 2761 πίστει
3756 2727 3932 2782 πεφυ-

2270 2794 2552 2865 τευμὲνας.
2586 2794 2681 2848 Καὶ
2739 2796 2792 2847 αἱ
2852 2794 3092 2866 ἄμπελοι
3153 2798 3314 2866 ἡμῶν
3369 2796 3742 2868 κυπρίζουσινο
3783 2793 3933 2862 ἤτοι,

2272 2884 2327 2936 αἱ
2357 2883 2485 2955 παρ’
2535 2884 2695 2953 ἡμῶν
2750 2884 2887 2957 πρὸς
2937 2885 3211 2959 σωτηρίαν
3267 2882 3694 2956 ἰπιμελοῦμεναι
3753 2882 3936 2958 ψυχαὶ

2272 2969 2382 3040 ἤδη
2416 2972 2633 3025 ἀνθοῦσι
2690 2973 2805 3026 κατ’
2837 2973 3056 3045 ἀρετήν,
3087 2976 3193 3027 τῶν
3246 2970 3634 3048 δολερωτάτων
3681 2968 3935 3043 πνευμᾶ-

2272 3078 2379 3112 των
2414 3059 2882 3135 κατασχεθέντων,
2915 3060 2991 3122 ὡς
3025 3058 3255 3137 εἴρηται.

2976 3166 3223 3223 Ψελλοῦ.

2361 3274 2523 3331 Ἀλλ’
2555 3274 2753 3351 ἴδωμεν
2781 3278 2870 3333 καὶ
2898 3278 2950 3332 τί
2981 3300 3144 3356 φησιν
3172 3280 3206 3348 ἠ
3238 3280 3423 3356 νύμφη
3457 3278 3545 3333 καὶ
3576 3276 3861 3350 παρθένος.

2276 3362 2598 3443 Ἀδελφιδός
2632 3387 2737 3439 μου
2770 3365 2918 3440 ἐμοὶ,
2949 3367 3096 3441 κάγὼ
3129 3365 3294 3438 αὐτῷ.

2276 3454 2438 3510 Ἀλλ’
2469 3454 2657 3525 ἐφεξῆς
2682 3453 2986 3510 ἐκδυσωπεῖ
3016 3453 3245 3531 λέγουσα
3274 3459 3354 3526 τῷ
3382 3453 3600 3530 νυμφίῳ
3621 3472 3633 3484 '

2350 3546 2411 3598 Ὀ
2457 3545 2767 3617 ποιμαίνων
2812 3544 2862 3598 ἑν
2912 3549 3028 3606 τοῖς
3088 3543 3319 3621 κρίνοις,
3366 3540 3470 3604 ἕως
3522 3542 3583 3598 οὗ
3637 3541 3940 3617 διαπνεύσῃ

2281 3638 2315 3703 ἡ
2394 3636 2575 3709 ἡμέρα
2656 3635 2744 3689 καὶ
2821 3636 3113 3705 κινηθῶσιν
3186 3636 3239 3689 αἱ
3322 3634 3488 3706 σκιαῖ,
3569 3634 3940 3707 άπόστρεψον,

2284 3726 2592 3799 ὁμοιώθητι
2651 3724 2734 3796 σὺ,
2769 3722 3023 3804 ἀδελφιδέ
3091 3729 3322 3798 μου,τῷ
3375 3722 3603 3801 δόρκωνι
3663 3724 3699 3794 ἢ
3756 3720 3941 3801 νεϐρῷ

2285 3813 2498 3893 ἐλάφων
2533 3813 2616 3868 ἐπὶ
2649 3815 2715 3869 τά
2745 3809 2845 3888 ὅρη
2873 3813 3265 3888 κοιλωμάτων.

2284 3906 2350 3959 Ὠ
2382 3902 2772 3960 καλλιστότατε
2801 3906 3010 3977 ποιμήν
3040 3910 3147 3959 τῶν
3182 3904 3415 3981 λογικῶν
3450 3898 3761 3981 προϐάτων,

2288 3996 2459 4064 Φησὶν
2494 3997 2528 4065 ἡ
2561 3994 2744 4073 νύμφη
2781 3995 2917 4067 πρὸς
2949 3994 3106 4049 αὐτὸν
3137 3995 3229 4049 τὸν
3264 3994 3435 4068 Λόγον
3468 3994 3555 4049 καὶ
3584 3992 3846 4070 νυμφίον,

2284 4086 2380 4145 ’³ος
2409 4082 2620 4160 τρέφεις
2651 4105 2744 4137 σου
2773 4085 2839 4136 τά
2869 4078 3117 4157 πρόϐατα
3147 4087 3267 4143 ταῖς
3316 4082 3530 4156 ἀρεταῖς
3578 4082 3653 4145 ὡς
3703 4082 3945 4156 κρίνοις,

2288 4174 2386 4227 Καὶ
2417 4172 2579 4228 πάλιν
2614 4173 2811 4249 φάνηθι
2846 4169 3042 4248 δορκάς
3072 4174 3107 4243 ἢ
3139 4171 3227 4226 καὶ
3259 4166 3449 4246 νεϐρὸς
3483 4170 3721 4249 ἐλάφων,

2289 4264 2386 4316 Καὶ
2417 4261 2581 4316 πάλιν
2615 4261 2955 4330 ἀναζήτησον
2989 4262 3170 4335 ὥσπερ
3203 4260 3662 4333 ἀνθυποπρέψας,

2287 4354 2463 4426 "Amp
2496 4348 2698 4420 ἐπήδας
2728 4352 2834 4424 πρὸ
2868 4354 3063 4425 μικροῦ
3095 4354 3200 4404 τῶν
3231 4347 3598 4423 κοιλωμάτων
3634 4345 3759 4423 ὅρη,

2291 4440 2392 4495 Καὶ
2423 4445 2595 4494 πᾶσαν
2630 4438 2940 4515 ἐξαφάνισον
2975 4436 3201 4510 δύναμιν
3236 4437 3498 4505 ἐναντίαν,

2290 4527 2387 4582 Καὶ
2418 4525 2794 4601 καθομάλισον
2833 4526 3063 4603 βουνοὺς
3094 4526 3219 4588 τοὺς
3250 4523 3382 4602 ἄγαν
3419 4525 3781 4603 ἐπηρμένους.

538 4617 703 4675 collis
747 4616 1163 4673 humiliabitur
1194 4633 1206 4672 :
1241 4621 1298 4673 et
1345 4633 1549 4672 omnes
1600 4617 1922 4689 impietatis
1968 4618 2164 4673 umbra

2294 4615 2447 4671 Οὕτω
2475 4615 2574 4692 γάρ
2608 4612 3030 4691 πληρωθήσεται
3063 4620 3178 4676 σοῖς
3210 4612 3441 4690 δρόμοις
3468 4620 3612 4669 πᾶσα
3639 4615 3874 4691 φάραγξ,

538 4707 931 4764 discutiantur

540 4796 713 4853 rabit.

991 4722 1003 4761 :
1061 4711 1116 4763 et
1172 4705 1297 4763 dies
1354 4705 1564 4763 salutis
1622 4706 1969 4763 mortalibus
2028 4706 2181 4780 aSpi-

1128 5004 1315 5059 Trium
1342 5005 1596 5059 Patrum.

611 5115 917 5178 Revertere,
949 5112 1262 5168 assimilare
1305 5114 1385 5178 tu,
1436 5127 1605 5180 nepos
1653 5112 1751 5180 mi,
1800 5125 2014 5182 capreae
2060 5109 2185 5165 hin-

537 5203 730 5259 nulorc
758 5218 1037 5258 cervorum
1063 5216 1227 5272 super
1257 5205 1472 5256 montes
1495 5200 1853 5256 convallium.

609 5378 910 5451 Spiritales
965 5379 1137 5444 feras,
1203 5378 1533 5433 animarum
1610 5378 1999 5449 corruptrices
2068 5396 2185 5449 qua

538 5474 745 5525 contra
775 5485 883 5525 nos
912 5468 1177 5536 saaviunt,
1210 5472 1265 5522 et
1296 5468 1653 5538 serpentium
1689 5484 1869 5533 more,
1901 5468 2180 5523 vitiorum

538 5559 699 5614 virus
729 5559 788 5613 in
821 5574 928 5612 nos
976 5557 1309 5626 effundunt,
1354 5556 1584 5628 repelle.
1621 5557 1687 5612 Et
1737 5561 2042 5629 propterea
2092 5561 2179 5625 tu,

610 5708 654 5741 ³⁷
684 5706 796 5763 Isa.
826 5723 940 5777 xw,
974 5706 1059 5762 M.

2296 4707 2401 4762 Καὶ
2434 4712 2536 4768 πᾶς
2573 4707 3032 4775 ταπεινωθήσεται
3066 4705 3255 4779 βουνὸς
3290 4704 3317 4757 ὁ
3348 4710 3446 4772 τῆς
3475 4703 3685 4769 κακίας,

2298 4798 2392 4852 Καὶ
2427 4802 2589 4851 πᾶσαι
2623 4797 3009 4867 κινηθήσονται
3043 4794 3188 4849 σκιαὶ
3218 4800 3318 4864 τῆς
3353 4792 3556 4862 ἆθεΐας,

2296 4887 2402 4943 Καὶ
2436 4884 2739 4940 διαπνεύσει
2774 4887 2991 4960 βροτοῖς
3020 4882 3201 4956 ἡμέρα
3231 4882 3521 4957 σωτηρίας.

2854 5005 2977 5060 Τῶν
3018 5002 3065 5076 γ’
3106 5000 3383 5075 Ηατέρων.

2367 5113 2760 5188 ’Δπόστρεψον,
2819 5112 3127 5185 ὁμοιώοητι
3197 5108 3280 5177 σὺ,
3343 5105 3600 5182 ἀδελφιδέ
3682 5129 3812 5181 μου,
3873 5114 3959 5180 τῷ

2296 5202 2551 5277 δόρκωνι,
2613 5204 2648 5271 ἢ
2707 5195 2882 5276 νεϐρῷ
2941 5197 3155 5276 ἐλάφων
3216 5196 3304 5252 ἐπὶ
3360 5198 3425 5251 τὰ
3478 5194 3578 5271 ὅρη
3649 5201 3759 5252 τῶν
3835 5218 3960 5252 κοι-

2295 5290 2591 5364 λωμάτων.

2367 5374 2731 5450 Ἀπόστρεψον
2793 5373 2850 5430 δὲ
2922 5374 2987 5429 τά
3059 5375 3179 5437 καθ’
3235 5376 3397 5444 ἡμῶν
3482 5372 3781 5444 μαινόμενα
3848 5376 3957 5446 dm-

2292 5466 2540 5543 ’χοφθόρα
2570 5464 2739 5532 νοητὰ
2786 5462 3071 5537 θηρία,τὰ
3121 5459 3277 5531 δίκην
3337 5458 3510 5538 ὄφεων
3559 5460 3650 5513 τὸν
3702 5460 3786 5513 ἰὸν
3839 5464 3957 5516 τῶν

2290 5558 2470 5610 παθῶν
2528 5553 2579 5609 ἐν
2634 5555 2770 5625 ἡμῖν
2829 5552 3117 5626 ἐκχέοντα·
3171 5550 3450 5613 κάντεῦθεν
3513 5547 3824 5620 ὁμοιώθητι
3883 5548 3953 5604 σὺ
