4102 6342
221 386 337 446 597

1266 385 1678 447 COMMENT.
1724 385 1802 446 IN
1847 383 2252 448 CANTICUM
2294 386 2595 447 CANTlC.

3524 390 3647 453 598

220 515 464 588 πάντως,
514 516 549 584 ἡ
579 517 677 570 τοῦ
706 516 841 570 Θεοῦ
864 512 955 569 καὶ
986 514 1198 589 Πατρὸς
1229 513 1587 577 ἰνυπόστατος
1623 513 1872 588 δύναμις,

1994 513 2197 571 dilecte
2228 515 2331 584 mi,
2364 517 2465 587 qui
2495 517 2597 572 Dei
2629 520 2686 573 et
2707 516 2900 574 Patris
2933 517 3112 574 unius
3145 520 3324 591 atque
3374 519 3640 592 ejusdem

213 605 468 681 ἀγαπητὲ
501 625 628 676 μου,
671 608 792 665 τοῖς
817 601 1178 681 φυγαδεύουσι
1213 605 1373 673 ζώοις
1404 606 1472 659 τὰ
1521 599 1720 659 ἱοῦόλα
1779 613 1876 672 θη-

216 695 324 771 ρία,
382 693 436 749 iv
485 697 565 766 τῷ
617 691 936 749 ἀπελαύνειν
978 691 1168 769 πόρῥω
1217 696 1378 763 ἡμῶν
1421 695 1487 749 τὰ
1533 692 1878 768 πονηρότατα

209 783 532 856 πνεύματα·
603 782 745 837 οὕτω
803 779 860 836 δὲ
904 782 1124 846 τούτοις
1179 784 1512 857 ὑμοιώθητι,
1571 782 1875 858 ἐρχόμενος

209 871 297 927 ἐπὶ
350 873 450 934 τὰς
513 869 893 935 διδασκάλους.
950 873 1047 934 τὰς
1079 869 1240 942 δίκην
1283 874 1426 947 ὁρῶν
1487 871 1875 947 ὑπερκειμένας

205 967 314 1018 τῶν
371 961 763 1025 κοιλανθεισῶν
819 966 939 1025 τοῖς
992 966 1098 1016 τῶν
1161 963 1347 1017 παθῶν
1410 961 1638 1038 ῥεύμασι
1701 962 1876 1034 μαθη-

209 1055 404 1126 τριῶν,
467 1049 608 1106 ὥστε
664 1048 992 1128 φυγαδεῦσαι
1047 1049 1138 1106 διὰ
1197 1050 1374 1124 μέσων
1433 1049 1649 1107 ἐκείνων
1680 1051 1748 1104 τὰ
1774 1050 1872 1117 τήν

213 1143 434 1198 τούτων
503 1140 885 1216 κατωρύξαντα
961 1143 1194 1218 φυσικὴν
1265 1142 1619 1216 ὁμαλότητα,
1675 1142 1761 1196 καὶ
1821 1139 1873 1195 iv

208 1230 440 1291 ταύταις
493 1227 922 1307 ἐμφωλεύσαντα
966 1225 1296 1307 ψυχοφθόρα
1344 1229 1533 1305 θηρία’
1593 1229 1873 1284 κάντεῦθεν

211 1318 663 1388 ἀποκαταστῆσαι
722 1317 886 1374 πάλιν
946 1319 1133 1381 αὑταῖς
1187 1320 1286 1387 τήν
1348 1319 1643 1393 εῗρημὲνην
1671 1315 1876 1390 ὁμαλό-

211 1426 376 1477 τητα·
413 1409 558 1486 φημὶ
600 1403 658 1462 δὲ
711 1408 811 1476 τήν
871 1411 982 1464 τῶν
1039 1411 1292 1484 ψυχικῶν
1362 1406 1642 1481 δυνάμεων
1697 1407 1875 1461 ἱσονο-

218 1495 343 1570 μίαν
355 1541 369 1554 .

792 1609 913 1659 Τῶν
945 1612 990 1680 γ’
1029 1603 1282 1681 Πατέρων
1294 1648 1306 1661 .

279 1699 463 1750 Ταῦτα
509 1695 694 1750 τοίνυν
737 1696 772 1764 ἡ
827 1691 1156 1758 διδάσκαλος
1202 1695 1295 1750 τὸν
1341 1693 1572 1772 νυμφίον
1612 1693 1736 1768 περὶ
1764 1697 1873 1747 τῶν

216 1783 681 1859 μαθητευομίνων
756 1782 1121 1855 αἰτησαμένη,
1201 1783 1338 1860 πρὸς
1405 1783 1601 1846 ταύτας
1677 1781 1872 1836 λοιπὸν

1987 604 2255 660 essentias
2305 605 2489 662 virtus
2533 622 2618 675 es,
2668 611 2726 662 te
2775 607 3184 663 animantibus
3215 607 3334 664 illis
3385 608 3643 667 similem

1987 693 2352 766 exbibe,quaa
2383 711 2707 752 venenosas
2737 696 2891 751 feras
2914 696 3306 765 insectantur,
3342 701 3406 753 ut
3435 700 3641 771 procul

1987 799 2021 836 a
2068 783 2235 838 nobis
2313 783 2786 855 improbissimas
2869 785 3116 856 spiritus
3200 790 3454 842 avertas.
3534 788 3636 856 Te,

1986 871 2251 943 inquam,
2284 871 2402 927 illis
2433 872 2688 928 similem
2723 874 3197 944 praestayeniens
3230 874 3290 930 in
3323 875 3643 949 magistras

1986 960 2236 1028 animas,
2297 977 2428 1032 quis
2481 962 2636 1016 inter
2723 961 3047 1034 discipulas
3130 965 3642 1035 perturbationum

1985 1050 2265 1106 ﬂuctibus
2291 1052 2624 1123 depressas,
2660 1051 2952 1106 montium
2984 1051 3174 1106 instar
3203 1052 3496 1110 excellunt
3528 1070 3541 1110 :
3577 1060 3644 1110 ut

1985 1139 2250 1212 ipsarum
2317 1157 2495 1212 opera
2543 1139 2833 1211 propellas
2887 1144 2944 1196 et
3010 1142 3179 1212 fugas
3226 1142 3449 1199 bestias
3506 1143 3643 1201 illas

1986 1229 2319 1300 pestiferas,
2377 1246 2508 1300 quae
2565 1229 2896 1285 naturalem
2973 1231 3218 1286 rudium
3303 1233 3641 1289 animarum

1985 1317 2439 1390 aequabilitatem
2490 1323 2791 1385 excavant,
2849 1319 2909 1373 in
2966 1319 3172 1390 eisque
3221 1321 3334 1376 sibi
3384 1321 3644 1379 latebras

1985 1408 2376 1464 constituunt.
2423 1410 2617 1479 Atque
2664 1408 2749 1465 ita
2813 1407 3131 1480 pristinam
3181 1409 3299 1467 illis
3354 1409 3643 1467 virtutum

1985 1496 2442 1569 aaquabilitatem
2476 1498 2672 1554 redde.

2580 1605 2766 1661 Trium
2794 1604 3050 1660 Patrum.

2055 1692 2186 1748 Haec
2232 1691 2417 1765 igitur
2448 1693 2729 1765 magistra
2779 1709 2914 1749 cum
2945 1693 3017 1748 de
3066 1692 3374 1766 discipulis
3425 1711 3643 1766 sponso

1985 1781 2384 1849 disseruisset,
2418 1783 2489 1838 ad
2521 1799 2622 1838 eas
2673 1799 2805 1838 mox
2845 1799 3183 1840 sermonem
3228 1785 3556 1853 convertit;
3590 1788 3648 1840 et

209 1873 396 1949 τρέπει
429 1872 525 1928 τὸν
559 1871 745 1948 λόγον,
798 1872 889 1927 καὶ
938 1873 1004 1926 τὰ
1047 1871 1225 1927 οἷ’κεῖα
1267 1872 1605 1947 ἐξηγουμένη
1666 1871 1873 1938 αὑταῖς,

1994 1888 2112 1944 qua
2157 1872 2227 1927 ad
2272 1889 2335 1928 se
2382 1871 2572 1942 ipsam
2621 1872 2956 1942 pertinent,
3009 1873 3288 1944 exponit;
3344 1877 3521 1945 atque
3565 1875 3647 1929 ita

203 1967 291 2017 καὶ
359 1959 453 2017 διὰ
499 1961 710 2018 τούτων
759 1960 960 2024 ταύτας
993 1960 1194 2037 ἰνάγειν
1251 1959 1629 2036 ἐπιχειροῦσα,
1688 1959 1874 2038 φησίν·

220 2051 342 2107 Ἐπὶ
401 2050 594 2121 κοίτην
652 2071 758 2124 μου
819 2049 870 2106 iv
929 2050 1074 2121 νυξὶν
1129 2049 1370 2120 ἐζήτησα
1419 2050 1478 2105 ὅν
1537 2049 1880 2124 ἠγάπησενὴ

218 2142 375 2216 ψυχή
438 2158 565 2213 μου·
626 2136 796 2215 ἤγουν
857 2139 908 2194 ἐν
970 2139 1125 2214 σαρκί
1185 2160 1312 2212 μου,
1345 2139 1427 2217 ἐφ’
1477 2137 1763 2213 ᾕέδόκουν
1796 2135 1884 2193 διὰ

250 2231 279 2285 ὸ
439 2235 450 2254 ν
551 2227 566 2250 ν
621 2229 636 2248 \
782 2225 824 2264 ~.\
909 2227 923 2247 9
1090 2227 1103 2246 Ι
1526 2234 1577 2262 τ’
1706 2228 1719 2245 \
1821 2233 1849 2246 υ

218 2251 248 2286 τ
327 2251 433 2285 κατ
507 2249 676 2298 αυτην
735 2230 840 2298 ἡο)
899 2239 1283 2298 αναπαυεσοαι,
1345 2227 1399 2282 iv
1457 2249 1575 2289 ται..
1609 2229 1722 2299 νυξι
1781 2248 1882 2296 της

222 2319 451 2395 ἀγνοίας
481 2317 719 2390 ἱζήτησα
746 2314 809 2371 τὸ
850 2315 1053 2394 κυρίως
1103 2316 1295 2387 καλὸν,
1323 2315 1456 2392 ὅπερ
1515 2316 1624 2372 ἐστὶ
1677 2317 1704 2371 ὁ
1757 2315 1879 2389 ἐμοὶ

227 2408 588 2486 ήγαπημένος
643 2405 880 2480 νυμφίος
915 2450 930 2477 ,
983 2407 1162 2479 εὑρεῖν
1199 2449 1212 2473 ,
1270 2405 1407 2462 κατὰ
1461 2407 1522 2461 τὸ
1575 2406 1882 2481 εἰρημένην,

223 2498 304 2554 ὅτι
361 2497 458 2570 νὺξ
517 2497 585 2566 ἦν
645 2497 769 2566 περὶ
825 2495 924 2569 ip}
976 2496 1076 2564 τήν
1120 2493 1386 2566 δείλαιον,
1442 2496 1532 2551 καὶ
1567 2495 1665 2550 οὐκ
1695 2492 1882 2570 ἔγνων·

220 2585 509 2666 φωτισμὸν
590 2583 695 2660 γὰρ
787 2587 923 2640 εἶναι
1006 2585 1105 2653 τὴν
1188 2583 1397 2662 τρυφὴν
1477 2579 1882 2656 ὑπελάμϐανον.

221 2677 500 2746 Ἐζήτησα
587 2673 746 2729 αὑτὸν
833 2673 924 2728 καὶ
1009 2672 1116 2749 οὑχ
1197 2674 1350 2749 εὗρον
1420 2673 1602 2741 αὑτὸν,
1660 2671 1887 2727 ἐκάλεσα

221 2765 407 2833 αὑτὸν,
465 2762 556 2818 καὶ
614 2763 722 2839 οὐχ
779 2762 1056 2834 ὑπήκουσέ
1119 2782 1267 2834 μου·
1326 2760 1543 2832 δηλαδή
1606 2763 1884 2832 ζητήσασα

223 2853 384 2909 αὑτὸν
446 2851 500 2908 iv
550 2857 666 2914 τοῖς
695 2854 832 2907 κατά
863 2853 1034 2926 σάρκα
1064 2849 1270 2920 ἡδέσιν,
1307 2850 1414 2926 οὐχ
1447 2852 1625 2926 εὗρον.
1660 2847 1883 2920 Ἐπειδή

219 2943 290 3014 τῇ
318 2944 556 3014 σαρκικῇ
604 2937 782 3011 ἡδονῇ
810 2944 1051 3017 φυσικῶς
1083 2940 1111 2994 ὁ
1165 2939 1330 3000 πόνος
1385 2939 1736 3009 ςυνὲξεῦκταιο
1801 2939 1885 2995 ὅτι

225 3034 455 3107 φθορᾶς,
506 3031 628 3097 ἧτις
687 3026 852 3099 ὀδύνη
915 3027 1082 3095 ἐστὶν,
1139 3030 1174 3097 ἡ
1233 3029 1349 3082 κατ’
1408 3024 1655 3099 αἴσθησιν
1715 3025 1888 3098 ἡδονή

223 3119 432 3196 γένεσις
469 3160 482 3172 .
562 3117 856 3175 Κᾶντεῦοεν
916 3117 1008 3171 ἀπ’
1065 3118 1236 3187 αὐτῆς
1295 3113 1470 3191 ἔγνων
1522 3124 1624 3187 τῆς
1675 3118 1889 3193 πείρας,

226 3208 312 3264 δτι
389 3213 495 3276 τῆς
563 3207 699 3261 κατὰ
771 3205 940 3280 σάρκα
995 3203 1203 3276 ἡδονῆς
1262 3207 1290 3261 ὁ
1349 3206 1472 3278 ἐμοὶ
1525 3206 1887 3281 ἀγαπώμενος

229 3293 442 3351 ἄπεστι·
492 3292 678 3368 διόπερ
730 3294 782 3349 iv
828 3292 998 3368 ταύτῃ
1042 3293 1343 3365 καλεσάσης
1377 3315 1481 3369 μου
1510 3300 1698 3349 τοῦτον
1749 3295 1885 3370 πρὸς

225 3383 526 3440 ἀπόλαυσιν
559 3382 790 3451 ἄλυπον,
853 3382 962 3457 ούχ
1014 3383 1343 3453 ὑπήκουσεν.
1399 3385 1557 3446 Ὅθεν
1591 3381 1883 3458 διαπορου-

232 3474 365 3546 μὲνη
421 3469 550 3528 τάδε
597 3471 747 3526 εἶπον
797 3472 934 3548 πρὸς
1013 3470 1254 3543 ἰμαυτήν
1292 3493 1302 3503 ·
1355 3473 1755 3544 Ἀναο-τήσομαι
1817 3469 1882 3541 δὴ

223 3563 312 3618 καὶ
389 3561 662 3617 κυκλώσω
738 3559 790 3615 iv
863 3564 933 3634 τῇ
990 3558 1174 3629 πόλει,
1246 3559 1297 3615 iv
1345 3566 1465 3622 ταῖς
1525 3561 1749 3636 ἀγοραῖς
1796 3557 1885 3614 καί

229 3651 280 3708 iv
356 3657 478 3712 ταῖς
549 3647 868 3712 πλατείαις’
929 3649 1018 3704 καὶ
1094 3651 1316 3720 ζητήσω
1377 3647 1434 3704 ὅν
1501 3651 1786 3724 ἠγάπησεν
1848 3651 1882 3717 ἡ

227 3743 380 3817 ψυχή
447 3760 573 3813 μου.
625 3740 806 3810 ’Ήτοι,
877 3736 1243 3813 ὶγερθήσομαι
1301 3739 1406 3793 ἀπὸ
1462 3745 1566 3808 τῆς
1619 3745 1881 3811 σαρκικῆς

228 3832 496 3906 σχέσεως,
580 3828 670 3883 καὶ
756 3829 1021 3900 θεωρήσω
1104 3825 1500 3902 εἰσαγωγικῶς,
1583 3828 1669 3880 καὶ
1744 3826 1885 3880 οὕτω

225 3919 437 3996 πράξω.
481 3916 770 3980 Κάντεῦθεν
833 3913 922 3970 διὰ
978 3914 1168 3991 πείρας
1225 3913 1555 3990 τελεώτερον
1599 3916 1881 3990 θεωρήσω·

225 4009 317 4064 καὶ
377 4007 452 4068 ὡς
499 4006 606 4061 ἀπὸ
666 4003 895 4079 θεωρίας
945 4004 1253 4081 ἀρχομένη,
1307 4005 1396 4059 καὶ
1454 4003 1531 4068 εἷς
1559 4004 1726 4074 αὐτὴν
1758 4024 1885 4058 κατ-

227 4100 443 4151 αντῶσα
466 4092 736 4150 κυκλώσω
768 4091 821 4148 ἐν
857 4093 1066 4166 ἐμαυτῇ
1125 4094 1262 4147 κατᾶ
1309 4093 1501 4168 πρᾶξιν
1551 4094 1645 4166 μὲν
1704 4091 1884 4168 ὥσπερ

226 4185 278 4241 iv
331 4185 555 4260 ἀγοραῖς
581 4203 730 4244 τινος
758 4181 1000 4254 πόλεως,
1046 4181 1246 4244 πόνους
1301 4184 1390 4237 οἷα
1421 4179 1882 4256 δεδοκιμασμένον

224 4272 488 4350 ἀργύριον
573 4265 993 4343 μεταϐάλλουσα
1025 4315 1041 4340 ,
1094 4269 1184 4325 καὶ
1254 4271 1594 4343 κομιζομένη
1668 4269 1883 4343 ἀρετάς⁹

224 4361 364 4417 κατά
419 4360 645 4436 θεωρίαν
705 4357 782 4429 δὲ,
848 4360 923 4421 ὡς
1005 4357 1057 4413 iv
1129 4358 1414 4421 πλατείαις
1491 4357 1880 4434 διεξερχομένη

223 4457 350 4513 ταῖς
403 4453 656 4526 φυσικαῖς
711 4447 963 4523 θεωρίαις
1018 4448 1126 4503 τῶν
1186 4444 1379 4503 ὄντων’
1411 4449 1500 4502 καὶ
1546 4448 1647 4516 τὴν
1677 4449 1884 4502 τούτων

225 4539 492 4615 διάφορον
541 4542 744 4612 γνῶσιν
794 4535 1156 4611 συλλέγουσαο
1208 4539 1294 4592 καὶ
1349 4537 1491 4592 οὕτω
1525 4538 1745 4606 ζητήσω
1791 4536 1882 4591 τὸν

223 4627 569 4701 ποθούμενόν
631 4647 724 4700 μοι
775 4627 950 4702 εὑρεῖν
985 4668 1001 4684 .

225 4717 390 4794 εὗρον
465 4714 650 4786 αὑτὸν,
719 4712 946 4769 ἐκάλεσα
1022 4713 1202 4782 αὑτὸν,
1278 4714 1369 4769 καὶ
1445 4714 1552 4788 οὑχ
1609 4711 1882 4784 ὑπήκουσᾶ

229 4828 368 4882 μου.
401 4801 672 4874 Δηλονότε
692 4801 830 4858 κατά
857 4803 1044 4878 πρᾶξιν
1062 4804 1154 4858 καὶ
1175 4804 1404 4879 θεωρίαν
1434 4801 1672 4873 ἐζήτησα
1697 4803 1881 4873 αὑτὸν,

229 4893 580 4972 μιμουμένη.

219 4983 494 5044 ἐκάλεσα
520 4984 684 5041 αὑτὸν
715 4981 806 5039 καὶ
837 4981 946 5058 οὑχ
978 4979 1252 5053 ὑπήκουσῦ
1283 5001 1410 5055 μου.

941 5085 1190 5145 Ψελλοῦ.

1061 4627 1340 4697 Ἐζήτησα
1391 4626 1569 4693 αὑτὸν,
1626 4625 1718 4680 καὶ
1775 4625 1884 4700 οὐχ
1914 4623 1962 4685 Ι)
1991 4628 2173 4695 illum,
2203 4635 2259 4682 et
2287 4641 2402 4680 non
2432 4625 2623 4680 inveni
2670 4641 2688 4677 :

1991 1962 2188 2017 studet
2216 1976 2316 2016 eas
2343 1960 2675 2017 instituere.
2715 1963 2780 2016 lu
2840 1962 3058 2027 lectulo,
3107 1961 3321 2032 inquit,
3377 1979 3498 2018 meo
3547 1979 3646 2033 per

1989 2058 2174 2106 nocte:
2204 2052 2439 2121 quaesivi
2465 2067 2625 2123 quem
2679 2051 2868 2118 diligit
2920 2051 3112 2106 anima
3156 2066 3308 2106 mea.
3355 2051 3418 2106 In
3467 2067 3644 2106 carne

1990 2138 2260 2196 videlicet
2317 2155 2469 2209 mea,
2529 2139 2589 2194 in
2641 2156 2758 2211 qua
2839 2145 3077 2212 propter
3124 2139 3488 2211 voluptatem
3539 2156 3644 2212 per

1993 2232 2194 2284 noctes
2221 2226 2569 2299 ignorantiae
2616 2227 2861 2282 videbar
2907 2227 3342 2299 conquiescere,
3374 2227 3642 2299 quaesivi,

1991 2316 2143 2385 quod
2166 2331 2298 2371 vere
2319 2315 2538 2371 bonum
2557 2319 2646 2370 est
2674 2315 2746 2384 (is
2764 2319 2962 2372 autem
2986 2315 3238 2372 dilectus
3260 2319 3352 2370 est
3384 2332 3643 2388 sponsus

1995 2404 2185 2474 meus)
2214 2402 2493 2460 invenire.
2540 2404 2652 2459 Sed
2701 2403 2829 2475 ipsa
2879 2408 3119 2476 propter
3170 2420 3414 2462 causam
3463 2421 3644 2476 quam

1993 2493 2467 2562 commemoravi,
2526 2492 2664 2564 quia
2715 2493 2995 2548 nimirum
3063 2510 3174 2549 uox
3222 2510 3316 2549 me
3365 2493 3645 2550 miseram

1993 2582 2341 2654 occupabat,
2373 2597 2488 2637 non
2521 2582 2751 2652 agnovi.
2786 2581 3284 2639 Illuminationem
3330 2583 3490 2639 enim
3520 2598 3650 2640 esse

1994 2670 2238 2727 delicias
2266 2670 2614 2726 arbitrabar.
2659 2672 2897 2739 Quaesivi
2923 2671 3108 2742 illum,
3151 2675 3203 2727 et
3250 2687 3362 2728 non
3409 2673 3600 2728 inveni
3629 2690 3648 2728 :

1993 2761 2180 2818 vocavi
2207 2776 2350 2829 eum,
2409 2769 2463 2815 ει
2519 2777 2627 2815 non
2685 2759 2906 2815 audivit
2958 2776 3065 2817 me.
3123 2760 3374 2826 Ωιιωεὶνί
3423 2761 3648 2817 scilicet

1994 2851 2189 2923 ipsum
2226 2849 2284 2903 in
2317 2850 2512 2904 carnis
2539 2848 2963 2920 voluptatibus,
2996 2853 3054 2905 et
3085 2866 3200 2904 non
3249 2849 3468 2905 inveni.
3499 2850 3646 2905 Nam

1997 2938 2194 2996 carnis
2222 2938 2507 3010 voluptati
2543 2937 2891 2994 naturaliter
2937 2938 3291 3010 conjunctus
3341 2943 3432 2996 est
3459 2939 3647 2996 dolor.

1999 3027 2402 3098 Corruptionis
2428 3028 2607 3094 enim,
2640 3043 2772 3098 quae
2801 3026 3041 3099 quidem
3072 3031 3162 3084 est
3191 3026 3648 3099 dolor,voluptas

2001 3132 2127 3188 quae
2158 3131 2334 3171 sensu
2369 3115 2706 3187 percipitur,
2731 3119 2822 3171 est
2852 3131 3050 3173 causa.
3082 3119 3448 3188 Quapropter
3474 3131 3648 3186 expe-

2002 3204 2254 3260 rimento
2302 3202 2480 3258 didici
2531 3202 2813 3259 dilectum
2864 3217 3064 3259 meum
3114 3203 3319 3259 abesse
3367 3219 3401 3257 a
3450 3200 3647 3258 carnis

2001 3292 2332 3365 voluptate:
2363 3292 2421 3348 in
2465 3309 2580 3362 qua
2626 3308 2760 3348 cum
2805 3291 2970 3347 illum
3020 3307 3338 3359 vocassem,
3391 3294 3457 3346 ut
3503 3289 3650 3347 citra

2000 3381 2331 3438 molestiam
2359 3380 2698 3452 oblectarer,
2731 3397 2848 3436 non
2881 3379 3105 3436 audivit
3148 3397 3261 3436 me.
3310 3384 3515 3451 Itaque
3561 3379 3648 3436 sic

2001 3469 2409 3526 haesitabunda
2437 3469 2631 3525 locuta
2679 3485 2812 3525 sum
2846 3485 2858 3524 :
2891 3468 3145 3540 Surgam,
3196 3473 3247 3524 et
3298 3468 3540 3526 circuibo
3589 3469 3649 3524 in

1992 3561 2232 3626 civitate,
2286 3560 2346 3614 in
2393 3561 2532 3627 foris
2573 3566 2625 3615 et
2657 3559 2876 3630 plateis,
2912 3566 2962 3614 et
2991 3574 3238 3628 quaeram
3267 3573 3428 3630 quem
3458 3558 3649 3628 diligit

1992 3650 2186 3704 anima
2212 3663 2350 3704 mea.
2383 3647 2707 3718 Exsurgam
2738 3647 2808 3702 ab
2841 3647 3046 3702 habitu
3103 3646 3349 3710 carnali,
3398 3650 3455 3701 et
3501 3661 3646 3701 con-

1992 3736 2317 3810 templabor
2353 3735 2634 3808 primum,
2668 3740 2843 3807 atque
2871 3736 2955 3791 ita
2986 3734 3194 3790 faciam
3228 3749 3240 3789 :
3274 3739 3403 3788 tum
3431 3751 3534 3805 per
3553 3749 3650 3788 ex-

1993 3826 2343 3899 perientiam
2375 3825 2691 3897 perfectius
2737 3823 3202 3894 contemplabor.
3245 3823 3316 3878 Et
3362 3827 3646 3893 tauquam

1993 3931 2029 3971 a
2083 3913 2578 3986 contemplatione
2637 3912 2926 3984 incipiens
2991 3916 3167 3982 atque
3241 3910 3300 3964 in
3377 3911 3643 3966 eamdem

1993 4003 2290 4072 desinens,
2324 4002 2582 4058 circuibo
2616 4002 2674 4056 in
2708 4017 2801 4056 me
2847 4001 2978 4072 ipsa
3025 4017 3130 4072 per
3175 3998 3464 4055 actionem
3515 3997 3645 4070 qui-

1994 4094 2148 4157 dem,
2198 4091 2376 4148 veluti
2437 4091 2494 4144 in
2555 4091 2696 4146 foris
2750 4090 3003 4160 alicujus
3059 4088 3338 4154 civitatis,
3393 4087 3642 4156 labores,

1993 4183 2163 4254 quasi
2195 4185 2503 4253 argentum
2537 4180 2872 4252 probatum,
2905 4178 3279 4249 impendens,
3313 4181 3372 4233 et
3397 4176 3646 4232 virtutes

1993 4287 2376 4343 comparans:
2404 4285 2508 4342 per
2531 4267 3086 4340 contemplationem
3118 4271 3338 4336 autem,
3362 4270 3645 4338 tanquam

1992 4360 2051 4415 in
2084 4358 2292 4430 plateis
2324 4373 2672 4430 percurrens
2708 4357 2768 4412 in
2795 4355 3168 4412 naturalibus
3198 4370 3397 4411 rerum
3431 4370 3646 4426 specu-

1991 4447 2333 4515 lationibus,
2366 4451 2425 4502 et
2451 4446 2674 4503 variam
2703 4445 2940 4501 illarum
2974 4444 3284 4500 scientiam
3315 4442 3595 4515 colligens
3628 4458 3643 4497 :

1991 4542 2167 4610 atque
2195 4538 2298 4606 ita,
2326 4552 2502 4608 quem
2535 4535 2804 4591 desidero
2831 4535 3086 4590 conabor
3116 4532 3648 4601 invenire.Quaesim

2739 4624 2930 4678 vocavi
2973 4639 3119 4689 cum,
3152 4628 3224 4692 {et
3272 4637 3380 4678 non
3432 4620 3647 4678 audivit

1990 4731 2096 4771 me.
2134 4715 2262 4785 '_,Per
2314 4713 2604 4768 actionem
2653 4711 2938 4766 nimirum
2986 4714 3042 4766 et
3086 4709 3645 4782 contemplationem

1991 4802 2234 4877 (ιιιωείνί
2262 4801 2430 4858 illum
2461 4800 2768 4856 imitando.

2067 4980 2259 5038 Voeavi
2285 4996 2430 5048 cum,
2463 4985 2646 5035 etnon
2675 4975 2894 5032 audivit
2925 4991 3035 5033 me.

2714 5081 2918 5139 Pselli.

2062 5179 2187 5234 Tua
2262 5175 2512 5248 profecto
2589 5177 2824 5238 natura,
2900 5171 3151 5238 Christe,
3230 5168 3649 5242 comprehendi

1994 5267 2218 5340 nequit.
2251 5267 2370 5337 Ego
2420 5266 2479 5320 in
2527 5260 2741 5317 lectulo
2788 5261 3224 5332 progressionis
3274 5276 3438 5326 meae,
3486 5257 3654 5314 valde

1994 5357 2373 5429 profeceram,
2424 5368 2516 5408 me
2566 5349 3021 5421 conquieturam
3072 5350 3404 5422 sperabam,
3453 5351 3656 5418 utpote

1995 5447 2267 5517 quaejam
2300 5443 2370 5498 ad
2417 5438 2792 5514 perfectionis
2843 5438 3150 5509 fastigium
3202 5436 3652 5510 pervenissem:

1995 5533 2095 5590 sed
2131 5535 2512 5605 posteaquam
2545 5529 2616 5584 ad
2666 5527 3000 5583 divinorum
3058 5526 3472 5597 mysteriorum
3522 5539 3659 5581 noc-

1995 5626 2114 5679 tem
2158 5620 2398 5690 accessi,
2450 5617 2677 5674 ardenti
2727 5617 2922 5672 studio
2974 5617 3224 5674 Verbum
3277 5622 3335 5673 et
3367 5630 3652 5690 sponsum

1994 5708 2404 5784 quaerens,illic
2433 5724 2569 5765 eum
2604 5705 2766 5764 nullo
2799 5706 2969 5764 modo
3004 5707 3392 5780 conspicuum
3424 5702 3648 5764 inveni.

219 5186 318 5244 Ὠς
348 5178 534 5251 ὅντως,
567 5177 950 5250 ἃκατάληπτος
974 5179 1008 5246 ἡ
1044 5179 1135 5248 σὴ,
1166 5177 1366 5251 Χριστὲ
1401 5198 1528 5251 μου,
1559 5174 1738 5253 φύσις.

223 5271 357 5328 Ἐπὶ
413 5271 511 5340 τὴν
557 5269 750 5338 κοίτην
809 5287 952 5340 μου,
1012 5267 1185 5342 φησὶ,
1248 5268 1349 5336 τήν
1409 5264 1538 5341 ἄγαν
1595 5265 1880 5340 προκοπήν

1729 5358 1881 5427 lim”:

221 5455 318 5506 ’Ev
349 5446 385 5521 ᾖ
411 5447 500 5502 καὶ
534 5447 778 5524 φθάσασα
811 5443 1004 5499 λοιπὸν
1036 5439 1248 5513 ἤλπισα
1277 5448 1635 5512 καταπαῦσαι,

224 5541 321 5600 Ὠς
354 5535 462 5607 ἤδη
493 5537 557 5591 τὸ
583 5529 879 5608 ἀκρότατον
911 5532 1125 5586 πάντων
1158 5527 1557 5586 καταλαϐοῦσα

225 5631 400 5688 Ὅταν
422 5627 559 5701 πρὸς
594 5622 760 5679 νύκτα
783 5619 1028 5698 πάφθακα
1059 5625 1167 5675 τῶν
1202 5622 1358 5675 θειῶν
1399 5621 1742 5696 μυστηρίων,

225 5720 460 5795 θερμῶς
495 5715 837 5785 ἀναζητοῦσα
865 5711 955 5766 τὸν
989 5707 1164 5784 Λόγον
1197 5709 1287 5766 καὶ
1307 5709 1566 5789 νυμφίον,
