4072 6346
479 390 597 453 599

1810 369 2236 432 MICHAELIS
2282 371 2551 432 PSELLI

3769 371 3893 432 600

482 524 751 593 Cumque
800 532 1003 573 rursus
1052 513 1221 568 illum
1280 524 1602 573 vocassem,
1654 522 1770 562 non
1822 502 2125 575 respondit

2260 501 2364 577 ὶόχ
2394 502 2547 576 εὗρον
2576 508 2767 559 τοῦτον
2801 502 3055 579 οὐδαμῶς
3090 505 3261 563 ἐκεῖσε
3288 505 3584 584 πεφηνότα.

484 611 653 667 mihi.
686 612 869 675 Quam
902 621 1034 660 vere
1063 618 1283 674 sponsa
1313 596 1772 654 sollicitudinem
1818 596 2130 663 exaggerat

486 698 686 758 suam!
739 695 911 753 Nulla
965 692 1123 748 enim
1184 689 1401 755 anima,
1458 686 1595 740 licet
1654 684 1726 739 ad
1785 681 2127 753 angelorum

487 787 901 863 perfectionem
934 781 1192 845 accedat,
1221 783 1279 833 et
1310 778 1379 832 ad
1434 791 1627 831 rerum
1680 773 1915 844 penitus
1966 784 2126 823 arca-

485 862 695 934 narum
746 873 1142 945 cognitionem
1194 866 1513 940 perveniat,
1546 880 1609 919 se
1639 862 1897 916 divinam
1928 873 2128 914 essen-

482 967 625 1023 tiam
656 966 1053 1034 inspecturam
1085 962 1297 1030 speret.
1332 954 1573 1019 Quando
1617 951 1798 1023 igitur
1844 962 2127 1020 sponsum

485 1072 660 1127 quem
694 1050 1185 1125 quaasiveratmon
1217 1044 1459 1109 invenit,
1485 1037 1967 1109 audiamus,quid
2001 1036 2129 1107 ipsa

480 1144 639 1201 velit.
671 1143 759 1197 Sic
789 1141 947 1197 enim
981 1140 1063 1195 ait
1091 1155 1105 1193 :

555 1235 791 1304 Surgam
824 1234 974 1304 jam,
1020 1237 1075 1283 et
1120 1226 1365 1283 circuibo
1408 1224 1468 1277 in
1514 1224 1755 1288 civitate,
1808 1221 1868 1274 in
1913 1219 2051 1289 foris
2081 1223 2131 1272 et

482 1328 543 1381 in
567 1323 769 1395 plateis
796 1338 810 1375 :
844 1323 897 1375 et
925 1333 1173 1391 quaeram
1197 1331 1357 1385 quem
1385 1313 1573 1380 diligit
1604 1312 1793 1366 anima
1823 1308 2130 1375 mea.Quae-

483 1414 591 1469 sivi
619 1412 801 1477 illum,
833 1413 1023 1465 etnon
1052 1406 1257 1471 iuveni,
1296 1402 1494 1458 Vocavi
1519 1416 1664 1468 eum,
1715 1403 1767 1454 et
1812 1413 1922 1453 non
1969 1395 2128 1452 audi-

486 1504 563 1559 vit
586 1517 692 1557 me.

558 1680 902 1750 Exsurgam,
935 1673 1148 1745 inquit,
1180 1677 1235 1727 et
1262 1669 1594 1743 perquiram
1625 1666 2128 1736 illum.Naturam,

490 1786 617 1840 quis
651 1767 871 1822 mundo
918 1762 1269 1827 continetur,
1322 1760 1654 1815 universam
1702 1754 2126 1828 pervestigabo.

2241 591 2338 646 Καὶ
2369 592 2535 647 πάλιν
2566 598 2755 647 τοῦτον
2786 594 3049 665 κέκληκα,
3079 594 3225 664 πλὴν
3270 597 3380 671 οὐχ
3431 591 3710 663 ὑπήκουσέ
3764 613 3892 664 μου.

2237 680 2326 741 Ὠς
2361 681 2579 751 ἀληθῶς
2609 682 2941 759 έκτραγῳδεῖ
2970 684 3098 749 τοὺς
3130 686 3327 761 λόγους
3357 689 3391 754 ἡ
3424 682 3715 759 παρθένος.

2240 771 2407 845 Ψυχή
2442 772 2545 847 γάρ
2576 777 2717 827 πᾶσα
2747 775 2974 851 καθαρὰ,
3007 775 3102 829 κᾶν
3132 776 3268 851 πρὸς
3304 773 3566 850 ἀγγέλους
3599 774 3798 849 φθάσῃ,

2240 858 2338 913 Καὶ
2369 864 2477 913 τῶν
2506 859 2711 916 ἀδύτων
2742 860 2933 918 ἔσωθεν
2963 863 3178 939 εἰσέλθῃ
3208 869 3315 918 τῶν
3351 862 3623 940 ἀρῥήτῶν,

2240 950 2331 1018 Μὴ
2361 952 2631 1023 νομιζέτω
2656 950 2893 1008 κατιδεῖν
2926 956 3023 1022 τήν
3052 956 3235 1023 θεικὴν
3265 953 3474 1011 οὐσίαν.

2241 1038 2389 1093 Ἐπεὶ
2419 1045 2546 1115 γοῦν
2577 1043 2650 1103 ὡς
2682 1041 2940 1112 ἐζήτησεν
2973 1043 3080 1119 ούχ
3110 1045 3229 1120 εὗρε
3268 1044 3359 1098 τὸν
3383 1041 3635 1119 νυμφίον,

2240 1127 2589 1203 ’Λκούσωμεν
2618 1131 2668 1184 τί
2704 1132 2980 1207 βούλεται.
3016 1134 3157 1203 Φησὶ
3191 1134 3294 1208 γάρ
3335 1131 3476 1187 οὕτω
3506 1129 3673 1185 πάλιν
3694 1150 3707 1161 ·

2313 1222 2712 1295 Ἀναστήσομαι
2800 1221 2889 1295 δή,
2968 1225 3059 1278 καὶ
3145 1223 3413 1279 κυκλώσω
3468 1222 3518 1277 ἐν
3577 1226 3645 1295 τῇ
3705 1218 3896 1291 πόλει,

2239 1308 2290 1362 έν
2344 1310 2587 1384 ἀγοραῖς,
2644 1312 2732 1365 καὶ
2814 1311 2865 1365 έν
2941 1319 3060 1376 ταῖς
3136 1313 3439 1379 πλατείαις,
3500 1311 3587 1365 καὶ
3670 1312 3897 1379 ζητήσω

2240 1398 2298 1453 ὂν
2352 1398 2628 1473 ἠγάπησεν
2710 1404 2743 1469 ἡ
2822 1404 2973 1477 ψυχή
3040 1424 3143 1474 μου
3178 1421 3190 1433 ·
3243 1401 3481 1471 ἐζήτησα
3555 1398 3755 1470 αὐτὸν,
3806 1398 3898 1452 καὶ

2241 1486 2348 1562 οὐχ
2428 1488 2622 1561 εὗρον,
2684 1489 2912 1545 ἐκάλεσα
2995 1491 3191 1560 αὐτὸν,
3254 1492 3343 1545 καὶ
3427 1490 3535 1565 οὐχ
3618 1487 3899 1557 ὑπήκουσέ

2245 1599 2369 1650 μου.

2312 1667 2795 1740 Ἑξαναστήσομαι,
2830 1669 2981 1747 φησὶ,
3015 1670 3104 1725 καὶ
3137 1668 3450 1748 ψηλαφήσω
3492 1673 3709 1740 τοῦτον,

2242 1755 2344 1811 Καὶ
2376 1761 2548 1810 πᾶσαν
2580 1758 2942 1832 ὑπερκόσμιον
2976 1761 3370 1834 περικυκλώσω
3402 1759 3581 1837 φύσιν,

3246 1853 3273 1864 η

491 1858 653 1913 Hanc
702 1856 858 1912 enim
892 1854 1189 1909 civitatem
1222 1848 1478 1922 appellat
1508 1848 1613 1903 hoc
1646 1846 1768 1901 loco
1802 1862 1815 1900 :
1850 1844 2130 1917 quemad-

2263 1847 2335 1903 Hv
2369 1843 2533 1900 πόλιν
2568 1846 2915 1921 ἐπωνόμασεν
2956 1850 2984 1904 ὁ
3016 1848 3178 1925 λόγος
3208 1853 3313 1903 τῶν
3346 1846 3662 1921 ’ᾼσμᾶτων,

498 1948 735 2003 modum
770 1950 827 1999 et
858 1960 960 2014 per
996 1942 1217 2014 plateas
1249 1938 1524 2009 intelligit
1554 1941 1739 1992 cretus
1769 1934 2132 2006 angelorum.

486 2037 569 2091 Ad
604 2036 765 2090 illius
798 2030 1216 2104 igitur,inquit,
1242 2026 1751 2098 investigationem
1781 2040 1874 2079 me
1894 2022 2133 2079 contuli.

488 2128 673 2196 Atque
696 2123 806 2178 hoc
836 2120 1131 2194 proposito
1164 2122 1219 2172 et
1249 2116 1493 2172 consilio
1526 2119 1766 2170 naturas
1793 2113 2133 2185 angelorum

488 2230 692 2270 omnes
726 2227 936 2282 magno
967 2210 1165 2264 labore
1194 2206 1507 2278 exploravi,
1542 2221 1806 2276 sperans,
1842 2220 1933 2259 me
1962 2202 2134 2257 illum

488 2304 548 2358 in
581 2302 805 2374 angelis
836 2302 1255 2356 assecuturam.
1291 2296 1506 2351 Verum
1557 2311 1691 2349 cum
1740 2294 1937 2365 ipsum
1985 2292 2138 2346 inter

490 2390 726 2461 angelos
751 2391 1159 2459 perscrutater,
1191 2390 1254 2439 ut
1284 2385 1421 2456 quia
1451 2384 1763 2455 qualisque
1792 2380 2137 2449 esset,unde

489 2477 845 2551 principium
902 2476 1161 2541 haberet,
1221 2478 1279 2529 et
1328 2490 1443 2545 quo
1495 2473 1607 2528 ﬁne
1670 2470 2134 2542 concluderetur,

490 2566 907 2639 intelligerem,
939 2565 1215 2621 custodes
1246 2580 1510 2635 supernae
1555 2561 1806 2617 civitatis
1854 2561 1989 2616 Sion
2046 2576 2137 2615 me

491 2660 907 2728 pervagantem
937 2659 1113 2727 atque
1145 2652 1535 2725 inquirentem
1568 2654 2017 2722 conspexerunt.
2042 2649 2136 2705 Sic

492 2745 650 2802 enim
682 2744 1079 2801 narrationem
1112 2742 1485 2816 persequitur
1513 2756 1682 2795 suam
1717 2756 1729 2794 :

566 2928 900 2981 Invenerunt
930 2938 1015 2978 me
1042 2920 1307 2991 custodes,
1340 2921 1435 2991 qui
1464 2920 1663 2975 obeunt
1691 2919 1986 2975 civitatem.

498 3107 670 3173 Tum,
699 3102 914 3174 inquit,
946 3105 1283 3173 percontata
1311 3117 1439 3154 sum
1474 3098 1604 3154 illos
1639 3115 1651 3153 :

559 3194 725 3263 Num,
757 3208 917 3264 quem
945 3190 1130 3261 diligit
1154 3192 1343 3245 anima
1368 3205 1513 3254 mea,
1545 3188 1797 3243 vidistis?

559 3282 879 3352 Sperabam
925 3281 1080 3335 enim
1134 3280 1388 3350 profecto
1438 3278 1695 3333 Verbum
1748 3283 1804 3331 et
1851 3292 2132 3347 sponsum

487 3384 687 3424 meum
721 3370 780 3424 in
812 3368 1036 3441 angelis
1068 3368 1275 3423 saltem
1324 3367 1568 3436 intelligi
1618 3371 1675 3421 et
1722 3365 2137 3437 comprehendi

486 3472 679 3528 posse.
712 3457 952 3524 Verum,
986 3474 1117 3512 cum
1163 3460 1221 3511 et
1267 3456 1374 3512 hos
1417 3456 1939 3511 animadverterem
1989 3454 2134 3509 nihil

485 3546 653 3617 scire,
689 3548 761 3602 ab
794 3548 878 3602 eis
913 3547 1212 3612 haesitans,
1244 3546 1459 3616 inquit,
1492 3545 1726 3601 recessi.
1782 3546 1862 3599 Ab
1913 3544 2137 3616 angelis

484 3642 677 3691 autem
712 3636 868 3690 haud
900 3636 982 3690 ita
1034 3635 1232 3705 procul
1283 3650 1708 3702 concesseram,
1760 3650 1892 3688 cum
1944 3634 2135 3689 inveni

485 3742 660 3796 quem
693 3724 893 3796 diligit
923 3724 1122 3779 anima
1151 3740 1297 3779 mea.
1333 3728 1407 3778 Ut
1438 3722 1769 3794 paululum,
1800 3722 2011 3793 inquit,
2063 3723 2136 3777 ab

486 3814 713 3885 angelis
745 3813 1081 3885 pertransii,
1113 3830 1216 3883 per
1247 3814 1419 3868 fidem
1453 3812 1808 3883 intelligens,
1834 3813 2135 3867 Christum

488 3903 950 3973 omnipotentem
984 3908 1041 3957 et
1087 3901 1344 3957 Verbum
1388 3904 1565 3956 Deum
1616 3908 1791 3971 atque
1827 3900 2137 3955 hominem

490 3990 648 4046 nulla
678 3992 903 4046 ratione
929 3990 1346 4061 comprehendi
1380 4007 1576 4060 posse,
1612 3991 1801 4044 inveni
1834 3990 2029 4061 ipsum
2076 3990 2135 4044 in

488 4079 561 4134 iis
610 4096 738 4150 quea
787 4080 1009 4151 ingenii
1065 4079 1425 4149 rationisque
1455 4080 1570 4132 vim
1604 4084 1778 4150 atque
1810 4079 2137 4151 intelligen-

490 4168 631 4223 tiam
660 4182 894 4222 omnem
926 4168 1436 4237 superant.Divina
1465 4169 1621 4223 enim
1652 4168 1823 4223 Verbi
1848 4186 1914 4225 ac
1935 4169 2138 4240 sponsi

488 4262 698 4312 natura
744 4272 811 4311 eo
860 4261 1112 4325 tantum,
1167 4273 1281 4326 quo
1334 4273 1449 4311 non
1500 4273 1673 4327 posse
1724 4260 2136 4329 comprehendi

487 4345 879 4416 cognoscitur,
912 4345 977 4398 ﬁt
1004 4344 1575 4415 comprehensibilis.
1604 4400 1605 4403 η

562 4435 744 4488 Tenui
772 4448 917 4502 eum,
946 4449 1046 4488 nec
1074 4433 1287 4488 dimisi.
1323 4434 1493 4489 donec
1524 4435 1928 4491 introduxerim
1963 4435 2137 4492 illum

486 4521 547 4575 in
577 4520 801 4577 domum
832 4523 1029 4577 matris
1060 4537 1219 4588 meae,
1250 4531 1301 4577 et
1330 4524 1388 4577 in
1421 4523 1740 4578 cubiculum
1786 4524 1963 4592 illius,
2014 4542 2138 4597 quae

486 4628 574 4667 me
600 4613 867 4681 concepit.

560 4700 845 4762 Quoniam
878 4700 1460 4772 incomprehensum,
1494 4701 1889 4773 inquit,illum
1919 4705 2134 4776 inveni,

488 4788 647 4844 intus
731 4804 864 4843 eum
941 4789 1123 4856 tenui,
1183 4794 1241 4845 et
1312 4790 1502 4845 medio
1572 4792 1787 4858 cordis,
1858 4794 2137 4867 Patrique

488 4883 841 4933 comternum
897 4893 1025 4933 esse
1082 4879 1345 4951 cognovi.
1405 4880 1521 4936 Nos
1580 4880 1737 4936 enim
1798 4882 2030 4952 domus,
2082 4889 2139 4939 et

488 4966 727 5039 templa,
786 4971 845 5022 et
898 4966 1167 5023 cubicula
1223 4986 1434 5025 sumus
1490 4970 1744 5042 Spiritus
1805 4973 2018 5041 sancti,
2074 4978 2138 5028 ut

491 5057 707 5112 Paulus
740 5057 822 5112 ait
855 5057 920 5124 ⁸⁸,
954 5057 1054 5128 qui
1087 5062 1143 5113 et
1172 5059 1376 5131 genuit
1407 5076 1511 5115 nos
1538 5065 1593 5115 et
1624 5060 1827 5132 nutrit,
1861 5064 2137 5135 quemad-

493 5147 735 5203 modum
767 5145 893 5219 ipse
926 5147 1103 5205 novit.

1214 5255 1405 5310 Pselti.

555 5360 666 5415 Sed
699 5362 1162 5431 prestantiorem
1195 5379 1413 5433 sponsa
1436 5380 1811 5435 progressum
1846 5371 2136 5435 assecuta,

485 5468 691 5506 rursus
720 5452 941 5507 amicos
974 5458 1141 5522 urget
1167 5452 1259 5507 his
1296 5453 1481 5508 verbis
1517 5470 1530 5508 :

555 5539 829 5609 Adjuravi
858 5556 967 5607 vos,
1000 5541 1132 5611 ﬁliae
1159 5544 1492 5610 Jerusalem,
1525 5559 1631 5613 per
1662 5545 1889 5602 virtutes
1918 5556 1968 5601 et
2014 5546 2136 5619 for-

559 5719 603 5754 ³⁸
638 5719 660 5774 Ι
692 5718 817 5774 Cor.
853 5736 935 5787 ιιι,
972 5722 1069 5790 16;
1103 5738 1179 5791 vI,
1216 5724 1301 5793 19,
1335 5725 1544 5795 11,Cor.
1576 5743 1652 5796 v1,
1687 5728 1773 5781 16.

2246 1936 2433 1998 Καθώς
2463 1956 2560 2009 περ
2595 1937 2738 1992 εἶπεν
2771 1937 2972 2013 ἀγοράς
3001 1938 3096 1999 τὰς
3128 1935 3239 1993 ἄνω
3268 1936 3624 2012 πανηγύρεις.

2243 2028 2329 2084 Ὠς
2359 2028 2485 2099 γοῦν
2519 2025 2741 2095 ἀνέστην
2777 2023 2866 2095 δή,
2901 2026 3056 2102 φησὶ,
3088 2025 3228 2100 πρὸς
3268 2028 3491 2095 ζήτησιν
3523 2023 3751 2081 ἐκείνου.

2246 2113 2343 2167 Καὶ
2374 2117 2454 2184 τῷ
2484 2113 2671 2186 σκοπῷ
2696 2115 2785 2168 καὶ
2820 2113 3071 2191 λογισμῷ
3114 2116 3209 2177 τάς
3245 2119 3350 2167 τῶν
3402 2112 3645 2188 ἀγγέλων
3689 2111 3897 2188 φύσεις,

2245 2202 2481 2263 Ἀπάσας
2510 2202 2838 2275 ἐξηρεύνησα
2873 2204 3006 2276 μετά
3035 2201 3253 2257 πολλοῦ
3275 2208 3372 2258 τοῦ
3405 2204 3597 2270 πόνου,

2246 2290 2578 2359 Ἑλπίζουσα
2606 2288 2930 2347 καταλαϐεῖν
2960 2292 3119 2347 αὐτὸν
3142 2293 3192 2346 ἐν
3225 2298 3343 2355 τοῖς
3372 2292 3648 2366 ἀγγέΛοις.

2245 2380 2333 2441 Ὠς
2366 2378 2682 2457 ἐψηλάφουν
2711 2386 3004 2456 τοιγαροῦν
3036 2381 3196 2435 αὐτὸν
3227 2379 3277 2434 ἰν
3307 2386 3421 2441 τοῖς
3455 2376 3736 2454 ἀγγέλοις,

2245 2470 2433 2531 ’Όπως
2468 2467 2525 2523 ἃν
2565 2470 2719 2541 μάθω
2749 2470 2828 2532 τίς
2859 2471 2969 2525 ἐστι
2998 2470 3087 2525 καὶ
3127 2471 3370 2532 ποταπὸς
3400 2470 3678 2545 τυγχάνει,

2247 2561 2346 2616 Καὶ
2375 2559 2533 2615 πόθεν
2564 2558 2680 2635 ἔχει
2710 2562 2808 2629 τήν
2841 2562 3043 2638 ἀρχὴν,
3073 2560 3163 2616 καὶ
3191 2560 3295 2616 τίνι
3324 2559 3643 2636 καταλήγει,

2246 2649 2313 2706 Ol
2344 2648 2580 2726 φύλακες
2610 2656 2713 2719 τῆς
2742 2650 2957 2713 πόλεως
2994 2650 3135 2705 Σιὼν
3167 2653 3266 2715 τῆς
3296 2650 3598 2719 ἀνωτάτης,

2247 2742 2667 2814 Περινοστοῦσαν
2701 2738 2840 2795 εἶδόν
2879 2761 2944 2813 με
2969 2741 3065 2809 τὴν
3095 2738 3277 2807 πόλιν,
3306 2738 3393 2794 καὶ
3429 2742 3714 2807 ζητοῦσαν.

2248 2829 2393 2897 Φησί
2422 2828 2522 2905 γὰρ
2555 2828 2699 2883 οὕτω
2728 2830 2955 2899 καθεξῆς
2988 2829 3167 2901 ὥσπερ
3194 2827 3547 2906 ἀφηγουμένη
3575 2846 3587 2859 ·

2320 2918 2562 2995 Εῧροσαν
2626 2940 2693 2991 με
2751 2920 2801 2973 οἱ
2856 2924 3170 2995 τηροῦντες,
3228 2919 3279 2973 οἱ
3330 2916 3659 2978 κυκλοῦντες
3717 2916 3770 2971 ἐν
3829 2916 3900 2990 τῇ

2249 3006 2432 3063 πόλει.

2250 3098 2399 3162 Εἶτα,
2433 3096 2616 3174 φησὶν,
2647 3098 2911 3170 ἠρώτησα
2941 3098 3075 3171 πρὸς
3106 3096 3232 3158 τοὺς
3266 3093 3537 3171 ἀγγέλους
3559 3092 3716 3150 τάδε·

2251 3186 2343 3253 Μή
2376 3186 2432 3240 ’ὀν
2466 3185 2748 3261 ἠγάπησεν
2781 3190 2814 3255 ἡ
2848 3188 2999 3261 ψυχή
3038 3208 3161 3259 μου,
3199 3184 3378 3254 ἵδετες

2253 3239 2392 3253 -.-Γ
2491 3239 2575 3261 ,⁸.
2646 3239 2714 3256 ,η
2791 3239 2814 3255 ν,
2861 3239 2872 3259 ι
2927 3239 2998 3261 Α,
3365 3239 3378 3254 ,

2168 3239 2211 3306 Ο
2250 3274 2516 3343 Ἦλπιζον
2548 3277 2647 3349 γάρ
2680 3276 2753 3336 ὡς
2784 3274 3030 3343 ἀληθῶς,
3060 3274 3154 3329 κάν
3188 3281 3305 3337 τοῖς
3334 3272 3589 3349 ἀγγέλοις
3623 3273 3759 3327 εἶναι

2248 3363 2606 3434 Καταληπτὸν
2638 3366 2725 3419 καὶ
2762 3365 3021 3441 προσιτὸν
3053 3365 3145 3419 τὸν
3178 3367 3349 3439 Λόγον
3380 3364 3469 3419 καὶ
3498 3363 3756 3441 νυμφῖον.

2248 3455 2397 3511 Έπεὶ
2430 3452 2487 3509 δὲ
2508 3454 2734 3517 τούτους
2760 3451 2971 3529 ἔγνωκα
3004 3452 3171 3528 μηδὲν
3205 3453 3609 3527 ἐπισταμένους,

2247 3541 2534 3616 Παρῆλθον
2567 3541 2719 3607 αὖθις
2755 3544 2845 3598 ἀπ’
2875 3544 3072 3611 αὐτῶν,
3106 3544 3291 3621 φησὶν,
3324 3543 3681 3617 ἐξαποροῦσα.

2246 3634 2345 3687 Καὶ
2404 3633 2477 3693 ὡς
2535 3634 2727 3708 μικρὸν
2778 3632 2867 3687 ὅτε
2923 3630 3208 3707 παρῆλθον
3266 3633 3355 3686 ἀπ’
3412 3632 3624 3698 αὐτῶν,
3679 3628 3785 3693 ἕως
3838 3632 3898 3685 οὗ

2911 3724 3083 3796 [εὗρον
3116 3724 3175 3776 ὃν
3203 3722 3482 3796 ἠγάπησεν
3514 3724 3549 3789 ἡ
3577 3724 3732 3795 ψυχή
3770 3743 3894 3794 μου.

2247 3819 2317 3873 Ως
2367 3818 2496 3887 γοῦν
2548 3811 2835 3887 παρῆλθον
2882 3813 3005 3887 γάρ,
3040 3812 3197 3890 φησὶ,
3236 3812 3430 3887 μικρὸν
3481 3811 3539 3866 έκ
3582 3817 3689 3865 τῶν
3740 3813 3892 3887 ἀγγὲ-

3736 3901 3898 3973 [λων,

2246 3990 2577 4045 Πιστεύσασα
2607 3996 2683 4062 τῷ
2712 3990 2968 4066 λογισμῷ
2996 3992 3095 4059 τὴν
3131 3988 3508 4063 ἀκαταληψίαν

2244 4081 2355 4135 Τοῦ
2388 4082 2815 4156 ααντοκράτορος
2846 4083 3079 4152 Χριστοῦ
3109 4080 3197 4133 καὶ
3230 4082 3578 4156 θεανθρώπου
3611 4079 3816 4154 Λόγου,

2246 4169 2417 4244 Εὗρον
2450 4168 2607 4223 αὐτὸν
2640 4169 2715 4233 ὡς
2744 4169 2966 4240 ἀληθῶς
2998 4170 3048 4224 ἐν
3078 4175 3194 4231 τοῖς
3228 4169 3654 4241 ἀκαταλήπτοις.

2244 4264 2304 4314 Ἡ
2338 4258 2492 4335 φύσις
2518 4260 2619 4334 γὰρ
2646 4262 2680 4328 ἡ
2716 4260 2868 4328 θεῖ’κή
2899 4257 2996 4313 τοῦ
3026 4260 3207 4333 Λόγου
3237 4258 3326 4313 καὶ
3356 4258 3617 4333 νυμφίου,

2245 4352 2336 4419 Τῷ
2372 4348 2445 4419 μὴ
2477 4343 2984 4421 καταλαμϐάνεσθαι
3016 4346 3344 4418 καταληπτὴ
3375 4349 3650 4423 τυγχάνει.

2319 4438 2622 4511 Ἐκράτησα
2706 4437 2863 4491 αὐτὸν
2950 4436 3038 4491 καὶ
3118 4436 3217 4490 οὐκ
3290 4436 3472 4512 ἀφῆκα
3546 4436 3731 4504 αὐτὸν,
3790 4433 3895 4497 ἓως

2249 4526 2311 4578 οὗ
2365 4525 2651 4601 εἰσήγαγον
2731 4526 2889 4581 αὐτὸν
2974 4527 3050 4589 είς
3134 4526 3225 4581 τὸν
3308 4527 3451 4580 οἶκον
3522 4532 3622 4595 τῆς
3683 4527 3893 4599 μητρός

2164 4607 2372 4689 Duco,
2430 4616 2520 4669 καὶ
2598 4616 2674 4679 εἰς
2745 4617 2807 4670 τὸ
2881 4622 3127 4688 ταμιεῖον
3207 4622 3306 4685 τῆς
3358 4610 3743 4685 συλλαϐούσης
3802 4636 3891 4688 με.

2316 4702 2568 4778 Ἐπείπερ
2599 4700 2977 4769 ἀκατάληπτον
3018 4702 3199 4771 αὐτὸν,
3233 4702 3413 4779 φησὶν,
3448 4701 3694 4778 ἐφεῦρον,

2245 4790 2439 4847 Ἔνδον
2467 4791 2625 4846 αὐτὸν
2659 4790 2926 4867 ἐκράτησα
2956 4792 3045 4847 καὶ
3080 4791 3240 4865 μέσον
3271 4798 3371 4860 τῆς
3400 4788 3650 4865 καρδίας,

2247 4883 2345 4937 Καὶ
2374 4887 2453 4954 τῷ
2484 4880 2651 4952 Πατρί
2684 4882 3019 4956 συνάναρχον
3047 4880 3310 4955 ἐγνώρισα
3338 4882 3646 4955 τυγχάνειν,

2244 4975 2434 5045 Ἡμεῖς
2459 4972 2561 5047 γάρ
2594 4972 2733 5026 οἶκοι
2766 4972 2855 5026 καὶ
2887 4971 3005 5026 ναοὶ
3036 4971 3127 5025 καὶ
3162 4968 3397 5044 μάλιστα
3426 4977 3626 5043 ταμεῖα

2244 5067 2349 5117 Τοῦ
2381 5062 2695 5135 Πνεύματος
2724 5060 3092 5137 τυγχάνομεν,
3123 5061 3259 5115 κατά
3293 5061 3385 5115 τὸν
3434 5062 3596 5135 μέγαν
3652 5060 3899 5133 Παῦλον,

2244 5156 2349 5206 Τοῦ
2380 5151 2469 5205 καὶ
2499 5152 2854 5225 γεννήσαντος
2886 5152 3033 5222 ἡμᾶς
3061 5149 3149 5204 καὶ
3189 5150 3499 5228 τρέφοντος,
3528 5149 3601 5211 ὡς
3638 5146 3769 5205 οἶδε.

2949 5256 3195 5312 Ψελλοῦ.

2319 5364 2497 5421 Ἀλλὰ
2538 5366 2635 5432 τὴν
2686 5363 2914 5437 κρείττω
2962 5377 3248 5439 προκοπήν
3275 5366 3309 5434 ἡ
3341 5366 3523 5442 νύμφη
3557 5365 3902 5441 ψηλαφῶσας

2249 5455 2414 5511 πάλιν
2446 5453 2571 5515 τοὺς
2614 5450 2809 5531 φίλους
2841 5450 3099 5509 δυσωπεῖ.
3136 5454 3277 5523 Φησὶ
3330 5454 3431 5526 γὰρ
3471 5452 3686 5515 τούτοις
3726 5450 3858 5507 τάδε
3890 5472 3902 5485 ’

2317 5548 2545 5619 Ὣρκισα
2619 5543 2779 5616 ὑμᾶς,
2857 5540 3142 5617 θυγατέρες
3215 5540 3597 5617 Ἰερουσαλὴμ,
3654 5541 3706 5595 έν
3784 5548 3907 5604 ταῖς
