4072 6346
229 448 356 509 601

1283 451 1690 515 COMMENT.
1740 453 1818 512 4N
1863 449 2256 513 CAlV'I‘lCU-M
2305 448 2611 508 CANTIC.

3523 441 3641 500 602

235 575 511 651 δυνάμεσι
569 580 659 635 καὶ
741 579 791 635 ἐν
863 588 984 645 ταῖς
1056 582 1304 658 ἰσχυσεσι
1374 588 1471 638 τοῦ
1539 585 1732 658 ἀγροῦ,
1800 581 1865 637 ἐάτ

2003 583 2268 639 titudiues
2297 583 2447 654 agri,
2479 582 2528 636 si
2573 577 2854 635 suscitatis
2894 579 2947 632 et
2989 575 3246 632 excitatis
3291 572 3642 641 charitatcut,

235 666 489 742 ἐγείρητε
531 669 622 723 καὶ
696 670 996 747 ἐξεγείρητε
1069 673 1168 740 τήν
1255 674 1466 748 ἀγάπην
1526 667 1627 735 ἕως
1688 671 1749 726 οῦ
1799 673 1884 725 θε-

236 754 416 831 λήσῃ.

311 848 429 902 Τοῦ
463 847 637 923 λόγου
664 847 858 903 τούτου
889 849 1183 927 φθάσαντες
1214 851 1438 925 εἴπομεν
1468 852 1561 913 τάς
1585 852 1840 928 ἐμφάσεις
1871 868 1885 883 ⁸

234 932 446 1011 λόγους
483 937 678 993 λοιπὸν
710 938 836 1001 τοὺς
871 939 1081 1016 ἐφεξῆς,
1116 941 1190 1004 ὡς
1219 939 1461 1011 δυνατὸν,
1496 941 1771 999 σκεπτέον.

309 1025 402 1087 Τίς
461 1026 596 1096 αὕτη
657 1030 692 1096 ἡ
774 1024 1132 1085 ἀναϐαίνουσα
1216 1031 1321 1086 ἀπὸ
1383 1038 1482 1100 τῆς
1521 1031 1752 1105 ἐρήμου,
1812 1032 1885 1092 ὡς

1325 1120 1562 1195 σμύρναν
1644 1121 1730 1174 καὶ
1801 1119 1888 1175 λί-

232 1114 477 1191 στελέχη
555 1121 784 1184 καπτοῦ,
867 1121 1234 1192 τετυμιαμένη

233 1198 404 1258 ϐανον
438 1205 543 1259 ἀπὸ
571 1207 782 1260 πάντων
813 1213 1114 1283 κονιορτῶν
1145 1212 1386 1285 μυρεψοῦ
1413 1229 1426 1278 ;

231 1297 419 1348 Ταῦτα
448 1296 726 1369 τοιγάρτοι
760 1293 1008 1372 λέγουσιν
1039 1299 1090 1351 οἱ
1121 1297 1275 1375 φίλοι
1302 1300 1437 1371 πρὸς
1468 1297 1752 1368 ἀλλήλους
1788 1316 1800 1328 ·

229 1383 299 1438 Ὀ
333 1387 443 1436 τῶν
467 1382 727 1458 ῥημάτων
761 1383 819 1439 δὲ
849 1387 1051 1448 σκοπὸς
1083 1387 1238 1449 οὗτός
1270 1387 1432 1452 ἐστιν,
1466 1388 1540 1449 ὡς
1572 1390 1751 1460 οἶμαι,

229 1471 298 1527 Ἣ
332 1471 519 1549 νύμφη
552 1473 651 1547 γὰρ
683 1473 1057 1548 καὶπρότερον
1086 1480 1206 1538 ταῖς
1233 1476 1447 1552 ἀρεταῖς
1480 1476 1695 1550 ὑψώθη,

225 1563 311 1632 Τῇ
342 1560 540 1628 πίστει,
571 1563 642 1632 τῇ
667 1563 937 1636 πραότητι
963 1565 1050 1618 καὶ
1080 1569 1147 1639 τῇ
1181 1563 1520 1640 δικαιοσύνῃ,

230 1649 385 1703 Ἐπεὶ
428 1647 484 1705 δὲ
513 1651 601 1705 καὶ
632 1652 772 1727 πρὸς
802 1653 998 1728 ἀρετῆς
1031 1651 1172 1708 ἄλλο
1207 1650 1406 1726 μετέϐη
1433 1662 1647 1730 σχῆμα,

225 1738 503 1808 Νηστείας
527 1741 826 1816 ἀγρυπνίας
856 1763 913 1797 τε
941 1742 1030 1797 καὶ
1056 1747 1370 1819 προσευχῆς
1396 1745 1696 1821 παννύχου,

231 1827 341 1884 Καὶ
371 1829 472 1896 τήν
504 1831 720 1904 μορφὴν
755 1828 1035 1901 ἠλλάξατο
1065 1838 1184 1895 ταῖς
1217 1831 1344 1908 ἄγαν
1368 1835 1714 1909 χαμευνίαις,

233 1917 306 1973 Οἱ
339 1914 497 1990 φίλοι
526 1917 945 1992 κατεπλάγησαν
992 1921 1090 1988 τὴν
1123 1923 1408 1997 προκοπήν
1440 1930 1536 1991 τῆς
1567 1923 1808 1996 νύμφης,

233 2005 340 2062 Καί
372 2027 491 2068 πως
526 2008 944 2083 ὑποκρινόμενοι
978 2007 1136 2076 δῆθεν
1166 2012 1257 2066 τὸν
1290 2012 1602 2086 ἀγνοοῦντα,

232 2095 371 2168 Ηερί
403 2102 504 2164 τῆς
530 2096 746 2172 νύμφης
768 2098 1016 2160 θέλουσιν
1050 2099 1324 2175 ἐπερωτᾷν
1357 2098 1641 2171 ἀλλήλους
1676 2119 1688 2131 ·

229 2182 329 2244 Τίς
360 2182 522 2254 αὕτη,
558 2183 828 2261 λέγοντες,
862 2187 1022 2255 ἐστίν,
1052 2187 1176 2256 ἥτις
1210 2189 1268 2243 ἐκ
1296 2197 1396 2258 τῆς
1429 2189 1638 2264 ἐρήμου

229 2273 378 2345 Πρὸς
409 2273 674 2346 οὐρανοὺς
706 2273 1023 2350 ἀνέδραμεν,
1057 2272 1239 2353 ὥσπερ
1268 2280 1475 2332 κάπνου
1506 2278 1740 2353 στελέχη

227 2367 270 2415 Σ
281 2361 688 2435 μύρνηςόσμήν
711 2363 1058 2439 ἐκπέμπουσα
1085 2368 1172 2421 καὶ
1208 2371 1518 2441 θαυμαστοῦ
1549 2363 1775 2422 Λιϐάνου
1799 2387 1813 2438 ;

226 2454 401 2526 Ψυχή
428 2453 530 2528 γὰρ
560 2459 704 2508 πᾶσα
737 2453 968 2518 θελουσα
993 2451 1214 2511 λίϐανον
1247 2455 1589 2527 τελεσθῆναι,

227 2539 437 2615 Ἥγουν
465 2542 697 2616 τερπνὸν
731 2543 980 2617 θυμίαμα
1003 2549 1082 2617 τῷ
1116 2544 1331 2621 βασιλεῖ
1356 2551 1464 2600 τῶν
1495 2545 1662 2615 ὅλων,

219 2629 316 2684 Ἀν
355 2631 433 2702 μή
466 2632 716 2705 νεκρώσῃ
743 2633 1006 2708 πρότερον
1038 2636 1211 2690 πάντα
1237 2636 1306 2690 τὰ
1337 2634 1478 2708 μέλη
1509 2636 1732 2707 ταύτης,

219 2718 323 2774 Καὶ
381 2719 592 2794 σμύρνα
647 2719 802 2786 δῆθεν
856 2722 1074 2798 γένηται
1141 2729 1369 2798 Χριστῷ
1428 2731 1876 2802 συννεκρωθεῖσα,

219 2807 342 2864 Οὐκ
373 2805 563 2871 ἄλλως
593 2809 794 2884 γίνεταί
823 2832 956 2866 ποτε
984 2806 1210 2867 Λίϐανον
1234 2819 1314 2886 τῷ
1345 2814 1554 2889 Κυρίῳ.

796 2922 912 2972 Τῶν
951 2919 999 2994 γ’
1032 2919 1305 2996 Πατέρων.

297 3020 514 3083 Ταύτας
565 3026 693 3097 γοῦν
774 3024 870 3087 τὰς
951 3025 1403 3100 προτελειοτάτας
1487 3028 1872 3104 ἐκηγησαμένη

221 3105 512 3171 ἀναϐάσεις
575 3133 703 3184 μου,
757 3115 983 3187 Ὣρκισα
1054 3115 1214 3188 ὑμᾶς,
1273 3119 1558 3192 θυγατέρες
1612 3120 1876 3194 Ἰερουσα-

224 3195 374 3270 λὴμ,
437 3197 490 3252 ὲν
540 3201 662 3268 ταὶς
707 3198 961 3276 δυναμεσι
1035 3205 1123 3259 καὶ
1192 3204 1242 3258 ἐν
1310 3212 1426 3268 ταῖς
1478 3207 1721 3283 ἰσχύσεσι
1777 3213 1876 3263 τοῦ

217 3285 412 3391 ἀγροῦ,
468 3286 556 3341 ἐὰν
641 3287 891 3365 έγείρητε
961 3292 1050 3346 καὶ
1127 3293 1423 3370 ἐξεγείρητε
1480 3299 1578 3366 τῆν
1640 3297 1865 3373 ἀγάπην,

390 3374 638 3391 ς.-ς,
820 3376 1129 3391 ...μυ
1343 3379 1367 3391 .,
1598 3386 1611 3391 -
1789 3384 1862 3391 -_

1992 3300 2340 3368 charitatcm,
2371 3299 2545 3354 donec
2568 3299 2718 3354 velit.
2752 3297 2927 3362 Quasi
2969 3297 3124 3351 dicat
3175 3311 3189 3349 :

217 3371 324 3438 ἕως
383 3375 444 3428 ἄν
506 3374 756 3450 θελήσῃ·
816 3377 1030 3450 δηλαδὴ
1092 3376 1272 3456 ὥσπερ
1330 3379 1533 3456 ὥρκισα
1592 3371 1730 3458 ὑμᾶς
1786 3384 1876 3441 διὰ

214 3467 327 3517 τῶν
360 3463 603 3519 ἀπειλῶν
651 3466 742 3520 καὶ
799 3488 904 3521 των
966 3469 1328 3544 ἐπαγγελιῶν,
1379 3473 1518 3526 κατά
1570 3475 1670 3542 τὴν
1706 3474 1871 3542 αύτὴν

217 3547 440 3605 ἔννοιαν
467 3551 673 3625 ὣρκισα
705 3553 869 3609 πάλιν
927 3557 1066 3628 ὑμᾶς
1116 3555 1204 3612 διὰ
1255 3567 1356 3628 τῆς
1409 3562 1525 3614 κατ’
1559 3560 1653 3633 ἐμὲ
1676 3562 1873 3637 ἐξηγή-

218 3661 384 3726 σεως.
448 3640 613 3712 Δίκην
689 3644 855 3716 ὅρκου
935 3649 1012 3716 τῷ
1087 3649 1203 3700 κατ’
1291 3647 1386 3721 ἐμὲ
1478 3648 1875 3726 παραδείγματι

222 3725 574 3805 βεϐαιώσασα
597 3733 686 3785 καὶ
740 3735 1033 3806 στηρίξασα
1087 3737 1222 3810 πρὸς
1279 3738 1371 3792 τὸν
1417 3740 1552 3793 κατᾶ
1592 3725 1873 3816 Θεὸνδρό-

225 3840 334 3890 μον
373 3839 384 3850 ·
425 3820 623 3895 μέχρις
657 3820 717 3874 ’ἀν
750 3824 783 3890 ἡ
836 3824 954 3886 θεία
1000 3823 1260 3901 ἐμφάνεια
1302 3829 1401 3894 τὴν
1451 3829 1702 3902 ἀτρεψίαν
1746 3831 1871 3902 ὑμῖν

222 3908 554 3982 χαρίσηται.
609 3911 677 3965 Αἱ
737 3907 792 3965 δὲ
851 3907 1096 3984 θάμϐους
1147 3913 1545 3989 πληρωθεῖσαι,
1613 3919 1701 3972 καὶ
1759 3921 1877 3974 καθ’

221 3997 430 4086 ἑαυτὴ-
451 3998 572 4068 περὶ
629 4004 730 4067 τῆς
787 3999 1200 4077 ἐξηγησσαμένης
1249 4001 1673 4078 διαπορούμεναί
1709 4029 1872 4086 φασι*

220 4085 323 4146 Τίς
381 4082 516 4159 αὕτη
571 4089 605 4155 ἡ
667 4083 1024 4143 ἀναϐαίνουσα
1083 4092 1186 4146 ἀπὸ
1238 4097 1340 4158 τῆς
1390 4095 1599 4168 ἐρήμου
1646 4082 1875 4158 ὡςγστε-

221 4171 371 4247 λέχη
406 4179 669 4246 καπνοῦ;
733 4174 878 4247 ἤτοι,
939 4179 1074 4233 ποία
1130 4179 1270 4236 ἐστὶν
1330 4181 1486 4253 αὕτη,
1545 4187 1579 4253 ἡ
1613 4185 1718 4240 ἀπὸ
1764 4192 1871 4241 τῶν

215 4267 411 4324 παθῶν
456 4262 819 4338 ἐστερημένης
854 4264 1017 4337 ἕξεως
1059 4271 1195 4343 πρὸς
1255 4275 1382 4325 Θεόν
1439 4272 1715 4347 ὑψουμένη
1759 4277 1873 4330 κατ’

217 4352 420 4425 ἀρετὴν
453 4352 542 4406 καί
585 4359 804 4428 γνῶσιν,
865 4359 952 4410 οἷα
1008 4357 1218 4422 κλῶνες
1264 4367 1494 4433 καπνοῦ,
1544 4363 1603 4425 ὃς
1646 4364 1748 4418 ὑπὸ
1777 4370 1872 4420 τοῦ

215 4441 526 4512 νεμομένου
584 4441 722 4513 ὕλην
810 4446 999 4519 πυρὸς,
1085 4449 1159 4509 ὡς
1233 4453 1436 4527 κοῦφος
1503 4452 1872 4526 ἀναπέμπεται

217 4531 364 4605 πρὸς
393 4527 520 4604 ἀέρα
553 4551 567 4600 ;
599 4533 761 4589 υύτω
790 4534 893 4608 γάρ
951 4535 1037 4588 καὶ
1098 4542 1243 4592 πᾶσα
1300 4541 1451 4614 ψυχὴ
1499 4545 1576 4611 τῷ
1607 4542 1872 4615 πνεύματι

224 4621 444 4692 ζέουσα,
478 4621 611 4675 κατά
649 4625 836 4697 πρᾶξιν
895 4623 987 4696 μὲν
1032 4625 1132 4694 τὴν
1181 4633 1280 4696 τῆς
1321 4628 1517 4704 σαρκὸς
1561 4631 1870 4706 παχύτητα,

219 4709 368 4762 κατά
395 4708 624 4784 θεωρίαν
655 4707 710 4764 δὲ
746 4713 844 4780 τήν
895 4719 995 4782 τῆς
1041 4719 1148 4769 τῶν
1204 4697 1870 4795 ὄντων’φύσεωςὴἐπιφάο
1908 4697 1950 4759 D

222 4819 375 4852 νειαν
435 4798 758 4867 λεπτύνασα,
815 4801 950 4856 κατά
1017 4804 1145 4866 τοὺς
1213 4804 1451 4880 ἀγαθοὺς
1506 4807 1742 4882 τρόπους
1785 4810 1873 4862 καὶ

223 4886 434 4961 λόγους
465 4887 639 4964 κούφη
691 4887 826 4963 πρὸς
883 4891 1010 4945 Θεὸν
1049 4893 1389 4970 ἀταφέρεται,
1452 4896 1527 4968 μή
1582 4917 1871 4951 κατασπω-

221 4978 369 5049 μένη
399 4979 468 5048 τῇ
498 4975 674 5051 γηΐνῳ
705 4979 1006 5053 παχύτητι,
1041 4978 1199 5038 Οὕτω
1243 4980 1301 5036 δὲ
1324 4983 1460 5058 πρὸς
1500 4985 1589 5039 τὸν
1623 4986 1872 5059 οὐράνιον

215 5064 460 5140 νυμφίον
516 5065 833 5141 ἀναφέρεται
880 5071 1249 5142 τεθυμιαμένη
1307 5071 1546 5148 σμύρναν
1592 5074 1680 5127 καὶ
1713 5069 1871 5129 λίϐα-

213 5175 312 5208 νον
350 5153 456 5207 ἀπὸ
507 5155 721 5208 πάντων
769 5162 1066 5230 κονιορτῶν
1129 5163 1394 5234 μυρεψοῦ.
1438 5163 1659 5238 ἽΙγουν,
1694 5184 1871 5236 μεμυ-

216 5241 478 5317 ρισμένη,
513 5243 597 5296 οἶα
651 5243 746 5314 μὲν
797 5244 1032 5320 σμύρνῃ,
1058 5250 1125 5320 τῇ
1177 5248 1366 5323 ἀρετῇ,
1411 5250 1484 5312 ὡς
1525 5251 1588 5305 τὸ
1620 5253 1872 5326 σαρκικὸν

212 5331 535 5406 νεκρώσασα
591 5330 841 5405 σρόνημα
874 5352 888 5367 ·
951 5334 1036 5389 οἶα
1064 5332 1120 5390 δὲ
1170 5333 1403 5411 λιϐάνῳ,
1433 5343 1501 5412 τῇ
1541 5341 1760 5416 γνώσει,
1795 5341 1868 5402 ὡς

213 5426 336 5480 τοῖς
368 5423 710 5495 χαρακτῆρσι
765 5428 866 5491 τῆς
920 5421 1176 5494 ἀληθείας
1229 5427 1369 5480 θεῖον
1422 5426 1643 5504 ἄγαλμα
1676 5429 1867 5499 ἑαυτήν

217 5506 571 5579 ἀποδείξασα.
617 5512 1070 5587 Τοιουτοτρόπως
1128 5512 1186 5569 δὲ
1226 5514 1545 5572 εύωδίασται
1598 5517 1870 5597 διεξερχο-

221 5601 365 5672 μένη
418 5599 512 5661 τάς
544 5603 651 5653 τῶν
709 5597 852 5654 ὅλων
914 5602 1129 5678 φύσεις,
1187 5605 1278 5659 καὶ
1336 5607 1471 5681 πρὸς
1513 5607 1604 5661 τὸν
1663 5609 1867 5665 τούτων

220 5688 399 5744 αἴτιον
428 5687 700 5765 φερομένη
729 5704 743 5720 ’
794 5688 885 5767 ἀφ’
934 5690 1008 5745 ὧν
1055 5689 1208 5764 δίκην
1259 5699 1558 5770 κονιορτῶν
1589 5699 1640 5752 οἱ
1661 5701 1868 5754 τοῦτων

221 5777 384 5852 λόγοι
414 5776 504 5832 καὶ
557 5776 752 5849 τρόποι
805 5775 1106 5856 ἐγείρονται
1163 5782 1321 5858 αὐτῇ,
1357 5784 1710 5851 λεπτύνοντες
1739 5787 1867 5845 ταύ-

1912 1955 1958 2019 B
1994 1924 2182 1995 ignari
2234 1925 2303 1978 de
2353 1922 2452 1978 illa
2508 1921 2660 1976 inter
2708 1936 2769 1975 se
2818 1917 3231 1990 conquirentes
3287 1933 3301 1970 :

1999 675 2166 731 donec
2193 675 2447 730 valuerit.

2067 857 2200 908 Haec
2224 853 2349 924 jam
2382 847 2858 922 explanavimus;
2893 862 3073 918 quare
3103 860 3418 917 pergamus
3445 844 3517 898 ad
3551 858 3642 897 re-

1996 943 2181 1015 liqua.

2071 1033 2195 1100 Quae
2223 1036 2300 1087 est
2330 1033 2589 1101 ista,quae
2617 1025 2861 1083 ascendit
2891 1024 2956 1079 de
2987 1024 3197 1080 deserto
3226 1025 3367 1078 sicut
3413 1019 3642 1092 virgula

1994 1123 2158 1192 fumi,
2209 1121 2460 1176 redoleas
2503 1119 2793 1190 myrrham
2823 1125 2874 1170 et
2906 1115 3027 1169 thus
3051 1130 3120 1169 ex
3147 1114 3419 1170 universis
3442 1114 3637 1184 pulve-

1998 1211 2151 1266 ribus
2181 1210 2536 1281 unguentarii
2554 1212 2578 1262 1’

2067 1301 2199 1355 Haec
2247 1300 2418 1355 amici
2471 1298 2623 1352 inter
2652 1313 2713 1353 se
2742 1293 3161 1365 colloquuntur
3194 1310 3207 1348 :
3240 1309 3366 1364 quae
3397 1291 3636 1363 quidem

1997 1408 2064 1447 eo
2122 1393 2407 1461 spectant,
2458 1387 2611 1458 quod
2660 1402 2794 1442 cum
2841 1390 3016 1440 antea
3061 1399 3279 1454 sponsa
3323 1381 3638 1438 virtutibus

1997 1481 2111 1547 his,
2145 1496 2352 1550 nempe
2384 1479 2518 1544 fide,
2554 1473 3029 1542 mansuetudine,
3064 1472 3318 1542 justitia,
3367 1471 3641 1526 decorata

1998 1569 2211 1637 fuerit;
2267 1585 2399 1623 mox
2465 1571 2658 1622 autem
2719 1565 2789 1620 ad
2850 1564 2996 1619 alios
3053 1562 3341 1617 virtutum
3398 1559 3638 1616 habitus

1995 1658 2344 1724 ascenderit,
2397 1654 2611 1728 jejunii
2682 1653 2984 1719 nimirum,
3061 1649 3295 1723 vigilias,
3353 1648 3636 1704 orationis

1995 1753 2308 1821 perpetuae,
2381 1752 2556 1817 atque
2635 1760 2854 1816 asperae
2932 1741 3097 1797 humi
3172 1738 3541 1796 dormitionis
3618 1755 3631 1793 :

1993 1852 2223 1906 sponsae
2274 1835 2598 1906 profectum
2647 1833 2951 1903 stupentes
2999 1828 3196 1894 amici,
3243 1832 3301 1884 et
3346 1833 3632 1899 tanquam

3355 1917 3631 1980 Quzenam

1991 2019 2101 2082 est,
2156 2011 2455 2084 inquiunt,
2507 2011 2641 2078 ista,
2701 2026 2828 2080 qua:
2878 2009 2947 2063 de
2993 2006 3312 2063 solitudine
3359 2004 3421 2059 in
3461 2002 3638 2060 cmlos

1991 2103 2277 2168 ascendit,
2349 2100 2525 2156 veluti
2601 2099 2825 2168 virgula
2913 2097 3079 2163 fumi,
3157 2095 3395 2151 odorem
3469 2094 3635 2148 redo-

1987 2191 2114 2247 lens
2146 2191 2391 2263 myrrhae
2423 2195 2480 2246 et
2502 2189 2694 2244 thuris
2725 2185 2970 2243 eximii?
3000 2185 3205 2241 Omnis
3236 2183 3392 2240 enim
3432 2183 3632 2237 anima

1987 2298 2115 2353 quas
2147 2281 2347 2336 studet
2374 2296 2503 2335 esse
2531 2279 2670 2334 thus
2702 2283 2758 2333 et
2785 2277 3084 2349 iucundus
3114 2275 3256 2330 odor
3304 2271 3444 2345 Regi
3493 2273 3628 2327 uni-

1984 2387 2309 2437 versorum,
2362 2385 2601 2424 necesse
2649 2371 2738 2422 est
2787 2372 2850 2421 ut
2893 2366 3058 2438 prius
3089 2364 3402 2419 mortiﬁcet
3429 2362 3630 2417 omnia

1986 2461 2253 2515 membra
2282 2476 2409 2526 sua,
2442 2462 2617 2529 atque
2647 2457 2729 2512 ita
2781 2455 3019 2528 myrrha
3065 2454 3168 2510 ﬁat
3213 2471 3347 2509 cum
3396 2453 3624 2508 Christo

1986 2553 2372 2618 commortua,
2405 2546 2622 2619 alioqui
2668 2546 2806 2601 thus
2857 2543 3103 2600 Domino
3150 2543 3274 2599 ﬁeri
3325 2559 3628 2615 nunquam

1987 2638 2224 2711 poterit.

2583 2923 2766 2978 Trium
2798 2923 2916 2976 Pati
2931 2937 3046 2976 um.

2059 3031 2200 3087 Cum
2234 3031 2414 3103 igitur
2443 3029 2550 3085 has
2575 3046 2735 3084 meas
2766 3027 3139 3084 ascensiones
3170 3024 3634 3098 perfectissimae

1986 3120 2329 3192 explicarim
2366 3137 2378 3175 :
2413 3121 2616 3186 Adiuro
2647 3134 2758 3187 vos,
2808 3119 2946 3188 ﬁliae
2985 3117 3318 3185 Jerusalem,
3364 3131 3467 3186 per
3519 3116 3632 3169 vir-

1987 3214 2127 3266 tutes
2156 3219 2206 3265 et
2236 3209 2586 3275 fortitudines
2616 3210 2760 3279 agri,
2791 3211 2843 3262 si
2869 3207 3140 3262 suscitatis
3171 3209 3333 3275 atque
3377 3205 3633 3260 excitetis

3246 3293 3632 3360 Quemadmo-

1986 3391 2124 3444 dum
2159 3389 2426 3459 adjuravi
2457 3405 2556 3443 vos
2589 3404 2692 3458 per
2721 3387 2913 3442 minas
2943 3392 2999 3441 et
3032 3383 3455 3456 promissiones
3489 3398 3502 3436 :
3536 3399 3631 3437 eo-

1983 3477 2114 3533 dem
2149 3479 2321 3533 modo
2353 3493 2454 3532 vos
2485 3493 2718 3532 rursum
2751 3478 2955 3544 adjuro
2989 3491 3089 3546 per
3129 3490 3331 3529 eorum
3381 3488 3504 3544 quae
3556 3471 3629 3526 ad

1986 3584 2079 3622 me
2103 3563 3156 3638 perlinent,expositionem,exemplo
3189 3579 3317 3617 meo
3348 3566 3630 3633 tanquam

1977 3657 2368 3728 jurejurando
2400 3672 2498 3710 vos
2528 3654 2907 3725 obstringens
2939 3658 3115 3722 atque
3145 3655 3526 3713 confirmans,
3569 3655 3633 3703 ut

1986 3750 2266 3817 perpetuo
2298 3761 2474 3798 cursu
2506 3744 2574 3797 ad
2611 3743 2791 3797 Deum
2825 3739 3411 3810 contendatis,quoad
3438 3737 3635 3792 divina

1987 3834 2296 3906 praesentia
2325 3849 2434 3888 sua
2462 3832 2626 3886 vobis
2660 3830 3195 3885 immutabilitatem
3227 3827 3633 3898 largiatur.:At

1986 3925 2124 3994 ipsa:
2157 3923 2539 3978 admiratione
2571 3921 2778 3992 plenae,
2810 3925 2990 3990 atque
3019 3919 3174 3973 inter
3203 3933 3265 3972 se
3300 3917 3370 3971 de
3412 3932 3632 3986 sponsa

1985 4029 2113 4083 quas
2157 4013 2515 4068 disseruerat
2562 4009 2959 4080 colloquentes
3013 4023 3025 4060 :
3078 4008 3347 4075 Quaenam
3394 4010 3490 4074 est,
3540 4006 3628 4059 in-

1986 4103 2221 4173 quiunt,
2249 4104 2355 4157 ista
2384 4115 2508 4173 qua:
2555 4100 2804 4154 ascendit
2849 4097 2912 4152 de
2957 4096 3189 4160 deserto,
3220 4095 3362 4150 sicut
3411 4095 3629 4164 virgula

1981 4193 2172 4262 fumi?
2204 4191 2262 4244 Id
2296 4195 2407 4258 est,
2440 4205 2707 4261 quasnam
2741 4191 2830 4243 est
2881 4188 2996 4242 ista
3042 4203 3168 4256 quae
3222 4201 3291 4240 ex
3341 4183 3544 4239 habitu
3595 4201 3629 4238 a

1984 4279 2526 4351 perturbationibus
2558 4283 2909 4348 remoto,per
2933 4277 3208 4330 virtutem
3241 4279 3298 4329 et
3326 4272 3626 4328 scientiam

1983 4369 2053 4424 ad
2088 4369 2270 4423 Deum
2303 4368 2534 4422 sublata
2566 4367 2926 4436 conscendit,
2957 4364 3116 4419 velut
3145 4362 3421 4420 surculus
3461 4361 3627 4430 fumi,

1984 4459 2084 4530 qui
2136 4458 2209 4513 ab
2256 4457 2390 4529 igne
2420 4457 2628 4511 silvam
2661 4458 3012 4527 depascente
3041 4454 3184 4509 levis
3214 4454 3274 4508 in
3305 4470 3440 4509 aera
3469 4453 3627 4508 tolli-

1983 4548 2124 4603 tur?
2152 4548 2242 4602 Sic
2273 4549 2427 4602 enim
2462 4546 2655 4602 omnis
2706 4561 2938 4616 quoque
2986 4544 3184 4599 anima
3231 4543 3443 4614 spiritu
3493 4557 3623 4596 suc-

1984 4653 2180 4702 censa,
2232 4653 2333 4708 per
2390 4636 2677 4689 actionem
2730 4634 2990 4704 quidem,
3039 4631 3231 4688 carnis
3280 4631 3628 4687 crassitudi-

1984 4742 2152 4781 nem:
2190 4742 2290 4797 per
2321 4723 2881 4795 contemplationem
2915 4729 3136 4789 autem,
3173 4737 3368 4776 rerum
3401 4721 3629 4792 species

1982 4821 2306 4870 extenuans
2340 4831 2352 4868 :
2387 4813 2585 4883 probis
2615 4817 2739 4866 tum
2777 4811 3061 4878 moribus,
3093 4815 3216 4864 tum
3251 4809 3626 4865 sermonibus

1983 4903 2124 4957 levis
2157 4903 2226 4956 ad
2265 4903 2442 4955 Deum
2474 4901 2675 4966 fertur,
2712 4916 2816 4954 nec
2848 4904 3078 4954 terreno
3110 4899 3383 4968 pondere
3427 4897 3624 4967 depri-

1985 4989 2308 5044 mitur.Hac
2337 4990 2562 5044 ratione
2593 4987 2892 5059 myrrham
2924 5000 2976 5041 et
3004 4986 3139 5040 thus
3170 5001 3238 5040 ex
3259 4984 3626 5040 aromatibus

1984 5084 2154 5149 atque
2184 5079 2455 5133 universo
2505 5075 2740 5147 pulvere
2791 5073 3161 5146 pigmentarii
3213 5071 3504 5138 redolens,
3551 5072 3623 5126 ad

1983 5167 2276 5222 caelestem
2309 5181 2593 5237 sponsum
2626 5163 3218 5235 provehitur.Virtute
3248 5161 3429 5234 igitur
3454 5161 3625 5231 quasi

1981 5256 2375 5328 myrrha,cum
2410 5253 2603 5310 carnis
2634 5269 2873 5307 sensum
2907 5250 3359 5314 mortiﬁcaverit,
3383 5250 3622 5321 fragrat:

1982 5345 2205 5401 scentia
2231 5360 2364 5399 vero
2395 5343 2562 5415 quasi
2590 5343 2781 5409 thure,
2813 5345 3096 5412 tanquam
3128 5339 3390 5394 veritatis
3441 5340 3620 5407 notis,

1983 5453 2044 5490 se
2072 5435 2260 5504 ipsam
2293 5432 2554 5487 divinam
2588 5431 2906 5502 imaginem
2961 5428 3236 5485 ostendit.
3291 5429 3372 5482 Ita
3425 5443 3622 5482 rerum

1982 5530 2223 5579 naturas
2251 5522 2646 5594 pertransiens
2677 5519 2932 5576 suaviter
2982 5517 3118 5585 olet,
3173 5517 3244 5573 ad
3302 5531 3625 5589 earumque

1983 5614 2169 5669 tendit
2197 5617 2497 5669 auctorem
2531 5629 2544 5667 :
2577 5627 2646 5666 ex
2675 5610 2892 5681 quibus
2921 5609 3107 5664 instar
3135 5606 3391 5678 pulveris
3419 5623 3623 5663 earum

1981 5703 2237 5760 rationes
2289 5707 2346 5759 et
2393 5701 2553 5758 modi
2603 5701 2930 5756 excitantur
2971 5700 3046 5766 ei,
3095 5702 3470 5755 attenuantes
3528 5696 3622 5754 his

1978 5794 2240 5851 veritatis
2298 5792 2526 5850 semitis
2591 5789 3096 5863 exploratricibus,
3157 5794 3431 5847 accurato
3495 5805 3619 5845 ser-
