4072 6346
444 381 562 441 603

1780 383 2200 451 MICHAELIS
2243 390 2518 453 PSELLI

3733 387 3860 448 604

445 514 750 588 mone,qui
779 518 969 571 totum
1001 515 1110 572 hoc
1144 520 1426 588 tanquam
1466 517 1525 574 in
1558 518 1693 591 igne
1723 520 1969 593 spiritus
2000 539 2099 578 ex-

2230 543 2327 584 ῖαις
2383 529 2504 588 ταῖς
2563 525 2964 600 βασανιστικαῖς
3020 529 3121 592 τῆς
3180 520 3441 593 ἀληθείας
3496 515 3711 594 τριϐαῐς
3756 524 3860 576 τοῦ

448 605 672 677 coquit.

520 785 601 837 En
638 779 900 837 lectulum
952 782 1260 837 Salomonis
1309 785 1601 855 sexaginta
1643 786 1814 855 fortes
1843 786 2101 842 ambiunt

446 887 517 927 ex
560 872 882 941 fortissimis
936 872 1125 937 Israel,
1177 888 1365 927 omnes
1416 878 1655 930 tenentes
1682 876 1915 947 gladios,
1947 885 1998 932 et
2024 877 2101 932 ad

452 960 601 1016 bella
652 962 975 1016 doctissimi.
1034 963 1468 1035 Uniuscujusque
1509 966 1653 1020 ensis
1709 982 1873 1037 super
1923 967 2102 1035 femur

449 1067 609 1107 suum
645 1068 678 1106 α
705 1052 904 1107 timore
938 1052 998 1105 in
1026 1052 1298 1107 noctibus.

1188 1249 1376 1304 Pselli.

522 1337 654 1393 Haec
694 1336 869 1393 amici
918 1338 988 1393 ad
1039 1336 1323 1410 virginem
1374 1340 1596 1409 dicunt,
1647 1339 1845 1397 lectuli
1897 1344 2102 1415 sponsi

452 1426 956 1500 pulchritudinem
1015 1426 1398 1498 explicantes,
1452 1445 1566 1501 quo
1619 1432 1809 1502 magis
1858 1449 2103 1489 succen-

456 1517 599 1572 dant
630 1532 858 1589 sponsas
891 1517 1273 1572 desiderium.
1307 1519 1393 1573 Tu
1423 1535 1559 1575 vero
1590 1519 1738 1575 mihi
1770 1522 1843 1576 ad
1892 1522 2101 1580 horum

454 1605 879 1678 expositionem
941 1605 1257 1679 diligenter
1303 1609 1559 1664 attende.
1611 1610 1888 1667 Lectulus
1938 1612 2103 1668 Salo-

456 1694 650 1751 monis
680 1700 1000 1752 esteorum
1035 1696 1136 1767 qui
1182 1696 1503 1764 salvantur,
1556 1697 1741 1756 locus.
1795 1701 2106 1773 Sexaginta

456 1800 655 1840 autem
706 1786 884 1840 fortes
933 1785 1033 1856 qui
1093 1785 1262 1841 illum
1328 1787 1623 1857 ambiunt,
1674 1792 1815 1845 sunt
1862 1790 1946 1845 illi
1991 1790 2104 1863 ipsi

2205 610 2258 665 ἐν
2320 616 2398 684 τῷ
2423 616 2551 686 πυρὶ
2583 618 2679 668 τοῦ
2736 612 3042 685 πνεύματος
3090 609 3216 667 τόδε
3253 611 3318 667 τὸ
3365 615 3468 666 πᾶν
3502 611 3667 666 οἱονεὶ
3698 606 3858 685 ἕψον-

2202 725 2297 766 τος
2322 703 2661 775 ἐξεταπικοῦ
2688 704 2876 781 λόγου.

2280 791 2419 849 Ἰδοὺ
2473 797 2506 865 ἠ
2561 795 2725 865 κλίνη
2784 799 2882 850 τοῦ
2957 793 3252 868 Σολομὼν,
3324 793 3582 864 ἐξήκοντα
3636 786 3853 847 δυνατοὶ

2204 883 2396 957 κύκλῳ
2450 884 2615 955 αὐτῆς
2680 885 2785 939 ἀπὸ
2866 889 2974 940 τῶν
3060 882 3300 939 δυνατῶν
3359 881 3606 959 Ἰσραὴλ,
3658 883 3861 944 πάντες

2206 973 2527 1048 κατέχοντες
2580 973 2852 1051 ῥομφαίας
2915 970 3297 1049 δεδιδαγμένοι
3356 970 3601 1044 πόλεμον
3637 992 3650 1005 ·
3688 972 3855 1047 ανὴρ,

2209 1065 2449 1143 ῥομφαία
2500 1065 2667 1120 αὐτοῦ
2744 1064 2832 1120 ἐπὶ
2904 1066 2996 1120 τὸν
3070 1063 3247 1141 μηρὸν
3330 1064 3495 1119 αὐτοῦ
3545 1062 3652 1119 ἀπὸ
3713 1065 3861 1135 θάμ-

2208 1148 2336 1214 ϐους
2368 1152 2418 1208 ἐν
2448 1155 2535 1225 νυξ
2548 1174 2614 1211 ιν.

2912 1256 3157 1314 Ψελλοῦ.

2281 1351 2348 1407 Οἱ
2374 1348 2526 1426 φίλοι
2555 1354 2722 1405 ταῦτα
2752 1347 2973 1424 λεγουσι
3000 1346 3156 1403 δῆθεν
3186 1348 3323 1423 πρὸς
3352 1347 3449 1415 τὴν
3476 1347 3767 1423 παρθένον,

2208 1441 2285 1498 Τὸ
2314 1438 2521 1501 κάλλος
2553 1438 2924 1517 ἀφηγούμενοι
2956 1445 3055 1507 τῆς
3086 1436 3283 1508 κλίνης
3313 1441 3410 1492 τοῦ
3439 1436 3704 1511 νυμφίου,

2211 1530 2299 1590 Ὠς
2335 1525 2547 1601 μᾶλλον
2584 1527 3013 1602 ὑπανὰψωσιτὸν
3046 1528 3215 1582 πόνον
3244 1526 3335 1581 τὸν
3366 1529 3466 1591 τῆς
3496 1525 3719 1603 νύμφης
3754 1542 3768 1555 ·

2214 1618 2290 1673 Σὺ
2324 1615 2380 1673 δέ
2414 1638 2505 1691 μοι
2540 1614 2747 1695 σφόδρα
2786 1618 3028 1692 πρόσεχε
3053 1620 3123 1690 τῇ
3152 1616 3359 1671 τούτων
3392 1615 3644 1689 ἰξηγήσει
3678 1621 3693 1647 ‘

2213 1705 2294 1762 Κλ
2307 1706 2385 1777 ἷνη
2421 1708 2681 1781 τυγχάνει
2715 1704 2989 1778 Σολομῶν
3018 1706 3045 1760 ὁ
3071 1709 3178 1759 τῶν
3212 1705 3489 1760 σωθέντων
3513 1704 3707 1765 τόπος.

2213 1797 2506 1869 Ἑξήκοντα
2537 1793 2595 1850 δὲ
2627 1793 2844 1849 δυνατοὶ
2875 1792 3326 1871 περικυκλοῦντες
3349 1793 3577 1863 ταύτην,

456 1875 736 1947 profecto,
771 1874 873 1946 qui
906 1874 1110 1930 salvati
1143 1878 1301 1931 sunt.
1356 1878 1666 1949 Sexaginta
1713 1894 1847 1935 vero
1895 1880 2106 1936 dicun-

2230 1887 2420 1946 Ὀντως
2454 1884 2605 1939 αὐτοὶ
2638 1882 2934 1960 πεφύκασιν
2968 1885 3020 1937 οἱ
3052 1884 3192 1938 πάνυ
3224 1882 3576 1955 σεσωσμένοι.

453 1966 555 2019 tur
611 1962 975 2034 quicumque
1029 1964 1226 2019 divina
1282 1966 1471 2036 gratia
1533 1983 1664 2022 vere
1733 1972 2098 2040 praestantes,

459 2053 795 2108 daemonum
847 2052 947 2122 qui
998 2068 1102 2124 per
1151 2059 1350 2109 noctes
1407 2054 1678 2112 homines
1735 2063 2100 2129 oppugnant,

458 2141 696 2213 agmina
766 2140 1078 2195 formidine
1151 2142 1540 2213 repleverunt.
1596 2145 2099 2208 Quemadmodum

455 2229 649 2303 gladio
713 2228 803 2283 vir
873 2230 1191 2299 accinctus,
1252 2231 1515 2288 imbelles
1582 2233 1853 2291 homines
1921 2240 1978 2292 et
2041 2236 2101 2292 in

459 2318 677 2391 praeliis
758 2317 955 2373 minus
1041 2318 1386 2375 exercitatos
1485 2324 1923 2393 perterrefacit.
2016 2325 2103 2381 Illi

460 2408 614 2463 enim
696 2408 866 2479 signo
943 2408 1135 2464 crucis
1210 2413 1497 2482 tanquam
1582 2411 1780 2484 gladio
1863 2414 2103 2487 ancipiti

462 2496 694 2564 armati,
754 2496 1039 2553 adversus
1097 2497 1467 2570 principatus
1526 2505 1584 2556 et
1641 2505 1845 2558 contra
1899 2505 2105 2559 mundi

460 2590 517 2640 et
593 2585 968 2641 tenebrarum
1049 2586 1373 2658 principem
1444 2589 1622 2645 Satan
1693 2591 2098 2649 constiterunt.

456 2677 589 2733 Hinc
646 2677 886 2748 quidem
945 2694 978 2730 a
1037 2678 1207 2732 nobis
1262 2695 1361 2748 pro
1419 2680 1642 2738 viribus
1715 2683 1873 2740 dicta
1944 2689 2107 2756 sunt,

461 2766 623 2828 Quod
659 2765 707 2821 ei
735 2766 1018 2821 orationis
1052 2766 1235 2822 series
1273 2767 1423 2823 baud
1460 2769 1541 2824 ita
1587 2772 1865 2828 continua
1913 2773 2109 2830 videa-

459 2859 577 2920 tur,
629 2870 701 2909 ne
751 2853 1084 2924 admireris,
1135 2872 1166 2911 ο
1216 2857 1514 2930 princeps,
1566 2874 1707 2914 neve
1739 2877 2109 2919 commovea-

458 2946 540 2999 ris
600 2960 612 2998 :
676 2944 759 3000 sic
816 2944 976 3000 enim
1035 2944 1315 3017 pleraque
1373 2954 1513 3003 sunt
1571 2951 1791 3023 scripta
1860 2952 2110 3025 prophe-

460 3033 597 3089 tica.

1055 3407 1240 3462 Trium
1276 3409 1532 3464 Patrum.

544 3494 848 3566 Discipulzs
879 3494 1080 3567 igitur,
1107 3512 1236 3567 quae
1267 3498 1339 3552 de
1371 3499 1653 3571 magistra
1683 3518 1791 3557 sua
1820 3503 2120 3562 dubitave-

468 3589 620 3653 rant,
655 3600 923 3657 qusenam
956 3589 1135 3651 esset,
1168 3602 1322 3642 nunc
1353 3589 1423 3643 de
1452 3588 1577 3659 ipsa
1627 3590 1904 3648 dicuntur
1936 3611 1949 3650 :
1982 3596 2119 3652 Ecce

465 3674 722 3730 lectulum
751 3674 1079 3744 Salomonis,
1113 3674 1173 3729 in
1225 3692 1340 3745 quo
1396 3677 1633 3748 quidem
1685 3680 1952 3738 Christus
2000 3684 2119 3740 Rex

468 3764 749 3836 pacificus
782 3763 1169 3834 conquiescit,
1204 3765 1303 3837 qui
1339 3782 1448 3822 nos
1478 3774 1605 3822 tum
1639 3769 1775 3841 sibi,
1807 3774 1936 3827 tum
1968 3772 2122 3829 inter

468 3870 596 3924 nos,
630 3858 755 3908 tum
788 3854 943 3907 Patri
976 3869 1083 3909 suo
1116 3853 1539 3912 reconciliavit.
1575 3858 1893 3931 Sexaginta
1940 3862 2119 3919 fortes

468 3942 739 3998 ambiunt
770 3959 783 3997 :
818 3941 1204 4014 cogitationes
1239 3943 1522 4000 nimirum
1553 3947 1840 4017 efﬁcaces,
1875 3967 2001 4022 qua:
2032 3951 2120 4007 di-

466 4030 602 4086 vina
630 4030 844 4085 virtute
876 4031 1136 4101 undique
1162 4036 1405 4087 tuentur
1434 4033 1690 4091 animam
1722 4037 1794 4091 ad
1826 4038 1929 4093 Dei
1957 4039 2121 4110 quie-

475 4124 590 4175 tem
618 4124 1025 4190 praeparatam,
1055 4120 1337 4176 adversus
1371 4122 1633 4180 fallacias
1664 4126 1981 4197 spirituum
2012 4128 2121 4183 im-

470 4207 985 4280 proborum.Ratio
1003 4207 1156 4262 enim
1177 4224 1306 4279 qua:
1325 4212 1584 4283 quinque
1603 4215 1877 4271 sensibus
1895 4220 2122 4288 praeest,

472 4295 650 4352 simul
682 4312 815 4351 cum
848 4295 995 4367 ipsis
1026 4298 1297 4353 sensibus
1329 4304 1567 4372 accepta
1600 4303 1899 4360 senarium
1939 4306 2123 4361 conﬁ-

475 4385 591 4440 ciat
622 4401 961 4439 numerum.
993 4387 1065 4441 At
1096 4402 1229 4442 cum
1264 4388 1457 4445 divina
1488 4397 1777 4463 praecepta
1807 4409 1933 4464 quas
1988 4399 2127 4451 sunt

476 4475 676 4530 decem
709 4489 973 4545 numero,
1014 4474 1064 4530 is
1116 4476 1216 4547 qui
1266 4479 1541 4534 sensibus
1584 4482 1808 4537 ratione
1856 4482 2123 4554 imperat,

478 4562 725 4636 perﬁcit,
760 4579 1072 4620 numerum
1107 4564 1356 4621 absolvit
1386 4569 1853 4640 sexagenarium,
1905 4576 1961 4627 et
2009 4573 2127 4627 vir-

2212 1975 2507 2045 Ἑξήκοντα
2536 1970 2593 2028 δὲ
2625 1972 2873 2048 λέγονται
2902 1977 2983 2043 τῷ
3014 1970 3168 2047 λόγῳ
3194 1976 3303 2027 τῶν
3335 1972 3649 2046 Ἀσμάτων,

2213 2063 2425 2123 Οῗτινες
2455 2058 2631 2123 οὕτως
2662 2058 2877 2115 δυνατοὶ
2906 2064 2975 2134 τῇ
3003 2060 3189 2135 χάριτι
3215 2063 3285 2133 τῇ
3313 2060 3449 2131 θείᾳ,

2214 2147 2469 2223 Θάμϐους
2498 2149 2800 2220 ἐνέπλησαν
2831 2147 3049 2205 πολλοῦ
3078 2151 3145 2204 τὰ
3174 2149 3337 2224 στίχη
3358 2153 3465 2205 τῶν
3488 2144 3791 2222 δαιμόνων,

2213 2244 2336 2298 Τῶν
2371 2239 2421 2294 έν
2454 2239 2568 2309 νυξὶ
2595 2240 2687 2294 τὸν
2721 2237 2964 2311 πόλεμον
3000 2237 3248 2313 ἐχόντων
3279 2240 3398 2293 κατ’
3428 2238 3730 2312 ἀνθρώπων
3770 2254 3784 2268 ο

2212 2334 2414 2405 ’Ὠσπερ
2456 2327 2747 2399 ἐκπλήττει
2801 2348 2883 2390 τις
2933 2327 3071 2404 ἀνὴρ
3123 2327 3395 2406 ῥομφαίαν
3445 2325 3532 2383 ἐπὶ
3564 2327 3656 2382 τὸν
3688 2326 3873 2400 μηρὸν

2214 2418 2424 2492 Φέρων,
2452 2416 2580 2480 τοὺς
2618 2418 2695 2491 μὴ
2726 2417 2864 2491 πρὸς
2895 2414 3141 2489 πολεμον
3189 2415 3374 2478 καλῶς
3406 2413 3877 2489 ἐκδεδοκιμασμε-

3692 2506 3844 2577 [νους
3858 2546 3874 2559 .

2214 2597 2447 2653 Ἐκεῖνοι
2476 2593 2578 2669 γὰρ
2620 2594 3040 2667 σπασάμενοιτὸ
3067 2600 3164 2650 τοῦ
3196 2598 3429 2669 σταυροῦ
3462 2596 3718 2667 σημεῖον,

2215 2688 2420 2761 ’Ὠσπερ
2453 2684 2725 2759 ῥομφαίαν
2762 2680 3017 2756 δίστομον
3051 2684 3400 2756 ἠκονημένην
3435 2681 3578 2749 λίαν,

2217 2776 2360 2851 sps;
2387 2774 2481 2835 τὰς
2513 2774 2688 2849 ἀρχὰς
2720 2773 3045 2842 ἀντέστησαν
3068 2774 3157 2828 καὶ
3184 2773 3325 2847 πρὸς
3351 2773 3449 2833 τὰς
3477 2769 3742 2841 ἐξουσίας,

2224 2867 2336 2922 Τοῦ
2392 2864 2836 2937 κοσμοκράτορος
2909 2864 3083 2917 Σατὰν
3148 2866 3246 2917 τοῦ
3303 2860 3527 2922 σκύτους
3584 2863 3683 2913 τοῦ
3740 2877 3882 2933 προσ

3628 2945 3877 3022 [στάτου.

2220 3040 2403 3101 Ταῦτα
2438 3040 2532 3114 μὶν
2564 3036 2712 3095 οὕτω
2743 3039 2871 3115 παρ’
2892 3040 2925 3110 ἠ
2936 3042 3051 3113 μῶν
3081 3039 3156 3103 ὡς
3186 3036 3406 3094 δυνατὸν
3422 3035 3652 3112 ἐλέχθη.

2222 3131 2285 3189 Εἰ
2318 3128 2364 3186 δ’
2388 3128 2525 3191 *ίσως
2554 3128 2689 3184 κατᾶ
2721 3128 2964 3202 σύνταξιν
2996 3129 3023 3183 ὁ
3056 3126 3219 3205 λόγος
3242 3126 3303 3182 ού
3332 3121 3637 3201 προϐαίνει,

2222 3221 2313 3290 Μὴ
2341 3220 2404 3275 τὸ
2438 3220 2735 3294 θαυμάζῃς,
2763 3215 3015 3289 δέσποτα,
3044 3218 3118 3292 μὴ
3148 3217 3212 3272 τὸ
3244 3213 3647 3292 δυσαρεστήσῃς
3672 3232 3687 3247 ’

2225 3309 2383 3369 Οὕτω
2413 3309 2515 3385 γὰρ
2548 3307 2663 3385 ἔχει
2694 3308 2761 3363 τὰ
2790 3305 2979 3363 πυλλᾶ
3007 3310 3113 3362 τῶν
3137 3303 3660 3382 προφητικωτέρων.

2791 3420 2910 3472 Τῶν
2951 3416 2996 3490 γ’
3028 3413 3303 3488 Ιιατέρων.

2226 3507 2634 3580 Δῖαπορήσασαι
2691 3503 2871 3558 τοίνυν
2932 3502 3057 3578 περὶ
3102 3508 3201 3563 τ’ἲς
3262 3498 3594 3556 διδασκάλου
3651 3495 3711 3552 αἴ
3778 3517 3883 3570 μα-

2229 3597 2469 3669 θήτριαι,
2501 3592 2583 3648 ὅτι
2612 3592 2695 3653 τίς
2726 3592 2865 3647 ἐστιν
2905 3588 3064 3661 αὕτη,
3105 3596 3195 3646 νῦν
3248 3611 3377 3645 φασι
3416 3588 3541 3663 περὶ
3572 3587 3741 3654 αὐτῆς
3759 3585 3825 3641 τό
3867 3606 3879 3619 ο

2229 3679 2425 3751 Ἰδοὺ-ἧ
2462 3680 2623 3751 κλίνη
2658 3683 2752 3735 τοῦ
2801 3678 3070 3752 Σολομών
3100 3698 3112 3711 ·
3168 3677 3247 3755 ἐφ’
3292 3677 3363 3747 ἦς
3405 3677 3620 3737 πάντως
3682 3673 3884 3728 ἐπανα-

2226 3770 2451 3826 παύεται
2486 3769 2512 3822 ὁ
2544 3768 2678 3845 πρὸς
2737 3768 2922 3823 ἑαυτὸν
2972 3768 3060 3822 καὶ
3118 3768 3252 3841 πρὸς
3302 3762 3588 3837 ἀλλήλους
3621 3764 3707 3818 καὶ
3742 3762 3881 3837 πρὸς

2225 3864 2316 3919 τὸν
2372 3859 2509 3915 ἴδιον
2586 3861 2796 3930 Πατέρα
2876 3856 3263 3914 καταλλάττων
3343 3859 3490 3929 ἡμᾶς
3561 3854 3882 3928 Χριστὸς,ό

2230 3951 2503 4027 εἰρηνικὸς
2542 3948 2816 4025 βασιλεύς.
2851 3948 3145 4019 Ἐξήκοντα
3193 3944 3408 4002 δυνατοὶ
3440 3943 3629 4021 κύκλῳ
3688 3943 3883 4011 αὐτῆς,

2229 4039 2384 4115 οἷ’περ
2407 4039 2538 4094 εἰσὶν
2591 4038 2645 4091 οἳ
2707 4036 2827 4109 θείᾳ
2890 4035 3123 4110 δυνάμει
3179 4034 3518 4109 πανταχόθεν
3549 4030 3886 4109 περιφυλάτ-

2231 4149 2412 4191 τοντες
2462 4129 2559 4195 τὴν
2604 4126 2678 4188 είς
2726 4125 3022 4181 ἀνάπαυσιν
3066 4128 3200 4180 Θεοῦ
3250 4122 3657 4195 ἐτοιμασθεῖσαν
3692 4120 3887 4193 ψυχὴν

2229 4219 2335 4274 ἀπὸ
2379 4222 2486 4273 τῶν
2542 4211 3023 4272 ἐπιϐουλευόντων
3082 4217 3406 4287 πνευμάτων
3460 4218 3561 4280 τῆς
3615 4208 3887 4283 πονηρίας

2234 4306 2577 4383 ένεργητικοὶ
2610 4304 2869 4380 λογισμοί
2894 4323 2906 4338 ο
2939 4309 3037 4359 τοῦ
3068 4304 3171 4379 γὰρ
3221 4308 3341 4365 ταῖς
3370 4299 3527 4357 πέντε
3570 4299 3893 4370 πίσθησεσιν

2237 4398 2648 4455 ἐπιστατοῦντος
2709 4392 2877 4468 λόγου
2937 4390 3051 4467 ἅμα
3096 4391 3317 4454 ταύταις
3360 4389 3451 4446 τὸν
3484 4386 3533 4462 ἔξ
3565 4386 3895 4444 ἀποτελοῦν-

2233 4506 2328 4547 τος
2361 4482 2778 4559 ἀριθμόν·τῶν
2841 4480 2899 4537 δὲ
2963 4481 3119 4536 θείων
3192 4479 3426 4535 έντοΑῶν
3496 4477 3892 4551 έκπΛηρουσῶν

2234 4575 2326 4629 τὸν
2369 4570 2518 4643 δέκα,
2550 4573 2676 4626 ὅταν
2711 4571 2738 4625 ὁ
2772 4570 2926 4645 λόγῳ
2978 4570 3277 4626 ἐπιστατῶν
3309 4573 3429 4629 ταῖς
3464 4565 3745 4635 αἲσθήσεσι
3794 4563 3893 4625 τὰς

476 4655 602 4708 tute
650 4652 869 4721 vivens,
920 4660 984 4707 ut
1036 4653 1259 4709 dictum
1311 4661 1416 4711 est.
1473 4662 1556 4713 Ex
1582 4659 1906 4729 fortissimis
1936 4663 2116 4718 Israel.

2237 4664 2381 4728 θείας
2433 4664 2565 4735 ποιῇ
2654 4659 2899 4731 ἐντολὰς,
2952 4656 3328 4730 έξαπλασιάζει
3391 4657 3489 4724 τὴν
3548 4650 3748 4709 δεκάδα
3776 4657 3886 4707 τῶν

476 4741 547 4797 Ηὶ
578 4746 720 4797 sunt
750 4741 989 4798 omnino
1042 4760 1187 4798 vera:
1239 4747 1456 4802 mentis
1504 4748 1688 4804 Deum
1736 4750 1989 4807 videntis
2021 4768 2123 4807 no-

475 4831 690 4897 tiones,
724 4847 792 4886 ex
821 4831 1038 4902 quibus
1071 4837 1344 4890 constant
1376 4836 1643 4894 efﬁcaces
1674 4837 1786 4894 illa:
1826 4840 2126 4911 cogitatio-

477 4937 581 4977 nes
603 4922 673 4977 ad
696 4921 918 4976 bonum
932 4924 1850 4995 peragendum.Ambiuntautem
1866 4930 2127 4986 animam

479 5010 539 5065 in
571 5027 689 5082 qua
718 5009 873 5065 Deus
906 5010 1243 5082 requiescit,
1277 5031 1481 5072 omnes
1512 5021 1778 5073 tenentes
1803 5017 2028 5090 gladios
2074 5024 2132 5075 et

483 5099 553 5154 ad
590 5097 742 5154 bella
773 5098 1123 5155 doctissimi.
1154 5101 1553 5174 Cogitationes
1582 5105 1737 5161 enim
1789 5123 1916 5178 quis
1964 5108 2130 5164 dictis

483 5192 644 5254 sunt,
694 5203 762 5242 ex
806 5189 1323 5262 contemplationis
1376 5194 1615 5263 quidem
1666 5194 1872 5251 habitu
1904 5196 2133 5268 gladios

484 5278 703 5333 habent
733 5277 1040 5349 ancipites,
1073 5280 1292 5351 quibus
1336 5297 1403 5337 ea
1456 5298 1581 5355 quae
1633 5287 1772 5339 sunt
1821 5286 2132 5358 contraria,

484 5366 812 5436 dijudicent
845 5383 856 5420 :
892 5384 961 5422 ex
992 5368 1236 5424 actionis
1269 5375 1463 5425 autem
1498 5371 1549 5425 vi
1601 5389 1774 5428 usum
1825 5378 1999 5446 atque
2047 5392 2137 5432 ex-

487 5454 833 5527 perientiam
866 5456 1151 5527 obtinent,
1185 5460 1477 5528 quomodo
1524 5461 1751 5531 possint
1791 5463 2137 5520 adversariae

490 5548 810 5615 potestates
880 5545 1204 5619 proﬂigari.
1270 5550 1704 5624 Uniuscujusque
1769 5555 1913 5608 ensis
1972 5570 2140 5626 super

488 5640 672 5704 femur
726 5649 910 5703 suum,
963 5652 999 5691 α
1050 5638 1245 5694 timore
1274 5638 1334 5693 in
1382 5640 1651 5696 noctibus.
1713 5640 1968 5715 Singula:
2025 5641 2138 5700 illis

491 5739 615 5796 quae
647 5720 927 5794 diximus,
955 5727 1366 5800 cogitationes,
1414 5728 1677 5802 gladium
1726 5731 1970 5805 spiritus
2025 5750 2140 5806 quo

2236 4751 2493 4823 ἐντολῶν,
2525 4748 2613 4804 καὶ
2642 4750 2733 4804 τὸν
2785 4749 3044 4820 ἑξήκοντα
3092 4743 3351 4803 ἀποτελεῖ
3380 4744 3630 4820 ἀριθμὸν,
3656 4744 3720 4797 τὸ
3752 4742 3895 4815 ἀγα-

2238 4842 2353 4911 ϐον,
2387 4840 2461 4903 ὡς
2487 4838 2722 4913 εἴρηται,
2769 4837 3152 4912 ἐργαζόμενος.
3206 4835 3339 4892 Ἀπὸ
3390 4829 3626 4888 δυνατῶν
3666 4827 3892 4904 Ἰσραήλ

2238 4930 2403 4987 Οὗτοι
2436 4925 2494 4982 δὶ
2524 4928 2739 4989 πάντως
2769 4927 2824 4980 αἱ
2872 4924 3095 4995 ἀληθεῖς
3141 4927 3239 4979 τοῦ
3301 4923 3541 4997 ὁρῶντος
3599 4923 3737 4974 Θεοῦ
3796 4922 3895 4975 νοῦ

2242 5018 2375 5073 εἰσιν
2436 5014 2659 5071 ἔννοιαι.
2737 5015 2828 5088 ἀφ’
2876 5015 2951 5067 ὧν
3031 5010 3384 5090 ὑφιστάμενοι
3438 5009 3492 5063 οἱ
3546 5012 3644 5063 τοῦ
3688 5008 3898 5083 ἀγαθοῦ

2242 5104 2581 5180 ένεργητικοὶ
2634 5101 2920 5177 λογισμοὶ,
2979 5100 3442 5176 περιφυλάττουσι
3496 5099 3597 5165 τὴν
3648 5094 3700 5151 ἰν
3730 5095 3899 5167 inuti

2243 5192 2691 5251 ἐπαναπαύσασαν
2722 5190 2815 5247 τὸν
2870 5188 3145 5265 εἶρηνικὸν
3195 5187 3423 5263 βασιλέα
3461 5186 3673 5262 ψυχὴν,
3702 5187 3902 5245 πάντες

2242 5284 2568 5358 κατέχοντες
2619 5281 2917 5357 ῥομφαίας.
2965 5276 3341 5353 δεδιδαγμένοι
3386 5273 3653 5348 πόλεμον.
3696 5274 3904 5335 Πάντες

2247 5370 2303 5427 δὶ
2335 5371 2391 5426 οἷ’
2419 5370 2702 5448 εἰρημένοι
2755 5368 3041 5444 λογισμοὶ,
3087 5368 3206 5422 καθ’
3245 5364 3347 5436 ἕξιν
3404 5366 3499 5437 μὶν
3531 5363 3903 5437 θεωρητικήν,

2248 5463 2337 5516 οἷα
2364 5458 2637 5539 ρομφαίας
2697 5456 2987 5533 διο-τόμους
3035 5456 3132 5519 τὰς
3175 5452 3469 5529 διακρίσεις
3506 5456 3613 5507 τῶν
3647 5449 3902 5506 ἐναντίων

2248 5551 2540 5626 κατέχουσι
2575 5568 2587 5580 ⁶
2638 5548 2755 5603 κατ’
2815 5548 3083 5623 ἐνέργειαν
3141 5542 3198 5599 δὲ
3254 5543 3559 5619 πρακτικὴν
3608 5539 3903 5615 πεπείραν-

2246 5644 2452 5697 ταιτοῦ
2483 5643 2599 5702 πῶς
2646 5636 2728 5694 δεῖ
2784 5642 2903 5700 ταῖς
2961 5633 3220 5695 ἐναντίαις
3277 5629 3538 5706 δυνάμεσι
3599 5630 3897 5705 μάχεσθαι.

2247 5734 2415 5804 ’Δνῆρ
2470 5728 2714 5807 ῥομφαία
2782 5726 2945 5784 αὐτοῦ
3020 5724 3111 5782 ἐπὶ
3178 5723 3270 5781 τὸν
3330 5721 3504 5798 μηρὸν
3567 5719 3733 5776 αὐτοῦ
3792 5719 3900 5773 ἀπὸ
