4072 6346
247 401 377 461 605

1295 404 1698 465 COMMENT.
1748 405 1825 464 IN
1871 403 2280 464 CANTICUM
2327 403 2632 464 CANTIC.

3548 401 3667 463 606

251 525 506 604 ϐάμϐους
566 530 617 586 ἓν
673 529 838 602 νυξίν*
894 527 1066 606 ἤγουν
1102 576 1118 600 ,
1173 529 1395 596 ἕκαστος
1438 539 1544 590 τῶν
1597 534 1899 609 εἲρημένων

2021 534 2160 590 vitia
2189 533 2888 606 conciduntur,adversus
2917 533 3431 606 concupiscentem
3455 532 3664 590 animm

249 618 541 695 λογισμῶν
575 622 674 690 την
701 621 1041 697 ἀναιρετικὴν
1070 626 1176 676 τῶν
1222 625 1405 678 παθῶν
1471 622 1744 699 μάχαιραν
1803 627 1902 678 τοῦ

247 710 561 783 πνεύματος
635 713 771 765 κατὰ
832 715 930 775 τῆς
1007 711 1407 784 ἐπιθυμητικῆς
1465 711 1744 785 δυνάμεως
1802 719 1902 781 τῆς

249 802 442 873 ψυχῆς
505 798 835 877 ἐπιφέρεται,
907 797 993 854 διὰ
1052 797 1218 871 φόϐον
1277 807 1384 856 τῶν
1444 798 1906 857 ἐπιϐουλευόντων

250 889 395 962 αὖτῇ
427 887 478 943 ἐν
510 889 621 958 νυξὶ
671 895 772 957 τῆς
829 889 1068 963 ἀγνοίας,
1101 890 1235 944 κατά
1262 893 1357 952 τάς
1389 889 1622 967 ἀλόγους
1652 898 1754 959 τῆς
1787 890 1904 945 ἐπι-

250 977 453 1050 θυμίας
484 979 662 1054 ὁρμῆς
687 978 1073 1052 πονηροτάτων
1111 976 1408 1052 δαιμόνων,

327 1073 561 1142 Φορεῖον
603 1065 862 1138 ἐποίησαν
895 1068 1068 1140 ὲαοτῷ
1101 1069 1128 1123 6
1183 1067 1435 1145 βασιλεὺς
1487 1068 1756 1141 Σολομὼν
1802 1068 1907 1123 ἀπὸ

247 1154 432 1228 ξύλων
458 1160 554 1209 τοῦ
584 1150 839 1213 Λιϐάνου.
871 1155 1116 1219 Στόλους
1145 1157 1308 1213 αὐτοῦ
1340 1157 1590 1228 ἐποίησεν
1627 1156 1906 1233 ἀργύριον,

244 1244 342 1299 καὶ
374 1242 660 1300 ἀνάκλιτον
695 1243 857 1300 αὐτοῦ
884 1245 1142 1321 χρύσεον
1178 1241 1424 1308 ἐπίϐασις
1447 1247 1611 1301 αὐτοῦ
1635 1251 1906 1324 πορφυρᾶ,

247 1333 403 1395 ἑντὸς
435 1333 597 1389 αὐτοῦ
629 1332 1019 1410 λιθόστρωτον,
1054 1336 1268 1412 ἀγάπην
1317 1336 1422 1392 ἀπὸ
1469 1335 1773 1412 θυγατέρων
1817 1336 1909 1392 Ἰε-

249 1421 500 1499 ρουσαλή
513 1445 570 1498 μ.

948 1529 1193 1588 Ψελλοῦ.

249 1625 486 1694 Φορεῖον
519 1618 769 1691 ἐποίησιν
803 1621 977 1694 ἑαυτῷ
1016 1621 1045 1676 6
1079 1620 1334 1696 βασιλεὺς
1366 1621 1660 1696 Σολομών,

246 1710 312 1767 Ὀ
347 1707 513 1777 λόγος
550 1711 578 1764 6
605 1711 963 1786 προκείμενος
990 1714 1086 1765 τοῦ
1121 1709 1322 1782 μὲλους
1350 1715 1460 1766 τῶν
1489 1711 1779 1786 ’ᾼσμάτων

249 1801 372 1868 Τήν
405 1798 457 1870 ἐξ
481 1797 650 1863 ἐθνῶν
681 1798 973 1854 αἰνίττεται
1003 1799 1296 1874 πανσόφως
1327 1797 1679 1871 Ἐκκλησίαν.

244 1889 315 1946 Ὁ
352 1886 604 1962 βασιλεὺς
635 1887 736 1963 γὰρ
769 1887 1064 1960 Σολομῶν,
1096 1889 1370 1943 τουτέστιν
1403 1890 1431 1943 6
1457 1888 1714 1967 νυμφίος,

251 1979 359 2039 ’⁸ος
399 1975 540 2032 ἐστιν
571 1982 677 2032 τῶν
711 1976 877 2040 ἐθνῶν
916 1982 1022 2042 τῶν
1054 1978 1388 2051 ἀπωσμένων
1422 1977 1611 2035 πάλαι.

254 2069 413 2123 Ἔστι
450 2067 544 2138 μὲν
571 2068 672 2141 γὰρ
703 2067 792 2121 καὶ
824 2061 1054 2128 Λίϐανος
1086 2068 1301 2134 σεπτὸς,
1332 2068 1684 2141 ἡγιασμένος,

253 2155 485 2217 Οὖτινος
519 2156 786 2228 μέμνηται
818 2151 984 2210 Δαϐὶδ
1017 2158 1044 2211 6
1076 2154 1492 2235 ψαλμιγράφος,
1527 2156 1725 2232 λέγων’

249 2246 351 2306 Ὦς
383 2245 560 2322 φοῖνιξ
591 2244 867 2315 ἐξανθήσει
900 2243 1110 2308 δίκαιος
1152 2245 1206 2300 ἐν
1238 2247 1444 2321 Κυρίῳ,

251 2334 355 2388 Καὶ
384 2333 826 2404 πληθυνθήσεται
859 2333 1044 2396 καλῶς
1075 2335 1147 2396 ὡς
1176 2333 1365 2410 κέδρος
1397 2335 1448 2390 ἐν
1483 2331 1727 2410 Λιϐάνῳ.

247 2424 406 2479 ’Ἐστι
441 2420 496 2476 δὲ
527 2422 691 2477 πάλιν
724 2418 962 2486 Λίϐανος
994 2419 1310 2494 ἀπόϐλητος
1339 2423 1392 2478 ἐν
1424 2429 1609 2492 πᾶσιν,

249 2511 438 2581 Οὗπερ
471 2510 757 2588 ἐπεύχεται
787 2508 954 2566 Δαϐἱδ
986 2513 1081 2574 τὰς
1120 2510 1344 2588 κὲδρους
1377 2509 1742 2586 συντριϐῆναι.

249 2601 502 2663 Στῦλους
535 2599 592 2655 δὲ
618 2601 678 2656 σό
716 2623 808 2675 μοι
835 2601 1031 2672 νόησον
1061 2602 1150 2656 καὶ
1188 2603 1368 2677 βάσεις
1395 2608 1492 2658 τοῦ
1521 2603 1763 2679 φορείου,

245 2687 396 2752 Τοὺς
421 2688 766 2754 ἀποστόλους
795 2690 1022 2760 άληθῶς
1050 2689 1139 2745 καί
1166 2689 1292 2753 τοὺς
1323 2694 1606 2769 προφήτας
1649 2692 1834 2763 ὅλους,

249 2776 468 2839 Οῗτινες
506 2779 860 2852 ὑπεστήριξαν
893 2781 1132 2854 Χριστοῦ
1159 2781 1258 2849 τὴν
1293 2779 1640 2851 Ἐκκλησίαν,

249 2870 357 2924 Καὶ
389 2869 487 2936 τήν
513 2867 722 2944 ἀγάπην
762 2866 1017 2940 ηὔξησαν,
1050 2866 1217 2944 ἤγουν
1247 2870 1346 2938 τήν
1381 2869 1673 2947 σωτηρίαν.

254 2961 384 3016 Τῶν
417 2957 766 3028 ἀνθρωπίνων
801 2954 1015 3027 δηλαδή
1057 2961 1250 3034 ψυχῶν
1281 2963 1388 3013 τῶν
1421 2959 1780 3032 ἀπωσμὲνων.

245 3050 430 3101 Ταῦτα
461 3047 555 3118 μὲν
588 3045 678 3100 οὖν
713 3044 1020 3116 λελάληκεν
1052 3047 1185 3123 ὑπὲρ
1215 3047 1382 3118 αὐτῆς
1407 3051 1442 3117 ἡ
1473 3050 1684 3123 νύμφη.

826 3155 950 3209 Τῶν
980 3154 1029 3228 γ’
1059 3155 1308 3228 Πατὲρων
1319 3200 1332 3212 ,

2015 628 2364 696 potestatem
2398 624 2710 686 intentant.
2745 628 2981 696 propter
3021 625 3305 680 terrorem
3357 639 3536 695 quam
3565 639 3665 680 ne-

2015 711 2289 785 quissimi
2320 713 2615 768 daemones
2643 712 2794 767 dolis
2846 712 2971 768 suis
3013 712 3221 767 anima:
3271 712 3561 783 objiciunt
3604 711 3664 767 in

2015 802 2287 857 noctibus
2309 803 2780 874 ignorantiae,per
2805 802 3058 873 impetus
3081 801 3422 873 cupiditatis
3453 800 3663 858 rationi

2018 895 2437 962 repugnantes.

2088 1069 2372 1123 Ferculum
2401 1070 2529 1138 feeit
2551 1068 2660 1123 sibi
2689 1083 2789 1123 rex
2819 1067 3077 1123 Salomon
3104 1067 3169 1122 de
3200 1067 3380 1140 lignis
3409 1067 3616 1123 Libani
3644 1083 3661 1122 :

2016 1157 2304 1214 columnas
2374 1159 2490 1215 eius
2571 1158 2704 1226 fecit
2771 1165 3079 1227 argenteas,
3135 1159 3191 1212 et
3245 1157 3666 1212 reclinatorium

2015 1248 2132 1318 ejus
2188 1263 2436 1315 aureum,
2496 1262 2791 1302 ascensum
2847 1247 2966 1316 eius
3010 1261 3375 1318 purpureum,
3422 1245 3665 1300 medium

2017 1336 2135 1407 ejus
2187 1336 2465 1408 lapidibus
2530 1343 2898 1402 constratum,
2960 1335 3292 1392 charitutem
3349 1351 3386 1390 a
3444 1334 3665 1405 ﬁliabus

2016 1425 2340 1482 Jerusalem.

2740 1532 2937 1588 Pselti.

2088 1621 2380 1680 Ferculum
2405 1623 2541 1696 fecit
2569 1622 2677 1678 sibi
2702 1638 2807 1678 rex
2832 1621 3115 1678 Salomon.

2088 1713 2292 1769 Sermo
2325 1711 2660 1784 propositus
2687 1711 2908 1768 Cantici
2939 1711 3305 1767 canticorum
3354 1709 3669 1782 sapientis-

2019 1802 2168 1858 sime
2201 1801 2520 1858 Ecclesiam
2552 1818 2620 1857 ex
2649 1801 2921 1873 gentibus
2952 1799 3254 1856 collectam
3287 1799 3501 1854 innuit.
3546 1799 3663 1854 Rex

1941 1910 1988 1976 Β
2019 1891 2176 1948 enim
2205 1890 2504 1960 Salomon,
2535 1890 2592 1945 id
2625 1895 2732 1960 est,
2783 1906 3061 1962 sponsus,
3112 1888 3213 1962 qui
3261 1893 3350 1944 est
3395 1887 3661 1960 gentium

2018 1981 2157 2037 olim
2194 1981 2565 2048 rejectarum.
2595 1978 2844 2035 Libanus
2874 1979 3046 2034 etiam
3079 1981 3171 2034 est
3199 1977 3563 2033 venerandus
3605 1981 3664 2032 et

2019 2075 2282 2139 sanctus,
2306 2071 2376 2124 de
2409 2086 2524 2140 quo
2556 2067 2921 2125 Psalmorum
2953 2068 3220 2124 conditor
3249 2065 3427 2122 David
3461 2065 3665 2121 memi-

2017 2159 2104 2214 nit
2135 2177 2148 2214 :
2179 2161 2390 2224 Justus,
2423 2157 2719 2228 inquiens,
2749 2162 2811 2212 ut
2834 2157 3021 2229 palma
3065 2155 3284 2226 ﬂorebit
3326 2171 3346 2210 :
3394 2155 3536 2209 sicut
3580 2170 3664 2210 ce-

2016 2248 2146 2303 drus
2198 2248 2409 2303 Libant
2451 2244 2925 2317 multiplicabitur
2969 2246 3034 2299 ⁸ο.
3068 2249 3167 2300 Est
3198 2248 3392 2300 autem
3425 2259 3664 2299 rursum

2021 2337 2274 2392 Libanus
2327 2335 2671 2408 repudiatus
2720 2335 2779 2390 in
2830 2333 3127 2400 omnibus,
3187 2334 3358 2403 cujus
3422 2332 3660 2403 quidem

2017 2430 2182 2496 optat
2232 2424 2403 2480 David
2454 2425 2660 2479 cedros
2715 2423 3028 2494 confringi.
3079 2422 3188 2478 Per
3243 2422 3549 2477 columnas
3606 2426 3666 2476 et

2021 2515 2191 2569 bases
2222 2517 2284 2568 tu
2319 2513 2462 2567 mihi
2491 2512 2787 2585 apostolos
2817 2515 2873 2566 et
2903 2511 3220 2583 prophetas
3251 2510 3666 2581 intellige,‘qui

2016 2602 2231 2659 Christi
2265 2601 2579 2657 Ecclesiam
2617 2602 3052 2668 sustinuerunt,
3086 2604 3141 2654 et
3171 2599 3515 2655 charitatem
3563 2616 3670 2654 au-

2017 2697 2249 2758 xerunt,
2310 2690 2826 2762 humanarumque
2875 2689 3211 2745 animarum
3268 2705 3395 2760 qua:
3445 2688 3670 2759 rejects:

2019 2785 2204 2848 erant,
2234 2779 2448 2836 salutis
2510 2781 2750 2836 fuerunt
2806 2777 3253 2835 studiosissimi.
3289 2779 3419 2834 Haec
3479 2776 3665 2852 igitur

2024 2886 2242 2942 sponsa
2271 2870 2342 2926 de
2371 2887 2433 2926 se
2463 2869 2594 2941 ipsa
2621 2869 2816 2926 locuta
2845 2873 2955 2925 est.

2611 3154 2799 3209 Trium
2829 3155 3080 3210 Patrum.

329 3243 425 3297 Ἐκ
448 3241 656 3296 τούτων
689 3242 794 3316 γὰρ
824 3242 932 3296 τῶν
966 3241 1026 3297 ἐκ
1051 3248 1150 3312 τῆς
1207 3248 1449 3320 πονηρᾶς
1494 3244 1697 3316 ταύτης
1748 3245 1899 3300 ἐκκο-

2093 3245 2172 3300 Ex
2202 3243 2294 3299 his
2321 3242 2478 3298 enim
2513 3242 2609 3313 qui
2663 3257 2730 3297 ex
2777 3242 3044 3314 improba
3093 3243 3207 3298 ista
3256 3241 3450 3297 radice
3495 3239 3673 3296 excisi

250 3332 468 3387 πέντων
501 3330 676 3407 ῥίζης,
709 3330 797 3385 καὶ
847 3330 934 3386 ἐπὶ
984 3337 1207 3407 Χριστῷ
1243 3337 1323 3405 τῷ
1371 3333 1611 3408 θεμελίῳ
1651 3338 1750 3405 τῆς
1808 3335 1905 3391 πί-

246 3442 422 3482 στεως
473 3417 1038 3492 ἐποικοδομηθέντων,
1087 3427 1305 3498 φορεῖον
1355 3423 1530 3496 ἑαυτῷ
1585 3423 1906 3496 πεποίηκεν,

249 3510 416 3570 αὐτος
465 3509 698 3585 Χριστὸς
766 3509 794 3562 6
852 3509 1122 3582 εἰρηνικὸς
1173 3511 1468 3585 βασιλεός⁶
1550 3511 1635 3567 ἐπὶ
1693 3512 1903 3568 τούτων

247 3598 566 3672 ἓφθακότων
632 3597 707 3660 εἷς
779 3596 1100 3669 τελειότητα
1171 3598 1350 3676 ὥσπερ
1427 3599 1754 3676 ὀχούμενος,
1817 3601 1906 3656 καὶ

245 3689 390 3762 πρὸς
425 3686 554 3749 τοὺς
586 3684 1012 3758 διδασκομένους
1045 3683 1498 3764 μεταφερόμενος.
1559 3689 1709 3746 Κατὰ
1741 3691 1906 3766 μέρος

248 3775 312 3832 δὲ
363 3778 466 3843 τὴν
513 3780 610 3829 τοῦ
659 3775 881 3853 φορείου
937 3778 1273 3845 κατασκευὴν
1332 3777 1688 3853 ἐξηγούμενοί
1750 3797 1899 3858 φασιο

251 3866 499 3926 Στόλους
554 3865 722 3918 αὐτοῦ
793 3863 1043 3934 ἐποίησεν
1115 3865 1414 3941 ἀργύριον,
1472 3865 1628 3944 οτίπερ
1679 3867 1778 3923 εἶσὶ
1839 3869 1907 3923 τὰ

249 3955 420 4029 λόγια
478 3952 696 4028 Κυρίου,
756 3950 788 4006 ἃ
846 3974 1008 4028 φησιν
1056 3954 1084 4008 6
1135 3949 1322 4020 Δαϐὶδ,
1357 3953 1522 4031 λόγια
1553 3957 1706 4032 ἁγνὰ,
1741 3956 1905 4032 ἀργύ-

247 4064 372 4119 ριον
432 4041 866 4117 πεπυρωμένον.
926 4042 1039 4117 Ἐφ’
1115 4043 1195 4105 οἷς
1253 4042 1434 4120 ὥσπερ
1485 4046 1592 4099 τισὶ
1656 4046 1901 4118 στόλοις,

249 4133 439 4206 ὕψωσε
497 4131 632 4206 πρὸς
683 4134 878 4206 γνῶσιν
932 4131 1122 4186 ἑαυτοῦ
1182 4133 1210 4187 6
1263 4133 1498 4208 νυμφίος
1531 4136 1630 4203 τὴν
1664 4134 1901 4213 νύμφην,

246 4223 454 4276 εἰκεῖον
520 4219 720 4287 ταύτην
795 4221 1165 4292 ποιησάμενος
1233 4223 1448 4298 ὃχημα,
1523 4224 1788 4298 φέρουσαν
1849 4223 1901 4279 ἐν

243 4312 415 4382 ἑαυτῇ
472 4310 572 4376 τήν
629 4309 894 4376 ἑνωτικὴν
947 4311 1176 4364 τουτωνὶ
1229 4315 1335 4364 τῶν
1371 4310 1572 4387 λογίων
1618 4311 1900 4382 ἀλήθειαν.

246 4400 350 4454 Καὶ
421 4395 709 4452 ἆνάκλιτον
786 4395 948 4451 αὐτοῦ
1019 4397 1269 4472 χρυσίον,
1348 4398 1512 4475 ἤγουν
1566 4402 1902 4456 κατάπαυσιν

241 4495 351 4557 τῆς
411 4485 547 4541 κατὰ
601 4488 726 4538 νοῦν
784 4488 1044 4555 κινήσεως
1082 4486 1253 4556 αὐτῆς
1309 4489 1577 4559 πεποίηκε
1625 4491 1686 4544 τὸ
1738 4491 1902 4546 αὑτοῦ

248 4575 599 4650 ὖπεροόσιον.
630 4574 802 4644 Ὅπερ
833 4575 1090 4646 σημαίνει
1122 4577 1150 4630 6
1180 4577 1388 4650 χρυσὸς
1415 4578 1491 4638 ὡς
1533 4583 1639 4632 τῶν
1691 4577 1900 4632 λοιπῶν

2028 3333 2279 3401 fuerant,
2328 3336 2386 3387 et
2435 3348 2612 3403 super
2658 3331 2959 3387 Christum
3021 3331 3154 3387 fidei
3214 3331 3665 3387 fundamentum

2019 3421 2312 3490 aedificati,
2347 3420 2633 3476 ferculum
2665 3421 2775 3477 sibi
2810 3421 2948 3476 fecit
2979 3420 3102 3490 ipse
3131 3421 3396 3476 Christus
3428 3423 3544 3475 Rex
3572 3417 3672 3474 ille

2019 3511 2302 3582 pacificus
2336 3528 2349 3566 :
2379 3527 2514 3566 cum
2546 3526 2725 3582 super
2755 3509 2851 3565 his
2885 3511 2958 3565 ad
3009 3511 3428 3581 perfectionem
3477 3509 3663 3564 addu-

2017 3601 2148 3667 ctis,
2181 3604 2484 3670 atanquam
2537 3598 2596 3652 in
2646 3614 2841 3664 curru,
2891 3599 2961 3653 ad
3012 3598 3366 3654 erudiendos
3397 3597 3668 3653 homines

2017 3691 2346 3743 veheretur.
2404 3685 2720 3758 Sigillatim
2779 3691 2976 3741 autem
3049 3686 3251 3741 ferculi
3317 3691 3668 3757 apparatum

2018 3782 2379 3844 enarrantes,
2411 3777 2710 3832 Columnas
2753 3776 2891 3845 ejus,
2944 3774 3242 3846 inquiunt,
3289 3776 3418 3844 fecit
3466 3789 3672 3844 argen-

2018 3873 2158 3932 teas,
2191 3882 2320 3938 quae
2350 3865 2588 3937 quidem
2623 3868 2763 3918 sunt
2786 3863 3022 3935 eloquia
3051 3862 3321 3918 Domini:
3352 3862 3422 3917 de
3452 3861 3670 3933 quibus

2022 3955 2199 4010 David
2235 3970 2250 4011 :
2285 3955 2533 4025 Eloquia,
2567 3952 2779 4022 inquit,
2807 3955 2958 4007 casta
2993 3969 3011 4004 :
3039 3959 3334 4020 argentum
3364 3953 3490 4020 igne
3532 3965 3671 4004 exa-

2014 4047 2296 4101 minatum
2331 4044 2396 4098 ‘°.
2429 4045 2614 4114 Super
2644 4041 2860 4113 quibus
2889 4045 3170 4112 tanquam
3203 4037 3498 4094 columnis
3539 4032 3673 4109 qui-

2016 4134 2264 4191 busdam
2301 4147 2556 4205 sponsus
2588 4129 2885 4186 sublatam
2918 4145 3198 4201 sponsam
3233 4128 3303 4184 ad
3356 4143 3418 4183 se
3468 4127 3669 4193 traxit,

2017 4223 2317 4295 praprium
2353 4222 2541 4293 ipsam
2572 4218 2908 4275 vehiculum
2941 4219 3328 4284 constituens,
3363 4233 3488 4289 quae
3519 4216 3578 4270 in
3611 4230 3673 4271 se

2013 4313 2141 4384 ipsa
2172 4312 2348 4367 ferret
2377 4325 2572 4365 veram
2616 4308 2827 4364 horum
2875 4307 3245 4380 eloquiorum
3297 4304 3666 4377 conjunctio-

2014 4417 2169 4456 nem.
2203 4401 2269 4454 Et
2298 4400 2710 4456 reclinatorium
2741 4399 2860 4470 ejus
2889 4413 3123 4452 aureum
3154 4414 3173 4451 :
3205 4396 3261 4451 id
3295 4399 3402 4462 est,
3457 4392 3672 4449 mentis

2013 4489 2205 4561 ipsius
2249 4487 2736 4559 tranquillitatem
2787 4487 3146 4558 praecipuam
3198 4483 3312 4541 sibi
3360 4484 3458 4539 ubi
3508 4483 3671 4554 quie-

2013 4584 2201 4634 sceret
2232 4579 2430 4634 sedem
2464 4576 2879 4632 constituitzid
2914 4575 3069 4630 enim
3104 4591 3208 4646 per
3236 4589 3443 4629 aurum
3478 4576 3674 4628 osten-

247 4669 441 4720 πασῶν
494 4662 638 4717 ὑλῶν
669 4664 1018 4737 τιμιώτερος.
1072 4660 1354 4728 Ἐπίϐασις
1405 4667 1570 4721 αὐτοῦ
1627 4668 1899 4746 πορφύρα,

2021 4667 2122 4732 dit,
2156 4668 2310 4738 quod
2347 4666 2525 4721 rebus
2555 4664 2832 4720 omnibus
2863 4681 2929 4718 ex
2959 4662 3208 4719 materia
3263 4661 3677 4718 constantibus

249 4751 524 4810 δώλονότι
560 4749 807 4826 βασιλεία
834 4756 988 4807 Θεοῦ.
1021 4753 1085 4807 Εἰ
1117 4753 1220 4828 γὰρ
1254 4753 1526 4829 εἷ’ρηνικὸς
1553 4757 1580 4810 6
1629 4755 1902 4828 Σολομῶν

250 4839 637 4917 ἑρμηνεύεται,
691 4840 780 4893 καὶ
848 4837 1021 4910 δηλοῖ
1067 4841 1160 4896 τὸν
1216 4841 1594 4916 εἷρηνεόσαντα
1636 4843 1688 4898 ἐν
1737 4844 1909 4916 ἐαυτῷ

245 4933 318 4988 τᾶ
348 4930 524 4985 πάντα
551 4928 808 5005 Χριστόν
858 4931 893 4999 ἡ
929 4927 988 4984 δὲ
1036 4930 1227 5006 εἰρήνη
1281 4929 1651 5008 ἀνενόχλητος
1711 4934 1904 5011 εὖφρο-

245 5023 388 5090 σόνη
441 5017 608 5090 ἐστὶν,
639 5021 675 5088 ἡ
707 5015 755 5073 δ’
785 5017 1161 5094 ἀνενόχλητος
1189 5019 1520 5095 εὐφροσύνη,
1555 5022 1907 5086 ἀστασίαστος

246 5107 392 5168 Θισῦ
453 5105 704 5184 βασιλεία
734 5108 988 5184 ὑπάρχει·
1043 5106 1322 5183 βασιλείας
1377 5108 1480 5186 ἄρα
1536 5115 1670 5167 Θεοῦ
1718 5114 1752 5182 ἡ
1793 5112 1908 5167 ἐπί-

243 5196 411 5260 ϐασις
458 5204 561 5266 τῆς
609 5193 1023 5272 ὑποδεχομένης
1074 5201 1263 5273 ψυχῆς
1325 5196 1480 5270 δίκην
1540 5200 1760 5278 φορείου
1817 5203 1908 5257 τὸν

244 5287 523 5363 εἰρηνικὸν
588 5284 816 5361 βασιλὲα
862 5284 1000 5341 ἐστίν
1032 5330 1044 5342 .
1097 5288 1276 5349 Ἐντὸς
1327 5287 1491 5343 αὐτοῦ
1542 5289 1910 5366 λιθόστρωτον

245 5379 472 5454 ἀγάπην
527 5376 632 5431 ἀπὸ
690 5375 999 5450 θυγατέρων
1063 5375 1426 5453 Ἰερουσαλήμ
1460 5396 1472 5410 °
1539 5375 1665 5447 ἤτοι
1735 5378 1787 5433 ἐν
1840 5382 1908 5452 τῇ

248 5467 551 5541 κεκριμένη
613 5461 843 5519 διαθέσει
907 5472 1009 5534 τῆς
1083 5465 1280 5521 τούτου
1334 5466 1759 5543 χρηματισάσης
1813 5490 1910 5544 φο-

253 5565 406 5634 ρεῖον
452 5559 637 5630 ψυχῆς
671 5552 920 5623 ἐποίησεν
951 5555 980 5608 6
1007 5553 1402 5630 ἀκρογωνιαῖος
1434 5555 1586 5620 λίθος
1617 5562 1736 5620 ταῖς
1784 5557 1909 5611 ἑαυ-

338 5739 387 5774 ”
415 5735 567 5794 Psal.
599 5752 712 5806 xei,
742 5734 829 5791 {3.
903 5735 949 5771 ‘0
976 5734 1134 5793 Psal.
1174 5753 1253 5808 χι,
1284 5740 1334 5794 7.

2020 4757 2341 4814 antecellit.
2402 4761 2698 4812 Ascensum
2753 4756 2870 4826 ejus
2921 4770 3157 4809 aureum
3228 4770 3249 4809 :
3308 4753 3529 4826 regiam
3588 4751 3677 4805 ni-

2020 4848 2239 4903 mirum
2274 4844 2394 4901 Dei.
2427 4848 2574 4898 Nam
2607 4843 2658 4898 si
2688 4842 2959 4898 Salomon
3008 4840 3302 4913 signiﬁcat
3343 4840 3680 4912 paciﬁcum,

2019 4940 2075 4993 et
2104 4935 2403 4990 Christum
2437 4933 2660 4988 indicat
2689 4932 2787 5003 qui
2823 4932 2882 4986 in
2929 4948 2991 4986 se
3039 4934 3251 4988 cuncta
3299 4926 3628 5002 paciﬁcavit
3658 4943 3672 4982 :

2022 5041 2131 5097 pax
2159 5028 2356 5079 autem
2388 5026 2479 5077 est
2531 5020 2712 5076 animi
2763 5019 2962 5076 laetitia
3013 5021 3085 5074 ab
3134 5017 3296 5076 omni
3344 5013 3677 5071 turbatione

2022 5118 2246 5170 remota
2279 5130 2291 5168 :
2324 5111 2446 5167 haec
2477 5126 2610 5166 vero
2641 5109 2842 5165 laetitia
2890 5114 2980 5166 est
3026 5109 3129 5165 Dei
3179 5107 3340 5180 regia
3389 5106 3461 5160 ab
3515 5102 3676 5158 omni

2022 5203 2308 5259 seditione
2339 5200 2530 5256 aliena
2577 5215 2590 5253 :
2643 5198 2804 5270 regia
2855 5199 3057 5270 utique
3106 5198 3206 5254 Dei
3257 5200 3347 5252 est
3396 5207 3679 5250 ascensus

2022 5291 2252 5357 animae,
2285 5306 2414 5361 quae
2448 5286 2650 5344 ferculi
2681 5287 2866 5341 instar
2912 5285 3163 5357 suscipit
3211 5285 3424 5356 Regem
3476 5279 3677 5354 pacili-

2021 5396 2179 5435 cum.
2212 5379 2452 5434 Medium
2478 5379 2596 5448 ejus
2643 5376 2915 5447 lapidibus
2959 5379 3216 5440 stratum,
3264 5375 3596 5429 charitatem
3644 5387 3679 5425 a

2021 5468 2244 5539 ﬁliabus
2272 5465 2582 5522 Jerusalem
2614 5479 2627 5519 :
2661 5464 2722 5519 in
2769 5462 3078 5518 affectione
3123 5460 3394 5517 videlicet
3442 5459 3675 5528 animis,

2021 5574 2154 5630 quas
2186 5553 2471 5612 ferculum
2503 5555 2630 5625 ejus
2661 5551 2958 5607 declarata
3005 5555 3094 5606 est
3125 5567 3138 5604 :
3171 5549 3322 5624 lapis
3371 5546 3674 5620 angularia
