4102 6342
377 357 493 416 6οἹ

1707 353 2130 415 MICHAEIJS
2172 350 2446 411 PSELLI

3662 348 3782 409 608

383 488 579 543 divina
627 487 895 544 doctrina
953 504 1058 542 sua
1124 490 1297 558 atque
1346 486 1628 561 exemplis
1676 486 2018 543 charitatem

2150 488 2232 539 τοῦ
2261 481 2426 547 θείαις
2460 479 2856 545 διδασκαλίαις,
2891 480 2979 535 uti
3009 485 3125 542 τοῖς
3158 478 3548 555 ὑποδείγμασιν
3573 478 3777 556 ἐστρω-

386 579 727 644 constravit,
761 595 794 633 a
826 576 1321 633 buccinatricibus
1351 577 1476 633 suis
1522 577 1856 649 apostolicis
1907 577 2025 632 ani-

389 669 598 724 mabus
630 668 779 739 (qua:
813 666 947 721 filiae
992 684 1229 739 quoque
1278 667 1603 723 Jerusalem
1654 666 1821 722 dictae
1865 670 2024 731 sunt,

386 757 663 829 quoniam
707 761 993 826 quantum
1046 757 1115 811 ad
1167 773 1395 811 carnem
1429 756 1656 824 attinet,
1689 756 1823 810 inde
1855 755 2025 825 origi-

385 862 519 900 nem
552 844 814 905 trahunt)
844 844 1131 915 incipiens
1185 864 1197 900 :
1249 862 1381 899 cum
1433 844 1680 916 apostoli
1729 844 1902 915 primi
1953 844 2025 899 ad

383 933 595 990 Christi
625 933 1036 999 imitationem,
1070 934 1298 988 animas
1328 951 1468 989 suas
1500 950 1602 1005 pro
1646 933 1833 988 salute
1883 932 2029 987 mul-

324 1034 327 1037 '
385 1026 575 1079 torum
634 1024 960 1093 posuerint,
1011 1026 1506 1094 praeceperintque
1559 1028 1617 1077 ut
1650 1024 1799 1077 idem
1834 1022 2025 1078 effice-

383 1118 531 1180 rent,
566 1112 900 1183 quicunque
932 1113 1001 1166 ad
1036 1113 1450 1183 perfectionem
1483 1112 1539 1166 in
1573 1113 1804 1167 Christo
1853 1126 2027 1183 cupe-

382 1207 509 1256 rent
534 1202 1257 1273 pervenire.Quamobrem
1279 1218 1527 1273 magnus
1550 1200 2026 1272 Apostoluszlmi-

383 1300 603 1357 tutores,
636 1290 847 1361 inquit,
880 1292 991 1344 mei
1019 1295 1202 1355 estote,
1234 1294 1375 1345 sicut
1404 1295 1453 1346 et
1481 1306 1577 1359 ego
1609 1289 1814 1345 Chrzsti
1842 1292 1908 1344 ⁴¹.

1106 1380 1295 1435 I’selli.

459 1468 671 1523 Deinde
699 1485 902 1523 omnes
938 1467 1238 1523 hominum
1275 1468 1501 1523 animas
1546 1468 1909 1535 adhortatur,
1964 1471 2028 1522 ut

384 1575 418 1613 a
450 1557 651 1611 mundi
685 1556 977 1612 scandulis
1009 1562 1064 1612 ct
1115 1558 1654 1629 perturbationibus
1701 1558 2023 1625 discedant,

384 1651 442 1702 et
471 1663 757 1718 sponsum
790 1664 924 1702 cum
979 1648 1121 1717 ipsis
1171 1649 1550 1718 conjunctum
1596 1651 1879 1718 spectent.
1933 1645 2026 1701 Sic

382 1736 539 1791 enim
571 1754 788 1807 sponsa
821 1754 932 1808 prae
963 1736 1162 1791 laetitia
1192 1736 1323 1791 illas
1354 1736 1674 1806 alloquitur
1724 1754 1736 1789 :
1790 1736 2024 1804 Egredi-

378 1825 543 1891 mini,
569 1829 619 1881 et
648 1826 841 1895 vzdete,
886 1842 916 1881 ο
961 1826 1099 1895 ﬁliae
1148 1827 1302 1895 Sion,
1351 1825 1545 1896 inquit
1593 1841 1831 1896 sponsa,
1885 1841 2027 1895 quo-

380 1914 539 1969 niam
588 1931 715 1985 ego,
766 1932 894 1985 quae
946 1914 1111 1986 prius
1161 1915 1346 1969 invisa
1398 1916 1639 1977 fueram,
1689 1930 1846 1969 nunc
1877 1913 2028 1968 facta

383 2003 1051 2072 sumjucundissimum
1087 2003 1288 2074 sponsi
1333 2002 1656 2069 ferculum;
1704 2002 1875 2074 cupio
1929 2017 2029 2057 vos

382 2092 523 2147 item
579 2093 879 2147 universas
927 2109 994 2146 ex
1024 2092 1134 2146 hac
1164 2091 1282 2146 vita
1313 2092 1533 2164 fugere,
1566 2096 1622 2147 et
1651 2092 1815 2163 puris
1844 2091 2030 2147 oculis

383 2197 669 2253 sponsum
702 2180 1030 2236 diademate
1062 2198 1129 2235 ex
1152 2181 1421 2251 pretiosis
1444 2180 1742 2253 lapidibus
1763 2185 2029 2237 contexto

384 2269 726 2327 redimitum
759 2270 1167 2341 contemplari,
1199 2270 1300 2341 qui
1332 2288 1365 2325 a
1398 2276 1587 2326 matre
1618 2288 1726 2326 sua
1753 2270 1835 2326 ita
1864 2287 2029 2325 coro-

383 2362 581 2425 natus,
613 2373 708 2412 me
739 2357 852 2413 sibi
882 2358 1054 2413 hodie
1085 2359 1675 2430 desponsavit.Mater
1705 2376 1837 2415 vero
1869 2358 2032 2415 illius

382 2447 571 2503 Patris
600 2445 860 2502 charitas
891 2446 1023 2502 fuit.

974 2716 1162 2771 'Irium
1194 2718 1444 2771 Patrum.

461 2803 608 2870 Quia
632 2804 917 2876 magistra
964 2804 1384 2859 animadvertit
1429 2804 1752 2875 diseipulas
1799 2802 2030 2859 haesita-

392 2893 621 2949 bundas
654 2897 889 2964 propter
934 2908 997 2948 se
1038 2898 1209 2964 atque
1257 2894 1643 2949 admiratione
1690 2893 1915 2966 plenas,
1966 2908 2033 2947 ea

391 2999 519 3053 quae
550 2982 621 3037 ad
654 2998 716 3037 se
746 2981 1525 3053 pertinerent,explicare:,in
1560 2999 1776 3055 sponso
1808 2980 2034 3038 Christo

384 3071 509 3126 vult
535 3088 634 3126 eas
664 3071 937 3142 deinceps
970 3071 1178 3127 salutis
1210 3075 1423 3127 nostra:
1454 3073 1695 3127 modum
1750 3070 2031 3139 contueri,

391 3166 447 3217 et
478 3161 687 3217 merito
718 3159 988 3216 dubitare
1020 3165 1195 3232 atque
1225 3160 1529 3227 admirari,
1564 3161 1859 3232 quomodo
1908 3161 2033 3231 ipse

2137 572 2303 647 μένην
2336 571 2574 648 ἀγάπην,
2598 571 2702 626 ἀπὸ
2734 575 2839 624 τῶν
2872 570 3123 642 κηρύκων
3182 570 3345 625 αὐτοῦ
3395 569 3776 624 ἀποστολικῶν

2134 667 2325 738 ψυχῶν
2380 663 2454 735 (αἱ
2512 662 2600 715 καὶ
2662 661 2943 737 θυγατέρες
2998 658 3360 735 Ἰερουσαλὴμ
3418 658 3733 729 ἐκλήθησαν
3766 702 3781 726 ,

2135 753 2209 813 ὡς
2267 750 2543 821 ἐκταύτης
2596 750 2658 805 τὸ
2716 750 2851 804 κατά
2908 751 3079 823 σάρκα
3126 750 3515 823 τυγχάνουσαι)
3547 748 3782 823 ἀρξάμε·

2134 860 2246 902 νος·
2309 841 2383 902 ὡς
2440 841 2671 913 πρώτων
2712 844 2819 894 τῶν
2854 838 3173 893 ἀποστόλων
3208 838 3342 892 κατά
3384 838 3613 910 μίμησιν
3648 839 3781 912 Χρι-

2133 934 2261 984 στοῦ
2316 931 2409 991 τὰς
2465 930 2667 983 ἑαυτῶν
2728 930 2905 1002 ψυχὰς
2964 929 3257 999 τιθεμένων
3322 928 3454 999 ὑπὲρ
3515 931 3615 991 τῆς
3671 932 3785 981 τῶν

2134 1017 2361 1074 πολλῶν
2418 1018 2715 1093 σωτηρίας’
2750 1018 3029 1072 κάντεῦθεν
3059 1018 3126 1071 τὰ
3156 1016 3321 1088 ὅμοια
3350 1017 3601 1087 πράττειν
3631 1015 3783 1092 ἐγκε-

2136 1107 2441 1181 λευομένων
2470 1114 2587 1169 τοῖς
2644 1106 2945 1185 ἐφιεμένοις
2994 1113 3093 1174 τῆς
3153 1105 3205 1160 ἰν
3258 1110 3476 1178 Χριστῷ
3504 1103 3787 1174 τελειότη-

2134 1219 2249 1259 τος.
2284 1198 2374 1251 Διό
2408 1218 2568 1270 φησιν
2598 1197 2625 1250 ὁ
2662 1196 2825 1270 μέγας
2876 1192 3237 1258 Ἀπόστολοςο
3266 1194 3511 1267 Μιμηταί
3547 1216 3651 1267 μου
3697 1193 3788 1269 γί-

2134 1289 2307 1359 νεσθε,
2339 1287 2517 1349 καθὼς
2547 1285 2696 1360 κάγὼ
2723 1285 2973 1361 Χριστοῦ.

2832 1372 3079 1431 Ψελκλοῦ.

2136 1466 2267 1522 Εἶτα
2292 1466 2653 1540 προτρέπεται
2698 1468 2901 1539 ψυχαῖς
2931 1463 3164 1526 ἀπάσαις
3189 1468 3294 1518 τῶν
3326 1464 3623 1537 ἀνθρώπων

2135 1552 2471 1626 Ὑπεξελθεῖν
2504 1560 2610 1609 τῶν
2643 1559 2925 1627 κοσμικῶν
2959 1550 3271 1608 σκανδάλων
3305 1553 3394 1607 καὶ
3426 1548 3695 1628 θορύϐων,

2136 1645 2239 1701 Καὶ
2270 1646 2359 1699 τὸν
2393 1644 2623 1720 νυμφίον
2657 1641 2894 1698 κατιδεῖν
2928 1642 3113 1705 αύταῖς
3135 1641 3533 1715 συνηνωμένον.

2138 1732 2283 1805 Φησῖ
2314 1734 2412 1808 γὰρ
2448 1734 2591 1787 olm)
2623 1734 2757 1807 πρὸς
2787 1731 2949 1794 αύτάς
2986 1733 3072 1809 ὑφ’
3102 1729 3306 1801 ἡδονὴς
3331 1734 3366 1800 ἡ
3396 1732 3605 1808 νύμφη’

2138 1819 2412 1892 Ἐξέλθετε
2436 1820 2523 1876 καί
2550 1818 2715 1888 ’ίδετε,
2749 1822 2793 1874 ὧ
2836 1821 3123 1896 θυγατέρες
3152 1828 3250 1889 τῆς
3303 1820 3467 1888 Σιὼν,
3502 1820 3690 1898 φησὶν,
3748 1824 3785 1890 ἠ

3355 1911 3562 1991 [νύμφη
3594 1910 3793 1983 πάλιν,

2141 2001 2391 2077 Ἐπείπερ
2425 2001 2593 2079 ἔγωγε
2622 2002 2682 2057 τὸ
2712 2003 2838 2077 πρὶν
2872 2003 3005 2057 οὖσα
3039 2023 3242 2076 μεμιση
3257 2000 3409 2074 μὲνη,

2138 2093 2337 2170 Γέγονα
2364 2098 2455 2147 νῦν
2487 2093 2844 2167 τερπνότατον
2878 2098 3095 2170 φορεῖον
3123 2097 3219 2146 τοῦ
3249 2091 3507 2170 νυμφίου.

2139 2183 2292 2239 Θέλω
2324 2182 2411 2237 καὶ
2445 2183 2615 2246 πάσας
2644 2181 2892 2259 ἐκφυγεῖν
2928 2183 3065 2255 ὑμᾶς
3094 2181 3200 2237 ἀπὸ
3227 2186 3324 2237 τοῦ
3360 2182 3498 2257 βίου,

2138 2274 2233 2329 Καὶ
2266 2278 2524 2345 καθαροῖς
2554 2271 2604 2326 ἰν
2635 2268 2846 2345 ὄμμασι
2879 2266 3245 2347 προσϐλέπειν
3274 2270 3366 2326 τὸν
3395 2270 3628 2346 νυμφίον

2140 2362 2520 2435 Περικείμενον
2552 2362 2802 2439 στέφανον
2836 2359 2896 2415 ἐκ
2925 2360 3093 2416 λίθων
3126 2356 3458 2433 σεϐασμίων,

2140 2452 2226 2506 Ἐν
2258 2453 2407 2526 ᾧπερ
2439 2450 2793 2528 ἐστεφάνωσεν
2826 2450 2985 2505 αὐτὸν
3018 2452 3053 2519 ἡ
3091 2453 3277 2526 μήτηρ
3306 2449 3525 2520 τούτου,

2142 2541 2395 2613 Σήμερον
2438 2538 2872 2611 μνηστευόμενον
2905 2537 3002 2611 ἒμὶ
3028 2539 3131 2606 τὴν
3161 2536 3513 2608 Ἐκκλησίαν.

2139 2629 2343 2702 Μήτηρ
2377 2625 2435 2681 δὲ
2462 2626 2660 2682 τούτου
2688 2628 2921 2704 πέφυκεν
2952 2629 2987 2696 ἡ
3018 2631 3121 2681 τοῦ
3151 2628 3357 2701 ΙΙατρὸς
3384 2627 3590 2702 ἀγάπη.

2725 2721 2839 2771 Τῶν
2871 2718 2919 2790 γ’
2947 2716 3221 2792 Πατέρων.

2210 2807 2362 2860 Ἐπεὶ
2410 2802 2468 2859 δὲ
2521 2804 2617 2868 τὰς
2678 2805 3118 2877 μαθητευομένας
3170 2806 3205 2873 ἡ
3268 2801 3592 2866 διδάσκαλος
3654 2800 3795 2858 εἶδεν

2141 2893 2591 2969 διαπορουμινας,
2648 2895 2733 2948 καὶ
2797 2889 3040 2966 θάμϐους
3099 2891 3516 2967 πληρουμένας,
3590 2892 3681 2947 καὶ
3723 2893 3795 2947 τὰ

2141 2985 2256 3038 κατ’
2288 2983 2455 3051 αὐτὴν
2480 2981 2864 3059 ἐξηγουμὲνας,
2899 2982 2950 3038 ἰν
2983 2987 3063 3055 τῷ
3101 2982 3323 3061 νυμφίῳ
3372 2986 3607 3058 Χριστῷ,
3663 2981 3795 3057 βού-

2144 3072 2294 3129 λεται
2326 3072 2520 3127 λοιπὸν
2554 3071 2715 3134 αὐτὰς
2748 3074 3019 3146 θεωρῆσαι
3074 3072 3167 3127 τὸν
3219 3072 3420 3146 τρόπον
3458 3077 3560 3139 τῆς
3609 3091 3796 3140 σωτη-

2146 3162 2261 3238 ρίας
2308 3166 2492 3234 ἡμῶν,
2550 3162 2638 3216 καὶ
2693 3161 2853 3231 ἀξίως
2914 3160 3185 3235 ἀπορῆσαί
3243 3182 3304 3215 τε
3352 3159 3440 3215 καὶ
3499 3158 3796 3231 Θαυμάσαι,

395 3250 715 3307 salutiferis
736 3250 1095 3305 cruciatibus
1113 3266 1176 3304 ac
1201 3254 1386 3305 morte
1409 3266 1517 3305 sua
1540 3248 2031 3320 tranquillitatem

2150 3246 2295 3314 ὅπως
2322 3250 2481 3312 αὐτὸς
2522 3249 2575 3305 ἐν
2624 3256 2743 3312 τοῖς
2787 3250 3081 3324 σωτηρίοις
3136 3249 3301 3304 αὐτοῦ
3360 3252 3646 3321 παθήμασι
3704 3248 3793 3301 καὶ

389 3340 557 3395 nobis
588 3344 644 3393 et
672 3339 853 3393 vitam
884 3338 1130 3409 largitus
1161 3340 1255 3394 sit.
1304 3340 1551 3394 Proinde
1605 3357 1618 3394 :
1668 3338 2030 3409 Egredimini,

396 3429 613 3499 inquit,
645 3432 697 3483 et
720 3427 914 3495 videte,
940 3429 1079 3499 ﬁlia)
1106 3432 1243 3483 Sion
1276 3444 1288 3481 :
1326 3428 1595 3496 omittite,
1648 3445 1771 3498 quis
1821 3428 1890 3482 ad
1942 3442 2036 3481 me

393 3516 665 3573 ancillam
696 3517 950 3572 attinent
980 3518 1424 3587 considerare,ei
1448 3518 1503 3571 in
1529 3517 1775 3573 Domino
1798 3516 2038 3588 paciﬁco

396 3607 612 3662 mentis
661 3606 843 3661 aciem
903 3607 1157 3678 deﬁgite,
1207 3607 1694 3678 contemplantes,
1747 3607 2037 3678 quomodo

394 3696 644 3751 salutem
680 3695 775 3750 hic
812 3696 978 3750 nobis
1012 3695 1409 3766 acquisiverit.
1448 3695 1602 3751 Filias
1651 3695 1922 3768 specula},
1975 3699 2041 3749 ut

394 3784 730 3856 epiritaliter
763 3801 863 3856 per
893 3785 1069 3839 ﬁdem
1100 3786 1307 3857 genita:
1344 3803 1355 3840 :
1388 3786 1523 3839 Sion
1546 3786 1704 3841 enim
1737 3785 2038 3856 speculam

397 3874 707 3943 signiﬁcat.
734 3874 980 3945 Specula
1007 3879 1224 3940 autem,
1248 3892 1315 3929 ex
1348 3892 1463 3946 qua
1492 3875 1623 3945 quis
1657 3874 1822 3930 facile
1853 3878 2042 3946 potest

398 3962 785 4034 spiritualiter
800 3963 1409 4034 despicere,spiritalis
1429 3968 1518 4019 est
1538 3964 2040 4035 generatio,quam

404 4053 503 4124 qui
536 4059 889 4107 consecutus
920 4068 1031 4105 non
1066 4056 1173 4118 est,
1208 4068 1394 4107 caecus
1424 4057 1513 4108 est
1557 4058 1613 4108 et
1662 4070 1837 4108 manu
1890 4053 2040 4108 viam

402 4145 587 4196 tentat
618 4141 679 4194 in
709 4140 977 4195 veritatis
1008 4140 1251 4212 fulgore.
1284 4142 1548 4212 Spectate
1579 4146 1795 4211 autem,
1829 4143 2043 4213 inquit,

406 4229 867 4301 dispensationis
899 4230 1181 4285 rationem
1217 4232 1277 4285 in
1306 4231 1616 4287 diademate
1664 4248 1766 4304 quo
1817 4248 2044 4288 corona-

406 4321 480 4374 vit
511 4334 633 4373 eum
662 4326 840 4373 mater
868 4334 967 4373 sua
998 4320 1059 4373 in
1086 4319 1175 4374 die
1218 4321 1649 4390 desponsationis
1697 4322 1869 4392 ipsius
1919 4338 1937 4375 :
1984 4321 2045 4375 in

404 4407 610 4478 spinea
643 4406 922 4461 nimirum
959 4424 1369 4481 corona,quam
1402 4409 1616 4464 Christi
1648 4409 1826 4480 capiti
1860 4409 2045 4480 impo-

408 4496 527 4549 suit
547 4495 882 4551 Judaaorum
906 4513 1295 4570 synagoga,ex
1317 4515 1434 4569 qua
1454 4499 1578 4568 ipse
1604 4504 1693 4553 est
1723 4499 2045 4553 secundum

2143 3345 2223 3413 τῷ
2274 3341 2485 3411 Θανάτῳ
2508 3340 2606 3407 τὴν
2641 3338 2895 3402 ἀπάθειαν
2944 3340 3032 3394 καὶ
3065 3340 3162 3405 τὴν
3200 3340 3344 3407 ζωὴν
3402 3339 3537 3408 ἡμῖν
3588 3333 3801 3411 iampri-

2147 3450 2299 3486 σατο.
2352 3428 2443 3483 Διό
2476 3449 2658 3505 φησιν·
2696 3426 2967 3497 Ἐξελθετε
2996 3428 3086 3482 καὶ
3111 3425 3277 3495 ’ίδετε,
3312 3425 3593 3501 Θυγατέρες
3651 3426 3799 3479 Σιὼν

2147 3517 2198 3573 ἐν
2253 3524 2332 3589 τῷ
2367 3516 2581 3593 βασιλεῖ
2624 3515 2919 3589 Σολομῶν·
2979 3515 3169 3592 ἤγουν,
3201 3516 3554 3589 κατακείψατε
3580 3515 3644 3569 τὸ
3672 3520 3795 3575 τοῖς

2145 3609 2259 3662 κατ’
2294 3607 2391 3679 ἐμὲ
2420 3608 2521 3676 τὴν
2552 3603 2755 3676 δούλην
2789 3605 3142 3681 ἀσχολεῖσθαι
3175 3606 3264 3659 τὸν
3297 3609 3442 3676 νοῦν,
3494 3604 3582 3658 καὶ
3632 3601 3685 3657 ἐν
3715 3609 3800 3677 τῷ

2149 3696 2405 3772 εἰρηνικῷ
2466 3693 2699 3769 δεσπότῃ
2754 3694 3025 3763 θεάσασθε,
3086 3694 3237 3757 ὅπως
3291 3696 3426 3767 ἡμῖν
3479 3694 3634 3755 οὗτος
3693 3693 3795 3761 τὴν

3104 3783 3279 3839 Τέκνα
3363 3803 3631 3852 σκοπευτη
3639 3782 3765 3858 ρίου
3781 3800 3794 3814 ’

2151 3875 2226 3937 ὡς
2272 3878 2579 3948 γενηθεῖσαι
2622 3877 2993 3945 πνευματικῶς
3046 3869 3133 3926 διὰ
3188 3872 3436 3933 πίστεως.
3499 3870 3639 3926 Σιὼν
3693 3872 3797 3947 γὰρ

2151 3964 2541 4035 σκοπευτήριον
2602 3961 2990 4036 ἑρμηνεύεται.
3054 3963 3457 4036 Σκοπευτήριον
3514 3958 3571 4014 δὲ
3624 3958 3675 4030 ἐξ
3734 3961 3801 4014 οὗ

2154 4050 2372 4108 δύναταί
2401 4072 2481 4113 τις
2533 4051 2668 4105 κατά
2695 4055 2819 4105 νοῦν
2872 4051 2999 4126 ὁρᾷν
3032 4045 3296 4125 ἀκριϐὦς,
3361 4053 3396 4119 ἡ
3452 4050 3800 4121 πνευματικῆ

2153 4142 2261 4196 ἐστι
2293 4140 2561 4215 γέννησις,
2621 4140 2688 4209 ἧς
2723 4140 2750 4194 ὁ
2786 4140 2862 4211 μὴ
2919 4139 3101 4213 τυχὼν
3157 4137 3364 4215 τυφλός
3404 4137 3539 4205 ἐστι,
3574 4140 3807 4210 μυωπά-

2157 4236 2261 4300 ζων
2306 4228 2429 4304 περὶ
2459 4229 2551 4290 τὰς
2580 4235 2679 4297 τῆς
2722 4226 2978 4297 ἀληθείας
3024 4226 3215 4301 αὐγάς.
3277 4228 3545 4281 Θεάσασθε
3602 4223 3658 4280 δὲ
3707 4226 3807 4280 τὸν

2157 4320 2490 4397 εἰρημένον,
2546 4318 2718 4396 φησὶ,
2769 4325 2871 4381 τῆς
2929 4316 3243 4389 οἷ’κονομίας
3301 4316 3502 4390 τρόπον
3539 4359 3553 4386 ,
3616 4315 3666 4369 ἐν
3724 4320 3811 4387 τῷ

2158 4410 2399 4486 στεφάνῳ
2465 4410 2509 4480 ᾧ
2588 4408 2949 4484 ἐστεφάνωσεν
3030 4405 3190 4460 αὐτὸν
3252 4408 3286 4475 ἠ
3367 4408 3552 4479 μήτηρ
3612 4404 3809 4473 αύτοῦ,

2159 4498 2210 4554 έν
2244 4500 2427 4572 ἡμέρᾳ
2481 4497 2821 4575 νυμφεύσεως
2876 4496 3062 4550 αὐτοῦ·
3099 4491 3356 4565 δηλονότι
3413 4493 3463 4548 ἐν
3504 4499 3585 4567 τῷ
3640 4494 3807 4548 ἀκαν-

2150 3784 2420 3859 σωτηρίαν
2494 3783 2971 3859 ἐπραγματεύσατο
3004 3827 3015 3841 .

409 4600 666 4646 carnem,
700 4584 759 4639 in
792 4586 884 4641 die
914 4585 1228 4641 salutifera
1262 4587 1466 4642 mortis
1495 4587 1646 4656 ejus,
1678 4587 1734 4641 in
1770 4603 1887 4658 qua
1916 4603 2036 4657 pro-

2157 4587 2286 4661 θίνῳ
2340 4586 2622 4665 στεφάνῳ,
2674 4586 2719 4657 ᾧ
2778 4584 3108 4662 ἐστεφάνωσε
3160 4584 3250 4638 τὸν
3310 4584 3540 4659 Χριστὸν
3602 4586 3635 4653 ἠ
3692 4583 3803 4637 τῶν

413 4675 542 4745 prio
576 4675 857 4745 sanguine
907 4675 1221 4731 Ecclesiam
1274 4677 1383 4730 sibi
1432 4676 1821 4747 desponsavit.
1876 4679 1940 4732 Et
1992 4678 2051 4731 in

412 4763 501 4818 die
531 4764 746 4821 ta’titiae
773 4765 947 4820 cordis
975 4767 1093 4836 ejus
1129 4783 1140 4819 :
1177 4781 1294 4836 qua
1325 4764 1561 4835 quidem
1593 4764 1907 4821 salutarem
1948 4781 2051 4836 pro

418 4853 588 4908 nobis
622 4858 867 4908 mortem
901 4860 1205 4926 oppetens,
1255 4871 1360 4909 nos
1411 4855 1482 4910 ab
1531 4854 1719 4910 hostis
1772 4854 2054 4911 servitute

414 4942 679 4997 liberavit
712 4960 724 4998 :
758 4949 934 5014 atque
966 4944 1045 4999 ita
1072 4943 1257 4999 Patris
1289 4944 1699 5015 obtemperans
1748 4944 2051 5012 voluntati,

408 5030 639 5087 laetatus
669 5036 759 5087 est
785 5032 1017 5102 spiritu,
1050 5031 1185 5087 licet
1232 5032 1425 5087 carnis
1474 5032 1832 5089 cruciatibus
1883 5049 2051 5087 vexa-

408 5124 587 5175 retur.
621 5120 723 5175 His
755 5137 969 5192 sponsa
1000 5120 1322 5193 discipulae
1352 5126 1443 5176 est
1476 5120 1750 5189 allocuta,
1800 5121 2054 5193 diligens

404 5210 461 5263 id
498 5211 651 5281 quod
685 5210 1076 5265 demonstrari
1107 5228 1223 5266 non
1258 5215 1468 5282 potest,
1500 5216 1557 5266 et
1587 5211 1906 5266 humanam
1940 5210 2057 5282 glo-

410 5301 553 5355 riam
590 5299 841 5370 fugiens,
876 5300 1258 5372 cupiensque,
1289 5306 1351 5355 ut
1381 5316 1663 5373 sponsum
1696 5317 1870 5357 suum
1924 5304 2052 5356 tan-

413 5395 470 5442 tu
485 5388 717 5443 mmodo
750 5404 954 5444 omnes
986 5389 1376 5445 admirentur.

2162 4672 2439 4731 Ἰουδαίων
2471 4673 2781 4747 συναγωγή,
2839 4670 2887 4745 ἐξ
2943 4673 3012 4741 ἧς
3071 4670 3229 4733 οὗτος
3256 4672 3318 4725 τὸ
3363 4672 3498 4725 κατὰ
3530 4672 3720 4742 σάρκα,
3752 4670 3811 4725 ἑν

2161 4765 2342 4841 ἡμέρα
2395 4767 2491 4817 τοῦ
2545 4761 2817 4832 σωτηρίου
2864 4759 3067 4824 πάθους
3095 4759 3258 4814 αὐτοῦ
3286 4758 3336 4813 ἐν
3386 4759 3422 4832 ᾗ
3450 4763 3530 4831 τῷ
3563 4756 3686 4830 ἰδίῳ
3716 4756 3807 4812 α’ί-

2166 4874 2293 4926 ματι
2348 4854 2449 4921 τήν
2509 4850 2813 4921 Εκκλησίαν
2870 4850 3042 4922 ἑαυτῷ
3103 4848 3509 4927 ἐνυμφεύσατο.
3589 4848 3693 4903 Καὶ
3749 4846 3807 4902 ἐν

2161 4944 2343 5016 ἡμέρα
2402 4940 2740 5018 εὐφροσύνης
2796 4936 3019 5015 καρδίας
3075 4935 3260 5005 αύτοῦ,
3318 4938 3436 4999 καθ’
3476 4938 3536 5005 ἣν
3588 4937 3810 4998 πάντως

2162 5031 2346 5087 παθὼν
2410 5031 2540 5103 ὑπὲρ
2601 5030 2762 5101 ἡμῶν
2819 5029 2881 5083 τὸ
2938 5029 3207 5102 σωτήριον
3267 5030 3441 5089 πάθος
3498 5023 3816 5096 ἀπήλλαξεν

2162 5124 2309 5193 ἡμᾶς
2355 5126 2456 5188 τῆς
2506 5123 2601 5173 τοῦ
2647 5116 2850 5192 ἆχθροῦ
2910 5112 3247 5189 τυραννίδος,
3306 5113 3395 5169 καὶ
3443 5113 3519 5175 ὡς
3575 5113 3815 5168 ἐντεῦθεν

2161 5209 2463 5284 πληρώσας
2491 5209 2554 5262 τὸ
2604 5211 2701 5261 τοῦ
2735 5205 2946 5281 ΙΙατρὸς
2981 5203 3264 5280 βούλημα,
3318 5201 3601 5281 ηὒφράνθη
3648 5203 3817 5257 πνεύ-

2168 5320 2317 5371 ματι,
2352 5298 2394 5351 εἰ
2426 5297 2515 5351 καὶ
2547 5300 2664 5359 τοῖς
2694 5297 2975 5367 παθήμασι
3007 5291 3264 5364 ὡδυνήθη
3316 5292 3493 5364 σαρκί.
3542 5293 3725 5348 Ταῦτα
3776 5294 3817 5362 ἡ

2163 5386 2347 5464 νύμφη
2410 5386 2545 5459 πρὸς
2600 5384 2695 5447 τὰς
2753 5383 3193 5456 μαθητευομὲνας
3253 5383 3489 5453 εἴρηκεν,
3550 5379 3820 5455 ἀγαπῶσα

409 5475 472 5529 τὸ
503 5472 891 5547 ἀνεπίδεικτον,
923 5476 1012 5531 καὶ
1043 5478 1142 5546 τήν
1173 5478 1300 5553 παρ’
1332 5476 1604 5551 ἀνθρώπῳ
1636 5475 1905 5553 φεύγουσα
1934 5472 2114 5546 δόξαν,
2144 5476 2234 5531 καὶ
2268 5473 2581 5551 βουλομένη
2619 5472 2777 5546 μόνον
2809 5472 2901 5526 τὸν
2931 5472 3125 5541 ἑαυτῆς
3156 5470 3390 5548 νυμφίον
3422 5470 3567 5546 παρὰ
3594 5468 3815 5524 πάντων

411 5563 772 5635 θαυμάζεσθαι
787 5608 798 5623 .

479 5692 521 5727 ⁴¹
556 5695 580 5745 Ι
609 5692 734 5747 Cor.
767 5709 843 5760 χι,
878 5693 928 5747 1.
