4102 6342
218 420 337 484 609
1257 420 1666 485 COMMENT.
1714 417 1790 478 ΙΝ
1835 441 1838 465 ι

2010 414 2242 478 I‘ICUM
2285 415 2586 477 CANTIC.
3510 423 3630 484 810

290 551 428 612 Ἰδοὺ
487 554 538 609 εἴ
589 551 756 627 καλὴ,
797 556 833 624 ἡ
892 551 1131 625 πλησίον
1213 575 1339 627 μου,
1401 550 1519 608 ἰδοὺ
1570 552 1620 607 εἶ
1670 547 1812 619 καλή
1847 568 1910 618 Ἀ

2049 549 2180 611 Ecce
2206 548 2439 620 pulchra
2472 563 2546 616 es,
2587 549 2898 621 propinqua
2924 566 3046 606 mea
3078 569 3098 608 :
3127 567 3246 609 ecce
3285 555 3519 626 pulchra
3548 574 3626 615 es.

221 641 507 723 ὀφθαλμοί
568 664 664 699 σου
741 643 1076 719 περιστεραὶ,
1131 641 1284 704 ἐκτὸς
1358 649 1462 713 τῆς
1547 638 1841 711 σιωπήσεώ

1756 638 1871 701 νεώς
1985 637 2141 694 Oculi
2168 640 2274 705 lui,
2308 637 2574 695 columbae
2601 655 2619 692 :
2645 641 2859 711 praeter
2882 640 3174 696 silentium
3202 649 3376 699 tuum.

222 755 341 792 σου.

922 818 1168 877 Ψελλοῦ.

2712 819 2900 874 Pselli.

295 911 516 972 Τούτων
550 912 627 975 ὡς
647 908 877 981 ἤκουσεν
909 909 1078 980 αὐτῆς
1106 914 1214 965 τῶν
1243 908 1423 985 λόγων
1476 908 1505 963 ὁ
1545 906 1802 985 νυμφίος,

2056 907 2158 963 His
2187 923 2417 980 sponsas
2448 906 2641 963 verbis
2683 908 2924 976 auditis,
2958 926 3213 983 sponsus
3243 911 3302 969 in
3335 915 3465 986 ejus
3502 916 3632 988 pul-

231 1004 373 1079 Πρὸς
405 999 623 1058 ἔπαινον
652 999 919 1076 ἐγείρεται
942 1004 1038 1054 τοῦ
1066 999 1308 1061 κάλλους
1337 998 1500 1068 αὐτῆς
1527 997 1697 1072 λέγων
1716 1017 1728 1029 ο

2012 998 2306 1056 ηὶιὶῐυάἰοὶε
2353 998 2559 1053 laudes
2606 998 2935 1054 excitatur:
2980 1002 3127 1070 Ecce,
3176 1002 3472 1076 inquiens,
3499 1007 3632 1080 pul-

590 1086 726 1147 ἰδοὺ
753 1088 798 1143 εί
826 1087 995 1158 καλή,
1025 1090 1062 1157 ἠ
1095 1085 1333 1158 πλησίον
1379 1108 1504 1161 μου.
1983 1090 2124 1147 chra
2187 1104 2210 1145 e

2016 1090 2124 1147 hra
2187 1104 2272 1158 es,
2336 1089 2657 1160 prapiuqua
2721 1104 2862 1143 mea.
2921 1090 3171 1148 Pulchra
3234 1095 3493 1165 profecto
3550 1113 3636 1168 es,

225 1179 378 1250 Καλῆ
405 1180 510 1256 γάρ
534 1174 707 1241 ὄντως
738 1175 1001 1253 πέφυκας,
1035 1175 1191 1250 φησὶ,
1221 1178 1401 1250 κάμοῦ
1439 1173 1697 1246 πλησίον,

2013 1177 2194 1248 nquit,
2230 1176 2559 1249 propinqua
2590 1191 2741 1243 mea,
2776 1193 2908 1232 cum
2948 1177 3255 1237 hominum
3290 1189 3633 1242 cunctorum

228 1271 408 1331 Πάσας
440 1269 683 1338 σωθῆναι
714 1265 946 1330 θέλουσα
976 1266 1157 1342 ψυχάς
1183 1265 1279 1328 τὰς
1306 1269 1413 1320 τῶν
1447 1265 1769 1339 ἀνθρώπων.

2026 1266 2216 1321 nimas
2247 1265 2497 1321 salutem
2531 1265 2767 1336 assequi
2801 1266 3025 1338 cupias.
3056 1268 3277 1327 Deinde
3301 1288 3433 1329 cum
3463 1274 3639 1331 vellet

224 1359 339 1417 Εἶτ’
371 1356 645 1414 ἐπαινέσαι
682 1355 983 1434 βουληθεὶς
1014 1355 1181 1425 αὐτὴν
1213 1355 1304 1409 καὶ
1334 1354 1470 1410 κατᾶ
1504 1353 1691 1429 μέρος,

2015 1354 2256 1427 iugulas
2286 1356 2415 1426 ejus
2449 1358 2643 1426 partes
2672 1353 2937 1424 laudare,
2969 1358 3038 1413 ad
3075 1358 3286 1429 ipsam,
3318 1361 3635 1420 Ecclesiam

224 1449 373 1521 Φησί
400 1469 517 1512 πως
551 1446 695 1504 οὕτω
727 1446 863 1522 πρὸς
895 1445 1090 1514 αὐτὴν,
1120 1441 1288 1521 ἤγουν
1318 1445 1418 1514 τήν
1447 1441 1804 1514 Ἐκκλησίαν·

2012 1444 2294 1511 nimirum,
2354 1442 2647 1514 loquens:
2700 1444 2880 1511 Oculi,
2938 1446 3155 1519 inquit,
3215 1452 3301 1505 iui
3353 1453 3632 1510 columbae.

657 1533 863 1614 Ὀφθαλ
877 1534 968 1609 μοί
1000 1555 1097 1589 σου
1126 1539 1460 1609 περιστερᾶς.
1989 1532 2277 1597 Quemadr

2019 1532 2498 1597 Quemadmodum
2555 1531 2615 1586 in
2656 1532 2917 1590 hominis
2948 1551 3190 1609 corpore
3240 1538 3439 1595 multa;
3500 1546 3639 1598 sunt

226 1632 437 1700 ’Ὠσπερ
465 1624 519 1681 ἒν
552 1625 766 1700 σώματι
803 1626 1001 1699 βροτοῦ
1030 1621 1217 1679 πολλὰ
1240 1622 1497 1699 τυγχάνει
1533 1621 1694 1696 μέρη,

2019 1626 2212 1687 νοτίου,
2258 1625 2323 1676 ut
2371 1621 2569 1693 pedes,
2604 1626 2660 1677 et
2709 1637 2941 1694 manus,
2974 1628 3030 1680 et
3080 1626 3278 1695 ubera,
3310 1632 3367 1683 et
3411 1634 3639 1701 pectus,

232 1713 430 1789 Πόδες,
458 1716 549 1770 καὶ
578 1720 785 1792 γεῖρες,
815 1713 904 1769 καὶ
940 1713 1155 1787 μαστοὶ,
1187 1712 1277 1769 καὶ
1308 1719 1525 1784 στῆθος,
1546 1712 1634 1766 καὶ
1667 1709 1852 1768 κοιλία

2020 1714 2050 1765 ιι
2110 1714 2315 1766 venter
2366 1726 2379 1765 :
2436 1709 2519 1765 sic
2586 1710 2762 1766 etiam
2830 1717 2971 1768 sunt
3034 1713 3094 1769 in
3163 1722 3366 1772 sancto
3433 1718 3640 1775 divinas

234 1804 398 1865 Οὕτω
428 1804 519 1860 καὶ
550 1807 711 1876 σῶμα
737 1803 800 1858 τὸ
828 1803 1020 1858 σεπτὸν
1049 1808 1149 1872 τῆς
1180 1800 1324 1863 θείας
1354 1800 1706 1871 Ἑκκλησίας,

2022 1796 2261 1854 Ecclesiae
2320 1813 2578 1870 corpore,
2624 1801 2793 1870 cujus
2849 1806 3029 1872 caput
3079 1808 3170 1858 est
3227 1805 3512 1878 Christus,
3543 1808 3642 1878 qui

227 1896 411 1971 Οὗπερ
434 1893 697 1970 τυγχάνει
725 1891 936 1970 κεφαλὴ
972 1891 1206 1967 Χριστὸς
1237 1891 1264 1945 ὁ
1296 1890 1383 1946 καὶ
1414 1889 1668 1968 νυμφίος.

2015 1890 2053 1941 ιι
2090 1902 2363 1958 sponsus.
2394 1886 2477 1941 Ab
2525 1886 2710 1942 oculis
2765 1890 2939 1960 coepit
2984 1905 3258 1947 coronam
3309 1899 3635 1954 contexere.

230 1984 326 2055 Ἐξ
367 1952 669 2058 ύφθαλῖιῶν
702 1952 978 2059 diripiat-Ito
1007 1952 1102 2036 τὸν
1128 1979 1383 2057 στέφανον
1425 1952 1777 2052 συμπλέκειν,

2022 1977 2079 2031 .‘u
2104 1952 2370 2032 Ecclesiae
2400 1980 2613 2032 sanctis
2635 1975 2833 2033 oculos
2853 1952 3124 2052 intellige
3144 1981 3361 2055 scripta
3389 1952 3642 2056 prophe;

232 2074 313 2129 Σὺ
345 2070 393 2128 δ’
422 2072 707 2148 ὀφθαλμὸν
739 2070 989 2142 ἐννόησον
1022 2077 1121 2140 τῆς
1152 2068 1296 2131 θείας
1320 2067 1670 2139 Ἐκκλησίας,

2027 2082 2189 2121 arum
2238 2065 2575 2122 acutissime
2624 2067 3001 2125 intuentium.
3036 2070 3180 2127 Cum
3234 2078 3431 2129 autem
3476 2074 3647 2132 vellet

229 2163 308 2219 re
340 2161 618 2236 σύνταγμα
645 2164 753 2216 τῶν
783 2164 1080 2238 προφητῶν
1118 2163 1227 2215 τῶν
1256 2154 1740 2233 ὀξυδερκεστάτων.

2024 2156 2302 2213 nteriores
2333 2156 2510 2228 hujus
2542 2156 2740 2214 oculos
2771 2157 3122 2231 collaudare,
3150 2162 3270 2219 haec
3299 2164 3478 2222 etiam
3507 2183 3644 2239 pro-

238 2251 429 2310 Θέλων
486 2249 545 2306 δὲ
596 2250 801 2322 ταύτης
859 2249 1094 2306 ἰπαινεῖν
1159 2248 1289 2312 τοὺς
1364 2245 1685 2321 ὀφθαλμοὺς
1758 2244 1855 2302 τοῦ

1567 2245 1685 2309 iob;
1758 2244 1887 2309 τοὺς
1996 2247 2133 2304 tulit
2161 2247 2358 2317 verba,
2387 2251 2454 2303 ut
2483 2247 2544 2304 in
2573 2248 2702 2321 ipsa
2731 2249 2881 2306 serie
2912 2253 3187 2325 reperies.

1619 2331 1818 2409 [ἕνδοη

238 2428 389 2501 Φησὶ
419 2428 511 2485 καὶ
538 2431 707 2483 ταῦτα
735 2427 871 2503 πρὸς
892 2427 1083 2496 αύτήν,
1117 2427 1192 2490 ὡς
1218 2426 1333 2481 καθ’
1365 2426 1554 2501 εἱρμὸν
1599 2426 1849 2500 εὑρήσεις
1873 2441 1888 2457 ·

311 2517 505 2580 Ἐκτὸς
528 2524 630 2587 τῆς
662 2516 985 2588 σιωπήσεώς
1023 2537 1140 2573 σου.

2071 2523 2275 2574 Przlcr
2299 2518 2590 2574 silentium
2618 2521 2794 2576 luam.

229 2607 374 2670 Τοὺς
401 2606 724 2686 ὀφθαλμούς
755 2628 851 2663 σου
882 2606 1007 2683 γάρ,
1040 2605 1226 2683 φησὶν,
1260 2605 1493 2681 ἐπῄνεσα
1519 2603 1646 2669 τοὺς
1673 2599 1798 2678 ἔξω,

2069 2606 2305 2679 Oculos,
2353 2607 2570 2680 inquit,
2620 2612 2751 2664 tuos
2808 2609 3125 2669 exteriores
3181 2615 3639 2673 commendavi:

235 2697 302 2752 Οἱ
334 2697 444 2774 γὰρ
474 2695 626 2761 ἐντὸς
656 2697 938 2773 ὑπέρτεροι
967 2696 1325 2772 τυγχάνουσιν
1352 2693 1593 2752 ἱπαίνου.

2027 2697 2346 2753 nteriorum
2376 2697 2535 2753 enim
2565 2695 2772 2755 laudes
2809 2698 2975 2757 nulla
3016 2704 3254 2774 assequi
3296 2710 3489 2777 potest
3517 2721 3647 2765 ora-

2000 2785 2105 2843 tio.

814 2880 929 2933 Τῶν
961 2884 1008 2952 γ’
1037 2877 1308 2952 Ματέρων.

2584 2877 2775 2934 Trium
2811 2884 3061 2937 Patrum.

312 2969 470 3024 ’Όθεν
531 2967 561 3022 ὁ
607 2966 809 3038 ταύτης
865 2966 1098 3044 νυμφίος
1153 2962 1550 3039 ἀποδεξάμενος
1599 2964 1786 3038 αὐτὴν,
1817 2964 1892 3027 ὡς

2074 2966 2280 3038 Itaque
2308 2981 2561 3037 sponsus
2590 2982 2717 3023 eam
2748 2971 2812 3023 ut
2841 2969 3118 3025 omnibus
3139 2970 3408 3043 partibus
3436 2972 3651 3031 formo-

239 3058 384 3114 κατὰ
406 3056 583 3113 πάντα
625 3056 851 3132 ὡραίαν,
882 3054 1067 3133 φησίν·
1101 3053 1241 3110 Ἰδοὺ
1292 3055 1340 3110 εἶ
1374 3054 1542 3124 καλή,
1573 3057 1608 3125 ἡ
1657 3052 1859 3125 πλησίο

2030 3071 2131 3111 ιᾶζῐι
2178 3055 2510 3127 suscipiens
2542 3072 2555 3111 :
2591 3056 2744 3125 Ecce,
2778 3057 2992 3128 inquit,
3025 3060 3269 3130 pulchra
3315 3077 3392 3133 es,
3422 3065 3650 3135 propin-

247 3167 381 3221 μου·
414 3144 570 3217 ἤτοι,
598 3142 718 3202 ῒὸοὺ
752 3144 1015 3221 ὑπάρχεις
1048 3144 1240 3219 ὡραία,
1266 3146 1302 3214 ἡ
1343 3142 1613 3219 ἐγγύσασά
1662 3164 1755 3217 μοι
1805 3140 1867 3197 διε

2037 3161 2112 3201 ua
2138 3160 2288 3201 mea.
2321 3144 2571 3201 Pulchra
2599 3145 2857 3218 profecto
2879 3163 2961 3216 es,
2986 3164 3114 3219 quia
3146 3150 3290 3206 mihi
3320 3151 3653 3225 propinqua

244 3237 566 3311 μιμήσεως,
614 3236 689 3299 ὡς
748 3236 811 3290 τὸ
884 3236 1002 3290 κατ’
1050 3233 1234 3290 εἲκόνα
1298 3233 1385 3289 καὶ
1456 3233 1575 3287 καθ’
1632 3232 1864 3306 ὁμοίωσι

2031 3252 2108 3291 uer
2136 3233 2528 3290 imitationem
2554 3234 2791 3290 evasisti
2816 3252 2830 3290 :
2857 3252 3105 3309 quaeque
3125 3238 3651 3310 pulchritudinem,

246 3324 485 3385 κάλλος
546 3325 663 3381 κατ’
716 3324 931 3400 ἐμπρ...
981 3328 1181 3399 γνῶσιν
1227 3323 1530 3397 συνάψασα·
1581 3319 1699 3378 ἴδοὸ
1756 3321 1864 3377 ὖπά

2031 3340 2165 3378 uam
2196 3328 2433 3395 propter
2454 3322 2774 3395 imaginem
2801 3328 2859 3379 et
2879 3324 3333 3384 similitudinem
3367 3329 3647 3399 hausisti,

242 3434 371 3490 χεις
430 3412 625 3486 ὡραία,
659 3413 748 3469 καὶ
780 3411 870 3468 διὰ
913 3413 977 3468 τὸ
1009 3413 1096 3468 ἰπὶ
1125 3418 1255 3467 πᾶσι
1311 3417 1429 3473 τοῖς
1477 3411 1862 3486 κατορθώμασι

2039 3411 2227 3467 fﬁcaci
2257 3412 2588 3484 cognitione
2631 3411 2973 3468 cumulasti.
3007 3414 3152 3472 Ecce
3180 3416 3428 3489 pulchra
3455 3420 3654 3491 etiam,

240 3500 474 3577 ἄτυφον.
509 3502 608 3559 Καὶ
654 3500 798 3557 οὕτω
833 3502 927 3575 μὶν
959 3500 1265 3563 καθολικῶς
1296 3500 1388 3555 τὸν
1431 3499 1635 3567 ταύτης
1678 3492 1860 3554 ἔπαινο

2040 3500 2293 3573 [uoniam
2324 3501 2397 3556 ad
2429 3500 2687 3572 reliquas
2735 3517 2938 3558 omnes
2968 3502 3214 3562 virtutes
3261 3511 3394 3563 tuas
3424 3508 3660 3565 humili-

245 3590 569 3662 ὶποιήσατο.
646 3590 775 3646 Εἶτα
839 3590 929 3646 καὶ
998 3590 1136 3645 κατὰ
1210 3590 1371 3665 μέρος
1431 3592 1620 3644 τοῦτον
1687 3585 1865 3659 διὲξεις

2037 3594 2192 3645 atem
2249 3589 2547 3663 adjungis.
2595 3594 2716 3646 Hoc
2770 3590 2955 3663 igitur
3004 3598 3173 3664 pacto
3225 3612 3359 3652 cum
3410 3614 3539 3653 eam
3597 3597 3657 3653 in

237 3680 515 3755 φάσκων·
572 3678 889 3757 Ὀιρθαλμοί
974 3700 1072 3733 σου
1150 3682 1492 3753 περιστερᾶς,
1568 3676 1721 3741 ἐκτὸς
1803 3681 1857 3732 τί

2040 3677 2355 3734 universum
2406 3677 2699 3747 laudarit,
2762 3696 2920 3735 nunc
2977 3680 3344 3754 singularum
3401 3685 3660 3756 partium

235 3768 576 3839 σιωπήσεώς
616 3786 743 3823 σου⁶
796 3768 852 3823 οἱ
898 3769 1006 3823 τῶν
1054 3768 1325 3839 αἰσθητῶν
1372 3766 1587 3829 πάντως
1634 3764 1855 3839 ἀντιλαρ

2039 3767 2216 3823 audes
2263 3766 2655 3839 persequitur.
2691 3767 2866 3835 Oculi,
2899 3767 3197 3841 inquiens,
3226 3774 3316 3827 lui
3342 3772 3611 3830 columba?
3640 3792 3659 3828 :

235 3853 567 3930 ὅανόμενοι,
594 3857 687 3913 καὶ
745 3857 798 3912 οἱ
844 3861 952 3912 τῶν
1006 3861 1219 3929 νοητῶν
1264 3856 1654 3929 πνευματικοί·
1690 3855 1772 3910 ὅτι
1831 3853 1855 3910 δ

2038 3858 2212 3912 »φυκίον
2244 3856 2530 3911 silentium
2576 3864 2753 3915 tuum.
2785 3856 2971 3927 Oculi,
3003 3858 3104 3930 qui
3153 3864 3211 3916 et
3258 3876 3327 3917 ea
3370 3877 3498 3932 quae
3545 3862 3658 3919 sub

238 3946 428 4002 αὐτῶν
468 3951 641 4000 πᾶσαν
683 3947 783 4016 τὴν
823 3945 997 4001 κτίσιν
1046 3947 1182 4022 πρὸς
1230 3943 1384 4017 δόξαν
1443 3950 1539 4002 τοῦ
1589 3946 1858 4015 Πεποιηκό

2042 3960 2251 4000 ensum
2282 3944 2501 4000 cadunt
2548 3943 2901 4017 percipiunt,
2933 3951 2990 4002 et
3035 3964 3104 4003 ea
3152 3964 3278 4020 qua
3311 3955 3504 4006 mente
3532 3949 3661 4008 sola

234 4058 344 4098 τος
399 4036 550 4110 ὁρᾷςο
579 4034 720 4091 οὕτω
770 4032 828 4091 δέ
876 4056 973 4090 σου
1021 4036 1074 4090 οὶ
1125 4034 1401 4113 ὀφθαλμοὶ
1428 4036 1577 4091 οὗτοι
1606 4055 1848 4110 πνευματ

2044 4032 2444 4105 ntelliguutur,
2477 4041 2540 4089 ut
2588 4034 2907 4106 spiritales,
2955 4036 3482 4109 comprehendunt.
3516 4038 3664 4105 Quia

231 4126 335 4182 χοὶ
367 4124 524 4188 ὶκτὸς
573 4129 673 4190 τῆς
723 4123 808 4180 ἐπὶ
860 4128 975 4196 Θεῷ
1021 4123 1248 4202 άφασίας
1300 4144 1420 4179 σου.
1456 4124 1556 4181 Καὶ
1596 4124 1699 4200 γὰρ
1758 4120 1851 4196 μᾶ]

2040 4139 2115 4178 μοι·
2141 4121 2304 4194 ipsos
2332 4122 2532 4178 omnia
2560 4139 2687 4194 quae
2712 4130 2910 4180 creata
2933 4132 3093 4192 sunt,
3117 4127 3296 4183 refers
3323 4128 3397 4183 ad
3429 4128 3660 4184 laudem

238 4214 349 4271 λον
402 4213 538 4285 αὕτη
596 4212 1071 4288 πνευματικὴ,8τι
1129 4212 1180 4268 ἐν
1241 4212 1375 4288 ἁγίῳ
1431 4212 1701 4288 Πνεύματι
1767 4211 1858 4267 ὑπέ

2042 4210 2322 4268 lreatoris.
2355 4211 2450 4267 Sic
2498 4217 2695 4268 autem
2726 4213 2881 4269 oculi
2913 4214 3012 4270 isti
3043 4215 3129 4271 tui
3177 4216 3472 4288 spiritales
3503 4223 3662 4289 sunt,

227 4308 443 4381 γνῶσιν
476 4302 732 4378 γικώσκει
754 4303 818 4359 τὸ
841 4306 939 4358 τοῦ
969 4306 1104 4359 Θεοῦ
1135 4300 1542 4374 ἀκατάληπτον.

2044 4305 2224 4357 master
2282 4305 2447 4357 tuam
2494 4301 2563 4357 de
2615 4301 2730 4358 Deo
2787 4303 3251 4361 taciturnitatem
3285 4322 3299 4362 :
3333 4305 3457 4362 haec
3505 4307 3664 4363 enim

229 4395 440 4467 magis
469 4394 646 4450 etiam
676 4399 767 4451 est
795 4394 1109 4467 spiritalis;
1145 4411 1283 4450 nam
1312 4393 1373 4450 in
1404 4392 1627 4466 Spiritu
1676 4395 1900 4461 sancto,
1931 4390 1988 4447 id
2021 4391 2178 4463 quod
2209 4406 2442 4447 omnem
2490 4391 2894 4465 cognitionem
2944 4398 3207 4466 superat,
3259 4396 3565 4467 cognoscit
3594 4396 3667 4452 de

232 4488 365 4541 Deo
399 4498 608 4556 nempe
637 4483 796 4556 quod
837 4472 1094 4555 nequeat
1125 4481 1569 4555 comprehendi.

957 4585 1203 4644 Ψελλοῦ.

2744 4587 2933 4643 Pselli.

317 4695 501 4748 ταῦτα
532 4692 627 4766 μὶν
656 4691 747 4749 οῦν
780 4693 856 4758 ὡς
881 4694 1095 4770 γυναικὶ
1126 4691 1463 4771 προσομιλεῖ
1488 4696 1557 4768 τῇ
1587 4690 1799 4771 νύμφῃ.

2090 4693 2219 4750 Haec
2246 4696 2531 4766 tanquam
2553 4709 2689 4749 cum
2724 4693 2965 4750 muliere
2985 4710 3120 4751 cum
3153 4712 3373 4769 sponsa
3402 4696 3663 4769 loquiur.

232 4781 313 4841 Ei.
348 4778 400 4835 δ’
430 4780 913 4858 ἆναγωγικώτερον
945 4781 1290 4858 ἐξερουνῆσαι
1317 4781 1516 4855 θέλεις,

2079 4783 2180 4838 1οά
2227 4783 2277 4838 si
2325 4782 2412 4837 vis
2460 4781 2639 4838 altius
2673 4797 2795 4837 rem
2846 4783 3175 4855 indagare:
3210 4800 3392 4841 comae
3438 4800 3699 4855 sponsis.

229 4870 598 4947 Τριχώματα
625 4871 895 4951 πεφύκασι
922 4878 1021 4942 τῆς
1050 4870 1268 4949 νύμφης
1293 4872 1385 4927 καὶ
1416 4871 1703 4947 παρθένου,

2049 4870 2285 4942 'irginis,
2332 4870 2444 4927 hoc
2489 4874 2581 4926 est
2625 4870 2834 4926 divina
2880 4871 3155 4929 Ecclesia
3202 4877 3570 4941 ornamenta,
3602 4887 3669 4928 ex

232 4961 464 5035 Ἠγουν
497 4958 997 5055 ἆγκαλλωπίσματα
1024 4966 1124 5031 τῆς
1147 4958 1293 5023 θείας
1321 4957 1668 5031 Ἐκκλησίας,

1359 4957 1668 5055 Ξκκλησίας,
1939 4990 1987 5055 D
2018 4957 2281 5032 gentium
2311 4974 2489 5031 grege
2517 4961 2611 5015 est
2640 4957 2979 5016 multitudo.

230 5048 325 5106 Τὸ
357 5046 573 5118 πλῆθος
604 5044 778 5114 ὅντως
798 5052 897 5104 τοῦ
927 5048 1064 5104 λαοῦ
1091 5055 1193 5120 τῆς
1221 5048 1274 5120 ἐξ
1304 5047 1469 5105 ἐθνῶν
1502 5046 1731 5124 ἀγέλης.

327 5133 585 5200 Ὀὂόντες
632 5156 733 5196 σου
818 5137 893 5201 ὠς
976 5135 1165 5216 ἀγέλαι
1250 5143 1356 5194 τῶν
1431 5137 1802 5215 κεκαρμένων,
1857 5136 1913 5191 αἱ

2092 5136 2285 5191 Dentes
2313 5136 2404 5191 tui
2427 5137 2572 5192 sicut
2614 5150 2801 5208 greges
2829 5140 3123 5194 lonsarum
3149 5154 3278 5213 quaD
3305 5138 3674 5196 ascenderunt

231 5220 644 5284 ἀναϐαίνουσαι
697 5225 807 5282 ἀπὸ
860 5231 958 5282 τοῦ
1006 5226 1264 5305 λουτροῦ,
1316 5227 1372 5282 αἱ
1428 5232 1595 5282 πᾶσαι
1654 5223 1849 5299 διδυμε

2055 5241 2092 5280 x
2119 5225 2357 5295 lavacro,
2389 5240 2573 5281 omnes
2600 5226 2851 5293 gemellis
2877 5228 3106 5298 fetibus,
3137 5238 3190 5286 et
3213 5229 3422 5286 sterilis
3451 5245 3563 5286 non
3590 5235 3675 5286 est

232 5335 439 5384 ουσαι,
464 5315 553 5370 καὶ
578 5315 874 5371 ἆτεκνοῦσα
905 5314 1005 5371 ούκ
1032 5312 1173 5371 ἔστιν
1208 5314 1260 5370 ἐν
1292 5314 1501 5379 αύταῖς.

688 5319 874 5371 ινοῦσα
905 5314 1005 5371 ούκ
1032 5312 1173 5371 ἔστιν
1208 5314 1260 5370 ἐν
1292 5314 1501 5379 αύταῖς.
2025 5318 2167 5370 inter
2194 5329 2308 5370 eas.

329 5398 593 5466 Ὀδόντας
620 5400 678 5459 δά
710 5425 808 5477 μοι
833 5402 1066 5479 γίνωσκε
1089 5402 1218 5466 τοὺς
1251 5404 1429 5467 θείους
1457 5399 1842 5471 διδασκάλους,

2096 5407 2309 5459 Dentes
2347 5401 2494 5457 mihi
2543 5402 2857 5476 intelligito
2888 5404 3120 5462 divinos
3164 5404 3433 5464 doctores
3480 5423 3675 5464 sacro-

234 5490 404 5555 Τοὺς
437 5492 833 5572 σαφηνίσαντας
863 5497 1004 5566 ⁴ἡμῖν
1034 5494 1253 5571 Γραφὴν
1284 5493 1384 5563 τήν
1419 5486 1735 5565 σεϐασμίαν,

2058 5495 2290 5548 auctam
2323 5493 2492 5548 nobis
2534 5492 2895 5565 Scripturam
2927 5494 3408 5568 interpretantes,
3440 5496 3541 5570 qui
3573 5497 3677 5553 de-

230 5582 396 5643 τοὺς
429 5579 719 5659 φροντίδας
752 5581 950 5658 σαρκὸς
984 5579 1526 5657 ἂναποκειραμὲνους,

2055 5580 2216 5637 onsis
2256 5580 2602 5653 rejectisque
2651 5582 2843 5639 carnis
2892 5583 3416 5655 sollicitudinibus,
3448 5590 3506 5643 et
3534 5601 3675 5642 con-

235 5669 361 5729 Kai
391 5674 474 5744 τῷ
499 5672 605 5740 τὴς
644 5667 1006 5742 συνειδήσεως
1036 5667 1255 5748 λουτρῷ
1292 5670 1745 5746 κεκαθαρμένους.

2054 5670 2286 5726 cientias
2335 5670 2564 5727 lavacro
2605 5672 2895 5745 mundati,
2928 5677 3052 5728 tum
3104 5674 3314 5731 anima
3366 5680 3494 5733 tum
3545 5692 3674 5733 cor-

238 5757 681 5839 Διδυμοτόκους
708 5759 934 5825 τούτους
960 5756 1020 5816 δὲ
1042 5757 1210 5818 πάλιν
1235 5760 1264 5816 ὁ
1294 5758 1463 5839 λόγος
1491 5758 1656 5829 εἶπεν,

2054 5761 2188 5817 μοι-ξε
2234 5760 2553 5835 puritatem
2587 5761 2755 5835 quasi
2803 5762 3083 5837 gemellos
3132 5764 3288 5823 fetus
3335 5765 3552 5823 habere
3580 5764 3674 5822 di-
