4102 6342
454 414 563 475 6H

1788 414 2211 475 MlCllAELIS
2254 416 2528 477 PSELLI

3746 418 3872 476 612

446 550 677 603 cuntur.
710 547 867 606 Sicut
911 547 1196 619 funiculus
1236 548 1518 604 coccineus
1570 547 1719 604 labia
1766 554 1880 618 tua,
1912 550 1961 602 et
1989 547 2083 603 elo-

2213 547 2299 607 Ὠς
2329 546 2419 600 καὶ
2467 550 2652 621 ψυχῆς
2704 546 2793 600 καὶ
2851 547 3108 619 σώματος
3161 545 3345 608 καλῶς
3396 548 3871 623 καθηγνισμὲνους

446 639 640 709 quium
688 646 845 693 tuum
888 639 1167 693 decorum.
1200 638 1435 710 Sponsae
1486 637 1644 692 labia
1691 655 1897 693 rursus
1947 653 2106 692 com-

450 728 709 782 mendat.
752 731 831 781 Tu
884 743 1017 783 vero
1076 744 1180 798 per
1238 726 1591 798 funiculum,
1645 727 1862 783 silentii
1912 727 2105 782 dotem

450 817 650 886 accipe
698 834 711 871 :
771 832 875 887 per
928 815 1231 887 eloquium
1285 833 1420 872 vero
1478 817 1784 884 decorum,
1844 815 2102 871 divinam

449 904 946 976 praedicationem.
979 906 1131 959 Tum
1184 905 1374 976 gratia
1404 905 1826 961 taciturnitatis
1870 906 1976 969 sic,
2010 905 2103 959 in-

448 992 599 1064 quit,
624 992 881 1063 excellis,
909 998 974 1047 ut
1004 992 1153 1047 nihil
1188 994 1575 1064 superﬂuum,
1605 993 1752 1047 nihil
1781 994 2105 1049 absurdum

443 1081 669 1137 excidat
701 1098 732 1137 e
761 1081 936 1137 labiis
982 1080 1123 1138 tuis.
1157 1083 1215 1137 Si
1251 1083 1393 1155 quid
1445 1082 1602 1138 enim
1654 1082 1972 1154 aliquando
2019 1083 2107 1139 vis

441 1171 603 1243 loqui
636 1187 763 1242 quae
810 1171 881 1226 ad
930 1171 1060 1226 ﬁdei
1096 1170 1627 1242 promulgationem
1660 1172 2107 1242 doctrinamque

442 1261 769 1332 pertinent,
836 1259 1119 1331 loqueris.
1179 1261 1309 1315 Ecce
1363 1260 1596 1331 pulchra
1654 1277 1731 1331 es,
1788 1263 2103 1334 propinqua

441 1366 588 1416 mea,
620 1366 738 1406 ecce
782 1350 1023 1421 pulchra
1069 1365 1143 1403 es.
1180 1348 1484 1404 Geminam
1540 1349 1633 1405 hic
1685 1366 1918 1422 quoque
1966 1366 2101 1421 pro-

439 1439 575 1494 tulit
639 1438 873 1494 laudem
933 1438 1413 1511 pulchritudinis.
1467 1438 1647 1494 Genis
1699 1439 1856 1495 enim
1905 1439 2101 1495 vultus

443 1530 572 1599 ejus
603 1545 635 1583 a
666 1545 962 1599 purpureo
996 1529 1294 1584 modestia:
1328 1529 1536 1584 decore
1566 1528 1939 1598 collaudatis,
1971 1530 2101 1584 ani-

442 1636 554 1675 mae
610 1635 843 1691 quoque
904 1621 1279 1675 commendat
1324 1618 1848 1691 pulchritudinem,
1890 1623 1965 1674 Ut
2012 1625 2099 1675 ta-

440 1725 623 1779 ceam,
676 1709 973 1779 inquiens,
1027 1708 1249 1765 silentii
1299 1710 1478 1764 decus
1530 1708 1741 1764 anima:
1792 1714 1927 1764 tuae.
1971 1709 2100 1764 Haec

439 1797 595 1853 enim
636 1797 1001 1853 extrinsecus
1034 1797 1273 1869 quidem
1313 1798 1649 1868 jucundum
1698 1797 2100 1869 spectaculum

439 1887 720 1958 praebent,
754 1886 912 1944 intus
957 1893 1155 1944 autem
1190 1887 1589 1958 praestantiam
1645 1888 1947 1943 continent
1976 1887 2098 1944 siu-

440 1975 731 2049 gularem.

508 2154 685 2210 Comae
724 2157 834 2209 tum
880 2154 1023 2209 sicut
1068 2169 1255 2225 greges
1301 2170 1621 2226 caprarum,
1672 2170 1789 2225 qua:
1836 2156 2094 2210 revelata:

430 2251 559 2298 sunt
587 2260 656 2299 ex
686 2242 922 2299 Galaad.

1025 2350 1210 2405 Trium
1249 2351 1502 2406 Patrum.

502 2454 896 2528 Cogitationes
954 2456 1181 2512 scilicet
1236 2461 1381 2522 tuae,
1441 2473 1567 2529 quae
1627 2457 1698 2512 ad
1761 2457 2091 2526 actionem;

431 2544 649 2616 quique
690 2544 748 2599 in
799 2545 1012 2616 spiritu
1063 2546 1135 2600 ad
1185 2545 1744 2617 contemplationem
1795 2545 2091 2617 pertinent

429 2649 754 2702 sermones,
786 2638 844 2690 et
891 2651 1088 2690 rerum
1145 2635 1481 2690 divinarum
1516 2652 1643 2706 quas
1692 2634 2085 2707 cognitionem

435 2728 739 2794 superant,
773 2724 971 2779 studia
1002 2740 1069 2779 ex
1101 2728 1298 2779 mente
1330 2728 1432 2779 tua
1456 2724 1545 2795 (ut
1573 2741 1642 2779 ex
1671 2723 1858 2794 capite
1885 2723 2087 2793 comae)

430 2812 771 2885 spiritaliter
819 2814 1018 2869 omnia
1071 2818 1445 2869 nascuntur:
1499 2819 1557 2868 et
1603 2813 1675 2868 ad
1729 2830 1796 2867 ea
1848 2829 1975 2884 qua:
2024 2813 2083 2868 in

432 2918 605 2958 carne
637 2904 976 2974 mundoque
1022 2908 1181 2967 sunt,
1214 2918 1391 2957 sensu
1443 2906 1661 2967 carent,
1698 2902 1779 2957 uti
1810 2900 2083 2956 ﬂorentes

431 3008 742 3062 caprarum
775 2992 897 3064 pili,
931 3009 1058 3063 qua
1091 2991 1353 3047 revelata:
1386 2994 1526 3047 sunt
1554 3008 1623 3046 ex
1654 2996 1850 3045 monte
1880 2988 2083 3045 invisi-

424 3079 527 3135 bili
550 3080 765 3136 Galaad
792 3099 805 3149 ;
833 3097 958 3151 quae
993 3080 1273 3135 nimirum
1303 3086 1530 3135 retecta:
1562 3084 1702 3134 sunt
1727 3095 1796 3134 ex
1825 3079 2083 3134 tenebris

423 3168 660 3225 malitiae
690 3175 746 3225 et
780 3170 1124 3241 ignorantia:
1175 3176 1232 3225 et
1276 3169 1620 3241 impietatis,
1654 3185 1723 3223 ex
1754 3169 1970 3239 quibus
2004 3168 2077 3223 ad

420 3259 722 3313 veritatem
756 3264 813 3312 et
842 3256 1148 3313 scientiam
1183 3263 1239 3312 et
1269 3258 1543 3329 pietatem
1578 3257 1747 3327 quasi
1780 3257 2073 3328 demigra-

417 3350 575 3413 runt,
613 3363 715 3416 per
742 3346 1120 3417 Evangelium
1154 3348 1308 3419 quod
1362 3347 1631 3401 ﬁdelibus
1682 3347 1945 3401 futurum
1972 3347 2068 3417 ju-

415 3433 637 3489 dicium
698 3439 1033 3492 attestatur.
1067 3436 1284 3491 Galaad
1339 3435 1497 3491 enim
1547 3436 1596 3490 si
1647 3435 2071 3508 interpreteris,

416 3522 742 3578 testimonii
774 3524 1071 3596 signiﬁcat
1107 3525 1539 3596 migrationem.

484 3612 677 3668 Dentes
706 3615 789 3668 lui
819 3615 959 3668 sicut
988 3630 1176 3685 greges
1217 3621 1518 3679 tonsuram,
1554 3630 1672 3685 qua:
1715 3614 2075 3677 ascenderunt

414 3699 478 3755 de
510 3700 732 3768 Galaad,
766 3717 956 3758 omnes
996 3703 1243 3773 gemellis
1278 3705 1504 3774 felibus,
1536 3712 1587 3759 et
1617 3705 1827 3760 sterilis
1854 3720 1966 3759 non
1996 3710 2078 3759 est

417 3791 563 3843 inter
589 3806 701 3845 eas.

490 3878 899 3935 Meditationes
931 3884 1044 3935 tuae
1077 3881 1295 3952 quibus
1326 3884 1609 3952 tanquam
1643 3881 1918 3937 dentibus
1948 3882 2075 3953 qui-

416 3967 670 4023 husdam
728 3986 1009 4041 corporea
1065 3970 1213 4041 legis
1261 3974 1387 4025 tum
1440 3971 1669 4042 scriptae
1719 3975 1846 4026 tum
1897 3974 2069 4026 natu-

414 4054 555 4112 ralis
611 4058 942 4113 crassitudo
994 4058 1054 4112 in
1103 4074 1272 4113 veros
1329 4075 1542 4115 sensus
1600 4064 1970 4127 extenuatur,
2015 4062 2072 4115 et

411 4146 483 4200 ad
544 4161 712 4200 esum
771 4145 1099 4217 spiritalem
1158 4148 1367 4203 idonea
1430 4148 1714 4213 redditur,
1760 4163 2067 4220 caprarum

411 4238 719 4289 tonsarum
750 4234 958 4301 instar,
998 4234 1163 4291 falsis
1207 4237 1487 4292 omnibus
1536 4237 1912 4308 opinionibus
1940 4254 2069 4292 am-

413 4322 637 4393 putatis
688 4324 1059 4394 rejectisque,
1091 4324 1248 4380 circa
1275 4326 1580 4380 veritatem
1623 4324 1808 4380 solam
1856 4325 2070 4382 immo-

412 4415 621 4465 rantur
653 4428 666 4466 :
700 4418 757 4467 et
800 4412 969 4483 quasi
1022 4412 1248 4469 lavacro
1282 4420 1564 4484 purgatze,
1597 4431 1630 4468 a
1659 4413 1905 4469 terrenis
1935 4413 2067 4470 istis

415 4502 593 4568 atque
623 4500 961 4556 carnalibus
1007 4502 1291 4558 sublimes
1324 4503 1396 4557 ad
1430 4501 1715 4573 spiritalia
1748 4506 1922 4572 atque
1953 4519 2064 4558 ca:-

411 4585 584 4642 lestia
639 4590 1125 4646 conscenderunt.
1161 4592 1495 4661 Omnesque
1544 4606 1647 4662 per
1695 4590 2065 4663 supradictas

2214 636 2300 697 Ὠς
2375 636 2631 712 σπαρτίον
2698 635 2945 691 κόκκινον
3031 634 3198 712 χείλη
3261 657 3379 705 σου,
3436 636 3524 691 καὶ
3586 638 3621 707 ἡ
3698 635 3872 692 λαλιά.

3448 728 3564 799 [σου
3596 726 3790 800 ὡραία.

2215 814 2301 870 Ἐν
2330 813 2544 876 τούτοις
2572 814 2738 869 πάλιν
2772 814 2980 870 ἐπαινεῖ
3007 814 3073 870 τὰ
3101 812 3267 890 χείλη
3306 814 3399 887 μὲν
3428 821 3529 884 τῆς
3548 814 3790 892 νύμφης.

2215 902 2290 956 Σὺ
2324 900 2381 957 δὲ
2411 903 2670 979 σπαρτίον
2698 903 2927 979 γίνωσκε
2944 912 3043 973 τῆς
3078 905 3402 974 σιωπήσεως
3429 904 3489 958 τὸ
3530 905 3717 979 μέρος,

2212 993 2317 1061 Τήν
2351 988 2398 1046 δ’
2427 992 2491 1046 αὖ
2523 992 2723 1064 ὡραίαν
2759 992 2954 1048 λαλιὰν
2982 995 3042 1047 τὸ
3072 995 3333 1068 κήρυγμα
3368 994 3431 1048 τὸ
3462 994 3626 1049 θεῖον.

2214 1081 2357 1151 Φησῖ
2390 1102 2513 1157 γαρ·
2542 1082 2618 1135 Σὺ
2648 1084 3015 1155 κατώρθωσας
3041 1085 3141 1146 τῆς
3174 1089 3388 1152 σιωπῆς
3414 1082 3512 1151 τὴν
3541 1083 3729 1158 χάριν,

2214 1166 2393 1238 Μηδὲν
2421 1168 2665 1225 λαλοῦσαι
2694 1170 2970 1246 περιττὸν,
3007 1168 3149 1243 μηδὲ
3173 1169 3610 1243 πεπλανημὲνον·

2212 1258 2277 1315 Εἰ
2307 1259 2407 1334 γὰρ
2432 1256 2677 1329 θελήσεις
2707 1259 2933 1314 πώποτε
2963 1258 3203 1329 λαλῆσαι
3234 1260 3321 1314 καὶ
3351 1267 3619 1337 φωνῆσαι,

2210 1348 2281 1401 Τὸ
2312 1350 2567 1424 κήρυγμα
2596 1355 2698 1417 τῆς
2726 1347 2959 1409 πίστεως
2988 1348 3273 1423 κηρύττεις
3303 1349 3389 1403 καὶ
3427 1346 3718 1409 διδάσκεις.

2212 1432 2353 1491 Ἰδοὺ
2382 1436 2617 1510 εἷ’καλὴ,
2648 1440 2683 1507 ἡ
2716 1436 2956 1508 πλησίον
2994 1458 3120 1511 μου,
3147 1435 3265 1492 ἰδοὺ
3300 1436 3354 1492 εἷ’
3374 1435 3541 1507 καλή.

2211 1523 2446 1579 Διπλοῦν
2480 1526 2751 1580 κάνταῦθα
2791 1523 2991 1581 δέδωκε
3021 1526 3113 1581 τὸν
3142 1524 3359 1581 ἔπαινον
3402 1530 3503 1580 τοῦ
3528 1523 3790 1593 κάλλους,

2208 1615 2278 1668 Τὸ
2307 1619 2402 1668 τοῦ
2433 1617 2732 1691 προσώπου
2764 1616 2865 1692 γὰρ
2903 1616 3069 1686 αὐτῆς
3110 1620 3204 1670 νῦν
3236 1614 3515 1677 ἐπαινέσας
3550 1617 3751 1690 μῆλον,

2207 1705 2294 1765 Ὠς
2318 1702 2529 1780 πλῆρες
2562 1704 2905 1779 ἐρυθήματος
2934 1705 3025 1761 καὶ
3070 1704 3424 1783 σωφροσύνης
3454 1705 3644 1781 γέμον,

2209 1794 2469 1867 Ἐπῄνεσε
2500 1795 2584 1848 καὶ
2620 1801 2718 1864 τῆς
2751 1799 2939 1870 ψυχῆς
2969 1796 3032 1849 τὸ
3064 1792 3292 1864 κάλλος,
3328 1793 3502 1869 λέγων
3537 1793 3732 1857 οὕτως’

2208 1883 2392 1944 Ἐκτὸς
2422 1890 2521 1952 τῆς
2550 1887 2871 1954 σιωπήσεως
2902 1888 2997 1938 τοῦ
3028 1881 3269 1946 κάλλους
3294 1890 3393 1953 τῆς
3426 1886 3610 1960 ψυχῆς
3638 1903 3759 1941 σου.

2205 1976 2378 2025 Ταῦτα
2413 1974 2509 2045 μὲν
2542 1970 2633 2025 οὖν
2666 1971 2933 2045 ἐρωτικὴν
2967 1971 3157 2041 ἔξωθεν
3192 1970 3308 2048 ἔχει
3340 1973 3488 2041 θέαν,

2206 2058 2359 2117 Ἀλλ’
2393 2059 2541 2115 ἔνδον
2580 2060 3017 2136 μεγαλοπρεπεῖς
3045 2062 3140 2122 τὰς
3173 2056 3458 2125 ἀναϐάσεις
3502 2061 3639 2137 ἔχει.

2272 2150 2660 2225 Τρίχωμάσοο,
2718 2150 2795 2212 ὡς
2849 2147 3043 2224 ἀγέλαι
3094 2154 3203 2204 τῶν
3279 2149 3476 2227 αἰγῶν,
3531 2150 3587 2205 αἳ
3659 2151 3871 2205 ἀπεκα-

2202 2237 2480 2315 λύφοησαν
2515 2238 2619 2293 ἀπὸ
2648 2242 2746 2293 τοῦ
2778 2236 3015 2295 Γαλαὰδ.

2768 2348 2887 2403 Τῶν
2919 2348 2966 2423 γ’
3002 2348 3278 2421 ΙΙατέρων.

2273 2454 2448 2524 Ἤτοι,
2477 2453 2527 2507 οἱ
2558 2453 2849 2527 πρακτικοί
2900 2474 2998 2508 σου
3057 2451 3346 2528 λογισμοὶ,
3377 2452 3465 2508 καὶ
3529 2454 3580 2508 οἱ
3640 2465 3859 2531 θεωρη-

2196 2540 2343 2596 τικοί
2401 2541 2451 2596 ἐν
2509 2542 2773 2615 πνεύματι
2829 2539 3004 2618 λόγοι,
3034 2544 3124 2598 καὶ
3181 2543 3495 2619 θεολογικαὶ
3552 2549 3659 2598 τῶν
3721 2544 3858 2620 ὑπὲρ

2198 2631 2383 2699 νόησιν
2417 2632 2711 2706 ἀγνώστων
2744 2629 3031 2708 δογμάτων
3074 2629 3354 2699 ἐπιϐολαί,
3388 2633 3595 2688 ἅπαντα
3650 2632 3708 2688 ἐκ
3753 2638 3856 2689 τοῦ

2199 2720 2321 2781 νοός
2370 2741 2464 2774 σου
2498 2724 2608 2793 (οἶα
2636 2718 2702 2789 δὴ
2761 2722 3005 2799 κεφαλῆς
3065 2722 3327 2794 κομώσης
3372 2722 3512 2795 θρὶξ)
3568 2743 3862 2795 πνευματι-

2194 2814 2305 2873 κῶς
2337 2808 2580 2883 φύονται·
2614 2810 2702 2864 καὶ
2741 2810 2877 2881 πρὸς
2904 2811 2972 2865 τὰ
3002 2810 3053 2865 ἐν
3106 2810 3263 2886 σαρκὶ
3306 2810 3397 2865 καὶ
3453 2812 3643 2884 κόσμῳ
3698 2811 3856 2866 ἀναι-

2194 2900 2450 2967 σθητοῦσι
2504 2896 2659 2969 δίκην
2693 2898 2959 2963 εὐθαλοῦς
2988 2900 3345 2973 τριχώματος
3404 2899 3597 2975 αἰγῶν,
3630 2900 3846 2955 ἀποκα-

2192 2986 2223 3042 λ
2423 2988 2438 3018 ι
2638 2990 2658 3015 ν
2721 2985 2746 3007 ν’
2939 2989 3003 3020 ν..
3365 2986 3420 3005 εδ
3698 2988 3715 3019 ι

2232 3009 2552 3060 υπτομινων
2607 2988 2659 3058 ἐς
2718 3009 2881 3063 ορους
2928 2988 3175 3043 αιιόπτου
3208 2988 3420 3043 Γοιλααο
3469 2988 3849 3062 καλουμενου,

2190 3078 2277 3131 καὶ
2336 3076 2830 3151 ἀποκεκαλυμμὲνα
2885 3076 3016 3132 εἰσὶν
3071 3078 3176 3132 ἀπὸ
3234 3078 3459 3140 σκότους
3508 3078 3694 3139 κακίας
3746 3079 3844 3133 καὶ

2186 3166 2406 3240 ἀγνοίας
2453 3166 2541 3220 καὶ
2590 3166 2791 3234 ἀθείας,
2842 3164 2917 3230 ὠς
2968 3165 3027 3221 ἐκ
3080 3166 3286 3221 τούτων
3349 3166 3424 3229 εἷς
3493 3167 3686 3243 ἀρετὴν
3735 3173 3842 3222 καὶ

2187 3260 2382 3328 γνῶσιν
2469 3256 2557 3309 καὶ
2638 3250 2940 3310 θεοσέϐειαν
3023 3257 3431 3327 μετοικισθέντα
3513 3256 3657 3331 παρᾶ
3732 3260 3840 3310 τοῦ

2186 3344 2631 3418 μαρτυρουμένου
2669 3350 2785 3406 τοῖς
2816 3350 3029 3405 πιστοῖς
3058 3345 3125 3399 τά
3159 3343 3434 3417 μέλλοντα
3479 3342 3844 3419 δικαιωτήρια

2180 3431 2534 3508 Εὐαγγελίου,
2562 3435 2692 3507 ὅπερ
2727 3430 2893 3504 ’δηλοῖ
2938 3434 2999 3488 τὸ
3032 3432 3270 3506 Γαλαὰδ,
3322 3435 3579 3507 μετοίκία
3634 3454 3841 3508 μαρτυ-

2183 3541 2210 3596 ρ
2223 3520 2301 3584 ίας
2332 3522 2387 3596 ἕρ
2398 3522 2597 3593 μηνευό
2607 3543 2789 3593 μενον.

2256 3608 2503 3672 Ὀδόντες
2575 3631 2672 3664 σου
2752 3610 2825 3672 ὠς
2904 3611 3094 3685 ἀγὲλαι

2183 3693 2446 3769 ἀνέϐησαν
2521 3698 2626 3754 ἀπὸ
2704 3704 2802 3755 τοῦ
2864 3699 3118 3776 λουτροῦ,
3178 3700 3231 3753 αἱ
3280 3706 3443 3754 πᾶσαι
3506 3697 3831 3773 διδυμεόου-

3175 3615 3281 3664 τῶν
3348 3612 3714 3684 κεκαυμένων,
3787 3613 3845 3665 αἲ

2180 3809 2287 3858 σαι,
2321 3788 2407 3842 καὶ
2441 3788 2731 3843 ἀτεκνοῦσα
2762 3788 2861 3843 οὐκ
2891 3785 3032 3844 ἔστιν
3066 3788 3117 3844 ἓν
3152 3788 3360 3850 αὐταῖς.

2250 3878 2473 3951 ”Ηγουν,
2516 3878 2569 3931 αἱ
2637 3875 2942 3949 διανοήσεις
2998 3899 3117 3944 σου,
3180 3876 3251 3933 δι’
3298 3879 3370 3932 ὧν
3429 3878 3608 3951 ὥσπερ
3666 3880 3835 3934 τινῶν

2182 3963 2415 4021 ὀδόντων
2442 3967 2503 4021 τὸ
2536 3968 2846 4041 σωματικὸν
2880 3970 3059 4043 πάχος
3088 3971 3185 4022 τοῦ
3239 3972 3484 4042 γραπτοῦ
3530 3968 3701 4041 νόμου
3738 3968 3835 4023 καὶ

2177 4059 2275 4108 τοῦ
2306 4060 2534 4132 φυσικοῦ
2567 4057 2883 4112 λεπτύνεται
2916 4056 2994 4120 εἷς
3026 4056 3207 4126 ἀληθῆ
3242 4059 3515 4129 νοήματα,
3549 4056 3639 4112 καὶ
3692 4057 3836 4132 πρὸς

2185 4145 2384 4219 βρῶσιν
2445 4147 2816 4218 πνευματικὴν
2874 4143 3183 4215 ἐπισήδειον
3242 4145 3465 4218 γίνεται,
3526 4143 3683 4214 δίκην
3741 4166 3839 4201 κε⁴

2177 4235 2461 4306 καρμένων
2492 4232 2703 4308 ἀγελῶν
2737 4241 2909 4288 πᾶσαν
2965 4228 3174 4289 ἔννοιαν
3224 4232 3396 4308 ψευδῆ
3445 4234 3835 4309 περιῄρηνται,

2177 4323 2299 4391 περὶ
2362 4323 2534 4393 μόνην
2588 4321 3076 4396 συναγελαζόμεναι
3133 4324 3232 4391 τὴν
3292 4322 3571 4393 ἀλήθειαν.
3620 4324 3689 4380 Αἲ
3740 4325 3849 4379 καὶ

2177 4406 2439 4479 ἀνέϐησαν
2478 4412 2774 4483 ὑψωθεῖσαι
2820 4412 2958 4484 πρὸς
3008 4410 3076 4464 τὰ
3132 4411 3470 4492 πνερματικά
3525 4411 3615 4465 καὶ
3670 4410 3841 4484 οὖρά-

2176 4520 2265 4551 νια
2319 4497 2378 4552 ἐκ
2434 4504 2538 4552 τῶν
2600 4498 2811 4574 γηίνων
2868 4501 2958 4554 καὶ
3011 4504 3279 4574 σαρκικῶν
3333 4499 3565 4571 τούτων,
3597 4498 3671 4562 ὠς
3723 4500 3848 4556 ἀπὸ

2178 4585 2412 4662 λουτροῦ
2462 4588 2892 4661 καθαρεύουσαι·
2927 4589 3015 4643 καὶ
3068 4594 3232 4643 πᾶσαι
3293 4585 3381 4642 διὰ
3436 4594 3544 4643 τῶν
3604 4588 3840 4665 εἰρημέ-

412 4676 572 4748 leges
601 4678 871 4749 geminos
901 4678 1183 4735 virtutum
1214 4681 1364 4735 fetus
1389 4684 1513 4733 tum
1547 4679 1719 4734 dictis
1752 4662 1876 4734 tum
1910 4679 2076 4735 factis

2202 4697 2287 4730 ιων
2345 4677 2531 4750 νόμιον
2595 4674 3051 4750 διδυμοτοκοῦσαι
3105 4677 3234 4740 τοὺς
3290 4674 3516 4751 λόγους,
3562 4677 3651 4731 καὶ
3705 4677 3841 4741 τοὺς

412 4766 615 4823 edunt.
653 4767 719 4822 Et
750 4768 971 4825 sterilis
1020 4774 1191 4838 atque
1238 4768 1470 4823 inutilis
1519 4768 1793 4840 cogitatio
1836 4786 1949 4824 non
1983 4774 2073 4825 est

412 4853 472 4908 in
507 4855 614 4911 eis.

485 4942 637 4999 Sicut
676 4947 965 5015 funiculus
1012 4947 1292 5003 coccineus
1345 4946 1498 5003 labia
1542 4956 1658 5018 tua,
1692 4955 1744 5003 el
1793 4948 2071 5020 eloquium

412 5034 570 5087 tuum
598 5033 877 5089 decorum.

482 5121 696 5178 Verum
733 5140 1091 5195 sermonem,
1126 5125 1313 5181 instar
1338 5123 1582 5181 funiculi
1609 5124 1862 5181 dimensi
1895 5129 2071 5198 atque

412 5211 653 5279 coccini,
689 5218 967 5284 promunt
998 5213 1161 5270 labra
1190 5218 1311 5271 tua.
1341 5214 1734 5278 Quamobrem
1768 5214 2067 5287 eloquium

409 5306 581 5356 tuum
615 5304 854 5359 omnino
885 5306 1161 5359 decorum
1196 5310 1305 5360 est.

482 5390 635 5446 Sicut
664 5397 857 5448 cortex
892 5394 1039 5451 mali
1083 5395 1280 5466 punici
1306 5409 1467 5467 genae
1518 5402 1651 5464 tuas,
1683 5400 1847 5451 extra
1894 5394 2068 5450 silen-

410 5479 552 5532 tium
584 5484 763 5536 tuum.

481 5569 691 5623 Cortici
741 5570 965 5628 scilicet
1016 5571 1155 5627 mali
1203 5570 1401 5643 punici
1447 5570 1672 5628 similes
1723 5577 1862 5628 sunt
1908 5586 2067 5644 gena:

408 5658 542 5725 tute,
566 5660 632 5711 ut
661 5660 987 5716 severitatis
1032 5664 1297 5716 amantes
1330 5662 1506 5731 atque
1554 5662 1626 5716 ab
1681 5659 1844 5715 omni
1873 5659 2065 5716 disso-

410 5741 632 5800 lutione
656 5750 914 5816 remotae,
934 5748 1168 5820 quando
1190 5747 1365 5803 etiam
1390 5764 1505 5803 non
1528 5752 1707 5806 taces.
1728 5748 1886 5806 Licet
1907 5748 2065 5805 enim

2180 4764 2416 4841 τρόπους
2460 4769 2569 4820 τῶν
2618 4765 2823 4841 ἀρετῶν
2855 4767 3136 4842 ’Ἀκαρπος
3187 4765 3278 4821 καὶ
3338 4764 3624 4843 ἀνωφελὴς
3658 4764 3841 4822 ἔννοια

2183 4852 2281 4908 οὐκ
2308 4848 2447 4909 ἔστιν
2481 4853 2533 4909 ἐν
2563 4855 2772 4917 αὐταῖς.

2251 4944 2341 5006 Ὠς
2400 4944 2658 5020 σπαρτίον
2704 4944 2956 4999 κόκκινον
3031 4942 3193 5021 χείλη
3252 4965 3370 5015 σου,
3427 4943 3517 4999 καὶ
3568 4944 3604 5016 ἡ
3664 4942 3843 5001 λαλιά

2182 5054 2275 5087 σου
2304 5031 2496 5105 ώραία.

2253 5121 2521 5192 Δηλονότι
2564 5126 2653 5178 οἷα
2696 5124 2789 5195 μὲν
2842 5122 3100 5197 σπαρτίον
3152 5123 3586 5198 μεμετρημένον,
3636 5124 3725 5177 οἷα
3780 5120 3840 5179 δὲ

2178 5211 2429 5266 κόκκινον
2464 5211 2645 5282 ἀληθῆ
2694 5212 2786 5266 τὸν
2834 5210 3001 5286 λόγον
3051 5212 3416 5285 προφέροντα,
3448 5212 3509 5266 οὗ
3564 5213 3599 5281 ἡ
3661 5210 3840 5267 λαλιὰ

2178 5300 2394 5363 πάντως
2425 5301 2458 5369 ἠ
2490 5299 2746 5377 προφορὰ
2777 5296 2865 5353 διὰ
2892 5303 3058 5353 ταῦτα
3090 5299 3374 5372 ὠράϊσται.

2250 5389 2337 5450 Ὠς
2388 5386 2621 5464 λέπυρον
2686 5388 2814 5464 ῥοᾶς
2872 5385 3050 5461 μῆλόν
3112 5407 3208 5442 σου
3262 5387 3414 5451 ἐκτὸς
3470 5394 3569 5459 τῆς
3619 5390 3838 5460 σιωπή-

2177 5478 2312 5540 σεώς
2341 5498 2457 5533 σου.

2249 5563 2471 5636 Δηλαδή
2514 5567 2600 5620 οἷα
2630 5564 2863 5639 λὲπυρον
2895 5563 3022 5639 ῥοᾶς
3080 5563 3371 5642 στύφουσα)
3431 5564 3562 5619 εἰσιν
3606 5565 3665 5619 αἱ
3717 5585 3831 5621 πα-

2176 5655 2315 5729 ρειαί
2340 5675 2455 5709 σου·
2492 5653 2582 5711 διὰ
2608 5656 2670 5710 τὸ
2715 5653 2935 5730 στυγνόν
2966 5673 3024 5707 τε
3078 5652 3171 5708 καὶ
3226 5650 3542 5730 ἀδιάχυτον,
3583 5654 3670 5710 καὶ
3735 5653 3831 5711 ὅτε

2178 5745 2255 5821 μὴ
2286 5748 2517 5819 σιωπᾷς.
2548 5743 2737 5825 Είγὰρ
2782 5742 2874 5799 καὶ
2920 5747 3041 5807 ταῖς
3087 5740 3333 5816 ὁμιλίαις
3388 5742 3547 5809 εἴωθε
3602 5742 3828 5801 πολλὰ·
