4072 6346
219 402 350 460 613

1271 398 1682 460 COMMENT.
1729 397 1808 457 IN
1852 396 2247 482 CANTICUt-l
2296 401 2607 466 omne.

3527 406 3646 467 614

219 553 316 596 κις
351 533 414 586 τὸ
465 529 654 607 χαρίεν
705 529 1058 604 ἔπιγινεσθαι,
1113 527 1259 585 ἀλλᾶ
1309 527 1371 584 σὺ
1432 526 1520 584 διὰ
1575 529 1638 584 τὸ
1683 528 1771 583 καὶ
1823 528 1873 584 έν

2029 548 2050 585 3
2083 534 2500 606 congressibus
2534 538 2874 610 mutuisque
2907 538 3283 596 sermonibus
3305 539 3654 612 jucunditas

217 624 449 686 ταύταις
483 621 940 696 συνεσταλμένον,
969 621 1032 676 τὸ
1065 618 1458 696 διακεχυμένον
1492 622 1740 694 κράζεις.

301 896 394 955 Ὠς
425 888 630 967 πύργος
663 883 830 944 Δαῦὶδ
863 886 1149 964 τράχηλός
1176 909 1294 944 σου.

945 976 1194 1034 Ψελλοῦ.

310 1067 412 1123 Καὶ
441 1072 612 1123 ταῦτα
632 1070 1083 1141 γυναικοπρεπῶς
1109 1065 1440 1140 προσομιλεὶ
1471 1070 1540 1141 τῇ
1571 1066 1754 1144 νύμφῃ
1791 1085 1804 1098 ’

227 1155 424 1215 Θέλων
463 1157 569 1232 γάρ
599 1156 807 1226 ταύτης
837 1156 1074 1212 έπαινεῖν
1094 1156 1187 1210 τὸν
1221 1155 1506 1232 τράχηλον
1533 1155 1764 1232 ἐξόχως,

231 1247 444 1322 Ιλύργῳ
472 1244 794 1320 παρείκασεν
820 1243 980 1300 αὐτὸν
1013 1242 1346 1319 ὑψηλοτάτῳ
1367 1246 1527 1317 πάνυ,

229 1339 339 1408 Τᾦ
378 1333 673 1406 δομηθέντι
704 1335 976 1409 προτέρον
1005 1335 1153 1410 παρὰ
1193 1329 1358 1389 Δαϐὶδ
1388 1339 1486 1388 τοῦ
1517 1334 1663 1389 θείου

229 1427 329 1481 Ἐν
365 1423 651 1501 Θαλφειὼθ
682 1423 816 1500 πρὸς
843 1425 1076 1496 τήρησιν
1108 1423 1358 1478 ἁπάντων
1384 1427 1491 1478 τῶν
1521 1423 1776 1498 ἁρμάτων
1812 1441 1826 1456 ⁸

233 1516 368 1570 Τῶν
396 1512 789 1587 τροπουμένων
819 1514 947 1586 παρ’
979 1512 1151 1566 αὐτοῦ
1181 1511 1443 1585 πολέμων
1473 1509 1830 1590 ἀλλοφύλων.

239 1603 323 1658 Σὺ
358 1600 414 1658 δέ
451 1623 543 1676 μοι
569 1600 859 1677 τράχηλον
893 1602 1064 1671 αὐτῆς
1093 1605 1193 1666 τῆς
1223 1601 1367 1662 θείας
1394 1600 1742 1671 Ἑκκλησίας,

235 1693 351 1750 Τὸν
389 1693 554 1767 μέγαν
587 1691 806 1746 Παῦλον
839 1691 1096 1767 γίνωσκε,
1130 1688 1364 1746 δέσποτα
1400 1692 1724 1768 στεφηφόρε,

240 1782 356 1838 Τὸν
377 1781 605 1856 Χριστὸν
639 1781 981 1856 βαστάσαντα
1011 1781 1108 1851 τὴν
1128 1778 1371 1853 κεφαλήν
1401 1785 1508 1834 τῶν
1541 1777 1708 1852 ὅλων,

241 1869 347 1925 Καῖ
376 1875 496 1925 κατ’
527 1869 728 1926 ἐκεῖνον
757 1869 803 1925 ε’ί
831 1891 984 1932 τινας
1019 1869 1234 1944 ἐτέρους
1265 1867 1599 1946 διδαχθήση.

241 1958 475 2016 Τούτων
507 1960 595 2014 καὶ
630 1960 733 2035 γάρ
758 1959 1077 2032 ἐξήρτηνται
1107 1961 1281 2030 τάξεις
1311 1965 1419 2014 τῶν
1451 1959 1776 2033 ἀσωμάτων,

239 2051 453 2123 Ἀσπερ
486 2049 516 2103 6
547 2047 716 2124 λόγος
751 2048 975 2124 θυρεοὺς
1007 2048 1234 2105 άκάλεσε
1263 2049 1505 2125 χιλίους.

241 2139 340 2207 Μή
365 2139 549 2210 μέντοι
581 2138 742 2214 λόγον
766 2137 1023 2212 ἀπαιτῇς,
1057 2135 1308 2207 δέσποτα,
1340 2142 1448 2193 τῶν
1479 2137 1698 2214 χιλίων.

244 2230 417 2291 ’Βθος
447 2229 551 2302 γὰρ
579 2225 692 2282 έστι
723 2231 792 2301 τῇ
819 2230 1006 2305 Γραφῇ
1029 2231 1191 2282 τοῦτο
1221 2225 1494 2289 πολλάκις
1527 2225 1729 2302 λέγειν.

242 2323 456 2392 ’Ὠσπερ
488 2316 652 2395 φησίν
687 2335 700 2348 ·
733 2317 796 2374 Ὁ
817 2315 986 2390 νόμος
1046 2337 1140 2371 σου
1186 2321 1284 2370 τοῦ
1334 2315 1605 2390 στόματος
1641 2317 1899 2393 τυγχάνει

1742 2404 1896 2481 [ὑπὲρ

245 2493 524 2570 Ἀργύρου
548 2493 637 2549 καὶ
663 2499 896 2570 χρυσοῦ,
931 2492 1194 2565 Δέσποτα,
1227 2492 1489 2571 χιλιάδας
1525 2512 1539 2527 '

246 2584 347 2638 Καὶ
380 2581 639 2659 χιλιάδας
659 2583 914 2659 ἀλλαχοῦ
941 2589 1050 2638 τῶν
1083 2582 1448 2647 εὐθυνούνυων
1477 2582 1648 2660 λέγει,

324 2676 415 2735 Ὠς
464 2673 669 2748 πύργος
727 2667 892 2727 Δαϐἱδ
975 2670 1260 2749 τράχηλός
1319 2694 1414 2727 σου
1449 2692 1462 2707 ’

258 2763 425 2836 μένος
456 2760 509 2816 ἐν
541 2761 849 2836 Θαλφειώθ.

829 2853 951 2908 Τῶν
976 2851 1022 2926 γ’
1053 2849 1327 2928 Πατέρων.

326 2943 511 3011 νΗτοι,
571 2941 660 2994 οἷα
716 2938 923 3016 πύργος
981 2934 1146 2994 Δαϐὶδ
1214 2939 1241 2994 6
1298 2943 1394 2995 τοῦ
1453 2940 1900 3014 πρακτικωτάτου

247 3031 345 3086 καὶ
379 3029 866 3102 θεωρητικωτάτου
913 3028 1039 3092 νοός
1099 3049 1194 3084 σου
1240 3026 1541 3092 ἔνδιάθετος
1592 3028 1758 3106 λόγος
1780 3036 1900 3093 ταῖς

1524 2675 1552 2728 6
1602 2670 1900 2748 ᾠκοδομη-

1997 619 2192 678 inesse
2239 623 2446 692 soleat,
2478 630 2541 681 tu
2573 631 2770 683 tamen
2814 633 3051 702 propter
3081 633 3243 686 tuam
3277 630 3336 685 in
3371 629 3486 686 illis
3513 647 3653 702 quo-

1999 715 2109 781 qUe
2139 715 2614 786 temperantiam,
2647 718 2801 789 quod
2848 718 3154 791 profusum
3187 736 3252 776 ac
3296 719 3652 777 dissolutum

1999 804 2109 868 est,
2144 802 2440 874 reprimis.

2071 889 2224 946 Sicut
2251 894 2429 949 turris
2459 894 2637 951 David
2665 897 2870 952 collum
2904 900 3082 953 tuum.

2737 986 2926 1041 Pselli.

2077 1070 2147 1125 Et
2193 1069 2315 1127 haec
2365 1073 2638 1129 muliebri
2698 1091 2858 1130 more
2918 1093 3048 1131 cum
3099 1093 3316 1148 sponsa
3374 1077 3657 1152 loquitur.

2005 1155 2149 1212 Cum
2180 1160 2339 1215 enim
2370 1161 2546 1216 vellet
2583 1162 2799 1219 collum
2832 1165 2961 1236 ejus
2992 1165 3369 1223 vehementer
3399 1166 3662 1237 laudare,

2006 1247 2156 1302 turri
2201 1247 2345 1304 illud
2396 1249 2739 1307 celsissimae
2795 1254 3176 1326 comparavit,
3209 1273 3337 1328 quas
3386 1274 3419 1313 a
3465 1257 3663 1315 divino

2008 1333 2224 1392 Davide
2271 1337 2330 1392 in
2381 1338 2744 1411 Thalphioth
2786 1342 2974 1398 fuerat
3001 1345 3361 1402 exaedificata
3407 1348 3479 1402 ad
3530 1364 3662 1404 cur-

2012 1441 2185 1479 ruum
2236 1427 2503 1482 omnium
2557 1430 2983 1503 defensionem,
3015 1449 3148 1488 cum
3197 1436 3450 1492 externis
3497 1436 3666 1492 bellis

2012 1514 2188 1569 ﬁnem
2248 1515 2646 1588 imposuisset.
2682 1521 2766 1575 Tu
2816 1537 2950 1578 vero
3011 1522 3177 1590 mibi,
3222 1524 3495 1596 princeps
3553 1531 3672 1582 ste-

2014 1601 2332 1675 pbephore,
2367 1611 2582 1662 sanctas
2632 1607 2904 1665 Ecclesiae
2937 1610 3176 1677 collum,
3210 1628 3490 1684 magnum
3523 1615 3672 1671 Pau-

2014 1691 2138 1746 lum
2170 1692 2453 1767 intellige,
2487 1697 2589 1768 qui
2621 1709 2796 1770 caput
2840 1700 3106 1755 omnium
3137 1701 3436 1757 Christum
3485 1712 3673 1774 gesta-

2016 1780 2115 1846 vit,
2146 1783 2283 1838 etsi
2328 1799 2476 1854 quos
2529 1784 2675 1842 alios
2725 1787 2808 1841 illi
2859 1787 3086 1844 similes
3134 1789 3414 1846 didicisti.
3447 1791 3526 1846 Ex
3577 1792 3668 1849 his

1934 1908 1980 1972 Β
2014 1869 2172 1924 enim
2219 1873 2492 1943 suspensi
2543 1880 2680 1929 sunt
2724 1879 2958 1932 ordines
3009 1878 3268 1950 corporis
3315 1881 3663 1952 expertium,

2013 1974 2161 2030 quos
2191 1959 2286 2016 hic
2318 1961 2479 2018 mille
2509 1963 2741 2036 clypeos
2764 1972 2952 2021 vocat.
2980 1967 3178 2038 Neque
3205 1984 3340 2024 vero
3372 1985 3476 2024 cur
3504 1969 3665 2027 mille

2007 2046 2238 2116 dixerit,
2272 2066 2522 2121 quaras.
2556 2053 2709 2108 Solet
2749 2054 2905 2109 enim
2954 2055 3254 2127 Scriptura
3283 2073 3349 2114 eo
3378 2057 3662 2116 vocabulo

2011 2135 2344 2207 frequenter
2394 2140 2500 2195 uti.
2532 2141 2693 2197 Sicut
2746 2142 2984 2214 inquit:
3019 2146 3131 2200 Lex
3187 2149 3300 2202 oris
3353 2148 3439 2202 lui
3489 2164 3663 2221 super

2009 2227 2193 2282 millia
2239 2230 2370 2284 auri
2417 2238 2469 2286 et
2514 2233 2739 2303 argenti
2766 2232 2829 2288 ".
2861 2233 2931 2288 Et
2971 2232 3112 2289 alibi
3149 2252 3162 2291 :
3197 2234 3401 2308 Millia,
3455 2236 3652 2310 inquit

2008 2315 2322 2373 laetantium
2347 2318 2414 2374 ‘3.

2080 2672 2229 2727 Sicut
2258 2671 2425 2727 turris
2453 2672 2627 2728 David
2652 2673 2854 2729 collum
2884 2676 3040 2729 tuum
3055 2691 3075 2735 ,·
3106 2689 3231 2746 qua
3259 2675 3542 2745 aediﬁcata
3575 2679 3662 2729 est

2009 2763 2067 2817 in
2100 2760 2460 2832 Thalphiolh.

2599 2850 2785 2906 Trium
2816 2855 3062 2907 Patrum.

2079 2938 2231 2994 Sicut
2263 2938 2432 2994 turris
2472 2939 2664 3010 David,
2697 2944 2786 2995 est
2832 2939 3075 2996 interior
3122 2938 3338 2996 mentis
3388 2944 3500 2996 tum
3530 2944 3658 2996 tum

2012 3027 2237 3083 actione
2294 3031 2420 3082 tum
2477 3027 2973 3101 contemplatione
3027 3029 3282 3085 maxime
3334 3028 3670 3102 praestantis

245 3119 422 3180 θείαις
469 3115 715 3180 ἐντολαῖς
790 3115 1141 3191 ᾠκοδόμηται
1220 3119 1314 3192 μὲν
1389 3120 1508 3174 κατ’
1547 3119 1762 3195 ἀρετήν,
1813 3123 1904 3175 οἷα

2029 3116 2180 3182 'alio,
2209 3131 2331 3186 quae
2375 3132 2480 3187 per
2507 3115 2780 3172 virtutem
2814 3116 3031 3174 divinis
3072 3117 3368 3174 mandatis
3397 3117 3676 3189 aediﬁcata

245 3206 437 3262 ἐπάνω
476 3205 748 3277 ἐπάλξεων
798 3211 904 3262 τῶν
957 3211 1054 3262 τοῦ
1084 3208 1456 3280 ἀντικειμένου
1487 3207 1849 3284 πειρατηρίων
1885 3225 1900 3241 ⁸

2011 3214 2092 3261 est
2143 3221 2309 3276 super
2358 3207 2804 3277 propugnacula,
2846 3206 2904 3262 id
2955 3211 3064 3275 est,
3111 3223 3288 3278 super
3344 3207 3671 3264 adversarii

248 3295 470 3372 αἴρεται
526 3293 584 3351 δὲ
630 3296 764 3351 κατὰ
819 3301 1016 3372 γνῶσιν
1069 3295 1144 3359 εἷς
1205 3296 1313 3371 ὕψη
1372 3305 1744 3372 πνευματικῆς
1782 3309 1907 3362 θεω-

2029 3293 2372 3352 tentationes
2405 3313 2417 3351 :
2451 3294 2676 3350 tollitur
2725 3301 2918 3351 autem
2971 3312 3074 3368 per
3104 3296 3410 3353 scientiam
3442 3298 3500 3353 in
3534 3297 3675 3354 atti-

254 3385 377 3462 ρίας
412 3404 424 3415 '
456 3386 547 3440 καὶ
602 3387 704 3461 γάρ
761 3386 789 3440 6
846 3386 943 3458 μὲν
975 3379 1187 3458 (Δαϐὶδ)
1220 3386 1404 3450 ἱκανὸς
1455 3388 1624 3462 χειρὶ,
1683 3387 1914 3462 ἱσχυρὸς

257 3477 448 3550 ὁράσει
483 3476 830 3549 ἑρμηνεύεται
867 3493 880 3507 ·
917 3475 945 3529 6
978 3471 1034 3528 δὲ
1059 3472 1384 3549 (τράχηλος)
1407 3476 1469 3529 τὸ
1502 3474 1725 3549 λογικόν
1753 3474 1914 3533 ἐστιν.

256 3567 339 3626 ὡς
391 3561 838 3638 προδεδήλωται.
895 3564 972 3620 Τὸ
1001 3561 1080 3635 ,δὲ
1114 3606 1128 3630 ,
1173 3561 1610 3636 ᾠκοδομημένος
1673 3566 1749 3626 εἱς
1781 3562 1919 3619 Θαλ-

263 3655 461 3731 φειὼθ,
522 3654 550 3706 ὁ
623 3654 716 3725 μὲν
773 3651 1008 3714 ’Λκύλας
1067 3654 1373 3725 ἡρμήνευεν
1402 3651 1582 3708 ἐπάνω
1622 3652 1917 3726 ἐπάλξεων,

256 3745 289 3798 6
325 3739 386 3797 δὶ
419 3741 756 3816 Σύμμαχος,
802 3740 877 3803 ε’ς
935 3741 1090 3815 ὕψος.
1125 3743 1282 3798 ⁸Οθεν
1345 3743 1432 3796 καὶ
1492 3739 1775 3812 δεδήλωκε
1830 3740 1920 3796 διὰ

265 3835 380 3886 τῶν
441 3830 772 3905 εἰρημένων,
835 3831 917 3885 δτι
976 3830 1039 3884 τὸ
1089 3829 1314 3905 λογικὸν
1365 3837 1464 3899 τῆς
1504 3829 1721 3910 νύμφης
1755 3832 1922 3906 ὑπερ-

270 3921 540 3990 ανέστηκε
574 3919 669 3991 μὲν
703 3919 840 3974 κατά
883 3921 1076 3996 πρᾶξιν
1133 3923 1242 3974 τῶν
1300 3915 1630 3975 ἐπιϐουλιῶν
1652 3923 1748 3975 τοῦ
1777 3920 1921 3974 ἀντι-

265 4009 530 4081 κειμένου
563 4027 577 4039 ·
636 4005 781 4082 ἤρθη
841 4005 899 4062 δὲ
969 4008 1104 4063 κατὰ
1160 4008 1385 4083 θεωρίαν
1446 4009 1520 4071 είς
1585 4006 1720 4083 ὕψος
1779 4008 1922 4080 άλη-

270 4103 402 4162 θοῦς
430 4095 682 4172 γνώμης.
713 4098 804 4152 Διὸ
834 4097 924 4152 καὶ
958 4119 1117 4176 φησιν
1155 4117 1169 4131 ο
1204 4095 1386 4153 Χίλιδι
1420 4099 1596 4173 θυρεοὶ
1629 4097 1921 4172 κρέμανται

267 4187 355 4242 ἄπ’
410 4186 571 4241 αὐτὸν
617 4203 632 4216 ⁶
689 4185 878 4261 ἤγουν,
940 4186 992 4241 αἱ
1069 4183 1592 4256 δεκαπλασιάζουσαι
1649 4187 1740 4250 τὰς
1798 4185 1925 4243 δέκα

268 4278 422 4340 θείας
447 4274 672 4337 ἐντολάς
725 4274 939 4330 τούοωο
1001 4275 1262 4351 ἐνέργειαι
1300 4295 1312 4308 ·
1341 4276 1428 4331 καὶ
1492 4273 1928 4346 δεκαπλασιαζό-

272 4387 431 4439 μεναι
483 4363 648 4420 πάλιν
681 4364 818 4419 κατὰ
863 4365 954 4420 τὸν
1006 4365 1234 4440 φυσικὸν
1278 4365 1475 4438 νόμον,
1506 4365 1580 4428 ὡς
1622 4362 1924 4437 δεκαδικὸν,

268 4454 364 4510 καὶ
425 4453 568 4509 οὕτω
615 4451 928 4528 πληροῦσαι
977 4453 1069 4508 τόν
1107 4453 1388 4528 χιλιοστὸν
1421 4455 1672 4529 ἀριθμὸν,
1731 4454 1816 4509 οἶά
1843 4475 1926 4510 τι-

271 4564 360 4607 νες
384 4543 565 4616 θυρεοὶ
592 4541 729 4617 πρὸς
766 4542 830 4597 τὸ
875 4541 1162 4619 φυλάττειν
1195 4563 1252 4598 σε
1310 4543 1415 4597 ἀπὸ
1461 4547 1571 4598 τῶν
1599 4548 1696 4598 τοῦ
1727 4543 1928 4620 ἐχθροῦ

2023 3383 2284 3440 tudinem
2341 3383 2625 3454 spiritalis
2689 3386 3222 3457 contemplationis.
3281 3386 3460 3443 David
3517 3387 3677 3443 enim

2025 3473 2322 3544 signiﬁcat
2351 3489 2529 3528 manu
2562 3477 2840 3529 strenuus
2871 3478 2929 3530 et
2959 3491 3092 3529 acer
3123 3475 3274 3531 visu.
3309 3475 3537 3532 Collum
3570 3493 3678 3532 au-

2026 3568 2144 3618 tem
2176 3568 2265 3619 est
2293 3562 2462 3634 ratio,
2488 3567 2550 3617 ut
2579 3562 2802 3618 dictum
2836 3566 2944 3619 est.
2979 3563 3125 3618 Nam
3160 3562 3302 3619 illud
3337 3582 3351 3621 :
3385 3565 3512 3633 Qua
3541 3565 3674 3623 2di-

2027 3651 2191 3721 [icata
2219 3660 2296 3706 est
2325 3655 2385 3706 in
2418 3652 2763 3722 Malphiolh,
2787 3651 2994 3723 Aquila
3020 3653 3257 3723 quidem
3288 3658 3478 3724 vertit,
3504 3655 3680 3726 Super

2023 3742 2487 3812 propugnacula;
2514 3740 2906 3812 Symmachus
2954 3745 3175 3810 autem,
3209 3743 3271 3797 In
3298 3743 3677 3800 altitudinem.

2029 3829 2192 3885 Unde
2221 3846 2290 3886 ex
2327 3829 2401 3885 iis
2432 3845 2563 3901 quae
2611 3829 2767 3885 dicta
2815 3833 2976 3897 sunt,
3010 3833 3171 3901 patet
3219 3847 3448 3902 sponsa
3501 3833 3678 3889 ratio-

2031 3934 2165 3974 nem
2224 3919 2450 3973 actione
2509 3917 2747 3989 quidem
2806 3917 2999 3974 hostis
3055 3918 3302 3974 consilia
3357 3935 3682 3992 superare;

2030 4005 2524 4078 contemplatione
2553 4022 2686 4062 vero
2734 4006 2861 4062 tolli
2908 4008 2980 4062 ad
3010 4023 3155 4062 verae
3201 4007 3552 4080 cognitionis
3582 4027 3682 4066 su-

2035 4095 2404 4152 blimitatem.
2438 4096 2586 4151 Mille
2610 4096 2791 4168 clypei
2825 4097 3063 4167 pendent
3099 4112 3266 4168 super
3291 4113 3432 4154 eam.
3464 4098 3684 4156 Horum

2029 4184 2299 4241 videlicet
2330 4184 2586 4241 actiones
2617 4186 2810 4242 decies
2840 4185 3038 4242 divina
3077 4191 3364 4259 praecepta
3397 4187 3684 4260 multipli-

2034 4282 2270 4343 cantes;
2302 4291 2425 4346 quae
2481 4291 2687 4331 rursus
2744 4291 2848 4346 per
2894 4274 3084 4347 legem
3133 4275 3462 4333 naturalem
3493 4277 3685 4334 decies

2037 4363 2438 4436 multiplicatae
2495 4381 2806 4420 numerum
2855 4363 3092 4436 explent
3137 4365 3575 4435 millenarium;
3630 4371 3689 4423 et

2036 4459 2312 4524 tanquam
2346 4453 2533 4526 clypei
2565 4453 2784 4526 quibus
2825 4454 2896 4509 ab
2944 4453 3130 4511 hostis
3161 4455 3394 4527 sagittis
3422 4456 3688 4513 invulne-

2036 4542 2242 4599 rabilis
2291 4542 2674 4611 conserveris,
2706 4544 2779 4599 ab
2810 4559 2878 4598 ea
2929 4548 3092 4614 parte
3123 4560 3251 4615 quae
3283 4544 3342 4599 in
3373 4550 3429 4600 te
3457 4550 3548 4601 est
3594 4562 3690 4602 ra-

277 4632 464 4708 βελῶν
510 4629 784 4706 ἅτρωπον,
828 4631 1210 4707 ὀπῃώρηνται,
1256 4632 1331 4694 ὡς
1361 4631 1654 4708 τραχήλου
1683 4637 1778 4687 τοῦ
1831 4635 1907 4687 eoi

2036 4629 2191 4686 tione
2248 4631 2493 4702 praedita
2550 4635 2835 4704 tanquam
2883 4648 2915 4688 e
2961 4631 3110 4688 collo
3167 4633 3545 4704 dependent:
3589 4650 3694 4706 per

275 4720 530 4797 λογικού.
581 4726 666 4776 Ἐν
719 4719 900 4793 τούτῳ
957 4721 1058 4795 γὰρ
1093 4723 1128 4791 ἡ
1159 4721 1344 4800 νύμφη
1398 4727 1550 4792 ζητεῖ
1613 4722 1676 4776 τὸ
1727 4722 1922 4796 ἀγαθὸν

271 4815 376 4866 τοῦ
436 4813 570 4864 Θεοῦ
618 4808 856 4883 θέλημα,
902 4810 991 4864 καὶ
1046 4810 1220 4874 πείθει
1279 4809 1340 4864 τὸ
1388 4810 1482 4882 μὶν
1533 4809 1924 4883 ἐπιθυμητικὸν

274 4904 470 4963 ποθεῖν
501 4902 687 4966 τοῦτο,
718 4900 781 4954 τὸ
813 4896 872 4954 δὲ
901 4899 1128 4970 θυμικὸν
1180 4897 1677 4975 ἄπεραγωνίζεσθαι
1709 4899 1876 4953 αὐτοῦ
1909 4917 1923 4932 ο

273 4987 373 5042 καὶ
436 4983 524 5040 δια
575 4991 673 5041 τοῦ
719 4985 883 5040 αὐτοῦ
954 4981 1180 5061 λογικοῦ
1227 5004 1495 5059 κεχρηται
1545 4989 1665 5046 ταῖς
1718 4985 1812 5057 μὲν
1844 4983 1929 5039 αἷ-

278 5076 505 5144 σθήσισι
526 5075 662 5148 πρὸς
690 5075 790 5143 τήν
821 5078 917 5128 τοῦ
949 5075 1150 5146 ἀγαθοῦ
1182 5069 1472 5148 διάκρισιν,
1495 5072 1585 5126 καὶ
1614 5076 1693 5144 τῷ
1725 5094 1877 5150 φωνη
1912 5091 1926 5106 ο

274 5164 422 5233 τικῷ
465 5163 599 5235 πρὸς
642 5164 741 5232 τήν
806 5161 1002 5218 τούτου
1051 5156 1294 5240 ἔκφασιν,
1343 5161 1433 5215 καὶ
1483 5164 1552 5236 τῇ
1606 5161 1930 5236 γονιμότητι

278 5254 427 5328 πρὸς
452 5248 671 5324 αὔξησιν
705 5251 870 5306 αὐτοῦ
901 5269 916 5285 ⁶
948 5251 1038 5305 καὶ
1066 5248 1155 5305 διά
1193 5250 1398 5306 τούτων
1430 5255 1538 5304 τῶν
1594 5247 1719 5305 δέκα
1773 5246 1934 5304 δυνάο

283 5363 459 5417 μεων,
487 5345 587 5395 τοῦ
620 5361 680 5396 τε
735 5339 964 5416 λογικοῦ
1010 5361 1177 5418 φημι,
1228 5340 1318 5394 καὶ
1357 5344 1455 5394 τοῦ
1513 5338 1933 5413 ἐπιθυμητικοῦ,

276 5431 374 5488 καὶ
435 5434 531 5484 τοῦ
585 5431 838 5502 θυμικοῦ,
917 5429 1008 5483 καὶ
1074 5433 1182 5484 τῶν
1249 5428 1402 5483 πέντε
1459 5427 1780 5501 αἰσθήσεων,
1842 5427 1934 5482 καὶ

278 5523 388 5589 τῆς
411 5519 722 5596 φωνητικής
754 5517 1042 5595 ἐνεργείας,
1088 5519 1176 5573 καὶ
1222 5519 1320 5587 τῆς
1350 5518 1579 5596 φυσικῆς
1636 5518 1933 5593 γονιμότη⁶

277 5631 379 5673 τος
410 5611 439 5664 6
491 5608 715 5686 φυσικὸς
778 5608 950 5682 νόμος
994 5607 1323 5676 συνίσταται,
1382 5606 1472 5662 καὶ
1531 5607 1633 5661 ὑπὸ
1671 5610 1778 5661 τῶν
1808 5603 1940 5662 δέκα

282 5699 446 5757 θείων
478 5696 714 5753 ἐντολῶν
761 5699 899 5774 πρὸς
958 5695 1221 5774 ἐνέργειαν
1258 5701 1356 5752 τοῦ
1405 5697 1608 5772 ἀγαθοῦ
1633 5696 1936 5772 βοηθεῖται,

362 5808 412 5843 ⁶²
439 5807 596 5864 Psal.
627 5823 829 5880 cxvm,
856 5807 929 5863 72
1001 5807 1047 5843 ⁴³
1075 5805 1231 5866 Psal.
1265 5822 1438 5876 van,
1472 5806 1560 5862 18.

2035 4719 2187 4775 hanc
2217 4720 2374 4775 enim
2406 4720 2606 4775 anima
2642 4721 2852 4792 quaerit
2898 4722 3110 4776 bonam
3149 4720 3246 4776 Dei
3275 4722 3638 4779 voluntatem
3673 4739 3689 4780 :

2039 4826 2106 4865 ac
2143 4809 2296 4882 parti
2327 4809 2560 4880 quidem
2607 4808 3047 4880 concupiscenti
3096 4811 3434 4881 persuadet,
3467 4817 3533 4866 ut
3561 4827 3692 4868 eam

2039 4899 2358 4966 desideret;
2392 4897 2668 4954 irascenti
2711 4914 2867 4967 vero,
2903 4903 2968 4954 ut
3000 4915 3102 4970 pro
3136 4898 3239 4953 illa
3286 4899 3602 4972 depugnet,
3636 4904 3695 4955 et

2037 5004 2104 5044 ex
2133 5003 2202 5043 ea
2230 4985 2474 5042 rationis
2505 4985 2846 5058 prmscripto
2879 4988 2953 5042 ad
2989 4986 3209 5042 bonum
3241 4986 3692 5057 dijudicandum

2038 5081 2283 5133 utatur:
2327 5075 2606 5146 loquendi
2652 5079 2849 5130 autem
2900 5074 3238 5131 facultatem
3290 5074 3587 5143 adhibeat,
3621 5076 3696 5131 ad

2040 5166 2234 5237 ipsum
2267 5162 2784 5236 promulgandum,
2817 5163 3099 5235 gignendi
3128 5179 3264 5219 vero
3284 5162 3402 5218 vim
3434 5165 3507 5219 ad
3537 5163 3694 5220 idem

2043 5254 2474 5324 adaugendum.
2527 5253 2606 5307 Ex
2647 5253 2850 5307 decem
2902 5252 2996 5307 his
3049 5251 3451 5322 facultatibus,
3487 5268 3702 5324 nempe

2044 5341 2402 5410 rationabili,
2436 5339 2904 5411 concupiscibili,
2940 5339 3250 5410 irascibili,
3275 5340 3537 5412 quinque
3567 5357 3704 5397 sen-

2046 5431 2232 5498 sibus,
2286 5428 2730 5501 pronuntiandi,
2779 5429 3183 5500 gignendique
3231 5429 3286 5483 vi
3338 5432 3569 5484 constat
3613 5427 3703 5484 lex

2048 5517 2355 5586 naturalis,
2389 5534 2517 5591 quise
2557 5519 2629 5574 ad
2675 5517 2896 5572 bonum
2946 5517 3347 5589 peragendum
3381 5517 3582 5572 decem
3614 5515 3701 5572 di-

2047 5607 2200 5663 vinis
2259 5605 2562 5680 prieceptis
2611 5605 2669 5660 id
2718 5605 2803 5660 illi
2854 5607 3309 5678 suggerentibus
3365 5605 3702 5676 adiuvatur.

2048 5699 2237 5770 Atque
2303 5695 2425 5752 haec
2491 5695 2729 5768 quidem
2780 5694 2982 5753 decem
3045 5697 3337 5769 praecepta
3387 5710 3512 5767 quis
3579 5693 3706 5768 lege
