4102 6342
455 361 572 418 615

1836 347 2253 411 MICHAELIS
2298 349 2570 411 PSELLI

3747 358 3887 417 616

454 491 675 563 scripta
740 488 1342 561 comprehenduntur,
1401 485 1543 539 dum
1609 502 1677 539 ea
1743 482 1872 553 ipsa
1936 481 2072 536 facti

2219 480 2292 540 ὡς
2322 484 2481 534 τοῦτο
2529 481 2931 555 ὑποτιθέμένων
2983 483 3149 556 αὐτῷ.
3212 485 3309 539 Καὶ
3354 485 3553 548 ταύτας
3611 487 3707 558 μὲν
3770 486 3885 547 τὰς

451 580 827 652 exsequitur,
891 578 1084 633 decies
1166 574 1569 645 multiplicans
1635 571 1725 626 lex
1791 570 2101 637 naturalis,

455 687 767 725 numerum
824 667 1226 722 centenarium
1278 662 1526 719 absolvit
1574 662 1943 729 actionesque
1996 659 2102 714 ite-

455 773 585 811 rum
634 772 736 827 per
766 756 1060 825 subjectae
1108 753 1253 825 ipsis
1302 752 1503 805 decem
1554 748 1859 803 facultates
1910 748 2101 802 decies

457 845 921 915 multiplicando,
956 842 1353 897 millenarium
1406 839 1630 909 implet.
1666 839 1733 891 Et
1765 836 1872 891 hoc
1904 836 2097 903 modo,

455 938 520 989 ut
568 934 791 989 dictum
842 938 951 999 est,
1013 931 1174 986 mille
1240 930 1559 1001 pendentes
1621 926 1806 998 clypei
1873 925 2099 997 signiﬁ-

449 1030 585 1078 cant
637 1024 825 1096 legem
884 1028 1010 1078 tum
1062 1020 1342 1091 scriptam
1402 1024 1527 1072 tum
1586 1015 1935 1083 naturalem,
1969 1031 2096 1085 qua:

450 1112 561 1167 sibi
604 1119 810 1167 mutuo
861 1115 1000 1166 sunt
1047 1112 1411 1172 ornamento,
1446 1106 1588 1160 dum
1637 1122 1705 1160 ex
1752 1120 1818 1159 ea
1867 1120 2095 1174 sponsae

450 1208 612 1273 parte
643 1218 770 1272 qua:
803 1198 1044 1255 rationis
1076 1202 1165 1253 est
1206 1213 1466 1267 compos,
1501 1200 1781 1265 tanquam
1833 1209 1900 1247 ex
1948 1192 2095 1247 collo

448 1292 636 1362 ipsius
685 1290 1035 1360 dependent.
1092 1301 1340 1356 eamque
1389 1284 1460 1337 ab
1509 1283 1785 1337 omnibus
1834 1280 2093 1336 hostium

443 1380 676 1435 insidiis
744 1381 1076 1449 protegunt.
1139 1376 1336 1446 Neque
1405 1390 1536 1427 vero
1608 1371 1789 1443 clypei
1858 1375 2090 1424 tantum

443 1469 699 1540 pendent
741 1483 919 1538 super
965 1482 1113 1530 eam,
1147 1480 1343 1519 verum
1394 1463 1571 1516 etiam
1605 1461 1803 1515 omnia
1850 1458 2088 1513 fortium

433 1556 663 1627 jacula;
696 1572 821 1626 qum
872 1554 1109 1625 quidem
1161 1556 1299 1605 sunt
1330 1550 1653 1621 disciplinae
1702 1566 1735 1603 a
1782 1548 2005 1603 sanctis
2034 1551 2091 1602 et

440 1645 777 1699 coelestibus
799 1643 1112 1698 virtutibus
1144 1658 1369 1712 sponsa;
1403 1655 1505 1711 per
1533 1636 2084 1708 contemplationem

438 1734 923 1798 subministrata,
949 1749 1075 1803 quae
1107 1736 1308 1785 contra
1358 1728 1602 1799 spiritus
1652 1725 1921 1796 nequitia:
1953 1732 2083 1779 tan-

2214 573 2291 639 τῷ
2316 574 2541 644 γραπτῷ
2598 571 2754 643 νόμῳ
2806 570 3276 646 περιειλημμένας
3336 571 3460 628 δέκα
3519 572 3741 637 ἐντολὰς
3774 572 3875 630 δε-

2213 660 2595 727 καπλασιάζων
2659 660 2687 714 ὁ
2773 662 2997 739 φυσικὸς
3073 662 3265 735 νόμος,
3321 663 3455 718 κατὰ
3510 664 3605 724 τάς
3653 663 3881 719 τούτων

2213 745 2477 821 ἐνεργείας
2543 754 2689 803 ποιεῖ
2760 751 2859 819 τήν
2920 750 3267 809 ἐκατοντάδα.
3339 754 3448 814 Τάς
3503 750 3549 806 δ’
3596 752 3876 829 ἐνεργείας

2210 834 2375 889 πάλιν
2431 834 2895 911 δεκαπλασιάζων,
2962 842 3095 895 κατά
3172 841 3264 902 τὰς
3310 841 3618 919 ὑφεστώσας
3682 843 3879 897 αὐτῶν

2211 921 2337 979 δέκα
2396 922 2649 999 δυνάμεις
2697 929 2795 997 τήν
2855 927 3082 1003 χιλιάδα
3142 929 3373 1004 πληροῖ.
3420 931 3520 987 Καὶ
3576 932 3748 993 οὕτως
3785 931 3871 995 οἱ,

2208 1015 2280 1075 ὡς
2317 1013 2547 1085 ε’ίρηται,
2598 1018 2933 1091 κρεμάμενοι
2982 1017 3160 1094 χίλιοι
3201 1020 3381 1094 θυρεοὶ
3416 1016 3645 1088 δῆλοῦσι
3675 1020 3767 1075 τόν
3808 1042 3872 1074 τε

2205 1104 2442 1178 γραπτὸν
2492 1105 2581 1159 καὶ
2629 1107 2721 1159 τὸν
2772 1108 2992 1184 φυσικὸν
3044 1109 3235 1181 νόμον,
3288 1107 3561 1178 ἀλλήλοις
3614 1108 3868 1183 συμπρέ-

2204 1214 2426 1259 ποντας,
2478 1194 2528 1247 ἐν
2562 1200 2640 1266 τῷ
2694 1196 3084 1271 ἀπαιωρεῖσθαι
3141 1202 3237 1251 τοῦ
3287 1195 3515 1270 λογικοῦ
3572 1204 3669 1265 τῆς
3715 1197 3865 1270 νύμ-

2204 1302 2309 1356 φης
2364 1283 2451 1335 οἷα
2478 1281 2765 1358 τραχήλου
2822 1285 3010 1354 αὐτῆς,
3066 1284 3154 1339 καὶ
3202 1288 3299 1355 τήν
3350 1286 3550 1356 ταύτης
3581 1290 3865 1341 ποιεῖσθαι

2202 1369 2449 1446 φυλακὴν
2476 1370 2581 1425 ἀπὸ
2608 1374 2821 1426 πάντων
2872 1378 2979 1427 τῶν
3036 1369 3498 1429 ἐπιϐουλευόντων
3560 1375 3719 1449 αὐτῇ,
3774 1374 3865 1432 Οὐ

2205 1465 2366 1530 μόνον
2417 1458 2473 1514 δὶ
2531 1461 2712 1533 θυρεοὶ
2758 1461 3053 1535 κρέμανται
3105 1462 3189 1517 ἐπ’
3238 1463 3428 1532 αὐτὴν,
3484 1466 3668 1541 φησὶν,
3705 1463 3863 1519 ἀλλᾶ

2198 1550 2284 1602 καὶ
2335 1556 2498 1603 πᾶσαι
2554 1548 2769 1625 βολίδες
2812 1556 2919 1605 τῶν
2964 1549 3222 1621 δυνατῶν,
3256 1550 3413 1627 αἶ’περ
3449 1553 3586 1630 είφιν
3615 1553 3668 1607 αἰ
3701 1555 3861 1627 παρὰ

2196 1641 2299 1689 τῶν
2344 1638 2510 1712 ἁγίων
2558 1638 2645 1692 καί
2691 1640 2949 1714 οὐρανίων
3000 1638 3277 1713 δυνάμεων
3338 1646 3406 1715 τῇ
3465 1642 3651 1717 νύμφῃ
3712 1643 3859 1697 διενιῐᾶ⁵

2198 1727 2422 1798 θεωρίαν
2486 1728 2868 1799 ὑποτιθέμεναι
2951 1727 3316 1798 διδασκαλίαι,
3378 1731 3467 1784 καὶ
3544 1732 3679 1786 κατὰ
3734 1736 3854 1785 τῶν

437 1841 612 1896 quam
636 1822 835 1894 jacula
865 1821 1260 1892 conjiciuntur
1291 1818 1360 1872 ad
1392 1833 1592 1871 eorum
1646 1815 1948 1869 machinas
1984 1813 2073 1867 ad-

2198 1817 2515 1888 πνευμάτων
2543 1824 2642 1886 τῆς
2681 1818 2966 1893 πονηρίας,
3011 1814 3189 1893 ὥσπερ
3254 1817 3473 1894 βολίδες
3505 1818 3855 1895 βαλλόμεναι

432 1930 638 1969 versus
690 1928 967 1983 sponsam
1016 1911 1337 1965 instructas
1389 1906 1750 1962 evertendas.
1784 1904 1892 1958 Sed
1947 1902 2086 1974 quia

435 2004 679 2059 rationis
712 2000 1135 2074 qumstionibus
1170 2016 1203 2053 a
1233 1996 1452 2052 sanctis
1483 1994 1707 2066 angelis
1740 1994 1942 2048 edocto
1973 1999 2080 2060 est,

435 2110 550 2165 quo
584 2093 754 2148 modo
786 2093 841 2146 in
876 2090 1223 2145 insidiantes
1256 2087 1367 2141 sibi
1401 2085 1606 2140 debeat
1628 2084 1921 2154 jaculari;
1954 2082 2082 2139 ideo

436 2183 521 2237 hae
552 2181 896 2252 disciplinae,
930 2186 1210 2250 tanquam
1242 2193 1311 2231 ex
1342 2175 1510 2245 collo,
1542 2191 1609 2229 ex
1641 2173 1862 2229 ratione
1895 2172 2081 2245 ipsius

432 2274 713 2327 dicuntur
739 2271 1086 2343 dependere.

504 2364 618 2419 Duo
646 2362 815 2416 ubera
860 2366 976 2429 tua,
1006 2361 1149 2415 sicut
1178 2358 1287 2412 duo
1317 2357 1541 2412 hinnuli
1584 2356 1808 2427 gemelli
1849 2371 2078 2427 capreae,

433 2454 530 2523 qui
557 2455 859 2523 pascuntur
898 2452 955 2505 in
1006 2450 1145 2504 liliis
1172 2466 1189 2502 :
1219 2448 1388 2503 donec
1414 2448 1621 2517 aspiret
1668 2445 1805 2514 dies,
1835 2449 1883 2500 et
1917 2445 2078 2501 incli-

430 2551 635 2599 nentur
664 2542 896 2597 umbrae.

1161 2646 1358 2702 Pulli.

502 2757 571 2812 Et
619 2756 728 2811 hoc
776 2754 1186 2810 convenienter
1233 2754 1303 2807 ad
1357 2750 1618 2806 mulieris
1663 2750 1932 2804 decorem
1981 2765 2077 2804 ex-

430 2846 754 2902 strinsecus
814 2843 1035 2898 dictum
1096 2845 1229 2896 est:
1279 2840 1639 2894 intrinsecus
1689 2837 2077 2892 venerabilem

429 2935 688 2990 continet
736 2931 1159 3003 expositionem
1210 2936 1266 2983 et
1315 2928 1584 2999 gratiam.
1627 2926 1871 2981 Gemina
1922 2925 2077 2980 enim

429 3024 627 3078 divina
657 3022 888 3077 Eclesiaa
924 3021 1101 3074 ubera
1133 3017 1394 3087 intellige
1417 3017 1757 3081 sanguinem
1782 3020 1840 3069 et
1869 3030 2078 3083 aquam

429 3112 589 3167 illam
619 3116 885 3167 sanctam
912 3110 1083 3165 Verbi
1107 3114 1163 3163 et
1184 3104 1498 3162 salvatoris
1521 3122 1588 3159 ex
1620 3104 1834 3176 quibus
1866 3104 2077 3158 animm

425 3202 688 3257 ﬁdelium
720 3200 970 3256 salutem
1003 3199 1306 3253 hauriunt.

492 3292 671 3346 Donec
700 3294 911 3358 aspiret
956 3288 1089 3358 dies,
1142 3295 1192 3343 et
1239 3294 1564 3340 moveantur
1606 3284 1837 3347 umbra,
1871 3284 2074 3337 vadam

422 3379 563 3434 mihi
592 3381 701 3453 ipsi
724 3379 793 3434 ad
822 3382 1062 3434 montem
1090 3376 1333 3449 myrrhae
1362 3384 1414 3430 et
1444 3375 1512 3430 ad
1540 3375 1735 3430 collem
1764 3373 1964 3428 thuris.

497 3562 558 3615 In
603 3559 696 3615 his
744 3559 938 3613 innuit
995 3558 1287 3612 cruciatus
1332 3560 1388 3611 et
1436 3557 1682 3610 mortem
1734 3550 2072 3608 Salvatoris.

424 3649 540 3704 Hos
585 3649 739 3703 enim
792 3652 849 3703 tu
911 3665 1012 3718 per
1061 3646 1309 3719 myrrhae
1369 3649 1625 3699 montem
1685 3641 1963 3712 intelligo.
2007 3643 2077 3696 At

424 3755 526 3810 per
580 3737 787 3793 collem
845 3736 1036 3792 thuris
1093 3735 1353 3805 intellige
1400 3732 1644 3801 gloriam
1705 3730 1915 3802 ipsius,
1960 3745 2079 3801 qua

419 3833 590 3883 Pater
636 3828 890 3899 desuper
947 3842 1078 3881 eum
1135 3831 1191 3879 et
1243 3823 1433 3879 solum
1494 3820 1829 3876 illustravit.
1864 3820 2075 3874 Totum

420 3918 529 3973 hoc
596 3917 797 3990 igitur,
868 3916 1023 3987 quod
1094 3914 1356 3986 loquitur
1419 3911 1653 3981 virgini,
1722 3909 2016 3980 significat

418 4010 537 4079 Age
567 4012 630 4061 tu
662 4023 896 4062 mecum
931 4004 1030 4077 qui
1062 4004 1218 4057 cruci
1266 4002 1475 4057 affixus
1525 4017 1681 4067 sum,
1714 3999 2076 4073 crucifigere,

421 4104 487 4153 ut
542 4113 752 4167 magna
807 4096 944 4148 item
994 4111 1027 4147 a
1068 4094 1233 4147 Patre
1284 4091 1467 4161 gloria
1515 4106 1747 4144 mecum
1797 4088 2074 4141 afficiare.

418 4186 636 4255 Sponte
677 4185 831 4239 enim
865 4182 993 4237 volo
1044 4198 1148 4252 ego
1199 4198 1341 4236 sane
1391 4184 1638 4233 mortem
1686 4182 1976 4248 oppetere,
2011 4181 2075 4231 ut

418 4272 691 4330 fidelibus
722 4274 876 4327 diem
920 4271 1128 4326 salutis
1177 4270 1457 4340 aspirem,
1491 4273 1549 4322 et
1599 4267 1841 4320 umbras
1876 4266 2073 4320 discu-

414 4362 557 4418 tiam
619 4360 961 4432 impietatis.
1018 4359 1183 4428 Mihi,
1234 4359 1499 4428 inquam,
1552 4356 1660 4426 ipsi
1692 4354 1927 4419 vadam,
1962 4354 2070 4409 hoc

411 4456 522 4518 est,
556 4449 756 4506 volens
810 4466 875 4504 ac
923 4449 1134 4503 libens.
1168 4448 1376 4503 Verum
1426 4446 1565 4517 quia
1595 4444 1706 4499 scit
1740 4444 1927 4513 ipsam
1978 4459 2068 4497 se-

411 4556 547 4595 cum
594 4556 720 4595 esse
763 4538 1124 4605 erucifixam,
1158 4541 1215 4592 et
1260 4535 1537 4591 omnibus
1588 4532 1890 4605 praeceptis
1944 4532 2067 4587 suis

410 4629 879 4700 obtemperasse,
930 4643 1138 4681 rursus
1184 4640 1312 4680 cam
1372 4623 1748 4679 commendat
1793 4620 1889 4675 his
1936 4636 2061 4675 ver-

412 4718 503 4773 bis
539 4734 552 4775 :

482 4898 605 4952 Tota
636 4897 867 4969 pulchra
913 4912 988 4963 es,
1020 4897 1328 4967 propinqua
1376 4909 1516 4957 mea,
1567 4896 1679 4949 tota
1721 4890 1976 4964 pulchra,
2008 4899 2061 4947 et

407 4988 630 5043 macula
660 5002 770 5041 non
799 4991 880 5041 est
910 4988 970 5041 in
995 4990 1065 5040 te.

994 5110 1177 5165 Trium
1215 5111 1468 5164 Patrum.

478 5223 555 5273 Ac
585 5217 698 5273 tale
724 5218 963 5289 quidem
995 5222 1085 5272 est
1114 5215 1331 5272 collum
1363 5220 1553 5270 tuum.
1576 5214 1691 5269 Duo
1724 5228 1856 5267 vero
1887 5212 2054 5267 ubera

402 5313 500 5363 tua
525 5310 667 5363 sicut
698 5308 807 5363 duo
854 5306 1083 5361 hinuuli
1129 5322 1338 5376 caprea
1386 5305 1615 5377 gemelli
1644 5322 1662 5358 :
1697 5300 1936 5357 moralis
1968 5302 2053 5355 vi-

402 5396 609 5452 delicet
661 5400 717 5451 et
774 5394 1061 5450 naturalis
1118 5392 1420 5462 doctrina,
1474 5410 1541 5448 ex
1597 5394 1814 5463 quibus
1873 5390 2050 5445 veluti

402 5486 683 5540 uberibus
717 5483 805 5541 lac
851 5482 1157 5538 infantulis
1190 5481 1383 5537 adhuc
1432 5497 1774 5554 suggerens,
1806 5498 1906 5536 eos
1938 5479 2049 5534 alis

399 5579 457 5629 et
508 5574 699 5630 nutris
748 5575 819 5629 ad
869 5572 1307 5644 perfectionem,
1340 5585 1408 5625 ex
1464 5576 1520 5625 te
1577 5569 1753 5626 simul
1804 5570 2043 5625 ﬂuunt:

399 5666 601 5733 utpote
659 5678 786 5732 quae
845 5678 950 5717 nec
1006 5677 1198 5716 mores
1256 5659 1381 5715 sine
1439 5660 1666 5715 ratione
1713 5660 1907 5729 doces,
1942 5674 2048 5713 nec

397 5750 683 5809 rationem
745 5750 871 5805 sine
922 5749 1203 5805 moribus.
1237 5749 1631 5817 Quamobrem
1681 5765 1899 5822 caprea:
1950 5764 2045 5803 as-

2195 1905 2328 1976 πρὸς
2380 1905 2646 1979 ἀναίρεσιν
2680 1912 2787 1960 τῶν
2840 1909 2956 1961 κατ’
3012 1908 3178 1973 αὐτῆς
3226 1909 3405 1962 αὐτῶν
3438 1913 3725 1983 μηχανῶν.
3756 1911 3855 1972 Ὡς

2194 1991 2250 2047 δὲ
2305 2000 2421 2054 ταῖς
2474 1995 2609 2048 κατὰ
2652 1993 2812 2068 λόγον
2895 1998 3148 2066 ζητήσεσι
3221 1994 3616 2068 διδασκομένης
3676 1997 3857 2067 αὐτῆς

2192 2083 2335 2155 παρὰ
2364 2087 2469 2136 τῶν
2525 2082 2685 2156 ἁγίων
2746 2084 2991 2159 ἀγγέλων
3039 2085 3104 2139 τὰ
3143 2083 3330 2140 δέοντα
3367 2083 3666 2160 βάλλεσθαι
3704 2087 3853 2141 κατᾶ

2190 2177 2295 2225 τῶν
2329 2167 2791 2227 ἐπιϐουλευόντων
2854 2174 3012 2245 αὐτῇ,
3066 2175 3153 2228 καὶ
3210 2177 3264 2229 αἱ
3296 2172 3639 2229 διδασκαλίαι
3682 2174 3849 2230 αὗται

2189 2265 2285 2314 τοῦ
2315 2260 2516 2330 ταύτης
2548 2260 2771 2337 λογικοῦ
2805 2263 3181 2338 άπῃώρηνται.

2263 2350 2365 2404 Δύο
2429 2352 2622 2423 μαστοί
2674 2372 2769 2405 σου
2819 2352 2891 2413 ὡς
2964 2351 3059 2407 δύο
3131 2347 3313 2428 νεϐροὶ
3364 2351 3607 2427 δίδυμοιι
3640 2350 3849 2429 δορκά-

2190 2436 2305 2507 δος,
2341 2440 2391 2492 οἱ
2421 2440 2714 2513 νεμόμενοι
2738 2438 2791 2494 ἐν
2822 2446 2938 2496 τοῖς
2964 2440 3193 2517 κρίνοις,
3222 2438 3325 2504 ἕως
3359 2442 3441 2497 οὗ.

2891 2652 3137 2713 Ψελλοῦ.

2262 2759 2356 2813 Καὶ
2386 2763 2547 2813 τοῦτο
2574 2765 3025 2836 γυναικοπριπῶς
3058 2759 3248 2831 ἔξωθεν
3282 2761 3627 2838 λελεγμένον,

2188 2850 2422 2904 ’Έσωθεν
2456 2843 2571 2923 ἔχει
2606 2844 2838 2925 φοϐερὰν
2874 2848 3131 2922 ἐκήγησιν
3163 2850 3252 2904 καὶ
3284 2852 3469 2926 χάριν.

2190 2937 2432 2998 Μαστους
2462 2938 2565 3011 γάρ
2595 2936 2826 3012 γίνωσκε
2858 2936 3070 2999 διττοὺς
3099 2947 3199 3008 κῆς
3232 2940 3377 3003 θείας
3408 2939 3759 3009 Ἐκκλησίας,

2191 3028 2339 3097 Αἷμα
2368 3026 2455 3079 καὶ
2490 3023 2635 3100 ὕδωρ
2664 3026 2727 3079 τὸ
2760 3027 2948 3080 σεπτὸν
2981 3033 3077 3080 τοῦ
3110 3029 3287 3103 Λόγου
3318 3028 3405 3082 καὶ
3443 3036 3728 3105 Σωτῆρος,

2188 3116 2265 3168 Δι’
2298 3116 2369 3167 ὧν
2401 3111 2711 3189 ἀρδεύονται
2746 3117 2915 3191 ψυχαὶ
2948 3121 3153 3172 πιστῶν
3185 3119 3283 3187 τήν
3317 3118 3606 3192 σωτηρίαν.

2252 3297 2399 3356 ’Έως
2448 3294 2509 3347 οὗ
2570 3291 2863 3369 διαπνεύσῃ
2948 3298 2982 3365 ἡ
3044 3294 3225 3372 ἡμέρα
3281 3296 3368 3350 καὶ
3425 3300 3721 3365 κινηθῶσιν
3779 3298 3838 3351 αἱ

2185 3383 2352 3449 σκιαὶ,
2413 3382 2749 3458 πορεύσομαι
2802 3384 3019 3457 ἐμαυτῷ
3068 3386 3201 3459 πρὸς
3259 3386 3319 3439 τὸ
3365 3381 3490 3460 ὅρος
3527 3392 3625 3454 τῆς
3656 3384 3836 3463 σμύρ-

2184 3493 2302 3539 νης,
2360 3473 2445 3527 καὶ
2502 3472 2637 3544 πρὸς
2666 3474 2756 3527 τὸν
2794 3473 2983 3548 βουνόν
3001 3478 3097 3528 τοῦ
3128 3469 3377 3528 λιϐάνου.

2258 3562 2340 3614 Ἐν
2370 3560 2582 3621 τούτοις
2619 3562 2977 3617 ὑπαινίττεται
3008 3564 3069 3617 τὸ
3102 3564 3270 3626 πάθος
3311 3567 3406 3617 τοῦ
3442 3570 3721 3639 Σωτῆρος.

2189 3651 2445 3722 Σμύρνης
2478 3650 2581 3724 γάρ
2615 3648 2743 3723 ὄρος
2772 3650 3003 3725 γίνωσκε
3026 3652 3091 3706 τά
3115 3653 3259 3721 πάθη
3290 3657 3386 3707 τοῦ
3422 3659 3702 3725 Σωτῆρος.

2188 3739 2383 3791 Βουνὸν
2419 3735 2645 3792 λιϐάνου
2672 3738 2837 3794 πάλιν
2872 3738 2928 3794 δὲ
2959 3743 3128 3815 γνῶθι
3161 3743 3257 3810 τήν
3289 3741 3483 3796 τούτου
3506 3739 3681 3812 δόξαν,

2184 3828 2283 3883 Ἢν
2314 3825 2746 3897 ἄνωθενέδόξασε
2780 3830 2964 3903 Πατὴρ
2997 3828 3155 3883 αὐτὸν
3188 3830 3275 3884 καὶ
3313 3831 3495 3903 μόνον,

2187 3919 2364 3973 Τοῦτο
2386 3921 2516 3991 γοῦν
2547 3939 2780 3992 πεφυκεν
2808 3919 2837 3973 ’ὀ
2868 3918 3018 3992 λέγει
3046 3924 3110 3992 τῇ
3137 3920 3387 3995 παρθένῳ
3422 3939 3434 3951 ·

2188 4010 2376 4081 Δεῦρο,
2414 4006 2506 4078 μοὶ
2540 4008 3029 4081 συσταυρώθητιτὸ
3062 4010 3229 4069 πάθος
3253 4008 3573 4083 ἐπειγμένῳ,

2186 4096 2299 4149 Ἵνα
2332 4093 2590 4168 μεγάλως
2622 4096 2712 4150 σὺν
2747 4096 2867 4169 ἐμοὶ
2902 4098 3166 4172 πατρόθεν
3201 4095 3520 4173 δοξασθήσῃ.

2183 4182 2527 4254 Αὐτομολεῖν
2560 4186 2662 4259 γὰρ
2696 4182 2863 4261 ἔγωγε
2888 4184 3159 4261 βούλομαι
3194 4187 3328 4261 πρὸς
3352 4188 3411 4242 τὸ
3444 4187 3631 4255 πάθος,

2181 4277 2367 4331 ’¹()πως
2396 4271 2611 4345 αὐγάσω
2638 4278 2755 4335 τοῖς
2774 4278 2988 4334 πιστοῖς
3022 4272 3227 4348 ἡμέραν
3262 4274 3554 4349 σωτηρίας,

2183 4360 2277 4412 Καὶ
2310 4366 2599 4429 κινηθῶσιν
2634 4360 2684 4414 αἶ
2711 4361 2856 4415 σκιαὶ
2886 4368 3050 4415 πᾶσαι
3082 4369 3181 4431 τῆς
3214 4361 3415 4433 ἀθείας,

2181 4448 2333 4516 Πλὴν
2367 4448 2586 4521 ἐμαυτῷ
2614 4451 2975 4523 πορεύσομαι,
3005 4451 3279 4505 τουτέστιν
3308 4450 3586 4512 ἑκουσίως.

2178 4539 2359 4593 Ταῦτα
2388 4540 2480 4609 μὲν
2512 4541 2601 4592 οὗν
2636 4536 2943 4610 λελάληκεν
2965 4542 2991 4593 ὁ
3013 4538 3307 4603 κάλλιστος
3335 4539 3588 4617 νυμφίος.

2170 4625 2318 4680 Ἐπεὶ
2352 4622 2408 4679 δὲ
2435 4624 2636 4696 ταύτην
2671 4625 2896 4701 ἔγνωκεν
2921 4625 3068 4699 αὐτῷ
3100 4629 3621 4702 συνσταυρωθεῖσαν,

2170 4714 2268 4768 Καὶ
2301 4720 2469 4768 πᾶσαν
2505 4712 2934 4789 ἐκπληρώσασαν
2961 4718 3060 4784 τὴν
3095 4715 3323 4785 ἐντολήν
3356 4716 3583 4787 ἐκείνου,

2172 4802 2341 4857 Πάλιν
2375 4802 2630 4876 ἐπῄνεσεν
2662 4804 2850 4873 αὐτήν.
2885 4803 3030 4874 Φησὶ
3061 4804 3163 4879 γὰρ
3198 4804 3355 4867 οὗτος
3385 4802 3513 4860 τάδε
3547 4824 3560 4837 θ

2239 4891 2383 4961 Ὅλη
2445 4890 2589 4960 καλή
2659 4893 2722 4959 εἴ,
2782 4894 2816 4960 ἡ
2875 4890 3111 4963 πλησίον
3171 4914 3299 4966 μου,
3361 4891 3465 4965 ὅλη
3524 4891 3824 4963 καλὴ,καὶ

2171 4985 2369 5055 μῶμος
2402 4981 2504 5035 οὐκ
2533 4974 2673 5034 ἔστιν
2704 4978 2755 5034 ἐν
2790 4980 2894 5037 σοί.

2730 5109 2847 5160 Τῶν
2886 5108 2934 5182 γ’
2963 5108 3213 5183 Ματέρων
3226 5153 3239 5164 .

2235 5214 2337 5270 Καὶ
2377 5213 2519 5267 οὕτω
2574 5215 2666 5286 μὶν
2726 5211 3014 5289 τράχηλος
3060 5235 3176 5270 συυ.
3238 5216 3304 5271 Οἱ
3354 5212 3410 5269 δὲ
3464 5212 3560 5269 δύο
3622 5216 3828 5287 μαστοί

2162 5325 2279 5369 σου,
2324 5304 2397 5363 ὡς
2454 5300 2549 5355 δύο
2609 5298 2793 5374 νεϐροὶ
2847 5299 3066 5374 δίδυμοι
3118 5299 3401 5378 δορκάδος,
3462 5300 3722 5370 δηλονότι
3779 5308 3823 5376 ἠ

2159 5392 2325 5461 ἡθικὴ
2380 5390 2468 5444 καὶ
2518 5390 2716 5464 φυσικὴ
2777 5388 3101 5445 διδασκαλία
3146 5412 3263 5459 σου,
3326 5389 3394 5446 δι’
3443 5390 3517 5446 ὧν
3574 5394 3663 5447 οἶα
3710 5414 3823 5466 μι-

2159 5485 2292 5534 στῶν
2348 5477 2493 5553 γάλα
2541 5478 2782 5547 ποτίζεις
2825 5478 2955 5541 τοὺς
3017 5474 3095 5533 ἔτι
3144 5482 3279 5535 κατὰ
3324 5482 3422 5549 τὴν
3472 5481 3654 5537 πίστιν
3712 5504 3822 5553 νη-

2157 5568 2313 5631 πίους
2371 5566 2507 5643 πρὸς
2561 5567 2880 5638 τελειότητα
2906 5568 3199 5645 τρέφουσα,
3234 5569 3346 5643 ἅμα
3396 5570 3454 5625 ἑκ
3485 5575 3581 5625 σοῦ
3611 5569 3819 5645 προία-

2158 5680 2260 5727 σιν,
2320 5658 2394 5719 ὼς
2430 5658 2569 5729 μήτε
2618 5657 2677 5710 τὸ
2725 5658 2859 5726 ἦθος
2891 5656 2968 5712 ἔτι
3003 5654 3359 5732 δεικνυμὶνης
3379 5658 3624 5734 ἀλόγως,
3666 5662 3817 5734 μήτε

2151 5747 2241 5805 τὸν
2276 5743 2434 5824 λόγον
2466 5742 2636 5817 ἤθους
2684 5747 3101 5823 προσφερούσης
3144 5747 3343 5825 χωρίς.
3384 5749 3539 5807 Ὀθεν
3580 5746 3815 5826 δορκάδι
