4072 6346
523 399 642 462 619

1846 398 2278 462 MICHAELIS
2321 398 2597 460 PSELLI

3813 403 3947 464 620

528 532 649 590 lum
683 534 895 592 animm
918 539 1051 604 tum,
1113 553 1145 592 o
1203 551 1441 608 sponsa,
1476 535 1751 591 ardenter
1790 535 1848 589 in
1899 533 2082 589 Verbo
2113 536 2171 586 et

2292 529 2381 589 τάς
2412 551 2506 584 σου
2538 529 2628 584 τὸν
2666 528 2952 607 ὀφθαλμὸν
2983 532 3075 586 τὸν
3107 538 3207 603 τῆς
3257 534 3465 607 ψυχῆς,
3500 533 3544 587 ὧ
3574 531 3785 612 νύμφη,
3816 545 3944 609 θερ-

525 639 742 695 sponso
777 627 1054 694 deﬁxum,
1086 626 1348 697 dumque
1378 626 1587 681 anima)
1637 629 1748 679 tua:
1798 623 2033 679 oculum
2061 621 2169 677 levi

529 712 740 768 Christi
781 716 927 786 jugo
973 715 1276 769 subditum
1311 719 1678 770 contuemur.
1727 713 1870 769 Vere
1904 729 2004 768 cor
2036 727 2168 765 nos-

529 809 709 873 trum,
745 803 1040 874 inquiunt,
1073 804 1360 868 excitasti,
1386 808 1587 874 postea
1618 819 1793 874 quam
1829 817 1897 856 ex
1927 805 1982 855 te
2015 799 2172 854 didi-

529 890 721 946 cimus
750 891 922 946 Verbi
957 893 1442 948 incarnationem.
1502 895 1688 963 Atque
1737 891 1807 945 ad
1851 889 2005 944 hunc
2037 887 2172 960 qui-

532 979 662 1034 dem
696 982 936 1036 modum
986 981 1157 1037 amici
1189 981 1486 1054 Virginem
1521 981 1957 1036 collaudarunt.

1115 1179 1301 1233 Trium
1338 1182 1593 1232 Patrum.

603 1284 714 1340 Sed
748 1284 1028 1356 quoniam
1059 1289 1184 1341 tota
1213 1302 1275 1342 es
1303 1285 1446 1341 adeo
1478 1283 1746 1357 pulchra,
1806 1283 1932 1338 veni
1984 1282 2051 1338 de
2083 1283 2177 1338 Li-

532 1373 693 1445 bano,
722 1391 944 1446 sponsa,
974 1377 1105 1431 veni
1141 1374 1204 1430 de
1251 1375 1480 1430 Libano.
1533 1375 1618 1428 Ad
1669 1389 1761 1428 me
1792 1373 1890 1443 qui
1919 1389 2176 1443 compre~

531 1463 708 1519 bendi
763 1481 1015 1536 nequeo,
1077 1464 1425 1536 progredere
1457 1481 1690 1534 semper
1719 1479 1787 1519 ex
1830 1461 1966 1530 ﬁde,
2025 1462 2176 1533 (quae

533 1551 769 1624 quidem
801 1552 918 1608 Deo
952 1571 1065 1608 non
1101 1552 1270 1608 aliter
1302 1570 1363 1607 ac
1398 1553 1557 1620 thus,
1593 1552 1646 1606 id
1682 1556 1878 1607 autem
1911 1557 1999 1607 est
2029 1551 2178 1606 liba-

493 1675 503 1683 -
540 1657 673 1710 nus,
705 1641 970 1711 oﬁ‘ertur)
1000 1659 1100 1714 per
1155 1657 1320 1714 spem
1357 1641 1668 1714 proﬁciens
1701 1641 1773 1696 ad
1806 1639 2175 1708 charitatem,

539 1735 777 1803 propter
806 1748 981 1802 quam
1016 1747 1120 1803 ego
1151 1731 1339 1788 factus
1362 1748 1493 1787 sum
1520 1731 1714 1800 homo,
1747 1735 1803 1785 et
1833 1736 1893 1785 tu
1926 1729 2178 1785 efﬁceris

542 1825 715 1876 Deus.
748 1821 978 1876 Etenim
1022 1821 1238 1888 venies,
1298 1825 1472 1892 atque
1529 1819 1833 1892 pervenies
1881 1819 1950 1874 ab
2010 1818 2178 1874 initio

2287 623 2404 690 μῶς
2436 619 2803 689 ἐνατενίζοντα
2829 626 2908 693 τῷ
2941 622 3098 696 Λόγῳ
3148 622 3236 676 καὶ
3265 623 3506 702 νυμφίῳ,
3558 624 3646 678 καὶ
3685 630 3788 693 τῆς
3842 629 3945 697 ψυ-

2280 714 2393 783 χῆς
2422 709 2512 762 τὸν
2539 708 2824 784 τράχηλον
2845 716 2944 780 τῆς
2977 715 3074 776 σῆς
3111 709 3470 776 ὑποκλιθέντα
3499 713 3586 767 καὶ
3624 718 3723 768 τοῦ
3773 716 3944 789 Χρισ-

2279 803 2375 852 τοῦ
2407 799 2494 851 τὸν
2529 798 2759 876 ἐλαφρὸν
2792 801 2950 874 ζυγὸν
2984 797 3438 864 ἀναλαϐόντα.Ὠς
3472 799 3638 865 ὅντως
3672 800 3941 877 ἐκαρδίω-

2283 907 2376 949 σας
2403 889 2570 958 ἡμᾶς,
2605 888 2783 965 φασὶν,
2817 891 2851 958 ἡ
2885 889 3090 967 νύμφη·
3125 891 3200 953 ὡς
3261 891 3367 945 ἀπὸ
3409 896 3504 945 σοῦ
3547 893 3646 968 γὰρ
3690 889 3938 969 ἔγνωμεν

2279 976 2378 1043 τὴν
2415 977 2680 1050 σάρκωσιν
2713 975 2808 1031 τοῖ’)
2859 978 3060 1054 Λόγου.
3114 979 3272 1037 Οὕτω
3322 981 3416 1055 μὲν
3450 979 3539 1036 οὖν
3573 979 3842 1055 ἐπῄνεσαν
3890 984 3941 1038 οἱ

2285 1063 2436 1144 φίλοι
2468 1066 2566 1134 τήν
2595 1067 2878 1142 παρθᾶνον.

2853 1177 2970 1228 Τῶν
3018 1176 3064 1252 γ’
3086 1176 3366 1250 ’Πατὲρων.

2357 1281 2522 1336 Ἐπάν
2577 1277 2633 1335 δὲ
2680 1279 2852 1344 οὕτως
2902 1279 3008 1353 ὅλη
3066 1281 3329 1358 ὑπάρχεις
3382 1283 3548 1355 καλὴ,
3603 1291 3771 1361 Δεῦρο
3835 1286 3944 1343 ἀπὸ

2287 1364 2522 1424 Λιϐάνου
2590 1369 2772 1448 νύμφη
2804 1417 2818 1440 ,
2874 1366 3030 1445 δεῦρο
3079 1371 3184 1426 ἀπὸ
3233 1368 3495 1428 Λιϐάνου·
3549 1372 3735 1451 ἤγουν,
3797 1373 3945 1449 Πρός

2290 1480 2356 1532 με
2386 1459 2782 1534 ἀπερίγραπτον
2817 1458 2897 1514 ἀεὶ
2927 1461 3089 1515 ποιοῦ
3119 1463 3218 1530 τήν
3260 1462 3480 1538 πορείαν
3530 1464 3636 1520 ἀπὸ
3680 1464 3940 1535 πίστεως,

2285 1550 2402 1618 ἣτις
2451 1553 2569 1620 Θεῷ
2612 1549 2974 1622 προσφέρεται
3029 1552 3117 1604 οἷα
3166 1545 3402 1618 Λίϐανος,
3459 1549 3528 1607 δι’
3597 1551 3825 1616 ἐλπίδος
3867 1555 3942 1617 εἰς

2285 1639 2384 1706 τὴν
2430 1637 2646 1712 ἀγάπην
2695 1637 3119 1711 προκόπτουσαο
3172 1635 3242 1694 δι’
3305 1639 3370 1709 ἦν
3415 1641 3524 1716 ἐγὼ
3573 1643 3800 1716 γίνομαι
3848 1641 3940 1699 ἆν-

2289 1729 2526 1802 Οριυπος,
2593 1726 2683 1782 καὶ
2751 1726 2814 1781 σὺ
2871 1726 2997 1803 γίνῃ
3065 1727 3216 1791 Θεός.
3286 1729 3384 1784 Καὶ
3437 1732 3539 1806 γὰρ
3600 1730 3796 1807 ἐλιύσς,
3848 1735 3941 1788 καὶ

2290 1813 2540 1891 διελεῦσῃ
2607 1816 2696 1870 ἀπ’
2760 1816 2938 1892 ἀρχῆς
3005 1817 3237 1880 πίστεως
3308 1819 3415 1874 ἀπὸ
3462 1829 3706 1897 κεφαλῆς
3753 1824 3941 1898 Σανήρ

541 1909 698 1980 ﬁdei,
731 1927 762 1965 a
784 1910 971 1983 capite
1002 1911 1172 1966 Sanir
1201 1914 1257 1966 et
1303 1915 1582 1966 Aermon.
1616 1911 1682 1964 Et
1712 1909 1908 1965 venies
1941 1909 2177 1980 quidem

2292 1905 2376 1960 καὶ
2436 1906 2710 1978 Ἀερμὼν,
2775 1906 2864 1960 καὶ
2934 1903 3125 1980 ἐλευσῃ
3203 1909 3296 1980 μὲν
3353 1909 3488 1983 πρός
3542 1930 3609 1982 με
3653 1915 3721 1983 τῇ
3774 1912 3944 1985 ὁΑικῇ

537 1999 606 2054 ad
634 2016 728 2054 me
758 2015 890 2055 cum
923 2000 1081 2055 omni
1105 2000 1386 2056 cbaritatc
1412 2024 1426 2067 ;
1459 1999 1758 2070 pervenies
1788 2004 1982 2053 autem
2013 1996 2184 2054 vehe-

537 2089 719 2144 menti
754 2105 885 2145 cum
916 2090 1140 2160 impetu
1199 2105 1302 2160 per
1354 2089 1649 2144 fornacem
1707 2088 2003 2143 variarum
2055 2091 2180 2142 tum

534 2178 728 2233 carnis
759 2182 883 2232 tum
910 2179 1110 2232 mundi
1132 2177 1550 2247 tentationum,
1581 2193 1684 2248 spe
1705 2177 2070 2232 conﬁrmata.
2089 2176 2183 2231 Sic

533 2271 729 2322 autem
764 2267 980 2336 venies,
1013 2271 1066 2322 et
1101 2266 1439 2339 pervenies;
1467 2267 1741 2337 quoniam
1795 2267 1864 2322 ad
1917 2283 2029 2334 me,
2062 2283 2179 2321 non

535 2371 638 2426 per
670 2355 1160 2425 incredulitatem,
1198 2359 1258 2409 ut
1288 2356 1514 2427 primus
1545 2355 1740 2422 homo,
1769 2355 1869 2427 qui
1899 2372 2003 2426 spe
2035 2355 2184 2410 divi-

537 2443 746 2499 nitatis
777 2444 1054 2516 deceptus
1085 2448 1193 2513 est,
1225 2445 1334 2500 iter
1365 2445 1553 2501 facere
1584 2445 1835 2517 cmpisti,
1867 2445 1966 2500 sed
2001 2444 2184 2516 perﬁ-

538 2534 669 2590 dem
701 2550 714 2588 :
753 2551 878 2606 qua
915 2535 1152 2607 quidem
1188 2535 1352 2598 ﬁdes,
1388 2540 1451 2591 ut
1482 2540 1677 2608 caput,
1713 2535 2068 2608 principium
2096 2537 2186 2590 est

541 2624 612 2680 ad
632 2623 906 2680 virtutem
942 2625 1211 2682 ducentis
1242 2625 1364 2693 viae,
1398 2642 1576 2698 quam
1608 2625 1831 2681 indicat
1859 2623 2049 2694 Sanir,
2082 2639 2183 2679 cu-

532 2713 636 2785 jus
666 2713 1066 2786 interpretatio
1095 2720 1205 2780 est,
1231 2713 1480 2770 lucernae
1511 2715 1642 2770 via:
1677 2720 1734 2770 et
1766 2730 1868 2786 per
1897 2730 2083 2786 spem,
2119 2716 2185 2768 ut

540 2805 1224 2862 subleverisetrecreeris
1252 2806 1322 2862 ab
1345 2821 1518 2863 onere
1541 2810 1716 2877 atque
1743 2810 1886 2862 aestu
1917 2805 2182 2878 gravium

539 2893 807 2950 laborum
839 2903 892 2950 et
922 2895 1328 2951 molestiarum
1355 2911 1367 2949 :
1395 2896 1552 2966 quod
1607 2911 1710 2966 per
1737 2897 1986 2950 Aermon
2018 2893 2184 2949 intel-

539 2982 762 3056 ligitur,
789 3001 966 3057 quam
990 2986 1227 3056 quidem
1251 3001 1449 3040 vocem
1483 3001 1671 3039 rorem
1707 2984 2182 3055 interpretamur.

537 3079 729 3146 Atque
759 3073 840 3129 ita
870 3074 1359 3142 cubilialeonum,
1385 3073 1823 3144 pardorumque
1852 3077 2079 3127 montes
2101 3073 2184 3127 in-

536 3160 788 3217 columis
820 3161 1104 3218 evitabis:
1151 3177 1505 3216 consensum
1557 3161 1828 3216 videlicet
1859 3161 2183 3216 carnalium

2291 1995 2491 2069 ἀγάπῃ
2545 1991 2794 2069 διελεύσῃ
2853 1991 2910 2049 δὲ
2960 1995 3311 2071 ἀκατασχὲτῳ
3359 2002 3437 2069 τῷ
3487 2002 3795 2076 φρονήματι
3840 2003 3944 2069 τὴν

2289 2083 2517 2156 κάμινον
2558 2088 2666 2138 τῶν
2718 2082 2768 2137 ἐν
2818 2085 2971 2160 σαρκὶ
3035 2086 3127 2140 καὶ
3191 2088 3385 2160 κόσμῳ
3427 2089 3697 2144 παντοίων
3752 2111 3945 2166 πειρα-

2287 2172 2492 2248 τηρίων
2535 2177 2603 2246 τῇ
2659 2170 3257 2247 ἐλπίδιστηριζομὲνη.
3311 2176 3468 2232 Οὕτω
3501 2174 3558 2232 δὶ
3608 2177 3802 2253 ἐλεύσῃ
3854 2181 3946 2236 καὶ

2291 2259 2539 2336 διελεῦσῃ
2607 2258 2898 2334 ἐπειδήπερ
2979 2261 3086 2316 ἀπὸ
3156 2262 3388 2326 πίστεως
3475 2266 3573 2334 τήν
3671 2267 3808 2339 πρός
3881 2289 3948 2341 με

2290 2351 2512 2426 πορείαν
2561 2347 2710 2426 ἤρξω
2754 2352 3062 2420 ποιεῖσθαι,
3113 2352 3202 2406 καὶ
3253 2351 3354 2408 οὐκ
3410 2353 3460 2426 ἐξ
3511 2354 3759 2418 ἀπιστίας
3807 2358 3950 2412 κατὰ

2290 2441 2380 2495 τὸν
2458 2436 2890 2515 πρωτόπλαστον
2967 2439 3322 2506 δελεασθὲντα
3403 2441 3586 2499 ἐλπίδι
3664 2446 3946 2516 θεότητος⁶

2291 2529 2414 2600 ⁴ἥτις
2465 2531 2642 2592 πίστις
2692 2533 2780 2584 οἷα
2827 2529 3063 2605 κεφαλή,
3120 2531 3267 2608 ἀρχή
3304 2531 3413 2588 ἐστι
3461 2540 3563 2603 τῆς
3588 2555 3645 2590 τε
3670 2537 3786 2590 κατ’
3818 2537 3945 2610 ἀρε-

2290 2624 2390 2692 τὴν
2441 2621 2857 2696 πεφωτισμένης
2927 2618 3057 2677 ὁδοῦ
3113 2621 3268 2699 (ὅπερ
3330 2623 3393 2679 τὸ
3453 2626 3635 2702 Σανήρ
3684 2633 3944 2700 παριστᾷ,

2293 2711 2416 2771 ὁδὸς
2493 2711 2703 2786 λῦχνου
2779 2711 3261 2788 ἑρμηνευόμενον),
3313 2716 3401 2769 καὶ
3460 2723 3561 2786 τῆς
3619 2715 3686 2771 δι’
3747 2716 3949 2774 ἐλπίδα

2294 2803 2577 2878 ἀναψυχῆς
2625 2806 2721 2856 τοῦ
2799 2801 2997 2877 βάρους
3053 2801 3142 2857 καὶ
3193 2801 3290 2858 τοῦ
3343 2804 3620 2866 καύσωνος
3676 2813 3776 2874 τῆς
3834 2813 3945 2864 τῶν

2295 2892 2564 2947 ἀκουσίων
2619 2889 2799 2946 πόνων
2876 2889 3185 2966 ἐπαγωγῆς·
3244 2890 3377 2968 ὅπερ
3444 2889 3612 2962 δηλοῖ
3674 2896 3737 2950 τὸ
3786 2897 3949 2971 Ἀερ-

2299 2982 2435 3056 μῶν,
2498 2977 2690 3052 δρόσος
2743 2978 3197 3054 ἱρμηνευόμενοψ
3251 2981 3340 3036 καὶ
3403 2982 3546 3038 οὕτω
3617 2983 3954 3062 φυλαχθησῃ

2293 3072 2397 3126 ἀπὸ
2429 3067 2678 3144 μανδρῶν
2729 3067 2988 3138 λεόντων,
3048 3070 3152 3125 ἀπὸ
3193 3070 3362 3146 ὀρέων
3389 3071 3731 3148 παρδάλεων·
3792 3075 3950 3147 ἦτοι,

2291 3162 2396 3217 ἀπὸ
2452 3167 2552 3230 τῆς
2582 3157 2736 3229 δίκην
2775 3157 3010 3235 μάνδρας
3039 3158 3304 3230 ἐνωτικῆς
3353 3162 3487 3216 κατὰ
3517 3167 3613 3217 σοῦ
3679 3165 3950 3236 ὁμονοίας

537 3250 929 3322 voluptatum,
962 3267 1088 3322 quas
1132 3249 1366 3306 leonum
1401 3250 1586 3304 instar
1618 3265 1829 3321 magno
1861 3251 2085 3322 impetu
2121 3249 2179 3304 in

2292 3256 2398 3306 τῶν
2448 3270 2546 3304 κατ
2577 3246 2821 3322 ἔλλειψιν
2872 3255 2973 3318 τῆς
3016 3249 3213 3325 ἀρετῆς
3257 3256 3526 3326 σαρκικῶν
3573 3249 3945 3326 ἡδυπαθειῶν,

537 3343 616 3407 te,
649 3344 714 3395 ut
743 3356 775 3394 a
804 3340 1018 3395 virtute
1049 3339 1307 3405 deﬁcias,
1331 3344 1546 3394 ruunt:
1581 3347 1638 3394 et
1664 3340 2017 3394 tentationes
2047 3337 2181 3395 illas

541 3445 669 3500 quae
699 3444 769 3484 ex
793 3428 1029 3484 virtutis
1059 3427 1420 3499 praestantia,
1449 3432 1730 3498 tanquam
1759 3444 1829 3482 ex
1855 3427 1992 3482 altis
2017 3444 2182 3483 mon-

539 3517 722 3584 tibus,
754 3520 820 3571 ut
851 3517 1187 3588 arrogantia
1216 3516 1498 3580 efferaris,
1535 3515 1640 3570 tibi
1669 3520 1908 3571 struunt
1936 3515 2186 3572 insidias

543 3605 985 3674 fraudulenter;
1017 3607 1171 3677 quod
1204 3605 1439 3677 quidem
1483 3605 1796 3676 pardorum
1819 3605 2068 3660 varietas
2097 3603 2188 3660 in-

545 3695 721 3752 dicat.
741 3695 976 3762 Venies,
996 3701 1051 3750 et
1078 3695 1398 3767 pervenies,
1431 3699 1488 3750 et
1518 3693 1938 3760 servaberis,ut
1963 3694 2188 3750 dictum

545 3791 651 3842 est.
688 3787 960 3854 Quoniam
1018 3786 1330 3840 vulnerasti
1385 3801 1477 3840 cor
1529 3790 1806 3854 nostrum,
1863 3799 2018 3838 soror
2047 3800 2186 3852 mea,

539 3892 762 3948 sponsa.
797 3876 941 3941 Quia
969 3875 1188 3930 scilicet
1235 3874 1290 3928 in
1338 3891 1595 3929 amorem
1629 3877 1685 3929 et
1715 3871 2071 3928 desiderium
2101 3873 2190 3928 tui

543 3966 847 4020 concitasti
872 3969 990 4020 tres
1007 3965 1181 4018 unius
1197 3964 1522 4019 divinitatis
1544 3963 1943 4034 personas,cui
1971 3968 2187 4028 mente,

541 4055 764 4110 ratione
785 4059 840 4109 et
870 4054 1077 4124 spiritu
1118 4053 1411 4124 placuisti,
1463 4070 1494 4108 ο
1541 4070 1666 4124 quae
1702 4052 1848 4106 mibi
1884 4053 2038 4106 inter
2069 4069 2190 4107 car-

538 4143 630 4198 nis
663 4143 1136 4212 conjunctionem
1172 4158 1233 4196 es
1265 4159 1468 4206 soror;
1505 4146 1740 4212 propter
1787 4140 2187 4196 voluntarium

539 4235 733 4288 autem
768 4232 1071 4286 charitatis
1103 4230 1401 4285 vinculum
1427 4229 1893 4301 atqueunionem
1923 4230 2186 4301 spiritus,

540 4321 894 4393 desponsata
929 4337 988 4374 es
1027 4319 1168 4374 mihi
1218 4319 1342 4390 (qui
1376 4337 1506 4373 sum
1543 4337 1659 4374 una
1681 4335 1746 4372 ex
1775 4320 1964 4373 tribus
1988 4336 2186 4389 perse-

543 4409 653 4480 nis)
687 4408 988 4481 unigenito
1023 4408 1304 4462 nimirum
1339 4407 1527 4462 Patris
1581 4407 1740 4461 Filio.
1794 4407 2017 4461 Etenim
2052 4424 2184 4463 eum

541 4503 746 4555 sancta
770 4498 1073 4570 Scriptura
1108 4497 1314 4569 plurali
1343 4498 1528 4552 utitur
1553 4512 1794 4551 numero
1825 4495 2070 4566 loquens
2092 4498 2187 4552 de-

541 4589 677 4656 Deo,
711 4587 1120 4643 sanctissimas
1151 4585 1284 4642 illas
1316 4586 1534 4642 indicat
1559 4589 1675 4640 tres
1699 4601 1998 4656 personas,
2025 4602 2185 4657 mys-

2291 3341 2616 3414 τυραννικῶς
2666 3338 2754 3391 οἶα
2812 3335 3041 3392 λεόντων
3107 3339 3451 3410 ποιουμένων
3515 3341 3652 3395 κατά
3701 3345 3797 3395 σοῦ
3845 3344 3943 3406 τὰς

2293 3428 2490 3504 ὁρμὰς,
2539 3424 2627 3480 καὶ
2678 3424 2783 3480 ἀπὸ
2811 3429 2918 3480 τῶν
2947 3426 3066 3480 καθ’
3107 3421 3416 3503 ὑπερϐολὴν
3461 3429 3564 3498 τῆς
3611 3429 3806 3504 ἀρετῆς
3840 3452 3944 3487 πα-

2295 3520 2424 3583 θῶν,
2472 3514 2559 3592 ἀφ’
2607 3511 2773 3588 ὕψους
2815 3515 2909 3576 τὰς
2969 3511 3193 3592 ἐφόδους
3254 3519 3390 3571 κατὰ
3451 3523 3547 3572 σοῦ
3593 3519 3940 3593 ποιουμένων

2295 3601 2519 3671 δολίως,
2563 3603 2696 3676 ὅπερ
2743 3601 2806 3656 τὸ
2861 3600 3116 3657 ποικίλον
3170 3608 3277 3659 τῶν
3331 3603 3650 3680 παρδάλεων
3683 3617 3942 3681 παριστὶ.

2297 3691 2489 3766 ἐλιύσῃ
2538 3689 2596 3746 δὲ
2623 3691 2713 3746 καὶ
2746 3688 2997 3766 διελεύσῃ
3048 3692 3136 3747 καὶ
3186 3692 3540 3772 φυλαχθγξσῃ,
3586 3697 3661 3759 ὡς
3704 3697 3942 3772 εθίρηται,

2297 3779 2623 3857 Ἑπειδῆπερ
2690 3779 3020 3856 ἐκαρδίωσας
3088 3783 3257 3854 ἡμᾶς,
3325 3781 3532 3862 ἀδελφή
3580 3807 3684 3857 μου
3726 3788 3940 3864 νῦμφηο

2299 3869 2582 3943 δηλονότι,
2615 3870 2707 3932 Εἷς
2749 3870 2916 3935 πόθον
2967 3892 3062 3926 σου
3091 3869 3289 3948 ⁴ἤγαγες
3317 3873 3411 3935 τὰς
3449 3880 3594 3949 τρεῖς
3626 3876 3943 3938 ὑποστάσεις

2295 3967 2393 4030 τῆς
2447 3967 2571 4033 μιᾶς
2626 3960 2904 4028 θεότητος,
2947 3961 3020 4022 ὡς
3070 3962 3235 4035 ταύτῃ
3281 3960 3676 4038 εὖαρεστήσασα
3726 3969 3802 4036 νῷ
3850 3965 3942 4019 καὶ

2299 4048 2448 4124 λόγῳ
2513 4049 2601 4102 καὶ
2667 4048 2956 4121 πνεύματι,
3023 4049 3056 4119 ἠ
3126 4046 3215 4104 διά
3265 4050 3358 4122 μὶν
3424 4053 3522 4120 τὴν
3574 4052 3708 4106 κατὰ
3771 4054 3942 4125 σάρκα

2297 4136 2565 4216 ὁμοφυίαν
2633 4135 2841 4215 ἀδελφή
2897 4159 3022 4211 μου,
3093 4135 3182 4192 διὰ
3249 4136 3306 4193 δὲ
3346 4141 3408 4194 τὸ
3476 4140 3535 4195 ἐκ
3577 4142 3944 4216 προαιρέσεως

2295 4225 2639 4298 κολληθῆναί
2702 4247 2793 4298 μοι
2857 4224 2926 4281 δι’
2981 4226 3212 4302 ἀγάπης,
3262 4229 3353 4282 καὶ
3409 4229 3465 4284 ἓν
3527 4234 3734 4302 πνεῦμα
3792 4231 3946 4306 γενέ-

2295 4329 2436 4386 σθαι,
2470 4319 2832 4395 νυμφευθεῖσά
2884 4338 2975 4390 μοι
3024 4323 3100 4390 τῷ
3149 4317 3226 4372 ἓνῖ
3275 4323 3381 4374 τῶν
3427 4319 3727 4395 εἰρημένων
3775 4327 3946 4395 τριῶν

2301 4408 2663 4477 ὑποστάσεων,
2713 4404 2925 4478 δηλαδὴ
2955 4411 3032 4479 τῷ
3085 4413 3365 4483 μοιογενεῖ
3406 4413 3502 4464 τοῦ
3549 4411 3756 4484 Πατρὸς
3807 4413 3943 4484 ﬁt}.

2296 4497 2394 4551 Καὶ
2426 4497 2526 4572 γὰρ
2560 4495 2757 4551 ὁπόταν
2809 4497 2842 4566 ἡ
2897 4495 3020 4571 ἁγία
3062 4497 3248 4573 Γραφὴ
3297 4502 3374 4569 τῷ
3427 4498 3782 4572 πληθυντικῷ
3812 4502 3941 4576 περὶ

2295 4588 2428 4639 Θεοῦ
2504 4583 2770 4661 κέχρηται
2836 4581 3009 4661 λόγῳ,
3085 4585 3185 4653 τὴν
3250 4583 3492 4656 δήλωσιν
3547 4594 3783 4644 ποιεῖται
3835 4594 3942 4644 τῶν

537 4677 648 4733 tice
696 4677 1038 4750 signiﬁcans
1088 4677 1327 4732 modum
1402 4675 1745 4732 substantiae
1799 4679 2181 4730 sacrosanctis

2293 4673 2566 4748 παναγίων
2633 4677 2798 4748 τριῶν
2864 4673 3246 4729 ὑποστάστων·
3329 4681 3602 4748 μυστικῶς
3665 4678 3757 4732 τὸν
3815 4679 3944 4753 τρό-

531 4767 694 4824 illius
722 4767 1006 4839 initioque
1032 4765 1285 4822 carentis
1317 4765 1579 4820 unitatis.
1600 4763 1745 4828 Quia
1777 4764 1972 4820 unitas
1993 4765 2051 4819 in
2075 4764 2183 4818 tri-

533 4857 740 4923 nitate,
772 4861 830 4912 et
857 4856 1090 4911 trinitas
1149 4857 1207 4910 in
1260 4855 1487 4911 unitate
1519 4854 1672 4910 Deus
1703 4857 1810 4910 est.
1836 4853 1902 4907 Et
1932 4869 2177 4908 rursus:

535 4948 853 5004 Vulnerasli
877 4962 970 5002 cor
1001 4951 1246 5001 nostrum
1279 4964 1299 4998 :
1356 4945 1463 4999 hoc
1495 4948 1583 4998 est
1615 4945 1672 4998 in
1705 4943 1789 4998 tui
1821 4942 2180 4998 desiderium

531 5036 936 5105 inflammasti,
971 5039 1094 5090 tum
1149 5037 1209 5089 ἰιι
1239 5050 1346 5088 mm
1379 5034 1660 5089 oculorum
1703 5039 1953 5101 tuorum,
1988 5035 2184 5087 mente

531 5124 755 5180 scilicet
786 5129 907 5191 tua,
942 5141 1055 5192 qua
1085 5140 1178 5178 res
1213 5123 1449 5177 intuens
1493 5119 1920 5190 intelligibiles,
1956 5135 2048 5173 me
2077 5135 2180 5174 ve-

533 5215 790 5281 ritatem,
826 5218 1000 5284 atque
1060 5211 1324 5266 omnium
1359 5208 1822 5281 intelligibilium
1859 5209 2033 5263 ﬁnem
2087 5225 2182 5265 co-

531 5304 795 5377 gnitione
828 5307 1107 5376 perpetua
1129 5300 1546 5370 contempleris
1575 5303 1729 5354 :tum
1765 5301 1824 5354 in
1855 5314 1963 5353 uno
1993 5302 2186 5370 torque

529 5395 661 5450 colli
691 5396 798 5463 tui,
851 5392 1073 5447 ratione
1103 5389 1379 5446 videlicet
1408 5394 1531 5454 tua,
1565 5405 1681 5461 qua
1711 5392 1773 5442 tu
1796 5386 1976 5442 veluti
2009 5403 2181 5442 orna-

530 5487 726 5539 mento
780 5481 914 5537 colli
971 5483 1242 5537 decorata
1299 5480 1357 5534 in
1416 5477 1644 5533 cunctis
1704 5475 2055 5542 actionibus,
2088 5492 2182 5532 me

528 5587 830 5628 summum
862 5573 1084 5626 bonum
1116 5575 1174 5625 et
1206 5569 1381 5623 ﬁnem
1413 5565 1681 5623 omnium
1715 5565 2000 5636 sequeris,
2032 5569 2091 5621 et
2121 5581 2182 5620 re

525 5659 660 5733 ipsa
687 5659 1112 5732 benignitatem
1145 5672 1338 5713 meam
1370 5653 1680 5726 experiris.
1727 5657 1991 5726 Sponsus
2018 5653 2178 5710 enim

527 5748 798 5808 Christus
825 5753 916 5806 est
944 5748 1072 5820 ipsa
1100 5745 1338 5812 veritas,
1397 5752 1454 5800 et
1487 5759 1791 5800 summum
1825 5742 2070 5799 bonum.
2105 5742 2181 5799 Ac

2291 4783 2391 4816 πον
2437 4769 2534 4831 τῆς
2576 4761 2839 4838 παναγίας
2885 4763 2973 4817 καὶ
3025 4763 3267 4840 ἀνάρχου
3303 4762 3536 4838 μονάδος
3577 4766 3942 4836 σημαίνουσαν

2290 4872 2374 4905 κτι
2431 4851 2598 4924 μονὰς
2657 4851 2708 4906 ἐν
2776 4849 2978 4927 τριάδι,
3041 4852 3130 4907 καὶ
3180 4851 3231 4907 ἐν
3285 4850 3480 4927 μονάδι
3526 4855 3679 4930 τριάς
3727 4854 3872 4911 ἐστιν
3917 4859 3946 4912 ὁ

2292 4939 2420 5002 Θεὸς
2473 4941 2657 5011 ἡμῶν.
2736 4942 2832 4995 Καὶ
2903 4940 3076 5012 αὖθις,
3154 4938 3520 5018 Ἐκαρδίωσας
3573 4944 3744 5018 ἡμᾶς’
3790 4944 3947 5014 ἤτοι,

2293 5028 2389 5082 Καὶ
2453 5026 2617 5083 πάλιν
2696 5029 2747 5092 ἐς
2823 5026 2990 5094 πόθον
3058 5051 3153 5086 σου
3220 5030 3442 5108 ἤγαγες,
3484 5031 3548 5088 τὸ
3599 5032 3693 5106 μὲν
3753 5031 3806 5088 ἐν
3871 5033 3948 5090 ἑνὶ

2292 5117 2396 5171 ἀπὸ
2447 5116 2746 5196 ὀφθαλμῶν
2803 5141 2898 5175 σου
2934 5163 2947 5188 ,
3009 5124 3087 5192 τῷ
3145 5115 3672 5195 ἀντιλαμϐανομὲνῳ
3728 5123 3951 5186 πάντως

2289 5209 2400 5260 τῶν
2444 5211 2654 5278 νοητῶν
2702 5205 2788 5263 νοΐ
2832 5230 2964 5281 σου,
3029 5208 3291 5282 ἑωρακότι
3345 5229 3410 5283 με
3451 5211 3643 5286 γνώσει
3693 5209 3951 5283 ἀλγίστῳ,

2290 5293 2353 5346 τὸ
2400 5293 2566 5368 πέρας
2619 5294 2834 5350 πάντων
2881 5300 2987 5351 τῶν
3032 5301 3284 5373 γνωστῶν
3335 5297 3435 5367 τὴν
3503 5296 3801 5368 ἀλήθειαν
3883 5301 3952 5354 τὸ

2295 5379 2352 5436 δὶ
2426 5381 2476 5436 ἐν
2555 5381 2633 5437 lvi
2709 5384 2960 5458 ἐνοξματι
3033 5383 3325 5461 τραχήλου
3401 5406 3548 5457 σου,
3625 5387 3793 5462 ’ὀσπερ
3871 5387 3954 5450 ὡς

2290 5470 2448 5534 τέλος
2525 5472 2740 5529 πάντων
2811 5479 2918 5529 τῶν
2995 5479 3250 5552 πρακτῶν
3325 5473 3439 5548 εἶμι
3490 5475 3554 5531 τὸ
3612 5475 3806 5550 ἀγαθὸν
3866 5481 3955 5550 τῷ

2293 5561 2502 5636 λογικῴ
2549 5583 2665 5631 σου,
2709 5564 2783 5627 ὡς
2838 5569 3140 5641 πρακτικῷ,
3191 5565 3284 5619 οἷά
3328 5585 3412 5627 τις
3458 5564 3664 5638 κόσμος
3722 5563 3953 5641 περιδε-

2293 5671 2443 5726 ραιος
2501 5650 2840 5727 ἐντιθέμενον
2896 5656 3033 5710 κατὰ
3075 5654 3264 5732 πρᾶξιν
3315 5655 3617 5732 παραθέντι
3674 5676 3780 5729 μου
3840 5662 3952 5727 τῆς

2291 5740 2691 5818 χρηστότητος.
2731 5743 2830 5800 Καὶ
2860 5743 2962 5824 γὰρ
2995 5743 3156 5810 αὑτός
3202 5743 3344 5805 ίστιν
3391 5745 3428 5819 ἠ
3470 5741 3698 5812 “tecta
3734 5745 3830 5802 καὶ
3879 5746 3952 5805 τὸ
