4102 6342
162 408 293 468 621

1219 411 1633 474 COMMENT.
1680 411 1759 472 IN
1804 410 2210 474 CANTICUM
2257 413 2566 475 CANTIC.

3475 425 3592 489 622

158 537 481 630 άγαθόνοτὸ
516 540 610 614 μὶν
642 539 766 597 ὅταν
821 541 880 597 ἐκ
929 547 1030 612 τῆς
1086 541 1271 604 οὐσίας
1321 542 1395 603 ὡς
1447 539 1733 618 ἄτρεπτος,
1765 562 1790 594 τ

1944 544 2154 600 veritas
2213 545 2452 617 quidem
2511 563 2636 602 esse
2695 547 3078 622 intelligitur,
3137 557 3435 624 quatenus
3492 574 3595 630 per

165 624 212 646 κν

162 628 212 682 δ’
274 630 404 684 ὅταν
449 629 511 686 ix
552 637 651 702 τῆς
698 629 964 708 ἐνεργείας
1013 631 1088 696 ὡς
1135 631 1472 707 εὐεργετικὸς
1528 628 1679 687 δοκεῖ
1736 653 1832 702 ση-

166 718 480 790 μαίνεσθαι.

883 897 1129 956 Ψελλοῖλ

242 1004 311 1058 Τί
389 1002 802 1075 έκαλλιώθησαν
891 1004 1088 1078 μαστοί
1188 1018 1326 1076 σου,

162 1206 265 1240 νου
299 1186 312 1242 ί

245 1279 512 1332 Ἐνταῦθα
542 1275 707 1332 πάλιν
739 1276 944 1332 ἐπαινεῖ
975 1279 1074 1346 τῆς
1114 1275 1257 1341 θείας
1291 1274 1617 1347 Ἐκκλησίας

151 1371 276 1439 Τὴν
311 1375 421 1424 τῶν
447 1373 662 1434 μαστῶν
691 1367 958 1437 ἐπίδοσιν,
995 1366 1142 1440 ἤτοι,
1173 1373 1282 1423 τῶν
1326 1366 1700 1445 διδαγμάτων.

162 1459 466 1530 Aug-tina:
493 1461 560 1514 τά
587 1459 746 1515 τέκνα
773 1460 874 1536 γάρ
907 1459 1089 1534 ὥσπερ
1128 1461 1261 1534 γυνὴ
1297 1454 1578 1536 φιλόπαις,

153 1550 267 1604 Τὸν
391 1551 557 1614 ἐθνῶν
591 1572 662 1627 φη
676 1572 735 1620 μι
769 1547 924 1622 λαὸν,
955 1549 1044 1604 καὶ
1071 1553 1260 1604 τοῦτον
1286 1551 1593 1626 καθορῶσα,

160 1641 318 1712 Πρὸς
349 1640 546 1715 μέτρον
580 1641 849 1716 φθάσαντα
881 1638 1100 1714 στερρὸν
1130 1645 1231 1708 τῆς
1255 1637 1401 1703 θείας
1442 1637 1684 1709 ἡλικίας,

164 1728 269 1782 Καὶ
313 1728 390 1799 μὴ
423 1726 752 1800 ψελλίζοντα
782 1732 964 1790 ποσῶς
997 1727 1073 1790 εἷς
1096 1729 1194 1796 τὴν
1227 1725 1384 1802 ἁγίαν
1417 1726 1619 1798 πίστιν,

162 1817 332 1874 Οἶνον
361 1816 478 1872 ἀντί
510 1821 605 1871 τοῦ
629 1816 898 1893 γάλακτος
925 1818 1150 1893 προχέει
1176 1817 1294 1871 καθ’
1323 1814 1553 1890 ἡμέραν,

157 1906 466 1962 Τουτέστιν
501 1903 812 1978 ὑψηλότερα
844 1903 1088 1981 δόγματα
1114 1905 1330 1969 τούτοις
1359 1904 1532 1979 νέμει.

160 1994 246 2052 Τὸ
271 1994 402 2068 πρὶν
449 1994 544 2068 μὲν
572 1995 677 2072 γάρ
709 1993 954 2050 ἐδίδασκε
982 1994 1209 2056 τούτους
1240 1995 1314 2057 ὡς
1344 1993 1663 2069 νεωτέρους,

157 2086 386 2158 Πατέρα
418 2079 590 2140 σέϐειν
617 2086 704 2140 καὶ
731 2086 854 2140 Υἱὸν
887 2085 974 2140 καὶ
1011 2088 1248 2157 Πνεῦμα,
1283 2084 1409 2140 Θεὸν
1439 2080 1492 2139 ἓν
1505 2105 1554 2156 1,

152 2175 341 2248 ’Ὁπερ
374 2174 451 2236 ὡς
478 2171 619 2250 γάλα
649 2175 853 2252 πέφυκε
884 2172 1042 2244 δῆθεν
1073 2171 1425 2235 διδασκαλίας
1449 2192 1463 2206 °

156 2267 272 2318 Νὖν
310 2260 368 2318 δὶ
396 2260 635 2318 διδάσκει
667 2269 990 2339 σωφρονεῖν,
1023 2262 1314 2338 φυλάττειν
1357 2260 1676 2338 παρθενίαν,

153 2353 517 2429 Ἐγκράτειαν
548 2352 897 2424 ἀσπάζεσθαι,
931 2351 1108 2431 φιλεῖν
1143 2349 1490 2422 δικαιοσόνην
1518 2371 1530 2382 ·

153 2445 338 2518 Ἀπερ
370 2441 448 2504 ὡς
479 2443 625 2504 οἶνος
659 2439 910 2498 λέλεκται
944 2439 1295 2505 διδασκαλίας
1327 2441 1485 2499 εἶναι.

233 2530 346 2589 Καὶ
383 2529 528 2605 ὅσμή
561 2530 794 2606 ἱματίων
820 2552 918 2586 σου
948 2530 1081 2608 ὑπὶρ
1113 2532 1286 2588 πάντα
1315 2531 1382 2586 τὰ
1425 2529 1709 2607 ἀρώματα.

155 2713 264 2768 Ἢν
301 2708 348 2766 δ’
374 2711 482 2768 ἀπὸ
512 2715 608 2767 σοῦ
631 2705 933 2786 περιϐολὴν
964 2715 1072 2767 τῶν
1105 2709 1337 2786 ἱματίων
1366 2711 1532 2787 φέρω,

158 2802 261 2859 Ἐκ
293 2805 399 2856 τῶν
428 2799 853 2877 προσαγομένων
885 2822 990 2871 σοι,
1019 2800 1186 2878 φημὶ,
1221 2802 1602 2876 θυμιαμάτων,

155 2889 462 2966 Κρείττονα
491 2891 708 2946 πάντων
739 2891 960 2968 ἥγημαι
988 2895 1096 2946 τῶν
1123 2891 1427 2967 ἀρωμάτων
1465 2891 1637 2964 μόνην

235 3067 440 3139 Κηρίον
467 3065 828 3136 ἆποστάζουσι
857 3067 926 3122 τά
951 3065 1118 3142 χείλη
1153 3088 1271 3138 σου,
1303 3066 1509 3146 νύμφη.

150 3156 257 3212 ’Ἢν
281 3155 410 3231 γάρ,
441 3155 595 3227 φησὶ,
627 3161 741 3218 τοῖς
772 3153 981 3218 τέκνοις
1011 3177 1106 3212 σου
1136 3155 1315 3230 νέμεις
1346 3154 1718 3215 διδασκαλίαν.

156 3243 324 3316 Ὑπὲρ
349 3242 540 3318 κηρίον
573 3241 776 3321 πέφυκε
803 3241 1147 3317 γλυκάζουσα
1174 3241 1263 3298 καῖ
1298 3242 1446 3317 μέλι.

228 3329 381 3387 Mil;
408 3330 498 3385 καὶ
527 3331 668 3408 γάλα
701 3331 804 3386 ὑπὸ
833 3332 932 3400 τὴν
965 3331 1218 3407 γλῶσσάν
1252 3353 1368 3390 σου.

154 3418 237 3476 Οὐ
270 3419 400 3494 γάρ,
437 3421 590 3495 φησί,
619 3415 917 3493 μονοειδῶς
945 3419 1037 3473 τὸν
1069 3418 1232 3496 λόγον
1265 3419 1444 3494 νέμεις
1473 3425 1656 3495 πᾶσιν,

154 3507 341 3568 Ἀλλὰ
362 3506 717 3580 κατάλληλον
747 3508 905 3565 παντὶ
934 3507 1023 3564 καὶ
1055 3516 1183 3565 πᾶσι
1213 3513 1329 3567 κατ’
1359 3509 1530 3582 ἀξίαν.

150 3597 302 3660 Τοὺς
365 3599 462 3672 μὲν
506 3599 606 3675 γάρ
683 3598 1166 3678 γαλακτοτροφεῖς,
1222 3601 1350 3665 τούς
1419 3622 1478 3680 γε
1533 3599 1816 3674 νηπιεστέ-

1553 3692 1704 3766 [ρους
1727 3709 1740 3723 °

144 3776 297 3841 Τοὺς
329 3775 376 3831 δ’
405 3777 470 3832 αὖ
500 3798 560 3854 γε
592 3777 1032 3856 μελιτοτροφεῖς,
1052 3779 1293 3834 τουτέστι
1325 3778 1451 3843 τοὺς
1480 3779 1744 3844 τελείους.

233 3869 418 3941 Ὀσμή
449 3867 684 3941 ἱματίων
713 3889 808 3924 σου
839 3869 916 3931 ὡς
946 3865 1093 3942 ὀσμὴ
1129 3863 1376 3925 λιϐάνου.

155 3956 272 4014 Κᾶν
307 3956 598 4033 ὑπερτέραν
630 3955 832 4022 ἄνωθεν
863 3957 1081 4013 πάντων
1110 3964 1216 4014 τῶν
1239 3960 1564 4035 ἀρωμάτων,

139 4047 261 4096 Τῶν
293 4043 529 4115 ἱματίων
557 4045 660 4113 την
692 4043 870 4116 ὀσμήν
904 4045 1018 4100 εἶπε
1047 4047 1147 4114 τῆς
1173 4045 1525 4116 Ἐκκλησίας,

147 4130 315 4188 Ἀλλ’
346 4129 468 4202 ἴσην
502 4133 819 4210 ἀπεφήνατο
851 4138 942 4187 νῦν
973 4131 1081 4203 ἤδη
1113 4138 1191 4206 τῷ
1221 4129 1454 4207 mam,»

150 4218 291 4296 Εῗγε
323 4221 570 4277 ἁπάντων
594 4222 850 4299 κρείττων
883 4223 948 4293 ἦν
979 4228 1087 4278 τῶν
1122 4223 1426 4298 ἀρωμάτων
1461 4225 1641 4287 οὗτος.

725 4334 840 4384 Τῶν
876 4331 923 4405 γ’
961 4331 1136 4405 Πατὲρ
1146 4351 1238 4386 ων.

221 4418 284 4472 Τί
375 4415 795 4490 έκαλλιώθησαν
895 4420 1088 4492 μαστοί
1181 4439 1318 4490 σου,

142 4506 379 4583 viaea!

222 4597 409 4665 Ἤτοι,
459 4596 784 4669 Θαυμασίως
830 4597 892 4651 τὸ
949 4598 1090 4652 θεῖον
1147 4595 1354 4659 κάλλος
1411 4593 1804 4671 περιεϐάλοντο

1407 4417 1616 4498 ἀδελφή
1707 4442 1811 4494 μου

1416 1001 1625 1082 ἀδελφή
1729 1026 1834 1078 μου

159 1093 401 1172 νύμφηί
455 1095 516 1149 Τί
597 1094 1014 1166 έκαλλιώθησαν
1105 1093 1305 1168 μαστοί
1395 1115 1490 1148 σου
1571 1095 1676 1149 ἀπὸ
1753 1092 1833 1149 οἷ’.

1947 633 2260 690 essentiam
2289 639 2379 691 est
2420 635 2846 693 immutabilis:
2882 655 3186 696 summum
3231 647 3426 700 autem
3488 645 3590 702 bo-

1946 739 2111 792 num,
2145 729 2440 797 quatenus
2473 740 2541 780 ex
2589 726 2866 796 operibus
2898 728 3196 786 beneﬁcus
3227 731 3590 792 demonstra-

1944 816 2060 866 tur.

2671 905 2863 959 Pselti.

2015 1013 2195 1079 Quam
2222 1009 2456 1082 pulchre
2482 1012 2650 1081 factae
2679 1015 2808 1066 sunt
2839 1028 3094 1070 mammae
3124 1023 3250 1082 tua,
3274 1033 3427 1074 soror
3443 1035 3584 1089 mea,

1942 1115 2162 1171 sponsa.
2219 1101 2394 1168 Quam
2451 1099 2691 1172 pulchra
2765 1105 2910 1172 facta
2965 1109 3096 1158 sunt
3165 1105 3338 1161 ubera
3402 1113 3500 1164 tua
3553 1126 3588 1165 α

1943 1191 2073 1245 vino
2097 1194 2115 1243 !

2015 1279 2118 1334 Hic
2141 1295 2378 1334 rursum
2408 1277 2614 1335 laudat
2633 1279 2840 1336 divinze
2876 1281 3146 1340 Ecclesiae
3177 1284 3446 1356 uberum,
3479 1287 3588 1345 hoc

1943 1373 2052 1436 est,
2086 1367 2533 1440 disciplinarum
2585 1369 3042 1427 incrementum.
3119 1377 3258 1428 Cum
3317 1375 3473 1431 enim
3527 1382 3592 1434 ut

1943 1461 2129 1514 mater
2161 1456 2478 1513 liberorum
2512 1458 2946 1528 amantissima,
2970 1477 3090 1528 eos,
3112 1463 3392 1535 populum
3427 1466 3587 1522 scili-

1941 1553 2030 1603 cet
2059 1566 2126 1604 ex
2155 1547 2428 1620 gentibus
2459 1549 2807 1621 enutritum,
2859 1551 2929 1606 ad
2961 1551 3168 1608 divinae
3198 1553 3384 1610 aetatis
3416 1572 3584 1612 men-

1940 1654 2140 1693 suram
2165 1636 2359 1692 videat
2389 1637 2746 1710 pervenisse,
2808 1656 2910 1695 nec
2971 1641 3230 1714 amplius
3290 1644 3348 1698 in
3380 1650 3586 1703 sancta

1939 1726 2054 1781 ﬁde
2101 1725 2398 1781 balbutire
2456 1731 2558 1782 aut
2600 1726 2871 1784 haesitare
2924 1745 2936 1782 :
3017 1747 3120 1802 pro
3177 1729 3326 1788 lacte
3380 1733 3583 1790 vinum

1937 1814 2184 1870 eﬁ'undit
2215 1814 2502 1888 quotidie,
2532 1815 2739 1871 altiora
2784 1816 2902 1873 illis
2935 1835 3256 1892 suggerens
3282 1823 3575 1880 instituta.

1853 1922 1900 1987 Β
1933 1907 2100 1963 Prius
2131 1905 2310 1976 enim,
2344 1908 2409 1959 ut
2465 1905 2751 1972 rudiores,
2808 1907 3053 1963 docebat
3100 1925 3219 1977 eos,
3255 1915 3320 1966 ut
3351 1912 3580 1969 Patrem

1935 2002 1990 2053 et
2038 1995 2249 2050 Filium
2273 1998 2328 2050 et
2356 1994 2638 2066 Spiritum
2663 2000 2934 2052 sanctum
2955 1997 3138 2054 Deum
3162 2016 3345 2056 unum
3377 2001 3579 2058 adorac
3645 2039 3656 2047 -

1933 2089 2083 2140 rent.
2144 2083 2306 2151 Quod
2357 2083 2594 2156 quidem
2674 2088 2796 2140 erat
2869 2084 3052 2141 veluti
3129 2087 3405 2144 doctrinis
3465 2089 3574 2148 lac.

1932 2175 2096 2230 Nunc
2156 2176 2355 2229 autem
2409 2176 2629 2237 monet,
2685 2179 2752 2229 ut
2800 2175 3168 2245 modestiam,
3221 2178 3575 2249 castitatem,

1932 2261 2383 2336 temperantiam
2452 2261 2902 2334 amplectantur,
2958 2269 3022 2319 ut
3075 2265 3372 2336 justitiam
3445 2267 3573 2323 dili-

1931 2357 2092 2426 gant.
2167 2354 2302 2419 Quae
2383 2351 2622 2424 quidem
2697 2357 2837 2409 sunt
2909 2352 3088 2410 veluti
3163 2356 3437 2412 doctrinis
3493 2356 3576 2413 vi-

1931 2459 2098 2498 IJUED.

1999 2532 2064 2587 Et
2092 2529 2227 2587 odor
2254 2530 2701 2587 vestimentorum
2755 2534 2980 2588 tuorum
3007 2548 3178 2605 super
3204 2535 3392 2591 omnia
3437 2551 3569 2592 aro-

1928 2628 2096 2676 mata.

2000 2710 2183 2774 Quem
2241 2710 2397 2764 enim
2460 2723 2528 2764 ex
2597 2713 2654 2765 te
2719 2708 3208 2766 vestimentorum
3285 2711 3570 2770 amictum

1927 2815 2086 2872 gero,
2137 2815 2208 2854 ex
2265 2798 2362 2866 iis,
2422 2797 2692 2869 inquam,
2751 2798 3055 2854 sacriﬁciis
3095 2816 3223 2872 quas
3255 2801 3400 2856 mihi
3463 2802 3570 2860 abs

1925 2895 1984 2946 te
2013 2889 2358 2954 oﬂ‘eruntur,
2391 2886 2535 2943 illud
2569 2886 2825 2944 arbitror
2878 2889 3155 2946 omnibus
3203 2892 3567 2950 aromatibus

1927 2983 2222 3052 praestare.

1995 3071 2200 3124 Favum
2224 3067 2503 3123 distillant
2525 3067 2678 3122 labia
2705 3069 2820 3137 tua,
2847 3083 3065 3138 sponso.

1995 3157 2267 3214 Doctrina
2296 3157 2452 3212 enim
2472 3173 2586 3228 qua
2607 3159 2796 3212 nutris
2820 3157 2970 3214 ﬁlios
3001 3163 3133 3214 tuos
3165 3157 3292 3214 favo
3315 3163 3370 3215 et
3391 3159 3561 3218 melle

1923 3246 2149 3302 dulcior
2178 3249 2285 3302 est.

1847 3299 1889 3366 Ο
1932 3299 2165 3391 Willet—et
2308 3339 2407 3390 sub
2439 3333 2634 3406 lingua
2660 3337 2775 3390 tua.

1997 3424 2197 3496 Neque
2248 3423 2406 3480 enim
2457 3424 2661 3478 eadem
2721 3439 2927 3480 omnes
2996 3425 3222 3483 ratione
3278 3427 3412 3496 alis,
3470 3429 3571 3485 sed

1926 3530 2029 3586 pro
2104 3530 2212 3570 sua
2288 3527 2584 3586 quemque
2653 3517 2864 3568 natura
2919 3517 3094 3586 atque
3152 3519 3344 3572 aetate.
3425 3518 3573 3574 Nam

1923 3601 2338 3661 imbecilliores
2391 3601 2538 3658 lacte
2581 3602 2801 3673 pascis,
2833 3601 3006 3659 melle
3036 3607 3234 3661 autem
3264 3604 3573 3676 perfectio-

1925 3709 2038 3750 ΓΕΒ.

1995 3873 2150 3929 Odor
2178 3874 2623 3928 vestimentorum
2652 3876 2893 3941 tuorum,
2924 3875 3067 3929 sicut
3091 3873 3228 3930 odor
3256 3873 3461 3930 thuris.

1995 3965 2140 4022 Cum
2173 3964 2444 4020 Ecclesiae
2473 3963 2959 4020 vestimentorum
3007 3967 3245 4022 odorem
3296 3967 3571 4038 snperius

1923 4055 2154 4112 cunctis
2185 4054 2550 4110 aromatibus
2581 4055 3001 4126 anteposuerit,
3029 4073 3184 4112 nunc.
3215 4055 3373 4112 thuri
3409 4057 3571 4112 simi-

1922 4142 2034 4199 lem
2097 4147 2154 4199 et
2210 4159 2411 4215 parem
2462 4157 2593 4197 esse
2651 4142 3010 4214 pronuntiat.
3059 4143 3222 4200 Thus
3251 4147 3446 4200 autem
3481 4146 3570 4200 est

1921 4233 2187 4290 omnium
2209 4235 2537 4292 aromatum
2567 4232 3142 4304 praestantissimum.

2521 4341 2706 4395 Trium
2737 4342 2973 4396 Patrem.

1991 4430 2166 4497 Quam
2188 4429 2432 4502 pulchra
2455 4431 2620 4502 factae
2659 4433 2786 4485 sunt
2811 4443 3068 4487 mammas
3109 4433 3238 4500 tuae,
3260 4445 3416 4486 soror
3442 4445 3572 4487 mea

1917 4534 2116 4574 sponsa
2139 4524 2158 4574 !

2017 4534 2158 4574 nsa!

1944 4534 2199 4664 pilirum
2231 4608 2288 4663 in
2325 4609 2565 4664 modum
2609 4608 2866 4680 profecto
2900 4607 3097 4662 divina
3148 4610 3289 4661 sunt
3318 4607 3573 4678 pulchri-

140 4683 212 4739 τό
257 4704 321 4740 τε
371 4687 703 4760 θεωρητικὸν
751 4685 842 4740 καὶ
885 4687 1179 4762 πρακτικόν
1220 4707 1336 4755 σου,
1375 4684 1444 4741 δι’
1494 4689 1566 4741 ὧν
1626 4683 1790 4764 ὥσπεξ

1945 4699 2121 4753 udine
2178 4699 2486 4764 decoratas,
2550 4696 2874 4768 speculatio
2943 4695 3226 4751 nimirum
3287 4701 3346 4751 et
3399 4698 3568 4764 actio,

141 4778 336 4846 μαζῶν
370 4773 433 4829 οὐ
463 4777 610 4850 παρὰ
639 4775 819 4844 φύσιν,
854 4773 978 4830 οὐδὲ
1028 4775 1159 4852 ὑπὲρ
1220 4774 1397 4850 φῦσιν,
1448 4774 1594 4832 ἀλλά
1651 4799 1805 4855 φυσι-

131 4866 254 4924 κῶς
281 4865 498 4940 τρέφεις
531 4862 718 4939 λόγοις
747 4865 836 4920 καὶ
879 4865 1108 4941 τρόποις
1161 4865 1299 4940 πρὸς
1350 4859 1651 4928 θεοσέϐειαν
1708 4866 1802 4930 τὰς

134 4953 283 5027 πρὸς
309 4956 499 5026 ταῦτα,
525 4955 614 5008 οἷα
645 4954 894 5027 νηπίους,
932 4952 1261 5031 ἐναγομένας
1294 4954 1494 5030 φυγάς.

215 5222 275 5275 Τί
309 5219 724 5291 ἐκαλλιώθησαν
757 5220 951 5294 μαστοί
980 5241 1078 5275 σου
1111 5222 1214 5276 ἀπὸ
1247 5219 1424 5278 οἶίιουί

216 5307 488 5376 Δηλονότι
529 5315 694 5365 ταῦτα
744 5309 887 5365 οὕτω
937 5309 1254 5384 θαυμασίως
1296 5309 1640 5384 ὡραίσθησαν
1695 5310 1800 5367 ἀπὸ

136 5404 244 5467 τῆς
301 5395 457 5467 δίκην
517 5397 670 5453 οἴνου
731 5397 1026 5470 έξιστώσης
1062 5399 1198 5454 αὐτὰ
1254 5401 1390 5454 κατά
1443 5420 1502 5455 τε
1560 5398 1797 5472 ἅληστον

129 5493 340 5564 γνῶσιν
393 5495 493 5557 τῆς
551 5487 815 5560 ἀληθείας
865 5489 955 5543 καὶ
1030 5483 1249 5563 βεϐαίαν
1329 5487 1542 5565 ἐνεργὸν
1617 5489 1798 5545 πίστιν

133 5580 239 5633 τοῦ
268 5577 474 5652 ἀγαθοῦ
520 5577 728 5654 χάριτι,
761 5578 902 5632 θέσει
947 5579 1210 5643 θεώσεως.
1247 5580 1517 5642 Ἐντεῦθεν
1577 5575 1635 5634 δέ
1688 5579 1800 5635 ἰστι

130 5669 224 5723 καὶ
269 5667 418 5740 ὅσμὴ
470 5667 704 5741 ἱματίων
762 5669 897 5745 ὑπὲρ
936 5670 1111 5725 πάντα
1157 5670 1225 5724 τὰ
1287 5669 1571 5744 ιΞιριιῦμοιίιτοι⁸
1607 5669 1802 5743 ἱμάτια

127 5758 186 5814 Et
212 5765 315 5830 τῆς
347 5757 565 5837 νύμφης
605 5761 741 5836 ἅπερ
769 5761 798 5816 ὁ
831 5757 1000 5836 μέγας
1047 5757 1361 5822 ἀπόστολος
1411 5757 1628 5822 Παῦλος
1683 5764 1803 5824 τοῖς

1916 4787 2134 4858 quibus
2164 4791 2445 4857 tanquam
2506 4785 2786 4842 mammis
2849 4801 2964 4839 non
3025 4789 3233 4854 praeter
3269 4788 3567 4850 naturam,

1915 4891 2020 4931 nec
2052 4890 2231 4946 super
2259 4879 2556 4940 naturam,
2601 4875 2700 4929 sed
2753 4873 3077 4928 secundum
3127 4877 3404 4927 naturam
3435 4888 3567 4927 ver-

1914 4964 2006 5020 bis
2062 4967 2118 5019 et
2176 4963 2460 5028 moribus,
2521 4967 2804 5034 tanquam
2864 4961 3138 5030 infantes,
3202 4959 3434 5016 animas
3491 4961 3561 5015 ad

1913 5052 2193 5124 pietatem
2252 5051 2382 5119 alis,
2423 5067 2573 5122 quas
2630 5050 2689 5104 in
2751 5047 2845 5104 his
2903 5047 3303 5103 instituendas
3360 5063 3562 5102 susce-

1913 5141 2049 5213 pisti
2062 5182 2075 5196 .

1985 5230 2161 5296 Quam
2188 5227 2416 5299 pulchra
2463 5231 2611 5298 [acta
2638 5229 2770 5281 sunt
2802 5226 2978 5281 ubera
3016 5229 3118 5279 tua
3150 5241 3184 5278 a
3209 5225 3382 5279 vino!

1982 5318 2113 5373 Haac
2139 5317 2357 5388 quippe
2390 5321 2505 5372 tam
2535 5315 2781 5370 miriﬁce
2810 5314 3016 5370 effecta
3046 5317 3188 5368 sunt
3217 5313 3462 5384 pulchra
3493 5327 3563 5366 ex

1911 5403 2213 5460 divinitate
2251 5403 2354 5458 tibi
2402 5402 2587 5474 gratis
2636 5417 2938 5469 concessa,
2971 5417 3004 5455 a
3043 5417 3162 5470 qua
3210 5404 3492 5470 tanquam
3526 5413 3562 5454 α

1909 5493 2043 5548 vino
2074 5493 2400 5549 efferuntur
2455 5491 2586 5562 ipsa
2642 5494 2770 5544 tum
2805 5505 2909 5560 per
2938 5489 3242 5544 assiduam
3290 5484 3554 5541 veritatis

1911 5580 2322 5652 cognitionem,
2355 5583 2480 5634 tum
2539 5595 2642 5650 per
2679 5577 2911 5633 ﬁrmam
2947 5576 3081 5631 boni
3111 5575 3459 5632 etfectricem
3492 5573 3560 5629 ﬁ-

1910 5672 2066 5727 dem.
2102 5670 2247 5726 Hinc
2279 5669 2457 5726 etiam
2506 5667 2862 5724 diﬁunditur
2893 5667 3038 5720 odor
3072 5666 3558 5721 vestimentorum

1910 5763 2150 5818 tuorum
2182 5774 2362 5832 super
2391 5757 2590 5815 omnia
2616 5760 2903 5814 aromata.
2937 5753 3308 5811 Vestimenta
3358 5758 3558 5810 autem
