4072 6346
157 359 279 420 625

1207 354 1612 417 COMMENT.
1657 354 1736 414 ΙΝ
1782 353 2183 416 CANTICUM
2227 353 2535 415 CANTIC.

3462 356 3583 417 626

229 494 422 559 Κῆπος
479 483 902 560 κικλεισμᾶνος,
978 483 1187 557 ἀδελφή
1256 507 1362 559 μου
1411 484 1597 561 νύμφη
1637 503 1651 517 ο
1711 491 1804 555 κῆ-

2000 487 2196 542 Hortus
2225 485 2538 552 conclusus,
2570 501 2727 541 soror
2766 499 2891 540 mea
2940 498 3167 557 sponsa:
3211 483 3404 542 hortus
3448 501 3583 544 con-

156 599 264 640 πος
346 578 447 653 γάρ
531 596 797 656 πεφυκας,

158 666 356 739 σμένος
367 707 380 722 .

909 575 1104 654 φησὶν,
1198 577 1244 630 ὦ
1317 574 1528 653 νύμφη,
1600 572 1818 630 κεκλει-

874 753 1120 811 Ψελλοῦ.

227 847 485 921 Ἔχουσα
513 848 728 899 πάντων
758 847 868 897 τῶν
899 841 1082 898 καλῶν
1116 841 1167 896 ἐν
1201 844 1396 914 σεαυτῇ
1425 842 1525 909 τήν
1554 861 1722 916 ωραν,

155 933 385 991 Ἐλαίαν
415 935 515 1004 τὴν
546 952 915 1007 κατακαρπον,
948 934 1117 1001 συκῆν
1147 951 1205 986 τε
1231 932 1331 1000 τήν
1358 930 1638 1007 γλυκεῖαν.

157 1025 324 1099 Πηγή
359 1021 420 1079 δὶ
447 1022 613 1079 πάλιν
641 1020 906 1099 πέφυκας,
936 1020 1119 1098 φησὶν,
1152 1018 1576 1097 ἐσφραγισμένη,

160 1114 299 1169 Καθ’
329 1111 457 1167 ὅσον
492 1111 666 1184 μάτην
699 1108 957 1184 οὐδαμῶς
995 1110 1058 1165 τὸ
1089 1110 1234 1182 νᾶμά
1261 1130 1356 1165 σου
1386 1108 1665 1183 προχέεις,

158 1200 339 1259 Ἀλλὰ
367 1200 619 1270 ποτίζεις
647 1199 776 1263 τοὺς
804 1197 1029 1260 πιστοὺς
1058 1194 1329 1270 διψῶντας
1360 1196 1654 1272 σωτηρίαν.
1762 1206 1765 1209 ‘

237 1287 581 1346 Ἀποστολαί
640 1309 737 1343 σου
822 1284 1147 1363 παράδεισος
1221 1284 1362 1362 ῥοῶν
1421 1286 1555 1358 μετὰ
1605 1288 1817 1361 καρποῦ

156 1376 506 1454 ἀκροδρύων.

229 1469 319 1522 Ἐν
353 1466 573 1528 τούτοις
607 1463 972 1521 ὑπαινίττεται
1003 1462 1286 1537 ξύμπαντα
1309 1464 1336 1518 ὁ
1366 1462 1624 1541 νυμφίος,

156 1558 273 1613 Τοῦ
307 1552 590 1631 δόγματος
619 1560 722 1624 τῆς
752 1553 987 1615 πίστεως
1017 1554 1180 1625 ἡμῶν
1210 1558 1312 1621 τῆς
1341 1552 1676 1624 ἀμωμήτου,

155 1647 230 1700 Τὸ
260 1639 499 1721 φοϐερὸν
527 1643 618 1698 καὶ
648 1641 950 1699 κάλλιπον
982 1638 1184 1703 εύῶδὲς
1219 1661 1279 1695 τε
1301 1641 1391 1695 καὶ
1421 1642 1586 1711 Θεῖον,

154 1734 365 1808 Ὠσπερ
397 1726 682 1807 πρεσϐεύει
706 1731 938 1785 πάντοτε
968 1728 1144 1802 στόμα
1170 1735 1269 1799 τῆς
1298 1726 1647 1800 Έκκλησίας.

154 1819 497 1878 Ἀποστολαί
527 1839 621 1875 σου
650 1819 776 1895 γὰρ,
809 1818 971 1895 φησὶν
999 1819 1195 1894 ἤγουν,
1229 1817 1282 1872 αἱ
1312 1814 1534 1893 διδαχαί
1564 1837 1681 1887 σου,

156 1908 498 1987 Παράδεισος
528 1908 795 1986 πεφύκασι
828 1907 969 1984 ῥοῶν
996 1905 1403 1984 ⁴ἧγλαϊσμὲνων,

155 1998 261 2057 Καὶ
290 1999 478 2070 πάσης
505 1998 739 2074 χάριτος
771 1996 961 2072 μεσταὶ
988 1995 1376 2072 τυγχάνουσιν,
1410 1997 1455 2051 ὧ
1482 1995 1692 2071 νύμφη.

220 2089 388 2163 Πηγὴ
410 2088 631 2158 κήπων.

146 2177 226 2237 Οὐ
255 2178 370 2252 γὰρ
403 2176 480 2239 είς
513 2176 681 2249 μὲτην
715 2195 833 2246 σου,
861 2174 1046 2253 φησὶν,
1072 2176 1141 2231 τὰ
1167 2176 1381 2249 νάματα
1407 2176 1704 2250 περιχέεις,

146 2263 327 2324 Ἀλλᾶ
356 2264 599 2335 ποτίζεις
625 2263 753 2327 τοὺς
782 2264 1029 2334 πιστοὺς,
1058 2262 1249 2353 ἤγουν,
1282 2263 1421 2341 φυτὰ
1447 2265 1515 2319 τά
1546 2269 1680 2327 θεῖα.

146 2379 335 2448 Φρέαρ
420 2368 614 2434 ὕδατος
692 2375 893 2442 ζῶντος
977 2375 1075 2426 τοῦ
1156 2356 1467 2448 ῥοιζοῦντος
1536 2370 1642 2425 ἀπὸ
1702 2376 1798 2423 Αι-

890 2454 1079 2517 ϐάνου.

90 2580 95 2587 τ
159 2554 440 2607 Τοσοῦτον
463 2550 590 2625 γὰρ,
622 2549 777 2629 φησὶ,
806 2548 990 2611 καλῶς
1020 2549 1157 2625 πρὸς
1185 2548 1375 2625 ἀρετὰς
1407 2548 1650 2623 ὑψώθης,

150 2651 225 2705 Ως
266 2642 364 2697 καὶ
390 2648 493 2711 τῆς
519 2640 775 2712 κλήσεως
805 2639 976 2710 αὐτῆς
1011 2635 1203 2715 ἔμοιγε
1230 2639 1612 2715 συμμετέχειν.

157 2732 304 2809 Ἐγὼ
333 2730 440 2806 γὰρ
474 2735 676 2800 ζῶντος
706 2727 901 2792 ὕδατος
923 2724 1096 2791 ὅντως
1120 2729 1379 2804 τυγχάνω
1412 2729 1602 2806 φρέαρ,

155 2823 224 2879 Ὁ
251 2819 534 2884 κατελθὼν
562 2819 614 2893 ἕξ
636 2819 871 2896 οὐρανοῦ
902 2819 977 2879 ὡς
1001 2817 1155 2883 sua;
1184 2817 1259 2880 είς
1290 2818 1479 2887 πόκον,

151 2912 368 2985 Ὠσπερ
397 2907 450 2981 ἑξ
487 2904 649 2982 ὅρους
681 2904 897 2981 ὑψηλοῦ
924 2910 1021 2961 τοῦ
1050 2911 1359 2980 θαυμαστοῦ
1388 2902 1650 2963 Λιϐάνου.

734 3015 856 3071 Τῶν
886 3014 933 3090 γ’
963 3014 1214 3087 Πατὲρων
1225 3056 1238 3070 .

234 3104 341 3163 Καὶ
378 3107 603 3159 τοιαῦτα
653 3102 750 3177 μὲν
808 3123 904 3159 σου
948 3103 1019 3158 τὰ
1081 3101 1221 3176 μέλη
1275 3103 1365 3158 καὶ
1392 3103 1460 3158 τὰ
1487 3103 1700 3176 ἱμάτια.
1737 3101 1816 3157 Σὺ

160 3191 211 3249 δ’
243 3191 485 3258 ἐντεῦθεν
515 3191 677 3247 ὁποία
709 3212 724 3262 ;

240 3284 436 3351 Κῆπος
494 3282 900 3355 κικλεισμὲνος,
976 3278 1184 3358 ἀδελφή
1275 3301 1378 3354 μου
1434 3280 1647 3358 νύμφη,
1714 3286 1814 3351 κῆ-

162 3393 275 3434 πος
297 3368 709 3445 κεκλεισμένος,
742 3372 893 3447 πηγή
925 3369 1352 3449 ἐσφραγισμένη.

233 3462 465 3538 Ἥγουν,
490 3460 593 3518 Οἴα
627 3460 721 3534 μὶν
776 3457 956 3522 διττὸς
998 3466 1177 3530 κῆπος
1217 3459 1353 3515 κατά
1397 3480 1456 3515 τε
1484 3460 1670 3535 ψυχὴν
1702 3464 1818 3521 τοῖς

157 3555 272 3605 τῶν
335 3550 542 3624 ἀρετῶν
597 3548 809 3626 λόγοις,
876 3547 967 3603 καί
1034 3550 1172 3604 κατὰ
1229 3551 1397 3624 σάρκα
1443 3553 1561 3611 τοῖς
1610 3548 1819 3605 τούτων

158 3641 396 3716 τρόποις
456 3637 720 3715 ὗπάρχιις
776 3637 1101 3716 κατάφυτος,
1153 3638 1243 3693 καὶ
1301 3639 1377 3699 ὡς
1428 3642 1662 3715 φραγμῷ
1710 3657 1817 3692 τινι

158 3734 289 3792 ταῖς
348 3726 594 3791 ἐντολαῖς
640 3749 744 3801 μου
791 3725 1305 3805 κατησφαλισμένος
1331 3746 1343 3759 ’
1401 3729 1493 3782 οἷα
1549 3724 1607 3782 δὲ
1658 3728 1814 3802 πηγή

164 3818 314 3873 κατὰ
341 3821 466 3872 νοῦν
502 3817 686 3894 βρύεις
738 3817 804 3871 τὰ
873 3816 994 3892 περὶ
1048 3815 1144 3889 ἐμὶ
1198 3810 1390 3885 εὐσεϐῆ
1421 3815 1511 3870 καὶ
1545 3817 1662 3871 (ista
1689 3818 1822 3886 νοή-

171 3927 344 3981 ματα,
370 3905 459 3960 καὶ
495 3910 578 3979 τῷ
624 3905 747 3980 ἐμῷ
791 3911 1120 3982 χαρακτῆρι,
1171 3905 1246 3966 ὡς
1276 3904 1436 3959 εἷκών
1473 3926 1598 3979 μου,
1622 3903 1823 3983 ἐσφρά-

164 4017 343 4071 γισαι,
394 3993 489 4050 ἵνα
548 3996 624 4068 μὴ
675 3995 704 4051 ὁ
747 3992 1048 4070 ἐρχόμενος
1094 3992 1155 4048 ού
1206 3993 1369 4066 μόνον
1427 3992 1645 4068 κλέψαι,
1680 3991 1825 4049 ἀλλὰ

166 4085 261 4141 καὶ
314 4084 472 4139 θύσαι
528 4083 617 4140 καὶ
671 4082 934 4139 ἀπολέσαι
990 4080 1207 4158 ἐχθρὸς,
1259 4081 1531 4158 λαθραίως
1568 4082 1822 4139 εἴσελθὼν

168 4175 268 4231 τόν
298 4194 362 4229 τε
386 4175 505 4229 κατ’
556 4172 750 4248 ἀρετήν
810 4192 905 4227 σου
959 4169 1171 4247 συλήσῃ
1220 4172 1448 4247 καρπὸν,
1479 4171 1570 4226 καὶ
1598 4173 1660 4227 τὸ
1690 4171 1828 4226 κατὰ

174 4268 381 4341 γνῶσιν
438 4268 542 4333 τῆς
609 4260 866 4333 ἀληθείας
942 4258 1089 4337 ὕδωρ
1146 4281 1243 4315 σου
1300 4258 1547 4335 ψευδέσιν
1605 4260 1827 4323 ἐννοίαις

177 4349 561 4426 καταμολύνῃ.
594 4350 673 4408 Οὔ
716 4344 883 4423 μόνον
925 4346 971 4403 δ’
1000 4348 1135 4417 αύτή
1165 4353 1415 4410 τοιοῦτος
1455 4356 1633 4419 κῆπος
1658 4350 1827 4424 ύπάρ-

178 4462 330 4519 χεις,
389 4439 536 4496 ἀλλὰ
588 4439 702 4509 καὶ,
761 4435 1094 4497 Ἀποστολαί
1157 4459 1255 4493 σου
1303 4436 1627 4514 παράδεισος
1687 4438 1828 4515 ῥοῶν

187 4528 329 4601 μετᾶ
382 4531 597 4601 καρποῦ
673 4524 991 4602 ἀκροδρύων
1021 4544 1035 4559 ο
1094 4526 1312 4587 πάντως
1377 4527 1430 4581 οἱ
1485 4526 1833 4601 ἐκπεμπόμε-

172 4638 265 4673 νοι
298 4613 680 4672 διδασκαλικοὶ
729 4614 890 4690 λόγοι
923 4635 1021 4669 σου
1068 4615 1204 4691 πρὸς
1248 4616 1346 4677 τὰς
1397 4618 1833 4690 μαθητιυομὲνας
1863 4610 1910 4674 D

179 4727 269 4762 σοι
297 4706 505 4781 ψυχὰς,
538 4702 629 4760 διὰ
652 4705 716 4760 τὸ
774 4704 828 4760 ἐν
881 4704 1102 4766 ταύταις
1156 4705 1291 4759 κατά
1330 4705 1509 4760 πίστιν
1560 4708 1832 4783 φυτευθῆ-

179 4816 300 4867 ναι,
332 4794 423 4849 οἷά
441 4793 549 4869 πέρ
581 4812 669 4856 τις
712 4790 1033 4870 παράδεισος
1079 4794 1386 4870 συνηρεφής
1417 4792 1661 4870 δένδροις
1690 4794 1832 4873 ῥοῶν

182 4884 280 4941 ἰπὶ
338 4882 501 4959 ῥιζῶν
563 4882 1091 4960 ἰγκεκεντρισμένοις
1149 4880 1349 4959 δρυῶν,
1406 4883 1685 4948 κάντεῦθεν
1740 4886 1831 4940 τὸν

178 4972 329 5029 ἴδιον
357 4972 586 5045 καρπὸν,
644 4973 721 5035 ὡς
776 4969 1095 5048 ἀκροδρύων
1150 4973 1352 5045 καρπὸν
1407 4972 1833 5048 ἐπιφερομέννις.

175 5068 278 5118 ’Ὧν
313 5060 459 5138 ῥοῶν
486 5063 544 5116 αἱ
600 5061 696 5135 μὶν
744 5060 885 5137 ῥίζαι
929 5058 1389 5133 δυσαπόσπαστοι,
1421 5063 1483 5116 τὸ
1542 5060 1598 5117 δὲ
1628 5063 1835 5137 προκά-

180 5150 389 5225 λυμμα
441 5155 540 5206 τοῦ
595 5155 807 5225 καρποῦ
861 5150 1154 5226 αὐστηρὸν,
1205 5151 1294 5205 καὶ
1350 5155 1447 5207 τοῦ
1490 5149 1641 5213 ἐντὸς
1662 5152 1836 5225 ψυλα-

198 5241 411 5296 κτικόν.
469 5239 642 5301 Αὐτὸς
689 5236 748 5294 δὲ
799 5240 827 5294 ὁ
896 5240 1102 5314 καρπὸς
1175 5239 1308 5312 μετᾶ
1360 5241 1422 5294 τὸ
1475 5248 1838 5310 πεπανθῆναι,

188 5329 619 5407 περιρῥαγὲντος
727 5332 824 5383 τοῦ
918 5325 1409 5401 προκαλύμματος,
1501 5328 1838 5408 διαφαίνεται

184 5422 285 5489 τήν
337 5419 434 5492 μὶν
489 5422 671 5495 γεῦσιν
719 5415 949 5493 γλυκὺς.
1000 5418 1100 5485 τὴν
1160 5414 1219 5471 δὶ
1276 5413 1397 5492 ὄψιν
1453 5418 1688 5488 εὐειδὴς.
1742 5420 1839 5476 Καὶ

184 5511 292 5586 γὰρ
324 5508 416 5563 καὶ
446 5507 601 5563 αὐτοὶ
634 5508 687 5562 οἱ
722 5513 823 5577 τῆς
868 5504 1087 5583 νύμφης
1142 5502 1516 5563 διδασκαλικοὶ
1559 5507 1741 5583 λόγοι,
1771 5514 1840 5583 τῇ

190 5601 292 5674 μὶν
349 5597 534 5653 πίστει
586 5594 944 5673 ήδραίωνται,
1003 5594 1093 5650 καὶ
1142 5592 1601 5662 δυσαποσπάστως
1653 5594 1841 5675 ἔχουσι

185 5694 297 5747 τῶν
329 5691 704 5743 πιστευσασῶν
761 5684 980 5748 τούτοις
1030 5687 1247 5759 ψυχῶν,
1306 5688 1396 5741 οἷα
1450 5686 1593 5762 ῥίζαι
1632 5686 1791 5765 δρυός
1827 5708 1841 5723 ⁸

1848 1869 1894 1934 Β

1928 575 2137 642 clusus,
2166 576 2297 649 [om
2325 575 2595 644 signatus.

2650 750 2861 807 Pselli.

1995 843 2190 899 Variis
2221 858 2502 915 sponsam
2535 839 2812 897 laudibus
2834 856 3090 911 sponsus
3111 840 3583 900 extollit.Hortus

1924 932 2078 989 enim
2143 949 2226 1001 es,
2268 931 2481 1002 inquit,
2518 947 2552 985 ο
2610 946 2848 1001 sponsa,
2905 930 3244 1001 conclusus,
3303 932 3583 988 arborum

1927 1021 2192 1077 omnium
2252 1022 2313 1076 in
2361 1025 2418 1076 te
2474 1020 2606 1091 ipsa
2661 1018 2971 1074 continens
3020 1019 3219 1087 decus,
3270 1024 3329 1075 et
3390 1019 3581 1077 oleam

1929 1111 2310 1178 fructiferam,
2344 1114 2402 1165 et
2432 1109 2660 1165 dulcem
2692 1106 2894 1163 ﬁcum.
2938 1108 3088 1163 Fons
3146 1108 3312 1176 item,
3362 1109 3581 1182 inquit,

1925 1216 1989 1255 es
2019 1199 2307 1272 signatus.
2334 1198 2534 1270 Neque
2563 1196 2717 1253 enim
2761 1212 2946 1268 aquas
2995 1200 3215 1253 temere
3272 1197 3582 1269 profundis

1927 1292 2084 1355 tuas,
2117 1290 2218 1344 sed
2240 1286 2443 1343 fideles
2473 1284 2686 1342 salutis
2718 1284 2986 1340 sitientes
3017 1288 3208 1357 potas.

1999 1379 2332 1434 Emissiones
2352 1385 2460 1432 tua:
2486 1374 2787 1447 paradisus
2806 1374 3085 1430 malorum
3099 1376 3433 1447 punicorum
3454 1392 3584 1436 cum

1923 1468 2196 1539 fructibus
2222 1482 2451 1522 nucum.

1996 1556 2100 1612 His
2128 1556 2323 1611 verbis
2344 1570 2413 1611 ea
2442 1569 2698 1626 sponsus
2729 1551 3394 1624 complectiturjomnia,
3448 1569 3577 1626 quae

1927 1645 1999 1701 ad
2034 1644 2164 1701 fidei
2205 1645 2420 1699 nostris
2460 1641 2851 1713 integerrimas
2904 1640 3235 1697 doctrinam
3287 1644 3585 1714 spectant,

1926 1735 2094 1805 cujus
2124 1733 2419 1802 timorem,
2452 1733 2745 1801 decorem,
2777 1730 3184 1803 fragrantiam,
3208 1730 3580 1788 divinitatem

1925 1841 1991 1880 os
2032 1821 2303 1879 Ecclesiae
2353 1836 2661 1892 nunquam
2700 1837 2816 1876 non
2866 1819 3161 1891 praedicat.
3216 1818 3583 1877 Emissionel

1924 1912 2106 1980 enim,
2155 1910 2370 1984 inquit,
2429 1914 2544 1966 tuae
2597 1909 2910 1982 paradisus
2959 1909 3224 1965 existunt
3281 1908 3579 1966 malorum

1919 2002 2295 2074 punicorum,
2324 2004 2383 2056 et
2411 1999 2570 2055 omni
2603 1999 2792 2069 gratia
2821 2002 2963 2054 sunt
2994 1997 3343 2070 plenae.Fons
3369 1999 3560 2054 horto-

1914 2108 2075 2147 rum:
2111 2106 2247 2146 nam
2276 2088 2479 2145 latices
2508 2092 2641 2144 tuos
2671 2087 2827 2143 haud
2861 2088 3080 2143 frustra
3128 2087 3399 2159 spargis,-
3458 2088 3561 2143 sed

1915 2180 2143 2237 divinas
2173 2178 2429 2252 plantas,
2461 2177 2664 2234 ﬁdeles
2686 2176 2993 2247 nimirum,
3019 2176 3200 2249 rigas.

1915 2381 2118 2435 Pulsus
2134 2393 2290 2449 aqum
2311 2376 2696 2447 viventis,qu.z
2712 2376 2838 2446 ﬂuit
2856 2391 2985 2433 cum
3003 2375 3317 2447 stropitude
3337 2375 3569 2431 Libano.

1986 2555 2391 2628 Adeo,inquit,
2453 2554 2768 2610 virtutibus
2823 2553 3075 2625 insignis
3122 2554 3327 2609 eﬂ'ecta
3376 2569 3460 2621 es,
3506 2554 3574 2607 ut

1917 2646 2262 2719 idem,quod
2294 2660 2777 2718 ego,coguomem
2811 2644 2894 2699 sis
2916 2647 3250 2698 consecuta.
3276 2643 3391 2714 Ego
3412 2641 3572 2697 enim

1920 2737 2164 2794 omnino
2189 2734 2626 2805 viventisaquae
2662 2749 2794 2788 sum
2853 2735 3089 2804 puteus,
3137 2732 3238 2804 qui
3297 2732 3367 2787 de
3424 2729 3570 2786 caalo

1922 2824 2290 2897 sicutpluvia
2322 2824 2385 2879 in
2417 2822 2625 2890 vellus,
2655 2826 2942 2894 tanquam
2972 2837 3042 2876 ex
3072 2820 3188 2878 alto
3220 2823 3279 2876 et
3307 2817 3574 2875 mirabili

1920 2919 2124 2972 monte
2146 2914 2370 2971 Libano
2403 2911 2702 2968 descendi.

2511 3018 2694 3074 Trium
2722 3020 2983 3075 Patrum.

1993 3116 2075 3168 Ac
2105 3110 2249 3168 talia
2270 3108 2510 3182 quidem
2542 3111 2683 3165 sunt
2704 3107 2971 3163 membra
2989 3108 3047 3162 et
3073 3104 3426 3161 vestimenta
3444 3107 3571 3161 tua.

1848 3241 1889 3307 C
1926 3202 2014 3257 Tu
2047 3216 2180 3256 vero
2211 3195 2450 3307 qualis?

1999 3291 2198 3346 Hortus
2226 3288 2689 3358 conclusus,soror
2717 3300 2862 3356 mea,
2914 3300 3113 3358 sponsa
3136 3302 3154 3337 :
3211 3282 3406 3339 hortus
3444 3297 3577 3338 con-

1922 3374 2129 3448 clusus,
2160 3383 2285 3451 [om
2312 3379 2586 3446 signatus.

1996 3467 2195 3533 Qualis
2222 3466 2502 3522 nimirum
2553 3463 2769 3536 duplex
2826 3463 3033 3519 hortus
3082 3462 3349 3519 consitus
3381 3482 3396 3531 ;
3428 3464 3577 3532 [tum

1927 3558 2211 3614 virtutum
2239 3554 2888 3627 disciplinis,quantum
2913 3553 2984 3608 ad
3006 3553 3264 3608 animam
3299 3550 3574 3624 pertinet;

1927 3651 2052 3703 tum
2084 3661 2286 3702 earum
2320 3644 2901 3714 moribus,quantum
2925 3641 2998 3697 ad
3025 3657 3259 3696 carnem
3290 3657 3303 3695 :
3348 3644 3407 3695 et
3447 3655 3577 3694 mu-

1932 3737 2092 3792 nitus
2123 3735 2377 3807 quodam
2402 3731 2584 3789 veluti
2616 3732 3029 3788 mandatorum
3060 3728 3233 3786 vallo.
3277 3731 3578 3795 Quantum

1930 3840 2128 3881 autem
2161 3823 2231 3879 ad
2273 3826 2534 3878 mentem
2553 3818 3000 3893 spectat,qualis
3023 3819 3153 3875 fons
3184 3816 3311 3891 pias
3325 3833 3465 3889 erga
3486 3831 3582 3872 me

1933 3931 1997 3970 ac
2028 3912 2257 3968 divinas
2295 3910 2496 3966 fundis
2549 3908 2962 3982 cogitationes,
2995 3912 3053 3963 et
3074 3907 3242 3980 signo
3295 3921 3445 3973 meo,
3515 3908 3583 3960 ut

1932 4002 2127 4073 imago
2157 4015 2377 4067 mea,es
2407 3999 2817 4070 obsignata,ne
2842 3996 3119 4052 inimicus
3152 3993 3469 4052 adveniens
3522 3996 3585 4048 to

1934 4107 2049 4146 non
2084 4089 2274 4145 solum
2309 4088 2568 4161 diripiat,
2602 4088 2703 4143 sed
2737 4087 2914 4143 etiam
2962 4086 3189 4142 occidat
3240 4100 3306 4139 ac
3336 4083 3585 4156 3perdat,

1934 4179 2285 4252 virtutisque
2314 4183 2431 4234 tuae
2463 4178 2694 4233 fructus
2716 4179 2996 4248 asportet,
3020 4180 3077 4232 et
3097 4174 3341 4248 cognitae
3371 4173 3587 4229 verita-

1936 4270 2012 4325 tis
2046 4285 2256 4339 aquam
2301 4267 2467 4324 falsis
2516 4266 2898 4340 opinionibus
2954 4265 3334 4322 contaminet.
3387 4263 3593 4335 Neque

1938 4376 2071 4416 vero
2104 4362 2165 4413 tu
2200 4357 2330 4430 ipsa
2360 4359 2591 4413 tantum
2614 4372 2676 4412 es
2708 4356 2937 4426 hortus,
2969 4355 3073 4412 sed
3104 4355 3427 4411 emissione:
3484 4360 3592 4408 tua:

1937 4447 2232 4521 paradisus
2259 4462 2385 4502 cum
2411 4446 2684 4519 fructibus
2715 4461 2922 4501 nucum
2958 4464 2977 4500 :
3006 4444 3117 4500 hoc
3147 4440 3590 4515 est,disciplinaa

1939 4542 2054 4593 tua:
2088 4536 2306 4609 quibus
2338 4536 2569 4592 animas
2600 4535 3134 4607 instituis,propter
3175 4533 3308 4589 ﬁdei
3357 4531 3592 4605 plantas

1941 4642 2091 4698 quas
2120 4625 2181 4680 in
2202 4623 2323 4680 illis
2348 4624 2733 4691 inseris,sunt
2758 4628 3043 4695 tanquam
3078 4622 3387 4694 paradisus
3421 4619 3592 4676 malis

1943 4714 2175 4788 punicis
2197 4713 2631 4784 consita,super
2675 4712 2904 4768 radices
2955 4710 3194 4766 insertis
3244 4724 3590 4781 quercuum,

1942 4809 1999 4860 et
2040 4806 2344 4876 propterea
2378 4802 2684 4874 proprium
2737 4801 2993 4856 fructum
3044 4803 3330 4870 tanquam
3388 4813 3592 4853 earum

1945 4894 2203 4948 fructum
2230 4890 2574 4946 ferentibus.
2608 4893 2867 4957 Quarum
2900 4888 3135 4959 quidem
3160 4886 3449 4943 malorum
3483 4902 3594 4957 pu-

1946 4981 2212 5035 nicarum
2245 4979 2474 5035 radices
2519 4978 2672 5034 haud
2723 4977 2890 5033 facile
2936 4976 3342 5031 divelluntur:
3401 4976 3599 5029 cortex

1947 5073 2142 5124 autem
2174 5068 2365 5141 ipsius
2398 5069 2624 5124 fructus
2657 5071 2928 5122 austerus
2971 5070 3081 5131 est,
3131 5068 3190 5120 et
3249 5079 3378 5135 qua;
3433 5061 3599 5115 intus

1948 5164 2110 5226 sunt,
2138 5162 2359 5213 tuetur.
2394 5161 2640 5212 Fructus
2668 5171 2826 5220 vero,
2859 5158 3242 5226 posteaquam
3290 5153 3359 5207 ad
3402 5153 3601 5205 matu-

1950 5247 2181 5303 ritatem
2205 5248 2794 5319 pervenit,coufracto
2826 5243 3059 5299 corticis
3088 5239 3602 5313 integumento!»

1950 5342 2072 5391 tum
2099 5340 2275 5407 gustu
2310 5335 2562 5401 dulcem,
2596 5338 2720 5388 tum
2756 5336 2994 5405 aspectu
3028 5331 3362 5404 jucundum
3404 5332 3602 5384 osten-

1950 5429 2054 5479 tat.
2089 5425 2302 5480 Eodem
2333 5429 2498 5495 pacto
2517 5440 2747 5495 sponsae
2762 5422 2937 5478 etiam
2964 5420 3601 5491 disciplinae,tanquam

1954 5515 2179 5570 arboris
2210 5512 2766 5581 radicibus,itaﬁdei
2821 5510 3036 5566 innixae
3083 5509 3383 5577 ﬁrmitate,
3441 5503 3597 5560 diffl-

1953 5604 2062 5660 cile
2093 5621 2162 5659 ex
2192 5603 2503 5659 animabus
2546 5601 2921 5659 credentibus
2978 5598 3325 5656 avellantur.
3377 5594 3603 5666 Quippe

1954 5709 2082 5766 qua
2111 5698 2240 5749 tum
2271 5694 2508 5750 incussa
2531 5690 2959 5765 suppliciorum
2975 5688 3610 5760 formidine,tanquam.
