4072 6346
519 315 634 396 627

1859 319 2276 382 MlCHAELlS
2321 322 2592 384 PSELLl

3821 326 3954 389 628

522 466 662 526 mali
689 463 884 540 punici
918 455 1493 530 cortice,discipulas
1524 455 1754 510 animas
1803 455 2165 511 cohibentes.

2281 459 2359 527 τῷ
2392 452 2448 509 δὲ
2479 450 2634 533 φόϐῳ
2679 461 2785 510 τῶν
2817 457 3213 532 ἠπειλημένων
3260 457 3539 515 κολάσεων
3590 459 3666 523 ὡς
3696 457 3951 534 λέπυρον

523 558 771 631 spiritus
797 557 1050 610 fructum
1075 548 1302 620 inipsis
1343 548 1413 602 ab
1459 546 1734 602 omnibus
1785 545 2176 617 perturbatio~

526 649 706 705 nibus
749 647 1045 713 integrum
1100 641 1487 694 conservant:
1538 641 1664 691 tum
1716 635 2173 706 promissionum

528 731 968 804 radiisjustitiaa
991 729 1152 786 solus
1185 744 1282 784 eas
1305 727 1376 782 ad
1401 726 1735 780 futurorum
1759 726 2046 780 bonorum
2075 725 2173 780 de-

525 824 808 883 siderium
841 817 1516 887 inﬂammantcs,timore
1548 831 1722 887 quem
1778 814 2034 870 charitas
2086 832 2176 871 ex-

526 912 690 987 pellit
712 913 1062 982 ‘7,tanquam
1079 906 1290 963 cortice
1323 906 1617 976 disrupto;
1672 903 2170 976 quemadmodum

523 1006 756 1059 tructus
790 999 1082 1056 malorum
1115 995 1466 1069 punicarum
1505 998 1740 1067 gustum
1781 993 2054 1064 oblectat,
2088 993 2172 1048 sic

522 1091 738 1150 mentis
768 1092 1030 1163 ipsarum
1062 1092 1260 1160 guttur
1290 1084 1599 1141 dulcedine
1631 1085 2015 1157 perfundunt,
2066 1100 2170 1155 gu-

520 1181 808 1239 stantium
840 1184 897 1236 et
925 1177 1248 1234 videntium
1270 1175 1333 1245 ⁸⁸,
1369 1191 1606 1231 suavem
1650 1189 1781 1230 esse
1827 1173 2169 1230 Dominum.

517 1272 613 1327 Hm
645 1270 922 1327 doctrina:
953 1268 1151 1339 igitur,
1185 1266 1326 1321 dum
1357 1283 1390 1320 a
1421 1262 1728 1336 discipulis
1763 1280 1820 1319 re
1867 1263 1996 1336 ipsa
2050 1267 2169 1320 tra-

515 1365 749 1418 ctantur
777 1363 836 1416 et
863 1357 1231 1424 excoluntur,
1264 1360 1392 1410 tum
1425 1370 1730 1426 pcsnarum
1765 1358 1918 1409 metu
1953 1371 1986 1408 a
2011 1352 2172 1410 vitiis

517 1453 790 1524 purgant,
821 1452 948 1503 tum
972 1463 1074 1519 spe
1115 1445 1493 1517 praemiorum
1521 1443 1846 1498 incendunt
1903 1441 2038 1498 illas
2097 1443 2168 1497 ad

513 1539 761 1611 justitiaz
833 1553 1009 1608 opera
1051 1533 1512 1606 complectenda.
1571 1533 1750 1604 Cypri
1790 1548 1912 1586 cum
1963 1531 2162 1588 nardo.

522 1629 896 1685 Diversarum
932 1625 1199 1682 videlicet
1216 1625 1498 1679 virtutum
1533 1623 1746 1678 ﬂorens
1775 1627 1831 1678 et
1863 1622 2129 1678 mixturae
2156 1639 2168 1677 :

520 1718 631 1775 hoc
652 1716 936 1785 cst,initia
965 1719 1021 1772 et
1068 1713 1537 1770 commixtiones.
1588 1713 1658 1767 Ut
1702 1711 1872 1768 initia
1914 1729 2171 1784 namque

2288 543 2416 620 ῥοᾶς
2468 546 2752 623 στύιροντες
2819 548 2914 610 τὰς
2973 549 3414 623 μαθητευομὲνας
3469 551 3672 625 ψυχάς,
3727 551 3950 624 φυλάτ-

2282 653 2436 687 τουσι
2465 633 2559 688 τὸν
2618 633 2668 688 ἐν
2700 635 2887 697 αὐταῖς
2945 639 3152 712 καρπὸν
3197 643 3293 692 τοῦ
3350 638 3657 710 πνεύματος
3705 633 3951 708 ἁλώδη-

2282 743 2379 776 τον
2429 723 2533 777 ἀπὸ
2591 723 2803 778 πάντων
2860 730 2968 780 τῶν
3023 726 3354 803 παραλόγων
3412 731 3596 791 παθῶν
3633 747 3645 759 ·
3705 733 3834 788 ταῖς
3894 725 3955 782 δὶ

2285 812 2461 866 ἀκτῖσι
2510 817 2618 866 τῶν
2680 813 3020 891 ἐπαγγελιῶν
3069 821 3165 870 τοῦ
3217 823 3318 886 τῆς
3369 814 3716 887 δικαιοσύνης
3747 815 3956 872 Ἡλίου

2284 903 2360 963 εἱς
2418 902 2584 956 πόθον
2633 907 2739 956 τῶν
2791 901 3105 978 μελλόντων
3154 907 3363 982 ἀγαθῶν
3421 905 3618 970 ταύτας
3667 908 3951 981 καταθερ-

2286 990 2586 1062 μαίνοντες,
2645 994 2738 1046 τὸν
2775 989 2960 1070 σόϐον,
2996 995 3072 1060 ὡς
3113 995 3488 1070 προκάλυμμα
3531 993 3916 1072 διαῤῥηγνύου

2281 1101 2384 1149 σιν,
2419 1075 2519 1151 ἔξω
2567 1085 2756 1136 τοῦτον
2808 1089 2909 1152 τῆς
2959 1082 3169 1160 ἀγάπης
3219 1083 3571 1159 βαλλούσης·
3621 1085 3708 1139 καὶ
3770 1107 3949 1141 κατα-

2279 1168 2658 1244 γλυκαίνουσιν
2691 1171 2784 1226 τὸν
2837 1173 3029 1243 νοητὸν
3079 1173 3235 1230 αὐτὸν
3288 1175 3539 1253 φάρυγγα
3584 1175 3950 1250 γευσαμένων

2279 1259 2368 1314 καὶ
2427 1259 2794 1333 θεασαμένων,
2867 1262 2949 1318 δτι
3025 1265 3270 1339 χρηστὸς
3334 1267 3364 1320 ὁ
3406 1265 3628 1342 Κύριος.
3687 1267 3944 1341 καθάπερ

2279 1348 2367 1404 καὶ
2422 1351 2513 1404 τὸν
2573 1349 2830 1422 αἰσθητὸν
2876 1353 2903 1406 ὁ
2957 1354 3164 1429 καρπὸς
3223 1359 3331 1409 τῶν
3382 1354 3546 1430 ῥοῶν.
3581 1357 3867 1418 Ἐντεῦθεν
3898 1353 3948 1409 δ’

2281 1439 2434 1493 οὗτοι
2467 1436 2920 1496 οἱδιδασκολικοί
2962 1439 3118 1519 λόγοι
3168 1443 3240 1505 ὡς
3283 1449 3403 1506 ταῖς
3460 1444 3944 1518 μαθητευομέναις

2280 1530 2818 1604 πραγματευόμενοι,
2850 1535 2928 1603 τῷ
2978 1525 3133 1606 φόϐῳ
3180 1537 3290 1586 τῶν
3339 1531 3732 1606 ἠπειλημὲνων
3762 1533 3947 1588 κολά-

2282 1638 2416 1671 σεων
2447 1619 2629 1672 παθῶν
2662 1620 2941 1692 κάθαρσις,
2985 1627 3105 1683 ταῖς
3159 1618 3206 1675 δ’
3257 1620 3606 1698 ἐπαγγελίαις
3635 1628 3746 1678 τῶν
3800 1620 3944 1696 μελ-

2282 1705 2489 1763 λόντων
2519 1708 2749 1784 ἀγαθῶν,
2803 1707 2972 1786 ἔργων
3025 1707 3376 1780 δικαιοσύνης
3436 1712 3719 1789 φωτισμὸς
3752 1713 3939 1790 γίνονο

520 1805 857 1862 subsistunt
913 1804 971 1859 in
1022 1802 1356 1873 animabus,
1407 1818 1536 1873 quae
1614 1801 2008 1857 instituuntur
2081 1801 2168 1856 vel

2278 1816 2367 1850 ται
2418 1796 2660 1861 ταύταις.
2717 1798 2930 1873 Κύπροι
2997 1801 3130 1872 μετὰ
3159 1797 3373 1875 νάρδων
3403 1819 3416 1834 ⁸
3450 1798 3599 1871 ἤτοι,
3658 1802 3944 1856 παντοίων

517 1893 1040 1951 comminationum
1066 1895 1227 1948 metu
1259 1891 1346 1948 vel
1370 1890 1660 1947 desiderio
1682 1890 2165 1962 promissionum;

513 1984 674 2040 varia
697 1984 1023 2040 secundum
1054 1982 1336 2036 virtutem
1368 1996 1583 2052 genera
1605 1980 1664 2035 in
1678 1985 1863 2035 Deum
1887 1984 1944 2036 et
1973 1981 2166 2052 proxi-

513 2089 674 2130 mum
707 2071 1035 2128 charitatis.
1063 2070 1135 2126 Ut
1163 2068 1606 2126 commistiones
1651 2072 1871 2137 autem,
1924 2085 2166 2141 persua-

511 2164 654 2219 dent
682 2161 800 2217 illis
822 2165 886 2216 ut
917 2162 1058 2216 dum
1090 2163 1328 2232 propter
1347 2175 1516 2214 suam
1549 2174 1688 2231 erga
1704 2158 1887 2215 Deum
1911 2158 2166 2215 charita-

511 2255 630 2306 tem
661 2265 832 2306 carne
854 2247 1342 2320 patiuntur,mala
1363 2247 1694 2303 sustineant
1715 2248 1787 2304 ob
1818 2249 2165 2305 cbaritatem

514 2337 976 2411 quaproximum
992 2336 1828 2409 amplectuntur,laetitiamque
1845 2338 2171 2410 percipiant

516 2445 585 2484 ex
606 2428 803 2483 futura
821 2427 1319 2484 remuneratione.
1343 2426 1489 2482 Dum
1516 2431 1711 2482 autem
1739 2433 1976 2500 propter
1998 2444 2167 2483 suam

515 2517 576 2574 in
611 2517 942 2590 proximum
965 2515 1306 2572 cbaritatem
1333 2514 2170 2587 malasustinent,cbaritatem

515 2623 634 2680 prae
665 2623 728 2663 se
757 2605 951 2662 ferant
982 2623 1095 2678 qua
1127 2606 1314 2662 Deum
1350 2611 1812 2678 prosequuntur,
1837 2607 1966 2677 ejus
1999 2625 2165 2662 man-

519 2696 720 2752 datum
760 2699 1082 2767 servantes,
1118 2712 1232 2766 quo
1266 2695 1436 2751 nobis
1470 2695 1806 2766 praecipitur
1834 2698 1920 2766 {ut
1971 2697 2170 2768 proxi-

515 2803 681 2843 mum
707 2785 1047 2858 diligamus.
1083 2784 1176 2840 Sic
1208 2785 1389 2856 igitur
1418 2801 1644 2857 sponsae
1679 2784 1944 2840 doctrina
1973 2785 2051 2841 sit
2109 2786 2168 2840 in

516 2873 829 2947 discipulis
854 2873 1064 2929 nardus
1091 2881 1142 2928 et
1170 2888 1380 2938 crocus,
1414 2873 1601 2943 ﬁstula
1641 2879 1696 2928 et
1754 2875 2167 2930 cinnamomum

516 2980 644 3020 cum
674 2965 948 3019 universis
985 2961 1158 3031 ligni:
1189 2963 1419 3017 Libani:
1454 2961 1509 3015 id
1545 2965 1654 3026 est,
1689 2967 1942 3034 quatuor
1985 2963 2167 3018 virtu-

518 3049 610 3102 tes
634 3044 963 3116 praecipuas,
996 3059 1128 3097 cum
1162 3041 1278 3096 illis
1311 3041 1591 3096 omnibus
1623 3059 1749 3113 quas
1782 3043 1927 3114 ipsis
1972 3045 2168 3113 subjo-

518 3138 622 3190 ctae
658 3136 818 3199 sunt,
857 3131 1248 3205 plantatacque
1305 3131 1362 3185 in
1427 3129 1791 3186 sublimitate
1840 3132 1975 3186 {idci
2030 3149 2168 3204 erga

2281 1884 2482 1958 ἀρετῶν
2517 1883 2648 1958 ἄνθη
2694 1887 2784 1942 καὶ
2841 1887 3115 1962 κράματα,
3163 1887 3331 1965 ἀρχαὶ
3393 1885 3650 1960 δηλονότι
3694 1891 3787 1944 καὶ
3849 1890 3943 1964 μί-

2279 1973 2406 2044 ξεις,
2469 1975 2567 2029 Καὶ
2601 1977 2676 2038 ὼς
2705 1977 2805 2049 μὲν
2854 1976 3019 2054 ἀρχαὶ
3076 1977 3367 2056 ὑφιστῶσιν
3418 1977 3469 2033 ἐν
3520 1984 3638 2041 ταῖς
3671 1976 3939 2035 διδασκο-

2280 2063 2463 2136 μὲναις
2495 2067 2717 2140 ψυχαῖς,
2774 2070 2852 2138 τῷ
2895 2088 2952 2121 τε
2997 2061 3151 2145 φόϐῳ
3191 2071 3302 2122 τῶν
3335 2066 3572 2123 ἀπειλῶν
3606 2067 3694 2123 καὶ
3719 2074 3799 2141 τῶ
3832 2068 3933 2123 πόα

2278 2163 2356 2226 θῳ
2385 2157 2490 2207 τῶν
2527 2151 2885 2231 ἐπαγγελιῶν,
2917 2157 2982 2210 τά
3019 2153 3251 2236 διάεοορα
3293 2158 3410 2212 κατ’
3453 2156 3648 2233 ἂρετῆν
3677 2155 3796 2228 εἷ’δη
3831 2165 3939 2228 τῆς

2276 2239 2353 2302 εἷς
2382 2242 2472 2296 τὸν
2505 2243 2634 2298 Θεὸν
2683 2243 2771 2297 καὶ
2811 2243 2901 2298 τὸν
2953 2241 3190 2315 πλησίον
3244 2246 3459 2321 ἀγαπης
3485 2265 3497 2277 °
3555 2247 3632 2308 ὡς
3667 2243 3722 2300 δὲ
3758 2246 3940 2318 μίξεις

2277 2331 2552 2386 πείθουσιν
2603 2333 2769 2394 αὐτάς
2828 2333 2878 2388 ἐν
2931 2338 3011 2406 τῷ
3068 2335 3298 2410 πάσχειν
3349 2336 3526 2410 σαρκὶ,
3574 2332 3664 2389 διά
3703 2336 3804 2404 τήν
3859 2336 3942 2396 εἷς

2280 2421 2408 2475 Θεὸν
2470 2421 2708 2496 ἀγάπην,
2742 2422 3069 2493 ἀνεξικακεῖν
3119 2421 3208 2478 διδ.
3248 2425 3347 2494 τήν
3398 2425 3535 2498 πρὸς
3567 2425 3659 2479 τὸν
3688 2423 3935 2496 πλησίον

2279 2508 2513 2586 ἀγάπην,
2564 2509 2654 2565 καὶ
2715 2511 3095 2589 εὐφραίνεσθαι
3135 2509 3225 2566 διὰ
3258 2514 3358 2582 τὴν
3413 2510 3725 2586 μέλλουσαν
3775 2525 3944 2586 μισθ-
4016 2521 4032 2532 ⁹

2278 2597 2537 2654 ἀπόδοσιν
2575 2620 2587 2634 ο
2640 2600 2691 2654 ἐν
2752 2598 2810 2655 δὲ
2865 2605 2945 2674 τῷ
3005 2601 3332 2672 ἀνεξικακεῖν
3383 2599 3473 2657 διὰ
3527 2603 3626 2671 τὴν
3681 2603 3757 2664 είς
3798 2607 3937 2657 τοῦ-

2275 2709 2368 2743 τον
2411 2689 2649 2763 ἀγάπην,
2696 2691 2794 2760 τὴν
2838 2687 2913 2752 ε”ς
2972 2691 3101 2746 Θεὸν
3152 2691 3367 2766 ἀγάπην
3417 2689 3798 2765 ἐνδείκνυσθαι,
3843 2690 3939 2748 διὰ

2275 2779 2376 2848 τὴν
2407 2780 2640 2852 τήρησιν
2671 2786 2770 2850 τῆς
2800 2779 2965 2835 αὐτοῦ
3008 2778 3259 2850 ἐντολῆς,
3290 2781 3414 2851 ἥτις
3443 2780 3552 2836 ἐστὶ
3583 2781 3676 2836 τὸν
3710 2782 3931 2856 ἀγαπᾷν

2276 2869 2370 2922 τὸν
2447 2865 2709 2937 πλησίον.
2770 2869 3058 2932 Κάντεῦθεν
3113 2870 3164 2924 οἱ
3215 2870 3498 2944 εἱρημὲνοί
3548 2867 3934 2927 διδασκαλικοὶ

2279 2953 2432 3032 λόγοι
2464 2958 2702 3032 γίνονται
2749 2964 2870 3020 ταῖς
2922 2955 3341 3032 διδασκομέναις
3399 2957 3596 3033 νάρδος
3647 2960 3738 3014 καὶ
3791 2962 3932 3035 κρό-

2276 3067 2394 3113 κος,
2454 3045 2705 3120 κάλαμος
2765 3047 2855 3101 καὶ
2923 3047 3276 3121 κιννάμωμον
3348 3050 3481 3122 μετά
3559 3050 3778 3104 πάντων
3839 3051 3931 3121 ξύ-

2279 3133 2391 3189 λων
2451 3140 2546 3190 τοῦ
2611 3130 2845 3190 Λιϐάνου
2880 3155 2894 3168 ·
2951 3134 3142 3212 ἤγουν,
3198 3157 3451 3213 τεσσαρες
3501 3139 3709 3212 γενικαί
3743 3138 3930 3213 ἀρεταὶ

520 3222 1018 3293 Deum,tanquam
1043 3221 1101 3274 in
1137 3223 1331 3274 monte
1365 3220 1709 3275 Libani.Per
1739 3223 1986 3277 nardum
2010 3223 2164 3277 enim

2284 3223 2418 3298 μετά
2441 3229 2626 3279 πασῶν
2677 3230 2783 3278 τῶν
2845 3226 2938 3280 ὐπ’
2990 3224 3156 3288 αύτάς
3207 3231 3440 3300 μερικῶν
3499 3231 3608 3282 τῶν
3638 3227 3929 3302 φυομένων

519 3311 580 3366 in
613 3328 731 3382 qua
759 3314 1020 3366 aromata
1047 3309 1206 3364 varia
1257 3309 1738 3377 commiscentur,
1796 3311 2168 3382 prudentiam

520 3398 930 3471 intelligimus,
982 3399 1040 3453 in
1089 3415 1206 3471 qua
1260 3398 1545 3453 virtutum
1594 3399 1857 3454 omnium
1911 3401 2172 3457 rationes

524 3489 872 3545 summatim
922 3488 1314 3544 continentur.
1375 3488 1481 3542 Per
1537 3504 1770 3544 crocum
1818 3493 2010 3546 autem
2071 3491 2169 3562 qui

526 3579 780 3634 mediam
816 3578 966 3633 inter
996 3577 1377 3649 {rigiditatem
1427 3581 1484 3632 et
1532 3577 1892 3634 caliditatem
1952 3581 2174 3635 obtinet

521 3668 660 3734 vim,
725 3672 782 3724 et
848 3666 1157 3739 utriusque
1227 3666 1488 3722 excludit
1549 3671 1827 3733 extrema,
1869 3669 2167 3738 justitiam

521 3757 1003 3830 accipimusque;
1027 3757 1288 3811 defectus
1319 3760 1376 3811 et
1423 3771 1697 3812 excessus
1745 3757 1804 3812 in
1852 3758 2166 3814 virtutibus

519 3845 687 3918 fugit.
720 3847 828 3902 Per
857 3845 1087 3900 dulcem
1121 3861 1253 3900 vero
1284 3845 1495 3900 calami
1546 3845 1805 3900 fistulam
1857 3862 1984 3917 quae
2025 3847 2168 3902 levis

517 3942 609 3992 est
637 3941 696 3991 et
724 3937 782 3990 in
815 3935 1066 3991 sublime
1096 3935 1262 3990 facile
1295 3934 1539 4005 tollitur,
1563 3937 1950 4007 temperantia
1980 3938 2168 4009 signi-

518 4023 763 4081 ﬁcatur:
802 4041 930 4095 qua;
965 4030 1219 4080 mentem
1279 4025 1439 4096 gravi
1498 4040 1788 4097 corporea:
1828 4026 2169 4097 cupiditatis

517 4128 693 4168 onere
733 4112 1022 4180 sublevat,
1070 4129 1320 4184 eamque
1361 4114 1430 4168 ad
1479 4114 1764 4186 spiritalia
1809 4120 1867 4171 et
1913 4115 2170 4172 cmlestia

517 4201 833 4258 sublimem
867 4201 1040 4271 tollit,
1073 4217 1396 4274 eorumque
1425 4203 1611 4274 replet
1638 4205 1942 4260 suavitate.
1975 4208 2048 4260 At
2069 4222 2172 4276 per

517 4290 956 4346 cinnamomum
988 4291 1159 4361 cujus
1190 4295 1400 4347 natura
1428 4296 1518 4346 est
1545 4292 1735 4348 calida
1755 4298 1928 4364 atque
1955 4296 2166 4366 jucun-

517 4379 612 4444 da,
639 4378 1002 4434 fortitudinis
1060 4378 1255 4434 divino
1287 4379 1409 4435 zelo
1459 4382 1739 4436 adversus
1808 4382 2166 4454 impietatem

517 4472 692 4538 atque
726 4467 994 4523 militiam
1029 4468 1288 4524 ardentis
1321 4469 1498 4525 robur
1529 4470 1841 4526 indicatur.
1874 4471 1988 4526 Nec
2039 4489 2168 4528 vero

2281 3313 2332 3368 ἐν
2363 3319 2443 3386 τῷ
2475 3312 2595 3388 ὕψει
2650 3321 2748 3384 τῆς
2800 3314 2873 3369 εἷς
2918 3315 3043 3370 Θεὸν
3090 3314 3347 3384 πίστεως,
3381 3317 3472 3370 οἷα
3519 3312 3631 3392 ὄρει
3664 3311 3929 3372 Λιϐάνου.

2280 3402 2386 3458 Καὶ
2420 3402 2520 3478 γὰρ
2552 3399 2748 3476 νάρδον
2814 3401 2906 3474 μέν
2959 3423 3114 3480 φησι,
3154 3405 3254 3472 τήν
3283 3405 3358 3465 ὡς
3391 3401 3665 3481 διαφόρων
3699 3404 3931 3479 ἀρωμά-

2280 3511 2387 3546 των
2416 3493 2664 3566 μίγματα
2708 3488 2959 3553 ἒνοειδῶς
3000 3491 3263 3569 φέρουσαν
3318 3496 3504 3546 πασῶν
3553 3496 3662 3546 τῶν
3722 3493 3928 3568 ἀρετῶν

2281 3579 2408 3640 τοὺς
2442 3577 2639 3653 λόγους
2689 3599 2951 3656 φρονησιν
2985 3599 2998 3612 ο
3050 3581 3246 3655 κρόκον
3299 3579 3378 3649 δὲ,
3411 3580 3485 3642 ὡς
3520 3582 3700 3654 μίσως
3729 3579 3930 3657 ἔχοντα

2281 3667 2489 3742 ψύξεώς
2535 3688 2594 3722 τε
2645 3667 2733 3722 καὶ
2807 3669 3166 3742 θερμότητος,
3251 3671 3339 3724 καὶ
3405 3671 3507 3737 τὴν
3565 3669 3645 3748 ἐφ’
3703 3671 3928 3745 ἑκάτερα

2277 3755 2536 3832 ἀμετρίαν
2585 3756 2932 3834 ἐκφεύγοντα,
2994 3759 3092 3826 τήν
3162 3758 3256 3820 τὰς
3333 3756 3607 3820 ἐλλείψεις
3683 3759 3772 3813 καὶ
3828 3760 3924 3822 τάς

2278 3841 2586 3920 ὑπερϐολὰς
2661 3850 2770 3900 τῶν
2850 3847 3053 3921 ἀρετῶν
3157 3843 3640 3922 διαδιδράσκουσαν
3712 3845 3922 3902 δικαιο-

2549 3934 2801 4008 κάλαμον
2879 3933 2956 4007 δὲ,
3035 3934 3314 4010 γλυκεῖαν,
3400 3934 3474 3998 ὠς
3527 3935 3777 4014 κούφην,
3835 3939 3920 3992 καὶ

2279 4024 2353 4086 εἷς
2409 4023 2542 4098 ὕψος
2592 4026 2789 4085 ἱκανῶς
2868 4024 3271 4101 ἀνατρέχουσαν
3336 4027 3437 4094 τὴν
3518 4025 3871 4104 σωφροσύνην
3907 4045 3920 4058 ·

2276 4111 2399 4182 ἤτις
2484 4117 2742 4187 σαρκικοῦ
2825 4114 3025 4188 βάρους
3109 4115 3207 4182 τὴν
3293 4112 3580 4187 ἐπιθυμίαν
3660 4115 3926 4190 κουφίζει,

2276 4205 2365 4257 καὶ
2422 4203 2550 4276 ὑψοῖ
2613 4203 2750 4275 πρὸς
2825 4204 2890 4256 τά
2965 4203 3302 4276 πνευματικᾶ
3373 4203 3462 4258 καὶ
3534 4203 3778 4278 οὑράνια.
3837 4205 3926 4258 καὶ

2275 4299 2374 4361 τῆς
2455 4296 2661 4346 τοῦτων
2759 4291 3103 4366 γλυκύτητος
3184 4292 3280 4346 τὸν
3359 4296 3484 4346 νοῦν
3572 4290 3925 4369 ἐμφορεῖσθαι

2277 4386 2464 4436 ποιεῖ·
2498 4379 2584 4434 καὶ
2609 4381 2959 4453 κινάμωμον,
2993 4381 3066 4441 ὡς
3117 4381 3316 4456 θερμὸν
3367 4380 3456 4435 καὶ
3509 4377 3636 4450 ἡδὺ,
3667 4381 3767 4448 τήν
3801 4381 3928 4452 θείῳ

2287 4470 2444 4542 ζήλῳ
2474 4471 2826 4546 πυςογμὲνην
2883 4471 3020 4524 κατὰ
3069 4465 3314 4532 ἀσεϐείας
3371 4469 3460 4525 καὶ
3505 4470 3692 4530 κακίας
3716 4467 3924 4541 ἀνδρεί-

2278 3935 2369 3990 σύν
2379 3957 2443 4004 ην
2478 3955 2489 3968 ·

516 4573 745 4628 sponsa:
777 4556 1052 4612 doctrinae
1080 4557 1137 4611 in
1171 4557 1480 4630 discipulis
1507 4559 1627 4614 hinc
1663 4560 1832 4625 fiunt,
1866 4561 1963 4614 scd
2005 4578 2166 4630 myr-

2278 4580 2374 4614 αν·
2437 4557 2472 4628 ἤ
2537 4560 2623 4612 καὶ
2673 4557 2830 4629 ἡδεῖά
2878 4557 2989 4615 ἐστι
3047 4556 3135 4613 διὰ
3181 4564 3279 4614 τοῦ
3333 4560 3536 4621 παντὸς
3566 4557 3740 4614 καλοῦ
3767 4559 3923 4633 ὑπερ-

514 4645 614 4701 rha
647 4661 858 4716 quoque
885 4656 942 4700 et
971 4648 1096 4702 aloe
1121 4663 1246 4702 cum
1287 4649 1542 4704 omnibus
1587 4650 1787 4720 primis
1837 4653 2164 4720 unguentis:

514 4733 623 4790 hoc
655 4740 765 4806 est,
798 4735 1050 4791 carnalis
1080 4753 1307 4804 sensus
1355 4754 1557 4792 earum
1608 4739 1981 4794 mortiﬁcatio
2031 4757 2163 4794 cum

513 4823 791 4880 omnibus
821 4824 1029 4896 primis
1058 4826 1313 4896 Spiritus
1335 4828 1520 4882 sancti
1545 4827 1909 4894 muneribus,
1938 4827 2166 4884 animas

514 4918 949 4986 unguentorum
986 4915 1173 4969 instar
1200 4916 1752 4972 rccreantibus.Nisi
1781 4916 1935 4972 enim
1969 4917 2169 4973 anima

510 5005 703 5075 sapiat
728 5019 796 5059 ea
842 5020 972 5074 quae
1018 5008 1158 5060 sunt
1204 5004 1471 5076 spiritus,
1503 5009 1560 5060 et
1599 5007 1973 5062 sanctissima
2007 5006 2168 5062 illius

515 5092 667 5149 dona
699 5093 1012 5164 suscipiat,
1052 5092 1304 5163 timoris,
1353 5094 1618 5164 inquam,
1671 5095 2052 5162 fortitudinis,
2111 5103 2168 5152 et

511 5181 762 5244 consilii,
787 5186 844 5236 et
871 5182 1149 5248 scientia),
1183 5187 1240 5236 et
1269 5182 1644 5254 cognitionis,
1694 5189 1750 5238 et
1808 5183 2162 5252 intellectus,

510 5277 567 5325 et
598 5270 899 5341 sapientiae
934 5289 947 5338 ;
975 5270 1229 5326 carnalis
1254 5287 1464 5327 sensus
1497 5272 2163 5345 mortiﬁcationem,quaa

507 5375 609 5430 per
640 5359 938 5430 myrrham
961 5364 1018 5414 et
1047 5359 1478 5431 aloem,quibus
1506 5363 1877 5417 aromatibus
1913 5369 2161 5419 mortuo-

508 5463 638 5502 rum
672 5463 912 5520 corpora
954 5448 1332 5520 condiuntur,
1390 5449 1764 5523 intelligitur,
1820 5468 1936 5507 non
1996 5467 2160 5508 asse-

498 5703 506 5711 .
586 5657 810 5719 "Joan.
846 5679 919 5729 ιν,
957 5662 1040 5719 18.
1075 5663 1118 5698 ⁸⁸
1152 5661 1302 5720 Psal.
1334 5665 1534 5735 xxxiii,
1566 5666 1620 5720 9.

2276 4645 2654 4722 ἀγωνίζεσθαι.
2714 4647 2791 4704 Ού
2830 4647 2995 4719 μόλον
3045 4644 3103 4702 δὲ
3146 4652 3314 4702 ταῦτα
3361 4653 3482 4709 ταῖς
3515 4644 3924 4719 διδασκομίναις

2276 4738 2327 4791 o't
2387 4734 2763 4791 διδασκαλικοὶ
2823 4733 2980 4811 λόγοι
3037 4742 3138 4805 τῆς
3188 4736 3405 4810 νύμφης
3457 4735 3715 4812 γίνονται.
3781 4733 3923 4789 ἀλλά

2276 4825 2489 4899 σμύρνα
2569 4826 2658 4880 καὶ
2745 4821 2886 4894 ἀλόη
2981 4825 3115 4897 μετᾶ
3182 4824 3398 4880 πάντων
3473 4829 3582 4879 τῶν
3641 4824 3868 4897 πρώτων
3903 4843 3918 4856 ·

2273 4914 2423 4984 ἤτοι,
2476 4914 2737 4989 νέκριυσις
2808 4917 2905 4968 τοῦ
2982 4917 3240 4989 σαρκικοῦ
3303 4913 3511 4969 τούτων
3572 4914 3922 4990 φρονήματος

2279 5006 2413 5078 μετᾶ
2443 5005 2658 5058 πάντων
2691 5008 2798 5057 τῶν
2831 5003 3064 5075 πρώτων
3113 5007 3220 5057 τῶν
3253 5003 3737 5079 ψυχαγωγούντων
3769 4999 3920 5070 δίκην

2279 5095 2466 5168 μύρων
2523 5092 2880 5168 χαρισμάτων
2911 5096 3008 5146 τοῦ
3055 5092 3387 5164 Πνεύματος.
3426 5092 3485 5148 Ei
3549 5093 3624 5164 μὴ
3657 5091 3760 5167 γὰρ
3791 5112 3923 5168 φρο-

2273 5185 2413 5255 νήσῃ
2447 5185 2663 5241 πάντως
2831 5181 2984 5255 ψυχὴ
3043 5180 3109 5234 τὰ
3164 5185 3261 5235 τοῦ
3330 5180 3663 5253 Πνεύματος,
3724 5181 3809 5234 καὶ
3855 5181 3925 5234 τά

2279 5273 2511 5346 πανάγια
2568 5270 2764 5324 τούτου
2817 5267 3030 5342 δέξηται
3091 5269 3424 5344 χαρίσματα,
3484 5270 3546 5325 τὸ
3605 5273 3702 5323 τοῦ
3759 5263 3924 5346 φόῦου

2275 5363 2415 5439 φημὶ
2472 5361 2560 5415 καὶ
2622 5361 2683 5414 τὸ
2718 5361 2814 5428 τῆς
2865 5357 3079 5433 ἰσχύος,
3129 5358 3214 5412 καὶ
3251 5359 3311 5413 τὸ
3360 5365 3460 5428 τῆς
3495 5355 3725 5434 βουλῆς,
3756 5358 3921 5412 καὶτὸ

2269 5455 2368 5516 τῆς
2453 5450 2788 5522 ἐπιστήμης,
2863 5449 2949 5503 καὶ
3027 5447 3090 5502 τὸ
3165 5453 3266 5517 τῆς
3350 5447 3626 5522 γνώσεως,
3705 5447 3794 5502 καὶ
3857 5448 3916 5502 τὸ
