4102 6342
171 364 300 423 629

439 491 458 524 ι

169 499 283 562 τῆς
338 499 601 556 συνέσεως
633 538 648 560 ,

173 587 448 658 σαρκικοῦ
533 584 883 661 φρονήματος
967 583 1064 640 οὐκ
1140 582 1428 661 ἐνεργεῖται
1513 587 1548 653 ὴ
1625 584 1840 659 νεκρω-

175 693 317 734 σις’
388 674 453 742 ἧς
535 669 817 743 δηλωτικὰ
872 675 907 743 ἡ
967 673 1175 750 σμύρνα
1256 675 1345 728 καὶ
1417 676 1451 743 ἡ
1524 671 1686 745 ἀλόη,
1765 671 1840 733 ὡς

174 766 389 836 νεκρῶν
432 761 699 835 σωμάτων
746 760 1200 838 ἀρωματίσματα.
1236 763 1399 820 Οὗτοι
1453 761 1509 817 δὲ
1569 763 1618 816 οἱ
1682 759 1840 836 λόγοι

170 856 302 912 ταῖς
365 847 782 923 διδασκομέναις
845 850 947 906 εἶσὶ
1001 850 1089 906 καί
1137 853 1288 928 πηγὴ
1323 854 1544 922 κήπων,
1579 851 1652 914 ὡς
1706 870 1841 926 προ-

173 941 406 1015 χεοντες
435 941 534 1007 τήν
594 936 947 1014 ἀρδεύουσαν,
978 945 1204 1015 γνῶσιν,
1239 942 1333 1002 τάς
1385 942 1475 994 οἷά
1531 961 1651 994 τινα
1705 941 1844 1018 φυτὰ

174 1027 588 1107 πεφυτευμένας
666 1027 716 1083 ἐν
806 1029 993 1092 αὐταῖς
1081 1027 1390 1093 πολυειδεῖς
1475 1029 1686 1105 ἀρετάς.
1746 1027 1844 1084 [iui

179 1118 361 1193 φρέαρ
424 1115 618 1182 ὕδατος
711 1123 928 1191 ζῶντος,
999 1120 1089 1174 καὶ
1173 1118 1483 1194 ῥοιζοῦντος
1561 1119 1668 1174 ἀπὸ
1749 1123 1845 1173 τοῦ

178 1204 467 1264 Λιϐάνου·
527 1207 722 1282 ἤγουν,
790 1208 952 1284 βάθος
1015 1208 1157 1273 θείας
1222 1209 1311 1263 καὶ
1367 1208 1596 1278 ἀειζώου
1658 1207 1846 1287 σοφίας

177 1297 442 1373 ἠχούσης
497 1295 896 1360 διδασκαλικῶς
953 1299 1019 1352 τά
1076 1303 1191 1360 τοῖς
1248 1295 1483 1360 πολλοῖς
1540 1295 1848 1368 ἁδιεξίτητα

176 1388 302 1441 θεῖα
337 1389 639 1463 μυστήρια,
684 1386 864 1463 ὥσπερ
916 1387 1021 1442 ἀπὸ
1081 1383 1322 1444 Λιϐάνου
1371 1391 1466 1442 τοῦ
1525 1386 1692 1460 ὕψους
1748 1390 1848 1456 τῆς

185 1477 269 1538 εἷς
331 1477 460 1531 Θεὸν
513 1476 769 1539 πίστεως.
829 1477 980 1533 Ἐπεὶ
1036 1473 1093 1532 δὶ
1165 1473 1490 1552 παράδεισον
1549 1476 1680 1538 τοὺς
1748 1483 1847 1546 τῆς

180 1563 412 1642 νύμφης
445 1561 864 1628 διδασκαλικοὺς
925 1565 1123 1642 λόγους
1154 1567 1181 1620 6
1212 1565 1445 1643 νυμφίος
1506 1564 1742 1642 εἷ’ρηκεν,
1775 1567 1850 1628 ὡς

184 1651 525 1724 δεδήλωται“
560 1661 737 1724 κῆπος
797 1651 854 1710 δέ
911 1653 1052 1710 ἐστιν
1111 1656 1138 1709 ὁ
1193 1652 1540 1732 παράδεισος,
1586 1655 1660 1718 ὡς
1717 1675 1851 1708 παν-

179 1742 354 1798 τοίων
411 1748 590 1820 φυτῶν
651 1744 903 1818 χωρίον’
961 1749 1152 1814 κῆπος
1216 1742 1318 1820 ἄρα
1374 1749 1472 1813 τῆς
1529 1740 1748 1818 νύμφης
1797 1743 1852 1798 αἱ

1230 363 1641 426 COMMENT.
1691 365 1767 422 1N
1817 363 2220 422 CANTICUM
2269 361 2574 422 CAN’I‘IC.

706 492 796 548 καὶ
864 495 927 550 τὸ
1011 501 1112 564 τῆς
1199 494 1410 573 σοφίας,
1469 492 1658 556 ἄλλως
1736 497 1832 548 τοῦ

1963 495 2327 566 quetur.llzec
2359 511 2585 565 sponsaa
2617 495 2894 550 instituta
2925 501 2982 549 et
3013 493 3339 567 disciplinae
3369 494 3429 550 in
3481 495 3608 552 ani-

3489 362 3610 422 630

1952 585 2160 640 mabus
2193 583 2739 639 illasexcolentibus
2773 584 2925 638 ﬁunt
2956 585 3274 655 etiam/ens
3293 585 3604 641 hortorum:

1951 673 2088 728 inde
2119 672 2278 728 enim
2311 672 2562 744 cognitio
2593 672 2819 741 deﬂuit,
2851 690 2968 745 qua
2996 674 3167 728 variae
3215 674 3274 729 in
3321 673 3439 729 illis
3485 679 3610 730 tan-

1952 779 2128 834 quam
2166 761 2399 834 plantae,
2450 761 2640 816 insitae
2697 763 2944 818 virtutes
3002 763 3339 833 irrigantur.
3401 769 3465 820 Et
3501 782 3610 837 pu-

1952 857 2246 922 teusaquze
2276 852 2523 918 viventis,
2554 855 2748 906 etcum
2785 853 3021 916 strepitu
3068 852 3133 907 de
3178 852 3380 909 Libano
3418 853 3610 910 decur-

1951 943 2159 998 rentis:
2187 941 2241 996 id
2265 946 2448 1007 est,ex
2479 941 2876 1012 profunditate
2901 939 3109 995 divina:
3143 959 3209 997 ac
3239 944 3610 1014 sempiternae

1955 1030 2255 1103 sapientia
2305 1029 2660 1096 resonantis,
2706 1034 2763 1084 et
2821 1030 3155 1086 docentium
3207 1048 3365 1086 more
3413 1032 3611 1087 divina

1956 1120 2231 1193 mysteria
2262 1119 2434 1192 vulgo
2469 1117 3210 1190 inexplicabilia,tanquam
3257 1121 3327 1175 de
3368 1121 3606 1189 Libano,

1955 1212 2027 1265 de
2067 1209 2432 1264 sublimitate
2456 1209 2512 1262 in
2541 1209 2717 1263 Deum
2742 1207 2873 1262 ﬁdei
2898 1208 3607 1280 depromentis,Quoniam

1957 1305 2153 1354 autem
2189 1315 2417 1371 sponsae
2450 1313 2754 1353 sermones
2793 1302 2970 1369 atque
3020 1303 3308 1370 praecepta
3353 1315 3607 1371 sponsus

1956 1389 2219 1458 hortum,
2253 1391 2316 1442 ut
2363 1387 2726 1442 declaratum
2785 1391 2892 1453 est,
2946 1388 3355 1458 nuncupavit;
3403 1388 3610 1444 hortus

1956 1495 2090 1532 vero
2112 1483 2201 1532 est
2222 1476 2554 1548 paradisus,
2579 1481 2861 1548 tanquam
2884 1476 3250 1532 diversarum
3275 1475 3608 1547 plantarum

1956 1567 2123 1623 locus
2159 1584 2173 1634 ;
2208 1565 2414 1622 hortus
2445 1581 2674 1637 sponsas
2708 1565 2971 1638 profecto
3003 1569 3145 1621 sunt
3171 1564 3381 1620 animas
3429 1565 3612 1622 disci-

1959 1653 2140 1727 plinis
2161 1655 2291 1726 ejus
2322 1654 2565 1711 consitas
2598 1658 2778 1726 atque
2801 1655 3075 1721 eruditis,
3098 1671 3202 1726 per
3222 1670 3370 1725 quas
3401 1669 3469 1710 ea
3484 1671 3611 1726 quas

1961 1744 2119 1800 dicta
2150 1747 2308 1814 sunt,
2355 1744 2554 1799 studet
2585 1743 2881 1814 perﬁcere.

181 1832 588 1910 πεφυτευμέναι
648 1832 749 1888 εἰσὶ
808 1835 984 1910 ψυχαὶ
1042 1838 1162 1896 τοῖς
1221 1831 1628 1896 διδασκαλικοῖς
1679 1832 1879 1903 ταύτης
1941 1831 2152 1908 λόγοις,
2213 1829 2282 1886 δι’
2339 1833 2412 1886 ὧν
2470 1827 2771 1886 σπεύδουσα
2822 1830 2888 1885 τὰ
2939 1828 3064 1902 ἑξῆς
3097 1829 3357 1907 εἰρημένα
3412 1830 3614 1886 ἀποτε-

184 1920 375 1977 λὲσαι·

265 2012 631 2089 Ἐξεγέρθητι,
665 2011 862 2090 βοῤῥᾶ,
895 2015 982 2069 καὶ
1016 2013 1082 2070 τά
1112 2013 1258 2085 ἑξῆς.

895 2281 1142 2338 ιιέλλοῦ.

259 2370 516 2446 Ἐπείπερ
550 2366 846 2426 ἐπελάϐετο
876 2370 1089 2433 πάντως
1120 2377 1220 2441 τῆς
1246 2369 1506 2444 ἐξουσίας,

183 2463 253 2516 Ἥ
288 2458 593 2531 Ἐκκλησία
621 2465 719 2516 τοῦ
741 2465 875 2516 Θεοῦ
903 2469 1082 2530 κῆπος
1108 2462 1490 2533 ὀνομασθεῖσα,

187 2551 381 2624 Ἐχων
416 2551 666 2604 ἁπάντων
699 2555 806 2605 τῶν
840 2554 1021 2627 φυτῶν
1055 2549 1107 2605 ἰν
1139 2551 1302 2624 ἑαυτῇ
1333 2551 1432 2618 τὴν
1463 2549 1626 2623 ὥραν,

187 2640 304 2696 Τοῦ
343 2639 440 2711 μὶν
478 2638 648 2716 βορρᾶ
678 2639 778 2707 τὴν
808 2640 1060 2694 κάκιστον
1095 2635 1381 2712 ἕμπνευσιν
1414 2638 1690 2716 ἀφορίσαι,

189 2729 309 2795 Τὴν
342 2727 878 2803 ἀποκρυσταλλῶσαν
903 2729 968 2783 τὸ
995 2727 1204 2792 κάλλος
1231 2729 1338 2782 τῶν
1371 2728 1596 2792 ἀνθέων·

189 2817 299 2872 Τὸν
331 2817 490 2871 νότον
520 2815 578 2872 δὲ
609 2818 699 2871 τὸν
727 2815 1024 2872 κάλλιστον
1050 2823 1335 2893 προσαιτεῖ
1362 2822 1600 2872 πνεῦσαιε

190 2906 293 2969 Ὀς
324 2905 649 2968 ἐπιπνεύσας
681 2905 733 2961 ἐν
768 2907 910 2961 Σιὼν
939 2912 1055 2968 τοῖς
1086 2905 1415 2969 ἀποστόλοις
1445 2905 1636 2978 πάλαι,

194 2996 466 3067 Ῥεύματα
500 2991 682 3070 λόγων
716 2992 920 3050 δέδωκε
941 3001 1060 3057 τοῖς
1089 2994 1416 3056 ἀποστόλοις
1445 2995 1615 3070 χέειν.

191 3085 408 3139 Ἐκεῖνο
437 3085 501 3139 τὸ
534 3085 790 3160 πανάγιον
812 3083 992 3138 τοίνυν
1024 3087 1058 3154 ἡ
1090 3083 1276 3162 νύμφη
1307 3089 1522 3158 Πνεῦμα

191 3172 373 3230 Καλεῖ
401 3175 540 3248 πρὸς
571 3175 748 3243 κῆπον
781 3174 976 3243 ἑαυτῆς
1005 3178 1225 3229 πνεῦσαι
1250 3176 1351 3243 τήν
1384 3171 1680 3248 σωτηρίαν,

191 3264 283 3324 Ὠς
315 3262 377 3317 ἂν
406 3264 901 3340 καρποφορήσωσιν
933 3264 1105 3318 πάντα
1133 3264 1201 3318 τά
1228 3263 1387 3317 τὲκνα
1416 3263 1637 3331 ταύτης,

192 3353 294 3406 Καὶ
324 3352 417 3406 τὸν
449 3353 679 3427 Χριστὸν
707 3351 1010 3428 εύφράνωσι
1040 3353 1132 3407 τὸν
1167 3351 1339 3427 Λόγον
1370 3351 1459 3405 καὶ
1489 3351 1746 3428 νυμφίον.

191 3439 345 3496 Ἐπεί
378 3442 513 3512 γοῦν
547 3439 576 3492 6
605 3437 942 3508 κεκέλευκεν,
967 3439 1040 3500 εἲς
1070 3433 1229 3514 ἔργον
1257 3437 1516 3514 ἐγεγόνει,

191 3528 293 3583 Καὶ
325 3528 418 3581 τὸν
455 3525 654 3603 βορῥᾶν
683 3530 983 3601 σιγήσαντα
1015 3524 1257 3583 κατεῖδεν
1290 3529 1325 3595 ἡ
1359 3527 1648 3602 παρθὲνος,

193 3619 295 3673 Καὶ
327 3616 629 3672 πνεύσαντα
659 3617 751 3671 τὸν
785 3616 1082 3672 κάλλιστον
1117 3613 1286 3678 ὅντως
1322 3615 1411 3670 καὶ
1471 3617 1612 3670 θεῖον
1679 3615 1850 3684 νότον,

196 3706 296 3762 Καὶ
323 3706 646 3783 καρποφόρα
677 3703 923 3776 δείξαντα
950 3707 1124 3760 πάντα
1152 3705 1218 3759 τά
1244 3706 1404 3760 τὲκνα
1431 3704 1656 3774 ταύτης,

195 3795 522 3871 Ἐπεόχεται
550 3799 647 3849 τοῦ
675 3801 956 3859 κατελθεῖν
982 3796 1073 3850 τὸν
1108 3795 1414 3868 θαυμαστὸν
1447 3795 1682 3872 νυμφίον

194 3882 293 3947 Εἲς
323 3885 416 3937 τὸν
449 3886 940 3960 καρποφορῆσαντα
968 3890 1142 3952 κῆπον
1178 3883 1345 3952 αὐτῆς
1376 3881 1426 3936 ἐν
1457 3883 1637 3957 τάχει,

192 3974 284 4034 Ὠς
321 3972 380 4027 ἂν
410 3975 656 4046 τρυγήσῃ
690 3972 818 4036 τοὺς
848 3972 1092 4044 καρποὺς
1143 3971 1307 4026 αὐτοῦ
1353 3976 1460 4025 τῶν
1514 3969 1852 4045 ἀκροδρύων,

194 4063 508 4128 Τουτέστιν,
539 4062 692 4123 ὅπως
734 4061 1006 4138 εὐφρανθῇ
1056 4067 1170 4123 τοῖς
1216 4061 1590 4139 καρποφόροις
1629 4061 1853 4122 τεκνοις.

194 4152 259 4208 Εἰ
299 4154 374 4224 μή
407 4153 507 4227 γάρ
541 4151 686 4206 οὕτω
718 4152 857 4228 πρὸς
891 4154 1038 4224 ἡμᾶς
1085 4151 1212 4212 τοὺς
1261 4150 1548 4212 ταπεινοὺς
1594 4149 1852 4224 κατέλθῃ,

194 4237 518 4299 Ἀναλαϐὼν
599 4241 690 4295 καὶ
777 4239 906 4302 τοὺς
988 4246 1201 4315 πραεῖς,
1257 4240 1394 4294 κατᾶ
1467 4240 1561 4294 τὸν
1619 4237 1856 4310 Ψαλμο-

1607 4330 1854 4406 [γράφη

193 4419 312 4478 Οὐκ
342 4414 484 4474 ἔστιν
517 4417 706 4480 ἄλλως
739 4439 858 4474 πως
885 4421 1035 4490 ἡμᾶς
1069 4417 1146 4480 εἷς
1179 4418 1447 4494 οὐρανοὺς
1478 4417 1724 4492 ἀρθῆναι.

195 4511 382 4566 Ταῦτα
427 4509 521 4579 μὲν
551 4507 922 4582 λελιπάρηκεν
955 4509 988 4576 ἡ
1021 4506 1208 4584 νύμφη
1242 4511 1319 4578 τῷ
1347 4507 1586 4582 νυμφίῳ.

193 4599 252 4651 Ὀ
286 4594 343 4652 δὲ
373 4594 605 4673 πληρῶν
633 4597 702 4652 τά
732 4596 1020 4670 σύμπαντα
1045 4597 1135 4650 καὶ
1168 4599 1446 4670 πανταχοῦ
1474 4595 1782 4671 τυγχάνων,

194 4688 258 4744 Ὀ
291 4683 494 4760 λέγων,
526 4683 666 4740 Ἰδοὺ
690 4687 940 4762 πάρειμι,
972 4690 1088 4748 τοῖς
1121 4683 1602 4758 ἐπικαλουμένοις,

198 4775 335 4851 Πρὶν
395 4773 762 4848 πληρωθῆναι
846 4775 944 4842 τήν

1573 4863 1850 4935 [ακούσας,

198 4953 298 5014 Εἰς
329 4959 506 5021 κῆπον
537 4951 904 5022 κατελήλυθεν
939 4951 1130 5020 αὐτῆς,
1162 4952 1235 5014 ὡς
1266 4947 1586 5024 ἠϐουλήθη,

195 5043 303 5099 Καὶ
329 5041 456 5103 τοὺς
484 5041 728 5118 καρποὺς
758 5039 1024 5117 ἐτρύγησε
1051 5041 1254 5112 ταύτης
1281 5047 1390 5096 τῶν
1424 5039 1761 5115 ἀκροδρύων.

197 5132 346 5200 Φησὶ
378 5134 482 5207 γάρ
515 5131 659 5186 οὕτω
688 5132 824 5204 πρὸς
855 5129 1046 5199 αὐτὴν,
1071 5131 1146 5192 ὡς
1171 5132 1290 5194 καθ’
1321 5131 1510 5204 εἱρμὸν
1561 5131 1806 5205 εὑρήσεις
1836 5150 1848 5164 ⁸

271 5219 552 5289 Εἶσῆλθον
583 5220 661 5281 εἷς
691 5219 866 5288 κῆπόν
905 5241 1032 5293 μου,
1066 5217 1272 5296 ἀδελφή
1312 5240 1416 5291 μου
1445 5218 1630 5295 νύμφη
1659 5238 1672 5252 ·

195 5309 506 5386 Ἐτρύγησα
533 5308 773 5383 σμύρναν
809 5330 913 5382 μου
948 5309 1079 5382 μετὰ
1111 5308 1416 5382 ἀρωμάτων
1453 5329 1559 5381 μου
1581 5327 1592 5340 '

197 5401 437 5474 Ἐφαγον
468 5396 630 5470 ἄρτον
668 5418 770 5472 μου
806 5399 939 5471 μετὰ
975 5395 1196 5471 μέλιτός
1229 5419 1353 5470 μου·

194 5491 385 5546 Ἔπιον
411 5488 559 5544 οἶνόν
596 5509 702 5564 μου
735 5489 870 5562 μετὰ
893 5486 1160 5561 γάλακτός
1192 5506 1317 5560 μου.

270 5692 319 5730 ⁸⁸
339 5692 492 5751 Psal.
525 5708 714 5764 CXLVI,
744 5691 790 5728 ⁸ο
823 5691 935 5749 Isa.
962 5705 1116 5759 Lvm,
1141 5689 1196 5745 9.

1041 4773 1236 4850 εὐχὴν,
1298 4781 1401 4843 τῆς
1482 4777 1698 4851 νύμφης
1754 4763 1929 4829 ἐτι-Ι)

1880 2020 1928 2084 Β
2030 2014 2210 2086 Surge
2239 2014 2444 2088 aquilo,
2468 2017 2523 2069 et
2552 2015 2678 2070 veni
2705 2015 2921 2069 auster:
2954 2015 3127 2084 perﬂa
3157 2015 3381 2070 hortum
3400 2028 3602 2071 meum,

1961 2109 2010 2160 et
2059 2107 2238 2175 ﬂuant
2279 2112 2529 2161 aromata
2575 2119 2720 2158 mea.
2769 2103 3064 2159 Descendat
3118 2120 3285 2175 nepos
3337 2119 3484 2160 meus
3539 2104 3602 2159 in

1961 2195 2182 2250 hortum
2209 2203 2467 2265 meum,et
2493 2192 2736 2250 comedat
2754 2193 2998 2264 fructum
3017 2209 3224 2250 nucum
3250 2195 3388 2267 ejus.

2670 2281 2861 2337 Pselli.

2032 2374 2241 2429 Postea
2273 2389 2448 2444 quam
2506 2372 2766 2429 Ecclesia
2822 2371 2924 2426 Dei
2984 2376 3328 2443 potestatem
3387 2371 3612 2442 accepit

1963 2464 2300 2529 omnino,ut
2338 2462 2545 2517 hortus
2586 2463 2744 2519 illius
2776 2461 3438 2533 nominata,plantarum
3481 2477 3611 2516 om-

1963 2553 2127 2608 nium
2157 2553 2336 2607 decus
2368 2551 2426 2606 in
2459 2567 2521 2606 se
2581 2554 2910 2619 continens,
2943 2551 3267 2624 pessimum
3317 2549 3610 2621 aquilonis

1963 2641 2386 2712 ﬂatum,glacie
2400 2641 2606 2696 ﬂorum
2624 2641 3126 2714 pulchritudinem
3142 2641 3608 2710 exstinguentem

1962 2730 2312 2802 expelleret:
2350 2735 2616 2785 austrum
2650 2736 2846 2786 autem
2882 2728 3338 2786 saluberrimum
3374 2728 3606 2783 acciret:

1961 2821 2060 2890 qui
2092 2820 2292 2892 spiran
2327 2823 2386 2874 in
2419 2819 2554 2875 Sion
2589 2820 2872 2892 apostolis
2894 2817 3375 2889 olimjverborum
3419 2817 3609 2872 ﬂuxus

1963 2908 2308 2964 instillavit:
2339 2909 2784 2965 sanctissimum
2808 2909 2978 2964 illum
3007 2907 3293 2980 Spiritum
3311 2906 3609 2977 vocat,qui

1961 2998 2020 3053 in
2054 2998 2287 3054 hortum
2329 3014 2503 3053 suum
2537 2998 2749 3054 salutis
2781 3016 2954 3054 auras
2982 2997 3276 3064 infundat,
3320 3001 3384 3050 ut
3405 3011 3610 3050 omnes

1962 3087 2068 3143 ﬁlii
2101 3087 2192 3143 sui
2217 3088 2474 3142 fructum
2514 3088 2724 3156 ferant,
2783 3094 2841 3144 et
2884 3086 3179 3142 Christum
3240 3085 3496 3140 Verbum
3530 3089 3612 3146 ἴθι

1963 3193 2246 3249 sponsum
2281 3176 2492 3232 laetitiae
2524 3177 2803 3232 afﬁciant.
2837 3177 2982 3232 Cum
3006 3175 3187 3248 igitur
3215 3175 3368 3245 quod
3416 3176 3610 3242 jusse-

1962 3271 2072 3336 rat,
2105 3283 2164 3322 re
2187 3267 2316 3338 ipsa
2336 3266 2658 3338 perfectum
2689 3264 3320 3336 esset,aquilonemque
3338 3263 3608 3318 silentem

1963 3356 2123 3426 virgo
2153 3355 2510 3428 perspiceret
2536 3354 2828 3426 posuisse,
2869 3353 3451 3426 pulcherrimumque
3479 3368 3609 3408 om-

1961 3445 2101 3500 nino
2125 3462 2189 3499 ac
2219 3445 2480 3500 divinum
2507 3448 2772 3499 austrum
2803 3442 3228 3514 perﬂare,ﬁlios
3249 3459 3389 3497 suos
3405 3457 3612 3497 omnes

1960 3534 2292 3589 fructiferos
2351 3533 2791 3599 ostendentem;
2853 3531 3260 3586 admirabilem
3322 3547 3608 3602 sponsum

1961 3639 2134 3679 suum
2169 3621 2608 3686 obsecrat,utin
2643 3620 2876 3675 hortum
2909 3636 3084 3674 suum
3109 3619 3352 3674 fertilem
3411 3619 3610 3674 celeri-

1959 3718 2049 3770 ter
2079 3714 2416 3778 descendat,
2443 3713 2835 3782 arborumque
2857 3727 3101 3765 suorum
3138 3710 3360 3764 fructus
3383 3714 3602 3780 carpat:

1960 3802 2070 3858 hoc
2100 3806 2283 3871 est,ut
2313 3801 2481 3856 bonis
2512 3801 2766 3856 ﬁliorum
2811 3816 3052 3855 suorum
3103 3799 3381 3871 operibus
3447 3797 3606 3854 oble-

1962 3896 2172 3947 ctatur.
2204 3891 2327 3946 Nisi
2361 3891 2516 3945 enim
2550 3891 2620 3944 ad
2654 3905 2760 3943 nos
2793 3887 3048 3942 humiles
3106 3892 3164 3942 et
3218 3887 3478 3957 abjectos
3523 3887 3606 3941 ita

1963 3981 2301 4052 descendat,
2333 3988 2644 4035 mansuetos
2679 3980 2980 4050 suscipiens
3011 3978 3076 4044 ‘9,
3110 3981 3193 4045 ut,
3255 3975 3446 4046 inquit
3493 3977 3602 4031 Da-

1961 4070 2082 4137 vid,
2117 4070 2238 4125 ﬁeri
2270 4069 2430 4125 nullo
2471 4069 2644 4124 modo
2672 4072 2949 4140 potest,ut
2983 4083 3089 4122 nos
3125 4066 3183 4120 in
3216 4065 3426 4121 coelum
3467 4081 3602 4120 con-

1964 4161 2335 4216 scendamus.
2357 4159 2459 4214 His
2490 4175 2706 4230 sponsa
2739 4155 3008 4229 precibus
3041 4172 3325 4228 sponsum
3371 4156 3610 4210 advoca.

1963 4247 2255 4305 vit.Atille
2278 4247 2601 4321 quiimplet
2627 4247 2920 4310 universa,
2982 4245 3196 4317 quique
3255 4245 3421 4300 adest
3479 4244 3609 4300 ubi-

1965 4354 2099 4410 que.
2133 4342 2188 4393 et
2219 4337 2382 4407 dicit,
2414 4339 2544 4393 Ecce
2570 4335 2768 4392 adsum
2788 4334 2832 4372 ⁸0
2854 4333 3608 4406 invocantibus,antequam

1964 4444 2180 4498 sponsa
2220 4427 2708 4499 supplicationem
2748 4422 3006 4495 expleret
3051 4423 3212 4478 illam
3271 4423 3610 4489 exaudiens,

1964 4516 2268 4572 descendit
2297 4517 2354 4571 in
2386 4516 2623 4571 hortum
2647 4515 2794 4585 ejus,
2828 4516 2889 4568 ut
2928 4512 3057 4584 ipsa
3109 4513 3311 4579 voluit,
3369 4517 3428 4568 et
3485 4513 3607 4568 fru-

1963 4609 2090 4660 ctus
2122 4606 2398 4662 arborum
2431 4606 2620 4678 ipsius
2651 4601 2963 4674 decerpsit.
2997 4601 3089 4658 Sic
3129 4602 3281 4658 enim
3323 4619 3604 4674 sponsam

1963 4693 2322 4766 alloquitur:

2040 5222 2172 5278 Veni
2191 5223 2252 5276 in
2299 5219 2518 5274 hortum
2566 5234 2769 5282 meum,
2808 5233 2966 5272 soror
2994 5233 3136 5285 mea,
3186 5233 3410 5287 sponsa,
3466 5234 3614 5274 mes-

1964 5315 2055 5368 sui
2093 5309 2380 5381 myrrham
2424 5323 2603 5362 meam
2630 5324 2749 5362 cum
2791 5307 3134 5361 aromatibus
3179 5307 3354 5362 meis:
3400 5309 3618 5364 comedi

1963 5417 2163 5473 panem
2183 5415 2365 5454 meum
2385 5413 2511 5452 cum
2531 5395 2696 5453 melle
2714 5413 2836 5452 meo
2860 5414 2874 5452 :
2901 5396 3012 5452 bibi
3041 5398 3233 5452 vinum
3256 5412 3438 5452 meum
3487 5413 3614 5454 cum

1967 5491 2106 5546 lacte
2123 5503 2265 5543 meo.
