4102 6342
475 390 588 450 631

1808 385 2229 447 MlCHAELlS
2275 382 2542 445 PSELLI

3771 389 3898 451 632

551 520 831 578 Descendi
865 536 1001 593 ergo
1033 520 1294 592 quidem,
1327 519 1541 592 inquit,
1575 520 1633 575 in
1668 519 1906 577 hortum
1931 523 2123 587 tuum,

2311 515 2594 585 Κατῆλοον
2621 514 2818 592 ἔγωγε,
2875 517 3031 592 φησὶ,
3065 517 3200 592 πρὸς
3255 517 3430 583 κῆπόν
3489 538 3604 592 σου,
3639 521 3892 595 παρθένε,

480 611 666 683 virgo,
699 615 756 666 et
787 608 1051 683 pulchris
1075 610 1362 667 fructibus
1384 610 1504 666 tuis
1537 610 1919 682 cupiditatem
1954 625 2137 663 meam

2260 605 2342 661 {ai
2396 611 2502 661 τῶν
2560 605 2742 662 καλῶν
2803 604 3094 677 ἀπήλαυσα
3164 610 3269 660 τῶν
3320 603 3460 662 ’σῶν
3535 614 3756 685 καρπῶν
3813 609 3896 674 εἷς

480 716 722 774 prorsus
753 698 1178 770 explevi,atque
1213 716 1281 755 ex
1311 699 1539 755 ardenti
1588 699 1846 755 ﬁliorum
1895 703 2132 754 tuorum

479 787 594 846 ﬁde
628 805 692 844 ac
715 788 1056 861 pmnitentia
1083 805 1360 860 magnam
1393 787 1655 843 laztitiam
1708 787 1962 860 percepi.
2021 791 2133 842 To-

475 882 603 934 tum
636 881 832 932 autem
866 876 974 932 hoc
1008 877 1229 932 factum
1262 881 1372 949 est,
1415 879 1630 934 messis
1690 877 1962 950 myrrhae,
1995 893 2132 932 esus

481 966 672 1022 mellis
701 970 759 1022 et
793 965 962 1021 lactis
997 970 1191 1038 potus.
1221 966 1352 1022 Ilmc
1401 983 1532 1022 cum
1580 966 1823 1022 dixisset
1867 965 2134 1021 Christus

479 1057 635 1112 idem
657 1060 714 1111 et
769 1072 1050 1126 sponsus,
1103 1060 1165 1111 ut
1220 1072 1321 1128 pro
1372 1055 1596 1113 mellito
1658 1054 1920 1111 convivio
1963 1053 2134 1126 quasi

480 1145 730 1218 gratiam
767 1145 1028 1218 aliquam
1065 1146 1326 1211 referret,
1370 1147 1515 1218 ipsis
1561 1144 1803 1217 virginis
1855 1143 1991 1198 {iliis
2037 1144 2138 1198 dat

481 1252 693 1307 corpus
726 1252 924 1291 suum.
959 1235 1056 1290 Sic
1082 1235 1238 1290 enim
1282 1234 1436 1303 illos,
1469 1236 1570 1292 sed
1622 1235 1833 1306 dignos
1884 1238 2135 1299 tantum,

484 1342 632 1398 quos
665 1327 721 1380 et
752 1325 1117 1397 propinquos
1142 1341 1283 1382 suos
1308 1325 1388 1380 ita
1413 1342 1540 1382 esse
1569 1324 1735 1392 dixit,
1776 1323 2134 1396 alloquitur:

565 1677 1170 1750 Comedite,'propinqui
1200 1679 1324 1748 mei,
1350 1682 1399 1733 et
1433 1678 1618 1746 bibite,
1657 1679 1710 1732 et
1759 1671 2135 1736 inebriamini,

493 1771 694 1839 [ratres
719 1769 844 1823 mei.

567 1855 911 1926 Quicunque
933 1856 1094 1926 estis,
1128 1856 1343 1929 inquit,
1372 1855 1670 1928 foperibus
1737 1854 1946 1908 fratres
2001 1848 2138 1917 mei,

3684 700 3891 773 [κόρον,

2243 784 2340 838 Καὶ
2371 788 2438 857 τῇ
2473 788 2648 860 θερμῇ
2679 789 2784 838 τῶν
2814 783 3011 839 τέκνων
3048 806 3141 840 σου
3173 784 3350 840 πίστει
3379 787 3467 841 καὶ
3504 789 3781 860 μετανοίᾳ,

2244 872 2504 948 Μεγάλην
2538 871 2748 950 ἔσχηκα
2780 875 2979 950 χαρὰν,
3014 874 3260 949 μεγάλην
3295 876 3653 954 εὐφροσύνην.

2241 962 2411 1020 ’Όλον
2443 960 2499 1017 δὲ
2529 968 2688 1018 τοῦτο
2722 965 2952 1042 πέφυκεν
2983 964 3009 1018 ὁ
3041 965 3316 1039 τρυγητῆς
3344 971 3445 1035 τῆς
3473 964 3740 1040 σμῦρνης,

2243 1054 2307 1108 Ἡ
2345 1051 2546 1128 βρῶσίς
2573 1074 2630 1106 τε
2659 1057 2755 1106 τοῦ
2791 1047 3035 1126 μέλιτος,
3065 1053 3154 1108 καὶ
3193 1052 3467 1128 γάλακτος
3495 1057 3529 1124 ἡ
3561 1056 3738 1116 πόσις.

2243 1144 2418 1194 Ταὖτα
2447 1144 2515 1214 τῇ
2542 1141 2726 1216 νύμφῃ
2757 1141 3066 1216 προσειπὼν
3103 1142 3330 1218 Χριστὸς
3356 1143 3384 1198 ’ὀ
3415 1143 3504 1197 καὶ
3533 1143 3782 1219 νυμφίος,

2245 1233 2449 1305 ’Ὠσπερ
2484 1229 2762 1306 ἀντίχαρίν
2793 1252 2912 1286 τινα
2936 1237 3037 1300 τῆς
3071 1230 3513 1308 μελιτοτροιρίας,

2243 1321 2315 1374 Τὸ
2347 1324 2506 1392 σῶμα
2534 1317 2755 1374 δίδωσιν
2790 1319 2954 1374 αὐτοῦ
2981 1326 3097 1382 τοῖς
3128 1321 3334 1384 τέκνοις
3363 1328 3464 1391 τῆς
3492 1321 3783 1396 παρθένου.

2247 1408 2391 1478 Φησὶ
2449 1409 2548 1485 γὰρ
2608 1408 2752 1463 οὕτω
2817 1410 2950 1482 πρὸς
2999 1408 3220 1480 αὐτοὺς,
3272 1407 3420 1479 πλὴν
3492 1410 3689 1484 μόνους
3767 1410 3893 1475 τοὺς

3666 1501 3894 1574 [ἀξίους,

2247 1586 2351 1649 Οὓς
2380 1587 2469 1642 καὶ
2501 1585 2735 1659 πλησίον
2772 1585 2983 1660 είίοηκεν
3016 1588 3171 1650 οὗτος
3204 1587 3367 1643 αὐτοῦ
3397 1590 3675 1664 τυγχάνειν
3698 1607 3712 1620 ·

2319 1679 2546 1752 Φάγετε,
2606 1679 2657 1731 οἱ
2733 1675 2968 1748 πλησίον
3031 1698 3158 1751 μου,
3212 1676 3299 1732 καὶ
3357 1679 3526 1746 πίετε,
3578 1677 3668 1732 καὶ
3730 1678 3896 1752 μεθύ-

2249 1767 2428 1837 σθητε,
2462 1763 2689 1844 ἀδελφοί
2723 1788 2849 1840 μου.

2319 1857 2476 1912 "Osci
2503 1854 2791 1932 πεφύκατε,
2825 1854 2980 1932 φησὶ,
3002 1859 3119 1918 τοῖς
3147 1849 3343 1930 ἔργοις,
3377 1853 3602 1933 ἀδελφοί
3639 1877 3766 1928 μου,

497 1963 709 2018 corpus
735 1962 928 2002 meum
951 1946 1316 2015 comedile,et
1339 1945 1688 2017 sanguinem
1719 1943 1896 2000 bibite
1918 1956 2135 1997 meum.

2260 1945 2324 2001 Γὸ
2359 1949 2517 2016 σῶμα
2548 1944 2642 2017 μὲν
2675 1965 2777 2016 μου
2809 1941 3020 2022 φάγετε,
3051 1942 3113 1998 τὸ
3146 1941 3350 2016 δἀἷμα
3379 1943 3524 1998 πίετὲ
3557 1965 3683 2018 μου.

500 2036 715 2091 Deinde
744 2035 1144 2107 inebriamini,
1176 2035 1387 2108 inquit,
1422 2052 1538 2107 prae
1563 2033 1784 2102 laetitia,
1817 2036 1874 2088 et
1903 2035 2139 2104 propter

493 2125 902 2181 inebrietatem
935 2131 1173 2198 stupore
1192 2124 1466 2197 perculsi,
1489 2124 1728 2181 omnino
1750 2121 1954 2178 mundi
1978 2118 2138 2176 solli-

492 2213 823 2271 citudinum
866 2214 1302 2271 obliviscimini.

1079 2324 1278 2380 Trium
1297 2327 1551 2379 Patrum.

557 2430 752 2498 Surge,
788 2430 999 2500 aquilo,
1037 2438 1088 2485 et
1145 2431 1292 2499 veni,
1341 2440 1548 2485 auster.
1601 2430 1844 2484 Facesse
1892 2425 2136 2497 spiritus

487 2517 949 2590 improbissime,
984 2517 1085 2588 qui
1108 2519 1338 2574 animas
1369 2536 1493 2590 quin
1526 2536 1560 2574 a
1599 2535 1689 2574 me
1719 2517 2134 2581 instituuntur,

487 2609 1095 2682 perturbationibus,q
1108 2611 1231 2664 uasi
1255 2610 1552 2681 aquilonis
1568 2610 1806 2664 ﬂatibus
1827 2606 2139 2678 afﬂigisEt

484 2696 1022 2764 veni,sanctissime
1051 2698 1435 2769 Spiritus,qui
1461 2714 1560 2752 eas
1593 2697 1792 2768 gratia:
1824 2702 1937 2750 tuis
1969 2693 2140 2748 donis

487 2790 773 2858 tanquam
797 2787 956 2843 auris
987 2786 1176 2842 austri
1204 2786 1563 2842 salutaribus
1604 2784 1896 2841 calefacis.

613 2967 797 3035 Per/la
827 2969 1049 3021 hortum
1077 2981 1284 3030 meum,
1316 2969 1369 3020 et
1396 2965 1572 3034 ﬂuant
1602 2966 1853 3020 aromata
1882 2980 2020 3018 mea.

563 3142 808 3198 Animas
838 3142 1035 3212 perﬂa,
1070 3158 1215 3212 quas
1249 3157 1356 3212 ego
1403 3141 1670 3198 doctrina
1721 3141 2142 3212 praeceptisque

495 3231 645 3285 meis
676 3235 959 3300 tanquam
983 3229 1215 3284 hortum
1246 3230 1515 3286 instruxi.
1550 3231 1620 3286 Et
1645 3231 1704 3285 in
1727 3230 1834 3284 has
1868 3247 1968 3301 per
1987 3247 2140 3285 com-

2246 2032 2381 2088 Εἶτα
2414 2032 2736 2107 μεθῦσθητε,
2769 2034 2954 2111 φησὶν,
2985 2033 3086 2087 ἀπὸ
3118 2039 3218 2102 τῆς
3247 2031 3602 2109 εὐφροσύνης,

2248 2123 2353 2178 Καὶ
2387 2123 2600 2176 πάντων
2631 2122 2812 2193 λήθην
2846 2115 3039 2176 λάϐετε
3085 2126 3191 2176 τῶν
3242 2127 3518 2194 κοσμικῶν
3566 2120 3899 2199 φροντίδων,

2248 2213 2336 2276 Ὧς
2361 2211 2411 2267 ἐν
2447 2211 2686 2267 ἐκστάσει
2721 2210 2987 2283 δήπουθεν
3014 2210 3293 2286 γενόμενοι
3323 2215 3393 2285 τῇ
3430 2210 3578 2286 μέθῃ.

2809 2321 2933 2376 Τῶν
2965 2320 3012 2394 γ’
3043 2316 3316 2393 Πατέρων.

2323 2428 2684 2501 Ἐξεγέρθητι,
2745 2425 2935 2502 βορῥᾶ,
2994 2424 3085 2480 καὶ
3149 2423 3339 2500 ἔρχου,
3399 2425 3537 2480 νότε.
3600 2423 3903 2496 Δηλονότι,

2245 2518 2659 2591 Ἀναχώρησον.
2691 2516 2753 2570 τὸ
2785 2517 2881 2576 τὰς
2933 2512 3322 2586 διδασκομὲνας
3383 2536 3476 2587 μοι
3535 2515 3715 2589 ψυχὰς
3775 2522 3900 2577 τοῖς

2244 2606 2432 2661 πάΟεσι
2487 2607 2752 2681 χειμαζον
2820 2602 2976 2673 δίκην
3035 2605 3236 2676 ἀνέμου
3295 2603 3465 2679 βορρᾶ
3519 2602 3902 2678 πονηρότατον

2245 2699 2476 2766 πνεῦμον
2506 2695 2594 2749 καὶ
2633 2689 2801 2768 ἔρχου
2843 2693 2947 2760 ἀεὶ,
2972 2694 3034 2747 τὸ
3079 2699 3199 2755 ταῖς
3249 2691 3470 2754 οἰκείαις
3520 2693 3706 2766 χάρισι
3763 2691 3901 2745 ταύ-

2244 2805 2340 2845 τας
2392 2781 2796 2859 ὃιαθερμαῖνον,
2847 2783 3025 2856 ὥσπερ
3075 2781 3276 2854 ἀνέμου
3329 2781 3492 2836 νότου
3539 2781 3703 2850 πνοὴ,
3757 2802 3906 2835 παν-

2248 2874 2397 2948 άγιον
2428 2878 2670 2946 Πνεῦμα.

2320 2962 2644 3017 Διάπνευσον
2712 2961 2886 3031 κῆπόν
2977 2981 3103 3032 μου,
3153 2959 3243 3015 καὶ
3329 2959 3665 3035 ῥευσάτωσαν
3749 2960 3906 3034 ἀρώ-

2253 3053 2392 3124 ματα
2427 3074 2530 3125 μου
2543 3094 2554 3107 .

2318 3144 2498 3210 "licet,
2530 3146 2755 3196 Ιῐνεῦσον
2812 3140 2888 3202 εἰς
2947 3139 3007 3201 ἃς
3062 3137 3197 3206 αὐτή
3231 3138 3410 3214 ψυχὰς
3465 3143 3581 3199 τοῖς
3639 3134 3905 3192 διδασκα-

2252 3229 2430 3293 λικοῐς
2463 3228 2648 3305 λόγοις
2700 3231 2791 3285 οἶά
2842 3250 2962 3285 τινα
3014 3227 3374 3306 κατεφύτευσα
3431 3232 3630 3296 κῆπον,
3658 3227 3751 3281 καὶ
3808 3249 3910 3303 ’χε-

492 3317 954 3372 municationem
987 3319 1180 3374 divina
1207 3335 1454 3374 munera
1480 3325 1581 3374 tua
1601 3319 2137 3388 infundantur,qui-

2418 3289 2427 3293 -
2547 3289 2556 3305 .
2637 3289 2645 3292 ν
3156 3289 3166 3306 .
3489 3289 3499 3294 -
3618 3289 3628 3296 ι
3815 3289 3852 3303 η

2260 3322 2501 3388 θήτωσαν
2561 3320 2647 3374 ἐπὶ
2697 3320 2895 3381 ταύτας
2951 3319 3088 3373 κατά
3146 3316 3429 3391 μετάδοσιν
3499 3317 3566 3371 τὰ
3624 3317 3742 3380 θεῖά
3802 3339 3905 3373 σου

489 3405 603 3461 bus
632 3421 738 3477 ego
771 3406 938 3476 quasi
962 3405 1316 3476 quibusdam
1341 3408 1702 3463 aromatibus
1726 3408 1962 3478 perfusa
1983 3423 2136 3462 sum.

489 3501 572 3549 Ac
602 3499 727 3550 tum
754 3493 1040 3550 descendat
1069 3513 1230 3568 nepos
1259 3513 1413 3552 meus
1452 3499 1515 3552 in
1545 3499 1764 3553 hortum
1817 3513 2015 3552 suum:
2081 3497 2139 3551 in

491 3582 720 3638 animas
751 3584 1028 3638 nimirum
1063 3585 1194 3640 illas
1217 3602 1365 3656 quas
1385 3603 1491 3659 ego
1515 3586 1836 3655 institui,et
1855 3592 2139 3657 tanquam

491 3672 726 3729 hortum
761 3673 976 3730 divinis
1008 3675 1300 3731 mandatis
1347 3675 1677 3732 int'ormavi.
1713 3677 2023 3748 PrOpterea
2079 3676 2138 3730 in

494 3762 808 3818 animabus
835 3780 981 3833 quas
1030 3762 1170 3829 dixi,
1229 3763 1523 3819 inhabitat
1579 3769 1753 3835 atque
1812 3763 2142 3820 inambulat

495 3850 744 3906 dilectus
777 3867 945 3907 meus
967 3853 1032 3907 ⁸¹.
1069 3853 1129 3908 Et
1144 3852 1383 3907 comedat
1401 3856 1644 3924 fructum
1673 3870 1879 3909 nucum
1901 3854 2142 3925 ejus.Sa-

492 3939 597 3996 tiet
628 3957 688 3995 se
714 3941 918 3995 harum
953 3942 1287 3996 animarum
1321 3942 1530 4009 salute,
1582 3959 1760 4014 quam
1795 3945 1917 4013 ipse
1963 3959 2139 3998 suum

495 4045 624 4084 esse
655 4029 854 4084 cibum
887 4030 1175 4085 asseruit:
1213 4031 1376 4099 Meus,
1410 4032 1712 4102 inquiens,
1745 4033 1896 4087 cibus
1925 4038 2024 4101 est,
2087 4036 2141 4085 ut

491 4118 699 4186 faciam
735 4118 1064 4172 voluntatem
1096 4120 1279 4174 Patris
1308 4122 1417 4175 mei
1437 4121 1520 4187 Is‘3;
1562 4122 1731 4190 cujus
1764 4121 2002 4176 omnino
2051 4137 2141 4175 vo-

493 4202 694 4260 luntas
725 4209 832 4274 est,
859 4210 924 4260 ut
955 4206 1224 4262 homines
1258 4209 1399 4262 salvi
1434 4210 1598 4266 fiant.
1647 4211 1892 4266 Fructus
1944 4214 2139 4265 autem

493 4293 698 4364 sponsi
728 4310 947 4348 nucum
975 4300 1064 4350 est
1085 4295 1392 4352 hominum
1441 4298 1622 4367 salus,
1674 4303 1742 4354 ut
1797 4299 1933 4354 ﬁnis
1979 4299 2140 4354 bona:

493 4380 684 4452 ipsius
713 4381 1053 4452 voluntatis,
1079 4400 1206 4455 quae
1249 4387 1470 4442 sanctis
1492 4389 1620 4451 ejus
1646 4389 1941 4442 mandatis
1962 4389 2142 4442 conti-

494 4475 688 4536 netur,
721 4488 851 4543 qua:
880 4473 1119 4544 quidem
1148 4476 1426 4530 mandata
1469 4493 1568 4546 per
1619 4476 1903 4530 actionem
1964 4477 2141 4532 intixa

495 4567 637 4618 sunt
665 4562 726 4617 in
756 4563 1069 4620 animabus
1094 4581 1272 4635 super
1293 4567 1406 4621 ﬁde
1445 4582 1581 4637 erga
1614 4565 1803 4636 illum,
1857 4572 2137 4637 tanquam

497 4667 676 4723 super
703 4668 918 4722 quercu
955 4655 1248 4710 radicatis.

576 4920 706 4975 Veni
721 4921 780 4975 in
809 4921 1027 4976 hortum
1057 4935 1261 4986 meum,
1282 4937 1437 4977 soror
1466 4939 1612 4990 mea,
1641 4940 1842 4996 sponsa
1872 4941 1884 4980 :
1935 4927 2142 4981 messui

490 5009 777 5081 myrrham
796 5026 976 5065 meam
998 5026 1121 5065 cum
1140 5013 1485 5067 aromatibus
1507 5015 1641 5068 meis
1666 5029 1679 5068 :
1712 5016 1922 5071 comedi
1939 5031 2137 5086 panem

487 5113 671 5154 meum
687 5116 809 5154 cum
832 5099 994 5154 meite
1020 5115 1142 5154 meo
1175 5117 1188 5154 :
1215 5100 1329 5155 bibi
1355 5103 1542 5157 vinum
1598 5120 1780 5158 meum
1815 5121 1940 5160 cum
1998 5108 2140 5162 tacte

481 5204 599 5243 meo
631 5205 644 5244 :
677 5189 1266 5260 comedite,propinqui
1295 5194 1479 5260 mei,et
1499 5192 1743 5256 bibite,et
1773 5195 2138 5252 inebriamini

480 5275 708 5345 fratres.

1075 5369 1260 5424 Trium
1289 5372 1541 5426 Patrum.

533 5454 772 5527 Sponsae
806 5471 1005 5526 preces
1047 5474 1302 5528 sponsus
1345 5461 1663 5528 exaudivit,
1713 5463 1885 5534 juxta
1942 5463 2129 5520 illud:

472 5545 660 5599 Adhuc
692 5545 946 5616 loquente
971 5554 1043 5616 te,
1077 5548 1255 5603 dicet:
1325 5550 1456 5604 Ecce
1484 5550 1703 5606 adsum.
1763 5553 1920 5609 Talis
1972 5554 2127 5610 enim

545 5721 589 5758 δι
615 5722 663 5775 ll
686 5722 810 5780 Cor.
845 5741 918 5790 νι,
959 5725 1042 5779 16.
1076 5725 1120 5760 ⁵²
1149 5729 1318 5782 Joan.
1353 5744 1431 5796 ιν,
1463 5728 1550 5784 34.

2249 3410 2600 3484 χαρίσματα·
2665 3411 2747 3469 οἷς
2805 3407 2937 3476 αὐτή
2997 3406 3236 3482 καθάπερ
3291 3405 3429 3461 τισὶν
3492 3407 3748 3478 ἀρώμασι
3811 3409 3908 3462 κε-

2247 3519 2504 3575 ’χρισμαι.
2561 3499 2875 3562 Κάντεῦθεν.
2931 3493 3239 3568 Καταὸήτω
3310 3493 3599 3572 ἀδελφιδός
3656 3516 3764 3568 μου
3823 3495 3906 3558 εἷς

2247 3595 2424 3656 κῆπον
2475 3588 2638 3642 αὐτοῦ
2674 3607 2686 3619 ’
2740 3588 2955 3649 πάντως
3025 3585 3122 3646 τὰς
3207 3583 3646 3657 μαθητευομὲνας
3715 3584 3909 3659 ψυχὰς

2247 3678 2376 3750 παρ’
2431 3675 2679 3748 ἐμοῦ,ἃς
2738 3676 2872 3743 «ora
2935 3671 3333 3734 διδασκαλικῶς
3390 3679 3506 3734 ταῖς
3554 3671 3723 3732 Θείαις
3755 3672 3908 3727 ἔντοο

2250 3765 2394 3832 λαῖς,
2427 3770 2500 3827 ὡς
2543 3772 2684 3828 θεῖον
2714 3763 3076 3842 κατεφύτευσα
3103 3770 3302 3832 κῆπον.
3335 3764 3434 3816 Διὰ
3474 3765 3635 3817 τοῦτο
3670 3760 3904 3816 ἐνοικῶν

2249 3855 2336 3908 καὶ
2391 3854 2772 3930 ἐμπεριπατῶν
2833 3854 2884 3909 ἐν
2941 3859 3060 3914 ταῖς
3117 3851 3432 3926 εἰρημέναις
3467 3851 3728 3926 ψυχαῖςδ
3761 3849 3905 3924 ἀγα-

2249 3943 2420 4013 πητός
2476 3965 2600 4017 μου.
2659 3944 2764 4000 Καὶ
2811 3945 3025 4019 φαγὲτω
3073 3943 3276 4015 καρπὸν
3331 3937 3647 4014 ἀκροδρύων
3707 3940 3903 3996 αὑτοῦ.

2251 4039 2476 4107 ’¹Ηγουν,
2514 4034 2876 4108 Εὐιυχηῦήτω
2906 4033 3003 4100 τὴν
3059 4031 3266 4085 τούτων
3316 4034 3421 4083 τῶν
3473 4027 3665 4101 ψυχῶν
3713 4049 3904 4097 σωτηο

2251 4121 2389 4196 ρίαν,
2444 4124 2504 4190 ἣν
2572 4119 2730 4182 αὸτὸς
2804 4121 3003 4175 οἰκεῖον
3065 4118 3230 4197 ἔφησε
3291 4119 3508 4192 βρῶμα,
3565 4117 3752 4187 εἶπὼν,
3817 4116 3906 4171 δτι

2251 4211 2414 4284 Ἐμὸν
2465 4211 2662 4288 βρῶμά
2720 4210 2884 4278 ἰστιν,
2911 4208 2999 4264 ’ίνα
3052 4213 3196 4264 ποιῶ
3225 4205 3286 4262 τὰ
3318 4205 3536 4279 θέλημα
3558 4209 3656 4259 τοῦ
3687 4209 3907 4282 Πατρός

2254 4322 2395 4373 μου·
2431 4301 2562 4371 ὅπερ
2622 4300 2732 4355 ἐστί
2790 4321 2922 4373 xei-rp
2973 4297 3200 4372 γνώμην
3252 4295 3451 4351 οἰκείαν
3508 4302 3750 4364 σωθῆναι
3807 4297 3906 4351 τὸν

2251 4391 2558 4462 ἄνθρωπον.
2595 4390 2807 4464 Καρπὸς
2865 4385 2922 4442 δὲ
2978 4391 3082 4441 τῶν
3144 4389 3238 4440 τοῦ
3285 4383 3526 4462 νυμφίου
3579 4381 3908 4457 ἀκροδρύων

2249 4481 2282 4547 ἡ
2325 4485 2430 4533 τῶν
2482 4479 2778 4551 ἀνθρώπων
2829 4477 3061 4552 ὑπάρχει
3105 4474 3371 4549 σωτηρία,
3418 4474 3490 4534 ὡς
3548 4469 3908 4545 ἀποτέλεσμα

2248 4573 2355 4622 τῶν
2408 4568 2724 4643 παναγάθων
2802 4566 2966 4621 αὐτοῦ
3026 4562 3350 4636 θελημάτων
3381 4579 3394 4593 ⁸
3455 4564 3589 4635 ἅπερ
3651 4561 3787 4614 εἰσὶν
3850 4563 3908 4615 αἱ

2168 4655 2214 4719 D
2248 4658 2393 4732 ἅγιαι
2423 4658 2590 4711 αὐτοῦ
2647 4653 2885 4726 ἐντολαὶ,
2917 4655 2972 4709 αἱ
3019 4653 3154 4708 κατὰ
3210 4656 3401 4728 πρᾶξιν
3461 4649 3908 4726 ἐγκεκεντρισμέ-

2251 4767 2334 4800 ναι
2369 4746 2456 4801 ἐπὶ
2504 4751 2623 4807 ταῖς
2675 4743 2830 4815 δίκην
2879 4741 3055 4820 δρυῶν
3105 4739 3334 4818 ἐδραίως
3379 4738 3775 4816 ἐρῥιζωμέναις
3833 4744 3907 4814 τῇ

2251 4834 2325 4896 εἷς
2352 4835 2512 4890 αὐτὸν
2545 4836 2721 4890 πίστει
2754 4837 2977 4909 ψυγαῖς.

2322 4924 2594 4994 Εἰσῆλθον
2657 4923 2732 4984 εἰς
2789 4923 2964 4992 κῆπόν
3025 4941 3154 4995 μου,
3213 4915 3422 4996 ἀδελφή
3494 4937 3598 4989 μου
3653 4914 3852 4994 νύμφη
3891 4938 3906 4952 ·

2250 5013 2517 5091 ἐτρύγησα
2590 5011 2828 5086 σμύρναν
2915 5031 3056 5083 μου,
3143 5009 3277 5081 μετὰ
3357 5007 3660 5082 ἀρωμάτων
3750 5025 3907 5078 μου·

2248 5102 2442 5178 ἔφαγον
2486 5105 2645 5176 ἄρτον
2705 5123 2833 5174 μου,
2895 5101 3031 5173 μετά
3091 5095 3311 5171 μέλιτός
3373 5116 3509 5168 μου·
3544 5093 3694 5150 ἔπιον
3748 5097 3910 5151 οἶνόν

2251 5215 2375 5266 μου,
2437 5193 2569 5264 μετὰ
2626 5190 2895 5265 γάλακτός
2953 5207 3077 5260 μου·
3108 5187 3318 5266 φάγετε,
3379 5187 3432 5240 οἱ
3491 5181 3745 5255 πλησίοι,
3809 5186 3910 5241 καὶ

2245 5284 2415 5349 πίετε,
2450 5283 2537 5336 καὶ
2575 5280 2892 5354 μεθύσθητε,
2925 5275 3176 5354 ἀδελφοί.

2803 5372 2917 5422 Τῶν
2950 5367 3000 5441 γ’
3030 5367 3308 5440 Ματέρων.

2313 5465 2577 5517 Ἤκουσεν
2602 5461 2628 5512 ὁ
2659 5457 2887 5534 νυμφίος
2917 5462 3019 5524 τῆς
3077 5451 3476 5528 παρακλήσεως
3519 5458 3619 5521 τῆς
3675 5451 3907 5531 νύμφης

2243 5553 2379 5608 κατὰ
2431 5553 2514 5623 τὸ,
2549 5553 2666 5607 Ἔτι
2728 5545 3029 5607 λαλοῦντός
3086 5565 3202 5616 σου,
3258 5543 3386 5620 ipsi?
3441 5539 3582 5599 Ἰδοὺ
3639 5542 3905 5618 πάρειμι,
