4072 6346
253 353 375 414 633

1311 352 1719 414 ΟΟΜΜΕΝΤ.
1767 352 1846 414 ΙΝ
1891 353 2289 416 CANTICUM
2335 351 2642 415 CANTIC.

3555 351 3675 411 634

252 481 500 555 Τοιαύτη
560 464 662 558 γὰρ
714 480 779 552 ἦν
836 484 871 553 ἡ
925 481 1365 556 παρακαλέσασα,
1395 485 1471 550 ὡς
1504 485 1579 559 μή
1627 506 1893 561 παρακου-

2021 489 2166 552 erat,
2196 504 2342 562 quae
2396 486 2763 559 precabatur,
2813 486 2880 539 ut
2953 480 3172 556 despici
3235 499 3351 539 non
3412 481 3669 548 deberet,

251 573 471 642 σθῆναι.
504 573 659 629 Ὅθεν
692 570 1023 646 ποιούμενος
1054 573 1188 650 πρὸς
1222 572 1389 644 αὑτὴν
1446 577 1546 646 τὴν
1596 574 1903 650 ἀπόκρισιν,

252 663 442 740 φῐισίν·
504 660 782 731 Είσῆλθον
815 662 890 725 είς
946 663 1121 733 κῆπόν
1184 685 1309 737 μου,
1370 661 1578 743 ἀδελφή
1619 685 1722 738 μου
1768 663 1906 736 νύμ-

250 771 352 829 φη.
380 748 627 823 Δηλαδή,
660 753 757 809 "Ov
790 750 925 821 αὐτ-ἓ,
946 752 1334 827 κατεφύτευσας
1359 750 1760 817 διδασκαλικῶς
1786 758 1905 815 ταῖς

250 840 415 913 ἐμαῖς
474 839 746 903 ἐντολαῖς·
808 838 856 895 δ’
911 842 987 896 ὧν
1039 838 1282 917 ἐδιώχθη
1348 842 1442 915 μὲν
1492 843 1520 897 ὁ
1552 844 1764 919 ’χειμὼν
1798 846 1902 897 τῶν

247 931 469 997 παθῶν,
527 923 746 992 ἔπνευςε
776 927 834 985 δέ
866 951 970 1004 μου
1005 931 1065 986 τὸ
1126 931 1383 1006 πανάγιον
1414 934 1653 1005 Πνεῦμα,
1701 931 1790 986 καὶ
1840 932 1907 986 τὰ

245 1016 303 1072 ἰν
335 1022 415 1089 τῷ
444 1017 680 1091 τοιούτῳ
708 1021 873 1092 κήπῳ
921 1020 1060 1098 φυτὰ
1114 1018 1364 1096 ἤνεγκεν,
1425 1023 1514 1076 οἶα
1574 1022 1715 1098 μύρα
1771 1041 1905 1075 παν-

240 1111 372 1161 τοῖα
420 1105 549 1169 τοὺς
599 1111 708 1162 τῶν
760 1109 961 1183 ἀρετῶν
1010 1106 1237 1185 λόγους·
1289 1111 1405 1164 καθ’
1467 1109 1560 1174 οὕς
1606 1109 1695 1165 καὶ
1745 1110 1905 1173 αὐτὸς

244 1193 514 1265 εἰσῆλθον
544 1194 596 1251 έν
627 1197 807 1270 τούτῳ
833 1195 913 1270 τῷ
941 1198 1127 1271 κήπῳ,
1164 1198 1214 1252 ἐν
1267 1199 1313 1270 ᾧ
1340 1199 1409 1253 τὰ
1443 1197 1549 1272 ἐμὲ
1598 1199 1903 1273 θελήματα,

240 1284 299 1339 αἱ
323 1283 473 1360 ἂγιαί
524 1304 630 1357 μου
681 1284 899 1341 ἰντολαί
950 1284 1338 1364 ἐφυτεύθησαν·
1393 1285 1726 1364 δρεψάμενος
1768 1287 1906 1343 πάν-

240 1393 357 1436 τως
411 1373 507 1427 τὸν
566 1372 768 1429 τούτου
816 1376 1047 1450 καρπὸν,
1097 1374 1157 1439 ὅς
1190 1374 1331 1431 ἇστιν
1367 1378 1403 1446 ἡ
1447 1380 1556 1432 τῶν
1605 1376 1908 1452 εἰρημένων

246 1459 492 1518 ὶντολῶν
546 1462 790 1535 ποίησις.
847 1461 1089 1542 Ἀδελφή
1144 1486 1269 1539 μου,
1302 1468 1400 1520 τοῦ
1429 1466 1565 1521 κοιτά
1585 1465 1740 1544 φύσιν
1780 1468 1907 1521 Υἱοῦ

241 1554 344 1606 τοῦ
378 1555 514 1607 θεοῦ
542 1553 633 1607 καὶ
664 1554 895 1629 Πατρὸς,
946 1554 1022 1619 ὡς
1069 1557 1302 1610 ποιοῦσα
1348 1555 1411 1610 τὸ
1443 1553 1661 1629 θέλημα
1688 1555 1884 1611 τούτου

245 1641 341 1695 καὶ
371 1641 749 1729 υἱοθετηθεῖσα
780 1624 932 1716 ὰύτῷ
959 1643 1096 1699 κατὰ
1140 1643 1326 1721 χάριν·
1384 1645 1475 1700 καὶ
1533 1624 1717 1723 νύμφη
1778 1624 1908 1729 μους

244 1729 324 1793 ὡς
363 1727 708 1800 κολληθεῖσά
758 1753 851 1806 μοι
918 1730 987 1788 δι’
1036 1731 1250 1809 ἀγάπης
1297 1733 1387 1788 καὶ
1447 1739 1659 1808 πνεῦμα
1717 1731 1771 1790 ἕν
1825 1727 1909 1810 γεξ

234 1818 474 1891 νομένη.
533 1818 813 1876 Εἰσελθὼν
868 1818 927 1876 δὲ
983 1821 1036 1877 έν
1087 1826 1167 1894 τῷ
1226 1822 1502 1898 εἰρημένῳ
1556 1825 1720 1896 κήπῳ
1779 1845 1905 1897 μου,

247 1907 558 1983 Ἐτρύγησα
611 1908 851 1986 σμύρναν
886 1911 1020 1983 μετὰ
1074 1910 1379 1988 ἀρωμάτων
1440 1930 1568 1985 μου·
1627 1911 1775 1984 ἤτοι,
1806 1914 1903 1983 τήν

252 2000 353 2050 τοῦ
411 2002 671 2073 σαρκικοῦ
730 2002 1080 2076 φρονήματος
1135 2004 1244 2055 τῶν
1306 2002 1759 2075 μαθητευομένων
1820 2024 1903 2058 σοι

251 2084 521 2159 νέκρωσιν
555 2086 690 2159 μετά
736 2091 844 2142 τῶν
895 2086 1177 2160 ἑπομένων
1224 2089 1391 2157 ταύτη
1420 2089 1643 2165 ἀρετῶν.
1705 2093 1773 2149 O't
1801 2092 1903 2168 γὰρ

250 2172 414 2247 σαρκέ
480 2173 571 2229 καὶ
620 2175 815 2248 κόσμῳ
861 2177 1224 2252 νεκρώσαντες
1275 2178 1338 2233 τὸ
1396 2179 1676 2255 φρόνημα,
1736 2181 1903 2236 Πνεύ-

254 2282 389 2335 ματι
435 2266 598 2318 τοῦτο
658 2268 901 2334 ζητοῦσι,
958 2266 1047 2321 καὶ
1102 2268 1471 2345 προσφέρουσι
1505 2273 1619 2341 Θεῷ
1658 2269 1746 2324 οἴά
1783 2291 1903 2326 τινα

247 2351 462 2428 καρπὸν
487 2352 812 2427 ἀρωμάτων,
870 2352 1107 2411 ἐντολῶν
1140 2355 1303 2411 αὐτοῦ
1346 2357 1593 2428 ποίησιν·
1652 2359 1778 2434 περί
1833 2361 1900 2430 ἧς

247 2458 441 2518 φησιν·
500 2443 739 2520 Ἐφαγον
791 2440 951 2519 ἄρτον
988 2466 1093 2518 μου
1155 2446 1289 2517 μετὰ
1320 2446 1544 2518 μέλιτός
1578 2467 1704 2521 μου·
1748 2447 1898 2504 ἔπιον

247 2527 403 2583 οἶνόν
450 2550 555 2601 μου
607 2531 739 2603 μετᾶ
783 2528 1057 2607 γάλακτός
1109 2554 1234 2607 μου.
1288 2536 1395 2590 Καῖ
1420 2531 1581 2610 ἄρτος
1611 2536 1705 2609 μὶν
1736 2536 1900 2592 αὐτοῦ

244 2615 394 2671 ἐστιν
426 2616 507 2687 δν,
539 2619 614 2680 ὡς
641 2618 1024 2692 προλέλεκται,
1084 2622 1243 2684 αὐτὸς
1274 2619 1582 2694 δεδήλωκεν
1629 2623 1680 2678 ἦν
1724 2626 1899 2701 Εὐαγ-

247 2705 465 2781 γελίοις
512 2707 700 2777 εἰπὼν,
768 2708 851 2764 ὅτι
912 2711 1074 2784 Ἐμὸν
1129 2710 1327 2787 βρῶμᾶ
1382 2712 1492 2768 ἐστι
1523 2714 1586 2769 τὸ
1614 2720 1791 2770 ποιεῖν
1836 2716 1900 2771 τὸ

247 2793 473 2868 θέλημα
525 2801 623 2851 τοῦ
683 2798 893 2873 Πατρός
944 2820 1068 2872 μου·
1132 2800 1257 2874 μέλι
1316 2800 1393 2874 δὶ,
1425 2804 1492 2858 τὰ
1535 2801 1900 2879 γλυκαίνοντα

243 2884 346 2939 τὸν
374 2888 540 2939 ταῦτα
590 2888 934 2964 προφέροντα
980 2887 1246 2965 λάρυγγα,
1294 2891 1412 2945 θεῖα
1466 2890 1664 2947 τούτου
1711 2892 1895 2970 λόγια·

247 2972 402 3035 οἶνος
429 2971 508 3042 δὶ,
564 2976 602 3045 ἡ
658 2974 945 3046 έκστατική
988 2984 1087 3047 τῆς
1126 2979 1262 3033 κατὰ
1292 2978 1449 3057 φύσιν
1499 2981 1743 3044 θεώσεως
1789 2984 1896 3059 χά-

248 3081 364 3136 ρις,
413 3062 503 3116 καὶ
534 3060 677 3138 γάλα
703 3067 740 3134 ὴ
772 3061 979 3136 ἄδηλος
1007 3064 1274 3138 ἀπλότης.
1308 3069 1512 3124 Λοιπὸν
1543 3068 1594 3124 έν
1626 3073 1713 3134 αἷς
1741 3070 1899 3135 οὗτος

246 3145 348 3203 διὰ
394 3154 504 3204 τῶν
555 3151 725 3226 ἁγίων
792 3152 957 3209 αὐτοῦ
1024 3154 1261 3210 ἐντολῶν
1319 3156 1620 3234 εἰσέρχεται
1667 3163 1895 3236 ψυχαῖς,

2018 577 2410 641 Quamobrem
2466 574 2550 629 illi
2608 574 2968 646 respondens
3022 590 3036 628 :
3101 574 3264 639 Veni,
3337 572 3552 645 inquit,
3609 573 3671 628 in

2016 665 2234 721 hortum
2257 680 2459 734 meum,
2487 680 2644 720 soror
2670 679 2811 729 mea,
2832 678 3051 735 sponsa.
3076 662 3258 726 Quem
3282 666 3343 717 tu
3387 661 3670 717 nimirum

2019 755 2432 810 mandatorum
2465 768 2730 808 meorum
2756 752 3020 808 doctrina
3058 750 3392 817 consevisti,
3454 750 3672 823 quibus

2016 844 2526 916 perturbationum
2551 841 2801 915 procella
2830 842 3103 897 discussa
3123 843 3232 895 est.
3258 839 3437 895 Flavii
3469 844 3670 896 autem

2015 937 2258 989 sanctus
2287 932 2543 1005 Spiritus
2568 935 2820 1000 meus,et
2849 930 3059 1003 plantis
3091 931 3265 986 istius
3295 930 3446 985 horti
3486 929 3666 984 veluti

2015 1026 2318 1093 unguenta
2372 1022 2553 1088 varia,
2613 1021 2899 1075 virtutum
2962 1018 3218 1075 rationes
3273 1016 3666 1090 protulerunt,

2015 1127 2118 1184 per
2138 1127 2287 1183 quas
2343 1125 2449 1183 ego
2501 1126 2735 1182 quoque
2792 1110 2850 1164 in
2882 1108 3042 1164 hunc
3071 1107 3308 1163 hortum
3361 1107 3668 1179 ingressus

2015 1216 2172 1266 sum,
2229 1200 2289 1255 in
2347 1216 2463 1271 quo
2509 1199 2846 1254 voluntates
2897 1214 3059 1265 mea),
3116 1200 3322 1253 sancta
3376 1199 3670 1268 praecepta

2017 1305 2146 1346 mea
2203 1288 2468 1361 plantata
2521 1291 2682 1343 sunt.
2744 1287 2935 1358 Hujus
2964 1302 3071 1359 ego
3103 1286 3358 1341 fructum
3425 1285 3667 1340 omnino

2016 1381 2303 1453 decerpsi.
2363 1381 2472 1445 Qui
2528 1398 2669 1437 sane
2723 1381 2947 1437 fructus
2999 1380 3266 1452 ipsorum
3324 1382 3414 1434 est
3457 1393 3668 1450 prace-

2018 1474 2248 1543 ptorum
2310 1469 2658 1526 observatio.
2718 1469 2893 1526 Soror
2932 1484 3079 1539 mea,
3141 1467 3243 1540 qui
3273 1471 3484 1523 natura
3532 1482 3667 1522 sum

2019 1558 2204 1615 Filius
2246 1559 2342 1615 Dei
2375 1563 2432 1616 et
2463 1558 2677 1626 Patris,
2702 1558 2919 1631 quippe
2940 1574 3066 1630 quae
3097 1558 3227 1628 ejus
3256 1556 3668 1627 obtemperans

2016 1647 2326 1719 voluntati,
2356 1653 2416 1704 et
2462 1648 2514 1703 ei
2563 1663 2665 1719 per
2712 1647 2966 1720 gratiam
2995 1662 3095 1717 pro
3128 1645 3245 1701 tilia
3273 1660 3336 1701 es
3358 1645 3658 1717 adoptata.

2018 1737 2233 1809 Sponsa
2298 1753 2459 1807 mea,
2526 1741 2727 1809 utpote
2783 1735 2930 1791 mihi
2979 1751 3082 1807 per
3135 1733 3481 1791 charitatem
3534 1749 3668 1788 con-

2010 1827 2242 1898 juncta,
2273 1831 2451 1899 atque
2476 1843 2632 1883 unus
2662 1825 2866 1881 eil‘ecta
2887 1825 3153 1897 spiritus.
3204 1824 3510 1895 Ingressus
3558 1839 3663 1878 au-

2015 1921 2134 1972 tem
2194 1918 2253 1970 in
2305 1915 2541 1971 hortum
2630 1930 2852 1985 meum,
2908 1913 3116 1969 messui
3173 1911 3467 1984 myrrham
3538 1927 3664 1966 cum

2014 2006 2362 2077 aromatiqus
2391 2006 2530 2060 meis
2554 2023 2578 2070 ,-
2606 2019 2813 2075 nempe
2862 2001 3118 2058 carnalis
3147 2017 3359 2057 sensus
3396 1999 3662 2071 discipu-

2014 2093 2204 2150 larum
2256 2098 2498 2149 tuarum
2548 2092 3056 2149 mortiﬁcationem
3113 2105 3247 2146 cum
3338 2088 3661 2144 virtutibus

2014 2201 2142 2256 quas
2163 2183 2325 2240 illam
2357 2187 2818 2255 consequuntur.
2850 2182 2958 2249 Qui
2980 2181 3137 2237 enim
3158 2179 3319 2237 carni
3351 2184 3409 2236 et
3439 2178 3660 2234 mundo

2011 2290 2250 2330 sensum
2277 2273 2797 2343 mortiﬁcaverunt,
2831 2287 2961 2327 eum
3004 2266 3655 2343 Spiritui_dicant,Deo-

2011 2379 2125 2435 que
2145 2362 2317 2419 veluti
2352 2363 2669 2436 quemdam
2703 2365 3033 2418 aromatum
3082 2359 3359 2424 fructum,
3405 2372 3657 2428 pracep-

2008 2457 2201 2509 torum
2237 2452 2489 2508 oti‘erunt
2533 2450 3039 2508 observationem:
3103 2448 3175 2504 de
3229 2463 3366 2519 qua,
3422 2444 3653 2515 comedi,

2009 2541 2225 2614 inquit,
2253 2558 2452 2612 panem
2494 2557 2681 2596 meum
2736 2556 2862 2595 cum
2915 2539 3077 2595 melle
3130 2553 3250 2592 meo
3279 2553 3291 2592 :
3322 2535 3437 2592 bibi
3462 2536 3656 2590 vinum

2007 2648 2185 2687 meum
2213 2647 2339 2686 cum
2368 2633 2507 2686 lacte
2562 2646 2699 2686 meo.
2757 2631 2837 2684 Ac
2894 2627 3064 2699 panis
3112 2626 3349 2697 quidem
3380 2625 3509 2695 ejus
3566 2627 3659 2679 est

2007 2720 2334 2793 ille,quem,
2368 2724 2435 2775 ut
2463 2722 2635 2774 antea
2666 2719 2889 2773 dictum
2940 2720 3048 2783 est,
3106 2715 3235 2786 ipse
3284 2713 3606 2770 declaravit
3638 2728 3651 2767 :

2006 2810 2174 2877 Meus,
2206 2808 2485 2880 inquiens
2510 2807 2569 2863 in
2603 2806 2989 2879 Evangelicis,
3021 2804 3172 2862 cibus
3199 2809 3301 2872 est,
3332 2808 3396 2859 ut
3449 2804 3654 2873 faciam

2005 2900 2342 2956 voluntatem
2398 2899 2587 2954 Patris
2638 2899 2749 2953 mei
2767 2896 2830 2948 ⁸⁸.
2880 2894 2988 2951 Mel
3037 2898 3234 2950 autem
3292 2896 3430 2948 sunt
3459 2891 3655 2947 divina

2007 2990 2133 3060 ejus
2163 2988 2417 3062 eloquia,
2466 3004 2592 3059 qum
2629 2986 2895 3058 linguam
2927 3001 2961 3040 a
3015 3000 3130 3053 qua
3172 2981 3650 3055 pronuntiantur,

2005 3078 2317 3134 dulcedine
2346 3078 2726 3149 perfundunt.
2758 3076 2974 3130 Vinum
3001 3088 3134 3128 vero
3172 3077 3263 3127 est
3286 3070 3476 3143 gratia
3505 3068 3651 3125 divi-

2006 3166 2210 3222 nitatis
2238 3165 2561 3238 elargitrix,
2596 3181 2724 3236 quae
2744 3164 2802 3219 id
2826 3165 2977 3234 quod
3011 3160 3277 3218 naturale
3304 3164 3413 3228 est,
3470 3173 3653 3228 supra

240 3236 341 3292 καὶ
385 3237 569 3314 τρέφει
618 3241 712 3313 μὶν
755 3242 972 3312 ταύτας,
1023 3243 1097 3305 ὡς
1145 3244 1293 3320 ἄρτῳ
1345 3247 1478 3320 μετᾶ
1524 3248 1765 3321 μέλιτος.
1823 3253 1892 3324 τῇ

2006 3259 2277 3311 naturam
2310 3236 2675 3310 extollit.Lac
2705 3257 2899 3308 autem
2921 3256 3010 3308 est
3038 3251 3154 3307 doli
3186 3265 3393 3322 expers
3422 3245 3650 3318 simpli-

241 3328 416 3414 ἀρετῇ
466 3328 601 3399 μετὰ
645 3329 915 3404 γνώσεως·
975 3332 1182 3402 ποτίζει
1225 3331 1282 3389 δὲ
1306 3337 1394 3390 οἷα
1426 3336 1570 3392 οἶνον
1621 3339 1756 3411 μετὰ
1794 3338 1896 3414 γά-

239 3412 472 3480 λακτος,
528 3417 629 3487 τήν
684 3420 822 3475 κατὰ
869 3419 1030 3496 χάριν
1091 3423 1302 3489 θέωσιν,
1354 3426 1486 3497 μετὰ
1539 3434 1641 3497 τῆς
1690 3412 1895 3483 ἀδόλου

240 3502 577 3576 ἁπλότητος·
637 3508 737 3576 τὴν
793 3508 1000 3565 τούτων
1061 3511 1331 3587 σωτηρίαν
1390 3515 1551 3579 αὐτὸς
1579 3515 1747 3571 οῗονεί
1773 3538 1895 3573 τινα

239 3593 409 3685 ἄρτον
480 3594 615 3685 μετᾶ
673 3597 895 3669 μέλιτος
945 3597 1104 3654 ἐσθίει
1136 3642 1150 3669 ,
1199 3602 1287 3685 καὶ
1349 3601 1513 3658 οἱονεί
1571 3626 1691 3659 τινα
1746 3607 1889 3661 οἶνον

242 3681 385 3753 μετὰ
427 3683 700 3757 γάλακτος
753 3687 917 3744 πίνει.
976 3690 1130 3744 Ὅθεν
1190 3681 1324 3762 πρὸς
1389 3691 1479 3754 οὕς
1513 3694 1783 3762 εἰσῆλθεν,
1815 3697 1889 3759 ὡς

239 3767 483 3846 εἴρηται,
541 3773 632 3828 καὶ
686 3775 980 3851 οἰκητήρια
1026 3777 1253 3840 τούτους
1308 3778 1361 3834 έν
1421 3781 1560 3857 ἀγίῳ
1617 3784 1889 3857 Πνεύματι

237 3859 438 3914 ἑαυτοῦ
500 3860 746 3933 ἐποίησε,
819 3865 970 3943 φησί·
1040 3868 1264 3944 Φάγετε,
1340 3870 1392 3923 οἱ
1467 3869 1700 3941 πλησίον
1761 3894 1885 3946 μου,

233 3947 333 4003 καὶ
380 3950 553 4021 πίετε,
611 3953 701 4007 καὶ
786 3954 1111 4027 μεθύσθητε,
1179 3954 1407 4036 ἀδελφοί
1477 3981 1603 4031 μου.
1665 3962 1884 4037 Ἥγουν,

237 4037 578 4115 Στραφέντες
620 4041 727 4127 ,μὲν
772 4043 831 4097 .o't
895 4043 1304 4120 ἀπαλλαγέντες
1366 4050 1573 4121 παθῶν,
1602 4051 1691 4104 καὶ
1742 4050 1890 4127 ἐγγί-

234 4128 429 4216 σαντές
469 4149 575 4216 μοι
604 4126 697 4184 διὰ
735 4133 1126 4205 καθαρωτάτης
1163 4138 1554 4211 μεταγνώσεως
1697 4126 1885 4216 ἀρετῇ·

229 4215 393 4270 «tua
463 4214 522 4272 δὲ
568 4219 659 4273 τὸν
709 4218 1020 4277 ἐκστατικὸν
1075 4230 1176 4293 τῆς
1242 4226 1488 4289 θεώσεως
1550 4229 1693 4284 οἶνον
1736 4214 1887 4302 ’μετά

226 4309 340 4373 τῆς
371 4306 605 4396 πρόςίμε
633 4305 838 4363 ἀδόλου
868 4310 1117 4375 πίστεως.
1168 4314 1256 4368 καὶ
1290 4315 1395 4369 ἀπὸ
1437 4320 1547 4372 τῶν
1594 4318 1728 4373 κατὰ
1781 4319 1886 4396 φύ-

230 4395 493 4483 σινῗπρὸς
522 4397 589 4451 τὰ
620 4398 753 4473 ύπὶρ
808 4397 965 4474 φύσιν
1019 4402 1340 4474 μετάστητε,
1392 4404 1484 4467 οὕς
1532 4408 1667 4461 κατᾶ
1723 4410 1887 4483 χάριν

227 4484 293 4538 ἐν
513 4486 790 4559 Πνεύματι
839 4489 1129 4561 υίοθέτησα
1170 4496 1250 4565 τῷ
1281 4490 1405 4567 ἰδίῳ
1463 4497 1653 4571 Ηατρί·
1704 4482 1884 4554 Ταῦτα

2005 3344 2172 3401 citas.
2205 3345 2470 3416 Sponsus
2499 3342 2685 3415 igitur
2714 3342 2774 3397 in
2834 3359 2982 3415 quas
3004 3356 3109 3414 per
3136 3344 3340 3396 sancta
3369 3336 3652 3393 mandata

2003 3451 2132 3499 sua,
2165 3434 2395 3489 animas
2424 3432 2774 3503 ingreditur,
2797 3447 2896 3487 eas
2926 3436 3050 3487 tum
3085 3429 3272 3485 nutrit
3299 3426 3469 3501 quasi
3501 3440 3649 3497 pane

2002 3523 2255 3594 quodam
2288 3538 2420 3577 cum
2455 3520 2648 3589 melle,
2691 3520 2904 3574 virtute
2933 3535 3067 3575 cum
3099 3517 3461 3590 cognitione:
3517 3520 3648 3569 tum

2002 3616 2183 3683 potat,
2217 3610 2382 3681 quasi
2416 3609 2550 3664 vino
2581 3625 2715 3664 cum
2758 3609 2928 3674 lacte,
2962 3624 3237 3663 concessa
3264 3622 3366 3677 per
3394 3603 3644 3675 gratiam

1999 3699 2323 3765 divinitate,
2353 3715 2487 3754 cum
2521 3702 2743 3754 remota
2762 3714 2797 3753 a
2826 3697 2958 3752 dolo
2990 3695 3388 3767 simplicitate.
3423 3696 3644 3746 Horum

1996 3806 2131 3846 vero
2162 3788 2410 3845 salutem
2431 3793 2712 3858 tanquam
2738 3802 2950 3859 panem
2973 3784 3290 3856 quemdam
3311 3796 3448 3837 cum
3471 3778 3644 3835 melle

2000 3881 2125 3951 ipse
2155 3878 2426 3947 comedit,
2458 3894 2523 3933 ac
2552 3876 2729 3932 veluti
2761 3876 2962 3930 vinum
2994 3873 3291 3945 quoddam
3322 3886 3459 3927 cum
3494 3868 3644 3924 laete

1995 3969 2163 4024 bibit.
2198 3970 2402 4039 Itaque
2432 3967 2504 4021 ad
2540 3982 2710 4037 quos,
2743 3970 2810 4020 ut
2838 3964 3119 4029 diximus,
3167 3962 3472 4033 ingressus
3527 3964 3640 4022 est,

1996 4073 2263 4129 quosque
2291 4055 2591 4112 domicilia
2622 4055 2806 4110 suain
2838 4052 3057 4126 Spiritu
3084 4056 3287 4107 sancto
3313 4047 3640 4115 constituit,

1996 4146 2149 4217 ipsos
2172 4145 2381 4200 invitat
2410 4146 2477 4199 ad
2514 4145 2670 4199 hunc
2701 4144 2977 4199 modum:
3005 4140 3292 4207 Comedite,
3347 4134 3644 4209 propinqui

1994 4237 2124 4299 mei,
2157 4238 2208 4289 et
2276 4234 2463 4303 bibite,
2523 4233 3023 4301 eLinebriamini,
3074 4234 3286 4301 fratres
3326 4228 3475 4283 mei:
3536 4223 3641 4295 qui

1993 4323 2262 4379 videlicet
2292 4323 2554 4379 conversi
2589 4322 2751 4385 estis,
2783 4326 2840 4377 et
2875 4321 3014 4376 vitia
3070 4316 3393 4392 repulistis,
3449 4319 3507 4371 et
3564 4314 3637 4368 ad

1995 4429 2110 4481 me,
2140 4414 2413 4469 virtutem
2447 4428 2581 4467 cum
2634 4428 2779 4484 pura
2836 4410 3165 4481 cognitione
3210 4406 3491 4470 colentes,
3542 4418 3637 4457 ac-

1993 4503 2276 4558 cessistis.
2313 4502 2496 4557 Bibite
2528 4510 2721 4557 autem
2780 4499 3260 4571 obstupefaciens
3315 4494 3639 4550 divinitatis

223 4576 365 4675 γοῦν
387 4572 594 4675 διὰ1τὰς
641 4576 1013 4675 παρακλήσεις
1040 4587 1142 4649 τῆς
1190 4580 1406 4660 νύμφης
1457 4585 1594 4659 πρὸς
1649 4586 1746 4649 τὰς
1781 4608 1880 4659 μα-

2004 4592 2190 4647 vinum
2225 4608 2356 4648 cum
2390 4591 2507 4647 doli
2540 4595 2772 4663 experte
2802 4606 2936 4662 erga
2968 4605 3061 4643 me
3093 4588 3241 4642 fide:
3276 4590 3334 4640 et
3387 4584 3460 4638 ab
3518 4581 3637 4636 illis

222 4662 600 4734 θητευομένας
659 4664 943 4740 εἰρηκότος
998 4672 1096 4723 τοῦ
1145 4671 1419 4749 νυμφίου,
1469 4672 1601 4743 αὕτη
1660 4674 1878 4737 ταύταις

223 4751 432 4821 ἑαυτὴν
480 4756 782 4827 ποιουμένη
834 4755 1177 4835 παράδειγμα
1230 4765 1328 4816 τοῦ
1383 4766 1502 4825 πῶς
1557 4763 1879 4819 ἀκούσονται

218 4844 333 4907 τῆς
384 4849 572 4917 φωνῆς
644 4848 743 4898 τοῦ
800 4845 1038 4924 νυμφίου
1097 4848 1291 4922 αὐτῆς,
1348 4850 1438 4905 καὶ
1498 4851 1878 4909 είσοικίσονται

215 4932 444 4999 τοῦτον,
503 4930 682 5008 φησίν·
739 4934 878 5009 Ἐγὼ
932 4934 1195 5009 καθεύδω,
1256 4939 1411 5017 φησὶ,
1468 4941 1558 4996 καὶ
1617 4944 1651 5011 ἡ
1683 4939 1880 5016 καρδία

219 5037 338 5091 μου
421 5020 702 5095 ἀγρυπνεῖ,
788 5025 939 5099 φωνή
1011 5022 1309 5101 ἀδελφιδοῦ
1365 5042 1469 5102 μου
1524 5029 1729 5105 κρούει,
1790 5032 1878 5087 έπὶ

209 5106 323 5174 τὴν
400 5106 582 5182 θύραν.
660 5109 764 5167 Καὶ
829 5110 1076 5176 καθεύδω
1124 5117 1217 5188 μὲν
1277 5118 1414 5191 πρὸς
1459 5118 1524 5172 τὰ
1584 5117 1717 5189 ἡδέα
1769 5125 1878 5175 τῶν

211 5198 532 5272 παρόντων,
604 5198 690 5254 ἐπὶ
746 5200 966 5264 τούτοις
1017 5206 1085 5277 τῇ
1136 5204 1296 5280 ἀργίᾳ
1354 5207 1534 5285 ὥσπερ
1595 5210 1874 5266 ὑπνουσῶν

215 5306 333 5359 μου
389 5291 499 5341 τῶν
539 5287 864 5359 αἰσθήσεων.
897 5297 1164 5368 Γρηγορεῖ
1193 5291 1250 5349 δέ
1284 5316 1389 5367 μου
1441 5297 1469 5351 ὁ
1499 5303 1645 5368 νοῦς,
1678 5299 1763 5354 ῗνα
1796 5302 1872 5372 μὴ

212 5376 248 5429 6
280 5374 421 5450 ὁπὶρ
466 5373 631 5463 λόγον
664 5378 839 5453 Λόγος
874 5378 1050 5443 ἐλθὼν
1083 5381 1285 5459 εὑρήσῃ
1315 5384 1473 5440 αὐτὸν
1508 5387 1871 5463 ῥᾳθυμοῦντα·

208 5463 301 5517 Ἐν
330 5465 418 5525 οἷς
481 5461 539 5520 δὶ
592 5473 879 5542 γρηγορεῖ,
923 5468 1106 5525 ἀκούει
1157 5478 1256 5542 τῆς
1285 5473 1450 5530 αὐτοῦ
1506 5461 1604 5533 τοῦ
1649 5461 1873 5555 ἀγαπη-

285 5681 337 5716 ⁶³
366 5679 537 5739 Joan.
571 5699 647 5741 ιν.
683 5681 769 5740 34.

1990 4698 2119 4753 quae
2150 4680 2443 4736 naturalia
2472 4685 2633 4750 sunt,
2692 4680 2761 4733 ad
2812 4696 2879 4734 ea
2909 4695 3037 4750 qua
3068 4680 3291 4731 naturas
3334 4675 3632 4747 praestant,

1988 4769 2432 4825 transferimini.
2494 4771 2650 4835 Quos
2696 4783 2833 4839 ergo
2878 4784 2981 4839 per
3037 4764 3378 4838 gratiamin
3430 4763 3633 4817 sancto

1988 4859 2208 4931 Spiritu
2268 4859 2417 4915 ﬁlios
2473 4858 2746 4930 adoptavi
2807 4856 2962 4913 Patri
3013 4871 3161 4912 meo.
3245 4852 3378 4909 Haec
3454 4852 3636 4922 igitur

1988 4964 2245 5020 sponsus
2276 4964 2411 5003 cum
2442 4964 2546 5019 per
2591 4962 2824 5018 sponsa:
2885 4944 3327 5001 adhortationes
3383 4942 3457 4998 ad
3506 4941 3633 5010 ejus

1988 5037 2309 5110 discipulas
2338 5035 2738 5107 dixisset,ipsa
2762 5050 2823 5091 se
2844 5034 2965 5089 illis
2984 5032 3315 5104 exemplum
3341 5031 3629 5103 praebens,

1987 5143 2103 5198 quo
2134 5127 2306 5183 modo
2336 5126 2539 5181 audire
2565 5126 2815 5180 debeant
2841 5139 3037 5180 vocem
3068 5121 3269 5194 sponsi
3317 5120 3430 5187 sui,
3465 5135 3630 5175 eum-

1987 5233 2099 5288 que
2128 5216 2188 5271 in
2221 5217 2463 5271 domum
2495 5213 2905 5269 introducere:
2944 5213 3073 5281 Ego,
3118 5210 3335 5282 inquit,
3392 5210 3625 5278 dormio,

1985 5310 2038 5361 et
2065 5321 2156 5362 cor
2211 5321 2393 5361 meum
2446 5304 2663 5373 vigilat,
2712 5317 2819 5357 vox
2872 5304 3087 5374 nepotis
3141 5301 3253 5356 mei
3306 5300 3491 5371 pulsat
3551 5299 3632 5354 ad

1984 5396 2205 5451 ostium.
2232 5395 2301 5449 Et
2355 5394 2584 5449 dormio
2616 5391 2849 5465 quidem
2894 5392 2965 5447 ad
3007 5408 3076 5447 ea
3105 5407 3233 5462 quae
3264 5389 3323 5444 in
3355 5389 3466 5445 hac
3512 5389 3630 5443 vita

1980 5484 2242 5554 jucunda
2272 5483 2562 5550 videntur,
2594 5497 2726 5537 cum
2774 5497 2983 5537 sensus
3015 5480 3129 5535 mei
3157 5478 3326 5551 quasi
3358 5495 3461 5551 per
3488 5494 3629 5533 con-
