4102 6342
379 319 498 380 635

1708 315 2133 380 MICHAELIS
2175 318 2451 380 PSELLI

3659 320 3781 382 636

374 455 664 524 temptum
698 450 963 524 ipsorum
998 451 1173 524 sopiti
1202 450 1340 507 sint.
1375 450 1589 522 Vigilat
1627 455 1824 507 autem
1858 466 2023 505 mens

2159 452 2233 502 τοῦ
2269 471 2370 522 μου
2402 456 2587 529 φωνῆς
2617 449 2910 527 κρούοντος
2943 449 3025 506 ἐπ’
3082 449 3264 505 αὐτόν.
3322 450 3399 505 Δι’
3452 450 3513 505 οὗ
3567 451 3645 513 ὡς
3704 448 3794 505 διά

376 558 523 610 mea,
558 559 629 596 ne
658 558 915 612 sponsus
947 555 1114 595 meus
1146 543 1427 605 Verbum,
1464 541 1652 595 verbis
1700 538 2017 610 inexplica-

2127 558 2271 600 τινος
2305 539 2467 615 Θύρας
2500 538 2655 601 οὗτος
2688 539 2990 615 εἰσέρχεται
3039 539 3115 603 εἷς
3144 542 3241 608 τὴν
3277 541 3482 614 ψυχήν,

376 630 516 696 bile,
547 630 1090 697 veniens,inveniat
1140 646 1266 685 eam
1311 630 1746 685 dormitantem.
1785 631 1847 683 In
1880 629 2096 699 quibus
2138 633 2331 684 autem
2405 648 2571 686 mens
2631 631 2850 703 vigilat,
2912 632 3078 686 audit
3131 648 3329 687 vocem
3391 630 3589 689 dilecti
3680 631 3796 687 mei

380 719 677 774 Pulsantis
708 719 778 773 ad
813 734 965 782 eam,
999 734 1101 788 per
1131 735 1308 791 quam
1345 723 1629 789 tanquam
1663 735 1762 789 per
1784 718 2032 787 januam
2067 720 2382 789 quamdam
2412 720 2473 774 in
2504 720 2759 775 animam
2791 720 3146 791 ingreditur,

1115 826 1310 880 Pselli.

454 915 565 969 Sed
624 930 855 985 sponsm
912 915 1150 970 Cantica
1208 932 1444 970 rursum
1509 914 1843 969 audiamus.
1927 915 2035 969 Vox

379 1003 693 1057 consobrini
720 1003 830 1057 mei
864 1004 1050 1073 pulsat
1106 1005 1178 1059 ad
1224 1007 1442 1059 ostium.
1486 1005 1651 1074 Aperi
1681 1004 1838 1069 mihi,
1880 1018 2035 1058 soror

377 1109 520 1159 mea,
572 1092 760 1162 inquit
803 1109 1057 1163 sponsus
1110 1109 1274 1147 meus
1328 1094 1521 1148 media
1576 1093 1646 1146 de
1710 1096 1877 1147 nocte
1939 1108 2032 1146 ve-

378 1182 566 1236 niens.
600 1180 804 1235 Cordis
834 1183 1048 1236 ostium
1096 1183 1257 1249 mihi,
1314 1183 1527 1253 inquit,
1580 1182 1916 1252 patefacito,
1967 1185 2033 1234 ut

375 1270 434 1324 in
494 1276 549 1325 te
600 1269 965 1325 mansionem
1028 1272 1236 1325 faciam
1296 1288 1429 1325 cum
1505 1272 1672 1325 Patre
1732 1287 1859 1325 meo
1913 1270 1958 1303 ⁸⁸
2017 1285 2032 1325 :

375 1359 695 1414 virtutibus
746 1359 900 1413 enim
952 1360 1208 1430 profecto
1271 1360 1414 1414 mihi
1482 1360 1814 1431 propinqua
1859 1360 2031 1414 facta.

378 1465 463 1503 es.
525 1448 689 1513 Quod
737 1449 785 1502 si
843 1450 1144 1520 aperueris
1201 1448 1365 1517 mihi,
1418 1449 1566 1504 dabo
1634 1449 1740 1503 tibi
1817 1464 2033 1503 munus

380 1553 687 1607 magnum,
720 1552 907 1592 rorem
953 1539 1150 1608 capitis
1181 1538 1309 1605 mei,
1334 1542 1382 1593 et
1412 1540 1802 1593 cincinnarum
1832 1541 2034 1608 guttas:

380 1626 490 1681 hoc
519 1630 610 1681 est
640 1625 858 1698 largiar
892 1627 995 1680 tibi
1047 1628 1445 1682 curandorum
1501 1626 1809 1681 hominum
1846 1625 2032 1679 facul-

376 1718 580 1771 tatem.
616 1715 731 1770 Ros
763 1714 918 1771 enim
944 1731 1109 1770 meus
1139 1720 1228 1771 est
1259 1714 1567 1770 hominum
1604 1712 1916 1770 medicina.

975 2004 1161 2058 Trium
1192 2004 1443 2057 Patrum.

457 2092 599 2148 Talis
646 2100 833 2148 autem
887 2096 966 2147 est
1023 2092 1100 2146 ad
1156 2106 1242 2145 me
1297 2106 1404 2145 vox
1449 2092 1634 2162 sponsi
1660 2090 1819 2145 mei:
1880 2087 2044 2159 Aperi

383 2183 546 2253 mihi,
602 2196 760 2237 soror
810 2197 951 2243 mea.
1008 2182 1330 2252 prapinqua
1385 2195 1527 2244 mea,
1585 2179 1834 2235 columba
1896 2193 2039 2243 mea,

383 2275 639 2342 por/ecta
668 2287 812 2327 mea.

454 2359 626 2429 Aperi
661 2358 807 2413 mihi
868 2362 1124 2414 mentem
1170 2363 1357 2423 tuam,
1410 2362 1475 2413 ut
1511 2374 1618 2430 ego
1642 2358 1744 2429 qui
1777 2373 2040 2427 compre-

389 2448 567 2503 hendi
601 2464 845 2517 nequeo,
873 2463 974 2519 per
1003 2446 1168 2502 illam
1204 2448 1261 2501 in
1294 2451 1349 2501 te
1380 2446 2043 2516 comprehendar,Soror

381 2553 522 2602 mea,
561 2541 856 2608 quatenus
908 2536 1053 2591 facis
1111 2536 1467 2591 voluntatem
1516 2537 1705 2590 Patris
1737 2534 2043 2589 mei:Pro-

384 2629 596 2696 pinqua
623 2641 766 2691 mea,
789 2628 912 2698 jam
948 2625 1101 2681 facta
1130 2630 1368 2697 propter
1426 2624 1644 2680 mentis
1703 2622 2040 2692 tranquilli-

387 2718 609 2770 tatem:
642 2715 904 2770 Columba
967 2730 1109 2778 mea,
1156 2719 1357 2784 utpote
1413 2730 1540 2784 quae
1572 2713 1759 2767 sancti
1792 2711 2041 2783 Spiritus

391 2805 502 2858 mei
536 2819 785 2858 munera
823 2804 1141 2873 acceperis.
1189 2804 1402 2873 quibus
1460 2810 1736 2873 tanquam
1772 2802 1881 2855 alia
1940 2816 2043 2870 per

390 2892 752 2947 affectionem
807 2894 878 2947 ab
939 2893 1215 2947 omnibus
1252 2893 1498 2945 terrenis
1549 2891 1723 2946 rebus
1775 2890 2039 2957 avolasti,

390 2988 565 3053 atque
598 2983 655 3036 in
689 2998 781 3035 me
814 2982 885 3035 ab
915 2982 1077 3036 omni
1103 2982 1348 3035 materia
1380 2986 1599 3035 remoto
1632 2986 1811 3052 atque
1840 2979 2041 3034 ineffa-

389 3069 493 3124 bili
526 3074 581 3125 et
606 3072 820 3125 mentis
847 3075 1083 3141 captum
1116 3071 1428 3125 excedente
1475 3068 1883 3140 couquievisti.
1940 3070 2041 3123 At-

393 3176 508 3231 que
564 3161 643 3215 ita
693 3162 937 3231 perfecta
983 3175 1129 3225 mea,
1190 3162 1255 3213 ut
1312 3175 1415 3229 per
1463 3158 1750 3214 actionem
1793 3161 2044 3229 purgata

387 3256 444 3304 et
474 3266 577 3321 per
600 3248 1151 3318 contemplationem
1212 3250 1271 3302 in
1331 3248 1540 3319 spiritu
1576 3246 1926 3311 illuminata,
1986 3251 2044 3301 et
2072 3266 2113 3333 ρ

390 3340 651 3394 numeris
678 3340 952 3395 omnibus
983 3355 1087 3411 per
1115 3339 1442 3403 divinitatis
1472 3340 1723 3409 gratiam
1768 3337 2040 3409 expolita.

391 3429 562 3499 Aperi
591 3434 789 3483 autem
834 3429 995 3493 mihi,
1044 3430 1327 3499 quoniam,
1377 3432 1441 3482 ut
1491 3428 1713 3481 dictum
1747 3435 1852 3494 est,
1883 3430 2044 3498 caput

391 3531 578 3571 meum
607 3526 684 3571 est
714 3518 944 3588 plenum
974 3533 1121 3583 rore,
1154 3521 1206 3571 et
1234 3518 1487 3571 cincinni
1506 3518 1617 3571 mei
1643 3518 1809 3586 guttis
1848 3516 2039 3570 noctis.

396 3606 465 3660 Et
514 3612 691 3676 caput
738 3606 975 3677 quidem
1036 3606 1245 3677 ipsius,
1309 3605 1461 3676 quod
1512 3621 1613 3675 per
1642 3604 2042 3659 excellentiam

394 3696 639 3767 mystice
670 3694 1024 3750 declaratum
1060 3699 1149 3750 est
1170 3696 1615 3761 Vcrbum,Mens
1646 3693 1748 3747 illa
1778 3693 2042 3747 ineffabi-

391 3782 465 3838 lis
487 3801 613 3855 quas
638 3784 893 3839 Verbum
927 3784 1150 3855 genuit,
1186 3799 1427 3853 quaeque
1475 3799 1505 3837 a
1538 3783 1712 3837 rebus
1769 3781 2047 3836 omnibus

392 3874 553 3927 omni
584 3874 810 3928 ratione
846 3874 1072 3927 inlicite
1104 3873 1303 3927 distat.
1339 3871 1625 3942 lmpletur
1654 3875 1873 3936 autem,
1905 3870 2046 3923 dum

393 3966 669 4032 tanquam
704 3979 830 4017 rore
857 3964 1172 4033 perfectam
1199 3962 1460 4016 animam
1484 3959 1686 4031 implet
1718 3959 2050 4031 cognitione

398 4068 519 4106 suae
554 4051 876 4106 divinitatis
909 4068 1009 4121 per
1030 4051 1308 4105 terminos
1336 4047 2053 4120 abnegantes;cuiusmodi

402 4145 563 4209 sunt,
596 4156 838 4211 supersu
852 4138 1320 4205 bstantiale,sine
1349 4138 2048 4209 principio,immensum,

400 4229 694 4285 inﬁnitum
740 4233 797 4283 et
852 4228 950 4281 alii
1010 4228 1277 4297 ejusdem
1338 4227 1589 4298 generis.
1645 4227 1823 4297 llujus
1853 4232 2046 4281 autem

398 4317 680 4384 cincinni,
712 4334 776 4371 ex
808 4334 873 4373 eo
907 4316 1095 4386 capite
1128 4320 1268 4369 sunt
1297 4316 1460 4369 bona;
1484 4315 1670 4370 Patris
1701 4314 2050 4379 voluntates,

396 4406 456 4461 in
487 4406 703 4476 Spiritu
736 4410 939 4459 sancto
966 4406 1036 4459 ab
1060 4404 1191 4475 ipso
1218 4404 1528 4475 Unigenito
1551 4405 1619 4458 ad
1651 4404 1824 4458 ﬁnem
1844 4405 2051 4474 perdu-

397 4495 675 4556 ctae.0uze
709 4494 943 4565 quidem
978 4498 1262 4563 tanquam
1306 4492 1489 4563 guttis
1521 4492 2049 4564 nocturnis,plenaa

400 4583 796 4651 suntjudiciis
826 4583 1060 4649 divinis,
1112 4582 1263 4652 quod
1301 4581 1713 4651 comprehendi
1741 4586 2050 4652 nequeant.
2088 4633 2130 4696 Ο

402 4671 1036 4696 ε..--....,.-ιε.....ι.;1;ιρ..-..
1072 4672 1145 4696 ιβ..
1180 4686 1291 4696 ’.μη
1324 4673 1496 4696 ..Αηιέη
1530 4674 1689 4696 --.διη-
1720 4687 2029 4696 .........-..-..

402 4671 1039 4743 impervestigabilibus
1072 4672 1147 4725 Ex
1178 4686 1293 4741 quo
1323 4673 1496 4725 noctis
1524 4674 1689 4742 guttae
1720 4687 2054 4742 nuncupan-

404 4766 522 4830 tur,
557 4763 723 4832 quasi
759 4761 972 4815 minuti
1006 4761 1246 4831 quidam
1280 4776 1521 4830 vapores
1554 4760 1908 4833 cognitionis
1968 4763 2053 4813 in-

404 4851 840 4922 comprehensce
875 4853 1049 4921 atque
1080 4848 1390 4905 inaccessaa
1414 4849 1876 4904 divinitatis.Per
1905 4865 2053 4920 quas

406 4938 647 5008 quidem
671 4937 932 5010 guttulas
956 4938 1309 5009 cognitionis
1325 4952 1490 4992 mens
1507 4938 1716 4992 animas
1732 4938 1845 4993 Deo
1868 4937 2054 4993 Verbo

402 5027 767 5099 desponsatas
800 5028 1086 5099 patefacta
1115 5031 1172 5081 et
1201 5030 1401 5097 aperta
1432 5027 1625 5097 ipsum
1652 5027 1971 5082 introducit
1995 5026 2055 5081 in

406 5118 645 5171 domum
679 5118 1240 5187 suam.0uapropter
1268 5119 1323 5170 et
1352 5119 1631 5185 tanquam
1653 5132 1831 5171 causa
1862 5115 2053 5171 illius:

406 5206 569 5275 Aperi
588 5207 976 5260 mihi:dictum
1010 5210 1117 5259 est:
1152 5206 1291 5273 Quia
1324 5214 1485 5274 caput
1516 5220 1692 5259 meum
1724 5206 1950 5275 plenum
1981 5207 2058 5260 est

406 5310 530 5349 rore
558 5312 577 5355 ,·
605 5300 661 5349 et
692 5311 817 5365 quae
851 5295 1514 5365 sequunturﬁaemrum,
1541 5310 1572 5347 ο
1595 5292 2060 5365 discipulae,quia

409 5384 493 5437 sic
512 5399 706 5439 vocem
724 5384 924 5454 sponsi
942 5382 1349 5449 meiaudivi,et
1374 5381 2059 5453 intelligibilemjanuam

414 5488 603 5527 meam
657 5472 918 5544 patefeci,
963 5476 1136 5542 atque
1190 5468 1440 5524 incolam
1469 5471 1701 5541 possedi
1730 5471 1924 5543 ipsum
1959 5472 2060 5543 qui

481 5655 526 5691 υ
565 5653 767 5727 Jeoan,
799 5654 945 5721 XIV,
977 5655 1066 5709 23.

2840 823 3086 881 Ψελλοῦ.

2215 912 2373 968 Ἀλλ’
2405 912 2556 978 αὖθις
2590 914 2945 986 ἀκουσώμεθα
2972 913 3072 980 τῆς
3104 914 3320 991 νύμφης
3343 918 3449 969 τῶν
3479 915 3792 987 Ἀσμάτων·

2217 1003 2381 1070 Φωνὴ
2437 1003 2532 1056 τοῦ
2590 1001 2885 1077 ἀδελφιδοῦ
2935 1008 3039 1075 μοῦ
3095 1004 3281 1075 κρούει
3331 1002 3546 1070 ἐπὶτὴν
3600 1001 3787 1077 θύραν⁸

2143 1091 2393 1161 ’Ἃνοιξόν
2431 1113 2546 1163 μοι,
2573 1090 2779 1165 ἀδελφή
2809 1113 2935 1163 μου.

2215 1180 2387 1251 Φησὶ»
2422 1180 2474 1234 ἐν
2508 1181 2654 1254 μέσῳ
2685 1188 2782 1249 τῆς
2814 1182 3003 1242 νυκτὸς
3035 1181 3107 1241 ὡς
3139 1177 3306 1249 ἦλθεν
3339 1181 3367 1235 ὁ
3398 1179 3656 1257 νυμφίος,

2142 1271 2258 1339 Τὴν
2291 1270 2452 1343 θύραν
2486 1269 2839 1339 ἀναπέτασον,
2874 1270 3008 1341 εἶπε,
3048 1269 3139 1341 μοὶ
3170 1276 3269 1339 τῆς
3299 1267 3545 1342 καρδίας,

2142 1360 2232 1420 Ὠς
2262 1357 2324 1413 ἂν
2366 1359 2416 1413 ἐν
2451 1359 2535 1413 σοὶ
2566 1361 2886 1431 ποιήσωμαι
2920 1361 3088 1430 μονὴν
3122 1357 3214 1413 σὺν
3244 1363 3325 1431 τῷ
3356 1358 3524 1433 Πατρί
3559 1379 3685 1431 μου.

2144 1451 2280 1509 Ταίς
2312 1450 2525 1521 ἀρεταῖς
2546 1448 2645 1522 γὰρ
2678 1449 2919 1522 πέφυκας
2947 1444 3118 1511 ὅντως
3148 1447 3285 1520 ἐμοῦ
3315 1448 3577 1518 πλησίον.

2142 1537 2205 1591 Εἰ
2235 1542 2362 1612 γοῦν
2396 1537 2622 1608 ἀνοίξεις
2657 1558 2772 1608 μοι,
2809 1537 2995 1615 φησὶν,
3028 1534 3186 1591 δώσω
3246 1557 3331 1591 σοι
3385 1535 3557 1612 δῶρον
3625 1537 3798 1610 μέγα⁶

2142 1629 2249 1695 Τὴν
2323 1625 2512 1695 δρόσον
2603 1648 2707 1699 μου
2790 1634 2888 1696 τῆς
2964 1623 3207 1703 κεφαλῆς
3269 1623 3506 1698 ψεκαδας
3560 1645 3619 1679 τε
3672 1625 3806 1699 βοσ-

3526 1714 3772 1790 [τρύχων
3785 1757 3799 1771 .

2144 1804 2363 1880 Ἦγουν,
2398 1806 2609 1871 Ἰάσεις,
2642 1802 2877 1861 ἐκτελεῖν
2908 1801 3068 1860 δώσω
3101 1825 3185 1858 σοι
3218 1804 3357 1876 πρὸς
3388 1802 3726 1878 ἀνθρώπους·

2066 1898 2112 1963 Β
2145 1895 2305 1968 Ἲαμα
2343 1894 2444 1970 γὰρ
2471 1897 2505 1963 ἡ
2541 1892 2731 1969 δρόσος
2766 1915 2871 1967 μου
2900 1892 3161 1969 τυγχάνει
3191 1897 3308 1957 τοῖς
3336 1891 3668 1967 ἀνθρώποις.

2717 2004 2833 2055 Τῶν
2865 2001 2911 2074 γ’
2952 1998 3203 2077 Πατὲρων
3217 2042 3228 2054 .

2218 2088 2451 2159 Τοιαύτη
2511 2087 2568 2144 δὲ
2624 2088 2766 2144 ἐστιν
2820 2092 2854 2158 ἡ
2914 2086 3055 2163 πρός
3110 2108 3175 2160 με
3225 2091 3321 2142 τοῦ
3351 2085 3589 2161 νυμφίου
3619 2088 3800 2164 φωνή·

2148 2179 2391 2252 *Ανοιξόν
2440 2200 2555 2251 μοι,
2597 2177 2804 2257 ἀδελφή
2847 2198 2976 2251 μου,
3008 2178 3041 2247 ἠ
3075 2174 3313 2246 πλησίον
3350 2197 3475 2251 μου,
3507 2175 3804 2251 περιστερά

2156 2289 2280 2342 μου,
2313 2265 2497 2323 τελεία
2531 2289 2657 2340 μου.

2222 2356 2473 2427 ”Λνοιξον
2532 2353 2590 2411 δέ
2650 2377 2746 2428 μοι
2802 2354 2894 2409 τὸν
2926 2359 3074 2421 νοῦν,
3103 2356 3197 2408 ἳνα
3252 2354 3508 2429 χωρητός
3569 2373 3655 2407 σοι
3714 2349 3807 2407 διὰ

2154 2447 2320 2521 μέσου
2373 2445 2539 2501 αὐτοῦ
2598 2446 2627 2499 ό
2659 2445 2951 2521 ἀχώρητος
2986 2444 3253 2518 γένωμαι.
3290 2440 3528 2519 Ἀδελφή
3568 2449 3693 2515 μὸυο
3728 2440 3810 2501 ὡς

2150 2540 2385 2591 ποιοῦσα
2431 2536 2494 2590 τὸ
2551 2531 2771 2607 θέλημα
2820 2538 2917 2589 τοῦ
2973 2534 3183 2609 Πατρός
3238 2554 3383 2605 μου,
3438 2533 3501 2588 Ἡ
3562 2530 3809 2600 πλησίον

2154 2645 2260 2698 μου
2315 2622 2424 2693 ἤδη
2482 2622 2745 2700 γενομὲνη
2808 2620 2878 2677 δι’
2934 2621 3231 2678 ἀπάθειαν.
3311 2618 3605 2696 Περιστερά
3676 2640 3809 2690 μου,

2151 2714 2225 2776 ὡς
2274 2715 2341 2767 τὰ
2388 2712 2701 2788 χαρίσματα
2729 2715 2825 2766 τοῦ
2873 2710 3138 2786 παναγίου
3200 2730 3304 2781 μου
3345 2708 3663 2782 Πνεύματος
3694 2706 3803 2762 λα-

2152 2798 2340 2868 ϐοῦσα,
2403 2804 2492 2856 οἷα
2561 2800 2833 2875 πτέρυγας
2888 2803 3263 2875 Ρπεριστερᾶςο
3322 2798 3411 2853 καὶ
3480 2799 3808 2852 πετασθεῖσα

2150 2892 2286 2947 κατὰ
2328 2888 2560 2944 διάθεσιν
2614 2889 2720 2943 ἀπὸ
2769 2890 2986 2944 πάντων
3012 2892 3117 2943 τῶν
3145 2886 3372 2964 γηίνων,
3421 2887 3511 2943 καὶ
3541 2886 3623 2941 ἐπ’
3674 2886 3805 2959 ἐμοὶ

2148 2985 2228 3052 τῷ
2282 2977 2457 3051 ἀΰλῳ,
2522 2978 2743 3054 ἀῤῥήτῳ
2805 2999 2863 3032 τε
2912 2977 3001 3032 καὶ
3051 2978 3183 3052 ὑπὲρ
3241 2981 3365 3031 νοῦν
3419 2974 3811 3031 καταπαύσασα

2152 3068 2326 3143 λόγῳ⁶
2372 3068 2650 3132 κάντεῦθεν
2678 3066 2860 3122 τελεία
2921 3088 3048 3141 μου,
3088 3068 3163 3129 ὡς
3192 3071 3518 3142 καθαρθεῑσα
3548 3063 3636 3120 διὰ
3664 3066 3809 3139 πρά-

2153 3158 2282 3229 ξεως
2339 3156 2428 3212 καὶ
2461 3162 2787 3235 φωτισθεῖσα
2844 3153 2933 3210 διὰ
2984 3156 3083 3225 τῆς
3134 3154 3184 3209 ἐν
3245 3155 3515 3228 πνεύματι
3544 3153 3803 3229 Θεωρίας,

2153 3248 2241 3303 καὶ
2321 3246 2676 3310 τελειωθεῖσα
2760 3244 2847 3300 διὰ
2929 3252 3030 3315 τῆς
3102 3246 3237 3299 κατὰ
3316 3246 3477 3320 χάριν
3537 3244 3815 3307 θεώσεως.

2153 3337 2398 3406 ’Ἁνοιξον
2461 3334 2517 3389 δὲ
2582 3357 2697 3408 μοι,
2758 3336 2832 3397 ὡς
2893 3332 3128 3410 εἶ’ρηται,
3186 3334 3269 3388 δτι
3325 3335 3357 3402 ἠ
3417 3334 3627 3411 κεφαλή
3692 3352 3801 3403 μου

2154 3422 2405 3493 ἐπλήσθη
2466 3421 2700 3496 δρόσου,
2780 3422 2868 3477 καὶ
2927 3424 2978 3476 οἱ
3034 3422 3332 3497 βόστρυχοί
3398 3442 3502 3492 μου
3555 3416 3807 3493 ψεκάδων

2152 3512 2385 3574 νυκτός.
2443 3512 2549 3566 Καὶ
2604 3511 2816 3587 κεφαλὴ
2882 3512 2976 3583 μὲν
3033 3510 3140 3565 ἐστι
3192 3515 3289 3564 τοῦ
3346 3510 3464 3572 καθ’
3521 3508 3802 3582 ὑπεροχὴν

2157 3602 2429 3675 μυστικῶς
2486 3599 2941 3678 ἀποπεφασμένου
3000 3600 3204 3673 Λόγου,
3266 3600 3293 3652 ὁ
3349 3602 3540 3652 τοῦτον
3570 3598 3687 3653 κατ’
3716 3596 3813 3652 οὐ·

2154 3692 2271 3745 σίαν
2332 3693 2553 3763 γεννῶν,
2616 3689 2703 3742 καὶ
2755 3676 2971 3742 πάντων
3033 3688 3172 3742 κατὰ
3201 3687 3368 3742 πάντα
3423 3686 3624 3762 τρόπον
3657 3686 3815 3741 ἀπεί-

2155 3799 2263 3855 ρως
2294 3778 2654 3850 ἐξῳκισμένος
2684 3776 2997 3853 ἀπόρῥητος
3030 3781 3187 3837 Νοῦς·
3249 3775 3307 3837 ὃς
3364 3772 3673 3849 πληροῦται
3732 3773 3817 3846 τῷ

2156 3868 2403 3942 πληροῦν
2461 3868 2561 3934 τήν
2607 3865 2817 3933 τελείαν
2846 3867 3053 3941 ψυχὴν,
3111 3868 3201 3920 οἷα
3243 3863 3445 3941 δρόσου
3474 3872 3572 3934 τῆς
3601 3865 3816 3931 ἀποφα-

2155 3962 2310 4027 τικῆς
2361 3956 2642 4033 θεολογίας
2691 3962 2799 4011 τῶν
2832 3958 2954 4031 περὶ
2999 3955 3181 4011 αὑτόνο
3243 3958 3374 4031 ἅπερ
3425 3954 3529 4010 εἶσὶ
3559 3955 3620 4010 τὸ
3655 3956 3820 4030 ὑπερ-

2158 4048 2362 4115 ούσιον,
2419 4048 2481 4101 τὸ
2539 4044 2799 4122 ἄναρχον,
2858 4048 2920 4099 τὸ
2981 4044 3227 4117 ἄπειρον,
3288 4045 3350 4099 τὸ
3410 4045 3815 4119 ἇόριστον,καὶ

2158 4138 2225 4192 τὰ
2282 4136 2467 4210 ὅμοια·
2533 4135 2829 4211 βόστρυχοι
2890 4133 2947 4189 δὲ
2986 4135 3182 4189 τούτου
3241 4132 3300 4189 ἐκ
3354 4138 3454 4198 τῆς
3514 4134 3820 4209 εἰρημένης

2161 4227 2427 4301 φυόμενοι
2482 4223 2745 4299 κεφαλῆς,
2797 4225 2851 4278 αἱ
2906 4222 2958 4278 ἐν
3008 4222 3145 4299 ἁγίῳ
3202 4221 3473 4295 Πνεύματι
3511 4223 3598 4277 ὑπ’
3648 4221 3821 4276 αὐτοῦ

2157 4318 2255 4370 τοῦ
2332 4316 2673 4389 Μονογενοῦς
2749 4312 2825 4376 εἰς
2898 4313 3065 4386 πέρας
3122 4311 3385 4386 ἀγόμεναι
3445 4315 3541 4367 τοῦ
3599 4312 3815 4385 Πατρὸς

2160 4401 2435 4459 εύδοκίαι.
2524 4405 2696 4474 "Amp
2765 4404 2855 4456 οἴα
2929 4398 3176 4474 ψεκάδων
3255 4401 3483 4472 νυκτὸς,
3557 4404 3667 4455 τῶν
3744 4398 3824 4454 δι’

2162 4491 2538 4566 ἀκαταληψίαν
2599 4491 3021 4566 ἀνεξερευνήτων
3094 4488 3435 4567 πληροῦνται
3486 4490 3642 4554 θείων
3690 4510 3818 4564 κρι-

2164 4582 2371 4655 μάτων.
2437 4582 2590 4637 Ὅθεν
2658 4586 2826 4636 ταῦτα
2892 4582 2979 4635 καὶ
3048 4580 3241 4643 νυκτὸς
3299 4576 3526 4653 ψεκάδες
3577 4576 3820 4653 ἐλέχθη-

2161 4693 2275 4739 σαν,
2336 4671 2408 4732 ὡς
2464 4667 2670 4733 νοτίδες
2698 4671 2842 4731 τινὲς
2892 4670 3139 4742 γνώσεως
3184 4675 3284 4736 τῆς
3334 4667 3458 4741 περὶ
3508 4668 3636 4723 Θεὸν
3684 4668 3822 4723 ἆκαο

2159 4758 2454 4833 ταληῲίας*
2527 4759 2643 4822 καθ’
2720 4758 2780 4819 ἃς
2849 4759 3103 4833 γνώσεως
3161 4754 3377 4820 νοτίδας
3437 4759 3464 4811 ὁ
3531 4761 3653 4819 νοῦς
3711 4764 3821 4825 τῆς

2162 4847 2554 4922 νυμφευθείσης
2582 4851 2663 4919 τῷ
2691 4851 2808 4919 Θεῷ
2856 4846 3014 4920 Λόγῳ
3062 4850 3249 4921 ψυχῆς
3287 4845 3661 4922 ἀνοιγόμενος,
3720 4846 3823 4901 αῦ-

2163 4938 2254 4993 τὸν
2305 4935 2672 5004 εἷσοικίζεται.
2735 4935 2932 5011 Διόπερ
2986 4934 3076 4989 καὶ
3130 4935 3204 4996 ὡς
3247 4933 3393 4989 αἰτία
3420 4935 3823 5006 τοῦ,⁹¹Ανοιξόν

2170 5046 2285 5099 μοι,
2338 5025 2421 5095 τὸ,
2474 5026 2599 5082 ’Ότι
2657 5025 2690 5094 ἠ
2732 5023 2943 5101 κεφαλή
3002 5044 3104 5096 μου
3149 5022 3399 5095 ἐπλήσθη
3461 5022 3677 5100 δρόσου,
3725 5025 3824 5080 καὶ

2165 5114 2232 5170 τὰ
2288 5113 2433 5184 ἑξῆς,
2495 5111 2730 5189 εἷ’ρηται.
2792 5113 2941 5168 Ἐπεὶ
2974 5110 3043 5181 δ’,
3107 5110 3151 5166 ὦ
3204 5114 3520 5187 μαθήτριαι,
3556 5113 3827 5185 οὕτωτῆς

2171 5210 2356 5278 φωνῆς
2416 5206 2513 5257 τοῦ
2570 5201 2806 5277 νυμφίου
2860 5222 2963 5274 μου
3016 5198 3260 5270 ἤκουσα,
3319 5202 3407 5256 καὶ
3464 5203 3562 5271 τὴν
3621 5203 3826 5273 ἑαυτῆς

2169 5292 2374 5360 νοητήν
2406 5289 2588 5359 πύλην
2611 5291 2842 5363 ἡνὲῳξα,
2889 5289 2977 5345 καὶ
3010 5287 3216 5343 ἔνοικον
3277 5288 3588 5364 ἐκτησάμην
3631 5290 3823 5362 αὐτὸν,

2171 5380 2230 5442 ὅς
2303 5379 2710 5455 ἁναμαρτησίας
2779 5378 2919 5434 ἐστὶν
2997 5373 3224 5451 ἔνδυμα,
3287 5377 3546 5453 πρότερον
3603 5379 3826 5436 πάντων

2171 5466 2503 5544 ἐξεδυσάμην
2564 5470 2654 5524 τὸν
2712 5468 2923 5545 χιτῶνά
2979 5490 3082 5543 μου
3130 5470 3221 5523 τὸν
3271 5466 3527 5538 παλαιὸν,
3584 5470 3677 5524 τὸν
3716 5477 3826 5541 τῆς
