4102 6342
277 352 407 420 637

283 491 319 545 ά
334 490 587 568 μαρτίας,
635 491 726 547 τὸν

274 577 583 654 ἐνδύσομαι
641 580 799 636 αὑτὸν
878 586 957 655 τῷ
1040 587 1287 661 φωτεινῷ
1367 588 1469 652 τῆς
1541 579 1947 654 άναμαρτησίας

284 669 632 726 ἀπελαθέντα
688 668 991 745 ὲνδύματι;
1050 672 1334 746 Ενιψάμην
1402 671 1529 734 τοὺς
1585 667 1754 732 πόδας
1815 690 1942 743 μου,

286 758 475 833 ἄκρως
523 761 854 835 καθαρθεῖσαι
878 765 959 833 τῷ
1014 782 1073 816 τε
1125 759 1342 837 λουτρῷ
1391 765 1487 815 τοῦ
1548 757 1941 837 βαπτίσματος,

280 847 376 903 καὶ
428 848 498 923 τῇ
555 853 652 904 τοῦ
712 851 976 926 παναγίου
1044 849 1359 923 Πνεύματος
1431 848 1793 928 ἐπιφοιτήσει,
1852 848 1942 903 καὶ

286 940 359 1012 τῇ
391 941 499 991 τῶν
529 938 688 1002 θείων
741 938 977 994 ἐντολῶν
1020 940 1272 1014 τηρήσει.
1306 941 1489 1007 Ὅθεν,
1541 943 1663 1000 Πῶς
1720 936 1943 1011 μολυνῶ

297 1025 521 1096 αὖτοὺς,
552 1025 710 1103 ξ”χνος
742 1025 998 1102 δεξαμένη
1031 1027 1345 1105 παραλόγου
1376 1027 1702 1103 ἐπιθυμίας;

357 1201 729 1279 Ἐξεδυσάμην
783 1207 874 1261 τὸν
961 1208 1173 1283 χιτῶνά
1263 1229 1390 1281 μου,
1449 1212 1567 1268 πῶς
1648 1204 1941 1281 ἐνδύσομαι

272 1294 480 1365 αύτόνς
532 1296 842 1370 Ἑνιψάμην
898 1294 1028 1359 τοὺς
1088 1294 1259 1359 πόδας
1334 1318 1461 1370 μου,
1520 1301 1641 1360 πῶς
1717 1295 1940 1371 μολυνῶ

281 1382 528 1453 adrade;

984 1473 1231 1532 Ψελλοῦ.

352 1579 520 1657 Ἐγὼ,
548 1581 707 1660 φησὶ,
738 1581 829 1636 καὶ
863 1580 1140 1657 πρόπαλαι
1172 1583 1268 1646 τὰς
1303 1581 1466 1661 θύρας
1501 1580 1684 1654 ἅνοιξά
1715 1601 1829 1637 σοι·

281 1672 362 1728 Τὸ
388 1670 494 1747 γὰρ
524 1678 624 1741 τῆς
656 1666 1014 1747 παραϐάσεως
1045 1670 1374 1747 ἐξεδυσάμην
1417 1670 1617 1749 πάχος,

282 1760 459 1833 Ὅπερ
492 1757 595 1815 οὐκ
625 1757 986 1835 ἰπενδύσομαι
1018 1762 1241 1818 πώποτε
1273 1766 1640 1839 μεταγνοῦσα·

1326 356 1735 421 COMMENT.
1779 356 1862 417 IN
1903 353 2303 419 CANTIGUM
2350 356 2661 418 CANTIC.

811 490 871 546 ἐκ
948 498 1051 563 τῆς
1099 486 1496 570 παραϐάσεως·
1547 489 1743 547 λοιπὸν
1820 492 1933 550 πῶς

2055 489 2403 546 innocentia
2435 496 2526 547 est
2553 492 2997 559 indumentum,
3020 492 3080 549 in
3109 492 3320 566 primis
3348 495 3526 551 veteri
3576 512 3705 554 mea

3585 363 3706 424 638

2054 579 2277 651 peccati
2300 580 2499 636 tunica
2520 597 2699 652 quam
2714 598 2780 636 ex
2791 583 3265 654 transgressione
3276 587 3702 652 contraxeram,

2053 684 2147 724 me
2193 668 2507 742 exspoliavi
2554 688 2568 726 :
2614 672 2915 734 Quomodo
2968 672 3093 742 jam
3163 671 3406 728 induam
3486 674 3701 746 ipsam,

2055 760 2368 833 splendido
2416 761 2723 833 depulsam
2754 762 3148 819 indumento?
3192 764 3327 820 Lavi
3347 764 3512 837 pedes
3559 783 3707 825 meos

2054 849 2285 906 lavacro
2316 850 2720 923 baptismatis,
2753 855 2809 905 et
2838 852 3025 908 sancti
3048 851 3308 924 Spiritus
3338 854 3610 926 adventu,
3653 862 3711 914 et

2052 939 2387 995 divinorum
2417 939 2834 995 mandatorum
2848 941 3255 998 observatione
3275 942 3487 1000 eximie
3506 961 3712 1018 purga-

2051 1032 2131 1084 ta:
2167 1028 2441 1097 Quomodo
2470 1028 2653 1100 igitur
2680 1029 3127 1101 illos,improbae
3157 1030 3498 1103 cupiditatis
3526 1036 3706 1090 vesti-

2051 1117 2148 1189 gia
2177 1133 2453 1189 sequens,
2489 1118 2839 1189 inquinabo?

2122 1207 2444 1278 Exspoliavi
2461 1222 2551 1261 me
2564 1207 3244 1278 tunicamea,quomodum
3263 1210 3494 1267 induam
3515 1210 3707 1268 illam?

2048 1297 2187 1352 Lavi
2210 1296 2372 1368 pedes
2398 1311 2567 1367 meos,
2600 1295 2863 1367 quomodo
2892 1298 3195 1369 inquinabo
3221 1299 3349 1355 illo:
3367 1298 3396 1354 τ

2776 1475 2970 1531 Pselli.

2117 1581 2259 1653 Ego,
2286 1579 2501 1652 inquit,
2528 1581 2653 1652 jam
2686 1580 2913 1654 pridem
2939 1581 3093 1638 fores
3115 1582 3317 1656 aperui
3350 1583 3701 1643 tibi.Trans-

2048 1668 2369 1743 gressionis
2401 1668 2560 1725 enim
2583 1669 3037 1727 crassitudinem
3061 1671 3327 1742 exui,nec
3349 1675 3699 1732 sententiam

2050 1775 2312 1831 unquam
2336 1759 2597 1829 mutabo,
2632 1762 2698 1815 ut
2717 1776 2844 1816 eam
2879 1760 3091 1817 iterum
3126 1761 3701 1822 induam.Terrenas

284 1850 386 1906 Καὶ
424 1849 711 1924 μολυσμὸν
746 1849 1017 1927 ἆπεῤῥιψα
1045 1858 1146 1921 τῆς
1175 1858 1278 1928 γῆς
1340 1850 1401 1907 ἐκ
1433 1855 1540 1907 τῶν
1591 1847 1777 1907 ποδῶν
1811 1870 1933 1924 μου,

2049 1847 2299 1904 abstersi
2358 1847 2562 1904 sordes
2610 1848 2860 1921 pedibus
2909 1850 3076 1920 meis,
3125 1865 3343 1923 eosque
3393 1851 3453 1909 in
3490 1853 3702 1912 salutis

284 1938 388 1997 Καὶ
417 1937 647 2002 τούτους
680 1939 1050 2016 παρεσκεύασα
1071 1941 1207 2017 πρὸς
1234 1935 1455 2016 τρίϐους
1483 1938 1759 2014 σωτηρίας
1778 1958 1791 1973 ·

282 2027 500 2102 Οὕσπερ
534 2028 713 2084 ούκὲτι
753 2028 978 2103 μολυνῶ
1009 2035 1304 2107 στραφεῖοα
1332 2031 1438 2106 πρὸ
1467 2028 1730 2087 τούπίσω.

281 2117 509 2176 Τούτων
542 2118 617 2181 ὡς
643 2114 875 2188 ἤκουσεν
906 2118 1075 2189 αύτῆς
1102 2124 1212 2175 τῶν
1246 2117 1424 2196 λόγων
1453 2120 1481 2174 ὁ
1512 2117 1767 2197 νυμφίος,

278 2204 476 2263 ’Ἐνδον
509 2206 777 2279 ἠθέλησεν
808 2206 974 2278 αὐτῆς
1000 2208 1181 2284 ὥσπερ
1212 2212 1646 2280 κατασκηνῶσαι·

279 2294 443 2353 Ἀλλ’
474 2293 669 2352 οὔκουν
691 2296 782 2352 τὸν
815 2295 1111 2374 ἀχώρητον
1139 2298 1205 2367 ἦν
1239 2297 1386 2354 δλωτ
1417 2302 1741 2374 χωρηθῆναι
1766 2314 1780 2329 ·

283 2388 474 2443 Ταῦτα
503 2386 592 2442 καὶ
623 2387 727 2463 γὰρ
760 2384 1080 2462 ἐπλήρωσεν
1111 2388 1146 2457 ἡ
1180 2388 1305 2465 χεὶρ
1336 2386 1502 2443 αὑτοῦ
1531 2387 1620 2442 καὶ
1654 2385 1816 2461 μόνη,

275 2475 373 2539 Ὠς
457 2475 549 2531 ἀπ’
626 2474 792 2547 αὐτῆς
883 2480 1072 2548 μαθεῖν
1153 2471 1265 2532 ἔστι
1349 2479 1449 2546 τῆς
1529 2474 1748 2554 νύμφης
1824 2477 1932 2530 τῶν

1525 2565 1859 2639 [ᾋσμάτων.

852 2656 969 2709 Τῶν
999 2675 1034 2729 γ
1072 2652 1326 2729 Πατάρων
1339 2695 1353 2710 .

355 2755 682 2838 Ἀδελφιδός
759 2780 863 2834 μου
918 2758 1201 2815 ἀπέστειλε
1259 2763 1421 2835 χεῖρα
1472 2757 1635 2814 αὐτοῦ
1683 2758 1789 2815 ἀπὸ
1837 2765 1935 2830 τῆς

271 2850 437 2922 ὀπῆς,
469 2848 561 2904 καὶ
601 2851 636 2919 ἡ
667 2847 853 2904 κοιλία
882 2871 987 2922 μου
1019 2847 1256 2924 ἔθροήθη
1287 2847 1370 2903 ἐπ’
1398 2846 1577 2906 αὐτόν.

348 2938 522 3012 Ἐγὼ,
583 2938 739 3017 φησὶ,
790 2935 879 2992 καὶ
928 2935 1118 3008 ἤνοιξα
1174 2942 1345 2992 πᾶσαν
1404 2935 1539 3009 ἐμοῦ
1594 2937 1695 3005 τὴν
1748 2934 1933 3011 θύραν,

287 3026 421 3091 ὥσθ’
452 3023 807 3097 ὑποδέξασθαι
866 3025 1094 3100 Χριστὸν
1152 3026 1240 3080 τὸν
1301 3025 1477 3101 Λόγον
1534 3026 1622 3080 καὶ
1684 3024 1935 3104 νυμφίον.

278 3113 437 3185 Πλὴν
501 3114 668 3188 μόλις
718 3112 1066 3187 εἰσελήλυθεν
1122 3116 1157 3185 ἡ
1216 3115 1342 3190 χεὶρ
1399 3113 1563 3170 αὐτοῦ
1610 3112 1701 3169 καί
1760 3114 1926 3187 μόνη.

2051 1935 2293 1994 semitas
2317 1936 2522 2004 direxi,
2547 1953 2619 1992 ne
2648 1936 2767 1993 ullo
2792 1954 3059 2010 unquam
3090 1942 3350 2011 tempore
3396 1957 3488 1999 me
3543 1946 3698 2000 retro

2046 2029 2401 2096 convertam,
2436 2030 2501 2082 ut
2531 2026 2835 2099 inquinem
2867 2026 3021 2084 illos.
3053 2031 3184 2085 Haec
3241 2046 3475 2103 sponsa
3520 2033 3698 2089 verba

2045 2131 2302 2188 sponsus
2333 2131 2463 2172 cum
2497 2115 2781 2184 audisset,
2815 2116 2875 2172 in
2905 2116 3183 2175 interiore
3213 2119 3342 2191 ejus
3371 2118 3552 2177 veluti
3599 2125 3691 2178 ta-

2042 2203 2363 2262 bernaculo
2386 2204 2569 2261 voluit
2600 2205 2906 2275 habitare;
2941 2208 3043 2263 sed
3074 2207 3264 2279 illum,
3295 2212 3361 2265 ut
3390 2209 3491 2283 qui
3534 2227 3692 2267 com-

2045 2292 2327 2367 prehendi
2358 2310 2471 2350 non
2506 2297 2718 2366 potest,
2743 2294 2988 2351 minime
3044 2296 3332 2369 capiebat.
3384 2298 3503 2355 Hoc
3532 2300 3691 2356 enim

2044 2398 2224 2440 manu
2254 2382 2478 2454 sponsi,
2511 2399 2697 2455 eaque
2725 2383 2852 2440 sola
2882 2384 3221 2457 replebatur
3240 2404 3259 2443 :
3297 2393 3360 2443 ut
3388 2403 3458 2445 ex
3503 2387 3692 2461 ipsius

2044 2488 2273 2545 sponsas
2304 2475 2477 2528 cantu
2512 2488 2830 2545 possumus
2861 2472 3209 2547 intelligere.

2637 2649 2824 2704 Trium
2844 2650 3105 2707 Pan-um.

2115 2755 2288 2826 Nepos
2340 2770 2498 2811 meus
2552 2757 2706 2811 misit
2760 2773 2991 2813 manum
3035 2774 3194 2815 suam
3235 2776 3333 2832 per
3358 2761 3615 2832 foramen
3645 2763 3697 2817 et

2042 2847 2231 2900 venter
2260 2858 2412 2899 meus
2433 2845 2723 2900 intremuit
2749 2844 2821 2900 ad
2849 2850 3060 2901 tactum
3088 2846 3224 2918 ejus.

2115 2933 2242 2989 Etsi
2276 2937 2487 3004 totum,
2548 2933 2763 3006 inquit,
2813 2935 3031 2991 ostium
3094 2952 3292 2993 meum
3351 2938 3576 3010 aperui,
3624 2941 3691 2994 ut

2043 3022 2345 3079 Christum
2377 3022 2638 3078 Verbum
2669 3028 2728 3079 et
2758 3040 3045 3096 sponsum
3079 3042 3271 3082 meum
3306 3028 3688 3099 susciperem;

2042 3115 2241 3168 tamen
2272 3110 2365 3166 vix
2414 3127 2625 3167 manus
2653 3113 2805 3183 ejus,
2864 3130 3050 3186 eaque
3101 3113 3225 3172 sola
3255 3115 3525 3172 immissa
3581 3120 3690 3173 est.

269 3205 437 3264 Ὅθεν
520 3205 583 3260 τὸ
661 3203 885 3281 μέγευος
970 3202 1135 3259 αὐτοῦ
1220 3201 1474 3280 μεγάλως
1557 3203 1930 3280 κατεπλάγην.

2049 3200 2250 3273 Itaque
2267 3198 2731 3271 magnitudinem
2755 3200 2944 3275 ipsius
2978 3219 3326 3276 magnopere
3348 3221 3481 3261 sum
3505 3205 3692 3261 admi-

275 3292 476 3356 Καλῶς
542 3293 939 3373 ἐφιλοσόφησεν
1007 3295 1042 3364 ἡ
1096 3293 1304 3369 καθαρᾶ
1377 3294 1667 3369 παρθένος.
1706 3294 1771 3350 Ἦ
1822 3297 1928 3349 τῶν

267 3382 577 3459 ἀνθρώπων
610 3384 710 3458 γὰρ
760 3382 941 3462 φύσις,
980 3383 1015 3452 ἡ
1067 3382 1206 3436 πάνυ
1259 3381 1577 3458 βραχυτάτη
1621 3381 1743 3439 ὅσον
1800 3384 1936 3458 πρὸς

279 3471 440 3551 φύσιν
503 3472 688 3541 θεϊκήν
761 3476 858 3527 τοῦ
941 3473 1252 3545 θαυμαστοῦ
1336 3471 1597 3551 νυμφίου,
1657 3470 1796 3544 ὅλην
1869 3472 1932 3527 ού

272 3556 499 3614 δύναται
549 3564 777 3635 χωρεῖν,
828 3558 982 3638 φησὶ,
1027 3560 1126 3627 τὴν
1167 3558 1455 3630 θειοτάτην
1512 3558 1691 3636 φύσιν,
1726 3558 1849 3615 ὅσον
1883 3557 1935 3614 ἐν

272 3649 627 3723 ὑπολήψεσιν
705 3648 794 3703 καὶ
871 3653 987 3710 ταῖς
1070 3644 1400 3723 θεολογίαις.
1482 3646 1739 3719 Ἀνέστην
1826 3646 1934 3724 ἐγὼ

263 3737 479 3807 ἀνοῖξαι
568 3741 650 3810 τῷ
736 3733 1011 3815 ἀδελφιδῷ
1073 3756 1215 3810 μου·
1272 3737 1460 3813 χεῖρες
1533 3757 1638 3811 μου
1716 3734 1931 3808 ἔσταξαν

271 3826 517 3900 σμύρναν
554 3871 569 3896 ,
656 3823 917 3881 δάκτυλοί
1014 3847 1119 3899 μου
1220 3824 1461 3902 σμύρναν
1551 3824 1742 3901 πλήρη
1846 3818 1932 3880 ὲπῖ

271 3920 467 3990 χεῖρας
550 3918 651 3970 τοῦ
726 3913 1017 3990 κλείθρου.
1071 3915 1249 3990 Ἐγὼ,
1309 3913 1512 3992 φησὶν,
1587 3915 1662 3978 ὡς
1745 3913 1935 3988 ἤνοιξα

277 4001 530 4074 δέξασθαι
588 4004 680 4059 τὸν
733 4003 988 4083 νυμφίον,
1044 4004 1293 4066 κακεῖνος
1344 4004 1409 4074 ἦν
1470 4004 1784 4081 ἆχώρητος,
1842 4003 1933 4060 ἀν-

280 4091 442 4164 έστην
470 4095 607 4169 πρὸς
649 4092 905 4149 Ξπίπονον
934 4092 1021 4148 καὶ
1072 4093 1343 4169 θειοτέραν
1390 4093 1560 4166 τάξιν,
1610 4092 1757 4155 ὅπως
1815 4098 1933 4156 τοῖς

272 4182 470 4247 πόνοις
507 4184 626 4246 τοῖς
673 4180 937 4247 πολλοῖς,
981 4182 1177 4257 σαρκός
1223 4203 1283 4238 τε
1313 4186 1382 4257 τῇ
1413 4183 1695 4258 νεκρώσει,
1726 4179 1933 4237 πλατύ⁶

273 4291 433 4346 τερον
484 4271 681 4344 ἆνοίξω
738 4292 843 4344 μου
888 4275 987 4326 τοῦ
1040 4269 1310 4347 λογισμοῦ
1357 4271 1458 4341 τήν
1492 4270 1676 4347 θύραν,
1708 4262 1797 4326 καὶ
1843 4272 1934 4326 τὸν

272 4360 575 4436 ἆχώρητον
631 4361 695 4415 τὸ
760 4359 888 4435 πρὶν
966 4358 1287 4434 εἶσδέξωμαι
1348 4359 1602 4436 νυμφίον.
1650 4361 1809 4418 Ὅθεν
1880 4362 1934 4415 αἱ

267 4449 456 4524 χεῖρές
494 4470 625 4522 μου,
650 4450 806 4529 φησὶ,
834 4449 967 4523 μετᾶ
994 4450 1083 4505 καὶ
1112 4454 1220 4505 τῶν
1256 4446 1537 4505 δακτύλων
1572 4454 1684 4511 τοῖς
1741 4450 1932 4513 πόνοις

268 4538 514 4613 σμύρναν
558 4536 775 4610 ἔσταξαν
840 4539 1036 4616 μὲχρις
1080 4536 1244 4593 αὐτοῦ
1290 4542 1387 4593 τοῦ
1435 4536 1723 4612 κλείθρου·
1772 4559 1927 4594 τουτ-

2043 3294 2187 3346 rata.
2219 3288 2495 3346 Praeclare
2525 3306 2670 3361 pura
2700 3290 2861 3363 virgo
2888 3292 3354 3366 philosophatur.
3377 3293 3692 3352 Hominum

2040 3378 2198 3435 enim
2219 3383 2431 3435 natura
2451 3379 2642 3435 minor
2659 3385 2951 3452 est,quam
2973 3388 3035 3438 ut
3063 3382 3321 3440 divinam
3363 3383 3694 3442 admirandi

2041 3467 2217 3524 Verbi
2252 3472 2521 3524 naturam
2549 3469 2822 3541 Opinione
2853 3475 2955 3526 aut
2985 3471 3231 3529 scientia
3253 3478 3430 3544 queat
3460 3475 3689 3530 univer-

2045 3572 2172 3612 sam
2212 3556 2715 3627 comprehendere.
2770 3558 3007 3614 Sun-exi
3060 3568 3123 3616 ut
3175 3564 3453 3632 aperirem
3508 3564 3698 3635 nepoti

2043 3661 2181 3702 meo.
2226 3646 2418 3700 Manus
2475 3660 2607 3701 mea:
2630 3645 2984 3703 stillaverunt
3000 3650 3289 3719 myrrham
3320 3650 3521 3720 :digiti
3580 3652 3693 3706 mei

2041 3734 2326 3806 myrrham
2349 3734 2581 3804 plenam
2602 3736 2662 3790 in.
2684 3752 2882 3792 manus
2910 3738 3133 3803 pessuli.
3178 3742 3312 3810 Ego,
3374 3744 3440 3795 ut
3504 3756 3686 3812 spon-

2042 3838 2197 3892 sum,
2230 3822 2446 3894 inquit,
2469 3823 2819 3896 exciperem,
2842 3826 3143 3896 aperui.At
3164 3826 3261 3882 ille
3289 3826 3692 3899 penetralibus

2041 3912 2189 3969 meis
2224 3911 2353 3984 capi
2384 3928 2500 3968 non
2546 3915 2788 3984 poterat.
2823 3914 3059 3970 Surrexi
3118 3915 3189 3970 ad
3222 3914 3582 3973 laboriosum
3636 3922 3693 3973 et

2041 4000 2230 4074 magis
2257 4000 2522 4057 divinum
2552 4001 2912 4072 ordinem,ut
2945 4019 3119 4075 quem
3151 4007 3322 4060 antea
3346 4020 3553 4077 capere
3574 4022 3691 4062 non

2039 4089 2676 4162 potueram,laboribus
2700 4091 2904 4148 multis
2935 4096 2992 4149 et
3020 4093 3215 4149 carnis
3248 4094 3692 4152 mortiﬁcatione

2038 4176 2304 4235 latiorem
2336 4177 2707 4251 cogitationis
2744 4186 2971 4254 portam
2996 4181 3373 4254 patefaciens,
3402 4198 3690 4255 sponsum

2040 4268 2622 4341 comprehenderem.
2656 4269 2821 4326 Unde
2849 4286 3061 4328 manus
3106 4288 3270 4343 meis,
3305 4271 3519 4345 inquit,
3552 4289 3686 4330 cum

2039 4358 2242 4432 digitis
2273 4357 2640 4415 continenter
2671 4359 2967 4433 myrrham
2999 4359 3364 4418 distillarunt
3386 4376 3569 4434 usque
3616 4362 3689 4419 ad

2040 4449 2372 4524 pessulum.
2409 4450 2558 4517 Quin
2591 4450 2763 4506 etiam
2815 4451 3070 4520 pessulis
3106 4453 3382 4509 omnibus
3436 4453 3693 4510 reductis

2042 4541 2194 4596 fores
2227 4539 2451 4611 aperui,
2486 4538 2541 4594 id
2574 4544 2687 4607 est,
2736 4540 2933 4597 carnis
2961 4558 3105 4597 mea:
3127 4541 3408 4598 membris
3442 4542 3688 4599 mortiﬁ-

270 4627 441 4697 ίστιν,
476 4628 860 4704 Ἀπενὲκρωσα
908 4614 974 4682 τά
1027 4626 1170 4701 μὲλη
1199 4634 1302 4698 τῆς
1352 4628 1549 4704 σαρκός
1601 4648 1727 4701 μου,
1760 4629 1925 4704 μέχρι

2049 4628 2420 4698 :atis,animae
2449 4644 2659 4684 sensus
2689 4645 2892 4685 omnes
2922 4630 3193 4702 patefeci,
3225 4631 3410 4688 Pandi
3436 4642 3693 4703 feresne-

261 4714 334 4771 τὰ
379 4714 611 4791 κλεῖθρα
674 4716 965 4790 σύμπαντα
1016 4722 1118 4786 τῆς
1185 4714 1347 4791 θύρας
1408 4714 1599 4790 ἤνοιξεὶ
1662 4737 1789 4790 μου,
1837 4715 1927 4772 καὶ

268 4798 447 4867 πάσας
541 4804 838 4861 ἀνεπέτασα
910 4805 1004 4867 τὰς
1080 4807 1267 4881 ψυχῆς
1348 4804 1647 4876 αἰσθήσεις.
1705 4804 1930 4877 Ἠνοιξα

267 4892 384 4968 ὶγὼ
425 4897 509 4967 τῷ
556 4891 837 4971 ἀδελφιδῷ
898 4913 1027 4967 μου,
1063 4892 1153 4948 καὶ
1204 4894 1232 4948 ὁ
1284 4889 1577 4971 ἀδελφιδός
1637 4914 1742 4968 μου
1799 4913 1932 4970 παρ-

264 4978 462 5052 ῆλθεν.
526 4980 698 5038 Ἀλλὰ
752 4980 848 5037 κᾶν
906 4979 1123 5052 ἤνοιξα,
1170 4982 1358 5060 φησὶν,
1405 4981 1615 5047 ἁπάσας
1676 5005 1784 5057 μου
1833 4986 1931 5048 τὰς

269 5069 460 5145 θύρας,
513 5067 629 5125 οὐδ’
679 5070 854 5135 οὕτως
927 5070 996 5140 ἦν
1058 5092 1151 5144 μοι
1212 5071 1465 5147 χωρητὸς
1522 5073 1551 5127 ὁ
1608 5071 1790 5148 Λόγος
1838 5073 1929 5129 καὶ

267 5160 532 5236 νυμφίος.
613 5161 783 5235 Ψυχή
877 5180 983 5233 μου
1081 5157 1298 5233 ἐξῆλθεν
1371 5159 1423 5215 ἐν
1504 5159 1653 5237 λόγῳ
1743 5162 1927 5220 αὐτοῦ.

272 5247 427 5319 Εἶτα,
483 5249 670 5325 φησῖν,
722 5248 980 5323 ἀνύψωσα
1036 5248 1126 5303 τὸν
1188 5253 1310 5304 νοῦν
1380 5250 1517 5325 πρὸς
1569 5251 1662 5306 τὸν
1721 5250 1930 5327 αῗθέρα,

271 5337 520 5391 ποθοῦσα
597 5333 865 5407 δήπουθεν
949 5343 1138 5410 μαθεῖν
1202 5339 1365 5415 σαφὲς
1421 5359 1472 5393 τι
1541 5339 1664 5414 περὶ
1711 5340 1928 5399 τούτου.

273 5422 436 5480 Ἀλλ’
485 5422 641 5498 ὅμως
697 5424 1040 5502 ὑψηλότερος
1098 5425 1187 5480 καὶ
1244 5431 1351 5481 τῶν
1420 5432 1593 5504 νεφῶν
1664 5428 1926 5504 ὑπῆρχεν.

271 5515 418 5583 Φησὶ
471 5514 575 5589 γὰρ
649 5515 761 5570 εἶτα
833 5517 1060 5589 καθεξῆς
1109 5516 1144 5585 ἡ
1202 5514 1390 5590 νύμφη
1465 5517 1556 5572 καὶ
1624 5518 1925 5594 παρθένος·

274 5603 553 5675 ’Βζήτησα
621 5604 809 5674 αὐτὸν,
860 5605 950 5661 καὶ
1027 5602 1136 5680 ούχ
1211 5604 1366 5681 εὗρον
1442 5603 1627 5681 αὐτόν,
1702 5605 1929 5664 ἐκάλεσα

268 5691 436 5749 aliain
495 5693 584 5749 καὶ
634 5692 742 5771 οὐχ
790 5694 1066 5766 ὑπήκουσε
1119 5714 1245 5768 μου.
1293 5695 1392 5753 Καὶ
1443 5700 1562 5762 πῶς
1616 5695 1716 5775 γὰρ
1782 5697 1928 5775 εὕρεο

2036 4719 2150 4791 poli
2168 4722 2372 4774 meo:at
2402 4718 2496 4773 ille
2524 4717 2903 4775 declinaverat
2933 4728 3093 4791 atque
3136 4723 3689 4788 lransierat.Quam-

2036 4808 2125 4863 vis
2156 4807 2309 4862 fores
2340 4807 2888 4877 meespatefecerim
2950 4808 3278 4878 universas,
3309 4827 3427 4866 non
3485 4814 3685 4867 tamen

2035 4896 2291 4952 Verbum
2320 4899 2378 4949 et
2426 4910 2711 4966 sponsum
2744 4896 2907 4967 potui
2948 4897 3461 4970 comprehendere.
3489 4897 3692 4956 Anima

2037 5002 2161 5042 mea
2189 4999 2406 5054 egressa
2428 4987 2528 5052 est,
2550 4988 2612 5039 ut
2638 4999 2806 5056 nepos
2837 4986 3050 5042 locutus
3080 4991 3157 5042 est
3202 5004 3379 5045 meus.
3438 4988 3691 5045 Sustulit

2037 5079 2295 5133 mentem
2349 5089 2563 5144 meam,
2611 5074 2819 5145 inquit,
2853 5075 2926 5130 ad
2958 5074 3191 5146 coelum,
3250 5080 3315 5131 ut
3372 5076 3443 5133 de
3480 5075 3690 5134 dilecto

2039 5181 2167 5222 meo
2199 5154 2419 5235 aliquid
2454 5161 2862 5236 intelligerem.
2896 5163 3096 5221 Atille
3123 5163 3263 5221 coelo
3318 5169 3443 5221 erat
3498 5165 3686 5221 subli-

2042 5253 2193 5309 mior
2251 5250 2453 5306 multo.
2487 5250 2576 5306 Sie
2602 5250 2757 5306 enim
2791 5250 3063 5322 deinceps
3085 5250 3347 5323 loquitur
3388 5268 3608 5324 sponsa
3634 5257 3691 5309 et

2040 5342 2237 5412 virgo:
2266 5340 2516 5409 Quwszvi
2543 5348 2729 5397 etnon
2758 5341 2951 5396 inveni
2992 5340 3153 5396 illum
3182 5360 3197 5410 ;
3228 5344 3434 5411 vocavi,
3476 5342 3529 5397 el
3581 5357 3693 5399 non

2039 5428 2318 5503 respondit
2346 5430 2507 5485 mihi.
2569 5431 2907 5503 Ecquonam
2939 5431 3113 5487 modo
3156 5430 3403 5487 inveniri
3425 5448 3690 5505 compre-

2040 5520 2339 5591 hendique
2372 5519 2584 5591 poterit
2632 5521 2705 5589 is,
2756 5519 2856 5592 qui
2892 5520 3037 5576 nihil
3065 5524 3156 5577 est
3186 5536 3388 5577 eorum
3423 5537 3551 5595 quae
3591 5537 3689 5578 co-

2039 5610 2303 5684 gnitione
2332 5609 2761 5682 percipiuntur,
2793 5627 2910 5667 non
2943 5610 3189 5683 species,
3212 5627 3329 5668 non
3357 5610 3693 5686 ﬂgura,non

2037 5699 2224 5769 locus,
2251 5715 2367 5755 non
2402 5701 2704 5771 quantitas
2731 5700 2759 5757 ?
2791 5702 3127 5759 invenerunt
3173 5715 3260 5761 me
3286 5701 3539 5761 custodes
3580 5702 3694 5775 qui
