4072 6346
410 323 529 384 639

1755 325 2171 387 MICHAELIS
2216 325 2491 388 PSELLI

3704 330 3839 389 640

401 457 751 513 circumeunt
789 459 1107 514 civitatem:
1150 468 1543 529 percusserunt
1598 476 1704 527 me,
1737 460 2060 515 vulnerave-

2181 459 2398 527 θήσεται
2450 457 2541 512 καὶ
2597 458 2995 533 κρατηθήσεταί
3051 479 3157 513 που
3215 457 3362 520 ὅστις
3420 457 3573 514 οὐδέν
3628 480 3680 514 τι
3725 461 3839 515 πι-

404 551 538 601 runt
566 563 671 603 me.
705 547 748 602 Ο
783 546 1237 617 pulcherrimam
1270 548 1513 620 virginis
1536 548 2006 621 progressionem
2041 548 2053 602 l

408 637 550 691 Ecce
606 636 762 691 enim
795 637 866 691 ad
917 636 1157 706 angelos
1218 653 1404 707 usque
1455 654 1767 709 progressa
1823 643 1934 693 est.
1996 636 2064 691 Hi

406 741 657 796 namque
688 729 828 779 sunt
859 725 1108 780 caelestis
1132 727 1383 782 civitatis
1407 728 2067 783 custodes.1nvenerunt

407 814 565 869 enim
600 831 689 868 me
720 814 977 869 Verbum
1035 815 1455 886 inquirentem,
1515 822 1572 871 et
1628 816 1819 871 verbis
1869 817 2067 870 deter—

410 908 653 957 ruerunt
684 919 750 957 ae
811 902 1219 959 volnerarunt.
1268 905 1553 959 Dixerunt
1620 909 1774 959 enim
1810 906 1865 958 id
1904 903 2067 958 nulla

408 1007 650 1062 prorsus
682 991 906 1046 ratione
941 993 1063 1046 ﬁeri
1092 1010 1284 1064 posse,
1314 999 1376 1047 ut
1409 993 1882 1064 incsmprehensi
1906 1009 2064 1047 com-

408 1080 717 1152 prehensio
753 1081 1469 1151 repcriatur.Abstulerunt
1494 1083 1734 1153 pallium
1795 1082 1935 1136 mihi
1977 1098 2068 1136 cu-

405 1170 582 1224 stodes
639 1186 952 1225 murorum.
1015 1169 1243 1235 Velum,
1308 1172 1521 1241 inquit,
1558 1170 1932 1226 abstulerunt
1992 1172 2065 1225 ab

405 1257 591 1313 oculis
626 1259 796 1325 meis,
832 1266 893 1312 ut
923 1257 1137 1313 clarius
1162 1276 1447 1331 sponsum
1473 1260 1857 1331 intuerer,qui
1891 1276 1962 1314 ne
1993 1260 2064 1315 ab

407 1348 633 1419 angelis
702 1347 941 1417 quidem
992 1352 1182 1419 potest
1266 1349 1544 1404 omnibus
1622 1349 2061 1420 comprehendi.

407 1436 798 1502 Quamobrem
855 1436 1128 1491 incertior
1186 1437 1494 1492 discedens
1553 1438 1813 1508 omnino,
1873 1443 2064 1492 custo-

411 1526 535 1593 des,
570 1525 624 1578 id
662 1529 769 1590 est,
793 1524 1032 1595 angelos
1091 1526 1262 1579 etiam
1298 1530 1622 1595 aversatur,
1653 1528 1805 1596 quod
1860 1543 1932 1580 ne
1993 1527 2064 1581 ab

412 1612 533 1668 illis
562 1613 802 1685 quidem
826 1614 1032 1684 ingens
1060 1615 1259 1686 sponsi
1289 1616 1645 1672 desiderium
1668 1621 1841 1687 queat
1870 1615 2065 1669 immi-

415 1719 538 1757 nlll.

2182 567 2340 624 φυκεν
2384 546 2443 601 ἐκ
2479 551 2587 601 τῶν
2619 547 3058 621 γινωσκομένῶν,
3110 548 3214 603 οὐκ
3261 546 3426 617 εἶδος,
3486 548 3548 603 οὐ
3605 569 3835 626 σχημα-

2174 636 2394 707 τισμὸς,
2451 635 2512 690 ού
2589 638 2781 705 τόπος,
2845 637 2906 691 ού
2972 638 3249 707 ποσότης;
3303 638 3544 711 Εῧροσάν
3631 658 3697 711 με
3774 640 3834 693 οἱ

2178 722 2437 799 φύλακες,
2515 726 2567 779 οἱ
2665 723 2991 788 κυκλοῦντες
3099 726 3260 782 πόλιν
3290 769 3304 795 ,
3390 726 3650 798 ἐπάταξάν
3737 749 3832 801 με,

2175 812 2569 886 ἐτραυμάτισάν
2632 836 2717 887 με.
2769 823 2831 869 Ὠ
2881 823 2980 885 τῆς
3030 816 3337 886 καλλίστης
3385 823 3671 887 προκοπῆς
3726 825 3834 886 τῆς

2174 900 2392 980 νύμφης
2438 902 2526 957 καὶ
2584 906 2893 980 παρθένουί
2948 902 3088 961 Ἰδοὺ
3145 907 3244 981 γὰρ
3294 904 3600 975 ἀνελήλυθε
3658 905 3833 981 μέχρι

2174 991 2261 1044 καὶ
2296 996 2402 1045 τῶν
2457 992 2725 1067 ἀγγέλων.
2759 995 2923 1051 Οἷτοι
2972 995 3070 1069 γὰρ
3122 994 3361 1071 φύλακᾶς
3421 995 3523 1049 είσι
3576 998 3676 1064 τῆς
3724 997 3829 1050 πό-

2177 1076 2317 1142 λεως
2362 1087 2459 1149 τῆς
2509 1079 2640 1138 ἄνω.
2673 1084 2916 1158 Εὕροσαν
2967 1083 3143 1139 τοίνον
3199 1106 3287 1157 με,
3320 1084 3475 1160 φησὶ,
3502 1085 3594 1139 τὸν
3650 1085 3828 1161 Λόγον

2176 1167 2537 1247 ψηλαφῶσαν,
2608 1172 2697 1226 καὶ
2784 1171 2974 1247 λόγοις
3056 1173 3448 1247 ἐτραυμάτισαν
3530 1174 3619 1229 καὶ
3704 1195 3834 1229 κατ-

2177 1256 2501 1332 επλήγωσάν
2554 1281 2639 1333 με.
2662 1265 2829 1315 Τοῦτο
2874 1262 2962 1316 καὶ
3007 1263 3107 1338 γὰρ
3152 1261 3359 1333 ἐξεῖπόν
3397 1284 3489 1335 μοι
3526 1268 3634 1318 τῶν
3696 1262 3831 1337 ἄγαν

2175 1344 2473 1419 ἀδυνάτων,
2500 1350 2561 1403 τὸ
2586 1351 2683 1419 τήν
2717 1349 3021 1423 κατάληψιν
3055 1357 3233 1420 ζητεῖν
3271 1358 3370 1422 τῆς
3420 1351 3831 1427 ἀκαταληψίας.

2175 1437 2345 1510 Ἦραν
2404 1437 2466 1491 τὸ
2526 1438 2802 1516 θὲριστρον
2859 1440 2947 1494 ἀπ’
2996 1439 3132 1514 ἐμοῦ
3191 1442 3243 1496 οἱ
3295 1441 3533 1519 φύλακες
3564 1447 3675 1496 τῶν
3724 1462 3837 1497 τει-

2176 1525 2342 1599 χέων.
2375 1530 2540 1602 Ἥραν
2586 1529 2648 1583 τὸ
2693 1529 3110 1603 περικάλυμμα,
3154 1531 3337 1609 φησὶν,
3370 1535 3476 1585 τῶν
3527 1529 3835 1609 ὀφθαλμῶν

2179 1635 2308 1685 μου,
2358 1614 2493 1670 ὥστε
2546 1638 2611 1688 με
2667 1619 3041 1693 καθαρώτερον
3107 1619 3366 1695 γνωρίσαι
3433 1621 3526 1675 τὸν
3592 1621 3837 1695 νυμφίον

2175 1709 2293 1766 τοῖς
2348 1712 2506 1759 πᾶσιν
2582 1707 2963 1777 ἀκατάληπτον
3042 1705 3170 1763 ὄντα
3245 1710 3333 1763 καὶ
3396 1714 3514 1771 τοῖς
3567 1708 3837 1784 ἀγγέλοις

412 1792 569 1847 ’Ὁθεν
607 1789 1002 1864 ἐπαπορήσασα
1032 1793 1290 1846 πάντοθεν
1318 1795 1351 1861 ἡ
1383 1791 1647 1867 παρθένος
1672 1792 1799 1855 τοὺς
1846 1790 2089 1869 φύλακας
2134 1788 2457 1864 ἐκδυσωπεῖ,
2488 1796 2729 1851 τουτέστι
2776 1797 2902 1861 τοὺς
2952 1797 3229 1873 ἀγγέλους,
3260 1799 3351 1853 τὸν
3412 1799 3579 1863 πόθον
3624 1797 3835 1868 ταύτης

417 1879 512 1934 τὸν
543 1878 716 1934 πολὺν
753 1881 989 1953 μηνύσαι
1014 1886 1093 1953 τῷ
1123 1903 1361 1960 νυμφιῳ.

1004 1990 1193 2044 Trium
1223 1991 1470 2043 Patrum.
2089 1992 2137 2055 Β

482 2096 785 2159 Quomodo
831 2101 1047 2163 autem,
1111 2098 1305 2167 inquit
1356 2114 1575 2169 sponsa
1632 2098 1702 2153 ad
1745 2095 2094 2168 discipulae.

411 2200 551 2239 suas
583 2185 883 2240 sordidam
919 2187 1135 2256 peccati
1170 2186 1434 2241 tunicam
1469 2188 1864 2256 deposuerim,
1895 2189 2065 2254 atque

411 2272 733 2343 purissima
786 2275 1093 2340 evaserim,
1164 2276 1383 2331 audite.
1432 2276 1602 2344 Nepos
1649 2291 1802 2330 meus
1844 2275 2067 2330 demisit

410 2377 643 2415 manum
663 2379 817 2416 suam
845 2380 941 2434 per
968 2368 1238 2435 foramen,
1281 2368 1329 2419 et
1374 2373 1563 2420 venter
1590 2381 1738 2420 meus
1781 2365 2065 2419 intremuit

413 2449 482 2503 ad
511 2454 718 2504 tactum
748 2452 1148 2520 eiusDilectus
1185 2470 1349 2507 meus
1381 2454 1619 2509 demisit
1651 2472 1684 2508 a
1715 2454 1883 2508 Patre
1928 2470 2065 2524 pro-

415 2540 715 2593 cedentem
753 2542 821 2594 ab
863 2558 928 2597 eo
994 2542 1273 2613 Spiritum
1325 2543 1434 2613 ipsi
1486 2542 2065 2609 consubstantialem,

419 2628 590 2697 cujus
621 2634 900 2700 tanquam
929 2647 1101 2685 manu
1131 2633 1354 2703 peragit
1375 2632 1570 2686 divina
1592 2633 1911 2704 gratiarum
1936 2647 2067 2685 mu-

418 2733 557 2771 nera
576 2734 676 2787 per
700 2722 951 2773 mentem
979 2736 1172 2773 meam
1207 2720 1384 2774 veluti
1408 2723 1779 2791 perforamen
1805 2719 2062 2789 aliquod:

418 2812 476 2861 et
509 2808 764 2876 patiente
797 2824 889 2862 me
921 2807 1157 2863 initium
1192 2809 1517 2879 sapientiai,
1541 2809 1810 2863 timorem
1873 2808 2067 2863 dilecti

428 2894 539 2949 mei
574 2900 857 2965 tanquam
881 2896 1127 2967 judicis,
1176 2898 1699 2969 gulusventrisque
1755 2897 2069 2967 corripitur

419 2984 648 3049 vitium,
686 2986 840 3039 unde
873 3001 1061 3055 genus
1092 3002 1261 3042 omne
1294 2986 1556 3042 nascitur
1581 2985 2065 3058 intemperantiae.

416 3075 482 3128 Et
501 3073 689 3129 statim
714 3077 938 3130 surrexi
969 3091 1085 3144 ego,
1120 3081 1181 3130 ut
1240 3078 1514 3147 aperirem
1546 3077 1729 3147 nepoti
1776 3091 1930 3131 meo:
1968 3091 2071 3147 per

422 3162 719 3219 efficacem
753 3164 1307 3235 contemplationem
1333 3167 1403 3221 ab
1426 3166 1664 3221 habitus
1684 3164 2068 3236 dispositione

420 3268 553 3307 sum
587 3251 837 3307 excitata
856 3257 919 3307 ut
952 3253 1422 3323 mentisjanuam
1448 3255 1829 3325 patefacerem
1858 3251 2067 3308 dilecto

2733 1994 2855 2048 Τῶν
2881 1993 2926 2067 γ’
2961 1992 3233 2065 Ματέρων.

2244 2086 2386 2154 Φησὶ
2424 2090 2551 2162 γοῦν
2586 2085 2663 2142 ἔτι
2711 2090 2745 2157 ἡ
2779 2088 2961 2167 νύμφη
3004 2091 3137 2164 πρὸς
3185 2089 3279 2152 τάς
3330 2088 3775 2163 μαθητευομίνας
3808 2109 3824 2122 ο

2171 2175 2359 2236 ’Όπως
2409 2172 2467 2229 δὲ
2516 2177 2606 2229 τὸν
2670 2177 2906 2253 ῥυπαρὸν
2965 2186 3064 2247 τῆς
3141 2177 3408 2253 ἁμαρτίας
3484 2175 3828 2249 ἐξεδυσάμην

2173 2266 2402 2336 χιτῶνα,
2434 2265 2523 2318 καὶ
2581 2263 2760 2341 ἄκρως
2816 2267 3140 2342 ἐκαθάρθην,
3197 2268 3461 2323 ἀκούσατε
3495 2288 3507 2301 ⁸
3564 2264 3833 2343 Ἀδελφι-

2174 2348 2266 2411 δός
2331 2374 2434 2424 μου
2490 2352 2776 2410 ἀπέστειλε
2833 2362 2995 2431 χεῖρα
3075 2356 3240 2411 αὐτοῦ
3319 2357 3423 2411 ἀπὸ
3485 2364 3585 2425 τῆς
3663 2357 3836 2425 ὀπῆς.

2173 2439 2261 2493 καὶ
2314 2443 2347 2509 ἡ
2407 2439 2595 2497 κοιλία
2660 2466 2764 2516 μυυ
2829 2444 3063 2515 ἐθροήθη
3148 2446 3230 2500 ἐπ’
3289 2444 3469 2500 αὐτόν.
3530 2446 3714 2514 ’Ήτοι,
3766 2445 3835 2501 Ὁ

2174 2528 2451 2602 ἀγαπητός
2502 2553 2606 2604 μου
2651 2528 2859 2607 ἔπεμψε
2902 2535 3046 2608 παρά
3082 2539 3179 2588 τοῦ
3237 2534 3449 2609 Πατρὸς
3503 2534 3566 2587 τὸ
3624 2532 3833 2596 ἐκεῖθεν

2174 2615 2604 2694 ἐκπορευόμενον
2638 2622 2932 2694 ὁμοούσιον
2961 2623 3109 2694 αὐτῷ
3157 2621 3399 2695 Πνεῦμα,
3433 2620 3485 2677 ἐν
3546 2623 3591 2693 ᾧ
3641 2620 3834 2697 ὥσπερ

2176 2703 2228 2762 ἔν
2259 2729 2364 2763 τινι
2397 2711 2544 2785 χειρὶ
2603 2710 2807 2788 ἐνεργεῖ
2861 2712 2927 2766 τά
2977 2714 3094 2767 θεῖα
3140 2712 3454 2788 χαρίσματα
3512 2708 3601 2766 διά
3658 2710 3835 2785 μέσου

2174 2802 2273 2851 τοῦ
2302 2799 2426 2860 νυός
2463 2820 2570 2871 μου
2602 2800 2677 2862 ὡς
2710 2798 2799 2855 διά
2825 2821 2974 2863 τινος
3005 2801 3163 2871 ὀπῆς-
3197 2802 3285 2856 καὶ
3320 2798 3665 2871 ὠδινησάσης
3719 2821 3833 2868 μου

2175 2889 2275 2956 τὴν
2307 2888 2488 2963 ἀρχὴν
2524 2896 2624 2959 τῆς
2654 2889 2848 2967 σοφίας
2874 2892 2965 2946 τὸν
3000 2884 3174 2965 φόϐον
3220 2894 3317 2944 τοῦ
3358 2890 3642 2965 ἀγαπητοῦ
3695 2910 3831 2962 μου,

2177 2976 2251 3038 ὡς
2305 2982 2515 3053 κριτοῦ,
2558 2979 2621 3033 τὸ
2670 2981 2768 3047 τῆς
2820 3000 2912 3051 μοι
2979 2978 3410 3055 γαστριμαργίας
3474 2977 3833 3033 συνέσταλται

2176 3064 2345 3129 πόθος
2407 3088 2534 3138 μου,
2588 3067 2638 3138 ἐξ
2697 3069 2758 3123 οὗ
2810 3074 2914 3123 πᾶν
2966 3066 3106 3131 εἶδος
3158 3066 3454 3130 ἀκολασίας
3516 3067 3834 3146 ὑφίσταται.

2178 3155 2276 3208 Καὶ
2358 3157 2513 3220 εὐθὺς
2605 3157 2829 3221 ἀνέστην
2913 3156 3017 3233 ἐγὼ
3103 3157 3306 3228 ἀνοῖξαι
3385 3161 3464 3229 τῷ
3547 3154 3839 3235 ἀδελφιδῷ

2181 3264 2307 3316 μου·
2341 3243 2535 3320 ἤγουν,
2591 3247 2853 3321 Ἠγὲρθην
2908 3248 3025 3302 κατ’
3066 3245 3375 3323 ἔμπρακτον
3437 3246 3661 3322 θεωρίαν
3721 3247 3838 3302 ἀπὸ

419 3355 567 3395 meo.
605 3346 805 3396 Manus
826 3356 967 3397 mea?
996 3343 1350 3398 stillaverunt
1378 3344 1687 3415 myrrham,
1726 3343 1935 3397 Actisz
1986 3342 2066 3396 ni-

2178 3341 2278 3403 τῆς
2311 3334 2587 3407 ἐμπαθοῦς
2640 3336 2880 3411 σχίσεως
2929 3336 3253 3392 ἀναπετάσαι
3310 3338 3410 3404 τὴν
3464 3339 3664 3406 νοητήν
3725 3359 3838 3409 μου

420 3430 635 3484 mirum
670 3431 941 3501 potentiae
976 3447 1114 3485 meae
1143 3448 1307 3487 mens
1328 3437 1385 3487 et
1416 3432 1562 3486 ratio
1596 3449 1696 3503 per
1725 3431 2069 3487 electionem

416 3518 697 3573 fuderunt
722 3535 1054 3586 sermones,
1114 3524 1171 3574 et
1233 3537 1422 3575 mores
1482 3521 1775 3576 carnalem
1828 3538 2069 3577 sensum

418 3608 1038 3679 mortiﬁcantesﬂigiti
1064 3612 1174 3695 mei
1204 3612 1490 3680 myrrham
1518 3612 1742 3682 plenam
1772 3613 1828 3666 in
1874 3628 2072 3666 manus

415 3698 640 3768 pessuli.
676 3697 923 3753 Passim
980 3697 1205 3754 scilicet
1264 3699 1533 3769 potentiae
1592 3716 1753 3763 meae,
1814 3702 2069 3771 (sensus,

419 3786 900 3857 concupiscentia
930 3790 986 3841 et
1027 3786 1351 3859 iracundia)
1378 3804 1504 3859 quae
1538 3789 1715 3843 menti
1749 3793 1805 3844 et
1837 3789 2071 3857 rationi,

422 3878 485 3928 ut
518 3874 791 3931 manibus
822 3876 988 3946 digiti
1023 3881 1409 3947 cooperantur
1434 3878 1725 3948 propriam
1751 3895 1851 3950 per
1873 3878 2072 3951 cogni-

420 3964 632 4019 tionem
668 3969 723 4019 et
743 3963 1561 4030 virtutem,mortiﬁcationem
1589 3967 2068 4036 probatissimam

422 4052 858 4108 distillaverunt
880 4054 937 4109 in
971 4055 1342 4109 atiectionum
1371 4071 1702 4126 opera,quie
1733 4056 1918 4110 instar
1948 4072 2073 4127 pes-

422 4141 537 4197 suli
569 4142 887 4197 excludunt
925 4143 1147 4197 aditum
1194 4144 1645 4204 incredulitatis.
1672 4130 1673 4133 η
1700 4149 1981 4215 tanquam
2015 4150 2074 4201 et

422 4230 603 4300 hujus
629 4231 905 4301 operibus
935 4247 1064 4303 qua:
1099 4249 1199 4303 per
1228 4232 1670 4288 translationem
1701 4250 1906 4288 manus
1940 4251 2069 4305 pes-

422 4317 534 4373 suli
566 4324 767 4373 vocata
814 4324 974 4384 sunt,
1035 4320 1403 4375 mortiﬁcatis
1464 4338 1580 4375 una
1638 4338 1769 4376 cum
1825 4323 2071 4393 passivis

417 4408 695 4478 potentiis
719 4424 865 4478 quas
899 4411 1375 4464 memoravimus.
1402 4411 1687 4473 Quoniam
1721 4416 1913 4465 autem
1940 4429 2071 4482 ope-

420 4512 548 4550 rum
582 4496 1013 4551 incredulitatis
1050 4498 1420 4553 mortiﬁcatio
1452 4503 1541 4554 est
1572 4499 1847 4570 perfectio
1893 4500 2023 4554 ﬁdei
2052 4518 2065 4557 :

419 4584 562 4639 ﬁdes
596 4590 791 4638 autem
826 4586 1122 4656 corruptio
1169 4586 1568 4653 infidelitatis;
1600 4587 1721 4643 haec
1755 4605 1788 4643 a
1819 4605 1930 4658 me,
1983 4590 2066 4644 uti

418 4673 1221 4744 pessulus,quemadmodum
1240 4676 1801 4748 diximus,corrupta
1815 4680 2067 4748 est.Ape-

415 4763 510 4815 rui
550 4764 738 4833 nepoti
796 4779 911 4817 meo
942 4779 1039 4833 ego
1075 4780 1086 4817 :
1126 4764 1336 4818 mentis
1387 4781 1527 4820 meae
1572 4766 1821 4835 janusm
1855 4766 2065 4822 dilecto

417 4866 544 4904 meo
579 4867 679 4921 per
706 4852 836 4906 lidei
870 4852 1237 4907 affectionem
1274 4854 1533 4923 patefeci.
1590 4855 1762 4926 Nepos
1790 4872 1942 4911 meus
1966 4857 2066 4911 de-

411 4940 719 4994 clinaverat
752 4943 913 5011 atque
942 4943 1271 4996 transierat.
1333 4943 1558 5013 Quippe
1598 4944 1697 5015 qui
1734 4945 1911 5000 menti
1965 4963 2065 5018 per

414 5028 730 5084 essentiam
755 5046 868 5084 non
896 5031 1181 5099 subjacet,
1216 5046 1349 5084 cum
1388 5048 1487 5102 per
1521 5032 1680 5087 illam
1715 5034 1792 5088 sit
1840 5034 2065 5091 incom-

414 5117 848 5188 prebensibilis.
885 5119 1085 5173 Anima
1131 5134 1260 5173 mea.
1309 5136 1521 5189 egressa
1569 5128 1649 5176 est
1707 5125 1759 5177 in
1817 5140 2067 5181 sermone

415 5208 548 5270 eius.
584 5206 769 5261 Exivit
800 5207 870 5259 ali
904 5208 1163 5262 interiori
1199 5209 1551 5277 cogitatione
1573 5211 1643 5264 ad
1678 5228 1915 5267 sensum
1964 5230 2067 5285 per

416 5296 737 5351 naturalem
768 5296 1421 5367 contemplationem,ut
1453 5298 1736 5354 inveniret
1776 5319 2063 5372 sponsum

415 5401 611 5451 suum,
650 5390 714 5440 In
737 5402 991 5440 sermone
1019 5387 1174 5457 ejus:
1210 5402 1277 5441 eo
1300 5386 1603 5454 nimirum,
1640 5406 1752 5461 quo
1786 5390 1949 5447 illam
1973 5398 2066 5449 est

414 5472 727 5539 allocutus,
760 5491 894 5529 cum
927 5475 1142 5530 diceret
1170 5493 1181 5529 :
1235 5476 1504 5546 Egredere
1533 5480 1593 5531 in
1650 5482 1891 5550 vestigiis
1937 5499 2055 5551 gre-

409 5578 562 5635 gum;
598 5566 662 5618 ut
694 5563 977 5620 indicaret
1008 5564 1081 5633 ei,
1117 5566 1215 5620 ubi
1248 5567 1373 5637 ipse
1403 5574 1686 5638 pasceret.
1737 5572 1926 5641 Atque
1985 5572 2066 5627 ita

411 5653 641 5725 qumsivi
669 5669 815 5722 eum,
840 5662 890 5710 et
920 5670 1026 5709 non
1059 5656 1269 5711 inveni.
1306 5656 1369 5710 In
1415 5656 1589 5713 rebus
1624 5658 1782 5715 enim
1831 5662 2061 5736 creatis,

2178 3421 2361 3493 πύλην
2438 3429 2517 3495 τῷ
2602 3425 2869 3500 ἀγαπητῷ
2950 3447 3092 3499 μου.
3146 3425 3338 3501 Χεῖρές
3424 3447 3533 3497 μου
3614 3421 3841 3497 ἔπταξαν

2180 3512 2444 3587 σμύρναν.
2509 3515 2727 3576 Πάντως
2788 3517 2842 3569 αἱ
2901 3515 3236 3590 ἐνεργητικαί
3299 3536 3405 3586 μου
3462 3512 3739 3587 δυνάμεις,
3808 3518 3839 3571 ὁ

2177 3607 2303 3663 νοῦς
2378 3605 2464 3657 καὶ
2548 3605 2575 3658 ὁ
2637 3603 2821 3680 λόγος,
2889 3604 2949 3659 ἐκ
3036 3606 3402 3679 προαιρέσεως
3482 3600 3637 3679 ἔχεαν
3703 3604 3841 3668 τοὺς

2178 3692 2538 3764 νεκρωτικοὺς
2604 3697 2701 3747 τοῦ
2761 3698 3019 3769 σαρκικοῦ
3077 3696 3429 3770 φρονήματος
3485 3692 3681 3766 λόγους
3738 3695 3835 3747 καὶ

2177 3781 2437 3857 τρόπους·
2468 3782 2732 3838 Δάκτυλοί
2799 3804 2902 3856 μου
2960 3783 3197 3859 σμύρναν
3248 3783 3437 3859 πλήρη
3495 3782 3579 3837 ἐπὶ
3634 3788 3833 3858 χεῖρας

2178 3876 2275 3927 τοῦ
2328 3871 2601 3947 κλείθρου.
2665 3872 2953 3943 Δηλονότι,
3005 3875 3073 3930 Al
3130 3878 3209 3946 τῷ
3265 3878 3343 3945 νῷ
3390 3873 3481 3927 καὶ
3537 3876 3615 3943 τῷ
3675 3871 3833 3948 λόγῳ

2181 3962 2747 4037 συμπεριφερόμεναι,
2800 3964 2887 4017 οἶα
2955 3964 3109 4038 χερσὶ
3189 3961 3491 4034 δάκτυλοε,
3536 3963 3833 4032 ποθητικαί

2185 4073 2288 4124 μου
2339 4049 2616 4123 δυνάμεις,
2671 4051 2808 4106 ὥστε
2857 4051 3134 4122 αἰσθήσεις
3177 4053 3264 4106 καὶ
3325 4054 3360 4121 ἡ
3422 4050 3681 4125 ἐπιθυμία
3736 4050 3833 4105 καὶ

2181 4141 2209 4195 ὁ
2234 4141 2404 4213 θυμὸς
2434 4141 2530 4209 τήν
2567 4138 2656 4194 διὰ
2682 4140 2933 4215 γνώσεως
2983 4142 3073 4196 καὶ
3114 4140 3309 4216 ἀρετῆς
3366 4140 3568 4195 οἲκείαν
3626 4140 3834 4215 νέκρω-

2181 4250 2261 4283 σιν
2310 4227 2520 4284 τελείαν
2568 4224 2782 4302 ἔσταξαν
2817 4229 2904 4284 ἐπὶ
2960 4231 3028 4284 τὰ
3077 4228 3293 4303 ἐμπαθῆ
3348 4227 3496 4305 ἔργα,
3528 4236 3629 4297 τῆς
3669 4226 3834 4300 δίκην

2177 4317 2432 4392 κλείθρου
2490 4315 2894 4389 ἀποκλειούσης
2950 4323 3029 4389 τῷ
3070 4318 3198 4390 θείῳ
3259 4319 3411 4394 Λόγῳ
3465 4320 3563 4387 τὴν
3621 4314 3838 4373 εἴσοδον

2177 4406 2443 4470 ἀπιστίας·
2506 4408 2579 4468 ὡς
2620 4408 2707 4461 καὶ
2766 4413 2874 4461 τῶν
2948 4408 3148 4479 ταύτης
3210 4404 3412 4482 ἔργων,
3468 4408 3500 4461 ἃ
3553 4412 3836 4482 τροπικῶς

2178 4502 2361 4573 χεῖρες
2433 4495 2687 4572 κλείθρου
2753 4496 3085 4568 ἐκλήθησαν,
3163 4496 3629 4573 συννεκρωθέντων
3709 4504 3836 4560 ταῖς

2177 4587 2491 4661 εἰρημέναις
2577 4589 2904 4658 παθητικαῖς
2993 4585 3300 4660 δυνάμεσιν.
3386 4590 3505 4644 "Ott
3582 4585 3639 4642 δὲ
3720 4592 3834 4641 τῶν

2176 4674 2350 4753 ἔργων
2397 4684 2499 4746 τῆς
2554 4676 2804 4739 ἀπιστίας
2861 4680 2895 4746 ἡ
2966 4677 3224 4752 νίκρωσις
3301 4675 3648 4750 ἂποτέλεσμά
3718 4676 3836 4735 ἐστι

2177 4764 2431 4827 πίστεως.
2470 4765 2598 4834 αὕτη
2662 4762 2719 4819 δὲ
2769 4766 2941 4842 φθορά
2986 4771 3087 4833 τῆς
3134 4764 3382 4826 ἀπιστίας
3431 4763 3578 4819 ἐστί’
3627 4763 3839 4834 ταύτης

2179 4857 2306 4932 παρ’
2354 4855 2490 4925 ἐμοῦ
2565 4858 2655 4909 οἷα
2726 4855 2982 4931 κλείθρου
3061 4857 3376 4934 φθαρείσης,
3431 4856 3508 4917 ὡς
3576 4853 3835 4929 εἴρηται·

2180 4947 2405 5022 Ἤνοιξα
2457 4949 2538 5017 τῷ
2596 4941 2876 5022 ἀδελφιδῷ
2939 4966 3043 5018 μου
3104 4943 3234 5019 ἐγὼ,
3274 4945 3373 5013 τὴν
3408 4945 3602 5013 ἑαυτῆς
3628 4943 3843 5012 νοητήν

2180 5020 2360 5104 πύλην
2390 5038 2470 5106 τῷ
2518 5033 2788 5108 ἀγαπητῷ
2836 5055 2939 5106 μου
2990 5032 3364 5088 ἀναπετάσασα
3402 5034 3538 5088 κατά
3594 5030 3839 5094 διάθεσιν

2182 5122 2267 5179 διὰ
2326 5122 2579 5184 πίστεως.
2641 5120 2965 5197 Ἀδελφιδός
3034 5142 3142 5194 μου
3209 5124 3514 5199 παρῆλθεν.
3579 5118 3845 5191 Ἐπειδτς-

2181 5233 2278 5288 περ
2332 5216 2409 5284 νῷ
2456 5213 2571 5266 κατ’
2619 5211 2802 5266 οὐσίαν
2856 5209 2962 5285 οὐχ
3016 5210 3307 5266 ὑποπίπτει
3368 5213 3442 5274 ὡς
3492 5213 3607 5265 κατ’
3668 5209 3848 5276 αὐτὴν

2180 5300 2586 5371 ἀκατάληπτος.
2645 5302 2812 5375 Ψυχή
2880 5321 2985 5373 μου
3043 5298 3263 5371 ἐξῆλθεν
3311 5300 3361 5354 ἐν
3429 5300 3582 5375 λόγῳ
3642 5299 3843 5354 αὐτοῦ.

2182 5389 2409 5459 Ἐξῆλθε
2442 5387 2499 5445 δὲ
2528 5397 2626 5459 τῆς
2672 5394 2858 5464 νοερᾶς
2906 5387 3193 5461 ἐνδότητος
3243 5391 3379 5465 πρὸς
3440 5386 3689 5459 αἶ’σθησιν
3746 5385 3846 5442 διὰ

2176 5485 2272 5550 τῆς
2323 5489 2553 5558 φυσικῆς
2613 5482 2844 5557 θεωρίας
2914 5483 3087 5556 εὑρεῖν
3150 5484 3391 5536 ποθοῦσα
3447 5481 3539 5535 τὸν
3591 5478 3841 5557 νυμφίον

2179 5570 2367 5641 αὐτῆς.
2418 5573 2501 5625 Ἐν
2557 5571 2705 5647 Λόγῳ
2764 5572 2964 5627 αὐτοῦ’
2998 5576 3100 5643 τῷ,
3149 5570 3229 5626 ὅτι
3279 5571 3503 5641 Ἔξελθε
3562 5570 3614 5625 ἐν
3673 5570 3843 5646 πύρ’

3803 5658 3836 5677 ν

2176 5681 2292 5724 ναις
2356 5664 2463 5716 τῶν
2524 5660 2798 5735 ποιμνίων
2860 5660 2998 5737 πρὸς
3056 5659 3219 5730 αὐτὴν
3281 5660 3579 5736 εἰρημίνῳ.
3633 5660 3723 5717 Ἐν
3790 5659 3843 5731 ᾧ
