4072 6346
290 456 405 517 οη

1329 454 1739 518 COMMENT.
1784 455 1862 515 IN
1909 454 2308 519 CANTICUM
2353 458 2658 521 CANTIC.

3581 460 3703 524 642

298 585 555 663 βούλεται
617 584 819 655 ταύτην
879 587 1068 658 μαθεῖν
1127 585 1264 642 ὅπου
1321 587 1477 650 οὗτος
1505 585 1806 660 ποιμαίνει.
1837 585 1944 643 Καὶ

2069 589 2157 660 qui
2189 592 2281 645 est
2311 588 2608 647 increatus
2638 608 2754 647 non
2803 591 3122 649 invenitur.
3184 594 3377 650 Vocavi
3422 594 3603 663 illum,
3652 598 3710 650 et

295 676 494 747 οὕτως,
555 674 826 745 Ἐζήτησα
872 675 1059 745 αὑτὸν,
1109 675 1199 731 καὶ
1259 677 1368 753 οὐχ
1417 677 1572 752 εὗρον
1617 676 1780 731 αὐτόν
1856 676 1943 731 Ἐν

291 767 397 840 γὰρ
426 770 545 827 τοῖς
590 768 830 828 κτιστοῖς
879 765 909 819 ὁ
960 766 1210 829 ἅκτιστος
1254 765 1362 841 οὐχ
1405 767 1729 840 εὑρίσκεται.
1789 766 1949 821 Ἐκά-

292 852 428 910 λεσα
481 853 665 921 αὑτὸν,
723 854 813 908 καὶ
863 852 972 928 οὐχ
1036 854 1310 924 ὑπήκουσέ
1362 875 1487 929 μου.
1540 860 1706 913 ’Όντα
1757 851 1950 929 λεγοὺο

293 965 397 1014 σης
443 943 536 998 τὸν
584 942 716 1019 ὑπὲρ
761 938 908 1013 ὄντα,
948 942 1037 998 καὶ
1083 944 1269 999 οὑσίαν
1323 945 1414 1000 τὸν
1469 943 1808 1019 ὑπεροὑσιον,
1857 944 1947 997 καὶ

296 1033 443 1102 ζωὴν
523 1032 616 1087 τὸν
696 1032 994 1105 ὑπὲρζωον,
1068 1033 1158 1088 καὶ
1237 1033 1450 1089 πάντων
1519 1034 1780 1104 ποιητὴν,
1843 1030 1951 1107 οὐχ

295 1122 559 1177 ὑπακούει
627 1119 968 1193 καλούμενος
1023 1120 1056 1175 ’ὰ
1116 1122 1192 1195 μὴ
1256 1123 1373 1178 κατ’
1429 1122 1610 1177 οὐσίαν
1660 1121 1792 1176 ἐστι.
1845 1119 1949 1177 Καὶ

293 1208 433 1281 αὑτή
469 1211 565 1283 μὲν
591 1208 686 1265 τὸν
715 1209 997 1283 ἀγαπητόν
1049 1231 1178 1283 μου,
1229 1211 1302 1273 ὡς
1341 1209 1497 1288 ἔφην,
1531 1210 1631 1266 οὐκ
1671 1207 1948 1280 ἠδυνήθην

293 1301 494 1376 εὑρεῖν·
555 1299 607 1353 οἱ
657 1296 716 1353 δὲ
769 1300 919 1372 ἅγιοι
951 1296 1172 1375 ἄγγελοι
1224 1298 1444 1375 εὸροσάν
1499 1322 1586 1374 με,
1633 1300 1685 1355 οἱ
1716 1298 1951 1378 φύλακες

293 1390 350 1444 οἱ
423 1388 750 1451 κυκλοῦντες
803 1390 902 1458 τὴν
960 1387 1126 1444 πόλιν
1152 1407 1164 1420 ’
1233 1387 1454 1463 εὕροσάν
1519 1409 1585 1462 με
1628 1385 1685 1444 δὲ
1726 1388 1826 1457 τήν
1882 1384 1954 1442 δι’

290 1476 518 1554 ἄγνοιαν
579 1476 937 1533 ἀπολωλυῖάν
1003 1499 1136 1533 ποτε
1204 1480 1502 1553 μαθήτριαν
1542 1477 1741 1551 αὐτῶν,
1791 1475 1956 1555 φωτί-

296 1572 484 1637 ζον-τες
526 1567 649 1642 περὶ
698 1567 799 1635 τὴν
851 1567 1085 1642 θεωρίαν
1130 1572 1239 1622 τῶν
1285 1564 1455 1623 ὄντων
1506 1565 1952 1643 διο-χολουμένην,

294 1659 351 1711 οἱ
384 1662 555 1712 πᾶσαν
586 1657 684 1726 τήν
730 1656 904 1711 κτίσιν
955 1656 1046 1711 οἷά
1073 1677 1194 1712 τινα
1223 1656 1383 1712 πόλιν
1429 1656 1565 1712 κατὰ
1610 1657 1711 1725 τήν
1758 1660 1951 1729 γνῶσιν

292 1750 408 1802 τῶν
465 1744 667 1815 ταύτην
723 1745 906 1821 λόγων
956 1744 1427 1821 περικυκλοῦντες.
1486 1748 1641 1819 Ὅροι
1697 1745 1800 1821 γάρ
1851 1744 1953 1799 εἶσι

289 1840 407 1891 τῶν
447 1831 616 1891 ὄντων
650 1834 700 1889 οὶ
728 1835 937 1890 τοὺτων
988 1834 1166 1911 λόγοι,
1214 1836 1333 1890 καθ’
1390 1833 1483 1896 οὕς
1528 1834 1618 1888 καὶ
1669 1833 1953 1910 γεγόνασιν

2053 693 2164 732 non
2195 679 2487 750 respondit
2517 680 2832 735 mihi.Eum
2864 680 2967 752 qui
2997 685 3089 736 est
3117 681 3478 753 ",appellavi
3512 682 3705 750 illum,

2058 782 2193 822 cum
2224 783 2292 823 ea
2320 784 2449 839 quas
2476 768 2909 838 sunt,numeris
2939 770 3218 825 omnibus
3252 770 3709 845 antecellat.Ap-

2058 856 2269 928 pellavi
2288 858 2846 924 substantiam,eum
2870 859 2972 929 qui
2994 864 3083 914 est
3096 860 3707 932 supersubstantialis.

2057 944 2362 1018 Appellavi
2392 945 2561 1002 illum
2597 946 2803 1017 vitam,
2832 946 2933 1018 qui
2965 952 3170 1004 auctor
3199 952 3289 1004 est
3334 948 3463 1005 vita:
3511 957 3569 1005 et
3617 967 3711 1007 re-

2058 1050 2191 1090 rum
2244 1036 2483 1092 effector
2529 1035 2962 1093 universarum.
3017 1036 3141 1094 Non
3192 1038 3496 1110 respondit
3542 1039 3711 1107 mihi,

2059 1141 2193 1182 eum
2226 1141 2294 1181 ea
2323 1129 2627 1182 vocaretur
2657 1142 2788 1197 qua:
2816 1124 2941 1196 ipse
2973 1142 3076 1198 per
3105 1126 3421 1184 essentiam
3453 1132 3511 1183 et
3541 1133 3713 1185 natu-

2061 1229 2188 1268 ram
2219 1230 2389 1269 suam
2426 1231 2541 1269 non
2572 1218 2683 1270 est.
2704 1213 2988 1271 Dilectum
3022 1214 3207 1287 igitur
3232 1232 3428 1272 meum
3462 1218 3714 1288 reperire

2061 1302 2298 1373 quidem
2322 1302 2451 1374 ipsa
2471 1319 2585 1358 non
2613 1303 2879 1376 potui.At
2907 1303 3095 1359 sancti
3113 1303 3301 1376 angeli
3320 1305 3420 1376 qui
3439 1307 3714 1364 custodes

2062 1396 2204 1447 sunt
2232 1396 2289 1447 et
2315 1392 2611 1448 civitatem
2643 1391 3393 1459 circumeunt,invenerunt
3422 1410 3515 1451 me
3546 1394 3718 1452 disci-

2061 1480 2263 1552 pulam
2295 1481 2592 1552 quondam
2619 1481 2882 1553 ipsorum
2906 1498 3010 1553 per
3031 1480 3424 1552 ignorantiam
3446 1484 3717 1541 oberran-

2062 1575 2638 1642 tem,vacantemque
2668 1587 2866 1627 rerum
2918 1569 3279 1627 naturalium
3329 1572 3715 1643 speculationi

2064 1658 2575 1731 illustrarunt,qui
2607 1664 2885 1715 cunctam
2918 1663 3187 1715 naturam
3221 1659 3399 1716 veluti
3422 1662 3715 1719 civitatem

2064 1749 2383 1821 quamdam
2416 1764 2520 1820 per
2551 1747 2951 1820 cognitionem
2983 1749 3277 1804 rationum
3309 1749 3434 1820 ejus
3466 1753 3719 1808 circum-

2064 1842 2224 1893 eunt.
2257 1837 2519 1893 Termini
2568 1838 2724 1892 enim
2782 1853 2981 1893 rerum
3030 1845 3169 1893 sunt
3209 1854 3413 1894 earum
3460 1840 3717 1897 rationes

293 1925 377 1988 ὡς
420 1926 514 1986 τὰς
570 1924 756 2002 φόσεις
803 1923 979 1979 αὑτῶν
1028 1924 1473 2003 περιγράφοντες.
1525 1926 1688 1987 Ὅθεν
1729 1923 1780 1977 οἱ
1826 1921 1954 1977 τοὺ-

2069 1926 2281 1999 quibus
2312 1927 2478 1982 factae
2509 1931 2668 1993 sunt,
2701 1943 2949 1998 quasque
2997 1932 3239 1982 naturas
3282 1927 3547 1998 ipsarum
3600 1929 3716 1985 cir-

290 2035 429 2078 τους
472 2015 837 2090 γινώσκοντες
892 2011 1141 2088 ἄγγελοι,
1200 2013 1275 2076 ὡς
1334 2011 1384 2068 ἐν
1438 2011 1586 2088 ὅροις
1638 2013 1737 2081 τήν
1778 2010 1951 2067 κτίσιν

294 2100 717 2179 περιπολοῦσιν.
757 2102 914 2160 Οὕτω
964 2099 1021 2157 δὲ
1065 2100 1215 2158 οὗτοι
1264 2100 1581 2177 ἐντυχόντες
1629 2122 1746 2174 μοι,
1788 2102 1951 2157 Ἐπά-

293 2191 461 2266 ταξάν
541 2212 627 2264 με,
707 2190 1102 2266 ἐτραυμάτισάν
1175 2211 1262 2263 με,
1344 2190 1481 2266 ἦραν
1559 2190 1622 2245 τὸ
1675 2188 1953 2264 θέριστρόν

299 2304 413 2356 μου
482 2279 574 2336 ἀπ’
643 2279 803 2354 ἐμοῦ·
855 2280 1030 2354 ἤγουν
1082 2279 1481 2337 Έταπείνωσαν
1532 2275 1835 2349 διδάξαντες
1889 2298 1956 2351 με

291 2372 388 2439 τὸ,
450 2373 618 2445 μήπω
667 2369 742 2433 ὡς
790 2366 873 2424 δεῖ
908 2368 1291 2443 κατειληφένναι
1324 2367 1478 2427 Θεόν.
1521 2366 1865 2443 Ἐλέγξαντες
1898 2366 1957 2423 δὶ

293 2458 542 2531 ἔπληξαν
575 2478 680 2532 μου
707 2458 772 2512 τὸ
819 2454 1086 2530 συνειδὸς,
1136 2458 1210 2521 ὡς
1261 2457 1520 2532 οἰομένης
1569 2456 1954 2535 κατειληφέναι

292 2551 364 2606 τὸ
414 2552 682 2619 ἄκτιστον,
743 2548 795 2604 ἒν
847 2553 930 2621 τῷ
967 2552 1082 2610 τοῖς
1128 2547 1355 2621 ὀνόμασι
1384 2551 1493 2603 τῶν
1520 2552 1752 2603 κτιστῶν
1800 2568 1958 2602 κατα-

295 2640 523 2713 φάσκειν
584 2637 767 2694 αὐτόν.
827 2639 917 2693 Ἐν
974 2636 1033 2693 δὲ
1083 2641 1162 2709 τῷ
1226 2635 1431 2708 διδάξαι
1485 2658 1552 2711 με
1595 2637 1729 2713 ὑπὲρ
1771 2641 1956 2692 πασῶν

294 2733 498 2806 γνῶσιν
544 2729 678 2784 εἶναι
717 2728 782 2784 τὸ
824 2732 1002 2797 Θεῖον,
1053 2725 1345 2805 ἀφείλοντο
1402 2726 1493 2781 ἀπ’
1545 2727 1681 2800 ἐμοῦ
1709 2727 1771 2781 τὸ
1802 2722 1957 2796 δίκην

298 2818 587 2893 θερίστρου
635 2816 1058 2892 συγκομίζοντος
1105 2816 1343 2892 στάχυας
1370 2861 1384 2888 ,
1429 2817 1527 2885 τήν
1592 2820 1790 2892 γνῶσιν
1846 2819 1952 2870 τῶν

298 2908 478 2964 ὅντων
554 2905 827 2983 συλλέγυν
889 2905 1201 2981 λογιστικόν
1269 2926 1397 2979 μου,
1453 2904 1750 2968 παύσαντες
1793 2909 1955 2959 τοῦτο

295 3002 403 3054 τοῦ
454 2999 529 3070 μή
580 2995 963 3067 ἀκατάληπτον
1005 2995 1146 3060 θείαν
1192 2994 1347 3072 φύσιν
1392 2991 1537 3069 ἄγειν
1585 2993 1687 3049 ὑπὸ
1716 2991 1967 3064 κατάληι

297 3091 417 3162 ψιν.
465 3089 646 3144 Ταῦτα
693 3082 752 3141 δὶ
799 3085 1113 3161 εἰργάσαντο
1157 3083 1211 3139 ἐν
1261 3082 1387 3158 ἐμοὶ
1427 3081 1665 3162 φύλαγες
1694 3087 1799 3137 τῶν
1847 3103 1957 3138 τει-

299 3177 476 3253 χέων,
523 3176 651 3246 ἤτοι
692 3174 929 3248 τηρηταὶ
975 3168 1310 3249 ἀπαραϐατοι
1357 3176 1466 3227 τῶν
1512 3172 1670 3227 θείων
1709 3169 1955 3243 θελημά-

296 3288 437 3337 των,
472 3263 505 3320 ἃ
555 3262 713 3334 δίκην
768 3268 975 3339 τειχῶν
1023 3264 1120 3325 τὰς
1166 3266 1276 3317 τῶν
1317 3258 1487 3317 ὄντων
1540 3259 1724 3338 φύσεις
1755 3258 1956 3337 φυλάτ-

2065 2016 2499 2071 cumscribunt.
2553 2015 2715 2071 Unde
2763 2016 2955 2091 angeli
3005 2015 3107 2087 qui
3156 2016 3288 2073 illas
3351 2017 3712 2091 intelligunt,

2062 2109 2347 2177 tanquam
2376 2104 2434 2158 in
2483 2103 2755 2159 terminis
2807 2108 3137 2160 creaturam
3182 2105 3572 2162 circumeunt.
3620 2107 3713 2163 Sic

2062 2192 2246 2264 igitur
2274 2191 2334 2247 bi
2367 2208 2459 2247 me
2490 2192 2816 2260 consecuti,
2863 2200 3251 2264 percusserunt
3298 2210 3404 2261 me,
3452 2196 3717 2252 vulnera-

2061 2285 2261 2339 verunt
2294 2297 2399 2349 me,
2429 2280 2785 2337 abstulerunt
2811 2281 3051 2353 pallium
3076 2299 3255 2338 meum
3278 2284 3436 2339 mihi.
3470 2289 3715 2356 Depres-

2064 2374 2270 2428 serunt
2300 2387 2393 2426 me
2425 2386 2439 2426 :
2476 2370 2804 2426 indicantes
2835 2370 3003 2436 mihi,
3038 2388 3131 2427 me
3162 2373 3519 2442 nondum,ut
3544 2390 3716 2447 opor-

2064 2460 2361 2529 tet,Deum
2395 2460 3462 2532 comprehendisse,Reprehendentes
3493 2470 3715 2530 autem,

2063 2549 2473 2623 perculserunt
2492 2549 2913 2605 conscientiam
2935 2565 3284 2621 meamque:
3305 2566 3367 2607 se
3389 2558 3714 2609 increatum

2064 2636 2583 2709 comprehendisse
2631 2638 3067 2707 arbitrabatur;
3118 2640 3260 2694 dum
3310 2655 3443 2695 eum
3515 2659 3712 2699 rerum

2064 2744 2195 2799 qua:
2224 2733 2428 2783 creatae
2460 2733 2620 2795 sunt,
2644 2727 2985 2783 nominibus
3014 2732 3205 2784 vocat.
3235 2731 3311 2784 At
3341 2730 3481 2786 dum
3513 2736 3716 2789 osten-

2064 2818 2215 2872 dunt
2245 2816 2510 2871 divinum
2544 2832 2760 2872 numen
2807 2814 2968 2871 omni
3012 2832 3144 2873 esse
3191 2818 3521 2889 cognitione
3570 2837 3716 2892 prte-

2065 2902 2724 2971 stantius,abstulerunt
2749 2903 2894 2958 mihi
2926 2902 3264 2976 pallium,id
3298 2910 3407 2977 est,
3426 2907 3714 2964 rationem

2066 3010 2281 3061 meam,
2314 2998 2538 3064 quanta
2568 3008 2767 3048 rerum
2799 2992 3056 3065 cognitio
3088 2992 3408 3067 colligitur,
3441 3002 3506 3052 ut
3535 2999 3713 3068 pallio

2064 3082 2239 3154 spica
2269 3085 2750 3152 comportantur:
2777 3082 3327 3154 deterrueruntque,
3348 3101 3419 3140 ne
3451 3085 3709 3143 divinam

2065 3176 2336 3227 naturam
2370 3169 3025 3242 incomprehensibilem
3057 3172 3322 3245 redigere
3342 3190 3585 3231 conarer
3604 3177 3714 3232 sub

2064 3257 2670 3332 comprehensionem.
2707 3260 2834 3315 illac
2864 3265 3109 3331 egerunt
3155 3262 3214 3317 in
3262 3279 3354 3318 me
3408 3280 3714 3322 murorum

295 3376 505 3410 τουσιν⁸
600 3355 690 3416 Ὠς
775 3352 1027 3428 γεγόνασι
1100 3355 1267 3407 ταῦτα
1345 3350 1482 3406 αὑτὰ
1571 3347 1952 3424 διηγησαμένη

2069 3349 2365 3415 custodes,
2389 3348 2497 3404 hoc
2528 3353 2618 3404 est
2648 3348 3057 3405 observatores
3088 3351 3351 3423 perpetui
3384 3352 3715 3410 divinarum

299 3445 339 3514 ἠ
401 3442 587 3521 νύμφη
658 3446 777 3504 ταῖς
853 3440 1076 3513 νεάνισι⁹
1153 3438 1318 3495 πάλιν
1383 3440 1551 3503 αὑτὰς
1608 3440 1814 3514 ὁρκίζει
1864 3436 1955 3494 λέ-

299 3552 495 3610 γουσα·

381 3802 610 3878 Ὠρκισα
639 3800 799 3873 ὑμᾶς,
829 3797 919 3854 καὶ
942 3796 1010 3853 τὰ
1032 3797 1177 3869 ἑξῆς.

876 4185 992 4240 Τῶν
1033 4185 1079 4262 γ’
1114 4184 1391 4260 Πατὲρων.

379 4291 592 4355 Ταύτας
623 4296 754 4368 γοῦν
783 4293 881 4356 τὰς
920 4292 1057 4365 πρὸς
1108 4288 1493 4361 τελελειότητα
1528 4284 1812 4353 ἀναϐάσεις
1859 4313 1964 4365 μου

305 4380 738 4455 ἑξηγῆσαμένη,
806 4384 1037 4456 Ὥρκισα
1104 4380 1267 4452 ὑμᾶς,
1343 4379 1625 4455 θυγατέρες
1693 4380 1966 4456 Ἰερουσα-

306 4471 418 4539 λήν
491 4469 544 4525 ἰν
615 4476 734 4533 ταῖς
807 4468 1089 4543 δυνάμεσι,
1146 4469 1236 4524 καὶ
1288 4468 1341 4523 ἒν
1395 4473 1514 4531 ταῖς
1568 4467 1816 4544 ἰσχύσεσι
1870 4475 1966 4525 τοῦ

304 4559 480 4635 ἀγροῦ
570 4557 658 4613 ἐὰν
749 4558 941 4632 εὕρητε
1030 4558 1123 4614 τὸν
1212 4555 1540 4620 ἀδελφιδοῦν

303 4647 680 4724 ἀπαγγείλητε
730 4647 915 4720 αὑτῷ;
992 4650 1117 4703 "Ott
1192 4647 1506 4722 τετρωμένη
1565 4648 1781 4722 ἀγάπης
1829 4647 1964 4721 εἰμί.

300 4739 557 4811 Ἠγουν,
634 4737 795 4807 Δίκην
871 4735 1037 4810 ὅρκου
1113 4740 1193 4808 τῷ
1244 4736 1364 4790 κατ’
1416 4734 1514 4809 ἐμὲ
1570 4732 1969 4813 παραδείγματι

302 4821 613 4881 ἐϐεϐαίωσα
655 4827 744 4880 καὶ
806 4824 1059 4901 ἐστήριξα
1117 4824 1275 4896 ὑμᾶς,
1336 4825 1633 4901 μαθήτριαί
1684 4846 1811 4898 μου,
1871 4827 1966 4889 τὰς

303 4915 362 4970 ἐν
416 4919 489 4990 τῇ
565 4902 825 4987 ἀπαθείᾳ
866 4916 967 4984 τὴν
1035 4912 1259 4988 sip-r5qu
1307 4914 1538 4989 ὁρώσας,
1597 4913 1683 4969 ἰὰν
1739 4915 1790 4969 ἐν
1847 4920 1967 4980 ταῖς

305 5007 673 5077 θεωρητικαῖς
740 5000 997 5076 δυνάμεσι
1070 5001 1160 5057 καὶ
1240 5006 1359 5063 ταῖς
1431 5007 1754 5073 πρακτικαῖς
1814 5001 1968 5078 ἱσχὺε

304 5112 449 5158 σεσι,
498 5096 621 5154 ταῖς
676 5090 727 5146 ἐν
757 5096 837 5164 τῷ
867 5090 1095 5162 παρόντι
1127 5088 1321 5163 κόσμῳ
1366 5091 1465 5159 τήν
1514 5094 1717 5165 γνῶσιν
1748 5091 1835 5145 καὶ
1864 5092 1963 5161 τὴν

305 5179 511 5256 ἀρετὴν
578 5178 808 5255 ἐνεργεῖν
887 5177 1232 5252 δυναμέναις·
1307 5174 1502 5254 εὕρητε
1571 5178 1647 5240 ὡς
1705 5178 1964 5250 ἀλήθειαν

304 5269 399 5325 καὶ
456 5269 653 5344 ἂγαθόν
715 5289 842 5342 μου,
896 5267 951 5323 τί
1008 5267 1328 5343 ὑπόσχησθε
1395 5266 1580 5339 αὑτῷ;
1636 5268 1708 5322 Τὸ
1770 5269 1961 5340 μηκέτι

305 5358 528 5419 πάντως
593 5356 687 5412 τὸν
768 5354 1178 5430 μεμολυσμένον
1259 5358 1471 5431 χιτῶνα
1544 5361 1645 5425 τῆς
1699 5356 1966 5431 ἁμαρτίας

305 5444 655 5518 ἰνδὺσασθαι,
726 5444 763 5515 ἢ
842 5443 991 5508 ὅλως
1068 5442 1224 5520 ἴχνος
1307 5443 1598 5518 μολυσμοῦ
1694 5440 1960 5515 δέξασθαι.

305 5535 473 5594 Οὕτω
530 5532 581 5591 δ’
631 5533 774 5610 ὑμᾶς
833 5534 1059 5612 ὥρκισα,
1119 5532 1201 5589 ὅτι
1256 5533 1536 5609 τέτρωμαι
1578 5535 1648 5607 τῇ
1687 5531 1867 5608 ἀγάπῃ
1894 5536 1963 5608 τῇ

302 5626 451 5705 πρὸς
502 5624 667 5699 ὑμᾶς,
717 5624 806 5680 καὶ
857 5621 965 5700 ιρῶ
1007 5627 1108 5695 τῆς
1146 5620 1422 5697 σωτηρίας
1467 5620 1644 5697 ὑμῶν.
1693 5622 1963 5679 Ἐντεῦθεν

377 5779 435 5819 ⁸⁸
460 5779 642 5840 Exod.
674 5794 762 5851 ιιι,
793 5778 879 5837 14.

1654 4579 1758 4633 μου
1792 4602 1807 4627 ,
1914 4558 1967 4615 τί
2002 4585 2013 4593 ί

2062 3436 2455 3507 voluntatum,
2485 3436 2702 3509 quibus
2735 3443 3015 3508 tanquam
3051 3439 3237 3496 muris
3266 3457 3461 3497 rerum
3492 3448 3718 3499 natura

2066 3529 2510 3583 conservantur.
2543 3526 2665 3589 Quo
2716 3526 2888 3582 modo
2942 3526 3061 3581 haec
3102 3533 3303 3584 essent
3345 3534 3531 3601 gesta,
3582 3548 3717 3588 cum

2068 3615 2393 3687 discipulas
2425 3632 2565 3671 suas
2594 3631 2818 3686 sponsa
2846 3615 3162 3685 docuisset,
3195 3633 3403 3674 rursus
3432 3635 3532 3675 eas
3551 3620 3718 3690 jure-

2062 3704 2320 3778 jurando
2350 3704 2684 3761 obtestatur
2715 3720 2728 3759 :

2136 3793 2365 3865 Adiuro,
2396 3792 2695 3865 inquiens,
2750 3809 2865 3862 vos,
2917 3794 3051 3865 ﬁliae
3104 3794 3427 3866 Jerusalem,
3471 3812 3570 3869 per
3612 3812 3718 3869 po-

2069 3884 2271 3939 tentias
2331 3886 2385 3938 et
2440 3881 2803 3954 fortitudines
2857 3883 3001 3954 agri,
3053 3882 3100 3938 si
3154 3883 3483 3941 inveneritis
3552 3902 3719 3958 nepo-

2071 3976 2178 4028 tem
2204 3988 2409 4044 meum,
2441 3971 2696 4029 nuntiate
2728 3972 2818 4028 illi
2854 3988 2943 4028 me
2998 3970 3268 4030 charitate
3311 3988 3423 4031 esse
3464 3977 3722 4033 vulnera-

2070 4065 2210 4117 iam.

2667 4185 2854 4240 Trium
2881 4187 3133 4242 Patrum.

2146 4290 2396 4347 Proinde
2427 4306 2559 4346 cum
2592 4290 2702 4347 hos
2734 4307 2890 4348 meos
2922 4293 2990 4348 ad
3043 4293 3459 4365 perfectionem
3506 4295 3724 4369 gradus

2076 4379 2483 4452 explicaverim
2519 4396 2533 4435 :
2566 4380 2772 4450 Adiuro
2802 4397 2914 4447 vos,
2946 4383 3078 4452 ﬁliae
3125 4383 3448 4454 Jerusalem,
3494 4400 3593 4457 per
3632 4400 3726 4458 po-

2076 4471 2275 4526 tentias
2317 4473 2371 4524 et
2413 4468 2766 4541 fortitudines
2810 4472 2961 4539 agri,
3008 4472 3061 4527 si
3107 4473 3434 4529 inveneritis
3479 4477 3728 4546 nepotem

2076 4574 2278 4614 meum.
2312 4558 2492 4627 Quid?
2520 4560 2775 4614 nuntiate
2804 4560 2914 4631 illi,
2942 4576 3030 4615 me
3057 4563 3328 4617 charitate
3375 4578 3486 4618 esse
3534 4563 3727 4619 vulne-

2078 4658 2279 4702 ratam.
2314 4647 2593 4718 Exemplo
2626 4663 2750 4703 meo
2782 4651 3070 4721 tanquam
3099 4649 3487 4722 jurejurando
3536 4668 3726 4707 corro-

2080 4736 2275 4792 boravi
2307 4736 2768 4807 confirmavique
2798 4752 2924 4803 vos,
2958 4738 3261 4809 discipulis
3295 4755 3456 4810 mete,
3490 4756 3617 4812 quas
3665 4740 3724 4796 in

2078 4825 2292 4881 mentis
2323 4824 2752 4898 tranquillitate
2785 4841 2986 4897 pacem
3019 4826 3356 4893 cernitis,ut
3387 4829 3433 4883 si
3466 4846 3569 4901 per
3598 4845 3729 4901 spe-

2075 4914 2359 4970 culativas
2417 4918 2474 4969 et
2526 4916 2742 4969 activas
2802 4915 3095 4986 potentias
3150 4932 3277 4989 quas
3325 4916 3385 4971 in
3457 4916 3566 4973 hac
3611 4918 3731 4973 vita

2075 5002 2384 5059 scientiam
2419 5004 2592 5073 atque
2622 5002 2896 5057 virtutem
2930 5004 3164 5071 assequi
3197 5003 3412 5072 valent,
3445 5003 3726 5061 dilectum

2074 5108 2270 5148 meum
2302 5096 2367 5146 ut
2394 5089 2696 5146 veritatem
2729 5095 2786 5146 et
2809 5092 3030 5147 bonum
3053 5091 3724 5166 deprehenderitis,pro-

2078 5180 2329 5236 mittatis
2360 5181 2434 5243 ei,
2465 5195 2566 5234 vos
2596 5178 2756 5234 nullo
2789 5197 3030 5252 prorsus
3064 5182 3235 5237 modo
3270 5182 3570 5237 sordidam
3597 5198 3728 5255 pec-

2078 5270 2194 5325 cati
2222 5267 2482 5324 tunicam
2515 5267 2773 5340 amplius
2802 5269 3137 5338 induturas,
3170 5274 3273 5326 aut
3301 5270 3729 5343 inquinationis

2077 5357 2322 5425 vestigia
2378 5361 2703 5413 secuturas.
2753 5357 2845 5412 Sic
2920 5366 3113 5414 autem
3179 5359 3568 5431 jurejurando
3624 5375 3728 5416 vos

2074 5446 2399 5517 obstringe,
2446 5462 2563 5516 qua
2608 5444 2896 5502 charitate
2944 5463 3079 5519 erga
3125 5464 3227 5503 vos
3258 5464 3388 5505 sum
3421 5448 3643 5511 saucia,
3672 5452 3730 5505 et

2074 5534 2327 5593 salutem
2384 5538 2639 5590 vestram
2698 5539 2929 5606 exopto.
2986 5535 3088 5592 His
3139 5553 3370 5608 sponsa)
3412 5537 3605 5593 verbis
3650 5536 3723 5594 ad

2072 5622 2542 5697 conquirendum
2573 5639 2861 5698 sponsum
2894 5624 3085 5698 ipsius
3114 5625 3397 5701 incitatis,
3443 5635 3722 5685 verentur
