4072 6346
423 416 540 478 643

1749 402 2176 472 MICHAELIS
2226 405 2492 467 PSELLI

3715 405 3843 467 δη

423 554 620 606 tamen
651 563 724 605 ne
756 547 902 604 forte
932 545 1287 620 speculando
1319 545 1609 619 agendove
1661 544 1915 616 deceptae
1961 555 2056 612 pro

2180 533 2228 590 δ’
2257 536 2312 591 αἱ
2369 535 2571 607 ταύτης
2633 536 2928 612 μαθήτριαι
2987 531 3063 598 sic
3096 535 3424 606 ἀναζήτησιν
3464 535 3560 590 τοῦ
3590 538 3838 614 νυμφίου

421 639 551 696 luce
607 638 879 695 tenebras
926 635 1360 708 amplectantur
1411 653 1423 692 :
1476 635 1676 706 itaque
1721 632 2067 705 magistram

421 729 786 800 interrogant
816 726 971 782 hunc
1004 725 1062 781 in
1095 726 1334 782 modum
1364 744 1381 780 :
1416 726 1606 794 Quali:
1634 734 1716 782 est
1753 738 1912 795 nepos
1944 725 2070 777 tuus

422 835 491 874 ea:
521 826 727 889 nepote,
759 831 789 872 0
818 816 1049 888 pulchra
1079 817 1226 872 inter
1254 815 1554 872 mulieres?
1584 815 1767 887 qualis
1796 816 1876 868 est
1907 825 2070 882 nepos

423 917 554 963 tuus
581 922 650 962 ex
679 910 892 976 nepote,
925 907 1054 977 quia
1099 906 1180 960 sic
1225 905 1501 976 adjurasli
1539 907 1678 959 nos?
1708 902 1932 967 Quibus
1977 899 2067 954 in-

423 995 594 1051 diciis
625 993 988 1067 dignoscitur
1019 993 1080 1049 in
1112 993 1666 1066 contemplando?ne
1698 992 1821 1048 loco
1855 989 2066 1061 ipsius,

416 1101 552 1142 eum
586 1084 684 1155 qui
710 1100 779 1140 se
810 1082 1000 1139 lucem
1034 1083 1276 1138 simulat
1305 1084 1367 1151 ³⁸,
1394 1100 1527 1138 cum
1559 1083 1637 1138 sit
1667 1081 1940 1149 tenebrae,
1963 1095 2066 1150 pro

415 1173 656 1230 veritate
686 1172 1057 1228 mendacium
1091 1171 1372 1244 amplexae
1403 1172 1803 1244 suscipiamus
1828 1187 1840 1224 :
1865 1186 1896 1225 ο
1930 1183 2064 1240 spe-

414 1263 574 1319 ciosa
604 1263 752 1318 inter
782 1279 880 1318 eas
931 1279 1059 1334 quae
1111 1261 1193 1317 illi
1244 1266 1383 1318 sunt
1428 1263 1816 1334 desponsata,
1868 1261 2066 1330 utpote

413 1351 668 1423 perfecta
723 1354 780 1406 et
837 1351 1124 1423 magistra
1177 1349 1464 1404 omnium.
1523 1351 1594 1405 Et
1650 1349 1864 1421 quibus
1923 1347 2064 1401 item

411 1439 599 1511 signis
628 1440 686 1494 in
722 1440 945 1511 agendo
977 1439 1400 1510 distinguitur?
1422 1456 1493 1495 ne
1526 1436 2064 1510 perturbationibus

412 1545 515 1600 per
547 1528 782 1584 virtutis
812 1544 1116 1584 excessum
1149 1529 1424 1599 deceptae,
1458 1534 1513 1583 et
1561 1530 1736 1584 rebus
1787 1527 2063 1584 secundis

411 1617 690 1690 pellectzn,
745 1634 850 1689 pro
888 1617 1041 1673 bono
1075 1617 1298 1672 malum
1331 1617 1809 1689 complectamur.
1839 1617 1968 1672 Haec
1997 1633 2066 1672 ex

412 1713 468 1762 te
529 1706 871 1778 quaerimus,
924 1706 1065 1777 quia
1123 1723 1226 1761 nos
1264 1707 1657 1779 jurejurando
1707 1705 2062 1773 devincieos,

413 1795 632 1851 amoris
663 1796 963 1851 ﬂammam
997 1796 1056 1850 in
1107 1795 1276 1851 nobis
1327 1813 1465 1867 erga
1515 1795 1683 1850 illum
1735 1794 2062 1862 suscitasti,

2179 625 2350 698 αὐτῆς
2429 626 2801 706 διεγερθεῖσαι,
2876 626 2966 681 καὶ
3044 623 3341 696 δεδοικυῖαι
3420 627 3620 698 μήπως
3695 628 3840 682 κατά

2178 716 2402 792 θεωρίαν
2564 717 2700 772 κατὰ
2754 719 2941 792 πρᾶξιν
3000 715 3399 787 ἀπατηθεῖσαι,
3470 716 3660 779 σκότος
3716 716 3839 772 ἀντὶ

2178 807 2358 886 φωτὸς
2435 805 2821 878 ὑποδέξωνται,
2895 805 3148 868 τοιατετας
3216 810 3496 860 ποιοῦνται
3551 806 3645 868 τὰς
3702 806 3841 862 ἀπο-

2177 897 2375 972 κρίσεις
2453 898 2590 973 πρὸς
2656 897 2756 966 τὴν
2833 893 3193 951 διδάσκαλον’
3273 895 3334 950 Τί
3392 892 3685 974 ἀδελφιδός
3736 917 3837 951 σου

2177 985 2282 1041 ἀπὸ
2334 983 2633 1064 ἀδελφιδοῦ
2687 989 2721 1055 ἡ
2774 984 2916 1054 καλὴ
3001 983 3052 1040 ἐν
3111 983 3358 1058 γυναιξί;
3424 984 3482 1038 Τί
3537 982 3837 1063 ἀδελφιδός

2178 1098 2273 1131 σου
2334 1076 2438 1130 ἀπὸ
2496 1073 2813 1154 ἀδελφιδοῦ,
2875 1076 2956 1129 δτι
3027 1073 3264 1148 ὥρκισας
3322 1076 3510 1148 ἡμᾶςς
3580 1072 3834 1146 Δηλαδῆ,

2175 1167 2522 1242 Ἀνάγγειλον
2603 1167 2762 1238 ἡμῖν,
2838 1164 2962 1219 τίνα
3055 1164 3186 1218 εἷ’σῖν
3262 1163 3331 1219 τὰ
3403 1165 3538 1219 κατὰ
3601 1164 3833 1240 θεωρίαν

2176 1256 2528 1331 γνωρίσματα
2584 1259 2680 1308 τοῦ
2739 1255 3020 1330 ἀγαπητοῦ
3078 1272 3194 1308 σου·
3235 1255 3328 1308 ’ἰνα
3388 1254 3464 1327 μή
3497 1258 3689 1308 τοῦτον
3723 1275 3833 1308 πα-

2177 1345 2603 1420 ραγνωρίσασαι,
2663 1343 2754 1397 τὸν
2813 1343 3004 1406 σκότος
3062 1339 3190 1397 ὄντα
3218 1344 3306 1398 καὶ
3369 1347 3484 1419 φῶς
3535 1343 3834 1420 ὑποκρινό-

2179 1455 2332 1507 μενον
2389 1431 2774 1506 ὗποδεξώμεθα
2830 1432 2942 1488 ἀντ’
2987 1432 3192 1502 αὐτοῦ,
3241 1432 3356 1487 ἀντὶ
3415 1440 3513 1503 τῆς
3569 1431 3834 1501 ἀληθείας

2173 1528 2252 1595 τῷ
2301 1520 2483 1596 ψεύδει
2544 1524 2977 1597 παρατυχοῦσαι·
3044 1523 3078 1591 ἡ
3135 1521 3442 1595 ὡραιοτάτη
3505 1526 3626 1584 ταῖς
3693 1543 3836 1594 νυμ-

2174 1613 2498 1691 φευομέναις
2556 1611 2720 1666 αὐτοῦ
2751 1611 2824 1673 ὡς
2853 1608 3037 1666 τελεία
3083 1611 3170 1666 καὶ
3221 1611 3428 1666 τούτων
3471 1607 3832 1673 διδάσκαλος.

2174 1703 2276 1760 Καὶ
2332 1702 2453 1756 τίνα
2508 1699 2671 1756 πάλιν
2745 1698 2850 1755 εἶσὶ
2909 1700 2974 1754 τὶ
3027 1704 3221 1755 τοῦτον
3276 1701 3414 1754 κατά
3471 1701 3661 1774 πρᾶξιν
3714 1720 3830 1775 χει-

2173 1792 2604 1868 ρακτηρίζοντα;
2664 1792 2847 1852 Ὅπως
2924 1791 2999 1863 μὴ
3048 1787 3138 1844 διὰ
3191 1793 3299 1844 τῶν
3332 1790 3451 1854 καθ’
3513 1785 3832 1866 ὑπερϐολὴν

412 1885 792 1956 coegistique,
829 1893 890 1941 ut
919 1902 1053 1941 eum
1083 1885 1288 1941 sedulo
1320 1885 1737 1956 conquirentes
1771 1883 2056 1940 invenire-

2169 1889 2270 1952 τῆς
2344 1882 2538 1957 ἀρετῆς
2625 1881 2810 1935 παθῶν
2895 1884 3084 1934 τοῦτον
3163 1879 3668 1955 παραγνωρίσασαι,
3750 1881 3835 1944 ὡς

413 1992 570 2030 IDUS.

2172 1973 2359 2045 ἀγαθῷ
2434 1974 2513 2041 τῷ
2599 1971 2830 2042 πονηρῷ
2907 1967 3309 2044 περιπέσωμεν,
3370 1967 3664 2026 κλαπεῖσαι
3719 1969 3834 2023 ἀπὸ

407 2066 515 2116 τῶν
545 2059 755 2134 δεξιῶν.
784 2064 967 2118 Ταῦτα
1000 2059 1056 2116 δὲ
1081 2062 1226 2137 παρὰ
1255 2061 1352 2117 σοῦ
1385 2067 1652 2135 ζητοῦμεν
1690 2063 1898 2135 μαθεῖν,
1930 2060 2011 2116 ὅτι
2043 2063 2104 2115 τὸ
2131 2063 2264 2133 πρὸς
2297 2060 2457 2115 αὐτὸν
2489 2057 2713 2137 φίλτρον
2749 2057 2931 2122 ὲνίθου
2961 2059 3122 2131 ἡμῖν,
3157 2055 3312 2128 δίκην
3368 2059 3533 2134 ὅρκου
3580 2057 3833 2134 ἀπαναγ-

409 2151 568 2219 κάζον
599 2153 749 2223 ἡμᾶς
787 2156 977 2207 τοῦτον
1008 2151 1317 2224 ἀναζητεῖν,
1347 2153 1436 2206 καί
1470 2149 1716 2207 σπεύδειν
1747 2151 1942 2206 τούτου
1983 2151 2286 2227 ἐπιτυχεῖν.

479 2243 682 2314 Adjuro
716 2260 822 2309 vos,
857 2244 987 2313 ﬁlia
1014 2244 1345 2314 Jerusalem,
1390 2260 1494 2314 per
1535 2245 1805 2315 potentias
1852 2248 1905 2298 et
1951 2245 2064 2313 for-

406 2333 671 2389 titudines
703 2334 848 2404 agri,
878 2334 929 2388 si
960 2334 1246 2388 iveneritis
1275 2340 1524 2404 nepotem
1555 2349 1758 2401 meum,
1808 2333 2064 2388 nuntiate

408 2422 518 2492 illi,
546 2439 634 2478 me
661 2422 937 2478 charitale
965 2439 1081 2478 esse
1109 2421 1489 2477 vulderatam.

1141 2601 1330 2657 Pselli.

482 2709 724 2780 Adjuro,
755 2707 971 2779 inquit,
1002 2724 1104 2764 vos
1133 2725 1236 2779 per
1265 2708 1389 2779 agri
1424 2706 1767 2779 potentiam,
1799 2706 1909 2761 hoc
1947 2709 2061 2776 est,

410 2814 512 2870 per
542 2797 750 2853 divinae
784 2797 1088 2852 charitatis
1131 2797 1271 2863 vim,
1325 2801 1391 2851 ut
1433 2812 1650 2868 sponso
1699 2796 2057 2852 desiderium

410 2903 607 2942 meum
640 2886 931 2942 indicetis.
965 2886 1068 2941 His
1101 2887 1340 2957 quidem
1370 2886 1565 2940 verbis
1616 2902 1834 2957 sponsa
1881 2901 2057 2957 ange-

408 2975 496 3030 los
529 2977 953 3030 obtestatur.At
982 2976 1052 3030 de
1084 2974 1284 3046 sponsi
1316 2974 1649 3030 inventione
1679 2975 2059 3046 desperantes

405 3068 583 3119 etiam
618 3063 959 3135 angelorum
993 3064 1154 3120 chori
1189 3081 1201 3119 :
1240 3063 1559 3136 Cujusmodi
1605 3067 1705 3131 est,
1757 3063 2057 3134 inquiunt,

401 3169 565 3224 nepos
594 3160 768 3208 tuus!
799 3153 1024 3218 Quibus
1055 3152 1159 3207 tibi
1191 3153 1512 3223 insignitur
1565 3152 1759 3207 notis?
1791 3152 1862 3207 Ut
1890 3151 2056 3224 igna-

402 3258 522 3309 ros,
555 3243 696 3298 doce
730 3258 836 3297 nos
867 3241 1067 3296 omnia
1096 3241 1426 3314 diligenter.

999 3527 1182 3582 Trium
1213 3528 1466 3582 Patrum.

473 3615 687 3686 Incipit
715 3615 1002 3685 magistra
1033 3614 1234 3686 sponsi
1267 3615 1356 3670 sui
1392 3617 1560 3671 notas
1590 3619 1766 3686 atque
1797 3613 2056 3686 insignia

403 3703 719 3759 declarare.
755 3709 831 3758 Ac
865 3703 1119 3774 primum
1150 3703 1388 3774 quidem
1437 3719 1504 3758 ea
1535 3704 1860 3773 generatim
1912 3720 2056 3759 enu-

401 3799 590 3848 merat
621 3811 634 3849 :
669 3794 860 3864 Nepos,
895 3791 1194 3863 inquiens,
1225 3791 1680 3852 meus,candidus
1712 3800 1763 3847 et
1791 3792 2053 3846 rubicun-

398 3880 519 3947 dus,
552 3882 752 3936 electus
780 3898 849 3936 ex
881 3880 1060 3936 decem
1092 3881 1362 3935 millibus.
1387 3879 1646 3935 Dilectus
1678 3897 1844 3935 meus
1875 3882 2051 3952 (quod

399 3970 470 4024 ad
509 3975 780 4026 naturam
818 3971 1076 4024 divinum
1111 3969 1385 4040 pertinet)
1418 3975 1508 4024 est
1539 3969 1830 4025 candidus
1863 3976 1928 4023 ut
1954 3969 2056 4024 lux

399 4059 701 4114 inaccessa
737 4075 749 4113 :
777 4058 1142 4113 rubicundus
1178 4058 1360 4112 instar
1391 4059 1701 4129 auri,quod
1735 4059 1956 4113 ueteris
1987 4076 2055 4114 ex

401 4147 646 4202 materia
675 4147 1084 4202 constantibus
1116 4145 1429 4215 antecellit,
1484 4154 1548 4202 ut
1594 4147 2053 4218 supersubstan-

397 4235 558 4291 tialis
590 4252 622 4305 γε
676 4235 897 4292 electus
955 4252 1023 4290 ex
1069 4236 1270 4290 decem
1325 4235 1613 4303 millibus,
1666 4241 1731 4290 ut
1779 4235 1938 4291 solus
1985 4251 2054 4291 ex

397 4329 564 4396 patre
593 4325 1155 4397 genitus.Quantum
1191 4330 1384 4380 autem
1420 4329 1649 4397 spectat
1677 4328 1743 4380 ad
1780 4326 2054 4381 humani-

397 4417 601 4483 tatem,
633 4413 921 4470 candidus
972 4419 1080 4482 est,
1138 4419 1202 4468 ut
1252 4431 1436 4484 purus
1484 4418 1663 4484 atque
1712 4415 1935 4485 integer
1980 4414 2052 4470 ab

391 4501 552 4557 omni
586 4507 819 4573 peccato
857 4519 869 4558 :
905 4503 1294 4571 rubicundus,
1330 4507 1393 4557 ut
1424 4503 1523 4573 qui
1559 4503 1860 4573 proprium
1912 4521 2049 4558 san-

389 4591 632 4662 guinem
655 4591 716 4646 in
740 4607 912 4647 cruce
934 4609 1037 4662 pro
1061 4591 1230 4646 nobis
1252 4590 1477 4646 effudit:
1499 4589 1718 4645 electus
1750 4607 1818 4646 ex
1849 4592 2049 4648 decem

2239 2243 2468 2316 ’Ὡρκισα
2544 2239 2706 2312 ὑμᾶς,
2776 2240 3061 2314 θυγατέρες
3140 2237 3528 2314 Ἰερουσαλὴμ,
3597 2236 3648 2293 ἓν
3707 2243 3839 2303 ταῖς

2172 2329 2430 2402 δυνάμεσι
2475 2329 2565 2384 καὶ
2616 2328 2667 2383 ἒν
2721 2332 2841 2390 ταῖς
2883 2327 3128 2404 ἴσχῦσεσι
3160 2325 3256 2382 τοῦ
3288 2328 3475 2403 ἀγροῦ,
3510 2326 3601 2382 ἐὰν
3635 2327 3838 2403 εὕρητε

2167 2419 2259 2474 τὸν
2295 2414 2619 2492 ἀδελφιδοῦν
2651 2414 3134 2491 μου,ἐπαγγείΛατε
3156 2417 3238 2471 ὅτι
3269 2417 3581 2493 τετρωμένη
3616 2417 3841 2492 ἀγάπης

2172 2508 2299 2584 ἐγώ.

2872 2591 3122 2654 Ψελλοῦ.

2167 2702 2401 2780 Ὁρκίζω
2433 2699 2524 2772 δὴ,
2557 2701 2740 2780 φησὶν,
2775 2701 2916 2774 ὑμᾶς
2948 2701 3000 2756 ἐν
3031 2705 3100 2776 τῇ
3130 2706 3227 2756 τοῦ
3259 2701 3431 2778 ἀγροῦ
3461 2699 3711 2776 δυνάμει,

2171 2794 2257 2850 Ἐν
2289 2796 2358 2866 τῇ
2389 2793 2577 2867 χάριτι
2603 2797 2702 2860 τῆς
2733 2791 2877 2852 θείας
2912 2787 3241 2860 δυναστείας,

2167 2885 2283 2937 Ἵνα
2310 2881 2401 2936 τὸν
2434 2882 2602 2936 πόθον
2634 2881 2725 2935 τὸν
2759 2878 2888 2952 ἐμὸν
2921 2876 3110 2951 εἶίπητε
3135 2885 3216 2952 τῷ
3245 2879 3489 2959 νυμφίῳ,

2166 2975 2340 3026 Ταῦτα
2375 2971 2468 3044 μὲν
2501 2967 2868 3045 λελιπάρηκεν
2900 2970 2933 3039 ἡ
2966 2969 3149 3046 νύμφη
3179 2968 3309 3034 τοὺς
3339 2969 3622 3046 ἀγγέλους.

2168 3062 2608 3134 Ἀμηχανοῦντες
2640 3055 2698 3112 δὲ
2730 3059 2920 3113 λοιπὸν
2949 3060 3047 3127 τήν
3081 3058 3283 3132 εὕρεσιν
3318 3059 3526 3114 ἐκείνου

2167 3151 2271 3206 Καὶ
2302 3154 2410 3203 τῶν
2453 3145 2696 3224 ἀγγέλων
2727 3148 2778 3201 οἱ
2806 3146 2996 3223 χοροὶ,
3022 3147 3149 3224 φασὶ
3180 3148 3316 3223 πρὸς
3345 3150 3445 3217 τὴν
3477 3148 3767 3222 παρθένον·

2164 3241 2230 3293 Ὤ
2258 3238 2503 3299 ποταπός
2531 3258 2612 3298 τις
2642 3237 2866 3314 πὲιρυκε,
2901 3236 3082 3311 φασὶν,
3117 3234 3406 3312 ἀδελφιδός
3439 3258 3524 3292 σοι
3550 3263 3564 3305 ;

2087 3313 2129 3379 Ο
2165 3329 2251 3386 Ἐν
2281 3328 2392 3383 τίσι
2418 3328 2522 3401 γὰρ
2559 3313 2975 3402 σχημιοτισμοῖς
3007 3326 3465 3401 χαρακτηρίζεται
3495 3347 3579 3382 σοι
3606 3347 3621 3398 ;

2166 3414 2390 3488 Δίδαξον
2421 3417 2655 3476 ἅπαντας
2684 3412 2869 3477 καλῶς
2891 3416 3040 3486 ἡμᾶς
3071 3415 3144 3476 ὡς
3171 3415 3518 3490 ἀγνοοῦντας.

2732 3526 2848 3576 Τῶν
2889 3522 2938 3596 γ’
2971 3522 3218 3596 Πατὲρων
3232 3565 3244 3579 .

2233 3613 2568 3686 Ἃπάρχεται
2602 3609 2795 3666 λοιπὸν
2855 3613 2890 3680 ἡ
2940 3608 3270 3673 διδάσκαλος
3310 3609 3668 3686 ἀπαγγέλλειν
3720 3617 3832 3669 τοῦ

2162 3701 2400 3778 νυμφίου
2474 3701 2641 3770 αὐτῆς
2719 3701 2788 3754 τὰ
2867 3700 3243 3776 γνωρίσματα.
3300 3700 3398 3755 Καὶ
3447 3706 3666 3776 πρῶτον
3718 3703 3824 3776 μὲν

2162 3790 2439 3861 καθολικῷ
2487 3789 2637 3864 λόγῳ
2683 3792 2851 3843 ταῦτα
2899 3785 3200 3860 διεξιοῦσα,
3258 3788 3441 3866 φησίν·
3497 3787 3831 3868 Ἀδελφιδός

2167 3901 2270 3950 μου
2373 3877 2566 3941 λευκὸς
2657 3877 2747 3932 καὶ
2843 3876 3088 3952 πυῤῥὸς,
3169 3876 3627 3954 ἐκλελογισμένος
3711 3878 3826 3934 ἀπὸ

2167 3964 2468 4041 μυριάδων.
2529 3967 2712 4029 ’¹Ητοι,
2771 3965 2831 4021 Ὁ
2878 3963 3160 4039 ἀγαπητός
3214 3985 3338 4035 μου,
3392 3964 3531 4019 κατά
3588 3965 3682 4037 μὶν
3713 3967 3822 4033 τὴν

2163 4057 2307 4110 θείαν
2355 4055 2508 4133 φύσιν
2561 4051 2752 4114 λευκὸς
2805 4053 2897 4125 μὲν
2946 4053 3022 4113 ὡς
3071 4052 3361 4125 ἀπρόσιτον
3411 4057 3556 4127 φῶς·
3607 4053 3826 4130 πυρῥὸς

2165 4143 2220 4199 δὲ
2278 4148 2365 4198 οἷα
2419 4144 2624 4219 χρυσὸς
2679 4147 2786 4197 τῶν
2845 4140 3054 4196 λοιπῶν
3121 4141 3265 4196 ὑλῶν
3324 4143 3674 4215 τιμιώτερος,
3739 4143 3825 4206 ὡς

2164 4233 2511 4308 ὑπεροῦσιοςο
2564 4231 2652 4286 καὶ
2704 4229 3160 4305 ἐκλελογισμένος
3211 4231 3317 4285 ἀπὸ
3370 4229 3690 4306 μυριάδων,
3739 4233 3827 4297 ὡς

2165 4336 2330 4396 μονος
2406 4321 2466 4376 ἐκ
2540 4322 2745 4396 πατρὸς
2805 4321 3058 4394 ἀχρόνως
3116 4320 3349 4394 τεχθείς.
3419 4319 3561 4375 Κατὰ
3609 4317 3667 4375 δὲ
3708 4323 3820 4390 τήν

2161 4412 2526 4486 ἀνθρωπίνην,
2576 4409 2766 4470 λευκὸς
2796 4410 2889 4482 μὲν
2923 4409 2997 4470 ὡς
3047 4409 3281 4484 καθαρὸς
3321 4407 3411 4464 διὰ
3455 4410 3520 4464 τὸ
3573 4411 3828 4485 ἀναμάρ-

2157 4519 2340 4571 τητον·
2370 4499 2573 4575 πυρῥὸς
2604 4496 2680 4567 δὲ,
2715 4498 2788 4560 ὡς
2826 4496 2888 4552 τὰ
2937 4497 3140 4552 οἰκεῖον
3191 4499 3326 4570 αἷμα
3375 4497 3427 4552 ἐν
3471 4496 3552 4570 τῷ
3595 4505 3824 4573 σταυρῷ

2160 4589 2354 4666 ἐκχέας
2404 4588 2534 4662 ὑπὲρ
2570 4591 2750 4660 ἡμῶν·
2799 4584 2889 4641 καί
2942 4584 3404 4660 ἐκλελογισμένος
3462 4587 3568 4641 ἀπὸ
3614 4589 3840 4663 μυριάε

389 4679 748 4747 millibus,ut
767 4680 1065 4753 solusipse
1086 4697 1152 4736 ex
1173 4679 1453 4736 omnibus
1480 4679 1607 4734 sine
1629 4681 1854 4736 semine
1878 4687 2051 4737 natus

2168 4675 2289 4747 Βων,
2324 4679 2397 4738 ὡς
2435 4677 2601 4749 μόνος
2655 4675 2816 4736 αὐτὸς
2869 4675 2974 4729 ἀπὸ
3012 4679 3226 4730 πάντων
3261 4675 3510 4751 ἀσπόρως
3555 4675 3615 4732 ἐκ
3667 4697 3822 4752 παρ-

389 4785 457 4823 ex
490 4767 737 4840 virgine.
771 4771 963 4841 Atque
995 4771 1065 4824 ad
1102 4768 1253 4823 hunc
1286 4768 1523 4838 quidem
1557 4769 1799 4824 modum
1833 4769 1887 4823 in
1923 4770 2044 4840 spi-

393 4857 507 4912 ritu
543 4858 698 4913 hunc
729 4858 1218 4929 contemplemur.
1273 4857 1468 4914 Rebus
1526 4864 1719 4914 autem
1771 4863 1828 4914 et
1877 4859 2045 4916 factis

387 4947 710 5004 candidum
745 4947 1248 5018 experiuntur,qui
1282 4948 1352 5003 ab
1385 4949 1656 5003 omnibus
1681 4953 2048 5020 peccatorum

392 5037 622 5107 purgati
655 5041 795 5092 sunt
825 5037 1099 5092 sordibus
1133 5053 1144 5091 :
1181 5037 1602 5102 rubicundum,
1635 5036 1732 5106 qui
1765 5037 1824 5090 in
1856 5037 2050 5092 varias

391 5124 719 5181 incidentes
751 5126 1128 5195 tentationes,
1161 5142 1229 5180 ex
1259 5124 1376 5180 illis
1409 5141 1511 5196 per
1567 5123 1936 5194 patientiam,
1986 5129 2050 5179 ut

392 5214 601 5284 igneus
633 5215 760 5270 auri
794 5214 984 5287 fulgor
1014 5232 1082 5270 ex
1115 5217 1367 5282 fornace,
1390 5212 1620 5284 probati
1651 5212 2046 5284 resplendent:

389 5303 640 5359 electum
673 5321 740 5360 ex
766 5305 964 5360 decem
999 5303 1391 5372 millibus,qui
1425 5318 1526 5371 per
1552 5301 1966 5357 abstinentiam
1989 5307 2048 5359 et

387 5393 610 5448 toleran
647 5393 764 5449 iam
799 5392 1066 5448 mundati
1100 5391 1326 5446 nullum
1363 5392 1420 5444 in
1456 5405 1517 5445 se
1549 5390 1694 5462 ipsis
1717 5391 2044 5447 humanum

387 5481 690 5537 continent
721 5481 951 5549 vitium,
986 5496 1173 5552 neque
1218 5483 1413 5534 tamen
1442 5484 1746 5549 propterea
1766 5480 2044 5534 excidunt

387 5570 458 5626 ab
489 5569 844 5628 humilitate.
879 5571 1098 5628 Deinde
1129 5566 1433 5641 sigillatim
1481 5566 1656 5623 etiam
1700 5567 1899 5640 spo'nsi
1949 5568 2041 5623 sui

461 5750 505 5788 ⁵⁸
536 5749 588 5808 ΙΙ
618 5750 748 5808 Cor.
779 5767 858 5822 x1,
890 5750 979 5808 44.

2156 4767 2310 4821 θὲνου
2383 4765 2620 4841 τεχθείς.
2695 4764 2793 4819 Καὶ
2853 4763 2996 4819 οὕτω
3061 4764 3156 4836 μὲν
3213 4770 3494 4840 θεωρεῖται
3546 4763 3704 4826 οὗτος
3759 4765 3823 4820 ἐν

2159 4857 2449 4928 πνεύματι.
2503 4858 2592 4910 Ἐν
2643 4854 2804 4928 πείρα⁴
2851 4851 2908 4908 δὲ
2961 4854 3157 4908 τούτου
3205 4853 3340 4908 κατὰ
3384 4854 3570 4928 πρᾶξιν
3623 4854 3820 4929 γίνον-

2157 4967 2268 5016 ται,
2335 4946 2410 5008 ὡς
2482 4945 2575 5017 μὶν
2647 4941 2864 5010 λευκοῦ,
2930 4944 2982 4997 οἱ
3047 4942 3152 4996 ἀπὸ
3209 4943 3409 5004 παντὸς
3460 4944 3822 5020 καθαρθέντες

2160 5031 2332 5109 ῥύπου
2410 5031 2841 5106 ἁμαρτημάτων·
2908 5030 2981 5092 ὡς
3033 5028 3090 5085 δὲ
3136 5030 3368 5107 πυρῥοῦ,
3422 5031 3474 5084 οἱ
3533 5030 3822 5096 ποικίλοις

2158 5125 2482 5197 πειρασμοῖς
2527 5120 2930 5194 περιπεσόντες,
2973 5120 3060 5173 καὶ
3107 5123 3187 5190 τῷ
3245 5117 3482 5182 ἐντεῦθεν
3525 5125 3624 5189 τῆς
3675 5121 3827 5175 ὑπο-

2161 5217 2332 5283 μονῆς
2379 5206 2635 5282 δοκιμίῳ,
2665 5209 2738 5268 ὡς
2771 5211 2977 5283 χρυσοῦ
3008 5205 3066 5261 ἐκ
3095 5207 3474 5282 χωνευτηρίου
3504 5207 3753 5283 πυρῥότη
3767 5232 3822 5279 ς,

2155 5295 2594 5372 ἀναλάμψαντες·
2659 5295 2750 5350 καὶ
2815 5296 2887 5357 ὡς
2936 5293 3399 5370 ἐκλελογισμὲνου
3453 5295 3558 5352 ἀπὸ
3609 5299 3824 5368 μυριά-

2156 5384 2280 5455 δων,
2321 5387 2371 5442 οἱ
2423 5387 2474 5441 ἰν
2520 5387 2590 5458 τῇ
2633 5383 2702 5440 δι’
2756 5383 3070 5459 ἐγκρατείας
3119 5385 3372 5460 καθάρσει
3423 5385 3511 5439 καὶ
3559 5389 3626 5458 τῇ
3678 5386 3823 5442 ὑπο-

2157 5480 2299 5550 μονῇ
2353 5478 2485 5549 μήτι
2523 5472 2945 5547 καταδεξάμενοι
2992 5473 3161 5535 πάθος
3227 5471 3280 5528 ἐν
3333 5473 3543 5534 ἑαυτοῖς
3576 5474 3818 5546 μεσάσαι

2151 5563 2512 5643 ἀνθρώπινον,
2554 5564 2642 5620 καὶ
2679 5561 2769 5618 διὰ
2814 5566 2975 5618 τοῦτο
3023 5567 3121 5633 τῆς
3169 5561 3670 5642 ταπεινοφόοσύνης
3725 5567 3815 5639 μή
