4072 6346
246 447 373 510 645

1296 448 1712 512 COMMENT.
1753 447 1831 510 IN
1876 448 2276 511 CANTICUM
2320 450 2629 512 CANTlC.

3548 456 3671 518 646

245 575 678 643 ἐκπεπτωκότες.
713 578 848 637 Εἶτα
900 579 988 634 καὶ
1041 579 1179 636 κατᾶ
1238 581 1405 657 μέρος
1462 582 1497 650 ἡ
1557 578 1743 655 νύμφη
1801 579 1901 649 τὴν

2026 584 2189 637 notas
2216 584 2275 637 et
2302 580 2472 653 signa
2503 582 2876 654 persequitur
2907 599 2921 639 :
2953 582 3148 655 Caput,
3179 583 3477 657 inquiens,
3528 589 3668 659 eius,

243 673 356 724 τῶν
410 666 806 745 γνωρισμάτων
888 672 987 723 τοῦ
1056 670 1292 748 νυμφίου
1376 669 1541 740 αὐτῆς
1603 667 1903 743 ποιουμένη

247 757 531 835 ἐξήγησιν,
575 758 810 833 φάσκει·
874 757 1095 837 Κεφαλὴ
1169 760 1334 815 αὐτοῦ
1409 758 1638 837 χρυσίον
1715 758 1907 837 ὀφάτζ.

240 848 477 925 ἼΙγουν,
533 847 562 902 ὸ
616 850 808 903 τοῦτον
882 849 1001 903 κατ’
1063 847 1246 902 οὐσίαν
1333 853 1535 924 γεννῶν
1598 847 1911 925 ἂπόρρητος

244 941 394 999 Νοῦς
424 937 583 1013 (πρὸς
634 936 694 992 ὃν
753 934 829 999 ὡς
886 934 1130 1015 κεφαλὴν
1163 937 1191 992 ὁ
1222 934 1461 1013 ἄῤῥητος
1517 936 1681 993 αὑτοῦ
1736 937 1910 1011 Λόγος

244 1029 349 1080 τοῦ
402 1029 684 1103 συμφυοῦς
757 1028 875 1080 κατ’
925 1023 1111 1080 οὐσίαν
1170 1025 1506 1100 Ηνεύματος,
1566 1026 1747 1100 ἀνάγει
1821 1024 1914 1081 τὸν

256 1114 532 1189 ἑπόμενον
557 1119 649 1169 νῦν
700 1115 788 1169 οἷα
831 1114 1061 1190 χρυσίον
1111 1116 1492 1192 καθαρώτατον
1541 1120 1647 1171 τῶν
1697 1113 1911 1170 λοιπῶν

252 1202 405 1260 ὑλῶν
475 1204 900 1280 ὑπερκείμενον),
964 1205 1180 1260 πάντων
1252 1204 1390 1260 κατᾶ
1463 1204 1637 1260 πάντα
1706 1203 1913 1280 τρόπον

251 1293 497 1369 ἀπείρως
552 1293 854 1367 ἐξῴκισται.
907 1292 1128 1373 Κεφαλὴ
1182 1294 1286 1371 γάρ
1334 1293 1445 1350 ἐστι
1506 1297 1603 1350 τοῦ
1651 1296 1916 1369 Χριστοῦ,

256 1385 399 1440 κατᾶ
447 1387 539 1441 τὸν
595 1386 738 1439 θεῖον
797 1383 1157 1454 Ἀπόστολον,
1215 1384 1290 1450 ὡς
1347 1385 1478 1447 Θεὸς
1543 1385 1631 1440 καὶ
1705 1385 1915 1459 Πατήρ.

250 1472 481 1530 Τούτων
536 1469 583 1529 δ’
623 1471 795 1535 οὕτως
842 1476 1058 1528 πάντων
1114 1472 1593 1549 ὑπερηρεισμὲνων
1648 1474 1920 1554 θεωριῶν,

247 1565 344 1619 καὶ
413 1564 553 1619 κατᾶ
600 1564 664 1619 τὸ
726 1560 1007 1640 ἐγχωροῦν
1064 1562 1116 1620 ἐν
1177 1562 1340 1641 πείρᾳ
1386 1562 1546 1619 αὑτεῦ
1602 1563 1828 1638 γίνεται,
1889 1563 1918 1618 6

255 1651 429 1729 μηδὲν
475 1659 584 1710 τῶν
634 1650 801 1710 ὄντων
852 1653 1259 1730 ὑπερανατιθεὶς
1300 1654 1398 1711 τοῦ
1454 1658 1573 1716 ταῖς
1622 1650 1920 1729 ἀναποδεί-

247 1765 405 1809 κτοις
477 1743 885 1820 μυσταγωγίαις
955 1743 1255 1819 ἀγνώστως
1310 1744 1611 1818 νοουμένου
1664 1744 1700 1813 ἦ
1750 1763 1922 1820 γινω-

250 1832 528 1907 σκομίνου
561 1833 693 1910 ὑπὲρ
742 1833 926 1903 νόησιν
975 1831 1145 1908 λόγου
1192 1839 1295 1903 τῆς
1352 1833 1606 1906 πίστεως,
1636 1832 1728 1887 καὶ
1787 1831 1921 1906 ὑπὲρ

245 1927 350 1979 τοῦ
409 1926 646 1998 τηρῆσαι
696 1926 913 1992 τοῦτον,
960 1921 1091 1977 ὅλον
1162 1922 1349 1979 ἑαυτὸν
1415 1928 1535 1985 τοῖς
1594 1926 1920 1999 πειρασμοῖς

244 2009 574 2090 προδιδοὺς,
637 2011 918 2076 κάντεῦθεν
981 2012 1055 2073 ὡς
1114 2008 1166 2065 ἰν
1244 2011 1460 2084 καμίνῳ
1534 2012 1911 2088 καθαρώτατον

243 2099 483 2178 χρυσίον
536 2100 821 2174 φυλάττων
879 2100 976 2168 τὴν
1028 2098 1210 2155 πίστιν
1259 2099 1553 2173 ἀμείιυτον.
1602 2099 1913 2176 Βόστρυχοι

244 2188 422 2244 αὑτοῦ
499 2186 709 2255 ἐλάται,
789 2185 1022 2260 μέλανες
1100 2188 1174 2249 ὡς
1241 2186 1429 2262 κόραξ.
1482 2188 1665 2256 Ἤτοι,
1743 2188 1797 2242 αἱ
1861 2185 1915 2242 ἐν

250 2275 404 2351 ἁγίῳ
453 2277 725 2349 Πνεῦματι
777 2275 880 2330 ὑπὸ
926 2279 1021 2331 τοῦ
1078 2277 1421 2352 Μονογενοῦς
1468 2273 1912 2352 ἐκπληρούμεναι

250 2370 357 2422 τοῦ
398 2366 608 2442 Βατρὸς
642 2361 901 2437 εὐδοκίαι,
949 2365 1012 2419 τὸ
1042 2364 1124 2433 ὃν,
1152 2366 1187 2435 ἡ
1231 2366 1369 2435 ζωή,
1397 2367 1432 2435 ἡ
1488 2363 1671 2439 σοφία,
1703 2364 1792 2421 καὶ
1847 2364 1916 2421 τὰ

252 2454 453 2528 ὅμοια.
491 2455 663 2529 Ἀπερ
716 2452 1193 2510 κατακαλύπτουσι
1232 2459 1351 2517 ταῖς
1415 2454 1552 2509 κατᾶ
1602 2455 1781 2533 φύσιν,
1826 2454 1916 2510 οἶά

243 2554 385 2596 τινα
439 2539 681 2618 κεφαλὴν
739 2540 952 2619 τρίχες,
1001 2542 1103 2612 τὴν
1164 2540 1288 2616 μίαν
1339 2541 1519 2618 ἀρχὴν
1576 2544 1666 2598 καὶ
1737 2542 1915 2599 αἰτίαν

245 2635 370 2686 τῶν
399 2627 547 2686 ὅλων
584 2630 688 2686 ὑπὸ
716 2629 1024 2706 κατάληψιν
1086 2637 1260 2694 ποιεῖς
1318 2628 1581 2687 δοκοῦντα
1634 2632 1726 2688 τὸν
1779 2633 1915 2688 ἀκα-

249 2718 560 2791 τάληπτον.
595 2721 819 2778 Έλάται
872 2719 968 2794 μὲν
1010 2719 1143 2776 εἷ’σιν
1198 2720 1386 2795 ὑψηλά
1429 2742 1488 2777 τε
1537 2720 1626 2777 καὶ
1685 2721 1915 2800 οὑρανο-

256 2811 417 2883 μήκη
460 2805 674 2884 δένδρα,
700 2808 774 2871 ὡς
801 2808 929 2873 τοὺς
981 2808 1189 2865 τούτων
1225 2810 1363 2865 κατᾶ
1406 2811 1630 2885 γνώμην
1686 2810 1914 2887 ἀντεχο-

256 2900 461 2973 μένους
492 2896 545 2953 ἐν
571 2902 652 2970 τῷ
688 2904 1035 2972 προνοεῖσθαι
1080 2895 1150 2953 δι’
1204 2898 1416 2976 ἀγάπης
1461 2904 1568 2954 τῶν
1629 2899 1911 2975 ἐχομένων

257 2988 558 3064 ἀνάγουσαι
596 2988 732 3043 κατᾶ
769 2987 959 3064 πρᾶξιν
996 2993 1310 3062 μιμητικῶς
1342 2988 1476 3060 πρὸς
1512 2988 1576 3044 τὸ
1623 2988 1756 3064 ὕψος
1812 2992 1914 3059 τῆς

257 3075 415 3141 θείας
475 3076 913 3152 μακαριότητος’
968 3075 1193 3150 μέλανες
1241 3074 1288 3132 δ’
1340 3078 1427 3132 οἷα
1474 3075 1660 3154 κόραξ,
1711 3078 1785 3141 ὡς
1836 3082 1916 3152 τῷ

254 3165 660 3239 ἇνεξερευνήτῳ
697 3169 805 3221 τῶν
853 3166 1133 3243 χριμάτων
1192 3170 1299 3220 τῶν
1362 3165 1518 3230 θείων
1580 3166 1911 3224 συστέλλου-

254 3276 353 3310 σαι
412 3255 549 3310 κατὰ
605 3254 831 3331 θεωρίαν
883 3255 975 3311 τὸν
1029 3255 1213 3331 νοερὸν
1284 3254 1593 3331 ὀφθαλμόν.
1650 3257 1750 3312 Καὶ
1807 3257 1911 3335 γὰρ

2016 685 2216 726 aurum
2250 675 2471 740 ophatz.
2506 670 2667 727 Meus
2713 671 2814 727 illa
2863 672 3144 728 nimirum
3191 673 3524 739 ineffabilia.
3572 679 3666 748 (ad

2018 776 2197 831 quam
2230 765 2293 815 ut
2324 760 2396 816 ad
2432 764 2631 833 caput,
2662 760 2956 817 ineffabile
2986 762 3243 818 Verbum
3294 764 3483 835 ipsius
3530 767 3667 822 sub-

2019 848 2295 904 stantiam
2327 849 2769 905 connaturalem
2800 850 3295 921 Spiritum,ret‘ert
3323 863 3667 927 sequentem

2025 943 2306 1008 mentem,
2368 942 2655 1011 tanquam
2717 955 2926 994 aurum
2966 939 3361 1013 purissimum
3412 945 3671 1017 reliquas

2020 1027 2299 1085 materias
2324 1028 2697 1099 antecedens)
2743 1045 2777 1084 ο.
2823 1032 2997 1085 rebus
3043 1030 3320 1087 omnibus
3366 1034 3527 1089 omni
3574 1052 3667 1092 ra-

2022 1117 2179 1174 tione
2226 1117 2410 1174 distat
2457 1116 2707 1173 infinite.
2740 1118 2928 1190 Caput
2960 1120 3114 1175 enim
3144 1120 3376 1193 Christi,
3408 1127 3471 1179 ut
3500 1124 3671 1181 divus

2020 1204 2217 1279 inquit
2246 1206 2563 1279 Apostolus
2592 1206 2762 1274 ‘7,est
2788 1207 2944 1264 Deus
2975 1213 3032 1264 et
3061 1209 3247 1265 Pater.
3263 1209 3364 1266 liis
3394 1213 3674 1269 omnibus

2023 1294 2621 1368 contemplationibus
2652 1296 2729 1352 ita
2762 1297 3201 1368 constitutis,ad
3228 1301 3358 1370 ejus
3376 1304 3673 1374 experien-

2022 1384 2192 1455 tiam,
2224 1388 2513 1455 quantum
2547 1384 2700 1458 capit
2733 1385 2993 1442 humana
3034 1392 3264 1456 natura,
3316 1391 3577 1460 pervenit
3622 1391 3673 1448 is

2027 1472 2128 1546 qui
2151 1472 2285 1529 fidei
2310 1473 2519 1529 rationi
2538 1490 2715 1545 quam
2737 1474 3031 1546 mysteriis
3048 1474 3673 1535 indemonstrabilibus

2025 1560 2310 1618 ineffabili
2332 1561 2660 1634 cognitione
2682 1562 3037 1618 intellectam
3060 1568 3164 1620 aut
3184 1566 3478 1638 cognitam
3501 1567 3679 1625 habet

2028 1667 2201 1723 super
2233 1667 2468 1707 omnem
2499 1650 2933 1724 cogitationem,
2967 1652 3115 1708 nihil
3148 1657 3434 1727 praeponit
3480 1657 3677 1713 omni-

2030 1756 2105 1797 no
2155 1757 2168 1795 :
2224 1745 2282 1796 et
2327 1757 2434 1813 pro
2482 1755 2550 1796 ea
2596 1742 2815 1796 tuenda
2845 1745 3363 1815 conservandaque
3392 1750 3581 1803 totum
3614 1762 3678 1804 se

2030 1828 2227 1902 ipsum
2256 1827 2682 1885 tentationibus
2713 1845 2779 1885 ac
2809 1828 3085 1900 periculis
3115 1833 3539 1904 tormentisque
3570 1834 3679 1891 ob-

1950 1960 1999 2026 B
2022 1918 2155 1991 jicit
2188 1936 2201 1975 :
2234 1922 2409 1990 atque
2440 1918 2520 1973 ita
2549 1924 2830 1989 tanquam
2861 1918 2922 1974 in
2951 1920 3185 1975 fornace
3217 1938 3430 1977 aurum
3480 1923 3677 1996 puris-

2029 2007 2246 2064 simum
2306 2008 2482 2063 ﬁdem
2543 2008 2756 2064 retinet
2813 2007 3280 2064 immaculatum.
3333 2010 3510 2068 Coma
3558 2016 3679 2085 ejus

2022 2099 2166 2160 sicut
2209 2097 2372 2154 elatae
2415 2098 2733 2170 palmarum
2785 2114 2799 2154 :
2849 2098 3028 2169 nigra
3076 2101 3234 2170 quasi
3259 2115 3470 2156 corvus.
3505 2105 3675 2160 Bonas

2023 2185 2251 2242 scilicet
2308 2186 2498 2242 Patris
2555 2187 2905 2257 voluntates,
2956 2188 3029 2242 ab
3077 2189 3376 2260 unigenito
3425 2189 3567 2247 Filio
3614 2191 3675 2248 in

2022 2274 2245 2348 Spiritu
2295 2281 2498 2331 sancto
2546 2275 2820 2348 expletas;
2874 2292 3062 2347 mens,
3116 2278 3236 2332 vita
3283 2278 3575 2351 sapientia
3622 2285 3682 2337 et

2024 2364 2118 2421 his
2167 2362 2426 2433 similia;
2478 2381 2607 2436 qum
2661 2365 2901 2437 quidem
2952 2366 3320 2436 naturaliter,
3372 2372 3436 2423 ut
3481 2367 3679 2441 capilli

2022 2458 2194 2525 caput
2219 2452 2457 2526 aliquod
2488 2459 2713 2526 tegunt,
2750 2470 2935 2510 unum
2962 2454 3316 2527 principium
3347 2460 3406 2513 et
3434 2473 3676 2516 causam

2022 2558 2218 2598 rerum
2278 2542 2709 2612 universarum,
2761 2559 3016 2614 eumque
3082 2544 3186 2616 qui
3255 2546 3675 2618 comprehendi

2023 2648 2138 2688 non
2173 2635 2382 2704 potest,
2408 2632 2680 2688 videntur
2728 2632 2993 2705 redigere
3036 2633 3149 2690 sub
3193 2636 3671 2708 comprehensio-

2023 2736 2180 2777 nem.
2228 2720 2401 2776 Elatss
2450 2721 2689 2793 quidem
2736 2728 2877 2777 sunt
2923 2721 3159 2778 arbores
3207 2723 3547 2780 celsissimae
3594 2724 3668 2781 ad

2023 2808 2235 2865 emtum
2288 2827 2474 2882 usque
2521 2811 2866 2881 tendentes;
2914 2811 3192 2883 quoniam
3244 2829 3344 2869 eos
3397 2815 3500 2886 qui
3547 2814 3670 2872 hac

2022 2899 2220 2956 animo
2253 2899 2709 2971 amplectuntur,
2743 2901 2887 2956 dum
2922 2901 3287 2974 prospiciunt
3313 2921 3381 2959 ea
3407 2920 3539 2975 quae
3570 2921 3672 2978 per

2023 2988 2368 3045 charitatem
2399 2988 2799 3062 possidentur,
2833 2990 3030 3062 operis
3079 2997 3274 3048 autem
3319 2993 3669 3061 imitatione,

2021 3082 2353 3151 perducunt
2399 3079 2471 3134 ad
2523 3078 2731 3135 divinas
2781 3079 3169 3137 beatitudinis
3217 3080 3667 3139 sublimitatem.

2022 3165 2214 3239 Nigrae
2244 3171 2439 3224 autem
2472 3167 2638 3240 quasi
2677 3184 2881 3223 corvus
2917 3184 2929 3225 :
2966 3168 3105 3241 quia
3149 3170 3669 3245 impervestigabili

2021 3255 2355 3312 divinorum
2380 3256 2742 3327 judiciorum
2792 3257 3041 3325 ratione,
3094 3259 3306 3315 mentis
3356 3259 3558 3317 oculos
3604 3260 3665 3317 in

250 3345 444 3423 ὥσπερ
507 3345 569 3401 τὸ
615 3344 810 3402 λευκὸν
856 3350 1061 3422 χρῶμα
1096 3344 1341 3425 ὑφαπλοῖ
1367 3347 1468 3417 τὴν
1500 3343 1646 3423 ὄψιν,
1679 3332 1830 3404 οῦτων
1852 3332 1915 3405 τὸ

2028 3344 2523 3417 contemplatione
2569 3345 2969 3401 corroborant.
3022 3350 3169 3404 Nam
3221 3353 3285 3404 ut
3310 3347 3470 3405 color
3498 3349 3669 3407 albus

261 3433 442 3510 μέλαν
507 3432 814 3494 συστέλλει.
870 3436 937 3495 Οἱ
998 3433 1273 3513 ὀφθαλμοὶ
1329 3435 1495 3492 αὐτοῦ
1546 3437 1621 3500 ὡς
1677 3458 1919 3515 περιστε-

263 3523 363 3600 ραὶ
420 3522 508 3579 ἐπὶ
565 3521 913 3601 πληρώματα
969 3522 1199 3581 ὑδάτων
1251 3530 1476 3603 ’ΊΙγουν,
1525 3526 1580 3580 αἱ
1633 3529 1730 3581 τοῦ
1784 3547 1919 3582 παν-

259 3613 426 3690 αγίου
454 3612 766 3687 Πνεόματος
815 3611 1073 3689 ἐνέργειαι
1118 3613 1419 3693 (όφθαΛμοί
1486 3616 1692 3693 Κυρίου
1748 3636 1919 3692 προσ-

260 3703 684 3779 αγορευόμεναι,
740 3701 824 3758 ὅτι
903 3699 974 3757 δι’
1048 3703 1223 3758 αὐτῶν
1294 3704 1525 3782 πέφυκεν
1601 3704 1918 3761 ἐπισκοπεῖν

260 3790 400 3855 τοὺς
429 3789 515 3845 ἐπὶ
547 3796 647 3865 γῆς
679 3791 707 3845 ὁ
749 3792 920 3864 Θεὸς),
958 3791 1032 3854 ὥς
1080 3812 1220 3854 τινες
1277 3792 1585 3870 περιστεραὶ
1634 3791 1722 3848 ἐπὶ
1770 3792 1921 3864 πλή-

258 3900 378 3957 ρεις
437 3876 643 3934 ὑδάτων
701 3877 987 3953 δεξαμενὰς
1062 3880 1386 3957 ὥρμηνται·
1446 3880 1532 3937 ἐπὶ
1586 3883 1681 3945 τὰς
1731 3882 1920 3958 ἀρετὰς

264 3966 439 4031 οὔσας
469 3967 820 4044 πληρώματα
847 3974 955 4024 τῶν
1002 3969 1077 4032 ὡς
1132 3967 1337 4025 ὑδάτων
1384 3970 1669 4047 οὐρανόθεν
1728 3992 1923 4048 κατερ-

266 4059 535 4134 χομένων
566 4058 724 4113 θείων
758 4055 1013 4129 ἐντολῶν,
1047 4054 1135 4112 διὰ
1178 4058 1242 4114 τὸ
1288 4057 1414 4121 τοὺς
1457 4059 1663 4114 τούτων
1725 4059 1920 4136 λόγους

265 4150 345 4212 τῇ
395 4146 583 4223 πράξει
628 4146 967 4224 πληροῦσθαι
1024 4151 1130 4201 τῶν
1209 4144 1468 4205 ἐντολῶν.
1518 4148 1724 4225 Ὀρμᾷν
1771 4145 1817 4204 δ’
1867 4149 1922 4204 αἱ

260 4239 520 4292 τοιαῦται
580 4235 841 4312 ἐνέργειαι
891 4235 980 4291 ἐπὶ
1022 4236 1116 4298 τὰς
1163 4235 1353 4311 ἀρετὰς
1396 4235 1661 4313 εἷ’ρηνται,
1694 4237 1777 4293 ὅτι
1832 4236 1920 4294 ἐὰν

266 4325 354 4399 μὴ
406 4323 606 4401 Κῦριος
666 4322 735 4380 δι’
794 4324 970 4381 αὐτῶν
1027 4322 1373 4401 οῗκοδομήσῃ
1424 4327 1541 4381 κατ’
1592 4326 1786 4401 ἀρετὴν
1851 4326 1925 4392 ὥς

251 4436 385 4471 τινα
440 4414 586 4469 οἶκον
646 4412 832 4483 αὐτοῦ,
892 4415 993 4485 τὴν
1056 4415 1119 4470 τὸ
1204 4414 1403 4491 ἀγαθὸν
1479 4416 1921 4493 προαιρουμένην

254 4504 476 4581 ψυχὴν,
527 4502 603 4566 εἷς
662 4504 834 4578 μάτην
890 4501 1170 4559 ἐκοπίασεν
1227 4504 1255 4559 ὁ
1307 4501 1642 4579 οἰκοδομῶν.
1693 4507 1782 4570 Ὠς
1828 4526 1923 4562 πε-

253 4593 509 4672 ριστεραὶ
580 4588 658 4661 δὲ,
738 4591 894 4671 φησὶ,
950 4590 1281 4666 λελουμὲναι
1359 4592 1409 4649 ἐν
1480 4593 1735 4668 γάλακτι,
1793 4597 1923 4651 καθ-

250 4689 467 4758 ⁴ἥμεναι
517 4683 607 4739 ἐπὶ
664 4683 1012 4759 πληρώματα
1074 4681 1287 4740 ὑδάτων
1328 4700 1342 4718 ⁸

256 4774 445 4856 φύσει.
477 4772 600 4831 Εἶσῖ
653 4773 753 4849 γὶρ
812 4771 1092 4834 παντελῶς
1152 4771 1453 4846 ἀμόλυντοι
1502 4774 1555 4829 αἱ
1610 4778 1712 4830 τοῦ
1752 4775 1920 4831 Ι]νεῦ-

260 4885 446 4941 ματος
494 4861 777 4939 ἐνέργειαι,
837 4860 1305 4935 ἐπαναπαυόμεναι
1358 4868 1477 4925 ταῖς
1524 4862 1731 4919 τούτων
1788 4866 1925 4920 κατᾶ

259 4953 439 5031 χάριν
494 4950 959 5027 πεπληρωμέναις
1013 4954 1240 5027 ψυχαῖς,
1269 4951 1343 5014 ὡς
1396 4952 1802 5031 καθαρφείσαις,
1833 4952 1923 5009 καὶ

256 5041 677 5122 φωτισθείσαις,
719 5040 851 5114 [καὶ]
895 5037 1322 5102 τελειωθείσαις.
1366 5041 1434 5098 Οἱ
1497 5042 1590 5114 μὲν
1648 5041 1924 5120 ὀφθαλμοὶ

256 5135 371 5187 τοῦ
402 5129 643 5207 νυμφίου
674 5134 935 5185 τοιοῦτοι.
965 5129 1034 5187 Αἱ
1066 5126 1124 5184 δὲ
1154 5129 1396 5205 σιαγόνες
1429 5128 1593 5185 αὐτοῦ
1624 5130 1698 5192 ὡς
1734 5129 1923 5209 φιάλαι

253 5224 369 5277 τοῦ
459 5219 752 5295 ἁρώματος
837 5219 1063 5298 φ·5ουσαι
1169 5218 1459 5294 μυρεψικά.
1546 5216 1739 5276 Εἶ¹τουν
1823 5227 1923 5290 τῆς

253 5309 391 5386 περὶ
425 5307 599 5363 πάντα
649 5311 746 5363 τοῦ
800 5312 933 5364 Θεοῦ
982 5308 1242 5384 προνοίας
1301 5308 1352 5362 oi
1407 5304 1567 5384 λόγοι
1621 5306 1797 5385 (οἵπερ
1852 5307 1927 5372 ὥς

251 5419 409 5462 τινες
441 5398 685 5474 σιαγόνες
738 5403 856 5460 ταῖς
910 5396 1201 5474 ἐνεργείαις
1257 5396 1422 5452 οἶονεί
1481 5401 1778 5468 κινοῦνται,
1834 5398 1925 5452 καὶ

250 5487 393 5553 τοὺς
447 5486 755 5562 σωτηρίους
808 5489 916 5542 τῶν
976 5484 1181 5561 ἀρετῶν
1252 5485 1489 5559 τρόπους
1557 5482 1923 5556 διδάσκουσιν,

252 5577 354 5634 καὶ
417 5573 511 5632 διὰ
560 5576 768 5632 τούτων
845 5578 1227 5650 πνευματικῶς
1278 5572 1561 5655 τρέφουσι,
1617 5572 1922 5639 λεαίνοντίς

330 5796 379 5835 ⁸⁷
414 5792 441 5853 I
470 5794 600 5853 Cor.
633 5809 713 5866 xx,
743 5794 802 5851 3.

2024 3434 2217 3490 visum
2274 3434 2594 3507 disgregat,
2627 3434 2711 3490 ita
2769 3433 2933 3507 niger
2977 3437 3302 3493 confirmat.
3354 3438 3511 3495 Oculi
3553 3440 3673 3512 ejus

2024 3523 2167 3578 sicut
2193 3523 2461 3580 columbae
2487 3540 2651 3592 super
2676 3523 3052 3595 plenitudines
3081 3541 3375 3597 aquarum.
3411 3528 3670 3585 Sanctis-

2026 3611 2163 3668 simi
2193 3610 2447 3683 Spiritus
2478 3612 2874 3669 affectationes
2904 3612 3056 3669 oculi
3091 3615 3316 3670 Domini
3348 3620 3668 3672 vocantur:

2029 3699 2308 3773 quoniam
2335 3719 2435 3774 per
2456 3701 2616 3773 ipsos
2640 3706 2793 3758 Deus
2814 3703 3094 3759 mortales
3117 3704 3405 3775 inspicere
3424 3721 3669 3762 consue-

2027 3791 2128 3847 vit.
2162 3789 2236 3847 Ut
2255 3789 2540 3848 columbte
2561 3792 2825 3864 quaedam
2848 3794 2919 3848 ad
2942 3791 3144 3865 plenos
3166 3810 3453 3865 aquarum
3475 3793 3672 3852 alveos

2026 3878 2368 3951 incitantur,
2401 3897 2609 3952 nempe
2639 3881 2707 3936 ad
2758 3880 3022 3952 virtutes,
3072 3898 3202 3953 quae
3248 3898 3559 3953 aquarum,
3609 3883 3668 3938 id

2030 3973 2138 4037 est,
2173 3968 2506 4025 divinorum
2539 3971 2951 4026 mandatorum
2999 3971 3478 4027 descendentium
3528 3975 3671 4029 sunt

2031 4057 2446 4129 conceptacula
2505 4076 2518 4114 :
2579 4059 2718 4130 quia
2775 4075 3075 4116 sermones
3132 4074 3330 4115 earum
3392 4061 3671 4133 operibus

2032 4145 2350 4219 implentur
2380 4148 2814 4203 mandatorum.
2838 4149 3081 4204 Incitare
3110 4153 3308 4205 autem
3340 4150 3674 4208 affectiones

2031 4235 2121 4292 has
2152 4236 2221 4292 ad
2254 4236 2498 4292 virtutes
2528 4237 2694 4292 dictas
2725 4241 2898 4305 sunt;
2927 4237 3067 4309 quia
3097 4237 3209 4294 nisi
3238 4238 3525 4295 Dominus
3576 4257 3678 4312 per

2029 4325 2190 4397 ipsas
2239 4325 2499 4382 animam
2529 4327 2750 4382 bonum
2789 4325 3103 4400 eligentem
3127 4330 3413 4399 tanquam
3432 4329 3672 4385 domum

2032 4414 2290 4487 aliquam
2323 4432 2492 4471 suam
2525 4414 2920 4486 isdificaverit,
2952 4416 3254 4473 incassum
3300 4417 3530 4475 laborat
3575 4419 3679 4491 qui

2032 4503 2300 4559 mdificat.
2333 4503 2484 4560 Sicut
2510 4505 2798 4573 columbae,
2832 4505 3045 4576 inquit,
3077 4522 3197 4577 qua
3247 4508 3309 4562 in
3361 4506 3504 4563 lacte
3550 4511 3680 4564 sunt

2034 4594 2182 4661 lotw,
2232 4601 2286 4649 et
2335 4593 2580 4650 resident
2624 4595 2793 4666 juxta
2848 4593 3065 4667 ﬂuenta
3105 4595 3461 4667 plenissima.
3515 4597 3677 4654 Pura

1412 4681 1630 4756 δηλαδή
1688 4689 1917 4761 καθαραί

2030 4682 2256 4739 scilicet
2286 4699 2352 4739 ac
2383 4681 2615 4755 penitus
2648 4683 2878 4738 munda
2909 4683 3156 4754 spiritus
3185 4685 3519 4742 affectiones
3550 4703 3678 4758 qua

2031 4771 2290 4828 resident
2317 4772 2375 4828 iu
2407 4771 2873 4843 animabus,quze
2906 4771 3043 4845 ipsas
3078 4778 3143 4828 ut
3172 4780 3453 4846 purgatas
3474 4780 3532 4830 et
3552 4774 3683 4830 illu-

2032 4866 2250 4918 stratas
2280 4866 2455 4933 atque
2486 4861 2772 4933 perfectas
2805 4878 2906 4932 per
2931 4860 3182 4933 gratiam
3206 4862 3680 4933 repleverunt.Ac

2033 4951 2234 5025 sponsi
2262 4950 2498 5023 quidem
2524 4950 2677 5006 oculi
2701 4955 2840 5005 sunt
2864 4950 3345 5021 ejusmodi.Genae
3361 4951 3518 5006 illius
3535 4952 3682 5006 sicut

2030 5040 2245 5114 phialae
2272 5040 2544 5096 aromatis
2571 5042 2807 5112 ferentes
2832 5040 3239 5112 pigmentaria.
3273 5040 3494 5097 Divinas
3521 5039 3680 5097 vide-

2030 5130 2164 5187 licet
2197 5129 2572 5202 providentias
2604 5133 2816 5185 cuncta
2847 5130 3205 5185 moderantis
3253 5128 3477 5185 ratione
3529 5133 3682 5202 (quas

2033 5224 2312 5289 tanquam
2344 5235 2503 5292 genae
2535 5218 2892 5288 actionibus,
2926 5223 2992 5275 ut
3019 5218 3101 5275 ita
3130 5218 3681 5289 dicam,movcutur,

2035 5312 2092 5364 et
2122 5307 2456 5364 salutiferos
2487 5308 2768 5365 virtutum
2801 5325 2991 5365 mores
3040 5308 3272 5377 docent,
3322 5312 3379 5364 et
3421 5323 3525 5380 per
3574 5306 3683 5363 hos

2034 5396 2381 5469 spiritaliter
2431 5398 2718 5466 nutriunt,
2769 5397 3104 5454 mollientes
3152 5396 3584 5469 quodammodo
3623 5395 3681 5451 id

2036 5486 2192 5559 quod
2242 5485 2301 5540 in
2352 5485 2470 5543 Deo
2521 5486 2848 5542 secundum
2900 5486 3217 5542 essentiam
3269 5484 3515 5558 intelligi
3567 5500 3682 5540 non

2037 5579 2253 5649 potest,
2311 5574 2453 5631 dum
2512 5574 2721 5631 horum
2781 5575 3007 5632 actione
3080 5575 3274 5648 ipsum
3342 5573 3683 5648 explanant)
