4102 6342
487 399 602 459 64⁸7

1826 390 2248 454 MICHAELIS
2291 389 2564 453 PSELLI

3779 395 3902 455 648

487 535 692 586 sancto
725 529 976 602 impletae
1009 533 1147 582 sunt
1175 525 1394 599 Spiritu
1427 525 1596 598 quasi
1631 525 1936 582 odoriferae
1968 543 2092 598 qua:

2207 545 2360 595 ,πως
2413 523 2474 578 τὸ
2531 523 2649 578 κατ’
2705 523 2893 578 οὐσίαν
2953 521 3316 594 ἆκατανόητον
3347 525 3444 578 τοῦ
3493 527 3627 579 Θεοῦ
3687 527 3762 590 ὡς
3807 547 3902 584 σαο

489 621 624 675 dam
656 619 889 691 phialas,
921 617 1216 674 variorum
1270 621 1710 689 unguentorum
1763 615 1955 672 varios
1999 613 2132 672 illos

483 726 633 779 quos
663 709 916 763 diximus
959 705 1254 777 spiritales
1304 723 1496 762 mores
1547 707 1820 760 ferentes.
1872 704 2128 760 Verbum

483 798 638 854 enim
687 797 788 853 Dei
837 800 895 852 et
943 796 1132 852 Patris
1184 813 1298 868 quo
1329 799 1614 868 reguntur
1642 801 1698 850 et
1726 795 2132 867 gubernantur

483 887 772 954 universa,
828 887 888 940 in
946 891 1150 941 sancto
1210 884 1431 957 Spiritu
1492 889 1556 939 ut
1615 881 2126 948 consubstantiali,

477 975 842 1048 providentia
900 993 1008 1031 sua
1067 981 1277 1030 cuncta
1335 973 1590 1046 disponit
1651 978 1707 1028 et
1765 973 2120 1028 moderatur.

473 1069 668 1136 Atque
699 1065 780 1120 ita
811 1064 1050 1136 quidem
1081 1081 1144 1119 se
1174 1063 1391 1120 habent
1421 1080 1602 1136 genae.
1641 1063 1812 1119 Lubia
1839 1063 1955 1134 ejus
1999 1063 2124 1116 lilia

475 1153 828 1210 distillantia
901 1153 1188 1224 myrrham
1241 1154 1474 1221 plenam
1532 1171 1544 1208 :
1605 1152 1714 1208 hoc
1773 1158 1881 1222 est,
1941 1151 2122 1206 divini

459 1243 674 1313 judicii
743 1244 1022 1312 rationes,
1082 1242 1209 1313 (per
1288 1259 1434 1313 quas
1503 1241 1762 1296 Verbum
1840 1241 1941 1295 Dei
2019 1240 2120 1296 tri-

473 1334 658 1388 buens
691 1332 849 1402 quod
883 1331 1202 1402 unicuique
1235 1337 1456 1386 naturas
1491 1331 1794 1402 mentique
1826 1329 2118 1401 congruit,

469 1422 638 1492 quasi
697 1421 1056 1492 quibusdam
1115 1419 1318 1485 labris,
1368 1419 1428 1475 in
1490 1419 1743 1492 singulis
1803 1437 1905 1490 per
1960 1435 2120 1473 com-

469 1510 812 1565 munionem
844 1509 1206 1581 implicatur)
1241 1515 1381 1564 sunt
1423 1509 1733 1580 splendore
1776 1509 2114 1580 perspicuae,

466 1599 624 1654 sicut
655 1598 795 1666 lilia,
830 1600 970 1654 dum
1004 1615 1203 1654 rerum
1237 1605 1480 1654 naturas
1511 1615 1615 1669 pro
1665 1615 1774 1654 sua
1821 1614 2116 1669 quamque

465 1689 820 1759 proprietate
851 1689 1051 1743 firmas
1085 1693 1143 1742 et
1171 1687 1300 1743 sine
1347 1687 1692 1742 confusione
1745 1691 2111 1752 conservant,

467 1779 824 1849 modumque
851 1779 1061 1833 docent
1090 1777 1273 1832 totius
1325 1776 1796 1832 mortiﬁcationis
1846 1777 2112 1831 omnium

462 1868 821 1935 motionum,
880 1883 982 1938 per
1029 1865 1373 1922 electionem
1421 1884 1456 1922 a
1501 1869 1714 1920 natura
1767 1867 2108 1937 discrepan-

459 1955 630 2012 tium.
663 1957 855 2011 Munus
881 1957 1036 2011 illius
1067 1957 1380 2021 tornatiles,
1405 1970 1616 2022 aureae,
1651 1956 1840 2026 plenae
1867 1955 2104 2010 Tharsis.

462 2046 828 2102 Universales
886 2045 1152 2101 videlicet
1199 2062 1392 2101 rerum
1443 2045 1762 2100 ell'ectriees
1819 2045 2106 2099 instaura-

454 2137 746 2206 tricesque
801 2136 1059 2191 rationes
1113 2139 1267 2206 (quis
1321 2135 1393 2188 ad
1445 2133 1792 2189 creationem
1829 2139 1886 2188 et
1915 2133 2102 2204 provi-

453 2225 714 2280 dentiam
745 2229 804 2278 et
825 2224 1121 2294 judicium
1147 2221 1690 2295 pertinent,quibus
1723 2223 1820 2277 Dei
1845 2222 2100 2277 Verbum

454 2317 666 2366 cuncta.
691 2309 1070 2381 fecitetregit
1117 2313 1173 2365 et
1225 2309 1352 2366 sine
1400 2310 1743 2364 confusione
1775 2309 2100 2380 conservat)

452 2399 756 2454 tornatiles
788 2405 950 2466 sunt,
977 2405 1034 2454 et
1074 2398 1230 2454 varia
1266 2399 1453 2470 ipsius
1497 2397 1788 2470 sapientia
1837 2397 2099 2469 expolitis

453 2497 854 2560 purgatasque,
907 2493 972 2543 ut
1021 2504 1230 2543 aurum
1269 2488 1564 2544 sincerum
1597 2489 1670 2542 ab
1722 2488 1880 2543 omni
1931 2487 2097 2544 falsi-

448 2582 588 2644 tate;
613 2581 670 2633 et
723 2583 1007 2648 tanquam
1066 2577 1334 2647 Tharsis,
1396 2578 1551 2648 quod
1581 2576 1783 2650 gaudii
1833 2581 2096 2631 contem-

445 2666 762 2740 plationem
795 2666 1110 2738 signiﬁcat,
1135 2666 1316 2737 plenae
1339 2683 1473 2722 vera
1494 2665 1826 2737 cognitione
1865 2665 2095 2721 bonita-

443 2756 520 2812 tis
543 2758 667 2826 ejus
699 2773 814 2826 qua
849 2755 1044 2810 onmia
1085 2755 1374 2810 lcetantur.
1431 2755 1672 2810 Bonitas
1703 2754 1856 2810 enim
1903 2759 2096 2810 Grzece

445 2846 674 2900 videtur
706 2845 818 2900 dici
853 2863 918 2899 ex
953 2861 1041 2911 eo,
1090 2845 1246 2914 quod
1293 2843 1458 2900 valde
1508 2845 1605 2911 sit,
1641 2849 1742 2898 aut
1775 2843 1850 2898 sit
1881 2845 2090 2916 posita,

445 2937 546 2986 aut
576 2937 773 2987 currat
829 2937 1041 2986 Rerum
1085 2931 1242 2986 enim
1292 2933 1552 2986 essentia
1600 2931 1858 2986 declarat
1907 2931 2091 2986 Deum

441 3021 710 3076 essentia
743 3027 1056 3092 prmstare;
1091 3021 1305 3090 positio
1337 3025 1556 3088 autem,
1593 3025 1830 3092 propter
1873 3021 2090 3077 immu-

441 3109 653 3164 tabiles
712 3126 911 3165 earum
971 3109 1249 3179 rationes,
1291 3113 1560 3164 naturam
1615 3109 1800 3180 ipsius
1851 3127 2092 3181 prorsus

439 3196 802 3252 immobilem
841 3214 852 3251 :
890 3213 1100 3252 cursus
1131 3213 1264 3252 vero
1295 3212 1398 3268 per
1420 3201 1660 3252 mutuas
1693 3197 1924 3252 illarum
1956 3214 2088 3253 suc-

2244 612 2560 688 φηνίζοντες
2593 612 2721 668 αὐτὸ
2752 614 2887 667 κατὰ
2916 613 3015 682 τήν
3073 613 3278 668 τούτων
3337 613 3626 688 ἐνέργειαν)
3675 613 3897 688 πεπλή-

2243 722 2442 778 ρωνται
2491 707 2586 757 τοῦ
2655 700 3048 772 εὐωδιάζοντος
3112 708 3232 767 ταῖς
3303 701 3528 764 οἰκείαις
3611 703 3898 780 ἐνεργείαις

2237 793 2332 854 τὰς
2397 797 2502 846 τῶν
2558 796 2762 848 πιστῶν
2823 792 3002 866 ψυχας
3051 791 3317 869 παναγίου
3391 791 3743 866 Ηνεύματος·
3801 797 3894 850 οἷά

2237 903 2376 944 τινες
2409 881 2831 960 ἀρωματοφόροι
2862 880 3074 959 φιάλαι,
3107 882 3468 957 προφέροντες
3526 883 3599 945 ὡς
3655 890 3889 939 παντοῖα

2240 971 2511 1046 μυρεψικὰ
2538 969 2647 1041 ἤδη
2679 971 2805 1032 τοὺς
2851 969 3171 1045 εἰρημένους
3219 969 3532 1034 πολυειδεῖς
3589 994 3885 1046 πνευματι-

2233 1061 2365 1126 xci);
2409 1061 2667 1134 τρόπους.
2731 1059 2826 1114 Καὶ
2892 1060 2996 1136 γὰρ
3055 1062 3082 1115 ὁ
3142 1061 3353 1116 πάντων
3414 1064 3726 1136 προνοητής
3785 1067 3884 1118 τοῦ

2234 1149 2366 1204 Θεοῦ
2397 1151 2483 1205 καὶ
2515 1149 2728 1222 Πατρὸς
2763 1149 2935 1226 Λόγος
2969 1148 3019 1204 ἐν
3053 1150 3194 1224 ἁγίῳ
3237 1150 3508 1222 ΙΙνεύματι
3567 1151 3640 1210 ὡς
3687 1153 3884 1224 ὁμοου-

2233 1239 2353 1312 σίῳ,
2412 1240 2510 1308 τήν
2570 1238 2693 1314 περὶ
2751 1237 2922 1294 πάντα
2979 1238 3220 1294 ἐπιτελεῖ
3274 1239 3556 1315 πρόνοιαν.
3595 1241 3694 1297 Καὶ
3737 1241 3882 1296 οὕτω

2234 1329 2329 1402 μὲν
2390 1329 2444 1383 αἱ
2501 1327 2769 1403 σιαγόνες.
2831 1329 2904 1382 Τὰ
2966 1325 3022 1383 δὲ
3077 1327 3242 1404 χείλη
3305 1327 3469 1384 αὐτοῦ
3534 1329 3708 1405 κρίνα,
3753 1334 3879 1386 στά-

2231 1423 2389 1487 ζοντα
2473 1418 2711 1495 σμύρναν
2799 1417 3014 1492 πλήρη.
3103 1420 3286 1486 ’Ήτοι⁷
3332 1425 3432 1488 τῆς
3517 1420 3640 1494 περὶ
3705 1421 3882 1476 πάντα

2230 1505 2371 1568 θείας
2425 1504 2655 1581 κρίσεως
2709 1505 2760 1559 οἱ
2819 1501 2998 1581 λόγοι,
3056 1511 3173 1569 καθ’
3231 1504 3322 1567 οὓς
3355 1506 3382 1560 ὁ
3413 1509 3508 1560 τοῦ
3538 1510 3671 1561 Θεοῦ
3705 1507 3882 1584 Λόγος

2227 1591 2496 1668 διανέμων
2530 1595 2721 1668 ἑκάστῃ
2752 1594 2904 1672 φύσει
2949 1593 3038 1648 καὶ
3094 1594 3286 1670 γνώμῃ
3343 1595 3409 1648 τὰ
3460 1593 3769 1674 πρόσφορα,
3803 1597 3880 1661 ὥς

2222 1704 2328 1736 τισι
2362 1682 2573 1758 χείλεσι
2603 1682 2818 1746 τούτοις
2849 1682 3074 1750 ἑκάστην
3134 1682 3307 1738 αὐτῶν
3357 1684 3524 1739 οἱονεῖ
3565 1686 3701 1740 κατὰ
3749 1707 3878 1758 μετ-

2224 1773 2365 1847 οχὴν
2449 1773 2886 1846 περιπτύσσεται,
2966 1771 3272 1848 ὑπάρχουσι
3353 1776 3420 1846 τῇ
3519 1771 3876 1848 λαμπρότητι

2225 1859 2495 1939 διαφανεῖς
2582 1861 2655 1923 ὡς
2741 1861 2915 1936 κρίνα,
2975 1859 3264 1938 τηροῦντες
3348 1863 3444 1926 τὰς
3500 1863 3619 1926 καθ’
3671 1859 3874 1920 ’ἕκαστα

2219 1951 2401 2028 φύσεις
2459 1952 2594 2005 κατὰ
2658 1949 2785 2014 τοῦς
2837 1947 3008 2012 ἰδίους
3070 1950 3244 2005 αὐτῶν
3305 1950 3506 2026 λόγους
3573 1951 3874 2030 ἀτρέπτους

2217 2041 2302 2094 καὶ
2355 2039 2720 2115 ἀσυγχύτους,
2753 2039 2842 2094 καὶ
2897 2037 3236 2102 διδάσκοντες
3289 2039 3416 2103 τοὺς
3473 2038 3708 2118 τρόπους
3767 2051 3872 2113 τῆς

2215 2128 2511 2190 παντελοῦς
2567 2130 2879 2204 νεκρώσεως
2937 2133 3121 2183 πασῶν
3171 2134 3279 2186 τῶν
3337 2131 3474 2184 κατὰ
3549 2131 3866 2208 προαίρεσιν

2213 2218 2358 2292 παρᾶ
2433 2217 2588 2296 φύσιν
2674 2220 2975 2288 κινήσεων.
3063 2221 3252 2294 Χεῖρες
3336 2219 3503 2274 αὐτοῦ
3573 2222 3868 2298 τορευταῗ,

2211 2313 2433 2382 χρυσαῖ,
2489 2304 2923 2384 πεπληρωμέναι
2977 2308 3189 2384 Θαρσίς.
3233 2310 3452 2384 Ἥγουν,
3515 2310 3567 2364 οἱ
3623 2309 3870 2374 καθόλου

2209 2395 2490 2468 ποιητικοῖ
2523 2396 2610 2451 καὶ
2643 2397 2994 2452 ἀνανεωτικοὶ
3025 2403 3130 2452 τῶν
3164 2393 3331 2452 ὅντων
3365 2397 3546 2474 λόγοι,
3567 2400 3618 2454 οἱ
3637 2403 3736 2466 τῆς
3772 2399 3870 2472 δη-

2213 2486 2523 2562 μιουργίας,
2557 2487 2723 2565 φημί,
2756 2486 2844 2542 καὶ
2876 2494 2976 2557 τῆς
3007 2486 3289 2564 προνοίας,
3321 2489 3410 2544 καὶ
3457 2493 3558 2554 τῆς
3605 2491 3868 2567 κρίσεως,

2207 2577 2324 2640 καθ’
2356 2574 2447 2630 οὖν
2508 2576 2576 2630 τὰ
2629 2577 2863 2632 πάνταὸ
2911 2581 3007 2632 τοῦ
3064 2581 3194 2632 Θεοῦ
3255 2577 3426 2654 Λόγος
3481 2579 3748 2652 πεποιηκὲ
3804 2603 3866 2637 τε

2205 2664 2294 2719 καὶ
2364 2663 2611 2741 διεξάγει,
2667 2667 2752 2720 καὶ
2828 2663 3033 2742 ἄφυρτα
3116 2673 3389 2738 συνττιρεῖ,
3447 2669 3864 2743 τετορνευμένοι

2203 2753 2260 2808 τὲ
2317 2753 2418 2808 εἷ’σι
2477 2757 2545 2828 τῇ
2603 2753 2830 2828 ποικίλῃ
2887 2755 3050 2810 αὐτοῦ
3109 2755 3288 2830 σοφία,
3323 2757 3412 2810 καὶ
3469 2759 3861 2834 καθαρεύοντες

2209 2843 2301 2914 μὲν
2333 2847 2420 2897 οἷα
2452 2844 2656 2918 χρυσὸς
2686 2838 2988 2914 ἀκίϐδηλος
3017 2845 3193 2914 πάσης
3242 2843 3453 2908 ἐννοίας
3495 2845 3749 2920 ψευδοῦς,
3783 2849 3864 2911 ὡς

2204 2928 2260 2985 δὲ
2318 2937 2413 2986 τοῦ
2473 2933 2666 3006 Θαρσῖς
2741 2932 3068 3006 (ἐπισκοπῆς
3135 2939 3310 3010 χαρᾶς
3371 2934 3859 3010 ἐρμηνευομὲνου),

2203 3020 2637 3096 πεπληρωμένοι
2688 3021 2926 3092 ἀληθοῦς
2977 3025 3375 3093 κατανοήσεως,
3409 3031 3509 3094 τῆς
3563 3027 3632 3080 τᾶ
3682 3025 3863 3084 πάντα

2203 3109 2596 3188 εὔφραινούσης
2683 3110 3014 3186 ἀγαθότητος
3097 3112 3281 3181 αὐτοῦ,
3335 3111 3860 3190 ἐτυμολογουμένης

2201 3199 2346 3274 παρὰ
2395 3201 2457 3256 τὸ
2516 3197 2643 3276 ἄγαν
2701 3201 2857 3272 εἶναι,
2916 3201 2950 3270 ἣ
3002 3201 3354 3270 τεθεῖσθαι,ἣ
3416 3203 3574 3266 θέειν.
3625 3205 3704 3261 Τὸ
3759 3205 3857 3278 μὲν

439 3288 754 3354 cessiones,
789 3291 1016 3340 motum
1051 3286 1180 3355 ejus
1229 3291 1360 3340 actu
1412 3285 1859 3357 sempiternum.
1901 3287 2089 3342 Venter

2207 3289 2294 3364 γὰρ
2327 3288 2596 3342 εἶναιτῶν
2651 3284 2845 3360 ὄντων,
2877 3289 2938 3344 τὸ
2991 3289 3262 3366 ὑπερεῖναι
3308 3295 3404 3346 τοῦ
3453 3295 3585 3347 Θεοῦ
3644 3289 3856 3363 δηλοῖο

438 3375 557 3442 eius
586 3374 742 3444 piris
786 3375 1013 3444 exigua,
1063 3374 1328 3443 eburnea,
1363 3389 1530 3444 super
1578 3373 1769 3445 lapide
1805 3376 2085 3446 sapphiro.

437 3463 578 3532 Ejus
611 3461 892 3518 nimirum
925 3463 1213 3534 sapientia
1262 3479 1389 3534 quae
1427 3463 1483 3517 in
1517 3479 1578 3518 se
1623 3462 1753 3535 ipsa
1800 3469 2089 3533 quatenus

445 3568 622 3608 causa
651 3554 800 3624 gerit
848 3554 1101 3607 rationes
1153 3568 1350 3607 rerum
1393 3553 1729 3608 subvectum
1783 3553 1958 3608 habet
1987 3571 2090 3626 per

444 3642 764 3697 essentiam
795 3659 862 3696 ea
895 3659 1023 3714 quae
1065 3642 1314 3698 visibilis
1343 3645 1501 3710 sunt,
1557 3647 1620 3697 ut
1669 3641 1922 3714 lapidem
1959 3662 2088 3715 sap-

441 3731 678 3803 phirum
731 3737 965 3804 propter
1012 3733 1354 3787 ﬁrmitatem
1402 3736 1578 3802 atque
1615 3730 2084 3788 immobilitatem

439 3820 810 3892 coloremque
889 3819 1238 3875 caeruleum.
1315 3819 1424 3875 Per
1512 3820 1802 3876 actionem
1887 3825 2084 3877 autem

441 3911 733 3982 descripta
766 3913 856 3965 est
911 3909 967 3964 in
1019 3909 1194 3964 rebus
1250 3910 1591 3980 procreatis,
1653 3926 1756 3980 per
1803 3927 1952 3981 quas
1999 3911 2084 3966 uti

435 3998 584 4054 liber
613 3999 855 4071 quidam
895 3999 1210 4064 eburneus,
1261 3998 1480 4069 politus
1511 4004 1568 4054 et
1599 4016 1782 4070 purus
1825 4001 2082 4056 divinam

434 4089 820 4161 tumgloriam
843 4093 970 4142 tum
993 4087 1484 4158 magnificentiam
1502 4105 1633 4144 vere
1656 4090 2083 4162 perspicueque

433 4181 828 4250 repraesentat.
863 4177 1180 4232 Invisibilia
1209 4178 1356 4232 enim
1380 4178 1554 4248 ipsius
1584 4186 1890 4234 acreatura
1919 4197 2080 4236 mun-

433 4265 492 4321 di
515 4283 616 4338 per
644 4283 707 4322 ea
733 4283 852 4338 quae
880 4268 1036 4336 facta
1072 4269 1218 4336 sunt,
1263 4266 1543 4321 intellecta
1573 4268 1991 4337 conspiciuntur
2015 4269 2078 4333 ⁵⁸,

435 4361 501 4410 ut
535 4373 784 4428 magnus
807 4356 888 4409 ait
915 4354 1249 4424 Apostolus.
1283 4361 1474 4425 Atque
1498 4355 1604 4410 hoc
1636 4355 1874 4426 quidem
1909 4357 2081 4414 modo

432 4461 600 4500 mens
621 4462 688 4500 ex
720 4444 792 4498 iis
825 4461 952 4515 quae
1001 4445 1071 4499 de
1128 4445 1244 4500 Deo
1299 4461 1400 4515 per
1449 4444 1576 4514 ejus
1609 4461 1782 4516 opera
1815 4463 2079 4518 compre-

429 4535 789 4601 henduntur,
815 4533 1078 4589 cernitid
1105 4533 1259 4606 quod
1284 4551 1386 4606 per
1433 4535 1750 4590 essentiam
1792 4535 1920 4604 eius
1963 4554 2077 4592 non

2197 3377 2258 3431 τὸ
2308 3373 2365 3431 δὲ
2412 3380 2702 3446 τεθεῖσθαι,
2737 3377 2953 3432 πάντως
3006 3375 3076 3432 δι’
3123 3378 3415 3450 ἀτρέπτους
3471 3379 3598 3443 τοὺς
3641 3381 3858 3438 τούτων

2199 3466 2404 3540 λόγους
2437 3467 2566 3520 εἶναι
2597 3466 2659 3520 τὸ
2687 3465 2886 3522 τούτου
2914 3467 3029 3521 κατ’
3061 3466 3240 3521 οὐσίαν
3273 3469 3496 3540 πάμπαν
3551 3469 3848 3541 ἀκίνητον·

2195 3557 2257 3611 τὸ
2291 3553 2347 3610 δὲ
2378 3557 2512 3610 θέειν
2547 3551 2762 3626 δηλαδὴ
2793 3561 2912 3618 ταῖς
2941 3554 2992 3626 ἐξ
3023 3553 3289 3628 ἀλλήλων
3339 3564 3598 3623 κινεῖσθαι
3659 3555 3852 3616 διαδοο

2197 3650 2325 3719 χαῖς
2389 3645 2449 3699 τὸ
2510 3645 2627 3698 κατ’
2686 3643 2954 3719 ἐνέργειαν
3011 3643 3171 3700 αὐτοῦ
3254 3645 3580 3716 ἀεικίνητον.
3643 3649 3852 3706 Κοιλία

2195 3733 2359 3788 αὐτοῦ
2445 3732 2673 3804 πυξίον,
2755 3731 3098 3810 ἐλεφάντινον
3199 3733 3287 3788 ἐπὶ
3370 3732 3526 3790 λίθου
3611 3739 3848 3816 σαπφεί-

2195 3843 2314 3898 ρου·
2350 3819 2605 3892 δηλονότι
2634 3823 2667 3890 ὴ
2711 3823 2944 3896 φέρουσα
2994 3821 3044 3877 ἐν
3097 3821 3262 3894 ἐαυτῇ
3315 3825 3432 3878 κατ’
3479 3824 3654 3880 αἶ’-τίαν
3713 3827 3850 3890 τοὺς

2194 3915 2299 3965 τῶν
2351 3907 2519 3964 ὄντων
2577 3909 2780 3984 λόγους
2833 3911 3030 3966 τούτου
3089 3911 3272 3990 σοφία,
3326 3913 3679 3986 ὑποκείμενον
3747 3917 3848 3989 μὲν

2194 3993 2310 4076 ἔχει
2341 4002 2456 4055 κατ’
2488 3999 2674 4054 οὐσίαν
2707 4001 2773 4054 τὰ
2805 4000 3005 4074 ἀόρατα
3037 3999 3222 4070 αὐτοῦ,
3255 4003 3346 4056 οἷα
3404 4001 3556 4068 λίθον
3609 4007 3851 4085 σάπφει-

2193 4109 2285 4163 ρον
2321 4087 2408 4144 διά
2435 4110 2492 4143 τε
2520 4089 2581 4144 τὸ
2614 4088 2832 4165 στερρὸν
2863 4089 2952 4143 καὶ
2983 4089 3254 4160 ἀκίνητον,
3287 4091 3376 4145 καὶ
3432 4093 3493 4146 τὸ
3539 4097 3637 4147 τοῦ
3687 4096 3852 4170 χρώ-

2196 4199 2365 4250 ματος
2415 4177 2626 4234 κυανόν.
2689 4179 3076 4253 Ἐγγέγραπται
3142 4175 3198 4233 δὲ
3271 4183 3388 4234 κατ’
3445 4179 3711 4258 ἐνέργειαν
3773 4187 3849 4260 τῇ

2190 4267 2382 4334 κτίσει,
2413 4268 2528 4321 καθ’
2558 4268 2618 4335 ἣν
2662 4266 2750 4321 οἷά
2803 4287 2885 4330 τις
2945 4262 3137 4342 βίϐλος
3195 4266 3514 4346 ἐλεφαντίνη
3574 4269 3694 4326 λεία
3752 4274 3850 4328 καὶ

2189 4355 2396 4430 καθαρὰ
2425 4356 2524 4424 τήν
2559 4355 2701 4419 θείαν
2736 4352 2889 4426 δόξαν
2931 4377 2986 4410 τε
3033 4357 3121 4411 καὶ
3178 4355 3650 4434 μεγαλοπρίπειαν
3693 4361 3852 4432 ἀλη-

2192 4449 2300 4508 θῶς
2355 4465 2414 4499 τε
2471 4445 2560 4498 καὶ
2621 4441 2903 4519 ἀριδήλως
2958 4445 3271 4519 παρίστησι.
3331 4449 3410 4503 Τὰ
3467 4449 3571 4524 γὰρ
3635 4450 3853 4524 ἀόρατα

2192 4532 2354 4587 αὐτοῦ
2439 4533 2543 4587 ἀπὸ
2629 4533 2853 4596 κτίσεως
2907 4529 3118 4606 κόσμου
3202 4541 3321 4597 τοῖς
3405 4539 3676 4609 ποιήμασι
3755 4539 3850 4593 ἐν-

431 4627 621 4692 potest
641 4622 1080 4693 comprehendi.
1133 4625 1194 4677 In
1229 4639 1294 4678 eo
1328 4625 1521 4677 autem
1557 4623 1710 4693 quod
1747 4639 1847 4694 per
1876 4639 2076 4680 essen-

2207 4621 2452 4694 ιοούμενα
2510 4623 2822 4696 καθορᾶται,
2871 4623 3007 4677 κατὰ
3078 4623 3170 4678 τὸν
3243 4623 3404 4700 μέγαν
3461 4625 3800 4682 Ἀπόστολον
3833 4647 3846 4662 ·

425 4713 568 4768 tiam
603 4730 716 4768 non
747 4712 1284 4784 comprehenditur,
1307 4729 1342 4767 a
1373 4710 1568 4767 labore
1599 4729 1772 4783 quem
1805 4711 1863 4766 in
1901 4731 2074 4768 cursu

425 4801 772 4875 speculandi
832 4801 1098 4873 percipit,
1153 4801 1469 4872 requiescit
1509 4819 1521 4855 :
1574 4802 1706 4869 (Qui
1735 4801 1891 4857 enim
1923 4801 2079 4858 addit

423 4895 738 4962 scientiam,
768 4891 924 4947 addit
953 4891 1277 4963 dolorem")
1323 4891 1822 4964 conﬁrmaturque
1871 4909 2078 4947 rursus

425 4983 496 5037 ad
531 4999 726 5036 rerum
759 4980 1336 5053 contemplationem.
1390 4981 1895 5046 Quemadmodum
1946 4979 2075 5036 albo

426 5070 616 5126 colore
647 5069 912 5142 corporis
934 5069 1102 5124 oculo
1135 5067 1474 5124 videndivis
1507 5068 1816 5140 frangitur,
1841 5069 2075 5124 eadem-

427 5177 544 5230 qua
564 5175 799 5214 rursum
834 5175 937 5230 per
968 5173 1100 5213 eum
1127 5158 1292 5229 nigro
1317 5157 1664 5228 permistum
1717 5155 1974 5211 reﬁcitur
2020 5161 2078 5212 et

425 5251 741 5302 recreatur.
773 5249 850 5302 Ac
891 5253 1090 5302 venter
1111 5247 1346 5316 quidem
1373 5249 1456 5300 est
1491 5244 1648 5299 talis.
1684 5243 1858 5300 Crura
1880 5249 2074 5300 autem

423 5337 580 5392 illius
608 5337 880 5393 columna?
928 5351 1279 5402 marmoreae,
1311 5351 1435 5408 qua;
1457 5334 1709 5406 fundatae
1735 5341 1866 5389 sunt
1911 5350 2077 5406 super

421 5429 572 5484 bases
601 5443 823 5484 aureas.
855 5428 976 5482 Duo
1006 5425 1307 5495 vedelicet,
1341 5441 1578 5482 summa
1607 5430 1664 5480 et
1693 5441 1820 5496 quae
1854 5423 2075 5495 reliqua

419 5516 915 5590 complectuntur,
949 5515 1108 5572 illius
1167 5515 1470 5586 mandata,
1505 5519 1568 5570 ut
1612 5530 1746 5570 eum
1795 5517 1853 5570 et
1881 5513 2070 5586 proxi-

491 5731 536 5770 ³³
566 5729 735 5790 Rom.
767 5747 808 5805 ι,
833 5730 924 5790 20.
999 5730 1046 5770 ⁸9
1071 5729 1261 5790 Eccle.
1294 5746 1334 5804 ι,
1367 5730 1456 5790 18.

2187 4710 2274 4764 καὶ
2319 4710 2758 4785 τοιουτοτρόπως
2803 4711 2830 4765 ὁ
2860 4715 2984 4772 νοῦς
3043 4711 3093 4766 ἐν
3150 4713 3243 4784 μὲν
3281 4719 3362 4786 τῷ
3409 4721 3518 4769 κατ’
3569 4715 3850 4792 ἐνέργειαν

2185 4803 2281 4853 τοῦ
2313 4799 2468 4854 Θείου
2493 4797 2850 4870 καταληπτῷ,
2885 4799 2986 4874 ὁρᾷ
3013 4800 3075 4854 τὸ
3123 4802 3239 4855 κατ’
3272 4801 3453 4856 οὐσίαν
3503 4805 3670 4858 αὐτοῦ
3706 4805 3853 4860 ἀκα-

2185 4887 2496 4958 τάληπτον·
2533 4887 2584 4943 ἐν
2646 4885 2702 4942 δὲ
2759 4891 2838 4960 τῷ
2888 4889 3004 4943 κατ’
3040 4887 3220 4943 οὐσίαν
3278 4889 3645 4964 ἆκαταλήπτῳ
3705 4895 3850 4950 ἄνα-

2187 4975 2409 5031 παύεται
2449 4977 2542 5050 μὲν
2587 4981 2684 5031 τοῦ
2717 4975 2768 5031 ἐν
2795 4979 2873 5048 τῷ
2913 4977 3050 5031 κατὰ
3108 4977 3337 5052 θεωρίαν
3393 4975 3583 5054 δρόμῳ
3632 4977 3852 5059 ὃίλγους

2187 5067 2270 5138 (Ὁ
2329 5065 2431 5140 γὰρ
2485 5064 2793 5140 προστιθεὶς
2851 5069 3068 5141 γνῶσιν,
3125 5065 3478 5139 προστίθησιν
3563 5067 3852 5144 ἄλγημα),

2186 5151 2572 5226 ἐνδυναμοῦται
2607 5151 2663 5209 δὲ
2687 5175 2805 5216 πως
2835 5152 3000 5208 πάλιν
3028 5155 3164 5228 πρὸς
3216 5155 3440 5231 θεωρίαν
3489 5161 3596 5212 τῶν
3639 5153 3852 5218 ὄντων.

2183 5247 2385 5316 Ὥσπερ
2415 5249 2509 5298 καῖ
2540 5244 2568 5297 ὁ
2597 5242 2857 5314 αἶ’σθητὸς
2886 5242 3170 5316 ὀφθαλμὸς
3224 5244 3487 5316 ἃτονήσας
3533 5248 3632 5316 τὴν
3683 5244 3854 5322 ὄψιν,

2185 5329 2530 5408 διαχυθεῖσαν
2581 5337 2658 5404 τῷ
2703 5330 2882 5404 λευκῷ
2912 5333 3192 5406 χρώματι,
3224 5330 3378 5397 αὖθις
3435 5335 3854 5406 ἀναχαινίζεται

2182 5423 2300 5476 κατ’
2329 5419 2520 5491 αὐτὴν,
2549 5418 2989 5494 συστελλομένην
3043 5423 3112 5495 τῇ
3157 5423 3459 5498 παραμιείᾳ
3511 5427 3608 5478 τοῦ
3671 5425 3856 5497 μίλα-

2181 5531 2294 5572 νος.
2329 5509 2432 5566 Καὶ
2479 5509 2512 5581 ἠ
2545 5511 2640 5584 μὶν
2670 5508 2858 5565 κοιλία
2897 5507 3146 5583 τοιαύτη.
3179 5511 3253 5568 Αἱ
3293 5507 3350 5565 δὲ
3400 5517 3606 5586 κνῆμαι
3669 5512 3856 5572 αὐτοῦ
