4102 6342
209 399 336 460 649

1261 397 1671 461 COMMENT.
1707 398 1787 458 IN
1830 396 2237 462 CANTICUM
2281 399 2586 464 CANTIC.

3510 403 3632 465 ⁸750

209 526 409 585 στόλοι
523 526 857 606 μαρμάρινοι
947 525 1412 604 τεθεμελιωμένοι
1506 528 1596 586 ἐπὶ
1688 528 1866 605 βάσεις

1999 548 2143 588 num
2172 532 2491 607 diligamus
2520 534 2763 607 (quibus
2793 535 2989 608 ipsum
3045 534 3141 592 Dei
3191 533 3444 593 Verbum
3493 539 3630 592 tan-

210 624 448 696 χρυσᾶς’
511 617 706 696 ἤγουν,
766 619 821 675 αἱ
869 616 1110 675 καθόλου
1161 619 1251 675 καὶ
1299 624 1408 675 τῶν
1462 617 1648 675 ἄλλων
1680 623 1865 674 πασῶν

1999 640 2155 693 luam
2187 624 2345 680 binis
2373 626 2644 681 cruribus
2667 624 2729 680 in
2761 626 3071 681 animabus
3095 624 3369 682 fidelibus
3390 624 3629 699 incedit,

210 707 613 783 περιληπτικαί
646 706 741 765 δύο
772 706 1011 765 ἐντολαίυ
1051 710 1086 780 ἠ
1138 709 1214 772 ε”ς
1246 708 1405 764 αὐτὸν
1438 705 1654 780 δηλαδη
1683 707 1867 784 ἀγάπη

1999 717 2039 769 ιι
2070 729 2172 785 per
2200 713 2512 770 scientiam
2544 718 2720 786 atque
2762 714 3036 770 virtutem
3090 730 3328 770 cursum
3372 715 3632 784 conﬁcit)

209 801 308 856 καὶ
341 800 417 863 είς
462 800 554 856 τὸν
604 798 842 871 πλησίον
897 801 1001 873 (οἷς
1061 798 1220 862 αὐτὸς
1279 799 1308 855 6
1364 803 1459 853 τοῦ
1514 803 1648 855 Θεοῦ
1701 797 1873 873 Λόγος

1999 802 2156 859 reluti
2203 802 2493 860 columnae
2549 805 2817 876 quaedam
2876 820 3232 871 marmoreae,
3290 803 3463 860 firma
3517 804 3633 861 ﬁde

213 890 315 946 οἶά
339 910 450 946 τισι
480 891 739 963 κνήμαις,
796 888 849 943 ἐν
878 893 997 951 ταῖς
1051 892 1271 950 πισταῖς
1308 887 1481 965 βαίνει
1521 891 1748 965 ψυχαῖς,
1780 887 1871 943 καὶ

212 980 315 1035 τὸν
371 977 575 1055 δρόμον
641 976 693 1034 ἐν
770 978 987 1041 ταύταις
1042 984 1280 1048 ποιεῖται
1337 978 1475 1034 κατᾶ
1527 982 1725 1053 γνῶσιν
1782 976 1871 1033 καὶ

210 1069 463 1145 ἀρετὴν),
536 1069 626 1124 οἷά
677 1088 820 1131 τινες
878 1065 1068 1124 στόλοι
1132 1068 1463 1145 μαρμάρινοι
1523 1070 1592 1141 τῇ
1651 1065 1876 1144 άρῥαγεῖ

213 1158 424 1227 πίστει,
483 1158 571 1214 καὶ
626 1161 707 1230 τῷ
763 1158 1003 1234 λαμπρῷ
1059 1157 1163 1234 βίῳ
1221 1156 1648 1234 ὑπερανέχουσαι
1714 1155 1872 1211 αὐτὸν

211 1249 311 1305 τὸν
374 1246 760 1321 πιστευόμενον
813 1247 1010 1323 Λόγον·
1071 1244 1209 1302 ὣστε
1269 1247 1345 1320 μὴ
1379 1245 1451 1301 δι’
1477 1248 1626 1321 ἡμᾶς
1654 1246 1717 1301 τὸ
1749 1240 1873 1301 ὅνο-

219 1359 298 1412 μα
353 1336 520 1393 αὐτοῦ
593 1334 950 1391 καταπίπτειν
1007 1335 1084 1400 είς
1136 1335 1199 1392 τὸ
1262 1334 1700 1412 βλασφημεῖσθαι
1755 1339 1875 1398 τοῖς

215 1424 448 1499 ἔθνεσιν,
527 1421 903 1498 ἠδραιωμὲναι
975 1423 1110 1481 εἰσὶν
1188 1425 1265 1487 ὡς
1323 1423 1411 1479 ἐπί
1472 1445 1584 1480 τισι
1642 1429 1875 1501 χρυσαῖς

220 1515 414 1592 βάσεσι
467 1517 537 1589 τῇ
595 1512 831 1585 ἀληθείᾳ
885 1534 943 1569 τε
988 1514 1081 1569 καὶ
1140 1511 1349 1588 ἀγαθῷ,
1407 1515 1496 1575 οἷς
1550 1510 1640 1568 διὰ
1666 1513 1729 1568 τὸ
1759 1514 1877 1569 κατ’

215 1603 406 1660 οὐσίαν
468 1601 731 1678 ἄτρεπτον
786 1602 879 1658 καὶ
933 1602 995 1658 τὸ
1051 1602 1169 1658 κατ’
1228 1600 1494 1679 ἐνέργειαν
1527 1600 1874 1680 ἐνεργητικὸν

214 1694 284 1750 τὸ
326 1698 485 1751 Θεῖον
559 1691 845 1765 δηλοῦται,
923 1691 955 1747 ὅ
1026 1692 1206 1764 πάσης
1281 1692 1585 1768 ὑπέρκειται
1643 1691 1875 1770 φύσεως.

219 1782 382 1842 Μετᾶ
432 1786 563 1860 γοῦν
618 1783 717 1851 τὴν
766 1782 905 1837 κατὰ
965 1781 1129 1857 μέρος
1189 1786 1288 1837 τοῦ
1336 1779 1875 1860 νυμφίουλίξήγησιν,

216 1870 537 1935 καθολικῶς
604 1869 769 1927 πάλιν
923 1869 1109 1950 νύμφη
1165 1869 1232 1925 τὰ
1260 1870 1382 1946 περὶ
1417 1869 1582 1924 αὐτοῦ
1611 1868 1880 1946 ἀπαγγελ-

220 1960 404 2018 λουσα
455 1966 573 2024 ταῖς
630 1958 1120 2035 μαθητευομέναις,
1170 1958 1355 2035 φησίν·
1415 1956 1573 2021 Εἶδος
1610 1957 1774 2014 αὐτοῦ
1805 1959 1881 2023 ὡς

219 2046 489 2120 Λίϐανος,
566 2049 818 2114 ἐκλεκτὸς
892 2049 966 2112 ὡς
1029 2045 1240 2123 κέδρος.
1314 2050 1493 2117 Ἣτοι,
1548 2049 1584 2119 ἠ
1643 2046 1881 2125 ἐνέργεια

220 2141 392 2197 αὑτοῦ
447 2140 568 2205 καθ’
623 2141 684 2209 ἦν
738 2137 921 2212 αὐτὸς,
979 2138 1014 2209 ἠ
1072 2142 1169 2193 τοῦ
1216 2140 1351 2193 Θεοῦ
1393 2137 1483 2192 καὶ
1534 2137 1741 2212 [ἰατρὸς
1796 2136 1881 2192 ὲν-

221 2230 538 2293 υπόστατος
568 2226 799 2304 δύναμις
856 2227 1338 2305 χαρακτηρίζεται,
1391 2225 1551 2282 πᾶσίν
1606 2226 1716 2282 ἐστι
1766 2224 1882 2281 δια-

218 2321 402 2400 φανής
426 2320 517 2375 καὶ
548 2316 884 2390 κατάδηλος,
916 2318 991 2382 ὡς
1020 2318 1083 2373 τὸ
1140 2312 1268 2393 ὅρος
1328 2316 1356 2371 6
1415 2310 1671 2390 Λίϐανος,
1703 2313 1793 2371 διὰ
1819 2316 1884 2373 τὸ

221 2411 579 2487 ὑπερκεῖσθαι
607 2413 713 2465 τῶν
764 2406 940 2464 αὐτῶν
991 2407 1399 2483 παρακειμένων
1433 2407 1596 2483 ὁρῶν.
1656 2406 1735 2463 T6
1780 2405 1883 2482 γὰρ

220 2499 430 2575 ἆγαθόν
465 2497 496 2554 ὅ
540 2500 642 2569 τὴν
695 2497 837 2553 θείαν
888 2497 1141 2570 σημαίνει
1194 2495 1487 2573 ἐνέργειαν,
1538 2495 1692 2574 φύσει
1739 2494 1888 2572 παρὰ

219 2588 391 2644 πᾶσίν
438 2586 579 2645 ἐστιν
628 2587 863 2665 αἱρετὸν,
925 2584 1007 2642 ὅτι
1059 2584 1257 2642 τούτου
1307 2586 1375 2641 τὰ
1430 2586 1604 2641 πάντα
1660 2583 1885 2663 ἐφίεται.

223 2677 431 2753 Διόπερ
492 2676 630 2733 κατᾶ
698 2678 799 2746 τήν
866 2674 1158 2753 εἰρημένην
1223 2673 1485 2751 ἰνέργειαν
1549 2671 1801 2736 ἐκλεκτὸς
1857 2674 1887 2729 6

223 2766 465 2847 νυμφίος
520 2765 661 2821 ἐστὶν
721 2766 828 2821 ἀπὸ
878 2768 981 2821 τοῦ
1037 2763 1261 2828 σκότους
1297 2760 1451 2828 ὄντος
1500 2762 1589 2819 καὶ
1622 2768 1736 2843 φῶς
1763 2764 1889 2819 ὑπο-

222 2855 580 2932 κρινομένου·
650 2855 833 2931 ὥσπερ
908 2855 959 2910 οἱ
1012 2850 1227 2930 κὲδροις
1299 2854 1749 2929 παρεικαζόμενοι
1804 2850 1888 2908 δί-

224 2966 406 3013 καιοι,
462 2945 568 3000 ἀπὸ
596 2947 705 3000 τῶν
765 2940 963 3000 ἀδίκων
1024 2943 1114 2998 καὶ
1173 2948 1452 3019 πονηρῶν.
1487 2942 1693 3021 Λάρυγξ
1720 2943 1888 2998 αὐτοῦ

222 3034 577 3110 γΑυκασμὸς,
628 3034 722 3089 καὶ
781 3031 911 3095 ὅλος
979 3031 1260 3107 ἐπιθυμία.
1323 3034 1552 3109 Ἥγουν,
1601 3033 1637 3104 ἡ
1718 3031 1885 3101 Καινή

223 3125 479 3195 Δεαθήκη
513 3120 585 3178 δι’
630 3124 700 3192 ἦς
732 3122 806 3185 ὡς
836 3119 927 3177 διά
954 3142 1102 3184 τινος
1151 3121 1425 3201 φάρυγγος
1474 3123 1674 3199 βρῶμα
1722 3125 1892 3176 ποιεῖ-

220 3234 318 3269 ται
344 3214 449 3283 τήν
480 3216 588 3267 τῶν
617 3211 913 3287 ἀνθρώπων
946 3210 1244 3287 σωτηρίαν,
1271 3211 1500 3287 γλυκεῖά
1538 3209 1649 3266 ἐστι
1679 3209 1889 3285 τῷζλά-

1910 1916 1957 1980 Β

1983 898 2040 947 et
2063 893 2184 948 vita
2214 892 2524 965 splendida
2553 894 2849 950 sustinent
2879 893 3076 965 ipsum
3126 894 3375 950 Verbum
3402 912 3418 963 ;
3475 892 3633 965 quod

1982 982 2276 1038 creditur:
2313 998 2385 1038 ne
2418 986 2656 1055 propter
2684 999 2791 1038 nos
2838 998 3035 1038 nomen
3084 984 3213 1052 ejus
3262 999 3329 1039 eo
3376 982 3632 1052 decidat,

1983 1076 2050 1127 ut
2079 1073 2229 1128 inter
2256 1077 2440 1143 gentes
2490 1072 2896 1144 blasphemelur
2922 1073 2986 1126 ⁸ο.
3018 1072 3291 1128 Fundatzs
3343 1075 3483 1129 sunt
3529 1089 3633 1128 su-

1984 1177 2088 1234 per
2117 1162 2287 1217 bases
2318 1177 2546 1228 aureas,
2595 1178 2800 1217 verum
2847 1166 2903 1217 et
2947 1162 3192 1229 bonum,
3244 1160 3460 1233 quibus
3508 1169 3633 1218 tum

1985 1255 2220 1323 propter
2239 1255 2455 1306 natura:
2477 1249 3041 1322 immutabilitatem,
3079 1255 3204 1307 tum
3238 1254 3474 1323 propter
3500 1267 3634 1323 pro-

1986 1340 2244 1396 merendi
2280 1341 2703 1412 benignitatem
2736 1339 3064 1395 declaratur
3091 1340 3266 1411 Deus,
3290 1339 3390 1412 qui
3412 1344 3635 1396 naturae

1985 1432 2222 1501 praestat
2250 1428 2556 1485 universa).
2586 1428 2905 1502 Postquam
2936 1428 3116 1502 igitur
3136 1445 3352 1502 sponsa
3369 1429 3636 1501 singulas

1985 1517 2187 1591 sponsi
2218 1522 2415 1590 partes
2464 1518 2754 1591 expressit
2810 1518 3178 1589 summatim,
3227 1518 3440 1574 iterum
3488 1516 3636 1573 illud

1984 1607 2294 1680 discipulis
2325 1607 2685 1676 describens,
2744 1608 2997 1680 Species,
3057 1608 3274 1680 inquit,
3329 1607 3479 1679 ejus,
3535 1620 3640 1678 per

1986 1714 2159 1771 quem
2192 1696 2294 1753 Dei
2325 1701 2381 1753 et
2409 1697 2598 1753 Patris
2657 1696 3179 1753 consubstantialis
3226 1696 3490 1770 potentia
3541 1710 3639 1751 ex-

1986 1786 2283 1859 primitur,
2315 1787 2591 1843 omnibus
2640 1790 2729 1842 est
2774 1786 3027 1842 illustris
3073 1790 3248 1858 atque
3295 1784 3636 1857 conspicua,

1986 1876 2072 1932 uti
2107 1894 2273 1932 mons
2303 1877 2582 1947 Libanus,
2601 1878 2701 1949 qui
2724 1875 2877 1932 inter
2896 1876 3117 1931 vicinos
3141 1880 3372 1931 montes
3393 1874 3634 1930 eminet.

1989 1966 2214 2021 Bonum
2248 1966 2405 2021 enim
2440 1966 2593 2038 quod
2624 1965 2742 2021 vim
2776 1966 3033 2021 divinam
3065 1964 3375 2035 signiticet,
3410 1963 3482 2020 ab
3504 1978 3636 2019 om-

1990 2055 2165 2111 nibus
2195 2054 2454 2127 eligitur,
2481 2055 2761 2128 quoniam
2816 2053 2961 2110 illud
3011 2058 3288 2126 expetunt
3334 2053 3630 2110 universa.

1991 2144 2401 2215 Quamobrem,
2434 2161 2537 2217 per
2565 2149 2783 2214 actum,
2838 2148 2901 2199 ut
2948 2143 3227 2209 diximus,
3280 2142 3499 2199 electus
3547 2146 3639 2199 est

1991 2249 2269 2306 sponsus,
2302 2237 2358 2289 et
2388 2249 2419 2288 a
2442 2232 2700 2289 tenebris
2733 2250 2860 2306 qua:
2880 2231 3071 2288 lucem
3095 2248 3157 2287 se
3178 2247 3307 2288 esse
3329 2231 3637 2302 simulant,

1993 2321 2352 2380 secernitur:
2386 2325 2452 2377 ut
2479 2322 2670 2378 cedris
2703 2320 3011 2377 assimilati
3056 2320 3231 2393 justi,
3279 2321 3352 2376 ab
3402 2320 3644 2392 injustis

1994 2416 2052 2468 et
2080 2410 2389 2485 improbis.
2423 2411 2621 2468 Guttur
2650 2409 2816 2466 illius
2847 2410 3090 2480 dulcedo,
3137 2414 3187 2465 et
3237 2411 3378 2465 totus
3423 2408 3645 2467 deside-

1995 2501 2165 2557 rium.
2221 2499 2445 2555 Novum
2503 2499 2723 2572 quippe
2780 2502 3246 2565 Testamentum,
3317 2514 3420 2570 per
3492 2498 3649 2571 quod

1993 2593 2276 2662 tanquam
2320 2605 2426 2662 per
2482 2592 2706 2661 guttur,
2768 2588 2966 2645 cibum
3026 2587 3337 2644 constituit
3392 2587 3648 2644 salutem

1995 2678 2326 2745 hominum,
2360 2677 2532 2733 dulce
2557 2682 2649 2733 est
2678 2676 2902 2750 gutturi
2934 2681 3156 2733 nostro.
3192 2676 3270 2732 Ex
3301 2693 3367 2733 eo
3399 2692 3654 2750 namque

1997 2766 2188 2823 dulcis
2219 2769 2421 2822 manat
2451 2767 2522 2822 de
2552 2765 2870 2821 virtutibus
2900 2765 3190 2822 sermonis
3222 2768 3417 2838 potus.
3453 2768 3656 2837 Itaque

1995 2860 2156 2912 totus
2184 2856 2359 2912 etiam
2393 2860 2482 2911 est
2506 2855 2888 2925 desiderium,
2924 2860 3124 2929 utpote
3173 2872 3369 2912 rerum
3420 2854 3652 2928 optabi-

1996 2946 2143 3002 lium
2176 2949 2350 3017 atque
2379 2946 2830 3018 expetendarum
2880 2949 3230 3001 extremum.
3264 2946 3371 3002 Hic
3386 2960 3553 3018 nepos
3577 2953 3656 3002 est

1997 3051 2172 3105 meus,
2195 3044 2245 3091 et
2273 3035 2363 3091 hic
2386 3036 2735 3109 propinquus
2764 3051 2937 3104 meus,
2987 3034 3125 3105 ﬁliae
3168 3035 3501 3093 Jerusalem.
3546 3034 3652 3091 Hi0

1998 3126 2202 3199 utique
2233 3123 2486 3180 dilectus
2538 3128 2628 3180 est
2670 3140 2855 3196 meus,
2914 3124 3082 3196 cujus
3140 3139 3246 3196 ego
3304 3122 3649 3196 singulatim

2001 3219 2174 3286 atque
2204 3213 2263 3269 in
2298 3213 2635 3270 universum
2672 3219 2841 3269 notas
2872 3218 2927 3269 et
2956 3213 3129 3286 signa
3173 3213 3339 3269 vobis
3384 3212 3650 3285 exposui.

221 3323 395 3379 ρυγγι
443 3302 629 3377 ἡμῶν,
662 3302 737 3365 ὡς
766 3302 894 3364 τοὺς
923 3297 1077 3372 ἡδεῖς
1109 3300 1200 3356 καὶ
1246 3301 1518 3375 ποτίμους
1546 3299 1749 3377 λόγους
1777 3304 1879 3355 τῶν

2000 3304 2105 3359 Hic
2135 3308 2226 3359 est
2257 3302 2587 3360 declaratus
2619 3303 2985 3376 propinquus
3020 3319 3208 3369 meus,
3258 3319 3387 3374 qum
3443 3303 3515 3358 ad
3564 3301 3656 3374 ip-

221 3392 443 3469 ἆρετῶν
505 3389 801 3468 βλόζουσα.
852 3391 1013 3448 Ὅθεν
1068 3389 1158 3445 καὶ
1209 3388 1340 3453 ὅλος
1405 3389 1666 3464 ἐπιθυμία
1723 3387 1888 3457 ἐστὶν,

220 3482 305 3546 ὡς
363 3480 594 3558 ἔσχατον
654 3479 898 3557 ὀρεκτόν.
959 3478 1129 3543 Οὗτος
1183 3480 1212 3534 6
1271 3476 1564 3557 ἆδελφιδός
1617 3501 1744 3553 μου,
1800 3480 1892 3537 καὶ

223 3569 393 3633 οὗτος
474 3571 505 3625 6
600 3568 840 3641 πλησίον
935 3592 1065 3645 μου,
1147 3569 1434 3646 θυγατέρες
1506 3567 1893 3645 Ἰερουσαλήμ.

1999 3409 2155 3460 sum,
2190 3395 2256 3446 ut
2282 3393 2585 3449 veritatem
2638 3409 2740 3465 per
2790 3392 3118 3463 scientiam,
3166 3396 3233 3447 ut
3278 3391 3349 3447 ad
3408 3390 3656 3461 bonum,

2002 3498 2106 3554 per
2136 3481 2430 3537 efﬁcacem
2467 3481 2643 3535 ﬁdem
2685 3480 3171 3553 apprOpinquavi.
3224 3481 3395 3538 Filiae
3433 3482 3658 3538 Jerusa-

2003 3558 2133 3637 lem,
2166 3569 2477 3642 discipulae
2509 3586 2673 3637 mem,
2708 3586 2836 3641 quae
2888 3570 2962 3624 ab
3013 3569 3170 3625 omni
3218 3570 3662 3641 perturbatione

220 3657 452 3730 Ε’ίτουν,
509 3658 684 3721 Οὗτος
747 3659 985 3736 ὑπάρχει
1038 3660 1065 3714 6
1124 3657 1404 3735 ἀγαπητός
1455 3680 1582 3732 μου,
1641 3657 1704 3714 οῦ
1761 3659 1879 3715 κατέ

2004 3664 2061 3715 et
2089 3659 2227 3714 vilio
2259 3664 2530 3731 separata
2561 3659 2823 3715 divinam
2852 3674 3053 3730 pacem
3084 3658 3275 3726 video,
3308 3662 3366 3713 et
3393 3657 3660 3715 laetitiam

227 3749 405 3825 μέρος
460 3769 520 3804 τε
575 3747 666 3803 καὶ
713 3747 953 3804 καθόλου
1010 3746 1359 3823 ἐξηγησάμην
1420 3748 1549 3821 ὖμῖν
1598 3748 1667 3803 τὰ
1698 3748 1897 3824 γνωρί-

223 3858 435 3911 σματα.
471 3835 572 3892 Καὶ
622 3834 779 3899 οὗτός
832 3838 971 3892 ἑστιν
1012 3838 1041 3892 6
1090 3835 1438 3913 χρηματίσας
1482 3834 1721 3905 πλησίον
1767 3857 1900 3909 μου,

2007 3748 2079 3803 ab
2109 3748 2270 3804 omni
2302 3746 2740 3820 perturbatione
2771 3751 3079 3819 remotam,
3110 3748 3203 3803 Dei
3232 3746 3518 3804 nimirum
3563 3750 3659 3804 in-

2006 3842 2096 3895 tra
2118 3856 2219 3895 nos
2246 3856 2504 3911 regnum.

227 3926 553 4004 ἐγγισάσης,
583 3924 787 3999 τούτῳ,
817 3926 894 3987 ὡς
930 3925 1026 3998 μὲν
1058 3922 1289 3995 ἀληθείᾳ
1316 3925 1452 3979 κατὰ
1481 3921 1719 3995 ἅληστον
1747 3926 1970 4000 γνῶσιν,
2004 3928 2079 3991 ὡς
2109 3924 2153 3981 δ’
2182 3926 2364 4002 ἀγαθῷ
2391 3927 2509 3981 κατ’
2545 3921 2856 4001 ἔμπρακτον
2903 3927 3107 3983 πίστιν.
3157 3926 3470 4003 Μαθήτριαί
3527 3947 3656 3999 μου,

222 4019 333 4083 τῆς
366 4013 585 4087 ὁρώσης
614 4010 666 4067 ὲν
697 4011 767 4086 τῇ
794 4012 995 4074 παντὸς
1026 4011 1231 4076 πάθους
1262 4008 1555 4086 ἀπαλλαγῇ
1584 4012 1684 4081 τήν
1715 4010 1859 4067 θείαν
1888 4011 2134 4090 εἰρήνην,
2167 4015 2257 4069 καὶ
2289 4011 2659 4088 ἇνενόχλητον
2688 4011 3046 4092 εὐφροσύνην,
3088 4012 3306 4077 πάντως
3355 4014 3454 4083 τὴν
3506 4010 3659 4076 ἐντὸς

222 4105 398 4176 ἧμῶν
430 4104 528 4156 τοῦ
557 4104 694 4156 Θεοῦ
722 4097 1022 4176 βασιλείαν.
1113 4114 1116 4119 ’

948 4203 1176 4263 Ψελλοῦ
1190 4251 1198 4265 .

222 4297 444 4361 Λευκὸς
519 4296 610 4352 καὶ
676 4293 881 4375 πυῤῥὸς
973 4293 1427 4374 ἐκλελογισμὲνος
1501 4296 1608 4353 ἀπὸ
1701 4297 1895 4375 μυριάσ

225 4478 481 4539 ,Εκεῖνος
508 4474 736 4552 πέφυκε,
767 4475 958 4554 φησὶν,
988 4468 1161 4539 ὄντως
1193 4472 1518 4554 ἀδελφιδοῦς
1544 4384 1825 4549 μουξδων,

220 4568 332 4630 ⁸⁸ος
362 4563 419 4619 ἐν
452 4568 667 4640 σταυρῷ
693 4564 795 4634 τὴν
826 4561 1096 4639 ἄχραντον
1127 4564 1368 4641 πλευρὰν
1400 4561 1863 4640 λελογχευμὲνος,

227 4656 401 4727 Αἷμα
433 4653 519 4708 καὶ
552 4649 700 4729 ὕδωρ
732 4647 958 4708 ἔϐλυσεν
988 4652 1297 4731 ἀνθρώποις
1326 4650 1665 4728 παραδόξως.

223 4747 339 4804 ⁸⁸ος
365 4741 479 4796 ἀπὸ
509 4741 726 4797 πάντων
753 4743 863 4798 τῶν
898 4743 1122 4819 βροτῶν
1161 4743 1328 4816 μόνος
1360 4741 1420 4798 ἐκ
1447 4747 1549 4813 τῆς
1603 4743 1901 4819 Παρθένου,

222 4834 411 4889 Ἀνευ
442 4828 665 4907 λοχείας
693 4830 978 4907 προελθὼν
1013 4832 1300 4906 ἄνθρωπος
1331 4831 1614 4908 ἐλογίσθη.

226 4919 470 4999 Κεφαλὴ
496 4916 554 4975 δὲ
582 4921 749 4976 αὐτοῦ
780 4921 854 4982 ὡς
882 4919 1110 4998 χρυσίον
1138 4921 1370 5000 Κεφᾶτζ,

221 5012 438 5072 Ὀστις
466 5008 718 5085 τυγχάνει
744 5011 1001 5086 καθαρὸς,
1035 5011 1221 5089 φησὶν,
1255 5010 1305 5083 ἐξ
1338 5010 1623 5087 ἁμαρτίας.

226 5099 556 5175 Βόστρυχοι
589 5098 754 5154 αὐτοῦ
783 5097 998 5170 ἐλαταῖ,
1035 5098 1263 5173 μέλανες
1295 5100 1421 5155 ὡσεὶ
1448 5101 1705 5177 κόρακος.

2736 4212 2925 4269 Pselli.

2078 4300 2359 4357 Candidus
2383 4309 2435 4358 et
2463 4302 2837 4374 rubicundus,
2887 4300 3098 4360 electus
3143 4318 3214 4360 ex
3260 4302 3444 4360 decem
3486 4304 3663 4360 milli-

2008 4391 2129 4447 bus.
2165 4390 2266 4447 Ille
2295 4395 2408 4458 est,
2439 4391 2657 4464 inquit,
2697 4408 2832 4449 vere
2881 4391 3273 4449 consobrinus
3323 4409 3512 4462 meus,
3562 4393 3667 4465 qui

2008 4480 2069 4536 in
2112 4496 2283 4537 cruce
2337 4496 2408 4537 ex
2466 4480 2841 4537 immaculato
2901 4479 3083 4537 latere
3138 4481 3310 4538 hasta
3364 4482 3668 4540 vulnerato

2010 4568 2352 4625 hominibus
2384 4571 2729 4643 sanguinem
2756 4576 2811 4626 et
2833 4587 3044 4641 aquam
3073 4571 3424 4627 mirabiliter
3443 4571 3667 4630 effudit.

1935 4674 1981 4739 D
2011 4657 2119 4724 Qui
2152 4659 2313 4714 solus
2342 4657 2497 4714 inter
2527 4675 2731 4714 omnes
2760 4676 2829 4714 ex
2857 4659 3083 4731 virgine
3112 4660 3239 4715 sine
3269 4659 3464 4716 dolore
3494 4664 3669 4717 natus

2012 4753 2102 4804 est
2127 4747 2323 4804 homo.
2362 4746 2537 4819 Caput
2563 4749 2681 4819 ejus
2710 4750 2851 4804 sicut
2881 4764 3081 4802 aurum
3114 4747 3369 4819 Cep’hatz.
3432 4750 3541 4814 Qui
3593 4750 3665 4805 ab

2011 4837 2195 4902 omni,
2232 4836 2445 4909 inquit,
2478 4836 2705 4909 integer
2744 4853 2810 4891 ac
2868 4853 3057 4907 purus
3109 4845 3199 4891 est
3243 4838 3464 4908 peccati
3512 4835 3665 4893 labe.

2015 4925 2190 4981 Comm
2219 4926 2339 4997 ejus
2365 4927 2510 4981 sicut
2538 4927 2722 4991 elata},
2754 4927 2931 4996 nigrae
2957 4926 3117 4996 quasi
3165 4926 3334 4981 corvi.
3383 4924 3665 4994 Ornatus,

2012 5014 2228 5086 inquit,
2258 5030 2560 5069 comarum
2594 5014 2725 5085 ejus
2755 5017 2895 5069 sunt
2924 5013 3130 5069 Petrus
3176 5017 3232 5068 et
3278 5014 3519 5082 Paulus,
3566 5014 3667 5087 qui

2015 5108 2188 5159 antea
2218 5103 2369 5175 nigri
2412 5102 2826 5174 tenebrosique
2872 5102 3126 5167 fuerant,
3179 5106 3235 5157 et
3282 5101 3551 5174 quisquis
3599 5119 3670 5159 ex

223 5186 418 5250 Οὗτος
450 5188 676 5266 πέφυκε,
708 5190 864 5267 φησί,
894 5187 1104 5263 κόσμος
1135 5187 1344 5266 Πέτρος
1374 5190 1462 5244 καὶ
1498 5187 1713 5252 Παῦλος
1760 5190 1813 5245 οἱ
1842 5211 1879 5245 τι

2015 5191 2290 5264 gentibus
2320 5192 2653 5264 baptizatus
2687 5196 2779 5247 est
2809 5194 2864 5247 et
2895 5191 2966 5245 ad
2998 5189 3166 5244 illum
3202 5191 3470 5247 accessit.
3506 5192 3669 5248 Oculi

1108 5277 1256 5353 [πρὶν
1289 5274 1439 5342 ὄντες
1473 5278 1832 5357 ὲζοφωμὲνοι.

226 5364 343 5423 Καὶ
376 5369 483 5429 πᾶς
515 5366 567 5437 ἐξ
598 5363 784 5429 ἔθνους
819 5366 1132 5443 βαπτισθεὶς
1160 5367 1252 5422 καὶ
1283 5364 1568 5443 προελθὼν
1602 5367 1813 5441 ἐκείνῳ.

2014 5281 2129 5352 ejus
2154 5282 2299 5335 sicut
2326 5279 2592 5336 columbae
2618 5296 2785 5351 super
2810 5279 3180 5352 pleniludines
3208 5296 3481 5351 aquarum
3512 5281 3665 5340 Iolae.

2018 5370 2184 5427 Illius
2216 5369 2368 5425 oculi
2426 5380 2556 5426 sunt
2617 5370 2910 5444 prophetae
2971 5370 3281 5442 prudentia
3337 5369 3673 5442 simplices,

227 5457 313 5516 Οἱ
358 5453 646 5534 ὀφθαλμοὶ
699 5455 869 5512 αὐτοῦ
917 5456 993 5521 ὡς
1037 5457 1345 5533 περιστεραὶ
1392 5454 1480 5511 ἐπὶ
1525 5455 1877 5533 πληρώματο

2017 5464 2074 5516 et
2129 5459 2392 5515 moribus
2452 5459 2810 5516 admirandi.
2866 5463 3050 5530 Super
3104 5459 3529 5531 plenitudines,
3575 5460 3675 5517 in-

1214 5541 1450 5620 [ὕδάτων
1484 5542 1835 5621 λελουμὲναι.

314 5750 367 5785 ⁸ο
395 5747 495 5805 Isa
521 5763 619 5820 nn,
649 5749 705 5806 5.
778 5750 825 5788 ⁸³
858 5718 1000 5806 Luc.
1029 5763 1174 5820 xvn,
1201 5747 1294 5805 21.

576 5875 840 5941 “non.
889 5876 1003 5941 Gs.
1049 5873 1291 5940 CXXII.

2018 5548 2166 5622 quit,
2199 5565 2485 5621 aquarum
2532 5548 2701 5606 lotae:
2762 5549 2818 5604 id
2876 5553 2986 5613 est,
3045 5548 3324 5604 omnibus
3353 5548 3674 5608 virtutibus

3265 5875 3342 5935 2|
