4102 6342
545 429 574 486 1
1801 426 1858 487 Μ
1867 427 2101 491 ICHAE
2111 427 2165 487 Li

2273 427 2544 488 PSELLI
3764 428 3889 489 652

463 559 747 618 exornati.
807 561 870 617 In
923 561 1060 616 lacte
1113 558 1453 616 considentes
1512 576 1680 633 super
1731 558 2082 632 plenitudine

2043 574 2108 615 les
2136 563 2194 627 Α
2225 556 2450 619 Οὖτινος
2481 557 2646 613 πάλιν
2679 556 2960 633 ἀφθαλμοὶ
2991 559 3328 633 τυγχάνουσι
3363 563 3663 637 προφῆται,

464 667 761 724 aquarum.
793 649 921 706 Non
960 648 1206 721 gloriose
1254 649 1531 706 virtutem
1582 654 1964 720 ostentantes,
2015 665 2084 705 se:

2227 645 2498 720 Ἀκὲραιοι
2521 648 2620 716 τὴν
2650 646 2909 724 φρόνησιν
2939 647 3028 702 καὶ
3061 649 3359 722 θαυμαστοὶ
3388 653 3504 710 τοῖς
3536 647 3785 723 τρόποις.

467 741 784 798 admodum
815 739 1137 811 tranquille
1173 755 1302 797 eam
1353 738 1700 797 excolentes.
1753 739 1916 797 (lenae
1961 738 2087 794 illiu

2010 741 2115 794 (ius
2225 733 2349 792 Ἐπὶ
2377 735 2774 812 πληρώματος,
2817 737 3004 812 φησὶν,
3035 733 3242 792 ὑδάτων
3280 736 3625 812 λελουμένοι,

467 833 611 888 sicut
634 830 851 902 phiala
907 831 1168 886 aromatis
1223 833 1457 901 ferentes
1510 831 1901 903 pigmentaria.
1947 830 2087 885 Labii

1954 830 2117 885 Labia
2223 826 2422 901 ’Ἡγουν
2459 824 2507 880 ἐν
2541 825 2734 888 πάσαις
2764 826 2976 902 ἀρεταῖς
3009 823 3156 889 ὄντες
3186 826 3574 902 ἠγλαϊσμένοι.

465 921 582 990 eius
633 921 759 976 lilia
814 918 1153 976 distillantia
1206 920 1503 991 myrrham
1584 921 1827 992 plenam.
1903 923 2085 976 Totun

2263 920 2309 970 ἓν
2339 914 2570 988 γάλακτι
2617 916 2921 987 καθήμενοι
2972 913 3256 992 πλήρωμα
3301 915 3563 992 γαληνῶς
3616 922 3722 972 τῶν
3755 915 3883 972 ὑδά-

467 1026 712 1068 aureum
769 1009 1036 1066 indicant
1094 1009 1216 1065 haec
1268 1010 1447 1066 verba
1503 1009 1987 1082 Chrysostomum
2061 1011 2118 1063 et
3646 1009 3802 1081 [τωνο

465 1099 726 1172 reliquos
756 1101 1025 1156 doctores
1055 1098 1216 1156 illius
1250 1099 1525 1171 aequales,
1573 1099 1898 1156 maximum
1948 1098 2080 1154 Basi

2043 1099 2116 1154 si-
2225 1093 2339 1151 Οὐκ
2369 1091 2767 1162 ἐπιδεικτικῶς,
2800 1095 2953 1173 φησὶ,
2984 1095 3083 1164 τήν
3115 1094 3311 1169 ἀρετὴν
3346 1093 3663 1171 αὐχοῦντες,

463 1190 637 1258 lium,
669 1189 951 1247 eximium
983 1190 1351 1262 Gregorium,
1405 1207 1658 1261 quorum
1689 1207 1718 1246 ο
1749 1188 1930 1245 labris
1979 1189 2083 1243 doc

1979 1189 2114 1243 doc-
2223 1181 2399 1239 Ἀλλὰ
2428 1183 2516 1238 καὶ
2547 1183 2686 1238 πάνυ
2713 1183 2970 1260 γαληνῶς
3002 1185 3168 1254 αὐτὴν
3202 1184 3595 1248 ἐπιτελοῦντες.

463 1281 632 1336 trinae
664 1297 966 1337 sermones
999 1279 1171 1336 melle
1209 1279 1502 1337 dulciores
1531 1284 1914 1335 emanarunt:
1967 1295 2080 1350 quo

2225 1272 2478 1348 Σιαγόνες
2508 1273 2671 1328 αὐτοῦ
2704 1275 2776 1336 ὡς
2809 1273 3020 1352 φιάλαι,
3060 1279 3155 1329 τοῦ
3188 1275 3487 1352 ἀρώματος
3516 1277 3770 1353 φύουσαι,

463 1370 561 1442 qui
591 1370 929 1442 degustant,
979 1369 1165 1425 multa
1215 1369 1540 1441 implentur
1587 1369 1845 1442 myrrha,
1894 1368 1951 1423 id
2002 1373 2083 1424 est

2259 1363 2505 1436 [υρεψικᾶ
2580 1361 2746 1438 χείλη
2826 1364 2991 1418 αὐτοῦ
3085 1363 3243 1440 κρίνα
3310 1366 3567 1433 στάζοντα
3638 1364 3879 1440 σμύρναν

463 1457 768 1517 laboribus
826 1461 1180 1517 mortiﬁcant
1211 1461 1479 1515 membra
1513 1477 1621 1516 sua
1651 1476 1827 1532 super
1873 1463 2111 1527 terram,
3554 1451 3798 1530 [πλήρη.

463 1554 523 1608 et
551 1549 730 1608 simul
761 1565 896 1606 cum
928 1549 1155 1607 Christo
1187 1549 1614 1622 cruciﬁguntur
1644 1554 1820 1622 atque
1855 1547 2080 1604 exaltan

2067 1565 2113 1600 ι-
2221 1541 2319 1595 Τὸν
2352 1541 2668 1618 πάγχρυσον
2700 1541 2989 1597 αἰνίττεται
3018 1541 3406 1618 Χρυσόστομον
3439 1542 3466 1596 ό
3500 1539 3687 1617 λόγος,

465 1643 584 1696 tur,
2224 1629 2320 1685 Καὶ
2352 1629 2479 1692 τοὺς
2510 1630 2659 1702 αὐτῷ
2688 1633 3058 1707 τυγχάνοντας
3082 1629 3237 1694 τίσους
3270 1634 3360 1686 καὶ
3384 1629 3768 1702 διδασκάλους,

2221 1721 2320 1774 Τὸν
2359 1719 2607 1795 μέγιστον
2639 1718 2942 1790 Βασίλειον,
2976 1719 3279 1796 Γρηγόριον
3311 1723 3400 1776 τὸν
3429 1721 3588 1791 πάνυ,

2222 1807 2362 1871 Τοὺς
2395 1808 2454 1863 ἐκ
2481 1806 2739 1885 χειλέων,
2773 1807 3061 1879 στάζοντας
3093 1808 3295 1886 λόγους
3328 1807 3704 1881 διδασκαλίας,

2141 1925 2190 1990 Β
2224 1897 2321 1953 Καὶ
2353 1897 2575 1971 μέλιτος
2605 1895 2892 1970 ἠδότερον,
2924 1900 3090 1975 οὗπερ
3123 1899 3174 1954 οἱ
3203 1899 3540 1976 γεγευμένοι,

2223 1987 2483 2062 Σμύρνης
2515 1987 2886 2061 ἐμπίπλανται
2917 1987 3140 2059 πολλῆς
3169 1994 3265 2045 τοῦ
3297 1988 3466 2065 λόγου
3495 1993 3564 2064 τῇ
3621 1986 3880 2063 δυνάμει,

2221 2079 2419 2153 Ἠγουν
2453 2081 2700 2153 νεκροῦσι
2730 2077 2796 2132 τὰ
2817 2084 2918 2148 τῆς
2948 2084 3048 2153 γῆς
3079 2076 3252 2133 αὐτῶν
3287 2077 3337 2134 ἐν
3370 2074 3559 2141 πόνοις
3587 2077 3756 2152 μὲλη,

2220 2166 2318 2220 Καὶ
2405 2164 2822 2243 συσταυροῦνται
2908 2172 2988 2240 τῷ
3066 2173 3282 2242 Χριστῷ
3356 2169 3442 2224 καὶ
3517 2171 3885 2242 συνυψοῦνται

3577 2257 3799 2330 [τούτῳ.

533 2363 725 2421 Manus
779 2362 943 2420 illius
988 2365 1300 2436 tornatiles,
1352 2365 1534 2436 plenae
1605 2363 1831 2421 lharsis.
1924 2367 2112 2422 Venter

2267 2365 2404 2438 εἴρες
2497 2363 2659 2418 αὐτοῦ
2750 2362 3027 2440 τορευταὶ,
3123 2369 3345 2440 χρυσαῖ,
3441 2361 3885 2438 πεπληρωμέναι

463 2457 588 2526 ejus
613 2455 770 2526 piari:
799 2456 1024 2526 exigua,
1071 2455 1332 2522 eburnea,
1382 2471 1548 2526 super
1596 2455 1780 2527 lapide
1825 2455 2106 2527 sapphiro.
3558 2451 3799 2530 [Θαρσὶς,

465 2543 644 2600 Crura
693 2542 859 2599 illius
914 2544 1188 2602 columnae
1243 2559 1597 2616 marmoreae,
1653 2544 1904 2616 fundatae
1951 2562 2085 2619 sape;

2264 2541 2422 2599 mlta
2471 2540 2635 2598 αὐτοῦ
2682 2541 2866 2614 πυξίον
2909 2541 3250 2619 ἐλεφάντινον
3303 2541 3387 2598 ἐπὶ
3439 2541 3595 2607 λίθου
3647 2545 3884 2618 σαπφεί-

466 2632 616 2689 bases
645 2649 865 2690 aureas.

3657 2635 3799 2707 [ρου,

2221 2727 2434 2793 Κνῆμαι
2467 2719 2629 2776 αὐτοῦ
2661 2720 2848 2776 στύλοι
2902 2719 3236 2796 μαρμάρινοι
3270 2719 3731 2794 τεθεμελιωμένοι
3784 2721 3882 2777 ἐπὶ

3563 2813 3798 2888 [χρυσῷ.

531 2920 662 2977 Ηεεο
717 2919 880 2993 virgo
940 2936 1087 2992 pura
1164 2923 1222 2976 et
1277 2935 1518 2992 sponsa,
1579 2921 1949 2992 custodibus,
2000 2923 2108 2980 hoc

2070 2941 2108 2980 lc
2220 2921 2400 2975 Ταῦτα
2434 2920 2529 2991 μὶν
2562 2917 2654 2974 οὖν
2684 2920 2718 2989 ἠ
2752 2917 2956 2995 καθαρὰ
2984 2919 3242 2994 παρθένος
3270 2940 3327 2975 τε
3364 2918 3453 2974 καὶ
3483 2918 3690 2998 νύμφη,

460 3014 570 3079 est,
611 3009 856 3082 angelis,
920 3009 1125 3082 sponsi
1178 3010 1272 3065 sui
1331 3008 1834 3081 pulchritudinem
1881 3013 2076 3084 signiﬁ

2017 3013 2111 3068 iﬁ-
2219 3012 2346 3070 Τοῖς
2378 3006 2602 3086 φύλαξιν
2635 3006 2911 3082 ὡμίλησε,
2936 3006 3179 3064 τουτέστι
3211 3013 3324 3070 τοῖς
3357 3005 3631 3084 ἀγγέλοις

458 3115 623 3168 cans,
683 3099 994 3157 enarravit.
1061 3099 1148 3154 Tu
1208 3102 1404 3154 autem
1460 3098 1606 3154 mihi
1683 3101 1881 3156 omnia
1956 3102 2075 3158 dict

2001 3102 2112 3159 icta
2217 3097 2286 3151 Τὸ
2315 3094 2524 3159 κάλλος
2559 3098 2897 3174 ὑπεμφαίνου
2931 3095 3089 3167 δῆθεν
3120 3097 3185 3152 τὸ
3229 3101 3330 3152 τοῦ
3359 3097 3621 3174 νυμφίου.

458 3205 563 3261 per
591 3187 1350 3259 translationemintellige.
1402 3188 1686 3253 Quoniam
1737 3189 1892 3246 enim
1943 3190 2078 3246 Chri

2055 3192 2108 3246 'i-
2221 3185 2294 3240 Σὺ
2331 3183 2387 3240 δέ
2416 3207 2508 3259 μοι
2541 3187 2710 3248 πάσας
2739 3191 3015 3263 τροπικῶς
3045 3187 3141 3249 τὰς
3175 3186 3457 3260 ἐξηγήσεις
3487 3183 3675 3262 δέχου.

461 3281 592 3334 stus
647 3277 810 3334 solus
866 3282 1045 3349 caput
1098 3280 1188 3333 est
1245 3277 1536 3345 omnium,
1616 3295 1828 3349 corpus
1908 3285 2081 3337 auten

2149 3296 2180 3361 Ε
2215 3275 2370 3332 Ἐπεὶ
2402 3275 2504 3350 γὰρ
2536 3275 2749 3331 πάντων
2782 3274 2992 3354 κειραλή
3026 3278 3258 3348 Χριστὸς
3283 3276 3538 3350 τυγχάνει
3575 3275 3769 3349 μόνος,

461 3366 651 3438 ipsius
681 3366 879 3422 divina
907 3371 997 3422 est
1025 3365 1306 3435 Ecclesia,
1338 3367 1600 3422 membra
1659 3373 1860 3424 autem
1907 3386 2080 3442 corpo

1911 3386 2110 3442 corpo-
2224 3369 2397 3438 Σῶμα
2427 3362 2484 3419 δὲ
2512 3365 2708 3420 τούτου
2739 3366 2970 3444 πέφυκεν
2999 3367 3033 3434 ἠ
3068 3365 3182 3419 θεία
3215 3363 3531 3436 Ἐκκλησία,

465 3457 547 3512 ris
586 3461 822 3514 sanctos
853 3473 982 3513 esse
1025 3456 1300 3526 dicimus,
1354 3455 1534 3512 alium
1585 3456 1822 3529 quidem
1873 3458 2085 3516 collum

2067 3477 2111 3532 1,
2225 3455 2321 3511 Καὶ
2356 3455 2497 3527 μάΛη
2529 3454 2724 3510 τούτου
2755 3453 2985 3532 λὲγομεν
3017 3454 3106 3509 καὶ
3140 3455 3303 3529 μέρος
3331 3453 3457 3517 τοὺς
3478 3455 3687 3530 ἁγίους·

466 3544 652 3602 alium
710 3549 904 3602 autem
943 3547 1158 3618 pedes:
1207 3562 1310 3619 per
1357 3562 1570 3602 manus
1629 3547 1758 3620 ejus
1805 3549 2080 3607 tornatile

2223 3545 2330 3601 Τὸν
2367 3544 2460 3616 μὲν
2492 3542 2700 3599 ἐκείνου
2729 3543 3035 3620 τράχηλον,
3067 3545 3158 3599 τὸν
3191 3543 3237 3599 δ⁹
3268 3544 3333 3598 αὗ
3364 3542 3564 3598 ἐκείνου
3595 3542 3761 3614 πόδα,

466 3635 830 3693 venerandos
864 3635 1161 3708 apostolos
1209 3635 1433 3708 accipe,
1463 3636 1692 3693 divinos
1741 3640 2086 3696 sacerdotum

2102 3657 2113 3695 ι
2223 3633 2429 3688 Λοιπὸν
2461 3633 2551 3687 καὶ
2583 3639 2772 3708 χεῖρας
2801 3633 3028 3708 γίνωσκε
3055 3634 3251 3688 τούτου
3279 3633 3722 3708 τετορνευμὲνας,

469 3724 785 3798 principes,
819 3725 1024 3780 ﬁdeles
1057 3724 1264 3780 divinas
1297 3725 1495 3798 gratiae
1527 3726 1988 3798 dispensatores,
2012 3745 2089 3800 qu

2223 3721 2362 3784 Τοὺς
2394 3721 2730 3785 ἀποστόλους
2759 3722 2885 3784 τοὺς
2915 3721 3142 3784 σεπτοὺς
3180 3722 3269 3777 καὶ
3302 3721 3477 3785 θείους
3509 3723 3799 3798 ἱεράρχας,

469 3831 532 3870 se
562 3814 744 3886 ipsos,
779 3831 1014 3871 omnem
1057 3814 1346 3871 malitiam
1398 3820 1776 3887 amputantes
1824 3818 2089 3890 expolive

2264 3811 2362 3873 ὀὺς
2395 3811 2722 3884 οἰκονόμους
2754 3812 2880 3875 τοὺς
2912 3810 3136 3876 πιστοὺς
3163 3815 3261 3876 τῆς
3300 3811 3524 3887 χάριτος
3557 3813 3656 3881 τῆς
3707 3811 3884 3881 θείας,

466 3909 622 3960 runt.
655 3903 1044 3968 Quamobrem
1075 3921 1178 3976 spe
1208 3905 1498 3960 bonorum
1533 3904 1736 3977 repleti
1767 3912 1927 3962 sunt.
1975 3908 2079 3978 Eju

1871 3912 1927 3962 lt.
1975 3908 2114 3978 Ejus
2225 3899 2433 3963 O'i1ivs;
2464 3901 2877 3977 κατετόρνευσαν
2913 3899 3107 3964 αὐτοὺς
3133 3895 3491 3974 εὐεπιϐόλιυς,

463 3993 605 4049 item
636 3998 902 4050 ventrem
933 4011 1000 4050 ac
1028 3994 1295 4066 pyxidem
1328 4011 1580 4066 agnosce
1609 3996 1875 4051 omnium
1902 3996 2082 4052 virtut

1833 4013 1875 4051 ῃ
1902 3996 2117 4052 virtute
2222 3993 2468 4046 ’Ἃπασαν
2501 3990 2860 4061 ἀποξύσαντες
2891 3991 2979 4070 ἀφ’
3011 3991 3210 4045 ἑαυτῶν
3242 3990 3453 4057 κακίαν,

465 4085 873 4153 praestantium
905 4084 1134 4138 animas
1165 4087 1222 4139 et
1253 4084 1450 4154 corda,
1484 4083 1542 4138 in
1577 4085 1792 4155 quibus
1823 4084 1926 4141 Dei
1973 4089 2085 4142 Ver

1973 4089 2114 4142 Ver-
2224 4081 2381 4136 Ὅθεν
2416 4077 2637 4142 ἐλπίδος
2669 4079 2878 4156 ἀγαθῶν
2909 4079 3040 4134 εἰσιν
3075 4078 3546 4153 ἐμπεπλησμένοι.

464 4173 610 4227 bum
639 4171 1005 4244 insculptum
1046 4177 1156 4239 est,
1189 4172 1291 4244 qui
1323 4177 1550 4230 mentes
1589 4190 1918 4246 sensusque
1975 4194 2081 4234 suo

1975 4194 2114 4234 suos
2224 4168 2433 4226 Τούτου
2465 4166 2521 4223 δὲ
2550 4168 2712 4224 πάλιν
2740 4170 2970 4245 γίνωσκε
2999 4168 3211 4225 κοιλίαν
3240 4169 3329 4223 καὶ
3361 4168 3563 4239 πυξίον,

467 4262 540 4319 ad
573 4262 852 4318 caelorum
884 4263 1100 4335 Regem
1133 4269 1355 4320 erectos
1385 4264 1640 4322 habent:
1677 4266 1731 4322 id
1781 4269 1937 4324 enim
1977 4287 2082 4342 sap

2226 4261 2347 4316 Τῶν
2377 4257 2634 4334 ἐναρέτων
2667 4259 2761 4321 τὰς
2793 4258 2973 4334 ψυχὰς
3004 4261 3218 4314 πάντων
3246 4259 3335 4314 καὶ
3366 4258 3458 4320 τὰς
3491 4254 3741 4333 καρδίας,

468 4351 676 4423 phirus
708 4351 1022 4424 significat,
1057 4351 1158 4423 qui
1189 4352 1351 4408 solus
1379 4353 1531 4424 lapis
1578 4354 1706 4410 cmli
1757 4357 2006 4426 speciem
2060 4374 2088 4415 θ

2060 4363 2118 4415 et
2226 4349 2313 4405 Ἐν
2345 4351 2430 4410 αἶς
2460 4349 2486 4402 ὁ
2520 4349 2695 4423 Λόγος
2724 4351 2821 4403 τοῦ
2853 4353 2984 4404 Θεοῦ
3025 4349 3164 4403 ἐστιν
3201 4346 3655 4423 ἐγγεγραμμένος.

469 4440 720 4497 colorem
752 4440 995 4496 obtinet.
1029 4441 1136 4497 Per
1165 4442 1345 4514 hujus
1376 4458 1549 4498 crura
1583 4443 1815 4500 Petrum
1857 4446 2089 4520 intelligi

2104 4464 2117 4503 ε
2227 4439 2436 4499 Οἳτινες
2467 4436 2682 4514 ἔχουσιν
2715 4437 2888 4492 αὐτῶν
2921 4438 3011 4492 τὸν
3046 4443 3166 4493 νοῦν
3200 4439 3288 4492 καὶ
3318 4438 3413 4499 τὰς
3448 4435 3724 4506 αῗσθήσεις

468 4529 868 4602 apostolorum
901 4530 1249 4602 principem.
1284 4534 1346 4587 In
1380 4530 1489 4587 hoc
1522 4532 1679 4588 enim
1720 4533 2005 4591 Dominus
2055 4538 2088 4592 i1

1939 4553 2005 4591 us
2055 4538 2116 4592 in
2225 4531 2321 4600 Τῷ
2357 4526 2571 4602 βασιλεῖ
2597 4531 2704 4582 τῶν
2741 4526 2980 4602 οὐρανῶν
3015 4526 3559 4600 ἐπαναπεμπομένας,

466 4620 797 4694 Evangeliis
829 4638 894 4679 se
921 4622 1244 4680 Ecclesiam
1275 4640 1445 4681 suam
1503 4625 1929 4683 aedificaturum
1979 4645 2083 4701 pro

2072 4647 2116 4685 ι-
2151 4669 2194 4701 n
2224 4617 2285 4673 Ὀ
2319 4616 2470 4680 λίθος
2501 4617 2603 4692 γὰρ
2637 4617 2664 4670 ὁ
2694 4616 2989 4696 σάπφειρος
3020 4619 3179 4671 τοῦτο
3213 4613 3493 4701 σημαίνειν
3518 4610 3692 4682 θέλει,

467 4669 662 4769 misit?
1979 4669 2014 4701 Γ
2147 4669 2194 4735 D
2227 4708 2380 4760 Ἔστι
2413 4669 2524 4782 γᾶιρΙ
2546 4669 2958 4781 οἶόρανοειδὴςΐὸ
2991 4703 3143 4768 λίθος
3176 4702 3332 4766 οὗτος
3366 4698 3553 4778 μόνος.

2229 4796 2455 4869 Κνήμας
2488 4791 2544 4850 δὶ
2571 4793 2768 4849 τούτου
2797 4797 3032 4870 γίνωσκε
3060 4794 3263 4868 Πέτρον
3293 4793 3385 4847 τὸν
3417 4795 3742 4868 κορυφαῖον,

2227 4886 2312 4940 Ἐν
2345 4883 2524 4956 τούτῳ
2552 4883 2652 4958 γὰρ
2684 4884 2711 4937 ὁ
2743 4885 2937 4960 Κύριος
2968 4884 3134 4938 αὐτοῦ
3163 4883 3260 4952 τὴν
3287 4881 3617 4953 Ἐκκλησίαν

2228 4971 2555 5046 Οἰκοδομεῖν
2594 4974 2861 5048 ὑπέσχετο
2889 4973 2982 5028 κάν
3014 4978 3130 5034 τοῖς
3158 4969 3539 5049 Εὖαγγελίοις,

538 5066 762 5134 Species
819 5067 941 5135 eius
991 5070 1052 5122 ut
1110 5066 1348 5122 Liba-nus
1403 5066 1621 5122 electus.
1700 5065 1912 5137 Sponsi
1983 5080 2118 5137 spe-

1700 5065 1912 5137 Sponsi
1983 5080 2118 5137 spe-
2227 5061 2388 5126 Εἶδος
2419 5060 2582 5118 αὐτοῦ
2613 5063 2687 5126 ὡς
2717 5057 2948 5139 Λίϐανος
2977 5059 3249 5126 ἐκλεκτός.

466 5151 615 5209 ciem
637 5171 767 5210 vere
787 5154 1125 5222 maximam,
1148 5161 1206 5212 et
1227 5156 1549 5212 terribilem
1573 5155 2086 5226 admirandamque

2012 5171 2117 5226 [ue,
2227 5150 2385 5217 Εἶδος
2415 5153 2581 5208 αὐτοῦ
2608 5151 2664 5206 δὲ
2693 5151 2945 5228 γίνωσκε,
2977 5150 3220 5207 τουτέστι
3250 5155 3347 5207 τοῦ
3375 5149 3632 5229 νυμφίου.

467 5259 535 5298 ac
566 5243 826 5300 divinam
858 5259 928 5300 ex
958 5244 1205 5318 pulchra
1236 5245 1443 5300 Libani
1472 5244 1783 5301 altitudine
1816 5245 2087 5315 conjicito

2282 5241 2489 5318 ἑγιστον
2550 5237 2741 5311 ὅντως,
2788 5242 2875 5297 καὶ
2938 5243 3184 5316 φρικτὸν,
3243 5241 3334 5296 καὶ
3397 5239 3737 5314 θαυμαστὸν,
3803 5246 3901 5298 καὶ

467 5331 666 5390 Guttur
694 5335 852 5390 illius
883 5335 1137 5403 dulcedo,
1170 5338 1222 5390 el
1266 5343 1405 5391 tot-us
1444 5334 1858 5391 desiderabilis.
1908 5335 2120 5390 Guttur
3695 5331 3895 5401 [θεῖον.

465 5423 595 5494 ejus
626 5422 795 5479 divus
828 5421 927 5480 ille
959 5424 1288 5481 Praecursor
1317 5424 1446 5495 fuit,
1481 5425 1580 5498 qui
1623 5423 1786 5482 Verbi
1821 5427 1878 5480 et
1917 5440 2085 5496 spons

2029 5423 2119 5481 nsi
2225 5423 2403 5474 Ταῦτα
2428 5420 2530 5495 γὰρ
2563 5418 2700 5483 εἶδος
2734 5418 2956 5492 ἀληθῶς
2985 5417 3235 5494 σημαίνει
3264 5422 3361 5474 τοῦ
3388 5417 3645 5495 νυμφίου.

464 5528 575 5568 vox
602 5512 841 5570 dicitur.

2228 5509 2440 5586 Φάρυγξ
2471 5508 2635 5564 αὐτοῦ
2661 5508 2981 5584 γλυκασμὸς
3010 5507 3101 5563 καὶ
3122 5507 3254 5570 ὅλος
3285 5506 3565 5582 ἐπιθυμία.

2228 5597 2444 5676 Φάρυγξ
2478 5595 2534 5653 δὲ
2561 5597 2758 5655 τούτου
2787 5599 3020 5676 πέφυκεν
3054 5598 3082 5652 ὁ
3113 5595 3437 5675 Ηρόδρομος
3467 5597 3494 5652 ὁ
3525 5598 3696 5660 θεῖος·

2228 5689 2393 5758 Φωνή
2425 5688 2528 5765 γὰρ
2560 5683 2730 5753 ὅντως
2762 5687 2980 5766 λέγεται
3007 5690 3104 5745 τοῦ
3135 5689 3314 5765 Λόγου
3338 5688 3429 5744 καί
3475 5687 3741 5766 νυμφίου.
