4102 6342
161 420 267 482 653

724 547 850 609 Τῶν
879 556 929 628 γ’
958 551 1232 628 Πατὲρων.

222 657 372 713 Ἐπεὶ
432 655 482 713 δ’
532 658 587 713 αἱ
647 661 944 735 μαθήτριαι
993 657 1140 737 παρᾶ
1189 665 1289 730 τῆς
1347 657 1676 715 διδασκάλου
1720 658 1804 723 τίς

163 747 292 802 ἐστιν
356 748 384 802 6
415 745 617 820 ταύτης
661 749 898 825 νυμφίος
957 745 1048 804 διὰ
1101 753 1208 805 τῶν
1252 748 1420 805 αὑτοῦ
1451 747 1806 826 χαρισμάτων

163 833 614 914 ἀνεδιδάχοηοαν,
676 835 1011 914 βουλόμεναι
1062 836 1256 895 λοιπὸν
1311 844 1500 913 μαθεῖν
1546 838 1638 894 καὶ
1668 837 1806 894 ὅπου

163 926 312 989 οὗτος
341 923 488 1000 ἤχει,
520 924 646 1003 φασί
704 929 842 1003 πρὸς
896 927 1063 1000 αὐτήν
1097 947 1111 964 ·
1166 931 1282 987 Ποῦ
1311 927 1553 1000 ἀπῆλθεν
1587 929 1615 983 ὁ
1645 926 1807 984 ἀδελ-

160 1013 307 1094 φιδός
340 1037 459 1088 σου,
508 1018 543 1086 ἠ
602 1017 748 1087 καλὴ
810 1017 863 1073 ἐν
918 1018 1180 1093 γυκαιξί;
1232 1016 1459 1091 Δηλαδὴ
1491 1016 1804 1094 ἀνάγγειλον

158 1108 284 1179 ἡμῖν
325 1103 451 1171 ἔνθα
491 1103 720 1181 ένδημεῖ
775 1107 1054 1184 όγαπητός
1103 1130 1222 1181 σου,
1270 1111 1305 1178 ἡ
1365 1106 1418 1162 ἐν
1451 1113 1571 1172 ταῖς
1599 1105 1807 1162 ἀπολε-

157 1193 342 1258 σάσαις
391 1197 620 1271 ψυχαῖς,
652 1192 740 1250 διὰ
783 1196 883 1266 τήν
930 1197 1062 1271 τῆς]
1082 1193 1511 1272 θείαςιέντολῆς
1565 1189 1809 1270 παράϐα-

162 1304 236 1339 σιν
263 1284 332 1339 τὸ
361 1283 568 1346 κάλλος
597 1288 692 1339 τοῦ
745 1286 862 1340 κατ’
916 1285 1100 1341 είκόνα
1155 1285 1245 1342 καὶ
1300 1289 1398 1341 τοῦ
1448 1285 1565 1340 καθ’
1596 1283 1808 1358 ὁμοίω-

159 1395 248 1442 σιν,
278 1368 639 1429 ἀπολαϐοῦσα
663 1377 825 1430 τοῦτο
872 1373 1039 1430 πάλιν
1088 1373 1140 1430 ἐν
1185 1378 1262 1448 τῷ
1308 1373 1681 1453 νυμφεόθῆναι
1728 1375 1810 1447 τῷ

161 1462 314 1538 Λόγῳ
343 1465 439 1518 τοῦ
477 1467 634 1522 Θεοῦ.
683 1463 832 1520 Ἐπεὶ
883 1462 953 1519 δι’
1001 1465 1074 1519 ὧν
1126 1461 1436 1538 ἀκηκόαμεν
1489 1463 1808 1540 γνωρισμά-

160 1573 259 1608 των
313 1552 479 1609 αὐτοῦ
530 1553 684 1609 οῦπω
739 1555 954 1630 ὁρῶμεν
1013 1554 1171 1610 αὐτὸν
1229 1549 1280 1610 έν
1335 1557 1495 1628 ἡμῖν,
1553 1557 1660 1610 ποῦ
1714 1554 1812 1608 ἀπ-

165 1637 386 1718 έϐλεψεν
448 1643 476 1698 6
534 1641 827 1722 ἆδελφιδός
910 1662 1055 1714 σου;
1132 1645 1224 1700 καὶ
1285 1647 1592 1718 ζητήσομεν
1650 1642 1810 1699 αὐτὸν

165 1732 290 1804 μετὰ
345 1736 463 1790 σοῦ.
523 1731 793 1803 Δηλονότι
847 1738 954 1789 ποῦ
1011 1734 1293 1809 ἀγαπητός
1325 1753 1421 1789 σου
1471 1733 1699 1811 ἀόρατος
1733 1732 1806 1789 ὣν

162 1823 380 1898 ὁρᾶσθαι
435 1822 527 1878 καὶ
572 1822 837 1893 ἠθέλησε,
896 1822 986 1878 καὶ
1038 1821 1151 1898 ἅμα
1206 1843 1290 1879 σοι
1348 1821 1640 1899 ὄδηγῶμεν
1673 1825 1810 1898 πρὸς

1194 421 1602 485 COMMENT.
1640 422 1718 482 IN
1762 421 2173 485 CANTICUM
2218 421 2526 486 CANTIC.

1836 555 1888 620 A

3450 429 3570 489 654

2505 557 2701 611 Trium
2735 557 2992 612 Patrum.

1986 659 2130 716 Cum
2164 659 2465 734 discipulae
2499 678 2567 718 ex
2598 663 2906 735 magistra,
2941 663 3079 734 quis
3122 666 3282 720 esset
3312 679 3573 738 sponsus

1914 749 2064 821 ejus,
2099 766 2205 822 per
2232 749 2405 823 signa
2435 754 2493 808 et
2533 754 2704 807 notas
2758 752 2945 824 ipsius
2994 751 3366 822 didicissent,
3418 753 3570 816 scire

1917 843 2110 895 autem
2140 844 2441 912 cuperent,
2474 855 2734 912 quonam
2766 840 3010 911 abisset,
3061 841 3146 898 sic
3196 841 3357 897 illam
3407 859 3570 899 com-

1919 927 2174 1000 pellant:
2236 930 2348 997 Quo
2406 928 2545 985 abiit
2603 945 2770 1002 nepos
2826 938 2975 999 tuus,
3038 946 3067 986 ο
3121 931 3353 1003 pulchra
3426 933 3573 987 inter

1916 1018 2174 1074 mulieres
2195 1021 2220 1073 .9
2246 1018 2289 1074 Ο
2319 1035 2445 1091 quae
2479 1019 2633 1075 inter
2663 1018 2916 1089 animas,
2976 1018 3254 1092 imaginis
3303 1024 3360 1076 et
3407 1019 3571 1076 simi-

1917 1107 2184 1162 litudinis
2233 1107 2739 1178 pulchritudinem
2790 1107 3054 1164 mandati
3101 1109 3572 1182 transgressione

1917 1197 2204 1268 perditam
2235 1197 2365 1252 ideo
2398 1197 2780 1270 recuperasti,
2813 1198 2953 1270 quia
2981 1197 3083 1254 Dei
3113 1197 3304 1254 Verbo
3334 1215 3398 1255 es
3445 1199 3574 1254 des~

1918 1289 2202 1358 ponsata:
2241 1289 2476 1360 quando
2521 1304 2590 1344 ex
2641 1287 2829 1360 signis
2867 1304 2933 1343 ac
2983 1288 3136 1343 notis
3183 1289 3312 1359 ejus
3360 1288 3466 1344 abs
3515 1292 3574 1344 te

1917 1378 2297 1445 enumeratis,
2323 1379 2587 1434 nondum
2621 1379 2818 1450 ipsum
2853 1378 2912 1434 in
2944 1378 3115 1435 nobis
3147 1377 3570 1452 conspicimus,

1918 1481 2160 1538 quonam
2214 1468 2458 1539 respexit
2515 1483 2680 1540 nepos
2737 1466 2917 1523 tuus?
2975 1475 3032 1522 et
3085 1483 3392 1539 quaeremus
3447 1483 3576 1523 eum

1919 1563 2114 1611 tecum.
2140 1555 2249 1611 Ubi
2279 1555 2530 1611 dilectus
2559 1560 2701 1612 tuus
2733 1556 2832 1629 qui
2874 1559 2964 1612 est
3010 1555 3344 1626 invisibilis,
3391 1554 3574 1628 aspici

1919 1642 2148 1699 voluit?
2178 1643 2380 1700 Indica
2410 1643 2602 1711 nobis,
2638 1649 2703 1700 ut
2741 1649 2799 1700 te
2848 1645 2998 1700 duce
3048 1645 3118 1699 ad
3169 1644 3576 1716 praestantiora

1921 1733 2364 1803 contendentes,
2395 1749 2531 1789 eum
2562 1738 2689 1788 tum
2723 1733 2948 1805 agendo
2970 1736 3096 1788 tum
3121 1732 3575 1806 contemplando

1921 1822 2386 1895 pervestigemus
2419 1827 2476 1877 et
2504 1839 2918 1896 assequamur.
2948 1822 3051 1878 His
3079 1837 3299 1894 sponsa
3329 1838 3572 1894 respon-

156 1911 219 1966 τὰ
269 1910 574 1989 κρείττονα,
632 1909 1036 1991 ψηλαφήσομεν
1096 1913 1253 1968 αὐτὸν
1295 1915 1431 1968 κατὰ
1476 1913 1667 1988 πρᾶξιν
1712 1913 1801 1969 καὶ

1937 1913 2055 1970 iet:
2087 1913 2280 1984 Nepos,
2341 1911 2640 1985 inquiens,
2697 1928 2850 1967 meus
2909 1911 3186 1968 descendit
3239 1913 3301 1967 in
3356 1915 3574 1968 hortum

165 2001 410 2078 θεωρίαν,
451 2002 514 2058 Ἡ
548 1997 605 2055 δὶ
662 2000 1071 2078 ἀποκρινομένη
1128 2003 1264 2079 πρὸς
1321 2001 1486 2066 αὐτὰς
1520 2022 1532 2037 ·
1563 1999 1815 2081 Ἀδελφι-

160 2085 246 2153 δός
307 2111 418 2163 μου
465 2085 666 2161 κατέϐη
729 2090 806 2155 είς
855 2097 1032 2161 κῆπον
1091 2091 1256 2146 αὐτοῦ
1316 2090 1392 2153 εἰς
1461 2090 1659 2169 φιάλας
1717 2094 1813 2146 τοῦ

159 2177 467 2252 όρώματος.
527 2179 708 2252 ’Πτοι,
787 2180 816 2234 6
889 2180 1120 2257 ἀόρατος
1177 2180 1312 2236 κατᾶ
1392 2181 1453 2236 τὸ
1521 2176 1655 2254 ὕψος
1711 2187 1812 2250 τῆς

160 2269 350 2324 ἑαυτοῦ
417 2268 623 2338 οὐσίας,
691 2269 968 2345 ἀγαπητός
1050 2291 1179 2344 μου,
1233 2264 1436 2342 κατέϐη
1493 2269 1609 2324 κατ’
1668 2268 1812 2346 ἐνέρ-

162 2378 305 2432 γειαν
335 2357 413 2422 ὡς
446 2359 524 2421 εἰς
559 2363 744 2428 κῆπον
791 2357 955 2414 αὖνοῦ
984 2361 1083 2430 τὴν
1110 2363 1228 2421 τοῖς
1285 2356 1451 2422 θείοις
1503 2357 1667 2414 αὐτοῦ
1727 2359 1813 2413 θε-

163 2445 371 2521 λήμασι
400 2446 810 2525 πεφυτευμένην
843 2447 1040 2518 κτίσιν,
1099 2449 1190 2504 καὶ
1249 2447 1324 2511 ὡς
1375 2451 1452 2512 είς
1492 2445 1688 2526 φιάλας
1716 2451 1813 2502 τοῦ

163 2535 454 2610 ἆρώματος
511 2536 605 2600 τὰς
651 2537 787 2592 κατᾶ
841 2538 942 2606 τήν
1017 2536 1095 2599 εἷς
1155 2539 1283 2593 Θεὸν
1340 2537 1519 2593 πίστιν
1575 2533 1815 2599 δετικὰς

162 2626 346 2700 ψυχὰς
387 2631 490 2697 τῆς
534 2623 938 2698 εὖωδιαζούσης
984 2625 1149 2691 αὐτὰς
1199 2631 1295 2682 τοῦ
1325 2627 1589 2704 παναγίου
1646 2625 1814 2682 Πνεό-

164 2735 333 2786 ματος
391 2716 646 2792 χάριτος,
718 2714 843 2785 ἥτις
928 2716 1238 2792 ἀναμορφοῖ
1303 2716 1522 2778 ταύταις
1575 2717 1712 2772 κατά
1755 2737 1814 2773 τε

162 2804 392 2879 θεωρίαν
451 2804 542 2860 καὶ
601 2805 791 2880 πρᾶξιν
865 2804 928 2860 τὸ
996 2806 1114 2861 κατ’
1193 2803 1374 2861 εἱκόνα
1429 2806 1520 2860 καὶ
1576 2807 1639 2861 τὸ
1695 2806 1814 2870 καθ’

158 2893 445 2965 ὁμοίωσιν,
507 2893 560 2949 έν
619 2897 706 2957 αῖς
765 2894 842 2958 ὡς
916 2891 1042 2969 ἰδίῳ
1095 2895 1443 2969 έκτυπώματι
1504 2895 1532 2951 6
1583 2896 1813 2974 νυμφίος

158 2983 349 3056 ὁρᾶται
385 3001 398 3015 ’
454 2977 656 3055 κατέϐη
710 2981 788 3052 δὶ,
835 2983 909 3047 ὡς
955 2982 1187 3060 εἷ’ρηται,
1241 3005 1552 3059 ποιμαινειν
1613 2983 1812 3048 ἐντοῖς

160 3090 362 3138 κηποις
418 3071 511 3126 καὶ
568 3067 852 3148 συλλέγειν
901 3071 1079 3149 κρίνα,
1136 3070 1307 3148 ἤγουν
1368 3070 1569 3128 διέπειν
1615 3073 1682 3128 τὰ
1714 3071 1814 3128 )ο-

154 3160 282 3233 γικὰ
329 3155 582 3237 πρόϐατα
623 3161 715 3217 καὶ
761 3160 1032 3241 ἐκτρέφειν
1092 3159 1232 3218 καδὰ
1287 3165 1488 3238 γνῶσιν
1549 3162 1638 3218 καὶ
1693 3163 1814 3239 ἀρε-

158 3251 255 3319 τὴν
290 3247 346 3305 ἔν
377 3271 437 3306 τε
484 3253 552 3325 τῇ
583 3255 753 3326 νοητῇ
801 3252 891 3306 καὶ
942 3255 1011 3326 τῇ
1062 3251 1294 3327 αἰσθητῇ
1323 3252 1531 3307 κτίσει·
1567 3251 1618 3306 έν
1655 3253 1736 3314 αῖς
1761 3253 1814 3308 o't

156 3339 322 3415 λόγοι
354 3341 446 3394 καὶ
480 3340 530 3394 οἱ
587 3306 781 3415 τρόποι
824 3344 932 3396 τῶν
978 3306 1182 3415 ἀρετῶν
1233 3311 1307 3404 ῶς
1359 3362 1468 3396 τισι
1495 3343 1688 3412 κήτοις
1717 3362 1816 3397 πε·
1845 3306 1889 3374 C

158 3427 488 3505 φυτεῦμένοι
576 3429 676 3484 εἶσί
713 3448 729 3463 °
772 3431 859 3484 καὶ
913 3427 1220 3506 ἐκλέγεσθαι
1282 3429 1357 3493 ὠς
1413 3430 1516 3486 ἀπὸ
1575 3431 1818 3496 ἀκανθῶν

160 3518 348 3594 κρίνα,
372 3519 480 3573 τῶν
538 3518 988 3595 συμπνιγομένων
1024 3517 1232 3590 δηλαδή
1292 3524 1484 3597 ψυχῶν
1529 3524 1597 3595 τῇ
1629 3542 1819 3595 σωμα-

161 3611 294 3681 τικῇ
361 3607 618 3685 μερίμνῃ,
693 3611 789 3671 τὰς
859 3607 1058 3681 ταύτην
1138 3609 1416 3672 παντελῶς
1494 3611 1822 3684 ἀναθεμένας

167 3703 307 3769 Θεῷ.
381 3696 648 3770 ἑπομένας
705 3698 852 3771 αὖτῷ
911 3697 962 3753 ἐν
995 3697 1349 3775 Εὐαγγελίοις
1379 3699 1634 3778 φάσκοντι
1669 3720 1682 3735 ο
1716 3705 1821 3756 Κα-

164 3786 441 3859 ταμάθετε
494 3789 562 3842 τὰ
608 3786 764 3862 κρίνα
807 3791 905 3842 τοῦ
954 3787 1142 3863 ἀγροῦ,
1193 3783 1276 3844 ὅτι
1331 3789 1395 3844 οὐ
1450 3794 1639 3862 κοπιᾷ,
1698 3787 1830 3846 οὐδὲ⁴

165 3877 464 3948 νήθει.¹Ὠν
523 3875 613 3958 καὶ
673 3898 836 3955 φησιν
877 3876 1070 3950 ἑκάστη
1109 3897 1122 3910 ·
1173 3878 1318 3954 Ἐγὼ
1392 3883 1474 3952 τῷ
1545 3876 1822 3958 ἀδελφιδῷ

169 3987 301 4038 μου,
335 3966 427 4022 καὶ
480 3966 509 4020 ὁ
577 3955 870 4044 ἂδελφιδός
948 3987 1053 4040 μου
1115 3966 1261 4040 ἐμοὶ,
1322 3969 1350 4023 6
1405 3955 1712 4042 ποιμαίνων
1769 3968 1822 4024 έν

162 4061 284 4118 τοῖς
345 4054 557 4118 κρίνοις
591 4073 605 4088 ⁸
669 4054 869 4123 ε’ίτουν,
922 4057 1064 4132 Ἐγὼ
1102 4061 1182 4129 τῷ
1207 4061 1323 4129 Θεῷ
1355 4062 1449 4131 ζῶ,
1480 4061 1642 4134 νεκρὰ
1671 4079 1821 4132 γενο-

168 4147 308 4217 μένη
342 4150 426 4217 τῷ
464 4144 680 4218 κόσμῳ,
719 4144 810 4200 καὶ
868 4145 920 4200 ἰν
977 4144 1100 4219 ἐμοὶ
1165 4147 1329 4219 μόνος
1359 4148 1589 4223 Χριστὸς
1650 4149 1736 4222 ζῇ,
1797 4147 1825 4203 6

165 4232 436 4308 διεξάγων
491 4235 593 4304 τήν
646 4235 783 4289 κατὰ
827 4233 1050 4311 γνώμην
1107 4236 1290 4307 τούτῶ
1315 4236 1586 4309 ἑπομένην
1617 4237 1825 4312 ψυχὴν,

163 4323 257 4380 καὶ
302 4321 580 4402 ἒκτρέφων
639 4322 715 4386 ὠς
765 4321 818 4378 ἰν
876 4322 1080 4400 κρίνοις
1133 4329 1252 4387 ταῖς
1311 4323 1663 4402 λαμπρότησι
1717 4329 1826 4382 τῶν

165 4416 406 4490 ἀρετῶν.

875 4499 1124 4574 Ψελλοῦ,

237 4613 436 4669 Ταῦτα
471 4609 566 4682 μὶν
588 4609 678 4663 οῦν
713 4605 1018 4680 λελάληκεν
1052 4613 1167 4672 τοῖς
1199 4607 1423 4689 φύλαξιν
1455 4612 1490 4682 ἡ
1522 4610 1731 4688 νύμφη.

159 4701 411 4758 Ἐκεῖνοι
448 4695 495 4754 δ’
527 4693 905 4773 ἀκριϐέστερον
939 4699 1092 4763 αὖθις
1124 4697 1436 4776 ἐπερωτῶσι
1471 4720 1483 4732 ·

237 4791 367 4845 Ποῦ
459 4785 701 4858 ἀπῆλθεν
793 4788 822 4842 6
897 4785 1191 4868 ἀδελφιδός
1296 4809 1413 4860 σου,
1491 4791 1525 4860 ἡ
1591 4788 1736 4860 καλή
1786 4790 1836 4848 ἐν

163 4875 450 4954 γυναιξί;
508 4881 619 4933 Ποῦ
699 4874 934 4950 ἀπῆλθε,
1003 4882 1110 4932 ποῦ
1165 4873 1464 4954 ἀπέϐλεψεν
1534 4880 1562 4934 6
1614 4877 1839 4960 ἀδελφι-

166 4965 260 5032 δός
296 4988 402 5022 σου
437 4984 452 5036 ;
485 4968 572 5022 καὶ
635 4968 945 5040 ζητήσομεν
977 4966 1141 5022 αὐτὸν
1177 4967 1310 5042 μετὰ
1341 4973 1455 5026 σοῦ.

239 5057 308 5115 Ὅ
339 5056 594 5119 ποταπὸς
623 5057 688 5126 ἧν
715 5055 979 5134 πρότερον
1014 5057 1194 5127 οὗτος,
1228 5059 1627 5131 μεμαθηκότες,

166 5150 281 5201 Νῦν
318 5144 644 5215 ἰκζητοῦσιν
675 5145 768 5200 καὶ
804 5151 990 5219 μαθεῖν
1015 5146 1105 5202 καὶ
1136 5150 1242 5201 ποῦ
1271 5167 1403 5202 ποτε
1435 5145 1634 5222 μετέϐη
1671 5167 1684 5182 ⁸

167 5232 418 5295 Οὐδέπω
449 5234 554 5310 γὰρ
580 5232 884 5309 ἐπέγνωσαν
910 5237 1010 5306 τὴν
1039 5237 1306 5313 σάρκωσιν
1329 5241 1425 5292 τοῦ
1447 5240 1648 5314 Λόγου,

161 5326 265 5382 Ἤν
298 5321 590 5388 κατελθὼν
624 5321 712 5379 έπὶ
744 5331 847 5395 τῆς
871 5327 973 5401 γῆς
1004 5324 1260 5403 ἀρῥήτως
1291 5325 1596 5402 ἐσαρκώθη.

163 5418 302 5472 ’Ὁτι
347 5411 402 5468 δ’
434 5409 497 5469 οὗ
519 5418 682 5468 πᾶσιν
714 5407 974 5488 ἔγνωστο,
1009 5412 1265 5488 δέσποτα,
1285 5421 1403 5479 τοῖς
1433 5417 1712 5494 ἀγγέλοις,

166 5506 252 5563 T6
281 5511 394 5574 τῆς
428 5501 896 5578 ινανθρωπήσεως
933 5505 1236 5583 μυπήρὶον
1265 5509 1363 5562 τοῦ
1395 5507 1594 5584 Λόγου,

172 5593 376 5671 Μέχρι
406 5599 512 5663 τῆς
543 5589 867 5668 ἀναλήψεως
893 5591 1056 5650 αὑτοῦ
1086 5595 1224 5671 πρὸς
1253 5595 1347 5652 τὸν
1379 5596 1615 5672 Ηατέρα,

244 5748 300 5788 ⁶²
332 5745 556 5806 Matth.
586 5761 674 5820 v1,
702 5747 791 5806 28.

1919 2022 2084 2061 suum
2113 2006 2186 2060 ad
2213 2005 2443 2077 phialas
2475 2005 2760 2061 aromatis.

1993 2092 2250 2150 Dilectus
2283 2110 2451 2150 meus
2501 2093 2602 2166 qui
2656 2092 3011 2149 substantiae
3059 2109 3178 2149 suae
3226 2090 3574 2148 celsitudine

1923 2187 2008 2239 est
2039 2183 2375 2251 invisibilis,
2406 2183 2603 2255 reipsa
2652 2187 2929 2254 tanquam
2984 2182 3045 2237 in
3103 2182 3341 2238 hortum
3399 2197 3574 2238 suum

1923 2273 2226 2330 descendit
2257 2273 2317 2328 in
2345 2277 2696 2341 creaturam,
2731 2288 2908 2344 quam
2939 2271 3154 2327 divinis
3173 2270 3577 2327 voluntatibus

1923 2365 2048 2421 suis
2081 2364 2206 2437 ipse
2239 2363 2542 2436 plantavit,
2577 2366 2633 2418 et
2663 2366 2948 2434 tanquam
2980 2361 3050 2417 ad
3093 2359 3322 2433 phialas
3353 2375 3578 2415 aroma-

1921 2453 2020 2522 tis,
2055 2454 2126 2508 ad
2160 2454 2390 2509 animas
2421 2451 2534 2508 sibi
2566 2467 2668 2525 per
2699 2452 2873 2506 fidem
2905 2451 2965 2506 in
2988 2450 3174 2506 Deum
3203 2453 3422 2521 gratas,
3449 2463 3581 2504 sua-

1921 2543 2166 2600 vissimo
2225 2544 2427 2615 gratia
2485 2541 2676 2597 sancti
2732 2540 2984 2613 Spiritus
3045 2540 3222 2595 odore
3280 2539 3574 2611 perfusas.

1923 2634 2058 2698 Qua:
2090 2631 2326 2702 quidem
2357 2629 2547 2703 gratia
2579 2646 2682 2702 per
2711 2626 3271 2699 contemplationem
3302 2630 3360 2681 et
3389 2625 3581 2681 actio-

1924 2737 2085 2788 nem,
2129 2718 2407 2791 imaginis
2457 2721 2515 2774 et
2561 2715 2974 2772 similitudinis
3019 2715 3199 2770 decus
3247 2713 3308 2769 in
3356 2716 3442 2768 eis
3489 2711 3577 2768 sic

1925 2809 2240 2876 instaurat,
2272 2811 2338 2862 ut
2365 2823 2621 2878 sponsus
2671 2805 2729 2861 in
2783 2803 2902 2860 illis
2947 2806 3229 2875 tanquam
3281 2800 3578 2874 exemplar

1924 2899 1983 2954 in
2016 2897 2183 2970 signo
2207 2896 2442 2969 proprio
2467 2894 2854 2968 perspiciatur
2871 2909 3235 2965 expressum.
3261 2890 3578 2948 Descendit

1924 2991 2141 3055 autem,
2175 2991 2240 3041 ut
2270 2986 2496 3042 dictum
2528 2989 2637 3053 est,
2669 2989 2733 3039 ut
2763 2987 2964 3056 pascat
2992 2982 3051 3037 in
3079 2981 3262 3038 hortis
3289 2982 3364 3052 [et
3410 2979 3578 3037 colli-

1925 3082 2023 3151 gat
2054 3075 2214 3133 lilia:
2242 3075 2355 3132 hoc
2385 3079 2494 3140 est,
2526 3077 2592 3129 ut
2636 3090 2771 3130 oves
2823 3073 3051 3128 ratione
3095 3071 3370 3144 praeditas
3418 3071 3579 3142 tegat

1925 3171 1984 3223 et
2015 3165 2237 3222 nutriat
2266 3180 2370 3237 per
2401 3162 2704 3220 scientiam
2737 3166 2916 3233 atque
2945 3161 3248 3228 virtutem,
3274 3159 3334 3215 in
3367 3162 3580 3215 natura

1925 3263 2052 3314 tum
2085 3255 2440 3328 intelligibili
2470 3259 2597 3310 tum
2630 3252 2896 3310 sensibili
2924 3269 2937 3308 :
2966 3253 3024 3308 in
3055 3253 3272 3322 quibus
3291 3251 3578 3306 virtutum

1929 3349 2189 3406 rationes
2220 3364 2287 3402 ac
2323 3345 2482 3401 modi
2536 3350 2816 3416 tanquam
2875 3344 2934 3400 in
2975 3344 3162 3399 hortis
3220 3343 3579 3415 quibusdam

1929 3437 2144 3495 consiti
2191 3439 2364 3502 sunt;
2420 3438 2477 3490 et
2532 3433 2768 3505 colligat
2822 3431 3002 3489 veluti
3059 3431 3186 3488 lilia
3243 3432 3314 3487 de
3367 3429 3581 3504 spinis,

1930 3543 2141 3599 nempe
2171 3542 2239 3581 ex
2269 3523 2580 3580 animabus
2613 3540 2740 3595 qua:
2763 3522 3058 3594 corporeis
3080 3519 3578 3578 sollicitudinibus

1931 3617 2313 3684 suifocantur,
2363 3613 2595 3668 animas
2649 3611 2782 3668 illas
2832 3627 2960 3683 quae
3009 3610 3244 3682 rejectis
3282 3608 3578 3681 ejusmodi

1931 3706 2121 3781 spinis
2142 3705 2259 3760 Deo
2289 3707 2498 3775 parent
2525 3701 2660 3775 ipsi,
2693 3701 2754 3757 in
2786 3700 3118 3773 Evangeliis
3149 3701 3367 3756 dicenti
3393 3716 3405 3754 :
3434 3699 3577 3755 Con-

1929 3797 2178 3854 siderate
2206 3793 2334 3848 lilia
2390 3794 2540 3862 agri,
2594 3806 2704 3846 non
2761 3791 3037 3860 laborant,
3095 3805 3269 3862 neque
3324 3792 3458 3844 nent
3485 3785 3573 3844 "z

1932 3887 2188 3951 Quarum
2221 3883 2400 3938 etiam
2429 3880 2660 3953 singula
2715 3879 2891 3936 dicit:
2944 3882 3054 3949 Ego
3101 3880 3286 3952 nepoti
3331 3893 3473 3947 meo,
3526 3885 3584 3934 et

1931 3991 2095 4049 nepos
2123 3990 2274 4030 meus
2303 3972 2464 4042 mihi,
2496 3971 2593 4042 qui
2618 3972 2795 4042 pascit
2823 3971 2972 4025 inter
3001 3970 3150 4026 lilia.
3200 3969 3319 4042 Ego
3365 3967 3582 4040 quippe

1933 4065 2050 4121 Deo
2081 4062 2230 4130 vivo,
2262 4064 2494 4117 mortua
2527 4059 2770 4130 mundo,
2804 4063 2861 4115 et
2889 4058 2947 4115 in
2981 4076 3074 4115 me
3125 4058 3286 4115 solus
3315 4058 3585 4116 Christus

1934 4152 2098 4223 vivit,
2121 4151 2221 4223 qui
2256 4149 2406 4223 regit
2445 4148 2705 4204 animam
2756 4165 2887 4220 quae
2939 4148 3134 4221 ipsum
3183 4147 3472 4219 sequitur,
3531 4150 3589 4203 et

1937 4242 2127 4316 pascit
2154 4243 2214 4298 in
2244 4240 2409 4309 liliis,
2442 4239 2502 4296 in
2534 4237 2952 4313 splendoribus
2980 4238 3291 4296 virtutum.

2660 4508 2857 4565 Pselli.

2014 4619 2146 4674 Haec
2194 4617 2540 4674 custodibus
2587 4633 2807 4689 sponsa
2853 4631 2987 4672 cum
3037 4615 3457 4688 respondisset,
3510 4612 3596 4670 illi

1949 4724 2156 4764 rursus
2186 4722 2315 4762 eam
2348 4705 2714 4776 interrogant
2743 4703 3076 4760 accuratius
3103 4720 3116 4758 :

2025 4799 2138 4867 Quo
2168 4796 2306 4852 abiit
2334 4811 2502 4866 nepos
2528 4802 2676 4862 tuus,
2727 4809 2757 4850 o
2800 4792 3039 4865 pulchra
3091 4794 3246 4849 inter
3289 4789 3601 4847 mulieres?

1954 4889 2066 4957 Quo
2095 4886 2343 4958 respexit
2371 4899 2537 4954 nepos
2576 4886 2748 4939 tuus?
2777 4886 2829 4939 et
2871 4897 3185 4956 qumremus
3231 4899 3360 4938 eum
3401 4889 3601 4938 tecum.

2025 5063 2225 5130 Qualis
2256 5064 2364 5119 iste
2393 5062 2491 5130 sit,
2515 5062 2641 5133 jam
2673 5059 3098 5117 intelleximus.
3149 5061 3316 5117 Nunc
3361 5073 3604 5115 avemus

1954 5154 2099 5210 illud
2133 5153 2307 5210 etiam
2341 5151 2508 5219 scire,
2542 5167 2657 5222 quo
2689 5150 3093 5207 descenderit:
3127 5151 3389 5206 nondum
3447 5146 3608 5203 enim

1957 5243 2251 5316 cognitam
2311 5242 2530 5298 habent
2603 5241 2780 5297 Verbi
2861 5238 3345 5307 incarnationem,
3428 5253 3608 5310 quam

1957 5332 2240 5390 ineffabili
2288 5332 2514 5388 ratione
2572 5331 2628 5386 in
2688 5335 2908 5387 terram
2969 5330 3337 5386 descendens
3395 5327 3608 5384 induit.

1958 5423 2137 5493 Cujus
2169 5421 2409 5493 quidem
2442 5419 2872 5478 incarnationis
2905 5420 3251 5492 mysterium
3282 5435 3356 5475 ne
3391 5416 3616 5492 angelis

1961 5510 2224 5584 quidem,
2259 5513 2392 5566 ante
2422 5508 2595 5566 Verbi
2627 5510 3032 5566 ascensionem
3067 5511 3138 5566 ad
3172 5511 3404 5566 Patrem
3436 5507 3619 5564 fuisse

1960 5600 2352 5676 exploratum,
2383 5616 2452 5658 ex
2473 5617 2708 5657 summo
2729 5601 3151 5674 prophetarum
3182 5601 3392 5658 Davide
3411 5613 3621 5672 cogno-
