4102 6342
491 410 610 468 655

1819 401 2248 464 MICHAELIS
2295 403 2566 464 PSELLI

3789 396 3914 460 656

490 557 637 598 sces.
669 541 813 598 Cum
837 538 992 596 enim
1021 536 1359 608 angelorum
1403 535 1632 592 Christo
1666 534 2132 590 ministrantium

2279 541 2313 588 Α
2327 555 2522 589 κουσον
2562 555 2613 588 τι
2647 555 2777 611 φησι
2812 529 2979 588 Δαϐὶδ
3007 536 3115 588 τῶν
3148 534 3454 611 προφητῶν
3489 531 3745 607 ἀκρότης.

491 630 749 697 ordines,
795 628 1030 700 quando
1076 631 1422 698 assumptus
1461 630 1571 696 est,
1621 623 1788 679 valde
1845 622 2145 696 supplica-

494 724 626 776 rent
672 736 738 774 ao
765 717 1068 772 dicerent:
1124 716 1315 772 Tollite
1353 723 1564 788 portas,
1595 715 1893 784 principes,
1936 717 2147 769 vestras

492 811 543 865 et
593 808 845 863 introibit
888 805 1160 862 Christus
1208 810 1324 861 Rea;
1361 804 1661 874 gloriae”:
1716 802 1800 857 illi
1847 803 2149 874 dispensa-

498 897 700 963 tionis,
772 896 989 968 inquit,
1055 912 1336 950 arcanum
1406 912 1521 949 non
1588 891 2006 965 intelligentes,
2083 894 2147 946 ut

495 986 837 1042 haesitantes
882 985 1352 1056 responderunt:
1425 984 1554 1051 Quis
1603 991 1684 1038 est
1726 987 1824 1037 iste
1867 983 1982 1036 Rex
2028 982 2146 1051 glo-

494 1075 707 1132 riae“?
737 1083 817 1130 Ac
849 1091 1081 1146 sponsa:
1111 1074 1349 1145 quidem
1394 1074 1669 1128 custodes
1719 1071 1799 1127 ita
1847 1071 2144 1127 dixerunt.

493 1162 599 1219 Illa
629 1179 764 1220 vero
796 1164 1113 1234 respondet
1145 1161 1367 1233 angelis
1400 1161 1584 1234 ipsis:

558 1435 753 1503 Nepos,
785 1429 1082 1501 inquiens,
1114 1444 1266 1485 meus
1291 1428 1574 1484 descendit
1606 1428 1669 1483 in
1719 1427 1940 1483 hortum
1987 1444 2149 1483 suum

491 1522 564 1578 ad
581 1522 800 1594 phialas
823 1522 1114 1591 aromatis,
1155 1523 1215 1576 ut
1241 1524 1430 1591 pascat
1475 1521 1535 1574 in
1584 1519 1776 1586 hortis,
1829 1521 1878 1574 et
1921 1517 2150 1587 colligat

498 1613 645 1668 lilia.

566 1707 816 1766 Arcana,
875 1698 1088 1770 inquit,
1152 1696 1250 1753 ille
1312 1698 1538 1753 ratione
1595 1695 1918 1763 descendit,
1997 1696 2151 1750 sicut

492 1790 682 1846 imber
711 1805 888 1861 super
917 1789 1137 1858 lanam,
1170 1787 1322 1843 sicut
1353 1804 1448 1843 ros
1479 1786 1538 1840 in
1568 1785 1780 1853 vellus,
1824 1786 1883 1840 in
1913 1789 2145 1840 uterum

2251 626 2364 678 Τῶν
2400 621 2865 699 λειτουργούντῶν
2895 622 3019 678 τότε
3038 625 3140 699 γὰρ
3161 623 3448 699 ταγμάτων
3480 625 3560 694 τῷ
3592 626 3838 696 Σωτῆρι,

2257 713 2398 788 Πρὸς
2431 714 2527 781 την
2559 711 2830 787 ἀνάληψιν
2860 711 3024 768 αὐτοῦ
3057 710 3253 788 μεγάλ’
3284 712 3634 766 ίκετευοντων
3663 730 3677 744 ⁸

2256 806 2455 876 ’Ἄρατε
2485 802 2679 874 πύλας,
2713 802 2895 876 ἄρατε,
2926 803 3230 877 ταγμάτων
3255 799 3585 876 ἀρχηγέται,

2255 892 2343 952 Ὡς
2376 890 2734 947 εἰσελεύσεται
2766 894 2994 967 Χριστὸς
3021 893 3048 945 6
3082 889 3345 951 Βασιλεὺς
3369 893 3471 954 τῆς
3501 886 3682 962 δόξης.

2259 981 2329 1035 Αἱ
2364 982 2439 1053 μή
2472 983 2848 1056 γινώσκοντες,
2882 980 3036 1059 φησὶ,
3063 985 3130 1035 τᾶ
3159 986 3258 1050 τῆς
3295 977 3635 1051 οἰκονομίας,

2258 1072 2726 1147 Ἀντικεκράγασιν
2761 1071 2946 1134 αὐτοῖς
2977 1069 3159 1144 ὥσπερ
3192 1069 3591 1143 ἐπαποροῦντες
3618 1087 3630 1100 '

2255 1161 2346 1224 Τίς
2377 1159 2518 1216 ἔστιν
2551 1158 2714 1223 οὗτος
2742 1159 3010 1237 λέγοντες,
3045 1161 3073 1215 6
3113 1157 3373 1221 Βασιλεὺς
3403 1165 3501 1228 τῆς
3529 1155 3688 1231 δόξης
3725 1176 3738 1226 ;

2258 1247 2417 1305 Ἀλλ’
2449 1246 2591 1304 οὕτω
2625 1251 2720 1324 μὶν
2765 1249 3046 1326 εἰρήκασιν
3074 1250 3127 1303 οἱ
3157 1248 3399 1326 φύλακες
3429 1247 3494 1322 τῇ
3514 1248 3728 1326 νύμφῃ,

2257 1341 2322 1397 Ἡ
2355 1337 2400 1394 δ’
2429 1339 2693 1415 ἀπεκρίθη
2728 1341 2864 1416 πρὸς
2889 1338 3081 1402 αὐτοὺς
3115 1337 3354 1414 λέγουσα
3381 1336 3507 1400 τοὺς
3538 1336 3838 1414 ἀγγέλους·

2326 1426 2651 1506 Ἀδελφιόός
2743 1452 2846 1502 μου
2931 1423 3133 1497 κατέϐη
3222 1426 3300 1492 εἷς
3359 1433 3536 1497 πῆσον
3617 1427 3792 1481 αὐτοῦ
3837 1425 3915 1488 είς

2258 1517 2457 1595 φιάλας
2513 1521 2610 1573 τοῦ
2665 1519 2984 1592 ἀρώματος,
3039 1521 3136 1572 τοῦ
3199 1517 3517 1590 ποιμαίνειν
3573 1514 3624 1570 ἐν
3686 1517 3914 1587 κήποις,

2257 1608 2346 1663 καὶ
2379 1605 2664 1683 συλλέγειν
2686 1607 2860 1678 κρίνα.

2330 1700 2568 1759 Ἐκεῖνος
2597 1696 2961 1768 κατελήλυθε,
2993 1698 3178 1775 φησῖν,
3216 1694 3660 1772 ἀρῥητοτρόπως,

2259 1789 2345 1849 Ὠς
2379 1786 2466 1841 ἐπὶ
2498 1788 2665 1841 πόκον
2703 1787 2874 1856 ὑετὸς,
2906 1785 2980 1848 ὡς
3005 1785 3090 1840 ἐπὶ
3123 1783 3301 1861 χλόην
3335 1782 3548 1861 δρόσος,

493 1895 652 1949 purae
683 1883 856 1949 atque
885 1875 1280 1931 immaculata:
1309 1874 1574 1948 virginis,
1609 1879 1674 1930 ut
1699 1873 1758 1928 in
1819 1878 2143 1928 aromatum

2277 1882 2344 1930 Εν
2369 1879 2435 1949 τῇ
2467 1876 2658 1951 γαστρί
2683 1879 2781 1944 τῆς
2811 1881 3048 1950 καθαράς
3077 1875 3166 1928 καὶ
3197 1873 3545 1947 παναμώμου
3575 1869 3770 1946 κόρης,

492 1969 828 2024 divinorum
861 1966 1122 2038 phialam
1173 1967 1478 2020 mundam.
1527 1965 1693 2018 Unde
1739 1964 1866 2018 sine
1915 1961 2138 2019 semine

484 2055 886 2128 progrediens,
921 2071 986 2109 eo
1024 2053 1265 2125 quidem
1301 2052 1474 2106 modo
1508 2067 1622 2122 quo
1654 2049 1736 2104 illi
1769 2050 1877 2104 soli
1909 2054 1997 2106 est
2043 2066 2138 2105 co-

482 2143 706 2216 gnitus,
741 2144 800 2198 in
823 2142 1052 2198 animas
1111 2142 1420 2196 hominum
1481 2157 1660 2211 puras
1710 2139 1965 2195 influxit.
2023 2139 2138 2194 Has

479 2233 636 2288 enim
667 2236 755 2300 tu,
791 2248 912 2302 rex,
945 2231 1176 2302 phialas
1209 2233 1541 2285 aromatum
1574 2227 1840 2300 intelligo
1863 2247 1878 2298 ;
1905 2228 2139 2284 hortum

483 2327 682 2377 autem
715 2334 967 2392 agnosce
1010 2319 1166 2374 hunc
1197 2319 1488 2374 mundum
1522 2317 1582 2372 in
1615 2334 1787 2389 quem
1839 2316 2142 2372 descendit

485 2409 778 2475 Christus,
831 2413 895 2463 ut
953 2408 1154 2464 fideles
1213 2407 1436 2463 sanctis
1508 2411 1774 2479 pasceret
1846 2407 2136 2478 eloquiis:

488 2497 687 2554 divina
716 2496 873 2553 enim
905 2496 1138 2569 eloquia
1173 2501 1461 2553 vocantur
1496 2495 1641 2552 lilia.

561 2681 682 2745 Ego
711 2677 907 2744 nepoti
933 2691 1072 2746 meo,
1103 2678 1154 2731 et
1181 2692 1346 2748 nepos
1373 2691 1529 2730 meus
1558 2675 1718 2732 mihi.

564 2764 805 2830 Verum,
838 2780 954 2836 quo
995 2763 1253 2836 planius,
1311 2764 1506 2836 inquit
1561 2781 1662 2819 vos
1721 2764 1985 2835 doceam,
2043 2763 2143 2819 ille

496 2852 640 2908 mihi
678 2869 922 2924 prorsus
949 2860 1034 2907 est
1066 2851 1299 2907 similis.
1351 2853 1433 2906 Ad
1485 2851 1936 2907 similitudinem
1985 2853 2142 2908 enim

501 2959 668 2998 suam
693 2958 786 2996 me
819 2941 980 3013 prius
1010 2941 1135 3010 ipse
1162 2939 1452 2996 formavit.
1488 2941 1623 2996 Post
1662 2945 1858 2996 autem
1891 2941 2146 3013 graviter

499 3029 768 3086 collisam
826 3028 1142 3095 renovavit,
1195 3031 1445 3085 formam
1519 3044 1712 3085 meam
1786 3045 1854 3083 ex
1923 3030 2146 3100 virgine

496 3120 850 3194 suscipiens.
899 3120 991 3175 Sic
1049 3119 1230 3192 igitur
1288 3118 1527 3191 angelos
1584 3135 1802 3191 sponsa
1857 3122 1947 3175 est
2001 3118 2146 3175 allo-

497 3217 654 3269 cuta.

1091 3317 1277 3371 Trium
1307 3317 1553 3371 Patrum.

575 3404 871 3461 Virtutum
903 3405 1082 3475 decus
1113 3405 1173 3460 in
1205 3405 1298 3460 his
1329 3404 1810 3475 adolescentulis,
1839 3404 1896 3460 id
1931 3409 2040 3476 est,
2092 3405 2151 3461 in

505 3494 818 3552 animabus
848 3510 1102 3566 sponsus
1123 3494 1248 3566 ipse
1270 3493 1651 3550 considerans
1674 3493 1850 3550 veluti
1875 3510 2154 3566 sponsam

508 3583 830 3656 alloquitur
860 3585 931 3639 ad
966 3584 1121 3639 hunc
1154 3584 1392 3639 modum
1421 3599 1433 3638 :
1465 3583 1703 3638 Pulchra
1735 3599 1812 3650 es,
1845 3586 2156 3656 propinqua

513 3690 652 3742 mea,
712 3677 859 3729 sicut
917 3673 1054 3728 bona
1104 3675 1386 3728 voluntas.
1438 3671 1598 3728 Bona
1665 3691 1747 3741 es,
1827 3673 2158 3745 propinqua

514 3779 666 3830 mea,
699 3777 766 3817 ex
794 3761 1000 3817 divinae
1047 3762 1350 3834 sapientiae
1407 3766 1462 3818 et
1508 3761 1789 3818 bonitatis
1843 3762 2158 3834 participa-

511 3852 690 3920 tione,
726 3855 926 3924 utpote
965 3869 1092 3924 quae
1150 3852 1438 3908 voluntati
1501 3868 1640 3907 mea:
1697 3869 1799 3924 per
1857 3869 2034 3924 quam
2093 3869 2162 3907 ex

510 3941 695 3997 nihilo
728 3941 881 3998 facta
912 3959 996 4013 es,
1032 3941 1274 3996 minime
1304 3957 1618 4013 repugnes,
1651 3942 1748 3997 sed
1802 3957 1871 3996 ex
1918 3957 1986 3998 ea
2037 3946 2160 3997 tota

508 4033 788 4105 pendeas,
849 4034 989 4088 dum
1047 4032 1325 4104 imaginis
1384 4037 1440 4087 et
1498 4033 1906 4088 similitudinis
1982 4035 2160 4089 decus

509 4138 840 4178 conservas.
903 4122 1294 4185 Quamobrem
1358 4122 1550 4178 decora
1623 4122 1796 4178 etiam
1876 4139 1958 4194 es,
2021 4125 2162 4180 sicut

507 4211 838 4266 Jerusalem.
872 4214 1150 4266 Formosa
1183 4210 1490 4279 nimirum,
1523 4212 1661 4265 dum
1714 4215 1914 4266 notam
1967 4229 2158 4268 meam

511 4303 691 4370 atque
722 4299 985 4354 habitum
1024 4300 1094 4354 ab
1135 4299 1294 4354 omni
1346 4299 1788 4370 perturbatione
1839 4301 2162 4357 remotissi-

511 4403 675 4442 mum
709 4386 997 4455 defendis,
1031 4388 1089 4441 in
1121 4391 1175 4442 te
1206 4387 1336 4457 ipsa
1364 4404 1455 4442 me
1477 4404 1678 4459 pacem
1703 4388 1892 4445 Patris
1912 4395 2163 4447 contem-

511 4475 690 4548 plaris
722 4475 820 4546 qui
855 4479 911 4530 te
962 4474 1046 4530 illi
1115 4475 1437 4531 éonciliavi.
1489 4476 1630 4531 Nam
1691 4476 2042 4550 Jerusalem,
2100 4483 2166 4534 ut

509 4565 846 4635 docuimus,
877 4565 1039 4636 pacis
1091 4569 1180 4620 est
1227 4564 1395 4620 visio.
1450 4567 1816 4638 Quapropter
1871 4583 1934 4622 es
1980 4569 2158 4625 etiam

2257 1965 2354 2020 Καὶ
2385 1963 2458 2026 εἰς
2486 1962 2687 2042 φιάλην
2721 1964 2955 2038 καθαρὰν
2987 1968 3094 2018 τῶν
3131 1962 3287 2026 θείων
3323 1963 3651 2038 ἀρωμάτων,

2248 2055 2336 2125 Ἐξ
2367 2057 2430 2123 ἧς
2460 2053 2712 2129 ἀσπόρως
2743 2051 3025 2126 προελθὼν
3063 2053 3229 2125 μόνος
3261 2051 3420 2113 αὑτὸς
3443 2051 3517 2113 ὠς
3552 2048 3718 2120 οἶδεν,

2250 2145 2342 2206 Εἷς
2373 2145 2466 2204 τὰς
2498 2143 2676 2217 ψυχάς
2706 2147 2812 2197 τῶν
2854 2146 3103 2217 καθαρῶν
3131 2141 3427 2214 ἀνθρώπων
3475 2140 3765 2218 μετερῥύη.

2247 2232 2453 2294 Ταύτας
2482 2231 2580 2306 γὰρ
2615 2229 2744 2302 ἴσθι,
2777 2228 3029 2302 δέσποτα,
3065 2228 3261 2308 φιάλας
3294 2231 3622 2304 ἀρωμάτων,

2249 2326 2452 2397 ’Ὠσπερ
2481 2321 2570 2375 καί
2599 2327 2774 2391 κῆπον
2823 2319 3054 2397 γίνωσκε
3098 2323 3288 2374 τοῦτον
3329 2319 3422 2374 τὸν
3461 2318 3690 2392 κόσμον,
3725 2317 3858 2390 ἄναξ
3893 2339 3908 2355 ·

2251 2414 2337 2470 Ἐν
2369 2411 2414 2484 ᾧ
2443 2409 2710 2480 κατῆλθεν
2745 2411 2772 2465 ὁ
2802 2411 3054 2484 Χριστὸς,
3085 2410 3174 2463 καὶ
3205 2407 3334 2472 τοὺς
3357 2409 3791 2471 πεπισκευκότας

2254 2500 2574 2574 Ἐποίμανεν
2609 2498 2683 2563 ὠς
2713 2497 2937 2568 ἀληθῶς
2967 2503 3086 2560 τοῖς
3115 2492 3436 2570 σεϐασμίοις
3469 2495 3673 2572 λόγοις.

2251 2589 2420 2667 Κρίνα
2448 2591 2552 2665 γὰρ
2580 2592 2748 2643 ταῦτα
2779 2585 2993 2662 λέγεται
3024 2588 3090 2642 τὰ
3123 2587 3288 2661 Λόγια
3316 2587 3384 2641 τὰ
3406 2591 3542 2650 θεῖα.

2324 2678 2464 2755 Ἐγὼ
2493 2682 2574 2750 τῷ
2596 2673 2871 2755 ἀδελφιδῷ
2908 2697 3032 2749 μου,
3066 2675 3154 2730 καὶ
3181 2671 3470 2752 ἁδελφιδός
3507 2696 3610 2747 μου
3643 2673 3795 2749 ἐμοί.

2248 2766 2409 2826 Ἀλλ’
2432 2765 2520 2821 ’ίνα
2546 2787 2622 2839 τι,
2654 2766 2839 2844 φησὶν,
2877 2766 3018 2838 ὑμᾶς
3050 2765 3372 2843 σαφέστερον
3405 2761 3621 2837 διδάξω,

2253 2862 2490 2918 Ἐκεῖνος
2521 2854 2713 2928 ὅμοιος
2742 2852 2864 2926 ἐμοὶ
2895 2854 3153 2930 τυγχάνει
3183 2854 3320 2908 κατά
3348 2852 3515 2908 πάντα
3549 2872 3562 2885 ·

2252 2943 2494 3016 Ἐπλᾳσε
2522 2945 2622 3020 γάρ
2657 2964 2724 3015 με
2750 2941 3011 3018 πρότερον
3044 2942 3250 2997 ἰκείνου
3282 2944 3395 2997 κατ’
3420 2941 3621 3016 εἷκόνα,

2256 3034 2360 3090 Καὶ
2390 3034 2556 3088 πάλιν
2586 3031 2879 3087 ἀνεκαίνισε
2909 3029 3099 3094 δεινῶς
3135 3053 3201 3105 με
3225 3027 3618 3106 συντριϐεῖσαν,

2254 3128 2340 3184 Ὠς
2360 3123 2461 3190 τὴν
2492 3121 2632 3195 ἐμὴν
2663 3119 2973 3197 ἀνειληφὼς
3006 3120 3224 3199 μορφὴν
3258 3119 3316 3175 lx
3344 3126 3443 3189 τῆς
3463 3121 3752 3196 παρθένου.

2259 3214 2438 3269 Ταῦτα
2472 3211 2566 3282 μὲν
2596 3210 2686 3264 οὗν
2719 3207 3024 3280 λελάληκεν
3058 3211 3092 3278 ἡ
3123 3208 3305 3287 νύμφη
3338 3214 3459 3270 τοῖς
3490 3207 3771 3285 ἀγγέλοις,

2831 3319 2950 3374 Τῶν
2981 3318 3027 3393 γ’
3059 3317 3309 3392 Πατέρων
3321 3361 3333 3373 .

2329 3407 2506 3471 Αὐτὸς
2553 3407 2580 3460 6
2640 3405 2872 3484 νυμφίος
2924 3406 3024 3475 τήν
3095 3403 3237 3482 ὥραν
3294 3409 3402 3461 τῶν
3463 3407 3915 3482 κατορθωμάτων

2260 3502 2379 3558 ταῖς
2407 3494 2683 3557 τοιαύταις
2733 3499 2938 3570 ψυχαῖς
2987 3494 3300 3569 ἐπικρίνων,
3351 3492 3540 3569 ἤγουν,
3590 3498 3700 3549 τῶν
3728 3495 3921 3551 νεανί-

2266 3582 2582 3657 δων,οἱονεί
2627 3605 2760 3659 φησι
2811 3583 2946 3660 πρὸς
3004 3583 3170 3654 αὐτήν
3206 3600 3218 3614 ’
3266 3579 3420 3651 Καλή
3475 3584 3543 3650 εἷ,
3583 3583 3616 3653 ἡ
3672 3583 3917 3652 πλησίον

2269 3696 2394 3749 μου,
2429 3674 2503 3736 ὠς
2535 3671 2768 3729 εὐδοκία.
2803 3673 3094 3743 Δηλονότι,
3139 3673 3343 3747 ’Δγαθὴ
3379 3671 3663 3748 ὑπάρχεις,
3686 3675 3720 3742 ἡ
3753 3673 3922 3748 ἐγγύς

2271 3784 2395 3837 μου,
2427 3763 2561 3818 κατᾶ
2582 3764 2681 3832 τὴν
2731 3770 2830 3832 τῆς
2877 3762 3020 3824 Θείας
3067 3759 3256 3840 σοφίας
3292 3761 3385 3815 καὶ
3417 3760 3748 3838 ἀγαθότητος
3783 3782 3918 3835 μετ-

2268 3855 2409 3929 οχην
2446 3874 2458 3886 ’
2495 3853 2567 3914 ὠς
2596 3857 2675 3925 νῷ
2714 3851 2984 3926 θελήματί
3037 3873 3142 3924 μου
3178 3871 3190 3884 ’
3218 3851 3338 3905 καθ’
3395 3851 3424 3905 ὃ
3482 3849 3542 3905 ἐκ
3589 3854 3685 3905 τοῦ
3720 3852 3796 3925 μὴ
3833 3846 3933 3907 ὅν-

2267 3964 2357 4004 τος
2405 3943 2721 4018 παρήχθης,
2782 3943 2856 4015 μὴ
2918 3941 3060 3996 κατᾶ
3117 3963 3169 3996 τι
3228 3937 3758 4014 ἀντικειμένη,ἇλλ⁹
3811 3937 3927 4011 ὅλη

2267 4031 2462 4086 τούτου
2495 4030 2730 4105 ἐξηρητη
2744 4028 2899 4103 μένη,
2939 4029 3028 4084 καὶ
3084 4028 3135 4084 έν
3183 4033 3261 4101 τῷ
3290 4033 3479 4104 τηρεῖν
3506 4029 3568 4083 τὸ
3599 4033 3717 4084 κατ’
3744 4027 3938 4085 εἰκόνα

2267 4143 2325 4176 τε
2352 4121 2439 4175 καὶ
2490 4121 2552 4174 τὸ
2595 4121 2714 4184 καθ’
2779 4117 3045 4193 ὁμοίωσιν
3082 4137 3094 4150 ·
3157 4118 3395 4182 ἐντεῦθεν
3458 4114 3514 4172 δὲ
3570 4119 3684 4186 καὶ,
3740 4118 3938 4194 Ὠραία

2270 4211 2342 4272 ὡς
2401 4206 2781 4284 Ἰερουσαλήμ.
2835 4206 3083 4278 Δηλαδή,
3134 4206 3312 4276 Καλὴ,
3354 4205 3429 4268 ὡς
3473 4205 3525 4261 ἐν
3590 4204 3751 4281 ἑαυτῇ
3813 4207 3937 4261 σώ-

2272 4305 2432 4368 ζουσα
2488 4298 2577 4352 τὸν
2640 4297 2768 4370 ἐμὸν
2825 4303 3167 4373 χαρακτῆρα,
3246 4294 3337 4350 καὶ
3396 4295 3495 4364 τὴν
3549 4295 3937 4367 ἀπαθεστάτην

2267 4386 2375 4459 ἕξιν
2408 4382 2720 4457 ἀλώϐητον,
2779 4385 2876 4460 ἐμὲ
2931 4387 3030 4457 τὴν
3074 4385 3296 4460 εἰρήνην
3347 4388 3445 4439 τοῦ
3479 4385 3688 4459 [ἰατρὸς
3717 4385 3937 4459 ὁρῶσα,

2272 4476 2330 4538 ὅς
2388 4497 2444 4531 σε
2499 4475 2678 4548 τούτῳ
2729 4473 3071 4546 κατήλλαξα.
3118 4477 3340 4548 Ὅρασις
3387 4473 3488 4548 γὰρ
3549 4473 3794 4548 εἰρήνης,
3850 4471 3940 4537 ὦς

2271 4567 2593 4642 προείρητο,
2653 4563 3017 4640 Ἰερουσαλὴμ
3083 4561 3457 4640 ἑρμηνεύεται.
3525 4563 3680 4620 Ὅθεν
3735 4559 3783 4616 εἰ
3836 4563 3939 4616 καὶ

510 4660 719 4722 terror,
755 4657 819 4710 ut
867 4653 1019 4709 acies
1069 4654 1358 4710 ordinata.
1407 4655 1551 4710 Tota
1605 4654 1877 4710 videlicet
1929 4662 2153 4728 stupor,

2275 4649 2507 4728 θάμϐος,
2541 4654 2616 4717 ὠς
2643 4652 2970 4729 τεταγμέναι
2997 4672 3009 4684 ·
3063 4649 3210 4722 ἤτοι,
3244 4649 3555 4722 ’Έκπληξις
3598 4649 3702 4719 δλη
3736 4649 3826 4704 ἐπὶ
3854 4655 3933 4726 τῇ

513 4742 654 4797 dum
686 4742 744 4796 in
777 4741 1274 4812 contemplatione
1298 4746 1520 4797 natura
1554 4759 1694 4798 mea
1720 4742 2166 4815 incomprehen-

511 4830 703 4887 sibilis
733 4831 1126 4902 obstupescis,
1160 4832 1663 4903 quemadmodum
1697 4837 1752 4887 et
1775 4833 1956 4888 divini
1990 4840 2166 4907 atque

511 4918 764 4992 angelici
827 4919 1062 4974 ordines
1117 4919 1504 4976 admiratione
1562 4921 1805 4991 stupidi,
1857 4921 2166 4978 inaccessae

511 5008 974 5080 pulchritudinis
1006 5025 1148 5064 meae
1172 5009 1496 5064 reverentia
1518 5013 1574 5064 et
1607 5009 1918 5067 formidine
1940 5018 2167 5068 contre-

513 5099 793 5154 miscunt.
827 5098 1077 5154 Proinde
1111 5102 1294 5153 averte
1323 5099 1503 5154 oculos
1531 5102 1648 5154 tuos
1679 5117 1709 5154 a
1762 5117 1870 5171 me,
1909 5103 2167 5171 quoniam

514 5188 621 5259 ipsi
648 5204 736 5242 me
763 5185 990 5242 avolare
1017 5190 1286 5258 fecerunt.
1320 5190 1380 5242 Id
1416 5192 1523 5258 est,
1560 5206 1631 5243 ne
1663 5191 1890 5244 coneris
1942 5207 2032 5246 me
2064 5191 2166 5263 qui

513 5277 908 5333 substantiam
941 5293 1175 5348 supero,
1200 5295 1267 5332 ex
1289 5278 1622 5333 substantia
1646 5279 2163 5351 comprehendere.

512 5368 740 5432 Quanto
772 5366 929 5422 enim
967 5367 1153 5438 magis
1186 5366 1244 5420 in
1279 5383 1369 5421 me
1408 5367 1955 5438 comprehendendo
2006 5368 2166 5425 labo-

513 5455 753 5523 raveris,
786 5458 948 5510 tanto
981 5453 1217 5526 longius
1250 5471 1282 5510 a
1313 5455 1528 5511 mentis
1560 5461 1672 5512 ture
1704 5457 1889 5512 oculis
1939 5457 2166 5514 incom-

512 5545 840 5616 prehensus
871 5543 1135 5601 avolabo.
1170 5543 1282 5600 Sed
1314 5560 1415 5601 eos
1445 5561 1479 5600 a
1508 5545 1843 5603 substantia
1872 5563 2001 5603 mea
2039 5564 2165 5621 quas

587 5742 634 5777 “
663 5741 816 5798 Psal.
851 5756 1013 5812 χχιιι,
1044 5742 1100 5810 7,
1132 5742 1186 5812 9,
1262 5743 1309 5778 “
1337 5741 1481 5799 ibid.
1513 5745 1573 5816 8,
1605 5745 1691 5802 10.

2277 4743 2475 4819 θεωρίᾳ
2505 4741 2920 4814 έκπληττομένη
2990 4743 3126 4814 ἐμοῦ
3192 4743 3289 4795 τοῦ
3344 4741 3461 4796 κατ’
3515 4739 3696 4794 οὐσίαν
3729 4738 3942 4794 ἀκατα-

2277 4830 2491 4903 λήπτου
2526 4853 2538 4866 ο
2590 4827 2769 4905 ὥσπερ
2827 4830 2919 4885 καὶ
2955 4831 3029 4885 αἱ
3087 4829 3226 4884 θεῖαί
3269 4841 3344 4884 ’τε
3400 4829 3488 4884 καὶ
3533 4827 3812 4904 ἀγγελικαι
3841 4831 3948 4883 τά-

2276 4919 2380 4991 ξεις
2416 4915 2661 4994 θάμϐους
2710 4919 3091 4996 πληρούμεναι
3146 4923 3224 4991 τῷ
3280 4913 3435 4997 φόϐῳ
3491 4921 3591 4972 τοῦ
3634 4917 3947 4990 ἀπροσίτου

2281 5031 2385 5083 μου
2432 5009 2672 5072 κάλλους
2725 5007 3256 5066 κατακαλύπτονται.
3301 5007 3502 5083 Διόπερ
3556 5007 3944 5080 Ἀπόστρεψον

2277 5097 2593 5178 ὀφθαλμούς
2669 5120 2764 5154 σου
2837 5097 3088 5154 ἀπέναντί
3179 5118 3305 5172 μου,
3385 5098 3512 5151 ὅταν
3594 5095 3750 5151 αὐτοὶ
3842 5095 3948 5150 ἀν-

2277 5188 2580 5264 επτέρωσάν
2613 5209 2678 5261 με
2712 5207 2724 5220 ·
2783 5186 2977 5264 ἤγουν,
3037 5189 3130 5257 Μὴ
3194 5187 3340 5258 ζήτει
3410 5186 3526 5240 κατ’
3559 5184 3746 5240 οὐσίαν
3776 5207 3953 5241 κατα-

2277 5272 2461 5333 λαϐεῖν
2497 5299 2565 5351 με
2609 5278 2699 5332 τὸν
2753 5279 3093 5353 ὑπερουσιον,
3127 5274 3211 5331 ὅτι
3265 5275 3390 5331 ὅσιν
3450 5271 3510 5328 ἂν
3567 5271 3805 5349 σπεύδῃς
3836 5297 3949 5330 κα-

2271 5362 2525 5422 ταλαϐεἷν
2565 5389 2648 5440 με,
2703 5367 2959 5422 τοσοῦτόν
3013 5387 3107 5421 σου
3173 5365 3301 5427 τοὺς
3357 5361 3580 5440 νοεροὺς
3611 5362 3950 5442 ἀφθαλμοὶις

2273 5461 2340 5530 τῇ
2389 5455 2735 5531 ἀκαταληψίᾳ
2804 5456 3192 5533 ὑπερίπταμαι.
3257 5451 3440 5510 ’Λλλά
3518 5451 3747 5529 στρέψον
3807 5454 3950 5509 τού-

2272 5565 2400 5609 τους
2430 5546 2535 5601 ἀπὸ
2585 5550 2682 5602 τοῦ
2729 5547 2846 5602 κατ’
2899 5544 3080 5602 ούσίαν
3125 5544 3464 5621 ἀθεωρήτου,
3499 5539 3576 5604 είς
3607 5542 3670 5598 τὸ
3704 5553 3940 5621 θεωρη-
