4072 6346
206 410 328 471 65⁸1

1260 412 1672 475 COMMENT.
1718 413 1799 474 ΙΝ
1844 412 2244 475 CANTICUM
2288 412 2592 474 CANTIC.

3516 411 3638 473 658

209 544 307 599 τόν
344 563 450 618 μου
480 544 596 599 κατ’
628 543 901 621 ἐνέργειαν
947 541 1175 608 κάλλος.
1209 546 1307 600 Καὶ
1369 544 1477 621 ὄψῃ
1536 568 1603 621 με
1658 545 1863 623 ἐνεργη-

1991 546 2241 621 spectari
2274 564 2390 602 non
2416 551 2628 619 potest,
2686 548 2759 604 ad
2825 547 3332 621 pulchritudinem
3379 562 3507 620 quas
3563 564 3633 603 ex

204 633 366 689 τικόν
421 653 483 688 τε
530 632 621 687 καὶ
678 629 1115 707 παντοδύναμον.
1156 635 1522 709 Πνευματικοὶ
1577 636 1681 713 γὰρ
1740 635 1872 690 εἰσιν

215 722 272 776 οἱ
336 719 615 798 ὀφθαλμοί
674 742 793 778 σου.
823 722 905 780 Τὸ
966 720 1045 795 Si,
1079 723 1354 801 Τρίχωμά
1411 745 1528 799 σου,
1561 724 1636 786 ὠς
1686 722 1875 802 ἆγέλαι

205 814 318 866 τῶν
377 809 570 886 αἰγῶν,
632 811 688 866 αἳ
762 810 1102 890 ἀνεφάνησαν
1159 811 1246 868 Sta
1316 818 1413 869 τοῦ
1492 811 1707 870 Γαλαάδ
1737 829 1751 847 ·
1800 810 1877 868 εἷ’-

207 921 341 957 τουν
407 901 476 959 Οἱ
535 900 597 956 έκ
622 903 722 955 τοῦ
766 900 891 964 νοός
943 923 1062 976 σου,
1096 904 1186 958 οἷα
1216 901 1283 975 δὴ
1318 902 1564 983 κεφαλῆς
1612 904 1875 977 κομώσης

209 988 358 1065 θρὶξ,
443 992 825 1061 πνευματικῶς
913 990 1172 1068 φυόμενοι
1251 992 1343 1047 καὶ
1430 992 1874 1063 ἆναισθητοῦντες

205 1078 351 1152 πρὸς
381 1079 449 1133 τὰ
503 1079 769 1154 παρόντα,
802 1080 1092 1155 πρακτικοί
1148 1102 1205 1136 τε
1261 1081 1353 1136 καὶ
1397 1082 1723 1155 θεωρητικοὶ
1784 1081 1873 1136 καὶ

205 1166 533 1242 θεολογικοὶ
565 1163 726 1238 δίκην
779 1167 1047 1233 εὸθαλοῦς
1096 1172 1456 1246 τριχώματος
1518 1171 1688 1245 αἰγῶν
1746 1171 1875 1224 ἀνα-

208 1254 583 1330 δεικνυμένων
646 1253 737 1311 διά
788 1278 936 1321 τινος
989 1259 1238 1314 ἀπόπτου
1294 1256 1463 1337 ὅρους
1504 1256 1721 1315 Γαλαὰδ
1775 1280 1871 1314 κα-

205 1345 512 1420 λουμένου,
589 1344 1098 1421 ἀνακεκαλυμμένοι
1184 1349 1289 1404 ἀπὸ
1374 1348 1601 1413 σκότους
1681 1347 1870 1411 κακίας

204 1434 299 1490 καὶ
359 1434 587 1511 ἀγνοίας
643 1436 732 1490 καὶ
792 1434 975 1499 ἀθεῒας
1032 1436 1186 1493 εἰσίν·
1220 1436 1303 1493 ὅτι
1363 1436 1422 1494 ἐκ
1472 1437 1680 1493 τούτων
1742 1457 1870 1510 μετ-

208 1524 522 1597 ῳκίσθησαν
598 1524 674 1587 εἷς
760 1526 955 1600 ἀρετὴν
1032 1526 1121 1582 καὶ
1170 1531 1370 1602 γνῶσιν
1424 1527 1512 1582 καὶ
1567 1520 1868 1591 θεοσέϐειαν

206 1613 361 1691 παρὰ
414 1618 513 1669 τοῦ
566 1618 970 1690 μαρτυροῦντος
1033 1621 1153 1678 τοῖς
1200 1622 1416 1677 πιστοῖς
1473 1615 1540 1671 τὰ
1589 1612 1868 1689 μέλλοντα

206 1699 578 1779 δικαιωτήρια
648 1701 1009 1779 Εὖαγγελίου.
1060 1705 1322 1762 Μετοικία
1383 1704 1481 1780 γὰρ
1562 1704 1860 1780 μαρτυρίας

200 1790 268 1847 τὸ
327 1788 547 1846 Γαλαὰδ
597 1790 973 1867 ἑρμηνεύεται.
1027 1794 1131 1851 Καὶ
1214 1793 1357 1849 οὕτω
1433 1794 1529 1868 μὲν
1592 1790 1862 1869 Τρίχωμά

206 1902 329 1937 σου.
365 1914 435 1924 -
464 1881 531 1939 Οἱ
589 1878 649 1937 δὲ
704 1879 921 1947 ὀδόντες
950 1904 1067 1958 σου,
1100 1883 1175 1946 ὠς
1206 1881 1399 1960 ἀγέλαι
1427 1887 1534 1939 τῶν
1589 1876 1860 1957 κεκαρμέ-

196 1992 341 2040 νων,
402 1971 459 2025 αἳ
510 1965 779 2043 ἀνέϐησαν
837 1973 942 2027 ἀπὸ
994 1977 1090 2028 τοῦ
1142 1971 1398 2051 λουτροῦ,
1446 1973 1500 2027 αἱ
1548 1977 1713 2027 πᾶσαι
1775 1967 1857 2025 δι-

201 2056 564 2133 δυμεύουσαι,
619 2059 711 2115 καὶ
788 2061 1078 2117 ἀτεκνοῦσα
1153 2061 1253 2117 οὔκ
1307 2060 1448 2117 ἔστιν
1516 2061 1570 2117 έν
1641 2061 1853 2123 αὐταῖς.

199 2146 460 2219 Δηλαδή,
494 2150 560 2205 Αἱ
604 2144 806 2204 ἔννοιαί
867 2171 988 2219 σου,
1027 2148 1098 2205 δι’
1151 2152 1225 2206 ὧν
1273 2152 1336 2207 τὸ
1394 2151 1703 2225 σωματικὸν
1759 2154 1858 2206 τοῦ

194 2236 382 2312 νόμου
432 2238 614 2315 πάχος
669 2238 746 2301 εἷς
802 2238 985 2311 ἀληθῆ
1047 2239 1366 2297 λεπτύνεται
1439 2243 1707 2314 νοήματα,
1764 2237 1857 2295 καὶ

197 2325 347 2401 πρὸς
409 2326 613 2404 βρῶσιν
666 2329 1039 2401 πνευματικὴν
1093 2327 1400 2400 ἐπιτήδειον
1444 2330 1668 2405 γίνεται,
1703 2325 1857 2399 δίκην

199 2420 556 2491 κεκαρμένων
640 2414 848 2492 ἆγελῶν
909 2421 1082 2473 πᾶσαν
1136 2416 1310 2493 ψευδῆ
1370 2416 1648 2492 ὑπόληψιν
1707 2438 1862 2493 περι-

198 2506 468 2582 ῄρηνται.
498 2504 622 2579 περὶ
657 2505 829 2578 μόνην
880 2505 1370 2583 συναγελαζόμεναι
1417 2508 1516 2577 τὴν
1576 2506 1858 2577 ἀλήθειαν.

200 2593 391 2669 Αἵπερ
441 2594 517 2656 ὡς
575 2594 682 2649 ἀπὸ
740 2592 977 2672 λουτροῦ
1034 2596 1430 2673 καθαρεύσασαι
1483 2600 1592 2651 τῶν
1648 2592 1858 2668 ψευδῶν

202 2681 569 2756 ὖπολήψεων,
604 2683 896 2758 ὑψώθησαν
948 2685 1054 2740 ἀπὸ
1107 2690 1217 2741 τῶν
1274 2685 1478 2761 γηΐνων
1525 2684 1615 2740 καὶ
1672 2704 1861 2759 σαρκι·

200 2777 320 2828 κῶν
381 2773 516 2846 πρὸς
568 2771 637 2828 τὰ
691 2776 1027 2846 πνευματικᾶ
1094 2774 1186 2829 καὶ
1263 2774 1506 2850 οὐράνια,
1566 2771 1863 2846 διδυμοτο-

204 2866 405 2919 κοῦσαι
462 2861 590 2924 τοὺς
649 2856 849 2938 λόγουν
911 2867 1018 2917 τῶν
1075 2865 1309 2938 ἀρετῶν⁶
1343 2864 1431 2919 καὶ
1480 2862 1721 2938 ἄκαρπος
1774 2862 1865 2917 καὶ

204 2948 505 3028 ἀνωφελής
536 2950 829 3025 ένθύμησις
862 2951 960 3007 οὐκ
995 2949 1137 3008 ἔστιν
1198 2952 1251 3007 έν
1311 2953 1520 3015 αὐταῖς.
1554 2953 1643 3015 Ὡς
1693 2970 1863 3026 σπαρ-

209 3040 341 3095 τίον
396 3038 645 3095 κόκκινον
703 3037 870 3116 χείλη
932 3062 1053 3107 σου,
1085 3042 1177 3097 καὶ
1207 3043 1243 3111 ἡ
1293 3038 1463 3097 λαλιά
1512 3061 1612 3095 σου
1669 3040 1863 3115 ὡραία.

210 3126 514 3200 Δηλονότι,
563 3129 653 3183 οἷα
712 3130 807 3201 μὶν
863 3131 1121 3205 σπαρτίον
1185 3129 1623 3204 μεμετρημένον,
1668 3131 1757 3183 οἷα
1809 3124 1867 3183 δέ

206 3219 469 3273 κόκκινον
528 3215 710 3289 ἀληθῆ
760 3218 854 3273 τὸν
924 3217 1088 3295 λόγον
1145 3220 1506 3297 προφέροντα.
1564 3219 1723 3276 ’Όθεν
1773 3216 1865 3273 καὶ

1887 1928 1935 1993 Β

1986 636 2260 709 operibus
2291 636 2664 708 perspicitur,
2696 637 3213 709 contemplandam
3244 641 3533 693 converte.
3565 639 3636 692 Et

1985 742 2189 782 cernes
2220 742 2314 781 me
2335 725 2664 780 beneficum
2712 729 2771 781 et
2799 727 3285 798 omnipotentem.
3325 724 3632 797 Spiritales

1984 815 2139 872 enim
2201 819 2341 870 sunt
2397 813 2552 870 oculi
2604 815 2714 870 tui.
2773 813 2977 886 Capilli
3045 832 3182 871 vero
3232 816 3381 870 sicut
3435 830 3633 887 greges

1983 921 2309 978 caprarum,
2350 919 2475 978 quae
2520 909 2893 977 apparuerunt
2939 920 3008 960 ex
3054 904 3631 977 Gataad.Cog1tatio-

1983 1014 2086 1053 nes
2116 994 2408 1062 videlicet,
2456 1011 2581 1066 qum
2632 999 2699 1050 ut
2755 1010 2826 1049 ex
2881 994 3071 1066 capite
3119 1010 3321 1059 comae,
3363 994 3517 1050 sicut
3566 1010 3636 1050 ex

1983 1088 2179 1142 mente
2210 1084 2559 1156 proveniunt
2601 1087 2703 1138 tua
2731 1083 3141 1155 spiritualiter,
3173 1082 3405 1137 nullum
3438 1098 3633 1139 rerum

1983 1174 2164 1243 huius
2193 1172 2323 1227 vitae
2354 1187 2595 1228 sensum
2653 1171 2956 1237 habentes,
3013 1171 3114 1226 sed
3172 1170 3234 1225 in
3288 1170 3516 1243 agendo
3574 1173 3634 1225 et

1982 1261 2438 1334 contemplanda
2522 1267 2575 1317 et
2640 1259 2857 1315 divinis
2934 1260 3108 1315 rebus
3169 1259 3632 1331 pervestigandis

1979 1355 2296 1424 occupatae,
2332 1348 2556 1406 similes
2587 1353 2724 1406 sunt
2754 1348 3100 1405 ﬂorentibus
3130 1364 3439 1421 caprarum
3469 1347 3626 1421 pilis,

1977 1458 2103 1514 qua:
2134 1457 2237 1513 per
2266 1439 2453 1495 altum
2477 1440 2792 1511 quemdam
2816 1442 2873 1495 et
2897 1439 3211 1495 obscurum
3241 1442 3501 1493 montem
3525 1438 3627 1509 qui

1972 1530 2189 1587 dicitur
2218 1529 2457 1597 Galaad,
2491 1529 2821 1601 conspicuas
2853 1529 3278 1601 apparuerunt.
3322 1526 3627 1599 Siquidem

1973 1637 2044 1677 ex
2074 1619 2312 1676 malitiae
2344 1623 2401 1675 et
2424 1618 2770 1691 ignorantiae
2802 1623 2978 1689 atque
3006 1616 3330 1690 impietatis
3350 1615 3629 1685 tenebris,

1970 1711 2046 1766 ad
2074 1708 2314 1765 virtutis
2334 1712 2391 1763 et
2420 1707 2678 1763 scientias
2728 1706 3085 1779 pietatisque
3139 1705 3334 1761 lucem
3376 1704 3623 1760 commi-

1968 1802 2216 1873 grarunt
2268 1812 2369 1869 per
2411 1795 2815 1868 Evangelium,
2875 1796 3029 1867 quod
3080 1793 3361 1850 fidelibus
3408 1792 3601 1865 judici

1968 1888 2150 1945 futuri
2179 1884 2585 1943 testimonium
2619 1885 2829 1942 reddit.
2860 1884 3077 1941 Galaad
3105 1884 3261 1940 enim
3298 1882 3621 1956 signiﬁcat,

1966 1976 2372 2051 Migrationem
2421 1974 2767 2031 testimonii.
2807 1976 2887 2029 Ac
2945 1974 3016 2029 de
3085 1971 3314 2045 capillis
3372 1971 3609 2045 quidem

1965 2068 2271 2124 hactenus.
2322 2069 2523 2122 Dentes
2573 2066 2655 2119 lui
2692 2064 2832 2120 sicut
2884 2078 3067 2135 greges
3124 2070 3436 2132 tonsarum,
3496 2077 3615 2133 qum

1965 2156 2329 2213 ascenderunt
2348 2154 2414 2210 de
2462 2154 2706 2219 lavacro,
2747 2168 2937 2209 omnes
2973 2151 3224 2221 gemellis
3278 2150 3514 2223 fetibus,
3564 2157 3617 2206 et

1966 2246 2175 2303 sterilis
2201 2260 2315 2300 non
2342 2246 2420 2300 est
2446 2245 2598 2299 inter
2623 2258 2735 2298 eas.
2794 2241 3193 2314 Cogitationes
3248 2244 3361 2295 tum
3394 2239 3615 2311 quibus

1968 2349 2305 2407 corpoream
2356 2332 2504 2404 legis
2562 2330 3019 2388 crassitudinem
3075 2329 3137 2386 in
3191 2344 3361 2385 veros
3408 2344 3621 2385 sensus

1968 2428 2270 2492 extenuas,
2294 2426 2350 2476 et
2381 2422 2447 2476 ad
2485 2420 2854 2493 spiritualem
2891 2421 3089 2476 cibum
3152 2418 3431 2474 idoneum
3465 2416 3621 2472 redi-

1972 2513 2085 2586 gis,
2139 2512 2327 2567 instar
2356 2527 2667 2582 caprarum
2728 2526 2855 2581 quas
2911 2514 3095 2564 tonsas
3154 2513 3317 2576 sunt,
3374 2505 3626 2562 veritate

1971 2605 2205 2658 tantum
2238 2604 2600 2665 conservata,
2636 2598 2813 2654 falsas
2845 2614 3051 2653 omnes
3084 2595 3359 2667 rejiciunt
3389 2595 3622 2668 opinio-

1973 2706 2079 2746 nes
2110 2707 2124 2745 :
2157 2694 2216 2746 et
2242 2694 2533 2761 tanquam
2577 2688 2637 2743 in
2672 2687 2901 2743 lavacro
2951 2704 2985 2742 a
3034 2686 3199 2742 falsis
3246 2683 3625 2758 opinionibus

1974 2779 2212 2848 ablutas,
2242 2778 2502 2850 geminos
2531 2776 2815 2832 virtutum
2849 2776 3091 2831 edentes
3122 2775 3373 2843 fructus,
3393 2790 3427 2829 a
3447 2773 3624 2828 rebus

1971 2868 2222 2925 terrenis
2259 2870 2436 2938 atque
2466 2865 2806 2922 carnalibus
2837 2865 2908 2920 ad
2942 2863 3238 2936 spiritales
3268 2867 3326 2918 et
3355 2862 3621 2919 caelestes

1974 2957 2480 3023 conscenderunt;
2519 2972 2708 3026 neque
2762 2953 2884 3010 ulla
2932 2953 3088 3009 inter
3135 2969 3235 3010 sas
3273 2951 3503 3007 inutilis
3533 2955 3625 3006 est

1975 3050 2076 3102 aut
2122 3046 2511 3101 infructuosa.
2562 3043 2715 3099 Sicut
2782 3043 3062 3114 funiculus
3131 3044 3411 3099 coccineus
3470 3040 3620 3096 labia

1976 3141 2098 3204 tua,
2129 3141 2182 3193 et
2207 3138 2485 3209 eloquium
2517 3143 2672 3191 tuum
2723 3136 2987 3191 decorum
3040 3134 3107 3189 ⁸³.
3166 3137 3242 3188 Ut
3291 3130 3622 3187 funiculum

1977 3226 2313 3283 dimensum
2366 3230 2538 3295 atque
2566 3223 2925 3291 coccineum,
2950 3238 3279 3279 sermonem
3320 3222 3627 3293 proferunt

204 3305 358 3377 καλῆ
416 3308 454 3375 ἠ
500 3305 698 3363 τούτου
753 3309 1026 3385 προφορά.
1057 3309 1147 3372 Ὠς
1202 3306 1438 3383 λέπυρον
1493 3306 1623 3382 ῥοᾶς
1684 3304 1861 3380 μῆλόν

1980 3332 2173 3372 verum
2207 3332 2220 3369 :
2245 3314 2403 3370 unde
2430 3313 2707 3386 praeclara
2737 3328 2969 3385 quoque
3000 3316 3091 3367 est
3118 3312 3248 3380 ejus
3277 3309 3626 3383 pronuntia-

206 3416 312 3452 σου
352 3394 506 3457 tua;
559 3402 661 3465 τῆς
721 3396 1046 3467 σιωπήσεώς
1102 3415 1237 3451 σου·
1270 3393 1421 3465 ἤτοι,
1471 3397 1576 3453 Οἴα
1633 3393 1864 3471 λέπυρον

208 3484 351 3561 ῥοᾶς
380 3484 675 3562 στύφουσαί
704 3485 836 3541 εἰσιν
867 3486 922 3541 αἱ
952 3484 1173 3561 παρειαί
1230 3505 1347 3553 σου,
1380 3481 1469 3540 διὰ
1522 3482 1587 3540 τι)
1641 3484 1865 3561 στυγνόν

202 3595 269 3630 τε
326 3572 417 3628 καὶ
475 3571 794 3650 ἆδιάχυτον,
851 3575 939 3631 καὶ
1018 3572 1110 3630 ὅτε
1189 3574 1265 3648 μή
1322 3568 1552 3645 σιωπᾷς,
1606 3578 1689 3646 τῷ
1745 3593 1869 3628 συν·

204 3659 535 3736 εσταλμένῳ
615 3661 960 3734 κολαζούσης
1017 3683 1115 3719 σου
1179 3664 1279 3733 τὴν
1338 3660 1391 3717 έν
1446 3668 1569 3725 ταῖς
1620 3660 1871 3736 ὁμιλίαις

211 3750 497 3829 διάχυσιν.

922 3856 1173 3918 Ψελλοῦ.

285 3971 470 4024 Ταῦτα
524 3966 620 4042 μὲν
648 3962 745 4021 οὗν
777 3964 1085 4038 λελάληκεν
1118 3970 1153 4039 ἡ
1192 3968 1379 4047 νύμφη
1428 3973 1546 4031 τοῖς
1593 3966 1869 4043 ἀγγέλοις.

209 4055 381 4116 Ἀλλ’
420 4056 449 4111 ὁ
479 4053 1004 4134 φιλανθρωπότατος
1032 4059 1309 4129 Δεσπότης
1334 4057 1424 4113 καὶ
1455 4057 1709 4135 νυμφίος,

210 4148 227 4169 .
311 4146 328 4163 ς
482 4143 505 4163 ,ι
788 4143 803 4163 τ
1020 4146 1033 4164 .

231 4144 378 4205 Ιδων
411 4146 711 4221 βαυζουσαν
745 4146 911 4214 αυτήν
946 4167 1034 4200 και
1064 4144 1586 4223 κατατρυχωμένην,

211 4235 323 4292 Καὶ
357 4238 707 4310 μεριμνῶσαν
736 4232 1027 4311 περιττῶς,
1059 4235 1147 4292 καὶ
1178 4235 1516 4314 ψηλαφῶσαν
1547 4239 1732 4306 τοῦτο,

208 4323 393 4382 Πάλιν
426 4321 683 4397 ἐπῄνεσεν
712 4321 879 4394 αὐτὴν
917 4327 1170 4403 φωνήσας
1201 4324 1443 4402 ἀοράτως
1472 4344 1484 4357 ·

211 4411 379 4481 Καλή
414 4412 482 4480 εἶ,
514 4409 752 4483 πλησίον
784 4433 912 4485 μου,
945 4414 1018 4474 ὡς
1052 4410 1289 4484 εὐδοκία,
1324 4412 1496 4489 ὡραία
1528 4413 1600 4476 ὡς

211 4499 613 4578 Ἰερουσαλὴμ,
645 4496 857 4575 θάμϐος
889 4502 966 4564 ὡς
994 4503 1337 4579 τεταγμέναι.

213 4591 405 4664 Καλὴ,
440 4592 591 4670 φησὶ,
622 4591 933 4667 γεγένησαι,
964 4592 1052 4648 καὶ
1088 4598 1282 4667 μῶμον
1316 4592 1505 4649 οῧκουν
1539 4589 1704 4669 ἔχεις,

208 4685 303 4757 Τῇ
340 4678 564 4753 εὐδοκία
589 4684 659 4755 τῇ
689 4679 798 4756 ἐμῇ
827 4679 1011 4744 καλῶς
1041 4683 1396 4756 ὁμοιωθεῖσα.

214 4771 326 4828 Καὶ
360 4769 429 4825 σὺ
455 4769 558 4847 γὰρ
590 4766 766 4832 θέλεις
794 4771 1031 4833 ἅπαντας
1079 4774 1318 4842 σωθῆναι
1367 4770 1495 4837 τοὺς
1539 4773 1878 4850 ἀνθρώπους.

210 4858 334 4918 Καὶ
366 4855 541 4915 πάλιν
565 4857 932 4935 Ἰερουσαλὴμ
956 4859 1139 4923 καλῶς
1180 4860 1559 4934 έξωμοιώθης,

210 4952 314 5009 Ἐν
342 4950 486 5024 ᾗπερ
519 4947 899 5022 ἂναπέπαυμαι
936 4951 1069 5023 μετὰ
1098 4951 1186 5005 καὶ
1217 4955 1315 5006 τοῦ
1345 4950 1560 5027 Πατρός
1592 4971 1717 5024 μου.

215 5040 388 5098 Ὅθεν
416 5036 508 5092 καὶ
540 5032 752 5111 θάμϐος
779 5037 1059 5110 κέκτησαι,
1083 5040 1173 5094 καὶ
1202 5034 1411 5118 φοϐερὰ
1437 5041 1728 5116 τυγχάνεις

211 5132 432 5201 Ὠσπερ
462 5126 519 5181 αἱ
547 5127 871 5203 τεταγμέναι
905 5148 1011 5202 μου
1042 5125 1297 5202 δυνάμεις
1323 5133 1433 5184 τῶν
1462 5128 1724 5204 ἀγγέλων.

216 5215 415 5291 Ἐμοὶ,
451 5215 606 5294 φησὶ,
640 5214 971 5287 λελάληκεν,
1004 5215 1128 5291 ἐμοὶ
1158 5218 1351 5280 σεπτὸς
1381 5216 1633 5295 νυμφίος.

214 5306 434 5365 Λοιπὸν
476 5301 534 5360 δὲ
590 5304 840 5382 Πρόσχες
893 5304 978 5361 ἐπ’
1029 5305 1155 5380 έμοὶ
1210 5305 1338 5371 τοὺς
1396 5305 1714 5386 ὀφθαλμούς
1768 5328 1885 5374 σου,

1614 5395 1811 5464 [λέγει.

217 5486 303 5544 Τὸ
336 5481 457 5561 φῶς
486 5481 590 5560 γὰρ
621 5482 985 5560 ἆνεπτέρωσεν
1017 5483 1114 5559 έμέ
1149 5489 1258 5541 τῶν
1292 5484 1591 5564 ὀφθαλμῶν
1614 5418 1751 5555 ng:

217 5573 333 5634 Καὶ
364 5573 585 5629 πάντων
635 5573 1013 5652 κατεφρόνησα
1050 5578 1158 5629 τῶν
1205 5579 1486 5649 κοσμικῶν
1530 5576 1886 5651 πραγμάτων.

1976 3406 2080 3461 tio.
2137 3404 2288 3460 Sicut
2341 3412 2529 3459 cortex
2583 3402 2723 3458 mali
2775 3403 2970 3473 punici
3014 3416 3175 3469 genae
3230 3404 3358 3463 tuae,
3414 3402 3625 3470 praeter

1975 3494 2264 3549 silentium
2305 3499 2479 3547 tuum.
2540 3491 2783 3560 Propter
2830 3490 3210 3546 constrictam
3271 3505 3337 3543 ac
3382 3487 3629 3543 minime

1977 3585 2168 3639 fusam
2193 3580 2479 3636 orationis
2507 3578 2818 3650 vim,gensa
2849 3583 2964 3634 tua:
2995 3583 3136 3633 sunt
3166 3577 3393 3634 similes
3424 3576 3629 3632 cortici

1977 3670 2119 3729 mali
2142 3669 2363 3743 punici.
2396 3669 2467 3723 Et
2495 3669 2733 3739 quando
2766 3684 2882 3724 non
2926 3672 3108 3734 taces,
3143 3666 3424 3721 brevitate
3442 3664 3627 3721 corri-

1977 3760 2064 3833 gis
2093 3759 2154 3815 in
2172 3757 2554 3815 concionibus
2584 3756 3056 3813 dissolutionem.

2705 3863 2896 3919 Pselli.

2054 3973 2182 4029 Haec
2203 3988 2335 4028 cum
2368 3970 2594 4044 angelis
2623 3986 2838 4044 sponsa
2865 3969 3238 4042 loquebatur,
3260 3982 3393 4025 cum
3415 3965 3628 4022 huma-

1982 4062 2270 4120 nissimus
2298 4061 2585 4117 Dominus
2614 4065 2671 4116 et
2703 4077 2961 4133 sponsus
3007 4076 3136 4116 eam
3184 4056 3538 4115 clamantem
3572 4058 3630 4110 et

1981 4151 2215 4209 anxiam
2248 4149 2735 4206 acvehementius
2769 4148 3179 4221 sollicitam,in
3212 4146 3629 4218 seindagendo

1983 4239 2375 4311 conspicatus,
2411 4256 2646 4293 rursum
2681 4239 2751 4294 ad
2785 4238 2990 4295 laudes
3031 4239 3160 4310 ejus
3191 4252 3320 4293 sese
3348 4234 3635 4292 convertit

1982 4327 2358 4385 invisibiliter
2389 4343 2402 4382 :
2434 4327 2684 4384 Pulchra
2713 4344 2790 4399 es,
2818 4327 3112 4400 inquiens,
3143 4327 3460 4399 propinqua
3486 4339 3631 4393 mea,

1981 4420 2125 4475 sicut
2169 4416 2308 4473 bona
2363 4416 2638 4483 voluntas,
2672 4416 2867 4475 decora
2921 4418 3068 4471 sicut
3125 4415 3465 4485 Jerusalem,
3520 4416 3632 4470 ter-

1984 4523 2079 4564 ror
2121 4508 2267 4563 sicut
2309 4505 2458 4561 acies
2516 4505 2816 4563 ordinatae.
2873 4504 3143 4572 Pulchra,
3201 4503 3416 4576 inquit,
3480 4503 3636 4561 facta

1985 4613 2069 4665 es,
2130 4600 2190 4652 et
2244 4594 2478 4651 macula
2506 4611 2624 4650 non
2664 4599 2755 4651 est
2788 4594 2847 4649 in
2879 4598 2956 4662 te,
2991 4593 3196 4649 merito
3227 4594 3393 4650 bona
3423 4591 3635 4649 volun-

1906 4671 1953 4736 D
1987 4686 2094 4743 tati
2124 4701 2261 4741 mea:
2292 4688 2652 4755 comparata.
2685 4683 2833 4738 Nam
2890 4687 2955 4738 tu
3005 4699 3240 4755 quoque
3283 4681 3372 4737 vis
3429 4696 3635 4737 omnes

1989 4774 2259 4833 homines
2291 4774 2485 4830 salvos
2541 4772 2691 4828 ﬁeri.
2741 4771 3019 4828 Prwclare
3074 4771 3248 4828 etiam
3307 4769 3638 4826 assimilata

1990 4882 2053 4921 es
2097 4862 2209 4937 ipsi
2265 4860 2591 4918 Jerusalem
2652 4860 2709 4915 in
2768 4877 2885 4933 qua
2942 4876 3078 4916 cum
3134 4861 3303 4916 Patre
3349 4875 3480 4915 meo
3540 4875 3636 4915 re-

1990 4951 2183 5025 quievi
2213 4952 2274 5005 “.
2310 4950 2699 5015 Quamobrem
2732 4953 2787 5005 et
2817 4953 3096 5005 terrorem
3131 4947 3380 5017 obtines,
3413 4952 3469 5003 et
3518 4947 3634 5001 for-

1991 5040 2293 5098 midabilis
2325 5043 2478 5106 rs,ut
2500 5037 2839 5112 angelorum
2865 5054 3129 5093 meorum
3156 5037 3308 5093 acies
3337 5036 3636 5092 ordinatae.

1994 5128 2626 5202 Mihi,inquit,locutus
2658 5131 2747 5184 est
2773 5126 3145 5183 venerandus
3176 5142 3430 5198 sponsus
3447 5141 3636 5182 meus.

1994 5222 2197 5277 Averte
2224 5218 2417 5276 oculos
2442 5222 2563 5273 tuos
2593 5234 2625 5272 a
2655 5234 2760 5273 me.
2784 5217 2915 5273 Jam
2939 5215 3161 5287 conjice
3188 5214 3247 5269 in
3300 5231 3393 5270 me
3440 5212 3642 5272 oculos

1994 5315 2151 5367 tuos.
2184 5311 2299 5364 Lua:
2327 5308 2483 5364 enim
2515 5308 2803 5363 oculorum
2835 5315 3056 5362 tuorum
3085 5306 3306 5362 «volare
3356 5320 3445 5360 me
3487 5306 3641 5377 fecit,

1995 5405 2052 5455 et
2082 5398 2277 5456 omnia
2299 5397 2502 5453 mundi
2537 5396 2768 5471 negotia
2797 5395 3053 5469 despexi.
3087 5396 3197 5452 Sed
3232 5395 3333 5468 qui
3387 5396 3641 5452 volunta-

1998 5497 2105 5543 tem
2134 5486 2485 5559 diligentium
2516 5503 2572 5542 se
2599 5487 2734 5557 facit
2759 5487 2825 5555 ⁸⁷,
2857 5485 3168 5542 confestim
3219 5485 3449 5545 divinos
3500 5500 3640 5541 ocu-

2000 5577 2087 5634 los
2120 5593 2258 5633 suos
2280 5575 2340 5633 in
2372 5593 2648 5650 sponsam
2680 5576 2962 5649 conjecit;
3003 5575 3327 5649 vidensque
3358 5591 3487 5632 eam
3518 5577 3642 5633 evir-

294 5754 346 5792 ⁶⁵
372 5752 539 5812 Cant.
570 5769 649 5827 xv,
681 5754 736 5810 3.
810 5754 858 5791 “
885 5752 1062 5812 Eccll.
1092 5771 1248 5825 xxxv,
1281 5755 1370 5813 15.
1446 5757 1490 5793 ⁸⁷
1521 5754 1671 5814 Psal.
1704 5770 1887 5829 σχειν,
1922 5755 2013 5814 19.
