4072 6346
486 362 608 424 659

1861 361 2287 425 MICHAELIS
2330 364 2604 427 PSELLI

3784 368 3915 433 660

485 491 716 555 tutibus
746 496 1107 565 exornatam,
1139 491 1317 567 ccepit
1345 492 1509 551 illam
1548 493 1639 551 bis
1697 493 1891 553 verbis
1924 492 2140 553 collau-

2274 490 2412 550 Λλλ⁹
2443 494 2472 549 ό
2502 491 2731 568 πληρῶν
2762 495 2824 551 τὸ
2856 493 2988 567 ϐέλη
3001 516 3074 569 μα
3102 492 3212 551 τῶν
3238 495 3398 552 αΰτὸν
3431 496 3788 572 ἀγαπωντων,

486 584 632 643 dare
659 598 674 641 :

568 847 786 922 Capilli
806 851 892 906 tui
911 851 1061 907 sicut
1102 867 1297 921 greges
1342 868 1661 924 caprarum,
1692 866 1816 926 qua:
1872 866 2150 923 apparue-

496 942 631 994 runt
657 938 722 994 de
746 938 968 996 Galaad.
1009 942 1199 996 Dentes
1229 941 1315 996 lui
1340 942 1485 996 sicut
1504 957 1695 1010 greges
1714 944 1998 997 tonsuram
2029 954 2152 1013 quae

496 1029 865 1085 ascenderunt
921 1029 986 1085 de
1044 1030 1282 1098 lavacro,
1341 1047 1524 1087 omnes
1564 1031 1816 1101 gemellis
1844 1030 2068 1101 fetibus,
2100 1038 2153 1085 et

492 1116 712 1178 sterilis
736 1135 850 1174 non
880 1123 957 1174 est
988 1120 1049 1175 in
1080 1121 1178 1175 eis.
1210 1120 1365 1177 Sicut
1391 1121 1675 1192 funiculus
1706 1121 1985 1176 coccineus
2005 1119 2154 1176 labia

498 1216 619 1279 tua,
651 1216 702 1264 et
730 1209 1015 1281 eloquium
1071 1218 1225 1265 tuum
1271 1209 1549 1266 decorum.
1612 1210 1763 1266 Sicut
1802 1218 1988 1267 cortex
2016 1209 2157 1265 mali

492 1298 694 1375 punici
707 1314 862 1368 genae
889 1302 1025 1366 tuae,
1045 1307 1253 1371 praeter
1280 1301 1569 1357 silentium
1591 1308 1747 1356 tuum
1764 1299 1831 1354 ⁸⁸.

576 1567 679 1624 His
718 1584 999 1640 sponsam
1054 1567 1331 1625 laudibus
1390 1569 1462 1625 ad
1514 1568 1828 1625 mulierum
1877 1585 2072 1627 mores
2101 1572 2158 1625 et

510 1657 850 1729 nuptiarum
882 1674 1111 1714 amores
1143 1658 1468 1729 aptissimis
1499 1675 1755 1731 sponsus
1785 1658 2010 1715 extulit.
2045 1658 2156 1714 Sed

506 1745 720 1803 harum
755 1752 814 1802 tu
847 1746 1089 1804 laudum
1122 1748 1388 1804 omnium
1419 1746 2155 1821 explanationem,stephe-

509 1835 714 1906 pbore,
738 1836 1012 1908 superius
1038 1854 1071 1892 a
1121 1837 1291 1893 nobis
1317 1838 1617 1909 accepisti.
1648 1839 1835 1905 Quare
1857 1839 1984 1912 jam
2006 1838 2158 1895 Can—
2188 1873 2237 1940 Β

507 1923 758 1982 tioorum
783 1926 961 1983 ﬁnem
1006 1926 1339 1984 audiamus.

577 2283 883 2355 Sexaginta
910 2289 1047 2341 sunt
1077 2286 1313 2356 regina,
1351 2290 1401 2342 et
1441 2286 1716 2356 octoginta
1746 2288 2090 2358 concubinae,
2114 2286 2166 2346 ει

502 2371 931 2431 αάοιεδεεηιιιιέε
986 2391 1222 2446 quarum
1276 2392 1387 2431 non
1445 2385 1525 2433 est
1570 2394 1856 2433 numerus.
1919 2380 2036 2435 Una
2083 2387 2167 2435 est

502 2462 761 2518 columba
782 2478 922 2532 mea,
953 2469 1197 2535 per/ecta
1225 2481 1370 2533 mea,
1406 2481 1519 2521 una
1550 2479 1628 2521 est
1658 2469 1831 2522 matri
1884 2482 2028 2534 suae,
2058 2469 2166 2524 ele-

498 2555 590 2610 cta
617 2555 699 2608 est
716 2553 980 2623 genitrici
1007 2568 1140 2611 suae.
1174 2553 1435 2611 Viderunt
1493 2556 1655 2611 illam
1684 2558 1844 2627 ﬁliae,
1905 2558 2162 2614 beatissi-

502 2656 654 2697 mam
679 2641 1065 2713 praedicabunt
1094 2660 1236 2701 eam.
1272 2645 1496 2716 Regina
1535 2654 1587 2701 et
1615 2648 1931 2702 concubina
1963 2648 2163 2704 lauda-

513 2730 648 2788 bunt
676 2748 818 2788 eam.

576 2820 1065 2893 Sapientissimus
1149 2821 1246 2878 ille
1322 2821 1624 2892 Salomon,
1708 2824 1999 2881 mirabilis
2066 2825 2165 2882 ille

512 2910 797 2984 propheta
826 2914 1104 2981 tanquam
1162 2911 1221 2967 in
1281 2912 1523 2983 speculo
1573 2913 1925 2984 propheticis
1956 2914 2165 2982 oculis,

506 2998 847 3058 animarum
900 3018 1028 3072 quae
1077 3000 1327 3057 salutem
1389 3008 1790 3073 assequuntur
1865 3020 2062 3060 mores
2108 3009 2166 3062 et

511 3088 786 3160 virtutes,
810 3088 951 3157 imo,
979 3093 1043 3144 ut
1094 3106 1226 3146 vere
1273 3090 1485 3162 dicam,
1546 3092 1783 3149 ordines
1840 3096 1899 3149 et
1947 3095 2165 3165 gradus

504 3180 758 3252 aspexit.
793 3180 936 3236 Tres
964 3178 1142 3246 enim,
1178 3184 1243 3235 ut
1299 3180 1444 3237 mihi
1494 3184 1783 3253 persuasi,
1830 3188 1972 3239 sunt
2002 3185 2160 3240 ordi-

510 3286 616 3327 nes
643 3286 846 3325 eorum
878 3269 978 3341 qui
1011 3268 1336 3326 salvantur.
1385 3273 1500 3325 Aut
1548 3272 1704 3327 enim
1740 3278 1882 3328 sunt
1912 3273 2040 3344 ﬁlii,
2064 3279 2165 3331 aut

512 3358 884 3429 mercenarii,
920 3362 1023 3415 aut
1052 3359 1359 3423 servi.Qui
1382 3360 1540 3415 enim
1592 3379 1626 3417 a
1682 3362 1900 3418 teneris
1950 3364 2166 3436 ungui-

517 3446 669 3504 culis
700 3465 769 3504 ex
798 3452 918 3504 toto
952 3450 1125 3505 corde
1167 3448 1351 3505 Deum
1391 3465 1587 3504 rerum
1648 3451 1911 3507 omnium
1962 3458 2165 3509 aucto-

498 3554 636 3600 ;rem
668 3538 959 3610 optimum
992 3538 1268 3611 diligunt,
1300 3542 1357 3594 et
1387 3554 1586 3595 amore
1624 3539 1837 3612 ipsius,
1874 3544 2165 3599 mundum

498 3632 570 3682 .et
627 3644 757 3699 quas
812 3628 872 3682 in
932 3628 1154 3683 mundo
1194 3632 1356 3699 sunt,
1415 3633 1882 3700 contemnentes,
1934 3632 2165 3689 Christo

523 3718 705 3775 Verbo
736 3723 793 3774 et
821 3734 1037 3791 sponso
1062 3720 1527 3791 conjunguntur,
1560 3718 1758 3776 divina
1789 3722 1983 3793 gratia
2013 3723 2165 3778 ﬁlio-

517 3824 647 3863 rum
681 3808 946 3864 ordinem
973 3808 1263 3863 obtinent.
1296 3806 1404 3871 Qui
1464 3812 1661 3863 autem
1717 3810 1880 3882 regni
1915 3810 2168 3866 ccelestis

517 3896 837 3968 cupiditate
869 3895 1105 3963 adducti
1140 3901 1205 3950 ut
1234 3911 1299 3950 eo
1331 3895 1653 3967 potiantur,
1686 3896 2173 3971 Cbristodiligen-

514 3988 606 4041 ter
622 3984 1037 4053 inserviunt,in
1057 3985 1548 4041 mercenariorum
1564 3985 1689 4042 loco
1703 3988 2163 4045 constituuntur.

519 4075 711 4146 Atqui
749 4073 1001 4146 peccatis
1033 4074 1313 4129 omnibus
1340 4074 1629 4145 obruti,ut
1660 4091 1766 4148 ego
1792 4077 2010 4145 infelix,
2036 4095 2166 4133 cru-

514 4163 778 4220 ciatuum
834 4167 893 4218 et
945 4161 1370 4234 suppliciorum
1420 4164 1736 4221 formidine
1784 4166 2167 4240 resipiscunt,

514 4260 572 4309 et
605 4251 1005 4326 paenitentiam
1038 4256 1222 4324 agunt
1250 4253 1524 4324 (quorum
1548 4255 1609 4310 in
1660 4271 1906 4312 numero
1939 4257 2165 4313 utinam

512 4340 639 4414 ipse
669 4358 901 4425 quoque
932 4341 1043 4397 sim
1076 4356 1179 4413 per
1207 4343 1457 4413 gratiam
1490 4347 1675 4411 tuam,
1709 4362 1741 4399 ο
1766 4345 1994 4401 Christe
2025 4348 2164 4403 Ver-

512 4431 655 4487 bum
683 4430 954 4487 Salvator
978 4427 1018 4504 l)
1041 4430 1099 4486 in
1133 4447 1433 4487 servorum
1461 4432 1561 4505 qui
1593 4437 1790 4489 tamen
1828 4434 1968 4490 salvi
2018 4436 2168 4491 ﬁunt

512 4519 717 4576 ordine
747 4518 1126 4577 collocantur.
1162 4524 1273 4577 Has
1304 4520 1524 4577 classes
1557 4525 1732 4593 atque
1781 4522 1890 4579 bos
1931 4525 2165 4581 ordines

2256 581 2429 647 Εὐθὺς
2462 578 2722 640 ιπὲϐαλεν
2755 584 2891 660 αὐτῇ
2922 584 3050 648 τοὺς
3080 584 3396 664 ὀφθαλμοὺς
3424 585 3551 650 τοὺς
3584 587 3783 652 θείους.

2259 669 2411 730 Ἰδὼν
2447 669 2503 727 δὲ
2528 672 2729 744 ταύτην
2759 674 2975 750 ἀρεταῖς
3005 676 3585 750 κατακεκοσμημένην,

2255 761 2491 836 ’Ἠρξατο
2513 762 2712 833 ταύτην
2746 761 3001 822 ἐπαινεῖν·
3035 765 3167 843 φησῖ
3201 765 3304 841 γὰρ
3337 765 3481 821 οὕτω
3509 763 3656 823 τάδε’

2328 850 2600 927 Τρίχωμά
2665 874 2759 908 σου
2817 853 2892 918 ὡς
2938 852 3131 930 ἀγάλαι
3190 858 3297 910 τῶν
3349 855 3542 932 αἰγῶν,
3593 858 3650 911 αἳ
3698 852 3919 927 ἀνέϐη.

2261 959 2355 995 σαν
2436 939 2542 995 ἀπὸ
2622 946 2718 998 τοῦ
2802 942 3039 1002 Γαλαάδ.
3094 941 3339 1008 Ὀδόντες
3411 966 3530 1018 σου,
3586 946 3661 1008 ὡς
3715 946 3918 1023 ἀγέλαι

2257 1033 2365 1084 τῶν
2470 1031 2814 1107 κεκαρμένων
2851 1075 2865 1101 ,
2956 1035 3011 1088 αἳ
3122 1029 3502 1091 ἀναϐαίνουσαι
3598 1035 3711 1091 ἀπὸ
3818 1041 3920 1091 τοῦ

2262 1116 2539 1193 λουτροῦ.
2620 1121 2690 1174 Αἱ
2784 1127 2951 1177 πᾶσαι
3056 1119 3485 1197 διδυμεύουσαι,
3553 1125 3645 1179 καὶ
3759 1125 3921 1181 ἀκτι-

2260 1210 2426 1261 νοῦσα
2540 1207 2638 1263 οὐκ
2747 1204 2887 1265 ἔστιν
2997 1209 3049 1267 ἐν
3155 1211 3373 1276 αὐταῖς.
3456 1214 3546 1278 Ὠς
3652 1213 3918 1291 σπαρτίον

2251 1296 2511 1377 ,κόκκινον
2593 1297 2761 1374 χείλη
2832 1320 2968 1372 σου,
3026 1303 3061 1371 ἡ
3140 1300 3309 1358 λαλιά
3389 1323 3485 1358 σου
3569 1302 3768 1379 ὡραία.
3829 1304 3921 1364 Ὧς

2264 1384 2497 1461 λίπυρον
2558 1387 2685 1464 ῥοᾶς
2773 1388 2954 1463 μῆλόν
3032 1412 3149 1466 σου,
3200 1388 3352 1455 ἐκτὸς
3426 1395 3525 1463 τῆς
3592 1394 3924 1464 σιωπήσεώς

2266 1496 2383 1534 σου.

2336 1564 2519 1629 Οὕτως
2555 1566 2647 1639 μὲν
2679 1564 2770 1623 οὖν
2803 1567 3028 1644 ὶπῄνεσε
3054 1572 3155 1641 τὴν
3186 1570 3405 1650 νύμφην
3436 1574 3463 1627 ὁ
3496 1571 3758 1648 νυμφίος,

2260 1660 2620 1726 Γυναικικῶς,
2652 1654 2929 1733 ἐρωτικῶς
2958 1661 3048 1716 καὶ
3077 1661 3667 1738 νυμφοπρεπεστάτως.

2263 1744 2343 1803 Σὺ
2406 1742 2453 1800 δ’
2510 1743 2658 1803 ἀλλὰ
2714 1745 2942 1813 τούτους
2992 1748 3311 1825 ’ξύμπαντας
3364 1757 3464 1821 τῆς
3523 1750 3742 1829 νύμφης
3793 1750 3931 1814 τοὺς

3546 1838 3854 1914 [ἑπαὶνους,

2268 1924 2356 1988 Ὦς
2386 1923 2723 1998 ὲρμηνεύθης
2749 1923 2973 2001 ἄνωθεν,
3001 1925 3251 2003 γίνωσκε,
3285 1928 3610 2007 στεφηφόρε.

2269 2013 2478 2085 Ταύτην
2508 2017 2608 2085 τὴν
2644 2015 2797 2092 ῥῆσιν
2828 2016 2932 2092 γὰρ
2962 2018 3129 2091 ἡμεῖς
3156 2014 3357 2074 ἄνωθεν
3390 2018 3702 2094 εὑρηκότες,

2270 2105 2543 2169 Ἐντεῦθεν
2575 2104 3022 2181 ἡρμηνεύσαμεν,
3055 2106 3130 2169 ὡς
3163 2104 3384 2163 δυνατὸν
3416 2110 3483 2178 ἦν
3513 2107 3685 2171 ὅλως.

2272 2192 2424 2252 Ἀλλ’
2456 2194 2816 2268 ἀκουσώμεθα
2846 2193 3041 2252 λοιπὸν
3086 2199 3184 2251 τοῦ
3225 2195 3417 2260 τέλοτς
3466 2196 3573 2253 τῶν
3609 2197 3938 2271 ’ᾼσμάτωω

2344 2283 2636 2355 Ἐξήκοντά
2746 2284 2848 2340 εἰσι
2964 2284 3275 2361 βασίλισσαι
3377 2287 3468 2342 καὶ
3587 2285 3947 2365 ὀγδοήκοντα

2273 2372 2605 2445 παλλακαὶ,
2661 2377 2750 2432 καὶ
2810 2375 3045 2440 νεάνιδες
3130 2375 3202 2433 ὧν
3273 2377 3373 2433 οὐκ
3454 2372 3594 2434 ἔστιν
3673 2378 3945 2455 ἀριθμός.

2274 2465 2389 2523 Μία
2458 2465 2569 2521 ἐστί
2651 2467 2940 2543 περιστερά
3024 2486 3152 2540 μου,
3201 2465 3384 2523 τελεία
3443 2488 3547 2542 μου
3583 2488 3596 2501 ⁸
3660 2469 3765 2542 μία
3826 2467 3951 2525 ἐστὶ

2272 2558 2341 2628 τῇ
2404 2557 2569 2629 μητρὶ
2630 2554 2818 2626 αὐτῆς,
2874 2554 3100 2628 ἐκλεκτή
3149 2554 3263 2612 ἐστι
3320 2561 3387 2631 τῇ
3446 2555 3677 2633 τεκούσῃ
3734 2559 3948 2630 αὐτήν.

2274 2641 2506 2701 Εῗδοσαν
2561 2651 2726 2700 πᾶσαι
2790 2645 3095 2721 θυγατέρες,
3152 2645 3244 2700 καὶ
3305 2650 3664 2720 μακαριοῦσιν
3726 2646 3944 2719 αὐτήν

2279 2732 2590 2809 βασίλισσαι
2620 2734 2708 2789 καὶ
2735 2732 3018 2790 παλλακαὶ
3048 2734 3346 2791 αἲνέσουσιν
3375 2734 3569 2806 αὐτην.

2343 2825 2402 2881 Ὀ
2434 2822 2707 2898 Σολομὼν
2737 2825 2764 2879 ὁ
2795 2823 3091 2903 πάνσοφος,
3135 2825 3162 2879 ὁ
3194 2825 3503 2897 θαυμαστὸς
3533 2826 3863 2903 προφήτης,

2272 2916 2645 2990 Προφητικοῖς
2678 2912 2729 2969 ἐν
2764 2909 3008 2987 ὄμμασιν
3036 2911 3199 2985 εἶδεν,
3230 2914 3304 2977 ὡς
3336 2912 3388 2969 ἐν
3413 2914 3729 2991 κατόπτρῳ,

2274 3001 2416 3064 Τοὺς
2447 3002 2682 3078 τρόπους
2711 3004 2800 3058 καὶ
2829 3004 2925 3065 τὰς
2950 3002 3142 3075 ἀρετὰς
3170 3006 3364 3080 ψυχῶν
3404 3008 3514 3058 τῶν
3547 3005 3943 3078 σεσωσμινων,

2272 3089 2502 3149 Μᾶλλον
2538 3089 2584 3147 δ’
2616 3092 2783 3147 εἱπεῖν
2815 3092 2890 3155 ὡς
2919 3090 3138 3162 ἀληθῶς
3157 3091 3253 3155 τὰς
3274 3091 3448 3162 τάξεις
3469 3091 3560 3149 καὶ
3590 3095 3685 3155 τὰς
3720 3094 3943 3167 βάσεις.

2277 3184 2438 3257 Τρεῖς
2489 3182 2594 3256 γάρ
2652 3180 2809 3250 εἷ’σιν,
2869 3181 2945 3244 ὡς
3001 3182 3321 3255 πέπεισμαι,
3361 3182 3537 3253 τάξεις
3596 3186 3704 3237 τῶν
3763 3204 3948 3239 σεσω-

3559 3271 3825 3344 [σμὲνων·
3924 3348 3927 3349 ν

2278 3358 2495 3429 nam,
2535 3358 2899 3434 μισθαρνότης
2926 3380 3005 3433 τε,
3031 3360 3122 3415 καὶ
3157 3359 3270 3434 μετ’
3302 3359 3472 3429 αὐτὴν
3506 3356 3807 3431 δουλότηε.

2274 3451 2343 3509 Οἱ
2377 3450 2471 3523 μὶν
2503 3451 2604 3525 γὰρ
2635 3448 3005 3525 ἀγαπήσαντες
3034 3448 3085 3521 ἐξ
3123 3450 3260 3521 ὅλης
3288 3457 3387 3521 τῆς
3412 3448 3640 3527 καρδίας

2259 3540 2381 3601 ’Τὸν
2413 3540 2699 3618 εὐεργέτην
2722 3546 2819 3597 τοῢ
2849 3542 3052 3605 παντὸς
3084 3541 3135 3613 ἕξ
3167 3539 3393 3598 ἁπαλῶν
3424 3542 3664 3618 ὀνύχων,

2274 3632 2374 3687 Καὶ
2403 3639 2503 3701 τῆς
2531 3631 2747 3706 ἀγάπης
2772 3629 2928 3688 ’ἑνεκα
2964 3631 3161 3688 τούτου
3190 3632 3280 3688 καὶ
3308 3639 3409 3703 τῆς
3440 3630 3651 3707 φιλίας,

2276 3722 2382 3778 Τὸν
2410 3721 2615 3793 κόσμον
2649 3719 3037 3797 βδελυξάμενοι
3070 3721 3159 3777 καὶ
3187 3723 3254 3777 τά
3282 3722 3407 3796 περὶ
3435 3722 3530 3777 τὸν
3559 3723 3800 3795 κόσμον,

2277 3807 2793 3883 ΙΙροσκολληθὲντες
2824 3807 2903 3881 τῷ
2931 3812 3147 3885 Χριστῷ
3174 3813 3253 3881 τῷ
3285 3810 3447 3885 Λόγῳ
3476 3810 3569 3865 καὶ
3607 3811 3868 3889 νυμφίῳ,

2276 3897 2368 3960 Εἷς
2400 3898 2548 3971 τάξιν
2580 3891 2810 3976 ἔφθασαν
2844 3898 2975 3952 υἱῶν
3007 3901 3073 3973 τῇ
3104 3900 3291 3975 χάριτι
3321 3903 3390 3974 τῇ
3423 3899 3561 3971 θείᾳ.

2274 3986 2341 4043 Ol.
2374 3983 2430 4041 δὲ
2458 3984 2784 4063 γλιχόμενοι
2815 3991 3006 4061 τυχεῖν
3034 3988 3131 4059 τῆς
3163 3988 3272 4042 ἅνω
3308 3985 3612 4063 βασιλείας,

2276 4076 2373 4130 Καὶ
2404 4075 2604 4147 ταύτης
2633 4076 2794 4152 χάριν
2826 4072 3082 4131 ἔσπευσαν
3119 4080 3339 4150 Χριστῷ
3378 4072 3828 4148 δεδουλευκότες,

2277 4165 2371 4228 Εἷς
2403 4167 2548 4238 τάξιν
2578 4162 2807 4244 ἔφθασαν
2840 4165 2993 4222 αὐτοὶ
3024 4166 3111 4221 καὶ
3142 4165 3310 4222 τόπον
3341 4170 3452 4221 τῶν
3488 4167 3746 4240 μισθίων.

2275 4256 2340 4312 Οἱ
2375 4253 2431 4310 δέ
2459 4277 2519 4331 γε
2548 4251 3080 4328 πλημμελήσαντες,
3105 4254 3286 4329 ὥσπερ
3321 4255 3426 4332 ἆγὼ
3459 4256 3486 4310 ὁ
3517 4254 3689 4321 τάλας

2277 4345 2373 4400 Καὶ
2406 4349 2579 4399 πᾶσαν
2610 4342 2981 4407 ἕκτελὲσαντες
3013 4343 3212 4400 ἄτοπον
3242 4343 3533 4422 ἁμαρτίαν,

2276 4435 2372 4490 Καὶ
2405 4430 2731 4512 φοϐηθέντες
2764 4435 2861 4497 τὰς
2889 4434 3088 4509 πικρὰς
3126 4436 3392 4510 βασάνους
3420 4434 3510 4490 καὶ
3540 4432 3834 4509 κολάσεις,

2276 4524 2380 4581 Καὶ
2411 4525 2605 4578 τούτου
2637 4524 2798 4600 χάριν
2832 4522 3127 4602 φθάσαντες
3160 4523 3236 4587 είς
3264 4523 3431 4579 τόπον
3468 4524 3753 4598 μετανοίας

498 4604 788 4666 Salomon
819 4607 918 4664 ille
949 4610 1398 4683 prospiciens,et
1420 4604 1615 4665 divino
1649 4611 1885 4666 afflatus
1914 4612 2160 4686 Spiritu,

2274 4615 2385 4686 (Ὦς
2442 4610 2549 4678 εἷ’οε
2608 4612 2834 4675 τούτους
2916 4610 3181 4688 φθάσαιμι
3260 4612 3491 4688 κᾶγωγε,
3536 4614 3744 4688 Χριστί
3836 4639 3951 4690 μου

498 4694 676 4755 tanto
708 4702 841 4755 ante
865 4715 1110 4756 cernens
1158 4699 1335 4755 Verbi
1385 4701 1587 4771 sponsi
1624 4701 1943 4775 purissimi
1975 4702 2165 4760 incar-

511 4790 829 4854 nationem,
864 4794 921 4845 et
950 4806 1076 4861 quas
1110 4790 1305 4859 ipsum
1341 4788 1468 4844 sine
1519 4789 1745 4845 semine
1779 4791 2002 4863 genuit,
2036 4810 2165 4847 san-

515 4878 838 4935 ctissimam
873 4878 968 4933 Dei
1004 4878 1354 4934 Genitricem
1410 4878 1653 4933 Mariam
1697 4878 1857 4936 illam
1887 4881 2167 4938 immacu-

514 4968 894 5037 latissimam,
919 4983 1095 5039 quam
1128 4967 1405 5022 omnibus
1433 4984 1640 5039 omnes
1681 4968 1947 5025 omnium
1978 4969 2164 5026 homi-

509 5074 652 5112 num
676 5056 1082 5129 generationes
1122 5056 1363 5111 vocibus
1412 5074 1717 5129 nunquam
1769 5060 2162 5129 cessantibus,

502 5145 914 5204 beatissimam
950 5146 1290 5217 praadicant,
1326 5146 1465 5217 quia
1497 5147 1678 5203 totius
1712 5149 1918 5203 mundi
1944 5150 2167 5221 peperit

488 5234 890 5304 'Salvatorem,
954 5235 1063 5291 hoc
1127 5235 1182 5290 in
1268 5236 1471 5307 sponsi
1532 5254 1783 5309 persona
1861 5240 2161 5296 Canticum

497 5324 737 5383 cecinit.
802 5324 887 5379 Tu
950 5339 1107 5395 vero,
1190 5325 1464 5397 princeps
1548 5326 1964 5399 stepbephore,
2028 5344 2158 5383 cum

500 5413 807 5486 sexaginta
831 5413 1063 5486 reginas
1096 5414 1389 5482 audis,eos
1422 5414 1684 5488 intellige
1717 5415 1817 5488 qui
1838 5432 2160 5488 sexagena-

505 5503 660 5560 rium
711 5502 822 5560 sibi
872 5502 1157 5563 traditum
1211 5520 1523 5560 numerum
1565 5504 1912 5561 talentorum
1967 5507 2160 5565 decies

490 5593 678 5649 bonis
708 5592 985 5664 operibus
1017 5592 1499 5666 multiplicantes,
1532 5594 1728 5652 divina
1759 5595 1952 5667 gratia
2007 5596 2155 5655 ﬁlio-

580 5717 625 5754 ⁶⁸
656 5716 822 5773 Cant.
859 5733 934 5785 ιν,
966 5718 1019 5773 3.

3642 4701 3872 4780 μέτε),

2277 4791 2370 4855 Εἷς
2399 4790 2541 4862 τάξιν
2568 4789 2896 4862 ἐληλύθασιν
2931 4788 3167 4861 δούλων,
3199 4788 3347 4860 πλὴν
3382 4792 3769 4864 σεσωσμένων.

2277 4880 2488 4943 Ταύτας
2518 4881 2611 4941 τὰς
2638 4880 2816 4949 τάξεις
2844 4876 3078 4935 κατιδὼν
3114 4880 3140 4934 ὁ
3175 4878 3448 4954 Σολομὼν
3482 4878 3712 4948 ἐκεῖνος,

2276 4967 2623 5043 Ηροκατιδὼν
2657 4967 2713 5025 δὲ
2748 4968 2983 5043 μάλιστα
3012 4973 3091 5042 τῷ
3126 4967 3399 5043 Πνεύματι
3426 4974 3504 5043 τῷ
3538 4969 3667 5043 θείῳ

2275 5060 2375 5117 Καὶ
2406 5060 2504 5128 τὴν
2538 5063 2634 5114 τοῦ
2668 5059 2849 5132 Λόγου
2875 5057 3142 5129 σάρκωσιν
3173 5056 3269 5113 τοῖ’)
3300 5060 3537 5134 καθαροῦ
3569 5059 3849 5137 νυμφίου,

2274 5149 2377 5205 Καὶ
2407 5150 2505 5218 τὴν
2537 5150 2867 5225 γεννήσασαν
2902 5147 3059 5203 αὐτὸν
3094 5148 3345 5224 άσπόρως
3386 5147 3674 5219 Θεοτόκον,

2271 5240 2378 5308 Τὴν
2414 5235 2582 5300 ὄντως
2613 5240 3048 5311 παναμώμητον,
3089 5238 3188 5306 τὴν
3217 5236 3452 5312 καθαρὰν
3483 5237 3715 5312 Μαρίαν,

2270 5330 2495 5385 ’Ἡντινα
2531 5328 2887 5402 μακαρίζουσι
2921 5330 3130 5404 φωναῖς
3171 5324 3605 5389 ἀκαταπαύστοις

2272 5417 2337 5471 Δὶ
2367 5416 2541 5491 γενεαὶ
2571 5420 2679 5471 τῶν
2708 5420 2905 5490 γενεῶν
2939 5415 3185 5471 ἁπάντων
3214 5418 3320 5469 τῶν
3352 5414 3678 5490 ἀνθρώπων,

2268 5511 2386 5561 ’Ότι
2422 5512 2654 5581 Σωτῆρα
2682 5504 2867 5561 τὲτοκε
2895 5512 2995 5575 τῆς
3029 5503 3167 5578 ὅλης
3199 5504 3521 5579 οἰκουμένης
3545 5525 3558 5539 ’

2260 5582 2481 5667 ¹Ταύτην
2515 5593 2687 5668 ἐξεῖπε
2715 5595 2814 5665 τὴν
2844 5591 2993 5668 ᾠδὴν
3025 5594 3308 5671 προσώπῳ
3335 5598 3431 5651 τοῦ
3459 5593 3721 5675 νυμφίου.
