4072 6346
181 368 300 429 661
1226 371 1639 434 COMMENT.
1684 372 1765 434 IN
1812 374 2213 436 CANTICUM
2256 375 2563 438 GANTIC.
3483 377 3608 440 662

181 493 264 551 Σὺ
296 492 355 551 δὲ
383 513 484 570 μοι
510 495 607 560 τὰς
635 496 901 569 ἐξήκοντα
932 495 1249 575 βασιλίσσας
1278 498 1517 571 ἀκούων,

1996 517 2085 558 um
2119 501 2316 559 locum
2348 507 2488 561 sunt
2517 504 2795 563 assecuti.
2856 504 3227 563 Concubinas
3275 510 3472 564 autem
3503 521 3604 565 eos

179 583 457 648 Ἐκείνους
487 582 903 662 εἶναιγίνωσκε,
937 583 1169 644 δέσποτα
1199 587 1528 666 στεφηφόρε,

1995 608 2081 648 sse
2110 592 2323 666 cogita,
2341 593 2443 665 qui
2472 593 2756 652 talentum
2779 594 2893 652 sibi
2915 594 3207 652 aDomino
3228 595 3603 669 assignatum

180 672 325 737 Τοὺς
359 671 892 740 δεκαπλασιάσαντας
925 674 977 732 ιν
1002 676 1383 753 ἀγαθοεργίαις

1996 681 2252 739 ιὺοτίουε
2281 681 2602 743 salutiferis
2630 684 2886 757 octogies
2919 684 3397 758 multiplicantes,
3429 685 3604 743 Verbi

178 763 290 833 Τήν
320 759 620 838 δεδομένην
651 765 789 841 πρὸς
818 764 1013 829 αὐτοὺς
1045 762 1203 838 ἑξάδα
1232 770 1336 820 τῶν
1369 765 1676 838 ταλάντων,

1996 774 2010 826 t
2057 770 2258 843 sponsi
2306 772 2445 829 facti
2497 777 2639 828 sunt
2696 774 3063 831 mercenarii.
3136 774 3604 837 Innumerabiles

180 852 281 908 Καὶ
312 851 482 908 τόπον
516 854 816 931 φθάσαντας
849 856 979 910 υἱῶν
1002 859 1071 929 τῇ
1096 852 1286 931 χάριτι
1313 859 1383 930 τῇ
1416 854 1553 929 θείᾳ.

1995 876 2084 918 ero
2142 861 2609 920 adolescentulas
2664 878 2918 935 agnosce
2960 868 3294 937 peccatores
3336 864 3471 921 illos
3500 864 3603 938 qui

177 940 290 998 Καὶ
320 938 613 1005 παλλακὰς
646 942 719 1004 ὡς
748 941 969 1015 ἀληθῶς
997 942 1235 1006 ἐκείνους
1263 945 1395 998 εἶναι
1426 945 1563 1018 νόει,

1994 966 2067 1006 ra
2098 950 2283 1007 nimia
2311 951 2525 1009 inertia
2556 952 2838 1010 talentum
2870 953 3165 1011 aDomino
3196 959 3501 1028 acceptum
3540 954 3602 1011 in

176 1028 318 1094 Τοὺς
348 1030 882 1095 ὀκτοπλασιάσαντας
912 1031 963 1088 έν
995 1034 1190 1095 κόποις
1219 1031 1493 1109 σωτηρίας
1674 1058 1679 1061 -

1993 1057 2106 1097 arra
2132 1041 2483 1099 defoderunt
2510 1042 2597 1098 illi
2646 1043 2908 1116 quidem,
2966 1045 3068 1101 sed
3113 1048 3314 1101 tamen
3346 1042 3601 1100 salutem

179 1120 262 1177 Τὸ
295 1116 589 1195 δεδομένον
612 1119 875 1177 τάλαντον
899 1121 1084 1185 αὐτοῖς
1114 1121 1174 1178 ἐκ
1201 1120 1298 1178 τοῦ
1330 1121 1627 1197 Δεσπότου,

1989 1130 2519 1188 btinuerunt.lnter
2532 1136 2621 1189 tot
2638 1133 2871 1190 animas
2887 1133 3151 1190 omnium
3174 1133 3486 1191 hominum
3500 1133 3597 1207 qui

180 1208 292 1266 Καὶ
320 1208 614 1285 γεγονότας
650 1210 956 1283 μισθωτοὺς
986 1214 1084 1266 τοῦ
1116 1211 1295 1288 Λόγου
1325 1212 1414 1267 καὶ
1434 1211 1694 1291 νυμφίου.

1991 1218 2276 1292 nlvantur,
2307 1226 2374 1277 ut
2402 1222 2584 1279 electa
2612 1222 2885 1280 columba
2913 1227 2999 1281 est
3026 1241 3145 1280 una
3173 1222 3274 1280 illa
3298 1222 3445 1296 sola,
3471 1239 3599 1297 qum

175 1298 435 1356 ’Δκηόων
459 1296 518 1356 δὶ
535 1296 780 1364 νεάνιδας
810 1298 1027 1364 πολλὰς
1056 1300 1484 1376 ἀναριθμήτους,

1989 1307 2254 1366 ibristum
2283 1312 2488 1383 genuit
2506 1312 2685 1385 Virgo
2732 1316 2918 1369 Mater
2975 1311 3171 1386 puella
3223 1311 3427 1381 Maria,
3472 1296 3597 1384 qua

181 1387 425 1444 Γίνωσκε
452 1386 651 1452 ταύτας
682 1386 908 1461 άληθῶς
941 1389 1306 1476 ἁμαρτωλοὺς
1337 1390 1676 1467 ἀνθρώπους,

1995 1397 2207 1455 uritate
2236 1401 2495 1472 profecto
2551 1401 2869 1460 Cberubim
2902 1407 2961 1459 et
3001 1402 3311 1476 Serapbim
3342 1401 3600 1459 autecel-

181 1478 402 1540 Οἳτινες
432 1478 494 1533 τὸ
527 1478 621 1552 μὲν
652 1477 918 1534 τάλαντον
950 1474 1212 1545 λαϐόντες
1237 1483 1335 1535 τοῦ
1366 1480 1660 1554 Δεσπότου,
1951 1485 2040 1543 lit.

181 1565 282 1631 Εἷς
309 1573 415 1643 γῆν
446 1566 577 1623 αὐτὸ
606 1565 924 1645 κατέχωσαν
958 1567 1008 1643 if
1042 1567 1207 1646 ἄκρας
1230 1568 1515 1647 ῥᾳθυμίας·

181 1657 295 1716 Καὶ
328 1653 519 1712 δοῦλοι
554 1657 649 1731 μὶν
680 1656 985 1735 γεγόνασιν,
1016 1656 1145 1715 ἀλλ’
1174 1656 1330 1733 ὅμως
1358 1658 1713 1734 σεσωσμένοι.

182 1748 311 1804 Τῶν
340 1747 694 1823 σεσωσμένων
727 1743 819 1801 οῦν
847 1746 1124 1803 τοσούτων
1154 1747 1497 1827 πεφηνότων,
1808 1746 1811 1749 λ

184 1834 474 1895 ⁹Αειιάντων
507 1835 847 1912 ὑπερέχουσα
876 1840 984 1892 τῶν
1018 1836 1105 1893 ἰπὶ
1133 1844 1237 1914 γῆς
1261 1836 1589 1915 ἀνθρώπων,

183 1882 865 2003 ὗέἷξιλῖᾲτξίῖτὶῥῒᾶζε⁷ρέ
887 1882 1158 2003 ἒζῇοιζρέἐ
1174 1882 1295 2001 ’ἐξιεῖ
1307 1882 1534 2001 ζὲξζιῗ
1547 1882 1589 1909 ”
1868 1882 1919 1950 Β

180 2016 252 2073 Ἥ
279 2016 378 2072 τὸν
407 2014 637 2090 Χριστὸν
668 2017 974 2092 γεννήσασα
1004 2018 1470 2094 Παρθενομήτωρ,

180 2106 252 2165 Ἥ
281 2100 572 2183 Χερουϐὶμ
600 2107 687 2162 καὶ
722 2106 973 2184 Σεραφὶμ
1002 2102 1171 2171 ὅντως
1198 2107 1571 2184 καθαρωτέρα.

857 2267 1174 2345 Ἐπίλογος.

2624 2266 2928 2322 Peroratio.

251 2396 447 2471 ’Βχεις
473 2395 539 2450 τὸ
564 2393 653 2451 σὸν
689 2391 959 2470 ἐπίταγμα
990 2392 1454 2470 πεπληρωμένον,
1488 2388 1634 2464 ἅναξ.

2018 2396 2297 2453 Mandata
2325 2397 2454 2456 tua,
2488 2408 2609 2462 rex,
2638 2389 3237 2463 explicavimus.Ecce
3273 2388 3429 2447 enim
3462 2406 3600 2449 can-

178 2481 330 2542 Ἰδοὺ
359 2483 463 2559 γάρ
491 2482 652 2547 τέλος
680 2480 873 2558 εἴληφε
902 2483 966 2538 τὸ
996 2487 1103 2538 τῶν
1134 2481 1387 2555 ᾀσμάτων
1411 2484 1618 2556 ᾊσμα,

1996 2502 2204 2543 corum
2230 2482 2542 2540 Canticum
2566 2481 2639 2536 ad
2670 2479 3023 2536 umbilicum
3049 2478 3512 2551 pervenit.0uod
3532 2478 3604 2550 si,

179 2570 345 2631 Ἀλλ’
373 2571 599 2649 ἐρωτᾷς,
635 2569 679 2627 ὦ
711 2570 983 2649 κράτιστε,
1016 2572 1107 2627 καὶ
1157 2569 1327 2627 πλέον
1361 2569 1652 2649 φιλολόγε,

1995 2578 2233 2648 rinceps
2278 2572 2499 2646 optime
2549 2570 2821 2641 idemque
2879 2567 3343 2642 sapientissime,
3375 2583 3603 2639 quaeras

180 2665 289 2721 Καὶ
322 2662 374 2718 τί
404 2663 468 2718 τὸ
500 2660 864 2737 συναγόμενον
891 2661 944 2717 ἐν
976 2663 1186 2737 καθαρᾷ
1212 2661 1491 2738 τυγχάνει,

1997 2666 2241 2723 uiduam
2269 2663 2328 2719 in
2352 2677 2591 2719 summa
2621 2676 2690 2716 ex
2711 2659 2893 2729 hujus
2923 2656 3254 2731 prophetici
3282 2656 3605 2715 voluminis

186 2753 287 2809 Ἐκ
332 2751 534 2822 ταύτης
562 2758 664 2820 τῆς
691 2757 1043 2829 προφητικῆς
1072 2749 1492 2829 ᾆσματογρσφου
1528 2745 1749 2826 βίϐλου.

1997 2754 2208 2812 uritate
2237 2751 2551 2823 colligatur
2579 2768 2597 2808 :
2629 2747 2968 2806 Mortalium
2998 2751 3272 2804 naturam
3301 2746 3443 2803 olim
3465 2763 3605 2820 pro-

178 2844 365 2899 ’Δπαν
394 2841 458 2897 τὸ
488 2840 848 2917 συναγόμενον
878 2846 1039 2897 τοῦτο
1062 2840 1320 2919 τυγχάνει
1356 2840 1541 2915 μόνον,

1999 2859 2182 2917 ipsam
2236 2845 2295 2897 et
2342 2839 2760 2905 errabundam,
2818 2836 3071 2894 Verbum
3125 2853 3160 2892 ιι
3241 2852 3359 2909 quo
3415 2836 3607 2895 fuerat

180 2932 314 2990 Ὀτι
343 2931 442 3000 τὴν
472 2930 627 3009 φύσιν
658 2934 765 2986 τῶν
797 2931 1008 3007 βροτῶν
1038 2932 1138 3000 τὴν
1168 2930 1499 2986 ἐκπεσοῦσαν
1530 2929 1703 2986 πάλαι

1998 2934 2216 3000 ondita,
2255 2929 2627 3003 perquisivit,
2664 2928 3084 2998 inventamque
3134 2929 3310 2997 atque
3339 2925 3606 2982 humeris

180 3021 248 3079 Ὁ
282 3020 459 3097 Λόγος
486 3020 813 3092 ἀνεζήτησεν
848 3021 876 3075 ὁ
903 3020 1106 3092 ταύτην
1138 3019 1615 3098 πλαστουργήσας.

1996 3023 2081 3080 uis
2111 3020 2450 3094 impositam
2486 3018 2765 3074 Dominus
2795 3017 2856 3073 in
2913 3016 3127 3072 oculum
3173 3014 3441 3085 sustulit,
3495 3015 3604 3071 Pa-

180 3108 382 3184 Βὸρὼν
416 3106 475 3164 δὲ
500 3108 723 3180 ταύτην,
753 3110 841 3165 καὶ
876 3104 1060 3165 Λαϐὼν
1095 3108 1179 3165 ἐπ’
1210 3108 1379 3184 ὤμων
1411 3110 1439 3165 ὁ
1471 3108 1771 3180 Δεσπότης,

1998 3114 2149 3186 rique
2177 3109 2411 3180 obtulit,
2452 3112 2629 3179 atque
2687 3106 2913 3179 angelis
2941 3104 3352 3163 sublimiorem
3409 3103 3606 3162 decla-

181 3199 287 3261 Εἷς
318 3198 581 3275 οὐρανοὺς
604 3198 856 3276 ἀνήγαγε,
887 3198 979 3255 καὶ
1008 3204 1087 3272 τῷ
1116 3200 1288 3275 Πατρὶ
1327 3201 1592 3276 παρέσχε,

1998 3202 2123 3259 ivit.
2148 3201 2311 3267 Quod
2326 3198 2543 3272 spiritu
2572 3196 2913 3271 prophetico
2926 3194 3296 3268 prospiciens
3310 3193 3606 3262 Salomon,

182 3288 287 3344 Καὶ
321 3291 429 3342 τῶν
460 3286 707 3362 ἀγγέλων
737 3284 904 3359 ἔδειξε
933 3286 1133 3359 ταύτην
1165 3285 1529 3364 ὑψηλοτέραν.
1666 3330 1669 3333 -

1998 3309 2083 3349 em
2113 3291 2275 3348 vario
2334 3294 2392 3345 et
2439 3286 2756 3360 multiplici
2813 3285 3075 3344 carmine
3121 3289 3209 3342 est
3240 3287 3606 3357 persecutus.

179 3380 361 3452 Ὅπερ
391 3378 662 3453 προγνοὺς
688 3375 960 3450 Σολομὼν
992 3376 1257 3451 πνεύματι
1288 3376 1649 3456 προφητείας,

1999 3387 2075 3439 [οε
2118 3397 2251 3437 vero
2303 3379 2474 3451 jussa
2514 3381 2641 3446 tua,
2682 3374 3091 3449 stephephore,
3149 3390 3456 3447 capessam
3509 3390 3607 3430 cu-

186 3463 472 3527 Ποικίλως
503 3465 869 3543 συνεγράψατο
898 3466 988 3522 καὶ
1017 3464 1388 3529 πολυπλόκως
1417 3465 1563 3523 τάδε.

2001 3471 2280 3537 ientes,ut
2307 3466 2552 3540 imperio
2583 3465 2834 3536 subjecti
2852 3468 2977 3532 tuo,
3002 3464 3159 3520 idem
3191 3467 3609 3536 argumentum

197 3557 379 3629 Ημεῖς
413 3552 471 3611 δὶ
496 3556 560 3610 τὸ
590 3553 863 3632 ἐπίταγμα
891 3556 955 3611 τὸ
987 3556 1101 3628 σὸν,
1135 3558 1180 3611 ὧ
1211 3557 1518 3635 στεφηφόρε

2002 3576 2065 3616 ro
2095 3558 2247 3614 virili
2299 3562 2500 3614 nostra
2560 3554 2831 3611 civilibus
2877 3553 3148 3609 versibus
3203 3552 3608 3625 exposuimus.

190 3640 632 3720 Ἀποπληρῶσαι
664 3643 935 3713 θέλοντες,
968 3645 1043 3707 ὡς
1075 3642 1268 3699 δοῦλοι
1300 3646 1396 3699 τοῦ
1427 3650 1523 3701 σοῦ
1552 3646 1798 3721 κράτους1

2001 3649 2125 3704 »υοᾶ
2158 3648 2209 3704 si
2244 3647 2389 3703 forte
2418 3663 2453 3701 a
2482 3643 2745 3701 veritatis
2774 3643 3012 3699 tramite
3057 3641 3273 3697 alicubi
3304 3639 3609 3697 deﬂexeri-

198 3730 525 3795 Πολιτικοῖς
560 3732 866 3811 ἰφράσαμεν
897 3734 972 3796 ὡς
1006 3730 1227 3789 δυνατὸν
1261 3733 1313 3789 έν
1347 3734 1558 3810 στίχοις

2001 3754 2122 3807 ωε,
2157 3737 2216 3792 id
2246 3736 2462 3792 mirum
2494 3740 2595 3789 aut
2626 3748 2841 3788 novum
2873 3730 3119 3787 memini
3176 3729 3358 3786 videri
3415 3728 3609 3785 debet.

194 3824 318 3892 Τὴν
350 3826 459 3877 τῶν
486 3823 777 3898 ²ᾼσμάτων
812 3819 1063 3896 δύναμιν,
1095 3822 1348 3900 ἐξήγησιν
1381 3823 1470 3878 καὶ
1501 3828 1725 3899 γνῶσιν.

2001 3827 2240 3885 [ostrum
2266 3826 2423 3883 enim
2456 3830 2579 3882 erat
2605 3823 2964 3896 provinciam
2983 3821 3136 3878 hanc
3158 3837 3271 3877 non
3303 3819 3609 3891 attingere.

192 3911 267 3969 Ei
301 3909 350 3967 δ’
372 3909 513 3975 ἵσως
544 3910 975 3989 παρεσφάλημεν
1004 3913 1095 3968 καί
1121 3935 1174 3969 τι
1207 3900 1305 3982 τῖς
1337 3912 1617 3985 ἀληθείας,

2001 3924 2109 3975 Lum
2153 3917 2310 3974 enim
2368 3916 2466 3973 hic
2521 3916 2673 3972 liber
2728 3912 2939 3987 spiritu
2990 3916 3151 3968 totus
3207 3911 3455 3966 refertus
3512 3906 3609 3978 sit,

195 3998 275 4056 οὗ
308 3999 476 4073 ξένον,
509 3998 634 4057 οὕτε
664 3987 993 4075 θαυμαστῦν,
1026 4000 1155 4058 οὐδὲ
1183 4004 1364 4058 καινὸν
1396 4005 1675 4080 τυγχάνει.

2008 4024 2081 4064 on
2141 4009 2315 4064 debet
2360 4005 2475 4062 nisi
2544 4006 2617 4061 ab
2668 4004 2741 4060 iis
2807 4002 2910 4074 qui
2981 4001 3185 4057 eodem
3240 3997 3396 4072 pleni
3474 3999 3614 4053 sunt

192 4092 412 4168 Ἐχρῆν
447 4093 545 4165 μὶν
574 4091 675 4168 γὰρ
711 4090 843 4166 μηδ’
872 4094 1120 4149 ὁπωσοῦν
1152 4092 1501 4171 ἐπιχειρῆσαι
1532 4094 1749 4167 τοόνου,

2006 4096 2202 4170 piritu,
2284 4095 2548 4166 tractari,
2632 4093 2872 4158 Verum,
2981 4090 3218 4163 quando
3272 4088 3280 4096 ’
3328 4087 3388 4143 id
3483 4085 3614 4142 ausi

193 4182 318 4251 Τήν
354 4176 552 4257 βίϐλον
579 4182 679 4251 τὴν
712 4184 1083 4256 πνευματικὴν
1117 4182 1264 4247 ὅλως
1295 4182 1713 4262 ἐφερμηνεῦσαν

2007 4204 2201 4253 umus,
2231 4187 2388 4243 Deus
2424 4184 2799 4258 omnipotens
2837 4180 3109 4238 Christus
3164 4178 3311 4235 mihi
3368 4177 3467 4234 det
3518 4189 3615 4231 ve-

190 4274 372 4326 T0510
397 4271 499 4348 γὰρ
530 4276 648 4334 τοῖς
682 4276 1074 4345 πνευματικοῖς
1107 4271 1251 4336 εἰκός
1283 4272 1393 4328 ἐστι
1423 4274 1512 4328 καὶ
1540 4275 1751 4346 μόνοις,
1968 4276 2148 4334 niam.

187 4361 269 4416 Τὸ
296 4361 368 4415 τὰ
408 4362 508 4416 τοῦ
556 4360 877 4436 Ηνεόματος
927 4360 1118 4419 λαλεῖν
1169 4364 1258 4419 καὶ
1292 4365 1509 4442 φράζειν
1560 4363 1649 4419 καὶ
1709 4360 1860 4418 διδά-

1668 4454 1859 4529 [σχειν.

204 4541 348 4600 Επεὶ
380 4536 441 4595 δὶ
468 4543 631 4596 τοῦτο
663 4540 858 4618 γέγονε
884 4540 975 4597 καὶ
1007 4542 1134 4618 παρ’
1162 4542 1324 4616 ἡμῶν
1355 4541 1414 4598 ἰκ
1440 4540 1681 4617 τόλμης,

203 4634 249 4684 ο
283 4627 680 4707 παντοκράτωρ
714 4650 819 4705 μου
846 4630 1075 4704 Χριστὸς
1097 4630 1270 4708 ἰχεως
1299 4628 1514 4708 γένοιτό
1547 4654 1667 4706 μοι.
1890 4628 1937 4693 Ι)

778 4795 894 4847 Τῶν
929 4793 977 4868 γ’
1013 4793 1267 4867 Πατέρων
1278 4837 1291 4851 .

2540 4784 2726 4839 Trium
2752 4783 3010 4837 Patrum.

272 4914 577 4986 Ἑξήκοντά
690 4913 794 4971 εἷσι
912 4915 1226 4993 βασίλισσαι
1336 4917 1425 4972 καὶ
1520 4914 1864 4993 ὀγδοήκοντα

2044 4911 2353 4983 Sexaginta
2393 4916 2524 4965 sunt
2571 4908 2803 4979 regina,
2860 4909 2914 4962 et
2967 4904 3247 4974 octoginta
3300 4899 3622 4993 concubinae

197 5000 491 5060 παλλακαὶ
568 5004 659 5059 καὶ
736 4988 972 5068 νεάνιδες
1051 5008 1122 5060 ὧν
1206 5006 1304 5061 οὐκ
1386 5001 1526 5062 ἔστιν
1567 4988 1805 5081 ’ἀριθμό

2013 4999 2475 5061 ladolescentula’.
2506 5013 2746 5071 quorum
2784 5011 2895 5051 non
2951 5002 3029 5050 est
3085 5005 3367 5047 numerus.
3398 4988 3621 5089 Animis

196 5091 403 5169 ἤγουν,
460 5091 521 5147 αἶ’
575 5114 635 5149 τε
694 5096 770 5167 μὴ
804 5089 962 5170 φόϐῳ
991 5099 1099 5150 τῶν
1131 5093 1525 5167 ἠπειλημένων
1564 5079 1804 5151 κολάσεω

2013 5094 2220 5161 silicet,
2254 5107 2384 5162 quas
2419 5104 2533 5143 non
2566 5083 2992 5157 suppliciorum
3020 5084 3200 5146 metu,
3233 5079 3334 5135 sed
3368 5079 3621 5151 promis-

202 5168 359 5237 ἀλλὰ
388 5180 546 5254 πόθῳ
573 5186 671 5237 105
698 5168 1117 5260 κληρονομῆσαι
1174 5185 1275 5254 τήν
1324 5182 1739 5260 ἐπηγγελμένην
1770 5207 1810 5240 τι

2018 5200 2110 5239 um
2138 5181 2239 5237 Dei
2270 5194 2518 5252 regnum
2552 5172 2905 5246 assequendi
2945 5168 3257 5235 desiderio,
3316 5184 3419 5241 per
3448 5168 3626 5222 ratio-

201 5274 344 5329 Θεοῦ
427 5270 704 5344 βασιλείαν
783 5271 1263 5343 ἱξαπλασιάζουσαι
1334 5275 1505 5353 ψυχαὶ
1576 5276 1672 5339 τὰς
1742 5272 1809 5329 δέῑ

2023 5288 2113 5328 em
2156 5271 2423 5341 quinque
2478 5264 2756 5321 sensibus
2814 5261 3226 5334 imperantem,
3287 5262 3464 5329 atque
3512 5269 3631 5310 una

203 5358 456 5433 ἰντολὰς,
491 5360 627 5416 κατὰ
654 5359 816 5439 λόγον
852 5362 1239 5419 έπιστατοῦντα
1297 5369 1415 5427 ταῖς
1436 5348 1449 5353 Ἴ
1476 5365 1634 5419 πέντε
1680 5364 1811 5418 αἷσθ·

2022 5377 2114 5417 um
2147 5358 2264 5414 illis
2297 5356 2596 5412 senarium
2631 5366 2943 5408 numerum
2974 5348 3404 5413 conficientem,
3440 5348 3630 5401 sexies

207 5469 378 5519 σεσιν,
444 5449 536 5504 καὶ
595 5451 710 5525 ἅμα
766 5451 989 5517 ταύταις
1032 5450 1353 5530 πληροῦντα
1405 5453 1498 5509 τὸν
1531 5450 1582 5527 ’ἐξ
1615 5453 1814 5529 ἀριθμό

2026 5448 2290 5522 uplicant
2318 5447 2521 5501 decem
2554 5444 2861 5515 praecepta.
2904 5436 3127 5537 Anime:
3158 5435 3297 5491 item
3337 5433 3474 5537 illa),
3507 5447 3630 5504 qua

208 5538 534 5594 uicinas-1’
587 5524 878 5615 ἐπιθυμίαν
914 5542 1009 5617 μὶν
1062 5524 1166 5615 τῷ.
1197 5547 1421 5620 πονηρῷ
1479 5524 1811 5617 συμπλεκόμ

2024 5537 2304 5613 upiditate
2333 5534 2570 5607 quidem
2603 5533 2673 5587 ad
2703 5529 2923 5586 malum
2954 5524 3265 5623 inclinant,
3298 5524 3400 5580 sed
3432 5537 3632 5623 βωτια-

208 5650 321 5698 ναι,
380 5627 523 5684 κατὰ
582 5611 835 5709 φόϐοντδὶ
863 5611 971 5687 τῶν
1004 5611 1404 5706 ἠπειλημίνῶν-
1421 5611 1725 5706 κολάσεων,
1753 5611 1816 5688 άκ

2024 5611 2117 5685 um
2149 5622 2712 5684 comminationibus
2769 5618 2987 5676 territa:
3027 5617 3099 5673 ad
3157 5614 3298 5672 vitia
3354 5611 3632 5688 operibus

210 5738 378 5791 νητοι
425 5719 543 5774 κατ’
592 5717 861 5798 ἐνέργειαν
907 5722 1043 5797 πρὸς
1070 5720 1138 5778 τὰ
1164 5721 1308 5793 πάθη
1346 5724 1623 5796 μένουσαι.
1682 5725 1743 5782 ⁸0
1769 5724 1818 5800 γέ

2025 5718 2286 5793 nplenda
2359 5716 2615 5773 immotae
2677 5713 2939 5769 manent.
3006 5712 3157 5767 Nam
3222 5711 3633 5780 octogenarius
