4072 6346
465 397 583 458 663

1808 395 2234 473 MICIIAELIS
2283 398 2553 457 PSELLl

3757 393 3886 455 664

467 546 753 589 numerus
786 527 1339 594 immobilitatem,si
1370 544 1473 601 per
1494 508 1764 602 seipsum
1796 530 2109 600 spectetur,

2236 525 2566 603 ὀγδοήκοντα
2623 526 2856 603 ἀριθμὸς
2912 524 3191 597 ἀκινησίαν
3246 526 3364 590 καθ’
3408 525 3593 580 ἑαυτὸν
3642 524 3885 598 θεωρού-

471 622 766 690 ostendit;
798 618 1234 691 septuagenarii
1268 623 1461 673 autem
1507 619 1738 673 numeri
1795 618 1892 688 qni
1926 618 2117 690 impar

470 717 583 781 est,
622 716 847 766 motum
882 707 1256 778 amplectitur
1280 727 1295 779 ;
1317 713 1375 763 et
1404 708 1615 763 animae
1646 713 1965 779 postremo,
1989 725 2116 779 quas

472 802 668 859 adhuc
698 799 756 853 in
782 799 895 853 ﬁde
928 802 1068 854 sunt
1099 798 1276 853 rudes
1299 802 1355 853 et
1386 797 1857 865 adolescunt,sed
1876 798 1946 851 ad
1964 813 2115 852 men-

472 906 660 946 suram
689 890 877 945 aetatis
900 887 1261 959 plenitudinis
1323 888 1528 943 Christi
1556 889 1620 956 ⁸9,
1654 888 1915 942 nondum
1941 887 2114 958 justi-

472 980 566 1036 tiie
597 978 874 1051 operibus
912 978 1207 1032 mundata:
1258 981 1433 1049 atque
1474 976 1778 1032 illustratze
1835 992 2117 1050 perveno~

475 1071 642 1124 runt:
699 1070 755 1121 et
786 1066 927 1138 quia
961 1069 1250 1120 mortuam
1285 1065 1475 1120 adhuc
1508 1066 1565 1119 in
1601 1082 1662 1121 se
1686 1066 1856 1120 ﬁdem
1883 1068 2115 1136 gerunt,

475 1158 736 1213 nondum
768 1156 839 1211 ad
863 1172 1064 1210 earum
1089 1171 1217 1225 quae
1235 1154 1538 1209 salvantur
1554 1156 1787 1210 ordines
1812 1155 2117 1209 ascribun-

474 1250 593 1303 tur.
629 1247 705 1300 Ex
735 1244 1010 1301 omnibus
1042 1249 1235 1299 autem
1267 1244 1575 1300 ordinibus
1602 1262 1747 1315 quos
1771 1259 2122 1300 commemo-

480 1336 758 1403 ravimus,
802 1352 915 1390 una
977 1338 1067 1389 est
1112 1334 1381 1389 columba
1438 1334 1693 1406 perfecta
1749 1333 1918 1389 matri
1978 1350 2119 1400 suae,

480 1426 665 1482 electa
694 1423 967 1497 genitrici
999 1441 1137 1479 suae.
1172 1428 1309 1490 Quae
1339 1424 1619 1480 nimirum
1664 1429 1974 1495 postquam
2007 1422 2121 1477 Deo

481 1514 819 1583 credidit,et
846 1530 1152 1585 poenarum
1196 1513 1507 1569 formidine
1532 1519 1779 1586 purgata
1800 1517 1911 1579 est,
1934 1517 1989 1567 et
2021 1527 2121 1582 spe

480 1603 937 1677 promissionum
955 1602 1572 1671 illustrata,charitatis
1587 1602 1889 1657 affectione
1902 1602 2119 1655 bonum

482 1693 621 1749 colit
654 1714 666 1762 ;
700 1696 755 1747 et
781 1691 939 1747 nulla
987 1691 1101 1746 alia
1149 1693 1217 1747 de
1251 1709 1452 1758 causa,
1488 1692 1588 1746 sed
1642 1691 1831 1761 ipsum
1886 1695 2125 1762 propter

485 1799 569 1851 se,
604 1786 667 1838 ut
698 1787 907 1837 natura
938 1782 1153 1836 bonum
1188 1781 1635 1853 complectitur:
1670 1781 1789 1836 haec
1820 1779 1973 1835 enim
2008 1795 2126 1834 una

487 1872 746 1944 profecto
779 1876 884 1941 est,
931 1875 1128 1943 utpote
1178 1888 1280 1943 per
1338 1870 1700 1925 divinitatem
1752 1870 1853 1924 uni
1909 1873 1966 1925 et
2017 1868 2123 1924 soli
2159 1909 2204 1974 Β

487 1967 602 2019 Deo
633 1961 964 2032 conjuncta,
989 1965 1045 2015 et
1075 1961 1227 2032 apud
1260 1960 1455 2032 ipsum
1488 1959 1811 2016 immobilis
1834 1975 2077 2015 manens
2109 1976 2123 2027 ;

485 2051 759 2108 columba
788 2055 1009 2116 autem,
1045 2055 1105 2105 ut
1136 2049 1416 2121 spiritalis
1450 2055 1625 2120 atque
1682 2049 1955 2121 perfecta,
1990 2063 2123 2103 cum

483 2140 752 2197 omnium
785 2138 1075 2194 etfectrice
1107 2138 1394 2209 sapientia
1424 2154 1526 2210 per
1555 2138 1818 2210 amplum
1840 2138 2124 2193 virtutum

480 2230 707 2286 cultum
740 2229 1053 2298 conjuncta
1086 2244 1100 2295 ;
1134 2232 1306 2297 atque
1338 2228 1397 2282 in
1432 2227 1561 2299 ipsa
1592 2245 1695 2300 per
1753 2228 2124 2300 singularum

477 2318 766 2374 virtutum
800 2317 1025 2371 fructus
1059 2316 1592 2389 progrediensQua
1622 2316 1858 2382 quidem
1888 2316 2124 2387 sapien—

474 2406 557 2462 tia
588 2406 658 2460 ab
691 2404 919 2461 ancillis
950 2408 1006 2460 et
1040 2405 1414 2460 mercenariis
1445 2405 1807 2472 eximitur,ct
1841 2406 1899 2461 in
1944 2404 2123 2459 filiam

477 2497 755 2567 adoptata
813 2500 987 2566 atque
1045 2495 1227 2551 electa
1302 2495 1666 2551 divinitatem
1721 2514 1823 2569 per
1877 2496 2122 2567 gratiam

479 2584 849 2658 adipiscitur.
905 2584 1163 2639 Viderunt
1222 2585 1378 2639 illam
1437 2586 1593 2655 ﬁliae,
1650 2590 1701 2641 et
1753 2586 2123 2641 beatissimam

475 2673 860 2748 prc'edicabunt
886 2689 1005 2729 eam
1035 2694 1055 2741 ;
1087 2676 1289 2745 reginae
1332 2679 1382 2729 et
1430 2675 1756 2731 concubina:
1816 2675 2125 2731 laudabunt

481 2780 623 2822 eam.
660 2764 840 2819 Recta
869 2766 925 2817 et
977 2762 1255 2834 praeclara
1286 2763 1449 2819 illius
1480 2764 1631 2819 facta
1661 2765 1863 2820 fideles
1892 2769 2125 2820 tantum

480 2854 610 2924 ejus
642 2850 946 2924 discipulae
968 2868 1114 2923 quas
1153 2852 1211 2906 in
1246 2852 1473 2907 lavacro
1519 2854 1971 2925 regenerationis
1998 2853 2127 2925 ipsa

482 2941 705 3016 genuit,
734 2944 977 3013 expertae
1010 2945 1171 3011 sunt,
1203 2946 1259 2997 et
1289 2941 1410 2996 solo
1449 2942 1618 2997 verbo
1652 2942 1907 2997 divinam
1942 2943 2123 3013 ipsam

480 3032 889 3105 prmdicabunt
914 3050 927 3099 ;
955 3048 1081 3103 quae
1110 3031 1567 3102 autemjustitize
1601 3032 1877 3103 Operibus
1908 3031 2126 3087 illumi-

479 3126 629 3177 natte
662 3137 907 3193 regnum
944 3122 1038 3175 Dei
1091 3125 1559 3194 consequuntur,
1618 3138 1861 3193 quaeque
1898 3121 2125 3193 suppli-

479 3212 704 3268 ciorum
742 3210 949 3266 timore
983 3228 1013 3265 a
1047 3211 1221 3267 variis
1281 3212 1536 3282 peccatis
1584 3212 1903 3277 abstinent,
1934 3211 2121 3283 ipsam

479 3298 657 3353 etiam
690 3298 969 3369 operibus
1006 3297 1446 3353 collaudabunt.

1062 3425 1247 3479 Trium
1278 3429 1530 3480 Patrum.

544 3530 1026 3601 Quandoquidem
1077 3531 1259 3601 gloria
1342 3533 1641 3605 magistre
1723 3538 1814 3588 est
1861 3534 2124 3604 discipu-

471 3618 663 3675 larum
696 3618 1051 3675 illuminatio
1101 3626 1157 3674 et
1190 3622 1480 3693 purgatio,
1540 3623 1612 3678 de
1652 3639 1770 3694 qua
1826 3624 1999 3678 etiam
2034 3624 2124 3677 di-

478 3724 544 3763 ou
556 3711 619 3791 ηρ
640 3726 653 3762 :

552 3798 683 3864 Quae
712 3806 791 3852 est
821 3800 927 3852 ista
955 3814 1072 3869 qua:
1090 3800 1445 3869 progreditur
1475 3802 1636 3870 quasi
1661 3817 1865 3856 aurora
1890 3818 2127 3855 consur-

475 3901 629 3957 gens,
652 3887 891 3955 pulchra
913 3894 972 3942 ut
1003 3887 1161 3958 (una,
1194 3890 1366 3944 electa
1395 3893 1456 3943 ut
1486 3889 1864 3953 sol,terribilis
1894 3896 1953 3944 ut
1983 3893 2127 3945 acies

477 3976 758 4032 ordinatae
783 3980 808 4028 γ

549 4067 694 4119 Vere
724 4064 1073 4120 admiranda
1103 4072 1193 4121 est
1224 4066 1507 4137 magistra
1540 4074 1759 4123 nostra.
1780 4069 1923 4124 Nam
1949 4069 2123 4123 disci-

474 4152 631 4222 pulis
663 4152 789 4207 suis
811 4168 937 4223 qua:
972 4171 1072 4222 per
1102 4157 1508 4226 purgationem
1542 4175 1573 4210 a
1603 4158 2127 4228 tenebrarumope-

473 4240 637 4295 ribus
658 4245 1158 4304 recesserunt,sed
1178 4260 1280 4314 per
1299 4246 1652 4315 cognitionis
1677 4246 2123 4303 illustrationem

473 4330 736 4383 nondum
771 4331 1108 4398 adjustitiaa
1140 4348 1319 4401 opera
1342 4341 1754 4404 pervenerunt,
1785 4341 1849 4389 ut
1878 4337 2125 4391 docendi

472 4418 621 4472 ratio
654 4419 921 4489 requirit,
954 4437 1084 4476 sese
1126 4423 1553 4485 accommodat,
1588 4440 1652 4478 ac
1712 4426 1927 4493 praebet
1958 4425 2124 4495 quasi

471 4504 662 4561 lucem
696 4507 1147 4577 matutinam,ea
1176 4510 1372 4566 celans
1396 4514 1671 4583 mysteria
1702 4529 1828 4577 quae
1861 4515 2121 4569 nondum

471 4595 688 4697 valent.
720 4598 1216 4705 comprehendere
1247 4620 1261 4667 ;
1294 4606 1470 4671 atque
1501 4601 1601 4655 illa
1634 4603 1873 4658 tradens
1904 4604 2121 4674 quibus
2160 4641 2201 4705 Β

474 4684 866 4756 percipiendis
898 4695 1037 4743 sunt
1069 4690 1309 4755 idonea),
1347 4692 1799 4763 futurarumque
1822 4710 2122 4764 poenarum

474 4774 652 4829 minis
677 4791 776 4831 eas
838 4778 905 4831 ad
943 4778 1112 4833 finem
1160 4784 1336 4841 atque
1379 4781 1773 4837 obedientiam
1800 4783 2119 4838 adducens.

471 4862 595 4919 Illis
610 4880 741 4921 vero
760 4882 886 4937 quae
902 4884 1031 4921 cum
1057 4869 1318 4923 veritatis
1336 4871 2120 4943 crediderintpraedicationi,

470 4967 503 5007 a
553 4953 790 5010 malitia;
851 4961 1047 5011 tamen
1099 4959 1374 5028 operibus
1434 4961 1808 5015 tenebrarum
1858 4964 2119 5017 nondum

464 5050 599 5096 sunt
631 5050 912 5115 purgatae,
950 5046 1027 5099 ita
1051 5061 1113 5101 se
1145 5048 1379 5102 exhibet
1410 5049 1644 5113 bonam,
1682 5055 1744 5103 ut
1769 5051 2120 5121 pmnitentiae

465 5129 782 5202 disciplina
808 5135 977 5203 quasi
998 5134 1146 5188 lunae
1162 5138 1479 5205 quamdam
1497 5137 1685 5192 lucem
1706 5140 2117 5210 suppeditans,

464 5216 811 5288 ignorantia
836 5227 1064 5276 noctem
1088 5224 1159 5277 ab
1174 5226 1258 5279 eis
1275 5225 1535 5295 repellat.
1562 5232 1630 5281 At
1648 5244 1779 5281 cum
1807 5229 2118 5283 animabus

466 5304 585 5361 illis
617 5324 744 5377 quae
779 5310 990 5365 virtute
1023 5312 1278 5380 praeditas
1338 5318 1619 5383 tanquam
1669 5317 1726 5370 in
1779 5316 1871 5371 die
1912 5318 2117 5371 decore

464 5394 790 5461 ambulant,
824 5413 886 5452 se
931 5400 1172 5453 electam
1224 5402 1373 5471 gerit
1422 5405 1639 5474 (qualis
1698 5412 1788 5461 est
1843 5405 1952 5469 sol,
2016 5406 2115 5476 qui

460 5486 587 5537 tum
616 5484 1010 5555 amplitudine
1043 5494 1166 5542 tum
1222 5490 1533 5561 splendore
1592 5495 1814 5549 caeteris
1864 5495 1987 5549 σα)ὶὶ
2023 5493 2112 5548 lu-

461 5572 723 5629 minibus
751 5576 1085 5646 antecellit),
1119 5583 1176 5633 et
1207 5595 1353 5636 verte
1383 5581 1733 5653 cognitionis
1764 5582 1955 5639 lucem
1974 5585 2114 5639 sub-

530 5722 807 5795 ”Ephes.
844 5744 917 5799 ιν,
954 5729 1039 5783 13.

2230 639 2388 691 μενος
2422 615 2607 687 δηλοῖ,
2656 615 3001 694 περιγράφων
3053 620 3150 671 τοῦ
3199 608 3578 689 ἐϐδομήκοντα
3642 615 3887 690 ἀριθμοῦ

2226 711 2482 782 περιττοῦ
2516 703 2670 768 ὄντος
2700 707 2802 775 τήν
2853 706 3081 776 κίνησιν·
3134 706 3222 759 καὶ
3272 706 3327 759 αἱ
3367 705 3504 759 κατὰ
3548 705 3648 772 τὴν
3700 704 3885 759 πίστιν

2227 795 2304 851 ἔτι
2336 798 2617 866 νεάζουσαι
2652 796 2740 850 καὶ
2793 796 2868 868 μή
2911 794 2987 857 είς
3053 796 3246 870 μέτρον
3300 792 3523 863 ἡλικίας
3578 798 3674 848 τοῦ
3728 793 3889 860 πλη-

2230 886 2483 963 ρώματος
2559 891 2655 941 τοῦ
2725 888 2965 961 Χριστοῦ
3046 882 3133 938 διὰ
3200 882 3573 957 καθαρότητός
3648 905 3706 938 τε
3794 884 3884 937 καὶ

2230 980 2517 1052 φωτισμοῦ
2577 974 2749 1049 ἔργων
2810 972 3158 1045 δικαιοσύνης
3211 973 3498 1051 φθάσασαι,
3558 974 3645 1027 καὶ
3680 970 3771 1026 διὰ
3826 972 3891 1026 τὸ

2230 1065 2417 1141 νεκρὰν
2479 1060 2556 1119 ἔτι
2613 1065 2710 1133 τὴν
2766 1064 2947 1118 πίστιν
3004 1063 3054 1117 ἐν
3110 1064 3322 1123 ἑαυταῖς
3375 1061 3705 1138 περιφίρειν,
3766 1067 3892 1121 ταῖς

2229 1156 2567 1229 σωζομέναις
2648 1156 2825 1227 τάξεσι
2917 1152 3110 1227 μηκέτι
3197 1150 3709 1225 συναριθμούμεναι.
3798 1152 3893 1206 Ἐκ

2229 1250 2414 1300 πασῶν
2478 1244 2535 1300 δὲ
2591 1249 2700 1299 τῶν
2735 1242 3037 1319 λεχθεισῶν
3066 1242 3265 1313 τάξεων
3303 1242 3399 1316 μία
3455 1240 3565 1295 ἰστῖ
3596 1241 3893 1316 περιστερὰ

2228 1334 2410 1391 τελεία
2467 1338 2534 1409 τῇ
2596 1332 2762 1406 μητρῖ
2823 1331 3012 1402 αὐτῆς,
3068 1329 3293 1401 ἑκλεκτή
3356 1330 3469 1385 ἐστι
3516 1333 3584 1403 τῇ
3652 1328 3889 1404 τεκούσῃ

2233 1426 2423 1495 αὐτην·
2484 1422 2676 1500 ἤγουν,
2735 1424 2769 1491 ἡ
2807 1421 2939 1495 μετὰ
2968 1422 3029 1475 τὸ
3080 1424 3360 1475 πιστεῦσαι
3406 1423 3539 1490 Θεῷ,
3582 1418 3672 1473 καὶ
3733 1413 3894 1492 φόϐῳ

2236 1516 2331 1588 μὶν
2360 1518 2467 1569 τῶν
2500 1510 2741 1567 ἀπειλῶν
2794 1512 3148 1586 καθαρθῆναι,
3210 1506 3396 1565 ἐλπίδι
3441 1506 3499 1563 δὲ
3542 1513 3651 1563 τῶν
3714 1507 3893 1583 ἔπαγε

2232 1603 2824 1681 γελιῶνιρωτισοῆναι,
2882 1601 3233 1675 ἀγαπητικῶς
3284 1596 3585 1662 διατεθεῖσα
3642 1598 3767 1672 περὶ
3830 1596 3895 1651 τὸ

2235 1694 2458 1769 ἀγαθὸν,
2503 1691 2590 1746 καὶ
2646 1692 2722 1764 μή
2757 1687 2826 1744 δι’
2854 1685 3035 1764 ἕτερόν
3084 1711 3138 1743 τι
3164 1693 3395 1742 ποιοῦσα
3427 1688 3583 1760 αὐτὸ,
3642 1685 3791 1742 ἀλλὰ
3825 1684 3898 1742 δι’

2233 1782 2385 1852 αὐτὸ,
2446 1782 2521 1843 ὡς
2580 1780 2734 1857 φύσει
2780 1776 2970 1834 καλύνο
3022 1777 3167 1849 Αὕτη
3203 1777 3305 1854 γὰρ
3342 1776 3441 1850 μία
3475 1777 3569 1849 μὲν
3602 1775 3767 1846 ἐστιν,
3822 1777 3899 1835 ὡς

2233 1873 2370 1927 κατὰ
2414 1869 2603 1935 θέωσιν
2664 1868 2921 1933 ἐνωθεῖσα
2973 1872 3053 1939 τῷ
3105 1866 3181 1921 ἑνὶ
3240 1866 3329 1921 καὶ
3391 1866 3542 1939 μόνῳ
3603 1869 3740 1936 Θεῷ,
3800 1864 3901 1919 καὶ

2234 1962 2362 2037 παρ’
2430 1961 2580 2032 αύτῷ
2647 1958 2901 2028 ἀκίνητος
2967 1955 3220 2030 μένουσα.
3299 1956 3597 2029 Περιστερὰ
3665 1952 3744 2022 δὲ,
3817 1954 3907 2015 ὡς

2234 2049 2574 2123 πνευματικὴ
2606 2048 2696 2103 καὶ
2725 2046 2909 2103 τελεία
2938 2049 3006 2120 τῇ
3066 2045 3353 2116 πανταιτίᾳ
3382 2044 3567 2122 σοφίᾳ,
3625 2044 3701 2105 ὡς
3757 2044 3906 2118 πρὸς

2232 2141 2432 2211 ταύτην
2492 2142 2823 2202 ἀνατατικῶς
2878 2135 2947 2193 δι’
3000 2138 3231 2208 ἑκάστης
3292 2136 3487 2211 ἀρετῆς
3540 2139 3900 2209 συναχθεῖσα,

2234 2231 2323 2286 καὶ
2378 2232 2479 2300 τήν
2540 2229 2592 2284 ἐν
2655 2227 2789 2302 αὐτῇ
2844 2228 3150 2301 ποιουμένη
3237 2222 3514 2301 πρόοδον,
3590 2224 3727 2278 κατὰ
3788 2224 3896 2292 τὴν

2236 2323 2462 2387 ἑκάστης
2511 2319 2706 2395 ἀρετῆς
2761 2316 2985 2395 γίνεσιν.
3054 2322 3229 2385 ᾜτινι
3278 2314 3437 2392 σοφίᾳ
3487 2313 3574 2368 καὶ
3631 2310 3899 2386 ἐκλελεγ-

2239 2411 2371 2483 μὲνη
2431 2409 2570 2463 ἐστὶν
2630 2406 2736 2463 ἀπὸ
2782 2410 2890 2461 τῶν
2953 2402 3224 2459 δουλίδων
3276 2403 3367 2457 καὶ
3440 2403 3753 2475 μισθωτῶν,
3820 2401 3899 2461 ὡς

2235 2497 2642 2573 υἱοθετισαμένη
2702 2496 2900 2567 ταύτην
2959 2495 3095 2550 κατᾶ
3147 2495 3247 2563 τὴν
3306 2492 3359 2547 ὲν
3419 2493 3604 2567 χάριτι
3664 2492 3893 2554 θὲωσιν.

2234 2588 2462 2645 Εῗδοσαν
2547 2588 2713 2657 αὐτὴν
2793 2586 3102 2661 Θυγατέρες,
3187 2582 3277 2638 καὶ
3366 2585 3719 2656 μακαριοῦσιν
3795 2582 3897 2635 αύ-

2233 2681 2332 2750 τήν
2369 2702 2380 2713 ·
2462 2676 2819 2754 βασίλισσαι,
2896 2674 2986 2729 καὶ
3063 2670 3340 2727 παλλακαὶ
3413 2669 3710 2724 αἱνὲσουσιν
3792 2669 3900 2723 αὒ-

2232 2768 2354 2837 τήν.
2416 2763 2682 2836 Δηλονότι
2743 2762 2795 2818 ἐν
2838 2762 2999 2838 πείρᾳ
3053 2764 3160 2815 τῶν
3215 2756 3657 2832 κατορθωμάτων
3720 2756 3901 2826 αὐτῆς

2233 2855 2540 2932 γεγόνασιν,
2597 2854 2652 2908 αἱ
2713 2852 2877 2926 μόνον
2934 2850 3117 2906 πισταὶ
3148 2848 3349 2918 ταύτης
3394 2848 3710 2921 μαθήτριαι·
3742 2844 3810 2908 ἃς
3846 2846 3900 2900 ἐν

2234 2952 2314 3019 τῷ
2372 2944 2588 3020 λουτρῷ
2645 2945 2743 3012 τῆς
2800 2939 3221 3016 παλιγγενεσίας
3279 2934 3519 3003 ἀπέτεκε,
3579 2936 3667 2989 καὶ
3735 2936 3902 3008 μόνῳ

2237 3035 2392 3110 λόγῳ
2448 3019 2618 3101 αὗτῆν
2651 3031 3036 3096 ἐκθειάσουσιν.
3066 3029 3137 3083 Al
3164 3024 3221 3082 δὲ
3280 3023 3371 3081 διὰ
3400 3027 3687 3101 φωτισμοῦ
3718 3019 3900 3097 ἔργων

2236 3123 2583 3193 δικαιοσύνης
2634 3124 2731 3191 τῆς
2776 3124 2873 3175 τοῦ
2913 3123 3046 3174 Θεοῦ
3082 3115 3359 3194 βασιλείας
3415 3112 3900 3186 ἀντιποιούμεναι,

2235 3214 2323 3269 καὶ
2356 3214 2409 3268 αἱ
2444 3211 2531 3267 διὰ
2558 3206 2725 3290 φόϐον
2757 3214 2865 3264 τῶν
2908 3207 3188 3263 κολάσεων
3221 3205 3497 3260 παντοίων
3539 3206 3721 3258 κακῶν
3756 3202 3903 3256 ἀπε-

2156 3276 2197 3342 C
2237 3302 2493 3379 χόμεναι,
2526 3301 2614 3357 καὶ
2644 3298 2713 3355 δι’
2739 3294 2910 3376 ἔργων
2942 3298 3312 3353 ἐπαινίσουσιν
3348 3295 3538 3364 αὑτήν.

2794 3428 2917 3482 Τῶν
2959 3425 3007 3499 γ’
3048 3420 3323 3496 [Ιατὲρῶν.

2308 3531 2633 3606 Ἐπειδήπερ
2667 3530 2794 3601 δόξα
2847 3537 2947 3599 τῆς
3009 3525 3340 3584 διδασκάλου
3397 3525 3508 3581 ἇστὶ
3536 3530 3645 3579 τῶν
3707 3526 3901 3597 μαθη-

2234 3628 2401 3700 τριῶν
2486 3624 2514 3677 ὁ
2600 3621 2884 3699 φωτισμὸς
2941 3618 3030 3673 καὶ
3082 3621 3117 3688 ἡ
3176 3616 3457 3691 κάθαρσις,
3497 3613 3622 3690 περὶ
3676 3616 3745 3683 ἧς
3805 3614 3900 3669 καὶ

2236 3712 2434 3787 ἐροῦσι·

2306 3802 2400 3863 Τίς
2456 3802 2589 3871 αὕτη
2647 3803 2682 3869 ἡ
2743 3799 3079 3855 ἐκκόπτουσι
3137 3794 3264 3850 ὡσεὶ
3320 3790 3539 3869 ὄρθρος,
3598 3789 3746 3860 καλὴ
3814 3790 3897 3854 ὡς

2237 3892 2463 3962 σελήνη,
2525 3888 2754 3957 ἰκλεκτὴ
2814 3889 2889 3952 ὡς
2942 3886 3128 3957 ἥλιος,
3191 3878 3401 3956 θάμϐος
3478 3882 3552 3943 ὡς
3622 3881 3900 3954 τεταγμέ-

2234 4002 2354 4047 ναις

2308 4067 2529 4138 Δηλαδή
2564 4069 2837 4141 θαυμασία
2890 4066 2973 4127 τίς
3034 4063 3175 4119 ἐστιν
3234 4064 3269 4131 ἡ
3334 4058 3659 4120 διδάσκαλος
3698 4059 3902 4131 ἡμῶν,

2236 4160 2310 4220 ὼς
2336 4164 2453 4219 ταῖς
2514 4158 2607 4230 μὲν
2667 4156 2996 4217 ἀποστάσαις
3049 4158 3157 4207 τῶν
3215 4147 3382 4220 ἔργων
3416 4154 3511 4204 τοῦ
3542 4148 3771 4208 σκύτους
3808 4144 3904 4201 διὰ

2236 4249 2560 4321 καθάρσεως,
2617 4248 2784 4317 μήπω
2835 4242 2892 4299 δὲ
2939 4245 3005 4297 τὰ
3043 4239 3177 4317 ἔργα
3206 4247 3306 4309 τῆς
3336 4236 3684 4305 δικαιοσύνης
3726 4256 3906 4291 κατα-

2236 4333 2553 4402 λαϐούσαις,
2605 4332 2694 4389 διὰ
2742 4333 3023 4411 φωτισμὸν
3074 4332 3329 4406 γνώσεως
3388 4321 3903 4402 συγκαταϐαίνουσα

2235 4422 2635 4485 διδασκαλικῶς
2666 4420 2743 4478 ἔτι
2774 4424 2997 4486 ἑωθινὸν
3048 4425 3187 4495 φῶς,
3246 4417 3297 4472 ἂν
3341 4421 3421 4488 τῷ
3468 4416 3535 4471 τὰ
3592 4414 3686 4488 μὶν
3750 4415 3901 4477 τέως

2234 4515 2501 4589 ἀχώρητα
2555 4513 2774 4574 ταύταις
2834 4514 3110 4585 μυστήρια
3165 4506 3461 4584 κρύπτειν,
3529 4501 3901 4579 παραδηλοῦν

2234 4600 2291 4656 δὲ
2346 4604 2412 4657 τὰ
2468 4604 2721 4677 χωρητά,
2780 4600 2867 4656 καὶ
2922 4605 3043 4660 ταῖς
3090 4595 3345 4657 ἀπειλαῖς
3402 4599 3509 4649 τῶν
3558 4590 3900 4666 μελλουσῶν

2232 4690 2506 4747 κολάσεων
2566 4694 2702 4767 πρὸς
2766 4690 3010 4759 ὑπακοὴν
3072 4686 3439 4761 ἐπιστρέφειν⁵
3499 4688 3616 4743 ταῖς
3674 4678 3732 4735 δε
3800 4703 3903 4735 πις-

2234 4783 2545 4842 στευσάσαις
2600 4780 2693 4851 μὶν
2748 4784 2827 4851 τῷ
2884 4786 2981 4848 τῆς
3038 4775 3295 4846 ἀληθείας
3339 4772 3679 4847 κηρύγματι,
3709 4775 3901 4842 μήπω

2233 4868 2288 4925 δὲ
2318 4871 2694 4944 καθαρθείσαις
2726 4874 2831 4923 τῶν
2864 4872 2962 4923 τοῦ
3019 4868 3246 4927 σκότους
3286 4871 3387 4933 τῆς
3432 4862 3621 4922 κακίας
3681 4858 3899 4935 ἔργων,

2232 4961 2405 5035 ἀγαθή
2470 4959 2629 5030 ἐστιν,
2690 4959 2765 5019 ὡς
2818 4963 2937 5019 ταῖς
2978 4956 3113 5029 πρὸς
3166 4955 3450 5027 μετάνοιαν
3508 4946 3899 5013 διδασκαλίαις

2229 5048 2466 5123 καθάπερ
2524 5070 2574 5103 τι
2636 5047 2955 5115 σεληνιακὸν
3016 5049 3131 5119 φῶς
3182 5044 3279 5111 τὴν
3311 5042 3481 5097 νύκτα
3508 5044 3607 5105 τῆς
3657 5040 3898 5112 ἀγνοίας

2228 5137 2432 5192 τούτων
2483 5134 3001 5213 καταφαιδρύνουσει·
3051 5140 3171 5195 ταῖς
3221 5129 3268 5186 δ’
3322 5132 3396 5195 ὡς
3450 5129 3501 5184 ἐν
3560 5131 3746 5201 ἡμέρᾳ
3805 5129 3901 5184 εύ-

2228 5227 2525 5302 σχημύνως
2575 5223 2997 5299 περιπατούσαις
3050 5223 3316 5297 ἐναρίτοις
3366 5224 3570 5294 ψοχαῖς
3627 5216 3899 5294 ἐκκελεγ-

2230 5318 2363 5389 μένη
2424 5317 2563 5371 ἐστὶν
2627 5316 2841 5387 (οἷάπερ
2898 5334 2981 5375 τις
3030 5311 3193 5381 ἥλιος
3224 5314 3332 5366 τῶν
3388 5308 3596 5380 λοιπῶν
3646 5308 3770 5361 κατ’
3806 5310 3901 5364 06-

2227 5407 2385 5479 ρανὸν
2442 5406 2634 5482 φώτων
2694 5402 2859 5479 αἴγλῃ
2891 5424 2949 5458 τε
3003 5401 3092 5456 καὶ
3156 5399 3367 5473 μεγέθει
3420 5396 3902 5474 διαφανέστερος),

2226 5496 2301 5554 ὡς
2334 5492 2705 5549 ἀνατέλλουσα
2728 5494 2948 5553 ταύταις
2974 5496 3089 5568 φῶς
3145 5489 3384 5559 ἀληθοῦς
3418 5488 3691 5562 γνώσεως,
3755 5487 3901 5540 κάν-

2222 5585 2400 5638 τεῦθεν
2463 5582 2844 5653 ἐκπλήττουσι
2926 5579 3020 5643 τὰς
3110 5578 3320 5654 ὁρώσας
3388 5577 3559 5644 αὐτὴν
3638 5573 3899 5653 καθάπερ
