4072 6346
233 400 353 462 665

1278 396 1690 460 COMMENT.
1733 398 1812 459 1N
1857 380 2259 463 CANTICUM
2306 402 2611 466 CANTIC.

3533 402 3654 463 666

238 530 529 589 ἇπιοάνειά
562 551 648 594 τις
708 529 1020 605 ἁγγελικῶν
1072 527 1294 601 τάξεων.
1327 528 1428 585 Καὶ
1481 532 1650 585 ταῦτα
1699 530 1793 603 μὲν
1844 530 1902 585 αἱ

2016 532 2333 604 ministrat;
2365 539 2538 607 atque
2558 536 2640 594 ita
2669 539 2907 610 stupore
2932 554 3000 595 ao
3028 540 3250 595 terrore
3279 535 3462 593 afﬁcit
3490 534 3658 593 sein.

242 623 545 695 μαθήτριαι
575 619 700 695 περὶ
731 626 833 690 τῆς
865 616 1197 675 διδασκάλου
1227 618 1497 695 εἲρήκασι.

814 909 934 961 Τῶν
962 906 1009 981 γ’
1044 905 1318 982 Ηατέρων.

310 1015 501 1072 Ταῦτα
562 1012 655 1087 μὶν
712 1013 766 1067 αἱ
829 1014 1124 1089 μαθήτριαι
1183 1010 1310 1087 περὶ
1386 1018 1488 1082 τῆς
1569 1008 1901 1068 διδασκάλου

243 1104 526 1181 εἰρήκασι,
558 1102 624 1157 τὰ
652 1098 700 1157 δ’
726 1101 860 1174 αὕτη
908 1103 1033 1174 περὶ
1087 1100 1295 1157 τούτων
1346 1102 1483 1177 πρὸς
1530 1102 1620 1157 τὸν
1669 1101 1899 1180 νυμφίον

249 1192 461 1273 φησίν·
496 1192 593 1254 Εἷς
648 1198 825 1262 κῆπον
880 1189 1085 1265 καρύας
1140 1185 1372 1262 κατέϐην
1431 1189 1564 1247 ἰδεῖν
1625 1191 1677 1247 ἐν
1709 1193 1903 1267 γεννή-

247 1304 386 1357 μασι
432 1285 531 1337 τοῦ
581 1279 918 1358 χειμάρρου·
956 1278 1090 1336 ἰδεῖν
1145 1280 1191 1335 εἷ
1248 1278 1482 1352 ἤνθησεν
1539 1283 1574 1352 ἡ
1632 1280 1904 1355 ἄμπελος,

244 1372 294 1427 εἰ
326 1368 572 1442 ἤνθησαν
604 1369 660 1425 αἱ
709 1369 853 1445 ῥοαί.
883 1371 1062 1439 "Etet,
1098 1364 1433 1445 συγκατέϐην
1484 1368 1544 1424 ἐκ
1586 1373 1683 1425 τοῦ
1742 1366 1907 1443 ὕψους

242 1467 354 1531 τῆς
387 1465 654 1533 μυστικῆς
679 1458 908 1536 θεωρίας
936 1464 1056 1521 ταῖς
1085 1459 1459 1535 γεωργούσαις
1491 1461 1695 1535 ψυχαῖς
1742 1458 1910 1513 οἱονεὶ

241 1550 443 1625 κάρυα,
471 1547 608 1604 κατᾶ
663 1548 757 1622 μὶν
810 1548 875 1603 τὸ
932 1546 1085 1610 ἐκτὸς
1143 1545 1382 1623 λέπυρον
1436 1540 1628 1623 πικρὰ,
1660 1546 1797 1602 κατὰ
1853 1543 1910 1602 δὲ

244 1639 313 1694 τὸ
340 1638 495 1702 ἐντὸς
533 1636 770 1713 σκληρά,
802 1637 920 1692 κατ’
954 1636 1111 1692 αὑτὸν
1148 1634 1205 1692 δὲ
1233 1638 1326 1692 τὸν
1383 1634 1536 1692 ἔνδον
1582 1640 1689 1691 τῶν
1731 1634 1912 1692 τοιού-

246 1749 365 1784 των
395 1726 647 1805 λεπύρων
677 1727 883 1804 καρπὸν
911 1723 1065 1797 ἡδέα·
1097 1728 1197 1797 τὴν
1232 1727 1301 1798 τῇ
1346 1731 1541 1804 πικρίᾳ
1584 1730 1691 1781 τῶν
1750 1726 1911 1781 ἀκου-

250 1817 388 1873 σίων
450 1820 765 1890 πειρασμῶν
819 1816 911 1871 καὶ
966 1818 1035 1882 τῆ
1093 1814 1429 1891 σκληρότητι
1486 1819 1592 1870 τῶν
1652 1814 1910 1870 ἑκουσίων

2001 627 2256 693 tuentes,
2280 629 2347 680 ut
2370 626 2655 682 instructa
2686 632 2864 699 atque
2902 629 3175 684 ordinata
3212 628 3449 701 agmina
3479 641 3659 700 auge-

2003 710 2218 768 lorum.
2254 718 2333 769 Ae
2363 714 2433 770 de
2458 716 2742 787 magistra
2772 716 3011 788 quidem
3048 715 3348 788 discipula:
3379 717 3462 772 ita
3492 715 3658 772 loeu-

2005 808 2079 858 ιω
2112 806 2274 859 sunt.

2595 912 2785 967 Trium
2826 913 3075 968 Patrum.

2082 1017 2212 1074 Haec
2238 1017 2505 1091 {quidem
2567 1018 2871 1090 discipulae
2928 1019 2999 1076 de
3054 1018 3332 1091 magistra
3362 1020 3658 1076 dixerunt.

2013 1109 2148 1179 Ipsa
2171 1124 2307 1164 vero
2341 1108 2412 1164 de
2444 1107 2755 1181 discipulis
2786 1111 2858 1164 ad
2890 1125 3174 1180 sponsum
3216 1109 3300 1165 ita
3344 1109 3611 1181 loquitur
3643 1127 3657 1165 :

2016 1197 2079 1252 In
2109 1196 2333 1252 hortum
2370 1198 2528 1254 nucis
2564 1198 2843 1268 descendi,
2878 1207 2938 1254 ut
2974 1200 3218 1255 viderem
3238 1201 3297 1254 in
3316 1200 3663 1270 germinibus

2013 1288 2282 1343 torrentis
2310 1308 2328 1342 ;
2360 1292 2421 1342 ut
2452 1288 2719 1358 viderem,
2767 1305 2838 1343 an
2882 1289 3155 1356 ﬂoruisset
3203 1290 3390 1360 vinea,
3441 1305 3514 1344 an
3556 1289 3661 1359 ﬂo-

2014 1379 2257 1432 ruissent
2284 1376 2434 1431 mala
2464 1378 2690 1448 punica.
2716 1376 2797 1432 De
2837 1377 3095 1449 mysticis
3125 1375 3661 1449 comtemplationis

2018 1464 2381 1523 sublimitate
2401 1465 2675 1522 descendi
2718 1467 2791 1521 ad
2842 1467 3075 1522 animas
3106 1465 3342 1521 virtutis
3389 1464 3663 1521 excultri-

2019 1571 2137 1624 ces,
2170 1560 2451 1626 tanquam
2500 1555 2572 1609 ad
2620 1570 2822 1625 nuces,
2871 1570 3122 1624 quarum
3171 1557 3366 1610 cortex
3416 1554 3668 1610 exterior

2019 1643 2168 1700 alter
2197 1643 2437 1715 quidem
2482 1659 2744 1713 amarus,
2780 1644 2928 1698 alter
2957 1648 3154 1698 autem
3186 1642 3372 1698 durus
3402 1645 3494 1699 est
3515 1660 3529 1700 :
3550 1658 3665 1697 nu-

2021 1729 2183 1787 cleus
2213 1735 2411 1786 autem
2459 1730 2558 1801 qui
2590 1729 2685 1785 his
2721 1729 3038 1787 corticibus
3080 1729 3423 1800 includitur,
3452 1732 3669 1802 jucun-

2022 1821 2135 1876 dus
2166 1837 2180 1876 :
2225 1818 2473 1875 dulcedo
2498 1818 2781 1874 nimirum
2806 1819 3118 1890 virtutum,
3152 1836 3277 1892 quae
3297 1825 3425 1875 tum
3449 1818 3667 1875 amari-

247 1903 681 1986 πειρυλαγμὲνην
732 1904 1052 1981 γλυκύτητα
1105 1909 1212 1960 τῶν
1268 1904 1499 1980 ἀρετῶν,
1528 1903 1636 1958 ἀπό
1683 1924 1741 1958 τε
1796 1908 1903 1958 τῶν

2016 1909 2221 1966 tudine
2255 1907 2522 1981 gravium
2565 1908 2983 1977 tentationum,
3015 1913 3144 1965 tum
3166 1908 3481 1981 asperitate
3501 1908 3667 1965 labo-

247 2002 377 2055 κατ’
404 1994 651 2070 ΰιλειψιν
681 1994 857 2067 αὑτῶν
888 1995 978 2050 καὶ
1017 1998 1126 2049 τῶν
1175 1994 1293 2049 καθ’
1327 1987 1638 2069 ὑπερϐολὴν
1688 1994 1871 2048 παθῶν
1895 2014 1908 2026 ·

252 2084 399 2141 ὥστε
454 2086 740 2149 θεάσασθαι
799 2084 853 2139 ἰν
926 2087 997 2158 τῇ
1076 2083 1331 2157 ὑπομονῇ
1413 2083 1613 2151 αὑτῶν,
1672 2084 1912 2155 κυήματι

250 2172 394 2250 οὸσῃ
419 2181 521 2246 τῆς
553 2174 781 2251 ιΞεούσης
808 2173 1048 2248 Θλίψεως
1079 2172 1139 2229 ἐκ
1166 2170 1263 2227 τοῦ
1293 2176 1572 2249 χειμῶνος
1629 2175 1737 2226 τῶν
1790 2192 1911 2226 πει-

253 2269 483 2343 ρασμῶν
636 2262 820 2338 Θλίψις
868 2265 971 2340 γὰρ
1032 2263 1316 2335 ὑπομονὴν
1367 2261 1776 2336 κατεργάζεται)
1806 2258 1914 2316 εἴτε

249 2352 603 2431 εὐχαριστίᾳ,
688 2350 797 2409 εἷ’τε
886 2350 1170 2431 δυσφημίᾳ
1260 2349 1585 2427 προσάγεταί
1669 2371 1756 2405 σοι
1831 2354 1914 2422 τῷ

248 2443 537 2520 ἲατρικῶς,
569 2440 699 2498 ἀλλ’
738 2442 799 2498 οὔ
851 2444 1244 2517 τιμωρητικῶς
1312 2437 1661 2495 παιδεύοντι·
1723 2438 1912 2503 θεάσα-

246 2546 378 2599 σθαι
411 2531 470 2590 δὶ
498 2534 663 2589 πάλιν
697 2533 785 2589 ἐάν
837 2554 898 2588 τε
947 2531 1107 2595 αὐτὸς
1153 2532 1182 2587 ὁ
1239 2530 1291 2586 ὲν
1352 2529 1714 2606 Εὑαγγελίοις
1762 2530 1912 2606 εἰρη-

243 2625 395 2692 κὼς,
428 2621 512 2679 ὅτι
540 2624 684 2699 Ἐγώ
716 2622 831 2696 εἶμι
862 2624 898 2692 ἡ
933 2619 1205 2695 ἄμπελος,
1239 2621 1291 2675 ἒν
1323 2624 1391 2695 τῇ
1450 2620 1705 2694 ὑπομονῇ
1741 2617 1911 2694 ταύτῃ

250 2710 671 2789 προδείκνυται,
702 2713 776 2774 ὡς
804 2709 965 2777 ἄνθος
1005 2708 1232 2788 βότρυος
1280 2712 1567 2771 ποιοῦντος
1615 2709 1757 2764 οἶνον
1814 2715 1914 2779 τῆς

253 2802 473 2880 φύσεως
507 2801 817 2858 ἐκστατικὸν
850 2801 988 2856 κατὰ
1024 2801 1123 2870 τήν
1174 2800 1421 2861 θεώσεως
1472 2799 1658 2875 χάριν.
1689 2799 1752 2856 Ὁ
1808 2798 1912 2874 γὰρ

256 2891 319 2948 ἰν
352 2892 606 2967 ὑπομονῇ
636 2891 722 2946 καὶ
758 2889 924 2957 αὐτῆς
982 2896 1085 2960 τῆς
1143 2886 1283 2952 ἰδίας
1340 2887 1549 2966 φύσεως
1610 2889 1911 2961 ὑπερορῶν,

254 2983 365 3050 τὴν
400 2981 535 3054 ὑπὲρ
566 2980 722 3051 φύσιν
750 2986 852 3051 τῆς
875 2978 1132 3050 θεότητος
1179 2976 1393 3055 δέχεται
1441 2978 1604 3054 χάριν
1629 2996 1642 3009 ·
1675 2977 1766 3032 καὶ
1824 2976 1912 3032 ἐὰν

251 3071 316 3125 αἱ
349 3067 505 3141 δίκην
537 3069 700 3147 ῥοιῶν
738 3074 818 3142 τῷ
851 3071 947 3143 μὶν
976 3069 1288 3147 φαινομένῳ
1319 3066 1543 3142 λεπύρῳ
1574 3070 1910 3145 στυφουσῶν,

250 3164 339 3232 τῷ
368 3156 417 3214 δ’
445 3158 593 3222 ἐντὸς
619 3159 813 3215 τούτου
843 3158 1201 3236 κεκρυμμένῳ
1245 3162 1439 3235 καρπῷ
1496 3156 1627 3218 τοὺς
1679 3156 1909 3231 γευομέ-

2024 2015 2153 2054 rum
2179 2001 2389 2069 sponte
2410 2001 2811 2068 suceptorum,
2844 2015 2878 2053 a
2903 1997 3415 2069 pertubationibus
3435 2002 3493 2054 ct
3511 1997 3672 2054 vitiis

2021 2086 2079 2142 in
2112 2086 2344 2143 defectu
2376 2090 2553 2158 atque
2600 2103 2842 2143 excessu
2892 2086 3355 2144 consistentibus
3385 2087 3446 2143 in
3476 2087 3672 2143 medio

2022 2180 2491 2232 conservantur:
2527 2180 2592 2231 ut
2648 2175 2905 2232 viderem
2934 2177 2993 2231 in
3042 2175 3327 2249 patientia
3380 2176 3670 2249 ipsarum,

2022 2282 2145 2338 qua;
2176 2264 2354 2323 veluti
2385 2269 2591 2337 partus
2619 2264 2862 2337 quidam
2885 2282 2955 2322 ex
2982 2264 3363 2322 tribulatione
3386 2270 3669 2337 tanquam

2021 2371 2089 2410 ex
2118 2359 2379 2411 torrente
2436 2354 2826 2410 tentationum
2884 2353 3212 2428 (tribulatio
3243 2354 3402 2410 enim
3453 2354 3673 2425 patien-

2021 2444 2165 2499 tiam
2196 2444 2492 2517 operatur)
2544 2443 2635 2500 vel
2693 2460 2797 2516 per
2840 2444 3160 2516 gratiarum
3210 2443 3524 2510 actionem,
3580 2441 3671 2497 vel

2022 2550 2125 2607 per
2152 2532 2632 2590 lamentationem
2693 2533 2936 2589 offertur
2982 2532 3089 2589 tibi
3139 2550 3255 2589 non
3307 2532 3535 2599 acerbe,
3567 2531 3670 2587 sed

2023 2622 2234 2679 medici
2268 2638 2429 2678 more
2460 2621 2835 2694 castigantis;
2869 2627 2933 2678 ut
2963 2622 3219 2678 viderem
3251 2637 3481 2689 rursus,
3514 2637 3588 2677 an
3620 2620 3670 2676 is

2023 2711 2124 2785 qui
2182 2713 2239 2767 in
2292 2710 2617 2784 Evangeliis
2650 2711 2843 2767 dixit:
2876 2712 2984 2783 Ego
3040 2728 3164 2767 sum
3209 2710 3422 2782 vitis”,
3452 2709 3513 2766 in
3562 2710 3672 2765 bac

2023 2801 2305 2874 patientia
2332 2808 2612 2873 appareat
2664 2800 2818 2857 sicut
2873 2800 2981 2857 ﬂos
3041 2800 3193 2857 betri
3247 2800 3450 2855 vinum
3491 2801 3669 2854 natu-

2023 2907 2148 2945 ram
2180 2889 2655 2961 obstupefaciens
2712 2906 2814 2961 per
2869 2888 3199 2945 divinitatis
3254 2888 3503 2961 gratiam
3536 2903 3668 2960 pro-

2022 2978 2313 3035 ducentis.
2348 2980 2455 3045 Qui
2486 2978 2642 3034 enim
2694 2979 2883 3050 ipsam
2935 2995 3167 3051 quoque
3216 2981 3489 3034 naturam
3540 2992 3669 3048 pro-

2021 3068 2209 3141 priam
2238 3084 2341 3140 per
2370 3067 2713 3139 patientiam
2746 3067 3016 3139 despicit,
3048 3067 3374 3123 divinitatis
3411 3064 3663 3139 gratiam

2020 3161 2233 3214 natura
2283 3156 2748 3228 praestantiorem
2797 3156 3166 3227 adipiscitur.
3197 3157 3278 3212 An
3325 3156 3664 3227 ﬂloruissent

246 3269 382 3312 νους
411 3246 1277 3326 γλυκαινοῦσῶν,πεφυλαγμὲναι
1311 3247 1404 3322 μὲν
1452 3250 1533 3319 τῷ
1579 3249 1676 3301 τοῦ
1734 3239 1904 3321 φόϐου

2017 3248 2167 3304 mala
2194 3249 2420 3318 punica.
2451 3249 2536 3301 An
2569 3246 2718 3318 (quae
2748 3247 2938 3302 instar
2969 3244 3258 3302 malorum
3289 3244 3659 3318 punicorum,

245 3359 351 3393 σου
399 3342 728 3406 στυπτικῶς,
786 3335 1168 3416 εὑφραίνουσαι
1225 3333 1283 3392 δὲ
1357 3334 1487 3399 τοὺς
1541 3333 1907 3410 γευσαμένους

241 3431 321 3501 τῇ
350 3433 453 3497 τῆς
486 3426 562 3490 εἷς
596 3427 653 3481 σὶ
685 3423 909 3489 ἐλπίδος
954 3424 1257 3501 γλυκύτητι
1312 3425 1494 3501 ἀρεταί
1522 3444 1534 3457 ·
1596 3421 1812 3493 δηλαδή
1866 3425 1902 3493 ἡ

245 3516 521 3594 φρόνησις
548 3515 639 3572 καὶ
670 3519 704 3586 ἡ
750 3514 1071 3589 ἄκεραιότης
1131 3513 1288 3584 δίκην
1347 3514 1636 3578 ἀνθοῦντος
1693 3516 1905 3589 καρποῦ

244 3602 575 3681 ἱδείχθησαν
611 3603 665 3660 ἐν
690 3608 760 3679 τῇ
798 3606 1073 3679 ὑπομονῇ·
1108 3606 1144 3674 ἡ
1189 3604 1286 3677 μὲν
1335 3602 1624 3681 φρόνησις,
1671 3603 1771 3671 τήν
1831 3600 1905 3664 εἷς

243 3695 309 3749 αἱ
334 3694 540 3765 πίστιν,
573 3692 647 3758 ὥς
672 3715 795 3750 τινα
833 3692 1077 3772 κεφαλὴν
1138 3694 1243 3749 ἀπὸ
1280 3697 1392 3748 τοῦ
1440 3692 1640 3769 ἐχθροῦ
1697 3689 1906 3767 φυλᾶἱτ-

237 3804 417 3839 τουσα
446 3780 707 3858 ἄτρωτον·
741 3785 776 3853 ἡ
812 3779 859 3838 δ’
885 3781 1232 3859 ἀκεραιότης,
1258 3783 1359 3852 τὴν
1403 3781 1478 3843 εἷς
1523 3781 1616 3836 τὸν
1666 3779 1902 3851 πλησίον

240 3871 466 3949 ἀγάπην
515 3871 808 3927 ἀσάλευτον
837 3868 889 3926 ἐν
947 3876 1069 3939 ταῖς
1111 3876 1217 3926 τῶν
1274 3874 1592 3946 πειρασμῶν
1624 3868 1902 3932 ποικίλαις

240 3960 595 4037 ἕπαγωγαῖς·
656 3960 833 4022 καθὼς
892 3960 1051 4023 αὑτὸς
1107 3960 1159 4015 ἂν
1218 3958 1576 4036 Εὑαγγελίοις
1636 3958 1900 4036 εἷ’ρηκας·

241 4047 393 4109 Ἰδοὺ
446 4048 553 4125 ἐγὼ
596 4048 924 4106 ἀποστέλλω
977 4051 1143 4123 ὑμᾶς,
1175 4050 1249 4113 ὡς
1308 4043 1555 4124 πρόϐατα
1606 4046 1708 4122 [ἐν]
1758 4047 1905 4122 μέσῳ

242 4139 453 4199 λύκων.
514 4138 729 4203 Γίνεσθε
781 4136 873 4194 οὖν
933 4139 1192 4214 φρόνιμοι
1247 4139 1321 4200 ὡς
1351 4139 1403 4193 οἱ
1436 4134 1605 4217 ὄφεις,
1637 4137 1725 4193 καὶ
1780 4137 1902 4193 ἀκέ-

237 4249 395 4304 ραιοι
426 4229 503 4292 ὡς
533 4228 588 4282 αἱ
620 4227 950 4304 περιστεραί.
984 4260 1053 4271 —
1082 4228 1233 4285 Ἐκεῖ
1275 4223 1436 4281 δώσω
1483 4228 1611 4289 τοὺς
1666 4226 1903 4300 μαστούς

243 4317 358 4392 μού
388 4336 498 4373 σοι.
530 4317 753 4379 Πάντως
784 4315 837 4371 ἐν
866 4320 949 4389 τῷ
978 4315 1255 4392 εἰρημένῳ
1298 4317 1462 4389 κήπῳ
1514 4320 1624 4370 τῶν
1677 4316 1899 4391 ἀρετῶν,

238 4405 310 4469 ὅς
338 4402 480 4460 ἐστιν
511 4405 567 4459 αἱ
600 4404 651 4459 έν
706 4404 929 4468 ταύταις
975 4403 1371 4482 πεφυτευμέναι
1432 4406 1751 4480 μαθήτριαι,
1799 4405 1899 4471 τήν

233 4490 320 4552 εἰς
375 4489 541 4552 αὐτὰς
600 4490 798 4560 ἠθικὴν
851 4490 942 4545 καὶ
988 4492 1218 4569 φυσικήν
1273 4487 1620 4547 διδασκαλίαν
1658 4511 1783 4563 μου,
1815 4492 1899 4552 αἷς

234 4581 439 4656 οἷάπερ
468 4578 700 4656 γάλακτι
733 4584 935 4659 φυσικῇ
968 4580 1058 4636 καὶ
1099 4579 1441 4654 καταλλήλῳ
1482 4584 1662 4656 τροφῇ
1700 4579 1895 4642 ταύτας

232 4669 537 4746 τρέφουσα.
572 4669 857 4746 προσ-τάξω
889 4690 974 4725 σοι
1021 4674 1101 4743 τῷ
1149 4670 1393 4748 νυμφίῳ,
1426 4670 1502 4735 ὡς
1545 4668 1785 4734 ἐντεῦθεν
1837 4668 1900 4725 τὰ

234 4761 336 4817 σόν
365 4779 429 4815 τε
487 4762 723 4815 ποιοῦσα
778 4758 999 4833 θέλημα
1043 4758 1134 4814 καὶ
1165 4760 1250 4814 σοὶ
1299 4761 1395 4822 τὰς
1457 4757 1901 4834 μαθητευομένας

237 4870 341 4924 μοι
396 4852 765 4927 προσάγουσα.
823 4849 957 4906 Εἶτα
1010 4847 1314 4928 στρέφουσα
1389 4849 1480 4905 τὸν
1547 4848 1713 4924 λόγον
1765 4849 1900 4924 πρὸς

230 4939 340 5000 τᾶς
373 4935 817 5011 μαθητευομένας
865 4935 1038 4992 οἴονεί
1086 4958 1221 5012 φησι
1281 4935 1419 5013 πρὸς
1477 4936 1663 5007 αὑτὰς,
1698 4937 1806 5007 ὅτι,
1837 4936 1901 4991 Et

229 5028 330 5084 καὶ
394 5020 731 5103 συγ-κατέϐην
793 5026 922 5100 ὑμῖν
978 5024 1039 5081 ἐκ
1066 5030 1163 5081 τοῦ
1199 5027 1601 5101 μυπικώτερον
1662 5028 1788 5101 ὁρᾷν
1848 5024 1900 5081 ἐν

230 5117 411 5191 ἑαυτῇ
459 5116 552 5171 τὸν
581 5116 818 5193 νυμφίον
857 5136 984 5188 μου,
1015 5114 1093 5177 εἷς
1121 5116 1185 5170 τὸ
1246 5116 1536 5179 ϐιάσασθαι
1594 5113 1753 5170 αὑτὸν
1811 5114 1902 5170 καὶ

229 5206 293 5263 ἐν
355 5206 512 5278 ὑμῖν⁹
573 5204 649 5267 ὡς
682 5201 894 5280 εἶ’ρηκα.
929 5201 1110 5261 Ἀλλὰ
1148 5203 1249 5259 οὑκ
1303 5203 1442 5280 ἔγνω
1493 5206 1528 5274 ἡ
1580 5206 1733 5281 ψυχή
1772 5225 1897 5278 μου.

229 5290 471 5365 Δηλαδὴ
506 5292 660 5350 etiam
697 5292 1001 5367 ἐθεασάμην
1047 5292 1208 5348 αὑτὸν
1254 5292 1311 5348 έν
1365 5295 1514 5366 ὑμῖν,
1548 5293 1623 5356 ὡς
1678 5295 1755 5366 μὴ
1821 5315 1904 5349 τε·

230 5382 568 5447 λειωθείσας
650 5380 727 5438 ἔτι
799 5382 939 5438 κατὰ
1005 5378 1237 5459 Χριστόν
1274 5402 1287 5415 ·
1349 5382 1507 5445 οὗτος
1569 5378 1617 5436 δ’
1665 5381 1902 5438 ἐντεῦθεν

227 5470 391 5530 ἔθετό
446 5492 514 5545 με
559 5472 777 5548 ἅρματα
834 5467 1139 5546 Ἀμιναδάϐ
1173 5489 1185 5504 ⁸
1239 5470 1434 5540 εἷ’τουν,
1512 5470 1781 5540 πεποίηκέ
1842 5492 1907 5544 με

225 5556 507 5638 ὂχήματα
557 5562 772 5631 ἑαυτοῦ,
818 5561 893 5623 ὡς
956 5566 1076 5625 ταῖς
1108 5558 1483 5624 διδασκαλίαις
1512 5561 1774 5637 φέρουσαν
1808 5562 1904 5617 αὐ-

306 5743 358 5780 το
384 5740 557 5799 Joan.
588 5756 684 5812 xv,
711 5741 769 5798 5.
844 5742 887 5778 '"
923 5740 1129 5800 Matth.
1161 5757 1218 5812 x,
1251 5741 1338 5798 16.
1413 5739 1460 5776 ⁷⁸
1490 5738 1655 5798 Cant.
1687 5754 1788 5809 vn,
1818 5741 1875 5797 2.

2015 3337 2233 3409 quibus
2256 3339 2453 3391 cortex
2472 3335 2705 3406 quidem
2728 3336 3092 3392 extrinsecus
3115 3335 3279 3390 adest
3300 3332 3662 3405 astringendi

2013 3425 2134 3482 vim
2152 3425 2399 3493 habens,
2423 3424 2782 3481 intrinsecus
2831 3430 3028 3481 autem
3073 3425 3229 3480 inest
3273 3424 3503 3479 fructus
3524 3439 3659 3494 gus-

2013 3514 2277 3571 tantibus
2316 3512 2682 3569 dulcedinem
2710 3514 2980 3586 all‘erens)
3014 3513 3256 3569 virtutes
3287 3512 3399 3568 illa:
3429 3506 3662 3568 timeris

2015 3604 2101 3660 tui
2134 3603 2471 3671 austeritate
2502 3607 2879 3671 conservatae,
2910 3601 3279 3675 gustantium
3302 3605 3495 3657 autem
3531 3600 3661 3656 ani-

2015 3709 2142 3750 mos
2187 3692 2309 3765 spei
2345 3692 2403 3747 in
2439 3695 2491 3747 te
2522 3691 2837 3748 dulcedine
2866 3691 3242 3758 delectantes,
3277 3704 3487 3761 nempe
3520 3706 3662 3761 prn-

2015 3782 2215 3839 dentia
2246 3786 2303 3839 et
2332 3780 2686 3855 simplicitas
2717 3782 2789 3837 ad
2821 3778 3276 3837 similitudinem
3308 3780 3535 3834 fructus
3556 3778 3661 3835 ﬂo-

2014 3871 2296 3930 rescentis
2317 3875 2614 3927 exstarent
2637 3870 2697 3926 in
2722 3870 3007 3943 patientia
3033 3886 3044 3924 :
3070 3868 3382 3940 prudentia
3420 3868 3659 3939 quidem

2011 3962 2189 4018 ﬁdem
2250 3978 2386 4033 erga
2449 3965 2503 4015 te
2552 3960 2625 4015 ab
2684 3960 2873 4016 hostis
2931 3958 3190 4026 ictibus,
3248 3956 3425 4014 veluti
3482 3959 3662 4028 caput

2013 4051 2311 4122 quoddam
2367 4048 2667 4122 integrum
2726 4065 2966 4104 servans
3002 4063 3017 4103 :
3052 4045 3405 4120 simplicitas
3462 4049 3656 4101 autem

2011 4138 2383 4195 dilectionem
2416 4155 2554 4211 ergo.
2586 4138 2919 4209 proximum
2953 4137 3012 4192 in
3060 4136 3237 4192 variis
3266 4133 3659 4191 tentationum

2010 4228 2437 4285 invasionibus.
2488 4227 2992 4292 Quemadmodum
3042 4226 3102 4281 in
3151 4223 3485 4298 Evangeliis
3533 4222 3663 4295 ipse

2011 4317 2212 4374 dixisti
2265 4334 2278 4373 :
2339 4317 2475 4373 Ecce
2530 4317 2687 4372 mitto
2743 4332 2834 4372 vos
2889 4317 3032 4372 sicut
3089 4331 3215 4372 oves
3271 4316 3418 4371 inter
3482 4314 3658 4385 lupos.

2009 4409 2188 4463 Esiole
2206 4423 2334 4479 ergo
2390 4405 2681 4479 prudentes
2735 4408 2874 4463 sicut
2930 4415 3230 4478 serpentes,
3290 4408 3341 4461 et
3386 4403 3662 4476 simplices

2007 4498 2148 4551 sicut
2201 4497 2560 4554 columbae“.
2595 4526 2662 4539 —-
2694 4496 2818 4552 Illic
2871 4496 3008 4552 dabo
3065 4496 3170 4551 tibi
3225 4494 3394 4551 ubera
3452 4509 3573 4548 mea
3593 4492 3657 4545 ⁷³.

2013 4585 2075 4640 In
2109 4600 2176 4640 eo
2207 4584 2490 4639 nimirum
2550 4583 2835 4640 virtutum
2887 4583 3056 4638 horto
3106 4598 3281 4655 quem
3327 4580 3491 4646 dixit,
3532 4593 3664 4650 qum

2012 4678 2153 4729 sunt
2199 4672 2503 4745 discipulae
2564 4674 2623 4727 in
2681 4672 2829 4745 ipsis
2887 4672 3184 4744 plantam,
3229 4668 3554 4727 naturalem
3605 4671 3662 4723 et

2012 4762 2292 4818 moralem
2319 4761 2643 4817 doctrinam
2667 4777 3149 4832 meam,quarum
3173 4759 3343 4831 quasi
3365 4762 3571 4814 mutuo
3594 4773 3660 4812 ac

2012 4848 2264 4905 naturali
2291 4848 2544 4921 quodam
2576 4847 2745 4904 lactis
2784 4848 2912 4903 cibo
2948 4848 3107 4919 ipsas
3139 4846 3360 4915 nutrio,
3392 4844 3659 4917 praebebo

2012 4938 2116 4995 tibi
2147 4955 2384 5010 sponso,
2418 4954 2485 4993 ea
2516 4937 2740 4993 ratione
2770 4937 3187 5008 obtemperans
3215 4932 3657 4998 voluntatituas,

2012 5033 2183 5099 atque
2219 5026 2351 5081 illas
2411 5026 2518 5081 tibi
2578 5043 2612 5081 a
2661 5041 2754 5081 me
2787 5025 3096 5081 institutas
3153 5023 3473 5079 adducens.
3506 5020 3657 5077 Tum

2013 5118 2082 5174 ad
2144 5114 2468 5188 discipulae
2525 5119 2873 5171 convertens
2928 5127 3311 5170 sermonem:
3352 5108 3655 5178 Descendi,

2012 5205 2249 5277 inquit,
2307 5204 2378 5260 ad
2436 5221 2538 5260 vos
2595 5205 2667 5260 ab
2725 5202 2826 5259 illa
2887 5202 3073 5275 magis
3130 5217 3345 5258 arcana
3397 5198 3658 5273 specula-

2012 5295 2171 5351 tione
2200 5310 2313 5365 qua
2362 5309 2645 5365 sponsum
2697 5308 2893 5349 meum
2952 5292 3012 5346 in
3073 5306 3166 5347 me
3221 5290 3350 5362 ipsa
3395 5292 3660 5346 contem-

2014 5383 2163 5457 plor,
2186 5388 2253 5439 ut
2304 5382 2563 5439 viderem
2595 5382 2793 5456 ipsum
2822 5381 2879 5437 in
2912 5380 3095 5449 vobis,
3156 5378 3658 5452 quemadmodum

2015 5472 2153 5529 dixi.
2212 5473 2321 5528 Sed
2380 5488 2496 5528 non
2555 5471 2717 5528 novit
2774 5470 2962 5527 anima
3011 5486 3160 5526 mea.
3192 5468 3464 5525 Nondum
3523 5483 3656 5540 pro-

2016 5562 2165 5620 fecto
2196 5561 2363 5618 illum
2395 5562 2453 5618 in
2486 5561 2649 5619 vobis
2681 5560 2971 5634 perspexi,
3002 5576 3131 5633 qua:
3169 5558 3408 5632 quidem
3463 5556 3659 5614 adhuc
