4102 6342
435 350 553 415 667

1762 347 2190 409 MICHAELIS
2234 347 2506 409 PSELLI

3724 340 3854 403 668

436 482 704 555 perfectis
764 498 881 539 non
962 482 1108 540 estis
1190 481 1518 539 secundum
1597 479 1921 539 Christum.
1979 479 2079 536 Hic

2201 476 2286 534 τὸν
2312 478 2395 556 ἐφ’
2427 478 2619 547 ἑαυτῆς
2649 478 2786 555 πρὸς
2831 477 2970 551 ὑμᾶς
3004 476 3276 556 διαφόρως
3330 475 3422 533 καὶ
3472 471 3851 546 καταλλήλως

436 576 635 630 autem
708 571 925 627 idcirco
1003 570 1200 642 posuit
1270 587 1363 626 me
1444 586 1651 627 currus
1730 569 2082 640 Aminadab,

437 661 548 718 hoc
577 665 685 731 est,
719 677 929 716 currus
983 676 1075 715 me
1134 676 1275 716 suos
1334 659 1851 731 constituit,'quaa
1899 657 2077 715 disci-

2199 567 2351 639 ὑμῖν.
2384 562 2682 641 Ἀμιναδὰϐ
2722 572 2847 644 γὰρ,
2881 565 3065 644 ἄρχων
3125 564 3283 639 λαοῦ,
3340 564 3691 640 ἰρμηνεύεται
3722 582 3735 595 '
3787 560 3852 625 ὅς

2195 655 2304 711 ἐστι
2339 658 2571 729 Χριστὸς
2605 658 2632 713 ὁ
2663 656 2912 733 ἀρχηγὸς
2940 664 3039 727 τῆς
3072 654 3346 730 σωτηρίας
3376 658 3555 728 ἡμῶν.

436 767 637 840 plinis,
668 783 801 822 eum
831 766 889 821 in
922 781 1014 821 me
1046 766 1173 838 ipsa
1207 768 1279 822 ad
1312 783 1435 836 vos,
1471 766 1666 823 habita
1697 766 1983 837 cujusque
2011 769 2270 821 vestrum
2302 765 2545 835 ratione,
2576 768 2916 839 perferrem.
2942 765 3271 823 Aminadab
3303 764 3460 820 enim
3490 763 3845 833 interpreta-

438 871 589 926 mur,
616 854 895 927 Princeps
926 854 1148 927 populi,
1181 855 1279 926 qui
1313 855 1578 911 Christus
1609 857 1697 911 est
1717 858 1934 910 nostra
1963 852 2173 910 salutis
2202 858 2425 912 auctor.

1028 963 1210 1018 Trium
1239 965 1494 1019 Patrum.

508 1049 817 1123 Discipulaa
849 1050 1053 1106 dicunt
1081 1052 1152 1106 ad
1187 1067 1466 1122 sponsam
1500 1065 1514 1105 :

508 1142 816 1207 Revertere,
868 1144 1140 1196 revertere
1198 1140 1487 1195 Sulamitz‘s
1531 1153 1544 1195 :
1585 1141 1875 1206 revertere,
1910 1152 2088 1193 rever-

438 1239 553 1286 tere
579 1246 597 1285 :
630 1232 679 1286 et
708 1229 1053 1285 intuebimur
1082 1232 1141 1283 in
1171 1236 1241 1286 te.

507 1318 592 1375 Ab
624 1335 848 1375 arcanae
899 1317 1411 1388 contemplationis
1460 1315 1828 1372 sublimitate
1857 1316 1926 1371 ad
1961 1332 2085 1373 mo-

436 1407 553 1467 lem
587 1411 841 1480 quatuor
883 1406 1241 1479 generalium
1277 1406 1556 1462 virtutum
1590 1405 1916 1461 doctrinam
1950 1406 2083 1461 des-

437 1499 639 1567 cende,
698 1501 874 1568 atque
923 1512 992 1553 ex
1035 1495 1404 1568 quadruplici
1450 1511 1653 1550 earum
1696 1495 1942 1564 ratione,
1976 1510 2085 1550 nos

437 1602 568 1659 qua:
598 1585 1113 1658 pertubationibus
1131 1584 1320 1641 adhuc
1350 1600 1811 1654 commovemur,
1843 1598 1978 1655 rege
1994 1587 2082 1639 at-

438 1692 554 1749 que
576 1674 840 1743 institue,
866 1692 897 1731 ο
920 1673 1284 1742 Sulamitis,o
1308 1691 1436 1746 quae
1455 1674 1526 1729 ab
1557 1672 1832 1729 omnibus
1855 1678 2082 1744 pertur-

434 1764 691 1823 bationis
722 1764 905 1821 libera
950 1763 1401 1835 tranquillitatis
1433 1768 1491 1818 et
1538 1762 1701 1835 pacis
1731 1778 1944 1818 nomen
1976 1761 2081 1818 ba-

434 1855 573 1923 bes;
601 1857 658 1910 et
682 1870 749 1909 ea
777 1853 1173 1925 spectabimus
1202 1852 1262 1909 in
1294 1856 1369 1919 te,
1403 1868 1527 1924 quas
1555 1854 1790 1923 propter
1820 1856 2079 1907 nostram

433 1943 938 2015 imperfectionem
962 1942 1154 1999 adhuc
1175 1942 1234 1997 in
1266 1942 1436 1998 nobis
1456 1958 1571 1997 non
1602 1940 1878 1996 vidimus.
1912 1940 2080 2004 Quae-

433 2034 511 2091 rit
539 2037 737 2090 autem
769 2050 803 2088 a
832 2032 1142 2105 discipulis
1176 2047 1415 2105 sponsa,
1434 2031 1642 2102 Ecquid
1664 2032 1721 2085 in
1741 2029 2081 2087 Suiamitide

431 2138 558 2198 qua
585 2124 732 2179 venit
756 2122 896 2179 sicut
923 2123 1081 2178 chori
1108 2120 1488 2189 castrorum”,
1512 2120 1633 2176 sint
1653 2117 2079 2191 conspectum?

430 2211 725 2276 Quidnam
755 2209 1133 2282 conspicietis
1165 2210 1224 2265 in
1252 2226 1345 2266 me
1374 2209 1617 2282 pacifica
1649 2209 1736 2280 (ut
1785 2225 1913 2280 quae
1961 2224 2079 2263 non

430 2298 685 2371 amplius
713 2316 816 2371 per
845 2299 1157 2370 actionem,
1191 2299 1249 2353 in
1282 2298 1483 2355 hostili
1524 2299 1866 2369 certamine,
1899 2297 2080 2354 animi

432 2387 799 2449 affectionem
857 2404 960 2459 per
1017 2405 1230 2460 corpus
1283 2389 1548 2458 ostendo,
1584 2388 1682 2444 sed
1742 2387 1966 2445 ratione
2024 2391 2082 2443 et

433 2475 679 2539 scientia
707 2480 947 2549 propter
996 2478 1411 2549 perfectionem
1463 2478 1617 2533 veris
1648 2476 1707 2533 in
1743 2478 1915 2532 bonis
1944 2493 2078 2547 per-

432 2566 684 2636 maneo),
735 2581 862 2637 quae
914 2583 981 2622 ex
1029 2566 1537 2638 perturbationum
1587 2565 1741 2623 bello
1774 2565 2081 2638 multiplex

431 2655 625 2723 redeo,
651 2654 806 2710 sicut
846 2655 1009 2712 chori
1060 2656 1299 2727 quidam
1331 2673 1398 2713 ex
1435 2655 1632 2729 pralio
1664 2654 2077 2712 revertentium

428 2744 687 2800 victoriae
720 2746 1073 2816 praconium
1105 2745 1466 2801 celebrantes
1487 2746 1514 2800 ‘?
1545 2745 1691 2801 Cum
1722 2745 1879 2800 enim
1930 2748 2079 2801 stre-

431 2849 546 2890 nue
576 2850 679 2890 vos
709 2834 766 2888 in
792 2834 1111 2890 certamine
1141 2834 1419 2893 adversus
1441 2834 1892 2902 vitia,virtutum
1917 2833 2079 2890 insti-

436 2922 583 2977 tutis
612 2926 669 2976 et
699 2922 963 2978 moribus
990 2923 1319 2994 gesseritis,
1342 2922 1833 2995 borumjrationes
1866 2922 1950 2979 uti
1970 2924 2082 2979 vic-

429 3011 590 3069 toriaa
622 3009 827 3067 laudes
868 3011 1010 3067 scite
1041 3012 1374 3068 concinitis.

1019 3190 1203 3245 Trium
1232 3190 1486 3245 Patrum.

495 3276 807 3349 Discipulss
829 3283 1024 3334 autem
1057 3294 1335 3349 sponsam
1360 3278 1444 3334 sic
1465 3277 1759 3350 incipiunt
1775 3277 2073 3335 collauda-

422 3382 483 3422 ro
507 3382 520 3421 :
547 3367 724 3435 Quam
749 3367 977 3439 pulchri
998 3370 1134 3439 [acti
1146 3377 1277 3424 sunt
1307 3383 1521 3439 gressus
1546 3370 1631 3424 tui
1664 3370 1723 3424 in
1746 3369 2081 3424 calceamen-

419 3457 643 3527 tieﬁlia
662 3457 1209 3514 Nadab!Mirabilem
1235 3459 1553 3514 ostendunt
1574 3457 2072 3530 pulchritudinem

423 3560 662 3618 gressus
685 3546 796 3614 tui,
818 3547 1037 3619 quibus
1055 3552 1112 3603 te
1144 3548 1313 3604 nobis
1344 3564 1445 3620 per
1473 3548 1755 3603 virtutum
1815 3548 2077 3604 actiones

423 3636 857 3707 accommodas,
893 3653 1008 3708 quo
1042 3638 1099 3691 in
1132 3651 1336 3693 earum
1398 3637 1663 3692 moribus
1693 3642 1973 3708 tanquam
2014 3637 2073 3691 in

424 3723 840 3782 calceamentis
872 3726 1172 3795 incedens,
1204 3744 1307 3798 per
1362 3742 1574 3798 corpus
1621 3743 1721 3783 eas
1768 3726 1936 3782 nobis
1964 3725 2074 3781 im-

424 3813 694 3886 perfectis
727 3815 1121 3881 demonstres,
1168 3820 1232 3870 ut
1264 3816 1335 3870 ad
1370 3816 1637 3871 virtutem
1687 3815 2077 3871 informemur

424 3903 685 3975 exemplo
744 3908 845 3960 tuo
906 3905 1029 3960 ﬁlia
1085 3903 1229 3959 Dei:
1265 3906 1482 3976 quippe
1536 3921 1686 3975 quas,
1746 3909 1811 3959 ut
1870 3906 2075 3976 patris,

425 3993 597 4048 audis
630 4009 932 4049 sermones
962 3995 1112 4064 ejus,
1146 3994 1247 4065 qui
1279 3994 1577 4062 omnibus,
1600 3994 1834 4050 etiamsi
1867 3994 2075 4060 nolint,

425 4080 554 4151 tibi,
573 4086 767 4137 autem
795 4082 996 4138 volens
1022 4083 1380 4139 dominatur.
1409 4083 1610 4138 Nadab
1624 4084 1779 4139 enim
1811 4088 1900 4139 est
1922 4084 2079 4155 prin-

427 4184 582 4240 ceps,
608 4170 727 4227 sive
750 4171 887 4238 dux,
930 4171 1032 4243 qui
1074 4174 1281 4242 sponte
1318 4172 1589 4243 imperat.
1624 4171 1716 4227 Sic
1747 4177 1940 4228 autem
1976 4189 2079 4244 per

425 4257 699 4315 virtutem
724 4259 954 4330 pulchri
989 4264 1128 4317 sunt
1147 4274 1385 4329 gressus
1408 4259 1664 4331 tui,quia
1681 4262 2079 4317 concinnitates

423 4350 695 4417 femorum
726 4355 947 4403 tuorum
993 4352 1133 4403 sunt
1161 4350 1308 4403 sicut
1343 4348 1599 4414 monilia,
1648 4366 1766 4420 qua
1804 4349 2081 4419 fabricata

424 4436 555 4490 sunt
610 4451 785 4491 manu
842 4437 1100 4507 artiﬁcis.
1172 4437 1346 4492 Recte
1403 4436 1673 4493 videlicet
1738 4438 2079 4510 rationeque

424 4524 732 4595 compositi
767 4529 963 4581 motus
1014 4526 1410 4598 potentiarum
1470 4527 1530 4581 in
1590 4527 1968 4599 generatione
2014 4545 2079 4585 ac

429 4612 806 4684 corruptione
859 4615 1307 4670 consistentium
1341 4616 1693 4687 (cupidatem
1743 4621 1919 4688 atque
1962 4618 2078 4674 ira-

432 4700 710 4757 cundiam
742 4702 896 4775 dico)
927 4704 1099 4776 quasi
1127 4704 1200 4759 ab
1226 4703 1447 4760 artiﬁce
1478 4704 1721 4774 ratione,
1755 4707 1827 4761 ab
1858 4705 1932 4762 iis
1954 4723 2079 4778 quae

432 4796 792 4863 generantur
823 4797 882 4848 et
913 4798 1393 4865 corrumpuntur,
1426 4794 1496 4849 ad
1530 4794 1835 4867 superiora
1862 4794 2079 4864 inﬂexi,

432 4880 664 4939 similes
682 4886 821 4937 sunt
835 4881 1154 4939 monilibus
1170 4883 1460 4939 artificum
1481 4884 1813 4941 fabrefactis
1827 4886 2083 4959 etﬁgura

435 4969 620 5026 ﬂexis.
652 4972 1041 5036 Quamobrem
1065 4976 1119 5028 et
1154 4973 1452 5028 umbilicus
1492 4982 1617 5029 tuus
1636 4982 1818 5030 crater
1839 4978 2083 5032 (ornati-

434 5056 525 5125 lis,
560 5074 676 5113 non
707 5057 980 5130 indigens
1009 5058 1235 5131 poculo.
1277 5060 1527 5116 Omnino
1557 5062 1641 5117 vis
1672 5063 1949 5120 sensitive
1982 5069 2084 5121 tua

436 5145 563 5217 (per
593 5163 791 5217 quam,
819 5152 883 5203 ut
905 5165 1006 5220 per
1029 5148 1376 5205 umbilicum
1403 5149 1597 5205 infans
1617 5150 1677 5205 in
1701 5156 1864 5208 utero
1885 5170 2083 5211 rerum

436 5234 805 5290 sensibilium
829 5235 1251 5308 speculatione,
1279 5242 1341 5292 tu
1367 5238 1434 5292 ab
1467 5240 1731 5294 omnium
1764 5246 1951 5298 matre
1997 5260 2084 5298 sa-

437 5322 658 5394 pientia
688 5326 1111 5397 comprehensa
1141 5331 1198 5382 et
1227 5328 1447 5383 malitia
1463 5330 1697 5399 parvula
1718 5331 1763 5364 τι
1802 5331 2081 5387 naturali-

439 5415 529 5467 ter
550 5413 818 5486 nutriris)
851 5416 1284 5487 receptaculum
1308 5421 1399 5472 est
1418 5418 1704 5475 naturalis
1728 5436 1920 5476 rerum
1944 5421 2082 5477 visi-

440 5500 649 5559 bilium
684 5503 1058 5576 cognitionis,
1091 5508 1247 5562 recte
1273 5503 1469 5577 gladio
1502 5506 1755 5579 Spiritus
1787 5514 2081 5567 exsectum

506 5678 552 5713 ⁷⁸
582 5677 747 5734 Cant.
781 5695 881 5752 vn,
919 5681 970 5736 1.
1046 5680 1139 5737 '“I
1170 5680 1300 5737 Cor.
1333 5697 1448 5751 xw,
1479 5683 1567 5737 20.

2755 963 2878 1018 Τῶν
2907 962 2952 1038 γ’
2991 960 3162 1036 Πατὲρ
3170 981 3241 1015 ων
3252 1000 3265 1014 .

2266 1049 2333 1107 Αἱ
2367 1046 2424 1105 δὲ
2458 1050 2751 1125 μαθήτριαί
2784 1071 2909 1128 φασι
2940 1051 3075 1125 πρὸς
3102 1050 3202 1118 τήν
3233 1047 3481 1126 νύμφην·

2268 1140 2603 1217 Ἐπίστρεφε,
2660 1138 2966 1215 ἐπίστρεφε,
3023 1141 3058 1209 ἠ
3122 1137 3481 1211 Σουλαμῖτις,
3539 1135 3847 1215 ἰπίπρεφε,

2196 1227 2499 1307 ἐπίστρεφε,
2529 1228 2619 1283 καὶ
2656 1227 2902 1302 ὀψόμεθα
2931 1228 2984 1284 ἂν
3018 1226 3123 1283 σοί.

2268 1324 2446 1388 ¹Ἠτοι,
2505 1313 2895 1394 συγκατάϐαινε
2978 1318 3082 1373 ἀπὸ
3145 1320 3243 1371 τοῦ
3311 1314 3477 1390 ὕψους
3560 1321 3660 1385 τῆς
3735 1335 3846 1386 μυ-

2196 1413 2385 1476 στικῆς
2418 1407 2649 1483 θεωρίας
2680 1408 2817 1483 πρὸς
2864 1407 2963 1475 τήν
3016 1403 3106 1461 διὰ
3150 1410 3257 1460 τῶν
3299 1405 3569 1477 τεσσάρων
3618 1406 3845 1477 γενικῶν

2194 1495 2398 1571 ἀρετῶν
2456 1497 2653 1567 ἠθικὴν
2716 1494 3068 1552 διδασκαλίαν
3127 1497 3307 1567 ἡμῶν.
3356 1494 3851 1568 Συμμετριάζουσα

2193 1587 2331 1641 κατὰ
2356 1587 2454 1649 τὰς
2494 1586 2786 1658 εἰρημένας
2848 1585 3041 1660 ἀρετὰς
3093 1587 3374 1658 τετραχῶς
3427 1588 3548 1644 ταῖς
3606 1579 3684 1636 ἔτι
3741 1581 3851 1636 ὑπὸ

2194 1680 2379 1738 παθῶν
2443 1672 2815 1750 ὀχλουμέναις
2870 1675 3096 1745 ἡμῖν,ἡ
3157 1669 3226 1727 δι’
3264 1673 3523 1737 ἀπάθειαν
3582 1669 3852 1745 ἑρμηνεύ-

2194 1783 2345 1819 ουσασ
2396 1765 2431 1832 ἡ
2485 1760 2823 1835 Σουλαμῖτις
2870 1763 2996 1837 γὰρ,
3039 1760 3407 1838 εἷ’ρηνεύουσα,
3441 1758 3789 1833 ἑρμηνεύεται
3829 1776 3844 1790 ο

2187 1854 2276 1909 καὶ
2327 1851 2627 1925 θεασόμεθα
2682 1852 2736 1907 ὲν
2794 1850 2878 1906 σοὶ
2937 1850 2969 1905 ’ἀ
3026 1852 3194 1924 μήπω
3238 1849 3292 1905 ἐν
3323 1851 3538 1912 ἑαυταῖς
3593 1848 3845 1925 ἑωράκα-

2190 1963 2287 2016 μεν
2375 1939 2465 1996 διὰ
2518 1941 2617 2009 τὴν
2685 1941 2953 2014 ἡμετέραν
3015 1939 3286 1996 ἀτίΛειαν.
3343 1943 3550 2013 Ἐρωτᾷ
3605 1934 3652 1992 δ’
3701 1936 3842 2007 αὕτη

2188 2030 2353 2095 αὐτάς
2389 2050 2401 2063 ο
2463 2032 2522 2085 Τί
2580 2026 2775 2103 ὄψεσθε
2846 2028 2899 2084 ἐν
2970 2033 3039 2103 τῇ
3110 2025 3469 2101 Σουλαμίτιδι
3506 2071 3520 2097 ,
3578 2029 3612 2096 ἡ
3666 2026 3843 2103 ἐρχο-

2191 2119 2326 2194 μενη
2386 2121 2462 2183 ὡς
2544 2120 2709 2196 χοροὶ
2766 2122 2871 2174 τῶν
2947 2113 3357 2191 παρεμϐολῶν,
3410 2115 3606 2193 ἤγουν,
3656 2116 3726 2175 Τί
3783 2116 3843 2171 ἐν

2189 2208 2310 2283 ἐμοὶ
2374 2207 2625 2284 θεάσεσρε
2680 2210 2748 2281 τῇ
2806 2206 3188 2281 εἰρηνευούσῃ;
3252 2208 3326 2268 ὡς
3398 2204 3589 2281 μηκίτι
3666 2203 3841 2261 πολε-

2192 2303 2364 2371 μικῶς
2421 2296 2511 2353 καὶ
2568 2297 2940 2373 ἀγωνιστικῶς
2997 2295 3131 2351 κατὰ
3195 2295 3386 2369 πρᾶξιν
3441 2296 3539 2366 τήν
3598 2314 3845 2370 κεκρυμ-

2193 2387 2356 2462 μένην
2403 2408 2507 2460 μου
2585 2384 2817 2442 διάθεσιν
2874 2383 3177 2463 φανερούσῃ
3237 2382 3327 2440 διὰ
3378 2389 3474 2439 τοῦ
3533 2382 3788 2457 σώματος
3824 2400 3841 2415 '

2187 2475 2333 2533 ἀλλᾶ
2364 2476 2599 2551 λογικῶς
2657 2475 2749 2531 καὶ
2804 2478 3119 2549 γνωστικῶς
3177 2479 3292 2535 τοῖς
3350 2473 3571 2545 ἀληθῶς
3617 2474 3843 2548 ἀγαθοῖς

2189 2564 2498 2640 ἐμμενοόσῃ
2555 2563 2644 2620 διὰ
2698 2563 3038 2635 τελειότητα,
3106 2564 3139 2633 ἡ
3202 2562 3261 2618 ἐκ
3323 2566 3417 2617 τοῦ
3485 2566 3594 2617 τῶν
3652 2559 3839 2624 παθῶν

2187 2655 2437 2730 πολέμου
2498 2653 2905 2729 ἑπανερχομένη
2962 2651 3213 2723 πληθύςσ
3278 2650 3459 2727 ὥσπερ
3524 2652 3666 2713 τινες
3720 2649 3845 2705 ἐπι-

2187 2745 2392 2808 νικίους
2422 2741 2639 2815 ᾄδοντες
2669 2742 2871 2816 ὕμνους
2899 2742 3062 2818 χοροὶ
3092 2746 3199 2796 τῶν
3256 2740 3316 2796 ἐκ
3358 2738 3612 2814 πολέμου
3673 2738 3842 2794 ἐπαν-

2188 2833 2523 2909 ερχομένων.
2576 2832 2841 2895 Γενναίως
2898 2833 2999 2909 γὰρ
3059 2829 3111 2886 ἐν
3164 2834 3244 2903 τῷ
3298 2831 3435 2885 κατὰ
3488 2834 3595 2885 τῶν
3650 2832 3840 2893 παθῶν

2186 2923 2421 2997 πολέμῳ
2502 2918 2896 2999 ἀγωνισάμεναι
2977 2920 3113 2976 κατὰ
3203 2918 3331 2982 τοὺς
3409 2919 3644 2994 τρόπους
3728 2922 3840 2973 τῶν

2187 3012 2413 3088 ἀρετῶν,
2472 3012 2548 3075 ὡς
2607 3009 2905 3073 ἐπινικίους
2962 3009 3167 3084 ὕμνους
3192 3008 3319 3072 τοὺς
3372 3009 3577 3064 τούτων
3634 3005 3844 3083 λόγους

2187 3100 2338 3174 ᾄδετε
2369 3105 2703 3177 γνωστικῶς.

2748 3192 2864 3244 Τῶν
2892 3189 2938 3266 γ’
2967 3189 3241 3265 Ηατὲρων.

2257 3279 2326 3337 Al
2362 3276 2418 3335 δὲ
2451 3280 2747 3354 μαθήτριαι
2790 3278 2884 3333 τὸν
2942 3284 3041 3347 τῆς
3100 3276 3319 3351 νύμφης
3379 3270 3594 3346 ἔπαινον
3654 3278 3841 3328 ποιεῖ-

2186 3380 2305 3441 σθαι
2361 3369 2764 3444 ἀπαρχόμεναι,
2793 3365 2919 3435 φασί
2946 3384 2959 3399 ⁸
2993 3366 3056 3421 Τί
3099 3366 3474 3442 νὼραιώθησαν
3524 3357 3845 3435 διαδήματα

2182 3479 2279 3514 του
2333 3457 2385 3513 ἂν
2444 3455 2778 3531 ὑποδήματι,
2838 3454 3072 3532 θύγατερ
3126 3449 3338 3510 Ναδάϐί
3373 3451 3660 3524 δηλονότι,
3692 3458 3839 3506 Θαυ-

2189 3549 2382 3621 μάσιον
2445 3545 2653 3609 κάλλος
2734 3542 3091 3600 ὶνδείκνυνται
3151 3545 3206 3599 αἱ
3269 3544 3407 3599 κατὰ
3476 3541 3570 3604 τὰς
3649 3540 3845 3616 ἀρετὰς

2183 3631 2639 3711 συγκαταϐατικαὶ
2711 3636 2847 3710 πρὸς
2925 3637 3071 3706 ἡμᾶς
3140 3631 3358 3708 πορεῖαί
3422 3652 3529 3687 σου
3605 3629 3656 3684 ἐν
3716 3636 3839 3691 τοῖς

2181 3725 2387 3781 τούτων
2418 3726 2556 3780 κατὰ
2593 3727 2784 3799 πρᾶξιν
2830 3724 3080 3797 τρόποις,
3114 3721 3204 3784 οὒς
3262 3720 3450 3795 οἷάπερ
3511 3718 3841 3792 ὑποδήματα

2187 3812 2560 3884 ὑποδέδενται,
2615 3811 2707 3867 ’ίνα
2767 3810 2855 3867 διὰ
2910 3813 3166 3885 σώματος
3228 3808 3487 3885 δειχθῶσι
3540 3814 3658 3872 ταῖς
3716 3808 3838 3863 ἁτε·

2185 3901 2333 3959 λὲσιν
2356 3906 2515 3977 ἡμῖν,
2548 3902 2638 3957 καὶ
2669 3903 3007 3975 τυπωθῶμεν
3040 3901 3177 3977 πρὸς
3227 3902 3421 3976 ἀρετήν
3466 3903 3546 3970 τῷ
3593 3897 3731 3953 κατὰ
3780 3897 3839 3951 σὲ

2183 3990 2603 4067 παραδείγματι.
2675 3990 2904 4067 θύγατερ
2996 3994 3172 4045 Θεοῦ’
3233 3989 3307 4047 ὡς
3384 3986 3655 4043 ἀκούουσα
3726 3990 3835 4055 τῶν

2187 4081 2365 4156 λόγων
2423 4081 2613 4147 αὐτοῦ,
2671 4080 2758 4135 οἷα
2810 4079 3035 4154 πατρὸς,
3068 4078 3128 4141 ’ὀς
3182 4077 3393 4132 πάντων
3456 4078 3551 4151 μὶν
3598 4076 3693 4131 κᾶν
3758 4077 3837 4148 μὴ

2185 4170 2414 4227 θέλωσιν
2471 4171 2669 4245 ἄρχει·
2732 4172 2827 4223 σοῦ
2882 4166 2943 4223 δὲ
3000 4170 3090 4223 καὶ
3148 4166 3434 4223 ἑκουσίως.
3495 4160 3677 4221 Ναδᾶϐ
3735 4165 3838 4240 γὰρ

2188 4256 2372 4334 ἅρχων
2458 4259 2493 4329 ἢ
2570 4259 2799 4332 ἡγεμὼν
2881 4256 3330 4330 ἐκουσιαζόμενος
3431 4253 3787 4330 ἑρμηνεύεται
3824 4272 3838 4287 '

2223 4347 2248 4368 "
2363 4345 2406 4402 δ’
2466 4346 2537 4401 l‘
2637 4348 2656 4400 ἱ
2794 4346 2854 4367 ”
3226 4351 3250 4361 ’⁸
3604 4349 3625 4359 ⁸
3708 4362 3720 4375 ·
3789 4365 3818 4376 -

2188 4369 2330 4403 ουτω
2438 4368 2570 4402 εσιν
2602 4368 2633 4401 α
2688 4367 2787 4401 κατ
2836 4347 3033 4421 αρετὴν
3091 4345 3308 4422 πορειαί
3338 4366 3433 4400 σου
3485 4345 3684 4420 ὡραιαι
3756 4342 3841 4399 δ.ι

2186 4436 2409 4511 Ῥυθμοὶ
2476 4440 2664 4511 μηρῶν
2726 4457 2823 4492 σου
2890 4434 3079 4509 ὅμοιοι
3131 4431 3594 4511 ὁρμίσκοις,ἔργα
3633 4438 3839 4508 χειρῶν

2188 4525 2462 4602 τεχνίτου.
2508 4522 2731 4596 Δηλαδή
2762 4526 2817 4579 αἱ
2874 4525 3010 4580 κατὰ
3069 4523 3235 4600 λόγον
3292 4522 3535 4579 εὔτακτοι
3596 4524 3842 4593 κινήσεις

2194 4617 2303 4672 τῶν
2350 4616 2470 4689 περὶ
2528 4615 2589 4670 τὸ
2647 4612 2698 4669 ἐν
2758 4613 2959 4689 γενέσει
3016 4615 3107 4669 καὶ
3166 4615 3340 4691 φθορᾷ
3393 4612 3841 4686 καταγινομὲνων

2190 4705 2498 4779 πρακτικῶν
2573 4724 2667 4759 σου
2741 4700 3066 4776 δυνάμεων·
3123 4709 3226 4772 τῆς
3298 4702 3612 4775 ἐπιθυμίας,
3668 4700 3842 4776 λὲγω,

2189 4797 2279 4850 καὶ
2327 4798 2423 4848 τοῦ
2482 4796 2678 4866 θυμοῦ,
2741 4793 2816 4855 ὡς
2880 4794 2983 4848 ὑπὸ
3039 4790 3292 4867 τεχνίτου
3348 4795 3443 4846 τοῦ
3503 4790 3674 4865 λόγου
3731 4790 3839 4845 ἀπὸ

2190 4888 2294 4939 τῶν
2355 4887 2600 4958 γενητῶν
2686 4881 2774 4938 καὶ
2862 4887 3112 4959 φθαρτῶν
3179 4882 3313 4957 πρὸς
3367 4880 3434 4935 τὰ
3485 4880 3616 4956 ὑπὲρ
3673 4885 3843 4935 ταῦτα

2189 4974 2603 5045 καμπτόμεναι,
2663 4975 3087 5047 παρεικάζονται
3161 4969 3445 5045 ὁρμίσκοις
3518 4969 3840 5045 εἷργαζομέ-

2191 5082 2304 5124 νοις
2352 5061 2454 5116 ὑπὸ
2512 5065 2721 5136 χειρῶν
2771 5060 3047 5137 τεχνίτου,
3105 5064 3380 5133 καμπτοῖς
3435 5064 3513 5131 τῶ
3569 5061 3843 5133 σχήματι.

2190 5153 2343 5215 Ὅθεν
2406 5150 2495 5205 καὶ
2544 5151 2605 5207 Ὁ
2667 5145 2920 5227 ὀμφαλός
2978 5170 3071 5204 σου
3145 5150 3355 5225 κρατήρ
3429 5149 3700 5224 τορευτὸς,
3766 5150 3843 5221 μή

2196 5240 2585 5315 ὑστερούμενος
2670 5246 2874 5315 κρᾶμα.
2951 5240 3173 5299 Πάντως
3256 5239 3316 5294 τὸ
3372 5238 3689 5307 αἴσθητικόν
3746 5259 3845 5293 σου

2192 5327 2284 5404 (δι’
2316 5329 2378 5384 οὗ
2412 5328 2488 5392 ὠς
2519 5326 2589 5384 δι’
2624 5327 2883 5406 ὀμφαλοῦ
2939 5330 3001 5384 τὸ
3053 5327 3103 5384 ἰν
3155 5329 3336 5403 μήτρᾳ
3396 5325 3589 5404 βρᾶφος
3644 5328 3844 5403 τρέφῃ,

2196 5423 2436 5497 φυσικῶς
2491 5422 2559 5493 τῇ
2618 5420 2737 5474 κατ’
2766 5416 3011 5490 αἴσθησιν
3072 5416 3272 5490 θεωρίᾳ
3328 5421 3433 5472 τῶν
3484 5412 3676 5484 ὄντων,
3710 5414 3847 5470 συλ-

2196 5507 2468 5586 ληφθεῖσα
2527 5508 2630 5564 ὑπὸ
2684 5515 2785 5578 τῆς
2838 5511 3054 5564 πάντων
3090 5506 3298 5581 μητρὸς
3356 5505 3568 5583 σοφίας,
3626 5505 3718 5560 καὶ
3778 5508 3850 5578 τῇ
