4102 6342
267 387 404 449 669

1323 385 1730 449 COMMENT.
1775 386 1854 446 IN
1899 382 2301 448 CANTICUM
2348 386 2652 450 CANTIC.

3575 386 3699 450 6'70

275 518 449 596 κακίῃ
503 521 878 594 νηπιάζουσα)
935 517 1151 596 δοχεῖόν
1215 517 1327 576 ἔστι
1382 522 1480 590 τῆς
1539 527 1769 600 φυσικῆς
1824 523 1931 578 τῶν

2047 524 2104 578 et
2127 522 2200 580 ab
2231 521 2392 579 omni
2420 522 2624 580 fraude
2651 523 3011 595 sejunctum,
3059 539 3127 580 ac
3174 524 3485 596 propterea
3530 521 3690 580 haud

267 610 494 687 ὁρατῶν
523 609 800 687 γνώσεως,
850 608 1034 672 καλῶς
1075 613 1144 684 τῇ
1199 608 1444 686 μαχαίρᾳ
1490 607 1586 665 τοῦ
1617 607 1930 683 Πνεύματος

267 699 559 774 ἐξεσμίνον
625 699 716 754 καὶ
779 705 882 769 τῆς
957 699 1169 770 ἀπάτης
1251 698 1675 775 ἀπηλλαγμένον
1713 718 1727 732 ⁸
1803 697 1931 754 κάν-

261 793 464 854 ,τεῦθεν
515 788 592 853 ὠς
650 791 726 862 μή
773 786 994 864 ἀλόγως
1044 791 1152 843 τῶν
1213 787 1482 858 αἰσθητῶν
1530 781 1931 860 ἀντιλαμϐανό-

269 899 471 954 μενον,
531 878 594 934 οὐ
644 877 809 952 ψιλὰς
867 877 963 941 τὰς
1017 877 1328 955 ἐπιφανείας
1383 881 1491 932 τῶν
1551 877 1756 953 ἀρετῶν
1807 875 1933 932 im-

279 966 523 1045 φέρεται,
584 967 728 1024 ἀλλὰ
810 968 984 1031 πάσας
1056 972 1176 1030 τοῖς
1260 972 1652 1043 πνευματικοῖς
1721 965 1931 1022 τούτων

278 1055 479 1132 λόγοις
549 1056 962 1130 κεκερασμῶθας.
1039 1056 1102 1112 Ἠ
1170 1053 1228 1111 δὲ
1295 1054 1484 1114 κοιλία
1539 1077 1638 1112 σου
1698 1053 1934 1128 θημονία

279 1146 434 1202 σίτου
480 1146 833 1224 πεφραγμένη
883 1145 937 1201 ἂν
993 1146 1238 1222 κρίνοις·
1289 1143 1438 1216 ἤτοι,
1504 1146 1573 1201 Τὸ
1647 1165 1933 1223 φανταστι-

273 1236 377 1292 κόν
405 1257 522 1305 σου,
553 1234 710 1308 ὅπερ,
743 1237 832 1290 οἷα
875 1232 1061 1292 κοιλία
1109 1235 1204 1290 σὺν
1251 1240 1370 1296 τοῖς
1400 1235 1775 1310 περιττώμασι
1805 1231 1931 1294 τοὺς

273 1321 342 1380 ix
386 1328 494 1379 τῶν
549 1324 852 1400 βρωμάτων
897 1321 1118 1400 χυμοὺς
1157 1321 1501 1398 ἀδιακρίτους
1549 1322 1756 1378 τούτων
1817 1322 1932 1377 ἰπι-

277 1413 587 1492 φερομένη)
644 1411 758 1486 ἅμα
811 1417 930 1475 ταῖς
985 1412 1320 1492 ἐπιφανείαις
1365 1415 1473 1468 τῶν
1535 1411 1744 1488 ὁρατῶν
1803 1409 1930 1472 τοὺς

276 1502 492 1560 τούτων
553 1501 859 1580 ἐπιφέρεται
909 1500 1134 1578 λόγους,
1187 1501 1438 1563 ἄπόθεσίς
1497 1500 1606 1556 ἐστι
1666 1499 1754 1556 καθ
1815 1496 1932 1554 δια-

275 1593 429 1668 μονῆ
464 1589 619 1668 (ὅπερ
647 1592 710 1646 τὸ
755 1593 994 1665 θημονία
1043 1588 1231 1665 δηλοῖ)
1275 1595 1373 1646 τοῦ
1418 1585 1628 1655 ἔνδοθεν
1659 1594 1767 1645 τῶν
1800 1609 1929 1668 φαν-

283 1684 480 1740 θεισῶν
527 1680 889 1760 ἐπιφανειῶν,
947 1681 1021 1742 ὡς
1075 1680 1178 1735 ὑπὸ
1227 1678 1514 1755 ἀσταχύων
1575 1677 1726 1733 σίτου
1775 1698 1930 1753 περι-

266 1769 704 1843 .καλυπτομὲνου
760 1773 860 1836 τῆς
918 1768 970 1824 ἰν
1026 1767 1184 1833 ὅλοις
1241 1767 1501 1841 ἀληθείας
1558 1766 1931 1844 λόγου,ἄχρις

2040 615 2280 682 temere,
2312 629 2439 684 quis
2472 614 2580 669 sub
2621 629 2861 670 sensum
2894 613 3139 683 cadunt,
3188 611 3539 684 percipiens,
3573 629 3690 670 non

2040 701 2341 773 simplices
2371 701 2652 756 virtutum
2684 702 2909 774 species
2940 701 3129 769 affert,
3156 702 3258 758 sed
3278 717 3480 758 omnes
3511 701 3694 774 spiri-

2043 790 2262 848 talibus
2293 807 2497 846 earum
2529 790 2860 846 rationibus
2895 791 3477 862 temperatas.Venter
3495 780 3693 848 autem

2041 888 2165 936 tuus
2191 881 2335 936 sicut
2355 895 2581 937 acervus
2639 880 2816 935 tritici
2860 878 3104 936 vallatus
3155 879 3321 937 liliis.
3374 879 3469 937 Vis
3514 881 3696 936 nimis

2041 986 2173 1025 rum
2199 969 2598 1039 imaginativa,
2616 985 2744 1040 quae
2769 968 3006 1041 quidem
3039 970 3338 1040 (utventer
3357 969 3535 1026 simul
3557 987 3692 1026 cum

2043 1058 2221 1114 rebus
2245 1059 2562 1130 superfluis
2585 1057 2850 1114 ciborum
2874 1074 3080 1113 succos
3100 1058 3171 1113 ab
3195 1057 3313 1114 illis
3343 1058 3693 1116 indiscretos

2041 1147 2321 1218 continet)
2346 1163 2464 1202 una
2512 1163 2644 1203 cum
2677 1163 2871 1202 rerum
2902 1146 3226 1202 visibilium
3257 1148 3562 1219 speciebus
3593 1163 3692 1204 ea-

2039 1252 2174 1291 rum
2205 1235 2465 1292 rationes
2514 1236 2686 1309 gerit,
2728 1241 2820 1292 est
2884 1235 3163 1308 repositio
3219 1240 3276 1292 et
3330 1237 3693 1293 conservatio

2040 1325 2216 1396 (quod
2249 1325 2488 1396 quidem
2513 1341 2754 1382 acervus
2786 1325 3028 1394 indicat)
3060 1325 3305 1382 rationis
3334 1341 3532 1381 rerum
3563 1343 3692 1383 om-

2036 1414 2210 1476 nium
2240 1413 2524 1484 veritatis,
2557 1430 2688 1484 quae
2719 1413 2874 1469 inter
2913 1413 3163 1485 species,
3194 1417 3260 1470 ut
3305 1414 3458 1471 inter
3498 1415 3694 1487 spicas

2041 1503 2324 1575 triticum,
2359 1504 2739 1559 circumtecla
2778 1502 3125 1572 includitur,
3157 1504 3341 1559 donec
3373 1519 3476 1576 per
3502 1505 3694 1560 scien-

2041 1591 2188 1649 tiam
2211 1592 2485 1664 cogitatio
2506 1592 2698 1664 ipsam
2725 1592 3096 1665 distinguens
3119 1592 3696 1660 attraxerit,nudam-

2045 1697 2158 1756 que
2190 1682 2262 1738 ab
2294 1681 2454 1737 omni
2483 1682 2886 1754 integumento
2911 1698 2977 1738 ac
3022 1681 3388 1738 dubitatione
3426 1683 3496 1738 ad
3523 1698 3694 1739 men-

2045 1777 2165 1828 tem
2188 1770 3066 1830 transmiserit.Circumvallata
3087 1775 3285 1828 autem
3302 1772 3694 1828 custoditaest

273 1857 348 1925 ,ἃν
409 1860 528 1933 μετ’
585 1858 894 1933 ἐπιστήμης
959 1856 1270 1934 διακρίνασα
1333 1856 1701 1936 ἀφελκύσηται
1771 1856 1928 1912 αὐτὸν

2045 1860 2166 1916 haec
2188 1861 2468 1934 repositio
2491 1859 2935 1932 tranquillitate,
2970 1877 3096 1932 quea
3137 1861 3264 1933 agri
3301 1861 3562 1918 liliorum
3593 1878 3692 1918 ex-

283 1951 320 2019 ἠ
385 1946 617 2018 διάνοια,
673 1948 762 2005 καὶ
825 1948 1030 2023 γυμνὸν
1088 1948 1288 2012 παντὸς
1349 1945 1802 2022 ἐπικαλύμματος
1846 1947 1931 2002 καὶ

2044 1950 2238 2022 emplo
2273 1951 2332 2004 in
2373 1949 2700 2023 Evangeliis
2744 1950 3076 2005 declaratur
3096 1951 3160 2018 τε,
3212 1967 3285 2006 ne
3331 1950 3505 2006 istius
3560 1951 3693 2007 vita

285 2034 713 2113 προϐλήματος,
766 2039 1105 2116 παραπέμψῃ
1153 2043 1233 2112 τῷ
1290 2042 1388 2111 νῷ,
1448 2035 1845 2116 Πεφυλαγμὲνη
1879 2034 1954 2093 δι’

284 2125 486 2199 ἱστινὴ
518 2127 772 2191 ἀπόθεσις
812 2124 947 2200 αὕτη
1001 2131 1036 2199 ἡ
1084 2125 1174 2183 διὰ
1227 2132 1335 2184 τῶν
1394 2127 1586 2203 κρίνων
1636 2132 1734 2183 τοῦ
1765 2127 1934 2202 ἀγροῦ

274 2215 899 2295 ,παραδειγματιζομὲνη
932 2215 986 2272 ἐν
1034 2216 1414 2292 Εὖαγγελίοις,
1476 2215 1790 2290 ἀμεριμνίᾳ,
1843 2215 1936 2271 ’ίνα

281 2309 360 2380 μή
399 2308 504 2362 ὑπὸ
558 2310 665 2361 τῶν
711 2310 809 2362 τοῦ
871 2307 994 2383 βίου
1051 2303 1322 2383 διαφθαρῇ
1384 2311 1686 2382 μεριμνῶν,
1719 2306 1934 2361 καὶτοῦ

286 2397 339 2453 ἂν
398 2396 568 2471 ταύτῃ
642 2399 1011 2470 πνευματικοῦ
1079 2400 1290 2472 καρποῦ
1354 2397 1382 2451 ὁ
1466 2395 1635 2458 καλὸς
1693 2395 1935 2472 γεωργὸς

268 2491 398 2550 νοῦς
450 2488 710 2562 στερηθῇ.
771 2488 874 2544 Καὶ
923 2486 1067 2543 οὕτω
1121 2489 1215 2561 μὶν
1359 2489 1550 2543 κοιλία
1576 2507 1693 2544 σον.
1752 2489 1817 2544 Οἱ
1877 2484 1934 2542 δὲ

278 2573 377 2632 δύο
449 2577 643 2652 μαστοί
702 2597 818 2645 σου,
893 2577 968 2639 ὡς
1045 2573 1142 2632 δύο
1219 2572 1400 2654 νεϐροὶ
1464 2573 1686 2650 δίδυμοι
1746 2574 1935 2653 δορκά-

274 2664 371 2730 δος
408 2686 422 2700 ⁵
449 2666 643 2743 ἤγουν,
674 2667 737 2724 ’Π
786 2668 986 2744 φυσικὴ
1032 2666 1122 2721 καὶ
1163 2668 1197 2738 ἡ
1229 2668 1395 2737 ἠθικὴ
1430 2664 1757 2722 διδασκαλία
1786 2688 1882 2722 σου
1915 2685 1928 2700 ·

281 2753 353 2816 δι’
412 2757 489 2811 ὧν
527 2759 624 2821 τὰς
699 2754 910 2819 ἀτελεῖς
957 2757 1169 2834 τρέφεις
1217 2759 1388 2829 ἡμᾶς,
1449 2757 1640 2832 οἷάπερ
1698 2754 1931 2831 γάλακτι

276 2850 399 2908 τοῖς
430 2850 680 2924 φυσικοῖς
714 2842 900 2920 λόγοις
930 2845 1020 2899 καὶ
1049 2844 1274 2921 τρόποις
1307 2845 1443 2920 πρὸς
1473 2847 1574 2916 τήν
1623 2845 1674 2902 ἄν
1720 2847 1933 2922 Χριστῷ

278 2933 604 3006 τελειότητα
635 2954 648 2966 '
711 2931 825 3008 ἅμα
875 2933 935 2989 ἐκ
986 2939 1082 2990 σοῦ
1133 2935 1271 3010 κγτᾶ
1324 2936 1418 3009 μὶν
1451 2935 1676 3011 θεωρίαν
1712 2933 1934 3011 ὀξυδερ-

279 3029 413 3097 κῶς,
473 3024 609 3079 κατᾶ
667 3020 724 3078 δὲ
780 3024 969 3098 πρᾶξιν
1005 3021 1323 3099 ὀξυδρόμως
1352 3021 1602 3101 προίασιν
1638 3042 1652 3056 ⁸
1685 3025 1762 3088 ὡς
1793 3027 1932 3098 μήτε

227 3128 232 3132 '
277 3115 370 3171 τὸν
405 3112 576 3189 λόγον
622 3110 916 3188 ἄπρακτον,
968 3115 1106 3186 μήτε
1152 3115 1251 3183 τήν
1306 3115 1496 3189 πρᾶξιν
1557 3111 1759 3190 ἄλογον
1814 3112 1931 3169 ἐπι-

269 3201 657 3276 δεικνυμὲνης.
720 3202 862 3277 Πρὸς
916 3201 1131 3265 τούτοις
1205 3199 1284 3258 δὲ.
1333 3201 1630 3280 Τράχηλός
1688 3224 1805 3273 σου,
1857 3204 1932 3265 ὡς

273 3293 486 3370 πύργος
536 3290 902 3370 ὄλεφάντινος,
969 3288 1186 3363 Ei’touv,
1260 3293 1336 3350 Τὸ
1411 3291 1674 3348 συνάπτον
1732 3293 1810 3365 τῷ
1856 3296 1932 3365 νῷ

268 3385 376 3454 κήν
425 3379 680 3453 αἶ’σθησιν
748 3378 978 3456 λογικόν
1058 3401 1176 3454 σου,
1233 3380 1471 3457 καθάπερ
1519 3378 1808 3458 τράχηλος
1863 3384 1932 3456 τῇ

276 3469 496 3551 κεφαλῇ
547 3471 610 3526 τὸ
656 3470 854 3526 λοιπὸν
926 3474 1106 3543 σῶμα,
1171 3472 1261 3526 οἷα
1320 3471 1416 3544 μὶν
1475 3472 1679 3548 πύργος
1729 3468 1934 3546 αἴρεται

267 3562 394 3620 καν⁹
423 3561 620 3636 ἀρετὴν
650 3559 758 3615 ἀπὸ
815 3563 921 3615 τῶν
973 3563 1242 3633 σαρκικῶν
1302 3561 1438 3635 πρὸς
1489 3561 1557 3615 τα
1595 3559 1936 3633 πνευματικὰ

282 3650 375 3708 καὶ
436 3646 661 3724 οῦράνια
690 3668 702 3682 ’
737 3649 828 3704 οἷα
888 3645 935 3704 δ’
981 3646 1328 3719 ἆλεφάντινος
1377 3647 1524 3704 λεῖον
1582 3650 1813 3726 ὑπάρχει
1843 3647 1934 3703 καὶ

271 3740 516 3816 ¹καθαρὸν
551 3736 641 3794 διὰ
676 3738 741 3794 τὸ
774 3737 1134 3814 ἀπηλλάχθαι
1170 3746 1268 3808 τῆς
1297 3740 1414 3794 κατ’
1444 3738 1689 3814 ἔλλειψιν
1717 3741 1932 3814 ἀρετῆς,

271 3831 372 3902 κηὶ
415 3825 731 3904 ὑπερϐολὴν
793 3827 1131 3900 μολυντικῆς
1173 3833 1283 3883 τῶν
1341 3831 1533 3906 ψυχῶν
1594 3825 1932 3900 ἀνισότητος.

269 3919 374 3978 Καὶ
435 3917 718 3997 ὀφθαλμοί
802 3937 920 3989 σου,
1000 3917 1074 3979 ὡς
1159 3915 1349 3990 λίμναι
1437 3917 1488 3973 ἰν
1561 3913 1826 3974 Ἐσσεϐὼν
1879 3919 1931 3976 ἐν

271 4005 477 4071 πύλαις
551 4005 820 4082 θυγαθρὸς
866 4003 1118 4063 πολλῶν.
1176 4003 1424 4077 Δηλαδή,
1479 4008 1546 4064 Αἱ
1607 4007 1934 4083 θεωρητικαὶ

264 4103 371 4166 τῆς
429 4098 614 4172 ψυχῆς
661 4116 757 4150 σου
792 4093 1073 4168 δυνάμεις,
1133 4097 1324 4171 οἷάπερ
1384 4095 1573 4171 λίμναι
1627 4099 1933 4175 συναγωγοὶ

273 4191 386 4242 τῶν
445 4185 499 4240 ἂν
558 4184 745 4247 αὑταῖς
806 4183 1122 4260 εἰσρεόντων
1184 4182 1391 4240 ὕδάτων
1451 4185 1739 4261 συνάγουσι
1781 4186 1832 4243 ἔν
1864 4192 1932 4263 τῇ

263 4275 490 4345 αὐξήσει
546 4281 644 4344 τῆς
699 4274 818 4330 κατ’
885 4273 1083 4347 ἀρετὴν
1143 4273 1286 4336 θείας
1345 4274 1718 4353 καρποφορίας
1777 4271 1932 4352 (ὅπερ

262 4365 335 4421 τὸ
391 4357 661 4423 Ἐσσεϐὼν
732 4361 1113 4437 ἑρμηνεύεται)
1191 4359 1280 4418 διὰ
1338 4364 1513 4437 μὲσῶν
1574 4367 1683 4419 τῶν
1742 4363 1932 4437 αἶ’σθή-

261 4473 430 4525 σεων,
462 4450 531 4507 δι’
584 4452 657 4509 ὧν
715 4446 791 4514 ὥς
850 4472 1013 4506 τινων
1069 4449 1264 4506 πυλῶν
1330 4451 1404 4514 είς
1453 4454 1642 4529 νοερὰν
1678 4456 1865 4530 ψυχὴν
1897 4458 1930 4526 ἡ

262 4547 375 4599 τῶν
433 4541 579 4599 ὅλων
625 4546 825 4617 γνῶσις
881 4541 1100 4596 εἰσιέναι
1162 4541 1385 4619 πέφυκε,
1439 4543 1540 4613 τὴν
1596 4545 1927 4619 τικτομένην

2045 2039 2489 2096 sollicidinibus
2510 2056 2678 2095 mens
2725 2039 2895 2111 quasi
2937 2038 3127 2095 bonus
3157 2039 3413 2111 agricola
3439 2039 3690 2112 spiritali

2044 2128 2234 2202 ipsius
2268 2129 2459 2185 fructu
2485 2129 2767 2202 privetur.
2789 2133 2976 2202 Atque
2997 2128 3080 2185 ita
3105 2129 3342 2201 quidem
3379 2145 3442 2188 se
3488 2133 3692 2186 venter

2044 2219 2241 2275 habet.
2289 2221 2404 2275 Duo
2459 2222 2656 2275 autem
2713 2219 2890 2276 ubera.
2946 2221 3064 2288 tua,
3114 2228 3257 2276 sicut
3303 2220 3407 2276 duo
3459 2219 3693 2280 hiuuuli

2041 2309 2266 2379 gemelli
2312 2325 2539 2380 caprea.
2572 2309 2870 2365 Naturalis
2903 2314 2960 2364 et
2989 2308 3230 2366 moralis
3276 2309 3543 2366 doctrina
3571 2326 3690 2382 qua

2045 2416 2150 2456 nos
2171 2400 2544 2471 imperfectos
2574 2405 2861 2472 tanquam
2885 2401 3056 2466 lacte,
3083 2406 3209 2456 tum
3233 2399 3562 2456 rationibus
3585 2417 3688 2456 na-

2042 2489 2353 2560 turalibus,
2377 2493 2546 2545 tuum
2582 2489 2844 2546 moribus
2869 2491 2940 2546 ad
2975 2507 3103 2546 eam
3128 2507 3254 2563 qum
3278 2490 3338 2547 in
3359 2489 3586 2547 Christo
3607 2493 3696 2546 est

2043 2579 2464 2652 perfectionem
2497 2579 2685 2635 nutrit
2717 2595 2730 2635 :
2767 2579 2984 2651 pariter
3014 2595 3083 2635 ex
3113 2584 3168 2636 te
3215 2585 3341 2636 tum
3400 2583 3567 2636 acute
3593 2595 3698 2652 per

2042 2668 2622 2740 contemplationem,
2647 2672 2773 2724 tum
2797 2684 2901 2741 per
2921 2668 3212 2725 actionem
3234 2668 3502 2726 celeriter
3524 2668 3654 2726 ﬂuit
3680 2685 3694 2724 :

2043 2774 2178 2813 cum
2213 2774 2402 2830 neque
2434 2757 2722 2814 rationem
2753 2758 2882 2814 sine
2913 2758 3160 2824 actione,
3194 2775 3383 2830 neque
3405 2757 3696 2814 actionem

2041 2848 2170 2904 sine
2200 2849 2423 2904 ratione
2444 2848 2654 2904 doceas
2703 2864 2832 2904 esse
2879 2848 3382 2920 conplectendam.
3424 2849 3512 2904 Ad
3568 2848 3690 2904 haec

2040 2938 2244 2996 collum
2274 2946 2431 2993 tuum
2459 2939 2604 2994 sicut
2635 2939 2808 2994 turris
2837 2939 3106 2995 eburnea.
3132 2937 3396 2994 Rationis
3425 2937 3534 3007 vis,
3568 2954 3696 3009 quae

2042 3031 2108 3084 ut
2137 3025 2356 3083 collum
2386 3028 2563 3098 capiti
2612 3044 2825 3099 corpus
2858 3027 3175 3100 reliquum,
3211 3027 3294 3084 ita
3324 3027 3506 3086 menti
3558 3043 3692 3084 sen-

2041 3133 2175 3172 sum
2207 3115 2519 3172 connectit.
2553 3116 2735 3171 turris
2784 3116 3019 3187 quidem
3072 3115 3261 3172 instar
3289 3132 3392 3187 per
3418 3115 3695 3174 virtutem

2045 3222 2079 3262 a
2110 3205 2285 3262 rebus
2308 3204 2646 3262 carnalibus
2669 3206 2741 3262 ad
2761 3204 3059 3277 spiritales
3081 3222 3147 3261 ac
3169 3204 3431 3262 ccelestes
3474 3205 3696 3262 extolli-

1963 3270 2006 3338 C
2045 3299 2163 3364 tur;
2185 3293 2328 3352 levis
2351 3300 2439 3352 est
2460 3299 2658 3351 autem
2683 3298 2739 3349 et
2769 3270 2916 3366 pura
2939 3311 3064 3367 quas
3096 3300 3186 3352 est
3213 3295 3378 3367 ebur,
3416 3294 3699 3367 quoniam

2045 3385 2118 3441 ab
2141 3385 2540 3457 inaequalitate
2574 3401 2700 3457 quae
2726 3384 2784 3440 in
2817 3401 3057 3442 excessu
3090 3386 3433 3458 defectuque
3463 3385 3702 3444 virtutis

2035 3475 2199 3543 inest
2224 3479 2280 3530 et
2310 3476 2540 3531 animas
2562 3475 2856 3547 inquinat,
2882 3479 2972 3531 est
2994 3475 3412 3533 remotissima.
3442 3477 3512 3532 Et
3539 3476 3688 3533 oculi

2045 3565 2132 3620 tui
2159 3567 2300 3620 sicut
2327 3564 2560 3635 piscinae
2607 3565 2668 3619 in
2717 3563 2952 3619 Essebon
3001 3565 3061 3618 in
3099 3566 3282 3634 portis
3323 3565 3457 3636 ﬁliae
3487 3565 3692 3628 multo-

2043 3671 2189 3709 rum.
2220 3653 2443 3709 Anima:
2493 3657 2606 3708 tuae
2655 3652 2926 3724 potentiae
2979 3652 3374 3724 spcculativae,
3413 3657 3695 3725 tanquam

2031 3744 2284 3816 piscinas
2316 3759 2497 3814 aquas
2529 3759 2656 3813 qua:
2697 3742 2757 3797 in
2803 3759 2865 3798 se
2904 3742 3184 3811 influunt,
3217 3742 3586 3815 colligentes,
3632 3743 3691 3798 in

2043 3831 2251 3889 divinas
2288 3831 2574 3888 ubertatis
2615 3832 2696 3902 (id
2746 3833 2899 3887 enim
2953 3831 3248 3904 significat
3277 3832 3562 3904 Essebon)
3595 3849 3697 3904 per

2041 3921 2326 3979 virtutum
2378 3922 2762 3986 incrementa,
2814 3936 3098 3976 sensuum
3148 3937 3325 3992 opera
3379 3938 3481 3993 per
3549 3937 3696 3994 quos

2045 4010 2216 4084 quasi
2247 4025 2350 4082 per
2379 4011 2666 4082 quasdam
2699 4015 2897 4081 portas
2923 4009 2977 4064 in
3006 4009 3698 4067 animamintellectivam

2043 4099 2298 4171 cognitio
2332 4116 2528 4156 rerum
2557 4099 2903 4171 ingreditur,
2935 4115 3002 4154 ex
3049 4099 3210 4155 varia
3260 4115 3455 4154 rerum
3488 4103 3697 4156 natura

2043 4187 2330 4260 colligunt
2403 4189 2822 4258 cognitionem,
2885 4204 3014 4260 quae
3071 4203 3141 4243 ex
3196 4187 3697 4262 contemplatione

2044 4282 2439 4349 comparatur.
2492 4277 2775 4333 Praeterea
2822 4293 2990 4332 nasus
3039 4285 3166 4334 tuus
3195 4279 3337 4334 sicut
3383 4279 3560 4334 turris
3595 4279 3688 4334 Li-

2044 4367 2195 4438 bani,
2227 4381 2348 4439 quae
2368 4367 2594 4438 respicit
2620 4367 2820 4437 faciem
2853 4367 3123 4422 Damasci.
3175 4367 3397 4439 Nempe
3443 4367 3532 4423 vis
3574 4367 3692 4425 dis-

2040 4454 2314 4512 cernendi
2373 4455 2522 4526 (qum
2578 4457 2641 4509 ut
2698 4453 3047 4510 suavitatem
3109 4471 3142 4509 a
3190 4454 3470 4524 foeditate,
3504 4454 3586 4511 sic
3618 4471 3686 4510 ea

2044 4562 2173 4618 qua:
2225 4548 2553 4618 suggerunt
2615 4545 2866 4600 ministri
2910 4547 3142 4616 spiritus
3201 4547 3260 4601 in
3316 4547 3695 4601 ministerium

271 4629 672 4706 κατά.θεωρίαν
701 4635 922 4704 γνῶσιν,
981 4628 1039 4684 ἐκ
1085 4635 1186 4699 τῆς
1244 4627 1507 4710 διαφόρου
1561 4632 1769 4710 φύσεως
1824 4639 1928 4690 τῶν

2041 4636 2196 4691 missi
2224 4639 2445 4708 propter
2473 4650 2559 4690 eos
2589 4635 2686 4705 qui
2711 4635 2914 4690 salutis
2945 4633 3324 4691 haereditatem
3361 4650 3692 4706 consequen-

273 4721 468 4780 ὅντων.
501 4719 642 4795 Πρὸς
673 4717 731 4774 δὲ
776 4718 1012 4780 τούτοις.
1060 4720 1290 4791 Μυκτήρ
1337 4740 1432 4775 σου
1473 4721 1545 4783 ὡς
1595 4721 1806 4798 πύργος
1834 4729 1931 4779 τοῦ

265 4805 533 4877 Λιϐάνου,
600 4805 886 4862 σκοπεύων
973 4806 1268 4884 πρόσωπον
1355 4815 1663 4884 Δαμασκοῦ·
1724 4810 1932 4884 Δηλον-

273 4901 383 4972 ότι,
409 4897 478 4952 Τό
508 4895 719 4971 (οἷάπερ
775 4892 1004 4953 εὐωδίαν
1065 4896 1169 4951 άπὸ
1221 4894 1512 4970 δυσωδίας,
1561 4898 1802 4976 χωρίζον
1834 4903 1929 4965 τὰς

253 4988 552 5060 ,ὑποθήκας
649 4989 758 5044 τῶν
835 4984 910 5048 εἷς
1019 4981 1300 5042 διακονίαν
1414 4985 1927 5062 ἀποστελλομὲνων,

269 5075 364 5135 διὰ
418 5076 548 5139 τοὺς
641 5074 948 5152 μέλλοντας
1032 5074 1403 5152 κληρονομεῖν
1470 5080 1764 5153 σωτηρίαν,
1816 5079 1928 5135 λει-

255 5170 576 5243 τουργικῶν
630 5163 978 5238 πνεύματων,
1033 5165 1140 5220 ἀπὸ
1191 5169 1300 5220 τῶν
1341 5161 1662 5243 ὑπερϐολῶν
1693 5172 1800 5224 τῶν
1831 5171 1930 5233 τῆς

267 5256 545 5332 πονηρίας
601 5256 946 5326 πνευματων)
999 5251 1333 5329 διακριτικόν
1363 5276 1480 5327 σου,
1515 5256 1678 5310 οἱονεί
1719 5255 1929 5332 πύργος

271 5344 622 5422 ὑψηλότατος
663 5344 801 5400 κατὰ
861 5341 954 5397 τὸν
1013 5335 1238 5397 Λίϐανον
1272 5337 1420 5418 ὅρος,
1455 5339 1764 5400 ἀποϐλέπον
1793 5345 1929 5400 κατά

267 5434 334 5490 τὸ
364 5432 661 5507 πρόσωπον
689 5437 789 5500 τῆς
837 5429 1056 5499 πόλεως
1088 5436 1398 5505 Δαμασκοῦ,
1432 5432 1522 5487 καὶ
1569 5434 1666 5496 τὰς
1722 5432 1922 5488 ἐκεῖθεν

269 5528 384 5580 τῶν
419 5521 632 5598 ἆχθρῶν
667 5517 894 5596 ἰφόδους
941 5523 1020 5592 τῷ
1062 5519 1284 5595 Ἰσραὴλ
1319 5521 1525 5594 μηνύον
1559 5541 1572 5555 '
1609 5521 1660 5594 ἐξ
1713 5521 1924 5597 ὑψηλο-

349 5723 398 5762 τε
427 5719 592 5778 Matt.
621 5735 704 5786 vr,
738 5718 824 5786 18.
901 5718 945 5755 ⁷⁸
973 5718 1148 5778 Hebr.
1182 5737 1225 5791 ι,
1259 5721 1346 5777 14.

2041 4724 2209 4792 tur",
2241 4724 2314 4778 ab
2349 4724 2420 4780 iis
2448 4739 2576 4796 quae
2631 4739 2664 4778 a
2708 4722 2981 4792 nequitia:
3015 4722 3327 4794 spiritibus
3364 4739 3694 4795 suggerun-

2040 4815 2168 4870 turs
2192 4813 2499 4884 dijudicat)
2552 4813 2641 4868 est
2677 4810 2854 4866 veluti
2904 4810 3235 4866 celsissima
3282 4811 3467 4868 turris
3513 4827 3693 4883 super

2043 4906 2299 4956 montem
2333 4901 2619 4954 Libanum
2675 4899 2787 4954 sita
2819 4915 2949 4970 quae
2981 4898 3220 4971 respicit
3269 4899 3476 4956 faciem
3529 4899 3694 4957 urbis

2039 4989 2325 5060 Damasci,
2360 4994 2534 5062 atque
2581 4989 2718 5045 inde
2777 4989 3034 5046 hostium
3082 4991 3399 5046 adventum
3460 4990 3690 5047 indicat

2039 5079 2588 5152 Israelizspirituum
2606 5077 3048 5135 immundorum
3080 5079 3334 5150 impetus
3359 5082 3415 5134 et
3435 5079 3686 5138 insidias

2039 5169 2279 5242 respicit
2301 5169 2680 5236 etdiscernit,
2724 5169 3108 5240 ipsorumque
3147 5167 3316 5224 dolos
3347 5169 3529 5224 menti
3578 5174 3694 5224 tua:

2039 5262 2239 5326 Deum,
2267 5258 2459 5330 quoad
2491 5255 2644 5324 licet,
2678 5255 2930 5331 intuenti
2978 5257 3356 5324 denuntians,
3393 5261 3450 5314 te
3483 5257 3556 5314 ab
3587 5274 3690 5315 eo-

2036 5363 2169 5402 rum
2201 5347 2508 5403 fraudibus
2534 5350 2590 5402 et
2612 5345 2846 5418 injuriis
2869 5345 3160 5419 integram
3184 5352 3506 5403 conservat.
3536 5347 3694 5405 Talis

2036 5440 2233 5492 autem
2283 5440 2374 5492 est
2431 5436 2516 5492 vis
2547 5439 2648 5491 tua
2678 5435 3051 5491 discernendi
3084 5452 3150 5492 ac
3171 5435 3510 5507 judicandi,
3543 5453 3690 5509 quo-

2036 5525 2193 5582 niam
2223 5529 2399 5598 caput
2448 5528 2615 5581 tuum
2666 5527 2729 5580 ut
2754 5523 3060 5582 Carmelus
3105 5541 3282 5598 super
3312 5529 3368 5582 te
3397 5524 3691 5598 (Christus
