4102 6342
434 382 548 445 671

1770 385 2193 447 MICHAELIS
2238 384 2512 446 PSELLI

3721 384 3853 444 6'72

428 518 633 590 utique
665 535 923 592 sponsus
953 522 1113 589 tuus,
1144 520 1331 575 vivens
1377 524 1537 592 atque
1589 520 1793 591 efficax
1841 518 2076 574 Verbum

2196 513 2356 587 τάτης
2415 515 2670 590 γνώσεως
2721 514 2817 578 τὰς
2871 511 3178 574 ἐπελεύσεις
3234 533 3292 567 τε
3345 512 3438 567 καὶ
3489 509 3702 588 ὶνὲδρας
3735 513 3850 567 τὼν

428 610 749 679 pertingens
781 625 947 681 usque
970 610 1049 663 ad
1064 609 1395 665 divisionem
1432 612 1638 665 animae
1668 626 1734 666 ac
1762 610 1993 679 spiritus
2014 607 2079 678 ⁷⁷)

433 697 685 769 cognitio
718 702 805 752 est
836 698 1327 765 circumcisionis,
1361 715 1486 769 qua:
1511 699 1566 753 in
1601 704 1655 754 te
1677 703 1762 754 est
1793 698 1903 769 (sic
1924 696 2078 752 enim

433 786 761 841 Carmelum
797 787 1278 858 interpretamur)
1309 793 1625 858 amputans
1658 805 1689 842 a
1718 792 1774 841 te
1806 786 1959 856 quod
2008 785 2082 839 ab

433 880 561 928 ortu
586 874 763 928 habes
786 874 1060 929 vitiorum
1080 876 1775 947 integumentumgladio
1802 874 2079 946 Spiritus.

435 965 514 1019 Ex
538 965 690 1035 quod
721 964 786 1017 fit
813 970 876 1018 ut
908 965 1122 1021 mentis
1141 971 1253 1020 tuas
1279 964 1485 1021 oculus
1509 963 1965 1037 intelligibilium
1989 962 2084 1017 ho-

435 1052 613 1107 stium
653 1053 899 1107 astutias
928 1053 1095 1109 facile
1136 1056 1463 1123 perspicere
1506 1054 1716 1123 valeat,
1746 1052 1907 1107 nulla
1951 1068 2082 1122 per-

434 1140 765 1195 turbatione
826 1144 1097 1196 tenebras
1150 1144 1508 1197 oil‘undente.
1561 1142 1953 1206 Quamobrem
2026 1142 2084 1193 et

434 1246 592 1284 coma
646 1233 844 1301 capitis
907 1232 991 1285 tui
1033 1235 1174 1286 sicut
1221 1248 1468 1303 purpura
1508 1249 1520 1287 :
1554 1232 1767 1287 Christi
1818 1230 2086 1285 doctrina

436 1318 708 1374 videlicet
741 1322 1034 1375 rationum
1081 1326 1139 1375 et
1188 1337 1415 1375 morum
1449 1338 1596 1375 nexu
1633 1324 1919 1387 contexta,
1953 1324 2085 1372 tan-

438 1425 612 1478 quam
649 1409 801 1479 regis
832 1410 1240 1464 indumentum
1266 1416 1354 1464 est
1383 1410 1561 1463 animi
1605 1410 1690 1463 tui
1722 1409 1990 1477 amictus,
2022 1407 2085 1461 in

439 1513 554 1566 quo
606 1497 707 1551 ille
758 1498 1270 1568 pertubationibus
1328 1498 1687 1563 dominatur,
1740 1504 1796 1552 et
1853 1503 1941 1550 est
1987 1513 2088 1550 rex

437 1588 654 1640 vinctus
703 1588 762 1640 in
812 1587 1221 1641 transcursibus
1254 1604 1265 1641 :
1302 1587 1410 1642 hoc
1468 1592 1558 1641 est
1605 1586 1749 1641 nulli
1783 1587 2088 1652 subiectus

438 1675 887 1746 perturbationi,
918 1677 1017 1729 sed
1082 1677 1293 1731 divinas
1352 1676 1513 1730 illius
1573 1691 1749 1745 quam
1808 1674 2086 1739 diximus,

442 1764 721 1819 doctrinm
751 1765 1012 1820 funiculo
1047 1764 1261 1836 ligatus
1292 1766 1350 1819 in
1384 1765 1823 1819 transcursibus
1842 1778 2087 1833 praesen-

2194 604 2519 681 ἀκαθάρπων
2569 604 2892 676 πνευμάτων
2951 598 3253 657 ἀποϐλέπει
3310 603 3399 657 καὶ
3432 600 3710 677 διακρίνει,
3747 602 3844 657 καὶ

2189 694 2317 758 τοὺς
2349 692 2545 755 δόλους
2579 695 2754 749 αὐτῶν
2800 697 2877 764 τῷ
2924 693 3061 747 κατά
3105 693 3167 747 τὸ
3213 689 3437 746 δυνατὸν
3482 692 3608 747 Θεὸν
3642 693 3844 765 ὁρῶντι

2192 782 2277 838 νοΐ
2336 804 2430 838 σου
2489 783 2718 857 μηνύον,
2752 783 3021 859 ἀνέπαφον
3049 802 3107 835 σε
3135 787 3235 851 τῆς
3260 783 3387 851 παρ’
3418 780 3591 835 αὐτῶν
3628 776 3847 856 βλάϐης

2194 870 2464 946 διατηρεῖ,
2520 875 2776 927 Τοιοῦτον
2832 869 2888 926 δέ
2950 870 3046 925 σού
3096 870 3205 926 ἐστι
3237 872 3299 925 τὸ
3340 868 3671 945 διακριτικόν
3707 889 3721 902 ⁸
3755 869 3844 924 ὅτι

2194 961 2418 1040 Κεφαλή
2477 983 2572 1016 σου
2650 961 2735 1016 ἰπὶ
2794 962 2871 1029 σὲ,
2945 961 3020 1023 ὡς
3085 960 3113 1014 ὁ
3200 958 3525 1033 Κάρμηλος.
3597 960 3845 1028 Πάντως,

2192 1053 2253 1109 Ὀ
2302 1052 2531 1126 Χριστὸς
2562 1053 2590 1106 ὁ
2644 1051 2879 1128 νυμφίος
2912 1071 3031 1115 σου,
3054 1050 3081 1103 ὁ
3108 1054 3211 1117 ζῶν
3248 1050 3337 1103 καί
3386 1049 3607 1123 ἐνεργὴς
3641 1048 3846 1122 Λόγος,

2192 1143 2279 1196 καὶ
2334 1140 2709 1212 διικνούμενος
2778 1138 2909 1213 ἄχρι
2972 1142 3242 1213 μερισμοῦ
3299 1142 3485 1213 ψυχῆς
3536 1137 3624 1191 καὶ
3684 1138 3849 1192 πνεύ-

2199 1252 2387 1303 ματος,
2447 1229 2731 1305 ἐπίγνωσίς
2778 1229 2917 1284 ἐστιν
2975 1234 3077 1297 τῆς
3134 1226 3185 1282 έν
3222 1228 3307 1282 σοὶ
3339 1234 3647 1302 περιτομῆς
3689 1226 3848 1299 (ὅπερ

2196 1319 2224 1372 ὁ
2272 1318 2566 1391 Κάρμηλος
2648 1316 3048 1391 ἑρμηνεύεται),
3125 1312 3394 1390 περιελών
3481 1337 3575 1370 σου
3625 1317 3687 1370 τὸ
3740 1316 3849 1370 ἀπὸ

2193 1406 2450 1481 γενέσεως
2508 1410 2614 1459 τῶν
2696 1408 2879 1460 παθῶν
2973 1403 3240 1477 κάλυμμα
3322 1409 3388 1478 τῇ
3452 1405 3697 1480 μαχαίρᾳ
3747 1409 3849 1459 τοῦ

2195 1494 2510 1565 ῐΙνεύματος
2544 1514 2556 1527 ·
2632 1494 2915 1549 κάντεῦθεν
2973 1496 3035 1549 τὸ
3094 1492 3250 1567 ὄμμα
3303 1500 3405 1562 τῆς
3451 1492 3691 1555 διανοίας
3750 1514 3849 1549 σου

2196 1588 2444 1658 καθαρῶς
2502 1584 2627 1656 ὀρᾷν
2711 1581 2927 1638 δύναται
3004 1585 3099 1647 τὰς
3166 1583 3416 1659 μηχανάς
3459 1588 3567 1637 τῶν
3627 1587 3844 1652 νοητῶν

2200 1672 2297 1746 ἐχθ
2308 1694 2327 1741 ft
2338 1677 2408 1724 ὧν
2421 1716 2433 1740 ,
2506 1695 2542 1744 μ
2551 1676 2579 1742 γ]

2670 1694 2815 1736 τινος
2894 1674 3097 1735 πάθους
3179 1674 3589 1733 ἐπισκοτοῦντος
3673 1671 3848 1743 αύτῷ.

2199 1763 2417 1835 Διόπερ,
2478 1761 2566 1815 καί
2629 1759 2865 1815 Πλόκιον
2942 1761 3185 1840 κεφαλῆς
3259 1782 3354 1816 σου
3412 1761 3485 1822 ὡς
3541 1760 3845 1837 πορφύραο

436 1853 515 1906 tis
546 1853 695 1919 vitze,
726 1869 795 1908 ne
828 1870 1022 1908 rerum
1048 1854 1415 1910 sensibilium
1465 1859 1521 1908 et
1576 1855 1933 1908 oaducarum
1994 1852 2084 1907 lu-

2197 1847 2345 1918 ἤτοι,
2404 1851 2467 1906 Ἡ
2520 1846 2608 1903 διὰ
2661 1847 2839 1925 λόγων
2870 1850 2959 1904 καὶ
2993 1850 3208 1924 τρόπων
3241 1848 3544 1925 πλεχθεῖσά
3572 1870 3655 1903 σοι
3689 1846 3852 1904 διδα-

438 1940 598 1996 brico
632 1942 992 2011 prolabatur.

428 2032 527 2081 τοῦ
580 2024 701 2089 νοὸς
759 2050 853 2082 σου
897 2025 1193 2103 περιϐολὴ,
1244 2028 1295 2084 έν
1351 2029 1387 2103 ᾗ
1447 2028 1603 2091 οὗτος
1655 2032 1839 2083 παθῶν
1887 2031 2093 2104 γίνεται
2168 2027 2538 2103 αὐτοκράτωρ,
2613 2028 2699 2082 καὶ
2792 2028 3025 2103 ὑπάρχει
3131 2027 3383 2102 βασιλεὺς

2194 1938 2393 1993 σκαλία
2450 1938 2613 1993 αὐτοῦ
2674 1944 2933 2013 Χριστοῦ,
2993 1940 3079 1994 οἶα
3141 1939 3410 2015 βασιλέως
3470 1934 3678 2011 ἔνδυμά
3732 1937 3849 1992 ἐστι

3468 2024 3749 2100 δεδεμένος
3794 2027 3851 2081 ἐν

436 2115 815 2191 παραδρομαῖς
853 2138 865 2150 ’
919 2117 1108 2191 ἤγουν,
1172 2121 1244 2189 μή
1305 2139 1408 2172 τινι
1468 2118 1848 2191 ὑποκείμενος,
1919 2118 2110 2172 πάθειο
2169 2115 2314 2171 ἀ)λά
2381 2116 2452 2190 τῇ
2513 2117 2721 2191 σχοίνῳ
2769 2124 2868 2187 τῆς
2925 2117 3225 2190 εἰρημένης
3284 2117 3431 2179 θείας
3488 2114 3854 2179 διδασκαλίας

439 2202 842 2277 διδασμημένος
902 2206 951 2259 ἐν
1011 2206 1272 2281 παρόδοις
1326 2214 1425 2278 τῆς
1480 2208 1759 2283 παρούσης
1821 2210 2030 2281 βιοτῆς,
2084 2204 2177 2261 ’ίνα
2241 2207 2316 2278 μὴ
2374 2205 2648 2279 καταπέσῃ
2692 2211 2773 2278 τῷ
2830 2207 2947 2260 κατ’
3006 2204 3254 2276 αἴσθησιν
3314 2210 3422 2261 τῶν
3490 2205 3849 2279 προσκαίρων

438 2291 769 2368 ὀλισθηρῶν.

1036 2405 1228 2459 Trium
1260 2406 1512 2460 Patrum.

513 2489 689 2556 Quam
719 2490 932 2559 decora,
964 2495 1014 2547 et
1045 2510 1209 2563 quam
1242 2495 1500 2565 jucunda
1528 2497 1673 2565 facta
1704 2511 1779 2549 es.
1820 2494 2088 2549 Admira-

441 2577 541 2631 bili
578 2579 797 2633 circum
825 2581 962 2636 data
984 2588 1074 2637 est
1098 2583 1631 2653 pulchritudine,ea
1656 2584 1935 2639 nimirum
1962 2600 2088 2655 quas

440 2669 704 2737 pervenit
747 2670 817 2723 ad
868 2674 923 2724 te
971 2687 1038 2725 ex
1085 2670 1477 2727 similitudine
1534 2678 1591 2727 et
1657 2671 1965 2743 exemplari
1994 2690 2005 2726 :
2034 2676 2092 2727 et

441 2772 663 2827 sponso
710 2758 1023 2828 conjuncta
1082 2766 1255 2831 atque
1286 2760 1386 2815 illo
1420 2763 1638 2825 fruens,
1674 2761 1881 2816 referta
1912 2777 1972 2815 es
2004 2761 2089 2813 in-

439 2845 707 2899 credibili
734 2848 1111 2916 jucunditate
1164 2849 1479 2919 spirituali.
1533 2852 1726 2905 Etnim
1758 2851 2000 2905 charitas
2029 2852 2089 2905 in

448 2934 667 2988 deliciis
698 2936 835 3003 tuis,
862 2953 989 3007 quae
1023 2938 1260 3009 quidem
1288 2955 1355 2993 ex
1370 2940 1585 2994 virtute
1613 2939 2084 3009 proﬁciscuntur.

445 3022 589 3077 Cum
624 3024 779 3078 enim
814 3026 1140 3095 gustaveris
1171 3032 1343 3100 atque
1392 3028 1757 3101 perspexeris
1789 3028 2086 3084 Christum

444 3128 575 3167 esse
605 3111 945 3181 Dominum,
980 3132 1096 3171 non
1145 3116 1401 3188 amplius
1432 3117 1489 3172 in
1525 3119 1737 3172 timore
1787 3116 1885 3172 illo
1935 3119 2087 3173 bono

440 3201 715 3270 versaris,
751 3203 852 3257 sed
876 3207 999 3258 tota
1027 3221 1093 3258 ex
1138 3204 1326 3276 ipsius
1376 3207 1592 3277 pendes
1639 3206 1921 3262 charitate
1959 3222 2085 3277 qum

439 3289 709 3344 timorem
743 3292 1000 3362 expellit.
1024 3294 1181 3349 Unde
1201 3297 1577 3365 magnaiudno
1599 3300 1693 3350 tua
1713 3297 1912 3368 palma?
1936 3297 2089 3350 simi-

435 3378 505 3432 lis
532 3380 691 3448 facta
721 3389 818 3434 est.
866 3382 992 3435 Tua
1041 3382 1307 3437 videlicet
1363 3400 1429 3438 ex
1478 3384 1690 3439 virtute
1749 3384 2085 3440 sublimitas

2767 2405 2886 2458 Τῶν
2921 2407 2968 2476 γ’
2998 2402 3276 2473 Πατέρων.

2270 2494 2337 2549 Τί
2410 2492 2701 2568 ὡραιώθης
2767 2491 2855 2546 καὶ
2912 2490 2963 2544 τί
3008 2488 3289 2560 ἡδύνθηςὲ
3359 2489 3555 2557 εἶ’τουν,
3625 2490 3851 2561 Θαυμά-

2199 2603 2312 2636 σιον
2369 2576 2700 2655 περιεϐάλου
2759 2578 2988 2646 κάλλος,
3050 2576 3266 2651 δηλαδὴ
3327 2580 3389 2634 τὸ
3428 2580 3548 2642 καθ’
3580 2578 3848 2652 ὁμοίωσιν

2195 2675 2292 2726 τοῦ
2337 2670 2667 2745 ἀρχετύπου.
2731 2670 2869 2723 Καθὸ
2914 2674 2993 2741 τῷ
3042 2668 3260 2745 νυμιρίῳ
3319 2668 3685 2743 συγγινομένη
3746 2669 3844 2723 καὶ

2197 2759 2549 2815 ἀπολαύουσα
2619 2760 2814 2814 τούτου
2899 2758 3181 2829 ἐπλήσθης
3246 2759 3619 2830 πνιυματικὴς
3672 2757 3849 2831 ἀφρά-

2197 2871 2326 2904 στου
2383 2846 2604 2919 ἡδονῆς.
2685 2848 2781 2904 Καὶ
2866 2847 2993 2923 γὰρ,
3054 2849 3267 2923 Ἀγαπη
3332 2847 3382 2901 ἂν
3442 2852 3672 2921 τρυφαῖς
3724 2867 3848 2913 σου,

2199 2936 2457 3008 δηλονότι
2528 2942 2649 2998 ταῖς
2713 2937 2831 2991 κατ’
2911 2937 3127 3011 ἀρετήν.
3216 2936 3525 3009 Γιυσαμένη
3587 2935 3691 3009 γὰρ
3754 2935 3852 2988 καὶ

2198 3026 2526 3100 θεασαμένη,
2587 3028 2668 3080 δτι
2754 3026 2990 3101 Χριστὸς
3065 3026 3092 3079 ὁ
3180 3025 3395 3099 Κύριος,
3456 3022 3633 3078 οὐκέτι
3684 3017 3854 3097 φόϐῳ

2195 3121 2273 3188 τῷ
2320 3117 2506 3191 ἀγαθῷ
2558 3115 2818 3192 ἰντρυφᾷς
2854 3134 2866 3147 ο
2924 3112 3050 3169 ἀλλ’
3105 3112 3209 3184 δλη
3267 3120 3367 3182 τῆς
3410 3112 3619 3189 ἀγάπης
3647 3112 3849 3167 τούτου

2199 3205 2516 3279 ἰξήρτησαι,
2576 3203 2697 3273 ἥτις
2737 3202 2836 3274 ἔξω
2890 3200 3084 3279 βάλλει
3134 3204 3223 3257 τὸν
3285 3197 3471 3280 φόϐον.
3529 3202 3707 3272 Ὀθεν,
3764 3200 3850 3257 Τὸ

2199 3294 2425 3371 μέγεθός
2456 3315 2550 3348 σου
2583 3294 2848 3366 ὡμοιώθη
2904 3291 2984 3365 τῷ
3016 3291 3241 3367 φοίνικι.
3294 3291 3536 3356 Πάντως,
3582 3289 3659 3346 Τὸ
3726 3290 3850 3343 κατ’

2196 3383 2391 3458 ἀρετὴν
2468 3383 2604 3456 ὕψος
2662 3403 2757 3436 σου
2814 3380 3167 3454 παριίκασται
3222 3385 3301 3452 τῷ
3356 3384 3425 3453 τῇ
3490 3380 3583 3452 μέν
3740 3377 3843 3432 οὑκ

433 3466 762 3522 assimilata
795 3473 884 3523 est
915 3469 1140 3541 palmas,
1177 3488 1304 3542 quas
1332 3473 1525 3528 radice
1554 3472 1709 3527 haud
1752 3473 1833 3527 ita
1858 3473 1917 3527 in
1950 3490 2081 3544 pro-

2196 3472 2274 3534 εἲς
2339 3474 2502 3548 βάθος
2557 3471 2931 3547 ἐρῥιζωμένῳ,
2986 3471 3063 3532 εἷς
3121 3467 3255 3543 ὕψος
3306 3468 3351 3524 δ’
3385 3469 3581 3530 ἱκανῶς
3615 3468 3840 3541 ἀνατρᾶ-

433 3554 679 3611 fundum
706 3558 913 3623 tendit,
944 3560 1044 3614 sed
1078 3562 1288 3616 vertice
1321 3562 1595 3617 sublimis
1624 3563 1942 3619 admodum
1983 3578 2078 3617 ex-

429 3642 677 3700 tollitur.
712 3648 797 3701 Tu
832 3647 971 3703 item
1000 3650 1069 3704 de
1095 3650 1271 3705 rebus
1292 3652 1538 3706 terrenis
1564 3653 1765 3707 leviter
1793 3653 2077 3723 cogitans,

429 3737 713 3802 quantum
747 3737 1008 3807 corporis
1058 3739 1375 3794 necessitas
1409 3746 1577 3811 urget
1627 3742 1843 3797 mentis
1881 3742 2081 3796 altitu-

429 3820 565 3875 dine
595 3822 769 3878 ccelos
798 3825 1067 3895 attingis,
1114 3844 1247 3882 cum
1296 3828 1368 3882 ad
1398 3846 1711 3883 mensuram
1743 3832 1930 3886 aetatis
1958 3831 2079 3902 plc-

428 3908 707 3965 niludini:
759 3912 1009 3968 Christi"
1058 3917 1413 3985 perveneris.
1451 3920 1515 3972 Et
1567 3920 1739 3973 ubera
1789 3925 1883 3974 tua
1940 3921 2083 3974 sicut

433 3997 595 4055 botri.
634 4000 821 4055 Ubera
870 4002 1151 4058 nimirum
1202 4005 1476 4060 doctrinas
1525 4010 1637 4061 tute
1670 4012 1798 4063 tum
1842 4008 2081 4063 moralis

430 4091 560 4141 tum
594 4089 901 4155 naturalis,
934 4092 1151 4161 quibus
1180 4110 1285 4147 nos
1318 4094 1509 4149 adhuc
1532 4095 1787 4150 infantes
1811 4098 1880 4150 ad
1907 4098 2082 4167 pieta-

428 4178 546 4231 tem
578 4178 856 4232 erudiens
886 4180 1110 4243 aluisti,
1132 4198 1288 4236 nunc
1311 4184 1525 4237 similia
1548 4185 1699 4239 facta
1718 4191 1859 4240 sunt
1878 4186 2081 4257 palmae

432 4263 786 4331 botris,dum
822 4283 930 4321 nos
956 4269 1027 4322 ad
1063 4270 1481 4340 perfectionem
1524 4274 1964 4344 progredientes
1996 4275 2081 4329 di-

434 4352 659 4407 viniore
716 4354 984 4410 doctrina
1041 4359 1256 4427 pascis,
1291 4362 1457 4431 quasi
1521 4363 1721 4417 melita
1778 4364 2079 4419 botrorum

434 4440 640 4512 palmae
675 4442 1007 4499 dulcedine.
1044 4449 1250 4519 Itaque
1285 4450 1629 4522 magnitudo
1661 4453 1938 4508 doctrinm
1974 4458 2085 4508 tua;

438 4528 646 4600 palmae
668 4538 1027 4604 comparata,
1053 4540 1142 4590 est
1168 4537 1591 4608 discipularum
1626 4541 1730 4595 abs
1760 4545 1815 4597 te
1848 4542 2086 4597 institu-

436 4621 627 4671 tarum
663 4620 1004 4678 multitudo.
1044 4626 1197 4690 Diri,
1240 4627 1535 4682 Ascendam
1568 4631 1627 4683 in
1669 4632 1949 4701 palmam,
1985 4648 2086 4702 ap-

436 4707 773 4776 prehendam
804 4711 1131 4769 altitudines
1159 4716 1278 4784 eius
1301 4735 1319 4771 :
1341 4721 1391 4771 et
1423 4723 1588 4773 erunt
1618 4720 1788 4774 ubera
1818 4725 1915 4775 tua
1946 4723 2086 4776 sicut

2192 3582 2348 3637 χοντι
2376 3561 2598 3618 Φοίνικι.
2633 3560 2735 3616 Καὶ
2764 3562 2867 3636 γὰρ
2898 3562 2987 3613 καὶ
3018 3558 3156 3630 αὕτη
3185 3564 3295 3614 τῶν
3348 3556 3554 3632 γηίνων
3610 3554 3700 3611 διὰ
3737 3558 3841 3624 τήν

2191 3653 2425 3727 ἀνάγκην
2449 3655 2545 3707 τοῦ
2594 3652 2872 3723 σώματος,
2929 3648 3117 3723 ἄκροις
3176 3654 3294 3711 τοῖς
3364 3646 3655 3724 λογισμοῖς
3714 3644 3837 3700 ἔπι·-

2189 3742 2457 3815 ψαύουσα,
2529 3741 2702 3795 αὐτῶν
2768 3740 2910 3814 ἅπτῃ
2990 3743 3095 3793 τῶν
3174 3737 3439 3813 οὐρανίων
3509 3736 3584 3797 εἲς
3635 3734 3835 3811 μέτρον

2190 3828 2411 3899 ἡλικίας
2457 3833 2554 3884 τοῦ
2634 3828 3012 3904 πληρώματος
3092 3831 3190 3883 τοῦ
3257 3830 3489 3901 Χριστοῦ
3538 3824 3782 3902 φθάσασα
3817 3842 3833 3855 ·

2191 3919 2293 3975 Καὶ
2348 3918 2399 3972 οἷ
2472 3917 2664 3991 μαστοί
2750 3938 2867 3983 σου,
2951 3921 3068 3978 τοῖς
3153 3915 3437 3991 βότρυσιν
3518 3912 3711 3989 ἤγουν,
3771 3914 3837 3969 Ἥ

2190 4010 2353 4077 ἠθικὴ
2386 4008 2475 4062 καὶ
2577 4008 2775 4081 φυσική
2813 4003 3133 4061 διδασκαλία
3184 4026 3278 4060 σου
3338 4002 3409 4059 δι’
3464 4004 3535 4058 ὢν
3581 4004 3729 4076 ⁴ἡμᾶς
3760 4000 3841 4057 ἔτι

2188 4097 2387 4167 νηπίοις
2435 4096 2599 4158 οῧσας
2638 4095 2782 4172 γάλα
2830 4094 3082 4157 ἐπότισας
3141 4094 3511 4170 είσαγωγικῶς
3550 4093 3685 4167 πρὸς
3717 4094 3836 4146 0e0-

2192 4182 2398 4241 σέϐειαν
2452 4182 2865 4251 έκπαιδεύουσα,
2921 4185 3006 4239 νῦν
3068 4183 3381 4256 ὡμοίωνται
3428 4187 3545 4245 τοῖς
3580 4186 3677 4235 τοῦ
3710 4180 3841 4259 φοί-

2192 4296 2343 4337 νικος
2378 4274 2652 4351 βότρυσιν,
2700 4272 2751 4328 έν
2800 4278 2880 4345 τῷ
2939 4274 3113 4344 ὲστιᾷν
3165 4274 3311 4343 ἡμᾶς
3350 4269 3733 4344 προσκοψάσας
3763 4269 3842 4331 εἷς

2191 4363 2510 4435 τελειότητα
2540 4365 2639 4431 τήν
2692 4364 2963 4437 θειοτέραν
3023 4359 3395 4422 διδασκαλίαν,
3428 4360 3503 4421 ὡς
3557 4356 3837 4430 μελιτώδη

2194 4454 2509 4530 γλυκύτητα
2538 4456 2645 4507 τῶν
2682 4452 2925 4527 βοτρύων
2947 4455 3043 4506 τοῦ
3068 4455 3335 4526 φοῖνικος.
3368 4452 3447 4506 T1
3464 4453 3589 4523 γοῦν
3618 4448 3841 4521 μέγεθός

2197 4564 2295 4597 σου
2336 4548 2435 4611 τῆς
2492 4539 2840 4596 διδασκαλίας
2886 4545 2963 4611 τῷ
3016 4541 3215 4618 φοίνικι
3274 4538 3699 4612 παρεικάσασαή
3738 4557 3842 4608 μα-

2198 4632 2534 4704 θητευομένη
2565 4652 2648 4685 σοι
2680 4629 2918 4699 πληθύς.
2955 4631 3101 4686 Εἴπα
3126 4647 3137 4660 ·
3184 4622 3560 4698 ’Λναόήσομαι
3620 4624 3707 4680 ἐπὶ
3761 4629 3843 4697 τῷ

2196 4720 2422 4798 φοίνικι,
2495 4721 2752 4796 κρατήσω
2834 4724 2941 4773 τῶν
3022 4716 3196 4791 ὄψεων
3274 4717 3438 4771 αὑτοῦ
3471 4734 3483 4745 ·
3542 4715 3633 4768 καὶ
3688 4712 3845 4769 ἶσον-

436 4794 577 4848 botri
606 4797 1029 4856 vineaMecum
1055 4802 1184 4873 ipsa
1221 4804 1552 4861 deliberans
1583 4808 1723 4875 dixi,
1758 4810 2082 4865 Ascendam

2196 4794 2278 4865 τσι
2330 4808 2397 4878 δὴ
2475 4794 2671 4882 μαστοί
2756 4829 2872 4879 σου,
2952 4808 3026 4870 ὡς
3110 4806 3331 4882 βότρυες
3406 4810 3507 4872 τῆς
3569 4802 3845 4875 ἀμπέλου.

434 4899 536 4954 per
562 4885 795 4940 virtutis
828 4888 1220 4946 imitationem
1252 4894 1321 4947 ad
1358 4896 1770 4966 perfectionem
1808 4899 2086 4953 doctrinae

431 4975 549 5028 tuas
582 4991 594 5027 :
629 4979 683 5029 et
715 4992 820 5046 per
867 4980 1423 5051 contemplationem
1475 4986 1910 5056 apprehendam
1959 4988 2088 5057 ejus

433 5061 887 5120 sublimitatem.
931 5068 999 5122 Et
1048 5069 1371 5142 disciplinis
1413 5078 1551 5140 tuae,
1590 5074 1769 5129 ubera
1818 5092 1942 5147 quae
1996 5092 2089 5131 me

433 5151 786 5207 naturilater
808 5157 1282 5221 nutriunt,erunt
1314 5162 1555 5216 omnino
1582 5163 1735 5218 sicut
1758 5165 1905 5219 botri
1939 5182 2087 5220 veras

433 5240 571 5295 vitis
594 5243 693 5312 qui
715 5244 985 5301 Christus
1007 5253 1095 5302 est
1122 5265 1133 5303 :
1162 5253 1483 5319 praebentes
1535 5254 1675 5308 mihi
1711 5256 1959 5326 gratiam
2007 5258 2088 5311 di-

432 5328 716 5395 vinitatis,
748 5350 873 5403 qua:
896 5336 1013 5390 vini
1049 5354 1209 5392 more
1234 5357 1265 5392 a
1301 5346 1511 5396 natura
1544 5349 1798 5399 mentem
1833 5346 2090 5402 dimovet

433 5422 489 5472 et
516 5435 700 5491 supra
744 5428 1012 5479 naturam
1048 5428 1342 5483 transfert.
1381 5431 1530 5487 Unde
1560 5432 1686 5487 odor
1718 5434 1893 5488 etiam
1928 5435 2089 5489 naris

437 5509 543 5561 tum
569 5510 708 5565 sicut
734 5528 917 5582 poma.
954 5515 1150 5571 Gratia
1179 5517 1401 5573 scilicet
1425 5520 1611 5576 sancti
1638 5522 1893 5594 Spiritus
1921 5512 2085 5579 men-

507 5687 551 5724 ἰτ
582 5688 755 5747 Hebr.
788 5709 864 5762 iv,
900 5695 985 5750 12.
1061 5697 1105 5733 ⁷⁸
1135 5698 1339 5770 Ephes.
1379 5716 1452 5767 IV,
1490 5700 1570 5755 13.

2198 4896 2445 4968 Δηλαδή,
2478 4898 2563 4953 Ἐν
2588 4897 2797 4970 ἆμαυτῇ
2835 4895 3201 4971 βουλευτικῶς
3236 4892 3370 4971 ἔφην
3396 4912 3409 4925 ·
3452 4890 3846 4964 Ἀνελεύσομαι

2202 4991 2518 5060 μιμητικῶς
2571 4986 2681 5057 ἐπὶ,
2750 4987 2849 5055 τήν
2904 4986 3021 5039 κατ’
3096 4985 3291 5060 ἀρετὴν
3347 4988 3447 5051 τῆς
3495 4978 3849 5043 διδασκαλίας

2198 5096 2295 5130 σου
2353 5074 2693 5145 τελειότητα,
2758 5074 2847 5129 καὶ
2933 5074 3003 5128 τὰ
3073 5073 3209 5127 κατά
3266 5076 3467 5146 γνῶσιν
3528 5068 3851 5143 ὑψηλότατα

2198 5166 2370 5234 αὐτῆς
2426 5163 2817 5237 καταλήψομαι
2895 5164 3246 5237 θεωρήματα.
3314 5160 3387 5218 At
3463 5162 3703 5237 φυσικῶς
3758 5161 3851 5215 οἷα

2203 5253 2397 5327 μαστοὶ
2427 5253 2717 5330 τρέφουσαι
2752 5274 2818 5325 με
2868 5249 3212 5307 διδασκαλίαι
3258 5270 3354 5303 σου
3388 5248 3677 5323 ὑπάρξουσι
3712 5248 3850 5303 πάνυ

2196 5364 2304 5405 τως
2334 5343 2406 5404 ὡς
2442 5342 2663 5418 βότρυες
2693 5349 2793 5411 τῆς
2825 5340 3093 5411 ἀληθινῆς
3128 5336 3379 5412 ἀμπέλου
3410 5339 3857 5413 Χριστοῦ,χορηο

2198 5432 2391 5507 γοῦσαί
2422 5453 2512 5504 μοι
2543 5432 2641 5500 τὴν
2683 5432 2819 5486 κατὰ
2874 5431 3038 5505 χάριν
3088 5427 3301 5498 θέωσιν,
3352 5426 3475 5496 ἥτις
3512 5423 3667 5496 δίκην
3702 5426 3858 5482 οἷ’νου

2200 5522 2410 5597 φύσεως
2467 5525 2560 5579 τὸν
2623 5527 2746 5579 νοῦν
2795 5522 2992 5593 έξιστᾷ,
3051 5520 3141 5575 καὶ
3191 5519 3327 5593 πρὸς
3383 5518 3445 5572 τὸ
3494 5518 3625 5593 ὑπὲρ
3693 5518 3857 5595 φύσιν
