4102 6342
231 392 368 454 673

1285 389 1697 455 COMMENT.
1742 393 1823 454 ΙΝ
1867 394 2275 464 CANTICUM
2316 403 2620 467 CANTIC.

3541 404 3667 467 6Ἲᾶ

233 521 583 599 μεθίστησιν.
646 522 941 611 ,Ἐντεῦθεν
1030 518 1089 611 δὲ
1160 522 1251 577 καὶ
1337 523 1483 598 ὀσμὴ
1570 523 1715 602 ῥινός
1773 546 1893 600 σου,

2030 547 2127 589 em
2158 532 2408 606 impleas
2440 537 2746 608 suavitate,
2772 553 2920 610 quas
2944 540 3048 594 tua
3075 552 3292 610 sponsu
3318 541 3661 611 susceptam

229 612 319 676 ὥς
383 612 554 687 μῆλα·
614 607 814 684 εἷ’τουν,
867 612 931 669 Ἦ
988 607 1280 687 πληροῦσα
1308 620 1515 685 νοητῆς
1552 612 1778 678 εὐωδίας
1806 619 1904 671 τοῦ

229 703 517 777 παναγιοι)
574 701 887 776 Πνεόματος
941 700 1125 779 χάρις,
1183 703 1247 773 ἦν
1301 701 1438 773 αὐτὴ
1504 703 1904 779 μὶνξεῖσὲπνευ-

237 813 349 855 σας
401 791 507 846 ἀπὸ
557 792 655 845 τοῦ
709 789 951 869 νυμφίου
1001 789 1205 863 ταύτης
1251 787 1657 866 μεταλαϐοῦσα,
1691 793 1815 869 ἐμοὶ
1847 792 1905 850 δὲ

238 881 454 952 ταύτην
518 878 834 942 ἔνὲπνευσας
916 876 1221 954 μεταδοῦσά
1297 902 1393 954 μοι
1444 882 1653 953 αὐτῆς·
1714 883 1904 960 οἷάπερ

248 969 414 1046 μῆλα
438 973 539 1042 τὴν
598 971 741 1045 ὥραν
808 970 903 1044 μὶν
958 969 1224 1046 εὖπρεπῆ,
1266 969 1445 1043 εὐώδη
1479 968 1538 1028 δὶ
1564 972 1665 1041 τὴν
1702 974 1904 1047 ὀσμὴν,

241 1060 342 1116 καὶ
409 1062 511 1130 τὴν
586 1064 770 1136 γεῦσιν
848 1057 1025 1124 ἡδέα·
1092 1059 1367 1135 εὐπρεπὴς
1433 1062 1528 1136 μὲν
1587 1064 1722 1118 κατά
1777 1062 1904 1126 τοὺς

239 1151 487 1227 τρόπους
539 1153 646 1206 τῶν
702 1148 929 1220 ἀρετῶν,
989 1148 1217 1215 εὔπνους
1264 1148 1323 1205 δὲ
1379 1151 1515 1206 κατά
1540 1151 1669 1215 τοὺς
1702 1150 1905 1228 λόγους

244 1239 431 1296 αὐτῶν
460 1282 474 1309 ,
542 1238 631 1294 καὶ
689 1237 915 1314 γλυκεῖα
955 1239 1089 1294 κατᾶ
1136 1241 1237 1309 τὴν
1294 1239 1490 1316 πεῖράν
1553 1261 1646 1315 μοι
1704 1239 1903 1299 ἔσεται.

244 1328 353 1385 Καὶ
416 1329 445 1383 ὁ
503 1326 704 1405 λάρυγξ
762 1348 879 1397 σου,
952 1328 1027 1391 ὡς
1085 1325 1227 1392 οἳνος
1285 1329 1483 1405 ἀγαθὸς
1538 1331 1907 1407 πορευόμενος

245 1423 330 1490 τῷ
403 1414 682 1495 ἀδελφιδῷ
766 1438 872 1491 μου
948 1415 1026 1479 εἲς
1106 1416 1399 1485 εὖθότητας
1431 1461 1446 1485 ,
1549 1419 1905 1493 ἷκανούμενος

245 1506 467 1582 χείλεσι
556 1526 661 1580 μου
742 1507 831 1561 καὶ
909 1503 1147 1562 ὀδοῦσιν·
1200 1503 1351 1577 ἤτοι,
1406 1510 1467 1565 Ὀ
1519 1505 1905 1570 διδασκαλικὸς

251 1595 426 1673 λόγος
482 1616 578 1652 σου
631 1594 819 1670 οἷάπερ
879 1596 1021 1657 οἶνος
1072 1594 1392 1671 κάλλιστος,
1423 1594 1647 1671 καρδίας
1680 1596 1906 1676 εὐφραν-

248 1686 403 1748 τικός
467 1683 686 1760 ὑπάρξει
748 1705 864 1759 μοι,
920 1683 1328 1762 προφερόμενος
1383 1685 1437 1741 ἐν
1494 1691 1573 1759 τῷ
1638 1689 1908 1762 αγαπητῷ

252 1794 373 1829 σου·
463 1772 525 1830 οὗ
599 1794 694 1847 μοι
768 1773 904 1844 αὐτὴ
960 1774 1131 1829 πόθον
1189 1773 1465 1848 ἐνέσταεας
1514 1776 1590 1840 εἴς
1645 1774 1908 1839 ἀπλανεῖς

2012 621 2070 677 in
2104 640 2210 680 nos
2241 625 2531 683 eﬂ‘undis:
2565 627 2716 683 sicut
2746 643 2921 699 poma
2949 630 3090 683 sunt
3110 631 3236 682 tum
3269 631 3507 699 aspectu
3532 627 3666 700 pul-

2013 712 2175 783 chra,
2205 718 2333 770 tum
2365 715 2606 772 odoratu
2634 716 2858 786 suavia,
2890 719 3018 772 tum
3048 719 3287 789 gustatu
3318 714 3553 785 dulcia;
3580 716 3665 773 sic

2013 801 2142 875 ipsa
2174 804 2343 861 nobis
2375 804 2486 861 erit
2514 810 2571 862 et
2600 805 2881 861 virtutum
2906 804 3170 861 moribus
3189 804 3423 874 decora,
3446 809 3502 861 et
3524 806 3667 862 odo-

2014 892 2188 949 rifera
2218 910 2564 950 sermonum
2593 898 2921 965 venustate,
2953 898 3010 950 et
3049 893 3239 949 dulcis
3291 893 3664 966 experientia

2007 981 2397 1052 jucunditate.
2435 984 2499 1039 Et
2526 986 2728 1057 guttur
2749 991 2905 1038 tuum
2933 984 3075 1039 sicut
3103 985 3294 1039 vinum
3318 986 3539 1052 bonum,
3563 1000 3663 1039 va-

2012 1069 2145 1127 dens
2173 1073 2359 1144 nepoti
2374 1089 2495 1128 meo
2516 1074 2576 1128 in
2604 1072 2985 1140 rectitudincs,
3018 1073 3299 1143 sufﬁciens
3329 1072 3505 1128 labris
3525 1074 3664 1129 meis

2013 1168 2065 1217 et
2090 1161 2364 1218 dentibus.
2408 1162 2808 1218 Institutionis
2839 1166 2950 1216 tuae
2983 1178 3177 1217 sermo
3211 1161 3312 1233 qui
3342 1166 3410 1217 ut
3455 1161 3661 1217 vinum

2015 1250 2302 1323 optimum
2334 1251 2513 1307 corda
2541 1250 2723 1307 afﬁcit
2753 1249 2975 1320 laetitia,
3011 1250 3121 1306 erit
3147 1250 3339 1320 nobis,
3363 1251 3502 1305 dum
3530 1267 3661 1323 pro-s

2015 1339 2323 1396 nuntiatur
2377 1340 2438 1396 in
2497 1338 2708 1396 dilecto
2765 1344 2866 1396 tuo
2898 1340 3069 1410 cujus
3112 1338 3281 1395 nobis
3306 1338 3664 1397 desiderium

2015 1427 2342 1500 instillasti,
2378 1428 2436 1484 in
2466 1428 2591 1484 vias
2622 1432 2810 1484 rectas
2836 1445 2850 1486 :
2883 1432 2950 1483 ut
2978 1444 3109 1483 eum
3141 1432 3423 1500 tanquam
3455 1428 3667 1484 verita-

2014 1521 2130 1573 tem
2162 1516 2610 1590 amplectamur,
2644 1533 2748 1573 nec
2776 1534 2879 1590 per
2907 1517 3194 1574 defectum
3228 1520 3331 1573 aut
3359 1533 3667 1574 excessum

2015 1619 2049 1658 a
2069 1602 2301 1660 virtutis
2335 1603 2685 1659 rectitudine
2707 1604 3091 1660 deﬂectemus
3120 1622 3132 1659 :
3165 1607 3221 1660 et
3242 1604 3546 1661 sufficiens
3570 1621 3670 1661 no-

2016 1692 2118 1749 stri
2172 1692 2484 1764 appetendi
2544 1692 2842 1765 potentiis,
2905 1692 3121 1764 quibus
3149 1696 3432 1766 tanquam
3486 1691 3670 1749 labris

2015 1779 2357 1837 osculamur
2386 1781 2541 1853 quod
2574 1780 2794 1853 placuit
2816 1780 3102 1837 voluntati
3134 1797 3148 1836 :
3194 1787 3251 1836 et
3300 1779 3670 1854 intelligendi

250 1864 375 1919 κατ’
432 1864 628 1938 ἀρετὴν
688 1860 871 1926 ὁδούς·
902 1862 953 1918 ἓν
1008 1863 1087 1934 τῷ
1149 1858 1365 1939 ἔχεσθαι
1400 1863 1618 1936 τούτου,
1652 1864 1729 1922 ὡς
1760 1862 1904 1934 ἀλη-

2030 1869 2418 1941 ῗαουιῐεῐὶδυε,
2453 1870 2671 1942 quibus
2703 1873 2985 1943 tanquam
3020 1871 3320 1936 dentibus,
3350 1886 3477 1941 quae
3520 1871 3669 1926 dura

253 1954 429 2017 θείας·
486 1952 576 2007 καὶ
635 1954 710 2025 μὴ
769 1957 1080 2028 συγχωρεῖν
1135 1973 1221 2025 με,
1273 1953 1349 2015 εἰς
1398 1953 1467 2007 τὰ
1517 1954 1633 2008 κατ’
1664 1951 1909 2027 ἔλλειψιν

251 2046 359 2117 τῇς
390 2043 589 2119 ἀρεθῆς
619 2044 789 2112 πάθη,
839 2041 874 2111 ἦ
920 2041 984 2096 τᾶ
1040 2042 1158 2105 καθ⁹
1202 2036 1514 2116 ὑπερϐολὴν
1565 2042 1911 2113 πλησιάζεινσ

254 2131 399 2207 πρὸς
449 2127 506 2185 δὲ
561 2130 651 2185 καὶ
717 2129 897 2205 ἀρκῶν
952 2136 1072 2192 ταῖς
1118 2151 1177 2186 τε
1221 2133 1528 2208 ὁρεκτικαῖς
1589 2153 1694 2205 μου
1755 2129 1912 2186 δυνά-

257 2241 408 2294 μεσι,
441 2217 513 2274 δι’
540 2220 613 2273 ὧν
675 2221 763 2275 οἷα
810 2216 1047 2295 χειλέων
1102 2225 1204 2275 πᾶν
1261 2220 1484 2290 ἀσπάζω
1545 2221 1639 2293 μὲν
1671 2221 1735 2276 τὸ
1779 2220 1917 2276 κατά

250 2308 554 2385 βούλησιν,
611 2309 704 2363 καὶ
757 2314 877 2371 ταῖς
938 2305 1329 2380 διωοητικαῖς·
1386 2306 1457 2364 δι’
1512 2307 1585 2364 ὧν
1633 2310 1708 2364 ὥς
1749 2330 1914 2364 τινων

252 2396 507 2453 ὀδόντων
564 2397 704 2473 πρὸς
736 2398 935 2474 βρῶσιν
997 2399 1369 2472 πνευματικὴν
1427 2400 1490 2454 τὸ
1521 2397 1780 2474 δυσχερὲς
1807 2401 1917 2454 τῶν

254 2506 557 2561 νοηματων
615 2483 976 2544 καταλεαίνω.
1032 2491 1141 2554 Τῆς
1198 2491 1326 2564 γοῦν
1379 2486 1628 2558 πληθύος
1654 2491 1763 2542 τῶν
1813 2506 1916 2559 μα-

259 2576 648 2650 θητευομὲνων
706 2574 1082 2648 ἀπαιτησάσης
1140 2578 1237 2647 τήν
1299 2572 1624 2630 διδάσκαλον
1666 2573 1918 2650 ἰπιστρὲ-

254 2667 356 2739 ψαι
419 2665 528 2720 ἀπὸ
581 2669 681 2721 τοῦ
712 2664 882 2739 ὕψους
912 2670 1014 2734 τῆς
1062 2671 1327 2738 μυστικῆς
1380 2664 1747 2739 θεωρίας,καὶ
1785 2684 1915 2739 συγ-

254 2748 564 2824 καταϐῆναι
648 2753 785 2809 κατά
868 2754 969 2823 τὴν
1044 2755 1242 2824 ἠθικὴν
1319 2753 1646 2832 φιλοσοφίαν
1705 2751 1914 2824 αὐταῖς,

258 2842 403 2898 ὥστε
455 2843 738 2899 θεάσασθαι
796 2842 848 2898 ἰν
907 2842 1043 2917 αὐτῇ
1092 2842 1160 2899 τά
1210 2843 1476 2920 εῗρημὲνα
1523 2841 1726 2913 ταύτης
1754 2862 1917 2896 πνευ-

261 2933 470 3007 ματικᾶ
494 2930 701 3004 κάλλη,
732 2930 823 2988 καί
852 2927 1215 3003 ωναναόῆναι
1245 2932 1413 3008 ταύτῃ
1465 2930 1554 2987 διὰ
1605 2933 1913 3006 μιμήσεως·

253 3022 399 3098 πρὸς
451 3020 651 3085 ταύτας
708 3022 844 3094 αὑτή
922 3040 1079 3100 φησιο
1132 3022 1277 3097 Ἐγὼ
1333 3026 1414 3095 τῷ
1460 3018 1738 3099 ἀδελφιδῷ
1788 3041 1918 3094 μου,

253 3111 354 3167 καὶ
418 3110 502 3166 ἰπ⁹
560 3110 658 3185 [ut
707 3114 744 3181 ἠ
798 3110 1097 3190 ἐπιστροφὴ
1158 3110 1342 3168 αὐτοῦ.
1377 3108 1625 3183 Δηλαδὴ,
1658 3108 1810 3180 Auri)
1839 3113 1920 3182 τῷ

2023 1961 2163 2013 sunt
2193 1964 2249 2012 et
2279 1959 2346 2013 ad
2372 1959 2838 2032 cognoscendum
2871 1957 3158 2025 difﬁcilia,
3191 1958 3260 2013 ad
3295 1974 3460 2013 esum
3492 1962 3550 2013 et
3582 1957 3671 2013 ci—

2022 2045 2161 2099 bum
2198 2045 2520 2116 spiritalem
2544 2046 2871 2118 frangimus
2893 2050 2948 2099 et
2971 2044 3293 2100 mollimus.
3319 2044 3462 2100 Cum
3488 2045 3671 2117 igitur

2023 2134 2447 2207 discipularum
2480 2134 2800 2190 multitudo
2831 2152 2863 2188 a
2897 2135 3174 2205 magistra
3204 2132 3550 2207 ﬂagitasset,
3602 2137 3671 2191 ut

2027 2224 2098 2279 ab
2130 2240 2341 2279 arcana
2369 2223 2883 2297 contemplationis
2916 2222 3225 2279 altitudine
3256 2240 3385 2280 sese
3416 2223 3535 2280 illis
3568 2238 3672 2296 per

2026 2312 2303 2369 moralem
2327 2312 2760 2386 philosophiam
2785 2312 3100 2369 demittens
3128 2315 3186 2367 et
3199 2312 3671 2383 accommodans,

2022 2402 2103 2456 ita
2133 2406 2513 2469 converteret,
2548 2407 2611 2457 ut
2653 2401 2949 2475 spiritales
3004 2401 3135 2473 ejus
3192 2400 3664 2473 pulchritudines

2025 2508 2153 2563 qua:
2183 2491 2348 2546 dictae
2378 2495 2538 2562 sunt,
2562 2492 2622 2547 in
2654 2491 2753 2547 illa
2785 2495 3022 2564 possent
3046 2490 3279 2557 intueri,
3305 2494 3361 2545 et
3384 2506 3517 2545 cum
3540 2490 3672 2561 ipsa

2025 2577 2202 2634 simul
2257 2594 2360 2651 per
2401 2578 2791 2635 imitationem
2852 2578 3294 2647 conscenderet,
3356 2577 3425 2632 ad
3460 2592 3561 2632 eas
3590 2576 3673 2633 ita

2027 2668 2380 2741 respondet:
2444 2669 2551 2736 Ego
2599 2669 2784 2739 nepoti
2837 2683 2978 2735 meo,
3036 2674 3092 2722 et
3138 2666 3219 2722 ad
3260 2682 3347 2722 me
3389 2668 3672 2722 conversio

2024 2757 2161 2829 ejus.
2196 2761 2306 2827 Ego
2337 2772 2430 2812 me
2458 2761 2640 2812 totam
2672 2755 2886 2813 dilecto
2919 2771 3045 2811 meo
3077 2755 3379 2810 dedicavi:
3435 2759 3492 2809 et
3546 2754 3676 2811 sine

2025 2844 2155 2916 ipso
2186 2844 2332 2899 nihil
2369 2846 2555 2901 facere
2587 2844 2889 2900 constitui.
2923 2845 3293 2918 Quapropter
3346 2843 3472 2916 ipse
3530 2859 3673 2915 quo-

2027 2949 2141 3006 que
2173 2934 2242 2989 ad
2277 2950 2369 2989 me
2396 2933 2479 2988 sic
2502 2934 2771 2989 affectam
2803 2949 2865 2989 se
2896 2934 3168 3003 demittit,
3203 2950 3235 2988 a
3266 2932 3501 3005 propria
3547 2931 3672 3004 glo-

2026 3022 2114 3078 ria
2146 3022 2227 3078 ita
2248 3040 2310 3078 se
2340 3027 2683 3081 convertens
2710 3040 2726 3093 ;
2758 3028 2822 3078 ut
2852 3040 2985 3078 cum
3019 3021 3333 3078 invisibilis
3366 3022 3463 3090 sit,
3496 3022 3568 3078 ab
3591 3021 3671 3077 iis

2028 3110 2128 3183 qui
2153 3110 2347 3167 videre
2405 3110 2573 3167 illum
2629 3111 2877 3184 cupiunt
2935 3110 3218 3166 videatur.
3274 3109 3491 3166 Verum
3553 3126 3668 3169 non

258 3201 536 3276 ἀγαπητῳ
596 3222 705 3274 μου
760 3199 897 3272 ὅλην
955 3199 1198 3274 ἐμαυτὴν
1257 3198 1546 3273 ἀνεθέμην,
1599 3199 1690 3255 καὶ
1738 3197 1916 3274 χωρὶς

2030 3202 2241 3275 patior,
2292 3205 2359 3257 ut
2410 3201 2537 3271 ipsa
2584 3202 2709 3258 sola
2768 3201 2929 3257 fruar
2984 3201 3174 3274 ipsius
3205 3201 3667 3273 conjunctione;

256 3274 429 3345 αὖτοῦ
486 3287 639 3345 οὐδὶν
698 3294 875 3345 ποιεῖν
935 3286 1232 3366 βούλομαι·
1265 3289 1355 3344 καὶ
1386 3288 1468 3344 ἄπ’
1516 3287 1613 3362 ὶμὶ
1640 3289 1739 3358 τήν
1771 3285 1914 3341 οὕτω

2030 3274 2123 3348 Sed
2158 3291 2351 3364 cupio,
2383 3295 2449 3346 ut
2478 3289 2656 3347 etiam
2687 3289 2773 3346 illi
2806 3290 2904 3362 qui
2955 3298 3089 3346 sunt
3154 3290 3345 3346 adhuc
3400 3290 3675 3363 imperfe-

263 3382 569 3457 φρονοῦσαν
619 3385 654 3449 ῆ
712 3379 877 3434 αὐτοῦ
935 3373 1333 3455 συγκατάϐασις
1381 3377 1608 3455 γίνεται,
1666 3374 1916 3452 ἐπιστρὲ-

265 3488 466 3546 φοντος
512 3467 619 3521 ἀπὸ
673 3474 775 3537 τῆς
835 3466 971 3530 ἰδίας
1026 3474 1335 3543 περιωπῆς,
1395 3466 1546 3532 ὅπως
1600 3467 1627 3521 ὁ
1684 3464 1915 3541 ἀόρατος

2026 3380 2126 3446 oti,
2155 3380 2402 3437 salutem
2435 3381 2508 3436 ab
2542 3396 2608 3436 eo
2632 3384 3091 3452 consequantur.
3116 3380 3363 3435 Proinde
3385 3378 3596 3449 clamo,
3619 3384 3678 3437 et

2026 3469 2215 3525 dicto:

264 3556 449 3633 ὁρῷτο
468 3560 587 3618 τοῖς
622 3554 983 3631 βουλομὶνοις
1013 3560 1205 3612 τοῦτον
1239 3558 1385 3633 ὁρᾷν.
1417 3553 1575 3614 Ἀλλ’
1607 3554 1705 3610 οὐκ
1732 3554 2002 3630 ἀνίχομαι
2034 3554 2198 3629 μόνον
2223 3562 2323 3625 τῆς
2350 3556 2498 3632 ἱερᾶς
2529 3554 2691 3611 αὐτοῦ
2721 3554 3020 3612 ἀπολαύειν
3052 3554 3362 3619 κοινωνίας·
3398 3554 3674 3631 βούλομαι

260 3643 322 3702 δὶ
351 3643 442 3700 καὶ
471 3644 602 3707 τοὺς
632 3643 843 3708 ἀτελεῖς
877 3644 977 3713 ἔτι,
1008 3647 1134 3722 παρ’
1163 3645 1328 3701 αὐτοῦ
1358 3645 1633 3723 σωτηρίας
1660 3646 1870 3719 τυχεῖν.
1904 3643 1998 3699 Διὸ
2032 3645 2146 3720 βοῶ
2174 3644 2265 3698 καὶ
2296 3642 2462 3721 λέγω.

326 3752 512 3824 Έλθὶ,
538 3750 800 3834 ἀδελφιδί
836 3774 962 3829 μου,
994 3753 1086 3810 καὶ
1113 3753 1181 3811 τά
1210 3753 1352 3826 ἑξῆς.

828 4283 953 4339 Τῶν
1001 4280 1050 4357 γ’
1089 4278 1362 4354 Πατέρων.

335 4391 495 4466 Λέγει
525 4390 617 4446 οὗν
667 4391 704 4461 ἠ
735 4388 924 4466 νύμφη
954 4390 1092 4466 πρὸς
1121 4390 1220 4452 τὰς
1267 4389 1730 4463 μαθητευομὲνας·
1790 4397 1926 4446 Λοι-

259 4482 366 4537 πὸν
397 4484 480 4553 τῷ
529 4480 755 4558 νυμφίῳ
804 4475 929 4554 pou.
959 4478 1050 4535 καὶ
1113 4480 1214 4549 τὴν
1263 4476 1476 4549 αἴτησιν
1530 4478 1685 4551 ὑμῶν
1742 4477 1929 4557 ἀναφι-

263 4568 437 4646 ρουσά
511 4587 677 4647 φημι’
737 4565 919 4637 Ἐλοέ,
979 4563 1236 4645 ἀδελφιδέ
1295 4588 1422 4641 μου,
1484 4564 1786 4641 ἐξέλθωμεν
1847 4567 1925 4631 εἷς

261 4634 451 4734 ἀγρόν·
516 4634 734 4725 ίῧῖτουν,
791 4634 982 4732 Δεῦρο,
1042 4634 1306 4732 ἀγάπητέ
1325 4634 1453 4729 μου,
1485 4634 1790 4729 ἇξὲλθωμεν
1820 4654 1925 4732 ἐγώ
1956 4634 2003 4699 D

262 4769 326 4805 τε
378 4748 416 4819 ἠ
482 4750 758 4821 μυστικῶς
814 4742 1097 4821 θεωροῦσά
1149 4765 1228 4815 σε,
1259 4745 1346 4800 καὶ
1380 4743 1540 4806 αὐτὸς
1571 4745 1600 4799 ὁ
1632 4744 1805 4809 οὕτως
1836 4767 1930 4820 μοι

268 4836 679 4913 θεωρούμενος,
735 4835 872 4911 πρὸς
929 4834 1022 4891 τὸν
1076 4834 1246 4910 χορὸν
1304 4838 1412 4889 τῶν
1473 4835 1930 4908 μαθητευομένων

279 4948 403 5000 μοι,
436 4924 501 4981 δν
551 4920 735 5002 ὥσπερ
784 4924 949 5001 ἀγρόν
984 4945 1107 4980 τινα
1134 4917 1409 4999 τριϐόλων
1433 4922 1523 4978 καὶ
1554 4923 1797 4989 ἀκανθῶν
1826 4928 1934 4980 τῶν

271 5018 704 5091 συμπνιγουσῶν
764 5013 948 5082 αὐτὸν,
1002 5016 1100 5069 τοῦ
1130 5012 1252 5089 βιου
1300 5016 1578 5088 μεριμνῶν
1623 5012 1716 5068 καὶ
1778 5010 1934 5088 λογι-

270 5107 431 5179 σμῶν
484 5102 767 5178 ἐμπαθῶν,
839 5100 1154 5178 ὶξεκάθηραο
1213 5099 1517 5174 ἐξέλθωμεν
1573 5098 1631 5156 δῖε
1687 5102 1933 5177 φανερώ-

272 5213 469 5256 σαντες
526 5192 677 5265 αὖτῷ
731 5193 828 5261 τήν
895 5191 1267 5265 πνευματικὴν
1328 5188 1609 5269 συνάφειαν
1662 5191 1823 5264 ἡμῶν
1878 5190 1931 5245 ἒν

268 5287 393 5344 τοῖς
452 5281 591 5338 κατά
630 5284 824 5357 πρᾶξιν
884 5282 1111 5358 τρόποις
1160 5284 1271 5336 τῶν
1300 5279 1527 5355 ἀρετῶν.
1561 5278 1828 5350 Ἐξιόντες
1865 5276 1933 5349 δ’,

279 5372 358 5434 ὡς
410 5369 625 5446 εἵρηται
658 5414 674 5437 ,
726 5368 1074 5445 αὐλισθῶμεν
1130 5368 1186 5426 ἐν
1231 5370 1471 5444 κώμαις
1524 5366 1721 5445 ἤγουν,
1773 5389 1939 5424 κατα-

280 5456 662 5535 σκηδώσωμεν
724 5459 776 5515 ἂν
836 5462 1064 5537 ψυχαῖς,
1122 5463 1204 5533 τῷ
1260 5457 1490 5532 ὀνόματί
1520 5479 1615 5513 σου
1644 5459 1817 5519 πάσας
1839 5458 1940 5521 τὰς

281 5551 644 5627 θεωρητικὰς,
695 5548 786 5607 καὶ
822 5548 918 5614 τὰς
969 5549 1251 5625 ὀρεκτικᾶς
1283 5545 1539 5622 δυνάμεις
1566 5546 1791 5616 αὐτῶν,
1848 5546 1942 5603 καὶ

280 5640 381 5703 τὰς
430 5638 714 5712 αἲσθήσεις
757 5637 848 5694 ἐπὶ
894 5639 959 5694 τὸ
1016 5637 1149 5694 αὐτὸ
1204 5635 1700 5714 συναθροιζοόσαις,
1748 5638 1941 5713 οἴᾶπερ

282 5730 473 5804 κῶμαι
514 5724 647 5789 τοὺς
698 5724 980 5790 οἰκοῦντας
1025 5723 1208 5789 αὐτάς.
1256 5722 1433 5789 Αὐτὸς
1495 5724 1590 5799 μὶν
1622 5721 1941 5803 οἴκητήριόν

2103 3753 2250 3820 Veni,
2274 3767 2439 3824 nepos
2462 3753 2563 3820 mi,
2584 3752 2941 3824 egrediamur
2955 3752 3013 3808 in
3034 3768 3252 3824 agrum,
3274 3768 3684 3810 commoremur

2026 3824 2085 3879 in
2110 3798 2276 3890 υίιιίὲ,
2308 3798 2472 3879 "iane
2508 3798 2798 3895 surgamus
2826 3823 2897 3879 ad
2914 3798 3129 3895 uineaii,
3153 3798 3441 3880 videamus
3455 3842 3530 3881 an
3552 3826 3687 3881 vitis

2025 3896 2304 3966 ﬂoruerit,
2364 3912 2436 3950 an
2490 3896 2745 3965 ﬂoruerit
2802 3911 3045 3965 germen,
3097 3912 3171 3952 an
3198 3896 3491 3966 ﬂoruerint
3530 3896 3685 3951 mala

2023 3969 2251 4041 punica.
2283 3968 2406 4041 Iltic
2433 3966 2573 4022 dabo
2600 3967 2706 4022 tibi
2734 3966 2909 4022 ubera
2930 3983 3080 4041 mea.
3139 3968 3531 4041 Mandragorz
3587 3968 3685 4023 de-

2027 4038 2228 4094 derunt
2267 4038 2510 4104 odorem,
2571 4046 2623 4094 et
2678 4040 2740 4093 in
2786 4040 2963 4110 portis
3007 4043 3209 4096 nostris
3260 4038 3448 4096 omnes
3515 4054 3685 4095 nuces

2028 4126 2198 4167 novas
2217 4125 2382 4193 super
2408 4118 2616 4237 aegere:
2642 4125 2776 4181 quas
2787 4108 2944 4167 dedit
2974 4110 3123 4167 mihi
3149 4114 3328 4168 mater
3355 4128 3496 4180 mea,
3512 4126 3681 4184 nepos

2028 4198 2132 4237 mi.
2163 4197 2378 4237 servavt
2409 4190 2453 4236 ιτ
2497 4197 2537 4236 ι.

2028 4198 2132 4254 mi,
2163 4190 2378 4237 servavi
2409 4190 2537 4237 tibi.

2628 4287 2812 4343 Trium
2843 4289 3096 4345 Patrum.

2107 4400 2334 4469 Sponsa
2364 4393 2548 4468 igitur
2572 4395 2642 4451 ad
2677 4393 2999 4468 discipulae
3042 4395 3231 4454 dicit:
3286 4396 3415 4453 Jam
3475 4412 3694 4469 sponso

2039 4500 2166 4541 meo
2200 4500 2402 4557 preces
2433 4487 2661 4540 vestras
2694 4499 2989 4556 exponens
3011 4484 3143 4541 dico
3169 4502 3183 4541 :
3220 4485 3371 4555 Veni,
3401 4501 3566 4558 nepos
3585 4486 3688 4554 mi,

2035 4573 2387 4645 egrediamur
2417 4575 2475 4629 in
2497 4589 2714 4645 agrum.
2749 4575 2891 4644 Age,
2923 4572 3136 4629 dilecte
3168 4573 3270 4641 mi,
3294 4590 3594 4643 exeamus,
3638 4578 3698 4631 et

2038 4679 2146 4735 ego
2176 4679 2308 4736 quae
2339 4670 2395 4718 te
2426 4661 2673 4734 mystice
2702 4661 3087 4733 contemplor,
3120 4668 3179 4717 et
3208 4667 3273 4717 tu
3305 4664 3406 4734 qui
3436 4665 3520 4720 sic
3542 4681 3576 4719 a
3598 4678 3695 4719 me

2040 4750 2345 4824 spectaris,
2372 4751 2444 4805 ad
2476 4750 2722 4806 chorum
2746 4748 3172 4822 discipularum
3197 4766 3495 4805 mearum:
3518 4765 3693 4822 quem

2041 4846 2107 4898 ut
2129 4858 2337 4914 agrum
2361 4859 2396 4897 a
2417 4840 2655 4895 tribulis
2678 4844 2735 4895 et
2756 4840 2968 4912 spinis,
2993 4858 3027 4895 a
3043 4839 3172 4895 vitae
3193 4839 3695 4896 sollicitudinibus

2040 4934 2097 4987 et
2127 4929 2322 5002 pravis
2353 4926 2812 5000 cogitationibus
2839 4928 3037 4998 ipsum
3069 4926 3527 4996 suti'ocantibus,
3560 4943 3699 4999 pur-

2042 5019 2193 5092 gavi.
2224 5017 2613 5090 Egrediamur
2634 5020 2829 5073 autem
2856 5017 3235 5073 ostendentes
3258 5016 3341 5072 illi
3364 5015 3698 5089 spiritalem

2043 5105 2517 5179 conjunctionem
2551 5110 2814 5161 nostram
2848 5105 2907 5160 in
2941 5106 3224 5161 virtutum
3276 5106 3540 5162 moribus
3598 5120 3704 5178 per

2044 5196 2333 5254 actionem
2365 5195 2681 5266 expressis.
2743 5194 3121 5267 Egredientes
3170 5211 3325 5265 vero,
3378 5199 3444 5251 ut
3475 5194 3701 5251 dictum

2045 5289 2154 5353 est,
2186 5299 2621 5341 commoremur
2648 5281 2707 5337 in
2737 5281 2916 5349 villis,
2949 5282 3009 5338 in
3041 5282 3355 5340 animabus
3408 5300 3538 5356 quas
3595 5299 3706 5340 no-

2046 5373 2190 5430 mini
2221 5376 2346 5443 tuo,
2379 5376 2444 5428 ut
2472 5371 2624 5427 villas
2655 5371 2879 5427 incolas
2904 5388 3069 5440 suos,
3101 5376 3346 5428 cunctas
3371 5372 3707 5445 intelligen-

2049 5462 2107 5519 di
2135 5460 2562 5536 appetendique
2586 5460 2875 5532 potentias
2899 5464 2953 5516 et
2976 5477 3190 5518 sensus
3214 5462 3272 5517 in
3299 5478 3480 5517 unum
3504 5477 3714 5535 cogen-

2050 5557 2142 5608 tes
2173 5551 2545 5607 dedicarunt.
2579 5549 2695 5604 Has
2725 5554 2786 5604 tu
2819 5548 3184 5605 domicilium
3214 5548 3319 5605 tibi
3375 5550 3435 5605 in
3484 5549 3710 5623 Spiritu

2052 5643 2256 5697 sancto
2286 5640 2633 5696 constitues.
2666 5642 2784 5710 Ego
2817 5643 3014 5694 autem
3042 5638 3163 5695 illis
3195 5654 3290 5694 me
3318 5638 3536 5711 ipsam,
3587 5655 3708 5712 quo

2052 5729 2161 5789 tibi
2191 5728 2483 5804 placeant,
2512 5726 2850 5801 exemplum
2881 5728 3195 5801 prwstabo.
3232 5727 3391 5787 Mane
3408 5744 3709 5801 surgamus
