4102 6342
417 404 534 463 675

1756 400 2177 462 MICHAELIS
2219 398 2495 462 PSELLI

3716 400 3849 461 6'76

416 536 487 593 ad
514 536 706 594 vinea:
727 553 745 592 :
767 539 829 593 tu
863 535 964 607 qui
993 534 1315 606 esjustitiaa
1348 533 1457 605 sol,
1490 533 1844 608 cognitionis
1871 534 2057 591 lucem

2173 552 2268 587 σου
2307 529 2358 586 έν
2411 532 2550 608 ἁγίῳ
2609 529 2879 605 Ηνεύματι
2926 529 3119 595 ταύτας
3177 530 3545 605 ποιούμενος,
3603 530 3713 607 ἑγὼ
3775 528 3843 587 δῖ

417 626 691 683 emittens
726 625 784 680 in
818 624 1066 696 animas,
1098 624 1368 681 laborum
1401 624 1655 679 fructum
1688 624 1940 679 ferentes
1964 640 2067 697 pa-

414 716 704 785 tientiam,
766 731 893 786 quae
953 714 1121 786 quasi
1182 713 1386 770 botrus
1440 714 1682 785 quidam
1716 728 1819 784 per
1848 712 2064 769 multas

416 803 843 871 tribulationes,
861 803 1064 859 vinum
1082 803 1375 873 lmtificans
1395 818 1489 859 cor
1508 804 1754 859 hominis
1775 803 1820 837 7°
1857 801 2063 871 stillat,

417 897 654 965 propter
674 908 840 963 spem
871 894 1079 948 futurae
1108 892 1601 949 remunerationis
1635 909 1648 946 :
1711 907 1817 964 ego
1867 896 2065 947 autem

416 982 743 1037 secundum
778 982 973 1053 ipsum
1007 981 1149 1038 solis
1183 987 1375 1038 ortum
1402 981 1695 1054 patientiaa
1718 997 1911 1037 mores
1932 980 2065 1037 illos

412 1071 729 1127 ostendens
760 1070 1025 1143 exemplo
1055 1088 1205 1127 meo.
1240 1071 1325 1126 Ita
1348 1086 1518 1142 porro
1542 1074 1852 1141 surgentes
1884 1068 2068 1124 videa-

413 1175 559 1226 mus,
594 1177 667 1215 an
698 1162 947 1231 floruerit
977 1161 1156 1228 vinea,
1190 1178 1261 1215 an
1290 1176 1509 1231 germen
1540 1160 1813 1230 ﬂoruerit,
1843 1175 1915 1214 an
1961 1159 2065 1227 ﬂo-

412 1252 632 1305 ruerint
660 1250 811 1304 mala
840 1252 1081 1320 punica:
1117 1249 1549 1320 conspiciamus
1580 1252 1705 1302 tum
1730 1247 1854 1317 ipse
1884 1246 1981 1317 qui
2006 1246 2063 1301 in

411 1338 755 1393 abscondito
786 1338 970 1402 vides,
993 1343 1119 1393 tum
1147 1354 1251 1410 ego
1276 1353 1398 1410 quae
1422 1338 1479 1392 in
1506 1336 1838 1403 manifesto,
1866 1340 2064 1390 utrum

412 1426 836 1498 discipularum
872 1445 906 1482 a
928 1444 1019 1483 me
1050 1428 1454 1482 institutarum
1491 1426 1636 1481 ﬁdes
1669 1426 1818 1496 (quae
1844 1428 1907 1479 ut
1927 1424 2066 1479 vitis

410 1516 469 1570 in
504 1515 799 1587 palmites,
834 1516 916 1571 sic
952 1516 1080 1587 ipsa
1111 1516 1171 1570 in
1200 1516 1390 1571 varias
1421 1516 1666 1570 virtutes
1692 1513 2061 1581 diffunditur)

412 1604 676 1660 ﬂoruerit
698 1604 859 1661 intus
892 1606 1127 1677 quidem
1156 1623 1255 1677 per
1289 1606 1557 1660 habitum
1610 1620 1679 1659 ex
1737 1603 2063 1658 rationibus

409 1694 717 1763 virtutum,
750 1695 889 1750 foris
920 1700 1117 1751 autem
1167 1711 1269 1767 per
1328 1694 1617 1750 actionem
1676 1710 1744 1749 ex
1803 1692 2065 1747 moribus

409 1787 584 1854 atque
606 1783 891 1839 institutis
925 1784 1211 1857 ipsarum.
1236 1784 1380 1839 Nam
1414 1783 1619 1838 animae
1652 1782 1759 1838 flos
1790 1799 1858 1836 ex
1880 1782 2064 1836 virtu-

408 1876 537 1927 tum
588 1874 918 1929 rationibus
966 1874 1259 1946 germinat
1292 1888 1392 1944 per
1422 1889 1614 1927 mores
1673 1871 1940 1943 ipsarum
1998 1869 2057 1925 in

409 1977 582 2018 carne
608 1978 619 2018 :
638 1963 806 2034 cujus
826 1962 952 2019 fidei
978 1963 1086 2019 flos
1108 1967 1234 2018 tum
1252 1979 1525 2029 arcanus,
1543 1966 1668 2016 tum
1685 1961 2060 2029 manifestus,

411 2054 502 2106 est
556 2051 663 2109 ﬂos
722 2052 1014 2108 malorum
1074 2053 1448 2123 punicorum,
1516 2066 1643 2121 qum
1700 2050 2063 2105 intrinsecus

410 2140 652 2212 quidem
700 2142 933 2197 dulcem
992 2142 1252 2197 fructum
1313 2140 1635 2210 continent,
1696 2138 2067 2194 extrinsecus

411 2234 609 2285 autem
641 2235 947 2287 austerum
980 2232 1254 2287 corticem
1290 2231 1623 2302 praeferunt.
1656 2229 1882 2285 Etenim
1927 2228 2063 2283 fidei

410 2334 647 2390 quoque
665 2320 891 2375 fructus
922 2320 978 2375 in
1003 2320 1229 2376 occulta
1248 2320 1485 2392 quidem
1514 2320 1721 2375 animae
1756 2316 2063 2374 affectione

412 2413 654 2480 propter
708 2409 888 2465 futuri
950 2410 1173 2482 praemii
1231 2426 1420 2482 spem,
1479 2409 1695 2464 laetitia!
1753 2408 1955 2476 atl‘ert;
2001 2407 2060 2461 in

408 2498 692 2554 exteriore
722 2501 1136 2571 autemicarnis
1167 2516 1342 2556 sensu
1379 2504 1614 2571 propter
1643 2498 1881 2554 virtutis
1901 2495 2064 2552 labo-

409 2602 504 2643 res
537 2588 755 2659 praebet
786 2589 1183 2644 acerbitatem.
1218 2590 1339 2644 Illic
1368 2588 1503 2643 dabo
1564 2588 1734 2643 ubera
1784 2602 1905 2642 mea
1938 2586 2056 2640 tibi.

409 2676 471 2730 In
524 2693 666 2749 agro
724 2677 991 2734 videlicet
1045 2677 1145 2733 illo
1204 2693 1380 2749 quem
1441 2677 1583 2743 dixi,
1638 2675 2063 2747 discipularum

405 2780 697 2835 mearum,
732 2768 1023 2839 proferam
1066 2768 1173 2822 tibi
1233 2783 1449 2839 sponso
1482 2783 1632 2835 meo,
1683 2782 1860 2836 quam
1893 2762 2063 2818 insti-

402 2857 639 2912 tuendis
672 2856 788 2912 illis
820 2857 1067 2912 adbibeo
1101 2858 1430 2911 doctrinam
1465 2854 1741 2911 moralem
1796 2859 1851 2909 et
1885 2858 2060 2909 natu-

404 2945 609 3015 ralem,
641 2951 705 3001 ut
736 2963 837 3017 per
867 2946 1017 3001 hanc
1048 2947 1268 3001 ducens
1300 2961 1398 3000 eas
1438 2946 1509 3000 ad
1544 2942 1934 3012 disciplinam
1972 2960 2065 2998 ar-

404 3050 636 3100 canam,
657 3036 963 3090 ostendam
983 3051 1178 3090 rerum
1202 3039 1472 3089 naturam
1497 3038 1551 3089 te
1567 3050 1741 3089 suum
1760 3037 2059 3088 auctorem

412 3123 674 3180 indicare
706 3141 807 3196 per
835 3128 1003 3178 notas
1035 3124 1321 3194 quasdam
1356 3132 1416 3178 ut
1445 3122 1776 3189 veritatem,
1812 3139 1926 3177 non
1961 3138 2058 3177 au-

412 3216 528 3267 tem
580 3218 647 3268 ut
691 3214 864 3284 juxta
920 3214 1298 3284 prudentium
1348 3212 1679 3268 Graecorum
1723 3211 2053 3277 stultitiam,

2177 618 2415 694 δμαυτήν
2472 626 2787 698 παριστῶσα
2860 620 3079 686 ταύταις
3133 618 3483 699 παράδειγμα
3535 622 3670 697 πρὸς
3727 624 3835 692 σήν

2176 709 2541 785 εὐαρέστησιν.
2627 710 3000 789 Ὀρθρίσωμεν
3078 710 3155 773 εἰς
3242 710 3589 784 ἀμπελῶνας
3666 709 3835 773 αὐτὸς

2181 799 2273 873 μὲν
2336 800 2363 854 ὁ
2423 798 2614 862 Ἥλιος
2666 807 2731 870 τῆ
2753 798 3171 873 ςδικαιοσύνης,
3204 798 3512 855 ἀνατέλλων
3543 803 3655 877 φῶς
3683 799 3836 875 γνῶ-

2178 909 2310 951 σεως
2369 895 2491 952 ταῖς
2546 891 3025 967 καρποφορούσαις
3084 893 3290 966 ψυχαῖς
3334 890 3433 959 τήν
3488 893 3595 944 τῶν
3649 889 3839 945 πόνων

2179 979 2489 1052 ὑπομονήν*
2550 979 2673 1049 ἥτις
2730 977 2804 1042 ὥς
2853 1001 2935 1042 τις
2990 979 3185 1055 βότρυς
3216 976 3306 1035 διὸ,
3334 977 3557 1035 πολλῶν
3594 977 3838 1053 θλίψεων

2176 1068 2465 1139 ἀποστάζει
2497 1070 2588 1125 τὸν
2635 1069 2723 1125 διὰ
2764 1071 2863 1139 τὴν
2900 1067 3100 1125 ἐλπίδα
3143 1076 3243 1139 τῆς
3306 1067 3621 1143 μελλούσης
3680 1080 3842 1143 μισθ-

2177 1156 2472 1221 αποδοσίας
2527 1160 2878 1237 εὐφραντικὸν
2935 1161 3035 1229 τῆς
3093 1156 3315 1235 καρδίας
3371 1158 3544 1227 οἶνον,
3604 1158 3713 1233 ἐγὼ
3771 1156 3837 1214 δὶ

2174 1248 2311 1303 κατά
2374 1250 2473 1317 τήν
2555 1247 2830 1321 εἰρηνένην
2899 1246 3198 1317 ἀνατολὴν,
3257 1248 3387 1309 τοὺς
3438 1248 3677 1324 τρόπους
3732 1252 3843 1318 τῆς

2180 1337 2461 1411 ὑπομονῆς
2520 1338 2739 1400 ταύταις
2801 1335 3223 1393 ὑποδεικνύουσα
3274 1340 3352 1409 τῷ
3412 1338 3528 1392 κατ’
3582 1336 3679 1410 ἐμὲ
3725 1357 3839 1392 πα-

2179 1424 2518 1503 ραδείγματι.
2577 1429 2767 1493 Οὕτως
2815 1426 2876 1485 δὶ
2932 1428 3297 1505 ὀρθρίσαντες,
3327 1425 3559 1503 Ἳδωμεν
3590 1430 3638 1484 εἰ
3667 1427 3842 1499 ἤνθη-

2178 1537 2262 1571 σεν
2323 1518 2356 1587 ἡ
2419 1514 2714 1592 ἄμπελος,
2784 1515 3014 1589 ἤνηθσεν
3088 1520 3116 1574 ὁ
3174 1518 3505 1595 κυπρισμὸς,
3578 1513 3831 1589 ἤνθησαν

2175 1607 2229 1660 αἱ
2288 1605 2430 1683 ῥοαί·
2491 1606 2641 1677 ἤτοι,
2702 1610 3029 1683 Θεασώμεθα
3086 1608 3149 1662 σύ
3178 1629 3236 1663 τε
3294 1608 3322 1663 ὁ
3380 1606 3432 1662 ἐν
3485 1610 3563 1679 τῷ
3605 1611 3837 1684 κρυπτῷ

2180 1694 2420 1770 βλέπων,
2478 1698 2627 1774 κάγὼ
2684 1698 2719 1767 ἡ
2780 1696 2831 1752 ἰν
2884 1702 2963 1769 τῷ
2996 1702 3226 1773 φανερῷ,
3284 1696 3369 1752 ἐὰν
3403 1698 3437 1767 ἠ
3498 1695 3575 1759 εἰς
3630 1697 3688 1751 ei
3717 1700 3832 1752 τῶν

2179 1788 2634 1859 μαθητευομένων
2696 1809 2787 1860 μοι
2848 1786 3049 1856 πίστις,
3100 1786 3222 1856 ἥτις
3281 1787 3354 1848 εἰς
3408 1785 3503 1848 τὰς
3535 1783 3837 1864 διαφόρους

2174 1874 2383 1950 ἀρετὰς,
2445 1877 2520 1940 ὡς
2579 1876 2654 1932 εἰς
2708 1876 2969 1949 κλήματα
3024 1874 3269 1949 ἄμπελος
3303 1874 3609 1952 διαιρεῖτυι,
3658 1874 3839 1947 ἤνθη-

2176 1985 2259 2017 σεν
2319 1963 2469 2027 ἐττὸς
2521 1986 2580 2021 τε
2627 1967 2745 2021 καθ’
2798 1964 2903 2037 ἕξιν
2962 1972 3078 2027 τοῖς
3111 1966 3300 2041 λόγοις
3327 1969 3434 2021 τῶν
3484 1966 3712 2041 ἀρετῶν,
3742 1962 3840 2020 καί

2175 2052 2327 2117 ἐκτὸς
2384 2058 2502 2110 κατ’
2573 2054 2839 2132 ἐνέργειαν
2896 2061 3012 2118 τοῖς
3064 2054 3291 2129 τρόποις
3352 2055 3554 2112 αὐτῶν.
3613 2054 3670 2113 Ὀ
3726 2054 3836 2130 γὰρ

2172 2142 2309 2196 κατὰ
2361 2143 2492 2205 τοὺς
2553 2140 2754 2219 λόγους
2810 2149 2921 2199 τῶν
2954 2144 3156 2218 ἀρετῶν
3220 2144 3480 2217 ἀνθισμὸς
3518 2149 3620 2213 τῆς
3650 2147 3843 2218 ψυχῆς

2171 2231 2417 2308 κυπρίζει
2475 2233 2611 2288 κατά
2666 2234 2791 2297 τοὺς
2848 2233 3085 2306 τρόπους
3144 2233 3318 2289 αὐτῶν
3378 2232 3428 2287 ἐν
3491 2232 3680 2309 σαρκί.
3728 2237 3838 2297 Ἱῐς

2170 2322 2407 2385 πίστεως
2437 2324 2498 2377 τὸ
2530 2320 2685 2393 δῆθεν
2723 2324 2980 2396 μυστικὸν
3034 2324 3124 2378 καὶ
3186 2323 3413 2402 φανερὸν
3444 2322 3624 2393 ἄνθος,
3680 2319 3831 2398 ῥοῶν

2172 2413 2311 2466 ἐστιν
2372 2410 2552 2475 ἄνθος·
2615 2411 2770 2487 αἵπερ
2827 2412 2975 2477 ἐντὸς
3010 2414 3103 2487 μὶν
3164 2414 3227 2467 τὸ
3284 2411 3458 2488 γλυκὺ
3486 2414 3583 2465 τοῦ
3613 2414 3832 2487 καρποῦ

2172 2500 2575 2579 περιφέρουσιν,
2633 2501 2785 2565 ἐκτὸς
2846 2498 2903 2556 δὲ
2957 2502 3019 2557 τὸ
3071 2506 3168 2557 τοῦ
3202 2500 3441 2577 λεπύρου
3472 2499 3686 2576 πικρόν.
3721 2498 3837 2554 Καὶ

2169 2593 2270 2667 γὰρ
2329 2592 2419 2645 καὶ
2479 2593 2506 2646 ὁ
2562 2599 2662 2662 τῆς
2718 2592 2948 2653 πίστεως
3005 2592 3211 2666 καρπὸς
3271 2592 3405 2645 κατά
3467 2589 3561 2663 μὶν
3584 2609 3829 2662 κεκρυμ-

2176 2682 2342 2753 μένην
2401 2688 2499 2750 τῆς
2561 2684 2745 2756 ψυχῆς
2819 2678 3077 2753 διάθεσιν,
3137 2680 3485 2756 εύφραντικὸς
3544 2678 3675 2747 ἐστι,
3736 2675 3833 2733 διὰ

2171 2771 2268 2840 τὴν
2321 2777 2420 2840 τῆς
2474 2769 2788 2844 μελλούσης
2853 2767 3275 2843 μισθαποδοσίας
3326 2766 3543 2823 ἐλπίδα’
3600 2768 3737 2823 κατά
3767 2764 3834 2824 δὲ

2170 2860 2268 2929 τὴν
2329 2858 2479 2922 ἐκτὸς
2519 2867 2621 2929 τῆς
2681 2860 2879 2933 σαρκὸς
2938 2857 3227 2932 ὀδυνηρὸς,
3286 2855 3372 2913 διά
3400 2859 3461 2913 τὸ
3492 2865 3591 2928 τῆς
3623 2857 3828 2934 ἀρετῆς

2173 2948 2450 3004 ἐπίπονον.
2498 2950 2642 3003 Ἐκεῖ
2698 2946 2858 3003 δώσω
2915 2947 3041 3013 τοὺς
3101 2946 3338 3021 μαστούς
3409 2968 3511 3020 μου
3544 2946 3646 3001 σοί.
3709 2956 3821 3017 Δηο

2172 3035 2379 3094 λονότι.
2437 3038 2523 3093 Ἐν
2590 3041 2669 3109 τῷ
2734 3037 3010 3113 εἰρημένῳ
3042 3037 3194 3112 ἀγρῷ
3221 3041 3328 3091 τῶν
3366 3036 3823 3109 μαθητευομένων

2175 3146 2267 3197 μοι
2326 3124 2579 3200 προσάξω
2639 3145 2723 3179 σοι
2788 3128 2868 3196 τῷ
2924 3124 3143 3202 νυμφίῳ
3196 3145 3299 3198 μου
3328 3124 3427 3193 τήν
3457 3124 3590 3199 πρὸς
3624 3124 3827 3189 ταύτας

2170 3215 2369 3283 ἠθικὴν
2418 3212 2507 3267 καὶ
2541 3215 2769 3291 φυσικὴν
2804 3210 3169 3268 διδασκαλίαν·
3228 3235 3353 3286 μου,
3388 3212 3460 3275 ὡς
3496 3210 3585 3267 διὰ
3612 3210 3824 3268 τούτων

413 3300 665 3355 naturali
699 3318 893 3356 rerum
927 3302 1257 3373 cognitione
1289 3302 1370 3357 sic
1393 3318 1491 3356 eas
1522 3301 1807 3367 imbuam,
1834 3303 1897 3353 ut
1927 3315 2054 3371 pro-

2169 3302 2329 3364 αὐτὰς
2381 3302 2515 3376 πρὸς
2573 3303 2671 3370 τὴν
2731 3301 3110 3377 μυσταγωγίαν
3146 3302 3375 3375 ἀνάξασα
3428 3301 3481 3357 ἐν
3538 3306 3616 3373 τῷ
3672 3301 3819 3356 ἀπο-

411 3390 505 3445 cul
538 3394 657 3445 ate
711 3390 958 3446 veritate
1014 3391 1339 3446 discedant.
1402 3390 1622 3446 Etenim
1668 3389 2053 3459 mandragorae

408 3479 675 3535 dederunt
694 3480 1156 3536 odorem.Rerum
1177 3480 1393 3553 quippe
1413 3479 1778 3536 sensibilium
1805 3478 2049 3550 species,

409 3572 466 3624 et
483 3568 669 3639 ipsius
689 3570 989 3641 scripturae
1010 3573 1156 3625 nota:
1172 3570 1339 3641 quasi
1356 3570 1756 3641 mandragorae
1780 3568 2050 3640 quaedam

411 3658 654 3728 faciunt,
683 3663 747 3714 ut
778 3676 944 3715 mens
992 3677 1096 3731 per
1144 3676 1380 3715 sensum
1430 3658 1548 3713 illis
1588 3657 1897 3725 inhaerens,
1932 3674 2049 3712 non

410 3753 605 3804 autem
639 3764 741 3820 per
765 3766 861 3805 eas
894 3750 965 3804 ad
1006 3750 1306 3805 veritatem
1363 3748 1673 3822 vigilanter
1702 3747 2050 3816 ascendens,

408 3836 822 3905 obdormiscat,
870 3845 927 3894 et
984 3844 1219 3912 torpore
1265 3836 1445 3894 veluti
1494 3837 1710 3893 stolida
1760 3841 2048 3892 teneatur.

405 3927 791 3983 Prebuerunt
839 3929 1073 3984 odorem
1135 3930 1430 3984 rationum
1484 3927 1746 3982 veritatis
1787 3926 1843 3981 in
1875 3926 2049 3981 rebus

407 4017 683 4073 omnibus
709 4018 1062 4085 exhibentis,
1099 4019 1146 4073 si
1208 4016 1552 4089 spiritaliter
1582 4016 2048 4071 considerentur.

406 4106 799 4170 Quamobrem
832 4111 884 4161 et
928 4108 987 4162 in
1034 4109 1211 4177 portis
1268 4106 1475 4161 nostris
1504 4121 1688 4161 omne:
1718 4121 1898 4159 nuces.
1931 4104 2049 4159 Hoc

405 4195 584 4250 estin
616 4196 893 4250 sensibus
923 4196 1068 4251 meis
1125 4195 1247 4266 (qui
1303 4194 1484 4250 veluti
1543 4200 1719 4265 porta:
1782 4194 2047 4266 quaadam

407 4284 921 4355 educuntquidem
937 4299 1029 4339 me
1045 4284 1115 4339 ad
1131 4295 1185 4339 te
1205 4287 1265 4339 ut
1290 4284 1761 4339 rerumomnium
1784 4299 2048 4355 causam,

404 4388 511 4443 per
530 4372 1131 4444 naturalemipsarum
1158 4374 1215 4427 in
1240 4373 1447 4445 spiritu
1473 4372 2047 4445 contemplationem,

404 4460 864 4531 inquirendum:
911 4461 1292 4517 introducunt
1335 4466 1531 4518 autem
1580 4467 1636 4518 te
1683 4463 1752 4517 ad
1804 4478 1897 4517 me
1947 4477 2051 4533 per

406 4549 622 4604 mentis
642 4550 1060 4623 cognitionem)
1083 4555 1363 4624 promptae
1386 4556 1527 4608 sunt
1552 4566 1756 4608 omnes
1779 4552 1836 4605 in
1871 4550 2046 4605 rebus

2162 3389 2326 3461 δεῖξαι
2375 3393 2475 3460 τήν
2544 3395 2651 3446 τῶν
2710 3390 2855 3445 ὅλων
2901 3390 3055 3469 φύσιν
3106 3412 3163 3445 σε
3238 3390 3329 3445 τὸν
3388 3390 3587 3461 ταύτης
3634 3386 3821 3445 α’ἷτιονν

2160 3479 2532 3554 αἰνιττομένην
2596 3475 2951 3553 συμϐολικῶς
3036 3481 3111 3543 ὡς
3168 3477 3448 3552 ἀλήθειαν·
3532 3479 3622 3535 καὶ
3675 3479 3810 3555 οὐχὶ

2160 3570 2294 3625 κατά
2348 3570 2475 3631 τοὺς
2536 3569 2935 3646 ματαιόφρονας
2991 3567 3271 3639 ’Έλληνας
3304 3614 3317 3635 ,
3388 3570 3814 3646 παρασκευάζειν

2158 3659 2354 3722 ταύτας
2410 3664 2527 3722 ταῖς
2585 3663 2833 3734 φυσικαῖς
2894 3656 3121 3721 έννοίαις
3154 3658 3360 3733 μακράν
3415 3679 3509 3712 σου
3537 3661 3636 3722 τῆς
3666 3656 3809 3727 ἀλη-

2160 3750 2306 3810 Οείας
2364 3749 2675 3821 ἀπάγεσθαι.
2735 3749 2830 3802 Καὶ
2891 3747 3014 3823 γὰρ,
3070 3749 3140 3803 Αἱ
3202 3743 3563 3822 μανδραγόραι
3595 3744 3807 3801 ἔδωκαν

2160 3838 2359 3910 ὀσμήν.
2393 3838 2613 3901 Πάντως
2670 3838 2723 3890 αἰ
2774 3842 2879 3892 τῶν
2939 3837 3211 3907 αἰσθητῶν
3270 3837 3567 3915 ἐπιφάνειαι
3595 3838 3683 3891 καὶ
3743 3838 3813 3891 τὰ

2156 3934 2257 3996 τῆς
2308 3933 2524 4005 Γραφῆς
2581 3921 2854 3998 σύμϐολα,
2886 3927 3016 3999 ἅπερ
3048 3924 3140 3980 τὸν
3198 3926 3412 3987 τούτοις
3466 3927 3583 3980 κατ’
3615 3924 3809 3995 αἳσθη-

2158 4037 2238 4071 σιν
2298 4015 2694 4087 ἐναπομένοντα
2736 4019 2883 4088 νοῦν,
2942 4014 3031 4069 καὶ
3096 4016 3171 4088 μή
3228 4012 3297 4069 δι’
3342 4014 3514 4069 αὐτῶν
3549 4016 3683 4090 πρὸς
3707 4015 3809 4083 τήν

2159 4103 2415 4175 ἀλήθειαν
2475 4102 2853 4179 ἐγρηγορότως
2913 4098 3255 4158 διυϐειίνοντα
3312 4109 3506 4180 ναρκᾷν
3552 4104 3643 4159 καὶ
3674 4102 3810 4173 ἠλι-

2161 4200 2299 4265 θιᾷν,
2358 4193 2431 4256 ὥς
2486 4215 2627 4255 τινες
2690 4190 3084 4270 μανδραγόραι,
3140 4195 3627 4269 παρασκευάζουσι.
3660 4194 3809 4270 ΙΙαρ-

2160 4285 2321 4359 έσχον
2395 4280 2617 4338 εὐωδίαν
2690 4286 2795 4337 τῶν
2855 4290 2954 4352 τῆς
3007 4282 3058 4336 ἐν
3111 4280 3266 4347 ὅλοις
3321 4282 3577 4355 ἀληθείας
3628 4279 3809 4359 λόγων

2158 4376 2538 4446 πνευματικῶς
2598 4371 3012 4445 θεωρουμένων.
3060 4373 3334 4435 Ἐντεῦθεν
3396 4369 3495 4440 δὶ,
3560 4372 3659 4427 Καὶ
3719 4371 3809 4427 ἐπὶ

2160 4462 2344 4536 θύραις
2398 4464 2559 4535 ἡμῶν
2619 4459 2790 4515 πάντα
2844 4460 2911 4516 τὰ
2966 4457 3259 4535 ἀκρόδρυα·
3296 4458 3501 4531 εἷ’τουν,
3527 4462 3649 4518 Ἐπὶ
3679 4467 3803 4524 ταῖς

2159 4549 2436 4621 αἰσθήσεσί
2500 4570 2603 4623 μου
2662 4548 2860 4625 (α’ίπερ,
2922 4549 2996 4612 ὡς
3030 4549 3185 4623 θύραι
3227 4550 3391 4621 τινὶς,
3426 4551 3673 4626 ἐξάγουσι
3710 4551 3807 4625 μὶν

407 4638 728 4710 procreatis
761 4640 947 4695 insitae
977 4642 1239 4698 veritatis
1285 4641 1561 4708 rationes,
1597 4657 1724 4713 quis
1764 4645 2047 4712 tanquam

2169 4638 2257 4713 έμὶ
2312 4640 2448 4714 πρὸς
2494 4640 2826 4709 ἁναζήτησίν
2883 4660 2998 4709 σου,
3059 4638 3136 4703 ὠς
3192 4641 3408 4694 πάντων
3459 4638 3658 4709 αἰτίου,
3721 4637 3813 4695 διὸ

408 4743 588 4784 nuces
622 4736 743 4783 tum
772 4746 875 4801 per
904 4731 1205 4803 scripturae
1265 4735 1455 4798 notas,
1516 4734 1640 4785 tum
1702 4746 1804 4801 per
1856 4745 2052 4784 rerum

408 4816 779 4874 sensibilium
804 4819 1369 4889 speciesJudeeorum
1386 4819 1839 4891 Graecorumque
1860 4818 2056 4875 stulti-

411 4906 552 4963 tiam
590 4907 1484 4981 nutriebant.Undenovassuper
1516 4913 1739 4979 veteres,
1767 4924 1931 4978 nepos
1951 4909 2051 4978 mi,

408 4998 646 5053 servavi.
702 4997 823 5054 Hoc
879 5002 986 5066 est,
1042 5001 1305 5053 recentes
1377 4998 1742 5070 evangelicae
1800 4997 2057 5054 rationes

409 5086 619 5157 (gratia
644 5087 896 5159 Spiritus
927 5090 1262 5157 renovante)
1283 5086 1700 5159 cumfantiquis
1721 5086 2053 5143 Graecorum

406 5174 865 5248 Judaeorumque
922 5175 1265 5248 ignorantiae
1313 5181 1440 5232 tum
1499 5174 1868 5231 naturalibus
1925 5180 2051 5232 tum

407 5264 645 5337 scriptis
668 5265 993 5321 rationibus
1006 5270 1371 5321 coacervatas
1384 5265 1606 5322 servavi
1626 5264 1729 5320 tibi
1748 5282 1760 5321 :
1777 5265 2053 5335 quoniam

407 5357 464 5409 et
490 5370 591 5425 per
620 5355 869 5426 scriptas
888 5354 1021 5411 illas
1058 5360 1305 5427 purgata
1337 5372 1469 5411 sum
1496 5371 1559 5411 ac
1587 5354 1850 5411 moribus
1880 5354 2056 5411 insti-

411 5446 559 5513 tuta,
589 5446 647 5498 et
677 5459 781 5515 per
806 5443 1105 5501 naturales
1128 5443 1483 5511 illuminata,
1503 5448 1567 5499 ut
1586 5460 1686 5516 per
1706 5460 1908 5501 eorum
1928 5460 2053 5515 quae

406 5532 562 5587 facta
588 5532 1329 5606 sunt,contemplationem,
1343 5538 1399 5591 te
1412 5533 1781 5590 Conditorem
1794 5532 2055 5591 omnium

478 5738 524 5775 τ’
551 5743 678 5796 Psa.
704 5756 825 5814 cm,
859 5744 947 5799 15.

2164 4734 2267 4799 τῆς
2325 4727 2531 4783 τούτων
2619 4734 2851 4806 φυσικῆς
2938 4727 2991 4783 ἰν
3048 4728 3315 4802 πνεύματι
3384 4728 3629 4802 θεωραίςο
3692 4728 3807 4783 εἰσι

2167 4819 2354 4893 ἀγουσι
2413 4815 2469 4872 δέ
2522 4818 2742 4872 σεκατᾶ
2770 4820 2968 4894 γνῶσιν
3027 4817 3167 4893 πρός
3216 4838 3284 4890 με
3340 4815 3429 4872 διὰ
3461 4818 3627 4890 μέσου
3665 4818 3813 4889 νοός)

2164 4906 2455 4982 ειρόχειροί
2514 4905 2615 4961 εἰσι
2673 4904 2867 4969 πάντες
2900 4907 2951 4961 οἱ
2980 4911 3100 4967 τοῖς
3127 4927 3185 4961 τε
3216 4901 3518 4981 συμϐόλοις
3542 4912 3645 4976 τῆς
3676 4927 3812 4983 γρα-

2167 5002 2293 5072 φῆς,
2324 4996 2414 5050 καὶ
2467 5000 2589 5058 ταῖς
2638 4994 2970 5073 ἐπιφανείαις
3028 4998 3138 5049 τῶν
3189 4993 3487 5066 αἰσθητῶν,
3519 4995 3676 5071 ἅπερ,
3736 4994 3816 5057 ὡς

2168 5082 2323 5161 δρύες
2401 5086 2565 5156 τινες,
2652 5082 2881 5159 ἀλογίαν
2955 5081 3265 5154 Ἰουδαϊκὴν
3312 5083 3401 5139 καὶ
3479 5082 3819 5154 Ἑλληνικὴν

2165 5170 2411 5251 ἔτρεφον,
2496 5170 2997 5249 ἐγγεκεντρισμένοι
3070 5174 3168 5240 τῆς
3226 5172 3276 5225 έν
3341 5169 3499 5234 ὅλοις
3554 5170 3817 5241 ἀληθείας

2168 5260 2346 5337 λόγοι.
2386 5262 2569 5333 Ὅθεν,
2621 5259 2729 5315 Νέα
2782 5259 2919 5335 πρὸς
2976 5258 3206 5326 παλαιὰ,
3238 5257 3495 5337 ἀδελφιδέ
3528 5281 3650 5333 μου,
3684 5258 3819 5331 ἐτή-

2167 5352 2308 5425 ρησά
2367 5371 2473 5407 σοι,
2527 5346 2773 5420 Δηλαδή,
2842 5347 2986 5410 Τοὺς
3045 5348 3330 5416 νεάζοντας
3514 5353 3820 5421 καινοποιῷ

2164 5445 2261 5495 τοῦ
2319 5438 2634 5513 Πνεύματος
2703 5438 2918 5513 χάριτι)
2974 5433 3367 5512 εὐαγγελικοὺς
3422 5435 3617 5513 λόγους
3676 5438 3817 5514 πρὸς

2164 5534 2280 5592 τοῖς
2333 5526 2724 5593 παλαιωθεῖσιν
2781 5527 2883 5581 ὑπὸ
2939 5532 3037 5595 τῆς
3092 5522 3424 5597 Ἑλληνικῆς
3464 5522 3824 5582 καίἰοοδαῖ·
