4102 6342
229 417 364 476 6⁸7⁵7

1284 421 1693 486 COMMENT.
1742 417 1820 478 IN
1865 413 2262 480 CANTICUM
2308 419 2610 481 CANTIC.

3533 427 3654 488 6'78

231 554 351 618 κῆς
398 549 618 624 ἀγνοίας
698 555 946 630 φυσικοῖς
998 554 1086 608 καὶ
1153 558 1419 629 γραπτοῖς
1484 573 1588 626 μου
1659 547 1881 628 ἰφύλαξς

2009 554 2890 625 auctoremquecognoscerem;
2936 559 2993 611 et
3049 556 3348 629 spiritales
3397 561 3655 631 perfecta

236 657 360 693 σοι·
393 645 506 702 τοῖς
571 641 665 714 μὲν
724 647 988 716 γραπτοῖς
1038 649 1367 720 καθαρθεῖσαι
1421 643 1510 698 καὶ
1545 643 1750 712 ἠθικῶς
1779 659 1901 694 παι-

241 724 520 801 δευθεῖσα,
547 735 664 793 τοῖς
697 728 755 786 δὲ
787 736 1036 809 φυσικοῖς
1089 735 1438 808 φωτισθεῖσα,
1469 731 1559 786 καὶ
1609 734 1707 786 τοῦ
1762 749 1898 783 παν-

2011 643 2189 712 atque
2211 641 2504 710 absoluta,
2538 647 2600 698 ut
2629 647 2685 698 te
2713 659 2849 699 cum
2873 644 3040 700 Patre
3070 652 3128 702 et
3149 647 3370 718 Spiritu
3397 650 3652 706 consub-

2009 729 2342 786 stantialem
2375 731 2782 804 intelligerem,
2815 738 2871 789 et
2899 736 3294 806 praedicarem.

238 817 337 879 τὸς
365 817 535 873 αἴτιόν
569 839 626 874 σε
657 817 747 875 διὰ
774 828 875 891 τῆς
905 825 1011 876 τῶν
1039 823 1340 897 γεγονότων
1375 821 1600 894 θεωρίας
1626 816 1938 889 κατιδοῦσα,
1969 818 2057 872 καὶ
2089 823 2207 880 τοῖς
2238 825 2623 892 πνευματικοῖς
2667 819 3015 878 τελειωθεῖσα
3052 824 3140 880 καὶ
3190 825 3524 903 θεολογοῦσά
3555 847 3651 884 σου

239 906 350 979 [τὸ]
386 907 519 980 μετὰ
548 910 756 981 Πατρὸς
785 909 878 965 καὶ
912 908 1224 983 [ἶνεύματος
1260 909 1578 984 ὁμοούσιον.

819 1019 940 1074 Τῶν
968 1018 1014 1094 γ’
1043 1019 1323 1094 Πατέφων.

313 1103 406 1168 Τίς
462 1101 576 1177 δῴη
657 1125 737 1173 σε,
790 1103 1051 1185 ἀδελφιδέ
1110 1127 1238 1180 μου,
1298 1104 1607 1176 θηλᾶζοντα
1665 1103 1901 1180 μαστοὺς

242 1192 456 1268 μητρός
516 1214 657 1268 μους
711 1196 941 1271 Ἥγουν,
976 1193 1305 1272 Ἐπειδτςπερ
1360 1217 1425 1270 με
1472 1199 1506 1266 ἡ
1550 1197 1739 1272 πρώτη
1804 1215 1898 1250 σου

235 1282 514 1356 παρουσία
570 1284 708 1360 πρὸς
761 1285 824 1340 τὸ
881 1284 1189 1341 ἀπολαῦσαί
1248 1307 1343 1341 σου
1401 1285 1752 1359 ἡτοίμασται,
1813 1284 1896 1346 τίς

238 1391 340 1444 μοι
396 1373 532 1428 κατά
590 1374 688 1442 τὴν
749 1371 1000 1449 δευτέραν
1057 1397 1151 1430 σου
1183 1375 1477 1451 παρουσίαν
1536 1376 1794 1450 παράσχῃ
1841 1393 1898 1428 σε

231 1461 330 1514 τὸν
365 1461 640 1538 ἀγαπητόν
677 1483 784 1536 μου
817 1465 934 1537 μεθ’
964 1467 1123 1537 ἡμῶν
1159 1466 1210 1520 έν
1260 1469 1330 1539 τῇ
1383 1469 1477 1519 τοῦ
1535 1464 1744 1536 Ηατρὸς
1797 1462 1894 1539 βα-

235 1549 594 1625 σιλείᾳ(ἥτις
654 1552 797 1608 ἐστὶν
856 1556 890 1623 ἡ
955 1556 1139 1631 μήτηρ
1172 1557 1332 1627 ἡμῶν
1391 1558 1499 1609 τῶν
1545 1557 1750 1608 πιστῶν
1784 1549 1894 1608 ἄνω

233 1639 630 1715 Ἰερουσαλὴμ)
715 1642 937 1698 πίνοντα
1008 1645 1070 1698 τὸ
1154 1644 1338 1698 καινὸν
1416 1643 1592 1716 πόμα,
1661 1641 1780 1718 ῥέον
1841 1641 1893 1713 ἐξ

235 1728 409 1800 αὐτῆς
471 1729 547 1793 εἰς
599 1732 747 1804 ἡμᾶς
805 1731 941 1786 κατὰ
970 1733 1134 1808 χάριν
1167 1730 1406 1806 άμέσως,
1435 1731 1510 1795 ὠς
1557 1731 1620 1786 τὸ
1651 1732 1755 1786 ἀπὸ
1791 1753 1893 1805 μαο

238 1822 350 1889 ζῶν
408 1819 616 1895 μητρὸς
669 1821 815 1895 γάλα
873 1820 951 1885 είς
1006 1819 1070 1876 τὰ
1120 1820 1318 1896 ἔκγονα
1355 1820 1576 1892 ταύτης,
1610 1821 1887 1885 κάντεῦθεν

2592 1018 2776 1074 Trium
2807 1022 3063 1078 Patrum.

2080 1104 2211 1172 Qui:
2239 1103 2328 1160 det
2353 1109 2430 1173 te,
2449 1109 2772 1163 consobrine
2807 1111 2904 1180 mi,
2934 1115 3222 1183 augentem
3258 1113 3432 1170 ubera
3451 1116 3654 1171 matri:

2006 1195 2188 1249 meae?
2217 1193 2502 1256 Quoniam
2539 1195 2699 1266 prior
2743 1197 3026 1254 adventus
3050 1208 3184 1256 tuus
3210 1215 3301 1256 me
3341 1203 3411 1257 ad
3447 1207 3503 1258 te
3529 1219 3654 1275 per-

2009 1279 2322 1338 fruendum
2356 1285 2723 1356 praeparavit,
2747 1287 2948 1358 ecquis
2971 1288 3189 1344 tribuet
3219 1290 3362 1345 mihi
3393 1293 3650 1347 secundo

2005 1370 2254 1427 adventu
2315 1377 2414 1428 tuo
2473 1374 2751 1430 dilectum
2804 1392 3000 1432 meum
3034 1378 3338 1434 nobiscum
3368 1379 3426 1435 in
3463 1380 3647 1437 Patris

2006 1459 2165 1532 regia
2193 1460 2342 1532 (quae
2371 1462 2632 1519 fidelium
2664 1473 2744 1520 est
2764 1475 2961 1530 mater,
2992 1482 3231 1537 super-na
3258 1467 3647 1540 Jerusalem")

2003 1565 2218 1605 novum
2253 1550 2549 1607 bibentem
2583 1553 2882 1625 poculum,
2907 1556 3060 1626 quod
3083 1572 3150 1612 ex
3172 1555 3378 1628 ipsain
3411 1573 3517 1613 nos
3547 1573 3650 1630 per

2003 1639 2250 1708 gratiam
2275 1639 2402 1696 sine
2424 1642 2616 1698 medio
2640 1644 2808 1714 quasi
2829 1642 2913 1698 lac
2945 1661 3014 1699 ex
3045 1645 3250 1700 matris
3283 1646 3565 1702 uberibus
3585 1646 3646 1703 in

2003 1727 2155 1785 filios
2186 1729 2374 1802 ipsius
2397 1729 2743 1803 ﬂuat,atque
2773 1733 2854 1788 ita
2878 1733 3127 1789 salutem
3151 1735 3481 1790 animarum
3511 1750 3648 1792 nos-

2000 1821 2228 1874 trarum
2261 1819 2502 1884 nutriat,
2565 1821 2858 1894 ﬁnemque
2915 1822 3050 1879 fidei
3103 1825 3379 1895 prebeat,
3429 1839 3644 1898 nempe

231 1883 433 1985 τρέφον
473 1883 600 1978 ’τήν
660 1883 768 1964 τῶν
827 1913 1022 1985 ψυχῶν
1081 1883 1242 1984 ἡμῶν
1299 1910 1592 1984 σωτηρίαν,
1624 1910 1686 1964 τὸ
1733 1908 1881 1973 τέλος

2000 1907 2288 1964 bonorum
2321 1925 2446 1980 quae
2479 1926 2658 1982 supra
2675 1917 2943 1967 naturam
2980 1916 3117 1967 sunt
3139 1913 3640 1984 communionem,

232 1999 342 2066 τῆς
371 1997 607 2061 πίστεως
638 2003 743 2053 τῶν
791 1999 922 2075 ὑπὲρ
981 1999 1136 2077 φύσιν
1187 2001 1285 2069 τὴν
1331 2000 1538 2074 μέθεξιν
1588 2000 1685 2069 τὴν
1742 2001 1888 2064 θείαν

228 2087 324 2141 καὶ
387 2087 704 2159 ἀνεννόητον
765 2085 994 2159 ἡδονὴν,
1042 2091 1102 2158 ἣν
1161 2091 1324 2150 αὐτὸς
1381 2089 1627 2163 ἐμποιεῖν
1687 2090 1890 2168 πέφυκε

232 2175 391 2254 φύσει
422 2176 558 2232 κατά
589 2177 752 2254 χάριν
796 2184 914 2240 τοῖς
962 2178 1130 2248 ἀξίοις
1181 2177 1508 2252 ἰνούμενοςς
1543 2177 1703 2236 Οὕτω
1759 2179 1885 2254 γάρ,

229 2265 488 2336 Εὗροῦσά
558 2286 615 2320 σε
672 2263 774 2338 ἔξω
832 2265 1050 2344 φιλήσω
1111 2289 1186 2338 σε,
1251 2267 1338 2322 καί
1397 2289 1459 2343 γε
1519 2268 1618 2323 οὐκ
1677 2264 1887 2341 έξουδε-

229 2353 471 2410 νώσουσί
530 2373 639 2428 με’
693 2355 841 2430 ἤτοι,
894 2357 1222 2432 Ἑπιγνοῦσά
1280 2379 1336 2412 σε
1392 2358 1502 2432 οὐχ
1561 2358 1740 2432 ὥσπερ
1797 2362 1889 2412 νῦν

228 2444 370 2499 κατὰ
401 2443 600 2514 πίστιν,
638 2442 784 2499 ἀλλὰ
812 2447 927 2500 κατ’
969 2443 1132 2515 εἶδος,
1165 2446 1216 2501 ἐν
1275 2450 1344 2520 τῇ
1399 2443 1500 2516 ἔξω
1546 2453 1645 2515 τῆς
1703 2448 1886 2517 θεϊγῆς

237 2547 335 2587 σου
387 2531 572 2595 οὐσίας
622 2533 862 2610 ἡμετέρᾳ
919 2532 1070 2605 οὐσίᾳ
1109 2536 1208 2604 τὴν
1252 2533 1546 2612 ἀφθαρσίαν
1597 2538 1756 2609 ἡμῖν,
1795 2534 1885 2590 καὶ

232 2623 337 2691 τῆν
398 2623 652 2699 ἀτρεψίαν
712 2621 799 2678 ἐπὶ
856 2631 954 2693 τῆς
1011 2631 1202 2694 κοινῆς
1254 2621 1598 2700 δωρούμενον
1660 2624 1884 2680 ἀναστά-

232 2733 398 2784 σεως,
433 2712 730 2767 ἀπολαύσω
762 2733 878 2785 σου,
910 2712 1006 2768 κᾶν
1037 2717 1129 2768 νῦν
1184 2715 1329 2786 παρὰ
1376 2718 1482 2769 τῶν
1521 2714 1588 2768 τὰ
1641 2718 1738 2769 τοῦ
1790 2714 1884 2770 κό-

235 2823 383 2875 σμου
443 2801 785 2878 φρονούντων
838 2799 1277 2876 ἐξευτελίζωμαι,
1331 2802 1406 2866 ὠς
1460 2800 1550 2857 διά
1604 2805 1703 2872 τήν
1759 2803 1883 2880 περὶ

231 2891 294 2945 σὶ
351 2892 637 2946 κατάθεσιν
715 2889 888 2946 πάντα
963 2896 1364 2970 περιφρονοῦσα
1435 2893 1503 2947 τὰ
1555 2892 1880 2968 πρόσκαιρα.

223 2979 318 3041 Τίς
351 2977 401 3034 δ’
433 2981 461 3034 ὁ
490 2979 693 3053 τρόπος
724 2986 824 3049 τῆς
854 2978 1207 3045 ἀπολαύσεως
1260 2978 1406 3035 ἔσται
1469 3002 1560 3054 μοι
1589 3001 1602 3051 ;
1636 2984 1739 3039 Καὶ
1777 2983 1880 3057 γὰρ

224 3066 640 3144 παραλήψομαί
714 3090 793 3139 σε,
881 3069 1072 3140 εἰσάξω
1153 3091 1210 3125 σε
1293 3070 1368 3134 εἰς
1445 3072 1590 3126 οἶκον
1671 3072 1880 3147 μητρός

223 3181 357 3234 μου,
419 3160 510 3216 καὶ
571 3159 648 3223 εἷς
703 3167 948 3235 ταμιεῖον
1016 3169 1116 3233 τῆς
1171 3158 1558 3234 συλλαϐούσης
1621 3183 1706 3238 με.
1769 3165 1878 3222 Ilo-

1999 2002 2056 2053 et
2085 1997 2340 2054 divinam
2371 1998 2531 2054 illam
2583 2003 2758 2072 atque
2805 2001 3206 2056 incredibilem
3255 2002 3641 2075 voluptatem,

1999 2103 2180 2159 quam
2212 2087 2338 2161 ipse
2379 2088 2727 2145 naturaliter
2775 2090 3066 2158 obtinens,
3113 2090 3308 2163 dignis
3357 2093 3640 2164 conjunc-

1995 2181 2093 2233 tus
2120 2193 2224 2249 per
2270 2178 2518 2251 gratiam
2585 2179 2965 2252 impertitur?
3023 2179 3116 2236 Sic
3165 2180 3322 2236 enim
3352 2183 3641 2240 inveniens

1996 2274 2046 2322 te
2071 2269 2209 2339 [oris
2239 2270 2543 2325 suaviabor
2570 2287 2589 2324 :
2637 2273 2688 2324 et
2727 2285 2887 2326 nemo
2931 2285 3062 2325 sane
3088 2275 3519 2328 mecontemnet.
3555 2272 3640 2329 Ita

1996 2372 2357 2429 cognoscens
2389 2362 2465 2426 te,
2509 2374 2624 2414 non
2675 2362 2738 2414 ut
2787 2375 2944 2414 nunc
2995 2375 3096 2430 per
3145 2360 3340 2428 ﬁdem,
3385 2360 3486 2416 sed
3538 2376 3643 2433 per

1998 2447 2471 2518 aspectum,foris
2495 2451 2657 2504 extra
2679 2448 2938 2504 divinam
2970 2448 3361 2505 substantiam
3392 2454 3556 2506 tuam
3580 2450 3640 2507 in

1995 2539 2196 2591 nostra
2225 2536 2558 2592 substantia
2596 2537 3095 2608 incorruptionem
3128 2537 3296 2594 nobis
3328 2542 3504 2611 atque
3525 2539 3642 2595 im-

1995 2624 2450 2681 mutabilitatem
2482 2625 2538 2680 in
2573 2627 2872 2682 communi
2907 2625 3317 2698 dilargientem
3351 2641 3639 2685 resurrec-

1993 2714 2173 2779 tione,
2225 2716 2596 2786 perfruamur
2625 2719 2712 2770 te:
2767 2719 2824 2770 et
2853 2727 3023 2770 nemo
3072 2715 3306 2786 quidem
3355 2715 3640 2789 despiciet

1993 2819 2102 2858 me.
2144 2803 2278 2859 licet
2308 2820 2464 2859 nunc
2486 2820 2519 2858 a
2550 2804 2755 2859 mundi
2788 2803 3157 2876 sapientibus
3188 2821 3453 2876 spernar,
3478 2803 3636 2876 quod

1991 2895 2230 2963 propter
2257 2907 2515 2948 amorem
2568 2896 2733 2947 tuum
2781 2892 3003 2948 caduca
3049 2896 3446 2946 contemnam.
3492 2889 3635 2956 Quis

1991 2985 2187 3036 autem
2220 2980 2330 3036 erit
2361 2981 2504 3036 mihi
2537 2980 2768 3036 fruendi
2800 2981 3012 3037 modus
3034 2980 3062 3034 ?
3108 2979 3527 3052 Apprehendam
3561 2983 3634 3050 te,

1991 3071 2332 3126 introducam
2359 3075 2412 3125 te
2433 3072 2495 3126 in
2517 3070 2738 3126 domum
2761 3072 2967 3125 matris
2986 3085 3121 3124 meae
3149 3077 3203 3125 et
3231 3070 3293 3125 in
3320 3069 3634 3125 cubiculum

1989 3161 2104 3232 ejus
2133 3177 2252 3231 qua
2297 3160 2547 3228 concepit
2593 3175 2702 3214 me.
2753 3159 2905 3214 Dabo
2951 3158 3056 3213 tibi
3106 3159 3358 3230 poculum
3406 3158 3480 3213 de
3509 3159 3634 3214 vino

225 3254 334 3304 τιῶ
397 3270 456 3304 σε
511 3250 618 3305 ἀπὸ
674 3249 827 3306 οἷ’νου
902 3255 1000 3307 τοῦ
1086 3256 1408 3328 μυρεψικοῦ,
1470 3254 1575 3309 ἀπὸ
1638 3253 1878 3328 νάματος

1996 3251 2229 3317 condito,
2285 3248 2350 3304 de
2424 3249 2586 3304 latice
2643 3249 2918 3302 malorum
2981 3249 3308 3318 punicorum
3361 3262 3632 3303 meorum.

227 3338 374 3415 ῥοῶν
413 3360 542 3412 μου.
594 3337 885 3410 Δηλονότι,
913 3345 1020 3396 Σοῦ
1041 3343 1411 3418 χαριζομένου
1445 3364 1540 3416 μοι
1569 3343 1668 3412 τὴν
1693 3351 1884 3408 θέωσιν

236 3423 398 3483 λάϐω
432 3449 510 3497 σε,
543 3430 788 3493 ποθοῦσά
827 3451 922 3484 σου
977 3433 1074 3500 τὴν
1143 3430 1526 3508 λαμπρότηταο
1555 3433 1646 3488 καὶ
1700 3432 1750 3488 έν
1805 3438 1885 3506 τῷ

219 3517 434 3588 ταύτην
494 3519 776 3582 θεάσασθαι
836 3519 1108 3596 εἷ’σαγάγω
1167 3541 1224 3576 σε
1280 3521 1356 3584 εἰς
1413 3527 1561 3595 νοῦν,
1617 3523 1676 3584 ’ὀς
1735 3523 1881 3584 οἶκος

228 3604 328 3679 μέν
363 3605 476 3661 ἐστι
505 3612 604 3676 τῆς
647 3604 738 3661 διὰ
764 3611 862 3662 τοῦ
925 3608 1297 3682 βαπτίσματος
1349 3610 1612 3680 τεκούσης
1673 3630 1758 3682 με,
1794 3612 1882 3664 οἷα

227 3696 465 3769 μητρὸς,
514 3700 614 3750 τοῦ
661 3697 928 3764 παναγίου
985 3697 1298 3772 Πνεύματος
1348 3699 1597 3775 χάριτος,
1628 3698 1702 3762 ὠς
1749 3699 1880 3753 ταύο

215 3805 322 3854 της
385 3782 475 3839 διὰ
527 3787 591 3840 τὸ
651 3787 770 3840 καθ’
823 3785 1089 3860 ὁμοίωσιν
1144 3789 1477 3864 χωρητικός.
1509 3793 1762 3862 Ταμιεῖον
1823 3785 1880 3842 δὲ

218 3871 391 3928 πάλιν
449 3875 648 3946 αὐτῆς,
706 3875 781 3937 ὡς
837 3875 965 3938 τοὺς
1015 3877 1364 3952 ἀποκρύφους
1419 3878 1621 3949 ταύτης
1674 3879 1878 3948 θησαυ-

220 3963 358 4035 ροὺς
419 3960 601 4019 διὰτὸ
633 3966 748 4020 κατ’
779 3965 962 4020 εἰκόνα
1020 3965 1164 4041 ἔχων
1224 3966 1518 4032 ἀποθέτους
1573 3967 1626 4022 ἐν
1681 3968 1875 4040 ἑαυτῷ.

220 4055 383 4114 "Huc
421 4073 489 4125 με
519 4053 682 4128 χάρις
732 4049 989 4109 συνέλαϐε
1034 4052 1122 4109 διὰ
1177 4055 1428 4118 πίστεως.
1463 4057 1604 4133 Πρὸς
1660 4056 1875 4119 τούτοις

215 4137 279 4195 δὲ
337 4142 594 4216 προσάξων
653 4163 737 4197 σοι
792 4147 874 4215 τῷ
931 4141 1158 4217 διψῶντι
1188 4147 1287 4215 τήν
1322 4145 1591 4220 σωτηρίαν
1629 4166 1754 4218 μου,
1800 4145 1872 4208 ὥς

212 4251 269 4284 τι
307 4229 486 4302 πόμα,
515 4232 616 4300 την
643 4251 702 4285 τε
734 4230 840 4285 ἀπὸ
870 4235 970 4296 τῆς
1019 4234 1310 4295 συνθέσεως
1350 4239 1456 4289 τῶν
1509 4233 1560 4289 ἐν
1611 4235 1756 4310 πάσῃ
1803 4239 1872 4309 τῇ

212 4321 392 4374 κτίσει
423 4319 514 4375 καὶ
542 4323 610 4393 τῇ
644 4324 828 4399 Γραφῇ
861 4318 1133 4400 διαφόρων
1169 4320 1344 4398 λόγων
1395 4323 1714 4398 ἠρτημένην
1779 4346 1871 4398 μοι

215 4407 464 4478 ἅληστόν
533 4429 629 4464 σου
717 4409 791 4472 ὠς
866 4408 1122 4480 ἀληθείας
1189 4409 1384 4488 γνῶσίν
1420 4430 1432 4444 ⁶
1492 4412 1613 4482 ἥτις
1675 4415 1869 4488 οἷάπερ

212 4495 432 4569 εὐώδης
468 4497 609 4561 οἶνος
642 4495 917 4574 ἱλαρύνων
953 4497 1180 4576 καρδίαν
1229 4500 1500 4578 εὐφραίνει
1555 4503 1654 4565 τάς
1705 4523 1871 4576 μετα-

214 4583 609 4660 λαμϐανούσας
667 4588 868 4660 ταύτης
925 4590 1128 4666 ψυχάς,
1179 4593 1264 4646 καὶ
1321 4593 1421 4662 τήν
1475 4592 1710 4655 άεννάως
1773 4614 1870 4666 μοι

214 4673 532 4753 βλύζουσαν
563 4677 829 4753 ἀγάπησίν
862 4699 979 4749 σου,
1012 4678 1087 4742 ὠς
1138 4680 1360 4756 ἀγαθοῦ,
1392 4687 1491 4751 τῆς
1542 4686 1639 4737 τοῦ
1697 4677 1868 4759 φόϐου

211 4786 314 4821 σου
347 4765 630 4840 ὑπεροχῆς
657 4767 747 4821 καὶ
776 4771 872 4823 τοῦ
912 4767 1084 4823 πόθου
1140 4775 1241 4838 τῆς
1304 4777 1546 4846 μετοχῆς
1612 4792 1728 4839 σου,
1759 4777 1866 4826 τῶν

213 4851 378 4922 δίκην
442 4855 606 4930 ῥοιῶν
660 4860 741 4928 τῷ
791 4856 884 4929 μὲν
947 4857 1224 4931 στυπτικῷ
1275 4860 1640 4935 στηριζόντων
1675 4881 1760 4935 με,
1793 4865 1870 4933 τῷ

210 4942 273 5000 δὶ
299 4942 648 5020 γλυκαίνοντι
681 4945 1075 5024 εὐφραινόντων
1113 4968 1200 5021 με.

787 5057 902 5109 Τῶν
937 5055 985 5130 γ’
1016 5056 1293 5130 Πατέρων.

286 5141 424 5198 Εἶτα
483 5141 620 5217 πρὸς
687 5141 782 5204 τὰς
865 5144 1308 5219 μαθητευομένας
1366 5143 1500 5219 αὐτῇ
1569 5147 1866 5224 στρέφουσα

208 5229 383 5286 πάλιν
413 5230 509 5285 τὸν
568 5230 730 5308 λόγον
761 5228 999 5288 διδάσκει
1053 5238 1160 5289 τῶν
1211 5234 1532 5310 παράὐτῇς
1585 5236 1721 5312 πρὸς
1775 5237 1867 5292 τὸν

209 5319 454 5398 νυμφίον
483 5318 806 5396 εἰρημένων,
840 5323 1134 5396 φάσκουσαι

283 5409 586 5483 Εὐώνυμος
616 5409 784 5465 αὐτοῦ
818 5409 918 5465 ὑπὸ
949 5413 1048 5480 τήν
1081 5411 1325 5491 κεφαλήν
1363 5435 1488 5486 μου.

283 5499 512 5574 ’Πγουν,
543 5495 836 5576 ἐπειδήπερ
868 5499 924 5554 αἱ
952 5504 1058 5554 τῶν
1105 5497 1528 5580 ὑποδεχομένων
1582 5505 1859 5561 κολάσεων

208 5585 339 5650 τοὺς
374 5585 426 5660 ἒξ
457 5585 739 5662 εὐωνύμου
794 5592 892 5644 τοῦ
948 5588 1186 5671 νυμφίου
1234 5589 1478 5666 ἀπειλαὶ,
1509 5597 1601 5650 νῦν
1659 5595 1761 5652 ὑπὸ
1799 5596 1860 5652 τὸ

285 5771 336 5809 ⁸⁸
361 5767 554 5830 Galat.
585 5783 664 5842 xv,
699 5769 790 5828 26.

1995 3340 2234 3412 Capiam
2267 3342 2323 3394 te
2344 3338 2442 3410 qui
2478 3337 2623 3393 mibi
2675 3337 3040 3392 divinitatem
3089 3337 3378 3410 elargiris,
3419 3337 3635 3409 cupida

1994 3428 2324 3501 splendoris
2357 3433 2465 3494 tui,
2497 3427 2555 3482 in
2589 3443 2774 3498 eoque
2795 3426 3242 3499 contemplanda
3263 3426 3630 3483 introducam

1991 3523 2048 3574 te
2069 3518 2127 3572 in
2162 3522 2416 3572 mentem
2438 3533 2564 3587 quae
2588 3517 2800 3571 domus
2826 3520 2913 3570 est
2936 3514 3133 3586 gratiae
3147 3515 3402 3586 Spiritus
3420 3516 3631 3588 sancti,

1992 3625 2025 3663 a
2055 3624 2169 3678 qua
2199 3611 2263 3662 ut
2292 3623 2326 3661 a
2350 3609 2532 3660 matre
2550 3621 2652 3677 per
2666 3605 2960 3675 baptisma
2980 3605 3175 3674 genita
3205 3609 3435 3673 sum,et
3456 3622 3634 3677 prop-

1991 3701 2081 3751 ter
2138 3693 2588 3751 similitudinem
2645 3693 2806 3748 illius
2874 3697 2964 3748 est
3018 3708 3220 3765 capax.
3279 3693 3630 3751 Cubiculum

1991 3790 2183 3840 autem
2218 3800 2456 3839 rursum
2487 3787 2577 3839 est
2607 3783 2816 3855 ipsius,
2851 3781 3129 3854 quoniam
3163 3787 3397 3854 propter
3427 3781 3633 3855 imagi-

1991 3891 2124 3931 nem
2157 3873 2464 3929 thesauros
2486 3874 2614 3944 ejus
2647 3873 2705 3926 in
2765 3887 2826 3927 se
2879 3872 3210 3927 reconditos
3258 3870 3453 3926 habet.
3493 3871 3631 3934 Quae

1988 3963 2226 4037 quidem
2261 3963 2450 4035 gratia
2479 3961 2744 4033 concepit
2776 3977 2867 4015 me
2899 3976 3000 4032 per
3031 3960 3227 4016 fidem.
3261 3960 3347 4015 Ad
3379 3959 3502 4014 haec
3522 3958 3629 4014 tibi

1986 4053 2210 4110 sitienti
2243 4052 2492 4108 salutem
2541 4067 2756 4120 meam,
2787 4049 2956 4122 quasi
3002 4050 3277 4122 poculum
3329 4048 3627 4122 quoddam

1985 4143 2222 4199 offeram
2257 4146 2596 4214 perpetuam
2629 4141 2716 4196 tui
2748 4141 2846 4212 qui
2869 4139 3084 4196 veritas
3108 4155 3190 4211 es,
3212 4137 3625 4212 cognitionem,

1983 4250 2052 4289 ex
2081 4231 2508 4304 compositione
2539 4230 2907 4286 diversarum
2940 4229 3234 4284 rationum
3265 4245 3396 4300 quae
3424 4227 3481 4282 in
3509 4242 3630 4282 om-

1984 4321 2160 4378 nibus
2209 4319 2493 4377 creaturis
2555 4319 2978 4390 Soripturaque
3034 4322 3200 4388 sunt,
3273 4317 3628 4372 instructam

1982 4415 2038 4467 et
2067 4410 2494 4466 concinnatam.
2516 4413 2646 4463 Haec
2671 4408 2850 4478 enim,
2870 4411 3156 4480 tanquam
3186 4405 3387 4462 vinum
3418 4405 3626 4462 odora-

1981 4506 2110 4558 tum
2160 4501 2462 4557 laztiiicans
2507 4515 2606 4556 cor
2666 4498 2866 4554 laetitia
2915 4497 3250 4570 conspergit
3292 4495 3549 4565 animas,
3597 4511 3630 4551 ιι

1980 4592 2196 4664 quibus
2225 4591 2566 4663 percipitur,
2598 4604 3032 4660 perennemque
3055 4587 3199 4642 mihi
3230 4585 3337 4655 tui,
3371 4590 3435 4640 ut
3465 4600 3629 4641 sum-

1981 4680 2061 4735 mi
2093 4680 2250 4750 boni,
2285 4694 2544 4734 amorem
2577 4677 2856 4747 infundit,
2890 4693 2958 4731 ex
3002 4674 3339 4749 prestantia
3391 4672 3628 4730 timoris

1979 4770 2064 4825 tui
2097 4774 2154 4825 et
2195 4767 2465 4824 desiderii
2524 4771 2582 4822 te
2639 4764 3014 4837 perfruendi:
3075 4779 3328 4835 quorum
3386 4761 3628 4833 quidem

1979 4863 2264 4930 tanquam
2296 4856 2582 4912 malorum
2617 4855 2965 4926 punicorum
2997 4852 3144 4909 alter
3175 4850 3492 4908 acerbitate
3522 4866 3631 4911 sua

1978 4964 2073 5005 me
2103 4944 2458 5019 comprimit,
2491 4943 2743 5000 alterum
2797 4941 3107 4998 dulcedine
3138 4941 3414 4998 oblectat.

2563 5051 2748 5105 Trium
2780 5054 3032 5105 Patrum.

2051 5145 2268 5202 Deinde
2289 5143 2359 5199 ad
2387 5139 2710 5212 discipulus
2733 5157 2872 5196 suas
2894 5154 3225 5195 sermonem
3259 5139 3629 5202 convertens,

1976 5251 2213 5293 causam
2245 5231 2503 5304 exponit,
2550 5229 2933 5302 quamobrem
2985 5243 3052 5285 ea
3091 5225 3298 5284 dixerit
3326 5226 3398 5282 ad
3449 5240 3628 5298 spon-

1977 5341 2111 5382 sum
2133 5337 2305 5378 suum
2332 5337 2345 5376 2

2045 5420 2206 5474 Lava
2234 5414 2351 5486 ejus
2375 5411 2474 5467 sub
2503 5412 2684 5484 capite
2704 5426 2843 5467 meo.

2041 5507 2189 5574 Quia
2205 5503 2405 5579 sponsi
2423 5501 2984 5559 communicationes
2998 5497 3421 5573 suppliciorum
3437 5512 3564 5569 quae
3582 5511 3615 5552 a

1971 5599 2214 5659 sinistra
2234 5597 2363 5670 ejus
2381 5593 2736 5653 collocandis
2757 5590 3283 5665 impendent,nunc
3295 5585 3406 5644 sub
3428 5601 3527 5659 car
3543 5583 3620 5642 itc
