4102 6342
450 393 567 453 679

1783 384 2206 450 MICHAELIS
2251 384 2527 448 PSELLI

3739 386 3875 447 680

450 542 603 597 meo,
626 524 737 582 sub
768 526 961 579 mente
990 520 1254 578 videlicet
1284 538 1412 593 qua:
1444 520 1651 577 anima:
1684 536 1823 575 mea:
1849 536 1984 591 pars
2007 521 2097 573 est

2235 518 2369 588 ῖίκην
2395 517 2640 589 κεφαλῆς
2691 518 2921 595 ἀρχικὸν
2975 524 3073 587 τῆς
3130 519 3313 592 ψυχῆς
3370 539 3474 590 μου
3530 517 3745 579 πάντως
3802 519 3869 573 τὸ

452 615 761 689 praecipua,
797 630 1007 670 sensus
1031 611 1395 682 subjiciunt:
1429 610 1645 666 idcirco
1668 610 1936 665 futurum
1962 624 2097 679 spe-

450 723 513 761 ro
546 710 609 760 ut
637 705 761 774 ejus
792 704 1027 758 dextera
1056 700 1370 772 (promissa
1393 701 1675 755 nimirum
1710 699 1874 770 regni
1898 698 2099 752 coeles-

452 795 528 849 tis
563 796 711 849 bona
741 808 868 864 quae
899 810 931 847 a
963 790 1214 846 dexteris
1273 789 1643 845 collocandos
1699 788 1956 857 manent)
2008 802 2100 841 me

451 882 525 936 sit
557 880 949 952 complexura,
985 880 1040 935 id
1075 884 1182 947 est,
1213 879 1712 950 comprehensum
1771 894 1861 931 me
1914 879 2099 931 totam

450 969 510 1025 in
544 971 738 1025 futuro
770 969 1006 1037 saeculo,
1037 968 1329 1023 inﬁnitam
1386 968 1593 1022 animae
1654 971 1710 1022 et
1740 965 1967 1036 corpori
1997 962 2097 1017 lae-

452 1061 644 1117 titiam
679 1061 963 1132 praebens.
997 1058 1281 1114 Universa
1308 1058 1482 1130 igitur
1512 1075 1637 1129 quae
1670 1056 1933 1127 exposita
1962 1056 2103 1109 sunt

450 1167 581 1206 cum
612 1149 787 1205 veluti
841 1148 1127 1220 magistra
1155 1148 1419 1214 dixisset,
1455 1144 1811 1203 subintulit:

520 1242 784 1312 Adjuravi
812 1256 923 1305 vos,
947 1238 1091 1308 ﬁliae
1117 1239 1441 1305 Jerusalem,
1472 1253 1572 1309 per
1599 1238 1873 1308 potentias
1905 1238 1956 1289 el
1984 1236 2099 1304 for-

448 1330 710 1387 titudines
757 1331 908 1398 agri,
940 1332 990 1384 si
1036 1330 1314 1384 suscitetis
1371 1336 1423 1383 et
1452 1328 1711 1382 excitetis
1756 1325 2098 1390 charitalem,

451 1420 625 1477 donec
655 1420 906 1475 voluerit.

523 1598 860 1654 Divinorum
920 1595 1332 1668 mysteriorum
1395 1594 1758 1665 expositione
1818 1596 2099 1662 tanquam

443 1696 831 1769 jurejurando
866 1712 965 1749 vos
997 1694 1364 1759 confirmavi,
1391 1690 1695 1763 discipulae
1723 1706 2018 1760 mea,quae
2040 1692 2101 1743 in

452 1800 655 1850 sancto
686 1794 903 1864 Spiritu
930 1794 1095 1847 video
1129 1809 1260 1847 eum
1295 1790 1391 1861 qui
1426 1808 1531 1845 nos
1567 1789 1716 1844 Patri
1759 1806 1865 1843 suo
1895 1804 2103 1842 recon-

452 1884 669 1940 ciliavit
698 1900 711 1939 :
745 1884 883 1937 dum
917 1899 1156 1937 causam
1185 1880 1569 1949 ostendique:
1596 1894 1694 1948 per
1717 1876 2101 1931 intellectivas

451 1974 787 2042 activasque
848 1971 1159 2042 potentias,
1211 1985 1428 2039 perque
1488 1966 1859 2021 fortitudines
1909 1965 1963 2019 in
2000 1964 2107 2018 hoc

455 2063 676 2118 mundo
708 2060 991 2125 valentes,
1024 2059 1241 2112 virtute
1299 2057 1567 2110 excitetis
1612 2059 1668 2109 et
1698 2055 1944 2109 scientia
1975 2070 2108 2108 sus-

454 2150 645 2206 citetis
677 2166 812 2205 eum
848 2150 901 2202 in
938 2148 1100 2201 vobis
1159 2148 1318 2215 (nam
1378 2144 1635 2199 dormire
1679 2143 1931 2207 videtur,
1966 2142 2109 2195 dum

454 2241 756 2307 ignoratur
786 2237 941 2309 quod
975 2240 1201 2290 rectum
1243 2236 1582 2299 bonumque
1613 2238 1723 2299 est,
1756 2248 1859 2286 nec
1891 2248 1950 2285 re
1983 2231 2110 2302 ipsa

458 2327 778 2401 perﬁcitur)
810 2325 909 2396 qui
941 2324 1143 2379 dilexit
1174 2341 1280 2379 nos
1311 2329 1367 2377 et
1399 2340 1462 2377 se
1492 2323 1786 2394 ipsum,ut
1818 2338 1923 2375 nos
1953 2320 2107 2374 redi-

459 2422 665 2482 meret,
692 2416 945 2482 obtulit,
973 2415 1156 2469 donec
1187 2413 1446 2468 secundo
1487 2413 1738 2467 adventu
1772 2427 1879 2465 suo
1910 2408 2108 2464 volue-

459 2506 554 2573 rit,
590 2522 722 2576 quze
753 2521 861 2559 sua
886 2520 988 2574 per
1019 2509 1291 2557 naturam
1339 2505 1478 2556 sunt
1520 2500 1776 2571 propria,
1811 2515 1877 2553 ea
1917 2499 1975 2552 in
2009 2515 2109 2553 no-

463 2595 555 2649 bis
588 2610 690 2665 per
714 2594 961 2664 gratiam
1011 2592 1439 2662 accipientibus
1494 2589 1754 2659 exsequi.
1797 2586 2111 2658 Discipulze

466 2682 854 2738 admiratione
886 2698 952 2736 ac
984 2684 1221 2751 stupore
1253 2680 1434 2750 plenae
1465 2679 1535 2732 de
1568 2676 1849 2749 magistra
1880 2694 1892 2730 :

539 2863 668 2929 Quae
696 2859 1118 2929 est,inquiunt,
1180 2860 1310 2925 ista,
1368 2872 1493 2928 quae
1550 2855 1790 2911 ascendit
1828 2855 2110 2924 dealbata,

469 2952 670 3006 innixa
699 2966 865 3020 super
888 2953 1139 3019 nepotem
1163 2964 1326 3002 suum
1341 2950 1365 2999 2’

536 3059 813 3122 Quasnam
847 3061 936 3109 est
968 3056 1107 3119 haec,
1140 3071 1266 3122 quae
1297 3058 1417 3107 tam
1477 3051 1659 3121 perite
1690 3052 1929 3113 docens.
1965 3067 1996 3104 a
2030 3066 2114 3105 re-

468 3148 578 3202 bus
608 3144 838 3201 arcanis
870 3144 940 3197 ad
975 3143 1162 3213 magis
1190 3158 1434 3197 arcanas
1484 3141 1931 3210 reconditasque
1980 3156 2111 3210 pro-

467 3234 843 3307 gredituri’ab
856 3233 1014 3287 omni
1034 3236 1402 3302 peccatorum
1418 3229 1643 3284 macula
1666 3233 2114 3299 purgata,atque
2146 3246 2157 3307 λ

468 3324 669 3379 innixa
691 3322 886 3392 nepoti
918 3322 1074 3374 suo?
1110 3319 1371 3390 Sponsus
1421 3319 1602 3387 igitur
1644 3317 2116 3371 animadvertens

468 3427 698 3483 sponsa:
730 3410 789 3463 in
833 3407 1141 3478 discipulis
1164 3406 1545 3462 instituendis
1568 3405 1958 3475 diligentiam,
1992 3421 2118 3458 am-

467 3500 844 3571 plectensque
863 3498 1023 3551 illius
1047 3497 1116 3551 ad
1138 3497 1357 3549 bonum
1383 3495 1479 3550 sed
1494 3494 2120 3557 ulilatem,commonet

468 3604 599 3643 eam
631 3587 846 3658 prioris
906 3588 1036 3640 vita
1071 3591 1134 3639 ut
1165 3584 1464 3639 submisse
1504 3584 1574 3637 de
1630 3598 1692 3637 se
1742 3583 1979 3647 sentiat,
2014 3596 2119 3636 nec

468 3676 749 3731 laudibus
778 3673 929 3730 elata
960 3673 1180 3728 incidat
1209 3674 1267 3726 in
1291 3670 1687 3742 arrogantiam
1713 3687 1725 3723 :

546 3853 656 3909 Sub
676 3869 852 3924 pomo,
886 3852 1183 3923 inquiens,
1215 3852 1462 3905 excitavi
1481 3858 1549 3904 te.

546 3944 609 3997 Id
643 3947 751 4008 est,
774 3941 884 3997 sub
915 3942 1088 3995 rebus
1108 3940 1237 3994 istis
1260 3940 1577 4009 procreatis
1597 3954 1718 4006 quae
1743 3937 1939 3992 suavis
1964 3934 2121 4007 pomi

474 4033 663 4087 instar
691 4046 902 4085 sensus
924 4044 1129 4083 omnes
1151 4028 1531 4094 oblectant,te
1550 4026 1778 4080 desidia
1807 4026 1877 4079 ad
1902 4025 2121 4079 bonum

476 4119 958 4190 amplectendum
976 4117 1224 4172 inertem
1241 4118 1298 4169 et
1328 4130 1524 4169 rerum
1546 4115 1903 4169 caducarum
1929 4112 2122 4168 studio

476 4209 867 4280 consopitam,
892 4206 1157 4273 excitavi,
1183 4204 1560 4277 providentiae
1587 4204 1913 4275 judiciique
1943 4204 2123 4257 ratio-

478 4299 654 4353 nibus
686 4302 743 4351 et
771 4295 1145 4350 sermonibus
1168 4292 1479 4364 impellens
1502 4295 1573 4347 ad
1608 4292 1965 4348 desiderium
1986 4290 2122 4361 mei,

476 4385 695 4442 etenim

554 4475 673 4530 Illic
697 4475 915 4544 peperit
946 4481 996 4528 te
1026 4475 1201 4527 mater
1227 4474 1353 4526 tua.
1393 4472 1515 4526 Illic
1558 4472 1776 4541 peperit
1810 4482 1857 4525 te
1883 4471 2126 4539 genitrix

478 4566 595 4618 tua.

548 4655 617 4706 In
647 4650 946 4706 aﬁ'ectione
976 4649 1201 4704 scilicet
1233 4666 1426 4703 rerum
1460 4650 1749 4702 ﬂuxarum
1782 4647 2044 4718 concepit
2074 4652 2130 4703 te
2160 4638 2205 4702 D

481 4741 671 4811 prima
703 4745 889 4794 mater
934 4746 1037 4793 tua
1093 4744 1206 4793 Eva
1236 4754 1524 4809 generalis
1558 4754 1689 4792 cum
1724 4736 2039 4807 voluptate,
2072 4740 2130 4789 et

481 4831 715 4901 pariens
737 4845 868 4883 cum
898 4828 1116 4883 dolore.
1180 4828 1404 4890 Quibus
1453 4825 1880 4891 atl‘ectionibus,
1931 4840 2128 4879 rerum

482 4918 777 4988 fragilium
812 4916 1104 4971 desiderio
1136 4915 1467 4982 laborabas,
1491 4914 1851 4984 voluptatem
1877 4929 2129 4983 sequens

483 5008 859 5077 doloremque
890 5005 1140 5075 fugiens,
1177 5006 1246 5058 ad
1284 5003 1598 5073 voluptatis
1656 5004 1829 5056 tinem
1880 5002 1962 5056 ita
1994 5018 2130 5056 con-

486 5099 751 5162 tendens,
787 5102 849 5150 ut
879 5113 911 5151 a
934 5096 1130 5150 dolore
1163 5094 1338 5148 velles
1370 5093 1668 5163 separari:
1704 5094 1857 5163 quod
1892 5093 2129 5163 quidem

480 5188 606 5242 lteri
640 5185 799 5241 nullo
833 5186 1005 5239 modo
1033 5188 1243 5254 potest.
1278 5183 1527 5237 Proinde
1582 5183 1631 5236 si
1680 5182 1846 5253 cupis
1896 5184 1967 5236 ab
2000 5182 2131 5236 istis

482 5274 1024 5346 perturbationibus
1050 5290 1179 5327 esse
1210 5272 1413 5326 libera.
1436 5274 1581 5326 Pone
1597 5288 1683 5325 me
1704 5275 1760 5325 ut
1783 5272 2131 5341 signaculum

476 5382 639 5435 super
669 5380 761 5419 cor
789 5368 972 5427 tuum,
996 5371 1056 5417 ut
1085 5362 1437 5432 signaculum
1457 5377 1626 5431 super
1648 5360 1931 5416 brachium
1948 5368 2127 5415 tuum.

478 5455 543 5507 la
593 5468 684 5507 me
748 5451 1028 5506 nimirum
1080 5448 1397 5519 exemplari
1460 5459 1816 5519 permanelo,
1872 5448 2131 5518 principe

481 5542 717 5611 quidem
754 5541 835 5594 tui
869 5545 1031 5611 parte
1062 5544 1253 5593 mente
1288 5554 1529 5593 servans
1560 5538 1877 5609 imaginem
1903 5554 2005 5608 per
2034 5554 2132 5591 ve-

482 5646 609 5685 ram
648 5628 1197 5699 contemplationem
1220 5632 1277 5681 et
1298 5626 1654 5681 desiderium
1681 5625 1832 5681 mei:
1858 5626 1909 5679 vi
1935 5630 2129 5681 autem

486 5735 603 5791 qua
634 5717 705 5773 ad
741 5717 1035 5789 agendum
1057 5714 1234 5785 vales,
1267 5713 1717 5771 similitudinem
1758 5730 1999 5771 servans
2030 5730 2134 5789 per

2207 608 2391 681 νοερὸν
2472 608 2833 662 ὑποτάσσουσι
2897 608 2958 661 τὸ
3019 605 3355 677 αἰσθητικὸν,
3406 604 3496 661 διὰ
3568 610 3733 661 τοῦτυ
3809 605 3865 661 ἓν

2210 693 2420 750 ἐλπίσιν
2468 696 2605 769 εἰμὶ,
2640 696 2722 751 ὅτι
2753 694 2841 751 καί
2942 693 3085 767 δεξιά
3142 694 3306 750 αὐτοῦ
3348 694 3707 769 περιλήψεταί
3768 716 3864 768 με.

2213 782 2423 853 Εῗτουν,
2458 786 2539 843 Τά
2598 783 2982 860 ὑποδεχόμενα
3036 784 3159 846 τοὺς
3224 783 3285 838 ἐκ
3341 781 3526 854 δεξιῶν
3582 783 3867 860 ἐπηγγελ‹

2215 873 2346 947 μένα
2374 874 2549 949 ἀγαθά
2576 882 2675 945 τῆς
2728 879 2823 929 τοῦ
2872 878 3006 930 θεοῦ
3071 872 3369 949 βασιλείας,
3406 872 3542 945 ὅλην
3607 895 3673 947 με
3723 874 3868 928 κατὰ

2208 963 2301 1017 τὸν
2337 960 2611 1036 μέλλοντα
2642 963 2809 1018 αίῶνα
2838 962 3142 1038 περιέξουσι
3194 963 3351 1037 ψυχῇ
3407 963 3493 1016 καὶ
3548 964 3703 1037 σαρκὶ
3756 963 3862 1030 τήν

2210 1051 2504 1128 ἀπέραντον
2580 1052 2915 1131 εὐφροσύνην
2991 1053 3325 1127 παρέχοντα.
3406 1052 3585 1106 Πάντα
3656 1049 3712 1106 δὲ
3797 1051 3868 1106 τὰ

2212 1140 2469 1215 εέρημένα
2496 1139 2899 1203 διδασκαλικῶς
2932 1140 3155 1196 εἰποῦσα
3188 1140 3393 1215 Endym-

2281 1234 2510 1306 ’Ὠρκισα
2597 1232 2757 1305 ὑμᾶς,
2816 1232 3101 1307 θυγατέρες
3161 1229 3550 1304 Ἰερουσαλήμ,
3611 1229 3661 1285 έν
3741 1233 3867 1290 ταῖς

2212 1317 2471 1395 δυνάμεσι
2533 1321 2623 1375 καὶ
2705 1320 2756 1375 έν
2834 1326 2953 1383 ταῖς
3039 1318 3286 1395 ίσχύσεσι
3364 1322 3461 1373 τοῦ
3529 1319 3714 1394 ἀγροῦ,
3773 1316 3864 1372 ἰὰν

2212 1409 2457 1486 έγείρητε
2514 1412 2603 1465 καὶ
2661 1410 2748 1465 ἐὰν
2807 1408 3110 1487 ἐξεγείρήτε
3168 1411 3268 1479 τήν
3355 1407 3585 1485 ἀγάπην,
3643 1404 3745 1469 ἓως
3803 1405 3867 1461 ἂν

2212 1498 2443 1575 θελήσῃ·

2280 1592 2458 1661 Ἤτοι,
2514 1586 3022 1663 Κατησφαλισάμην
3084 1590 3244 1663 ὑμᾶς,
3298 1588 3372 1650 ὡς
3429 1585 3497 1642 δι’
3549 1584 3735 1663 ὅρκου,
3764 1591 3870 1655 τῆς

2209 1683 2317 1733 τῶν
2347 1678 2505 1742 θείων
2544 1679 2852 1753 μυστηρίων
2888 1677 3217 1753 ἐξηγήσεως,
3255 1676 3551 1752 μαθήτριαί
3586 1698 3712 1749 μου,
3764 1682 3872 1745 τῆς

2210 1768 2263 1824 ἐν
2321 1770 2457 1844 ἁγίῳ
2519 1771 2788 1842 Πνεύματι
2840 1770 3054 1842 ὁρώσης
3111 1771 3203 1825 τὸν
3262 1766 3672 1838 καταλλάξαντα
3718 1768 3873 1837 ἡμᾶς

2212 1865 2290 1931 τῷ
2348 1858 2472 1932 ἰδίῳ
2529 1860 2729 1935 Πατρί·
2765 1858 3122 1932 ἀναδιδάξασα
3179 1860 3278 1927 την
3336 1858 3528 1926 αἰτίαν,
3564 1854 3634 1911 δι’
3690 1858 3750 1923 ἦν
3817 1854 3873 1909 έν

2216 1954 2751 2029 ταῖςιθεωρητικαῖς
2829 1949 2919 2003 καὶ
3003 1954 3121 2009 ταῖς

2217 2040 2301 2092 καὶ
2340 2038 2607 2113 ἰσχύσεσι,
2638 2044 2755 2100 ταῖς
2791 2037 2844 2093 ὲν
2894 2044 2975 2110 τῷ
3022 2036 3247 2113 παρόντι
3296 2036 3488 2109 κόσμῳ
3523 2033 3873 2108 δυναμέναις,

2220 2126 2466 2201 ἐγείρητε
2497 2128 2611 2181 κατ’
2647 2126 2840 2201 ἀρετὴν
2896 2129 2982 2182 καὶ
3032 2126 3329 2203 ἐξεγείρητε
3381 2126 3515 2180 κατά
3557 2129 3758 2199 γνῶσιν
3818 2123 3874 2178 έν

2224 2218 2373 2289 ὑμῖν,
2408 2214 2681 2270 καθεύδειν
2735 2214 3022 2285 δοκοῦντα,
3083 2215 3209 2270 ὅταν
3260 2215 3521 2291 ἀγνοῆται
3578 2214 3640 2268 τὸ
3697 2212 3875 2284 εύθὶς,

2218 2307 2303 2359 καὶ
2344 2306 2419 2378 μὴ
2452 2307 2754 2380 πράττηται
2801 2306 2864 2359 τὸ
2917 2302 3108 2372 καλὸν,
3138 2305 3230 2359 τὸν
3287 2305 3639 2379 ἀγαπήσαντα
3690 2304 3872 2374 ἡμᾶς,

2216 2394 2305 2449 καὶ
2366 2393 2526 2449 δόντα
2583 2394 2769 2448 ἑαυτὸν
2828 2393 3025 2470 λύτρον
3064 2396 3198 2469 ὑπὲρ
3228 2397 3414 2466 ἡμῶν⁴
3444 2391 3549 2455 ἓως
3604 2391 3665 2446 ἃν
3712 2388 3875 2446 εὐδυ-

2216 2486 2357 2557 κτίσῃ
2386 2484 2521 2538 κατὰ
2565 2485 2664 2553 τήν
2706 2481 2953 2558 δευτέραν
3006 2483 3171 2539 αὐτοῦ
3228 2483 3529 2557 παρουσίαν
3586 2482 3749 2543 αὐτὸς
3805 2481 3879 2536 τὰ

2218 2574 2351 2627 κατὰ
2403 2572 2555 2651 φύσιν

3207 1952 3530 2024 πρακτικαῖς
3606 1944 3873 2017 δυνάμεσι

2645 2572 2819 2626 οἶκεῖα
2905 2570 3032 2648 δρᾷν
3097 2572 3147 2627 έν
3204 2574 3337 2644 ἡμῖν
3404 2572 3677 2645 πάσχουσι
3734 2569 3879 2623 κατὰ

2218 2661 2377 2737 χάριν
2441 2660 2673 2715 αῦτά·αἱ
2732 2658 2791 2715 δὲ
2848 2655 3095 2734 θάμϐους
3153 2659 3529 2736 πληρωθεῖσαι
3589 2658 3712 2733 περὶ
3771 2664 3877 2728 τῆς

2221 2749 2549 2806 διδασκάλου
2582 2748 2730 2828 φασίο

2289 2855 2378 2918 Τίς
2410 2857 2545 2925 αὕτη
2580 2860 2612 2925 ἡ
2647 2852 3009 2911 ἀναϐαίνουσα
3040 2854 3556 2929 λελευκανθισμένη,
3590 2853 3875 2930 ἐπιστηρι-

2223 2946 2423 3018 ζομένη
2450 2946 2535 2999 ἐπὶ
2566 2946 2657 2999 τὸν
2693 2943 2983 3023 ἀδελφιδόν
3015 2944 3220 3014 auria;

2293 3050 2541 3121 Δηλαδὴ,
2571 3051 2761 3106 Ὀποία
2793 3052 3027 3127 ὑπάρχει
3060 3051 3193 3122 αῦτη
3234 3054 3268 3121 ἡ
3317 3048 3713 3112 διδασκαλικῶς
3762 3050 3877 3104 ἀπὸ

2228 3141 2542 3215 μυστηρίων
2605 3140 2679 3202 εἷς
2746 3138 3251 3216 μυστηριωδέστιρα
3298 3136 3679 3210 ἀναϐαίνουσα,
3711 3159 3877 3194 κεκα-

2228 3229 2467 3303 θαρμένη
2530 3232 2727 3292 παντὸς
2788 3230 2959 3305 ῥύπου
3019 3230 3450 3305 ἁμαρτημάτων,
3503 3229 3590 3283 καὶ
3664 3227 3881 3301 έπερειο

2228 3317 2431 3390 δομένη
2488 3318 2576 3373 ἐπὶ
2631 3320 2722 3373 τὸν
2783 3316 3071 3396 ἀδελφιδὸν
3128 3319 3419 3386 αύτῆς;“Ο
3468 3321 3597 3391 γοῦν
3648 3316 3884 3392 νυμφίος

2224 3411 2323 3473 τήν
2357 3406 2444 3461 ἐπὶ
2475 3413 2593 3468 ταῖς
2637 3410 3101 3479 μαθητευομέναις
3150 3409 3246 3473 τῆς
3297 3406 3515 3484 νύμφης
3563 3407 3704 3479 ὁρῶν
3759 3404 3883 3459 ἐπιδ

2230 3492 2473 3565 μέλειαν,
2506 3494 2601 3548 καὶ
2633 3492 3042 3569 ἀποδεχόμενος
3074 3496 3173 3563 τήν
3204 3495 3405 3565 ταύτης
3439 3493 3514 3555 είς
3561 3494 3623 3548 τὸ
3671 3494 3882 3567 ἀγαθὸν

2229 3580 2511 3658 διέγερσιν.
2573 3584 2974 3655 ἀναμιμνήσκει
3028 3584 3194 3652 αὐτὴν
3247 3588 3344 3638 τοῦ
3390 3585 3657 3659 προτέρου
3723 3583 3877 3657 βίου·

2229 3671 2367 3725 ὥστε
2400 3678 2827 3748 μετριοφρονεῖν,
2861 3673 2948 3726 καὶ
2986 3673 3061 3744 μή
3096 3670 3185 3727 διὰ
3210 3677 3318 3726 τῶν
3361 3672 3591 3728 έπαίνων
3641 3676 3721 3743 τῷ
3775 3679 3879 3741 τῆς

2230 3761 2462 3829 οἷήσεως
2494 3760 2650 3825 πάθει
2682 3767 3011 3835 περιπεσεῖν.
3046 3761 3149 3816 Καί
3180 3783 3311 3839 φησι
3342 3764 3475 3838 πρὸς
3506 3761 3694 3832 αὐτήν·

2300 3850 2429 3903 Ὑπὸ
2457 3848 2636 3922 μῆλον
2670 3850 2921 3926 ἐξήγειρά
2949 3871 3026 3905 σε.

2303 3940 2529 4013 Ἤγουν,
2582 3940 2712 3993 Ὑπὸ
2782 3942 2907 4007 τήν,
2957 3937 3111 4009 δίκην
3174 3938 3357 4011 μήλου
3410 3940 3728 4014 τέρποντος,
3783 3937 3883 4000 τὰς

2230 4025 2456 4090 πλείους
2509 4032 2615 4081 τῶν
2677 4027 2979 4098 αἰσθήσεων
3030 4028 3235 4090 ἁπάσας
3308 4028 3505 4090 ταύτας
3564 4026 3883 4103 εὐφραίνουο

2233 4139 2325 4171 σαν
2356 4116 2618 4185 αἰσθητήν
2665 4116 2840 4171 κτίσνν
2895 4114 3264 4186 καθευδούσης
3323 4121 3440 4182 σοῦ,
3496 4120 3563 4185 τῇ
3621 4116 3757 4191 πρὸς
3814 4114 3884 4170 τὰ

2230 4205 2375 4261 καλά
2436 4204 2672 4280 ῥᾳθυμίᾳ
2730 4202 2820 4259 διὰ
2873 4207 2974 4274 τὴν
3032 4206 3167 4281 πρὸς
3213 4207 3280 4260 τὰ
3325 4204 3485 4260 ὑλικά
3535 4205 3743 4280 σχέσιν,
3792 4201 3883 4258 δι-

2233 4294 2424 4369 ήγειρά
2454 4314 2549 4348 σου
2578 4295 2641 4348 τὸ
2670 4295 2929 4369 φρόνημα
2958 4295 3096 4369 πρὸς
3123 4295 3290 4358 πόθον
3331 4292 3460 4367 ἐμὸν
3507 4290 3696 4366 λόγοις
3744 4311 3883 4367 προ-

2232 4384 2379 4443 νοίας
2409 4384 2497 4437 καὶ
2529 4383 2780 4455 κρίσεως,
2812 4388 2900 4437 καὶ
2930 4384 3053 4460 γὰρ.

2304 4473 2450 4527 Ἐκεῖ
2508 4468 2744 4540 ὠδίνησέ
2820 4491 2876 4525 σε
2946 4475 3130 4547 μήτηρ
3218 4492 3338 4527 σου.
3399 4467 3647 4540 Ὠδίνησέ
3715 4489 3773 4523 σε
3847 4472 3882 4538 ἡ

2231 4579 2459 4614 τεκοῦσα
2489 4580 2565 4615 σε.

2309 4646 2600 4715 Δηλονότι,
2636 4649 2721 4703 ’Ev
2750 4651 2816 4721 τῇ
2850 4650 3031 4723 σχέσει
3062 4653 3169 4702 τῶν
3205 4646 3408 4702 ὑλικῶν
3454 4641 3778 4702 ωνελάὅετό
3830 4667 3886 4701 σε

2236 4740 2270 4805 ἡ
2302 4738 2609 4809 προμήτωρ
2672 4758 2767 4791 σου
2822 4735 2951 4806 Εὕα,
2982 4741 3051 4810 τῇ
3100 4739 3218 4791 καθ’
3266 4735 3471 4805 ἡδονὴν
3529 4735 3755 4810 γενέσει,
3795 4737 3886 4791 καὶ

2239 4824 2463 4880 ἀπέτεκέ
2511 4846 2568 4878 σε
2610 4828 2679 4898 τῇ
2730 4827 2845 4879 κατ’
2878 4823 3074 4893 ὀδύνην
3121 4830 3391 4897 γεννήσει.
3445 4827 3553 4899 Ὑφ’
3581 4826 3656 4879 ὧν
3716 4826 3889 4879 συνεί-

2242 4935 2347 4989 χου
2381 4918 2448 4987 τῇ
2480 4914 2817 4988 προσπαθείᾳ
2853 4918 2959 4967 τῶν
3011 4914 3306 4984 αἰσθητῶν,
3338 4915 3438 4980 τὴν
3499 4914 3594 4986 μὲν
3650 4910 3718 4967 δι’
3749 4911 3890 4982 ἡδο-

2241 5005 2336 5071 νὴν
2372 5000 2659 5072 διώκουσα,
2690 5004 2788 5072 την
2820 5001 2921 5074 [δέ]
2954 5000 3022 5056 δι’
3054 5000 3251 5071 ὀδύνην
3282 5003 3579 5081 φεύγουσα·
3602 5003 3886 5057 κάντεῦθεν

2243 5091 2626 5169 φιλονεικοῦσα
2649 5098 2750 5159 τῆς
2783 5088 2988 5159 ἡδονῆς
3016 5092 3077 5145 τὸ
3107 5090 3287 5157 τέλος,
3316 5093 3416 5159 τὴν
3464 5088 3661 5159 ὀδύνην
3720 5092 3890 5167 φημὶ,

2242 5181 2442 5250 ταύτης
2503 5180 2870 5255 ἀποχωρίσαι,
2928 5181 3057 5254 ὅπερ
3118 5179 3524 5254 ἀμήχανον.Εί
3586 5180 3677 5233 οὗν
3716 5178 3893 5254 βούλῃ

2246 5268 2515 5342 διαμένειν
2566 5276 2665 5338 τῆς
2739 5269 2997 5337 τοιαύτης
3049 5268 3289 5343 σχέσεως
3346 5267 3621 5341 ἐλευθέρα,
3672 5269 3769 5330 Θές
3826 5290 3893 5342 με

2244 5360 2319 5420 ὡς
2370 5354 2641 5436 σφραγῖδα
2710 5356 2794 5411 ἐπὶ
2858 5359 2956 5426 τήν
3026 5355 3245 5430 καρδίαν
3314 5378 3430 5426 σου,
3491 5357 3564 5418 ὡς
3624 5356 3895 5434 σφραγῖδα

2243 5446 2330 5501 ἐπὶ
2387 5448 2479 5501 τὸν
2544 5445 2811 5520 βραχίονα
2862 5462 2998 5500 σου·
3031 5445 3229 5511 εἷ’τουν,
3263 5447 3346 5500 Ἐν
3407 5444 3530 5517 ἐμοὶ
3585 5450 3664 5518 τῷ
3723 5446 3896 5522 ἀρχε-

2240 5536 2396 5608 τύπῳ
2462 5540 2669 5608 μεῖνον,
2700 5539 2942 5609 τηροῦσα
2988 5539 3068 5605 τῷ
3120 5535 3212 5607 μὲν
3254 5534 3482 5608 ἡγεμόνι
3540 5554 3637 5588 σου
3693 5540 3772 5607 νῷ
3831 5536 3895 5591 τὸ

2240 5625 2356 5680 κατ’
2388 5623 2569 5679 εἰκόνα
2599 5624 2718 5679 κατ’
2752 5622 2964 5694 ἀπλανῆ
3013 5623 3239 5697 θεωρίαν
3285 5623 3374 5678 καὶ
3424 5620 3657 5678 διάθεσιν
3714 5624 3854 5699 ἐμοῦ
3878 5645 3892 5660 ο

2238 5718 2307 5791 τῇ
2372 5710 2418 5769 δ’
2469 5711 2787 5789 ἐνεργητικῇ
2847 5733 2943 5769 σου
3000 5709 3249 5789 δυνάμει,
3302 5713 3364 5768 τὸ
3420 5714 3537 5780 καθ’
3596 5712 3897 5792 ὁμοίωσιν,
