4102 6342
180 428 286 488 681

1222 422 1633 483 COMMENT.
1676 422 1754 483 IN
1801 422 2211 485 CANTICUM
2253 423 2555 485 CANTIG.

3478 417 3599 481 682

178 557 319 611 κατά
373 555 562 630 πρᾶξιν
634 552 996 627 ἀνυπόκριτον
1052 551 1145 607 καὶ
1200 548 1462 626 διάπυρον
1517 552 1838 627 ἀποτροπὴν

1959 554 2244 610 actionem
2269 554 2512 611 minime
2532 553 3324 624 simulatam,ardentemque
3346 552 3600 608 declina-

175 651 275 701 τοῦ
331 648 519 700 κακοῦ·
580 643 864 706 κάντεῦθεν
926 645 1072 714 μενῶ
1124 639 1215 695 καὶ
1272 639 1432 701 αὐτὸς
1486 639 1537 694 ἐν
1594 641 1702 711 σοὶ,
1736 661 1839 716 φυ-

182 735 395 791 λάττων
458 732 532 794 ὥς
562 754 646 795 τις
678 731 905 809 σφραγὶς
932 734 1029 784 τοῦ
1062 726 1409 799 διανοητικοῦ
1459 750 1555 783 σου
1584 730 1682 797 τὴν
1734 726 1841 798 ἕξιν

181 824 270 879 καὶ
332 825 430 893 τήν
490 820 758 896 ἐνέργειαν
812 819 1048 881 ἀσύλους
1103 823 1172 892 τῇ
1231 817 1412 893 σχέσει
1467 823 1573 873 τῶν
1609 817 1838 885 ύλικῶν,

183 912 265 966 ὅτι
349 911 597 987 κραταιά,
678 909 752 972 ὠς
822 909 1069 975 θάνατος,
1150 907 1360 981 ἀγάπη,
1441 906 1703 982 σκληρὸς,
1764 905 1839 967 ὡς

181 1000 345 1072 ᾅδης,
407 1000 594 1069 ζῆλος.
652 1000 832 1066 ’Πτοι,
892 996 979 1051 ἐὰν
1038 996 1091 1051 ἰν
1149 1000 1218 1070 τῇ
1279 996 1386 1069 ἐμῇ
1418 994 1841 1069 ἀγάπη,καὶτῷ

183 1088 252 1144 δι’
315 1089 480 1157 αὐτὴν
533 1086 690 1160 ζήλῳ
724 1091 922 1159 μενεῖς,
974 1086 1239 1159 μενῶκαὶ
1270 1084 1430 1146 αὐτὸς
1480 1083 1530 1138 ἐν
1587 1082 1690 1137 σοί’
1749 1083 1837 1137 καὶ

183 1178 541 1256 φυλαχθήσῃ,
570 1177 643 1237 ὡς
678 1172 910 1251 ε’ίρηται.
945 1170 1274 1248 Ἐπειδήπερ
1306 1175 1340 1241 ἡ
1397 1175 1490 1245 μὲν
1538 1171 1702 1240 ὁλική
1762 1170 1837 1234 εἷς

181 1268 281 1340 ἐμὲ
313 1265 491 1343 ἀγάπη
522 1264 723 1340 ἰσχυρά
748 1262 915 1332 ὶστιν,
977 1264 1051 1325 ὡς
1098 1268 1273 1317 πᾶσαν
1301 1260 1388 1317 ἰπὶ
1433 1260 1596 1315 κακὸν
1656 1262 1836 1336 ὁρμήν

179 1376 237 1410 τε
280 1355 371 1410 καὶ
414 1355 628 1424 κίνησιν
682 1350 1086 1423 καταπαύουσα,
1145 1348 1302 1420 δίκην
1354 1348 1603 1407 Θανάτου.
1662 1350 1723 1406 Ὀ
1783 1345 1839 1402 δὲ

185 1442 255 1497 δι’
315 1442 411 1514 ἐμὲ
438 1441 604 1512 ζῆλος
666 1438 949 1502 ἀνένδοτος
979 1445 1058 1513 τῷ
1086 1443 1263 1511 κακῷ,
1294 1439 1369 1501 ὡς
1398 1437 1634 1512 ἀλόγους
1666 1438 1840 1512 ὁρμὰς

183 1529 496 1605 δεσμεύων,
552 1530 641 1585 καὶ
704 1527 1000 1604 ἀπροίτους
1061 1530 1308 1603 κατέχων
1370 1527 1461 1583 οἷά
1520 1547 1617 1602 περ
1677 1522 1834 1596 ᾅδης.

181 1619 285 1677 Καὶ
365 1619 467 1695 γὰρ
539 1617 837 1694 περίπτερα
907 1616 1093 1686 αὐτῆς,
1150 1616 1446 1691 περίπτερα
1501 1615 1693 1690 πυρὸς,
1747 1612 1836 1670 ἀν-

182 1720 375 1784 θρακες
419 1708 587 1780 πυρὸς
647 1705 854 1782 φλόγες
912 1705 1100 1775 αὐτῆς.
1162 1702 1385 1776 Δηὶαδή
1444 1705 1510 1759 τὰ
1565 1700 1694 1779 ἔργα
1738 1707 1836 1772 τῆς

179 1798 323 1872 πρὸς
378 1796 444 1869 μὶ
493 1794 737 1872 ἐμπύρου
803 1794 1013 1869 ἀγάπης
1044 1795 1413 1869 ἀναπτέρωσις
1440 1792 1642 1863 ταύτης
1672 1792 1833 1847 ἐστίν·

183 1885 535 1960 Δύγαζούσης
576 1884 627 1939 ἐν
684 1889 764 1957 τῷ
821 1885 960 1961 φωτὶ
1020 1891 1118 1954 τῆς
1150 1881 1411 1953 ἀληθείας
1441 1883 1578 1937 κατά
1608 1882 1835 1953 Θεωρίαν
1868 1928 1915 1992 Β

183 1974 276 2029 τὸν
332 1977 478 2041 νοῦν,
535 1973 625 2028 καὶ
683 1971 1047 2051 ἀφανιζούσης
1101 1974 1201 2041 τὴν
1256 1968 1493 2048 ἄγνοιαν’
1555 1971 1836 2033 κάντεῦθεν

184 2061 511 2132 δαπανώσης
551 2064 687 2117 κατά
731 2063 923 2138 πρᾶξιν
973 2066 1081 2116 τῶν
1132 2060 1367 2116 ἐντολῶν
1396 2066 1566 2115 πᾶσαν
1624 2058 1836 2128 κακίαν,

184 2152 299 2225 (οἷά
353 2172 451 2225 περ
500 2149 803 2221 εὔπρηστον
866 2149 1002 2221 ὕλην
1062 2148 1288 2227 φλόγες)
1344 2148 1434 2204 καὶ
1485 2146 1837 2218 ἐπιδιδούσης

185 2241 261 2303 εἷς
296 2240 535 2311 αὔξησιν.
600 2239 798 2314 Διόπερ
841 2236 985 2315 ὕδωρ
1041 2236 1186 2294 πολὺ
1246 2236 1307 2293 οῦ
1340 2235 1623 2308 δυνήσεται
1654 2231 1838 2291 σὸἐσαι

182 2331 283 2398 τήν
360 2330 594 2405 ἀγάπην,
670 2327 759 2382 καὶ
835 2327 1079 2400 ποταμοὶ
1159 2326 1220 2381 οὐ
1290 2325 1683 2400 συγκλύσουσιν
1738 2325 1837 2379 αὐ·-

182 2421 309 2489 τήν.
344 2420 548 2492 ’Ἡγουν
583 2418 636 2471 αἱ
666 2416 876 2493 ρἑυστι
909 2417 983 2479 ῶς
1014 2417 1226 2486 πλῆθος
1262 2413 1468 2471 ὑδάτων
1512 2415 1571 2470 ἐκ
1598 2419 1695 2470 τοῦ
1725 2434 1837 2490 χει-

188 2512 374 2581 μῶνος
421 2512 527 2561 τῶν
558 2506 825 2561 ἀκουσίων
859 2511 1175 2581 πειρασμῶν
1204 2504 1411 2561 πολλαὶ
1454 2504 1689 2579 θλίψεις,
1747 2503 1836 2559 καὶ

186 2599 242 2653 αἱ
272 2596 481 2653 τούτων
535 2594 969 2667 ἀλλυπάλληλοι
1029 2594 1105 2658 ὠς
1157 2594 1404 2667 ποτάμια
1462 2594 1707 2670 ῥεύματα
1745 2592 1838 2648 ἐπι

184 2685 421 2762 ἀγωγαὶ,
482 2684 532 2740 ἰν
592 2688 677 2746 αἷς
726 2686 792 2737 τά
845 2691 946 2753 τῆς
1000 2682 1269 2757 πονηρίας
1328 2681 1611 2755 πνεύματα
1637 2683 1733 2750 τήν
1764 2681 1840 2744 εἰς

185 2774 286 2849 ἐμὲ
334 2775 551 2849 ἀγάπην
608 2770 925 2828 σπεύδουσιν
970 2772 1006 2841 ἢ
1064 2771 1351 2847 ἐκριζῶσαι
1407 2772 1591 2827 τέλεον
1623 2770 1713 2825 διὰ
1747 2793 1839 2843 μι-

190 2861 431 2932 σοθείας,
490 2862 525 2930 ἢ
574 2861 880 2936 καταλύψαι
925 2858 1014 2915 διὰ
1064 2860 1508 2934 μισανθρωπίας,
1561 2861 1623 2914 ού
1678 2857 1839 2929 δυνή-

188 2974 378 3008 σονται
441 2949 564 3006 οὔτε
617 2950 789 3022 πάντη
851 2945 1035 3005 σϐέσαι
1094 2949 1259 3018 αὐτὴν
1319 2946 1407 3004 διὰ
1464 2946 1840 3026 βλασφημίας,

184 3041 315 3095 οὔτε
383 3039 713 3096 κατακλύσαι
785 3039 874 3094 καὶ
945 3038 1193 3116 ἀφανίσαι
1260 3035 1328 3092 δι’
1406 3037 1668 3114 ἀπραξίας
1732 3041 1839 3091 τῶν

184 3128 429 3185 ἐντολῶν
492 3148 615 3202 μου’
672 3126 831 3204 αἵπερ
881 3124 1297 3182 ἀποδεικνύουσι
1360 3128 1452 3200 μὲν
1497 3128 1595 3196 τὴν
1629 3126 1702 3188 εἷς
1745 3124 1842 3198 ἐμὲ

182 3220 426 3297 ἀγάπην,
484 3219 847 3294 συμφέρονται
905 3215 963 3272 δὶ
1020 3215 1095 3279 εἷς
1142 3216 1231 3271 τὸν
1278 3215 1534 3286 πλησίον.
1566 3213 1719 3285 Πλὴν
1754 3214 1840 3269 ἐὰν

1949 642 2169 699 tionem
2200 662 2232 699 a
2262 644 2536 699 malo.Sic
2557 644 2713 699 enim
2743 644 2870 714 ipse
2904 643 3215 714 quoquein
3245 646 3302 697 te
3326 641 3603 697 manebo-

1952 739 2204 804 tuasque
2225 732 2829 804 utsignaculum,tum
2849 730 3212 802 intelligendi
3242 736 3367 786 tum
3392 731 3603 803 agendi

1952 821 2249 894 potentias
2286 829 2347 876 ut
2375 838 2571 876 rerum
2605 820 2901 891 fragilium
2942 826 2999 875 et
3054 820 3410 875 caducarum
3470 821 3603 875 affe-

1952 910 2249 965 ctionibus
2277 910 2536 981 integras
2589 909 2965 964 conservabo.
3025 910 3167 976 Quia
3201 910 3478 978 fortisest,
3541 912 3602 963 ut

1950 1015 2119 1064 mors,
2152 1000 2372 1054 dilectio
2408 1018 2420 1066 ;
2454 999 2596 1053 dura
2621 1001 2767 1054 sicut
2797 1003 3071 1070 infernus,
3120 998 3422 1054 aemulatio.
3484 998 3601 1053 Hoc

1951 1097 2054 1156 est,
2088 1089 2135 1143 si
2174 1089 2227 1141 in
2261 1088 2548 1143 charitate
2580 1103 2714 1141 mea
2734 1086 3155 1158 permanseris,
3187 1093 3246 1142 et
3295 1102 3400 1159 ego
3431 1085 3491 1141 in
3548 1092 3604 1142 te

1951 1178 2329 1249 permanebo,
2353 1182 2409 1231 et
2433 1176 2889 1242 conservaberis,
2936 1181 3001 1230 ut
3031 1175 3252 1230 dictum
3291 1179 3398 1230 est.
3449 1175 3597 1231 Nam

1949 1268 2180 1339 integra
2222 1272 2401 1336 atque
2433 1266 2688 1336 perfecta
2716 1281 2851 1335 erga
2870 1281 2960 1320 me
2992 1264 3247 1320 charitas
3282 1268 3397 1320 tam
3428 1262 3599 1319 fortis

1949 1363 2059 1421 est,
2091 1365 2173 1421 ut,
2210 1356 2417 1411 mortis
2440 1355 2647 1421 instar,
2677 1371 2883 1410 omnes
2928 1356 2999 1409 ad
3043 1354 3264 1410 malum
3313 1353 3600 1409 motiones

1949 1453 2122 1519 atque
2162 1446 2422 1517 impetus
2453 1445 2651 1500 sedet:
2686 1442 2982 1499 aemulatio
3005 1449 3200 1499 autem
3232 1447 3472 1515 propter
3510 1460 3602 1500 me

1951 1534 2103 1590 nialo
2134 1551 2248 1589 non
2280 1534 2451 1600 cedit,
2486 1533 2587 1589 sed
2610 1540 2893 1604 tanquam
2928 1534 3199 1589 infernus
3251 1530 3462 1589 rationi
3518 1549 3604 1588 re-

1950 1632 2276 1695 pugnantes
2306 1628 2505 1679 motus
2548 1624 2751 1689 vincit,
2810 1626 3179 1696 vinctosque,
3212 1639 3283 1679 ne
3328 1622 3602 1695 progredi

1950 1714 2199 1784 possint,
2231 1717 2477 1769 coercet.
2509 1712 2624 1768 Alae
2652 1714 2807 1768 enim
2841 1715 2971 1784 ejus
3017 1712 3118 1768 alae
3151 1712 3346 1785 ignis:
3400 1727 3599 1784 pruna:

1947 1802 2123 1875 ignis,
2149 1802 2399 1857 flammai
2421 1804 2573 1873 ejus.
2607 1803 2794 1874 Opera
2810 1803 3029 1873 quippe
3058 1802 3320 1857 ardentis
3346 1817 3487 1872 erga
3509 1816 3603 1856 me

1947 1891 2252 1948 cbaritatis
2283 1896 2425 1946 sunt
2452 1890 2634 1961 hujus
2692 1891 2817 1961 alas,
2866 1909 2995 1963 qua:
3051 1890 3313 1946 illustrat
3370 1891 3430 1945 in
3471 1889 3602 1946 luce

1947 1980 2208 2036 veritatis
2262 1985 2520 2035 mentem
2576 1996 2678 2052 per
2749 1979 3327 2052 contemplationem,
3421 1983 3600 2049 atque

1950 2069 2295 2142 ignorantiae
2325 2070 2597 2125 tenebras
2626 2069 2955 2140 discutit,et
2980 2086 3083 2141 per
3107 2070 3399 2125 actionem
3423 2072 3599 2138 atque

1948 2175 2125 2231 opera
2148 2158 2558 2214 mandatorum
2592 2158 2881 2214 malitiam
2934 2174 3169 2215 omnem
3201 2162 3289 2227 (ut
3345 2158 3602 2213 ﬂammae

1949 2249 2258 2303 materiam
2290 2264 2542 2304 accensa
2572 2247 2826 2317 facilem)
2858 2247 3139 2315 absumit,
3172 2252 3230 2302 et
3278 2247 3605 2303 incremen-

1948 2342 2075 2390 tum
2108 2337 2389 2407 suggerit.
2422 2336 2811 2399 Quamobrem
2845 2354 2991 2406 aqua
3019 2336 3196 2391 multa
3241 2350 3356 2391 non
3403 2336 3603 2406 poterit

1948 2428 2301 2493 exstinguere
2363 2425 2706 2493 oharitatem,
2766 2430 2819 2481 et
2873 2425 3117 2497 ﬂumina
3182 2439 3293 2480 non
3367 2422 3601 2479 obruent

1947 2515 2142 2586 ipsam.
2188 2514 2460 2568 Fluentes
2484 2512 2779 2578 nimirum,
2839 2520 2903 2567 ut
2960 2529 3251 2584 aquarum
3298 2511 3478 2583 capias
3533 2527 3602 2564 ex

1949 2602 2332 2658 molestarnm
2364 2602 2557 2657 hieme
2582 2602 2973 2657 tentationum
3017 2601 3215 2657 multas
3264 2598 3595 2655 tribulatio-

1948 2697 2154 2756 nes,et
2184 2690 2281 2746 alii
2315 2708 2495 2762 super
2523 2689 2669 2745 alios
2719 2696 3006 2762 tanquam
3058 2688 3323 2744 ﬂuviales
3377 2686 3596 2743 ﬂuctus

1949 2781 2285 2851 ingruentes
2310 2778 3033 2851 earumimpetus,quibus
3057 2777 3330 2848 nequitia
3360 2775 3606 2848 spiritus

1952 2869 2299 2925 oharitatem
2334 2884 2473 2940 erga
2504 2884 2597 2922 me
2644 2872 2933 2923 conantur
2988 2871 3090 2922 aut
3143 2863 3425 2921 radicitus
3497 2881 3602 2936 per

1952 2957 2313 3029 impietatem
2336 2957 2394 3012 in
2425 2956 2610 3011 Deum
2669 2956 2933 3024 evellere,
2984 2960 3088 3011 aut
3146 2972 3247 3026 per
3291 2954 3489 3010 odium
3519 2952 3608 3025 zin

1952 3047 2285 3117 proximum
2300 3045 2679 3113 obruere;nec
2693 3049 3011 3116 potuerunt
3026 3045 3399 3115 exstinguere
3414 3043 3602 3113 ipsam

1954 3152 2057 3207 per
2090 3134 2543 3207 blasphemiam,
2571 3150 2674 3189 nec
2707 3134 2952 3189 obruere
3010 3140 3187 3205 atque
3235 3132 3463 3187 abolere
3506 3146 3611 3202 per

1954 3230 2357 3296 contemptum
2404 3223 2837 3289 mandatorum,
2889 3239 3017 3294 quae
3074 3221 3418 3278 oharitatem
3475 3225 3604 3274 tum

181 3308 305 3383 δῴη
372 3310 507 3383 ἀνὴρ
564 3308 655 3362 τὸν
705 3306 876 3362 πάντα
922 3306 1035 3382 βίον
1094 3305 1260 3361 αὐτοῦ
1309 3306 1360 3360 ἐν
1414 3309 1482 3379 τῇ
1516 3304 1718 3380 ἀγάπῃ,
1755 3303 1840 3374 ἰξ-

1959 3331 2093 3385 erga
2124 3330 2217 3369 me
2246 3311 2706 3380 declarant,tum
2735 3312 3047 3377 perﬁciunt
3079 3327 3217 3382 erga
3252 3309 3606 3381 proximum,

181 3395 478 3453 ουδενὼσε.
554 3393 992 3467 ξξουδενώσουσιν
1050 3394 1208 3449 αὐτόν
1246 3415 1257 3428 ·
1312 3391 1613 3465 δηλονότι,
1676 3392 1760 3447 ἐὰν
1818 3393 1844 3447 ὁ

187 3488 267 3559 μή
296 3490 368 3560 τῇ
388 3490 497 3540 τῶν
534 3484 881 3561 προσκαίρων
914 3483 1092 3559 ἀπάτῃ
1117 3481 1567 3556 ἐκθηλυνόμενος,
1589 3483 1848 3557 παράσχῃ

189 3581 313 3638 τοῖς
378 3573 660 3648 δεομένοις
718 3573 891 3628 πάντα
942 3573 1009 3628 ca
1061 3574 1376 3648 ὑπάρχοντα
1431 3571 1577 3645 αὐτῷ
1610 3569 1697 3626 διὰ
1745 3573 1844 3640 τήν

188 3664 335 3739 πρός
399 3684 467 3736 με
526 3662 760 3738 ἀγάπην,
822 3663 1132 3734 εὑτελισμῷ
1190 3660 1553 3716 εύτελίσουσιν
1604 3660 1760 3715 αὐτὸν
1793 3662 1847 3714 αἱ

188 3752 569 3824 ἀντικείμεναι
601 3748 875 3824 δυνάμεις·
925 3753 1141 3812 πάντως
1200 3752 1245 3822 ᾦ
1303 3751 1392 3804 τὸν
1431 3744 1556 3805 Ἰὼϐ
1593 3749 1725 3822 μετά
1746 3750 1845 3817 τὴν

180 3842 474 3920 ἀφαίρεσιν
530 3840 728 3902 παντὸς
781 3844 879 3895 τοῦ
938 3838 1199 3910 αἰσθητοῦ
1228 3837 1472 3894 πλούτου
1502 3839 1668 3893 αὐτοῦ
1702 3837 1851 3911 ἐξηυ-

181 3929 435 4000 τέλισαν,
502 3928 872 4001 ἒξαιτούμεναι
924 3932 1113 3983 τοῦτον
1170 3929 1261 3982 ἀπ’
1321 3923 1457 3999 ἔμοῦ
1489 3928 1564 3989 εἰς
1598 3925 1845 4002 δοκίμιον

186 4024 299 4074 τῶν
360 4017 452 4074 διά
509 4018 707 4092 σαρκὸς
740 4014 967 4085 ὀδυνῶν,
1022 4017 1111 4072 καὶ
1161 4016 1289 4080 τοὺς
1326 4013 1520 4094 φίλους
1554 4015 1715 4071 αὐτοῦ
1774 4017 1851 4079 εἷς

183 4108 390 4164 τούτου
446 4105 754 4180 ὀνειδισμὸν
806 4105 1197 4182 ἐπεγείρουσαι.
1257 4109 1438 4163 Ταῦτα
1487 4106 1665 4160 τοίνυν
1718 4104 1848 4175 σύτή

184 4197 395 4266 εἰδυῖα,
456 4195 578 4251 ὅταν
644 4196 817 4257 πάσας
878 4216 982 4268 μου
1064 4196 1159 4259 τὰς
1230 4194 1453 4257 ξντολάς
1503 4198 1703 4270 τηρῇς,
1762 4195 1847 4249 καὶ

186 4285 365 4358 ὀδύνη
422 4307 508 4341 σοι
566 4285 767 4359 ἐπέλθῃ
830 4285 1027 4358 σαρκὸς
1095 4285 1233 4338 κατά
1280 4285 1633 4359 συγχώρπσιν
1690 4283 1852 4356 ἐμὴν,

181 4376 426 4453 γίνωσκε
452 4374 517 4429 τὸ
544 4379 791 4429 τοιοῦτον
825 4367 1229 4446 ἐπισυμϐαίνειν
1264 4393 1370 4445 σοι,
1397 4371 1491 4427 ’ίνα
1526 4393 1622 4427 σου
1653 4376 1688 4442 ἡ
1716 4373 1851 4444 πρὸς

182 4467 288 4539 ἐμὲ
315 4464 504 4540 ἀγάπη
538 4470 669 4518 πᾶσι
700 4460 1010 4532 καταδηλπ
1033 4460 1365 4536 γένηται,μή
1400 4459 1718 4531 ἐνδιδούσης
1738 4467 1854 4525 τοῖς

178 4559 546 4632 πειρασμοῖς,
577 4551 667 4607 καὶ
698 4552 826 4629 οὐχὶ
858 4548 947 4606 διὰ
995 4550 1057 4606 τὸ
1120 4553 1196 4624 μή
1259 4551 1393 4606 εἶναι
1449 4551 1705 4623 πρόνοιαν
1765 4551 1853 4606 ἐπὶ

181 4645 366 4700 πάντα
398 4640 712 4713 διήκουσαν.

266 4819 518 4898 ’Δδελφή
590 4821 751 4893 ἡμῶν
826 4819 1020 4895 μικρά,
1098 4818 1188 4873 καὶ
1266 4818 1504 4892 μαστοὺς
1564 4819 1667 4873 οὐκ
1714 4816 1852 4893 ἔχει.

184 4913 251 4967 Τί
324 4912 651 4983 ποιήσωμεν
726 4913 796 4984 τῇ
871 4906 1083 4983 ἀδελφῇ
1142 4910 1304 4981 ἡμῶν
1353 4907 1403 4962 ἐν
1460 4908 1641 4984 ἡμέρᾳ
1794 4905 1852 4961 ἂν

191 5002 428 5073 λαληθῇ
492 4999 542 5053 ἐν
603 4998 779 5073 aerii;
831 4998 897 5054 Εί
951 4999 1143 5074 τεῖχός
1194 4999 1354 5062 ἐστιν,
1412 4995 1854 5071 οἰκοδομήσομεν

188 5093 283 5148 ίπ’
314 5088 490 5158 αὐτὴν
524 5086 772 5160 ἒπάλξεις
803 5089 1061 5163 ἀργυρᾶς-
1096 5088 1186 5141 καὶ
1218 5087 1263 5141 εί
1296 5087 1429 5163 θύρα
1468 5086 1600 5154 ἐστὶ,
1635 5088 1857 5162 διαγρά-

190 5186 382 5256 ψομεν
417 5179 504 5233 ἔπ’
535 5178 700 5246 αύτήν
726 5174 912 5232 σανίδα
940 5174 1217 5252 κεδρίνην.

785 5291 900 5340 Τῶν
934 5287 982 5362 γ’
1012 5283 1185 5359 ΙΙατέρ
1194 5306 1265 5340 ων
1278 5328 1289 5341 .

270 5398 339 5453 Ἡ
385 5392 444 5449 δὲ
491 5392 677 5471 νύμφη
703 5397 800 5448 τοῦ
827 5397 1066 5466 Χριστοῦ
1096 5391 1395 5461 Ἐκκλησία
1438 5390 1547 5462 ἤδη
1614 5394 1705 5464 μὲν
1762 5393 1861 5459 τήν

196 5488 409 5552 ἑαυτῆς
468 5483 594 5557 παρ’
647 5481 811 5537 αὐτοῦ
863 5476 1107 5536 λαϐοῦσα
1154 5479 1471 5559 ἀσφάλειαν,
1522 5482 1761 5535 ποθοῦσα
1809 5481 1866 5534 ὁὶ

196 5577 294 5630 καὶ
338 5575 444 5643 τήν
517 5570 608 5627 διὰ
662 5571 1042 5647 βαπτίσματος
1091 5570 1227 5625 κατά
1281 5575 1479 5646 γνῶσιν
1529 5571 1615 5623 καὶ
1670 5569 1865 5643 ἀρετὴν

198 5662 498 5720 τελείωσιν
544 5668 642 5731 τῆς
697 5666 805 5716 τῶν
835 5660 1269 5735 κατηχουμένων
1306 5659 1441 5732 αὐτῇ
1488 5656 1760 5714 Ἰουδαίων
1812 5680 1871 5713 τε

196 5754 299 5811 καὶ
356 5750 647 5821 Ἐλλήνων
700 5749 1047 5827 ὁμηγύρεως,
1108 5748 1233 5825 περὶ
1286 5748 1491 5821 ταύτης
1549 5749 1683 5827 φησὶ
1737 5748 1873 5826 πρὸς

538 5883 802 5941 Ριτιιοι..
851 5881 964 5942 Gn.
1010 5879 1251 5940 CXXII.

1953 3404 2222 3458 Attamen
2254 3403 2303 3456 si
2329 3400 2539 3456 dederit
2565 3402 2725 3456 homo
2756 3417 2971 3456 omnem
3006 3402 3173 3455 vitam
3208 3416 3369 3454 suam
3399 3399 3457 3452 in
3476 3403 3610 3452 cha-

1956 3493 2145 3558 ritate,
2166 3491 2503 3561 despectione
2539 3490 2847 3560 despiciant
2907 3506 3053 3544 eum.
3105 3487 3164 3544 Si
3220 3488 3353 3559 quis
3404 3502 3601 3541 rerum

1958 3580 2206 3635 istarum
2224 3578 2518 3650 fragilium
2539 3577 2847 3633 blanditiis
2860 3577 3104 3633 minime
3125 3576 3495 3631 eli‘etuinatns
3514 3584 3618 3630 aut

1960 3670 2265 3739 deceptus,
2299 3671 2538 3738 prapter
2559 3682 2729 3721 suam
2761 3667 2821 3720 in
2874 3683 2967 3721 me
3009 3665 3356 3721 oharitatem
3412 3662 3612 3717 omnia

1962 3758 2115 3813 bona
2145 3773 2254 3812 sua
2273 3754 2629 3826 pauperibus
2654 3754 3038 3822 distribuerit,
3109 3752 3455 3809 adversaria:
3508 3767 3614 3820 po-

1961 3849 2205 3901 testates
2235 3861 2370 3900 cum
2405 3844 2901 3915 aspernabuntur,
2935 3860 3000 3897 eo
3034 3841 3317 3896 nimirum
3349 3846 3609 3895 contem-

1961 3941 2061 4006 ptu
2086 3951 2201 4005 quo
2247 3933 2381 4003 Job,
2435 3933 2715 3988 omnibus
2769 3930 2853 3986 illi
2904 3931 3126 3987 divitiis
3176 3929 3492 4000 ademptis,
3533 3928 3617 3984 ita

1959 4025 2375 4095 despexerunt,
2410 4026 2474 4077 ut
2506 4038 2641 4076 eum
2676 4040 2710 4077 a
2732 4037 2824 4076 me
2848 4038 2948 4091 per
2979 4020 3174 4075 carnis
3230 4018 3456 4074 dolores
3515 4034 3615 4073 ex-

1962 4111 2312 4185 plorandum
2345 4110 2885 4182 ﬂagitantes,etiam
2908 4110 3130 4164 amicos
3154 4110 3282 4178 ejus
3313 4108 3385 4163 ad
3416 4106 3615 4177 ipsum

1962 4198 2336 4257 contumeliis
2357 4199 2687 4255 vexandum
2720 4198 3044 4253 incitarint.
3078 4196 3208 4251 Haec
3265 4200 3328 4249 tu
3387 4194 3615 4266 perSpi-

1962 4292 2286 4356 ciens,cum
2320 4289 2516 4345 omnia
2538 4288 2815 4343 mandata
2839 4305 2968 4342 mea
2991 4285 3362 4354 custodieris,
3396 4290 3453 4339 et
3482 4301 3618 4355 per-

1963 4380 2149 4435 missu
2181 4395 2311 4434 meo
2343 4384 2399 4434 te
2425 4380 2619 4433 carnis
2642 4376 2809 4433 dolor
2857 4376 3153 4442 invaserit,
3200 4374 3392 4445 cogita
3421 4373 3478 4427 id
3510 4373 3617 4428 tibi

1964 4468 2327 4540 contingere,
2386 4484 2502 4523 non
2555 4468 2712 4538 quod
2774 4465 3140 4538 providentia
3196 4480 3313 4519 non
3372 4462 3451 4518 sit
3489 4479 3619 4532 qua:

1965 4562 2179 4614 cuncta
2208 4558 2497 4630 gubernet
2528 4574 2593 4612 ac
2618 4556 2975 4623 moderetur,
2992 4555 3095 4610 sed
3123 4561 3185 4609 ut
3209 4560 3315 4608 tua
3343 4554 3621 4608 temtatio-

1885 4664 1931 4729 ι)
1965 4648 2139 4703 nibus
2172 4646 2415 4703 minime
2441 4645 2886 4701 succumbentis
2917 4661 3056 4715 erga
3087 4660 3180 4698 me
3211 4641 3471 4699 charitas
3521 4642 3623 4694 tiat

1963 4736 2242 4793 omnibus
2273 4734 2612 4790 manifesta.

2033 4825 2201 4880 Soror
2246 4830 2436 4876 nostra
2482 4839 2682 4891 parva.
2727 4831 2780 4876 et
2826 4824 3000 4877 ubera
3054 4835 3165 4875 non
3224 4818 3401 4873 habet.
3480 4815 3621 4882 Quid

1962 4913 2233 4983 faciemus
2262 4911 2439 4965 sorori
2470 4918 2672 4964 nostra:
2694 4914 2753 4963 in
2784 4909 2871 4965 die
2902 4911 2959 4963 in
2981 4926 3085 4980 qua
3124 4905 3349 4962 verbum
3402 4906 3619 4973 factum

1963 5002 2133 5072 fuerit
2192 5000 2248 5054 in
2297 5001 2418 5053 ea?
2468 4999 2529 5054 Si
2594 5015 2788 5053 murus
2842 5006 2937 5064 est,
3002 4994 3406 5063 azdiﬁcabimus
3454 5005 3622 5061 super

1966 5106 2085 5144 eam
2113 5088 2534 5160 propugnacula
2566 5092 2867 5156 argentea:
2908 5087 2962 5140 si
3007 5086 3212 5140 ostium
3268 5085 3366 5150 est,
3418 5080 3621 5137 descri-

1971 5180 2159 5235 bemus
2189 5195 2354 5250 super
2382 5195 2501 5234 eam
2534 5177 2781 5233 tabulam
2804 5176 3105 5231 cedrinam.

2587 5285 2782 5340 Trium
2822 5285 3051 5337 Patrum

2046 5393 2275 5462 Sponsa
2305 5391 2519 5445 Christi
2557 5389 2834 5453 Ecclesia,
2858 5405 2991 5443 cum
3017 5389 3138 5458 jam
3202 5401 3368 5442 suam
3435 5383 3627 5456 ipsius

1977 5482 2048 5536 ab
2081 5498 2147 5536 eo
2173 5480 2547 5536 securitatem
2579 5485 2735 5535 esset
2763 5484 3051 5544 assecuta,
3104 5478 3462 5548 cuperetque
3500 5478 3627 5528 tum

1977 5572 2316 5627 Judazorum
2361 5575 2487 5624 tum
2522 5570 2783 5641 gentium
2809 5585 2842 5623 a
2873 5584 2933 5623 se
2965 5567 3331 5621 initiatorum
3367 5561 3629 5619 multitu-

1981 5661 2178 5716 dinem
2220 5676 2325 5732 per
2358 5659 2653 5730 baptisma
2681 5676 2748 5714 ex
2781 5657 3028 5713 scicntia
3058 5662 3115 5712 et
3146 5655 3361 5710 virtute
3401 5653 3472 5709 ad
3496 5668 3630 5725 per-

1982 5751 2293 5807 fectionem
2319 5747 2775 5821 pervenire,haac
2804 5748 2876 5804 de
2906 5746 3010 5805 illa
3040 5746 3112 5804 ad
3136 5760 3423 5819 sponsum
3454 5741 3633 5799 verba

3228 5876 3305 5936 22
