4102 6342
473 410 590 474 683

1801 407 2229 506 MICHAELIS
2276 410 2545 472 PSELLI

3759 413 3890 474 684

471 547 648 604 facit:
677 551 850 604 Soror
869 550 1060 599 nostra
1085 557 1279 614 parva,
1311 548 1365 601 et
1383 546 1552 601 ubera.
1577 561 1690 602 non
1713 545 1918 617 ,habet.
1970 547 2094 610 Qua

2221 545 2421 600 αὐτόν’
2487 548 2549 602 Ἦ
2605 545 2816 624 ἀδελφή
2877 549 3036 620 ἡμῶν
3103 548 3274 622 μικρά
3327 549 3418 602 καὶ
3481 551 3716 622 μαστοὺς
3777 553 3886 607 οὐκ

469 642 691 694 natura
714 632 1104 691 similitudine
1133 649 1298 688 soror
1345 637 1436 690 est
1487 638 1710 702 nostra,
1768 634 2110 700 multitudo,

469 743 647 798 parva
693 724 884 778 adhuc
933 724 1024 774 est
1079 725 1315 792 propter
1371 721 1820 790 inﬁdelitatem;
1881 725 1937 776 et
1982 722 2112 776 ideo

468 815 722 870 rationes
753 816 810 866 et
841 825 1033 866 mores
1051 810 1150 878 qui
1183 827 1216 864 a
1243 815 1300 864 te
1331 827 1546 882 sponso
1597 817 1878 883 tanquam
1931 810 2112 864 ubera

466 903 839 966 exhibentur,
872 903 936 953 ut
966 897 1219 954 salutem
1245 915 1412 953 suam
1465 916 1532 953 ex
1579 899 1700 954 illis
1747 903 1940 970 sugat,
1995 915 2110 952 non

464 991 660 1047 habet.
692 991 756 1045 Et
785 989 913 1061 quid
931 989 1201 1058 faciemus
1223 991 1406 1043 sorori
1431 995 1646 1045 nostra?
1675 991 1734 1043 in
1781 989 1870 1043 die
1909 990 1968 1042 in
2004 1004 2114 1058 qua

461 1080 683 1136 verbum
702 1082 906 1149 factum
924 1077 1096 1148 fuerit
1127 1079 1186 1131 in
1225 1093 1289 1130 ea
1313 1077 1506 1140 ?Quid
1569 1079 1638 1132 de
1689 1078 1794 1134 hac
1839 1094 1970 1149 quae
2005 1093 2110 1131 no-

464 1175 585 1226 stra
611 1186 778 1225 soror
807 1169 1042 1234 dicitur,
1077 1182 1142 1221 eo
1175 1171 1438 1238 tempore
1496 1183 1760 1240 agemus,
1821 1185 1954 1222 cum
2011 1183 2112 1238 per

460 1259 635 1315 ﬁdem
661 1256 908 1328 accipiet
937 1254 1412 1326 praedicationem
1447 1257 1648 1311 tuam?
1682 1255 1742 1310 Si
1760 1272 1954 1311 murus
2007 1259 2108 1326 cst,

457 1347 855 1419 aediﬁcabimus
899 1361 1067 1414 super
1110 1361 1231 1400 eam
1265 1345 1684 1416 propugnacula
1710 1352 1975 1414 argentea
2009 1363 2021 1399 :
2054 1351 2110 1400 et

456 1440 505 1494 si
532 1439 730 1495 ostium
772 1443 868 1504 est,
905 1434 1269 1489 describemus
1319 1450 1486 1506 super
1523 1435 1682 1490 illam
1731 1435 1974 1490 tabulam
2021 1450 2106 1489 ce-

456 1528 700 1584 drinam.
752 1523 812 1581 Si
866 1523 1144 1595 legalium
1199 1528 1626 1595 praeceptorum
1704 1524 2108 1579 observatione

457 1623 744 1688 tanquam
777 1629 984 1669 murus
1023 1615 1320 1668 exstructa
1361 1616 1469 1683 est,
1519 1613 1889 1683 imponemus
1930 1629 2110 1684 super

458 1721 586 1762 eam
633 1703 810 1759 veluti
863 1700 1306 1774 propugnacula
1345 1705 1642 1773 argentea,
1701 1701 1997 1772 fulgentes
2047 1703 2106 1757 in

455 1793 630 1866 legali
657 1793 851 1848 littera
873 1792 1290 1864 mysteriorum
1309 1790 1755 1856 rationes.Quod
1781 1791 1828 1846 si
1851 1791 2106 1846 naturali

2221 628 2359 708 ἔχει·
2413 633 2607 708 εἷίτουν,
2661 638 2695 706 ἡ
2754 634 2842 691 διὰ
2871 637 2968 704 τὴν
2999 633 3273 712 ὁμοφυίαν
3305 634 3514 706 ἀδελώὴ
3546 640 3704 711 ήμῶν
3739 661 3888 716 χρη-

2226 723 2519 796 ματίζουσα
2575 724 2789 795 πληθὺς
2861 725 3061 792 ἀτελὴς
3136 724 3214 780 ἔτι
3287 725 3376 780 διὰ
3445 729 3545 796 τήν
3617 730 3882 785 ἀπιστίαν

2223 812 2364 867 ἐστί·
2449 814 2537 868 καὶ
2617 811 2706 868 διὰ
2759 819 2920 868 τοῦτο
2977 814 3174 890 λόγους
3229 815 3318 868 καὶ
3375 815 3611 889 τρόπους
3671 819 3881 894 ἀρετῶν

2221 904 2697 980 προσφερομένους
2755 925 2838 958 σοι
2897 907 2974 975 τῷ
3027 903 3247 982 νυμφίῳ
3305 907 3393 959 οἷα
3439 907 3693 978 μαστοὺς,
3722 909 3798 960 ’ἶν’
3831 907 3886 962 ἐν

2219 991 2434 1054 τούτοις
2489 991 2773 1066 ἀπολαύσῃ
2799 999 2899 1061 τῆς
2931 991 3207 1066 σωτηρίας
3267 994 3461 1062 αὐτῆς,
3494 996 3558 1049 ού
3588 995 3872 1066 κέκτηται.

2223 1079 2318 1132 Καὶ
2371 1081 2424 1134 τὶ
2482 1083 2802 1153 ποιήσωμεν
2863 1085 2930 1154 τῇ
2985 1079 3195 1159 ἀδελφῇ
3259 1085 3422 1154 ἡμῶν
3479 1083 3531 1137 ἐν
3599 1083 3782 1160 ἡμέρᾳ

2221 1166 2280 1220 ἂν
2341 1166 2561 1242 λαληθῇ
2621 1168 2670 1222 ἐν
2733 1169 2902 1242 αὐτῇς
2964 1167 3192 1240 Δηλαδὴ
3246 1171 3298 1224 τί
3333 1168 3752 1247 διαπραξώμεθα
3783 1173 3878 1228 ἐπὶ

2218 1260 2285 1330 τῇ
2346 1258 2608 1332 εἰρημένῃ
2669 1255 2878 1336 ἀδελφῇ
2937 1259 3096 1330 ἡμῶν
3131 1257 3183 1312 ἐν
3243 1258 3288 1332 ᾧ
3317 1264 3496 1334 καιρῷ
3523 1262 3584 1315 τὸ
3621 1263 3708 1316 σὸν
3735 1261 3880 1318 κατᾶ

2218 1345 2398 1401 πίστιν
2473 1344 2828 1422 παραδέξεται
2904 1350 3217 1422 κήρυγμα;
3297 1351 3364 1403 Εἴ
3431 1351 3620 1425 τεῖχός
3691 1351 3875 1422 ἐστιν,

2219 1434 2660 1508 οἰκοδομήσομεν
2742 1436 2824 1492 ἐπ’
2903 1436 3038 1510 αὐτῇ
3124 1436 3374 1508 ἐπάλξεις
3447 1439 3710 1515 ἀργυρᾶς·
3779 1444 3874 1496 καὶ

2217 1530 2265 1579 εἴ
2350 1525 2482 1598 θύρα
2567 1526 2726 1596 ἐστὶ,
2817 1525 3182 1602 διαγράψομεν
3269 1529 3354 1583 ὑπ’
3440 1528 3607 1598 αὐτὴν
3683 1527 3875 1586 σανίδα

2216 1611 2487 1691 κεδρίνην.
2545 1619 2726 1684 ἽΙτοι,
2783 1615 2870 1671 ἰὰν
2931 1617 3024 1690 μὶν
3085 1621 3152 1690 τῇ
3221 1617 3410 1690 πράξει
3466 1624 3574 1673 τῶν
3620 1625 3876 1692 νομικῶν

2217 1701 2451 1758 ἐντολῶν
2526 1702 2903 1778 ὠκοδόμηται,
2977 1703 3132 1776 δίκην
3199 1706 3457 1782 τείχους,
3535 1707 3872 1782 ἐπιθήσομεν

2217 1789 2298 1845 ἐπ’
2355 1793 2524 1863 αὐτὴν
2578 1792 2758 1869 ὥσπερ
2818 1791 3066 1864 ἐπάλξεις
3122 1795 3358 1871 ἀργυρᾶς
3413 1795 3541 1858 τοὺς
3571 1795 3876 1872 τηλαυγεῖς

458 1881 946 1954 contemplatione
978 1897 1080 1952 per
1109 1895 1345 1937 sensum
1406 1884 1608 1952 aperta
1657 1885 1764 1952 est,
1823 1885 2094 1952 tanquam

2214 1881 2349 1935 κατά
2390 1887 2586 1958 γνῶσιν
2647 1881 2845 1959 λόγους
2901 1887 3009 1937 τῶν
3069 1884 3120 1938 ἐν
3177 1889 3256 1955 τῷ
3312 1889 3525 1957 νομικῷ
3577 1885 3872 1962 γράμματι

2329 1965 2358 1986 β
2381 1965 2418 1986 I\
2595 1970 2680 1986 ’πὶ
2777 1968 2818 1986 Άὶ
2922 1974 2948 1984 ~
3089 1972 3100 1986 ι
3192 1970 3212 1986 9.
3248 1973 3271 1986 Α
3605 1978 3630 1986 ..ι
3667 1975 3689 1986 ἰ
3825 1977 3836 1986 ι

458 1979 625 2045 porta
655 1971 1012 2044 cognitionis
1061 1970 1286 2026 aditum
1347 1970 1724 2040 patefaciens,
1783 1969 2106 2028 formemus

457 2061 520 2115 in
548 2077 615 2115 ea
644 2061 816 2131 quasi
843 2057 1104 2114 tabulam
1128 2057 1716 2125 cedrinam,mentem
1750 2074 1878 2130 quae
1897 2073 2104 2113 sensus

457 2149 767 2206 contrahat
796 2148 1192 2218 imperfectos,
1222 2163 1470 2218 quaeque
1499 2147 1674 2202 ﬁdem
1714 2163 1782 2202 ex
1827 2148 2105 2219 operibus

455 2239 770 2310 perfectam
802 2235 1034 2302 habeat,
1059 2241 1115 2290 et
1145 2234 1339 2307 gladio
1388 2235 1632 2305 spiritus
1679 2241 1946 2308 amputet
1975 2241 2102 2292 tum

453 2325 634 2382 falsas
693 2341 898 2381 omnes
963 2325 1295 2396 opiniones,
1355 2329 1484 2380 tum
1551 2325 1786 2380 virtutis
1840 2325 2102 2381 defectus

455 2421 630 2487 atque
652 2430 967 2481 excessus;
999 2414 1215 2484 quibus
1245 2431 1316 2470 ex
1356 2415 1532 2469 rebus
1573 2415 1988 2486 perfectionem
2041 2415 2100 2469 in

453 2510 511 2560 te
539 2503 696 2572 huic,
730 2519 905 2575 quam
928 2503 1068 2572 dixi,
1097 2503 1490 2559 multitudini.
1523 2507 1587 2559 tu
1619 2504 1858 2575 quidem
1890 2503 2102 2576 largie-

456 2593 538 2650 ris
571 2608 584 2648 :
618 2607 724 2665 ego
755 2596 953 2649 autem
989 2590 1357 2647 ministrabo.

1045 2788 1228 2844 Trium
1253 2793 1503 2844 Patrum.

528 2897 843 2956 Multitudo
866 2913 933 2952 ex
961 2896 1180 2952 Judaeis
1212 2896 1282 2950 ad
1331 2894 1506 2950 fidem
1565 2899 1788 2962 vocata,
1839 2912 1970 2950 cum
2031 2897 2101 2952 de

456 3007 518 3046 se
537 2989 712 3046 verba
739 2985 842 3041 illa
880 2985 1080 3057 (Ubera
1108 3000 1219 3040 non
1266 2982 1484 3052 habeat,
1517 2987 1574 3038 et
1606 3000 1619 3039 :
1678 2985 1748 3038 Si
1775 3000 1967 3038 murus
1998 2985 2098 3056 est)

455 3098 489 3136 a
519 3077 803 3150 magistra
833 3091 1051 3146 sponsa
1081 3072 1196 3128 dici
1227 3072 1758 3142 animadvertisset,
1774 3073 1847 3128 ad
1881 3077 2102 3128 utrum-

455 3185 570 3242 que
629 3149 994 3236 rcspondens
1043 3161 1407 3232 jactabunda
1459 3162 1917 3234 quodammodo,
1969 3149 2096 3232 Ego,

453 3255 666 3328 inquit,
699 3269 891 3308 murus
908 3268 929 3314 ;
949 3259 1001 3307 et
1043 3251 1210 3306 ubera
1256 3267 1381 3305 mea
1437 3252 1580 3304 sicut
1628 3255 1821 3305 turres.
1893 3250 2098 3304 Murus

454 3361 587 3402 sum
619 3359 723 3415 ego
783 3341 953 3413 plane
1010 3357 1078 3396 ex
1117 3338 1398 3395 Israelitis
1448 3339 1698 3394 conﬂata
1757 3339 2096 3406 multitudo,

457 3439 658 3506 utpote
713 3431 1067 3486 exmdlﬁcata
1115 3427 1391 3500 legalium
1449 3429 1864 3484 mandatorum
1931 3427 2105 3482 disci-

459 3521 656 3595 plina;
691 3519 861 3593 quale
891 3523 980 3575 est
1009 3517 1152 3574 illud
1179 3535 1192 3573 :
1218 3519 1334 3573 Non
1365 3518 1720 3574 mazchaberis
1759 3518 1826 3590 ⁸1,
1859 3521 1917 3572 et
1965 3517 2101 3573 reli-

462 3629 596 3684 qua.
657 3611 941 3668 Turribus
1017 3613 1212 3665 autem
1287 3609 1561 3665 videntur
1623 3610 1847 3666 similes
1902 3609 2101 3681 figurae

459 3708 518 3762 et
543 3707 690 3759 notas
722 3701 834 3757 illae
863 3699 1070 3774 legalis
1103 3699 1328 3768 litterae,
1363 3715 1491 3770 quas
1515 3697 1660 3754 mihi
1682 3699 1948 3764 iuberum
1985 3700 2102 3754 ins-

449 3797 545 3849 tar
574 3792 770 3848 cibum
801 3790 1132 3846 infantibus
1161 3793 1218 3844 et
1247 3789 1495 3844 rudibus
1552 3789 1882 3844 nutriendis
1923 3793 2100 3861 atque

447 3881 789 3938 imbuendis
833 3881 1108 3936 idoneum
1159 3878 1654 3934 subministrant:
1707 3894 1916 3949 meque
1961 3895 2097 3951 gen-

443 3971 594 4028 tium
679 3969 943 4026 moribus
1027 3965 1545 4039 inexpugnabilem
1621 3967 1982 4023 custodiunt.
2029 3969 2097 4023 Et

441 4061 596 4117 enim
631 4076 728 4132 ego
755 4060 847 4132 fui
876 4060 932 4114 ιή
962 4057 1133 4114 oculis
1160 4057 1300 4127 ejus,
1347 4058 1508 4128 quasi
1557 4059 1832 4128 reperiens
1877 4074 2089 4128 pacem.

439 4151 558 4222 Ego
601 4150 857 4222 profecto
913 4145 1250 4202 visitatione
1306 4145 1506 4200 divina
1562 4146 1742 4218 digna
1789 4147 2088 4218 quondam

436 4241 542 4295 fui.
591 4241 663 4294 Ac
722 4235 961 4292 tametsi
1017 4251 1209 4290 veram
1261 4250 1462 4305 pacem
1511 4251 1618 4289 nos
1653 4235 1884 4306 proprio
1939 4235 2089 4306 patri

434 4327 910 4385 reconciliantem
945 4341 1061 4379 non
1105 4323 1332 4394 agnovi,
1357 4340 1484 4380 eam
1517 4331 1710 4380 tamen
1733 4341 1836 4396 per
1867 4325 2088 4395 ﬁguras

433 4421 493 4474 in
527 4415 828 4491 prophetis
862 4415 1298 4471 didiceram.Ad
1330 4414 1480 4470 hanc
1511 4431 1750 4487 sponsa,
1775 4415 1859 4469 uti
1905 4415 2088 4486 magi-

430 4512 590 4564 stra:
624 4505 796 4575 Quid,
823 4505 1035 4578 inquit,
1061 4503 1230 4573 ;mihi
1260 4508 1456 4560 vetera
1503 4503 1805 4576 iproponis
1836 4501 1859 4557 ?
1919 4505 2084 4560 Vinea

424 4597 540 4666 fuit
568 4595 852 4650 Salomoni
870 4596 926 4649 in
959 4594 1298 4650 Beclamon:
1333 4591 1623 4665 spiritalis
1655 4591 1884 4647 scilicet
1915 4591 2081 4664 plan-

2160 3249 2374 3320 1ταῦτα
2440 3253 2538 3320 τήν
2618 3251 2900 3326 ἀπόκρισιν
2978 3253 3305 3326 ποιουμένη,
3375 3254 3575 3330 φησὶν,

2215 1965 2531 2044 συμϐόλων.
2594 1970 2715 2027 Ἐὰν
2773 1968 2830 2024 δὲ
2887 1974 2953 2044 τῇ
2985 1972 3100 2026 κατ’
3153 1970 3398 2042 αἴσθησιν
3435 1978 3633 2048 φυσικῇ
3665 1975 3874 2051 θεωρίᾳ

2213 2059 2486 2130 ¹ἤνοικιιτιιιι·
2549 2063 2637 2115 οἷα
2695 2059 2988 2135 εἷ’σαγωγὸς
3019 2062 3275 2136 γνώσεως
3336 2061 3488 2138 θῦρα.
3537 2061 3876 2142 διαμορφῶ-

2216 2171 2308 2224 μεν
2370 2149 2420 2204 ἐν
2469 2151 2605 2224 αὐτῇ
2664 2151 2828 2206 οἷονεί
2888 2149 3076 2205 σανίδα
3131 2149 3403 2228 κεδρίνην,
3453 2154 3553 2222 τὴν
3583 2154 3674 2216 τὰς
3709 2175 3875 2230 μερι-

2215 2239 2410 2310 ζούσας
2473 2241 2564 2294 τὸν
2633 2245 2756 2294 νοῦν
2821 2241 3099 2311 αἰσθήσεις
3177 2242 3592 2320 συσφίγγουσαν,
3661 2244 3752 2298 καὶ
3819 2244 3872 2315 ἐξ

2211 2326 2379 2404 ἔργων
2406 2329 2504 2397 τὴν
2542 2323 2830 2404 βεϐαίωσιν
2887 2327 3118 2404 ἔχουσαν
3177 2329 3360 2385 πίστιν
3403 2327 3874 2405 ἀποϐαλλομένην

2207 2422 2275 2490 τῇ
2334 2417 2576 2493 μαχαίρᾳ
2625 2422 2722 2472 τοῦ
2779 2417 3106 2490 πνεύματος,
3165 2424 3337 2473 πᾶσαν
3395 2441 3454 2474 τε
3480 2417 3632 2491 δόξαν
3680 2421 3862 2495 ψευδῆ

2208 2507 2298 2563 καὶ
2331 2509 2522 2583 ἀρετῆς
2553 2505 2801 2582 ἔλλειψιν
2830 2507 2919 2562 καὶ
2957 2503 3291 2581 ὑπερϐολήν.
3349 2510 3642 2574 Ιίἆντεῦθεν
3671 2513 3770 2580 τὴν
3805 2512 3862 2567 ἐν

2211 2597 2295 2652 σοὶ
2324 2595 2642 2667 τελειότητα
2672 2596 2836 2661 αὐτὸς
2867 2597 2960 2670 μὲν
2987 2602 3056 2672 τῇ
3079 2597 3195 2672 εἴρη
3209 2598 3339 2672 μένῃ
3367 2596 3580 2670 πληθύϊ
3609 2597 3869 2676 δωρήσῃ·

2210 2684 2315 2760 ἐγὼ
2347 2683 2392 2742 δ’
2424 2686 2776 2764 ὑπουργήσω.

2766 2797 2886 2848 Τῶν
2933 2795 2982 2868 γ’
3025 2794 3297 2869 Πατέρων.

2280 2898 2428 2953 Ἐπεὶ
2459 2896 2517 2952 δὲ
2545 2895 2746 2968 ἤκουσε
2791 2903 2897 2955 τῶν
2943 2907 3043 2969 τῆς
3093 2897 3420 2955 διδασκάλου
3479 2901 3697 2980 νύμφης
3758 2903 3868 2978 ῥη-

2213 2987 2392 3058 μάτων
2465 2989 2499 3058 ἡ
2577 2987 2626 3060 ἐξ
2687 2985 2965 3043 Ἰουδαίων
3023 2988 3098 3050 εἷς
3157 2989 3336 3044 πίστιν
3392 2992 3860 3066 προσκαλουμένη

2209 3073 2498 3149 ὁμήγυρις,
2559 3076 2639 3129 δτι
2703 3095 2762 3129 τε
2843 3075 3100 3138 Macrob;
3150 3075 3247 3130 οὒκ
3303 3071 3441 3151 ἔχει,
3501 3079 3591 3132 καὶ
3643 3079 3729 3151 τὸ,
3795 3081 3864 3136 Ei

2205 3161 2392 3237 τεῖχός
2446 3161 2578 3232 ἐστι,
2636 3163 2758 3236 περὶ
2813 3164 2984 3233 αὐτῆς
3031 3163 3339 3238 εἰρημένον,
3391 3166 3526 3242 πρὸς
3575 3167 3866 3244 ἀμφότερα

3661 3256 3860 3312 ὡσανεέ

2213 3336 2515 3394 δεικτικῶν
2577 3341 2714 3417 Ἐγὼ
2769 3346 2978 3417 τεῖχος,
3003 3342 3092 3396 καὶ
3147 3341 3339 3414 μαστοί
3373 3365 3477 3415 μου
3525 3345 3602 3408 ὡς
3629 3345 3858 3420 πύργον

2211 3427 2424 3490 πάντως
2471 3430 2504 3498 ἠ
2564 3429 2612 3502 ἐξ
2657 3429 2876 3506 Ἰσραὴλ
2921 3435 3108 3506 τεῖχος
3161 3431 3254 3504 μέν
3289 3431 3402 3504 εἶμι
3447 3433 3522 3496 ὡς
3565 3431 3860 3507 ᾠκοδομη-

2217 3519 2348 3591 μὲνη
2397 3522 2466 3593 τῇ
2515 3515 2837 3590 διδασκαλίᾳ
2867 3523 2974 3574 τῶν
3004 3523 3245 3592 νομικῶν
3297 3518 3558 3592 ἐντολῶν,
3589 3527 3720 3592 τῶν,
3773 3524 3858 3581 Οὐ

2215 3607 2567 3682 μοιχεύσεις·
2633 3608 2724 3663 καὶ
2790 3609 2856 3662 τὰ
2917 3609 3066 3679 ἑξῆς.
3127 3607 3361 3684 Πύργοις
3419 3607 3476 3664 δὲ
3526 3609 3729 3666 ἐοίκασι
3785 3613 3860 3668 τὰ

2212 3692 2366 3766 δίκην
2421 3701 2637 3768 μαστῶν
2686 3694 2939 3767 νηπιώδη
2988 3699 3195 3776 τροφὴν
3244 3699 3332 3752 καὶ
3365 3697 3722 3775 εἶσαγωγικήν
3757 3722 3854 3774 μοι

2208 3784 2506 3858 κομίζοντα
2574 3780 2828 3858 σύμϐολα
2891 3790 2986 3840 τοῦ
3066 3791 3294 3859 νομικοῦ
3350 3785 3707 3863 γράμματος·
3773 3790 3854 3852 ὡς

2207 3874 2513 3949 ἅπορθητόν
2573 3897 2639 3948 με
2684 3872 3169 3952 παραφυλάττοντα
3235 3881 3351 3938 τοῖς
3401 3875 3635 3941 ἐθεδικοῖς
3684 3876 3852 3936 ἔθεσι.

2206 3963 2308 4019 Καὶ
2366 3965 2470 4038 γὰρ
2531 3963 2634 4039 ἐγὼ
2674 3961 2824 4037 ἤμην
2893 3964 2946 4018 ὲν
2995 3963 3303 4042 ὀφθαλμοῖς
3362 3964 3524 4020 αὐτοῦ
3583 3967 3656 4027 ὡς
3705 3967 3852 4042 εὑρί-

2203 4073 2404 4108 σκουσα
2464 4053 2704 4128 εἰρήνην,
2767 4055 2994 4126 Ἦγουν,
3045 4054 3177 4123 αύτή
3234 4075 3366 4108 ποτε
3426 4055 3676 4130 ὑπῆρχον
3729 4055 3850 4110 ἑπι-

2204 4151 2409 4212 σκοπῆς
2469 4145 2612 4206 θείας
2664 4143 2982 4214 ἀξιουμένη,
3031 4143 3120 4197 καὶ
3173 4141 3268 4197 κᾶν
3331 4145 3406 4215 μὴ
3437 4143 3557 4198 τότε
3587 4142 3848 4218 ἐγνώκειν

2197 4233 2286 4286 τὸν
2341 4230 2753 4302 καταλλάξαντα
2800 4233 2948 4305 ἡμᾶς
3009 4237 3090 4304 τῷ
3120 4229 3244 4305 ἰδίῳ
3293 4233 3456 4306 πατρὶ
3511 4233 3612 4301 τὴν
3647 4231 3848 4304 ἀληθι-

2196 4323 2292 4390 νήν
2341 4323 2585 4396 εἶ’ρήνην,
2647 4319 2774 4376 ἀλλ’
2829 4319 2981 4393 ὅμως
3038 4320 3238 4391 ταύτην
3287 4321 3422 4375 κατὰ
3475 4319 3601 4382 τοὺς
3639 4321 3848 4378 τύπουι⁹

2196 4409 2247 4465 ἐν
2297 4418 2412 4474 τοῖς
2469 4413 2773 4488 προφήταις
2823 4409 3086 4484 έγνωκυῖα
3135 4409 3457 4486 ἐτύγχανον,
3517 4411 3661 4485 Πρὸς
3711 4411 3846 4466 ταύ-

2191 4521 2291 4570 την
2325 4497 2381 4555 δὲ
2413 4497 2811 4562 διδασκαλικῶς
2842 4500 2876 4568 ἡ
2909 4499 3094 4577 νύμφη
3139 4500 3292 4576 φησὶ,
3327 4498 3395 4556 Τί
3427 4520 3518 4572 μοι
3549 4495 3846 4574 προϐάλλῃ

2187 4591 2255 4644 τὰ
2301 4589 2544 4656 παλαιάς
2605 4588 2900 4662 Ἀμπελὼν
2945 4587 3174 4665 ἐγενήθη
3207 4593 3286 4660 τῷ
3319 4587 3593 4660 Σολομὼν
3627 4589 3676 4642 ἐν
3712 4591 3844 4646 Βεε-

425 4665 570 4740 tatio
621 4682 885 4740 fidelium
927 4681 1184 4738 Ecclesia
1233 4682 1384 4737 facta
1436 4685 1526 4736 est
1561 4682 1790 4752 paciﬁca
1844 4685 1964 4751 regi
2013 4683 2074 4735 in

2205 4680 2394 4753 .apubw
2453 4676 2665 4749 δηλαδή
2698 4680 3037 4751 πνευματική
3087 4678 3280 4756 φυτεία
3325 4685 3426 4746 τῆς
3473 4681 3579 4732 τῶν
3631 4685 3840 4734 πιστῶν

419 4775 780 4831 multitudine
802 4776 1052 4844 gentium
1078 4789 1090 4828 :
1126 4773 1182 4828 id
1211 4773 1366 4828 enim
1396 4771 1688 4842 signiﬁcat
1735 4771 2065 4828 Beelamon.

422 4863 673 4920 Tradidit
701 4866 920 4920 vincam
959 4861 1305 4919 custodibus:
1367 4861 1424 4915 id
1465 4865 1572 4927 est,
1628 4861 1923 4916 commisit
1971 4863 2070 4916 Ec-

419 4953 660 5009 clesiam
685 4950 966 5024 apostolis
988 4956 1045 5006 et
1073 4948 1414 5006 doctoribus
1443 4949 1542 5020 qui
1590 4948 1902 5020 vigilanter
1941 4967 2068 5004 cus-

417 5042 652 5098 todiunt
681 5057 909 5110 eam,ne
938 5038 1108 5094 variae
1142 5037 1421 5093 adversus
1462 5035 1624 5092 illam
1684 5036 1936 5093 haereses
1982 5037 2066 5093 in-

413 5135 720 5202 surgentes
742 5145 873 5184 eam
921 5131 1174 5195 vastent,
1209 5130 1384 5197 atque
1417 5125 1706 5181 unitatem
1765 5126 1954 5198 ipsius
2005 5127 2063 5182 in

409 5221 672 5276 diversas
721 5223 922 5276 secent
961 5217 1290 5290 opiniones.
1347 5217 1438 5272 Vir
1483 5217 1670 5288 aﬂeret
1713 5233 1813 5288 pro
1875 5221 2064 5289 fructu

405 5310 522 5380 eius
550 5308 706 5364 mille
733 5309 1044 5379 argenteos.
1082 5305 1138 5361 Is
1201 5305 1485 5360 nimirum
1545 5305 1645 5376 qui
1695 5321 1764 5359 ex
1818 5322 2062 5361 numero

405 5399 822 5470 perfectorum,
850 5394 1161 5452 destructis
1184 5412 1310 5467 quae
1352 5398 1514 5450 erant
1549 5393 1776 5466 parvuli
1828 5393 1888 5449 in
1929 5395 2063 5452 atie-

401 5489 582 5542 rendo
605 5486 736 5542 his:
767 5486 838 5540 ab
870 5483 1270 5540 initiatoribus
1304 5482 1554 5554 spiritali
1605 5483 1870 5541 Ecclesiae
1911 5487 2062 5541 fruc-

399 5574 872 5647 ctu,purgatione
895 5575 1118 5630 scilicet
1149 5579 1206 5628 et
1235 5573 1616 5646 perfectione,
1640 5573 1752 5629 fert
1775 5579 2059 5646 tanquam

469 5752 512 5786 ’ί
554 5751 735 5807 Exod.
773 5769 864 5806 xx.

2179 4767 2510 4838 Ἐκκλησίας
2586 4769 2773 4844 γέγονε
2837 4772 2916 4840 τῷ
2973 4766 3237 4843 εἷρηνικῷ
3312 4765 3526 4841 βασιλεῖ
3579 4766 3632 4822 ἐν
3689 4767 3842 4839 πλή-

2179 4859 2258 4911 Θει
2343 4857 2530 4922 ἐθνῶν·
2607 4856 2739 4930 ὅπερ
2811 4857 2872 4910 τὸ
2949 4855 3242 4928 Βεελαμὼν
3307 4860 3561 4932 παριστᾷ.
3623 4853 3840 4913 Ἔδωκε

2175 4947 2264 5001 τὸν
2341 4944 2642 5018 ἀμπελῶνα
2719 4949 2836 5006 τοῖς
2927 4949 3212 5021 τηροῦσιν.
3295 4943 3509 5013 Ε’ίτουν,
3588 4947 3837 5022 παρέσχε

2174 5037 2273 5105 τὴν
2345 5033 2669 5106 Ἐκκλησίαν
2739 5031 3069 5096 ἀποστόλοις
3141 5035 3231 5089 καὶ
3291 5031 3664 5106 διδασκάλοις,
3716 5041 3836 5098 τοῖς

2176 5125 2487 5202 ἐγρηγόρως
2515 5123 2878 5203 φυλάττουσιν
2940 5123 3129 5194 αὐτὴν,
3181 5121 3274 5177 ἵνα
3304 5124 3380 5196 μὴ
3415 5124 3468 5177 αἱ
3517 5123 3633 5178 κάτ’
3661 5123 3836 5194 αὐτῆς

2176 5214 2584 5290 ἐπεγειρόμεναι
2641 5210 2970 5275 πολυειδεῖς
3042 5212 3273 5287 αἱρέσεις
3329 5211 3531 5282 ταύτην
3590 5213 3834 5268 καταλυ-

2176 5306 2476 5376 μήνωνται’
2535 5305 2632 5372 τήν
2693 5301 2919 5372 ἑνότητα
2963 5303 3134 5371 αὐτῆς
3167 5301 3243 5362 εἷς
3271 5297 3448 5362 ἄλλας
3473 5297 3630 5371 δόξας
3661 5323 3830 5358 κατα-

2177 5392 2480 5468 μερίσασαι.
2560 5393 2728 5468 ’Λνήρ
2797 5390 2931 5468 ο¹ίσει
3007 5391 3058 5446 ἒν
3131 5394 3323 5466 καρπῷ
3380 5389 3543 5444 αὐτοῦ
3605 5389 3832 5466 χιλίους

2171 5481 2477 5557 ἀργυρίους.
2541 5480 2806 5552 Δηλονότι
2885 5479 2944 5542 ὅς
3009 5485 3116 5535 τῶν
3170 5477 3514 5552 τελουμένων
3573 5500 3834 5554 κατηρ...

2168 5571 2234 5626 τὰ
2291 5575 2386 5625 τοῦ
2417 5571 2616 5642 νηπίου
2649 5569 2699 5624 ἐν
2741 5573 2818 5640 τῷ
2867 5569 3263 5646 προφερομένῳ
3301 5566 3516 5629 τούτοις
3547 5569 3696 5640 παρὰ
3723 5575 3833 5624 τῶν
