4102 6342
226 410 353 470 685

1275 401 1686 465 COMMENT.
1734 402 1813 462 IN
1857 401 2257 463 CANTICUM
2304 403 2614 464 CANTIC.

3522 406 3642 467 686

224 539 497 595 τελεστῶν
572 538 926 609 πνευματικῷ
986 540 1086 605 τῆς
1144 530 1471 602 Ἐκκλησίας
1538 536 1754 608 καρπῷ,
1801 534 1870 606 τῇ

2012 532 2141 588 nille
2239 538 2543 605 argenteos
2623 535 2990 608 purgationis
3069 541 3245 609 atque
3330 537 3635 597 illumina-

230 628 486 704 καθάρσει
546 624 689 704 φημὶ
749 624 840 679 καὶ
882 627 951 698 τῇ
1008 622 1310 691 τελειώσει,
1344 621 1626 696 κομίζεται
1666 622 1751 677 οἶα
1781 641 1882 698 περ

228 717 455 794 χιλίους
511 713 803 791 ἀργυρίους
860 714 958 782 τὴν
1022 710 1111 767 διὰ
1158 710 1532 788 καθαρότητος
1573 712 1663 767 καὶ
1717 731 1883 788 φωτι-

228 811 380 881 σμοῦ
425 802 765 873 τελειότητα,
820 802 1087 865 Ἀκούσας
1144 798 1202 856 δὲ
1258 802 1285 855 6
1334 801 1564 879 νυμφίος
1600 808 1699 870 τῆς
1747 801 1885 872 νύμο

229 919 369 975 φης,
424 894 546 970 περὶ
607 892 772 948 αὐτοῦ
854 891 991 966 πρὸς
1067 891 1161 955 τὰς
1218 889 1663 964 μαθητευομὲνας
1745 890 1884 962 αὐτῇ
1936 930 1939 933 -

229 984 527 1059 λεγούσης,
585 983 667 1037 ὅτι
721 976 891 1036 ἔδωκε
958 980 1049 1036 τὸν
1098 978 1398 1053 ἀμπελῶνα
1440 984 1557 1040 τοῖς
1603 982 1886 1054 τηροῦσιν,

223 1073 329 1129 ’ἵνα
362 1074 435 1146 μή
477 1070 701 1142 δόξωσιν
734 1071 785 1125 οἱ
832 1067 1123 1131 ἀκούοντες
1164 1067 1519 1146 ἀφεστηκέναι
1566 1071 1756 1123 τοῦτον
1789 1073 1888 1135 τῆς

226 1167 338 1219 τοῦ
388 1159 714 1234 ἀμπελῶνος
761 1157 1102 1232 ἐπιμελείας,
1150 1156 1284 1236 φησί
1320 1158 1457 1231 πρὸς
1508 1156 1675 1228 αὐτήν
1708 1176 1721 1189 ο
1756 1157 1890 1230 Ἀμ-

228 1249 409 1313 πελός
472 1271 575 1323 μου
632 1248 764 1323 ἐμὸς
834 1246 1065 1303 ἑνώπιύν
1135 1268 1263 1321 μου.
1317 1247 1543 1322 ΙἨγουν,
1597 1244 1693 1301 κᾶν
1742 1266 1888 1307 τινας

230 1339 485 1417 φύλακας
522 1345 623 1408 τῆς
671 1334 998 1407 Ἐκκλησίας
1055 1338 1375 1408 κατέστησα,
1421 1333 1568 1391 ἀλλά
1616 1331 1890 1405 Δεσπότης

225 1428 439 1500 ταύτης
468 1427 572 1505 ἐγὼ
619 1429 708 1482 καὶ
757 1426 1028 1504 Νυμφίας,
1060 1427 1151 1481 καὶ
1182 1428 1218 1496 ἡ
1255 1425 1463 1481 τούτων
1493 1421 1704 1493 σπουδὴ
1738 1422 1788 1478 ἐν
1819 1426 1888 1496 τῇ

227 1519 351 1593 ἰμῇ
382 1518 650 1592 ἐπισκοπῇ
678 1516 858 1591 ἰσχύει
892 1536 904 1548 ·
943 1514 994 1571 εἴ
1041 1509 1116 1589 μὴ
1170 1515 1270 1591 γάρ
1316 1513 1426 1589 ἐγὼ
1476 1512 1754 1592 φυλάσσω,
1813 1510 1889 1573 εἷς

233 1610 422 1685 μάτην
488 1608 837 1684 ἠγρύπνησεν
890 1608 919 1661 ὁ
976 1604 1290 1675 φυλάσσων.
1345 1605 1409 1661 Ἦ
1442 1601 1500 1658 δὲ
1530 1603 1733 1681 Νύμφη
1768 1603 1889 1656 ἀντ-

229 1698 642 1773 αποκρινομένη
673 1696 810 1773 πρὸς
830 1695 926 1750 τὸν
949 1693 1226 1769 Νυμφίον,
1252 1692 1435 1772 φησίν’
1458 1694 1548 1767 (Οἱ
1577 1690 1759 1768 χίλιοί
1784 1712 1889 1759 σοι,

231 1787 539 1860 Σολομὼν,
585 1785 675 1841 καὶ
727 1786 779 1839 οἱ
830 1781 1100 1839 διακόσιοι
1150 1804 1266 1846 τοις
1322 1787 1551 1858 τηροῦσι
1609 1782 1701 1837 τὸν
1758 1801 1892 1856 καρ-

1992 622 2172 677 tionis
2252 622 2711 694 perfectionem.
2790 626 3044 681 Audiens
3148 642 3284 683 vero
3372 629 3639 701 Sponsus

1994 713 2282 784 Sponsam
2316 713 2385 768 de
2429 729 2490 768 se
2520 713 2925 785 discipulabus
2973 715 3096 771 suis
3144 715 3457 789 dicentem,
3491 720 3648 790 quod

1994 801 2335 857 tradidisset
2377 801 2607 857 vineam
2659 804 3042 873 custodibus;
3076 821 3147 860 ne
3180 804 3327 861 forte
3374 812 3653 879 putarent

1996 891 2097 963 qui
2149 892 2487 961 audiebant,
2521 892 2854 948 deseruisse
2886 893 3056 949 illum
3089 893 3267 950 vinem
3314 912 3539 967 curam,
3573 897 3654 953 ait

1996 981 2069 1036 ad
2100 996 2228 1035 eam
2259 998 2272 1036 :
2314 981 2476 1037 Vinea
2507 996 2628 1036 mea
2658 982 2798 1036 mihi
2828 998 3015 1038 coram
3044 999 3149 1041 me.
3176 983 3239 1039 Id
3272 988 3381 1056 est,
3412 984 3651 1042 tametsi

1998 1072 2286 1141 quosdam
2320 1070 2595 1126 custodes
2634 1070 2906 1128 Ecclesiae
2956 1072 3219 1139 adhibui,
3251 1076 3508 1130 attamen
3538 1075 3654 1131 Do-

2000 1159 2199 1214 minus
2247 1160 2375 1229 ejus
2432 1160 2558 1232 ipse
2614 1176 2747 1215 sum
2800 1164 2976 1232 atque
3027 1161 3323 1233 Sponsus;
3356 1167 3413 1219 et
3441 1163 3652 1221 horum

2000 1246 2337 1304 sollicitudo
2397 1264 2499 1319 per
2555 1264 2750 1304 meam
2791 1248 2949 1322 viget
2997 1249 3288 1306 tutelam:
3323 1251 3437 1308 nisi
3496 1253 3654 1309 enim

1999 1354 2105 1409 ego
2154 1336 2502 1406 custodiero,
2540 1337 2759 1393 frustra
2808 1337 3011 1410 vigilat
3059 1340 3155 1411 qui
3209 1341 3467 1397 custodit
3488 1342 3552 1394 ⁸³.
3586 1344 3658 1397 At

1999 1432 2229 1499 Sponsa
2258 1427 2520 1484 vicissim
2547 1430 2916 1501 respondens
2937 1431 3008 1486 ad
3039 1433 3333 1502 Sponsum
3367 1430 3485 1487 ait:
3511 1433 3658 1488 Mille

2001 1519 2106 1582 tui,
2137 1517 2426 1581 Salomon;
2455 1526 2508 1574 et
2545 1519 2769 1575 ducenti
2812 1521 2883 1576 iis
2931 1522 3028 1592 qui
3073 1520 3389 1576 custodiunt
3416 1524 3661 1594 fructum

1999 1609 2133 1677 eius.
2167 1606 2452 1663 Videlicet
2485 1625 2498 1663 :
2534 1607 2812 1680 perfectio
2843 1610 3083 1681 quidem
3117 1626 3336 1666 munus
3368 1614 3459 1667 est
3488 1615 3661 1666 tuum

2002 1696 2103 1769 qui
2148 1697 2435 1769 perfectos
2468 1697 2677 1766 efﬁcis,
2709 1715 2741 1753 ο
2773 1699 3011 1769 pacifica
3064 1715 3130 1754 ac
3179 1699 3341 1771 pacis
3389 1698 3663 1756 concilia-

2004 1790 2097 1841 tor
2128 1802 2144 1842 :
2179 1786 2467 1842 revocatio
2510 1791 2708 1843 autem
2760 1792 2968 1844 nostra;
3028 1792 3251 1844 natura:
3310 1790 3382 1845 ad
3438 1792 3663 1845 statum

228 1878 344 1931 πὸν
378 1874 541 1930 αὐτοῦ
574 1894 587 1906 ⁸
623 1871 769 1943 ἤτοι,
820 1875 856 1942 ἡ
914 1873 1010 1947 μὶν
1070 1870 1353 1942 τελειότης
1404 1892 1499 1925 σου
1546 1875 1643 1925 τοῦ
1664 1868 1888 1926 τελειω-

306 1970 336 1976 ...
373 1962 433 1976 ι..
497 1964 509 1976 ι
593 1962 607 1975 ἢ
838 1961 859 1976 ἱ.
1030 1960 1040 1976 1
1292 1960 1307 1976 \
1396 1959 1411 1976 9
1662 1960 1674 1976 1
1750 1961 1812 1976 011
1849 1956 1892 1976 δ’

2012 1892 2182 1932 suum
2232 1877 2298 1931 ﬁt
2347 1892 2450 1948 per
2481 1877 2896 1933 mandatorum
2946 1881 3183 1934 tuorum
3234 1877 3663 1950 adimplemen-

228 1970 340 2020 τοῦ
370 1962 542 2040 δῶρόν
590 1962 755 2031 ἐστιν,
807 1960 1047 2037 εἶ’ρηνικὲ
1101 1982 1161 2016 τε
1218 1960 1310 2015 καὶ
1368 1959 1700 2036 εἷρηνοποιί.
1750 1961 1813 2017 Ἠ
1846 1956 1892 2014 δ’

232 2055 320 2116 εἷς
382 2054 573 2122 ἑαυτὴν
622 2059 723 2123 τῆς
782 2050 993 2129 φύσεως
1059 2052 1221 2123 ἡμῶν
1288 2051 1743 2121 ἀποκατάστασις,
1805 2047 1893 2104 διὰ

233 2151 346 2213 τῆς
395 2148 501 2198 τῶν
562 2146 667 2196 σῶν
735 2138 966 2196 ἐντολῶν
1011 2138 1283 2216 ἐργασίας,
1333 2138 1475 2216 ἥπερ
1535 2139 1674 2195 ἐστὶν
1730 2140 1889 2212 ἡμῶν

232 2241 346 2303 τῆς
375 2230 701 2301 Ἐκκλησίας
732 2229 938 2305 καρπὸς
968 2235 1070 2298 τῆς
1101 2229 1239 2302 πρὸς
1262 2228 1564 2306 Νυμφίον.)

315 2321 420 2378 Καὶ
476 2322 505 2376 6
557 2321 865 2393 καθήμενος
925 2317 977 2372 ἰν
1025 2319 1225 2388 κήποις
1299 2317 1526 2395 (ἑταῖροι
1586 2316 1895 2393 προσέχον-

230 2416 354 2487 τες)
380 2415 478 2481 τῆς
523 2418 709 2490 φωνῆς
768 2431 864 2465 σου
922 2408 1208 2463 ἀκούτισόν
1269 2428 1355 2482 με.
1417 2407 1586 2483 Φύγε,
1640 2404 1896 2484 άδελφιδέ

240 2525 383 2577 μου,
430 2501 519 2556 καὶ
584 2500 893 2574 ὀμοιώθητι
949 2501 1018 2572 τῇ
1073 2495 1294 2574 δορκάδι
1354 2495 1391 2567 ἤ
1443 2501 1523 2571 τῷ
1576 2491 1751 2572 νεϐρῷ
1787 2502 1893 2552 τῶν

233 2593 466 2669 ἐλάφων
494 2589 582 2646 ἐπὶ
614 2590 719 2665 ἀρὴ
751 2588 1078 2665 ἀρωμάτων.

314 2684 412 2754 Τῷ
467 2678 683 2754 νυμφίῳ
738 2679 830 2733 καὶ
886 2682 1054 2732 ταῦτα
1110 2673 1583 2753 προσδιαλέγεται,
1614 2675 1703 2731 καὶ
1749 2674 1898 2749 λέγει

234 2771 410 2827 αὐτὸν
440 2768 495 2824 ἒν
553 2770 756 2839 κήποις
814 2768 1102 2837 καθῆσθαι.
1162 2768 1346 2836 Κῆποι
1400 2763 1457 2821 δέ
1514 2764 1645 2820 εἰσιν
1687 2766 1738 2820 οἱ
1765 2766 1901 2819 θεῖοι

241 2859 398 2927 ναοὶ,
430 2859 482 2914 οἱ
509 2863 617 2913 τῶν
673 2855 961 2933 μαρτύρων
1011 2855 1195 2927 σηκοὶ,
1244 2860 1352 2911 τῶν
1390 2856 1480 2910 τὸν
1531 2857 1744 2929 μονήρη
1783 2853 1898 2930 βίον

237 2949 686 3023 ἑπανῃρημένων
731 2948 800 3001 τά
868 2946 1205 3019 συστήματα.
1285 2946 1371 3001 Ἐν
1439 2942 1675 3012 τούτοις,
1734 2941 1899 3020 λέγει,

236 3039 388 3114 πρὸς
429 3035 652 3112 χιλίους
697 3031 1082 3104 ἀποτελοῦσιν,
1121 3035 1209 3089 καὶ
1261 3031 1566 3110 παρακαλεῖ
1603 3032 1760 3088 αὐτὸν
1823 3034 1899 3106 μὴ

241 3128 423 3202 μόνον
467 3131 589 3187 ταῖς
665 3122 976 3200 ἀγγελικαὶς
1063 3120 1320 3196 δυνάμεσι
1388 3119 1902 3198 προσδιαλέγεσθαι,

238 3216 401 3274 ἀλλά
428 3214 518 3271 καὶ
546 3213 715 3282 αὐτὴν
762 3219 864 3282 τῆς
904 3209 1132 3283 ἡδίστης
1166 3212 1330 3269 αὐτοῦ
1387 3217 1572 3289 φωνῆς
1620 3210 1844 3282 ἀξιῶσαι
1886 3230 1899 3245 ·

235 3308 341 3363 καὶ
407 3306 484 3379 μὴ
555 3307 785 3377 περιιεῖν
869 3306 1139 3365 ποθοῦσαν
1225 3302 1316 3357 καὶ
1403 3299 1644 3374 διψῶσαν
1717 3300 1901 3375 ἐντρυ-
1934 3281 1977 3348 C

235 3402 422 3471 φῆσαι
474 3392 639 3448 αὐτοῦ
693 3392 811 3454 τοῖς
891 3389 1101 3467 λόγοις.
1177 3388 1608 3467 Ηαράκελεύεται
1662 3387 1719 3444 δὲ
1758 3389 1906 3462 αὐτῷ

236 3489 443 3565 φυγεῖν
478 3502 490 3517 ι
530 3487 713 3561 φυγεῖν
760 3478 818 3536 δὲ
877 3480 1046 3551 τίνας,
1104 3478 1140 3550 ἤ
1196 3482 1294 3542 τὰς
1340 3481 1582 3554 πννηράς
1609 3483 1715 3534 τῶι
1758 3478 1903 3556 αἳρε-

231 3578 419 3630 τικῶν
505 3570 840 3646 συμμορίας,
925 3570 1015 3625 καὶ
1086 3570 1184 3632 τὰς
1253 3569 1601 3642 ἠκονημένας
1645 3569 1782 3624 κατὰ
1808 3576 1908 3639 τῆς

235 3657 529 3724 εὐσεϐείας
577 3660 852 3736 γλώσσας.
928 3657 1170 3721 Ἐκείνας
1224 3658 1385 3733 αὐρὸν
1446 3655 1753 3733 παρακαλεῖ
1807 3680 1905 3733 φυ-

231 3752 417 3830 γόντα
495 3749 586 3805 καὶ
668 3745 1085 3825 βδελυξάμενον,
1164 3748 1506 3822 ἁμοιωθῆναι
1581 3744 1803 3821 δορκάδι
1868 3745 1905 3816 ἤ

233 3837 428 3917 νεϐρῷ
478 3838 719 3915 ἐλάφων,
780 3838 870 3894 καὶ
932 3833 1184 3908 διαϐῆναι
1234 3836 1322 3892 ἐπὶ
1364 3837 1432 3891 τά
1460 3832 1559 3910 ὅρη
1594 3841 1700 3891 τῶν
1760 3836 1905 3911 ἀρω-

237 3930 469 4006 μάτων,
518 3929 609 3984 καὶ
669 3924 977 4003 διαφθεῖραι
1038 3928 1131 3993 μὶν
1183 3925 1372 4004 ἐλάφῳ
1401 3926 1796 3999 παραπλησίως
1842 3926 1909 3982 τὰ

231 4017 597 4091 πνευματικά
648 4023 751 4087 τῆς
805 4013 1080 4091 πονηρίας
1131 4014 1294 4091 θηρία
1326 4033 1340 4047 ’
1402 4012 1647 4091 προϊδεῖν
1707 4013 1764 4070 δὲ
1800 4019 1909 4070 τῶν

232 4106 471 4166 ἀδικίαν
545 4106 621 4169 εἷς
704 4106 767 4161 τὸ
847 4102 981 4180 ὕψος
1056 4102 1370 4160 λαλούντων
1454 4106 1554 4175 τήν
1643 4099 1908 4176 ἀσέϐειαν,

233 4197 435 4262 ἱλθεῖν
466 4193 525 4251 δὲ
578 4194 665 4250 ἐπὶ
715 4195 783 4250 τά
839 4189 941 4271 ὅρη
992 4198 1101 4248 τῶν
1145 4194 1474 4269 ἀρωμάτων,
1523 4199 1623 4249 τοῦ
1658 4193 1908 4269 ὑψηλοὺς

232 4290 352 4365 μὲν
414 4287 514 4355 τὴν
570 4282 831 4354 διάνοιαν,
883 4284 975 4338 καὶ
1034 4281 1191 4354 δίκην
1244 4285 1389 4360 ὁρῶν
1437 4284 1797 4359 ὑπερέχοντας
1842 4284 1911 4338 τά

225 4376 443 4444 κοῖλα,
500 4373 727 4453 φύοντας
809 4370 868 4428 δὲ
956 4372 1200 4447 καρποὺς
1277 4372 1583 4448 ἀρωμάτων
1652 4370 1906 4445 εὐοσμίαν

227 4464 528 4547 ἀφιέντας.
561 4464 650 4525 Ὠς
701 4459 1031 4537 δυναμένους
1082 4461 1254 4537 λέγειν
1304 4463 1442 4517 κατά
1485 4463 1579 4517 τὸν
1637 4462 1902 4539 μακάριον

226 4554 502 4623 Παῦλον,
588 4556 829 4626 Χριστοῦ
914 4547 1117 4607 εὐωδία
1187 4550 1369 4625 ἐσμέν.
1419 4551 1637 4607 Γένοιτο
1704 4549 1762 4606 δὲ
1821 4551 1910 4607 καὶ

2001 1968 2151 2033 tum,
2186 1965 2343 2038 quod
2404 1965 2599 2038 ipsum
2659 1966 2930 2022 nimirum
2972 1970 3064 2023 est
3108 1966 3334 2024 fruetus
3390 1965 3662 2024 Ecclesia

2002 2057 2236 2121 nostris,
2270 2070 2399 2126 quae
2431 2054 2504 2109 ad
2536 2055 2828 2126 Sponsum
2860 2053 3133 2126 pertinet.

2078 2323 2184 2391 Qui
2239 2321 2388 2377 sedes
2448 2323 2510 2376 in
2565 2323 2740 2378 hortis
2796 2323 2990 2392 (amici
3045 2323 3415 2395 attendentes)
3474 2337 3660 2380 vocem

2003 2416 2155 2469 tuam
2202 2411 2400 2466 audire
2447 2427 2532 2466 me
2584 2413 2773 2483 facito.
2823 2418 2996 2482 Fuge,
3038 2412 3234 2469 dilecte
3282 2412 3381 2480 mi,
3432 2413 3663 2469 assimi-

2009 2505 2123 2558 lare
2149 2516 2362 2573 capreae
2402 2500 2702 2557 hinnulove
2741 2517 3022 2558 cervorum
3070 2516 3239 2570 super
3266 2506 3510 2560 montem
3537 2518 3664 2560 aro-

2007 2599 2244 2647 malum.

2078 2681 2163 2735 Ad
2195 2679 2490 2752 Sponsum
2530 2678 2653 2735 hinc
2689 2678 2831 2735 item
2863 2678 3147 2751 loquitur,
3180 2697 3355 2754 quem
3386 2681 3445 2737 in
3478 2680 3667 2737 hortis

2011 2770 2211 2826 sedere
2275 2768 2437 2824 dicit.
2500 2768 2667 2824 Horti
2725 2772 2922 2825 autem
2979 2770 3177 2826 divina
3234 2774 3373 2826 sunt
3424 2768 3664 2842 templa,

2012 2863 2336 2931 martyrum
2415 2862 2835 2925 monumenta,
2908 2874 3113 2914 eorum
3183 2860 3283 2932 qui
3341 2858 3665 2916 solitariam

2012 2946 2263 3018 amplexi
2317 2950 2457 3002 sunt
2505 2947 2708 3019 vitam,
2741 2954 3086 3004 conventus.
3121 2952 3184 3004 In
3218 2948 3312 3004 his
3360 2947 3521 3005 mille
3574 2966 3667 3004 ar-

2012 3041 2254 3111 genteos
2309 3053 2414 3108 pro
2462 3035 2656 3093 fructu
2703 3035 2886 3092 vineis
2935 3037 3335 3111 atfsrentibus,
3369 3038 3666 3111 Sponsum

2015 3126 2228 3183 asserit
2282 3124 2597 3181 habitare:
2647 3130 2822 3197 atque
2879 3125 3050 3182 illum
3112 3128 3397 3195 obsecrat,
3434 3131 3497 3182 ut
3552 3143 3664 3183 non

2014 3215 2207 3272 solum
2257 3230 2390 3270 cum
2443 3213 2726 3287 angelicis
2774 3214 3092 3271 virtutibus
3144 3216 3535 3287 colloquatur,
3565 3216 3665 3273 sed

2016 3306 2273 3377 seipsam
2324 3319 2556 3377 quoque
2602 3320 2740 3359 voce
2796 3321 2906 3360 sua
2960 3305 3200 3376 dignam
3249 3306 3486 3375 efﬁciat,
3527 3321 3669 3361 neve

2015 3398 2353 3452 contemnat
2382 3410 2444 3448 se
2475 3409 2601 3464 qua:
2654 3392 2943 3448 desiderio
2975 3394 3191 3466 sitique
3221 3395 3388 3450 ardet
3438 3393 3670 3450 fruendi

2015 3481 2387 3540 sermonibus
2446 3481 2656 3553 ipsius.
2691 3481 2830 3537 Orat
2886 3481 3085 3553 ipsum
3134 3491 3434 3555 praeterea,
3467 3488 3532 3539 ut
3566 3483 3670 3553 tu-

2015 3573 2155 3645 giat.
2189 3573 2345 3637 Quos
2387 3573 2582 3625 autem
2616 3571 2824 3642 fugiat,
2859 3569 2972 3627 nisi
3016 3588 3226 3643 pravos
3256 3571 3669 3629 haereticorum

2017 3665 2222 3728 coetus,
2257 3664 2315 3715 et
2344 3662 2548 3715 acutas
2596 3659 2881 3715 adversus
2931 3659 3209 3732 pietatem
3259 3660 3538 3735 linguas?
3569 3659 3670 3716 His

2017 3749 2326 3807 declinatis
2356 3752 2413 3804 et
2456 3748 2690 3820 spretis,
2726 3749 2994 3804 hortatur
3044 3754 3106 3804 ut
3155 3766 3374 3822 capreae
3405 3753 3507 3805 aut
3537 3748 3669 3804 hin-

2017 3838 2157 3896 nulo
2204 3853 2507 3894 cervorum
2566 3835 2801 3904 similis,
2842 3836 3030 3909 fugiat
3087 3841 3261 3909 atque
3318 3836 3378 3891 in
3438 3840 3671 3893 montes
3758 3833 3766 3845 '

2018 3930 2347 3986 aromatum
2376 3934 2397 3995 ζ
2404 3926 2705 3996 ascendat,
2746 3930 2804 3981 et
2860 3925 3093 3982 hinnuli
3154 3942 3316 3982 more
3372 3925 3671 3999 spiritales

2019 4016 2296 4090 nequitiae
2325 4015 2479 4071 feras
2524 4014 2818 4070 absumat.
2850 4014 3178 4087 Prospiciat
3221 4018 3418 4071 autem
3460 4013 3670 4089 impie-

2016 4111 2198 4166 tatem
2246 4120 2450 4161 eorum
2489 4104 2585 4175 qui
2632 4105 2691 4158 in
2744 4103 2982 4160 sublime
3041 4105 3346 4177 loquuntur
3391 4106 3671 4177 iniquita-

2019 4196 2215 4264 tem”,
2248 4198 2305 4250 et
2362 4194 2432 4249 ad
2494 4198 2726 4249 montes
2785 4198 3117 4250 aromatum
3164 4194 3382 4250 veniat.
3427 4194 3511 4249 Ad
3570 4210 3671 4251 eos

2019 4285 2302 4343 nimirum
2333 4283 2435 4356 qui
2483 4285 2612 4338 tum
2659 4281 2888 4338 excelsa
2919 4286 3116 4338 mente
3146 4285 3286 4337 sunt
3330 4281 3577 4353 praediti,
3608 4298 3676 4338 ac

2018 4373 2197 4431 veluti
2229 4376 2461 4428 montes
2502 4370 2659 4426 inter
2688 4371 2868 4427 valles
2899 4370 3191 4427 excellunt
3224 4386 3236 4426 :
3270 4375 3399 4427 tum
3448 4370 3674 4426 fructus

2020 4466 2215 4521 ferunt
2245 4463 2575 4518 aromatum
2616 4460 2997 4532 fragrantiam
3039 4460 3410 4529 redolentes;
3445 4463 3511 4514 ut
3537 4475 3673 4515 cum

2022 4555 2191 4609 beato
2247 4549 2432 4607 Paulo
2489 4549 2722 4621 possint
2771 4548 3008 4604 dicere:
3054 4548 3265 4604 Christi
3323 4548 3494 4604 bonus
3548 4547 3681 4603 odor

225 4649 411 4720 ἡμᾶς
441 4642 532 4697 καὶ
553 4640 857 4716 ἀρωμάτων
907 4641 1011 4717 ἀρη
1062 4642 1330 4716 γενέσθαι,
1384 4638 1477 4695 τίνα
1526 4646 1624 4696 τοῦ
1673 4641 1897 4718 νυμφίοι

2019 4642 2294 4699 sumus“.
2327 4638 2490 4695 Faxit
2546 4643 2744 4694 autem
2806 4641 2980 4704 Deus,
3014 4643 3077 4692 ut
3129 4654 3237 4693 nos
3291 4636 3432 4693 item
3490 4635 3679 4693 simus

226 4731 542 4805 δεξώμεθα
568 4731 636 4785 τά
680 4727 1005 4804 πηδήματα,
1055 4729 1146 4785 καὶ
1193 4730 1283 4784 τὸν
1320 4731 1661 4805 μακαρισμὸν
1711 4730 1913 4786 ἐκεῖνον

232 4822 614 4901 δρεψώμεθα.
674 4820 964 4893 Μακάριος
1059 4818 1196 4893 ἀνὴρ
1271 4817 1337 4872 οὗ
1422 4818 1564 4873 ἐστιν
1620 4818 1911 4895 ἀντίληψις

2023 4736 2256 4788 montes
2288 4730 2645 4795 aromatum,
2670 4726 2772 4797 qui
2802 4726 3013 4798 Sponsi
3046 4726 3234 4782 saltus
3257 4724 3677 4797 suscipiamus,

2022 4832 2079 4876 et
2132 4817 2559 4877 beatitudinem
2618 4814 2781 4869 illam
2840 4831 3250 4886 assequamur.
3313 4816 3517 4871 Beatus
3570 4814 3680 4879 vir,

228 4914 413 4982 αὐτῷ
494 4908 643 4985 παρᾶ
696 4911 812 4977 σοῦ,
881 4908 937 4962 αἱ
996 4901 1280 4969 ἀναϐάσεις
1337 4929 1432 4963 σου
1484 4907 1535 4962 ἐν
1596 4912 1662 4982 τῇ
1720 4908 1897 4986 καρδίᾳ

2021 4909 2178 4982 cujus
2204 4913 2287 4965 est
2327 4906 2609 4964 auxilium
2637 4903 2732 4959 abs
2760 4907 2813 4959 te
2841 4920 2860 4957 :
2900 4904 3242 4961 asceasiones
3288 4908 3401 4960 tua:
3430 4901 3491 4958 in
3515 4901 3682 4958 corde

224 5003 455 5060 αὐτοῦ.

2023 5000 2143 5071 ejus
2167 4998 2234 5055 ⁸⁵.

316 5185 377 5220 ⁸³
416 5179 570 5237 Psal.
601 5196 790 5250 cxxvx,
826 5181 876 5234 1.
951 5179 996 5214 ⁸³
1026 5178 1176 5235 Psal.
1211 5196 1382 5249 ωιτη,
1415 5181 1469 5234 8.
1545 5180 1591 5215 ⁸⁴
1621 5182 1669 5236 ΙΙ
1701 5182 1829 5238 Cor.
1864 5197 1897 5236 ιι

2012 5181 2049 5235 5.
2124 5177 2353 5251 διιΡεεΙ.
2388 5175 2689 5237 Lxxxm.6.
