4072 6346
436 390 551 450 687

439 544 1172 574 Ψ

1765 353 2185 418 MICHAELIS
2234 351 2503 410 PSELLI

3734 335 3856 393 688

1179 497 3853 552 Μ

1445 654 1583 711 ΤΟΥ
1622 648 2189 707 ΠΑΝΣΟΦΩΤᾹΤΟΥ
2230 649 2342 699 ΚΑΙ
2385 643 2818 699 ΤΙΜΙΩΤΑΤΟΥ

878 827 1816 1009 ΜΙΧΑΗΛ
1897 818 2371 992 ΤΟΥ
2444 808 3408 989 ΨΕΛΛΟΥ

1304 1118 2073 1226 ΔΙΔΑΣΚΑΛΙΑ
2144 1113 2976 1212 ΠΑΝΤΟΔΑΠΗ.

1544 1417 2081 1481 SAPIENTISSIMI
2122 1415 2211 1469 ET
2250 1412 2745 1469 CELEBERRIMI

964 1597 2293 1775 MICHAELIS

2478 1592 3325 1757 PSELLI

1409 1889 1554 1972 DE
1615 1880 2250 1973 OMNIFARIA
2325 1874 2902 1963 DOCTRINA

1119 2068 1403 2131 CAPITA
1451 2067 1556 2125 ET
1600 2058 2111 2136 QUAES'I‘IONES
2157 2057 2255 2115 AC
2303 2053 2892 2114 RESPONSIONES
2939 2051 3191 2111 CXCIll.

1365 2226 1451 2280 AD
1490 2220 1900 2280 MICHAELEM
1950 2213 2197 2281 DUCAM,
2237 2210 2714 2268 IMPERATOREM
2756 2210 2948 2266 CPOL.

585 2387 666 2443 Ex
699 2383 1045 2460 Apographo
1079 2378 1613 2460 Lindenbrogianp,
1638 2374 1795 2460 quod
1830 2366 2372 2460 esstat‘Haml‘mrgi
2403 2365 2463 2420 in
2494 2364 2644 2460 B‘i‘bl.
2680 2366 2740 2421 ὃ.
2773 2365 3037 2431 Joannis,
3063 2365 3257 2420 Graece
3288 2365 3518 2437 primus
3548 2365 3734 2420 edidit

1467 2454 1524 2505 et
1552 2438 1755 2504 Latine
1785 2446 1954 2501 vertit
1993 2446 2161 2495 JOAN.
2192 2440 2495 2493 ALBERTUS
2530 2438 2836 2494 FABRICUS.

520 2782 571 2837 1.
606 2778 787 2835 Credo
818 2775 878 2830 in
912 2788 1099 2828 unum
1144 2771 1398 2836 Patrem,
1432 2762 1793 2839 principium
1838 2759 2103 2815 omnium
2134 2759 2179 2825 Α

2287 2776 2339 2822 α,
2372 2753 2615 2808 Πιστεύω
2669 2752 2743 2814 εἷς
2790 2747 2879 2806 ἕνα
2931 2752 3141 2825 Πατέρα
3169 2753 3268 2821 τήν
3310 2752 3527 2806 πάντων
3558 2753 3739 2827 ἀρχὴν
3779 2755 3875 2809 καὶ

451 2875 509 2927 et
539 2881 798 2933 causam,
831 2881 901 2919 ex
927 2860 1085 2918 nullo
1120 2859 1337 2914 factum
1371 2860 1427 2911 et
1458 2853 1651 2910 solum
1685 2866 1872 2905 causae
1904 2863 2103 2918 exper-

454 2966 577 3017 tem
627 2960 801 3027 atque
851 2949 1227 3025 ingenitum:
1276 2950 1488 3001 natura
1536 2944 1767 2997 Patrem
1819 2935 2107 3009 unigeniti

454 3048 583 3108 Filii
616 3045 729 3113 sui,
764 3042 1022 3116 Spiritus
1074 3035 1262 3094 sancti
1310 3034 1674 3089 emissorem.
1709 3034 1773 3083 Et
1806 3027 1866 3082 in
1922 3042 2106 3080 unum

456 3137 668 3195 Filium
731 3130 1141 3204 unigenitum,
1200 3122 1519 3182 Dominum
1578 3123 1845 3174 nostrum
1901 3115 2105 3170 Jesum

456 3226 777 3283 Christum.
810 3223 880 3277 Et
911 3222 970 3275 in
1001 3216 1284 3289 Spiritum
1318 3214 1586 3269 sanctum
1640 3225 1753 3262 non
1807 3208 2009 3261 natum
2042 3220 2107 3257 ex

456 3317 647 3381 Patre,
685 3312 785 3367 sed
829 3328 898 3365 ex
942 3305 1193 3363 essentia
1240 3304 1365 3373 ejus
1419 3298 1852 3372 procedentem,
1887 3293 2106 3347 dictum

454 3406 812 3461 Advocatum
856 3401 1057 3469 utpote
1104 3393 1202 3466 qui
1256 3407 1423 3447 voces
1477 3402 1793 3460 precesque
1842 3382 2106 3439 omnium

453 3488 689 3564 excipit,
721 3504 823 3563 per
852 3485 1048 3544 omnia
1102 3480 1356 3537 similem
1409 3476 1564 3533 Patri
1615 3480 1671 3530 et
1722 3473 1881 3543 Filio,
1909 3471 2009 3542 qui
2043 3487 2111 3525 ex

456 3563 622 3640 Patre
654 3579 891 3652 quidem
942 3571 1228 3649 procedit,
1279 3570 1379 3625 sed
1433 3584 1535 3639 per
1585 3564 1793 3620 Filium
1830 3563 2023 3630 datur,
2056 3566 2113 3614 et

454 3673 529 3729 ab
559 3650 720 3727 omni
754 3672 1021 3725 creatura
1046 3664 1122 3736 (1)
1156 3659 1462 3731 accipitur.
1495 3660 1717 3709 Harum
1759 3650 1935 3706 trium
1980 3666 2110 3721 per-

459 3775 741 3820 sonarum
804 3756 1014 3821 Patris,
1066 3750 1218 3817 Filii,
1265 3753 1322 3804 et
1377 3744 1630 3817 Spiritus
1683 3740 1869 3798 sancti
1927 3755 2110 3793 unum

457 3850 838 3925 principium,
894 3862 1011 3901 una
1070 3846 1159 3897 est
1215 3842 1451 3904 natura,
1499 3850 1618 3890 una
1666 3830 1964 3895 divinitas,
1999 3845 2115 3883 una

457 3942 668 4006 forma,
704 3953 821 3993 una
850 3930 1110 3991 essentia
1141 3933 1197 3985 et
1226 3925 1506 4000 potentia.

2216 2841 2412 2914 αῗτίαν,
2455 2842 2555 2896 οὐκ
2598 2836 2655 2896 ἔκ
2710 2862 2857 2902 τινος
2911 2841 3252 2915 γεννηθέντα,
3287 2840 3521 2895 ἀναίτιον
3570 2845 3656 2895 καὶ
3717 2843 3878 2918 ἇγὲν-

2216 2954 2376 3003 νητον
2434 2927 2622 3003 μόνον,
2672 2931 2991 3006 ὑπάρχοντα
3038 2929 3250 3003 Πατέρα
3281 2950 3433 3006 φυσει
3491 2935 3587 2984 τοῦ
3649 2953 3880 3008 μονογε-

2217 3027 2341 3082 νοῦς
2398 3022 2527 3074 Υἱοῦ
2560 3021 2747 3087 αὑτοῦ,
2783 3019 2874 3073 καὶ
2928 3012 3206 3091 προϐολέα
3256 3022 3354 3072 τοῦ
3409 3018 3567 3093 ἀγίου
3627 3021 3880 3093 Πνιόμα-

2217 3133 2331 3173 τος.
2366 3108 2471 3165 Καί
2502 3109 2578 3171 εἷς
2611 3105 2703 3163 ἕνα
2733 3110 2854 3162 Υἱὸν
2886 3109 2977 3163 τὸν
3016 3114 3306 3183 μονογινῆ,
3355 3109 3447 3162 τὸν
3482 3109 3676 3183 Κύριον
3711 3113 3874 3181 ἡμῶν

2218 3201 2425 3270 Ἰησοῦν
2482 3199 2734 3271 Χριστὸν.
2793 3198 2887 3251 Καὶ
2938 3197 3012 3258 είς
3051 3201 3263 3269 Πνεῦμα
3295 3197 3467 3269 ἅγιον,
3502 3198 3563 3252 οὗ
3596 3202 3875 3273 γεννώμε-

2218 3311 2308 3343 νυν
2367 3288 2425 3341 ἐκ
2452 3291 2547 3342 τοῦ
2580 3288 2811 3360 Πατρὸς,
2862 3284 2991 3340 ἀλλ’
3040 3286 3097 3340 ἐκ
3144 3293 3244 3355 τῆς
3297 3285 3480 3349 οὐσίας
3509 3287 3676 3342 αὐτοῦ
3708 3289 3874 3345 ἐκπο-

2221 3377 2531 3451 ρευόμενον,
2592 3374 2950 3449 ΙΙαράκλητον
3012 3374 3417 3447 ὀνομαζόμινον
3480 3376 3557 3439 ὡς
3609 3379 3703 3439 τὰς
3762 3385 3873 3432 τῶν

2221 3465 2363 3520 ὅλων
2417 3463 2787 3538 παρακλήαεις
2815 3462 3134 3538 δεχόμενον,
3174 3464 3309 3519 κατᾶ
3336 3466 3535 3527 παντὸς
3568 3462 3764 3539 ὅμοιον
3796 3468 3877 3541 τῷ

2220 3556 2391 3629 Ηατρὶ
2440 3556 2528 3608 καὶ
2561 3554 2690 3625 Υἱῳ,
2750 3552 2808 3607 ἐκ
2850 3557 2946 3607 τοῦ
2998 3552 3208 3626 Πατρὸς
3273 3554 3369 3626 μὶν
3416 3554 3874 3629 ἐκπορευόμενον,

2224 3642 2291 3699 δι’
2322 3645 2448 3699 Υἱοῦ
2481 3641 2536 3698 δὲ
2582 3639 3001 3715 μεταδιδόμενον
3050 3642 3138 3695 καὶ
3176 3639 3734 3717 μεταλαμϐανόμενον
3772 3648 3877 3701 ὑπὸ

2222 3733 2401 3803 πάσης
2432 3731 2680 3792 κτίσὲως.
2741 3735 2956 3785 Τοῢτων
3010 3728 3066 3784 δὲ
3122 3735 3228 3784 τῶν
3288 3736 3456 3802 τριῶν
3501 3734 3877 3805 ὑποστάσεων,

2225 3822 2432 3897 Πατρὸς
2480 3818 2606 3875 Υἱοῦ
2672 3820 2760 3874 καὶ
2817 3818 2973 3894 ἁγίου
3033 3818 3373 3893 Πνιύματος,
3438 3823 3532 3893 μία
3570 3823 3744 3898 ἀργὴ,
3783 3826 3879 3896 μία

2226 3910 2401 3989 φύσις,
2439 3909 2533 3982 μία
2588 3908 2801 3978 θεόττις,
2862 3907 2960 3980 μία
3019 3910 3228 3984 μορφὴ,
3295 3909 3391 3980 μία
3449 3912 3605 3965 οὐσία
3664 3912 3877 3968 καὶδύ-

2225 4022 2404 4075 ναμις.

456 4141 510 4193 2.
548 4138 622 4193 De
652 4131 932 4191 vocabulis
956 4123 1370 4200 quibusdamjn
1393 4120 1841 4200 Christianorum
1872 4115 2125 4184 dogmate
2151 4118 2179 4182 ξ

2232 4110 2295 4185 β’.
2359 4104 2485 4180 Περὶ
2550 4102 2829 4200 ὀνομάτὸυν
2909 4106 3072 4187 τινῑθν
3112 4100 3464 4200 ᾖξκεγομένων
3524 4103 3575 4159 ἐν
3637 4111 3715 4177 τῷ
3772 4112 3882 4161 τῶν

1039 4195 1306 4266 usurpari
1334 4191 1539 4248 solitis.

534 4292 802 4350 Essentia
835 4292 893 4344 et
932 4289 1142 4341 natura
1198 4281 1255 4336 in
1309 4284 1513 4335 sancta
1541 4283 1597 4334 et
1630 4272 2119 4333 consubstantiali

459 4387 741 4446 Trinitate
766 4396 948 4436 unum
987 4375 1260 4443 idemque
1291 4370 1549 4436 denotat,
1574 4367 1745 4423 ambo
1774 4366 1928 4422 enim
1963 4385 2120 4423 com-

462 4477 667 4536 munia
705 4475 843 4528 sunt
891 4472 950 4523 et
998 4458 1373 4527 universalia,
1407 4461 1465 4513 et
1496 4458 1565 4513 de
1616 4456 1804 4512 triLus
1855 4458 2123 4529 personis

462 4569 763 4633 dicuntur,
796 4570 1049 4631 quarum
1081 4568 1197 4607 una
1240 4552 1445 4605 natura
1492 4552 1548 4603 et
1598 4563 1717 4602 una
1767 4546 2121 4616 substantia,

465 4674 585 4717 una
617 4656 827 4716 forma,
862 4662 979 4703 una
1028 4641 1325 4710 divinitas,
1355 4655 1472 4694 una
1517 4636 1726 4710 gratia,
1760 4654 1872 4693 una
1904 4636 2125 4709 paritas

466 4755 524 4807 et
576 4740 907 4816 aequalitas,
954 4750 1072 4790 una
1129 4729 1336 4804 gloria,
1390 4744 1507 4785 una
1563 4726 1854 4784 confessio
1904 4729 1961 4781 et
2010 4742 2126 4781 una

651 4833 753 4888 tia.

651 4841 753 4888 tia.

468 4841 886 4998 p0{tliilpostasis
925 4919 981 4970 et
1030 4925 1280 4985 persona
1310 4906 1584 4963 similiter
1630 4920 1815 4959 unum
1864 4908 1922 4959 et
1967 4902 2125 4959 idem

467 4994 841 5091 sign'iticant;
875 5022 1010 5062 nam
1040 5003 1120 5058 ita
1143 5002 1331 5066 Pater,
1357 5015 1410 5053 v.
1435 5015 1511 5067 g.,
1537 4994 1874 5068 hypostasis
1904 4999 1962 5049 et
1993 5009 2127 5065 per-

468 5083 614 5163 sona
661 5106 770 5165 est,
805 5093 1139 5171 hypostasis
1170 5096 1225 5146 et
1267 5104 1515 5161 persona
1568 5084 1766 5151 Filius,
1795 5083 2127 5155 bypostasis

466 5200 522 5252 et
570 5205 819 5267 persona
851 5184 1104 5257 Spiritus
1156 5182 1419 5234 sanctus.
1454 5172 1729 5230 Gloriﬁca
1777 5172 1960 5244 igitur
2010 5178 2127 5227 tres

467 5298 752 5360 personas
810 5277 928 5331 sive
988 5273 1363 5344 hypostases,
1416 5280 1591 5321 unam
1657 5279 1789 5319 vero
1851 5267 2127 5317 naturam

468 5351 810 5432 earumdem
853 5371 1029 5437 atque
1071 5358 1409 5417 essentiam.
1442 5353 1637 5410 Sancti
1669 5352 1887 5425 quippe
1930 5351 2127 5406 Patres

468 5482 573 5538 pro
628 5478 744 5518 uno
793 5457 1117 5524 eodemque
1168 5450 1395 5521 ponunt
1450 5442 1730 5501 voeabula
1778 5441 2044 5498 essentiae
2071 5444 2128 5495 et

2741 4176 3074 4246 Χριστιανῶν
3109 4171 3361 4246 δόγματι.

2301 4266 2466 4322 Οὐσία
2491 4265 2580 4319 καὶ
2613 4285 2768 4338 φυσις
2799 4263 2885 4317 ἐπὶ
2924 4270 3023 4331 τῆς
3068 4263 3226 4337 ἁγίας
3262 4265 3349 4318 καὶ
3384 4266 3690 4336 ὁμοοπσίου
3716 4274 3882 4341 Τριάο

2233 4359 2325 4420 δος
2355 4358 2416 4411 τὸ
2442 4354 2592 4423 αὐτὸ,
2634 4352 2912 4429 ἀμφότερα
2956 4353 3055 4426 γὰρ
3104 4354 3260 4407 κοινὰ
3316 4354 3406 4407 καὶ
3465 4356 3757 4423 καθολικᾶ,
3792 4358 3883 4411 καῖ

2230 4448 2364 4504 κατὰ
2392 4449 2556 4520 τριῶν
2588 4441 2930 4497 ὐποστάσιων
2984 4440 3273 4517 λεγόμενα.
3323 4443 3539 4497 Τούτων
3578 4445 3672 4515 μία
3698 4447 3885 4523 φύσις,

2231 4538 2319 4593 καὶ
2355 4534 2507 4591 οὐσία
2540 4532 2655 4606 μία,
2698 4532 2786 4585 καὶ
2847 4532 2945 4604 μία
3004 4530 3330 4598 ἐκτύπωσις,
3397 4533 3493 4603 μία
3536 4533 3750 4598 θιότης,
3787 4536 3888 4605 μία

2232 4628 2413 4702 χάρις,
2452 4622 2547 4695 μία
2576 4620 2775 4690 ἰσότης,
2830 4619 2926 4693 μία
2980 4616 3129 4689 δόξα,
3166 4619 3260 4693 μίά
3306 4618 3596 4697 ὁμολογία,
3644 4624 3737 4677 καὶ
3784 4625 3887 4696 μία

2235 4715 2484 4787 δύναμις.

2305 4892 2625 4953 ’Υπόστασις
2683 4887 2852 4943 πάλιν
2912 4888 3003 4942 καὶ
3062 4890 3354 4963 πρόσωπον
3410 4890 3473 4944 τὸ
3529 4889 3696 4945 αὐτό·
3768 4893 3885 4948 οἷον

2237 4982 2528 5042 ὑπόστασις
2588 4980 2676 5034 καὶ
2734 4978 3029 5054 πρόσωπον
3092 4980 3118 5031 ὁ
3178 4980 3387 5051 Πατὴρ,
3449 4980 3739 5041 ὑπόστασις
3792 4984 3887 5037 καὶ

2235 5075 2526 5152 πρόσωπον
2560 5069 2587 5123 ὁ
2619 5068 2763 5137 Υἱὸς,
2808 5068 3098 5128 ὑπόστασις
3130 5066 3217 5121 καὶ
3248 5088 3541 5142 προσωπον
3570 5069 3631 5123 τὸ
3666 5075 3889 5143 Πνεῦμα

2234 5168 2296 5222 τὸ
2358 5162 2529 5237 ἅγιον.
2567 5158 2763 5231 Maura
2795 5156 2884 5211 οὗν
2932 5156 3054 5229 τρία
3094 5156 3381 5230 πρόσωπα.
3417 5156 3711 5231 ἧτοιτρεῑς
3744 5159 3888 5214 ὕπο-

2238 5254 2466 5322 στάσεις,
2522 5249 2644 5322 μίαν
2709 5244 2764 5301 δὲ
2821 5254 2975 5323 φύσιν
3021 5250 3128 5299 τῶν
3189 5244 3363 5300 αὐτῶν
3409 5246 3495 5301 καὶ
3554 5248 3768 5303 οὐσίαν.
3819 5251 3890 5304 ΟΞ

2239 5346 2327 5399 οὗν
2386 5339 2532 5415 ἅγιοι
2590 5337 2824 5411 Πατὲρες
2880 5333 2965 5389 ἐπὶ
3020 5338 3115 5388 τοῦ
3182 5336 3352 5389 αὐτοῦ
3403 5334 3655 5390 τάττουσι
3691 5338 3755 5391 ὐὸ
3785 5345 3890 5406 τῆς

2240 5433 2424 5493 οὐσίας
2452 5426 2543 5483 καὶ
2577 5425 2787 5503 φῦσεως
2818 5424 2901 5478 καὶ
2964 5430 3183 5498 μορφῆς
3235 5421 3429 5497 ὄνομα.
3470 5425 3565 5481 Καὶ
3596 5423 3763 5479 πάλιν
3798 5428 3887 5481 ἐπὶ

2064 5564 2295 5621 NOT/E.

550 5687 623 5760 (1)
654 5681 1004 5743 Hominibus
1035 5680 1196 5750 puta,
1230 5677 1293 5730 ut
1323 5674 1500 5730 Marc.
1535 5686 1649 5739 xv1,
1687 5668 1752 5724 15
1780 5684 1792 5724 :
1826 5664 2102 5739 Κηρόξατε
2132 5664 2179 5720 τε

2232 5654 2556 5735 Εὐαγγέλιον
2586 5653 2729 5726 πάσῃ
2760 5652 2828 5723 τῇ
2860 5648 3049 5703 κτίσει.
