4072 6346
286 366 412 428 689

288 593 636 663 χαρακτῆρα.
672 588 790 645 Μία
834 588 924 642 οὗν
974 590 1186 660 θιότης,
1238 591 1336 663 μία
1394 590 1569 669 φύσις,
1607 590 1702 662 μία
1759 588 1939 662 οὑσία,

287 676 393 751 μία
425 680 632 756 μορφή.
665 678 766 732 Καὶ
796 677 962 734 πάλιν
1014 680 1138 753 τρία
1187 680 1475 755 πρόσωπα,
1507 686 1650 758 τρεῖς
1712 679 1940 735 ὑποστά-

285 787 427 839 σεις,
483 766 572 822 καὶ
627 772 775 842 τρεῖς
834 776 1201 844 χαρακτῆρες,
1254 775 1399 846 τρεῖς
1457 768 1746 841 ἰδιότητες.
1788 771 1941 827 Ἐστι

280 852 346 910 δὲ
377 853 585 927 ἰδιότης
619 855 707 911 ἐπὶ
762 858 856 930 μὲν
906 862 1003 911 τοῦ
1058 858 1354 934 Πατρὸς,ἡ
1404 857 1716 935 ἀγεννησία,
1750 857 1837 913 ἐπὶ
1887 854 1944 912 δὲ

276 949 380 1000 τοῦ
438 946 582 1009 Υἱοῦ,
616 947 652 1015 ἡ
683 944 952 1020 γᾶννησις,
1001 943 1087 1000 ἐπὶ
1151 943 1207 1001 δὲ
1248 950 1348 1000 τοῦ
1399 943 1551 1023 ἁγίου
1603 945 1940 1019 Πνεὺματοςν

276 1037 317 1103 ἡ
356 1033 703 1110 ἐκπόρευσις.

782 1125 850 1198 γ’.
877 1124 1008 1199 Περὶ
1040 1122 1417 1180 ἰνυποστάτων
1429 1167 1441 1180 .

362 1283 606 1360 Πρόσιχε
633 1289 712 1355 τῷ
747 1284 978 1358 ὀνόματι
1008 1283 1210 1358 τούτῳ,
1245 1283 1484 1341 δὲσποτά
1544 1306 1671 1358 μου,
1695 1284 1943 1357 πολυσή-

294 1395 498 1446 μαντον
527 1376 632 1450 γάρ
681 1374 814 1441 ἐστι,
848 1376 911 1430 τὸ
961 1372 1017 1431 δὲ
1066 1375 1271 1452 κυρίως
1320 1375 1451 1430 αὐτὸ
1509 1375 1941 1449 σημαινόμενον,

284 1461 724 1522 δυσκολώτατον.
761 1465 985 1541 Λέγεται
1037 1463 1129 1520 οὖν
1174 1463 1526 1529 ἐνυπόστατα,
1576 1470 1723 1519 πᾶσα
1768 1463 1943 1539 ὕπαρ-

296 1553 380 1624 ξις
440 1551 547 1609 εἴτε
605 1556 890 1628 σωματικὴ
945 1552 1051 1609 εἴτε
1098 1555 1443 1627 ἀσωματική,
1474 1555 1594 1609 καθ’
1632 1555 1662 1609 ὃ
1711 1554 1947 1632 ὑφὲστη..

282 1663 399 1707 κεν,
436 1642 573 1697 ὥστε
601 1644 735 1698 κατᾶ
760 1647 951 1698 τοῦτον
976 1644 1067 1698 τὸν
1102 1641 1265 1719 λόγον
1300 1640 1475 1705 εἷ’ποις
1524 1642 1812 1717 ἀνθρώπου
1855 1639 1947 1696 καὶ

288 1732 355 1786 τὸ
385 1737 590 1806 χρῶμα
627 1734 713 1787 καθ
744 1734 845 1803 τὴν
880 1733 1065 1788 οὐσίαν
1112 1728 1494 1803 ἐνυπόστατον,
1526 1731 1728 1809 κυρίως
1779 1729 1837 1787 δὲ
1884 1730 1946 1787 τὸ

289 1822 388 1892 μὶν
421 1826 625 1897 χρῶμα
655 1821 1134 1898 ὲτεροϋπόστατον.
1176 1822 1286 1878 Οὖκ
1333 1817 1447 1897 ἔχει
1496 1822 1596 1897 γὰρ
1646 1819 1789 1876 ἲδίαν
1838 1820 1939 1875 ὕπ-

284 1913 461 1981 αρξιν,
495 1907 620 1966 ἀλλ’
644 1909 697 1965 ἑν
728 1911 940 1984 σώματι
970 1910 1279 1988 ὑφέστηκεν.
1318 1912 1381 1968 Ἢ
1415 1909 1473 1966 δὲ
1524 1909 1681 1965 οὐσία
1736 1908 1937 1985 κυρίως

274 1997 594 2061 ὑπόστασις,
611 1999 738 2056 ἀλλ’
762 2000 861 2056 οὐκ
893 1998 1449 2062 ἐνυπόστατος.⁹Αλλ’
1479 1999 1631 2072 ὅμως
1657 2018 1940 2075 καταχρη-

278 2093 488 2150 στικῶς
531 2086 776 2163 λέγονται
819 2089 909 2144 καὶ
939 2093 1103 2144 ταῦτα
1137 2088 1487 2145 ἐνυπόστοτα,
1522 2086 1693 2143 Πάλιν
1727 2087 1936 2163 λέγεται

278 2176 643 2233 ἇνυπόστατον
678 2179 706 2233 6
734 2179 855 2242 καθ’
886 2177 1022 2233 ὅλου
1067 2176 1375 2252 ἅνθρωπος,
1404 2179 1536 2252 ὅπερ
1581 2177 1937 2249 ὀνομάζουσιν

276 2267 332 2319 οἳ
362 2260 465 2336 ἔξω
499 2264 795 2342 ιριλόσοφοι
828 2265 1210 2323 εἷ’δικώτατον.
1241 2266 1630 2329 Ἐνυπόστατος
1680 2264 1738 2321 δὲ
1784 2265 1939 2341 λὲγε-

262 2375 355 2409 ται
408 2355 437 2409 6
495 2356 612 2409 καθ’
646 2353 782 2411 ὅλου
850 2353 1156 2432 ἅνθρωπος,
1204 2356 1278 2419 ὡς
1333 2355 1384 2410 ἒν
1443 2361 1562 2419 ταῖς
1620 2356 1937 2410 ὑποστάσεσι

268 2455 386 2507 eam
403 2443 688 2518 ροῦμενος,
722 2447 861 2511 οἷον,
897 2444 948 2499 ἐν
992 2444 1072 2518 τῷ
1120 2444 1309 2519 Πέτρῳ
1356 2444 1445 2499 καὶ
1476 2450 1554 2516 τῷ
1595 2444 1799 2518 Παύλῳ
1849 2459 1939 2512 καὶ

267 2538 393 2588 τοῖς
425 2530 649 2595 λοιποῖς
683 2539 930 2609 μερικοῖς
963 2533 1292 2610 ἀνθρώποις.
1322 2532 1455 2609 Τρία
1486 2531 1578 2587 οὗν
1622 2537 1787 2588 ταῦτα
1838 2538 1937 2588 τοῦ

266 2621 640 2677 ἐνυποστάτου
672 2621 943 2698 λεγόμενα
972 2623 1350 2697 σημαινόμενα
1387 2623 1452 2677 οὐ
1496 2620 1634 2677 πάνυ
1694 2620 1936 2677 δύσκολα

273 2710 357 2772 εἷς
387 2709 717 2785 κατάληψιν.
751 2711 881 2787 Περὶ
924 2715 1020 2766 τοῦ
1067 2713 1329 2787 τετάρτου
1373 2714 1470 2767 τοῦ
1519 2707 1934 2787 δυσκολωτέρου

270 2798 468 2878 ἐφεξῆς
499 2799 751 2875 ἰροῦμεν.

776 2979 838 3036 δ’.
872 2979 1003 3055 Περὶ
1036 2978 1426 3037 ἐνυποστάτου.

354 3068 751 3127 Ἔνυπόστατόν
804 3069 915 3125 ἔστι
972 3069 1035 3124 τὸ
1090 3067 1248 3141 ἄλλῳ
1305 3067 1549 3145 διαφόρῳ
1617 3066 1753 3121 κατᾶ
1828 3067 1926 3136 τὴν

1471 373 1572 433 DE
1617 371 2048 433 OMNIFARIA
2100 372 2520 435 DOCTlllNA.

283 503 391 553 τοῦ
420 498 584 553 αὑτοῦ
630 499 692 554 τὸ
732 501 1025 573 πρόσωπον
1076 500 1166 555 καὶ
1216 503 1313 571 τήν
1364 498 1648 557 ὑπόστασιν
1698 501 1787 556 καὶ
1844 501 1930 556 τὸν

2052 507 2273 558 natura;
2337 508 2396 559 et
2452 505 2650 561 formas

3582 378 3704 440 690

2702 521 2716 561 :
2777 522 2843 561 ac
2897 505 3156 562 vicissim
3218 505 3374 562 idem
3434 505 3549 563 illis
3613 513 3704 565 est

2051 609 2322 665 persona,
2382 591 2684 649 character
2712 600 2769 650 et
2812 594 3168 668 hypostasis.
3201 594 3328 652 Una
3375 596 3572 670 itaque
3617 601 3709 655 est

2051 683 2352 754 DivinitaS,
2408 700 2524 739 una
2583 690 2835 740 natura:
2872 702 2987 740 una
3031 685 3303 757 essentia,
3340 703 3458 742 una
3504 686 3713 743 forma.

2050 772 2166 828 Nec
2200 773 2397 829 minus
2423 778 2544 829 tres
2574 777 2711 829 sunt
2732 791 3015 846 persona,
3035 779 3157 831 tres
3183 774 3552 849 bypostases,
3588 780 3712 831 tres

2049 862 2451 935 proprietates.
2484 861 2589 917 Est
2640 865 2838 918 autem
2869 862 3196 936 proprietas
3245 864 3435 921 Patris
3466 863 3704 937 quidem

2057 950 2213 1022 quod
2255 950 2333 1006 sit
2359 950 2678 1023 ingenitus,
2713 951 2839 1007 Filii
2873 952 3026 1024 quod
3060 953 3294 1025 genitus
3321 958 3413 1011 est
3440 970 3475 1026 a
3505 952 3696 1021 Patre,

2049 1038 2311 1112 Spiritus
2346 1040 2530 1097 sancti
2561 1041 2718 1111 quod
2750 1041 3032 1113 procedit.
3394 1054 3401 1063 ‘

2052 1129 2103 1185 3.
2140 1130 2214 1185 De
2240 1128 2619 1203 enhypostali:
2664 1132 3230 1257 siveguaelpersonz
3268 1134 3384 1189 sive
3426 1131 3717 1206 hypostasi

2783 1218 2950 1257 mauu
2983 1243 2996 1257 .

2783 1218 2971 1258 ιηεαηι
2983 1243 2996 1257 .

2129 1290 2402 1355 Attende,
2438 1290 2675 1345 domine
2705 1290 2808 1357 mi,
2841 1290 2979 1346 huic
3018 1291 3301 1348 vocabulo
3333 1290 3714 1346 ἑνυποστάτου·

2056 1377 2227 1450 plura
2251 1378 2405 1433 enim
2442 1378 2762 1451 signiﬁcat,
2795 1383 2851 1434 et
2881 1380 3019 1452 quid
3056 1382 3287 1453 proprie
3318 1382 3574 1450 denotet,
3599 1399 3714 1437 non

2058 1468 2201 1522 adeo
2233 1467 2396 1523 dictu
2431 1468 2600 1524 facile
2645 1473 2753 1524 est.
2788 1467 3077 1524 Dicuntur
3102 1468 3256 1524 enim
3308 1469 3504 1525 inesse
3532 1469 3714 1542 hypo-

2057 1556 2199 1612 stasi
2233 1573 2594 1628 quaecunque
2625 1574 2717 1612 res
2756 1558 2877 1614 sive
2908 1556 3243 1631 corporales
3274 1558 3393 1613 sive
3446 1558 3713 1630 incorpo-

2057 1648 2209 1701 rales
2241 1650 2510 1718 respectu
2535 1647 2662 1718 ejus
2695 1647 2750 1702 in
2777 1665 2892 1719 quo
2915 1653 3074 1718 sunt,
3100 1664 3216 1719 quo
3243 1664 3422 1703 sensu
3454 1647 3713 1703 hominis

2058 1740 2114 1790 et
2145 1735 2304 1791 color
2330 1741 2388 1791 et
2416 1737 2675 1792 essentia
2724 1737 2919 1792 inesse
2966 1736 3269 1809 hypostasi
3318 1736 3549 1803 dicitur,
3576 1753 3712 1809 pro-

2058 1823 2181 1895 prie
2223 1832 2413 1880 tamen
2466 1824 2625 1880 color
2652 1824 2726 1879 ab
2757 1825 2940 1879 altero
2989 1825 3164 1879 habet
3210 1825 3362 1896 quod
3411 1824 3707 1890 subsistit,

2052 1930 2164 1967 non
2216 1912 2372 1967 enim
2425 1914 2641 1985 gaudet
2686 1913 2812 1986 ipse
2861 1912 3247 1970 subsistentia
3303 1913 3561 1987 propria,
3601 1914 3702 1969 sed

2049 2002 2324 2058 subsistit
2352 2002 2409 2057 in
2440 2018 2677 2075 corpore
2708 2020 2721 2057 :
2746 2002 3005 2059 essentia
3026 2019 3160 2058 vero
3191 2001 3424 2075 proprie
3452 2002 3583 2074 ipsa
3612 2007 3704 2059 est

2049 2090 2404 2164 hypostasis,
2436 2107 2551 2146 non
2601 2107 2735 2146 vero
2782 2092 2936 2147 inest
2979 2091 3303 2164 hypostasi.
3331 2094 3600 2147 Attamen
3635 2094 3695 2147 et

2048 2179 2171 2235 haec
2203 2180 2664 2236 subsistentibus
2693 2180 2887 2236 inesse
2916 2181 3211 2236 dicuntur.
3243 2180 3518 2238 Vicissim
3550 2179 3694 2236 dici-

2047 2272 2146 2323 tur
2189 2269 2362 2323 etiam
2422 2269 2617 2325 inesse
2671 2270 3135 2326 subsistentibus
3192 2269 3368 2325 homo
3425 2268 3697 2326 universe

2048 2358 2473 2419 consideratus.
2543 2375 2716 2428 quem
2777 2358 3108 2429 philosOphi
3162 2357 3386 2414 externi
3440 2358 3694 2431 speciem

2047 2446 2533 2518 specialissimam
2568 2447 2847 2502 vocitant.
2873 2447 3070 2503 Inesse
3096 2451 3289 2502 autem
3323 2444 3698 2502 subsistenti-

2046 2535 2158 2590 bus
2189 2535 2312 2589 sive
2350 2534 2670 2589 individuis
2703 2535 2937 2601 dicitur,
2971 2536 3121 2605 quod
3171 2535 3229 2590 in
3276 2533 3395 2591 illis
3424 2536 3695 2591 observa-

2043 2629 2158 2689 tur,
2192 2641 2245 2677 ν.
2279 2641 2327 2692 α
2364 2623 2421 2677 in
2455 2623 2642 2689 Petro,
2676 2622 2855 2678 Paulo
2885 2628 2944 2679 et
2972 2623 3105 2679 aliis
3154 2623 3407 2694 singulis
3435 2622 3693 2679 homini-

2043 2712 2173 2767 bus.
2203 2712 2339 2768 Tria
2369 2712 2490 2767 haec
2520 2710 2848 2784 significata
2878 2714 2976 2765 τοῦ
3004 2709 3368 2765 ἐνυποστάτου
3400 2728 3514 2768 non
3549 2712 3692 2768 adeo

2041 2800 2305 2856 difﬁcilia
2347 2800 2776 2871 comprehensu
2811 2805 2969 2869 sunt,
3002 2802 3074 2857 de
3105 2805 3317 2874 quarto
3364 2800 3691 2857 difﬁciliore

2032 2889 2157 2960 jam
2190 2905 2320 2945 sum
2354 2888 2642 2944 dicturus.

2183 2979 2235 3033 4.
2268 2979 2340 3033 De
2384 2978 2773 3050 Enhypostato,
2805 2979 2921 3034 sive
2954 2979 3330 3049 personaliter
3357 2978 3545 3035 unico.

2111 3066 2579 3138 Enhypostatum
2608 3066 2754 3121 illud
2777 3066 2898 3122 sive
2918 3066 3304 3139 personaliter
3322 3067 3555 3123 unitum
3577 3069 3688 3136 est,

268 3158 460 3215 οὐσίαν
495 3159 571 3222 εἷς
603 3160 718 3221 ἑνὸς
764 3161 1013 3214 σῦστασιι
1058 3159 1357 3234 προσώπου
1398 3156 1487 3212 καὶ
1542 3162 1667 3229 μιᾶς
1720 3157 1927 3230 γένεσιν

2045 3156 2191 3227 quod
2227 3160 2450 3211 natura
2482 3155 2649 3210 alteri
2689 3156 2946 3212 essentia
2976 3155 3264 3211 differenti
3313 3155 3372 3211 in
3422 3170 3688 3227 personae

273 3250 625 3310 ὑποστὰσεως
702 3249 1050 3323 συγκείμενον
1128 3247 1218 3302 καὶ
1298 3247 1782 3324 συνυφιστάμινον,
1845 3246 1920 3317 μή

2045 3244 2211 3299 anius
2239 3244 2357 3300 sive
2389 3243 2773 3316 hypostaseos
2804 3244 3282 3300 constitutionem
3307 3248 3367 3299 et
3394 3242 3685 3315 composi-

270 3338 528 3413 μέντοιγε
597 3337 689 3391 καὶ
762 3337 883 3400 καθ’
941 3337 1097 3391 ἑαυτὸ
1170 3334 1597 3411 γνωριζόμενον.
1656 3333 1919 3410 Πρόσεχι,

264 3425 509 3480 δίσποτά
552 3447 677 3498 μου.
711 3430 792 3498 τῷ
842 3426 1056 3500 ὁρισμῷ
1106 3429 1204 3480 τοῦ
1262 3424 1644 3487 ἐνυποστάτου,
1678 3424 1739 3480 Ἦ
1799 3423 1922 3498 ἁγία

261 3512 537 3582 καθολικὴ
586 3513 882 3582 Ἐκκλησία
943 3512 1031 3568 ἐπὶ
1078 3520 1180 3583 τῆς
1238 3512 1555 3584 οἰκονομίας
1608 3512 1732 3584 μίαν
1789 3511 1921 3567 ὑπό-

263 3626 454 3658 στασιν
508 3600 821 3677 δογματίζει
877 3604 968 3656 καὶ
1027 3599 1122 3656 δύο
1190 3600 1395 3676 φύσεις.
1444 3601 1760 3656 ’Υπόστασιν
1827 3601 1918 3656 τὸν

266 3688 617 3768 σερκωθέντα
672 3692 818 3756 Υἱὸν,
860 3691 1044 3766 φύσεις
1087 3688 1145 3745 δὲ
1208 3691 1437 3757 θεότητα
1487 3689 1577 3744 καὶ
1638 3690 1920 3763 ἀνθρωπό-

262 3802 427 3850 τητα.
461 3781 532 3834 Τὸ
566 3778 657 3834 οὖν
691 3783 850 3853 σῶμα
876 3781 937 3833 τὸ
983 3778 1232 3854 ἔμψυχον
1290 3778 1380 3833 καὶ
1431 3772 1634 3847 ἔννουν,
1666 3778 1695 3832 ὃ
1750 3797 1918 3852 προσ-

266 3864 501 3925 ελάϐετο
561 3869 590 3922 6
648 3867 842 3943 Κύριος
900 3870 1063 3940 ἡμῶν
1102 3871 1311 3937 Ἰησοῦς
1360 3868 1612 3942 Χριστὸς,
1645 3866 1708 3922 οὑ
1763 3864 1925 3922 καλεῖ

267 3960 594 4026 ὑπόστασιν,
637 3956 728 4013 ’ἱνα
781 3959 856 4030 μή
909 3958 1100 4034 εὑρεθῇ
1150 3956 1377 4033 λέγουσα
1424 3954 1520 4012 6-50
1580 3958 1920 4028 ὑποστάσεις,

267 4050 405 4123 ὅπερ
455 4045 715 4123 ἐφλυάρει
759 4046 1057 4122 Νοστόριας
1100 4047 1128 4101 6
1176 4046 1469 4122 αἱρετικὸς,
1502 4045 1630 4102 ἀλλ’
1666 4045 1920 4118 ὀνομάζει

267 4135 657 4205 ἐνυπόστατον,
693 4136 767 4197 ὡς
795 4137 846 4190 ἒν
896 4139 965 4210 τῇ
1008 4139 1105 4191 τοῦ
1152 4135 1283 4190 Υἱοῦ
1332 4133 1619 4190 ὑποστάσει
1672 4135 1737 4190 τὸ
1788 4134 1919 4189 εἶναι

264 4225 357 4279 καὶ
391 4224 456 4279 τὸ
491 4224 784 4294 ὑποστῆναι
816 4218 985 4279 λαϐὸν
1017 4224 1105 4279 καὶ
1143 4221 1270 4297 μηδ’
1303 4224 1375 4286 ὡς
1426 4223 1477 4278 ἰν
1711 4222 1923 4302 ὀφθαλ-

269 4319 381 4386 μοῦ
413 4314 784 4388 προϋποστάν.
822 4313 992 4375 Αὐτὸς
1022 4312 1123 4389 γὰρ
1157 4314 1185 4367 6
1224 4313 1456 4388 Χριστὸς
1504 4312 1603 4385 μία
1655 4310 1728 4367 ὣν
1788 4312 1919 4368 ὑπό-

264 4423 482 4474 στασις,
543 4399 755 4475 μᾶλλον
815 4397 893 4469 δὲ,
934 4398 1028 4456 ’ίνα
1084 4401 1403 4479 σαφέστερον
1463 4400 1621 4469 ι”πω,
1679 4400 1839 4464 αὐτὸς
1892 4402 1920 4456 6

264 4493 395 4552 Υἱὸς
421 4493 520 4545 τοῦ
553 4494 687 4544 Θεοῦ
719 4488 816 4563 μία
847 4486 921 4543 ὢν
955 4488 1244 4551 ὑπόστασις
1289 4496 1392 4559 τῆς
1448 4490 1608 4565 ἁγίας
1659 4486 1919 4565 Τριάδος,

2030 3332 2250 3389 tionem
2304 3332 2566 3389 additum
2619 3337 2709 3388 est
2739 3336 2798 3388 et
2834 3332 3124 3403 coexistit,
3157 3347 3264 3387 nec
3312 3348 3415 3403 per
3462 3348 3525 3388 se
3568 3332 3688 3388 sive

2032 3422 2279 3477 seorsim
2330 3421 2654 3476 subsistere
2704 3421 3101 3490 cognoscitur.
3151 3421 3420 3489 Attende,
3451 3420 3687 3477 domine

2030 3511 2131 3576 mi,
2164 3509 2492 3565 deﬁnitioni
2526 3508 2920 3581 enhypostati.
2947 3513 3162 3565 Sancta
3193 3508 3450 3565 Ecclesia
3479 3508 3683 3563 catho-

2029 3598 2143 3654 lica
2167 3599 2222 3652 in
2248 3597 2652 3653 incarnatione
2677 3597 2893 3653 Christi
2924 3614 3106 3653 unam
3128 3614 3440 3670 personam
3462 3602 3518 3653 et
3537 3598 3684 3652 duas

2032 3692 2274 3743 naturas
2303 3687 2492 3743 docet.
2536 3690 2874 3754 Personam,
2911 3685 3123 3742 Filium
3153 3689 3546 3749 incarnatum,
3578 3702 3684 3740 na-

2028 3781 2196 3831 turas
2245 3791 2403 3839 vero.
2447 3774 2812 3830 divinitatem
2868 3778 2925 3830 et
2972 3773 3427 3831 humanitatem.
3461 3773 3685 3845 Corpus

2029 3865 2214 3937 igitur
2243 3864 2439 3920 anima
2489 3868 2545 3919 et
2592 3867 2785 3918 mente
2834 3862 3142 3935 praeditum
3195 3863 3351 3935 quod
3399 3862 3683 3919 Dominus

2031 3959 2233 4010 noster
2260 3953 2432 4009 Jesus
2461 3952 2730 4008 Christus
2762 3952 3108 4024 assumpsit,
3137 3969 3251 4008 non
3282 3955 3450 4008 vocat
3478 3968 3683 4024 perso-

2031 4059 2190 4107 nam,
2214 4058 2286 4098 ne
2312 4040 2649 4097 inveniatur
2672 4042 2822 4097 duas
2852 4057 3065 4114 ponere
3092 4058 3393 4114 personas,
3414 4050 3478 4097 ut
3500 4041 3682 4098 haere-

2029 4133 2186 4189 ticus
2225 4131 2528 4187 Nestorius
2563 4135 2821 4202 nugatus
2852 4135 2965 4200 est,
2988 4131 3087 4187 sed
3120 4137 3286 4187 vocat
3326 4130 3683 4205 enhyposta-

2028 4226 2179 4290 tum,
2204 4221 2323 4276 sive
2350 4220 2583 4275 unitum
2619 4220 2910 4292 personali
2934 4220 3181 4287 ratione,
3209 4224 3413 4293 utpote
3438 4221 3593 4292 quod
3623 4218 3685 4274 in

2031 4310 2157 4366 Filii
2191 4327 2442 4382 persona
2482 4313 2539 4365 et
2580 4312 2646 4364 ut
2674 4309 2772 4378 sit,
2803 4313 2860 4364 et
2890 4314 2954 4364 ut
2984 4309 3274 4366 subsistat
3301 4310 3544 4383 accepit,
3579 4325 3685 4364 nec

2030 4415 2135 4471 per
2164 4404 2528 4454 momentum
2562 4402 2733 4453 antea
2764 4397 3051 4454 substitit.
3080 4397 3208 4453 Sive
3237 4399 3432 4470 potius
3462 4402 3527 4454 ut
3556 4414 3685 4469 per-

2030 4487 2233 4560 spicue
2263 4487 2454 4560 magis
2475 4487 2691 4554 dicam,
2718 4485 2903 4543 Filius
2931 4487 3058 4560 ipse
3088 4487 3190 4542 Dei
3216 4504 3351 4544 cum
3382 4492 3539 4544 esset
3568 4504 3686 4543 una

266 4582 468 4654 γέγονε
525 4578 614 4633 καὶ
662 4582 742 4651 τῷ
802 4577 1038 4651 σώματι,
1078 4579 1124 4651 ᾧ
1177 4573 1570 4648 προσελάϐετο,
1608 4577 1919 4646 ὑπόστασις,

2045 4592 2100 4633 ax
2128 4575 2397 4648 personis
2445 4575 2837 4633 sanctissimas
2882 4575 3210 4645 Trinitatis,
3242 4577 3419 4632 etiam
3470 4593 3685 4650 corpus

266 4670 413 4724 ὥστε
468 4667 530 4722 τὸ
588 4671 747 4742 σῶμα
802 4670 899 4722 τοῦ
964 4667 1165 4744 Κυρίου
1220 4665 1576 4723 ἑνυπόστατον
1636 4668 1755 4741 μὲν,
1814 4666 1921 4742 οὐχ

267 4758 566 4821 ὑπόστασις
596 4753 672 4812 δὲ.

805 4936 863 4993 ι’.
897 4934 1027 5012 Περὶ
1061 4934 1379 5009 ὁμοουσίου.

335 5023 646 5098 Ὀμοούσια
693 5022 907 5100 λέγεται
956 5023 1057 5080 ὅσα
1115 5030 1235 5088 ταῖς
1303 5024 1396 5098 μὲν
1467 5021 1785 5078 ὑποστάσεσι
1839 5021 1920 5078 δι-

265 5116 513 5191 ῄρηνται
541 5112 632 5168 ἀπ’
663 5111 952 5184 ἀλλήλων,
983 5118 1052 5188 τῇ
1084 5110 1143 5169 δὶ
1182 5113 1339 5186 οὐσίᾳ
1374 5112 1631 5183 ἥνωνται.
1660 5113 1791 5169 Οῖον
1818 5111 1923 5188 ἐγὼ

261 5203 359 5259 καὶ
396 5201 456 5255 σὺ
489 5202 579 5256 καὶ
607 5204 804 5264 πάντες
847 5202 898 5257 οἱ
948 5202 1083 5257 κατᾶ
1133 5200 1297 5278 μὶρος
1356 5199 1654 5277 ἅνθρωποι,
1692 5201 1924 5256 ὑποστά-

260 5312 385 5352 σεις
415 5290 573 5364 ἰσμέν
602 5288 930 5366 διῃρημέναι
963 5290 1056 5346 ἀπ’
1087 5290 1376 5363 ἀλλήλων,
1414 5290 1517 5345 ὑπὸ
1549 5286 1606 5343 δὲ
1653 5290 1780 5362 μίαν
1834 5290 1924 5345 οὖ-

262 5382 392 5437 σίαν
424 5380 747 5456 ἀναγόμενοι
794 5380 931 5435 κατὰ
958 5380 1049 5436 τὸν
1081 5381 1263 5436 κοινὸν
1296 5377 1458 5456 λόγον
1491 5386 1590 5450 τῆς
1637 5379 1923 5459 ἀνθρωπό-

260 5489 463 5540 τητος·
495 5468 633 5523 κατὰ
657 5473 789 5544 γοῦν
818 5468 910 5524 τὸν
946 5468 1108 5546 λόγον
1150 5468 1342 5525 τοῦτόν
1399 5469 1557 5545 ἐσμεν
1614 5469 1923 5544 ὁμοούσιοι.

263 5564 315 5618 Ο
349 5558 543 5632 Ηατὴρ
576 5555 667 5611 οὖν
698 5557 791 5613 καὶ
822 5558 851 5612 6
881 5559 1006 5621 Υἱὸς
1061 5559 1150 5614 καὶ
1197 5560 1261 5614 τὸ
1319 5560 1469 5636 ἅγιον
1525 5561 1767 5634 Ηνεῦμα,
1792 5558 1929 5614 κατὰ

269 5648 382 5722 μὶν
409 5645 505 5708 τὰς
537 5645 855 5709 ὑποστάσεις
914 5644 1223 5722 διῄρηνται“
1257 5645 1431 5712 ἄλλος
1479 5649 1580 5725 γὰρ
1639 5648 1668 5703 6
1714 5648 1926 5722 Πατὴρ,

266 5763 271 5789 :
631 5736 660 5790 6
711 5735 858 5809 Υἱὸς,
888 5735 981 5792 καὶ
1042 5732 1215 5800 ἄλλος
1255 5736 1320 5794 τὸ
1361 5740 1584 5811 Πνεῦμα
1635 5736 1699 5792 τὸ
1756 5737 1925 5811 ἅγιον·

2030 4666 2185 4737 quod
2236 4665 2560 4737 assumpsit
2605 4665 2665 4720 in
2719 4681 3032 4738 personam
3089 4682 3258 4721 suam
3315 4666 3597 4739 suscepit,
3620 4671 3686 4722 ut

2030 4770 2243 4828 corpus
2273 4753 2505 4810 Domini
2551 4770 2816 4827 personae
2847 4754 3085 4826 quidem
3136 4754 3369 4810 unitum
3415 4759 3591 4824 esset,
3624 4758 3685 4812 at

2028 4858 2280 4915 persona
2310 4859 2427 4898 non
2459 4846 2635 4898 esset.

2510 4936 2565 4989 5.
2606 4939 2686 4992 De
2713 4935 3192 4991 consubstantiali.

2101 5024 2639 5081 Consubstantialia
2665 5024 3341 5096 dicuntur,qutecunque
3362 5024 3683 5082 subsisten-

2030 5114 2173 5170 tiam
2208 5114 2445 5186 quidem
2486 5114 2705 5168 habent
2749 5117 3101 5184 separatam,
3136 5113 3523 5170 subsistentia
3550 5130 3684 5171 vero

2033 5203 2332 5259 communi
2371 5203 2722 5273 junguntur.
2755 5202 2849 5257 Sic
2888 5218 2991 5271 ego
3022 5208 3079 5257 et
3108 5206 3169 5256 tu
3222 5206 3279 5256 et
3330 5202 3547 5276 singuli
3581 5211 3685 5260 ho-

2032 5292 2246 5359 mines,
2281 5308 2543 5363 personaa
2573 5290 2821 5346 invicem
2855 5290 3146 5346 distinctas
3179 5308 3408 5362 sumus,
3443 5294 3543 5349 sed
3576 5293 3687 5348 sub

2035 5397 2153 5436 una
2199 5379 2533 5435 substantia
2563 5383 2619 5433 et
2656 5378 2958 5435 communi
3013 5379 3401 5437 humanitatis
3452 5381 3689 5438 notione

2035 5469 2619 5541 comprehendimur;
2653 5484 2839 5538 eoque
2877 5473 3145 5540 respectu
3192 5485 3401 5524 sumus
3431 5471 3687 5526 consub-

2035 5557 2364 5615 stantiales.
2387 5558 2674 5614 Eumdem
2703 5557 2765 5613 in
2789 5558 3030 5613 modum
3064 5557 3251 5625 Pater,
3279 5556 3459 5614 Filius
3479 5563 3536 5615 et
3556 5560 3687 5633 Spi-

2034 5648 2188 5704 ritus
2217 5651 2460 5704 sanctus
2490 5645 2759 5720 personis
2781 5646 3018 5719 quidem
3049 5646 3309 5702 distincti
3340 5651 3501 5715 eunt,
3534 5648 3685 5705 alius

2037 5736 2195 5794 enim
2224 5740 2313 5794 est
2339 5736 2531 5805 Pater,
2563 5735 2713 5793 alius
2758 5734 2964 5805 Filius,
2994 5739 3052 5792 et
3082 5735 3236 5793 alius
3262 5734 3515 5807 Spiritus
3542 5753 3684 5796 san-
