4102 6342
444 379 557 438 691

1791 376 2210 439 MICHAELIS
2255 377 2526 439 PSELLI

3743 377 3865 438 692

444 516 596 578 ctus,
657 512 912 568 essentia
973 528 1106 567 vero
1157 513 1514 584 junguntur.
1572 513 1838 568 Essentia
1898 529 2103 585 nempe

2221 512 2351 564 κατὰ
2383 509 2439 565 δὲ
2466 513 2564 580 τήν
2593 510 2772 565 οὐσίαν
2802 503 3061 579 ἥνιυνται.
3091 507 3256 565 Οὖσῖα
3302 505 3358 562 δὲ
3407 508 3546 562 ἐστιν
3604 512 3630 564 ὁ
3682 511 3872 573 κᾶινὸς

445 602 776 657 communis
826 607 913 656 est
964 602 1230 673 personis
1287 602 1456 672 ratio,
1491 619 1608 657 una
1657 603 1955 668 divinitas,
1991 619 2109 656 una

448 696 677 756 natura,
734 708 852 745 una
901 692 1106 746 forma.
1142 691 1691 747 Consubstantiales
1740 692 1922 763 igitur
1971 696 2110 746 sunt

451 780 634 848 Pater,
657 779 838 834 Filius
860 784 915 834 et
940 779 1192 850 Spiritus
1224 786 1465 836 sanctus
1487 790 1773 852 tanquam
1805 781 1904 851 qui
1929 783 2108 836 unius

445 869 833 939 ejusdemque
884 873 1023 923 sunt
1072 871 1361 924 essentim.
1399 871 1863 942 Distinguuntur
1910 887 2107 942 perso-

449 957 564 1026 nis,
592 962 656 1011 ut
686 957 907 1012 dictum
940 962 1049 1027 est,
1075 960 1173 1013 sed
1210 976 1393 1014 unum
1442 964 1582 1015 sunt
1630 960 1885 1014 essentia
1917 965 1973 1014 et
2003 977 2107 1014 na-

448 1051 605 1101 tura.
639 1047 774 1101 Ideo
808 1047 1346 1104 consubstantiales
1387 1055 1562 1119 atque
1592 1050 1850 1119 ejusdem
1888 1054 2107 1103 naturae

447 1133 730 1207 appellari
765 1141 1215 1193 consueverunt.

677 1300 732 1353 6.
769 1299 842 1353 De
876 1299 1040 1354 simul
1069 1316 1368 1371 personam
1399 1301 1874 1357 constituentibus.

517 1413 703 1469 Simul
751 1431 1060 1486 personam
1096 1417 1540 1490 constituentia}
1565 1418 1841 1473 differunt
1871 1418 2107 1489 quidem

449 1504 724 1569 essentia,
744 1505 842 1560 sed
869 1506 926 1559 in
953 1523 1126 1560 unam
1151 1508 1536 1579 eamdemque
1560 1524 1866 1579 personam
1887 1507 2112 1563 coalue-

448 1598 608 1661 runt,
652 1598 714 1647 ut
763 1599 848 1662 tu,
885 1594 1127 1650 Michael
1175 1597 1514 1668 imperator;
1558 1597 1919 1669 compositus
1951 1614 2011 1652 es
2042 1615 2109 1652 ex

451 1682 650 1736 anima
671 1687 729 1737 et
751 1700 1008 1755 corpore.
1037 1685 1134 1740 Hae
1166 1702 1298 1742 vero
1329 1690 1549 1757 partes,
1573 1686 1770 1742 anima
1793 1692 1849 1741 et
1874 1703 2106 1758 corpus,

452 1770 708 1825 essentia
737 1771 889 1827 inter
937 1791 999 1828 se
1048 1774 1324 1830 differunt
1355 1793 1366 1831 :
1393 1775 1507 1831 alia
1554 1775 1709 1830 enim
1763 1775 1962 1846 animi,
1996 1774 2111 1830 alia

450 1860 710 1930 corporis
732 1862 986 1917 essentia
1003 1867 1109 1918 est.
1136 1864 1215 1918 Ex
1238 1863 1703 1920 Christianorum
1728 1881 1859 1920 vero
1883 1868 2108 1919 senten-

2221 1859 2375 1913 εὑσίοι
2426 1863 2633 1933 ψυχῆς,

455 1949 533 2003 tia
565 1949 740 2005 simul
777 1968 1086 2021 personam
1129 1952 1251 2008 haec
1283 1954 1674 2023 constituunt,
1702 1970 1886 2024 neque
1914 1953 2111 2008 anima

452 2036 746 2108 antiquior
764 2044 849 2093 est
873 2057 1134 2111 corpore,
1151 2057 1342 2112 neque
1360 2058 1570 2111 corpus
1589 2041 1784 2096 anima
1801 2041 2106 2108 vetustius,

450 2127 550 2181 sed
577 2127 756 2182 simul
781 2129 978 2184 anima
1001 2145 1352 2201 corpusque,
1383 2136 1448 2185 ut
1469 2147 1594 2200 quea
1618 2130 1896 2186 differunt
1917 2146 2109 2185 essen-

449 2213 540 2270 tias
574 2217 821 2285 ratione,
853 2224 1348 2290 contemporanea
1380 2223 1576 2276 tamen
1611 2224 1750 2275 sunt
1798 2223 1853 2274 et
1905 2223 2108 2274 mutuo

449 2303 804 2376 subsistunt,
861 2305 1158 2378 simulque
1213 2325 1521 2379 personam
1577 2308 1998 2365 constituentia
2056 2313 2110 2364 et

450 2397 590 2448 sunt
646 2398 702 2448 et
758 2394 1150 2466 appellantur.
1184 2397 1309 2453 Non
1364 2416 1497 2454 vero
1563 2398 1738 2454 simul
1798 2415 2107 2470 personam

447 2481 875 2540 constituentes
906 2490 1047 2540 sunt
1074 2491 1259 2556 Pater,
1286 2487 1468 2543 Filius
1491 2493 1544 2543 et
1565 2489 1820 2560 Spiritus
1845 2493 2107 2558 sanctus,

447 2567 583 2624 licet
613 2571 814 2628 nullus
854 2573 1066 2630 horum
1100 2576 1398 2647 antiquior
1428 2582 1518 2632 est
1547 2577 1634 2632 vel
1664 2577 1884 2648 junior,
1919 2576 2107 2647 siqui-

449 2658 581 2714 dem
614 2662 884 2718 essentite
925 2664 1149 2720 ratione
1204 2682 1318 2720 non
1370 2666 1669 2722 differunt.
1705 2666 2106 2722 Consubstan-

450 2747 620 2805 tiales
651 2754 847 2808 autem
880 2757 938 2808 et
967 2758 1107 2809 sunt
1137 2758 1193 2809 et
1223 2754 1626 2810 nominantur.

682 2914 739 2967 7.
773 2914 846 2968 De
875 2915 1162 2969 essentiali
1191 2917 1406 2970 unitate
1435 2919 1486 2970 et
1517 2915 1852 2987 differentia.

523 3028 869 3085 Essentialis
903 3031 1101 3086 unitas
1150 3035 1258 3095 est,
1293 3048 1408 3102 qua
1441 3031 1635 3087 multae
1667 3032 2015 3104 bypostases
2046 3031 2107 3088 in

449 3132 627 3172 unam
687 3117 998 3173 essentiam
1055 3119 1430 3190 colliguntur,
1464 3125 1528 3175 ut
1575 3119 1791 3189 singuli
1838 3121 2108 3177 homines

452 3207 717 3278 personis
749 3207 1032 3277 distincti,
1065 3210 1164 3264 sed
1210 3209 1357 3263 uniti
1409 3209 1664 3265 essentia
1693 3208 1812 3263 sive
1843 3225 2105 3264 commu-

450 3294 543 3349 nis
582 3294 973 3350 humanitatis
1020 3297 1262 3352 ratione.
1298 3298 1427 3352 Haac
1477 3297 1660 3368 igitur
1711 3297 2104 3369 hypostaseon

450 3383 635 3438 unitio
666 3383 724 3438 in
761 3401 938 3440 unam
980 3387 1295 3440 essentiam
1331 3387 1547 3441 dicitur
1591 3386 1786 3441 unitas
1820 3388 2108 3444 essentia-

450 3471 544 3526 lis.
583 3472 923 3529 Essentialis
955 3490 1086 3530 vero
1121 3475 1448 3531 differentia
1479 3480 1588 3539 cst,
1623 3477 1860 3547 quando
1886 3477 2105 3547 junctae

452 3565 508 3615 et
537 3561 714 3616 unitas
746 3562 802 3616 in
838 3580 1021 3618 unum
1072 3564 1412 3636 hypostasin
1448 3570 1671 3620 naturae
1705 3565 2026 3621 inconfusae
2053 3571 2109 3622 et

455 3649 607 3704 haud
649 3649 973 3706 imminutae
1025 3658 1286 3721 manent,
1321 3659 1384 3708 ut
1415 3655 1546 3709 duae
1598 3660 1816 3709 natura:
1847 3655 1905 3710 in
1939 3656 2107 3710 Chri-

454 3742 567 3806 sto,
602 3739 880 3796 divinitas
921 3746 978 3796 et
1027 3742 1368 3798 humanitas
1426 3744 1481 3797 in
1545 3761 1723 3798 unam
1783 3745 2106 3814 conjunctae

456 3841 769 3896 personam
805 3847 919 3884 non
954 3832 1209 3885 confusa:
1245 3849 1429 3903 neque
1463 3833 1788 3888 imminutae
1822 3839 1981 3902 sunt,
2007 3835 2107 3889 sed

456 3917 758 3972 essentiali
789 3919 1121 3975 differentia
1165 3921 1629 3991 distinguuntur.
1665 3923 1919 3994 Singulas
1952 3923 2104 3978 enim

456 4002 668 4060 harum
719 4011 1062 4062 naturarum
1114 4009 1432 4064 inconfusa:
1464 4017 1514 4066 et
1557 4010 1938 4083 impermistaa
1971 4016 2109 4067 sunt

457 4093 678 4148 ratione
738 4096 1037 4163 essentia},
1090 4096 1366 4152 dili‘erunt
1426 4106 1621 4155 autem
1681 4100 1930 4154 invicem
1991 4119 2106 4157 non

456 4181 646 4249 quoad
693 4199 1026 4253 personam,
1063 4201 1177 4239 una
1228 4188 1384 4241 enim
1437 4188 1700 4258 utrisque
1753 4189 2104 4260 hypostasis,

455 4269 555 4324 sed
588 4271 886 4327 essentiali
918 4273 1263 4328 differentia.

695 4493 747 4549 8.
782 4494 855 4550 De
888 4497 1172 4566 personati
1203 4499 1407 4552 unione
1437 4502 1492 4552 et
1521 4498 1862 4569 diﬁ‘erenliu.

528 4616 861 4674 Personalis
911 4619 1048 4676 unio
1099 4626 1208 4688 est,
1241 4638 1366 4692 quas
1411 4623 1674 4678 diversas
1722 4624 2010 4680 essentias
2052 4629 2108 4682 et
2140 4628 2184 4692 D

463 4708 705 4761 naturas
745 4706 803 4762 in
851 4724 1027 4763 unam
1077 4725 1389 4780 personam
1422 4715 1478 4767 et
1509 4729 1687 4767 unam
1735 4714 2112 4784 eamdemque

462 4793 805 4867 hypostasin
828 4796 1112 4869 colligens
1135 4816 1200 4855 ac
1220 4800 1653 4873 constringens,
1672 4801 1815 4856 utin
1839 4801 2111 4858 incarna-

459 4884 617 4940 tione
647 4885 880 4942 Domini
931 4887 1118 4944 nostri
1155 4889 1294 4945 Jesu
1329 4889 1540 4946 Christi
1594 4891 1729 4946 unio
1781 4892 2108 4947 intercessit

461 4973 808 5043 personalis.
835 4981 968 5031 Duas
990 4977 1147 5032 enim
1181 4982 1400 5033 naturae
1429 4979 1485 5033 in
1514 4979 1641 5050 ipso
1671 4979 1729 5034 in
1757 4997 1935 5035 unam
1959 4997 2087 5035 eam

459 5061 710 5133 demque
741 5081 1050 5136 personam
1085 5067 1392 5123 ineonfuse
1421 5075 1558 5123 sunt
1592 5069 1785 5124 unitas.
1821 5070 2106 5125 Persona-

455 5147 529 5205 lis
557 5168 690 5207 vero
719 5154 1043 5210 differentia
1063 5160 1172 5222 est,
1193 5158 1428 5226 quando
1451 5159 1560 5213 sub
1591 5176 1706 5213 una
1727 5164 1785 5214 et
1807 5159 2106 5214 communi

453 5242 708 5296 essentia
756 5243 1191 5314 comprehensae
1253 5263 1512 5316 personae
1564 5248 1811 5302 invicem
1865 5265 2105 5304 numero

453 5327 918 5402 distinguuntur,
942 5338 997 5387 et
1021 5333 1476 5404 proprietatibus
1498 5340 1776 5408 tanquam
1802 5337 1975 5392 certis
2004 5355 2104 5394 no-

451 5417 528 5472 tis
560 5419 758 5489 plures
805 5424 1198 5492 constituunt,
1231 5427 1730 5494 quemadmodum
1781 5432 1845 5481 tu
1893 5435 1947 5481 et
1999 5443 2103 5498 ego

450 5510 626 5578 atque
648 5510 837 5580 quivis
861 5509 957 5566 alii
980 5511 1248 5567 homines
1270 5515 1725 5586 proprietatibus
1743 5521 1798 5570 et
1816 5516 2106 5571 characte-

450 5594 615 5653 ribus
647 5599 911 5654 distincti
951 5601 1023 5655 ab
1074 5600 1321 5656 invicem
1373 5621 1601 5671 sumus,
1637 5614 1690 5660 et
1720 5604 2105 5676 personaliter

452 5684 802 5744 differimus.
833 5688 923 5743 Sic
953 5688 1113 5743 verbi
1163 5690 1352 5760 gratia
1382 5708 1488 5764 ego
1532 5711 1666 5750 sum
1697 5693 1870 5766 paulo
1901 5711 2100 5766 proce-

452 5771 588 5844 rior,
623 5775 786 5832 fusco
817 5775 1026 5842 colore,
1052 5780 1107 5830 ct
1137 5776 1443 5836 subalbus.
1468 5782 1600 5838 Tibi
1629 5788 1855 5840 statura
1885 5783 2098 5840 medio-

2218 597 2382 675 λόγος
2437 605 2543 654 τῶν
2604 595 3124 670 ὑποστάσεων,ἤτοι
3186 599 3219 667 ἡ
3277 597 3370 669 μία
3420 599 3634 670 θεότης,
3667 600 3700 668 ἡ
3767 599 3871 671 μία

2218 687 2395 764 φύσις,
2428 692 2461 759 ἡ
2500 689 2597 762 μία
2632 692 2836 767 μορφή.
2870 687 3171 761 Ὀμοούσια
3231 685 3322 741 οῦν
3353 689 3379 742 ὁ
3416 688 3622 763 Πατὴρ,
3655 689 3682 742 ό
3715 688 3866 756 Υἱὸς,

2217 777 2304 832 καῖ
2353 780 2414 832 τὸ
2472 784 2692 852 Πνεῦμα
2747 780 2810 834 τὸ
2864 780 3034 851 ἅγιον,
3101 777 3174 838 ὡς
3219 784 3318 845 τῆς
3377 776 3545 840 αὐτῆς
3597 778 3683 831 καὶ
3739 782 3870 849 μιᾶς

2215 871 2582 942 τυγχάνονται
2615 868 2818 929 οὐσίας.
2853 867 3146 942 Διῄρηνται
3196 866 3288 938 μὲν
3352 867 3465 938 οὗν⁹
3498 867 3572 928 ὡς
3633 863 3867 941 εἴρηται,

2216 959 2348 1013 κατὰ
2402 957 2496 1022 τὰς
2557 959 2898 1024 ὑποστάσεις,
2932 957 3168 1026 ἦνωνται
3225 953 3280 1009 δὶ
3333 955 3468 1009 κατὰ
3523 957 3621 1025 τὴν
3681 955 3864 1008 οὐσίαν

2217 1045 2339 1115 ἤτοι
2391 1048 2568 1124 φύσιν.
2603 1049 2700 1102 Διὰ
2745 1051 2906 1102 τοῦτο
2958 1045 3048 1100 οὗν
3101 1045 3353 1119 λέγονται
3406 1044 3691 1117 ὁμοοῦσια,
3731 1043 3872 1098 κατὰ

2219 1139 2461 1214 ὁμοφυῆ.

2683 1304 2743 1362 ς’.
2779 1297 2907 1372 Περῖ
2941 1294 3368 1369 ὁμοϋποστάτων
3381 1341 3392 1352 .

2288 1414 2704 1487 Ὀμοϋπόστατα
2737 1412 3013 1488 λέγονταε,
3047 1411 3144 1466 ὅσα
3177 1409 3418 1489 διαφέρει
3455 1412 3548 1484 μὲν
3602 1409 3871 1481 ἀλλήλων

2217 1504 2352 1558 κατὰ
2380 1505 2480 1572 τὴν
2521 1502 2738 1572 οὐσίαν,
2773 1502 2850 1563 εἰς
2888 1502 3009 1574 μίαν
3043 1499 3100 1555 δὲ
3129 1500 3215 1555 καὶ
3257 1502 3353 1568 τὴν
3415 1501 3584 1569 αὐτὴν
3638 1500 3876 1554 ὑπόστα-

2219 1614 2298 1646 σιν
2332 1590 2613 1662 ἀλλήλοις
2648 1592 2966 1656 συντίθεται,
3004 1593 3118 1644 οἷον
3152 1590 3235 1657 σὺ,
3266 1591 3293 1644 ὁ
3330 1589 3584 1664 βασιλεὺς
3611 1589 3878 1664 Μιχαὴλ,

2219 1682 2278 1735 ἐν.
2328 1685 2514 1755 ψυχῆς
2559 1681 2648 1735 καὶ
2703 1681 2977 1753 σώματος.
3010 1684 3183 1733 Ταῦτα
3235 1675 3290 1732 δὲ
3335 1679 3402 1732 τὰ
3455 1678 3614 1754 μέρη,
3648 1681 3682 1747 ἡ
3715 1679 3874 1752 ψυχή

2217 1770 2304 1825 καὶ
2332 1771 2394 1824 τὸ
2427 1775 2605 1842 σῶμα,
2642 1766 2872 1846 διάφοραὶ
2906 1768 3005 1822 εἶσι
3039 1769 3176 1822 κατὰ
3203 1769 3301 1835 τὴν
3333 1767 3538 1824 οὐσίαν.
3563 1766 3743 1836 Ἄλλη
3768 1769 3875 1842 γὰρ

2686 1859 2774 1911 καὶ
2834 1855 2978 1927 ἄλλη
3040 1858 3315 1929 σώματος.
3365 1857 3776 1930 Ὁμοϋπόστατα
3817 1854 3880 1909 δὲ

2219 1949 2351 2003 κατά
2380 1950 2477 2017 τήν
2513 1948 2900 2021 Χριστιανικῆν
2953 1943 3136 2016 δόξαν·
3178 1944 3299 2000 οὔτε
3338 1945 3441 2020 γὰρ
3475 1949 3508 2015 ἡ
3543 1947 3695 2021 ψυχὴ
3737 1967 3876 2021 προ-

2217 2037 2495 2114 γενεστὲρα
2551 2041 2647 2090 τοῦ
2693 2037 2968 2108 σώματος,
3004 2031 3125 2089 οὕτε
3181 2035 3241 2088 τὸ
3295 2039 3452 2107 σῶμα
3503 2029 3870 2110 πρεσϐύτερον

2216 2127 2316 2195 τῆς
2349 2129 2556 2201 ψυχῆς,
2587 2124 2713 2180 ἀλλ’
2745 2126 2884 2197 ὁμοῦ
3100 2123 3190 2177 καῖ
3220 2128 3398 2194 σῶμα,
3425 2123 3562 2177 ὥστε
3607 2122 3703 2176 ὅσα
3748 2121 3869 2176 δια-

2221 2215 2365 2293 φέρει
2425 2215 2558 2270 κατὰ
2607 2216 2704 2284 τὴν
2766 2214 2972 2285 οὐσίαν,
3007 2207 3291 2288 ὁμόχρονα
3341 2210 3511 2266 δὲκαὶ
3547 2211 3878 2282 συνάλληλα

2221 2304 2540 2380 ὑφέστηκεν,
2599 2304 2984 2374 ὁμοϋπόστατα
3049 2303 3137 2356 καὶ
3197 2300 3303 2356 ἔστι
3373 2301 3463 2355 καὶ
3524 2301 3874 2374 ὀνομάζεται.

2220 2394 2336 2450 Οὐκ
2368 2393 2499 2447 εἰσιν
2542 2393 2631 2445 οὖν
2669 2392 3052 2465 ὁμοϋπόστατα
3086 2392 3112 2444 ὁ
3165 2392 3372 2463 Πατὴρ,
3407 2391 3433 2443 ὁ
3482 2391 3608 2451 Υἱὸς
3664 2388 3756 2442 καί
3808 2389 3876 2443 τὸ

2218 2487 2438 2556 Πνεῦμα
2466 2482 2527 2536 τὸ
2561 2482 2738 2556 ἅγιον,
2773 2481 2816 2535 εἶ
2864 2481 2952 2535 καὶ
3003 2477 3174 2554 μηδὲν
3233 2479 3444 2534 τούτων
3503 2473 3877 2553 πρεσϐύτερον

2219 2570 2765 2647 καὶνεώτερον,ἐπεὶ
2819 2569 2880 2624 οὑ
2942 2567 3254 2647 διαφέρουσι
3312 2569 3446 2623 κατὰ
3502 2570 3600 2636 τὴν
3663 2567 3875 2624 οὐσίαν.

2218 2661 2520 2735 Ὁμοούσια
2553 2659 2609 2714 δὲ
2639 2660 2729 2715 καὶ
2761 2660 2864 2714 εἶσι
2894 2659 2982 2714 καὶ
3019 2659 3402 2732 ὀνομάζονται.

2398 2914 2461 2982 ζ’.
2488 2913 2615 2989 Περὶ
2645 2910 2943 2976 οὐσιώδους
2973 2913 3214 2974 ἒνὼσεως
3245 2908 3333 2966 καί
3367 2907 3650 2988 διαφορᾶς.

2286 3026 2570 3099 Οὖσιώδης
2627 3027 2822 3091 ἓνωσίς
2883 3027 3216 3097 ἰστινὴτᾶς
3273 3025 3486 3089 πολλὰς
3545 3024 3870 3085 ὑποστάσεις

2218 3119 2293 3180 εἷς
2357 3118 2478 3191 μίαν
2531 3117 2717 3172 οὐσίαν
2767 3117 3087 3192 συνάγουσα,
3121 3119 3235 3172 οἷον
3282 3116 3500 3170 οἱκατὰ
3533 3116 3692 3190 μέρος
3745 3113 3878 3168 πάν-

2216 3229 2304 3270 τες
2336 3204 2612 3283 ἅνθρωποι
2641 3206 2968 3283 διῃρημένοι
3027 3206 3129 3260 εἰσὶ
3185 3204 3322 3260 κατὰ
3371 3205 3465 3266 τὰς
3525 3205 3876 3270 ὑποστασεις,

2218 3297 2495 3369 ἡνωμένοι
2531 3293 2588 3350 δὲ
2619 3297 2755 3351 κατὰ
2785 3297 2883 3365 τήν
2917 3295 3123 3368 οὐσίαν,
3156 3293 3281 3364 ἤτοι
3311 3295 3401 3348 τὸν
3436 3292 3599 3367 λόγον
3648 3296 3748 3354 τῆς
3781 3293 3875 3346 ἀν-

2216 3386 2590 3460 θρωπότητος.
2653 3384 2800 3454 Αὕτη
2865 3382 2956 3438 οὗν
3016 3386 3050 3452 ἡ
3110 3381 3302 3444 ἓνωσις
3352 3388 3457 3437 τῶν
3531 3383 3879 3437 ὑποστάσεων

2216 3475 2350 3530 κατά
2378 3475 2475 3542 τὴν
2514 3475 2638 3546 μίαν
2693 3473 2874 3528 οὐσίαν
2920 3472 3130 3547 λέγεται
3189 3470 3468 3542 οὐσιώδης
3522 3470 3736 3533 ἕνωσις.
3767 3470 3877 3526 Οὑ-

2218 3561 2424 3634 σιώδης
2482 3561 2538 3618 δὲ
2595 3562 2709 3618 ἐστι
2767 3560 3019 3639 διαφορὰ,
3053 3562 3178 3616 ὅταν
3239 3562 3293 3615 αἱ
3353 3560 3630 3624 ἐνωθεῖσαι
3687 3558 3878 3637 φύσεις

2218 3654 2295 3715 εἷς
2331 3654 2453 3726 μίαν
2487 3651 2776 3707 ὑπόστασιν
2810 3652 3107 3727 ἀσὺγχυτοι
3138 3651 3226 3705 καὶ
3289 3649 3553 3723 ἀμείωτοι
3614 3648 3874 3721 μένωσιν.

2217 3745 2344 3796 Οἷον
2375 3743 2430 3796 αἱ
2463 3739 2558 3796 δύο
2590 3743 2775 3819 φύσεις
2806 3745 2902 3796 τοῦ
2934 3744 3190 3812 Χριστοῦ,
3221 3738 3346 3808 ἤτοι
3376 3742 3411 3808 ἡ
3456 3739 3647 3808 θεότης
3694 3738 3784 3791 καὶ
3837 3740 3874 3807 ἡ

2218 3831 2594 3903 ἀνθρωπότης,
2620 3831 2693 3892 εἷς
2727 3831 2850 3904 μίαν
2887 3829 3237 3885 συνελθοῦσαι
3295 3828 3585 3883 ὑπόστασιν
3643 3827 3704 3882 οὖ
3747 3848 3877 3880 συν-

2220 3920 2490 3995 εχύθησαν
2551 3918 2676 3975 οὐδὲ
2746 3919 3111 3993 ἐμειώθησαν,
3163 3918 3288 3973 ἀλλ’
3338 3912 3557 3992 ἔχουσιν
3625 3913 3872 3985 οὑσιώδη

2218 4011 2318 4077 τήν
2352 4008 2633 4087 διαφοράν,
2668 4011 2897 4080 Ἑκάστη
2931 4010 3032 4084 γὰρ
3065 4012 3170 4062 τῶν
3231 4005 3326 4062 δύο
3379 4006 3586 4082 φύσεων
3634 4003 3874 4080 ἇφυρτός

2222 4097 2332 4152 ἐστι
2381 4098 2469 4153 καὶ
2528 4098 2835 4173 ἀτύγχυτος
2886 4098 3020 4152 κατά
3067 4098 3158 4151 τὸν
3208 4103 3308 4166 τῆς
3344 4095 3524 4159 οὐσίας
3568 4092 3755 4168 λόγον,
3782 4093 3876 4147 καί

2223 4185 2562 4264 διαφέρουσιν
2626 4186 2914 4257 ἀλλήλων,
2948 4187 3011 4240 οὐ
3069 4186 3207 4240 κατὰ
3256 4186 3354 4253 τήν
3414 4185 3738 4239 ὑπόστασιν·
3777 4181 3879 4254 μία

2218 4276 2318 4351 γὰρ
2381 4277 2586 4354 ἀμφοῖν
2644 4279 2679 4346 ἡ
2741 4277 3054 4336 ὑπόστασις·
3088 4272 3234 4330 ἀλλὰ
3287 4275 3424 4329 κατὰ
3471 4275 3571 4342 τήν
3630 4269 3878 4338 οὑσιώδη

2222 4365 2502 4445 διαφοράν.

2381 4509 2449 4572 η’.
2479 4500 2608 4575 Περὶ
2642 4501 3010 4568 ὑποστατιγῆς
3039 4498 3282 4559 ἕνώσιως
3305 4498 3396 4552 καὶ
3426 4493 3708 4573 διαφορᾶς.

2287 4626 2643 4693 Ὑποστατική
2674 4621 2865 4685 ἓνωσίς
2915 4622 3056 4678 ἔστιν
3102 4625 3137 4692 ἡ
3185 4622 3279 4684 τὰς
3330 4619 3622 4699 διαφόρους
3685 4619 3880 4682 οὐσίας

2220 4717 2310 4770 καὶ
2343 4714 2523 4792 φύσεις
2555 4713 2632 4777 εἷς
2659 4713 2712 4767 ἓν
2744 4712 3035 4786 πρόσωπον
3068 4711 3158 4766 καὶ
3189 4711 3312 4783 μίαν
3367 4711 3465 4778 τὴν
3513 4709 3684 4777 αὐτὴν
3735 4708 3878 4763 ὑπό-

2222 4825 2401 4858 στασιν
2463 4800 2760 4878 συνάγουσά
2825 4821 2884 4855 τε
2938 4800 3028 4854 καὶ
3088 4797 3400 4866 συνδέουσα,
3451 4801 3564 4853 οἷον
3627 4796 3715 4850 ἐπὶ
3775 4803 3881 4866 τῆς

2219 4891 2535 4964 οἶκονομίας
2562 4895 2658 4945 τοῦ
2690 4889 2887 4963 Κυρίου
2935 4891 3097 4960 ἡμῶν
3127 4890 3306 4958 Ἰησοῦ
3356 4890 3592 4962 Χριστοῦ
3635 4885 3881 4939 ὑποστα-

2215 4982 2340 5049 τική
2374 4979 2582 5054 ἐγένετο
2610 4977 2824 5040 ἓνωσις.
2859 4978 2929 5032 Al
2956 4978 3060 5053 γὰρ
3094 4975 3188 5031 δύο
3220 4977 3407 5054 φύσεις
3434 4975 3582 5046 αὑτῷ
3613 4972 3689 5034 εἷς
3746 4973 3880 5046 μίαν

2215 5069 2304 5125 καὶ
2362 5072 2462 5138 τήν
2544 5068 2710 5137 αὒτὴν
2800 5066 3086 5121 ὑπόστασιν
3173 5066 3492 5141 ἀσυγχύτως
3550 5063 3875 5132 ἡνώθησαν.

2215 5160 2575 5227 Ὑποστατικὴ·
2605 5157 2662 5212 δὲ
2695 5156 2803 5212 ἐστι
2848 5154 3101 5232 διαφορὰ,
3135 5154 3259 5210 ὅταν
3319 5156 3375 5209 αἱ
3426 5155 3527 5209 ὑπὸ
3577 5152 3678 5219 τὴν
3744 5150 3881 5223 μίαν

2216 5247 2398 5303 οὐσίαν
2446 5246 2762 5307 ὑποστάσεις
2797 5243 3083 5320 διῄρηνται
3136 5245 3227 5298 ἀπ’
3287 5241 3552 5312 ἀλλήλων
3611 5240 3689 5301 εἷς
3745 5238 3885 5314 ἀρι-

2216 5339 2350 5410 θμὸν
2381 5337 2469 5391 καὶ
2503 5335 2716 5405 πλῆθος
2749 5334 2834 5389 ἐπὶ
2891 5340 3009 5396 τοῖς
3061 5337 3494 5409 χαραχτηρικοῖς
3553 5328 3886 5402 ὶδιιέιμιτισιν³

2214 5429 2328 5480 οἷον
2361 5426 2423 5480 σὺ
2451 5426 2540 5481 καὶ
2573 5424 2678 5501 ἐγὼ
2708 5424 2799 5478 καὶ
2829 5422 3023 5486 πάντες
3074 5423 3125 5477 οἱ
3171 5423 3307 5477 κατᾶ
3369 5423 3531 5496 μέρος
3593 5419 3883 5490 ἄνθρωποι

2211 5521 2328 5577 τοῖς
2386 5519 2818 5590 χαρακτηρικοῖς
2866 5511 3131 5584 ἴδιώμασι
3212 5510 3538 5590 διαφέρομεν
3600 5504 3881 5576 ἀλλήλων

2210 5605 2347 5660 κατὰ
2375 5604 2467 5667 τάς
2526 5605 2865 5665 ὑποστάσεις.
2898 5603 2986 5665 Ὧς
3037 5601 3162 5679 φέρι
3207 5600 3374 5655 εἴπεῖν
3435 5599 3538 5675 ἐγὼ
3595 5596 3690 5669 μὶν
3753 5595 3878 5668 εἰμὶ

2215 5694 2442 5769 μακρὸς,
2507 5692 2877 5768 μελάγχρους,
2939 5687 3280 5765 ὑποψελλὸς,
3337 5688 3399 5744 σὺ
3477 5685 3534 5742 δί
3610 5680 3878 5758 μεσῆλιξ;

2212 5781 2427 5854 λευκὸς,
2469 5782 2558 5837 τὸν
2605 5779 2942 5858 προφορικὸν
2988 5777 3156 5857 λόγον
3221 5780 3406 5854 ὑγιής.
3445 5774 3717 5834 Ὡσαύτως
3778 5774 3886 5829 καὶ

3328 5879 3349 5904 Ι
