4072 6346
322 355 448 415 697

1505 378 1608 438 DE
1652 380 2089 445 OMNIFARIA
2141 389 2554 452 DOCTRINA.

3620 393 3742 454 698

327 484 540 596 στάσεις
568 493 670 556 τῆς
696 487 846 564 ἆγίας
875 492 1131 566 θεότητος
1190 500 1387 564 πάσαις
1435 510 1555 570 ταῖς
1607 514 1707 577 τῆς
1763 511 1939 586 ἀνθρώ

2086 519 2353 588 personis
2384 520 2661 579 humanis
2686 522 2886 579 unitas
2908 540 3037 579 esse
3068 523 3472 596 personaliter,
3505 525 3743 596 integrae

324 574 571 644 πότητος
607 577 932 635 ὑποστάσεσι
981 587 1098 639 καθ’
1126 588 1419 653 *ὑπόστασιν
1453 595 1767 665 ήνώθησαν.
1830 574 1980 676 [lion

329 658 374 676 α.
476 668 502 676 -
576 665 589 676 ς
801 669 810 676 -
997 673 1005 676 -

324 658 386 715 δὲ
438 668 506 737 τῇ
560 665 877 757 ,ἀνθρωπίνῃ
939 673 1096 744 φύσει
1153 678 1326 754 φαμὲν
1379 658 1644 753 ἔνωθῆναι
1677 693 1848 742 πᾶσαν
1881 658 1978 757 τήξ

320 758 425 850 της
483 753 738 850 θεότητος
789 757 994 816 οὐσίαν.
1047 753 1178 820 Κατ⁶
1233 766 1423 825 οὐδένα
1447 772 1547 849 γὰρ
1603 772 1766 850 λόγον
1807 753 1977 833 κεκοι-

321 842 566 912 νώνηκεν
617 845 644 898 6
678 849 864 924 Πατὴρ
892 851 982 905 καὶ
1031 853 1094 908 τὸ
1144 860 1365 932 Πνεῦμα
1388 842 1634 938 τὸτᾶγιον
1766 869 1979 942 σαρκώ-

320 952 401 986 σει
426 938 536 1032 10:3-
544 941 688 1032 Θεοῦ
720 939 911 1032 ὸόγοο,
971 943 1016 1032 εἰ
1069 946 1145 1018 μὴ
1176 950 1293 1003 κατ’
1347 948 1601 1009 εὐδοκίαν
1640 938 1731 1010 κσιῖ
1768 938 1975 1032 [30617,-

321 1041 428 1076 σιν.
491 1028 642 1080 Πᾶσα
697 1027 787 1081 οὖν
842 1031 878 1099 ἡ
930 1031 1086 1109 φύσις
1145 1036 1210 1090 οὐ
1270 1042 1405 1095 κατά
1457 1047 1635 1117 μερῶν
1696 1027 1846 1112 ἐν’τῆ
1875 1052 1974 1103 τοῦ

316 1111 563 1185 Χριστοῦ
593 1114 883 1173 ὑποστάσει
916 1128 1246 1200 συνεργεῖται
1278 1131 1357 1201 τῷ
1386 1111 1521 1204 Θεῶ.

754 1220 835 1282 ιδ’.
872 1228 998 1301 Περὶ
1033 1228 1243 1304 φύσεως
1274 1233 1552 1299 ἀπαθείας.

390 1325 662 1424 ’ρφείλεις
716 1330 1014 1424 ὸμολογεῖν
1060 1335 1143 1391 ὅτι
1201 1341 1236 1409 ἡ
1295 1341 1452 1417 φύσις
1480 1348 1577 1398 τοῦ
1603 1346 1784 1422 Λόγου
1816 1347 1969 1424 ἐσαρ-

310 1414 486 1511 κώθη..
525 1415 650 1511 ἤτοι
702 1420 903 1511 ήνώθη,
926 1424 1103 1499 σαρκί.
1139 1426 1215 1484 Οὐ
1270 1414 1344 1501 μὴ
1379 1428 1461 1486 ὅτι
1495 1435 1529 1503 ἡ
1565 1414 1722 1511 φύσις
1750 1435 1847 1492 τοῦ
1870 1414 1969 1493 A6-

308 1524 416 1600 γου
460 1500 619 1600 ἔπαθε
642 1510 830 1600 σαρκὶ,
859 1510 986 1567 ἀλλ’
1017 1515 1099 1569 ὅτι
1161 1516 1188 1570 6
1219 1519 1448 1593 Χριστὸς
1479 1500 1641 1577 ἔπαθε
1672 1526 1848 1600 σαρκί*
1884 1526 1965 1582 ὅτι

313 1592 410 1664 μὲν
471 1595 573 1669 γὰρ
633 1597 662 1651 6
719 1600 849 1663 Θεὸς
900 1600 1183 1678 ἅνθρωπος
1230 1608 1438 1683 γέγονε,
1498 1612 1585 1666 καὶ
1620 1614 1905 1688 ἄνθρωπος
1938 1619 1964 1671 6

308 1681 443 1744 Θεὸς
489 1683 903 1778 ὸμολογοῦμν.
954 1693 1049 1746 Καὶ
1103 1692 1184 1748 ὅτι
1245 1698 1279 1765 ἡ
1308 1681 1524 1769 ἠθεότης
1556 1681 1739 1773 ἧνώθη
1772 1708 1840 1778 τῇ
1873 1705 1963 1759 ἀν-

310 1773 626 1845 θρωπότητι
660 1775 710 1830 ἒν
766 1783 863 1849 μιᾷ
914 1785 1024 1835 τῶν
1081 1782 1249 1854 αὐτῆς
1309 1787 1673 1862 ὑποστάσεων,
1709 1796 1963 1866 μεμαθήο

2093 622 2226 661 vero
2245 613 2469 665 natura)
2492 610 3060 684 humanaeintegram
3082 612 3326 667 Deitatis
3350 613 3742 669 substantiam

2093 696 2319 753 unitam
2352 714 2480 754 esse
2513 700 2897 756 affirmamus.
2934 700 3105 756 Nulla
3133 702 3289 757 enim
3325 706 3548 758 ratione
3578 702 3747 759 Pater

2089 788 2145 838 et
2187 785 2441 857 Spiritus
2474 794 2715 844 sanctus
2746 806 2881 845 cum
2926 788 3328 847 incarnatione
3377 791 3547 848 Verbi
3580 809 3739 848 com-

2089 876 2428 943 municavit,
2464 877 2578 933 nisi
2637 878 3057 951 complacendo
3109 884 3166 934 et
3210 880 3476 937 volendo.
3509 882 3743 954 Integra

2085 961 2263 1035 igitur
2294 972 2525 1037 natura,
2558 984 2661 1023 nec
2694 985 2827 1039 pars
2858 970 2986 1039 ejus
3017 974 3246 1025 tantum
3275 969 3334 1025 in
3363 969 3580 1026 Christi
3612 988 3740 1043 per-

2086 1068 2231 1109 sona
2262 1061 2535 1126 operatur
2564 1057 2762 1114 divina
2792 1059 3149 1130 operatione.

2326 1252 2410 1308 14.
2446 1253 2518 1309 De
2545 1258 2764 1310 natura:
2794 1254 2997 1310 divinae
3028 1255 3493 1327 impossibilitate.

2153 1356 2448 1413 Fateberis
2480 1360 2683 1432 utique
2712 1370 2988 1417 naturam
3019 1362 3189 1417 Verbi
3221 1361 3583 1418 incarnatam
3608 1365 3730 1421 sive

2080 1447 2241 1499 carni
2276 1449 2500 1503 unitam
2534 1450 2816 1505 essc.Non
2849 1451 2980 1506 ideo
3014 1460 3222 1506 natura
3249 1450 3422 1506 Verbi
3446 1469 3620 1523 passa
3640 1460 3732 1509 est

2079 1532 2135 1587 in
2169 1550 2364 1606 carne,
2398 1538 2496 1591 sed
2531 1536 2803 1594 Christus
2840 1542 2895 1594 in
2933 1556 3107 1594 carne
3139 1556 3348 1611 passus
3376 1544 3465 1595 est
3498 1557 3510 1594 :
3545 1545 3725 1597 Deum

2077 1623 2231 1677 enim
2284 1622 2582 1680 hominem
2634 1635 2690 1680 et
2735 1627 3033 1682 hominem
3089 1629 3267 1682 Deum
3321 1629 3537 1683 factum
3599 1646 3728 1684 esse

2075 1712 2784 1770 conﬁtemur.Didicimus
2807 1733 3042 1787 quoque
3064 1717 3429 1772 divinitatem
3455 1734 3583 1773 esse
3607 1719 3731 1775 uni-

2075 1805 2191 1855 tam
2230 1801 2583 1858 humanitati
2636 1806 2695 1859 in
2754 1822 2868 1859 una
2916 1822 3166 1877 persona
3199 1806 3459 1861 humana
3493 1823 3506 1861 :
3541 1807 3724 1861 deita—

219 1901 222 1905 .
304 1879 500 1933 καμεν,
560 1860 642 1918 ὅτι
702 1863 757 1921 δὲ
806 1870 839 1938 ἡ
873 1869 1065 1941 θεότης
1115 1873 1399 1949 ἅνθρωπος
1441 1860 1942 1955 γέ.γονεν,ηένην-

2069 1892 2183 1944 tem
2215 1895 2414 1946 autem
2446 1894 2747 1948 hominem
2780 1911 2908 1949 esse
2948 1895 3183 1958 factam,
3214 1893 3298 1949 vel
3334 1894 3723 1965 incarnatam,

305 1950 617 2021 θρώπησεν,
681 1953 938 2029 οὐδαμῶς
999 1960 1346 2036 ἀκηκόαμεν.
1401 1950 1549 2021 Ἐνπεὶ
1610 1966 1666 2023 δὲ
1722 1971 1811 2025 οὗν
1869 1969 1965 2029 δύο

308 2037 496 2113 oio-etc
567 2045 665 2095 τοῦ
724 2049 977 2119 Χριστοῦ,
1043 2046 1138 2104 6-50
1189 2050 1354 2106 αὖτοῦ
1411 2056 1497 2109 καὶ
1556 2056 1621 2110 τὰ
1679 2059 1965 2133 θελήματα

302 2127 526 2190 πάντως
576 2131 643 2184 τὰ
700 2135 915 2209 φυσικὰ,
949 2136 1037 2190 καῖ
1099 2137 1388 2210 θελητικὸς
1420 2142 1559 2198 ἆστιν
1592 2146 1619 2199 6
1651 2146 1812 2211 αὐτὸς
1843 2151 1967 2206 κατ’

298 2212 465 2294 ἄμφω
494 2222 605 2273 τῶν
653 2218 816 2275 αὐτοῦ
869 2223 1102 2301 φύσεων.
1152 2229 1266 2297 Τιξν
1305 2229 1404 2306 γὰρ
1440 2238 1680 2308 φυσικῶς
1728 2235 1957 2312 ἐνυπάρ-

297 2322 512 2379 χουσαν
572 2309 708 2381 ἡμῖν
740 2310 1033 2383 θελητικήν
1063 2313 1290 2389 δύναμιν
1325 2315 1572 2378 ἀνέλαϐε.
1607 2322 1710 2378 Δύο
1743 2323 1833 2379 οὖν
1866 2309 1955 2382 καὶ

292 2393 391 2486 τὰς
413 2391 686 2472 ἐνεργείας
717 2399 885 2455 αὐτοῦ
912 2423 1104 2480 φαμεν
1139 2406 1258 2481 εἶχε
1291 2409 1385 2480 μὲν
1417 2410 1543 2485 γὰρ,
1582 2412 1656 2474 ὡς
1694 2413 1788 2486 μὶν
1823 2421 1954 2479 Θεος

295 2481 388 2535 καὶ
414 2488 494 2555 τῷ
551 2488 717 2562 Πατρὶ
749 2489 1065 2563 ὁμοούσιος,
1097 2495 1195 2564 τὴν
1227 2495 1370 2551 θείαν
1405 2497 1691 2576 ἐνέργειαν,
1747 2505 1835 2559 καὶ
1879 2505 1951 2568 ὡς

295 2568 586 2647 ἄνθρωπος
616 2576 908 2650 γενόμενος
957 2582 1046 2636 καὶ
1098 2585 1232 2657 ἡμῖν
1265 2586 1581 2660 ὁμοούσιος,
1613 2598 1711 2660 τῆς
1740 2592 1946 2670 ἀνθρω-

294 2659 459 2733 πίνης
488 2663 695 2741 φύσεως
727 2668 825 2737 τὴν
854 2667 1144 2747 ἐνέργειαν.

893 2851 973 2907 ιε’.
1008 2851 1106 2914 Τίς
1139 2853 1167 2908 6
1195 2854 1342 2919 Θεός.

360 2929 503 2988 Οὔτε
532 2935 560 2989 6
592 2933 817 3012 οὐρανὸς
849 2938 1131 3009 Θεὸς,οἰ5τε
1162 2944 1189 2997 6
1220 2940 1402 3017 ἥλιος,
1428 2941 1551 3000 οὔτε
1581 2943 1723 3003 ἄλλο
1752 2969 1802 3003 τι
1832 2954 1938 3006 τῶν

287 3018 611 3094 ὁρωμένων,
642 3021 769 3112 ἀλλ’
801 3024 927 3112 οὑδὶ
957 3028 985 3082 6
1015 3027 1397 3104 πολυτίμητος
1425 3034 1515 3088 καὶ
1546 3034 1939 3112 πολυθρύλλη-

280 3128 377 3170 τος
434 3114 580 3173 νοῦς·
615 3110 743 3168 οὐδὲ
770 3111 887 3169 ῗδὲα
938 3138 1021 3179 τις
1079 3120 1215 3175 κατὰ
1243 3119 1506 3178 Πλάτωνα
1548 3110 1798 3201 χωριστή
1832 3110 1937 3183 σω-

285 3199 497 3270 μάτων,
558 3200 683 3288 ᾀλλ¹
743 3200 867 3259 οὐδὲ
924 3205 1080 3284 φύσις
1135 3208 1282 3275 ὅλως
1312 3199 1779 3288 ὲγκόσμιοᾲᾶλλν
1812 3215 1938 3274 οὐδὲ

285 3289 424 3356 ζωὴ,
487 3287 612 3344 οὐδὲ
668 3296 803 3369 φῶς,
862 3292 961 3349 οὐκ
1011 3295 1395 3372 ἀσωματότης,
1456 3301 1555 3357 οὐκ
1582 3301 1765 3377 ἀϋλία,
1818 3305 1940 3362 οὕτε

284 3376 533 3468 αἰσθήσει
592 3380 779 3443 θεατὸς
838 3383 961 3439 οὒτε
1015 3390 1093 3457 νῷ
1148 3388 1381 3459 ληπτός·
1442 3390 1586 3446 ἀλλά
1633 3414 1717 3455 τις
1753 3376 1938 3468 νὲτὲρα

283 3463 443 3542 φύσις
494 3468 922 3545 ἀνεξερεῦνητος,
959 3473 1048 3528 καὶ
1083 3475 1245 3531 αὖτοῦ
1295 3475 1548 3552 δύναμις,
1579 3481 1614 3550 ἢ
1660 3504 1718 3537 τε
1766 3504 1932 3560 φρου-

282 3556 487 3627 ρητική
540 3556 577 3626 ἢ
631 3579 690 3613 τε
750 3562 1048 3636 ζωογόνος,
1080 3565 1114 3635 ἢ
1160 3587 1220 3620 τε
1245 3568 1581 3644 ἀναγωγική,
1623 3571 1712 3626 καὶ
1744 3556 1935 3636 ἁπλῶς

280 3649 451 3698 πᾶσαι
522 3647 578 3700 αἱ
648 3645 904 3722 δυνάμεις
981 3652 1146 3708 αὐτοῦ
1214 3657 1427 3731 ἄπειροί
1504 3659 1605 3713 εῗσι
1665 3661 1755 3716 καὶ
1813 3662 1930 3718 ἀνέ-

274 3729 548 3803 κληπτοι,
600 3735 690 3791 καὶ
735 3737 898 3801 αὐτὸς
928 3740 1152 3817 ἄπειρος
1183 3744 1271 3799 καὶ
1302 3747 1439 3801 κατὰ
1468 3748 1645 3824 ἀρχὴν
1676 3750 1766 3804 καὶ
1797 3752 1931 3807 κατὰ

270 3820 461 3885 τέλος.
520 3824 621 3879 Καὶ
676 3826 738 3880 τὸ
800 3828 893 3899 μὶν
929 3827 1038 3884 ἅνω
1080 3832 1248 3887 αὑτοῦ
1277 3820 1514 3911 ἄναρχον
1542 3820 1927 3911 Ἶόνομάζεται,

269 3911 335 3965 τὸ
371 3907 429 3966 δὲ
452 3913 599 3968 κάτω
629 3914 1009 3987 ἀτελεύτητον,
1032 3921 1093 3974 τὸ
1128 3918 1184 3975 δὲ
1210 3921 1420 3995 ξύμπαν
1456 3924 1700 3984 αἶ’ώνιον.
1734 3928 1923 3985 ’Δπει-

270 4022 371 4077 ρος
404 4002 495 4058 οὖν
520 4007 619 4075 τήν
653 4004 877 4080 δύναμιν
906 4011 934 4064 6
965 4013 1120 4083 Θεὸς,
1154 4010 1398 4091 ἄναρχός
1424 4038 1483 4072 τε
1512 4019 1601 4073 καὶ
1633 4018 1926 4093 ἄτελεύση-

262 4092 481 4186 τος
512 4092 754 4186 αἰώνιος.
787 4098 961 4186 Τοῦτο
995 4097 1052 4154 δὶ
1100 4101 1191 4155 καὶ
1234 4104 1263 4157 6
1303 4104 1574 4181 Θεολόγος
1619 4092 1925 4186 Γρηγόριος

262 4184 348 4251 τῷ
378 4175 494 4236 ὄντι
526 4181 859 4261 θεολογικῶς
893 4183 1209 4265 διορίζεται.

345 4377 433 4440 ις’.
471 4380 594 4440 Πῶς
624 4376 737 4434 οἶδε
768 4382 897 4444 Θεὸς
926 4382 994 4439 τὰ
1032 4380 1488 4460 μεταϐαλλόμενα
1530 4392 1846 4467 πράγματα.

342 4536 463 4612 Οὐχ
491 4537 567 4601 ὡς
596 4537 713 4615 ἔχει
745 4542 810 4595 τὰ
838 4543 1134 4618 πράγματα
1167 4546 1415 4620 γινώσκει
1476 4550 1504 4604 ὀ
1556 4554 1684 4614 Θεὸς
1731 4558 1916 4627 ταῦτα,

2076 1985 2177 2033 aut
2218 1979 2477 2036 humana
2519 1983 2789 2038 indutam
2839 1989 3052 2038 natura
3095 1982 3438 2055 neutiquam
3492 1984 3724 2038 audivi-

2075 2084 2229 2123 mus.
2258 2073 2399 2125 Cum
2435 2087 2564 2126 vero
2594 2071 2721 2126 duae
2756 2071 3105 2128 sintChristi
3137 2072 3557 2139 naturae,etiam
3590 2075 3720 2128 duae

2071 2165 2209 2212 sunt
2241 2160 2370 2228 ejus
2418 2160 2719 2216 naturales
2767 2162 3115 2229 voluntates,
3147 2167 3203 2216 et
3246 2162 3369 2231 ipse
3421 2160 3720 2217 voluntate

2068 2249 2284 2319 gaudet
2313 2251 2639 2306 secundum
2676 2257 2989 2323 utramque
3023 2260 3318 2317 naturam,
3340 2251 3628 2322 siquidem
3660 2256 3719 2308 et

2066 2336 2403 2393 facultatem
2453 2338 2707 2411 volendi,
2749 2358 2875 2413 qua:
2926 2340 3098 2396 nobis
3148 2339 3488 2395 naturaliter
3538 2341 3715 2411 inest,

2062 2426 2407 2498 assumpsit.
2459 2428 2727 2500 Duplices
2775 2429 2955 2501 igitur
3003 2436 3062 2484 et
3105 2428 3475 2502 Operationes
3524 2430 3713 2501 ipsius

2059 2529 2187 2568 esse
2217 2514 2602 2572 afﬁrmamus.
2626 2517 2697 2573 Ut
2726 2518 2881 2574 Deus
2910 2517 3068 2573 enim
3099 2523 3156 2573 et
3186 2517 3710 2575 consubstantialis

2057 2601 2214 2658 Patri
2247 2603 2442 2661 divina
2471 2607 2688 2678 gaudet
2718 2607 3185 2679 operatione,sed
3216 2611 3503 2679 tanquam
3534 2608 3707 2664 homo

2054 2692 2244 2749 factus
2274 2699 2330 2750 et
2360 2695 2884 2753 consubstantialis
2917 2696 3395 2764 nobis,humanaa
3413 2696 3705 2769 operatio-

2055 2782 2148 2837 nis
2174 2799 2289 2838 non
2321 2787 2411 2839 est
2438 2800 2664 2857 expers.

2659 2873 2746 2930 45.
2780 2875 2910 2942 Quis
2938 2876 3095 2930 Deus.

2123 2960 2318 3032 Neque
2364 2962 2575 3019 coelum
2613 2965 2782 3032 Deus,
2817 2980 2922 3020 nec
2972 2964 3082 3029 sol,
3116 2982 3303 3037 neque
3334 2964 3494 3021 aliud
3526 2967 3698 3038 quid-

2052 3064 2231 3120 quam
2261 3067 2466 3107 eorum
2498 3069 2626 3124 quae
2658 3056 3119 3121 cernuntur,sed
3151 3070 3341 3125 neque
3372 3052 3700 3111 honoratis—

2050 3138 2202 3192 sima
2231 3155 2297 3193 ac
2344 3138 2808 3196 celebratissima
2858 3141 3165 3196 hominum
3222 3142 3463 3198 vocibus
3511 3159 3699 3212 mens,

2052 3242 2239 3297 neque
2282 3227 2413 3285 idea
2442 3245 2475 3284 a
2506 3230 2872 3300 corporibus,
2904 3238 2967 3285 ut
3020 3232 3189 3285 docet
3220 3232 3401 3300 Plato,
3433 3239 3703 3303 separata

2051 3332 2116 3369 ac
2148 3317 2433 3386 sejuncta,
2467 3335 2656 3390 neque
2696 3324 2908 3374 natura
2956 3320 3184 3387 mundi,
3219 3336 3405 3391 neque
3454 3321 3572 3377 vita
3603 3326 3705 3376 aut

2047 3402 2463 3479 lumen,neque
2494 3407 3038 3479 incorporalitas,ut
3069 3408 3152 3463 ita
3179 3410 3454 3475 dicam,et
3485 3410 3699 3466 imma-

2045 3493 2352 3552 terialitas.
2386 3496 2586 3568 Neque
2618 3514 2797 3553 sensu
2831 3498 3081 3553 visibilis
3115 3515 3304 3570 neque
3345 3507 3539 3555 mente
3570 3518 3701 3572 per-

2044 3583 2334 3654 ceptibilis
2365 3592 2474 3653 est,
2507 3588 2607 3641 sed
2658 3585 2773 3642 alia
2816 3587 3345 3657 imperscrutabilis
3376 3595 3608 3655 natura,
3643 3594 3700 3645 et

2044 3674 2301 3741 potentia
2330 3674 2482 3743 ejus,
2517 3676 2915 3729 conservatrix
2944 3675 3252 3746 datrixque
3299 3677 3429 3730 vitis
3461 3690 3517 3730 et
3562 3694 3694 3747 pro-

2042 3760 2290 3827 ductrix,
2322 3767 2379 3816 et
2410 3764 2590 3817 semel
2625 3769 2688 3817 ut
2722 3764 2934 3833 dicam,
2965 3780 3170 3818 omnes
3218 3762 3408 3834 ipsius
3452 3762 3696 3819 faculta-

2038 3850 2125 3903 tes
2155 3848 2396 3905 infinitae
2428 3857 2569 3906 sunt
2599 3859 2657 3907 et
2687 3852 2963 3924 principii
2997 3851 3221 3907 ratione
3251 3861 3305 3907 et
3333 3852 3489 3907 finis.
3514 3855 3697 3923 Atque

2037 3934 2200 3993 illius
2231 3938 2468 4009 quidem
2503 3946 2774 4012 respectu
2806 3941 2934 3997 sine
2979 3940 3266 4013 principio
3295 3957 3424 3996 esse
3455 3942 3691 4010 dicitur,

2036 4026 2261 4081 ratione
2291 4026 2469 4099 hujus
2499 4045 2633 4084 vero
2666 4029 2791 4085 sine
2822 4030 2958 4099 fine,
2990 4031 3100 4086 hoc
3130 4035 3220 4085 est
3257 4030 3497 4085 omnino
3528 4035 3690 4086 aeter-

2036 4130 2169 4170 nus.
2223 4115 2460 4171 Infinita
2517 4118 2699 4188 igitur
2749 4123 3040 4190 potestate
3088 4119 3267 4186 Deus,
3316 4123 3374 4174 et
3417 4119 3690 4190 principii

2033 4202 2290 4274 finisque
2319 4221 2523 4277 expers
2554 4214 2609 4261 et
2653 4212 2906 4262 internus
2938 4211 3026 4264 est
3059 4223 3073 4264 :
3104 4209 3257 4280 quod
3291 4213 3348 4265 et
3378 4207 3690 4280 Gregorius

2033 4291 2366 4364 Theologus
2396 4310 2527 4350 vere
2555 4296 2879 4367 theologica
2911 4296 3127 4352 docuit.

2176 4399 2263 4453 16.
2298 4401 2572 4468 Quomodo
2599 4405 2827 4474 praescii:
2855 4404 2993 4458 Deus
3021 4419 3106 4459 res
3134 4405 3544 4460 mutationibus

2701 4476 2970 4530 obnoxias
2992 4478 3016 4529 .9

2101 4561 2225 4614 Non
2260 4560 2464 4631 quales
2496 4566 2635 4616 sunt
2666 4578 2761 4617 res
2791 4562 2892 4618 tali
2913 4562 3244 4634 cognitione
3265 4564 3565 4636 cognoscit
3585 4581 3684 4622 eas

263 4623 398 4680 ἀλλ’
456 4625 529 4690 ὠς
587 4625 728 4685 ἔστιν
760 4630 920 4696 αὐτὸς
969 4635 1087 4689 κατ’
1138 4636 1344 4693 οὐσίαν.
1380 4640 1511 4696 Οἷόν
1558 4639 1659 4695 εἶσι
1688 4642 1755 4697 τὰ
1783 4623 1919 4715 προὶὲ

2056 4646 2185 4702 )eus
2209 4666 2222 4716 ;
2248 4650 2347 4703 sed
2378 4649 2536 4720 quali
2556 4650 2682 4720 ipse
2702 4657 2791 4706 est
2812 4652 3088 4707 essentia.
3113 4652 3299 4722 Sic,v.
3322 4669 3406 4725 g.,
3429 4669 3521 4708 res
3543 4657 3685 4708 sunt

261 4735 496 4806 γμαιταΔ
532 4720 794 4790 μεριστὰ,
855 4722 884 4776 6
942 4719 999 4777 δὲ
1056 4724 1184 4787 Θεὸς
1242 4725 1557 4801 ἀμέριστοςο
1609 4729 1919 4806 ἀμερίστως

262 4803 367 4894 οὖν
421 4802 535 4861 οἶδε
581 4808 648 4861 τὰ
697 4811 944 4894 μεριστά.
976 4812 1083 4868 Καὶ
1113 4814 1278 4869 πάλιν
1309 4817 1377 4871 τὰ
1401 4802 1697 4894 πράγματα
1722 4802 1919 4876 ἆλλοιο

258 4892 384 4983 ωτὲ
422 4895 510 4948 καὶ
564 4892 902 4969 μεταϐλητὰ,
936 4901 964 4955 6
992 4898 1049 4956 δὶ
1075 4904 1203 4966 Θεὸς
1253 4892 1622 4970 ἀναλλοίωτος
1662 4908 1755 4963 καὶ
1785 4910 1918 4983 ἀμε-

252 4975 562 5052 τάϐλητος⁸
612 4983 985 5051 ἀναλλοίωτος
1018 4989 1109 5046 οὖν
1153 4990 1264 5048 οἶδε
1284 4994 1351 5049 τὰ
1398 4993 1703 5066 ἆλλοιωτά,
1734 4975 1919 5054 καίτά

258 5065 587 5162 μεταβλητᾶ
619 5071 1059 5162 Δἀμεταϐλήτους.
1111 5079 1296 5146 Οὕτως
1322 5082 1411 5138 καὶ
1458 5084 1526 5139 τὰ
1583 5085 1685 5141 ὑπὸ
1712 5082 1916 5162 χρὸνον

254 5157 501 5221 αίωνέως
559 5159 691 5232 οἵδε,
737 5165 825 5218 καὶ
871 5166 937 5220 τὰ
964 5164 1298 5244 ὶνόεχόμενα
1341 5172 1669 5249 ἀναγκαίως,
1714 5157 1803 5229 καὶ
1850 5175 1916 5230 τὰ

258 5251 549 5320 σωματικᾶ
596 5251 921 5325 ἀσωμάτως’
982 5255 1133 5313 Ἀλλ’
1192 5258 1290 5315 οὐκ
1353 5259 1541 5331 ἐπειδὴ
1589 5264 1843 5337 γινώσκει
1886 5266 1914 5319 6

253 5337 392 5397 Θεὸς
422 5336 725 5411 ἀσωμάτως
768 5343 832 5397 τὸ
869 5341 1050 5417 σῶμα,
1102 5345 1395 5421 ἠλλοιώθη
1448 5336 1617 5406 ἐκεῖνο
1655 5352 1746 5407 καὶ
1779 5354 1916 5408 ἀσώ-

260 5428 698 5516 ματονᾳγὲγονεν.
761 5428 918 5488 Ἀλλ’
969 5436 1003 5502 ἡ
1059 5435 1152 5508 μὶν
1201 5441 1298 5491 τοῦ
1340 5443 1474 5494 Θεοῦ
1520 5444 1722 5516 γνῶσις
1779 5441 1915 5497 κατὰ

422 5510 564 5570 ῗδίαν
617 5515 840 5593 ὕπαρξιν
889 5522 1141 5596 γινώσκει
1198 5525 1266 5581 τὰ
1293 5510 1609 5603 πράγματα.
1664 5529 1914 5587 Ἐκείνων

257 5599 327 5655 δὲ
353 5599 577 5694 ’ἕκαστον
618 5607 765 5679 μένει
815 5606 946 5678 ὅπερ
973 5608 1104 5669 ἐστί.
1136 5615 1279 5684 Πρὸς
1305 5599 1431 5691 γοῦν
1452 5599 1589 5682 ⁷τοὺς
1638 5617 1912 5694 ἀποροῦν-

252 5710 359 5751 τας
396 5692 484 5748 καὶ
520 5692 773 5771 λέγογεας
804 5696 849 5753 εἰ
891 5694 1013 5773 ᾔδει
1065 5702 1094 5756 6
1126 5703 1255 5767 Θεὸς
1301 5705 1392 5761 τὸν
1423 5702 1605 5781 Ἀδὰμ
1651 5706 1719 5763 τὰ
1750 5692 1910 5765 -ἐντεο

2030 4735 2297 4805 partibus
2318 4736 2642 4793 divisihiles
2667 4758 2681 4807 ;
2715 4738 2870 4795 Deus
2896 4740 3152 4811 partium
3177 4746 3235 4795 et
3256 4740 3563 4795 divisionis
3592 4757 3685 4797 ex-

2030 4839 2162 4894 pers
2187 4840 2199 4878 :
2225 4840 2317 4878 res
2339 4827 2537 4896 itaque
2560 4826 2830 4896 partibus
2855 4827 3179 4883 divisihiles
3216 4827 3565 4899 impartibili
3586 4844 3682 4883 ra-

2028 4910 2187 4966 tione
2216 4913 2719 4983 cognoscit.Porro
2750 4930 2842 4970 res
2874 4919 3014 4970 sunt
3044 4915 3373 4972 alterationi
3402 4918 3460 4971 et
3485 4919 3681 4971 muta-

2026 4999 2173 5054 tioni
2207 5000 2506 5069 obnoxias;
2542 5006 2692 5057 Deus
2727 5002 3111 5058 inalterabilis
3137 5009 3194 5059 et
3224 5004 3379 5059 haud
3417 5003 3677 5059 mutabi-

2026 5087 2099 5143 lis
2134 5105 2145 5143 :
2183 5089 2491 5145 mutabilia
2541 5090 2725 5162 igitur
2753 5096 2810 5147 et
2841 5091 3172 5148 alterabilia
3204 5094 3507 5165 cognoscit
3536 5092 3678 5148 inal-

2024 5177 2349 5233 terabiliter
2394 5183 2451 5234 et
2481 5178 2948 5235 immutabiliter.
2979 5180 3064 5235 Ita
3112 5180 3287 5237 etiam
3320 5198 3412 5236 res
3447 5185 3673 5253 tempo-

2025 5265 2211 5321 rarias
2268 5272 2484 5323 aeterna
2539 5269 2842 5341 cognoscit
2897 5270 3176 5340 ratione;
3238 5285 3486 5342 corpora
3534 5270 3672 5325 item

2023 5354 2248 5410 ratione
2304 5355 2675 5428 incorporali.
2704 5357 2828 5413 Non
2889 5365 3083 5414 autem
3142 5359 3272 5413 ideo
3321 5356 3462 5429 quia
3517 5358 3672 5414 Deus

2023 5458 2267 5513 corpora
2295 5443 2648 5516 incorporali
2695 5445 2917 5501 ratione
2946 5446 3266 5518 cognoscit,
3296 5446 3424 5502 ideo
3457 5462 3671 5518 corpus

2023 5536 2308 5607 mutatur,
2361 5534 2542 5608 ﬁtque
2597 5536 2984 5609 incorporale.
3045 5538 3154 5594 Sed
3218 5539 3369 5593 Deus
3425 5536 3665 5608 quidem

2022 5622 2261 5680 scientia
2280 5639 2389 5681 sua
2406 5641 2499 5682 res
2520 5642 2624 5697 pro
2647 5625 2855 5682 divina:
2875 5627 3142 5683 essentia
3176 5626 3400 5683 ratione
3421 5642 3666 5699 cognos-

2021 5709 2143 5781 cit;
2175 5710 2413 5770 illarum
2461 5718 2657 5770 autem
2706 5713 2982 5788 quislibet
3021 5716 3179 5788 quod
3209 5718 3301 5773 est
3328 5718 3547 5772 manet.
3576 5713 3662 5769 Ad
