4072 6346
447 375 566 434 699

1785 379 2201 440 MICHAELIS
2244 381 2515 443 PSELLI

3737 381 3862 440 700

445 507 554 562 hos
578 507 760 580 igitur
775 510 874 580 qui
899 516 1130 566 movent
1151 512 1828 585 dubium,qu:-eruntque
1860 513 1911 568 si
1941 513 2091 568 Deus

2207 511 2448 584 ταλμένα
2481 507 2806 584 παραϐῆναι,
2861 516 2978 573 πῶς
3025 511 3169 575 εἷκος
3225 513 3290 580 ἦν
3351 511 3550 566 ἐκεῖνον
3613 510 3864 586 γενέσθα’

447 598 800 668 praesciverit
815 599 1098 654 Adamum
1117 601 1391 657 mandata
1413 619 1542 658 esse
1559 609 2090 675 transgressurum,

447 689 739 757 quomodo
773 687 895 741 ﬁeri
947 689 1202 758 potuerit
1235 695 1298 744 ut
1349 693 1608 746 Adamus
1639 709 1753 746 non
1787 690 2095 763 peccaret?

448 777 606 842 Quod
634 776 788 832 enim
813 781 964 830 Deus
1007 779 1322 848 prmscivit,
1353 781 1408 834 id
1435 781 1829 852 protoplastus
1849 797 2093 852 quomo-

446 865 516 918 do
541 865 726 935 potuit
747 865 960 920 evitare
985 867 1116 935 ‘?.Ad
1139 867 1249 922 hoc
1291 869 1536 924 dubium
1579 871 1637 924 in
1681 877 1952 942 promptu
1989 868 2094 924 tibi

445 953 524 1006 sit
553 955 925 1024 respondere,
962 957 1116 1026 quod
1147 957 1380 1028 propria
1423 957 1575 1012 Deus
1613 959 1825 1013 virtute
1853 957 2008 1013 novit
2037 963 2094 1013 et

446 1059 574 1113 quas
597 1048 737 1097 sunt
759 1049 816 1098 et
849 1061 978 1114 quas
1005 1047 1198 1100 futura
1220 1053 1382 1112 sunt,
1415 1065 1521 1102 nec
1563 1053 1866 1103 mutantur
1895 1053 2092 1103 tamen

446 1147 560 1196 res,
592 1132 702 1187 etsi
735 1132 832 1187 ille
865 1135 1208 1204 perfectiore
1241 1135 1372 1191 illas
1405 1137 1628 1193 ratione
1666 1138 1795 1193 scit.
1829 1137 2096 1202 Quando-

441 1219 674 1288 quidem
709 1221 890 1288 igitur
919 1223 1139 1279 sciebat
1155 1226 1444 1282 Adamum
1479 1227 1660 1282 fuisse
1679 1226 2092 1298 prolapsurum

437 1309 502 1364 in
536 1316 864 1381 peccatum,
900 1315 1029 1384 ejus
1063 1316 1323 1386 cognitio
1357 1335 1470 1372 non
1503 1317 1614 1371 fuit
1661 1317 1884 1372 homini
1915 1334 2094 1373 causa

440 1401 742 1468 peccandi.
775 1401 900 1456 Non
949 1403 1106 1458 enim
1140 1405 1360 1476 eripuit
1408 1406 1456 1460 ei
1509 1405 1982 1476 aequilibritatem
2017 1407 2089 1460 ad

441 1487 826 1558 opinandum,
860 1495 918 1547 et
953 1491 1088 1546 boni
1138 1493 1187 1547 si
1219 1493 1389 1548 vellet
1418 1493 1668 1566 eligendi
1703 1493 2038 1550 facultatem
2075 1511 2086 1548 :

443 1578 544 1631 sed
570 1577 722 1632 Deus
747 1581 983 1650 quidem
1008 1583 1374 1654 sciebatquid
1403 1585 1664 1639 futurum
1686 1585 2089 1652 esset,Adamo

442 1669 636 1721 autem
671 1685 784 1722 non
809 1674 1008 1740 erepta
1048 1677 1170 1725 erat
1201 1672 1383 1728 animi
1417 1674 1484 1727 ad
1523 1675 1741 1728 bonum
1767 1673 2086 1728 inclinandi

441 1755 718 1824 potentia.
743 1757 807 1810 Et
831 1759 1090 1815 Adamus
1119 1761 1352 1831 quidem
1376 1763 1446 1817 ad
1471 1763 1760 1818 contraria
1783 1762 2086 1818 indeﬁnito

2207 601 2582 673 ἀναμάρτητον
2610 620 2624 668 ;
2655 602 2721 657 Ὃ
2751 601 2851 674 γάρ
2885 600 3168 672 ἐγίνωσκεν
3196 602 3223 654 6
3255 601 3406 668 Θεὸς,
3429 605 3544 663 πῶς
3575 601 3604 653 6
3635 598 3856 674 πρωτό-

2203 689 2442 752 πλαστος
2493 685 2788 766 ὑπερϐῆναι
2847 687 3082 759 ἠδύνατο
3115 735 3126 746 .
3163 693 3302 765 Πρὸς
3355 693 3483 765 γοῦν
3527 689 3652 750 τοὺς
3697 693 3860 743 τοῦτο

2203 779 2538 855 ἀποροῦντας
2587 779 2883 853 ἀποκρίνου
2927 779 3102 846 εὐθὺς,
3163 775 3244 833 ὅτι
3305 779 3333 832 6
3393 779 3520 838 Θεὸς
3567 779 3704 832 κατά
3759 779 3858 846 τήν

2205 865 2342 922 ἰδίαν
2399 867 2646 939 ἰδιότητα
2707 865 2820 923 οἶδε.
2867 871 2956 922 καὶ
2987 868 3052 922 ti
3103 869 3364 942 γενόμενα
3416 867 3504 922 καὶ
3533 867 3600 920 τὰ
3629 866 3856 940 γενησό-

2205 979 2357 1026 μενα.
2421 959 2518 1012 Καὶ
2575 956 2738 1012 πάλιν
2801 957 2900 1012 οὐκ
2959 957 3278 1012 ἀλλοιοῦται
3335 958 3403 1012 τὰ
3431 955 3749 1031 πράγματα,
3811 955 3856 1010 εἰ

2201 1047 2400 1109 ἐκεῖνος
2459 1047 2782 1122 κρειττόνως
2845 1046 2982 1102 αὐτά
3039 1045 3337 1101 ἐπίσταται·
3390 1043 3614 1114 Ἐπειδή
3673 1044 3858 1100 τοίνυν

2201 1137 2470 1205 ἠπίστατο
2530 1136 2612 1191 ὅτι
2671 1142 2908 1191 πεσεῖται
2973 1137 3076 1190 ὑπὸ
3135 1137 3232 1204 τὴν
3295 1132 3854 1217 ἁμαρτίανι’)ἰλδιὶμ⁸

2202 1225 2309 1300 οὐχ
2354 1228 2388 1294 ὴ
2442 1229 2638 1300 γνῶσις
2671 1225 2834 1280 αὐτοῦ
2861 1223 3006 1280 αἰτία
3037 1227 3133 1294 τῆς
3185 1225 3448 1298 ἁμαρτίας
3476 1230 3556 1296 τῷ
3585 1223 3856 1298 ἀνθρώπῳ

2203 1313 2430 1390 ἐγένετο.
2488 1315 2564 1371 Οὐ
2620 1315 2723 1389 γὰρ
2781 1311 3031 1388 ἀφείλετο
3083 1313 3246 1368 αὐτοῦ
3275 1314 3376 1384 τὴν
3406 1313 3724 1389 ἰσορροπίαν
3757 1319 3859 1380 τῆς

2198 1404 2423 1476 γνώμης
2469 1403 2556 1458 καὶ
2603 1405 2702 1472 τήν
2751 1407 2846 1458 τοῦ
2893 1403 3066 1458 καλοῦ
3101 1400 3327 1476 α’ίρεσιν,
3371 1401 3520 1477 εἷίπερ
3567 1397 3851 1468 ἐϐούλετο,

2197 1492 2322 1546 ἀλλ’
2354 1494 2381 1546 ὁ
2435 1492 2527 1564 μὶν
2563 1492 2690 1553 Θεὸς
2741 1491 3009 1560 ἠπίστατο
3053 1491 3116 1546 τὸ
3146 1492 3421 1564 ἐσόμενον,
3453 1496 3532 1562 τῷ
3565 1488 3622 1545 δὲ
3675 1488 3852 1562 Ἀδάμ

2200 1581 2297 1636 οὐκ
2345 1581 2589 1659 ἀφῃρέθη
2641 1583 2675 1650 ἡ
2709 1580 2797 1636 ἐπὶ
2827 1581 2888 1635 τὸ
2917 1578 3084 1636 καλὸν
3115 1581 3285 1656 ὁρμή.
3349 1580 3446 1634 Καὶ
3479 1582 3507 1636 6
3543 1581 3636 1652 μὲν
3675 1577 3856 1652 ’Λδάμ

2198 1671 2449 1743 ἀόριστον
2501 1671 2617 1746 εἶχε
2658 1671 2755 1738 τήν
2803 1667 2891 1724 ἐπὶ
2932 1671 2999 1724 τά
3042 1669 3254 1725 ἐναντία
3299 1669 3500 1746 ῥοπὴν,
3553 1669 3582 1723 6
3613 1667 3671 1724 δὲ
3721 1669 3850 1728 Θεός

2198 1761 2515 1832 ὡρισμένως
2557 1759 2815 1834 ἐγίνωσκε
2861 1761 2924 1813 τὸ
2964 1759 3240 1833 ἀόριστον.
3295 1749 3402 1820 Ὡς’
3439 1760 3544 1834 γάρ
3583 1759 3646 1812 τὸ
3695 1763 3854 1828 σῶμα

443 1846 616 1899 modo
640 1862 700 1900 se
721 1845 1014 1903 habebat:
1063 1849 1218 1905 Deus
1241 1856 1434 1906 autem
1456 1851 1826 1906 indefinitum
1849 1852 2089 1907 deﬁnita

2207 1851 2502 1922 ὶσωμάτως
2569 1847 2734 1916 οἶδεν,
2799 1847 2941 1903 οὕτω
3003 1850 3095 1922 μὲν
3153 1849 3244 1902 καὶ
3295 1849 3357 1902 τὸ
3399 1847 3646 1920 ἀόριστον
3681 1847 3850 1922 ὡρισ-

442 1935 830 2004 cognoscebat
863 1937 1107 1993 ratione.
1143 1939 1299 1994 Sicut
1329 1940 1485 1995 enim
1518 1957 1730 2012 corpus
1761 1941 2089 2013 incorpora-

440 2023 592 2094 liter,
625 2025 710 2079 sic
741 2029 796 2080 et
825 2025 1202 2084 indeﬁnitum
1236 2031 1472 2087 deﬁnite
1504 2031 1682 2086 novit.

477 2132 564 2186 17.
599 2133 882 2200 Quodnam
907 2138 1156 2210 primum
1185 2139 1535 2200 elementum,
1568 2156 1601 2192 α
1633 2155 1738 2210 quo
1769 2140 2038 2195 mundum

955 2209 1180 2263 condere
1211 2213 1370 2280 capit
1402 2217 1583 2265 Deus?

513 2293 738 2364 Moyses
787 2295 1047 2364 quidem,
1083 2299 1182 2368 qui
1217 2301 1396 2354 Deum
1443 2299 1606 2364 vidit,
1639 2299 1781 2354 cmlo
1831 2299 2007 2354 simul
2039 2305 2094 2354 et

438 2386 604 2436 terra:
639 2384 894 2453 primum
931 2387 1121 2440 locum
1145 2389 1406 2460 assignat
1433 2389 1490 2442 in
1516 2390 1718 2444 mundi
1741 2389 2091 2459 originibus.

443 2471 602 2526 Inter
633 2471 964 2528 Grecorum
1019 2492 1152 2531 vero
1205 2477 1504 2548 sapientes
1531 2479 1630 2532 alii
1681 2478 1840 2533 aliud
1874 2478 2094 2549 opinati

443 2566 604 2614 sunt.
637 2559 916 2616 Nonnulli
970 2565 1125 2618 enim
1179 2569 1394 2620 terram
1447 2569 1761 2638 praeferunt
1809 2573 2092 2637 tanquam

444 2655 709 2704 centrum
735 2650 939 2706 circuli
963 2653 1240 2720 coalestis,
1275 2657 1428 2725 quod
1455 2656 1634 2710 etiam
1671 2656 1726 2709 in
1763 2655 1935 2726 plano
1968 2672 2096 2710 cen-

447 2743 602 2791 trum
637 2739 714 2793 sit
745 2741 965 2795 circulo
999 2743 1162 2812 prius
1192 2749 1248 2798 et
1277 2744 1725 2816 antiquius.Alii
1757 2745 2092 2800 universum

445 2828 738 2882 mundum
768 2828 1141 2902 distinguunt
1168 2831 1228 2885 in
1259 2839 1513 2902 quatuor
1532 2833 1900 2902 elementa,et
1929 2834 2090 2905 quin-

443 2917 570 2968 tum
599 2914 914 2970 aethereum
930 2934 1116 2989 genus
1145 2921 1441 2990 corporis:
1471 2927 1842 2992 quatuorque
1863 2921 1961 2976 illa
1983 2922 2093 2977 sub

449 3005 660 3058 aethere
693 3003 1000 3076 disposita,
1035 3006 1497 3077 pulcherrimum
1543 3027 1674 3065 vero
1707 3011 1966 3066 aetherem
2001 3029 2097 3066 na-

449 3097 590 3147 turae
623 3092 834 3148 coelum
875 3095 1130 3166 primum
1181 3099 1446 3153 omnium
1499 3099 1714 3154 factum
1761 3117 1889 3154 esse
1941 3101 2095 3154 afﬁr-

453 3187 637 3237 mant.
669 3185 776 3247 Qui
811 3201 944 3239 vero
971 3185 1188 3242 factum
1225 3189 1510 3242 mundum
1543 3189 1698 3243 haud
1730 3189 1974 3244 obscure
2000 3206 2094 3243 ne-

445 3277 606 3342 gant,
641 3271 978 3329 universum
1010 3275 1185 3330 simul
1219 3277 1507 3331 exsistens
1538 3283 1924 3348 congruenter
1956 3296 2091 3348 pro-
2123 3255 2164 3320 ί)

446 3361 586 3430 prius
619 3361 877 3432 opinioni
924 3369 1212 3419 statuunt.
1247 3367 1356 3420 Eas
1410 3371 1604 3420 autem
1655 3367 1846 3436 potius
1893 3368 2090 3421 existi-

447 3465 610 3504 mare
667 3451 856 3521 primo
906 3451 1029 3507 loco
1079 3453 1294 3508 factum
1355 3453 1590 3524 cmlum,
1626 3459 1826 3526 utpote
1881 3473 2093 3528 corpus

449 3539 846 3611 praestantius,
897 3545 951 3597 et
999 3544 1152 3613 quod
1201 3547 1408 3598 caetera
1457 3543 1868 3617 complectitur
1919 3551 2093 3616 atque

449 3627 911 3699 comprehendit.

591 3737 677 3792 18.
713 3737 860 3793 Unde
891 3738 1142 3794 homines
1171 3743 1448 3796 notionem
1481 3742 1581 3796 Dei
1606 3743 1954 3813 acceperint?

519 3823 828 3880 Notionem
891 3827 990 3881 Dei
1045 3827 1374 3884 hauserunt
1447 3829 1715 3886 homines
1772 3848 1842 3886 ex
1893 3831 2095 3886 ordine

447 3927 744 3980 rerum,ex
773 3919 995 3970 natura:
1023 3917 1346 3988 aequalibus
1371 3917 1623 3988 legibus,
1647 3935 1714 3974 ex
1733 3919 2096 3991 providentia

449 4001 520 4056 ad
553 4003 750 4058 omnia
799 4005 1182 4074 pertingente.
1215 4007 1557 4082 Magnorum
1611 4009 1768 4064 enim
1801 4007 2094 4063 luminum

449 4095 614 4144 ortus
641 4095 696 4146 et
727 4107 971 4148 occasus
1003 4093 1210 4150 iisdem
1243 4095 1608 4167 temporibus
1637 4098 1840 4151 eodem
1869 4113 2098 4170 semper

450 4195 512 4234 se
543 4179 767 4234 habens
801 4183 996 4249 modo,
1032 4189 1087 4238 et
1117 4199 1328 4238 cursus
1373 4185 1634 4240 siderum
1674 4187 1940 4241 eamdem
1973 4203 2094 4242 ser-

447 4272 650 4322 vantes
701 4269 1006 4338 rationem,
1041 4277 1098 4326 et
1141 4273 1580 4328 circumrotatio
1623 4273 1750 4328 cmli
1795 4275 2096 4330 circularis

449 4357 650 4411 omnia
696 4358 977 4430 colligens
1027 4377 1094 4416 ac
1145 4361 1576 4430 constringens,
1607 4363 1840 4434 aliaque
1878 4381 2004 4435 quas
2035 4364 2096 4418 in

449 4443 580 4499 aliis
611 4447 954 4515 corporibus
985 4449 1372 4504 consimiliter
1401 4466 1462 4504 se
1508 4449 1746 4516 habent,
1781 4453 2098 4522 praedicant

447 4549 576 4588 esse
599 4535 913 4604 quemdam
949 4537 1048 4607 qui
1082 4538 1339 4593 universi
1369 4555 1566 4592 curam
1601 4539 1751 4610 gerit
1779 4539 1947 4610 eique
1968 4557 2096 4612 pro-

2201 1939 2396 2013 μένως.

2203 2139 2283 2207 ιζ’.
2329 2137 2467 2191 Ἀπὸ
2509 2135 2670 2190 ποίου
2709 2137 2928 2210 πρώτου
2981 2135 3262 2209 στοιχείου
3299 2134 3498 2208 ἤρξατο
3525 2135 3618 2188 τὸν
3647 2133 3860 2208 κόσμον

2803 2213 2977 2262 ποιεῖν
3023 2209 3051 2262 6
3093 2208 3244 2268 Θεός.

2274 2299 2514 2366 Μωυσῆς
2571 2298 2664 2368 μὲν
2721 2298 2748 2351 6
2802 2295 3038 2366 θεόπτης
3086 2297 3304 2372 οὖρανῷ
3359 2295 3470 2367 ἅμα
3515 2294 3606 2349 καὶ
3659 2297 3734 2370 γῇ
3793 2295 3862 2348 τὰ

2201 2383 2462 2460 πρεσϐεῖα
2513 2383 2701 2440 δίδωσι
2749 2393 2847 2454 τῆς
2897 2389 2998 2440 τοῦ
3047 2385 3259 2458 κόσμου
3309 2385 3590 2459 γενέσεως.
3621 2385 3742 2439 Τῶν
3805 2379 3864 2437 δὲ

2201 2477 2328 2550 παρ’
2355 2474 2596 2546 ’Ἑλλησι
2629 2480 2806 2554 σοφῶν
2839 2473 3000 2530 ἄλλοι
3025 2471 3213 2536 ἅλλῶς
3245 2474 3522 2546 ᾠήθησαν.
3547 2475 3613 2530 Οἱ
3641 2474 3734 2546 μὲν
3759 2473 3864 2548 γάρ

2202 2567 2299 2634 τὴν
2349 2572 2451 2640 γῆν
2497 2569 2712 2640 πρῶτον
2773 2565 3109 2640 παράγουσιν
3166 2564 3239 2625 ὡς
3269 2564 3490 2640 κὲντρον
3549 2567 3644 2617 τοῦ
3693 2562 3860 2636 οὖρα-

2202 2655 2320 2710 νίου
2369 2653 2596 2722 κύκλου,
2633 2653 2750 2708 ἐπεὶ
2789 2655 2876 2708 καὶ
2927 2658 3024 2708 τοῦ
3083 2651 3340 2708 ἐπιπέδου
3390 2651 3594 2708 κύκλου
3639 2673 3699 2706 τν
3749 2650 3864 2706 κέν-

2202 2765 2327 2818 τρον
2379 2738 2768 2820 πρεσϐύτερον.
2819 2745 3034 2818 ’Ἐτεροι
3077 2739 3134 2796 δὲ
3182 2741 3258 2806 εἷς
3301 2743 3368 2796 τά
3425 2741 3654 2816 τέσσαρα
3713 2761 3863 2794 στοι-

2203 2838 2330 2907 χεῖα
2380 2833 2470 2886 καὶ
2513 2833 2575 2886 τὸ
2623 2833 2871 2904 πέμπτον
2907 2835 3066 2904 σῶμα
3095 2831 3157 2885 τὸ
3187 2829 3423 2906 αἰθέριον
3453 2830 3545 2884 τὸν
3575 2829 3866 2901 σύμπαντα

2206 2919 2538 2996 διαιροῦντες
2603 2921 2811 2994 κόσμον
2887 2920 2976 2976 καὶ
3027 2920 3092 2974 τὸ
3147 2920 3536 2996 τετράστοιχον
3599 2919 3703 2972 ὑπὸ
3761 2923 3860 2972 τοῦ

2204 3009 2418 3087 αἰθέρος
2452 3008 2772 3074 διοικεῖσθαι
2821 3010 3156 3082 νομίζοντες.
3215 3009 3284 3063 T6
3342 3005 3642 3064 κάλλιστον
3677 3003 3735 3061 δῖε
3761 3011 3860 3062 τοῦ

2203 3099 2414 3175 αἰθέρος
2500 3099 2526 3153 6
2608 3097 2858 3175 οὐρανὸς,
2937 3099 2994 3153 6'v
3072 3102 3289 3174 πρῶτον
3359 3097 3568 3152 τούτων
3642 3099 3865 3172 γεγενῆ-

2205 3187 2326 3253 σθαί
2385 3209 2564 3265 φασιν.
2622 3189 2779 3245 ’Ὀσοι
2841 3187 2898 3242 δὲ
2942 3189 3234 3262 ἀγέννητον
3283 3188 3373 3242 τὸν
3433 3185 3640 3260 κόσμον
3675 3189 3860 3262 σαφῶς

2203 3279 2541 3355 ἀπεφήναντο
2599 3279 2740 3350 ὁμοῦ
2795 3279 2858 3332 τὸ
2905 3283 3006 3332 πᾶν
3081 3277 3211 3331 εἶναι
3265 3273 3585 3340 ἀκολούθως
3645 3277 3860 3336 ἑαυτοῖς

2203 3366 2448 3442 λέγουσι.
2507 3371 2596 3420 Δεῖ
2627 3364 2684 3420 δε
2729 3365 2939 3438 μᾶλλον
2997 3363 3200 3430 οῖεσθαι
3229 3366 3320 3420 τὸν
3379 3365 3604 3436 οὐρανὸν
3635 3369 3852 3440 πρῶτον

2201 3463 2541 3532 γεγενῆσθαι,
2593 3457 2668 3518 ὡς
2721 3457 2811 3510 καὶ
2867 3461 3109 3530 κρεῖττον
3165 3459 3324 3528 σῶμα
3371 3455 3458 3509 καὶ
3509 3459 3614 3508 τῶν
3669 3452 3856 3510 ἄλλων

2201 3544 2621 3620 περιληπτικόν.

2421 3742 2491 3810 ιη’
2523 3739 2690 3804 Πόθεν
2725 3739 2932 3795 ἔννοιαν
2965 3738 3127 3815 ἔσχον
3161 3744 3294 3795 Θεοῦ
3325 3737 3642 3814 ἅνθρωποι;

2273 3833 2521 3886 ’Ἐννοιαν
2575 3827 2704 3904 ἔσχε
2745 3833 2879 3884 Θεοῧ
2931 3831 3212 3904 ἄνθρωπος
3257 3829 3362 3884 ἀπὸ
3409 3833 3510 3894 τῆς
3539 3834 3648 3884 τῶν
3681 3825 3858 3883 ὄντων

2202 3920 2420 3990 τάξεως,
2473 3920 2578 3974 ἀπὸ
2625 3927 2724 3988 τῆς
2778 3919 3060 3992 ἰσονομίας
3089 3924 3197 3972 τῶν
3251 3921 3482 3994 φύσεων,
3515 3919 3622 3972 ἀπὸ
3653 3925 3752 3986 τῆς
3783 3919 3862 3979 εἰς

2201 4009 2269 4063 τά
2309 4009 2484 4063 πάντα
2523 4007 2838 4078 διοικοΰσης
2865 4007 3146 4083 προνοίας.
3178 4009 3248 4064 “Ἠ
3305 4029 3362 4061 τε
3386 4007 3490 4082 γάρ
3544 4011 3654 4060 τῶν
3687 4005 3860 4082 μεγὰ-

2205 4096 2315 4152 λων
2350 4099 2652 4173 φωστῆρων
2705 4094 2944 4166 ἀνατολὴ
2977 4097 3066 4150 καὶ
3099 4093 3246 4157 δόσις
3291 4096 3340 4149 ἐν
3373 4101 3490 4158 τοῖς
3521 4096 3705 4158 αὐτοῖς
3735 4116 3856 4148 και-

2207 4207 2322 4262 ροις
2357 4186 2437 4240 ἀεὶ
2488 4185 2694 4259 ὁμοίως
2737 4180 2960 4260 ἔχουσα,
3005 4185 3095 4240 καὶ
3151 4187 3202 4239 οἱ
3231 4189 3338 4239 τῶν
3387 4183 3622 4260 ἀστέρων
3659 4181 3860 4258 δρόμοι

2202 4276 2304 4344 τήν
2371 4275 2677 4344 ταυτότητα
2743 4275 3027 4342 σώζοντες,
3075 4275 3165 4328 καὶ
3217 4276 3250 4343 ἡ
3297 4278 3394 4328 τοῦ
3433 4273 3666 4347 οὐρανοῦ
3711 4293 3862 4348 περι-

2206 4364 2347 4441 φορά
2393 4365 2480 4418 καὶ
2531 4360 2782 4438 περίοδος
2823 4361 3157 4438 κυκλοτερὴς
3215 4363 3390 4416 πάντα
3441 4361 3742 4438 σφίγγουσα
3769 4363 3862 4414 καὶ

2206 4450 2517 4521 συνδέουσα,
2565 4453 2654 4507 καὶ
2683 4453 2732 4505 τ’
2783 4449 2927 4506 ἄλλα
2975 4451 3233 4513 ὡσαύτως
3265 4449 3465 4526 ἔχοντα
3497 4451 3548 4504 ἐν
3579 4450 3856 4521 ἀλλήλοις

2205 4543 2442 4614 σώμασι,
2479 4543 2791 4618 προνοητήν
2823 4561 2944 4596 τινα
2972 4545 3068 4596 τοῦ
3119 4539 3320 4602 παντὸς
3373 4541 3504 4594 εἶναι
3553 4537 3858 4614 ἀνακηρύτ-

444 4622 624 4678 videt.
654 4623 710 4677 Si
751 4625 906 4678 enim
957 4625 1102 4680 forte
1157 4631 1211 4682 et
1259 4643 1396 4682 casu
1449 4626 1707 4682 mundus
1755 4627 2091 4696 coaluisset,

2207 4651 2403 4685 τουσιν.
2452 4629 2516 4686 Εἰ
2545 4631 2645 4704 γὰρ
2675 4629 2878 4704 τυχαία
2925 4629 3014 4684 καὶ
3066 4629 3378 4702 αὐτόματος
3411 4629 3478 4698 ἦν
3523 4631 3557 4696 ἡ
3599 4631 3698 4682 τοῦ
3728 4626 3860 4680 κόσ-

447 4716 643 4782 partes
688 4713 816 4784 ejus
849 4713 974 4768 sine
1006 4714 1208 4770 ordine
1237 4721 1290 4770 et
1323 4717 1546 4771 ratione
1570 4717 1859 4772 ferrentur
1892 4735 1904 4773 :
1940 4736 2095 4774 nunc

446 4817 578 4856 vero
613 4808 808 4857 motus
843 4803 1096 4858 universi
1129 4809 1286 4859 certo
1319 4821 1563 4861 numero
1589 4811 1644 4862 et
1692 4799 1893 4862 ordine
1925 4824 2094 4863 cons-

443 4889 680 4958 titutus,
713 4895 772 4946 et
803 4893 958 4963 quod
1011 4893 1158 4947 nihil
1191 4893 1316 4950 sine
1347 4895 1568 4951 ratione
1597 4895 1684 4951 vel
1717 4903 1981 4953 movetur
2003 4898 2094 4954 vel

445 4979 715 5050 quiescit,
747 4982 846 5036 sed
899 4983 1098 5037 omnia
1156 4983 1324 5038 facile
1379 5001 1446 5038 ac
1493 4986 1794 5040 commode
1853 4987 1974 5059 regi
2033 5005 2094 5042 se

447 5068 774 5140 patiuntur,
810 5071 992 5126 Deum
1028 5072 1198 5128 nobis
1231 5073 1484 5128 universi
1521 5075 1796 5130 factorem
1829 5075 2092 5131 condito-

447 5173 688 5228 remque
721 5159 1148 5216 demonstrant.

685 5266 771 5320 19.
803 5268 1076 5323 Pluresne
1103 5270 1216 5323 sint
1247 5269 1437 5338 angeli
1463 5285 1537 5324 an
1568 5269 1817 5326 homines
1840 5274 1866 5323 γ

515 5353 824 5410 Pauciores
847 5357 1227 5412 multitudine
1249 5363 1390 5413 sunt
1409 5358 1598 5429 angeli
1613 5375 1790 5430 quam
1805 5359 2090 5416 homines.

442 5440 586 5496 Vide
618 5441 774 5497 enim
807 5447 1100 5514 quomodo
1131 5446 1366 5502 numeri
1395 5463 1599 5502 omnes
1617 5464 1732 5518 quo
1765 5449 2092 5520 propriores

447 5535 586 5586 sunt
623 5531 851 5602 unario,
883 5549 948 5588 eo
981 5533 1240 5590 minores
1285 5539 1423 5590 sunt
1461 5537 1724 5592 numeris
1753 5535 1989 5610 longius
2019 5539 2091 5596 ab

445 5617 545 5673 illo
569 5618 1052 5679 distantibus.Uti
1073 5623 1362 5692 binarius,
1385 5624 1680 5681 ternarius
1703 5629 1760 5682 et
1777 5633 2092 5698 quaterna-

445 5705 570 5762 rius
601 5707 860 5766 minores
909 5717 1048 5770 sunt
1105 5713 1396 5772 vicenario
1453 5715 1511 5769 et
1565 5713 1900 5774 tricenario.
1931 5716 2094 5774 Sicut

2208 4741 2312 4790 μου
2357 4717 2679 4791 σόμπλεξις,
2736 4717 2802 4786 ἦν
2855 4715 2913 4772 ἃν
2963 4717 3052 4772 καὶ
3083 4717 3151 4772 τὰ
3177 4717 3313 4792 μὲρη
3363 4721 3458 4770 τοῦ
3487 4715 3700 4788 κόσμου
3731 4717 3856 4768 ἀτά-

2203 4828 2344 4870 κτως
2375 4809 2463 4862 καὶ
2519 4805 2733 4882 ἀλόγως
2766 4806 3058 4882 φερόμενα.
3101 4810 3208 4859 Νῦν
3260 4803 3317 4858 δὲ
3353 4807 3386 4874 ἡ
3445 4801 3710 4878 εὔρυθμος
3757 4807 3858 4857 τοῦ

2202 4895 2401 4957 παντὸς
2451 4896 2689 4964 κίνησις,
2723 4895 2812 4949 καὶ
2855 4895 2916 4949 τὸ
2965 4891 3134 4967 μηδὲν
3182 4893 3400 4968 ἀλόγως
3449 4893 3484 4962 ἢ
3511 4893 3612 4960 τήν
3645 4891 3860 4960 κίνησιν

2203 4979 2350 5059 ἔχειν
2385 4984 2541 5054 ἣτήν
2575 4982 2832 5059 ἡσυχίαν,
2867 4981 3013 5038 ἀλλὰ
3059 4984 3232 5037 πάντα
3277 4981 3569 5056 εὑαγὼγως
3599 4983 3854 5054 ἡνιοχεῖ-

2203 5076 2342 5142 σθαι,
2391 5073 2482 5128 τὸν
2537 5073 2666 5128 Θεὸν
2699 5075 2835 5146 ἡμῖν
2867 5069 3206 5127 ἀναδείκνυσι
3238 5071 3476 5140 ποιητὴν
3507 5073 3602 5123 τοῦ
3635 5069 3856 5131 παντὸς.

2311 5271 2396 5328 ιϐ’.
2433 5269 2666 5344 Πότερον
2701 5268 2926 5330 πλείους
2957 5269 3008 5322 οἳ
3039 5265 3264 5342 ἄγγελοι
3297 5265 3332 5334 ἢ
3365 5265 3416 5319 οἱ
3449 5266 3750 5340 ἅνθρωποι.

2273 5357 2568 5420 Ἐλάττους
2601 5363 2708 5414 τῶν
2753 5359 3053 5432 ἀνθρώπων
3099 5357 3234 5410 κατά
3281 5355 3342 5408 τὸ
3383 5357 3596 5424 πλῆθος
3627 5355 3682 5408 οἱ
3713 5355 3864 5428 ἅγγε-

2203 5447 2314 5505 λοι.
2379 5449 2582 5504 Σκόπει
2644 5449 2771 5523 γὰρ,
2809 5448 2892 5502 δτι
2939 5445 3134 5507 πάντες
3191 5445 3244 5498 οἱ
3274 5443 3498 5520 ἀριθμοὶ
3531 5444 3586 5498 οἱ
3614 5441 3860 5513 πλησια-

2203 5542 2382 5606 ζοντες
2409 5541 2478 5611 τῇ
2534 5535 2752 5611 μονάδι,
2785 5534 3042 5598 ἐλάττους
3093 5531 3198 5590 εἶσι
3247 5532 3384 5588 κατὰ
3427 5532 3489 5588 τὸ
3521 5531 3686 5588 ποσὸν
3745 5534 3854 5586 τῶν

2199 5625 2562 5702 πορῥωτὲρων
2595 5627 2864 5702 ἀριθμῶν.
2915 5627 3045 5682 Οἷον
3076 5625 3112 5692 ἡ
3141 5619 3293 5691 δυὰς,
3337 5624 3372 5692 ἡ
3402 5621 3556 5698 τριὰς
3585 5622 3676 5678 καὶ
3707 5623 3742 5692 ἡ
3771 5641 3858 5676 τε·

2199 5715 2331 5790 τρὰς
2361 5713 2706 5791 ἐλαττότεραί
2755 5715 2856 5772 εἱσι
2899 5718 3006 5772 τῶν
3038 5709 3208 5769 εἴκοσι
3233 5711 3322 5767 καὶ
3377 5709 3688 5789 τριάκοντα.
3721 5714 3852 5766 "ns-
