4072 6346
303 365 418 425 701

1491 370 1592 429 DE
1637 367 2074 429 OMNIFABIA
2122 366 2534 427 DOCTRINA.

3595 363 3715 420 ’102

303 515 406 569 περ
441 493 531 549 οῦν
577 497 628 549 οἱ
679 494 956 571 ἐγγύτεροι
1011 503 1110 566 τῆς
1168 494 1353 559 ἒνάδος
1417 497 1638 573 ἀριθμοὶ
1697 496 1936 552 ἐλάττους

2067 497 2247 569 igitur
2307 499 2605 570 pr0piores
2682 495 2889 551 unario
2941 496 3172 550 numeri
3239 500 3382 550 sunt
3433 495 3711 562 minores,

303 584 466 650 εἷσέν,
497 586 548 638 οἱ
592 583 648 640 δὲ
692 584 1048 661 πορῥωτὲρω,
1108 585 1348 654 πλείους,
1395 587 1566 649 οὕτως
1600 589 1650 641 οἱ
1685 586 1955 662 ἑγγῧτεροι

299 678 399 728 τοῦ
435 674 546 735 ἐνὸς
603 675 689 729 καὶ
749 674 918 746 μόνου
968 680 1125 745 Θεοῦ,
1176 671 1399 730 ἔλαττον
1451 675 1639 752 ἔχουσι
1696 678 1759 730 τὸ
1791 678 1954 730 ποσὸν

301 763 356 816 οἷ
391 761 448 817 δὲ
479 763 834 840 πορῥωτερω,
884 762 1070 821 πλέον,
1124 765 1438 841 Ἐγγύτεροι
1486 763 1542 820 δὲ
1571 769 1665 820 τοῦ
1699 770 1830 820 Θεοῦ
1862 763 1957 840 ἄγ-

295 850 480 928 γελοι,
544 851 908 928 ἁρχάγγελοι,
977 855 1064 908 καὶ
1124 855 1179 909 αἱ
1256 855 1619 928 περικείμεναι
1681 852 1954 927 δυνάμεις,

390 941 438 958 »ι
539 944 546 956 .
675 941 718 959 ..ς
907 946 912 957 .
1277 953 1280 955 λ
1799 945 1810 960 .
1891 949 1911 957 -

297 962 637 1017 πορρωτεριυ
672 959 730 996 οε
783 944 834 997 οἱ
886 944 1186 1020 ἂνθρωποι.
1235 946 1393 1000 Ὥστε
1450 942 1673 1006 πλείους
1717 943 1814 998 εἶσι
1848 965 1954 997 των

298 1030 557 1105 ἀγγέλων
589 1032 641 1085 οἱ
698 1030 997 1107 ἅνθρωποι,
1057 1029 1176 1096 ὅθεν
1220 1035 1308 1088 καὶ
1362 1034 1412 1087 οἱ
1447 1034 1542 1106 μὲν
1573 1030 1799 1107 ἄγγελοι
1844 1029 1952 1102 ἤδη

296 1120 439 1175 κατὰ
465 1121 558 1174 τὸν
613 1121 844 1194 ἀριθμὸν
890 1121 1332 1198 ἐπερατώθησαν,
1364 1129 1479 1185 τοῖς
1538 1120 1594 1176 δὲ
1651 1122 1954 1196 ἀνθρώποις

300 1209 380 1270 εἷς
409 1210 472 1264 τὸ
505 1207 728 1284 ἄπειρον
774 1217 1065 1287 προχεῖται
1119 1214 1152 1282 ἡ
1206 1233 1483 1287 γεννησις.
1535 1212 1865 1281 Σταθτςσεται
1899 1209 1955 1264 δὲ

297 1298 438 1368 αῦτή
471 1298 606 1353 κατὰ
641 1300 732 1354 τὸν
764 1307 865 1370 τῆς
895 1300 1201 1364 συντελείας
1233 1303 1442 1378 καιρόν.

936 1499 1003 1565 κ’,
1038 1499 1166 1572 Περῖ
1191 1503 1306 1553 νοῦ.

366 1584 445 1640 Οὖ
477 1590 580 1646 πᾶς
639 1589 766 1648 νοῦς
827 1585 1111 1661 μετέχεται
1175 1588 1274 1641 ὑπὸ
1323 1587 1503 1656 πάσης
1549 1591 1754 1662 ψυχῆς.
1801 1589 1860 1644 Ὁ
1893 1585 1949 1641 δὲ

290 1679 515 1746 πρῶτος
546 1679 670 1736 νοῦς
707 1675 794 1728 ὑπ’
843 1673 1102 1746 οὐδεμιᾶς
1152 1679 1340 1751 ψυχῆς
1402 1677 1656 1750 μεθεκτός
1690 1677 1851 1732 ἐστιν.
1887 1679 1946 1733 Ὀ

291 1763 395 1836 γὰρ
434 1764 565 1831 ὑπὲρ
597 1765 769 1818 πᾶντοι
799 1764 865 1818 τᾶ
918 1760 1048 1819 ὄντα
1090 1770 1216 1827 νοῦς
1264 1767 1355 1820 καὶ
1403 1788 1615 1820 παντων
1664 1776 1945 1842 Δημιουρ·

2074 586 2305 658 longius
2336 603 2468 640 vero
2502 587 2712 640 remoti
2746 586 2996 655 majores
3029 589 3083 639 et
3123 582 3584 647 numerosiores,
3631 582 3715 637 sic

2069 693 2200 748 quae
2221 676 2322 730 uni
2363 681 2419 731 et
2441 675 2547 730 soli
2580 676 2692 730 Deo
2718 675 2990 746 propiora
3020 678 3180 740 sunt,
3211 674 3417 728 eadem
3438 672 3714 744 pauciora

2069 781 2298 837 quoque
2333 770 2508 832 sunt;
2543 781 2669 835 quae
2693 781 2827 819 vero
2850 764 3084 835 longius
3112 764 3357 829 distant,
3382 761 3552 833 plura
3575 766 3714 816 sunt

2069 871 2337 910 numero.
2357 853 2660 925 PrOpiores
2685 857 2876 908 autem
2897 853 3011 908 Deo
3050 857 3188 907 sunt
3215 851 3426 924 angeli,
3459 849 3713 905 archan-

2067 944 2201 1013 geli,
2234 948 2288 998 ct
2320 944 2411 998 his
2445 942 2718 1014 proxima}
2752 947 3123 1012 protestates.
3181 939 3437 1011 Longius
3488 939 3560 994 ab
3613 939 3712 994 illo

2068 1034 2282 1088 absunt
2312 1032 2604 1087 homines.
2639 1033 2826 1103 Igitur
2857 1031 3051 1103 plures
3075 1037 3215 1086 sunt
3238 1029 3507 1086 homines
3531 1046 3710 1101 quam

2066 1123 2276 1194 angeli,
2310 1123 2466 1177 unde
2497 1127 2554 1176 et
2583 1120 2924 1192 angelorum
2948 1120 3370 1190 numerusjam
3393 1126 3483 1174 est
3504 1119 3709 1174 ﬁnitus

2064 1217 2122 1266 et
2153 1211 2652 1282 circumscriptus,
2687 1211 2995 1266 hominum
3035 1227 3169 1266 vero
3195 1209 3490 1282 generatio
3523 1209 3582 1262 in
3614 1209 3706 1262 in-

2065 1302 2295 1355 ﬁnitum
2329 1301 2672 1367 effunditur,
2708 1317 2837 1372 quae
2868 1305 3062 1356 tamen
3097 1306 3152 1355 et
3181 1299 3309 1371 ipsa
3354 1298 3600 1354 sistetur
3649 1297 3704 1351 in

2064 1390 2409 1446 szeculorum
2443 1390 2972 1446 consummatione.

2665 1497 2756 1551 20.
2790 1498 2865 1551 De
2894 1504 3098 1552 mente.

2130 1592 2256 1642 Non
2290 1586 2566 1658 qualibet
2598 1603 2764 1641 mens
2788 1587 2859 1640 ab
2882 1587 3080 1640 anima
3104 1599 3453 1655 quacunque
3476 1583 3706 1653 partici-

2060 1682 2249 1746 patur.
2287 1675 2632 1747 Principalis
2665 1693 2828 1731 mens
2859 1694 2892 1729 a
2923 1674 3086 1729 nulla
3117 1674 3316 1728 anima
3363 1672 3704 1744 participari

2059 1771 2268 1838 potest.
2302 1768 2437 1830 Quae
2471 1767 2624 1820 enim
2651 1766 2925 1821 omnibus
2949 1765 3123 1820 rebus
3147 1781 3312 1819 mens
3338 1763 3706 1835 praestantior

290 1853 412 1924 τὸς,
451 1857 567 1912 πῶς
597 1851 656 1906 ἃν
717 1853 821 1907 ὑπὸ
878 1857 1064 1928 ψυχῆς
1115 1854 1472 1930 μετασχεθείη
1522 1857 1665 1917 τινός
1703 1875 1714 1922 ;
1759 1859 1936 1926 Ηαισγ,ς

2055 1861 2168 1924 est,
2199 1862 2255 1910 et
2283 1856 2545 1911 omnium
2563 1856 2773 1926 opifex,
2797 1854 3089 1926 quomodo
3113 1854 3184 1908 ab
3205 1853 3402 1906 anima
3426 1850 3544 1905 ulla
3570 1868 3704 1922 par-

289 1941 394 2016 γᾶρ
429 1947 617 2016 νοερᾶς
644 1941 894 2012 πληθύος
923 1944 1012 1997 καὶ
1056 1949 1152 1998 τοῦ
1199 1943 1448 2014 πλήθους
1489 1949 1594 1999 τῶν
1627 1950 1765 1999 νοῶν
1790 1949 1942 2021 ἡγεῖ-

287 2030 378 2083 ταί
429 2051 512 2091 τις
553 2035 700 2092 νοῦς.
757 2032 859 2087 Καὶ
915 2031 1210 2103 ἀμεοεκτος
1269 2034 1356 2087 καὶ
1405 2039 1622 2104 πρῶτος
1683 2035 1778 2106 μὲν
1818 2035 1942 2097 νοῦς

291 2119 453 2181 οὗτος
487 2117 598 2174 ἔστι
654 2121 742 2174 καὶ
801 2122 1147 2193 ἀνομάζεται.
1209 2123 1359 2178 Μετὰ
1416 2120 1472 2177 δὲ
1519 2124 1609 2177 τὸν
1644 2123 1940 2196 ἁμὲθεκτον

288 2214 442 2277 νοῦν,
503 2211 532 2263 6
595 2211 851 2282 μεθεκτὸς
917 2211 1035 2284 μὲν,
1096 2211 1202 2286 οὐχ
1259 2213 1286 2266 6
1331 2211 1619 2288 ἐγκόσμιος
1651 2211 1726 2280 δὲ,
1762 2212 1942 2268 ἀλλ’ὁ

291 2299 664 2374 ὑπερκόσμιος
694 2300 783 2354 καὶ
829 2301 1102 2376 χωριστὸς
1147 2306 1244 2355 τοῦ
1292 2301 1523 2374 κόσμου,
1566 2306 1680 2357 εἶτα
1730 2304 1757 2356 6
1791 2303 1941 2378 ἐγκό-

537 2389 548 2408 ,
666 2390 679 2408 .
831 2392 843 2405 ς
947 2389 956 2404 .
1081 2396 1107 2405 ..
1193 2393 1206 2410 .
1807 2393 1821 2411 ς

288 2409 476 2459 σμιος,
554 2396 681 2444 Επει
717 2411 853 2443 κατα
879 2411 1005 2453 τους
1042 2411 1150 2445 των
1212 2390 1476 2461 Ελλήνων
1512 2391 1708 2467 λόγους
1734 2415 1823 2447 και
1848 2395 1940 2448 αὖ·

281 2478 377 2537 τὸς
408 2478 437 2530 6
487 2478 692 2550 κόσμος
745 2476 996 2553 ἔμψυχος
1047 2477 1160 2551 ἅμα
1210 2480 1299 2534 καὶ
1349 2478 1530 2542 ἔννους
1583 2481 1714 2538 ἐστί.
1767 2483 1863 2537 Καὶ
1905 2487 1936 2553 ἡ

283 2565 580 2641 ἒγκόσμιος
625 2568 779 2642 ψυχὴ
816 2569 919 2622 οὐκ
965 2567 1120 2632 εὐθὺς
1174 2569 1389 2644 μετέχει
1437 2575 1533 2624 τοῦ
1569 2571 1939 2645 ὑπερκοσμίου

284 2655 434 2721 νοὸς,
459 2651 605 2708 ἀλλὰ
633 2657 866 2729 πρώτως
895 2661 991 2711 τοῦ
1040 2655 1356 2732 ἐγκοσμίου.
1384 2662 1568 2715 Ἔστιν
1601 2661 1692 2714 οὖν
1725 2663 1758 2729 ἡ
1789 2663 1936 2734 τάξις

279 2742 691 2816 καὶὸἆριθμὸς
745 2746 835 2799 καὶ
885 2747 953 2800 τὰ
1009 2746 1249 2819 ὀνόματα
1307 2746 1498 2808 οὕτως.
1543 2750 1602 2805 Ὀ
1642 2749 1938 2822 ἀμέθεκτος

280 2836 436 2903 νοῦς,
469 2834 496 2886 ὁ
531 2832 912 2908 ὑπερκόσμιος,
945 2836 1033 2890 καὶ
1067 2837 1095 2890 6
1125 2835 1435 2912 ἐγκόσμιος.

838 3107 939 3156 κα’.
973 3103 1090 3156 Ἔτι
1117 3102 1239 3176 περὶ
1270 3108 1385 3160 νοῦ.

361 3193 472 3249 Πᾶς
504 3191 631 3248 νοῦς
689 3188 872 3242 ἑαυτὸν
933 3193 1068 3243 νοεῖ.
1130 3188 1284 3244 Ἀλλ’
1337 3191 1364 3243 6
1414 3196 1632 3267 πρῶτος
1664 3197 1788 3254 νοῦς
1846 3195 1935 3248 καὶ

287 3277 588 3348 ἁμέθεκτος
643 3277 828 3331 ἑαυτὸν
891 3277 1076 3349 μόνον.
1130 3276 1265 3332 Οὐδὲ
1312 3280 1411 3355 γὰρ
1463 3277 1580 3356 ἔχει
1622 3303 1675 3336 τι
1705 3283 1810 3357 πρὸ
1839 3284 1932 3338 αὐ-

283 3362 408 3432 τοῦ,
460 3362 552 3417 ’ἶνα
611 3364 782 3420 ἐκεῖνο
839 3367 1034 3440 νοήσῃ.
1084 3368 1158 3420 Τὰ
1209 3365 1265 3421 δὲ
1323 3369 1438 3440 μετ’
1497 3369 1657 3424 αὐτὸν
1718 3372 1821 3425 οὐκ
1878 3371 1934 3426 ἂν

283 3455 550 3522 νοήσειεν.
630 3451 786 3510 Ἀλλ’
861 3450 975 3530 ἔχει
1041 3456 1247 3510 τούτων
1307 3459 1406 3525 τὴν
1461 3461 1654 3528 νοήσιν
1704 3460 1936 3531 ἀνοησίᾳ

285 3542 553 3617 κρείττονι
611 3544 868 3614 νοήσεως.
927 3543 1024 3598 Καὶ
1086 3542 1250 3616 ἔστιν,
1311 3547 1393 3600 ὅτι
1443 3549 1600 3611 οὗτος
1640 3553 1788 3620 νοῦς,
1813 3555 1936 3611 νοῦς

285 3633 399 3703 ἅμα
429 3631 520 3686 καὶ
578 3631 794 3701 νοητόν.
846 3636 986 3696 Νοῦς
1046 3634 1138 3706 μὶν
1201 3635 1276 3696 ὡς
1320 3640 1455 3689 νοῶν
1485 3636 1694 3705 ἑαυτὸν,
1737 3636 1932 3708 νοητὸν

285 3717 364 3790 δὲ,
401 3721 474 3782 ὡς
508 3719 804 3793 νοούμενον
839 3721 924 3797 ὑφ’
978 3722 1191 3777 ἑαυτοῦ.
1251 3727 1310 3780 Ὀ
1364 3721 1420 3778 δὲ
1472 3725 1606 3797 μετὰ
1659 3727 1750 3780 τὸν
1801 3727 1932 3800 ἀμέ-

289 3810 479 3862 Θεκτον
515 3810 768 3881 μεθεκτὸς
825 3813 948 3870 νοῦς
1007 3809 1192 3864 ἑαυτόν
1239 3832 1296 3865 τε
1355 3813 1469 3885 ἅμα
1523 3819 1657 3880 νοεῖ,
1706 3814 1794 3869 καὶ
1841 3815 1932 3870 τὸν

282 3899 391 3971 πρὸ
420 3897 584 3951 αὐτοῦ
613 3902 760 3952 νοῦν,
823 3904 933 3959 Πᾶς
993 3899 1094 3973 γὰρ
1141 3904 1267 3961 νοῦς
1402 3900 1587 3956 ἑαυτὸν
1637 3909 1769 3972 νοεῖ,
1812 3902 1847 3973 ἤ
1873 3906 1934 3959 τὸ

287 3986 420 4058 ὑπὲρ
455 3987 665 4054 ἑαυτὸν,
697 3985 731 4054 ἤ
763 3986 826 4040 τὸ
875 3993 991 4059 μεθ’
1034 3987 1244 4042 ἑαυτόν.
1298 3987 1454 4046 Ἀλλ’
1504 3990 1552 4044 εἷ’
1595 3992 1686 4064 μὲν
1719 3993 1781 4046 τὸ
1819 3995 1934 4065 μεθ’

282 4074 472 4128 ἑαυτὸν
524 4081 658 4141 νοεῖ,
719 4076 854 4129 κατᾶ
911 4076 973 4130 τὸ
1031 4081 1218 4152 χεῖρον
1273 4076 1598 4156 ἐπιστρέφει.
1662 4080 1725 4136 Εἴ
1767 4078 1823 4136 δὲ
1871 4083 1933 4136 τὸ

277 4163 414 4236 ὑπὲρ
465 4163 651 4217 ἑαυτὸν
704 4169 837 4235 νοεῖ,
891 4163 934 4218 εἰ
985 4165 1077 4237 μὶν
1131 4163 1222 4219 διὰ
1261 4175 1359 4236 τῆς
1413 4167 1602 4223 ἑαυτοῦ
1659 4172 1931 4245 γνώσεως,

275 4251 470 4306 ἑαυτὸν
523 4252 633 4324 ἅμα
681 4253 898 4306 κάκεῖνο
953 4253 1237 4327 γνώσεται.
1315 4257 1380 4313 Εἰ
1442 4255 1499 4311 δὲ
1547 4257 1721 4314 ἐκεῖνο
1765 4261 1930 4332 μόνον

275 4340 468 4395 ἑαυτὸν
516 4339 770 4414 ἀγνοήσει
814 4345 939 4403 νοῦς
993 4338 1088 4396 ὥν.
1143 4343 1317 4400 Ἀλλά
1367 4346 1430 4400 τὸ
1473 4347 1578 4422 πρὸ
1625 4349 1815 4403 ἑαυτοῦ
1846 4371 1931 4424 γι-

274 4430 526 4496 νώσκων,
555 4430 819 4503 γνώσεται
867 4431 955 4484 καὶ
1010 4431 1216 4488 ἑαυτόν.
1265 4435 1446 4489 Ἔστιν
1494 4434 1597 4508 ἄρα
1640 4435 1729 4490 καὶ
1772 4437 1822 4491 ἐν
1853 4444 1934 4510 τῷ

2055 1945 2330 2016 ticipetur
2350 1946 2377 1999 ‘?
2407 1944 2612 1999 Omnis
2631 1945 2784 1999 enim
2809 1941 3198 2015 intelligibilis
3226 1939 3625 1996 multitudinis
3646 1943 3704 1993 et

2057 2033 2456 2089 multitudinis
2489 2034 2774 2089 mentium
2809 2033 3084 2104 princeps
3113 2036 3199 2086 est
3232 2047 3396 2086 mens
3429 2028 3696 2100 quasdam

2054 2123 2278 2179 nullius
2301 2124 2510 2180 animae
2530 2123 2840 2196 particeps.
2868 2127 3055 2193 Atque
3078 2121 3199 2176 haec
3224 2119 3410 2191 prima
3425 2135 3590 2173 mens
3611 2121 3701 2172 est

2053 2220 2110 2269 ct
2141 2213 2499 2268 nominatur.
2533 2219 2672 2269 Post
2703 2213 2854 2266 hanc
2871 2211 3094 2266 nullius
3117 2210 3463 2282 participem
3487 2207 3694 2263 animze

2052 2303 2316 2358 succedit
2335 2320 2504 2359 mens
2518 2319 2631 2358 non
2649 2304 2950 2357 mundana
2965 2299 3332 2373 quidem,sed
3348 2312 3674 2370 supramun
3689 2326 3702 2339 -

2051 2393 2205 2447 dana
2234 2398 2290 2446 et
2338 2409 2370 2447 a
2420 2393 2640 2447 mundo
2691 2391 3058 2463 separabilis.
3105 2388 3324 2444 Deinde
3371 2387 3695 2452 mundana,

2052 2499 2210 2548 nam,
2244 2481 2568 2536 secundum
2603 2481 2933 2535 Graecorum
2965 2479 3340 2545 sententiam,
3374 2476 3498 2547 ipse
3518 2474 3692 2530 etiam

2053 2571 2312 2626 mundus
2343 2572 2540 2626 anima
2569 2587 2631 2624 ac
2665 2575 2859 2624 mente
2893 2569 3174 2639 praeditus
3220 2571 3326 2621 est.
3383 2565 3450 2619 Et
3499 2563 3696 2618 anima

2051 2659 2256 2714 mundi
2290 2676 2404 2714 non
2437 2659 2637 2714 statim
2670 2659 2929 2714 continet
2960 2656 3507 2728 supramundanam
3531 2668 3695 2708 men-

2047 2755 2186 2817 tem,
2212 2751 2313 2805 sed
2338 2749 2529 2820 primo
2550 2749 2934 2804 mundanam.
2959 2748 3112 2802 Ordo
3134 2746 3313 2818 igitur
3338 2748 3395 2800 et
3413 2759 3695 2800 numerus

2048 2841 2223 2908 atque
2257 2836 2497 2892 nomina
2527 2836 2610 2891 sic
2641 2853 2704 2891 se
2722 2835 2942 2891 habent
2967 2852 2978 2889 :
3007 2852 3173 2889 mens
3195 2835 3362 2904 cujus
3384 2831 3548 2888 nulla
3565 2830 3693 2886 ani-

2049 2943 2146 2980 ma
2175 2942 2413 2996 compos
2445 2930 2501 2980 et
2531 2925 2822 2996 particeps
2854 2925 2974 2979 fieri
3005 2929 3215 2994 potest.
3251 2928 3373 2977 tum
3409 2937 3576 2976 mens
3599 2936 3688 2974 suo

2049 3015 2460 3087 pramundana
2492 3030 2557 3068 ac
2589 3014 2840 3085 denique
2873 3015 3192 3068 mundana.

2545 3104 2634 3157 2t.
2670 3105 2872 3158 Iterum
2902 3103 2966 3157 de
2994 3107 3192 3157 mente.

2118 3192 2322 3248 Omnis
2354 3209 2520 3247 mens
2551 3191 2805 3263 seipsam
2840 3191 3133 3262 intelligit.
3170 3191 3278 3245 Sed
3307 3191 3494 3261 prima
3527 3205 3692 3244 mens

2048 3299 2171 3352 quae
2203 3299 2235 3336 a
2267 3281 2425 3335 nullo
2458 3281 2861 3352 participatur,
2887 3297 2949 3334 se
2977 3279 3250 3350 intelligit
3272 3277 3694 3349 solam.Neque

2049 3371 2203 3426 enim
2238 3371 2414 3424 habet
2447 3369 2666 3439 aliquid
2699 3385 2760 3424 se
2794 3370 2978 3440 prius,
3012 3369 3166 3440 quod
3204 3366 3512 3439 intelligat.
3562 3369 3694 3431 Quae

2047 3477 2179 3514 vero
2213 3464 2344 3530 post
2374 3463 2532 3524 sunt,
2560 3475 2674 3512 non
2709 3458 2946 3530 quidem
2979 3457 3346 3526 intellexerit,
3373 3457 3475 3512 sed
3511 3456 3686 3511 habet

2047 3566 2249 3604 eorum
2284 3548 2673 3619 cognitionem
2708 3549 2838 3602 sine
2884 3547 3294 3618 intelligentia,
3354 3564 3458 3618 per
3505 3563 3692 3618 genus

2047 3638 2436 3710 perceptionis
2460 3638 2614 3706 quod
2639 3635 3003 3708 intelligendi
3026 3643 3154 3691 actu
3186 3642 3273 3691 est
3296 3636 3688 3708 praestantius.

2045 3732 2121 3782 Ac
2153 3744 2321 3782 mens
2353 3727 2488 3781 talis
2522 3725 2856 3780 intellectus
2888 3724 3067 3782 simul
3098 3730 3186 3780 est
3219 3730 3275 3780 et
3298 3723 3686 3792 intelligibile.

2048 3817 2384 3872 Intellectus
2408 3816 2666 3886 quidem,
2693 3819 2982 3886 quatenus
3006 3831 3066 3870 se
3089 3811 3692 3884 ipseintelligit,intel-

2046 3905 2269 3978 ligibile
2301 3922 2457 3974 vero,
2491 3909 2781 3977 quatenus
2833 3922 2867 3959 a
2909 3904 3102 3976 seipso
3153 3901 3525 3973 intelligitur.
3557 3903 3690 3967 Quae

2044 3994 2179 4050 hinc
2196 3998 2324 4067 post
2347 3993 2899 4066 imparticipabilem
2915 3999 3171 4048 mentem
3200 4007 3366 4046 mens
3388 3990 3696 4061 participa-

2045 4085 2181 4139 bilis
2202 4083 2744 4154 succedit,seipsam
2769 4082 2947 4139 simul
2971 4081 3245 4152 intelligit
3268 4085 3325 4135 et
3345 4079 3506 4135 illam
3533 4080 3691 4149 prio-

2045 4189 2165 4228 rem
2200 4189 2262 4227 se
2294 4173 2422 4243 ipsa
2453 4176 2730 4226 mentem.
2765 4171 2969 4227 Omnis
3002 4171 3162 4226 enim
3195 4184 3363 4225 mens
3393 4168 3480 4223 vel
3512 4167 3689 4222 intel-

2045 4262 2174 4332 ligit
2205 4263 2486 4333 seipsam,
2519 4260 2604 4316 vel
2637 4262 2790 4332 quod
2817 4278 2995 4332 supra
3027 4277 3108 4329 se,
3141 4261 3226 4315 vel
3262 4260 3417 4330 quod
3450 4258 3603 4313 infra
3625 4273 3690 4312 ac

2044 4355 2175 4422 post
2204 4367 2265 4406 se
2293 4355 2401 4405 est.
2434 4353 2500 4404 At
2533 4351 2769 4421 quando
2802 4350 2911 4404 hoc
2943 4350 3098 4421 quod
3131 4349 3285 4404 infra
3310 4364 3371 4404 se
3401 4351 3490 4402 est
3515 4345 3688 4400 intel-

2041 4440 2191 4512 ligit,
2206 4441 2275 4494 ad
2309 4439 2566 4494 deterius
2597 4454 2660 4492 se
2683 4439 2984 4494 convertit.
3019 4439 3262 4502 Quando
3293 4441 3491 4492 autem
3517 4434 3687 4490 intel-

272 4524 351 4590 νῷ
382 4519 606 4588 νοητὸν,
637 4519 727 4572 καὶ
761 4517 812 4572 ἐν
843 4524 921 4591 τῷ
967 4525 1152 4592 νοητῷ
1181 4527 1327 4591 νοῦς,
1359 4524 1448 4578 καὶ
1481 4526 1508 4579 ὁ
1545 4525 1639 4597 μὶν
1671 4524 1931 4582 ὀλικώτε-

433 4609 446 4622 .
492 4605 534 4622 ..
758 4607 768 4621 .

2054 4529 2169 4599 .igit
2192 4528 2247 4582 id
2271 4529 2424 4598 quod
2451 4544 2629 4598 supra
2650 4544 2711 4582 se
2732 4532 3025 4597 est,atque
3054 4541 3157 4597 per
3174 4525 3467 4597 suiipsius
3485 4523 3688 4596 cogni-

273 4629 393 4682 ρος,
427 4609 455 4662 6
489 4605 546 4662 δὶ
572 4607 960 4682 μερικώτερος.

2039 4617 2281 4680 tionem,
2313 4615 2568 4688 seipsam
2602 4615 2818 4686 pariter
2847 4620 2904 4669 et
2934 4614 3081 4669 illud
3113 4619 3453 4686 cognoscet:
3485 4614 3534 4668 si
3559 4629 3686 4668 vero

271 4699 425 4754 illud
461 4697 678 4767 solum,
711 4698 966 4770 seipsam
1000 4700 1294 4770 ignorabit
1325 4708 1579 4759 mentem
1609 4721 1758 4761 esse.
1792 4706 1904 4760 Sed
1940 4705 2141 4776 utique
2174 4706 2314 4760 dum
2347 4705 2402 4758 id
2437 4705 2586 4773 quod
2622 4721 2684 4758 se
2716 4704 2880 4774 prius
2924 4709 3013 4758 est
3060 4703 3379 4773 cognoscit,
3439 4716 3684 4773 cognos-

272 4796 370 4842 cet
402 4788 580 4841 etiam
609 4803 671 4842 se
702 4787 911 4858 ipsam.
947 4788 1046 4842 Est
1077 4788 1258 4860 igitur
1286 4796 1343 4846 et
1373 4792 1430 4847 in
1466 4799 1658 4850 mente
1689 4794 2078 4866 intelligibile,
2113 4797 2171 4849 et‘
2195 4791 2255 4848 in
2289 4792 2637 4863 intelligibili
2670 4808 2837 4846 mens
2870 4793 2990 4846 sive
3022 4790 3356 4846 intellectus
3381 4789 3532 4845 alius
3551 4789 3680 4843 uni-

268 4875 580 4942 versalior,
614 4875 1026 4946 particularior
1048 4875 1224 4933 alius.

824 4981 931 5054 κβ’,
961 4982 1080 5036 Ἐτι
1113 4982 1235 5057 περὶ
1260 4989 1375 5040 νοῦ.

344 5071 460 5130 Πᾶς
501 5072 622 5129 νοῦς
651 5068 739 5122 καὶ
778 5075 875 5138 τῆν
933 5069 1117 5124 οὐσίαν
1147 5072 1236 5126 καὶ
1278 5077 1378 5144 τὴν
1431 5073 1658 5148 δύναμιν
1704 5077 1794 5131 καὶ
1820 5078 1918 5145 τὴν

267 5157 566 5232 ἐνέργειαν,
598 5157 792 5211 αἱώτια
846 5155 985 5232 ἔχει.
1033 5158 1176 5231 ’Ὁλη
1227 5183 1290 5237 γε
1320 5164 1432 5236 ἅμα
1463 5165 1606 5219 ἐστὶν
1665 5168 1700 5234 ἠ
1761 5166 1921 5220 οὐσία

268 5251 377 5302 τοῦ
419 5251 514 5299 νοῦ
544 5246 633 5300 καὶ
693 5244 816 5300 οὔτε
874 5245 1084 5316 αὔξεται
1135 5247 1259 5306 οῦτε
1318 5254 1684 5330 μεγεθύνεται,
1717 5252 1840 5310 οὐδὲ
1891 5255 1920 5309 ’ὁ

267 5338 522 5408 σήμερον
574 5333 686 5390 ἔστι
741 5336 872 5410 χθὲς
931 5336 1030 5391 οὐκ
1085 5341 1174 5407 ἦν.
1226 5341 1323 5394 Καὶ
1366 5345 1400 5411 ἡ
1433 5342 1618 5413 νόησις
1667 5341 1725 5398 δὲ
1755 5344 1920 5398 αὑτοῦ

262 5425 439 5497 ὁμοία
472 5423 581 5477 ἐστὶ
610 5427 680 5496 τῇ
722 5425 897 5494 οὐσίᾳ.
959 5423 1316 5502 Πληρεστάτη
1370 5432 1471 5508 γὰρ
1521 5433 1610 5487 καὶ
1670 5432 1799 5503 ὅλη,
1829 5434 1919 5486 καὶ

263 5517 416 5584 ὁμοῦ
446 5514 620 5566 πάντα
665 5517 799 5581 νοεῖ,
832 5513 922 5566 καὶ
954 5512 1077 5569 οὔτε
1102 5517 1165 5570 τὸ
1216 5518 1597 5594 παρεληλυθὸς
1644 5520 1764 5596 ὁρᾷ,
1799 5519 1920 5576 οὔτε

260 5603 330 5656 τὸ
359 5600 566 5673 μέλλον
594 5603 668 5663 ὡς
715 5601 973 5675 ἐσόμενον
1033 5601 1198 5675 οἶδεν,
1250 5607 1376 5663 ἀλλ’
1433 5609 1484 5664 ἐν
1544 5615 1624 5682 τῷ
1669 5608 1918 5666 ἐνεστῶτι

263 5689 446 5746 πάντα
476 5687 640 5762 οἶδεν,
692 5689 754 5745 οὐ
798 5691 1142 5766 κινούμενος,
1183 5695 1244 5751 o6
1294 5696 1776 5776 συλλογιζόμενος,
1808 5699 1919 5775 οὐχ

2534 4989 2624 5044 22.
2657 4991 2864 5042 Iterum
2895 4987 2959 5042 de
2981 4991 3180 5042 mente.

2104 5080 2266 5135 Mens
2287 5078 2627 5144 essentiam,
2645 5077 2967 5148 potentiam
2981 5081 3038 5132 et
3051 5075 3449 5148 operationem
3465 5077 3680 5129 aeterna

2031 5169 2227 5224 habet.
2259 5167 2533 5224 Essentia
2553 5167 2770 5221 mentis
2799 5167 2978 5220 simul
3009 5171 3125 5221 tota
3155 5170 3266 5235 est,
3292 5180 3481 5235 neque
3503 5179 3678 5233 auge-

2030 5263 2127 5311 tur
2158 5273 2342 5326 neque
2366 5255 2424 5309 in
2450 5255 2731 5326 majorem
2759 5255 3227 5326 magnitudinem
3256 5252 3678 5323 crescit,neque

2031 5346 2184 5416 quod
2210 5345 2380 5400 hodie
2402 5349 2490 5399 est
2515 5343 2640 5398 heri
2665 5361 2775 5398 non
2801 5349 2946 5410 erat,
2980 5349 3036 5400 et
3083 5343 3402 5400 intellectio
3426 5343 3553 5412 ejus
3585 5358 3676 5396 es-

2029 5435 2219 5490 sentia
2249 5439 2339 5489 est
2367 5432 2599 5488 similis.
2625 5431 2973 5488 Plenissima
2994 5433 3152 5488 enim
3179 5438 3236 5488 et
3259 5438 3382 5487 tota
3401 5429 3678 5498 intelligit

2030 5529 2088 5578 et
2119 5539 2320 5578 omnes
2342 5539 2436 5578 res
2467 5521 2667 5589 simul,
2697 5525 2757 5576 et
2789 5538 2893 5576 nec
2917 5523 3206 5594 praeterita
3226 5527 3508 5592 tanquam
3536 5535 3674 5591 prte-

2027 5611 2220 5683 terita,
2248 5628 2438 5684 neque
2468 5610 2664 5667 futura
2695 5615 2976 5682 tanquam
3007 5612 3204 5668 futura
3225 5609 3546 5682 cognoscit,
3569 5607 3670 5663 sed

2030 5702 2228 5757 omnia
2256 5700 2537 5772 intelligit
2564 5704 2846 5771 tanquam
2878 5701 3226 5773 praesentia:
3258 5717 3372 5756 non
3406 5703 3674 5754 movetur
