4102 6342
283 436 407 496 705

1465 434 1569 494 DE
1611 425 1906 492 OMNlFA
1919 424 2052 486 RIA
2098 425 2491 486 DOCTRINA
2509 472 2522 486 .

3583 438 3702 499 706

279 566 459 620 πάντα
498 562 587 619 διὰ
617 564 852 632 πάντων,
880 564 971 617 καὶ
1017 563 1066 618 ἐν
1121 564 1296 636 ἑαυτῷ
1353 563 1493 619 ἐστιν
1550 559 1801 617 ἱκασταν.
1861 554 1940 611 Τὰ

2057 554 2362 611 visionem.
2393 558 2602 615 Omnia
2634 560 2813 632 igitur
2844 577 2946 635 per
2992 564 3192 621 omnia
3235 572 3561 640 permeant,
3597 587 3701 627 nec

288 655 385 727 μὲν
447 655 692 727 σώματα,
750 654 867 707 καθ’
921 652 1083 707 ἑαυτά
1131 652 1240 708 ἰστι
1289 650 1536 722 ἕκαστον,
1594 650 1684 705 καὶ
1745 646 1806 701 οὐ
1867 640 1935 697 δι’

286 742 556 814 ἀλλήλων
613 748 801 820 φοιτᾷν
854 739 1071 796 δύναται
1132 740 1221 797 διὰ
1274 744 1373 813 τήν
1437 740 1826 817 παγυμὲρειαν.
1860 733 1939 788 Τὰ

286 830 346 886 δὲ
398 833 660 905 ἀσώματα
716 833 802 887 καὶ
859 832 1021 908 νοερὰ
1073 829 1190 903 εἶ’δη
1242 832 1395 895 ἐκτὸς
1439 829 1757 906 παχῦτητος
1814 820 1939 878 ὄντα

283 922 377 975 καὶ
467 920 745 996 μεγέθους,
803 919 871 975 δι’
932 918 1196 991 ἀλλήλων
1285 926 1534 997 φοιτῶσι.
1613 916 1709 972 Καὶ
1784 911 1938 973 αὖθις

284 1010 571 1087 ἀσῦγχυτα
633 1011 899 1084 μένουσιν.
951 1013 1038 1067 Ἐν
1090 1008 1367 1081 ἀλλήλοις
1421 1014 1546 1087 γοῦν
1608 1007 1708 1062 εἶσι
1767 1003 1940 1059 πάντα

281 1101 354 1154 ti
382 1101 542 1174 νοερὰ
585 1097 703 1170 εἶ’δη
754 1100 1078 1173 ἡνωμένως,
1112 1100 1200 1154 καὶ
1243 1099 1420 1175 χωρὶς
1473 1095 1695 1154 ἕκαστον
1760 1091 1937 1149 διακε-

279 1186 627 1263 κριμμὲνως,
688 1188 869 1263 ὥσπερ
946 1185 1011 1257 δὴ
1090 1188 1179 1242 καὶ
1229 1189 1295 1243 τά
1350 1189 1678 1265 θεωρήματα
1734 1182 1786 1238 ἐν
1842 1185 1942 1255 μιᾶ

284 1281 466 1353 ψυχῇ-

902 1391 1001 1446 κς’.
1037 1383 1167 1458 Ηερὶ
1197 1389 1291 1439 νοῦ
1308 1428 1319 1439 .

361 1475 475 1538 Πᾶς
500 1478 626 1538 νοῦς
654 1471 877 1547 πλήρης
905 1471 1017 1527 ἐστὶ
1046 1476 1154 1527 τῶν
1201 1474 1359 1528 θείων
1405 1468 1590 1546 εΐδῶν,
1620 1475 1761 1542 οἷον,
1802 1473 1942 1548 ἁγα-

283 1562 540 1634 θότητος,
604 1563 910 1631 ὁσιότητος,
963 1558 1331 1632 δικαιοσύνης,
1361 1561 1714 1632 ταυτότητος,
1750 1561 1940 1636 ὁμοιό-

278 1672 454 1721 τητος
496 1651 585 1706 καὶ
642 1654 751 1706 τῶν
804 1650 1039 1721 λοιπῶν,
1071 1648 1197 1706 ἀλλ’
1260 1652 1288 1705 6
1348 1651 1441 1725 μὲν
1503 1650 1774 1727 θειότερος
1821 1656 1940 1714 νοῦς

286 1740 638 1816 ὀλικωτὲρων
700 1738 810 1795 ἐστὶ
864 1741 1202 1817 περιεκτικὸς
1262 1737 1445 1808 εἲδῶν,
1494 1742 1522 1795 6
1581 1739 1639 1795 δί
1692 1741 1942 1795 ταπεινό-

280 1852 447 1906 τερος
484 1830 902 1905 μερικωτὲρων·
938 1831 990 1883 οἱ
1047 1830 1140 1903 μὶν
1186 1830 1286 1904 γάρ
1334 1829 1589 1904 ἀνωτέρω
1640 1828 1809 1892 θείαις
1857 1827 1944 1883 δυ-

2048 643 2246 700 minus
2281 650 2744 721 unumquodque
2769 655 2858 706 est
2890 669 2993 722 per
3015 658 3177 709 se.At
3206 655 3362 711 enim
3388 673 3700 730 corporum

2047 732 2343 804 quodlibet
2378 752 2478 808 per
2510 754 2571 792 se
2601 743 2713 805 est,
2748 757 2850 796 nec
2899 759 3004 813 per
3049 744 3163 800 alia
3214 751 3407 816 potest
3440 749 3511 804 ob
3544 766 3701 807 cras-

2049 821 2238 879 sitiem
2273 841 2594 896 permeare.
2630 828 2671 882 Ε
2701 829 2991 885 contrario
3020 831 3413 905 incorporalia
3441 843 3499 893 et
3528 839 3702 894 intel-

2049 911 2293 985 ligibilia
2326 918 2527 987 utpote
2557 917 2846 973 crassitiei
2869 923 2927 974 et
2956 923 3383 993 magnitudinis
3415 929 3701 1000 expertia,

2050 1001 2295 1057 invicem
2328 1019 2389 1060 se
2420 1012 2819 1077 permeant,ac
2844 1008 3229 1068 nihilominus
3259 1013 3569 1073 inconfusa
3601 1036 3704 1090 per

2050 1092 2537 1149 manent.0mnes
2568 1094 2750 1167 igitur
2781 1097 3004 1168 species
3037 1100 3440 1174 intelligibiles
3471 1104 3585 1161 sibi
3611 1107 3700 1161 in-

2049 1180 2232 1237 vicem
2266 1180 2470 1239 insunt
2496 1188 2673 1256 atque
2706 1187 2872 1243 unita
2900 1194 3176 1258 sunt,nec
3210 1192 3407 1249 minus
3431 1201 3701 1267 separata

2052 1273 2193 1325 sunt
2221 1286 2284 1326 ac
2316 1271 2633 1343 disjuncta,
2668 1275 2823 1331 sicut
2853 1275 3577 1355 in‘anima‘cogitationes.

2563 1382 2655 1436 26.
2686 1383 2873 1440 Adhuc
2895 1386 2963 1442 de
2999 1397 3198 1444 mente.

2123 1464 2329 1523 Omnis
2362 1484 2528 1525 mens
2558 1471 2775 1529 divinis
2806 1473 2982 1546 plena
3012 1481 3102 1532 est
3127 1478 3371 1547 ideis,ut
3399 1480 3704 1549 bonitatis,

2052 1555 2402 1625 sanctitatis,
2428 1559 2699 1632 justitias,
2730 1563 3077 1635 identitatis,
3109 1566 3521 1626 similitudinis
3545 1579 3709 1628 caete-

2054 1643 2295 1715 risque:
2329 1654 2388 1701 at
2418 1648 2669 1705 divinior
2712 1669 2879 1710 mens
2929 1655 3277 1726 integriores
3323 1658 3487 1716 ideas
3517 1663 3705 1716 conti-

2057 1740 2172 1801 net,
2203 1733 2464 1791 vicissim
2497 1754 2613 1809 quo
2645 1740 2885 1798 inferior
2915 1748 3023 1815 est,
3056 1762 3123 1802 eo
3155 1746 3415 1804 minores
3464 1748 3704 1806 illarum

2054 1833 2266 1893 partes.
2291 1825 2635 1897 Superiores
2667 1830 2822 1885 enim
2858 1835 3181 1904 majoribus
3213 1836 3428 1893 divinis
3459 1838 3706 1894 faculta-

286 1921 487 1992 νάμεσι
544 1922 786 1995 χρῶνται
843 1917 1184 1993 μείζοσιν,οἷ
1226 1915 1283 1973 δὲ
1320 1918 1617 1993 κατώτιροι
1666 1917 1940 1989 πληθυνό-

2056 1910 2215 1968 tibus
2245 1919 2510 1985 utuntur,
2543 1917 2848 1974 inferiores
2879 1937 3011 1977 vero
3043 1930 3271 1980 mentes
3331 1926 3470 1981 dum
3500 1928 3707 1982 multi-

285 2031 469 2083 μενοι,
516 2007 729 2083 μᾶλλον
787 2006 1073 2063 ἐλαττοῦσι
1131 2007 1226 2069 τὰς
1283 2004 1558 2081 δννάμεις,
1610 2007 1669 2069 ἃς
1720 2006 1937 2083 ἔχουσι.

278 2100 367 2154 Τά
420 2098 524 2174 γὰρ
580 2102 661 2170 τῷ
718 2098 792 2152 ἐνὶ
855 2097 1241 2173 συγγενέστεραι
1297 2094 1621 2171 ἐλαττότερα
1682 2097 1778 2170 μέν
1837 2095 1941 2152 εἶσι

275 2187 363 2259 τῷ
388 2186 612 2258 πλήθει,
645 2192 752 2242 τῶν
786 2186 880 2264 ὐφ’
910 2186 1096 2254 ἑαυτὰ,
1129 2190 1197 2261 τῇ
1253 2183 1475 2259 δυνάμει
1536 2183 1593 2241 δὲ
1640 2185 1939 2262 ὖπεραίρει.

276 2278 360 2331 Τά
418 2275 475 2331 δὲ
528 2281 626 2331 τοῦ
681 2275 797 2337 ἑνὸς
831 2274 1194 2351 πορῥωτέρω,
1235 2269 1471 2349 ἔμπαλιν
1502 2280 1582 2348 τῷ
1641 2276 1733 2347 μὲν
1785 2280 1943 2347 ποσῷ

276 2363 769 2440 πληθυντικώτερά
854 2364 979 2432 εἷ’σι,
1037 2368 1107 2437 τῇ
1188 2361 1246 2418 δὲ
1314 2361 1534 2436 δυνάμει
1595 2362 1939 2437 ἐλαττότερα.

286 2460 399 2510 Πᾶν
437 2455 532 2527 μὲν
564 2454 664 2530 γάρ
695 2453 757 2507 τὸ
789 2451 1205 2525 πληθυνόμενον
1269 2452 1591 2509 ἐλαττοῦται
1650 2455 1787 2508 κατὰ
1840 2455 1941 2522 τὴν

283 2541 539 2615 δύναμιν,
574 2548 678 2596 πᾶν
712 2538 768 2595 δὲ
794 2540 858 2596 τὸ
887 2540 1172 2612 ἑνούμενον
1202 2545 1271 2615 τῇ
1337 2542 1433 2614 μὲν
1490 2539 1713 2615 δυνάμει
1775 2563 1939 2617 μεγα-

284 2632 530 2699 λύνεται,
574 2629 894 2686 ἆλαττοῦται
947 2628 1005 2684 δὲ
1059 2630 1196 2685 κατὰ
1246 2631 1347 2698 τήν
1402 2630 1696 2699 ποσότηταυ
1756 2634 1786 2700 ἡ
1851 2632 1945 2704 μὶν

278 2720 389 2795 γάρ
420 2716 608 2781 ἓνωσις
642 2717 1075 2794 δυναμικωτὲρα,
1121 2721 1155 2789 ἠ
1218 2717 1275 2774 δὲ
1324 2717 1582 2793 διαίρεσις
1640 2718 1944 2790 πληθυντι-

284 2811 527 2885 κωτέρα.
560 2809 657 2866 Καὶ
687 2810 722 2879 ἡ
759 2829 857 2884 μεν
904 2804 1095 2872 ἓνωσις
1143 2807 1379 2863 ἐλάττων
1438 2809 1572 2863 κατὰ
1616 2810 1714 2878 τήν
1771 2810 1943 2865 ποσό-

282 2919 456 2970 τητα,
512 2900 549 2968 ἡ
609 2895 666 2953 δὶ
711 2895 973 2973 διαίρεσις
1021 2897 1367 2974 ἀσθενέστερα
1421 2898 1558 2953 κατὰ
1612 2899 1710 2967 τὴν
1783 2896 1942 2955 δόνα-

292 3010 415 3061 μιν.

856 3075 954 3144 κζ’.
987 3075 1115 3145 Περὶ
1148 3078 1355 3150 ψυχῆς.

362 3164 553 3241 Τρίτον
586 3163 697 3219 ἔστὶ
726 3166 789 3219 τὸ
819 3165 990 3227 πάθος
1018 3171 1116 3233 τῆς
1147 3167 1352 3239 ψυχῆς.
1387 3163 1484 3218 Καὶ
1513 3164 1577 3219 τὸ
1633 3167 1726 3239 μὲν
1774 3168 1940 3240 ἀκρό-

267 3254 447 3311 τατον
479 3254 672 3323 αὐτῆς,
715 3254 777 3308 τὸ
807 3258 922 3314 τοῖς
972 3258 1194 3323 νοητοῖς
1236 3253 1542 3325 ἡνωμένον,
1576 3254 1763 3323 νόησις
1819 3255 1956 3325 ὠνό,

278 3365 507 3419 μαστάι.
537 3345 608 3397 Τὸ
640 3342 697 3398 δὲ
746 3343 974 3418 ἔσχατον
1025 3344 1085 3397 τὸ
1131 3347 1239 3397 τῶν
1288 3342 1560 3411 αἰσθητῶν
1617 3347 1939 3417 γνωστικὸν,

280 3433 380 3488 διὰ
440 3431 606 3505 μέσης
665 3439 762 3501 τῆς
804 3438 992 3500 κοινῆς
1051 3431 1354 3501 αἰσθήσεως
1412 3427 1538 3501 δόξα
1594 3431 1829 3507 λέγεται.
1870 3438 1941 3491 Τὸ

286 3521 350 3578 δὲ
385 3522 543 3594 μέσον
593 3522 655 3576 τὸ
711 3521 908 3575 ἀνιέναι
966 3520 1055 3575 καὶ
1102 3520 1340 3575 κατιέναι
1396 3521 1653 3597 πεφυκὸς,
1706 3519 1938 3581 διάνοια.

285 3610 399 3669 Καὶ
460 3608 624 3685 μέχρι
689 3610 784 3682 μὶν
838 3609 1070 3678 τούτων,
1133 3609 1160 3662 6
1232 3606 1536 3684 ἅνθρωπος,
1596 3608 1719 3680 ἤτοι
1793 3612 1940 3684 νοῦς,

285 3698 527 3769 διάνοια,
560 3696 707 3770 δόξα,
744 3698 879 3771 μετᾶ
932 3695 989 3752 δὲ
1042 3701 1208 3752 ταῦτα
1263 3698 1485 3752 εἶναιτὸ
1520 3702 1678 3767 ζῶον.
1721 3701 1785 3757 Ἠ
1847 3703 1940 3776 μὲν

280 3788 391 3865 γὰρ
421 3786 819 3849 πολυποίκιλος
848 3786 1028 3862 φύσις,
1062 3789 1095 3857 ἡ
1125 3784 1181 3841 δὲ
1208 3792 1309 3854 τῆς
1354 3788 1499 3850 θείας
1552 3787 1746 3863 μοίρας
1780 3790 1945 3866 ὑπάρ-

278 3896 486 3953 χουσα,
518 3879 552 3946 ἡ
588 3876 680 3950 μὲν
713 3897 772 3950 γε
831 3876 1091 3949 ἐπιθυμία
1139 3874 1517 3954 πολυκέφαλον
1563 3877 1776 3953 θηρίον,
1811 3880 1838 3933 ὁ
1887 3878 1943 3936 δὲ

280 3967 463 4040 θυμὸς
521 3961 855 4035 λεοντώδης,
887 3966 915 4020 6
969 3962 1027 4020 δὲ
1079 3962 1246 4039 λόγος
1289 3965 1316 4018 6
1367 3963 1581 4037 ἀληθὴς
1636 3964 1940 4043 ἄνθρωπος.

283 4056 439 4111 Ἐστί
500 4055 556 4109 δὲ
602 4055 801 4109 τούτου
841 4053 929 4108 καὶ
976 4051 1145 4115 ἄλλος
1194 4053 1465 4129 θειότερος
1515 4052 1795 4130 ἅνθρωπος
1851 4059 1943 4113 καὶ

284 4142 675 4217 ἀληθέστερος,
735 4144 763 4198 ὁ
821 4143 1029 4216 νοερὸς,
1094 4142 1151 4196 ’ὁν
1212 4141 1600 4218 αὐτάνθρωπον
1674 4161 1941 4223 προσαγο-

287 4232 539 4310 ρεύουσιν
591 4234 643 4286 οἱ
693 4236 798 4286 τῶν
855 4229 1012 4287 εῒδῶν
1073 4231 1495 4310 φιλοθεάμονες.
1528 4232 1724 4308 Τρίτον
1772 4232 1862 4290 οὖν
1914 4236 1941 4290 6

284 4322 599 4397 ἄνθρωπος,
631 4322 660 4375 ὁ
696 4321 792 4394 μὲν
825 4321 1009 4395 νοερὸς
1039 4319 1129 4374 καὶ
1180 4317 1492 4393 μονοειδὴς,
1526 4322 1553 4376 6
1612 4318 1670 4376 δὲ
1722 4320 1942 4399 λογικὸς

277 4410 380 4466 καὶ
437 4410 701 4486 τριμερὴς
756 4410 844 4464 καὶ
893 4406 1247 4485 τριδόναμος,
1282 4410 1310 4463 6
1368 4407 1426 4464 δὲ
1476 4408 1795 4481 αἰσθητικὸς
1851 4411 1940 4466 καὶ

280 4497 588 4567 πολυειδὴς
617 4499 704 4553 καὶ
739 4496 1105 4560 παντοδαπός.
1136 4498 1207 4553 Τὸ
1240 4497 1298 4553 δὲ
1338 4496 1700 4574 λογιζόμενον
1750 4500 1839 4555 καὶ
1880 4502 1940 4555 τὸ

282 4592 529 4663 θεωροῦν
562 4590 725 4661 ἡμεῖς
781 4586 1154 4661 ἐσμεν-ἡμεῖς
1210 4587 1312 4662 γὰρ
1370 4587 1460 4642 καὶ
1514 4590 1666 4666 ψυχὴ
1720 4591 1938 4650 ταυτόν.

859 4874 963 4944 κη’.
997 4872 1128 4949 Περὶ
1159 4875 1367 4947 ψυχῆς.

354 4965 480 5020 Τῶν
512 4963 638 5035 παρ’
662 4960 902 5031 Ἕλλησι
936 4966 1115 5039 σοφῶν
1162 4962 1260 5029 τήν
1313 4963 1523 5037 ψυχὴν,
1558 4960 1784 5017 Πλάτων
1844 4962 1939 5034 μὲν

274 5052 377 5109 καὶ
429 5051 843 5123 Ἀριστοτέλης,
904 5050 979 5113 ὡς
1060 5049 1277 5124 ὀργάνῳ
1353 5050 1480 5124 φασὶ
1569 5058 1808 5125 χρῆσθαι
1862 5055 1941 5121 τῷ

275 5141 522 5213 σώματι.
583 5145 675 5194 Δεῖ
742 5139 865 5214 γάρ,
934 5139 1096 5209 φησὶν
1158 5138 1571 5215 ’Λριστοτὲλης,
1651 5141 1750 5208 τὴν
1843 5140 1938 5212 μὶν

272 5232 486 5306 τεχνην
564 5235 803 5304 χρῆσθαι
885 5234 997 5291 τοῖς
1075 5228 1352 5304 ὀργάνοις,
1428 5229 1528 5297 τήν
1613 5225 1670 5282 δὲ
1752 5229 1938 5304 ψυχὴν

274 5324 366 5391 τῷ
429 5319 662 5391 σώματι.
717 5318 780 5371 Οἱ
857 5313 912 5371 δὲ
985 5315 1044 5372 ἐκ
1118 5316 1423 5392 Περιπάτου
1499 5315 1791 5394 φιλόσοφοι
1868 5317 1941 5380 ὡς

273 5406 475 5465 ἕνυλον
511 5405 649 5468 εἶδος
706 5404 1018 5478 μιγνύουσιν
1068 5405 1235 5474 αὐτὴν
1276 5406 1357 5477 τῷ
1404 5404 1619 5479 σώματι
1674 5406 1763 5460 καὶ
1823 5402 1938 5460 δια-

272 5497 599 5552 πλέκουσιν.
643 5495 706 5549 Οἱ
756 5491 815 5549 δὶ
863 5494 985 5570 περὶ
1034 5491 1317 5565 Κλεάνθην
1367 5495 1456 5548 καὶ
1520 5498 1678 5567 σῶμα
1740 5493 1942 5564 ταύτην

273 5584 697 5661 ἀποφαίνονται,
754 5581 1057 5656 δυναμένην
1121 5584 1304 5657 μέντοι
1362 5584 1423 5659 γέ
1480 5603 1615 5638 ποτε
1682 5583 1774 5637 καὶ
1842 5587 1940 5638 τοῦ

273 5673 613 5751 φαινομένου
662 5671 993 5748 χωρίζεσθαι
1043 5672 1316 5746 σώματος.
1370 5670 1654 5735 Πλωτῖνος
1703 5670 1760 5728 δὲ
1806 5693 1941 5749 φησι

278 5764 365 5840 μή
404 5763 785 5839 ἀναγκάζεσθαι
819 5759 1067 5839 δέχεσθαι
1123 5763 1224 5834 τὴν
1285 5764 1471 5839 ψυχὴν
1522 5763 1588 5819 τά
1640 5763 1784 5835 πάθη
1842 5766 1939 5817 τοῦ

2053 1998 2366 2072 plicantur,
2401 2004 2781 2063 facultatibus
2808 2026 2953 2080 quas
2984 2011 3201 2067 habent
3232 2017 3481 2070 utuntur
3509 2015 3698 2072 imbe-

2053 2086 2402 2145 cillioribus.
2433 2094 2567 2156 Quas
2597 2096 2755 2151 enim
2788 2098 2995 2154 unitati
3030 2101 3296 2171 proxima
3328 2104 3699 2174 sunt,multi-

2053 2177 2253 2234 tudine
2285 2181 2523 2251 quidem
2550 2184 2623 2238 ab
2648 2185 3023 2244 interioribus
3052 2191 3387 2261 vincuntur,
3438 2195 3700 2264 potentia

2053 2272 2247 2321 autem
2280 2277 2576 2339 praestant.
2628 2272 2899 2331 Vicissim
2945 2294 3072 2348 quas
3098 2280 3170 2334 ab
3195 2280 3416 2336 unitate
3464 2282 3701 2353 longius

2052 2356 2354 2424 recedunt,
2390 2376 2633 2418 numero
2664 2362 2965 2434 plura,sed
2997 2368 3257 2438 potentia
3284 2371 3514 2426 minora
3535 2377 3699 2427 sunt.

2053 2447 2351 2520 Quidquid
2391 2449 2547 2504 enim
2614 2450 2674 2505 in
2742 2453 3188 2511 multitudinem
3244 2458 3390 2527 abit,
3442 2461 3704 2531 potentia

2054 2538 2362 2607 minuitur,
2411 2538 2512 2594 sed
2561 2541 2717 2611 quod
2765 2544 2982 2611 unitur,
3032 2547 3293 2616 potentia
3340 2554 3589 2619 augetur
3635 2566 3703 2606 ac

2053 2627 2281 2693 crescit,
2314 2626 2449 2683 licet
2477 2645 2721 2686 numero
2754 2630 3279 2690 minuatur.Unitio
3311 2635 3468 2691 enim
3502 2637 3700 2693 valen-

2051 2722 2166 2772 tior
2212 2722 2320 2784 est,
2370 2715 2581 2773 divisio
2626 2718 3027 2776 multitudinis
3073 2725 3451 2794 procreatrix.
3504 2726 3700 2782 Unitio

2054 2806 2245 2862 minor
2276 2822 2542 2875 numero,
2570 2807 2780 2864 divisio
2812 2811 3069 2880 potentia
3094 2810 3405 2868 inﬁrmior.

2655 3075 2744 3129 27.
2774 3075 2849 3131 De
2876 3076 3089 3132 anima.

2122 3163 2264 3218 Tres
2294 3167 2437 3218 sunt
2481 3163 2688 3218 animae
2737 3165 3062 3235 passiones.
3107 3167 3304 3224 Prima
3349 3168 3589 3239 quidem
3639 3176 3698 3227 et

2062 3269 2298 3309 summa
2324 3250 2924 3324 quaintelligibilibus
2940 3256 3339 3327 conjungitur,
3363 3257 3698 3329 intelligen-

2064 3343 2145 3397 tia
2165 3340 2515 3413 appellatur.
2540 3341 2747 3397 Inﬁma
2768 3358 2885 3413 qua
2916 3360 3010 3399 res
3040 3344 3285 3401 sensiles
3322 3363 3423 3417 per
3463 3364 3706 3403 sensum

2053 3445 2429 3486 communem
2483 3430 2916 3501 cognoscimus,
2968 3431 3182 3488 dicitur
3220 3434 3439 3505 opinio.
3490 3436 3704 3508 Media,

2053 3536 2179 3589 quae
2202 3518 2571 3574 ascendendo
2595 3522 2651 3574 et
2670 3519 3080 3575 desaendendo
3103 3522 3375 3593 colligere
3409 3532 3543 3595 apta
3567 3530 3705 3580 nata

2053 3614 2354 3677 est.Atque
2368 3606 2543 3662 homo
2559 3607 2795 3677 quidem
2810 3608 3707 3681 hactenus,mens,ratiocinatio,

2053 3697 2247 3769 Opinio
2281 3713 2294 3752 :
2329 3696 2485 3766 quod
2517 3701 2787 3766 superest
2820 3696 3039 3751 animal
3068 3702 3180 3765 est,
3213 3701 3426 3754 natura
3453 3700 3616 3756 varia
3636 3717 3704 3756 ac

2053 3784 2379 3856 multiplex,
2416 3802 2549 3855 pars
2581 3783 2790 3838 divina:
2821 3784 2996 3840 sortis
3028 3785 3341 3857 particeps,
3378 3804 3515 3857 pars
3561 3804 3701 3843 cono

2054 3874 2412 3945 cupiscentia
2447 3872 2756 3943 multiceps
2790 3872 3001 3937 bestia,
3034 3879 3091 3928 et
3122 3872 3208 3928 ira
3238 3874 3430 3945 qualis
3459 3880 3550 3930 est
3580 3875 3700 3932 leo-

2054 3982 2197 4019 num
2229 3980 2242 4018 :
2278 3962 2380 4018 sed
2411 3978 2582 4016 verus
2615 3959 2789 4016 homo
2822 3962 2968 4017 ratio
2999 3966 3105 4017 est.
3152 3962 3400 4019 Exsistit
3440 3980 3613 4035 porro
3646 3967 3703 4021 et

2053 4052 2203 4109 alius
2233 4051 2409 4107 homo
2440 4049 2690 4105 divinior
2724 4051 3047 4122 veriorque,
3080 4050 3489 4123 intelligibilis,
3525 4069 3701 4125 quem

2053 4140 2440 4213 αὐτάνθρωπον
2483 4138 2881 4211 ipshominem
2914 4140 3035 4195 sive
3065 4139 3257 4196 idenm
3306 4140 3566 4197 hominis
3596 4158 3693 4198 vo-

2052 4236 2186 4286 cant
2216 4229 2315 4302 qui
2339 4229 2603 4284 idearum
2633 4246 2698 4284 ac
2719 4229 3046 4299 specierum
3079 4229 3577 4303 contemplatione
3602 4232 3699 4287 ob-

2050 4319 2362 4375 iectantur.
2395 4316 2625 4390 Triplex
2652 4317 2835 4388 igitur
2864 4319 3038 4374 homo
3071 4319 3264 4386 datur,
3300 4335 3456 4375 unus
3486 4320 3707 4377 intelli-

2050 4407 2388 4480 gibilis,iste
2420 4412 2476 4462 et
2497 4406 2706 4462 unicus
2737 4423 2802 4461 ac
2825 4405 3111 4479 simplex;
3146 4408 3293 4463 alter
3313 4408 3704 4478 rationabilis,

2050 4496 2241 4551 tribus
2275 4495 2652 4551 facultatibus
2710 4511 2775 4551 ac
2809 4494 2984 4551 veluti
3043 4498 3311 4568 partibus
3369 4504 3703 4555 constans:

2048 4585 2257 4641 tertius
2300 4583 2601 4641 sensibilis
2649 4588 2706 4640 et
2750 4583 3057 4657 multiplex
3104 4584 3439 4658 variusque.
3485 4591 3705 4643 Sumus

1969 4666 2015 4729 D
2049 4680 2248 4731 autem
2278 4672 2336 4729 id
2369 4674 2524 4745 quod
2568 4673 2793 4730 ratione
2842 4678 2899 4729 et
2946 4674 3413 4732 consideratione
3465 4677 3700 4733 utitur:

2050 4764 2250 4820 anima
2278 4762 2435 4818 enim
2466 4762 2754 4834 cujusque
2783 4760 2835 4819 is
2866 4767 2956 4819 est
2986 4761 3263 4835 quisque.

2643 4870 2732 4924 28.
2767 4872 2849 4925 De
2877 4870 3089 4925 anima.

2123 4961 2279 5016 Inter
2308 4958 2539 5014 Graeciaa
2569 4958 2863 5029 sapientes
2896 4958 3053 5014 Plato
3083 4962 3141 5014 et
3166 4958 3506 5017 Aristoteles
3538 4959 3707 5016 aiunt

2051 5049 2310 5104 animam
2355 5062 2596 5118 corpore
2654 5048 2737 5100 uti
2791 5052 3071 5118 tanquam
3131 5048 3547 5103 instrumento.
3601 5050 3706 5103 Ars

2048 5138 2219 5206 enim,
2249 5137 2442 5206 inquit
2469 5134 3446 5207 Aristoteles,inslrumentis,unima
3475 5154 3707 5210 corpore

2050 5226 2280 5297 indiget.
2314 5229 2381 5279 At
2424 5222 2794 5295 Peripatetici
2850 5224 3184 5297 philosophi
3227 5228 3511 5296 animam,
3545 5227 3707 5284 velut

2051 5317 2302 5371 formam
2335 5313 2609 5382 materie,
2640 5312 3017 5369 inhaerentem
3044 5316 3272 5388 corpori
3304 5316 3614 5389 implicant
3636 5334 3703 5374 ac

2050 5402 2424 5476 permiscent.
2458 5400 2770 5457 Cleanthes
2818 5408 2875 5458 et
2913 5404 3173 5459 animam
3229 5406 3440 5462 statuit
3488 5423 3703 5479 corpus

2051 5510 2199 5561 esse,
2235 5496 2434 5564 utpote
2465 5507 2590 5562 quae
2622 5493 2811 5563 possit
2843 5509 2876 5548 a
2906 5509 3147 5565 corpore
3178 5497 3333 5567 quod
3365 5495 3553 5553 oculis
3576 5513 3699 5553 cer-

2051 5582 2211 5638 nitur
2243 5580 2504 5653 separari
2535 5597 2599 5635 ac
2630 5581 2921 5638 secedere.
2956 5582 3223 5639 Plotinus
3256 5589 3431 5657 negat
3462 5602 3703 5643 necesse

2051 5689 2180 5729 esse
2212 5677 2276 5727 ut
2302 5670 2500 5727 anima
2531 5671 2792 5743 corporis
2821 5672 3200 5744 passionibus
3230 5674 3541 5745 afﬁciatur,
3563 5692 3701 5732 nam

2051 5777 2158 5819 nec
2188 5761 2473 5819 artificem
2507 5776 2572 5817 ea
2603 5777 2731 5833 qua:
2760 5761 3174 5820 instrumentis
3200 5763 3322 5820 suis
3352 5764 3704 5839 contingunt
