4072 6346
422 393 534 453 707

1752 385 2180 448 MICHAELIS
2226 389 2499 450 PSELLI

3709 398 3838 458 708

417 539 679 596 unquam
713 513 1500 593 persentiscere.Necessario
1531 519 1728 571 autem
1762 515 1848 570 uti
1879 514 2035 571 sensi

2179 517 2454 589 σώματος,
2489 518 2600 574 ἐπεὶ
2639 520 2778 594 μηδὲ
2805 525 3064 598 τεχνίτης
3102 526 3169 579 τὰ
3215 526 3360 596 πάθη
3410 531 3519 581 τῶν
3579 527 3829 602 ὁργάνων

418 616 529 670 bus
561 608 990 669 animam.Nam
1023 609 1086 659 ut
1116 619 1218 676 per
1248 621 1460 675 corpus
1486 609 1782 676 operetur,
1818 621 2059 661 sensum

415 705 629 759 habere
661 697 1085 761 auxiliatorem,
1125 699 1187 748 ut
1219 711 1320 765 per
1360 693 1526 748 illum
1560 699 1798 750 externa
1847 710 2061 767 cogno-

411 797 555 848 seat.
589 785 1073 857 Quandoquidem
1109 783 1288 855 igitur
1318 783 1704 855 incorporalis
1736 785 1934 839 anima
1950 788 2057 851 est,

409 881 713 955 passiones
736 875 996 947 corporis
1027 874 1100 929 ad
1119 889 1246 929 eam
1279 891 1394 928 non
1429 874 1794 946 pertingent;
1829 875 1983 945 quod
2011 874 2057 928 si

408 971 767 1044 pertingant,
800 983 918 1021 non
950 963 1264 1020 essentiam
1295 964 1424 1034 ejus
1454 963 1732 1035 afﬁciant,
1757 981 1956 1019 verum
1982 964 2059 1018 fa-

406 1061 654 1116 cultates
687 1062 742 1114 et
773 1055 1161 1129 Operationes.

1009 1233 1098 1286 29.
1130 1233 1203 1286 De
1232 1232 1443 1285 anima.

475 1333 608 1396 ρυω
642 1326 984 1390 miscentur,
1031 1320 1120 1375 vel
1171 1320 1252 1374 ita
1303 1319 1627 1374 miscentur
1685 1319 1838 1375 inter
1870 1335 1954 1388 se,
1990 1325 2054 1374 ut

402 1417 865 1483 confundantur,
927 1409 1428 1482 quemadmodum
1488 1407 1791 1477 humores,
1827 1407 1930 1479 ‘vel
1989 1413 2054 1462 ut

402 1509 571 1564 modo
603 1504 982 1576 implicentur
1013 1502 1216 1554 mutuo
1259 1514 1324 1552 ac
1365 1500 1688 1568 permeent,
1723 1496 1806 1552 uti
1868 1513 1966 1551 aer
1998 1500 2054 1551 et

399 1599 521 1667 lux;
555 1597 604 1652 si
638 1595 769 1666 quis
803 1609 932 1664 qua:
979 1587 1212 1660 singula
1256 1586 1606 1653 consideret,
1639 1586 1740 1641 illa
1769 1587 1924 1658 quad
1956 1602 2050 1640 es-

399 1686 648 1743 sentiam
682 1681 982 1743 distincta,
1025 1674 1462 1748 operationibus
1507 1673 1791 1745 permista
1841 1672 2041 1742 depre-

397 1777 633 1834 hendet.
669 1773 815 1826 Hinc
849 1765 1190 1823 Aristoteles
1223 1763 1520 1834 duplicem
1572 1763 1735 1834 ponit
1786 1761 2044 1816 animam

395 1866 572 1923 aliam
592 1856 1124 1933 separatam,a1iam
1157 1871 1284 1925 qua:
1315 1853 1375 1908 in
1406 1866 1646 1924 corpore
1677 1850 2047 1906 subsistit.At

394 1973 509 2012 non
542 1952 722 2010 sentit
752 1949 950 2005 anima
985 1963 1045 2002 se
1077 1943 1304 2017 corpori
1336 1958 1465 1998 esse
1515 1941 1882 2014 permistam,
1940 1941 2039 1995 sed

391 2061 603 2116 corpus
633 2042 978 2096 animatum.
1028 2035 1252 2106 Corpus
1299 2033 1454 2087 enim
1505 2032 1713 2087 animae
1761 2029 2045 2086 beneficio

391 2135 568 2191 habet
605 2130 760 2204 quod
808 2127 990 2183 sentit
1035 2125 1398 2196 appetitque,
1451 2126 1627 2193 atque
1677 2119 1926 2175 aliarum
1959 2122 2048 2173 est

390 2224 761 2279 aii'ectionum
791 2217 1107 2290 particeps.
1135 2215 1338 2283 Itaque
1364 2211 1524 2266 Plato
1553 2209 1761 2264 statuit
1781 2207 1892 2280 ipsi
1923 2207 2043 2262 ani-

390 2331 497 2370 mae
547 2327 676 2366 esse
730 2321 924 2363 veram
976 2302 1396 2376 propriamque
1441 2298 1835 2355 substantiam
1869 2314 1883 2352 :
1917 2313 2043 2368 quae

386 2404 543 2458 enim
574 2401 632 2455 in
665 2396 778 2454 alio
824 2393 1096 2450 subsistit
1148 2393 1357 2454 forma,
1407 2389 1480 2444 ab
1533 2388 1738 2444 eodem
1789 2385 2044 2458 qualitas

385 2488 743 2560 essentialis,
777 2503 894 2542 non
925 2481 1259 2540 substantia
1291 2479 1637 2551 appellatur.

884 2593 975 2648 30.
1010 2590 1195 2646 Adhuc
1235 2588 1300 2643 de
1328 2589 1542 2642 anima.

459 2688 638 2743 Aliter
668 2684 968 2758 physicus,
1000 2680 1172 2735 aliter
1201 2677 1543 2733 dialecticus
1602 2673 1861 2730 animam
1896 2674 2040 2728 defi-

389 2779 580 2834 niunt.
636 2775 920 2846 Physicus
979 2770 1186 2826 animae
1251 2765 1646 2823 substantiam
1705 2763 2043 2818 considerat

388 2870 684 2936 quatenus
709 2877 822 2915 non
847 2862 936 2914 est
962 2875 994 2912 a
1015 2871 1253 2928 corpore
1276 2858 1578 2925 separata:
1606 2855 1825 2906 naturae
1855 2850 2038 2921 siqui-

390 2956 522 3010 dem
557 2950 860 3007 seientiam
894 2947 1215 3018 professus,
1249 2941 1535 3014 spectabit
1591 2940 1847 2995 animam
1880 2939 2035 2994 haud

391 3045 717 3114 sejunctam
751 3056 782 3093 a
804 3039 1126 3108 corpore,et
1145 3036 1437 3104 quatenus
1466 3030 1621 3084 haud
1646 3029 2037 3099 sejunctajest.

391 3131 742 3186 Dialecticus
767 3143 902 3182 vero
926 3124 1102 3181 etiam
1137 3120 1392 3177 rationes
1421 3119 1690 3174 essentia:
1711 3117 1867 3172 illius
1891 3116 1947 3170 in
1977 3133 2038 3171 se

388 3225 681 3292 spectatas
715 3215 1025 3288 expendit;
1058 3219 1112 3267 et
1152 3207 1607 3265 mathematicus
1660 3207 1954 3262 abstracta
2005 3223 2038 3261 a

386 3270 1084 3380 serpere—contemplatur
1116 3317 1129 3354 :
1165 3300 1264 3354 sed
1299 3299 1526 3370 primus
1553 3296 1940 3368 philosophus
1963 3295 2033 3349 de
2065 3270 2106 3335 (ἶ

386 3395 821 3470 separabilitate
844 3393 971 3447 vita:
1003 3391 1073 3446 ab
1106 3389 1305 3444 anima
1336 3392 1426 3442 est
1451 3385 2033 3448 sollicitus.Quaerere

385 3488 666 3542 nimirum
698 3485 925 3554 oportet
956 3496 1096 3534 num
1132 3477 1467 3533 substantia
1497 3476 1572 3530 sit
1599 3473 1797 3528 anima
1827 3489 2032 3540 necne,

382 3583 436 3633 et
470 3573 802 3648 potentiane
834 3587 907 3624 an
937 3574 1070 3624 actu
1104 3565 1438 3622 substantia
1465 3563 1587 3619 sit?
1618 3567 1808 3634 Atque
1832 3567 2030 3617 utrum

379 3681 589 3736 corpus
621 3661 798 3731 sit,an
831 3656 1318 3729 incorporalis,an
1349 3660 1664 3724 utrumque
1690 3656 1712 3707 Ρ
1737 3651 2028 3715 Quodam-

384 3755 554 3809 modo
585 3753 763 3808 etiam
796 3767 864 3804 ex
893 3747 963 3802 iis
996 3763 1120 3817 quae
1145 3746 1352 3800 animae
1385 3744 1602 3799 adsunt
1630 3739 2028 3797 substantiam

378 3845 507 3915 ejus
535 3840 861 3912 intelligere
892 3840 979 3892 fas
1012 3839 1118 3891 cst.
1153 3837 1434 3890 Caeterum
1467 3831 1584 3886 vita
1615 3834 1816 3886 nostra
1848 3828 2026 3884 ratio-

378 3931 613 3997 nabilis,
647 3947 825 4002 quam
857 3931 1114 3983 mentem
1143 3921 1485 3980 Aristoteles
1509 3920 1896 3994 appellat,pro
1920 3935 2028 3973 sua

375 4023 449 4077 ad
480 4037 692 4093 corpus
724 4017 1101 4074 inclinatione
1132 4019 1189 4072 et
1218 4011 1564 4086 separabilis
1597 4015 1686 4066 est
1715 4013 1772 4066 et
1799 4009 2026 4080 insepu-

377 4111 600 4167 rabilis.

971 4197 1058 4249 31.
1092 4196 1167 4249 De
1197 4195 1416 4248 anima.

448 4288 654 4343 Anima
701 4303 828 4358 quae
874 4285 1131 4356 seipsam
1185 4280 1489 4353 cognoscit
1518 4283 1575 4334 et
1621 4279 1775 4350 quod
1829 4278 2026 4333 divina

374 4372 1181 4450 gaudetpraarogativadonge
1197 4371 1376 4425 distat
1401 4385 1435 4423 a
1454 4371 1666 4423 natura
1687 4383 2022 4437 corporum,

377 4465 774 4536 omnibusque
811 4467 1050 4534 praestat
1081 4459 1430 4515 seminibus.
1474 4455 1652 4512 Multo
1685 4456 1864 4511 etiam
1888 4461 2022 4511 ante

372 4555 495 4610 haec
527 4555 598 4608 ab
630 4553 907 4607 omnibus
938 4549 1284 4622 corporibus
1315 4547 1598 4602 distincta
1628 4550 1737 4611 est,
1763 4545 2018 4616 atquein

2175 604 2476 678 ὑποδέξαιὲ
2509 610 2567 664 ἄν
2601 630 2750 666 ποτε.
2787 611 3045 684 Αἷσοήσει
3078 611 3134 668 δὲ
3166 615 3404 688 χρῆσθαί
3435 637 3596 693 φησιν
3661 618 3832 692 ἀναγ-

2169 701 2347 762 καῖον,
2407 698 2469 751 τὸ
2555 700 2658 774 γὰρ
2744 698 2832 754 διὰ
2907 703 3160 774 σώματος
3221 702 3494 779 ἐνεργοῦν,
3553 703 3671 781 ἔχει
3726 707 3828 775 τὴν

2171 781 2439 854 αἴσθησιν,
2468 785 2557 840 ’ίνα
2589 786 2657 841 δι’
2689 788 2856 858 αὐτῆς
2894 792 3132 865 γινώσκῃ
3161 792 3227 846 τὰ
3274 788 3485 863 ἔξωθεν.
3523 794 3585 850 Ei
3649 794 3738 848 οὖν
3788 800 3826 866 ἡ

2169 875 2323 949 ψυχὴ
2376 875 2690 948 ἀσώματος,
2722 880 2789 934 τὰ
2846 879 2990 950 πάθη
3051 886 3147 935 τοῦ
3197 883 3451 956 σώματος
3509 882 3571 938 οὐ
3632 881 3826 955 διαϐή-

2171 984 2315 1018 σεται
2352 963 2433 1018 ἐπ’
2466 966 2654 1037 αὗτήν.
2688 967 2749 1022 Εἰ
2786 966 2844 1022 δὲ
2891 969 2980 1024 καὶ
3034 967 3275 1048 ἔρχεται,
3309 972 3408 1027 οὐκ
3455 973 3528 1035 εἰς
3574 975 3674 1042 τήν
3734 975 3830 1028 οὗ·

2169 1053 2283 1107 σίαν
2345 1053 2512 1124 αὐτῆς
2569 1054 2812 1132 ἔρχεται,
2864 1056 2990 1114 ἀλλ’
3024 1059 3101 1120 εἷς
3148 1062 3244 1122 τὰς
3297 1058 3552 1135 δυνάμεις
3599 1065 3686 1117 καὶ
3731 1065 3832 1127 τὰς

2166 1140 2461 1216 ἐνεργείας.

2737 1237 2832 1293 κθ’.
2875 1236 3003 1312 Περὶ
3044 1240 3248 1313 ψυχῆς.

2233 1320 2495 1397 Μίγνυται
2553 1325 2620 1378 τὰ
2699 1325 3005 1400 μιγνύμενα
3061 1329 3096 1398 ἢ
3162 1328 3459 1404 κιρνάμενα
3544 1330 3824 1402 ἀλλήλοις

2164 1409 2343 1485 ὥσπερ
2374 1412 2439 1466 τὰ
2475 1413 2627 1488 ὑγρὰ,
2661 1412 2695 1483 ἢ
2731 1411 3136 1490 διαπλεκόμενα
3190 1417 3369 1493 ὥσπερ
3401 1420 3429 1473 ’ὀ
3459 1441 3518 1473 τε
3574 1421 3678 1495 ἀὴρ
3728 1423 3822 1476 καὶ

2159 1501 2221 1553 τὸ
2254 1505 2387 1577 φῶς.
2421 1502 2483 1554 Εἰ
2526 1499 2582 1556 δε
2643 1503 2869 1582 ἐφάπτοι
2901 1506 2962 1559 τὸ
3025 1507 3212 1578 μόνον,
3244 1511 3312 1581 τῇ
3369 1508 3462 1581 μὲν
3524 1508 3679 1581 οὐσίᾳ
3726 1533 3825 1565 κε-

2160 1590 2452 1663 χώρισται,
2483 1597 2603 1654 ταῖς
2654 1590 2710 1647 δὲ
2767 1593 3056 1671 ἐνεργείαις
3088 1597 3377 1670 μέμικταιι
3425 1599 3525 1652 Καὶ
3568 1601 3820 1673 Ἀριστο-

2158 1677 2322 1749 τὲλης
2381 1677 2468 1734 διὰ
2520 1685 2682 1736 τοῦτο
2738 1684 2837 1752 τὴν
2899 1686 3084 1760 ψυχὴν
3118 1690 3268 1739 ποιεῖ
3316 1683 3651 1755 διττὴητήν
3719 1690 3819 1760 μὲν

2159 1770 2599 1843 κεχωρισμένην,
2657 1773 2756 1840 τὴν
2827 1768 2885 1826 δὲ
2941 1771 2991 1827 ἐν
3073 1774 3285 1847 σώματι
3361 1776 3458 1848 τὴν
3522 1775 3817 1832 ὑπόστασιν

2161 1855 2590 1929 ἔχουσαν.ῐ]λήν
2611 1858 2715 1936 οὐχ
2745 1863 2780 1930 ἡ
2811 1862 2964 1937 ψυχή
2999 1860 3305 1918 αἲσθάνεται
3337 1866 3372 1934 ἡ
3406 1863 3458 1918 ἐν
3489 1869 3568 1936 τῷ
3600 1865 3816 1940 σώματι

2158 1945 2287 2000 οὖσα
2338 1945 2486 2021 εἷ’περ
2540 1949 2793 2025 κέκραται
2843 1955 2922 2022 τῷ
2973 1951 3207 2025 σώματι,
3240 1951 3387 2008 ἀλλὰ
3439 1956 3502 2009 τὸ
3560 1949 3816 2031 ἔμψυχον

2156 2039 2334 2106 σῶμα.
2367 2036 2436 2090 Τὸ
2492 2037 2592 2112 γὰρ
2654 2042 2812 2112 σῶμα
2871 2038 2959 2094 διὰ
2997 2042 3098 2110 τήν
3156 2042 3342 2116 ψυχὴν
3377 2042 3686 2113 αἰσθητικὸν
3719 2045 3816 2119 γὲ.-

2153 2126 2414 2197 γονε,καί
2462 2127 2737 2199 ὀρεκτικὸν
2769 2129 2998 2184 καὶτῶν
3053 2127 3240 2185 ἄλλων
3300 2137 3488 2195 παθῶν
3541 2131 3816 2192 δεκτικόν.

2153 2215 2380 2270 Πλάτων
2410 2214 2468 2270 δὶ
2494 2218 2593 2286 τὴν
2655 2218 2921 2289 ἀληθινὴν
2969 2218 3151 2274 οὐσίαν
3213 2227 3314 2290 τῆς
3365 2224 3552 2296 ψυχῆς
3610 2224 3815 2294 ἑαυτῆς

2153 2325 2314 2379 φησιν
2371 2307 2522 2362 εἶναι.
2559 2307 2634 2363 Τὸ
2676 2309 2776 2382 γὰρ
2837 2308 2888 2362 ἰν
2952 2307 3111 2382 ἄλλῳ
3166 2311 3266 2377 τήν
3331 2310 3616 2365 ὑπόστασιν
3678 2310 3818 2388 ξγον

2153 2391 2318 2462 εἶδος,
2350 2395 2619 2466 ποιότητα
2650 2395 2890 2468 οὗσιώὸη
2925 2396 3102 2454 καλεῖ.
3138 2397 3270 2454 ἀλλ’
3297 2399 3395 2454 οὐκ
3425 2400 3630 2457 οὐσίαν.
3711 2381 3746 2389 η

2733 2589 2803 2648 λ’.
2838 2593 2967 2667 Περὶ
3000 2596 3207 2668 ψυχῆς.

2221 2678 2504 2756 Διαιρόρως
2537 2680 2774 2754 ὁρίζεται
2824 2681 2922 2750 τήν
2955 2683 3141 2758 ψυχὴν
3193 2684 3221 2736 ὁ
3261 2687 3483 2761 φυσικὸς
3535 2687 3624 2741 καὶ
3686 2685 3814 2742 διι-

2150 2763 2399 2830 λεκτικός
2433 2787 2445 2800 ·
2508 2770 2535 2823 ὁ
2593 2769 2685 2842 μὲν
2749 2771 2850 2844 γὰρ
2911 2771 3134 2848 φυσικὸς
3191 2769 3644 2846 ἀντιλαμϐάνεται
3700 2783 3811 2845 τῆς

2148 2858 2392 2930 ψυχικῆς
2439 2857 2649 2928 οὐσίας,
2682 2859 2910 2913 καθόσον
2972 2859 3083 2914 ἐστὶ
3142 2861 3409 2935 σωμάτων
3465 2863 3809 2940 ἀχώριστος.

2145 2950 2199 2996 '0
2247 2950 2373 3019 γοῦν
2434 2945 2765 3022 φυσιολόγος
2854 2947 3282 3022 ὲπιστημονικὸς
3359 2949 3475 3024 ὣν,
3523 2952 3611 3007 καὶ
3693 2956 3808 3028 γὰρ

2147 3033 2455 3108 ἀχώριστον
2491 3033 2686 3090 εἷ’σεται
2745 3038 2836 3091 καὶ
2895 3035 3043 3100 ὅπως
3103 3037 3435 3114 ἀχώριστον.
3477 3042 3533 3094 Ὃ
3566 3039 3623 3095 δὲ
3681 3039 3807 3096 δια-

2149 3123 2396 3185 λεκτικὸς
2463 3125 2553 3179 καὶ
2626 3125 2754 3189 τοὺς
2819 3124 3102 3188 οὐσιώδεις
3164 3127 3361 3203 Λόγους
3418 3131 3537 3184 καθ’
3579 3130 3808 3194 humi);

2147 3210 2303 3274 ὄντας
2387 3212 2613 3270 ἐπινοεῖ.
2657 3216 2718 3272 Ὀ
2775 3215 2832 3270 δὲ
2920 3217 3300 3290 μαθηματικὸς
3357 3216 3408 3290 ἐξ
3469 3219 3807 3298 ἀφαιρέσεως

2143 3301 2350 3356 τούτων
2406 3303 2816 3358 ἐπισκεπτεταιε
2863 3305 2891 3359 ὁ
2952 3302 3009 3359 δὶ
3053 3309 3271 3380 πρῶτος
3326 3305 3626 3383 φιλόσοφος
3671 3312 3803 3386 περί

2141 3398 2242 3460 τῆς
2298 3395 2636 3468 χωριστικῆς
2708 3398 2853 3464 ζωῆς
2919 3401 3021 3464 τῆς
3098 3397 3285 3471 ψυχῆς
3337 3399 3802 3472 πραγματεύεται,

2143 3488 2233 3537 Δεῖ
2290 3480 2348 3537 δὲ
2407 3488 2586 3553 ζητεῖν
2645 3483 2874 3559 πότερον
2924 3484 3080 3540 οὐσία
3128 3488 3161 3555 ἡ
3223 3489 3376 3561 ψυχὴ
3428 3487 3463 3556 ἢ
3514 3483 3725 3544 vilia?
3762 3491 3801 3560 ἢ

2143 3572 2298 3627 οὐσία
2344 3569 2591 3645 δυνάμει,
2624 3575 2658 3644 ἢ
2719 3573 2978 3650 ἐνεργείᾳ.
3015 3576 3113 3629 Καὶ
3176 3580 3334 3648 σῶμα
3389 3577 3423 3645 ἢ
3487 3578 3804 3650 ἀσώματος,

2140 3661 2175 3730 ἢ
2209 3660 2372 3739 ἄμφω
2395 3663 2600 3737 τρόπον
2629 3665 2895 3732 τινάνκαὶ
2930 3663 2989 3720 ὲκ
3008 3669 3113 3719 τῶν
3154 3665 3508 3742 ὑπαρχόντων
3536 3670 3603 3740 τῇ
3637 3670 3802 3743 ψυχῇ

2137 3751 2236 3819 τήν
2270 3752 2457 3805 οὐσίαν
2491 3751 2659 3821 αὐτῆς
2703 3752 2924 3810 ἐννοεῖν.
2959 3754 3021 3808 Ἡ
3079 3751 3137 3808 δὲ
3191 3753 3391 3829 λογικὴ
3451 3757 3609 3827 ἡμῶν
3674 3758 3798 3825 ζωὴ

2139 3839 2202 3907 ἣν
2249 3840 2635 3916 προσαγορεύει
2692 3846 2814 3896 νοῦν
2863 3842 3268 3917 Ἀριστοτὲλης,
3305 3842 3355 3896 ἐν
3412 3847 3480 3916 τῇ
3537 3844 3674 3917 πρὸς
3731 3845 3801 3899 τὸ

2137 3933 2297 4002 σῶμα
2342 3930 2510 3984 νεύσει
2543 3933 2792 4006 χωριστή
2822 3952 2881 3987 τε
2912 3933 3022 4003 ἅμα
3053 3933 3164 3987 ἐστὶ
3195 3932 3284 3987 καὶ
3318 3933 3646 4008 ἀχώριστος.

2695 4195 2796 4254 λα’.
2841 4200 2970 4273 Περὶ
3014 4201 3220 4274 ψυχῆς.

2206 4289 2373 4361 Ψυχὴ
2407 4285 2599 4353 ἑαυτὴν
2658 4290 2883 4360 γνοῦσα,
2915 4287 3005 4341 καὶ
3061 4288 3325 4341 ὅτιθεῖον
3381 4281 3494 4363 ἔχει
3555 4288 3800 4362 ἀξίωμα,

2132 4374 2322 4451 πόρῥω
2385 4376 2478 4447 μὲν
2537 4377 2634 4443 τῆς
2705 4375 2914 4452 φύσεως
2987 4373 3224 4431 τίστοιται.
3280 4375 3500 4432 Πάντων
3564 4375 3622 4433 δὲ
3675 4385 3796 4434 τῶν

2133 4463 2454 4540 σπερμάτων
2511 4463 2762 4538 προέχει.
2829 4462 2977 4520 Πολὺ
3039 4461 3096 4518 δέ
3154 4485 3203 4518 τι
3265 4465 3471 4520 τούτων
3524 4466 3794 4541 πρότερον

2132 4553 2344 4608 πάντων
2402 4551 2667 4625 σωμάτων
2718 4552 3076 4628 κεχώρισται,
3135 4553 3224 4607 καὶ
3300 4552 3381 4628 ἐφ’
3439 4555 3599 4626 ἑαυτῇ
3657 4551 3798 4628 ἕδρᾳ

372 4643 608 4716 propria
640 4644 777 4699 sede
807 4659 986 4714 supra
1017 4656 1222 4696 omnes
1254 4637 1550 4693 naturales
1593 4653 1658 4691 ac
1707 4635 2022 4691 seminales

2153 4641 2241 4697 ἱνω
2299 4663 2402 4696 που
2457 4639 2736 4713 καθημένη
2793 4641 2898 4694 τῶν
2960 4645 3201 4718 φυσικῶν
3263 4639 3442 4714 λόγων
3509 4641 3598 4695 καὶ
3672 4648 3791 4697 τῶν

371 4733 900 4801 rationes,dixerim
923 4732 1098 4787 etiam
1125 4729 1312 4801 ipsius
1333 4727 1586 4783 universi
1609 4725 2026 4782 collocata.Ne-

371 4847 482 4902 que
509 4828 668 4884 enim
691 4844 759 4882 ex
789 4824 1118 4880 deﬂuxione
1164 4821 1423 4877 siderum
1455 4820 1512 4874 in
1570 4835 1815 4891 corpora
1841 4818 2019 4884 venit,

371 4934 560 4991 neque
609 4914 860 4970 naturali
933 4913 1054 4968 sive
1103 4909 1392 4982 corporali
1459 4925 1619 4964 more
1685 4911 2020 4979 generatur,

371 5025 556 5079 neque
586 5004 905 5063 seminales
947 5001 1203 5057 rationes
1235 5016 1363 5056 eam
1396 5000 1454 5054 in
1485 5015 1697 5072 corpus
1728 4995 2023 5069 ejaculant

369 5097 471 5153 sed
504 5114 535 5151 a
567 5095 682 5150 Deo
735 5093 989 5164 desuper
1035 5090 1358 5145 descendit.
1392 5089 1527 5153 Qum
1574 5104 1707 5143 vero
1763 5087 2019 5158 seipsam

369 5187 820 5257 ignorat,neque
851 5182 963 5237 scit
995 5181 1225 5235 cmleste
1253 5195 1427 5234 suum
1455 5194 1641 5249 genus
1674 5193 1804 5232 esse
1835 5193 1900 5232 ac
1922 5192 2021 5230 no-

371 5275 813 5346 bile,liberaque
844 5270 1180 5327 conditione
1210 5286 1270 5324 se
1299 5267 1598 5324 conditam
1633 5282 1698 5322 ac
1726 5264 2018 5321 constitu-

369 5370 511 5432 tam,
538 5363 642 5419 illa
670 5360 952 5431 mancipii
976 5359 1035 5415 in
1068 5373 1291 5414 morem
1321 5355 1547 5428 corpori
1570 5352 2017 5425 inservit,liber-

367 5461 669 5527 tatemque
704 5453 890 5526 perdit
927 5469 938 5506 :
971 5456 1028 5507 et
1061 5466 1314 5521 magnus
1337 5448 1525 5520 ipsius
1549 5446 1756 5503 oculus
1786 5464 1819 5501 a
1849 5451 2016 5502 natu-

368 5543 476 5598 rali
507 5544 796 5600 velamine
821 5539 1093 5597 obruitur
1121 5542 1225 5593 aut
1253 5535 1658 5608 exstinguitur.

616 5653 705 5706 32.
739 5653 881 5706 Num
910 5665 1102 5704 amma
1133 5647 1192 5702 in
1216 5646 1473 5718 angelum
1501 5647 1765 5701 mutetur.

449 5743 582 5805 Quae
615 5739 857 5796 diversis
890 5755 991 5810 per
1021 5736 1335 5793 essentiam
1368 5735 1678 5806 generibus
1708 5732 1835 5789 vitae
1866 5750 2014 5806 pra:-

2135 4733 2534 4805 σπερματικῶν,
2572 4727 2740 4783 εἰπεῖν
2797 4725 2854 4782 δὲ
2908 4729 2999 4783 καὶ
3058 4727 3222 4783 αἰ)τοῦ
3278 4733 3374 4783 τοῦ
3433 4727 3652 4790 παντός.
3707 4730 3790 4787 Οὖ

2130 4820 2228 4895 γὰρ
2257 4820 2361 4873 ἀπὸ
2390 4826 2490 4888 τῆς
2518 4822 2625 4873 τῶν
2659 4815 2865 4894 ἄστρων
2901 4818 3199 4896 ἀπορροίας
3228 4823 3309 4890 τῷ
3357 4819 3568 4892 σώματι
3616 4839 3790 4893 παρα-

2131 4909 2354 4983 γίνεται,
2407 4904 2528 4962 οὔτε
2613 4905 2719 4960 ἀπὸ
2805 4905 3014 4984 φύσεως
3098 4905 3172 4968 εἰς
3251 4905 3452 4981 γὲνεσιν
3535 4902 3786 4981 ἔρχεται,

2133 4995 2255 5054 οὕτε
2303 4995 2608 5070 σωματικοὶ
2677 4995 2833 5070 λόγοι
2895 4997 3093 5065 ταύτην
3155 4995 3228 5056 εἰς
3286 4996 3349 5050 τὸ
3379 5000 3538 5070 σῶμα
3571 4994 3790 5066 ἐξακον-

2129 5089 2386 5158 τίζουσιν,
2444 5085 2571 5141 ἀλλ’
2613 5085 2808 5149 ἄνωθεν
2870 5085 2976 5141 ἀπὸ
3035 5089 3168 5141 Θεοῦ
3224 5084 3483 5142 κάτεισιν.
3543 5086 3789 5161 Ἀγνοή-

2131 5199 2263 5232 σασα
2309 5174 2365 5230 δὲ
2396 5174 2728 5245 ἑαυτὴν,καί
2790 5173 2872 5228 ὅτι
2924 5181 3024 5243 τῆς
3080 5175 3278 5229 ἄνωθεν
3343 5174 3612 5250 εὐγενείας
3671 5173 3787 5228 ἐστί

2129 5268 2214 5321 καὶ
2277 5263 2530 5340 ἐλευθέρα
2577 5261 2930 5334 καθέστηκεν,
2975 5261 3369 5339 δουλοπρεπῶς
3431 5263 3640 5333 θητεύει
3703 5269 3786 5336 τῷ

2131 5356 2367 5429 σώματι,
2400 5353 2484 5409 καὶ
2534 5354 2632 5422 τὴν
2686 5351 2994 5428 ἐλευθερίαν
3040 5349 3368 5410 ἀπόλλυσιν.
3403 5353 3501 5408 Καὶ
3550 5354 3578 5407 ὁ
3613 5349 3785 5427 μεγας

2128 5447 2298 5514 αὐτῆς
2331 5443 2616 5521 ὀφθαλμὸς
2653 5443 2756 5496 ὑπὸ
2802 5441 2898 5497 τοῦ
2929 5446 3155 5521 φυσικοῦ
3202 5439 3564 5516 καλύμματος
3611 5463 3784 5496 κατα-

2130 5536 2425 5611 χώννυται,
2458 5533 2492 5601 ἢ
2525 5526 2936 5588 ἀποσϐέννυται.

2374 5635 2482 5712 λβ’.
2516 5636 2580 5692 Εἰ
2619 5631 2949 5710 μεταϐάλλει
2980 5638 3134 5714 ψυχὴ
3169 5636 3244 5702 εἷς
3273 5634 3527 5715 ἄγγελον.

2197 5732 2273 5791 Οὐ
2344 5723 2675 5806 μεταϐάλλει
2733 5727 2800 5784 τὰ
2855 5729 2972 5784 κατ’
3029 5728 3220 5786 οὐσίαν
3291 5725 3447 5806 ἕτερα
3505 5724 3622 5798 εἴδη
3673 5733 3782 5798 τῆς
