4072 6346
210 408 335 469 709

1391 404 1493 465 DE
1537 401 1981 464 OMNIFARIA
2024 400 2445 461 DOCTRINA.

3502 408 3623 468 ’110

212 541 361 607 ζωῆς
391 536 466 599 εἲς
515 535 759 607 ἄλληλα.
792 536 868 594 Οὗ
924 536 1024 613 γάρ
1083 534 1222 591 ἐστιν
1281 535 1449 607 ὅμοια
1501 534 1569 589 τὰ
1624 531 1857 608 γεννητά

1989 531 2093 587 lita
2122 535 2263 587 sunt
2292 548 2407 587 non
2438 532 2591 588 inter
2619 547 2681 589 se
2710 532 2962 590 invicem
2992 539 3624 611 permutantur,neque

208 627 303 683 καὶ
337 621 653 700 μεταϐλητὰ
678 631 794 687 τοῖς
838 619 1227 697 ἀμεταϐόλοις.
1262 622 1439 681 Ἀλλὰ
1486 623 1638 698 ψυχή
1700 622 1862 697 ἅγγε-

212 732 312 778 Αος
376 714 535 789 μὶνῆ
568 711 910 790 ἀρχάγγελος
962 713 1205 790 γενέσθαι
1244 712 1305 768 οὐ
1368 710 1613 780 δύναται,
1670 715 1862 783 μιμεῖ-

206 828 298 861 ται
359 803 417 860 δὲ
473 804 596 859 ὅσον
646 803 790 864 εἰκὸς
843 804 940 865 τὰς
997 800 1264 879 ἐνεργείας
1316 802 1512 858 αὐτῶν.
1572 801 1677 856 Καὶ
1726 799 1863 873 πρὸς

207 897 275 951 τά
308 893 644 970 ὑπερέχοντα
687 893 812 968 γὲνη
872 891 1292 961 ἀπεικονίζεται,
1325 891 1442 946 ἐπεὶ
1485 892 1578 945 καὶ
1637 890 1754 945 κατ’
1789 887 1864 942 εἲ-

206 988 344 1041 κόνά
376 988 510 1040 Θεοῦ
558 985 860 1059 γεγένηται,
892 984 928 1051 ἡ
977 980 1035 1037 δὲ
1094 981 1252 1037 εἰκὼν
1311 980 1578 1054 ὁμοίωσιν
1630 977 1748 1054 ἔχει
1802 978 1864 1032 τὸ

208 1073 573 1150 παράδειγμα,
610 1073 672 1128 Εἰ
704 1070 761 1127 δὲ
791 1074 1079 1145 ὁμοιοῦται
1111 1075 1250 1144 Θεῷ,
1268 1068 1469 1142 πολλῷ
1503 1068 1717 1142 μᾶλλον
1742 1072 1862 1129 ταῖς

211 1161 599 1238 ὑποδεστὲραις
657 1160 963 1234 δυνάμεσιν.
1022 1160 1121 1215 Καὶ
1172 1166 1316 1215 πᾶσα
1377 1160 1471 1233 μὲν
1542 1158 1697 1233 ψυχὴ
1749 1157 1867 1211 κατ’

210 1253 400 1309 εἰκόνα
454 1252 748 1322 πεποίηται
806 1254 961 1321 Θεοῦ,
1017 1249 1079 1305 οῦ
1136 1257 1279 1304 πᾶσα
1331 1246 1390 1303 δὲ
1457 1243 1574 1324 ἔχει
1626 1248 1690 1301 τὸ
1746 1245 1866 1310 καθ’

210 1342 506 1415 ὁμοίωσιν.
539 1341 618 1397 Τὸ
653 1341 747 1413 μὶν
778 1342 882 1416 γάρ
912 1341 1030 1395 κατ’
1061 1338 1262 1410 εἰκόνα,
1294 1338 1522 1411 δύναμίς
1572 1336 1681 1391 ἐστι
1731 1337 1869 1409 πρὸς

209 1435 311 1502 τήν
345 1436 454 1486 τῶν
481 1429 664 1485 καλῶν
697 1429 966 1506 ἐργασίαν,
999 1429 1090 1484 καὶ
1141 1432 1257 1483 οἷον
1305 1429 1450 1503 ἀρχή
1500 1448 1607 1499 τις,
1642 1426 1865 1503 ἀφορμὴ

207 1526 321 1577 τῶν
412 1521 625 1595 ἀγαθῶν
710 1519 981 1594 πράξεων,
1030 1519 1123 1573 καὶ
1197 1517 1312 1572 οἷον
1380 1514 1704 1593 σκιαγραφία
1757 1518 1865 1568 τῶν

209 1612 445 1685 ἀρετῶν.
508 1610 579 1663 Τὸ
640 1606 696 1663 δὲ
751 1610 873 1672 καθ’
925 1607 1189 1681 ὁμοίωσιν
1249 1605 1489 1680 ἐνεργείᾳ
1545 1603 1683 1659 ἐστὶν
1736 1603 1869 1657 αὐτὸ

208 1698 375 1761 τὲλος
434 1698 524 1753 καὶ
580 1695 957 1771 ἀπηρτισμένη
993 1694 1275 1753 εἰκών.Οέ
1306 1696 1505 1756 πάντες
1558 1691 1615 1748 δὲ
1658 1691 1868 1765 ὁμοίως

208 1790 273 1845 τὸ
303 1790 424 1844 καθ’
453 1786 719 1861 ὁμοίωσιν
765 1780 994 1859 ἔχομεν,
1021 1782 1152 1840 ἀλλ’
1190 1785 1243 1838 οἱ
1300 1785 1394 1856 μὲν
1440 1780 1677 1855 μᾶλλον,
1711 1781 1763 1836 οἱ
1812 1777 1870 1834 δὶ

220 1878 451 1935 ἔλαττον
463 1922 475 1934 .

1970 619 2129 674 enim
2171 618 2500 685 mutabilia,
2541 636 2787 692 quaeque
2833 628 3206 693 generantur,
3238 631 3379 681 sunt
3406 627 3628 684 similia

1972 706 2089 762 illis
2121 723 2248 778 qua
2279 705 2505 762 nullam
2527 707 2906 765 mutationem
2938 710 3474 783 recipiunt.Anima
3489 732 3624 773 vero

1973 794 2216 868 angelus
2249 795 2485 868 quidem
2516 794 2603 851 vel
2634 798 3020 870 archangelus
3050 799 3176 855 ﬁeri
3201 803 3627 876 nequit,quan-

1972 888 2100 939 tum
2122 889 2320 940 tamen
2352 884 2440 939 fas
2472 892 2579 954 est,
2611 900 2815 940 eorum
2848 886 3117 943 imitatur
3143 890 3424 961 actiones,
3456 897 3628 963 atque

1975 972 2484 1047 praestantioribus
2504 974 2821 1045 generibus
2845 990 2906 1031 se
2933 977 3551 1052 assimilat,siquidem
3574 987 3632 1039 et

1978 1064 2129 1118 facta
2156 1066 2246 1118 est
2274 1063 2346 1117 ad
2371 1061 2691 1134 imaginem
2715 1062 2815 1117 Dei
2852 1081 2865 1118 :
2900 1063 3094 1136 imago
3116 1083 3286 1138 porro
3319 1071 3391 1124 ad
3413 1071 3629 1126 simili-

1976 1151 2245 1207 tudinem
2279 1151 2615 1222 exemplum
2643 1151 2755 1206 sibi
2788 1152 2965 1208 habet
2996 1156 3556 1227 pr0positum.Quod
3579 1162 3629 1217 si

1976 1245 2093 1300 Deo
2126 1243 2514 1308 assimilatur,
2547 1243 2733 1303 multo
2766 1245 2955 1318 magis
2984 1247 3060 1303 iis
3092 1264 3218 1319 quas
3262 1249 3416 1306 infra
3444 1252 3628 1309 Deum

1977 1338 2118 1390 sunt
2147 1333 2631 1406 potestatibus.Et
2660 1334 2856 1390 omnis
2888 1335 3128 1407 quidem
3159 1338 3359 1395 anima
3388 1342 3460 1397 ad
3482 1343 3630 1399 ima-

1977 1424 2172 1496 ginem
2207 1423 2360 1477 facta
2389 1426 2499 1488 est,
2532 1427 2595 1477 ut
2624 1439 2759 1479 vero
2791 1424 3243 1483 similitudinem
3274 1429 3449 1485 etiam
3480 1432 3630 1487 refe-

1978 1516 2089 1579 rat,
2125 1529 2237 1567 non
2266 1510 2441 1567 habet
2471 1512 2666 1568 omnis
2708 1512 2925 1570 anima.
2959 1515 3044 1569 Ad
3094 1514 3414 1589 imaginem
3472 1522 3630 1576 enim

1980 1602 2191 1656 factam
2223 1615 2371 1667 esse,
2408 1599 2700 1668 signiﬁcat
2733 1601 3068 1659 facultatem
3088 1603 3338 1676 pulchra
3367 1611 3424 1663 et
3452 1609 3633 1665 hone-

1978 1695 2072 1746 sta
2103 1691 2254 1745 facta
2283 1688 2519 1759 edendi,
2551 1696 2608 1745 et
2636 1690 2992 1763 principium
3017 1698 3196 1766 atque
3215 1712 3422 1753 ansam
3453 1698 3637 1754 bena-

1982 1795 2110 1835 rum
2142 1780 2441 1836 actionum
2472 1780 2913 1852 quamdamque
2941 1784 3380 1851 vero,elfectum
3409 1787 3637 1859 ipsum,

1980 1867 2236 1924 virtutis.
2269 1869 2355 1925 Ad
2387 1867 2837 1925 similitudinem
2885 1888 3039 1941 vero,
3091 1874 3366 1930 effectum
3408 1877 3633 1947 ipsum,

216 1975 274 2026 et
307 1971 487 2026 tinem
520 1972 694 2040 atque
723 1966 1043 2039 imaginem
1074 1966 1391 2039 perfectam
1423 1968 1480 2019 et
1510 1960 1861 2020 absolutam.
1894 1957 2093 2029 Neque
2124 1974 2257 2014 vero
2289 1974 2494 2014 omnes
2525 1957 2829 2029 aequaliter
2870 1960 3017 2017 illud
3061 1962 3133 2018 ad
3180 1963 3635 2022 similitudinem

218 2060 533 2129 habemus,
566 2058 667 2114 sed
688 2056 787 2112 alii
818 2056 1031 2129 magis,
1065 2054 1163 2111 alii
1195 2055 1415 2110 miuns.

679 2142 786 2219 λγ’.
819 2143 881 2199 Εἰ
912 2140 1151 2217 ἄναρχος
1180 2144 1215 2211 ἡ
1247 2142 1425 2216 ψυχή.

305 2234 424 2294 Οὐκ
454 2231 593 2289 ἔστιν
626 2234 774 2309 ἆρ’χή
797 2233 913 2288 καθ’
943 2233 1136 2301 ἑαυτὴν
1187 2233 1221 2300 ἡ
1272 2231 1453 2306 ψυχὴ,
1483 2225 1608 2283 οὐδὲ
1654 2225 1878 2301 ἆγὲννη-

229 2345 326 2387 τος
360 2325 483 2378 οὗτε
521 2323 594 2384 ὡς
652 2319 777 2376 ἄνευ
834 2319 1017 2395 ἑτέρας
1076 2319 1248 2383 αίτίας
1294 2317 1429 2388 αὕτη
1483 2316 1588 2392 πρὸ
1636 2318 1742 2369 τῶν
1787 2311 1880 2369 ἄλη

232 2414 352 2469 λων
400 2414 740 2488 ὑπάρχουσα.
770 2410 867 2471 Τίς
900 2407 957 2464 δὲ
983 2411 1019 2479 ἠ
1053 2408 1239 2479 αἰτίας
1273 2408 1360 2485 ἀφ’
1408 2410 1475 2476 ἧς
1521 2406 1745 2482 πρώτης
1803 2402 1878 2458 εἷ’-

232 2523 421 2579 ρηται,
480 2501 635 2556 παντί
688 2522 748 2577 γε
787 2504 947 2555 τοῦτο
1004 2499 1187 2575 σαφὲς,
1246 2497 1320 2559 ὡς
1377 2499 1412 2565 ἡ
1485 2492 1878 2568 δημιουργικὴ,

226 2593 384 2667 ἀρχή
416 2591 518 2667 γάρ
549 2588 683 2660 αὕτη
725 2591 904 2659 πάσης
934 2596 1035 2657 τῆς
1062 2592 1169 2642 τῶν
1220 2582 1390 2641 ὄντων
1449 2585 1876 2661 ἀπογεννήσεως.

224 2682 330 2742 Τίς
364 2678 421 2734 ὃὶ
450 2682 484 2749 ἡ
509 2674 745 2755 πρόοδος
774 2678 980 2746 αὐτῆς;
1015 2675 1120 2733 Καὶ
1156 2679 1275 2739 πῶς
1320 2671 1637 2749 προῆλθεν;
1686 2674 1880 2745 Ἡμεῖς

230 2772 334 2844 μὶν
365 2768 781 2840 οὖσιοποιοῦμεν
841 2766 1012 2836 αὐτὴν
1070 2764 1178 2821 ἀπὸ
1231 2768 1329 2819 τοῦ
1385 2763 1777 2840 ἐμφυσήματος
1833 2761 1879 2832 ᾧ

226 2860 557 2938 ἐνεφύσησεν
587 2857 664 2922 εἷς
688 2859 779 2912 τὸν
829 2860 1044 2933 πρῶτον
1089 2852 1370 2931 ἄνθρωπον
1423 2854 1450 2907 6
1484 2852 1632 2916 Θεός.
1664 2848 1876 2921 Ἔλλη-

224 2972 312 3013 νες
366 2947 422 3004 δὲ
474 2946 870 3023 ποικιλώτερον
921 2946 1044 3021 περὶ
1099 2945 1296 3000 τούτου
1363 2942 1638 3014 διεξίασιν,
1698 2941 1878 3016 ὥσπερ

227 3041 300 3107 δή
334 3040 426 3094 καὶ
456 3039 578 3112 περὶ
609 3043 717 3094 τῶν
744 3035 957 3109 ἄλλων,
989 3035 1072 3091 ὅτι
1104 3033 1194 3090 διὰ
1228 3034 1398 3108 μόνην
1430 3034 1528 3103 τήν
1560 3030 1880 3103 τελειότητα

226 3129 500 3204 ἀπογεννᾷ
549 3128 616 3183 τά
656 3126 1007 3201 παραγόμενοι
1037 3126 1064 3180 6
1096 3124 1245 3186 Θεός.
1280 3125 1377 3181 Καὶ
1420 3121 1512 3177 ’ίνα
1551 3123 1614 3177 τὸ
1671 3120 1879 3193 ξύμπαν

224 3216 445 3273 τέλειον
504 3215 782 3291 ἀποδείξῃ,
826 3217 968 3289 ὁμοῦ
1021 3215 1115 3288 μὶν
1173 3214 1348 3268 πάντα
1403 3211 1653 3288 παράγει.
1712 3212 1874 3266 Ἕκα-

228 3328 361 3361 στον
392 3304 450 3361 δὶ
477 3306 613 3361 κατὰ
632 3306 734 3375 τὴν
766 3302 905 3359 ἰδίαν
944 3304 1092 3373 τάξιν
1124 3301 1390 3378 πρόεισιν.
1432 3302 1506 3358 T6
1554 3300 1611 3354 ὃν
1643 3298 1734 3373 ἀφ’
1762 3299 1879 3353 ἑαυ-

224 3402 353 3466 τοῦ,
383 3400 419 3466 ἡ
456 3397 592 3469 ζωὴ,
623 3397 729 3451 ἀπὸ
758 3399 852 3449 τοῦ
883 3390 1060 3462 ὄντος,
1093 3394 1122 3448 6
1152 3397 1277 3455 νοῦς
1309 3392 1414 3446 ἀπὸ
1470 3397 1569 3460 τῆς
1630 3394 1798 3460 ζωῆς,
1838 3391 1873 3459 ἡ

2239 2134 2328 2189 33.
2363 2135 2504 2189 Nam
2527 2136 2800 2207 principii
2826 2152 3019 2208 expers
3047 2140 3122 2194 sit
3151 2142 3365 2195 anima.

2059 2222 2184 2278 Non
2219 2228 2309 2279 est
2340 2223 2466 2295 ipsa
2499 2224 2610 2280 sibi
2644 2225 2998 2298 principium
3033 2228 3230 2284 anima
3260 2246 3449 2303 neque
3473 2231 3638 2305 inge-

1989 2312 2334 2384 nita,neque
2366 2312 2510 2367 citra
2538 2312 2716 2369 aliam
2749 2331 2989 2371 causam
3023 2334 3141 2389 pm
3162 2317 3295 2374 aliis
3324 2321 3636 2379 exsistens.

1990 2402 2122 2465 Quae
2152 2418 2324 2473 porro
2357 2401 2546 2473 prima
2574 2404 2704 2474 ejus
2730 2420 2911 2459 causa
2941 2405 3038 2473 sit,
3091 2406 3311 2463 nemini
3378 2425 3493 2464 non
3552 2415 3644 2467 est

1989 2490 2393 2563 perspicuum,
2447 2492 2696 2547 creatrix
2757 2508 2961 2564 nempe
3019 2493 3123 2550 illa
3182 2512 3308 2568 qua:
3367 2499 3637 2555 omnium

1987 2598 2184 2638 rerum
2215 2582 2611 2655 generationis
2639 2586 2728 2639 est
2758 2583 3137 2656 principium.
3173 2587 3314 2654 Quis
3345 2606 3479 2647 vero
3508 2591 3638 2662 ejus

1987 2690 2358 2746 progressus,
2406 2677 2465 2730 et
2510 2676 2805 2746 quomodo
2856 2677 3184 2746 processit?
3231 2679 3347 2736 Nos
3400 2681 3639 2752 quidem

1987 2763 2388 2818 substantiam
2422 2763 2551 2833 ejus
2583 2763 2906 2835 repetimus
2937 2766 3008 2820 ab
3069 2765 3486 2839 insufﬂatione,
3521 2788 3640 2842 qua

1987 2850 2142 2905 Deus
2172 2851 2233 2906 in
2265 2850 2525 2922 primum
2561 2851 2857 2907 hominem
2884 2850 3045 2908 illam
3069 2853 3640 2927 inspiravit.Ethnici

1989 2943 2184 2995 autem
2214 2939 2375 2995 varia
2404 2939 2735 2995 subtilitate
2766 2940 2875 2996 hac
2906 2942 2978 2997 de
3009 2958 3069 2998 re
3098 2944 3181 2999 uti
3208 2945 3383 3001 etiam
3414 2948 3484 3003 de
3506 2947 3639 3004 aliis

1988 3028 2312 3100 disputant,
2344 3029 2624 3099 aiuntque
2657 3045 2760 3100 per
2786 3029 2976 3086 solam
3022 3033 3435 3103 perfectionem
3467 3054 3637 3093 suam

1993 3120 2171 3174 Deum
2202 3117 2403 3174 omnia
2432 3135 2560 3190 quae
2592 3120 3001 3191 producuntur
3034 3138 3355 3193 procreare,
3380 3131 3556 3198 atque
3574 3132 3639 3183 ut

1988 3207 2330 3264 universum
2381 3208 2704 3280 perfectum
2754 3210 3037 3282 absolvat,
3088 3214 3288 3269 omnia
3337 3232 3638 3286 procreare

1988 3297 2189 3369 simul,
2211 3298 2293 3354 ita
2323 3301 2389 3354 ut
2431 3300 2901 3371 unumquodque
2954 3303 3278 3359 secundum
3331 3306 3635 3378 proprium

1987 3384 2253 3440 ordinem
2282 3386 2558 3457 procedat
2590 3402 2602 3441 :
2636 3402 2742 3440 ens
2773 3403 2807 3441 a
2858 3387 3075 3458 seipso,
3124 3388 3243 3445 vita
3301 3390 3372 3446 ab
3421 3397 3573 3460 ente,
3606 3410 3640 3448 a

224 3488 389 3562 ψυχὴ
451 3487 556 3541 ἀπὸ
611 3490 708 3541 τοῦ
766 3482 1111 3559 δημιουργοῦ
1156 3485 1273 3538 νοῦ.
1302 3487 1421 3537 ’Έτι
1479 3479 1593 3550 οὖν,
1624 3479 1803 3557 φασὶν,
1836 3480 1871 3547 ἡ

1989 3472 2104 3529 vita
2136 3490 2367 3543 mens,a
2396 3474 2702 3546 demiurgo
2733 3474 2853 3530 sive
2878 3479 3265 3547 procreatrice
3298 3485 3490 3537 mente
3513 3481 3638 3538 ani-

225 3577 386 3652 ψυχή
419 3579 515 3631 νοῦ
542 3576 698 3651 γέννη
709 3595 802 3647 μα,
834 3574 1069 3648 ἄχρονος
1097 3570 1149 3642 ἐξ
1180 3570 1342 3626 αὐτοῦ
1371 3574 1658 3646 προϊοῦσα.

397 3768 498 3826 λδ’.
524 3763 932 3845 ’Ᾱκριϐἐστερον
960 3766 1086 3842 περὶ
1116 3770 1367 3842 ψυχικῶν
1402 3762 1703 3838 δυνάμεων.

304 3860 375 3917 O't
411 3860 503 3933 μὲν
537 3856 740 3914 πολλοὶ
770 3862 877 3912 τῶν
899 3855 1216 3936 φιλοσόφων
1248 3853 1440 3919 ἁπλῶς
1463 3853 1585 3909 οὕτε
1625 3851 1881 3928 δυνάμεις

226 3954 423 4024 ψυχῆς
456 3947 802 4020 ὀνομάζουσι.
839 3948 961 4021 Χρὴ
1021 3943 1076 4000 δέ
1132 3943 1306 4006 οὕτως
1364 3941 1614 4019 διαιρεῖν,
1648 3943 1721 4005 ὥς
1776 3943 1877 3997 εἰσι

223 4038 421 4112 vespa!
451 4034 707 4109 δυνάμεις
743 4039 842 4101 τῆς
890 4038 1096 4111 ψυχῆς,
1127 4036 1181 4088 αἱ
1244 4035 1340 4107 μὶν
1397 4033 1598 4109 νοεραὶ,
1656 4032 1745 4087 καὶ
1804 4033 1879 4095 είς

225 4130 326 4183 τὸν
358 4127 636 4201 κρείττονα
664 4125 990 4202 ἆναγόμεναι
1020 4131 1120 4194 τῆς
1153 4126 1337 4199 ψυχῆς
1372 4124 1463 4178 τὸν
1514 4121 1679 4178 ἅϋλον
1729 4126 1874 4178 νοῦν·

224 4220 286 4273 αἱ
351 4213 409 4270 δὶ
464 4214 845 4291 πληρούμεναι
902 4213 1066 4269 αὐτοῦ
1114 4216 1210 4268 τοῦ
1239 4217 1335 4267 νοῦ
1362 4213 1460 4281 τὴν
1494 4213 1703 4287 ψυχὴν,
1734 4210 1881 4275 ὅστις

223 4306 281 4377 ἐξ
314 4301 498 4359 ἀϊδίου
554 4303 690 4377 αὐτῇ
724 4302 1077 4379 συνυπάρχει·
1109 4302 1166 4356 αἱ
1214 4298 1273 4355 δὶ
1330 4300 1604 4376 ὁρίζουσαι
1633 4301 1729 4363 τὰς
1783 4298 1880 4355 δυ-

220 4394 424 4464 νάμεις
452 4398 554 4461 τῆς
572 4395 759 4466 ψυχῆς
809 4388 955 4452 ὅλως
1011 4389 1102 4444 καὶ
1160 4386 1533 4445 διατάττουσαι
1590 4389 1725 4444 κατά
1778 4390 1877 4458 τήν

216 4501 423 4557 νοεραν
466 4480 677 4550 νόησιν,
710 4480 764 4534 αἱ
796 4476 853 4534 δὲ
902 4476 1418 4553 ὃιαθεσμοθετοῦσαι
1478 4476 1658 4554 ὥσπερ
1716 4477 1878 4551 νόμοι

217 4571 371 4632 τινὶς
404 4566 648 4644 ἔμψυχοι
698 4568 762 4623 τὰ
817 4565 1035 4644 δεύτερα
1090 4575 1191 4637 τῆς
1248 4573 1394 4637 ζωῆς
1449 4565 1567 4639 εἷ’δη
1621 4567 1755 4641 μετᾶ
1789 4568 1881 4622 τὸν

215 4664 378 4715 νοῦν’
412 4660 501 4713 καὶ
560 4659 616 4713 αἱ
672 4658 765 4731 μὲν
825 4655 1177 4734 ἀγαθοειδεῖςο
1211 4658 1265 4711 αἱ
1323 4655 1381 4713 δὲ
1421 4662 1501 4730 τῷ
1557 4656 1710 4730 καλῷ
1740 4658 1881 4712 ἀπο-

218 4745 650 4821 σεμνυνόμεναι.
711 4741 1040 4822 Ἰάμϐλιχος
1096 4743 1154 4801 δὲ
1201 4747 1229 4801 6
1286 4745 1586 4824 φιλόσοφος
1637 4746 1881 4821 περιττόο

214 4857 385 4912 τερος
413 4840 512 4891 τοῦ
561 4833 776 4897 δέοντος
837 4834 935 4906 ὢν,
966 4834 1186 4910 κατάγει
1242 4837 1343 4906 τήν
1402 4834 1634 4910 λογικήν
1694 4836 1878 4911 ψυχὴν

219 4928 464 4983 ἀπὸτοῦ
508 4929 643 4981 Θεοῦ
696 4922 829 5001 ἄχρι
884 4931 983 4995 τῆς
1036 4927 1159 5000 γῆς,
1191 4926 1281 4979 καὶ
1328 4920 1396 4979 ἐν’
1436 4924 1630 4999 ἑκάστῃ
1698 4922 1878 4999 μερίδι

213 5020 328 5070 τοῦ
358 5013 559 5074 παντὸς
590 5011 848 5069 ἀλλάττει
874 5014 969 5075 τὰς
1019 5009 1275 5085 δυνάμεις
1332 5011 1523 5080 αὐτῆς,
1555 5014 1647 5068 καὶ
1705 5011 1879 5076 ἄλλας

220 5106 327 5179 μὶν
386 5102 558 5171 αὗτῆς
607 5101 661 5156 ἰν
720 5101 933 5176 οὖρανῷ
987 5100 1213 5171 τίθεται,
1268 5099 1444 5163 ἄλλας
1521 5099 1579 5156 δὲ
1638 5102 1695 5157 ἐν
1765 5108 1879 5157 τοῖς

215 5192 553 5269 στοιχείοις,
587 5189 764 5256 ἄλλας
794 5189 851 5246 δὲ
883 5190 935 5246 ἐν
966 5195 1046 5264 τῷ
1075 5196 1245 5266 παχεῖ
1276 5192 1511 5264 σώματι.

352 5307 454 5364 λε’.
488 5311 612 5370 Πῶς
643 5308 671 5361 6
709 5308 935 5384 Πλάτων
968 5308 1236 5384 γεννητὴν
1261 5308 1410 5384 ,ὁμοῦ
1441 5308 1540 5377 τὴν
1569 5310 1754 5384 ψυχήν

656 5380 747 5434 καὶ
781 5378 1037 5443 ἀθάνατον
1066 5378 1440 5454 ἀποφαίνεται.

292 5476 615 5554 Ἀγέννητον
651 5477 747 5551 μὲν
764 5478 864 5545 τὴν
888 5479 1074 5552 ψυχὴν
1097 5478 1125 5532 ὁ
1149 5475 1376 5532 Πλάτων
1402 5473 1568 5533 οἶ¹εται
1592 5475 1662 5531 δι’
1676 5480 1737 5547 ἣν
1762 5478 1878 5553 ἔχει

215 5569 416 5624 οὐσίαν
448 5566 540 5621 καὶ
574 5567 742 5636 ζωὴν,
776 5565 837 5620 οὐ
868 5568 971 5641 γάρ
1009 5566 1111 5621 ὑπὸ
1161 5566 1388 5642 χρόνον,
1422 5565 1546 5621 οὐδὲ
1599 5569 1674 5640 μή
1726 5568 1878 5637 οὖσα,

214 5658 382 5736 ιρησὶ,
416 5654 723 5730 γεγένηται.
756 5656 907 5713 Ἐπεὶ
940 5652 997 5710 δὲ
1027 5654 1127 5710 οὐκ
1152 5653 1269 5730 ἔχει
1322 5652 1544 5732 ἄπειρον
1598 5660 1695 5711 τοῦ
1747 5657 1881 5712 εἶναι

217 5743 748 5821 δύναμιν,ἆλλ³ἀεὶ
805 5743 1019 5822 δέχεται
1050 5745 1251 5817 ταύτην
1304 5747 1409 5802 ἀπὸ
1463 5750 1573 5803 τῶν
1634 5748 1880 5825 ὑπερκει-

1988 3579 2105 3618 ma.
2138 3563 2321 3619 Aiunt
2351 3564 2531 3634 igitur
2560 3565 2818 3620 animam
2860 3580 2988 3621 esse
3038 3568 3375 3639 progeniem
3422 3573 3639 3627 mentis

1986 3652 2115 3708 sine
2142 3657 2407 3724 tempore
2436 3668 2505 3707 ex
2533 3651 2635 3707 illa
2661 3654 3005 3725 profectam.

2218 3760 2306 3814 34.
2341 3760 2666 3815 Αεοαναίἰιιε
2695 3759 2760 3815 de
2780 3763 2993 3817 animae
3020 3763 3404 3831 facultatibus.

2060 3848 2227 3904 Multi
2243 3848 2726 3920 philosophorum
2741 3848 3089 3920 simpliciter
3109 3868 3178 3906 ne
3194 3853 3434 3923 quidem
3457 3854 3638 3911 facul-

1987 3941 2138 3995 tates
2168 3939 2379 3994 animze
2403 3936 2838 4009 appellant.Fas
2868 3955 3002 3993 vero
3034 3943 3123 3994 est
3154 3940 3235 3994 ita
3253 3941 3638 4017 distinguere,

1987 4029 2142 4101 quod
2193 4027 2479 4084 mentales
2530 4027 2739 4083 animis
2790 4027 3098 4085 facultates
3146 4034 3308 4101 sunt,
3360 4032 3479 4089 sive
3511 4050 3642 4105 quae

1988 4122 2188 4190 utpote
2219 4117 2502 4173 mentales
2536 4120 2791 4172 mentem
2825 4117 3037 4174 anima:
3065 4117 3523 4178 immaterialem
3545 4125 3640 4179 ad-

1987 4209 2211 4264 ducunt
2238 4207 2310 4262 ad
2342 4205 2770 4278 praestantiora,
2802 4207 2924 4262 sive
2973 4224 3101 4280 qua:
3133 4208 3396 4266 animam
3447 4217 3644 4269 mente

1990 4313 2117 4370 quae
2142 4297 2215 4352 ab
2244 4301 2457 4351 aeterno
2486 4294 2573 4349 illi
2604 4295 2906 4351 coexsistit
2936 4296 3185 4369 replent,
3237 4298 3357 4354 sive
3387 4317 3515 4371 quae
3543 4302 3642 4357 de-

1986 4389 2310 4444 terminant
2339 4386 2550 4443 animae
2597 4386 2904 4442 facultates
2936 4389 3197 4461 integras
3226 4395 3284 4446 et
3313 4394 3641 4449 secundum

1989 4480 2302 4536 mentalem
2324 4478 2688 4535 intellectum
2703 4478 3175 4551 disponunt,sive
3190 4489 3469 4554 tanquam
3483 4484 3642 4558 leges

1989 4570 2256 4641 quaedam
2282 4567 2554 4624 animatae
2578 4568 2841 4637 dirigunt
2861 4570 3152 4625 secundas
3175 4570 3306 4626 vitae
3329 4577 3460 4643 post
3485 4591 3639 4630 men-

1988 4665 2106 4715 tem
2138 4657 2569 4729 species,atque
2591 4656 2729 4711 boni
2759 4656 3064 4714 honestive
3093 4660 3289 4716 studio
3321 4668 3462 4717 sunt
3482 4680 3643 4718 exor-

1991 4752 2160 4803 natae.
2192 4744 2563 4802 Jamblichus
2592 4761 2726 4800 vero
2760 4745 3173 4819 philosophus,
3208 4750 3451 4807 modum
3492 4769 3640 4822 quo-

1992 4836 2304 4892 dammodo
2353 4835 2658 4903 excedens,
2714 4836 2975 4892 animam
3032 4838 3379 4895 rationalem
3435 4858 3469 4896 a
3524 4841 3640 4897 Deo

1994 4942 2181 4997 usque
2212 4924 2448 4978 deducit
2477 4923 2537 4978 in
2567 4926 2809 4991 terram,
2841 4928 2899 4979 et
2931 4924 2989 4980 in
3030 4925 3291 4997 qualibet
3318 4932 3482 5000 parte
3506 4930 3640 4984 uni-

1986 5014 2138 5071 versi
2170 5013 2318 5069 alias
2346 5012 2398 5068 ei
2431 5011 2738 5068 facultates
2767 5012 2997 5069 tribuit.
3028 5014 3189 5070 Alias
3217 5015 3402 5087 igitur
3448 5016 3500 5071 ei
3548 5034 3642 5072 as-

1986 5106 2159 5163 cribit
2190 5106 2247 5161 in
2280 5104 2443 5175 calo,
2475 5105 2535 5159 in
2564 5102 2870 5161 elementis
2920 5105 3092 5176 alias,
3124 5106 3271 5163 alias
3303 5092 3557 5181 denique
3582 5108 3641 5163 in

1993 5194 2210 5251 crassis
2241 5193 2608 5266 corporibus.

1986 5313 2075 5367 35.
2109 5310 2381 5381 Quomodo
2413 5310 2569 5365 Plato
2618 5311 2792 5385 simul
2830 5310 3264 5385 docetaniimm
3309 5322 3365 5370 et
3391 5324 3642 5385 genitam

2491 5397 2607 5437 esse
2637 5386 2688 5437 et
2716 5383 3097 5439 immortalem
3118 5384 3146 5439 ?

2062 5483 2123 5537 In
2132 5480 2389 5553 genitam
2403 5495 2473 5551 eq
2483 5478 2840 5536 uidemPlato
2859 5481 3111 5559 animam
3126 5483 3402 5554 opinatur
3419 5482 3644 5539 ratione

1990 5572 2259 5629 essentia:
2290 5587 2408 5642 qua
2437 5570 2655 5641 gaudet
2676 5574 2732 5625 et
2760 5571 2891 5626 vita:
2920 5589 2933 5639 ;
2970 5588 3085 5627 non
3110 5572 3267 5627 enim
3300 5573 3359 5628 in
3382 5578 3646 5645 tempore

1990 5667 2049 5718 et
2078 5670 2392 5733 postquam
2424 5675 2542 5715 non
2574 5659 2896 5715 exstitisset
2928 5661 3139 5716 factam
3188 5678 3317 5719 esse
3366 5663 3642 5721 affirmat.

1992 5752 2291 5817 Quatenus
2320 5753 2518 5806 autem
2549 5766 2664 5805 non
2723 5749 2895 5806 habet
2952 5750 3245 5809 infinitam
3294 5753 3527 5810 essendi
3556 5754 3642 5809 fa-
