4102 6342
242 395 366 456 713

1438 395 1537 454 DE
1581 392 2021 455 OMNIFARIA
2067 392 2485 454 DOCTRlNA.

3545 398 3665 457 ‘7“

247 529 414 600 μέσον
471 532 632 606 ἡμῶν
687 526 780 582 καὶ
836 528 971 583 Θεοῦ
1022 522 1297 599 τιθέαμεν,
1333 522 1476 580 οὕτω
1526 520 1593 593 δὴ
1642 522 1732 578 καὶ
1789 527 1896 579 τῶν

2022 523 2303 596 ejusmodi
2336 525 2455 581 sive
2487 524 2736 595 minora,
2759 524 2940 582 Deum
2963 525 3118 583 inter
3147 529 3204 583 et
3234 530 3467 584 nosmet
3494 528 3668 600 poni-

245 617 504 692 ἐλλήνων
569 620 622 675 οἱ
681 616 823 688 δῆθα
862 613 1165 693 σοφώτεροι
1224 611 1381 669 ἑνάδα
1409 614 1531 669 τινὰ
1562 612 1904 688 ὲξῃρημὲνην

245 705 633 785 ἑδογμάτισαν,
689 705 782 762 καὶ
834 704 969 779 μετὰ
1024 707 1191 758 ταῦτα
1247 699 1392 776 ὅντα,
1450 700 1540 757 καὶ
1602 706 1777 771 ζῶντα
1813 700 1904 757 καὶ

241 798 476 854 νοοῦντά
503 818 646 867 τινα,
678 797 790 852 εἶτα
824 792 1224 869 ὑπερκοσμίους
1264 796 1411 862 νοῦς,
1443 790 1530 846 καὶ
1565 789 1718 854 αὖθις
1750 788 1905 867 ἐγκο-

243 888 464 961 σμίουςο
499 888 586 942 καὶ
625 885 760 960 μετὰ
814 883 1044 945 τούτους
1085 882 1185 951 τὴν
1216 880 1351 953 ὅλην
1399 881 1609 957 ψυχὴν,
1642 880 1732 935 καὶ
1773 881 1907 954 μετᾶ

238 974 445 1048 ταύτην
473 977 574 1047 τὴν
623 974 720 1030 τοῦ
766 971 989 1035 παντός’
1038 970 1129 1025 καὶ
1185 969 1343 1033 τέλος
1370 970 1465 1033 τὰς
1503 966 1752 1046 μερικοὶς.
1806 970 1902 1024 Καὶ

241 1064 337 1122 τὸν
389 1064 625 1141 ψυχικὸν
658 1062 710 1120 ἐν
740 1060 909 1136 ταύτῃ
939 1058 1329 1138 συμπληροῦσι
1371 1057 1691 1134 διάκοσμον.

391 1260 496 1327 λθ’.
548 1260 716 1317 Πόσαι
748 1259 805 1314 αἱ
832 1264 933 1329 τῆς
962 1260 1149 1333 ψυχῆς
1180 1254 1437 1331 δυνάμεις
1463 1256 1555 1311 καὶ
1585 1253 1722 1318 τίνες
1747 1273 1761 1324 ;

322 1358 435 1422 Σῆς
481 1354 666 1426 ψυχῆς
715 1351 751 1419 ἡ
803 1348 901 1422 μὲν
948 1346 1305 1436 ἀντιλεπτική
1365 1344 1445 1409 τίς
1652 1341 1907 1436 δύναμις⁹

240 1442 366 1498 καθ’
416 1442 478 1511 ἣν
522 1444 631 1495 τῶν
664 1433 831 1494 ὄντων
874 1431 1360 1511 ἀντιλαμϐάνεταυ
1413 1437 1447 1505 ἠ
1511 1431 1567 1489 δὲ
1598 1431 1905 1516 παθητικὴ,

236 1531 361 1595 καθ’
412 1532 474 1600 ἣν
529 1526 820 1593 διατίθεται
899 1525 1117 1588 οἰκείως
1191 1525 1282 1580 καὶ
1340 1521 1694 1600 ἀλλοτρίως·
1754 1525 1790 1594 ἡ
1851 1520 1910 1578 δὲ

235 1620 544 1697 πρακτικὴ,
595 1619 711 1673 καθ’
769 1618 830 1687 ἣν
880 1616 1018 1692 πρὸς
1047 1616 1143 1679 τὰς
1189 1608 1408 1690 πράξεις
1434 1612 1696 1676 ἒκουσίως
1733 1614 1908 1689 ὁρμᾷ.

243 1709 348 1765 Καὶ
375 1713 486 1765 τῶν
537 1705 819 1782 δυνάμεων
867 1704 1075 1761 τούτων
1127 1702 1296 1761 ἄλλαι
1345 1703 1439 1777 μὲν
1501 1701 1768 1757 ἀπόλυτοί
1800 1700 1902 1757 εἷ’σι

241 1801 336 1856 καὶ
399 1801 573 1875 μόνης
617 1806 717 1869 τῆς
745 1801 953 1874 ψυχῆς,
988 1794 1154 1852 ἄλλαι
1182 1792 1241 1851 δὲ
1270 1801 1369 1866 τῆς
1400 1797 1588 1870 ψυχῆς
1620 1792 1711 1848 καὶ
1745 1792 1906 1867 αὐγο-

243 1886 447 1946 ειδέσιν
498 1887 829 1964 ἒποχοῦνται
882 1888 1121 1959 σώμασι,
1168 1885 1307 1946 τινὶς
1343 1880 1400 1939 δε
1430 1880 1698 1956 πνεύματι
1730 1880 1905 1955 ἐνύλῳ
1938 1908 1983 1974 Β

247 1980 741 2059 συνυφεστήκασιν,
798 1977 854 2031 αἱ
913 1973 971 2031 δὶ
1026 1974 1335 2031 τελευταῖαι
1368 1972 1442 2035 εἷς
1490 1972 1552 2027 τὸ
1611 1967 1906 2059 ὀστρεῶδες

245 2072 412 2143 σῶμα
483 2065 941 2124 ἁποτελευτῶσιν.
1020 2065 1086 2121 Ἦ
1144 2061 1201 2119 δὲ
1259 2063 1590 2139 φανταστικὴ
1652 2058 1903 2135 δύναμις,

246 2159 387 2233 πρὸς
436 2157 610 2220 πάσας
653 2155 750 2220 τὰς
802 2151 1057 2228 δυνάμεις
1114 2160 1217 2224 τῆς
1273 2156 1460 2229 ψυχῆς
1516 2149 1910 2245 αιταραπᾶφυκε³

240 2248 336 2303 καὶ
397 2247 512 2303 οἷον
570 2244 888 2319 ἐκμάττεται
942 2241 1167 2314 ταύτην,
1230 2240 1470 2316 καὶξταῖς
1508 2240 1602 2314 μὶν
1635 2238 1908 2315 κρείττοσί

239 2336 341 2400 τὰς
403 2333 789 2412 ὗποδεεστὲρας
848 2333 1149 2401 ἀποτυποῖ,
1206 2336 1324 2392 ταῖς
1382 2326 1440 2385 δὶ
1499 2326 1909 2402 ὑποδεεστέραις

240 2428 343 2491 τὰς
390 2426 724 2501 κρείττονας.
786 2421 1239 2495 ’Λποτυπουμὲνη
1269 2419 1370 2496 γὰρ
1400 2419 1494 2481 τὰς
1524 2418 1715 2493 νοερὰς
1747 2415 1908 2472 δυνά-

248 2537 375 2591 μεις
401 2519 472 2590 τῇ
505 2512 715 2586 διανοίᾳ
742 2511 940 2575 ταύτας
968 2509 1432 2589 ἐπισφραγίζεται,
1466 2508 1555 2564 καὶ
1587 2508 1741 2573 αὖθις
1773 2506 1910 2562 ἀπο-

241 2606 565 2681 ματτομὲνη
586 2604 657 2660 τὰ
676 2600 1040 2676 διανοήματα,
1068 2604 1151 2672 τῷ
1178 2603 1259 2671 νῷ
1287 2602 1456 2655 ταῦτα
1482 2595 1906 2673 ἐγκατατίθεται.

815 2693 887 2765 μ’.
913 2690 974 2744 Τί
1005 2688 1115 2745 ἐστι
1148 2686 1343 2767 φύσιςς

324 2785 493 2844 Φύσις
549 2783 661 2839 ἐστὶ
712 2779 964 2855 δύναμις,
1016 2778 1328 2859 ὀφθαλμοῖς
1384 2777 1478 2852 μὶν
1532 2774 1799 2845 ἀθέατος,
1830 2777 1908 2846 νῷ

245 2872 311 2931 δὲ
369 2874 647 2949 θωρητή,
720 2875 838 2932 τοῖς
904 2869 1149 2942 σώμασιν
1223 2863 1702 2942 ὲγκατεσπαρμὲνη
1764 2863 1911 2939 παρὰ

245 2967 412 3032 Θεοῦ,
472 2962 618 3038 ἆρχή
676 2962 943 3032 κινήσεως
1000 2958 1087 3013 καὶ
1127 2955 1383 3031 ἠρεμίας.
1444 2951 1595 3023 Λῦτή
1627 2954 1733 3030 γὰρ
1764 2951 1906 3008 ἐστιν

245 3056 284 3124 ἡ
349 3055 572 3109 κινοῦσα
634 3050 704 3107 τὰ
766 3048 964 3128 φυσικᾶ
1020 3047 1267 3120 σώματα,
1326 3044 1417 3100 καὶ
1479 3045 1629 3108 αὖθις
1679 3044 1904 3118 ἠρεμεῖν

242 3147 504 3200 ποιοῦσα.
565 3143 748 3197 Πάντα
795 3137 898 3215 γὰρ
954 3136 1021 3192 τὰ
1060 3135 1311 3208 σώματα,
1365 3135 1480 3188 οἷον
1537 3132 1605 3187 τὰ
1661 3135 1909 3207 στοιχεῖα

243 3230 343 3289 καὶ
388 3233 455 3287 τὰ
510 3229 572 3286 ἰκ
613 3227 821 3285 τούτων
874 3224 1220 3300 συγκείμενα,
1254 3222 1304 3278 εἷ’
1358 3223 1447 3279 καὶ
1507 3222 1611 3277 ὑπὸ
1659 3224 1793 3277 Θεοῦ
1818 3219 1906 3275 καὶ

2015 631 2172 683 mus,
2195 614 2280 671 sic
2310 620 2368 670 et
2396 614 2822 687 sapientissimi
2853 615 3074 687 quique
3103 620 3438 673 Graecorum
3472 623 3668 674 unita-

2014 705 2130 759 tem
2181 702 2457 759 eximiam
2489 704 2806 776 quamdam
2839 709 3191 774 statuerunt,
3224 710 3469 778 postque
3516 706 3668 762 hanc

2013 792 2192 861 entia,
2254 797 2313 849 et
2368 793 2624 849 viventia
2679 799 2857 866 atque
2917 794 3300 867 intelligentia
3359 795 3668 867 nonnulla,

2015 882 2226 937 deinde
2259 884 2777 955 supramundanas
2808 886 2864 938 et
2893 882 3385 941 intramundanas
3418 889 3666 957 mentes,

2015 976 2073 1026 et
2102 974 2234 1043 post
2282 970 2390 1027 has
2442 971 2700 1027 animam
2733 971 3153 1041 omnimodam,
3188 981 3361 1046 alque
3391 974 3669 1047 deinceps

2017 1060 2275 1115 animam
2309 1061 2589 1130 universi,
2620 1065 2677 1117 et
2706 1061 2961 1133 denique
3002 1063 3382 1133 particulares
3416 1064 3667 1122 animas.

2015 1149 2109 1205 Sic
2139 1150 2281 1206 ordo
2312 1154 2369 1206 et
2398 1150 2578 1207 series
2609 1151 2940 1206 animarum
2969 1150 3087 1207 illis
3118 1153 3465 1225 completur.

2160 1258 2249 1313 39.
2284 1258 2421 1326 Quot
2449 1266 2502 1314 et
2526 1273 2794 1331 quasnam
2820 1261 2933 1315 sint
2962 1260 3172 1317 anime
3197 1261 3530 1331 facultates?

2088 1348 2311 1402 Animae
2344 1347 2459 1403 alia
2486 1347 2734 1405 facultas
2756 1354 2845 1405 est
2865 1351 3214 1421 perceptrix,
3240 1367 3343 1422 per
3367 1367 3544 1422 quam
3576 1367 3671 1407 res

2017 1436 2292 1508 percipit;
2324 1436 2439 1493 alia
2468 1437 2725 1507 passiva,
2759 1455 2875 1509 qua
2906 1439 2993 1494 vel
3024 1444 3417 1510 congruenter
3447 1444 3668 1495 natura

2017 1542 2137 1581 sua
2169 1525 2257 1581 vel
2289 1525 2612 1597 injucundo
2645 1528 2817 1583 modo
2848 1527 3135 1598 afficitur;
3168 1527 3284 1585 alia
3314 1529 3521 1600 activa,
3554 1546 3672 1601 qua

2018 1618 2227 1687 sponte
2261 1615 2444 1671 fertur
2473 1617 2542 1672 ad
2586 1616 2866 1673 actiones.
2901 1618 3121 1673 Harum
3165 1618 3513 1675 facultatum
3544 1619 3671 1674 alia!

2017 1709 2157 1760 sunt
2189 1704 2466 1761 absoluta;
2497 1710 2553 1761 et
2582 1707 2653 1761 ad
2685 1707 2871 1763 solam
2908 1708 3203 1779 pertinent
3232 1708 3512 1779 animam,
3545 1707 3669 1763 aliae

1994 1792 2195 1849 'etiam
2219 1794 2427 1850 animae
2448 1794 2662 1852 lucidis
2689 1796 2895 1852 insunt
2917 1798 3281 1869 corporibus,
3306 1797 3431 1853 alia:
3455 1796 3673 1869 pariter

2018 1882 2077 1938 in
2111 1882 2320 1955 spiritu
2354 1884 2644 1941 materiati
2675 1885 2955 1954 existunt,
2988 1892 3295 1958 postremae
3330 1887 3671 1959 pertingunt

2014 1971 2086 2027 ad
2120 1971 2309 2043 ipsam
2343 1976 2554 2029 testam
2601 1990 2783 2045 usque
2830 1976 3014 2031 crassi
3063 1976 3345 2048 corporis.
3379 1975 3667 2032 Omnibus

2014 2065 2212 2117 autem
2244 2060 2452 2116 anima:
2486 2061 2865 2119 facultatibus
2895 2066 3274 2137 superaddita
3299 2070 3388 2121 est
3418 2064 3667 2121 facultas

2016 2149 2411 2222 imaginatrix,
2433 2168 2560 2223 quas
2583 2151 2759 2207 veluti
2781 2152 3056 2224 exprimit
3084 2152 3215 2209 illas
3237 2170 3303 2209 ac
3334 2154 3668 2228 eonsignat,

2015 2242 2072 2293 et
2114 2239 2621 2310 praestantioribus
2652 2240 2968 2297 deteriores
2998 2246 3053 2297 et
3098 2242 3487 2300 deterioribus
3517 2261 3671 2317 pra:-

2018 2328 2333 2383 stantiores
2359 2327 2614 2384 detineat
2644 2345 2709 2385 ac
2742 2329 3038 2388 describit.
3074 2330 3481 2404 Intelligibiles
3510 2333 3670 2390 enim

2018 2415 2330 2472 facultates
2355 2435 2484 2473 cum
2518 2418 2766 2490 effingit,
2800 2418 3139 2491 cogitationi
3186 2420 3321 2477 illas
3362 2421 3672 2494 imprimit,

2019 2510 2077 2562 et
2114 2505 2372 2563 vicissim
2404 2523 2538 2562 cum
2571 2507 2841 2564 etI'ormat
2866 2508 3273 2581 cogitationes,
3295 2511 3548 2585 imponit
3576 2528 3677 2570 eas

2021 2595 2229 2652 menti.

2520 2686 2608 2741 40.
2643 2685 2784 2755 Quid
2817 2689 2894 2742 est
2924 2690 3177 2743 natura!

2090 2774 2312 2830 Natura
2340 2778 2429 2830 est
2469 2774 2715 2831 facultas
2764 2792 2879 2832 non
2926 2774 3230 2833 oculorum
3261 2777 3676 2850 conspicienda

2019 2863 2164 2926 acie.
2196 2864 2298 2919 sed
2327 2876 2521 2921 mente
2552 2864 3025 2938 contemplanda,
3059 2866 3399 2938 corporibus
3429 2867 3673 2924 insemi-

2019 2960 2158 3009 nata
2188 2971 2220 3008 a
2249 2952 2387 3024 Deo,
2423 2958 2617 3011 motus
2662 2954 2999 3026 quietisque
3041 2955 3421 3028 principium.
3452 2957 3672 3014 Natura

2018 3041 2237 3114 quippe
2267 3047 2357 3097 est
2385 3060 2513 3114 quae
2544 3058 2789 3115 corpora
2838 3043 3127 3099 naturalia
3179 3051 3392 3113 movet,
3423 3045 3670 3103 iterum-

2017 3147 2127 3202 que
2186 3131 2324 3187 facit
2379 3131 2697 3203 quiescere.
2745 3133 3000 3206 Corpora
3057 3133 3217 3189 enim
3276 3134 3571 3207 qualibet,
3606 3140 3672 3193 ut

2018 3220 2306 3276 elementa
2336 3225 2393 3276 et
2422 3238 2549 3292 quae
2582 3237 2650 3276 ex
2680 3221 2773 3277 his
2795 3223 3122 3295 composita
3142 3228 3302 3295 sunt,
3325 3223 3461 3281 licet
3489 3241 3523 3280 a
3557 3227 3669 3284 Deo

240 3280 350 3389 ἓνὲν
403 3317 617 3390 κίνησιν
666 3318 756 3374 καὶ
810 3317 911 3386 τήν
953 3280 1219 3391 Ιἡσυιχίανι
1260 3311 1398 3388 ἔχει,
1431 3310 1577 3367 ἀλλὰ
1615 3313 1907 3387 προσεχῶς

2023 3315 2247 3365 motum
2278 3314 2336 3366 et
2358 3308 2613 3383 quietem
2636 3310 2876 3379 habent,
2901 3316 3099 3368 tamen
3127 3313 3389 3384 proxime
3409 3331 3443 3371 a
3464 3319 3676 3372 natura

247 3411 360 3467 ὑπὸ
416 3408 628 3487 φύσεως
678 3411 930 3463 κινεῖται.
981 3400 1175 3459 Πολλᾶ
1208 3401 1305 3475 μὲν
1332 3398 1436 3477 γάρ
1471 3399 1572 3455 εἶσι
1604 3399 1672 3455 τὰ
1695 3402 1911 3457 κινοῦν-

240 3521 316 3556 τα
371 3498 441 3553 τὰ
503 3496 749 3571 σώματα,
784 3498 1003 3569 πρῶτον
1034 3494 1061 3549 ὁ
1104 3492 1261 3561 Θεὸς,
1318 3490 1431 3546 εἶτα
1490 3490 1517 3546 ὁ
1558 3493 1706 3558 νοῦς,
1732 3489 1843 3545 εἶτα
1872 3490 1908 3558 ἡ

242 3585 636 3663 ψυχή.Ἀλλὰ
662 3583 974 3641 τελευταῖον
1010 3584 1046 3652 ἦ
1107 3580 1283 3660 φύσις,
1334 3582 1451 3635 οἷον
1511 3574 1735 3656 ὄργανόν
1796 3577 1906 3633 ἐστι

241 3681 349 3733 τοῦ
401 3673 557 3734 Θεοῦ.
587 3675 693 3732 Τὸν
746 3674 839 3749 μὶν
899 3672 1000 3749 γὰρ
1032 3669 1312 3746 ἄνθρωπον
1344 3669 1435 3724 καὶ
1485 3669 1553 3723 τὰ
1592 3665 1766 3743 ἄλογα
1799 3670 1909 3737 ζῶα

242 3771 392 3822 κινεῖ
436 3766 527 3820 καὶ
575 3767 611 3835 ὴ
643 3765 798 3840 ψυχή
848 3762 937 3818 καὶ
982 3763 1018 3831 ἠ
1051 3758 1227 3838 φύσις.
1277 3758 1353 3813 Τά
1378 3756 1436 3813 ὃὶ
1469 3758 1695 3831 σώματα
1722 3755 1813 3811 καὶ
1840 3754 1909 3811 τὰ

242 3854 404 3911 ἁπλᾶ
443 3853 532 3909 καὶ
562 3853 632 3908 τὰ
677 3851 919 3920 σύνθετα,
975 3849 1111 3925 μόνη
1144 3848 1179 3917 ἡ
1213 3846 1370 3926 φύσις
1397 3851 1557 3915 κινεῖ,
1588 3845 1679 3901 καὶ
1736 3841 1902 3901 πάλιν

242 3943 436 4015 ἵστησι
462 3949 563 4014 τῆς
592 3943 881 4013 κινήσεως.

246 4060 366 4128 μα’.
394 4050 486 4114 Τίς
512 4053 548 4121 ἠ
580 4046 840 4127 διαίρεσις
886 4050 995 4128 τῶν
1043 4049 1241 4128 κοινῶν
1275 4044 1556 4120 ἐνεργειῶν
1589 4049 1689 4114 τῆς
1719 4045 1905 4119 ψυχῆς

837 4120 974 4193 πρὸς
1003 4118 1067 4173 τὸ
1096 4122 1257 4191 σῶμα
1281 4136 1295 4187 ;

319 4214 448 4270 Τῶν
477 4209 754 4287 ἐνεργειῶν
807 4209 863 4263 αἱ
915 4207 1011 4282 μὶν
1066 4207 1328 4283 ἄρχονται
1361 4203 1467 4260 ἀπὸ
1498 4206 1686 4280 ψυχῆς
1719 4197 1900 4277 ὥσπερ

238 4305 302 4360 αἱ
322 4296 606 4375 κρείττους
634 4300 721 4354 καὶ
754 4298 1116 4372 προέχουσαι,
1146 4296 1201 4350 αἱ
1250 4291 1309 4349 δὲ
1358 4292 1462 4348 ἀπὸ
1513 4296 1608 4347 τοῦ
1636 4292 1901 4365 ,τώματος

240 4390 632 4468 ἀνεγείρονται,
676 4386 802 4443 ὅταν
849 4384 983 4461 διψῇ
1037 4386 1132 4460 μὲν
1182 4385 1403 4457 ἤπεινῇ
1447 4380 1482 4451 ἢ
1514 4380 1662 4458 ριγῇ,
1693 4381 1902 4452 ἢτινος

240 4481 430 4539 ἄλλου
478 4476 731 4534 τοιούτου
760 4474 947 4548 δέηται
970 4476 1005 4545 ὴ
1052 4474 1207 4549 ψυχή
1239 4469 1297 4527 δὲ
1323 4472 1387 4527 τὸ
1442 4470 1680 4535 ἐντεῦθεν
1735 4469 1901 4546 πορί-

244 4578 343 4643 ζοι
393 4569 464 4624 τὰ
508 4565 827 4624 ἐλλείποντα
878 4568 960 4637 τῷ
996 4563 1231 4637 σώματι.
1264 4560 1437 4618 ΙΙᾶλιν
1471 4560 1647 4616 τοίνυν
1676 4559 1743 4615 τα
1805 4559 1901 4633 μὶν

2023 3403 2350 3455 moventur.
2389 3398 2563 3454 Plura
2608 3398 2765 3455 enim
2818 3405 2957 3455 sunt
2987 3418 3114 3472 quae
3146 3420 3360 3475 corpus
3392 3409 3627 3461 movent
3658 3421 3675 3463 :

2020 3488 2175 3544 Deus
2205 3488 2489 3561 primum,
2522 3493 2649 3543 tum
2696 3504 2885 3556 mens,
2919 3489 3130 3546 deinde
3178 3492 3396 3564 anima,
3428 3494 3680 3565 denique

2021 3582 2234 3633 natura
2301 3581 2583 3649 tanquam
2644 3578 2744 3633 Dei
2815 3577 3303 3636 instrumentum.
3363 3582 3673 3640 Hominem

2018 3665 2232 3723 etenim
2258 3670 2313 3720 et
2340 3665 2544 3721 brutas
2567 3665 2896 3722 animantes
2921 3667 3118 3723 anima
3138 3674 3194 3724 et
3216 3674 3428 3725 natura
3456 3675 3677 3727 movet.

2015 3755 2271 3827 Corpora
2302 3759 2425 3809 tum
2456 3753 2751 3826 simplicia
2793 3763 2920 3811 turn
2975 3756 3301 3829 composita
3334 3775 3368 3813 a
3398 3758 3525 3815 sola
3556 3776 3684 3817 mo-

2012 3847 2222 3900 ventur
2251 3846 2487 3913 natura,
2510 3859 2638 3915 quas
2670 3844 2884 3899 iterum
2912 3860 3150 3917 quoque
3181 3849 3408 3903 motum
3443 3863 3686 3905 eorum-

2012 3935 2144 3991 dem
2173 3932 2353 3990 sistit.

2048 4042 2137 4099 41.
2171 4041 2447 4111 Quomodo
2476 4041 2899 4113 distinguuntur
2937 4058 3255 4100 commune:
3306 4047 3652 4114 operatione:

2535 4115 2745 4171 anima
2772 4119 2823 4170 et
2852 4116 3096 4186 corporis
3120 4120 3139 4170 !

2082 4201 2501 4276 Operationum
2534 4200 2659 4259 aliis
2690 4202 3048 4276 principium
3088 4204 3312 4261 habent
3343 4206 3417 4261 ab
3448 4206 3648 4263 anima

2013 4296 2078 4348 ut
2108 4292 2364 4365 potiores
2392 4295 2449 4347 et
2488 4292 2924 4364 praestantiores
2953 4310 2965 4349 :
2999 4292 3124 4350 aliis
3183 4312 3217 4350 a
3247 4311 3488 4368 corpore
3518 4295 3675 4353 exci-

2013 4385 2234 4451 tantur,
2269 4381 2505 4455 quando
2537 4380 2686 4449 sitit,
2718 4380 2805 4438 vel
2851 4383 3037 4439 esurit
3069 4387 3171 4440 aut
3203 4384 3396 4457 friget,
3431 4391 3534 4442 aut
3562 4384 3681 4442 alia

2012 4470 2307 4542 ejusmodi
2348 4488 2408 4527 re
2460 4470 2704 4544 indiget,
2740 4472 2895 4529 unde
2946 4472 3147 4530 anima
3199 4473 3315 4547 ipsi
3345 4474 3681 4532 desiderata

2013 4560 2375 4633 suppeditat.
2395 4559 2674 4618 Vicissim
2697 4577 2911 4633 corpus
2935 4563 3242 4625 passiones
3267 4563 3446 4619 sentit
3466 4565 3680 4621 animm

238 4656 352 4716 τοῦ
411 4653 665 4731 σώματός
724 4652 839 4710 ἰστι
894 4652 1192 4725 παθήματα
1249 4646 1321 4704 δι’
1371 4648 1564 4719 αὐτὴν,
1606 4647 1786 4724 ὥσπερ
1841 4645 1904 4702 τὸ

2022 4666 2213 4718 causa,
2246 4654 2312 4706 ut
2360 4650 2673 4720 erubescit,
2706 4651 2942 4723 quando
2972 4651 3176 4707 anima
3227 4651 3452 4724 aliquid
3506 4659 3681 4726 turpe

242 4749 531 4826 ὶρυθριᾷν,
588 4741 726 4799 διότι
770 4745 806 4813 ἡ
856 4741 1009 4817 ψυχὴ
1040 4737 1271 4815 αἰσχρόν
1288 4759 1350 4826 ,τι
1399 4732 1595 4826 ἔκρινε.
1626 4738 1702 4792 Τὰ
1727 4733 1908 4826 ῦὶῄτῆς

242 4823 444 4914 ψυχῆς
479 4831 568 4889 διὰ
594 4832 657 4888 τὸ
688 4835 870 4904 σῶμα,
925 4828 1108 4906 ὥσπερ
1154 4828 1209 4883 αἱ
1239 4824 1439 4898 ἡδοναὶ
1493 4824 1584 4881 καὶ
1637 4826 1714 4914 αἱ,
1741 4823 1910 4914 λύ’-παι

244 4908 478 4994 διά-τήν
501 4922 597 4978 τοῦ
625 4922 879 4995 σώματος
905 4919 1109 4997 γάνεσιν
1151 4917 1276 4991 περὶ
1308 4917 1410 4986 τὴν
1457 4917 1642 4991 ψυχὴν
1696 4908 1908 4969 διαϐαί-

240 5034 461 5072 νουσιν.
491 5012 570 5068 Τὰ
598 5008 656 5066 δὲ
700 5008 815 5065 ἐπεὶ
864 5012 1118 5064 κοινωνεῖ
1167 5005 1219 5077 ἕξ
1275 5002 1418 5075 ἴσου,
1479 5003 1661 5081 ὥσπερ
1692 5000 1759 5073 δὴ
1818 5001 1908 5059 καὶ

238 5107 313 5163 τὸ
342 5101 596 5183 φέρεσθαι
640 5099 778 5154 κατὰ
830 5097 1021 5154 τόπον.
1051 5095 1137 5183 ΤὸΔ
1175 5094 1270 5169 μὶν
1296 5094 1399 5169 γὰρ
1461 5087 1762 5167 διαμείϐειν
1819 5088 1913 5183 τό·

241 5180 369 5252 πον*
391 5189 530 5247 tam
561 5187 671 5244 ἔστι
702 5187 975 5261 σώματος·
1007 5185 1070 5240 τὸ
1120 5180 1178 5240 δὶ
1218 5188 1388 5240 κινεῖν
1418 5183 1554 5238 κατὰ
1581 5183 1680 5253 τὴν
1714 5181 1913 5261 φορὰν,

243 5288 447 5360 ψυχῆς
473 5279 707 5356 ὑπάρχει
741 5275 1008 5352 ἰνὲργεια.

327 5387 444 5463 μβ’.
480 5384 617 5441 Πότε
646 5384 682 5455 ἦ
712 5384 866 5459 ψυχὴ
895 5386 977 5455 τῷ
1024 5379 1310 5454 κυουμένῳ
1341 5378 1557 5436 ἑνοῦται
1588 5377 1838 5452 adipem;

324 5479 395 5534 '0
453 5475 547 5550 μὶν
596 5474 697 5542 τὴν
758 5469 1050 5546 Θεολογίαν
1116 5469 1278 5545 μὶγας
1337 5469 1648 5546 Γρηγόριος
1703 5468 1914 5546 ἀσαφής

244 5570 334 5626 in
390 5566 514 5641 περὶ
570 5565 732 5617 τοῦτο
778 5560 843 5615 τὸ
901 5560 1088 5634 μίρος,
1147 5557 1239 5613 καὶ
1293 5557 1392 5613 οὐκ
1420 5555 1482 5613 ἂν
1515 5554 1715 5634 ῥᾳδίως
1749 5556 1921 5612 αὐτὸν

246 5656 441 5734 εὕροις
497 5650 668 5727 ταύτῃ
721 5648 758 5720 ἢ
808 5647 983 5723 tantm
1027 5646 1419 5725 προσκείμενον
1468 5651 1577 5703 τῶν
1624 5644 1817 5720 δοξῶν.
1850 5646 1914 5705 Ὀ

249 5747 318 5806 δὶ
382 5744 526 5812 θείος
602 5737 908 5821 Γρηγόριος
961 5738 991 5794 ὁ
1038 5735 1282 5801 Νυσσεὺς
1337 5735 1429 5793 καὶ
1493 5738 1521 5793 ὁ
1580 5734 1754 5801 πολὺς
1810 5735 1912 5807 τὴν

586 5872 849 5935 Panos.
896 5868 1009 5931 Gs.
1054 5864 1288 5931 CXXII.

2013 4739 2324 4810 judicavit.
2360 4739 2567 4795 Anima
2598 4739 2801 4796 itidem
2853 4739 3111 4796 afﬁcitur
3158 4746 3392 4813 propter
3438 4758 3676 4813 corpus,

2020 4829 2219 4900 itaque
2249 4826 2583 4900 voluptates
2615 4845 2681 4883 ac
2711 4826 2943 4885 dolores
2972 4844 3042 4884 ex
3062 4831 3322 4900 corporis
3344 4830 3677 4886 conditione

2020 4916 2081 4972 in
2127 4916 2381 4972 animam
2436 4920 2767 4987 penetrant.
2804 4917 2880 4972 De
2929 4916 3060 4973 aliis
3112 4918 3550 4989 Operationibus
3610 4935 3678 4974 ex

2023 5021 2191 5077 aequo
2240 5005 2597 5077 participant
2647 5009 2915 5077 utraque,
2948 5009 3012 5060 ut
3049 5006 3286 5076 quando
3335 5007 3406 5062 de
3458 5007 3585 5064 loco
3616 5007 3679 5065 iu

2022 5094 2218 5151 locum
2247 5094 2425 5151 homo
2457 5099 2741 5150 movetur.
2770 5094 2916 5150 Nam
2952 5101 3180 5151 mutare
3208 5094 3424 5164 locum,
3449 5097 3679 5170 corpori

2024 5183 2327 5257 proprium
2358 5188 2466 5253 est,
2501 5183 2604 5241 sed
2647 5199 2879 5241 movere
2911 5188 2969 5240 et
3000 5183 3322 5258 impellere,
3355 5186 3566 5245 animae
3592 5192 3682 5245 est

2023 5272 2307 5345 operatio.

2164 5381 2252 5435 42.
2287 5379 2514 5448 Quando
2544 5381 2738 5436 animo
2781 5384 3033 5439 nascenti
3060 5384 3279 5454 corpori
3306 5388 3542 5441 unitur!

2095 5469 2350 5541 Magnus
2397 5468 2727 5543 Theologus
2760 5470 3080 5544 Gregorius
3113 5472 3220 5528 hac
3272 5475 3332 5529 in
3382 5482 3547 5547 parte
3576 5476 3683 5533 ob-

2023 5575 2234 5615 scurus
2264 5563 2375 5627 est,
2407 5576 2513 5615 nec
2559 5559 2728 5616 facile
2777 5577 2914 5617 eum
2962 5562 3373 5634 deprehendas
3424 5565 3563 5622 huic
3594 5575 3680 5633 vel

2022 5647 2108 5704 illi
2139 5647 2401 5722 opinioni
2444 5649 2761 5707 adhaerere.
2788 5652 2862 5707 At
2904 5651 3064 5708 enim
3096 5653 3333 5710 divinus
3366 5654 3681 5727 Gregorius

1996 5736 2345 5811 'Nyssenus,
2376 5742 2432 5793 et
2481 5737 2770 5796 Maximus
2820 5740 3072 5815 insignis
3116 5742 3213 5800 ille
3262 5745 3563 5803 confessor
3612 5762 3683 5805 ac

3278 5874 3357 5934 23
