4072 6346
509 419 628 478 715

1851 416 2272 476 MICHAELIS
2321 414 2586 476 PSELLI

3804 425 3920 484 716

513 548 904 624 philosophus
936 549 1190 606 animam
1217 565 1322 605 nec
1351 549 1739 621 antiquiorem
1769 565 2028 622 corpore,
2063 566 2141 605 ne

2279 545 2584 622 ὁμολογίαν
2619 546 2709 602 καὶ
2740 548 2838 617 τήν
2873 547 3193 628 φιλοσοφίαν
3237 550 3486 622 Μάξιμος
3535 549 3657 606 οὔτε
3699 551 3925 628 πρεσϐυ·

513 641 902 713 postgenitam
953 643 1241 711 statuunt,
1274 640 1376 696 sed
1430 639 1608 695 simul
1657 656 1791 696 cum
1846 640 2167 711 dejectione

512 731 758 786 seminis
801 730 871 785 ad
923 729 1181 786 animam
1231 729 1672 802 suscipiendam
1723 729 1864 801 apti,
1897 729 2165 785 eamdem

511 819 836 875 subsistere
859 818 1574 875 affirmant.Ethnicorum
1599 823 1790 875 autem
1815 819 2010 874 eximii
2039 823 2167 891 post

505 908 827 981 perfectum
862 908 1127 966 naturale
1156 909 1619 965 instrumentum
1651 909 1769 964 sive
1795 925 2007 980 corpus
2039 925 2167 980 pro-

506 1001 888 1070 gnatumque,
913 999 1174 1053 animam
1201 997 1283 1052 illi
1305 991 1472 1054 aiunt
1496 998 1844 1070 ingenerari.
1867 999 1934 1053 Et
1955 1014 2164 1070 quam-

508 1087 609 1142 diu
643 1087 793 1142 uteri
826 1088 1061 1160 quidem
1113 1088 1302 1143 adhuc
1338 1088 1634 1143 radicibus
1682 1087 1920 1160 embryo
1954 1087 2164 1142 afﬁxus

510 1177 705 1245 hzeret,
739 1177 1066 1232 naturalem
1111 1176 1194 1232 illi
1228 1177 1486 1232 animam
1523 1177 1810 1245 tribuunt,
1843 1178 2162 1247 egredienti

507 1271 704 1322 autem
759 1266 1128 1338 rationalem,
1161 1271 1218 1322 et
1249 1268 1598 1338 procedente
1631 1271 1892 1339 tempore
1943 1267 2162 1323 intelli-

506 1361 764 1428 gentem.

774 1465 862 1518 43.
900 1466 1171 1533 Quomodo
1202 1467 1393 1520 animo
1421 1467 1617 1520 unitur
1641 1466 1901 1537 corpori?

576 1552 846 1610 Insinuat
877 1571 938 1611 se
969 1556 1197 1628 corpori
1229 1556 1426 1612 anima
1470 1555 1622 1612 sicut
1670 1555 1756 1612 sol
1807 1557 2002 1612 oriens
2036 1572 2158 1612 mo-

507 1649 705 1699 mento
757 1644 954 1700 omnia
1002 1645 1130 1700 luce
1179 1645 1478 1718 complet:
1525 1663 1661 1701 nam
1716 1647 1799 1702 sic
1847 1651 1904 1702 et
1959 1646 2158 1702 anima

505 1749 720 1806 corpus
752 1733 951 1790 statim
1006 1735 1271 1791 accendit
1318 1737 1386 1790 ad
1437 1737 1614 1791 vitam
1649 1741 1704 1791 et
1735 1736 2006 1805 vivificat,
2041 1752 2155 1808 quo

505 1823 634 1894 ipso
662 1828 718 1878 et
747 1823 892 1879 illud
926 1823 1172 1897 indiget,
1205 1829 1270 1880 ut
1300 1841 1433 1880 cum
1466 1841 1532 1881 ea
1565 1825 1719 1880 uniri
1753 1825 1958 1898 possit.
1991 1825 2155 1882 Sicut

2275 633 2430 712 τὲραν
2463 637 2559 706 τὴν
2589 640 2773 713 ψυχήν
2804 643 2900 693 τοῦ
2955 640 3231 712 σώματος,
3293 636 3416 694 οὔτε
3477 645 3922 720 μεταγενεστέραν

2274 726 2550 799 τιθέασιν,
2612 725 2736 782 ἀλλ’
2796 728 2935 801 ὁμοῦ
2992 732 3060 803 τῇ
3119 723 3399 803 καταϐολῇ
3458 735 3553 784 τοῦ
3614 733 3922 807 σπέρματος

2276 812 2587 886 ἐπιτηδείου
2637 817 2771 890 πρὸς
2803 815 3086 893 ὑποδοχὴν
3133 821 3317 894 ψυχῆς
3370 820 3764 895 τυγχάνοντος,
3794 823 3920 876 ταύ-

2273 925 2372 974 την
2434 905 2799 983 ὑφιστάνουσι.
2861 909 2980 964 Τῶν
3042 905 3098 962 δὲ
3166 905 3450 979 Ἑλλήνων
3503 911 3554 963 οἱ
3611 911 3918 987 πρόκριτοι,

2278 994 2412 1066 μετᾶ
2465 997 2562 1064 τὴν
2624 996 2904 1052 τελείωσιν
2962 1001 3058 1051 τοῦ
3117 1003 3346 1073 φυσικοῦ
3406 999 3636 1074 ὀργάνου
3692 1003 3783 1054 καὶ
3822 1003 3920 1069 τῆν

2274 1082 2574 1154 ἀποκύησιν
2631 1084 2848 1156 τούτου,
2910 1085 3246 1163 ἐνσπείρουσι
3301 1089 3499 1159 ταύτην
3552 1094 3633 1162 τῷ
3682 1089 3917 1163 σώματι,

2272 1171 2417 1241 πλὴν
2470 1172 2557 1227 ὅτε
2609 1173 2704 1246 μὲν
2764 1169 2955 1230 ἔσωθεν
3004 1174 3530 1252 ᾔκατερριζωμὲνον
3560 1177 3623 1232 τὸ
3655 1173 3915 1252 ἔμϐρυον,

2271 1261 2368 1329 τὴν
2402 1264 2630 1338 zonam-qv
2663 1265 2846 1339 ψυχὴν
2880 1263 3055 1338 τούτῳ
3109 1262 3369 1334 διδόασιν,
3403 1264 3670 1337 ἐξελθόντι
3716 1264 3773 1321 δὲ
3818 1270 3915 1337 τὴν

2273 1348 2523 1426 λογικήν,
2554 1352 2644 1406 καὶ
2677 1353 2922 1428 προϊόντι
2953 1354 3052 1422 τήν
3080 1352 3286 1430 νοεράν.

2511 1459 2616 1533 μετ’.
2656 1463 2777 1521 HJ);
2810 1458 3019 1514 ἐνοῦται
3054 1464 3130 1532 τῷ
3162 1460 3373 1534 σώματι
3405 1461 3438 1530 ἠ
3472 1464 3624 1538 ψυχή
3653 1482 3666 1531 ;

2342 1546 2674 1622 Εἶσκρίνεται
2732 1552 2810 1620 τῷ
2865 1549 3075 1621 σώματι
3125 1551 3159 1618 ἡ
3206 1550 3360 1625 ψυχὴ
3394 1550 3573 1628 ὥσπερ
3605 1552 3641 1621 ἢ
3674 1550 3915 1620 ἀνατολὴ

2266 1641 2362 1690 τοῦ
2413 1635 2578 1706 ἡλίου
2632 1637 2804 1693 πάντα
2853 1639 3096 1714 ἀνορόως
3149 1637 3504 1713 ἐμπίμπλησι
3561 1645 3657 1696 τοῦ
3711 1643 3911 1716 φωτός.

2267 1726 2368 1783 Καὶ
2426 1726 2526 1803 γὰρ
2575 1727 2663 1781 καὶ
2695 1728 2832 1797 αὐτή
2887 1726 3098 1802 ἀθρόως
3133 1727 3342 1802 ἐξάπτει
3396 1731 3459 1785 τὸ
3517 1735 3675 1803 σῶμα
3706 1730 3780 1794 εἷς
3813 1733 3913 1800 τήν

2267 1817 2434 1884 ζωὴν,
2494 1817 2579 1870 καὶ
2646 1821 2924 1888 ζωοποιεῖ,
2975 1821 3137 1872 τοῦτο
3197 1815 3522 1890 ἐπιτηδείως
3581 1817 3708 1895 ἔχον
3777 1821 3917 1894 πρὸς

504 1928 678 1984 porro
709 1912 888 1981 nervi,
922 1912 1154 1986 longius
1201 1914 1433 1970 etiamsi
1485 1916 1724 1981 absunt,
1758 1932 1875 1970 una
1922 1932 2141 1971 moven-

2261 1906 2359 1974 τὴν
2420 1900 2602 1960 ἕνωσιν
2661 1905 2882 1976 ταύτης.
2934 1907 3133 1979 Ὥσπερ
3196 1905 3369 1962 οὖναὶ
3423 1908 3602 1983 νευραῖ
3636 1909 3914 1985 αἶ’συνηρ-

504 2005 622 2073 tur,
675 2007 733 2057 et
780 2002 935 2058 sicut
981 2003 1214 2076 Naphta
1267 2019 1445 2073 quam
1505 2009 1714 2059 vocant
1769 2004 2155 2061 transilientis

494 2090 650 2163 ignis
695 2092 812 2146 vim
866 2092 1142 2164 concipit,
1179 2093 1372 2147 medio
1403 2110 1531 2148 aere
1591 2110 1706 2149 non
1767 2094 2151 2165 inﬂammato,

494 2181 578 2235 sic
608 2185 665 2235 et
697 2197 911 2252 corpus
942 2182 1014 2236 ab
1048 2182 1245 2237 anima
1290 2185 1479 2237 totum
1524 2184 1719 2238 statim
1756 2181 2148 2251 illuminatur,

493 2287 683 2342 neque
708 2275 934 2341 oportet
965 2272 1339 2328 indivisibilis
1362 2272 1491 2330 vitm
1514 2277 1570 2328 et
1601 2273 1896 2330 facultatis
1930 2275 2146 2330 divisas

488 2357 950 2415 illuminationes
973 2359 1059 2416 vel
1089 2361 1567 2433 participationes
1594 2363 1977 2418 comminisci.
1999 2365 2144 2419 Con-

450 2446 453 2449 ’
490 2447 626 2503 ferri
659 2452 854 2504 autem
882 2449 1002 2504 hanc
1033 2455 1222 2521 potest
1252 2467 1388 2506 cum
1414 2452 1859 2524 participatione
1881 2454 1955 2524 (6)
1989 2454 2142 2508 entis

490 2553 616 2608 quae
661 2537 718 2592 in
768 2555 828 2594 re
887 2539 1042 2594 fluxa
1098 2540 1466 2598 observatur.
1500 2543 2008 2608 Quemadmodum
2059 2542 2143 2597 rei

487 2627 656 2681 ﬂuxae
687 2627 846 2682 enim
877 2645 982 2684 ens
1031 2630 1200 2684 adest
1231 2630 1359 2685 sine
1389 2635 1673 2703 tempore,
1708 2632 1791 2686 sic
1839 2636 1893 2687 et
1944 2631 2142 2688 anima

487 2715 614 2772 sine
641 2720 902 2789 tempore
928 2718 1094 2773 adest
1123 2719 1374 2790 corpori.

878 2824 964 2876 44.
999 2823 1073 2877 De
1101 2825 1300 2880 anima
1339 2823 1748 2879 irrationabili.

558 2912 819 2976 Quatuor
872 2912 1035 2967 hisce
1092 2913 1425 2968 Graecorum
1487 2912 1822 2984 philosophi
1877 2916 2136 2971 animam

483 2998 948 3056 irrationabilem
984 3001 1275 3056 definiunt
1309 3019 1319 3057 :
1356 3003 1639 3073 appetitu,
1673 3020 1784 3072 quo
1824 3003 2138 3076 voluptatis

483 3105 692 3146 sumus
725 3107 791 3146 ac
817 3089 1033 3146 doloris
1069 3090 1417 3162 participes;
1451 3090 1725 3162 opinione
1755 3108 1881 3163 quae
1916 3093 2136 3149 medias

481 3179 754 3252 designat
793 3179 1048 3235 rationes
1099 3182 1250 3235 inter
1297 3180 1523 3252 species
1571 3179 1841 3247 sensiles,
1873 3184 1929 3236 et
1957 3199 2135 3253 puras

2268 1995 2534 2068 μοσμέναι
2581 1995 2668 2050 καὶ
2707 1994 2752 2050 εἰ
2807 1994 2996 2072 πόρῥω
3051 1995 3274 2072 τύχοιεν
3307 1998 3481 2069 οὖσαι,
3513 2002 3912 2071 συγκινοῦνται·

2264 2083 2352 2137 καὶ
2394 2085 2420 2138 ὁ
2468 2083 2803 2156 καλούμενος
2833 2085 2968 2162 φθὰς
2998 2082 3214 2160 δέχεται
3270 2090 3364 2140 τοῦ
3421 2086 3590 2156 πυρὸς
3618 2089 3717 2156 τήν
3747 2085 3913 2142 δύνα-

2267 2195 2355 2246 μιν
2388 2178 2483 2228 τοῦ
2514 2174 2707 2246 μεταξὺ
2739 2175 2894 2250 ἀέρος
2935 2175 3010 2248 μή
3051 2175 3414 2251 πυρουμὲνου,
3450 2176 3590 2230 οὕτω
3623 2174 3691 2246 δὴ
3723 2177 3815 2231 καὶ
3847 2180 3912 2233 τὸ

2261 2267 2418 2334 σῶμα
2472 2261 2683 2336 ἀθρόως
2741 2262 3078 2338 ἐλΛάμπεται
3139 2266 3240 2319 ὑπὸ
3296 2272 3393 2335 τῆς
3452 2269 3658 2341 ψυχῆς,
3705 2270 3795 2321 καὶ
3848 2267 3911 2322 ού

2257 2349 2336 2405 δεῖ
2391 2359 2491 2422 τῆς
2546 2353 2836 2427 ἀμερίστου
2894 2359 3036 2424 ζωῆς
3094 2355 3184 2408 καὶ
3243 2353 3523 2429 δυνάμεως
3566 2353 3914 2431 διῃρημένας

2254 2440 2484 2496 ἐπινοεῖν
2517 2443 2611 2504 τὰς
2637 2441 2962 2516 ἐλλάμψεις,
2996 2443 3144 2514 ἦτᾶς
3178 2444 3830 2520 μετοχὰς.Ἀπεικαστέον
3854 2444 3913 2502 δὲ

2253 2530 2417 2600 αὐτὴν
2439 2535 2506 2605 τῇ
2537 2536 2632 2586 τοῦ
2664 2528 2818 2594 ὄντος
2855 2537 3067 2609 μετοχῇ
3121 2533 3195 2596 εἷς
3223 2535 3285 2589 τὸ
3331 2533 3640 2610 γινόμενον.
3696 2537 3908 2612 Ὠσπερ

2249 2621 2349 2696 γὰρ
2379 2621 2440 2674 τὸ
2472 2619 2529 2674 ὅν
2559 2619 2812 2696 ἀχρόνως
2849 2625 2928 2693 τῷ
2975 2623 3248 2698 γινομέ-.ῳ
3283 2621 3556 2698 πάρεστιν,
3589 2622 3760 2686 οὕτως
3813 2626 3906 2680 καὶ

2252 2709 2388 2779 αὐτὴ
2422 2708 2672 2785 ἀχρόνως
2704 2708 2924 2784 πάρεστι
2956 2715 3034 2783 τῷ
3065 2712 3298 2786 σώματι.

2709 2813 2815 2889 μδ’.
2850 2817 2980 2893 Περὶ
3011 2816 3214 2895 ἀλόγου
3245 2821 3452 2896 ψυχῆς.

2321 2905 2407 2963 Ἐν
2460 2904 2709 2982 τέσσαρσι
2758 2906 2974 2970 τούτοις
3019 2908 3145 2982 παρ’
3201 2908 3467 2979 Ἕλλησιν
3503 2910 3554 2964 οἱ
3604 2906 3906 2990 φιλοσοφί-

2249 3015 2430 3056 σαντες
2478 2996 2576 3062 τὴν
2628 2991 2824 3072 ἄλογον
2874 2998 3059 3072 ψυχὴν
3114 2994 3484 3074 ἀφορίζουσιν·
3536 2997 3585 3052 ἐν
3617 3003 3683 3072 τῇ
3739 2999 3906 3074 ὀρεκ-

2245 3087 2392 3158 τικῇ,
2451 3085 2570 3138 καθ’
2623 3086 2682 3154 ἦν
2732 3082 2937 3156 ἡδονῆς
2983 3085 3072 3140 καὶ
3124 3084 3303 3156 λύπης
3345 3083 3768 3163 ’μετέχομεν-ἐν
3830 3095 3905 3164 τῇ

2247 3169 2558 3247 δοξαστικῇ,
2607 3172 2727 3242 ἥτις
2756 3172 2880 3237 τους
2931 3175 3127 3247 μέσους
3167 3173 3363 3252 λόγους
3408 3175 3499 3230 καὶ
3535 3177 3730 3249 μεταξὺ
3780 3184 3900 3234 τῶν

481 3271 658 3339 atque
691 3284 724 3322 a
755 3268 998 3324 materia
1027 3268 1352 3324 abstractas
1387 3268 1641 3324 rationes
1675 3285 1688 3323 :
1723 3269 2010 3325 sentiendi
2046 3273 2129 3326 fa-

2259 3261 2514 3333 ιίσυητῶν
2572 3261 2847 3319 εἰδῶνκαὶ
2876 3269 2982 3319 τῶν
3031 3262 3210 3320 ἆύλων
3260 3265 3350 3320 καὶ
3399 3268 3647 3340 καθαρῶν
3709 3265 3904 3343 λόγων

479 3356 718 3427 cultate,
769 3375 894 3428 quae
951 3357 1206 3413 externis
1263 3357 1572 3429 speciebus
1629 3357 2013 3429 assimilatur,
2061 3377 2126 3415 ac

481 3445 781 3518 praesentii
808 3450 1065 3513 externa,
1101 3445 1461 3502 salutariane
1519 3447 1638 3501 sint
1690 3464 1762 3502 an
1821 3447 2068 3504 exitiosa
2111 3465 2124 3503 :

479 3540 690 3590 natura
720 3536 991 3607 denique,
1027 3554 1153 3608 quae
1193 3535 1423 3608 proprie
1454 3541 1543 3591 est
1573 3552 1751 3591 causa
1797 3538 2128 3607 generatio-

477 3623 568 3679 nis
617 3629 674 3679 et
731 3625 990 3695 proxime
1045 3625 1392 3696 corporibus
1445 3625 1720 3694 adhaeret,
1772 3633 2126 3699 generatque

471 3712 572 3767 illa
619 3717 675 3768 et
723 3713 860 3768 facit
909 3718 974 3768 ut
1019 3719 1306 3779 crescant,
1341 3714 1744 3785 gubernatque
1793 3732 1858 3770 ac
1903 3717 2122 3789 dirigit.

471 3801 574 3856 His
623 3809 872 3873 quatuor
929 3803 1105 3859 rebus
1156 3803 1424 3859 nonnulli
1485 3803 1968 3876 philosophorum
2029 3823 2125 3863 es-

470 3891 718 3946 sentiam
752 3892 963 3948 animze
1013 3893 1434 3948 irrationabilis
1467 3894 1785 3949 consistere
1835 3900 2120 3963 statuunt,

469 3997 535 4035 ac
575 3980 750 4036 veluti
799 3982 1109 4038 insititiam
1161 3999 1288 4038 esse
1340 3983 1609 4038 rationali
1659 3985 1867 4039 anima:
1915 4003 2121 4059 corpo—

465 4069 629 4140 rique
677 4070 856 4125 simul
916 4072 1221 4127 inductam
1275 4088 1288 4126 :
1339 4071 1474 4126 huic
1526 4089 1759 4144 quoque
1818 4075 2120 4130 irrationa-

464 4159 568 4213 bili
598 4158 808 4214 animae
860 4159 1182 4232 injungunt
1231 4177 1448 4217 munus
1499 4163 1955 4220 administrandi
1989 4181 2118 4221 cor-

461 4263 641 4318 poris.

590 4355 678 4411 45.
713 4355 856 4424 Quid
884 4357 1136 4413 voluntas
1166 4362 1218 4412 et
1248 4360 1607 4415 ratiocinium
1633 4362 1993 4431 proclivum?

527 4459 810 4516 Voluntas
840 4463 911 4518 ad
949 4462 1452 4520 ratiocinatoriam
1487 4466 1694 4521 anima:
1729 4473 1951 4538 partem
1987 4485 2112 4539 per-

451 4550 621 4618 tinet,
653 4556 844 4607 movet
874 4553 1030 4609 enim
1082 4554 1406 4625 appetitum
1460 4555 1518 4610 in
1571 4571 1693 4610 rem
1744 4557 2106 4613 desiderabi-

2245 3351 2563 3429 ἀφώρισται·
2626 3351 2676 3406 ἐν
2731 3357 2798 3427 τῇ
2858 3352 3188 3428 αἰσθητικῇ,
3246 3351 3368 3424 ⁹ἥτις
3419 3357 3554 3430 πρὸς
3619 3357 3688 3410 τὰ
3738 3357 3907 3421 ἑκτὸς

2238 3437 2355 3511 εἷ’ὂη
2389 3441 2694 3514 ὡμοίωται,
2737 3441 2824 3496 καὶ
2871 3441 3282 3518 προαισθάνεται
3327 3443 3394 3498 τὰ
3422 3437 3647 3514 ἔξσωθεν
3703 3449 3898 3518 σιυτή·

2239 3550 2328 3604 ρια
2391 3531 2477 3584 καὶ
2543 3528 2799 3605 ὀλέθρια·
2852 3530 2902 3585 ἐν
2960 3535 3028 3596 τῆ
3073 3536 3296 3610 φυσικῇ,
3345 3531 3466 3602 ἥτις
3524 3530 3635 3588 ἔστι
3687 3536 3907 3609 κυρίως

2235 3621 2648 3694 γενεσιουργὸς,
2705 3620 2794 3674 καὶ
2855 3619 3223 3694 συμπλέκεται
3280 3627 3570 3698 προσεχῶς
3617 3628 3735 3684 τοῖς
3784 3625 3903 3678 σώ-

2238 3728 2389 3780 μασι,
2473 3715 2720 3783 γεννᾶται
2779 3710 2916 3765 αὐτὰ
2988 3710 3077 3765 καὶ
3162 3708 3305 3782 αὔξει
3373 3712 3463 3766 καὶ
3543 3709 3743 3768 διοικεῖ
3793 3715 3899 3768 καὶ

2233 3797 2564 3852 κατευθύνει.
2617 3800 2704 3854 Ἐκ
2734 3800 2938 3854 τούτων
2971 3797 3036 3869 δὴ
3087 3805 3192 3854 τῶν
3244 3817 3514 3876 τεσσαρων
3545 3804 3643 3873 τήν
3680 3801 3894 3881 ἄλογον

2233 3890 2415 3962 ψυχὴν
2493 3883 2625 3942 ἔνιοι
2695 3893 2802 3943 τῶν
2890 3887 3204 3967 φιλοσόφων
3279 3890 3634 3954 οὐσιώσαντες
3703 3892 3897 3967 ἐγκεν-

2228 3978 2501 4052 τρίζουσιν
2536 3975 2647 4032 οἷον
2699 3981 2768 4052 τῇ
2803 3977 2998 4054 λογικῇ
3029 3977 3201 4055 ψυχῇ,
3260 3979 3350 4034 καὶ
3404 3984 3483 4052 τῷ
3514 3981 3727 4055 σώματι
3763 4003 3895 4037 συν-

2230 4069 2508 4142 εισοὶγουσι
2545 4113 2557 4125 .
2614 4068 2719 4137 Τήν
2781 4064 2837 4122 δὲ
2905 4067 3109 4145 ἄλογον
3167 4068 3477 4144 οἰκονομεῖν
3530 4071 3594 4125 τὰ
3648 4072 3892 4145 σώματα

2229 4156 2625 4233 ἐπιτρέπουσιν.

2229 4356 2328 4428 με’.
2379 4355 2473 4416 Τίς
2523 4356 2557 4424 ἡ
2607 4350 2872 4430 βούλησις
2921 4351 3011 4408 καὶ
3058 4351 3141 4416 τίς
3173 4353 3200 4408 ὁ
3231 4355 3524 4429 πρακτικὸς
3554 4352 3878 4432 λογισμός;

2293 4467 2351 4515 ‘H
2422 4458 2652 4532 ούλησις
2705 4480 2770 4515 πε
2813 4460 2827 4514 i
2882 4459 2943 4515 τὸ
2997 4457 3305 4534 λογιστικὸν
3359 4463 3551 4537 μόριον
3603 4462 3718 4518 ἐστὶ
3771 4473 3887 4536 τῆς

2383 4462 2416 4536 β
2776 4481 2804 4536 ρ

2222 4553 2428 4627 ψυχῆς,
2491 4555 2637 4605 κινεῖ
2695 4551 2790 4623 μὲν
2837 4548 2937 4624 γὰρ
2997 4549 3098 4619 τὴν
3157 4545 3329 4623 ὄρεξιν
3383 4551 3520 4624 πρὸς
3573 4552 3634 4606 τὸ
3687 4553 3888 4630 ἐφετὸν

453 4639 590 4710 lem,
642 4659 821 4713 quam
871 4643 1008 4715 quia
1065 4661 1180 4700 non
1231 4645 1358 4700 sine
1417 4645 1722 4702 ratiocinio
1775 4647 2110 4734 deligimus,

2259 4642 2338 4696 πεὶ
2407 4638 2464 4695 δὲ
2486 4640 2682 4695 τούτου
2739 4639 2838 4694 οὐκ
2889 4636 3010 4693 ἄνευ
3070 4635 3340 4715 λογισμοῦ
3369 4639 3810 4714 προαιρούμεθα,
3847 4646 3884 4714 ἡ

449 4727 572 4786 haec
631 4732 781 4788 actio
839 4733 1096 4805 impetus
1154 4733 1474 4789 voluntatis
1535 4734 1887 4806 appellatur,
1928 4739 2028 4809 qui
2080 4726 2112 4795 εἰ

2259 4732 2336 4785 ατ’
2413 4729 2543 4785 αὐτὸ
2620 4728 2854 4804 ἐνέργεια
2930 4726 3258 4802 βσυλευτικὴ
3336 4729 3483 4803 ὁρμή
3547 4729 3886 4808 ὠνομάσθη,

445 4821 752 4877 ratiocinio
782 4821 910 4894 ipso
943 4828 1033 4878 est
1056 4824 1344 4880 diversus.
1371 4825 1470 4879 Est
1502 4828 1695 4880 autem
1732 4827 2101 4884 ratiocinium

2259 4819 2375 4894 τερα
2433 4817 2562 4873 οὖσα
2620 4821 2716 4872 τοῦ
2769 4817 3064 4893 λογισμοῦ.
3127 4818 3431 4886 ΙΙρακτικὸς
3477 4815 3535 4873 δέ
3567 4817 3678 4874 ἐστι
3712 4820 3889 4898 λογι-

443 4911 792 4980 practicum,
835 4918 969 4983 post
1019 4912 1346 4984 appetitum
1401 4914 1478 4967 rei
1527 4915 1935 4973 desiderabilis
1967 4935 2100 4974 cum

2259 4910 2374 4979 υιὸς,
2418 4911 2451 4978 ἡ
2510 4907 2643 4980 μετά
2692 4907 2792 4975 τήν
2847 4903 3018 4979 ὄρεξιν
3059 4906 3156 4961 τοῦ
3189 4905 3379 4984 ἐφετοῦ
3427 4907 3563 4981 μετὰ
3595 4907 3887 4984 λογισμοῦ

440 4999 665 5055 ratione
722 5007 995 5073 suscepta
1051 5002 1202 5056 actio
1263 5006 1320 5056 et
1379 5003 1661 5073 operatio.
1703 5004 1871 5061 Neris
1933 5024 2100 5077 porro

2259 4998 2397 5074 ρᾶξίς
2452 5018 2510 5052 τε
2560 4996 2648 5051 καὶ
2703 4995 2960 5070 ἐνέργεια.
3022 4998 3199 5052 Τοῦτο
3231 4994 3289 5050 δὲ
3347 5017 3432 5050 σοι
3462 4994 3622 5067 ἔστω,
3655 4998 3739 5053 ὅτι
3775 5003 3888 5073 ψυο

437 5087 648 5143 animaz
679 5106 920 5162 corpore
961 5089 1165 5145 solutae
1195 5094 1251 5144 et
1282 5092 1510 5162 corpori
1546 5092 1739 5149 adhuc
1769 5095 2096 5165 conjunctae

2259 5093 2319 5153 ἧς
2378 5084 2744 5156 ἀπολυθείσης
2801 5086 3056 5158 σώματος
3111 5084 3202 5139 καὶ
3260 5083 3336 5140 ἔτι
3395 5086 3677 5162 παρούσης
3703 5087 3758 5143 ἐν
3791 5096 3887 5163 τῷ

432 5192 550 5231 non
583 5194 767 5233 unum
821 5179 1098 5250 idemque
1133 5178 1535 5234 ratiocinium.
1569 5182 1887 5244 Quibusvis
1938 5184 2095 5240 enim

2259 5178 2419 5250 ὑματι
2487 5176 2589 5230 οὐκ
2643 5173 2802 5238 αὐτός
2851 5172 2962 5228 ἐστι
3003 5170 3290 5250 λογισμός.
3347 5173 3563 5232 Ἑπεὶόἒ
3586 5182 3714 5231 πᾶσι
3744 5185 3885 5242 τοῖς

431 5266 940 5334 praestantioribus
989 5267 1189 5322 anima
1221 5283 1282 5323 se
1330 5267 1643 5339 assimilat,
1681 5274 1791 5325 Deo
1843 5273 2092 5328 archan-

2259 5267 2501 5323 ;είττοσιν
2562 5267 2847 5340 ἀφοιοῦται
2916 5264 2949 5333 ἠ
3028 5264 3207 5338 ψυχὴ,
3264 5268 3403 5336 Θεῷ,
3459 5265 3878 5342 ἀρχαγγέλοις,

429 5353 597 5424 gelis,
657 5354 882 5427 angelis
939 5361 996 5412 et
1053 5357 1277 5412 caeteris
1339 5359 1761 5429 potentatibus,
1823 5361 1979 5417 unde
2036 5368 2093 5419 et

2259 5357 2451 5433 νγὲλοις
2497 5355 2588 5410 καὶ
2637 5359 2755 5418 ταῖς
2803 5352 3028 5415 λοιπαῖς
3081 5350 3362 5427 δυνάμεσι,
3423 5351 3513 5409 διὰ
3554 5360 3717 5411 τοῦτο
3768 5360 3877 5414 καὶ

427 5457 604 5515 opera
628 5443 759 5515 ejus
803 5445 932 5516 jam
963 5446 1183 5513 divina,
1211 5446 1339 5516 jam
1391 5447 1674 5517 humana,
1704 5448 1824 5518 jam
1858 5455 2088 5509 contra-

2259 5473 2264 5506 :
2317 5445 2442 5522 ἔργα
2471 5444 2658 5512 αὐτοῦ,
2691 5443 2756 5497 τὰ
2787 5441 2881 5516 μὲν
2913 5442 3058 5508 θεῖα,
3116 5444 3183 5496 τὰ
3236 5439 3294 5497 δὲ
3336 5441 3671 5519 ἀνθρώπινα,
3704 5446 3774 5502 τὰ
3811 5444 3878 5505 δὶ

2022 5579 2260 5637 ΝΟΤίΕ.

494 5678 568 5756 (6)
600 5678 971 5756 intelligent
1019 5697 1200 5756 supra
1231 5678 1292 5733 τὸ
1323 5675 1604 5756 ὂντως-ὅν,
1637 5698 1740 5737 ens
1790 5687 2074 5742 aeternum
2105 5736 2130 5752 ,
2188 5687 2469 5748 nascitur,
2524 5697 2588 5756 89
2647 5676 3072 5756 ωυίέιῖίοηίδυε
3121 5679 3211 5732 θδί
3261 5677 3622 5752 οδηοιίυων
3678 5684 3874 5756 atque

423 5749 731 5805 ac'stabile
763 5768 777 5805 :
807 5749 904 5805 cui
944 5749 1260 5822 opponitur
1305 5752 1364 5806 τό
1407 5750 1687 5826 γινόμενον
1732 5756 1885 5824 quod
1917 5756 1983 5811 ﬁt
2013 5764 2070 5814 et
2114 5749 2127 5752 ⁷
2182 5762 2327 5816 adeo
2360 5753 2586 5811 Platoni
2620 5755 2870 5822 negatur
2901 5765 3029 5806 esse
3061 5765 3264 5806 verum
3291 5765 3420 5807 ens.
