4072 6346
211 476 325 539 717

190 607 459 675 -ἒναντία,
519 604 615 661 ’ίνα
682 606 777 679 ’μὴ
845 604 913 660 τὰ
991 603 1232 678 ὀνόματα
1309 602 1454 683 λέγω
1488 626 1502 640 ·

214 696 361 754 sive:
419 697 520 775 γὰρ
565 697 662 760 τὰς
716 693 1008 772 ἐνεργείας,
1044 696 1180 772 πρὸς
1231 695 1264 750 ἃ
1305 692 1574 770 λαμϐάνει
1629 698 1718 753 καὶ
1768 699 1868 767 τὴν

215 789 506 864 ὁμοίωσιν.

464 896 567 970 μς’.
601 894 733 970 Περὶ
760 894 1131 970 προαιρέσεως
1158 895 1245 949 καὶ
1281 898 1593 971 προσοχῆς.

278 980 449 1041 Μέσαι
483 983 735 1060 δυνάμεις
768 983 870 1039 εἷ’σὶ
899 990 998 1053 τῆς
1030 986 1217 1059 ψυχῆς
1266 987 1522 1061 προσοχὴ
1573 983 1667 1040 καὶ
1728 1004 1864 1059 προ-

218 1074 438 1152 αἱρεσις.
468 1072 629 1130 Ἀλλ’
675 1074 710 1142 ἠ
774 1073 870 1145 μὲν
925 1071 1241 1148 προαίρεσις
1298 1076 1508 1150 ἡγεῖται
1559 1078 1668 1129 τῶν
1724 1071 1867 1149 πρά-

215 1166 369 1236 ξεων,
405 1162 522 1240 ἔχει
580 1159 638 1218 ὂὶ
692 1161 781 1218 καὶ
840 1161 1006 1237 Λόγον
1063 1161 1116 1217 ἐν
1168 1164 1213 1236 ᾧ
1256 1164 1424 1237 κρίνει
1475 1165 1541 1218 τὰ
1569 1161 1731 1231 καλὰ,
1772 1157 1864 1217 καὶ

215 1248 391 1327 ὄρεξιν
436 1254 539 1322 τὴν
600 1249 889 1330 ἐφιεμένην
939 1256 1057 1306 τῶν
1090 1250 1307 1307 οἴκείων
1354 1252 1443 1308 καὶ
1498 1253 1735 1328 ἀγαθῶν,
1766 1252 1857 1307 καὶ

222 1343 320 1411 τήν
380 1340 795 1415 ἆναπληροῦσαν
864 1338 945 1397 ἀεὶ
987 1341 1057 1395 τὰ
1103 1338 1453 1398 ἐλλείποντα.
1513 1339 1868 1419 Ἀμφοτέρων

219 1432 308 1487 οὗν
339 1435 439 1487 τοῦ
470 1429 752 1507 λόγουκαὶ
794 1436 896 1500 τῆς
944 1429 1172 1505 ὀρέξεως
1227 1430 1534 1487 συνίσταται
1592 1433 1628 1501 ἡ
1674 1429 1868 1505 προαί-

220 1540 391 1596 ρεσις.
422 1521 684 1596 Προσοχὴ
718 1517 776 1575 δέ
806 1518 917 1576 ἐπὶ
953 1521 1074 1584 καθ’
1101 1521 1162 1589 ἢν
1222 1522 1569 1597 προσέχομεν
1616 1526 1733 1582 τοῖς
1783 1516 1870 1596 ἔρ-

209 1631 330 1686 γοις
407 1612 491 1674 οἷς
560 1608 866 1686 πράττομεν
938 1609 1027 1664 καὶ
1100 1614 1217 1673 τοῖς
1303 1609 1491 1686 λόγοις
1559 1611 1643 1673 οἷς
1697 1608 1861 1686 λέγο-

209 1711 326 1774 μενο
362 1699 500 1772 αὕτη
548 1700 653 1776 γὰρ
702 1700 834 1756 ποτὲ
894 1701 990 1775 μὲν
1045 1701 1111 1755 τὰ
1163 1702 1263 1770 τῆς
1321 1703 1507 1777 ψυχῆς
1563 1697 1673 1772 ἤθη
1736 1701 1863 1756 ἀνα-

212 1796 495 1845 ποπεῖται
542 1788 661 1845 τίνα
701 1811 762 1846 τε
790 1788 918 1845 ’ἐστὶ
966 1791 1053 1846 καὶ
1082 1794 1220 1854 ’πῶς
1268 1785 1385 1867 ἔχει
1434 1791 1573 1866 πρὸς
1619 1788 1864 1861 ἄλληλα·

216 1881 348 1935 ποτὶ
379 1876 437 1935 δὲ
467 1879 533 1935 αὗ
561 1880 625 1935 τὸ
656 1884 1023 1958 ζῶονθεωρεῖ
1049 1880 1101 1936 τί
1139 1881 1363 1955 πράττει
1418 1881 1510 1937 καὶ
1567 1888 1643 1951 πῆ
1704 1901 1874 1958 παρα-

1389 476 1488 536 DE
1531 474 1968 539 OMNIFARIA
2025 476 2447 539 DOC’I‘RINA.

3520 485 3639 547 718

1585 604 1867 681 μεταλαμ-
1898 614 1952 681 Α
1984 608 2092 676 ria,
2122 613 2188 666 ut
2237 609 2578 668 nominibus
2626 611 2975 668 abstineam.
3006 611 3234 677 Quibus
3284 615 3443 673 enim
3489 618 3639 676 asst-

1977 698 2144 755 milat
2203 717 2301 772 se,
2352 698 2587 757 illorum
2638 704 2694 758 et
2742 716 2920 774 opera
2974 702 3212 759 asciscit
3268 709 3446 779 atque
3502 706 3636 765 imi-

1976 790 2157 845 tatur.

2347 896 2433 953 46.
2469 897 2540 953 De
2568 897 2828 954 electione
2857 906 2911 954 et
2940 901 3259 956 attentione.

2047 983 2250 1040 Mediae
2284 989 2425 1042 sunt
2455 985 2639 1041 animi
2689 985 2992 1044 facultates
3042 987 3285 1045 attentio
3319 993 3375 1047 et
3404 990 3630 1063 electio,

1977 1074 2079 1128 sed
2110 1072 2313 1130 electio
2364 1074 2626 1131 actiones
2658 1075 2878 1149 dirigit,
2912 1078 3216 1151 utiturque
3264 1080 3486 1137 ratione
3515 1098 3635 1153 qua

1987 1163 2124 1234 quid
2158 1163 2472 1235 pulchrum
2505 1164 2581 1221 sit
2604 1165 2854 1234 judicat,
2887 1171 2943 1222 et
2972 1168 3232 1240 appetitu
3266 1169 3636 1227 desiderante

1981 1269 2049 1307 ea
2078 1269 2205 1324 qum
2236 1254 2618 1327 congruentia
2640 1255 2750 1310 sibi
2776 1260 2916 1310 sunt
2942 1260 2999 1311 et
3028 1257 3199 1321 bona.
3225 1275 3352 1330 quae
3380 1275 3511 1316 vero
3541 1260 3638 1316 de-

1984 1341 2208 1411 ficiunt,
2232 1359 2466 1414 semper
2513 1343 2789 1400 studente
2820 1344 3116 1417 supplere.
3149 1345 3408 1420 Utroque
3457 1348 3640 1421 igitur

1981 1428 2181 1486 electio
2218 1437 2466 1499 constat,
2492 1432 2719 1488 ratione
2747 1437 2805 1489 et
2834 1433 3120 1505 appetitu.
3152 1435 3408 1493 Attentio
3440 1442 3638 1493 autem

1983 1522 2072 1574 est
2100 1536 2218 1590 qua
2260 1521 2628 1578 attendimus
2656 1523 2727 1577 ad
2762 1522 3021 1579 actiones
3051 1540 3200 1594 quas
3253 1524 3638 1599 suscipimus,

1981 1613 2039 1663 et
2069 1609 2141 1664 ad
2173 1609 2349 1666 verba
2387 1627 2511 1681 quae
2558 1610 2876 1683 loquimur.
2911 1611 3041 1668 Haec
3073 1614 3426 1686 quandoque
3457 1614 3642 1671 animi

1982 1712 2175 1754 mores
2205 1697 2565 1772 speculatur,
2599 1699 2801 1771 quales
2834 1700 2961 1756 sint
2988 1706 3046 1757 et
3075 1703 3370 1775 quomddo
3395 1703 3547 1760 inter
3576 1720 3643 1762 se

1981 1792 2315 1861 congruant
2344 1804 2358 1844 :
2394 1790 2520 1861 jam
2568 1789 2821 1846 animale
2851 1790 3203 1862 considerat,
3229 1796 3286 1848 et
3317 1793 3459 1866 quid
3492 1794 3640 1850 illud

1983 1882 2138 1950 agat,
2171 1878 2342 1933 ubive
2401 1883 2601 1951 peccet
2636 1880 2725 1936 vel
2782 1879 3004 1953 aliquid
3060 1881 3315 1939 omittat.
3348 1882 3638 1942 Caeterum

216 1964 419 2044 ϐαίνει,
448 1969 539 2025 καὶ
568 1968 622 2024 τί
659 1966 926 2027 ἐλλείπει.
959 1967 1107 2025 Μέσα
1138 1967 1196 2025 δέ
1236 1969 1340 2025 εἷ’σι
1386 1970 1476 2025 καὶ
1502 1970 1568 2026 τὰ
1614 1973 1721 2025 τῶν
1775 1991 1859 2044 μα-

1986 1967 2162 2023 medii
2192 1967 2426 2039 generis
2456 1968 2633 2025 etiam
2682 1973 2824 2027 sunt
2872 1970 3299 2027 mathematicae
3353 1973 3638 2031 exercita-

220 2060 484 2134 θημάτων
539 2059 848 2133 ἀσκήματα,
904 2060 994 2114 καὶ
1049 2058 1117 2114 τὰ
1169 2063 1278 2115 τῶν
1350 2064 1691 2135 καθαρτικῶν
1749 2061 1867 2137 ἀρε-

205 2153 313 2203 τῶν
373 2145 804 2223 ἐπιτηδεύματα.
858 2146 1009 2206 Μέσα
1061 2145 1119 2204 δέ
1188 2146 1434 2225 λέγονται
1501 2150 1575 2212 ὡς
1657 2150 1853 2224 μεταξὺ

206 2237 432 2313 κείμενα
452 2241 563 2293 τῶν
589 2241 794 2314 νοερῶν
826 2235 1010 2314 λόγων
1039 2236 1129 2293 καὶ
1158 2242 1267 2294 τῶν
1302 2235 1659 2310 δοξαστικῶν.

216 2347 323 2419 μζ.
360 2344 602 2423 Πότερον
632 2346 669 2417 ἡ
702 2344 857 2423 ψυχὴ
892 2342 1086 2423 Δλύεται
1133 2344 1241 2423 ἀπὸ
1277 2350 1373 2401 τοῦ
1422 2346 1699 2422 σώματος,
1732 2347 1769 2417 ἢ
1796 2346 1861 2403 τὸ

692 2417 852 2492 σῶμα
884 2417 988 2472 ἀπὸ
1018 2424 1118 2488 τῆς
1151 2421 1337 2493 ψυχῆς
1368 2437 1384 2489 ;

269 2504 399 2564 Ἐπὶ
463 2505 558 2580 μὲν
614 2510 713 2562 τοῦ
771 2510 999 2586 φυσικοῦ
1057 2508 1309 2577 θανάτου,
1341 2508 1403 2562 τὸ
1458 2512 1618 2582 σῶμα
1669 2505 1863 2584 λύεται

203 2596 311 2651 ἀπὸ
339 2602 445 2667 τῆς
476 2599 686 2673 ψυχῆς,
716 2593 805 2652 ἐπὶ
836 2594 895 2652 δὲ
922 2600 1019 2652 τοῦ
1048 2601 1248 2667 νοητοῦ
1294 2598 1329 2669 ἡ
1378 2598 1531 2674 ψυχὴ
1592 2597 1698 2652 ἀπὸ
1753 2602 1851 2653 τοῦ

200 2686 579 2760 σώματος.Ἦ
641 2686 735 2759 μὲν
793 2687 897 2761 γὰρ
952 2685 1108 2764 φύσις
1166 2683 1326 2757 ἔδησε
1354 2686 1416 2743 τὸ
1465 2691 1625 2760 σῶμα
1682 2685 1733 2741 έν
1784 2690 1852 2761 τῇ

196 2778 382 2851 ψυχῇ.
412 2773 482 2830 Εἴ
523 2774 615 2848 μέν
647 2774 748 2851 γὰρ
776 2774 1062 2851 κατείχετο
1090 2776 1153 2831 τὸ
1184 2780 1345 2850 σῶμα
1375 2776 1479 2831 ὑπὸ
1507 2784 1608 2847 τῆς
1649 2780 1859 2852 ψυχῆς,

198 2865 261 2919 οὗ
311 2860 609 2920 διαλέλυτο
667 2865 751 2922 ἄν.
809 2866 968 2930 ’Ὀθεν
1027 2864 1079 2920 ἐν
1136 2868 1217 2938 τῶ
1273 2864 1484 2940 Θανάτῳ
1542 2865 1730 2921 λύεται
1793 2867 1858 2922 τὸ

198 2958 367 3029 σῶμα
400 2954 505 3008 ἀπὸ
533 2960 634 3024 τῆς
662 2955 870 3030 ψυχῆς.
901 2956 965 3010 Ἠ
996 2951 1054 3010 δὲ
1082 2958 1236 3032 ψυχὴ
1286 2950 1474 3027 ἔδησεν
1533 2956 1727 3025 ἑαυτὴν
1774 2960 1857 3029 τῷ

203 3043 428 3117 σώματι
463 3040 551 3098 διὰ
579 3047 687 3099 τῶν
717 3048 925 3109 παθῶν.
956 3044 1021 3100 Ἣ
1052 3042 1143 3100 οῦν
1177 3046 1330 3121 ψυχὴ
1363 3045 1561 3114 ἑαυτὴν
1594 3043 1713 3101 λύει
1754 3045 1861 3100 ἀπὸ

198 3132 299 3188 τοῦ
330 3134 611 3207 σώματος.
643 3133 757 3191 Καὶ
788 3135 823 3204 ἡ
859 3134 954 3208 μὲν
987 3135 1142 3210 ψυχῆ
1205 3133 1342 3209 μέση
1398 3132 1508 3189 ἐστὶ
1570 3137 1666 3204 τῆς
1725 3134 1864 3208 ἀμε-

200 3223 397 3298 ρίστου
454 3223 543 3277 καὶ
599 3227 701 3293 τῆς
761 3230 1023 3299 μεριστῆς
1081 3222 1289 3287 οὐσίας.
1328 3220 1463 3279 Οὔτε
1527 3224 1630 3301 γὰρ
1690 3225 1862 3279 καθα-

198 3316 314 3385 ρῶς
347 3309 490 3366 ἐστιν
522 3311 815 3385 ἀμέριστος
864 3312 893 3367 ὁ
930 3315 1088 3379 νοῦς,
1121 3306 1244 3366 οὕτε
1299 3311 1472 3382 πάντη
1535 3312 1768 3389 ἀμερὴς,
1796 3313 1859 3368 τὸ

200 3405 366 3473 σῶμα
400 3398 459 3455 δὲ
500 3398 674 3471 πάντη
732 3402 1006 3476 μεριστόν.
1040 3400 1142 3458 Καὶ
1198 3402 1253 3455 αἱ
1308 3400 1600 3473 ποιότητες
1652 3402 1742 3458 καὶ
1793 3403 1861 3458 τὰ

196 3482 370 3544 ἔνυλα
431 3484 549 3560 εἴδη
602 3487 727 3563 περὶ
769 3489 1037 3562 τὸισῶμα
1089 3490 1336 3565 μεριστὰ,
1381 3489 1472 3545 καὶ
1529 3488 1705 3545 πάντα
1766 3491 1861 3566 μὶν

197 3576 253 3632 έν
280 3583 469 3635 πᾶσιν.
502 3575 664 3633 Ἀλλ’
694 3579 722 3631 ὁ
755 3578 851 3651 μὶν
898 3583 1029 3642 νοῦς
1069 3583 1272 3656 νοερῶς
1324 3574 1440 3655 ἔχει
1487 3579 1680 3638 πάντα.
1711 3580 1774 3636 Ἡ
1804 3578 1863 3636 δὲ

195 3667 358 3744 ψυχὴ
415 3664 681 3741 λογικῶς.
737 3668 811 3722 Τὸ
868 3664 926 3722 δὲ
983 3667 1147 3746 φυτὸν
1223 3673 1626 3744 σπερματικῶς,
1682 3670 1745 3724 τὸ
1804 3666 1862 3724 δὲ

196 3760 367 3828 σῶμα
395 3757 464 3810 τὰ
492 3751 697 3811 εἴδωλα
724 3753 842 3833 ἔχει
870 3761 978 3812 τῶν
1011 3752 1205 3829 ὄντων,
1229 3757 1257 3812 ὁ
1280 3755 1339 3813 δὲ
1367 3759 1497 3822 Θεὸς
1529 3758 1860 3831 ἀνεννοήτως

193 3844 289 3900 καὶ
318 3845 686 3921 ὑπερουσίως.

767 3936 881 4009 μη’.
894 3934 1045 4013 ’Περὶ
1075 3933 1302 4011 ἀρετῶν.

272 4026 443 4099 Τρεῖς
474 4025 647 4098 τάξεις
680 4022 784 4079 εἶσὶ
838 4029 946 4080 τῶν
999 4025 1226 4100 ἀρετῶν.
1259 4027 1329 4082 At
1390 4026 1485 4099 μὶν
1533 4024 1636 4102 γὰρ
1687 4024 1862 4082 αὐτῶν

172 4118 456 4186 κυαμοῦσι
506 4115 597 4170 τὸν
648 4111 934 4190 ἄνθρωπον
964 4115 998 4185 ἢ
1030 4116 1130 4185 τήν
1178 4119 1275 4170 τοῦ
1324 4116 1578 4189 σώματος
1640 4116 1851 4191 ψυχὴν,

178 4203 237 4256 αἱ
267 4200 333 4259 δὲ
375 4202 693 4278 καθαίρουσι
735 4204 838 4273 τήν
893 4206 1078 4281 ψυχὴν
1140 4204 1244 4260 ἀπὸ
1300 4202 1398 4261 τοῦ
1457 4205 1733 4279 σώματος,
1766 4204 1857 4260 καὶ

179 4292 573 4371 ἐπιστρέφουσι
632 4294 771 4370 πρὸς
829 4294 1048 4365 ἑαυτήν,
1108 4294 1308 4359 α’ίτινες
1371 4295 1462 4351 καὶ
1528 4296 1853 4371 καθαρτικαὶ

181 4382 519 4441 καλοῦνται.
569 4383 639 4441 Αἱ
690 4381 752 4439 δὲ
813 4382 1038 4447 τελείως
1086 4390 1433 4459 καθαρθεῖσαι
1488 4385 1588 4455 τὴν
1643 4386 1860 4462 ψυχὴν,

186 4471 622 4548 ἀπασχολοῦσιν
654 4471 730 4536 εἷς
771 4473 1000 4551 θεωρίαν
1050 4479 1175 4530 τῶν
1203 4479 1441 4546 νοητῶν,
1472 4473 1673 4540 α’ίτινες
1730 4487 1861 4540 θεω-

188 4562 428 4637 ρητικαὶ
513 4562 606 4618 καὶ
686 4563 869 4637 νοεραῖ
949 4563 1332 4638 ὀνομάζονται.
1394 4566 1494 4622 Καὶ
1555 4561 1700 4637 ἄλλη
1764 4566 1858 4640 μὶν

176 4651 356 4727 ἀρετή
392 4648 734 4723 θεοῦρᾶλλη
770 4649 835 4708 δὲ
864 4651 1117 4730 ἀγγέλου,
1150 4650 1296 4724 ἄλλη
1331 4651 1390 4710 δὲ
1420 4654 1736 4730 ἀνθρώπου.
1771 4655 1862 4719 Ὠς

1980 2055 2192 2128 tiones,
2224 2060 2281 2112 et
2329 2058 2733 2130 purgatorium
2775 2058 3059 2115 virtutum
3113 2060 3399 2132 studium,
3431 2062 3640 2118 dicun-

1976 2149 2192 2218 turque
2226 2147 2402 2202 medii
2434 2146 2685 2220 generis,
2719 2148 2861 2220 quia
2899 2148 3093 2205 media
3123 2148 3244 2206 haec
3276 2150 3469 2223 posita
3497 2155 3643 2209 sunt

1977 2234 2133 2292 inter
2161 2234 2564 2309 intelligibiles
2593 2241 2649 2294 et
2680 2236 3007 2311 opinabiles
3039 2238 3319 2296 rationes.

2120 2343 2209 2397 47.
2244 2341 2433 2401 Utrum
2461 2359 2657 2416 corpus
2690 2345 2903 2420 anima,
2936 2361 3007 2401 an
3048 2346 3241 2402 anima
3268 2362 3500 2420 corpore

2663 2417 2917 2472 solvatur
2935 2420 2961 2470 γ

2051 2501 2314 2561 Naturali
2346 2507 2532 2560 morte
2563 2521 2777 2577 corpus
2818 2505 2889 2561 ab
2944 2505 3162 2575 anima,
3196 2507 3298 2563 sed
3330 2510 3517 2565 morte
3547 2507 3642 2565 in-

1976 2591 2272 2665 telligibili
2324 2593 2522 2650 anima
2567 2593 2810 2650 solvitur
2842 2613 2875 2650 a
2913 2612 3177 2668 corpore.
3209 2596 3433 2655 Natura
3479 2598 3639 2658 enim

1978 2697 2192 2754 corpus
2244 2682 2452 2737 animae
2494 2682 2775 2755 alligavit.
2807 2687 2938 2740 Jam
2971 2685 3019 2740 si
3051 2700 3267 2757 corpus
3316 2687 3387 2744 ab
3438 2687 3638 2746 animo.

1976 2773 2298 2838 teneretur,
2332 2787 2447 2825 non
2470 2770 2812 2828 solveretur.
2843 2771 3102 2828 Solvitur
3133 2772 3334 2845 itaque
3363 2773 3421 2829 in
3448 2777 3639 2832 morte

1979 2860 2051 2915 ab
2073 2859 2273 2915 anima
2294 2876 2528 2932 corpus.
2550 2862 2620 2916 At
2639 2861 2793 2916 enim
2815 2861 3012 2917 anima
3034 2878 3098 2918 se
3122 2861 3380 2934 alligavit
3403 2863 3641 2937 corpori

1978 2965 2080 3021 per
2110 2948 2372 3017 allectus,
2399 2950 2807 3022 animajgitur
2833 2949 3010 3006 etiam
3042 2950 3298 3022 seipsam
3331 2969 3365 3008 a
3395 2968 3637 3026 corpore

1978 3038 2153 3094 solvit
2182 3055 2247 3094 ac
2278 3038 2510 3095 liberat.
2539 3042 2608 3095 Et
2645 3039 2844 3096 anima
2874 3039 3111 3110 quidem
3144 3041 3337 3098 media
3363 3045 3454 3098 est
3482 3041 3640 3100 inter

1978 3128 2296 3184 essentiam
2322 3128 2402 3184 im
2414 3129 2745 3201 partibilem
2768 3130 3244 3204 partibilemque,
3266 3147 3454 3204 neque
3477 3132 3634 3189 enim

1980 3233 2148 3273 mens
2206 3233 2348 3290 pure
2406 3218 2806 3289 impartibilis,
2842 3233 3030 3291 neque
3087 3220 3347 3292 partium
3395 3221 3635 3278 omnino

1980 3323 2184 3380 expers
2214 3311 2328 3373 est,
2360 3324 2572 3380 corpus
2621 3312 2815 3364 autem
2847 3308 3088 3364 omnino
3120 3314 3208 3365 est
3239 3309 3531 3382 partibile.
3567 3311 3634 3367 Et

1972 3396 2286 3467 qualitates
2316 3397 2660 3470 speciesque
2708 3397 3040 3454 materiales
3070 3397 3131 3454 in
3172 3416 3414 3472 corpore
3449 3401 3631 3474 parti-

1967 3486 2115 3542 biles
2163 3491 2306 3543 sunt
2338 3487 2556 3559 quaevis
2596 3488 2654 3542 in
2686 3487 3071 3559 quibuslibet.
3105 3488 3218 3544 Sed
3267 3506 3436 3546 mens
3463 3508 3626 3564 quae-

1967 3593 2201 3650 cunque
2229 3578 2426 3645 habet,
2451 3577 2627 3634 habet
2652 3577 3032 3649 intelligibili,
3055 3579 3255 3636 anima
3286 3580 3627 3637 rationabili

1968 3669 2215 3735 ratione,
2273 3668 2475 3740 planta
2520 3683 2655 3724 vero
2706 3666 3093 3724 seminaliter.
3126 3668 3350 3741 Corpus
3402 3670 3630 3728 entium

1967 3759 2240 3814 umbram
2271 3757 2709 3830 imaginemque
2737 3757 2932 3824 refert,
2958 3757 3111 3813 Deus
3135 3774 3268 3814 vero
3292 3775 3473 3831 supra
3501 3768 3625 3817 om-

1967 3863 2100 3903 nem
2133 3846 2496 3903 intellectum
2531 3850 2589 3902 et
2626 3845 2943 3902 essentiam
2974 3850 3065 3902 est
3094 3848 3477 3904 constitutus.

2525 3934 2611 3991 48.
2645 3936 2719 3991 οε
2748 3936 3069 3991 virtutibus.

2036 4026 2177 4083 Tres
2217 4029 2359 4083 sunt
2404 4024 2640 4082 ordines
2671 4024 2972 4082 virtutum.
3006 4025 3149 4083 Alia:
3200 4031 3486 4084 exornant
3516 4027 3626 4084 ho-

1968 4116 2188 4174 minem
2231 4116 2353 4172 sive
2400 4115 2661 4172 animam
2692 4115 2920 4188 corpori
2962 4115 3256 4186 junctam.
3290 4116 3435 4174 Aliae
3484 4134 3622 4190 pur-

1969 4212 2111 4281 gant
2148 4207 2408 4264 animam
2439 4225 2474 4264 ο.
2500 4223 2763 4280 corpore,
2793 4211 2852 4263 et
2879 4206 2941 4262 in
2973 4207 3229 4279 seipsam
3283 4208 3489 4264 reverti
3521 4209 3623 4266 do-

1970 4301 2123 4366 cent,
2154 4301 2555 4369 vocanturque
2602 4297 2974 4371 purgatoriaa.
3012 4297 3156 4353 Alite
3206 4298 3457 4369 perfecte
3487 4315 3626 4372 pur-

1969 4393 2164 4462 gatam
2196 4391 2455 4446 animam
2485 4388 2731 4446 trahunt
2760 4390 2834 4446 ad
2875 4387 3431 4460 contemplatiOnem
3460 4389 3628 4447 intel-

1966 4477 2305 4551 ligihilium,
2337 4484 2396 4536 et
2445 4479 2724 4537 dicuntur
2766 4478 3100 4536 theoreticre
3136 4483 3311 4552 atque
3358 4480 3622 4537 intellec-

1968 4567 2177 4626 tuales.
2211 4568 2342 4626 Alia
2370 4586 2544 4643 porro
2593 4568 2781 4626 virtus
2827 4572 2918 4626 est
2963 4567 3087 4635 Dei,
3122 4567 3312 4641 angeli
3343 4568 3480 4639 alia,
3511 4569 3627 4627 alia

1969 4656 2248 4714 hominis.
2281 4657 2354 4714 Ut
2382 4658 2540 4714 enim
2569 4657 2837 4715 essentia
2868 4661 3010 4714 sunt
3039 4658 3301 4728 diversae,
3334 4658 3417 4713 ita
3445 4659 3624 4715 etiam

175 4743 291 4816 γὰρ
324 4740 386 4795 αἱ
420 4739 602 4796 οὐσίαι
647 4740 825 4796 αὐτῶν
875 4738 1150 4821 διάφοροι,
1196 4742 1344 4798 οὕτω
1392 4743 1482 4798 καὶ
1533 4743 1587 4798 αἱ
1646 4742 1851 4820 ἀρεταί.

1979 4744 2229 4803 rirtutes.
2256 4750 2443 4818 Atque
2473 4746 2672 4803 anima
2700 4747 2936 4819 proprie
2962 4750 3052 4801 est
3083 4746 3417 4818 diciturque
3446 4747 3624 4803 ratio-

179 4829 295 4887 Καὶ
351 4829 510 4905 ψυχὴ
568 4829 666 4903 μὲν
712 4829 914 4902 κυρίως
942 4833 976 4901 ἡ
1011 4829 1212 4907 λογική
1249 4830 1360 4887 ἐστί
1387 4853 1447 4887 τε
1501 4832 1593 4888 καὶ
1650 4831 1860 4906 ὀνομά-

183 4925 368 4989 ζεται,
398 4920 463 4973 τὸ
493 4915 552 4973 δὲ
588 4919 721 4993 ὑπὲρ
768 4920 868 4989 τήν
915 4922 1124 4996 ψυχὴν,
1156 4924 1305 4983 νοῦς.
1337 4922 1408 4976 Τὸ
1459 4919 1518 4976 δὲ
1574 4922 1708 4995 μετά
1754 4923 1853 4993 τήν

181 5006 435 5082 λογικήν
478 5006 930 5084 ψυχήν,’”ἆλογος
958 5011 1157 5087 ψυχὴ,
1206 5010 1296 5065 καὶ
1355 5009 1586 5067 εἴδωλον
1645 5015 1853 5088 ψυχῆς.

180 5101 407 5161 Iliam;
467 5096 525 5154 δὲ
563 5106 684 5162 ταῖς
727 5105 836 5156 τῶν
878 5100 1126 5178 ἀγγέλων
1173 5101 1382 5173 τάξεσιν
1427 5105 1462 5173 ἡ
1495 5103 1658 5179 ἀρετή
1717 5124 1855 5176 συμ-

174 5187 465 5265 πρόεισιν,
498 5186 701 5253 ἄνωθεν
760 5190 866 5245 ἀπὸ
922 5195 1029 5246 τῶν
1096 5193 1363 5268 σεραφεῖμ
1414 5193 1731 5269 ἀρχομένη.
1784 5193 1853 5251 Ὃ

173 5279 289 5355 γὰρ
322 5278 460 5339 Θεὸς
507 5277 598 5333 καὶ
630 5278 1103 5355 ἐπέκειναάρετῆς
1131 5279 1219 5335 καὶ
1249 5281 1452 5345 παντὸς
1512 5281 1712 5357 ἀγαθοῦ
1761 5281 1853 5337 καὶ

172 5369 379 5438 πάσης
405 5363 784 5440 τελειότητος.

754 5482 861 5551 μθ¹.
887 5474 1026 5553 Περὶ
1060 5477 1288 5552 ἀρετῶν.

252 5565 356 5640 Ἓξ
391 5564 525 5622 εἰσὶν
564 5566 617 5622 οἱ
646 5571 756 5623 τῶν
786 5566 991 5644 ἀρετῶν
1046 5567 1269 5643 βαθμοί.
1302 5572 1456 5622 Ἔστι
1503 5569 1606 5645 γὰρ
1660 5569 1696 5639 ἡ
1755 5567 1849 5643 μέν

178 5677 277 5719 τις
325 5656 529 5734 φυσική
588 5656 780 5731 ἀρετὴ,
811 5655 933 5727 ἥτις
962 5656 1049 5713 καὶ
1084 5654 1389 5732 ἐν-θηρίοις
1430 5657 1753 5733 εὑρίσκεται.
1787 5657 1852 5716 Ἡ

182 5743 248 5801 δὲ
282 5744 481 5814 ἠθικὴ,
511 5745 575 5815 ἢν
607 5739 738 5800 ἔνιοι
768 5744 860 5801 καὶ
887 5745 996 5801 τῶν
1032 5740 1371 5801 ἀπαιδεύτων
1422 5742 1665 5821 ἔχουσιν.
1699 5746 1763 5803 Ἢ
1796 5743 1853 5802 δὲ

182 5826 533 5905 πολιτικὴ
565 5834 701 5909 μετᾶ
728 5830 896 5912 λόγου
925 5834 1020 5889 καὶ
1059 5835 1377 5912 φρονήσεως
1421 5833 1849 5913 κατορθουμὲνη.

1971 4835 2207 4906 nabilis,
2229 4840 2287 4891 et
2315 4836 2470 4906 quod
2503 4851 2683 4907 supra
2703 4833 2960 4891 animam
2994 4838 3103 4902 est,
3129 4851 3297 4890 mens
3328 4839 3422 4891 est
3447 4839 3623 4906 atque

1965 4924 2317 4981 intellectus.
2353 4924 2510 4979 Infra
2540 4922 2801 4979 animam
2833 4922 3240 4978 rationabilem
3274 4928 3362 4978 est
3390 4923 3622 4979 irratio-

1966 5012 2182 5070 nabilis
2219 5012 2437 5079 anima,
2472 5012 2800 5083 animaeque
2830 5010 3025 5083 imago
3055 5011 3177 5066 sive
3222 5010 3466 5066 idolum.
3501 5019 3620 5066 An-

1964 5099 2230 5173 gelorum
2263 5101 2571 5156 ordinibus
2599 5099 3051 5170 quibuscunque
3080 5098 3153 5153 ab
3178 5097 3484 5169 Seraphim
3521 5115 3620 5153 us-

1964 5207 2079 5262 que
2136 5190 2543 5246 descendendo
2598 5189 2844 5245 virtutes
2902 5204 3020 5243 suae
3077 5192 3429 5260 congruunt.
3463 5186 3620 5243 Deus

1963 5280 2144 5336 etiam
2191 5295 2373 5351 supra
2401 5278 2676 5334 virtutem
2707 5281 2766 5333 et
2792 5277 3015 5333 bonum
3046 5292 3222 5334 omne
3262 5280 3439 5348 atque
3489 5293 3619 5349 per-

1963 5368 2214 5426 fectione
2242 5366 2404 5424 omni
2433 5371 2525 5424 est
2554 5365 2845 5439 superior.

2514 5475 2604 5530 49.
2635 5475 2709 5531 De
2738 5473 3060 5532 virtutibus.

2033 5566 2146 5623 Sex
2201 5569 2339 5621 sunt
2379 5562 2665 5621 virtutum
2723 5566 2962 5637 gradus.
2994 5562 3141 5619 Nam
3199 5561 3373 5619 datur
3430 5563 3616 5623 virtus

1961 5656 2225 5731 physica,
2259 5654 2453 5729 qualis
2484 5658 2541 5710 et
2583 5654 2645 5710 in
2674 5653 2879 5711 bestiis
2910 5651 3222 5726 reperitur,
3243 5657 3369 5709 tum
3401 5655 3613 5723 ethice,

1962 5764 2089 5820 qum
2118 5746 2292 5803 etiam
2325 5748 2416 5801 est
2444 5743 2505 5800 in
2537 5742 2881 5802 hominibus
2929 5742 3094 5801 nulla
3123 5742 3392 5800 doctrina
3418 5743 3615 5800 imbu-

1961 5837 2069 5906 tis;
2104 5841 2281 5908 atque
2313 5833 2571 5908 politica,
2596 5850 2724 5907 qua:
2747 5834 2972 5891 ratione
3003 5839 3061 5891 et
3090 5832 3401 5907 prudentia
3432 5835 3620 5892 utitur
