  <div class='ocr_page' id='page_1' title='image "/cluster/home/n/w/nwhite01/storage/ocr_20150623/122/hvd.32044073502452/367.png"; bbox 0 0 4072 6346; ppageno 0'>
   <div class='ocr_carea' id='block_1_1' title="bbox 483 427 602 488">
    <p class='ocr_par' dir='ltr' id='par_1_1' title="bbox 483 427 602 488">
     <span class='ocr_line' id='line_1_1' title="bbox 483 427 602 488; baseline 0.017 -3"><span class='ocrx_word' id='word_1_1' title='bbox 483 427 602 488; x_wconf 82' lang='grc'><strong>719</strong></span> 
     </span>
    </p>
   </div>
   <div class='ocr_carea' id='block_1_2' title="bbox 1823 408 2563 481">
    <p class='ocr_par' dir='ltr' id='par_1_2' title="bbox 1823 408 2563 481">
     <span class='ocr_line' id='line_1_2' title="bbox 1823 408 2563 481; baseline 0.009 -6"><span class='ocrx_word' id='word_1_2' title='bbox 1823 408 2241 476; x_wconf 85' lang='lat' dir='ltr'><strong>MICHAELIS</strong></span> <span class='ocrx_word' id='word_1_3' title='bbox 2288 410 2563 481; x_wconf 89' lang='lat' dir='ltr'><strong>PSELLI</strong></span> 
     </span>
    </p>
   </div>
   <div class='ocr_carea' id='block_1_3' title="bbox 3785 421 3904 481">
    <p class='ocr_par' dir='ltr' id='par_1_3' title="bbox 3785 421 3904 481">
     <span class='ocr_line' id='line_1_3' title="bbox 3785 421 3904 481; baseline 0 -1"><span class='ocrx_word' id='word_1_4' title='bbox 3785 421 3904 481; x_wconf 79' lang='lat'><strong>720</strong></span> 
     </span>
    </p>
   </div>
   <div class='ocr_carea' id='block_1_4' title="bbox 483 544 2159 633">
    <p class='ocr_par' dir='ltr' id='par_1_4' title="bbox 483 551 2145 629">
     <span class='ocr_line' id='line_1_4' title="bbox 483 551 2145 629; baseline -0.01 -11"><span class='ocrx_word' id='word_1_5' title='bbox 483 563 560 617; x_wconf 87' lang='lat' dir='ltr'><strong>ad</strong></span> <span class='ocrx_word' id='word_1_6' title='bbox 593 563 748 616; x_wconf 87' lang='lat' dir='ltr'><strong>recte</strong></span> <span class='ocrx_word' id='word_1_7' title='bbox 798 555 1123 629; x_wconf 85' lang='lat' dir='ltr'><strong>agendum;</strong></span> <span class='ocrx_word' id='word_1_8' title='bbox 1159 551 1518 624; x_wconf 85' lang='lat' dir='ltr'><strong>purgatoria,</strong></span> <span class='ocrx_word' id='word_1_9' title='bbox 1553 567 1678 622; x_wconf 82' lang='lat' dir='ltr'><strong>quae</strong></span> <span class='ocrx_word' id='word_1_10' title='bbox 1709 551 1779 606; x_wconf 90' lang='lat' dir='ltr'><strong>ab</strong></span> <span class='ocrx_word' id='word_1_11' title='bbox 1839 551 2145 606; x_wconf 86' lang='lat' dir='ltr'><strong>atfectibus</strong></span> 
     </span>
    </p>
   </div>
   <div class='ocr_carea' id='block_1_5' title="bbox 2274 544 3904 633">
    <p class='ocr_par' dir='ltr' id='par_1_5' title="bbox 2274 546 3904 633">
     <span class='ocr_line' id='line_1_5' title="bbox 2274 546 3904 633; baseline 0.006 -33"><span class='ocrx_word' id='word_1_12' title='bbox 2274 553 2318 600; x_wconf 88' lang='grc' dir='ltr'>Η</span> <span class='ocrx_word' id='word_1_13' title='bbox 2374 546 2431 603; x_wconf 75' lang='grc' dir='ltr'><strong>δὲ</strong></span> <span class='ocrx_word' id='word_1_14' title='bbox 2485 560 2807 632; x_wconf 80' lang='grc' dir='ltr'>καθαρτικὴ,</span> <span class='ocrx_word' id='word_1_15' title='bbox 2841 560 2876 626; x_wconf 76' lang='grc' dir='ltr'>ἡ</span> <span class='ocrx_word' id='word_1_16' title='bbox 2931 557 3261 633; x_wconf 73' lang='grc' dir='ltr'>καθαίρουσα</span> <span class='ocrx_word' id='word_1_17' title='bbox 3313 556 3406 610; x_wconf 83' lang='grc' dir='ltr'><strong>τὸν</strong></span> <span class='ocrx_word' id='word_1_18' title='bbox 3461 555 3744 630; x_wconf 75' lang='grc' dir='ltr'>ἄνθρωπον</span> <span class='ocrx_word' id='word_1_19' title='bbox 3799 555 3904 609; x_wconf 76' lang='grc' dir='ltr'><strong>ἀπὸ</strong></span> 
     </span>
    </p>
   </div>
   <div class='ocr_carea' id='block_1_6' title="bbox 456 639 2146 714">
    <p class='ocr_par' dir='ltr' id='par_1_6' title="bbox 456 639 2146 714">
     <span class='ocr_line' id='line_1_6' title="bbox 456 639 2146 714; baseline -0.008 -8"><span class='ocrx_word' id='word_1_20' title='bbox 456 706 464 714; x_wconf 89' lang='lat'><em>_</em></span> <span class='ocrx_word' id='word_1_21' title='bbox 491 651 769 706; x_wconf 89' lang='lat' dir='ltr'><strong>omnibus</strong></span> <span class='ocrx_word' id='word_1_22' title='bbox 798 643 1096 701; x_wconf 88' lang='lat' dir='ltr'><strong>hominem</strong></span> <span class='ocrx_word' id='word_1_23' title='bbox 1120 641 1360 708; x_wconf 83' lang='lat' dir='ltr'><strong>liberat;</strong></span> <span class='ocrx_word' id='word_1_24' title='bbox 1390 639 1710 695; x_wconf 89' lang='lat' dir='ltr'><strong>theoretica</strong></span> <span class='ocrx_word' id='word_1_25' title='bbox 1733 656 1860 711; x_wconf 76' lang='lat' dir='ltr'><strong>quaa</strong></span> <span class='ocrx_word' id='word_1_26' title='bbox 1891 643 2146 694; x_wconf 87' lang='lat' dir='ltr'><strong>mentem</strong></span> 
     </span>
    </p>
   </div>
   <div class='ocr_carea' id='block_1_7' title="bbox 492 727 2148 808">
    <p class='ocr_par' dir='ltr' id='par_1_7' title="bbox 492 727 2148 808">
     <span class='ocr_line' id='line_1_7' title="bbox 492 727 2148 808; baseline -0.008 -14"><span class='ocrx_word' id='word_1_27' title='bbox 492 737 949 808; x_wconf 78' lang='lat' dir='ltr'><strong>contemplatur,</strong></span> <span class='ocrx_word' id='word_1_28' title='bbox 986 739 1045 788; x_wconf 90' lang='lat' dir='ltr'><strong>et</strong></span> <span class='ocrx_word' id='word_1_29' title='bbox 1074 731 1404 802; x_wconf 80' lang='lat' dir='ltr'><strong>Theurgica</strong></span> <span class='ocrx_word' id='word_1_30' title='bbox 1435 730 1710 800; x_wconf 85' lang='lat' dir='ltr'><strong>denique,</strong></span> <span class='ocrx_word' id='word_1_31' title='bbox 1743 746 1871 801; x_wconf 66' lang='lat' dir='ltr'><strong>quae</strong></span> <span class='ocrx_word' id='word_1_32' title='bbox 1901 728 1960 782; x_wconf 90' lang='lat' dir='ltr'>id</span> <span class='ocrx_word' id='word_1_33' title='bbox 1993 727 2148 800; x_wconf 90' lang='lat' dir='ltr'><strong>quod</strong></span> 
     </span>
    </p>
   </div>
   <div class='ocr_carea' id='block_1_8' title="bbox 489 819 2153 900">
    <p class='ocr_par' dir='ltr' id='par_1_8' title="bbox 489 819 2153 900">
     <span class='ocr_line' id='line_1_8' title="bbox 489 819 2153 900; baseline -0.007 -18"><span class='ocrx_word' id='word_1_34' title='bbox 489 844 551 900; x_wconf 76' lang='lat' dir='ltr'><strong>in</strong></span> <span class='ocrx_word' id='word_1_35' title='bbox 586 828 786 882; x_wconf 89' lang='lat' dir='ltr'><strong>anima</strong></span> <span class='ocrx_word' id='word_1_36' title='bbox 833 828 1036 879; x_wconf 86' lang='lat' dir='ltr'><strong>nostra</strong></span> <span class='ocrx_word' id='word_1_37' title='bbox 1076 823 1342 876; x_wconf 90' lang='lat' dir='ltr'><strong>divinum</strong></span> <span class='ocrx_word' id='word_1_38' title='bbox 1393 821 1646 874; x_wconf 79' lang='lat' dir='ltr'><strong>maxime</strong></span> <span class='ocrx_word' id='word_1_39' title='bbox 1695 824 1783 875; x_wconf 90' lang='lat' dir='ltr'><strong>est</strong></span> <span class='ocrx_word' id='word_1_40' title='bbox 1828 819 2062 886; x_wconf 80' lang='lat' dir='ltr'><strong>excitat,</strong></span> <span class='ocrx_word' id='word_1_41' title='bbox 2095 820 2153 872; x_wconf 83' lang='lat' dir='ltr'><strong>et</strong></span> 
     </span>
    </p>
   </div>
   <div class='ocr_carea' id='block_1_9' title="bbox 491 908 2150 987">
    <p class='ocr_par' dir='ltr' id='par_1_9' title="bbox 491 908 2150 987">
     <span class='ocr_line' id='line_1_9' title="bbox 491 908 2150 987; baseline -0.008 -14"><span class='ocrx_word' id='word_1_42' title='bbox 491 921 606 972; x_wconf 85' lang='lat' dir='ltr'><strong>Deo</strong></span> <span class='ocrx_word' id='word_1_43' title='bbox 653 915 768 987; x_wconf 88' lang='lat' dir='ltr'>ipsi</span> <span class='ocrx_word' id='word_1_44' title='bbox 819 913 971 974; x_wconf 79' lang='lat' dir='ltr'><strong>unit,</strong></span> <span class='ocrx_word' id='word_1_45' title='bbox 1007 912 1388 980; x_wconf 84' lang='lat' dir='ltr'><strong>divinumque</strong></span> <span class='ocrx_word' id='word_1_46' title='bbox 1436 909 1496 963; x_wconf 91' lang='lat' dir='ltr'><strong>in</strong></span> <span class='ocrx_word' id='word_1_47' title='bbox 1547 908 1745 964; x_wconf 90' lang='lat' dir='ltr'><strong>anima</strong></span> <span class='ocrx_word' id='word_1_48' title='bbox 1791 909 2046 962; x_wconf 88' lang='lat' dir='ltr'><strong>furorem</strong></span> <span class='ocrx_word' id='word_1_49' title='bbox 2094 909 2150 960; x_wconf 89' lang='lat' dir='ltr'><strong>et</strong></span> 
     </span>
    </p>
   </div>
   <div class='ocr_carea' id='block_1_10' title="bbox 493 993 2150 1068">
    <p class='ocr_par' dir='ltr' id='par_1_10' title="bbox 493 993 2150 1068">
     <span class='ocr_line' id='line_1_10' title="bbox 493 993 2150 1068; baseline -0.008 -7"><span class='ocrx_word' id='word_1_50' title='bbox 493 1005 970 1062; x_wconf 86' lang='lat' dir='ltr'><strong>enthusiasmum</strong></span> <span class='ocrx_word' id='word_1_51' title='bbox 997 1005 1208 1056; x_wconf 87' lang='lat' dir='ltr'><strong>movet.</strong></span> <span class='ocrx_word' id='word_1_52' title='bbox 1235 999 1459 1054; x_wconf 81' lang='lat' dir='ltr'><strong>Dantur</strong></span> <span class='ocrx_word' id='word_1_53' title='bbox 1482 999 1662 1053; x_wconf 88' lang='lat' dir='ltr'><strong>etiam</strong></span> <span class='ocrx_word' id='word_1_54' title='bbox 1687 1014 1866 1068; x_wconf 91' lang='lat' dir='ltr'><strong>supra</strong></span> <span class='ocrx_word' id='word_1_55' title='bbox 1889 995 1995 1050; x_wconf 89' lang='lat' dir='ltr'><strong>has</strong></span> <span class='ocrx_word' id='word_1_56' title='bbox 2023 993 2150 1048; x_wconf 75' lang='lat' dir='ltr'><strong>aliae</strong></span> 
     </span>
    </p>
   </div>
   <div class='ocr_carea' id='block_1_11' title="bbox 492 1085 2150 1159">
    <p class='ocr_par' dir='ltr' id='par_1_11' title="bbox 492 1085 2150 1159">
     <span class='ocr_line' id='line_1_11' title="bbox 492 1085 2150 1159; baseline -0.008 -9"><span class='ocrx_word' id='word_1_57' title='bbox 492 1093 869 1151; x_wconf 83' lang='lat' dir='ltr'><strong>sublimiores</strong></span> <span class='ocrx_word' id='word_1_58' title='bbox 900 1092 1168 1158; x_wconf 85' lang='lat' dir='ltr'><strong>virtutes,</strong></span> <span class='ocrx_word' id='word_1_59' title='bbox 1204 1105 1330 1159; x_wconf 72' lang='lat' dir='ltr'><strong>qua</strong></span> <span class='ocrx_word' id='word_1_60' title='bbox 1357 1094 1498 1143; x_wconf 88' lang='lat' dir='ltr'><strong>sunt</strong></span> <span class='ocrx_word' id='word_1_61' title='bbox 1527 1092 1870 1142; x_wconf 68' lang='lat' dir='ltr'><strong>caaterarum</strong></span> <span class='ocrx_word' id='word_1_62' title='bbox 1902 1085 2150 1139; x_wconf 86' lang='lat' dir='ltr'><strong>istarum</strong></span> 
     </span>
    </p>
   </div>
   <div class='ocr_carea' id='block_1_12' title="bbox 494 1176 2149 1256">
    <p class='ocr_par' dir='ltr' id='par_1_12' title="bbox 494 1176 2149 1256">
     <span class='ocr_line' id='line_1_12' title="bbox 494 1176 2149 1256; baseline -0.008 -17"><span class='ocrx_word' id='word_1_63' title='bbox 494 1183 782 1256; x_wconf 85' lang='lat' dir='ltr'><strong>exempla,</strong></span> <span class='ocrx_word' id='word_1_64' title='bbox 815 1197 1060 1253; x_wconf 60' lang='lat' dir='ltr'><strong>quisque</strong></span> <span class='ocrx_word' id='word_1_65' title='bbox 1109 1194 1344 1234; x_wconf 90' lang='lat' dir='ltr'><strong>omnem</strong></span> <span class='ocrx_word' id='word_1_66' title='bbox 1395 1176 1792 1231; x_wconf 80' lang='lat' dir='ltr'><strong>substantiam</strong></span> <span class='ocrx_word' id='word_1_67' title='bbox 1841 1188 2149 1245; x_wconf 85' lang='lat' dir='ltr'><strong>supergre-</strong></span> 
     </span>
    </p>
   </div>
   <div class='ocr_carea' id='block_1_13' title="bbox 451 1262 2150 1342">
    <p class='ocr_par' dir='ltr' id='par_1_13' title="bbox 451 1262 2150 1342">
     <span class='ocr_line' id='line_1_13' title="bbox 451 1262 2150 1342; baseline -0.008 -13"><span class='ocrx_word' id='word_1_68' title='bbox 451 1335 454 1338; x_wconf 21' lang='grc' dir='ltr'><strong>λ</strong></span> <span class='ocrx_word' id='word_1_69' title='bbox 496 1275 760 1342; x_wconf 88' lang='lat' dir='ltr'><strong>diuntur,</strong></span> <span class='ocrx_word' id='word_1_70' title='bbox 795 1287 982 1341; x_wconf 90' lang='lat' dir='ltr'><strong>neque</strong></span> <span class='ocrx_word' id='word_1_71' title='bbox 1027 1273 1166 1324; x_wconf 90' lang='lat' dir='ltr'><strong>sunt</strong></span> <span class='ocrx_word' id='word_1_72' title='bbox 1207 1267 1553 1330; x_wconf 83' lang='lat' dir='ltr'><strong>accidentia,</strong></span> <span class='ocrx_word' id='word_1_73' title='bbox 1585 1265 1669 1319; x_wconf 86' lang='lat' dir='ltr'><strong>uti</strong></span> <span class='ocrx_word' id='word_1_74' title='bbox 1723 1263 1936 1319; x_wconf 90' lang='lat' dir='ltr'><strong>accidit</strong></span> <span class='ocrx_word' id='word_1_75' title='bbox 1981 1262 2150 1316; x_wconf 90' lang='lat' dir='ltr'><strong>nobis</strong></span> 
     </span>
    </p>
   </div>
   <div class='ocr_carea' id='block_1_14' title="bbox 496 1350 2150 1426">
    <p class='ocr_par' dir='ltr' id='par_1_14' title="bbox 496 1350 2150 1426">
     <span class='ocr_line' id='line_1_14' title="bbox 496 1350 2150 1426; baseline -0.007 -8"><span class='ocrx_word' id='word_1_76' title='bbox 496 1367 737 1418; x_wconf 73' lang='lat' dir='ltr'><strong>czsteras</strong></span> <span class='ocrx_word' id='word_1_77' title='bbox 765 1361 1014 1416; x_wconf 84' lang='lat' dir='ltr'><strong>virtutes</strong></span> <span class='ocrx_word' id='word_1_78' title='bbox 1055 1360 1280 1426; x_wconf 80' lang='lat' dir='ltr'><strong>adesse,</strong></span> <span class='ocrx_word' id='word_1_79' title='bbox 1313 1371 1516 1410; x_wconf 89' lang='lat' dir='ltr'><strong>verum</strong></span> <span class='ocrx_word' id='word_1_80' title='bbox 1563 1359 1703 1410; x_wconf 88' lang='lat' dir='ltr'><strong>sunt</strong></span> <span class='ocrx_word' id='word_1_81' title='bbox 1749 1350 2150 1423; x_wconf 84' lang='lat' dir='ltr'><strong>intelligibiles</strong></span> 
     </span>
    </p>
   </div>
   <div class='ocr_carea' id='block_1_15' title="bbox 496 1444 1506 1523">
    <p class='ocr_par' dir='ltr' id='par_1_15' title="bbox 496 1444 1506 1523">
     <span class='ocr_line' id='line_1_15' title="bbox 496 1444 1506 1523; baseline -0.012 -14"><span class='ocrx_word' id='word_1_82' title='bbox 496 1457 554 1509; x_wconf 88' lang='lat' dir='ltr'><strong>et</strong></span> <span class='ocrx_word' id='word_1_83' title='bbox 584 1445 1188 1523; x_wconf 88' lang='lat' dir='ltr'><strong>supersubstantiales</strong></span> <span class='ocrx_word' id='word_1_84' title='bbox 1219 1444 1506 1500; x_wconf 65' lang='lat' dir='ltr'><strong>essentia.</strong></span> 
     </span>
    </p>
   </div>
   <div class='ocr_carea' id='block_1_16' title="bbox 1049 1555 1597 1612">
    <p class='ocr_par' dir='ltr' id='par_1_16' title="bbox 1049 1555 1597 1612">
     <span class='ocr_line' id='line_1_16' title="bbox 1049 1555 1597 1612; baseline -0.004 -2"><span class='ocrx_word' id='word_1_85' title='bbox 1049 1559 1140 1610; x_wconf 88' lang='grc'><strong>50.</strong></span> <span class='ocrx_word' id='word_1_86' title='bbox 1172 1557 1247 1612; x_wconf 79' lang='lat' dir='ltr'><strong>De</strong></span> <span class='ocrx_word' id='word_1_87' title='bbox 1274 1555 1597 1610; x_wconf 76' lang='lat' dir='ltr'><strong>virtutibus.</strong></span> 
     </span>
    </p>
   </div>
   <div class='ocr_carea' id='block_1_17' title="bbox 567 1639 2145 1715">
    <p class='ocr_par' dir='ltr' id='par_1_17' title="bbox 567 1639 2145 1715">
     <span class='ocr_line' id='line_1_17' title="bbox 567 1639 2145 1715; baseline -0.01 -7"><span class='ocrx_word' id='word_1_88' title='bbox 567 1655 708 1709; x_wconf 86' lang='lat' dir='ltr'><strong>Tres</strong></span> <span class='ocrx_word' id='word_1_89' title='bbox 769 1653 908 1706; x_wconf 88' lang='lat' dir='ltr'><strong>sunt</strong></span> <span class='ocrx_word' id='word_1_90' title='bbox 955 1647 1198 1702; x_wconf 83' lang='lat' dir='ltr'><strong>virtutes</strong></span> <span class='ocrx_word' id='word_1_91' title='bbox 1246 1661 1374 1715; x_wconf 70' lang='lat' dir='ltr'><strong>quae</strong></span> <span class='ocrx_word' id='word_1_92' title='bbox 1432 1643 1732 1698; x_wconf 86' lang='lat' dir='ltr'><strong>hominem</strong></span> <span class='ocrx_word' id='word_1_93' title='bbox 1791 1639 2145 1711; x_wconf 82' lang='lat' dir='ltr'><strong>perficiunt:</strong></span> 
     </span>
    </p>
   </div>
   <div class='ocr_carea' id='block_1_18' title="bbox 498 1728 2150 1810">
    <p class='ocr_par' dir='ltr' id='par_1_18' title="bbox 498 1728 2150 1810">
     <span class='ocr_line' id='line_1_18' title="bbox 498 1728 2150 1810; baseline -0.011 -11"><span class='ocrx_word' id='word_1_94' title='bbox 498 1743 782 1798; x_wconf 79' lang='lat' dir='ltr'><strong>sanctitas</strong></span> <span class='ocrx_word' id='word_1_95' title='bbox 813 1741 928 1794; x_wconf 92' lang='lat' dir='ltr'><strong>Deo</strong></span> <span class='ocrx_word' id='word_1_96' title='bbox 978 1735 1202 1810; x_wconf 89' lang='lat' dir='ltr'><strong>operari</strong></span> <span class='ocrx_word' id='word_1_97' title='bbox 1256 1733 1520 1798; x_wconf 86' lang='lat' dir='ltr'><strong>studens,</strong></span> <span class='ocrx_word' id='word_1_98' title='bbox 1553 1730 1850 1802; x_wconf 86' lang='lat' dir='ltr'><strong>vitamque</strong></span> <span class='ocrx_word' id='word_1_99' title='bbox 1890 1728 2150 1784; x_wconf 88' lang='lat' dir='ltr'><strong>hominis</strong></span> 
     </span>
    </p>
   </div>
   <div class='ocr_carea' id='block_1_19' title="bbox 498 1816 2149 1892">
    <p class='ocr_par' dir='ltr' id='par_1_19' title="bbox 498 1816 2149 1892">
     <span class='ocr_line' id='line_1_19' title="bbox 498 1816 2149 1892; baseline -0.01 -6"><span class='ocrx_word' id='word_1_100' title='bbox 498 1831 736 1886; x_wconf 86' lang='lat' dir='ltr'><strong>Numini</strong></span> <span class='ocrx_word' id='word_1_101' title='bbox 771 1841 1154 1892; x_wconf 89' lang='lat' dir='ltr'><strong>consecrans;</strong></span> <span class='ocrx_word' id='word_1_102' title='bbox 1189 1822 1375 1878; x_wconf 90' lang='lat' dir='ltr'><strong>altera</strong></span> <span class='ocrx_word' id='word_1_103' title='bbox 1409 1820 1664 1890; x_wconf 87' lang='lat' dir='ltr'><strong>justitia,</strong></span> <span class='ocrx_word' id='word_1_104' title='bbox 1697 1836 1825 1889; x_wconf 64' lang='lat' dir='ltr'><strong>qua:</strong></span> <span class='ocrx_word' id='word_1_105' title='bbox 1857 1816 2149 1872; x_wconf 79' lang='lat' dir='ltr'><strong>interiori-</strong></span> 
     </span>
    </p>
   </div>
   <div class='ocr_carea' id='block_1_20' title="bbox 2257 643 3900 721">
    <p class='ocr_par' dir='ltr' id='par_1_20' title="bbox 2257 643 3900 721">
     <span class='ocr_line' id='line_1_20' title="bbox 2257 643 3900 721; baseline 0.001 -27"><span class='ocrx_word' id='word_1_106' title='bbox 2257 643 2454 705; x_wconf 86' lang='grc' dir='ltr'>παντὸς</span> <span class='ocrx_word' id='word_1_107' title='bbox 2515 647 2744 709; x_wconf 80' lang='grc' dir='ltr'>πάθους.</span> <span class='ocrx_word' id='word_1_108' title='bbox 2789 649 2853 704; x_wconf 75' lang='grc' dir='ltr'>Ἠ</span> <span class='ocrx_word' id='word_1_109' title='bbox 2909 644 2965 702; x_wconf 76' lang='grc' dir='ltr'><strong>δὲ</strong></span> <span class='ocrx_word' id='word_1_110' title='bbox 3021 645 3331 721; x_wconf 82' lang='grc' dir='ltr'>θεωρητικὴ</span> <span class='ocrx_word' id='word_1_111' title='bbox 3389 647 3424 713; x_wconf 78' lang='grc' dir='ltr'><strong>ἡ</strong></span> <span class='ocrx_word' id='word_1_112' title='bbox 3481 646 3758 718; x_wconf 76' lang='grc' dir='ltr'><strong>θεωροῦσα</strong></span> <span class='ocrx_word' id='word_1_113' title='bbox 3811 643 3900 698; x_wconf 82' lang='grc' dir='ltr'>τὸν</span> 
     </span>
    </p>
   </div>
   <div class='ocr_carea' id='block_1_21' title="bbox 2257 733 3904 812">
    <p class='ocr_par' dir='ltr' id='par_1_21' title="bbox 2257 733 3904 812">
     <span class='ocr_line' id='line_1_21' title="bbox 2257 733 3904 812; baseline 0 -28"><span class='ocrx_word' id='word_1_114' title='bbox 2257 737 2407 787; x_wconf 79' lang='grc' dir='ltr'>νοῦν.</span> <span class='ocrx_word' id='word_1_115' title='bbox 2470 735 2530 788; x_wconf 77' lang='grc' dir='ltr'><strong>Ἠ</strong></span> <span class='ocrx_word' id='word_1_116' title='bbox 2588 733 2645 790; x_wconf 78' lang='grc' dir='ltr'><strong>δὲ</strong></span> <span class='ocrx_word' id='word_1_117' title='bbox 2695 737 2986 812; x_wconf 75' lang='grc' dir='ltr'>θεουργικὴ</span> <span class='ocrx_word' id='word_1_118' title='bbox 3048 737 3083 804; x_wconf 85' lang='grc' dir='ltr'>ἡ</span> <span class='ocrx_word' id='word_1_119' title='bbox 3141 736 3204 789; x_wconf 90' lang='grc' dir='ltr'>τὸ</span> <span class='ocrx_word' id='word_1_120' title='bbox 3262 735 3536 788; x_wconf 86' lang='grc' dir='ltr'>θειότατον</span> <span class='ocrx_word' id='word_1_121' title='bbox 3593 736 3758 806; x_wconf 80' lang='grc' dir='ltr'>ἡμῶν</span> <span class='ocrx_word' id='word_1_122' title='bbox 3807 735 3904 802; x_wconf 71' lang='grc' dir='ltr'>τῆς</span> 
     </span>
    </p>
   </div>
   <div class='ocr_carea' id='block_1_22' title="bbox 2258 824 3902 900">
    <p class='ocr_par' dir='ltr' id='par_1_22' title="bbox 2258 824 3902 900">
     <span class='ocr_line' id='line_1_22' title="bbox 2258 824 3902 900; baseline 0.001 -26"><span class='ocrx_word' id='word_1_123' title='bbox 2258 825 2446 897; x_wconf 80' lang='grc' dir='ltr'>ψυχῆς</span> <span class='ocrx_word' id='word_1_124' title='bbox 2478 825 2819 900; x_wconf 79' lang='grc' dir='ltr'><strong>ἀνεγείρουσα</strong></span> <span class='ocrx_word' id='word_1_125' title='bbox 2865 826 2954 880; x_wconf 75' lang='grc' dir='ltr'><strong>καὶ</strong></span> <span class='ocrx_word' id='word_1_126' title='bbox 3014 824 3162 896; x_wconf 81' lang='grc' dir='ltr'>αὐτῷ</span> <span class='ocrx_word' id='word_1_127' title='bbox 3220 824 3468 892; x_wconf 74' lang='grc' dir='ltr'>ἑνίζουσα</span> <span class='ocrx_word' id='word_1_128' title='bbox 3522 828 3601 895; x_wconf 78' lang='grc' dir='ltr'>τῷ</span> <span class='ocrx_word' id='word_1_129' title='bbox 3643 827 3786 895; x_wconf 77' lang='grc' dir='ltr'>Θεῷ,</span> <span class='ocrx_word' id='word_1_130' title='bbox 3815 824 3902 877; x_wconf 78' lang='grc' dir='ltr'><strong>καὶ</strong></span> 
     </span>
    </p>
   </div>
   <div class='ocr_carea' id='block_1_23' title="bbox 2256 910 3908 990">
    <p class='ocr_par' dir='ltr' id='par_1_23' title="bbox 2256 910 3908 990">
     <span class='ocr_line' id='line_1_23' title="bbox 2256 910 3908 990; baseline 0.001 -26"><span class='ocrx_word' id='word_1_131' title='bbox 2256 911 2353 977; x_wconf 79' lang='grc' dir='ltr'>τήν</span> <span class='ocrx_word' id='word_1_132' title='bbox 2389 913 2534 973; x_wconf 73' lang='grc' dir='ltr'>θείαν</span> <span class='ocrx_word' id='word_1_133' title='bbox 2567 913 2851 990; x_wconf 77' lang='grc' dir='ltr'>ἐνεργοῦσα</span> <span class='ocrx_word' id='word_1_134' title='bbox 2885 913 3097 987; x_wconf 70' lang='grc' dir='ltr'>μανίαν.</span> <span class='ocrx_word' id='word_1_135' title='bbox 3129 912 3248 968; x_wconf 81' lang='grc' dir='ltr'><strong>Εἷσὶ</strong></span> <span class='ocrx_word' id='word_1_136' title='bbox 3283 910 3340 967; x_wconf 69' lang='grc' dir='ltr'><strong>δὲ</strong></span> <span class='ocrx_word' id='word_1_137' title='bbox 3368 912 3457 968; x_wconf 85' lang='grc' dir='ltr'><strong>καὶ</strong></span> <span class='ocrx_word' id='word_1_138' title='bbox 3507 911 3754 966; x_wconf 76' lang='grc' dir='ltr'>ἰπὲκεινα</span> <span class='ocrx_word' id='word_1_139' title='bbox 3781 913 3908 967; x_wconf 73' lang='grc' dir='ltr'>τού-</span> 
     </span>
    </p>
   </div>
   <div class='ocr_carea' id='block_1_24' title="bbox 2257 997 3904 1076">
    <p class='ocr_par' dir='ltr' id='par_1_24' title="bbox 2257 997 3904 1076">
     <span class='ocr_line' id='line_1_24' title="bbox 2257 997 3904 1076; baseline 0.001 -24"><span class='ocrx_word' id='word_1_140' title='bbox 2257 1020 2364 1053; x_wconf 86' lang='grc' dir='ltr'>των</span> <span class='ocrx_word' id='word_1_141' title='bbox 2394 997 2571 1075; x_wconf 75' lang='grc' dir='ltr'>ἕτεραι</span> <span class='ocrx_word' id='word_1_142' title='bbox 2623 1002 2827 1074; x_wconf 77' lang='grc' dir='ltr'>ἀρεταὶ,</span> <span class='ocrx_word' id='word_1_143' title='bbox 2861 1003 2914 1056; x_wconf 75' lang='grc' dir='ltr'>αἱ</span> <span class='ocrx_word' id='word_1_144' title='bbox 2973 1003 3067 1076; x_wconf 74' lang='grc' dir='ltr'><strong>μὲν</strong></span> <span class='ocrx_word' id='word_1_145' title='bbox 3116 1003 3280 1058; x_wconf 70' lang='grc' dir='ltr'>οἱονεὶ</span> <span class='ocrx_word' id='word_1_146' title='bbox 3341 999 3756 1076; x_wconf 79' lang='grc' dir='ltr'>παραδείγματα</span> <span class='ocrx_word' id='word_1_147' title='bbox 3797 1005 3904 1055; x_wconf 81' lang='grc' dir='ltr'><strong>τῶν</strong></span> 
     </span>
    </p>
   </div>
   <div class='ocr_carea' id='block_1_25' title="bbox 2261 1085 3910 1166">
    <p class='ocr_par' dir='ltr' id='par_1_25' title="bbox 2261 1085 3910 1166">
     <span class='ocr_line' id='line_1_25' title="bbox 2261 1085 3910 1166; baseline 0.002 -25"><span class='ocrx_word' id='word_1_148' title='bbox 2261 1085 2474 1143; x_wconf 79' lang='grc' dir='ltr'>λοιπῶν</span> <span class='ocrx_word' id='word_1_149' title='bbox 2535 1090 2760 1166; x_wconf 78' lang='grc' dir='ltr'>ἀρετῶν,</span> <span class='ocrx_word' id='word_1_150' title='bbox 2796 1092 2849 1145; x_wconf 73' lang='grc' dir='ltr'>αἱ</span> <span class='ocrx_word' id='word_1_151' title='bbox 2909 1089 2966 1145; x_wconf 70' lang='grc' dir='ltr'><strong>δὲ</strong></span> <span class='ocrx_word' id='word_1_152' title='bbox 3025 1093 3155 1162; x_wconf 71' lang='grc' dir='ltr'>ὑπὲρ</span> <span class='ocrx_word' id='word_1_153' title='bbox 3215 1096 3386 1146; x_wconf 81' lang='grc' dir='ltr'>πᾶσαν</span> <span class='ocrx_word' id='word_1_154' title='bbox 3438 1089 3639 1146; x_wconf 75' lang='grc' dir='ltr'>οὐσίαν.</span> <span class='ocrx_word' id='word_1_155' title='bbox 3699 1088 3910 1151; x_wconf 57' lang='grc' dir='ltr'>Ατὶτινες</span> 
     </span>
    </p>
   </div>
   <div class='ocr_carea' id='block_1_26' title="bbox 2261 1173 3903 1254">
    <p class='ocr_par' dir='ltr' id='par_1_26' title="bbox 2261 1173 3903 1254">
     <span class='ocr_line' id='line_1_26' title="bbox 2261 1173 3903 1254; baseline 0.001 -24"><span class='ocrx_word' id='word_1_156' title='bbox 2261 1175 2324 1230; x_wconf 81' lang='grc' dir='ltr'><strong>οὐ</strong></span> <span class='ocrx_word' id='word_1_157' title='bbox 2417 1173 2801 1251; x_wconf 75' lang='grc' dir='ltr'>συμϐεϐηκότα</span> <span class='ocrx_word' id='word_1_158' title='bbox 2881 1181 3016 1236; x_wconf 79' lang='grc' dir='ltr'>εἰσὶν</span> <span class='ocrx_word' id='word_1_159' title='bbox 3121 1177 3301 1254; x_wconf 80' lang='grc' dir='ltr'>ὥσπερ</span> <span class='ocrx_word' id='word_1_160' title='bbox 3405 1173 3903 1252; x_wconf 72' lang='grc' dir='ltr'>ἑπισυμϐεϐήκασιν</span> 
     </span>
    </p>
   </div>
   <div class='ocr_carea' id='block_1_27' title="bbox 2260 1265 3906 1346">
    <p class='ocr_par' dir='ltr' id='par_1_27' title="bbox 2260 1265 3906 1346">
     <span class='ocr_line' id='line_1_27' title="bbox 2260 1265 3906 1346; baseline 0.003 -29"><span class='ocrx_word' id='word_1_161' title='bbox 2260 1269 2395 1337; x_wconf 78' lang='grc' dir='ltr'>ἡμῖν</span> <span class='ocrx_word' id='word_1_162' title='bbox 2426 1269 2478 1321; x_wconf 70' lang='grc' dir='ltr'><strong>αἱ</strong></span> <span class='ocrx_word' id='word_1_163' title='bbox 2531 1265 2722 1323; x_wconf 86' lang='grc' dir='ltr'>λοιπαὶ</span> <span class='ocrx_word' id='word_1_164' title='bbox 2755 1271 2962 1346; x_wconf 85' lang='grc' dir='ltr'>ἀρεταὶ,</span> <span class='ocrx_word' id='word_1_165' title='bbox 2995 1268 3123 1325; x_wconf 83' lang='grc' dir='ltr'>ἀλλ’</span> <span class='ocrx_word' id='word_1_166' title='bbox 3151 1269 3328 1324; x_wconf 80' lang='grc' dir='ltr'>οὐσίαι</span> <span class='ocrx_word' id='word_1_167' title='bbox 3385 1269 3558 1340; x_wconf 83' lang='grc' dir='ltr'>νοεραὶ</span> <span class='ocrx_word' id='word_1_168' title='bbox 3619 1268 3706 1322; x_wconf 82' lang='grc' dir='ltr'><strong>καὶ</strong></span> <span class='ocrx_word' id='word_1_169' title='bbox 3773 1269 3906 1342; x_wconf 79' lang='grc' dir='ltr'>ὑπερ</span> 
     </span>
    </p>
   </div>
   <div class='ocr_carea' id='block_1_28' title="bbox 2261 1355 2456 1414">
    <p class='ocr_par' dir='ltr' id='par_1_28' title="bbox 2261 1355 2456 1414">
     <span class='ocr_line' id='line_1_28' title="bbox 2261 1355 2456 1414; baseline 0.01 -7"><span class='ocrx_word' id='word_1_170' title='bbox 2261 1355 2456 1414; x_wconf 80' lang='grc' dir='ltr'>οὐσιοι,</span> 
     </span>
    </p>
   </div>
   <div class='ocr_carea' id='block_1_29' title="bbox 2763 1537 3386 1612">
    <p class='ocr_par' dir='ltr' id='par_1_29' title="bbox 2763 1537 3386 1612">
     <span class='ocr_line' id='line_1_29' title="bbox 2763 1537 3386 1612; baseline 0.005 -21"><span class='ocrx_word' id='word_1_171' title='bbox 2763 1541 2826 1596; x_wconf 92' lang='grc' dir='ltr'><strong>ν’.</strong></span> <span class='ocrx_word' id='word_1_172' title='bbox 2858 1542 2974 1596; x_wconf 83' lang='grc' dir='ltr'>Ἔτι</span> <span class='ocrx_word' id='word_1_173' title='bbox 3005 1537 3132 1612; x_wconf 83' lang='grc' dir='ltr'>περί</span> <span class='ocrx_word' id='word_1_174' title='bbox 3160 1539 3386 1612; x_wconf 73' lang='grc' dir='ltr'>ἀρετῶν.</span> 
     </span>
    </p>
   </div>
   <div class='ocr_carea' id='block_1_30' title="bbox 2332 1626 3908 1700">
    <p class='ocr_par' dir='ltr' id='par_1_30' title="bbox 2332 1626 3908 1700">
     <span class='ocr_line' id='line_1_30' title="bbox 2332 1626 3908 1700; baseline -0.001 -16"><span class='ocrx_word' id='word_1_175' title='bbox 2332 1629 2494 1700; x_wconf 80' lang='grc' dir='ltr'>Τρεῖς</span> <span class='ocrx_word' id='word_1_176' title='bbox 2550 1628 2682 1682; x_wconf 83' lang='grc' dir='ltr'>εἰσιν</span> <span class='ocrx_word' id='word_1_177' title='bbox 2739 1630 2794 1682; x_wconf 72' lang='grc' dir='ltr'>αἱ</span> <span class='ocrx_word' id='word_1_178' title='bbox 2852 1629 3036 1699; x_wconf 83' lang='grc' dir='ltr'>ἀρεταὶ</span> <span class='ocrx_word' id='word_1_179' title='bbox 3097 1629 3152 1682; x_wconf 78' lang='grc' dir='ltr'>αἱ</span> <span class='ocrx_word' id='word_1_180' title='bbox 3198 1627 3502 1684; x_wconf 78' lang='grc' dir='ltr'>τελειοῦσαί</span> <span class='ocrx_word' id='word_1_181' title='bbox 3547 1629 3640 1681; x_wconf 85' lang='grc' dir='ltr'>τὸν</span> <span class='ocrx_word' id='word_1_182' title='bbox 3693 1626 3908 1700; x_wconf 75' lang='grc' dir='ltr'>ἄνθρω-</span> 
     </span>
    </p>
   </div>
   <div class='ocr_carea' id='block_1_31' title="bbox 2259 1714 3906 1794">
    <p class='ocr_par' dir='ltr' id='par_1_31' title="bbox 2259 1714 3906 1794">
     <span class='ocr_line' id='line_1_31' title="bbox 2259 1714 3906 1794; baseline 0 -24"><span class='ocrx_word' id='word_1_183' title='bbox 2259 1737 2378 1770; x_wconf 91' lang='grc' dir='ltr'>πον·</span> <span class='ocrx_word' id='word_1_184' title='bbox 2417 1717 2659 1786; x_wconf 84' lang='grc' dir='ltr'>ὁσιότης,</span> <span class='ocrx_word' id='word_1_185' title='bbox 2692 1718 2890 1791; x_wconf 79' lang='grc' dir='ltr'>ἡπρὸς</span> <span class='ocrx_word' id='word_1_186' title='bbox 2947 1719 3038 1773; x_wconf 89' lang='grc' dir='ltr'><strong>τὸν</strong></span> <span class='ocrx_word' id='word_1_187' title='bbox 3098 1718 3225 1773; x_wconf 85' lang='grc' dir='ltr'><strong>Θεὸν</strong></span> <span class='ocrx_word' id='word_1_188' title='bbox 3287 1717 3515 1794; x_wconf 80' lang='grc' dir='ltr'><strong>ἐνεργεῖν</strong></span> <span class='ocrx_word' id='word_1_189' title='bbox 3575 1714 3906 1784; x_wconf 71' lang='grc' dir='ltr'>σπεύδουσα,</span> 
     </span>
    </p>
   </div>
   <div class='ocr_carea' id='block_1_32' title="bbox 2261 1806 3908 1882">
    <p class='ocr_par' dir='ltr' id='par_1_32' title="bbox 2261 1806 3908 1882">
     <span class='ocr_line' id='line_1_32' title="bbox 2261 1806 3908 1882; baseline 0 -22"><span class='ocrx_word' id='word_1_190' title='bbox 2261 1809 2372 1860; x_wconf 84' lang='grc' dir='ltr'>οἷον</span> <span class='ocrx_word' id='word_1_191' title='bbox 2408 1809 2441 1874; x_wconf 76' lang='grc' dir='ltr'>ἡ</span> <span class='ocrx_word' id='word_1_192' title='bbox 2475 1807 2774 1880; x_wconf 74' lang='grc' dir='ltr'>ἀφοσιοῢσα</span> <span class='ocrx_word' id='word_1_193' title='bbox 2801 1809 2901 1876; x_wconf 75' lang='grc' dir='ltr'>τὴν</span> <span class='ocrx_word' id='word_1_194' title='bbox 2934 1813 3030 1862; x_wconf 73' lang='grc' dir='ltr'><strong>τοῦ</strong></span> <span class='ocrx_word' id='word_1_195' title='bbox 3081 1806 3368 1882; x_wconf 78' lang='grc' dir='ltr'>ἀνθρώπου</span> <span class='ocrx_word' id='word_1_196' title='bbox 3429 1808 3574 1874; x_wconf 69' lang='grc' dir='ltr'><strong>ζωῆν</strong></span> <span class='ocrx_word' id='word_1_197' title='bbox 3631 1811 3712 1878; x_wconf 82' lang='grc' dir='ltr'><strong>τῷ</strong></span> <span class='ocrx_word' id='word_1_198' title='bbox 3767 1811 3908 1878; x_wconf 77' lang='grc' dir='ltr'><strong>Θεῷ·</strong></span> 
     </span>
    </p>
   </div>
   <div class='ocr_carea' id='block_1_33' title="bbox 499 1893 2159 1992">
    <p class='ocr_par' dir='ltr' id='par_1_33' title="bbox 499 1908 2151 1992">
     <span class='ocr_line' id='line_1_33' title="bbox 499 1908 2151 1992; baseline -0.011 -15"><span class='ocrx_word' id='word_1_199' title='bbox 499 1923 610 1976; x_wconf 91' lang='lat' dir='ltr'><strong>bus</strong></span> <span class='ocrx_word' id='word_1_200' title='bbox 654 1920 984 1992; x_wconf 85' lang='lat' dir='ltr'><strong>prospicere</strong></span> <span class='ocrx_word' id='word_1_201' title='bbox 1033 1912 1284 1984; x_wconf 85' lang='lat' dir='ltr'><strong>satagit;</strong></span> <span class='ocrx_word' id='word_1_202' title='bbox 1337 1917 1394 1965; x_wconf 92' lang='lat' dir='ltr'><strong>et</strong></span> <span class='ocrx_word' id='word_1_203' title='bbox 1441 1913 1614 1964; x_wconf 87' lang='lat' dir='ltr'><strong>tertia</strong></span> <span class='ocrx_word' id='word_1_204' title='bbox 1660 1908 1993 1980; x_wconf 87' lang='lat' dir='ltr'><strong>prudentia,</strong></span> <span class='ocrx_word' id='word_1_205' title='bbox 2027 1922 2151 1975; x_wconf 65' lang='lat' dir='ltr'><strong>quae</strong></span> 
     </span>
    </p>
   </div>
   <div class='ocr_carea' id='block_1_34' title="bbox 2274 1893 3912 1992">
    <p class='ocr_par' dir='ltr' id='par_1_34' title="bbox 2274 1893 3912 1971">
     <span class='ocr_line' id='line_1_34' title="bbox 2274 1893 3759 1950; baseline 0.002 -2"><span class='ocrx_word' id='word_1_206' title='bbox 2274 1893 2506 1950; x_wconf 71' lang='grc' dir='ltr'>Βεύτνον</span> <span class='ocrx_word' id='word_1_207' title='bbox 2537 1893 2778 1950; x_wconf 70' lang='grc' dir='ltr'>δικαιοσν’</span> <span class='ocrx_word' id='word_1_208' title='bbox 3005 1898 3016 1913; x_wconf 81' lang='grc'><strong>“</strong></span> <span class='ocrx_word' id='word_1_209' title='bbox 3439 1900 3465 1910; x_wconf 74' lang='grc'><strong>”’</strong></span> <span class='ocrx_word' id='word_1_210' title='bbox 3741 1917 3759 1928; x_wconf 81' lang='grc'><strong>’</strong></span> 
     </span>
     <span class='ocr_line' id='line_1_35' title="bbox 2391 1893 3912 1971; baseline 0.001 -22"><span class='ocrx_word' id='word_1_211' title='bbox 2391 1929 2444 1971; x_wconf 67' lang='grc' dir='ltr'>,ρ</span> <span class='ocrx_word' id='word_1_212' title='bbox 2757 1919 2851 1966; x_wconf 64' lang='grc' dir='ltr'>δνη</span> <span class='ocrx_word' id='word_1_213' title='bbox 2884 1899 2918 1966; x_wconf 79' lang='grc' dir='ltr'><strong>ἡ</strong></span> <span class='ocrx_word' id='word_1_214' title='bbox 2958 1918 3057 1964; x_wconf 90' lang='grc' dir='ltr'><strong>την</strong></span> <span class='ocrx_word' id='word_1_215' title='bbox 3087 1897 3346 1971; x_wconf 87' lang='grc' dir='ltr'>πρόνοιαν</span> <span class='ocrx_word' id='word_1_216' title='bbox 3399 1918 3508 1950; x_wconf 91' lang='grc' dir='ltr'><strong>των</strong></span> <span class='ocrx_word' id='word_1_217' title='bbox 3565 1893 3912 1950; x_wconf 67' lang='grc' dir='ltr'>καταδεεστὲ-</span> 
     </span>
    </p>
   </div>
   <div class='ocr_carea' id='block_1_35' title="bbox 453 1995 2154 2076">
    <p class='ocr_par' dir='ltr' id='par_1_35' title="bbox 453 1995 2154 2076">
     <span class='ocr_line' id='line_1_36' title="bbox 453 1995 2154 2076; baseline -0.011 -10"><span class='ocrx_word' id='word_1_218' title='bbox 453 2057 464 2066; x_wconf 88' lang='grc'><strong>.</strong></span> <span class='ocrx_word' id='word_1_219' title='bbox 501 2014 745 2065; x_wconf 86' lang='lat' dir='ltr'><strong>conatur</strong></span> <span class='ocrx_word' id='word_1_220' title='bbox 793 2009 1060 2076; x_wconf 82' lang='lat' dir='ltr'><strong>respectu</strong></span> <span class='ocrx_word' id='word_1_221' title='bbox 1095 2001 1278 2056; x_wconf 84' lang='lat' dir='ltr'><strong>nostri</strong></span> <span class='ocrx_word' id='word_1_222' title='bbox 1329 1999 1517 2069; x_wconf 89' lang='lat' dir='ltr'><strong>ipsius</strong></span> <span class='ocrx_word' id='word_1_223' title='bbox 1547 1999 1726 2051; x_wconf 85' lang='lat' dir='ltr'><strong>vitam</strong></span> <span class='ocrx_word' id='word_1_224' title='bbox 1759 1995 2154 2064; x_wconf 80' lang='lat' dir='ltr'><strong>intelligenter</strong></span> 
     </span>
    </p>
   </div>
   <div class='ocr_carea' id='block_1_36' title="bbox 501 2085 2155 2158">
    <p class='ocr_par' dir='ltr' id='par_1_36' title="bbox 501 2085 2155 2158">
     <span class='ocr_line' id='line_1_37' title="bbox 501 2085 2155 2158; baseline -0.008 -6"><span class='ocrx_word' id='word_1_225' title='bbox 501 2099 828 2154; x_wconf 87' lang='lat' dir='ltr'><strong>instituere.</strong></span> <span class='ocrx_word' id='word_1_226' title='bbox 863 2094 1114 2149; x_wconf 87' lang='lat' dir='ltr'><strong>Unimnr</strong></span> <span class='ocrx_word' id='word_1_227' title='bbox 1163 2090 1344 2158; x_wconf 81' lang='lat' dir='ltr'><strong>igitur</strong></span> <span class='ocrx_word' id='word_1_228' title='bbox 1385 2105 1486 2158; x_wconf 92' lang='lat' dir='ltr'><strong>per</strong></span> <span class='ocrx_word' id='word_1_229' title='bbox 1531 2087 1902 2142; x_wconf 85' lang='lat' dir='ltr'><strong>sanctitatem</strong></span> <span class='ocrx_word' id='word_1_230' title='bbox 1951 2085 2065 2138; x_wconf 88' lang='lat' dir='ltr'><strong>Deo</strong></span> <span class='ocrx_word' id='word_1_231' title='bbox 2097 2087 2155 2138; x_wconf 87' lang='lat' dir='ltr'><strong>et</strong></span> 
     </span>
    </p>
   </div>
   <div class='ocr_carea' id='block_1_37' title="bbox 502 2174 2154 2257">
    <p class='ocr_par' dir='ltr' id='par_1_37' title="bbox 502 2174 2154 2257">
     <span class='ocr_line' id='line_1_38' title="bbox 502 2174 2154 2257; baseline -0.01 -15"><span class='ocrx_word' id='word_1_232' title='bbox 502 2189 626 2252; x_wconf 92' lang='lat' dir='ltr'><strong>uni,</strong></span> <span class='ocrx_word' id='word_1_233' title='bbox 659 2203 761 2257; x_wconf 87' lang='lat' dir='ltr'><strong>per</strong></span> <span class='ocrx_word' id='word_1_234' title='bbox 797 2183 1093 2254; x_wconf 85' lang='lat' dir='ltr'><strong>justitiam</strong></span> <span class='ocrx_word' id='word_1_235' title='bbox 1144 2179 1264 2234; x_wconf 86' lang='lat' dir='ltr'><strong>illis</strong></span> <span class='ocrx_word' id='word_1_236' title='bbox 1318 2179 1416 2248; x_wconf 89' lang='lat' dir='ltr'><strong>qui</strong></span> <span class='ocrx_word' id='word_1_237' title='bbox 1462 2176 1752 2231; x_wconf 87' lang='lat' dir='ltr'><strong>inferioris</strong></span> <span class='ocrx_word' id='word_1_238' title='bbox 1801 2174 2154 2230; x_wconf 78' lang='lat' dir='ltr'><strong>conditionis</strong></span> 
     </span>
    </p>
   </div>
   <div class='ocr_carea' id='block_1_38' title="bbox 501 2262 2156 2346">
    <p class='ocr_par' dir='ltr' id='par_1_38' title="bbox 501 2262 2156 2346">
     <span class='ocr_line' id='line_1_39' title="bbox 501 2262 2156 2346; baseline -0.01 -15"><span class='ocrx_word' id='word_1_239' title='bbox 501 2281 642 2332; x_wconf 87' lang='lat' dir='ltr'><strong>sunt</strong></span> <span class='ocrx_word' id='word_1_240' title='bbox 699 2272 1097 2346; x_wconf 89' lang='lat' dir='ltr'><strong>providemus,</strong></span> <span class='ocrx_word' id='word_1_241' title='bbox 1145 2272 1202 2322; x_wconf 89' lang='lat' dir='ltr'><strong>et</strong></span> <span class='ocrx_word' id='word_1_242' title='bbox 1259 2283 1359 2336; x_wconf 91' lang='lat' dir='ltr'><strong>per</strong></span> <span class='ocrx_word' id='word_1_243' title='bbox 1403 2263 1774 2335; x_wconf 87' lang='lat' dir='ltr'><strong>prudentiam</strong></span> <span class='ocrx_word' id='word_1_244' title='bbox 1823 2262 2156 2334; x_wconf 83' lang='lat' dir='ltr'><strong>cognitione</strong></span> 
     </span>
    </p>
   </div>
   <div class='ocr_carea' id='block_1_39' title="bbox 501 2351 2154 2432">
    <p class='ocr_par' dir='ltr' id='par_1_39' title="bbox 501 2351 2154 2432">
     <span class='ocr_line' id='line_1_40' title="bbox 501 2351 2154 2432; baseline -0.01 -12"><span class='ocrx_word' id='word_1_245' title='bbox 501 2383 617 2420; x_wconf 90' lang='lat' dir='ltr'><strong>non</strong></span> <span class='ocrx_word' id='word_1_246' title='bbox 651 2362 874 2432; x_wconf 85' lang='lat' dir='ltr'><strong>vulgari</strong></span> <span class='ocrx_word' id='word_1_247' title='bbox 911 2358 1256 2413; x_wconf 91' lang='lat' dir='ltr'><strong>imbuimur.</strong></span> <span class='ocrx_word' id='word_1_248' title='bbox 1291 2358 1444 2426; x_wconf 83' lang='lat' dir='ltr'><strong>Aque</strong></span> <span class='ocrx_word' id='word_1_249' title='bbox 1474 2354 1667 2409; x_wconf 90' lang='lat' dir='ltr'><strong>ethica</strong></span> <span class='ocrx_word' id='word_1_250' title='bbox 1696 2353 1883 2407; x_wconf 90' lang='lat' dir='ltr'><strong>virtus</strong></span> <span class='ocrx_word' id='word_1_251' title='bbox 1916 2351 2154 2422; x_wconf 87' lang='lat' dir='ltr'><strong>quidem</strong></span> 
     </span>
    </p>
   </div>
   <div class='ocr_carea' id='block_1_40' title="bbox 455 2446 2152 2524">
    <p class='ocr_par' dir='ltr' id='par_1_40' title="bbox 455 2446 2152 2524">
     <span class='ocr_line' id='line_1_41' title="bbox 455 2446 2152 2524; baseline -0.011 -14"><span class='ocrx_word' id='word_1_252' title='bbox 455 2507 462 2512; x_wconf 79' lang='grc'><em>,</em></span> <span class='ocrx_word' id='word_1_253' title='bbox 501 2473 534 2510; x_wconf 91' lang='lat' dir='ltr'><strong>a</strong></span> <span class='ocrx_word' id='word_1_254' title='bbox 573 2450 888 2524; x_wconf 87' lang='lat' dir='ltr'><strong>prudentia</strong></span> <span class='ocrx_word' id='word_1_255' title='bbox 935 2446 1346 2518; x_wconf 82' lang='lat' dir='ltr'><strong>proﬁciscitur,</strong></span> <span class='ocrx_word' id='word_1_256' title='bbox 1379 2459 1570 2514; x_wconf 91' lang='lat' dir='ltr'><strong>neque</strong></span> <span class='ocrx_word' id='word_1_257' title='bbox 1616 2448 1812 2497; x_wconf 89' lang='lat' dir='ltr'><strong>tamen</strong></span> <span class='ocrx_word' id='word_1_258' title='bbox 1865 2457 1966 2511; x_wconf 88' lang='lat' dir='ltr'><strong>per</strong></span> <span class='ocrx_word' id='word_1_259' title='bbox 2017 2456 2152 2509; x_wconf 89' lang='lat' dir='ltr'><strong>pru-</strong></span> 
     </span>
    </p>
   </div>
   <div class='ocr_carea' id='block_1_41' title="bbox 502 2527 2155 2609">
    <p class='ocr_par' dir='ltr' id='par_1_41' title="bbox 502 2527 2155 2609">
     <span class='ocr_line' id='line_1_42' title="bbox 502 2527 2155 2609; baseline -0.01 -11"><span class='ocrx_word' id='word_1_260' title='bbox 502 2542 762 2598; x_wconf 90' lang='lat' dir='ltr'><strong>dentiam</strong></span> <span class='ocrx_word' id='word_1_261' title='bbox 795 2541 1087 2609; x_wconf 84' lang='lat' dir='ltr'><strong>operatur,</strong></span> <span class='ocrx_word' id='word_1_262' title='bbox 1113 2535 1212 2590; x_wconf 91' lang='lat' dir='ltr'><strong>sed</strong></span> <span class='ocrx_word' id='word_1_263' title='bbox 1237 2537 1612 2603; x_wconf 78' lang='lat' dir='ltr'><strong>comparatur</strong></span> <span class='ocrx_word' id='word_1_264' title='bbox 1643 2547 1746 2600; x_wconf 89' lang='lat' dir='ltr'><strong>per</strong></span> <span class='ocrx_word' id='word_1_265' title='bbox 1771 2545 1946 2584; x_wconf 87' lang='lat' dir='ltr'><strong>usum</strong></span> <span class='ocrx_word' id='word_1_266' title='bbox 1981 2527 2155 2600; x_wconf 83' lang='lat' dir='ltr'><strong>longo</strong></span> 
     </span>
    </p>
   </div>
   <div class='ocr_carea' id='block_1_42' title="bbox 458 2619 2156 2705">
    <p class='ocr_par' dir='ltr' id='par_1_42' title="bbox 458 2619 2156 2705">
     <span class='ocr_line' id='line_1_43' title="bbox 458 2619 2156 2705; baseline -0.008 -17"><span class='ocrx_word' id='word_1_267' title='bbox 458 2703 460 2705; x_wconf 0' lang='grc' dir='ltr'><strong>ρ</strong></span> <span class='ocrx_word' id='word_1_268' title='bbox 503 2639 786 2703; x_wconf 86' lang='lat' dir='ltr'><strong>tempore.</strong></span> <span class='ocrx_word' id='word_1_269' title='bbox 818 2629 1103 2684; x_wconf 61' lang='lat' dir='ltr'><strong>Craterum</strong></span> <span class='ocrx_word' id='word_1_270' title='bbox 1135 2631 1255 2680; x_wconf 88' lang='lat' dir='ltr'><strong>tam</strong></span> <span class='ocrx_word' id='word_1_271' title='bbox 1289 2625 1486 2678; x_wconf 87' lang='lat' dir='ltr'><strong>divina</strong></span> <span class='ocrx_word' id='word_1_272' title='bbox 1533 2628 1624 2676; x_wconf 89' lang='lat' dir='ltr'><strong>est</strong></span> <span class='ocrx_word' id='word_1_273' title='bbox 1656 2627 1866 2676; x_wconf 89' lang='lat' dir='ltr'><strong>natura</strong></span> <span class='ocrx_word' id='word_1_274' title='bbox 1896 2619 2156 2688; x_wconf 89' lang='lat' dir='ltr'><strong>virtutis,</strong></span> 
     </span>
    </p>
   </div>
   <div class='ocr_carea' id='block_1_43' title="bbox 499 2708 2158 2791">
    <p class='ocr_par' dir='ltr' id='par_1_43' title="bbox 499 2708 2158 2791">
     <span class='ocr_line' id='line_1_44' title="bbox 499 2708 2158 2791; baseline -0.008 -15"><span class='ocrx_word' id='word_1_275' title='bbox 499 2726 564 2776; x_wconf 92' lang='lat' dir='ltr'><strong>ut</strong></span> <span class='ocrx_word' id='word_1_276' title='bbox 593 2737 697 2791; x_wconf 87' lang='lat' dir='ltr'><strong>per</strong></span> <span class='ocrx_word' id='word_1_277' title='bbox 746 2718 943 2773; x_wconf 89' lang='lat' dir='ltr'><strong>omnia</strong></span> <span class='ocrx_word' id='word_1_278' title='bbox 993 2715 1150 2770; x_wconf 87' lang='lat' dir='ltr'><strong>entia</strong></span> <span class='ocrx_word' id='word_1_279' title='bbox 1197 2713 1494 2784; x_wconf 85' lang='lat' dir='ltr'><strong>pervadat.</strong></span> <span class='ocrx_word' id='word_1_280' title='bbox 1529 2711 1713 2766; x_wconf 89' lang='lat' dir='ltr'><strong>Datur</strong></span> <span class='ocrx_word' id='word_1_281' title='bbox 1763 2709 1920 2765; x_wconf 89' lang='lat' dir='ltr'><strong>enim</strong></span> <span class='ocrx_word' id='word_1_282' title='bbox 1969 2708 2158 2763; x_wconf 87' lang='lat' dir='ltr'><strong>virtus</strong></span> 
     </span>
    </p>
   </div>
   <div class='ocr_carea' id='block_1_44' title="bbox 518 2797 2154 2882">
    <p class='ocr_par' dir='ltr' id='par_1_44' title="bbox 518 2797 2154 2882">
     <span class='ocr_line' id='line_1_45' title="bbox 518 2797 2154 2882; baseline -0.009 -16"><span class='ocrx_word' id='word_1_283' title='bbox 518 2807 994 2882; x_wconf 74' lang='lat' dir='ltr'><strong>supracmlestis,</strong></span> <span class='ocrx_word' id='word_1_284' title='bbox 1063 2802 1472 2873; x_wconf 73' lang='lat' dir='ltr'><strong>cmlestisque,</strong></span> <span class='ocrx_word' id='word_1_285' title='bbox 1533 2797 2038 2870; x_wconf 87' lang='lat' dir='ltr'><strong>supramundialis</strong></span> <span class='ocrx_word' id='word_1_286' title='bbox 2123 2813 2154 2852; x_wconf 88' lang='lat' dir='ltr'><strong>e</strong></span> 
     </span>
    </p>
   </div>
   <div class='ocr_carea' id='block_1_45' title="bbox 497 2887 2164 2966">
    <p class='ocr_par' dir='ltr' id='par_1_45' title="bbox 497 2887 2164 2966">
     <span class='ocr_line' id='line_1_46' title="bbox 497 2887 2164 2966; baseline -0.01 -10"><span class='ocrx_word' id='word_1_287' title='bbox 497 2898 822 2966; x_wconf 87' lang='lat' dir='ltr'><strong>mundana,</strong></span> <span class='ocrx_word' id='word_1_288' title='bbox 855 2892 1127 2950; x_wconf 88' lang='lat' dir='ltr'><strong>mentalis</strong></span> <span class='ocrx_word' id='word_1_289' title='bbox 1157 2897 1214 2946; x_wconf 89' lang='lat' dir='ltr'><strong>et</strong></span> <span class='ocrx_word' id='word_1_290' title='bbox 1241 2891 1468 2958; x_wconf 66' lang='lat' dir='ltr'><strong>animae,</strong></span> <span class='ocrx_word' id='word_1_291' title='bbox 1499 2887 1761 2960; x_wconf 82' lang='lat' dir='ltr'><strong>angelica</strong></span> <span class='ocrx_word' id='word_1_292' title='bbox 1793 2887 1932 2942; x_wconf 89' lang='lat' dir='ltr'><strong>item</strong></span> <span class='ocrx_word' id='word_1_293' title='bbox 1961 2890 2164 2957; x_wconf 85' lang='lat' dir='ltr'><strong>atquct</strong></span> 
     </span>
    </p>
   </div>
   <div class='ocr_carea' id='block_1_46' title="bbox 459 2978 2162 3046">
    <p class='ocr_par' dir='ltr' id='par_1_46' title="bbox 459 2978 2162 3046">
     <span class='ocr_line' id='line_1_47' title="bbox 459 2978 2162 3046; baseline -0.011 0"><span class='ocrx_word' id='word_1_294' title='bbox 459 3029 462 3034; x_wconf 64' lang='grc' dir='ltr'><strong>ι</strong></span> <span class='ocrx_word' id='word_1_295' title='bbox 502 2991 785 3046; x_wconf 88' lang='lat' dir='ltr'><strong>humana.</strong></span> <span class='ocrx_word' id='word_1_296' title='bbox 819 2985 1002 3040; x_wconf 88' lang='lat' dir='ltr'><strong>Datur</strong></span> <span class='ocrx_word' id='word_1_297' title='bbox 1051 2980 1227 3036; x_wconf 90' lang='lat' dir='ltr'><strong>etiam</strong></span> <span class='ocrx_word' id='word_1_298' title='bbox 1279 2979 1408 3034; x_wconf 84' lang='lat' dir='ltr'><strong>fons</strong></span> <span class='ocrx_word' id='word_1_299' title='bbox 1457 2978 1762 3043; x_wconf 79' lang='lat' dir='ltr'><strong>virtutum,</strong></span> <span class='ocrx_word' id='word_1_300' title='bbox 1794 2992 1971 3046; x_wconf 88' lang='lat' dir='ltr'><strong>quem</strong></span> <span class='ocrx_word' id='word_1_301' title='bbox 2019 2979 2162 3029; x_wconf 80' lang='lat' dir='ltr'><strong>tunc</strong></span> 
     </span>
    </p>
   </div>
   <div class='ocr_carea' id='block_1_47' title="bbox 505 3063 2161 3149">
    <p class='ocr_par' dir='ltr' id='par_1_47' title="bbox 505 3063 2161 3149">
     <span class='ocr_line' id='line_1_48' title="bbox 505 3063 2161 3149; baseline -0.011 -12"><span class='ocrx_word' id='word_1_302' title='bbox 505 3091 926 3149; x_wconf 84' lang='lat' dir='ltr'><strong>assequemur,</strong></span> <span class='ocrx_word' id='word_1_303' title='bbox 984 3070 1217 3142; x_wconf 87' lang='lat' dir='ltr'><strong>quando</strong></span> <span class='ocrx_word' id='word_1_304' title='bbox 1285 3065 1614 3139; x_wconf 82' lang='lat' dir='ltr'><strong>cognitione</strong></span> <span class='ocrx_word' id='word_1_305' title='bbox 1684 3063 1920 3136; x_wconf 86' lang='lat' dir='ltr'><strong>partiali</strong></span> <span class='ocrx_word' id='word_1_306' title='bbox 1977 3064 2161 3118; x_wconf 86' lang='lat' dir='ltr'><strong>missa</strong></span> 
     </span>
    </p>
   </div>
   <div class='ocr_carea' id='block_1_48' title="bbox 505 3152 2158 3237">
    <p class='ocr_par' dir='ltr' id='par_1_48' title="bbox 505 3152 2158 3237">
     <span class='ocr_line' id='line_1_49' title="bbox 505 3152 2158 3237; baseline -0.011 -14"><span class='ocrx_word' id='word_1_307' title='bbox 505 3170 678 3234; x_wconf 85' lang='lat' dir='ltr'><strong>facta,</strong></span> <span class='ocrx_word' id='word_1_308' title='bbox 709 3161 1200 3237; x_wconf 85' lang='lat' dir='ltr'><strong>perfectissimam</strong></span> <span class='ocrx_word' id='word_1_309' title='bbox 1221 3157 1494 3213; x_wconf 86' lang='lat' dir='ltr'><strong>virtutem</strong></span> <span class='ocrx_word' id='word_1_310' title='bbox 1529 3161 1660 3210; x_wconf 87' lang='lat' dir='ltr'><strong>actu</strong></span> <span class='ocrx_word' id='word_1_311' title='bbox 1691 3159 1749 3208; x_wconf 88' lang='lat' dir='ltr'><strong>et</strong></span> <span class='ocrx_word' id='word_1_312' title='bbox 1777 3167 1950 3224; x_wconf 82' lang='lat' dir='ltr'><strong>opere</strong></span> <span class='ocrx_word' id='word_1_313' title='bbox 1969 3152 2158 3223; x_wconf 85' lang='lat' dir='ltr'><strong>expri-</strong></span> 
     </span>
    </p>
   </div>
   <div class='ocr_carea' id='block_1_49' title="bbox 509 3273 758 3314">
    <p class='ocr_par' dir='ltr' id='par_1_49' title="bbox 509 3273 758 3314">
     <span class='ocr_line' id='line_1_50' title="bbox 509 3273 758 3314; baseline -0.02 0"><span class='ocrx_word' id='word_1_314' title='bbox 509 3273 758 3314; x_wconf 90' lang='lat' dir='ltr'><strong>memus.</strong></span> 
     </span>
    </p>
   </div>
   <div class='ocr_carea' id='block_1_50' title="bbox 993 3337 1664 3397">
    <p class='ocr_par' dir='ltr' id='par_1_50' title="bbox 993 3337 1664 3397">
     <span class='ocr_line' id='line_1_51' title="bbox 993 3337 1664 3397; baseline -0.013 0"><span class='ocrx_word' id='word_1_315' title='bbox 993 3344 1083 3397; x_wconf 90' lang='grc'><strong>51.</strong></span> <span class='ocrx_word' id='word_1_316' title='bbox 1117 3339 1302 3395; x_wconf 86' lang='lat' dir='ltr'><strong>Adhuc</strong></span> <span class='ocrx_word' id='word_1_317' title='bbox 1345 3337 1410 3391; x_wconf 85' lang='lat' dir='ltr'><strong>de</strong></span> <span class='ocrx_word' id='word_1_318' title='bbox 1437 3338 1664 3391; x_wconf 79' lang='lat' dir='ltr'><strong>virtute.</strong></span> 
     </span>
    </p>
   </div>
   <div class='ocr_carea' id='block_1_51' title="bbox 574 3420 2162 3503">
    <p class='ocr_par' dir='ltr' id='par_1_51' title="bbox 574 3420 2162 3503">
     <span class='ocr_line' id='line_1_52' title="bbox 574 3420 2162 3503; baseline -0.013 -10"><span class='ocrx_word' id='word_1_319' title='bbox 574 3435 915 3492; x_wconf 86' lang='lat' dir='ltr'><strong>Aristoteles</strong></span> <span class='ocrx_word' id='word_1_320' title='bbox 938 3427 1325 3503; x_wconf 89' lang='lat' dir='ltr'><strong>philosophus</strong></span> <span class='ocrx_word' id='word_1_321' title='bbox 1347 3431 1602 3496; x_wconf 87' lang='lat' dir='ltr'><strong>quatuor</strong></span> <span class='ocrx_word' id='word_1_322' title='bbox 1629 3420 1932 3494; x_wconf 85' lang='lat' dir='ltr'><strong>generales</strong></span> <span class='ocrx_word' id='word_1_323' title='bbox 1961 3437 2034 3475; x_wconf 91' lang='lat' dir='ltr'><strong>nu</strong></span> <span class='ocrx_word' id='word_1_324' title='bbox 2046 3435 2162 3474; x_wconf 85' lang='lat' dir='ltr'><strong>me-</strong></span> 
     </span>
    </p>
   </div>
   <div class='ocr_carea' id='block_1_52' title="bbox 505 3509 2160 3593">
    <p class='ocr_par' dir='ltr' id='par_1_52' title="bbox 505 3509 2160 3593">
     <span class='ocr_line' id='line_1_53' title="bbox 505 3509 2160 3593; baseline -0.011 -10"><span class='ocrx_word' id='word_1_325' title='bbox 505 3535 596 3584; x_wconf 89' lang='lat' dir='ltr'><strong>rat</strong></span> <span class='ocrx_word' id='word_1_326' title='bbox 635 3527 878 3580; x_wconf 88' lang='lat' dir='ltr'><strong>virtutes</strong></span> <span class='ocrx_word' id='word_1_327' title='bbox 914 3539 925 3578; x_wconf 92' lang='lat'>:</span> <span class='ocrx_word' id='word_1_328' title='bbox 963 3517 1362 3593; x_wconf 83' lang='lat' dir='ltr'><strong>prudentiam,</strong></span> <span class='ocrx_word' id='word_1_329' title='bbox 1388 3513 1707 3584; x_wconf 85' lang='lat' dir='ltr'><strong>justitiam,</strong></span> <span class='ocrx_word' id='word_1_330' title='bbox 1753 3509 2160 3564; x_wconf 82' lang='lat' dir='ltr'><strong>fortitudinem</strong></span> 
     </span>
    </p>
   </div>
   <div class='ocr_carea' id='block_1_53' title="bbox 500 3597 2160 3687">
    <p class='ocr_par' dir='ltr' id='par_1_53' title="bbox 500 3597 2160 3687">
     <span class='ocr_line' id='line_1_54' title="bbox 500 3597 2160 3687; baseline -0.013 -13"><span class='ocrx_word' id='word_1_331' title='bbox 500 3625 558 3674; x_wconf 89' lang='lat' dir='ltr'><strong>et</strong></span> <span class='ocrx_word' id='word_1_332' title='bbox 589 3613 1069 3687; x_wconf 85' lang='lat' dir='ltr'><strong>temperantiam.</strong></span> <span class='ocrx_word' id='word_1_333' title='bbox 1103 3610 1176 3664; x_wconf 87' lang='lat' dir='ltr'><strong>Et</strong></span> <span class='ocrx_word' id='word_1_334' title='bbox 1208 3604 1578 3678; x_wconf 76' lang='lat' dir='ltr'><strong>prudentiam</strong></span> <span class='ocrx_word' id='word_1_335' title='bbox 1613 3600 1848 3672; x_wconf 85' lang='lat' dir='ltr'><strong>quidem</strong></span> <span class='ocrx_word' id='word_1_336' title='bbox 1883 3599 2058 3654; x_wconf 79' lang='lat' dir='ltr'><strong>refert</strong></span> <span class='ocrx_word' id='word_1_337' title='bbox 2089 3597 2160 3652; x_wconf 89' lang='lat' dir='ltr'><strong>ad</strong></span> 
     </span>
    </p>
   </div>
   <div class='ocr_carea' id='block_1_54' title="bbox 503 3687 2162 3771">
    <p class='ocr_par' dir='ltr' id='par_1_54' title="bbox 503 3687 2162 3771">
     <span class='ocr_line' id='line_1_55' title="bbox 503 3687 2162 3771; baseline -0.014 -9"><span class='ocrx_word' id='word_1_338' title='bbox 503 3705 895 3771; x_wconf 90' lang='lat' dir='ltr'><strong>intellectum,</strong></span> <span class='ocrx_word' id='word_1_339' title='bbox 929 3707 1166 3755; x_wconf 70' lang='lat' dir='ltr'><strong>caeteras</strong></span> <span class='ocrx_word' id='word_1_340' title='bbox 1199 3712 1329 3750; x_wconf 81' lang='lat' dir='ltr'><strong>vero</strong></span> <span class='ocrx_word' id='word_1_341' title='bbox 1361 3699 1477 3748; x_wconf 86' lang='lat' dir='ltr'><strong>tres</strong></span> <span class='ocrx_word' id='word_1_342' title='bbox 1525 3691 1597 3745; x_wconf 90' lang='lat' dir='ltr'><strong>ad</strong></span> <span class='ocrx_word' id='word_1_343' title='bbox 1649 3687 1990 3760; x_wconf 81' lang='lat' dir='ltr'><strong>passibilem</strong></span> <span class='ocrx_word' id='word_1_344' title='bbox 2024 3687 2162 3741; x_wconf 79' lang='lat' dir='ltr'><strong>effe-</strong></span> 
     </span>
    </p>
   </div>
   <div class='ocr_carea' id='block_1_55' title="bbox 503 3778 2163 3864">
    <p class='ocr_par' dir='ltr' id='par_1_55' title="bbox 503 3778 2163 3864">
     <span class='ocr_line' id='line_1_56' title="bbox 503 3778 2163 3864; baseline -0.013 -12"><span class='ocrx_word' id='word_1_345' title='bbox 503 3797 814 3864; x_wconf 89' lang='lat' dir='ltr'><strong>ctibusque</strong></span> <span class='ocrx_word' id='word_1_346' title='bbox 845 3789 1160 3846; x_wconf 84' lang='lat' dir='ltr'><strong>obnoxiam</strong></span> <span class='ocrx_word' id='word_1_347' title='bbox 1201 3784 1410 3840; x_wconf 67' lang='lat' dir='ltr'><strong>animae</strong></span> <span class='ocrx_word' id='word_1_348' title='bbox 1445 3786 1692 3852; x_wconf 88' lang='lat' dir='ltr'><strong>partem.</strong></span> <span class='ocrx_word' id='word_1_349' title='bbox 1725 3779 1913 3847; x_wconf 88' lang='lat' dir='ltr'><strong>Atque</strong></span> <span class='ocrx_word' id='word_1_350' title='bbox 1945 3778 2024 3830; x_wconf 85' lang='lat' dir='ltr'><strong>ita</strong></span> <span class='ocrx_word' id='word_1_351' title='bbox 2058 3789 2163 3831; x_wconf 87' lang='lat' dir='ltr'><strong>nec</strong></span> 
     </span>
    </p>
   </div>
   <div class='ocr_carea' id='block_1_56' title="bbox 507 3869 2162 3959">
    <p class='ocr_par' dir='ltr' id='par_1_56' title="bbox 507 3869 2162 3959">
     <span class='ocr_line' id='line_1_57' title="bbox 507 3869 2162 3959; baseline -0.015 -17"><span class='ocrx_word' id='word_1_352' title='bbox 507 3885 880 3959; x_wconf 87' lang='lat' dir='ltr'><strong>prudentiam</strong></span> <span class='ocrx_word' id='word_1_353' title='bbox 925 3875 1187 3950; x_wconf 85' lang='lat' dir='ltr'><strong>passibili</strong></span> <span class='ocrx_word' id='word_1_354' title='bbox 1241 3873 1391 3946; x_wconf 88' lang='lat' dir='ltr'><strong>parti</strong></span> <span class='ocrx_word' id='word_1_355' title='bbox 1443 3869 1673 3935; x_wconf 86' lang='lat' dir='ltr'><strong>tribuit,</strong></span> <span class='ocrx_word' id='word_1_356' title='bbox 1709 3883 1898 3937; x_wconf 87' lang='lat' dir='ltr'><strong>neque</strong></span> <span class='ocrx_word' id='word_1_357' title='bbox 1929 3870 2162 3919; x_wconf 71' lang='lat' dir='ltr'><strong>caeteras</strong></span> 
     </span>
    </p>
   </div>
   <div class='ocr_carea' id='block_1_57' title="bbox 503 3957 2160 4031">
    <p class='ocr_par' dir='ltr' id='par_1_57' title="bbox 503 3957 2160 4031">
     <span class='ocr_line' id='line_1_58' title="bbox 503 3957 2160 4031; baseline -0.014 0"><span class='ocrx_word' id='word_1_358' title='bbox 503 3957 625 4031; x_wconf 84' lang='lat' dir='ltr'><strong>tres</strong></span> <span class='ocrx_word' id='word_1_359' title='bbox 679 3976 926 4028; x_wconf 85' lang='lat' dir='ltr'><strong>virtutes</strong></span> <span class='ocrx_word' id='word_1_360' title='bbox 975 3970 1034 4026; x_wconf 86' lang='lat' dir='ltr'><strong>in</strong></span> <span class='ocrx_word' id='word_1_361' title='bbox 1083 3964 1387 4020; x_wconf 86' lang='lat' dir='ltr'><strong>intellectu</strong></span> <span class='ocrx_word' id='word_1_362' title='bbox 1449 3959 1712 4014; x_wconf 83' lang='lat' dir='ltr'><strong>collocat.</strong></span> <span class='ocrx_word' id='word_1_363' title='bbox 1745 3957 1907 4010; x_wconf 86' lang='lat' dir='ltr'><strong>Plato</strong></span> <span class='ocrx_word' id='word_1_364' title='bbox 1963 3958 2160 4008; x_wconf 79' lang='lat' dir='ltr'><strong>autem</strong></span> 
     </span>
    </p>
   </div>
   <div class='ocr_carea' id='block_1_58' title="bbox 511 4043 2162 4137">
    <p class='ocr_par' dir='ltr' id='par_1_58' title="bbox 511 4043 2162 4137">
     <span class='ocr_line' id='line_1_59' title="bbox 511 4043 2162 4137; baseline -0.014 -17"><span class='ocrx_word' id='word_1_365' title='bbox 511 4071 762 4137; x_wconf 87' lang='lat' dir='ltr'><strong>quatuor</strong></span> <span class='ocrx_word' id='word_1_366' title='bbox 791 4062 1075 4114; x_wconf 87' lang='lat' dir='ltr'><strong>virtutum</strong></span> <span class='ocrx_word' id='word_1_367' title='bbox 1104 4052 1408 4109; x_wconf 87' lang='lat' dir='ltr'><strong>constituit</strong></span> <span class='ocrx_word' id='word_1_368' title='bbox 1431 4048 1684 4116; x_wconf 87' lang='lat' dir='ltr'><strong>ordines,</strong></span> <span class='ocrx_word' id='word_1_369' title='bbox 1709 4063 1739 4100; x_wconf 91' lang='lat' dir='ltr'><strong>e</strong></span> <span class='ocrx_word' id='word_1_370' title='bbox 1769 4045 1986 4115; x_wconf 84' lang='lat' dir='ltr'><strong>quibus</strong></span> <span class='ocrx_word' id='word_1_371' title='bbox 2018 4043 2162 4098; x_wconf 87' lang='lat' dir='ltr'><strong>alias</strong></span> 
     </span>
    </p>
   </div>
   <div class='ocr_carea' id='block_1_59' title="bbox 507 4134 2165 4222">
    <p class='ocr_par' dir='ltr' id='par_1_59' title="bbox 507 4134 2165 4222">
     <span class='ocr_line' id='line_1_60' title="bbox 507 4134 2165 4222; baseline -0.013 -14"><span class='ocrx_word' id='word_1_372' title='bbox 507 4134 674 4208; x_wconf 73' lang='lat' dir='ltr'><strong>vocat</strong></span> <span class='ocrx_word' id='word_1_373' title='bbox 705 4148 973 4222; x_wconf 87' lang='lat' dir='ltr'><strong>politicas</strong></span> <span class='ocrx_word' id='word_1_374' title='bbox 996 4162 1120 4215; x_wconf 73' lang='lat' dir='ltr'><strong>quea</strong></span> <span class='ocrx_word' id='word_1_375' title='bbox 1155 4141 1374 4196; x_wconf 87' lang='lat' dir='ltr'><strong>homini</strong></span> <span class='ocrx_word' id='word_1_376' title='bbox 1411 4138 1467 4190; x_wconf 89' lang='lat' dir='ltr'><strong>in</strong></span> <span class='ocrx_word' id='word_1_377' title='bbox 1490 4137 1608 4190; x_wconf 75' lang='lat' dir='ltr'><strong>vita</strong></span> <span class='ocrx_word' id='word_1_378' title='bbox 1627 4134 1885 4189; x_wconf 85' lang='lat' dir='ltr'><strong>versanti</strong></span> <span class='ocrx_word' id='word_1_379' title='bbox 1917 4136 2165 4204; x_wconf 88' lang='lat' dir='ltr'><strong>possunt</strong></span> 
     </span>
    </p>
   </div>
   <div class='ocr_carea' id='block_1_60' title="bbox 509 4223 2160 4303">
    <p class='ocr_par' dir='ltr' id='par_1_60' title="bbox 509 4223 2160 4303">
     <span class='ocr_line' id='line_1_61' title="bbox 509 4223 2160 4303; baseline -0.013 -6"><span class='ocrx_word' id='word_1_380' title='bbox 509 4257 639 4296; x_wconf 89' lang='lat' dir='ltr'><strong>esse</strong></span> <span class='ocrx_word' id='word_1_381' title='bbox 670 4241 1015 4294; x_wconf 87' lang='lat' dir='ltr'><strong>ornamento</strong></span> <span class='ocrx_word' id='word_1_382' title='bbox 1045 4249 1058 4286; x_wconf 91' lang='lat'><strong>:</strong></span> <span class='ocrx_word' id='word_1_383' title='bbox 1095 4228 1464 4303; x_wconf 86' lang='lat' dir='ltr'><strong>purgatorias</strong></span> <span class='ocrx_word' id='word_1_384' title='bbox 1504 4225 1674 4291; x_wconf 86' lang='lat' dir='ltr'><strong>alias,</strong></span> <span class='ocrx_word' id='word_1_385' title='bbox 1700 4223 1963 4294; x_wconf 87' lang='lat' dir='ltr'><strong>aliasque</strong></span> <span class='ocrx_word' id='word_1_386' title='bbox 1997 4223 2160 4276; x_wconf 84' lang='lat' dir='ltr'><strong>theo-</strong></span> 
     </span>
    </p>
   </div>
   <div class='ocr_carea' id='block_1_61' title="bbox 510 4311 2161 4389">
    <p class='ocr_par' dir='ltr' id='par_1_61' title="bbox 510 4311 2161 4389">
     <span class='ocr_line' id='line_1_62' title="bbox 510 4311 2161 4389; baseline -0.013 -3"><span class='ocrx_word' id='word_1_387' title='bbox 510 4330 742 4386; x_wconf 91' lang='lat' dir='ltr'><strong>reticas.</strong></span> <span class='ocrx_word' id='word_1_388' title='bbox 774 4324 976 4382; x_wconf 87' lang='lat' dir='ltr'><strong>Furori</strong></span> <span class='ocrx_word' id='word_1_389' title='bbox 1009 4327 1203 4378; x_wconf 87' lang='lat' dir='ltr'><strong>autem</strong></span> <span class='ocrx_word' id='word_1_390' title='bbox 1236 4316 1499 4389; x_wconf 81' lang='lat' dir='ltr'><strong>proxima</strong></span> <span class='ocrx_word' id='word_1_391' title='bbox 1529 4314 1711 4368; x_wconf 83' lang='lat' dir='ltr'><strong>virtus</strong></span> <span class='ocrx_word' id='word_1_392' title='bbox 1742 4329 1774 4367; x_wconf 88' lang='lat' dir='ltr'><strong>a</strong></span> <span class='ocrx_word' id='word_1_393' title='bbox 1804 4311 2044 4366; x_wconf 91' lang='lat' dir='ltr'><strong>Platone</strong></span> <span class='ocrx_word' id='word_1_394' title='bbox 2075 4311 2161 4365; x_wconf 89' lang='lat' dir='ltr'><strong>di-</strong></span> 
     </span>
    </p>
   </div>
   <div class='ocr_carea' id='block_1_62' title="bbox 511 4401 2162 4491">
    <p class='ocr_par' dir='ltr' id='par_1_62' title="bbox 511 4401 2162 4491">
     <span class='ocr_line' id='line_1_63' title="bbox 511 4401 2162 4491; baseline -0.015 -14"><span class='ocrx_word' id='word_1_395' title='bbox 511 4421 664 4476; x_wconf 89' lang='lat' dir='ltr'><strong>citur</strong></span> <span class='ocrx_word' id='word_1_396' title='bbox 693 4435 822 4491; x_wconf 72' lang='lat' dir='ltr'><strong>quae</strong></span> <span class='ocrx_word' id='word_1_397' title='bbox 852 4417 967 4472; x_wconf 90' lang='lat' dir='ltr'><strong>Deo</strong></span> <span class='ocrx_word' id='word_1_398' title='bbox 1001 4413 1258 4484; x_wconf 79' lang='lat' dir='ltr'><strong>agitante</strong></span> <span class='ocrx_word' id='word_1_399' title='bbox 1299 4413 1388 4463; x_wconf 88' lang='lat' dir='ltr'><strong>est</strong></span> <span class='ocrx_word' id='word_1_400' title='bbox 1422 4405 1705 4461; x_wconf 81' lang='lat' dir='ltr'><strong>instincta</strong></span> <span class='ocrx_word' id='word_1_401' title='bbox 1736 4401 2162 4466; x_wconf 80' lang='lat' dir='ltr'><strong>cntliusiasmo,</strong></span> 
     </span>
    </p>
   </div>
   <div class='ocr_carea' id='block_1_63' title="bbox 507 4489 2159 4580">
    <p class='ocr_par' dir='ltr' id='par_1_63' title="bbox 507 4489 2159 4580">
     <span class='ocr_line' id='line_1_64' title="bbox 507 4489 2159 4580; baseline -0.016 -13"><span class='ocrx_word' id='word_1_402' title='bbox 507 4489 888 4580; x_wconf 81' lang='lat' dir='ltr'><strong>animamque</strong></span> <span class='ocrx_word' id='word_1_403' title='bbox 917 4504 1055 4560; x_wconf 88' lang='lat' dir='ltr'><strong>facit</strong></span> <span class='ocrx_word' id='word_1_404' title='bbox 1077 4499 1231 4556; x_wconf 88' lang='lat' dir='ltr'><strong>circa</strong></span> <span class='ocrx_word' id='word_1_405' title='bbox 1252 4496 1450 4553; x_wconf 84' lang='lat' dir='ltr'><strong>divina</strong></span> <span class='ocrx_word' id='word_1_406' title='bbox 1471 4493 1768 4562; x_wconf 78' lang='lat' dir='ltr'><strong>exardere,</strong></span> <span class='ocrx_word' id='word_1_407' title='bbox 1792 4495 1848 4546; x_wconf 92' lang='lat' dir='ltr'><strong>et</strong></span> <span class='ocrx_word' id='word_1_408' title='bbox 1867 4489 2159 4556; x_wconf 85' lang='lat' dir='ltr'><strong>bacchari,</strong></span> 
     </span>
    </p>
   </div>
   <div class='ocr_carea' id='block_1_64' title="bbox 507 4578 2160 4671">
    <p class='ocr_par' dir='ltr' id='par_1_64' title="bbox 507 4578 2160 4671">
     <span class='ocr_line' id='line_1_65' title="bbox 507 4578 2160 4671; baseline -0.015 -15"><span class='ocrx_word' id='word_1_409' title='bbox 507 4578 804 4671; x_wconf 79' lang='lat' dir='ltr'><strong>tanquam</strong></span> <span class='ocrx_word' id='word_1_410' title='bbox 823 4593 998 4668; x_wconf 89' lang='lat' dir='ltr'><strong>plena</strong></span> <span class='ocrx_word' id='word_1_411' title='bbox 1041 4586 1429 4647; x_wconf 88' lang='lat' dir='ltr'><strong>commotione</strong></span> <span class='ocrx_word' id='word_1_412' title='bbox 1457 4583 1654 4640; x_wconf 89' lang='lat' dir='ltr'><strong>divina</strong></span> <span class='ocrx_word' id='word_1_413' title='bbox 1681 4585 1738 4636; x_wconf 88' lang='lat' dir='ltr'><strong>et</strong></span> <span class='ocrx_word' id='word_1_414' title='bbox 1767 4578 2064 4651; x_wconf 70' lang='lat' dir='ltr'><strong>limphatze</strong></span> <span class='ocrx_word' id='word_1_415' title='bbox 2096 4596 2160 4632; x_wconf 93' lang='lat' dir='ltr'><strong>ac</strong></span> 
     </span>
    </p>
   </div>
   <div class='ocr_carea' id='block_1_65' title="bbox 2264 1984 3910 2062">
    <p class='ocr_par' dir='ltr' id='par_1_65' title="bbox 2264 1984 3910 2062">
     <span class='ocr_line' id='line_1_66' title="bbox 2264 1984 3910 2062; baseline 0.001 -25"><span class='ocrx_word' id='word_1_416' title='bbox 2264 2005 2377 2060; x_wconf 89' lang='grc' dir='ltr'>ριον</span> <span class='ocrx_word' id='word_1_417' title='bbox 2407 1989 2656 2039; x_wconf 74' lang='grc' dir='ltr'><strong>’ττοιοῦσιι⁸</strong></span> <span class='ocrx_word' id='word_1_418' title='bbox 2689 1985 2950 2062; x_wconf 71' lang='grc' dir='ltr'>φρόνησις</span> <span class='ocrx_word' id='word_1_419' title='bbox 2981 1988 3014 2055; x_wconf 79' lang='grc' dir='ltr'><strong>ἡ</strong></span> <span class='ocrx_word' id='word_1_420' title='bbox 3045 1986 3184 2058; x_wconf 87' lang='grc' dir='ltr'>πρὸς</span> <span class='ocrx_word' id='word_1_421' title='bbox 3214 1988 3361 2057; x_wconf 75' lang='grc' dir='ltr'>ἡμᾶς</span> <span class='ocrx_word' id='word_1_422' title='bbox 3392 1984 3586 2045; x_wconf 82' lang='grc' dir='ltr'>αὐτοὺς</span> <span class='ocrx_word' id='word_1_423' title='bbox 3617 1986 3717 2052; x_wconf 76' lang='grc' dir='ltr'><strong>τήν</strong></span> <span class='ocrx_word' id='word_1_424' title='bbox 3763 1986 3910 2053; x_wconf 72' lang='grc' dir='ltr'>ζωήν</span> 
     </span>
    </p>
   </div>
   <div class='ocr_carea' id='block_1_66' title="bbox 2260 2072 3920 2150">
    <p class='ocr_par' dir='ltr' id='par_1_66' title="bbox 2260 2072 3920 2150">
     <span class='ocr_line' id='line_1_67' title="bbox 2260 2072 3920 2150; baseline 0.001 -24"><span class='ocrx_word' id='word_1_425' title='bbox 2260 2075 2448 2148; x_wconf 80' lang='grc' dir='ltr'>νοεράν</span> <span class='ocrx_word' id='word_1_426' title='bbox 2498 2074 2887 2150; x_wconf 81' lang='grc' dir='ltr'><strong>ἀπεργάζεσθαι</strong></span> <span class='ocrx_word' id='word_1_427' title='bbox 2952 2074 3285 2150; x_wconf 74' lang='grc' dir='ltr'>βουλομένη.</span> <span class='ocrx_word' id='word_1_428' title='bbox 3339 2075 3441 2130; x_wconf 82' lang='grc' dir='ltr'>Καὶ</span> <span class='ocrx_word' id='word_1_429' title='bbox 3494 2075 3597 2148; x_wconf 81' lang='grc' dir='ltr'><strong>γὰρ</strong></span> <span class='ocrx_word' id='word_1_430' title='bbox 3653 2072 3920 2145; x_wconf 77' lang='grc' dir='ltr'>ἐνοόμεθα</span> 
     </span>
    </p>
   </div>
   <div class='ocr_carea' id='block_1_67' title="bbox 2261 2163 3918 2238">
    <p class='ocr_par' dir='ltr' id='par_1_67' title="bbox 2261 2163 3918 2238">
     <span class='ocr_line' id='line_1_68' title="bbox 2261 2163 3918 2238; baseline 0.001 -21"><span class='ocrx_word' id='word_1_431' title='bbox 2261 2163 2397 2217; x_wconf 84' lang='grc' dir='ltr'>κατὰ</span> <span class='ocrx_word' id='word_1_432' title='bbox 2445 2165 2545 2231; x_wconf 78' lang='grc' dir='ltr'>τὴν</span> <span class='ocrx_word' id='word_1_433' title='bbox 2605 2164 2862 2234; x_wconf 79' lang='grc' dir='ltr'><strong>ὁσιότητα</strong></span> <span class='ocrx_word' id='word_1_434' title='bbox 2912 2166 3047 2238; x_wconf 82' lang='grc' dir='ltr'>πρὸς</span> <span class='ocrx_word' id='word_1_435' title='bbox 3099 2164 3190 2218; x_wconf 86' lang='grc' dir='ltr'><strong>τὸν</strong></span> <span class='ocrx_word' id='word_1_436' title='bbox 3234 2164 3362 2218; x_wconf 85' lang='grc' dir='ltr'>Θεὸν</span> <span class='ocrx_word' id='word_1_437' title='bbox 3393 2163 3572 2218; x_wconf 78' lang='grc' dir='ltr'>καὶτὸ</span> <span class='ocrx_word' id='word_1_438' title='bbox 3603 2163 3678 2230; x_wconf 81' lang='grc' dir='ltr'>ἓν,</span> <span class='ocrx_word' id='word_1_439' title='bbox 3713 2183 3918 2238; x_wconf 80' lang='grc' dir='ltr'>προνο-</span> 
     </span>
    </p>
   </div>
   <div class='ocr_carea' id='block_1_68' title="bbox 2265 2251 3922 2326">
    <p class='ocr_par' dir='ltr' id='par_1_68' title="bbox 2265 2251 3922 2326">
     <span class='ocr_line' id='line_1_69' title="bbox 2265 2251 3922 2326; baseline 0 -18"><span class='ocrx_word' id='word_1_440' title='bbox 2265 2259 2430 2326; x_wconf 75' lang='grc' dir='ltr'>οῦμεν</span> <span class='ocrx_word' id='word_1_441' title='bbox 2456 2251 2512 2308; x_wconf 73' lang='grc' dir='ltr'><strong>δὲ</strong></span> <span class='ocrx_word' id='word_1_442' title='bbox 2541 2259 2648 2309; x_wconf 86' lang='grc' dir='ltr'><strong>τῶν</strong></span> <span class='ocrx_word' id='word_1_443' title='bbox 2693 2253 2997 2310; x_wconf 80' lang='grc' dir='ltr'><strong>ἐλαττόνων</strong></span> <span class='ocrx_word' id='word_1_444' title='bbox 3043 2255 3179 2310; x_wconf 79' lang='grc' dir='ltr'>κατὰ</span> <span class='ocrx_word' id='word_1_445' title='bbox 3227 2256 3287 2310; x_wconf 91' lang='grc' dir='ltr'>τὸ</span> <span class='ocrx_word' id='word_1_446' title='bbox 3338 2252 3566 2313; x_wconf 78' lang='grc' dir='ltr'>δίκαιον.</span> <span class='ocrx_word' id='word_1_447' title='bbox 3601 2259 3808 2308; x_wconf 80' lang='grc' dir='ltr'>Γνῶσιν</span> <span class='ocrx_word' id='word_1_448' title='bbox 3865 2252 3922 2308; x_wconf 65' lang='grc' dir='ltr'><strong>δὲ</strong></span> 
     </span>
    </p>
   </div>
   <div class='ocr_carea' id='block_1_69' title="bbox 2265 2337 3920 2418">
    <p class='ocr_par' dir='ltr' id='par_1_69' title="bbox 2265 2337 3920 2418">
     <span class='ocr_line' id='line_1_70' title="bbox 2265 2337 3920 2418; baseline 0.001 -22"><span class='ocrx_word' id='word_1_449' title='bbox 2265 2342 2500 2418; x_wconf 70' lang='grc' dir='ltr'>ἄρρητον</span> <span class='ocrx_word' id='word_1_450' title='bbox 2533 2340 2737 2417; x_wconf 74' lang='grc' dir='ltr'>ἔχομεν</span> <span class='ocrx_word' id='word_1_451' title='bbox 2769 2344 2906 2398; x_wconf 88' lang='grc' dir='ltr'><strong>κατά</strong></span> <span class='ocrx_word' id='word_1_452' title='bbox 2943 2345 3040 2412; x_wconf 78' lang='grc' dir='ltr'>τήν</span> <span class='ocrx_word' id='word_1_453' title='bbox 3075 2337 3359 2417; x_wconf 74' lang='grc' dir='ltr'>φρόνησιν.</span> <span class='ocrx_word' id='word_1_454' title='bbox 3391 2345 3454 2397; x_wconf 70' lang='grc' dir='ltr'><em>Ἠ</em></span> <span class='ocrx_word' id='word_1_455' title='bbox 3505 2343 3690 2416; x_wconf 71' lang='grc' dir='ltr'>μέντοι</span> <span class='ocrx_word' id='word_1_456' title='bbox 3747 2344 3920 2411; x_wconf 66' lang='grc' dir='ltr'>ἠθική</span> 
     </span>
    </p>
   </div>
   <div class='ocr_carea' id='block_1_70' title="bbox 2235 2432 3926 2522">
    <p class='ocr_par' dir='ltr' id='par_1_70' title="bbox 2235 2432 3926 2522">
     <span class='ocr_line' id='line_1_71' title="bbox 2235 2432 3926 2522; baseline -0.001 -36"><span class='ocrx_word' id='word_1_457' title='bbox 2235 2434 2428 2522; x_wconf 37' lang='grc' dir='ltr'>,ἀρετή</span> <span class='ocrx_word' id='word_1_458' title='bbox 2481 2433 2586 2487; x_wconf 82' lang='grc' dir='ltr'>ἀπὸ</span> <span class='ocrx_word' id='word_1_459' title='bbox 2635 2435 2951 2510; x_wconf 72' lang='grc' dir='ltr'>φρονήσεως</span> <span class='ocrx_word' id='word_1_460' title='bbox 2983 2433 3078 2504; x_wconf 75' lang='grc' dir='ltr'>μὲν</span> <span class='ocrx_word' id='word_1_461' title='bbox 3111 2433 3379 2507; x_wconf 81' lang='grc' dir='ltr'>πρόεισιν,</span> <span class='ocrx_word' id='word_1_462' title='bbox 3413 2432 3474 2487; x_wconf 81' lang='grc' dir='ltr'><strong>οὗ</strong></span> <span class='ocrx_word' id='word_1_463' title='bbox 3537 2433 3722 2505; x_wconf 75' lang='grc' dir='ltr'>μέντοι</span> <span class='ocrx_word' id='word_1_464' title='bbox 3783 2433 3926 2504; x_wconf 74' lang='grc' dir='ltr'>μετὰ</span> 
     </span>
    </p>
   </div>
   <div class='ocr_carea' id='block_1_71' title="bbox 2267 2517 3924 2597">
    <p class='ocr_par' dir='ltr' id='par_1_71' title="bbox 2267 2517 3924 2597">
     <span class='ocr_line' id='line_1_72' title="bbox 2267 2517 3924 2597; baseline 0 -21"><span class='ocrx_word' id='word_1_465' title='bbox 2267 2525 2582 2596; x_wconf 77' lang='grc' dir='ltr'>φρονήσεως</span> <span class='ocrx_word' id='word_1_466' title='bbox 2644 2523 2864 2596; x_wconf 80' lang='grc' dir='ltr'>ἐνεργεῖ,</span> <span class='ocrx_word' id='word_1_467' title='bbox 2921 2521 3068 2578; x_wconf 76' lang='grc' dir='ltr'>ἀλλὰ</span> <span class='ocrx_word' id='word_1_468' title='bbox 3111 2517 3277 2597; x_wconf 78' lang='grc' dir='ltr'>τριϐῇ</span> <span class='ocrx_word' id='word_1_469' title='bbox 3357 2521 3565 2597; x_wconf 78' lang='grc' dir='ltr'>χρονίῳ</span> <span class='ocrx_word' id='word_1_470' title='bbox 3627 2521 3924 2596; x_wconf 74' lang='grc' dir='ltr'>ἐγγίνεται.</span> 
     </span>
    </p>
   </div>
   <div class='ocr_carea' id='block_1_72' title="bbox 2268 2608 3924 2686">
    <p class='ocr_par' dir='ltr' id='par_1_72' title="bbox 2268 2608 3924 2686">
     <span class='ocr_line' id='line_1_73' title="bbox 2268 2608 3924 2686; baseline -0.001 -20"><span class='ocrx_word' id='word_1_471' title='bbox 2268 2613 2451 2681; x_wconf 81' lang='grc' dir='ltr'>Διήκει</span> <span class='ocrx_word' id='word_1_472' title='bbox 2501 2609 2558 2666; x_wconf 72' lang='grc' dir='ltr'><strong>δὲ</strong></span> <span class='ocrx_word' id='word_1_473' title='bbox 2611 2613 2645 2681; x_wconf 86' lang='grc' dir='ltr'>ἡ</span> <span class='ocrx_word' id='word_1_474' title='bbox 2704 2618 2804 2682; x_wconf 82' lang='grc' dir='ltr'>τῆς</span> <span class='ocrx_word' id='word_1_475' title='bbox 2855 2612 3050 2686; x_wconf 75' lang='grc' dir='ltr'>ἀρετῆς</span> <span class='ocrx_word' id='word_1_476' title='bbox 3133 2612 3350 2682; x_wconf 82' lang='grc' dir='ltr'><strong>θειότης</strong></span> <span class='ocrx_word' id='word_1_477' title='bbox 3407 2608 3496 2664; x_wconf 70' lang='grc' dir='ltr'><strong>διὰ</strong></span> <span class='ocrx_word' id='word_1_478' title='bbox 3553 2613 3766 2666; x_wconf 75' lang='grc' dir='ltr'>πάντων</span> <span class='ocrx_word' id='word_1_479' title='bbox 3809 2615 3924 2666; x_wconf 80' lang='grc' dir='ltr'><strong>τῶν</strong></span> 
     </span>
    </p>
   </div>
   <div class='ocr_carea' id='block_1_73' title="bbox 2269 2697 3926 2776">
    <p class='ocr_par' dir='ltr' id='par_1_73' title="bbox 2269 2697 3926 2776">
     <span class='ocr_line' id='line_1_74' title="bbox 2269 2697 3926 2776; baseline 0 -22"><span class='ocrx_word' id='word_1_480' title='bbox 2269 2697 2460 2757; x_wconf 79' lang='grc' dir='ltr'>ὄντων.</span> <span class='ocrx_word' id='word_1_481' title='bbox 2521 2703 2672 2756; x_wconf 80' lang='grc' dir='ltr'>Ἔστι</span> <span class='ocrx_word' id='word_1_482' title='bbox 2715 2703 2815 2774; x_wconf 72' lang='grc' dir='ltr'><strong>γὰρ</strong></span> <span class='ocrx_word' id='word_1_483' title='bbox 2868 2701 2956 2755; x_wconf 75' lang='grc' dir='ltr'><strong>καὶ</strong></span> <span class='ocrx_word' id='word_1_484' title='bbox 3018 2701 3410 2776; x_wconf 80' lang='grc' dir='ltr'>ὑπερουράνιος</span> <span class='ocrx_word' id='word_1_485' title='bbox 3451 2701 3616 2776; x_wconf 86' lang='grc' dir='ltr'>ἀρετὴ</span> <span class='ocrx_word' id='word_1_486' title='bbox 3671 2699 3762 2754; x_wconf 73' lang='grc' dir='ltr'><strong>καὶ</strong></span> <span class='ocrx_word' id='word_1_487' title='bbox 3835 2702 3926 2754; x_wconf 65' lang='grc' dir='ltr'><strong>οὖς</strong></span> 
     </span>
    </p>
   </div>
   <div class='ocr_carea' id='block_1_74' title="bbox 2269 2788 3926 2866">
    <p class='ocr_par' dir='ltr' id='par_1_74' title="bbox 2269 2788 3926 2866">
     <span class='ocr_line' id='line_1_75' title="bbox 2269 2788 3926 2866; baseline -0.001 -22"><span class='ocrx_word' id='word_1_488' title='bbox 2269 2794 2487 2866; x_wconf 87' lang='grc' dir='ltr'>ράνιος·</span> <span class='ocrx_word' id='word_1_489' title='bbox 2529 2788 2618 2844; x_wconf 75' lang='grc' dir='ltr'>καί</span> <span class='ocrx_word' id='word_1_490' title='bbox 2674 2789 3037 2865; x_wconf 82' lang='grc' dir='ltr'>ὑπερκόσμιος</span> <span class='ocrx_word' id='word_1_491' title='bbox 3092 2790 3181 2845; x_wconf 81' lang='grc' dir='ltr'><strong>καὶ</strong></span> <span class='ocrx_word' id='word_1_492' title='bbox 3238 2789 3552 2865; x_wconf 76' lang='grc' dir='ltr'>ἐγκόσμιος,</span> <span class='ocrx_word' id='word_1_493' title='bbox 3609 2791 3699 2844; x_wconf 86' lang='grc' dir='ltr'><strong>καὶ</strong></span> <span class='ocrx_word' id='word_1_494' title='bbox 3757 2791 3926 2864; x_wconf 84' lang='grc' dir='ltr'>νοερά</span> 
     </span>
    </p>
   </div>
   <div class='ocr_carea' id='block_1_75' title="bbox 2267 2878 3924 2956">
    <p class='ocr_par' dir='ltr' id='par_1_75' title="bbox 2267 2878 3924 2956">
     <span class='ocr_line' id='line_1_76' title="bbox 2267 2878 3924 2956; baseline -0.002 -22"><span class='ocrx_word' id='word_1_495' title='bbox 2267 2881 2354 2934; x_wconf 79' lang='grc' dir='ltr'><strong>καὶ</strong></span> <span class='ocrx_word' id='word_1_496' title='bbox 2387 2881 2622 2954; x_wconf 77' lang='grc' dir='ltr'>ψυχικὴ,</span> <span class='ocrx_word' id='word_1_497' title='bbox 2652 2879 2742 2933; x_wconf 84' lang='grc' dir='ltr'><strong>καὶ</strong></span> <span class='ocrx_word' id='word_1_498' title='bbox 2795 2878 3059 2956; x_wconf 79' lang='grc' dir='ltr'>ἀγγελική</span> <span class='ocrx_word' id='word_1_499' title='bbox 3109 2879 3198 2934; x_wconf 82' lang='grc' dir='ltr'><strong>καὶ</strong></span> <span class='ocrx_word' id='word_1_500' title='bbox 3242 2879 3582 2954; x_wconf 77' lang='grc' dir='ltr'>ἀνθρωπική.</span> <span class='ocrx_word' id='word_1_501' title='bbox 3617 2885 3770 2934; x_wconf 84' lang='grc' dir='ltr'>’Ἐστι</span> <span class='ocrx_word' id='word_1_502' title='bbox 3833 2879 3924 2932; x_wconf 81' lang='grc' dir='ltr'><strong>καὶ</strong></span> 
     </span>
    </p>
   </div>
   <div class='ocr_carea' id='block_1_76' title="bbox 2267 2963 3926 3044">
    <p class='ocr_par' dir='ltr' id='par_1_76' title="bbox 2267 2963 3926 3044">
     <span class='ocr_line' id='line_1_77' title="bbox 2267 2963 3926 3044; baseline -0.002 -20"><span class='ocrx_word' id='word_1_503' title='bbox 2267 2971 2419 3044; x_wconf 85' lang='grc' dir='ltr'>πηγή</span> <span class='ocrx_word' id='word_1_504' title='bbox 2477 2970 2703 3042; x_wconf 79' lang='grc' dir='ltr'><strong>ἀρετῶν,</strong></span> <span class='ocrx_word' id='word_1_505' title='bbox 2759 2972 2826 3038; x_wconf 71' lang='grc' dir='ltr'>ἧς</span> <span class='ocrx_word' id='word_1_506' title='bbox 2878 2969 3000 3024; x_wconf 77' lang='grc' dir='ltr'>τότε</span> <span class='ocrx_word' id='word_1_507' title='bbox 3066 2963 3580 3042; x_wconf 80' lang='grc' dir='ltr'>καταλαμϐάνομεν,</span> <span class='ocrx_word' id='word_1_508' title='bbox 3633 2967 3758 3022; x_wconf 76' lang='grc' dir='ltr'>ὅταν</span> <span class='ocrx_word' id='word_1_509' title='bbox 3819 2967 3926 3037; x_wconf 75' lang='grc' dir='ltr'>τήν</span> 
     </span>
    </p>
   </div>
   <div class='ocr_carea' id='block_1_77' title="bbox 2273 3057 3924 3136">
    <p class='ocr_par' dir='ltr' id='par_1_77' title="bbox 2273 3057 3924 3136">
     <span class='ocr_line' id='line_1_78' title="bbox 2273 3057 3924 3136; baseline 0 -24"><span class='ocrx_word' id='word_1_510' title='bbox 2273 3059 2530 3133; x_wconf 72' lang='grc' dir='ltr'>μεριστήν</span> <span class='ocrx_word' id='word_1_511' title='bbox 2609 3057 2830 3136; x_wconf 65' lang='grc' dir='ltr'>ἀφέντες</span> <span class='ocrx_word' id='word_1_512' title='bbox 2906 3057 3116 3128; x_wconf 81' lang='grc' dir='ltr'>νόησιν,</span> <span class='ocrx_word' id='word_1_513' title='bbox 3193 3057 3559 3129; x_wconf 82' lang='grc' dir='ltr'>τελειωτάτην</span> <span class='ocrx_word' id='word_1_514' title='bbox 3631 3057 3924 3132; x_wconf 73' lang='grc' dir='ltr'>σύμπασαν</span> 
     </span>
    </p>
   </div>
   <div class='ocr_carea' id='block_1_78' title="bbox 2269 3147 2879 3223">
    <p class='ocr_par' dir='ltr' id='par_1_78' title="bbox 2269 3147 2879 3223">
     <span class='ocr_line' id='line_1_79' title="bbox 2269 3147 2879 3223; baseline 0 -19"><span class='ocrx_word' id='word_1_515' title='bbox 2269 3149 2462 3223; x_wconf 72' lang='grc' dir='ltr'>ἀρετὴν</span> <span class='ocrx_word' id='word_1_516' title='bbox 2498 3147 2854 3223; x_wconf 72' lang='grc' dir='ltr'>ἓνεργήσομεν</span> <span class='ocrx_word' id='word_1_517' title='bbox 2865 3192 2879 3204; x_wconf 94' lang='grc'><strong>.</strong></span> 
     </span>
    </p>
   </div>
   <div class='ocr_carea' id='block_1_79' title="bbox 2756 3328 3423 3406">
    <p class='ocr_par' dir='ltr' id='par_1_79' title="bbox 2756 3328 3423 3406">
     <span class='ocr_line' id='line_1_80' title="bbox 2756 3328 3423 3406; baseline 0 -22"><span class='ocrx_word' id='word_1_518' title='bbox 2756 3337 2853 3384; x_wconf 74' lang='lat' dir='ltr'><strong>va‘.</strong></span> <span class='ocrx_word' id='word_1_519' title='bbox 2887 3331 3005 3386; x_wconf 78' lang='grc' dir='ltr'>Ἔτι</span> <span class='ocrx_word' id='word_1_520' title='bbox 3043 3328 3168 3404; x_wconf 84' lang='grc' dir='ltr'>περὶ</span> <span class='ocrx_word' id='word_1_521' title='bbox 3199 3329 3423 3406; x_wconf 79' lang='grc' dir='ltr'>ἀρετῶν.</span> 
     </span>
    </p>
   </div>
   <div class='ocr_carea' id='block_1_80' title="bbox 2343 3415 3932 3496">
    <p class='ocr_par' dir='ltr' id='par_1_80' title="bbox 2343 3415 3932 3496">
     <span class='ocr_line' id='line_1_81' title="bbox 2343 3415 3932 3496; baseline -0.001 -22"><span class='ocrx_word' id='word_1_522' title='bbox 2343 3415 2726 3491; x_wconf 73' lang='grc' dir='ltr'>Ἀριστοτέλης</span> <span class='ocrx_word' id='word_1_523' title='bbox 2757 3420 2851 3491; x_wconf 76' lang='grc' dir='ltr'>μὲν</span> <span class='ocrx_word' id='word_1_524' title='bbox 2885 3419 2912 3473; x_wconf 87' lang='grc' dir='ltr'>ὁ</span> <span class='ocrx_word' id='word_1_525' title='bbox 2945 3415 3249 3496; x_wconf 75' lang='grc' dir='ltr'>φιλόσοφος</span> <span class='ocrx_word' id='word_1_526' title='bbox 3298 3417 3554 3492; x_wconf 72' lang='grc' dir='ltr'>τέσσαρας</span> <span class='ocrx_word' id='word_1_527' title='bbox 3583 3417 3802 3494; x_wconf 74' lang='grc' dir='ltr'>γενικὰς</span> <span class='ocrx_word' id='word_1_528' title='bbox 3853 3416 3932 3489; x_wconf 77' lang='grc' dir='ltr'><strong>ἑξ-</strong></span> 
     </span>
    </p>
   </div>
   <div class='ocr_carea' id='block_1_81' title="bbox 2270 3503 3932 3584">
    <p class='ocr_par' dir='ltr' id='par_1_81' title="bbox 2270 3503 3932 3584">
     <span class='ocr_line' id='line_1_82' title="bbox 2270 3503 3932 3584; baseline -0.002 -23"><span class='ocrx_word' id='word_1_529' title='bbox 2270 3509 2491 3582; x_wconf 86' lang='grc' dir='ltr'>αριθμεῖ</span> <span class='ocrx_word' id='word_1_530' title='bbox 2535 3509 2746 3578; x_wconf 83' lang='grc' dir='ltr'>ἀρετὰς·</span> <span class='ocrx_word' id='word_1_531' title='bbox 2783 3508 3070 3584; x_wconf 71' lang='grc' dir='ltr'>φρόνησιν,</span> <span class='ocrx_word' id='word_1_532' title='bbox 3123 3503 3492 3576; x_wconf 68' lang='grc' dir='ltr'>δικαιοσύνην,</span> <span class='ocrx_word' id='word_1_533' title='bbox 3531 3503 3778 3582; x_wconf 78' lang='grc' dir='ltr'>ἀνδρείαν</span> <span class='ocrx_word' id='word_1_534' title='bbox 3837 3507 3932 3560; x_wconf 81' lang='grc' dir='ltr'><strong>καὶ</strong></span> 
     </span>
    </p>
   </div>
   <div class='ocr_carea' id='block_1_82' title="bbox 2271 3595 3934 3672">
    <p class='ocr_par' dir='ltr' id='par_1_82' title="bbox 2271 3595 3934 3672">
     <span class='ocr_line' id='line_1_83' title="bbox 2271 3595 3934 3672; baseline -0.001 -22"><span class='ocrx_word' id='word_1_535' title='bbox 2271 3595 2650 3670; x_wconf 85' lang='grc' dir='ltr'>σωφροσύνην.</span> <span class='ocrx_word' id='word_1_536' title='bbox 2711 3597 2809 3650; x_wconf 83' lang='grc' dir='ltr'><strong>Καὶ</strong></span> <span class='ocrx_word' id='word_1_537' title='bbox 2893 3597 2990 3664; x_wconf 77' lang='grc' dir='ltr'><strong>τήν</strong></span> <span class='ocrx_word' id='word_1_538' title='bbox 3083 3596 3176 3668; x_wconf 74' lang='grc' dir='ltr'>μὲν</span> <span class='ocrx_word' id='word_1_539' title='bbox 3261 3595 3520 3672; x_wconf 79' lang='grc' dir='ltr'>φρόνησιν</span> <span class='ocrx_word' id='word_1_540' title='bbox 3577 3596 3758 3650; x_wconf 82' lang='grc' dir='ltr'>τάττει</span> <span class='ocrx_word' id='word_1_541' title='bbox 3825 3595 3934 3648; x_wconf 73' lang='grc' dir='ltr'>ὑπὸ</span> 
     </span>
    </p>
   </div>
   <div class='ocr_carea' id='block_1_83' title="bbox 2269 3683 3934 3759">
    <p class='ocr_par' dir='ltr' id='par_1_83' title="bbox 2269 3683 3934 3759">
     <span class='ocr_line' id='line_1_84' title="bbox 2269 3683 3934 3759; baseline -0.002 -19"><span class='ocrx_word' id='word_1_542' title='bbox 2269 3688 2366 3755; x_wconf 72' lang='grc' dir='ltr'>τὴν</span> <span class='ocrx_word' id='word_1_543' title='bbox 2403 3683 2663 3739; x_wconf 82' lang='grc' dir='ltr'>διάνοιαν·</span> <span class='ocrx_word' id='word_1_544' title='bbox 2695 3685 2790 3747; x_wconf 83' lang='grc' dir='ltr'>τὰς</span> <span class='ocrx_word' id='word_1_545' title='bbox 2825 3683 2881 3739; x_wconf 73' lang='grc' dir='ltr'><strong>δὲ</strong></span> <span class='ocrx_word' id='word_1_546' title='bbox 2912 3683 3107 3746; x_wconf 77' lang='grc' dir='ltr'>λοιπὰς</span> <span class='ocrx_word' id='word_1_547' title='bbox 3153 3690 3300 3759; x_wconf 85' lang='grc' dir='ltr'>τρεῖς</span> <span class='ocrx_word' id='word_1_548' title='bbox 3352 3684 3456 3738; x_wconf 84' lang='grc' dir='ltr'><strong>ὑπὸ</strong></span> <span class='ocrx_word' id='word_1_549' title='bbox 3510 3685 3572 3738; x_wconf 84' lang='grc' dir='ltr'><strong>τὸ</strong></span> <span class='ocrx_word' id='word_1_550' title='bbox 3615 3685 3934 3752; x_wconf 76' lang='grc' dir='ltr'>παθητικὸν</span> 
     </span>
    </p>
   </div>
   <div class='ocr_carea' id='block_1_84' title="bbox 2271 3772 3932 3851">
    <p class='ocr_par' dir='ltr' id='par_1_84' title="bbox 2271 3772 3932 3851">
     <span class='ocr_line' id='line_1_85' title="bbox 2271 3772 3932 3851; baseline -0.002 -23"><span class='ocrx_word' id='word_1_551' title='bbox 2271 3777 2369 3842; x_wconf 71' lang='grc' dir='ltr'>τῆς</span> <span class='ocrx_word' id='word_1_552' title='bbox 2413 3775 2620 3848; x_wconf 71' lang='grc' dir='ltr'>ψυχης.</span> <span class='ocrx_word' id='word_1_553' title='bbox 2653 3774 2758 3829; x_wconf 78' lang='grc' dir='ltr'>Καὶ</span> <span class='ocrx_word' id='word_1_554' title='bbox 2793 3775 2916 3828; x_wconf 77' lang='grc' dir='ltr'>οὗτε</span> <span class='ocrx_word' id='word_1_555' title='bbox 2955 3776 3054 3843; x_wconf 76' lang='grc' dir='ltr'>τήν</span> <span class='ocrx_word' id='word_1_556' title='bbox 3104 3772 3362 3851; x_wconf 74' lang='grc' dir='ltr'>φρόνησιν</span> <span class='ocrx_word' id='word_1_557' title='bbox 3416 3772 3467 3827; x_wconf 79' lang='grc' dir='ltr'><strong>ἐν</strong></span> <span class='ocrx_word' id='word_1_558' title='bbox 3514 3777 3593 3844; x_wconf 80' lang='grc' dir='ltr'><strong>τῷ</strong></span> <span class='ocrx_word' id='word_1_559' title='bbox 3633 3779 3932 3844; x_wconf 71' lang='grc' dir='ltr'>παθητικῷ</span> 
     </span>
    </p>
   </div>
   <div class='ocr_carea' id='block_1_85' title="bbox 2277 3859 3934 3939">
    <p class='ocr_par' dir='ltr' id='par_1_85' title="bbox 2277 3859 3934 3939">
     <span class='ocr_line' id='line_1_86' title="bbox 2277 3859 3934 3939; baseline -0.002 -21"><span class='ocrx_word' id='word_1_560' title='bbox 2277 3866 2426 3939; x_wconf 78' lang='grc' dir='ltr'>μὲρει</span> <span class='ocrx_word' id='word_1_561' title='bbox 2457 3865 2795 3931; x_wconf 78' lang='grc' dir='ltr'>κατατάττει,</span> <span class='ocrx_word' id='word_1_562' title='bbox 2829 3859 2952 3917; x_wconf 79' lang='grc' dir='ltr'>οὔτε</span> <span class='ocrx_word' id='word_1_563' title='bbox 2973 3863 3069 3925; x_wconf 76' lang='grc' dir='ltr'>τὰς</span> <span class='ocrx_word' id='word_1_564' title='bbox 3112 3867 3259 3938; x_wconf 82' lang='grc' dir='ltr'>τρεῖς</span> <span class='ocrx_word' id='word_1_565' title='bbox 3313 3862 3506 3936; x_wconf 81' lang='grc' dir='ltr'>ἀρετὰς</span> <span class='ocrx_word' id='word_1_566' title='bbox 3565 3861 3616 3916; x_wconf 79' lang='grc' dir='ltr'>ἐν</span> <span class='ocrx_word' id='word_1_567' title='bbox 3674 3865 3744 3934; x_wconf 79' lang='grc' dir='ltr'>τῇ</span> <span class='ocrx_word' id='word_1_568' title='bbox 3811 3859 3934 3916; x_wconf 68' lang='lat' dir='ltr'><strong>62a-</strong></span> 
     </span>
    </p>
   </div>
   <div class='ocr_carea' id='block_1_86' title="bbox 2271 3949 3930 4026">
    <p class='ocr_par' dir='ltr' id='par_1_86' title="bbox 2271 3949 3930 4026">
     <span class='ocr_line' id='line_1_87' title="bbox 2271 3949 3930 4026; baseline -0.004 -18"><span class='ocrx_word' id='word_1_569' title='bbox 2271 3955 2392 4025; x_wconf 76' lang='grc' dir='ltr'>νοίᾳ</span> <span class='ocrx_word' id='word_1_570' title='bbox 2437 3953 2660 4010; x_wconf 82' lang='grc' dir='ltr'>τίθεται.</span> <span class='ocrx_word' id='word_1_571' title='bbox 2694 3955 2755 4008; x_wconf 81' lang='grc' dir='ltr'><strong>Ὀ</strong></span> <span class='ocrx_word' id='word_1_572' title='bbox 2809 3949 2866 4007; x_wconf 78' lang='grc' dir='ltr'><strong>δὲ</strong></span> <span class='ocrx_word' id='word_1_573' title='bbox 2915 3950 3145 4008; x_wconf 79' lang='grc' dir='ltr'>Πλάτων</span> <span class='ocrx_word' id='word_1_574' title='bbox 3177 3951 3437 4024; x_wconf 74' lang='grc' dir='ltr'>τέσσαρας</span> <span class='ocrx_word' id='word_1_575' title='bbox 3487 3949 3660 4022; x_wconf 78' lang='grc' dir='ltr'>τάξεις</span> <span class='ocrx_word' id='word_1_576' title='bbox 3717 3950 3930 4026; x_wconf 76' lang='grc' dir='ltr'>ἀρετῶν</span> 
     </span>
    </p>
   </div>
   <div class='ocr_carea' id='block_1_87' title="bbox 2271 4039 3930 4114">
    <p class='ocr_par' dir='ltr' id='par_1_87' title="bbox 2271 4039 3930 4114">
     <span class='ocr_line' id='line_1_88' title="bbox 2271 4039 3930 4114; baseline -0.004 -16"><span class='ocrx_word' id='word_1_577' title='bbox 2271 4042 2630 4111; x_wconf 87' lang='grc' dir='ltr'>ποιεῖται,καὶ</span> <span class='ocrx_word' id='word_1_578' title='bbox 2659 4042 2753 4104; x_wconf 77' lang='grc' dir='ltr'><strong>τὰς</strong></span> <span class='ocrx_word' id='word_1_579' title='bbox 2790 4043 2882 4113; x_wconf 76' lang='grc' dir='ltr'>μὶν</span> <span class='ocrx_word' id='word_1_580' title='bbox 2918 4041 3174 4114; x_wconf 79' lang='grc' dir='ltr'>ὀνομάζει</span> <span class='ocrx_word' id='word_1_581' title='bbox 3204 4039 3652 4110; x_wconf 76' lang='grc' dir='ltr'>πολιτικάς,δσαι</span> <span class='ocrx_word' id='word_1_582' title='bbox 3681 4045 3930 4111; x_wconf 66' lang='grc' dir='ltr'>κοσμοῦν</span> 
     </span>
    </p>
   </div>
   <div class='ocr_carea' id='block_1_88' title="bbox 2272 4126 3930 4206">
    <p class='ocr_par' dir='ltr' id='par_1_88' title="bbox 2272 4126 3930 4206">
     <span class='ocr_line' id='line_1_89' title="bbox 2272 4126 3930 4206; baseline -0.004 -18"><span class='ocrx_word' id='word_1_583' title='bbox 2272 4157 2322 4188; x_wconf 93' lang='grc' dir='ltr'><strong>σι</strong></span> <span class='ocrx_word' id='word_1_584' title='bbox 2351 4134 2443 4187; x_wconf 86' lang='grc' dir='ltr'>τὸν</span> <span class='ocrx_word' id='word_1_585' title='bbox 2467 4133 2517 4188; x_wconf 81' lang='grc' dir='ltr'>ἐν</span> <span class='ocrx_word' id='word_1_586' title='bbox 2552 4137 2629 4204; x_wconf 82' lang='grc' dir='ltr'>τῷ</span> <span class='ocrx_word' id='word_1_587' title='bbox 2664 4131 2767 4206; x_wconf 82' lang='grc' dir='ltr'><strong>βίῳ</strong></span> <span class='ocrx_word' id='word_1_588' title='bbox 2795 4129 3222 4204; x_wconf 82' lang='grc' dir='ltr'>πολιτευόμενον</span> <span class='ocrx_word' id='word_1_589' title='bbox 3255 4127 3561 4204; x_wconf 77' lang='grc' dir='ltr'>ἄνθρωπον·</span> <span class='ocrx_word' id='word_1_590' title='bbox 3597 4129 3662 4182; x_wconf 74' lang='grc' dir='ltr'>τὰ</span> <span class='ocrx_word' id='word_1_591' title='bbox 3711 4126 3768 4182; x_wconf 71' lang='grc' dir='ltr'><strong>δὲ</strong></span> <span class='ocrx_word' id='word_1_592' title='bbox 3799 4141 3930 4192; x_wconf 76' lang='grc' dir='ltr'>κοθ-</span> 
     </span>
    </p>
   </div>
   <div class='ocr_carea' id='block_1_89' title="bbox 2273 4215 3936 4299">
    <p class='ocr_par' dir='ltr' id='par_1_89' title="bbox 2273 4215 3936 4299">
     <span class='ocr_line' id='line_1_90' title="bbox 2273 4215 3936 4299; baseline -0.007 -22"><span class='ocrx_word' id='word_1_593' title='bbox 2273 4223 2516 4299; x_wconf 80' lang='grc' dir='ltr'>αρτικάς,</span> <span class='ocrx_word' id='word_1_594' title='bbox 2547 4221 2642 4285; x_wconf 77' lang='grc' dir='ltr'>τὰς</span> <span class='ocrx_word' id='word_1_595' title='bbox 2699 4218 2754 4274; x_wconf 74' lang='grc' dir='ltr'><strong>’ὀὶ</strong></span> <span class='ocrx_word' id='word_1_596' title='bbox 2797 4219 3154 4296; x_wconf 78' lang='grc' dir='ltr'>θεωρητικὰς.</span> <span class='ocrx_word' id='word_1_597' title='bbox 3187 4219 3396 4287; x_wconf 80' lang='grc' dir='ltr'>Μανικὴ</span> <span class='ocrx_word' id='word_1_598' title='bbox 3458 4215 3515 4272; x_wconf 74' lang='grc' dir='ltr'><strong>δὲ</strong></span> <span class='ocrx_word' id='word_1_599' title='bbox 3567 4218 3730 4292; x_wconf 76' lang='grc' dir='ltr'>ἀρετή</span> <span class='ocrx_word' id='word_1_600' title='bbox 3777 4215 3936 4290; x_wconf 62' lang='grc' dir='ltr'>λέγε-</span> 
     </span>
    </p>
   </div>
   <div class='ocr_carea' id='block_1_90' title="bbox 2272 4307 3934 4386">
    <p class='ocr_par' dir='ltr' id='par_1_90' title="bbox 2272 4307 3934 4386">
     <span class='ocr_line' id='line_1_91' title="bbox 2272 4307 3934 4386; baseline -0.005 -18"><span class='ocrx_word' id='word_1_601' title='bbox 2272 4334 2355 4368; x_wconf 91' lang='grc' dir='ltr'><strong>ται</strong></span> <span class='ocrx_word' id='word_1_602' title='bbox 2389 4315 2422 4382; x_wconf 77' lang='grc' dir='ltr'>ἡ</span> <span class='ocrx_word' id='word_1_603' title='bbox 2459 4309 2870 4386; x_wconf 68' lang='grc' dir='ltr'>θεοφορουμένη</span> <span class='ocrx_word' id='word_1_604' title='bbox 2921 4308 3010 4364; x_wconf 82' lang='grc' dir='ltr'><strong>καὶ</strong></span> <span class='ocrx_word' id='word_1_605' title='bbox 3060 4307 3409 4376; x_wconf 81' lang='grc' dir='ltr'>ἐνθουσιῶσα,</span> <span class='ocrx_word' id='word_1_606' title='bbox 3443 4307 3532 4362; x_wconf 72' lang='grc' dir='ltr'><strong>καὶ</strong></span> <span class='ocrx_word' id='word_1_607' title='bbox 3579 4307 3678 4376; x_wconf 74' lang='grc' dir='ltr'>τὴν</span> <span class='ocrx_word' id='word_1_608' title='bbox 3737 4309 3934 4380; x_wconf 71' lang='grc' dir='ltr'>ψυχῆν</span> 
     </span>
    </p>
   </div>
   <div class='ocr_carea' id='block_1_91' title="bbox 2271 4393 3940 4478">
    <p class='ocr_par' dir='ltr' id='par_1_91' title="bbox 2271 4393 3940 4478">
     <span class='ocr_line' id='line_1_92' title="bbox 2271 4393 3940 4478; baseline -0.005 -20"><span class='ocrx_word' id='word_1_609' title='bbox 2271 4403 2394 4478; x_wconf 81' lang='grc' dir='ltr'>περὶ</span> <span class='ocrx_word' id='word_1_610' title='bbox 2428 4402 2488 4457; x_wconf 86' lang='grc' dir='ltr'>τὸ</span> <span class='ocrx_word' id='word_1_611' title='bbox 2519 4404 2657 4455; x_wconf 83' lang='grc' dir='ltr'>θεῖον</span> <span class='ocrx_word' id='word_1_612' title='bbox 2691 4393 3155 4474; x_wconf 75' lang='grc' dir='ltr'>ἀναϐακχεύουσα,</span> <span class='ocrx_word' id='word_1_613' title='bbox 3187 4396 3276 4452; x_wconf 80' lang='grc' dir='ltr'><strong>καὶ</strong></span> <span class='ocrx_word' id='word_1_614' title='bbox 3311 4399 3426 4451; x_wconf 78' lang='grc' dir='ltr'>οἷον</span> <span class='ocrx_word' id='word_1_615' title='bbox 3459 4395 3756 4470; x_wconf 78' lang='grc' dir='ltr'>ἐνθεασμοῦ</span> <span class='ocrx_word' id='word_1_616' title='bbox 3787 4397 3940 4465; x_wconf 63' lang='grc' dir='ltr'>πλη-</span> 
     </span>
    </p>
   </div>
   <div class='ocr_carea' id='block_1_92' title="bbox 2273 4483 3936 4568">
    <p class='ocr_par' dir='ltr' id='par_1_92' title="bbox 2273 4483 3936 4568">
     <span class='ocr_line' id='line_1_93' title="bbox 2273 4483 3936 4568; baseline -0.004 -22"><span class='ocrx_word' id='word_1_617' title='bbox 2273 4514 2371 4568; x_wconf 85' lang='grc' dir='ltr'><strong>ρης</strong></span> <span class='ocrx_word' id='word_1_618' title='bbox 2423 4491 2511 4546; x_wconf 83' lang='grc' dir='ltr'><strong>καὶ</strong></span> <span class='ocrx_word' id='word_1_619' title='bbox 2569 4483 3034 4566; x_wconf 76' lang='grc' dir='ltr'>κορυϐαντιάσεως</span> <span class='ocrx_word' id='word_1_620' title='bbox 3091 4485 3372 4562; x_wconf 67' lang='grc' dir='ltr'>γινομένη.</span> <span class='ocrx_word' id='word_1_621' title='bbox 3432 4485 3490 4540; x_wconf 84' lang='grc' dir='ltr'><strong>Ὀ</strong></span> <span class='ocrx_word' id='word_1_622' title='bbox 3551 4486 3736 4559; x_wconf 68' lang='grc' dir='ltr'>μέντοι</span> <span class='ocrx_word' id='word_1_623' title='bbox 3799 4487 3936 4546; x_wconf 76' lang='grc' dir='ltr'>Θεὸς</span> 
     </span>
    </p>
   </div>
   <div class='ocr_carea' id='block_1_93' title="bbox 2269 4570 3938 4658">
    <p class='ocr_par' dir='ltr' id='par_1_93' title="bbox 2269 4570 3938 4658">
     <span class='ocr_line' id='line_1_94' title="bbox 2269 4570 3938 4658; baseline -0.005 -22"><span class='ocrx_word' id='word_1_624' title='bbox 2269 4582 2464 4658; x_wconf 77' lang='grc' dir='ltr'>ἀρετῆς</span> <span class='ocrx_word' id='word_1_625' title='bbox 2494 4577 2603 4635; x_wconf 80' lang='grc' dir='ltr'>ἐστι</span> <span class='ocrx_word' id='word_1_626' title='bbox 2639 4577 2856 4652; x_wconf 76' lang='grc' dir='ltr'>μείζων,</span> <span class='ocrx_word' id='word_1_627' title='bbox 2889 4575 2950 4632; x_wconf 80' lang='grc' dir='ltr'><strong>οὗ</strong></span> <span class='ocrx_word' id='word_1_628' title='bbox 2988 4576 3154 4650; x_wconf 86' lang='grc' dir='ltr'>μόνον</span> <span class='ocrx_word' id='word_1_629' title='bbox 3201 4581 3299 4644; x_wconf 80' lang='grc' dir='ltr'>τῆς</span> <span class='ocrx_word' id='word_1_630' title='bbox 3361 4574 3434 4637; x_wconf 85' lang='grc' dir='ltr'>ὡς</span> <span class='ocrx_word' id='word_1_631' title='bbox 3474 4570 3634 4645; x_wconf 72' lang='grc' dir='ltr'>ἕξεως</span> <span class='ocrx_word' id='word_1_632' title='bbox 3681 4572 3770 4628; x_wconf 78' lang='grc' dir='ltr'><strong>καὶ</strong></span> <span class='ocrx_word' id='word_1_633' title='bbox 3827 4581 3938 4644; x_wconf 73' lang='grc' dir='ltr'>τῆς</span> 
     </span>
    </p>
   </div>
   <div class='ocr_carea' id='block_1_94' title="bbox 507 4644 2159 4750">
    <p class='ocr_par' dir='ltr' id='par_1_94' title="bbox 507 4644 2157 4750">
     <span class='ocr_line' id='line_1_95' title="bbox 512 4644 1895 4671; baseline -0.016 2"><span class='ocrx_word' id='word_1_634' title='bbox 512 4644 792 4671; x_wconf 57' lang='grc' dir='ltr'><strong>’νυν-νηο-</strong></span> <span class='ocrx_word' id='word_1_635' title='bbox 823 4644 998 4668; x_wconf 68' lang='grc' dir='ltr'><strong>ι--ν-π</strong></span> <span class='ocrx_word' id='word_1_636' title='bbox 1049 4644 1168 4647; x_wconf 59' lang='lat'><strong>—--~~</strong></span> <span class='ocrx_word' id='word_1_637' title='bbox 1877 4644 1895 4651; x_wconf 95' lang='lat'>_</span> 
     </span>
     <span class='ocr_line' id='line_1_96' title="bbox 507 4671 2157 4750; baseline -0.016 -4"><span class='ocrx_word' id='word_1_638' title='bbox 507 4688 772 4746; x_wconf 69' lang='lat' dir='ltr'><strong>fanatica:</strong></span> <span class='ocrx_word' id='word_1_639' title='bbox 805 4687 1010 4742; x_wconf 87' lang='lat' dir='ltr'><strong>instar.</strong></span> <span class='ocrx_word' id='word_1_640' title='bbox 1043 4681 1196 4738; x_wconf 83' lang='lat' dir='ltr'><strong>D;us</strong></span> <span class='ocrx_word' id='word_1_641' title='bbox 1227 4693 1398 4750; x_wconf 89' lang='lat' dir='ltr'><strong>porro</strong></span> <span class='ocrx_word' id='word_1_642' title='bbox 1427 4675 1644 4730; x_wconf 86' lang='lat' dir='ltr'><strong>virtute</strong></span> <span class='ocrx_word' id='word_1_643' title='bbox 1679 4671 1866 4742; x_wconf 85' lang='lat' dir='ltr'><strong>major</strong></span> <span class='ocrx_word' id='word_1_644' title='bbox 1896 4673 2004 4733; x_wconf 85' lang='lat' dir='ltr'><strong>est,</strong></span> <span class='ocrx_word' id='word_1_645' title='bbox 2042 4683 2157 4722; x_wconf 93' lang='lat' dir='ltr'><strong>non</strong></span> 
     </span>
    </p>
   </div>
   <div class='ocr_carea' id='block_1_95' title="bbox 2274 4644 3391 4750">
    <p class='ocr_par' dir='ltr' id='par_1_95' title="bbox 2274 4665 3391 4750">
     <span class='ocr_line' id='line_1_97' title="bbox 2274 4665 3391 4750; baseline -0.007 -23"><span class='ocrx_word' id='word_1_646' title='bbox 2274 4671 2592 4750; x_wconf 68' lang='grc' dir='ltr'>αὐτοφυοῦς,</span> <span class='ocrx_word' id='word_1_647' title='bbox 2622 4667 2765 4724; x_wconf 82' lang='grc' dir='ltr'>ἀλλᾶ</span> <span class='ocrx_word' id='word_1_648' title='bbox 2790 4666 2878 4722; x_wconf 85' lang='grc' dir='ltr'><strong>καὶ</strong></span> <span class='ocrx_word' id='word_1_649' title='bbox 2909 4673 3008 4737; x_wconf 77' lang='grc' dir='ltr'>τῆς</span> <span class='ocrx_word' id='word_1_650' title='bbox 3038 4665 3391 4740; x_wconf 74' lang='grc' dir='ltr'>αὖτοαρετῆς.</span> 
     </span>
    </p>
   </div>
   <div class='ocr_carea' id='block_1_96' title="bbox 505 4757 2161 4846">
    <p class='ocr_par' dir='ltr' id='par_1_96' title="bbox 505 4757 2161 4846">
     <span class='ocr_line' id='line_1_98' title="bbox 505 4757 2161 4846; baseline -0.015 -9"><span class='ocrx_word' id='word_1_651' title='bbox 505 4780 680 4837; x_wconf 89' lang='lat' dir='ltr'><strong>modo</strong></span> <span class='ocrx_word' id='word_1_652' title='bbox 713 4777 814 4833; x_wconf 90' lang='lat' dir='ltr'><strong>illa</strong></span> <span class='ocrx_word' id='word_1_653' title='bbox 844 4791 968 4846; x_wconf 86' lang='lat' dir='ltr'><strong>quae</strong></span> <span class='ocrx_word' id='word_1_654' title='bbox 1015 4775 1104 4828; x_wconf 87' lang='lat' dir='ltr'><strong>est</strong></span> <span class='ocrx_word' id='word_1_655' title='bbox 1153 4767 1411 4838; x_wconf 86' lang='lat' dir='ltr'><strong>habitus,</strong></span> <span class='ocrx_word' id='word_1_656' title='bbox 1444 4769 1500 4820; x_wconf 90' lang='lat' dir='ltr'><strong>et</strong></span> <span class='ocrx_word' id='word_1_657' title='bbox 1531 4759 1762 4834; x_wconf 86' lang='lat' dir='ltr'><strong>qualern</strong></span> <span class='ocrx_word' id='word_1_658' title='bbox 1797 4763 2008 4814; x_wconf 88' lang='lat' dir='ltr'><strong>natura</strong></span> <span class='ocrx_word' id='word_1_659' title='bbox 2049 4757 2161 4812; x_wconf 85' lang='lat' dir='ltr'><strong>fert</strong></span> 
     </span>
    </p>
   </div>
   <div class='ocr_carea' id='block_1_97' title="bbox 509 4846 2031 4936">
    <p class='ocr_par' dir='ltr' id='par_1_97' title="bbox 509 4846 2031 4936">
     <span class='ocr_line' id='line_1_99' title="bbox 509 4846 2031 4936; baseline -0.017 -10"><span class='ocrx_word' id='word_1_660' title='bbox 509 4869 846 4936; x_wconf 90' lang='lat' dir='ltr'><strong>hominum,</strong></span> <span class='ocrx_word' id='word_1_661' title='bbox 878 4864 978 4921; x_wconf 89' lang='lat' dir='ltr'><strong>sed</strong></span> <span class='ocrx_word' id='word_1_662' title='bbox 1009 4861 1187 4918; x_wconf 85' lang='lat' dir='ltr'><strong>etiam</strong></span> <span class='ocrx_word' id='word_1_663' title='bbox 1217 4858 1348 4930; x_wconf 86' lang='lat' dir='ltr'><strong>ipsa</strong></span> <span class='ocrx_word' id='word_1_664' title='bbox 1378 4861 1512 4911; x_wconf 81' lang='lat' dir='ltr'><strong>aster</strong></span> <span class='ocrx_word' id='word_1_665' title='bbox 1585 4903 1588 4907; x_wconf 93' lang='lat'><strong>.</strong></span> <span class='ocrx_word' id='word_1_666' title='bbox 1619 4851 1749 4906; x_wconf 88' lang='lat' dir='ltr'><strong>idea</strong></span> <span class='ocrx_word' id='word_1_667' title='bbox 1777 4846 2031 4905; x_wconf 88' lang='lat' dir='ltr'><strong>virtutis.</strong></span> 
     </span>
    </p>
   </div>
   <div class='ocr_carea' id='block_1_98' title="bbox 1005 4963 1664 5024">
    <p class='ocr_par' dir='ltr' id='par_1_98' title="bbox 1005 4963 1664 5024">
     <span class='ocr_line' id='line_1_100' title="bbox 1005 4963 1664 5024; baseline -0.017 0"><span class='ocrx_word' id='word_1_668' title='bbox 1005 4972 1100 5024; x_wconf 83' lang='lat'><strong>52.</strong></span> <span class='ocrx_word' id='word_1_669' title='bbox 1133 4967 1324 5022; x_wconf 83' lang='lat' dir='ltr'><strong>Adhuc</strong></span> <span class='ocrx_word' id='word_1_670' title='bbox 1350 4963 1414 5017; x_wconf 82' lang='lat' dir='ltr'><strong>de</strong></span> <span class='ocrx_word' id='word_1_671' title='bbox 1505 4963 1664 5016; x_wconf 78' lang='grc' dir='ltr'>ιιιιιε.</span> 
     </span>
    </p>
   </div>
   <div class='ocr_carea' id='block_1_99' title="bbox 583 5042 2168 5127">
    <p class='ocr_par' dir='ltr' id='par_1_99' title="bbox 583 5042 2168 5127">
     <span class='ocr_line' id='line_1_101' title="bbox 583 5042 2168 5127; baseline -0.018 -2"><span class='ocrx_word' id='word_1_672' title='bbox 583 5069 706 5124; x_wconf 89' lang='lat' dir='ltr'><strong>Non</strong></span> <span class='ocrx_word' id='word_1_673' title='bbox 741 5081 860 5121; x_wconf 90' lang='lat' dir='ltr'><strong>una</strong></span> <span class='ocrx_word' id='word_1_674' title='bbox 887 5061 1208 5127; x_wconf 90' lang='lat' dir='ltr'><strong>eademque</strong></span> <span class='ocrx_word' id='word_1_675' title='bbox 1262 5068 1506 5108; x_wconf 85' lang='lat' dir='ltr'><strong>numero</strong></span> <span class='ocrx_word' id='word_1_676' title='bbox 1556 5051 1646 5104; x_wconf 86' lang='lat' dir='ltr'><strong>est</strong></span> <span class='ocrx_word' id='word_1_677' title='bbox 1693 5045 1838 5101; x_wconf 85' lang='lat' dir='ltr'><strong>ratio</strong></span> <span class='ocrx_word' id='word_1_678' title='bbox 1889 5061 2006 5115; x_wconf 86' lang='lat' dir='ltr'><strong>qua</strong></span> <span class='ocrx_word' id='word_1_679' title='bbox 2053 5042 2168 5098; x_wconf 90' lang='lat' dir='ltr'><strong>Deo</strong></span> 
     </span>
    </p>
   </div>
   <div class='ocr_carea' id='block_1_100' title="bbox 516 5132 2174 5218">
    <p class='ocr_par' dir='ltr' id='par_1_100' title="bbox 516 5132 2174 5218">
     <span class='ocr_line' id='line_1_102' title="bbox 516 5132 2174 5218; baseline -0.018 -3"><span class='ocrx_word' id='word_1_680' title='bbox 516 5155 938 5218; x_wconf 87' lang='lat' dir='ltr'><strong>assimilamur,</strong></span> <span class='ocrx_word' id='word_1_681' title='bbox 957 5149 1054 5206; x_wconf 88' lang='lat' dir='ltr'><strong>sed</strong></span> <span class='ocrx_word' id='word_1_682' title='bbox 1077 5147 1308 5202; x_wconf 87' lang='lat' dir='ltr'><strong>diversa</strong></span> <span class='ocrx_word' id='word_1_683' title='bbox 1331 5159 1397 5198; x_wconf 88' lang='lat' dir='ltr'><strong>ac</strong></span> <span class='ocrx_word' id='word_1_684' title='bbox 1421 5136 1744 5209; x_wconf 87' lang='lat' dir='ltr'><strong>multiplex.</strong></span> <span class='ocrx_word' id='word_1_685' title='bbox 1761 5132 2174 5189; x_wconf 87' lang='lat' dir='ltr'><strong>Assimilamur</strong></span> 
     </span>
    </p>
   </div>
   <div class='ocr_carea' id='block_1_101' title="bbox 512 5222 2174 5316">
    <p class='ocr_par' dir='ltr' id='par_1_101' title="bbox 512 5222 2174 5316">
     <span class='ocr_line' id='line_1_103' title="bbox 512 5222 2174 5316; baseline -0.018 -12"><span class='ocrx_word' id='word_1_686' title='bbox 512 5249 668 5304; x_wconf 86' lang='lat' dir='ltr'><strong>enim</strong></span> <span class='ocrx_word' id='word_1_687' title='bbox 703 5243 815 5316; x_wconf 90' lang='lat' dir='ltr'><strong>ipsi</strong></span> <span class='ocrx_word' id='word_1_688' title='bbox 865 5257 967 5313; x_wconf 89' lang='lat' dir='ltr'><strong>per</strong></span> <span class='ocrx_word' id='word_1_689' title='bbox 1005 5237 1252 5294; x_wconf 90' lang='lat' dir='ltr'><strong>virtutes</strong></span> <span class='ocrx_word' id='word_1_690' title='bbox 1283 5231 1575 5304; x_wconf 86' lang='lat' dir='ltr'><strong>puliticas,</strong></span> <span class='ocrx_word' id='word_1_691' title='bbox 1609 5225 1710 5282; x_wconf 86' lang='lat' dir='ltr'><strong>sed</strong></span> <span class='ocrx_word' id='word_1_692' title='bbox 1742 5222 1950 5278; x_wconf 85' lang='lat' dir='ltr'><strong>exilius</strong></span> <span class='ocrx_word' id='word_1_693' title='bbox 1997 5226 2174 5292; x_wconf 88' lang='lat' dir='ltr'><strong>atque</strong></span> 
     </span>
    </p>
   </div>
   <div class='ocr_carea' id='block_1_102' title="bbox 521 5311 2176 5392">
    <p class='ocr_par' dir='ltr' id='par_1_102' title="bbox 521 5311 2176 5392">
     <span class='ocr_line' id='line_1_104' title="bbox 521 5311 2176 5392; baseline -0.015 1"><span class='ocrx_word' id='word_1_694' title='bbox 521 5311 830 5392; x_wconf 48' lang='lat' dir='ltr'><strong>obscur—ius</strong></span> <span class='ocrx_word' id='word_1_695' title='bbox 865 5311 893 5387; x_wconf 45' lang='grc' dir='ltr'>-ε</span> <span class='ocrx_word' id='word_1_696' title='bbox 943 5325 1346 5384; x_wconf 84' lang='lat' dir='ltr'><strong>assimilamur</strong></span> <span class='ocrx_word' id='word_1_697' title='bbox 1401 5319 1590 5375; x_wconf 87' lang='lat' dir='ltr'><strong>eidem</strong></span> <span class='ocrx_word' id='word_1_698' title='bbox 1645 5331 1746 5387; x_wconf 90' lang='lat' dir='ltr'><strong>per</strong></span> <span class='ocrx_word' id='word_1_699' title='bbox 1803 5311 2176 5386; x_wconf 83' lang='lat' dir='ltr'><strong>purgatorias</strong></span> 
     </span>
    </p>
   </div>
   <div class='ocr_carea' id='block_1_103' title="bbox 508 5401 2174 5493">
    <p class='ocr_par' dir='ltr' id='par_1_103' title="bbox 508 5401 2174 5493">
     <span class='ocr_line' id='line_1_105' title="bbox 508 5401 2174 5493; baseline -0.016 -11"><span class='ocrx_word' id='word_1_700' title='bbox 508 5427 782 5493; x_wconf 89' lang='lat' dir='ltr'><strong>virtutes,</strong></span> <span class='ocrx_word' id='word_1_701' title='bbox 807 5421 908 5477; x_wconf 87' lang='lat' dir='ltr'><strong>sed</strong></span> <span class='ocrx_word' id='word_1_702' title='bbox 941 5413 1277 5488; x_wconf 84' lang='lat' dir='ltr'><strong>expressius</strong></span> <span class='ocrx_word' id='word_1_703' title='bbox 1312 5428 1324 5466; x_wconf 89' lang='lat'>:</span> <span class='ocrx_word' id='word_1_704' title='bbox 1357 5405 1765 5464; x_wconf 87' lang='lat' dir='ltr'><strong>assimilamur</strong></span> <span class='ocrx_word' id='word_1_705' title='bbox 1793 5419 1897 5474; x_wconf 88' lang='lat' dir='ltr'><strong>pcr</strong></span> <span class='ocrx_word' id='word_1_706' title='bbox 1929 5401 2174 5456; x_wconf 83' lang='lat' dir='ltr'><strong>virtutes</strong></span> 
     </span>
    </p>
   </div>
   <div class='ocr_carea' id='block_1_104' title="bbox 513 5489 2176 5582">
    <p class='ocr_par' dir='ltr' id='par_1_104' title="bbox 513 5489 2176 5582">
     <span class='ocr_line' id='line_1_106' title="bbox 513 5489 2176 5582; baseline -0.018 -10"><span class='ocrx_word' id='word_1_707' title='bbox 513 5489 868 5582; x_wconf 66' lang='lat' dir='ltr'><strong>theoreticas</strong></span> <span class='ocrx_word' id='word_1_708' title='bbox 925 5508 1260 5562; x_wconf 86' lang='lat' dir='ltr'><strong>etiamnum</strong></span> <span class='ocrx_word' id='word_1_709' title='bbox 1315 5497 1717 5570; x_wconf 84' lang='lat' dir='ltr'><strong>splendidius;</strong></span> <span class='ocrx_word' id='word_1_710' title='bbox 1772 5489 2176 5547; x_wconf 84' lang='lat' dir='ltr'><strong>assimilamur</strong></span> 
     </span>
    </p>
   </div>
   <div class='ocr_carea' id='block_1_105' title="bbox 509 5579 2172 5673">
    <p class='ocr_par' dir='ltr' id='par_1_105' title="bbox 509 5579 2172 5673">
     <span class='ocr_line' id='line_1_107' title="bbox 509 5579 2172 5673; baseline -0.016 -12"><span class='ocrx_word' id='word_1_711' title='bbox 509 5579 686 5662; x_wconf 79' lang='lat' dir='ltr'><strong>etiam</strong></span> <span class='ocrx_word' id='word_1_712' title='bbox 721 5617 822 5673; x_wconf 91' lang='lat' dir='ltr'><strong>per</strong></span> <span class='ocrx_word' id='word_1_713' title='bbox 853 5595 1210 5666; x_wconf 82' lang='lat' dir='ltr'><strong>thcurgicas,</strong></span> <span class='ocrx_word' id='word_1_714' title='bbox 1246 5597 1420 5660; x_wconf 83' lang='lat' dir='ltr'><strong>atque</strong></span> <span class='ocrx_word' id='word_1_715' title='bbox 1451 5587 1570 5640; x_wconf 76' lang='lat' dir='ltr'><strong>haec</strong></span> <span class='ocrx_word' id='word_1_716' title='bbox 1599 5585 1838 5640; x_wconf 83' lang='lat' dir='ltr'><strong>domum</strong></span> <span class='ocrx_word' id='word_1_717' title='bbox 1875 5579 2172 5651; x_wconf 86' lang='lat' dir='ltr'><strong>perfectis-</strong></span> 
     </span>
    </p>
   </div>
   <div class='ocr_carea' id='block_1_106' title="bbox 510 5671 2143 5754">
    <p class='ocr_par' dir='ltr' id='par_1_106' title="bbox 510 5671 2143 5754">
     <span class='ocr_line' id='line_1_108' title="bbox 510 5671 2143 5754; baseline -0.018 -2"><span class='ocrx_word' id='word_1_718' title='bbox 510 5694 663 5754; x_wconf 89' lang='lat' dir='ltr'><strong>sima</strong></span> <span class='ocrx_word' id='word_1_719' title='bbox 719 5671 810 5746; x_wconf 77' lang='lat' dir='ltr'><strong>est</strong></span> <span class='ocrx_word' id='word_1_720' title='bbox 867 5681 1238 5744; x_wconf 84' lang='lat' dir='ltr'><strong>assimilatio.</strong></span> <span class='ocrx_word' id='word_1_721' title='bbox 1295 5683 1554 5748; x_wconf 75' lang='lat' dir='ltr'><strong>I’nrgare</strong></span> <span class='ocrx_word' id='word_1_722' title='bbox 1613 5672 1768 5728; x_wconf 84' lang='lat' dir='ltr'><strong>enim</strong></span> <span class='ocrx_word' id='word_1_723' title='bbox 1830 5671 2143 5738; x_wconf 85' lang='lat' dir='ltr'><strong>animas,e</strong></span> 
     </span>
    </p>
   </div>
   <div class='ocr_carea' id='block_1_107' title="bbox 517 5757 2178 5848">
    <p class='ocr_par' dir='ltr' id='par_1_107' title="bbox 517 5757 2178 5848">
     <span class='ocr_line' id='line_1_109' title="bbox 517 5757 2178 5848; baseline -0.017 -6"><span class='ocrx_word' id='word_1_724' title='bbox 517 5783 674 5842; x_wconf 86' lang='lat' dir='ltr'><strong>entia</strong></span> <span class='ocrx_word' id='word_1_725' title='bbox 705 5771 1098 5848; x_wconf 86' lang='lat' dir='ltr'><strong>contemplari</strong></span> <span class='ocrx_word' id='word_1_726' title='bbox 1148 5787 1262 5826; x_wconf 91' lang='lat' dir='ltr'><strong>non</strong></span> <span class='ocrx_word' id='word_1_727' title='bbox 1295 5767 1537 5824; x_wconf 89' lang='lat' dir='ltr'><strong>omnino</strong></span> <span class='ocrx_word' id='word_1_728' title='bbox 1585 5763 1696 5821; x_wconf 90' lang='lat' dir='ltr'><strong>sim</strong></span> <span class='ocrx_word' id='word_1_729' title='bbox 1721 5761 1794 5816; x_wconf 90' lang='lat' dir='ltr'><strong>ile</strong></span> <span class='ocrx_word' id='word_1_730' title='bbox 1841 5757 2066 5829; x_wconf 89' lang='lat' dir='ltr'><strong>aliquid</strong></span> <span class='ocrx_word' id='word_1_731' title='bbox 2097 5757 2178 5816; x_wconf 88' lang='lat' dir='ltr'><strong>De</strong></span> 
     </span>
    </p>
   </div>
   <div class='ocr_carea' id='block_1_108' title="bbox 2769 4932 3420 5013">
    <p class='ocr_par' dir='ltr' id='par_1_108' title="bbox 2769 4932 3420 5013">
     <span class='ocr_line' id='line_1_110' title="bbox 2769 4932 3420 5013; baseline -0.009 -20"><span class='ocrx_word' id='word_1_732' title='bbox 2769 4937 2871 5013; x_wconf 87' lang='grc' dir='ltr'><strong>νβ’.</strong></span> <span class='ocrx_word' id='word_1_733' title='bbox 2909 4937 3028 4992; x_wconf 84' lang='grc' dir='ltr'><strong>Ἔτι</strong></span> <span class='ocrx_word' id='word_1_734' title='bbox 3060 4935 3181 5008; x_wconf 77' lang='grc' dir='ltr'>περὶ</span> <span class='ocrx_word' id='word_1_735' title='bbox 3217 4932 3420 5008; x_wconf 81' lang='grc' dir='ltr'>ἀρετῶν</span> 
     </span>
    </p>
   </div>
   <div class='ocr_carea' id='block_1_109' title="bbox 2345 5019 3944 5101">
    <p class='ocr_par' dir='ltr' id='par_1_109' title="bbox 2345 5019 3944 5101">
     <span class='ocr_line' id='line_1_111' title="bbox 2345 5019 3944 5101; baseline -0.008 -12"><span class='ocrx_word' id='word_1_736' title='bbox 2345 5036 2461 5088; x_wconf 91' lang='grc' dir='ltr'>Ὂτι</span> <span class='ocrx_word' id='word_1_737' title='bbox 2522 5031 2618 5086; x_wconf 68' lang='grc' dir='ltr'><strong>οὐκ</strong></span> <span class='ocrx_word' id='word_1_738' title='bbox 2673 5026 2782 5084; x_wconf 83' lang='grc' dir='ltr'>ἔστι</span> <span class='ocrx_word' id='word_1_739' title='bbox 2845 5025 2941 5101; x_wconf 70' lang='grc' dir='ltr'><strong>μία</strong></span> <span class='ocrx_word' id='word_1_740' title='bbox 2997 5024 3086 5079; x_wconf 86' lang='grc' dir='ltr'><strong>καὶ</strong></span> <span class='ocrx_word' id='word_1_741' title='bbox 3137 5025 3172 5093; x_wconf 77' lang='grc' dir='ltr'><strong>ἡ</strong></span> <span class='ocrx_word' id='word_1_742' title='bbox 3223 5021 3358 5090; x_wconf 80' lang='grc' dir='ltr'>αὐτή</span> <span class='ocrx_word' id='word_1_743' title='bbox 3417 5019 3552 5076; x_wconf 84' lang='grc' dir='ltr'><strong>κατά</strong></span> <span class='ocrx_word' id='word_1_744' title='bbox 3607 5020 3848 5096; x_wconf 78' lang='grc' dir='ltr'>ἀριθμὸν</span> <span class='ocrx_word' id='word_1_745' title='bbox 3901 5025 3944 5092; x_wconf 67' lang='grc' dir='ltr'>ἢ</span> 
     </span>
    </p>
   </div>
   <div class='ocr_carea' id='block_1_110' title="bbox 2279 5109 3946 5202">
    <p class='ocr_par' dir='ltr' id='par_1_110' title="bbox 2279 5109 3946 5202">
     <span class='ocr_line' id='line_1_112' title="bbox 2279 5109 3946 5202; baseline -0.007 -22"><span class='ocrx_word' id='word_1_746' title='bbox 2279 5128 2414 5202; x_wconf 85' lang='grc' dir='ltr'>πρὸς</span> <span class='ocrx_word' id='word_1_747' title='bbox 2441 5122 2534 5178; x_wconf 83' lang='grc' dir='ltr'>τὸν</span> <span class='ocrx_word' id='word_1_748' title='bbox 2566 5120 2691 5176; x_wconf 81' lang='grc' dir='ltr'>Θεὸν</span> <span class='ocrx_word' id='word_1_749' title='bbox 2731 5116 3017 5190; x_wconf 79' lang='grc' dir='ltr'>ὁμοίωσις,</span> <span class='ocrx_word' id='word_1_750' title='bbox 3051 5111 3197 5169; x_wconf 81' lang='grc' dir='ltr'><strong>ἀλλά</strong></span> <span class='ocrx_word' id='word_1_751' title='bbox 3246 5109 3521 5189; x_wconf 68' lang='grc' dir='ltr'>διάφορος.</span> <span class='ocrx_word' id='word_1_752' title='bbox 3557 5113 3946 5184; x_wconf 68' lang='grc' dir='ltr'>Ὀμοιοὺμεῡα</span> 
     </span>
    </p>
   </div>
   <div class='ocr_carea' id='block_1_111' title="bbox 2281 5199 3950 5291">
    <p class='ocr_par' dir='ltr' id='par_1_111' title="bbox 2281 5199 3950 5291">
     <span class='ocr_line' id='line_1_113' title="bbox 2281 5199 3950 5291; baseline -0.001 -41"><span class='ocrx_word' id='word_1_753' title='bbox 2281 5199 2384 5291; x_wconf 59' lang='grc' dir='ltr'>γάρ</span> <span class='ocrx_word' id='word_1_754' title='bbox 2417 5213 2568 5284; x_wconf 75' lang='grc' dir='ltr'>αὐτῷ</span> <span class='ocrx_word' id='word_1_755' title='bbox 2615 5208 2748 5264; x_wconf 75' lang='grc' dir='ltr'><strong>κατά</strong></span> <span class='ocrx_word' id='word_1_756' title='bbox 2789 5207 2884 5268; x_wconf 73' lang='grc' dir='ltr'><strong>τὰς</strong></span> <span class='ocrx_word' id='word_1_757' title='bbox 2932 5203 3219 5270; x_wconf 74' lang='grc' dir='ltr'>πολιτικᾷς</span> <span class='ocrx_word' id='word_1_758' title='bbox 3266 5201 3478 5276; x_wconf 72' lang='grc' dir='ltr'>ἀρετάς,</span> <span class='ocrx_word' id='word_1_759' title='bbox 3511 5199 3638 5256; x_wconf 82' lang='grc' dir='ltr'>ἀλλ’</span> <span class='ocrx_word' id='word_1_760' title='bbox 3687 5199 3950 5278; x_wconf 71' lang='grc' dir='ltr'>ἀμυδρὸ-</span> 
     </span>
    </p>
   </div>
   <div class='ocr_carea' id='block_1_112' title="bbox 2287 5290 3950 5380">
    <p class='ocr_par' dir='ltr' id='par_1_112' title="bbox 2287 5290 3950 5380">
     <span class='ocr_line' id='line_1_114' title="bbox 2287 5290 3950 5380; baseline -0.009 -21"><span class='ocrx_word' id='word_1_761' title='bbox 2287 5324 2440 5380; x_wconf 86' lang='grc' dir='ltr'>τερον</span> <span class='ocrx_word' id='word_1_762' title='bbox 2523 5301 2610 5355; x_wconf 83' lang='grc' dir='ltr'><strong>καὶ</strong></span> <span class='ocrx_word' id='word_1_763' title='bbox 2692 5293 3098 5370; x_wconf 77' lang='grc' dir='ltr'>σκιωδὲστερον,</span> <span class='ocrx_word' id='word_1_764' title='bbox 3156 5291 3524 5364; x_wconf 73' lang='grc' dir='ltr'>Ὁμοιοῦμεθα</span> <span class='ocrx_word' id='word_1_765' title='bbox 3579 5290 3758 5362; x_wconf 80' lang='grc' dir='ltr'>τούτῳ</span> <span class='ocrx_word' id='word_1_766' title='bbox 3847 5293 3950 5346; x_wconf 69' lang='grc' dir='ltr'><strong>καὶ</strong></span> 
     </span>
    </p>
   </div>
   <div class='ocr_carea' id='block_1_113' title="bbox 2288 5379 3954 5460">
    <p class='ocr_par' dir='ltr' id='par_1_113' title="bbox 2288 5379 3954 5460">
     <span class='ocr_line' id='line_1_115' title="bbox 2288 5379 3954 5460; baseline -0.008 -12"><span class='ocrx_word' id='word_1_767' title='bbox 2288 5379 2424 5448; x_wconf 82' lang='grc' dir='ltr'>κατὰ</span> <span class='ocrx_word' id='word_1_768' title='bbox 2479 5389 2571 5450; x_wconf 74' lang='grc' dir='ltr'>τὰς</span> <span class='ocrx_word' id='word_1_769' title='bbox 2653 5384 2998 5460; x_wconf 77' lang='grc' dir='ltr'>καθαρτικάς,</span> <span class='ocrx_word' id='word_1_770' title='bbox 3056 5379 3182 5440; x_wconf 81' lang='grc' dir='ltr'>ἀλλ’</span> <span class='ocrx_word' id='word_1_771' title='bbox 3239 5379 3618 5456; x_wconf 78' lang='grc' dir='ltr'>ἐκτυπότερον.</span> <span class='ocrx_word' id='word_1_772' title='bbox 3667 5381 3954 5452; x_wconf 78' lang='grc' dir='ltr'>Ὁμοιοῦ-</span> 
     </span>
    </p>
   </div>
   <div class='ocr_carea' id='block_1_114' title="bbox 2293 5466 3952 5556">
    <p class='ocr_par' dir='ltr' id='par_1_114' title="bbox 2293 5466 3952 5556">
     <span class='ocr_line' id='line_1_116' title="bbox 2293 5466 3952 5556; baseline -0.008 -20"><span class='ocrx_word' id='word_1_773' title='bbox 2293 5493 2429 5556; x_wconf 74' lang='grc' dir='ltr'>μεθα</span> <span class='ocrx_word' id='word_1_774' title='bbox 2459 5477 2516 5534; x_wconf 74' lang='grc' dir='ltr'>δὲ</span> <span class='ocrx_word' id='word_1_775' title='bbox 2545 5477 2633 5532; x_wconf 85' lang='grc' dir='ltr'><strong>καὶ</strong></span> <span class='ocrx_word' id='word_1_776' title='bbox 2685 5476 2820 5530; x_wconf 82' lang='grc' dir='ltr'><strong>κατά</strong></span> <span class='ocrx_word' id='word_1_777' title='bbox 2869 5475 2963 5534; x_wconf 72' lang='grc' dir='ltr'>τὰς</span> <span class='ocrx_word' id='word_1_778' title='bbox 3011 5469 3369 5543; x_wconf 78' lang='grc' dir='ltr'>θεωρητικὰς,</span> <span class='ocrx_word' id='word_1_779' title='bbox 3403 5467 3528 5525; x_wconf 86' lang='grc' dir='ltr'>ἀλλ’</span> <span class='ocrx_word' id='word_1_780' title='bbox 3560 5466 3636 5524; x_wconf 77' lang='grc' dir='ltr'>ἔτι</span> <span class='ocrx_word' id='word_1_781' title='bbox 3677 5467 3952 5546; x_wconf 80' lang='grc' dir='ltr'>λαμπρό-</span> 
     </span>
    </p>
   </div>
   <div class='ocr_carea' id='block_1_115' title="bbox 2284 5557 3948 5646">
    <p class='ocr_par' dir='ltr' id='par_1_115' title="bbox 2284 5557 3948 5646">
     <span class='ocr_line' id='line_1_117' title="bbox 2284 5557 3948 5646; baseline -0.008 -20"><span class='ocrx_word' id='word_1_782' title='bbox 2284 5592 2460 5646; x_wconf 85' lang='grc' dir='ltr'>τερον.</span> <span class='ocrx_word' id='word_1_783' title='bbox 2509 5565 2882 5640; x_wconf 78' lang='grc' dir='ltr'>Ὀμοιοόμεθα</span> <span class='ocrx_word' id='word_1_784' title='bbox 2926 5559 3014 5616; x_wconf 80' lang='grc' dir='ltr'><strong>καὶ</strong></span> <span class='ocrx_word' id='word_1_785' title='bbox 3071 5559 3207 5614; x_wconf 76' lang='grc' dir='ltr'>κατὰ</span> <span class='ocrx_word' id='word_1_786' title='bbox 3257 5559 3352 5621; x_wconf 74' lang='grc' dir='ltr'>τὰς</span> <span class='ocrx_word' id='word_1_787' title='bbox 3403 5557 3742 5632; x_wconf 79' lang='grc' dir='ltr'>θεουργικάς,</span> <span class='ocrx_word' id='word_1_788' title='bbox 3795 5557 3948 5632; x_wconf 69' lang='grc' dir='ltr'>αὕτη</span> 
     </span>
    </p>
   </div>
   <div class='ocr_carea' id='block_1_116' title="bbox 2279 5647 3952 5736">
    <p class='ocr_par' dir='ltr' id='par_1_116' title="bbox 2279 5647 3952 5736">
     <span class='ocr_line' id='line_1_118' title="bbox 2279 5647 3952 5736; baseline -0.012 -21"><span class='ocrx_word' id='word_1_789' title='bbox 2279 5659 2410 5736; x_wconf 73' lang='grc' dir='ltr'>γοῦν</span> <span class='ocrx_word' id='word_1_790' title='bbox 2470 5657 2610 5713; x_wconf 73' lang='grc' dir='ltr'>ἐστιν</span> <span class='ocrx_word' id='word_1_791' title='bbox 2639 5657 2674 5726; x_wconf 82' lang='grc' dir='ltr'><strong>ἡ</strong></span> <span class='ocrx_word' id='word_1_792' title='bbox 2702 5651 3020 5720; x_wconf 80' lang='grc' dir='ltr'>τελειοτάτη</span> <span class='ocrx_word' id='word_1_793' title='bbox 3079 5649 3364 5722; x_wconf 73' lang='grc' dir='ltr'>ὁμοίωσις.</span> <span class='ocrx_word' id='word_1_794' title='bbox 3393 5648 3474 5736; x_wconf 31' lang='grc' dir='ltr'><strong>Τὸ-</strong></span> <span class='ocrx_word' id='word_1_795' title='bbox 3517 5647 3613 5721; x_wconf 70' lang='grc' dir='ltr'><strong>μὶν</strong></span> <span class='ocrx_word' id='word_1_796' title='bbox 3661 5647 3764 5724; x_wconf 69' lang='grc' dir='ltr'><strong>γὰρ</strong></span> <span class='ocrx_word' id='word_1_797' title='bbox 3813 5651 3952 5704; x_wconf 72' lang='grc' dir='ltr'>καθ-</span> 
     </span>
    </p>
   </div>
   <div class='ocr_carea' id='block_1_117' title="bbox 2281 5732 3952 5828">
    <p class='ocr_par' dir='ltr' id='par_1_117' title="bbox 2281 5732 3952 5828">
     <span class='ocr_line' id='line_1_119' title="bbox 2281 5732 3952 5828; baseline -0.007 -23"><span class='ocrx_word' id='word_1_798' title='bbox 2281 5732 2520 5828; x_wconf 76' lang='grc' dir='ltr'>αἱρεσθαι</span> <span class='ocrx_word' id='word_1_799' title='bbox 2567 5745 2662 5810; x_wconf 74' lang='grc' dir='ltr'>τὰς</span> <span class='ocrx_word' id='word_1_800' title='bbox 2715 5743 2896 5820; x_wconf 77' lang='grc' dir='ltr'>ψυχὰς</span> <span class='ocrx_word' id='word_1_801' title='bbox 2953 5739 3043 5796; x_wconf 85' lang='grc' dir='ltr'><strong>καὶ</strong></span> <span class='ocrx_word' id='word_1_802' title='bbox 3096 5740 3319 5818; x_wconf 72' lang='grc' dir='ltr'>θεωρεῖν</span> <span class='ocrx_word' id='word_1_803' title='bbox 3348 5737 3416 5795; x_wconf 78' lang='grc' dir='ltr'>τὰ</span> <span class='ocrx_word' id='word_1_804' title='bbox 3445 5732 3571 5793; x_wconf 78' lang='grc' dir='ltr'>ὄντα</span> <span class='ocrx_word' id='word_1_805' title='bbox 3600 5737 3664 5794; x_wconf 77' lang='grc' dir='ltr'><strong>υῦ</strong></span> <span class='ocrx_word' id='word_1_806' title='bbox 3695 5737 3836 5796; x_wconf 76' lang='grc' dir='ltr'>πάνυ</span> <span class='ocrx_word' id='word_1_807' title='bbox 3883 5757 3952 5794; x_wconf 80' lang='grc' dir='ltr'><strong>τι</strong></span> 
     </span>
    </p>
   </div>
  </div>
