4072 6346
214 326 339 389 ’121
1403 325 1505 387 DE
1546 324 1850 388 OMNIFA

1969 337 1988 386 ι
2033 326 2451 394 DOCTRINA.
3498 287 3658 397 ’περ

219 456 422 529 ὅμοιον
505 461 585 531 τῷ
650 463 789 530 Θεῷ,
856 455 1059 520 ἐκεῖνος
1113 457 1215 535 γὰρ
1276 458 1409 535 ὑπὲρ
1464 458 1722 533 κάθαρσιν
1777 455 1855 511 κα

1983 462 2089 528 est,
2120 459 2248 532 ipse
2295 464 2454 520 enim
2501 465 2850 538 purgatione
2902 470 2959 523 et
3005 466 3521 541 contemplatione
3566 484 3658 539 est

223 547 454 623 θεωρίαν
486 546 618 606 ἆστί.
649 549 720 603 Τὸ
752 546 809 603 δὲ
863 545 1115 603 δύνασθαι
1147 551 1415 603 θεοποιεῖν
1444 544 1750 623 ἄνθρωπον,
1781 547 1855 601 κα

1982 550 2270 621 superior.
2307 555 2380 608 At
2426 571 2599 626 posse
2644 572 2716 611 ex
2760 555 3001 612 homine
3050 556 3241 612 facere
3288 556 3500 627 Deum,
3532 564 3649 616 eta

217 641 327 705 τῆς
377 632 515 706 ὅλης
540 634 763 711 ἐξάγειν,
794 634 884 691 καὶ
922 637 1030 691 τῶν
1079 641 1265 701 παθῶν
1318 635 1701 705 ἀπαλλάττειν,
1736 636 1875 691 ὥστε

223 722 483 789 δύνασθαι
531 724 621 781 καὶ
679 724 839 781 αὐτὸν
897 727 1175 803 θεουργεῖν
1229 723 1412 802 ἕτερον
1447 773 1462 800 ,
1516 725 1678 781 τοῦτό
1736 724 1875 780 ἐστιν

221 817 262 886 ἡ
314 813 631 886 τελειοτάτη
697 815 987 888 ὁμοίωσις.
1066 817 1127 873 '0
1181 815 1381 893 ἐξάγων
1442 816 1567 891 γὰρ,
1623 815 1785 892 φησὶν
1845 815 1874 868 6

223 903 359 965 Θεός
414 903 464 957 ἐν
514 902 894 978 Εὖαγγελίοις,
955 900 1101 975 ἄξιον
1162 903 1213 978 ἐξ
1271 904 1509 976 ἀναξίου,
1568 904 1643 968 ὡς
1701 902 1875 977 στόμα

225 1013 335 1066 μου
379 989 546 1049 ἔσται.
604 993 764 1069 Ὁρᾷς
821 994 972 1057 ὅπως
1029 992 1080 1048 ἑν
1113 998 1182 1069 τῇ
1239 993 1491 1070 θεουργίᾳ
1519 994 1618 1062 τήν
1675 989 1877 1062 ἀληθε-

221 1082 423 1154 στάτην
485 1084 716 1138 τέθεικεν
768 1081 1114 1156 ἐξομοίωσιν.
1170 1080 1327 1140 Ἀλλ’
1356 1085 1518 1156 ἡμεῖς
1576 1082 1874 1157 ἀγαπῶμεν

1981 641 2228 696 materia
2274 643 2639 713 abstrahere,
2670 644 3104 716 atfectuumque
3136 646 3378 702 reddere
3428 663 3645 719 exper-

1980 732 2123 797 tem,
2160 736 2224 785 ut
2253 732 2439 803 possit
2484 738 2543 788 et
2588 734 2715 804 ipse
2746 733 2892 789 alios
2921 734 3173 790 Numine
3224 734 3491 808 implere,
3520 736 3650 791 han

1983 820 2415 890 perfectissima
2466 827 2555 877 est
2609 839 2742 877 cum
2796 822 2894 877 illo
2946 823 3294 880 similitudo.
3347 825 3443 880 Ait
3490 826 3646 883 enim

1985 908 2141 964 Deus
2173 910 2249 982 (7)
2310 910 2368 965 in
2421 911 2753 983 Evangeliis
2784 927 2797 966 :
2832 913 2938 980 Qui
2985 914 3251 969 eduxerit
3296 913 3530 988 dignum
3576 932 3650 973 ex

1988 997 2238 1070 indigno,
2262 1001 2431 1072 quasi
2458 1016 2516 1056 os
2545 1017 2729 1056 meum
2758 1002 2882 1057 erit.
2903 1000 3078 1057 Vides
3100 1004 3395 1071 quomodo
3426 1003 3647 1062 Theur.

1987 1087 2082 1160 gia
2113 1087 2234 1143 sive
2265 1088 2453 1145 virtus
2486 1088 2632 1146 alios
2664 1090 2916 1146 Numine
2957 1091 3243 1164 implendi
3272 1094 3641 1152 verissimam

220 1170 273 1226 εἲ
326 1171 416 1226 καὶ
467 1177 694 1247 κοσμεῖν
734 1170 956 1235 ἑαυτοὺς
990 1169 1081 1227 διὰ
1102 1176 1212 1227 τῶν
1259 1170 1563 1229 πολιτικῶν
1604 1169 1855 1246 δυνάμεθι

1986 1176 2154 1248 ponit
2209 1193 2343 1233 cum
2402 1178 2517 1234 Deo
2589 1179 3068 1237 similitudinem.
3130 1185 3409 1239 Caeterum
3472 1184 3643 1241 nobis

219 1260 447 1337 ἀρετῶν.

710 1447 807 1518 vf.
845 1442 967 1498 Ἔτι
1000 1440 1121 1516 περὶ
1152 1440 1380 1517 ἀρετῶν.

288 1528 522 1587 Πλάτων
557 1532 585 1586 6
618 1527 923 1608 φιλόσοφος
972 1533 1190 1606 πρῶτον
1252 1530 1345 1603 μἐν
1406 1526 1494 1584 διὰ
1523 1532 1623 1595 τῆς
1652 1526 1871 1584 πολιτι-

212 1624 317 1691 κῆς
367 1621 565 1695 ἀρετῆς
618 1620 799 1695 ἀνάγει
847 1620 937 1675 τὸν
990 1616 1271 1695 ἄνθρωπον
1318 1618 1395 1682 είς
1447 1619 1598 1688 Θεὸν,
1650 1619 1725 1681 ὡς
1782 1616 1872 1673 καὶ

213 1711 423 1782 ταύτης
455 1709 743 1783 ἐξομοιοῦν
786 1706 1088 1783 δυναμένης
1118 1709 1182 1764 τὸ
1214 1713 1367 1765 Θεῖον
1417 1709 1555 1764 κατά
1601 1707 1664 1763 τὸ
1712 1705 1870 1763 δυνα-

1985 1265 2201 1338 egregii
2254 1267 2542 1334 videmur,
2578 1268 2629 1324 si
2680 1269 2852 1325 modo
2907 1269 3160 1339 politicis
3214 1289 3319 1328 nos
3362 1288 3641 1330 exornare

1984 1354 2304 1413 virtutibus
2335 1357 2655 1429 possimus.

2475 1448 2569 1503 53.
2603 1447 2800 1504 Adhuc
2825 1448 2893 1503 de
2923 1450 3144 1505 virtute.

2060 1533 2448 1607 Philosophus
2481 1536 2645 1593 Plato
2677 1537 2932 1611 primum
2980 1555 3084 1611 per
3123 1538 3422 1611 politicam
3451 1539 3632 1597 virtu-

1983 1626 2101 1678 tem
2134 1623 2434 1680 hominem
2467 1626 2708 1683 adducit
2733 1627 2803 1682 ad
2835 1626 3046 1699 Deum,
3079 1628 3236 1700 quod
3267 1631 3324 1685 et
3354 1627 3456 1686 illa
3486 1647 3632 1703 quo-

1984 1712 2512 1787 dammodo'possit
2536 1714 2789 1771 divinam
2814 1715 3263 1772 similitudinem
3292 1717 3531 1795 referre;
3560 1720 3632 1776 ab

211 1795 332 1857 τόν.
366 1800 503 1857 Ἀπὸ
535 1797 593 1854 δὲ
620 1799 824 1869 ταύτης
867 1798 1048 1876 ἀνάγει
1103 1796 1193 1854 διά
1212 1804 1311 1869 τῆς
1342 1804 1675 1874 καθαρτικῆς
1729 1801 1855 1867 ζωῆς

1982 1801 2092 1858 hac
2123 1819 2227 1875 per
2254 1804 2623 1876 purgativam
2655 1804 2829 1861 vitam
2864 1805 3132 1877 perducit
3160 1806 3230 1861 ad
3267 1808 3633 1882 contempla-

212 1889 291 1953 εἰς
349 1890 452 1959 τὴν
511 1887 761 1965 θεωρίαν.
817 1886 1040 1958 Ἐπειδὴ
1071 1888 1196 1965 γὰρ,
1249 1887 1436 1967 φησὶν,
1469 1890 1496 1943 ὁ
1528 1887 1658 1950 Θεὸς
1683 1885 1867 1957 διττὴν

209 1975 330 2056 ἔχει
370 1980 471 2048 τὴν
528 1978 821 2054 ἐνέργειαν,
877 1980 977 2049 τὴν
1024 1978 1146 2043 καθ’
1179 1980 1239 2049 ἢν
1274 1978 1325 2032 ἐν
1355 1977 1555 2054 θεωρίᾳ
1581 1982 1688 2032 τῶν
1720 1977 1866 2034 ’ὀλων

210 2067 347 2137 ἐστὶ,
407 2068 516 2143 πρὸ
572 2067 752 2138 πάσης
793 2066 1020 2130 κτίσεως
1051 2067 1177 2131 τοὺς
1210 2065 1409 2143 λόγους
1443 2067 1618 2122 αὐτῶν
1648 2066 1866 2123 ἐπιστά-

212 2179 398 2232 μενος,
446 2159 547 2228 τὴν
600 2154 680 2227 δὲ,
728 2157 844 2211 καθ’
899 2158 961 2226 ἣν
1015 2161 1124 2213 τῶν
1184 2156 1451 2234 χειρόνων
1483 2162 1718 2212 ποιεῖται
1765 2159 1865 2226 τὴν

206 2247 495 2324 πρόνοιαν⁵
551 2244 641 2301 διὰ
667 2249 835 2302 ταῦτα
862 2246 953 2301 καὶ
986 2247 1014 2301 6
1045 2248 1329 2324 ἄνθρωπος
1378 2246 1720 2321 μιμούμενος
1772 2248 1863 2303 τὸν

208 2337 364 2406 Θεὸν,
420 2335 474 2391 ἰν
537 2336 633 2410 μὲν
688 2341 809 2399 ταῖς
840 2336 1155 2399 πολιτικαῖς
1215 2336 1431 2411 ἀρεταῖς
1490 2336 1865 2414 ἐπιστρέφεται

205 2426 348 2502 πρὸς
376 2425 445 2481 τά
473 2422 623 2497 ¹εζὶἷίδε,
675 2424 764 2480 καὶ
817 2430 1014 2500 κοσμεῖ
1066 2426 1194 2490 τοὺς
1234 2422 1683 2501 καταδεεστέρους
1747 2431 1865 2487 ταῖς

210 2515 631 2590 μετριοπάθειαν
696 2514 985 2590 φερούσαις
1038 2515 1270 2592 ἀρεταῖς.
1327 2519 1415 2569 Ἐν
1478 2511 1535 2569 δὲ
1590 2519 1669 2586 τῷ
1726 2516 1863 2569 θεω-

206 2608 322 2676 ρεῖν
356 2597 577 2671 ἀναϐάς,
613 2604 712 2678 ὁρᾷ
739 2602 869 2666 τοὺς
900 2601 1104 2679 λόγους
1135 2603 1386 2658 ἀπάντων
1427 2603 1552 2666 τοὺς
1584 2604 1861 2682 φυσικοὺς,

200 2692 337 2755 τοὺς
386 2689 681 2767 ψυχικοὺς,
731 2693 858 2757 τοὺς
895 2692 1135 2770 νοεροῦς,
1166 2692 1294 2758 τοὺς
1327 2694 1638 2771 ὑπερφυεῖς,
1662 2693 1752 2748 καὶ
1782 2695 1863 2769 γί-

196 2800 350 2836 νεται
383 2781 608 2857 ὄργανον
636 2785 735 2836 τοῦ
765 2786 921 2854 Θεοῦ,
954 2782 1096 2855 ὁμοῦ
1118 2803 1176 2837 τε
1201 2782 1340 2858 πρὸς
1372 2780 1572 2837 ἐκεῖνον
1600 2783 1858 2858 ὁρῶν,καῖ

193 2873 310 2925 τῶν
344 2866 479 2944 τῇδε
508 2870 834 2943 ποιούμενος
891 2871 1173 2945 πρόνοιαν.
1226 2868 1380 2941 Πλὴν
1429 2868 1614 2934 ἄλλως
1656 2871 1861 2948 ἐνεργεῖ

191 2960 297 3022 τάς
321 2958 579 3021 τοιαύτας
612 2960 805 3036 ἀρετὰς
853 2958 905 3015 ἐν
945 2961 1161 3035 σώματι
1192 2961 1323 3016 οὗσα
1346 2962 1525 3037 ψυχὴ,
1555 2958 1741 3025 ἄλλως
1800 2958 1857 3016 δὶ

194 3046 586 3124 ἀπαλλαγεῖσα
612 3053 709 3104 τοῦ
740 3050 1018 3123 σώματος.

669 3135 765 3196 νδ’.
798 3140 918 3195 Ἔτι
946 3139 1072 3216 περὶ
1104 3140 1329 3214 ἀρετῶν.

1980 1890 2221 1948 tionem.
2254 1891 2555 1964 Siquidem
2590 1893 2826 1967 duplex,
2862 1898 2923 1950 ut
2954 1895 3035 1949 ait
3077 1894 3195 1963 ille,
3227 1900 3395 1951 actus
3426 1896 3482 1953 in
3521 1899 3632 1955 Deo

1980 1985 2069 2036 est
2102 1998 2116 2037 :
2150 1998 2306 2037 unus
2357 1987 2647 2053 quatenus
2689 1983 2746 2039 in
2780 1983 3272 2056 contemplatione
3322 1986 3630 2045 universas

1980 2074 2115 2127 ante
2147 2088 2382 2127 omnem
2432 2089 2555 2128 rem
2589 2076 2841 2128 creatam
2890 2073 3145 2129 rationes
3176 2074 3440 2130 omnium
3473 2077 3633 2132 novit

1978 2177 2043 2216 ac
2076 2166 2409 2233 perspectas
2448 2161 2647 2231 habet,
2679 2165 2735 2217 et
2766 2161 2910 2218 alter
2936 2179 3048 2234 quo
3081 2163 3363 2235 prospicit
3390 2165 3631 2221 inferio-

1976 2250 2161 2307 ribus.
2196 2251 2505 2323 Propterea
2537 2255 2591 2307 et
2621 2251 2799 2308 homo
2837 2251 3022 2308 Deum
3065 2252 3328 2309 imitatus
3375 2254 3628 2325 politicis

1972 2339 2295 2397 virtutibus
2327 2357 2418 2396 res
2448 2340 2627 2411 hujus
2660 2341 2791 2398 vitae
2821 2345 3009 2409 curat,
3040 2344 3217 2413 atque
3250 2358 3352 2414 per
3380 2343 3628 2401 virtutes

1975 2430 2288 2486 affectuum
2348 2431 2768 2487 moderatriccs
2818 2448 2987 2504 opem
3036 2430 3147 2486 fert
3196 2431 3623 2492 inferioribus:

1973 2519 2464 2593 contemplatione
2493 2524 2689 2576 autem
2721 2522 3045 2577 ascendens
3065 2521 3329 2577 omnium
3366 2524 3622 2580 rationes

1971 2609 2252 2682 perspicit
2282 2606 2402 2666 sive
2434 2609 2751 2680 naturales,
2777 2610 2897 2666 sive
2928 2610 3282 2676 animarum,
3306 2610 3425 2666 sive
3458 2628 3618 2668 men-

1969 2698 2119 2755 tales
2170 2715 2235 2755 ac
2283 2698 2783 2772 supernaturales,
2830 2707 3001 2770 atque
3049 2699 3115 2754 ﬁt
3157 2699 3616 2758 instrumentum

1969 2787 2093 2858 Dei,
2127 2789 2196 2843 ad
2234 2805 2407 2860 quem
2441 2787 2619 2843 simul
2665 2787 2846 2843 aciem
2882 2787 3103 2861 dirigit.
3138 2788 3205 2843 Et
3236 2789 3411 2846 rebus
3444 2791 3618 2861 hujus

1966 2877 2093 2934 vita:
2125 2878 2489 2951 prospiciens
2520 2877 2739 2946 anima,
2770 2877 2940 2933 aliter
2980 2881 3167 2934 tamen
3202 2878 3473 2936 virtutem
3509 2880 3618 2936 hu-

1957 2967 2226 3039 jusmodi
2278 2971 2505 3023 exercet
2553 2968 2694 3023 dum
2755 2967 2812 3022 in
2875 2983 3116 3039 corpore
3166 2971 3275 3038 est,
3337 2968 3619 3042 aliterque

1966 3057 2203 3131 quando
2234 3061 2324 3114 est
2356 3057 2617 3129 corporis
2649 3055 2895 3113 vinculis
2927 3056 3140 3113 soluta.

2418 3148 2509 3204 54.
2546 3146 2728 3203 Adhuc
2756 3146 2821 3201 de
2854 3146 3166 3202 virtutibus.

265 3229 333 3284 Ἢ
368 3228 466 3302 μὶν
517 3228 675 3285 οὐσία
724 3230 815 3284 καὶ
848 3227 979 3284 αὖτό
1024 3230 1088 3284 τὸ
1139 3230 1272 3285 εἶναι
1305 3228 1411 3286 ἀπὸ
1439 3233 1536 3286 τοῦ
1564 3234 1659 3285 νοῦ
1688 3234 1852 3285 πᾶσιυ

2036 3236 2328 3307 Essentia,
2353 3222 2635 3309 et‘ipsum
2666 3238 2775 3293 hoc
2794 3236 2947 3308 quod
2977 3235 3118 3308 sint,
3143 3253 3175 3292 a
3205 3240 3400 3293 mente
3429 3237 3615 3294 omni-

194 3319 391 3398 ἐφήκει
422 3318 637 3375 καὶτοῦ
694 3316 872 3388 ὄντος,
903 3322 938 3391 ἡ
972 3317 1028 3376 δὲ
1059 3318 1147 3376 διὰ
1174 3326 1281 3376 τῶν
1314 3323 1517 3396 ἀρετῶν
1547 3317 1851 3395 τελειότης,

193 3409 305 3464 ἀπὸ
333 3414 435 3464 τοῦ
487 3407 620 3465 Θεοῦ
667 3408 1040 3485 παραγίνεται.
1089 3412 1292 3487 Ὥσπερ
1324 3412 1427 3487 γάρ
1459 3409 1519 3466 ἐκ
1544 3416 1641 3467 τοῦ
1697 3414 1851 3487 πρώ-

191 3519 302 3561 τως
330 3494 489 3561 ὄντος
544 3499 607 3553 τὸ
665 3500 746 3567 δν,
806 3497 979 3563 οὕτως
1010 3497 1069 3554 ἐκ
1119 3503 1215 3554 τοῦ
1269 3500 1503 3575 πρώτως
1535 3500 1740 3576 ἀγαθοῦ
1788 3503 1850 3557 τὸ

192 3587 422 3661 ἀγαθόν.
483 3585 715 3645 Μᾶλλον
766 3584 823 3643 δὲ
865 3587 954 3643 καὶ
985 3591 1020 3658 ἡ
1072 3587 1224 3644 οὐσία
1253 3590 1339 3644 καὶ
1398 3591 1433 3659 ἡ
1467 3588 1630 3665 ἀρετή
1663 3591 1722 3646 ἐκ
1751 3595 1849 3646 τοῦ

188 3680 352 3733 Θεοῦ.
409 3672 572 3731 Ἀλλ’
628 3678 664 3746 ἡ
702 3676 797 3750 μὲν
826 3676 981 3731 οὐσία
1028 3676 1165 3733 κατά
1191 3678 1289 3747 τὴν
1322 3678 1490 3733 αὐτοῦ
1524 3676 1778 3753 πρόοδον·
1812 3683 1846 3751 ἡ

181 3765 285 3839 γὰρ
345 3764 504 3820 οὐσία
560 3769 719 3820 πᾶσιν
772 3766 877 3821 ἀπὸ
934 3771 1031 3821 τοῦ
1062 3771 1196 3822 Θεοῦ
1252 3766 1516 3843 πρόεισιν·
1567 3771 1602 3838 ἡ
1649 3765 1706 3824 δὶ
1760 3791 1847 3825 τε-

184 3852 414 3924 λειότης
490 3853 625 3909 κάτά
693 3856 793 3925 τὴν
866 3856 1004 3931 πρὸς
1075 3855 1234 3911 αὐτὸν
1312 3854 1685 3935 ἐπιστροφήν.
1769 3860 1846 3917 Οὑ

180 3940 411 3997 δύναται
441 3941 546 4018 γάρ
583 3940 941 4013 τελειωθῆναι
978 3945 1096 3999 κατ’
1119 3943 1314 4021 ἀρετὴν
1348 3944 1655 4021 ἅνθρωπος,
1690 3946 1740 4001 εἴ
1767 3948 1842 4020 μὴ

176 4039 278 4101 τήν
327 4031 666 4109 ἱπιστροφήν
713 4032 853 4110 πρὸς
900 4033 992 4089 τὸν
1043 4034 1172 4089 Θεὸν
1203 4033 1464 4109 ἐνεργοίη.
1492 4038 1695 4111 Ὥσπερ
1742 4036 1843 4113 γὰρ

177 4121 253 4178 ὡς
310 4121 454 4196 πρὸς
488 4117 836 4197 παράδειγμα
887 4127 1189 4201 ζωγραφῶν
1240 4124 1342 4179 οὐκ
1389 4122 1448 4179 ἃν
1509 4122 1699 4189 ἄλλως
1741 4129 1842 4195 τήν

176 4208 552 4286 προκειμένην
610 4210 943 4287 ἀρχετυπίαν
992 4207 1212 4267 λάϐοιεν
1271 4217 1352 4285 τῷ
1412 4215 1734 4289 μιμήματι,
1796 4215 1844 4270 εἴ

180 4301 261 4371 μὴ
316 4303 567 4374 συνεχῶς
594 4300 729 4372 πρὸς
756 4300 922 4368 αὐτὴν
982 4298 1314 4380 ἐπιστρὲφοι,
1374 4302 1516 4357 οὕτω
1565 4305 1711 4365 καὶὸ
1742 4306 1841 4374 τὴν

174 4388 379 4463 ἀρετὴν
433 4388 489 4443 ὲν
550 4388 724 4461 ἑαυτῷ
798 4394 1141 4466 σκιαγραφῶν
1201 4390 1235 4461 ἢ
1293 4390 1380 4445 καὶ
1437 4392 1837 4467 περιχρωννὺς,

172 4477 282 4532 οὐκ
338 4477 397 4531 ἂν
456 4473 644 4539 ἄλλως
701 4474 959 4550 δυνηθείη
1023 4477 1423 4552 ἔξομοιωθῆναι
1481 4486 1617 4553 Θεῷ,
1678 4481 1723 4537 εί
1758 4484 1832 4556 μὴ

1962 3324 2073 3382 bus
2106 3328 2310 3383 datum
2342 3330 2451 3395 est,
2475 3325 2624 3381 etab
2651 3330 2784 3381 ente
2808 3342 2819 3379 :
2845 3325 2947 3381 sed
2969 3325 3249 3382 virtutum
3273 3326 3548 3398 perfectio
3579 3345 3611 3384 a

1960 3415 2077 3473 Deo
2126 3415 2536 3490 proﬁciscitur.
2589 3414 2752 3470 Sicut
2798 3414 2952 3470 enim
3004 3431 3072 3470 ex
3118 3415 3427 3488 principali
3477 3422 3609 3475 ente

1960 3521 2086 3577 ens,
2120 3506 2202 3562 sic
2233 3523 2301 3562 ex
2330 3503 2637 3578 principali
2684 3504 2837 3560 bono
2868 3507 2955 3560 est
2987 3504 3224 3561 bonum.
3258 3506 3363 3562 Vel
3411 3507 3608 3579 potius

1957 3600 2015 3652 et
2047 3596 2303 3652 essentia
2333 3598 2389 3650 et
2416 3594 2605 3649 virtus
2636 3611 2704 3649 ex
2745 3593 2861 3649 Deo
2901 3598 3061 3661 sunt,
3094 3595 3195 3650 sed
3225 3596 3482 3653 essentia
3514 3615 3605 3653 ra-

1956 3684 2114 3741 tione
2146 3683 2413 3757 originis,
2443 3682 2693 3739 essentia
2744 3683 2901 3738 enim
2951 3684 3228 3740 omnibus
3259 3701 3291 3740 a
3321 3686 3440 3741 Deo
3471 3703 3602 3759 pro-

1958 3774 2144 3841 fluxit,
2177 3773 2455 3846 perfectio
2489 3778 2685 3830 autem
2717 3773 2776 3829 in
2810 3773 3041 3845 virtute,
3070 3780 3337 3846 respectu
3367 3791 3604 3832 conver-

1955 3858 2141 3918 sionis
2173 3862 2243 3917 ad
2280 3862 2481 3916 Deum.
2516 3860 2711 3931 Neque
2753 3861 2909 3916 enim
2959 3862 3156 3933 perﬁci
3186 3862 3399 3919 virtute
3429 3863 3605 3921 homo

1954 3950 2190 4024 poterit,
2226 3949 2340 4006 nisi
2370 3950 2439 4005 ad
2472 3949 2655 4006 Deum
2703 3954 3035 4006 convertere
3084 3968 3146 4007 se
3193 3950 3483 4009 instituat.
3513 3953 3605 4010 Si-

1954 4038 2192 4110 quidem
2254 4042 2311 4094 et
2364 4039 2553 4110 pictor
2608 4039 2941 4112 exemplum
3001 4056 3387 4113 expressurus
3454 4060 3603 4099 nun-

1951 4145 2126 4200 quam
2184 4128 2513 4185 imitatione
2570 4128 2869 4201 archetypi
2935 4130 3299 4203 assequitur,
3359 4131 3471 4188 nisi
3529 4134 3599 4189 ad

1950 4216 2095 4272 illud
2148 4216 2386 4273 assidue
2438 4233 2498 4274 se
2527 4217 2891 4274 converterit.
2929 4218 3025 4274 Sic
3074 4219 3175 4293 qui
3222 4219 3497 4278 virtutem
3543 4222 3603 4279 in

1950 4320 2013 4362 se
2062 4306 2191 4379 ipso
2230 4306 2472 4361 voluerit
2526 4308 2898 4378 adumbrare,
2932 4311 3034 4363 aut
3082 4308 3377 4365 coloribus
3426 4310 3603 4366 veluti

1948 4396 2299 4463 describere,
2325 4413 2438 4452 non
2474 4396 2642 4452 aliter
2661 4397 2777 4452 Deo
2809 4397 3129 4453 assimilari
3162 4400 3396 4472 poterit,
3421 4417 3597 4473 quam

1946 4485 1995 4542 si
2031 4486 2099 4541 ad
2132 4503 2267 4543 eum
2309 4486 2674 4542 continenter
2721 4504 2782 4543 se
2832 4492 3147 4558 convertat,
3182 4492 3237 4544 et
3285 4489 3602 4547 scientiﬁca

171 4566 317 4641 πρὸς
346 4564 550 4621 ὶκεῖνον
584 4563 850 4637 διηνεκῶς
881 4565 1210 4646 ἐπιστρέφει,
1241 4568 1331 4623 καὶ
1363 4566 1451 4624 διὰ
1478 4573 1574 4623 τοῦ
1604 4568 1829 4641 ἐπιστη-

1973 4574 2165 4630 atione
2196 4575 2804 4647 conlcmplationeque
2834 4576 3084 4649 exempli
3113 4577 3172 4632 in
3201 4578 3396 4651 seipse
3428 4595 3598 4635 accu-

174 4658 412 4729 μονικοῦ
443 4653 638 4731 λόγου,
670 4656 761 4710 καὶ
787 4662 888 4727 τῆς
907 4662 1005 4712 τοῦ
1035 4654 1470 4734 παραδείγματος
1495 4660 1746 4735 θεωρίας,
1777 4660 1829 4716 ἐν

171 4745 359 4817 ἑαυτῷ
389 4738 810 4821 ἐξακριϐώσεται
837 4746 900 4800 τὸ
930 4745 1311 4822 πρωτότυπον.

681 4836 772 4891 γε’.
802 4835 921 4891 Ἔτι
951 4836 1072 4902 περὶ
1109 4835 1334 4912 ἀρετῶν.

246 4923 307 4976 ⁸0
390 4921 488 4995 μὶν
546 4918 690 5000 ἔχων
766 4924 866 4992 τὴν
928 4925 1249 5001 θεουργικήν
1304 4925 1499 5001 ἀρετὴν
1558 4927 1838 5004 θεοπάτωρ

168 5011 646 5084 κατονομάζεται’
707 5008 894 5081 ἒπειδή
952 5014 1053 5088 γάρ
1134 5012 1287 5076 θεοὺς
1332 5012 1461 5076 τοὺς
1520 5016 1839 5089 ἀνθρώπους

170 5097 337 5161 οὗτος
393 5100 703 5174 ἐργάζεται,
761 5098 850 5155 διὰ
902 5106 1071 5156 ταῦτα
1128 5101 1410 5180 θεοπάτωρ
1470 5103 1739 5161 καλεῖται.
1779 5109 1839 5165 Ὀ

169 5184 231 5243 δὶ
276 5187 427 5264 ἔχων
485 5190 586 5259 τὴν
633 5191 973 5267 θεωρητικὴν
1005 5191 1223 5262 ἀρετὴν,
1274 5193 1415 5255 θεῖος
1472 5193 1838 5265 ὀνομάζεται*

168 5278 198 5331 6
233 5274 292 5331 δὲ
340 5275 487 5355 ἔχων
536 5278 635 5347 τὴν
677 5280 1011 5356 καθαρτικήν
1044 5277 1351 5355 δαιμόνιοςο
1385 5282 1413 5336 ὁ
1464 5278 1520 5337 6‘s
1568 5281 1710 5360 ἔχων
1740 5290 1842 5354 τήν

166 5365 501 5436 πολιτικὴν,
554 5366 878 5431 σπουδαῖος.
913 5370 1205 5446 Θεοπάτωρ
1238 5367 1296 5426 δὶ
1319 5370 1562 5427 καλεῖται
1595 5374 1622 5427 6
1654 5375 1838 5450 θεουρ-

1949 4668 2073 4721 rate
2103 4663 2424 4720 meditetur
2455 4667 2850 4737 prototypum.

2392 4843 2484 4896 55.
2518 4840 2708 4913 Adhuc
2736 4842 2801 4896 de
2831 4842 3150 4899 virtutibus.

2017 4929 2408 5002 Theurgicam
2440 4931 2718 4985 virtutem
2772 4930 2871 5001 qui
2923 4930 3099 4986 habet
3146 4934 3314 5003 pater
3362 4932 3599 4988 divinus

1948 5018 2301 5092 appellatur,
2321 5018 2596 5090 quoniam
2631 5018 2785 5074 enim
2810 5036 2875 5074 ex
2909 5019 3251 5075 hominibus
3276 5020 3415 5076 facit
3436 5022 3600 5088 deos,

1947 5110 2049 5165 illo
2093 5109 2251 5165 venit
2299 5108 2552 5163 nomine.
2586 5108 2692 5172 Qui
2742 5108 3231 5181 contemplatoria
3277 5108 3457 5181 pollet
3482 5109 3600 5165 vir-

1948 5202 2092 5267 tute,
2119 5198 2275 5253 hunc
2308 5196 2572 5253 divinum
2603 5202 2831 5265 vocant,
2857 5199 2939 5254 uti
2966 5198 3317 5255 daemonium
3340 5199 3435 5271 qui
3460 5215 3599 5272 pur-

1948 5287 2196 5362 gatoria,
2218 5288 2317 5343 sed
2349 5286 2450 5359 qui
2482 5285 2722 5359 politica
2740 5293 2829 5343 est
2859 5289 3158 5361 praeditus,
3181 5288 3358 5345 homo
3378 5289 3599 5361 probus

1950 5377 2488 5449 dicitur.’l‘heurgo
2546 5377 2827 5433 tribuitur
2882 5377 3066 5450 patris
3115 5378 3299 5434 divini
3358 5394 3595 5451 nomen,

1766 5500 2001 5557 NOTAE.

238 5600 322 5671 (7)
344 5598 736 5683 geremimuxv,
771 5602 876 5659 19:
912 5601 1010 5657 Καὶ
1042 5599 1130 5658 ἰὰν
1162 5600 1427 5678 ἱξαγάγῃς
1448 5602 1635 5677 τίμιον
1668 5606 1835 5679 (ἀξιον

1987 5606 2171 5683 τίμιον
2206 5609 2532 5667 Constitut.
2569 5608 2829 5683 Apostol.
2863 5610 2932 5679 ll,
2963 5610 3058 5683 56)
3105 5610 3211 5665 ἀπὸ
3254 5606 3488 5681 ἀναξίου,
3521 5608 3597 5672 ὡς

167 5670 233 5725 τὸ
247 5666 448 5745 ’στόμα
479 5666 735 5748 podio-9'.
