4102 6342
423 313 542 377 ’123

1810 305 2234 374 MICHAELlS
2256 363 2258 366 .
2279 305 2550 374 PSELLI

3728 307 3852 368 724

428 440 710 515 quoniam
742 437 923 496 veluti
974 445 1210 508 generat
1258 435 1514 495 animam
1571 436 1862 508 ejusmodi
1912 453 2090 507 quam

2230 435 2326 503 νὸς,⁹
2377 433 2466 489 καὶ
2500 430 2670 489 διὰτὸ
2694 436 3011 509 τῆςψοχῆς
3041 434 3175 490 εἶναι
3206 436 3422 510 πατὴρ,
3459 435 3518 490 ’ὀν
3564 435 3691 496 Θεὸν
3750 455 3849 490 κα-

431 528 936 602 contemplatoria:
971 527 1205 582 virtutis
1237 543 1415 581 causa
1469 528 1650 582 Deum
1699 525 2092 598 appellamus.

431 621 672 692 Oportet
704 618 884 690 igitur
910 615 1009 687 qui
1044 632 1144 687 per
1167 615 1656 670 assimilationem
1687 617 1755 670 ad
1780 615 1962 670 Deum
1990 615 2093 669 ad-

433 708 567 767 duci
601 707 758 775 velit,
793 705 1049 779 primum
1086 704 1384 762 hominem
1427 706 1676 776 probum
1713 705 1857 775 fieri,
1885 705 2110 760 deinde-

433 797 816 863 daemonium,
847 799 973 849 tum
1027 795 1291 849 divinum
1351 800 1601 866 patrem.
1636 797 1714 849 Ac
1758 793 2101 866 contingere.

433 891 624 961 potest
656 885 999 956 aliquando,
1027 889 1089 938 ut
1120 884 1451 938 daamonius
1481 889 1540 938 et
1566 883 1785 954 probus
1818 883 1993 939 homo
2026 883 2097 938 ad

436 975 724 1040 malitiam
758 978 816 1030 et
845 973 1055 1029 vitium
1105 973 1404 1040 deﬂectat;
1435 973 1580 1028 forte
1611 977 1667 1026 et
1696 973 1927 1028 divinus
1980 973 2100 1028 sive

440 1064 776 1130 theoreticae
806 1063 1041 1118 virtutis
1070 1078 1330 1135 compos.
1363 1064 1434 1116 At.
1477 1062 1759 1133 tbeurgus
1789 1062 1909 1116 sive
1941 1066 2104 1133 pater

440 1155 674 1212 divinus
707 1158 765 1210 et
798 1157 959 1208 totus
990 1156 1149 1207 extra
1182 1168 1243 1206 se
1276 1152 1331 1205 in
1375 1151 1490 1206 Deo
1524 1152 1772 1223 positus,
1801 1166 2102 1223 nunquam

443 1247 634 1317 potest
676 1243 747 1298 ad
785 1241 1137 1298 contrariam
1173 1239 1376 1295 virtuti
1426 1240 1679 1312 speciem
1730 1239 1934 1306 dilabi,
1966 1255 2104 1294 cum

445 1338 604 1391 totus
635 1337 802 1390 extra
833 1347 893 1388 se
924 1336 980 1386 et
1011 1331 1166 1386 Deus
1199 1330 1635 1400 quodammodo
1667 1331 1858 1385 factus
1890 1329 1987 1386 sit.

900 1476 990 1530 56.
1024 1474 1212 1529 Adhuc
1241 1473 1304 1529 de
1332 1473 1653 1528 virtutibus.

517 1592 656 1648 Tria
686 1591 807 1647 haec
840 1591 1151 1646 animabus
1196 1589 1400 1644 insunt
1441 1588 1712 1658 facultas,
1746 1588 1962 1661 passio,
1999 1588 2105 1644 ha-

447 1683 626 1738 bitus.
653 1682 966 1736 Passioncs
989 1680 1223 1751 quidem
1251 1684 1391 1734 sunt
1412 1679 1726 1750 cupiditas,
1757 1679 1863 1747 ira,
1891 1685 2106 1749 metus,

459 1771 703 1836 invidia,
728 1770 1103 1840 conﬁdentia,
1145 1769 1452 1840 gaudium,
1485 1785 1651 1823 amor
1696 1767 1918 1836 odium,
1953 1768 2107 1823 desi-

453 1861 704 1928 derium,
738 1858 1058 1926 aemulatio,
1095 1857 1522 1913 misericordia.
1557 1857 1828 1913 Facultas
1859 1873 1991 1913 vero
2022 1861 2110 1912 est

456 1967 572 2022 qua
615 1949 920 2021 passiones
970 1949 1114 2003 istas
1164 1947 1381 2002 sentire
1431 1963 1768 2018 possumus,
1797 1946 1970 2002 irasci
2018 1946 2108 2004 vel

453 2039 648 2095 dolere
695 2038 784 2094 vel
844 2037 1130 2093 misereri.
1178 2037 1425 2092 Habitus
1483 2037 1760 2108 deniqne,
1794 2053 1907 2107 quo
1965 2038 2110 2092 bene

451 2128 540 2184 vel
591 2127 742 2184 male
784 2144 892 2184 nos
923 2128 995 2182 ad
1044 2126 1351 2198 passiones
1401 2125 1683 2198 gerimus,
1719 2130 1785 2180 ut
1832 2125 1892 2180 in
1943 2125 2029 2180 ira
2059 2124 2110 2180 si

449 2218 854 2274 vehementius
889 2216 974 2272 vel
1031 2215 1341 2271 remissius
1373 2217 1537 2286 justo
1588 2214 1922 2285 irascimur,
1958 2214 2110 2270 male

451 2307 705 2379 agimus,
738 2311 914 2378 atque
945 2306 1025 2360 ita
1079 2306 1138 2359 in
1178 2304 1426 2360 czeteris.
1459 2303 1720 2359 Virtutes
1755 2303 1954 2374 itaque
2005 2319 2116 2359 nec

449 2399 756 2475 passiones
803 2401 942 2453 sunt
994 2413 1096 2452 nec
1150 2396 1480 2460 facultates,
1518 2397 1621 2450 sed
1678 2395 1940 2467 habitus,
1993 2412 2116 2451 non

449 2489 607 2546 enim
636 2505 670 2542 a
698 2487 1081 2560 passionibus
1139 2487 1399 2542 dicimur
1444 2485 1580 2541 boni
1613 2484 1698 2541 vel
1734 2486 1916 2556 pravi,
1950 2486 2051 2541 sed
2086 2503 2119 2540 a

462 2577 782 2634 virtutibus
815 2594 882 2633 ac
910 2576 1066 2632 vitiis
1117 2576 1200 2631 ita
1247 2592 1683 2647 nuncupantur.
1714 2579 1792 2629 Αο
1841 2575 2118 2631 timemus

454 2668 693 2742 quidem
724 2666 811 2723 vel
868 2665 1182 2722 irascimur
1233 2667 1361 2721 sine
1415 2664 1750 2737 proposito;
1785 2669 1841 2718 at
1871 2665 2122 2722 virtutes

455 2775 521 2814 ex
554 2757 853 2831 proposito
888 2761 1050 2822 sunt,
1085 2760 1188 2812 aut
1220 2773 1334 2811 non
1375 2756 1502 2811 sine
1547 2755 1866 2826 proposito.
1902 2757 1947 2810 A
1979 2772 2118 2827 pas-

459 2848 727 2905 sionibus
757 2847 934 2902 etiam
967 2846 1184 2902 moveri
1218 2845 1509 2900 dicimur:
1545 2862 1576 2899 a
1608 2845 1765 2900 vitiis
1797 2849 1992 2900 autem
2031 2845 2119 2900 vel

459 2935 780 2993 virtutibus
832 2953 946 2991 non
999 2933 1254 2991 dicimur
1302 2933 1543 3000 moveri,
1577 2934 1678 2989 sed
1731 2932 1838 2989 hoc
1868 2933 1956 2989 vel
2007 2933 2120 2990 alio

471 3029 646 3083 modo
679 3025 1001 3097 comparati
1035 3039 1186 3080 esse.

908 3166 998 3222 57.
1032 3164 1227 3220 Adhuc
1254 3163 1320 3220 de
1348 3162 1664 3219 virtutibus.

535 3283 840 3341 Fortitudo
872 3285 961 3339 est
993 3279 1367 3338 mediocritas
1408 3279 1559 3335 inter
1599 3293 1903 3334 excessum
1936 3279 2121 3335 auda-

470 3374 572 3432 cia:
629 3376 685 3429 et
734 3371 1029 3428 defectum
1079 3387 1112 3425 a
1159 3368 1497 3430 timiditate.
1530 3371 1915 3439 verseturque
1971 3368 2124 3424 circa

466 3465 709 3520 timores
763 3477 830 3517 ac
870 3459 1192 3515 ﬁduciam.
1226 3456 1648 3528 Temperantia
1707 3473 1981 3512 excessus
2037 3463 2126 3515 est

466 3552 720 3618 luxuria,
753 3551 1013 3606 defectus
1065 3552 1291 3620 stupor,
1323 3545 1498 3602 liceat
1535 3545 1694 3601 enim
1726 3544 1836 3600 hoc
1887 3547 2125 3603 nomine

469 3642 636 3698 illum
669 3639 984 3714 appellare.
1019 3638 1182 3694 Circa
1223 3635 1593 3710 largitionem
1629 3636 1913 3690 bonorum
1944 3639 2000 3690 et
2029 3652 2122 3691 ac-

471 3731 799 3798 ceptionem
861 3727 1236 3785 mediocritas
1291 3729 1380 3782 est
1434 3723 1788 3792 liberalitas,
1849 3740 2125 3782 excessus

469 3820 752 3893 profusio,
811 3819 933 3877 sive
990 3816 1312 3891 prodigalis
1370 3815 1615 3884 abusus,
1669 3813 1931 3871 detectus
1990 3831 2124 3871 vero

469 3908 838 3965 illiberalitas
871 3908 989 3964 sive
1019 3906 1202 3962 nimia
1226 3903 1608 3976 parcimonia.
1644 3904 1706 3958 In
1738 3904 1972 3977 magnis
2003 3903 2124 3976 opi-

468 3997 578 4053 bus
603 3995 1059 4052 mediocritatem
1087 3997 1343 4048 sectatur
1366 3991 1825 4064 magniﬁcentia,
1849 4008 2126 4048 excessus

469 4091 558 4141 est
586 4085 646 4141 in
681 4084 863 4140 nimio
897 4081 1228 4154 Splendore,
1263 4081 1528 4136 defectus
1569 4081 1794 4136 sordes.
1828 4079 1990 4136 Circa
2020 4081 2124 4136 ho-

469 4190 640 4230 nores
672 4172 953 4245 petendos
985 4170 1211 4226 excedit
1239 4168 1611 4238 ambitiosus,
1640 4169 1698 4223 in
1732 4169 1962 4225 defectu
1994 4187 2124 4242 pec-

469 4267 562 4318 cat
593 4261 831 4318 honoris
863 4263 1252 4331 contemptor,
1277 4257 1654 4314 mediocritas
1677 4262 1835 4313 caret
1865 4259 2124 4332 nomine,

472 4353 669 4409 multa:
701 4353 860 4408 enim
889 4367 983 4408 res
1034 4354 1174 4407 sunt
1204 4366 1332 4422 quae
1366 4366 1579 4406 nomen
1630 4349 1935 4422 proprium
1988 4366 2124 4409 nec-

473 4442 614 4498 dum
652 4440 1055 4498 obtinuerunt.

923 4557 1016 4613 58.
1050 4555 1234 4610 Adhuc
1262 4555 1328 4609 dc
1358 4554 1673 4609 virtutibus.

546 4676 711 4732 Circa
740 4671 1261 4730 mansuetudinem
1296 4687 1427 4743 qua:
1450 4670 1913 4727 mediocritatem
1935 4670 2128 4727 obser-

474 4769 590 4833 vat,
614 4780 888 4821 excessus
921 4766 1010 4819 est
1040 4761 1367 4829 iracundia,
1394 4761 1654 4816 defectus
1697 4759 1990 4816 lentitudo
2028 4761 2126 4816 ire

476 4871 700 4926 expers.
739 4853 906 4912 Circa
954 4868 1157 4908 verum
1204 4849 1626 4905 mediocritatis
1675 4850 1994 4906 observans
2039 4855 2129 4906 est

472 4960 663 5011 verax,
714 4947 769 5000 et
820 4941 1199 4998 mediocritas
1247 4939 1362 4994 dici
1412 4943 1605 5010 potest
1652 4939 1959 5006 veracitas,
1999 4939 2127 5010 ejus

470 5037 668 5089 autem
703 5030 998 5088 simulatio
1030 5046 1133 5102 per
1159 5045 1462 5085 excessum
1497 5032 1583 5084 est
1614 5028 1904 5099 gloriatio,
1938 5032 1994 5082 et
2024 5027 2128 5100 qui

470 5122 630 5177 illam
665 5125 923 5178 sectatur
953 5118 1247 5192 gloriosus
1275 5135 1287 5174 :
1315 5135 1416 5190 per
1445 5118 1737 5173 detectum
1769 5117 1978 5185 ironia,
2003 5117 2128 5187 qui-

471 5228 584 5282 que
615 5228 685 5266 ea
732 5210 921 5266 utitur
969 5209 1028 5264 in
1074 5208 1337 5264 oratione
1387 5206 1812 5262 dissimulator.
1864 5207 2126 5276 Cumque

473 5304 588 5357 duo
611 5299 920 5357 suavitatis
944 5299 1063 5354 sint
1085 5315 1318 5371 genera,
1339 5297 1587 5354 alterum
1616 5297 1672 5350 in
1693 5297 1861 5368 jocis,
1878 5296 2123 5352 alterum

474 5391 532 5445 in
565 5391 821 5461 vita,qui
854 5391 937 5446 ita
969 5395 1168 5461 utpar
1197 5389 1363 5445 estin
1388 5388 1508 5443 vita
1526 5389 1854 5457 jucundum
1879 5404 1941 5442 se
1960 5387 2125 5442 exhi-

476 5481 592 5550 bet,
652 5481 879 5535 amicus
931 5479 1161 5550 dicitur,
1185 5483 1242 5535 et
1292 5478 1661 5533 mediocritas
1711 5477 1989 5546 amicitia,
2023 5477 2124 5547 qui

477 5569 703 5634 excedit
731 5569 1016 5637 adulator,
1044 5571 1142 5641 qui
1174 5586 1305 5626 vero
1333 5567 1527 5624 delicit
1576 5584 1845 5624 morosus
1877 5583 1942 5622 ac
1970 5567 2123 5622 difﬁ-

481 5659 627 5716 cilis.
654 5659 1020 5716 Amcenitatis
1050 5661 1109 5715 in
1134 5660 1285 5731 jocis
1331 5657 1706 5716 mediocritas
1737 5662 1826 5714 est
1855 5656 1913 5712 in
1946 5657 2122 5713 urba-

2156 4568 2203 4634 D

2205 522 2410 597 λοῦμεν
2446 521 2535 579 διὰ
2563 525 2663 594 τὴν
2721 525 3059 599 θεωρητικὴν
3090 524 3308 601 ἀρετήν.
3344 531 3435 582 Δεῖ
3465 524 3555 580 οὗν
3585 524 3676 580 τὸν
3719 525 3853 581 ἀνα-

2203 615 2436 689 γόμενον
2497 613 2574 678 εἷς
2631 619 2766 669 Θεοῦ
2825 613 3144 686 ἐξομοίωσιν
3204 619 3395 688 πρῶτα
3427 615 3520 686 μὶν
3558 613 3850 670 σπουδαῖον

2205 703 2471 780 γενέσθαι,
2528 703 2639 758 εἶτα
2699 700 3002 777 δαιμόνιον,
3036 705 3150 759 εἶτα
3205 710 3372 772 Θεῖον,
3421 706 3512 759 καὶ
3542 703 3699 766 τέλος
3731 716 3854 768 θεο-

2208 794 2441 868 πάτορα.
2509 793 2566 847 Ὀ
2621 792 2714 866 μὲν
2750 790 2840 847 οὖν
2872 790 3153 867 δαιμόνιος
3185 793 3276 847 καὶ
3307 795 3336 848 6
3368 790 3658 857 σπουδαῖος
3689 815 3858 866 μετα-

2209 876 2442 953 ϐληθείη
2478 881 2535 937 ἂν
2586 882 2674 937 καὶ
2727 882 2802 945 εἷς
2831 882 3018 938 κακίαν
3046 883 3198 938 ποτέ·
3227 881 3360 948 ’ίσως
3413 880 3472 938 δὲ
3498 885 3587 938 καὶ
3619 885 3647 938 6
3689 890 3856 950 θεῖος,

2209 970 2333 1040 ἤτοι
2369 972 2398 1026 ὁ
2456 971 2811 1046 θεωρητικός.
2862 973 2924 1030 Ὀ
2970 969 3026 1028 δὲ
3056 973 3314 1048 θεουργὸς
3363 971 3486 1042 ἤτοι
3517 973 3545 1028 6
3575 974 3858 1047 θεοπάτωρ

2210 1061 2366 1130 ὁτῆς
2415 1062 2560 1124 θείας
2619 1061 2764 1123 ὅλως
2822 1061 3118 1128 ἐκστάσεως
3171 1063 3409 1138 γεγονὼς
3466 1062 3564 1117 οὐκ
3618 1061 3675 1116 ἂν
3726 1083 3863 1126 ποτε

2217 1149 2466 1223 μεταθείη
2499 1151 2635 1226 πρὸς
2681 1153 2744 1206 τὸ
2793 1150 3030 1208 ἐναντίον
3061 1149 3203 1214 εἶδος
3226 1159 3327 1222 τῆς
3358 1151 3551 1228 ἀρετῆς
3581 1150 3679 1225 ἔξω
3731 1153 3862 1207 sau-

2210 1244 2307 1294 τοῦ
2338 1239 2430 1311 ὥν,
2464 1239 2553 1295 καὶ
2585 1241 2712 1304 Θεὸς
2746 1239 2989 1318 ἀτεχνῶς
3017 1242 3276 1318 γεγονώς.

2703 1476 2800 1539 νς’.
2848 1477 2968 1532 "En
3001 1474 3123 1551 περὶ
3155 1475 3380 1550 ἀρετῶν.

2285 1587 2416 1663 Τρία
2473 1591 2641 1644 ταῦτα
2699 1587 2830 1642 εἷσὶν
2892 1587 2943 1643 ἐν
2974 1594 3091 1650 ταῖς
3121 1592 3349 1664 ψυχαῖς,
3395 1585 3644 1661 δύναμις,
3675 1587 3870 1656 πάθος,

2214 1672 2342 1748 ἕξις.
2406 1676 2504 1732 Καὶ
2561 1676 2733 1742 πάθος
2793 1677 2887 1750 μέν
2919 1678 3082 1747 ἐστιν,
3141 1677 3422 1750 ἐπιθυμία,
3480 1677 3636 1752 ὀργὴ,
3675 1672 3874 1756 φόϐος,

2219 1768 2435 1844 φθόνος,
2490 1766 2725 1842 ΟςὶρσοςἸ
2758 1768 2924 1844 χαρὰ,
2983 1766 3163 1843 φιλία,
3225 1768 3400 1842 μίσος,
3434 1768 3624 1836 πόθος,
3675 1766 3873 1838 ζῆλος,

2219 1852 2394 1918 ἔλεος.
2454 1855 2692 1930 Δύναμις
2750 1853 2807 1912 δέ
2837 1857 2946 1911 ἐστι
2976 1859 3096 1921 καθ’
3125 1857 3185 1926 ἦν
3218 1859 3509 1927 παθητικοὶ
3543 1855 3749 1912 τούτων
3779 1877 3873 1931 γι-

2218 1946 2443 2018 νόμεθα,
2500 1948 2614 2000 οἷον
2661 1947 2780 2009 καθ’
2810 1947 2876 2015 ἣν
2925 1943 3140 2002 δυνατοὶ
3203 1945 3514 2022 ὀργισθῆναι
3545 1945 3578 2016 ἢ
3611 1944 3870 2015 λυπηθῆ-

2219 2055 2306 2090 ναι
2354 2033 2388 2102 ἢ
2439 2032 2681 2104 ἐλεῆσαι.
2737 2035 2884 2106 Ἓξις
2933 2034 3011 2106 δέ,
3061 2037 3178 2091 καθ’
3210 2037 3270 2105 ἣν
3304 2036 3440 2111 πρὸς
3468 2035 3534 2090 τὰ
3561 2035 3705 2105 πάθη
3736 2030 3873 2112 ἕχο-

2227 2145 2320 2198 μεν
2370 2121 2556 2186 καλῶς
2586 2124 2621 2193 ἢ
2654 2129 2854 2186 κακῶς.
2889 2125 3012 2180 Οἴον
3063 2124 3199 2200 πρὸς
3255 2124 3317 2180 τὸ
3350 2123 3664 2199 ὀργισθῆναι
3693 2123 3739 2178 εἷ
3775 2125 3876 2196 μέν

2222 2211 2472 2290 σφοδρῶς
2528 2213 2563 2282 ἢ
2623 2213 2937 2287 ἀνειμένως,
2997 2219 3176 2277 κακῶς
3236 2211 3460 2290 ἔχομεν.
3518 2214 3761 2286 Ὁμοίως
3820 2212 3884 2269 δὲ

2224 2304 2360 2379 πρὸς
2408 2302 2475 2358 τὰ
2531 2301 2694 2360 ἄλλα,
2753 2305 2823 2360 Αἱ
2855 2302 2943 2358 οὖν
2980 2304 3159 2379 ἀρεταὶ
3195 2301 3317 2358 οὔτε
3365 2304 3509 2373 παθη
3543 2303 3697 2370 εἰσὶν,
3753 2299 3887 2358 οὔτε

2228 2390 2508 2465 δυνάμεις,
2541 2390 2671 2447 ἀλλ’
2728 2389 2882 2464 ἔξεις.
2919 2393 2995 2450 Οὐ
3037 2393 3138 2470 γὰρ
3170 2391 3438 2468 λεγόμεθα
3466 2393 3602 2448 κατὰ
3631 2394 3698 2448 τὰ
3725 2392 3879 2465 πάθη

2227 2480 2512 2538 σπουδαῖοι
2543 2481 2578 2552 ἢ
2612 2481 2831 2560 φαῦλοι·
2887 2484 3024 2538 κιτὰ
3055 2481 3111 2538 δὲ
3157 2483 3252 2545 τὰς
3285 2484 3471 2559 ἀρετὰς
3503 2483 3592 2538 καὶ
3629 2483 3725 2546 τὰς
3775 2503 3886 2538 κα-

2225 2572 2369 2641 κίας,
2427 2569 2702 2647 λεγόμεθα
2758 2570 3043 2627 σπουδαῖοι
3106 2573 3193 2627 καὶ
3254 2571 3474 2649 φαῦλοι.
3535 2573 3636 2628 Καὶ
3666 2566 3884 2648 φοϐού-

2233 2663 2366 2736 μεθα
2398 2661 2490 2734 μέν
2549 2662 2583 2730 ἢ
2637 2661 2964 2737 ὀργιζόμεθα
3015 2662 3409 2737 ἀπροαιρέτως.
3462 2662 3523 2718 Αἱ
3573 2658 3629 2716 δὲ
3685 2661 3881 2736 ἀρεταὶ

2227 2749 2569 2826 προαιρέσεις
2645 2753 2804 2824 τινες,
2866 2751 2900 2820 ἢ
2969 2751 3068 2806 οὐκ
3133 2750 3255 2806 ἄνευ
3312 2751 3705 2826 προαιρέσεως.
3765 2750 3880 2806 Καὶ

2228 2842 2364 2896 κατὰ
2395 2841 2488 2914 μὶν
2539 2841 2606 2896 τὰ
2653 2842 2800 2911 πάθη
2832 2847 3094 2906 κινεῖσθαι
3159 2839 3453 2916 λεγόμεθα,
3494 2840 3630 2895 κατά
3657 2837 3716 2894 δέ
3770 2841 3876 2903 τὰς

2229 2930 2423 2994 κακίας
2483 2929 2571 2985 καὶ
2618 2931 2715 2993 τὰς
2762 2929 2952 3007 ἀρετὰς
3012 2930 3074 2984 οὐ
3130 2931 3412 3000 κινεῖσθαι,
3475 2928 3619 2986 ἀλλὰ
3665 2926 3881 2985 διαχεῖ-

2232 3018 2352 3083 σθαί
2382 3040 2520 3082 πως.

2721 3163 2816 3233 νζ’.
2851 3163 2970 3219 Ἔτι
3000 3161 3124 3238 περὶ
3155 3161 3378 3238 ἀρετῶν.

2303 3279 2424 3336 ’Ὁτι
2480 3279 2514 3347 ἡ
2574 3278 2667 3352 μὲν
2701 3273 2916 3349 ἀνδρεία
2976 3272 3209 3350 μεσότης
3242 3276 3406 3344 ἐστὶν,
3457 3276 3530 3340 ὡς
3565 3276 3656 3350 μὲν
3716 3278 3885 3352 ὑπερο

2233 3362 2406 3437 ϐολῆς
2452 3372 2548 3422 τοῦ
2599 3368 2848 3439 θράσους,
2906 3367 2982 3429 ὡς
3041 3364 3099 3421 δὲ
3157 3365 3451 3440 ἐλλείψεως
3499 3373 3596 3435 τῆς
3646 3363 3887 3436 δειλίας,

2231 3457 2320 3512 καὶ
2371 3456 2481 3512 ἐστι
2534 3456 2657 3533 περὶ
2717 3453 2922 3536 φόϐους
2978 3457 3066 3511 καὶ
3109 3456 3300 3533 θάρρη.
3361 3458 3470 3528 Τῆς
3500 3453 3558 3511 δέ
3596 3455 3885 3533 σωφροσύ-

2231 3568 2346 3617 νης,
2411 3542 2689 3621 ὑπερϐολὴ
2739 3548 2832 3620 μὲν
2882 3549 2916 3616 ἡ
2969 3545 3253 3617 ἀκολασία,
3310 3541 3555 3619 ἔλλειψις
3589 3542 3646 3599 δέ
3669 3547 3705 3614 ἡ
3737 3545 3889 3600 ἀναι-

2235 3637 2452 3706 σθησία,
2500 3635 2734 3710 λεγέσθω
2782 3635 2882 3711 γὰρ
2937 3636 3129 3697 οὕτως.
3180 3634 3307 3710 Περὶ
3363 3632 3510 3689 δόσιν
3573 3634 3884 3710 χρημάτων

2232 3724 2322 3780 καὶ
2355 3724 2544 3799 λῆψιν,
2598 3724 2832 3798 μεσότης
2882 3725 2975 3798 μὶν
3007 3727 3040 3794 ἡ
3077 3723 3474 3800 ἐλευθεριότης,
3509 3718 3792 3796 ὑπερϐολὴ
3825 3721 3885 3779 δὲ

2233 3816 2267 3884 ἡ
2325 3813 2548 3886 ἀσωτία,
2600 3812 2723 3884 ἤτοι
2763 3811 2976 3891 ἀφειδία
3022 3816 3119 3883 τῆς
3150 3815 3424 3888 χρήσεως,
3477 3811 3723 3886 ἔλλειψις
3759 3810 3818 3867 δὲ
3847 3813 3884 3883 ἦ

2235 3901 2582 3980 ἀνελευθερία
2629 3903 2754 3973 ἤτοι
2793 3901 3079 3983 φειδωλία.
3131 3903 3260 3978 Περὶ
3321 3900 3377 3958 δὲ
3429 3903 3733 3978 χρημάτων
3788 3923 3886 3974 μευ

2236 3995 2398 4062 σότης
2453 3994 2544 4067 μὲν
2604 3995 2637 4063 ἡ
2699 3992 3156 4068 μεγαλοπρέπεια,
3191 3986 3472 4065 ὑπερϐολὴ
3515 3989 3624 4060 δὲή
3661 3991 3887 4066 ἀπειρο-

2233 4081 2418 4153 καλία,
2465 4080 2708 4158 ἔλλειψις
2760 4081 2816 4138 δὲ
2870 4085 2904 4153 ἡ
2960 4083 3374 4157 μικροπρέπειι.
3434 4082 3566 4157 Περὶ
3598 4079 3656 4135 δὲ
3705 4075 3887 4156 ὄρεξιν

2232 4180 2422 4246 τιμῆς,
2455 4173 2482 4227 ὁ
2514 4174 2607 4246 μὲν
2641 4167 3000 4248 ὑπερϐάλλων
3052 4177 3170 4235 ταῖς
3200 4171 3424 4244 ὀρέξεσι,
3486 4170 3806 4248 φιλότιμος,
3860 4169 3890 4224 6

2236 4261 2292 4316 δέ
2344 4261 2613 4317 ἐλλείπων
2675 4261 3053 4340 ἀφιλότιμος,
3119 4262 3146 4316 6
3207 4257 3264 4316 δὲ
3324 4259 3511 4332 μέσος,
3570 4258 3884 4330 ἀνώνυμος.

2237 4349 2427 4407 Πολλὰ
2454 4354 2554 4428 γάρ
2587 4351 2687 4406 εἶσι
2719 4352 3014 4428 πράγματα
3044 4347 3217 4423 ὄνομα
3263 4348 3450 4425 κύριον
3502 4349 3670 4419 μήπω
3717 4345 3890 4422 ἐσχη-

2234 4462 2386 4496 κοτα.

2657 4567 2691 4593 ’
2716 4556 2818 4626 νη’.
2853 4557 2972 4612 Ἔτι
3007 4553 3129 4630 περὶ
3163 4553 3392 4628 ἀρετῶν.

2305 4674 2432 4745 Περὶ
2467 4675 2564 4743 τήν
2598 4668 2880 4746 πραότητα
2914 4670 3183 4744 μεσότητα
3243 4668 3427 4739 οὖσαν,
3481 4668 3516 4738 ἡ
3565 4667 3659 4740 μὲν
3724 4667 3890 4742 ὑπερ-

2236 4757 2518 4817 ϐάλλουσα
2574 4761 2754 4830 κακία,
2815 4758 3114 4835 ὀργιλότης
3161 4760 3194 4828 ἡ
3230 4755 3286 4813 δὲ
3316 4756 3650 4813 ἐλλείπουσα
3679 4755 3892 4832 ἀόργη-

2235 4853 2343 4908 σία.
2409 4850 2537 4926 Περὶ
2569 4849 2626 4906 δὲ
2680 4851 2741 4905 τὸ
2793 4847 3015 4919 ἀληθὲς,
3073 4850 3101 4905 6
3137 4849 3232 4920 μὲν
3267 4847 3429 4922 μέσος
3462 4843 3700 4916 ἀληθὴς,
3727 4845 3818 4900 καὶ
3851 4847 3892 4916 ἠ

2239 4940 2472 5015 μεσότης
2506 4939 2737 5011 ἀλήθεια
2793 4937 3058 5014 λεγέσθω,
3109 4939 3143 5008 ἡ
3196 4935 3254 4991 δὲ
3305 4934 3755 5012 προσποίησις,ἡ
3791 4935 3897 5006 μὲν

2237 5030 2323 5086 ἐπὶ
2353 5031 2415 5086 τὸ
2460 5034 2644 5103 μεῖζον
2695 5027 2972 5098 ἀλαζονία,
3004 5028 3093 5083 καὶ
3143 5028 3170 5082 6
3227 5024 3372 5102 ἔχων
3406 5025 3574 5092 αὐτὴν
3603 5022 3896 5094 ἀλαζών-ἧ

2236 5118 2292 5174 δὲ
2324 5119 2409 5174 ἐπὶ
2440 5120 2501 5173 τὸ
2534 5117 2752 5174 ἔλαττον
2811 5117 3075 5190 εἰρωνεία·
3122 5116 3212 5170 καὶ
3263 5117 3290 5170 6
3327 5113 3471 5190 ἔχων
3497 5115 3667 5183 αὐτην
3702 5113 3898 5189 εἴρωνο

2235 5209 2384 5264 Ἐπεὶ
2419 5206 2474 5263 δέ
2506 5206 2604 5263 δύο
2635 5206 2902 5277 ἡδῦτητες
2947 5206 3102 5273 εἰσὶν,
3159 5207 3192 5275 ἡ
3263 5205 3357 5278 μὶν
3419 5203 3469 5258 ἐν
3527 5200 3736 5274 παιδίᾷ,
3769 5204 3804 5273 ἡ
3840 5200 3907 5260 δὲ

2235 5299 2284 5354 ἰν
2318 5304 2394 5370 τῷ
2447 5298 2570 5373 βίῳ,
2601 5299 2628 5352 6
2683 5299 2776 5371 μέν
2811 5298 2884 5358 ὡς
2915 5294 2997 5351 δεῖ
3025 5294 3159 5365 ἡδὺς
3214 5293 3308 5361 ὢν,
3369 5293 3532 5368 φίλος
3562 5292 3652 5347 καὶ
3697 5294 3729 5362 ἦ
3771 5313 3904 5366 μεσ-

2235 5389 2364 5454 ότης
2413 5387 2587 5466 φιλία·
2645 5388 2672 5440 6
2733 5383 2788 5440 δὲ
2823 5381 3182 5460 ὑπερϐάλλων
3233 5382 3417 5454 κόλαξ,
3463 5383 3490 5436 6
3521 5379 3578 5436 δὲ
3610 5380 3896 5437 ἐλλείπων

2234 5476 2446 5552 δύσερίς
2491 5499 2574 5540 τις
2620 5476 2706 5530 καὶ
2766 5472 3054 5536 δύσκολος.
3087 5481 3192 5543 Τῆς
3227 5472 3285 5528 δέ
3310 5473 3360 5528 ἐν
3392 5469 3581 5542 παιδιᾷ
3611 5468 3898 5542 ἠδῦτητος

2231 5569 2266 5638 ἡ
2311 5569 2404 5642 μὲν
2460 5567 2715 5640 μεσότης,
2748 5563 3100 5640 εὐτραπελία,
3129 5565 3164 5636 ἡ
3199 5561 3256 5620 δὲ
3288 5557 3591 5639 ὑπερϐολὴ,
3625 5561 3894 5637 βωμολο-

2236 5657 2353 5733 χία,
2408 5658 2440 5728 ἠ
2495 5654 2550 5711 δὶ
2575 5653 2824 5730 ἔλλειψις
2857 5653 3126 5732 ἀγροικία.
3160 5654 3260 5709 Καὶ
3304 5655 3331 5709 ὁ
3359 5652 3460 5730 μὶδι
3485 5649 3902 5728 «cantatrices
