  <div class='ocr_page' id='page_1' title='image "/cluster/home/n/w/nwhite01/storage/ocr_20150623/122/hvd.32044073502452/370.png"; bbox 0 0 4102 6342; ppageno 0'>
   <div class='ocr_carea' id='block_1_1' title="bbox 226 352 349 412">
    <p class='ocr_par' dir='ltr' id='par_1_1' title="bbox 226 352 349 412">
     <span class='ocr_line' id='line_1_1' title="bbox 226 352 349 412; baseline -0.008 0"><span class='ocrx_word' id='word_1_1' title='bbox 226 352 349 412; x_wconf 81' lang='lat'>725</span> 
     </span>
    </p>
   </div>
   <div class='ocr_carea' id='block_1_2' title="bbox 1418 366 2468 429">
    <p class='ocr_par' dir='ltr' id='par_1_2' title="bbox 1418 366 2468 429">
     <span class='ocr_line' id='line_1_2' title="bbox 1418 366 2468 429; baseline 0.002 -3"><span class='ocrx_word' id='word_1_2' title='bbox 1418 366 1521 426; x_wconf 87' lang='lat' dir='ltr'>DE</span> <span class='ocrx_word' id='word_1_3' title='bbox 1566 366 2008 429; x_wconf 82' lang='lat' dir='ltr'>OMNIFARIA</span> <span class='ocrx_word' id='word_1_4' title='bbox 2051 367 2468 429; x_wconf 82' lang='lat' dir='ltr'>DOCTRINA.</span> 
     </span>
    </p>
   </div>
   <div class='ocr_carea' id='block_1_3' title="bbox 3544 371 3660 432">
    <p class='ocr_par' dir='ltr' id='par_1_3' title="bbox 3544 371 3660 432">
     <span class='ocr_line' id='line_1_3' title="bbox 3544 371 3660 432; baseline 0.026 -3"><span class='ocrx_word' id='word_1_5' title='bbox 3544 371 3660 432; x_wconf 78' lang='lat'>726</span> 
     </span>
    </p>
   </div>
   <div class='ocr_carea' id='block_1_4' title="bbox 222 485 1861 575">
    <p class='ocr_par' dir='ltr' id='par_1_4' title="bbox 222 485 1861 575">
     <span class='ocr_line' id='line_1_4' title="bbox 222 485 1861 575; baseline 0.013 -35"><span class='ocrx_word' id='word_1_6' title='bbox 222 505 343 555; x_wconf 89' lang='grc' dir='ltr'>σος,</span> <span class='ocrx_word' id='word_1_7' title='bbox 444 485 533 544; x_wconf 71' lang='grc' dir='ltr'>ηδὲ</span> <span class='ocrx_word' id='word_1_8' title='bbox 586 485 950 567; x_wconf 72' lang='grc' dir='ltr'>ὑπερϐάλλων</span> <span class='ocrx_word' id='word_1_9' title='bbox 1012 493 1387 574; x_wconf 79' lang='grc' dir='ltr'>ἀναίσχυντος,</span> <span class='ocrx_word' id='word_1_10' title='bbox 1421 500 1448 555; x_wconf 98' lang='lat'>6</span> <span class='ocrx_word' id='word_1_11' title='bbox 1496 496 1553 556; x_wconf 65' lang='grc' dir='ltr'>δὲ</span> <span class='ocrx_word' id='word_1_12' title='bbox 1582 499 1861 561; x_wconf 78' lang='grc' dir='ltr'>ἐλλείπων.</span> 
     </span>
    </p>
   </div>
   <div class='ocr_carea' id='block_1_5' title="bbox 1980 485 3659 575">
    <p class='ocr_par' dir='ltr' id='par_1_5' title="bbox 1991 502 3659 573">
     <span class='ocr_line' id='line_1_5' title="bbox 1991 502 3659 573; baseline 0.001 -12"><span class='ocrx_word' id='word_1_13' title='bbox 1991 502 2195 573; x_wconf 87' lang='lat' dir='ltr'>nitate,</span> <span class='ocrx_word' id='word_1_14' title='bbox 2228 518 2504 560; x_wconf 81' lang='lat' dir='ltr'>excessus</span> <span class='ocrx_word' id='word_1_15' title='bbox 2550 503 2610 561; x_wconf 90' lang='lat' dir='ltr'>in</span> <span class='ocrx_word' id='word_1_16' title='bbox 2659 502 3037 573; x_wconf 88' lang='lat' dir='ltr'>scurrilitate,</span> <span class='ocrx_word' id='word_1_17' title='bbox 3070 503 3130 560; x_wconf 92' lang='lat' dir='ltr'>in</span> <span class='ocrx_word' id='word_1_18' title='bbox 3181 503 3508 561; x_wconf 77' lang='lat' dir='ltr'>rusticitate</span> <span class='ocrx_word' id='word_1_19' title='bbox 3558 505 3659 562; x_wconf 90' lang='lat' dir='ltr'>de-</span> 
     </span>
    </p>
   </div>
   <div class='ocr_carea' id='block_1_6' title="bbox 215 574 1171 658">
    <p class='ocr_par' dir='ltr' id='par_1_6' title="bbox 215 574 1171 658">
     <span class='ocr_line' id='line_1_6' title="bbox 215 574 1171 658; baseline 0.015 -29"><span class='ocrx_word' id='word_1_20' title='bbox 215 574 505 653; x_wconf 76' lang='grc' dir='ltr'>καταπλήξ</span> <span class='ocrx_word' id='word_1_21' title='bbox 541 579 569 635; x_wconf 91' lang='lat'>6</span> <span class='ocrx_word' id='word_1_22' title='bbox 602 578 777 638; x_wconf 73' lang='grc' dir='ltr'>πάντα</span> <span class='ocrx_word' id='word_1_23' title='bbox 806 579 1068 658; x_wconf 71' lang='grc' dir='ltr'>αἱδούμεν</span> <span class='ocrx_word' id='word_1_24' title='bbox 1088 605 1171 648; x_wconf 89' lang='grc' dir='ltr'>ος.</span> 
     </span>
    </p>
   </div>
   <div class='ocr_carea' id='block_1_7' title="bbox 475 863 1650 949">
    <p class='ocr_par' dir='ltr' id='par_1_7' title="bbox 475 863 1650 949">
     <span class='ocr_line' id='line_1_7' title="bbox 475 863 1650 949; baseline 0.011 -32"><span class='ocrx_word' id='word_1_25' title='bbox 475 871 571 928; x_wconf 86' lang='grc' dir='ltr'>νθ’.</span> <span class='ocrx_word' id='word_1_26' title='bbox 599 865 726 922; x_wconf 82' lang='grc' dir='ltr'>Τίνι</span> <span class='ocrx_word' id='word_1_27' title='bbox 748 863 999 942; x_wconf 72' lang='grc' dir='ltr'>διαφέρει</span> <span class='ocrx_word' id='word_1_28' title='bbox 1032 868 1186 944; x_wconf 70' lang='grc' dir='ltr'>ἀρχὴ</span> <span class='ocrx_word' id='word_1_29' title='bbox 1218 872 1309 926; x_wconf 83' lang='grc' dir='ltr'>καὶ</span> <span class='ocrx_word' id='word_1_30' title='bbox 1331 878 1604 949; x_wconf 84' lang='grc' dir='ltr'>στοιχεῖον</span> <span class='ocrx_word' id='word_1_31' title='bbox 1636 894 1650 945; x_wconf 86' lang='grc'><strong>;</strong></span> 
     </span>
    </p>
   </div>
   <div class='ocr_carea' id='block_1_8' title="bbox 294 951 1887 1043">
    <p class='ocr_par' dir='ltr' id='par_1_8' title="bbox 294 951 1887 1043">
     <span class='ocr_line' id='line_1_8' title="bbox 294 951 1887 1043; baseline 0.01 -37"><span class='ocrx_word' id='word_1_32' title='bbox 397 952 678 1043; x_wconf 15' lang='grc' dir='ltr'>μὲνλάρχὴ</span> <span class='ocrx_word' id='word_1_33' title='bbox 708 956 811 1043; x_wconf 86' lang='grc' dir='ltr'>οὐκ</span> <span class='ocrx_word' id='word_1_34' title='bbox 852 952 973 1033; x_wconf 84' lang='grc' dir='ltr'>ἔχει</span> <span class='ocrx_word' id='word_1_35' title='bbox 1018 978 1069 1012; x_wconf 91' lang='grc' dir='ltr'>τι</span> <span class='ocrx_word' id='word_1_36' title='bbox 1119 960 1388 1036; x_wconf 87' lang='grc' dir='ltr'>πρότερον</span> <span class='ocrx_word' id='word_1_37' title='bbox 1451 963 1670 1036; x_wconf 75' lang='grc' dir='ltr'>ἑαυτῆς,</span> <span class='ocrx_word' id='word_1_38' title='bbox 1706 964 1887 1043; x_wconf 84' lang='grc' dir='ltr'>ὥσπερ</span> 
     </span>
    </p>
   </div>
   <div class='ocr_carea' id='block_1_9' title="bbox 225 1038 1886 1127">
    <p class='ocr_par' dir='ltr' id='par_1_9' title="bbox 225 1038 1886 1127">
     <span class='ocr_line' id='line_1_9' title="bbox 225 1038 1886 1127; baseline 0.011 -34"><span class='ocrx_word' id='word_1_39' title='bbox 225 1041 265 1109; x_wconf 80' lang='grc' dir='ltr'><strong>ἡ</strong></span> <span class='ocrx_word' id='word_1_40' title='bbox 296 1038 407 1112; x_wconf 79' lang='grc' dir='ltr'>ὕλη</span> <span class='ocrx_word' id='word_1_41' title='bbox 438 1041 528 1098; x_wconf 81' lang='grc' dir='ltr'>καὶ</span> <span class='ocrx_word' id='word_1_42' title='bbox 561 1044 625 1099; x_wconf 85' lang='grc' dir='ltr'>τὸ</span> <span class='ocrx_word' id='word_1_43' title='bbox 672 1042 837 1108; x_wconf 74' lang='grc' dir='ltr'>εἶδος.</span> <span class='ocrx_word' id='word_1_44' title='bbox 871 1048 949 1104; x_wconf 86' lang='grc' dir='ltr'>Τὸ</span> <span class='ocrx_word' id='word_1_45' title='bbox 994 1044 1052 1103; x_wconf 77' lang='grc' dir='ltr'>δὲ</span> <span class='ocrx_word' id='word_1_46' title='bbox 1102 1056 1379 1127; x_wconf 85' lang='grc' dir='ltr'>στοιχεῖον</span> <span class='ocrx_word' id='word_1_47' title='bbox 1422 1052 1676 1118; x_wconf 73' lang='grc' dir='ltr'>σύνθετον</span> <span class='ocrx_word' id='word_1_48' title='bbox 1711 1053 1769 1110; x_wconf 84' lang='grc' dir='ltr'>δν</span> <span class='ocrx_word' id='word_1_49' title='bbox 1799 1038 1886 1110; x_wconf 84' lang='grc' dir='ltr'>καὶ</span> 
     </span>
    </p>
   </div>
   <div class='ocr_carea' id='block_1_10' title="bbox 220 1131 1889 1220">
    <p class='ocr_par' dir='ltr' id='par_1_10' title="bbox 220 1131 1889 1220">
     <span class='ocr_line' id='line_1_10' title="bbox 220 1131 1889 1220; baseline 0.011 -36"><span class='ocrx_word' id='word_1_50' title='bbox 220 1131 573 1205; x_wconf 74' lang='grc' dir='ltr'>συγκείμενον</span> <span class='ocrx_word' id='word_1_51' title='bbox 600 1133 650 1206; x_wconf 77' lang='grc' dir='ltr'>ἐξ</span> <span class='ocrx_word' id='word_1_52' title='bbox 684 1131 824 1206; x_wconf 74' lang='grc' dir='ltr'>ὕλης</span> <span class='ocrx_word' id='word_1_53' title='bbox 872 1136 961 1193; x_wconf 79' lang='grc' dir='ltr'>καὶ</span> <span class='ocrx_word' id='word_1_54' title='bbox 1000 1135 1203 1210; x_wconf 78' lang='grc' dir='ltr'>εἷ’δους,</span> <span class='ocrx_word' id='word_1_55' title='bbox 1249 1142 1431 1217; x_wconf 69' lang='grc' dir='ltr'>ἀρχὴν</span> <span class='ocrx_word' id='word_1_56' title='bbox 1471 1140 1589 1220; x_wconf 80' lang='grc' dir='ltr'>ἔχει</span> <span class='ocrx_word' id='word_1_57' title='bbox 1617 1147 1714 1214; x_wconf 75' lang='grc' dir='ltr'>τὴν</span> <span class='ocrx_word' id='word_1_58' title='bbox 1749 1145 1889 1219; x_wconf 78' lang='grc' dir='ltr'>ὕλην</span> 
     </span>
    </p>
   </div>
   <div class='ocr_carea' id='block_1_11' title="bbox 219 1218 1887 1306">
    <p class='ocr_par' dir='ltr' id='par_1_11' title="bbox 219 1218 1887 1306">
     <span class='ocr_line' id='line_1_11' title="bbox 219 1218 1887 1306; baseline 0.011 -32"><span class='ocrx_word' id='word_1_59' title='bbox 219 1220 313 1275; x_wconf 83' lang='grc' dir='ltr'>καί</span> <span class='ocrx_word' id='word_1_60' title='bbox 343 1221 413 1275; x_wconf 86' lang='grc' dir='ltr'>τὸ</span> <span class='ocrx_word' id='word_1_61' title='bbox 441 1218 581 1285; x_wconf 79' lang='grc' dir='ltr'>εἶδος</span> <span class='ocrx_word' id='word_1_62' title='bbox 604 1242 616 1255; x_wconf 90' lang='grc'><strong>·</strong></span> <span class='ocrx_word' id='word_1_63' title='bbox 635 1218 748 1279; x_wconf 83' lang='grc' dir='ltr'>ἔστι</span> <span class='ocrx_word' id='word_1_64' title='bbox 782 1222 843 1280; x_wconf 70' lang='grc' dir='ltr'>δὲ</span> <span class='ocrx_word' id='word_1_65' title='bbox 881 1228 909 1297; x_wconf 69' lang='grc' dir='ltr'>ἦ</span> <span class='ocrx_word' id='word_1_66' title='bbox 942 1224 1054 1300; x_wconf 78' lang='grc' dir='ltr'>ὕλη</span> <span class='ocrx_word' id='word_1_67' title='bbox 1091 1234 1315 1306; x_wconf 81' lang='grc' dir='ltr'>πρᾶγμα</span> <span class='ocrx_word' id='word_1_68' title='bbox 1335 1218 1649 1306; x_wconf 76' lang='grc' dir='ltr'>ἀσώματον,</span> <span class='ocrx_word' id='word_1_69' title='bbox 1673 1232 1887 1300; x_wconf 78' lang='grc' dir='ltr'>ἄποιον,</span> 
     </span>
    </p>
   </div>
   <div class='ocr_carea' id='block_1_12' title="bbox 224 1306 1890 1397">
    <p class='ocr_par' dir='ltr' id='par_1_12' title="bbox 224 1306 1890 1397">
     <span class='ocr_line' id='line_1_12' title="bbox 224 1306 1890 1397; baseline 0.01 -33"><span class='ocrx_word' id='word_1_70' title='bbox 224 1306 381 1384; x_wconf 80' lang='grc' dir='ltr'>λόγῳ</span> <span class='ocrx_word' id='word_1_71' title='bbox 434 1310 584 1385; x_wconf 83' lang='grc' dir='ltr'>μόνῳ</span> <span class='ocrx_word' id='word_1_72' title='bbox 660 1313 1123 1389; x_wconf 64' lang='grc' dir='ltr'>ἑρμηνευόμενον,</span> <span class='ocrx_word' id='word_1_73' title='bbox 1182 1319 1433 1391; x_wconf 72' lang='grc' dir='ltr'>αἰσθήσει</span> <span class='ocrx_word' id='word_1_74' title='bbox 1504 1319 1560 1377; x_wconf 75' lang='grc' dir='ltr'>δὲ</span> <span class='ocrx_word' id='word_1_75' title='bbox 1621 1325 1698 1397; x_wconf 75' lang='grc' dir='ltr'>μὴ</span> <span class='ocrx_word' id='word_1_76' title='bbox 1754 1326 1890 1380; x_wconf 85' lang='lat'>61:0-</span> 
     </span>
    </p>
   </div>
   <div class='ocr_carea' id='block_1_13' title="bbox 216 1397 1890 1488">
    <p class='ocr_par' dir='ltr' id='par_1_13' title="bbox 216 1397 1890 1488">
     <span class='ocr_line' id='line_1_13' title="bbox 216 1397 1890 1488; baseline 0.013 -38"><span class='ocrx_word' id='word_1_77' title='bbox 216 1397 497 1471; x_wconf 67' lang='grc' dir='ltr'>κείμενον.</span> <span class='ocrx_word' id='word_1_78' title='bbox 556 1398 707 1473; x_wconf 71' lang='grc' dir='ltr'>Αὕτη</span> <span class='ocrx_word' id='word_1_79' title='bbox 767 1404 856 1460; x_wconf 79' lang='grc' dir='ltr'>οὗν</span> <span class='ocrx_word' id='word_1_80' title='bbox 917 1405 951 1475; x_wconf 79' lang='grc' dir='ltr'>ἡ</span> <span class='ocrx_word' id='word_1_81' title='bbox 1006 1403 1116 1479; x_wconf 75' lang='grc' dir='ltr'>ὕλη</span> <span class='ocrx_word' id='word_1_82' title='bbox 1178 1408 1285 1463; x_wconf 84' lang='lat'>6116</span> <span class='ocrx_word' id='word_1_83' title='bbox 1347 1414 1565 1488; x_wconf 69' lang='grc' dir='ltr'>μορφῆς</span> <span class='ocrx_word' id='word_1_84' title='bbox 1612 1434 1760 1477; x_wconf 87' lang='grc' dir='ltr'>τινος</span> <span class='ocrx_word' id='word_1_85' title='bbox 1801 1410 1890 1471; x_wconf 75' lang='grc' dir='ltr'>καὶ</span> 
     </span>
    </p>
   </div>
   <div class='ocr_carea' id='block_1_14' title="bbox 219 1488 1895 1576">
    <p class='ocr_par' dir='ltr' id='par_1_14' title="bbox 219 1488 1895 1576">
     <span class='ocr_line' id='line_1_14' title="bbox 219 1488 1895 1576; baseline 0.012 -36"><span class='ocrx_word' id='word_1_86' title='bbox 219 1488 519 1562; x_wconf 76' lang='grc' dir='ltr'>σχήματος</span> <span class='ocrx_word' id='word_1_87' title='bbox 559 1492 897 1566; x_wconf 70' lang='grc' dir='ltr'>τυπουμένη,</span> <span class='ocrx_word' id='word_1_88' title='bbox 950 1493 1082 1571; x_wconf 75' lang='grc' dir='ltr'>ὅπερ</span> <span class='ocrx_word' id='word_1_89' title='bbox 1133 1495 1243 1552; x_wconf 87' lang='grc' dir='ltr'>ἐστί</span> <span class='ocrx_word' id='word_1_90' title='bbox 1295 1497 1357 1552; x_wconf 86' lang='grc' dir='ltr'>τὸ</span> <span class='ocrx_word' id='word_1_91' title='bbox 1406 1497 1573 1569; x_wconf 78' lang='grc' dir='ltr'>εἶδος,</span> <span class='ocrx_word' id='word_1_92' title='bbox 1605 1509 1895 1576; x_wconf 80' lang='grc' dir='ltr'>σωματοῦ-</span> 
     </span>
    </p>
   </div>
   <div class='ocr_carea' id='block_1_15' title="bbox 220 1576 1889 1667">
    <p class='ocr_par' dir='ltr' id='par_1_15' title="bbox 220 1576 1889 1667">
     <span class='ocr_line' id='line_1_15' title="bbox 220 1576 1889 1667; baseline 0.013 -38"><span class='ocrx_word' id='word_1_93' title='bbox 220 1596 336 1634; x_wconf 77' lang='grc' dir='ltr'>ται.</span> <span class='ocrx_word' id='word_1_94' title='bbox 394 1576 497 1634; x_wconf 72' lang='grc' dir='ltr'>Καὶ</span> <span class='ocrx_word' id='word_1_95' title='bbox 543 1584 759 1655; x_wconf 81' lang='grc' dir='ltr'>πρῶτον</span> <span class='ocrx_word' id='word_1_96' title='bbox 817 1584 915 1656; x_wconf 74' lang='grc' dir='ltr'>μὲν</span> <span class='ocrx_word' id='word_1_97' title='bbox 966 1584 1175 1659; x_wconf 85' lang='grc' dir='ltr'>γίνεται</span> <span class='ocrx_word' id='word_1_98' title='bbox 1238 1594 1512 1666; x_wconf 88' lang='grc' dir='ltr'>στοιχεῖον</span> <span class='ocrx_word' id='word_1_99' title='bbox 1552 1588 1588 1660; x_wconf 77' lang='grc' dir='ltr'>ἤ</span> <span class='ocrx_word' id='word_1_100' title='bbox 1637 1592 1821 1667; x_wconf 76' lang='grc' dir='ltr'>αἰθὴρ,</span> <span class='ocrx_word' id='word_1_101' title='bbox 1852 1590 1889 1663; x_wconf 76' lang='grc' dir='ltr'>ἤ</span> 
     </span>
    </p>
   </div>
   <div class='ocr_carea' id='block_1_16' title="bbox 214 1662 1888 1749">
    <p class='ocr_par' dir='ltr' id='par_1_16' title="bbox 214 1662 1888 1749">
     <span class='ocr_line' id='line_1_16' title="bbox 214 1662 1888 1749; baseline 0.011 -30"><span class='ocrx_word' id='word_1_102' title='bbox 214 1670 327 1741; x_wconf 71' lang='grc' dir='ltr'>πῦρ</span> <span class='ocrx_word' id='word_1_103' title='bbox 360 1662 397 1737; x_wconf 69' lang='grc' dir='ltr'><strong>ἢ</strong></span> <span class='ocrx_word' id='word_1_104' title='bbox 432 1665 659 1745; x_wconf 74' lang='grc' dir='ltr'>ὕδωρ,ἤ</span> <span class='ocrx_word' id='word_1_105' title='bbox 687 1670 793 1745; x_wconf 75' lang='grc' dir='ltr'>ἀήρ</span> <span class='ocrx_word' id='word_1_106' title='bbox 926 1677 1021 1749; x_wconf 77' lang='grc' dir='ltr'>γῆ.</span> <span class='ocrx_word' id='word_1_107' title='bbox 1065 1681 1297 1732; x_wconf 76' lang='grc' dir='ltr'>Ἔπειτα</span> <span class='ocrx_word' id='word_1_108' title='bbox 1333 1677 1549 1735; x_wconf 83' lang='grc' dir='ltr'>τούτων</span> <span class='ocrx_word' id='word_1_109' title='bbox 1594 1684 1705 1736; x_wconf 84' lang='grc' dir='ltr'>τῶν</span> <span class='ocrx_word' id='word_1_110' title='bbox 1743 1698 1888 1737; x_wconf 85' lang='grc' dir='ltr'>στοι·</span> 
     </span>
    </p>
   </div>
   <div class='ocr_carea' id='block_1_17' title="bbox 212 1755 1887 1844">
    <p class='ocr_par' dir='ltr' id='par_1_17' title="bbox 212 1755 1887 1844">
     <span class='ocr_line' id='line_1_17' title="bbox 212 1755 1887 1844; baseline 0.011 -35"><span class='ocrx_word' id='word_1_111' title='bbox 212 1755 390 1832; x_wconf 74' lang='grc' dir='ltr'>χείων</span> <span class='ocrx_word' id='word_1_112' title='bbox 445 1755 875 1831; x_wconf 72' lang='grc' dir='ltr'>συμπλακέντων</span> <span class='ocrx_word' id='word_1_113' title='bbox 911 1761 1187 1835; x_wconf 75' lang='grc' dir='ltr'>ἀλλήλοις</span> <span class='ocrx_word' id='word_1_114' title='bbox 1231 1766 1431 1843; x_wconf 85' lang='grc' dir='ltr'>γίνεται</span> <span class='ocrx_word' id='word_1_115' title='bbox 1482 1774 1647 1844; x_wconf 79' lang='grc' dir='ltr'>σῶμα</span> <span class='ocrx_word' id='word_1_116' title='bbox 1696 1772 1887 1844; x_wconf 51' lang='grc' dir='ltr'>σύνθεῖ</span> 
     </span>
    </p>
   </div>
   <div class='ocr_carea' id='block_1_18' title="bbox 225 1838 1892 1934">
    <p class='ocr_par' dir='ltr' id='par_1_18' title="bbox 225 1838 1892 1934">
     <span class='ocr_line' id='line_1_18' title="bbox 225 1838 1892 1934; baseline 0.01 -34"><span class='ocrx_word' id='word_1_117' title='bbox 225 1865 351 1934; x_wconf 74' lang='grc' dir='ltr'>τον,</span> <span class='ocrx_word' id='word_1_118' title='bbox 378 1844 416 1916; x_wconf 78' lang='grc' dir='ltr'>ἤ</span> <span class='ocrx_word' id='word_1_119' title='bbox 442 1844 697 1934; x_wconf 56' lang='grc' dir='ltr'>ἔμψυχον</span> <span class='ocrx_word' id='word_1_120' title='bbox 796 1848 1033 1929; x_wconf 79' lang='grc' dir='ltr'>ἄψυχον,</span> <span class='ocrx_word' id='word_1_121' title='bbox 1064 1852 1154 1909; x_wconf 84' lang='grc' dir='ltr'>καὶ</span> <span class='ocrx_word' id='word_1_122' title='bbox 1186 1856 1220 1924; x_wconf 82' lang='grc' dir='ltr'>ἡ</span> <span class='ocrx_word' id='word_1_123' title='bbox 1244 1838 1351 1929; x_wconf 48' lang='grc' dir='ltr'>μὲν</span> <span class='ocrx_word' id='word_1_124' title='bbox 1389 1854 1495 1928; x_wconf 76' lang='grc' dir='ltr'>ὕλη</span> <span class='ocrx_word' id='word_1_125' title='bbox 1524 1838 1613 1914; x_wconf 80' lang='grc' dir='ltr'>καὶ</span> <span class='ocrx_word' id='word_1_126' title='bbox 1643 1860 1706 1915; x_wconf 88' lang='grc' dir='ltr'>τὸ</span> <span class='ocrx_word' id='word_1_127' title='bbox 1747 1838 1892 1917; x_wconf 70' lang='grc' dir='ltr'>εἷδος</span> 
     </span>
    </p>
   </div>
   <div class='ocr_carea' id='block_1_19' title="bbox 221 1932 1880 2025">
    <p class='ocr_par' dir='ltr' id='par_1_19' title="bbox 221 1932 1880 2025">
     <span class='ocr_line' id='line_1_19' title="bbox 221 1932 1880 2025; baseline 0.011 -36"><span class='ocrx_word' id='word_1_128' title='bbox 221 1932 657 2014; x_wconf 80' lang='grc' dir='ltr'>ἀρχοειδὲστερα</span> <span class='ocrx_word' id='word_1_129' title='bbox 683 1944 790 1995; x_wconf 82' lang='grc' dir='ltr'>τῶν</span> <span class='ocrx_word' id='word_1_130' title='bbox 825 1942 1114 2019; x_wconf 79' lang='grc' dir='ltr'>στοιχείων</span> <span class='ocrx_word' id='word_1_131' title='bbox 1147 1943 1272 2015; x_wconf 64' lang='grc' dir='ltr'>εἶσὶ,</span> <span class='ocrx_word' id='word_1_132' title='bbox 1302 1946 1371 2002; x_wconf 82' lang='grc' dir='ltr'>τὰ</span> <span class='ocrx_word' id='word_1_133' title='bbox 1400 1943 1458 2003; x_wconf 80' lang='grc' dir='ltr'>δὶ</span> <span class='ocrx_word' id='word_1_134' title='bbox 1489 1955 1737 2025; x_wconf 81' lang='grc' dir='ltr'>στοιχεῖα</span> <span class='ocrx_word' id='word_1_135' title='bbox 1772 1956 1880 2007; x_wconf 80' lang='grc' dir='ltr'>τῶν</span> 
     </span>
    </p>
   </div>
   <div class='ocr_carea' id='block_1_20' title="bbox 210 2021 1876 2115">
    <p class='ocr_par' dir='ltr' id='par_1_20' title="bbox 210 2021 1876 2115">
     <span class='ocr_line' id='line_1_20' title="bbox 210 2021 1876 2115; baseline 0.011 -36"><span class='ocrx_word' id='word_1_136' title='bbox 210 2021 413 2115; x_wconf 74' lang='grc' dir='ltr'>ἄλλων</span> <span class='ocrx_word' id='word_1_137' title='bbox 459 2026 728 2100; x_wconf 82' lang='grc' dir='ltr'>σωμάτων</span> <span class='ocrx_word' id='word_1_138' title='bbox 765 2029 1252 2108; x_wconf 72' lang='grc' dir='ltr'>στοιχειωδέστερα</span> <span class='ocrx_word' id='word_1_139' title='bbox 1284 2053 1299 2067; x_wconf 80' lang='grc'><em>’</em></span> <span class='ocrx_word' id='word_1_140' title='bbox 1346 2036 1523 2113; x_wconf 77' lang='grc' dir='ltr'>ἀρχὴν</span> <span class='ocrx_word' id='word_1_141' title='bbox 1554 2021 1876 2115; x_wconf 36' lang='grc' dir='ltr'>δὲ-λέγομεν</span> 
     </span>
    </p>
   </div>
   <div class='ocr_carea' id='block_1_21' title="bbox 211 2113 1878 2206">
    <p class='ocr_par' dir='ltr' id='par_1_21' title="bbox 211 2113 1878 2206">
     <span class='ocr_line' id='line_1_21' title="bbox 211 2113 1878 2206; baseline 0.012 -38"><span class='ocrx_word' id='word_1_142' title='bbox 211 2113 315 2206; x_wconf 62' lang='grc' dir='ltr'>την</span> <span class='ocrx_word' id='word_1_143' title='bbox 346 2114 512 2188; x_wconf 72' lang='grc' dir='ltr'>ὕλην,</span> <span class='ocrx_word' id='word_1_144' title='bbox 544 2118 656 2195; x_wconf 80' lang='grc' dir='ltr'>οὐχ</span> <span class='ocrx_word' id='word_1_145' title='bbox 684 2120 769 2174; x_wconf 80' lang='grc' dir='ltr'>ὅτι</span> <span class='ocrx_word' id='word_1_146' title='bbox 814 2120 915 2177; x_wconf 74' lang='grc' dir='ltr'>οὐκ</span> <span class='ocrx_word' id='word_1_147' title='bbox 960 2117 1076 2197; x_wconf 80' lang='grc' dir='ltr'>ἔχει</span> <span class='ocrx_word' id='word_1_148' title='bbox 1136 2122 1278 2180; x_wconf 78' lang='grc' dir='ltr'>ἄλλο</span> <span class='ocrx_word' id='word_1_149' title='bbox 1332 2125 1622 2204; x_wconf 71' lang='grc' dir='ltr'>ὑπέρτερον</span> <span class='ocrx_word' id='word_1_150' title='bbox 1661 2113 1878 2206; x_wconf 71' lang='grc' dir='ltr'>ἑαυτῆς,</span> 
     </span>
    </p>
   </div>
   <div class='ocr_carea' id='block_1_22' title="bbox 218 2201 1770 2299">
    <p class='ocr_par' dir='ltr' id='par_1_22' title="bbox 218 2201 1770 2299">
     <span class='ocr_line' id='line_1_22' title="bbox 218 2201 1770 2299; baseline 0.014 -41"><span class='ocrx_word' id='word_1_151' title='bbox 218 2201 373 2265; x_wconf 69' lang='grc' dir='ltr'>ἀλλὰ</span> <span class='ocrx_word' id='word_1_152' title='bbox 399 2205 484 2263; x_wconf 77' lang='grc' dir='ltr'>ὅτι</span> <span class='ocrx_word' id='word_1_153' title='bbox 508 2209 578 2264; x_wconf 70' lang='grc' dir='ltr'>τὰ</span> <span class='ocrx_word' id='word_1_154' title='bbox 606 2211 836 2285; x_wconf 85' lang='grc' dir='ltr'>σώματα</span> <span class='ocrx_word' id='word_1_155' title='bbox 865 2213 957 2269; x_wconf 84' lang='grc' dir='ltr'>ὑπ’</span> <span class='ocrx_word' id='word_1_156' title='bbox 985 2216 1155 2288; x_wconf 71' lang='grc' dir='ltr'>αὐτὴν</span> <span class='ocrx_word' id='word_1_157' title='bbox 1188 2201 1770 2299; x_wconf 31' lang='grc' dir='ltr'>ἀνάγεται-προσεχῶς.</span> 
     </span>
    </p>
   </div>
   <div class='ocr_carea' id='block_1_23' title="bbox 605 2477 1877 2560">
    <p class='ocr_par' dir='ltr' id='par_1_23' title="bbox 605 2477 1877 2560">
     <span class='ocr_line' id='line_1_23' title="bbox 605 2477 1877 2560; baseline 0.01 -25"><span class='ocrx_word' id='word_1_158' title='bbox 605 2477 665 2549; x_wconf 79' lang='grc' dir='ltr'>ξ’.</span> <span class='ocrx_word' id='word_1_159' title='bbox 704 2480 839 2556; x_wconf 84' lang='grc' dir='ltr'>Περῖ</span> <span class='ocrx_word' id='word_1_160' title='bbox 868 2485 977 2538; x_wconf 81' lang='grc' dir='ltr'>τῶν</span> <span class='ocrx_word' id='word_1_161' title='bbox 1006 2483 1218 2560; x_wconf 84' lang='grc' dir='ltr'>ἀρχῶν,</span> <span class='ocrx_word' id='word_1_162' title='bbox 1248 2486 1301 2542; x_wconf 88' lang='grc' dir='ltr'>τί</span> <span class='ocrx_word' id='word_1_163' title='bbox 1336 2484 1489 2545; x_wconf 77' lang='grc' dir='ltr'>εἶσιν.</span> <span class='ocrx_word' id='word_1_164' title='bbox 1874 2534 1877 2537; x_wconf 94' lang='grc'><strong><em>-</em></strong></span> 
     </span>
    </p>
   </div>
   <div class='ocr_carea' id='block_1_24' title="bbox 281 2563 1872 2655">
    <p class='ocr_par' dir='ltr' id='par_1_24' title="bbox 281 2563 1872 2655">
     <span class='ocr_line' id='line_1_24' title="bbox 281 2563 1872 2655; baseline 0.01 -36"><span class='ocrx_word' id='word_1_165' title='bbox 281 2563 463 2655; x_wconf 69' lang='grc' dir='ltr'>’ᾼρχή</span> <span class='ocrx_word' id='word_1_166' title='bbox 492 2571 600 2622; x_wconf 80' lang='grc' dir='ltr'>τῶν</span> <span class='ocrx_word' id='word_1_167' title='bbox 638 2564 831 2655; x_wconf 17' lang='grc' dir='ltr'>,ὄντων</span> <span class='ocrx_word' id='word_1_168' title='bbox 883 2571 1078 2647; x_wconf 85' lang='grc' dir='ltr'>πρώτη</span> <span class='ocrx_word' id='word_1_169' title='bbox 1150 2574 1245 2648; x_wconf 67' lang='grc' dir='ltr'>μὲν</span> <span class='ocrx_word' id='word_1_170' title='bbox 1303 2578 1393 2632; x_wconf 86' lang='grc' dir='ltr'>καὶ</span> <span class='ocrx_word' id='word_1_171' title='bbox 1451 2577 1785 2655; x_wconf 80' lang='grc' dir='ltr'>ὐπεράρχιος</span> <span class='ocrx_word' id='word_1_172' title='bbox 1843 2581 1872 2635; x_wconf 98' lang='lat'>6</span> 
     </span>
    </p>
   </div>
   <div class='ocr_carea' id='block_1_25' title="bbox 200 2653 1866 2746">
    <p class='ocr_par' dir='ltr' id='par_1_25' title="bbox 200 2653 1866 2746">
     <span class='ocr_line' id='line_1_25' title="bbox 200 2653 1866 2746; baseline 0.011 -38"><span class='ocrx_word' id='word_1_173' title='bbox 200 2653 359 2723; x_wconf 78' lang='grc' dir='ltr'>Θεός.</span> <span class='ocrx_word' id='word_1_174' title='bbox 416 2656 572 2746; x_wconf 67' lang='grc' dir='ltr'>Μετά</span> <span class='ocrx_word' id='word_1_175' title='bbox 630 2654 688 2713; x_wconf 73' lang='grc' dir='ltr'>δὲ</span> <span class='ocrx_word' id='word_1_176' title='bbox 746 2660 874 2715; x_wconf 74' lang='grc' dir='ltr'>Θεὸν</span> <span class='ocrx_word' id='word_1_177' title='bbox 956 2661 1162 2721; x_wconf 84' lang='grc' dir='ltr'>πολλαὶ</span> <span class='ocrx_word' id='word_1_178' title='bbox 1234 2666 1401 2743; x_wconf 84' lang='grc' dir='ltr'>ἀρχαὶ</span> <span class='ocrx_word' id='word_1_179' title='bbox 1469 2653 1577 2724; x_wconf 81' lang='grc' dir='ltr'>τῶν</span> <span class='ocrx_word' id='word_1_180' title='bbox 1628 2653 1866 2746; x_wconf 77' lang='grc' dir='ltr'>φυσικῶν</span> 
     </span>
    </p>
   </div>
   <div class='ocr_carea' id='block_1_26' title="bbox 201 2742 1865 2835">
    <p class='ocr_par' dir='ltr' id='par_1_26' title="bbox 201 2742 1865 2835">
     <span class='ocr_line' id='line_1_26' title="bbox 201 2742 1865 2835; baseline 0.011 -39"><span class='ocrx_word' id='word_1_181' title='bbox 201 2742 541 2835; x_wconf 67' lang='grc' dir='ltr'>πραγμάτων</span> <span class='ocrx_word' id='word_1_182' title='bbox 602 2746 730 2835; x_wconf 77' lang='grc' dir='ltr'>εἶσί.</span> <span class='ocrx_word' id='word_1_183' title='bbox 797 2749 896 2805; x_wconf 81' lang='grc' dir='ltr'>Καὶ</span> <span class='ocrx_word' id='word_1_184' title='bbox 944 2757 1054 2808; x_wconf 83' lang='grc' dir='ltr'>τῶν</span> <span class='ocrx_word' id='word_1_185' title='bbox 1111 2754 1208 2827; x_wconf 74' lang='grc' dir='ltr'>μὲν</span> <span class='ocrx_word' id='word_1_186' title='bbox 1268 2756 1556 2833; x_wconf 82' lang='grc' dir='ltr'>στοιχείων</span> <span class='ocrx_word' id='word_1_187' title='bbox 1615 2742 1780 2835; x_wconf 84' lang='grc' dir='ltr'>ἀρχαὶ</span> <span class='ocrx_word' id='word_1_188' title='bbox 1831 2761 1865 2831; x_wconf 86' lang='grc' dir='ltr'>ἠ</span> 
     </span>
    </p>
   </div>
   <div class='ocr_carea' id='block_1_27' title="bbox 206 2829 1864 2922">
    <p class='ocr_par' dir='ltr' id='par_1_27' title="bbox 206 2829 1864 2922">
     <span class='ocr_line' id='line_1_27' title="bbox 206 2829 1864 2922; baseline 0.011 -35"><span class='ocrx_word' id='word_1_189' title='bbox 206 2829 317 2903; x_wconf 76' lang='grc' dir='ltr'>ὕλη</span> <span class='ocrx_word' id='word_1_190' title='bbox 351 2833 534 2890; x_wconf 81' lang='grc' dir='ltr'>καὶτὸ</span> <span class='ocrx_word' id='word_1_191' title='bbox 557 2833 697 2900; x_wconf 75' lang='grc' dir='ltr'>εἶδος</span> <span class='ocrx_word' id='word_1_192' title='bbox 727 2836 941 2913; x_wconf 76' lang='grc' dir='ltr'>εἶ’ρηται</span> <span class='ocrx_word' id='word_1_193' title='bbox 970 2860 983 2873; x_wconf 90' lang='grc'><strong>·</strong></span> <span class='ocrx_word' id='word_1_194' title='bbox 1036 2847 1146 2898; x_wconf 82' lang='grc' dir='ltr'>τῶν</span> <span class='ocrx_word' id='word_1_195' title='bbox 1195 2841 1252 2900; x_wconf 77' lang='grc' dir='ltr'>δὲ</span> <span class='ocrx_word' id='word_1_196' title='bbox 1296 2848 1554 2902; x_wconf 70' lang='grc' dir='ltr'>συνθέτων</span> <span class='ocrx_word' id='word_1_197' title='bbox 1596 2850 1864 2922; x_wconf 71' lang='grc' dir='ltr'>σωμάτων</span> 
     </span>
    </p>
   </div>
   <div class='ocr_carea' id='block_1_28' title="bbox 200 2920 1863 3009">
    <p class='ocr_par' dir='ltr' id='par_1_28' title="bbox 200 2920 1863 3009">
     <span class='ocr_line' id='line_1_28' title="bbox 200 2920 1863 3009; baseline 0.011 -34"><span class='ocrx_word' id='word_1_198' title='bbox 200 2920 339 2976; x_wconf 73' lang='grc' dir='ltr'>αὖτά</span> <span class='ocrx_word' id='word_1_199' title='bbox 403 2923 495 2978; x_wconf 80' lang='grc' dir='ltr'>καὶ</span> <span class='ocrx_word' id='word_1_200' title='bbox 546 2924 696 2982; x_wconf 84' lang='grc' dir='ltr'>ἀπλᾶ</span> <span class='ocrx_word' id='word_1_201' title='bbox 744 2935 1022 3007; x_wconf 86' lang='grc' dir='ltr'>στοιχεῖα.</span> <span class='ocrx_word' id='word_1_202' title='bbox 1084 2932 1243 2991; x_wconf 85' lang='grc' dir='ltr'>Ἀλλ’</span> <span class='ocrx_word' id='word_1_203' title='bbox 1297 2936 1349 2990; x_wconf 78' lang='grc' dir='ltr'>οἱ</span> <span class='ocrx_word' id='word_1_204' title='bbox 1405 2937 1499 3009; x_wconf 71' lang='grc' dir='ltr'>μὲν</span> <span class='ocrx_word' id='word_1_205' title='bbox 1548 2920 1712 2993; x_wconf 78' lang='grc' dir='ltr'>ἄλλοι</span> <span class='ocrx_word' id='word_1_206' title='bbox 1754 2943 1863 2995; x_wconf 81' lang='grc' dir='ltr'>τῶν</span> 
     </span>
    </p>
   </div>
   <div class='ocr_carea' id='block_1_29' title="bbox 202 3009 1863 3104">
    <p class='ocr_par' dir='ltr' id='par_1_29' title="bbox 202 3009 1863 3104">
     <span class='ocr_line' id='line_1_29' title="bbox 202 3009 1863 3104; baseline 0.011 -39"><span class='ocrx_word' id='word_1_207' title='bbox 202 3009 531 3104; x_wconf 72' lang='grc' dir='ltr'>φιλοσόφων</span> <span class='ocrx_word' id='word_1_208' title='bbox 563 3012 907 3093; x_wconf 76' lang='grc' dir='ltr'>διῃρέθησαν.</span> <span class='ocrx_word' id='word_1_209' title='bbox 960 3021 1059 3075; x_wconf 76' lang='grc' dir='ltr'>Καὶ</span> <span class='ocrx_word' id='word_1_210' title='bbox 1106 3028 1225 3088; x_wconf 84' lang='grc' dir='ltr'>τοῖς</span> <span class='ocrx_word' id='word_1_211' title='bbox 1272 3024 1367 3097; x_wconf 73' lang='grc' dir='ltr'>μὶν</span> <span class='ocrx_word' id='word_1_212' title='bbox 1414 3023 1588 3098; x_wconf 82' lang='grc' dir='ltr'>ἔδοξεν</span> <span class='ocrx_word' id='word_1_213' title='bbox 1621 3026 1769 3104; x_wconf 77' lang='grc' dir='ltr'>ἀρχὴ</span> <span class='ocrx_word' id='word_1_214' title='bbox 1800 3029 1863 3085; x_wconf 89' lang='grc' dir='ltr'>τὸ</span> 
     </span>
    </p>
   </div>
   <div class='ocr_carea' id='block_1_30' title="bbox 208 3098 1864 3182">
    <p class='ocr_par' dir='ltr' id='par_1_30' title="bbox 208 3098 1864 3182">
     <span class='ocr_line' id='line_1_30' title="bbox 208 3098 1864 3182; baseline 0.012 -29"><span class='ocrx_word' id='word_1_215' title='bbox 208 3103 343 3179; x_wconf 76' lang='grc' dir='ltr'>πῦρ,</span> <span class='ocrx_word' id='word_1_216' title='bbox 397 3098 486 3158; x_wconf 70' lang='grc' dir='ltr'>διὰ</span> <span class='ocrx_word' id='word_1_217' title='bbox 538 3105 641 3175; x_wconf 79' lang='grc' dir='ltr'>τήν</span> <span class='ocrx_word' id='word_1_218' title='bbox 702 3104 928 3182; x_wconf 68' lang='grc' dir='ltr'>δύναμιν</span> <span class='ocrx_word' id='word_1_219' title='bbox 978 3110 1068 3166; x_wconf 85' lang='grc' dir='ltr'>καὶ</span> <span class='ocrx_word' id='word_1_220' title='bbox 1116 3112 1177 3167; x_wconf 89' lang='grc' dir='ltr'>τὸ</span> <span class='ocrx_word' id='word_1_221' title='bbox 1226 3113 1631 3171; x_wconf 74' lang='grc' dir='ltr'>καταναλίσκειν</span> <span class='ocrx_word' id='word_1_222' title='bbox 1690 3116 1864 3173; x_wconf 84' lang='grc' dir='ltr'>πάντα</span> 
     </span>
    </p>
   </div>
   <div class='ocr_carea' id='block_1_31' title="bbox 200 3186 1856 3278">
    <p class='ocr_par' dir='ltr' id='par_1_31' title="bbox 200 3186 1856 3278">
     <span class='ocr_line' id='line_1_31' title="bbox 200 3186 1856 3278; baseline 0.01 -33"><span class='ocrx_word' id='word_1_223' title='bbox 200 3186 280 3251; x_wconf 84' lang='grc' dir='ltr'>ε’ίς</span> <span class='ocrx_word' id='word_1_224' title='bbox 320 3189 453 3278; x_wconf 65' lang='grc' dir='ltr'>αιῦτό</span> <span class='ocrx_word' id='word_1_225' title='bbox 488 3210 502 3224; x_wconf 85' lang='grc'>⁶</span> <span class='ocrx_word' id='word_1_226' title='bbox 534 3199 651 3256; x_wconf 82' lang='grc' dir='ltr'>τοῖς</span> <span class='ocrx_word' id='word_1_227' title='bbox 682 3192 739 3250; x_wconf 76' lang='lat' dir='ltr'>6‘s</span> <span class='ocrx_word' id='word_1_228' title='bbox 770 3197 798 3252; x_wconf 91' lang='lat'>6</span> <span class='ocrx_word' id='word_1_229' title='bbox 836 3196 965 3274; x_wconf 76' lang='grc' dir='ltr'>ἀὴρ,</span> <span class='ocrx_word' id='word_1_230' title='bbox 991 3195 1079 3255; x_wconf 72' lang='grc' dir='ltr'>διὰ</span> <span class='ocrx_word' id='word_1_231' title='bbox 1097 3202 1195 3270; x_wconf 80' lang='grc' dir='ltr'>τήν</span> <span class='ocrx_word' id='word_1_232' title='bbox 1222 3207 1331 3259; x_wconf 82' lang='grc' dir='ltr'>τῶν</span> <span class='ocrx_word' id='word_1_233' title='bbox 1360 3203 1511 3273; x_wconf 85' lang='grc' dir='ltr'>ζώων</span> <span class='ocrx_word' id='word_1_234' title='bbox 1548 3206 1820 3278; x_wconf 73' lang='grc' dir='ltr'>ἀναπνοήν</span> <span class='ocrx_word' id='word_1_235' title='bbox 1842 3226 1856 3241; x_wconf 88' lang='grc'>·</span> 
     </span>
    </p>
   </div>
   <div class='ocr_carea' id='block_1_32' title="bbox 1999 592 3656 666">
    <p class='ocr_par' dir='ltr' id='par_1_32' title="bbox 1999 592 3656 666">
     <span class='ocr_line' id='line_1_32' title="bbox 1999 592 3656 666; baseline 0.002 -17"><span class='ocrx_word' id='word_1_236' title='bbox 1999 594 2209 651; x_wconf 81' lang='lat' dir='ltr'>fectus.</span> <span class='ocrx_word' id='word_1_237' title='bbox 2242 592 2705 650; x_wconf 88' lang='lat' dir='ltr'>Mediocritatem</span> <span class='ocrx_word' id='word_1_238' title='bbox 2758 594 2962 651; x_wconf 86' lang='lat' dir='ltr'>itidem</span> <span class='ocrx_word' id='word_1_239' title='bbox 2995 593 3138 651; x_wconf 83' lang='lat' dir='ltr'>colit</span> <span class='ocrx_word' id='word_1_240' title='bbox 3189 594 3419 666; x_wconf 90' lang='lat' dir='ltr'>pudens</span> <span class='ocrx_word' id='word_1_241' title='bbox 3457 594 3656 666; x_wconf 89' lang='lat' dir='ltr'>homo,</span> 
     </span>
    </p>
   </div>
   <div class='ocr_carea' id='block_1_33' title="bbox 2000 683 3661 756">
    <p class='ocr_par' dir='ltr' id='par_1_33' title="bbox 2000 683 3661 756">
     <span class='ocr_line' id='line_1_33' title="bbox 2000 683 3661 756; baseline 0.001 -17"><span class='ocrx_word' id='word_1_242' title='bbox 2000 683 2231 739; x_wconf 78' lang='lat' dir='ltr'>excedit</span> <span class='ocrx_word' id='word_1_243' title='bbox 2260 683 2599 756; x_wconf 89' lang='lat' dir='ltr'>impudens,</span> <span class='ocrx_word' id='word_1_244' title='bbox 2627 683 2826 740; x_wconf 91' lang='lat' dir='ltr'>deﬁcit</span> <span class='ocrx_word' id='word_1_245' title='bbox 2854 683 3103 756; x_wconf 88' lang='lat' dir='ltr'>pavidus</span> <span class='ocrx_word' id='word_1_246' title='bbox 3134 687 3192 739; x_wconf 90' lang='lat' dir='ltr'>et</span> <span class='ocrx_word' id='word_1_247' title='bbox 3223 683 3325 756; x_wconf 85' lang='lat' dir='ltr'>qui</span> <span class='ocrx_word' id='word_1_248' title='bbox 3358 700 3661 756; x_wconf 84' lang='lat' dir='ltr'>nunquam</span> 
     </span>
    </p>
   </div>
   <div class='ocr_carea' id='block_1_34' title="bbox 1999 772 2823 846">
    <p class='ocr_par' dir='ltr' id='par_1_34' title="bbox 1999 772 2823 846">
     <span class='ocr_line' id='line_1_34' title="bbox 1999 772 2823 846; baseline 0.001 -18"><span class='ocrx_word' id='word_1_249' title='bbox 1999 789 2116 830; x_wconf 90' lang='lat' dir='ltr'>non</span> <span class='ocrx_word' id='word_1_250' title='bbox 2147 772 2371 846; x_wconf 90' lang='lat' dir='ltr'>pudore</span> <span class='ocrx_word' id='word_1_251' title='bbox 2403 776 2823 829; x_wconf 85' lang='lat' dir='ltr'>commovetur.</span> 
     </span>
    </p>
   </div>
   <div class='ocr_carea' id='block_1_35' title="bbox 1998 880 3665 952">
    <p class='ocr_par' dir='ltr' id='par_1_35' title="bbox 1998 880 3665 952">
     <span class='ocr_line' id='line_1_35' title="bbox 1998 880 3665 952; baseline -0.001 -15"><span class='ocrx_word' id='word_1_252' title='bbox 1998 881 2090 937; x_wconf 86' lang='lat'>59.</span> <span class='ocrx_word' id='word_1_253' title='bbox 2125 881 2397 950; x_wconf 85' lang='lat' dir='ltr'>Quomodo</span> <span class='ocrx_word' id='word_1_254' title='bbox 2426 880 2698 952; x_wconf 75' lang='lat' dir='ltr'>differunt</span> <span class='ocrx_word' id='word_1_255' title='bbox 2724 881 3071 952; x_wconf 74' lang='lat' dir='ltr'>principium</span> <span class='ocrx_word' id='word_1_256' title='bbox 3102 882 3265 952; x_wconf 84' lang='lat' dir='ltr'>atque</span> <span class='ocrx_word' id='word_1_257' title='bbox 3293 881 3665 937; x_wconf 77' lang='lat' dir='ltr'>elementum?</span> 
     </span>
    </p>
   </div>
   <div class='ocr_carea' id='block_1_36' title="bbox 2070 969 3665 1043">
    <p class='ocr_par' dir='ltr' id='par_1_36' title="bbox 2070 969 3665 1043">
     <span class='ocr_line' id='line_1_36' title="bbox 2070 969 3665 1043; baseline 0.002 -20"><span class='ocrx_word' id='word_1_258' title='bbox 2070 970 2429 1043; x_wconf 84' lang='lat' dir='ltr'>Principium</span> <span class='ocrx_word' id='word_1_259' title='bbox 2463 970 2611 1026; x_wconf 86' lang='lat' dir='ltr'>nihil</span> <span class='ocrx_word' id='word_1_260' title='bbox 2653 969 2827 1026; x_wconf 87' lang='lat' dir='ltr'>habet</span> <span class='ocrx_word' id='word_1_261' title='bbox 2858 970 3052 1041; x_wconf 89' lang='lat' dir='ltr'>seipso</span> <span class='ocrx_word' id='word_1_262' title='bbox 3103 970 3286 1043; x_wconf 91' lang='lat' dir='ltr'>prius,</span> <span class='ocrx_word' id='word_1_263' title='bbox 3321 974 3387 1026; x_wconf 93' lang='lat' dir='ltr'>ut</span> <span class='ocrx_word' id='word_1_264' title='bbox 3416 970 3665 1027; x_wconf 80' lang='lat' dir='ltr'>materia</span> 
     </span>
    </p>
   </div>
   <div class='ocr_carea' id='block_1_37' title="bbox 1998 1059 3665 1132">
    <p class='ocr_par' dir='ltr' id='par_1_37' title="bbox 1998 1059 3665 1132">
     <span class='ocr_line' id='line_1_37' title="bbox 1998 1059 3665 1132; baseline -0.001 -15"><span class='ocrx_word' id='word_1_265' title='bbox 1998 1065 2058 1117; x_wconf 87' lang='lat' dir='ltr'>et</span> <span class='ocrx_word' id='word_1_266' title='bbox 2086 1061 2277 1117; x_wconf 85' lang='lat' dir='ltr'>forma</span> <span class='ocrx_word' id='word_1_267' title='bbox 2305 1077 2319 1117; x_wconf 92' lang='lat'><strong>:</strong></span> <span class='ocrx_word' id='word_1_268' title='bbox 2355 1064 2416 1115; x_wconf 87' lang='lat' dir='ltr'>at</span> <span class='ocrx_word' id='word_1_269' title='bbox 2448 1060 2806 1116; x_wconf 87' lang='lat' dir='ltr'>elementum</span> <span class='ocrx_word' id='word_1_270' title='bbox 2837 1059 3231 1132; x_wconf 89' lang='lat' dir='ltr'>compositum</span> <span class='ocrx_word' id='word_1_271' title='bbox 3265 1076 3329 1116; x_wconf 91' lang='lat' dir='ltr'>ac</span> <span class='ocrx_word' id='word_1_272' title='bbox 3359 1076 3665 1132; x_wconf 85' lang='lat' dir='ltr'>coagmen-</span> 
     </span>
    </p>
   </div>
   <div class='ocr_carea' id='block_1_38' title="bbox 1998 1147 3663 1222">
    <p class='ocr_par' dir='ltr' id='par_1_38' title="bbox 1998 1147 3663 1222">
     <span class='ocr_line' id='line_1_38' title="bbox 1998 1147 3663 1222; baseline 0.001 -17"><span class='ocrx_word' id='word_1_273' title='bbox 1998 1154 2188 1206; x_wconf 88' lang='lat' dir='ltr'>tatum</span> <span class='ocrx_word' id='word_1_274' title='bbox 2221 1154 2310 1206; x_wconf 91' lang='lat' dir='ltr'>est</span> <span class='ocrx_word' id='word_1_275' title='bbox 2338 1167 2405 1205; x_wconf 87' lang='lat' dir='ltr'>cx</span> <span class='ocrx_word' id='word_1_276' title='bbox 2460 1149 2706 1206; x_wconf 86' lang='lat' dir='ltr'>materia</span> <span class='ocrx_word' id='word_1_277' title='bbox 2753 1153 2810 1205; x_wconf 89' lang='lat' dir='ltr'>et</span> <span class='ocrx_word' id='word_1_278' title='bbox 2854 1149 3062 1220; x_wconf 85' lang='lat' dir='ltr'>forma,</span> <span class='ocrx_word' id='word_1_279' title='bbox 3095 1147 3488 1222; x_wconf 89' lang='lat' dir='ltr'>principiique</span> <span class='ocrx_word' id='word_1_280' title='bbox 3536 1148 3663 1206; x_wconf 90' lang='lat' dir='ltr'>loco</span> 
     </span>
    </p>
   </div>
   <div class='ocr_carea' id='block_1_39' title="bbox 1999 1238 3663 1296">
    <p class='ocr_par' dir='ltr' id='par_1_39' title="bbox 1999 1238 3663 1296">
     <span class='ocr_line' id='line_1_39' title="bbox 1999 1238 3663 1296; baseline 0 0"><span class='ocrx_word' id='word_1_281' title='bbox 1999 1240 2178 1296; x_wconf 82' lang='lat' dir='ltr'>habet</span> <span class='ocrx_word' id='word_1_282' title='bbox 2207 1238 2516 1295; x_wconf 86' lang='lat' dir='ltr'>materiam</span> <span class='ocrx_word' id='word_1_283' title='bbox 2544 1244 2602 1295; x_wconf 91' lang='lat' dir='ltr'>et</span> <span class='ocrx_word' id='word_1_284' title='bbox 2634 1239 2908 1295; x_wconf 86' lang='lat' dir='ltr'>formam.</span> <span class='ocrx_word' id='word_1_285' title='bbox 2931 1238 3033 1295; x_wconf 89' lang='lat' dir='ltr'>Est</span> <span class='ocrx_word' id='word_1_286' title='bbox 3062 1243 3257 1294; x_wconf 87' lang='lat' dir='ltr'>autem</span> <span class='ocrx_word' id='word_1_287' title='bbox 3292 1239 3539 1295; x_wconf 88' lang='lat' dir='ltr'>materia</span> <span class='ocrx_word' id='word_1_288' title='bbox 3568 1256 3663 1296; x_wconf 83' lang='lat' dir='ltr'>res</span> 
     </span>
    </p>
   </div>
   <div class='ocr_carea' id='block_1_40' title="bbox 1999 1327 3664 1401">
    <p class='ocr_par' dir='ltr' id='par_1_40' title="bbox 1999 1327 3664 1401">
     <span class='ocr_line' id='line_1_40' title="bbox 1999 1327 3664 1401; baseline -0.001 -18"><span class='ocrx_word' id='word_1_289' title='bbox 1999 1328 2409 1400; x_wconf 88' lang='lat' dir='ltr'>incorporalis,</span> <span class='ocrx_word' id='word_1_290' title='bbox 2436 1344 2642 1401; x_wconf 83' lang='lat' dir='ltr'>expers</span> <span class='ocrx_word' id='word_1_291' title='bbox 2674 1328 3051 1399; x_wconf 81' lang='lat' dir='ltr'>qualitatum,</span> <span class='ocrx_word' id='word_1_292' title='bbox 3077 1328 3202 1384; x_wconf 89' lang='lat' dir='ltr'>sola</span> <span class='ocrx_word' id='word_1_293' title='bbox 3233 1328 3456 1384; x_wconf 84' lang='lat' dir='ltr'>ratione</span> <span class='ocrx_word' id='word_1_294' title='bbox 3486 1327 3664 1400; x_wconf 80' lang='lat' dir='ltr'>expli-</span> 
     </span>
    </p>
   </div>
   <div class='ocr_carea' id='block_1_41' title="bbox 1999 1416 3663 1484">
    <p class='ocr_par' dir='ltr' id='par_1_41' title="bbox 1999 1416 3663 1484">
     <span class='ocr_line' id='line_1_41' title="bbox 1999 1416 3663 1484; baseline -0.001 -11"><span class='ocrx_word' id='word_1_295' title='bbox 1999 1418 2210 1484; x_wconf 87' lang='lat' dir='ltr'>canda,</span> <span class='ocrx_word' id='word_1_296' title='bbox 2233 1416 2507 1472; x_wconf 84' lang='lat' dir='ltr'>sensibus</span> <span class='ocrx_word' id='word_1_297' title='bbox 2535 1421 2728 1473; x_wconf 89' lang='lat' dir='ltr'>autem</span> <span class='ocrx_word' id='word_1_298' title='bbox 2755 1416 2998 1472; x_wconf 89' lang='lat' dir='ltr'>minime</span> <span class='ocrx_word' id='word_1_299' title='bbox 3020 1416 3209 1472; x_wconf 89' lang='lat' dir='ltr'>obvia.</span> <span class='ocrx_word' id='word_1_300' title='bbox 3233 1416 3378 1472; x_wconf 85' lang='lat' dir='ltr'>Huic</span> <span class='ocrx_word' id='word_1_301' title='bbox 3404 1418 3663 1473; x_wconf 79' lang='lat' dir='ltr'>materiae</span> 
     </span>
    </p>
   </div>
   <div class='ocr_carea' id='block_1_42' title="bbox 2000 1506 3666 1579">
    <p class='ocr_par' dir='ltr' id='par_1_42' title="bbox 2000 1506 3666 1579">
     <span class='ocr_line' id='line_1_42' title="bbox 2000 1506 3666 1579; baseline -0.001 -17"><span class='ocrx_word' id='word_1_302' title='bbox 2000 1506 2228 1579; x_wconf 85' lang='lat' dir='ltr'>species</span> <span class='ocrx_word' id='word_1_303' title='bbox 2260 1507 2527 1578; x_wconf 65' lang='lat' dir='ltr'>quredam</span> <span class='ocrx_word' id='word_1_304' title='bbox 2573 1511 2749 1578; x_wconf 89' lang='lat' dir='ltr'>atque</span> <span class='ocrx_word' id='word_1_305' title='bbox 2781 1509 2969 1577; x_wconf 85' lang='lat' dir='ltr'>ﬁgura</span> <span class='ocrx_word' id='word_1_306' title='bbox 3023 1510 3306 1577; x_wconf 89' lang='lat' dir='ltr'>tanquam</span> <span class='ocrx_word' id='word_1_307' title='bbox 3340 1506 3529 1561; x_wconf 81' lang='lat' dir='ltr'>forma</span> <span class='ocrx_word' id='word_1_308' title='bbox 3557 1522 3666 1561; x_wconf 91' lang='lat' dir='ltr'>sua</span> 
     </span>
    </p>
   </div>
   <div class='ocr_carea' id='block_1_43' title="bbox 2000 1594 3663 1669">
    <p class='ocr_par' dir='ltr' id='par_1_43' title="bbox 2000 1594 3663 1669">
     <span class='ocr_line' id='line_1_43' title="bbox 2000 1594 3663 1669; baseline 0 -18"><span class='ocrx_word' id='word_1_309' title='bbox 2000 1596 2390 1669; x_wconf 83' lang='lat' dir='ltr'>imprimitur,</span> <span class='ocrx_word' id='word_1_310' title='bbox 2427 1601 2602 1669; x_wconf 88' lang='lat' dir='ltr'>atque</span> <span class='ocrx_word' id='word_1_311' title='bbox 2633 1595 2718 1652; x_wconf 89' lang='lat' dir='ltr'>ita</span> <span class='ocrx_word' id='word_1_312' title='bbox 2748 1596 2813 1651; x_wconf 91' lang='lat' dir='ltr'>ﬁt</span> <span class='ocrx_word' id='word_1_313' title='bbox 2844 1612 3081 1669; x_wconf 89' lang='lat' dir='ltr'>corpus,</span> <span class='ocrx_word' id='word_1_314' title='bbox 3114 1599 3172 1651; x_wconf 90' lang='lat' dir='ltr'>et</span> <span class='ocrx_word' id='word_1_315' title='bbox 3204 1594 3392 1668; x_wconf 89' lang='lat' dir='ltr'>primo</span> <span class='ocrx_word' id='word_1_316' title='bbox 3423 1595 3663 1666; x_wconf 87' lang='lat' dir='ltr'>quidem</span> 
     </span>
    </p>
   </div>
   <div class='ocr_carea' id='block_1_44' title="bbox 2000 1682 3659 1757">
    <p class='ocr_par' dir='ltr' id='par_1_44' title="bbox 2000 1682 3659 1757">
     <span class='ocr_line' id='line_1_44' title="bbox 2000 1682 3659 1757; baseline -0.002 -15"><span class='ocrx_word' id='word_1_317' title='bbox 2000 1686 2382 1757; x_wconf 85' lang='lat' dir='ltr'>elementum,</span> <span class='ocrx_word' id='word_1_318' title='bbox 2415 1684 2503 1741; x_wconf 90' lang='lat' dir='ltr'>vel</span> <span class='ocrx_word' id='word_1_319' title='bbox 2535 1684 2735 1756; x_wconf 67' lang='lat' dir='ltr'>aether,</span> <span class='ocrx_word' id='word_1_320' title='bbox 2770 1683 2859 1740; x_wconf 88' lang='lat' dir='ltr'>vel</span> <span class='ocrx_word' id='word_1_321' title='bbox 2890 1684 3068 1756; x_wconf 84' lang='lat' dir='ltr'>ignis,</span> <span class='ocrx_word' id='word_1_322' title='bbox 3101 1683 3187 1739; x_wconf 88' lang='lat' dir='ltr'>vel</span> <span class='ocrx_word' id='word_1_323' title='bbox 3219 1700 3392 1757; x_wconf 87' lang='lat' dir='ltr'>aqua,</span> <span class='ocrx_word' id='word_1_324' title='bbox 3419 1682 3509 1739; x_wconf 87' lang='lat' dir='ltr'>vel</span> <span class='ocrx_word' id='word_1_325' title='bbox 3532 1700 3659 1753; x_wconf 87' lang='lat' dir='ltr'>aer,</span> 
     </span>
    </p>
   </div>
   <div class='ocr_carea' id='block_1_45' title="bbox 2000 1772 3661 1832">
    <p class='ocr_par' dir='ltr' id='par_1_45' title="bbox 2000 1772 3661 1832">
     <span class='ocr_line' id='line_1_45' title="bbox 2000 1772 3661 1832; baseline -0.001 -1"><span class='ocrx_word' id='word_1_326' title='bbox 2000 1776 2091 1832; x_wconf 90' lang='lat' dir='ltr'>vel</span> <span class='ocrx_word' id='word_1_327' title='bbox 2122 1779 2295 1832; x_wconf 88' lang='lat' dir='ltr'>terra.</span> <span class='ocrx_word' id='word_1_328' title='bbox 2320 1775 2539 1832; x_wconf 87' lang='lat' dir='ltr'>Deinde</span> <span class='ocrx_word' id='word_1_329' title='bbox 2568 1773 3039 1831; x_wconf 90' lang='lat' dir='ltr'>coalescentibus</span> <span class='ocrx_word' id='word_1_330' title='bbox 3070 1772 3231 1830; x_wconf 88' lang='lat' dir='ltr'>hisce</span> <span class='ocrx_word' id='word_1_331' title='bbox 3257 1772 3564 1829; x_wconf 89' lang='lat' dir='ltr'>elementis</span> <span class='ocrx_word' id='word_1_332' title='bbox 3596 1774 3661 1830; x_wconf 85' lang='lat' dir='ltr'>ﬁt</span> 
     </span>
    </p>
   </div>
   <div class='ocr_carea' id='block_1_46' title="bbox 1998 1861 3652 1939">
    <p class='ocr_par' dir='ltr' id='par_1_46' title="bbox 1998 1861 3652 1939">
     <span class='ocr_line' id='line_1_46' title="bbox 1998 1861 3652 1939; baseline -0.002 -17"><span class='ocrx_word' id='word_1_333' title='bbox 1998 1882 2214 1939; x_wconf 90' lang='lat' dir='ltr'>corpus</span> <span class='ocrx_word' id='word_1_334' title='bbox 2245 1865 2663 1938; x_wconf 88' lang='lat' dir='ltr'>compositum,</span> <span class='ocrx_word' id='word_1_335' title='bbox 2696 1864 2817 1921; x_wconf 86' lang='lat' dir='ltr'>sive</span> <span class='ocrx_word' id='word_1_336' title='bbox 2852 1861 3180 1920; x_wconf 89' lang='lat' dir='ltr'>animatum</span> <span class='ocrx_word' id='word_1_337' title='bbox 3211 1863 3332 1920; x_wconf 91' lang='lat' dir='ltr'>sive</span> <span class='ocrx_word' id='word_1_338' title='bbox 3360 1862 3652 1919; x_wconf 79' lang='lat' dir='ltr'>inanima-</span> 
     </span>
    </p>
   </div>
   <div class='ocr_carea' id='block_1_47' title="bbox 1992 1952 3652 2025">
    <p class='ocr_par' dir='ltr' id='par_1_47' title="bbox 1992 1952 3652 2025">
     <span class='ocr_line' id='line_1_47' title="bbox 1992 1952 3652 2025; baseline 0 -14"><span class='ocrx_word' id='word_1_339' title='bbox 1992 1960 2143 2012; x_wconf 90' lang='lat' dir='ltr'>tum.</span> <span class='ocrx_word' id='word_1_340' title='bbox 2174 1960 2256 2012; x_wconf 81' lang='lat' dir='ltr'>Ac</span> <span class='ocrx_word' id='word_1_341' title='bbox 2288 1956 2532 2012; x_wconf 85' lang='lat' dir='ltr'>materia</span> <span class='ocrx_word' id='word_1_342' title='bbox 2560 1961 2618 2011; x_wconf 89' lang='lat' dir='ltr'>et</span> <span class='ocrx_word' id='word_1_343' title='bbox 2649 1955 2838 2010; x_wconf 83' lang='lat' dir='ltr'>forma</span> <span class='ocrx_word' id='word_1_344' title='bbox 2866 1952 3107 2024; x_wconf 88' lang='lat' dir='ltr'>quidem</span> <span class='ocrx_word' id='word_1_345' title='bbox 3143 1952 3334 2025; x_wconf 90' lang='lat' dir='ltr'>magis</span> <span class='ocrx_word' id='word_1_346' title='bbox 3363 1952 3652 2011; x_wconf 87' lang='lat' dir='ltr'>rationem</span> 
     </span>
    </p>
   </div>
   <div class='ocr_carea' id='block_1_48' title="bbox 1990 2041 3639 2118">
    <p class='ocr_par' dir='ltr' id='par_1_48' title="bbox 1990 2041 3639 2118">
     <span class='ocr_line' id='line_1_48' title="bbox 1990 2041 3639 2118; baseline -0.001 -17"><span class='ocrx_word' id='word_1_347' title='bbox 1990 2044 2264 2118; x_wconf 86' lang='lat' dir='ltr'>principii</span> <span class='ocrx_word' id='word_1_348' title='bbox 2311 2044 2529 2101; x_wconf 84' lang='lat' dir='ltr'>habent</span> <span class='ocrx_word' id='word_1_349' title='bbox 2577 2060 2752 2116; x_wconf 85' lang='lat' dir='ltr'>quam</span> <span class='ocrx_word' id='word_1_350' title='bbox 2804 2041 3128 2110; x_wconf 87' lang='lat' dir='ltr'>elementa;</span> <span class='ocrx_word' id='word_1_351' title='bbox 3170 2041 3459 2099; x_wconf 85' lang='lat' dir='ltr'>elementa</span> <span class='ocrx_word' id='word_1_352' title='bbox 3504 2058 3639 2099; x_wconf 91' lang='lat' dir='ltr'>vero</span> 
     </span>
    </p>
   </div>
   <div class='ocr_carea' id='block_1_49' title="bbox 1988 2131 3637 2207">
    <p class='ocr_par' dir='ltr' id='par_1_49' title="bbox 1988 2131 3637 2207">
     <span class='ocr_line' id='line_1_49' title="bbox 1988 2131 3637 2207; baseline -0.002 -16"><span class='ocrx_word' id='word_1_353' title='bbox 1988 2135 2180 2207; x_wconf 89' lang='lat' dir='ltr'>magis</span> <span class='ocrx_word' id='word_1_354' title='bbox 2236 2151 2412 2207; x_wconf 90' lang='lat' dir='ltr'>quam</span> <span class='ocrx_word' id='word_1_355' title='bbox 2476 2132 2591 2190; x_wconf 86' lang='lat' dir='ltr'>alia</span> <span class='ocrx_word' id='word_1_356' title='bbox 2647 2148 2909 2204; x_wconf 89' lang='lat' dir='ltr'>corpora.</span> <span class='ocrx_word' id='word_1_357' title='bbox 2968 2132 3257 2188; x_wconf 67' lang='lat' dir='ltr'>Caeterum</span> <span class='ocrx_word' id='word_1_358' title='bbox 3329 2131 3637 2187; x_wconf 85' lang='lat' dir='ltr'>materiam</span> 
     </span>
    </p>
   </div>
   <div class='ocr_carea' id='block_1_50' title="bbox 1986 2219 3640 2297">
    <p class='ocr_par' dir='ltr' id='par_1_50' title="bbox 1986 2219 3640 2297">
     <span class='ocr_line' id='line_1_50' title="bbox 1986 2219 3640 2297; baseline -0.002 -17"><span class='ocrx_word' id='word_1_359' title='bbox 1986 2224 2260 2297; x_wconf 89' lang='lat' dir='ltr'>principii</span> <span class='ocrx_word' id='word_1_360' title='bbox 2293 2224 2532 2279; x_wconf 89' lang='lat' dir='ltr'>nomine</span> <span class='ocrx_word' id='word_1_361' title='bbox 2557 2237 2995 2295; x_wconf 87' lang='lat' dir='ltr'>nuncupamus,</span> <span class='ocrx_word' id='word_1_362' title='bbox 3020 2237 3136 2277; x_wconf 90' lang='lat' dir='ltr'>non</span> <span class='ocrx_word' id='word_1_363' title='bbox 3165 2220 3323 2292; x_wconf 92' lang='lat' dir='ltr'>quod</span> <span class='ocrx_word' id='word_1_364' title='bbox 3356 2219 3504 2276; x_wconf 87' lang='lat' dir='ltr'>nihil</span> <span class='ocrx_word' id='word_1_365' title='bbox 3534 2220 3640 2276; x_wconf 88' lang='lat' dir='ltr'>ha-</span> 
     </span>
    </p>
   </div>
   <div class='ocr_carea' id='block_1_51' title="bbox 1984 2309 3644 2386">
    <p class='ocr_par' dir='ltr' id='par_1_51' title="bbox 1984 2309 3644 2386">
     <span class='ocr_line' id='line_1_51' title="bbox 1984 2309 3644 2386; baseline -0.002 -17"><span class='ocrx_word' id='word_1_366' title='bbox 1984 2313 2084 2370; x_wconf 91' lang='lat' dir='ltr'>bet</span> <span class='ocrx_word' id='word_1_367' title='bbox 2116 2312 2387 2386; x_wconf 89' lang='lat' dir='ltr'>principii</span> <span class='ocrx_word' id='word_1_368' title='bbox 2434 2329 2616 2384; x_wconf 84' lang='lat' dir='ltr'>supra</span> <span class='ocrx_word' id='word_1_369' title='bbox 2646 2328 2730 2383; x_wconf 90' lang='lat' dir='ltr'>se,</span> <span class='ocrx_word' id='word_1_370' title='bbox 2762 2311 2866 2367; x_wconf 92' lang='lat' dir='ltr'>sed</span> <span class='ocrx_word' id='word_1_371' title='bbox 2898 2311 3054 2382; x_wconf 93' lang='lat' dir='ltr'>quod</span> <span class='ocrx_word' id='word_1_372' title='bbox 3092 2326 3339 2383; x_wconf 87' lang='lat' dir='ltr'>corpora</span> <span class='ocrx_word' id='word_1_373' title='bbox 3378 2309 3644 2382; x_wconf 80' lang='lat' dir='ltr'>proxime</span> 
     </span>
    </p>
   </div>
   <div class='ocr_carea' id='block_1_52' title="bbox 1985 2401 2726 2458">
    <p class='ocr_par' dir='ltr' id='par_1_52' title="bbox 1985 2401 2726 2458">
     <span class='ocr_line' id='line_1_52' title="bbox 1985 2401 2726 2458; baseline -0.003 0"><span class='ocrx_word' id='word_1_374' title='bbox 1985 2402 2097 2458; x_wconf 88' lang='lat' dir='ltr'>sub</span> <span class='ocrx_word' id='word_1_375' title='bbox 2128 2401 2229 2457; x_wconf 87' lang='lat' dir='ltr'>illa</span> <span class='ocrx_word' id='word_1_376' title='bbox 2258 2401 2726 2458; x_wconf 89' lang='lat' dir='ltr'>constituuntur.</span> 
     </span>
    </p>
   </div>
   <div class='ocr_carea' id='block_1_53' title="bbox 2372 2490 3251 2564">
    <p class='ocr_par' dir='ltr' id='par_1_53' title="bbox 2372 2490 3251 2564">
     <span class='ocr_line' id='line_1_53' title="bbox 2372 2490 3251 2564; baseline -0.001 -18"><span class='ocrx_word' id='word_1_377' title='bbox 2372 2493 2462 2546; x_wconf 77' lang='lat'>60.</span> <span class='ocrx_word' id='word_1_378' title='bbox 2496 2493 2571 2547; x_wconf 79' lang='lat' dir='ltr'>De</span> <span class='ocrx_word' id='word_1_379' title='bbox 2594 2492 2916 2564; x_wconf 70' lang='lat' dir='ltr'>principiis,</span> <span class='ocrx_word' id='word_1_380' title='bbox 2949 2490 3085 2562; x_wconf 83' lang='lat' dir='ltr'>quid</span> <span class='ocrx_word' id='word_1_381' title='bbox 3114 2491 3251 2546; x_wconf 79' lang='lat' dir='ltr'>sint.</span> 
     </span>
    </p>
   </div>
   <div class='ocr_carea' id='block_1_54' title="bbox 2054 2577 3646 2653">
    <p class='ocr_par' dir='ltr' id='par_1_54' title="bbox 2054 2577 3646 2653">
     <span class='ocr_line' id='line_1_54' title="bbox 2054 2577 3646 2653; baseline -0.002 -16"><span class='ocrx_word' id='word_1_382' title='bbox 2054 2580 2415 2653; x_wconf 89' lang='lat' dir='ltr'>Principium</span> <span class='ocrx_word' id='word_1_383' title='bbox 2449 2597 2643 2637; x_wconf 91' lang='lat' dir='ltr'>rerum</span> <span class='ocrx_word' id='word_1_384' title='bbox 2679 2581 2937 2653; x_wconf 88' lang='lat' dir='ltr'>primum</span> <span class='ocrx_word' id='word_1_385' title='bbox 2967 2584 3025 2636; x_wconf 91' lang='lat' dir='ltr'>et</span> <span class='ocrx_word' id='word_1_386' title='bbox 3053 2596 3234 2653; x_wconf 87' lang='lat' dir='ltr'>super</span> <span class='ocrx_word' id='word_1_387' title='bbox 3258 2578 3459 2635; x_wconf 86' lang='lat' dir='ltr'>omnia</span> <span class='ocrx_word' id='word_1_388' title='bbox 3488 2577 3646 2650; x_wconf 83' lang='lat' dir='ltr'>prin-</span> 
     </span>
    </p>
   </div>
   <div class='ocr_carea' id='block_1_55' title="bbox 1978 2670 3639 2751">
    <p class='ocr_par' dir='ltr' id='par_1_55' title="bbox 1978 2670 3639 2751">
     <span class='ocr_line' id='line_1_55' title="bbox 1978 2670 3639 2751; baseline -0.002 -23"><span class='ocrx_word' id='word_1_389' title='bbox 1978 2672 2131 2745; x_wconf 87' lang='lat' dir='ltr'>cipia</span> <span class='ocrx_word' id='word_1_390' title='bbox 2178 2672 2439 2746; x_wconf 88' lang='lat' dir='ltr'>positum</span> <span class='ocrx_word' id='word_1_391' title='bbox 2470 2677 2560 2729; x_wconf 89' lang='lat' dir='ltr'>est</span> <span class='ocrx_word' id='word_1_392' title='bbox 2598 2677 2773 2743; x_wconf 86' lang='lat' dir='ltr'>Deus,</span> <span class='ocrx_word' id='word_1_393' title='bbox 2808 2676 2941 2745; x_wconf 89' lang='lat' dir='ltr'>post</span> <span class='ocrx_word' id='word_1_394' title='bbox 2970 2676 3174 2751; x_wconf 39' lang='lat' dir='ltr'>Deum.</span> <span class='ocrx_word' id='word_1_395' title='bbox 3201 2670 3391 2726; x_wconf 87' lang='lat' dir='ltr'>multa</span> <span class='ocrx_word' id='word_1_396' title='bbox 3439 2685 3639 2726; x_wconf 89' lang='lat' dir='ltr'>rerum</span> 
     </span>
    </p>
   </div>
   <div class='ocr_carea' id='block_1_56' title="bbox 1979 2760 3637 2835">
    <p class='ocr_par' dir='ltr' id='par_1_56' title="bbox 1979 2760 3637 2835">
     <span class='ocr_line' id='line_1_56' title="bbox 1979 2760 3637 2835; baseline -0.001 -17"><span class='ocrx_word' id='word_1_397' title='bbox 1979 2762 2338 2819; x_wconf 87' lang='lat' dir='ltr'>naturalium</span> <span class='ocrx_word' id='word_1_398' title='bbox 2373 2768 2513 2819; x_wconf 86' lang='lat' dir='ltr'>sunt</span> <span class='ocrx_word' id='word_1_399' title='bbox 2556 2762 2864 2835; x_wconf 87' lang='lat' dir='ltr'>principia.</span> <span class='ocrx_word' id='word_1_400' title='bbox 2896 2764 2970 2819; x_wconf 84' lang='lat' dir='ltr'>Ac</span> <span class='ocrx_word' id='word_1_401' title='bbox 3018 2760 3439 2818; x_wconf 88' lang='lat' dir='ltr'>elementorum</span> <span class='ocrx_word' id='word_1_402' title='bbox 3470 2760 3637 2833; x_wconf 86' lang='lat' dir='ltr'>prin-</span> 
     </span>
    </p>
   </div>
   <div class='ocr_carea' id='block_1_57' title="bbox 1976 2851 3633 2925">
    <p class='ocr_par' dir='ltr' id='par_1_57' title="bbox 1976 2851 3633 2925">
     <span class='ocr_line' id='line_1_57' title="bbox 1976 2851 3633 2925; baseline -0.002 -16"><span class='ocrx_word' id='word_1_403' title='bbox 1976 2853 2130 2925; x_wconf 89' lang='lat' dir='ltr'>cipia</span> <span class='ocrx_word' id='word_1_404' title='bbox 2160 2852 2466 2909; x_wconf 81' lang='lat' dir='ltr'>materiam</span> <span class='ocrx_word' id='word_1_405' title='bbox 2516 2869 2647 2909; x_wconf 90' lang='lat' dir='ltr'>esse</span> <span class='ocrx_word' id='word_1_406' title='bbox 2679 2870 2747 2909; x_wconf 88' lang='lat' dir='ltr'>ac</span> <span class='ocrx_word' id='word_1_407' title='bbox 2780 2853 3026 2908; x_wconf 83' lang='lat' dir='ltr'>formam</span> <span class='ocrx_word' id='word_1_408' title='bbox 3070 2852 3198 2923; x_wconf 85' lang='lat' dir='ltr'>jam</span> <span class='ocrx_word' id='word_1_409' title='bbox 3249 2851 3471 2917; x_wconf 86' lang='lat' dir='ltr'>dictum</span> <span class='ocrx_word' id='word_1_410' title='bbox 3523 2854 3633 2906; x_wconf 90' lang='lat' dir='ltr'>est.</span> 
     </span>
    </p>
   </div>
   <div class='ocr_carea' id='block_1_58' title="bbox 1974 2939 3636 3015">
    <p class='ocr_par' dir='ltr' id='par_1_58' title="bbox 1974 2939 3636 3015">
     <span class='ocr_line' id='line_1_58' title="bbox 1974 2939 3636 3015; baseline -0.001 -18"><span class='ocrx_word' id='word_1_411' title='bbox 1974 2942 2446 3015; x_wconf 86' lang='lat' dir='ltr'>Compositorum</span> <span class='ocrx_word' id='word_1_412' title='bbox 2477 2959 2610 2999; x_wconf 90' lang='lat' dir='ltr'>vero</span> <span class='ocrx_word' id='word_1_413' title='bbox 2656 2958 2971 3015; x_wconf 88' lang='lat' dir='ltr'>corporum</span> <span class='ocrx_word' id='word_1_414' title='bbox 3004 2940 3295 3014; x_wconf 87' lang='lat' dir='ltr'>principia</span> <span class='ocrx_word' id='word_1_415' title='bbox 3335 2945 3475 2996; x_wconf 89' lang='lat' dir='ltr'>sunt</span> <span class='ocrx_word' id='word_1_416' title='bbox 3504 2939 3636 3012; x_wconf 87' lang='lat' dir='ltr'>ipsa</span> 
     </span>
    </p>
   </div>
   <div class='ocr_carea' id='block_1_59' title="bbox 1974 3028 3628 3104">
    <p class='ocr_par' dir='ltr' id='par_1_59' title="bbox 1974 3028 3628 3104">
     <span class='ocr_line' id='line_1_59' title="bbox 1974 3028 3628 3104; baseline -0.001 -17"><span class='ocrx_word' id='word_1_417' title='bbox 1974 3030 2269 3104; x_wconf 85' lang='lat' dir='ltr'>simplicia</span> <span class='ocrx_word' id='word_1_418' title='bbox 2311 3032 2624 3099; x_wconf 88' lang='lat' dir='ltr'>elementa,</span> <span class='ocrx_word' id='word_1_419' title='bbox 2656 3032 2727 3088; x_wconf 91' lang='lat' dir='ltr'>de</span> <span class='ocrx_word' id='word_1_420' title='bbox 2760 3030 2976 3104; x_wconf 87' lang='lat' dir='ltr'>quibus</span> <span class='ocrx_word' id='word_1_421' title='bbox 3030 3029 3371 3102; x_wconf 88' lang='lat' dir='ltr'>philosophi</span> <span class='ocrx_word' id='word_1_422' title='bbox 3423 3028 3521 3086; x_wconf 88' lang='lat' dir='ltr'>alii</span> <span class='ocrx_word' id='word_1_423' title='bbox 3569 3029 3628 3085; x_wconf 92' lang='lat' dir='ltr'>in</span> 
     </span>
    </p>
   </div>
   <div class='ocr_carea' id='block_1_60' title="bbox 1972 3118 3632 3193">
    <p class='ocr_par' dir='ltr' id='par_1_60' title="bbox 1972 3118 3632 3193">
     <span class='ocr_line' id='line_1_60' title="bbox 1972 3118 3632 3193; baseline -0.001 -15"><span class='ocrx_word' id='word_1_424' title='bbox 1972 3121 2200 3178; x_wconf 87' lang='lat' dir='ltr'>diversa</span> <span class='ocrx_word' id='word_1_425' title='bbox 2246 3121 2537 3179; x_wconf 88' lang='lat' dir='ltr'>abierunt.</span> <span class='ocrx_word' id='word_1_426' title='bbox 2572 3121 2714 3179; x_wconf 88' lang='lat' dir='ltr'>Nam</span> <span class='ocrx_word' id='word_1_427' title='bbox 2767 3120 3122 3193; x_wconf 88' lang='lat' dir='ltr'>quibusdam</span> <span class='ocrx_word' id='word_1_428' title='bbox 3167 3118 3319 3190; x_wconf 81' lang='lat' dir='ltr'>ignis</span> <span class='ocrx_word' id='word_1_429' title='bbox 3350 3118 3515 3174; x_wconf 89' lang='lat' dir='ltr'>visus</span> <span class='ocrx_word' id='word_1_430' title='bbox 3541 3123 3632 3176; x_wconf 87' lang='lat' dir='ltr'>est</span> 
     </span>
    </p>
   </div>
   <div class='ocr_carea' id='block_1_61' title="bbox 1971 3206 3629 3283">
    <p class='ocr_par' dir='ltr' id='par_1_61' title="bbox 1971 3206 3629 3283">
     <span class='ocr_line' id='line_1_61' title="bbox 1971 3206 3629 3283; baseline -0.001 -18"><span class='ocrx_word' id='word_1_431' title='bbox 1971 3225 2100 3267; x_wconf 86' lang='lat' dir='ltr'>esse</span> <span class='ocrx_word' id='word_1_432' title='bbox 2130 3209 2504 3283; x_wconf 85' lang='lat' dir='ltr'>principium,</span> <span class='ocrx_word' id='word_1_433' title='bbox 2531 3214 2766 3282; x_wconf 85' lang='lat' dir='ltr'>propter</span> <span class='ocrx_word' id='word_1_434' title='bbox 2796 3208 3138 3276; x_wconf 83' lang='lat' dir='ltr'>efﬁcaciam,</span> <span class='ocrx_word' id='word_1_435' title='bbox 3164 3212 3221 3264; x_wconf 87' lang='lat' dir='ltr'>et</span> <span class='ocrx_word' id='word_1_436' title='bbox 3242 3207 3398 3280; x_wconf 93' lang='lat' dir='ltr'>quod</span> <span class='ocrx_word' id='word_1_437' title='bbox 3431 3206 3629 3263; x_wconf 90' lang='lat' dir='ltr'>omnia</span> 
     </span>
    </p>
   </div>
   <div class='ocr_carea' id='block_1_62' title="bbox 194 3274 1861 3369">
    <p class='ocr_par' dir='ltr' id='par_1_62' title="bbox 194 3274 1858 3368">
     <span class='ocr_line' id='line_1_62' title="bbox 194 3274 1858 3368; baseline 0.009 -33"><span class='ocrx_word' id='word_1_438' title='bbox 194 3284 314 3342; x_wconf 82' lang='grc' dir='ltr'>τοῖς</span> <span class='ocrx_word' id='word_1_439' title='bbox 346 3276 405 3335; x_wconf 63' lang='grc' dir='ltr'>δὲ</span> <span class='ocrx_word' id='word_1_440' title='bbox 432 3282 495 3336; x_wconf 87' lang='lat'>16</span> <span class='ocrx_word' id='word_1_441' title='bbox 526 3281 674 3360; x_wconf 75' lang='grc' dir='ltr'>ὕδωρ</span> <span class='ocrx_word' id='word_1_442' title='bbox 724 3282 813 3341; x_wconf 74' lang='grc' dir='ltr'>διὰ</span> <span class='ocrx_word' id='word_1_443' title='bbox 857 3289 958 3357; x_wconf 71' lang='grc' dir='ltr'>τήν</span> <span class='ocrx_word' id='word_1_444' title='bbox 1003 3289 1235 3366; x_wconf 78' lang='grc' dir='ltr'>γόνιμον</span> <span class='ocrx_word' id='word_1_445' title='bbox 1287 3292 1466 3368; x_wconf 77' lang='grc' dir='ltr'>φύσιν.</span> <span class='ocrx_word' id='word_1_446' title='bbox 1498 3296 1613 3350; x_wconf 82' lang='grc' dir='ltr'>Τισὶ</span> <span class='ocrx_word' id='word_1_447' title='bbox 1653 3274 1858 3352; x_wconf 63' lang='lat'>66166-</span> 
     </span>
    </p>
   </div>
   <div class='ocr_carea' id='block_1_63' title="bbox 1980 3274 3624 3369">
    <p class='ocr_par' dir='ltr' id='par_1_63' title="bbox 1980 3295 3624 3369">
     <span class='ocr_line' id='line_1_63' title="bbox 1980 3295 3624 3369; baseline -0.001 -15"><span class='ocrx_word' id='word_1_448' title='bbox 1980 3298 2033 3356; x_wconf 86' lang='lat' dir='ltr'>in</span> <span class='ocrx_word' id='word_1_449' title='bbox 2064 3298 2234 3357; x_wconf 89' lang='lat' dir='ltr'>illum</span> <span class='ocrx_word' id='word_1_450' title='bbox 2266 3304 2780 3356; x_wconf 86' lang='lat' dir='ltr'>consummuntur.</span> <span class='ocrx_word' id='word_1_451' title='bbox 2815 3298 2961 3355; x_wconf 86' lang='lat' dir='ltr'>Aliis</span> <span class='ocrx_word' id='word_1_452' title='bbox 2992 3315 3109 3368; x_wconf 88' lang='lat' dir='ltr'>aer,</span> <span class='ocrx_word' id='word_1_453' title='bbox 3144 3296 3423 3369; x_wconf 88' lang='lat' dir='ltr'>quoniam</span> <span class='ocrx_word' id='word_1_454' title='bbox 3454 3295 3624 3352; x_wconf 90' lang='lat' dir='ltr'>illum</span> 
     </span>
    </p>
   </div>
   <div class='ocr_carea' id='block_1_64' title="bbox 194 3370 1849 3455">
    <p class='ocr_par' dir='ltr' id='par_1_64' title="bbox 194 3370 1849 3455">
     <span class='ocr_line' id='line_1_64' title="bbox 194 3370 1849 3455; baseline 0.011 -32"><span class='ocrx_word' id='word_1_455' title='bbox 194 3390 305 3423; x_wconf 89' lang='grc' dir='ltr'>των</span> <span class='ocrx_word' id='word_1_456' title='bbox 338 3370 427 3425; x_wconf 82' lang='grc' dir='ltr'>καὶ</span> <span class='ocrx_word' id='word_1_457' title='bbox 460 3372 495 3442; x_wconf 77' lang='grc' dir='ltr'>ἠ</span> <span class='ocrx_word' id='word_1_458' title='bbox 528 3379 598 3449; x_wconf 82' lang='grc' dir='ltr'>γῆ</span> <span class='ocrx_word' id='word_1_459' title='bbox 634 3373 781 3450; x_wconf 82' lang='grc' dir='ltr'>ἀρχὴ</span> <span class='ocrx_word' id='word_1_460' title='bbox 840 3372 1008 3449; x_wconf 77' lang='grc' dir='ltr'>ἔδοξε,</span> <span class='ocrx_word' id='word_1_461' title='bbox 1057 3375 1146 3435; x_wconf 80' lang='grc' dir='ltr'>διὰ</span> <span class='ocrx_word' id='word_1_462' title='bbox 1192 3381 1252 3436; x_wconf 89' lang='lat'>16</span> <span class='ocrx_word' id='word_1_463' title='bbox 1310 3381 1486 3438; x_wconf 89' lang='grc' dir='ltr'>πλείω</span> <span class='ocrx_word' id='word_1_464' title='bbox 1540 3390 1649 3440; x_wconf 81' lang='grc' dir='ltr'>τῶν</span> <span class='ocrx_word' id='word_1_465' title='bbox 1697 3384 1849 3455; x_wconf 80' lang='grc' dir='ltr'>ζώων</span> 
     </span>
    </p>
   </div>
   <div class='ocr_carea' id='block_1_65' title="bbox 197 3456 1894 3543">
    <p class='ocr_par' dir='ltr' id='par_1_65' title="bbox 197 3456 1894 3543">
     <span class='ocr_line' id='line_1_65' title="bbox 197 3456 1894 3543; baseline 0.011 -31"><span class='ocrx_word' id='word_1_466' title='bbox 197 3456 306 3514; x_wconf 89' lang='lat'>6116</span> <span class='ocrx_word' id='word_1_467' title='bbox 334 3462 438 3526; x_wconf 79' lang='grc' dir='ltr'>τῆς</span> <span class='ocrx_word' id='word_1_468' title='bbox 494 3468 597 3537; x_wconf 80' lang='grc' dir='ltr'>γῆς</span> <span class='ocrx_word' id='word_1_469' title='bbox 648 3467 952 3538; x_wconf 77' lang='grc' dir='ltr'>γεννᾶσθαι,</span> <span class='ocrx_word' id='word_1_470' title='bbox 1012 3468 1101 3524; x_wconf 82' lang='grc' dir='ltr'>καὶ</span> <span class='ocrx_word' id='word_1_471' title='bbox 1151 3469 1226 3534; x_wconf 79' lang='grc' dir='ltr'>εἰς</span> <span class='ocrx_word' id='word_1_472' title='bbox 1273 3470 1438 3543; x_wconf 77' lang='grc' dir='ltr'>αὐτὴν</span> <span class='ocrx_word' id='word_1_473' title='bbox 1484 3472 1806 3540; x_wconf 77' lang='grc' dir='ltr'>ἀναλύεσθαι</span> <span class='ocrx_word' id='word_1_474' title='bbox 1835 3476 1894 3509; x_wconf 81' lang='grc'><em>”</em></span> 
     </span>
    </p>
   </div>
   <div class='ocr_carea' id='block_1_66' title="bbox 194 3546 1851 3640">
    <p class='ocr_par' dir='ltr' id='par_1_66' title="bbox 194 3546 1851 3640">
     <span class='ocr_line' id='line_1_66' title="bbox 194 3546 1851 3640; baseline 0.011 -38"><span class='ocrx_word' id='word_1_475' title='bbox 194 3548 414 3622; x_wconf 82' lang='grc' dir='ltr'>Ἕτεροι</span> <span class='ocrx_word' id='word_1_476' title='bbox 446 3546 504 3604; x_wconf 72' lang='grc' dir='ltr'>δὲ</span> <span class='ocrx_word' id='word_1_477' title='bbox 532 3551 672 3606; x_wconf 76' lang='grc' dir='ltr'>αὐτά</span> <span class='ocrx_word' id='word_1_478' title='bbox 726 3554 790 3609; x_wconf 73' lang='grc' dir='ltr'>τὰ</span> <span class='ocrx_word' id='word_1_479' title='bbox 832 3556 1064 3634; x_wconf 75' lang='grc' dir='ltr'>τέσσαρα</span> <span class='ocrx_word' id='word_1_480' title='bbox 1124 3567 1371 3638; x_wconf 79' lang='grc' dir='ltr'>στοιχεῖα</span> <span class='ocrx_word' id='word_1_481' title='bbox 1418 3562 1592 3640; x_wconf 84' lang='grc' dir='ltr'>ἀρχὰς</span> <span class='ocrx_word' id='word_1_482' title='bbox 1619 3568 1726 3619; x_wconf 78' lang='grc' dir='ltr'>τῶν</span> <span class='ocrx_word' id='word_1_483' title='bbox 1760 3559 1851 3619; x_wconf 76' lang='grc' dir='ltr'>ὅν-</span> 
     </span>
    </p>
   </div>
   <div class='ocr_carea' id='block_1_67' title="bbox 195 3635 1851 3727">
    <p class='ocr_par' dir='ltr' id='par_1_67' title="bbox 195 3635 1851 3727">
     <span class='ocr_line' id='line_1_67' title="bbox 195 3635 1851 3727; baseline 0.012 -38"><span class='ocrx_word' id='word_1_484' title='bbox 195 3655 306 3727; x_wconf 73' lang='grc' dir='ltr'>των</span> <span class='ocrx_word' id='word_1_485' title='bbox 342 3635 706 3714; x_wconf 65' lang='grc' dir='ltr'>ἀπεφήναντο.</span> <span class='ocrx_word' id='word_1_486' title='bbox 740 3643 969 3700; x_wconf 80' lang='grc' dir='ltr'>Ηλάτων</span> <span class='ocrx_word' id='word_1_487' title='bbox 1027 3644 1085 3702; x_wconf 80' lang='grc' dir='ltr'>δὶ</span> <span class='ocrx_word' id='word_1_488' title='bbox 1115 3635 1289 3726; x_wconf 80' lang='grc' dir='ltr'>άρχάς</span> <span class='ocrx_word' id='word_1_489' title='bbox 1336 3635 1542 3727; x_wconf 70' lang='grc' dir='ltr'>εἴρηκε,</span> <span class='ocrx_word' id='word_1_490' title='bbox 1574 3653 1664 3708; x_wconf 88' lang='grc' dir='ltr'>τὸν</span> <span class='ocrx_word' id='word_1_491' title='bbox 1698 3654 1851 3723; x_wconf 85' lang='grc' dir='ltr'>Θεὸν,</span> 
     </span>
    </p>
   </div>
   <div class='ocr_carea' id='block_1_68' title="bbox 200 3725 1850 3818">
    <p class='ocr_par' dir='ltr' id='par_1_68' title="bbox 200 3725 1850 3818">
     <span class='ocr_line' id='line_1_68' title="bbox 200 3725 1850 3818; baseline 0.012 -38"><span class='ocrx_word' id='word_1_492' title='bbox 200 3725 280 3818; x_wconf 76' lang='grc' dir='ltr'>ώς</span> <span class='ocrx_word' id='word_1_493' title='bbox 312 3728 519 3801; x_wconf 67' lang='grc' dir='ltr'>πατέρα</span> <span class='ocrx_word' id='word_1_494' title='bbox 560 3730 652 3786; x_wconf 75' lang='grc' dir='ltr'>καὶ</span> <span class='ocrx_word' id='word_1_495' title='bbox 695 3736 956 3803; x_wconf 77' lang='grc' dir='ltr'>ποιητὴν,</span> <span class='ocrx_word' id='word_1_496' title='bbox 1000 3736 1099 3805; x_wconf 75' lang='grc' dir='ltr'>τὴν</span> <span class='ocrx_word' id='word_1_497' title='bbox 1142 3736 1198 3791; x_wconf 74' lang='grc' dir='ltr'>ὕ)</span> <span class='ocrx_word' id='word_1_498' title='bbox 1215 3725 1279 3809; x_wconf 86' lang='grc' dir='ltr'>ην</span> <span class='ocrx_word' id='word_1_499' title='bbox 1311 3725 1396 3803; x_wconf 84' lang='grc' dir='ltr'>ὡς</span> <span class='ocrx_word' id='word_1_500' title='bbox 1417 3737 1722 3818; x_wconf 70' lang='grc' dir='ltr'>δεχομένην</span> <span class='ocrx_word' id='word_1_501' title='bbox 1750 3744 1850 3812; x_wconf 79' lang='grc' dir='ltr'>τὴν</span> 
     </span>
    </p>
   </div>
   <div class='ocr_carea' id='block_1_69' title="bbox 200 3812 1849 3908">
    <p class='ocr_par' dir='ltr' id='par_1_69' title="bbox 200 3812 1849 3908">
     <span class='ocr_line' id='line_1_69' title="bbox 200 3812 1849 3908; baseline 0.011 -37"><span class='ocrx_word' id='word_1_502' title='bbox 200 3812 728 3908; x_wconf 33' lang='grc' dir='ltr'>δημιουργίανδκαὶ</span> <span class='ocrx_word' id='word_1_503' title='bbox 773 3823 873 3893; x_wconf 80' lang='grc' dir='ltr'>τήν</span> <span class='ocrx_word' id='word_1_504' title='bbox 922 3820 1063 3880; x_wconf 71' lang='grc' dir='ltr'>ἰδέαν</span> <span class='ocrx_word' id='word_1_505' title='bbox 1100 3846 1113 3861; x_wconf 77' lang='grc' dir='ltr'><strong><em>ο</em></strong></span> <span class='ocrx_word' id='word_1_506' title='bbox 1150 3824 1295 3883; x_wconf 74' lang='grc' dir='ltr'>ἱδὲαν</span> <span class='ocrx_word' id='word_1_507' title='bbox 1342 3825 1399 3885; x_wconf 72' lang='grc' dir='ltr'>δὲ</span> <span class='ocrx_word' id='word_1_508' title='bbox 1622 3812 1849 3889; x_wconf 75' lang='grc' dir='ltr'>Πλάτων</span> 
     </span>
    </p>
   </div>
   <div class='ocr_carea' id='block_1_70' title="bbox 194 3901 1850 3999">
    <p class='ocr_par' dir='ltr' id='par_1_70' title="bbox 194 3901 1850 3999">
     <span class='ocr_line' id='line_1_70' title="bbox 194 3901 1850 3999; baseline 0.013 -42"><span class='ocrx_word' id='word_1_509' title='bbox 194 3906 299 3975; x_wconf 70' lang='grc' dir='ltr'>τὴν</span> <span class='ocrx_word' id='word_1_510' title='bbox 331 3908 556 3978; x_wconf 85' lang='grc' dir='ltr'>πρώτην</span> <span class='ocrx_word' id='word_1_511' title='bbox 589 3901 795 3965; x_wconf 79' lang='grc' dir='ltr'>ἔννοιαν</span> <span class='ocrx_word' id='word_1_512' title='bbox 826 3916 923 3967; x_wconf 90' lang='lat'>106</span> <span class='ocrx_word' id='word_1_513' title='bbox 971 3920 1126 3986; x_wconf 75' lang='grc' dir='ltr'>Θεοῦ,</span> <span class='ocrx_word' id='word_1_514' title='bbox 1178 3917 1267 3973; x_wconf 77' lang='grc' dir='ltr'>καὶ</span> <span class='ocrx_word' id='word_1_515' title='bbox 1314 3920 1414 3989; x_wconf 72' lang='grc' dir='ltr'>τήν</span> <span class='ocrx_word' id='word_1_516' title='bbox 1446 3921 1683 3999; x_wconf 62' lang='grc' dir='ltr'>ἄρρητον</span> <span class='ocrx_word' id='word_1_517' title='bbox 1711 3921 1850 3979; x_wconf 73' lang='grc' dir='ltr'>ἐκεί-</span> 
     </span>
    </p>
   </div>
   <div class='ocr_carea' id='block_1_71' title="bbox 192 3996 1847 4087">
    <p class='ocr_par' dir='ltr' id='par_1_71' title="bbox 192 3996 1847 4087">
     <span class='ocr_line' id='line_1_71' title="bbox 192 3996 1847 4087; baseline 0.014 -40"><span class='ocrx_word' id='word_1_518' title='bbox 192 4016 293 4087; x_wconf 62' lang='grc' dir='ltr'>νην</span> <span class='ocrx_word' id='word_1_519' title='bbox 329 3996 626 4073; x_wconf 69' lang='grc' dir='ltr'>φανταιρίαν</span> <span class='ocrx_word' id='word_1_520' title='bbox 676 4000 766 4055; x_wconf 81' lang='grc' dir='ltr'>καὶ</span> <span class='ocrx_word' id='word_1_521' title='bbox 812 4002 1178 4076; x_wconf 83' lang='grc' dir='ltr'>ἀνατύπωσιν,</span> <span class='ocrx_word' id='word_1_522' title='bbox 1227 4009 1346 4064; x_wconf 78' lang='grc' dir='ltr'>καθ’</span> <span class='ocrx_word' id='word_1_523' title='bbox 1396 3996 1603 4080; x_wconf 40' lang='grc' dir='ltr'>ἦν’τὸν</span> <span class='ocrx_word' id='word_1_524' title='bbox 1643 4012 1847 4087; x_wconf 82' lang='grc' dir='ltr'>κόσμον</span> 
     </span>
    </p>
   </div>
   <div class='ocr_carea' id='block_1_72' title="bbox 192 4081 659 4163">
    <p class='ocr_par' dir='ltr' id='par_1_72' title="bbox 192 4081 659 4163">
     <span class='ocr_line' id='line_1_72' title="bbox 192 4081 659 4163; baseline 0.015 -24"><span class='ocrx_word' id='word_1_525' title='bbox 192 4081 539 4163; x_wconf 70' lang='grc' dir='ltr'>ἔδημιοῦργη</span> <span class='ocrx_word' id='word_1_526' title='bbox 549 4108 659 4146; x_wconf 86' lang='grc' dir='ltr'>σεν.</span> 
     </span>
    </p>
   </div>
   <div class='ocr_carea' id='block_1_73' title="bbox 793 4288 1254 4365">
    <p class='ocr_par' dir='ltr' id='par_1_73' title="bbox 793 4288 1254 4365">
     <span class='ocr_line' id='line_1_73' title="bbox 793 4288 1254 4365; baseline 0.009 -21"><span class='ocrx_word' id='word_1_527' title='bbox 793 4288 889 4360; x_wconf 70' lang='grc' dir='ltr'>ξεί.</span> <span class='ocrx_word' id='word_1_528' title='bbox 923 4290 1053 4365; x_wconf 84' lang='grc' dir='ltr'>Περὶ</span> <span class='ocrx_word' id='word_1_529' title='bbox 1093 4292 1196 4365; x_wconf 74' lang='grc' dir='ltr'>ὕλη</span> <span class='ocrx_word' id='word_1_530' title='bbox 1209 4317 1254 4357; x_wconf 88' lang='grc' dir='ltr'>ς,</span> 
     </span>
    </p>
   </div>
   <div class='ocr_carea' id='block_1_74' title="bbox 285 4368 1844 4465">
    <p class='ocr_par' dir='ltr' id='par_1_74' title="bbox 285 4368 1844 4465">
     <span class='ocr_line' id='line_1_74' title="bbox 285 4368 1844 4465; baseline 0.013 -40"><span class='ocrx_word' id='word_1_531' title='bbox 285 4368 425 4465; x_wconf 51' lang='grc' dir='ltr'>’ξ’λη</span> <span class='ocrx_word' id='word_1_532' title='bbox 449 4371 557 4427; x_wconf 76' lang='grc' dir='ltr'>ἐστῖ</span> <span class='ocrx_word' id='word_1_533' title='bbox 585 4379 815 4465; x_wconf 66' lang='grc' dir='ltr'>πρᾶγμα</span> <span class='ocrx_word' id='word_1_534' title='bbox 842 4379 977 4465; x_wconf 16' lang='grc' dir='ltr'>,οἷον</span> <span class='ocrx_word' id='word_1_535' title='bbox 1027 4379 1195 4438; x_wconf 74' lang='grc' dir='ltr'>εἰπεῖν</span> <span class='ocrx_word' id='word_1_536' title='bbox 1244 4383 1433 4458; x_wconf 73' lang='grc' dir='ltr'>ἅϋλον,</span> <span class='ocrx_word' id='word_1_537' title='bbox 1466 4387 1714 4461; x_wconf 75' lang='grc' dir='ltr'>αῗσθήσει</span> <span class='ocrx_word' id='word_1_538' title='bbox 1751 4392 1844 4465; x_wconf 72' lang='grc' dir='ltr'>μὲν</span> 
     </span>
    </p>
   </div>
   <div class='ocr_carea' id='block_1_75' title="bbox 200 4458 1846 4555">
    <p class='ocr_par' dir='ltr' id='par_1_75' title="bbox 200 4458 1846 4555">
     <span class='ocr_line' id='line_1_75' title="bbox 200 4458 1846 4555; baseline 0.015 -43"><span class='ocrx_word' id='word_1_539' title='bbox 200 4458 538 4555; x_wconf 47' lang='grc' dir='ltr'>ἀθεώρητον,</span> <span class='ocrx_word' id='word_1_540' title='bbox 581 4460 788 4555; x_wconf 81' lang='grc' dir='ltr'>διανοίᾳ</span> <span class='ocrx_word' id='word_1_541' title='bbox 836 4462 892 4523; x_wconf 75' lang='grc' dir='ltr'>δὲ</span> <span class='ocrx_word' id='word_1_542' title='bbox 955 4470 1096 4544; x_wconf 81' lang='grc' dir='ltr'>μόνῃ</span> <span class='ocrx_word' id='word_1_543' title='bbox 1142 4471 1372 4543; x_wconf 85' lang='grc' dir='ltr'>ληπτόν.</span> <span class='ocrx_word' id='word_1_544' title='bbox 1406 4458 1846 4555; x_wconf 18' lang='grc' dir='ltr'>Χεῖροννπάντων</span> 
     </span>
    </p>
   </div>
   <div class='ocr_carea' id='block_1_76' title="bbox 190 4545 1846 4639">
    <p class='ocr_par' dir='ltr' id='par_1_76' title="bbox 190 4545 1846 4639">
     <span class='ocr_line' id='line_1_76' title="bbox 190 4545 1846 4639; baseline 0.014 -36"><span class='ocrx_word' id='word_1_545' title='bbox 190 4545 545 4639; x_wconf 62' lang='grc' dir='ltr'>τῶνόντων,</span> <span class='ocrx_word' id='word_1_546' title='bbox 604 4554 872 4636; x_wconf 73' lang='grc' dir='ltr'>ἄμορφον,</span> <span class='ocrx_word' id='word_1_547' title='bbox 938 4557 1192 4635; x_wconf 84' lang='grc' dir='ltr'>ἀνείδεον,</span> <span class='ocrx_word' id='word_1_548' title='bbox 1239 4562 1636 4639; x_wconf 77' lang='grc' dir='ltr'>ἀδιατύπωτον,</span> <span class='ocrx_word' id='word_1_549' title='bbox 1692 4569 1846 4626; x_wconf 78' lang='grc' dir='ltr'>οὐσία</span> 
     </span>
    </p>
   </div>
   <div class='ocr_carea' id='block_1_77' title="bbox 1961 3382 3623 3461">
    <p class='ocr_par' dir='ltr' id='par_1_77' title="bbox 1961 3382 3623 3461">
     <span class='ocr_line' id='line_1_77' title="bbox 1961 3382 3623 3461; baseline -0.002 -17"><span class='ocrx_word' id='word_1_550' title='bbox 1961 3390 2255 3461; x_wconf 89' lang='lat' dir='ltr'>respirant</span> <span class='ocrx_word' id='word_1_551' title='bbox 2295 3386 2597 3444; x_wconf 86' lang='lat' dir='ltr'>animalia.</span> <span class='ocrx_word' id='word_1_552' title='bbox 2632 3387 2776 3444; x_wconf 89' lang='lat' dir='ltr'>Aliis</span> <span class='ocrx_word' id='word_1_553' title='bbox 2808 3404 2962 3458; x_wconf 90' lang='lat' dir='ltr'>aqua</span> <span class='ocrx_word' id='word_1_554' title='bbox 3005 3391 3245 3458; x_wconf 87' lang='lat' dir='ltr'>propter</span> <span class='ocrx_word' id='word_1_555' title='bbox 3274 3382 3623 3442; x_wconf 85' lang='lat' dir='ltr'>seminalem</span> 
     </span>
    </p>
   </div>
   <div class='ocr_carea' id='block_1_78' title="bbox 1962 3474 3623 3548">
    <p class='ocr_par' dir='ltr' id='par_1_78' title="bbox 1962 3474 3623 3548">
     <span class='ocr_line' id='line_1_78' title="bbox 1962 3474 3623 3548; baseline -0.002 -14"><span class='ocrx_word' id='word_1_556' title='bbox 1962 3481 2259 3534; x_wconf 88' lang='lat' dir='ltr'>naturam.</span> <span class='ocrx_word' id='word_1_557' title='bbox 2289 3476 2599 3534; x_wconf 92' lang='lat' dir='ltr'>Nonnullis</span> <span class='ocrx_word' id='word_1_558' title='bbox 2629 3478 2841 3533; x_wconf 88' lang='lat' dir='ltr'>horum</span> <span class='ocrx_word' id='word_1_559' title='bbox 2869 3475 3046 3532; x_wconf 88' lang='lat' dir='ltr'>etiam</span> <span class='ocrx_word' id='word_1_560' title='bbox 3075 3480 3232 3532; x_wconf 90' lang='lat' dir='ltr'>terra</span> <span class='ocrx_word' id='word_1_561' title='bbox 3264 3474 3623 3548; x_wconf 89' lang='lat' dir='ltr'>principium</span> 
     </span>
    </p>
   </div>
   <div class='ocr_carea' id='block_1_79' title="bbox 1960 3563 3624 3639">
    <p class='ocr_par' dir='ltr' id='par_1_79' title="bbox 1960 3563 3624 3639">
     <span class='ocr_line' id='line_1_79' title="bbox 1960 3563 3624 3639; baseline -0.001 -18"><span class='ocrx_word' id='word_1_562' title='bbox 1960 3566 2090 3623; x_wconf 89' lang='lat' dir='ltr'>visa</span> <span class='ocrx_word' id='word_1_563' title='bbox 2117 3570 2226 3632; x_wconf 88' lang='lat' dir='ltr'>est,</span> <span class='ocrx_word' id='word_1_564' title='bbox 2250 3565 2531 3637; x_wconf 91' lang='lat' dir='ltr'>quoniam</span> <span class='ocrx_word' id='word_1_565' title='bbox 2563 3565 2734 3639; x_wconf 91' lang='lat' dir='ltr'>plura</span> <span class='ocrx_word' id='word_1_566' title='bbox 2757 3564 3039 3621; x_wconf 89' lang='lat' dir='ltr'>animalia</span> <span class='ocrx_word' id='word_1_567' title='bbox 3065 3580 3132 3619; x_wconf 84' lang='lat' dir='ltr'>ex</span> <span class='ocrx_word' id='word_1_568' title='bbox 3163 3563 3264 3620; x_wconf 89' lang='lat' dir='ltr'>illa</span> <span class='ocrx_word' id='word_1_569' title='bbox 3295 3568 3624 3621; x_wconf 89' lang='lat' dir='ltr'>nascuntur</span> 
     </span>
    </p>
   </div>
   <div class='ocr_carea' id='block_1_80' title="bbox 1961 3653 3622 3725">
    <p class='ocr_par' dir='ltr' id='par_1_80' title="bbox 1961 3653 3622 3725">
     <span class='ocr_line' id='line_1_80' title="bbox 1961 3653 3622 3725; baseline -0.002 -14"><span class='ocrx_word' id='word_1_570' title='bbox 1961 3660 2019 3711; x_wconf 91' lang='lat' dir='ltr'>et</span> <span class='ocrx_word' id='word_1_571' title='bbox 2048 3655 2108 3710; x_wconf 91' lang='lat' dir='ltr'>in</span> <span class='ocrx_word' id='word_1_572' title='bbox 2140 3655 2302 3710; x_wconf 89' lang='lat' dir='ltr'>illam</span> <span class='ocrx_word' id='word_1_573' title='bbox 2329 3654 2542 3711; x_wconf 89' lang='lat' dir='ltr'>iterum</span> <span class='ocrx_word' id='word_1_574' title='bbox 2575 3654 2969 3710; x_wconf 86' lang='lat' dir='ltr'>resolvuntur.</span> <span class='ocrx_word' id='word_1_575' title='bbox 2994 3653 3202 3708; x_wconf 64' lang='lat' dir='ltr'>Coateri</span> <span class='ocrx_word' id='word_1_576' title='bbox 3226 3657 3479 3725; x_wconf 86' lang='lat' dir='ltr'>quatuor</span> <span class='ocrx_word' id='word_1_577' title='bbox 3508 3653 3622 3708; x_wconf 84' lang='lat' dir='ltr'>ista</span> 
     </span>
    </p>
   </div>
   <div class='ocr_carea' id='block_1_81' title="bbox 1962 3740 3618 3816">
    <p class='ocr_par' dir='ltr' id='par_1_81' title="bbox 1962 3740 3618 3816">
     <span class='ocr_line' id='line_1_81' title="bbox 1962 3740 3618 3816; baseline -0.002 -16"><span class='ocrx_word' id='word_1_578' title='bbox 1962 3762 2158 3801; x_wconf 90' lang='lat' dir='ltr'>rerum</span> <span class='ocrx_word' id='word_1_579' title='bbox 2213 3759 2344 3800; x_wconf 88' lang='lat' dir='ltr'>esse</span> <span class='ocrx_word' id='word_1_580' title='bbox 2395 3744 2682 3816; x_wconf 85' lang='lat' dir='ltr'>principia</span> <span class='ocrx_word' id='word_1_581' title='bbox 2733 3746 3088 3799; x_wconf 87' lang='lat' dir='ltr'>statuerunt.</span> <span class='ocrx_word' id='word_1_582' title='bbox 3122 3741 3285 3798; x_wconf 89' lang='lat' dir='ltr'>Plato</span> <span class='ocrx_word' id='word_1_583' title='bbox 3332 3740 3618 3813; x_wconf 88' lang='lat' dir='ltr'>principia</span> 
     </span>
    </p>
   </div>
   <div class='ocr_carea' id='block_1_82' title="bbox 1960 3833 3611 3904">
    <p class='ocr_par' dir='ltr' id='par_1_82' title="bbox 1960 3833 3611 3904">
     <span class='ocr_line' id='line_1_82' title="bbox 1960 3833 3611 3904; baseline -0.003 -15"><span class='ocrx_word' id='word_1_584' title='bbox 1960 3850 2090 3889; x_wconf 90' lang='lat' dir='ltr'>esse</span> <span class='ocrx_word' id='word_1_585' title='bbox 2120 3833 2355 3889; x_wconf 83' lang='lat' dir='ltr'>docuit:</span> <span class='ocrx_word' id='word_1_586' title='bbox 2388 3838 2590 3899; x_wconf 89' lang='lat' dir='ltr'>Deum,</span> <span class='ocrx_word' id='word_1_587' title='bbox 2617 3838 2902 3904; x_wconf 87' lang='lat' dir='ltr'>tanquam</span> <span class='ocrx_word' id='word_1_588' title='bbox 2934 3835 3160 3903; x_wconf 85' lang='lat' dir='ltr'>patrem</span> <span class='ocrx_word' id='word_1_589' title='bbox 3191 3836 3251 3886; x_wconf 91' lang='lat' dir='ltr'>et</span> <span class='ocrx_word' id='word_1_590' title='bbox 3281 3835 3611 3899; x_wconf 87' lang='lat' dir='ltr'>auctorem;</span> 
     </span>
    </p>
   </div>
   <div class='ocr_carea' id='block_1_83' title="bbox 1961 3918 3614 3994">
    <p class='ocr_par' dir='ltr' id='par_1_83' title="bbox 1961 3918 3614 3994">
     <span class='ocr_line' id='line_1_83' title="bbox 1961 3918 3614 3994; baseline -0.001 -16"><span class='ocrx_word' id='word_1_591' title='bbox 1961 3923 2288 3990; x_wconf 88' lang='lat' dir='ltr'>materiam,</span> <span class='ocrx_word' id='word_1_592' title='bbox 2325 3927 2390 3978; x_wconf 89' lang='lat' dir='ltr'>ut</span> <span class='ocrx_word' id='word_1_593' title='bbox 2421 3938 2547 3994; x_wconf 70' lang='lat' dir='ltr'>qua:</span> <span class='ocrx_word' id='word_1_594' title='bbox 2575 3920 2886 3979; x_wconf 83' lang='lat' dir='ltr'>creationis</span> <span class='ocrx_word' id='word_1_595' title='bbox 2918 3938 3066 3993; x_wconf 84' lang='lat' dir='ltr'>Opus</span> <span class='ocrx_word' id='word_1_596' title='bbox 3096 3922 3157 3976; x_wconf 92' lang='lat' dir='ltr'>in</span> <span class='ocrx_word' id='word_1_597' title='bbox 3188 3938 3251 3977; x_wconf 90' lang='lat' dir='ltr'>se</span> <span class='ocrx_word' id='word_1_598' title='bbox 3281 3918 3542 3992; x_wconf 89' lang='lat' dir='ltr'>recipiat,</span> <span class='ocrx_word' id='word_1_599' title='bbox 3558 3923 3614 3976; x_wconf 91' lang='lat' dir='ltr'>et</span> 
     </span>
    </p>
   </div>
   <div class='ocr_carea' id='block_1_84' title="bbox 1959 4009 3612 4082">
    <p class='ocr_par' dir='ltr' id='par_1_84' title="bbox 1959 4009 3612 4082">
     <span class='ocr_line' id='line_1_84' title="bbox 1959 4009 3612 4082; baseline -0.002 -15"><span class='ocrx_word' id='word_1_600' title='bbox 1959 4012 2359 4068; x_wconf 87' lang='lat' dir='ltr'>ideam.Vocat</span> <span class='ocrx_word' id='word_1_601' title='bbox 2382 4016 2577 4068; x_wconf 88' lang='lat' dir='ltr'>autem</span> <span class='ocrx_word' id='word_1_602' title='bbox 2601 4011 2790 4066; x_wconf 85' lang='lat' dir='ltr'>ideam</span> <span class='ocrx_word' id='word_1_603' title='bbox 2818 4009 3065 4082; x_wconf 89' lang='lat' dir='ltr'>primam</span> <span class='ocrx_word' id='word_1_604' title='bbox 3088 4009 3528 4081; x_wconf 86' lang='lat' dir='ltr'>conceptionem</span> <span class='ocrx_word' id='word_1_605' title='bbox 3550 4009 3612 4064; x_wconf 89' lang='lat' dir='ltr'>in</span> 
     </span>
    </p>
   </div>
   <div class='ocr_carea' id='block_1_85' title="bbox 1958 4098 3615 4172">
    <p class='ocr_par' dir='ltr' id='par_1_85' title="bbox 1958 4098 3615 4172">
     <span class='ocr_line' id='line_1_85' title="bbox 1958 4098 3615 4172; baseline -0.002 -15"><span class='ocrx_word' id='word_1_606' title='bbox 1958 4106 2091 4168; x_wconf 90' lang='lat' dir='ltr'>Deo,</span> <span class='ocrx_word' id='word_1_607' title='bbox 2109 4105 2167 4157; x_wconf 90' lang='lat' dir='ltr'>et</span> <span class='ocrx_word' id='word_1_608' title='bbox 2185 4100 2540 4157; x_wconf 71' lang='lat' dir='ltr'>ineffabilem</span> <span class='ocrx_word' id='word_1_609' title='bbox 2568 4100 3043 4172; x_wconf 85' lang='lat' dir='ltr'>imaginationem</span> <span class='ocrx_word' id='word_1_610' title='bbox 3066 4103 3241 4172; x_wconf 88' lang='lat' dir='ltr'>atque</span> <span class='ocrx_word' id='word_1_611' title='bbox 3263 4098 3615 4155; x_wconf 79' lang='lat' dir='ltr'>oﬁ‘ormatio-</span> 
     </span>
    </p>
   </div>
   <div class='ocr_carea' id='block_1_86' title="bbox 1958 4186 3573 4262">
    <p class='ocr_par' dir='ltr' id='par_1_86' title="bbox 1958 4186 3573 4262">
     <span class='ocr_line' id='line_1_86' title="bbox 1958 4186 3573 4262; baseline -0.004 -15"><span class='ocrx_word' id='word_1_612' title='bbox 1958 4208 2114 4262; x_wconf 88' lang='lat' dir='ltr'>nem,</span> <span class='ocrx_word' id='word_1_613' title='bbox 2139 4191 2464 4248; x_wconf 87' lang='lat' dir='ltr'>secundum</span> <span class='ocrx_word' id='word_1_614' title='bbox 2498 4206 2673 4262; x_wconf 88' lang='lat' dir='ltr'>quam</span> <span class='ocrx_word' id='word_1_615' title='bbox 2707 4190 2996 4246; x_wconf 90' lang='lat' dir='ltr'>mundum</span> <span class='ocrx_word' id='word_1_616' title='bbox 3029 4189 3165 4245; x_wconf 86' lang='lat' dir='ltr'>fecit</span> <span class='ocrx_word' id='word_1_617' title='bbox 3194 4204 3260 4245; x_wconf 89' lang='lat' dir='ltr'>ac</span> <span class='ocrx_word' id='word_1_618' title='bbox 3290 4186 3573 4246; x_wconf 90' lang='lat' dir='ltr'>condidit.</span> 
     </span>
    </p>
   </div>
   <div class='ocr_carea' id='block_1_87' title="bbox 2541 4298 3027 4354">
    <p class='ocr_par' dir='ltr' id='par_1_87' title="bbox 2541 4298 3027 4354">
     <span class='ocr_line' id='line_1_87' title="bbox 2541 4298 3027 4354; baseline 0 -2"><span class='ocrx_word' id='word_1_619' title='bbox 2541 4299 2631 4353; x_wconf 87' lang='grc'>61.</span> <span class='ocrx_word' id='word_1_620' title='bbox 2666 4300 2740 4354; x_wconf 81' lang='lat' dir='ltr'>De</span> <span class='ocrx_word' id='word_1_621' title='bbox 2768 4298 3027 4354; x_wconf 82' lang='lat' dir='ltr'>materia.</span> 
     </span>
    </p>
   </div>
   <div class='ocr_carea' id='block_1_88' title="bbox 2028 4383 3608 4456">
    <p class='ocr_par' dir='ltr' id='par_1_88' title="bbox 2028 4383 3608 4456">
     <span class='ocr_line' id='line_1_88' title="bbox 2028 4383 3608 4456; baseline -0.003 -13"><span class='ocrx_word' id='word_1_622' title='bbox 2028 4387 2269 4443; x_wconf 87' lang='lat' dir='ltr'>Materia</span> <span class='ocrx_word' id='word_1_623' title='bbox 2298 4392 2387 4443; x_wconf 89' lang='lat' dir='ltr'>est</span> <span class='ocrx_word' id='word_1_624' title='bbox 2419 4404 2533 4454; x_wconf 86' lang='lat' dir='ltr'>res,</span> <span class='ocrx_word' id='word_1_625' title='bbox 2566 4391 2631 4443; x_wconf 90' lang='lat' dir='ltr'>ut</span> <span class='ocrx_word' id='word_1_626' title='bbox 2659 4388 2741 4444; x_wconf 90' lang='lat' dir='ltr'>ita</span> <span class='ocrx_word' id='word_1_627' title='bbox 2770 4386 2983 4453; x_wconf 88' lang='lat' dir='ltr'>dicam,</span> <span class='ocrx_word' id='word_1_628' title='bbox 3016 4383 3449 4455; x_wconf 89' lang='lat' dir='ltr'>immaterialis,</span> <span class='ocrx_word' id='word_1_629' title='bbox 3482 4400 3608 4456; x_wconf 81' lang='lat' dir='ltr'>quae</span> 
     </span>
    </p>
   </div>
   <div class='ocr_carea' id='block_1_89' title="bbox 1956 4474 3607 4550">
    <p class='ocr_par' dir='ltr' id='par_1_89' title="bbox 1956 4474 3607 4550">
     <span class='ocr_line' id='line_1_89' title="bbox 1956 4474 3607 4550; baseline -0.002 -18"><span class='ocrx_word' id='word_1_630' title='bbox 1956 4493 2135 4533; x_wconf 87' lang='lat' dir='ltr'>sensu</span> <span class='ocrx_word' id='word_1_631' title='bbox 2166 4494 2281 4533; x_wconf 88' lang='lat' dir='ltr'>non</span> <span class='ocrx_word' id='word_1_632' title='bbox 2314 4477 2752 4550; x_wconf 88' lang='lat' dir='ltr'>comprehendi,</span> <span class='ocrx_word' id='word_1_633' title='bbox 2787 4477 2888 4533; x_wconf 90' lang='lat' dir='ltr'>sed</span> <span class='ocrx_word' id='word_1_634' title='bbox 2927 4474 3053 4533; x_wconf 86' lang='lat' dir='ltr'>sola</span> <span class='ocrx_word' id='word_1_635' title='bbox 3090 4474 3445 4549; x_wconf 83' lang='lat' dir='ltr'>cogitatione</span> <span class='ocrx_word' id='word_1_636' title='bbox 3474 4490 3607 4546; x_wconf 88' lang='lat' dir='ltr'>per-</span> 
     </span>
    </p>
   </div>
   <div class='ocr_carea' id='block_1_90' title="bbox 1956 4563 3607 4639">
    <p class='ocr_par' dir='ltr' id='par_1_90' title="bbox 1956 4563 3607 4639">
     <span class='ocr_line' id='line_1_90' title="bbox 1956 4563 3607 4639; baseline -0.002 -18"><span class='ocrx_word' id='word_1_637' title='bbox 1956 4565 2068 4638; x_wconf 89' lang='lat' dir='ltr'>cipi</span> <span class='ocrx_word' id='word_1_638' title='bbox 2130 4571 2339 4638; x_wconf 86' lang='lat' dir='ltr'>potest.</span> <span class='ocrx_word' id='word_1_639' title='bbox 2397 4567 2672 4624; x_wconf 90' lang='lat' dir='ltr'>Omnium</span> <span class='ocrx_word' id='word_1_640' title='bbox 2729 4567 2953 4623; x_wconf 91' lang='lat' dir='ltr'>entium</span> <span class='ocrx_word' id='word_1_641' title='bbox 3020 4570 3422 4639; x_wconf 88' lang='lat' dir='ltr'>postremum,</span> <span class='ocrx_word' id='word_1_642' title='bbox 3479 4563 3607 4619; x_wconf 89' lang='lat' dir='ltr'>sine</span> 
     </span>
    </p>
   </div>
   <div class='ocr_carea' id='block_1_91' title="bbox 192 4637 1861 4736">
    <p class='ocr_par' dir='ltr' id='par_1_91' title="bbox 192 4637 1847 4736">
     <span class='ocr_line' id='line_1_91' title="bbox 192 4637 1847 4736; baseline 0.015 -44"><span class='ocrx_word' id='word_1_643' title='bbox 192 4637 447 4736; x_wconf 61' lang='grc' dir='ltr'>ἆνοόσιος</span> <span class='ocrx_word' id='word_1_644' title='bbox 484 4644 595 4736; x_wconf 35' lang='grc' dir='ltr'>’καὶ</span> <span class='ocrx_word' id='word_1_645' title='bbox 644 4642 871 4722; x_wconf 74' lang='grc' dir='ltr'>ὕμαρςις</span> <span class='ocrx_word' id='word_1_646' title='bbox 928 4648 1284 4728; x_wconf 82' lang='grc' dir='ltr'>ἀνύπαρκτος.</span> <span class='ocrx_word' id='word_1_647' title='bbox 1318 4657 1440 4714; x_wconf 75' lang='grc' dir='ltr'>Ἐὰν</span> <span class='ocrx_word' id='word_1_648' title='bbox 1498 4637 1847 4736; x_wconf 23' lang='grc' dir='ltr'>γὰρ-ἀνέλῃς</span> 
     </span>
    </p>
   </div>
   <div class='ocr_carea' id='block_1_92' title="bbox 1980 4637 3606 4736">
    <p class='ocr_par' dir='ltr' id='par_1_92' title="bbox 1980 4653 3606 4729">
     <span class='ocr_line' id='line_1_92' title="bbox 1980 4653 3606 4729; baseline 0 -19"><span class='ocrx_word' id='word_1_649' title='bbox 1980 4655 2168 4725; x_wconf 88' lang='lat' dir='ltr'>&#39;orma,</span> <span class='ocrx_word' id='word_1_650' title='bbox 2198 4654 2326 4711; x_wconf 86' lang='lat' dir='ltr'>sine</span> <span class='ocrx_word' id='word_1_651' title='bbox 2373 4656 2586 4728; x_wconf 90' lang='lat' dir='ltr'>specie,</span> <span class='ocrx_word' id='word_1_652' title='bbox 2619 4658 2746 4713; x_wconf 92' lang='lat' dir='ltr'>sine</span> <span class='ocrx_word' id='word_1_653' title='bbox 2796 4657 2998 4729; x_wconf 83' lang='lat' dir='ltr'>ﬁgura,</span> <span class='ocrx_word' id='word_1_654' title='bbox 3033 4655 3289 4712; x_wconf 88' lang='lat' dir='ltr'>essentia</span> <span class='ocrx_word' id='word_1_655' title='bbox 3334 4653 3606 4712; x_wconf 72' lang='lat' dir='ltr'>essentim</span> 
     </span>
    </p>
   </div>
   <div class='ocr_carea' id='block_1_93' title="bbox 192 4728 1846 4822">
    <p class='ocr_par' dir='ltr' id='par_1_93' title="bbox 192 4728 1846 4822">
     <span class='ocr_line' id='line_1_93' title="bbox 192 4728 1846 4822; baseline 0.014 -40"><span class='ocrx_word' id='word_1_656' title='bbox 192 4728 369 4822; x_wconf 53' lang='grc' dir='ltr'>τυχόν</span> <span class='ocrx_word' id='word_1_657' title='bbox 403 4730 509 4786; x_wconf 85' lang='grc' dir='ltr'>ἀπὸ</span> <span class='ocrx_word' id='word_1_658' title='bbox 536 4736 643 4788; x_wconf 81' lang='grc' dir='ltr'>τῶν</span> <span class='ocrx_word' id='word_1_659' title='bbox 673 4738 940 4809; x_wconf 78' lang='grc' dir='ltr'>σωμάτων</span> <span class='ocrx_word' id='word_1_660' title='bbox 986 4740 1081 4804; x_wconf 76' lang='grc' dir='ltr'>τὰς</span> <span class='ocrx_word' id='word_1_661' title='bbox 1111 4737 1440 4816; x_wconf 88' lang='grc' dir='ltr'>ποσότητας,</span> <span class='ocrx_word' id='word_1_662' title='bbox 1478 4749 1575 4812; x_wconf 82' lang='grc' dir='ltr'>τὰς</span> <span class='ocrx_word' id='word_1_663' title='bbox 1609 4750 1846 4822; x_wconf 71' lang='grc' dir='ltr'>σ’χὲσεις,</span> 
     </span>
    </p>
   </div>
   <div class='ocr_carea' id='block_1_94' title="bbox 190 4812 1842 4909">
    <p class='ocr_par' dir='ltr' id='par_1_94' title="bbox 190 4812 1842 4909">
     <span class='ocr_line' id='line_1_94' title="bbox 190 4812 1842 4909; baseline 0.016 -40"><span class='ocrx_word' id='word_1_664' title='bbox 190 4816 288 4909; x_wconf 70' lang='grc' dir='ltr'>τάς</span> <span class='ocrx_word' id='word_1_665' title='bbox 318 4812 603 4909; x_wconf 44' lang='grc' dir='ltr'>ἕξεις,-τάς</span> <span class='ocrx_word' id='word_1_666' title='bbox 632 4824 858 4897; x_wconf 73' lang='grc' dir='ltr'>τροπὰς,</span> <span class='ocrx_word' id='word_1_667' title='bbox 909 4828 1007 4891; x_wconf 77' lang='grc' dir='ltr'>τὰς</span> <span class='ocrx_word' id='word_1_668' title='bbox 1053 4833 1312 4907; x_wconf 76' lang='grc' dir='ltr'>κινήσεις,</span> <span class='ocrx_word' id='word_1_669' title='bbox 1362 4835 1458 4899; x_wconf 77' lang='grc' dir='ltr'>τὰς</span> <span class='ocrx_word' id='word_1_670' title='bbox 1489 4812 1842 4909; x_wconf 52' lang='grc' dir='ltr'>ἀλλοῖώσεις,</span> 
     </span>
    </p>
   </div>
   <div class='ocr_carea' id='block_1_95' title="bbox 189 4902 1843 5001">
    <p class='ocr_par' dir='ltr' id='par_1_95' title="bbox 189 4902 1843 5001">
     <span class='ocr_line' id='line_1_95' title="bbox 189 4902 1843 5001; baseline 0.016 -43"><span class='ocrx_word' id='word_1_671' title='bbox 189 4905 285 4966; x_wconf 75' lang='grc' dir='ltr'>τὰς</span> <span class='ocrx_word' id='word_1_672' title='bbox 314 4902 661 5001; x_wconf 45' lang='lat' dir='ltr'>fis-101601711,</span> <span class='ocrx_word' id='word_1_673' title='bbox 712 4918 815 4967; x_wconf 77' lang='grc' dir='ltr'>πᾶν</span> <span class='ocrx_word' id='word_1_674' title='bbox 864 4908 1046 4993; x_wconf 78' lang='grc' dir='ltr'>ἕτερον</span> <span class='ocrx_word' id='word_1_675' title='bbox 1093 4918 1272 4975; x_wconf 86' lang='grc' dir='ltr'>ὁτιουν</span> <span class='ocrx_word' id='word_1_676' title='bbox 1325 4922 1388 4977; x_wconf 87' lang='grc' dir='ltr'>τὸ</span> <span class='ocrx_word' id='word_1_677' title='bbox 1444 4902 1843 5001; x_wconf 52' lang='grc' dir='ltr'>καταλειπόμεί·</span> 
     </span>
    </p>
   </div>
   <div class='ocr_carea' id='block_1_96' title="bbox 188 4990 1841 5089">
    <p class='ocr_par' dir='ltr' id='par_1_96' title="bbox 188 4990 1841 5089">
     <span class='ocr_line' id='line_1_96' title="bbox 188 4990 1841 5089; baseline 0.015 -43"><span class='ocrx_word' id='word_1_678' title='bbox 188 5013 282 5048; x_wconf 90' lang='grc' dir='ltr'>νον</span> <span class='ocrx_word' id='word_1_679' title='bbox 311 4990 419 5089; x_wconf 76' lang='grc' dir='ltr'>ὕλη</span> <span class='ocrx_word' id='word_1_680' title='bbox 454 4994 626 5057; x_wconf 75' lang='grc' dir='ltr'>ἐστίν.</span> <span class='ocrx_word' id='word_1_681' title='bbox 670 5002 795 5057; x_wconf 81' lang='grc' dir='ltr'>Ἐὰν</span> <span class='ocrx_word' id='word_1_682' title='bbox 850 4990 961 5081; x_wconf 79' lang='grc' dir='ltr'>γὰρ</span> <span class='ocrx_word' id='word_1_683' title='bbox 1007 5004 1201 5083; x_wconf 79' lang='grc' dir='ltr'>ἀνέλῃς</span> <span class='ocrx_word' id='word_1_684' title='bbox 1257 5008 1363 5065; x_wconf 84' lang='grc' dir='ltr'>ἀπὸ</span> <span class='ocrx_word' id='word_1_685' title='bbox 1418 5017 1516 5067; x_wconf 80' lang='grc' dir='ltr'>τοῦ</span> <span class='ocrx_word' id='word_1_686' title='bbox 1546 5015 1717 5089; x_wconf 88' lang='grc' dir='ltr'>πυρὸς</span> <span class='ocrx_word' id='word_1_687' title='bbox 1743 4990 1841 5086; x_wconf 76' lang='grc' dir='ltr'>τὴν</span> 
     </span>
    </p>
   </div>
   <div class='ocr_carea' id='block_1_97' title="bbox 192 5082 1840 5178">
    <p class='ocr_par' dir='ltr' id='par_1_97' title="bbox 192 5082 1840 5178">
     <span class='ocr_line' id='line_1_97' title="bbox 192 5082 1840 5178; baseline 0.013 -42"><span class='ocrx_word' id='word_1_688' title='bbox 192 5082 511 5178; x_wconf 58' lang='grc' dir='ltr'>ρερμότητα</span> <span class='ocrx_word' id='word_1_689' title='bbox 565 5089 656 5143; x_wconf 83' lang='grc' dir='ltr'>καὶ</span> <span class='ocrx_word' id='word_1_690' title='bbox 704 5092 802 5161; x_wconf 74' lang='grc' dir='ltr'>τήν</span> <span class='ocrx_word' id='word_1_691' title='bbox 845 5082 1153 5170; x_wconf 80' lang='grc' dir='ltr'>ξηρότητα,</span> <span class='ocrx_word' id='word_1_692' title='bbox 1175 5098 1265 5152; x_wconf 85' lang='grc' dir='ltr'>καὶ</span> <span class='ocrx_word' id='word_1_693' title='bbox 1297 5098 1402 5155; x_wconf 89' lang='grc' dir='ltr'>ἀπὸ</span> <span class='ocrx_word' id='word_1_694' title='bbox 1430 5104 1528 5156; x_wconf 86' lang='lat'>106</span> <span class='ocrx_word' id='word_1_695' title='bbox 1559 5082 1714 5178; x_wconf 77' lang='grc' dir='ltr'>ἀέρος</span> <span class='ocrx_word' id='word_1_696' title='bbox 1744 5082 1840 5173; x_wconf 60' lang='grc' dir='ltr'>την</span> 
     </span>
    </p>
   </div>
   <div class='ocr_carea' id='block_1_98' title="bbox 191 5172 1846 5259">
    <p class='ocr_par' dir='ltr' id='par_1_98' title="bbox 191 5172 1846 5259">
     <span class='ocr_line' id='line_1_98' title="bbox 191 5172 1846 5259; baseline 0.014 -33"><span class='ocrx_word' id='word_1_697' title='bbox 191 5172 509 5246; x_wconf 81' lang='grc' dir='ltr'>θερμότητα</span> <span class='ocrx_word' id='word_1_698' title='bbox 554 5179 645 5232; x_wconf 85' lang='grc' dir='ltr'>καὶ</span> <span class='ocrx_word' id='word_1_699' title='bbox 690 5182 790 5250; x_wconf 78' lang='grc' dir='ltr'>τήν</span> <span class='ocrx_word' id='word_1_700' title='bbox 859 5182 1149 5259; x_wconf 83' lang='grc' dir='ltr'>ὑγρότητα,</span> <span class='ocrx_word' id='word_1_701' title='bbox 1207 5186 1297 5242; x_wconf 88' lang='grc' dir='ltr'>καὶ</span> <span class='ocrx_word' id='word_1_702' title='bbox 1353 5188 1460 5246; x_wconf 84' lang='grc' dir='ltr'>ἀπὸ</span> <span class='ocrx_word' id='word_1_703' title='bbox 1496 5196 1594 5246; x_wconf 90' lang='lat'>106</span> <span class='ocrx_word' id='word_1_704' title='bbox 1652 5189 1846 5255; x_wconf 75' lang='grc' dir='ltr'>ὕδατος</span> 
     </span>
    </p>
   </div>
   <div class='ocr_carea' id='block_1_99' title="bbox 189 5262 1840 5356">
    <p class='ocr_par' dir='ltr' id='par_1_99' title="bbox 189 5262 1840 5356">
     <span class='ocr_line' id='line_1_99' title="bbox 189 5262 1840 5356; baseline 0.016 -43"><span class='ocrx_word' id='word_1_705' title='bbox 189 5262 649 5356; x_wconf 41' lang='grc' dir='ltr'>τήν-ψυχρότητα</span> <span class='ocrx_word' id='word_1_706' title='bbox 677 5270 767 5324; x_wconf 77' lang='grc' dir='ltr'>καὶ</span> <span class='ocrx_word' id='word_1_707' title='bbox 812 5271 912 5341; x_wconf 73' lang='grc' dir='ltr'>τὴν</span> <span class='ocrx_word' id='word_1_708' title='bbox 958 5272 1250 5350; x_wconf 83' lang='grc' dir='ltr'>ὑγρότητα,</span> <span class='ocrx_word' id='word_1_709' title='bbox 1281 5279 1344 5332; x_wconf 89' lang='lat'>16</span> <span class='ocrx_word' id='word_1_710' title='bbox 1374 5276 1604 5356; x_wconf 81' lang='grc' dir='ltr'>ἔσχατον</span> <span class='ocrx_word' id='word_1_711' title='bbox 1636 5281 1840 5338; x_wconf 83' lang='grc' dir='ltr'>τούτων</span> 
     </span>
    </p>
   </div>
   <div class='ocr_carea' id='block_1_100' title="bbox 194 5348 882 5430">
    <p class='ocr_par' dir='ltr' id='par_1_100' title="bbox 194 5348 882 5430">
     <span class='ocr_line' id='line_1_100' title="bbox 194 5348 882 5430; baseline 0.019 -26"><span class='ocrx_word' id='word_1_712' title='bbox 194 5348 551 5430; x_wconf 68' lang='grc' dir='ltr'>ὑπολειφθὲν,</span> <span class='ocrx_word' id='word_1_713' title='bbox 584 5354 690 5428; x_wconf 79' lang='grc' dir='ltr'>ὕλη</span> <span class='ocrx_word' id='word_1_714' title='bbox 716 5356 882 5417; x_wconf 79' lang='grc' dir='ltr'>ἐστίν.</span> 
     </span>
    </p>
   </div>
   <div class='ocr_carea' id='block_1_101' title="bbox 778 5449 1284 5527">
    <p class='ocr_par' dir='ltr' id='par_1_101' title="bbox 778 5449 1284 5527">
     <span class='ocr_line' id='line_1_101' title="bbox 778 5449 1284 5527; baseline 0.006 -20"><span class='ocrx_word' id='word_1_715' title='bbox 912 5452 1037 5527; x_wconf 85' lang='grc' dir='ltr'>Ηερὶ</span> <span class='ocrx_word' id='word_1_716' title='bbox 1072 5453 1284 5514; x_wconf 82' lang='grc' dir='ltr'>αἰτιῶν.</span> 
     </span>
    </p>
   </div>
   <div class='ocr_carea' id='block_1_102' title="bbox 263 5528 1843 5624">
    <p class='ocr_par' dir='ltr' id='par_1_102' title="bbox 263 5528 1843 5624">
     <span class='ocr_line' id='line_1_102' title="bbox 263 5528 1843 5624; baseline 0.015 -42"><span class='ocrx_word' id='word_1_717' title='bbox 485 5532 514 5587; x_wconf 88' lang='lat'>6</span> <span class='ocrx_word' id='word_1_718' title='bbox 562 5533 661 5624; x_wconf 48' lang='grc' dir='ltr'>μὲν</span> <span class='ocrx_word' id='word_1_719' title='bbox 710 5536 1099 5613; x_wconf 70' lang='grc' dir='ltr'>Ἀριστοτιλης</span> <span class='ocrx_word' id='word_1_720' title='bbox 1144 5545 1404 5621; x_wconf 77' lang='grc' dir='ltr'>τέσσαρας</span> <span class='ocrx_word' id='word_1_721' title='bbox 1446 5544 1780 5624; x_wconf 79' lang='grc' dir='ltr'>δογματίζει,</span> <span class='ocrx_word' id='word_1_722' title='bbox 1814 5550 1843 5604; x_wconf 89' lang='lat'>6</span> 
     </span>
    </p>
   </div>
   <div class='ocr_carea' id='block_1_103' title="bbox 193 5615 1838 5710">
    <p class='ocr_par' dir='ltr' id='par_1_103' title="bbox 193 5615 1838 5710">
     <span class='ocr_line' id='line_1_103' title="bbox 193 5615 1838 5710; baseline 0.012 -35"><span class='ocrx_word' id='word_1_723' title='bbox 282 5617 516 5676; x_wconf 72' lang='grc' dir='ltr'>Πλάτων</span> <span class='ocrx_word' id='word_1_724' title='bbox 558 5619 632 5697; x_wconf 80' lang='grc' dir='ltr'>ἔξ.</span> <span class='ocrx_word' id='word_1_725' title='bbox 668 5626 819 5682; x_wconf 81' lang='grc' dir='ltr'>Ἐστι</span> <span class='ocrx_word' id='word_1_726' title='bbox 857 5625 914 5684; x_wconf 76' lang='lat' dir='ltr'>6‘s</span> <span class='ocrx_word' id='word_1_727' title='bbox 944 5628 1091 5686; x_wconf 78' lang='grc' dir='ltr'>αἰτία</span> <span class='ocrx_word' id='word_1_728' title='bbox 1111 5615 1424 5709; x_wconf 72' lang='grc' dir='ltr'>πρώτημὲν</span> <span class='ocrx_word' id='word_1_729' title='bbox 1458 5640 1493 5707; x_wconf 78' lang='grc' dir='ltr'><strong>ἡ</strong></span> <span class='ocrx_word' id='word_1_730' title='bbox 1523 5615 1789 5710; x_wconf 63' lang='grc' dir='ltr'>ποιητικῆ</span> <span class='ocrx_word' id='word_1_731' title='bbox 1826 5661 1838 5673; x_wconf 92' lang='grc'><strong>·</strong></span> 
     </span>
    </p>
   </div>
   <div class='ocr_carea' id='block_1_104' title="bbox 193 5707 1843 5801">
    <p class='ocr_par' dir='ltr' id='par_1_104' title="bbox 193 5707 1843 5801">
     <span class='ocr_line' id='line_1_104' title="bbox 193 5707 1843 5801; baseline 0.012 -34"><span class='ocrx_word' id='word_1_732' title='bbox 193 5707 375 5784; x_wconf 79' lang='grc' dir='ltr'>ὥσπιρ</span> <span class='ocrx_word' id='word_1_733' title='bbox 426 5714 528 5778; x_wconf 80' lang='grc' dir='ltr'>τῆς</span> <span class='ocrx_word' id='word_1_734' title='bbox 572 5711 765 5787; x_wconf 86' lang='grc' dir='ltr'>κλίνης</span> <span class='ocrx_word' id='word_1_735' title='bbox 819 5722 1036 5793; x_wconf 85' lang='grc' dir='ltr'>πρῶτον</span> <span class='ocrx_word' id='word_1_736' title='bbox 1094 5707 1264 5779; x_wconf 75' lang='grc' dir='ltr'>αἴτιον</span> <span class='ocrx_word' id='word_1_737' title='bbox 1394 5707 1736 5801; x_wconf 33' lang='grc' dir='ltr'>κλινοποι-ὸς,</span> <span class='ocrx_word' id='word_1_738' title='bbox 1768 5707 1843 5796; x_wconf 75' lang='grc' dir='ltr'>ὧς</span> 
     </span>
    </p>
   </div>
   <div class='ocr_carea' id='block_1_105' title="bbox 1956 4744 3603 4817">
    <p class='ocr_par' dir='ltr' id='par_1_105' title="bbox 1956 4744 3603 4817">
     <span class='ocr_line' id='line_1_105' title="bbox 1956 4744 3603 4817; baseline 0.001 -17"><span class='ocrx_word' id='word_1_739' title='bbox 1956 4760 2162 4817; x_wconf 88' lang='lat' dir='ltr'>expers</span> <span class='ocrx_word' id='word_1_740' title='bbox 2192 4749 2249 4800; x_wconf 92' lang='lat' dir='ltr'>et</span> <span class='ocrx_word' id='word_1_741' title='bbox 2282 4745 2616 4801; x_wconf 86' lang='lat' dir='ltr'>substantia</span> <span class='ocrx_word' id='word_1_742' title='bbox 2645 4747 2769 4801; x_wconf 89' lang='lat' dir='ltr'>sine</span> <span class='ocrx_word' id='word_1_743' title='bbox 2801 4745 3155 4802; x_wconf 87' lang='lat' dir='ltr'>substantia.</span> <span class='ocrx_word' id='word_1_744' title='bbox 3187 4745 3244 4800; x_wconf 88' lang='lat' dir='ltr'>Si</span> <span class='ocrx_word' id='word_1_745' title='bbox 3275 4745 3432 4801; x_wconf 91' lang='lat' dir='ltr'>enim</span> <span class='ocrx_word' id='word_1_746' title='bbox 3467 4744 3603 4801; x_wconf 85' lang='lat' dir='ltr'>abs-</span> 
     </span>
    </p>
   </div>
   <div class='ocr_carea' id='block_1_106' title="bbox 1953 4833 3600 4905">
    <p class='ocr_par' dir='ltr' id='par_1_106' title="bbox 1953 4833 3600 4905">
     <span class='ocr_line' id='line_1_106' title="bbox 1953 4833 3600 4905; baseline 0.001 -16"><span class='ocrx_word' id='word_1_747' title='bbox 1953 4834 2155 4892; x_wconf 87' lang='lat' dir='ltr'>trahas</span> <span class='ocrx_word' id='word_1_748' title='bbox 2205 4851 2238 4889; x_wconf 92' lang='lat' dir='ltr'>a</span> <span class='ocrx_word' id='word_1_749' title='bbox 2286 4850 2525 4905; x_wconf 89' lang='lat' dir='ltr'>corpore</span> <span class='ocrx_word' id='word_1_750' title='bbox 2581 4834 2919 4905; x_wconf 87' lang='lat' dir='ltr'>qualitates,</span> <span class='ocrx_word' id='word_1_751' title='bbox 2963 4834 3299 4901; x_wconf 89' lang='lat' dir='ltr'>relationes,</span> <span class='ocrx_word' id='word_1_752' title='bbox 3341 4833 3600 4901; x_wconf 89' lang='lat' dir='ltr'>habitus,</span> 
     </span>
    </p>
   </div>
   <div class='ocr_carea' id='block_1_107' title="bbox 1956 4923 3602 4994">
    <p class='ocr_par' dir='ltr' id='par_1_107' title="bbox 1956 4923 3602 4994">
     <span class='ocr_line' id='line_1_107' title="bbox 1956 4923 3602 4994; baseline -0.001 -13"><span class='ocrx_word' id='word_1_753' title='bbox 1956 4926 2182 4993; x_wconf 90' lang='lat' dir='ltr'>modos,</span> <span class='ocrx_word' id='word_1_754' title='bbox 2250 4928 2467 4994; x_wconf 87' lang='lat' dir='ltr'>motus,</span> <span class='ocrx_word' id='word_1_755' title='bbox 2536 4923 2933 4994; x_wconf 84' lang='lat' dir='ltr'>alterationes,</span> <span class='ocrx_word' id='word_1_756' title='bbox 3000 4924 3377 4990; x_wconf 89' lang='lat' dir='ltr'>mutationes,</span> <span class='ocrx_word' id='word_1_757' title='bbox 3444 4923 3602 4979; x_wconf 86' lang='lat' dir='ltr'>aliud</span> 
     </span>
    </p>
   </div>
   <div class='ocr_carea' id='block_1_108' title="bbox 1954 5011 3604 5086">
    <p class='ocr_par' dir='ltr' id='par_1_108' title="bbox 1954 5011 3604 5086">
     <span class='ocr_line' id='line_1_108' title="bbox 1954 5011 3604 5086; baseline -0.002 -16"><span class='ocrx_word' id='word_1_758' title='bbox 1954 5014 2370 5086; x_wconf 84' lang='lat' dir='ltr'>quodcunque,</span> <span class='ocrx_word' id='word_1_759' title='bbox 2404 5014 2559 5085; x_wconf 91' lang='lat' dir='ltr'>quod</span> <span class='ocrx_word' id='word_1_760' title='bbox 2608 5014 2959 5069; x_wconf 85' lang='lat' dir='ltr'>remanserit</span> <span class='ocrx_word' id='word_1_761' title='bbox 3005 5011 3251 5068; x_wconf 85' lang='lat' dir='ltr'>materia</span> <span class='ocrx_word' id='word_1_762' title='bbox 3296 5015 3404 5069; x_wconf 90' lang='lat' dir='ltr'>est.</span> <span class='ocrx_word' id='word_1_763' title='bbox 3438 5012 3524 5067; x_wconf 90' lang='lat' dir='ltr'>Ita</span> <span class='ocrx_word' id='word_1_764' title='bbox 3553 5011 3604 5067; x_wconf 92' lang='lat' dir='ltr'>si</span> 
     </span>
    </p>
   </div>
   <div class='ocr_carea' id='block_1_109' title="bbox 1953 5100 3607 5176">
    <p class='ocr_par' dir='ltr' id='par_1_109' title="bbox 1953 5100 3607 5176">
     <span class='ocr_line' id='line_1_109' title="bbox 1953 5100 3607 5176; baseline -0.002 -16"><span class='ocrx_word' id='word_1_765' title='bbox 1953 5105 2024 5160; x_wconf 87' lang='lat' dir='ltr'>ab</span> <span class='ocrx_word' id='word_1_766' title='bbox 2055 5104 2190 5176; x_wconf 86' lang='lat' dir='ltr'>igne</span> <span class='ocrx_word' id='word_1_767' title='bbox 2218 5120 2271 5160; x_wconf 85' lang='grc' dir='ltr'>ν.</span> <span class='ocrx_word' id='word_1_768' title='bbox 2300 5119 2357 5176; x_wconf 88' lang='lat' dir='ltr'>g.</span> <span class='ocrx_word' id='word_1_769' title='bbox 2393 5104 2744 5160; x_wconf 81' lang='lat' dir='ltr'>abstraxeris</span> <span class='ocrx_word' id='word_1_770' title='bbox 2776 5102 3029 5159; x_wconf 86' lang='lat' dir='ltr'>calorem</span> <span class='ocrx_word' id='word_1_771' title='bbox 3057 5106 3115 5158; x_wconf 90' lang='lat' dir='ltr'>et</span> <span class='ocrx_word' id='word_1_772' title='bbox 3144 5100 3501 5171; x_wconf 87' lang='lat' dir='ltr'>ariditatem,</span> <span class='ocrx_word' id='word_1_773' title='bbox 3533 5100 3607 5157; x_wconf 89' lang='lat' dir='ltr'>ab</span> 
     </span>
    </p>
   </div>
   <div class='ocr_carea' id='block_1_110' title="bbox 1953 5190 3609 5264">
    <p class='ocr_par' dir='ltr' id='par_1_110' title="bbox 1953 5190 3609 5264">
     <span class='ocr_line' id='line_1_110' title="bbox 1953 5190 3609 5264; baseline -0.002 -15"><span class='ocrx_word' id='word_1_774' title='bbox 1953 5209 2086 5249; x_wconf 89' lang='lat' dir='ltr'>aere</span> <span class='ocrx_word' id='word_1_775' title='bbox 2132 5193 2385 5250; x_wconf 88' lang='lat' dir='ltr'>calorem</span> <span class='ocrx_word' id='word_1_776' title='bbox 2438 5198 2494 5249; x_wconf 84' lang='lat' dir='ltr'>et</span> <span class='ocrx_word' id='word_1_777' title='bbox 2540 5193 2978 5264; x_wconf 89' lang='lat' dir='ltr'>humiditatem,</span> <span class='ocrx_word' id='word_1_778' title='bbox 3012 5192 3083 5249; x_wconf 89' lang='lat' dir='ltr'>ab</span> <span class='ocrx_word' id='word_1_779' title='bbox 3131 5207 3290 5264; x_wconf 89' lang='lat' dir='ltr'>aqua</span> <span class='ocrx_word' id='word_1_780' title='bbox 3334 5190 3519 5262; x_wconf 82' lang='lat' dir='ltr'>frigus</span> <span class='ocrx_word' id='word_1_781' title='bbox 3551 5194 3609 5246; x_wconf 90' lang='lat' dir='ltr'>et</span> 
     </span>
    </p>
   </div>
   <div class='ocr_carea' id='block_1_111' title="bbox 1953 5279 3608 5355">
    <p class='ocr_par' dir='ltr' id='par_1_111' title="bbox 1953 5279 3608 5355">
     <span class='ocr_line' id='line_1_111' title="bbox 1953 5279 3608 5355; baseline 0 -17"><span class='ocrx_word' id='word_1_782' title='bbox 1953 5282 2392 5352; x_wconf 79' lang='lat' dir='ltr'>humiditatem,</span> <span class='ocrx_word' id='word_1_783' title='bbox 2424 5287 2786 5355; x_wconf 88' lang='lat' dir='ltr'>postremum</span> <span class='ocrx_word' id='word_1_784' title='bbox 2838 5282 2997 5354; x_wconf 89' lang='lat' dir='ltr'>quod</span> <span class='ocrx_word' id='word_1_785' title='bbox 3048 5284 3319 5355; x_wconf 88' lang='lat' dir='ltr'>superest</span> <span class='ocrx_word' id='word_1_786' title='bbox 3361 5279 3608 5338; x_wconf 89' lang='lat' dir='ltr'>materia</span> 
     </span>
    </p>
   </div>
   <div class='ocr_carea' id='block_1_112' title="bbox 1954 5376 2062 5428">
    <p class='ocr_par' dir='ltr' id='par_1_112' title="bbox 1954 5376 2062 5428">
     <span class='ocr_line' id='line_1_112' title="bbox 1954 5376 2062 5428; baseline -0.028 0"><span class='ocrx_word' id='word_1_787' title='bbox 1954 5376 2062 5428; x_wconf 91' lang='lat' dir='ltr'>est.</span> 
     </span>
    </p>
   </div>
   <div class='ocr_carea' id='block_1_113' title="bbox 2554 5461 2996 5518">
    <p class='ocr_par' dir='ltr' id='par_1_113' title="bbox 2554 5461 2996 5518">
     <span class='ocr_line' id='line_1_113' title="bbox 2554 5461 2996 5518; baseline -0.009 0"><span class='ocrx_word' id='word_1_788' title='bbox 2554 5463 2644 5518; x_wconf 84' lang='lat'>62.</span> <span class='ocrx_word' id='word_1_789' title='bbox 2680 5463 2754 5518; x_wconf 80' lang='lat' dir='ltr'>De</span> <span class='ocrx_word' id='word_1_790' title='bbox 2795 5461 2996 5517; x_wconf 80' lang='lat' dir='ltr'>causis.</span> 
     </span>
    </p>
   </div>
   <div class='ocr_carea' id='block_1_114' title="bbox 2024 5549 3600 5625">
    <p class='ocr_par' dir='ltr' id='par_1_114' title="bbox 2024 5549 3600 5625">
     <span class='ocr_line' id='line_1_114' title="bbox 2024 5549 3600 5625; baseline 0.002 -20"><span class='ocrx_word' id='word_1_791' title='bbox 2024 5550 2242 5606; x_wconf 90' lang='lat' dir='ltr'>Causas</span> <span class='ocrx_word' id='word_1_792' title='bbox 2288 5550 2636 5608; x_wconf 85' lang='lat' dir='ltr'>Aristoteles</span> <span class='ocrx_word' id='word_1_793' title='bbox 2692 5554 2950 5625; x_wconf 86' lang='lat' dir='ltr'>quatuor</span> <span class='ocrx_word' id='word_1_794' title='bbox 3006 5549 3205 5616; x_wconf 88' lang='lat' dir='ltr'>tradit,</span> <span class='ocrx_word' id='word_1_795' title='bbox 3257 5549 3420 5607; x_wconf 88' lang='lat' dir='ltr'>Plato</span> <span class='ocrx_word' id='word_1_796' title='bbox 3479 5564 3600 5608; x_wconf 85' lang='lat' dir='ltr'>sex.</span> 
     </span>
    </p>
   </div>
   <div class='ocr_carea' id='block_1_115' title="bbox 1953 5638 3601 5713">
    <p class='ocr_par' dir='ltr' id='par_1_115' title="bbox 1953 5638 3601 5713">
     <span class='ocr_line' id='line_1_115' title="bbox 1953 5638 3601 5713; baseline 0.001 -19"><span class='ocrx_word' id='word_1_797' title='bbox 1953 5640 2147 5696; x_wconf 88' lang='lat' dir='ltr'>Prima</span> <span class='ocrx_word' id='word_1_798' title='bbox 2176 5646 2265 5697; x_wconf 89' lang='lat' dir='ltr'>est</span> <span class='ocrx_word' id='word_1_799' title='bbox 2295 5658 2475 5698; x_wconf 89' lang='lat' dir='ltr'>causa</span> <span class='ocrx_word' id='word_1_800' title='bbox 2504 5642 2785 5713; x_wconf 83' lang='lat' dir='ltr'>efﬁciens,</span> <span class='ocrx_word' id='word_1_801' title='bbox 2821 5644 2885 5696; x_wconf 91' lang='lat' dir='ltr'>ut</span> <span class='ocrx_word' id='word_1_802' title='bbox 2922 5638 3056 5696; x_wconf 88' lang='lat' dir='ltr'>lecti</span> <span class='ocrx_word' id='word_1_803' title='bbox 3086 5638 3274 5712; x_wconf 89' lang='lat' dir='ltr'>prima</span> <span class='ocrx_word' id='word_1_804' title='bbox 3302 5655 3481 5696; x_wconf 88' lang='lat' dir='ltr'>causa</span> <span class='ocrx_word' id='word_1_805' title='bbox 3510 5642 3601 5696; x_wconf 93' lang='lat' dir='ltr'>est</span> 
     </span>
    </p>
   </div>
   <div class='ocr_carea' id='block_1_116' title="bbox 1952 5727 3597 5807">
    <p class='ocr_par' dir='ltr' id='par_1_116' title="bbox 1952 5727 3597 5807">
     <span class='ocr_line' id='line_1_116' title="bbox 1952 5727 3597 5807; baseline 0.001 -21"><span class='ocrx_word' id='word_1_806' title='bbox 1952 5729 2051 5803; x_wconf 88' lang='lat' dir='ltr'>qui</span> <span class='ocrx_word' id='word_1_807' title='bbox 2101 5746 2235 5788; x_wconf 88' lang='lat' dir='ltr'>eum</span> <span class='ocrx_word' id='word_1_808' title='bbox 2293 5732 2547 5807; x_wconf 90' lang='lat' dir='ltr'>conﬁcit,</span> <span class='ocrx_word' id='word_1_809' title='bbox 2580 5734 2828 5807; x_wconf 84' lang='lat' dir='ltr'>ejusque</span> <span class='ocrx_word' id='word_1_810' title='bbox 2882 5734 2973 5789; x_wconf 88' lang='lat' dir='ltr'>est</span> <span class='ocrx_word' id='word_1_811' title='bbox 3028 5734 3250 5789; x_wconf 89' lang='lat' dir='ltr'>auctor.</span> <span class='ocrx_word' id='word_1_812' title='bbox 3281 5727 3597 5788; x_wconf 85' lang='lat' dir='ltr'>Materialis</span> 
     </span>
    </p>
   </div>
  </div>
