4072 6346
450 352 569 410 727

1773 339 1822 396 Μ
1835 337 1962 396 lCll
1977 340 2012 394 Α
2029 334 2200 394 ELIS
2245 333 2516 394 PSELLI

3743 334 3863 393 728

455 496 631 536 causa
666 477 797 534 lecti
847 479 935 532 est
980 474 1225 546 lignum,
1261 471 1388 527 sine
1421 469 1664 526 materia
1710 468 1864 524 enim
1899 465 2101 523 nullus

2232 465 2456 534 ποιητὴς
2487 462 2709 535 ταύτης.
2739 461 2951 520 ’Υλικὸν
3006 461 3062 520 δὲ
3105 461 3276 519 αἶ’τιον
3320 469 3422 534 τῆς
3451 461 3744 534 κλίνηξτὸ
3777 464 3862 534 εὖ·

458 568 648 626 lcctus
706 566 898 639 perﬁci
956 567 1166 635 potest.
1219 561 1504 617 Formalis
1533 565 1589 616 et
1630 560 1764 615 lecti
1816 559 2005 630 ﬁgura
2049 560 2106 611 et

461 661 612 714 idea.
649 654 861 712 Finalis
910 653 1182 722 denique,
1217 656 1279 706 ut
1310 651 1580 705 homines
1628 649 1686 703 in
1719 647 1816 702 illo
1849 647 2104 717 quietem

460 743 794 817 eapiant,ob
814 742 965 796 hanc
990 741 1202 812 quippe
1225 756 1463 794 causam
1488 737 1700 793 lectum
1728 736 2104 791 fabricamus.

462 836 557 891 Ha
589 836 726 888 sunt
747 838 1001 902 quatuor
1030 846 1216 883 causa:
1241 846 1388 900 quas
1420 828 1576 883 novit;
1599 825 1959 881 Aristoteles.
1984 823 2108 879 Illis

455 925 603 977 duas
635 919 777 974 alias
807 918 968 972 addit
1001 917 1197 972 Plato:
1232 916 1763 984 instrumentalem,
1790 919 1853 968 ut
1885 929 2104 968 serram

455 1016 513 1066 et
538 1010 861 1075 terebram,
897 1023 1144 1079 quorum
1178 1023 1284 1077 ope
1333 1007 1545 1061 lectum
1591 1004 2021 1076 componimus,
2053 1006 2110 1057 et

453 1098 867 1170 exemplarem,
900 1114 1027 1167 quae
1061 1095 1274 1167 duplex
1318 1101 1428 1164 est,
1462 1095 1546 1150 vel
1581 1094 1942 1150 extrinsecus
1975 1109 2109 1163 pro-

454 1189 666 1262 posita,
707 1188 777 1242 ad
830 1203 1007 1257 quam
1056 1186 1264 1240 artifex
1317 1186 1564 1257 quilibet
1615 1185 1752 1239 facit
1801 1182 1941 1238 artis
1992 1198 2110 1236 suae

455 1295 627 1349 opus,
657 1276 744 1331 vel
780 1293 906 1347 quae
948 1292 1016 1330 ex
1046 1279 1238 1330 mente
1283 1279 1338 1329 et
1387 1274 1736 1347 cogitatione
1785 1273 2113 1328 conforma-

459 1369 679 1424 tionem
712 1364 945 1437 accipit.

1069 1544 1156 1597 63.
1191 1544 1263 1597 De
1293 1543 1510 1613 ﬁguris.

538 1634 749 1703 Figura
779 1637 866 1687 est
897 1631 1152 1703 qualitas
1178 1649 1291 1702 qua
1325 1631 1874 1687 mathematicorum
1909 1647 2110 1702 corpo-

465 1740 597 1779 rum
631 1721 968 1792 superﬁcies
997 1721 1368 1776 describitur.
1396 1721 1872 1776 Mathematicum
1902 1737 2113 1792 corpus

2214 551 2313 608 λον
2347 575 2356 586 ·
2396 551 2516 608 ἄνευ
2544 554 2644 630 γὰρ
2678 552 2816 624 ὅλης
2851 553 2951 608 οὐκ
3003 552 3062 608 ἂν
3103 553 3314 629 γένοιτο
3343 552 3527 624 κλίνη.
3555 550 3778 607 Είδικὸν
3811 550 3865 608 δὶ

2215 650 2408 718 σχῆμα
2447 642 2648 713 ταύτης
2697 643 2787 698 καὶ
2826 646 2860 713 ἡ
2921 641 3056 698 ἰδέα.
3101 641 3332 700 Τελικὸν
3393 640 3449 698 δὲ
3507 645 3539 712 ἡ
3592 642 3645 697 ἐν
3697 642 3866 716 ταύτῃ

2212 736 2322 786 τῶν
2374 732 2674 808 ἀνθρώπων
2721 731 3039 803 ἀνάπαυσις,
3092 730 3177 786 διὰ
3222 732 3423 802 ταύτην
3473 733 3574 808 γὰρ
3635 732 3737 800 τήν
3783 731 3866 786 αἱ·

2213 821 2330 876 τίαν
2363 822 2458 889 τὴν
2519 821 2715 890 κλίνην
2774 820 3184 897 ἐξεργαζόμεθα.
3233 822 3292 873 Ὁ
3336 821 3436 894 μὶν
3476 818 3868 895 Ἀριστοτέλης

2213 909 2312 971 τὰς
2367 911 2627 985 τέσσαρας
2682 910 2876 971 ταύτας
2947 909 3123 972 αἲτίας
3195 907 3358 966 οἶδεν.
3415 915 3474 967 Ὁ
3523 907 3580 964 δὲ
3636 908 3868 965 Πλάτων

2218 999 2400 1068 ἐτέρας
2430 996 2524 1054 δύο
2557 1001 2908 1075 προστίθησι,
2931 1000 3030 1069 τὴν
3077 999 3390 1075 ὀργανικὴν,
3435 1001 3548 1054 οἷον
3588 1000 3682 1053 τὸν
3715 999 3871 1074 πρίο-

2217 1109 2304 1160 να,
2334 1086 2369 1157 ἤ
2402 1089 2464 1143 τὸ
2495 1087 2762 1165 τὲρετρον,
2814 1086 2884 1143 δι’
2915 1090 2988 1143 ὧν
3038 1089 3136 1158 τήν
3184 1087 3373 1159 κλίνην
3431 1092 3699 1161 πυιοῦμεν
3732 1107 3745 1120 °
3780 1087 3870 1142 καὶ

2218 1180 2281 1234 τὸ
2338 1175 2832 1254 παραδειγματικόν
2866 1199 2878 1211 ·
2937 1175 3099 1233 τοῦτο
3158 1176 3217 1233 δὶ
3272 1175 3449 1233 διττόν
3485 1177 3650 1248 ἐστιν,
3701 1179 3736 1248 ἡ
3768 1177 3869 1252 γὰρ

2221 1265 2412 1340 ἔξωθεν
2442 1262 2695 1335 ἔκκειται,
2747 1267 2836 1323 καὶ
2886 1267 3022 1339 πρὸς
3080 1267 3259 1322 εἰκόνα
3305 1273 3412 1332 πᾶς
3436 1267 3691 1343 τεχνίτης
3721 1273 3874 1322 ποιεῖ

2218 1359 2280 1413 τὸ
2307 1358 2778 1434 τεχνιτευόμενον,
2806 1360 2840 1428 ἡ
2897 1355 2955 1412 δὲ
2995 1357 3046 1412 ὲν
3095 1361 3163 1423 τῇ
3223 1355 3435 1429 διανοίᾳ
3465 1350 3737 1431 λαμϐάνει
3767 1357 3870 1426 τήν

2219 1447 2581 1505 ἀνατύπωσιν.

2738 1537 2832 1612 ξγ¹.
2859 1536 2991 1613 Περὶ
3023 1536 3324 1613 σχημάτων
3337 1581 3348 1594 .

2295 1629 2503 1703 Σχῆμά
2537 1625 2646 1682 ἔστι
2696 1628 2924 1698 ποιότης
2972 1631 3080 1681 τῶν
3137 1629 3534 1699 μαθηματικῶν
3594 1625 3870 1698 σωμάτων

2222 1717 2657 1790 ἀποπεράτωσις.
2727 1717 3118 1790 Μαθηματικὸν
3194 1713 3250 1770 δὲ
3311 1716 3473 1788 σῶμά
3528 1713 3672 1770 ἔστιν
3730 1710 3870 1768 ἅπαν

463 1813 677 1868 dicitur
705 1827 878 1866 omne
911 1811 1098 1882 ﬁgura
1129 1814 1284 1865 certa
1315 1811 1646 1881 praeditum,
1676 1816 1740 1866 ut
1770 1812 2106 1879 rotundum,

2232 1806 2282 1861 τὸ
2314 1805 2814 1882 ἐσχηματισμένον,
2849 1807 2964 1860 οἷον
3011 1806 3073 1860 τὸ
3122 1803 3447 1882 στογγύλον,
3489 1805 3552 1859 τὸ
3576 1802 3871 1880 τρίγωνον,

461 1901 844 1972 triangularc,
861 1901 1236 1972 quadratum,
1251 1900 1775 1972 quinquangulare,
1790 1900 2106 1973 et2similia.

461 1993 723 2055 Quatuor
753 2006 922 2060 porro
953 1989 1242 2045 elementa
1291 1991 1552 2044 rotunda:
1603 1990 1803 2062 ﬁgurae
1832 2006 1959 2046 esse
1989 1994 2112 2044 tra-

459 2081 630 2134 dunt.
657 2079 816 2134 Plato
849 2083 906 2133 et
935 2080 1184 2133 rotunda
1209 2079 1420 2150 facitget
1445 2079 1702 2134 diversas
1726 2079 1870 2134 alias
1897 2079 2112 2153 ﬁguras

462 2169 579 2224 illis
611 2167 1022 2238 eireumponit.
1053 2167 1198 2221 Nam
1231 2172 1444 2222 terram
1480 2169 1550 2222 ob
1585 2169 1811 2222 ﬁrmam
1846 2174 1901 2223 et
1931 2168 2112 2224 stabi-

463 2258 577 2312 lem
613 2272 782 2310 suam
819 2256 1204 2327 naturam‘jait
1234 2257 1445 2312 referre
1479 2258 1720 2328 ﬁguram
1758 2258 1910 2326 cubi,
1937 2257 2113 2330 siqui-

468 2348 602 2401 dem
633 2349 689 2400 et
721 2346 907 2401 eubus
943 2345 1147 2400 ﬁrmus
1195 2362 1258 2400 ac
1304 2347 1531 2402 stabilis
1563 2352 1671 2402 est.
1706 2351 1921 2418 Ignem,
1967 2363 2114 2417 quo-

469 2435 628 2491 niam
664 2450 898 2490 sursum
931 2435 1117 2489 tendit
1138 2440 1193 2489 et
1222 2435 1280 2489 in
1313 2440 1545 2491 acutum
1575 2437 1880 2494 desinitex
1915 2436 2117 2492 latiore

469 2525 620 2590 basi,
655 2523 820 2596 ponit
848 2540 977 2579 esse
1015 2525 1325 2596 praeditum
1379 2526 1566 2598 ﬁgura
1615 2526 1982 2599 pyramidali,
2013 2543 2116 2581 va-

470 2615 677 2686 riaque
698 2613 812 2668 alia
841 2629 969 2669 eum
1001 2614 1058 2668 in
1086 2616 1324 2670 modum
1355 2616 1615 2688 disputat
1659 2617 1768 2673 Sed
1792 2621 1848 2672 et
1869 2617 2120 2672 rotunda

469 2704 672 2760 eadem
705 2701 990 2758 elementa
1021 2719 1147 2759 esse
1179 2705 1403 2771 statuit,
1439 2706 1591 2776 quod
1627 2705 1834 2761 malum
1869 2706 2118 2761 circum-

470 2791 756 2848 rotatione
789 2809 897 2848 sua
924 2792 1295 2863 superﬁciem
1330 2793 1593 2864 ipsorum
1624 2793 1800 2850 veluti
1834 2795 2116 2860 detornat,

473 2881 906 2953 rotundamque
936 2881 1130 2936 efﬁcit.

1037 2989 1236 3061 64.;De
1262 2989 1557 3046 coloribus.

544 3076 712 3135 Color
743 3084 828 3134 est
861 3077 1113 3150 qualitas
1147 3079 1392 3135 visibilis
1434 3081 1494 3135 in
1526 3096 1833 3154 corporum
1869 3081 2121 3155 superﬁ-

476 3168 581 3224 cie.
615 3170 683 3224 At
713 3167 875 3223 Plato
907 3185 1053 3223 novo
1085 3170 1258 3223 modo
1298 3168 1555 3224 colorum
1603 3170 1890 3226 rationem
1937 3172 2122 3244 expli-

478 3260 570 3312 cat
605 3272 618 3310 :
654 3255 736 3310 ait
764 3255 916 3310 enim
969 3259 1038 3310 ab
1089 3258 1329 3327 objectis
1375 3259 1718 3327 corporibus
1750 3264 1806 3315 et
1835 3260 1906 3314 ab
1938 3259 2123 3316 oculis

479 3343 802 3400 videntium
843 3345 1077 3400 etﬁuvia
1125 3348 1391 3416 quaedam
1437 3348 1646 3418 emitti,
1681 3367 1808 3420 qua:
1840 3350 1898 3404 in
1931 3350 2125 3404 medio

482 3432 789 3488 intervallo
855 3433 1173 3489 constituta
1239 3436 1462 3506 species
1530 3438 1790 3493 colorum
1848 3439 2124 3494 efﬁciant.

483 3527 685 3595 Neque
715 3539 847 3577 vero
869 3524 1144 3579 omnibus
1173 3524 1394 3581 colores
1425 3529 1626 3581 eodem
1653 3528 1824 3583 modo
1849 3544 2132 3599 apparere

481 3613 859 3669 observatum
892 3619 999 3682 est,
1033 3614 1133 3668 sed
1170 3631 1273 3686 pro
1307 3614 1552 3670 diversis
1581 3619 1943 3672 cernentium
1977 3623 2128 3672 tem-

484 3702 772 3772 peraturis
824 3701 999 3758 etiam
1058 3703 1280 3759 colores
1336 3721 1554 3771 rerum,
1589 3723 1718 3777 qua:
1775 3707 2028 3762 offerunt
2068 3722 2130 3762 se

477 3791 686 3860 oculis,
720 3791 935 3847 diversi
987 3792 1277 3861 videntur,
1314 3794 1396 3848 uti
1443 3793 1515 3848 iis
1565 3795 1665 3866 qui
1719 3795 1922 3851 morbo
1972 3796 2129 3867 regio

481 3879 770 3948 laborant,
806 3881 950 3936 flava
997 3899 1128 3952 quae
1176 3887 1444 3951 cernunt,
1499 3891 1802 3956 apparent,
1856 3885 1945 3940 his
1995 3902 2130 3941 vero

477 3970 693 4040 quibus
742 3970 968 4041 pupilla
1017 3972 1230 4026 rubore
1281 3973 1494 4028 intecta
1543 3979 1653 4038 est,
1707 3975 1906 4044 rubra,
1953 3979 2130 4046 atque

478 4059 688 4113 iterum
721 4059 1036 4115 albicantia
1073 4060 1187 4114 illis
1220 4062 1319 4132 qui
1353 4062 1550 4117 album
1585 4063 1892 4118 humorem
1943 4081 2126 4119 mem-

479 4147 680 4204 branis
726 4149 1030 4204 oculorum
1090 4150 1382 4206 suffusum
1441 4151 1678 4222 habent,
1727 4152 1977 4223 aliisque
2026 4169 2128 4224 pro

479 4234 709 4291 diversa
739 4241 1139 4309 temperatura
1169 4237 1358 4293 aliter.

822 4345 911 4398 65.
945 4345 1014 4400 De
1047 4346 1301 4400 mz‘stz‘one
1328 4354 1380 4401 et
1406 4347 1783 4417 permixtione.

548 4432 743 4488 Mistio
787 4439 878 4488 est
922 4433 1061 4488 unio
1111 4451 1422 4506 corporum
1481 4452 1581 4504 per
1627 4437 2122 4506 conjunctionem,

475 4522 671 4592 qualis
700 4527 791 4578 est
820 4522 930 4577 olei
963 4528 1019 4578 et
1049 4540 1230 4594 aqum.
1266 4523 1460 4592 Neque
1492 4525 1648 4580 enim
1693 4530 1814 4580 tota
1865 4525 2019 4580 inter
2062 4541 2123 4581 se

473 4611 647 4666 ambo
681 4611 1127 4682 permiscentur,
1163 4613 1262 4668 sed
1297 4618 1547 4668 summis
1582 4615 1753 4669 modo
1785 4613 2120 4686 superﬁcie-

475 4701 586 4754 bus
609 4700 967 4771 junguntur.
1004 4701 1252 4757 Inferior
1282 4703 1436 4757 enim
1490 4703 1595 4758 olei
1647 4702 1987 4775 superﬁcies
2019 4703 2130 4756 mi-

473 4794 673 4844 scetur
716 4789 836 4846 sive
887 4791 1090 4847 unitur
1137 4793 1420 4865 snperiori
1458 4791 1786 4865 superﬁciei
1839 4807 2023 4863 aquas.
2059 4784 2132 4846 Αῑ

477 4879 781 4951 permistio
813 4885 922 4949 est,
947 4883 1178 4954 quando
1219 4883 1384 4938 unita
1432 4899 1672 4954 corpora
1719 4886 1838 4937 tota
1867 4883 1951 4938 sic
1980 4881 2132 4937 invi"

469 4985 592 5024 cem
637 4969 1084 5042 permiscentur,
1110 4976 1174 5027 ut
1204 4989 1356 5044 aqua
1386 4976 1442 5026 et
1470 4971 1685 5026 vinum.
1717 4975 1920 5042 Itaque
1951 4971 2126 5027 mista

470 5073 713 5130 corpora
747 5077 813 5116 ex
863 5067 1027 5134 parte
1056 5063 1288 5133 quidem
1343 5062 1654 5128 uniuntur,
1688 5061 1997 5116 inconfusa
2038 5069 2124 5119 ta-

472 5163 602 5202 men
641 5157 881 5206 mancnt
916 5169 927 5208 :
962 5153 1242 5225 permista
1274 5157 1469 5208 autem
1515 5154 1822 5223 penetrant
1852 5150 2122 5230 invicem,

468 5241 866 5313 scinduntque
898 5260 963 5298 ac
995 5243 1371 5312 scinduntur,
1396 5247 1453 5298 et
1487 5244 1635 5298 inter
1665 5259 1727 5298 se
1758 5241 2128 5300 confundam

472 5336 583 5385 tur.
622 5331 766 5387 Unio
799 5333 1136 5404 autemeei
1170 5349 1300 5388 cum
1352 5337 1553 5389 nostra
1593 5338 1803 5389 natura
1834 5337 1889 5388 et
1922 5335 2118 5392 mistio

472 5426 579 5487 est,
615 5423 751 5494 quia
812 5422 937 5477 sine
993 5423 1338 5478 confusione
1398 5424 1481 5491 ﬁt,
1532 5427 1589 5478 et
1647 5427 1734 5478 est
1790 5424 2114 5496 permistio,

470 5515 700 5583 prepter
758 5512 1106 5567 idinmatum
1166 5513 1783 5569 communicationem.
1835 5514 2114 5570 Caeterum

468 5617 682 5656 novum
715 5601 883 5669 illud,
914 5618 1045 5656 cum
1079 5607 1382 5675 assumpta
1413 5606 1644 5672 natura,
1675 5619 1861 5677 genus
1894 5604 2114 5664 mistio-

464 5689 557 5745 nis
591 5696 696 5757 est,
729 5696 784 5746 et
815 5691 962 5747 mira
994 5708 1057 5747 ac
1091 5691 1406 5763 singularis
1438 5693 1764 5766 permistio.

2217 1897 2280 1952 τὸ
2309 1895 2669 1972 τετράγωνον,
2717 1897 2780 1950 τὸ
2826 1897 3192 1970 πεντάγωνον,
3242 1894 3332 1949 καὶ
3373 1893 3471 1949 ὅσα
3495 1896 3737 1951 τοιαῦτα.
3799 1892 3874 1948 Τὰ

2217 1987 2396 2041 τοίνυν
2467 1984 2698 2062 τέσσαρα
2765 1991 3013 2060 στοιχεῖα
3096 1991 3360 2063 περιφερῆ
3454 1980 3870 2059 δογματίζουσι.

2221 2077 2446 2131 Πκάτων
2477 2072 2534 2130 δὲ
2578 2076 2665 2129 καὶ
2726 2081 2991 2152 περιφερῆ
3050 2073 3138 2129 καὶ
3193 2072 3245 2128 ἐν
3307 2071 3592 2151 διαφόροις
3644 2070 3871 2128 πλάττει

2223 2167 2472 2241 σχήμασι
2507 2185 2517 2197 ο
2550 2164 2649 2232 τὴν
2688 2165 2780 2237 μὲν
2829 2165 2930 2239 γὰρ
2975 2170 3078 2238 γῆν
3109 2160 3198 2218 διὰ
3233 2163 3295 2218 τὸ
3345 2160 3660 2235 εόἑδραστον
3692 2162 3780 2216 καὶ
3811 2161 3872 2215 τὸ

2228 2250 2462 2332 βεϐηκὸς
2522 2254 2712 2324 αὐτῆς,
2761 2248 3018 2322 κυϐοειδῆ
3081 2252 3224 2329 λέγει
3260 2272 3272 2284 ·
3330 2249 3542 2326 ἑδραῖος
3582 2251 3683 2325 γὰρ
3722 2251 3813 2305 καὶ
3845 2251 3873 2305 ὁ

2222 2339 2410 2406 κύϐος.
2433 2344 2503 2399 Τὸ
2557 2343 2612 2399 δὲ
2660 2348 2766 2417 πῦρ
2823 2341 2910 2397 διὰ
2966 2343 3028 2397 τὸ
3075 2341 3180 2397 ἄνω
3213 2343 3462 2418 φέρεσθαι
3510 2341 3602 2396 καὶ
3662 2340 3738 2402 εἷς
3780 2340 3871 2411 όξῦ

2225 2431 2524 2508 ἀπολήγειν
2580 2433 2684 2487 ἀπὸ
2742 2431 3004 2494 πλατείας
3073 2431 3297 2507 βάσεως,
3362 2427 3727 2505 πυραμοειδὶς
3787 2429 3872 2484 τί·

2225 2523 2373 2593 θησι,
2432 2521 2617 2576 καὶτὰ
2661 2521 2849 2579 πολλὰ
2897 2522 3092 2597 ἑτέρως
3152 2521 3507 2597 χρηματίζει.
3543 2517 3874 2594 Στρογγύλα

2227 2608 2285 2666 δὲ
2343 2610 2495 2676 αὖθις
2521 2615 2686 2667 ταῦτα
2714 2611 2944 2683 τίθεται,
2970 2609 3108 2666 διότι
3142 2612 3169 2666 ὁ
3202 2609 3426 2685 οὐρανὸς
3456 2605 3875 2686 κυκλοφερόμε-

2224 2721 2316 2763 νος
2337 2701 2703 2777 περιτορνεύει
2733 2701 2832 2772 τὴν
2862 2700 3072 2757 τούτων
3097 2699 3430 2777 ἐπιφάνειαν.

2741 2987 2834 3061 ξδ’.
2868 2988 2999 3065 Περὶ
3031 2988 3372 3064 χρωμάτων.

2301 3079 2509 3154 Χρῶμά
2563 3079 2703 3136 ἐστιν
2762 3081 2930 3155 ὁρατὰ
2997 3077 3228 3147 ποιότης
3277 3079 3376 3142 τῆς
3431 3079 3539 3130 τῶν
3609 3075 3881 3149 σωμάτων

2235 3167 2566 3248 ἐπιφανείας,
2642 3170 2702 3226 Ὁ
2749 3166 2806 3224 δὲ
2865 3189 2928 3242 γε
2986 3166 3213 3230 Πλάτων
3270 3164 3457 3220 καινὸν
3512 3185 3634 3219 τινα
3678 3163 3882 3239 τρόπον

2237 3256 2579 3334 διερμηνεόει
2624 3258 2747 3333 περὶ
2805 3259 3142 3333 χρωμάτων.
3205 3256 3358 3329 Λέγει
3411 3252 3469 3309 δὲ
3512 3251 3594 3308 ὅτι
3644 3255 3736 3308 καὶ
3778 3252 3885 3307 ἀπὸ

2233 3352 2340 3402 τῶν
2395 3348 2764 3420 ὑποκειμένων
2811 3345 3078 3418 σωμάτων
3118 3346 3206 3400 καὶ
3253 3344 3358 3398 ἀπὸ
3407 3343 3662 3418 ὁρώνυων
3696 3342 3882 3416 ὀμμά-

2234 3458 2340 3492 των
2374 3436 2663 3512 ἀπόρῥοιαί
2694 3458 2832 3498 τινες
2874 3436 3202 3508 πέμπονται,
3254 3432 3448 3494 αἵτινες
3485 3431 3536 3487 ἰν
3569 3433 3650 3504 τῷ
3687 3432 3885 3504 μεταξὺ

2235 3530 2333 3581 τοῦ
2364 3523 2730 3598 διαστήματος
2776 3523 3060 3600 γενόμεναι
3108 3523 3202 3585 τὰς
3249 3519 3390 3584 ίόἐας
3429 3526 3537 3576 τῶν
3571 3520 3888 3596 χρωμάτων

2237 3619 2512 3672 ποιοῦσιν.
2548 3615 2624 3672 Οὐ
2655 3620 2784 3668 πᾶσι
2843 3611 2900 3668 δὲ
2947 3615 3103 3691 φασὶν
3146 3613 3357 3685 ὁμοίως
3413 3611 3480 3666 τὰ
3521 3609 3658 3665 αὖτά
3702 3609 3888 3685 φαίνι-

2239 3706 2356 3759 σθαι
2399 3704 2692 3779 χρώματα,
2751 3700 2898 3758 ἀλλὰ
2962 3702 3097 3777 πρὸς
3149 3701 3245 3765 τὰς
3315 3698 3609 3774 διαφόρους
3668 3700 3890 3772 κράσεις

2237 3799 2344 3848 τῶν
2393 3793 2641 3869 ὁρώντων
2689 3792 2777 3846 καὶ
2831 3790 3126 3868 ὁρωμένων
3156 3790 3251 3852 τὰς
3293 3790 3464 3865 χρόας
3498 3789 3887 3863 μεταχρὼννυ-

2462 3888 2578 3946 τοῖς
2619 3882 2711 3955 μὲν
2772 3882 2876 3958 γὰρ
2928 3880 3257 3955 ἰκτεριῶσιν,
3317 3879 3476 3954 ὠχρὰ
3531 3878 3598 3934 τὰ
3629 3879 3890 3952 ὁρώμενα

2240 3973 2480 4050 φαίνεται
2517 3993 2528 4003 ·
2563 3979 2679 4035 τοῖς
2733 3970 2789 4028 δὲ
2834 3973 2933 4040 τὴν
2966 3971 3138 4045 κόρην
3174 3971 3368 4042 ξανθὴν
3402 3965 3615 4045 ἔχουσι,
3676 3967 3838 4038 ξανθά
3871 3987 3883 3999 ·

2235 4069 2353 4125 τοῖς
2385 4064 2604 4140 φλέγμα
2629 4063 2750 4138 περὶ
2807 4061 2934 4124 τοὺς
2978 4061 3175 4134 ὑμένας
3217 4065 3325 4115 τῶν
3372 4059 3676 4134 ὀφθαλμῶν
3703 4053 3886 4133 ςέχου-

2235 4173 2338 4221 σιν,
2377 4150 2653 4207 ὑπόλευκα
2687 4173 2697 4186 ·
2731 4152 2818 4206 καὶ
2850 4146 3044 4211 ἄλλοις
3089 4147 3297 4217 ἄλλως,
3324 4148 3459 4203 κατὰ
3494 4147 3593 4215 τήν
3620 4144 3884 4224 διαφορὰν

2232 4246 2343 4297 τῶν
2366 4241 2629 4318 κράσεων.

2241 3895 2360 3947 σθαι
2399 3903 2411 3916 ·

2619 4350 2704 4420 Ee'.
2739 4349 2869 4423 Περὶ
2907 4347 3101 4420 μίξεως
3125 4347 3215 4401 καὶ
3246 4345 3510 4421 κράσεως·

2304 4440 2362 4495 ἹΙ
2403 4439 2496 4512 μὶν
2533 4439 2674 4512 μίξις
2725 4437 2907 4500 ἔνωσίς
2955 4437 3066 4491 ἐστι
3105 4437 3372 4509 σωμάτων
3401 4433 3536 4490 κατὰ
3564 4432 3884 4508 παράθεσιν,

2234 4528 2308 4590 ὡς
2359 4527 2442 4582 ἐπὶ
2475 4527 2660 4584 ἐλαίου
2690 4525 2781 4583 καὶ
2814 4524 3025 4590 ὕδατος.
3060 4523 3132 4579 Οὐ
3162 4526 3263 4600 γὰρ
3295 4521 3364 4578 δι’
3395 4521 3528 4579 ὅλου
3560 4520 3728 4576 ταῦτά
3766 4520 3883 4593 κίρ-

2231 4637 2385 4671 ναται
2417 4617 2563 4674 ἀλλὰ
2609 4618 2742 4672 κατὰ
2790 4619 2885 4679 τὰς
2939 4617 3106 4690 ἄκρας
3156 4613 3464 4692 ἐπιφανείας
3515 4611 3694 4666 αὐτῶν
3736 4609 3883 4665 ἐνοῦ·

2239 4727 2348 4764 ται.
2402 4709 2462 4761 ἹΙ
2494 4707 2592 4783 γὰρ
2648 4708 2795 4762 κάτω
2843 4704 3122 4783 ἐπιφάνεια
3167 4707 3264 4758 τοῦ
3313 4699 3498 4758 ἐλαίου
3533 4701 3881 4776 μίγνυται

2239 4795 2349 4850 ἄνω
2382 4795 2660 4875 ἐπιφανείᾳ
2714 4800 2810 4850 τοῦ
2863 4793 3076 4856 ὕδατος.
3138 4799 3333 4866 Κρᾶσις
3378 4787 3434 4846 δὲ
3483 4788 3623 4844 ἐστὶν
3659 4789 3783 4844 ὅταν
3815 4787 3881 4841 τὶ

2238 4874 2501 4959 ἑνούμενα
2543 4887 2769 4959 σώματα
2820 4883 2889 4939 δι’
2941 4882 3207 4954 ἀλλήλων
3237 4881 3533 4957 ἀνακραθῇ,
3568 4879 3642 4941 ὡς
3678 4876 3767 4933 ἐπὶ
3799 4874 3878 4931 οῗ-

2234 4995 2327 5029 νου
2358 4976 2441 5029 καὶ
2495 4972 2709 5037 ὕδατος.
2753 4975 2851 5029 Καὶ
2900 4975 2966 5029 τὰ
3013 4973 3107 5047 μὶν
3177 4970 3479 5046 μιγνύμενα
3539 4969 3766 5041 σώματα
3822 4964 3881 5020 ἐκ

2238 5065 2434 5140 μέρους
2467 5065 2558 5137 μὶν
2595 5065 2826 5132 ἑνοῦται,
2863 5062 3141 5138 ἀσῦγχυτα
3175 5058 3232 5115 δὲ
3270 5060 3411 5133 μένει
3447 5078 3459 5091 ο
3500 5058 3567 5113 τὰ
3597 5054 3653 5112 δὲ
3682 5076 3879 5130 κερανη

2232 5153 2431 5227 νόμενα
2491 5151 2562 5208 δι’
2617 5152 2880 5224 ἀλλήλων
2946 5153 3037 5226 μὲν
3099 5149 3277 5220 διήκει
3323 5147 3412 5204 καὶ
3442 5150 3644 5222 τὲμνει,
3678 5150 3769 5201 καί
3799 5144 3882 5200 τὲ-

2237 5265 2423 5317 μνεται
2483 5244 2570 5298 καὶ
2629 5242 2970 5320 συγκέχυτχι.
3005 5242 3065 5298 Ἥ
3130 5237 3186 5295 δὲ
3229 5243 3325 5294 τοῦ
3381 5241 3513 5294 Θεοῦ
3555 5235 3693 5309 πρὸς
3725 5237 3877 5309 ἡμᾶς

2230 5331 2423 5396 ἕνωσις
2446 5333 2535 5388 καὶ
2573 5334 2716 5407 μίξις
2768 5328 2877 5386 ἔστι
2928 5328 3016 5386 διὰ
3071 5331 3133 5385 τὸ
3184 5327 3515 5404 ἆσύγχυτον,
3563 5325 3652 5379 καὶ
3683 5331 3875 5399 κρᾶσις

2230 5421 2318 5478 διὰ
2347 5421 2436 5478 τὸν
2471 5423 2670 5496 τρόπον
2703 5429 2800 5492 τῆς
2852 5417 3193 5480 ἀντιδόσεως.
3224 5419 3406 5474 ’Έστιν
3439 5413 3529 5470 οὖν
3558 5415 3708 5487 αὖτῷ
3741 5414 3878 5488 πρὸς

2224 5514 2285 5567 τὸ
2317 5512 2680 5588 πρόσλημμα,
2715 5511 2802 5566 καὶ
2835 5513 2868 5579 ἡ
2905 5507 3044 5583 μίξις
3075 5509 3256 5577 καινὴ,
3289 5506 3377 5562 καὶ
3407 5507 3442 5577 ἡ
3473 5510 3663 5579 κρᾶσις
3693 5505 3871 5580 παρά-

2223 5599 2396 5675 δοξος,
