4102 6342
263 414 382 475 729

619 546 712 618 ξςῖ
747 547 877 624 Περῖ
917 545 1175 624 γενέσεως
1206 547 1295 602 καὶ
1328 549 1552 624 φθορᾶς.

337 634 546 699 Γένεσις
575 635 986 712 λέγεταιὴἀπὸ
1042 643 1139 691 106
1201 638 1277 710 μὴ
1324 633 1478 700 ὄντος
1539 636 1614 699 εἷς
1669 637 1728 691 τὸ
1785 641 1917 693 εἴναι

275 719 578 796 μεταϐολή.
639 725 845 780 Γίνεσιν
907 723 963 780 δέ
1015 746 1155 787 τινες
1208 726 1296 779 καὶ
1327 727 1424 794 τὴν
1459 724 1668 794 κίνησιν
1705 723 1918 798 ὠνομά-

261 833 412 882 κασι,
460 813 595 878 καθό
625 835 780 892 φασιν
817 815 919 869 ὑπὸ
945 816 1150 890 γὲνεσιν
1185 814 1318 869 εἶναι
1351 815 1443 869 τὸν
1493 815 1726 886 κόσμον,
1777 811 1921 870 τοῦτ’

261 901 432 974 ἔστιν,
490 902 594 956 ὑπὸ
650 903 884 974 κίνησιν.
941 905 1130 978 Φθορά
1155 901 1211 959 δέ
1241 902 1381 958 ἐστιν
1415 906 1448 974 ἡ
1484 904 1588 959 ἀπὸ
1633 909 1731 958 106
1763 899 1916 966 ὄντος

261 991 345 1054 εἷς
374 992 437 1046 τὸ
484 993 559 1065 μή
622 993 754 1047 εἶναι
807 988 1110 1066 μεταϐολή.
1161 996 1272 1050 Πᾶν
1332 992 1422 1047 οὖν
1455 993 1515 1047 16
1546 994 1652 1048 ἀπὸ
1707 998 1804 1048 106
1841 996 1915 1066 μὴ

266 1082 402 1135 εἶναι
449 1081 763 1157 γενόμενον,
814 1083 905 1138 καὶ
955 1083 1061 1138 ἀπὸ
1108 1087 1208 1137 τοῦ
1238 1083 1478 1156 γενέσθαι
1539 1082 1916 1160 ιρθειρόμενον,

265 1170 374 1225 6116
432 1170 634 1245 γὲνεσιν
669 1171 779 1226 ἐστὶ
821 1173 911 1226 καὶ
971 1169 1193 1250 φθοράν.
1249 1173 1398 1228 Κατά
1443 1176 1570 1247 γοῦν
1627 1172 1718 1226 τὸν
1778 1173 1916 1245 ἦμες

255 1279 417 1334 τερον
469 1256 630 1334 λόγον
683 1260 772 1315 καὶ
823 1265 902 1334 τῷ
941 1262 1135 1335 κόσμῳ
1175 1262 1378 1337 γένεσις
1423 1258 1629 1316 ἕπεται·
1688 1263 1752 1329 ἦν
1812 1262 1914 1335 γάρ

256 1348 351 1404 ὅτε
401 1349 501 1404 οὐκ
529 1351 616 1419 ἦν,
667 1351 756 1404 καὶ
805 1346 950 1405 ἔσται
996 1348 1085 1404 ὅτε
1143 1351 1246 1405 οὐκ
1298 1347 1463 1406 ἔσται.
1524 1348 1756 1422 Αὕξησις
1823 1351 1917 1424 μὶν

256 1437 354 1492 οὗν
409 1438 496 1492 καὶ
527 1436 831 1501 ἀλλοίωσις
880 1440 968 1494 καὶ
1003 1439 1144 1518 φορά
1191 1439 1277 1494 καὶ
1310 1442 1344 1505 ἢ
1379 1440 1483 1494 ἀπὸ
1513 1440 1686 1494 τόπου
1718 1439 1793 1502 εἰς
1822 1444 1913 1494 τό-

254 1549 379 1582 πων
428 1523 717 1600 μετάϐασις
772 1529 1013 1598 κινήσεις
1065 1527 1190 1585 εἶσί.
1241 1529 1448 1591 Γὲνεσις
1493 1526 1550 1583 δὲ
1591 1529 1677 1583 καὶ
1741 1530 1915 1606 φθορὰ

255 1617 366 1670 οὐκ
397 1616 500 1671 sic?
546 1619 809 1688 κινήσεις,
861 1617 1073 1694 ἀθρόως
1121 1617 1221 1692 γάρ
1265 1618 1327 1673 16
1377 1619 1665 1693 γενόμενον
1697 1618 1912 1693 γέγονε,

255 1706 348 1760 καῖ
376 1707 438 1760 16
471 1707 665 1785 φθαρὶν
719 1702 1003 1786 ἔφθαρται.

798 1885 889 1957 EC.
925 1883 1055 1960 Περὶ
1086 1886 1378 1958 σωμάτων.

333 1972 505 2046 Σῶμά
559 1971 672 2029 ἔστι
735 1974 797 2029 16
853 1973 1060 2037 πλάτος
1095 1969 1220 2050 ἔχον
1276 1974 1365 2029 καὶ
1403 1982 1579 2047 μῆκος
1606 1976 1694 2028 καὶ
1731 1973 1913 2051 βάθος.

256 2061 357 2118 Καὶ
390 2059 501 2116 ἔστι
559 2069 734 2137 μῆκος
771 2065 864 2137 μὲν
898 2063 1065 2140 λόγου
1115 2065 1300 2139 χάριν,
1331 2063 1394 2118 τὸ
1425 2062 1530 2118 ἆπὸ
1561 2063 1803 2141 γεφαλῆς
1838 2065 1914 2126 εἷς

251 2149 416 2206 πόδα·
482 2149 692 2214 πλάτος
745 2150 801 2208 δὲ
829 2154 891 2208 16
934 2153 1040 2208 ἀπὸ
1084 2160 1184 2223 τῆς
1217 2151 1390 2224 δεξιᾶς
1443 2153 1632 2228 χειρὸς
1680 2153 1756 2214 εἷς
1813 2155 1910 2222 τὴν

252 2241 567 2315 ἀριστεράν,
599 2244 633 2312 ἤ
664 2243 727 2297 16
773 2242 1056 2297 ἀνάπαλινο
1117 2244 1280 2318 βάθος
1304 2240 1359 2298 δὲ
1389 2244 1450 2297 τὸ
1483 2244 1587 2297 ἀπὸ
1620 2247 1726 2296 τῶν
1759 2243 1911 2318 στέρ-

250 2351 361 2383 νων
394 2328 482 2384 ἐπῖ
521 2331 588 2384 τὸ.
617 2334 784 2398 νῶτα,
816 2330 851 2400 ἢ
883 2331 945 2384 τὸ
989 2327 1250 2404 ἔμπαλιν.
1283 2333 1390 2388 Πᾶν
1450 2331 1476 2386 ὲ
1520 2336 1674 2404 σῶμα
1707 2330 1740 2400 ἢ
1778 2330 1913 2407 βαρὺ

253 2418 289 2487 ἢ
352 2419 558 2497 κοῦφόν
621 2418 749 2476 ἐστι.
802 2419 896 2474 Καὶ
949 2422 1010 2474 τὸ
1043 2421 1138 2493 μὲν
1193 2419 1328 2497 βαρὺ
1377 2422 1524 2476 κάτω
1552 2422 1793 2498 φέρεται,
1851 2421 1914 2475 16

254 2506 314 2563 δὶ
343 2513 546 2587 κοῦφον
578 2510 690 2564 ἄνω
749 2508 989 2587 φέρεται.
1044 2511 1214 2567 Τόπον
1253 2507 1312 2565 δὲ
1340 2515 1449 2565 τῶν
1480 2509 1748 2584 σωμάτων
1809 2514 1915 2564 τῶν

258 2598 356 2670 μὲν
415 2597 660 2674 κούφων,
717 2599 746 2653 6
799 2597 910 2653 ἅνω
964 2603 1061 2654 106
1118 2599 1320 2661 παντὸς
1367 2600 1560 2662 τόπος·
1587 2603 1696 2654 τῶν
1726 2596 1782 2654 δὲ
1817 2600 1914 2674 βα-

254 2686 393 2761 ρέων
427 2687 456 2741 6
504 2689 672 2746 κάτω,
733 2687 831 2744 Καέ
863 2685 1198 2766 κουφότατον
1257 2689 1352 2763 μὶν
1380 2690 1442 2744 τὸ
1482 2693 1611 2764 πῦρ,
1647 2689 1720 2750 ὡς
1752 2694 1910 2742 πᾶσιν

260 2775 622 2846 ίπιπολάζον·
701 2777 999 2854 βαρύτατον
1049 2775 1106 2833 δὲ
1154 2785 1248 2853 γῆ,
1294 2779 1370 2840 ὡς
1427 2784 1556 2832 πᾶσι
1615 2777 1911 2849 ὑποκείμε-

252 2887 370 2921 νον.
430 2871 542 2920 Πᾶν
603 2863 660 2921 δὲ
711 2871 890 2940 σῶμα,
924 2867 976 2922 ἐν
1036 2868 1131 2940 μὲν
1193 2872 1270 2941 τῷ
1319 2865 1507 2939 οἰκείῳ
1534 2868 1690 2939 τόπῳ
1720 2867 1909 2934 ἑστὼς,

255 2951 379 3010 οὔτε
413 2954 552 3032 βαρὺ
611 2951 734 3010 οὔτε
784 2960 1009 3034 κοῦφονο
1065 2952 1154 3012 ὅτε
1205 2954 1261 3011 δὲ
1317 2957 1526 3031 ἀποστῇ
1556 2961 1663 3010 τῶν
1697 2955 1910 3011 οἲκείων

252 3045 462 3114 τόπων,
510 3045 596 3099 καὶ
655 3043 846 3117 μέλλει
876 3046 1016 3121 πρὸς
1045 3045 1242 3108 αὐτοὺς
1291 3047 1526 3114 ἀπιέναι,
1584 3044 1706 3100 τότε
1741 3047 1776 3115 ἢ
1814 3045 1910 3122 βα·

255 3131 467 3206 ρύτητα
497 3131 612 3210 ἔχει
646 3133 680 3204 ἢ
711 3135 1046 3213 κουφότητα.

772 3243 871 3312 ξη’.
902 3242 1032 3317 Περὶ
1064 3240 1392 3318 ἐλαχίστων.

323 3327 628 3406 Ἐλάχιστα
681 3332 835 3406 φασὶν
895 3332 946 3385 οἱ
1008 3329 1302 3409 φιλόσοφοι
1354 3328 1603 3401 σωμάτιά
1657 3351 1778 3384 τινα
1837 3332 1908 3385 ὧν

253 3419 353 3474 οὐκ
397 3415 539 3474 ἔστιν
587 3417 748 3496 ἕτερα
796 3419 1295 3496 σμικρομερέστερα
1327 3465 1338 3478 .
1410 3420 1510 3476 Καὶ
1570 3419 1908 3484 ὑποτίθενται

252 3509 433 3583 ἀμερῆ
494 3530 612 3564 τινα
652 3507 777 3578 ἤτοι
838 3517 1183 3585 σμικρομερῆ
1237 3509 1324 3565 καὶ
1385 3507 1573 3584 ἅογκα,
1624 3506 1748 3577 ἤτοι
1781 3531 1909 3581 σμι-

255 3597 592 3673 κρομεγὲθη,
653 3598 829 3674 ἀρχάς
883 3603 992 3654 τῶν
1049 3595 1237 3653 ὄντῶν·
1301 3596 1577 3673 ἀρχάςοῆδὶ
1609 3597 1669 3653 06
1701 3620 1912 3664 ποιητι-

252 3688 372 3758 κάς,
427 3683 554 3742 ἀλλ’
615 3684 830 3750 ὑλικάς.
890 3689 1115 3762 Λέγεται
1172 3687 1335 3743 πάλιν
1399 3686 1686 3763 ἐλάχιστον
1745 3687 1910 3763 ἐτὲρῳ

255 3775 434 3850 λόγῳ,
491 3779 610 3830 οἷον
662 3777 1018 3849 ἀριθμητικοὶ
1079 3775 1332 3854 λέγουσιν
1392 3776 1664 3852 ἀριθμοὺς
1712 3775 1910 3832 διπλα-

248 3865 404 3926 σίους
451 3862 540 3919 καί
571 3864 924 3940 τριπλασίους
976 3867 1066 3921 καὶ
1097 3867 1313 3942 ἑτέρους
1340 3866 1643 3934 τοιούτους,
1677 3869 1792 3920 οἷον
1829 3864 1911 3920 δι-

252 3952 513 4026 πλάσιος,
546 3951 714 4030 λόγου
747 3959 931 4031 χάριν,
988 3956 1014 4010 6
1075 3955 1216 4010 ὀκτὼ
1265 3959 1362 4010 106
1387 3955 1638 4029 τὲσσαρα,
1681 3953 1768 4008 καὶ
1800 3959 1907 4009 τῶν

252 4041 353 4097 δύο
413 4043 442 4097 6
492 4041 744 4119 τέσσαρα,
777 4043 865 4098 καὶ
897 4047 992 4098 106
1051 4045 1167 4105 ἑνὸς
1201 4045 1228 4098 6
1259 4041 1382 4112 δύο,
1433 4047 1527 4098 106
1557 4041 1614 4097 δὲ
1645 4040 1740 4097 δύο
1771 4043 1907 4119 πρὸς

249 4132 316 4186 τὸ
369 4129 423 4186 ἓν
455 4128 746 4187 διπλασίου
797 4131 969 4207 λόγου
1001 4132 1101 4188 οὐκ
1132 4131 1240 4188 ἔστι
1295 4129 1678 4206 ὑποδεέστερος
1705 4129 1905 4208 ἕτερος.

243 4218 585 4295 Ἐλάχιστος
631 4221 722 4276 οὗν
772 4218 1096 4290 διπλάσιος,
1153 4223 1180 4276 6
1241 4219 1336 4276 δύο
1385 4222 1518 4297 πρὸς
1565 4221 1628 4276 τὸ
1674 4217 1727 4275 ἓν
1757 4240 1768 4253 ο
1818 4221 1908 4275 καὶ

256 4307 552 4385 ἐλάχιστος
611 4308 958 4385 τριπλάσιος,
1020 4312 1046 4366 6
1106 4311 1227 4387 τρία
1278 4310 1416 4386 πρὸς
1468 4311 1530 4365 τὸ
1573 4309 1652 4366 ἓν.
1687 4308 1906 4386 Λέγεται

248 4398 546 4474 ἐλάχιστον
593 4400 680 4454 καὶ
737 4401 800 4454 16
854 4401 970 4454 κατ’
1028 4398 1345 4472 εὐτελισμὸν
1402 4397 1714 4473 γενόμενον,
1767 4399 1910 4455 ἀλλά

245 4488 452 4563 κυρίως
513 4487 804 4565 ἐλάχιστον
859 4490 998 4544 κατὰ
1054 4487 1416 4568 φιλοσόφους,
1457 4487 1521 4544 τὸ
1567 4486 1906 4564 βραχύτατον

249 4576 530 4649 σωμάτιον
561 4576 858 4650 ὀνομάζεται
871 4596 905 4631 ι’

644 4773 734 4844 ξο’.
784 4773 916 4848 Περὶ
949 4770 1208 4852 διαφορᾶς
1239 4775 1510 4849 γνώσεως.

318 4862 520 4938 Πρώτη
573 4861 685 4917 ἐστὶ
729 4862 819 4917 καὶ
857 4861 1170 4936 ὑψηλοτέρα
1200 4868 1306 4917 τῶν
1334 4864 1585 4938 γνώσεων
1615 4865 1832 4918 ἀπασῶν
1864 4865 1898 4932 ἡ

238 4951 341 5021 τῆς
391 4950 674 5026 προνοίας,
707 4951 831 5021 ἥτις
862 4951 1004 5006 ἐστὶν
1041 4950 1271 5028 ἐνέργεια
1294 4957 1392 5006 106
1423 4957 1578 5010 Θεοῦ.
1609 4954 1670 5009 Ὀ
1722 4953 1898 5007 τοίνυν

239 5040 374 5102 Θεὸς
419 5039 551 5114 ὑπὶρ
599 5041 774 5096 πάντα
803 5043 870 5096 τά
927 5037 1054 5095 ὄντα
1110 5041 1200 5095 καὶ
1250 5041 1380 5116 ὑπὲρ
1438 5041 1594 5096 αὐτὸν
1655 5042 1745 5095 τὸν
1777 5041 1897 5096 νοῦν

238 5127 388 5204 ἔχων
436 5131 536 5199 τήν
598 5127 850 5204 δύναμιν,
898 5130 988 5185 καὶ
1047 5130 1252 5204 κυρίως
1307 5127 1361 5185 ἓν
1425 5131 1711 5206 ὑπάρχων,
1753 5129 1901 5202 αὐτῷ

237 5215 299 5272 δὲ
327 5218 408 5290 τῴ
439 5217 518 5273 ἑνὶ
569 5219 724 5292 μόνῳ
781 5225 1040 5296 προνοεῖν
1103 5219 1317 5294 λέγεται
1377 5217 1613 5274 πάντων.
1673 5220 1901 5295 Δευτὲρα

237 5305 300 5362 εὶ
331 5307 441 5362 ἐστὶ
491 5313 690 5383 γνῶσις
740 5311 774 5379 ἡ
829 5311 990 5385 νοερὰ
1021 5309 1186 5364 αὐτοῦ
1216 5314 1310 5362 106
1339 5306 1619 5370 παντελῶς
1646 5313 1742 5363 106
1787 5307 1898 5364 ὁλι-

231 5399 347 5457 κῶς
400 5397 467 5450 τά
496 5394 668 5451 πάντα
694 5404 974 5460 νοοῦττος.
1027 5399 1200 5473 Τρίτη
1268 5398 1382 5466 μετ’
1439 5398 1605 5465 αὐτήν
1638 5401 1831 5472 γνῶσις
1862 5401 1895 5467 ἡ

230 5489 334 5552 τῆς
374 5484 607 5560 λογικῆς
639 5489 798 5558 ἡμῶν
849 5490 1057 5562 ψυχῆς,
1103 5485 1226 5554 ἥτις
1259 5483 1546 5560 διαιρεῖται
1607 5486 1682 5548 εἷς
1744 5483 1896 5556 δόξαν

233 5573 326 5628 καὶ
388 5572 722 5648 ἐπιστήμην.
782 5574 941 5632 Ἀλλ’
999 5578 1034 5647 ἡ
1094 5576 1187 5649 μὶν
1222 5573 1347 5646 δόξα
1402 5579 1510 5630 τῶν
1555 5573 1894 5647 κινουμένων

229 5663 345 5720 ἐστὶ
401 5667 628 5737 γνῶσις,
685 5662 811 5735 ἤτοι
866 5670 972 5720 τῶν
1045 5660 1632 5739 μιταϐαλλομὲνων,ἠ
1696 5661 1751 5718 δὶ
1781 5663 1896 5720 ἐπι-

223 5751 442 5826 στήμη,
488 5757 596 5809 τῶν
654 5754 955 5828 ἀκινήτων,
991 5757 1128 5829 οἷον,
1175 5758 1364 5830 ψυχῆς
1417 5754 1506 5810 καὶ
1538 5757 1632 5809 νοῦ
1663 5753 1756 5810 καί
1786 5759 1894 5812 τῶν

1371 499 1380 505 ,
1443 416 1546 477 DE
1590 414 2030 476 OMNIFARIA
2076 415 2502 476 oocrnrNA.

1945 551 2000 617 A

1947 1917 1994 1981 Β

3566 426 3684 487 730

2327 549 2415 603 66.
2449 551 2522 605 Dc
2549 551 2904 620 generatione
2929 557 2980 608 et
3010 557 3379 626 corruptione.

2102 637 2410 693 Generatio
2441 637 2657 694 dicitur
2689 642 2937 696 mutatio
2970 659 3002 696 a
3033 660 3146 698 non
3179 661 3307 701 esse
3339 647 3408 702 ad
3443 664 3570 704 esse
3591 665 3602 704 :
3623 654 3682 705 et
3711 648 3714 650 ⁷

2030 730 2167 781 sunt
2224 727 2322 798 qui
2375 730 2808 798 generationem
2860 731 3036 786 etiam
3088 740 3312 789 motum
3363 736 3681 808 appellant,

2029 831 2144 885 quo
2175 832 2353 871 sensu
2405 817 2691 871 mundum
2742 822 3125 890 generationi,
3177 823 3421 891 hocest
3471 829 3676 896 motui,

2030 903 2196 958 aiunt
2225 922 2351 960 esse
2385 904 2726 960 obnoxium.
2749 911 3053 980 Corruptio
3085 917 3286 967 contra
3315 919 3403 969 est
3435 916 3680 972 mutatio

2028 993 2101 1048 ab
2132 1010 2260 1049 esse
2290 995 2362 1049 ad
2412 1012 2524 1049 non
2577 1012 2726 1051 esse.
2783 997 3076 1069 Quidquid
3131 1001 3329 1072 igitur,
3379 1021 3515 1059 cum
3562 1022 3676 1061 non

2029 1087 2183 1138 esset
2214 1083 2362 1152 fit,et
2393 1101 2525 1139 cum
2560 1084 2773 1140 existat
2804 1088 3214 1158 corrumpitur,
3235 1093 3594 1162 generationi
3626 1100 3684 1150 et

2027 1173 2386 1243 corruptioni
2421 1173 2636 1228 dicitur
2667 1175 2994 1245 subjacere.
3031 1177 3108 1232 Ex
3137 1187 3337 1236 nostra
3366 1183 3510 1238 adeo
3542 1198 3667 1238 sen-

2025 1261 2208 1316 tentia
2258 1262 2328 1316 ad
2364 1264 2652 1318 mundum
2685 1263 2860 1319 etiam
2895 1267 3192 1336 generatio
3224 1269 3476 1339 pertinet
3509 1287 3520 1325 :
3554 1275 3680 1327 erat

2025 1348 2182 1404 enim
2215 1351 2450 1421 quando
2485 1368 2592 1406 non
2643 1356 2786 1421 erat,
2837 1357 2894 1406 et
2939 1355 3049 1409 erit
3098 1357 3330 1425 quando
3381 1374 3496 1413 non
3547 1360 3678 1416 erit.

2024 1441 2302 1494 Caeterum
2338 1442 2735 1513 augmentatio
2768 1442 3006 1512 quidem
3041 1460 3106 1498 ac
3141 1446 3390 1500 mutatio
3421 1451 3476 1501 et
3498 1449 3680 1519 agita-

2024 1527 2106 1583 tio
2131 1532 2187 1582 et
2207 1528 2276 1582 de
2303 1528 2429 1585 loco
2452 1530 2508 1584 in
2538 1530 2726 1586 locum
2753 1531 3063 1588 translatio
3086 1538 3281 1589 motus
3305 1540 3466 1605 sunt,
3501 1553 3676 1608 gene-

2025 1616 2172 1672 ratio
2197 1623 2392 1673 autem
2418 1623 2473 1672 et
2494 1620 2790 1691 corruptio
2816 1638 2930 1676 non
2955 1626 3092 1677 sunt
3123 1628 3344 1694 motus,
3379 1625 3679 1682 continen-

2029 1709 2114 1760 ter
2143 1705 2299 1760 enim
2333 1724 2400 1762 ac
2431 1707 2606 1762 simul
2641 1709 2707 1763 ﬁt
2737 1711 2890 1780 quod
2919 1711 3066 1781 fit,et
3089 1714 3490 1786 corrumpitur
3523 1716 3678 1787 quod

2026 1795 2445 1868 corrumpitur.

2568 1887 2658 1941 67.
2697 1889 2768 1942 De
2793 1890 3134 1956 corporibus.

2096 1977 2316 2046 Corpus
2348 1979 2436 2030 est
2481 1977 2634 2048 quod
2686 1976 2860 2032 habet
2909 1977 3302 2050 latitudinem,
3356 1979 3679 2052 longitudi-

2026 2079 2158 2117 nem
2219 2071 2274 2119 et
2334 2065 2818 2136 profunditatem.
2859 2068 3185 2138 Longitudo
3245 2069 3466 2124 dicitur
3517 2074 3676 2129 verbi

2024 2153 2211 2225 gratia
2239 2170 2272 2207 a
2302 2155 2492 2225 capite
2523 2155 2590 2209 ad
2629 2156 2826 2226 pedes,
2871 2155 3119 2211 latitudo
3166 2175 3198 2212 a
3248 2175 3424 2214 manu
3474 2161 3677 2217 dextra

2024 2242 2095 2296 ad
2129 2243 2430 2296 sinistram
2467 2247 2566 2297 aut
2610 2244 2893 2310 vicissim,
2945 2246 3313 2316 profunditas
3363 2265 3394 2302 a
3445 2254 3677 2320 pectore

2024 2331 2092 2386 ad
2142 2336 2373 2402 tergum
2406 2337 2506 2387 aut
2537 2333 2660 2388 vice
2687 2350 2874 2389 versa.
2910 2335 3094 2390 Omne
3127 2352 3338 2406 corpus
3369 2353 3540 2409 grave
3574 2345 3678 2395 aut

2024 2420 2146 2476 leve
2177 2425 2286 2474 est.
2323 2420 2508 2476 Grave
2561 2423 2832 2478 deorsum
2889 2427 3093 2490 fertur,
3140 2424 3259 2480 leve
3314 2427 3504 2480 tendit
3547 2444 3676 2483 sur-

2024 2526 2180 2566 sum.
2221 2511 2360 2566 Loca
2414 2529 2750 2583 corporum,
2801 2513 3014 2569 levium
3071 2516 3310 2586 quidem
3363 2532 3676 2588 supremus

2023 2599 2314 2668 omnium,
2367 2601 2632 2672 gravium
2695 2603 2955 2657 inﬁmus.
3019 2609 3099 2655 Ar.
3161 2603 3527 2660 levissimum
3587 2611 3678 2662 est

2023 2689 2198 2760 ignis,
2235 2690 2335 2761 qui
2372 2692 2558 2745 fertur
2590 2707 2770 2763 super
2791 2692 2985 2746 omnia
3017 2708 3294 2765 corpora;
3343 2698 3496 2748 terra
3544 2711 3675 2767 gra-

2021 2778 2353 2847 vissimum,
2406 2779 2680 2834 omnibus
2731 2779 3064 2852 subjacens.
3117 2783 3189 2836 At
3235 2799 3452 2855 corpus
3505 2800 3677 2840 omne

2022 2867 2079 2922 in
2113 2867 2368 2923 naturali
2416 2885 2523 2924 suo
2574 2869 2962 2925 constitutum
3013 2869 3133 2924 loco
3189 2887 3294 2927 nec
3344 2888 3520 2944 grave
3567 2889 3673 2928 nec

2021 2955 2143 3012 leve
2174 2962 2284 3022 est,
2325 2959 2562 3030 quando
2591 2962 2802 3014 'autem
2846 2977 2880 3015 a
2926 2957 3178 3014 naturali
3230 2960 3356 3016 loco
3407 2963 3574 3018 abest
3622 2967 3679 3017 et

2021 3045 2090 3099 ad
2119 3061 2253 3101 eum
2286 3046 2495 3113 tendit,
2529 3050 2670 3102 tunc
2701 3047 2787 3103 vel
2820 3049 3099 3119 gravitate
3125 3050 3434 3122 prmditum
3469 3053 3558 3106 est
3585 3049 3673 3106 vel

2018 3133 2277 3192 levitate.

2366 3243 2456 3299 68.
2493 3245 2566 3299 De
2591 3246 2941 3316 parvissimis
2970 3247 3324 3319 corpusculis.

1969 3293 1982 3315 1

1969 3293 1982 3315 ,
2371 3289 2456 3299 νυ.
2493 3289 2561 3299 ..ν
2591 3289 2680 3316 μ...
2703 3289 2940 3302 ηψπ..-
2970 3289 3324 3319 mrum...“

1941 3289 1982 3354 (³
2093 3330 2445 3386 Parvissima
2477 3334 2596 3388 sive
2627 3334 2873 3390 minima
2905 3335 3237 3408 philosophi
3287 3340 3498 3391 vocant
3546 3353 3669 3392 cor-

2020 3420 2263 3492 puscula
2298 3422 2560 3492 quaedam
2595 3423 2812 3494 quibus
2841 3424 3002 3479 nulla
3032 3425 3147 3480 alia
3190 3425 3457 3497 parviora
3508 3442 3673 3497 repe-

2020 3511 2274 3578 riuntur,
2310 3516 2773 3583 supponuntque
2805 3512 2902 3567 illa
2955 3530 3084 3569 esse
3128 3515 3187 3568 in
3237 3513 3430 3570 nullas
3476 3519 3674 3586 partes

2020 3597 2354 3667 divisibilia,
2404 3599 2804 3655 minutissima
2858 3606 2912 3658 et
2963 3604 3115 3658 mole
3163 3603 3465 3673 destituta,
3499 3608 3673 3674 atque

2019 3687 2244 3754 exsilia,
2272 3689 2553 3760 principia
2585 3706 3040 3762 corporum,non
3073 3692 3386 3748 efﬁcientia
3414 3693 3516 3748 sed
3552 3711 3672 3750 ma-

2017 3777 2266 3832 terialia.
2301 3777 2525 3832 Dicitur
2543 3783 2599 3833 et
2622 3777 2735 3834 alio
2761 3796 2936 3835 sensu
2963 3780 3378 3852 parvissimum
3405 3781 3527 3837 sive
3561 3780 3671 3836 mi-

2021 3867 2248 3921 nimum
2285 3867 2437 3939 apud
2472 3867 3138 3941 arithmeticos,quando
3167 3872 3238 3926 de
3269 3870 3531 3926 numeris
3562 3871 3670 3925 du-

2019 3953 2273 4025 plicibus
2304 3955 2392 4011 vel
2418 3955 2750 4029 triplicibus
2782 3963 2881 4013 aut
2912 3959 3042 4014 aliis
3076 3959 3366 4032 ejusmodi
3400 3963 3675 4030 tractant,

2017 4044 2175 4100 verbi
2209 4045 2398 4116 gratia
2429 4050 2557 4100 octo
2591 4053 2730 4102 sunt
2755 4047 3002 4120 duplum
3036 4049 3676 4122 quaternarii,quatuor

2017 4133 2251 4202 binarii,
2289 4135 2402 4189 duo
2434 4135 2646 4190 unarii.
2683 4136 2807 4192 Non
2841 4139 3015 4192 datur
3046 4155 3176 4192 vero
3209 4137 3357 4192 alius
3392 4154 3675 4193 numerus

2017 4222 2235 4295 duplus
2267 4223 2418 4278 infra
2445 4223 2761 4296 binarium,
2797 4225 3081 4281 minimus
3113 4226 3295 4298 igitur
3322 4226 3538 4298 duplus
3585 4236 3675 4282 est

2019 4312 2280 4368 binarius
2311 4318 2574 4385 respectu
2613 4313 2878 4383 unitatis,
2913 4317 2998 4370 uti
3027 4315 3318 4371 ternarius
3358 4321 3446 4371 est
3496 4315 3671 4370 mini-

2019 4419 2152 4458 mus
2183 4402 2396 4475 triplus
2428 4404 2496 4458 ad
2532 4405 2797 4460 eamdem
2833 4405 3371 4461 unitatem.Dicitur
3402 4409 3458 4460 et
3491 4405 3667 4460 mini-

2019 4507 2180 4547 mum
2216 4493 2369 4564 quod
2405 4493 2476 4548 ad
2513 4493 2856 4549 tenuitatem
2887 4495 3186 4549 redactum
3221 4499 3328 4564 est,
3355 4495 3455 4549 sed
3490 4511 3668 4566 pecu-

2015 4580 2145 4636 liari
2179 4581 2402 4636 ratione
2427 4581 2789 4655 philosophis
2812 4583 3225 4654 parvissimum
3251 4583 3669 4656 corpusculum

1932 4663 1978 4728 D
2013 4670 2095 4724 ita
2127 4671 2486 4725 nominatur.

2278 4775 2368 4828 69.
2405 4779 2483 4830 De
2514 4779 2684 4832 variis
2715 4777 3010 4848 gcncribus
3039 4779 3387 4848 cognitionis.

2082 4861 2278 4917 Prima.
2327 4866 2384 4917 et
2443 4864 2755 4920 sublimior
2803 4866 3208 4937 cognitionum
3262 4866 3526 4922 omnium
3580 4872 3672 4923 est

2012 4950 2530 5024 providentia,quze
2563 4959 2650 5009 est
2680 4955 2830 5009 actio
2857 4957 3133 5012 Dei.l)eus
3164 4954 3459 5027 siquidem
3493 4973 3674 5027 super

2011 5040 2210 5096 omnia
2241 5058 2368 5112 qua:
2403 5045 2545 5096 sunt
2573 5047 2628 5097 et
2660 5060 2838 5115 super
2871 5044 3059 5116 ipsam
3097 5049 3353 5100 mentem
3406 5045 3670 5118 potentia

2011 5129 2258 5200 pollens,
2287 5133 2342 5184 et
2391 5130 2623 5202 proprie
2666 5147 2851 5186 unum
2900 5132 3209 5201 exsistens,
3241 5133 3352 5189 hoc
3384 5132 3512 5205 ipso
3545 5134 3670 5190 solo

2011 5235 2126 5274 uno
2157 5218 2430 5274 omnibus
2465 5220 2750 5290 providet.
2788 5220 2985 5277 Altera
3015 5223 3270 5295 cognitio
3302 5227 3390 5278 est
3431 5221 3668 5279 intelle-

2009 5308 2370 5379 ctualis,qua
2413 5325 2576 5364 mens
2604 5325 2884 5381 suprema
2916 5311 3186 5367 universe
3217 5311 3416 5367 omnia
3448 5312 3664 5368 intelli.

2007 5397 2107 5468 git.
2142 5397 2332 5452 Tertia
2365 5402 2495 5469 post
2525 5397 2675 5453 hanc
2702 5403 2790 5454 est
2815 5399 3070 5471 cognitio
3104 5401 3159 5456 in
3189 5401 3388 5457 anima
3437 5407 3664 5470 nostra,

2006 5503 2130 5558 ques
2161 5487 2219 5542 in
2252 5487 2586 5558 Opinionem
2617 5494 2673 5542 et
2703 5488 3007 5544 scientiam
3041 5490 3540 5562 distinguitur.Ex
3572 5492 3669 5549 his

2007 5577 2206 5648 opinio
2229 5582 2318 5631 est
2336 5578 2588 5648 cognitio
2606 5594 2800 5632 rerum
2819 5578 3122 5634 mobilium
3142 5579 3664 5652 mutabiliumque:

2007 5665 2255 5722 scientia
2327 5665 2744 5734 immobilium,
2801 5671 2862 5722 ut
2918 5668 3147 5739 animae,
3199 5668 3436 5740 mentis,
3489 5673 3668 5742 atque

2009 5756 2257 5813 aliorum
2291 5756 2603 5828 ejusmodi.
2630 5758 2846 5824 Quarta
2877 5761 2930 5814 et
2962 5762 3257 5830 postrema
3287 5757 3543 5831 cognitio
3573 5775 3637 5816 es
