4072 6346
408 335 517 396 731

1734 340 2164 408 MICHAELIS
2211 349 2483 423 PSELLI

3702 367 3820 428 732

403 466 823 524 irrationabilis
853 468 1059 525 animae
1092 475 1301 527 nostrae
1336 476 1591 532 sensatio
1622 480 1694 549 et,
1717 476 2041 550 phantasia,

2163 478 2449 540 τοιούτων.
2481 481 2715 557 Τετάρτῃ
2737 491 2934 562 γνῶσις
2967 486 3056 544 καὶ
3087 486 3388 564 τελευταία,
3413 493 3447 563 ἡ
3478 500 3579 563 τῆς
3610 493 3819 573 ἀλόγου

403 574 495 614 res
518 558 903 632 particulares
933 561 1409 632 apprehendens.

399 776 489 830 70.
527 774 1326 856 Quomodoosemperhoperante
1349 782 1474 856 Deo,
1524 799 1634 839 non
1682 800 1893 856 semper
1936 786 2054 853 eius

809 846 818 856 ’
905 846 1199 905 νειίιίίήιιιν
1224 846 1542 925 participes.

473 936 749 1002 Quamvis
785 938 932 992 Deus
965 955 1196 1008 semper
1217 942 1676 1012 operatur,illius
1706 948 1904 1001 tamen
1936 963 2053 1002 non

403 1042 633 1097 semper
664 1026 944 1096 paticipes
977 1029 1279 1085 reddimur
1310 1038 1544 1103 prepter
1565 1040 1825 1089 nostram
1851 1036 2054 1108 inepti-

400 1115 667 1171 tudinem
702 1116 771 1170 ad
806 1132 938 1171 eum
972 1119 1395 1190 recipiendum.
1420 1122 1578 1178 sicut
1609 1123 1764 1179 enim
1799 1124 1919 1180 sole
1952 1143 2055 1198 per

403 1204 703 1259 meridiem
740 1206 868 1260 luce
900 1208 1097 1261 omnia
1127 1208 1405 1278 implente
1437 1228 1551 1267 non
1583 1230 1786 1270 omnes
1818 1216 1873 1268 in
1921 1232 2053 1271 eum

400 1292 618 1349 intueri
650 1299 918 1363 possunt,
952 1296 1051 1350 sed
1087 1298 1186 1367 qui
1219 1299 1389 1354 ﬁrma
1421 1300 1723 1359 oculorum
1755 1304 1876 1359 acie
1907 1322 2052 1375 gau-

401 1383 563 1447 dent,
596 1382 679 1437 ita
708 1400 809 1439 nee
843 1384 941 1439 Dei
977 1387 1287 1458 participes
1315 1389 1437 1444 fieri
1468 1408 1667 1447 omnes
1699 1400 1941 1464 queunt,
1983 1394 2053 1449 li-

403 1475 492 1527 cet
513 1470 610 1526 ille
634 1471 841 1541 quovis
865 1472 986 1527 sole
1010 1473 1468 1544 splendidiorem
1493 1478 1683 1536 lucem
1712 1483 2052 1557 intelligibi-

402 1561 517 1617 lem
550 1560 860 1630 exeril,scd
894 1566 1122 1619 tantum
1156 1564 1239 1620 illi
1273 1569 1374 1638 qui
1406 1568 1860 1630 intellectualem
1893 1592 2054 1632 men-

402 1651 479 1707 tis
512 1648 747 1705 oculum
784 1656 1099 1723 purgatum
1133 1654 1191 1709 in
1225 1656 1422 1713 anima
1453 1676 1560 1715 sua
1592 1668 1823 1734 gerunt.
1854 1668 1963 1722 Sed
1996 1671 2055 1724 et

404 1739 539 1813 ipsa
570 1755 715 1810 pura
747 1755 912 1794 mens
944 1743 1155 1813 smpius
1185 1744 1243 1799 in
1277 1748 1647 1821 percipiendo
1676 1753 1869 1810 divino
1899 1755 2052 1813 labo-

2162 570 2372 645 ψυχῆς,
2408 570 2655 643 αἶ’σθησις
2683 578 2775 630 καὶ
2802 580 2836 647 ἡ
2866 578 3149 653 φαντασία,
3187 585 3425 657 μερικῶν
3481 587 3822 661 πραγμάτων

2162 656 2719 736 ἀντιλαμϐανόμεναι.

2162 786 2227 859 ρ’.
2262 790 2384 849 Πῶς
2417 787 2518 843 οὐκ
2549 789 2628 845 ἀεὶ
2659 792 2960 883 μετέχομεγ
2986 798 3084 848 τοῦ
3140 800 3293 866 Θεοῦ,
3342 797 3423 852 ἀεὶ
3467 799 3822 877 ἀνεργοῦντος

2898 886 3082 923 αυτοῦ.

2236 946 2305 1000 Οὐ
2352 948 2652 1026 μετέχομεν
2682 953 2761 1009 ἀεὶ
2811 958 2907 1009 τοῦ
2958 960 3113 1025 Θεοῦ,
3166 958 3210 1012 εἷ
3241 960 3330 1013 καὶ
3364 960 3442 1015 ἀεὶ
3477 960 3683 1036 ἐνεργεῖ
3734 965 3821 1019 οῦ·

2163 1058 2254 1099 τος
2318 1034 2407 1092 διὰ
2480 1041 2577 1109 τήν
2647 1042 2916 1119 ἡμετέραν
2987 1044 3476 1119 ἀνεπιτηδειότῃτα
3528 1052 3667 1125 πρὸς
3719 1055 3819 1123 τὴν

2169 1130 2415 1201 μέθεξιν.
2497 1134 2696 1209 Ὥσπερ
2776 1139 2874 1212 γάρ
2949 1147 3046 1198 τοῦ
3098 1140 3265 1212 ἡλίου
3317 1142 3379 1197 τὸ
3440 1140 3814 1220 μεσημϐρινὸν

2165 1220 2372 1277 ἅπαντα
2420 1220 2956 1303 καταλαμϐάνοντος,
3013 1232 3074 1288 οὐ
3130 1231 3324 1294 πάιτες
3383 1232 3460 1293 εἷς

2166 1311 2416 1380 ατενῖζειν
2479 1311 2750 1384 δύνανται,
2785 1317 2912 1376 ἀλλ’
2944 1323 2995 1376 οἱ
3027 1321 3332 1399 ἐρῥωμένον
3382 1322 3473 1377 τὸν
3527 1322 3815 1400 caecilia?”

2164 1397 2401 1476 ἔχοντες·
2438 1402 2608 1465 οὕτως
2640 1404 2762 1461 οὐδὲ
2791 1414 2887 1463 τοῦ
2919 1416 3050 1466 Θεοῦ
3081 1412 3273 1472 πάντες
3328 1412 3577 1487 μετέχειν
3621 1410 3815 1469 δύναν-

2162 1510 2270 1558 ται,
2320 1489 2414 1545 κᾶν
2476 1491 2675 1555 ἐκεῖνος
2733 1496 2865 1574 ὑπὲρ
2915 1498 3077 1571 ἥλιον
3140 1501 3221 1556 ἀεὶ
3260 1500 3321 1555 τὸ
3358 1502 3553 1572 νοητὸν
3588 1507 3702 1580 φῶς

2163 1579 2353 1651 απλοῖ,
2416 1582 2561 1640 ἀλλά
2619 1588 2777 1656 μόνοι
2836 1592 2885 1645 οἱ
2912 1593 2972 1646 τὸ
3002 1594 3187 1668 νοερὸν
3222 1590 3379 1666 ὄμμα
3406 1595 3813 1670 κεκαθαρμένον

2162 1671 2213 1726 ἐν
2269 1676 2336 1747 τῇ
2389 1676 2540 1749 ψυχῇ
2575 1677 2846 1753 φέροντες.
2882 1680 3092 1755 Κάμνδι
3138 1679 3196 1735 δὲ
3225 1680 3495 1745 πολλάκις
3528 1684 3621 1738 καὶ
3654 1683 3812 1746 αὐτὸς

2163 1763 2453 1837 ὁκαθαρὸς
2481 1769 2604 1828 νοῦς
2638 1768 2770 1841 πρὸς
2826 1772 2926 1840 τήν
2979 1772 3268 1845 ἀντίληψιν
3324 1777 3431 1827 τῶν
3493 1773 3651 1837 θείων
3716 1775 3814 1830 a6-

3516 1233 3677 1289 αὑτὸν
3730 1234 3815 1290 ἐν·

402 1837 496 1888 rat
531 1833 857 1904 splendore,
893 1833 1169 1906 quoniam
1203 1852 1317 1892 non
1350 1840 1589 1896 omnino
1620 1841 1805 1899 libera
1834 1849 1891 1900 et
1940 1846 2041 1903 im-

2159 1854 2292 1926 γῶν,
2353 1850 2491 1906 διότι
2552 1852 2650 1908 οὐκ
2696 1851 2836 1925 ἔστιν
2891 1855 3171 1933 ἐλεύθερος
3205 1856 3331 1914 οὐδὲ
3359 1859 3695 1915 παντάπασιν
3726 1858 3814 1916 ἄϋ·

400 1922 743 1993 materialis,
776 1924 877 1980 sed
911 1925 1169 1982 materia:
1208 1930 1265 1981 et
1296 1930 1523 2000 corpori
1575 1936 1664 1989 est
1714 1936 2042 2006 conjuncta.

396 2009 517 2067 Erit
548 2016 770 2081 autem,
805 2014 1039 2084 quando
1070 2020 1199 2086 post
1232 2016 1583 2075 solutionem
1617 2038 1650 2076 a
1704 2038 1943 2095 corpore
1992 2030 2050 2082 et

397 2104 699 2171 speratam
731 2102 1187 2173 restitutionem,
1221 2103 1345 2160 sine
1376 2106 1813 2169 intermissione
1862 2113 2045 2171 aciem

397 2187 455 2243 in
491 2194 671 2245 Deum
704 2189 993 2246 intentam
1026 2192 1285 2249 habebit.
2037 2190 2042 2195 ’

689 2298 777 2352 74.
812 2299 953 2353 Num
984 2300 1116 2370 quid
1146 2302 1203 2355 in
1235 2303 1446 2373 angelis
1472 2306 1543 2361 sit
1567 2308 1749 2363 mali?

464 2385 777 2457 Gregorius
809 2388 1138 2459 Theologus
1171 2391 1441 2448 Oratione
1469 2393 1527 2449 in
1578 2397 1793 2454 Christi
1839 2402 2043 2457 nativi-

392 2477 573 2529 tatem
605 2474 841 2545 angelos
873 2478 941 2531 ad
973 2477 1193 2534 malum
1227 2484 1445 2538 moveri
1479 2501 1649 2556 posse
1674 2494 1865 2562 negat.
1917 2491 2043 2549 Non

395 2563 677 2635 ignorans
712 2569 905 2621 tamen
939 2567 1259 2640 diabolum,
1295 2572 1539 2644 angelus
1570 2593 1702 2633 cum
1735 2585 2043 2647 esset,ma-

406 2651 531 2708 lum
562 2654 779 2709 factum
830 2671 979 2727 esse,
1032 2658 1344 2715 difficulter
1390 2662 1599 2720 saltem
1648 2666 1780 2724 illos
1830 2674 2042 2728 moveri

408 2759 581 2813 posse
614 2742 826 2799 innuit.
861 2749 933 2800 At
978 2746 1363 2818 sapientiores
1403 2752 1755 2824 Grazeorum,
1805 2760 2046 2832 angelos

402 2832 519 2887 Deo
547 2832 849 2903 proximos
882 2851 948 2889 ac
978 2836 1159 2892 veluti
1192 2838 1248 2893 in
1281 2840 1504 2898 foribus
1535 2844 1861 2904 divinitatis
1908 2867 2045 2905 con-

392 2921 633 2978 stitutos
665 2923 1042 2997 arbitrantes,
1075 2928 1213 2984 mali
1249 2931 1561 3005 participes
1594 2935 1715 2991 ﬁeri
1748 2955 1921 3010 posse
1952 2940 2041 2995 in-

398 3010 841 3070 ﬁciantur.Cum
874 3015 1030 3071 enim
1065 3017 1283 3074 silentii
1314 3021 1495 3077 divini
1524 3024 1643 3080 sint
1672 3026 2039 3103 interpretes,

384 3099 782 3173 bonitatisque
814 3105 1031 3174 nuntii,
1065 3110 1379 3178 quomodo,
1414 3110 1716 3184 inquiunt,
1741 3099 1879 3173 mali
1913 3099 2042 3177 esse

2160 1938 2276 2011 λος,
2310 1940 2436 1997 ἀλλ’
2464 1938 2652 2006 ἔνυλος
2683 1946 2772 2000 καὶ
2827 1949 3161 2021 σωματικός.
3214 1951 3400 2005 Ἔσται
3435 1947 3494 2005 δὲ
3518 1950 3630 2022 ὅτε,
3682 1952 3816 2025 μετά

2153 2030 2251 2099 τὴν
2304 2035 2399 2085 τοῦ
2467 2034 2721 2107 σώματος
2802 2036 3066 2093 ἀπόλυσιν
3140 2038 3229 2094 καὶ
3286 2040 3387 2108 τήν
3444 2038 3809 2115 ἐλπιζομένην

2154 2116 2610 2195 ἀποκατάστασιν,
2642 2121 2905 2197 διηνεκῶς
2938 2127 3166 2183 ἀτενίσει
3197 2132 3336 2201 Θεῷ.

2475 2321 2573 2377 οα’.
2607 2319 2671 2378 Et
2702 2320 2812 2377 ἔστι
2843 2344 2894 2377 τι
2926 2322 2978 2377 ἐν
3007 2322 3264 2401 ἀγγέλοις
3293 2320 3481 2382 κακόν.

2225 2407 2281 2461 Ὁ
2343 2406 2435 2479 μὲν
2470 2406 2736 2485 Θεολόγος
2796 2412 3098 2487 Γρηγόριος
3159 2412 3211 2467 ἐν
3255 2419 3376 2475 τοῖς
3424 2418 3521 2469 τοῦ
3573 2415 3809 2492 Χριστοῦ

2154 2495 2453 2570 γενεθλίοις
2491 2496 2747 2573 βούλεται
2799 2500 2892 2573 μὲν
2931 2502 3223 2573 ἀκινήτους
3280 2503 3408 2558 εἶναι
3465 2502 3594 2566 τοὺς
3649 2504 3808 2579 ἀγγε-

2155 2584 2285 2649 λους
2317 2587 2452 2663 πρὸς
2498 2587 2560 2641 τὸ
2617 2588 2805 2645 κακόν.
2840 2588 3018 2656 Εἰδὼς
3049 2588 3106 2646 δὲ
3134 2592 3225 2647 τὸν
3259 2588 3541 2664 διάϐολον,
3572 2590 3805 2669 ἄγγελον

2158 2675 2252 2747 μὶν
2304 2672 2452 2744 ὄντα,
2510 2678 2677 2733 κακὸν
2731 2676 2789 2733 δὲ
2840 2681 3138 2756 γεγονότα,
3191 2679 3549 2752 δυσκινήτους
3608 2682 3805 2746 αὐτοὺς

2155 2766 2527 2844 ἀποφαίνεται.
2581 2766 2737 2825 Οἳηδὲ
2766 2770 3067 2848 σοφώτεροι
3116 2776 3222 2827 τῶν
3256 2771 3541 2843 Ἑλλήνων
3572 2771 3626 2828 ἐν
3658 2794 3803 2848 προσ

2153 2853 2338 2925 θύροις
2390 2860 2486 2910 τοῦ
2536 2855 2668 2912 Θεοῦ
2724 2857 2853 2922 τοῦς
2911 2859 3179 2935 ἀγγέλους
3243 2860 3476 2923 ἑστῶτας
3534 2861 3802 2934 οἲόμενοι,

2155 2945 2464 3019 ἀμετόχους
2488 2944 2684 3009 αὐτοὺς
2712 2952 2809 3003 τοῦ
2860 2952 3029 3004 κακοῦ
3082 2970 3229 3027 φασι.
3278 2948 3419 3011 Τοὺς
3476 2951 3581 3026 γάρ
3624 2950 3803 3026 ἀπαγ-

2151 3031 2449 3110 γέλλοντας
2480 3035 2577 3103 τὴν
2631 3037 2772 3100 θείαν
2806 3038 2984 3113 σιγὴν,
3034 3038 3125 3093 καὶ
3167 3039 3230 3093 τὸ
3274 3038 3469 3115 ἀγαθὸν
3520 3038 3804 3117 ἐκφαίνον⁴

2150 3144 2266 3191 τας,
2325 3128 2442 3186 πῶς
2503 3123 2561 3179 ἂν
2622 3127 2780 3203 φασὶν
2840 3130 2975 3182 εἶναι
3032 3128 3267 3196 κακούςς
3311 3129 3801 3205 Ἀιρομοιοῦσιγάρ

384 3191 675 3261 possunt?
708 3192 1053 3265 angelorum
1085 3196 1301 3270 quippe
1332 3216 1520 3270 genus
1547 3205 1878 3262 assimilant
1900 3208 2037 3277 Deo,

2158 3212 2213 3266 τὸ
2245 3211 2528 3288 ἀγγελικὸν
2580 3191 2750 3292 φῦλον
2796 3222 2875 3289 τῷ
2900 3217 3015 3289 Θεῷ
3068 3217 3159 3295 ἀφ’
3217 3191 3278 3272 οῦ
3337 3191 3653 3292 ἐξῆρτηται,
3708 3191 3801 3273 ίίνα

384 3296 413 3335 a
449 3296 560 3350 quo
595 3281 903 3353 dependet,
940 3288 1003 3339 ut
1034 3302 1136 3356 per
1165 3304 1373 3358 puram
1407 3291 1855 3352 similitudinem
1907 3316 2039 3370 pro-

383 3368 693 3440 prietatem
746 3371 873 3441 eius
928 3374 1113 3443 possit
1171 3375 1511 3436 hominibus
1572 3388 1771 3439 notam
1830 3368 2038 3446 facere.

382 3456 639 3529 Angelos
670 3477 840 3531 porro
874 3468 1080 3519 vocant
1109 3464 1412 3525 universas
1444 3487 1571 3543 qua:
1596 3474 1706 3529 sub
1737 3474 1851 3532 Deo
1880 3479 2042 3549 {sunt

382 3552 726 3619 potestates.

663 3639 754 3693 72.
786 3640 931 3695 Num
963 3644 1337 3716 incorporalia
1367 3651 1482 3706 sint
1510 3653 1569 3707 in
1602 3653 1714 3711 loco
1737 3654 1764 3709 ?

453 3726 679 3800 Corpus
709 3736 765 3785 et
797 3731 1161 3804 incorporale
1194 3736 1302 3793 sibi
1336 3749 1736 3812 Opponuntur.
1770 3746 1827 3801 Si
1858 3747 2041 3821 igitur

382 3833 596 3889 corpus
626 3818 685 3874 in
716 3819 841 3876 loco
874 3827 981 3890 est,
1016 3824 1384 3898 incorporale
1415 3849 1529 3887 non
1563 3839 1653 3889 est
1681 3834 1741 3891 in
1781 3818 1929 3895 loco.
1979 3827 2038 3895 Si

381 3907 536 3962 enim
571 3908 671 3963 uni
704 3912 1109 3982 oppositorum
1133 3916 1244 3971 erit
1268 3935 1451 3976 unum
1477 3939 1507 3978 e
1530 3927 2039 3992 contrariis,alteri

383 3995 633 4053 alterum
684 3998 816 4056 erit.
872 4003 1074 4073 Itaque
1124 4005 1174 4060 si
1221 4012 1447 4079 corpori
1500 4014 1653 4081 quod
1686 4014 2038 4090 incorporati

383 4086 744 4144 contrarium
794 4095 883 4145 est
932 4095 1210 4164 competit
1252 4112 1382 4153 esse
1413 4099 1471 4154 in
1505 4099 1650 4171 loco,
1684 4086 2038 4179 incorporali

382 4181 675 4247 competet
706 4194 820 4233 non
855 4195 1004 4236 esse.
1042 4182 1185 4239 Nam
1219 4190 1273 4239 et
1306 4203 1432 4258 quae
1482 4192 1715 4262 proprie
1765 4196 2037 4273 incorpoo

379 4262 527 4320 ralia
557 4270 715 4334 sunt,
743 4270 1150 4337 prestantiora
1180 4282 1519 4346 sunt,quam
1552 4284 1617 4335 ut
1648 4282 1767 4340 sint
1797 4286 1854 4343 in
1887 4262 2033 4361 loco,

381 4368 572 4423 neque
602 4354 867 4413 localiter
892 4360 1237 4431 corporibus
1264 4370 1403 4421 sunt
1427 4373 1759 4442 praesentia,
1795 4379 1897 4434 sed
1951 4354 2034 4438 re;

381 4441 623 4512 latione,
657 4445 741 4499 uti
774 4446 975 4503 anima
1003 4456 1136 4519 post
1182 4452 1532 4515 solutionem
1584 4478 1616 4517 a
1658 4480 1920 4537 corpore,
1984 4474 2034 4528 sl

2154 3299 2243 3356 διὰ
2297 3305 2393 3372 τῆς
2423 3304 2752 3383 ἀκραιφνοῦς
2802 3307 3133 3379 ὁμοιότητος
3165 3306 3429 3385 ἐκφαίνειν
3462 3308 3629 3363 αὐτοῦ
3683 3314 3800 3371 τοῖς

2151 3395 2458 3469 ἀνθρώποις
2505 3396 2603 3464 τὴν
2656 3393 2907 3468 ἰδιότητα
2956 3395 3201 3469 δύνηται.
3248 3397 3550 3474 Ἀγγέλους
3610 3396 3668 3455 δὶ
3704 3399 3801 3463 τάς

2155 3484 2288 3557 μετά
2318 3484 2444 3539 Θεὸν
2474 3485 2647 3547 πάσας
2680 3482 2935 3560 δυνάμεις
2963 3488 3450 3561 κατονομάζουσιν.

2530 3665 2631 3741 οβ’.
2666 3665 2724 3720 Εἰ
2759 3664 2811 3721 έν
2841 3664 2994 3739 τόπῳ
3022 3668 3089 3722 τά
3119 3666 3403 3740 ἀσώματα.

2221 3754 2468 3811 Ἐναντία
2497 3755 2599 3809 εἶσὶ
2638 3757 2699 3811 τὸ
2732 3760 2888 3830 σῶμα
2944 3758 3031 3812 καὶ
3092 3758 3155 3812 τὸ
3212 3756 3524 3831 ἀσώματον.
3579 3757 3649 3815 Ei‘
3702 3758 3793 3813 οὖν

2147 3844 2210 3899 τὸ
2268 3849 2427 3917 σῶμα
2485 3844 2535 3899 ἐν
2593 3844 2768 3918 τόπῳ,
2824 3847 2888 3902 τὸ
2944 3847 3231 3920 ἀσώματον
3290 3848 3391 3903 οὐκ
3420 3847 3469 3902 ἐν
3500 3849 3673 3921 τόπῳ.
3734 3848 3797 3903 Εἰ

2148 3934 2252 4011 γὰρ
2319 3939 2397 4007 τῷ
2450 3933 2672 4009 ἐναντίῳ
2726 3936 2788 3992 τὸ
2845 3936 3102 4009 ἐναντίον,
3175 3938 3262 3993 καὶ
3322 3943 3417 4010 τῷ-
3452 3937 3679 4012 ένανκίῳ
3732 3939 3799 3993 τὸ

2148 4023 2408 4081 ὲνάντιον.
2442 4025 2591 4093 Οἷον,
2625 4024 2669 4080 εί
2698 4030 2778 4098 τῷ
2808 4025 3019 4099 σώματι
3049 4026 3112 4081 τὸ
3140 4026 3272 4081 εἶναι
3295 4025 3347 4082 ἐν
3369 4026 3544 4100 τόπῳ,
3577 4028 3797 4101 ἐναντίῳ

2148 4111 2262 4169 ὄντι
2285 4113 2365 4187 τῷ
2394 4115 2669 4189 ἀσωμάτῳ
2696 4117 2759 4171 τὸ
2796 4117 2871 4190 μὴ
2905 4117 2956 4171 ὲν
2984 4116 3137 4189 τόπῳ
3168 4117 3320 4174 εἶναι.
3349 4117 3435 4175 Τὸ.
3460 4119 3564 4193 γὰρ
3594 4118 3797 4193 κυρίως

2149 4205 2449 4278 ἀσώματα,
2505 4206 2787 4282 κρεῖττόνα
2844 4207 2945 4261 είσι
3001 4205 3234 4279 τούτου,
3295 4207 3385 4262 καὶ
3437 4213 3679 4271 τοπικῶς
3733 4206 3796 4263 οὗ

2145 4294 2359 4363 πάρεισι
2410 4299 2529 4356 τοῖς
2585 4296 2823 4367 σώμασι,
2854 4299 2922 4369 τῇ
2955 4293 3012 4350 δὲ
3044 4297 3226 4370 σχέσει
3284 4295 3530 4372 πάρεισιν
3582 4296 3793 4360 αὐτοῖς·

2146 4381 2260 4438 οἶόν
2286 4404 2338 4437 τι
2371 4382 2537 4458 λέγω·
2593 4387 2627 4453 ἡ
2685 4386 2837 4460 ψυχὴ
2904 4386 3037 4458 μετὰ
3095 4384 3357 4441 ἀπόλυσιν
3414 4387 3513 4455 τὴν
3560 4385 3668 4441 ἀπὸ
3698 4391 3794 4441 τοῦ

2147 4472 2419 4545 σώματος,
2481 4472 2526 4527 εί
2587 4473 2680 4546 μὲν
2739 4479 2989 4548 καθαρῶς
3046 4472 3340 4551 ἀπαλλαγῇ
3400 4475 3491 4530 καὶ
3552 4475 3793 4546 ἀπαθῶς,

386 4547 533 4644 pura
586 4538 643 4589 et
687 4535 994 4593 affectibus
1045 4538 1228 4598 libera
1258 4545 1615 4619 discesserit,
1649 4535 2036 4618 non—habebit

2158 4535 2243 4616 )ὐκ
2292 4535 2416 4637 ἔχει,
2465 4535 2648 4637 σχέσιν
2694 4535 2833 4637 πρὸς
2857 4535 2919 4619 τὸ
2974 4568 3133 4637 σῶμα
3167 4562 3197 4618 ὅ
3234 4535 3620 4621 ἀπόλέλοιπενο
3659 4565 3705 4622 εἷ

383 4620 727 4678 relationem
753 4626 823 4680 ad
849 4643 1061 4700 corpus
1086 4634 1239 4701 quod
1266 4634 1581 4709 reliquit.Si
1605 4659 1737 4701 vero
1761 4648 2033 4708 allectum

383 4713 718 4781 servaverit,
744 4721 903 4771 amat
929 4717 985 4773 id
1020 4721 1195 4777 etiam
1228 4723 1510 4798 solutum,
1545 4736 1603 4787 et
1632 4738 1847 4794 amoris
1880 4740 2032 4798 rela-

380 4800 541 4857 tione
569 4819 774 4861 versus
804 4805 948 4861 illud
982 4808 1248 4880 fertur,et
1279 4816 1616 4879 substantia
1658 4826 1893 4897 quidem
1942 4836 2032 4888 at-

381 4907 496 4963 que
528 4893 783 4950 essentia
813 4900 1040 4969 corpori
1071 4900 1433 4975 incorporale
1466 4926 1580 4966 non
1614 4893 1703 4970 est
1750 4933 2029 4992 praesens,

382 4981 591 5079 affectu
642 4986 839 5041 tamen
890 4990 1123 5058 quando
1165 4993 1291 5051 vult
1336 4996 1408 5052 ad
1465 4998 1609 5058 illud
1668 4981 1846 5063 vel-uti
1902 4981 2033 5082 pro:

384 5069 554 5141 repit.

784 5166 873 5220 73.
906 5166 1047 5224 Num
1078 5175 1313 5229 materia
1342 5177 1417 5232 sit
1450 5178 1587 5237 bona
1607 5189 1633 5237 γ

451 5248 612 5306 Plato
636 5251 1022 5327 philosophus
1051 5258 1109 5313 in
1144 5262 1339 5321 Timaeo
1370 5272 1673 5328 materiam
1704 5276 1861 5333 velut
1911 5293 2032 5336 ma-

378 5342 526 5394 trem
558 5345 613 5395 et
645 5344 930 5401 nutricem
962 5353 1356 5419 generationis
1384 5373 1578 5416 rerum
1622 5357 2026 5439 pulchrarum,

380 5445 739 5501 causamque
772 5434 988 5491 sociam
1023 5441 1334 5501 creationis
1370 5450 1575 5505 mundi
1606 5434 1904 5527 praedicat;
1927 5434 2029 5514 sed

312 5542 317 5543 ί
382 5516 479 5571 ubi
514 5517 741 5576 Eleates
771 5522 984 5596 hospes
1016 5526 1431 5605 loquitur,ipsa
1463 5516 1639 5596 causa
1662 5516 2031 5603 esse‘dieitur

380 5606 833 5667 inordinationis
865 5613 922 5669 in
958 5616 1254 5675 universo.
1285 5625 1356 5677 At
1399 5626 1454 5681 in
1506 5628 1746 5688 Philebo
1793 5611 2027 5708 dialogo

381 5712 507 5765 eam
541 5714 575 5755 a
602 5697 718 5759 Deo
750 5708 1041 5778 repetens,
1078 5709 1339 5769 divinam
1372 5719 1429 5770 et
1456 5717 1615 5789 [quia
1661 5741 1707 5781 at
1740 5723 1855 5783 Deo
1901 5697 2029 5798 μίσ-

2145 4649 2421 4722 ἐμπαθῶς,
2485 4652 2664 4727 ἀγαπᾷ
2717 4653 2849 4708 αὐτὸ
2901 4653 2991 4709 καὶ
3050 4651 3320 4723 διαλυθὲν,
3378 4656 3465 4709 καὶ
3517 4657 3551 4724 ὴ
3600 4658 3786 4731 ἀγάπη

2144 4742 2331 4815 σχέσις
2389 4741 2524 4816 πρὸς
2580 4740 2732 4811 αὐτὸ,
2784 4741 2874 4797 καὶ
2929 4743 3218 4799 ὑποστάσει
3280 4744 3373 4823 μὲν
3431 4745 3467 4814 ἡ
3526 4744 3685 4816 οὐσίᾳ
3728 4746 3792 4801 οὐ

2140 4827 2365 4901 πάρεστι
2394 4831 2457 4886 τὸ
2490 4830 2776 4905 ἀσώματον
2808 4837 2888 4905 τῷ
2919 4833 3154 4907 σώματι,
3190 4831 3336 4909 ῥέπει
3370 4830 3429 4889 δὲ
3477 4833 3614 4911 πρὸς
3660 4834 3792 4899 αὐτὸ

2141 4918 2265 4974 ὃταν
2299 4918 2587 4994 βούληται.

2637 5187 2737 5262 ογ’.
2787 5186 2853 5243 Εἰ
2891 5185 3057 5243 καλὸν
3090 5188 3124 5257 ἡ
3159 5184 3290 5259 ὕλη.

2210 5273 2436 5330 Πλάτων
2472 5276 2498 5331 ὁ
2531 5273 2831 5354 φιλόσοφος
2865 5277 2915 5332 ἐν
2978 5277 3071 5350 μὶν
3101 5281 3181 5350 τῷ
3211 5276 3431 5351 Τιμαίῳ
3465 5278 3676 5352 μητέρα
3699 5280 3793 5335 καὶ

2138 5364 2355 5434 τιθηνὸν
2413 5366 2512 5433 τῆς
2585 5369 2693 5420 τῶν
2772 5365 2954 5421 καλῶν
3028 5366 3308 5441 γενέσεως,
3364 5366 3453 5422 καὶ
3510 5369 3788 5423 συναιτίαν

2137 5460 2236 5523 τῆς
2292 5457 2387 5508 τοῦ
2436 5451 2647 5528 κόσμου
2723 5452 3085 5533 δημιουργίας
3144 5452 3310 5524 αὐτὴν
3383 5454 3732 5535 ἀποφαίνεται
3771 5478 3786 5492 ο

2141 5542 2191 5598 ἐν
2252 5539 2308 5597 δὲ
2367 5548 2485 5605 τοῖς
2539 5543 2635 5599 τοῦ
2698 5542 2950 5600 Ἐλεάτου
2978 5547 3127 5617 ξένου
3160 5542 3372 5621 λόγοις,
3404 5546 3583 5601 αἰτίαν
3613 5546 3783 5616 αὐτὴν

2140 5631 2283 5708 λέγει
2338 5639 2436 5702 τῆς
2492 5637 2587 5689 τοῦ
2644 5635 2843 5697 παντὸς
2895 5635 3133 5705 ἀταξίας.
3189 5635 3274 5691 Ἐν
3319 5631 3376 5691 δὲ
3428 5640 3508 5708 τῷ
3538 5634 3785 5714 διαλόγῳ

2136 5726 2215 5795 τῷ
2262 5719 2884 5799 καλουμένῳνψιλήϐῳ,
2943 5724 3047 5781 ἀπὸ
3104 5728 3237 5795 Θεοῦ
3284 5723 3373 5781 καὶ
3402 5724 3602 5798 ταύτην
3642 5747 3785 5803 παρ-
