4072 6346
162 353 167 356 ’
258 355 383 417 ’733

1444 357 1546 418 DE
1593 356 2035 419 OMNIFARIA
2078 358 2499 420 DOCTltINA.

3562 356 3687 433 7.34

250 484 428 564 ἄγων,
476 483 655 553 ἔνθεον
714 486 882 558 αὐτὴν
929 489 1019 545 καὶ
1075 487 1273 565 ἀγαθὸν
1328 486 1417 545 διὰ
1466 490 1563 559 τὴν
1627 488 1732 544 ἀπὸ
1780 490 1914 545 Θεοῦ

2043 497 2203 562 gnata
2234 494 2324 546 est
2358 491 2572 547 bonam
2602 491 2874 547 afﬁrmat.
2907 494 3128 547 Verum
3154 487 3396 547 Proclus
3428 486 3697 560 philoso-.

251 577 495 653 γέννεσιν
555 577 929 655 ἀποφαίνεται.
979 578 1232 654 Πρόκλος
1291 576 1348 635 δὲ
1399 580 1427 634 ὁ
1468 576 1769 657 φιλόσοφος
1797 574 1921 632 οὔτε

249 666 455 744 ἀγαθὸν
517 665 685 735 αὐτὴν
744 665 915 723 οἴεται
948 665 1071 724 οὔτε
1127 667 1313 726 κακόν.
1373 670 1462 733 Ὡς
1494 669 1588 741 μὲν
1620 667 1723 744 γὰρ
1756 663 1921 742 ἔσχα-

250 776 351 811 τον
403 760 511 812 τῶν
571 752 742 812 ὅντων
802 757 891 812 καὶ
952 757 1143 834 πόρρω
1170 763 1268 813 τοῦ
1326 757 1553 834 ἀγαθοῦ,
1585 756 1685 812 οὐκ
1716 756 1917 831 ἀγαθὸν

256 842 436 920 λέγει.
500 845 573 908 ὡς
634 843 693 901 δὲ
749 845 924 902 αἰτίαν
994 844 1418 923 δημιουργικὴν,
1470 843 1665 909 ἕντοῖς
1698 847 1918 921 ἀγαθοῖς

253 933 699 1010 ἀναγκαζόμενος
745 936 966 1003 τιθέναι,
1025 936 1192 1008 μέσην
1247 935 1413 1004 αὐτὴν
1444 938 1539 990 τοῦ
1569 935 1771 1011 ἀγαθοῦ
1828 934 1918 988 καὶ

253 1029 362 1080 τοῦ
392 1029 561 1080 κακοῦ
590 1025 760 1089 τιθεὶς
791 1026 1076 1100 ἀναγκαῖον
1104 1023 1452 1099 ἐπονομάζει.
1492 1024 1569 1080 Τὸ
1598 1024 1700 1099 γὰρ
1744 1021 1919 1085 ἐνδεὲς

256 1113 434 1183 αὐτῆς
460 1118 569 1169 τῶν
610 1113 846 1189 ἀγαθῶν,
897 1113 1169 1170 συντελεῖν
1203 1113 1350 1190 λέγει
1380 1112 1518 1189 πρὸς
1540 1115 1638 1183 τήν
1670 1117 1777 1167 τῶν
1806 1111 1919 1167 αἷσ-

260 1208 452 1274 θητῶν
483 1203 877 1279 δημιουργίαν,
906 1202 1039 1280 ὅπερ
1072 1203 1364 1279 ἀναγκαῖόν
1400 1202 1532 1258 ἐστι.

294 1316 397 1378 οὸ’.
431 1317 561 1394 Περὶ
591 1326 693 1390 τῆς
740 1319 876 1394 πρὸς
906 1319 971 1375 τὸ
997 1324 1151 1376 Θεῖον
1181 1324 1288 1377 τῶν
1322 1320 1490 1375 ὅντων
1526 1317 1881 1395 ἐπιστροφῆς.

334 1422 451 1473 Τῶν
510 1417 658 1494 παρά
713 1422 847 1473 Θεοῦ
891 1418 997 1474 ἀπὸ
1053 1421 1150 1473 τοῦ
1212 1419 1287 1490 μὴ
1350 1413 1505 1483 ὄντος
1553 1417 1628 1481 εἰς
1665 1418 1727 1471 τὸ
1785 1417 1917 1471 εἶναι

257 1507 685 1582 παραχθέντων,
739 1507 809 1562 τὰ
867 1508 961 1580 μὲν
991 1501 1106 1562 ἔστι
1165 1507 1329 1581 μόνον
1359 1503 1507 1576 ὄντα,
1541 1507 1615 1571 ὡς
1642 1506 1711 1562 τὰ
1732 1503 1922 1580 ἄψυχα

257 1597 519 1670 σώματα,
574 1596 640 1651 τά
671 1593 728 1651 δὲ
751 1595 840 1652 καὶ
881 1592 1010 1652 ὄντα
1037 1596 1128 1651 καὶ
1189 1600 1383 1666 ζῶντα,
1431 1595 1523 1663 καὶ
1569 1600 1823 1667 νοοῦντα,
1845 1596 1918 1659 ὡς

254 1688 320 1741 αἱ
385 1685 562 1762 ψυχαὶ
620 1686 710 1741 καὶ
759 1687 811 1740 οἱ
842 1686 985 1748 νόες.
1034 1687 1296 1741 Ἔκαστον
1357 1683 1450 1740 οὖν
1508 1685 1643 1761 πρὸς
1666 1685 1758 1740 τὸν
1791 1684 1935 1743 Θεὸν,

255 1775 357 1853 ag’
412 1772 475 1830 οὗ
527 1776 791 1851 παρήχθη
823 1776 961 1830 κατά
1004 1772 1273 1845 τήνὶδίαν.
1328 1771 1550 1849 ὕπαρξιν
1588 1772 1916 1852 ἐπιστρέφει,

2031 578 2184 651 phus
2232 595 2423 652 neque
2473 580 2686 636 bonam
2736 579 2898 636 illam
2952 581 3121 652 putat
3166 593 3356 649 neque
3406 575 3623 633 malam
3670 593 3686 633 :

2030 673 2329 741 quatenus
2354 668 2509 725 enim
2541 669 2765 725 entium
2796 669 3069 724 inﬁmum
3097 667 3258 733 sit,et
3287 684 3321 722 a
3351 666 3504 722 bono
3535 666 3691 738 prin-

2030 758 2204 830 cipali
2236 757 2471 829 longius
2505 757 2981 821 remotum,haud
3000 756 3272 829 equidem
3296 756 3510 811 benam
3533 771 3683 812 esse:

2031 851 2324 920 quatenus
2353 863 2486 902 vero
2517 863 2755 901 causam
2788 845 3215 917 demiurgicam
3240 843 3571 900 necessario
3595 860 3685 899 ac-

2030 952 2269 992 censere
2300 936 2470 992 bonis
2502 936 2749 1008 cogitur,
2781 935 3033 1004 mediam
3083 950 3210 988 eam
3260 932 3413 991 inter
3465 933 3684 988 bonum

2029 1026 2373 1098 malumque
2408 1025 2572 1097 ponit
2592 1029 2648 1080 et
2670 1023 2930 1096 appellat
2948 1022 3685 1079 necessitatem.Defectum

2028 1115 2183 1171 enim
2216 1115 2315 1187 qui
2347 1116 2404 1170 in
2438 1114 2538 1170 illa
2563 1119 2653 1170 est
2702 1114 3004 1180 bonitatis,
3038 1113 3300 1169 conferre
3348 1111 3431 1167 ait
3478 1112 3549 1167 ad
3585 1112 3664 1166 fa-

2029 1205 2234 1261 cienda
2262 1203 2523 1273 sensilia,
2557 1204 2711 1276 quod
2748 1204 2942 1276 ipsum
2976 1201 3346 1259 necessitatis
3375 1205 3485 1258 est.

2298 1321 2389 1375 74.
2422 1322 2496 1377 De
2520 1290 2767 1385 {entiam
2795 1320 3106 1376 reversione
3138 1318 3215 1375 ad
3242 1319 3432 1375 Deum.

2102 1420 2311 1477 Rerum
2344 1435 2493 1491 quas
2514 1418 2667 1475 Deus
2687 1434 2823 1474 cum
2858 1433 2975 1473 non
2997 1420 3196 1473 essent
3228 1415 3362 1471 fecit
3382 1413 3684 1482 exsistere,

2030 1509 2305 1569 aliasunt
2324 1509 2736 1565 tantummodo
2764 1508 2945 1576 entia,
2970 1510 3036 1562 ut
3056 1520 3302 1577 corpora
3339 1503 3685 1570 inanimata,

2029 1598 2145 1656 alia
2174 1598 2332 1657 entia
2373 1602 2432 1653 et
2481 1596 2736 1653 viventia
2783 1613 3016 1669 quoque
3064 1600 3121 1651 et
3169 1592 3577 1666 intelligentia,
3624 1596 3701 1648 ut.

2029 1687 2237 1745 animm
2267 1703 2337 1745 ac
2364 1691 2608 1744 mentes.
2642 1687 2727 1741 Ad
2758 1686 2945 1742 Deum
2978 1685 3160 1758 igitur
3188 1702 3221 1740 a
3265 1700 3380 1756 quo
3430 1682 3690 1757 profecta

2030 1781 2171 1833 sunt
2201 1776 2439 1849 singula
2490 1792 2594 1848 pro
2639 1792 2759 1831 sum
2811 1774 3037 1831 ratione
3080 1772 3424 1831 substantiae
3471 1773 3701 1828 iterum.

251 1864 325 1920 τὸ
386 1865 485 1937 μὲν
548 1868 682 1932 ζῶον
713 1865 804 1919 καὶ
836 1861 1094 1926 οὐσιῶδες
1149 1864 1249 1920 καὶ
1287 1862 1608 1940 γτωστικόν.
1659 1864 1925 1923 Ἕκαστον

2043 1865 2603 1934 30nvertuntur,sive
2627 1865 2843 1923 animal
2878 1866 2956 1922 sit
2982 1864 3198 1930 vivum,
3241 1864 3361 1921 sive
3409 1863 3688 1921 substan-

254 1953 365 2032 γὰρ
422 1953 499 2018 ὡς
552 1950 851 2028 προῆλθεν⁴
909 1951 1051 2008 οὕτω
1100 1952 1189 2009 καὶ
1244 1951 1624 2029 ἐπέστραπται.
1656 1954 1831 2009 Τοῦτο
1868 1949 1935 2006 δὲ,

261 2042 330 2099 τὸ
364 2039 730 2121 φιλοσόφημα
759 2041 849 2097 καὶ
882 2042 909 2096 6
942 2041 1241 2120 φιλόσοφος
1282 2041 1535 2118 Πρόκλος
1567 2041 1618 2096 ἐν
1666 2047 1782 2103 τοῖς
1832 2061 1937 2095 κει

264 2131 536 2211 φαλαίοις
566 2130 732 2198 αὐτοῦ
762 2129 944 2202 τίθησι
992 2130 1081 2186 καὶ
1134 2128 1445 2206 διευκρινεῖ.
1503 2129 1602 2186 Καὶ
1642 2130 1749 2206 πρὸ
1792 2128 1926 2186 τούς

256 2242 363 2278 του
438 2222 467 2276 ὁ
535 2220 956 2297 Ἀρειοπαγίτης
1014 2219 1293 2283 Διονύσιος
1350 2221 1674 2299 σαφέστερον
1728 2218 1925 2275 τούτου

260 2305 569 2386 διακριϐοῖ,
599 2310 691 2366 καὶ
722 2309 861 2365 ἐστὶν
892 2311 920 2365 6
953 2308 1121 2385 λόγος
1150 2314 1258 2365 τῶν
1283 2310 1423 2365 πάνυ
1445 2306 1924 2382 σπουδαζομένων,

266 2399 604 2479 σαφέστατός
633 2421 693 2455 τε
721 2398 809 2455 καὶ
843 2394 1227 2476 ἀκριϐέστατος
1258 2400 1356 2456 ὧν.

840 2578 932 2634 οε’.
964 2577 1096 2653 Περὶ
1126 2578 1353 2654 χρόνου.

338 2670 405 2727 Ὁ
461 2669 666 2745 χρόνος
728 2666 974 2731 ἐπινοίας
1046 2665 1388 2743 ἀνθρωπίνης
1444 2666 1554 2723 ἐστὶ
1609 2666 1791 2740 νόημα
1834 2665 1925 2721 καί

274 2754 476 2832 ὄνομα.
519 2755 742 2827 Ἐπειδή
794 2757 895 2835 γάρ
943 2757 1038 2831 μὲν
1085 2756 1280 2812 αἰώνια
1312 2756 1393 2813 ἀεὶ
1425 2752 1554 2813 ὄντα
1576 2756 1667 2813 καὶ
1701 2755 1928 2827 ἀκίνητά

270 2848 387 2919 ἰστι
424 2892 439 2918 ,
496 2847 564 2902 τά
614 2845 672 2903 δὲ
730 2848 835 2902 ὑπὸ
890 2846 1101 2918 κίνησιν
1160 2846 1353 2923 ῥέοντα
1403 2847 1493 2902 καὶ
1546 2845 1875 2926 φθειρόμενα
1909 2889 1923 2915 ,

260 2937 401 2995 αὐτὸ
432 2934 500 3009 δὴ
521 2935 585 2993 τὸ
632 2935 825 3014 μέτρον
856 2942 955 3007 τῆς
984 2938 1249 3008 κινήσεως
1307 2932 1507 3014 χρόνον
1557 2936 1842 3010 ὠνόμασαν
1872 2936 1925 2991 οἳ

263 3028 591 3105 φιλόσοφοι.
649 3023 792 3084 Οὐδὲ
840 3026 944 3102 γάρ
992 3024 1369 3102 αόθόπαρκτον
1394 3031 1621 3103 πρᾶγμα
1651 3027 1680 3081 6
1722 3025 1927 3101 χρόνος

267 3117 443 3187 ἐστὶν,
505 3112 630 3183 οὐδὲ
683 3120 843 3189 σῶμα
899 3116 1252 3194 φαινόμενον,
1310 3112 1435 3171 οὐδὲ
1499 3114 1788 3189 ἀσώματός
1844 3136 1925 3179 τις

2035 1956 2115 2014 tia
2146 1958 2576 2023 tantummodo,
2610 1955 2729 2012 sive
2760 1957 3073 2028 prmditum
3121 1952 3423 2011 intellectu
3471 1969 3537 2009 ac
3586 1968 3688 2008 co-

2035 2046 2796 2119 gnitione.Unumquodque
2819 2046 2975 2101 enim
2999 2045 3078 2101 uti
3093 2043 3380 2117 processit
3407 2043 3488 2101 ita
3507 2042 3687 2099 etiam

2036 2139 2208 2195 redit.
2266 2138 2428 2194 Hanc
2482 2136 2953 2211 philosophicam
3012 2134 3495 2209 propositionem,
3545 2136 3683 2191 Pro-

2034 2226 2167 2284 clus
2197 2244 2429 2300 quoque
2446 2227 2741 2301 capitibus
2763 2226 2890 2284 suis
2920 2226 3174 2283 inseruit
3202 2224 3693 2295 discussitque,et

2036 2323 2172 2376 ante
2201 2334 2334 2374 eum
2372 2318 2681 2390 Dionysius
2712 2317 3056 2390 Areopagita
3086 2314 3405 2370 dilucidius
3422 2313 3602 2369 etiam
3633 2315 3695 2368 et

2037 2406 2366 2463 accuratius
2396 2406 2684 2479 exposuit,
2717 2405 3005 2479 singulari
3036 2404 3191 2461 enim
3223 2402 3691 2476 diligentia,per-

2034 2496 2346 2569 spicuitate
2376 2500 2432 2553 et
2461 2513 2603 2552 cura
2632 2496 2742 2552 hac
2775 2497 2846 2551 de
2875 2511 2937 2551 re
2968 2499 3057 2552 est
3087 2496 3543 2551 commentatus.

2617 2586 2709 2639 75.
2741 2586 2818 2641 De
2839 2593 3104 2656 tempore.

2108 2679 2367 2747 Tempus
2415 2691 2449 2730 a
2497 2674 2845 2745 cogitatione
2893 2673 3205 2730 hominum
3252 2670 3585 2745 concipitur
3636 2674 3697 2727 et

2037 2780 2253 2820 nomen
2286 2764 2532 2836 accepit.
2561 2767 2709 2820 Cum
2746 2762 2903 2820 enim
2953 2763 3077 2819 aliae
3127 2779 3220 2818 res
3277 2762 3397 2818 sint
3442 2766 3692 2828 aeternae,

2036 2870 2164 2927 quas
2186 2869 2423 2925 semper
2446 2853 2736 2909 exsistunt
2759 2857 3017 2925 suntque
3046 2850 3403 2919 immobiles,
3423 2850 3553 2907 alim
3583 2850 3695 2906 sub

2036 2943 2293 3007 motione
2314 2942 2648 2999 constitutae
2671 2946 2731 2999 et
2751 2946 2916 2998 ﬂuxas
2940 2940 3492 3015 corruptibilesque,
3524 2955 3693 2997 men-

2037 3033 2399 3091 surationem
2419 3032 2696 3088 motionis
2711 3031 3042 3105 philosophi
3060 3037 3283 3104 tempus
3297 3030 3694 3104 appellarunt.

2036 3122 2237 3195 Neque
2258 3120 2415 3178 enim
2437 3139 2529 3179 res
2550 3138 2654 3194 per
2676 3137 2740 3178 se
2762 3120 3095 3178 subsistens
3116 3126 3353 3193 tempus
3373 3125 3484 3187 est,
3510 3135 3701 3192 neque

265 3207 590 3275 ὖπόστασις,
645 3205 826 3278 ὥσπερ
879 3207 914 3275 ἦ
947 3204 1106 3283 φύσις
1162 3204 1253 3262 καὶ
1310 3207 1347 3276 ἡ
1405 3208 1560 3281 ψυχὴ
1591 3205 1682 3260 καὶ
1713 3205 1920 3274 ὁνοῢς,

2043 3228 2258 3285 corpus
2284 3212 2441 3284 quod
2474 3211 2751 3267 sensibus
2782 3210 3003 3283 percipi
3052 3214 3264 3283 potest,
3313 3226 3504 3283 neque
3552 3210 3700 3266 sub-

259 3294 416 3352 ἀλλά
468 3299 697 3372 πρᾶγμα
749 3294 801 3350 ἐν
854 3293 1068 3366 ἐπινοίᾳ
1128 3315 1267 3370 μονῃ
1320 3294 1595 3369 κείμνεον.
1651 3296 1714 3353 Ἡ
1743 3294 1921 3350 τοίνυν

261 3386 426 3461 ψυχή
478 3383 735 3449 ὰωθεῖσα
789 3388 868 3456 τῷ
921 3383 1216 3459 Κρείττονι.
1278 3382 1330 3439 ἐν
1378 3382 1458 3458 τῷ
1516 3383 1707 3440 ἑστῶτι
1764 3385 1920 3439 αἰῶνι

268 3462 441 3532 ιστίν.
501 3473 795 3551 Ἀφειμένη
856 3468 914 3528 δὲ
963 3477 1059 3527 τοῦ
1118 3472 1313 3537 αἰῶνος
1342 3471 1434 3528 καῖ
1463 3472 1585 3547 περί
1614 3494 1666 3527 τι
1700 3478 1929 3549 πρᾶγμα

258 3570 367 3635 τῆς
425 3560 689 3639 γενέσεως
719 3562 991 3633 κινηθεῖα,
1052 3561 1241 3637 χώραν
1297 3565 1377 3633 τῷ
1430 3560 1619 3641 χρόνῳ
1680 3556 1924 3614 δίδωσιν*

268 3650 439 3717 οὐδὲν
496 3651 588 3706 οὗν
644 3647 826 3723 ἕτερόν
886 3649 1026 3706 ἐστιν
1094 3651 1123 3706 6
1177 3651 1379 3727 χρόνος
1435 3648 1472 3720 ἢ
1530 3651 1724 3726 μέτρον
1768 3651 1924 3720 κινή-

267 3763 434 3806 σεως.

808 3925 906 3982 ος¹.
939 3919 1067 3994 Περὶ
1100 3920 1390 3990 κινήσεως.

342 4004 787 4078 Δοσκατανόητόν
857 4027 910 4062 τι
980 4012 1206 4084 πρᾶγμα
1273 4009 1309 4077 ἡ
1367 4006 1601 4078 κίνησις.
1666 4009 1814 4064 Ἐστι
1870 4002 1929 4060 δὲ

264 4095 413 4159 εἶδός
470 4118 524 4151 τι
593 4095 684 4151 καὶ
742 4095 985 4172 ἐνέργεια
1038 4095 1360 4170 κινουμένου
1418 4096 1756 4173 πράγματος,
1808 4095 1926 4150 καθ’

276 4188 337 4243 ὄν
373 4186 577 4264 χρόνον
635 4190 886 4242 κινεῖται.
945 4186 1078 4243 Οἲόν
1134 4207 1185 4240 τι
1246 4184 1416 4261 λέγω,
1474 4182 1585 4241 ἔστι
1614 4207 1667 4241 τι
1698 4192 1929 4263 πρᾶγμα

262 4274 656 4348 αὐξανόμενον,
686 4274 777 4331 καὶ
807 4272 947 4331 ἄλλο
1001 4272 1428 4349 ἀλλοιούμενον,
1483 4275 1572 4331 καὶ
1605 4273 1745 4331 ἄλλο
1776 4275 1941 4355 φερόο,

267 4383 459 4440 μενον·
513 4364 603 4419 καὶ
658 4368 755 4419 τοῦ
788 4364 883 4438 μὲν
942 4363 1309 4438 αὐξανομένου
1355 4363 1564 4434 κίνησις
1605 4366 1639 4435 ἡ
1682 4362 1926 4440 αὔξησις,

262 4458 367 4511 τοῦ
404 4451 462 4510 δὲ
492 4454 794 4532 φερομένοο
843 4456 878 4524 ἡ
936 4453 1096 4531 φορὰ,
1128 4454 1216 4508 καὶ
1250 4452 1397 4518 ὅλως
1422 4458 1523 4508 τοῦ
1566 4454 1861 4531 γενομένου
1891 4457 1926 4525 ἡ

262 4543 506 4622 γένεσις.
560 4546 743 4598 Ἔστιν
769 4542 860 4599 οὗν
892 4545 928 4613 ἡ
960 4542 1197 4613 κίνησις,
1231 4539 1355 4598 οὔτε
1387 4542 1535 4619 ἀρχὴ
1579 4541 1701 4599 οὔτε
1746 4542 1929 4619 τέλος,

2040 3301 2265 3357 stantia
2297 3298 2708 3372 incorporalis,
2741 3304 2807 3355 ut
2836 3304 3066 3368 natura,
3099 3300 3317 3368 anima,
3351 3316 3517 3355 mens
3547 3314 3562 3354 :
3595 3297 3699 3355 sed

2039 3390 2260 3463 aliquid
2294 3390 2352 3445 in
2385 3389 2512 3447 sola
2541 3390 2797 3460 positum
2830 3389 3205 3462 cogitatione.
3238 3388 3480 3454 Quando
3523 3388 3701 3461 igitur

2038 3479 2240 3537 anima
2299 3484 2431 3550 Deo,
2475 3478 2778 3551 jungitur,
2832 3477 2893 3534 in
2948 3495 3065 3534 aevo
3121 3477 3318 3534 stabili
3380 3478 3703 3535 constituta

2038 3572 2160 3638 est;
2203 3585 2339 3625 cum
2386 3573 2582 3625 autem
2634 3584 2753 3623 evo
2801 3566 2983 3623 veluti
3032 3567 3271 3636 emissa,
3322 3567 3395 3623 ad
3451 3583 3701 3639 genera-

2039 3658 2222 3725 tionis
2252 3656 2652 3714 conditionem
2686 3655 3178 3726 movetur,locum
3209 3656 3269 3712 in
3302 3672 3365 3713 se
3384 3656 3523 3712 facit
3552 3659 3704 3713 tem-

2039 3747 2458 3820 pori.Tempus
2486 3745 2667 3817 igitur
2696 3744 2845 3801 nihil
2877 3745 3036 3802 aliud
3070 3750 3159 3803 est
3184 3762 3362 3818 quam
3392 3760 3702 3801 mensura-

2037 3835 2121 3893 tio
2153 3834 2456 3892 motionis.

2668 3924 2760 3979 76.
2792 3925 2869 3979 De
2895 3926 3065 3981 motu.

2112 4015 2224 4072 Res
2274 4012 2533 4071 difﬁcilis
2580 4013 2883 4089 explicata.
2919 4020 3137 4070 motus.
3191 4013 3295 4070 Est
3347 4013 3505 4070 enim
3555 4012 3702 4070 ratio

2040 4105 2334 4178 quaedam,
2366 4108 2424 4160 et
2467 4104 2551 4159 rei
2600 4120 2728 4176 quas
2783 4108 3072 4174 movetur,
3126 4104 3277 4159 actio
3323 4120 3389 4159 eo
3437 4108 3704 4175 tempore

2040 4193 2196 4267 quod
2244 4196 2531 4249 movetur.
2579 4192 2673 4249 Uti
2725 4209 2777 4247 v.
2812 4208 2868 4264 g.
2897 4196 2987 4248 est
3020 4190 3243 4263 aliquid
3277 4192 3434 4263 quod
3465 4192 3699 4257 crescit,

2038 4283 2195 4355 quod
2228 4282 2685 4354 mutatur,quod
2720 4281 2907 4337 fertur
2937 4280 3057 4337 sive
3088 4282 3367 4354 agitatur;
3394 4286 3572 4354 atque
3605 4280 3701 4337 ille

2041 4371 2281 4445 quidem
2317 4376 2514 4427 motus
2545 4387 2659 4442 quo
2691 4371 2902 4427 crescit
2953 4370 3200 4444 aliquid,
3251 4371 3469 4426 dicitur
3512 4371 3702 4426 incre-

2041 4469 2330 4529 mentum,
2363 4461 2546 4516 motio
2577 4460 2659 4516 rei
2690 4461 2921 4533 agitatae
2966 4458 3107 4517 latio
3158 4461 3281 4517 sive
3327 4461 3593 4533 agitatio,
3641 4464 3702 4517 et

2045 4551 2313 4607 universe
2344 4550 2427 4606 rei
2461 4549 2757 4606 nascentis
2791 4549 3109 4621 generatio.
3142 4550 3340 4606 Metus
3372 4549 3554 4623 igitur
3598 4566 3704 4606 nec

264 4631 428 4690 ἀλλά
454 4632 518 4688 τὸ
553 4631 749 4706 μεταξὺ
801 4631 1028 4689 τούτων.
1056 4638 1163 4703 Τῆς
1220 4632 1322 4708 γάρ
1357 4630 1775 4706 οἰκοδομήσεως
1809 4629 1925 4688 οὕτε

2045 4640 2401 4712 principium
2430 4644 2521 4694 est
2551 4656 2655 4694 nec
2690 4640 2843 4705 finis,
2882 4640 2982 4693 sed
3030 4639 3287 4694 medium
3337 4638 3491 4695 inter
3540 4643 3702 4694 utra-

263 4724 302 4793 ἠ
338 4722 493 4799 ἁρχὴ
551 4721 784 4794 κίνησις,
844 4718 1003 4781 οὔπω
1044 4722 1146 4799 γὰρ
1176 4722 1476 4794 κεκίνηταιο
1511 4719 1635 4778 οὕτε
1661 4723 1723 4777 τὸ
1747 4721 1929 4795 τέλος,

266 4814 551 4868 πέπαυται
588 4813 690 4888 γὰρ
718 4812 781 4866 τὸ
812 4808 1177 4885 οἰκοδομηθὲν
1204 4831 1217 4844 ·
1249 4811 1313 4867 τὸ
1345 4809 1402 4867 δὲ
1432 4810 1482 4867 ἐν
1521 4810 1669 4885 μέσῳ
1698 4811 1929 4880 τούτων,

267 4904 392 4957 οἷον
424 4898 880 4977 ἠκοῖκοδόμησις,
912 4904 1073 4956 τοῦτο
1103 4899 1314 4971 κίνησίς
1345 4900 1512 4958 ἐστιν.
1543 4902 1708 4978 Ὃπερ
1744 4898 1809 4971 δὴ
1840 4899 1941 4959 καὶ

264 4988 640 5070 ἐνδελέχειαν.
670 4987 1051 5066 Ἀριστοτέλης
1076 4988 1384 5064 ὠνόμασεν.

836 5173 929 5239 οζ’.
957 5169 1091 5244 Περὶ
1118 5168 1376 5245 ἀνάγκης.

344 5257 626 5334 Ἀνάγκην
688 5257 1043 5331 ὀνομάζουσιν
1075 5259 1127 5313 o't
1182 5255 1476 5336 φιλόσοφοι
1529 5255 1756 5333 δύναμίν
1815 5281 1935 5315 τινα

267 5348 679 5424 ἁναγκαστικήν
736 5352 833 5403 τοῦ
892 5346 1351 5423 ἀποτελέσματος
1423 5349 1538 5405 οἷόν
1570 5372 1623 5405 τι
1672 5348 1837 5428 λέγω·
1898 5353 1933 5421 ἡ

271 5434 617 5512 ἀστρολογία
667 5440 775 5491 τῶν
848 5432 1055 5511 ἄστρων
1113 5436 1417 5513 σχημάτων
1482 5437 1792 5515 ἐξήρτηται,
1846 5440 1935 5495 καὶ

273 5526 393 5581 τῶν
454 5524 794 5600 ὑψωμάτων,
852 5524 943 5581 καὶ
1000 5530 1107 5582 τῶν
1163 5524 1394 5604 φάσεων,
1446 5528 1535 5583 καὶ
1592 5533 1701 5583 τῶν
1733 5527 1938 5583 οἰκοδε-

278 5620 502 5671 σποτῶν
549 5615 641 5669 καὶ
690 5620 799 5671 τῶν
847 5613 1056 5672 ἄλλων.
1115 5617 1278 5672 Ὃταν
1336 5615 1426 5672 οὖν
1459 5615 1738 5693 συνδράμῃ
1766 5618 1938 5691 πάντα

280 5705 422 5781 πρὸς
480 5705 543 5760 τὸ
599 5703 863 5780 γενέσθαι,
934 5705 1024 5761 καὶ
1086 5696 1257 5778 μηδέν
1314 5726 1366 5762 τι
1419 5707 1484 5777 ἦν
1519 5705 1835 5762 ἁντιπίπτον
1896 5709 1939 5777 ἢ

2047 4730 2261 4802 que.Ut
2289 4728 2349 4784 in
2381 4727 2763 4784 mdiﬁcatione
2796 4745 2901 4784 nec
2954 4727 3311 4801 principium
3362 4733 3450 4784 est
3500 4729 3702 4797 motio,

2043 4819 2313 4875 nondum
2368 4816 2521 4873 enim
2573 4822 2875 4883 movetur;
2928 4832 3115 4887 neque
3163 4817 3324 4883 ﬁnis,
3362 4818 3490 4888 jam
3542 4817 3703 4872 enim

2042 4907 2220 4964 desiit
2251 4906 2560 4976 aediﬁcari;
2592 4906 2694 4962 sed
2727 4906 2919 4962 media
2950 4905 3008 4960 in
3040 4905 3160 4973 his,
3191 4905 3500 4965 aediﬁcatio
3541 4920 3702 4961 nem-

2043 5014 2135 5070 pe,
2171 4996 2353 5052 motio
2387 4999 2496 5068 est,
2530 5011 2710 5070 quam
2742 4995 2916 5052 etiam
2968 4993 3371 5051 endelechiam
3419 4992 3703 5051 Aristoles

2044 5085 2429 5158 nuncupavit.
2506 5089 2513 5095 ’

2592 5174 2682 5230 77.
2714 5174 2790 5233 De
2819 5174 3152 5231 necessitate.

2113 5262 2538 5319 Necessitatem
2606 5262 2942 5335 philosophi
3003 5262 3303 5336 appellant
3376 5263 3700 5335 potentiam

2046 5357 2307 5409 coactam
2354 5354 2427 5408 ad
2477 5354 2769 5423 clientum,
2822 5353 2906 5409 uti
2952 5352 3269 5426 astrologia
3298 5352 3498 5408 omnia
3527 5353 3705 5408 refert

2048 5442 2120 5499 ad
2155 5445 2448 5498 astrorum
2482 5441 3153 5514 aspectus,altitudines,
3186 5441 3702 5513 apparentias,do-

2049 5532 2274 5587 minum
2308 5531 2589 5604 geniturae
2620 5537 2677 5588 et
2707 5530 2945 5587 similia.
2981 5530 3042 5585 Si
3086 5530 3268 5602 igitur
3313 5528 3511 5586 omnia
3559 5546 3701 5586 con-

2049 5626 2287 5677 currant
2317 5626 2381 5678 ut
2410 5621 2512 5677 ﬁat
2541 5620 2762 5693 aliquid
2790 5619 2879 5676 vel
2909 5636 3025 5676 non
3076 5620 3198 5687 fiat,
3249 5636 3353 5676 nec
3401 5620 3478 5677 sit
3525 5620 3698 5692 quid-

2049 5726 2228 5785 quam
2261 5712 2581 5769 adversans
2609 5709 2698 5769 vel
2728 5710 3109 5785 contrarium,
3142 5710 3251 5769 hoc
3283 5712 3696 5784 necessitatem
