4080 6350
398 379 519 439 735

1732 379 2160 445 MICHAELIS
2208 381 2475 443 PSELLI

3695 378 3818 441 736

400 515 1001 588 appellarunt,utpote
1033 520 1185 588 quod
1221 520 1421 576 evitari
1459 527 1514 578 et
1546 522 1757 578 mutari
1783 505 2063 592 nequeat.

2185 517 2534 591 ἱντικείμενον
2597 517 2834 594 ἀνάγκην
2893 523 3053 573 τοῦτο
3106 519 3406 591 εἰρήκασιν,
3457 517 3532 581 ὡς
3586 518 3816 593 ἀπαραί-

400 604 583 677 Cujus
618 624 748 662 vero
777 606 1153 678 particularia
1187 615 1415 665 tantum
1441 612 1609 682 signa
1632 628 1693 667 se
1716 611 2057 675 otl‘erunt,ut

405 695 527 752 ﬁeri
562 696 769 767 possit,
806 695 912 750 hoc
943 703 1229 753 vocarunt
1260 700 1625 771 contingens,
1667 683 1843 754 veluti
1899 697 2052 767 quod

404 784 589 855 possit
623 784 741 837 ﬁeri
793 790 845 837 et
891 800 1003 837 non
1053 786 1256 855 possit.
1310 786 1544 858 Proprie
1593 792 1785 842 autem
1836 786 2055 840 contin-

404 888 547 943 gens
578 877 667 927 est
697 888 789 927 res
822 873 933 927 sub
967 873 1205 929 arbitrio
1238 882 1435 931 nostro
1464 878 1674 947 posita,
1725 881 1783 930 et
1832 873 2055 946 aequale

403 977 467 1017 ac
501 977 604 1032 par
635 966 1003 1017 momentum
1054 964 1123 1017 ad
1179 964 1520 1020 alterutram
1575 970 1798 1038 partem
1850 980 2051 1021 secum

405 1049 648 1105 habens.

1045 1142 1135 1196 78.
1172 1144 1246 1197 De
1274 1145 1409 1213 fato.

476 1230 598 1285 Fati
632 1231 883 1286 rationes
915 1231 961 1287 si
996 1233 1128 1303 quis
1153 1236 1419 1288 accurate
1450 1230 1920 1304 intelligat,unde
1952 1233 2053 1288 de-

408 1321 677 1393 pendeat,
714 1338 957 1393 quazque
989 1324 1115 1391 ejus
1144 1322 1220 1375 sit
1256 1326 1482 1389 natura,
1516 1321 1834 1376 niaximum
1867 1321 2054 1393 philo-

406 1409 625 1482 sophiae
656 1414 876 1480 partem
912 1410 1511 1481 comprehenditmam
1545 1428 1577 1465 a
1606 1410 1779 1482 vulgo
1820 1411 2055 1483 quidem

410 1498 820 1567 contemnitur,
846 1504 906 1554 at
934 1499 1316 1568 sapientiores
1349 1500 1455 1555 hoc
1488 1516 1699 1556 nomen
1725 1500 2057 1572 suspiciunt

410 1594 466 1645 et
498 1590 807 1644 mirantur.
844 1589 913 1643 Ut
942 1606 1074 1645 vero
1102 1590 1422 1660 generatim
1475 1590 1686 1659 diram,
1734 1590 1919 1646 fatum
1969 1595 2060 1645 est

412 1683 624 1734 natura
655 1677 882 1746 mundi,
917 1695 1043 1749 qua:
1092 1682 1283 1733 movet
1330 1695 1605 1751 corpora:
1660 1678 2057 1752 particulatim

412 1772 609 1824 autem
636 1772 724 1822 est
746 1767 992 1823 reﬂexus
1016 1768 1259 1839 quidam
1293 1768 1491 1823 radius
1526 1768 1926 1840 providentiae,
1956 1787 2055 1823 cu-

2164 608 2326 676 τητόν
2387 629 2444 662 τε
2495 608 2583 661 καὶ
2645 608 2994 680 ἀμετάθετον.
3053 608 3123 662 Τὸ
3183 605 3239 661 δὲ
3298 606 3347 661 έν
3414 612 3659 681 μερικοῖς
3714 628 3819 675 ση-

2169 696 2343 768 μείοις
2383 698 2483 765 τήν
2535 695 2762 770 δύναμιν
2794 692 2947 773 ἕχον,
2977 702 3138 752 τοῦτο
3197 694 3555 771 ἐνδεχόμενον
3606 697 3815 773 ἀπειρή-

2164 808 2342 856 ναντο,
2405 788 2479 850 ὡς
2538 784 2834 860 δυνάμενον
2888 788 2974 843 καὶ
3024 788 3267 862 γενέσθαι
3309 787 3397 841 καὶ
3444 787 3519 859 μὴ
3551 787 3815 863 γενέσθαι.

2165 874 2375 951 Κυρίως
2434 872 2491 929 δὲ
2538 872 2898 950 ἐνδεχόμενόν
2957 874 3088 947 ἐστι,
3138 876 3199 929 τὸ
3258 874 3361 929 ὑπὸ
3416 875 3514 941 τὴν
3547 874 3817 946 ἡμετέραν

2164 966 2473 1041 προαίρεσιν
2530 965 2775 1038 κείμενον
2806 966 2915 1037 [xui
2964 967 3063 1034 τὴν
3106 965 3187 1040 ἐφ’
3218 965 3440 1036 ἑκάτερα
3466 964 3639 1041 ῥοπῂν
3688 967 3815 1034 ’ἰσην

2163 1056 2249 1109 καὶ
2285 1054 2474 1127 ὁμοίαν
2505 1052 2825 1130 δεχόμενον.

2653 1146 2753 1214 or".
2799 1143 2927 1219 Περὶ
2971 1144 3271 1219 εἱμαρμένη
3284 1166 3306 1206 ς
3319 1187 3329 1199 .

2236 1235 2341 1303 Τὴν
2390 1234 2727 1310 εῗμαρμένην
2784 1233 2835 1289 εἶ’
2892 1256 2974 1296 τις
3032 1234 3189 1309 γνοίη
3260 1234 3353 1289 σὺν
3405 1231 3675 1306 ἀκριϐείᾳ,
3730 1234 3821 1288 καὶ

2166 1322 2283 1377 ὅθεν
2343 1323 2430 1378 καὶ
2489 1325 2652 1379 ὁποία
2702 1326 2797 1393 τὴν
2857 1324 3035 1402 φύσιν,
3087 1322 3277 1398 μερίδα
3334 1324 3470 1400 πρὸς
3498 1324 3822 1401 φιλοσοφίαν

2170 1412 2423 1489 μεγίστην
2484 1411 2815 1491 παρείληφε,
2874 1415 3021 1489 παρὰ
3080 1415 3173 1487 μὲν
3220 1416 3319 1489 γὰρ
3376 1420 3493 1476 τοῖς
3558 1411 3822 1481 πολλοῖς,

2166 1505 2481 1576 ἁτιμάζεται
2539 1502 2804 1577 τοῦνομα,
2865 1505 3008 1578 παρὰ
3067 1501 3124 1558 δὲ
3174 1510 3291 1566 τοῖς
3326 1503 3660 1581 σοφωτέροις
3695 1515 3822 1567 θαυ-

2171 1594 2413 1666 μάζεται.
2468 1595 2623 1650 Ἔστι
2657 1591 2714 1648 δὲ
2742 1598 2971 1668 γενικῶς
3006 1593 3196 1660 εἰπεῖν,
3230 1596 3263 1662 ἡ
3299 1593 3455 1667 φύσις
3484 1598 3579 1648 τοῦ
3610 1592 3822 1665 κόσμου

2166 1684 2201 1751 ἠ
2256 1686 2479 1736 κινοῦσα
2536 1684 2601 1737 τὰ
2659 1681 2905 1754 σώματα·
2968 1685 3101 1736 κατὰ
3157 1684 3319 1756 μέρος
3350 1679 3408 1736 δὲ
3458 1679 3679 1756 δευτέρα
3737 1701 3820 1742 τις

2168 1771 2425 1845 προνοίας
2495 1768 2775 1844 ἔλλειμψις
2822 1773 2911 1826 καὶ
2973 1770 3275 1843 ἐπιστασία,
3335 1770 3401 1825 οὐ
3451 1772 3567 1825 καθ’
3616 1770 3823 1834 εὐθεῖαν

413 1856 682 1929 ratioque
716 1874 839 1929 quze
874 1874 989 1914 non
1017 1858 1236 1914 directo
1269 1862 1431 1913 motu
1466 1858 1666 1927 utitur,
1702 1860 1786 1914 uti
1829 1858 2060 1930 proprie

2185 1862 2267 1929 τήν
2318 1864 2530 1930 κίνησιν
2560 1858 2786 1935 ἔχουσα,
2844 1859 3025 1934 ὥσπερ
3085 1863 3118 1930 ἡ
3179 1858 3383 1937 κυρίως
3414 1858 3524 1915 ἐστὶ
3565 1860 3817 1933 πρόνοια,

412 1948 570 2003 dicta
602 1947 986 2019 providentia,
1022 1948 1119 2003 sed
1156 1954 1413 2019 tempore
1446 1950 1499 2002 et
1531 1948 1653 2003 loco
1686 1949 1756 2003 ad
1791 1948 2059 2003 ell‘ectum

410 2036 656 2108 indiget,
692 2039 845 2092 unde
876 2044 929 2091 et
964 2055 1176 2092 nomen
1209 2038 1363 2109 apud
1398 2040 1625 2092 Graecos
1674 2037 1869 2103 habet,
1922 2037 2064 2092 dici-

410 2130 626 2196 turque
686 2126 989 2199 εἱμαρμένη
1064 2127 1231 2197 quasi
1300 2124 1553 2197 εἰρομένη
1623 2127 1743 2182 sive
1811 2144 2067 2182 connexa

414 2216 683 2287 qumdam
718 2219 925 2270 natura
959 2219 1013 2270 et
1045 2214 1391 2285 coniplicata
1413 2232 1480 2269 ex
1502 2214 2068 2288 pluribus.Inc-orpo-

413 2303 563 2359 rales
594 2304 773 2375 igitur
808 2321 898 2358 res
929 2304 1038 2358 sub
1072 2304 1194 2358 sola
1228 2309 1366 2358 sunt
1398 2304 1780 2376 providentia,
1825 2322 2067 2377 corpora

414 2398 611 2449 autem
645 2394 754 2448 sub
789 2393 1153 2464 providentia
1187 2399 1242 2448 et
1276 2394 1408 2449 fato.

880 2500 968 2553 79.
1005 2502 1075 2555 De
1104 2503 1328 2571 fortuna
1360 2506 1412 2557 et
1443 2518 1593 2557 casu.

490 2590 746 2646 Fortuna
805 2592 1200 2646 accuratiores
1260 2591 1591 2663 philosophi
1649 2609 1762 2647 non
1828 2608 2065 2663 accepe-

417 2683 574 2747 runt,
611 2684 673 2734 ut
704 2679 1060 2751 quibusdam
1099 2698 1445 2752 persuasum
1478 2688 1586 2749 est,
1611 2699 1713 2753 pro
1747 2698 1805 2737 re
1838 2682 2068 2737 irratio-

418 2769 598 2825 nabili
625 2769 751 2824 sine
778 2769 981 2825 ordine
1007 2774 1063 2824 et
1092 2786 1261 2839 nexu,
1283 2771 1381 2825 sed
1416 2775 1747 2826 statuerunt
1767 2788 1893 2827 esse
1926 2788 2065 2826 con-

418 2859 780 2915 secutionem
813 2859 1178 2914 indeﬁnitam
1212 2859 1270 2914 in
1322 2860 1498 2915 rebus
1550 2878 1613 2915 ex
1667 2861 1963 2933 proposito
2014 2865 2070 2916 et

417 2954 654 3022 propter
686 2948 858 3004 finem
890 2948 1139 3020 aliquem
1174 2949 1483 3021 susceptis.
1522 2949 1682 3004 Verbi
1717 2951 1904 3021 gratia
1933 2951 2071 3005 exiit

418 3038 634 3110 aliquis
667 3039 837 3093 domo
867 3037 1100 3094 lavandi
1145 3054 1340 3103 causa,
1396 3039 1503 3093 hoc
1553 3056 1619 3094 ex
1670 3039 1966 3110 proposito
2014 3043 2071 3094 et

419 3134 659 3201 propter
689 3128 945 3200 aliquem
980 3128 1155 3182 ﬁnem
1194 3127 1347 3197 fecit,
1382 3132 1445 3182 ut
1494 3144 1704 3200 nempe
1748 3128 1808 3183 in
1861 3128 2069 3184 balneo

2174 1948 2319 2006 ἀλλὰ
2384 1948 2613 2023 δεομένη
2696 1955 2892 2025 καιροῦ
2949 1949 3038 2004 καὶ
3094 1950 3265 2005 τόπου
3320 1949 3394 2011 εἷς
3451 1946 3823 2021 ἀποτέλεσμα,

2174 2040 2291 2096 ὅθεν
2347 2040 2437 2094 καὶ
2478 2041 2781 2114 εἱμαρμένη
2836 2038 3050 2114 λέγεται
3114 2041 3188 2101 ὡς
3248 2039 3502 2113 εἰρομένή
3548 2060 3631 2100 τις
3666 2037 3827 2112 φύσις

2175 2128 2263 2184 καὶ
2302 2126 2775 2203 συμπεπλεγμένη
2810 2126 2898 2182 διὰ
2929 2127 3177 2183 πολλῶν.
3202 2127 3281 2185 Τὰ
3315 2128 3407 2200 μὲν
3440 2124 3529 2181 οὖν
3563 2126 3831 2197 ἀσώματα

2177 2220 2278 2275 ὑπὸ
2309 2214 2563 2295 πρόνοιαν
2594 2219 2703 2274 ἐστὶ
2734 2218 2926 2292 μόνην³
2958 2220 3026 2273 τὰ
3056 2215 3113 2273 δὲ
3143 2218 3373 2290 σώματα
3406 2217 3508 2271 ὑπὸ
3560 2215 3822 2286 πρόνοιαν

2174 2310 2264 2365 καὶ
2298 2309 2659 2383 εἱμαρμένην,

2531 2506 2625 2563 οθ’.
2663 2505 2789 2581 Περὶ
2818 2504 2995 2581 τύχης
3022 2505 3111 2559 καὶ
3145 2506 3477 2577 αὐτομάτου.

2245 2597 2354 2663 Τήν
2382 2594 2559 2670 τύχην
2594 2593 2719 2668 οὐχ,
2773 2594 2847 2657 ὡς
2902 2592 3189 2665 νομίζουσί
3244 2613 3400 2661 τινες,
3433 2592 3484 2647 οἱ
3515 2585 3831 2664 ἀκριϐέστε-

2178 2705 2263 2760 ροι
2319 2689 2423 2738 τῶν
2482 2680 2798 2760 φιλοσόφων
2851 2680 3095 2753 ἐδέξαντο
3128 2685 3242 2737 οἷον
3300 2680 3494 2756 ἄλογόν
3527 2701 3647 2735 τινα
3670 2679 3827 2758 φύσιν

2175 2774 2262 2828 καὶ
2328 2775 2401 2846 μή
2460 2771 2688 2848 ἔχουσαν
2741 2771 2909 2843 τάξιν,
2968 2769 3107 2845 μηδὲ
3140 2772 3351 2843 εἱρμὸν,
3409 2768 3555 2825 ἀλλά
3585 2789 3827 2825 παρακο-

2178 2861 2436 2935 λούθημα
2492 2861 2693 2931 ταύτην
2754 2860 3005 2935 ἀόριστον
3066 2859 3118 2914 ἐν
3176 2865 3290 2921 τοῖς
3328 2858 3463 2913 κατᾶ
3490 2838 3829 2933 προαίρεσιν,

2176 2937 2477 3006 {uinea—emi
2527 2972 2675 3012 τινος
2731 2950 3025 3026 γενομένην
3060 2948 3352 3024 ὡρίσαντο.
3414 2949 3545 3005 Οἴον
3578 2947 3831 3022 προελή-

2179 3039 2307 3096 λυθέ
2330 3062 2412 3103 τις
2468 3039 2527 3095 ἐκ
2568 3047 2666 3110 τῆς
2716 3039 2888 3101 οἰκίας
2918 3038 3275 3112 λουσόμενος·
3317 3036 3452 3108 αὕτη
3510 3039 3544 3106 ἡ
3595 3034 3836 3113 πρόοδος

2179 3128 2237 3185 ἐκ
2288 3130 2655 3204 προαιρέσεως
2710 3130 2800 3183 καὶ
2865 3125 3020 3183 ἓνεκά
3086 3150 3235 3190 τινος
3293 3128 3633 3201 πράγματος,
3688 3127 3835 3180 τοῦτ’

418 3216 732 3273 lavaretur.
789 3221 857 3273 At
906 3233 1254 3288 progressus
1304 3216 1509 3271 incidit
1563 3217 1622 3271 in
1672 3217 2060 3273 thesaurum:

2185 3217 2320 3273 ἔστιν
2375 3224 2472 3273 τοῦ
2523 3218 2838 3275 λούσασθαι.
2890 3218 3021 3272 Εἶτα
3078 3216 3485 3293 προερχόμενος
3516 3212 3678 3291 ἔτυχε
3733 3226 3833 3285 θη-

418 3307 599 3378 hujus
634 3306 987 3361 inventionis
1036 3323 1299 3372 causam,
1350 3307 1645 3362 fortunam
1695 3305 2066 3378 appellarunt

422 3396 737 3467 sapientes.
773 3396 943 3451 Casni
974 3412 1107 3451 vero
1139 3400 1254 3451 tam
1291 3395 1346 3449 in
1399 3395 1846 3452 rationabilihus
1890 3413 2064 3466 quam

421 3485 922 3541 irrationabilihus
945 3484 1137 3541 locum
1164 3502 1290 3540 esse
1314 3485 1611 3541 afﬁrmant
1634 3485 1718 3540 :in
1752 3485 2069 3541 rationabi-

420 3575 579 3630 lihus
612 3574 872 3646 quidem,
906 3579 971 3630 ut
1004 3575 1047 3629 si
1080 3575 1255 3630 homo
1301 3573 1600 3630 cultellum
1646 3579 1853 3630 tenens
1901 3575 2068 3630 illum

424 3664 701 3721 manibus
729 3665 990 3720 excidere
1019 3665 1295 3736 patiatur,
1328 3664 1539 3735 illeque
1570 3669 1763 3719 rectus
1797 3665 2074 3736 inligatur

422 3760 622 3825 terrae;
655 3754 713 3809 in
747 3753 1246 3809 irrationabilibus
1279 3771 1433 3821 vero,
1474 3758 1534 3807 ut
1568 3752 1613 3809 si
1647 3771 1831 3824 equus
1882 3755 2073 3809 domi-

425 3862 566 3901 num
598 3845 943 3911 excusserit,
977 3848 1031 3899 et
1062 3844 1152 3898 hic
1179 3861 1317 3898 casu
1352 3844 1603 3914 quodam
1638 3842 1855 3899 illaesos
1888 3845 2073 3900 abeat.

886 3954 973 4006 80.
1011 3952 1083 4007 De
1113 3968 1219 4006 (evo
1250 3968 1313 4005 ac
1345 3956 1606 4021 tempore.

499 4045 667 4099 Entia
698 4043 957 4113 quazdam
994 4047 1049 4096 et
1074 4041 1466 4096 substantiam
1490 4046 1547 4095 et
1568 4046 1761 4095 actum
1796 4045 2078 4095 aeternum

424 4134 662 4201 habent,
695 4138 757 4186 ut
792 4148 979 4187 mens.
1014 4130 1199 4200 Hujus
1231 4130 1388 4185 enim
1420 4137 1476 4183 et
1508 4129 1840 4184 substantia
1885 4130 2083 4184 nescia

426 4224 642 4280 mutari
676 4228 730 4277 et
763 4226 925 4276 actus
960 4219 1200 4273 minime
1233 4219 1613 4274 transitorius
1645 4225 1745 4274 aut
1776 4219 2081 4274 mutabilis

427 4311 721 4377 est,simul
753 4310 909 4365 enim
945 4310 998 4363 in
1035 4326 1096 4363 se
1127 4309 1324 4363 omnia
1356 4324 1522 4363 mens
1553 4310 1833 4379 possidet.
1860 4311 1925 4363 At
1955 4318 2086 4364 cor‘

431 4403 589 4476 poris
616 4407 671 4456 et
703 4399 1034 4455 substantia
1064 4404 1119 4453 et
1151 4398 1406 4467 operatio
1432 4398 1787 4469 temporaria
1833 4403 1939 4453 est.
1995 4398 2087 4453 Sic

431 4511 485 4548 ν.
529 4509 586 4563 g.
634 4494 901 4545 nostrum
954 4505 1165 4558 corpus
1216 4488 1611 4542 substantiam
1668 4488 2086 4559 temporariam

1560 4582 1616 4630 et
1663 4576 2057 4648 operationem

2193 4572 2458 4628 καὶκατὰ
2519 4570 2709 4647 μικρὸν
2773 4568 3070 4640 αὐξάνεται,
3131 4566 3221 4620 καὶ
3280 4567 3378 4633 τὴν
3437 4565 3725 4640 ἐνέργειαν,
3783 4563 3851 4618 ού

436 4583 631 4641 habet.
661 4578 947 4651 paulatim
992 4577 1147 4632 enim
1196 4580 1444 4646 augetur
1494 4593 1506 4630 :

437 4690 550 4728 non
574 4670 727 4725 enim
753 4666 929 4723 simul
949 4667 1147 4722 omnia
1169 4666 1303 4737 agit.
1340 4671 1413 4719 At
1456 4666 1656 4721 anima
1686 4666 2081 4721 substantiam

434 4760 671 4833 quidem
705 4758 883 4814 habet
910 4762 1208 4821 aeternam,
1244 4770 1430 4826 neque
1464 4755 1620 4810 enim
1670 4754 1887 4810 sensim
1944 4762 2078 4810 nata

433 4856 542 4917 est,
577 4848 975 4920 operationem
1008 4850 1202 4900 autem
1235 4844 1482 4915 tempori
1517 4844 1864 4913 subjectum,
1890 4861 2077 4915 neque

432 4940 587 4993 enim
623 4936 798 4992 simul
832 4936 1029 4991 omnia
1060 4934 1295 5003 cogitat,
1331 4932 1430 4986 sed
1466 4950 1533 4986 ex
1572 4950 1688 4986 una
1732 4932 2078 5004 cogitatione

432 5028 736 5083 descendit
765 5028 835 5081 ad
871 5025 1065 5079 aliam.
1112 5022 1249 5076 Tale
1298 5021 1468 5075 etiam
1518 5027 1608 5075 est
1655 5019 1887 5090 ccelum,
1940 5024 2078 5078 sub-

433 5116 651 5171 stantia
699 5114 980 5169 nimirum
1031 5115 1335 5176 aeternum,
1387 5109 1487 5164 sed
1538 5108 1761 5165 ratione
1808 5111 2079 5168 motionis

434 5222 551 5259 suae
582 5203 832 5275 tempori
864 5207 921 5257 et
952 5205 1147 5273 ipsum
1180 5200 1535 5268 subjectum.

868 5382 957 5435 81.
996 5385 1068 5435 De
1099 5381 1341 5449 quinque
1369 5380 1640 5433 sensibus.

506 5471 665 5527 Visio
696 5471 1018 5541 {it,quando
1045 5487 1113 5524 ex
1134 5469 1319 5523 oculis
1354 5469 1671 5539 procedens
1702 5468 1797 5523 lux
1833 5470 2085 5526 occurrit

436 5562 649 5617 lumini
696 5579 727 5616 a
767 5560 1117 5631 corporibus
1144 5558 1287 5612 visis
1320 5558 1718 5628 promananti,
1743 5560 1899 5630 quod
1924 5559 2080 5615 Plato

2178 3312 2376 3385 σαυρῷ·
2437 3309 2535 3377 τήν
2597 3306 2686 3362 οὖν
2724 3306 2895 3361 αἰτίαν
2948 3313 3047 3375 τῆς
3108 3305 3369 3381 εὑρέσεως
3426 3309 3528 3359 τοῦ
3559 3306 3835 3377 θησαυροῦ

2172 3398 2353 3473 τύχην
2413 3396 2699 3469 ὠνόμασαν
2764 3397 2815 3450 o't
2873 3396 3052 3472 σοφοί.
3110 3396 3179 3449 Τὸ
3240 3394 3496 3469 μέντοιγε
3525 3393 3833 3466 αὐτόματον

2176 3486 2349 3542 καὶέν
2408 3492 2525 3550 τοῖς
2584 3485 2834 3560 λογικοῖς
2888 3486 2975 3540 καὶ
3038 3484 3091 3539 έν
3151 3489 3264 3546 τοῖς
3323 3482 3547 3559 ἀλόγοις
3575 3481 3834 3538 τιθέασιν.

2181 3576 2266 3630 Ἐν
2334 3575 2426 3648 μὶν
2480 3580 2597 3635 τοῖς
2650 3573 2920 3648 λογικοῖς,
2981 3572 3105 3627 ὅταν
3165 3569 3513 3648 μαχαιρίδιον
3550 3570 3655 3625 ἀπό
3684 3591 3833 3631 τινος

2177 3667 2501 3739 κρατοῦντος
2535 3661 2880 3723 ἐκπεπτωκὸς
2938 3662 3053 3715 κατ’
3114 3659 3281 3735 ὀρθὸν
3346 3658 3615 3733 ἐμπαγείη
3648 3660 3717 3721 τῆ

2184 3753 2235 3807 ἐν
2271 3750 2329 3806 δὲ
2357 3758 2472 3814 τοῖς
2503 3751 2748 3825 ἀλόγοις,
2783 3752 2906 3805 ὅταν
2940 3771 3019 3811 τις
3045 3748 3218 3811 ’ίππος
3246 3750 3337 3803 τὸν
3388 3747 3655 3817 δεσπότην
3708 3748 3852 3800 ἀπο-

2188 3837 2397 3913 ϐαλὼν,
2432 3842 2535 3894 ἀπὸ
2559 3841 2901 3913 ταυτομάτου
2934 3836 3248 3907 διασωθείη.

2594 3948 2667 4001 π’.
2706 3948 2832 4022 Περὶ
2866 3946 3061 4007 αἰῶνος
3093 3944 3181 3999 καὶ
3216 3943 3443 4018 χρόνου.

2259 4042 2374 4091 Τῶν
2425 4033 2589 4089 ὄντων
2639 4037 2706 4090 τὰ
2760 4036 2852 4109 μὲν
2904 4035 3117 4101 καὶτήν
3146 4031 3353 4103 οὐσίαν,
3415 4030 3505 4085 καὶ
3562 4031 3661 4097 τὴν
3696 4029 3847 4103 ἐνέρ-

2189 4148 2333 4201 γειαν
2390 4123 2504 4201 ἔχει
2565 4125 2807 4195 αἶ’ώνιον,
2870 4127 2985 4178 οἷον
3038 4124 3065 4177 ὁ
3125 4126 3270 4183 νοῦς.
3313 4120 3515 4175 Τούτου
3548 4120 3651 4193 γὰρ
3684 4119 3770 4172 καὶ
3808 4120 3846 4187 ἡ

2194 4214 2349 4271 οὐσία
2424 4214 2696 4286 ἀκίνητος,
2766 4213 2853 4268 καὶ
2928 4216 2962 4281 ἡ
3024 4210 3264 4286 ἐνέργεια
3331 4204 3671 4283 ἁμετάϐατος
3720 4210 3847 4279 ('7').

2190 4307 2363 4379 Ὀμοῦ
2412 4306 2511 4381 γὰρ
2569 4302 2683 4379 ἔχει
2744 4302 2795 4358 έν
2861 4301 3005 4374 αύτῷ
3055 4300 3246 4355 πάντα.
3303 4301 3373 4354 Τὸ
3430 4296 3487 4354 δέ
3540 4303 3698 4369 σῶμα
3754 4297 3850 4351 καὶ

2194 4396 2292 4463 τὴν
2355 4393 2542 4447 οὖσίαν
2613 4391 2878 4468 ἔγχρονον
2930 4389 3045 4467 ἔχει
3095 4389 3183 4444 καὶ
3238 4389 3336 4455 τὴν
3396 4386 3680 4463 ἐνέργειαν.
3715 4387 3851 4442 Οἴον

2196 4485 2283 4539 καὶ
2344 4484 2405 4537 τὸ
2458 4483 2726 4555 ἡμέτερον
2755 4484 2913 4551 σῶμα
2940 4480 3027 4533 καὶ
3051 4478 3150 4546 τὴν
3184 4476 3367 4531 οὐσίατ
3412 4474 3674 4550 ἔγχρονον
3710 4473 3853 4549 ἔχει,

2194 4664 2297 4738 γὰρ
2330 4662 2469 4734 ἱ)μοῦ
2500 4658 2707 4735 ἐνεργεῖ
2737 4657 2930 4715 πάντα.
2984 4658 3045 4712 Ἡ
3103 4652 3160 4709 δὶ
3214 4655 3367 4730 ψυχὴ
3410 4655 3545 4707 κατὰ
3596 4653 3690 4726 μέν
3747 4654 3854 4721 τήν

2194 4751 2375 4807 οὐσίαν
2432 4748 2649 4810 αἰώνιός
2686 4746 2869 4816 ¹ἐστιν,
2928 4742 3053 4800 οὐδὲ
3081 4744 3183 4819 γὰρ
3212 4743 3348 4797 κατὰ
3382 4743 3576 4818 μικρὸν
3623 4742 3853 4817 γεγένη-

2186 4862 2294 4895 ται’
2347 4838 2482 4894 κατὰ
2540 4836 2597 4893 δὲ
2651 4839 2751 4906 τήν
2802 4837 3063 4911 ἐνέργειαν
3112 4834 3317 4909 χρόνου
3372 4832 3611 4907 μετέχει·
3652 4830 3713 4886 οὗ
3744 4830 3853 4907 γὰρ

2190 4932 2330 5003 ὁμοῦ
2390 4926 2507 5003 ἔχει
2564 4926 2737 4982 πάντα
2785 4924 2853 4980 τὰ
2899 4926 3150 4996 νοήματα
3208 4921 3259 4977 έν
3322 4922 3515 4994 ἑαυτῷ,
3569 4918 3695 4975 ἀλλ’
3755 4922 3830 4998 άφ

2190 5018 2372 5095 ἐτέρου
2458 5011 2758 5091 μεταϐαίνει
2837 5013 2912 5078 εἰς
2983 5010 3189 5088 ἕτερον.
3252 5010 3348 5065 Καὶ
3409 5012 3436 5064 ὁ
3496 5008 3725 5085 οὐρανὸς
3787 5007 3850 5065 δὶ

2186 5107 2433 5169 τοιοῦτός
2494 5105 2658 5174 ἐστιν,
2716 5104 2804 5160 καὶ
2864 5102 3082 5163 αἰώνιος
3141 5101 3235 5174 μὶν
3286 5098 3421 5154 κατὰ
3470 5100 3571 5169 τὴν
3629 5097 3847 5167 οὐσίαν,

2188 5198 2323 5253 κατὰ
2401 5193 2458 5250 δὲ
2524 5196 2622 5264 τὴν
2695 5193 2902 5263 κίνησιν
2968 5192 3067 5246 ὑπὸ
3115 5189 3310 5266 χρόνον
3369 5188 3457 5243 καὶ
3518 5187 3677 5250 αὐτὸς
3726 5189 3851 5242 κεί-

2195 5308 2375 5362 μενος.

2536 5381 2642 5429 nu’.
2675 5371 2804 5448 Περὶ
2836 5376 2943 5427 τῶν
2976 5371 3133 5425 πέντε
3166 5368 3491 5437 αἰσθήσεων.

2259 5468 2319 5522 'll
2350 5466 2537 5539 ὅρασις
2568 5464 2777 5539 γίνεται
2806 5461 2928 5515 ὅταν
2961 5460 3024 5514 τὸ
3075 5457 3179 5514 άπὸ
3225 5462 3330 5511 τῶν
3380 5452 3681 5532 ὀφθαλμῶν
3731 5461 3856 5531 φὼς

2194 5552 2554 5634 ἐκφερόμενον
2638 5552 2939 5624 συναντήσῃ
3034 5553 3113 5620 τῷ
3194 5546 3298 5601 ἀπὸ
3380 5549 3486 5600 τῶν
3578 5547 3856 5617 σωμάτων

2031 5666 2259 5722 NOTAE.

510 5741 611 5814 (7‘)
643 5739 733 5796 Al.
764 5730 1164 5812 άμετάϐλητος.
