4080 6350
279 430 316 489 7
322 431 399 489 37

276 558 585 635 συρῥέοντι,

280 647 586 721 Ἀκούομεν
635 648 715 719 τῷ
763 645 904 719 κενῷ
946 649 1028 718 τῷ
1085 644 1235 708 ἐντὸς
1291 650 1389 700 τοῦ
1411 644 1573 719 ὠτὸς,
1620 650 1781 701 τοῦτο
1828 644 1932 721 γὰρ

280 737 515 794 εἶναιτὸ
546 734 783 811 διηχοῦν
831 736 968 790 κατὰ
1006 735 1106 803 τήν
1151 738 1247 789 τοῦ
1295 732 1601 807 πνεύματος
1657 728 1935 807 ἐμϐολήν.

280 824 685 904 Ὀσφραίνομεν
717 821 775 878 δὲ
802 828 881 896 τῷ
930 823 1247 898 ἡγεμονικῷ
1292 828 1370 895 τῷ
1417 819 1533 878 ὄντι
1580 822 1632 879 ἐν
1679 827 1759 895 τῷ
1788 822 1938 897 ἐγκε-

283 917 471 990 φάλῳ,
534 912 750 969 ἕλκοντι
808 910 866 967 δὲ
937 909 1028 966 διὰ
1087 915 1196 966 τῶν
1246 912 1528 967 ἀναπνοῶν
1583 912 1678 975 τὰς
1742 910 1937 983 ὀσμάς.

286 1003 526 1077 Γεύομεν
562 1000 620 1057 δὶ
768 1001 1054 1076 ἀραιοτητι
1100 1004 1202 1065 τῆς
1258 999 1515 1076 γλώττης
1543 1001 1632 1056 καὶ
1660 1004 1729 1074 τῇ
1764 998 1937 1073 μαλα-

284 1093 503 1164 κότητι,
543 1093 633 1147 καὶ
678 1089 767 1147 διὰ
805 1091 867 1146 τὸ
907 1090 1192 1147 συνάπτειν
1238 1089 1334 1152 τὰς
1390 1089 1495 1145 ἀπὸ
1546 1094 1643 1145 τοῦ
1688 1090 1942 1162 σώματος

284 1183 364 1245 εἰς
399 1182 571 1249 αὐτὴν
625 1174 832 1258 φλέϐας
883 1180 984 1248 τήν
1040 1178 1221 1257 φύσιν.
1279 1181 1341 1235 Ἣ
1399 1176 1457 1234 δὲ
1516 1180 1669 1257 φωνὴ
1728 1178 1946 1251 πνεῦμά

284 1270 401 1326 ἐστὶ
434 1268 526 1325 διὰ
552 1274 649 1324 τοῦ
680 1270 970 1341 στόματος,
1022 1268 1127 1323 ἀπὸ
1179 1265 1417 1331 διανοίας
1442 1269 1703 1343 ἠγμένον.
1733 1270 1946 1324 "Aine-

290 1382 388 1434 μεν
427 1356 487 1414 δὲ
533 1357 653 1432 ὅλῳ
702 1362 781 1431 τῷ
833 1357 1070 1431 σώματι,
1131 1355 1270 1413 διότι
1324 1357 1765 1435 ἀποπερατώσεις
1818 1356 1945 1429 εἷ’σὶ,

286 1446 359 1505 δι’
391 1450 467 1503 ὧν
501 1448 823 1521 αἱσθάνομεν
852 1448 927 1501 ὧν
958 1447 1258 1520 ἁπτόμεθα.

418 1564 533 1641 πβ’.
567 1562 634 1621 Ei
664 1560 864 1635 ἀληθὲς
893 1562 954 1618 τὸ
978 1557 1500 1641 καταϐασκαίνεσθαί
1533 1587 1686 1628 τινας
1721 1565 1823 1622 ὑπὸ

855 1661 858 1664 ’
918 1640 1023 1690 τῶν
1060 1634 1337 1711 ὁρώντων.

367 1730 449 1791 Ού
507 1730 703 1807 ψεῦδος
761 1732 871 1788 ἐστι
957 1733 1020 1788 τὸ
1102 1734 1594 1810 καταμαραίνεσθαί
1658 1756 1802 1798 τινας
1860 1735 1948 1791 καὶ

287 1815 813 1877 καταϐασκαίνεσθαι
893 1822 997 1876 ὑπὸ
1069 1828 1170 1891 τῆς
1247 1827 1355 1877 τῶν
1436 1823 1689 1899 ὁρώντων
1750 1822 1949 1897 ὅψεως.

1458 427 1561 486 DE
1606 424 2046 487 OMNIFARIA
2093 423 2481 486 DOCTBINA
2499 468 2513 483 .

668 556 799 633 ὅπερ
853 557 882 611 ὁ
965 552 1195 614 Πλάτων
1283 554 1538 629 ὀνομάζει
1597 555 1974 630 συναύγειανη

2090 554 2364 630 υναύγειαν
2397 555 2670 628 appellat,
2706 573 2810 611 nos
2844 555 3335 611 corradiationem
3385 554 3507 610 sive
3554 572 3691 610 cen-

3574 421 3693 484 738

2043 662 2282 701 cursum
2316 643 2616 700 radiorum
2648 644 2839 700 dicere
2891 661 3224 717 possumus.
3275 644 3563 700 Audimus
3593 658 3697 717 per

2046 737 2354 790 cavitatem
2405 750 2668 804 vacuam,
2722 751 2848 806 quae
2880 735 2938 789 in
2980 751 3120 790 aure
3150 738 3260 798 est,
3292 734 3551 790 irruente
3573 734 3696 806 spi-

2048 826 2164 881 ritu
2200 825 2963 898 personantem.0lfacimus
2991 830 3189 882 mente
3210 843 3337 897 quas
3368 824 3423 880 in
3459 826 3697 881 cerebro

2050 914 2266 970 residet
2295 918 2353 970 et
2382 931 2485 987 per
2514 913 2813 987 spiracula
2844 915 3050 970 odores
3082 914 3345 970 attrahit.
3376 918 3699 970 Gustamus

2050 1002 2199 1059 raris
2231 1007 2286 1059 et
2319 1003 2596 1060 mollibus
2617 1003 2830 1075 lingua:
2853 1004 3624 1076 partibus,quandoquidem
3642 1006 3703 1059 et

2050 1108 2230 1148 venas
2255 1092 2513 1165 corporis
2540 1097 2750 1148 natura
2782 1093 2849 1147 ad
2886 1092 3046 1148 illam
3099 1092 3392 1148 sdnexuit.
3451 1092 3576 1148 Vox
3613 1095 3704 1148 est

2054 1179 2302 1252 spiritus
2333 1197 2437 1254 per
2459 1198 2524 1237 os
2570 1185 2766 1236 mente
2796 1185 3030 1237 auctore
3062 1181 3338 1237 emissus.
3372 1182 3701 1254 Tangimus

2054 1273 2176 1326 toto
2233 1287 2495 1342 corpore,
2546 1270 2763 1342 quippe
2819 1269 2914 1325 cui
2972 1271 3311 1342 superﬁcies
3351 1283 3406 1327 et
3443 1276 3705 1327 extrema

2056 1362 2212 1428 sunt,
2241 1376 2345 1432 per
2373 1376 2501 1432 quas
2536 1360 2824 1415 sentimus
2867 1375 3000 1415 cum
3032 1359 3451 1432 contingimur.

2057 1568 2145 1624 82.
2171 1568 2522 1624 Nemeorum
2550 1567 2626 1622 sit
2679 1566 2894 1638 aliquos
2949 1582 2991 1623 α
3018 1565 3337 1623 videntibus
3382 1565 3709 1638 fascinari?

2131 1738 2254 1795 Non
2289 1741 2377 1795 est
2423 1736 2744 1794 mendaciis
2803 1736 3219 1793 ascribendum
3263 1738 3551 1809 quosdam
3586 1735 3711 1794 acie

2060 1828 2385 1883 videntium
2447 1832 2747 1883 contactos
2792 1843 3054 1882 marcere
3118 1832 3175 1882 et
3228 1825 3709 1883 fascinari.Visio

296 1910 683 1976 Πολυκίνητος
714 1911 819 1985 γὰρ
846 1911 881 1979 ἡ
933 1906 1056 1983 ὄψις
1115 1908 1246 1965 οὖσα
1294 1912 1428 1983 μετά
1456 1911 1763 1984 πνεύματος
1790 1912 1957 1983 αὐτὴν

2090 1918 2221 1972 inim
2255 1934 2387 1971 eum
2421 1916 2627 1987 spiritu
2660 1933 2785 1970 eam
2811 1916 3113 1971 emittente
3145 1916 3380 1972 mobilis
3412 1916 3579 1973 valde
3598 1920 3708 1986 est,

298 1998 580 2077 ἀφιέντος.
628 1995 863 2072 Ιιυρώδη
922 1999 1011 2053 καὶ
1074 2001 1410 2072 θαυματικήν
1485 2022 1605 2055 τινα
1660 1999 1958 2077 διασπείρει

288 2085 551 2160 δύναμιν,
585 2087 723 2143 ὥστε
780 2085 968 2142 πολλὰ
1014 2088 1101 2143 καὶ
1149 2090 1378 2164 πάσχειν
1423 2089 1512 2144 καὶ
1556 2097 1733 2145 ποιεῖν
1767 2088 1836 2145 δι’
1861 2090 1961 2146 αύ-

291 2184 402 2247 τῆς
426 2178 519 2231 τὸν
550 2174 859 2250 ἄνθρωπον.
912 2177 1018 2232 Καὶ
1070 2182 1175 2232 τῶν
1230 2178 1528 2253 ἐρωτικῶν,
1571 2178 1603 2233 ἃ
1634 2176 1700 2249 δὴ
1737 2181 1961 2256 μέγιστα

289 2266 387 2321 καὶ
447 2262 788 2344 σφοδρότατα
836 2268 1134 2339 παθήματα
1181 2270 1281 2339 τῆς
1337 2270 1524 2343 ψυχῆς
1576 2266 1741 2340 ἔστιν,
1777 2270 1955 2345 ἀρχὴν

285 2358 323 2424 ἡ
358 2354 490 2429 ὄψις
523 2351 822 2424 ἐνδίδωσιν,
874 2355 1013 2410 ὥστε
1062 2354 1172 2431 ῥεῖν
1214 2356 1304 2410 καὶ
1333 2353 1609 2421 λείϐεσθαι
1637 2359 1732 2414 τὸν
1765 2360 1959 2433 ἐρωτι-

281 2445 412 2515 κὸν,
442 2443 567 2500 ὅταν
616 2438 868 2519 ἐμϐλέπῃ
917 2449 1033 2509 τοῖς
1080 2445 1301 2520 ἀγαθοῖς
1348 2447 1439 2500 καὶ
1484 2447 1699 2510 καλοῖς.
1738 2449 1808 2503 Τὸ
1835 2451 1959 2525 γὰρ,

296 2531 395 2589 διὰ
449 2537 559 2588 τῶν
614 2532 880 2607 ὀμμάτων
940 2532 1220 2603 ἐκπίπτον,
1282 2532 1387 2589 εἶ’τε
1439 2540 1554 2610 φῶς
1603 2536 1708 2592 εἴτε
1757 2537 1961 2613 ῥεῦμαὸ

292 2622 430 2684 τοὺς
463 2621 697 2688 ἐρῶντας
750 2622 963 2693 ἐκτήκει
1011 2622 1101 2678 καὶ
1150 2621 1449 2692 ἀπόλλυσι,
1490 2626 1716 2697 τοιαύτη
1751 2626 1956 2701 γίνεται

300 2709 552 2776 διάδοσις
594 2712 682 2766 καὶ
732 2709 1035 2783 ἀνάπληξις
1089 2713 1193 2768 ὑπὸ
1238 2719 1339 2782 τῆς
1387 2710 1587 2788 ὅψεως.
1621 2716 1689 2771 Αἱ
1719 2716 1820 2790 γάρ
1851 2721 1961 2773 τῶν

313 2799 509 2856 καλῶν
539 2796 713 2874 ὄψεις,
750 2799 847 2855 κ’ὰν
897 2800 1042 2876 πάγο
1098 2800 1382 2877 πορῥωθεν
1437 2798 1832 2874 ἀντιϐλέπωσι,
1858 2810 1964 2882 πῦρ

303 2888 363 2945 ἒν
417 2896 539 2952 ταῖς
592 2894 698 2944 τῶν
758 2888 1035 2965 ἐρωτικῶν
1093 2893 1299 2966 ψυχαῖς
1356 2892 1672 2951 ἀνάπτουσι.
1744 2894 1847 2951 Καὶ
1903 2895 1967 2950 τὸ

302 2984 474 3052 σῶμα
504 2976 562 3033 δὲ
601 2983 710 3033 τῶν
757 2977 1045 3053 ἐρωμένων
1094 2979 1184 3034 καὶ
1235 2980 1528 3057 ὁρωμένων
1573 2980 1870 3058 βλάπτεται
1912 2982 1964 3039 ἐν

306 3074 435 3131 ταῖς
464 3068 742 3131 τοιαύταις
783 3069 1112 3147 ἀποφοραῖς.

654 3159 761 3233 πγ’.
793 3159 919 3231 Ilii):
953 3158 1008 3213 αἱ
1039 3155 1342 3233 συλλήψεις
1372 3158 1635 3237 γίνονται.

399 3248 464 3305 Ἢ
491 3245 766 3322 σύλληψις
811 3251 919 3302 τῶν
972 3246 1123 3317 ζώων
1164 3248 1393 3324 γίνεται,
1446 3252 1537 3305 καὶ
1587 3249 1825 3325 μάλιστα
1869 3256 1950 3307 τῶ

303 3335 634 3412 ἀνθρώπων,
684 3336 809 3392 ὅταν
893 3334 1227 3408 ἐπιτήδειος,
1273 3338 1365 3393 καὶ
1441 3339 1706 3416 ξηροτέρα
1765 3340 1976 3415 συμμὲ-

306 3446 461 3501 τρως
514 3427 551 3494 ἡ
613 3427 795 3499 μήτρα
838 3446 1060 3502 γενηται
1138 3426 1275 3501 πρὸς
1341 3428 1442 3496 τήν
1499 3426 1824 3505 παραδοχὴν
1880 3434 1979 3486 τοῦ

311 3515 631 3588 σπέρματος
710 3515 818 3569 τῶν
913 3515 1269 3588 καταμηνίων
1335 3517 1847 3590 συνεπισπωμένων
1890 3519 1966 3574 ἀπ

321 3604 533 3667 παντίς
579 3599 746 3678 ὄγκου
798 3604 961 3681 μέρος
1007 3624 1060 3659 τι
1105 3608 1203 3659 τοῦ
1259 3610 1496 3681 καθαροῦ
1543 3603 1799 3680 αἵματος.
1834 3615 1982 3683 Συμ-

311 3689 582 3748 ϐάλλεται
616 3690 674 3747 δὲ
718 3692 808 3747 καὶ
849 3694 912 3748 τὸ
961 3693 1102 3762 θῆλυ
1161 3694 1297 3770 πρὸς
1342 3696 1443 3763 τήν
1502 3695 1695 3766 κύησιν
1741 3697 1987 3775 ἐξυγραι-

310 3782 526 3854 νομὶνη
584 3783 683 3851 τὴν
738 3784 945 3858 μήτραν
1004 3780 1057 3836 ἐν
1113 3788 1233 3845 ταῖς
1282 3783 1514 3857 μίξεσιν,
1546 3788 1581 3854 ἡ
1645 3783 1703 3841 δὲ
1754 3786 1983 3862 ὑγρασία

318 3870 465 3941 αὕτη
538 3870 845 3947 σπέρματος
905 3872 999 3944 μὲν
1060 3870 1160 3928 οὐκ
1210 3866 1327 3949 ἔχει
1387 3871 1573 3949 λόγον,
1635 3877 1746 3930 οἷον
1790 3874 1846 3931 δὲ
1876 3875 1982 3948 ὕλη

315 3959 530 4035 γίνεται
599 3962 668 4033 τῇ
739 3955 1022 4034 καταϐολῇ
1070 3968 1171 4030 τῆς
1219 3960 1469 4037 ἀνδρείας
1523 3971 1710 4039 γονῆς.
1771 3966 1868 4020 Καὶ
1923 3967 1987 4021 τὸ

326 4049 428 4122 μὲν
500 4052 602 4102 τοῦ
660 4044 876 4125 ἄρρενος
926 4050 1142 4123 σπέρμα
1210 4042 1286 4113 εἷς
1340 4050 1407 4106 τὰ
1463 4054 1795 4129 στερεώτεροι
1848 4054 1985 4127 μέρη

318 4142 422 4193 τοῦ
477 4137 730 4211 σώματος
809 4137 1037 4213 ἐξαρκεῖ,
1116 4140 1227 4194 οἷον
1308 4140 1459 4210 ὀστᾶ,
1537 4142 1628 4197 καὶ
1688 4148 1850 4217 νεῦρα
1900 4142 1991 4198 καὶ

324 4220 540 4304 φλέϐας
582 4231 672 4281 καί
728 4225 1014 4302 ἀρτηρίας,
1066 4227 1156 4282 καὶ
1205 4227 1273 4283 τὰ
1316 4234 1560 4285 τοιαῦτα.
1608 4233 1749 4288 Ἀπὸ
1803 4230 1860 4287 δὶ
1896 4235 1994 4288 τοῖ)⁹

324 4313 557 4385 θήλεος,
608 4314 685 4377 εἷς
740 4316 808 4371 τὰ
864 4315 1130 4391 ὑγρότερα
1197 4318 1334 4393 μέρη
1388 4323 1484 4373 τοῦ
1540 4321 1826 4393 σώματος,
1858 4324 1997 4394 αἷμα

327 4402 480 4483 φημί
536 4404 625 4459 καὶ
679 4404 991 4482 ἀμφοτέρας
1044 4406 1138 4469 τὰς
1188 4404 1390 4481 χολὰς.
1445 4410 1518 4463 "H
1570 4408 1786 4482 μᾶλλον
1818 4410 1997 4465 πάντα

329 4492 387 4564 ἐξ
419 4492 775 4567 ἀμφοτέρων,
810 4491 958 4548 ἀλλά
998 4494 1067 4549 τὰ
1124 4495 1219 4568 μὶν
1271 4500 1367 4551 τοῦ
1414 4494 1635 4573 ἄρρενος
1669 4495 1832 4554 πλέον
1860 4496 2000 4575 ἔχειν

324 4581 400 4638 τά
430 4578 488 4636 δὲ
516 4585 614 4637 τοῦ
644 4581 845 4653 θήλεος
876 4581 958 4638 ἐπ’
983 4580 1234 4639 ἔλλατον.

486 4693 599 4755 τπδ’.
628 4696 1071 4776 Πόβεν-γίνονται
1101 4702 1208 4776 τῶν
1241 4699 1446 4776 γονέων
1472 4700 1527 4776 αἶ
1558 4702 1849 4776 ὁμοιώσεις

650 4770 741 4824 καὶ
772 4769 998 4847 αἶ’πρὺς
1030 4769 1697 4847 τούτουςάνομοιότητες.

335 4924 346 4935 ,
412 4866 488 4921 Τὸ
534 4866 963 4942 ἀποκρινόμενον
1025 4870 1265 4943 σπέρμα,
1324 4869 1360 4940 ἤ
1419 4871 1525 4926 ἀπὸ
1576 4877 1674 4928 τοῦ
1703 4870 1921 4950 ἀνδρὸς,
1966 4870 2003 4944 ἤ

344 4956 459 5011 ἀπὸ
487 4957 588 5023 τῆς
617 4956 873 5029 γυναικός
903 4975 916 4988 ο
972 4956 1035 5011 τὸ
1090 4958 1185 5031 μὶν
1247 4959 1355 5015 ἀπὸ
1408 4965 1506 5016 τοῦ
1548 4959 1766 5038 ἀνδρὸς,
1806 4961 2006 5039 λόγους

342 5043 465 5120 ἔχει
496 5048 605 5097 τῶν
651 5043 704 5098 ἐν
762 5043 907 5117 αύτῷ
955 5045 1104 5114 ἠθῶν
1159 5046 1251 5101 καὶ
1308 5049 1526 5124 τρόπων
1582 5050 1671 5106 καὶ
1718 5058 1819 5121 τῆς
1873 5071 2007 5128 μορ-

347 5135 481 5213 φῆς,
513 5132 605 5187 καὶ
635 5132 741 5187 ἀπὸ
777 5134 987 5209 μητρὸς
1035 5132 1093 5190 δὲ
1143 5134 1403 5202 ὡσαύτως
1430 5158 1443 5171 ·
1477 5144 1640 5197 Ὅταν
1691 5139 1782 5195 οὖν
1841 5142 2007 5219 ἄμφω

346 5222 422 5277 τὰ
471 5222 757 5297 σπέρματα
833 5228 1136 5299 συγκραθῇ,
1192 5224 1242 5279 εἲ
1307 5227 1401 5298 μὲν
1460 5226 1545 5283 ἐπ’
1587 5226 1736 5303 τίσης,
1782 5225 1897 5306 ἔχει
1948 5230 2010 5285 τὸ

344 5311 687 5385 γεννώμενον
739 5308 868 5382 μί’σην
928 5313 1018 5367 καὶ
1072 5313 1211 5389 πρὸς
1274 5316 1337 5371 τὸ
1396 5314 1553 5394 ἀρῥεν
1607 5320 1697 5374 καὶ
1755 5321 1892 5395 πρὸς
1948 5320 2010 5375 τὸ

351 5398 501 5475 θῇλυ
528 5400 627 5469 τὴν
663 5402 989 5475 ὁμοιότητα.
1038 5404 1199 5461 Ὅταν
1252 5402 1309 5459 δὲ
1354 5406 1417 5460 τὸ
1463 5406 1619 5483 ἅρῥεν
1670 5410 2012 5484 κατακρατή-

356 5512 433 5565 an
462 5494 558 5545 τοῦ
608 5488 827 5561 θήλεος,
888 5496 968 5564 τῷ
1027 5489 1203 5569 ἅρῥενι
1261 5494 1541 5570 παρόμοια
1595 5499 1662 5553 τὰ
1721 5496 2016 5573 τικτόμενα

356 5577 754 5635 ἀποτελεῖται·
816 5579 940 5635 ὅταν
995 5578 1053 5636 δὶ
1106 5584 1169 5637 τὸ
1228 5582 1371 5654 θῆλυ
1426 5590 1523 5641 τοῦ
1564 5586 1811 5663 ἂρῥενος,
1864 5589 2017 5643 ἀπει-

359 5667 613 5741 κασμένα
656 5668 793 5743 πρός
847 5670 946 5738 τήν
996 5671 1225 5745 μητέρα.
1273 5674 1436 5731 Ὅταν
1488 5672 1546 5730 δὲ
1597 5677 1631 5745 ἡ
1664 5674 1715 5729 ἐν
1745 5681 1827 5749 τῷ
1856 5679 2018 5754 σπερ-

364 5777 506 5835 ματι
537 5757 804 5834 θερμασία
850 5756 1165 5837 ἰξατμισθῇ,
1215 5758 1392 5820 οὐδενὶ
1445 5767 1550 5822 τῶν
1599 5759 1804 5822 τοκέων
1842 5763 2017 5825 πλατ-

2068 2012 2125 2063 et
2155 2007 2350 2077 ignem
2384 2006 2809 2076 miriﬁcamque
2839 2006 3025 2076 spirat
3043 2005 3184 2074 vim,
3227 2012 3292 2060 ut
3322 2004 3508 2059 multa
3538 2005 3713 2060 homo

2070 2112 2173 2168 per
2197 2095 2357 2149 illam
2387 2095 2615 2150 efﬁcere
2646 2109 2751 2149 nec
2781 2095 2979 2149 minus
3001 2094 3150 2149 afﬁci
3185 2111 3249 2148 ac
3280 2094 3399 2165 pati
3434 2093 3717 2164 possit.Et

2070 2201 2235 2239 amor
2265 2183 2365 2255 qui
2396 2183 2639 2238 allectus
2670 2183 2855 2239 animi
2881 2190 2970 2237 est
2991 2184 3279 2238 maximus
3310 2199 3376 2237 ac
3402 2183 3714 2237 vehemen-

2070 2272 2601 2338 tissimus,initium
2632 2272 2787 2344 capit
2815 2289 2849 2326 a
2875 2278 3206 2343 conspectu,
3228 2272 3427 2341 itaque
3446 2276 3717 2327 amantes

2072 2363 2264 2418 ﬂuunt
2292 2360 2451 2417 velut
2479 2377 2545 2416 ac
2564 2359 2897 2431 liqueﬁunt,
2933 2363 3168 2431 quando
3194 2359 3468 2431 pulchros
3499 2375 3566 2415 ac
3596 2362 3715 2415 for-

2073 2466 2271 2506 mosos
2301 2449 2519 2515 vident,
2557 2464 2692 2504 nam
2724 2465 2845 2520 quae
2904 2465 3007 2519 per
3061 2448 3260 2504 oculos
3298 2448 3503 2503 incidit
3527 2448 3584 2502 in
3618 2463 3719 2504 eos

2074 2539 2175 2594 lux
2205 2539 2326 2594 sive
2357 2538 2563 2593 eﬁ'usio
2594 2537 2893 2592 radiorum
2925 2543 3191 2592 amantes
3242 2538 3431 2608 perdit
3462 2537 3720 2608 facitque

2074 2629 2505 2690 contabescere.
2537 2631 2702 2681 tanta
2731 2632 2819 2680 est
2848 2641 2917 2680 ex
2944 2626 3070 2680 visu
3104 2625 3369 2681 alteratio
3400 2630 3457 2680 et
3488 2624 3723 2697 percul-

2074 2716 2343 2773 sio.Nam
2378 2716 2768 2771 formosorum
2801 2720 3151 2785 conspectus
3179 2715 3411 2770 etiamsi
3444 2715 3724 2785 elongin-

2076 2823 2193 2878 quo
2225 2805 2565 2876 respiciunt,
2598 2804 2794 2875 ignem
2829 2804 2886 2857 in
2920 2804 3248 2858 amantium
3281 2803 3496 2859 animis
3517 2819 3723 2859 accen-

2077 2896 2245 2950 dunt.
2294 2894 2399 2949 Sed
2433 2900 2487 2950 et
2538 2910 2751 2963 corpus
2799 2897 3126 2948 amatorum
3160 2899 3727 2964 conspectorumque

2081 3000 2179 3056 per
2208 2982 2500 3056 ejusmodi
2532 2982 2831 3037 radiorum
2875 2982 3223 3038 emissiones
3244 2981 3519 3038 afﬁcitur.

2436 3161 2526 3216 83.
2561 3160 2786 3230 Quando
2809 3162 2955 3232 fetus
2982 3162 3325 3231 concipiatur
3342 3161 3369 3215 ’ἒ

2161 3251 2470 3323 Conceptio
2504 3249 2873 3321 animalium,
2905 3255 2963 3306 et
2981 3250 3289 3306 hominum
3340 3250 3590 3307 maxime
3639 3251 3730 3322 fit,

2092 3342 2323 3413 quando
2356 3344 2556 3396 uterus
2586 3343 2675 3396 est
2693 3339 2937 3396 idoneus
2966 3343 3024 3395 et
3077 3343 3399 3412 temperate
3436 3340 3628 3398 siccus
3658 3340 3732 3396 ad

2089 3431 2489 3502 recipiendum
2523 3445 2760 3484 semen:
2795 3429 3115 3484 menstruis
3152 3447 3221 3484 ex
3251 3430 3522 3484 universa
3538 3444 3737 3486 massa

2089 3525 2313 3592 partem
2348 3518 2477 3591 puri
2499 3517 2806 3588 sanguinis
2826 3517 3281 3573 attrahentibus.
3311 3518 3734 3573 Confertetiam

2091 3608 2311 3664 femina
2340 3608 2411 3663 ad
2443 3605 3216 3676 conceptionem,uterumin
3252 3622 3604 3677 congressus
3627 3606 3736 3661 hu-

2092 3697 2422 3763 mectando,
2449 3696 2544 3765 qui
2577 3700 2774 3749 tamen
2798 3695 3011 3749 humor
3035 3711 3152 3748 non
3183 3694 3358 3749 habet
3383 3694 3627 3749 seminis
3651 3710 3742 3748 ra-

2092 3786 2337 3855 tionem,
2360 3786 2460 3841 sed
2494 3783 2975 3839 velutmateriam
3035 3782 3256 3853 praebet
3303 3783 3531 3852 dejeeto
3590 3780 3747 3837 virili

2095 3874 2325 3932 semini.
2357 3879 2550 3945 Atque
2580 3889 2773 3928 semen
2798 3872 2905 3927 viri
2937 3871 3298 3927 ﬁrmioribus
3320 3873 3581 3943 corporis
3611 3888 3744 3943 par-

2096 3964 2255 4021 tibus
2287 3962 2709 4034 componendis
2741 3961 3083 4030 insumitur,
3118 3967 3182 4015 ut
3223 3960 3480 4025 ossibus,
3533 3961 3748 4028 nervis,

2098 4053 2283 4121 venis,
2318 4052 2573 4122 arteriis,
2604 4057 2661 4106 et
2717 4052 3050 4106 similibus:
3088 4050 3314 4105 feminae
3354 4055 3551 4105 autem
3581 4049 3750 4105 debi—

2103 4143 2371 4207 lioribus,
2406 4141 2684 4212 sanguini
2718 4141 2996 4196 nimirum
3028 4146 3085 4194 et
3112 4140 3348 4211 utrique
3374 4139 3509 4195 bilis
3530 4138 3751 4211 generi.

2104 4238 2216 4288 Aut
2250 4233 2444 4304 potius
2476 4232 2674 4288 omnia
2716 4232 2835 4286 haec
2874 4248 2944 4287 ex
2969 4232 3235 4302 utrisque
3258 4231 3589 4286 seminibus
3613 4246 3758 4285 cou-

2107 4328 2293 4387 stant,
2317 4322 2429 4378 nisi
2460 4322 2614 4392 quod
2651 4320 2982 4377 masculum
3028 4319 3347 4392 praspollet,
3405 4318 3757 4375 femininum

2111 4413 2314 4467 minus
2344 4412 2524 4467 habet
2544 4412 2796 4467 virtutis.

2023 4653 2069 4718 D

2099 4708 2190 4762 84.
2228 4707 2377 4765 Unde
2403 4707 2687 4777 contingat
2713 4705 2929 4777 similes,
2972 4705 3053 4760 vel
3094 4704 3394 4777 dissimile:
3437 4703 3761 4776 parentibus

2712 4780 2873 4832 nasci
2908 4776 3111 4831 liberos
3137 4776 3165 4831 ‘?

2182 4880 2488 4933 Excretum
2519 4890 2722 4931 semen
2751 4873 2842 4929 vel
2890 4889 2923 4928 a
2978 4872 3101 4929 viro
3150 4877 3262 4944 est,
3316 4872 3407 4928 vel
3461 4870 3763 4928 afemina.

2115 4966 2263 5023 Illud
2304 4964 2412 5020 viri
2444 4962 2502 5019 in
2536 4980 2599 5020 se
2631 4963 2803 5018 habet
2831 4962 3086 5018 rationes
3119 4978 3351 5017 morum
3385 4965 3441 5015 et
3465 4959 3681 5015 indolis
3701 4974 3767 5015 ac

2116 5057 2315 5113 forma:
2347 5054 2479 5123 viri,
2511 5058 2571 5109 et
2601 5053 2709 5108 hoc
2741 5050 2969 5108 femina
2996 5051 3284 5107 similiter.
3315 5051 3558 5115 Quando
3590 5048 3772 5121 igitur

2118 5151 2369 5218 utraque
2392 5142 2846 5217 permiscentur,
2872 5141 2923 5196 si
2948 5140 3179 5212 quidem
3219 5139 3542 5212 aequaliter,
3573 5138 3770 5194 infans

2120 5236 2221 5308 qui
2280 5234 2541 5290 nascitur
2588 5248 2656 5288 ex
2707 5230 3012 5303 utriusque
3064 5230 3320 5302 parentis
3376 5226 3771 5284 similitudine

2121 5324 2421 5397 aequaliter
2453 5321 2844 5396 participabit.
2878 5321 2933 5375 Si
2989 5325 3183 5376 autem
3236 5319 3513 5375 feminino
3558 5316 3770 5374 semini

2124 5414 2489 5489 prsavaluerit
2532 5410 2884 5481 masculum,
2911 5410 3059 5483 patri
3090 5408 3309 5465 similia
3335 5416 3687 5464 nascentur:
3719 5404 3772 5462 si

2125 5508 2329 5561 contra
2358 5501 2619 5558 masculo
2653 5500 3028 5567 femininum,
3080 5502 3327 5555 matrem
3380 5495 3773 5553 similitudine

2128 5595 2395 5649 referent.
2431 5592 2589 5658 Quod
2619 5590 2667 5646 si
2714 5587 2872 5644 calor
2920 5587 3019 5660 qui
3076 5593 3166 5643 est
3218 5587 3277 5643 in
3337 5585 3561 5642 semine
3590 5581 3776 5655 exspi-

2128 5681 2358 5752 raverit,
2395 5680 2586 5737 neutri
2637 5682 2947 5752 parentum
2982 5676 3445 5734 conformabitur
3483 5675 3637 5748 quod
3673 5689 3777 5729 na-

2129 5774 2332 5833 scitur.
2384 5770 2609 5845 Saepius
2655 5768 2835 5827 etiam
2890 5767 3108 5825 femina
3137 5768 3289 5825 inter
3325 5763 3775 5840 concipiendum
