4080 6350
430 450 550 510 739

1771 442 2190 505 MICHAELIS
2219 431 2508 508 IPSELLI

3717 443 3839 515 ‘740

430 587 590 643 hunc
614 584 704 641 vel
730 583 893 641 illam
952 582 1329 653 imaginante,
1378 581 1574 641 infans
1615 580 1665 637 ei
1697 581 1852 653 quod
1887 583 2065 636 mater

2185 575 2413 650 τόμενον
2477 580 2786 644 ὁμοιοῦται.
2850 581 3132 648 Ηολλάκις
3191 581 3248 638 δέ
3304 583 3396 639 καί
3450 591 3552 656 τῆς
3588 589 3841 660 γυναικὸς

428 676 752 750 imaginata
783 679 871 730 est
901 672 1292 730 assimilatur.

818 855 907 910 85.
940 853 1215 924 Quomodo
1261 854 1396 924 ﬁant
1425 851 1685 908 somnia?

497 945 688 1001 Multa:
721 948 863 1000 sunt
890 961 1082 1000 causas
1113 944 1501 999 somniorum.
1538 942 1665 997 Alia
1693 940 1851 996 enim
1902 939 2075 994 ratio-

429 1035 612 1091 nabili
645 1035 855 1090 animae
884 1038 1319 1101 nostraumcnte
1351 1029 2077 1098 mediante,immittuntur

431 1125 752 1192 divinitus;
804 1123 918 1179 alia
942 1127 1082 1178 sunt
1127 1121 1304 1177 veluti
1347 1121 1488 1176 echo
1521 1120 1785 1192 quaedam
1820 1135 1886 1173 ac
1917 1134 2072 1173 reso-

427 1215 630 1271 nantia
651 1214 994 1268 diurnarum
1023 1212 1315 1266 actionum
1344 1231 1356 1278 ;
1384 1209 1497 1265 alia
1529 1227 1561 1265 a
1584 1207 1893 1281 phantasia
1915 1208 2078 1262 cﬂ‘or-

427 1309 686 1372 mantur,
749 1303 1112 1373 imaginante
1170 1306 1228 1375 et
1276 1301 1555 1356 otl‘erente
1612 1299 1781 1354 nobis
1829 1297 2074 1352 diurnos

426 1410 676 1462 amores,
702 1391 794 1448 vel
827 1390 1005 1446 alium
1042 1391 1312 1445 affectum
1355 1389 1563 1445 animae
1606 1393 1838 1444 nostra.
1891 1387 2075 1441 Aliaa

427 1487 681 1555 quatuor
700 1481 1052 1536 humoribus
1073 1480 1193 1536 sive
1223 1485 1338 1534 tem
1351 1478 1706 1552 peramentis
1727 1477 2073 1542 excitantur,

427 1573 584 1628 unde
614 1577 668 1627 et
711 1572 934 1627 colores
993 1570 1342 1625 humoribus
1403 1568 1520 1624 illis
1580 1565 1803 1623 similes
1835 1564 2071 1632 habent,

427 1679 553 1734 qua
577 1661 636 1716 in
665 1660 859 1732 quiete
889 1659 1182 1715 videntur.
1221 1657 1336 1713 Alia
1373 1659 1630 1729 produnt
1658 1672 1869 1712 causas
1901 1653 2072 1709 habe-

425 1752 567 1807 rein
602 1751 768 1808 nobis
809 1755 962 1805 artes
994 1766 1141 1822 quas
1172 1747 1510 1817 didicimus,
1542 1747 1630 1803 vel
1682 1745 1914 1818 negotia
1946 1761 2072 1816 quze

423 1846 770 1911 tractamus,
804 1843 958 1897 unde
1017 1840 1364 1914 philosOpho
1397 1839 1821 1912 philosophica,
1855 1836 2070 1892 rhetori

425 1931 734 1998 rhetorica,
760 1934 1067 2002 geometra:
1100 1929 1453 2002 geometrica
1475 1944 1538 1984 se
1569 1928 1820 1984 oﬂ‘erunt
1851 1927 2072 1981 insom-
2105 1955 2149 2020 Β

424 2021 542 2077 nia.
575 2021 698 2076 Non
734 2037 853 2074 una
877 2018 1053 2089 igitur
1083 2018 1446 2074 somniorum
1498 2033 1676 2072 causa
1723 2018 1834 2081 est,
1877 2013 1976 2069 sed
2009 2017 2075 2067 ut

425 2109 543 2166 dixi
574 2109 735 2165 varia
766 2125 833 2164 ae
856 2107 1184 2179 multiplex.

633 2201 722 2253 86.
756 2199 830 2253 De
860 2200 1116 2265 sanitate,
1149 2196 1336 2252 morbo
1367 2196 1442 2267 (8)
1476 2201 1525 2252 et
1557 2203 1853 2251 senectute.

489 2288 770 2344 Sanitatis
803 2304 981 2342 causa
1009 2291 1066 2341 et;
1096 2285 1488 2340 conservatrix
1520 2288 1608 2340 est
1651 2283 1892 2356 aequalis
1925 2286 2072 2339 tem-

421 2383 702 2450 peratura
729 2377 960 2444 caloris,
994 2376 1246 2448 frigoris,
1281 2374 1652 2429 humiditatis
1684 2378 1740 2429 et
1769 2373 2070 2440 siccitatis,

422 2484 673 2539 quorum
709 2468 758 2522 si
788 2482 968 2521 unum
1005 2465 1230 2519 steteris
1259 2463 1838 2536 prazvaleatmiorbus
1865 2461 2069 2517 oritur.

418 2555 663 2612 Plurimi
698 2561 852 2612 certe
876 2554 1063 2610 morbi
1097 2570 1196 2625 per
1219 2551 1574 2608 anomaliam
1619 2551 1739 2607 sive
1795 2548 2076 2621 irregula-

417 2646 652 2702 ritatem
687 2643 977 2699 horumin
1012 2659 1252 2714 corpore
1308 2641 1730 2697 elementorum
1785 2655 2071 2711 generan-

419 2740 539 2789 tur.
574 2735 918 2790 Inferuntur
947 2732 1137 2787 morbi
1172 2733 1353 2787 etiam
1406 2730 1591 2784 nimia
1632 2729 1950 2800 repletione
1986 2727 2071 2784 vel

419 2824 709 2879 cruditate
769 2827 869 2878 aut
919 2820 1291 2892 corruptione
1346 2819 1632 2874 ciborum.
1674 2821 1744 2872 At
1803 2815 2072 2873 sanitatis

417 2913 776 2969 conciliatrix
807 2916 896 2967 est
921 2911 1192 2966 ordinata
1218 2909 1386 2964 dizeta
1418 2914 1472 2963 et
1504 2907 1857 2978 tranquillus
1885 2912 2075 2962 sorte-

419 3019 532 3075 que
558 3019 665 3058 sua
694 3005 1004 3057 contentus
1036 2998 1289 3053 animus.
1337 2997 1604 3052 l’oztusin
1657 3002 1820 3051 utero
1855 2997 2070 3051 forma-

417 3099 517 3148 tur
545 3110 578 3148 a
599 3092 691 3147 die
723 3091 1022 3146 tricesima
1043 3092 1290 3155 sexta,et
1322 3087 1602 3142 membris
1630 3088 1920 3158 perfectus
1944 3103 2072 3142 esse

418 3181 623 3253 incipit
654 3199 684 3236 a
710 3179 1572 3252 quinquagesimaﬂuanquam
1607 3176 1987 3248 Hippocrates
2011 3176 2070 3231 in

419 3269 721 3337 masculis,
805 3269 958 3341 quod
1044 3267 1356 3324 calidiores
1401 3266 1538 3331 sint,
1594 3265 2062 3320 articulationem

2189 666 2478 744 φάντασίας
2538 670 2588 725 ἐν
2646 676 2726 745 τῷ
2771 672 2970 727 τίκτειν
3019 667 3299 744 λαϐούσης
3356 671 3518 729 τοῦδε
3563 677 3598 747 ἢ
3648 674 3837 746 τῆσδε,

2188 757 2326 834 πρὸς
2353 760 2414 815 τὸ
2450 761 2743 840 φαντασθέν
2779 761 3126 832 ἀπεικάζεται
3155 764 3217 818 τὸ
3237 765 3600 839 γεννώμενον.

2576 853 2676 908 πε’.
2710 857 2832 914 Ηῶς
2866 853 2917 907 οἱ
2949 848 3150 926 ὄνειροι
3182 853 3442 928 γίνονται.

2258 937 2471 994 Πολλαῖ
2524 945 2631 994 τῶν
2693 942 2917 1014 ὀνείρων
2973 940 3106 996 εῗσὶν
3164 940 3332 997 αἷτίαι
3393 963 3406 976 ·
3470 945 3519 998 οἱ
3584 945 3678 1017 μὲν
3733 947 3834 1020 γάρ

2186 1028 2362 1082 αὐτῶν
2397 1027 2498 1083 εἷ’σὶ
2535 1030 2879 1085 θεόπνευστοι
2931 1029 3130 1086 ἄνωθεν
3181 1029 3270 1087 διά
3325 1033 3491 1105 μέσου
3520 1038 3617 1088 τοῦ
3646 1039 3743 1088 νοῦ
3765 1039 3835 1107 τῇ

2187 1114 2383 1192 λογικῆ
2415 1120 2571 1194 ψυχῇ
2617 1121 2778 1191 ἡμῶν
2831 1119 3197 1196 ἐγγινόμενοι,
3256 1122 3307 1176 οἱ
3365 1118 3422 1176 δὲ
3469 1125 3584 1177 οἷον
3616 1122 3838 1199 ἀπηχή·

2189 1228 2332 1279 ματα
2361 1206 2463 1261 εἰσὶ
2493 1211 2600 1262 τῶν
2645 1209 2920 1284 ἧμερινῶν
2976 1209 3241 1285 πρᾶξεων.
3293 1211 3359 1268 Οἱ
3409 1209 3465 1266 δὲ
3504 1213 3610 1267 ἀπὸ
3640 1234 3832 1290 φανταο

2183 1303 2372 1366 στικῆς
2446 1295 2794 1353 ἐντυποῦνται
2880 1295 3182 1372 δυνάμεως,
3269 1301 3645 1377 ᾳανταζοόσης
3701 1305 3834 1375 ἡμῖν

2181 1389 2308 1450 τοὸς
2367 1389 2665 1465 ἠμερινοὺς
2723 1387 2947 1464 ἔρωτας,
3008 1389 3045 1460 ἤ
3105 1388 3246 1447 ἄλλο
3291 1414 3343 1447 τι
3401 1395 3573 1457 πάθος
3627 1397 3833 1469 ψυχῆς.

2183 1479 2400 1552 Ἐτεροι
2434 1475 2492 1533 δὲ
2540 1479 2646 1534 ἀπὸ
2693 1483 2799 1534 τῶν
2867 1481 3138 1554 τεσσάρων
3198 1485 3396 1556 χυμῶν
3445 1482 3837 1558 ἀνεγείρονται,

2184 1562 2302 1629 ὅθεν
2361 1567 2454 1622 καί
2508 1567 2576 1623 τά
2624 1569 2898 1643 χρώματα
2971 1573 3076 1624 τῶν
3120 1568 3434 1645 ὁρωμένων,
3493 1571 3664 1644 ὅμοια
3719 1579 3838 1634 τοῖς

2182 1659 2286 1709 τῶν
2321 1661 2518 1732 χυμῶν
2551 1655 2762 1732 ἔχουσι.
2792 1658 2859 1714 Ol
2915 1654 2973 1712 δὲ
3013 1658 3109 1720 τὰς
3151 1658 3326 1720 αἰτίας
3357 1661 3493 1733 ἡμῖν
3523 1658 3834 1739 ἐκφαίνουσι

2180 1750 2287 1799 τῶν
2348 1751 2557 1821 τεχνῶν
2619 1746 2709 1802 καὶ
2753 1752 2860 1802 τῶν
2932 1744 3405 1821 ἐπιτηδευμάτων,
3461 1751 3586 1825 περὶ
3646 1749 3679 1804 ά
3731 1753 3833 1820 τήν

2181 1836 2553 1911 πραγματείαν
2605 1834 2830 1912 ἔχομεν.
2879 1838 3224 1915 Φιλοσοφικά
3277 1838 3367 1893 οὖν
3415 1843 3492 1911 τῷ
3541 1838 3831 1916 φιλοσόφῳ

2181 1925 2246 1979 τὰ
2306 1924 2572 1998 ὀνείρατα,
2625 1926 2712 1980 καὶ
2771 1930 2850 1998 τῷ
2903 1926 3095 2003 ῥήτορι
3143 1926 3209 1981 τὰ
3266 1926 3553 2002 ῥητορικά,
3609 1929 3700 1983 καὶ
3756 1934 3837 2002 τῷ

2183 2020 2470 2088 γεωμέτρῃ
2519 2015 2586 2070 τὰ
2631 2019 2988 2090 γεωμετρικά.
3068 2016 3144 2073 Οὔ
3219 2016 3319 2089 μία
3376 2017 3467 2070 οὗν
3525 2016 3672 2072 αἰτία
3724 2023 3832 2073 τῶν

2182 2101 2492 2178 ὀνειράτων,
2527 2100 2672 2157 ἀλλά
2701 2101 2930 2171 πολλαῖ,
2965 2105 3038 2165 ὡς
3065 2102 3298 2181 εἴρηται.

2422 2193 2526 2253 πς’.
2562 2191 2690 2267 Περὶ
2727 2193 2921 2266 ὑγείας,
2949 2194 3039 2247 καὶ
3069 2193 3231 2249 νόσου
3260 2193 3349 2248 καὶ
3379 2197 3589 2270 γήρως,

2251 2275 2458 2352 Ὑγείας
2509 2275 2678 2332 αἴτιον
2739 2279 2830 2332 καὶ
2909 2280 3213 2334 συνεκτικὸν
3291 2283 3327 2351 ἡ
3385 2285 3492 2336 τῶν
3553 2279 3832 2355 δυνάμεων

2181 2363 2455 2439 ἰσονομία,
2515 2366 2874 2442 Οερμότητος,
2934 2369 3294 2444 ψυςρότητος,
3357 2367 3677 2447 ὑγρότητος,
3738 2373 3834 2442 ξη-

2183 2456 2434 2531 ρότητος.
2505 2458 2664 2511 Ὀταν
2711 2453 2768 2510 δὲ
2825 2455 3029 2512 τούτων
3100 2454 3150 2512 ἔν
3205 2457 3669 2532 καταδυναστεύσῃ
3722 2466 3831 2516 τῶν

2181 2542 2392 2613 ἄλλων,
2426 2548 2460 2614 ἠ
2505 2547 2665 2608 νόσος
2710 2551 2937 2621 γίνεται.
2997 2548 3063 2604 Αἱ
3122 2545 3179 2602 δὲ
3235 2549 3488 2604 πλεῖσται
3515 2554 3625 2605 τῶν
3655 2550 3834 2606 νόσων

2181 2630 2252 2687 δι’
2282 2633 2601 2707 ἀνωμαλίαν
2624 2640 2730 2690 τῶν
2765 2635 2815 2690 ἐν
2852 2641 2932 2709 τῷ
2982 2637 3193 2710 σώματι
3245 2638 3535 2714 στοιχείων
3566 2661 3829 2713 γινονται.

2181 2723 2585 2800 Ἐπειτάγονται
2633 2721 2690 2780 δὲ
2736 2725 2786 2780 αἱ
2829 2725 2981 2781 νόσοι
3029 2732 3109 2799 τῷ
3157 2728 3392 2800 σώματι,
3423 2729 3512 2783 καὶ
3561 2726 3652 2783 διὰ
3681 2729 3833 2800 πλή-

2182 2825 2306 2877 θους
2360 2819 2598 2892 τροφῶν,
2655 2815 2745 2870 καὶ
2805 2813 2874 2870 δι’
2933 2817 3162 2891 ἀπεψίας
3218 2819 3308 2872 καί
3368 2819 3590 2897 φθορᾶς.
3649 2822 3710 2874 Ἣ
3771 2816 3827 2875 δὲ

2181 2903 2394 2976 εὐταξία
2424 2905 2510 2958 καὶ
2563 2906 2597 2974 ἡ
2651 2904 2940 2980 αὐτάρκεια
2991 2906 3166 2980 ὑγείας
3216 2909 3625 2982 περιποιητικά.
3676 2911 3832 2984 Μορ-

2183 2998 2373 3071 φοῦται
2424 2990 2480 3047 δὲ
2529 2995 2594 3047 τὰ
2653 2999 2764 3063 ζῶα
2822 2994 2873 3048 ἐν
2930 2995 3122 3070 γαστρὶ
3180 2991 3330 3069 ὅντα,
3390 2999 3494 3052 ἀπὸ
3551 2994 3714 3064 ἕκτης
3742 2999 3829 3053 καὶ

2178 3090 2505 3158 τριακοστῆς
2544 3083 2775 3159 ἡμέρας,
2834 3082 3136 3139 τελειοῦται
3198 3083 3253 3140 δὲ
3295 3092 3414 3150 τοῖς
3463 3087 3678 3160 μορίοις
3727 3089 3833 3143 ἀπὸ

2178 3179 2278 3240 τῆς
2337 3179 2731 3242 πεντηκοστῆς,
2795 3174 3159 3248 Ἱπποκράτης
3216 3173 3274 3230 δὲ
3318 3175 3402 3231 ἐπὶ
3460 3177 3554 3248 μὲν
3595 3182 3703 3231 τῶν
3737 3177 3834 3253 ἆῤ-

2183 3260 2367 3338 ῥένων,
2421 3259 2508 3316 διὰ
2563 3263 2625 3317 τὸ
2673 3263 2976 3337 θερμότατα
3020 3267 3176 3335 εἶναι,
3230 3267 3330 3334 τῆν
3384 3261 3711 3341 διάρθρωσιν
3745 3266 3834 3340 γί-

419 3359 816 3414 membrorum
874 3375 907 3413 a
961 3356 1237 3412 vicesima
1297 3359 1457 3410 sexta
1489 3353 1582 3408 die
1629 3354 1752 3409 fieri
1783 3354 2061 3425 afﬁrmat,

2183 3362 2351 3414 νεσθαι
2409 3351 2514 3406 ἀπὸ
2561 3355 2658 3417 τῆς
2712 3348 2874 3422 ἕκτης
2952 3352 3040 3407 καὶ
3114 3353 3384 3424 εἰκοστῆς,
3445 3353 3533 3409 ἐπὶ
3602 3351 3661 3408 δὲ
3715 3359 3825 3409 τῶν

417 3447 669 3502 feminas
692 3451 885 3501 autem
919 3447 1072 3501 intra
1103 3444 1427 3501 secundum
1448 3459 1707 3498 mensem
1741 3442 2062 3513 articulari,

416 3535 572 3590 intra
595 3539 868 3609 quartum
906 3535 1126 3608 perfici.

416 3644 504 3697 87.
541 3643 726 3711 Quare
756 3644 1222 3715 quz'jejtmarunt,
1273 3643 1474 3715 sitiunt
1530 3642 1708 3711 magis
1739 3656 1905 3712 quam
1936 3657 2060 3696 csu-

1100 3715 1255 3768 νίιιηί
1277 3713 1306 3768 ?

488 3805 735 3861 Sitimus
786 3803 973 3874 magis
997 3804 1232 3875 quando
1257 3803 1625 3874 jejunamus,
1663 3818 1839 3874 quam
1881 3801 2062 3856 esuri-

411 3894 854 3966 mus,quoniam
873 3893 1129 3950 calidum
1157 3894 1310 3963 quod
1345 3892 1402 3946 in
1419 3891 1587 3946 nobis
1618 3890 2060 3962 est,prirnoloco

409 3985 654 4056 quidem
707 3983 1006 4038 consumit
1039 3983 1190 4053 quod
1225 3999 1256 4035 a
1280 3980 1426 4036 cibis
1456 3985 1544 4036 est
1576 3980 1810 4051 reliqui,
1852 3981 2062 4035 deinde

409 4074 498 4128 vis
529 4072 817 4144 illaignea
844 4072 901 4126 in
956 4070 1124 4125 nobis
1153 4070 1436 4124 convertit
1469 4085 1528 4123 se
1561 4069 1629 4123 ad
1665 4069 1852 4140 ipsam
1887 4074 2058 4124 natu-

412 4163 592 4218 ralem
626 4162 888 4231 corporis
920 4159 1357 4226 humidilutem,
1380 4175 1628 4229 eamque
1651 4157 1857 4228 quierit
1880 4175 1942 4212 ac
1962 4159 2058 4213 de-

411 4251 623 4322 pascit.
644 4250 789 4303 Hinc
815 4248 989 4304 veluti
1024 4248 1080 4301 in
1111 4246 1234 4302 luto
1265 4247 1532 4318 sequitur
1564 4247 1817 4316 siccitas,
1842 4252 1896 4302 et
1920 4253 2056 4318 potu

415 4339 600 4409 magis
630 4337 892 4408 indigere
924 4353 1135 4408 corpus
1166 4336 1471 4408 contingit,
1507 4337 1690 4391 donec
1720 4337 1776 4390 in
1808 4337 2058 4391 bibenti-

411 4427 523 4482 bus
552 4428 932 4482 Cnntirmatus
964 4431 1136 4498 atque
1167 4427 1378 4481 iterum
1411 4425 1562 4481 vires
1594 4425 1880 4497 recipiens
1903 4425 2060 4480 calor

409 4517 736 4589 appetitum
768 4515 1024 4571 validum
1059 4515 1173 4570 cibi
1208 4515 1453 4586 injiciat.
1485 4515 1751 4585 Namque
1799 4514 2056 4571 calidum

409 4607 467 4661 in
501 4606 668 4662 nobis
699 4606 826 4662 cibo
853 4606 1102 4661 maxime
1126 4605 1370 4677 indiget,
1397 4609 1460 4659 ut
1492 4603 1658 4659 facile
1689 4603 1862 4658 etiam
1897 4609 2057 4659 extra

2169 3439 2420 3511 θηλυκῶν
2452 3439 2502 3494 ἐν
2556 3440 2775 3514 διμήνῳ
2810 3443 2904 3514 μεν
2959 3439 3364 3518 διαρθροῦσθαι,
3394 3441 3444 3497 ἐν
3495 3447 3826 3519 τετραμήνῳ

2171 3527 2227 3584 δὲ
2256 3529 2591 3586 τελειοῦσθαι
2625 3527 2794 3606 λέγει.
3346 3525 3354 3528 ”

2320 3642 2423 3706 πζ¹.
2459 3637 2556 3691 Δια
2583 3637 2635 3692 τί
2665 3637 2717 3692 οἳ
2746 3638 3097 3709 νηστεύοντες
3129 3636 3329 3714 διψῶσι
3365 3637 3604 3714 μᾶλλον,
3629 3648 3663 3710 ῆ

2853 3716 3107 3766 πεινῶσιν
3140 3731 3153 3781 ;

2242 3801 2491 3872 Διψῶμεν
2532 3799 2763 3874 μᾶλλον,
2823 3801 2945 3856 ὅταν
3001 3799 3404 3875 νηστεύσωμεν,
3453 3799 3489 3870 ἤ
3520 3805 3824 3875 πεινῶμεν,

2173 3886 2311 3943 διότι
2345 3889 2406 3944 τὸ
2447 3889 2498 3944 ἐν
2553 3893 2690 3962 ἡμῖν
2749 3890 2948 3967 θερμὸν
3010 3888 3224 3966 πρῶτον
3283 3891 3377 3962 μὲν
3435 3885 3827 3945 καταϐόσκεται

2169 3979 2230 4032 τὸ
2277 3977 2326 4032 ἐν
2361 3979 2572 4052 σώματι
2621 3980 2923 4051 περισσεύει
2977 3986 3208 4056 τροφῆς,
3244 3981 3358 4034 εἶτα
3407 3978 3489 4034 ἐπ’
3522 3979 3688 4048 αὐτὴν
3729 3981 3826 4056 βα-

2171 4066 2303 4137 δίζει
2335 4069 2431 4136 τῆν
2484 4068 2761 4146 σύμφυτον
2824 4063 3024 4124 λιϐάδα
3078 4077 3178 4138 τῆς
3242 4069 3438 4143 σαρκὸς
3496 4071 3530 4138 ἡ
3587 4067 3640 4123 ἐν
3693 4071 3832 4141 ἡμῖν

2169 4156 2430 4226 πύρωσις,
2487 4158 2549 4213 τὸ
2605 4159 2821 4234 νοτερὸν
2891 4155 3184 4227 διώκουσα,
3271 4158 3362 4212 καὶ
3446 4157 3508 4212 τὸ
3582 4155 3826 4233 δίυγρον.

2171 4246 2468 4317 Γενομένης
2523 4248 2613 4301 οὖν
2662 4242 2842 4321 ὤσπερ
2923 4245 2972 4302 ἐν
3032 4245 3202 4319 πηλῷ
3276 4244 3601 4322 ξηρότητος,
3656 4250 3831 4302 ποτοῦ

2172 4333 2383 4408 μᾶλλον
2406 4335 2468 4391 τὸ
2508 4341 2668 4409 σῶμα
2715 4333 2917 4400 δεῖσθαι
2962 4334 3216 4412 πέφυκεν,
3266 4333 3429 4412 ἄχρις
3482 4335 3545 4390 οὗ
3587 4335 3827 4392 πιόντων

2169 4424 2506 4501 ἀναρρωσθὲν
2563 4425 2652 4480 καὶ
2703 4424 2927 4502 ἶσχόσαν
2977 4427 3038 4480 τὸ
3089 4425 3290 4498 θερμὸν
3349 4419 3645 4498 ἐμϐριθοῦς
3695 4446 3830 4500 τρο-

2168 4521 2272 4592 φῆς
2299 4511 2468 4588 ὄρεξιν
2523 4513 2837 4589 ἐργάσηται.
2887 4515 2962 4569 Τὸ
3005 4515 3106 4590 γὰρ
3158 4514 3209 4570 ἐν
3259 4516 3396 4588 ἡμῖν
3447 4512 3686 4587 μάλιστα
3716 4510 3829 4570 δεῖ-

2164 4624 2250 4657 ται
2305 4610 2516 4679 τροφῆς
2573 4604 2796 4680 θερμὸν,
2872 4603 3052 4679 ὥσπερ
3128 4601 3320 4676 ἀμέλει
3387 4602 3668 4678 βλέπομεν
3726 4601 3830 4674 ἔξω

408 4715 515 4753 nos
546 4697 852 4753 observare
875 4713 1194 4768 possumus
1219 4711 1322 4750 nec
1347 4710 1676 4760 aerem,nec
1699 4711 1934 4766 aquam,
1954 4709 2057 4750 nec

2183 4694 2306 4763 ιητε
2350 4692 2498 4768 ἀέρα,
2535 4694 2674 4766 μήτε
2705 4690 2875 4766 ὕδωρ,
2913 4695 3050 4766 μήτε
3081 4699 3185 4768 γῆν
3219 4692 3471 4772 ἐφιέμενα
3513 4694 3828 4766 τρέφεσθαι,

409 4794 622 4843 terram
686 4785 960 4842 alimento
998 4785 1250 4850 inhiare,
1309 4799 1415 4840 nec
1473 4783 1803 4855 propinqua
1860 4801 2063 4840 consu-

410 4893 590 4942 mere,
624 4875 726 4932 sed
755 4876 944 4931 solum
979 4875 1194 4947 ignem,
1256 4888 1438 4943 quare
1497 4877 1553 4927 et
1584 4889 1754 4928 senes
1789 4872 2064 4930 facillime

409 4968 604 5021 terunt
628 4961 1254 5035 jejunium,siquidem
1290 4960 1470 5016 hebes
1493 4962 1617 5032 jam
1651 4967 1706 5016 et
1736 4961 1981 5032 exiguus
2004 4962 2062 5016 in

412 5055 529 5110 illis
559 5054 721 5110 calor
749 5058 855 5108 est.
885 5054 1074 5108 Etiam
1106 5049 1459 5104 animalibus
1493 5051 1780 5120 sanguine
1811 5051 2061 5106 destitu-

407 5145 503 5211 tis,
529 5143 668 5214 quia
701 5141 892 5198 calore
916 5157 1030 5196 non
1063 5155 1231 5210 asque
1263 5138 1722 5206 abundaut,cibe
1754 5139 1952 5195 minus
1973 5145 2061 5196 est

408 5250 580 5305 opus.

891 5321 980 5375 88.
1018 5321 1090 5375 De
1109 5320 1235 5375 (νιτιί
1260 5321 1586 5375 substantia.

481 5411 646 5467 Plato
678 5409 1068 5483 philosophus
1091 5425 1158 5464 ex
1215 5415 1470 5480 quatuor
1527 5407 1832 5464 elementis
1865 5409 2060 5466 omnia

2178 4783 2314 4854 μήτε
2346 4781 2702 4836 ἀναλίσκοντα
2729 4782 2792 4836 τὸ
2825 4781 3147 4853 πλησιάζον,
3182 4781 3326 4837 ἀλλᾶ
3369 4783 3533 4853 μόνον
3566 4781 3630 4836 τὸ
3672 4786 3776 4856 πῦρ
3811 4827 3828 4842 .

2173 4869 2270 4924 Διά
2295 4874 2462 4924 ταῦτα
2490 4869 2578 4925 καὶ
2611 4868 2661 4924 οἷ
2705 4869 2953 4947 γέροντες
3002 4869 3166 4945 ῥᾷστα
3203 4871 3455 4940 νηστείαν
3515 4871 3770 4944 φέρουσιν
3807 4889 3823 4903 °

2173 4954 2360 5031 ἀμϐλὺ
2408 4960 2510 5034 γάρ
2570 4958 2620 5013 ἐν
2681 4960 2868 5014 αὐτοῖς
2925 4958 3014 5014 καὶ
3078 4959 3270 5034 μικρὸν
3332 4956 3440 5029 ἤδη
3506 4960 3570 5013 τὸ
3624 4958 3826 5031 θερμόν

2172 5048 2302 5105 ἐστι.
2353 5050 2454 5104 Καὶ
2517 5049 2580 5102 τά
2636 5045 2839 5122 ἄναιμά
2881 5045 2937 5103 δὲ
2987 5053 3094 5103 τῶν
3157 5048 3306 5117 ζώων
3357 5055 3571 5126 τρρφῆς
3628 5047 3829 5117 ἣκιστα

2169 5135 2506 5214 προσδεῖται,
2541 5135 2607 5192 δι’
2636 5135 2840 5193 ἔνδειαν
2875 5138 3232 5214 θερμὺτητος.

2475 5317 2587 5388 πη’.
2625 5316 2755 5393 Περὶ
2785 5323 2886 5387 τῆς
2914 5321 3012 5372 τοῦ
3045 5317 3277 5393 οὐρανοῦ
3309 5315 3512 5379 οὐσίας.

2240 5404 2469 5462 Πλάτων
2504 5406 2596 5480 μέν
2631 5407 2658 5462 ὁ
2718 5405 3017 5486 φιλόσοφος
3075 5405 3180 5461 ἀπὸ
3209 5409 3314 5459 τῶν
3365 5407 3637 5482 τεσσάρων
3672 5425 3828 5460 στοι-

1989 5543 2222 5601 NOTzE.

474 5663 551 5734 (8)
579 5663 701 5717 Imo
733 5662 802 5716 de
836 5666 1105 5734 tempore
1128 5658 1493 5734 formationis
1544 5658 1695 5734 fetus
1751 5657 1809 5712 in
1836 5663 2049 5734 _utero.

405 5729 548 5788 Nam
581 5735 651 5789 de
683 5729 982 5789 senectute
1013 5731 1247 5800 quidem
1283 5730 1429 5785 nihil
1465 5730 1521 5783 in
1555 5729 1662 5784 hoc
1721 5730 1910 5801 capite
1939 5736 2051 5787 tra-

405 5806 587 5874 ditur,
617 5805 730 5860 nisi
788 5821 852 5860 ce
907 5804 1144 5872 referas,
1205 5803 1358 5875 quod
1417 5801 1571 5856 bona
1600 5802 1771 5856 diaeta
1802 5806 1858 5856 et
1893 5807 2052 5859 tran-

2162 5658 2450 5731 quillitate
2479 5658 2660 5714 animi
2694 5659 3022 5731 conservari
3075 5659 3366 5731 integram
3397 5656 3825 5729 valetudinem,

2162 5730 2338 5802 atque
2364 5732 2508 5804 adeo
2541 5737 2901 5788 senectutem
2935 5730 3191 5788 feliciter
3209 5730 3420 5803 attingi
3467 5747 3657 5804 posse,
3687 5747 3826 5788 vere

2163 5820 2228 5860 ac
2262 5803 2579 5870 prudenter
2610 5808 2829 5859 monet.
