4080 6350
260 404 380 462 7M

1456 404 1557 464 DE
1602 391 2044 465 OMNIFARIA
2086 403 2503 468 DOCTRINA.

3560 419 3681 480 742

259 531 433 607 χιὶων
492 533 666 587 πάντα
716 530 970 587 πλάττων
1024 533 1091 588 τὰ
1143 531 1385 604 σύνθετα,
1418 533 1645 606 σώματα
1676 532 1781 589 ἀπὸ
1808 537 1900 589 τῶ*

2030 538 2298 594 etformat
2345 540 2670 613 composita
2728 559 2990 616 corpora,
3031 551 3212 620 atque
3268 549 3410 606 adeo
3467 550 3681 609 cmlum

261 621 448 678 αὐτῶν
526 622 831 700 συγκεῖσθαι
906 622 996 678 καὶ
1077 622 1171 678 τὸν
1255 622 1481 699 οὐρανὸν
1542 624 1917 702 ἀποφαίνεται.

249 714 529 767 Τοσοῦτον
585 708 681 783 δὲ,
736 710 911 790 φησὶ,
968 711 1107 787 πρὸς
1163 711 1231 768 τὰ
1301 709 1446 768 ἄλλα
1499 714 1599 783 τὴν
1657 710 1918 790 διαφορὰν

255 800 432 878 ἔχειν,
486 800 570 858 ὅτι
624 801 693 856 τὰ
756 801 851 874 μὲν
908 799 995 855 ἐπὶ
1026 807 1129 878 γῆς
1160 801 1387 875 σώματα
1418 802 1523 857 ἀπὸ
1552 808 1652 873 τῆς
1685 801 1919 879 ἐσχάτης

258 889 489 969 μερίδος
544 895 650 946 τῶν
708 891 1001 967 στοιχείων
1067 891 1222 962 εἶναι,
1278 897 1376 961 τῆς
1435 893 1550 946 οἷον
1610 890 1920 968 παχυτέρας

250 982 349 1037 καὶ
410 977 812 1055 ὗλωδεστέρας,
869 981 962 1036 τὸν
1023 977 1082 1035 δὲ
1139 980 1365 1055 οὐρανὸν
1416 980 1523 1035 ἀπὸ
1574 987 1675 1050 τῆς
1705 981 1918 1057 αὖγοει-

251 1069 512 1145 δευτέρας
559 1070 736 1126 αὐτῶν
801 1070 998 1147 μοίρας
1058 1069 1382 1134 ούσιῶσοαι.
1439 1068 1827 1146 Ἀριστοτέλης
1859 1069 1917 1127 δὶ

245 1162 325 1217 τά
375 1162 473 1234 μὲν
516 1160 747 1229 τέσσαρα
778 1165 1026 1236 στοιχεῖα
1071 1160 1190 1215 κατ’
1240 1157 1444 1215 εύῦεῖαν
1497 1162 1756 1216 κινεῖσθαι
1815 1159 1915 1216 λα-

248 1244 392 1317 ϐὼν,
420 1250 512 1305 τὸν
546 1246 604 1304 δὲ
626 1248 853 1325 οὐρανὸν
914 1246 1102 1322 κύκλῳ
1154 1247 1427 1328 φέρεσθαι,
1487 1248 1591 1305 ἀπὸ
1641 1256 1741 1320 τῆς
1792 1247 1915 1305 δια-

247 1338 430 1418 φόρου
479 1340 746 1410 κινήσεως
778 1335 1036 1417 διάφορόν
1071 1338 1217 1411 αὗτῷ
1266 1338 1356 1393 καὶ
1386 1339 1488 1408 τὴν
1547 1339 1735 1395 οὐσίαν
1775 1340 1913 1417 πρὸς

242 1428 321 1484 τὰ
350 1433 599 1506 στοιχεῖα
630 1424 842 1485 δίδωσι.
894 1427 994 1482 Καὶ
1049 1426 1140 1483 τόν
1167 1448 1227 1483 τε
1256 1426 1480 1504 ούρανὸν
1522 1428 1611 1484 καὶ
1665 1429 1790 1491 τοὺς
1823 1428 1911 1484 ὑπ’

243 1516 686 1595 αύτὸνάστέρας
739 1517 831 1571 καὶ
885 1518 1056 1593 μέχρι
1105 1516 1345 1589 σελήνης
1374 1515 1559 1593 αἰθέρα
1581 1516 1762 1591 καλεῖ,
1820 1518 1909 1574 καὶ

243 1608 505 1682 πέμπτον
536 1611 694 1681 σῶμα
717 1608 1100 1679 κατονομάζει.

385 1732 490 1790 πθ’.
524 1723 617 1787 Εἲς
645 1726 851 1789 πόσους
873 1722 1109 1787 κύκλους
1141 1720 1431 1801 διαιρεῖται
1464 1724 1493 1779 ὁ
1524 1722 1771 1802 οὐρανός.

321 1825 422 1881 Τὸν
487 1823 713 1900 οὐρανὸν
764 1822 842 1888 εἷς
893 1819 1141 1884 πολλοὺς
1208 1820 1445 1885 κύκλους
1504 1822 1556 1877 οἱ
1613 1820 1907 1901 φιλόσοφοι

2029 643 2259 699 quoque
2289 644 2356 683 ex
2389 627 2599 686 iisdem
2648 637 2916 690 constare
2944 635 3149 693 docet:
3199 640 3427 695 tantum
3452 640 3698 699 differre.

2030 715 2090 771 in
2138 732 2227 784 eo,
2261 718 2414 790 quod
2448 734 2692 792 corpora
2721 722 3020 779 terrestria
3069 742 3134 784 ex
3168 726 3563 787 deterioribus
3616 747 3683 788 ac

2026 802 2205 861 veluti
2228 804 2617 863 crassioribus
2642 810 2898 882 etmagis
2928 814 3329 871 materialibus
3359 815 3679 875 elemento-

2030 909 2160 949 rum
2193 894 2461 965 partibus
2491 896 2819 969 composita
2850 899 2989 968 sint,
3043 901 3251 960 coelum
3293 922 3424 962 vero
3447 922 3515 962 cx
3546 908 3683 963 sub-

2026 989 2324 1048 tilioribus
2382 998 2439 1050 et
2495 994 2881 1053 lucidioribus
2938 1000 3332 1058 substantiam
3367 1004 3674 1077 acceperit.

2024 1080 2366 1138 Aristoteles
2424 1084 2565 1139 dum
2607 1085 2814 1151 sumit,
2873 1087 3156 1145 elementa
3213 1095 3464 1163 quatuor
3521 1097 3676 1150 recto

2025 1174 2189 1225 motu
2226 1171 2718 1246 ferri,ca:lumque
2750 1174 3127 1244 circulari,ex
3159 1179 3389 1237 diversa
3417 1182 3676 1239 motione

2023 1258 2200 1315 etiam
2242 1260 2532 1319 diversam
2574 1280 2608 1319 a
2647 1269 2904 1336 quatuor
2950 1265 3249 1325 elementis
3278 1270 3672 1329 substantiam

2021 1355 2152 1427 ejus
2180 1357 2835 1433 concludit,cmlumque
2858 1367 2914 1418 et
2943 1362 3138 1420 sidera
3158 1366 3230 1421 ad
3263 1365 3459 1423 tunam
3484 1384 3672 1441 usque

2020 1446 2295 1503 aetherem
2324 1452 2386 1505 et
2414 1449 2687 1522 quintum
2720 1467 2932 1525 corpus
2964 1453 3246 1527 appellat.

2246 1748 2336 1804 89.
2368 1750 2431 1805 In
2460 1754 2589 1822 quot
2618 1751 2850 1808 circulos
2873 1752 3070 1809 caelum
3098 1751 3382 1811 dividatur
3408 1755 3437 1811 7

2089 1844 2309 1903 leum
2344 1847 2519 1904 variis
2556 1849 2793 1906 circulis
2848 1851 3247 1910 distinxerunt
3305 1853 3666 1928 philosophi,

246 1912 610 1989 διῃρήκασιν,
670 1916 743 1968 ὧν
809 1913 1026 1987 πρῶτὸς
1078 1911 1219 1967 ἔστιν
1252 1913 1279 1967 6
1311 1912 1649 1987 ἶσημερινὸς,
1683 1913 1711 1967 ὁ
1746 1913 1900 1985 μέσση

294 2002 309 2015 .
357 2003 372 2015 .
510 2002 521 2015 ,
812 2001 825 2015 .
884 1998 907 2015 κ
1039 2005 1062 2015 ,,
1205 2002 1219 2015 ,
1322 2001 1333 2015 ,
1551 2000 1564 2015 ι
1640 2001 1653 2015 ε
1698 2002 1757 2015 Μ

2019 1951 2271 2007 quorum
2304 1937 2531 2009 primus
2564 1945 2653 1995 cst
2682 1945 2960 2012 cequator,
2994 1941 3093 2015 qui
3125 1911 3386 1999 meditim
3419 1911 3566 2000 illud
3605 1911 3667 2001 iri

241 2002 411 2060 αὐτὸν
470 2002 682 2076 τέμνων
738 2001 828 2056 καὶ
879 1998 1103 2076 διαιρῶν
1161 2002 1229 2056 τὰ
1274 2001 1429 2056 νότια
1477 2000 1567 2055 καὶ
1596 2001 1663 2055 τὰ
1697 2002 1904 2076 βόρεια.

244 2091 479 2168 Ἐφεξῆς
535 2088 597 2145 δὲ
648 2090 846 2146 τούτου
901 2091 1020 2145 κατ’
1078 2089 1246 2168 ἄμφω
1301 2090 1368 2144 τά
1422 2088 1585 2164 μέρη,
1640 2091 1777 2147 κατᾶ
1810 2092 1903 2165 μὲν

239 2182 314 2236 τὸ
361 2178 534 2251 δεξιὸν
565 2223 579 2250 ,
632 2180 840 2253 θερινὸν
914 2178 1117 2235 κύκλον
1188 2178 1278 2234 καὶ
1362 2180 1450 2235 τὸν
1513 2181 1764 2256 ἀρκτικὸν
1819 2202 1906 2237 τι·

243 2270 451 2335 θέασινο
511 2271 647 2326 κατᾶ
692 2268 750 2325 δὲ
795 2270 859 2326 τὸ
918 2269 1219 2348 ἀριστερόν,
1287 2270 1379 2325 τὸν
1433 2270 1612 2326 νότιον
1671 2270 1761 2326 καὶ
1811 2273 1903 2328 τὸν

240 2359 642 2437 ἆνταρκτικὸν.
698 2363 922 2436 Ἕτερον
984 2358 1138 2423 αὖθις
1197 2356 1400 2415 κύκλον
1460 2357 1759 2415 πλάττουσι
1811 2362 1901 2417 τὸν

243 2444 629 2527 μεσημϐρινὸν
688 2450 779 2505 τὸν
841 2448 947 2505 ἀπὸ
1002 2454 1109 2505 τῶν
1168 2448 1447 2505 ἀνατολῶν
1508 2448 1582 2512 είς
1612 2447 1762 2505 δύσιν
1791 2451 1903 2506 κεί-

242 2560 413 2613 μενον
449 2583 463 2609 ,
520 2538 611 2595 καὶ
678 2538 948 2613 τέμνοντα
1026 2540 1121 2614 μὲν
1180 2538 1309 2602 τοὺς
1368 2539 1689 2615 εἷρημένους
1747 2540 1906 2597 πέντε

234 2627 508 2702 κύκλους,
572 2626 765 2701 ἐπίσης
812 2626 1124 2706 διαιροῦντα
1155 2626 1214 2684 δὲ
1242 2629 1303 2684 τὸ
1362 2628 1493 2702 ἑῷον
1531 2628 1694 2706 μέρος
1721 2630 1811 2685 καὶ
1840 2632 1903 2687 τὸ

240 2717 527 2793 ἑσπέριον.
559 2718 753 2775 Ἕκτον
786 2720 1263 2794 προσονομάζουσι
1293 2718 1385 2773 τὸν
1411 2719 1687 2795 ὁρίζοντα,
1712 2720 1781 2774 τὰ
1805 2716 1902 2776 δύο

238 2806 588 2886 ἡμισφαίρια
617 2804 1029 2865 διαστέλλοντα.
1056 2801 1360 2882 Ἕϐδομον,
1392 2808 1484 2863 τὸν
1509 2805 1901 2884 ζωδιακὸν,ἀρ-

239 2896 487 2973 χόμενον
520 2896 627 2952 ἀπὸ
658 2901 752 2952 τοῦ
781 2898 1016 2971 Θερινοῦ,
1050 2895 1140 2952 καὶ
1168 2894 1436 2971 τέμνοντα
1462 2898 1552 2952 τὸν
1587 2895 1900 2974 ῗσημερινὸν

238 2985 332 3041 καὶ
367 2985 611 3063 λήγοντα
640 2986 715 3049 εἷς
744 2986 836 3042 τὸν
864 2987 1068 3044 νότιον.

238 3192 307 3268 ρ’.
342 3191 476 3268 Περὶ
508 3194 605 3248 τοῦ
631 3188 963 3269 φαινομένου
992 3190 1044 3245 ἐν
1090 3194 1171 3269 τῷ
1214 3189 1430 3269 οὐρανῷ
1456 3190 1899 3269 ’γαλακτοειδοῦς

580 3260 906 3321 κύκλουκαὶ
935 3260 1237 3339 λεγομένου
1267 3260 1555 3336 Γαλαξίου.

308 3358 480 3430 Ὀπερ
541 3352 684 3409 ἐστὶν
742 3354 771 3409 6
824 3354 1080 3427 κομήτης
1138 3353 1262 3428 περί
1319 3348 1411 3408 ἕνα
1456 3352 1684 3430 ἀστέρα,
1729 3356 1892 3412 τοῦτό

226 3442 380 3500 ἐστιν
437 3443 466 3497 6
501 3441 764 3517 Γαλαξίας
793 3443 916 3519 περὶ
947 3440 1077 3499 ὅλον
1136 3439 1356 3500 κύκλον.
1391 3444 1453 3500 Ἡ
1483 3442 1584 3520 γὰρ
1617 3443 1751 3513 αὐτή
1783 3444 1888 3517 ὕλη

224 3532 499 3610 γαλαξίου
555 3532 646 3588 καὶ
702 3533 977 3606 κομήτου,
1030 3533 1121 3588 καὶ
1180 3530 1295 3587 ἐπεὶ
1346 3533 1599 3607 μέγιστος
1628 3533 1833 3597 κύκλος
1864 3535 1893 3589 6

222 3619 503 3695 γαλαξίας
556 3620 779 3696 γίνεται,
842 3619 1032 3690 πολλή
1092 3621 1145 3692 ἐξ
1195 3621 1432 3697 ἀνάγκης
1474 3623 1510 3691 ἠ
1542 3618 1723 3696 ἔξαψις
1755 3644 1894 3697 συμ-

226 3705 436 3767 ϐαίνει.
478 3711 540 3767 Ὁ
598 3708 657 3766 δὲ
713 3709 1105 3775 κύκλοςαύτοῦ
1150 3705 1461 3783 συμϐάλλει
1518 3710 1656 3766 κατά
1697 3732 1756 3767 τε
1801 3712 1891 3767 τὸν

215 3798 469 3871 Τοξότην
527 3799 617 3854 καὶ
663 3799 790 3862 τοὺς
846 3796 1132 3873 διδύμους,
1195 3800 1329 3874 ἅπερ
1362 3798 1422 3854 έκ
1451 3797 1746 3878 διαμέτρου
1768 3801 1891 3856 εἶσί.

220 3890 334 3943 Καὶ
389 3887 485 3944 ’ἕνα
539 3889 603 3943 τὸ
634 3889 794 3967 σαφὲς
824 3884 928 3965 ἔχῃ
980 3891 1009 3944 6
1050 3889 1437 3965 ἀναγινώσκων
1471 3890 1595 3965 περί
1623 3910 1682 3945 τε
1710 3892 1893 3965 κομή-

218 3999 330 4034 του
388 3978 481 4033 καὶ
540 3977 827 4049 Γαλαξίου,
884 3976 1221 4053 γινωσκέτω,
1267 3979 1349 4033 ὅτι
1405 3977 1560 4042 εὐθὺς
1625 3982 1758 4053 μετᾶ
1794 3981 1893 4049 τὴν

220 4067 477 4138 σελήνην
535 4071 695 4141 σῶμα
723 4065 891 4136 ἐστὶν,
942 4066 1003 4123 οὐ
1035 4069 1283 4143 καθαρῶς
1337 4068 1430 4141 μὲν
1461 4071 1589 4141 πῦρ,
1621 4066 1748 4123 ἀλλ’
1779 4071 1893 4125 οἷον

218 4153 521 4220 καπνῶδες
580 4156 670 4212 καὶ
730 4154 1024 4230 δυνάμενον
1090 4158 1194 4213 ὑπὸ
1251 4158 1522 4229 κινήσεως
1581 4156 1897 4236 έξαφθῆναι,

212 4249 358 4303 ὅταν
395 4246 492 4320 μὶν
532 4247 807 4317 κινηθέντι
860 4246 1026 4319 μέρος
1070 4250 1168 4302 τοῦ
1200 4245 1615 4321 ὑπεκκαύματος
1670 4246 1894 4324 ἐξαφθῇ,

210 4336 321 4391 καὶ
382 4334 613 4409 ἐμπέσοι
662 4335 742 4399 εἷς
776 4336 1005 4410 μερικὴν
1036 4340 1269 4412 παχεῖαν
1325 4334 1463 4405 ὕλην
1494 4336 1585 4391 καί
1617 4334 1870 4408 ἐπισταίη
1882 4392 1897 4419 ν

208 4429 382 4481 ποιεῖ
430 4426 712 4498 κομήτηνθ
774 4426 901 4480 ὅταν
957 4422 1014 4480 δὶ
1070 4425 1146 4487 εἷς
1205 4424 1335 4481 ὅλον
1365 4424 1571 4480 κύκλον
1618 4422 1897 4502 διενεχθῇ,

208 4519 384 4570 ποιεῖ
437 4515 530 4570 τὸν
588 4513 874 4588 Γαλαξίαν.
935 4513 1189 4570 Φαίνεται
1249 4510 1306 4569 δὲ
1358 4514 1575 4584 λευκὸς,
1607 4512 1747 4571 διότι
1782 4518 1899 4571 οἷον

208 4602 581 4682 ἒξαφρίζεται
636 4602 740 4659 ὑπὸ
813 4610 915 4673 τῆς
970 4604 1233 4676 κινήσεως
1294 4605 1356 4658 τὸ
1425 4602 1747 4678 ὑπέκκαυμα
1806 4602 1897 4661 καὶ

210 4676 686 4749 ὑπολευκαίνεται
697 4734 710 4749 .

207 4801 333 4878 ρι’.
368 4799 502 4875 Περὶ
531 4803 639 4854 τῶν
673 4797 1010 4879 φαινομένων
1052 4796 1105 4854 έν
1134 4802 1214 4879 τῷ
1244 4797 1453 4873 ούρανῷ
1483 4796 1758 4879 διαφόρων
1790 4820 1892 4856 πυ-

1992 2026 2337 2082 austrulcm
2368 2031 2425 2083 et
2480 2029 2990 2100 septentrionalem
3051 2036 3276 2103 partem
3318 2032 3547 2089 dividit.
3582 2033 3667 2090 Ab

2017 2112 2127 2170 hoc
2148 2114 2423 2188 deinceps
2454 2132 2522 2172 ex
2553 2122 2800 2190 utraque
2830 2123 2994 2191 parte
3024 2120 3095 2175 ad
3128 2120 3391 2177 dextram
3425 2122 3667 2194 quidem

2015 2204 2305 2275 tropicum
2339 2206 2604 2262 aestivum
2636 2212 2694 2263 et
2724 2207 3011 2265 circulum
3041 2211 3323 2267 arcticum
3357 2210 3669 2282 collocant,

2016 2293 2087 2348 ad
2111 2293 2354 2349 sinistra
2373 2296 2665 2367 tropicum
2715 2297 3057 2365 australem,
3086 2298 3491 2373 circulumque
3539 2304 3669 2358 ant-

2015 2382 2321 2439 arcticum.
2354 2384 2549 2440 Alium
2581 2386 2798 2443 iterum
2830 2388 3122 2461 efﬁngunt
3173 2389 3457 2446 circulum
3490 2390 3669 2447 meri-

2015 2471 2378 2541 dianum,ab
2408 2474 2632 2532 oriente
2662 2475 2733 2531 ad
2783 2477 3146 2535 occidentem
3200 2495 3390 2551 usque
3447 2480 3668 2553 pertin-

2013 2567 2244 2635 gentem
2276 2583 2290 2633 ;
2316 2568 2484 2636 atque
2506 2572 2730 2621 sextum
2755 2565 3039 2624 circulum
3061 2568 3455 2641 quinquejam
3480 2570 3666 2627 dictos
3694 2610 3703 2615 -

2012 2656 2334 2720 secantem,
2395 2655 2863 2728 matutinamque
2912 2672 2979 2712 ac
3008 2657 3403 2730 vespertinam
3441 2663 3667 2732 partem

2011 2742 2313 2814 aequaliter
2350 2743 2707 2801 dividentem
2767 2744 3133 2803 horizontem
3194 2747 3315 2805 sive
3372 2748 3666 2806 finitorem

2011 2830 2329 2904 appellant,
2386 2849 2502 2905 quo
2536 2834 2653 2890 duo
2710 2834 3127 2908 hemisphaeria
3157 2837 3617 2910 distinguuntur
3647 2857 3662 2909 ;

2010 2922 2326 2992 septimum
2355 2924 2607 2995 denique
2636 2925 2940 2982 zodiacum
2971 2926 3346 2999 incipientem
3379 2943 3414 2983 a
3442 2927 3664 3000 tropico

2009 3010 2228 3079 aestivo,
2260 3018 2676 3087 secantemque
2704 3020 3078 3088 :equatorem,
3111 3020 3287 3089 atque
3335 3016 3392 3073 in
3442 3016 3666 3090 tropico

1997 3101 2253 3156 australi
2286 3102 2679 3160 desinentem.

2159 3208 2249 3263 90.
2273 3210 2349 3266 De
2368 3209 2580 3267 circulo
2614 3209 2789 3267 lacteo
2819 3211 2879 3268 in
2910 3210 3063 3281 caelo,
3086 3212 3202 3268 sive
3225 3210 3485 3268 Galeria.

2077 3370 2230 3436 Quod
2262 3376 2489 3429 cometa
2512 3376 2604 3428 est
2632 3371 2693 3428 in
2725 3389 2841 3429 una
2866 3371 3172 3444 stella,hoc
3202 3373 3441 3432 Galaxia
3471 3378 3561 3431 est
3592 3375 3654 3432 in

2001 3463 2121 3517 toto
2143 3460 2378 3516 circulo.
2414 3462 2628 3518 Eadem
2686 3462 2844 3519 enim
2877 3466 3117 3521 cometa;
3147 3468 3206 3520 et
3253 3464 3424 3521 lactei
3455 3464 3660 3522 circuli

2003 3549 2357 3616 substantia,
2378 3567 2443 3607 ac
2472 3553 2613 3623 quia
2636 3552 2930 3609 maximus
2956 3560 3045 3609 est
3075 3553 3338 3610 circulus
3369 3554 3656 3625 Galaxias,

2005 3654 2241 3695 necesse
2258 3644 2634 3713 estmagnum
2652 3641 2729 3697 ibi
2754 3642 3654 3714 eontingereintlammationem.

2005 3728 2399 3801 Attingitvero
2413 3729 2668 3787 circulus
2699 3731 2811 3787 iste
2834 3731 3657 3805 Sagittarium,Geminosque,

2006 3819 2106 3890 qui
2138 3835 2169 3874 e
2197 3818 2486 3876 diametro
2518 3820 2631 3875 sibi
2663 3825 3060 3893 opponuntur.
3113 3825 3301 3893 Atque
3341 3824 3405 3877 ut
3432 3821 3656 3889 lectori,

2006 3907 2161 3979 quod
2185 3908 2256 3963 de
2285 3912 2512 3964 cometa
2540 3913 2597 3963 et
2653 3909 2892 3965 Galaxia
2949 3909 3088 3976 dixi,
3123 3910 3498 3982 perspicuum
3555 3912 3653 3982 sit,

2008 3996 2162 4051 norit
2191 3997 2303 4052 sub
2335 3996 2475 4053 luna
2503 4013 2632 4054 esse
2689 4015 2928 4070 corpus,
2970 4014 3083 4054 non
3144 4015 3356 4071 purum
3416 3998 3656 4071 quidem

2006 4084 2224 4156 ignem,
2272 4087 2373 4141 sed
2421 4087 2600 4143 veluti
2633 4087 2931 4161 fumigans
2980 4087 3216 4160 aliquod
3276 4094 3659 4161 aptumquea

2008 4176 2265 4231 motione
2298 4176 2598 4233 ﬂammam
2630 4178 2959 4249 concipere.
3009 4178 3252 4241 Quando
3283 4177 3464 4251 igitur
3521 4195 3657 4251 pars

2007 4265 2230 4336 agitata
2277 4265 2498 4322 fomitis
2520 4265 2681 4323 illius
2695 4266 3423 4341 succenditur,inciditque
3446 4268 3505 4323 in
3532 4285 3656 4341 par-

2007 4354 2315 4410 ticularem
2349 4354 2654 4411 materiam
2689 4371 2949 4412 crassam
2981 4370 3232 4427 eamque
3260 4356 3658 4429 accendit,ch-

2011 4446 2228 4499 metam
2254 4444 2395 4499 facit
2426 4468 2440 4512 ;
2472 4446 2708 4516 quando
2727 4450 2921 4501 autem
2946 4462 3048 4517 per
3074 4448 3255 4501 totum
3278 4444 3531 4502 infertur
3548 4446 3659 4502 cir-

2008 4531 2233 4600 culum,
2295 4533 2432 4589 facit
2487 4534 2813 4603 Galaxiam,
2864 4534 2967 4607 qui
3022 4534 3314 4590 candidus
3363 4540 3653 4608 apparet;

2010 4622 2290 4693 quoniam
2325 4640 2359 4679 a
2389 4624 2649 4680 motione
2679 4623 2865 4680 fomes
2886 4621 2981 4679 ille
3013 4622 3189 4679 veluti
3220 4628 3482 4696 spumat,
3514 4623 3657 4680 albi-

2002 4715 2231 4782 eatque.

2196 4801 2285 4856 91.
2320 4800 2396 4856 De
2428 4800 2559 4855 visis
2580 4800 2747 4856 variis
2786 4802 2845 4855 in
2872 4800 3007 4856 cwlo
3035 4802 3453 4871 apparentibus.

807 4870 887 4947 ρίν
896 4893 971 4927 ων
1002 4870 1320 4948 φασμάτων.

292 4959 806 5035 Ἐκφλογοόμενον,
838 4960 914 5025 ὡς
952 4958 1270 5036 εἰρήκαμεν,
1327 4959 1393 5015 τὸ
1444 4960 1785 5035 ὑπέκκαυμα,
1843 4960 1892 5016 εἶ

200 5048 318 5106 καὶ
379 5049 517 5105 κατὰ
578 5055 756 5123 μῆκος
818 5047 985 5123 μόνον
1054 5048 1280 5127 ἐξαφθῇ,
1337 5048 1427 5104 καὶ
1485 5051 1691 5125 ποιήσῃ
1751 5050 1893 5105 ἀπο-

202 5137 709 5212 σπινθηρισμοῦς,
769 5139 825 5193 αἱ
882 5133 1178 5214 λεγόμεναι
1238 5138 1381 5214 αἶγες
1434 5138 1692 5213 γίνονται,
1747 5138 1891 5213 μαλ-

202 5226 356 5287 λοῖς
430 5225 533 5302 γὰρ
613 5225 931 5305 ἐκκρεμέσιν
1011 5228 1063 5282 οἱ
1142 5227 1643 5304 ἀποσπινθηρισμοὶ
1718 5226 1893 5283 ἐοίκα-

200 5337 336 5373 σιν.
384 5313 449 5369 Ei
504 5312 562 5371 δὶ
615 5317 682 5372 οὐ
740 5318 946 5392 ποιήσῃ
974 5316 1481 5393 ἆποσπινθηρισμὸν
1520 5317 1584 5372 τὸ
1613 5318 1749 5373 κατά
1780 5324 1890 5392 μῆ-

198 5425 330 5470 κος
398 5401 638 5480 ἰξαφθὶν,
674 5402 841 5468 δαλὸς
874 5404 964 5461 διὰ
991 5406 1054 5461 τὸ
1110 5412 1306 5481 σχῆμα
1334 5410 1789 5481 κατονομάζεται.
1822 5407 1889 5465 Οἱ

198 5494 273 5554 δὲ
349 5492 673 5568 φαινόμενοι
727 5496 1017 5559 πίπτοντες
1074 5493 1289 5568 ἀστέρες
1323 5540 1339 5564 ,
1396 5493 1490 5557 οὕς
1574 5492 1889 5559 διάττοντας

194 5588 233 5643 ὁ
306 5582 706 5657 Ἀριστοτέλης
754 5583 934 5656 καλεῖ,
993 5581 1210 5659 σπέρμα
1258 5580 1369 5638 ἐστὶ
1427 5584 1623 5660 πυρὸς,
1650 5584 1889 5663 ἐξαφθεία

196 5693 332 5747 σης
390 5669 528 5727 κατά
582 5694 635 5728 τι
698 5673 863 5751 μέρος
917 5679 1018 5743 τῆς
1068 5669 1390 5735 καπνώδους
1454 5672 1887 5748 ἀναθυμιάσεως,

189 5760 309 5822 καὶ
382 5760 521 5816 κατὰ
571 5758 860 5837 διάδοσιν,
917 5759 1154 5839 πλαγίαν
1208 5761 1590 5836 ποιησαμένης
1636 5761 1886 5835 κίνησινο

2071 4964 2403 5017 Succensus
2433 4964 2497 5016 ut
2522 4959 2639 5015 dixi
2664 4960 3114 5032 fomes,quando
3142 4961 3199 5015 in
3224 4960 3463 5034 longum
3480 4964 3653 5021 modo

2002 5049 2305 5106 ﬂammam
2329 5049 3271 5122 concipit,emittitqueigniculos,
3304 5052 3650 5125 ﬁuntcaprm

2003 5155 2151 5210 quas
2184 5142 2415 5207 vocant,
2446 5137 2604 5193 villis
2628 5138 2784 5194 enim
2803 5138 3271 5210 dependentibus
3302 5138 3386 5193 illi
3408 5139 3651 5212 igniculi

2004 5244 2121 5283 non
2137 5227 2454 5283 dissimiles
2468 5228 2692 5284 sunt.Si
2711 5244 2840 5283 vero
2858 5228 2914 5283 in
2930 5228 3169 5300 longum
3184 5243 3505 5285 succensas
3518 5229 3649 5286 nul-

1999 5316 2090 5373 las
2104 5316 2557 5373 scintillationes
2569 5316 2817 5387 emittat,
2835 5335 2867 5374 a
2882 5318 3069 5391 ﬁgura
3083 5316 3378 5388 appellant
3399 5318 3646 5376 trabem.

1998 5408 2071 5463 At
2092 5422 2219 5478 quaa
2252 5406 2459 5462 cadere
2525 5406 2801 5462 videntur
2856 5406 3064 5473 stellas,
3097 5406 3497 5465 discurrentes
3526 5407 3648 5465 Ari-

2001 5494 2239 5552 stoteles
2262 5499 2447 5563 vocat,
2482 5512 2683 5553 semen
2716 5494 2779 5551 in
2806 5513 2869 5552 se
2901 5494 3056 5568 ignis
3098 5494 3337 5568 habent,
3365 5513 3649 5556 succenso

2000 5573 2069 5641 ex
2098 5588 2261 5656 parte
2294 5583 2576 5658 fuligineo
2606 5601 2843 5657 vapore,
2876 5591 2933 5641 et
2963 5585 3101 5640 dum
3159 5590 3427 5658 augetur,
3460 5590 3650 5643 trans-

1998 5689 2227 5731 versam
2260 5674 2511 5731 faciente
2536 5674 2876 5730 motionem.
2900 5672 3189 5747 Obliquus
3219 5679 3418 5731 autem
3450 5680 3648 5733 motus

1998 5761 2064 5817 ﬁt
2094 5766 2334 5834 propter
2364 5761 2537 5817 aliam
2572 5763 3078 5834 causam,quando
3100 5760 3380 5819 nimirum
3413 5764 3648 5839 refrige-
