4080 6350
482 383 600 442 743

1824 372 2242 435 MICHAELIS
2287 376 2558 442 PSELLI

3782 388 3903 446 7M

485 513 704 570 ratione
733 507 1274 579 trudente,ob1iqua
1296 507 1483 578 ﬁgura
1514 505 1951 563 redditur.Cum
1976 505 2125 560 enim

2252 510 2388 579 Δοξὴ
2449 508 2505 565 δὲ
2555 514 2761 587 γίνεται
2818 516 2853 585 ἡ
2921 513 3135 586 κίνησις
3189 510 3258 570 δι’
3302 514 3478 571 αἰτίαν
3508 516 3716 590 έτέραν,
3776 520 3901 573 ὅταν

483 619 656 657 omne
682 602 932 671 desuper
959 597 1241 651 emissum
1276 594 1553 649 inferiora
1585 599 1763 665 petat,
1788 593 1942 665 ignis
1998 610 2132 649 vero

478 697 691 747 natura
714 690 924 743 habeat
945 693 1006 741 ut
1036 685 1237 739 tendat
1271 700 1526 750 sursum,
1555 684 1858 755 pressione
1892 686 2134 754 cogente

479 782 551 835 ad
584 779 859 834 inferiora
887 775 1142 840 tendere,
1200 779 1257 829 et
1310 778 1521 828 natura
1575 773 1838 827 vicissim
1893 777 2135 843 cogente

480 885 714 924 sursum
740 866 1177 933 eniti,nascitur
1201 863 1375 917 mista
1396 863 1660 933 qumdam
1692 862 1867 917 veluti
1901 866 1957 916 et
1987 859 2134 915 obli-

483 975 599 1030 qua
631 956 837 1012 motio.

479 1154 569 1209 92.
607 1158 683 1209 De
711 1150 1111 1224 apparentibus
1133 1150 1200 1276 ἑιη
1214 1147 1834 1275 ὴρωέοὺιςαηραίηοῖθηιίδ
1862 1145 2133 1200 coloribus

1252 1238 1305 1275 ια
1334 1238 1350 1274 ι
1394 1237 1474 1274 us.

1252 1237 1474 1275 nativus.

550 1312 1001 1386 Sanguinolenti
1061 1310 1285 1366 colores
1340 1310 1398 1363 in
1458 1308 1601 1363 caelo
1661 1306 2131 1378 conspiciuntur,

480 1404 713 1473 quando
746 1404 933 1457 nubes
966 1402 1134 1471 nigra
1164 1401 1233 1453 ad
1286 1399 1436 1453 latus
1468 1398 1788 1469 splendidae
1828 1396 2000 1451 nubis
2030 1412 2132 1449 ex-

480 1493 829 1561 stiterit,nec
862 1491 1058 1546 minus
1092 1489 1492 1561 quandoiufra
1510 1487 1879 1559 splendidam
1916 1485 2129 1539 nubem

480 1583 667 1637 nubes
699 1581 994 1653 nigricans
1026 1578 1420 1649 colligitur.Ac
1445 1593 1579 1632 cum
1612 1576 1848 1647 quidem
1874 1576 1941 1629 ad
1976 1574 2131 1628 latus

479 1674 770 1738 consistit,
803 1678 943 1727 tunc
976 1671 1167 1726 visum
1200 1669 1338 1723 illud
1371 1668 1657 1741 contingit
1708 1684 1811 1739 per
1839 1666 2132 1721 retractio-

479 1778 611 1817 nem
646 1761 1182 1816 radiorum.Hiatus
1207 1775 1337 1813 vero
1360 1758 1477 1811 sive
1500 1757 1802 1811 chasmata
1827 1759 2131 1827 apparent,

478 1853 712 1922 quando
746 1851 906 1919 nigra
930 1849 1357 1922 splendidaque
1380 1848 1567 1901 nubes
1587 1847 1788 1900 eadem
1822 1844 2130 1915 superficie

476 1940 600 1995 θα)Ιὶ
632 1940 1074 2003 consistunt,ita
1107 1943 1169 1992 ut
1200 1939 1367 2008 nigra
1398 1935 1648 1990 interius
1678 1932 2129 2004 stet,splandida

477 2030 751 2085 exterius.
785 2030 950 2083 Tunc
982 2028 1198 2099 quippe
1240 2026 1405 2082 visus
1438 2029 1634 2079 noster
1665 2022 1975 2094 splendida
1999 2038 2125 2076 ma-

475 2119 564 2189 gis
597 2123 917 2189 occupatus
944 2118 1290 2187 nigramque
1324 2114 1548 2169 tardius
1599 2110 2125 2182 comprehendens,

474 2208 704 2261 videtur
737 2206 847 2260 sibi
884 2205 1103 2258 hiatum
1136 2203 1509 2273 videre,quod
1531 2199 2124 2273 perimaginationem

474 2312 505 2348 a
540 2296 705 2366 nigro
738 2294 930 2349 colore
963 2294 1256 2362 ohjectam
1285 2292 1518 2346 accidit.

641 2400 730 2455 93.
773 2404 850 2453 De
876 2399 1264 2468 magnitudine
1311 2399 1464 2465 solis,
1500 2398 1652 2454 luna:
1681 2399 1733 2452 et
1765 2401 1944 2451 terra’.

545 2488 642 2544 Sol
674 2490 745 2543 ad
774 2492 988 2544 terram
1022 2505 1090 2543 ex
1122 2486 1444 2542 Aristarchi
1479 2487 1556 2541 rei
1609 2487 2013 2543 astronomiae
2034 2502 2127 2558 pe-

475 2578 745 2633 ritissimi
779 2578 1069 2634 sententia
1102 2578 1377 2648 majorem
1406 2576 1686 2631 rationem
1721 2576 1921 2639 habet,
1946 2592 2123 2646 quam

476 2667 663 2723 sexies
689 2666 1217 2739 mille,octingenta
1248 2665 1783 2737 etundesexaginta
1806 2665 1875 2719 ad
1898 2669 2123 2735 septem

479 2762 535 2812 et
565 2756 792 2827 viginti.
832 2757 1235 2828 Diameterque
1294 2754 1435 2811 solis
1468 2756 1536 2810 ad
1572 2759 1738 2809 terrae
1773 2752 2124 2809 diametrum

476 2847 757 2917 majorem
793 2846 967 2901 habet
998 2846 1279 2900 rationem
1309 2861 1481 2917 quam
1517 2843 1877 2914 undeviginti
1903 2844 1969 2896 ad
1991 2842 2122 2898 tria.

478 2939 761 2989 Praeterea
792 2935 1078 2989 diameter
1102 2934 1239 2989 solis
1262 2935 1546 2988 diametro
1579 2932 1731 2987 lunae
1764 2933 1948 3002 major
1972 2930 2126 3003 plus-

475 3041 653 3096 quam
697 3024 1097 3096 duodeviginti
1129 3024 1375 3078 vicibus.
1405 3025 1469 3077 Et
1494 3022 1576 3078 sol
1620 3023 1687 3077 ad
1723 3021 1921 3076 lunam
1950 3021 2125 3091 majo-

475 3129 598 3169 rem
631 3112 810 3168 habet
842 3112 1124 3167 rationem
1180 3129 1354 3183 quam
1381 3111 1696 3182 quinquies
1723 3110 1903 3181 mille,
1936 3110 2121 3165 octin-

475 3206 650 3275 genta
679 3207 737 3258 et
766 3202 1002 3273 triginta
1029 3203 1144 3257 duo
1168 3203 1239 3256 ad
1266 3201 1609 3255 unumHch
1635 3217 1746 3255 non
1777 3198 2124 3271 simpliciter

474 3292 554 3345 ila
585 3297 637 3345 et
670 3293 793 3346 sine
824 3292 1321 3346 demonstratione
1343 3290 1497 3362 apud
1549 3290 1870 3361 astrologos
1920 3305 2121 3361 propo-

478 3384 723 3445 nuntur,
758 3381 857 3435 sed
910 3380 1276 3451 geometricis
1308 3384 1364 3434 et
1383 3378 1727 3434 certissimis
1758 3380 2125 3433 demonstra-

477 3468 740 3525 tiunihus
764 3470 1130 3538 conﬁrmata,
1155 3470 1226 3524 de
1256 3470 1472 3541 quibus
1493 3469 1684 3524 dicere
1715 3485 1827 3523 non
1860 3468 2130 3523 locusest

478 3558 537 3614 in
581 3562 848 3631 praesenti
886 3587 900 3629 ;
940 3562 1135 3631 itaque
1184 3561 1310 3626 tibi,
1374 3560 1693 3631 imperator
1739 3559 2125 3627 divinissime,

475 3651 905 3722 propositiones
946 3652 1119 3707 hasce
1139 3652 1263 3721 jam
1290 3650 1416 3705 sine
1447 3649 1946 3705 demonstratione
1977 3648 2127 3703 acci-

473 3756 609 3811 pere
642 3741 786 3796 satis
815 3741 1012 3810 t'uerit,
1047 3740 1576 3795 demonstrationes
1610 3744 1802 3795 autem
1837 3739 1948 3794 alio
1976 3744 2127 3793 tem-

475 3845 613 3900 pore
644 3847 677 3885 a
708 3847 799 3885 me
832 3831 1118 3902 requires.

992 3920 1081 3973 94.
1112 3921 1183 3975 De
1214 3921 1410 3991 eclipsi
1430 3918 1589 3976 solis.

560 4009 794 4081 Proprie
826 4008 989 4064 nulla
1009 4013 1099 4063 est
1130 4010 1268 4065 solis
1300 4009 1559 4080 eclipsis,
1594 4024 1779 4079 neque
1820 4010 1975 4063 enim
2012 4025 2125 4063 un-

475 4119 647 4175 quam
680 4099 821 4155 solis
857 4098 1049 4153 lumen
1086 4099 1456 4167 obscuratur,
1492 4100 1588 4153 sed
1619 4099 1788 4153 modo
1822 4097 1990 4152 nobis
2034 4114 2125 4153 oc-

476 4188 825 4246 cultatur.ld
858 4204 990 4242 vero
1019 4186 1248 4252 accidit,
1274 4188 1509 4254 quando
1544 4188 1601 4241 in
1638 4187 1806 4242 nodis
1839 4186 2125 4257 eclipticis

477 4280 617 4335 luna
648 4274 1211 4350 perpendiculariter
1241 4277 1391 4332 infra
1428 4277 1606 4331 solem
1662 4280 1943 4331 versatur.
1980 4280 2121 4331 Cum

474 4370 631 4424 enim
664 4368 803 4422 luna
835 4366 987 4420 infra
1027 4382 1134 4421 nos
1166 4366 1373 4433 simus,
1406 4365 1506 4420 illa
1551 4365 1739 4421 oculis
1772 4365 1989 4420 nostris
2029 4365 2122 4420 lu-

475 4475 609 4513 men
632 4456 770 4513 solis
800 4455 1051 4511 occultat
1084 4472 1147 4509 ac
1167 4455 1439 4510 subducit
1465 4455 1745 4509 Caeterum
1781 4455 2121 4525 astronomi,

473 4565 687 4619 corpus
719 4546 872 4601 lunae
896 4544 1202 4600 duodecim
1238 4544 1438 4617 digitis
1473 4548 1905 4613 mensurantes,
1941 4544 2121 4598 inter-

2250 596 2560 671 ὐποψύξεως
2592 602 2844 674 ὠθούσης
2872 605 2933 658 τὸ
2991 612 3185 679 σχῆμα
3240 606 3487 679 γένηται.
3525 604 3747 673 Ἐπειδὴ
3798 610 3903 683 γὰρ

2242 691 2345 739 πᾶν
2405 689 2466 743 τὸ
2524 689 2719 747 ἄνωθεν
2782 694 3201 766 ἀκοντιζόμενον
3260 696 3409 748 κάτω
3445 696 3686 772 φέρεται,
3746 696 3902 770 φύσει

2245 770 2301 827 δὲ
2350 770 2464 850 ἔχει
2522 780 2583 834 τὸ
2630 779 2734 856 πῦρ
2765 782 2863 849 τὴν
2896 780 3007 836 ἄνω
3039 784 3206 856 φορὰν
3241 770 3480 851 διώκειν,
3510 791 3610 853 τῆς
3644 784 3737 856 μὶν
3778 783 3902 848 θλί-

2245 866 2388 936 ψεως
2449 866 2535 921 ἐπὶ
2600 870 2667 923 τὰ
2740 870 2886 925 κάτω
2967 871 3299 946 βιαζομένης
3356 873 3627 949 φέρεσθαι,
3683 880 3784 942 τῆς
3847 871 3904 929 δὲ

2245 952 2455 1028 φύσεως
2511 955 2597 1011 ἐπὶ
2656 960 2722 1013 τὰ
2780 957 2890 1013 ἄνω
2947 960 3396 1035 ἀναγκαζούσης,
3457 962 3570 1015 οἷον
3621 961 3766 1034 μίξις
3820 984 3903 1024 τις

2245 1042 2446 1116 γίνεται
2479 1046 2568 1100 καὶ
2602 1046 2735 1119 λοξή
2769 1051 2803 1118 ἡ
2837 1048 3068 1120 κίνησις.

2245 1133 2329 1208 ρβ¹
2359 1136 2487 1210 Περὶ
2518 1142 2624 1192 τῶν
2659 1140 3003 1215 φαινομένων
3033 1138 3085 1194 ἐν
3117 1144 3197 1213 τῷ
3228 1140 3441 1215 οὐρανῷ
3465 1141 3782 1216 χρωμάτων
3817 1143 3901 1196 αἱ·

2703 1226 2968 1301 ματωδῶν
3001 1230 3089 1284 καὶ
3126 1231 3447 1305 χασμάτων.

2316 1316 2607 1371 Φαίνονται
2656 1315 2947 1391 αἱματώδη
2980 1320 3254 1393 χρώματα
3284 1317 3443 1389 δῆθεν
3476 1319 3526 1374 ἐν
3554 1325 3635 1393 τῷ
3659 1319 3901 1395 οὐρανῷ,

2243 1402 2367 1458 ὅταν
2405 1401 2566 1479 μέγαν
2616 1405 2777 1484 νέφος
2828 1406 2903 1468 εἷς
2955 1407 3022 1461 τὰ
3072 1404 3277 1482 πλάγια
3326 1413 3425 1463 τοῦ
3467 1407 3728 1485 λαμπροῦ
3771 1432 3901 1487 τυγ-

2243 1495 2403 1567 χάνῃ·
2459 1496 2546 1548 καὶ
2583 1493 2746 1549 πάλιν
2795 1494 2919 1549 ὅταν
2952 1494 3106 1572 νέφος
3138 1496 3484 1573 μελάγχρουν
3514 1499 3768 1553 ὑποκάτω
3802 1504 3899 1553 τοῦ

2244 1582 2501 1655 λαμπροῦ
2533 1583 2852 1659 συναχθείη.
2887 1584 3041 1640 Ἀλλ’
3075 1585 3118 1638 εἶ
3158 1586 3251 1658 μὲν
3282 1586 3355 1648 εἰς
3384 1587 3449 1641 τὰ
3479 1586 3685 1661 πλάγια
3717 1584 3803 1657 εἴη
3835 1590 3899 1643 τὸ

2238 1672 2422 1748 νέφος,
2453 1670 2662 1742 τότεδὴ
2704 1672 2840 1727 κατᾶ
2872 1669 3153 1728 διάκλεισιν
3213 1673 3393 1749 αὐγῶν
3425 1675 3627 1751 γίνεται
3690 1679 3724 1746 ἡ
3758 1676 3894 1753 δρα-

2242 1782 2341 1822 σις.
2387 1760 2646 1835 Χάσματα
2679 1758 2735 1817 δὲ
2767 1761 3030 1839 φαίνεται,
3066 1761 3190 1817 ὅταν
3221 1764 3283 1818 τὸ
3319 1764 3486 1836 μέλαν
3517 1767 3680 1841 νέφος
3710 1766 3801 1820 καὶ
3827 1767 3891 1821 τὸ

2160 1880 2209 1947 Β
2240 1850 2493 1947 λαμπρὸν
2555 1850 2605 1904 ἐν
2664 1855 2743 1922 τῷ
2772 1850 2918 1923 αὐτῷ
2976 1852 3105 1947 ὦσιν
3135 1851 3395 1947 ἐπιπέδῳ,
3437 1853 3616 1909 καὶτὸ
3650 1857 3746 1927 μὲν
3804 1856 3898 1927 μία

2240 1939 2335 1993 λαν
2386 1933 2490 1992 ἔσω
2523 1940 2879 2009 συνειστήκει,
2929 1941 2991 1994 τὸ
3044 1938 3100 1995 δὲ
3134 1939 3388 2016 λαμπρὸν
3432 1941 3553 2013 ἔξω.
3586 1949 3896 2013 Τηνικαῦτα

2238 2025 2358 2097 δέἡ
2419 2024 2542 2101 ὄψις
2597 2032 2695 2082 τοῦ
2754 2029 2848 2099 μὲν
2910 2028 3169 2104 λαμπροῦ
3213 2029 3425 2102 μᾶλλον
3486 2027 3893 2105 ἀντιλαμϐανοο

2240 2114 2397 2188 μένη,
2455 2121 2555 2172 τοῦ
2588 2114 2643 2170 δὲ
2685 2115 2921 2189 μέλανος
2958 2116 3305 2195 βραδύτερον,
3338 2122 3528 2195 χάσμα
3559 2117 3711 2175 δοκεῖ
3740 2122 3892 2196 ὁρᾷν,

2235 2205 2367 2281 ὅπερ
2398 2207 2543 2280 παρὰ
2570 2206 2667 2273 τήν
2718 2206 3006 2284 φαντασίαν
3055 2211 3152 2262 τοῦ
3204 2207 3436 2281 μέλανος
3464 2209 3764 2284 χρώματος
3798 2211 3891 2285 γί-

2235 2316 2401 2351 νεται.

2361 2404 2456 2476 ργ’.
2488 2402 2615 2477 Περὶ
2647 2403 2902 2479 μεγέθους
2944 2402 3105 2473 ἡλίου
3136 2403 3225 2459 καὶ
3258 2402 3495 2476 σελήνης
3518 2406 3606 2460 καὶ
3640 2413 3763 2481 γῆς.

2305 2493 2361 2544 Ὀ
2413 2491 2575 2560 ἥλιος
2605 2492 2739 2567 πρὸς
2795 2494 2892 2562 τήν
2950 2495 3048 2568 γῆν
3099 2494 3234 2547 κατὰ
3284 2494 3375 2547 τὸν
3408 2494 3890 2567 ἀστρονομικώτα-

2232 2602 2324 2635 τον
2385 2581 2769 2655 Ἀρίσταρχον,
2805 2579 3024 2653 μείζονα
3056 2579 3218 2655 λόγον
3274 2578 3391 2657 ἔχει
3422 2582 3455 2650 ἢ
3491 2581 3549 2635 δν
3578 2583 3645 2636 τὰ
3678 2582 3886 2652 έξακσ-

2235 2670 2394 2745 χίλια
2452 2669 2741 2723 ὀκτακόσια
2796 2671 3132 2740 πεντήκοντα
3190 2669 3377 2738 ἐννέα,
3438 2672 3578 2745 πρὸς
3631 2671 3698 2726 τὰ
3756 2670 3893 2726 ἐπτά

2233 2760 2322 2814 καὶ
2370 2756 2561 2814 εἷ’κοσι.
2612 2759 2674 2813 Ἠ
2704 2755 2760 2812 δὲ
2793 2756 3083 2834 διάμετρος
3114 2759 3277 2814 αὐτοῦ
3328 2762 3464 2833 πρὸς
3493 2768 3595 2830 τῆς
3622 2768 3727 2837 γῆς
3772 2758 3891 2815 811'-

2240 2869 2457 2922 μετρον,
2506 2849 2725 2921 μείζονα
2772 2848 2932 2925 λόγον
2988 2849 3125 2924 ἔχει,
3188 2850 3222 2919 ἢ
3257 2849 3315 2904 ὅν
3345 2851 3409 2905 τὰ
3443 2848 3725 2906 δεκαεννέα
3754 2852 3891 2926 πρὸς

2232 2939 2297 2991 τὰ
2343 2936 2486 3011 τρία.
2533 2938 2627 2991 Καὶ
2678 2937 2829 3001 αὖθις
2876 2941 2909 3008 ἡ
2971 2943 3068 2993 τοῦ
3120 2937 3284 3008 ἡλίου
3316 2936 3607 3015 διάμετρος
3636 2942 3737 3008 τῆς
3769 2938 3886 2994 δια-

2239 3025 2435 3101 μέτρου
2485 3034 2582 3095 τῆς
2625 3026 2884 3097 σελήνης,
2935 3029 3135 3099 μείζων
3193 3027 3333 3082 ἐστὶν
3391 3028 3425 3097 ἢ
3490 3026 3893 3084 ὀκτωκαιδεκα-

2234 3114 2503 3172 πλασίων.
2565 3117 2669 3171 Καὶ
2727 3116 2892 3172 πάλιν
2928 3118 2954 3171 ὁ
2986 3116 3146 3185 ἥλιος
3195 3120 3331 3193 πρὸς
3364 3118 3461 3186 τὴν
3495 3117 3735 3188 σελήνην
3758 3118 3893 3190 υμεί-

2155 3247 2198 3315 C
2239 3212 2364 3275 ζονα
2423 3204 2589 3281 λόγον
2640 3201 2778 3281 ἔχει,
2840 3207 2873 3277 ἢ
2908 3208 2965 3262 ’ὸν
2997 3206 3064 3261 τὰ
3121 3206 3299 3282 ,εωλβ
3349 3208 3486 3283 πρὸς
3511 3205 3591 3263 ἓν.
3622 3210 3804 3264 Ταῦτα
3834 3204 3894 3261 δὲ

2279 3295 2291 3313 ,
2435 3295 2447 3309 .
2501 3294 2570 3315 η-
2726 3292 2750 3310 ,ι
3005 3295 3019 3313 .
3105 3296 3118 3311 ς
3275 3294 3348 3315 μ,
3697 3296 3711 3311 .
3840 3300 3864 3311 -

2238 3295 2342 3369 οὐχ
2424 3294 2613 3356 ἀπλῶς
2690 3292 2861 3356 οὕτως
2931 3295 3020 3349 καὶ
3094 3294 3497 3358 ἀναποδείκτως
3569 3296 3721 3369 παρά
3774 3300 3892 3357 τοῖς

2237 3381 2595 3459 ἀστρολόγοις
2652 3383 3027 3459 προτείνεται,
3110 3382 3254 3439 ἀλλά
3316 3387 3449 3457 μετᾶ
3504 3390 3890 3459 γεωμετρικῶν

2236 3473 2324 3527 καὶ
2383 3472 2838 3550 ἀναντιῤῥητικῶν
2890 3471 3239 3544 ἀποδείξεων.
3303 3476 3431 3548 Περὶ
3483 3476 3556 3529 ὧν
3590 3476 3655 3528 οὐ
3702 3474 3891 3549 καιρὸς

2236 3566 2322 3615 νῦν
2383 3560 2579 3637 λέγειν,
2632 3560 2777 3617 ἀλλά
2840 3562 2920 3633 τὺ,
2980 3563 3218 3617 θειότατε
3255 3561 3500 3637 βασιλεῦ,
3543 3564 3612 3617 τὰ
3642 3558 3864 3638 προϐλή

2242 3672 2382 3723 ματα
2438 3648 2837 3713 ἀναποδείκτως
2888 3673 2945 3706 τε
3000 3654 3073 3714 ὡς
3125 3650 3432 3726 δεξάμενος,
3465 3653 3558 3714 τὰς
3589 3650 3893 3725 ἀποδείξεις

2237 3740 2454 3817 ὕστερον
2482 3739 2723 3811 ἐπιζήτει
2761 3762 2844 3811 με.

2650 3917 2746 3995 ρδ’.
2781 3921 2910 3995 Περὶ
2942 3916 3235 3993 ἐκλείψεως
3266 3918 3452 3991 ἡλίου.

2307 4008 2383 4066 Οὐ
2416 4011 2619 4084 κυρίως
2652 4004 2895 4082 ἔκλειψις
2944 4007 3031 4063 ἐπὶ
3060 4013 3157 4063 τοῦ
3214 4008 3373 4079 ἡλίου
3397 4008 3619 4084 γίνεται.
3653 4009 3733 4067 Οὐ
3786 4010 3891 4085 γὰρ

2236 4096 2475 4153 ἐκλείπει
2530 4098 2659 4152 ποτέ
2710 4099 2771 4152 τὸ
2830 4096 3061 4167 ἡλιακὸν
3116 4102 3271 4167 φῶς,
3336 4096 3467 4153 ἀλλ’
3514 4097 3890 4169 ἐπισκότησις.

2234 4189 2630 4242 Ἐπισκοτεῖται
2711 4184 2788 4260 δὲ,
2862 4187 2986 4243 ὅταν
3061 4187 3115 4243 ἐν
3172 4195 3289 4251 τοῖς
3345 4186 3716 4254 ἐκλειπτικοῖς
3772 4210 3889 4243 συνο

2236 4274 2458 4349 δέσμοις
2505 4276 2639 4330 κατὰ
2690 4277 2913 4339 κάθετον
2962 4277 3108 4349 αὐτῷ
3158 4279 3192 4346 ἡ
3246 4275 3450 4349 σελήνη
3480 4279 3728 4353 γένηται.
3760 4279 3891 4333 Ὑπὸ

2232 4366 2434 4435 ταύτην
2484 4365 2582 4440 γὰρ
2637 4365 2930 4421 οἷκούντων
2976 4368 3158 4439 ἡμῶν,
3220 4366 3515 4436 ἐπισκιάζει
3554 4373 3670 4431 τοῖς
3700 4366 3891 4441 ὄμμα-

2234 4475 2313 4508 σιν
2375 4457 2532 4526 ἡμῶν
2564 4455 2625 4509 τὸ
2659 4453 2885 4524 ἡλιακὸν
2912 4460 3046 4530 φῶς.
3082 4454 3231 4525 Πλὴν
3266 4453 3477 4510 δώδεκα
3502 4453 3794 4518 δακτύλοις
3826 4457 3890 4511 τὸ

2234 4550 2392 4617 σῶμα
2464 4550 2562 4613 τῆς
2628 4541 2865 4614 σελήνης
2932 4541 3358 4621 διαμετροῦντος
3418 4546 3467 4598 οἱ
3528 4544 3889 4621 ἀστρονόμοι,

475 4638 614 4693 dum
652 4636 754 4691 loti
778 4634 939 4689 illius
963 4633 1210 4706 corpori,
1244 4633 1539 4689 interdum
1575 4632 1950 4705 paucioribus
1986 4633 2124 4705 digi-

2243 4631 2344 4686 ἔστι
2406 4632 2499 4705 μὲν
2556 4630 2642 4687 ὅτε
2671 4630 2750 4705 τῷ
2799 4631 2916 4705 ὅλῳ
2966 4639 3065 4702 τῆς
3096 4632 3333 4704 σελήνης
3362 4634 3574 4706 σώματι
3607 4636 3699 4702 τὰς
3729 4634 3894 4703 ἡλια-

472 4726 550 4783 tis
582 4725 779 4782 radios
802 4724 945 4779 solis
1005 4723 1278 4795 intercipi
1320 4724 1654 4778 observant.
1701 4724 1943 4789 Quando
1971 4724 2125 4779 enim

473 4835 574 4889 per
603 4813 965 4887 superiorem
1024 4814 1289 4885 apsidem
1352 4812 1472 4868 sive
1533 4818 1753 4885 partem
1787 4811 1986 4868 circuli
2036 4812 2128 4867 sui

473 4906 581 4962 soli
615 4904 939 4977 propiorem
974 4902 1110 4957 luna
1140 4902 1345 4971 fertur,
1382 4901 1591 4974 exigua
1650 4908 1813 4975 parte
1855 4919 1986 4958 eum
2021 4903 2125 4957 oh-

474 4996 749 5050 umhrare
774 4994 1003 5047 videtur
1034 5010 1047 5057 ;
1082 5008 1217 5047 cum
1256 4999 1453 5046 autem
1517 4992 1852 5047 inferiorem
1888 4993 2122 5063 transit,

473 5084 760 5154 siquidem
789 5087 929 5137 tunc
960 5081 1213 5135 maxima
1245 5080 1461 5136 nostris
1480 5080 1665 5136 oculis
1690 5087 1928 5154 apparet
1960 5081 2123 5153 luna,

472 5178 661 5230 totum
693 5171 949 5228 obstruit
980 5170 1186 5226 solem.

988 5279 1078 5332 95.
1114 5278 1186 5332 De
1216 5277 1412 5348 eclz'psz'
1442 5278 1605 5333 lunze.

472 5388 475 5393 '
542 5369 914 5427 Deﬁcitluna
948 5368 1182 5440 quando
1215 5367 1272 5421 in
1335 5369 1603 5423 umbram
1664 5372 1829 5423 terrae
1890 5368 2117 5424 incidit.

470 5461 649 5515 Terra
678 5459 834 5513 enim
867 5476 897 5511 a
930 5456 1053 5512 sole
1114 5456 1449 5511 illuminata
1498 5458 1765 5513 umbram
1818 5458 1956 5513 facit
2004 5476 2116 5513 non

471 5546 1121 5620 cylindriformem,sive
1150 5545 1343 5616 qualis
1376 5552 1465 5601 est
1489 5547 1677 5619 figura
1699 5547 2120 5617 columnaa,sed

468 5655 595 5709 quae
629 5654 840 5692 conum
884 5637 1076 5690 refert.
1111 5641 1303 5690 Conus
1354 5653 1524 5705 porro
1576 5638 1697 5691 sive
1762 5638 1998 5692 trochus
2054 5655 2123 5694 ex

468 5726 672 5783 latiore
693 5726 819 5781 hrisi
843 5725 902 5780 in
927 5728 1161 5779 acutum
1187 5722 1428 5794 desinit,
1453 5724 1887 5797 talisqueterra:
1912 5727 2122 5784 umbra

2235 4720 2332 4782 κάς
2386 4720 2548 4797 αὐγὰς
2599 4722 3088 4797 ἀντιφράττουσιν,
3154 4718 3264 4775 ἔστι
3345 4719 3401 4777 δὲ
3477 4722 3565 4777 ὅτε
3633 4722 3890 4778 ἐλάττοσι

2234 4809 2500 4867 κτούτων.
2558 4811 2685 4867 ’Ὸτε
2718 4811 2811 4883 μὲν
2872 4810 2975 4886 γὰρ
3003 4812 3100 4878 τὴν
3156 4808 3505 4887 ὑψηλοτέραν
3539 4808 3708 4886 ἁψῖδα
3736 4814 3771 4881 ἡ
3797 4833 3891 4866 σι-

2236 4897 2378 4969 ληνη
2436 4897 2647 4975 φέρεται
2704 4899 2794 4953 καὶ
2851 4899 2952 4967 τὴν
3004 4898 3311 4975 ἐγγίζουσαν
3365 4905 3445 4973 τῷ
3488 4898 3660 4973 ἡλίῳ,
3720 4900 3895 4977 ὀλίγῳ

2237 4987 2391 5064 ῶέρει
2443 4985 2594 5043 δοκεῖ
2648 4992 2838 5043 τοῦτον
2891 4987 3243 5057 ἐπισκιάζειν
3308 4991 3430 5044 ὅταν
3484 4987 3542 5044 δὶ
3584 4990 3895 5065 κατώτερον

2236 5074 2644 5148 δίεισιτ,ἐπειδὴ
2680 5078 2975 5153 εὐμεγέθης
3004 5083 3299 5149 τηνικαῦτα
3319 5085 3436 5141 τοῖς
3464 5076 3705 5153 ὄμμασιν
3727 5080 3892 5152 ἡμῶν

2234 5166 2517 5241 ἐμπίπτει,
2552 5165 2759 5222 ἅπαντα
2785 5168 2877 5223 τὸν
2905 5166 3067 5237 ἥλιον
3099 5168 3498 5245 ἀντιφράττειν.

2620 5275 2719 5348 με’.
2759 5275 2887 5351 Περὶ
2916 5273 3207 5349 ἐκλείψεως
3243 5276 3502 5347 σελήνης.

2302 5362 2575 5420 Ἐκλείπει
2633 5367 2667 5433 ἡ
2727 5361 2931 5435 σελήνη
2995 5364 3072 5427 εἷς
3130 5366 3191 5419 τὸ
3253 5373 3353 5435 τῆς
3405 5374 3505 5439 γῆς
3547 5365 3894 5438 ἐμπίπτουσα

2231 5452 2482 5525 σκίασμα*
2536 5454 2880 5531 φωτιζομένη
2932 5455 3033 5528 γὰρ
3069 5456 3173 5509 οπὸ
3204 5459 3299 5509 τοῦ
3332 5452 3499 5525 ἡλίου
3546 5458 3580 5525 ἡ
3613 5462 3710 5529 γῆ,
3738 5456 3893 5509 σκιὰν

2230 5548 2398 5613 ποιεῖ,
2430 5540 2553 5597 ἀλλ’
2598 5542 2663 5597 οὐ
2711 5539 3090 5618 κυλινδρικὴν,
3153 5546 3273 5598 οἷον
3330 5546 3389 5599 τὸ
3420 5548 3516 5599 τοῦ
3546 5544 3729 5607 κίονος
3779 5541 3896 5598 ἐστὶ

2233 5638 2444 5706 σχῆμα,
2475 5629 2623 5686 ἀλλά
2650 5631 3136 5702 κωνοειδῆ.Κῶνος
3171 5629 3229 5687 δὲ
3261 5633 3289 5687 ὁ
3322 5630 3613 5705 στρόϐιλος
3650 5632 3895 5710 λέγεται,

2231 5730 2377 5813 δστις
2439 5730 2544 5786 ἀπὸ
2568 5729 2829 5794 πλατείας
2881 5732 3091 5811 βάσεως
3142 5731 3221 5796 εἰς
3282 5732 3374 5808 ὀξὺ
3434 5733 3893 5811 ἆπολήγει.Τοι-
