4080 6350
226 429 351 488 745

1415 427 1515 489 DE
1559 425 1996 490 OMNIFARIA
2043 429 2462 492 DOCTlthA.

3527 439 3648 502 746

227 555 369 631 αὕτη
431 551 490 614 δὶ
534 559 570 630 ἡ
627 564 729 630 τῆς
785 564 887 636 γῆς
939 557 1049 613 ἐστι
1105 558 1250 616 σκιά.
1312 556 1613 614 mentm
1640 579 1691 613 τι
1727 560 1870 632 σῶμα

2000 563 2110 616 est.
2144 559 2288 617 Nam
2322 564 2556 635 quando
2578 565 2649 622 ab
2682 565 2924 638 aequalis
2947 567 3375 641 magnitudinis
3406 585 3648 644 corpore

229 649 343 705 ὑπὸ
403 648 748 726 ἱσομεγέθους
819 647 1119 727 φωτίζηται
1196 650 1486 724 σώματος,
1557 645 1882 722 κυλινδρική

224 738 434 813 γίνεται
487 741 523 810 ἡ
585 740 726 795 σκιά’
788 738 912 795 ὅταν
974 737 1031 794 δὲ
1083 738 1183 794 ὑπὸ
1239 739 1509 814 μείζονος,
1555 735 1880 808 κωνοειδης.

222 827 444 898 Μείζων
494 826 586 884 οὖν
618 829 646 884 ὁ
677 825 840 898 ἥλιος
884 835 984 898 τῆς
1013 827 1114 903 γῆς
1143 826 1241 898 ὢν,
1287 829 1376 884 καὶ
1407 827 1656 907 φωτίζων
1693 826 1878 896 αὐτὴν,

220 919 472 988 κωνικήν
529 923 677 973 ποιεῖ
721 918 821 987 τήν
851 919 1025 974 σκιάν.
1074 920 1234 974 Ὅταν
1288 916 1378 973 οὖν
1409 917 1485 980 εἷς
1540 917 1604 973 τὸ
1653 925 1753 986 τῆς
1777 922 1880 992 γῆς

222 1007 471 1080 σκίασμα
527 1009 561 1078 ἡ
622 1006 826 1078 σελήνη
884 1006 1118 1082 ἐμπέσῃ,
1178 1007 1395 1083 ἀμαυρὰ
1448 1009 1583 1080 ἡμῖν
1638 1006 1880 1084 φαίθεται

219 1097 320 1152 καὶ
369 1101 485 1153 οἷον
543 1094 886 1154 ἐκλείπουσα.
948 1096 1050 1154 Καὶ
1111 1097 1233 1152 ὅταν
1298 1098 1390 1171 μὲν
1450 1095 1527 1160 εἷς
1569 1097 1667 1165 τὴν
1729 1095 1878 1172 ῥίζαν

219 1185 442 1263 ἐμπέσῃ
501 1193 598 1257 τῆς
650 1193 826 1254 σκιᾶς,
881 1186 1106 1248 τελείως
1160 1185 1452 1244 ἐκλείπτει.
1486 1189 1645 1240 Ὅταν
1693 1184 1750 1240 δὲ
1804 1184 1880 1248 εἲς

216 1279 329 1347 τήν
401 1276 668 1356 κορυφὴν,
734 1273 1096 1352 ἀμυδροτὲρα,
1176 1273 1314 1332 διότι
1394 1282 1495 1346 τῆς
1551 1272 1878 1338 κωνοειδοῦς

218 1371 382 1431 σκιᾶς
435 1367 470 1438 ἠ
527 1365 621 1440 μὲν
684 1365 838 1442 βάσις
898 1363 1228 1442 πλατυτέρα,
1283 1366 1317 1438 ή
1379 1363 1436 1420 δὲ
1464 1365 1680 1444 κορυφή
1747 1365 1878 1441 βρα-

216 1457 451 1535 χυτὲρα.

689 1546 793 1624 [ις’.
833 1543 898 1603 ΕΙ
941 1545 1138 1621 θερμὸς
1171 1545 1198 1599 ὁ
1227 1543 1412 1614 ἥλιος.

294 1635 526 1693 Πλάτων
567 1637 660 1709 μὶν
710 1637 848 1692 ἅπαν
900 1637 961 1690 τὸ
1000 1634 1239 1710 αἷθέριον
1296 1638 1458 1709 σῶμα
1487 1631 1548 1690 ἐκ
1570 1633 1741 1709 πυρὸς
1787 1631 1876 1688 κειὶ

213 1733 326 1802 γῆς
373 1727 463 1782 καὶ
515 1729 622 1780 τῶν
683 1722 878 1799 ἑτέρων
938 1721 1034 1779 δύο
1096 1722 1384 1799 στοιχείων
1439 1724 1874 1792 κατασκευάζων,

214 1815 449 1878 εἴκότως
505 1813 566 1869 ἂν
624 1813 750 1890 εἷ’πῃ
783 1815 979 1890 θερμὸν
1018 1815 1113 1869 τὸν
1167 1811 1352 1882 ἥλιον·
1401 1811 1787 1886 Ἀριστοτίλης
1820 1809 1878 1867 δὶ

1995 649 2246 708 alterum
2276 651 2671 725 illuminatur,
2701 655 2905 713 umbra
2926 658 3118 730 prodit
3142 659 3483 733 cylindrica,
3515 665 3574 718 at
3597 661 3647 718 si

1993 756 2027 796 a
2057 742 2296 811 majore,
2357 743 2719 800 coniformis.
2769 744 2901 802 Jam
2959 749 3149 819 major
3194 749 3400 821 utique
3431 753 3520 807 est
3558 751 3645 808 sol

1990 829 2220 902 tellure,
2243 831 2424 904 igitur
2443 833 2583 889 dum
2607 849 2737 890 eam
2759 834 3347 908 illuminat,conicam
3371 840 3642 899 umbram

1991 919 2438 987 etﬁcit.Quando
2462 921 2643 994 igitur
2670 922 2731 978 in
2763 928 2926 979 terra:
2950 927 3218 982 umbram
3249 927 3456 984 incidit
3475 928 3638 997 luna,

1991 1008 2242 1064 obscura
2272 1010 2336 1066 ﬁt
2352 1027 2416 1065 ac
2448 1011 2626 1067 veluti
2648 1011 3022 1069 deficiens.Et
3046 1017 3279 1086 quando
3300 1015 3357 1072 in
3378 1019 3637 1076 radicem

1991 1095 2112 1153 sive
2143 1098 2476 1156 inferiorem
2511 1102 2733 1156 umbrae
2764 1102 2971 1158 incidit
2999 1109 3247 1176 partem,
3272 1105 3466 1162 deﬁcit
3489 1112 3630 1164 tota.

1987 1187 2060 1240 At
2091 1189 2324 1258 quando
2382 1189 2439 1244 in
2492 1195 2714 1262 partem
2763 1209 3119 1264 supremam,
3180 1198 3321 1250 tunc
3368 1212 3484 1252 non
3514 1201 3636 1254 tota

1988 1277 2339 1332 obscuratur
2371 1323 2385 1346 ,
2436 1279 2914 1352 quandoquidem
2963 1282 3022 1337 in
3071 1282 3376 1339 coniformi
3425 1285 3636 1342 umbra

1988 1365 2148 1422 basis
2179 1365 2371 1438 latior,
2404 1368 2707 1441 fastigium
2738 1370 3049 1442 angustius
3079 1371 3430 1446 breviusque
3460 1379 3570 1432 est.

2429 1546 2520 1603 96.
2552 1549 2698 1605 Num
2725 1547 2806 1604 sol
2834 1548 2909 1603 sit
2935 1547 3149 1605 calidus
3168 1552 3194 1603 .9

2057 1634 2222 1692 Plato
2252 1634 2352 1708 qui
2383 1652 2557 1692 omne
2587 1635 2819 1693 caeleste
2850 1653 3063 1710 corpus
3107 1655 3176 1694 ex
3200 1637 3358 1711 igne,
3397 1643 3553 1697 terra
3581 1644 3638 1698 et

1987 1726 2219 1782 duobus
2251 1726 2476 1782 caeteris
2507 1725 2813 1784 elementis
2859 1729 3179 1800 componit,
3214 1729 3420 1786 merito
3451 1731 3636 1789 solem

1986 1816 2244 1872 calidum
2296 1815 2633 1872 affirmavit.
2691 1821 2763 1872 At
2819 1816 3160 1874 Aristoteles
3206 1819 3366 1875 aliud
3425 1825 3637 1893 praeter

213 1903 405 1981 ἕτερον
463 1904 610 1981 παρᾶ
654 1905 722 1959 τὰ
777 1909 1024 1980 στοιχεῖα
1078 1903 1142 1958 τὸ
1187 1907 1433 1957 τοιοῦτον
1497 1906 1656 1975 σῶμα
1682 1900 1870 1974 τιθεὶς,

1985 1905 2082 1960 illa
2113 1906 2400 1960 elementa
2445 1921 2657 1978 corpus
2706 1905 2847 1962 ccelo
2895 1907 3185 1974 tribuens,
3235 1924 3340 1964 nec
3371 1909 3630 1966 calidum

217 1993 349 2051 οὔτε
403 1995 601 2071 θερμὸν
661 1992 804 2068 λέγει
850 1993 943 2047 τὸν
1000 1991 1184 2064 ἥλιον,
1218 1989 1329 2047 οὔτ’
1387 1990 1564 2063 ἄλλην
1605 1991 1874 2062 ποιότητα

217 2082 445 2161 ἔχοντα.
506 2080 668 2140 Εἴποι
699 2079 744 2137 δ’
775 2079 834 2136 ἂν
864 2081 1240 2159 ἐρωτώμενος,
1297 2085 1422 2142 Πῶς
1459 2082 1534 2155 μὴ
1563 2080 1763 2155 θερμὸς
1797 2077 1869 2134 ὢν

214 2171 541 2250 θερμαίνει;
599 2173 718 2230 ’Ὁτι
768 2171 1092 2245 κινούμενος
1146 2171 1208 2225 τὸ
1260 2168 1581 2245 ὑπίκκαυμα
1609 2175 1758 2224 ποιεῖ
1783 2169 1872 2224 καὶ

212 2264 310 2318 τὸν
364 2260 634 2339 περίγειον
665 2259 814 2337 ἀέρα,
874 2260 1154 2316 κάντεῦθεν
1209 2260 1547 2334 θερμότητος
1602 2265 1703 2329 τῆς
1738 2260 1870 2314 ὑπο-

213 2353 477 2426 κειμίνης
541 2352 858 2416 καθίσταται
909 2348 1082 2414 α’ίτιος
1114 2391 1129 2408 .
1184 2353 1288 2404 Τοῦ
1342 2347 1399 2405 δὲ
1459 2347 1872 2422 ὑπεκκαύματος

213 2441 310 2496 καὶ
364 2442 466 2510 τήν
514 2441 671 2518 φύσιν
721 2439 809 2495 καὶ
867 2439 931 2495 τὸ
991 2436 1186 2513 ὄνομα.
1244 2440 1407 2501 αὐτὸς
1435 2443 1650 2514 πρῶτος
1685 2437 1873 2516 ἰφεῦρε

213 2530 308 2586 καὶ
357 2529 660 2603 ὠνόμασεν.
721 2527 1067 2602 Ὑπὲκκαυμα
1127 2526 1219 2583 οὖν
1282 2525 1430 2603 λίγει
1477 2529 1576 2597 τήν
1630 2528 1872 2600 ἀναπεμ-

215 2617 467 2694 πομὶνην
521 2620 627 2674 ἀπὸ
653 2625 754 2688 τῆς
783 2621 883 2696 γῆς
916 2618 1270 2691 ἀναθυμίασιν
1305 2619 1512 2694 θερμὴν
1540 2618 1630 2673 καὶ
1681 2617 1869 2694 ξηρὰν,

213 2711 309 2764 καὶ
368 2711 485 2764 οἷον
522 2705 827 2784 καπνώδη..
865 2707 1014 2779 Αὕτη
1074 2705 1164 2762 οὖν
1198 2708 1232 2778 ἠ
1268 2705 1553 2778 κεπνώδης
1580 2705 1871 2779 ἀναθυμία-

217 2819 302 2861 σις
349 2800 519 2874 μεχρι
574 2805 675 2868 τῆς
725 2797 964 2869 σελήνης
1019 2795 1328 2872 ἀναγομένη
1390 2794 1480 2851 διὰ
1534 2796 1867 2874 κουφότητα,

217 2888 335 2943 εἶτα
381 2889 677 2962 κινουμᾶνη
728 2885 863 2943 κατὰ
914 2885 1076 2964 μέρος
1109 2885 1318 2957 ἐξάπτει
1349 2885 1439 2941 καὶ
1490 2887 1565 2949 ὡς
1611 2891 1715 2959 πῦρ
1748 2884 1862 2963 φαίο

216 2999 385 3052 νεται,
440 2977 530 3032 κσὶ
564 2977 841 3051 θερμαίνει
897 2977 995 3047 τὴν
1062 2977 1426 3049 ὑποκειμένην
1488 2974 1690 3031 οὐσίαν.
1749 2977 1870 3029 Ὅτι

215 3065 273 3123 δὲ
305 3069 338 3138 ἧ
370 3067 585 3138 κίνησις
615 3065 925 3143 θερμότητα
953 3071 1121 3135 ποιεῖ,
1157 3063 1420 3136 δηλοῦσιν
1450 3066 1504 3120 αἱ
1536 3062 1716 3127 ἀκίδες
1757 3068 1865 3120 τῶν

213 3157 416 3231 βελῶν·
450 3159 518 3231 τῇ
548 3155 651 3234 γᾶρ
682 3157 891 3227 κινήσει
919 3154 1112 3212 λύουσι
1142 3155 1233 3211 τὸν
1285 3153 1626 3230 ἐπικείμενον
1681 3154 1866 3217 αὐτοῖς

215 3241 488 3318 μόλιϐδον
502 3291 514 3302 .

579 3335 679 3412 lit.
713 3333 810 3396 Τίς
837 3335 873 3404 ἠ
907 3332 1060 3390 οὐσία
1087 3338 1193 3389 τῶν
1227 3335 1487 3410 ἀστέρων.

285 3425 514 3482 Ηάντων
578 3428 686 3480 τῶν
763 3426 1001 3499 ἀστέρων
1071 3428 1178 3480 τῶν
1237 3424 1296 3479 τὲ
1351 3445 1412 3501 γε
1467 3423 1718 3480 ἀπλανῶν
1775 3424 1866 3480 καὶ

207 3513 506 3585 πλανητῶν
562 3515 700 3568 κατὰ
756 3515 847 3587 μὶν
907 3513 1176 3569 Πλάτωνα
1231 3513 1329 3588 μία
1380 3513 1554 3582 οὐσία,
1589 3515 1622 3584 ἠ
1658 3512 1868 3590 διαυγε-

210 3603 376 3677 στὲρα
421 3607 530 3658 τῶν
581 3603 870 3679 στοιχείων
920 3603 1093 3677 μερὶς,
1140 3601 1230 3658 καὶ
1282 3603 1345 3658 τὸ
1394 3605 1508 3657 οἷον
1568 3603 1867 3682 ἐξάφρισμα

204 3692 444 3760 τούτων,
505 3693 640 3747 κατὰ
697 3689 754 3747 δὲ
808 3691 1199 3767 Ἀριστοτέλην
1259 3694 1294 3763 ἡ
1355 3690 1564 3747 ἐπίνοια
1600 3697 1696 3748 τοῦ
1725 3694 1864 3767 πὲμο

208 3803 353 3837 πτου
384 3783 660 3856 σώματος.
718 3780 796 3839 Οὐ
851 3781 953 3858 γὰρ
1013 3780 1325 3857 ἐξονομάζει
1375 3783 1474 3853 τήν
1534 3781 1717 3838 οὐσίαν
1774 3784 1864 3838 αὖ·

200 3876 358 3940 τῶν,
422 3869 567 3926 ἀλλὰ
622 3871 715 3926 τὸν
775 3871 949 3927 πάντα
999 3870 1258 3948 οὐρανὸν,
1316 3871 1406 3927 καὶ
1461 3871 1586 3936 τοὺς
1641 3871 1866 3948 ἆστίρας

203 3963 450 4022 ἅπαντας
499 3957 588 4015 διὰ
617 3961 717 4030 τήν
764 3959 1027 4040 διάφορον
1071 3960 1284 4034 κίνησιν
1334 3962 1472 4037 πρὸς
1501 3960 1567 4016 τὰ
1617 3967 1865 4038 στοιχεῖα

197 4051 270 4104 τὰ
317 4051 574 4126 τέσσαρα,
632 4051 884 4124 πέμπτον
941 4055 1102 4125 σῶμα
1138 4050 1316 4108 καλεῖ.
1349 4053 1472 4108 Τῶν
1507 4048 1563 4106 δὲ
1614 4051 1866 4126 συμπάν-

197 4161 313 4194 των
368 4141 631 4216 ἁστὲρων,
682 4139 816 4195 ἑπτὰ
851 4141 1013 4214 μόνον
1049 4140 1179 4196 εἰσὶν
1229 4141 1280 4196 οἱ
1321 4138 1618 4211 πλανῆται,
1663 4142 1866 4217 κυρίως

200 4226 261 4283 δὲ
320 4229 503 4299 πέντε,
537 4231 566 4285 ὁ
595 4230 699 4306 γὰρ
729 4229 892 4300 ἣλιος
935 4230 1026 4285 καὶ
1055 4233 1090 4300 ἡ
1123 4229 1328 4302 σελήνη
1363 4229 1425 4285 οὗ
1468 4229 1863 4302 πεπλάνηνται,

200 4316 336 4373 ἀλλ’
369 4319 422 4372 οἱ
453 4319 628 4389 πίντε,
661 4315 752 4374 διὰ
779 4321 844 4374 τὸ
867 4317 1044 4375 δοκεῖν
1077 4321 1341 4390 ἱστᾶσθαι,
1373 4319 1464 4376 καὶ
1490 4319 1864 4392 ὑποποδίζειν,

199 4413 486 4478 πλανῆται
517 4407 932 4483 ὠνομάσθησαν.

313 4604 430 4683 ίιηῖ
455 4602 591 4682 Περῖ
618 4606 720 4672 τῆς
740 4607 849 4663 τῶν
883 4604 1121 4682 ἀστέρων
1153 4610 1323 4686 φορᾶς
1354 4606 1442 4662 καὶ
1473 4607 1758 4680 κινήσεως.

1981 2011 2110 2050 esse
2141 2010 2246 2049 nec
2275 1993 2388 2049 alia
2416 1994 2519 2050 tali
2552 1993 2830 2066 qualitate
2852 1995 3158 2068 praeditum
3183 1997 3630 2066 afﬁrmat.Quod

1982 2084 2030 2142 si
2068 2083 2280 2140 dixerit
2306 2083 2544 2156 aliquis.
2594 2083 2890 2148 Quomodo
2922 2083 3122 2157 igitur,
3156 2084 3204 2140 si
3254 2085 3480 2142 calidus
3511 2104 3628 2144 non

1980 2177 2087 2242 est,
2122 2173 2436 2229 calefacit?
2482 2175 2820 2247 respondet,
2869 2174 3025 2246 quod
3057 2174 3198 2230 dum
3249 2180 3512 2232 movetur
3541 2176 3630 2234 sol

1983 2263 2196 2321 excitat
2225 2260 2562 2335 ὑπέκκαυμα,
2592 2263 2711 2319 sive
2735 2261 3082 2336 fuliginosos
3111 2280 3376 2336 vapores,
3408 2281 3631 2323 aerem-

1981 2344 2381 2426 quexvicinum
2415 2357 2602 2424 terrea,
2629 2357 2806 2426 atque
2854 2351 2991 2409 inde
3022 2352 3234 2410 caloris
3264 2354 3514 2426 subjecti
3542 2360 3635 2412 est

1982 2447 2202 2498 auctor.
2253 2439 2599 2515 Ὑπέκκαυμαι
2644 2442 2824 2498 veluti
2875 2442 3138 2499 fomitem
3187 2445 3438 2499 flammae
3493 2461 3633 2502 con-

1981 2532 2261 2604 cipiendas
2292 2532 2521 2605 primus
2553 2531 2698 2586 dixit
2723 2537 2778 2587 et
2822 2537 3098 2588 naturam
3142 2533 3272 2604 ejus
3324 2530 3637 2606 explicavit

1980 2623 2338 2689 Aristoteles,
2377 2621 2714 2693 intelligens
2753 2638 2856 2692 per
2885 2621 3046 2678 illam
3097 2638 3343 2694 vapores
3380 2639 3449 2679 ex
3481 2627 3636 2681 terra

1957 2712 2337 2784 prodeuntes
2367 2710 2587 2766 calidos
2619 2711 2918 2782 siccasque
2949 2728 3015 2766 ac
3047 2711 3223 2767 veluti
3257 2712 3630 2786 fuliginosos,

1981 2800 2081 2873 qui
2114 2802 2185 2857 ad
2217 2800 2416 2855 lunam
2451 2817 2639 2872 usque
2663 2806 2897 2871 propter
2918 2799 3209 2856 levitatem
3234 2818 3403 2858 suam
3435 2803 3633 2858 ferun-

1978 2895 2095 2959 tur,
2120 2896 2295 2962 atque
2323 2889 2461 2945 moti
2484 2894 2540 2944 et
2561 2889 2763 2961 agitati
2795 2905 2862 2944 ex
2895 2893 3062 2961 parte
3093 2891 3551 2960 succenduntur,
3576 2896 3634 2948 et

1978 2980 2132 3050 ignis
2173 2980 2361 3034 instar
2409 2982 2694 3050 apparent
2745 2995 2812 3033 ac
2859 2979 3185 3049 subjectum
3235 2979 3631 3037 substantiam

1978 3068 2346 3125 calefaciunt.
2377 3068 2536 3134 Quod
2566 3083 2702 3122 vero
2734 3072 2931 3122 motus
2953 3068 3204 3124 calorem
3235 3073 3497 3140 generet,
3531 3070 3632 3125 do-

1976 3163 2108 3215 cent
2128 3157 2214 3214 vel
2247 3157 2594 3229 sagittarum
2629 3157 3223 3229 euspides,siquidem
3258 3164 3452 3215 motus
3478 3159 3628 3215 cele-

1978 3249 2150 3305 ritate
2180 3247 2491 3320 plumbum
2523 3245 2643 3301 illis
2674 3245 3019 3316 impositum
3052 3245 3296 3318 liquefit.

2251 3336 2346 3393 97.
2388 3335 2577 3404 Qualis
2606 3336 2680 3391 sit
2707 3343 2979 3392 astrorum
3007 3335 3316 3393 substantia
3335 3337 3364 3392 ‘I

2049 3427 2326 3483 Omnium
2360 3425 2619 3482 siderum
2653 3425 3516 3500 inerrantium,errantiumque
3537 3443 3627 3485 se-

1977 3519 2232 3574 cundum
2269 3515 2564 3571 Platonem
2599 3531 2715 3570 una
2746 3515 3079 3571 substantia
3107 3520 3217 3588 est,
3251 3533 3387 3589 pars
3420 3533 3630 3591 nempe

1977 3606 2251 3664 subtilior
2281 3603 2760 3677 splendidiorque
2789 3607 3046 3677 quatuor
3090 3605 3537 3675 elementorum,
3569 3611 3631 3664 et

1976 3696 2212 3753 illorum
2233 3694 2411 3750 veluti
2434 3692 3170 3765 despumatio.Aristoteles
3189 3711 3324 3750 vero
3349 3695 3623 3766 quintum

1977 3787 2270 3860 quoddam
2303 3801 2514 3856 corpus
2546 3784 2616 3839 de
2647 3783 2763 3838 illis
2795 3782 3174 3854 cogitandum
3207 3783 3622 3854 relinquit,ne-

1974 3894 2088 3950 que
2116 3876 2273 3932 enim
2307 3874 2571 3930 nominat
2591 3889 2716 3944 quae
2738 3872 2816 3927 sit
2835 3870 3136 3927 stellarum
3159 3871 3622 3944 substantia,sed

1975 3965 2185 4023 coelum
2218 3980 2392 4020 omne
2413 3962 2800 4032 universaque
2825 3960 3184 4033 sidera,quia
3204 3962 3432 4018 diverso
3455 3967 3620 4019 motu

1973 4071 2149 4127 quam
2203 4053 2496 4108 elementa
2544 4055 2796 4122 quatuor
2844 4050 3087 4122 praedita
3134 4055 3292 4121 sunt,
3350 4053 3625 4124 quintum

1975 4160 2186 4214 corpus
2217 4141 2494 4214 appellat.
2526 4140 2607 4194 Ex
2652 4139 2928 4194 omnibus
2960 4156 3130 4210 porro
3181 4139 3366 4196 stellis
3398 4145 3624 4213 septem

1973 4231 2387 4290 tantummodo
2419 4233 2558 4285 sunt
2607 4227 2858 4300 planetaa
2887 4228 3008 4284 sive
3054 4234 3339 4297 errantes,
3369 4231 3458 4285 vel
3489 4247 3628 4303 pro-

1976 4322 2101 4396 prie
2133 4319 2396 4393 quinque
2442 4318 2876 4385 tantummodo,
2911 4316 2998 4373 sol
3046 4317 3202 4372 enim
3233 4320 3292 4374 et
3339 4317 3479 4374 luna
3509 4336 3628 4376 non

1975 4415 2195 4480 errant,
2228 4414 2287 4465 at
2309 4407 2396 4464 illi
2420 4407 2683 4480 quinque
2712 4407 2853 4478 quia
2875 4406 3150 4462 videntur
3162 4407 3287 4477 jam
3317 4409 3476 4465 stare
3498 4407 3626 4480 jam

1978 4499 2323 4574 retrogredi,
2354 4501 2617 4554 errantes
2649 4496 2793 4552 dicti
2825 4499 2986 4552 sunt.

2242 4603 2332 4660 98.
2367 4607 2447 4661 De
2474 4602 2775 4660 steltarum
2804 4603 3085 4658 rotatione
3114 4619 3181 4659 ac
3208 4610 3356 4660 motu

273 4675 353 4770 Οἱ
382 4675 385 4676 ν
414 4712 508 4786 μὶν
537 4675 548 4682 .
582 4711 842 4776 ἀπλανεῖς
914 4675 1130 4788 ἀστέρες
1164 4675 1176 4686 ’
1202 4675 1429 4777 ὅίπαντες
1485 4675 1864 4790 ἐπηριγμᾶνοι

2046 4711 2238 4770 Stellae
2270 4711 2598 4767 inerrantes
2631 4709 2910 4766 universa:
2940 4709 3064 4764 fisz
3096 4714 3259 4781 sunt,
3293 4717 3357 4766 ut
3390 4711 3474 4767 ait
3501 4709 3629 4766 Ari-

196 4799 384 4872 ὄντες,
444 4802 520 4866 ὡς
579 4801 964 4879 Ἀριστοτέλης
997 4803 1154 4881 φησὶ,
1185 4803 1276 4859 καὶ
1307 4808 1386 4876 τῷ
1427 4803 1640 4879 οὐρανῷ
1669 4805 1868 4878 ἀμετα-

196 4893 381 4953 θέτως
469 4890 913 4966 συγκινούμενοι,
997 4888 1294 4968 ἐπειδήπερ
1378 4893 1534 4954 οὗτος
1609 4891 1660 4963 ἕξ
1738 4895 1870 4947 ἀνα»

194 4979 391 5036 τολῶν
440 4977 518 5044 εἷς
577 4976 783 5054 δυσμὰς
833 4981 1073 5056 φέρεται,
1102 4982 1202 5051 τὴν
1259 4981 1430 5051 αὐτὴν
1488 4981 1578 5036 καὶ
1613 4980 1868 5056 οὗτοιτῷ

194 5070 428 5146 οὐρανῷ
456 5072 730 5125 κινοῦνται
780 5070 1017 5140 κίνησιν.
1078 5070 1145 5128 Οἱ
1204 5067 1260 5125 δὲ
1305 5068 1580 5141 πλανῆται
1633 5068 1722 5125 διὰ
1767 5070 1865 5140 τήν

198 5159 484 5215 ἀντίθετον
543 5159 835 5233 ἀντέρεισιν
868 5159 958 5215 καὶ
1025 5158 1352 5234 ίσόσταθμον
1388 5160 1490 5214 ὑπὸ
1537 5165 1680 5239 σοφῇ
1738 5180 1870 5236 προ·

195 5248 347 5318 νοίν,
394 5245 486 5302 ’ἶνα
517 5249 592 5322 μὴ
627 5247 885 5326 σύῤῥηξις
946 5249 1048 5304 ὑπὸ
1105 5253 1211 5305 τῶν
1273 5249 1449 5304 αὐτῶν
1506 5247 1865 5326 καταδρόμων

197 5339 294 5395 καὶ
347 5336 704 5411 κυλισμάτων
755 5340 998 5415 γενηται,
1043 5338 1180 5396 κατὰ
1235 5341 1335 5410 τὴν
1398 5337 1537 5395 ἰδίαν
1586 5339 1677 5395 καὶ
1708 5361 1870 5418 φυσι-

198 5431 308 5500 κὴν
374 5426 580 5498 κίνησιν
650 5425 957 5493 ἐκδόσεως
990 5428 1067 5492 εἷς
1117 5426 1387 5499 ἀνατολὴν
1447 5430 1721 5507 φέρονται.
1778 5436 1870 5484 Κι-

197 5523 430 5574 νοῦνται
459 5514 517 5574 δὲ
563 5517 652 5573 καὶ
703 5517 753 5593 ἐξ
808 5517 1089 5576 ἀνατολῶν
1136 5519 1211 5582 εἷς
1269 5517 1442 5587 δόσιν,
1473 5517 1620 5575 ἀλλὰ
1664 5524 1742 5591 τῷ
1771 5519 1872 5574 οὐ-

204 5612 365 5684 ρανῷ
426 5609 984 5687 συμπεριφερόμενοιο
1047 5607 1167 5673 ὅθεν
1227 5609 1254 5664 ὁ
1283 5608 1447 5678 ἥλιος
1477 5611 1613 5664 κατὰ
1647 5610 1742 5682 μὶν
1769 5610 1869 5679 τήν

200 5696 351 5754 ἰδίαν
404 5696 640 5768 κίνησιν,
687 5696 950 5775 τᾶσσαρας
996 5697 1138 5770 ὥρας
1195 5694 1406 5773 πλῆροι
1455 5701 1552 5754 τοῦ
1600 5695 1872 5770 ἐνιαυτοῦ,

195 5792 298 5844 νῦν
338 5785 438 5863 μὶν
475 5786 804 5864 βόρειος,νῦν
834 5784 893 5844 δὲ
920 5783 1103 5851 νότιος
1127 5787 1472 5865 κινούμενος’
1502 5787 1636 5854 καθὸ
1663 5783 1722 5844 δί
1753 5807 1873 5868 συγ-

542 5919 807 5984 ΡΑτιιοι.
856 5920 970 5984 Ga.
1016 5918 1260 5984 CXXII.

1976 4803 2237 4868 stoteles,
2270 4807 2328 4858 et
2355 4801 2481 4857 sine
2511 4799 2634 4855 ulla
2662 4799 3126 4871 transpositione
3158 4817 3275 4856 una
3318 4817 3453 4856 cum
3485 4799 3630 4856 cmlo

1977 4897 2307 4958 moventur,
2339 4889 2494 4960 quod
2529 4904 2662 4943 cum
2695 4888 2766 4942 ab
2799 4886 3024 4943 oriente
3055 4887 3277 4942 feratur
3305 4904 3510 4943 versus
3534 4903 3628 4942 oo-

1977 4983 2293 5048 cidentem,
2343 4978 2546 5034 eadem
2580 4987 2636 5032 et
2682 4976 2792 5030 illa:
2840 4992 2976 5031 cum
3031 4975 3173 5031 coelo
3224 4974 3483 5031 motione
3515 4975 3632 5030 cir-

1979 5071 2408 5128 cumferuntur.
2443 5064 2694 5121 Planetas
2737 5081 2869 5119 vero
2904 5069 3139 5136 propter
3187 5064 3546 5120 contrarium
3577 5067 3635 5119 et

1979 5159 2263 5233 aqualem
2311 5155 2599 5222 renixum,
2635 5172 2668 5209 a
2719 5153 2971 5225 sapienti
3019 5153 3405 5224 providentia,
3462 5168 3533 5209 ne
3565 5167 3636 5210 ex

1980 5247 2274 5308 consimili
2307 5262 2484 5302 cursu
2516 5248 2572 5300 et
2601 5242 2895 5298 volutione
2939 5241 3245 5298 conﬂictus
3293 5246 3468 5312 esset,
3500 5259 3636 5314 pro-

1981 5340 2107 5414 prio
2139 5342 2191 5394 et
2252 5334 2504 5391 naturali
2563 5337 2725 5388 motu
2783 5333 3053 5387 feruntur
3111 5332 3181 5387 ab
3240 5331 3545 5387 occidente
3574 5331 3636 5386 in

1982 5430 2286 5486 orientem.
2321 5426 2689 5495 Quamquam
2721 5425 2777 5477 et
2815 5420 2927 5492 ipsi
2959 5437 3027 5476 ex
3074 5421 3299 5477 oriente
3330 5425 3640 5476 moventur

1982 5520 2042 5575 in
2072 5516 2456 5584 occidentem,
2507 5513 2606 5568 sed
2641 5529 2758 5566 una
2806 5527 2942 5565 cum
2975 5509 3116 5566 coelo
3158 5509 3634 5582 circumagitati:

1982 5609 2138 5666 unde
2169 5605 2254 5662 sol
2304 5602 2541 5676 propria
2572 5600 2827 5657 motione
2880 5603 3136 5672 quatuor
3181 5599 3321 5656 anni
3370 5604 3637 5672 tempora

1981 5696 2206 5770 implet,
2253 5695 2378 5766 jam
2424 5692 2484 5748 in
2533 5689 2933 5764 septentrione
2977 5689 3105 5762 jam
3158 5689 3218 5747 in
3268 5687 3641 5747 meridionali

1981 5792 2146 5865 parte
2173 5782 2533 5844 constitutus
2564 5806 2579 5853 ;
2602 5783 2774 5856 prout
2800 5795 2933 5838 vero
2956 5784 3226 5838 movetur
3247 5780 3452 5840 eodem
3475 5781 3638 5838 motu

3243 5911 3324 5974 24
