4080 6350
498 358 617 423 747

1874 352 2294 415 MICHAELIS
2340 354 2606 414 PSELLI

3794 357 3911 419 748

495 508 633 548 cum
666 491 810 549 ccelo
842 507 910 548 ex
959 491 1182 547 oriente
1213 490 1270 546 in
1321 490 1708 559 occidentem,
1743 489 1869 545 dies
1926 488 2061 545 facit
2092 492 2139 545 et

2257 492 2481 543 κινεῖται
2523 492 2601 558 τῷ
2630 487 2843 563 οὐρανῷ
2873 486 2924 558 is
2955 484 3231 558 ἀνατολῆς
3258 486 3333 551 εἰς
3373 485 3541 559 δύσιν,
3577 489 3789 567 ἡμέρας
3819 488 3909 545 καὶ

497 585 720 638 noctes.

866 688 954 741 99.
991 688 1187 756 Quales
1215 687 1414 757 ﬁgurae
1444 689 1779 744 stellarum?

566 781 710 832 Cum
760 776 1119 849 multiplices
1169 778 1373 848 figuras
1422 779 1564 847 sint,
1616 782 1682 832 ut
1735 775 2146 848 triangulares,

497 864 1021 937 quadrangulares,
1040 866 1278 932 cubicaa,
1297 866 1687 939 pyramidales
1708 866 1949 937 aliaeque
1965 865 2148 937 plani‘

496 954 733 1023 formes,
759 954 1154 1025 pulcherrima
1176 960 1266 1010 est
1288 956 1593 1026 sphaerica.
1630 957 1830 1026 ltaque
1851 954 2063 1010 ccelum
2092 959 2149 1009 et

492 1042 677 1099 stellae.
707 1059 912 1097 omnes
946 1043 1233 1114 sphaerica
1283 1046 1469 1115 ligura
1501 1045 1751 1116 praeditas
1804 1049 1966 1113 sunt,
2000 1044 2146 1115 quod

495 1138 549 1188 et
582 1148 649 1187 ex
678 1130 833 1186 lunae
864 1132 1402 1187 illuminationibus
1434 1134 1811 1204 perspicuum
1844 1132 2147 1201 est.Siqui-

496 1223 627 1277 dem
656 1220 756 1275 illa
809 1221 881 1275 ob
913 1221 1328 1291 gibbositatem
1382 1239 1549 1276 suam
1586 1239 1697 1276 non
1733 1222 1910 1276 simul
1953 1227 2069 1275 tota
2114 1238 2149 1276 a

494 1310 639 1381 sole,
673 1310 773 1365 sed
808 1311 1087 1380 paulatim
1112 1312 1392 1365 crescenti
1426 1311 1649 1366 lumine
1678 1311 2147 1366 illustratur.Fas

498 1404 653 1455 certe
683 1404 805 1455 crat
837 1416 1075 1470 corpore
1117 1400 1353 1455 aetheria
1398 1400 1455 1454 in
1506 1400 1961 1471 pulcherrimam
1994 1401 2145 1471 figu-

500 1504 626 1543 ram
660 1488 868 1559 aptari,
897 1489 1109 1543 mentis
1134 1489 1331 1560 ﬁgurae
1358 1490 1583 1545 aemula.
1610 1490 1771 1543 Sicut
1801 1490 1955 1543 enim
1981 1506 2147 1544 mens

499 1578 558 1631 in
591 1594 654 1633 se
684 1577 1023 1645 reﬂectitur,
1074 1579 1159 1634 sic
1192 1583 1249 1633 et
1297 1580 1555 1634 mterium
1619 1594 1830 1648 corpus
1876 1596 1911 1633 a
1954 1584 2149 1635 mente

497 1668 786 1722 directum
846 1672 903 1723 et
976 1667 1047 1721 ad
1106 1672 1359 1723 mentem
1442 1684 1789 1723 conversum
1847 1666 1907 1723 in
1964 1672 2152 1724 semet

495 1756 707 1828 vergit.

925 1956 1046 2012 100.
1081 1955 1161 2010 De
1190 1955 1381 2011 ordine
1406 1955 1726 2014 stellarum.

563 2048 705 2100 Cum
740 2045 799 2099 in
834 2045 949 2100 duo
982 2060 1196 2116 genera
1245 2044 1425 2099 stellae
1474 2045 1831 2113 dividantur,
1884 2044 2149 2098 inerran-

493 2134 641 2188 tium
694 2134 1157 2203 errantiumque,
1220 2134 1545 2188 inerrantes
1605 2133 1856 2204 planetis
1911 2132 2148 2196 altiores

491 2228 649 2290 sunt,
686 2239 801 2277 non
835 2227 1031 2276 tamen
1068 2224 1205 2293 ipsae
1238 2238 1444 2277 omnes
1478 2223 1533 2276 in
1566 2223 1768 2277 eadem
1821 2222 1946 2277 coeli
1981 2238 2115 2277 sum

488 2312 693 2366 mitate
745 2311 1100 2376 constitutae,
1151 2313 1251 2366 sed
1304 2312 1431 2365 alias
1489 2311 1619 2366 aliis
1652 2311 2046 2366 sublimiores.
2080 2313 2149 2367 At

485 2406 711 2471 septem
773 2401 1019 2471 planetae
1069 2402 1180 2455 sub
1229 2401 1627 2456 inerrantibus
1687 2402 1880 2457 locum
1929 2402 2146 2457 sortitas

490 2494 648 2556 sunt,
681 2491 907 2561 primus
940 2490 1177 2560 quidem
1229 2491 1682 2562 Saturnus,post
1715 2492 1868 2546 hunc
1898 2492 2145 2561 Jupiter,

486 2578 623 2633 inde
657 2578 975 2647 Mars,binc
998 2578 1119 2646 Sol,
1153 2580 1429 2651 deinceps
1456 2584 1677 2644 Venus,
1703 2598 1765 2635 ac
1788 2581 1897 2635 sub
1924 2580 2146 2634 Venere

488 2667 832 2735 Mercurius,
865 2675 922 2723 et
954 2674 1252 2740 postrema
1276 2670 1604 2725 Luna.Post
1626 2669 1786 2724 illam
1816 2673 2147 2740 sequuntur

490 2762 744 2827 quatuor
772 2758 1065 2813 elementa
1113 2759 1182 2813 de
1230 2759 1445 2829 quibus
1494 2759 1633 2813 dixi.
1698 2758 1943 2813 Deﬁnita
1976 2773 2145 2829 porro

486 2846 743 2919 singulis
777 2848 1028 2918 planetis
1058 2852 1324 2918 tempora
1355 2864 1473 2903 suae
1527 2848 1815 2918 cujusque
1848 2846 2145 2916 motionis,

487 2935 901 2992 admirandum
927 2936 1079 2991 inter
1103 2953 1167 2992 se
1196 2942 1543 2992 concentum
1578 2937 1697 2991 sive
1731 2937 2144 3009 symphoniam

492 3024 734 3080 habent.

808 3207 931 3260 101.
969 3205 1117 3261 Unde
1148 3208 1334 3261 lumen
1366 3206 1567 3261 habent
1607 3206 1782 3262 stellw
1804 3209 1829 3259 γ

556 3294 757 3365 Neque
786 3294 1176 3349 inerrantium
1208 3294 1329 3349 ulla
1350 3294 1876 3365 stellarum,neque
1898 3294 2146 3366 planetae

483 3398 711 3452 omnes,
748 3384 849 3437 sed
882 3382 1008 3437 sola
1038 3382 1180 3438 luna
1210 3400 1242 3438 a
1274 3384 1393 3439 sole
1452 3384 1839 3438 illuminatur.
1878 3385 2061 3455 Igitur
2091 3390 2148 3441 et

484 3491 618 3546 pars
649 3475 774 3544 ejus
805 3473 1001 3529 lucida
1032 3491 1265 3545 semper
1295 3475 1404 3530 soli
1431 3476 1673 3530 obversa
1705 3479 2010 3546 est,neque
2042 3494 2145 3531 un-

484 3580 662 3634 quam
696 3568 819 3619 tota
852 3568 1008 3618 caret
1040 3564 1181 3618 luna
1211 3564 1452 3631 lumine,
1489 3565 1589 3619 sed
1616 3580 2041 3636 usquequaque
2064 3565 2147 3620 di-

485 3652 666 3707 midia
696 3669 831 3724 pars
865 3654 993 3721 ejus
1046 3652 1267 3707 lumine
1299 3654 1532 3724 gaudet.
1584 3653 1729 3709 Nam
1783 3653 1841 3707 in
1894 3655 2143 3725 conjun-

481 3742 673 3797 ctione
702 3742 824 3795 sive
856 3741 1155 3796 novilunio
1186 3743 1400 3812 gibbus
1452 3741 1622 3797 nobis
1670 3743 1954 3797 obversus
1986 3742 2141 3798 lucis

484 3835 573 3885 est
602 3846 829 3901 expers,
862 3835 919 3884 at
953 3830 1220 3901 superior
1242 3836 1306 3884 ut
1334 3830 1417 3885 ita
1439 3831 1630 3886 dicam
1655 3830 1905 3885 calvaria
1928 3831 2145 3885 illumi-

483 3926 625 3975 nata
653 3923 761 3974 est.
804 3922 867 3973 In
904 3919 1228 3989 plenilunio
1261 3918 1519 3973 vicissim
1558 3920 2037 3990 hemisphaerium
2069 3921 2140 3975 ad

486 4024 593 4062 nos
624 4021 868 4079 vergens
916 4013 1103 4062 totum
1154 4013 1240 4061 est
1290 4007 1574 4071 lucidum,
1617 4008 1892 4077 superius
1942 4014 2139 4063 autem

482 4095 627 4150 illud
662 4112 865 4167 expers
924 4096 1187 4150 luminis.
1254 4097 1411 4151 Inter
1469 4097 1839 4152 novilunium
1896 4114 2031 4153 vero
2074 4115 2140 4153 ac

481 4183 872 4254 plenilunium
906 4201 1008 4255 pro
1037 4185 1261 4239 ratione
1293 4201 1407 4255 qua
1438 4203 1471 4239 ιι
1501 4184 1621 4240 sole
1653 4184 1852 4247 distat,
1880 4186 1941 4239 tit
1970 4187 2140 4243 nobis

480 4270 566 4327 vel
600 4272 977 4330 corniculata.
1016 4273 1101 4327 vel
1155 4274 1460 4328 dimidiata
1517 4273 1603 4328 vel
1638 4274 2001 4343 decrescens,
2037 4280 2141 4331 aut

478 4360 637 4415 enim
674 4362 873 4417 minus
906 4379 1084 4434 quam
1120 4362 1433 4417 dimidium
1469 4364 1597 4433 ejus
1630 4362 2019 4431 illuminatur,
2039 4367 2141 4419 aut

479 4448 814 4519 dimidium,
851 4455 953 4506 aut
983 4451 1117 4523 plus
1148 4451 1413 4507 dimidio.

478 4649 600 4703 102.
634 4649 708 4703 De
733 4649 1018 4704 stellarum
1072 4650 1502 4721 signiﬁcatione,
1537 4653 1591 4704 et
1636 4650 1906 4721 quomodo
1960 4652 2133 4715 hiems

1092 4728 1145 4777 et
1183 4726 1349 4778 aestas
1377 4723 1475 4792 fiat
1496 4726 1521 4775 γ

546 4808 909 4881 Significatio
944 4811 1123 4866 stellas
1168 4816 1276 4875 est,
1331 4812 1566 4882 quando
1624 4812 1818 4867 oriens
1868 4812 1956 4867 vel
1992 4830 2126 4869 cum

472 4897 595 4954 sole
626 4904 823 4955 exorta
855 4904 917 4954 ut
947 4900 1130 4967 canis,
1176 4904 1263 4955 vel
1316 4902 1503 4969 orion,
1553 4906 1655 4956 aut
1707 4906 1974 4969 acturus,
2029 4907 2131 4958 aut

470 4988 584 5043 alia
613 4990 878 5059 quaedam
915 4991 1183 5058 ﬁxarum,
1218 5006 1405 5045 aerem
1441 4996 1694 5061 quatuor
1724 4991 1859 5044 anni
1896 4997 2129 5063 tempo-

468 5078 633 5133 ribus
664 5077 886 5133 alterat.
939 5079 1083 5133 Nam
1118 5084 1174 5134 et
1223 5079 1449 5150 Moyses
1490 5079 1598 5133 hoc
1650 5080 1959 5134 subinnuit
1991 5097 2126 5136 cum

466 5167 583 5222 ait:
618 5168 796 5221 Erunt
828 5169 888 5222 in
946 5170 1127 5239 signa,
1185 5175 1237 5224 et
1294 5171 1353 5222 in
1412 5178 1681 5237 tempora,
1730 5176 1782 5223 et
1838 5171 1892 5222 in
1927 5185 2123 5224 annos.

465 5256 645 5313 Stella
677 5257 967 5329 siquidem
1013 5259 1304 5313 matutino
1348 5258 1431 5312 vel
1468 5258 1802 5329 vespertino
1854 5262 1980 5312 ortu
2018 5275 2124 5314 suo

464 5345 725 5417 aliquam
758 5364 825 5401 ex
860 5347 1013 5402 aeris
1045 5348 1450 5403 affectionibus
1483 5346 1891 5418 significatDe
1924 5351 2125 5402 aestate

466 5450 599 5491 vero
657 5441 714 5491 et
772 5436 964 5491 hieme
1031 5442 1206 5507 atque
1263 5437 1483 5492 cazteris
1544 5436 1683 5491 anni
1758 5435 2124 5506 temporibus

469 5524 778 5580 sciendum
810 5527 1078 5598 est,quod
1114 5527 1348 5597 quando
1380 5524 1465 5580 sol
1502 5525 1669 5579 nobis
1702 5530 1790 5579 est
1823 5525 2122 5591 australis,

469 5618 526 5667 et
558 5629 735 5683 super
791 5614 980 5684 capite
1044 5620 1241 5670 nostro
1298 5614 1501 5677 fertur,
1536 5613 1675 5669 facit
1730 5617 1988 5668 aestatem
2019 5631 2031 5681 ;
2066 5617 2123 5669 et

472 5701 710 5779 quando
744 5704 801 5759 in
834 5706 1100 5760 austrum
1133 5704 1277 5775 abit,
1308 5702 1539 5759 hiemen
1572 5702 1743 5774 facit;
1769 5703 2001 5775 quando
2024 5719 2121 5759 au-

2257 575 2453 639 νύκτας
2482 581 2648 632 ποιεῖ.

2491 683 2591 760 [ἴθ’.
2626 685 2852 739 Ποταπά
2880 689 2987 740 τῶν
3016 684 3253 761 ἀστέρων
3284 687 3347 742 τά
3380 688 3488 761 σχῆ
3500 708 3667 760 ματα.

2331 771 2563 828 Πολλῶν
2625 770 2794 828 ὄντων
2858 774 3183 850 σχημάτων,
3244 777 3914 853 τριγώνων,τιτραγωνι-

2256 868 2389 932 κῶν,
2438 858 2698 934 κυϐικῶν,
2758 862 3137 939 πυραμοειδῶν
3189 866 3277 920 καὶ
3325 870 3433 921 τῶν
3485 866 3697 922 λοιπῶν
3753 869 3912 922 εύθυ-

2258 957 2610 1026 γραμμικῶν,
2666 952 2959 1008 κάλλιστόν
3021 953 3129 1009 ἐστι
3187 954 3249 1009 τὸ
3308 953 3666 1033 σφαιροειδές.
3699 958 3755 1011 Ὀ
3794 955 3912 1011 τοί-

2257 1064 2346 1095 νυν
2382 1041 2605 1115 οὐρανὸς
2647 1044 2736 1097 καὶ
2784 1044 3091 1115 σύμπαντες
3140 1045 3191 1098 οἱ
3223 1045 3441 1119 ἀστέρες
3472 1051 3568 1101 τοῦ
3625 1050 3913 1123 σφαιρικοῦ

2256 1134 2545 1205 σχήματος
2575 1128 2701 1185 ὄντα
2733 1131 3086 1207 τυγχάνουσι.
3121 1134 3225 1187 Καὶ
3258 1129 3429 1201 δῆλον
3487 1134 3593 1189 ἀπὸ
3652 1140 3760 1189 τῶν
3809 1143 3913 1203 τῆς

2258 1220 2493 1290 σελήνης
2550 1225 2867 1298 φωτισμῶν.
2930 1223 3026 1275 Διά
3054 1223 3153 1297 γὰρ
3193 1222 3255 1276 τὸ
3286 1221 3548 1297 κύρτωμα
3577 1223 3777 1293 ταύτης
3812 1223 3914 1279 οὐκ

2258 1309 2411 1372 εὐθὺς
2466 1308 2569 1379 ὅλη
2624 1311 2768 1384 ποιρά
2824 1314 2919 1364 τοῦ
2950 1309 3114 1379 ἡλίου
3147 1312 3456 1389 φωτίζεται,
3504 1310 3651 1368 ἀλλά
3680 1313 3817 1368 κατά
3845 1314 3910 1368 τὸ

2261 1397 2439 1474 βραχὺ
2496 1400 2595 1467 τὴν
2655 1398 2873 1469 αὔξησιν
2908 1397 3124 1475 δέχεται
3181 1406 3278 1455 τοῦ
3305 1401 3505 1477 φωτός.
3536 1400 3684 1457 Ἔδει
3714 1403 3817 1479 γὰρ
3851 1402 3917 1457 τὸ

2257 1487 2499 1561 αἰθέριον
2559 1492 2714 1560 σῶμα
2770 1493 2848 1559 τῷ
2873 1486 3159 1563 καλλίστῳ
3187 1496 3295 1545 τῶν
3328 1490 3632 1566 σχημάτων
3674 1490 3916 1563 ἀποτορ-

2258 1577 2519 1639 γεύεσθαι.
2555 1578 2666 1633 Νοῦ
2692 1577 2790 1652 γὰρ
2828 1584 3071 1651 μιμεῖται
3100 1580 3163 1634 τὸ
3195 1586 3409 1655 σχῆμα.
3458 1582 3658 1655 Ὠσπερ
3709 1582 3737 1635 6
3784 1586 3917 1644 νοῧς

2260 1665 2561 1744 ἰπιστρέφει
2590 1667 2723 1739 πρὸς
2756 1667 2963 1739 ἑαυτὸν,
2996 1666 3138 1723 οὕτω
3171 1666 3237 1737 δὴ
3269 1669 3359 1724 καί
3387 1669 3448 1724 τὸ
3480 1670 3717 1745 αἰθέριον
3749 1676 3916 1744 σῶμα

2260 1755 2495 1810 συννεύει
2526 1756 2661 1831 πρὸς
2692 1754 2872 1829 ἑαυτὸ,
2905 1758 3007 1811 ὑπὸ
3055 1761 3146 1812 νοῦ
3185 1753 3620 1833 κυϐερνώμενον,
3652 1760 3741 1815 καὶ
3772 1762 3917 1835 πρὸς

2182 1864 2229 1929 Β
2256 1850 2380 1899 νοῦν
2416 1844 2891 1923 ἐπιστρεφόμενον.

2714 1955 2757 2029 ρ’
2798 1954 2926 2028 Περὶ
2957 1955 3157 2024 τάξεως
3190 1955 3449 2031 ἀστέρων.

2333 2043 2422 2103 Εἰς
2475 2040 2569 2096 δύο
2619 2042 2754 2118 μέρη
2800 2048 2908 2098 τῶν
2946 2044 3182 2118 ἀστέρων
3240 2043 3660 2119 διαιρουμένων,
3721 2046 3800 2107 εἰς
3851 2046 3916 2101 τὸ

2258 2129 2493 2192 ἀπλανὲς
2549 2130 2637 2185 καί
2693 2133 2755 2186 τὸ
2815 2132 3200 2205 πλανώμενον,
3260 2135 3312 2188 οἱ
3367 2136 3461 2206 μὲν
3514 2134 3776 2197 ἀπλανεῖς
3817 2136 3921 2203 τήν

2264 2219 2599 2294 ὑψηλοτέραν
2658 2221 2802 2292 τάξιν
2860 2227 2966 2276 τῶν
3026 2222 3319 2294 πλανητῶν
3376 2222 3592 2298 έχουσι,
3626 2226 3728 2279 οὐκ
3760 2224 3813 2279 ἐν
3848 2229 3921 2300 τῇ

2256 2309 2391 2381 αὐτῇ
2449 2309 2732 2389 ἐπιφανείᾳ
2786 2315 2882 2365 τοῦ
2926 2311 3163 2387 αἰθερίου
3214 2314 3469 2385 σώματος
3525 2313 3770 2386 κείμενοι
3829 2315 3924 2369 καὶ

2256 2400 2568 2475 φερόμενοι,
2632 2398 2758 2454 ἀλλ’
2792 2400 2842 2452 οἱ
2881 2400 2973 2472 μὶν
3011 2398 3341 2476 ὑψηλότεροι
3374 2401 3548 2456 αὐτῶν
3584 2402 3737 2471 εἶσιν,
3772 2404 3829 2457 οἱ
3864 2401 3926 2458 δὲ

2254 2489 2649 2562 ταπεινότεροι.
2712 2490 2777 2545 Οἱ
2837 2487 2893 2543 δὲ
2948 2490 3082 2543 έπτά
3134 2488 3407 2560 πλανῆται
3470 2492 3607 2564 μετά
3653 2490 3926 2554 ἀπλανεῖς

2254 2579 2567 2653 τετάχαται,
2631 2579 2704 2631 ὧν
2764 2580 2978 2654 πρῶτός
3035 2578 3174 2634 ἐστιν
3238 2581 3264 2633 6
3312 2584 3409 2635 τοῦ
3442 2580 3647 2655 Κρόνου
3682 2581 3924 2655 λεγόμε-

2256 2688 2346 2727 νος
2378 2667 2570 2737 ἀστὴρ,
2602 2668 2691 2722 καὶ
2728 2668 2862 2739 μετά
2889 2668 3078 2722 τοῦτον
3114 2670 3140 2723 6
3173 2673 3269 2723 τοῦ
3301 2670 3443 2738 Διὸς,
3474 2670 3565 2724 καὶ
3611 2671 3699 2725 ὑπ’
3749 2671 3920 2725 αὐτὸν

2256 2757 2283 2809 6
2309 2760 2403 2809 τοῦ
2433 2757 2768 2831 Ἀρεος,εἶτα
2800 2758 2828 2811 6
2859 2755 3214 2830 ’Ἠλιος,μιθ’
3242 2759 3301 2812 ὃν
3333 2756 3615 2835 Αφροδίτη
3648 2760 3735 2813 καὶ
3776 2760 3921 2832 μετά

2253 2844 2452 2915 ταύτην
2485 2846 2711 2920 Ἑρμῆς,
2743 2846 2831 2899 καὶ
2865 2844 3174 2901 τελευταῖον
3208 2850 3242 2915 ἡ
3298 2844 3538 2918 Σελήνη.
3574 2850 3708 2911 Μεθ’
3735 2850 3805 2917 ἦν
3850 2850 3921 2903 τὰ

2252 2934 2481 3008 τέσσαρα
2510 2940 2779 3009 στοιχεῖα,
2805 2934 2983 3009 ὥσπερ
3016 2935 3328 3011 εἷρήκαμεν.
3361 2938 3667 3011 Ὠρισμένοι
3697 2934 3753 2992 δὲ
3783 2937 3919 2992 τού-

2253 3043 2368 3084 τοις
2402 3022 2504 3077 είσί
2533 3025 2619 3077 καὶ
2654 3024 2703 3077 οἱ
2739 3024 2933 3099 χρόνοι
2965 3029 3071 3078 τῶν
3123 3027 3412 3095 κινήσεων,
3462 3026 3757 3099 θαυμασίαν
3811 3028 3917 3096 τήν

2255 3112 2573 3186 συμφωνίαν
2608 3110 2853 3187 ἔχοντες.

2562 3202 2661 3273 ρα’.
2698 3201 2863 3255 Πόθεν
2896 3200 3221 3279 φωτίζονται
3256 3204 3307 3259 οἱ
3340 3202 3554 3280 ἀστέρες
3582 3224 3594 3273 ;

2330 3286 2460 3343 Οὔτε
2500 3294 2606 3343 τῶν
2661 3288 2917 3344 ἀπλανῶν
2976 3289 3213 3366 ἀστέρων
3272 3289 3471 3361 οὐδεὶς,
3532 3290 3655 3347 οὐδὲ
3716 3295 3921 3356 πάντες

2257 3378 2306 3431 οἱ
2337 3375 2765 3449 πλανῆται,ἀλλ’
2796 3381 2830 3448 ἡ
2866 3377 3072 3449 σελήνη
3110 3380 3248 3452 μόνη
3282 3383 3428 3457 παρὰ
3464 3385 3563 3437 τοῦ
3590 3381 3757 3451 ἡλίου
3793 3405 3919 3461 φω-

2253 3466 2472 3535 τίζεται.
2522 3468 2619 3521 Διά
2665 3472 2826 3522 τοῦτο
2869 3469 2959 3523 καὶ
3008 3469 3416 3545 πεφωτισμένον
3473 3471 3555 3525 ἀεὶ
3592 3472 3754 3544 μέρος
3812 3471 3919 3527 αύ-

2253 3559 2352 3619 τῆς
2387 3556 2519 3620 πρὸς
2551 3556 2642 3609 τὸν
2676 3554 2836 3624 ἥλιον
2897 3555 3158 3626 νένευκεν,
3221 3558 3321 3613 οὐκ
3350 3555 3459 3613 ἔστι
3495 3557 3550 3613 δὲ
3582 3560 3663 3614 δτι
3696 3560 3914 3637 ἀφώτι-

2253 3665 2375 3705 στος
2436 3644 2763 3699 παντάπασίν
2817 3643 2958 3699 ἐστιν
2986 3648 3020 3716 ἡ
3054 3643 3284 3719 σελήνη,
3342 3647 3470 3702 ἀλλ’
3517 3648 3597 3702 ἀεὶ
3630 3644 3913 3703 ἐνδέδυται

2254 3738 2368 3810 φῶς
2415 3732 2772 3805 ἡμισέληνον.
2837 3737 2924 3791 Ἐν
2989 3737 3083 3807 μὲν
3140 3735 3229 3790 οὖν
3261 3743 3379 3799 ταῖς
3425 3735 3670 3799 συνόδοις
3702 3738 3917 3815 ἀφώτι-

2252 3843 2376 3877 στον
2439 3823 2532 3894 μέν
2590 3823 2699 3878 ἐστι
2728 3824 2792 3878 τὸ
2819 3825 2955 3899 πρὸς
3014 3827 3161 3897 ἡμᾶς
3200 3824 3364 3894 αὐτῆς
3395 3825 3681 3901 κύρτωμα,
3711 3847 3915 3904 πεφω-

2250 3912 2502 3983 τισμένον
2561 3909 2617 3966 δὲ
2667 3915 2729 3967 τὸ
2786 3910 2897 3967 ἅνω
2928 3910 3290 3990 φαλάκρωμα.
3327 3916 3410 3969 Ἐν
3472 3912 3527 3968 δὲ
3558 3921 3675 3976 ταῖς
3705 3934 3914 3971 πανσεὸ

2253 3998 2444 4069 λήνοις
2470 4001 2532 4054 τὸ
2594 4002 2685 4072 μὲν
2747 4006 2897 4055 νεῦον
2961 4002 3095 4075 πρὸς
3155 4002 3303 4074 ἡμᾶς
3336 4002 3695 4077 ἡμισφαίριον
3732 4005 3913 4074 αὐτῆς

2252 4088 2483 4163 ὀλοφαές
2515 4089 2646 4158 ἐστι,
2703 4090 2764 4143 τὸ
2816 4088 2862 4143 δ’
2920 4088 3029 4144 ἄνω
3080 4090 3379 4163 ἡμίτομον,
3439 4092 3616 4168 φωτὸς
3645 4090 3912 4166 ἄμοιρον.

2253 4178 2464 4248 Μεταξὺ
2497 4176 2553 4232 δὲ
2575 4186 2674 4248 τῆς
2708 4175 2935 4234 συνόδου
2967 4180 3055 4234 καί
3107 4188 3205 4249 τῆς
3264 4179 3597 4251 σανσελήνου
3650 4183 3787 4236 κατὰ
3846 4186 3914 4238 τὸ

2255 4266 2447 4339 μέτρον
2500 4268 2600 4336 τῆς
2658 4268 2793 4342 πρὸς
2851 4270 2940 4323 τὸν
3000 4268 3162 4338 ἠλιον
3214 4267 3566 4338 διαστάσεως,
3601 4270 3914 4343 μηνοειδής

2248 4356 2468 4430 γίνεται,
2546 4356 2634 4410 καὶ
2715 4352 3035 4432 διχότομος,
3112 4358 3201 4412 καὶ
3275 4359 3633 4438 ἀμφίκυρτος,
3704 4361 3739 4431 ἢ
3799 4364 3913 4438 γαρ

2250 4440 2472 4500 ἔλαττον
2528 4450 2625 4500 τοῦ
2666 4447 2911 4520 ἡμίσεως
2944 4445 3256 4524 φωτίζεται,
3290 4449 3325 4521 ἢ
3375 4448 3513 4503 κατά
3540 4450 3602 4504 τὸ
3628 4448 3835 4523 ἥμισυ,
3874 4451 3911 4522 ἢ

2246 4535 2382 4589 κατά
2410 4535 2471 4589 τὸ
2502 4534 2693 4594 πλέον.

2248 4642 2351 4715 ρβ’.
2382 4641 2511 4714 Περὶ
2545 4640 2909 4721 ἐπισημασίας
2944 4641 3201 4721 ἀστέρων,
3232 4642 3321 4697 καὶ
3366 4647 3482 4706 πῶς
3528 4644 3727 4721 γίνεται
3779 4665 3915 4721 χει-

2836 4716 2951 4787 μὼν
2985 4715 3080 4770 καῖ
3108 4717 3265 4790 θέρος
3289 4737 3303 4785 ;

2309 4804 2681 4875 Ἐπισημασία
2738 4802 2879 4858 ἐστὶν
2918 4848 2932 4873 ,
3006 4804 3130 4860 ὅταν
3198 4802 3502 4860 έπιτέλλων
3579 4804 3751 4879 ἀστήρ
3808 4806 3909 4860 καὶ

2238 4890 2649 4946 συνανατέλλων
2708 4897 2787 4965 τῷ
2843 4892 2994 4966 ἡλίῳ
3042 4893 3221 4969 ὥσπερ
3276 4896 3303 4948 6
3354 4893 3694 4966 καλούμενος
3722 4893 3911 4968 κύων,

2236 4980 2325 5035 καὶ
2384 4980 2589 5055 ὡρίων,
2648 4984 2736 5035 καὶ
2771 4983 2798 5036 6
2832 4984 3153 5057 ἀρκτοῦρος,
3186 4985 3221 5053 ἢ
3249 4980 3431 5059 ἕτερός
3462 5005 3547 5045 τις
3575 4988 3683 5038 τῶν
3714 4982 3914 5039 ἀπλα-

2237 5074 2365 5139 νῶν,
2428 5068 2713 5143 ἀλλοιώσῃ
2772 5070 2862 5124 τὸν
2914 5072 3065 5143 ἀέρα,
3114 5074 3251 5126 κατὰ
3307 5073 3436 5135 τοὺς
3463 5074 3725 5143 τέσσαρας
3771 5094 3917 5126 και-

2238 5158 2363 5231 ροὺς
2420 5163 2515 5212 τοῦ
2584 5158 2761 5221 ἔτους.
2823 5162 2999 5216 Τοῦτο
3058 5160 3159 5235 γὰρ
3222 5163 3465 5230 Μωυσῆς
3522 5161 3911 5217 ὐπαινίττεται

2237 5246 2433 5322 λέγων,
2489 5248 2738 5302 Ἔσονται
2796 5248 2873 5310 εἷς
2934 5254 3156 5322 σημεῖα,
3217 5250 3306 5304 καὶ
3364 5250 3440 5312 εἲς
3499 5249 3745 5325 καιροὺς,
3812 5250 3913 5305 καί

2235 5336 2309 5397 είς
2370 5335 2664 5399 ἐνιαυτούς.
2709 5338 3159 5411 Ἐπισημαίνεται
3194 5337 3295 5414 γάρ
3354 5361 3406 5394 τι
3466 5341 3493 5393 6
3551 5340 3722 5413 ἀστὴρ
3786 5345 3907 5395 τῶν

2231 5427 2354 5501 περὶ
2411 5432 2518 5481 τῶν
2574 5426 2703 5502 ἀέρα
2760 5428 2970 5500 παθῲν,
3033 5428 3169 5484 έώαν
3229 5428 3491 5499 ἐπιτολὴν
3538 5431 3573 5500 ἢ
3632 5429 3903 5502 ἐσπερίαν

2232 5516 2588 5589 ποιούμενος.
2630 5517 2760 5592 Περὶ
2817 5518 2998 5591 μέντοι
3055 5539 3118 5594 γε
3172 5520 3737 5595 θέρουςῆχειμῶνος
3799 5521 3901 5576 καὶ

2229 5610 2336 5660 τῶν
2399 5604 2606 5661 λοιπῶν
2665 5608 2823 5682 ὡρῶν
2882 5607 3083 5677 ἰστέον,
3112 5609 3185 5671 ὡς
3214 5608 3337 5664 ὅταν
3372 5608 3465 5682 μὲν
3499 5610 3527 5663 6
3559 5606 3723 5675 ἧλιος
3792 5611 3903 5685 βό-

2233 5716 2377 5775 ρειος
2426 5697 2563 5770 ἡμῖν
2591 5697 2830 5773 γένηται,
2880 5697 2969 5753 καὶ
3003 5698 3131 5775 ὑπὲρ
3183 5697 3423 5776 κεφαλῆς
3460 5703 3690 5771 κινοῖτο,
3722 5700 3902 5781 Θέρος
