4080 6350
170 450 286 508 749

1353 445 1455 506 DE
1499 441 1942 507 OMNIFARIA
1986 442 2402 502 DOGTRINA.

3466 443 3586 505 750

169 582 362 634 ποιεῖ·
424 577 550 632 ὅταν
617 574 674 631 δὲ
721 574 861 650 πρὸς
912 575 1068 630 νότον
1123 573 1354 649 ἀπέλθῃ,
1416 579 1668 651 χειμῶνα
1726 573 1848 649 ἐρει,

1968 589 2048 628 3m
2108 578 2375 629 versatur
2441 573 2501 628 in
2575 573 2794 643 ariete,
2872 573 3287 645 mquinoctium
3366 576 3584 640 efﬁcit:

169 670 414 745 γάζεται,
469 668 562 722 καὶ
623 664 746 720 ὅταν
810 665 902 739 μὲν
953 664 1090 720 κατᾶ
1133 664 1226 720 τὸν
1279 666 1430 740 κριὸν
1488 666 1551 719 τὸ
1623 661 1816 733 ζώδιον

170 759 416 833 γένηται,
477 755 763 831 ἴσημερίαν
833 759 984 809 ποιεῖ
1019 771 1036 791 ο
1121 755 1247 809 ὅταν
1310 751 1367 808 ὃὶ
1423 753 1540 808 κατ’
1599 750 1822 827 ἅντικρυ

169 845 564 922 διαπορεύηται
605 849 714 900 τῶν
762 841 987 919 χηλῶν,
1040 843 1360 921 μετοπώραν
1410 844 1500 898 καὶ
1529 842 1820 918 ἲσημερίαν

173 935 352 998 αὗθις.

173 1064 274 1138 ργ’.
324 1060 502 1123 Πόσος
560 1057 771 1131 ἑκάστῳ
840 1062 948 1114 τῶν
1018 1055 1314 1138 πλανητῶν
1392 1058 1420 1112 6
1469 1056 1670 1133 χρόνος
1725 1061 1826 1125 τῆς

855 1127 1114 1207 περιοδου
1148 1149 1162 1199 ;

245 1243 377 1301 Τοῖς
449 1236 748 1309 πλανηταις
804 1243 932 1291 πᾶσι
1009 1237 1144 1291 κατὰ
1219 1238 1319 1305 τὴν
1389 1235 1678 1309 ἀναλογίαν
1733 1238 1831 1288 τοῦ

175 1329 439 1404 μεγέθους
484 1333 590 1381 τῶν
644 1330 883 1400 σφαιρῶν
928 1325 1018 1379 καὶ
1060 1329 1158 1379 τοῦ
1213 1325 1415 1399 μέτρου
1457 1329 1567 1378 τῶν
1595 1323 1832 1378 ἀποστά-

173 1417 312 1473 σέων
347 1417 585 1492 χρόνους
637 1415 978 1491 ὡρισμένους
1027 1413 1296 1491 ἀφώρισεν
1345 1415 1373 1468 6
1418 1414 1570 1480 Θεὸς,
1601 1418 1710 1468 τῶν
1747 1434 1836 1467 κι-

172 1510 411 1577 νήσεων.
459 1505 556 1560 Καὶ
589 1504 617 1558 6
676 1505 768 1576 μὲν
819 1503 1026 1579 Κρόνος
1083 1501 1174 1557 ἅτε
1223 1501 1562 1577 ὑψηλότερος
1592 1506 1698 1555 τῶν
1734 1503 1837 1556 ἅλ-

175 1596 316 1664 λων,
349 1595 439 1650 καὶ
475 1594 694 1668 μείζονα
721 1592 924 1648 κύκλον
975 1592 1406 1667 περιερχόμενος
1458 1588 1548 1645 διὰ
1574 1611 1836 1666 τριακον-

172 1686 394 1746 ταετίας
441 1684 541 1751 τήν
601 1683 766 1737 αὑτοῦ
819 1679 1074 1756 περίοδον
1134 1678 1428 1754 ἰκπληροῖ.
1479 1681 1541 1737 Ὀ
1593 1678 1650 1734 δὶ
1706 1679 1835 1742 Ζεὺς

177 1772 340 1838 εὐθὺς
375 1774 493 1845 μετ’
522 1769 682 1824 αὑτὸν
729 1766 801 1823 ὢν
856 1766 944 1823 διὰ
995 1765 1373 1830 δωδεκαετίας.
1432 1770 1503 1824 ’Ὀ
1552 1788 1614 1841 γε
1661 1769 1836 1842 Ἄρης

179 1861 273 1918 διὰ
306 1859 404 1916 δύο
435 1860 523 1915 καὶ
577 1859 822 1932 ἡμίσεως
875 1857 1153 1913 ἐνιαυτῶν.
1185 1861 1274 1929 Τῷ
1333 1854 1390 1911 δὲ
1441 1856 1611 1928 Ἠλίῳ
1649 1856 1737 1910 καὶ
1768 1858 1837 1928 τῇ

1929 663 2165 734 quando
2197 667 2392 718 autem
2445 678 2512 717 ex
2564 663 2806 719 adverso
2860 663 3088 735 positus
3135 666 3330 722 cancri
3389 666 3588 725 chelas

1931 752 2214 824 attigerit,
2267 757 2645 822 autumnum,
2695 752 3064 825 alterumque
3119 754 3286 812 affert
3322 757 3588 828 aequino-

1933 839 2141 897 ctium.

1938 1057 2061 1112 103.
2092 1056 2300 1125 Quanti
2347 1057 2608 1128 temporis
2653 1055 2911 1131 periodus
2955 1059 3196 1129 singulis
3252 1060 3492 1131 planetis
3519 1064 3594 1117 sit

2641 1130 2856 1184 tributa
2875 1132 2900 1182 .9

2011 1235 2273 1306 Singulis
2307 1234 2557 1308 planetis
2610 1240 2759 1290 Deus
2800 1241 3067 1308 tempora
3117 1237 3358 1294 definita
3387 1243 3597 1295 statuit

1944 1327 2290 1392 motionum,
2326 1325 2651 1379 secundum
2689 1325 3124 1395 proportionem
3166 1328 3596 1396 magnitudinis

1945 1416 2331 1486 spheerarum,
2389 1421 2446 1470 et
2493 1432 2783 1470 mensurae
2845 1433 2962 1488 qua
3006 1417 3250 1472 distant.
3308 1418 3597 1474 Saturnus

1943 1503 2127 1575 igitur
2156 1508 2438 1575 tanquam
2473 1504 2699 1560 caeteris
2733 1505 3047 1560 sublimior
3085 1510 3142 1561 et
3168 1507 3451 1577 majorem
3499 1508 3598 1562 de-

1946 1593 2214 1649 scribens
2245 1593 2557 1663 circulum,
2591 1593 2831 1666 triginta
2866 1611 3154 1650 annorum
3189 1596 3382 1667 spatio
3412 1596 3602 1668 perio~

1946 1682 2086 1737 dum
2120 1699 2287 1737 suam
2319 1681 2512 1754 explet
2534 1687 2590 1738 et
2612 1682 2882 1739 absolvit.
2909 1683 3142 1755 Jupiter
3163 1684 3275 1757 ipsi
3299 1684 3603 1756 proximus

1947 1771 2118 1826 annis
2150 1772 2482 1827 duodecim.
2544 1772 2700 1828 Mars
2755 1773 2988 1828 duobus
3041 1778 3099 1829 et
3154 1774 3422 1830 dimidio.
3455 1773 3602 1843 Soli,

1947 1859 2274 1930 Venerique
2332 1877 2396 1915 ac
2450 1860 2738 1916 Mercurio
2799 1861 3039 1931 aequalis
3099 1862 3376 1933 periodus
3425 1862 3602 1920 unius

178 1948 481 2029 ’Δφροὸίτῃ
509 1950 596 2004 καὶ
649 1953 730 2021 τῷ
777 1950 957 2023 Ἐρμῇ
1020 1945 1319 2023 ῗσόδρομος
1372 1947 1406 2016 ἡ
1457 1942 1710 2020 περίοδος
1748 1945 1838 1999 καὶ

1968 1949 2086 2003 mni
2116 1954 2205 2004 est
2254 1948 2595 2005 constituta.
2631 1951 2796 2005 Luna
2845 1951 3256 2023 undetrigenta
3299 1952 3509 2008 diebus
3547 1957 3605 2010 et

177 2040 477 2101 ἐνιαύσιος.
523 2039 585 2094 Ἠ
646 2034 704 2092 δὲ
761 2034 979 2106 Σέλήνη
1042 2033 1132 2090 διὰ
1185 2036 1265 2099 κθ¹
1321 2037 1546 2108 ἡμερῶν
1593 2034 1729 2106 πρὸς
1768 2035 1838 2106 τῇ

177 2129 414 2203 ἡμισείᾳ
480 2127 924 2182 ἀποκαθίσταται.
1005 2125 1073 2182 Ei
1157 2121 1214 2178 δέ
1293 2145 1376 2186 τις
1439 2123 1839 2196 μουσικώτερον

179 2223 348 2275 ἅπτοι
376 2218 470 2272 τὸν
518 2220 624 2270 τῶν
674 2214 936 2270 τοιούτων
984 2213 1240 2289 ἀριθμὸν,
1286 2214 1386 2280 τήν
1432 2216 1530 2267 τοῦ
1570 2219 1845 2285 Δημιουρ-

176 2313 280 2384 γοῦ
344 2306 536 2384 σοφίαν
584 2303 914 2377 θαυμάσεται
984 2307 1102 2363 πῶς
1170 2303 1397 2361 ἅπαντες
1454 2301 1506 2355 οἱ
1556 2305 1663 2354 τῶν
1707 2320 1845 2372 συμ-

183 2399 409 2473 σωνιῶν
472 2393 628 2470 λόγοι
681 2393 735 2448 ἰν
781 2398 899 2454 τοῖς
943 2391 1217 2454 τοιούτοις
1259 2388 1633 2468 ὶμφαίνονται,
1678 2390 1705 2443 6
1756 2385 1848 2442 διὰ

183 2489 400 2557 πασῶν,
435 2485 463 2538 6
494 2480 583 2538 διὰ
609 2481 789 2549 πέντε,
820 2480 910 2536 καὶ
945 2478 1034 2536 διὰ
1060 2480 1356 2556 τεσσάρων.

733 2568 836 2644 ρδ⁹.
872 2570 1000 2645 Περὶ
1032 2570 1305 2642 κομήτου.

260 2667 322 2717 '0
353 2663 605 2736 κομήτης
639 2661 689 2714 ἒν
733 2663 814 2732 τῷ
863 2657 1236 2731 ὑπεκκαύματι
1273 2657 1475 2733 γίνεται
1505 2675 1518 2689 ο
1571 2654 1696 2711 ὅταν
1745 2656 1848 2732 γάρ

191 2753 402 2830 ἐξαφθῇ
433 2773 486 2807 τι
531 2752 693 2827 μέρος
724 2753 823 2805 τοῦ
873 2746 1287 2821 ὑπεκκαύματος
1338 2745 1426 2802 διὰ
1468 2747 1564 2815 τήν
1613 2744 1848 2816 κίνησιν,

191 2846 266 2905 ὡς
321 2843 641 2917 εἰρήκαμεν,
701 2838 791 2894 καὶ
841 2841 875 2907 ἡ
913 2838 1007 2911 μὶν
1059 2837 1232 2906 λεπτή
1278 2837 1527 2892 σύστασις
1579 2833 1685 2906 ε’ίη,
1728 2833 1850 2889 δια-

189 2934 380 3008 τρέχει
428 2929 585 2992 εὐθὺς
631 2929 694 2984 τὸ
752 2926 968 3005 ἐξαφθὲν
1013 2926 1152 2981 κατὰ
1217 2922 1485 2993 διάδοσιν,
1527 2925 1615 2978 καὶ
1645 2925 1848 2998 γίνεται

191 3024 219 3077 ὁ
251 3019 593 3092 καλούμενος
651 3015 882 3088 διᾴττων
933 3016 1128 3092 ἀστήρ.
1162 3015 1226 3070 Ei
1266 3012 1322 3070 δὲ
1351 3013 1633 3090 παχυτέρα
1663 3013 1853 3087 εὑρεθῇ

189 3114 224 3180 ἡ
278 3108 415 3180 ὕλη,
464 3107 750 3182 κατέχεται
801 3105 972 3161 ἐκεῖσε
1022 3106 1085 3159 τὸ
1136 3103 1352 3178 σπέρμα
1397 3107 1494 3157 τοῦ
1540 3101 1853 3178 ἐξαφθέντος

189 3199 388 3275 πυρὸς,
423 3197 511 3252 καὶ
544 3201 693 3251 ποιεῖ
735 3196 826 3250 τὸν
881 3195 1157 3266 γομήτην.
1207 3193 1328 3248 Ei’ei
1366 3190 1424 3247 δὲ
1451 3196 1558 3246 τῶν
1593 3194 1851 3263 κομητῶν

185 3291 257 3344 τά
306 3289 571 3362 σχήματα
637 3282 893 3362 διάφορα,
955 3281 1044 3337 διὰ
1090 3283 1189 3351 τὴν
1252 3279 1509 3359 διάφορον
1559 3287 1658 3348 τῆς
1715 3276 1855 3349 ὕλης

191 3376 404 3450 ἔξαψιν,
462 3377 532 3432 ’Ἡ
584 3375 684 3449 γάρ
736 3374 873 3428 κατὰ
923 3379 1098 3446 μῆκος
1160 3371 1326 3444 μόνον
1384 3369 1525 3424 ἐστὶν
1574 3371 1608 3437 ἠ
1643 3367 1846 3441 ἔξαψις,

190 3468 283 3522 xui
316 3467 522 3542 γίνεται
555 3465 582 3518 6
612 3461 952 3535 καλούμενος
1009 3459 1168 3523 δοκός
1209 3479 1224 3493 θ
1292 3458 1326 3528 ἤ
1377 3459 1512 3513 κατὰ
1557 3464 1732 3530 μῆκος
1763 3456 1854 3511 καὶ

192 3554 431 3626 πλάτος,
487 3555 574 3608 καὶ
625 3550 969 3607 ἀποτελεῖται
1021 3551 1049 3605 6
1098 3547 1299 3624 κυρίως
1355 3545 1696 3620 καλούμενος
1762 3567 1856 3601 xo-

198 3648 411 3719 μήτης,
469 3640 506 3713 ἤ
576 3641 628 3698 ἦν
674 3643 846 3717 ¹βάθει
923 3639 1038 3716 ἔχει
1118 3640 1228 3694 οἷον
1307 3635 1854 3713 ἀποσπινθηρισμούς

185 3756 372 3806 τινας,
399 3733 492 3788 καὶ
551 3729 802 3787 καλεῖται
850 3728 1160 3806 πωγωνίας.
1211 3729 1362 3783 Ἔστι
1431 3725 1489 3781 δὲ
1535 3720 1691 3802 ἔτερα
1732 3725 1854 3780 ὀνό-

192 3844 345 3898 ματα
373 3826 484 3878 τῶν
515 3824 776 3894 κομητῶν
810 3819 934 3894 περῖ
966 3817 1039 3872 ὧν
1071 3816 1297 3892 ἐροῦμεν
1329 3815 1638 3893 προϊόντες.

185 3933 283 4007 ρι’.
379 3927 514 4004 Περὶ
595 3928 774 3999 ὑετοῦ,
849 3925 949 4007 καὶ.
989 3923 1303 4007 κχαλάζης,
1363 3943 1579 4001 χιονος,
1637 3923 1858 3998 πάχνης

861 3998 953 4053 καὶ
985 3995 1202 4073 δρόσου.

267 4091 527 4164 Κομῆται
589 4089 684 4162 μὲν
740 4089 830 4142 καὶ
902 4086 1181 4164 γαλαξίας,
1248 4085 1323 4140 ἔτι
1383 4083 1440 4140 δὶ
1497 4081 1708 4146 δοκίδες
1768 4083 1858 4137 καὶ

192 4181 536 4253 διᾴττοντες,
566 4179 655 4233 καὶ
684 4177 732 4232 τ’
780 4174 927 4232 ἄλλα
972 4177 1037 4230 τά
1089 4173 1371 4250 εἰρημένα,
1404 4173 1456 4229 ἐν
1483 4178 1553 4248 τῇ
1584 4169 1858 4228 καπνώδει

189 4271 449 4348 γίνονται
505 4265 857 4340 ἀναθυμιάσει
892 4286 905 4298 ·
980 4265 1131 4326 ὑετὸς
1203 4261 1260 4318 δὲ
1337 4263 1427 4318 καὶ
1493 4264 1711 4339 χάλαζα
1767 4259 1858 4316 καὶ

185 4360 343 4438 χιὼν
374 4358 466 4413 καὶ
514 4357 699 4433 πάχνη
746 4356 836 4410 xui
883 4353 1077 4430 δρόσος
1127 4353 1179 4409 ἂν
1218 4356 1289 4427 τῇ
1320 4349 1560 4427 ἀτμώδει
1595 4352 1857 4430 ἀναφορᾷ,

191 4451 329 4519 ἥτις
365 4446 502 4521 μετᾶ
545 4447 646 4516 τήν
694 4441 957 4515 καπνώδη
1010 4441 1328 4520 διακεχυται
1387 4443 1522 4517 ὑγρὰ
1569 4443 1667 4510 τήν
1701 4439 1855 4518 φύσιν

187 4538 256 4594 ἐκ
315 4544 421 4606 τῆς
478 4541 609 4611 γῆς,
665 4535 756 4588 καὶ
813 4533 949 4603 αύτή
1011 4530 1414 4608 ἀναφερομένη.
1463 4529 1610 4600 Αὕτη
1663 4531 1763 4606 γὰρ
1821 4531 1857 4598 ὴ

187 4623 476 4699 άτμώδης
527 4622 880 4696 ἀναθυμίασις
929 4624 964 4692 ἡ
1017 4621 1154 4696 ὑγρά
1200 4621 1288 4676 καὶ
1331 4620 1529 4694 θερμὴ,
1579 4617 1614 4688 ἤ
1661 4617 1860 4673 ἄλλοι·

1953 2038 2220 2094 dimidia.
2254 2041 2417 2104 Quod
2448 2039 2498 2094 si
2529 2040 2658 2110 quis
2691 2040 2916 2096 musice
2948 2057 3226 2097 numeros
3258 2042 3432 2097 hosce
3463 2058 3603 2097 con-

1952 2128 2317 2194 sideraverit,
2349 2129 2700 2200 sapientiam
2725 2129 3051 2185 Conditoris
3084 2130 3608 2203 mirabitur,siqui-

1954 2218 2085 2272 dem
2118 2234 2323 2273 omnes
2353 2219 2611 2274 rationes
2642 2219 3012 2275 harmonicas
3043 2219 3100 2274 in
3135 2219 3251 2274 illis
3300 2220 3611 2277 observare

1955 2307 2108 2375 licet,
2143 2310 2428 2379 octavam,
2462 2307 2730 2380 quintam
2754 2313 3166 2380 quartamque.

2541 2574 2664 2628 104.
2699 2574 2771 2629 De
2799 2577 3022 2629 cometa.

2029 2666 2264 2718 Cometa
2294 2667 2609 2734 generatur
2640 2678 2708 2718 ex
2741 2662 3054 2733 fuliginosa
3083 2663 3331 2720 materia
3357 2682 3373 2734 ;
3397 2667 3616 2736 quanto

1959 2752 2116 2808 enim
2149 2769 2283 2823 pars
2316 2751 2495 2822 hujus
2528 2770 2630 2824 per
2661 2757 2912 2828 motum,
2947 2756 3010 2807 ut
3040 2752 3319 2822 diximus,
3372 2768 3616 2808 succen-

1960 2841 2139 2909 ditur,
2173 2846 2230 2896 et
2259 2841 2494 2898 tenuior
2525 2841 2625 2897 illa
2655 2858 2968 2914 compages
3001 2842 3178 2897 fuerit
3208 2847 3616 2912 accensa,sta-

1961 2932 2066 2986 tim
2101 2931 2391 3003 procurrit
2446 2930 2719 2998 ulterius,
2777 2931 2961 3001 ﬁtque
3011 2930 3180 2986 stella
3238 2931 3454 2986 cadens
3498 2931 3619 2986 sive

1963 3038 2140 3092 quam
2201 3021 2627 3076 discurrentem
2686 3019 3006 3092 appellant.
3063 3021 3119 3075 Si
3177 3036 3310 3075 vero
3368 3021 3618 3075 materia

1963 3110 2140 3165 fuerit
2169 3111 2647 3174 crassior,semen
2677 3109 2832 3181 ignis
2863 3110 3128 3165 succensi
3148 3109 3228 3163 ibi
3259 3109 3615 3179 continetur,

1963 3203 2020 3253 et
2049 3202 2337 3254 cometam
2361 3197 2562 3253 efficit.
2611 3201 2759 3252 Sunt
2791 3202 2848 3251 et
2896 3197 3072 3252 varias
3102 3198 3300 3252 formis
3358 3201 3617 3252 cometa-

1963 3304 2094 3342 rum
2129 3292 2365 3358 propter
2401 3286 2858 3341 diversimodam
2891 3285 3150 3341 materiae
3181 3285 3341 3342 illius
3370 3301 3619 3342 succen-

1966 3379 2210 3431 sionem.
2245 3376 2390 3430 Nam
2422 3376 2690 3446 quaedam
2723 3377 2782 3430 in
2816 3374 3058 3446 longum
3109 3376 3282 3430 modo
3315 3375 3399 3443 fit,
3431 3379 3490 3431 et
3517 3391 3622 3431 vo-

1967 3474 2102 3525 cant
2133 3469 2490 3535 trabem,aut
2518 3466 2577 3520 in
2609 3465 2847 3534 longum
2880 3470 2938 3519 et
2967 3465 3176 3532 latum,
3202 3467 3358 3522 unde
3388 3466 3622 3538 proprie

1966 3559 2158 3614 dictus
2188 3561 2419 3611 cometa
2475 3554 2762 3621 nascitur,
2794 3557 2898 3608 aut
2949 3554 3008 3609 in
3042 3554 3401 3624 profundum
3443 3555 3623 3610 habet

1967 3649 2252 3720 quasdam
2283 3645 2461 3701 veluti
2493 3643 3044 3710 descintillationes,
3075 3646 3132 3698 et
3173 3649 3409 3699 vocatur
3439 3660 3620 3716 pogo-

1965 3738 2095 3792 nias
2126 3735 2245 3790 sive
2275 3733 2574 3789 barbatus.
2611 3731 2760 3786 Sunt
2784 3735 2839 3786 et
2870 3731 2993 3786 alia:
3017 3735 3377 3787 cometarum
3411 3732 3620 3804 appel-

1965 3824 2236 3894 lationes,
2272 3838 2420 3894 quas
2455 3837 2724 3877 sermone
2757 3820 3102 3891 procedente
3133 3820 3420 3876 dicemus.

2056 3932 2178 3987 105.
2211 3931 2286 3986 De
2307 3929 2522 4003 pluvia,
2553 3927 2848 4000 grandine,
2879 3929 3027 3999 nive,
3056 3929 3266 4001 pruina
3296 3936 3348 3984 et
3375 3943 3522 3984 rore.

2037 4093 2282 4149 Cometes
2315 4089 2553 4162 quidem
2600 4089 2655 4144 ei
2703 4087 2960 4144 circulus
3009 4087 3256 4155 lacteus,
3304 4090 3622 4163 trabesque

1967 4185 2023 4238 et
2049 4180 2228 4238 stella;
2260 4181 2534 4236 cadentes
2585 4178 2820 4249 aliaque
2863 4179 2934 4234 de
2964 4177 3180 4248 quibus
3221 4180 3345 4250 jam
3381 4179 3521 4246 dixi,
3554 4194 3625 4234 ex

1969 4271 2304 4344 fuliginosis
2361 4268 2676 4341 vaporibus
2736 4273 3099 4325 nascuntur.
3155 4269 3358 4325 Pluvia
3424 4274 3623 4325 autem

1968 4361 2334 4433 grandoque,
2383 4365 2440 4414 et
2472 4358 2571 4413 nix
2601 4375 2667 4413 ac
2719 4358 2931 4429 pruina
2970 4363 3028 4413 et
3070 4374 3166 4413 ros
3197 4373 3265 4414 ex
3311 4359 3627 4430 vaporibus

1968 4449 2381 4506 exhalantibus
2414 4448 2478 4502 fit
2502 4452 2714 4502 natura
2743 4445 3479 4515 humidis,etfundentibus
3501 4463 3629 4504 sese

1969 4545 2103 4612 post
2134 4538 2485 4610 fuliginosos
2518 4536 2671 4602 illos,
2705 4542 2763 4591 et
2814 4552 2882 4591 ex
2913 4541 3066 4591 terra
3096 4536 3243 4608 ipsis
3290 4539 3467 4592 etiam
3498 4554 3631 4592 sur-

1970 4646 2100 4685 sum
2134 4626 2610 4683 ascendentibus.
2635 4625 2731 4680 Haa
2758 4626 2909 4680 enim
2938 4625 3340 4681 exhalationes
3363 4641 3632 4697 vapores-

189 4715 486 4771 οὖταικαὶ
551 4707 949 4786 μεταϐάλλεται
1003 4710 1080 4774 εἷς
1139 4707 1309 4785 ὕδωρ,
1356 4709 1446 4764 καὶ
1502 4707 1548 4763 εἲ
1600 4709 1692 4782 μὲν
1717 4706 1848 4780 λαμ·

1972 4734 2085 4788 que
2117 4715 2342 4771 humidi
2379 4733 2444 4771 ac
2495 4714 2666 4768 calidi
2711 4719 2814 4768 aut
2858 4715 2914 4768 in
2951 4731 3166 4784 aquam
3223 4720 3531 4769 vertuntur
3573 4725 3634 4775 et

188 4806 478 4882 πρότερον
529 4799 808 4869 κατέλθοι,
869 4800 1017 4855 ὑετὸν
1068 4805 1240 4870 ποιεῖ,
1284 4797 1334 4853 εἷ’
1391 4795 1448 4852 δὲ
1504 4797 1640 4852 κατὰ
1699 4797 1862 4872 μέρος

186 4894 438 4968 ἐνεχθῇ,
464 4888 668 4964 ψεκάδα
699 4908 712 4921 ⁶
741 4887 776 4959 ἤ
825 4891 1092 4964 πήγνυται
1157 4889 1336 4962 μόνως
1378 4889 1463 4942 καὶ
1499 4891 1648 4942 ποιεῖ
1676 4887 1860 4962 χιόνα,

189 4984 230 5054 ἦ
270 4975 685 5057 μεταϐάλλεται
733 4979 1021 5055 πρότερον,
1081 4979 1178 5042 εἷθ’
1237 4976 1409 5039 οὕτως
1463 4978 1726 5051 πήγνυται
1774 4976 1864 5030 καὶ

187 5073 416 5150 γίνεται
450 5070 688 5144 χάλαζα.
732 5067 802 5125 Ei
844 5069 940 5141 μὲν
999 5065 1090 5122 οὖν
1140 5064 1248 5121 ἅνω
1297 5069 1565 5143 κουφισθῇ
1615 5067 1648 5134 ἡ
1683 5064 1868 5137 ἀτμὶς,

190 5149 383 5218 ταῦτα
440 5162 610 5213 ποιεῖ.
670 5156 734 5214 Ei
788 5154 845 5212 δὲ
893 5156 943 5211 έν
992 5161 1072 5229 τῷ
1128 5155 1388 5232 περιγείῳ
1447 5153 1602 5225 σταίη
1659 5152 1776 5227 ἀέρι
1831 5149 1868 5222 ἤ

191 5252 513 5323 πήγνυται,
570 5244 660 5299 καὶ
704 5245 910 5320 γίνεται
962 5246 990 5299 6
1041 5243 1302 5320 παγετός.
1351 5245 1412 5301 Ὀ
1465 5241 1522 5298 δὲ
1570 5239 1874 5319 Ἀριστοτέ-

194 5337 321 5410 λης
355 5334 530 5391 αἴτιον
563 5333 769 5390 τούτων
802 5334 1179 5421 ἁπάντων.τήν
1213 5335 1366 5408 ψύξιν
1399 5331 1568 5409 λέγει.

801 5607 898 5680 ρς’.
940 5609 1076 5682 Περῖ
1111 5600 1308 5679 ἴριδος.

275 5699 354 5756 Ἥ
382 5699 497 5772 ἶρις
549 5697 610 5752 τὸ
657 5692 997 5770 καλούμενον
1048 5693 1202 5765 τόξον
1261 5689 1408 5770 παρᾶ
1456 5696 1572 5753 τοῖς
1619 5688 1878 5762 πολλοῖς,

187 5788 277 5867 τῇ
339 5785 502 5867 φύσει
564 5785 660 5860 μὶν
715 5783 1078 5842 ἀνυπόστατόν
1128 5780 1262 5856 ἐστι,
1312 5781 1400 5838 καὶ
1450 5778 1733 5864 φάντασμα
1780 5781 1880 5850 τῆς

1972 4810 2300 4875 mutantur,
2335 4821 2457 4872 quae
2490 4804 2539 4858 si
2571 4803 2940 4872 conspectior
2971 4804 3310 4869 descendat,
3336 4803 3475 4858 facit
3497 4803 3630 4874 plu-

1972 4896 2149 4960 viam,
2185 4894 2231 4948 si
2269 4892 2604 4948 minutatim
2655 4891 3022 4958 demittatur,
3074 4907 3291 4960 rorem,
3324 4897 3426 4945 aut
3455 4891 3629 4944 modo

1977 4980 2728 5049 concrescunt,faciuntque
2762 4979 2970 5045 nivem,
3005 4984 3108 5033 aut
3137 4979 3196 5033 in
3229 4993 3441 5049 aquam
3468 4979 3631 5049 prius

1981 5075 2290 5127 mutantur
2339 5086 2405 5124 ac
2455 5067 2662 5122 deinde
2716 5067 3161 5140 congelascunt,
3214 5068 3369 5122 unde
3407 5068 3632 5139 grando

1983 5161 2271 5217 nascitur.
2309 5160 2434 5213 Haec
2465 5157 2616 5212 ﬁunt
2659 5158 2893 5228 quando
2941 5156 3175 5213 levitate
3207 5155 3344 5213 elati
3391 5172 3636 5228 vapores

1985 5250 2161 5306 altius
2193 5248 2588 5304 ascenderunt
2615 5263 2628 5313 ;
2662 5247 2710 5302 si
2743 5262 2876 5301 vero
2908 5246 2967 5301 in
3013 5247 3276 5318 proximo
3308 5250 3477 5302 terra:
3507 5260 3639 5302 aere

1985 5337 2337 5407 subsistant,
2396 5337 2592 5408 ibique
2651 5334 2998 5407 congelant,
3054 5340 3372 5408 generatur
3428 5334 3642 5406 pruina

1987 5431 2272 5483 Caeterum
2303 5424 2649 5482 Aristoteles
2678 5424 2889 5481 horum
2939 5424 3205 5482 omnium
3245 5441 3487 5482 causam
3520 5427 3641 5480 sta-

1988 5515 2101 5574 tuit
2129 5532 2258 5573 esse
2284 5516 2494 5588 frigus.

2607 5604 2729 5659 106.
2762 5604 2837 5660 De
2867 5603 3028 5660 iride.

2061 5695 2170 5751 Iris
2200 5711 2375 5767 quem
2405 5693 2617 5767 vulgus
2647 5710 2848 5750 arcum
2877 5701 3066 5760 vocat,
3099 5697 3310 5750 natura
3339 5710 3457 5750 non
3499 5693 3645 5749 sub-

1991 5786 2169 5859 sistit,
2202 5785 2304 5842 sed
2335 5783 2680 5858 imaginatio
2711 5788 2800 5841 est
2832 5782 3184 5858 videntium,
3215 5784 3357 5840 dum
3388 5782 3539 5840 radii
3569 5780 3646 5840 ab
