4080 6350
519 400 632 457 751

1900 390 2321 454 MICHAELIS
2368 392 2642 456 PSELLI

3838 399 3946 457 752

524 529 708 592 oculis
741 530 799 585 in
850 528 1009 585 illam
1060 527 1327 583 incidunt
1374 543 1439 581 ac
1500 525 1712 582 deinde
1771 524 2164 596 refringuntur

2291 523 2507 598 ὁρώσης
2566 519 2762 600 ὄψεως,
2821 526 3050 582 ἀκτίνων
3111 526 3215 581 ἀπὸ
3271 529 3379 581 τῶν
3430 523 3737 603 ὀφθαλμῶν
3785 547 3947 602 apoc-

522 625 696 692 atque
728 620 803 675 ila
834 634 1005 674 arcus
1036 618 1283 687 figuram
1342 616 1623 672 referunt.
1656 614 1804 671 Vere
1855 619 2049 670 autem
2083 630 2175 669 ar-

524 727 654 765 cum
683 713 1061 780 repraesentat
1090 708 1531 778 iris,nunquam
1558 706 1715 761 enim
1739 704 2047 770 circulum,
2073 703 2175 758 sed

524 816 751 871 semper
780 796 1149 854 semicirculo
1183 798 1468 851 minorem
1490 796 1863 865 majoremve.
1888 794 1960 847 Ut
1988 792 2176 865 pluri-

525 908 687 946 mum
720 908 753 945 a
783 889 924 958 sole,
956 889 1146 943 rarius
1167 888 1345 943 etiam
1372 906 1405 942 a
1433 888 1575 942 luna
1603 890 1867 957 apparet,
1898 890 1953 940 et
1983 886 2054 940 de
2085 884 2177 939 die

522 978 907 1050 frequentius,
944 980 1135 1033 rarius
1184 982 1397 1031 noctu:
1437 976 1650 1046 smpius
1704 991 1877 1045 prope
1908 975 2175 1028 horizon-

521 1082 653 1138 tem,
689 1068 888 1124 minus
920 1067 1254 1135 frequenter
1283 1066 1438 1119 circa
1462 1063 2012 1119 meridianum.Non
2046 1078 2174 1117 raro

520 1158 700 1215 simul
720 1159 834 1212 duo
853 1155 1297 1225 conspiciuntur
1316 1154 1725 1223 irides,cstque
1750 1151 2000 1225 singulis
2018 1150 2178 1205 color

520 1246 752 1319 triplex.
806 1243 1051 1299 Interior
1096 1259 1242 1297 zona
1290 1241 1605 1312 puniceum
1655 1240 1846 1311 habet,
1880 1240 2063 1295 altera
2094 1238 2173 1293 vi-

520 1338 729 1404 ridem,
765 1332 935 1390 tertia
966 1332 1211 1386 colorem
1266 1346 1535 1385 croceum
1588 1348 1653 1385 ac
1708 1329 1883 1385 veluti
1918 1329 2175 1401 subpur-

521 1440 791 1498 pureum,
824 1424 1171 1492 constatque
1203 1419 1306 1476 iris
1340 1418 1732 1490 inaequalibus
1760 1423 1815 1475 et
1872 1417 2176 1475 dissimili-

521 1517 632 1570 bus
666 1512 945 1577 nubibus.

1090 1797 1210 1851 107.
1246 1797 1317 1850 De
1357 1795 1574 1850 halone.

590 1891 779 1947 Etiam
813 1888 968 1960 quod
1002 1888 1062 1941 in
1094 1884 1404 1941 sublunari
1453 1883 1691 1954 regione
1722 1884 1963 1953 apparet
2006 1878 2185 1955 veluti
2213 1901 2261 1966 B

520 1984 849 2050 halonium,
883 1984 1108 2036 tantum
1141 1979 1222 2031 ita
1266 1976 1515 2041 videtur,
1562 1989 1749 2042 neque
1781 1973 2174 2027 substantiam

518 2073 693 2127 habet
728 2069 1045 2141 propriam,
1079 2069 1350 2119 caeterum
1384 2064 1571 2117 multa
1600 2060 1685 2114 illi
1708 2066 1848 2115 sunt
1876 2060 2042 2115 iridis
2072 2078 2173 2115 na-

517 2168 660 2215 tura:
703 2156 1013 2213 contraria.
1068 2152 1447 2222 Frequentius
1503 2149 1657 2204 enim
1718 2149 2080 2220 conspicitur
2111 2153 2175 2204 ut

516 2248 771 2303 circulus
826 2246 1137 2316 perfectus,
1171 2241 1325 2295 haud
1376 2238 1459 2293 ita
1507 2256 1659 2309 sape
1700 2238 1893 2293 minor
1933 2238 2169 2305 circulo,

516 2337 900 2405 crebriusque
933 2334 1088 2387 circa
1132 2330 1336 2385 lunam
1370 2344 1547 2399 quam
1591 2328 1745 2383 circa
1777 2327 1981 2394 solem,
2013 2334 2071 2383 et
2101 2330 2173 2383 de

515 2427 609 2482 die
632 2426 828 2480 minus
856 2423 1192 2492 frequenter
1213 2435 1389 2491 quam
1415 2420 1486 2473 de
1509 2421 1695 2484 nocte,
1726 2416 2171 2488 saepissimeque

515 2518 669 2573 circa
703 2514 1118 2576 meridianum,
1152 2514 1210 2564 at
1242 2525 1420 2581 prope
1472 2507 1836 2562 horizontem
1869 2513 2167 2562 rarenter:

514 2611 572 2661 et
602 2607 775 2661 unica
806 2619 1038 2673 semper
1095 2600 1393 2671 uniusque
1445 2596 1678 2664 coloris,
1711 2596 1989 2651 nimirum
2022 2595 2168 2651 albi-

514 2696 725 2763 cantis,
761 2712 825 2750 ac
853 2690 1121 2748 consistit
1142 2706 1209 2744 ex
1232 2688 1488 2743 nubibus
1507 2686 1833 2758 aequalibus
1854 2694 1907 2741 et
1947 2686 2168 2742 simila-

515 2786 699 2841 ribus.
723 2784 923 2839 Oritur
949 2786 1005 2837 et
1033 2779 1162 2835 balo
1185 2795 1253 2833 ex
1278 2777 1514 2832 visionis
1537 2776 1900 2831 retractione.
1930 2775 2170 2846 Oportet

516 2891 648 2932 vero
680 2874 737 2929 id
770 2871 925 2944 quod
957 2870 1149 2925 visum
1182 2866 1451 2937 refringit
1497 2880 1624 2920 esse
1656 2864 1793 2919 leve
1825 2880 1889 2918 ac
1921 2864 2168 2934 pelluci-

513 2966 675 3029 dum,
708 2969 775 3018 ut
825 2961 905 3016 ibi
964 2957 1190 3029 species
1239 2954 1489 3011 visibilis
1548 2959 1847 3025 appareat.
1881 2952 2164 3008 Cazterum

513 3052 746 3109 halonis
778 3063 1013 3121 quoque
1046 3045 1303 3102 circulus
1338 3049 1393 3098 et
1424 3042 1591 3097 iridis
1624 3043 1810 3111 ﬁgura
1840 3041 2165 3096 rationibus

511 3143 995 3199 demonstrantur
1042 3133 1435 3210 geometricis,
1468 3148 1617 3203 quas
1665 3147 1815 3203 aegre
1846 3132 2166 3186 admittunt

510 3232 680 3305 regiae
713 3246 907 3287 aures.

1101 3404 1230 3458 408.
1273 3406 1350 3457 De
1376 3401 1568 3470 virgis.

586 3503 724 3567 Quae
754 3499 809 3553 in
840 3512 973 3553 aere
1008 3495 1294 3565 apparent
1321 3495 1604 3560 tanquam
1634 3486 2028 3559 virgae,neque
2051 3484 2168 3543 luci

512 3592 773 3646 adversa:
805 3585 1140 3642 consistunt
1163 3583 1349 3635 instar
1376 3578 1764 3647 iridis,neque
1789 3577 2169 3646 perpendicu-

511 3680 711 3735 luriler
741 3683 971 3732 exstant
992 3674 1103 3729 sub
1135 3671 1254 3737 illa,
1291 3674 1353 3723 ut
1386 3667 1540 3733 halo,
1565 3671 1914 3737 tantumque
1934 3667 2168 3738 conspi-

512 3772 751 3825 ciuntur
780 3768 851 3821 de
884 3765 997 3830 die,
1032 3768 1088 3817 et
1119 3761 1271 3815 circa
1301 3758 1484 3813 solem
1519 3757 1712 3821 modo,
1746 3760 1803 3809 et
1832 3757 1987 3811 circa
2016 3756 2168 3811 hori.

512 3862 741 3913 zontem
777 3855 1027 3909 maxime
1059 3846 1504 3910 occidentalem,
1531 3846 1720 3898 rarius
1751 3842 1925 3898 etiam
1960 3846 2017 3898 in
2054 3863 2168 3899 me-

508 3947 759 4011 ridiano,
792 3945 1060 4013 ﬁuntque
1092 3958 1158 3993 ex
1191 3936 1584 4007 inaequalibus
1615 3941 1672 3989 et
1703 3934 2167 3991 dissimilaribus

508 4037 767 4092 nubibus
802 4032 1041 4104 perinde
1077 4034 1139 4083 ut
1172 4026 1292 4081 iris.
1332 4024 1557 4079 Habent
1588 4028 1644 4077 et
1681 4022 1818 4090 ipsa:
1871 4022 2161 4092 triplicem

504 4120 977 4193 colorem,multa
1006 4118 1162 4174 enim
1189 4116 1371 4187 virgis
1404 4119 1460 4168 et
1484 4112 1615 4167 iridi
1642 4112 1981 4166 communia
2002 4119 2161 4184 sunt,

502 4219 740 4285 excepta
774 4213 1113 4281 ﬁgura,quze
1155 4204 1291 4258 iridi
1342 4207 1431 4257 est
1472 4200 1850 4272 imperfectus
1881 4200 2159 4269 circulus,

502 4320 637 4360 cum
673 4303 843 4373 virgea
867 4299 986 4354 sint
1008 4296 1066 4350 in
1092 4298 1310 4349 rectam
1345 4291 1560 4346 lineam
1584 4306 1686 4344 con
1700 4290 2163 4347 forrnataniunt

502 4410 634 4449 vero
669 4407 771 4464 per
818 4386 1253 4448 retractionem,
1286 4382 1511 4435 visione
1538 4395 1608 4435 ex
1654 4396 1771 4433 una
1814 4379 1967 4433 nube
2001 4378 2158 4434 dela-

500 4484 671 4538 bente
702 4479 761 4534 in
794 4476 1063 4542 alteram,
1096 4478 1272 4543 atque
1303 4470 1439 4525 inde
1472 4469 1717 4523 refracta
1748 4468 1818 4522 ad
1852 4466 2025 4523 aliam
2050 4486 2156 4524 nu-

496 4572 627 4627 bem
685 4567 1116 4624 candicantem.
1177 4559 1416 4624 Quando
1464 4557 1661 4627 itaque
1698 4556 2042 4613 Aristoteles
2087 4559 2155 4614 de

2284 619 2623 685 πιπτουσῶν,
2677 619 2792 671 εἶτα
2847 612 2911 685 δὴ
2969 616 3395 689 ἀνακλωμένων,
3436 617 3524 671 καὶ
3559 618 3623 671 τὸ
3658 621 3764 670 τοῦ
3797 618 3947 687 τόξου

2287 710 2483 777 σχῆμα
2514 704 2913 782 ἐμιραινουσῶν·
2951 708 3103 761 ’Ἐστι
3157 703 3214 760 δὲ
3266 706 3341 768 ὡς
3393 704 3616 776 ἀληθῶς
3645 705 3810 777 τόξον
3869 706 3947 761 ἓν·

2282 812 2469 869 τικρυς
2520 795 2653 849 κατὰ
2733 796 2796 850 τὸ
2875 802 3087 870 σχῆμα,
3176 792 3443 851 οὐδεποτε
3525 797 3634 870 γὰρ
3706 796 3946 874 ’κραίνεται

2284 880 2628 957 κυκλοτερὲς,
2664 882 2791 938 ἀλλ’
2898 880 3121 938 ἔλαττον
3234 883 3398 939 πλέον
3426 886 3775 955 ἡμικύκλου.
3814 887 3947 941 Φαέ-

2284 993 2430 1025 νεται
2492 971 2549 1027 δὲ
2604 974 2678 1036 ὡς
2735 972 2821 1027 ἐπὶ
2866 974 2927 1027 τὸ
2976 972 3232 1028 πλεῖστον
3295 974 3388 1045 μὶν
3455 973 3562 1027 ἀπὸ
3608 978 3709 1028 τοῦ
3756 974 3945 1044 ἡλὲου,

2286 1062 2525 1122 σπανίως
2557 1059 2614 1116 δὲ
2661 1063 2765 1117 ἀπὸ
2813 1066 2913 1128 τῆς
2964 1061 3220 1134 σελήνης,
3278 1062 3365 1117 καὶ
3402 1062 3642 1135 μάλιστα
3679 1064 3777 1136 μὶν
3814 1066 3945 1137 ipsi-

2286 1169 2403 1224 ρας,
2464 1153 2705 1214 σπανίως
2766 1149 2822 1205 δὶ
2877 1152 3090 1224 νυκτὸς,
3122 1152 3212 1207 καὶ
3261 1150 3515 1207 πλεῖστον
3570 1154 3670 1226 μὲν
3719 1153 3817 1207 ἰπὶ
3864 1154 3947 1208 τὸν

2288 1238 2560 1313 ὁρίζοντα,
2613 1240 2853 1303 σπανίως
2903 1238 2961 1296 δὲ
3008 1242 3131 1315 περὶ
3176 1241 3268 1295 τὸν
3305 1236 3685 1317 μεσημϐρινὸν
3719 1242 3947 1299 κύκλον.

2287 1327 2570 1391 Πολλάκις
2603 1327 2660 1384 δὲ
2689 1328 2740 1384 ἐν
2772 1335 2953 1403 ταυτῷ
2998 1330 3086 1385 καὶ
3126 1327 3221 1385 δύο
3255 1330 3533 1408 φαίνονται
3563 1328 3763 1407 ἴριδες.
3799 1334 3948 1390 Ἐστι

2288 1413 2344 1471 δὲ
2398 1423 2541 1472 πᾶσα
2598 1419 2707 1494 ἶρις
2756 1418 3038 1495 τρίχροος.
3114 1421 3178 1476 Ἡ
3257 1420 3349 1494 μὶν
3420 1420 3523 1496 γὰρ
3578 1419 3738 1483 ἐντὸς
3790 1422 3951 1490 αὐτῆς

2288 1506 2431 1575 ζώνη
2467 1510 2689 1583 φοινική
2726 1516 2738 1540 ‘
2769 1510 2803 1577 ἡ
2856 1506 2912 1562 δὲ
2970 1505 3190 1581 δευτίρα
3236 1507 3519 1583 πράσινος,
3578 1511 3614 1579 ἡ
3684 1507 3742 1564 δὲ
3788 1512 3944 1582 τρίτη

2286 1595 2578 1673 ἀλουργὸς,
2611 1598 2699 1651 καὶ
2756 1600 2870 1653 οἷον
2926 1596 3336 1674 ὑποπόρφυρος.
3389 1599 3718 1655 Συνίσταται
3773 1598 3834 1655 δὲ
3863 1600 3949 1655 ἐπὶ

2286 1685 2603 1760 ἀνωμάλοις
2633 1686 2723 1743 καὶ
2758 1687 3179 1763 ἀνομοιομερὲσι
3208 1688 3408 1765 νίφεσι.

2836 1800 2932 1868 ρζ.
2967 1796 3098 1869 Περὶ
3127 1802 3227 1865 τῆς
3258 1793 3397 1853 ἅλω.

2363 1884 2461 1937 Καὶ
2492 1884 2554 1937 τὸ
2584 1882 2687 1938 ὑπὸ
2728 1886 2826 1953 τὴν
2879 1886 3116 1955 σελήνην
3147 1882 3204 1940 δὶ
3253 1886 3575 1962 φαινόμενον
3629 1888 3751 1941 οἷον
3782 1887 3937 1943 ἀλώ-

2289 1993 2428 2044 νιον,
2480 1974 2597 2027 κατ’
2652 1968 2879 2047 ἔμφασίν
2941 1973 3105 2043 ἐστιν,
3139 1972 3265 2028 ἀλλ’
3323 1976 3385 2029 οὐ
3442 1976 3562 2038 καθ’
3623 1976 3948 2042 ὑπόστασιν,

2284 2063 2348 2116 τὰ
2407 2062 2616 2116 ἰναντία
2670 2060 2726 2116 δὲ
2780 2058 2897 2137 ἔχει
2947 2070 3048 2131 τῆς
3128 2060 3325 2138 ἴριδος.
3386 2063 3508 2120 Ἐπὶ
3561 2066 3658 2137 μὲν
3719 2067 3826 2140 γὰρ
3884 2068 3947 2121 τὸ

2283 2150 2539 2205 πλεῖστον
2590 2149 2794 2213 κύκλος
2863 2150 3104 2229 φαίνεται
3160 2154 3393 2221 τίΛειος,
3453 2155 3829 2229 σπανιώτερον
3891 2153 3950 2210 δὲ

2282 2237 2518 2294 ἐλάττων
2560 2239 2784 2296 κύκλου.
2831 2241 2929 2295 Καὶ
2973 2243 3096 2315 περὶ
3151 2241 3245 2314 μὶν
3276 2244 3375 2309 τὴν
3410 2240 3647 2312 σελήνην
3681 2243 3951 2316 μάλιστα,

2280 2322 2505 2383 ἔλαττον
2539 2326 2709 2384 δὲκαὶ
2759 2329 2882 2403 περὶ
2926 2330 3017 2385 τὸν
3069 2329 3229 2399 ’ἥλιον
3286 2331 3555 2405 φαίνεται,
3600 2334 3695 2385 καὶ
3747 2334 3951 2395 νυκτὸς

2286 2418 2378 2491 μὲν
2432 2417 2623 2486 πλέον,
2671 2414 2895 2474 ἔλαττον
2966 2416 3023 2474 δὲ
3066 2419 3297 2493 ἡμέρας.
3354 2422 3456 2477 Καὶ
3516 2421 3639 2494 περὶ
3704 2422 3811 2494 μὲν
3854 2424 3947 2477 τὸν

2284 2502 2658 2581 μεσημϐρινὸν
2686 2506 2888 2563 κύκλον
2922 2508 2995 2570 ὡς
3030 2506 3115 2563 ἐπὶ
3164 2509 3228 2564 τὸ
3276 2515 3558 2577 πλεῖσσον,
3591 2512 3845 2573 σπανίως
3889 2510 3947 2566 δὲ

2279 2596 2402 2671 περὶ
2431 2596 2521 2651 τὸν
2574 2596 2846 2671 ὁρίζοντα.
2890 2597 2993 2655 Καὶ
3047 2597 3144 2669 μία
3184 2598 3263 2652 ἀεὶ
3310 2598 3401 2653 καὶ
3436 2619 3773 2673 μονοχροος,
3809 2598 3946 2670 ἤτοι

2280 2681 2470 2755 λευκὴ,
2524 2686 2612 2740 καὶ
2659 2688 2966 2741 συνίσταται
3021 2685 3106 2741 ἰπὶ
3159 2686 3393 2759 ὁμαλοῖς
3432 2690 3519 2742 καὶ
3574 2690 3945 2765 ὁμοιομερές-ι

2277 2775 2476 2852 νέφεσι,
2536 2773 2745 2830 Γίνεται
2805 2774 2863 2830 δὶ
2936 2776 3025 2831 καὶ
3102 2773 3236 2846 αὕτη
3314 2775 3365 2847 ἐξ
3425 2776 3775 2841 ἀνακλάσεως
3836 2787 3943 2848 τῆς

2277 2859 2475 2936 ὄψεως.
2519 2870 2611 2917 Δεῖ
2666 2861 2723 2918 δὲ
2771 2865 2833 2919 τὸ
2888 2859 3135 2935 ἔνοπτον,
3194 2866 3281 2940 ἀφ’
3335 2866 3396 2919 οὗ
3446 2864 3766 2935 ἀνακλᾶται,
3802 2869 3944 2924 εἶναι

2274 2953 2363 3007 καὶ
2419 2952 2567 3007 λεῖον
2624 2954 2712 3008 καὶ
2763 2952 3031 3031 δισφανές,
3085 2953 3179 3009 ’ίνα
3256 2953 3427 3010 ἐκεῖσε
3484 2954 3820 3034 ἱμφαίνηται
3880 2960 3945 3013 τὸ

2276 3040 2503 3097 ε’ίδωλον
2561 3047 2658 3097 τοῦ
2707 3043 2922 3118 ὁρατοῦ.
2979 3046 3129 3098 Ἔστι
3177 3041 3233 3098 δὲ
3286 3046 3320 3113 ἠ
3372 3040 3642 3115 ἀπόδειξις
3690 3046 3785 3100 καὶ
3838 3055 3939 3101 τοῦ

2271 3138 2371 3199 τῆς
2405 3129 2522 3187 ἅλω
2554 3130 2779 3202 κύκλου,
2826 3132 2914 3187 καὶ
2963 3137 3063 3188 τοῦ
3110 3140 3210 3203 τῆς
3253 3130 3437 3209 (ἔριδος
3476 3136 3768 3208 σχήματος
3799 3158 3937 3209 γεω-

2276 3222 2527 3295 μετρική,
2587 3222 2677 3276 καὶ
2739 3219 2827 3276 διὰ
2878 3226 3040 3277 τοῦτο
3098 3222 3188 3277 καὶ
3247 3220 3602 3298 δυσπόριστος
3664 3223 3938 3301 βασιλικῇ

2277 3311 2441 3383 ἀκοῇ.

2843 3402 2949 3476 pr".
2977 3401 3107 3475 Ηιρί
3140 3396 3378 3477 ῥάϐδων.

2344 3490 2409 3545 Ai
2472 3488 2791 3562 φαινόμεναι
2848 3492 2962 3545 οἷον
3014 3485 3208 3566 ῥάϐδοι
3257 3491 3393 3546 κατᾶ
3445 3491 3534 3546 τὸν
3598 3491 3748 3565 ἀέρα,
3806 3492 3943 3550 οὔτε

2275 3577 2597 3652 κατάντικρυ
2629 3579 2967 3633 συνίστανται
3016 3583 3110 3634 τοῦ
3161 3578 3443 3655 λαμπροῦ,
3488 3580 3667 3655 ὥσπερ
3697 3583 3730 3648 ἡ
3787 3580 3936 3656 ἶρις,

2277 3665 2397 3720 οὔτε
2453 3668 2590 3721 κατὰ
2638 3669 2880 3737 κάθετον,
2943 3666 3125 3744 ὥσπερ
3181 3671 3215 3739 ἡ
3276 3666 3443 3731 ἄλως.
3505 3668 3811 3725 Φαίνονταῑ
3876 3668 3939 3726 3"-

2274 3757 2485 3831 ἡμέρας
2520 3755 2707 3829 μόνον,
2766 3758 2852 3811 καὶ
2903 3757 3028 3829 περὶ
3082 3758 3172 3811 τὸν
3223 3754 3386 3826 ἥλιον
3448 3758 3633 3830 μόνον,
3666 3758 3759 3812 καὶ
3808 3760 3938 3834 περὶ

2272 3846 2363 3899 τὸν
2397 3845 2647 3919 ὁρίζοντα
2702 3844 2936 3919 μάλιστα
2985 3848 3077 3901 τὸν
3125 3845 3368 3917 δυτικὸν,
3410 3842 3629 3902 ἔλαττον
3662 3844 3719 3902 δέ.
3748 3850 3848 3903 καὶ
3884 3850 3937 3903 ὲν

2270 3939 2349 4006 τῷ
2382 3930 2760 4011 μεσημϐρινῷ,
2819 3935 2908 3989 καὶ
2958 3934 3046 3989 ὶπῖ
3098 3934 3431 4009 ἀνωμάλων,
3472 3936 3561 3989 καὶ
3594 3936 3935 4010 ἀνομοιομε-

2274 4028 2378 4099 ρῶν
2435 4028 2605 4101 νεφῶν
2663 4024 2841 4098 ὥσπερ
2899 4024 2986 4078 καὶ
3039 4027 3072 4092 ἡ
3136 4028 3262 4099 ἶρις.
3329 4025 3451 4081 Eia?
3507 4022 3563 4079 δὲ
3602 4024 3872 4100 τρίχροοι
3912 4046 3928 4059 δ

2272 4114 2461 4180 πολλὴ
2491 4114 2591 4188 γὰρ
2625 4114 2939 4188 συγγὲννεια
2968 4120 3088 4177 ταῖς
3127 4109 3349 4189 ῥάϐδοις
3386 4117 3475 4168 καὶ
3503 4118 3572 4187 τῇ
3605 4111 3734 4189 ἴριδι
3775 4114 3932 4183 πλὴν

2268 4205 2364 4256 τοῦ
2414 4205 2726 4278 σχήματος,
2753 4202 2833 4257 δτι
2867 4205 2901 4272 ἡ
2949 4203 3041 4274 μὲν
3093 4208 3201 4277 ἶρις
3243 4204 3687 4277 ἀπο-τετμημένος
3713 4204 3933 4266 κύκλος

2274 4290 2288 4306 η
2364 4293 2375 4309 .
2640 4293 2654 4309 κ
2730 4291 2778 4309 ν,
2831 4288 2853 4307 η
3048 4292 3059 4310 .
3156 4291 3166 4309 ι
3493 4292 3501 4309 ι
3766 4294 3807 4311 ,ν

2271 4311 2435 4359 εστιν,
2496 4294 2549 4346 αἱ
2610 4289 2666 4346 δε
2720 4286 3041 4369 ραϐοοικαο
3118 4293 3412 4367 ευθυωρίαν
3443 4313 3707 4347 τετανται.
3740 4298 3935 4348 Ιινον-

2266 4402 2355 4436 ται
2414 4379 2469 4436 δὲ
2526 4382 2679 4437 αὗται
2734 4382 2871 4437 κατὰ
2935 4379 3226 4437 ἀνάκλασιν
3303 4381 3760 4458 προσπιπτούσης
3823 4391 3932 4453 τῆς

2267 4471 2465 4546 ὅψεως,
2520 4474 2624 4528 ἀπὸ
2685 4472 2875 4551 νέφους
2931 4470 3007 4537 εἷς
3062 4475 3249 4551 νέφος,
3307 4474 3553 4537 κάκεῖθεν
3588 4470 3931 4547 ἀνακλωμεο

2264 4584 2363 4631 νης
2391 4564 2525 4635 πρὸς
2569 4559 2750 4636 ἕτερον
2801 4562 2957 4639 νέφος
3006 4561 3223 4620 λευκόν.
3269 4564 3430 4620 Ὅταν
3486 4560 3543 4617 δὲ
3599 4561 3734 4638 λέγῃ
3769 4567 3933 4635 Ἀρι-

493 4663 674 4733 virgis
706 4660 975 4730 loquens,
1010 4654 1091 4708 ait
1122 4650 1359 4719 refringi
1393 4648 1679 4703 visionem
1712 4647 1767 4702 in
1819 4647 1963 4712 sole,
1997 4649 2157 4705 noris

2278 4650 2530 4721 ςτοτέλης
2560 4652 2684 4726 περὶ
2724 4656 2830 4706 τῶν
2884 4646 3121 4727 ῥάϐδων,
3154 4653 3236 4707 ὅτι
3269 4650 3350 4707 ἄπ’
3382 4649 3558 4707 αὐτῶν
3616 4650 3930 4707 ἀνακλᾶται

493 4752 901 4808 candicantem
930 4745 1146 4800 nubem
1188 4742 1301 4796 isto
1332 4739 1391 4793 in
1444 4738 1568 4792 loco
1602 4737 1838 4793 nomine
1888 4736 2030 4793 solis
2062 4738 2151 4794 in-

495 4840 701 4913 telligi.

1048 4939 1168 4995 109.
1211 4939 1284 4993 De
1310 4935 1606 5007 parheliis.

566 5037 753 5095 Multa
784 5038 925 5090 sunt
957 5028 1234 5105 parheliis
1269 5025 1608 5081 communia
1640 5040 1774 5078 cum
1806 5023 2147 5095 virgis,nam

488 5134 546 5185 et
576 5129 635 5185 bi
671 5145 772 5200 per
815 5129 1217 5180 transversum
1280 5135 1312 5171 a
1346 5116 1473 5171 luce
1523 5113 1817 5178 oriuntur,
1851 5118 1907 5167 et
1955 5114 2026 5169 de
2057 5115 2150 5171 die

486 5216 883 5281 solummodo,
918 5228 1021 5268 nec
1056 5209 1166 5265 nisi
1203 5207 1356 5262 circa
1386 5204 1590 5271 solem,
1626 5206 1683 5255 et
1715 5203 1965 5257 maxime
1998 5204 2149 5259 circa

485 5305 911 5365 occidentalem
960 5299 1329 5357 horizontem
1387 5294 1475 5350 vel
1517 5291 1931 5348 meridianum.
1966 5292 2146 5349 Caete-

484 5414 613 5452 rum
639 5396 808 5467 virgze
834 5396 889 5449 in
916 5391 1177 5448 nubibus
1194 5384 1584 5457 inaequalibus
1603 5398 1667 5436 ac
1685 5380 2145 5439 dissimilaribus

483 5490 837 5557 generantur
870 5482 1110 5555 perinde
1143 5484 1207 5533 ut
1240 5477 1439 5543 irides,
1474 5471 1721 5546 parbelii
1752 5477 1944 5527 autem
1978 5471 2146 5528 halo-

483 5574 576 5630 nis
624 5578 683 5628 in
746 5574 990 5628 modum
1044 5570 1098 5623 in
1153 5565 1482 5638 aequalibus
1531 5580 1595 5618 ac
1640 5560 2025 5617 eimilaribus.
2066 5564 2144 5617 Ac

482 5665 656 5735 virgas
688 5662 925 5733 quidem
958 5658 1174 5730 triplici
1207 5655 1397 5711 colore
1441 5657 1582 5708 sunt
1634 5655 1697 5705 ut
1726 5649 1881 5706 halo.
1916 5650 1996 5707 De
2024 5650 2143 5707 illis

479 5766 614 5810 vero
649 5750 952 5811 sciendum
1003 5746 1279 5822 est,quod
1311 5749 1452 5801 tunc
1501 5740 1772 5800 refractio
1805 5756 1835 5798 a
1890 5740 2047 5798 nube

2259 4744 2294 4811 ἡ
2352 4739 2475 4814 ὄψις
2502 4741 2637 4815 πρὸς
2662 4741 2754 4795 τὸν
2786 4737 2969 4811 ἥλιον,
3001 4745 3172 4815 γνῶθι
3204 4740 3285 4796 ὅτι
3317 4739 3481 4811 ἥλιον
3510 4744 3601 4796 νῦν
3634 4742 3694 4796 τὸ
3719 4740 3925 4797 λευκὸν

2258 4828 2418 4907 νέφος
2449 4827 2719 4885 ἐκάλεσεν.

2789 4938 2884 5011 ρΘ’.
2921 4935 3049 5010 Περὶ
3080 4934 3393 5009 παρηλίων.

2331 5025 2555 5095 Πολλὴν
2613 5030 2895 5081 κοινωνίαν
2957 5022 3176 5101 ἔχουσιν
3238 5026 3287 5080 oi
3342 5024 3609 5099 παρήλιοι
3638 5024 3778 5100 πρὸς
3818 5028 3927 5092 τὰς

2258 5110 2491 5193 ῥάϐδους
2524 5135 2535 5148 ’
2586 5115 2675 5170 καὶ
2722 5116 2821 5191 γὰρ
2864 5116 2955 5172 καὶ
3007 5115 3155 5171 οὗτοι
3207 5114 3266 5171 ὲκ
3314 5114 3565 5190 πλαγίων
3609 5119 3706 5170 τοῦ
3758 5116 3923 5188 λαμ-

2255 5209 2395 5279 προῦ
2436 5204 2698 5279 γίνονται,
2750 5206 2837 5259 καὶ
2902 5205 3113 5280 ἡμέρας
3185 5205 3377 5278 μόνον,
3424 5205 3550 5279 περὶ
3605 5204 3695 5259 τὸν
3743 5203 3921 5272 ἥλιον

2259 5295 2445 5367 μόνον,
2479 5294 2568 5348 καὶ
2606 5294 2841 5367 μάλιστα
2888 5295 3013 5370 περὶ
3061 5295 3152 5370 τὸν
3204 5295 3454 5369 ὁριζοντα
3493 5294 3582 5347 τὸν
3618 5290 3848 5365 ὃυτιμὸν
3876 5294 3921 5363 ἥ

2252 5364 2343 5438 τὸν
2377 5364 2748 5456 μεσημϐρινὸν
2774 5402 2786 5416 ’
2834 5364 2983 5452 πλὴν
3016 5364 3198 5457 αἶ’μὶν
3238 5364 3444 5459 ⁷ῥάϐδοι
3476 5382 3559 5437 ἐπὶ
3595 5364 3914 5454 ἀνωμάλων

2253 5473 2488 5548 γίνονται
2536 5478 2732 5544 νεφῶν,
2794 5473 2884 5527 καὶ
2938 5474 3376 5546 ἀνομοιομερῶν,
3435 5472 3681 5547 ὥσπερὴ
3737 5473 3853 5546 ἶρις
3888 5493 3906 5506 ·

2255 5563 2305 5617 οἱ
2365 5559 2420 5616 δὲ
2476 5560 2739 5634 παρήλιοι
2800 5560 2888 5616 ἐπὶ
2947 5561 3175 5635 ὁμαλῶν
3232 5562 3322 5617 καὶ
3369 5560 3745 5635 ὁμοιομερῶν,
3798 5562 3913 5616 ὥσ-

2253 5671 2354 5728 περ
2406 5654 2439 5721 ἡ
2489 5648 2656 5712 ἄλως.
2710 5650 2814 5707 Καὶ
2892 5652 2946 5705 αἱ
3027 5653 3122 5725 μὲν
3195 5646 3385 5729 ῥάϐδοι
3450 5650 3706 5727 τρίχροοι
3762 5650 3910 5707 κατὰ

2249 5742 2317 5801 τὰ
2369 5748 2469 5815 τῆς
2513 5737 2695 5823 ’ίριδος
2775 5742 3071 5820 χρώματα,
3145 5743 3198 5801 οἱ
3280 5738 3369 5799 δὶ’
3406 5739 3676 5821 παρήλιοι
3731 5737 3911 5820 μονό-
