4080 6350
176 398 305 460 153

1362 401 1464 463 DE
1508 399 1956 465 OMNIFARIA
2000 400 2420 463 DOCTRINA.

3480 384 3600 463 754'

178 550 370 607 χροοι,
422 530 513 586 καὶ
570 527 761 586 λευκοὶ
790 530 929 585 κατά
955 526 1019 586 τὸ
1049 534 1259 607 χρῶμα
1285 536 1386 603 τῆς
1416 529 1553 590 ἅλω.
1587 531 1719 609 Περῖ
1774 530 1833 590 δὶ

1950 534 2019 591 ad
2046 533 2252 606 solem,
2293 547 2429 590 cum
2453 534 2640 591 nubes
2671 531 2910 590 densior
2937 534 3029 589 est
3067 534 3125 590 et
3154 530 3401 590 solidior
3419 548 3599 606 quam

171 617 293 675 τῶδ
323 618 612 696 παρηλίων
677 618 851 675 ἐκεῖνο
911 620 1026 697 χρὴ
1087 618 1307 690 εἷδέναι,
1365 619 1449 677 ὅτι
1478 624 1513 693 ὴ
1546 621 1842 689 ἀνάκλασις

172 708 290 765 ἀπὸ
344 713 441 764 τοῦ
496 707 692 787 νέφους
742 707 944 786 γίνεται
978 710 1115 786 πρὸς
1144 711 1236 766 τὸν
1262 708 1449 783 ⁴ίςλιον,
1500 717 1597 768 τοῦ
1643 711 1839 792 νέφους

168 796 509 873 πυκνοτέρου
563 794 722 862 ὄντος
768 799 863 854 καὶ
904 800 1247 876 στερεμνίου,
1301 799 1448 877 παρὰ
1497 802 1560 857 τὸ
1612 800 1666 858 ἰν
1713 807 1834 865 ταῖς

170 882 423 964 ῥάϐδοις,
468 887 822 962 καὶὺμαλοῦ.
877 888 976 945 Διά
1002 890 1105 967 γὰρ
1134 893 1295 946 τοῦτο
1326 891 1416 947 καὶ
1465 890 1660 955 λευκὸς
1708 890 1831 971 φαί-

1948 624 2009 681 ln
2039 623 2243 697 virgis,
2272 622 2552 696 laevisque
2581 627 2639 679 et
2663 622 2926 696 aequalis,
2947 622 3328 697 quamobrem
3364 630 3417 679 et
3447 623 3601 681 albi-

1946 717 2116 771 cante
2136 713 2330 771 colore
2355 712 2659 787 parhelius
2679 711 3229 787 apparet,quoniam
3261 712 3332 770 ab
3355 712 3602 772 laevitate

1945 803 2048 861 illa
2079 821 2234 860 unus
2266 803 2545 875 idemque
2587 802 2745 859 color
2805 806 3096 873 servatur,
3127 806 3184 860 et
3241 818 3275 859 a
3305 803 3599 861 densitate

1942 893 2133 966 magis
2164 892 2515 965 faciliusque
2546 891 2707 949 visus
2739 891 3097 964 refringitur.

168 998 324 1033 νεται
356 979 385 1033 6
410 975 709 1054 παρήλιος,
741 975 931 1048 ἐπειδή
968 980 1074 1034 ἀπὸ
1102 984 1204 1034 τοῦ
1236 979 1452 1055 ὁμαλοῦ
1477 976 1534 1036 ἓν
1564 981 1654 1036 καὶ
1684 986 1845 1037 τοῦτο
1898 985 2104 1057 χρῶμα
2127 978 2471 1051 διασώζεται,
2503 980 2593 1036 καὶ
2625 981 2731 1035 ἀπὸ
2760 983 2858 1036 τοῦ
2888 983 3095 1035 πυκνοῦ
3126 977 3327 1056 ῥᾳδίως
3378 977 3592 1054 μᾶλλον

169 1067 265 1123 καὶ
301 1067 585 1141 συντόμως
618 1066 914 1125 ἀνακλᾶται
947 1070 984 1139 ἡ
1019 1064 1166 1144 ὄψις,

748 1174 840 1247 ρι’.
873 1172 1005 1251 Περὶ
1036 1172 1272 1248 ἀνίμων.

239 1280 306 1337 Ὁ
362 1279 560 1354 ἄνεμος
617 1278 719 1336 οὑκ
768 1278 909 1337 ἔστιν
970 1280 1077 1357 ἀὴρ
1135 1279 1478 1355 κινούμενος,
1535 1282 1835 1345 ὡςἸππο-

166 1368 386 1445 κράτησ
442 1369 472 1424 6
530 1372 686 1433 Κῶος
725 1368 908 1445 ἰατρὸς
970 1367 1161 1443 οἴεται,
1220 1369 1348 1427 ἀλλ’
1377 1369 1438 1426 ἐκ
1483 1378 1582 1441 τῆς
1611 1371 1832 1426 καπνώ-

169 1456 304 1520 δους
357 1455 501 1513 ἐστὶν
580 1457 1009 1532 ἀναθυμιάσεως.
1083 1459 1148 1517 Ἡ
1208 1459 1304 1533 μὶν
1365 1461 1470 1536 γὰρ
1520 1463 1619 1515 τοῦ
1676 1460 1832 1536 ἀὲρος

167 1546 386 1618 κίνησις
441 1545 669 1610 ἑκλυτος
739 1548 972 1624 ὑπάρχει
1030 1547 1119 1603 καὶ
1177 1547 1420 1625 χαλαρὰ,
1454 1551 1489 1619 ἡ
1525 1546 1583 1604 δὶ
1610 1553 1708 1605 τοῦ
1741 1549 1831 1605 ἀν-

168 1635 355 1710 έμου,
413 1637 705 1711 τυραννική
762 1638 854 1692 καὶ
915 1636 1198 1713 βιαιοτάτη
1236 1680 1251 1707 ,
1329 1638 1406 1701 ὡς
1464 1635 1726 1709 δηλοῦσιν
1780 1639 1832 1694 οἳ

169 1724 414 1799 σεισμοὶ,
444 1727 497 1781 οἱ
526 1730 802 1790 κινοῦντες
840 1727 942 1796 τὴν
986 1729 1109 1803 γῆν,
1143 1724 1300 1782 οὐδὲν
1332 1727 1435 1804 γάρ
1474 1724 1655 1803 ἕτερόν
1689 1726 1829 1783 ἔστιν

168 1815 197 1870 6
227 1814 485 1889 σεισμὸς,
545 1814 592 1870 εί
644 1816 722 1888 μὴ
781 1815 1033 1891 ὑπόγειος
1088 1813 1309 1890 ἄνεμος.
1338 1816 1621 1893 Τεσσάρων
1655 1813 1713 1871 δὶ
1743 1810 1832 1871 ὅν-

164 1925 302 1973 των,
363 1906 437 1967 ὡς
497 1905 780 1979 συντόμως
834 1904 1027 1977 εἰπεῖν,
1080 1904 1390 1970 καθολικῶν
1446 1907 1680 1979 ἀνεμων,
1733 1907 1833 1960 ἀπ·
1865 1932 1914 1999 Β

168 1992 433 2064 ηλιώτης
509 1994 604 2069 μὲν
680 1994 771 2049 καὶ
846 1994 1073 2072 ζέφυρος
1133 1994 1234 2049 οὐκ
1292 1995 1395 2050 εἰσὶ
1453 1992 1834 2072 σφοδρότατοι,

179 2082 387 2160 βοῤῥᾶς
444 2081 503 2139 δὲ
551 2083 643 2139 καὶ
695 2083 853 2146 νότος
902 2084 1377 2161 τυραννικώτερον
1431 2081 1569 2139 διότι
1625 2083 1678 2140 ἐν
1742 2083 1838 2159 μὶν

171 2177 255 2244 τῷ
317 2173 523 2249 βορείῳ
579 2173 670 2228 καὶ
722 2172 891 2246 νοτίῳ
939 2172 1123 2246 πόλῳ,
1181 2170 1326 2238 ἔνθεν
1387 2173 1416 2228 6
1462 2173 1664 2251 βορῥᾶς
1692 2173 1840 2229 καὶὸ

172 2260 339 2324 νότος
400 2268 543 2335 πνεῖ,
606 2263 682 2336 μὴ
742 2261 1087 2338 γινόμενοςὸ
1144 2261 1309 2331 ἥλιος
1373 2261 1435 2317 οὐ
1470 2261 1842 2339 θερμαίνειτά

175 2349 352 2406 ἰκεῖσε
401 2350 605 2427 χωρία,
671 2348 819 2406 ἀλλά
881 2350 1029 2424 μένει
1059 2353 1263 2428 ψυχρά·
1298 2352 1489 2427 ψυχρὰ
1518 2348 1575 2407 δὲ
1606 2348 1730 2407 ὄντα
1758 2351 1840 2407 ἀεὶ

175 2438 381 2514 ἔνικμά
438 2438 597 2509 εἰσιν,
657 2439 797 2495 ὥστε
853 2435 1078 2516 ὄμϐρων
1135 2439 1363 2496 πολλῶν
1405 2442 1712 2517 γενομένων
1754 2439 1842 2496 διὰ

172 2529 278 2600 τήν
334 2529 516 2604 ψύξιν.
575 2530 730 2600 Εἶτα,
778 2536 880 2600 τῆς
951 2536 1054 2607 γῆς
1133 2524 1437 2606 διαϐρόχου
1519 2530 1841 2607 γενομένης,

173 2616 368 2687 πολλὴ
440 2615 737 2691 καπνώδης
811 2618 1168 2692 ἀναθυμίασις
1247 2616 1552 2687 ἐκδίδοται,
1609 2620 1698 2675 καὶ
1753 2617 1844 2675 διὰ

171 2711 362 2781 τοῦτο,
422 2704 652 2787 σφοδροὶ
705 2706 900 2782 ἄνεμοι
927 2708 1216 2784 ζγίνονται,
1271 2708 1299 2764 6
1343 2706 1543 2787 βοῤῥᾶς
1575 2708 1663 2764 καὶ
1696 2710 1724 2764 6
1752 2709 1843 2764 νό-

174 2817 296 2859 τος.
358 2797 446 2854 Ἐν
507 2794 566 2852 δὲ
620 2802 736 2860 τοῖς
805 2797 1150 2859 ἀνατολιγοῖς
1189 2796 1279 2852 καὶ
1339 2794 1577 2860 δυτικοῖς
1607 2797 1842 2874 χωρίοις

179 2885 508 2959 κινούμενος
562 2886 590 2940 ὁ
648 2883 816 2955 ἥλιος
863 2884 961 2941 οὐκ
992 2884 1053 2958 ἐᾷ
1095 2885 1248 2961 ψύξιν
1305 2884 1549 2963 γίνεσθαι
1598 2887 1843 2959 πολλὴν,

179 2968 331 3038 ἔνθεν
396 2971 453 3030 δὲ
509 2972 634 3030 οὔτε
686 2972 863 3039 πολὺς
921 2974 1074 3037 ὑετὸς
1129 2973 1351 3051 γίνεται,
1401 2973 1524 3032 οὔτε
1567 2978 1602 3047 ἡ
1647 2974 1840 3049 πολλὴ

183 3059 485 3134 καπνώδης
535 3063 910 3137 ἀναθυμίασις,
970 3062 1061 3119 ἅτε
1116 3070 1218 3134 τῆς
1252 3070 1355 3140 γῆς
1413 3067 1489 3138 μὴ
1550 3061 1844 3142 διαϐρεχο-

187 3154 384 3226 μὲν-ης,
438 3152 528 3208 καὶ
579 3152 641 3209 οὗ
696 3154 936 3228 γίνονται
997 3150 1087 3209 διὰ
1144 3158 1308 3209 τοῦτο
1369 3156 1559 3229 ἄνεμοι
1617 3154 1845 3233 σφοδροὶ

183 3241 452 3306 ἰντεῦθεν.
498 3239 653 3312 Πλὴν
705 3241 759 3298 ἰν
822 3242 917 3315 μὲν
976 3246 1091 3305 τοῖς
1158 3241 1362 3308 νοτίοις
1403 3244 1585 3319 μέρεσι
1643 3243 1840 3299 πλεῖον

180 3331 282 3405 μὲν
342 3331 485 3387 ἐστιν
543 3333 579 3403 ἠ
631 3338 727 3407 γῆ,
785 3322 885 3386 οῦκ
939 3326 1160 3406 ἔνικμος
1213 3329 1296 3402 δὲ,
1354 3332 1405 3388 ἐν
1458 3339 1576 3399 τοῖς
1609 3334 1842 3409 βορείοις

177 3420 347 3499 ὀλίγη
413 3422 535 3497 μὲν,
592 3420 720 3478 ἀλλ’
768 3415 1011 3495 ἕνικμος.
1058 3421 1157 3476 Διά
1184 3421 1285 3498 γὰρ
1323 3422 1422 3492 τὴν
1451 3421 1607 3497 ψύξιν
1638 3418 1839 3501 δμϐροι

172 3508 438 3588 γίνονται,
489 3511 578 3567 καὶ
609 3508 699 3566 διὰ
744 3511 809 3567 τὸ
859 3503 1083 3585 ἔνικμον
1135 3517 1234 3582 τῆς
1261 3519 1364 3586 γῆς
1394 3508 1584 3582 πολλή
1632 3512 1841 3589 γίνεται

171 3602 211 3671 ἡ
267 3597 565 3673 καπνώδης
622 3598 994 3675 ἀναθυμίασις,
1051 3597 1179 3656 ἀλλ’
1242 3599 1304 3656 οὐ
1366 3598 1456 3656 διὰ
1510 3601 1571 3656 τὸ
1628 3601 1841 3672 πλῆθος

172 3689 376 3762 αὐτῆς.
437 3691 622 3747 Ἔνθεν
680 3711 767 3745 τοι
819 3688 907 3745 καὶ
964 3691 1018 3745 oi.
1076 3687 1302 3769 σφοδροῖ
1352 3688 1541 3766 ἄνεμοι
1601 3690 1705 3747 ἀπὸ
1735 3696 1842 3747 τῶν

169 3778 374 3837 νοτίων
438 3778 542 3834 εἶσὶ
594 3778 685 3835 καὶ
749 3783 855 3836 τῶν
916 3780 1177 3857 ἀρκτῴων
1239 3784 1442 3855 μερῶν,
1491 3780 1566 3845 ὡς
1617 3778 1676 3836 ἂν
1732 3780 1841 3837 ἐκεῖ

168 3868 482 3946 γινομένης
553 3866 777 3939 πολλῆς
851 3866 1173 3932 καπνώδους
1259 3868 1694 3943 ἀναθυμιάσεως.
1752 3872 1839 3927 Ἐν

168 3959 285 4036 γὰρ
342 3961 415 4032 τῇ
474 3955 716 4032 ἀνατολῇ
774 3958 862 4013 καὶ
924 3955 1068 4013 δύσει
1102 3957 1165 4012 οὐ
1194 3957 1435 4035 γίνονται
1466 3956 1717 4035 σφοδροὶ,
1749 3960 1841 4015 ἅτε

165 4053 276 4107 τοῦ
332 4046 501 4117 ἡλίου
558 4044 969 4110 ἰκδαπανῶντος
1025 4048 1127 4116 τήν
1160 4048 1333 4102 ἐκεῖσε
1386 4048 1683 4124 γενομένην
1715 4048 1839 4104 ἀνα-

168 4136 464 4211 θυμίασιν,
520 4136 612 4190 καὶ
661 4137 762 4191 οὐκ
807 4135 1002 4197 ἐῶντος
1057 4136 1380 4206 ὑποστῆναι.
1429 4135 1731 4193 Καλοῦνται
1782 4136 1841 4193 δὶ

169 4228 227 4282 οἱ
286 4227 384 4288 μὲν
419 4226 526 4280 ἀπὸ
556 4231 659 4295 τῆς
685 4223 885 4300 ἄρκτου
921 4223 1130 4301 βορέαι,
1163 4226 1216 4280 ol
1247 4222 1305 4281 δὲ
1330 4226 1436 4281 ἀπὸ
1471 4222 1838 4303 μεσημϐρίας,

168 4314 356 4373 νότοι.
403 4313 559 4372 Δῖτία
592 4311 650 4369 δὲ
680 4313 793 4369 ἐστι
821 4320 921 4384 τῆς
968 4312 1136 4385 λοξῆς
1164 4318 1264 4369 τοῦ
1318 4314 1519 4388 ἀνέμου
1550 4317 1837 4390 κινήσεως,

165 4405 205 4474 ἧ
239 4407 346 4459 τοῦ
378 4404 582 4465 παντὸς
621 4400 984 4480 κυκλοφορίκ,
1015 4404 1118 4474 τὴν
1167 4400 1429 4475 καπνώδη
1482 4404 1837 4480 ἀναθυμίασιν

164 4493 423 4557 κάτωθεν
478 4491 734 4548 ἀνιοῦσαν
775 4491 1062 4565 πλανῶσα,
1111 4493 1200 4547 καὶ
1243 4489 1376 4567 τῇδε
1420 4492 1635 4549 κάκεῖσε
1685 4516 1841 4568 μετα·

166 4585 443 4665 φέρουσα.
496 4584 744 4639 Γίνονται
780 4580 837 4638 δὲ
887 4584 938 4638 οἱ
974 4581 1180 4660 βόρειοι
1229 4582 1438 4655 ἒτησίαι
1470 4580 1659 4657 ἄνεμοι
1706 4585 1838 4659 μετά

2532 1176 2653 1232 110.
2687 1177 2764 1232 De
2800 1177 2999 1232 ventis.

2012 1282 2235 1339 Ventus
2266 1300 2383 1338 non
2414 1286 2506 1338 est
2526 1283 2785 1355 agitatus
2814 1285 3005 1351 aer,ut
3033 1281 3412 1355 Hippocrates
3445 1281 3596 1338 Cous

1943 1372 2205 1429 medicus
2272 1371 2387 1428 sibi
2442 1371 2762 1444 persuasit,
2820 1373 2925 1429 sed
2991 1387 3061 1428 ex
3136 1388 3350 1442 vapore
3424 1375 3598 1442 atque

1940 1460 2310 1518 exhalatione
2367 1466 2532 1517 terra
2594 1460 2802 1517 oritur.
2871 1460 3037 1517 Aeris
3116 1460 3335 1533 quippe
3401 1464 3599 1515 motus

1940 1551 2261 1625 languidus
2282 1556 2371 1607 est
2393 1568 2458 1607 ac
2490 1551 2799 1620 remissus,
2824 1551 2981 1608 venti
3003 1551 3349 1624 tyrannicus
3383 1565 3450 1607 ac
3500 1566 3596 1606 ve-

1942 1639 2455 1711 hementissimus,
2490 1648 2555 1697 ut
2594 1636 3002 1698 demonstrant
3048 1643 3436 1709 terraemotus,
3498 1639 3601 1711 qui

1942 1728 2089 1786 nihil
2119 1729 2278 1786 aliud
2312 1736 2452 1786 sunt
2482 1747 2659 1802 quam
2682 1730 3052 1786 subterranei
3080 1729 3408 1786 venti.Gum
3439 1745 3598 1796 vero,

1942 1823 2009 1875 ut
2027 1818 2281 1875 breviter
2304 1819 2519 1885 dicam,
2545 1826 2800 1892 quatuor
2821 1821 2942 1876 sint
2972 1819 3128 1875 venti
3170 1817 3443 1875 catholici
3475 1818 3597 1874 sive

1944 1907 2367 1977 cardinales,ex
2388 1908 2484 1964 his
2503 1907 2859 1965 subsolanus
2890 1925 2956 1965 ac
2984 1908 3272 1981 zephyrus
3303 1924 3419 1963 non
3450 1906 3594 1963 adeo

1945 1996 2173 2052 incitati
2195 2002 2353 2069 sunt,
2377 1998 2479 2054 sed
2511 1997 2919 2054 violentissimi
2946 1998 3155 2055 boreas
3177 2002 3352 2069 atque
3374 2001 3590 2053 auster.

1947 2087 2234 2154 Quoniam
2289 2086 2569 2142 nimirum
2597 2088 2664 2142 ad
2715 2086 3235 2158 septentrionalem
3283 2088 3458 2157 atque
3489 2101 3591 2140 au-

1949 2175 2188 2231 stralem
2217 2175 2416 2247 polum
2462 2176 2560 2231 ubi
2602 2177 2810 2231 boreas
2858 2182 2915 2232 et
2961 2181 3160 2231 auster
3209 2175 3457 2247 spirant,
3507 2172 3595 2230 sol

1947 2263 2180 2336 longius
2212 2265 2424 2319 absens
2444 2262 2546 2319 illa
2574 2280 2689 2320 non
2721 2263 3008 2335 calefacit,
3030 2264 3113 2320 ita
3143 2268 3209 2319 ut
3231 2262 3442 2335 frigida
3471 2279 3597 2319 ma-

1948 2358 2165 2410 neant:
2201 2353 2529 2426 frigidaque
2552 2371 2686 2411 cum
2713 2355 2854 2425 sint,
2887 2369 3121 2425 semper
3168 2357 3308 2409 sunt
3336 2352 3604 2421 humida,

1949 2441 2242 2499 imbribus
2264 2442 2539 2515 plurimis
2568 2448 2808 2516 propter
2836 2442 3213 2515 frigiditatem
3260 2440 3341 2498 ibi
3390 2443 3602 2498 caden-

1948 2531 2130 2587 tibus.
2164 2531 2309 2587 Hinc
2342 2530 2622 2603 deinceps
2652 2534 2807 2587 terra
2838 2529 3173 2588 humectata
3200 2529 3417 2587 multos
3439 2531 3605 2588 emit-

1948 2619 2019 2676 tit
2049 2637 2290 2693 vapores
2322 2618 2862 2693 exhalationesque,
2896 2620 3052 2676 unde
3083 2621 3241 2677 venti
3287 2621 3602 2677 vehemen-

1946 2713 2035 2767 tes
2066 2715 2389 2767 nascuntur
2437 2710 2647 2767 boreas
2696 2713 2875 2783 atque
2937 2714 3157 2767 auster.
3219 2711 3290 2767 At
3340 2711 3500 2767 enim
3542 2712 3601 2766 in

1951 2799 2337 2857 orientalibus
2370 2806 2545 2874 atque
2583 2799 3046 2857 occidentalibus
3072 2800 3343 2874 partibus
3365 2817 3605 2857 versans

1951 2888 2041 2945 sol
2066 2906 2180 2944 non
2202 2889 2425 2963 patitur
2445 2889 2703 2946 multum
2732 2890 2919 2963 frigus
2943 2890 3089 2962 ﬁeri,
3112 2891 3266 2947 unde
3289 2906 3396 2947 nec
3420 2890 3603 2947 multa

1952 2978 2169 3052 pluvia,
2202 2996 2308 3036 nec
2367 2978 2535 3036 multi
2570 2996 2815 3052 vapores
2863 2984 3037 3051 atque
3085 2979 3486 3038 exhalatio'nes
3533 2998 3603 3037 ex

1950 3072 2109 3125 terra
2136 3068 2349 3142 quippe
2382 3086 2494 3126 non
2529 3070 2672 3127 adeo
2704 3069 3065 3139 humectata,
3118 3069 3256 3127 hinc
3306 3087 3411 3127 nec
3441 3070 3599 3127 venti

1950 3159 2087 3215 inde
2135 3157 2453 3231 impetuosi
2501 3159 2749 3233 spirant.
2798 3163 3081 3216 Caeterum
3124 3160 3185 3215 in
3237 3159 3601 3217 australibus

1956 3246 2223 3321 partibus
2246 3247 2377 3321 plus
2408 3248 2646 3320 quidem
2678 3252 2843 3304 terris
2866 3249 3079 3319 est,sed
3108 3249 3304 3306 minus
3335 3249 3604 3321 humida,

1955 3340 2017 3393 at
2045 3335 2104 3391 in
2138 3336 2696 3407 septentrionalibus
2737 3354 2852 3394 non
2885 3339 3029 3394 adeo
3079 3337 3268 3395 multa
3294 3342 3384 3395 est
3430 3343 3606 3410 terra,

1950 3426 2050 3482 sed
2113 3427 2433 3482 admodum
2508 3426 2771 3483 humida.
2821 3431 2972 3483 Sane
3030 3445 3064 3483 a
3129 3428 3345 3499 frigore
3392 3428 3609 3484 imbres

1949 3516 2241 3584 oriuntur,
2275 3520 2333 3570 et
2365 3532 2398 3571 a
2428 3519 2594 3570 terris
2626 3515 2976 3572 humiditate
3026 3534 3140 3572 non
3182 3518 3253 3573 ab
3304 3518 3610 3590 magnitu-

1950 3605 2084 3661 dine
2123 3604 2295 3660 multi
2350 3621 2593 3678 vapores
2644 3605 2959 3678 multaeque
3008 3605 3428 3663 exhalationes.
3458 3606 3604 3662 Hinc

1950 3697 2129 3751 etiam
2152 3695 2533 3750 vehementes
2562 3696 2715 3749 venti
2739 3712 2810 3752 ex
2864 3694 3222 3751 australibus
3246 3699 3301 3752 et
3352 3695 3607 3751 boreali-

1948 3784 2061 3841 bus
2104 3783 2351 3840 veniunt
2384 3783 2674 3856 partibus,
2722 3783 2875 3856 quod
2928 3784 3010 3839 ibi
3058 3783 3228 3839 multi
3257 3800 3505 3856 vapores
3535 3800 3603 3838 ex

1947 3876 2105 3929 terra
2134 3871 2429 3929 exhalant.
2462 3874 2526 3928 In
2586 3872 2806 3929 oriente
2828 3876 3018 3928 autem
3048 3876 3105 3928 et
3135 3872 3435 3929 occidente
3485 3889 3600 3929 non

1949 3965 2089 4018 sunt
2108 3961 2263 4017 venti
2286 3964 2408 4017 tam
2435 3962 2717 4033 immites,
2744 3961 2865 4019 sole
2891 3961 3174 4020 nimirum
3205 3978 3450 4035 vapores
3483 3961 3596 4018 ibi-

1949 4052 2082 4108 dem
2115 4051 2468 4123 prodeuntes
2500 4056 2885 4109 consumente
2923 4068 3030 4108 nec
3051 4051 3428 4124 permittente
3457 4051 3596 4107 sub-

1948 4140 2175 4198 sistere.
2212 4145 2383 4197 Porro
2414 4146 2616 4198 ventos
2658 4143 2733 4198 ab
2762 4141 3163 4215 septentrione
3192 4140 3401 4197 ﬂantes
3430 4158 3602 4198 voea-

1949 4247 2084 4287 mus
2116 4230 2344 4302 boreas,
2380 4231 2453 4287 ab
2488 4231 2730 4289 meridie
2763 4236 2933 4289 notos
2983 4232 3104 4289 sive
3132 4234 3384 4289 austros.
3418 4235 3606 4288 Causa

1948 4319 2171 4393 obliqui
2192 4324 2511 4377 ventorum‘
2545 4324 2740 4378 motus
2800 4326 2892 4379 est
2949 4322 3385 4379 circumrotatio
3445 4320 3606 4378 orbis

1948 4413 2263 4481 terrarum,
2304 4427 2430 4482 quae
2453 4428 2697 4483 vapores
2728 4413 3006 4469 deorsum
3035 4412 3343 4468 tendentes
3372 4411 3609 4467 divertit

1948 4504 2007 4555 et
2027 4499 2142 4554 huc
2172 4499 2507 4572 atqueilluc
2564 4502 2865 4557 transfert.
2927 4502 3133 4557 Etesiis
3165 4500 3317 4557 venti
3357 4500 3607 4572 Septen-

1946 4588 2227 4645 trionales
2260 4589 2486 4660 spirant
2508 4596 2634 4661 post
2680 4590 2887 4662 viginti
2921 4589 3046 4645 dies
3079 4590 3150 4645 ab
3182 4589 3381 4645 aestivo
3412 4588 3606 4645 solsti-

164 4673 399 4750 ἡμέρας
452 4671 625 4726 εἳκοσι
682 4674 781 4742 τῆς
836 4672 1050 4748 θερινῆς
1103 4678 1339 4745 τροπῆς,
1397 4674 1531 4746 μετά
1582 4676 1682 4745 τὴν
1738 4673 1836 4730 τοῦ

1950 4678 2048 4743 tio,
2073 4682 2387 4749 ortumque
2419 4678 2867 4745 caniculae,tuno
2891 4678 3184 4749 siquidem
3218 4676 3430 4734 solutis
3462 4678 3607 4733 nivi-

164 4763 488 4839 κυνάστρου
545 4758 830 4832 ἐπιτολήν.
880 4764 1190 4831 Τηνικαῦτα
1217 4761 1319 4837 γὰρ
1347 4768 1447 4832 τῆς
1480 4764 1666 4838 χιόνος
1716 4763 1842 4820 λυο-

168 4852 381 4927 μένης,
439 4848 682 4925 γίνοιται
739 4849 897 4926 αῦραι
954 4848 1163 4925 ψυχραὶ
1222 4848 1452 4924 βόρειοι,
1485 4848 1682 4914 α’ίτινες
1714 4851 1838 4924 ἐτη-

164 4942 287 4997 σίαι
344 4938 621 5015 λέγονται.
675 4937 799 4996 Εῗσὶ
853 4935 912 4994 δὲ
958 4939 1135 4994 νότιοι
1193 4936 1400 5009 ἐτησίαι
1460 4939 1537 5003 ὡς
1585 4941 1691 4996 ἀπὸ
1747 4947 1843 4997 τοῦ

161 5031 319 5109 πρὸς
373 5030 437 5084 τὸ
494 5035 596 5085 πᾶν
653 5028 834 5084 νότου.
869 5025 995 5083 ἀλλ’
1025 5030 1164 5102 ἡμῖν
1194 5027 1597 5101 ἀνεπαίσθητοι.
1630 5030 1752 5088 Είσὶ
1790 5030 1846 5088 δὲ

159 5120 265 5178 καὶ
328 5118 438 5174 ἀπὸ
488 5121 585 5174 τοῦ
630 5118 749 5173 καθ’
790 5119 941 5191 ἡμᾶς
991 5118 1149 5172 νότου
1196 5114 1405 5188 ἐτήσιοι
1438 5115 1649 5191 ἄνεμοι,
1682 5121 1844 5176 Οὗτοι

162 5209 231 5267 δί
272 5209 418 5283 μετά
436 5201 821 5281 ἑϐδομήκοντα
866 5205 1078 5280 ἠμᾶρας
1104 5212 1207 5276 τῆς
1257 5214 1583 5282 χειμερινῆς
1634 5216 1847 5284 τροπῆς

164 5299 451 5379 ἄρχονται
505 5303 683 5366 πνεῖν,
735 5300 836 5352 τοῦ
866 5293 1031 5368 ἡλίου
1062 5291 1218 5358 ὄντος
1249 5294 1300 5352 ἐν
1329 5296 1560 5372 Ἰχθύσι.
1609 5298 1707 5354 Καὶ
1737 5298 1844 5354 ἀπὸ

169 5387 757 5465 μὶντῆςὶσημερινῆς
807 5384 1032 5456 δύσεως,
1083 5391 1207 5441 πνεῖ
1237 5387 1264 5441 6
1307 5387 1558 5466 ζέφυρος,
1616 5389 1721 5445 ἀπὸ
1788 5385 1847 5444 δὲ

161 5488 283 5551 τῆς
314 5474 654 5547 ἀνατολικῆς
683 5475 978 5554 ἰσημερίας
1005 5481 1129 5532 πνεῖ
1154 5475 1504 5547 ἀπηλιώτης.
1556 5479 1660 5535 Καὶ
1692 5479 1845 5543 αὗθις

166 5570 290 5627 ἀπὸ
321 5571 423 5624 τοῦ
472 5568 731 5644 ἀρκτικοῦ
783 5568 879 5640 μὶν
912 5563 1090 5622 πόλου
1136 5570 1261 5621 πνεῖ
1308 5566 1336 5619 ὀ
1384 5565 1703 5643 ἀπαρκτίας,
1735 5568 1843 5624 ἀπὸ

168 5659 236 5717 δδ
294 5661 402 5713 τοῦ
443 5656 606 5713 νότου
664 5660 790 5712 πνεῖ
845 5656 874 5711 6
921 5656 1102 5718 νότος.
1155 5656 1251 5710 Καὶ
1286 5654 1448 5711 πάλιν
1482 5655 1588 5712 ἀπὸ
1622 5656 1715 5729 μὲν
1746 5664 1847 5728 τῆς

167 5753 413 5828 θερινῆς
454 5744 729 5819 ἀνατολῆς
761 5751 886 5821 πνεῖ
933 5747 962 5803 6
1008 5744 1265 5815 καικίας,,
1296 5744 1404 5802 ἀπὸ
1460 5742 1519 5802 δὲ
1567 5752 1671 5818 τῆς
1723 5766 1844 5822 χει-

1950 4767 2062 4821 bus
2085 4783 2238 4821 auris
2269 4766 2492 4837 frigida:
2524 4765 2667 4821 ﬂant
2689 4766 2973 4831 boreales,
2998 4782 3146 4837 quas
3176 4766 3388 4822 etesias
3411 4764 3604 4839 appel-

1947 4854 2091 4911 lant.
2123 4855 2358 4925 Spirant
2386 4859 2446 4910 et
2474 4855 2761 4911 australes
2809 4855 3003 4910 etesiae
3043 4854 3115 4910 ab
3146 4854 3388 4910 australi
3438 4862 3602 4927 parte

1951 4943 2109 5000 orbis
2130 4948 2445 5009 terrarum,
2504 4944 2603 4999 sed
2638 4960 2737 4999 eas
2782 4961 2889 4999 nos
2920 4943 3215 5016 percipere
3243 4958 3360 4998 non
3387 4958 3603 5014 possu—

1954 5048 2107 5088 mus.
2168 5032 2421 5088 Veniunt
2468 5037 2665 5088 tamen
2724 5037 2779 5088 et
2824 5047 2893 5087 ex
2943 5036 3104 5104 parte
3155 5031 3401 5087 australi
3432 5031 3603 5087 nobis

1952 5121 2221 5193 propiore
2252 5121 2444 5177 etesiae
2474 5121 2759 5188 venti,sed
2794 5138 2921 5193 quis
2947 5126 3075 5194 post
3099 5120 3606 5193 septuagesimum

1953 5211 2107 5267 diem
2123 5229 2154 5266 ιι
2169 5212 2379 5267 bruma
2395 5211 2514 5268 sive
2528 5211 2773 5267 hiberno
2792 5211 3044 5267 solstitio
3060 5209 3609 5284 incipiuntspirare,

1954 5301 2191 5372 quando
2222 5300 2308 5357 sol
2333 5304 2423 5356 est
2473 5300 2533 5356 in
2564 5301 2853 5357 Piscibus.
2887 5301 2972 5356 Ab
3020 5299 3318 5356 occidente
3348 5299 3611 5372 aequino-

1955 5389 2112 5446 ctiali
2136 5390 2238 5445 flat
2267 5390 2657 5465 zephyrus,ab
2679 5391 2901 5447 oriente
2932 5388 3318 5464 aequinoctiali
3342 5389 3612 5446 subsola-

1955 5495 2113 5535 nus:
2157 5483 2333 5552 atque
2391 5498 2422 5537 a
2479 5481 2978 5553 septentrionibus
3028 5479 3148 5536 sive
3203 5479 3418 5535 arotico
3475 5478 3608 5552 polo

1956 5573 2270 5642 aparctias,
2304 5588 2337 5626 a
2368 5571 2610 5627 meridie
2641 5576 2859 5627 auster.
2912 5573 2997 5625 Ab
3055 5569 3278 5625 oriente
3309 5567 3605 5625 solstitiali

1954 5658 2155 5716 mstivo
2180 5660 2437 5730 caaciam,
2483 5678 2516 5717 a
2553 5661 2808 5717 brumali
2862 5675 3073 5715 occasu
3130 5657 3249 5713 liba
3297 5661 3522 5714 vocant.
3556 5659 3599 5712 A

1955 5746 2208 5806 brumali
2238 5748 2459 5807 oriente
2507 5750 2694 5824 spirat
2740 5765 2918 5807 eurus
2966 5747 3087 5806 sive
3133 5745 3468 5820 vulturnus,
3526 5746 3597 5802 ab
