4080 6350
515 415 629 472 751

1897 403 2319 467 MICHAELIS
2366 405 2639 468 PSELLI

3820 408 3937 467 ’152

520 544 705 607 oculis
738 544 796 599 in
847 543 1006 599 illam
1057 541 1325 596 incidunt
1372 556 1437 595 ac
1497 538 1709 595 deinde
1770 536 2163 608 refringuntur

2288 535 2504 611 ὁρώσης
2563 531 2759 612 ὅψεως,
2819 538 3048 593 ἀκτίνων
3109 538 3213 593 ἀπὸ
3270 541 3378 593 τῶν
3429 534 3728 615 ὀφθαλμῶν
3770 557 3937 612 προσ-

518 640 693 706 atque
724 635 800 689 ita
831 649 1003 688 arcus
1032 632 1281 701 figuram
1340 630 1620 685 referunt.
1653 628 1801 684 Vere
1853 632 2047 682 autem
2081 643 2172 681 ar-

520 741 651 780 cum
680 726 1058 795 repraasentat
1089 721 1528 792 iris,nunquam
1555 718 1713 774 enim
1736 716 2044 783 circulum,
2071 716 2174 771 sed

521 831 748 885 semper
778 810 1147 868 semicirculo
1180 812 1465 864 minorem
1487 810 1861 879 majoremve.
1886 806 1958 860 Ut
1986 804 2174 877 pluri-

522 922 685 960 mum
718 921 751 959 a
780 903 923 972 sole,
954 903 1144 956 rarius
1165 902 1342 956 etiam
1370 918 1402 955 a
1432 901 1572 954 luna
1601 903 1864 970 apparet,
1895 903 1951 953 et
1980 899 2052 952 de
2083 896 2175 951 die

519 992 905 1064 frequentius,
942 994 1133 1046 rarius
1182 996 1395 1045 noctu:
1435 988 1648 1059 saepius
1701 1004 1876 1058 prope
1904 987 2172 1041 horizon-

518 1096 651 1152 tem,
687 1082 886 1137 minus
918 1081 1251 1149 frequenter
1281 1079 1435 1133 circa
1459 1076 2010 1131 meridianum.Non
2044 1090 2172 1129 raro

518 1172 697 1230 simul
718 1172 831 1226 duo
851 1169 1295 1238 conspiciuntur
1313 1167 1723 1236 irides,estque
1748 1163 1998 1238 singulis
2016 1163 2176 1218 color

518 1261 750 1333 triplex.
804 1257 1048 1313 Interior
1095 1272 1240 1311 zona
1289 1254 1603 1325 puniceum
1653 1253 1844 1323 habet,
1878 1252 2061 1308 altera
2092 1250 2172 1305 vi-

519 1352 727 1418 ridem,
763 1346 933 1404 tertia
963 1345 1209 1400 colorem
1264 1359 1533 1399 croceum
1587 1360 1652 1397 ac
1706 1341 1881 1397 veluti
1916 1341 2172 1413 subpur-

519 1453 788 1512 pureum,
821 1438 1170 1505 constatque
1202 1432 1304 1489 iris
1338 1431 1731 1503 inaequalibus
1758 1435 1814 1488 et
1870 1428 2174 1487 dissimili-

519 1531 630 1584 bus
664 1526 943 1593 nubibus.

1088 1811 1209 1865 107.
1244 1810 1316 1863 De
1356 1808 1573 1863 halone.

590 1905 778 1961 Etiam
812 1902 967 1973 quod
1001 1902 1060 1955 in
1092 1897 1403 1955 sublunari
1452 1895 1689 1966 regione
1720 1897 1962 1965 apparet
2004 1890 2183 1967 veluti
2212 1913 2259 1978 B

518 1998 849 2064 halonium,
882 1997 1107 2050 tantum
1139 1992 1221 2045 ita
1265 1990 1513 2053 videtur,
1561 2002 1747 2054 neque
1779 1985 2173 2040 substantiam

517 2087 693 2141 habet
728 2083 1044 2155 propriam,
1078 2083 1349 2131 caeterum
1382 2076 1569 2130 multa
1599 2073 1683 2127 illi
1706 2078 1846 2127 sunt
1874 2071 2040 2127 iridis
2071 2090 2172 2127 na-

515 2182 659 2229 turae
702 2170 1012 2227 contraria.
1066 2166 1445 2235 Frequentius
1501 2162 1655 2217 enim
1717 2161 2079 2233 conspicitur
2110 2166 2173 2216 ut

515 2262 771 2317 circulus
825 2259 1135 2329 perfectus,
1170 2254 1323 2307 haud
1375 2252 1457 2306 ita
1506 2268 1657 2322 saepe
1698 2250 1891 2304 minor
1931 2250 2168 2317 circulo,

515 2351 899 2419 crebriusque
932 2347 1087 2401 circa
1131 2344 1334 2398 lunam
1368 2358 1545 2411 quam
1589 2340 1743 2395 circa
1775 2340 1979 2405 solem,
2012 2346 2069 2394 et
2100 2343 2171 2395 de

513 2441 608 2495 die
630 2439 828 2494 minus
857 2437 1190 2505 frequenter
1212 2447 1388 2504 quam
1414 2432 1484 2485 de
1507 2434 1693 2497 nocte,
1725 2429 2170 2500 saepissimeque

514 2532 669 2586 circa
702 2527 1117 2590 meridianum,
1151 2527 1209 2577 at
1241 2538 1419 2594 prope
1470 2519 1834 2575 horizontem
1868 2525 2166 2575 rarenter:

514 2625 571 2675 et
601 2620 775 2674 unica
806 2632 1037 2686 semper
1094 2613 1391 2684 uniusque
1443 2608 1677 2678 coloris,
1709 2609 1989 2663 nimirum
2021 2608 2167 2663 albi-

514 2709 724 2777 cantis,
760 2725 825 2763 ac
852 2704 1120 2761 consistit
1141 2718 1207 2757 ex
1229 2702 1487 2757 nubibus
1506 2698 1832 2771 aequalibus
1853 2707 1905 2754 et
1946 2698 2167 2753 simila-

514 2800 699 2855 ribus.
723 2798 923 2853 Oritur
949 2800 1005 2850 et
1032 2792 1161 2849 halo
1184 2808 1252 2846 ex
1276 2790 1513 2846 visionis
1536 2789 1899 2843 retractione.
1929 2788 2169 2859 Oportet

516 2905 648 2946 vero
680 2889 737 2942 id
770 2885 925 2958 quod
956 2883 1148 2938 visum
1182 2879 1450 2950 refringit
1496 2894 1623 2933 esse
1654 2877 1793 2932 laeve
1824 2893 1887 2931 ac
1921 2876 2167 2947 pelluci-

513 2980 675 3045 dum,
708 2982 774 3031 ut
824 2974 905 3030 ibi
964 2971 1189 3042 species
1238 2967 1488 3025 visibilis
1548 2972 1846 3038 appareat.
1880 2965 2164 3021 Caeterum

512 3066 747 3122 halonis
779 3077 1014 3135 quoque
1045 3059 1303 3116 circulus
1337 3063 1393 3111 et
1422 3055 1590 3110 iridis
1622 3056 1809 3124 figura
1838 3054 2165 3109 rationibus

511 3157 994 3213 demonstrantur
1042 3147 1435 3223 geometricis,
1468 3162 1616 3217 quas
1664 3160 1813 3216 εδει-ο
1845 3145 2165 3199 admittunt

510 3246 681 3319 regia:
714 3260 907 3300 aures.

1100 3417 1230 3471 408.
1273 3419 1349 3470 De
1375 3414 1568 3484 virgis.

587 3517 725 3581 Quae
756 3512 810 3567 in
841 3525 973 3566 aere
1009 3508 1293 3578 apparent
1321 3508 1603 3573 tanquam
1633 3500 2027 3573 virgae,neque
2050 3497 2167 3555 luci

514 3605 774 3660 adversa:
806 3599 1140 3656 consistunt
1163 3596 1349 3648 instar
1378 3591 1763 3660 iridis,neque
1788 3589 2168 3660 perpendicu-

511 3694 713 3748 lariter
742 3696 970 3746 exstant
992 3687 1103 3742 sub
1135 3684 1253 3751 illa,
1290 3688 1354 3737 ut
1386 3680 1541 3747 halo,
1565 3684 1913 3750 tantumque
1934 3680 2167 3751 conspi-

514 3785 752 3838 ciuntur
781 3782 852 3835 de
884 3778 998 3844 die,
1033 3782 1088 3831 et
1120 3774 1271 3829 circa
1301 3772 1484 3826 solem
1519 3770 1712 3835 modo,
1746 3773 1802 3822 et
1832 3770 1986 3823 circa
2016 3768 2168 3823 hori.

514 3876 742 3927 zontem
780 3868 1028 3922 maxime
1059 3859 1504 3923 occidentalem,
1531 3859 1720 3911 rarius
1750 3855 1925 3910 etiam
1960 3858 2016 3910 in
2053 3874 2168 3910 me-

510 3961 760 4025 ridiano,
794 3959 1060 4025 ﬁuntque
1092 3970 1158 4006 ex
1192 3948 1584 4020 inaequalibus
1615 3954 1672 4001 et
1703 3947 2167 4002 dissimilaribus

510 4051 768 4105 nubibus
803 4045 1043 4117 perinde
1078 4047 1140 4096 ut
1175 4040 1293 4093 iris.
1332 4038 1557 4092 Habent
1587 4041 1643 4089 et
1682 4035 1819 4102 ipsa:
1870 4033 2161 4104 triplicem

506 4133 978 4205 colorem,multa
1007 4132 1163 4186 enim
1191 4129 1371 4199 virgis
1405 4132 1461 4181 et
1484 4124 1616 4179 iridi
1642 4124 1981 4179 communia
2002 4130 2161 4195 sunt,

504 4230 743 4298 excepta
777 4225 1115 4293 figuraque:
1158 4216 1293 4271 iridi
1343 4219 1431 4269 est
1474 4213 1850 4283 imperfectus
1881 4213 2159 4281 circulus,

505 4332 640 4372 cum
676 4315 846 4384 virga)
868 4312 988 4366 sint
1010 4308 1067 4362 in
1094 4311 1312 4361 rectam
1346 4304 1561 4358 lineam
1584 4302 2162 4358 conformataz.Fiunt

504 4420 637 4459 vero
672 4418 773 4475 per
820 4398 1255 4459 retractionem,
1288 4394 1512 4447 visione
1540 4406 1609 4445 ex
1655 4408 1772 4445 una
1815 4392 1967 4445 nube
2001 4390 2158 4446 dela-

503 4494 675 4548 bente
705 4489 764 4544 in
796 4487 1066 4553 alteram,
1098 4488 1275 4554 atque
1306 4482 1441 4537 inde
1474 4480 1719 4534 refracta
1750 4479 1819 4533 ad
1854 4478 2026 4535 aliam
2050 4496 2156 4535 nu-

500 4582 630 4636 bem
689 4577 1119 4634 candicantem.
1179 4570 1418 4635 Quando
1466 4568 1663 4639 itaque
1699 4568 2043 4624 Aristoteles
2087 4570 2156 4625 de

2282 632 2620 697 πιπτουσῶν,
2674 630 2789 683 εἶτα
2845 624 2910 697 δὴ
2967 628 3393 701 ἀνακλωμένων,
3434 628 3523 682 καὶ
3557 629 3618 682 τὸ
3651 631 3751 681 τοῦ
3781 626 3937 698 τόξου

2284 722 2481 789 σχῆμα
2512 716 2912 794 ἐμφαινουσῶν·
2950 719 3101 772 ’Ἐστι
3155 714 3212 771 δὲ
3264 717 3339 779 ὡς
3392 714 3612 788 ἀληθῶς
3638 715 3793 787 τόξον
3850 716 3937 772 ἂν·

2280 825 2466 881 τικρυς
2517 807 2651 861 κατὰ
2730 808 2794 861 τὸ
2873 814 3085 882 σχῆμα,
3174 804 3443 862 οὐδέποτε
3524 807 3628 882 γὰρ
3698 806 3934 884 φαίνεται

2282 892 2625 969 κυκλοτερὲς,
2662 894 2789 949 ἀλλ’
2822 893 2855 963 ἤ
2897 893 3119 950 ἔλαττον
3163 893 3198 965 ἤ
3232 895 3397 951 πλέον
3426 896 3760 967 ἡμικύκλου.
3797 895 3936 951 Φαί-

2282 1004 2428 1037 νεται
2490 982 2547 1038 δὲ
2602 986 2675 1047 ὡς
2733 984 2819 1039 ἐπὶ
2864 986 2925 1039 τὸ
2974 984 3230 1039 πλεῖστον
3293 986 3388 1057 μὶν
3455 983 3561 1039 ἀπὸ
3604 988 3701 1039 τοῦ
3744 984 3934 1055 ἡλίου,

2284 1062 2523 1134 σπανίως
2555 1071 2611 1128 δὲ
2658 1075 2763 1128 ἀπὸ
2810 1078 2911 1139 τῆς
2962 1073 3218 1145 σελήνης,
3276 1074 3365 1128 καὶ
3401 1072 3635 1146 μάλιστα
3671 1074 3763 1146 μὶν
3798 1074 3933 1147 ἡμέ-

2284 1181 2401 1235 ρας,
2462 1164 2703 1225 σπανίως
2764 1160 2820 1217 δέ
2876 1164 3088 1237 νυκτὸς,
3121 1164 3210 1218 καὶ
3258 1161 3515 1218 πλεῖστον
3570 1165 3662 1236 μὲν
3711 1164 3801 1218 ἐπὶ
3846 1164 3937 1218 τὸν

2286 1250 2558 1326 ὁρίζοντα,
2612 1252 2851 1315 σπανίως
2902 1250 2959 1307 δὲ
3007 1254 3129 1326 περὶ
3174 1252 3266 1307 τὸν
3302 1246 3677 1328 μεσημϐρινὸν
3710 1251 3935 1310 κύκλον.

2284 1339 2568 1403 Πολλάκις
2601 1338 2657 1396 δὲ
2687 1340 2738 1396 ἐν
2771 1347 2951 1415 ταυτῷ
2997 1342 3085 1397 καὶ
3124 1338 3219 1396 δύο
3252 1342 3531 1420 φαίνονται
3561 1338 3751 1418 ἴριδες.
3784 1344 3937 1400 Ἐστι

2285 1424 2342 1483 δέ
2396 1435 2538 1484 πᾶσα
2595 1431 2705 1506 ἶρις
2754 1430 3037 1507 τρίχροος.
3112 1432 3176 1487 Ἡ
3255 1431 3347 1504 μὶν
3418 1431 3521 1507 γὰρ
3577 1430 3727 1494 ἐντὸς
3776 1432 3938 1501 αὐτῆς

2286 1518 2429 1587 ζώνη
2466 1521 2687 1595 φοινική
2724 1528 2736 1552 ‘
2767 1522 2801 1589 ἡ
2855 1518 2911 1574 δὲ
2968 1516 3188 1593 δευτέρα
3234 1518 3518 1594 πράσινος,
3576 1521 3611 1589 ἡ
3676 1517 3732 1574 δὲ
3774 1520 3931 1592 τρίτη

2284 1607 2576 1685 ἀλουργὸς,
2608 1610 2697 1663 καὶ
2754 1611 2869 1664 οἷον
2924 1608 3335 1686 ὑποπόρφυρος.
3388 1610 3711 1666 Συνίσταται
3761 1607 3818 1664 δὲ
3848 1608 3935 1665 ἐπὶ

2284 1696 2601 1772 ἀνωμάλοις
2631 1697 2721 1755 καὶ
2756 1698 3177 1774 ἀνομοιομερέσι
3207 1699 3406 1777 νέφεσι.

2834 1811 2931 1879 ρζ.
2965 1807 3097 1881 Περὶ
3126 1813 3225 1876 τῆς
3257 1804 3397 1865 ἅλω.

2363 1896 2460 1949 Καὶ
2492 1895 2553 1949 τὸ
2583 1894 2686 1950 ὐπὸ
2727 1897 2825 1965 τὴν
2878 1897 3114 1966 σελήνην
3146 1894 3202 1951 δὶ
3252 1896 3574 1973 φαινόμενον
3625 1898 3742 1951 οἷον
3770 1896 3924 1953 ἀλώ-

2288 2005 2427 2056 νιον,
2480 1986 2596 2039 κατ’
2650 1980 2877 2059 ἔμφασίν
2940 1984 3103 2054 ἐστιν,
3138 1983 3263 2039 ἀλλ’
3322 1987 3384 2040 οὐ
3441 1985 3561 2049 καθ’
3620 1986 3934 2053 ὑπόστασιν,

2282 2074 2347 2128 τά
2406 2073 2615 2128 ἐναντία
2668 2071 2725 2128 δὲ
2780 2070 2895 2149 ἔχει
2946 2081 3047 2143 τῆς
3128 2072 3324 2149 ἴριδος.
3386 2074 3507 2131 Ἐπὶ
3559 2076 3653 2147 μὲν
3713 2076 3814 2151 γὰρ
3870 2076 3934 2131 τὸ

2282 2162 2538 2217 πλεῖστον
2590 2161 2793 2225 κύκλος
2861 2162 3103 2241 φαίνεται
3158 2164 3392 2231 τέλειος,
3451 2166 3816 2239 σπανιώτερον
3879 2162 3937 2220 δέ

2281 2249 2517 2306 ἐλάττων
2558 2251 2783 2308 κύκλου.
2830 2253 2927 2306 Καὶ
2971 2255 3095 2326 περὶ
3150 2252 3243 2325 μὶν
3276 2255 3373 2321 τὴν
3409 2250 3643 2322 σελήνην
3678 2252 3938 2325 μάλιστα,

2280 2334 2504 2395 ἔλαττον
2538 2338 2708 2395 δὲκαὶ
2758 2340 2881 2415 περὶ
2925 2342 3016 2396 τὸν
3068 2340 3227 2411 ἥλιον
3285 2342 3554 2416 φαίνεται,
3600 2342 3692 2396 καὶ
3742 2342 3937 2404 νυκτὸς

2284 2430 2377 2502 μέν
2432 2429 2621 2497 πλέον,
2670 2426 2893 2485 ἔλαττον
2965 2428 3022 2485 δὲ
3064 2430 3297 2503 ἡμέρας.
3354 2433 3455 2487 Καὶ
3514 2431 3637 2505 περὶ
3702 2432 3801 2504 μὶν
3841 2432 3934 2486 τὸν

2284 2540 2417 2592 μέση
2432 2515 2657 2593 μϐρινὸν
2685 2518 2886 2575 κύκλον
2921 2519 2995 2581 ὡς
3028 2518 3113 2574 ἐπὶ
3162 2520 3227 2575 τὸ
3274 2526 3557 2587 πλεῖσσον,
3591 2521 3833 2583 σπανίως
3878 2518 3935 2576 δὲ

2278 2608 2401 2683 περὶ
2430 2608 2519 2662 τὸν
2573 2608 2844 2683 ὁρίζοντα.
2888 2608 2991 2666 Καὶ
3045 2608 3143 2681 μία
3182 2609 3262 2663 ἀεὶ
3309 2608 3399 2664 καὶ
3434 2629 3768 2684 μονοχροος,
3800 2608 3933 2679 ἤτοι

2279 2694 2469 2767 λευκὴ,
2523 2697 2611 2752 καὶ
2658 2699 2965 2753 συνίσταται
3020 2697 3105 2753 ἰπὶ
3158 2696 3391 2769 ὁμαλοῖς
3430 2699 3519 2753 καὶ
3573 2698 3932 2774 ὁμοιομερέσι

2276 2787 2476 2863 νέφεσι.
2535 2786 2744 2841 Γίνεται
2804 2784 2863 2841 δὶ
2935 2788 3023 2842 καὶ
3100 2784 3235 2857 αὕτη
3314 2786 3365 2857 ἐξ
3423 2786 3769 2852 ἀνακλάσεως
3826 2795 3930 2858 τῆς

2276 2871 2474 2949 ὅψεως.
2518 2882 2609 2929 Δεῖ
2665 2872 2721 2930 δὲ
2770 2876 2832 2929 τὸ
2887 2870 3133 2945 ἔνοπτον,
3192 2876 3280 2950 ἀφ’
3335 2876 3395 2929 οὗ
3444 2874 3763 2944 ἀνακλᾶται,
3794 2877 3932 2933 εἶναι

2273 2964 2362 3019 καὶ
2419 2964 2566 3019 λεῖον
2623 2965 2711 3020 καὶ
2762 2962 3031 3042 δισφανὶς,
3084 2964 3177 3020 ’ίνα
3254 2964 3425 3020 ἐκεῖσε
3482 2964 3810 3044 ἰμφαίνηται
3870 2968 3933 3021 τὸ

2276 3052 2502 3109 ε’ίδωλον
2560 3058 2657 3109 τοῦ
2706 3054 2921 3130 ὁρατοῦ.
2978 3056 3127 3109 Ἔστι
3175 3051 3231 3109 δὲ
3284 3056 3319 3123 ἡ
3371 3050 3643 3125 ἀπόδειξις
3692 3055 3781 3109 καὶ
3828 3062 3929 3111 τοῦ

2270 3150 2371 3212 τῆς
2405 3142 2521 3199 ἅλω
2552 3141 2778 3213 κύκλου,
2825 3144 2914 3198 καὶ
2962 3147 3063 3199 τοῦ
3109 3150 3209 3214 τῆς
3251 3140 3435 3219 ’ίριδος
3475 3146 3765 3218 σχήματος
3792 3166 3925 3218 γεω-

2276 3234 2527 3308 μετρικὴ,
2586 3232 2676 3287 καὶ
2738 3230 2826 3287 διὰ
2877 3237 3039 3288 τοῦτο
3097 3232 3187 3288 καὶ
3245 3230 3603 3308 δυσπόριστος
3666 3232 3928 3309 βασιλικῇ

2277 3323 2440 3395 ἀκοῇ.

2843 3414 2949 3487 ρη’.
2976 3412 3107 3486 Περὶ
3139 3406 3376 3488 ῥάϐδων.

2344 3502 2409 3558 Αἰ
2471 3499 2790 3573 φαινόμεναι
2848 3502 2962 3556 οἷον
3013 3496 3208 3577 ῥάϐδοι
3256 3501 3393 3557 κατά
3445 3502 3535 3557 τὸν
3599 3502 3749 3575 ἀέρα,
3800 3500 3932 3558 οὔτε

2274 3588 2596 3663 κατάντικρυ
2629 3590 2967 3644 συνίστανται
3016 3594 3110 3645 τοῦ
3162 3589 3443 3666 λαμπροῦ,
3489 3590 3669 3665 ὥσπερ
3699 3593 3735 3660 ἡ
3782 3589 3925 3665 ἶρις,

2276 3676 2397 3731 οὔτε
2452 3679 2589 3733 κατὰ
2637 3680 2880 3748 κάθετον,
2942 3678 3124 3755 ὥσπερ
3180 3681 3215 3749 ἡ
3276 3676 3444 3741 ἄλως.
3505 3678 3804 3734 Φαίνονται
3866 3677 3928 3733 δί

2274 3769 2485 3841 ἡμέρας
2520 3767 2707 3839 μόνον,
2766 3769 2851 3822 καὶ
2904 3768 3028 3839 περὶ
3082 3768 3172 3822 τὸν
3223 3765 3386 3836 ἥλιον
3449 3768 3636 3841 μόνον,
3668 3767 3759 3822 καὶ
3801 3767 3928 3842 περὶ

2272 3856 2362 3910 τὸν
2397 3856 2647 3930 ὁρίζοντα
2702 3856 2936 3930 μάλιστα
2985 3858 3078 3912 τὸν
3125 3855 3369 3928 δυτικὸν,
3410 3853 3632 3912 ἔλαττον
3663 3854 3721 3912 δέ
3751 3858 3839 3911 καὶ
3876 3856 3928 3912 ἐν

2270 3950 2349 4017 τῷ
2383 3942 2761 4021 μεσημϐρινῷ,
2819 3946 2907 3999 καὶ
2958 3944 3046 3999 ὶπῖ
3098 3944 3431 4019 ἀνωμάλων,
3472 3945 3562 3999 καὶ
3595 3946 3927 4017 ἀνομοιομεο

2274 4038 2379 4110 ρῶν
2435 4040 2606 4111 νεφῶν
2664 4035 2841 4109 ὥσπερ
2900 4035 2987 4089 καὶ
3040 4037 3073 4103 ἡ
3137 4038 3263 4110 ἶρις.
3328 4035 3453 4091 Εῗσῖ
3508 4032 3564 4088 δὲ
3603 4034 3865 4109 τρίχροοι
3905 4053 3920 4067 ⁸

2272 4125 2462 4191 πολλὴ
2491 4125 2591 4199 γὰρ
2625 4125 2940 4198 συγγέννεια
2968 4130 3088 4187 ταῖς
3128 4119 3350 4199 ῥάϐδοις
3386 4127 3475 4178 καὶ
3504 4128 3573 4197 τῇ
3607 4121 3738 4199 ἴριδι
3773 4121 3926 4191 πλὴν

2269 4216 2365 4267 τοῦ
2414 4216 2726 4288 σχήματος,
2753 4213 2834 4267 ὅτι
2868 4216 2902 4283 ἡ
2950 4214 3042 4284 μὲν
3094 4218 3202 4288 ῖρις
3244 4214 3689 4286 ἀποτετμημένος
3717 4212 3925 4275 κύκλος

2271 4302 2436 4370 ἐστὶν,
2496 4304 2551 4356 αἱ
2611 4300 2667 4357 δὲ
2720 4297 3060 4379 ῥάϐδοικαο’
3118 4302 3414 4376 εὐθυωρίαν
3444 4302 3710 4357 τέτανται.
3744 4302 3929 4357 Γίνον·

2267 4413 2356 4447 ται
2415 4390 2470 4447 δὲ
2526 4393 2681 4448 αὗται
2735 4392 2871 4448 κατὰ
2936 4389 3227 4447 ἀνάκλασιν
3304 4390 3761 4468 προσπιπτΟὗσης
3820 4400 3925 4462 τῆς

2268 4482 2466 4557 ὅψεως,
2521 4485 2625 4539 ἀπὸ
2686 4482 2876 4561 νέφους
2932 4481 3009 4548 εἷς
3063 4484 3251 4561 νέφος,
3309 4484 3555 4548 κάκεῖθεν
3589 4480 3926 4555 ἀνακλωμέο

2265 4596 2364 4643 νης
2392 4574 2527 4647 πρὸς
2570 4570 2752 4647 ἕτερον
2802 4572 2959 4649 νέφος
3008 4571 3225 4630 λευκόν.
3270 4574 3433 4630 Ὅταν
3487 4571 3545 4628 δὲ
3601 4572 3738 4648 λέγῃ
3769 4576 3928 4643 Ἀρι-

497 4672 679 4743 virgis
709 4669 977 4741 loquens,
1013 4666 1094 4719 ait
1125 4661 1361 4730 refringi
1396 4658 1679 4714 visionem
1714 4658 1769 4712 in
1821 4659 1964 4724 sole,
1997 4661 2158 4717 noris

2278 4661 2531 4732 ποτέλης
2562 4662 2685 4737 περὶ
2725 4666 2831 4716 τῶν
2886 4656 3123 4738 ῥάϐδων,
3156 4663 3239 4717 ὅτι
3272 4660 3353 4716 ἦστ’
3384 4659 3559 4717 αὐτῶν
3619 4660 3927 4717 ἀνακλᾶται

498 4761 904 4817 candicantem
933 4756 1148 4811 nubem
1191 4752 1303 4807 isto
1335 4750 1394 4804 in
1446 4748 1571 4803 loco
1604 4748 1840 4803 nomine
1889 4748 2031 4805 solis
2062 4750 2152 4805 in-

500 4849 619 4907 telli
628 4849 705 4922 gi.

1051 4950 1171 5005 109.
1213 4950 1286 5003 Dc
1311 4945 1608 5019 parhelz’z’s.

570 5046 757 5103 Multa
788 5047 927 5099 sunt
960 5038 1237 5114 parlieliis
1272 5035 1610 5091 communia
1643 5050 1776 5088 cum
1808 5034 2149 5106 virgis,nam

493 5142 551 5193 et
580 5138 639 5193 hi
674 5153 775 5208 per
819 5138 1220 5189 transversum
1283 5145 1315 5182 a
1347 5126 1476 5181 luce
1526 5124 1820 5189 oriuntur,
1853 5128 1909 5178 et
1957 5125 2027 5180 de
2059 5126 2152 5181 die

490 5224 887 5289 solummodo,
921 5238 1024 5277 nec
1058 5219 1169 5275 nisi
1206 5216 1359 5272 circa
1389 5214 1592 5281 solem,
1628 5217 1685 5265 et
1717 5213 1967 5268 maxime
2000 5214 2151 5271 circa

490 5313 913 5374 occidentalem
963 5309 1331 5366 horizontem
1391 5304 1476 5359 vel
1520 5302 1933 5359 meridianum.
1968 5303 2149 5360 Cazte-

489 5422 617 5462 rum
643 5405 813 5476 virgae
838 5404 894 5457 in
920 5400 1180 5457 nubibus
1198 5394 1586 5466 inaequalibus
1606 5408 1669 5446 ac
1688 5391 2148 5451 dissimilaribus

487 5499 840 5568 generantur
873 5491 1113 5564 perinde
1146 5492 1210 5543 ut
1244 5486 1442 5552 irides,
1478 5482 1723 5555 parhelii
1754 5488 1946 5537 autem
1980 5482 2148 5539 halo-

487 5585 580 5641 nis
628 5588 687 5638 in
749 5584 993 5637 modum
1046 5580 1101 5633 in
1156 5575 1485 5647 aequalibus
1534 5590 1599 5628 ac
1644 5570 2027 5628 similaribus.
2068 5576 2147 5629 Ac

485 5677 659 5747 virgea
691 5672 929 5744 quidem
962 5668 1177 5740 triplici
1211 5664 1401 5721 colore
1445 5666 1586 5718 sunt
1637 5665 1701 5716 ut
1729 5659 1884 5716 halo.
1920 5660 1999 5717 De
2026 5661 2147 5719 illis

483 5779 619 5825 vero
652 5761 956 5822 sciendum
1007 5756 1283 5832 est,quod
1315 5758 1456 5812 tunc
1504 5749 1775 5810 refractio
1808 5767 1838 5808 a
1892 5751 2049 5809 nube

2260 4756 2295 4823 ἡ
2354 4750 2477 4825 ὄψις
2504 4752 2639 4826 πρὸς
2664 4751 2756 4805 τὸν
2788 4747 2971 4821 ἥλιον,
3003 4756 3174 4825 γνῶθι
3206 4750 3288 4806 ὅτι
3320 4749 3483 4821 ἥλιον
3513 4754 3603 4806 νῦν
3636 4751 3697 4807 τὸ
3722 4750 3923 4807 λευκὸν

2259 4839 2419 4919 νέφος
2450 4838 2721 4896 ἐκάλεσεν.

2791 4948 2886 5022 ρθ’,
2924 4945 3052 5021 Περὶ
3083 4945 3395 5020 παρηλίων.

2332 5036 2557 5107 Πολλὴν
2615 5040 2898 5092 κοινωνίαν
2959 5034 3179 5111 ἔχουσιν
3241 5037 3291 5091 οἱ
3346 5034 3614 5109 παρήλιοι
3643 5034 3779 5110 πρὸς
3819 5038 3926 5101 τὰς

2260 5122 2493 5205 ῥάϐδους
2526 5146 2537 5158 ’
2588 5125 2677 5181 καὶ
2724 5127 2824 5201 γὰρ
2868 5127 2958 5182 καὶ
3010 5126 3158 5181 οὗτοι
3210 5125 3270 5181 ἐκ
3317 5124 3569 5200 πλαγίων
3613 5129 3711 5180 τοῦ
3762 5125 3924 5197 λαμ-

2256 5220 2397 5291 ’προῦ
2438 5215 2700 5291 γίνονται,
2753 5217 2840 5269 καὶ
2905 5216 3117 5291 ἡμέρας
3188 5216 3381 5288 μόνον,
3428 5215 3553 5289 περὶ
3609 5214 3699 5269 τὸν
3748 5212 3921 5281 ἤλιον

2261 5307 2447 5379 μόνον,
2481 5305 2571 5360 καὶ
2607 5304 2844 5377 μάλιστα
2892 5305 3015 5381 περί
3065 5305 3155 5381 τὸν
3208 5305 3459 5379 ὀριζοντα
3497 5305 3585 5358 τὸν
3622 5300 3851 5374 δυτιμὸν
3882 5301 3921 5371 ἢ

2254 5375 2345 5449 τὸν
2378 5415 2510 5467 μεση
2524 5375 2751 5467 μϐρινὸν
2777 5413 2790 5426 ·
2838 5375 2986 5463 πλὴν
3019 5375 3095 5448 αἶ’
3110 5395 3203 5468 μὶν
3241 5375 3447 5469 ’ῥάϐδοι
3479 5392 3563 5447 έπὶ
3599 5392 3916 5465 ἀνωμάλων

2255 5484 2490 5559 γίνονται
2538 5488 2735 5555 νεφῶν,
2797 5484 2887 5537 καὶ
2941 5484 3380 5556 ἀνομοιομερῶν,
3438 5482 3684 5557 ὥσπερὴ
3741 5483 3856 5556 ἶρις
3894 5502 3907 5516 °

2257 5575 2307 5628 οἱ
2367 5570 2422 5627 δέ
2478 5571 2743 5646 παρήλιοι
2804 5570 2891 5627 ἐπὶ
2951 5571 3180 5646 ὁμαλῶν
3236 5573 3326 5628 καὶ
3373 5571 3750 5645 ὁμοιομερῶν,
3802 5572 3916 5626 ὥσ-

2254 5683 2355 5739 περ
2407 5665 2441 5732 ἡ
2492 5660 2659 5723 ἅλως.
2713 5661 2818 5718 Καὶ
2896 5662 2949 5716 αἱ
3031 5663 3126 5735 μὲν
3198 5657 3389 5739 ῥάϐδοι
3455 5660 3709 5737 τρίχροοι
3765 5660 3915 5717 κατᾶ

2251 5754 2320 5812 τὰ
2370 5759 2471 5826 τῆς
2516 5748 2699 5833 ’ίριδος
2778 5752 3075 5831 χρώματα,
3150 5753 3202 5811 οἱ
3285 5749 3373 5809 ὅδ’
3410 5748 3680 5830 παρήλιοι
3734 5747 3915 5829 μονό-
