4080 6350
201 410 330 472 ’τοο
1389 413 1491 474 DE
1535 411 1982 476 OMNIFARIA
2026 410 2447 474 DOCTRINA.
3506 394 3628 473 754'

204 562 397 619 χροοι,
448 542 540 597 καὶ
597 539 788 598 λευκοὶ
817 542 956 598 κατά
982 538 1046 598 τὸ
1076 546 1285 619 χρῶμα
1311 548 1412 615 τῆς
1442 540 1580 602 ἅλω.
1614 541 1746 621 Περὶ
1801 542 1859 601 δὶ

1979 545 2046 602 ad
2072 544 2278 617 solem,
2319 558 2456 601 cum
2480 544 2667 602 nubes
2698 542 2937 601 densior
2964 546 3055 600 est
3094 544 3151 600 et
3180 541 3427 600 solidior
3445 558 3626 616 quam

196 629 319 688 τῶδ
349 630 639 709 παρηλίων
704 630 878 687 ἐκεῖνο
938 631 1052 709 χρὴ
1113 630 1333 702 εἶδίναι,
1392 631 1475 689 ὅτι
1504 636 1540 705 ἠ
1573 632 1868 701 ἀνάκλασις

1979 636 2035 692 in
2066 635 2269 709 virgis,
2299 634 2579 707 laevisque
2608 638 2666 691 et
2691 633 2953 707 aequalis,
2974 632 3356 707 quamobrem
3391 641 3443 690 et
3474 633 3629 691 albi-

198 720 317 777 ἀπὸ
371 726 468 777 τοῦ
523 719 719 799 νέφους
768 719 971 799 γίνεται
1005 723 1143 798 πρὸς
1171 723 1262 778 τὸν
1289 720 1476 794 ἥλιον,
1526 728 1624 780 τοῦ
1670 722 1865 803 νέφους

1979 728 2142 782 canto
2163 724 2356 782 colore
2382 723 2686 798 parhelius
2706 722 3255 798 apparet,quoniam
3288 722 3359 780 ab
3381 722 3629 782 laevitate

193 808 536 885 mxvotépou
590 807 749 874 ὄντος
795 811 890 866 καὶ
931 811 1274 888 στερεμνίου,
1328 811 1475 889 παρά
1523 814 1587 869 τὸ
1639 812 1693 869 ἰν
1740 818 1860 876 ταῖς

1979 814 2074 873 illa
2105 832 2261 872 unus
2292 814 2572 886 idemque
2614 812 2773 870 color
2831 817 3123 883 servatur,
3154 816 3212 870 et
3268 829 3302 870 ο
3332 813 3626 871 densitate

195 895 450 976 ἰόιίϐδοις,
495 900 587 955 καὶ
610 899 849 974 ὁμαλοῦ.
904 900 1003 956 Διά
1030 902 1132 979 γὰρ
1161 905 1322 958 τοῦτο
1353 903 1443 958 καὶ
1492 902 1687 966 λευκὸς
1736 902 1857 983 φαί-

1979 904 2160 977 magis
2192 903 2543 976 faciliusque
2573 902 2734 960 visus
2766 902 3124 975 refringitur.

194 1010 351 1046 νεται
383 991 413 1046 ὁ
438 987 737 1067 παρήλιος,
768 987 959 1061 ἐπειδὴ
996 992 1101 1046 ἀπὸ
1130 996 1232 1046 τοῦ
1264 991 1479 1066 ὁμαλοῦ
1504 988 1561 1047 ἓν
1591 992 1681 1048 καὶ
1711 997 1873 1049 τοῦτο
1926 996 2131 1069 χρῶμα
2154 989 2498 1063 διασώζεται,
2530 991 2620 1047 καὶ
2652 991 2758 1046 ἀπὸ
2786 994 2885 1047 τοῦ
2915 994 3122 1046 πυκνοῦ
3153 988 3354 1067 ῥᾳδίως
3405 987 3619 1064 μᾶλλον

194 1080 293 1135 καὶ
329 1079 613 1153 συντόμως
646 1078 941 1137 ἀνακλᾶται
975 1082 1011 1151 ἠ
1047 1075 1194 1155 ὄψις,

775 1186 868 1259 ρι’.
901 1184 1032 1263 Περὶ
1063 1184 1299 1260 ἀνίμων.

266 1293 334 1349 Ὁ
390 1291 588 1366 ἄνεμος
645 1290 746 1348 οὔκ
795 1290 936 1349 ἔστιν
998 1292 1105 1369 ἀὴρ
1163 1291 1505 1367 κινούμενος,
1563 1293 1862 1357 ὡςἸππο-

192 1380 415 1457 κράτησ
470 1382 500 1436 ὁ
557 1384 713 1445 Κῶος
753 1380 936 1457 ἰατρὸς
998 1379 1188 1455 οῗεται,
1248 1381 1376 1439 ἀλλ’
1405 1382 1465 1437 ἐκ
1510 1389 1609 1454 τῆς
1639 1383 1860 1438 καπνώ-

196 1468 332 1533 δους
386 1468 529 1526 ἐστὶν
608 1469 1037 1544 ἀναθυμιάσεως.
1111 1471 1175 1528 Ἠ
1236 1471 1331 1545 μὶν
1392 1473 1497 1547 γὰρ
1548 1475 1646 1526 τοῦ
1704 1472 1859 1548 ἀέρος

194 1558 414 1630 κίνησις
469 1557 697 1622 ἱκλυτος
766 1560 1000 1635 ὑπάρχει
1058 1559 1147 1615 καὶ
1206 1558 1448 1636 χαλαρὰ,
1481 1563 1516 1631 ἡ
1552 1558 1610 1616 δὲ
1638 1565 1736 1616 τοῦ
1768 1560 1858 1616 ἀν-

194 1648 384 1723 έμου,
441 1649 732 1723 τυραννικὴ
790 1649 882 1704 καὶ
943 1647 1227 1725 βιαιοτάτη
1264 1692 1279 1718 ,
1357 1650 1433 1713 ὡς
1492 1647 1754 1721 δηλοῦσιν
1808 1650 1860 1705 οἱ

195 1737 442 1812 σεισμοὶ,
473 1740 524 1793 οἱ
554 1742 830 1802 κινοῦντες
869 1739 970 1808 τήν
1015 1742 1137 1815 γῆν,
1171 1735 1328 1794 οὐδὲν
1359 1739 1463 1815 γὰρ
1502 1736 1683 1814 ἕτερόν
1716 1738 1857 1794 ἐστιν

194 1828 224 1883 ὁ
255 1827 513 1901 σεισμὸς,
574 1826 620 1882 εί
673 1829 750 1900 μή
809 1827 1062 1903 ὑπόγειος
1117 1825 1338 1901 ἄνεμος.
1366 1827 1649 1905 Τεσσάρων
1683 1824 1740 1882 δὲ
1770 1822 1860 1882 ὅν-

191 1938 331 1985 των,
391 1918 465 1979 ὡς
526 1917 809 1991 συντόμως
862 1916 1055 1989 εἰπεῖν,
1109 1916 1419 1981 καθολικῶν
1474 1918 1708 1991 ἀνεμων,
1761 1918 1861 1972 ἀπ·
1893 1943 1942 2011 Β

194 2004 461 2076 ηλιώτης
537 2007 633 2081 μὲν
708 2006 800 2061 καὶ
874 2006 1102 2084 ζέφυρος
1162 2006 1263 2061 οὐκ
1320 2006 1422 2061 εἰσὶ
1481 2003 1862 2083 σφοδρότατοι,

205 2095 415 2173 βοῤῥᾶς
472 2093 530 2152 δὲ
580 2096 671 2151 καὶ
724 2095 882 2159 νότος
931 2096 1405 2173 τυραννικώτερον
1460 2092 1597 2151 διότι
1654 2094 1706 2151 ἐν
1770 2094 1867 2170 μὶν

198 2190 284 2257 τῷ
348 2186 552 2262 βορείῳ
608 2185 698 2240 καὶ
751 2185 919 2259 νοτίῳ
968 2184 1151 2258 πόλῳ,
1210 2181 1355 2249 ἔνθεν
1416 2184 1444 2239 ὁ
1491 2184 1693 2262 βοῤῥᾶς
1721 2185 1868 2240 καὶὸ

199 2273 368 2337 νότος
428 2280 571 2347 πνεῖ,
635 2275 711 2348 μὴ
770 2273 1115 2350 γινόμενοςὸ
1173 2272 1337 2343 ἥλιος
1401 2273 1464 2329 οὗ
1498 2272 1871 2350 θερμαίνειτά

202 2362 381 2419 ἰκεῖσε
429 2362 634 2440 χωρία,
699 2361 848 2418 ἀλλὰ
910 2362 1057 2436 μένει
1087 2365 1292 2439 ψυχρά·
1326 2364 1517 2438 ψυχρά
1547 2359 1604 2418 δὲ
1634 2358 1759 2418 ὄντα
1787 2362 1869 2418 ἀεὶ

203 2451 408 2526 ἔνικμά
466 2451 625 2521 εἶσιν,
686 2451 826 2508 ὥστε
881 2447 1107 2528 ὄμϐρων
1163 2450 1392 2508 πολλῶν
1433 2453 1741 2528 γενομένων
1783 2449 1871 2506 διὰ

199 2542 309 2612 τὴν
364 2542 545 2615 ψύξιν.
604 2542 759 2613 Εἶτα,
807 2548 909 2612 τῆς
979 2548 1083 2618 γῆς
1161 2536 1466 2618 διαϐρόχου
1547 2541 1870 2618 γενομένης,

200 2629 396 2700 πολλή
468 2627 766 2703 καπνώδης
840 2629 1196 2704 ἀναθυμίασις
1275 2627 1580 2699 ἐκδίδοται,
1638 2631 1727 2686 καὶ
1782 2628 1872 2686 διὰ

199 2724 391 2793 τοῦτο,
450 2717 681 2800 σφοδροὶ
734 2719 929 2795 ἄνεμοι
956 2720 1244 2796 ζγίνονται,
1300 2720 1328 2775 ὁ
1372 2718 1571 2798 βορρᾶς
1603 2719 1692 2775 καὶ
1724 2721 1753 2775 ὁ
1781 2720 1872 2775 νό-

202 2829 324 2871 τος.
387 2809 475 2866 Ἐν
537 2806 595 2864 δὲ
648 2814 765 2872 τοῖς
834 2809 1179 2871 ἀνατολικοῖς
1217 2808 1307 2864 καὶ
1367 2805 1605 2871 δυτικοῖς
1636 2808 1871 2886 χωρίοις

207 2897 536 2971 κινούμενος
591 2898 619 2952 ὁ
678 2896 845 2968 ἥλιος
891 2894 990 2953 οὐκ
1021 2896 1082 2970 ἐᾷ
1123 2897 1277 2973 ψύξιν
1334 2896 1578 2975 γίνεσθαι
1626 2899 1872 2970 πολλὴν,

209 2980 360 3051 ἔνθεν
424 2983 481 3043 δὲ
538 2984 663 3042 οὔτε
716 2984 892 3051 πολὺς
950 2986 1103 3050 ὑετὸς
1158 2985 1379 3063 γίνεται,
1430 2985 1553 3043 οὔτε
1596 2990 1631 3059 ἡ
1676 2985 1869 3060 πολλή

213 3071 515 3147 καπνώδης
564 3076 939 3149 ἀναθυμίασις,
998 3074 1091 3131 ἅτε
1144 3082 1247 3146 τῆς
1281 3082 1384 3152 γῆς
1441 3078 1517 3150 μὴ
1579 3073 1873 3154 διαόρεχο-

217 3166 412 3239 μένης,
467 3164 557 3220 καὶ
608 3164 670 3221 οὐ
724 3166 964 3240 γίνονται
1027 3161 1117 3220 διά
1173 3169 1337 3221 τοῦτο
1398 3168 1587 3241 ἄνεμοι
1645 3165 1874 3245 σφοδροὶ

213 3254 481 3319 Ξντεῦθεν.
527 3251 681 3324 Ιῐλήν
734 3254 789 3311 ἰν
851 3254 947 3327 μὲν
1005 3258 1121 3317 τοῖς
1187 3253 1391 3319 νοτίοις
1432 3255 1613 3330 μέρεσι
1672 3255 1869 3311 πλεῖον

210 3343 312 3418 μὲν
372 3344 515 3400 ἐστιν
572 3346 608 3415 ἡ
661 3350 756 3419 γῆ,
814 3334 914 3399 οὸκ
969 3338 1189 3417 ἕνικμος
1243 3341 1324 3413 δὲ,
1383 3344 1434 3400 ἑν
1487 3350 1605 3410 τοῖς
1638 3345 1871 3421 βορείοις

207 3433 376 3511 ὀλίγη
442 3435 564 3509 μὲν,
622 3432 750 3490 ἀλλ’
797 3427 1040 3507 ἔνικμος.
1088 3432 1186 3488 Διά
1213 3432 1314 3510 γὰρ
1352 3433 1451 3503 τήν
1480 3433 1636 3508 ψύξιν
1667 3429 1869 3511 δμϐροι

203 3521 467 3601 γίνονται,
518 3523 607 3579 καὶ
639 3520 729 3578 διὰ
773 3523 838 3579 τὸ
888 3515 1113 3597 ἔνικμον
1164 3528 1263 3594 τῆς
1290 3530 1393 3597 γῆς
1424 3520 1612 3593 πολλή
1662 3523 1870 3599 γίνεται

203 3615 242 3684 ἢ
298 3609 595 3684 καπνώδης
653 3611 1023 3687 ἀναθυμίασις,
1081 3609 1208 3667 ἀλλ’
1272 3611 1333 3667 οὐ
1396 3609 1485 3667 διά
1539 3613 1600 3667 τὸ
1657 3612 1871 3683 πλῆθος

204 3702 405 3774 αὐτῆς.
466 3703 652 3759 Ἔνθεν
710 3723 796 3758 τοι
848 3699 937 3757 καῖ
993 3702 1048 3756 οἱ
1105 3699 1332 3781 σφοδροῖ
1381 3700 1571 3777 ἄνεμοι
1629 3702 1734 3758 ἀπὸ
1764 3708 1871 3759 τῶν

201 3791 403 3849 νοτίων
468 3790 572 3847 εἶσὶ
624 3791 714 3848 καὶ
778 3795 885 3848 τῶν
946 3791 1207 3869 ἀρκτῴων
1269 3795 1471 3866 μερῶν,
1520 3792 1596 3857 ὡς
1646 3789 1705 3848 ἂν
1760 3792 1871 3848 ἐκεῖ

200 3880 513 3958 γινομένης
584 3878 806 3951 πολλῆς
881 3878 1203 3943 καπνώδους
1288 3880 1723 3955 ἀναθυμιάσεως.
1781 3883 1868 3939 Ἐν

200 3972 315 4048 γὰρ
372 3973 444 4044 τῇ
504 3968 745 4044 ἀνατολῇ
804 3970 891 4025 καὶ
954 3967 1098 4025 δόσει
1132 3968 1194 4024 οὐ
1224 3969 1465 4047 γίνονται
1496 3967 1746 4047 σφοδροὶ,
1778 3972 1871 4026 ἅτε

197 4065 306 4120 τοῦ
362 4059 531 4130 ἡλίου
588 4056 998 4122 ἰκδαπανῶντος
1054 4059 1157 4128 τήν
1190 4060 1363 4114 ἐκεῖσε
1416 4058 1713 4136 γενομένην
1744 4060 1868 4115 ἀνα-

200 4149 494 4223 θυμίασιν,
551 4149 642 4203 καὶ
691 4149 791 4203 οὐκ
836 4147 1031 4209 ἐῶντος
1087 4148 1410 4217 ὑποστῆναι.
1458 4146 1761 4205 Καλοῦνται
1812 4147 1870 4205 δὶ

202 4240 259 4295 οἱ
317 4239 415 4300 μὲν
449 4238 556 4292 ἀπὸ
586 4243 688 4308 τῆς
715 4235 915 4312 ἄρκτου
952 4235 1160 4313 βορέαι,
1193 4237 1246 4292 οἱ
1277 4234 1335 4292 δὲ
1361 4238 1467 4293 ἀπὸ
1501 4258 1634 4312 μεση
1647 4233 1868 4315 μϐρίας,

200 4327 386 4386 νότοι,
434 4325 590 4385 Δί’τία
623 4324 679 4381 δὲ
710 4325 823 4381 ἐστι
850 4332 951 4396 τῆς
998 4324 1166 4397 λοξῆς
1195 4330 1293 4381 τοῦ
1347 4325 1549 4400 ἀνὲμου
1580 4328 1867 4401 κινήσεως,

198 4418 238 4487 ἠ
272 4419 377 4472 τοῦ
408 4417 611 4477 παντὸς
651 4412 1014 4492 κυκλοφορίιι,
1045 4416 1148 4485 τὴν
1197 4411 1459 4486 καπνώδη
1512 4415 1867 4491 ἀναθυμίασιν

198 4506 453 4570 κάτωθεν
508 4504 764 4560 ἀνιοῦσαν
804 4503 1092 4577 πλανῶσα,
1141 4505 1230 4559 καὶ
1274 4501 1406 4579 τῇδε
1450 4504 1666 4560 κάκεῖσε
1715 4527 1871 4579 μετα-

200 4598 474 4678 φέρουσα.
526 4596 774 4651 Γίνονται
809 4592 867 4651 δὲ
916 4596 968 4650 οἱ
1004 4593 1210 4672 βόρειοι
1260 4594 1468 4666 ὶτησίαι
1501 4591 1689 4668 ἄνεμοι
1736 4596 1869 4670 μετά

2559 1187 2681 1243 110.
2714 1188 2791 1244 De
2826 1187 3027 1243 ventis.

2039 1294 2262 1351 Ventus
2294 1311 2410 1351 non
2442 1298 2533 1350 est
2553 1294 2812 1366 agitatus
2842 1296 3033 1362 aer,ut
3060 1292 3440 1365 Hippocrates
3472 1291 3623 1348 Cous

1970 1384 2233 1440 medicus
2299 1382 2415 1440 sibi
2469 1383 2790 1456 persuasit,
2848 1384 2952 1439 sed
3019 1398 3088 1439 ex
3163 1398 3377 1453 vapore
3451 1385 3625 1453 atque

1968 1472 2337 1529 exhalatione
2395 1478 2560 1528 terra
2621 1471 2830 1528 oritur.
2898 1470 3065 1527 Aeris
3143 1471 3362 1543 quippe
3428 1473 3626 1526 motus

1968 1562 2289 1636 languidus
2310 1567 2399 1619 est
2420 1580 2485 1618 ac
2518 1562 2826 1631 remissus,
2852 1562 3009 1620 venti
3030 1561 3376 1635 tyrannicus
3410 1576 3478 1618 ac
3528 1576 3623 1616 ve-

1970 1650 2483 1721 hementissimus,
2518 1659 2582 1707 ut
2622 1647 3030 1709 demonstrant
3076 1653 3464 1719 terrzemotus,
3525 1649 3628 1722 qui

1970 1740 2117 1797 nihil
2147 1740 2306 1797 aliud
2340 1747 2480 1797 sunt
2509 1758 2687 1813 quam
2709 1740 3080 1798 subterranei
3108 1739 3437 1797 venti.Gum
3467 1755 3624 1807 vero,

1971 1834 2037 1886 ut
2055 1829 2309 1886 breviter
2332 1830 2547 1896 dicam,
2573 1837 2828 1902 quatuor
2849 1832 2970 1886 sint
3000 1829 3155 1886 venti
3198 1827 3470 1885 catholici
3502 1828 3625 1884 sive

1972 1918 2395 1989 oardinales,ex
2416 1919 2512 1975 his
2531 1918 2887 1975 subsolanus
2917 1936 2984 1975 ac
3011 1919 3300 1991 zephyrus
3330 1934 3447 1973 non
3477 1916 3622 1973 adeo

1973 2007 2201 2063 incitati
2223 2012 2382 2080 sunt,
2405 2009 2508 2065 sed
2539 2008 2946 2065 violentissimi
2973 2008 3183 2065 boreas
3205 2012 3380 2079 atque
3402 2012 3618 2064 auster.

1975 2098 2262 2165 Quoniam
2317 2097 2597 2153 nimirum
2625 2098 2691 2153 ad
2743 2096 3263 2168 septentrionalem
3311 2099 3487 2166 atque
3517 2112 3619 2150 au-

1977 2186 2216 2242 stralem
2245 2186 2445 2258 polum
2490 2187 2588 2242 ubi
2630 2187 2838 2242 boreas
2886 2192 2944 2242 et
2989 2192 3188 2242 auster
3237 2186 3486 2257 spirant,
3535 2182 3622 2241 sol

1975 2274 2209 2347 longius
2240 2276 2452 2331 absens
2473 2273 2575 2330 illa
2602 2291 2717 2331 non
2749 2273 3036 2345 calefacit,
3058 2274 3141 2330 ita
3171 2278 3237 2330 ut
3260 2273 3470 2345 frigida
3499 2289 3625 2329 ma-

1976 2369 2193 2421 neant:
2229 2364 2558 2436 frigidaque
2580 2381 2714 2422 cum
2741 2365 2883 2435 sint,
2916 2379 3149 2435 semper
3197 2368 3337 2419 sunt
3365 2362 3632 2430 humida,

1977 2452 2270 2510 imbribus
2293 2453 2568 2525 plurimis
2596 2458 2836 2526 propter
2864 2453 3241 2525 {rigiditatem
3288 2451 3369 2508 ibi
3418 2453 3630 2509 caden-

1977 2542 2159 2598 tibus.
2193 2541 2337 2597 Hinc
2371 2541 2650 2614 deinceps
2680 2545 2836 2598 terra
2866 2540 3202 2598 humectata
3229 2540 3445 2598 multos
3467 2541 3633 2598 emit-

1977 2630 2048 2687 tit
2078 2648 2319 2704 vapores
2350 2629 2891 2703 exhalationesque,
2925 2630 3081 2687 unde
3112 2631 3269 2687 venti
3316 2631 3630 2688 vehemen-

1975 2724 2064 2778 tes
2095 2726 2418 2778 nascuntur
2466 2721 2676 2778 boreas
2725 2724 2903 2793 atque
2966 2724 3186 2777 auster.
3248 2721 3319 2778 At
3368 2721 3528 2778 enim
3570 2721 3629 2776 in

1980 2810 2366 2868 orientalibus
2399 2816 2574 2884 atque
2612 2809 3075 2868 occidentalibus
3101 2810 3372 2884 partibus
3394 2827 3633 2867 versans

1980 2899 2069 2957 sol
2096 2917 2209 2955 non
2231 2899 2454 2973 patitur
2474 2899 2733 2957 multum
2760 2900 2948 2973 frigus
2973 2900 3118 2973 ﬁeri,
3142 2902 3294 2958 unde
3318 2916 3425 2957 nec
3449 2900 3631 2957 multa

1981 2990 2197 3063 pluvia,
2231 3006 2337 3046 nec
2396 2989 2564 3046 multi
2599 3006 2843 3062 vapores
2893 2994 3066 3061 atque
3114 2989 3515 3048 exbalatio‘nes
3562 3007 3631 3048 ex

1979 3083 2137 3136 terra
2165 3079 2378 3152 quippe
2411 3096 2523 3136 non
2559 3081 2702 3137 adeo
2734 3080 3094 3149 humectata,
3148 3079 3286 3136 hinc
3335 3097 3441 3137 nec
3470 3080 3629 3137 venti

1979 3170 2117 3226 inde
2165 3169 2483 3242 impetuosi
2530 3169 2778 3243 spirant.
2827 3173 3110 3226 Caeterum
3154 3171 3214 3226 in
3266 3170 3630 3227 australibus

1983 3258 2252 3333 partibus
2274 3258 2406 3331 plus
2437 3259 2676 3331 quidem
2706 3263 2873 3315 terra:
2896 3259 3108 3329 est,sed
3137 3259 3334 3316 minus
3364 3260 3633 3331 humida,

1984 3352 2046 3404 at
2074 3346 2133 3402 in
2167 3346 2725 3418 septentrionalibus
2766 3364 2882 3404 non
2915 3349 3059 3405 adeo
3108 3347 3297 3405 multa
3324 3352 3414 3405 est
3459 3353 3635 3419 terra,

1979 3438 2079 3493 sed
2142 3438 2462 3493 admodum
2538 3437 2800 3493 humida.
2851 3442 3001 3494 Sane
3060 3455 3094 3494 a
3159 3438 3375 3510 frigore
3422 3438 3639 3494 imbres

1978 3527 2270 3595 oriuntur,
2304 3530 2362 3581 et
2394 3543 2427 3582 a
2458 3529 2624 3581 terrae
2655 3526 3005 3583 humiditate
3056 3544 3170 3582 non
3211 3528 3283 3583 ab
3333 3528 3639 3600 magnitu-

1979 3616 2114 3672 dine
2153 3615 2324 3671 multi
2379 3631 2622 3689 vapores
2674 3616 2989 3688 multaeque
3038 3615 3458 3673 exhalationes.
3487 3616 3634 3672 Hinc

1979 3708 2159 3762 etiam
2181 3706 2563 3761 vehementes
2592 3706 2744 3760 venti
2768 3723 2839 3763 ex
2894 3704 3252 3762 australibus
3276 3710 3331 3762 et
3382 3704 3637 3760 boreali-

1978 3795 2090 3852 bus
2133 3793 2381 3851 veniunt
2414 3794 2704 3867 partibus,
2751 3794 2905 3866 quod
2958 3793 3040 3850 ibi
3088 3794 3257 3849 multi
3287 3809 3534 3866 vapores
3564 3809 3632 3848 ex

1976 3886 2134 3940 terra
2164 3882 2458 3940 exhalant.
2492 3885 2555 3939 In
2615 3883 2835 3940 oriente
2858 3887 3047 3939 autem
3077 3886 3135 3938 et
3165 3882 3464 3939 occidente
3514 3899 3629 3938 non

1979 3973 2293 4029 suntventi
2316 3976 2438 4028 tam
2464 3972 2747 4044 immites,
2774 3972 2895 4030 sole
2921 3971 3203 4030 nimirum
3235 3988 3480 4045 vapores
3512 3971 3626 4028 ibi-

1978 4063 2112 4119 dem
2144 4062 2498 4134 prodeuntes
2530 4066 2915 4119 consumente
2953 4078 3059 4118 nec
3081 4061 3457 4134 permittente
3487 4061 3626 4117 sub-

1978 4152 2205 4209 sistere.
2242 4156 2412 4207 Porro
2443 4156 2646 4208 ventos
2688 4153 2763 4209 ab
2792 4152 3193 4225 septentrione
3222 4150 3431 4207 ﬂantes
3459 4168 3632 4208 voca-

1979 4258 2114 4298 mus
2146 4242 2374 4313 boreas,
2410 4242 2483 4297 ab
2518 4241 2760 4299 meridie
2793 4246 2962 4300 notos
3013 4242 3133 4299 sive
3162 4244 3414 4299 austros.
3447 4245 3635 4298 Causa

1978 4331 2201 4404 obliqui
2223 4335 2541 4388 ventorum
2575 4335 2770 4389 motus
2831 4336 2922 4389 est
2979 4331 3415 4389 circumrotatio
3475 4331 3636 4388 orbis

1979 4425 2294 4493 terrarum,
2334 4438 2460 4493 quae
2483 4439 2728 4494 vapores
2758 4424 3036 4479 deorsum
3066 4422 3373 4478 tendentes
3403 4421 3640 4477 divertit

1979 4514 2037 4566 et
2057 4510 2172 4565 huc
2203 4514 2377 4583 atque
2397 4509 2537 4567 illuc
2595 4512 2896 4567 transfert.
2958 4511 3164 4567 Etesiae
3196 4510 3347 4567 venti
3387 4510 3637 4581 Septen-

1976 4599 2258 4656 trionales
2290 4600 2517 4671 spirant
2538 4605 2665 4672 post
2711 4601 2918 4672 viginti
2951 4599 3077 4655 dies
3109 4600 3180 4655 ab
3212 4599 3411 4655 aestivo
3442 4597 3637 4655 solsti-

198 4686 430 4763 ἡμερας
482 4684 655 4739 ε’ἰκοσι
711 4687 811 4755 τῆς
866 4685 1080 4760 θερινῆς
1132 4689 1369 4757 τροπῆς,
1428 4685 1562 4757 μετά
1613 4687 1712 4756 τὴν
1769 4684 1866 4741 τοῦ

1979 4689 2079 4754 tio,
2104 4693 2418 4760 ortumque
2449 4688 2898 4753 caniculae,tuno
2921 4688 3214 4760 siquidem
3248 4686 3460 4743 solutis
3491 4687 3637 4742 nivi-

198 4776 519 4851 κυνάστρου
575 4770 860 4845 ἐπιτολήν.
910 4777 1221 4843 Τηνικαῦτα
1247 4773 1349 4849 γὰρ
1377 4780 1478 4844 τῆς
1511 4775 1696 4850 χιόνος
1746 4774 1872 4831 λυο-

203 4865 413 4939 μένης,
469 4861 712 4937 γίνοιται
769 4862 927 4939 αὖραι
984 4859 1193 4937 ψυχραὶ
1253 4860 1482 4935 βόρειοι,
1516 4860 1712 4925 α’ίτινες
1744 4862 1869 4936 ὲτη-

200 4954 319 5009 σίαι
375 4950 651 5027 λέγονται.
704 4950 828 5008 Εῗσὶ
884 4948 942 5006 δὶ
988 4952 1165 5006 νότιοι
1223 4948 1431 5022 ἐτησίαι
1491 4951 1569 5014 ὡς
1616 4952 1722 5007 ἀπὸ
1778 4958 1874 5008 τοῦ

197 5044 350 5121 πρὸς
405 5042 469 5097 τὸ
524 5047 627 5097 πᾶν
683 5040 865 5097 νότου.
900 5037 1025 5096 ἀλλ’
1056 5043 1195 5115 ἡμῖν
1225 5039 1628 5112 ἀνεπαίσθητοι.
1660 5041 1783 5099 Είσὶ
1820 5041 1877 5099 δὲ

194 5133 298 5190 καὶ
359 5131 470 5186 ἀπὸ
518 5134 616 5186 τοῦ
661 5130 779 5185 καθ’
821 5132 972 5203 ἡμᾶς
1022 5130 1180 5185 νότου
1227 5126 1436 5200 ἐτήσιοι
1468 5127 1680 5203 ἄνεμοι.
1713 5132 1875 5187 Οὗτοι

198 5221 265 5279 δὶ
304 5221 449 5296 μετά
466 5213 851 5294 ἰδδομήκοντα
897 5217 1109 5292 ἠμόρας
1134 5224 1238 5288 τῆς
1288 5225 1614 5294 χειμερινῆς
1665 5227 1878 5295 τροπῆς

200 5311 483 5391 ἄρχονται
536 5315 714 5378 πνεῖν,
766 5313 867 5364 τοῦ
897 5306 1061 5380 ἡλίου
1092 5304 1249 5370 ὄντος
1280 5306 1331 5363 ἐν
1358 5308 1591 5384 Ἰχθύσι.
1640 5309 1738 5365 Καὶ
1768 5309 1875 5366 ἀπὸ

206 5400 788 5477 μὶντῆςὶσημερινῆς
837 5396 1063 5468 δύσεως,
1114 5403 1238 5453 πνεῖ
1268 5399 1295 5453 ὁ
1338 5399 1589 5477 ζέφυρος,
1647 5400 1752 5455 ἀπὸ
1819 5396 1877 5455 δὲ

198 5500 315 5563 τῆς
347 5487 685 5558 ἀνατολικῆς
714 5488 1009 5566 ἰσημερίας
1036 5493 1160 5544 πνεῖ
1185 5486 1536 5559 ἀπηλιώτης.
1588 5490 1691 5547 Καὶ
1723 5491 1877 5555 αὖθις

204 5583 323 5638 ἀπὸ
353 5583 455 5636 τοῦ
503 5580 763 5656 ἀρκτικοῦ
815 5580 910 5652 μὲν
943 5576 1121 5634 πόλου
1167 5582 1292 5633 πνεῖ
1339 5578 1367 5631 ὀ
1416 5577 1734 5654 ἀπαρκτίας,
1767 5579 1874 5635 ἀπὸ

206 5671 271 5729 δὶ
327 5673 433 5725 τοῦ
475 5668 637 5725 νότου
696 5672 821 5724 πνεῖ
876 5668 905 5723 ὁ
952 5667 1134 5730 νότος.
1187 5668 1283 5722 Καὶ
1317 5665 1479 5723 πάλιν
1514 5666 1619 5723 ἀπὸ
1653 5668 1746 5741 μὲν
1777 5675 1878 5739 τῆς

205 5764 445 5839 θερινῆς
486 5756 761 5831 ἀνατολῆς
792 5762 917 5833 πνεῖ
964 5759 993 5815 δ
1039 5756 1295 5826 καικίας,
1328 5755 1436 5813 ἀπὸ
1491 5754 1550 5813 δὲ
1598 5763 1702 5829 τῆς
1754 5776 1876 5833 χει-

1981 4778 2093 4833 bus
2116 4793 2268 4832 aurea
2300 4776 2523 4848 frigidis
2555 4776 2698 4831 ﬂant
2720 4777 3003 4842 boreales,
3028 4792 3176 4847 quas
3207 4775 3418 4832 etesias
3441 4774 3634 4848 appel-

1978 4865 2121 4922 lant.
2154 4865 2389 4936 Spirant
2417 4870 2477 4921 et
2505 4865 2792 4921 australes
2840 4865 3033 4921 etesia
3073 4865 3145 4920 ab
3176 4863 3419 4920 australi
3469 4871 3632 4936 parte

1982 4955 2140 5011 orbis
2162 4959 2476 5019 terrarum,
2535 4954 2634 5010 sed
2669 4970 2768 5009 eas
2813 4971 2920 5010 nos
2950 4953 3245 5027 percipere
3273 4967 3392 5007 non
3417 4968 3633 5024 possu—

1984 5060 2138 5099 mus.
2199 5043 2451 5098 Veniunt
2499 5047 2696 5098 tamen
2755 5048 2809 5098 et
2855 5058 2924 5097 ex
2974 5046 3135 5115 parte
3185 5040 3432 5097 australi
3462 5040 3634 5097 nobis

1983 5132 2252 5204 propiore
2283 5132 2475 5188 etesiae
2505 5132 2658 5187 venti
2670 5133 2790 5199 ,sed
2825 5148 2953 5203 qua:
2978 5136 3105 5204 post
3130 5130 3637 5204 septuagesimum

1984 5221 2138 5278 diem
2154 5240 2185 5277 a
2201 5222 2411 5278 bruma
2426 5221 2545 5278 sive
2560 5222 2804 5278 hibcrno
2823 5221 3075 5278 solstitio
3091 5219 3381 5293 incipiunt
3394 5219 3640 5294 spirare,

1985 5312 2222 5383 quando
2254 5310 2339 5367 sol
2364 5315 2454 5367 est
2504 5310 2564 5367 in
2595 5310 2884 5367 Piscibus.
2918 5311 3003 5366 Ab
3051 5309 3349 5366 occidente
3379 5308 3641 5382 aequino-

1986 5400 2144 5457 ctiali
2167 5401 2269 5455 ﬂat
2298 5401 2688 5475 zephyrus,ab
2711 5401 2931 5457 oriente
2963 5398 3349 5473 azquinocliali
3372 5398 3643 5455 subsola-

1987 5506 2144 5546 nus:
2189 5494 2364 5562 atque
2421 5508 2453 5547 a
2510 5491 3009 5563 septentrionibus
3060 5489 3179 5546 sive
3235 5489 3448 5545 arctico
3505 5487 3638 5562 polo

1987 5584 2301 5653 aparctias,
2335 5599 2367 5636 a
2399 5581 2641 5637 meridie
2673 5586 2891 5637 auster.
2943 5583 3028 5636 Ab
3087 5579 3308 5635 oriente
3339 5577 3636 5634 solstitiali

1986 5669 2185 5727 mstivo
2212 5670 2469 5741 caeciam,
2514 5688 2548 5728 a
2584 5671 2840 5727 brumali
2893 5686 3104 5725 occasu
3161 5667 3280 5723 liba
3328 5670 3553 5724 vocant.
3588 5668 3631 5722 A

1987 5756 2239 5817 brumali
2269 5759 2491 5817 oriente
2538 5760 2725 5834 spirat
2772 5776 2949 5817 eurus
2997 5757 3118 5815 sive
3165 5755 3500 5830 vulturnus,
3556 5755 3628 5812 ab
