4102 6342
472 367 591 431 ’155
1810 362 2235 428 MICHAELIS
2276 363 2553 426 PSELLI
3772 356 3901 419 756

483 516 694 559 occasu
735 500 1027 559 solstitiali
1059 499 1255 556 aestivo
1286 503 1548 573 argestes
1579 515 1752 572 quem
1779 499 2127 555 Ptolemaeus
2158 525 2172 567 λ

2288 499 2468 573 ερινῆς
2521 493 2726 559 δύσεως
2781 498 2905 551 πνεῖ
2951 495 2980 549 6
3010 491 3130 568 λίψ.
3162 492 3267 550 Καὶ
3300 489 3405 546 ἀπὸ
3445 490 3540 565 μὲν
3568 496 3670 561 τῆς
3702 510 3898 566 χειμε-

485 591 1187 664 appellatjapyga.Atque
1218 588 1279 644 bi
1302 594 1430 645 octo
1462 590 1619 645 venti
1650 606 1679 645 e
1702 590 1990 644 diametro
2024 588 2135 644 sibi

489 680 735 735 invicem
767 684 1163 751 opponuntur.
1199 679 1366 735 Alius
1425 684 1632 734 ventus
1664 683 1753 734 est
1794 680 1865 734 ab
1898 696 2013 733 una
2047 694 2135 734 se-

490 770 680 825 ctione
715 766 832 839 poli
863 768 1085 833 arctici,
1144 780 1202 823 et
1249 772 1490 824 vocatur
1540 768 1742 824 boreas
1776 767 1894 822 sive
1925 783 2134 835 meses,

492 857 724 927 spirans
756 859 906 912 inter
927 857 1161 912 caaciam
1195 858 1654 930 aparctiamque.
1685 858 1850 912 Alius
1869 874 1937 911 ex
1959 855 2140 911 altera

489 946 607 1020 poli
638 946 838 1002 arctici
889 947 1147 1003 sectione
1205 950 1262 1001 et
1317 952 1559 1003 vocatur
1617 947 1925 1017 thrascias,
1989 946 2141 1000 inter

491 1036 811 1108 aparctiam
836 1039 1013 1108 atque
1064 1036 1365 1108 japygem.
1421 1035 1581 1091 Alius
1640 1053 1708 1091 ex
1738 1035 1991 1090 sectione
2024 1051 2141 1089 una

492 1125 608 1199 poli
632 1124 910 1180 australis
950 1125 1051 1180 ﬂat
1097 1128 1437 1194 euronotus,
1492 1126 1724 1180 medius
1752 1125 1905 1179 inter
1933 1140 2137 1178 eurum

493 1218 668 1287 atque
699 1219 988 1270 austrum.
1024 1215 1093 1269 Et
1126 1215 1277 1269 alius
1308 1214 1561 1285 denique
1610 1230 1677 1269 ex
1734 1213 1993 1268 sectione
2026 1212 2139 1284 poli

496 1303 775 1359 australis
806 1302 988 1358 altera
1013 1301 1488 1372 libonotus,inter
1510 1307 1778 1357 austrum
1811 1300 2144 1371 etlib;i,dic-

494 1396 593 1447 tus
616 1391 795 1447 etiam
829 1392 1175 1447 Phcsnicias.
1210 1396 1396 1463 Atque
1426 1391 1690 1447 boreales
1724 1390 1960 1462 quidem
1990 1389 2145 1445 venti

495 1482 828 1551 frequentes
852 1487 1010 1549 sunt,
1044 1482 1245 1536 minus
1298 1481 1513 1536 intensi
1557 1486 1772 1549 tamen,
1807 1481 2083 1551 quoniam
2114 1495 2145 1533 a

498 1572 667 1627 valde
696 1569 957 1625 humidis
986 1572 1215 1642 spirant
1246 1571 1601 1643 regionibus.
1624 1570 1923 1626 Australes
1950 1569 2148 1624 minus

2248 593 2400 661 ρινῆς
2462 585 2734 655 ἀνατολῆς
2794 580 2980 655 ἔξεισιν
3043 585 3070 637 6
3104 580 3283 656 εὖρος,
3334 582 3437 637 ἀπὸ
3470 579 3526 636 δὲ
3551 588 3650 651 τῆς
3683 582 3902 655 θερινῆς

2249 674 2451 739 δύσεως
2514 679 2637 729 πνεῖ
2712 677 2998 750 ἀργέστης,
3055 673 3112 728 ’ὀν
3188 673 3215 726 ὁ
3296 670 3640 744 Πτολεμαῖος
3701 669 3903 743 ἷάπυγα

2247 764 2667 841 προσαγορεύει.
2728 762 2833 819 Καὶ
2884 764 3031 817 οὗτοι
3098 761 3191 833 μὶν
3246 761 3298 815 οἱ
3360 760 3502 815 ὀκτὼ
3533 761 3724 832 ἄνεμοι
3765 757 3902 813 κατὰ

2250 852 2537 928 διάμετρον
2570 852 2836 923 ἀλλήλων
2892 851 3043 907 εἰσίν.
3091 851 3315 923 Ἕτερος
3350 847 3406 905 δὲ
3427 846 3625 922 ἄνεμος
3664 847 3771 901 ἀπὸ
3799 854 3901 917 τῆς

2254 948 2377 1017 μιᾶς
2442 945 2619 1015 τομῆς
2675 941 2787 996 ἐστι
2839 945 2935 996 τοῦ
2969 941 3223 1015 ἀρκτικοῦ
3281 939 3480 1008 πόλου,
3512 938 3601 993 καὶ
3654 936 3904 991 καλεῖται

2254 1034 2448 1109 βορέας
2543 1033 2577 1101 ἢ
2680 1031 2887 1105 μέσης,
2978 1028 3171 1103 μεταξὺ
3252 1030 3429 1084 πνέων
3513 1026 3726 1081 καικίου
3813 1024 3905 1079 καὶ

2251 1121 2581 1199 ἀπαρκτίου.
2642 1119 2852 1182 Ἄλλος
2908 1117 2963 1175 δὲ
3021 1121 3127 1175 ἀπὸ
3174 1122 3274 1191 τῆς
3334 1116 3511 1189 ἄλλης
3564 1122 3744 1189 τομῆς
3802 1119 3905 1169 106

2253 1216 2532 1290 ἀρκτικοῦ,
2592 1214 2677 1267 καὶ
2731 1211 2976 1267 καλεῖται
3026 1210 3183 1274 οὗτος
3245 1208 3521 1286 ορασκίας,
3584 1205 3781 1281 μεταξὺ
3831 1202 3903 1259 ὢν

2254 1302 2553 1380 ἀπαρκτίου
2624 1302 2712 1357 καὶ
2791 1301 3040 1378 ίάπυγος.
3120 1299 3289 1356 Πάλιν
3354 1298 3411 1354 δὶ
3462 1298 3565 1352 ἀπὸ
3620 1303 3721 1365 τῆς
3782 1300 3911 1380 μιᾷς

2251 1400 2428 1466 τομῆς
2456 1396 2552 1447 τοῦ
2603 1391 2787 1447 νοτίου
2840 1391 3018 1447 πόλου
3075 1396 3200 1446 πνεῖ
3230 1392 3256 1445 ὁ
3288 1387 3574 1464 εύρόνοτος
3607 1385 3801 1460 μεταξῦ
3833 1378 3907 1437 ὤν

2256 1480 2414 1557 εύρου
2480 1481 2569 1537 καὶ
2646 1482 2827 1537 νότου.
2911 1482 3042 1538 Ἀπὸ
3118 1479 3176 1535 δὲ
3237 1487 3342 1549 τῆς
3402 1479 3583 1553 ἐτέρας
3638 1481 3820 1547 τομῆς
3882 1475 3909 1527 ὁ

2258 1567 2566 1639 λιϐόνοτος,
2618 1570 2812 1644 μεταξὺ
2861 1568 2932 1624 ὢν
2991 1564 3147 1633 λιϐὸς
3170 1569 3259 1624 καὶ
3288 1567 3467 1638 νότου,
3501 1564 3559 1627 ὅς
3590 1564 3679 1619 καὶ
3712 1571 3909 1619 Φοινι-

502 1661 837 1731 frequentes
869 1664 1103 1731 propter
1142 1661 1431 1715 defectum
1491 1661 1765 1730 materiae,
1800 1660 2149 1715 intensiores

2285 1660 2377 1723 μίας
2424 1661 2690 1718 καλεῖται.
2742 1660 2845 1716 Καὶ
2892 1659 2959 1714 τά
3010 1659 3106 1732 μὲν
3156 1659 3341 1733 βόρεια
3387 1654 3688 1728 πνεύματα,
3722 1650 3913 1708 πολλά

502 1766 637 1805 vero
660 1753 899 1820 propter
920 1753 1208 1803 terrarum
1235 1766 1302 1805 ex
1319 1749 2146 1820 quibusveniuntsiccitatem.

2285 1751 2381 1822 ιὶν,
2441 1750 2539 1805 οὐκ
2602 1747 2785 1804 εὔτονα
2843 1747 2917 1818 δὲ,
2972 1746 3060 1803 διὰ
3104 1750 3166 1803 τὸ
3200 1748 3306 1802 ἀπὸ
3360 1744 3579 1812 πολλῆς
3612 1742 3914 1819 ὑγρότητος

501 1839 583 1894 Ex
612 1838 704 1893 his
734 1837 921 1893 ventis
954 1838 1209 1893 nubilosi
1232 1855 1357 1894 esse
1389 1840 1579 1893 solent
1610 1838 1834 1909 czecias,
1862 1839 2065 1893 boreas
2096 1840 2151 1893 et

2285 1844 2437 1894 πνεῖν·
2478 1841 2543 1894 τά
2574 1837 2629 1893 δὲ
2651 1840 2802 1893 νότια
2828 1838 2985 1914 ὀλίγα
3011 1839 3104 1907 μὲν
3136 1835 3224 1893 διὰ
3254 1839 3349 1906 τὴν
3382 1832 3583 1890 ἔνδειαν
3614 1837 3713 1898 τῆς
3743 1830 3911 1901 ὕλης,

2290 1925 2314 1941 υ
2499 1926 2540 1941 μ.
2603 1925 2626 1941 ο.
2665 1928 2677 1941 ι
2776 1929 2788 1941 .
2918 1934 2945 1941 -
3066 1934 3092 1941 _
3180 1928 3198 1941 .
3294 1925 3306 1941 ,
3525 1928 3563 1941 η.
3612 1922 3625 1941 1
3836 1924 3863 1934 ~

499 1927 790 1999 aparctias
826 1944 839 1982 :
873 1927 1195 1999 fulgurales
1230 1928 1459 1997 boreas,
1512 1928 1829 1999 aparctias,
1862 1926 2150 1983 thrascias

2287 1925 2446 1983 ὕτονα
2496 1926 2552 1982 δὶ
2600 1925 2688 1982 διὰ
2730 1929 2828 1996 τήν
2879 1934 2978 1998 τῆς
3022 1934 3126 2002 γῆς
3178 1925 3470 2001 ξηρότητα.
3525 1922 3736 1977 Τούτων
3794 1924 3908 1974 τῶν

499 2020 556 2072 et
585 2017 955 2088 argestes.Ex
988 2016 1141 2071 nube
1165 2033 1572 2088 prorumpens,
1598 2016 1943 2087 conephiam
1969 2016 2149 2072 Graeci

2285 2017 2473 2091 ινέμων
2552 2015 2855 2094 ἐπινέφελοι
2937 2017 3031 2089 μὲν
3107 2015 3319 2077 καικίας
3394 2012 3483 2068 καὶ
3540 2011 3753 2087 βορέας,
3810 2011 3916 2064 ἀπ-

502 2104 916 2178 appellant,est
939 2105 1143 2161 boreas
1165 2110 1220 2161 et
1242 2107 1428 2161 nubes
1449 2107 1747 2161 obducens
1771 2123 1960 2162 meses
1984 2113 2155 2177 atque

2285 2106 2483 2183 ιρκτίας
2515 2126 2527 2138 ·
2586 2107 2908 2182 ἀστραπαῖω
2961 2103 3019 2160 δὲ
3080 2106 3273 2180 βορέας
3307 2150 3322 2173 ,
3375 2100 3712 2177 ἀπαρκτίας,
3784 2110 3924 2172 θρα-

508 2194 1180 2267 aparclias.Grandinem
1214 2196 1381 2249 ati‘ert
1411 2196 1719 2267 aparctias,
1753 2194 2161 2267 thrasciasque

2285 2197 2419 2258 ι’κίας
2489 2197 2574 2250 καὶ
2656 2194 2943 2270 ἀργέστης.
3012 2194 3294 2272 Ἐκνεφίας
3352 2190 3409 2247 δὲ
3485 2192 3512 2245 ὀ
3574 2188 3771 2266 βοῤῥᾶς
3829 2188 3929 2242 καὶ

512 2288 570 2339 et
600 2287 858 2356 argestes
884 2302 897 2340 :
930 2288 1138 2339 aestum
1166 2288 1385 2351 auster,
1414 2285 1704 2358 zephyrus
1754 2291 1930 2358 atque
1960 2303 2160 2342 curus.

2285 2282 2589 2362 νεφελώδης
2624 2285 2718 2357 μὲν
2776 2285 2948 2356 μέσης
2994 2284 3081 2337 καὶ
3117 2280 3441 2354 ἀπαρκτίας,
3476 2275 3813 2355 χαλαζώδης
3873 2272 3941 2330 δὲ

516 2378 798 2429 Caeterum
823 2374 1112 2446 zephyrus
1145 2377 1355 2430 natura
1385 2375 1621 2447 quidem
1649 2375 2019 2448 suafrigidus
2053 2378 2162 2442 est,

2285 2375 2577 2450 ἀπαρκτίας
2636 2373 2725 2428 καὶ
2786 2372 3040 2448 θρασκίας
3081 2372 3172 2427 καὶ
3218 2370 3504 2448 ἀργέστης,
3563 2363 3940 2440 καυματώδης

520 2467 812 2536 quatenus
836 2467 1030 2518 autem
1062 2462 1121 2519 in
1146 2464 1885 2535 zestatespirat,ascititium
1919 2464 2167 2520 calorem

2285 2461 2335 2518 δὲ
2390 2464 2547 2526 νότος
2602 2462 2692 2517 καὶ
2756 2463 2980 2539 ζέφυρος
3009 2461 3097 2516 καὶ
3130 2460 3307 2532 εὖρος
3364 2461 3423 2517 Ὀ
3456 2456 3513 2513 δὲ
3546 2458 3772 2535 ζέφυρος
3815 2456 3948 2509 κατ’

528 2552 790 2608 obtinet:
851 2553 1055 2606 boreas
1113 2568 1246 2607 vero
1306 2552 1743 2608 exhalationum
1798 2552 2172 2607 multitudine

2285 2552 2467 2608 οὐσίαν
2534 2551 2626 2625 μέν
2684 2551 2793 2605 ἐστι
2845 2551 3078 2625 ψυχρὸς,
3112 2551 3245 2603 καθὸ
3290 2547 3347 2603 δὲ
3398 2548 3447 2603 ἰν
3506 2552 3584 2619 τῷ
3629 2546 3768 2622 θέρει
3819 2552 3948 2598 πνΞῖ

527 2643 715 2698 nubes
747 2658 978 2713 semper
1008 2642 1375 2708 absorbet,ac
1407 2642 1779 2697 serenitatem
1807 2642 2173 2709 inducit,nisi

528 2730 780 2802 frigidus
808 2730 1013 2785 fuerit:
1042 2731 1090 2785 si
1122 2747 1255 2786 vero
1284 2730 1461 2786 fuerit
1493 2731 2010 2802 frigidus,vapores
2029 2730 2174 2804 spis-

528 2826 621 2877 sat
653 2821 1041 2891 indensatque
1071 2824 1383 2891 antequam
1408 2822 1621 2876 nubem
1682 2827 2069 2889 summoveat,
2098 2822 2175 2876 fa-

528 2912 724 2982 citque
755 2910 1031 2982 pluviam.
1058 2912 1246 2981 Atque
1305 2910 1577 2963 contrarii
1612 2910 1843 2982 quidem
1875 2912 2031 2966 venti
2055 2911 2176 2983 spi-

529 3016 659 3055 rare
689 3000 892 3054 eodem
917 3002 1174 3070 tempore
1209 3015 1320 3053 non
1358 3003 1625 3070 possunt.
1659 2999 1764 3061 Qui
1798 3016 1971 3071 porro
2024 3000 2176 3072 apud

532 3106 638 3144 nos
670 3088 769 3143 ﬂat
800 3091 1143 3154 auster,n0n
1176 3104 1207 3143 a
1226 3087 1354 3159 polo
1379 3088 1621 3143 australi
1655 3089 1775 3143 sive
1798 3093 2000 3144 austro
2022 3089 2181 3146 orbis

529 3181 822 3234 terrarum
854 3175 1166 3248 spirat,sed
1194 3176 1264 3231 ab
1294 3175 1490 3233 aestivo
1512 3178 1752 3251 tropico.

1107 3357 1230 3411 111.
1268 3361 1344 3411 De
1374 3357 1628 3428 typhone.

612 3443 856 3517 Typhon
878 3445 1032 3500 venti
1064 3461 1249 3517 genus
1278 3449 1367 3501 est
1387 3447 1539 3516 quod
1566 3446 1851 3502 Homerus
1874 3448 2182 3520 procellam

540 3537 729 3600 vocat,
762 3533 1106 3590 Aristoteles
1137 3534 1474 3607 typhonem,
1507 3536 1663 3606 quod
1697 3537 1916 3592 densus
1947 3537 2040 3593 hic
2068 3540 2189 3611 spi-

546 3624 695 3680 ritus
716 3622 904 3677 τύπτει
953 3628 1011 3677 et
1067 3624 1334 3679 verberat
1362 3641 1426 3679 ac
1469 3627 1786 3695 prosternit
1816 3628 2103 3698 quidquid
2136 3630 2186 3683 ei

546 3732 609 3771 se
635 3713 930 3770 obtulerit.
957 3716 1142 3769 Causa
1174 3713 1302 3783 ejus
1334 3720 1473 3768 sunt
1493 3714 1809 3769 crassiores
1834 3733 2073 3786 vapores
2089 3718 2187 3772 de-

544 3821 724 3876 super
753 3820 784 3859 ο
845 3803 1100 3858 nubibus
1156 3808 1313 3857 recta
1361 3803 1634 3858 deorsum
1680 3804 2099 3861 descendentes
2128 3806 2188 3860 in

543 3898 760 3948 terram
791 3891 878 3947 vel
910 3891 969 3946 in
1004 3908 1184 3961 mare,
1218 3892 1315 3962 qui
1377 3892 1433 3945 in
1466 3892 1836 3947 resistentem
1870 3895 2189 3965 quamdam

542 3981 872 4036 incidentes
901 3981 1207 4035 materiam
1231 3986 1384 4036 retro
1407 3980 1727 4051 pelluntur.
1787 3984 2028 4047 Quando
2063 3986 2187 4052 qui-

544 4071 677 4125 dem
709 4086 844 4124 vero
868 4085 1214 4139 repercussa
1264 4070 1471 4123 horum
1523 4086 1656 4139 pars
1710 4077 1946 4140 propter
1992 4088 2191 4126 succe-

544 4160 748 4214 dentes
806 4158 952 4212 alios
1014 4173 1259 4227 vapores
1310 4174 1610 4229 resurgere
1690 4161 2054 4230 prohibetur,
2116 4163 2190 4217 ad

544 4247 783 4317 obliqua
808 4247 1076 4301 feruntur
1106 4246 1614 4317 perfringuntque,
1671 4253 1845 4319 atque
1903 4250 2076 4303 etiam
2112 4250 2190 4305 ibi

543 4335 989 4391 occurrentibus
1011 4350 1133 4403 quas
1158 4334 1491 4389 renituntur
1521 4333 1654 4391 aliis
1683 4338 2190 4407 partibus,iterum

544 4423 968 4495 disperguntur
1012 4421 1350 4493 faciuntque
1416 4422 1660 4479 helicem
1738 4428 1859 4480 sive
1914 4428 2191 4483 vorticem

541 4512 720 4579 venti,
756 4511 912 4582 quia
941 4515 1098 4565 terra
1127 4516 1183 4565 et
1212 4528 1245 4565 a
1276 4512 1420 4565 mari
1455 4512 1512 4565 in
1540 4514 1791 4569 sublime
1825 4515 2015 4569 attolit
2044 4534 2192 4587 quaa-

2282 2640 2637 2713 νοθευόμενος
2687 2637 3048 2713 θερμαίνεται,
3100 2639 3127 2691 6
3162 2635 3218 2691 δὲ
3272 2634 3465 2710 βορέας
3496 2631 3671 2688 διὰτὸ
3718 2631 3945 2699 πλῆθος

2280 2738 2380 2800 τῆς
2412 2730 2821 2802 ἀναθυμιάσεως
2874 2727 2953 2781 ἀεὶ
2996 2720 3261 2781 ἀποσοϐεῖ
3300 2725 3367 2779 τά
3402 2725 3558 2802 νέφη,
3605 2722 3691 2776 καὶ
3749 2718 3944 2775 εὐδίαν

2284 2826 2452 2887 ποιεῖ,
2504 2817 2648 2884 πλὴν
2710 2813 2833 2870 ὅταν
2902 2817 2976 2890 μή
3035 2813 3276 2889 ψυχρός*
3348 2814 3393 2868 εί
3453 2810 3509 2867 δὶ
3564 2810 3647 2881 εἴη
3698 2810 3943 2885 ψυγρὸς,

2286 2908 2513 2984 παχύνει
2565 2908 2663 2975 τὴν
2726 2904 2925 2979 ἀτμίδα
2970 2906 3095 2981 πρὶν
3124 2904 3159 2973 ἢ
3189 2897 3531 2972 ἀποσοϐῆσαι
3562 2901 3621 2955 τὸ
3652 2901 3811 2977 νέφος
3843 2900 3941 2952 καὶ

2286 3003 2435 3054 ποιεῖ
2509 2996 2690 3053 ὑετόν.
2754 2995 2852 3049 Καὶ
2906 2996 2957 3049 οἱ
3011 2994 3104 3067 μὲν
3160 2993 3276 3048 κατ’
3335 2990 3581 3068 ἄντικρυς
3633 2987 3822 3061 ἄνεμοι
3872 2987 3940 3041 οὗ

2291 3087 2535 3143 δύνανται
2569 3087 2682 3159 ἅμα
2733 3089 2905 3153 πνεῖν,
2964 3088 3023 3141 ‘0
3075 3080 3133 3136 δὲ
3183 3082 3302 3145 καθ’
3351 3083 3498 3155 ἡμᾶς
3524 3078 3679 3139 νότος
3710 3077 3807 3131 οὐκ
3830 3078 3943 3131 ἀπὸ

2289 3179 2449 3233 νότου
2507 3180 2604 3231 106
2635 3176 2834 3237 παντὸς
2883 3179 3023 3246 πνεῖ,
3075 3171 3201 3229 ἀλλ’
3250 3172 3355 3227 ἀπὸ
3395 3175 3490 3226 106
3541 3172 3753 3244 θερινοῦ
3808 3187 3943 3243 1pc-

2213 3242 2255 3309 α
2292 3272 2480 3325 πικοῦ.

2827 3355 2948 3430 ρια’.
2981 3352 3109 3429 Περὶ
3138 3355 3408 3427 τυφῶνος.

2366 3448 2421 3500 Ὁ
2476 3450 2657 3524 τυφῶν
2718 3442 2918 3517 ἄνεμός
2964 3441 3128 3508 ἐστιν,
3162 3442 3219 3495 ’ὸν
3253 3442 3279 3495 6
3315 3441 3407 3513 μὲν
3431 3441 3677 3511 ’Όμηρος
3708 3433 3951 3490 θύελλαν

2301 3535 2585 3609 ὀνομάζει,
2640 3536 2667 3589 6
2729 3531 2786 3588 δὲ
2838 3530 3223 3607 Ἀριστοτέλης
3257 3530 3362 3585 ἀπὸ
3410 3532 3505 3583 106
3536 3526 3684 3603 παχὺ
3718 3526 3951 3580 εἶναιτὸ

2296 3630 2528 3698 πνεῦμα,
2581 3623 2670 3678 καὶ
2730 3626 2845 3677 οἷον
2902 3622 3101 3676 τύπτον
3161 3621 3224 3675 τὸ
3282 3616 3621 3693 παρατυχὸν,
3677 3618 3899 3690 τυφῶνα
3934 3657 3947 3669 .

2296 3714 2453 3771 Αἷτία
2510 3711 2567 3767 δὲ
2623 3712 2841 3781 τούτου,
2874 3712 3035 3784 ἀτμὶς
3090 3714 3295 3784 παχεῖα
3352 3705 3551 3771 ἄνωθεν
3586 3704 3689 3759 ἀπὸ
3718 3708 3827 3759 τῶν
3860 3724 3947 3757 νε-

2299 3808 2410 3879 φῶν
2469 3803 2741 3880 φερομένη
2800 3801 2915 3855 κατ’
2976 3798 3096 3853 εὐθὺ
3155 3797 3241 3852 ἐπὶ
3293 3797 3356 3851 τὸ
3407 3798 3680 3863 κάταντες,
3741 3792 3775 3861 ἢ
3808 3794 3948 3847 κατὰ

2296 3902 2394 3961 τῆς
2462 3895 2759 3965 θαλάσσης,
2842 3894 2964 3963 ἥτις
3038 3890 3443 3967 προσπταίουσα
3504 3888 3608 3943 τινὶ
3668 3887 3949 3957 ἀντιτύπῳ

2300 3984 2526 4057 ὀνόματι
2580 3981 2948 4037 ἀναπάλλεται
3007 3980 3083 4042 εἷς
3130 3978 3393 4035 τούπίσω.
3455 3973 3675 4043 Ἐπειδὴ
3738 3971 3795 4029 δὲ
3842 3995 3950 4028 κω-

2301 4074 2485 4129 λύεται
2539 4074 2601 4127 τὸ
2660 4069 3129 4142 ἀντιπαλλύμενον
3182 4068 3344 4122 αὐτοῦ
3403 4066 3564 4141 μέρος
3596 4065 3672 4127 εἶς
3704 4064 3951 4118 τούπίσω

2300 4160 2702 4217 ἀναπάλλεσθαι
2784 4160 2887 4214 ὑπὸ
2969 4163 3065 4213 106
3149 4153 3363 4211 ὄπισθεν
3448 4153 3952 4216 ἐπακολουθοῦντος

2300 4253 2467 4305 αὐτοῦ
2504 4251 2723 4325 μέρους,
2776 4249 2860 4303 ἐπὶ
2893 4248 2960 4303 τά
3007 4246 3217 4321 πλάγια
3243 4244 3549 4311 διακλᾶται,
3585 4244 3695 4297 εἶνα
3734 4243 3953 4296 κάκεῖσε

2303 4340 2574 4411 ἀντιτύπῳ
2606 4340 2971 4408 συναντήσασα
3034 4338 3208 4411 μέρει,
3260 4335 3425 4390 πάλιν
3459 4331 3825 4408 σκορπίζεται,
3850 4332 3953 4401 ῖκαῖ

2301 4429 2507 4504 γίνεται
2536 4427 2672 4499 ἓλιξ,
2704 4426 2834 4496 ἦτοι
2866 4428 3136 4503 συστροφὴ
3169 4429 3265 4480 106
3296 4424 3519 4496 ἀνέμου,
3554 4421 3955 4495 μετεωρίζουσα

2299 4520 2387 4572 καὶ
2416 4519 2521 4572 ἀπὸ
2552 4524 2650 4586 τῆς
2680 4524 2803 4590 γῆς,
2836 4515 2925 4569 καὶ
2958 4517 3064 4570 ἀπὸ
3093 4522 3191 4583 τῆς
3222 4512 3492 4582 θαλάττης
3522 4512 3588 4565 τὰ
3623 4509 3956 4584 ἐπιτυχόντα

544 4616 776 4672 cunque
806 4616 1049 4671 corpora
1080 4600 1663 4671 apprehenderit.Hio
1695 4610 2172 4677 estventusqucu:

2298 4608 2541 4679 σώματα.
2568 4606 2739 4667 Οὗτός
2768 4604 2905 4659 ἐστιν
2932 4606 2959 4659 6
2992 4603 3188 4677 ἄνεμος
3223 4605 3249 4657 ὁ
3292 4599 3634 4674 καλούμενος
3680 4600 3827 4673 παρά
3876 4620 3953 4651 τι-

542 4689 810 4745 nonnulli
841 4688 1156 4762 typhonem
1199 4688 1513 4759 appellant.

1112 4807 1234 4861 112.
1270 4807 1342 4862 De
1371 4807 1654 4879 ecnephia.

613 4903 941 4977 Ecnephias
964 4903 1138 4959 etiam
1164 4918 1350 4974 genus
1381 4909 1488 4972 est,
1517 4922 1847 4978 parumque
1875 4924 1908 4961 a
1937 4908 2191 4979 typhone

545 4994 865 5050 diversum.
900 4993 1010 5047 Sed
1044 5009 1158 5047 non
1193 4992 1453 5047 cernitur
1486 4996 1824 5067 ecnephias,
1857 4996 2042 5052 oculis
2083 5014 2190 5052 au-

540 5087 658 5139 tem
693 5082 946 5138 sentitur
976 5081 1172 5154 typho,
1216 5087 1415 5152 utpote
1456 5084 1551 5154 qui
1611 5085 2040 5142 crassissimum
2072 5103 2187 5140 ma-

541 5172 773 5237 teriam,
815 5186 1059 5242 vapores
1093 5170 1440 5241 fuliginosos
1498 5189 1563 5226 ex
1606 5175 1758 5227 nube
1791 5191 1984 5229 secum
2011 5175 2184 5230 vehit.

543 5259 898 5332 Ecnephiam
932 5258 1086 5330 sopit
1117 5258 1332 5331 pluvia,
1367 5261 1464 5315 sed
1490 5261 1729 5332 typhoni
1764 5265 2185 5334 compescendo

540 5349 734 5419 impar
761 5352 869 5416 est,
906 5348 1006 5420 qui
1064 5365 1097 5402 a
1135 5347 1351 5403 boreali
1402 5353 1573 5405 vento
1630 5352 1857 5406 tollitur
1888 5358 1942 5407 et
1974 5354 2187 5407 exstin-

541 5437 761 5509 guitur.
793 5436 947 5491 Nihil
1000 5436 1153 5490 aliud
1201 5453 1368 5509 porro
1416 5443 1504 5493 est
1534 5440 1845 5512 ecnephias
1871 5443 2184 5499 vehemens

545 5542 720 5598 quam
754 5526 1017 5598 typho,et
1048 5524 1223 5598 typho
1272 5528 1558 5583 remissus
1605 5529 1755 5584 haud
1804 5532 2069 5587 diversus
2097 5537 2186 5588 est

545 5616 616 5670 ab
638 5614 938 5686 ecnephia.
1003 5615 1223 5685 Saepius
1255 5620 1309 5669 et
1366 5631 1434 5670 ex
1468 5618 1693 5688 frigidis
1725 5619 1842 5675 oris
1877 5638 1976 5692 per
1996 5622 2185 5677 calida

543 5703 671 5760 loca
703 5704 993 5776 spirantes
1027 5708 1081 5759 et
1113 5704 1342 5761 alterati
1372 5708 1526 5762 venti
1563 5708 1705 5763 ﬂant
1726 5709 2005 5781 calidum,
2030 5715 2086 5767 et
2116 5729 2185 5769 ex

2299 4717 2404 4750 νων
2434 4700 2637 4771 τυφῶν.
3116 4754 3129 4763 ,

2824 4810 2950 4885 ριβ’,
2982 4809 3110 4885 Περί
3151 4806 3417 4883 ἐκνεφίου.

2370 4909 2606 4982 ’Ἄνεμός
2649 4907 2758 4963 ἐστι
2806 4908 2896 4963 καὶ
2954 4909 2982 4963 6
3036 4906 3277 4985 ἐκνεφίας
3338 4902 3532 4980 σχεδὸν
3592 4905 3620 4959 6
3666 4902 3825 4965 αὐτὸς
3875 4908 3959 4973 τῷ

2296 5002 2524 5075 τυφῶνι.
2558 4995 2711 5066 Πλὴν
2750 4999 2777 5051 ὁ
2815 4998 2908 5070 μὲν
2956 4995 3202 5074 ἐκνεφίας
3236 4994 3343 5070 οὐχ
3376 4996 3589 5070 ὁρᾶται,
3622 4993 3651 5048 6
3683 4989 3740 5046 δὶ
3767 4997 3955 5070 τυφῶν

2298 5087 2533 5162 ὁρᾶται,
2606 5083 2693 5141 διὰ
2740 5087 2801 5141 τὸ
2859 5084 3334 5161 ποχυμερεστέραν
3389 5082 3573 5138 ούσίαν
3630 5079 3956 5156 συνεφέλκε-

2297 5177 2415 5229 σθαι
2475 5174 2534 5230 ἐκ
2590 5179 2684 5230 106
2727 5176 2917 5253 νέφους
2945 5176 3042 5243 τὴν
3092 5171 3351 5243 καπνώδη
3414 5172 3793 5243 ἀναθυμίασιν.
3852 5171 3953 5225 Καὶ

2294 5266 2381 5318 τὸν
2443 5263 2684 5343 ἐκνεφίαν
2744 5264 2900 5318 παύει
2957 5265 3129 5329 ὑετὸς,
3158 5263 3249 5317 τὸν
3285 5260 3341 5317 δὲ
3371 5265 3591 5339 τυφῶνα
3621 5260 3729 5334 οὐχ
3767 5259 3954 5321 ἱκανός

2294 5354 2405 5409 ἐστι
2466 5360 2685 5422 παῦσαι,
2740 5352 2863 5409 ἀλλ’
2918 5355 2945 5408 ὁ
3008 5352 3198 5429 βορέας
3255 5351 3413 5408 αὐτὸν
3485 5346 3901 5405 κατασϐέννυσιν
3934 5396 3948 5406 .

2293 5441 2463 5501 Οὐδὲν
2535 5442 2592 5498 δὶ
2645 5440 2824 5519 ἕτερόν
2880 5441 3018 5497 ἐστιν
3077 5441 3340 5519 ἐκνεφίας,
3399 5442 3433 5510 ἢ
3491 5444 3672 5517 τυφῶν
3708 5438 3946 5494 ἐπιτετα-

2295 5535 2475 5607 μὲνος.
2534 5533 2623 5587 καὶ
2678 5534 2800 5587 ὅσον
2856 5533 2949 5606 μὲν
2998 5533 3134 5586 κατά
3188 5531 3250 5586 τὸ
3282 5528 3422 5592 εἶδος
3452 5530 3642 5583 ταυτόν
3677 5527 3819 5583 ἐστιν
3856 5527 3941 5583 ἐκ·

2291 5622 2471 5699 νεφίας
2504 5622 2593 5678 καὶ
2623 5626 2828 5700 τυφῶν,
2860 5621 2995 5676 κατά
3044 5618 3101 5675 δὶ
3150 5621 3248 5690 τὴν
3311 5618 3547 5675 ἐπίτασιν
3601 5618 3688 5673 καὶ
3762 5615 3939 5673 ἄνεσιν

2294 5710 2656 5791 διαφέρουσιν.
2715 5712 2775 5769 Ὁ
2835 5710 2929 5784 μὶν
2987 5710 3088 5788 γὰρ
3139 5713 3320 5790 τυφῶν
3381 5706 3767 5782 ἐπιτεταμᾶνος
3796 5706 3940 5763 ἐστὶν
