4102 6342
265 438 393 500 757

1461 443 1564 504 DE
1607 440 2046 505 OMNIFARIA
2088 444 2508 507 DOCTRINA.

3571 449 3692 510 758

267 568 539 650 ἰκνεφίας,
597 568 709 628 ὁδὶ
765 571 1009 651 ἐκνεφίας
1069 552 1365 646 ἆνειμένοςῆ
1406 576 1612 652 τυφῶν.
1646 571 1927 638 Ηολλάκις

2052 575 2251 634 :alidis
2282 577 2490 634 ﬂantes
2520 577 2581 635 in
2612 578 2805 635 medio
2836 578 3060 653 frigidm
3083 577 3355 652 permisti
3386 596 3540 637 aurae
3583 579 3693 637 fri-

271 661 398 735 μὲν,
455 661 507 716 οἱ
568 662 663 736 μὶν
718 663 824 718 ἀπὸ
880 665 1111 739 ψυχρῶν
1175 661 1351 718 τόππν
1411 663 1655 727 πνέοντες
1714 664 1927 736 ἄνεμοι,

263 838 409 915 ἂὲρι,
443 841 649 916 ψυχροὶ
685 837 1054 918 διαρρέουσιν.

786 949 914 1023 ριγ’.
949 949 1083 1023 Περὶ
1111 952 1411 1024 κεραυνῶν.
1519 974 1522 976 ν

343 1038 404 1095 Ὀ
460 1038 712 1111 κεραυνὸς
762 1038 865 1092 οὑκ
917 1035 1035 1113 ἔχει
1086 1038 1148 1093 τὸ
1179 1037 1407 1115 φλὲγον,
1452 1037 1800 1115 λεπτομερὴς
1828 1041 1928 1114 γάρ

263 1124 414 1182 ἐστιν
464 1129 501 1196 ἡ
559 1126 713 1182 οὐσία
768 1128 958 1200 αὐτοῦ,
1019 1126 1140 1183 ὅθεν
1198 1127 1413 1203 ταχέως
1449 1125 1808 1203 διερχόμενος
1862 1129 1931 1183 τὰ

266 1217 501 1289 σώματα
560 1213 649 1272 διὰ
700 1217 802 1285 τήν
862 1215 1171 1287 λεπτότητα
1235 1217 1297 1271 οὐ
1373 1216 1695 1295 καταφλέγει
1772 1217 1927 1275 αὐτὰ.

261 1308 458 1370 Ἔνθεν
499 1327 585 1361 τοι
633 1306 724 1361 καὶ
770 1307 1028 1381 κεραυνὸς
1061 1302 1373 1381 ὠνόμασται
1405 1306 1511 1361 ἀπὸ
1541 1311 1637 1360 τοῦ
1672 1306 1928 1380 εὐκραής,

264 1396 406 1450 εἶναι
464 1395 554 1451 καὶ
610 1397 685 1467 μή
718 1392 954 1472 φλέγειν.
1031 1393 1174 1451 Ιιάνυ
1247 1396 1348 1471 γὰρ
1429 1392 1927 1473 λεπτομερέστερος

265 1482 372 1553 ὢν,
423 1486 495 1547 ὡς
558 1482 794 1555 ε’ίρηται,
845 1483 1073 1555 ὀξύτατα
1095 1485 1158 1539 τὸ
1189 1482 1351 1558 σῶμα
1381 1480 1590 1557 δίεισιν,
1616 1483 1753 1539 ὥστε
1787 1488 1928 1558 μήτε

264 1573 464 1643 καίειν,
546 1576 687 1645 μήτε
767 1572 1066 1646 μελαίνειν.
1136 1575 1295 1638 “Ὀθεν
1373 1573 1462 1629 καί
1530 1594 1668 1637 τινες
1720 1575 1930 1649 ἀργῆτα

259 1667 459 1719 τοῦτον
516 1664 867 1735 ὠνομάκασιν
893 1660 1020 1732 ἤτοι
1052 1661 1334 1737 λαμπρύν.
1388 1663 1584 1738 ’Δργὸν
1616 1663 1678 1717 τὸ
1698 1661 1928 1730 λευκόν.

264 1751 335 1807 Εἴ
388 1752 490 1827 γὰρ
546 1755 654 1828 πῦρ
713 1750 825 1831 ἐστι
880 1751 971 1806 καὶ
1030 1752 1185 1830 φύσει
1231 1748 1348 1827 ἔχει
1405 1752 1468 1806 τὸ
1493 1750 1687 1809 καίειν.
1720 1750 1846 1807 ἀλλ’

266 1839 550 1912 λεπτότης
599 1840 689 1895 καὶ
735 1842 771 1910 ἡ
801 1839 1047 1915 ταχύτης
1071 1847 1175 1910 τῆς
1206 1837 1393 1895 διόδου
1429 1841 1504 1914 μὴ
1536 1839 1925 1916 ἰγχρονίζουσα

2039 665 2161 739 gidi
2186 667 2460 723 afﬂuunt.

150 816 155 817 ν
263 749 622 823 νοθευόμενοι
652 747 742 806 διά
771 751 936 826 μέσου
969 753 1187 829 θερμῶν
1219 753 1400 807 τόπων
1437 752 1629 831 θερμοὶ
1662 752 2069 810 καταπνέουσιν·
2103 754 2157 809 οἱ
2187 752 2246 810 δὲ
2275 756 2381 811 ἀπὸ
2415 753 2632 830 θερμῶν
2660 754 3047 832 κεραννύμενοι
3106 754 3305 834 ψυχρῷ
3364 755 3456 812 διὰ
3520 757 3690 832 μέσου

2545 954 2669 1009 113.
2703 954 2776 1008 De
2802 952 3159 1022 fulminibus.

2109 1042 2349 1097 Fulmen
2382 1059 2498 1098 non
2525 1042 2672 1098 solet
2730 1041 3061 1110 incendere,
3094 1042 3482 1099 substantiam
3533 1043 3693 1099 enim

2037 1131 2216 1187 habet
2247 1131 2723 1201 subtilissimum,
2744 1132 2897 1187 unde
2928 1148 3171 1204 corpora
3202 1130 3467 1188 celeriter
3496 1135 3690 1187 trans-

2038 1222 2230 1276 eundo
2263 1226 2501 1294 propter
2532 1221 2920 1277 subtilitatem
2950 1237 3020 1276 ea
3048 1237 3163 1276 non
3195 1221 3693 1278 inﬂammat.Inde

2038 1314 2098 1366 et
2126 1310 2343 1367 Graecis
2399 1311 2591 1367 dictus
2650 1309 2906 1381 κεραυνὸς
2955 1311 3123 1382 quasi
3155 1308 3386 1382 εύκραὴς
3419 1312 3575 1383 quod
3608 1312 3690 1367 fa-

2037 1398 2146 1455 cile
2179 1404 2457 1471 permeet,
2483 1416 2674 1472 neque
2705 1401 2847 1456 adeo
2882 1401 3200 1470 accendat;
3232 1400 3691 1457 subtilissimum

2037 1488 2193 1545 enim
2226 1506 2361 1544 cum
2394 1488 2492 1555 sit,
2509 1494 2573 1545 ut
2604 1488 2744 1555 dixi,
2768 1488 3069 1546 celerrime
3097 1506 3311 1563 corpus
3342 1490 3607 1562 pervadit
3633 1504 3695 1554 ut

2036 1593 2145 1632 nec
2179 1577 2507 1633 inﬂammet
2539 1594 2728 1649 neque
2751 1578 2983 1650 nigrum
3017 1577 3214 1647 faciat,
3247 1578 3405 1634 unde
3431 1619 3434 1621 λ
3460 1581 3519 1634 et
3542 1594 3691 1635 non-

2036 1665 2186 1721 nulli
2213 1671 2422 1723 vocant
2450 1663 2660 1740 ἀργῆτα
2684 1666 2805 1721 sive
2836 1666 3117 1736 candens,
3150 1664 3312 1741 ἀργὸν
3347 1666 3505 1723 enim
3563 1683 3694 1723 can-

2035 1754 2242 1810 didum
2299 1754 2615 1827 signiﬁcat.
2666 1757 3014 1827 Quanquam
3065 1755 3223 1811 enim
3281 1755 3505 1811 fulmen
3537 1755 3692 1828 ignis

2036 1848 2146 1913 est,
2199 1843 2381 1914 quod
2417 1848 2628 1899 natura
2659 1843 2777 1898 urit
2831 1849 2891 1899 at
2947 1843 3251 1899 subtilitas
3294 1844 3690 1916 velocitasque
3758 1851 3763 1856 ’

261 1934 352 2003 τῷ
394 1930 608 2003 σώματι
658 1927 920 1985 ἅκαυστον
969 1927 1132 1985 τοῦτο
1183 1928 1262 2000 ἐᾷ.
1296 1935 1405 1985 Πᾶν
1472 1930 1576 2005 γὰρ
1635 1930 1698 1985 τὸ
1753 1935 1925 2000 καῖον,

2052 1933 2322 1988 :ransitus
2356 1949 2473 1988 non
2522 1949 2626 2003 per
2684 1938 3048 1988 momentum
3079 1932 3405 1989 immorans
3435 1933 3686 2005 corpori,

266 2019 339 2075 οὑ
374 2018 535 2092 μόνον
590 2019 847 2095 μεγέθους
877 2017 1084 2074 οἷ’κείου
1124 2016 1297 2074 δεῖται
1348 2020 1520 2092 πυρὸς
1563 2022 1659 2073 τοῦ
1712 2024 1928 2087 καῦσαι,

273 2106 423 2164 ἀκλά
451 2108 540 2163 καὶ
563 2112 660 2163 τοῦ
688 2107 779 2163 καὶ
810 2102 1139 2181 ἐμϐραδῦναι
1170 2112 1249 2180 τῷ
1269 2112 1484 2180 καυστῷ
1517 2107 1753 2181 σώματι.
1775 2110 1931 2184 Παρὰ

265 2198 475 2269 ταύτην
500 2196 593 2254 οὗν
631 2197 732 2267 τὴν
763 2196 939 2253 αἰτίαν
975 2198 1039 2252 οὐ
1071 2196 1261 2275 φλᾶγει
1294 2198 1322 2252 ὁ
1352 2197 1632 2273 κεραυνός.

765 2463 888 2540 ριδ’.
921 2464 1054 2539 Περὶ
1092 2471 1430 2542 πρηστῆρος.

339 2557 403 2614 Ὀ
472 2557 726 2632 πρηστὴρ
793 2555 1155 2634 καταφλέγει,
1230 2555 1305 2619 ὡς
1388 2556 1478 2609 καὶ
1560 2554 1691 2610 αὐτὸ
1758 2551 1924 2624 δηλοῖ

257 2643 539 2719 τοῦνομα.
598 2646 861 2721 Πρηστὴρ
891 2645 992 2722 γὰρ
1024 2645 1129 2699 ἀπὸ
1159 2648 1255 2698 τοῦ
1312 2645 1538 2719 πρήθειν
1570 2642 1605 2712 ἢ
1649 2642 1924 2719 ἐμπιπρᾷν

262 2734 583 2806 ὠνόμασται
615 2776 630 2791 .
689 2732 891 2808 Φλὲγει
945 2731 1003 2788 δὶ
1059 2731 1150 2787 διὰ
1202 2733 1266 2788 τὸ
1316 2733 1742 2787 συνεπισπᾶσθαι
1807 2736 1928 2805 μεθ’

264 2824 466 2879 ἑαυτοῦ
541 2821 1019 2899 παχυμερεστὲραν
1079 2821 1264 2877 οὐσίαν
1324 2820 1383 2876 ἐκ
1438 2826 1534 2875 τοῦ
1587 2822 1779 2899 νέφους
1837 2820 1929 2876 καὶ

261 2911 471 2982 ταύτην
545 2910 842 2990 ἐμφυροῦν.
921 2908 1126 2966 Τούτου
1172 2908 1229 2965 δὲ
1286 2912 1604 2985 πρηστῆρος
1659 2909 1750 2965 καὶ
1792 2929 1930 2986 προ-

264 3005 487 3076 ηγεῖται
528 3004 766 3074 πνεῦμα,
795 2999 886 3056 καὶ
917 3003 1079 3055 τοῦτο
1122 2998 1292 3070 δῆλον
1327 2999 1386 3054 ἐκ
1410 3003 1531 3073 τοῦ,
1556 2998 1623 3054 τὰ
1655 2998 1931 3073 μέλλοντα

268 3089 667 3163 ἕμπίπρασθαι,
726 3094 942 3165 πρῶτον
993 3092 1206 3162 πνεῦμα
1235 3092 1332 3145 τοῦ
1362 3091 1680 3165 πρηστῆρος
1711 3085 1932 3152 θειῶδις

268 3178 331 3233 ’ὀν
394 3173 628 3249 πλήττει
685 3177 775 3233 καὶ
830 3176 1084 3253 ῥήγνυσι,
1146 3178 1264 3241 ὅθεν
1319 3176 1505 3232 καὶτὰ
1530 3177 1936 3253 κιραυνωθέντα

2038 2020 2185 2077 illud
2218 2019 2498 2092 relinquit
2553 2020 2679 2076 sine
2727 2020 2976 2076 ustione.
3003 2020 3298 2092 Quidquid
3359 2021 3513 2077 enim
3549 2022 3685 2089 urit,

2038 2126 2155 2165 non
2188 2110 2361 2165 modo
2382 2109 2788 2182 magnitudine
2818 2110 3013 2165 debita
3036 2110 3259 2182 indiget
3282 2111 3353 2165 ad
3377 2098 3690 2180 urendum,

2038 2200 2140 2255 sed
2173 2198 2349 2254 etiam
2383 2206 2445 2253 ut
2494 2199 2721 2272 corpori
2778 2201 3001 2255 urendo
3058 2216 3162 2272 per
3190 2198 3428 2271 aliquod
3460 2207 3693 2273 tempus

2036 2287 2505 2344 immoretur.0b
2540 2288 2689 2344 hanc
2720 2288 2918 2361 itaque
2949 2305 3189 2345 causam
3224 2305 3339 2344 non
3364 2287 3695 2346 inﬂammat

2036 2393 2142 2433 nec
2169 2376 2285 2432 urit
2308 2376 2549 2431 fulmen.

2288 2467 2409 2520 114.
2446 2470 2530 2522 De
2568 2469 2807 2537 prestera
2845 2468 2967 2522 sine
3000 2467 3154 2538 igneo
3202 2470 3442 2525 turbine.
3684 2536 3690 2545 _

2109 2554 2340 2610 Prester
2369 2554 2631 2610 incendit
2678 2559 2735 2610 et
2765 2554 3115 2623 inﬂammat,
3153 2562 3215 2612 ut
3255 2557 3490 2613 nomine
3519 2559 3696 2615 etiam

2037 2644 2165 2718 ipso
2201 2643 2517 2700 indicatur.
2551 2643 2754 2701 Dictus
2811 2647 2965 2701 enim
2998 2650 3226 2718 praeter
3279 2648 3496 2704 Graecis
3519 2651 3609 2703 est
3664 2666 3694 2704 a

2037 2732 2320 2789 vocabulo
2377 2732 2602 2807 πρήθειν
2663 2734 2818 2805 quod
2851 2735 3166 2791 accendere
3227 2736 3544 2808 signiﬁcat.
3586 2740 3692 2794 Ac-

2039 2822 2236 2879 cendit
2269 2823 2635 2895 autem,quia
2664 2840 2733 2878 ex
2750 2824 2903 2879 nube
2925 2840 3126 2879 secum
3158 2823 3316 2880 vehit
3346 2824 3690 2881 crassiorem

2041 2911 2348 2968 materiam
2376 2928 2624 2984 eamque
2652 2911 3001 2968 inﬂammat.
3037 2913 3316 2969 Praecedit
3370 2917 3691 2986 presterem

2041 3009 2269 3070 ventus,
2305 3001 2461 3073 quod
2520 3000 2655 3057 inde
2686 3004 2939 3068 constat,
2964 3000 3262 3073 siquidem
3294 3018 3424 3074 qua:
3457 3001 3690 3059 inﬂam-

2044 3091 2192 3147 mari
2225 3090 2631 3164 debent,prius
2662 3108 2696 3147 a
2718 3090 2932 3163 spiritu
2964 3092 3242 3163 presteris
3272 3091 3528 3149 sulfurea
3559 3109 3691 3165 per-

2045 3181 2340 3238 celluntur
2380 3185 2873 3253 rumpunturque,
2926 3182 3082 3237 unde
3125 3184 3182 3237 et
3237 3180 3481 3238 fulmine
3536 3186 3694 3238 tacta

280 3265 434 3341 μένει
468 3263 785 3339 διεστηκότα
814 3267 903 3323 ἐπὶ
934 3266 1131 3343 χρόνον
1158 3266 1297 3324 τινά.
1331 3270 1509 3324 Τοῦτο
1544 3264 1600 3322 δὲ
1626 3268 1689 3322 τὸ
1719 3272 1934 3340 πνεῦμα

2052 3288 2148 3345 per
2178 3270 2414 3342 aliquod
2481 3275 2713 3342 tempus
2770 3269 2954 3325 hiant.
2988 3274 3103 3326 Nec
3159 3274 3390 3326 tantum
3422 3271 3699 3344 praecedit

277 3355 346 3411 οὗ
377 3360 705 3432 προηγεῖται
749 3355 937 3429 μόνον,
970 3354 1115 3412 ἀλλὰ
1142 3356 1232 3410 καὶ
1283 3354 1490 3411 σύνεστι
1520 3360 1601 3428 τῷ
1655 3359 1931 3432 πρηστῆρι

273 3444 373 3500 καὶ
405 3442 787 3502 ἐπακολουθεῖ.
822 3442 1115 3521 Σποράδην
1148 3442 1206 3500 δὲ
1235 3440 1591 3521 διαχεόμενον
1616 3446 1705 3500 καὶ
1738 3444 1934 3501 λεπτο-

277 3535 604 3610 μερέστερον
646 3535 728 3602 ὃν,
767 3535 997 3610 βροντὰς
1028 3538 1177 3589 ποιεῖ
1206 3533 1296 3589 καὶ
1328 3534 1625 3608 ἀστραπὰς,
1655 3533 1745 3589 καὶ
1778 3533 1935 3613 ἐξαφ-

274 3625 367 3681 θὲν
401 3624 497 3697 μὶν
524 3629 674 3679 ποιεῖ
690 3624 942 3702 κεραυνὸν
974 3623 1065 3679 καὶ
1094 3625 1374 3700 ἀστραπὴν
1406 3626 1495 3678 καὶ
1526 3630 1845 3700 πρηστῆρα,
1858 3625 1934 3696 μή

277 3713 502 3792 ἰξαφθὶν
539 3710 621 3785 δν,
653 3713 893 3792 ἐκνεφίαν
926 3712 1017 3769 καὶ
1048 3717 1286 3792 τυφῶνα.
1309 3718 1484 3769 Ταῦτα
1516 3710 1573 3769 δὲ
1602 3712 1775 3768 πάντα
1804 3713 1941 3768 κατὰ

278 3802 691 3880 ἑκπυρηνισμὸν
719 3803 981 3880 γίνονται.

637 3912 751 3985 ριί.
786 3914 910 3972 Πῶς
939 3909 1256 3979 συνέστηκεν
1290 3910 1318 3964 6
1352 3911 1600 3982 κόσμος;

356 4001 467 4068 Τὴν
523 3998 775 4054 σύστασιν
827 4000 856 4053 6
902 3997 1111 4070 κόσμος
1167 3991 1360 4053 ἔλαϐεν
1420 3998 1525 4053 ἀπὸ
1574 4004 1675 4067 τῆς
1731 3998 1942 4075 φύσεως

281 4088 378 4145 καὶ
406 4090 674 4159 κινήσεως
706 4091 812 4142 τῶν
846 4085 1162 4162 στοιχείων.
1214 4082 1438 4155 Ἐπειδή
1484 4086 1588 4162 γὰρ
1616 4085 1822 4141 τούτων
1876 4087 1943 4141 τὰ

288 4179 387 4252 μὲν
442 4176 544 4232 εἱσι
597 4177 931 4251 κουφότατα,
988 4175 1101 4229 οἷον
1128 4175 1190 4229 τὸ
1246 4178 1352 4248 πῦρ
1410 4175 1500 4230 καὶ
1543 4177 1571 4230 ὁ
1630 4176 1755 4252 ἀὴρ,
1787 4175 1855 4231 τὰ
1885 4172 1943 4230 δὲ

286 4265 587 4343 βαρύτατα,
644 4267 760 4320 οἷον
819 4260 965 4337 ὕδωρ
1020 4262 1111 4318 καὶ
1158 4270 1256 4339 γῆ,
1312 4264 1379 4318 τὰ
1412 4263 1506 4337 μὲν
1540 4264 1636 4319 ὅσα
1671 4264 1945 4341 βαρύτατα

282 4356 435 4412 κάτω
463 4359 561 4410 τοῦ
591 4354 786 4415 παντὸς
823 4353 1151 4423 ὑπεκάθητο,
1195 4353 1262 4407 τὰ
1290 4349 1335 4407 δ’
1383 4351 1484 4407 ὅσα
1539 4355 1807 4429 μετὲωρα,
1866 4353 1942 4417 εἰς

280 4446 347 4502 τὸ
404 4448 514 4519 πῦρ
570 4440 864 4521 ἐξεφέρετο.
924 4445 1030 4497 Πᾶν
1092 4438 1150 4496 δὲ
1202 4442 1309 4497 ἀπὸ
1356 4448 1460 4516 γῆς
1488 4442 1787 4520 φερόμενον
1836 4440 1943 4499 ἅνω

281 4532 420 4591 ἐστι.
471 4533 571 4588 Διὰ
596 4532 797 4602 ταύτην
833 4529 923 4586 οῦν
970 4530 1071 4599 τὴν
1124 4528 1298 4585 αἰτίαν
1345 4532 1459 4585 οἷον
1510 4529 1942 4607 περικεκλασμέ-

281 4646 376 4687 v0:
435 4623 527 4678 καὶ
584 4621 778 4695 κυρτὸς
837 4621 865 4675 6
920 4620 1130 4693 κόσμος
1189 4617 1319 4677 ἐστί.
1383 4614 1835 4694 Συνθλιϐομένων
1888 4619 1944 4677 δὲ

280 4719 394 4771 τῶν
428 4710 701 4784 σωμάτων
730 4707 1029 4780 ἀλλήλοις,
1062 4712 1097 4779 ἡ
1124 4712 1222 4764 τοῦ
1272 4706 1470 4772 ὕδατος
1502 4708 1730 4784 ἐγενήθη
1765 4710 1945 4789 φύσις,

286 4802 588 4880 ῥευστικῶς
677 4796 735 4854 δὲ
789 4798 878 4853 καὶ
925 4801 1090 4853 τοῦτο
1165 4796 1462 4875 φερόμενον
1522 4796 1768 4853 ἐκοίλανε
1821 4799 1947 4861 τοὺς

288 4888 685 4963 ὑποκειμένους
731 4888 959 4955 τόπους,
1008 4887 1096 4941 καὶ
1156 4884 1282 4948 τοὺς
1314 4884 1710 4959 κοιλουμένους
1741 4886 1944 4949 τόπους

288 4978 618 5046 θαλαττίους
642 4974 894 5047 ἐποίησεν
914 5018 928 5033 .
955 4975 1051 5033 Ἐκ
1081 4973 1174 5048 μὶν
1209 4974 1299 5028 οὗν
1347 4978 1454 5029 τῶν
1508 4973 1943 5043 ὑποκαθιζόντων

288 5066 559 5142 σωμάτων
593 5065 818 5143 ἐγενήθη
850 5067 886 5134 ἡ
918 5070 1014 5140 γῆ·
1048 5061 1109 5119 ἐκ
1138 5058 1196 5117 δὲ
1224 5066 1330 5117 τῶν
1385 5063 1865 5138 μετεωριζομένων
1918 5065 1947 5120 6

288 5157 540 5233 οὐρανὸς,
565 5159 696 5229 πῦρ,
726 5154 856 5229 ἁήρ.

829 5242 952 5319 ρις’.
986 5240 1049 5298 Εἰ
1078 5236 1134 5296 ἓν
1166 5241 1227 5295 τὸ
1273 5246 1411 5311 πᾶνς

360 5337 443 5394 Οὐ
500 5332 705 5390 πολλοὶ
733 5331 934 5404 κόσμοι
966 5328 1296 5405 σωματικοὶ,
1353 5331 1473 5385 κατ’
1520 5329 1695 5395 ἐνίους
1723 5335 1831 5386 τῶν
1866 5353 1949 5410 φι-

288 5425 571 5503 λοσόφων,
617 5422 770 5478 εἰσίν*
834 5419 960 5477 ἁλλ’
1019 5423 1098 5482 εἷς
1144 5419 1377 5490 τέλειος,
1432 5420 1523 5475 καὶ
1577 5418 1701 5475 οὐδὲ
1747 5421 1951 5499 κυρίως

286 5514 344 5571 ’ἑν
411 5512 734 5585 ὀνομάζεται
787 5512 925 5584 (πῶς
973 5507 1074 5585 γὰρ
1117 5505 1171 5563 ἓν
1223 5509 1250 5562 6
1302 5507 1509 5581 κόσμος
1578 5507 1824 5573 σύνθετος
1878 5508 1951 5566 ὢν

289 5603 381 5662 καὶ
408 5600 733 5676 πολυμερής
753 5602 816 5671 ;),
852 5595 995 5654 ἀλλὰ
1025 5595 1115 5653 διὰ
1142 5598 1240 5667 τὴν
1290 5599 1425 5674 πρὸς
1458 5596 1681 5669 ἄλληλα
1708 5605 1815 5654 τῶν
1852 5621 1951 5672 με-

293 5697 403 5768 ρῶν
455 5691 621 5746 αὑτοῦ
676 5686 886 5758 ἕνωσιν,
944 5687 1043 5756 τήν
1093 5689 1191 5741 τοῦ
1222 5687 1339 5749 ἑνὸς
1390 5681 1505 5762 ἔχει
1553 5687 1949 5765 προσηγορίαν.

294 5781 517 5858 Κυρίως
563 5779 666 5858 γὰρ
713 5777 770 5835 ἓν
818 5778 847 5833 6
891 5778 1044 5849 Θεὸς,
1105 5777 1178 5839 ὡς
1234 5775 1367 5853 ὑπὲρ
1420 5782 1592 5832 πᾶσαν
1645 5774 1949 5852 ἁπλότητα.

2044 3365 2364 3433 presterem
2386 3363 2616 3429 ventus,
2645 3360 2745 3415 sed
2775 3358 3089 3415 comitatur
3109 3358 3311 3431 etiam,
3331 3364 3384 3416 et
3407 3361 3693 3433 sequitur.

2045 3451 2244 3507 Latius
2269 3467 2334 3505 ac
2367 3450 2581 3521 passim
2635 3448 2887 3505 diffusus
2917 3453 2976 3504 et
3006 3449 3277 3506 subtilior
3306 3450 3354 3506 si
3391 3451 3585 3515 fuerit,
3616 3455 3702 3506 to-

2046 3538 2204 3596 nitru
2240 3538 2379 3593 facit
2407 3542 2463 3593 et
2487 3535 2683 3610 fulgur
2708 3536 3215 3605 :siinﬂammetur,
3248 3538 3428 3594 efﬁcit
3454 3538 3697 3606 fulmen,

2048 3634 2103 3684 el
2132 3627 2348 3698 fulgur,
2384 3629 2844 3698 presteremque.
2896 3630 2973 3680 Ex
3009 3642 3124 3681 non
3154 3625 3521 3683 inﬂammato
3553 3628 3701 3682 ﬂunt

2047 3716 2362 3787 ecnephias
2393 3732 2456 3770 ac
2488 3715 2687 3787 typho.
2736 3719 3018 3771 Ceterum
3072 3715 3267 3771 omnia
3314 3716 3437 3772 hac
3468 3717 3699 3773 contin-

2049 3809 2199 3878 gunt
2219 3821 2322 3877 per
2350 3803 2663 3860 violentam
2696 3804 3126 3862 excussionem.

2370 3911 2499 3969 415.
2542 3911 2822 3980 Quomodo
2850 3913 3076 3984 cazperit
3096 3911 3333 3968 mundus
3353 3913 3381 3968 τ

2122 4000 2379 4057 Mundus
2428 4001 2752 4056 subsistere
2782 4001 2978 4078 'ccepit
3003 4018 3038 4056 a
3068 4007 3284 4057 natura
3313 4006 3370 4058 et
3396 4006 3556 4058 motu
3581 4001 3706 4059 ele-

2052 4095 2409 4147 mentorum.
2443 4091 2657 4145 Horum
2707 4088 2862 4146 enim
2896 4106 3027 4145 cum
3082 4091 3352 4162 quadam
3391 4090 3542 4148 levia
3580 4092 3706 4148 sint

2054 4186 2117 4235 ut
2138 4179 2294 4251 ignis
2325 4183 2381 4234 et
2410 4195 2529 4244 aer,
2561 4176 2679 4234 alia
2707 4177 2926 4250 gravia,
2952 4184 3017 4234 ut
3043 4195 3199 4251 aqua
3253 4184 3310 4235 et
3356 4183 3531 4247 terra,
3575 4197 3702 4253 gra-

2050 4270 2211 4325 viora
2271 4267 2343 4323 ad
2390 4267 2698 4324 inferiores
2757 4272 2954 4340 partes
3011 4267 3269 4324 universi
3299 4268 3703 4337 subsiderunt,

2053 4358 2203 4414 levia
2225 4362 2288 4413 ut
2314 4356 2468 4429 ignis
2515 4373 2755 4413 sursum
2813 4372 2941 4413 sese
2997 4355 3349 4413 extulerunt.
3409 4356 3703 4429 Quidquid

2052 4464 2186 4504 vero
2212 4452 2380 4502 terrae
2402 4445 2693 4515 imminet,
2714 4463 2950 4502 sursum
2985 4452 3092 4503 est.
3126 4446 3368 4518 Propter
3387 4445 3541 4502 hanc
3567 4463 3704 4503 cau-

2054 4553 2182 4592 sam
2215 4536 2474 4591 mundus
2496 4535 2956 4607 circumquaque
2988 4536 3174 4591 ﬂexus
3196 4540 3368 4603 estac
3398 4536 3705 4608 gibbosus.

2054 4625 2281 4681 Attritis
2329 4641 2463 4680 vero
2520 4624 2769 4679 invicem
2822 4624 3212 4696 corpusculis,
3272 4641 3436 4697 aqua;
3489 4625 3707 4698 prodiit

2052 4718 2285 4782 natura,
2320 4729 2450 4784 quae
2504 4713 2663 4767 ﬂuxu
2691 4729 2799 4767 suo
2858 4712 3124 4783 subjecta
3152 4713 3281 4769 loca
3309 4713 3621 4782 excavavit,
3651 4715 3702 4771 ei

2052 4802 2246 4875 Spatia
2277 4801 2422 4857 mari
2458 4800 2789 4872 recipiendo
2822 4800 2973 4855 fecit.
3008 4801 3089 4856 Ex
3121 4801 3567 4858 subsidentibus
3596 4802 3701 4873 igi-

2050 4894 2149 4946 tur
2177 4889 2518 4961 corporibus
2542 4892 2698 4943 terra
2722 4889 2868 4944 facta
2891 4892 2999 4959 est,
3031 4906 3099 4945 ex
3148 4889 3374 4946 levibus
3413 4895 3471 4946 et
3517 4889 3700 4947 subli-

2054 4979 2250 5034 mibus
2281 4976 2513 5045 caelum,
2545 4974 2721 5049 ignis,
2762 4993 2879 5032 aer.

2302 5240 2427 5297 “6.
2461 5242 2602 5297 Num
2640 5258 2816 5298 unum
2844 5244 2915 5300 sit
2953 5243 3051 5299 hoc
3086 5242 3455 5300 universum?

2127 5330 2252 5386 Non
2280 5329 2447 5386 multi
2466 5333 2607 5387 sunt
2637 5332 2840 5388 mundi
2869 5331 3220 5405 corporales,
3254 5337 3318 5388 ut
3348 5331 3703 5404 quibusdam

2056 5418 2421 5493 philosophis
2443 5422 2925 5494 persuasum(sed
2943 5439 3094 5477 unus
3115 5420 3572 5493 perfectus,licet
3588 5439 3706 5479 non

2059 5509 2289 5581 praprie
2320 5526 2504 5566 unum
2530 5510 2764 5577 dicitur,
2790 5510 3082 5583 quomodo
3140 5511 3299 5567 enim
3330 5527 3511 5568 unum
3535 5511 3712 5568 fuerit

2060 5599 2318 5655 mundus
2337 5616 2404 5655 ex
2427 5604 2511 5655 tot
2540 5605 2598 5655 et
2629 5604 2744 5654 tam
2770 5600 3016 5655 diversis
3049 5600 3409 5671 compositus
3432 5600 3706 5672 P),verum

2060 5692 2296 5760 propter
2342 5688 2597 5760 partium
2623 5690 2749 5761 ejus
2798 5688 3047 5744 invicem
3083 5689 3359 5744 unionem
3389 5706 3572 5746 unum
3604 5708 3706 5763 ap-

2059 5778 2328 5854 pellatur.
2364 5780 2643 5837 Czeterum
2700 5778 2933 5853 proprie
2984 5795 3168 5837 unum
3215 5779 3373 5839 Deus
3420 5783 3510 5838 est
3547 5782 3710 5838 omni
