4080 6350
448 347 573 408 759

1787 350 2213 415 MICHAELIS
2256 349 2533 413 PSELLI

3753 346 3884 410 760'

453 482 835 555 simplicitate
860 482 1559 559 sublimior,quzecunque
1580 503 1709 543 vero
1741 486 1895 542 infra
1916 486 2099 542 Deum

2220 486 2354 541 Ὅσα
2411 480 2467 538 δὶ
2522 483 2655 556 μετὰ
2707 481 2870 555 Θεὸν,
2932 480 2993 537 o6
3042 478 3243 558 κυρίως
3295 476 3376 552 ἕν,
3436 475 3582 535 ἀλλὰ
3634 476 3726 535 διὰ
3770 482 3867 550 τὴν

454 578 737 639 sunt,non
762 574 994 647 proprie
1025 579 1165 631 sunt
1197 593 1402 645 unum,
1437 578 1537 632 sed
1567 579 1804 648 propter
1825 576 2103 632 unionem

454 662 1043 735 etparticipationem
1077 681 1143 719 ex
1176 682 1311 733 uno,
1375 667 1458 722 ita
1510 667 1808 722 dicuntur.
1868 665 2014 723 Nam
2049 668 2105 720 et

453 765 622 805 mens
658 766 841 805 unum
859 756 949 806 est
971 755 1027 807 et
1056 754 1265 808 multa.
1299 755 1594 825 Quotquot
1622 755 1773 809 enim
1811 759 1950 810 sunt
1989 770 2103 824 res,

451 840 539 894 tot
567 838 743 893 etiam
770 855 937 896 mens
968 845 1078 910 est,
1124 860 1260 898 nam
1294 848 1352 899 et
1399 843 1666 917 exempla
1698 844 1932 900 illorum
1956 843 2014 897 in
2043 860 2105 899 se

454 926 729 983 continet.
766 928 951 985 Etiam
982 930 1211 1000 animae,
1251 948 1377 1004 quae
1426 938 1482 989 et
1528 933 1714 989 multo
1740 932 1929 1005 magis
1959 932 2104 988 divi-

451 1015 569 1071 dua
598 1019 706 1087 est,
740 1019 1027 1093 contingit
1061 1021 1242 1077 multa
1280 1040 1540 1093 esse,nec
1572 1024 1769 1079 minus
1801 1023 2106 1079 elementis

454 1121 521 1161 ac
597 1108 963 1179 corporibus.
1053 1114 1538 1185 Quandoquidem
1588 1113 1769 1186 igitur
1822 1117 2105 1168 accurata:

453 1194 688 1252 unionis
702 1197 875 1254 etiam
898 1201 1155 1257 mundus
1181 1206 1268 1257 est
1286 1203 1903 1275 particeps,propterea
1919 1218 2104 1257 unum

451 1284 802 1358 appellatur,
837 1291 894 1343 et
951 1291 1227 1361 quoniam
1275 1291 1567 1363 perfectus
1605 1296 1695 1349 est
1725 1309 1881 1349 unus
1912 1296 1969 1347 et
2017 1308 2105 1347 so-

449 1372 565 1443 lus,
592 1392 697 1432 nec
728 1377 899 1433 multi
930 1384 1069 1435 sunt
1092 1381 1318 1437 mundi.

1054 1471 1176 1525 117.
1213 1472 1283 1527 οε
1312 1488 1499 1528 vacuo.

520 1552 787 1611 Vacuum
820 1573 936 1611 non
960 1560 1292 1628 omnes,sed
1314 1560 1495 1631 aliqui
1520 1561 1577 1616 in
1603 1561 1841 1633 scriptis
1867 1560 1993 1615 suis
2011 1560 2102 1615 in-

448 1643 665 1699 duxere
691 1649 866 1715 atque
888 1648 1263 1703 nominavere
1286 1650 1930 1722 pbilosophi,aiunlque
1955 1649 2099 1705 illud

449 1750 581 1790 esse
610 1735 771 1789 omni
804 1736 1117 1806 spoliatum
1155 1740 2099 1810 corpore,velutiinvisibilequod-

2206 1757 2389 1793 νονται
2444 1734 2502 1791 δὲ
2549 1742 2712 1792 τοῦτο
2770 1737 2966 1799 παντὸς
3019 1737 3274 1809 σώματος
3326 1732 3532 1807 ἔρημον
3572 1779 3585 1803 ,

2214 570 2405 629 ἕνωσιν
2456 574 2541 627 καὶ
2574 573 2816 649 μετοχὴν
2848 576 2944 627 τοῦ
2996 571 3136 641 ἑνὸς,
3189 569 3335 624 οὕτω
3393 569 3868 646 πρασαγορεόεται.

2215 664 2319 720 Καὶ
2378 665 2481 739 γάρ
2538 665 2625 718 καὶ
2688 665 2715 718 6
2747 667 2871 725 νοῦς
2920 658 2973 717 ’ἐν
3007 661 3116 716 ἐστι
3147 661 3233 715 καὶ
3268 659 3474 717 πολλά.
3506 662 3644 717 ’Ὀσα
3674 662 3779 735 γὰρ
3810 661 3872 714 τὰ

2216 750 2365 823 ὄντα,
2425 758 2661 807 τοσαῦτα
2716 752 2805 807 καὶ
2866 752 2893 805 ὁ
2946 755 3089 823 νοῦς,
3150 749 3263 805 ἐπεὶ
3312 747 3403 803 καί
3459 747 3873 825 παραδείγματι

2211 841 2418 897 τούτων
2478 841 2528 895 ὲν
2564 842 2735 914 ἑαυτῷ
2786 841 3052 917 περιιχει.
3087 838 3278 895 Πολλά
3319 838 3410 893 καὶ
3441 840 3475 908 ἠ
3524 840 3679 915 ψυχή
3713 837 3871 912 (διαι-

2217 932 2340 1006 ρετὴ
2392 932 2493 1007 γὰρ
2549 930 2750 1004 πολλῷ
2797 928 3010 1004 πλέον),
3042 930 3110 984 τὰ
3142 930 3393 1004 στοιχεῖά
3421 949 3478 984 τε
3525 928 3614 983 καὶ
3668 930 3736 983 τὰ
3763 931 3866 982 σώ-

2218 1042 2377 1095 ματα.
2432 1019 2587 1077 Ἀλλ’
2620 1018 2808 1089 ἐπειδὴ
2842 1019 3087 1083 ἒνώσεως
3136 1014 3397 1095 ἀκριϐοῦς
3456 1017 3545 1073 καὶ
3578 1020 3605 1073 6
3664 1017 3870 1090 κόσμος

2212 1111 2631 1181 κεκοινώνηκεν,
2664 1107 2715 1165 ἔν
2747 1107 2835 1164 διὰ
2862 1110 2961 1179 τὴν
3002 1107 3192 1164 ἕνωσιν
3243 1108 3592 1182 ὀνομάζεται,
3642 1107 3733 1162 καὶ
3787 1105 3872 1161 διὰ

2212 1200 2313 1270 τὴν
2341 1198 2662 1272 τελειότητα
2690 1202 2798 1255 τῶν
2828 1196 3117 1276 στοιχείων
3144 1196 3309 1253 αὐτοῦ
3340 1200 3416 1261 εἷς
3439 1198 3549 1254 ἔστι
3582 1195 3671 1252 καὶ
3708 1196 3873 1271 μόνος

2212 1289 2341 1347 ἀλλ’
2371 1288 2431 1346 οὐ
2462 1288 2659 1365 κόσμοι
2687 1286 2916 1347 πολλοί.

2789 1468 2912 1543 ριζ’.
2945 1466 3072 1542 Περὶ
3106 1470 3281 1525 κενοῦ.

2280 1560 2350 1613 Τὸ
2407 1558 2559 1614 κενὸν
2621 1557 2681 1613 οὐ
2741 1560 2956 1627 πάντες,
3013 1555 3140 1613 ἀλλ’
3198 1555 3329 1611 ἔνιοι
3382 1559 3491 1610 τῶν
3548 1553 3867 1634 φιλοσόφων

2210 1646 2519 1725 εἲσήνεγκάν
2576 1669 2635 1703 τε
2680 1652 2760 1720 τῷ
2816 1642 2964 1723 λόγῳ
3020 1646 3112 1701 καὶ
3166 1646 3535 1719 ὠνομάκασιν.
3596 1645 3862 1723 Ἀποφαέ-

3648 1735 3763 1788 οἷον
3820 1756 3871 1788 τι

450 1822 585 1878 dam
619 1823 882 1893 cbaos,et
911 1831 1043 1881 ante
1066 1829 1354 1883 mundum
1383 1830 1561 1885 fuisse
1593 1829 2100 1898 statuunt,deinde

2220 1827 2346 1900 χάος
2406 1826 2660 1903 ἀόρατον.
2722 1826 2828 1882 Καὶ
2880 1826 3004 1903 φασὶ
3065 1829 3227 1881 τοῦτο
3284 1825 3714 1899 προϋποκεῖσθαι
3772 1828 3869 1878 τοῦ

2260 1917 2270 1931 .
2497 1916 2562 1931 ..ν
2730 1920 2755 1930 ..
3048 1914 3059 1931 .
3348 1912 3360 1931 ι
3578 1912 3593 1931 ι
3708 1916 3736 1926 .-
3816 1914 3828 1931 ι

448 1910 755 1968 elementis
778 1914 1207 1986 prodeuntibus
1222 1916 1430 1972 etccelo
1458 1918 1973 1973 circumrolatione
1995 1935 2103 1973 sua

2220 1917 2440 1989 ιιόσμου.
2497 1916 2625 1972 Εἶτα
2688 1920 2796 1970 τῶν
2849 1914 3137 1990 στοιχείων
3170 1912 3473 1990 γεγονότων
3502 1912 3594 1966 καὶ
3640 1916 3740 1966 τοῦ
3771 1914 3871 1966 οὖ-

456 2014 700 2070 corpora
734 2002 931 2057 omnia
962 2002 1274 2076 colligante
1305 2022 1369 2061 ac
1392 2007 2102 2079 constringente,vacuum

455 2089 689 2159 quidem
723 2090 881 2145 intus
932 2092 1199 2148 relictum
1252 2094 1478 2150 nullum
1527 2096 1730 2163 fuisse,
1790 2100 1951 2152 extra
1978 2093 2106 2151 coeli

453 2194 590 2233 vero
623 2180 910 2235 ambitum
943 2198 1115 2238 omne
1147 2200 1397 2241 vacuum
1424 2202 1573 2253 esse,
1611 2188 1765 2257 quod
1806 2186 2104 2242 infinitum

454 2266 515 2322 in
547 2268 779 2324 infinito
812 2271 1001 2342 spatio
1030 2270 1166 2328 licet
1214 2275 1492 2347 cogitare.
1544 2276 1705 2331 Ilanc
1753 2275 2106 2332 sententiam

455 2357 694 2413 omnino
728 2360 916 2430 rejicit
939 2362 1369 2431 Aristoteles,et
1402 2382 1695 2437 nusquam
1720 2366 1981 2421 admittit
2011 2382 2106 2419 va-

454 2462 655 2517 cuum,
692 2465 879 2519 neque
910 2449 1066 2507 intra
1092 2454 1378 2509 mundum
1416 2472 1605 2527 neque
1636 2460 1817 2511 extra.
1852 2457 1919 2511 At
1947 2454 2106 2511 Cleo-

453 2536 655 2590 medes
687 2536 1075 2609 philosophus
1108 2541 1261 2597 intra
1322 2546 1610 2600 mundum
1641 2544 1881 2616 reperiri
1912 2548 2106 2615 negat,

452 2628 615 2681 extra
635 2642 767 2684 vero
784 2626 948 2686 illum
965 2630 1089 2686 dari
1117 2634 1767 2705 vacuum,vehementer
1787 2633 2107 2702 contendit,

1089 2810 1211 2867 118.
1247 2812 1321 2867 De
1353 2813 1483 2869 loco.

530 2900 717 2955 Locus
748 2901 1076 2957 secundum
1106 2901 1375 2959 vocabuli
1397 2904 1513 2959 vim
1565 2908 1653 2961 est
1681 2904 1925 2978 aliquid,
1951 2906 2106 2978 quod

455 3004 669 3061 corpus
696 2986 781 3043 vel
804 3003 925 3043 rem
950 2988 1373 3062 incorporalem
1400 2996 1590 3064 potest
1619 2994 2105 3067 complecti.Quo-

2214 2009 2373 2079 ρανοῦ
2430 2008 2497 2077 τῇ
2557 2002 2896 2082 κυκλοφορίᾳ
2938 2004 3005 2058 τὰ
3048 2002 3275 2076 σώματα
3325 2001 3497 2057 πάντα
3547 2000 3865 2078 συσφίγξαν-

2212 2115 2324 2167 τος,
2378 2095 2531 2149 κενὸν
2594 2094 2686 2167 μὲν
2747 2093 2897 2155 ἐντὸς
2966 2090 3135 2165 μηδεν
3194 2090 3631 2168 ἀπολελεῖφθαι,
3688 2090 3749 2144 τὸ
3810 2088 3869 2145 δὶ

2214 2183 2366 2246 ἐκτὸς
2419 2186 2517 2251 τῆς
2577 2178 2678 2253 ἔξω
2733 2182 3078 2257 περιφερείας
3132 2181 3296 2236 αὐτοῦ
3329 2179 3461 2235 ὅλον
3517 2180 3673 2234 κενὸν
3708 2178 3865 2251 εἶναι,

2216 2271 2435 2346 ἄπειρον
2492 2272 2542 2327 ἦν
2607 2270 2815 2345 ἀπείρῳ
2870 2272 3026 2343 τόπῳ
3086 2268 3561 2347 ἐμφανταζόμενον
3597 2311 3610 2326 .
3670 2272 3870 2321 Τοῦτον

2217 2360 2274 2417 δὲ
2327 2363 2417 2416 τὸν
2478 2360 2643 2435 λόγον
2706 2359 3091 2437 Ἀριστοτέλης
3147 2360 3243 2431 μὲν
3278 2358 3641 2433 ἀπογινώσκει
3674 2360 3870 2411 παντά-

2215 2472 2369 2518 πασι,
2429 2451 2517 2506 καὶ
2579 2448 2835 2523 οὐδαμῶς
2892 2449 3095 2513 τίθεται
3148 2446 3272 2503 οὔτε
3302 2447 3452 2508 ἒντὸς
3510 2450 3607 2501 τοῦ
3636 2445 3871 2517 κόσμου,

2216 2540 2339 2596 οὔτε
2398 2539 2569 2603 ἐκτός
2632 2537 2963 2612 Κλεομήδης
3026 2536 3083 2593 δὶ
3140 2538 3168 2592 6
3222 2535 3546 2614 φιλόσοφος,
3597 2534 3743 2597 ἐντὸς
3778 2536 3872 2606 μὲν

2214 2634 2311 2687 τοῦ
2362 2629 2572 2703 κόσμου
2608 2626 2669 2684 οὕ
2702 2650 2865 2707 φησιν
2898 2628 3029 2683 εἶναι
3067 2627 3242 2692 κενὸν,
3287 2623 3441 2688 ἐκτὸς
3502 2622 3559 2680 δὶ
3614 2626 3706 2679 καὶ
3738 2624 3877 2678 πάνυ

2221 2720 2487 2798 βιάζεται.

2789 2807 2917 2883 ριη’.
2945 2804 3075 2881 Περὶ
3104 2805 3297 2863 τόπου.
3752 2852 3761 2857 ,

2286 2900 2343 2952 '0
2394 2900 2561 2960 τόπος
2610 2897 2686 2961 ὡς
2739 2898 2787 2952 τ’
2840 2892 3051 2970 οὕνομα
3083 2892 3270 2967 δηλοῖ,
3302 2895 3533 2970 πρᾶγμά
3565 2892 3677 2949 ἔστι
3706 2891 3881 2948 δεκτι-

2214 2991 2306 3045 κὸν
2341 2988 2614 3063 σώματος,
2672 2988 2707 3056 ἢ
2771 2985 3063 3060 ἀσωμάτου
3122 2982 3357 3062 φύσεως.
3389 2983 3541 3038 Ἐπεὶ
3573 2984 3665 3038 οῦν
3698 2985 3734 3052 ἡ
3765 2980 3872 3053 ῧλη

456 3079 617 3137 niam
648 3076 832 3150 igitur
862 3079 1108 3135 materia
1140 3080 1550 3153 complectitur
1578 3082 2103 3152 formam,materia

2220 3079 2274 3135 τὸ
2332 3076 2470 3140 εἶδος
2526 3075 2761 3153 δέχεται,
2794 3077 2961 3138 τόπος
2986 3073 3207 3151 λέγοιτο
3240 3072 3301 3128 ἂν
3330 3074 3365 3143 ἡ
3400 3070 3505 3143 ὕλη
3538 3076 3636 3127 τοῦ
3671 3070 3872 3133 εἴδουςσ

450 3168 653 3225 formae
681 3184 811 3240 quae
843 3184 934 3225 res
958 3170 1346 3243 incorporalis
1371 3178 1479 3243 est,
1516 3172 1702 3244 possit
1750 3174 1860 3229 dici
1918 3174 2102 3230 locus.

2214 3167 2499 3237 ἀσώματον
2556 3165 2614 3222 δὲ
2661 3167 2723 3221 τὸ
2780 3163 2959 3227 εῒδος.
3024 3161 3196 3221 Ηάλιν
3233 3207 3247 3233 ,
3309 3162 3423 3218 ἐπεὶ
3476 3163 3538 3216 τὸ
3600 3159 3877 3233 διάστημα

456 3258 553 3315 Sic
585 3258 841 3328 spatium
876 3258 1175 3315 desertum
1226 3278 1289 3316 ac
1317 3243 1588 3331 vacuum,
1623 3262 2101 3336 quandoquidem

2220 3256 2426 3335 ἔρημον
2489 3256 2545 3312 ὅν
2580 3256 2669 3312 καὶ
2702 3257 2875 3327 κενὸν,
2918 3255 3146 3328 σώματα
3203 3250 3418 3307 δύναται
3463 3249 3735 3322 δέξασθαι,
3781 3252 3877 3305 τό·

453 3363 699 3418 corpora
726 3348 980 3417 recipere
1012 3354 1224 3420 potest,
1260 3367 1373 3405 non
1405 3351 1553 3406 male
1598 3351 1763 3407 locus
1795 3370 2101 3425 corporum

452 3437 701 3492 dicetur.
761 3437 998 3509 Proprie
1037 3455 1171 3494 vero
1231 3439 1395 3496 locus
1453 3446 1544 3497 est
1591 3448 1918 3499 extremum
1951 3444 2106 3515 quod

451 3525 634 3581 ambit
665 3541 947 3597 corpora;
974 3526 1053 3581 ita
1079 3543 1177 3582 aer
1199 3528 1383 3583 ambit
1411 3546 1655 3601 corpora
1686 3531 2104 3596 naturalia,sed

452 3631 567 3669 non
597 3631 695 3669 aer
717 3616 1074 3687 quicunque,
1136 3634 1249 3671 non
1304 3618 1460 3673 enim
1515 3618 1612 3675 ille
1643 3621 1741 3689 qui
1801 3621 2105 3677 montibus

452 3703 757 3761 sublimior
812 3710 870 3759 et
928 3705 1229 3776 proximus
1279 3706 1420 3762 coelo
1447 3711 1665 3777 est,sed
1698 3709 1939 3764 inferior
1975 3712 2105 3779 eius

453 3808 590 3865 pars
622 3809 729 3847 nos
752 3792 960 3850 ambit.
997 3794 1126 3849 Haec
1154 3794 1337 3865 igitur
1357 3796 1507 3852 aeris
1533 3798 1873 3869 superﬁcies
1902 3816 2104 3870 corpo-

452 3897 585 3936 rum
617 3886 954 3937 nostrorum
979 3887 1066 3938 est
1096 3883 1281 3938 locus.

527 3988 648 4043 119.
684 3989 758 4044 De
777 3998 975 4060 spatzo,
1002 3990 1142 4063 quod
1170 3990 1489 4063 philosophi
1517 3990 1703 4067 χώραν
1732 3996 2030 4067 appellant.

526 4076 888 4133 Arithmetici
905 4078 1090 4150 χώραν
1114 4084 1320 4135 vocant
1339 4079 1710 4137 intervallum
1740 4083 2105 4156 intelligibile

452 4164 605 4220 inter
630 4168 1089 4233 numeros,inter
1123 4184 1302 4223 unum
1345 4170 1711 4237 etduo,inter
1741 4173 1855 4228 duo
1890 4177 1945 4229 et
1969 4174 2101 4242 tria,

453 4257 709 4325 quatuor
739 4260 913 4325 atque
932 4255 1013 4310 ita
1036 4256 1627 4327 deinceps.0uoniam
1646 4261 1802 4316 enim
1826 4278 1938 4317 non
1965 4280 2101 4317 con-

449 4341 652 4396 tinuus
683 4346 771 4397 est
802 4359 1183 4400 numerorum
1208 4346 1371 4416 ordo,
1419 4349 1519 4402 sed
1554 4348 1868 4416 discretus,
1920 4351 2101 4406 inter-

450 4428 603 4485 valla
650 4430 803 4485 inter
859 4448 1139 4488 numeros
1186 4433 1375 4506 χώρας
1433 4436 1828 4507 appellarunt.
1882 4441 1989 4495 Sed
2049 4444 2105 4496 et

451 4517 639 4592 χώραν
674 4524 884 4576 vocant
917 4520 1399 4593 philosophorum
1436 4525 1613 4596 aliqui
1675 4532 1893 4598 partem
1930 4546 1993 4583 ac
2018 4547 2100 4585 ve-

2216 3370 2317 3411 πος
2378 3350 2645 3421 σωμάτων
2708 3344 2790 3417 ε’ίη
2853 3343 2913 3399 ἂν
2943 3344 3005 3399 τὸ
3040 3342 3335 3416 διάστημα.
3370 3340 3581 3417 Κυρίως
3615 3338 3673 3395 δὶ
3704 3340 3876 3402 τόπος

2214 3435 2324 3492 ἐστὶ
2383 3438 2445 3492 τὸ
2506 3435 2737 3512 ἔσχατον
2794 3437 2891 3505 τοῦ
2938 3434 3294 3508 περιέχοντος
3330 3431 3495 3507 μέρος
3525 3429 3593 3485 τά
3623 3431 3876 3502 σώματα.

2215 3528 2361 3599 Οἶον,
2396 3528 2423 3582 6
2455 3525 2560 3598 ἀὴρ
2592 3523 2837 3600 περιέχει
2870 3525 2936 3577 τὰ
2966 3521 3163 3601 φυσικὰ
3189 3521 3436 3593 σώματα,
3470 3517 3598 3574 ἀλλ’
3630 3518 3693 3574 οὗ
3721 3525 3824 3581 πᾶς
3851 3520 3880 3573 6

2213 3616 2339 3693 ἀήρ·
2375 3616 2435 3671 οὐ
2464 3616 2566 3693 γὰρ
2596 3615 2684 3670 καὶ
2718 3615 2745 3668 6
2778 3612 2828 3669 ἐν
2864 3618 2979 3675 τοῖς
3010 3608 3216 3687 ὄρεσιν,
3248 3611 3283 3679 ἢ
3319 3611 3347 3665 6
3391 3608 3626 3679 πλησίον
3658 3613 3757 3664 τοῦ
3785 3608 3878 3663 οὐ·

2214 3710 2394 3779 ρανοῦ,
2430 3703 2575 3761 ἀλλὰ
2599 3705 2660 3759 τὸ
2702 3700 2930 3778 ἔσχατον
2986 3702 3150 3777 μέρος
3189 3698 3355 3755 αὐτοῦ
3403 3698 3649 3773 περιέχει
3699 3698 3873 3770 ἥμᾶς·

2214 3794 2347 3864 αὕτη
2382 3792 2473 3848 οὖν
2501 3795 2535 3863 ἡ
2566 3797 2664 3847 τοῦ
2694 3793 2854 3868 ἀέρος
2886 3791 3189 3869 ἐπιφάνεια,
3219 3791 3388 3853 τόπος
3427 3787 3536 3843 ἐστὶ
3570 3792 3678 3841 τῶν
3735 3788 3874 3859 ἡμε-

2211 3883 2379 3959 τὲρων
2407 3905 2485 3938 σω
2496 3882 2701 3957 μάτων.

2778 3989 2897 4064 ριθ’.
2937 3986 3068 4062 Περὶ
3099 3987 3307 4061 χώρας.

2284 4080 2448 4154 Χώρα
2484 4077 2593 4134 ἐστὶ
2644 4079 2781 4133 κατά
2808 4075 2937 4138 τοὺς
2967 4073 3387 4152 ἀριθμητικοὺς.
3443 4074 3507 4129 τὸ
3537 4075 3733 4145 νοητὸν
3763 4077 3875 4128 τῶν

2213 4168 2461 4246 ἀριθμῶν
2517 4165 2812 4241 διάστημα,
2863 4168 2979 4221 οἷον
3032 4164 3096 4219 τὸ
3125 4164 3323 4237 μεταξὺ
3353 4168 3448 4219 τοῦ
3482 4164 3595 4225 ἑνὸς
3637 4164 3725 4217 καὶ
3764 4167 3874 4217 τῶν

2217 4256 2336 4327 δύο,
2387 4257 2476 4313 καὶ
2506 4260 2603 4312 τοῦ
2660 4256 2803 4333 τρία,
2834 4252 2925 4309 καί
2980 4257 3076 4309 τοῦ
3106 4254 3357 4329 τέσσαρα,
3404 4251 3493 4307 καὶ
3524 4256 3622 4307 τοῦ
3656 4251 3872 4330 ἰφεξῆς.

2212 4348 2364 4405 Ἐπεὶ
2423 4348 2527 4421 γάρ
2589 4346 2651 4401 οὗ
2708 4344 2945 4419 συνεχής
3005 4341 3146 4398 ἐστιν
3198 4345 3232 4412 ἠ
3289 4342 3437 4413 τάξις
3466 4346 3573 4396 τῶν
3598 4340 3875 4417 ἀριθμῶν,

2214 4433 2555 4509 διαστήματα
2588 4434 2777 4511 χώρας
2824 4431 3231 4506 ἕπωνομάκασι.
3278 4433 3479 4508 Χώραν
3510 4430 3676 4486 πάλιν
3729 4433 3878 4493 τινὲς

2211 4530 2315 4581 τῶν
2362 4523 2675 4603 φιλοσόφων
2712 4523 2958 4599 εἰρήκασι
2992 4523 3091 4591 τήν
3129 4521 3355 4597 μερικὴν
3388 4524 3485 4575 τοῦ
3515 4518 3875 4595 περιέχοντος

452 4608 561 4663 luti
594 4608 890 4681 regionem
924 4610 1275 4682 receptaculi
1305 4630 1519 4684 corpus
1542 4616 1939 4687 capientis,uti
1966 4620 2103 4674 dolii

2220 4616 2277 4669 τὸ
2338 4620 2496 4687 σῶμα
2551 4613 2847 4689 περιοχὴν,
2906 4613 3025 4665 οἷον
3055 4611 3082 4665 6
3109 4610 3266 4672 πίθος
3293 4608 3536 4685 περιέχει
3567 4609 3660 4663 τὸν
3701 4608 3869 4664 οἶνον.

454 4698 607 4771 quod
641 4698 795 4770 capit
822 4699 1048 4754 vinum.
1084 4700 1142 4755 Si
1168 4701 1322 4755 enim
1386 4708 1640 4774 ponatur
1668 4711 1926 4762 ventrem
1963 4708 2104 4763 dolii

452 4789 865 4843 tantummodo
896 4789 1028 4843 vino
1062 4789 1446 4861 plenum,non
1476 4794 1714 4864 quidem
1745 4799 1929 4851 totum
1965 4796 2104 4852 dolii

452 4894 690 4949 corpus,
725 4878 826 4933 sed
852 4883 1079 4933 tantum
1110 4885 1311 4936 venter
1334 4882 1461 4952 ejus
1494 4883 1965 4942 circumferentia
1997 4904 2105 4943 sua

449 4967 652 5023 vinum
686 4968 1149 5039 comprehendit,
1170 4975 1340 5041 atque
1363 4971 1704 5041 bujusmodi
1729 4981 1950 5047 partem
1978 4978 2103 5048 phi-

448 5056 679 5128 losophi
713 5056 950 5128 quidam
985 5056 1172 5130 χώραν
1208 5060 1505 5131 regionem
1530 5068 1759 5133 vocant,
1786 5080 1960 5136 quam
1986 5082 2101 5120 non

447 5145 701 5204 absurde
732 5146 948 5218 aliquis
979 5147 1153 5202 etiam
1188 5147 1377 5203 locum
1415 5150 1815 5221 appellaverit.

768 5254 893 5310 420.
936 5255 1077 5310 Num
1106 5256 1344 5311 mundus
1366 5258 1441 5314 sit
1470 5260 1777 5315 animatus.

506 5342 718 5399 Nostra
731 5342 1188 5400 cbristianorum
1207 5346 1501 5403 sententia
1516 5364 1585 5403 ne
1602 5350 1849 5406 summis
1866 5351 2099 5423 quidem

443 5432 687 5489 auribus
715 5432 973 5489 admittit
1005 5434 1333 5491 animatum
1384 5452 1514 5493 esse
1565 5439 1873 5509 mundum,
1927 5458 2098 5512 quem

443 5522 810 5595 providentia
840 5525 1155 5596 gubernari
1181 5526 1470 5583 novimus.
1506 5528 1583 5584 Ac
1625 5530 2098 5601 praestantissimi

444 5610 779 5684 philosophi
812 5614 974 5671 Plato
1005 5620 1062 5671 et
1096 5616 1684 5690 Aristoteles,quique
1717 5618 1822 5676 hos
1838 5636 2099 5692 sequun-

444 5705 564 5771 tur,
596 5706 653 5757 et
702 5701 901 5761 anima
951 5708 1009 5761 et
1040 5708 1233 5764 mente
1291 5707 1603 5779 praeditum
1648 5725 1777 5767 esse
1807 5710 2096 5768 mundum

2212 4702 2543 4765 Ὑποκείσθω
2575 4698 2633 4756 δὲ
2663 4703 2690 4756 6
2725 4704 2870 4763 οἶνος
2899 4699 3022 4777 περὶ
3055 4696 3277 4769 κοίλης,
3310 4698 3439 4755 ἀλλ’
3470 4697 3577 4772 οὐχ
3616 4696 3745 4752 ὅλον
3806 4700 3872 4753 τὸ

2214 4798 2372 4866 σῶμα
2400 4796 2495 4846 τοῦ
2525 4791 2685 4854 πίθου
2715 4792 2804 4845 τὸν
2838 4791 2977 4845 οἶνον
3013 4784 3248 4859 ἐδέξατο,
3278 4786 3422 4843 ἀλλᾶ
3456 4787 3595 4862 μόνη
3631 4790 3665 4857 ἡ
3698 4786 3870 4856 κοίλη

2212 4882 2375 4937 αὐτοῦ
2405 4880 2735 4959 περιφέρεια.
2787 4882 2964 4937 Τοῦτο
3014 4881 3142 4954 γοῦν
3187 4877 3249 4933 τὸ
3304 4878 3468 4954 μέρος
3517 4878 3705 4952 χώραν
3739 4876 3871 4954 φασὶ

2210 4977 2317 5028 τῶν
2352 4969 2667 5050 φιλοσόφων
2696 4969 2857 5032 τινες.
2891 4967 3004 5027 Οὐκ
3032 4967 3338 5030 ἀπεικότως
3379 4964 3437 5021 δὶ
3464 4970 3625 5021 τοῦτο
3656 4966 3744 5021 καὶ
3776 4968 3872 5020 τό·

2211 5083 2310 5117 πον
2343 5082 2427 5123 τις
2461 5059 2800 5133 ὀνομάσειεν.

2628 5258 2728 5331 ρκ’.
2761 5254 2826 5312 El
2862 5253 3113 5331 ἔμψυχος
3143 5255 3170 5309 ὁ
3202 5253 3438 5327 κόσμος.

2280 5350 2341 5407 Ὀ
2407 5348 2499 5423 μὶν
2556 5348 2671 5402 καθ’
2718 5348 2865 5420 ἡμᾶς
2917 5343 3104 5419 λόγος,
3136 5342 3262 5401 οὑδὲ
3292 5346 3597 5420 ἀκροθιγῶς
3626 5345 3688 5399 τὸ
3738 5345 3877 5398 ὠσὶν

2212 5439 2461 5515 ἔμψυχον
2526 5437 2659 5492 εἶναι
2705 5436 2797 5490 τὸν
2848 5434 3051 5508 κόσμον
3104 5434 3409 5510 προσίεται,
3469 5432 3699 5509 προνοίᾳ
3733 5434 3871 5505 μέν-

2208 5550 2359 5605 τοιγε
2411 5525 2809 5600 διοικούμενον.
2842 5525 2909 5581 Οἱ
2943 5522 2999 5579 δὶ
3028 5524 3352 5600 τελεώτεροι
3376 5527 3483 5579 τῶν
3516 5519 3868 5602 φιλοσόφων,

2209 5617 2434 5674 Πλάτων
2484 5617 2572 5671 καὶ
2632 5611 3039 5691 Ἀριστοτέλης,
3096 5615 3186 5669 καὶ
3243 5613 3359 5669 ὅσοι
3398 5612 3614 5675 τούτοις
3649 5612 3866 5684 ἐπηκο-

2209 5706 2506 5778 λούθησαν,
2560 5704 2649 5761 καὶ
2707 5700 2980 5780 ἔμψυχον,
3028 5703 3120 5759 καὶ
3161 5701 3341 5760 ἔννουν
3402 5705 3584 5781 σαφῶς
3644 5701 3865 5780 inequi-
