4102 6342
283 390 397 454 761

1469 399 1569 460 DE
1613 399 2056 463 OMNIFARIA
2099 400 2522 472 DOCTRINA.

3582 396 3703 460 762

283 545 467 582 ναντο.
499 522 844 603 Ἐγκλεῖσθαι
877 524 934 584 δὶ
981 527 1043 585 o6
1087 527 1183 594 τὰς
1223 531 1404 608 ψυχὰς
1437 527 1488 587 ξίν
1519 552 1576 587 τε
1606 536 1684 603 τῷ
1716 531 1930 607 οὐρανῷ

2055 538 2240 607 aperte
2279 539 2572 591 statuunt.
2591 534 2791 608 Neque
2814 533 3039 591 animas
3071 532 3264 588 inesse
3292 530 3434 588 coelo
3465 534 3521 587 et
3549 531 3704 587 infra

284 613 381 670 καὶ
437 621 556 678 ταῖς
631 616 1016 691 ὑποκειμέναις
1078 621 1349 698 σφαίραις,
1410 619 1538 676 ἀλλ’
1589 621 1950 678 ἀνάπαλιντά

289 705 519 777 σώματα
547 711 654 760 τῶν
708 708 997 782 θειοτέρων
1051 712 1322 785 ἠρτῆσθαι
1378 709 1684 783 διωρίκασι.
1738 717 1947 766 Διακεῖ-

288 806 414 860 σθαι
487 797 670 865 μέντοι
718 799 808 852 καὶ
862 797 966 853 ὐπὸ
1025 800 1180 877 φύσιν
1243 800 1380 857 αὐτὰ
1424 802 1790 874 νενομίκασιν,
1853 802 1950 857 οὐκ

285 882 624 941 ἀντικεῖσθαι
689 886 941 963 μέντοιγε
1016 890 1114 959 τὴν
1176 889 1333 967 φύσιν
1394 887 1516 945 οὔτε
1570 896 1689 952 ταῖς
1745 894 1951 967 ψυχαῖς

292 973 548 1053 τούτωνφ
583 973 706 1032 οὔτε
751 982 866 1041 ταῖς
915 984 1126 1054 νοεραῖς
1174 977 1493 1050 διατάξεσιν,
1538 978 1663 1036 ἀλλ’
1709 981 1794 1035 ὑπ’
1852 981 1945 1035 αὖ·

279 1067 397 1118 τῶν
459 1063 696 1136 μάλιστα
742 1067 1180 1125 καθευθῦτεσθαι.
1237 1069 1394 1126 Ἀλλ’
1453 1067 1579 1125 οὐδὲ
1636 1067 1946 1143 δεσμεῖσθαι

278 1150 382 1213 τὰς
406 1152 608 1228 ψυχὰς,
657 1153 694 1224 ἤ
747 1153 874 1218 τοὺς
923 1160 1050 1217 νοῦς
1096 1162 1214 1220 τοῖς
1268 1160 1475 1212 τούτων
1521 1159 1777 1232 ᾠήθησαν
1839 1157 1946 1213 σώ-

282 1262 472 1315 μασιν,
554 1241 680 1300 ἀλλ’
735 1243 826 1299 ὑπ’
911 1244 1128 1302 ἐκείνων
1218 1245 1529 1318 ἐξάπτεσθαι
1613 1250 1700 1304 καὶ
1779 1269 1947 1304 κατα-

279 1327 620 1403 λάμπεσθαι.

466 1440 604 1513 pm"
632 1438 695 1496 Εἰ
727 1440 1021 1516 ἀγέννητος
1051 1441 1079 1496 ὀ
1109 1442 1320 1517 κόσμος
1350 1444 1440 1500 καὶ
1474 1442 1764 1522 ἄφθαρτος.

357 1523 496 1583 Οὔτε
550 1527 838 1603 ἀγέννητος
894 1532 1021 1606 παρ’
1096 1533 1234 1606 ἡμῖν
1300 1533 1328 1587 6
1391 1533 1596 1607 κόσμος
1646 1530 1944 1604 δοξάζεται,

275 1612 413 1670 οὔτε
437 1617 729 1694 ἄφθαρτος,
789 1621 1143 1695 γεγεννῆσθαί
1200 1643 1261 1677 τε
1314 1625 1420 1698 γὰρ
1469 1621 1628 1678 αὐτὸν
1674 1622 1818 1699 παρὰ
1844 1629 1944 1692 τῆς

278 1709 501 1780 Γρασῆς
567 1706 657 1762 καὶ
741 1711 1109 1786 φθαρήσεσθαι
1193 1715 1609 1785 μεμαθήκαμεν.
1693 1713 1943 1787 Ἀριστο-

276 1791 452 1865 τέλης
482 1792 539 1850 δὲ
586 1798 676 1852 καὶ
726 1797 1022 1875 ἀγέννητον
1072 1800 1230 1855 αὐτὸν
1277 1803 1368 1856 καὶ
1417 1799 1686 1879 ἄφθαρτον
1717 1802 1942 1866 τίθεται.

2056 625 2262 696 positis
2294 625 2670 696 sphaeris,sed
2696 642 2725 680 e
2751 623 3041 680 contrario
3074 640 3317 694 corpora
3339 623 3411 676 ab
3442 621 3558 677 illis
3578 628 3702 677 tan-

2055 730 2233 785 quam
2284 714 2668 769 divinioribus
2723 714 3049 784 dependere
3098 712 3480 766 arbitrantur.
3513 714 3707 782 Atque

2057 809 2278 858 naturae
2303 805 2541 874 quidem
2575 804 2751 858 etiam
2785 803 3048 872 subjecta
3079 801 3180 856 illa
3211 804 3441 872 putant,
3466 801 3566 854 sed
3603 816 3704 855 na-

2055 896 2247 947 turam
2279 911 2392 948 non
2427 893 2720 948 adversari
2751 891 2987 946 illorum
3022 891 3329 944 animabus
3361 894 3702 944 autmenta-

2055 977 2211 1034 libus
2244 979 2492 1052 legibus,
2555 981 2656 1035 sed
2716 981 2786 1034 ab
2844 979 2962 1034 illis
3019 978 3271 1032 maxime
3310 977 3482 1047 dirigi
3517 993 3706 1047 neque

2056 1068 2284 1124 animas
2312 1075 2412 1124 aut
2437 1075 2662 1124 mentes
2720 1069 2790 1123 ab
2823 1067 3164 1139 corporibus
3195 1066 3312 1122 illis
3353 1067 3478 1121 suis
3515 1067 3708 1121 existi-

2056 1164 2296 1216 marunt
2328 1159 2685 1232 alligari.sed
2713 1159 2783 1214 ab
2808 1157 2923 1213 illis
2953 1158 3146 1230 potius
3179 1173 3470 1231 suspensa
3501 1171 3630 1212 esse
3653 1159 3710 1213 et

2053 1248 2338 1306 illustrari
2371 1265 2635 1322 corpora.

2093 1447 2214 1502 121.
2249 1448 2393 1504 Num
2421 1447 2660 1504 mundus
2696 1449 2977 1518 ingenitus
3005 1448 3083 1500 sit
3117 1451 3171 1500 ει
3203 1444 3661 1514 incorruptibilis.

2127 1537 2324 1608 Neque
2354 1537 2654 1608 ingenitus
2687 1553 2876 1608 neque
2909 1534 3377 1607 incorruptibilis
3412 1535 3565 1604 apud
3599 1549 3704 1588 nos

2055 1628 2408 1684 christianos
2439 1629 2696 1684 mundus
2721 1645 2851 1683 esse
2881 1629 3145 1692 docetur,
3178 1641 3353 1697 quem
3406 1629 3462 1680 et
3483 1624 3704 1680 factum

2055 1733 2184 1773 esse
2214 1723 2271 1774 et
2291 1720 2618 1789 periturum
2652 1735 2682 1773 θ
2724 1719 3025 1789 Scriptura
3055 1715 3391 1771 didicimus.
3423 1713 3705 1769 Aristote-

2052 1805 2137 1862 les
2168 1824 2301 1862 vero
2331 1812 2390 1863 et
2417 1807 2746 1877 ingenitum
2777 1807 2945 1861 illum
2978 1811 3034 1861 et
3064 1802 3574 1874 incorruptibilem
3604 1819 3705 1873 po—

279 1880 610 1982 {ilhc-116‘s
637 1892 797 1962 γεννᾷ
849 1888 948 1960 μὶν
998 1889 1158 1944 αὐτὸν
1212 1889 1265 1945 έν
1313 1889 1550 1963 Τιμαίῳ,
1594 1889 1942 1968 ἀποφαίνεται

2057 1896 2335 1951 nit.Plato
2369 1897 2427 1950 in
2462 1898 2660 1953 Timaro
2692 1897 2873 1950 tradit
2904 1911 3036 1950 eum
3071 1893 3336 1965 genitum
3369 1908 3518 1958 esse,
3540 1890 3702 1946 nullo

277 1969 341 2026 δὲ
405 1970 546 2045 μηδὲ
576 1978 941 2053 φθαρήσεσθαι
984 1979 1075 2032 τὸν
1127 1976 1334 2034 ἅπαντα
1374 1980 1598 2056 χρόνον.
1625 1980 1723 2035 Καὶ
1758 1978 1946 2049 ἐπειδὴ

279 2060 580 2117 ἀντίκειται
633 2065 802 2136 αὐτῷ,
854 2063 938 2120 ὅτι
985 2067 1234 2130 σύνθετος
1293 2067 1366 2122 ὣν
1424 2069 1514 2124 καὶ
1564 2071 1898 2146 φθαρήσεται
1931 2073 1943 2086 ⁸

275 2155 387 2204 πᾶν
446 2153 547 2226 γὰρ
617 2154 680 2208 τὸ
771 2153 1022 2218 σύνθετον
1108 2157 1198 2210 καὶ
1259 2155 1514 2213 διαλυτὸν
1572 2156 1944 2213 διαστέλλεται

285 2236 488 2312 λέγων,
539 2239 621 2296 ὅτι
670 2242 793 2297 ὅσον
848 2242 942 2316 μὶν
1001 2243 1093 2300 ἰπὶ
1144 2246 1242 2314 τὴν
1306 2246 1482 2320 φύσιν,
1546 2249 1779 2322 φθαρτός
1810 2249 1944 2316 ἐστι,

276 2332 444 2400 σῶμα
499 2331 600 2406 γὰρ
661 2331 723 2386 οὐ
782 2338 962 2409 χωρεῖ
1016 2331 1324 2405 ἀϊὸιότητα,
1387 2334 1534 2392 ἀλλὰ
1585 2340 1646 2391 o6
1677 2335 1945 2415 ἄφθαρτον

273 2415 609 2482 ὶπεισάκτως
656 2423 801 2495 παρὰ
875 2426 970 2477 τοῦ
1045 2428 1180 2478 Θεοῦ
1250 2425 1553 2498 κομίζεται.
1630 2427 1692 2483 Ὀ
1769 2425 1826 2482 δὲ
1881 2449 1944 2504 γε

274 2505 531 2581 Πρόκλος
563 2508 614 2564 ἐν
647 2516 767 2573 τοῖς
826 2509 1174 2586 ἐξηγητικοῖς
1223 2519 1342 2575 τοῖς
1390 2516 1528 2590 πρὸς
1584 2515 1812 2590 Τίμαιον
1839 2514 1940 2571 λό-

275 2616 427 2672 γοις,
483 2606 712 2673 πειρᾶτα
761 2599 1026 2656 δεικνύναι
1102 2602 1433 2678 βιαιότερον,
1481 2599 1563 2660 ὅτι
1624 2603 1766 2678 μηδὲ
1821 2627 1941 2682 γεν-

281 2686 453 2754 νητὸν
496 2688 524 2741 6
577 2687 804 2744 Πλάτων
836 2689 928 2745 τὸν
971 2690 1178 2764 κόσμον
1226 2690 1416 2764 οἷέται,
1464 2691 1498 2763 ἤ
1535 2692 1748 2766 μᾶλλον
1779 2695 1945 2751 εἰπεῖν

283 2773 664 2850 ἀποφαίνεται,
741 2780 878 2835 κατὰ
947 2777 1005 2836 δὲ
1080 2781 1142 2837 τὸ
1221 2780 1493 2856 σύνθετον,
1554 2781 1767 2856 ἐπινοίᾳ
1820 2804 1941 2860 γεν-

275 2883 474 2935 νητον.

687 3140 829 3214 ρκβ’.
863 3139 925 3196 Εἰ
957 3138 1206 3218 τρέφεται
1240 3141 1267 3195 6
1298 3140 1528 3214 κόσμος.

355 3224 432 3278 οὐ
454 3224 644 3303 πόῤῥω
701 3249 794 3300 μοι
854 3228 1100 3300 εὐηθείας
1159 3231 1296 3285 εἶναι
1356 3227 1604 3286 δοκοῦσιν
1651 3232 1704 3286 o't
1752 3229 1939 3309 τρέφε-

277 3313 404 3368 σθαι
433 3314 526 3370 τὸν
578 3317 784 3390 κὸσμον
843 3313 1344 3392 ὑπολαμϐάνοντες,
1404 3317 1511 3374 εἷίτε
1561 3319 1788 3395 οὐρανὸν
1846 3321 1940 3375 κό-

276 3422 422 3474 σμον
471 3408 938 3478 κατονομάζουσιν
983 3408 1058 3471 ὡς
1112 3409 1139 3463 6
1193 3406 1422 3463 Πλάτων
1473 3408 1525 3463 ἐν
1571 3413 1649 3481 τῷ
1698 3409 1944 3482 Τιμαίῳ,

279 3487 395 3545 εἴτε
427 3498 561 3563 μετὰ
605 3499 703 3550 τοῦ
751 3494 965 3570 αἰθέρος
1013 3496 1103 3551 καὶ
1147 3497 1215 3552 τὰ
1264 3503 1535 3573 στοιχεῖα.
1591 3497 1654 3554 El
1705 3498 1808 3573 γὰρ
1864 3520 1947 3553 τε·

279 3578 560 3644 λεώτατος
593 3585 620 3638 6
667 3584 876 3658 κόσμος
923 3591 1039 3641 κατ’
1092 3580 1312 3656 αὐτοὺς,
1372 3585 1608 3660 μάλιστα
1658 3583 1714 3642 δὶ
1743 3589 1828 3642 καὶ
1865 3586 1946 3642 ἀί-

281 3665 428 3754 διος,
459 3675 578 3735 πῶς
606 3671 667 3726 ἃν
701 3670 921 3746 δεηθείη
969 3681 1180 3754 τροφῆς
1212 3693 1225 3744 ;
1260 3677 1338 3734 T6
1391 3677 1494 3752 γὰρ
1527 3675 1712 3738 ἀτελὲς
1742 3676 1829 3731 καὶ
1862 3677 1945 3732 ἐν-

280 3753 403 3820 δεὶς
431 3760 703 3836 τρέφεται.
761 3761 924 3818 Ἀλλ’
977 3764 1110 3840 οὐχὶ
1160 3763 1248 3819 καὶ
1305 3765 1368 3820 τὸ
1425 3762 1638 3840 πλῆρες
1674 3767 1763 3820 καὶ
1797 3765 1942 3821 ἀνεν-

281 3845 428 3910 δεές.
487 3850 547 3906 Εἰ
607 3847 664 3906 δὶ
709 3851 773 3906 τὸ
851 3852 1044 3930 τρέφον
1109 3855 1429 3928 προσθήκην
1487 3858 1568 3926 τῷ
1622 3853 1942 3932 τρεφομένῳ

279 3942 437 3993 ποιεῖ
486 3939 575 3994 καὶ
635 3937 879 4013 αὔξησιν.
939 3941 1200 4014 αὐξηθείη
1257 3943 1315 3997 ἃν
1373 3944 1464 3998 καὶ
1512 3942 1716 4016 κόσμος
1747 3943 1941 4022 τρεφό-

285 4047 478 4101 μενος,
529 4026 674 4085 ἆλλᾶ
722 4030 815 4085 καί
875 4030 1050 4105 φθίνοι
1107 4031 1433 4106 κενούμενος
1491 4032 1628 4088 ὥστε
1681 4033 1878 4106 μείζων
1913 4033 1941 4088 6

278 4115 494 4189 κόσμος
527 4116 716 4172 ἑαυτοῦ
773 4117 864 4173 καὶ
920 4117 1158 4175 ἐλάττων
1212 4121 1476 4195 γενέσθαι.
1510 4123 1687 4177 Τοῦτο
1720 4117 1777 4174 δὲ
1805 4120 1943 4196 πρὸς

273 4210 362 4277 τῷ
393 4204 585 4278 ἀτόπῳ
615 4207 705 4262 καὶ
758 4207 980 4282 γελοῖον
1035 4206 1308 4284 ἄντικρυς,
1353 4208 1416 4264 Ei’
1467 4209 1556 4264 οὗν
1609 4205 1731 4264 οὔτε
1778 4208 1941 4281 αὐξή-

276 4315 420 4356 σεως
473 4289 554 4349 δεῖ
605 4301 686 4368 τῷ
737 4293 933 4371 κόσμῳ
984 4296 1108 4354 οὕτε
1157 4299 1460 4370 κενώσεως,
1514 4299 1578 4354 οὐ
1633 4304 1840 4376 τροφῆς
1879 4295 1936 4354 ἂν

278 4383 435 4456 αὐτῷ
463 4382 648 4455 δεήσοι
680 4384 832 4443 ποτε.

719 4584 849 4660 ρκγ’.
885 4584 1012 4660 Ιῐερῖ
1045 4583 1246 4658 τάξεως
1273 4587 1508 4659 κόσμου.

2057 1990 2254 2039 autem
2279 1991 2537 2055 tempore
2567 1982 3190 2056 corrumpondum.Cui
3216 1981 3492 2052 quoniam
3527 1979 3703 2049 obiici

2056 2078 2268 2144 potest,
2293 2075 2446 2145 quod
2481 2090 2609 2128 cum
2645 2074 2722 2129 sit
2769 2072 3134 2144 compositus
3165 2072 3339 2126 etiam
3368 2085 3703 2140 corrumpe-

2055 2168 2175 2230 tur,
2200 2163 2487 2234 quidquid
2523 2163 2679 2217 enim
2712 2161 3104 2233 compositum
3135 2164 3224 2215 est
3254 2162 3430 2214 etiam
3463 2156 3703 2213 dissolvi

2054 2258 2264 2324 potest,
2298 2251 2627 2323 excipitille
2659 2268 2724 2307 ac
2755 2251 3090 2322 respondet,
3124 2249 3281 2320 quod
3315 2252 3536 2303 naturas
3585 2262 3700 2302 sum

2054 2341 2279 2397 ratione
2309 2342 2513 2411 utique
2563 2341 2638 2395 sit
2695 2337 3095 2411 corruptibilis
3154 2338 3435 2405 mundus,
3490 2351 3701 2406 corpus

2051 2431 2205 2486 enim
2240 2430 2469 2485 nullum
2503 2430 2560 2484 in
2593 2445 2652 2485 se
2686 2429 2896 2484 habere
2935 2426 3484 2499 sempiternitatem,
3509 2425 3610 2480 sed
3669 2441 3702 2480 a

2050 2520 2166 2576 Deo
2199 2519 2494 2590 accepisse
2523 2534 2766 2590 esseque
2789 2516 2871 2572 illi
2925 2516 3372 2588 superadditum
3401 2518 3462 2570 ut
3505 2513 3582 2568 sit
3611 2513 3702 2568 in-

2050 2609 2467 2681 corruptibilis.
2497 2609 2735 2666 Proclus
2766 2609 2826 2665 in
2858 2606 3298 2663 commentariis
3358 2607 3476 2662 sive
3506 2604 3700 2676 expla-

2049 2702 2391 2757 natiouibus
2421 2700 2547 2756 suis
2579 2700 2636 2755 in
2670 2701 2957 2755 Timaeum
2988 2697 3150 2754 omni
3178 2696 3550 2752 contentione
3573 2699 3698 2749 stu-

2050 2791 2594 2859 detdemonstrare,
2627 2789 2778 2861 quod
2814 2805 2920 2844 nec
2941 2787 3202 2860 genitum
3235 2785 3397 2841 Plato
3415 2783 3701 2839 mundum

2049 2879 2426 2948 senserit,sed
2459 2883 2722 2950 tempore
2745 2877 2982 2950 quidem
3007 2875 3334 2949 ingenitum
3367 2875 3698 2945 esseputat,

2046 2970 2135 3025 vel
2168 2973 2233 3024 ut
2271 2969 2488 3024 rectius
2520 2967 2710 3023 dicam
2745 2968 3094 3023 conﬁrmare
3116 2962 3530 3030 annititur,sed
3556 2977 3702 3034 qua-

2047 3066 2221 3115 tenus
2253 3057 2614 3130 compositus
2645 3063 2754 3124 est,
2773 3056 3039 3128 genitum
3076 3054 3213 3111 licet
3243 3055 3519 3126 cogitare.

2407 3149 2530 3202 122.
2588 3149 2732 3203 Num
2767 3145 3007 3201 mundus
3035 3145 3342 3200 nutriatur.

2122 3236 2246 3293 Non
2279 3237 2452 3308 longe
2483 3236 2628 3292 mihi
2689 3235 2760 3290 ab
2797 3235 3031 3290 insania
3061 3233 3335 3290 videntur
3363 3231 3569 3288 abesse
3601 3227 3703 3300 qui

2055 3327 2344 3382 mundum
2373 3324 2585 3381 nutriri
2617 3323 2979 3394 existimant,
3020 3323 3142 3379 sive
3191 3321 3400 3378 cmlum
3451 3323 3707 3375 tantum-

2055 3416 2227 3471 modo
2258 3416 2463 3470 mundi
2501 3414 2736 3469 nomine
2757 3411 3076 3484 appellant,
3097 3416 3160 3466 ut
3193 3411 3250 3465 in
3286 3412 3494 3467 Timaeo
3517 3407 3702 3476 Plato,

2053 3505 2174 3560 sive
2207 3521 2323 3558 una
2372 3518 2501 3557 cum
2555 3501 2699 3556 coelo
2754 3502 2930 3557 etiam
2988 3505 3242 3571 quatuor
3283 3498 3591 3554 elementa.
3647 3497 3700 3549 Si

2053 3593 2233 3658 enim,
2268 3597 2332 3646 ut
2354 3591 2466 3662 ipsi
2497 3592 2779 3656 sentiunt,
2807 3589 3276 3662 perfectissimus
3309 3593 3397 3643 est
3420 3586 3704 3655 mundus,

2054 3681 2308 3737 maxime
2340 3687 2520 3752 atque
2549 3687 2825 3747 internus,
2858 3678 2956 3748 qui
3005 3677 3127 3733 ﬁeri
3160 3681 3347 3748 potest
3378 3681 3441 3730 ut
3462 3674 3591 3730 cibo
3613 3675 3701 3728 in-

2051 3771 2247 3842 digeat
2278 3774 2300 3826 Ρ
2329 3771 2597 3825 Nutritur
2621 3769 2839 3840 quippe
2866 3768 3020 3838 quod
3067 3766 3468 3836 imperfectum
3501 3767 3592 3817 est
3646 3766 3702 3816 et

2050 3861 2345 3932 indigens,
2370 3877 2483 3914 non
2515 3873 2649 3913 vero
2681 3857 2918 3928 plenum
2943 3856 3098 3926 quod
3132 3858 3302 3920 est,et
3331 3853 3423 3907 cui
3456 3850 3618 3907 nulla
3642 3867 3701 3906 re

2050 3955 2139 4006 cst
2169 3965 2338 4020 opus.
2363 3948 2508 4002 Nam
2543 3947 2590 4002 si
2647 3963 2747 4018 per
2802 3945 3236 4000 nutrimentum
3296 3941 3344 3997 ei
3375 3941 3473 4012 qui
3525 3939 3702 3996 alitur

2052 4039 2289 4093 additur
2318 4035 2540 4108 aliquid
2609 4039 2663 4090 et
2694 4035 3122 4090 incrementum
3174 4032 3417 4099 accedit,
3477 4033 3702 4084 crescet

2050 4125 2224 4182 etiam
2259 4126 2519 4180 mundus
2546 4125 2592 4180 si
2617 4123 2920 4193 alitur,aut
2938 4121 2986 4176 si
3017 4121 3295 4176 alimento
3328 4118 3701 4185 destituatur,

2052 4215 2537 4270 marcescet.Erit
2594 4213 2794 4284 itaque
2847 4211 3038 4280 major
3087 4210 3302 4280 seipso
3361 4211 3461 4262 aut
3512 4207 3704 4261 minor

2052 4305 2333 4370 mundus,
2366 4303 2520 4374 quod
2555 4301 2862 4374 perspicue
2895 4300 3220 4356 absurdum
3271 4314 3337 4354 ac
3363 4294 3698 4352 ridiculum.

2050 4395 2239 4459 Quare
2262 4393 2311 4449 si
2342 4408 2447 4447 nec
2496 4390 2844 4447 incrementi
2905 4405 3010 4445 nec
3069 4386 3466 4445 evacuationis
3521 4400 3701 4455 capax

2051 4483 2313 4539 mundus
2343 4485 2451 4548 est,
2474 4495 2663 4551 neque
2696 4478 3058 4534 nutrimento
3093 4492 3356 4548 unquam
3392 4471 3699 4544 indigebit.

2529 4587 2651 4640 123.
2689 4589 2766 4640 De
2794 4584 2992 4639 mundi
3003 4583 3214 4638 ordine.

357 4675 630 4731 Ἑναντίοι
669 4657 808 4750 πρὸς
855 4657 1142 4745 ἀλλήλους
1193 4675 1250 4730 οἷ’
1293 4657 1401 4731 τῶν
1433 4675 1737 4746 Ἐλλήνων
1781 4677 1936 4754 σοφοὶ

2121 4679 2445 4734 Graecorum
2483 4674 2816 4746 philosophi
2837 4676 2892 4728 in
2914 4671 3269 4728 collocandis
3295 4667 3496 4724 mundi
3525 4667 3702 4740 parti-

279 4765 354 4820 τᾶ
409 4764 548 4838 μέρη
602 4767 699 4818 τοῦ
757 4764 969 4836 κόσμου
1010 4764 1232 4821 τιθέασι.
1284 4767 1361 4821 Τὸ
1420 4763 1477 4820 δὲ
1525 4765 1746 4836 ἀληθὶς,
1781 4767 1809 4820 6
1843 4767 1936 4838 μὲν

280 4850 538 4926 οὐρανὸς,
600 4851 675 4914 ὡς
733 4852 985 4924 μέγιςτον
1041 4856 1201 4924 σῶμα
1251 4853 1341 4906 καὶ
1393 4850 1679 4919 κυκλικὸν,
1735 4853 1826 4906 καὶ
1873 4854 1941 4908 τὰ

277 4945 539 5016 στοιχεῖα
569 4945 772 5016 χωρεῖν
805 4939 893 4993 καὶ
937 4939 1180 5016 συνέχειν
1224 4938 1517 5014 δυνάμενον
1551 4940 1700 5003 ἐκτὸς
1730 4939 1937 4996 τούτων

273 5028 702 5102 ἐξῳκοδόμηται
737 5047 751 5062 ο
815 5030 919 5086 ὁπὸ
979 5027 1036 5084 δὶ
1092 5031 1192 5100 τήν
1266 5029 1463 5100 κοίλην
1519 5031 1682 5086 αὐτοῦ
1741 5030 1938 5107 ἐπιφά-

270 5139 458 5188 νειαν,
489 5119 680 5194 πρῶτα
739 5119 838 5190 μὶν
891 5119 958 5173 τὰ
999 5119 1216 5188 ἀπλανῆ
1275 5124 1383 5174 τῶν
1443 5117 1650 5196 ἄστρων
1707 5121 1937 5195 τετάχα-

270 5229 396 5278 ται,
429 5207 519 5262 καὶ
553 5208 580 5262 ὁ
636 5205 896 5277 ζωδιακὸς
947 5205 1174 5276 κύκλος,
1225 5208 1335 5263 εἶτα
1391 5210 1448 5263 αἱ
1502 5213 1610 5264 τῶν
1644 5208 1937 5283 πλανωμέ-

267 5320 391 5355 νων
425 5294 632 5372 ἄστρων
691 5296 914 5373 σφαῖραί
971 5318 1029 5352 τε
1081 5299 1170 5353 καὶ
1230 5300 1412 5374 φοραὶ,
1449 5299 1524 5352 ὧν
1577 5301 1611 5368 ἡ
1644 5297 1848 5370 σελήνη
1876 5299 1938 5353 16

266 5388 599 5446 τελευταῖον
636 5406 648 5420 ο
718 5386 822 5441 ὑπὸ
881 5383 938 5440 δὲ
1009 5387 1211 5457 ταύτην
1289 5386 1444 5451 εὐθὺς
1500 5387 1563 5442 16
1623 5387 1940 5462 ὑπέκκαυμα

274 5479 468 5547 οἶονή
526 5481 622 5532 τοῦ
676 5476 847 5551 πυρὸς
899 5473 1152 5549 δύναμις,
1205 5477 1320 5532 εἶτα
1384 5478 1412 5532 6
1473 5476 1602 5553 ἀὴρ,
1659 5477 1750 5532 καὶ
1807 5499 1939 5552 μετῃ

266 5568 497 5625 τούτων
539 5567 602 5623 τὸ
660 5565 934 5641 στοιχεὶον
992 5569 1088 5620 τοῦ
1156 5563 1369 5636 ὕδατος,
1402 5563 1712 5622 τελευταῖον
1768 5563 1826 5620 δὶ
1877 5565 1940 5621 16

273 5665 390 5728 τῆς
441 5663 544 5733 γῆς
615 5661 776 5730 σῶμα
857 5653 1300 5728 τεθεμελίωται·
1361 5655 1448 5711 καὶ
1507 5657 1680 5711 πάντα
1740 5655 1832 5730 μὶν
1887 5653 1939 5710 ἐν

276 5752 455 5807 πᾶσιν
487 5745 651 5820 ἔστὶν,
689 5742 913 5806 ἕκαστον
963 5742 1019 5804 δὶ
1063 5749 1172 5804 τῶν
1222 5744 1514 5824 στοιχείων
1547 5744 1786 5818 ὀλότητά
1815 5766 1938 5804 τινα

2048 4769 2160 4824 bus
2193 4767 2304 4822 sibi
2336 4765 2480 4837 ipsis
2514 4765 2761 4818 invicem
2789 4764 3196 4817 adversantur.
3233 4760 3382 4815 Vera
3413 4756 3702 4813 sententia

2049 4861 2136 4914 est
2167 4857 2320 4928 quod
2353 4853 2564 4911 coelum
2593 4858 2873 4923 tanquam
2911 4852 3235 4905 maximum
3269 4863 3484 4918 corpus
3506 4851 3563 4901 et
3587 4846 3699 4900 cir-

2048 4945 2264 5010 culare,
2299 4950 2472 5014 atque
2505 4941 2798 4997 elementa
2827 4939 3135 5011 complecti
3175 4956 3240 4993 ac
3271 4935 3570 4992 continere
3600 4951 3698 5004 ap-

2047 5040 2200 5100 tum,
2257 5039 2418 5087 extra
2465 5030 2565 5084 illa
2625 5033 2913 5085 structum
2949 5034 3056 5083 est.
3089 5027 3206 5081 Sub
3238 5025 3418 5094 hujus
3449 5039 3704 5078 concava

2047 5125 2351 5196 superﬁcie
2368 5121 2613 5192 primum
2633 5117 2868 5188 quidem
2886 5119 3207 5171 inerrantes
3221 5112 3403 5169 stellae
3419 5111 3702 5166 ordinatae

2047 5218 2210 5281 sunt,
2243 5217 2300 5267 et
2328 5211 2602 5266 zodiacus
2651 5205 2946 5262 circulus:
3006 5206 3285 5275 deinceps
3330 5200 3699 5272 planetarum

2049 5303 2218 5357 orbes
2240 5317 2306 5355 ac
2354 5297 2578 5360 circuli,
2640 5312 2892 5367 quorum
2952 5295 3158 5348 infima
3202 5297 3290 5347 est
3327 5290 3516 5344 luna:
3550 5287 3702 5342 intra

2049 5393 2199 5446 hanc
2232 5390 2429 5443 statim
2470 5384 2955 5455 ὑπέκκαυμαὶἱιυό
2990 5383 3111 5438 sivo
3143 5380 3457 5451 (uliginosa
3473 5376 3702 5432 exhala-

2047 5481 2126 5536 tio
2160 5480 2456 5535 ﬂammam
2481 5475 2786 5546 concipere
2819 5479 2974 5545 apta,
2999 5472 3136 5528 hinc
3168 5488 3287 5536 aer,
3338 5472 3395 5523 et
3427 5466 3704 5536 deinceps

2049 5584 2210 5640 aquae
2242 5566 2623 5633 elementum,
2660 5580 2726 5619 ac
2761 5566 3058 5636 postremo
3090 5559 3214 5614 loco
3275 5564 3429 5614 terra
3459 5556 3702 5611 fundata

2051 5663 2160 5715 est.
2193 5656 2285 5713 Sic
2306 5653 2502 5711 omnia
2521 5652 2798 5708 omnibus
2815 5651 3038 5722 insunt,
3062 5653 3118 5706 et
3136 5649 3492 5705 elementum
3511 5644 3699 5718 quod-

2052 5766 2165 5822 que
2183 5746 2625 5807 universitatem
2660 5745 2980 5818 quamdam
3013 5744 3133 5803 sive
3182 5743 3501 5812 totitatem,
3530 5744 3592 5798 ut
3621 5738 3702 5796 ita
