4102 6342
443 419 560 482 ’163

1784 425 2206 488 MICHAELIS
2249 425 2524 489 PSELLI

3734 425 3863 493 764

439 554 657 625 dicam,
688 555 863 611 habet
901 553 1438 627 circumscriptam,
1501 562 1552 613 et
1603 557 1800 614 omnia
1849 557 2089 614 invicem

2211 557 2725 634 περιγεγραμμένην
2779 554 2918 633 ἔχει,
2975 555 3064 612 καὶ
3121 557 3294 612 πάντα
3344 555 3619 628 ἀλλήλοις
3677 555 3855 637 ἔγκει-

439 651 582 701 sunt
613 645 1086 716 superimposita.

473 753 595 808 124.
630 753 744 820 Qua
774 767 938 806 causa
958 754 1030 808 sit
1080 754 1353 809 mundum
1381 755 1530 812 hunc
1557 758 1732 812 totum
1768 755 2052 811 inclinari.

504 914 680 970 Miror
698 913 1078 986 philosophos
1119 918 1404 987 quosdam
1466 919 1869 973 existimantes
1908 935 2088 974 mun-

435 1003 576 1057 dum
609 1002 733 1057 loco
759 1020 865 1058 suo
897 1005 1206 1066 excidisse,
1241 1007 1537 1077 situmque
1561 1023 1736 1077 quem
1769 1006 2021 1078 primum
2057 1025 2090 1062 a

435 1091 746 1149 Conditore
781 1098 1084 1164 acceperat
1116 1095 1791 1167 perdidisse,polumque
1814 1097 1955 1150 adeo
1987 1096 2087 1150 bo-

436 1180 648 1237 realem
684 1181 742 1235 in
776 1181 1038 1236 altiorem
1066 1189 1286 1254 partem
1322 1185 1566 1254 elatum,
1596 1187 1910 1240 australem
1959 1203 2087 1241 vero

433 1271 776 1342 depressum
836 1270 987 1326 infra
1038 1277 1273 1341 terram,
1299 1279 1354 1327 et
1383 1273 1844 1345 aaquinoctialem
1879 1293 2083 1329 zonam

425 1377 632 1415 versus
649 1360 950 1414 meridiem
968 1361 1309 1416 inclinatam
1327 1363 1679 1433 esse.Usque
1694 1364 1912 1417 adeone
1927 1363 2086 1435 igno-

426 1454 560 1504 rant
591 1449 744 1519 quod
774 1466 874 1520 pro
908 1450 1132 1504 diverso
1155 1450 1460 1506 climatum
1515 1453 1652 1514 situ,
1684 1452 1796 1524 poli
1826 1455 1947 1522 jam
1983 1471 2081 1508 su-

424 1554 532 1610 pra
561 1536 920 1592 horizontem
955 1545 1397 1604 versantur,nec
1427 1540 1722 1596 inmundo
1755 1542 2081 1613 quidquam

421 1626 554 1681 ideo
590 1631 855 1681 mutatur
889 1632 991 1682 aut
1044 1629 1471 1699 transponitur,
1504 1631 1780 1706 quodque
1827 1632 2084 1686 australe

432 1713 607 1771 clima
637 1714 1016 1770 habitandum
1073 1716 1299 1771 sortitis
1340 1716 1508 1788 polus
1571 1719 1820 1773 borealis
1853 1736 2084 1782 semper

433 1805 796 1875 conspicitur
825 1810 880 1860 et
902 1806 1195 1878 capitibus
1233 1824 1433 1863 eorum
1476 1810 1758 1877 imminet,
1805 1811 2081 1866 australis

428 1895 726 1951 veroinfra
750 1898 963 1950 terram
987 1895 1690 1969 occultaturNeutiquam
1711 1900 1891 1971 igitur
1907 1917 2079 1954 mun-
2113 1936 2160 2000 Β

430 1985 540 2040 dus
574 1984 628 2039 in
659 1983 900 2040 alteram
927 1989 1149 2058 partem
1176 1987 1490 2042 inclinatus
1514 1989 1730 2052 est,sed
1764 1988 2080 2044 habitatio-

429 2091 570 2131 num
607 2075 779 2146 situs,
812 2076 1252 2132 inclinationem
1283 2077 1394 2132 sibi
1422 2077 1794 2149 imaginatur.

437 2183 556 2238 125.
592 2183 862 2251 Quomodo
913 2185 1034 2253 quis
1061 2201 1161 2254 per
1209 2183 1519 2239 Graecorum
1560 2186 2083 2243 demonstrationem

632 2257 974 2326 perspect-um
1007 2254 1209 2310 habere
1251 2259 1428 2329 possit
1460 2257 1656 2311 mundi
1684 2259 1872 2327 ﬁnem.

505 2348 582 2398 De
604 2343 809 2399 ultima
843 2344 936 2398 die
967 2348 1022 2398 ct
1050 2344 1214 2410 hora,
1249 2347 1572 2401 secundum
1634 2348 1856 2402 dictum
1897 2348 2084 2402 Evan-

434 2431 593 2504 gelii,
657 2449 827 2488 nemo
879 2435 1039 2489 novit
1097 2434 1207 2490 nisi
1262 2435 1450 2502 Pater,
1491 2440 1549 2490 et
1595 2442 1915 2493 coaeternus
1971 2437 2084 2508 ipsi

433 2521 638 2586 Filius,
671 2527 726 2576 et
766 2522 1022 2593 Spiritus
1081 2540 1110 2578 e
1175 2524 1338 2579 Patre
1392 2527 1732 2596 procedens.
1779 2530 1850 2581 At
1903 2527 2084 2582 Graeci

432 2611 610 2666 etiam
643 2611 793 2665 hanc
816 2611 964 2666 scire
995 2613 1158 2666 vanis
1181 2615 1548 2670 contendunt
1570 2616 2085 2672 demonstrationi-

431 2699 805 2754 bus.Saturni
843 2701 1097 2754 maxima
1129 2701 1405 2771 periodus
1432 2707 1519 2757 est
1551 2720 1838 2757 annorum
1863 2704 2087 2758 ducen-

433 2790 626 2841 torum
663 2789 962 2858 sexaginta
995 2789 1278 2860 quinque.
1335 2791 1495 2844 Jovis
1557 2791 1724 2844 annis
1769 2791 1972 2862 viginti
2033 2798 2090 2846 et

437 2881 686 2946 septem,
723 2876 920 2930 Martis
971 2878 1237 2931 ducentis
1295 2880 1590 2949 octoginta
1635 2887 1908 2950 quatuor,
1939 2881 2090 2936 Solis

439 2964 600 3019 mille
630 2964 1076 3035 quadringentis
1104 2983 1218 3020 uno
1251 2971 1306 3019 et
1337 2967 1908 3039 sexaginta,Veneris
1933 2970 2092 3024 mille

450 3053 897 3125 quadringentis
927 3071 1042 3108 uno
1073 3060 1130 3110 et
1162 3055 1616 3127 quinquaginta,
1653 3057 1919 3113 Mercurii
1951 3076 2090 3130 qua-

449 3143 778 3214 dringentis
813 3143 1111 3214 octoginta
1141 3148 1198 3198 et
1228 3148 1376 3214 octo,
1403 3145 1575 3199 Lunae
1606 3147 1856 3217 denique
1887 3148 2089 3218 viginti

447 3231 707 3303 quinque
740 3232 1045 3287 annis.Scd
1071 3249 1285 3305 magna
1318 3235 1521 3288 mundi
1555 3236 1830 3306 periodus
1853 3237 2091 3292 obsolvi-

443 3321 542 3374 tur
571 3319 743 3374 annis
761 3319 974 3376 millies
1004 3322 1418 3393 septingenties
1441 3340 1504 3378 ac
1528 3325 1917 3396 quinquagies
1932 3325 2089 3381 mille

444 3411 503 3462 et
532 3411 620 3462 ter
650 3408 808 3463 mille
840 3425 906 3464 ac
940 3411 1245 3479 ducentis;
1280 3411 1377 3466 illo
1401 3416 1662 3483 tempore
1682 3415 1947 3468 omnium
1973 3414 2090 3485 pla-

443 3502 714 3554 netarum
762 3499 1096 3570 conjunctio
1129 3501 1225 3555 {iet
1281 3503 1337 3556 in
1370 3501 1656 3556 tricesimo
1679 3504 1863 3574 gradu
1897 3503 2091 3560 cancri

441 3585 528 3642 vel
553 3588 742 3658 primo
777 3587 986 3657 leonis,
1045 3593 1219 3660 atque
1272 3596 1411 3645 tunc
1468 3591 1783 3647 universali
1833 3595 2092 3648 mundus

443 3676 722 3732 obruetur
744 3678 1131 3733 diluvio.Post
1163 3681 1466 3734 absolutas
1501 3682 1770 3752 periodos
1795 3683 2091 3737 minorum

441 3765 502 3820 in
526 3766 774 3837 planetis
797 3784 1110 3836 annorum,
1146 3769 1529 3837 particulares
1566 3771 1840 3825 accidunt
1870 3771 2092 3826 eluvio-

442 3870 547 3909 nes
579 3856 934 3928 ;unicuique
965 3856 1120 3912 enim
1141 3857 1445 3913 stellarum
1478 3864 1800 3915 errantium
1832 3861 2096 3929 maximi,

444 3945 620 3998 medii
652 3951 709 3999 et
739 3946 1001 4001 minores
1033 3947 1169 4001 anni
1200 3948 1404 4001 tributi
1439 3953 1596 4002 sunt.

442 4035 549 4085 τῶν
610 4031 871 4108 ἀστέρων,
960 4033 1010 4086 οἱ
1082 4034 1296 4108 μερικοὶ
1372 4035 1751 4108 κατακλυσμοὶ
1833 4036 2091 4112 γίνονται.

443 4119 533 4174 καὶ
567 4119 828 4174 ἐλάττονα
855 4118 945 4191 ἔτη
982 4123 1321 4196 παράκειται.

447 4228 569 4283 126.
601 4229 869 4296 Quaenam
888 4232 1089 4285 mundi
1141 4231 1335 4286 dextra
1364 4233 1496 4297 sint,
1530 4248 1788 4305 quaenam
1846 4235 2097 4290 sinistra.

517 4335 606 4388 Ab
630 4335 849 4392 oriente
880 4353 1154 4392 occasum
1199 4340 1420 4395 versus'
1451 4340 1856 4410 spectantibus
1897 4341 2100 4397 dextra

449 4424 656 4478 mundi
689 4432 831 4480 sunt.
853 4427 1355 4496 septentrionalia,
1379 4428 1666 4485 australia
1695 4429 1953 4486 sinistra.
1989 4431 2096 4486 Sed

449 4513 522 4568 ab
554 4514 851 4569 occidente
883 4516 1284 4585 spectantibus
1341 4517 1412 4572 ad
1461 4518 1771 4584 orientem,
1821 4519 2100 4574 australia

449 4602 650 4658 dextra
672 4608 832 4670 sunt,
858 4604 1100 4660 sinistra
1131 4606 1611 4678 septentrionalia
1645 4625 1658 4663 :
1687 4607 1970 4680 facicique
1993 4610 2096 4664 ob-

2199 667 2310 702 ται.

2202 751 2334 829 ρκδ’.
2393 755 2486 817 Τίς
2542 756 2577 824 ἡ
2638 753 2784 810 αὶτία
2828 759 3019 834 τοῦτον
3074 755 3166 809 τὸν
3223 756 3431 829 κόσμον
3486 755 3614 812 ὅλον
3675 755 3857 834 ἐγκλι-

2933 829 3113 896 θῆναι.

2273 916 2542 988 Θάυμάζω
2585 920 2692 971 τῶν
2740 915 3054 994 φιλοσόφων
3108 915 3261 970 ἰνίων
3320 917 3411 972 τὸν
3442 918 3644 990 κόσμον
3691 940 3852 990 μετα-

2198 1009 2402 1076 πεσεῖν,
2459 1002 2548 1059 καὶ
2579 1005 2675 1073 τήν
2709 1005 2933 1079 πρώτην
2973 1002 3242 1077 οἱομένων
3277 1002 3634 1081 δημιουργίαν
3669 1006 3854 1083 ὥσπερ

2199 1093 2556 1166 έξοτισθεῖσαν
2610 1099 2710 1160 τῆς
2760 1093 2965 1156 οἰκείας
3028 1094 3248 1165 τάξεως,
3307 1096 3397 1149 καὶ
3450 1097 3540 1150 τὸν
3603 1096 3694 1168 μὲν
3751 1097 3850 1172 βό-

2199 1204 2340 1259 ρειον
2391 1181 2562 1238 πόλον
2657 1185 3106 1258 μετεωρισθῇ-θαι,
3166 1181 3422 1258 ὕπόγειον
3493 1182 3550 1238 δὶ
3605 1187 3855 1258 γενέσθαι

2193 1273 2284 1327 τὸν
2341 1272 2543 1342 νότιον,
2596 1273 2686 1326 καὶ
2733 1273 2831 1340 τὴν
2888 1271 3210 1347 ίσημερινὴν
3247 1274 3421 1342 ζώνην
3472 1271 3556 1326 ἐπὶ
3608 1273 3707 1340 τήν
3753 1294 3859 1346 με-

2196 1355 2467 1434 σημϐρίαν
2514 1359 2952 1434 μέτε-(κλιθῆναι.
3011 1364 3277 1414 Τοσοῦτον
3329 1362 3432 1435 γὰρ
3488 1362 3852 1435 ἠγνοήκασιν,

2195 1448 2276 1503 ὅτι
2333 1449 2479 1524 παρὰ
2507 1453 2606 1517 τὴν
2658 1446 2917 1524 διάφορον
2960 1453 3070 1503 τῶν
3115 1448 3398 1520 κλιμάτων
3434 1449 3575 1512 θέσιν
3603 1450 3654 1502 οἱ
3684 1447 3856 1503 πόλοι

2192 1541 2282 1591 νῦν
2348 1538 2443 1610 μὲν
2495 1536 2583 1592 ἐπὶ
2642 1542 2737 1591 τοῦ
2818 1537 3091 1612 ὁρίζοντος
3154 1537 3359 1592 κύκλου
3421 1539 3699 1606 ἑστήκασι,
3758 1536 3854 1591 καὶ

2193 1626 2522 1700 ἀμετάθετον
2581 1628 2644 1682 τὸ
2700 1632 2802 1682 πᾶν
2865 1624 3355 1702 διατηροῦτι,τοῖς
3417 1625 3474 1681 δὶ
3531 1626 3592 1682 τὸ
3636 1627 3854 1702 βόρειον

2191 1713 2363 1788 κλίμα
2399 1714 2664 1790 λαχοῦσιν
2715 1715 2905 1781 οἰκεῖν,
2958 1717 2985 1769 6
3045 1717 3137 1787 μὲν
3173 1713 3343 1769 ἐκεῖσε
3374 1712 3547 1777 πόλος
3577 1713 3853 1787 μετέωρος

2192 1805 2460 1879 φαίνεται,
2513 1807 2598 1859 καὶ
2659 1805 2944 1882 ἀειφανής,
2999 1805 3027 1858 6
3085 1802 3144 1858 δὲ
3200 1805 3379 1863 νότιος
3433 1802 3537 1858 ὑπὸ
3593 1804 3694 1871 τὴν
3741 1810 3852 1877 γῆν

2190 1895 2509 1969 κρύπτεται²
2541 1896 2618 1953 Οὐ
2681 1893 2972 1968 μετεκλίθη
3029 1898 3157 1969 γοῦν
3216 1895 3243 1948 6
3301 1895 3508 1966 κόσμος
3569 1889 3850 1948 έπόὗδὶν

2193 1985 2378 2060 μέρος,
2459 1982 2585 2039 ἀλλ’
2649 1986 2682 2054 ἠ
2740 1985 2848 2038 τῶν
2901 1984 3170 2054 οἰκήσεων
3233 1985 3377 2047 θέσις
3438 1983 3690 2060 φαντάζει
3746 1983 3850 2051 τὴν

2191 2072 2434 2149 ἔγκλισιν
2447 2118 2459 2130 .

2195 2182 2317 2256 ρκέ.
2354 2182 2524 2237 Ηόθεν
2558 2179 2616 2235 ἄν
2661 2201 2743 2238 τις
2776 2179 2949 2256 ’γνοίη
3007 2177 3360 2256 Ἑλληνικαῖς
3419 2175 3720 2248 ἀποδεῖξεσι
3749 2178 3857 2246 τήν

2726 2250 2934 2324 κόσμου
2966 2250 3300 2308 συντέλειαν.

2265 2343 2395 2416 Περὶ
2428 2348 2529 2410 τῆς
2578 2339 2893 2403 τελευταίας
2940 2343 3153 2413 ἡμέρας
3185 2341 3274 2395 καὶ
3308 2340 3474 2414 ὥρας⁶
3505 2335 3684 2401 οὐδεὶς
3715 2335 3857 2405 οἶδε,

2193 2431 2330 2486 κατὰ
2369 2433 2470 2499 τὴν
2521 2435 2617 2484 τοῦ
2677 2429 3018 2504 Εὐαγγελίου
3077 2430 3287 2507 φωνὴν,
3347 2428 3391 2482 εἰ
3451 2429 3526 2500 μὴ
3581 2429 3609 2482 ὁ
3659 2428 3856 2500 Πατήρ

2195 2520 2284 2576 καὶ
2340 2521 2367 2574 6
2401 2517 2674 2582 cuvaidtoc
2737 2518 2927 2591 έκείνῳ
2984 2520 3130 2586 Υἱὸς,
3184 2519 3274 2573 καὶ
3320 2519 3381 2572 τὸ
3435 2521 3653 2589 Πνεῦμα
3693 2517 3754 2571 τὸ
3790 2516 3856 2570 ἐκ

2199 2615 2296 2666 τοῦ
2355 2610 2563 2684 Πατρὸς
2623 2608 3074 2684 ἐκπορευόμενον.
3123 2605 3393 2676 Ἕλληνες
3451 2605 3508 2660 δὲ
3567 2602 3858 2682 βιάζονται

2206 2701 2295 2754 καὶ
2325 2698 2528 2768 ταύτην
2577 2696 2773 2753 εἰδέναι
2818 2696 2908 2753 διὰ
2959 2703 3121 2752 κενῶν
3176 2694 3520 2766 ἀποδείξεων.
3553 2697 3614 2752 Ὁ
3647 2696 3857 2770 Κρόνος

2197 2793 2346 2844 ποιεῖ
2399 2788 2499 2854 τήν
2545 2789 2801 2862 μεγίστην
2861 2785 3292 2841 ἀποκατάστασιν
3351 2783 3421 2839 δι’
3479 2784 3611 2839 ἐτῶν
3670 2781 3860 2838 διακο-

2197 2877 2325 2931 σίων
2361 2875 2618 2948 ἐξήκοντα
2648 2877 2735 2930 καὶ
2769 2877 2926 2930 πέντε
2959 2895 2972 2908 '
3007 2876 3034 2929 6
3066 2875 3192 2937 Ζεὺς
3224 2873 3314 2929 διὰ
3342 2872 3508 2928 εἷ’κοσι
3540 2873 3631 2928 καὶ
3663 2873 3801 2928 ἑπτά
3838 2890 3852 2905 ⁸

2197 2967 2369 3040 ’Άρης
2403 2963 2460 3018 δὲ
2510 2962 2599 3018 διὰ
2647 2961 2935 3018 διακοσίων
2990 2961 3333 3037 ὀγδοήκοντα
3388 2963 3524 3036 πρὸς
3578 2967 3694 3024 τοῖς
3725 2960 3856 3016 τέσ-

2202 3075 2385 3129 σαρσιν
2424 3073 2436 3086 °
2484 3054 2511 3107 6
2560 3050 2757 3114 Ἵίλιος
2803 3050 2893 3107 διὰ
2940 3050 3142 3128 χιλίων
3189 3051 3546 3127 τετρακοσίων
3592 3050 3856 3121 ἐξήκοντα

2200 3143 2336 3218 πρὸς
2399 3146 2478 3214 τῷ
2517 3139 2592 3195 ἐνί
2627 3161 2638 3173 ·
2694 3139 2985 3220 Ἀφροδίτη
3033 3138 3121 3195 διὰ
3172 3139 3374 3216 χιλίων
3423 3139 3608 3194 ἑκατὸν
3657 3141 3857 3209 πεντή-

2202 3253 2362 3288 κοντα
2393 3231 2529 3306 πρὸς
2564 3236 2644 3302 τῷ
2691 3231 2767 3285 ένί
2795 3251 2806 3262 ·
2857 3233 3067 3305 Ἑρμῆς
3116 3227 3204 3284 διά
3254 3228 3615 3304 τετρακοσίων
3648 3226 3860 3302 ὀγδοή-

2200 3342 2366 3376 κοντα
2416 3319 2506 3374 καὶ
2566 3318 2708 3373 ὀκτώ
2738 3338 2750 3352 ·
2806 3321 2841 3389 ἡ
2894 3317 3106 3389 Σελήνη
3153 3315 3224 3372 δι’
3267 3317 3400 3374 ἐτῶν
3448 3316 3618 3372 εἷ’κοσι
3649 3316 3810 3372 πέντε
3845 3337 3859 3350 ·

2199 3397 2260 3465 ἸΙ
2321 3407 2378 3464 δὲ
2425 3409 2666 3481 κοσμικὴ
2718 3408 3147 3470 ἀποκατάστασις
3195 3407 3399 3483 γίνεται
3472 3404 3542 3461 δι’
3573 3406 3703 3462 ἐτῶν
3760 3428 3866 3478 μυ-

2203 3499 2405 3576 ριάδων
2436 3500 2621 3553 ἑκατὸν
2673 3493 3056 3570 ἑϐδομήκοντα
3107 3497 3197 3552 καὶ
3247 3499 3404 3553 πέντε
3452 3498 3590 3570 πρὸς
3637 3517 3862 3572 τρισχι-

2203 3588 2345 3651 λίοις
2406 3585 2722 3654 διακοσίοις,
2773 3588 2862 3642 καὶ
2920 3591 3044 3642 τότε
3099 3586 3307 3661 γίνεται
3367 3583 3591 3648 σύνοδος
3634 3587 3856 3640 πάντων

2202 3683 2308 3732 τῶν
2340 3676 2576 3748 ἀστέρων
2607 3676 2743 3730 κατά
2790 3677 2888 3745 τὴν
2938 3677 3269 3748 τριακοστὴν
3325 3682 3520 3752 μοῖραν
3561 3679 3656 3730 τοῦ
3715 3695 3859 3749 καρ-

2203 3767 2375 3835 κίνου,
2473 3766 2572 3833 τὴν
2622 3766 2846 3839 πρώτην
2905 3764 3098 3840 μοίραν
3156 3769 3251 3819 τοῦ
3303 3763 3540 3832 λέοντος,
3587 3764 3677 3819 καὶ
3707 3784 3862 3833 τηνι-

2204 3861 2373 3911 καῦτα
2401 3854 2601 3929 γίνεται
2636 3856 2663 3909 6
2712 3857 2985 3923 παντελής
3035 3859 3135 3909 τοῦ
3187 3855 3396 3927 κὸσμου
3440 3848 3853 3925 κατακλυσμός.

2207 3948 2350 4000 Κατά
2407 3943 2464 3998 δέ
2518 3945 2616 4012 τὴν
2683 3943 3108 3998 ἀποκατάστασιν
3186 3948 3294 3999 τῶν
3353 3942 3660 4018 ἰλαχίστων
3720 3943 3860 3996 έτῶν

2177 4037 2421 4106 Ἐκάστῳ
2503 4033 2606 4110 γὰρ
2683 4033 2862 4106 ἀστέρι
2950 4032 3203 4107 πλανήτῃ
3290 4035 3516 4107 μέγιστα
3570 4031 3659 4087 καὶ
3721 4032 3863 4105 μέσα

2209 4232 2342 4306 ρκς’.
2395 4230 2524 4285 Τίνα
2582 4227 2728 4300 δεξιά
2792 4233 2888 4284 τοῦ
2949 4228 3182 4302 κόσμου,
3239 4229 3330 4283 καὶ
3401 4248 3520 4282 τινα
3581 4227 3862 4302 ἀριστερά.

2277 4343 2403 4400 Τοῖς
2463 4336 2555 4410 μὲν
2603 4335 2653 4407 ἐξ
2702 4333 2981 4391 ἀνατολῶν
3033 4337 3168 4412 πρὸς
3220 4333 3368 4390 δόσιν
3436 4335 3652 4409 ὁρῶσιν,
3712 4330 3865 4404 δεξιᾶ

2205 4431 2302 4482 τοῦ
2332 4426 2542 4498 κόσμου
2606 4426 2742 4500 μέρη
2798 4424 2863 4478 τὰ
2924 4423 3130 4499 βόρεια,
3186 4423 3441 4499 ἀριστερά
3482 4419 3539 4477 δὲ
3591 4421 3658 4476 τὰ
3684 4423 3861 4475 νότια.

2205 4521 2332 4579 Τοῖς
2352 4513 2397 4570 δ’
2429 4515 2534 4569 ἀπὸ
2563 4521 2662 4583 τῆς
2707 4512 2908 4574 δύσεως
2952 4513 3086 4588 πρὸς
3134 4512 3231 4581 τὴν
3263 4511 3530 4580 ἀνατολὴν
3568 4511 3859 4586 βλέπουσι,

2208 4603 2354 4676 δεξιά
2421 4605 2514 4675 μὶν
2572 4603 2638 4658 τὰ
2685 4603 2836 4658 νότια
2911 4601 3165 4676 ἀριστερὰ
3253 4599 3309 4655 δὲ
3365 4601 3431 4654 τὰ
3492 4599 3698 4674 βόρεια.
3756 4600 3864 4654 Καὶ

449 4708 628 4747 versa}
656 4698 795 4747 sunt
823 4694 1216 4750 occidentales
1266 4695 1394 4751 cmli
1428 4701 1641 4769 partes,
1676 4700 1747 4754 ad
1783 4697 1911 4754 iilas
1940 4698 2089 4754 enim

2208 4693 2512 4769 έμπρόσθια
2577 4693 2670 4764 μὲν
2725 4696 2822 4746 τοῦ
2878 4690 3113 4764 οὐρανοῦ
3167 4690 3232 4744 τὰ
3290 4687 3512 4759 ἑσπέρια
3561 4689 3725 4761 μέρη,
3772 4689 3864 4743 δτι

449 4779 634 4835 fertur
689 4781 738 4836 si
789 4782 920 4854 quis
952 4785 1245 4854 procedat,
1306 4791 1437 4856 post
1487 4790 1715 4858 tergum
1766 4805 1906 4843 vero
1956 4792 2097 4843 sunt

448 4869 784 4936 orientales,
817 4871 888 4926 ab
940 4872 1034 4928 his
1091 4875 1246 4928 enim
1297 4875 1531 4930 recedit.
1559 4877 1719 4940 Quod
1754 4877 1803 4932 si
1828 4877 2093 4948 requiras

446 4975 712 5028 quaenam
741 4959 1045 5030 superiora
1075 4967 1214 5017 sunt
1243 4961 1300 5016 in
1333 4962 1496 5029 cmlo,
1517 4981 1643 5035 quae
1677 4965 1970 5035 inferiora,
1992 4966 2092 5021 alii

447 5048 683 5120 quidem
719 5049 1051 5120 philosophi
1084 5068 1209 5123 qua:
1241 5069 1420 5123 supra
1449 5059 1624 5125 caput
1657 5060 1920 5110 nostrum
1957 5061 2096 5111 sunt

447 5137 748 5208 superiora
781 5144 1067 5204 statuunt,
1103 5157 1232 5212 quce
1262 5141 1354 5196 his
1385 5147 1526 5197 sunt
1580 5145 1848 5215 opposita
1879 5144 2096 5200 habent

447 5242 550 5296 pro
579 5226 1054 5283 interioribusAt
1072 5230 1551 5300 Aristotelesjam
1576 5237 1761 5286 totum
1797 5233 2004 5288 cmlum
2030 5239 2096 5289 ut

446 5316 716 5386 superius
749 5324 1014 5388 respectu
1047 5322 1211 5373 terra:
1235 5320 1706 5390 eonsiderat,jam
1731 5323 1886 5394 quod
1920 5341 2094 5394 supe-

443 5403 569 5459 rius
598 5405 822 5460 vocavit
852 5405 1104 5478 appellat
1131 5407 1397 5477 inferius,
1435 5426 1497 5464 ac
1517 5410 1800 5482 vicissim,
1833 5428 1936 5468 nec
1968 5413 2094 5468 sine

443 5492 725 5565 praclara
754 5497 809 5549 et
841 5496 1075 5551 erudita
1105 5497 1624 5554 demonstratione.

732 5584 849 5636 127.
898 5585 970 5638 De
998 5587 1246 5656 partium
1292 5591 1459 5643 terrm
1484 5590 1804 5644 mutatione.

516 5675 716 5726 Partes
742 5675 907 5724 terra:
923 5672 1248 5728 alterantur
1261 5675 1484 5730 ratione
1507 5676 1790 5733 siccitatis
1822 5683 1879 5734 et
1900 5680 2089 5736 humi-

445 5758 668 5830 ditatis,
704 5773 834 5815 cum
867 5775 934 5816 ex
982 5761 1244 5820 humidis
1296 5764 1448 5819 ﬁunt
1498 5766 1661 5822 siccaa
1699 5765 1788 5824 vel
1811 5783 1878 5826 ex
1919 5770 2091 5826 siccis

2203 4783 2341 4860 πρὸς
2374 4787 2544 4837 ταῦτα
2587 4781 2802 4860 φέρεται
2859 4780 3200 4854 κινούμενος,
3251 4777 3468 4842 ὀπίσθια
3524 4774 3581 4832 δὲ
3609 4777 3675 4832 τὰ
3706 4778 3820 4848 έῷα
3846 4798 3859 4810 ·

2204 4872 2294 4928 ἀπ’
2325 4872 2540 4927 έκεινων
2569 4871 2672 4946 γὰρ
2726 4871 2981 4946 ὁρμᾶται.
3036 4867 3174 4926 Τίνα
3234 4864 3291 4922 δὲ
3321 4868 3470 4922 κάτῶ
3498 4870 3596 4921 τοῦ
3627 4865 3862 4940 οὐρανοῦ

2202 4964 2292 5018 καὶ
2322 4985 2442 5019 τινα
2480 4960 2611 5031 ἅνω,
2664 4962 2715 5016 οἱ
2770 4961 2864 5034 μὶν
2917 4958 3080 5016 ἄλλοι
3131 4962 3237 5014 τῶν
3290 4958 3601 5035 φιλοςοφων
3633 4957 3696 5013 τὸ
3756 4957 3858 5029 μὶν

2207 5053 2340 5128 ὑπὲρ
2371 5052 2613 5130 κεφαλὴν
2663 5054 2824 5124 ἡμῶν
2875 5048 3230 5127 ἡμισφαίριον
3291 5046 3397 5102 ἅνω
3445 5047 3672 5116 τιθέασι,
3702 5047 3764 5101 τὸ
3799 5044 3861 5101 δὶ

2203 5142 2475 5205 ἀντίθετον
2516 5141 2685 5207 κάτω,
2749 5137 3133 5214 Ἀριστοτέλης
3187 5135 3243 5191 δὲ
3290 5141 3377 5190 νῦν
3437 5136 3533 5209 μὶν
3585 5133 3716 5190 ὅλον
3763 5135 3860 5190 τὸν

2205 5231 2429 5307 οὐρανὸν
2462 5229 2572 5285 ἄνω
2602 5237 2704 5300 τῆς
2750 5232 2851 5306 γῆς
2889 5227 3267 5306 ἀποφαίνεται,
3317 5226 3407 5280 νῦν
3448 5223 3506 5281 δὲ
3547 5229 3696 5281 κάτω
3722 5223 3861 5296 ἅνω,

2203 5322 2350 5390 πλὴν
2387 5320 2521 5394 μετά
2552 5319 2852 5394 θαυμασίας
2881 5317 2970 5373 καὶ
3005 5316 3350 5393 λογιωτάτης
3376 5313 3722 5388 ἀποδείξεως.

2386 5590 2516 5664 ρκζ’.
2568 5587 2700 5662 Ηιρὶ
2735 5581 3046 5660 μεταϐολῆς
3081 5588 3190 5640 τῶν
3221 5586 3324 5652 τῆσ
3342 5590 3443 5658 γῆς
3475 5586 3676 5656 μερῶν.

2278 5673 2626 5736 Μεταϐάλλει
2675 5676 2743 5730 τὰ
2804 5677 2940 5750 μέρη
2975 5682 3076 5745 τῆς
3124 5678 3226 5751 γῆς
3268 5674 3407 5728 κατὰ
3447 5673 3509 5728 τὸ
3566 5672 3864 5748 ξηρότερον

2203 5767 2295 5826 καὶ
2357 5767 2669 5845 ὑγρότερον,
2737 5765 2844 5821 ἀπὸ
2903 5764 2995 5840 μὲν
3060 5764 3226 5841 ὑγροῦ
3285 5757 3547 5838 ξηρότερα
3600 5762 3864 5842 γινόμενα
