4102 6342
321 400 436 462 765

1502 399 1605 460 DE
1647 399 2087 464 OMNIFARIA
2127 403 2543 464 DOCTRINA.

3613 361 3733 458 ree

320 526 410 586 καῖ
466 527 573 584 ἀπὸ
627 527 822 604 ξῆροῦ⁷
858 525 1238 604 ὗγραινόμεναι
1301 523 1602 603 Συμόαίνει
1637 528 1694 585 δὶ
1740 529 1831 586 καί
1880 533 1979 602 τήν

2120 535 2376 591 tumidae.
2409 536 2709 609 Contingit
2738 540 2794 592 et
2817 553 2886 592 ex
2915 533 3064 593 mari
3110 534 3233 591 ﬁeri
3281 537 3498 590 terram
3548 530 3733 588 conti-

322 616 590 684 θάλατταν
636 614 1012 692 ἠπειροῦσθαι,
1072 618 1162 673 καὶ
1217 619 1317 687 τὴν
1377 615 1607 694 ἤπειρον
1667 616 1976 674 θαλαττοῦ-

321 721 468 774 σθαι.
512 708 608 762 Καὶ
665 705 720 762 ἐν
784 707 878 781 μὶν
911 712 990 779 τῷ
1023 707 1251 782 μεγάλῳ
1295 713 1529 783 χειμῶνι
1561 711 1596 776 ἡ
1631 704 1862 783 ἤπεερος
1886 711 1978 763 θα-

323 795 638 865 λαττοῦται,
699 795 749 851 ἐν
812 793 869 850 δὲ
895 800 974 868 τῷ
1031 794 1252 872 μεγάλῳ
1306 796 1446 871 θξρει
1480 799 1515 866 ἡ
1544 795 1786 852 Θάλασσα
1815 799 1979 868 ἠπει-

325 891 533 965 ροῦται·
588 887 655 944 Oi
704 886 767 940 αὗ
799 886 1041 958 ποταμοὶ
1093 885 1144 941 ἐν
1181 885 1330 957 αἰτίᾳ
1361 885 1464 940 εἶσὶ
1493 890 1591 940 τοῦ
1621 893 1720 956 τῆν
1751 893 1852 963 γῆν
1882 894 1981 956 τῆς

324 976 605 1048 θαλάσσης
659 978 1012 1052 γῦμνοῦσθαι.
1078 972 1489 1049 Ἐμϐἀλλοντες
1546 978 1646 1052 γὰρ
1679 978 1754 1039 εἷς
1812 977 1978 1046 αὐτὴν

323 1073 404 1140 τῷ
461 1065 734 1143 ἐπιφέρειν
793 1067 891 1135 τήν
933 1063 1053 1121 ἰλὺν
1109 1066 1301 1135 ἥϊόνας
1368 1070 1608 1137 ποιοῦσι,
1661 1067 1752 1120 καὶ
1811 1066 1984 1129 οὕτως

327 1156 685 1231 ἀπογαιοῦται
747 1156 774 1210 ὁ
807 1156 1053 1228 ποταμὸς
1086 1154 1308 1216 ἐκεῖνος.
1345 1155 1436 1224 Μὴ
1495 1150 1879 1218 εἶσϐάλλοντες
1928 1153 1985 1210 δὲ

323 1250 544 1302 ποιοῦσι
575 1246 673 1314 τὴν
702 1250 803 1320 γῆν
841 1241 1258 1308 θαλαττοῦσθαι·
1297 1241 1425 1297 ἀλλ’
1461 1241 1685 1307 ἐνταῦθα
1723 1245 1982 1319 ἠπειρου-

329 1335 461 1411 μὲνη
493 1337 528 1404 ἡ
582 1333 840 1402 θάλασσα,
895 1332 1115 1387 ὠθεῖται
1165 1331 1242 1394 εἷς
1271 1334 1371 1403 τὴν
1416 1334 1700 1407 ἀντιπέραν
1733 1330 1981 1407 ἤπειρον,

324 1425 420 1480 καὶ
452 1422 712 1479 θαλαττοῖ
740 1421 962 1493 ταύτην·
1002 1423 1047 1477 εἴ
1081 1419 1138 1477 δὲ
1192 1421 1290 1495 μὴ,
1350 1421 1670 1476 παλινοστεῖ
1719 1421 1781 1476 τὸ
1838 1419 1983 1498 ὕδωρ

327 1515 480 1578 αὖθις
513 1513 600 1568 ἐπὶ
631 1513 723 1567 τὸν
758 1510 956 1567 οἷκεῖον
988 1511 1181 1584 τόπον,
1211 1511 1300 1566 καὶ
1335 1509 1696 1566 θαλαττοῦται
1728 1509 1893 1567 πάλιν
1925 1511 1986 1565 τὸ

329 1600 758 1678 ἧπειρούμενον,

852 1691 992 1768 ρκη’.
1026 1689 1159 1767 Περὶ
1193 1695 1451 1765 σεισμῶν.

401 1783 506 1838 Ἰὸν
562 1781 780 1854 σεισμὸν
838 1785 986 1836 ποιεῖ
1048 1779 1143 1854 μὶν
1195 1781 1222 1834 ὁ
1282 1779 1434 1848 Θεὸς,
1488 1773 1668 1856 ὥσπερ
1725 1776 1791 1848 δὴ
1823 1778 1913 1834 καὶ
1943 1777 1990 1832 τ’

332 1869 482 1926 ἄλλα
540 1869 862 1944 σύμπαντα,
918 1869 1055 1924 κατά
1112 1869 1172 1923 τὸ
1205 1914 1220 1940 ,
1279 1869 1336 1921 Ὀ
1390 1863 1702 1923 ἰπιϐλέπων
1755 1866 1842 1921 ἐπὶ
1890 1867 1988 1934 τὴν

335 1967 468 2037 γῆν,
523 1961 612 2016 καὶ
674 1964 846 2016 ποιῶν
881 1959 1049 2028 αὐτὴν
1093 1958 1332 2032 τρέμειν.
1405 1958 1676 2033 ΙΙροσεχὶς
1719 1953 1776 2010 ὃὶ
1803 1955 1999 2010 τούτου

351 2048 524 2105 αἳτιον
561 2093 574 2119 ,
631 2049 696 2104 τὸ
755 2046 1208 2120 ἀναπεμπόμενον
1269 2045 1375 2101 ἀπὸ
1426 2050 1528 2112 τῆς
1581 2053 1684 2120 γῆς
1738 2049 1951 2118 πνεῦμα
1983 2089 1997 2115 ,

348 2139 476 2194 ὅταν
531 2136 661 2193 εἶ’σω
717 2135 878 2212 τύχοι
939 2135 1058 2212 ῥυὶν
1107 2136 1170 2191 τὸ
1230 2134 1330 2206 ἔξω
1386 2134 1878 2208 ἀναθυμιοόμενον*
1912 2133 2001 2189 διὰ

341 2232 513 2283 ταῦτα
544 2225 633 2281 καὶ
663 2225 923 2299 νηνεμίας
949 2226 1190 2300 γίνονται
1223 2225 1274 2279 οἱ
1323 2221 1568 2278 ’πλεῖστοι
1615 2223 1704 2278 καὶ
1760 2222 2001 2298 μέγιστοι

339 2321 454 2373 τῶν
483 2319 744 2390 σεισμῶν,
801 2313 1179 2370 κατακλείεται
1236 2315 1337 2389 γὰρ
1391 2316 1690 2378 τηνικαῦτα
1741 2312 1843 2366 ὑπὸ
1897 2319 1997 2386 γῆν

341 2407 407 2462 τὸ
460 2404 632 2460 α’ίτιον
688 2409 794 2459 τῶν
845 2408 1106 2477 σεισμῶν.
1158 2402 1400 2458 Γίνονται
1433 2399 1490 2457 δὶ
1512 2401 1999 2478 ἴσχυρότεροιτῶν

343 2500 602 2569 σεισμῶν,
658 2492 795 2548 ὅπου
843 2495 878 2563 ἠ
914 2491 1158 2557 θάλασσα
1189 2489 1406 2567 ῥοώδης
1433 2493 1525 2546 καί
1557 2493 1590 2561 ἠ
1624 2493 1784 2566 χώρα
1815 2493 1998 2568 σομφῆ

339 2586 434 2642 καὶ
486 2583 794 2659 ὕπαντρος.
843 2583 944 2637 Διά
997 2581 1097 2658 γὰρ
1155 2583 1256 2650 τὴν
1305 2580 1629 2655 στερεότητα
1680 2581 1742 2636 τὸ
1793 2585 2005 2653 πνεῦμα

337 2672 627 2748 γινόμενον
653 2669 912 2750 σφοδρὸν,
947 2669 1160 2744 μᾶλλον
1191 2668 1320 2724 σείει
1350 2669 1448 2736 τὴν
1477 2675 1603 2743 γῆν.
1638 2666 1706 2725 A'i
1733 2690 1791 2723 τε
1822 2673 2000 2745 χῶραι

342 2763 471 2820 ὅσαι
510 2761 760 2840 σομφοὺς
789 2758 977 2837 ἔχουσι
1009 2760 1135 2822 τοὺς
1155 2758 1301 2814 κάτω
1332 2758 1560 2829 τόπους,
1589 2757 1735 2814 πολὺ
1769 2756 2002 2834 δεχόμε-

342 2875 428 2909 νοι
461 2857 673 2926 πνεῦμα
712 2850 940 2907 σείονται
979 2848 1216 2924 μᾶλλον,
1252 2851 1334 2905 ὅτι
1366 2846 1528 2918 ἥλιος
1572 2846 1870 2924 ἀχλυώδης
1914 2849 2003 2903 καὶ

341 2945 594 3021 ἀμαυρὸς
624 2946 748 3000 τότε
794 2945 1062 3022 φαίνεται,
1116 2941 1476 3013 ὑπονόστησιν
1531 2942 1850 3018 ἀρχομένου
1907 2947 2004 2996 τοῦ

339 3035 659 3109 πνεύματος
682 3033 757 3097 εἰς
787 3036 886 3104 τὴν
919 3039 1023 3108 γῆν
1071 3036 1170 3087 τοῦ
1222 3029 1541 3095 διαλύοντος
1587 3031 1679 3086 τὸν
1738 3031 1867 3106 ἀὲρα
1916 3029 2004 3085 καὶ

347 3124 720 3201 διακρίνοντος
731 3164 744 3177 .

664 3230 792 3305 ρκθ¹.
821 3229 952 3304 Περὶ
982 3231 1080 3282 τοῦ
1109 3225 1354 3303 μεγάλου
1394 3231 1695 3302 χειμῶνος.

2089 629 2348 694 nentem,
2403 628 2461 679 et
2511 629 2726 680 terram
2778 625 2993 681 mutari
3042 626 3098 680 in
3151 640 3331 679 mare.
3381 623 3526 677 Nam
3577 625 3633 676 et
3675 620 3735 674 in

2091 731 2306 786 magna
2334 713 2530 769 hieme
2562 715 2708 768 mari
2759 720 2916 770 terra
2965 715 3254 778 obruitur,
3306 717 3363 768 et
3409 712 3468 766 in
3520 725 3737 782 magna

2089 808 2290 859 aestate
2340 818 2502 858 mare
2551 803 2896 858 exsiceatur.
2953 802 3136 858 Fluvii
3181 817 3411 874 quoque
3461 799 3518 853 in
3559 813 3737 852 causa

2091 897 2231 948 sunt
2264 897 2325 947 ut
2358 892 2502 948 mari
2545 893 2801 948 nudetur
2847 897 3048 947 terra:
3084 893 3224 946 dum
3269 890 3424 944 enim
3480 888 3539 941 in
3590 886 3734 941 illud

2091 983 2348 1038 influunt
2378 999 2698 1052 secumque
2729 983 3034 1037 adducunt
3063 979 3472 1042 limum,littus
3503 979 3738 1046 augent,

2091 1091 2204 1144 qua
2236 1072 2457 1127 ratione
2487 1072 2658 1127 etiam
2694 1071 2905 1126 ﬂuvius
2935 1069 3226 1141 ejusmodi
3256 1069 3313 1123 in
3344 1073 3558 1122 terram
3589 1064 3732 1132 abit;

2094 1163 2182 1218 sin
2215 1179 2348 1217 vero
2380 1179 2494 1216 non
2527 1160 3025 1228 inﬂuant,faciunt
3054 1164 3291 1227 terram,
3323 1157 3468 1212 mari
3498 1153 3732 1210 obduci.

2093 1253 2204 1308 Sed
2239 1257 2361 1306 tum
2412 1267 2572 1306 mare
2620 1250 2944 1306 continenti
2993 1250 3203 1305 cedens
3251 1249 3324 1303 ad
3373 1244 3734 1302 contrarium

2094 1340 2261 1396 littus
2295 1339 2524 1411 pellitur
2556 1340 2733 1411 idque
2781 1339 2978 1394 obruit
3012 1357 3023 1394 :
3058 1339 3209 1410 quod
3264 1337 3312 1393 si
3364 1353 3476 1391 non
3527 1332 3736 1406 possit,

2098 1432 2347 1486 recurrit
2377 1431 2590 1484 iterum
2625 1430 2693 1484 ad
2726 1445 2901 1484 suum
2932 1428 3148 1495 locum,
3183 1433 3239 1482 et
3269 1443 3395 1497 quae
3420 1426 3544 1495 jam
3588 1429 3740 1477 terra

2099 1521 2405 1576 continens
2437 1519 2589 1574 facta
2618 1525 2762 1588 erat,
2796 1517 2960 1573 illam
2993 1519 3202 1573 iterum
3236 1515 3434 1588 cpplet
3463 1518 3520 1569 et
3568 1527 3739 1566 occu-

2099 1615 2218 1682 pat.

2564 1699 2686 1753 128.
2721 1700 2790 1753 De
2817 1701 2986 1755 terra?
3012 1698 3270 1753 motibus.

2170 1792 2578 1857 Terraemotus,
2608 1794 2672 1844 ut
2719 1789 2981 1843 omnium
3015 1787 3088 1863 in
3139 1791 3373 1854 natura,
3415 1790 3617 1838 auctor
3661 1784 3750 1836 est

2105 1878 2276 1943 Deus,
2309 1877 2631 1932 secundum
2668 1876 2809 1931 illud
2842 1878 2921 1947 (9)
2956 1893 2969 1930 :
3005 1877 3115 1944 Qui
3152 1876 3369 1945 respicit
3410 1875 3468 1928 in
3515 1883 3745 1938 terram,

2108 1971 2351 2039 facitque
2371 1984 2491 2022 eam
2513 1966 2876 2021 trcmere.Sed
2905 1967 3168 2037 proxima
3189 1980 3364 2019 causa
3384 1967 3474 2017 est
3493 1960 3748 2015 emissus

2110 2072 2176 2112 ex
2209 2061 2361 2111 terra
2390 2060 2623 2123 ventus,
2657 2055 2890 2124 quando
2923 2054 3080 2108 intus
3112 2051 3314 2125 agitari
3347 2048 3631 2121 contingit
3660 2065 3754 2103 va-

2110 2162 2282 2218 pores
2309 2143 2564 2199 exhalari
2597 2144 2822 2213 solitos,
2856 2143 3236 2214 quamobrem
3271 2147 3327 2196 et
3355 2138 3752 2196 vehementis-

2112 2236 2246 2290 simi
2279 2239 2337 2290 et
2368 2234 2609 2289 maximi
2641 2239 3003 2288 terrmmotns
3033 2237 3173 2287 sunt
3203 2230 3360 2286 nullo
3408 2233 3579 2284 vento
3629 2227 3753 2298 spi-

2111 2329 2296 2392 rante,
2329 2323 2452 2378 hiec
2481 2323 2636 2378 enim
2670 2338 2846 2376 causa
2880 2326 3075 2376 motus
3126 2338 3158 2375 a
3206 2326 3361 2375 terra
3409 2317 3752 2373 includitur.

2111 2413 2401 2484 Fiuntque
2433 2412 2510 2466 ibi
2542 2411 2958 2467 concussiones
2990 2408 3422 2481 graviores,ubi
3453 2423 3612 2462 mare
3643 2405 3758 2460 ﬂu-

2111 2509 2382 2559 otuosum
2417 2506 2474 2557 et
2503 2506 2657 2556 terra
2688 2501 2860 2572 plena
2890 2501 3154 2556 cavernis
3185 2505 3275 2554 est
3313 2515 3378 2553 ac
3410 2498 3705 2552 meatibus
3742 2513 3754 2550 :

2113 2593 2358 2665 spiritus
2390 2591 2545 2646 enim
2577 2591 2744 2645 ﬁrmo
2779 2590 2902 2645 loco
2933 2589 3203 2644 inclusus
3248 2588 3314 2642 ﬁt
3361 2585 3760 2642 vehementior

2116 2683 2421 2755 magisque
2452 2685 2667 2736 terram
2701 2679 2907 2751 quatit,
2957 2684 3014 2734 et
3059 2678 3326 2750 regiones
3375 2677 3590 2748 quibus
3633 2675 3762 2730 loca

2113 2771 2265 2826 intra
2297 2777 2509 2826 terram
2559 2769 2641 2824 ita
2697 2769 2987 2823 meatibus
3037 2768 3249 2822 referta
3295 2772 3454 2833 sunt,
3507 2764 3756 2819 multum

2113 2865 2350 2916 ventum
2369 2859 2936 2930 eapiunt,magisque
2951 2857 3510 2912 coneutiuntterram
3528 2853 3761 2926 quando

2115 2953 2201 3006 sol
2239 2949 2493 3004 nubibus
2520 2949 2799 3019 obseptus
2831 2952 2884 3001 et
2915 2949 3202 3001 obscurus
3233 2949 3483 3010 est,nam
3519 2942 3763 3014 spiritus

2117 3039 2215 3094 ille
2247 3039 2446 3093 subire
2478 3039 2839 3093 extrinsecus
2869 3042 3083 3091 terram
3121 3035 3331 3089 iterum
3383 3031 3611 3104 incipit,
3662 3029 3762 3101 qui

2118 3144 2312 3184 aerem
2345 3127 2609 3183 dissolvit
2639 3144 2703 3182 ac
2736 3142 3010 3181 serenum
3044 3124 3251 3180 reddit.

2598 3235 2715 3288 129.
2751 3235 2822 3288 De
2853 3250 3058 3304 magna
3092 3233 3280 3287 hieme.

419 3318 603 3395 Μάγας
659 3285 789 3374 icti
821 3285 1034 3394 χείμὼν
1080 3285 1244 3387 ηνίκα
1289 3285 1504 3379 πάντεςι
1537 3318 1589 3371 οἱ
1620 3285 1894 3387 πλανῆται
1952 3317 2002 3372 ἐν

2191 3325 2404 3395 Magna
2434 3285 3011 3394 hiems'estfquando
3032 3285 3246 3377 omnes
3278 3319 3526 3392 planetae
3565 3320 3621 3374 in
3676 3318 3763 3373 hi-

339 3413 650 3487 χειμερινῷ
695 3406 874 3480 ζωδίῳ
924 3408 1199 3482 γίνονται,
1258 3405 1310 3460 ἰν
1368 3403 1625 3481 ὑδροχόῳ
1681 3405 1733 3460 ἐν
1797 3407 2002 3482 ἰχθύσιο

347 3500 494 3573 μὲγα
551 3494 608 3551 8‘s
659 3497 839 3567 θέρος,
902 3495 1027 3549 ὅταν
1087 3496 1281 3553 πάντες
1334 3493 1386 3549 ἐν
1448 3501 1646 3571 θερινῷ
1679 3493 1860 3567 ζωδίῳ
1918 3496 2010 3570 γέ-

340 3605 552 3643 νοιντο’
611 3585 664 3640 ἰν
724 3584 903 3640 λέοντι
961 3585 1054 3658 μὲν
1087 3583 1393 3659 γινόμενος,
1453 3589 1602 3638 ποιεῖ
1633 3585 1808 3660 θέρος,
1841 3584 1893 3639 ἐν
1926 3586 2008 3639 αἱ-

343 3677 571 3754 γοκὲρῳ
603 3671 661 3729 δὶ
688 3678 957 3750 χειμῶνα.
993 3674 1182 3730 Ἔνθεν
1239 3672 1327 3727 καὶ
1383 3671 1623 3735 ἐνιαυτὸς
1678 3672 2009 3747 ὠνόμασται,

348 3765 449 3824 8ιά
476 3766 537 3821 τὸ
564 3764 638 3827 εἰς
683 3764 746 3820 τὸ
806 3763 935 3818 αὐτὸ
969 3763 1149 3838 φερειν
1181 3763 1274 3817 τὸν
1302 3761 1485 3836 ἣλιον,
1534 3761 1638 3818 ἀπὸ
1668 3764 1768 3838 γὰρ
1800 3765 1896 3818 τοῦ
1925 3763 2014 3819 αὖ·

345 3861 456 3914 τοῦ
482 3855 561 3919 εἷς
586 3856 648 3912 τὸ
691 3854 820 3910 αὐτὸ
853 3852 1273 3908 ἀποκαθίσταται
1335 3854 1362 3908 ὁ
1416 3855 1660 3932 φωστήρ.
1722 3856 1818 3909 Καὶ
1880 3854 2014 3909 πάν-

350 3966 450 4007 τες
486 3945 578 4017 μὶν
615 3942 707 3998 οὖν
735 3943 873 3997 κατά
919 3943 1163 4016 κορυφὴν
1197 3942 1358 4014 ἡμῶν
1418 3941 1702 4016 γενόμενοι
1763 3943 1814 3996 οἱ
1871 3941 2012 3997 πλα-

348 4043 520 4106 νῆται
550 4037 768 4089 ποιοῦσι
806 4033 940 4108 μέγα
964 4033 1136 4106 θέρος,
1156 4031 1514 4107 ἀφιστάμενοι
1547 4031 1603 4087 δὲ
1633 4032 1693 4088 ὲκ
1723 4033 2016 4109 διαμέτρου

353 4129 588 4181 ποιοῦσι
625 4125 790 4199 μέγαν
820 4126 1094 4197 χειμῶνα.
1131 4124 1227 4176 Καῐ
1261 4121 1310 4176 ἐν
1349 4121 1442 4195 μὶν
1483 4128 1561 4195 τῷ
1621 4123 1842 4199 μεγάλῳ
1900 4143 2018 4198 χει-

351 4219 508 4298 μῶνι
539 4216 900 4268 θαλαττοῦται
936 4214 970 4280 ἡ
1002 4208 1257 4284 ἤπειρος,
1288 4211 1339 4265 ἐν
1373 4209 1429 4266 δὲ
1470 4217 1550 4284 τῷ
1597 4212 1820 4287 μεγάλῳ
1880 4213 2019 4287 θὲρει

351 4308 687 4380 ἡπειροῦται
716 4304 750 4370 ἡ
781 4300 1046 4357 θάλασσα.

437 4411 541 4485 ρλ’.
597 4409 695 4463 Διά
724 4407 775 4462 τί
811 4406 1058 4480 ἀλμυρὸν
1089 4406 1150 4461 τὸ
1178 4413 1278 4475 τῆς
1308 4405 1580 4478 θαλάττης
1612 4406 1759 4486 ὕδωρ
1793 4407 1948 4464 ἔστιν.

441 4497 720 4575 Ἀλμυρόν
776 4496 886 4552 ἐστι
933 4497 995 4551 τὸ
1028 4494 1314 4560 θαλάττιον
1364 4495 1532 4573 ὕδωρ,
1569 4495 1706 4552 διότι
1739 4501 1773 4568 ἡ
1805 4499 2024 4552 καπνώ-

353 4590 466 4659 δης
498 4586 857 4660 ἀναθυμίασις
889 4580 1124 4646 ἄπεπτος
1169 4583 1300 4639 οὖσα
1361 4585 1517 4639 οὐσία
1567 4587 2025 4661 παρεμπίπτουσα

2119 3415 2299 3469 berno
2331 3418 2501 3468 erunt
2532 3413 2698 3483 signo
2720 3413 2961 3477 zodiaci,
2995 3412 3055 3466 in
3088 3411 3331 3482 aquario
3361 3409 3446 3464 vel
3483 3409 3763 3479 piscibus.

2120 3503 2333 3574 Magna
2363 3503 2486 3556 sive
2519 3501 2715 3572 magni
2749 3502 2887 3555 anni
2920 3505 3092 3554 aestas
3123 3505 3230 3567 est,
3278 3500 3512 3569 quando
3563 3514 3768 3553 omnes

2121 3591 2467 3648 convenient
2517 3591 2759 3660 planetw
2805 3589 2862 3643 in
2912 3589 3080 3659 signo
3129 3588 3343 3643 aestivo.
3389 3589 3497 3642 Sed
3531 3588 3765 3656 quidem

2122 3681 2181 3736 in
2217 3683 2379 3736 leone
2410 3679 2766 3734 constitutus
2798 3677 3157 3741 testatemjn
3182 3676 3486 3747 sagittario
3517 3674 3768 3729 hiemem

2125 3769 2435 3825 tacit.llinc
2466 3773 2521 3822 et
2573 3784 2763 3822 annus
2812 3764 3048 3825 ἐνιαυτὸς
3098 3765 3330 3828 Graecis,
3379 3763 3532 3834 quod
3584 3763 3767 3818 solem

2125 3857 2201 3921 εἷς
2228 3857 2288 3911 τὸ
2320 3854 2448 3910 αὐτό
2476 3856 2532 3911 in
2565 3858 2837 3911 eumdem
2870 3855 3061 3910 locum
3096 3855 3327 3922 referat,
3362 3854 3434 3909 ab
3464 3870 3578 3908 uno
3611 3850 3767 3908 enim

2124 3952 2343 4021 puncto
2376 3946 2432 4000 in
2466 3946 2620 4000 idem
2654 3950 2937 4015 punctum
2971 3944 3056 3998 sol
3110 3944 3278 3998 redit.
3337 3943 3551 3999 Omnes
3590 3941 3772 4013 igitur

2125 4038 2369 4110 planetae
2392 4052 2571 4108 supra
2594 4038 2858 4090 nostrum
2886 4033 3152 4089 verticem
3177 4033 3478 4089 constituti
3503 4048 3772 4103 magnam

2129 4127 2344 4183 facient
2373 4131 2657 4192 aestatem,
2690 4141 2720 4179 e
2752 4125 3036 4179 diametro
3069 4130 3260 4178 autem
3292 4141 3325 4179 a
3352 4123 3520 4178 nobis
3569 4121 3772 4192 remoti

2130 4231 2336 4271 omnes
2370 4231 2644 4285 magnam
2675 4213 3037 4269 hiemem.Et
3067 4215 3122 4268 in
3156 4231 3368 4285 magna
3397 4214 3589 4269 hieme
3620 4216 3778 4266 terra

2133 4303 2280 4360 mari
2305 4303 2674 4371 obruetur,ut
2693 4303 2749 4357 in
2777 4319 2989 4374 magna
3005 4308 3172 4359 aetate
3188 4303 3578 4358 exsiccabitur
3596 4317 3777 4358 mare.

2417 4410 2539 4464 430.
2577 4411 2757 4478 Quare
2781 4412 2957 4464 maris
2987 4426 3148 4481 aqua?
3175 4412 3331 4465 salsae
3359 4412 3492 4466 sint.

2209 4504 2376 4570 Aqua
2423 4500 2647 4554 marina
2699 4500 2854 4556 salsa
2901 4506 3012 4569 est,
3064 4499 3336 4568 quoniam
3396 4515 3640 4571 vapores
3695 4500 3781 4553 fu-

2135 4589 2282 4644 mosi
2318 4592 2601 4659 tanquam
2632 4590 2875 4644 materia
2907 4605 3020 4644 non
3052 4589 3196 4643 satis
3229 4592 3394 4644 cocta
3441 4606 3506 4644 ac
3559 4589 3785 4661 digesta

347 4681 433 4752 τῇ
493 4674 734 4747 θαλάσσῃ
797 4677 948 4726 ποιεῖ
1002 4671 1166 4740 αὐτὴν
1229 4671 1479 4748 ἀλμυράν
1539 4667 1901 4750 καῖβαρεῖαν.
1962 4676 2005 4730 Ἱ

2139 4679 2289 4732 mari
2322 4677 2644 4731 incidentes
2675 4694 2803 4732 eam
2846 4678 3060 4733 salsam
3111 4693 3462 4749 gravemque
3512 4679 3784 4734 reddunt.

356 4765 508 4833 αὐτὴ
541 4760 598 4817 δὲ
629 4761 986 4833 ἀναθυμίασις
1019 4760 1276 4834 ἀπόγειος
1307 4763 1571 4837 γινομᾶνη
1599 4763 1689 4817 καὶ
1724 4761 2021 4838 μιγνυμένη

354 4859 485 4915 τοῖς
545 4856 775 4927 θερινοῖς
822 4851 912 4905 καὶ
983 4856 1382 4926 μετοπωρινοῖς
1445 4852 1620 4914 ὑετοῖς
1651 4858 1800 4907 ποιεῖ
1826 4852 2026 4915 αὐτοὺς

361 4941 753 5017 ἀλμυροῦςῦἱ
787 4937 842 4994 δὲ
867 4939 1105 5012 ποταμοὶ
1142 4937 1202 4992 οὗ
1235 4941 1506 5015 πάσχουσι
1537 4943 1636 5011 τὴν
1669 4939 2028 5017 ἀλμυρότητα

363 5029 462 5087 διὰ
516 5031 616 5098 τὴν
679 5029 952 5082 ἄπαυστον
1015 5025 1192 5081 αὐτῶν
1249 5026 1450 5103 ρεῦσιν.
1486 5031 1601 5103 Χρή
1632 5031 1734 5105 γὰρ
1770 5031 2027 5094 στάσεως,

364 5122 466 5175 ἱνα
519 5119 740 5193 γενηται
795 5117 830 5184 ἡ
888 5120 1076 5190 κρᾶσις
1105 5121 1205 5185 τῆς
1244 5116 1564 5180 καπνώδους
1619 5118 2029 5191 ἀναθυμιάσεως

358 5210 491 5268 τοῖς
543 5202 922 5277 ὑποκειμένοις
953 5199 1158 5258 ὕδασιν.
1202 5201 1389 5260 Α’ίτιον
1421 5203 1477 5259 δὲ
1515 5209 1616 5271 τῆς
1649 5204 2032 5281 ἀλμυρότητος

355 5297 460 5354 καὶ
519 5295 547 5349 ὁ
599 5292 784 5363 ἠλιος.
817 5293 899 5366 Τῇ
926 5291 1028 5366 γάρ
1069 5289 1241 5364 οἰκείᾳ
1274 5293 1571 5369 θερμότητι
1603 5294 1900 5369 ἐξατμίζων
1931 5297 2032 5366 τήν

356 5379 671 5450 θάλασσαν,
730 5379 821 5434 καὶ
877 5379 939 5433 τὸ
997 5377 1328 5454 γλυκύτερον
1390 5381 1557 5457 α’ίρων
1608 5386 1698 5440 καὶ
1755 5385 2032 5464 κουφίζων

359 5472 510 5546 πρὸς
551 5471 644 5524 τὸν
669 5470 820 5544 ἀέρα,
851 5467 1000 5523 κάτω
1029 5467 1407 5546 ἀλμυρότερον
1464 5471 1523 5545 ἐᾷ
1574 5474 1665 5529 καὶ
1718 5475 2032 5551 βαρύτερον.

364 5561 500 5617 Ὅτι
561 5556 619 5614 δι
647 5555 956 5633 παχύτερόν
1005 5555 1114 5611 ἐστι
1163 5558 1226 5613 τὸ
1268 5559 1557 5625 θαλάττιον
1618 5561 1766 5640 ὕδωρ
1796 5568 1902 5619 τῶν
1937 5584 2034 5620 πο·

453 5738 535 5813 (9)
563 5737 714 5796 Psal.
751 5752 872 5810 cm,
902 5738 992 5794 32.

2133 4765 2368 4821 Similes
2391 4765 2792 4821 exbalationes
2824 4785 2852 4822 e
2886 4770 3038 4821 terra
3063 4768 3220 4822 factae
3245 4769 3552 4838 mistzeque
3575 4767 3791 4823 aestivis

2138 4859 2193 4910 et
2227 4853 2674 4909 autumnalibus
2708 4853 2946 4926 pluviis,
2980 4855 3166 4910 salsas
3197 4873 3295 4912 eas
3328 4856 3796 4912 reddunt.Fluvii

2140 4948 2335 4998 autem
2383 4942 2676 4998 salsedine
2727 4961 2840 4998 non
2901 4944 3241 4999 afﬁciuntur
3288 4952 3524 5017 propter
3570 4949 3792 5000 ﬂuxum

2140 5049 2314 5088 suum
2339 5033 2705 5088 continuum.
2739 5032 3064 5088 Stabilitate
3094 5033 3253 5088 enim
3287 5051 3432 5104 opus
3465 5038 3642 5102 est,ut
3674 5034 3795 5088 fu--

2143 5139 2318 5178 musae
2348 5124 2458 5176 illa:
2490 5121 2885 5178 exbalationes
2915 5123 3196 5192 subjectis
3219 5123 3388 5193 aquis
3413 5123 3791 5179 misceantur.

2144 5211 2472 5266 Salsediuis
2494 5211 2669 5266 etiam
2695 5229 2873 5267 causa
2896 5217 2984 5266 est
3007 5212 3114 5266 sol.
3147 5211 3351 5266 Calore
3371 5212 3524 5266 enim
3555 5229 3661 5267 suo
3692 5230 3788 5267 va-

2144 5316 2314 5373 pores
2343 5317 2372 5355 e
2395 5301 2535 5355 mari
2559 5301 2798 5356 eiiciens
2821 5300 3230 5372 dulcioresque
3254 5305 3448 5372 partes
3478 5301 3708 5358 elevans
3739 5310 3795 5356 et

2143 5389 2416 5444 attollens
2450 5389 2505 5444 in
2541 5407 2766 5459 auram,
2799 5390 3073 5447 salsiores
3103 5395 3158 5446 et
3203 5391 3500 5464 graviores
3548 5391 3794 5446 inferius

2147 5477 2451 5550 relinquit.
2501 5479 2660 5542 Quod
2722 5497 2855 5536 vero
2905 5480 3147 5536 marinae
3196 5497 3360 5552 aquas
3412 5479 3794 5536 ﬂuviatilibus

2148 5569 2467 5624 crassiores
2498 5571 2659 5634 sunt,
2692 5569 2762 5625 ad
2795 5585 3036 5626 sensum
3068 5569 3262 5642 ipsum
3294 5573 3446 5642 pate;
3482 5585 3608 5640 quae
3638 5569 3795 5625 enim
