4080 6350
378 334 497 395 767

1724 333 2151 400 MICHAELIS
2198 339 2473 404 PSELLI

3680 336 3800 399 768

378 467 452 524 ob
482 481 655 541 grave
687 483 837 524 onus
871 464 1061 521 ﬂuviis
1102 463 1231 520 vehi
1283 481 1399 520 non
1451 470 1701 537 possunt
1751 484 1946 536 naves,
1998 485 2031 523 a

2158 469 2355 543 ταμίων
2389 469 2618 544 ὑδάτων,
2654 468 2821 544 δῆλον
2855 470 3119 543 αἰσθήσει.
3152 467 3221 527 Ei
3251 469 3345 545 μὶν
3392 469 3494 546 γὰρ
3539 472 3656 531 τοῖς
3699 488 3797 524 πο-

380 557 528 614 mari
560 560 797 630 propter
827 555 983 610 illius
1017 554 1365 610 densitatem
1395 554 1562 611 facile
1594 562 1923 627 portantur.

387 846 510 901 131.
547 848 685 914 Qua?
736 859 903 899 causa
944 844 1018 897 sit
1067 858 1235 913 quare
1284 845 1348 926 _2'n
1388 845 1546 926 Amarz'
1597 859 1807 915 quoque
1853 842 2037 900 dulces

916 929 1077 985 aqua:
1108 924 1490 984 reperiantur.

452 1009 640 1060 Causa
671 1004 743 1057 ob
778 1020 952 1075 quam
986 1002 1189 1058 dulces
1222 1004 1391 1057 etiam
1420 1004 1476 1057 in
1502 1004 1646 1059 muri
1677 1021 1841 1075 aquae
1874 1020 2035 1076 repe-

381 1095 640 1163 riuntur,
672 1097 811 1148 sunt
845 1092 1000 1147 ﬂuvii
1036 1092 1094 1146 in
1130 1092 1271 1147 illud
1307 1092 1649 1149 deﬂuentes.
1685 1093 1778 1148 Sic
1824 1094 1879 1147 in
1935 1110 2038 1149 ora

383 1185 544 1243 Gazae
602 1183 796 1239 vicina
846 1199 1007 1238 mare
1057 1198 1241 1252 aquas
1274 1181 1475 1237 dulces
1507 1182 1704 1249 habet,
1739 1183 1890 1253 quod
1922 1181 2037 1237 Nili

383 1274 650 1346 quaedam
670 1273 820 1328 ostia
842 1288 955 1327 non
983 1270 1180 1343 procul
1209 1271 1343 1325 inde
1368 1271 1424 1324 in
1446 1270 1589 1325 illud
1614 1288 1675 1326 se
1698 1275 2033 1327 exonerant.

382 1364 533 1420 Dum
561 1363 719 1419 enim
743 1359 1111 1417 vehementia
1135 1364 1193 1415 et
1214 1360 1432 1430 impetu
1472 1360 1683 1415 ﬂuvius
1716 1359 2040 1415 devolvitur

386 1453 445 1508 in
499 1468 682 1522 mare,
735 1450 1148 1505 scaturitiones
1196 1448 1374 1504 veluti
1436 1450 1721 1521 quasdam
1772 1450 1929 1518 facit,
1982 1453 2039 1521 et

384 1558 598 1613 aquam
637 1540 828 1595 reddit
859 1538 1111 1593 dulcem.
1146 1537 1481 1592 Memineris
1514 1538 1684 1593 etiam
1720 1538 1848 1603 hoc,
1881 1539 2037 1608 quod

386 1631 458 1687 ab
476 1630 635 1685 omni
658 1644 869 1699 magno
898 1629 1050 1681 fonte
1071 1632 1269 1681 manat
1288 1627 1520 1699 ﬂuvius,
1553 1632 1610 1682 et
1630 1628 1785 1698 putei
1806 1644 2039 1699 quoque

386 1719 644 1776 fontibus
678 1723 867 1773 ortum
904 1717 1113 1771 debent
1148 1732 1160 1771 :
1196 1720 1369 1787 atque
1401 1716 1613 1771 alicubi
1649 1733 1715 1771 ex
1748 1718 2037 1787 profundo

387 1814 551 1866 terra:
582 1808 707 1863 loco
742 1824 906 1878 aqua:
938 1806 1266 1861 scaturiunt
1299 1822 1311 1863 :
1350 1805 1487 1860 alibi
1520 1823 1651 1861 vero
1700 1824 1729 1862 e
1782 1807 2038 1863 fontibus

387 1904 442 1957 et
474 1897 757 1955 scatebris
792 1898 849 1952 in
885 1901 1050 1951 terrae
1084 1895 1445 1951 summitate.
1478 1897 1550 1951 At
1588 1895 1747 1951 ﬂuvii
1801 1895 2039 1967 quidem

385 1993 441 2045 et
490 1989 765 2044 scatebraa
811 2003 997 2058 aquas
1025 1985 1241 2041 habent
1278 1984 1635 2056 proﬂuentes
1671 2002 1682 2039 :
1719 1986 1874 2057 putei
1909 2002 2041 2041 vero

389 2082 637 2148 stantes,
676 2092 862 2147 neque
895 2075 1049 2130 enim
1081 2078 1452 2146 promanant.
1484 2074 1767 2129 Caeterum
1814 2075 2041 2131 Aristo-

386 2167 530 2223 teles
563 2183 720 2222 mare
753 2166 1117 2237 Erythrarum
1150 2168 1311 2218 extra
1342 2164 1633 2219 Oceanum
1665 2164 1849 2235 ponit,
1901 2181 2043 2237 quo-

390 2258 547 2312 niam
586 2257 800 2310 ﬁnibus
833 2254 941 2325 ipsi
978 2270 1092 2308 non
1121 2252 1412 2325 jungitur.
1447 2255 1547 2308 Est
1577 2258 1635 2308 et
1667 2255 1811 2310 locus
1854 2254 2042 2310 eidem

389 2346 580 2401 dictus
608 2344 924 2417 pro/undas
957 2344 1271 2415 supra(tt))
1320 2343 1548 2397 Maeotin
1601 2342 1893 2415 paludem,
1944 2344 2043 2399 ubi

392 2451 527 2491 cum
561 2434 746 2490 multo
780 2434 990 2506 spiritu
1029 2451 1181 2504 aqua
1213 2433 1557 2489 dulcissima
1589 2433 1969 2505 propullulat.

504 2543 624 2597 132.
659 2546 849 2615 Quare
876 2556 1016 2612 aqua
1048 2542 1270 2595 marina
1300 2540 1520 2596 arbores
1549 2556 1656 2595 non
1688 2542 1935 2597 alantur.

462 2703 589 2759 Non
624 2703 724 2758 alit
756 2719 910 2775 aqua
941 2702 1169 2757 marina
1200 2701 1609 2773 arbores,quia
1640 2717 1698 2757 se
1729 2719 1842 2759 non
1876 2702 2044 2759 facile

394 2792 660 2848 insinuat
691 2792 1009 2862 radicibus,
1046 2808 1151 2846 nec
1203 2791 1470 2847 celeriter
1520 2792 1579 2847 in
1629 2797 1904 2848 truneum
1960 2811 2048 2848 ra-

396 2898 644 2955 mosque
675 2882 1162 2956 assurgit,utpote
1189 2883 1442 2937 crassior
1472 2883 1820 2956 graviorque
1842 2900 1907 2939 ac
1936 2887 2047 2940 ter-

394 2974 563 3030 restri
594 2976 805 3028 natura
838 2990 851 3029 :
886 2972 995 3028 hoc
1028 2972 1182 3028 enim
1218 2972 1352 3028 inde
1382 2974 1835 3040 demonstratur,
1869 2975 2046 3045 'quod

394 3064 627 3120 facilius
659 3080 837 3136 quam
870 3063 984 3119 alia
1013 3079 1164 3135 aqua
1195 3064 1305 3118 fert
1350 3063 1720 3136 sustinetque
1769 3081 1942 3121 naves
1992 3068 2049 3121 et

398 3154 749 3209 urinatores.
784 3153 949 3210 Dices
972 3158 1028 3208 et
1050 3152 1221 3208 aliam
1246 3169 1507 3223 causam,
1544 3154 1697 3224 quod
1733 3171 1887 3226 aqua
1921 3173 2045 3211 ma-

2139 568 2335 635 ταμοῖς
2366 564 2429 619 οὐ
2463 561 2683 620 δύναται
2716 564 2874 620 πλεῖν
2912 562 3078 640 βαρὺν
3104 557 3301 638 ἔχοντα
3345 560 3545 637 φόρτον
3605 556 3796 624 πλοῖα,

2143 650 2194 707 ἐν
2230 650 2287 709 δὶ
2315 659 2383 729 τῇ
2415 655 2661 727 θαλάσση
2708 657 3065 731 βαστάζονται
3097 652 3374 731 ἐλαφρῶς,
3418 649 3506 706 διά
3533 652 3634 720 τήν
3662 649 3794 722 αὐτῇ

2146 743 2506 817 ὑποκειμένην
2532 746 2846 820 παχύτητα.

2146 849 2283 926 ρλα’.
2318 852 2418 914 Τίς
2450 854 2484 921 ἠ
2519 853 2664 907 αἱτία
2691 856 2789 907 τοῦ
2820 850 2874 926 ἐν
2902 854 2970 915 τῆ
3002 850 3245 922 θαΛάσσῃ
3272 845 3445 924 γλυκῦ
3504 844 3651 922 ὕδωρ
3712 844 3797 901 εὖ·

2822 922 3119 999 ρίσκεσθαι.

2219 1010 2403 1068 Α’ίτιον
2431 1013 2525 1068 τοῦ
2560 1014 2693 1068 εἶναι
2741 1011 2916 1088 γλυκὺ
2975 1010 3121 1086 ὕδωρ
3153 1008 3203 1064 ἰν
3232 1012 3299 1083 τῇ
3333 1006 3575 1083 θαλάσσῃ
3606 1007 3668 1061 τὸ
3698 1028 3798 1060 πο-

2144 1100 2351 1175 ταμοὺς
2409 1102 2517 1178 ῥεῖν
2572 1102 2695 1178 περὶ
2748 1103 2941 1172 αὐτήν.
2996 1101 3057 1158 Ὀ
3112 1102 3240 1175 γοῦν
3300 1096 3387 1153 ἰπὶ
3419 1096 3587 1167 Γάζαν
3624 1095 3796 1158 πλοῦς

2146 1189 2292 1266 ὕδωρ
2346 1188 2463 1267 ἔχει
2517 1191 2715 1266 γλυκὺ,
2769 1189 2857 1245 διὰ
2905 1192 2968 1245 τὸ
3023 1189 3142 1243 τινὰ
3188 1188 3388 1261 στόμια
3442 1190 3539 1241 τοῦ
3596 1184 3799 1243 Νείλου

2149 1280 2319 1337 ἐκεῖσε
2376 1277 2816 1355 έμϐάλλειν.Τῷ
2871 1278 2971 1355 γὰρ
3029 1277 3173 1355 ῥύμη
3228 1276 3317 1332 καὶ
3376 1279 3445 1350 τῇ
3492 1276 3644 1350 ὁρμῇ
3703 1274 3799 1347 έμ-

2149 1365 2372 1426 ϐάλλειν
2433 1372 2460 1426 ὁ
2518 1370 2767 1436 ποταμὸς
2826 1368 2902 1431 εἷς
2974 1368 3073 1437 τὴν
3133 1364 3429 1436 θάλασσαν,
3479 1367 3596 1420 οἷον
3663 1363 3800 1439 βρύα

2146 1461 2267 1515 τινὰ
2322 1466 2488 1533 ποιεῖ,
2548 1460 2637 1515 καὶ
2696 1459 2924 1535 παρέχει
2984 1455 3131 1533 ὕδωρ
3187 1454 3385 1531 γλυκύ.
3418 1456 3523 1512 Καὶ
3552 1457 3716 1510 τοῦτο
3745 1450 3802 1509 δέ

2150 1571 2233 1604 σοι
2288 1551 2483 1618 ἱστέον,
2548 1549 2631 1604 ὅτι
2684 1550 2711 1603 ὁ
2744 1548 2867 1620 ⁷μὶν
2914 1547 3160 1620 ποταμὸς
3200 1546 3306 1600 ἀπὸ
3337 1546 3515 1616 πάσης
3552 1542 3798 1619 μεγάλης

2149 1646 2329 1714 πηγῆς
2393 1639 2495 1714 ῥεῖ,
2548 1638 2636 1693 καὶ
2669 1638 2735 1693 τά
2783 1639 2981 1713 φρέατα
3032 1634 3088 1690 δὲ
3120 1636 3224 1690 ἀπὸ
3256 1639 3448 1709 πηγῶν
3479 1630 3670 1709 ἔχουσι
3699 1634 3797 1700 τὴν

2150 1730 2351 1804 ἀρχὴν,
2393 1728 2480 1782 καὶ
2514 1727 2648 1783 ὅπου
2685 1728 2776 1800 μὲν
2810 1726 2915 1781 ἀπὸ
2973 1729 3069 1780 τοῦ
3131 1726 3329 1799 βάθους
3380 1731 3476 1792 τῆς
3522 1730 3631 1797 γῆς
3659 1719 3798 1777 ἐκδῖ-

2151 1817 2301 1874 δοται
2356 1820 2421 1874 τά
2469 1817 2658 1885 ὕδατα,
2708 1816 2846 1872 ὅπου
2878 1814 2935 1871 δὲ
2960 1814 3066 1870 ἀπὸ
3094 1819 3286 1890 πηγῶν
3312 1814 3403 1869 καὶ
3433 1817 3646 1889 κρηνῶν
3682 1812 3800 1868 ἐπι-

2149 1916 2351 1978 πολῆς.
2390 1908 2485 1963 Καὶ
2540 1907 2779 1980 ποταμοὶ
2843 1907 2939 1978 μὲν
2996 1904 3084 1960 καὶ
3115 1906 3309 1980 κρῆναι
3372 1903 3561 1979 ῥευστὰ
3582 1896 3803 1977 ἔχουσιν

2151 1997 2339 2069 ὕδατα,
2395 1998 2462 2052 τὰ
2520 1995 2577 2052 δὲ
2635 1998 2856 2074 φρέατα,
2919 1995 3176 2067 στάσιμα,
3231 1993 3294 2047 οὗ
3345 1993 3447 2069 γὰρ
3501 1991 3800 2068 ἐκρέουσιν.

2152 2090 2383 2159 ’Έξωθεν
2446 2084 2503 2141 δὲ
2556 2085 2833 2155 θαλάσσης
2893 2084 2919 2139 ὀ
2980 2080 3365 2159 Ἀριστοτέλης
3394 2083 3494 2150 τὴν
3546 2083 3810 2156 Ἐρυθρὰν

2153 2177 2320 2255 λέγει,
2378 2175 2465 2231 διὰ
2520 2176 2580 2230 τὸ
2617 2176 2691 2249 μὴ
2727 2173 2872 2251 ἔχειν
2902 2172 3086 2250 πέρας.
3119 2171 3296 2235 Τόπος
3332 2168 3388 2226 δέ
3421 2169 3532 2226 ἔστι
3562 2170 3688 2245 περὶ
3718 2170 3807 2224 τὸν

2152 2267 2397 2341 ποταμὸν
2456 2266 2547 2321 τὸν
2613 2264 2908 2341 βαθύτατον
2944 2311 2959 2337 ,
3022 2261 3186 2339 βαθὺς
3244 2259 3584 2335 καλούμενος
3618 2304 3632 2332 ,
3686 2256 3807 2315 ἔνθα

2154 2354 2463 2412 ἀναδίδοται
2521 2352 2665 2432 ὕδωρ
2750 2352 3084 2432 γλυκύτατον
3163 2354 3297 2427 μετὰ
3360 2348 3578 2406 πολλοῦ
3647 2349 3803 2405 πνετῦ-

2158 2468 2348 2522 ματος.

2155 2554 2298 2631 ρλβ’.
2356 2552 2453 2609 Διᾶ
2517 2552 2571 2608 τί
2644 2552 2705 2608 τὸ
2774 2549 3063 2631 θαλάττιον
3133 2547 3279 2627 ὕδωρ
3356 2549 3419 2604 οὗ
3493 2549 3674 2626 τρέφει
3743 2546 3810 2601 τά

2875 2620 3088 2699 δένδρα.

2224 2716 2297 2772 Οὐ
2352 2716 2534 2795 τρέφει
2564 2713 2631 2769 τὰ
2681 2711 2877 2788 δένδρα
2903 2713 2967 2769 τὸ
3000 2710 3290 2778 θαλάττιον
3323 2707 3492 2784 ὕδωρ,
3536 2707 3676 2763 διότι
3710 2709 3809 2764 οὐκ

2156 2804 2395 2863 ἐνδύεται
2452 2810 2571 2869 ταῖς
2607 2802 2779 2879 ῥίζαις
2838 2801 3035 2871 αὐτῶν,
3096 2798 3224 2857 οὐδὶ
3255 2798 3569 2878 ἀναφέρεται
3592 2797 3808 2874 ταγέιυς

2155 2898 2231 2959 εἷς
2257 2896 2319 2952 τὸ
2374 2895 2634 2970 στέλεχος
2662 2894 2752 2949 καὶ
2782 2891 2910 2957 τοὺς
2959 2891 3259 2968 ἀκρέμονας
3291 2888 3379 2944 διὰ
3434 2889 3498 2945 τὸ
3528 2887 3682 2963 παχὺ
3733 2888 3806 2941 εἴ·

2153 3007 2263 3056 ναι,
2319 2984 2409 3040 καὶ
2466 2984 2548 3039 ὅτι
2606 2978 2862 3059 ἐμϐριθές
2908 2979 3017 3037 ἔστι
3080 2979 3169 3035 καὶ
3227 2976 3450 3055 γεῶδες.
3512 2981 3691 3035 Τοῦτο
3749 2975 3805 3031 δὲ

2157 3072 2535 3131 ἀποδείκνυται
2612 3072 2718 3127 ἀπὸ
2768 3093 2864 3127 του
2916 3069 3128 3145 μᾶλλον
3184 3070 3398 3144 ἀνέχειν
3444 3067 3535 3123 καὶ
3594 3067 3803 3139 ὑπερεί-

2158 3163 2266 3221 δειν
2326 3166 2391 3219 τά
2446 3163 2657 3231 πλοῖα,
2723 3161 2813 3217 καὶ
2865 3160 2991 3225 τοὺς
3040 3154 3475 3233 κολυμϐῶντας.
3532 3157 3668 3213 Elui
3715 3155 3805 3210 καὶ

394 3245 525 3300 rina
554 3245 829 3310 exsiccat,
854 3260 986 3298 cum
1017 3242 1326 3298 arboribus
1357 3259 1472 3298 non
1504 3225 1909 3301 ariditatest
1942 3245 2041 3300 hu-

2162 3253 2338 3325 Ξὶλλην
2398 3253 2595 3322 αἰτίαν,
2644 3225 2739 3307 ’δτι
2795 3249 3111 3327 ξηραντικόν
3152 3225 3261 3305 ἐστι
3307 3253 3470 3304 τοῦτο
3514 3247 3577 3302 τὸ
3637 3244 3804 3319 ὕδωρ⁶

397 3350 555 3391 more
583 3351 731 3407 opus
765 3333 860 3388 sit.
894 3332 1055 3397 Quod
1090 3349 1219 3387 vero
1252 3332 1509 3387 siccandi
1541 3333 1655 3387 vim
1690 3333 1863 3389 habet
1895 3353 2046 3407 aqua

396 3424 645 3488 marina,
681 3423 1057 3478 manifestum
1094 3427 1181 3477 est
1211 3421 1351 3493 quia
1391 3422 1555 3492 juvat
1600 3429 1800 3478 contra
1850 3427 2045 3495 putre-

398 3513 734 3580 factionem,
770 3511 1048 3584 quoniam
1084 3511 1280 3566 aridas
1313 3528 1404 3566 res
1436 3510 1627 3566 reddit
1675 3511 1979 3584 siccasque
2030 3534 2044 3582 ;

401 3603 501 3659 sed
536 3606 594 3657 et
621 3617 866 3673 corpora
896 3616 1093 3655 eorum
1131 3600 1229 3670 qui
1265 3601 1322 3655 in
1355 3600 1503 3654 mari
1533 3600 1799 3656 laverunt
1828 3602 2045 3658 siccam

399 3695 455 3748 et
485 3707 752 3763 asperam
786 3689 1155 3761 superficiem
1190 3687 1424 3744 habent.
1476 3690 1667 3745 Addes
1715 3696 1771 3745 et
1814 3692 2045 3747 tertiam

401 3780 827 3850 causam,quod
864 3795 1015 3850 aqua
1050 3779 1277 3834 marina
1309 3778 1569 3834 abundat
1598 3779 2050 3851 pinguedine,at

398 3872 695 3947 pinguedo
746 3871 899 3943 poris
950 3872 1224 3927 arborum
1277 3888 1337 3926 se
1388 3870 1700 3929 insinuans
1749 3874 2050 3932 fmcundas

402 3978 533 4019 esse
565 3979 681 4017 non
714 3960 1018 4033 permittit.

403 4141 525 4196 133.
561 4141 739 4209 Quare
770 4140 886 4196 oleo
914 4141 1155 4215 in‘mare
1183 4139 1350 4210 effuso
1388 4142 1693 4215 perspicua
1739 4142 1860 4209 eius
1907 4160 2051 4215 aqua

953 4212 1057 4281 ﬁat
1085 4216 1136 4266 et
1167 4213 1495 4284 tranquilla.

472 4301 616 4365 Quia
636 4302 863 4356 marina
887 4318 1037 4373 aqua
1057 4301 1265 4357 terreis
1288 4305 1345 4355 et
1366 4300 1753 4372 inaequalibus
1775 4309 2052 4360 constans

401 4390 706 4464 particulis
740 4390 1367 4462 traditur,laxaturque
1396 4390 1505 4446 olei
1529 4391 2054 4461 densitate,deinde

408 4484 746 4537 recurrente
777 4480 875 4535 illa
906 4481 975 4535 ad
1012 4497 1179 4535 suam
1220 4484 1495 4536 naturam
1523 4496 1769 4553 seseque
1816 4499 2050 4555 compo-

402 4574 576 4627 ncnte
602 4571 747 4625 fiunt
766 4570 887 4642 pori
909 4570 1149 4642 quidam
1170 4575 1226 4625 et
1242 4570 1899 4644 vacuaintervalla,quze
1923 4590 2051 4629 oeu-
2084 4602 2129 4667 Ι)

408 4659 482 4715 lis
506 4659 791 4732 liquidam
813 4659 973 4715 illam
1003 4660 1224 4715 faciunt
1246 4678 1309 4715 ac
1339 4661 1785 4733 perspicuam,et
1808 4663 2054 4735 spiritus

403 4749 528 4805 laavi
557 4751 784 4822 corpori
809 4749 1073 4805 allabens
1098 4766 1212 4805 non
1236 4750 1436 4805 turbat
1453 4752 1923 4823 aquamjactare.
1952 4739 2053 4808 Ve1

403 4840 557 4912 quod
596 4839 789 4895 oleum
819 4839 1105 4911 aequabile
1137 4840 1386 4895 maxime
1435 4845 1492 4895 et
1534 4841 1747 4912 pingue
1793 4842 1840 4895 si
1888 4860 2054 4914 aquae

404 4928 642 4983 marinae
675 4930 1034 4997 atfundatur,
1068 4929 1455 5011 caliginopum
1488 4930 1546 4984 in
1576 4930 1679 4985 illa
1707 4947 1899 4987 aerem
1932 4933 2053 4988 dis-

403 5018 589 5089 pellit,
620 5022 678 5073 et
706 5017 1049 5074 lucidiorem
1085 5020 1251 5085 facit;
1287 5018 1779 5090 tranquillitatem
1809 5038 1943 5077 vero
1975 5022 2054 5077 fa-

403 5108 480 5163 cit
510 5108 727 5175 oleum,
753 5109 893 5162 dum
926 5124 1088 5177 aquas
1122 5108 1361 5162 marinas
1394 5114 1762 5179 supernatat,
1788 5126 1891 5165 nec
1924 5128 2051 5181 per-

401 5197 588 5252 mittit
619 5213 687 5251 ex
719 5197 991 5253 inferiore
1022 5198 1146 5252 loco
1196 5195 1359 5252 illam
1408 5203 1746 5255 exaestuare.
1797 5204 1945 5255 Sunt
1998 5203 2055 5256 et

402 5286 530 5341 aliae
562 5286 762 5341 multis
798 5286 1004 5341 barum
1038 5302 1233 5341 rerum
1262 5302 1475 5356 causae,
1510 5288 1611 5342 sed
1644 5286 1777 5342 aliis
1808 5305 2053 5344 accura-

399 5377 579 5431 tiores
610 5382 749 5430 sunt
780 5391 926 5446 quas
957 5375 1149 5431 attuli.

2154 3343 2236 3400 δεῖ
2290 3342 2347 3399 δὲ
2399 3349 2515 3405 τοῖς
2573 3340 2818 3417 δένδροις
2875 3340 2937 3396 οὐ
2968 3335 3293 3415 ξηρότητος,
3324 3336 3451 3393 ἀλλ’
3486 3334 3805 3412 ὑγρότητος.

2154 3437 2269 3488 Ὀτι
2312 3432 2368 3489 δὶ
2426 3432 2662 3506 ξηραίνει
2718 3432 2780 3486 τὸ
2840 3428 3127 3494 θαλάττιον
3175 3425 3343 3500 ὕδωρ,
3395 3425 3619 3502 φανερὸν
3677 3425 3807 3479 καθ-

2154 3520 2371 3587 έστηκεν
2431 3520 2536 3574 ἀπὸ
2594 3522 2689 3573 τοῦ
2725 3519 2943 3593 βοηθεῖν
2979 3516 3113 3591 πρὸς
3142 3516 3237 3579 τὰς
3267 3516 3484 3587 σήψεις,
3519 3511 3806 3587 ἐξικμάζον

2154 3616 2318 3665 ταῦτα
2394 3609 2483 3663 καὶ
2563 3608 2933 3681 ἆναξηραῖνον,
3012 3606 3100 3661 καὶ
3181 3604 3246 3659 κά
3303 3604 3531 3676 σώματα
3586 3599 3643 3657 δὶ
3697 3606 3806 3657 τῶν

2157 3700 2506 3771 Αοοσαμένων
2542 3695 2593 3751 ἐι
2652 3700 2721 3769 τῇ
2755 3695 2997 3770 θαλάσσῃ
3058 3694 3218 3769 ξηρὰν
3272 3690 3391 3768 ἓχει
3424 3690 3516 3747 καὶ
3546 3696 3808 3766 τραχεῖαν

2156 3790 2254 3858 τὴν
2313 3786 2642 3861 ἐπιφάνειαν.
2702 3786 2836 3842 Εἰπὲ
2892 3784 2981 3838 καὶ
3041 3780 3217 3853 ἄλλην
3270 3781 3442 3837 αἰτίαν
3475 3780 3558 3836 ὅτι
3590 3779 3811 3848 πολλῆς

2156 3881 2192 3948 ἡ
2254 3876 2494 3941 θάλασσα
2545 3873 2759 3948 μετέχει
2813 3880 2912 3943 τῆς
2948 3872 3341 3949 λιπαρότητος,
3372 3872 3435 3927 τὸ
3468 3868 3525 3926 δὲ
3546 3869 3810 3945 λιπαρὸν,

2159 3966 2426 4042 ἐμπίπτον
2476 3970 2592 4029 τοῖς
2648 3959 2840 4039 πόροις
2895 3967 3001 4018 τῶν
3058 3959 3313 4037 δένδρων,
3375 3961 3473 4016 οὐκ
3530 3958 3591 4031 ἐᾷ
3643 3962 3813 4014 ταῦτα

2158 4060 2541 4132 καρπογονεῖν.

2162 4144 2298 4222 ρλγ’.
2332 4145 2429 4200 Διά
2451 4144 2504 4200 τί
2534 4150 2633 4213 τῆς
2669 4141 2941 4222 θαλάττης
2973 4139 3145 4222 έλαίιρ
3192 4138 3689 4222 καταῤῥαινομένης
3730 4135 3811 4211 γί-

2525 4212 2670 4271 νεται
2704 4216 3030 4291 καταφάνεια
3059 4212 3150 4269 καὶ
3180 4212 3419 4290 γαλήνη.

2230 4309 2350 4361 Ὅτι
2406 4307 2505 4375 τὴν
2560 4304 2828 4360 Θάλασσαν
2902 4300 3084 4378 γεώδη
3156 4303 3245 4357 καὶ
3302 4298 3596 4373 ἀνώμαλον
3654 4296 3813 4353 οὖσαν

2160 4394 2346 4466 ἐξωθεῖ
2402 4396 2493 4449 καὶ
2553 4391 2860 4449 διαστέλλει
2886 4393 2947 4447 τὸ
3002 4390 3187 4447 ἓλαιον
3245 4396 3313 4459 τῆ
3347 4388 3671 4461 πυκνότητι,
3704 4388 3817 4441 εἶτα

2160 4484 2563 4561 ἀνατρεχοῦσης
2622 4483 2697 4545 εἷς
2750 4483 2942 4552 ἑαυτὴν
2996 4482 3083 4536 καὶ
3135 4476 3578 4551 συστελλομένης
3630 4478 3816 4553 γίνον-

2158 4594 2244 4628 ται
2318 4572 2478 4648 πόροι
2539 4572 2703 4637 τινες,
2776 4572 2867 4625 καὶ
2952 4570 3080 4624 κενά
3150 4566 3539 4639 διαλείμματα,
3620 4564 3815 4638 μεταξὺ

2164 4660 2434 4736 διαύγειαν
2478 4666 2598 4721 ταῖς
2640 4657 2793 4734 ὄψεσι
2854 4657 3091 4720 διδόντες
3138 4657 3228 4713 καὶ
3287 4657 3665 4733 καταφάνειαν·
3726 4653 3817 4707 καὶ

2160 4751 2224 4807 τὸ
2280 4756 2493 4825 πνεῦμα
2564 4756 2665 4819 τῆς
2741 4748 3028 4819 λειότητος
3093 4745 3483 4803 ἀπολισθαῖνον
3553 4744 3617 4799 οὗ
3671 4747 3821 4798 ποιεῖ

2162 4839 2408 4915 πληγὴν,
2469 4838 2594 4895 οὐδὶ
2647 4837 2835 4895 σάλον.
2897 4841 2966 4895 "H
3021 4837 3103 4894 ὅτι
3147 4837 3211 4892 τὸ
3244 4835 3425 4894 ἔλαιον
3457 4832 3819 4909 ὀμαλώτατοι

2162 4928 2252 4986 καί
2306 4928 2690 5005 λιπαρώτατον
2750 4930 2830 4997 δν,
2888 4926 3243 5003 ἐπιχεόμενον
3301 4929 3369 4999 τῇ
3399 4923 3667 4999 θαλάσσῃ,
3702 4919 3819 4977 δια-

2164 5016 2409 5091 σκίδνησι
2464 5020 2556 5073 τὸν
2592 5017 2644 5073 ἰν
2677 5016 2815 5088 αὐτῇ
2848 5017 3070 5094 ζοφερὸν
3119 5015 3249 5090 ἀέρα
3296 5012 3384 5069 καὶ
3434 5010 3819 5088 λαμπρότερον

2163 5110 2546 5184 ἀπεργάζεται,
2572 5106 2819 5182 γαλήνην
2856 5103 2913 5161 δὶ
2944 5107 3165 5179 ἐμποιεῖ
3189 5102 3446 5159 ὲπιπλέον
3482 5103 3704 5169 ἄνωθεν,
3730 5101 3819 5153 καῖ

2164 5198 2262 5253 οὐκ
2320 5198 2420 5253 ἐῶν
2468 5198 2707 5259 κάτωθεν
2757 5195 2922 5264 αὐτὴν
2973 5190 3417 5270 ἀναϐράττεσθαι.
3468 5190 3590 5246 Εἰσὶ
3641 5187 3699 5244 δί
3728 5190 3820 5243 καὶ

2161 5287 2331 5343 ἄλλαι
2362 5285 2571 5342 πολλαὶ
2601 5284 2724 5361 περὶ
2754 5285 2961 5340 τούτων
2994 5282 3186 5352 αἰτίαι,
3219 5282 3345 5339 ἀλλ’
3378 5280 3499 5357 α’ίγε
3536 5279 3823 5354 εἰρημέναι

2160 5382 2269 5433 τῶν
2303 5376 2487 5433 ἄλλων
2521 5376 2623 5431 εἰσὶ
2653 5370 3051 5452 ἀκριϐέστεραι.

1992 5480 2221 5537 ΝΟΤίΕ.

473 5566 582 5634 (10)
616 5566 677 5620 In
710 5566 908 5620 Graeco
941 5571 1050 5633 est,
1082 5569 1229 5621 circa
1258 5569 1492 5635 ﬂuvium
1534 5568 2052 5636 profundissimum.

402 5637 513 5692 Sed
548 5637 1041 5711 prterobscuriore
1062 5639 1161 5693 illa
1188 5639 1669 5711 interpretatione
1700 5640 1868 5711 posui
1900 5643 2059 5697 Μιξο-

402 5710 486 5765 ιίη
511 5709 792 5782 paludem,
826 5710 1075 5783 respecit
1106 5710 1263 5767 enim
1294 5709 1522 5767 Psellus
1553 5710 1675 5768 haec
1704 5709 2056 5770 'Aristotelis

2167 5570 2270 5640 lib.
2304 5570 2375 5623 de
2406 5569 2622 5625 Mundo
2663 5586 2789 5640 cap.
2844 5569 2875 5621 [ι
2911 5564 3025 5640 ετὸ.
3058 5560 3120 5640 δὲ
3177 5562 3309 5640 ὑπὲρ
3360 5561 3604 5618 Κασπίαν
3651 5558 3821 5635 βαθὺν

2167 5637 2282 5715 ἔχει
2313 5641 2404 5694 τὸν
2434 5640 2565 5716 ὑπὶρ
2594 5641 2694 5709 τὴν
2729 5634 2978 5694 Μαιῶτιν
3011 5634 3211 5709 λίμνην
3242 5634 3434 5691 τόπον.
