4080 6350
281 447 400 510 769

1458 444 1560 504 DE
1602 441 1902 505 OMNIFA
1915 441 2049 503 RIA
2093 443 2517 506 DOCTRINA.

3580 449 3700 512 ’ΠΟ

284 579 422 658 ρλδ’.
456 581 558 645 Τίς
585 580 620 652 ἡ
653 577 800 635 αἲτία
825 575 894 634 δι’
923 577 990 659 ἢν
1023 580 1150 659 όταν
1183 576 1258 659 εἷς
1290 577 1390 659 τὴν
1419 575 1688 641 θάλασσαν
1721 575 1930 652 ἐμπέσῃ

2070 578 2172 635 ἷ34.
2231 581 2370 649 Quid
2425 584 2495 637 sit
2551 595 2750 649 causae,
2805 598 2975 659 quare
3029 585 3078 638 si
3151 583 3394 654 fulmine
3438 588 3700 659 tangatur

724 654 1001 728 κεραυνὸς,
1035 652 1162 714 ἅλες
1195 649 1505 724 ἐξωθοῦσιν.

352 756 712 833 Πηγνύμενον
759 757 822 812 τὸ
873 755 1162 822 θαλάσσιον
1218 752 1365 828 ὕδωρ
1424 753 1516 816 τὰς
1576 755 1714 815 ἅλας
1767 756 1936 809 ποιεῖ.

286 850 562 921 ΙΙήγνυται
621 843 679 900 δὲ
733 850 830 899 τοῦ
897 849 1155 918 κεραυνοῦ
1213 842 1546 917 ἐμπεσόντος
1605 843 1658 898 ἐν
1715 846 1783 916 τῇ
1846 852 1938 905 θα·-

287 936 485 1010 λάσσῃ,
532 935 620 990 καὶ
669 937 732 989 τὸ
778 933 951 1010 γλυκὺ
1000 933 1091 989 καὶ
1150 933 1382 1005 πότιμον
1434 931 1579 1006 ὕδωρ
1639 930 1937 1006 ἐξάγοντος.

285 1028 443 1081 Ὅθεν
501 1025 564 1080 τὸ
617 1025 713 1097 μὲν
762 1021 957 1078 λεπτὸν
1002 1024 1093 1077 καὶ
1140 1023 1376 1094 πότιμον
1428 1019 1616 1096 ὕδωρ,
1669 1019 1784 1084 οὔθ’
1837 1018 1939 1074 ὑπό

286 1114 455 1184 ἡλίου
486 1114 772 1184 καιόμενον
818 1114 1110 1186 πήγνυται,
1165 1111 1278 1174 οὔθ’
1329 1110 1434 1164 ὑπὸ
1476 1111 1758 1182 κεραυνοῦ,
1790 1107 1853 1161 τὸ
1885 1104 1942 1161 ὃὶ

287 1205 536 1280 ἆλμυρὸν
581 1203 672 1277 γπ⁹
718 1201 1042 1280 ἀμφοτέρων
1094 1204 1256 1256 τοῦτο
1303 1198 1528 1274 πάσχει,
1573 1197 1662 1252 καὶ
1705 1196 1944 1271 μάλιστα

289 1295 394 1350 ὑπὸ
441 1296 706 1368 κεραυνοῦ
740 1334 753 1349 .
812 1287 1045 1352 Θειῶδες
1110 1290 1210 1364 γὰρ
1270 1289 1328 1344 ὃν
1385 1288 1449 1342 τὸ
1501 1285 1780 1360 κεραύνιον
1834 1291 1942 1360 πῦρ

287 1384 414 1439 ὅταν
476 1381 556 1444 εἲς
609 1383 710 1451 τὴν
762 1380 1031 1445 θάλασσαν
1093 1377 1319 1452 ἐμπέσῃ,
1382 1376 1650 1449 ἐξατμίζει
1708 1376 1802 1448 μὶν
1852 1375 1942 1430 καὶ

288 1471 634 1546 ἀναξηραίνει
690 1471 753 1526 τὸ
810 1469 1068 1543 πότιμον,
1119 1469 1352 1542 πήγνυσι
1403 1464 1462 1522 δὲ
1505 1466 1568 1521 τὸ
1615 1462 1812 1542 γεῶδες
1853 1464 1945 1518 καὶ

288 1561 564 1638 ἁλμυρὸν,
621 1558 743 1624 ὅθεν
798 1560 1012 1628 ἄσηπτα
1075 1557 1169 1631 μὲν
1231 1557 1283 1612 οἱ
1328 1555 1580 1631 κεραυνοὶ
1629 1554 1946 1609 ποιοῦσιτά

287 1653 542 1725 σώματα,
593 1651 810 1720 ἄσηπτα
858 1646 916 1704 δὶ
964 1649 1016 1702 οἱ
1070 1646 1196 1710 ἅλες
1229 1645 1602 1719 ἐκτηκομένης
1648 1645 1736 1700 ὑπ’
1768 1643 1942 1698 αὐτῶν

283 1742 390 1811 τῆς
420 1741 742 1816 ὑγρότητος.
791 1737 999 1808 Ταύτην
1047 1738 1146 1808 τὴν
1199 1735 1370 1791 αἰτίαν
1419 1735 1510 1790 καὶ
1561 1731 1944 1810 Ἀρίστοτὲλης

288 1833 318 1886 ὁ
351 1829 658 1910 φιλόσοφος
678 1827 862 1899 τίθησί
910 1848 969 1883 τε
995 1827 1082 1883 καὶ
1125 1823 1476 1902 ἀποδέχεται,
1506 1823 1596 1880 καὶ
1625 1824 1676 1878 οἱ
1707 1822 1948 1898 κρείττο-

287 1941 379 1983 νες
410 1923 520 1974 τῶν
555 1922 830 1976 Φυσικῶν.

557 2023 687 2101 ρλε¹.
723 2021 852 2097 Περὶ
881 2027 982 2090 τῆς
1013 2019 1066 2075 ἐν
1101 2017 1306 2092 Εὐϐοίᾳ
1335 2018 1682 2096 παλιρροίας.

363 2134 442 2192 Τὸ
473 2131 712 2207 πέλαγος
745 2133 808 2184 τὸ
856 2129 1095 2187 Ἰωνικὸν
1144 2128 1202 2184 ἐκ
1245 2127 1464 2199 πολλῆς
1512 2124 1854 2202 εὐρυχωρίας
1893 2124 1946 2178 ἐν

286 2227 361 2296 τῇ
419 2216 624 2292 Εὐϐοίᾳ
674 2216 1024 2290 στενούμενον
1063 2260 1076 2284 ,
1127 2217 1219 2272 καὶ
1274 2217 1514 2289 καθάπερ
1575 2213 1664 2269 διὰ
1721 2212 1948 2285 στομίου

286 2313 443 2374 τινὸς
476 2311 552 2373 εἷς
583 2311 672 2366 τὸν
715 2313 976 2384 Κρισαῖον
1023 2309 1232 2362 κόλπον
1287 2306 1615 2382 ἐκχεόμενον
1667 2303 1948 2378 ἐμμίξεται

291 2406 434 2481 πρὸς
462 2403 562 2472 τὴν
611 2400 840 2478 Αίγαίαν
892 2398 1162 2454 θάλατταν
1210 2398 1558 2474 ἐπειγόμενον
1601 2397 1704 2451 ὑπὸ
1728 2400 1824 2451 τοῦ
1853 2397 1950 2464 τῆς

292 2494 726 2566 Πελοποννήσου
772 2492 970 2566 ἰσθμοῦ
1016 2497 1119 2562 τῆς
1149 2491 1338 2566 πρόσω
1369 2496 1536 2570 φορᾶς
1568 2488 1950 2558 ἀνακόπτεται,

292 2584 616 2663 προμηθείᾳ
656 2585 950 2658 κρείττονι,
983 2584 1058 2644 ὡς
1108 2579 1302 2652 ἔοικεν,
1336 2577 1620 2636 ἐπικλῦσαι
1663 2580 1763 2648 τήν
1805 2576 1949 2633 ἀντί-

295 2681 457 2733 Θετον
513 2670 766 2751 προϐολῇ
821 2677 924 2728 τοῦ
978 2670 1210 2749 αύχὲνος
1263 2669 1799 2746 ἀποτειχιζόμενον,
1859 2666 1949 2722 κάὶ

293 2767 498 2823 τούτου
548 2763 605 2820 δέ
645 2761 996 2841 παλιῤῥοίας,
1045 2762 1118 2824 ὡς
1167 2762 1229 2817 τὸ
1274 2761 1436 2831 εἰκὸς,
1487 2760 1800 2836 γινομένης.
1851 2757 1946 2814 Καὶ

296 2855 427 2932 περὶ
479 2852 634 2910 τόνδε
685 2855 774 2909 τὸν
833 2852 1080 2928 πορθμὸν
1132 2849 1299 2907 πλέον
1351 2852 1387 2922 ἢ
1444 2849 1580 2906 κατά
1631 2851 1721 2905 τὸν
1781 2846 1952 2903 ἄλλον

293 2943 512 3001 κόλπον
563 2939 897 3018 θλιϐομένου
943 2945 1042 2997 τοῦ
1093 2939 1436 3018 ἐπιρρέοντος
1487 2939 1574 2995 ἐπὶ
1613 2943 1690 3012 τῷ
1729 2936 1950 3014 ἀνατρέ-

296 3056 464 3112 χοντι
498 3031 771 3096 πολλάκις
800 3029 1068 3106 ἐμπίπτον
1099 3031 1191 3086 τὸν
1225 3029 1468 3106 βρασμὸν
1502 3034 1649 3084 ποιεῖ
1676 3028 1738 3082 τὸ
1783 3023 1952 3103 ὕδωρ,

294 3124 392 3180 καὶ
423 3127 576 3197 κῦμα
621 3120 955 3199 φλεγμαῖνον
1007 3119 1200 3197 ἐγείρει
1245 3119 1382 3196 πρὸς
1413 3125 1512 3190 τῆς
1541 3115 1850 3180 ἀντιτυπίας
1875 3115 1952 3181 εἷς

297 3210 566 3269 κλύδωνα
593 3210 1026 3289 κορυφούμενον.

302 3320 449 3398 ρλς’.
483 3317 580 3398 ᾼιᾲ
623 3318 676 3373 τί
727 3317 832 3398 ὑπὸ
877 3321 996 3398 fil)!
1038 3314 1225 3398 ὑετίων
1280 3312 1504 3398 ὑδάνων.
1537 3313 1747 3390 μᾶλλον
1841 3318 1950 3370 τῶν

378 3389 686 3468 ἐπιρρύτων
742 3391 809 3446 τὰ
875 3386 1070 3465 δένδρα
1125 3387 1216 3444 καὶ
1287 3389 1355 3443 τὰ
1413 3386 1692 3464 σπέρματα
1749 3387 1952 3468 πέφυκε

375 3464 661 3542 τρέἓρεσθαι
673 3506 686 3520 .

380 3552 529 3608 Διότι
583 3556 652 3626 τῇ
706 3551 901 3626 πληγῇ
959 3547 1206 3605 διεστῶσι
1274 3549 1373 3619 τήν
1428 3551 1528 3626 γῆν
1605 3549 1692 3604 καὶ
1752 3568 1958 3623 πορους

301 3646 528 3698 ποιοῦσι
576 3641 668 3696 καὶ
713 3637 1022 3695 διαδύονται
1074 3639 1151 3703 εὶς
1201 3639 1301 3707 τήν
1352 3637 1522 3716 ῥίζαν.
1551 3639 1619 3695 Ἠ
1651 3637 1782 3712 ὅπερ
1813 3636 1957 3708 ἀλη-

303 3733 579 3806 Θέστερον,
627 3729 934 3807 πρόσφατόν
987 3727 1097 3784 ἐστι
1143 3729 1232 3783 καὶ
1263 3727 1380 3783 νὲον
1423 3725 1568 3802 ὕδωρ
1611 3729 1673 3782 τὸ
1704 3728 1956 3801 ὖόμενον,

303 3815 487 3877 ἕωλον
535 3817 593 3874 δὲ
639 3817 727 3873 καὶ
781 3817 1018 3874 παλαιὸν
1042 3817 1104 3872 τὸ
1137 3816 1418 3890 λιμναῖον,
1449 3817 1482 3885 ἢ
1517 3818 1599 3871 δτι
1629 3817 1691 3871 τὸ
1722 3813 1959 3890 ἀερῶδες

308 3909 457 3986 ὕδωρ
507 3907 770 3980 πνεύματι
827 3909 1157 3983 μεγιγμὲνον
1217 3907 1299 3976 ὃν,
1359 3905 1636 3982 ὁδηγεῖται
1694 3907 1783 3960 καὶ
1828 3905 1960 3958 ἀνα-

306 4002 583 4072 πέμπεταε
612 3998 828 4072 ταχέως
877 3996 954 4058 εἷς
997 3997 1059 4051 τὸ
1113 3995 1274 4074 φυτὸν
1328 3995 1431 4050 ὑπὸ
1485 3993 1844 4066 λεπτότητος,
1875 3991 1959 4048 διὸ

306 4089 398 4144 καὶ
425 4087 794 4164 πομφόλυγας
836 4091 1004 4153 ποιεῖ,
1057 4083 1145 4140 διὰ
1189 4086 1288 4154 τὴν
1341 4090 1438 4140 τοῦ
1482 4084 1638 4159 ἀὲρος
1687 4083 1960 4157 ἀνάμιξιν,

307 4179 342 4248 ἢ
377 4178 461 4233 ὅτι
491 4178 555 4232 τὸ
606 4172 840 4252 ὄμϐριον
895 4173 1042 4250 ὕδωρ
1091 4174 1382 4251 γενόμενον
1425 4172 1476 4229 ἐν
1525 4173 1640 4248 ἀέρι
1672 4174 1759 4228 καὶ
1794 4171 1962 4227 πνεύ-

312 4289 443 4341 ματι
505 4267 738 4339 καθαρὸν
789 4265 877 4320 καὶ
936 4264 1130 4340 ἀμιγὲς
1203 4264 1432 4321 κάτεισι.
1489 4265 1569 4320 Τὰ
1637 4261 1694 4318 δὲ
1748 4267 1962 4337 πηγαῖα

307 4357 398 4412 καὶ
528 4359 665 4430 γονῇ
698 4353 786 4410 καὶ
815 4359 933 4417 τοῖς
962 4354 1157 4416 τόποις
1198 4353 1539 4427 ὁμοιούμενα
1571 4350 1640 4406 δι’
1670 4353 1744 4407 ὧν
1774 4349 1958 4422 ἔξεισι,

308 4443 540 4500 πολλῶν
628 4440 1069 4517 ἀναπίμπλανται
1149 4444 1484 4513 ποιοτήτων.
1559 4442 1799 4518 Ηρόσθες
1869 4441 1960 4496 καὶ

308 4532 494 4605 ἄλλην
545 4532 743 4590 αἰτίανο
807 4530 1070 4603 εῦσηπτόν
1129 4531 1238 4588 ἐστι
1291 4533 1352 4586 τὸ
1413 4532 1582 4586 ὑέτιον
1643 4528 1813 4607 ὕδωρ,
1871 4531 1958 4585 καὶ

308 4622 404 4680 διὰ
430 4627 593 4679 τοῦτο
623 4623 711 4678 καὶ
739 4619 1048 4697 εὕθρεπτον.
1079 4625 1188 4678 Πᾶν
1235 4620 1293 4677 δὲ
1333 4617 1478 4696 ὕδωρ
1511 4621 1572 4676 τὸ
1604 4619 1776 4683 οὕτως
1808 4617 1962 4696 ἕχον,

304 4710 493 4789 τρέφει
522 4712 586 4767 τὸ
621 4709 997 4784 ὑποκείμενον.

310 4907 480 4996 ρλζκ-
515 4907 611 4963 Διὰ
647 4908 740 4998 1τί
823 4911 953 4998 τῶνε
1009 4902 1258 4998 ὀμϐρίων,
1331 4903 1540 4995 ὑδάτων
1605 4903 1964 4998 εὔαρδὲστερα

388 4984 507 5070 τοῖς
565 4980 838 5053 σπέρμασι
894 4981 961 5035 τὰ
1039 4980 1173 5053 μετὰ
1229 4980 1468 5056 βροντῶν
1532 4980 1620 5034 καὶ
1679 4980 1966 5052 ἀστραπῶν

391 5069 581 5108 υοατα.

391 5137 758 5212 Ηνευματώδη
811 5139 911 5194 εἶσι
957 5137 1050 5194 διὰ
1087 5141 1187 5209 τήν
1237 5143 1334 5194 τοῦ
1384 5139 1540 5213 ἀὲρος
1584 5139 1832 5214 ταραχὴν
1879 5137 1968 5193 καὶ

311 5227 586 5301 ἀνάμιξιν.
635 5229 705 5282 Τὸ
751 5226 808 5284 δὶ
855 5233 1066 5301 πνεῦμα
1113 5230 1213 5298 τὴν
1267 5227 1539 5304 ὑγρότητα
1586 5232 1769 5283 κινοῦν
1824 5225 1974 5300 μᾶλα

311 5315 417 5371 λον
475 5315 781 5390 ἀναπέμπει
832 5318 922 5372 καὶ
961 5315 1306 5374 ἀναδίδωσιν.
1357 5319 1423 5374 Ἠ
1473 5315 1555 5372 ὅτι
1610 5315 1838 5392 βροντὰς
1873 5317 1968 5389 μὶν

309 5405 406 5460 καὶ
465 5405 739 5482 ἀστραπὰς
795 5411 943 5461 ποιεῖ
998 5407 1061 5461 τὸ
1119 5406 1315 5482 Θερμὸν
1375 5405 1425 5460 ἐν
1475 5410 1554 5479 τῷ
1596 5405 1711 5480 ἀέρι
1742 5406 1878 5478 πρὸς
1907 5405 1970 5459 τὸ

310 5494 531 5571 ψυχρὸν
567 5496 906 5570 μαχόμενον·
944 5493 1030 5550 διὸ
1073 5495 1162 5550 καὶ
1194 5499 1474 5571 χειμῶνος
1519 5492 1774 5567 οὐδαμῶς
1810 5495 1968 5570 βρον-

307 5583 424 5641 ταί.
474 5579 633 5661 ἔαρος
684 5582 742 5640 δὶ
811 5582 1048 5659 μάλιστα
1090 5584 1180 5640 καὶ
1229 5585 1602 5660 φθινοπώρου·
1652 5583 1688 5654 ἠ
1736 5579 1794 5637 δὶ
1847 5593 1969 5656 θερ-

313 5673 493 5747 μότης
524 5675 799 5730 πίπτουσα
826 5675 905 5745 ,τὸ
954 5673 1113 5751 ύγρὸν
1153 5673 1454 5752 προσφιλὲς
1503 5678 1653 5728 ποιεῖ
1697 5677 1812 5734 τοῖς
1840 5671 1971 5748 βλα-

308 5761 565 5822 στάνουσι
626 5765 714 5823 καὶ
776 5761 1082 5848 ὠφέλιμον.
1145 5763 1229 5822 Τὰ
1308 5762 1562 5840 μέντοιγε
1618 5761 1806 5840 ἐαρινὰ
1859 5765 1967 5819 τῶν

1978 1981 2026 2046 Β

2574 671 2748 724 mare,
2780 655 2862 710 sal
2909 665 3172 727 emergat.

2120 759 2201 814 Ex
2230 776 2384 831 aqua
2416 760 2645 815 marina
2673 761 2979 832 coagulata
3009 762 3073 816 fit
3103 763 3572 837 sal.Coagulatur
3592 783 3700 822 au-

2046 850 2165 904 tem
2199 849 2246 905 si
2271 849 2520 905 fulmine
2547 853 2700 906 tacta
2724 851 3100 922 t'uerit,idque
3129 852 3362 909 dulcem
3386 861 3561 926 atque
3601 873 3702 927 po-

2048 942 2288 995 tabilein
2323 958 2532 1010 aquam
2567 939 2934 996 subduxerit.
2969 941 3116 996 Nam
3147 947 3343 999 tenera
3375 945 3614 1016 quidem
3636 962 3703 1001 ao

2049 1029 2326 1100 potabilis
2366 1047 2520 1100 aqua
2557 1047 2663 1085 nec
2694 1030 2814 1085 sole
2859 1036 3086 1101 urente,
3122 1048 3226 1087 nec
3275 1033 3520 1089 {uimine
3550 1036 3703 1090 inci-

2051 1120 2226 1174 dente
2256 1119 2603 1190 coagulatur
2634 1139 2647 1186 ;
2683 1119 2912 1174 marina
2952 1126 3146 1175 autem
3197 1127 3448 1193 utroque
3506 1125 3704 1193 modo,

2052 1208 2422 1278 maximeque
2451 1225 2484 1263 a
2507 1207 2771 1262 fulmine.
2809 1208 2964 1279 Ignis
2995 1209 3151 1264 enim
3174 1212 3302 1281 ejus
3325 1212 3622 1268 sulfureus
3644 1213 3704 1269 in

2053 1313 2213 1352 mare
2237 1296 2464 1352 delatus
2483 1296 2795 1366 potabilem
2823 1313 3032 1367 aquam
3053 1300 3501 1372 absumitatque
3522 1301 3581 1357 in
3603 1320 3708 1358 va-

2054 1402 2225 1458 pores
2256 1385 2461 1457 abigit,
2492 1393 2710 1441 terram
2758 1393 2954 1442 autem
2987 1404 3053 1442 ac
3101 1387 3352 1445 saliuam
3411 1391 3704 1463 coagulat,

2054 1475 2210 1529 unde
2242 1479 2298 1528 et
2327 1490 2572 1545 corpora
2605 1474 2826 1529 famine
2855 1479 3012 1530 tacta
3043 1476 3516 1549 incorruptibilia
3543 1485 3706 1547 sunt,

2053 1569 2111 1619 et
2139 1563 2280 1618 salis
2309 1579 2416 1634 ope
2448 1580 2482 1618 a
2510 1564 2818 1635 putredine
2849 1570 3297 1632 conservantur,
3333 1567 3580 1624 humore
3603 1586 3705 1640 per

2053 1653 2223 1708 illum
2284 1652 2590 1708 exsiccato.
2641 1652 2799 1708 Hanc
2851 1653 3004 1708 169
3059 1671 3300 1710 causam
3367 1656 3705 1715 Aristoteles

2055 1742 2443 1815 philosophus
2471 1741 2635 1813 ponit
2667 1744 3071 1814 probatque,et
3106 1745 3546 1816 praestantiores
3571 1748 3705 1819 qui-

2058 1847 2169 1904 que
2199 1830 2599 1902 physicorum.

2343 2029 2466 2083 135.
2501 2029 2570 2083 De
2600 2029 2801 2099 Euripo
2829 2031 2944 2084 sive
2971 2035 3115 2086 astu
3146 2031 3410 2089 Euboico.

2131 2139 2338 2191 Ionum
2355 2151 2514 2190 mare
2533 2151 2600 2190 ex
2618 2135 2988 2207 amplissima
3019 2137 3329 2195 latitudine
3343 2141 3410 2194 ad
3433 2141 3707 2199 Eubceam

2058 2225 2314 2280 insulam
2343 2229 2593 2296 angusto
2643 2230 2930 2281 arctatum
2966 2227 3108 2282 freto
3158 2245 3223 2283 ac
3252 2228 3431 2284 veluti
3482 2247 3584 2302 per
3615 2249 3710 2289 os-

2061 2314 2206 2368 tium
2241 2314 2532 2385 quoddam
2569 2313 2625 2368 in
2668 2313 2978 2370 Crissreum
3036 2315 3231 2372 sinum
3283 2334 3344 2372 se
3401 2319 3710 2378 effundens

2059 2403 2337 2460 miscetur
2366 2403 2510 2458 mari
2545 2405 2753 2475 Egeo,
2785 2404 3192 2478 isthmumque
3239 2409 3401 2464 subit
3433 2409 3712 2483 Pelopon-

2059 2493 2566 2565 nesiacum,atque
2590 2495 2730 2549 adeo
2750 2493 3041 2562 divina,ut
3065 2496 3711 2572 videtur,providentia,

2058 2583 2402 2656 prohibetur
2427 2599 2496 2638 ne
2526 2587 2657 2638 ante
2688 2599 2748 2638 se
2773 2588 3014 2656 proruat
3039 2589 3093 2639 et
3124 2586 3400 2644 adversas
3432 2593 3618 2646 terras
3641 2609 3710 2648 ex

2060 2677 2308 2744 angusto
2338 2671 2483 2739 loco,
2517 2689 2631 2744 quo
2653 2671 2808 2726 velut
2833 2674 3017 2729 muris
3049 2674 3345 2732 inclusum
3381 2683 3438 2734 et
3471 2696 3708 2754 exagge-

2061 2766 2249 2817 ratum
2283 2764 2390 2824 est,
2423 2760 2633 2816 obruat
2665 2761 2962 2817 ﬂuctibus.
2999 2764 3179 2836 Atque
3213 2764 3331 2820 huic
3363 2768 3706 2828 verisimilis

2061 2855 2150 2906 est
2179 2855 2357 2905 aestus
2389 2850 2511 2905 sive
2559 2850 2816 2906 reﬂuxus
2867 2850 3027 2906 illius
3076 2869 3274 2910 causa.
3322 2855 3412 2912 Uti
3469 2863 3526 2914 et
3551 2861 3706 2932 apud

2059 2939 2214 2995 istud
2252 2941 2460 2994 fretum
2497 2938 2633 3012 plus
2663 2956 2836 3013 quam
2871 2940 2926 2996 in
2964 2940 3188 3014 reliquo
3218 2943 3351 3000 sinu
3385 2962 3548 3018 aquae
3581 2967 3707 3006 arc-

2059 3029 2482 3101 tantur,itaque
2515 3029 2950 3085 recurrentibus
2979 3030 3304 3089 incidentes
3332 3034 3511 3091 veluti
3544 3039 3708 3096 siler-

2059 3124 2306 3175 vescunt
2335 3135 2400 3175 ac
2432 3118 2723 3176 chulliunt
2755 3118 3088 3192 ﬂuctusque
3119 3121 3362 3195 faciunt,
3420 3126 3521 3196 qui
3556 3128 3709 3185 reni-

2063 3207 2326 3266 tentibus
2352 3208 2526 3264 undis
2560 3208 2711 3264 allisi
2746 3209 2802 3264 in
2835 3214 3042 3266 aestum
3074 3218 3520 3286 exaggerantur.

2067 3317 2188 3373 136.
2227 3317 2408 3386 Quare
2451 3316 2678 3372 arbores
2725 3326 2776 3373 et
2819 3320 3040 3374 semina
3082 3320 3264 3376 laetius
3312 3323 3714 3382 incrementum

2206 3391 2427 3460 capiant
2457 3405 2493 3444 α
2517 3389 2855 3460 pluvialibus
2875 3407 3039 3462 quam
3065 3393 3361 3462 ﬂuentibus
3390 3397 3569 3468 aquis.

2138 3550 2423 3615 Quoniam
2452 3549 2735 3622 pluviales
2762 3567 2947 3622 aquae,
2974 3553 3114 3607 dum
3149 3555 3718 3627 cadunt,difﬁndunt

2067 3647 2276 3695 terram
2311 3655 2602 3710 porosque
2633 3643 2688 3694 et
2712 3641 2836 3695 vias
2861 3639 3154 3711 aperiunt,
3189 3647 3244 3698 et
3274 3644 3332 3698 in
3366 3646 3620 3703 radicem
3655 3664 3718 3705 se

2065 3730 2399 3794 insinuant;
2430 3733 2530 3783 aut
2551 3729 2702 3799 quod
2726 3729 3088 3801 verius,quia
3111 3739 3383 3789 recenset
3406 3752 3550 3790 nova
3567 3753 3720 3809 aqua

2069 3817 2318 3874 ﬂuvialis
2341 3821 2585 3884 est,cum
2619 3815 2720 3871 illa
2751 3834 2819 3871 ex
2850 3817 3096 3873 lacubus
3120 3819 3196 3874 sit
3216 3825 3384 3877 vetus
3407 3827 3462 3878 et
3491 3841 3524 3879 a
3543 3823 3719 3897 longo

2066 3905 2458 3978 tempore.Vel
2485 3906 2634 3976 quod
2662 3905 2934 3978 pluvialis
2965 3923 3120 3978 aqua
3141 3909 3326 3964 aereis
3357 3911 3564 3968 referta
3588 3930 3720 3984 par-

2067 3997 2266 4054 ticulis
2298 4000 2353 4052 et
2383 3996 2656 4068 spiritum
2678 3997 2745 4050 ad
2758 3995 3000 4053 mistum
3023 3997 3240 4053 habens
3265 4016 3368 4071 pro
3390 4001 3723 4058 subtilitate

2070 4104 2178 4144 sua
2207 4085 2474 4142 celeriter
2505 4085 2561 4139 in
2597 4084 2853 4156 plantam
2885 4103 2947 4142 se
2971 4087 3257 4155 immittit,
3281 4091 3435 4146 unde
3466 4095 3522 4147 et
3546 4109 3722 4166 prop-

2069 4181 2158 4233 ter
2189 4191 2380 4230 aerem
2412 4175 2811 4230 intermistum
2845 4175 3038 4232 bullas
3058 4178 3407 4236 excitat.Aut
3441 4181 3715 4253 quoniam

2070 4263 2267 4338 pluvia
2297 4280 2448 4334 aqua
2497 4263 2556 4318 in
2607 4279 2736 4319 aere
2786 4269 2842 4320 et
2886 4265 3097 4336 spiritu
3151 4277 3455 4340 prognata,
3489 4288 3636 4343 pura
3666 4276 3725 4326 et

2071 4354 2302 4410 sincera
2331 4353 2655 4423 descendit,
2708 4353 2946 4410 fontana
2993 4362 3187 4411 autem
3221 4359 3396 4413 refert
3446 4376 3585 4414 suas
3609 4359 3725 4415 ori-

2072 4444 2238 4516 gines
2270 4441 2759 4513 assimilaturque
2787 4441 2932 4499 locis
2965 4461 3067 4516 per
3105 4461 3232 4516 quae
3264 4447 3501 4514 transit,
3549 4454 3728 4521 atque

2072 4533 2155 4588 ita
2184 4531 2358 4588 variis
2388 4531 2770 4600 qualitatibus
2803 4531 3082 4603 repletur.
3113 4535 3305 4591 Addes
3333 4540 3391 4592 et
3422 4536 3597 4592 aliam
3630 4554 3728 4594 ra-

2072 4622 2312 4678 tionem.
2345 4620 2550 4675 Pluvia
2572 4637 2724 4691 aqua
2754 4620 2922 4676 facile
2946 4624 3230 4693 putrescit
3251 4630 3426 4696 atque
3457 4625 3539 4682 ita
3561 4625 3730 4682 facile

1993 4727 2040 4793 D
2072 4709 2376 4765 alteratur.
2421 4708 2628 4764 Omnis
2685 4714 2881 4764 autem
2942 4726 3095 4781 aqua
3126 4712 3206 4767 ita
3255 4719 3594 4784 comparata
3616 4733 3726 4771 nu-

2071 4801 2176 4856 trit
2205 4800 2536 4868 subjectum
2569 4797 2626 4852 in
2652 4799 2805 4868 quod
2839 4799 3066 4855 incidit.

2077 4907 2199 4962 137.
2235 4907 2416 4974 Quare
2444 4920 2514 4958 ex
2541 4905 2938 4984 aquis-pluviis
2969 4906 3086 4963 illa:
3134 4909 3334 4984 melius
3388 4912 3573 4982 rigant
3601 4926 3727 4984 quae

2416 4992 2543 5031 cum
2583 4978 2798 5031 tonitru
2828 4977 3033 5032 cadunt
3071 4988 3122 5034 et
3146 4981 3388 5052 fulgure.

2153 5142 2374 5212 Nempe
2404 5139 2614 5211 spiritu
2641 5139 2824 5210 plena:
2857 5147 3014 5208 sunt,
3065 5160 3353 5200 concussu
3387 5149 3445 5200 et
3475 5145 3728 5202 admisto

2082 5227 2493 5299 aere.Spiritus
2525 5232 2720 5282 autem
2755 5227 3064 5284 humorem
3096 5232 3282 5303 magis
3306 5237 3498 5288 movet
3521 5233 3731 5306 impel-

2078 5318 2262 5388 litque
2295 5333 2359 5372 ac
2393 5315 3127 5389 distribuit.Autquoniam
3150 5320 3309 5376 calor
3332 5321 3528 5394 frigori
3553 5339 3730 5394 repu-

2079 5423 2266 5479 gnans
2317 5405 2576 5460 tonitrua
2627 5405 2765 5460 facit
2812 5410 2869 5462 et
2921 5407 3172 5479 fulgura,
3223 5425 3405 5480 quare
3435 5417 3492 5466 et
3541 5411 3733 5467 hieme

2082 5494 2244 5551 nulla
2272 5493 2556 5562 tonitrua,
2591 5494 2690 5550 sed
2725 5511 2856 5552 vere
2891 5498 3144 5554 maxime
3173 5503 3231 5555 et
3289 5506 3594 5557 autumno.
3625 5505 3731 5559 Ca-

2080 5585 2169 5641 lor
2196 5588 2391 5640 autem
2424 5583 2708 5638 accedens
2741 5584 3047 5641 humorem
3083 5587 3303 5659 plantis
3333 5595 3731 5663 opportunum

2081 5673 2272 5730 reddit
2301 5677 2476 5745 atque
2508 5671 2670 5728 utile.
2728 5677 2918 5746 Atque
2957 5692 3144 5733 vernas
3193 5695 3357 5750 aqua;
3403 5679 3732 5739 seminibus

2080 5768 2214 5825 ante
2245 5767 2506 5823 aestatem
2544 5763 2794 5824 maxime
2816 5767 3159 5828 necessariae
3191 5770 3514 5844 sunt,unde
3545 5771 3732 5848 regio-
