4080 6350
366 362 478 421 ΤΗ
1711 355 2128 421 MICHAELIS
2172 355 2444 417 PSELLI
3659 364 3778 422 772

367 512 471 551 nes
503 495 561 549 in
597 493 815 566 quibus
845 492 996 548 veris
1027 494 1289 562 tempore
1320 490 1641 565 plurimum
1676 490 1921 562 p1uit,ut
1952 490 1978 545 in

2165 486 2337 543 δάτων
2366 488 2759 565 ἀναγκαιότερα
2805 493 2920 552 τοῖς
2977 488 3247 566 σπὲρμασι
3278 491 3383 567 πρὸ
3431 496 3529 546 τοῦ
3560 492 3776 568 θέρους.

365 586 586 652 Sicilia,
621 584 839 640 multos
871 585 927 638 et
951 582 1136 637 bonos
1168 581 1364 637 ferunt
1387 582 1634 637 fructus.

2163 579 2281 635 305v
2328 580 2363 648 ἡ
2417 576 2673 634 πλεῖστον
2723 577 2925 652 ὖομὲνη
2966 583 3062 633 τοῦ
3120 576 3277 655 ἔαρος
3320 581 3500 658 χώρα,
3537 583 3774 656 καθάπερ

2125 666 2175 721 ἐν
2239 664 2486 739 Σικελίᾳ,
2543 664 2790 733 πολλοὺς
2845 669 2935 724 καὶ
2994 668 3229 745 ἀγαθοὺς
3290 670 3532 747 καρποὺς
3592 668 3776 727 ἀναδί-

2128 754 2314 813 δωσιν.

750 853 891 919 138η
912 855 985 908 De
1021 852 1253 908 lacubus
1284 852 1633 923 quibusdam.

2569 846 2710 922 ρλη’.
2742 849 2874 924 Περί
2906 870 3062 904 τινων
3102 850 3330 923 λιμνὼν.

439 946 595 1003 Mare
626 945 781 1015 quod
814 942 989 1015 vulgo
1020 949 1261 997 vocatur
1290 943 1585 997 Mortuum
1616 942 1673 995 in
1708 939 2018 995 Palaestina

2198 936 2260 989 Ἠ
2309 937 2402 1009 μὲν
2449 937 2766 1010 καλουμένη
2817 940 2963 1014 παρὰ
3008 945 3124 1002 τοῖς
3167 937 3404 1002 πολλοῖς
3454 942 3636 1017 Νεκρᾶ
3676 943 3774 997 Θά-

369 1034 803 1090 crassissimam
837 1034 1101 1088 omnium
1136 1048 1422 1102 aquarum
1459 1030 1615 1085 vehit
1670 1035 1726 1085 et
1758 1027 1980 1084 salsissi

2169 1045 2301 1078 ασσα
2348 1028 2382 1094 ἡ
2435 1026 2486 1080 ἓν
2552 1027 2906 1103 Παλαιστίνῃ,
2950 1029 3236 1104 παχυτάτη
3300 1028 3431 1084 οὖσα
3463 1076 3478 1103 ,
3536 1033 3780 1106 ἁλμυρο-

370 1125 636 1193 mam,ita
671 1132 730 1177 ut
754 1121 1039 1194 quidquid
1073 1122 1129 1175 in
1164 1121 1318 1179 illam
1348 1120 1646 1191 injiciatur
1675 1122 1981 1190 supernate

2165 1114 2259 1184 ἀτη
2297 1114 2405 1169 ἐστὶ
2455 1117 2669 1170 πάντων
2719 1114 2947 1191 ὑδάτων,
2988 1118 3077 1173 καὶ
3124 1124 3228 1174 πᾶν
3264 1119 3327 1173 τὸ
3359 1114 3776 1193 ἐμϐαλλόμενον

372 1230 475 1269 nec
508 1214 938 1282 submergatur.
973 1216 1188 1265 Omnes
1222 1227 1391 1282 porro
1417 1227 1578 1281 aquae
1610 1209 1778 1266 salsae
1811 1207 1895 1263 vel
1930 1226 1983 1264 ac

2161 1224 2181 1256 ν
2240 1202 2374 1278 αὐτῇ
2431 1211 2589 1277 σῶμα
2637 1207 2923 1271 ἆνωθεῖται
2977 1208 3081 1262 ὐπὸ
3136 1213 3233 1263 τοῦ
3286 1206 3499 1280 ὕδατος,
3559 1212 3649 1264 xui
3710 1212 3772 1265 οὗ

371 1310 432 1358 tu
467 1303 554 1358 vel
587 1306 869 1373 potestate
901 1300 1100 1355 calidas
1132 1304 1267 1355 sunt
1302 1318 1313 1354 :
1352 1305 1635 1371 potestate
1682 1299 1921 1371 quidem
1958 1315 1982 1352 u

2172 1293 2334 1348 ίνεται
2386 1290 2746 1371 ὑποϐρύχιον.
2800 1302 2909 1352 Πᾶν
2969 1295 3026 1351 δὲ
3084 1296 3228 1373 ὕδωρ
3279 1296 3525 1374 ἁλμυρὸν
3581 1300 3776 1375 θερμὸν

374 1393 581 1464 Tyriae,
615 1396 747 1446 actu
798 1408 929 1446 vero
984 1396 1048 1444 ut
1096 1406 1223 1460 quas
1272 1395 1408 1444 sunt
1455 1388 1718 1443 Gabaris.
1754 1389 1821 1443 Et
1862 1405 1985 1459 aput

2177 1381 2227 1436 ἑν
2263 1382 2469 1451 ἐστινῆ
2518 1380 2737 1458 δυνάμει
2791 1385 2825 1453 ἢ
2876 1384 3132 1462 ἐνεργείᾳ’
3183 1384 3407 1461 δυνάμει
3462 1389 3556 1461 μὲν
3605 1389 3681 1451 ὡς
3719 1389 3785 1443 τὰ

371 1481 677 1536 Ombricos
709 1479 866 1551 regio
890 1478 1288 1549 estlimosa,in
1318 1496 1432 1550 qua
1455 1476 1744 1550 plurimus
1759 1478 1982 1532 nascitu

2175 1470 2402 1547 νΤύρῳ,
2448 1472 2689 1549 ἐνεργείᾳ
2732 1471 2787 1528 δὶ
2838 1473 2914 1535 ὠς
2963 1474 3017 1530 ἐν
3069 1471 3355 1552 Γαδάροις.
3393 1476 3495 1533 Καὶ
3545 1477 3599 1531 ὲν
3642 1479 3786 1549 Ὁμ-

368 1574 583 1643 juncus
607 1576 659 1625 et
691 1570 1152 1639 calamus,quem
1180 1574 1411 1623 urentes
1433 1568 1701 1639 regionss
1728 1566 1931 1622 incolae
1955 1584 1979 1621 a

2170 1566 2346 1634 ρικοῖς
2376 1562 2535 1637 χώρα
2586 1562 2724 1618 ἐστὶν
2761 1561 3029 1636 ἰλυώδης,
3075 1564 3125 1619 ἐν
3222 1565 3463 1640 κάλαμοι
3496 1566 3585 1621 καὶ
3618 1572 3781 1641 σχοῖ-

374 1661 705 1732 redigentes
736 1659 791 1713 in
825 1658 1375 1729 cinerem,eumque
1404 1672 1537 1711 cum
1572 1656 1741 1728 aquis
1773 1672 1985 1726 coquen

2175 1671 2215 1704 )ι
2244 1650 2481 1726 γίνονται
2524 1651 2794 1708 πλεῖστον
2826 1653 3051 1715 τούτους
3102 1656 3345 1717 καίοντες
3386 1656 3438 1709 οἱ
3465 1658 3565 1725 τῆς
3598 1656 3786 1731 χώρας

374 1755 481 1817 tes,
516 1749 696 1805 salem
731 1752 1064 1803 concretum
1102 1746 1536 1818 reperiunt.Sed
1562 1750 1618 1801 et
1647 1743 1911 1800 Sirbonis
1938 1744 1985 1800 la

2170 1739 2222 1793 ui
2280 1740 2733 1817 ἂποτεφροῦντες,
2787 1741 2877 1795 καὶ
2935 1743 3036 1811 τήν
3088 1741 3285 1820 τέφραν
3344 1742 3419 1806 εἶς
3475 1740 3623 1819 ὕδωρ
3683 1744 3781 1822 ἀφ-

378 1854 480 1893 cus
513 1836 706 1891 salsus
735 1839 845 1901 est,
878 1839 934 1890 et
965 1838 1249 1906 quantum
1308 1833 1479 1905 aquis
1526 1834 1679 1889 inest
1710 1832 1989 1888 crassitiei

380 1931 388 1944 ι
485 1930 596 1944 the-
648 1926 806 1944 -19-,_
854 1925 1380 1944 ~_I-_jf__f_-_1-m_-
1420 1924 1560 1944 __I-L
1591 1923 1663 1944 ἐι..
1699 1922 1989 1944 __l.____-1_

2174 1832 2319 1901 pom;
2370 1829 2432 1883 τὸ
2482 1828 2740 1904 ἐπιπαγὲν
2787 1828 2921 1893 ἅλᾶς
2968 1831 3295 1905 εὑρίσκουσι.
3341 1832 3447 1888 Καὶ
3477 1834 3513 1901 ἠ
3565 1826 3785 1908 Σερϐω-

2174 1918 2281 1944 Γ-,μΑ
2321 1916 2372 1944 βλ
2405 1917 2604 1944 \Iruihu
2645 1917 2856 1944 Ῑ.Ἶ..-.-.ί
2890 1919 3017 1944 2--.-
3053 1921 3140 1944 “,A‘,
3197 1921 3316 1944 υμῖν
3371 1920 3430 1944 Ἀ.
3468 1921 3529 1944 1,-
3579 1920 3635 1944 .4,
3676 1942 3776 1944 ___-,

375 1930 606 1981 tantum
641 1926 815 1981 etiam
849 1925 1161 1979 salsedinis
1181 1925 1385 1979 adesse
1416 1923 1673 1991 solet,ita
1699 1922 1986 1978 utcrassis

2172 1918 2282 1989 ίτης
2318 1916 2375 1973 δὲ
2405 1917 2606 1991 λίμνην
2640 1917 2859 1993 ἁλμυρά
2887 1919 3018 1974 ἐστι·
3052 1921 3143 1975 xui
3192 1921 3319 1976 ὅσον
3370 1920 3431 1975 ἂν
3464 1920 3783 1997 ὲπιγείνεται

378 2016 540 2071 simae
572 2030 815 2085 quzeque
846 2013 1188 2069 salsissimee
1220 2014 1358 2068 sint.
1396 2016 1596 2085 Itaque
1628 2020 1679 2067 et
1714 2028 1872 2067 mare
1898 2010 1985 2067 sal

2200 2012 2297 2062 τοῦ
2346 2006 2540 2070 ὕδατος
2588 2008 2862 2083 παχύτης,
2912 2014 3169 2064 τοσοῦτον
3219 2010 3309 2065 xui
3364 2012 3399 2079 ἡ
3445 2011 3787 2083 ἀλμυρότης,

380 2122 512 2159 sum
547 2108 657 2172 est,
683 2108 880 2175 utpote
913 2120 1199 2171 crassum,
1236 2103 1513 2174 quoniam
1546 2102 1657 2174 ipsi
1693 2100 1991 2156 admiscen

2174 2119 2211 2158 ις
2243 2097 2466 2152 εἶναιτὸ
2514 2098 2827 2173 παχύτατον
2878 2098 3279 2172 ἀλμυρότατον.
3333 2098 3435 2156 Καὶ
3468 2102 3502 2169 ἡ
3543 2099 3785 2154 Θάλασσα

382 2198 477 2248 tur
504 2192 802 2264 fuliginosi
837 2196 892 2248 et
923 2191 1279 2248 crassissimi
1312 2207 1578 2263 vapores.

2176 2186 2226 2240 ὗν
2279 2186 2497 2263 ἁλμυρά
2528 2188 2658 2256 ἐστι,
2690 2186 2829 2242 διότι
2873 2194 3100 2264 παχεῖα,
3153 2186 3241 2243 διὰ
3290 2189 3353 2243 τὸ
3402 2190 3787 2266 συμμεμῖχθαι

2138 2276 2276 2350 αὐτῇ
2307 2278 2405 2345 τήν
2434 2274 2692 2347 καπνώδη
2724 2277 3075 2350 ἀναθυμίασιν
3109 2277 3426 2354 παχυτάτην
3457 2276 3640 2335 οὖσαν.

975 2388 1095 2443 139.
1130 2389 1203 2443 De
1231 2390 1437 2458 ﬂuviis.

2654 2382 2789 2458 ρλϐ’.
2826 2383 2955 2460 Περὶ
2986 2388 3270 2459 ποταμῶν.

455 2484 711 2537 Amonte
734 2480 1036 2549 Pannaryo
1056 2477 1112 2532 in
1139 2478 1278 2532 Asia
1298 2481 1569 2532 oriuntur
1591 2476 2031 2544 ﬂuviiBactrus,

2212 2473 2345 2529 Ἀπὸ
2393 2476 2487 2527 τοῦ
2538 2471 2848 2549 Πανναρύου
2896 2471 3242 2547 καλουμένου
3290 2470 3451 2551 ὄρους
3502 2479 3603 2530 τοῦ
3631 2471 3791 2537 ὄντος

386 2572 680 2642 Choaspes
701 2574 757 2623 et
781 2569 1008 2623 Araxes.
1046 2567 1126 2621 Ex
1143 2566 1399 2621 Caucaso
1423 2570 1620 2621 monte
1644 2565 1849 2622 Phasis
1874 2564 1997 2621 mul

2179 2585 2190 2614 ρ
2221 2566 2289 2635 τῇ
2325 2561 2481 2632 Ἀσίᾳ
2512 2561 2689 2638 ρίουσι
2721 2562 2961 2636 ποταμοὶ
2993 2564 3021 2617 6
3064 2563 3303 2639 Βάκτρος
3348 2565 3437 2619 xui
3470 2565 3498 2618 6
3528 2563 3790 2634 Χοάσπης

387 2660 541 2732 tique
572 2664 628 2715 et
661 2659 853 2727 magni
885 2656 1041 2711 ﬂuvii
1073 2655 1191 2711 alii.
1228 2660 1330 2711 Est
1355 2672 1525 2727 porro
1557 2656 1855 2711 Caucasus
1910 2672 1998 2711 om

2177 2652 2230 2706 αἲ
2262 2652 2289 2705 6
2340 2650 2593 2725 Ἀράξης.
2629 2652 2723 2707 Ἐκ
2766 2649 2823 2706 δὲ
2868 2655 2965 2707 τοῦ
3006 2653 3288 2708 Καυκάσου
3340 2649 3498 2730 ὄρους
3530 2654 3557 2708 6
3592 2652 3788 2721 Φάσις,

390 2750 549 2803 nium
584 2746 872 2801 montium
894 2762 1098 2799 versus
1129 2744 1422 2799 Orientem
1483 2744 1746 2799 aestivum
1783 2750 1839 2798 et
1862 2745 2001 2814 jugo

2181 2738 2306 2795 λλοι
2334 2762 2391 2795 τε
2419 2737 2624 2795 πολλοὶ
2659 2739 2838 2816 ῥέουσι
2865 2738 3013 2796 πολὺ
3034 2743 3171 2806 καθὰ
3192 2742 3406 2813 πλῆθος
3437 2743 3527 2797 καὶ
3563 2741 3792 2818 μέγεθος

390 2854 519 2892 rum
552 2835 932 2890 multitudine
964 2838 1017 2888 et
1045 2832 1356 2887 altitudine
1388 2834 1703 2888 maximus.
1755 2833 1837 2887 Ex
1866 2833 2001 2904 Pyre

2179 2824 2604 2904 περϐάλλοντες.
2649 2830 2709 2886 Ὀ
2754 2827 2810 2883 δὲ
2854 2830 3133 2895 Καύκασος
3184 2834 3432 2909 μὲγιστον
3493 2828 3620 2907 ὅρος
3677 2835 3786 2886 τῶν

391 2940 536 2989 naao,
568 2921 680 2992 (H)
711 2927 799 2975 est
832 2921 879 2975 is
932 2937 1101 2975 mons
1136 2920 1191 2974 in
1224 2919 1439 2975 Celtica
1490 2921 1725 2991 regione
1774 2921 1844 2975 ad
1880 2920 1997 2974 oeci

2186 2919 2277 2993 ρὸς
2305 2920 2403 2989 τὴν
2452 2921 2566 2973 Ἕω
2610 2919 2707 2987 τὴν
2755 2921 2972 2992 θερινὴν
3004 2921 3091 2975 καὶ
3128 2919 3330 2992 πλήθει
3379 2921 3469 2976 καὶ
3517 2918 3661 2995 ὕψει.
3694 2922 3792 2977 Ἐκ

390 3016 626 3069 dentem
657 3011 1149 3082 aequinoctialem)
1186 3013 1447 3066 nascitur
1478 3014 1638 3078 Ister,
1674 3014 1773 3083 qui
1806 3028 1906 3082 per
1948 3016 2001 3066 to

2179 3009 2200 3062 ὲ
2256 3015 2352 3077 τῆς
2415 3008 2649 3083 [Ιυρίνης
2705 3010 2884 3082 (τοῦτο
2938 3007 2994 3064 δὲ
3051 3008 3190 3073 ἐστιν
3240 3006 3367 3086 ὅρρς
3410 3011 3544 3084 πρὸς
3580 3010 3790 3082 ουσμὴν

389 3108 509 3158 tam
542 3103 829 3172 Europam
866 3101 1101 3171 proﬂuit
1131 3101 1189 3154 in
1221 3100 1511 3155 Euxinum
1534 3107 1792 3171 pontum.
1822 3102 1878 3154 ln
1906 3101 1996 3170 ips

2183 3098 2238 3165 ἢν
2273 3096 2621 3173 ἰσημερινήν,
2652 3096 2705 3151 ἐν
2754 3102 2823 3172 τῇ
2875 3097 3141 3173 Κελτικῇ)
3175 3099 3384 3177 ῥέουσιν
3419 3099 3447 3154 ὅ
3478 3120 3537 3154 τε
3578 3101 3794 3175 Ἴστρος

389 3192 787 3262 septentrione
818 3188 973 3243 ultra
990 3193 1308 3243 extremam
1336 3190 1628 3261 Scythiam
1648 3193 1876 3243 montes
1895 3206 2000 3244 sun

2180 3187 2213 3240 ι’
2271 3185 2407 3257 ὅλης
2466 3186 2559 3256 νῆς
2610 3187 2883 3263 Εὐρώπης
2943 3188 3019 3249 εἷς
3075 3190 3165 3243 τὸν
3224 3186 3469 3259 Εὔξεινον
3532 3187 3734 3243 Πόντον
3772 3230 3787 3245 .

388 3260 877 3352 Ripbmi,maximi
918 3278 1329 3348 altissimique.
1354 3260 1627 3332 InCAfrica
1658 3295 1726 3332 ex
1757 3278 1999 3349 Aithiopi

2184 3276 2259 3329 ῗπ’
2289 3275 2454 3345 αὖτὴν
2490 3273 2547 3330 δὲ
2575 3276 2673 3343 τὴν
2726 3277 2918 3352 ἄρκτον
2972 3277 3105 3351 ὐπὲρ
3152 3280 3251 3341 τῆς
3283 3276 3522 3353 ἐσχάτης
3562 3274 3795 3340 Σκυθίας

388 3368 472 3423 cis
504 3367 797 3421 montibus
831 3367 1101 3421 oriuntur
1133 3366 1291 3420 fluvii
1325 3366 1734 3437 EgomNeosis
1768 3371 1824 3420 et
1853 3365 1998 3420 Chre

2183 3366 2198 3418 ί
2240 3365 2573 3437 καλούμεναι
2622 3365 2831 3420 Ῥίπται
2881 3365 3035 3420 εἰσίν·
3083 3366 3137 3420 ui
3192 3363 3250 3420 δὲ
3296 3367 3505 3421 Ῥίπται
3560 3368 3794 3441 ὑπερμε-

391 3461 593 3512 metes.
628 3454 793 3510 Nilus
824 3472 890 3511 ex
922 3460 1117 3510 monte
1148 3462 1391 3527 Argyro,
1423 3455 1659 3509 Acheloi
1713 3454 1969 3527 origines

2182 3455 2274 3523 ἐΟη
2334 3453 2423 3508 καὶ
2464 3451 2806 3527 ὑψηλότατα.
2868 3456 2994 3529 Περὶ
3056 3452 3114 3509 δὲ
3168 3456 3267 3524 τὴν
3331 3451 3538 3525 Λιϐύην
3589 3455 3649 3510 ὲκ
3682 3458 3789 3508 τῶν

390 3546 593 3612 Pindo,
627 3544 951 3615 Strymonis
1003 3548 1059 3598 et
1108 3544 1279 3599 Hebri
1338 3561 1370 3599 a
1415 3544 1694 3599 Scombro
1742 3547 1900 3611 sunt,
1933 3560 2001 3615 qu

2185 3543 2477 3597 ,ίθιοπικῶν
2533 3543 2696 3619 ὀρῶν,
2731 3545 2757 3598 6
2789 3542 2993 3618 Αῗγὼν,
3041 3546 3129 3599 καὶ
3178 3546 3206 3600 6
3240 3546 3445 3614 Νήοσις
3484 3543 3573 3599 xui
3607 3545 3633 3597 6
3661 3545 3796 3619 Χρε-

393 3639 619 3690 montes
650 3637 787 3690 sunt
818 3634 876 3689 in
911 3633 1147 3689 Graecia.

2193 3633 2334 3702 ἑτης.
2367 3635 2470 3686 Τοῦ
2502 3630 2558 3686 δὲ
2597 3631 2793 3688 Νείλου
2838 3634 2901 3688 τὸ
2952 3632 3126 3710 ῥεῦμα
3155 3632 3213 3688 ἐκ
3250 3638 3353 3689 τοῦ
3399 3635 3669 3709 Ἀργυροῦ
3699 3633 3804 3687 κά-

388 3745 553 3779 τιισιν
588 3719 770 3799 ὅρους.
806 3722 903 3776 Καὶ
938 3724 965 3777 6
1001 3724 1094 3795 μὲν
1120 3721 1403 3801 Ἀχελῷος
1434 3723 1493 3777 ἐκ
1520 3720 1735 3778 Πίνδού.
1768 3723 1794 3777 ὁ
1836 3720 1892 3777 δὲ
1924 3723 2187 3798 Στρυμὼν
2221 3724 2310 3777 καὶ
2344 3723 2371 3777 ὁ
2401 3717 2603 3797 Ἕϐρος
2637 3722 2696 3777 ἐκ
2725 3728 2824 3778 τοῦ
2858 3719 3173 3799 Σκόμϐρου.
3207 3725 3348 3801 Ὀρη
3384 3721 3440 3779 δὲ
3468 3728 3635 3779 ταῦτα
3676 3721 3809 3799 περὶ

386 3813 476 3867 τὸν
510 3812 836 3884 Ἑλληνικὸν
866 3813 1057 3883 τόπον,

837 3923 959 3976 140.
986 3927 1065 3978 De
1095 3924 1424 3979 incremento
1456 3923 1586 3978 Nili.
2417 3940 2445 3995 ρ

2417 3925 2525 3995 ρμ¹.
2559 3920 2686 3996 Περὶ
2720 3926 2821 3990 τῆς
2849 3924 2946 3976 τοῦ
2976 3920 3177 3977 Νείλου
3210 3916 3540 3983 ἀναϐάσεως.

457 4010 625 4066 Nilus
655 4009 942 4083 originem
975 4012 1151 4068 habet
1181 4029 1248 4068 ex
1270 4013 1521 4069 summis
1547 4012 1845 4084 {Ethiopim
1869 4016 1924 4068 et
1946 4011 2037 4067 ul-

2219 4011 2279 4065 Ὁ
2332 4007 2529 4071 Νεῖλος
2584 4010 2680 4072 τὰς
2743 4011 2839 4083 μὶν
2894 4010 3067 4086 ἀρχὰς
3127 4017 3226 4081 τῆς
3284 4009 3511 4086 ῥύσεως,
3574 4009 3633 4064 ἑκ
3688 4012 3799 4063 τῶν

387 4100 552 4155 timis
583 4101 790 4155 Africae
825 4100 1109 4171 partibus,
1142 4102 1239 4157 ubi
1263 4102 1439 4157 clima
1468 4102 1757 4158 Orientale
1799 4101 1998 4157 desini‘

2193 4118 2329 4174 xpwv
2364 4099 2456 4170 μὶν
2511 4101 2610 4164 τῆς
2664 4097 2979 4167 Δί’θιοπίας,
3041 4098 3288 4176 ἐσχάτων
3339 4097 3397 4155 δὲ
3443 4101 3541 4169 τῆς
3591 4093 3804 4170 Λιϐύης

388 4188 709 4259 incipitque
746 4189 1037 4245 meridies.
1074 4189 1427 4246 Intumescit
1463 4190 1628 4247 Nilus
1660 4191 1855 4247 aestivo
1887 4195 1999 4246 tem

2196 4182 2440 4260 πιμϐάνει,
2472 4187 2605 4251 καθὸ
2642 4189 2803 4263 μέρος
2829 4188 2893 4244 τὸ
2923 4186 3100 4262 κλίμα
3136 4189 3198 4243 τὸ
3229 4187 3549 4245 ἀνατολικὸν
3583 4187 3807 4256 ἀπολῆ-

392 4294 549 4348 pore,
586 4294 701 4333 non
735 4281 799 4331 ut
837 4277 1192 4349 quibusdam
1249 4295 1595 4349 persuasum
1636 4285 1727 4335 est
1776 4280 1929 4351 quod
1964 4278 2003 4333 a'

2198 4297 2239 4331 ιν
2302 4277 2480 4351 ἀρχὴν
2524 4275 2593 4350 τῇ
2653 4271 2969 4351 μεσημϐρίᾳ
3020 4274 3262 4333 δίδωσιν.
3313 4274 3538 4347 Αὕξιται
3582 4274 3639 4332 δὶ
3667 4277 3809 4331 κατὰ

388 4366 598 4420 Etesiis
630 4370 833 4421 contra
863 4367 1231 4437 spirantibus
1263 4384 1425 4437 aquas
1455 4368 1616 4424 illius
1648 4367 1999 4441 repellantui

2192 4365 2247 4432 ἦν
2281 4365 2495 4441 θερινὴν
2530 4365 2695 4437 ὥραν,
2731 4364 2857 4440 οὐχ,
2894 4365 2969 4427 ὥς
3016 4386 3159 4428 τινες
3211 4366 3495 4438 ᾠήθησαν,
3525 4366 3661 4440 πρὸς
3690 4368 3803 4420 τῶν

388 4469 523 4508 cum
559 4453 616 4509 bi
648 4453 762 4526 ipsi
790 4455 949 4510 venti
984 4454 1181 4525 potius
1211 4456 1366 4511 circa
1396 4457 1682 4527 tr0picum
1710 4456 1975 4511 aestivum

2195 4451 2377 4523 τησίων
2437 4453 2649 4525 ἀνέμων
2712 4450 2930 4528 ἅντικρυ
2991 4454 3257 4509 πνεόντων
3316 4452 3754 4526 ἀνακοπτόμενος
3790 4496 3806 4523 ,

388 4542 829 4612 septentrionali
864 4550 1025 4616 parte
1054 4545 1361 4600 meridiem
1392 4562 1593 4601 versus
1620 4562 1826 4601 omnes
1851 4545 1999 4600 nube

2199 4540 2274 4596 Κλ’
2307 4542 2485 4597 αὐτῶν
2520 4539 2579 4596 δὶ
2621 4543 2828 4597 τούτων
2877 4547 2986 4597 τῶν
3032 4543 3245 4616 ἀνέμων
3295 4543 3431 4598 κατᾶ
3468 4544 3677 4617 τροπὴν
3704 4542 3810 4610 τήν

389 4632 738 4688 contrahant
768 4638 825 4688 et
858 4633 1394 4705 propellant,donec
1425 4636 1481 4690 in
1513 4638 1667 4691 Zona
1699 4634 1915 4690 torrida
1936 4651 2000 4689 cu

2193 4631 2364 4706 ερινήν
2418 4630 2524 4685 ἀπὸ
2562 4636 2671 4686 τῶν
2720 4630 2980 4706 ἀρκτῴωθ
3034 4630 3121 4686 ἐπὶ
3168 4633 3267 4701 τήν
3319 4626 3662 4705 μεσημϐρίαν
3695 4632 3804 4685 πᾶν

393 4720 624 4777 mulatae
654 4738 786 4777 cum
821 4722 1070 4778 ulterius
1102 4723 1371 4795 progredi
1396 4724 1757 4793 inhibentur,
1786 4722 2003 4793 copiosi

2201 4742 2299 4799 ιρος
2350 4717 2689 4775 ἐλαυνόντων
2732 4722 2818 4775 xui
2870 4719 3180 4788 ὠθούντων,
3222 4717 3323 4783 ἕως
3358 4719 3442 4775 ἐπὶ
3476 4722 3576 4789 τήν
3610 4741 3811 4775 κεκαυ-

394 4810 602 4883 pluviis
632 4812 1080 4883 erumpentibus
1112 4794 1276 4868 Nilus
1330 4816 1522 4885 turget
1570 4814 2005 4884 concitaturque

2199 4794 2321 4880 ἔνην
2369 4808 2541 4879 ζώνην
2595 4808 2914 4879 συναύξωσι,
2962 4811 3083 4873 καθ’
3130 4812 3189 4879 ἣν
3237 4816 3341 4878 τῆς
3390 4808 3580 4884 πρόσω
3633 4814 3810 4884 φορᾶς

396 4917 499 4956 nec
530 4901 690 4956 alveo
721 4918 826 4956 suo
860 4902 1145 4956 contineri
1179 4920 1241 4957 se
1274 4903 1512 4973 patitur.
1566 4908 1721 4958 Tunc
1772 4902 2007 4957 dulcissi

2199 4900 2561 4967 quomoth,
2610 4899 2699 4953 xui
2752 4898 2874 4953 τότε
2930 4894 3149 4974 λάϐρων
3208 4899 3373 4953 ὑετῶν
3424 4898 3810 4975 ῥηγνυμένων,

396 5005 500 5043 mae
535 4990 600 5043 ad
637 4996 835 5060 potum
872 4994 1011 5044 sunt
1062 4990 1173 5044 Nili
1225 5006 1410 5061 aquae,
1454 4995 1654 5060 utpote
1704 4989 2006 5044 cmlestibu

2199 4994 2377 5062 >γᾶται
2440 4987 2466 5041 ὑ
2525 4986 2725 5050 Νεῖλος
2783 4987 2872 5042 xui
2929 4988 3179 5061 ποταμὸς
3214 4989 3346 5043 εἶναι
3397 4989 3499 5043 οὐκ
3530 4989 3810 5063 ἀνέχεται.

394 5078 563 5147 aquis
586 5084 766 5133 aucta
799 5084 855 5133 et
884 5079 1136 5133 maxime
1166 5079 1473 5147 salubres;
1510 5078 1913 5149 non'amplius
1946 5094 2005 5133 ca

2198 5078 2245 5131 ιὸ
2294 5081 2435 5131 πιεῖν
2481 5078 2539 5131 τὲ
2589 5076 2699 5131 ἔστι
2746 5076 3108 5152 γλυκύτατος,
3165 5078 3255 5132 ἅτε
3288 5076 3339 5148 ἐξ
3388 5074 3615 5153 ὄμϐρων
3646 5077 3809 5153 ούρα-

394 5166 521 5219 Ιίόιε
554 5167 792 5237 quidem
826 5168 909 5222 uti
941 5167 1128 5238 initio,
1164 5168 1267 5223 sed
1299 5172 1492 5223 tamen
1518 5168 1707 5224 adhuc
1740 5173 1805 5222 ut
1834 5167 1907 5222 ab
1940 5166 2005 5223 ta?

2207 5188 2276 5220 ων
2331 5166 2772 5241 χορηγούμενος,
2817 5167 2909 5221 xui
2967 5168 3137 5242 θιγεῖν
3197 5167 3657 5243 προσηνέστατος,
3708 5166 3818 5222 οὐκ

396 5254 585 5323 initio,
620 5256 849 5327 tepidae.

2215 5277 2227 5309 ι
2288 5260 2381 5329 μὲν
2442 5256 2640 5330 Θερμὸς
2694 5257 2769 5321 ὡς
2817 5252 2936 5312 ὅθεν
2988 5253 3211 5333 ἤρξατο,
3247 5252 3325 5311 ἔτι
3376 5254 3433 5311 δὶ
3464 5254 3701 5332 χλιαρὸς
3731 5256 3817 5321 ὡς

2153 5345 2354 5409 ἐκεῖθεν
2382 5344 2700 5421 ἀρξάμενος.

1968 5499 2209 5562 ΝΟΤίΕο

401 5619 917 5749 ἀθὲἒᾎᾼὺηοὺοω
951 5622 1198 5682 dixisset
1227 5641 1358 5683 cum
1392 5625 1617 5698 Tacito,
1651 5625 1884 5697 Avieno,
1938 5623 2127 5683 Plinio
2177 5628 2234 5681 et
2282 5624 2435 5683 aliis.
2481 5625 2588 5681 Sed
2639 5625 2871 5684 videtur
2910 5626 3001 5684 hic
3048 5626 3109 5683 in
3138 5628 3335 5685 Graeco
3384 5624 3608 5700 aliquid
3658 5625 3825 5684 desi-
