4080 6350
253 383 378 447 ’173

1439 380 1542 442 DE
1586 378 2023 452 OMNIFARIA
2066 377 2488 442 DOCTRINA.

3556 389 3679 449 774

258 515 410 590 ρμα’.
465 509 565 568 Διὰ
593 510 650 569 τί
707 509 873 587 μόνος
922 513 1193 590 ⁸ποταμῶν
1254 511 1283 570 δ
1330 510 1528 574 Νεῖλος
1588 509 1755 589 αὔρας
1812 509 1912 567 οὑκ

2062 511 2182 566 141.
2218 497 2403 580 Quare
2430 512 2578 569 solus
2605 528 2638 569 e
2663 514 2850 585 ﬂuviis
2878 515 3038 572 Nilus
3064 532 3232 574 auras
3258 533 3369 575 non
3399 521 3633 578 emittat.

911 582 1257 640 ἀναδίδωσιν.

334 690 517 757 Μόνος
571 695 835 766 ποταμῶν
894 692 922 747 ὁ
978 690 1184 753 Νεῖλος
1240 688 1406 768 αὔρας
1460 689 1559 746 οὑκ
1595 688 1910 759 ἀναδίδωσι,

257 780 407 838 διότι
438 785 545 837 τῶν
599 785 771 857 νεφῶν
826 781 930 836 ἀπὸ
978 787 1080 851 τῆς
1130 779 1423 845 Αἴθιοπίας
1473 781 1619 855 παρᾶ
1646 784 1755 835 τῶν
1788 779 1914 852 ἐτη-

254 871 394 928 σίων
450 870 662 944 ἀνέμων
722 868 852 947 ἄχρι
918 864 1263 946 μεσημϐρίαν
1326 868 1724 945 ἐλαυνομένων,
1755 871 1791 939 ἠ
1824 868 1916 943 έμ-

255 960 636 1037 περιεχομένη
677 959 873 1015 τούτου
922 958 1087 1032 ἀτμὶς
1137 959 1241 1014 ὑπὸ
1288 964 1389 1014 τοῦ
1436 958 1571 1014 κατᾶ
1604 959 1696 1014 τὸν
1746 959 1912 1013 τόπον

253 1047 575 1124 πυρώδους,
662 1050 839 1104 ἅπασα
914 1048 1297 1123 έξικμάζεται,
1381 1048 1665 1103 κάντεῦθεν
1761 1047 1916 1102 ὑετοῦ

256 1136 483 1194 πολλοῦ
538 1136 986 1217 καταφερομένου
1045 1138 1073 1192 ὁ
1126 1135 1328 1200 Νεῖλος
1375 1144 1476 1207 τῆς
1505 1137 1711 1199 οῗκείας
1742 1130 1917 1212 ὄχθης

258 1226 675 1301 ἐξανιστάμενος
757 1231 990 1303 γεωργεῖ
1066 1226 1160 1289 τὰς
1238 1225 1492 1303 ἀρούρας,
1548 1226 1639 1281 καὶ
1695 1225 1920 1289 εἰκότως

258 1315 432 1391 αὔρας
488 1316 589 1373 οὐκ
645 1313 982 1386 ἀναδίδοται,
1009 1322 1110 1386 τῆς
1140 1313 1369 1390 ἀτμίδος
1398 1316 1573 1387 πάσης
1604 1314 1917 1386 έκτακείσης

258 1403 355 1461 διὰ
415 1404 750 1483 θερμότητα.
813 1403 955 1463 Οὑδὶ
1008 1406 1076 1474 ἦν
1133 1406 1161 1459 ὁ
1209 1404 1407 1467 Νεῖλος
1465 1404 1758 1480 αὐξόμενος
1812 1403 1918 1459 ἀπὸ

257 1494 455 1572 χιόνος
512 1493 848 1568 τηκομένης,
910 1494 985 1558 ὥς
1010 1514 1152 1557 τινες
1177 1499 1285 1549 τῶν
1315 1498 1553 1573 φυσικῶν
1600 1494 1917 1573 φιλοσόφων

256 1584 544 1657 ᾠήθησαν.
575 1584 733 1641 ’Όθεν
764 1580 882 1638 οὐδ’
933 1577 1044 1638 ἔστι
1105 1582 1253 1638 αἰτία
1307 1582 1647 1658 ἀληθεστέρα
1674 1589 1773 1653 τῆς
1821 1586 1919 1637 τοῦ

254 1677 517 1747 ποταμοῦ
570 1667 915 1741 ἀναϐάσεως,
973 1671 1064 1727 καὶ
1119 1676 1217 1728 τοῦ
1278 1674 1353 1746 μὴ
1413 1671 1581 1747 αὔρας
1637 1670 1687 1744 ἐξ
1751 1670 1919 1726 αὑτοῦ

258 1758 632 1826 ἀναδίδοσθαι.

547 1850 695 1928 ρμβ’.
730 1851 858 1924 Περὶ
889 1853 997 1905 τῶν
1030 1849 1299 1925 μεγίστων
1336 1850 1649 1927 βασιλειῶν.

339 1940 545 2015 Πρώτη
610 1944 718 1994 τῶν
770 1937 1223 2014 διωνομασμένων
1262 1938 1554 2016 βασιλειῶν
1587 1941 1623 2009 ὴ
1655 1942 1762 1994 τῶν
1795 1940 1922 1995 Ἀσ-

265 2028 498 2106 συρίων,
551 2030 668 2102 μεθ’
723 2030 785 2099 ἣν
843 2030 879 2099 ἠ
939 2026 1183 2100 Μηδικὴ,
1238 2028 1446 2100 ἐκείνην
1504 2050 1563 2085 τε
1614 2026 1923 2084 καθελοῦσα

262 2120 359 2174 καὶ
423 2119 645 2192 μείζονα
702 2116 1013 2174 δυναστείαν
1070 2113 1561 2196 περιϐαλλομένη.
1612 2120 1811 2195 Πέρσαι
1865 2114 1923 2173 δὲ

265 2206 502 2279 Μήδους
553 2209 1106 2283 καταγωνισάμενοι,
1162 2214 1263 2278 τῆς
1327 2208 1420 2281 μὲν
1484 2207 1666 2270 Ἀσίας
1727 2206 1921 2283 ὀλίγου

258 2295 376 2353 δεῖν
434 2298 616 2368 πάσης
662 2297 1021 2362 τελευτῶντες
1072 2297 1369 2373 ἐκράτησαν
1406 2314 1420 2330 ⁶
1473 2297 1920 2373 ἐπιχειρήσαντες

266 2384 325 2442 δὶ
354 2386 446 2442 καὶ
475 2391 591 2450 τοῖς
622 2386 969 2462 Εὐρωπαίοις
999 2382 1200 2442 ἔθνεσιν
1244 2385 1305 2441 οὐ
1334 2383 1523 2442 πολλὰ
1553 2387 1917 2464 ὑπηγάγοντο.

259 2476 467 2553 Χρόνῳ
498 2473 557 2531 δὲ
610 2474 672 2530 οὑ
731 2473 933 2549 πολλῷ
972 2474 1190 2531 πλείονι
1222 2473 1510 2531 διακοσίων
1536 2474 1670 2531 ἐτῶν
1702 2474 1918 2550 ἔμειναν

261 2565 355 2621 ἰπὶ
413 2572 516 2636 τῆς
575 2566 800 2640 ἀρχῆς.
856 2566 920 2622 Ἠ
979 2562 1037 2620 δὲ
1096 2562 1423 2639 μακεδονικὴ
1484 2561 1764 2621 δυναστεία
1817 2563 1918 2635 τῆν

256 2659 482 2730 Περσῶν
544 2655 725 2731 ἀρχὴν
779 2651 1086 2710 καθελοῦσα
1148 2651 1280 2730 ἄχρι
1337 2652 1585 2730 δευτέρας
1640 2654 1677 2725 ἢ
1728 2654 1918 2730 τρίτης

258 2744 461 2823 ἴσχυσε
516 2743 805 2821 προελθεῖν
863 2749 1082 2822 γενεᾶς.
1163 2746 1226 2801 Ἡ
1299 2741 1357 2799 δέ
1411 2744 1697 2818 Ῥωμαίων
1754 2743 1922 2809 πόλις

254 2835 476 2908 ἀπάσης
531 2835 626 2909 μὶν
678 2837 843 2912 ἀρχεῖ
896 2841 1040 2911 γῆς,
1100 2833 1200 2905 ὅση
1264 2836 1340 2910 μὴ
1396 2831 1698 2910 ἀνέμϐατός
1753 2835 1918 2909 ἐστιν,

256 2924 391 2981 ἀλλ’
448 2925 555 2981 ὑπὸ
610 2924 913 2999 ἀνθρώπων
972 2924 1223 2982 οἰκεῖται.
1285 2924 1468 2997 Πάσης
1527 2922 1585 2980 δὲ
1613 2931 1801 3003 κρατεῖ
1826 2928 1919 2981 θα-

257 3014 495 3088 λάττης,
533 3014 623 3071 καὶ
655 3015 829 3085 αὐτῆς
857 3021 959 3085 ἧς
991 3012 1360 3089 ὠκεανίτιδος,
1406 3016 1495 3071 καὶ
1527 3017 1625 3089 δση
1665 3014 1921 3073 πλεῖσθαι

254 3102 549 3174 ἀδύνατος,

803 3194 952 3269 ρμγ¹.
994 3194 1128 3271 Περὶ
1168 3198 1383 3271 χυμῶν.

1950 1885 1999 1952 Β

2091 687 2264 745 Solus
2289 703 2319 744 θ
2350 689 2544 745 ﬂuviis
2574 689 2742 747 Nilus
2773 709 2947 749 auras
2979 710 3095 750 non
3128 695 3365 767 emittit,
3391 699 3670 773 quoniam

2022 777 2083 833 in
2116 776 2374 835 nubibus
2400 779 2474 835 ab
2504 779 2793 853 Ethiopia
2842 799 3031 855 usque
3079 800 3183 856 per
3227 788 3438 844 etesias
3491 790 3674 845 meri-

2024 866 2181 922 diem
2212 883 2417 923 versus
2447 868 2750 941 propulsis
2788 888 3036 944 vapores
3066 890 3270 932 omnes
3299 893 3332 933 a
3381 878 3675 936 caloribus

2023 954 2184 1011 illius
2214 955 2323 1010 loci
2354 956 2813 1026 abusumuntur,
2836 965 3010 1032 atque
3039 963 3246 1019 exinde
3276 964 3490 1036 pluviis
3521 967 3673 1023 mu]-

2024 1043 2102 1099 tis
2148 1044 2496 1101 cadentibus
2552 1046 2720 1103 Nilus
2777 1049 2935 1121 ripas
2993 1066 3132 1107 suas
3179 1069 3451 1126 egressus
3501 1073 3673 1129 agros

2026 1132 2321 1203 fecundat,
2353 1150 2459 1190 nec
2488 1134 2706 1191 mirum
2739 1144 2829 1193 est
2856 1140 3007 1210 quod
3056 1157 3228 1197 auras
3275 1143 3491 1200 emittit
3538 1146 3675 1201 nul-

2025 1220 2133 1291 las,
2166 1223 2482 1295 vaporibus
2515 1224 2791 1282 omnibus
2823 1243 2852 1282 a
2887 1227 3078 1284 calore
3106 1230 3231 1301 jam
3282 1236 3670 1307 consumptis.

2025 1310 2224 1382 Neque
2255 1328 2411 1382 vero,
2446 1314 2599 1384 quod
2637 1313 3004 1387 philosophis
3035 1319 3394 1389 quibusdam
3431 1339 3676 1395 persua-

2028 1416 2161 1456 sum
2193 1406 2302 1472 est,
2348 1418 2382 1456 ει
2431 1401 2665 1457 nivibus
2714 1402 3046 1476 liquefactis
3092 1414 3341 1480 augetur
3384 1416 3442 1467 et
3488 1420 3672 1470 incre-

2029 1493 2295 1545 mentum
2326 1490 2485 1561 capit
2510 1491 2696 1561 Nilus,
2728 1493 2939 1565 {neque
2986 1495 3173 1551 verior
3217 1496 3320 1554 illa
3365 1515 3543 1555 causa
3587 1506 3677 1557 est

2029 1595 2304 1635 aurarum
2337 1579 2632 1636 nullarum
2667 1597 2699 1636 a
2729 1581 2858 1638 Nilo
2891 1584 3077 1639 emitti
3113 1585 3439 1660 solitarum,
3472 1590 3672 1661 :quam

2026 1667 2396 1725 incrementi.

3608 1854 3667 1864 ,α’

2477 1852 2595 1907 142.
2628 1852 2702 1909 De
2730 1854 2913 1925 regnis
2942 1856 3227 1914 maximis.

2105 1938 2363 1995 Primum
2421 1940 2732 1998 celebrium
2795 1960 3108 2016 regnorum
3180 1947 3290 2004 fuit
3345 1951 3673 2025 Assyrium,

2033 2029 2169 2084 inde
2192 2029 2476 2085 Medicum
2511 2032 2665 2102 quod
2698 2032 2970 2103 superius
2994 2033 3141 2090 illud
3167 2038 3455 2103 evertit,et
3485 2041 3677 2113 majus

2031 2117 2344 2189 imperium
2378 2119 2491 2173 sibi
2524 2122 2899 2191 comparavii.
2936 2122 3119 2179 Persae
3151 2125 3286 2181 inde
3326 2127 3525 2185 Medos
3574 2131 3678 2185 de-

2031 2207 2428 2279 bellarunt,et
2485 2209 2625 2266 Asia
2675 2214 3103 2285 prapemodum
3162 2219 3283 2270 tota
3333 2217 3674 2291 subjugata,

2031 2297 2221 2353 conati
2254 2301 2393 2353 sunt
2423 2298 2735 2372 Europaeos
2766 2300 2941 2357 etiam
2994 2303 3261 2360 nationes
3312 2321 3676 2380 oppugnare,

2030 2402 2247 2459 paucas
2276 2391 2470 2443 tamen
2505 2388 2888 2461 subegerunt,
2921 2391 3434 2466 principatumque
3472 2400 3680 2453 tenue-

2028 2481 2165 2531 runt
2196 2493 2308 2531 non
2341 2475 2527 2532 multo
2560 2479 2780 2549 majore
2830 2496 3007 2552 quam
3057 2482 3443 2539 ducentorum
3493 2502 3676 2542 anno-

2029 2581 2161 2620 rum
2196 2565 2408 2636 spatio.
2442 2566 2826 2622 Macedonum
2861 2568 3174 2640 imperium
3208 2571 3412 2628 Persas
3460 2575 3679 2645 prioci-

2029 2658 2166 2728 patu
2201 2655 2432 2726 dejecit,
2466 2658 2521 2710 et
2552 2656 2621 2712 ad
2656 2657 2976 2712 secrndam
3004 2659 3091 2714 vel
3123 2662 3358 2717 tertiam
3399 2661 3493 2719 vix
3540 2681 3678 2736 pro-

2027 2744 2269 2799 ductum
2298 2748 2388 2800 est
2417 2745 2873 2817 generationem.
2906 2746 3057 2803 Urbs
3090 2748 3274 2805 Roma
3301 2751 3457 2806 omni
3492 2756 3677 2821 terrae,

2029 2849 2147 2904 qua
2180 2850 2291 2889 non
2324 2834 2593 2890 inacessa
2623 2839 2732 2903 est,
2765 2840 2823 2891 et
2870 2836 2942 2891 ab
2991 2836 3333 2895 hominibus
3380 2839 3678 2913 incolitur,

2030 2922 2304 2995 imperat,
2338 2927 2393 2979 et
2422 2924 2528 2979 toti
2561 2923 2709 2980 mari
2742 2928 2916 2997 atque
2946 2942 3186 2997 oceano,
3220 2927 3391 2984 etiam
3428 2945 3545 3001 qua
3575 2947 3678 2987 na-

2027 3010 2303 3084 vigabilis
2327 3029 2457 3070 esse
2484 3013 2717 3069 desinit.

2567 3193 2690 3249 143.
2723 3194 2798 3249 De
2828 3195 3145 3266 saporibus.

284 3280 421 3341 ’Ἐν
479 3288 562 3358 τῷ
615 3283 761 3361 γένει
803 3260 993 3341 ¹όντων
1050 3260 1412 3360 τῶνπλευμῶν
1465 3280 1555 3340 ἕνα
1604 3284 1769 3360 μόνον
1832 3288 1922 3343 τὸν

2111 3284 2191 3339 Ex
2227 3300 2503 3357 saporum
2537 3283 2715 3339 variis
2745 3284 3060 3356 generibus
3106 3284 3297 3341 solum
3349 3286 3573 3344 salsum
3620 3288 3681 3345 in

255 3372 511 3449 ἁλμυρὸν
561 3370 648 3427 ἐπ’
689 3371 906 3435 οὐδενὸς
954 3377 1167 3449 καρποῦ
1217 3375 1431 3450 ὁρῶμεν
1464 3375 1774 3451 γινόμενον·
1825 3376 1920 3433 τὸν

260 3462 359 3536 μὲν
434 3461 542 3537 γὰρ
614 3462 807 3539 πικρὸν
882 3462 1064 3538 χυμὸν
1127 3465 1162 3533 ἡ
1237 3460 1398 3518 ἐλαία
1452 3462 1623 3542 φέρει,
1683 3465 1773 3521 καὶ
1829 3466 1921 3521 τὸν

254 3551 524 3630 στρυφνὸν
575 3551 630 3606 αἱ
688 3546 1134 3631 φοινικοϐάλανοι
1165 3598 1181 3625 ,
1242 3551 1332 3607 καὶ
1393 3552 1487 3608 τὸν
1542 3553 1807 3631 αὐστηρὸν
1867 3556 1923 3610 αῖ

261 3639 415 3717 ῥοαὶ,
471 3639 562 3695 καὶ
617 3641 709 3695 τὸν
763 3640 965 3718 γλυκὺν
1019 3641 1083 3697 τὸ
1112 3640 1261 3714 μέλι,
1293 3642 1382 3698 καὶ
1411 3642 1504 3698 τὸν
1532 3640 1654 3714 ὀξὺν
1675 3648 1782 3699 τῶν
1815 3645 1922 3717 μή·

262 3727 384 3784 λωδ
440 3728 597 3799 ἔνια,
647 3731 739 3785 καὶ
794 3731 888 3786 τὸν
945 3728 1141 3807 δριμὺν
1191 3729 1378 3787 πολλά
1430 3736 1535 3787 τῶν
1596 3734 1922 3809 σπερμάτων

261 3820 357 3874 καὶ
403 3823 516 3873 τῶν
567 3817 755 3894 ῥιζῶν·
816 3820 846 3873 ὁ
904 3816 961 3874 δὲ
993 3818 1238 3893 ἁλμυρὸς
1268 3820 1448 3896 χυμὸς
1477 3820 1567 3875 ἀπ’
1596 3819 1815 3887 οὑδενός
1841 3823 1926 3898 γί-

261 3927 437 3965 νεται.
504 3907 653 3962 Διότι
711 3910 746 3978 ἡ
803 3907 1044 3973 θάλασσα
1111 3905 1448 3983 διηθουμένη
1504 3908 1595 3964 διὰ
1646 3916 1815 3986 φυτοῦ
1859 3911 1923 3968 τὸ

259 3994 520 4072 ἀλμυρὸν
578 3991 908 4053 ἀποϐάλλει·
967 3994 1167 4075 γεῶδες
1190 3998 1291 4074 γὰρ
1321 3998 1412 4053 καὶ
1444 4001 1759 4077 παχυμερὲς
1788 4000 1924 4073 ἐστι,

259 4085 354 4140 καὶ
382 4083 436 4139 έν
472 4084 679 4159 ἑκάστῳ
705 4089 815 4141 τῶν
846 4091 1026 4157 φυτῶν
1054 4087 1117 4142 τὸ
1148 4084 1395 4164 ἁλμυρὸν
1425 4086 1574 4167 ὕδωρ
1604 4091 1693 4145 καὶ
1724 4090 1924 4155 θαλάτ-

258 4193 382 4229 τιον
433 4172 859 4249 ἀλλοιούμενον,
904 4177 1008 4246 τήν
1066 4177 1160 4250 μὲν
1203 4175 1560 4254 ἀλμυρότητα
1589 4179 1922 4251 ἀποτίθεται,

258 4262 448 4340 ἑτέραν
543 4260 601 4318 δὶ
694 4259 1102 4338 μεταλαμϐάνει
1196 4266 1484 4339 ποιότητα.
1586 4274 1718 4325 "Ars
1818 4271 1923 4348 γὰρ

261 4354 585 4429 παχύτατον
616 4354 675 4409 ὃν
700 4354 764 4410 τὸ
797 4352 1041 4431 ἁλμυρὸν
1075 4356 1140 4411 οὗ
1186 4353 1405 4412 δύναται
1445 4357 1551 4415 ἀπὸ
1598 4364 1705 4414 τῶν
1761 4359 1926 4437 ῥιζῶν

263 4444 347 4507 εἷς
377 4443 507 4506 τοὺς
535 4441 774 4508 κλάδους
808 4445 1246 4519 μετεωρίζεσθαι,
1280 4445 1325 4502 εί
1358 4448 1434 4521 μὴ
1467 4447 1558 4503 σὺν
1589 4452 1658 4524 τῇ
1677 4449 1924 4528 ἁλμυρό-

260 4555 399 4604 τητι
428 4529 687 4610 ἀποϐαλῇ
716 4534 808 4590 κάὶ
838 4536 938 4606 τήν
975 4535 1273 4612 βαρύτητα.

263 4639 435 4718 ρμδ’.Δ
494 4640 645 4696 Διατί
718 4636 1171 4721 παραϐάλλουσιν
1246 4639 1384 4707 ἅλας
1458 4645 1510 4699 οἱ
1569 4650 1759 4721 νομεῖς
1814 4630 2008 4711 τοῖςῙ)

944 4714 1247 4789 θρέμμασιν
1258 4758 1271 4772 .

339 4796 495 4854 Διότι
518 4798 617 4867 τὴν
663 4793 903 4874 ὄρεξινὴ
939 4796 1210 4877 δριμύτης
1268 4800 1598 4874 έκκαλεῖται,
1655 4804 1747 4861 καὶ
1805 4805 1936 4870 τοὺς

263 4887 481 4961 πόρους
562 4886 979 4962 ἀναστομοῦσα,
1061 4887 1169 4945 ὧδε
1243 4897 1392 4947 ποιεῖ
1436 4896 1506 4967 τῇ
1559 4898 1737 4973 τροφῇ
1796 4895 1933 4971 πρὸς

262 4973 548 5034 ἀνάδοσιν.
605 4978 674 5034 Ἥ
729 4974 945 5052 μᾶλλον
999 4979 1203 5056 ὑγιείας
1252 4977 1409 5037 ἕνεκα
1459 4981 1551 5039 τόν
1586 4982 1694 5040 ἀλα
1724 4982 1934 5040 διδόασι

262 5072 390 5128 τοῖς
444 5066 781 5140 βοσκήμασι.
840 5072 1005 5123 Νοσεῖ
1042 5068 1144 5145 γὰρ
1173 5068 1241 5125 τὰ
1269 5071 1557 5147 θρέμματα
1587 5075 1932 5149 πιαινόμενα,

264 5155 371 5223 τήι
408 5151 465 5209 δὲ
494 5154 737 5228 πιμελὴν
780 5158 1038 5227 τήκουσιν
1091 5159 1148 5212 οἱ
1197 5158 1325 5222 ἅλες
1355 5160 1445 5215 καὶ
1498 5159 1808 5238 διαχέουσιν
1834 5184 1846 5196 ·
1897 5166 1933 5235 ὴ

264 5244 376 5319 γὰρ
407 5242 670 5299 κολλῶσα
697 5246 787 5300 καὶ
822 5243 1114 5302 συνδέουσα
1165 5246 1225 5303 τό
1259 5246 1436 5324 δέρμα
1464 5249 1702 5325 πιμελὴ,
1757 5252 1933 5324 λεπτή

263 5330 363 5386 καὶ
404 5330 632 5403 ἀσθενὴς
694 5335 798 5390 ὑπὸ
858 5331 1195 5411 δριμύτητος
1240 5338 1472 5413 γίνεται,
1529 5340 1620 5395 καὶ
1676 5343 1741 5397 τὸ
1800 5344 1938 5415 αἷμα

270 5416 335 5476 δὲ
389 5423 501 5475 τῶν
539 5421 605 5477 τὸ
661 5420 796 5486 ἅλας
824 5419 1262 5499 διαλειχόντων,
1320 5424 1662 5488 λεπτύνεται.
1718 5431 1816 5485 Καὶ
1870 5432 1939 5487 τὰ

2032 3377 2193 3436 nullo
2235 3378 2426 3432 fructu
2478 3372 2743 3446 generari
2792 3373 3197 3442 observamus,
3230 3391 3499 3434 amarum
3525 3377 3683 3435 enim

2031 3469 2183 3527 oliva
2226 3466 2358 3535 fert,
2410 3461 2837 3534 astringentem
2893 3461 3062 3535 glans
3110 3466 3502 3537 unguentaria
3548 3466 3683 3539 (12),

2033 3557 2307 3615 aeerbum
2352 3551 2571 3609 malum
2624 3550 2927 3623 punicum,
2976 3551 3207 3609 dulcem
3261 3553 3393 3621 mel,
3447 3554 3683 3611 acidum

2034 3664 2208 3721 poma
2242 3643 2531 3717 quaedam,
2565 3640 2988 3697 mordicantem
3022 3640 3210 3698 multa
3239 3644 3487 3715 semina,
3531 3643 3684 3699 mul-

2031 3742 2221 3809 tasque
2245 3732 2493 3789 radices.
2526 3730 2732 3787 Salsus
2763 3747 2895 3786 vero
2926 3730 3139 3787 humor
3168 3731 3224 3786 in
3259 3732 3419 3788 nullo
3468 3732 3683 3805 reperi-

2032 3831 2151 3883 tur.
2184 3827 2372 3893 Quare
2408 3826 2464 3879 et
2485 3838 2639 3893 aqua
2671 3820 2901 3875 marina
2931 3820 3164 3893 quando
3214 3820 3473 3893 plantam
3524 3821 3688 3879 subit

2035 3916 2276 3987 alitque,
2310 3910 2661 3968 salsedinem
2695 3909 2980 3981 relinquit
3005 3925 3131 3981 qua
3162 3914 3359 3966 terrete
3389 3915 3446 3967 et
3474 3928 3685 3967 crassae

2035 4008 2255 4060 natura:
2286 4005 2397 4070 est,
2429 4003 2486 4056 et
2532 3998 2592 4054 in
2640 3997 2904 4070 qualibet
2952 3998 3153 4070 planta
3199 4014 3364 4071 aqua
3415 4000 3582 4056 salsae
3630 4003 3689 4056 et

2036 4092 2274 4148 marinae
2310 4096 2579 4145 naturam
2614 4091 2865 4155 mutant,
2882 4087 3353 4160 salsedinemque
3384 4090 3689 4162 deponunt

2034 4188 2089 4239 et
2121 4181 2294 4237 aliam
2328 4177 2586 4234 indolem
2620 4176 2893 4232 induunt.
2928 4178 3226 4243 Quatenus
3270 4178 3424 4233 enim
3464 4177 3688 4235 salsum

2034 4270 2247 4327 crassis
2296 4268 2462 4325 valde
2512 4270 2745 4323 constat
2794 4265 3126 4339 particulis,
3182 4284 3297 4323 non
3347 4272 3541 4340 potest
3588 4284 3691 4339 per

2035 4360 2259 4417 radices
2290 4359 2349 4414 in
2380 4373 2578 4414 ramos
2626 4354 2831 4427 attolli,
2867 4355 2979 4411 nisi
3028 4356 3384 4413 salsedinem
3435 4356 3688 4429 gravita-

2035 4456 2270 4522 temque
2301 4447 2566 4520 abjiciat.

2138 4645 2260 4701 144.
2295 4648 2481 4715 Quare
2510 4643 2761 4713 pastores
2778 4640 3069 4711 pecoribus
3098 4640 3271 4695 salem
3295 4642 3605 4713 praebeant.

2116 4804 2401 4871 Quoniam
2432 4818 2566 4857 acor
2596 4798 2922 4872 appetitum
2957 4799 3190 4867 excitat,
3222 4815 3518 4872 porosque
3561 4818 3698 4872 ape-

2047 4893 2303 4965 rit,quod
2337 4891 2476 4946 facit
2506 4889 2577 4945 ad
2612 4887 2911 4944 meliorem
2947 4887 3466 4958 digestionem.Vel
3498 4890 3696 4960 potius

2045 4980 2403 5042 valetudinis
2435 4995 2612 5034 causa
2644 4979 2786 5033 dant
2811 4976 2992 5032 salem
3028 4975 3357 5047 pecoribus,
3393 4993 3519 5048 quae
3568 4977 3697 5049 pin-

2047 5073 2298 5145 guedine
2327 5069 2682 5143 quandoque
2710 5063 3091 5133 laborant,sal
3124 5068 3321 5121 autem
3353 5066 3612 5122 absumit
3638 5071 3696 5123 et

2046 5161 2276 5237 digerit.
2310 5158 2607 5232 Pinguedo
2637 5155 2794 5212 enim
2827 5170 2957 5225 quae
3006 5152 3213 5225 pellem
3264 5155 3696 5226 constipaverat

2048 5257 2105 5309 et
2133 5252 2476 5314 adduxerat,
2511 5248 2582 5302 ab
2612 5260 2778 5300 acore
2812 5242 2911 5299 illo
2940 5245 3240 5312 tenuatur,
3282 5251 3337 5298 et
3384 5243 3694 5311 minuitur,

2048 5347 2104 5399 et
2134 5340 2377 5412 sanguis
2407 5336 2698 5410 pecudum
2732 5332 2916 5389 salem
2942 5332 3202 5388 lambere
3219 5332 3525 5404 jussarum
3564 5335 3696 5390 red-

2048 5433 2210 5488 ditur
2239 5426 2532 5487 subtilior.
2564 5424 2754 5481 Etiam
2787 5423 2857 5478 ad
2892 5422 3295 5495 generandum
3339 5421 3595 5496 aptiores
3641 5426 3699 5481 et

1872 5557 2106 5615 NOTIE.

289 5620 299 5626 .
354 5652 471 5726 (12)
503 5653 1065 5738 ΡίιᾳθιιὶοοὶηιιιιιιιμῐιΔ
1086 5661 1268 5718 (ἓνωοί
1312 5665 1669 5738 recentiores
1703 5669 1931 5738 ponunt

280 5741 394 5801 pro
425 5727 829 5801 myrobalano,
887 5730 982 5787 cui
1037 5731 1264 5792 fructus
1322 5734 1554 5815 στυφοὺς
1609 5727 1732 5795 sive
1778 5756 1930 5815 στρυ-

2083 5661 2177 5726 οὑς
2207 5679 2336 5720 esse
2367 5664 2619 5720 testatur
2646 5654 2989 5715 Aristoteles
3020 5653 3176 5721 lib.1,
3197 5653 3276 5711 De
3306 5653 3696 5726 plantis.Vido

2071 5755 2124 5794 ο.
2158 5737 2429 5794 Bedaaum
2460 5751 2495 5790 a
2522 5730 2720 5806 Stapel
2750 5728 2823 5785 ad
2853 5726 3327 5799 Theophrastum
3359 5744 3415 5800 p.
3446 5726 3536 5783 97.
