4088 6350
432 414 553 475 775

1765 398 2190 465 MICHAELIS
2236 396 2510 460 PSELLI

3723 399 3844 459 776

434 561 790 618 congressus
820 538 1251 612 appetentiores
1283 537 1489 593 exinde
1522 535 1672 591 ﬁunt
1703 536 1969 607 pecudes,
1991 532 2075 588 uti

2198 531 2520 605 βοσκήματα
2551 526 2607 584 δὶ
2636 529 2984 605 γονιμώτερα
3011 529 3102 585 καὶ
3132 529 3389 604 πρόθυμα
3418 528 3551 605 πρὸς
3598 530 3697 592 τὰς
3746 552 3841 585 συ-

435 652 609 692 canes
660 633 1011 690 salsamento
1061 632 1260 683 vorato
1301 626 1550 683 libenter
1594 626 2078 698 impraegnantur.

431 728 541 783 Sed
569 730 625 781 et
654 727 825 796 poeta
855 720 1119 776 divinum
1175 718 1361 775 salem
1394 715 1649 790 appellat
1679 732 1812 772 cum
1842 715 1924 771 ait
1957 730 1971 770 :

806 919 1153 990 Aspersitque
1178 934 1236 972 sa
1247 916 1356 971 lem
1382 916 1700 971 divinum...

434 1011 701 1067 Divinam
728 1008 883 1064 enim
910 1006 1183 1063 virtutem
1214 1005 1457 1061 sortitus
1487 1010 1597 1073 est,
1616 1004 1770 1076 quod
1801 1003 2083 1058 cadavera

436 1103 802 1155 mortuorum
835 1115 866 1152 a
897 1096 1229 1168 putredine,
1264 1111 1439 1166 quam
1476 1110 1735 1164 passura:
1766 1090 2080 1157 ei-ant,im-

435 1189 638 1244 munia
659 1191 984 1243 conservat.

436 1298 557 1354 145.
618 1299 795 1366 Quare
849 1298 1082 1368 polypus
1150 1298 1327 1349 mutat
1363 1294 1641 1368 _colorcm,
1698 1295 1863 1363 prout
1930 1291 2081 1346 saxis

1103 1366 1412 1421 adhaeserit.

507 1458 746 1514 Constat
776 1456 883 1512 hoc
915 1455 1127 1511 animal
1156 1456 1207 1510 si
1237 1453 1549 1525 strepitum
1580 1451 1837 1525 aliquem
1878 1467 2082 1508 sense-

438 1549 537 1618 rit,
571 1551 671 1603 aut
704 1546 819 1619 peti
849 1562 911 1601 se
958 1544 1289 1615 conjecerit,
1336 1543 1552 1599 mutari
1602 1560 1715 1614 prae
1763 1541 1975 1597 timore
2025 1544 2082 1596 et

436 1636 687 1692 colorem
719 1636 900 1692 alium
934 1635 1194 1689 induere.
1226 1631 1531 1689 Assimilat
1560 1638 1758 1703 autem
1811 1648 1872 1687 se
1920 1647 2082 1687 saxo-

436 1741 567 1781 rum
598 1724 911 1794 coloribus,
936 1723 1153 1794 quibus
1180 1721 1454 1777 adhaeret.
1488 1720 1776 1775 Nimirum
1802 1720 1871 1774 ab
1895 1719 2079 1775 omni-

436 1816 544 1870 bus
599 1815 943 1886 corporibus
994 1818 1056 1869 ut
1104 1828 1236 1881 aere,
1287 1813 1459 1877 ferro,
1494 1809 1810 1881 lapidibus,
1845 1809 2079 1864 eiﬂuvia

2191 619 2407 682 νουσίας
2440 619 2676 675 ἐντεῦθεν
2710 620 3076 691 καθίστανται,
3108 618 3198 674 καὶ
3230 620 3283 673 αἱ
3316 617 3469 681 κύνες
3519 616 3576 674 δὲ
3622 620 3839 698 ταχέως

2190 710 2400 781 κύουσι,
2431 710 2658 785 τάριχον
2684 708 3047 773 ἐπεσθίουσαι.
3082 709 3161 766 Τὸ
3193 705 3250 763 δὲ
3277 708 3411 774 ἆίλας
3440 714 3580 774 θεῖον
3615 710 3641 766 6
3673 731 3841 783 ποιη-

2188 799 2291 869 τὴς
2317 797 2529 875 εἷ’ρηκεν
2563 796 2613 852 ἐν
2651 800 2732 861 οἷς
2766 796 2909 874 λέγι·

2707 907 2877 961 πάσσε
2906 905 2952 961 δ’
2978 905 3109 968 ἀλὸς
3141 906 3309 962 θείου.

2191 995 2337 1051 Διότι
2372 993 2513 1060 θείαν
2548 996 2801 1068 κέκτηται
2835 993 3084 1070 δύναμιν,
3106 995 3173 1050 τὰ
3200 997 3363 1069 νεκρὰ
3409 1000 3514 1051 τῶν
3564 1001 3835 1072 σωμάτῶν

2191 1083 2451 1159 εὔσηπτα,
2487 1083 2699 1159 ἄσηπτα
2728 1084 3113 1163 ἐργαζόμενον.

2192 1288 2328 1360 ρμε’.
2381 1283 2530 1339 Διατί
2576 1286 2677 1354 τὴν
2721 1282 2899 1411 ἔρόαν
2948 1284 2975 1340 6
3006 1281 3288 1366 πολύπους
3313 1281 3624 1357 ἐξαλλάττει
3655 1285 3744 1348 αῖς
3775 1282 3835 1339 ἂν

2676 1377 2716 1410 π
2746 1377 2899 1411 τοαις
2930 1358 3341 1411 προσομιλήσῃ.

2676 1358 2899 1431 πιτραις
2930 1358 3341 1431 προσομιλήσῃ.

2262 1443 2440 1515 Δῆλόν
2501 1446 2611 1501 ἔστι
2640 1444 2703 1501 τό
2737 1450 2874 1516 ζῶον
2906 1445 2995 1500 καὶ
3028 1447 3151 1501 ὅταν
3210 1446 3245 1514 ἢ
3278 1445 3452 1521 ψόφον
3483 1446 3604 1501 τινὰ
3633 1446 3839 1516 αἳσθηο

2188 1556 2297 1608 ται,
2347 1536 2383 1604 ἢ
2445 1543 2747 1610 θηραθῆναι
2792 1534 3119 1609 ὑποπτεύσῃ,
3172 1534 3421 1611 τρέπεται
3454 1534 3555 1591 ὑπὸ
3605 1532 3840 1598 δειλείας

2189 1623 2278 1681 καὶ
2335 1620 2754 1698 μεταϐάλλεται.
2810 1624 3130 1698 Ὀμοιοῦται
3186 1622 3243 1679 δὲ
3296 1628 3416 1688 ταῖς
3473 1630 3693 1700 χροιαῖς
3728 1628 3835 1680 τῶν

2187 1720 2422 1791 πετρῶν,
2484 1719 2568 1778 αῖς
2600 1714 2911 1791 ἐγκάθηται·
2964 1713 3248 1771 διότιάπὸ
3295 1717 3510 1772 πάντων
3565 1715 3835 1790 σωμάτων

2187 1806 2275 1860 καὶ
2330 1806 2545 1881 χαλκοῦ
2592 1806 2680 1860 καὶ
2740 1803 2967 1882 σιδήρου
3012 1806 3103 1860 καὶ
3155 1806 3308 1861 λίθου
3355 1805 3644 1883 ἀπόῤῥοιαί
3691 1826 3837 1869 τινες

433 1904 700 1975 quaedam
734 1903 1137 1975 egrediuntur.
1181 1901 1322 1955 Cum
1370 1900 1569 1970 itaque
1622 1897 1816 1969 polypi
1865 1915 2075 1969 corpus

2191 1896 2459 1973 φέρονται.
2516 1894 2855 1971 Συμμέτρως
2904 1894 2995 1949 οὖν
3039 1896 3091 1950 οἳ
3122 1896 3283 1969 πόροι
3313 1893 3409 1950 τοῦ
3441 1896 3695 1968 σώματος
3725 1900 3835 1950 τῶν

432 2009 607 2065 poros
638 1992 888 2048 efﬂuviis
920 2010 954 2047 a
980 1992 1155 2047 rebus
1180 1990 1296 2045 illis
1320 1988 1733 2045 emanantibus
1759 2003 2078 2058 congruen-

430 2088 518 2139 tes
553 2082 1009 2150 liabeat,colores
1040 2097 1241 2136 earum
1270 2078 1827 2149 asciscit,suumque
1857 2078 2067 2132 iisdem

431 2178 746 2244 permutat.
782 2172 1023 2238 Quando
1054 2169 1235 2242 igitur
1267 2170 1431 2224 timet
1462 2166 1732 2239 polypus,
1786 2170 1979 2222 movet
2021 2170 2079 2222 et

429 2261 714 2317 convertit
742 2278 826 2330 se,
859 2276 1192 2331 corpusque
1222 2257 1401 2315 veluti
1433 2256 1654 2328 colligit
1686 2272 1751 2311 ac
1782 2258 2076 2312 constrin-

429 2351 533 2422 git,
567 2356 633 2406 ut
663 2351 804 2406 adeo
836 2350 1299 2422 propinquarum
1331 2365 1526 2403 rerum
1559 2346 1794 2401 efﬂuvia
1825 2346 1882 2400 in
1913 2362 2076 2401 sum-

432 2440 630 2495 mitate
682 2438 851 2495 facile
906 2438 1154 2510 excipiat
1209 2436 1642 2508 contineatque.
1697 2436 1897 2507 Neque
1944 2451 2077 2490 vero

427 2528 675 2602 polypus
707 2545 896 2598 neque
943 2524 1301 2582 chamaeleon
1352 2526 1422 2581 ad
1475 2524 1609 2579 alba
1661 2540 1838 2596 prope
1888 2525 2079 2594 posita

431 2623 715 2686 mutatur,
766 2618 994 2689 ineptos
1044 2618 1201 2672 enim
1252 2616 1324 2671 ad
1373 2615 1633 2671 alborem
1676 2630 1849 2685 poros
1878 2614 2074 2682 habet,

428 2708 558 2763 aliis
588 2723 719 2763 vero
752 2706 1046 2762 coloribus
1078 2710 1490 2777 congruentes.

430 2806 738 2883 146.Quare
762 2814 954 2885 planta
985 2812 1136 2884 pedis
1167 2811 1461 2936 anteriori:
1490 2810 1552 2863 in
1581 2822 1712 2862 urso
1741 2810 2077 2866 suavissima

1050 2893 1129 2936 est
1161 2900 1219 2936 ιη
1249 2899 1295 2936 ci
1336 2899 1451 2936 um.

1050 2893 1129 2939 est
1161 2893 1219 2937 τη
1249 2893 1451 2938 cibum.

501 2972 793 3043 Quidquid
828 2972 1003 3043 probe
1033 2974 1260 3025 coctum
1294 2987 1359 3025 ac
1390 2970 1869 3041 digestum,idem
1901 2988 2077 3026 suave

430 3069 549 3129 est;
584 3063 728 3117 bene
763 3066 992 3116 coctum
1027 3064 1221 3115 autem
1253 3065 1341 3113 est
1372 3062 1527 3129 quod
1559 3061 1616 3116 in
1670 3061 1876 3131 primis
1924 3061 2077 3115 inca-

429 3151 559 3218 luit;
581 3151 884 3205 incalescit
914 3158 1106 3203 autem
1142 3139 1396 3202 maxime
1428 3150 1580 3219 quod
1616 3150 1866 3204 maxime
1898 3149 2076 3221 agita-

429 3244 527 3293 tur
555 3244 612 3293 et
644 3244 963 3306 exercetur,
999 3242 1063 3292 ut
1107 3237 1273 3308 pedis
1322 3238 1628 3294 anterioris
1681 3239 1902 3310 planta,
1956 3255 2073 3310 qua
2104 3284 2145 3351 C

432 3344 603 3351 --.....-..
639 3331 691 3351 -.1.
725 3326 939 3351 ε..-,...ι;ι
974 3330 1023 3351 ΑΙ.
1056 3331 1331 3351 ι-..,....-...ι
1366 3342 1541 3351 ...ιι--.-
1579 3328 1763 3351 -.ιειη-
1819 3345 1925 3351 _--_
1980 3345 2069 3351 μ--

432 3344 605 3382 ursus
637 3331 694 3381 et
725 3326 942 3381 incedit
972 3330 1026 3381 et
1056 3331 1334 3397 tanquam
1366 3342 1542 3381 manu
1579 3328 1783 3397 utitur,
1815 3345 1933 3399 qua
1980 3345 2071 3384 res

431 3416 659 3471 oblatas
690 3414 1086 3487 arripit.Unde
1116 3419 1174 3469 et
1204 3413 1527 3469 volucrium
1560 3417 1903 3471 animalium
1937 3434 2074 3472 sua-

431 3502 683 3558 vissimae
712 3506 769 3558 et
799 3503 866 3558 ad
904 3502 1280 3557 nutriendum
1316 3501 1637 3573 aptissimae
1668 3504 1887 3574 (partes
1935 3507 2075 3559 sunt

432 3608 579 3665 quas
612 3596 845 3647 movent
875 3592 1148 3660 maxime,
1184 3594 1246 3645 ut
1294 3593 1414 3660 σιω,
1466 3591 1625 3647 hisce
1669 3593 1822 3648 enim
1879 3608 2072 3648 aerem

431 3686 663 3737 movent
694 3698 761 3738 ac
792 3682 1113 3752 trajiciunt,
1147 3684 1354 3735 caetera
1401 3685 1593 3735 autem
1642 3682 1906 3736 membra
1956 3698 2069 3736 non

430 3771 703 3827 similiter
758 3771 905 3826 bene
953 3771 1247 3825 nutriunt.
1297 3768 1581 3824 Similiter
1628 3769 2073 3825 exercitationes

430 3865 688 3931 corporis
717 3861 936 3915 bonum
970 3861 1099 3931 ejus
1145 3858 1413 3913 habitum
1468 3862 1827 3929 promovent,
1871 3863 2074 3930 utpote

429 3949 648 4019 quibus
680 3952 1004 4016 moventur,
1040 3950 1376 4017 coquuntur
1407 3952 1459 4000 et
1492 3951 1813 4001 tenuantur
1862 3946 2072 4001 humo-

430 4055 541 4093 res.
575 4043 773 4109 Neque
800 4037 1142 4108 corporibus
1175 4038 1430 4099 tantum,
1479 4035 1578 4089 sed
1631 4035 1845 4090 animis
1896 4035 2071 4091 etiam

430 4126 743 4181 utilitatem
780 4127 1032 4181 afferunt
1062 4123 1499 4179 exercitationes
1535 4123 1590 4177 in
1643 4122 1969 4195 disciplinis
2018 4128 2074 4178 et

428 4217 675 4271 artibus.
743 4221 933 4285 Atque
1022 4214 1348 4269 secundum
1405 4212 1815 4283 Hippocratem
1894 4214 2072 4269 motio

428 4305 779 4375 quandoque
808 4301 1154 4373 interposita
1202 4318 1413 4372 corpus
1461 4300 1792 4369 confirmat,
1842 4301 2073 4372 ignavia

428 4391 774 4462 corrumpit.

543 4497 664 4551 147.
700 4498 879 4565 Quare
909 4496 1063 4553 Darii
1090 4495 1300 4550 malum
1328 4496 1595 4620 gtraminis
1624 4506 1951 4569 proventum

1107 4576 1341 4621 exontan
1373 4606 1388 4621 .

1107 4583 1388 4637 exoptant.

2184 1983 2517 2040 πολυπόδων
2576 1986 2712 2059 πρὸς
2739 1986 2807 2039 τὰ
2835 1984 2980 2060 παρὰ
3034 1989 3144 2040 τῶν
3196 1986 3839 2062 σωμάτων,πεμπόμενα

2187 2074 2427 2151 ῥεύματα
2480 2072 2721 2150 ἔχοντες,
2782 2076 2884 2145 τήν
2933 2095 2992 2129 τι
3045 2075 3216 2149 χρόαν
3275 2074 3450 2130 αὐτῶν
3477 2073 3836 2150 ἷ’σχουσι,καὶ

2189 2160 2592 2237 μεταϐάλλουσι
2648 2164 2786 2238 πρὸς
2810 2162 2995 2234 αὐτήν.
3054 2167 3213 2219 ’Ὀταν
3249 2164 3341 2219 οὗν
3402 2162 3553 2240 δείσῃ
3587 2183 3838 2240 περιτρε-

2185 2254 2428 2326 πὸμενος
2459 2254 2487 2308 ὁ
2516 2252 2799 2315 πολύπους
2863 2256 2977 2307 οἷον
3006 2246 3185 2331 ἔσφιξε
3238 2254 3302 2309 τὸ
3360 2257 3519 2327 σῶμα
3547 2254 3637 2309 καὶ
3680 2254 3837 2309 συνέ-

2188 2338 2371 2412 δησεν,
2429 2340 2567 2396 ὥστε
2594 2339 2991 2417 προσδέχεσθαι
3048 2342 3136 2397 καὶ
3167 2343 3372 2417 στέγειν
3412 2341 3682 2411 ἐπιπολῆς
3736 2342 3837 2405 τὰς

2184 2436 2292 2486 τῶν
2343 2429 2502 2505 ἐγγὺς
2561 2429 2878 2508 ἀπορροίας.
2939 2426 3077 2488 Οὔτε
3125 2428 3183 2485 δὲ
3240 2432 3267 2485 6
3315 2428 3619 2501 πολύπους,
3640 2427 3775 2503 ⁷οὔτε
3807 2432 3838 2487 6

2186 2519 2509 2595 χαμαιλέων
2538 2520 2674 2595 πρὸς
2705 2520 2766 2575 τὸ
2798 2518 2992 2574 λευκὸν
3019 2517 3360 2590 ἀλλοιοῦται,
3404 2517 3545 2575 διότι
3588 2520 3839 2594 ἀσυμμέ-

2183 2629 2347 2684 τρους
2378 2607 2573 2684 ἔχουσι
2602 2607 2729 2671 τοὺς
2761 2608 2965 2683 πόρους
2998 2609 3134 2685 πρὸς
3173 2610 3271 2678 τήν
3302 2610 3559 2679 τοιαύτην
3611 2611 3835 2685 χροιάνο

2182 2699 2318 2771 πρὸς
2352 2695 2409 2752 δὲ
2437 2698 2531 2761 τὰς
2564 2694 2739 2761 ἄλλας
2770 2694 3120 2769 ἐπιτηδείως.

2187 2807 2327 2883 ρμςὀ
2363 2802 2515 2861 Διατί
2543 2811 2644 2876 τῆς
2673 2805 2937 2884 ἂρκτουαή
2988 2803 3218 2884 παλάμη
3266 2813 3365 2876 τῆς
3416 2806 3602 2881 χειρὸς
3644 2812 3841 2884 φαγεῖν

2836 2876 3169 2953 γλυκυτάτη.

2257 2966 2405 3022 Διότι
2436 2972 2538 3021 πᾶν
2591 2967 2653 3021 τὸ
2710 2964 2998 3036 εὔπεπτον,
3049 2964 3288 3035 ἣδιστον·
3342 2963 3606 3022 εὔπεπτον
3668 2964 3724 3022 δὲ
3770 2968 3837 3023 τὸ

2185 3058 2653 3133 Θερμαινόμενον·
2740 3058 3085 3131 θερμαίνεται
3164 3054 3220 3110 δὶ
3295 3056 3359 3111 τὸ
3441 3056 3677 3130 μάλιστα
3731 3079 3837 3133 γυ-

2186 3145 2545 3220 μναζόμενον,
2596 3146 2732 3220 [οἷον
2790 3149 2825 3216 ἡ
2882 3153 2983 3216 τῆς
3039 3143 3236 3222 ἄρκτου
3279 3152 3377 3215 τῆς
3436 3146 3624 3221 χειρὸς
3654 3145 3838 3201 παλά-

2190 3238 2311 3310 μη].
2372 3236 2468 3290 Καὶ
2526 3236 2630 3311 γὰρ
2689 3236 2765 3297 ὡς
2821 3232 2947 3290 ποδὶ
3000 3234 3133 3309 αὐτῇ
3166 3237 3367 3311 χρῆται
3403 3233 3715 3310 βαδίζουσα,
3740 3235 3835 3291 καὶ

2186 3325 2259 3387 ὡς
2316 3325 2459 3401 χειρῖ
2521 3320 3031 3398 ἆντιλαμϐαωομὲνη
3064 3328 3162 3379 τοῦ
3192 3324 3623 3401 προστυχόντος.
3677 3326 3841 3383 Ὅθεν

2181 3415 2268 3469 καὶ
2326 3419 2433 3468 τῶν
2489 3418 2709 3485 πτηνῶν
2769 3414 2920 3482 ζώων
2976 3411 3171 3482 ἥδιστα
3223 3414 3310 3468 καὶ
3362 3411 3597 3493 εὖτροφά
3624 3414 3837 3470 ἔστιτὰ

2180 3503 2579 3574 κινητικώτατα
2638 3500 2872 3572 μᾶλλον,
2934 3503 3099 3557 ὁποῖά
3153 3502 3295 3558 ἰστιν
3356 3502 3539 3565 αὐτοῖς
3589 3503 3657 3559 τὰ
3697 3524 3833 3559 πτε-

2184 3592 2355 3667 ρύγια.
2408 3590 2637 3654 Τούτοις
2673 3591 2774 3665 γὰρ
2824 3591 2912 3645 τὸν
2964 3590 3101 3666 ἀέρα
3153 3597 3293 3646 κινεῖ
3323 3591 3410 3645 καὶ
3444 3589 3689 3667 διαπερᾷ.
3747 3593 3834 3648 Τὰ

2182 3678 2228 3734 δ’
2286 3677 2428 3735 ἄλλα
2486 3679 2622 3755 μέρη
2686 3679 2794 3755 ούχ
2845 3679 3011 3752 ὅμοια
3061 3679 3276 3742 τούτοις
3351 3682 3486 3756 πρὸς
3540 3682 3828 3757 εύτροφίαν

2180 3764 2391 3844 ἔχουσι.
2451 3770 2546 3823 Διὰ
2600 3772 2761 3823 τοῦτο
2817 3769 2905 3823 καὶ
2962 3770 3029 3823 τὰ
3075 3770 3346 3844 γυμνάσια
3403 3771 3605 3843 εὐεξίαν
3636 3771 3835 3838 αὐτοῖς

2179 3859 2395 3930 σώμασι
2445 3855 2633 3913 δίδωσι
2684 3862 2936 3913 κινοῦντα
2971 3859 3061 3913 καὶ
3103 3858 3229 3920 τοὺς
3272 3857 3324 3913 ἐν
3377 3859 3564 3921 αὐτοῖς
3614 3859 3840 3935 χυμοὺς

2179 3947 2449 4001 πίπτοντα
2478 3948 2569 4002 καὶ
2601 3946 3061 4003 ἀπολεπτύνοντα.
3096 3948 3172 4005 Ού
3229 3949 3393 4025 μᾶχρι
3428 3946 3486 4003 δὲ
3538 3952 3838 4023 σωμάτων,

2180 4034 2438 4091 ἀλλὰκαὶ
2487 4036 2563 4099 εἷς
2619 4036 2779 4099 αὐτὰς
2810 4037 2905 4100 τὰς
2946 4037 3127 4112 ψυχὰς
3155 4037 3221 4092 τὰ
3269 4038 3320 4092 ἐν
3369 4043 3492 4099 τοῖς
3546 4041 3839 4111 μαθήμασι

2179 4126 2445 4199 γυμνάσια
2467 4125 2735 4199 ὠφέλειαν
2764 4124 3004 4199 ἐμποιεῖ.
3035 4126 3131 4181 Καὶ
3157 4125 3365 4196 κίνησις
3394 4128 3487 4200 μὶν
3517 4127 3837 4203 μαεζετᾶρη

2180 4217 2315 4269 κατὰ
2363 4215 2453 4269 τὸν
2504 4215 2890 4290 Ἱπποκράτην,
2943 4213 3189 4290 κρατύνει
3236 4216 3298 4270 τὸ
3345 4220 3527 4290 σῶμα,
3558 4216 3721 4292 ἀργία
3779 4214 3845 4273 Si

2178 4307 2361 4375 τήκεμ

2349 4501 2491 4574 ρμζ’.
2526 4498 2676 4555 Διατί
2708 4504 2935 4575 Δωριεῖς
2966 4497 3219 4579 εὔχονται
3253 4501 3423 4572 κακὴν
3457 4500 3662 4579 χόρτου

2828 4572 3186 4647 συγκομιδήν.

507 4662 801 4717 Graminis
831 4659 988 4715 mala
1019 4660 1232 4715 messis
1256 4659 1544 4730 contingit
1564 4658 1818 4730 plurima
1836 4662 2075 4717 cadente

2259 4662 2439 4723 Κακὸς
2468 4659 2851 4735 συγκομίζεται
2909 4662 3111 4738 χόρτος
3172 4664 3384 4739 βροχὴν
3448 4660 3532 4718 ὅτι
3568 4659 3845 4734 πλείστην

429 4754 798 4829 pluvia.Cum
847 4749 999 4807 enim
1050 4749 1233 4804 viride
1282 4748 1427 4803 illud
1480 4747 1677 4819 pluvia
1727 4751 2080 4821 permadens

429 4843 767 4908 demetitur,
801 4838 967 4894 facile
998 4837 1413 4907 corrumpitur.
1448 4839 1518 4892 At
1566 4837 1775 4909 pluviae
1828 4840 2083 4894 frumen-

428 4940 557 4991 tum
590 4936 723 4987 ante
755 4932 1017 4985 aastatem
1050 4927 1309 4998 rigantes
1353 4926 1497 4981 illud
1543 4927 1756 4996 juvant
1803 4927 2084 4983 adversus

429 5023 650 5077 calidas
683 5036 857 5075 auras
888 5022 944 5072 et
974 5017 1046 5071 ab
1078 5020 1278 5071 austro
1312 5017 1626 5084 spirantes,
1650 5032 1778 5087 quae
1810 5033 1921 5071 non
1961 5032 2084 5087 per-

428 5112 670 5167 mittunt
702 5111 957 5163 fructum
990 5106 1048 5160 in
1081 5104 1260 5159 arista
1291 5104 1691 5171 condemnari,
1745 5107 1842 5160 sed
1894 5106 2083 5161 calore

427 5218 533 5255 suo
567 5197 921 5255 soliditatem
956 5194 1084 5264 ejus
1113 5192 1445 5262 impediunt
1488 5191 1918 5264 dissipantque,
1970 5193 2083 5250 nisi

426 5295 583 5343 terra
606 5288 847 5357 irrigata
882 5284 1089 5337 humor
1117 5282 1357 5336 aristam
1390 5280 1740 5352 refrigerans
1763 5290 1937 5353 atque
1962 5300 2084 5338 ma-

430 5378 723 5433 defaciens
749 5372 1080 5429 accesserit.
1111 5371 1596 5443 Quandoquidem
1637 5369 1818 5440 igitur
1847 5378 2083 5443 prepter

429 5466 657 5536 pluvias
692 5463 849 5517 mala
876 5462 939 5514 fit
972 5459 1183 5515 messis
1214 5458 1523 5531 graminis,
1560 5464 1760 5529 utpote
1791 5462 1943 5529 quod
1979 5478 2082 5531 per

428 5555 560 5612 illas
591 5551 873 5627 putrescit
903 5566 969 5605 ac
1000 5549 1283 5621 perditur,
1309 5549 1602 5603 frumento
1632 5552 1824 5604 autem
1860 5551 2076 5608 eaedem

497 5753 523 5781 "
553 5748 712 5810 Iliad.
748 5749 793 5818 Ι,
820 5746 951 5805 214.

2194 4750 2477 4826 εχόμενος.
2541 4749 2773 4825 Χλωρὸς
2826 4752 2926 4827 γάρ
2988 4751 3337 4825 θεριζόμενος
3397 4753 3623 4822 σήπεται
3690 4751 3847 4828 ταχὺ

2195 4833 2493 4914 διάϐροχος
2551 4839 2810 4914 γεγονώς.
2859 4838 3113 4911 Ὑόμτνος
3168 4838 3226 4894 δὲ
3282 4842 3388 4917 πρὸ
3443 4839 3541 4896 τοῦ
3596 4840 3852 4915 Θᾶρουςὸ

2196 4934 2343 4991 σῖτος
2407 4930 2682 5002 βοηθεῖται
2733 4929 2869 5003 πρὸς
2898 4929 2965 4982 τὰ
3016 4929 3191 5004 θερμὰ
3217 4930 3307 4984 καὶ
3346 4931 3500 4984 νότια
3536 4928 3850 5002 πνεύματα.

2195 5020 2378 5075 Ταῦτα
2432 5018 2532 5093 γὰρ
2592 5017 2692 5071 οὑκ
2748 5015 2807 5087 ἐᾷ
2878 5019 3226 5087 πυκνωθῆναι
3302 5017 3689 5091 συνιστάμενον
3744 5018 3853 5073 τὸν

2193 5106 2397 5181 καρπὸν
2454 5106 2609 5177 ἐντῷ
2640 5107 2856 5181 στάχυϊ·
2918 5105 3046 5162 ἀλλ’
3095 5104 3343 5179 ἐξέστησε
3384 5108 3473 5164 καὶ
3509 5105 3715 5183 διαχέει
3772 5112 3856 5182 τῇ

2195 5195 2489 5270 θερμότητι
2537 5196 2635 5265 τήν
2685 5195 2868 5267 πῆξιν,
2901 5193 2960 5249 ἂν
3018 5197 3092 5269 μὴ
3149 5191 3513 5271 βεϐρεγμένης
3541 5204 3639 5267 τῆς
3672 5203 3779 5272 γῆς
3813 5200 3858 5269 ἡ

2201 5284 2438 5360 ὑγρότης
2488 5283 2757 5360 παραρρεῖ
2800 5283 3053 5359 ψύχουσα
3099 5285 3187 5340 καὶ
3236 5287 3521 5356 νοτίζουσα
3574 5288 3667 5342 τὸν
3719 5287 3863 5343 στά-

2194 5394 2319 5451 χυν.
2374 5375 2524 5429 Διότι
2555 5374 2647 5428 οὖν
2680 5377 2714 5443 ἡ
2749 5375 2887 5444 κακή
2920 5378 3017 5428 τοῦ
3049 5375 3254 5450 χόρτου
3287 5374 3591 5450 συρκομιδὴ
3624 5373 3711 5430 διὰ
3740 5378 3855 5445 τὴν

2202 5465 2413 5542 βροχὴν
2467 5463 2692 5539 γίνεται,
2728 5465 3002 5533 σηπουσαν
3058 5469 3251 5519 τοῦτον
3307 5466 3396 5520 καὶ
3455 5465 3855 5540 ἀφανίζουσαν

2198 5553 2226 5608 6
2282 5550 2339 5608 δὶ
2398 5553 2546 5618 ὑετὸς
2600 5549 2882 5632 ὥφέλιμός
2932 5551 3042 5608 ἔστι
3098 5558 3178 5627 τῷ
3234 5554 3366 5630 σίτῳ
3396 5554 3502 5631 πρὸ
3529 5558 3627 5610 τοῦ
3655 5554 3863 5635 Θίρους
