4080 6350
224 395 371 479 ,τη

1439 397 1542 456 DE
1585 394 2026 457 OMNlFARlA
2069 393 2493 462 DOCTRINA.

3546 402 3667 464 778

221 522 567 603 ’szo'pcvec,
598 524 893 602 ἔξυγραίνει
925 525 1030 602 γὰρ
1061 524 1236 581 αὐτῶν
1285 524 1375 580 καὶ
1408 524 1507 581 οὐκ
1526 524 1587 597 ἐᾷ
1616 524 1765 602 παρὰ
1789 528 1898 580 τῶν

2028 531 2152 584 ante
2180 532 2443 584 aestatem
2488 528 2764 585 cadentes
2799 530 3157 598 conducunt,
3190 529 3487 604 siquidem
3520 532 3669 590 illud

247 622 471 693 θερμῶν
521 618 842 690 πνευμάτων
904 614 1284 691 θερμαίνεσθαί
1340 636 1400 671 τε
1454 616 1542 670 καὶ
1590 614 1904 694 φλέγεσθαι,

249 703 345 762 διὰ
374 710 540 761 ταῦτα
570 704 822 781 εὔχονται
853 709 970 767 τοῖς
1005 700 1228 780 δωριοῖς
1258 705 1429 773 κακὴν
1458 703 1664 779 χόρτου
1706 724 1907 779 συγκο-

253 793 454 869 μιδήν.

246 918 437 989 ρμη’.ν
478 909 628 966 Διατί
684 912 721 980 ἡ
780 907 1005 989 ἄρκτος.
1037 908 1136 964 ούκ
1190 908 1354 965 ἐσθίει
1412 908 1479 965 τὰ
1538 907 1726 964 δίκτυα
1778 906 1904 963 ὅταν

911 980 1230 1053 ἁλίσκηται.

322 1091 493 1147 Λύκοι
556 1089 651 1164 μὲν
708 1088 803 1145 καὶ
858 1085 1016 1166 ἄρνες
1083 1087 1174 1144 καὶ
1231 1089 1278 1142 τ’
1335 1086 1482 1143 ἄλλα
1534 1092 1643 1143 τῶν
1697 1088 1903 1163 θηρίων

244 1178 602 1255 διαμάσσεται
656 1179 724 1234 τά
782 1176 993 1251 δίκτυα,
1053 1177 1178 1233 ὅταν
1213 1176 1266 1233 ἐν
1296 1176 1513 1240 τούτοις
1557 1178 1801 1252 γένηται.
1840 1177 1905 1233 Ἡ

243 1268 306 1327 δὲ
364 1266 564 1348 ἄρκτος
618 1267 746 1331 τοὺς
806 1265 1033 1332 ὀδόντας
1090 1266 1295 1344 ἔχουσα
1327 1265 1456 1321 εἷ’σω
1505 1267 1603 1322 τοῦ
1634 1264 1905 1339 στόματος

240 1362 444 1431 ἥκιστα
472 1358 701 1434 πρὸςτᾶ
730 1357 849 1414 λίνα
906 1356 1215 1431 ἐξικνεῖται.
1265 1357 1624 1432 Ιίαραπέμπει
1682 1356 1783 1431 γάρ
1840 1357 1907 1410 τὰ

241 1449 413 1527 χείλη
474 1446 564 1504 διὰ
618 1449 799 1523 πάχος
855 1446 947 1502 καὶ
1009 1445 1254 1524 μέγεθος,
1315 1446 1350 1516 ἢ
1391 1442 1604 1519 μᾶλλον
1640 1443 1907 1520 ἶσχύουσα

237 1545 363 1601 ταῖς
420 1536 580 1616 χερσὶ
632 1534 837 1607 διασπᾷ
891 1536 984 1591 τὸν
1046 1535 1276 1610 βρόχον,
1338 1534 1428 1589 καὶ
1456 1538 1576 1596 ταῖς
1613 1534 1718 1607 μὴν
1747 1533 1905 1609 χερσῖ

245 1626 454 1699 διασπᾷ
527 1627 589 1682 τὸ
666 1624 836 1695 λίθον,
910 1628 989 1697 τῷ
1059 1621 1116 1678 δὶ
1170 1622 1399 1696 στόματι
1466 1622 1728 1697 ἀμύνεται
1778 1621 1907 1686 τοὺς

247 1716 573 1778 διώκοντας·
635 1716 671 1786 ἢ
720 1714 805 1771 ὅτι
862 1715 917 1769 αἱ
972 1710 1447 1790 περικυλινδήσεις
1498 1711 1734 1785 μάλιστα
1767 1712 1907 1788 βοη-

246 1809 406 1862 θοῦσι
464 1805 602 1878 αὐτῇ
652 1805 788 1880 πρὸς
819 1804 917 1872 τήν
950 1802 1235 1881 ἀποφυγὴν
1269 1799 1571 1856 διασπῶσαι
1600 1800 1663 1855 τὸ
1691 1798 1903 1856 δίκτυον

2017 616 2379 683 humectant,
2429 633 2534 673 nec
2591 618 2939 690 permittunt
2994 618 3141 675 illud
3192 637 3235 676 'a
3289 620 3669 679 calidioribus

2016 707 2207 762 ventis
2236 712 2382 763 aestu
2413 705 2565 761 afﬁci
2599 711 2656 762 et
2685 707 2797 774 uri,
2831 706 2969 763 hinc
3003 708 3160 766 Dorii
3193 708 3419 766 malum
3446 711 3668 784 grami-

2018 796 2111 851 nis
2141 801 2489 869 proventum
2519 800 2818 868 exoptant.

2188 914 2309 969 148.
2341 916 2531 984 Quare
2557 929 2691 969 ursa
2717 914 3073 989 nongarrodit
3107 917 3251 972 retia
3279 916 3501 989 quando

2715 987 2955 1057 capitur.

2089 1091 2237 1164 Lupi
2295 1098 2353 1148 et
2417 1092 2552 1165 agni
2612 1091 2858 1163 aliaeque
2911 1092 3113 1149 bestiae
3175 1094 3460 1151 arrodunt
3522 1096 3669 1154 retia

2017 1182 2253 1255 quando
2307 1180 2426 1235 illis
2484 1181 2834 1237 constrictas
2894 1198 2957 1238 se
3014 1183 3297 1239 sentiunt.
3330 1184 3480 1241 Ursa
3533 1201 3668 1243 vero

2015 1271 2222 1327 dentes
2281 1269 2532 1326 interius
2586 1270 2645 1326 in
2695 1270 2964 1326 faucibus
3016 1271 3233 1328 habens
3292 1273 3490 1329 minus
3547 1273 3668 1331 illis

2016 1359 2167 1415 valet
2196 1361 2474 1415 adversus
2522 1359 2734 1426 linum,
2768 1361 2921 1431 quod
2954 1359 3125 1416 labiis
3169 1366 3404 1433 propter
3430 1362 3667 1419 illorum

2016 1447 2346 1505 crassitiem
2380 1453 2437 1504 et
2466 1444 2935 1521 magnitudinem
2981 1451 3202 1522 patitur
3226 1452 3489 1508 excidere
3523 1470 3537 1508 :
3570 1456 3673 1508 aut

2013 1554 2148 1594 vero
2196 1537 2476 1610 quoniam
2522 1536 2710 1610 magis
2759 1538 2912 1594 valet
2961 1538 3350 1596 anterioribus
3399 1541 3668 1612 pedibus,

2016 1626 2136 1682 illis
2167 1626 2408 1699 laqueos
2440 1627 2749 1698 dirumpit,
2783 1633 2957 1698 atque
2988 1628 3132 1684 adeo
3164 1630 3311 1686 retia
3340 1646 3596 1703 quoque,
3617 1635 3676 1687 et

1997 1733 2115 1772 ’ore
2144 1716 2407 1772 defendit
2454 1733 2517 1773 se
2567 1717 2853 1773 adversus
2884 1723 3303 1790 persequentes
3338 1735 3351 1775 :
3385 1724 3487 1775 aut
3533 1721 3673 1793 quia

2015 1804 2406 1861 volutationes
2435 1822 2635 1862 ursam
2671 1806 2924 1863 maxime
2945 1808 3159 1878 juvant
3179 1812 3245 1864 ut
3263 1808 3506 1866 evadere
3534 1825 3671 1882 pos-

243 1897 340 1953 καὶ
406 1893 757 1972 ρηγνύουσαι,
812 1891 928 1947 ὅθεν
982 1890 1256 1953 πολλάκις
1311 1888 1741 1967 περικυλιομὲνη
1790 1896 1907 1953 τοῖς

2028 1894 2116 1964 sit,
2165 1894 2549 1952 discindendo
2612 1899 2788 1967 atque
2834 1896 3258 1968 disrumpendo
3308 1902 3465 1965 rete,
3516 1914 3672 1970 saepe

250 1986 490 2063 βρόχοις
541 1982 742 2058 διαιρεῖ
794 1982 1020 2043 τούτους
1077 1981 1166 2036 καὶ
1196 1980 1403 2054 τέμνει,
1441 1980 1552 2035 εἶτα
1584 1976 1782 2056 ῥᾳδίως
1814 1978 1900 2034 ἐκ-

244 2070 480 2144 κυϐιστᾷ
508 2073 598 2128 καὶ
631 2073 878 2142 σώζεται.
914 2068 1148 2127 Πολλῶν
1184 2067 1277 2125 οὖν
1296 2071 1430 2143 αὐτῇ
1454 2065 1623 2124 ὄντων
1656 2069 1901 2142 ἀμυντη-

244 2163 385 2240 ρίων
414 2163 505 2217 καὶ
537 2162 799 2239 ἀφορμῶν
829 2158 905 2222 εἷς
958 2156 1253 2237 διαφυγὴν,
1293 2163 1410 2221 τοῖς
1463 2157 1701 2233 μάλιστα
1742 2157 1902 2235 ἴσχυ-

247 2254 500 2331 ροτὲροις
551 2257 781 2329 χρῆται,
812 2249 902 2305 καὶ
933 2246 1291 2304 διολισθαίνει
1345 2251 1444 2303 τοῦ
1474 2247 1689 2324 βρόχου
1724 2247 1811 2325 ὑφ’
1840 2245 1904 2303 οὗ

244 2341 537 2419 κατέχεται
547 2384 560 2399 .

247 2471 400 2546 ρμθ’.
431 2466 584 2524 Διατί
631 2467 669 2537 ἡ
724 2464 904 2530 τευθὶς
963 2464 1294 2591 (ﬂagrem,
1352 2467 1583 2537 σημεῖον
1625 2467 1907 2539 χειμῶνος

1053 2558 1157 2593 στι.

319 2649 388 2704 Ἡ
443 2646 622 2709 τευθὶς
679 2641 927 2721 ἷχθύδιόν
983 2642 1094 2699 ἔστι
1143 2640 1292 2698 λεῖον
1338 2642 1437 2711 τήν
1467 2639 1776 2720 ἐπιφάνειαν
1806 2647 1906 2710 τῆς

248 2737 481 2813 σαρκὸς,
535 2734 658 2801 ὅθεν
712 2734 802 2790 καὶ
862 2731 1137 2809 μαλάχιον
1194 2731 1509 2805 ὠνόμασται
1533 2774 1547 2788 .
1600 2728 1910 2786 Ψιλότατον

249 2828 361 2904 γάρ
422 2825 481 2882 δν
540 2824 631 2880 καὶ
690 2825 831 2898 μήτε
887 2822 1136 2900 ὀστράκῳ
1193 2819 1730 2897 συγκαλυπτόμενον,
1773 2821 1912 2893 μήτε

250 2914 489 2991 δέρματι
519 2913 937 2990 περιεχόμενον,
971 2913 1110 2985 μήτε
1167 2908 1350 2967 λεπίδι
1394 2909 1743 2984 σκεπόμενον,
1778 2909 1912 2982 μετὰ

243 3010 361 3062 τῶν
444 3000 738 3080 μαλαχίων
807 3002 1125 3077 τετάχαται.
1193 3000 1403 3075 Γυμνὸν
1459 2997 1550 3054 οὖν
1607 2997 1765 3053 παντὶ
1819 2996 1910 3053 καὶ

245 3093 489 3156 ἆσκεπὶς
546 3092 605 3148 ὅν
663 3090 1082 3168 προαισθάνεται
1137 3086 1207 3144 δι’
1238 3087 1521 3153 εὐπάθειαν
1564 3092 1661 3144 τοῦ
1692 3091 1911 3162 χειμῶ-

246 3205 361 3246 νος.
428 3183 548 3238 ὅθεν
606 3178 887 3255 ἐξάλλεται
957 3177 1230 3255 φεύγουσα
1252 3179 1316 3233 τὸ
1375 3176 1553 3254 ψύχος
1606 3176 1695 3232 καὶ
1731 3178 1831 3245 τήν
1860 3174 1913 3231 ἐν

2014 1984 2168 2039 enim
2202 2000 2337 2039 cum
2360 2000 2426 2040 eo
2453 2001 2515 2040 se
2536 1985 3001 2041 circumvolvens
3031 1985 3089 2040 id
3113 1984 3271 2042 laxat
3290 2003 3357 2042 ac
3382 1985 3668 2058 refringit,

2012 2089 2079 2128 ac
2127 2073 2337 2129 deinde
2386 2072 2554 2128 facile
2601 2072 2832 2145 prosilit
2881 2079 3057 2145 atque
3106 2091 3169 2130 se
3216 2080 3436 2132 tuetur.
3468 2074 3670 2147 Itaque

2013 2178 2149 2217 cum
2175 2162 2362 2217 multa
2388 2161 2603 2218 habeat
2624 2161 2841 2235 quibus
2863 2178 2925 2218 se
2956 2164 3143 2234 possit
3162 2164 3493 2232 defendere,
3517 2162 3672 2220 mul-

2014 2255 2189 2322 taque
2220 2252 2291 2306 ad
2323 2250 2717 2322 effugiendum
2742 2250 2979 2319 auxilia,
3005 2252 3436 2308 robustissimis
3458 2252 3669 2320 utitur,

2011 2339 2406 2412 laqueumque
2436 2356 2553 2411 quo
2584 2344 2817 2397 tenetur
2845 2340 3046 2413 ligata,
3079 2340 3428 2414 perrumpit.

2122 2465 2246 2521 149.
2283 2465 2469 2534 Quare
2498 2464 3067 2547 totigoVeuperraqiuis
3096 2468 3217 2522 visa
3244 2467 3466 2537 signum
3494 2467 3569 2522 sit

2670 2546 3027 2609 tempestatis.

2088 2642 2289 2716 Loligo
2339 2641 2662 2715 pisciculus
2692 2646 2783 2698 est
2825 2644 3138 2715 superﬁcie
3186 2645 3449 2717 corporis
3492 2644 3673 2713 laevis,

2018 2734 2175 2789 unde
2198 2738 2257 2788 et
2290 2728 2558 2804 μαλάκιον
2584 2749 2618 2787 a
2641 2731 2885 2787 mollitie
2907 2731 3266 2804 appellatur;
3294 2735 3488 2790 nudus
3514 2734 3673 2791 enim

2021 2839 2123 2878 nec
2155 2823 2443 2887 munitus,
2476 2824 2643 2886 testa,
2677 2836 2783 2876 nec
2814 2826 2947 2877 cute
2989 2822 3256 2894 indutus,
3289 2839 3395 2879 nec
3422 2839 3676 2895 squama

2019 2916 2341 2981 contectus,
2390 2910 2672 2966 mollibus
2720 2914 3083 2967 accensetur.
3116 2910 3322 2968 Nudus
3368 2911 3567 2984 itaque
3616 2917 3677 2969 et

2020 3000 2263 3057 minime
2292 3004 2482 3056 tectus
2531 3001 2675 3056 adeo
2708 3016 2842 3056 cum
2873 3000 2974 3067 sit,
3007 2999 3174 3056 facile
3218 3000 3478 3058 afﬁcitur
3524 3018 3675 3074 pras-

2019 3090 2315 3163 sentitque
2363 3093 2800 3162 tempestatem,
2834 3090 2990 3145 unde
3036 3090 3267 3162 prosilit
3297 3096 3362 3147 ut
3404 3091 3588 3164 frigus
3618 3095 3677 3147 et

2021 3180 2201 3235 maris
2231 3179 2628 3235 turbationem
2655 3195 2784 3251 qua
2814 3177 2874 3233 in
2909 3178 3091 3234 fundo
3121 3187 3211 3235 est
3235 3179 3497 3253 effugiat,
3526 3182 3583 3235 et
3611 3178 3674 3235 in

250 3272 409 3349 βάθει
475 3271 726 3347 ταραχήν
781 3275 882 3338 τῆς
935 3265 1231 3337 θαλάσσης,
1278 3264 1368 3320 καὶ
1429 3264 1504 3329 εἷς
1556 3266 1655 3334 τὴν
1715 3261 1908 3341 ἐπιφά-

2028 3284 2259 3325 summa
2284 3284 2436 3340 aqua
2459 3272 2743 3341 pronalat.
2764 3268 3007 3332 Quando
3034 3268 3215 3341 igitur
3234 3269 3391 3325 hunc
3417 3268 3676 3342 piscicu-

246 3382 400 3417 νειαν
458 3364 556 3414 τοῦ
603 3356 798 3419 ὕδατος
854 3356 1391 3431 ἀνανήχεται.’¹οταν
1444 3351 1535 3409 οὖν
1567 3354 1629 3408 τὸ
1657 3349 1907 3429 ῗχθύδιον

250 3452 422 3504 τοῦτο
473 3445 771 3502 θεάσωνται
829 3444 883 3499 οἱ
924 3442 1409 3518 θαλαττουργοὶτῇ
1460 3439 1702 3515 θαλάσσῃ
1734 3439 1912 3517 νηχό-

259 3558 453 3612 μενον,
509 3538 766 3612 χειμῶνα
818 3530 1227 3608 τεκμαίρονται,
1262 3531 1444 3605 ὥσπερ
1474 3529 1598 3585 ὅταν
1634 3526 1789 3584 ἴδωσι
1819 3529 1909 3584 τὸν

250 3624 553 3683 πολύποδα
578 3632 680 3695 τῆς
711 3622 907 3700 πέτρας
934 3622 1353 3698 περιεχόμενον,
1397 3619 1606 3695 ἀνεμων
1648 3641 1714 3689 ση
1726 3624 1913 3693 μεοῦν-

250 3739 346 3773 ται
376 3714 569 3794 φοράν.
603 3713 1042 3789 Ἐγκατὲσπειρεν
1070 3711 1174 3786 γὰρ
1214 3711 1243 3765 ὁ
1283 3711 1411 3772 Θεὸς
1437 3714 1555 3771 τοῖς
1608 3709 1768 3778 ζώοις
1819 3706 1912 3764 δυ-

247 3806 448 3880 νάμεις
475 3803 906 3880 προγνωστικὰς,
935 3798 1006 3855 δι’
1036 3797 1109 3855 ὧν
1139 3800 1208 3855 τὰ
1237 3801 1483 3875 σωτήρια
1512 3795 1771 3853 διώκουσι
1819 3798 1911 3853 καὶ

222 3881 320 3951 ’τά
349 3893 579 3968 λυπηρᾶ
605 3888 981 3971 διαφεύγουσι.

248 4028 351 4098 ρν’.
382 4018 535 4076 Διατί
558 4019 648 4075 τὸν
683 4018 777 4098 μὲν
810 4011 1649 4098 σῖτονὲν’πηλώδειρυτεύομεν
1682 4016 1777 4090 γῇ,
1808 4014 1908 4083 τήν

721 4087 779 4145 δὲ
815 4089 1009 4165 κριθὴν
1043 4086 1094 4142 ἐν
1135 4086 1444 4161 καταξήρῳ.

324 4201 391 4259 '0
442 4204 596 4262 σῖτος
652 4196 848 4273 πικρὸς
906 4194 991 4252 ὅτι
1044 4195 1136 4251 καὶ
1194 4191 1469 4266 ξυλώόης,
1503 4190 1684 4269 χαύνη
1718 4189 1777 4247 δὲ
1819 4193 1911 4248 καὶ

252 4287 619 4360 ιὺδιάσηπτος
673 4289 709 4357 ἡ
766 4286 952 4362 κριθή.
1007 4284 1165 4349 Ὅθεν
1225 4282 1423 4345 ἐκεῖνος
1483 4283 1578 4357 μὲν
1638 4280 1912 4355 μαλαττό-

256 4400 421 4454 μενος
466 4377 558 4433 καὶ
615 4374 961 4454 χυλούμενος
1014 4373 1117 4429 ὑπὸ
1170 4376 1268 4429 τοῦ
1325 4372 1490 4450 ὑγροῦ
1525 4370 1762 4445 μάλιστα
1791 4371 1915 4451 φύε-

250 4490 368 4543 ται.
416 4470 496 4542 Τῇ
527 4463 586 4522 δὲ
607 4468 771 4543 κριθῇ
811 4462 901 4519 διὰ
932 4462 1212 4538 μανότητα
1236 4461 1514 4540 σύμφορόν
1572 4461 1684 4517 ἐστι
1712 4461 1775 4517 τὸ
1818 4463 1913 4533 ξη-

255 4560 505 4637 ρότερον⁹
556 4556 673 4613 ὅθεν
733 4553 1047 4630 πυροφόρος
1100 4552 1194 4627 μὲν
1223 4554 1258 4622 ἡ
1315 4550 1457 4606 πίων
1500 4549 1591 4605 καὶ
1636 4550 1910 4627 βαθύγεως

2021 3358 2143 3414 lum
2176 3361 2365 3413 nautae
2394 3356 2484 3412 vel
2524 3357 2844 3429 piscatores
2878 3357 3023 3413 mari
3070 3361 3554 3431 supernatantem
3584 3357 3673 3414 vi-

2021 3448 2181 3516 dent,
2211 3450 2622 3518 tempestatem
2647 3446 3025 3519 praesagiunt,
3046 3448 3132 3503 uti
3154 3452 3460 3504 ventorum
3484 3446 3677 3503 immi-

2021 3536 2288 3593 nentium
2312 3535 2546 3607 signum
2570 3540 2679 3602 est,
2704 3535 2753 3591 si
2778 3535 3126 3608 polypodem
3154 3536 3674 3593 animadverterint

2022 3631 2197 3700 petrae
2230 3624 2645 3680 adhaerentem.
2672 3625 3055 3680 Inseminavit
3081 3625 3238 3681 enim
3265 3625 3420 3681 Deus
3445 3625 3673 3681 anima-

2020 3714 2179 3772 libus
2210 3712 2550 3769 facultatem
2583 3713 2877 3786 ejusmodi
2907 3714 3335 3786 pranotricem,
3364 3714 3534 3785 cujus
3564 3729 3674 3785 ope

2020 3805 2328 3879 profutura
2376 3807 2840 3875 prosequuntur,
2887 3807 2944 3858 et
2990 3819 3119 3876 quae
3171 3819 3375 3860 nocere
3424 3805 3675 3875 possunt

2019 3893 2273 3968 fugiunt.

2022 4020 2146 4075 150.
2179 4019 2361 4088 Quare
2386 4020 2733 4089 frumntum
2770 4019 2832 4073 in
2874 4018 3070 4084 lutoso,
3099 4017 3365 4075 hordeum
3403 4020 3468 4075 in
3506 4016 3671 4075 arido

2601 4092 2941 4146 conserimus
2968 4089 3103 4146 solo.

2091 4197 2377 4263 Quoniam
2400 4197 2678 4253 frumenti
2699 4196 2904 4269 planta
2921 4214 3123 4254 amara
3143 4214 3212 4254 ac
3232 4195 3542 4254 surculosa
3562 4199 3672 4266 est,

2018 4287 2223 4344 hordei
2252 4293 2452 4343 autem
2481 4286 2613 4343 laxa
2661 4292 2721 4343 et
2768 4291 3020 4359 t'ungosa
3048 4303 3294 4358 quaeque
3340 4284 3510 4343 facile
3537 4302 3670 4341 cor-

2020 4376 2339 4448 rumpitur,
2364 4377 2519 4431 unde
2549 4374 2695 4431 illud
2726 4376 2799 4431 ab
2832 4376 3079 4432 humido
3108 4375 3437 4431 emollitum
3468 4390 3673 4431 succo-

2021 4483 2136 4538 que
2166 4464 2477 4538 impletum
2527 4466 2747 4537 optime
2775 4465 3008 4533 crescit,
3038 4466 3258 4521 hordeo
3307 4473 3504 4521 autem
3537 4464 3677 4535 quia

2021 4554 2240 4611 laxiore
2288 4559 2504 4611 natura
2533 4562 2643 4624 est,
2675 4554 2864 4627 magis
2912 4555 3188 4610 conducit
3231 4561 3388 4610 terra
3415 4554 3629 4610 siccior
3659 4570 3674 4609 :

256 4648 490 4724 ἄρουρα,
555 4642 884 4722 κριθοφόρος
964 4640 1022 4697 δὲ
1094 4643 1130 4712 ἡ
1210 4638 1538 4717 λεπτόγεως.
1600 4640 1749 4695 Διότι
1803 4644 1911 4696 τῶν

2028 4648 2176 4702 unde
2205 4650 2263 4702 et
2295 4644 2529 4715 pinguis
2561 4660 2625 4699 ac
2656 4638 2987 4715 profundus
3019 4660 3158 4716 ager
3204 4645 3427 4700 bonum
3460 4644 3681 4716 profert

254 4734 589 4810 σπερμάτων
628 4734 698 4789 τὰ
752 4731 955 4809 ἰσχυρᾶ
996 4729 1253 4793 πλείονος
1283 4732 1491 4807 τροφῆς
1525 4726 1716 4800 δεῖται,
1761 4731 1830 4786 τὰ
1858 4728 1917 4786 δὶ

256 4827 459 4896 ἀσθενῆ
518 4820 848 4897 λεπτοτέρας
924 4820 1012 4876 καὶ
1073 4818 1339 4898 ἔλαφρῆς.
1396 4820 1798 4895 Ἀσθενὲστερον
1859 4817 1918 4875 δὲ

257 4919 295 4985 ἡ
344 4914 512 4986 κριθὴ
568 4914 656 4967 καὶ
720 4909 1034 4986 μανότερον,
1094 4908 1211 4964 ὅθεν
1269 4908 1331 4964 ού
1389 4911 1536 4983 φὲρει
1566 4909 1665 4978 τήν
1698 4906 1917 4979 πολλὴν

254 5003 472 5081 τροφήν
526 5002 617 5057 καὶ
674 5002 917 5077 βαρεῖαν,
968 4999 1211 5071 Ἑκάστῳ
1262 4997 1363 5075 γὰρ
1426 4996 1771 5073 βλαστήματι
1830 4999 1919 5054 καὶ

260 5095 476 5164 ἑκάστῳ
546 5092 804 5167 φυομὲνῳ
871 5087 1060 5164 χόρτῳ
1122 5087 1158 5157 ἢ
1238 5087 1506 5162 σπέρματι
1564 5086 1920 5159 κατάλληλον

261 5183 382 5257 χρὴ
437 5182 537 5249 τήν
602 5178 965 5251 ὑποκειμένην
1031 5176 1521 5251 παρασκευάζεσθαι
1587 5183 1715 5251 γῆν,
1774 5176 1923 5239 ὅπως

263 5272 312 5345 ᾧ
367 5270 555 5347 χαίρει
607 5265 854 5337 ἕκαστον,
882 5265 1062 5339 τούτῳ
1089 5266 1423 5344 τρεφόμενον
1455 5263 1703 5337 αὔξηται.
1736 5266 1922 5339 Χαίρει

264 5359 324 5417 δὶ
376 5359 451 5415 τά
508 5359 602 5435 μὶν
651 5362 772 5421 τοῖς
800 5360 1012 5433 ξηροῖς,
1040 5356 1109 5411 τά
1138 5353 1196 5411 δὲ
1223 5360 1342 5419 τοῖς
1377 5354 1582 5431 ὑγροῖς,
1623 5355 1691 5409 τὰ
1721 5352 1778 5410 δὶ
1805 5362 1925 5419 τοίς

266 5462 362 5527 θερ
373 5454 520 5525 μοῖς.

265 5568 407 5648 ρνα’.
440 5564 596 5622 Διατί
625 5567 662 5636 ἠ
696 5563 945 5648 ἅμπελρς
974 5561 1437 5648 οἴνῳεραινιομένη
1476 5561 1710 5638 μάλιστα
1743 5564 1826 5635 τῷ
1876 5558 1930 5633 ἒξ

769 5637 962 5708 αὐτῆς,
1008 5633 1437 5711 ἀναξηραίνεται,

345 5748 475 5807 Ὅτι
532 5746 562 5804 ὁ
614 5742 843 5823 ἄκρατος
903 5742 1204 5812 στυπτικὴν
1251 5734 1395 5820 ἔχων
1464 5741 1619 5823 φύσιν
1692 5736 1933 5796 ἐνδύεται

603 5849 865 5938 Panos.
919 5874 1031 5936 σε.
1080 5870 1323 5935 CXXII.

2024 4738 2411 4805 frumentum,
2444 4734 2641 4789 tenuis
2681 4733 2988 4788 hordeum.
3015 4731 3254 4789 Semina
3306 4735 3551 4788 robusta
3579 4749 3679 4787 co-

2027 4823 2279 4897 piosiore
2324 4822 2687 4881 nutrimento
2719 4822 3009 4893 indigent,
3042 4821 3371 4877 inﬁrmiora
3415 4820 3681 4876 tenuiore

2027 4931 2093 4970 ac
2124 4912 2353 4968 leviore.
2388 4912 2488 4966 Est
2518 4914 2717 4966 autem
2749 4910 3036 4965 hordeum
3059 4910 3236 4982 longe
3268 4909 3564 4965 inﬁrmius
3596 4924 3682 4963 ra-

2028 5002 2289 5073 riusque,
2318 5000 2469 5054 unde
2499 5016 2612 5054 non
2644 4998 2748 5054 fert
2777 4998 3205 5054 nutrimentum
3227 5014 3401 5070 grave
3432 5014 3498 5053 ac
3530 4997 3682 5052 mul-

2030 5097 2178 5147 tum.
2203 5089 2399 5146 Cuivis
2438 5087 2593 5144 enim
2650 5088 2858 5157 plantae
2906 5088 3168 5143 herbaeve
3201 5085 3466 5142 nascenti
3495 5102 3562 5141 ac
3593 5100 3684 5141 se-

2032 5180 2177 5235 mini
2225 5181 2643 5251 congruentem
2677 5181 2891 5231 terram
2921 5176 3212 5247 subjicere
3260 5180 3435 5247 atque
3486 5179 3688 5246 aptare

2033 5272 2282 5340 oportet,
2318 5272 2382 5321 ut
2413 5283 2530 5337 qua
2560 5264 2863 5335 quodlibet
2901 5264 3137 5336 gaudet,
3168 5264 3228 5320 in
3267 5263 3379 5319 hac
3408 5261 3602 5319 alatur
3630 5265 3690 5317 et

2035 5355 2352 5423 adolescat,
2376 5360 2552 5427 prout
2572 5352 2688 5410 alia
2715 5354 2894 5424 sicco,
2914 5352 3159 5410 humido
3191 5352 3329 5424 alia,
3356 5352 3469 5409 alia
3497 5350 3687 5409 calido

2036 5445 2402 5502 delectantur
2430 5442 2575 5501 solo.

2092 5562 2214 5618 151.
2248 5562 2428 5631 Quare
2456 5561 2583 5617 vitis
2611 5560 3032 5634 vineirrigata,
3062 5561 3316 5617 maxime
3343 5560 3496 5634 quod
3526 5559 3646 5633 ipsa

2598 5630 2796 5702 edidit,
2827 5639 3131 5688 excrescat.

2114 5741 2401 5809 Quoniam
2458 5758 2688 5799 merum
2736 5741 2790 5799 vi
2840 5758 2949 5799 sua
2995 5742 3245 5817 styptica
3292 5742 3413 5801 sive
3461 5747 3692 5800 contra-
