4088 6350
454 388 576 447 779

1786 389 2208 451 MlCHAELlS
2258 389 2526 449 PSELLI

3758 390 3873 451 780

454 521 628 576 hente
658 519 924 575 insinuat
954 535 1016 575 se
1049 520 1365 587 radicibus,
1397 538 1685 595 porosque
1714 522 2100 594 constipando

2230 524 2331 583 ταῖς
2363 520 2560 594 ῥίζαις,
2614 519 2862 582 καὶτοὺς
2908 520 3111 597 πόρους
3162 521 3475 597 συναγαγὼν
3503 522 3590 576 καὶ
3646 523 3871 577 πυκνώ-

457 628 523 666 ac
556 612 967 666 condensando
1004 627 1117 664 non
1164 610 1305 665 sinit
1336 629 1548 682 aquam
1586 619 1647 667 ut
1678 614 1879 684 planta
1909 612 2111 667 lloreat

458 708 816 771 crescatque,
870 706 1197 771 penetrare.
1234 701 1485 757 Facilius
1527 718 1659 757 vero
1711 701 1945 757 imbibit
1974 700 2108 755 vitis

455 790 654 844 vinum
690 790 843 859 quod
892 806 959 843 ex
1004 789 1132 861 ipsa
1163 792 1487 861 profectum
1520 798 1628 855 est,
1663 792 1711 847 si
1762 792 1843 846 illi
1896 792 2108 846 iterum

457 879 813 933 ali‘undatur.
847 879 969 933 Etsi
1008 880 1167 935 enim
1211 897 1387 936 sensu
1420 882 1758 938 destituitur
1788 880 2008 953 planta,
2042 896 2109 935 ac

454 985 559 1023 nec
590 968 852 1039 appetitu
886 985 991 1023 nec
1023 968 1335 1041 phantasia
1366 978 1647 1039 movetur,
1674 977 1869 1025 tamen
1903 974 2111 1025 natura

453 1058 638 1112 fertur
669 1059 740 1114 ad
771 1075 1010 1113 succum
1042 1059 1155 1114 sibi
1190 1060 1562 1131 familiarem,
1589 1067 1647 1116 et
1679 1061 1749 1115 ab
1782 1076 1847 1115 eo
1881 1058 2110 1114 facilius

454 1149 840 1219 constipatur.
873 1148 1157 1203 Caeterum
1193 1149 1340 1205 nihil
1383 1149 1595 1217 verius,
1624 1166 1799 1221 quam
1836 1148 2019 1204 multa
2049 1148 2107 1202 in

453 1237 712 1310 physicis
743 1254 873 1293 esse
917 1256 1042 1309 quae
1075 1237 1394 1295 difficulter
1423 1240 1699 1311 explicari
1750 1244 1806 1295 et
1857 1254 2109 1310 quorum

452 1328 709 1383 rationes
740 1328 1094 1399 conjecturis
1125 1346 1238 1384 non
1273 1329 1440 1385 facile
1468 1329 1681 1401 attingi
1714 1334 1979 1401 possunt,
2009 1344 2109 1383 cu-

447 1418 714 1488 jusmodi
746 1418 1037 1489 profunda
1065 1419 1397 1489 cognitione
1422 1420 1710 1491 tantisper
1742 1418 1941 1485 dilata,
1966 1417 2111 1473 satis

453 1507 626 1563 nobis
642 1524 771 1564 esse
788 1508 957 1563 debet
979 1507 1027 1564 si
1049 1508 1367 1564 verisimile
1389 1508 1612 1580 aliquid
1636 1510 1932 1565 atl‘eratur.
1952 1508 2109 1562 Idem

454 1602 651 1667 aperte
696 1599 999 1669 profitetur
1047 1597 1208 1653 Plato
1240 1597 1299 1653 in
1332 1599 1570 1669 Timaeo,
1597 1604 1773 1670 atque
1820 1598 1951 1653 ideo
1996 1596 2111 1651 Nec

451 1702 579 1758 ego,
612 1687 826 1759 inquit,
851 1688 949 1758 qui
980 1687 1207 1759 loquor,
1234 1705 1338 1744 nec
1359 1705 1459 1743 vos
1491 1690 1589 1760 qui
1623 1706 1715 1745 me
1748 1686 1967 1744 auditis
1997 1685 2109 1741 hu-

453 1778 609 1832 mani
641 1776 866 1850 aliquid
897 1794 931 1832 a
960 1777 1129 1834 nobis
1159 1778 1417 1834 alienum
1450 1784 1658 1850 putare
1690 1778 1993 1834 debemus.

2218 630 2311 671 σας
2362 608 2459 663 οὐκ
2486 608 2546 679 ἐᾷ
2598 606 2790 665 διιέναι
2823 610 2884 664 τὸ
2915 607 3081 685 ὓδωρ,
3117 609 3247 665 ὥστι
3303 612 3365 665 τὸ
3424 611 3586 687 φυτὸν
3621 610 3868 666 εύθαλεῖν

2218 698 2305 753 καὶ
2360 698 2698 773 βλαστάνειν.
2752 700 2902 769 Ῥᾷον
2966 696 3023 753 Si
3082 700 3116 768 ἠ
3172 696 3419 771 ἄμπελος
3478 697 3693 774 δέχεται
3722 699 3784 754 τὸ
3817 699 3867 770 ἐξ

2220 787 2385 857 αὐτῆς
2448 788 2628 859 ἆπιόν,
2688 788 2763 851 εἷς
2824 788 2989 858 αὐτὴν
3049 786 3289 845 ἐπανιόν.
3353 788 3414 843 Εἰ
3462 790 3563 865 γάρ
3594 789 3866 843 καὶάναι-

2219 879 2414 947 σθητον
2469 879 2531 933 τὸ
2589 878 2775 953 φυτὸν,
2833 877 2921 932 καὶ
2982 874 3105 933 οἶῖτε
3180 879 3328 951 ὁρμῇ
3412 877 3534 933 οὕτε
3608 878 3870 955 φαντασίᾳ

2221 965 2623 1040 διοικούμενον,
2684 966 2829 1022 ἄλλα
2887 967 3040 1045 φύσει
3098 967 3234 1042 πρὸς
3291 968 3381 1022 τὸν
3442 966 3640 1022 οίκεῖον
3685 968 3864 1043 χυμὸν

2216 1058 2550 1133 τρεπομένη,
2595 1058 2722 1133 παρ’
2751 1057 2915 1111 αύτοῦ
2950 1054 3161 1130 μᾶλλον
3197 1056 3451 1130 ὑπομένει
3499 1058 3598 1125 τὴν
3648 1058 3868 1113 πύκνω-

2220 1169 2321 1204 σιν.
2358 1146 2506 1204 Εἰσὶν
2540 1147 2633 1201 οὖν
2666 1146 2740 1210 ὡς
2772 1146 2973 1217 ἀληθὲς
3002 1148 3069 1203 τὰ
3092 1145 3267 1202 πλείω
3292 1152 3397 1202 τῶν
3430 1146 3869 1225 φυσιολογουμέ-

2218 1256 2325 1290 νων
2374 1233 2681 1314 δύσφραστα
2722 1236 2811 1291 καὶ
2863 1234 3196 1307 δυςείκαστα,
3228 1236 3316 1291 καὶ
3349 1233 3430 1292 δεῖ
3456 1237 3519 1291 τὸ
3553 1237 3647 1309 μὶν
3704 1236 3868 1312 βάοος

2220 1325 2611 1403 ἀπογινώσκειν
2639 1334 2737 1396 τῆς
2769 1323 3109 1403 διαγνώσεως
3143 1323 3393 1402 δέχεσθαι
3417 1322 3475 1381 δὶ
3494 1329 3555 1381 τὸ
3582 1322 3866 1399 διδόμενον

2223 1416 2282 1470 ἂν
2308 1412 2423 1492 ἔχει
2453 1416 2515 1472 τὸ
2547 1418 2794 1481 πιθανόν.
2825 1420 2994 1471 Τοῦτο
3025 1415 3112 1471 καὶ
3146 1416 3372 1472 Πλάτων
3407 1415 3457 1471 έν
3498 1415 3712 1489 Τιμαίῳ
3747 1416 3869 1489 βοᾷ,

2221 1505 2295 1568 ὡς
2328 1507 2465 1579 Ἐγώ
2495 1527 2551 1561 τε
2575 1508 2602 1561 ὁ
2634 1504 2812 1581 λέγων
2853 1507 3010 1579 ὑμεῖς
3040 1526 3100 1562 τε
3139 1506 3192 1561 οἱ
3242 1504 3530 1569 ἀκούοντες
3567 1504 3724 1581 φύσιν
3780 1506 3870 1560 ἂν·

2219 1596 2497 1671 θρωπίνην
2531 1592 2756 1671 ἔχομεν.

529 1915 651 1969 152.
681 1914 862 1982 Quare
888 1929 1029 1971 rosa:
1058 1915 1235 1969 laetius
1262 1917 1459 1986 ﬂorent
1484 1914 1801 1987 fatentibus
1827 1917 2038 1988 plantis

2230 1911 2356 1986 ονβ’.
2391 1910 2540 1965 Διατί
2570 1911 2637 1965 τὰ
2669 1910 2800 1986 ῥόρα
2856 1908 3068 1988 μᾶλλον
3104 1905 3540 1988 ἀνρεῖδυσωδῶν
3571 1914 3735 1965 τινῶν
3771 1931 3870 1966 πα-

991 1988 1158 2058 juxla
1187 1988 1558 2043 nascentibus.

525 2093 651 2147 Non
684 2109 827 2148 rosa:
861 2091 1075 2161 solum,
1100 2093 1198 2148 sed
1231 2096 1288 2148 et
1318 2093 1441 2149 lilia
1466 2097 1522 2148 et
1552 2109 1914 2165 quaecunque
1947 2094 2110 2150 suavi

464 2184 638 2238 odore
686 2182 1187 2254 prmstant,juxta
1216 2181 1591 2238 nascentibus
1646 2182 1781 2238 allio
1829 2188 1887 2238 et
1933 2182 2111 2255 cuspis

466 2272 853 2341 fragrantiora
884 2271 1366 2342 ﬁunt.Siquidem
1395 2271 1679 2343 quidquid
1706 2271 1969 2327 adhucin
1994 2270 2113 2326 illis

464 2364 767 2430 supererat
805 2377 933 2415 acre
978 2366 1153 2432 atque
1184 2361 1503 2433 ingratum,
1536 2365 1746 2418 natura
1792 2379 1901 2417 sua
1932 2361 2116 2416 fertur

464 2450 534 2504 ad
584 2448 683 2503 illa
731 2448 998 2503 acerrimi
1048 2449 1245 2504 odoris
1295 2449 1541 2521 semina,
1576 2450 1660 2505 sic
1709 2454 1774 2505 ut
1821 2449 2112 2521 reliquum

464 2538 673 2592 deinde
694 2537 769 2592 sit
796 2539 1334 2610 fragrantissimum
1364 2539 1972 2611 amoenissimumque.
2001 2538 2113 2594 Sed

464 2630 520 2681 et
549 2630 678 2681 ruta
710 2628 821 2682 sub
852 2628 960 2683 fico
988 2628 1249 2700 plantata
1273 2630 1337 2684 fit
1359 2646 1534 2700 quam
1572 2630 1730 2701 prius
1752 2634 1875 2685 erat
1906 2628 2112 2695 acrior,

466 2732 600 2770 nam
650 2718 804 2787 quod
865 2717 922 2772 in
974 2719 1081 2773 fico
1140 2723 1264 2773 erat
1320 2719 1773 2790 graveolentius,
1806 2720 1863 2774 in
1924 2723 2115 2773 rutam

464 2808 834 2861 transfertur.
868 2806 1054 2862 Etiam
1089 2808 1146 2861 in
1182 2807 1307 2862 ficis
1339 2824 1518 2879 prope
1551 2807 1854 2879 caprificos
1885 2806 2117 2878 planta-

465 2894 542 2950 tis
573 2895 873 2951 suaviores
914 2897 1005 2950 ﬁci
1054 2901 1398 2965 nascuntur,
1435 2898 1724 2967 siquidem
1759 2897 2119 2968 homogenea

469 3001 534 3040 ac
564 2984 777 3040 similis
812 2986 1045 3057 generis
1077 3002 1205 3057 quae
1230 2990 1391 3053 sunt,
1418 3003 1519 3057 per
1550 2992 1820 3042 naturam
1854 2986 2120 3042 feruntur

467 3092 534 3131 ac
565 3075 881 3131 trahuntur
919 3077 987 3131 ad
1040 3076 1276 3144 similia,
1311 3076 1600 3148 quidquid
1656 3077 1853 3149 itaque
1901 3076 1960 3131 in
2013 3076 2119 3131 lico

467 3169 591 3220 erat
620 3182 773 3231 acre,
806 3166 863 3220 in
896 3165 1237 3237 eapriiicum
1282 3167 1516 3237 transit,
1550 3170 1724 3238 atque
1755 3167 1898 3223 adeo
1925 3166 2118 3222 since-

467 3272 588 3310 ram
623 3255 673 3311 ei
704 3260 895 3312 servat
926 3254 1324 3311 dulcedinem.

469 3391 591 3447 153.
627 3391 806 3459 Quare
833 3407 1096 3463 aprorum
1140 3390 1403 3463 lacrymae
1440 3391 1654 3461 dulces,
1686 3408 1971 3449 cervorum
2007 3395 2121 3449 siut

1200 3479 1385 3520 δαιδάε.

537 3568 655 3625 lloc
711 3575 767 3626 et
824 3570 1014 3627 calore
1071 3576 1128 3627 et
1184 3572 1503 3643 frigiditate
1560 3572 1867 3643 contingit.
1913 3572 2124 3628 Cervus

468 3660 626 3715 enim
658 3660 880 3732 frigida:
913 3666 1137 3715 naturae
1167 3666 1278 3727 est,
1310 3662 1462 3715 unde
1492 3665 1550 3715 et
1580 3662 1827 3716 timidus
1861 3678 2123 3733 semper-

470 3767 582 3822 que
615 3750 867 3821 fugiens,
920 3768 1023 3806 nec
1071 3752 1171 3823 qui
1223 3767 1486 3821 unquam
1538 3749 1685 3805 alios
1735 3752 2119 3821 persequitur.

467 3845 543 3894 At
572 3857 710 3910 aper
738 3838 927 3895 calida
956 3844 1375 3911 temperatura,
1410 3839 1565 3893 unde
1597 3837 1755 3894 calor
1784 3838 1973 3894 oculis
1994 3842 2124 3909 ejus

468 3929 731 3984 insidens
761 3930 1050 4000 lacrymas
1082 3928 1279 3999 coquit
1322 3932 1376 3983 et
1423 3928 1622 3983 dulces
1670 3928 1882 3995 reddit,
1917 3928 2017 3983 sed
2064 3927 2123 3982 in

470 4018 653 4073 cervis
713 4019 899 4090 frigus
948 4035 1081 4073 cum
1134 4023 1361 4072 mutare
1409 4016 1646 4071 illarum
1708 4022 1980 4072 naturam
2012 4034 2123 4073 non

470 4108 676 4179 possit,
712 4107 995 4178 relinquit
1043 4107 1227 4161 salsas
1276 4107 1627 4177 crudasque.
1662 4105 1815 4161 Nihil
1851 4123 1993 4162 sane
2038 4112 2127 4162 est

468 4196 527 4251 in
581 4203 789 4252 natura
839 4200 995 4266 quod
1056 4212 1294 4250 causam
1355 4212 1522 4249 suam
1585 4212 1699 4249 non
1761 4195 1956 4265 habet,
1990 4196 2125 4251 licet

470 4286 657 4341 multa
700 4290 937 4355 captum
989 4290 1257 4339 nostrum
1290 4284 1591 4354 effugiant.
1648 4286 1851 4355 Itaque
1899 4291 2128 4369 oportet

467 4374 749 4428 veriorem
783 4390 1021 4428 causam
1055 4389 1286 4443 semper
1313 4372 1628 4443 inquirere,
1663 4379 1857 4427 tamen
1892 4378 2126 4428 conten-

466 4468 595 4518 tum
643 4479 769 4517 esse
828 4463 1004 4516 etiam
1059 4461 1500 4527 verisimilibus,
1544 4462 1698 4531 quod
1755 4470 1807 4515 et
1852 4460 2013 4516 Plato
2066 4462 2125 4517 in

468 4552 753 4606 Phaedone
805 4551 989 4606 facere
1014 4551 1207 4621 jubet,
1260 4568 1373 4605 non
1422 4567 1489 4606 ea
1539 4550 1712 4606 modo
1763 4568 1889 4622 qua:
1942 4551 2126 4607 refelli

2745 1982 3099 2059 ραφυομένων
3137 1982 3321 2044 αὐτοῖς
3332 2027 3343 2040 .

2293 2080 2370 2136 Ού
2428 2080 2493 2134 τὰ
2548 2077 2679 2156 ῥόδα
2713 2080 2900 2153 μόνον,
2948 2077 3094 2135 ἀλλὰ
3131 2080 3220 2135 καί
3250 2080 3316 2135 τὰ
3354 2078 3415 2134 ’ία
3443 2079 3533 2134 καὶ
3565 2082 3741 2135 πάντα
3773 2079 3874 2135 ὅσα

2222 2166 2335 2244 ἔχει
2393 2167 2578 2238 ἡδεῖαν
2630 2169 2934 2247 ἀποφοράν,
2993 2170 3117 2223 ὅταν
3170 2166 3403 2243 σκόροδα
3457 2169 3546 2223 καὶ
3603 2170 3869 2243 κρόμμυα

2219 2258 2433 2320 τούτοις
2488 2258 2845 2336 παραφύεται,
2897 2256 3229 2333 εὐωδέστερα
3282 2258 3501 2333 γίνεται.
3562 2259 3711 2313 Διὸτι
3762 2265 3865 2314 πᾶν

2224 2346 2278 2403 εἷ’
2326 2370 2378 2403 τι
2434 2346 2599 2421 δριμὺ
2656 2350 2746 2403 καὶ
2778 2346 3051 2421 δύσοδμον
3085 2347 3136 2403 ἰν
3164 2348 3378 2411 τούτοις
3408 2348 3463 2423 ᾖ,
3513 2346 3565 2402 ἐν
3599 2354 3717 2410 τοῖς
3750 2347 3869 2424 δρι-

2228 2440 2480 2514 μυτέροις
2522 2443 2629 2493 τῶν
2689 2437 3012 2511 σπερμάτων
3065 2441 3303 2516 φυσικῶς
3331 2436 3581 2514 ἀπορρεῖ,
3633 2437 3725 2491 καὶ
3783 2438 3868 2513 γίν-

2223 2549 2369 2582 νεται
2420 2529 2479 2581 τὸ
2534 2525 3086 2601 καταλιμπανόμενον
3118 2524 3476 2581 εὐωδέστατον
3507 2528 3597 2580 καί
3630 2527 3872 2601 ὀσφραν-

2222 2619 2542 2675 τικώτατον.
2578 2619 2677 2673 Καὶ
2705 2618 2767 2672 τὸ
2797 2619 3037 2691 πήγανον
3071 2615 3129 2671 δὶ
3160 2617 3264 2671 ὑπὸ
3292 2619 3360 2689 τῇ
3391 2619 3527 2688 συκῇ
3572 2615 3873 2692 φυτευόμε-

2224 2728 2313 2762 νον
2346 2705 2669 2782 δριμύτερον
2721 2704 2911 2762 ἑαυτοῦ
2946 2705 3198 2782 γίνεται;
3253 2704 3586 2778 μετατίθεται
3632 2706 3735 2778 γὰρ
3794 2703 3875 2765 εἰς

2227 2798 2389 2874 φυτὸν
2421 2798 2483 2851 τὸ
2514 2796 2565 2850 ἐν
2598 2800 2666 2871 τῇ
2694 2799 2833 2870 συκῇ
2896 2795 3226 2870 βαρύοσμον.
3284 2796 3389 2850 Καὶ
3430 2796 3539 2849 τῶν
3574 2799 3763 2855 συκαῖς
3817 2791 3878 2848 δὲ

2228 2886 2441 2961 ἀγρίαις
2518 2885 3039 2963 παραφυτευομένων
3122 2888 3298 2939 συκῶν
3355 2882 3557 2958 βελτίω
3610 2882 3681 2938 τὰ
3736 2888 3875 2937 σῦκα

2225 2975 2489 3051 γίνονται·
2547 2974 2751 3045 Ὀλκῆς
2809 2974 2913 3050 γὰρ
2976 2973 3182 3047 δκάστῳ
3238 2974 3329 3028 καὶ
3385 2979 3557 3051 φορᾶς
3612 2972 3753 3047 πρὸς
3806 2972 3877 3026 τὰ

2228 3063 2487 3140 σύμφυλα
2515 3066 2605 3119 καὶ
2644 3064 2810 3136 ὅμοια
2835 3064 3145 3139 γινομένης,
3194 3061 3319 3117 ὅσον
3374 3061 3515 3116 ἐστὶν
3555 3061 3608 3116 ἐν
3638 3065 3707 3135 τῇ
3734 3074 3874 3137 γΛυ-

2228 3154 2352 3226 καίᾳ
2380 3158 2515 3227 συκῇ
2548 3152 2736 3228 δριμὺ,
2769 3152 2843 3215 είς
2873 3154 2971 3221 τήν
3001 3151 3185 3228 ἀγρίαν
3221 3146 3527 3224 μεταϐαίνει
3554 3158 3744 3220 συκῆν,
3775 3150 3873 3205 καὶ

2230 3245 2458 3317 ἄμικτον
2486 3247 2584 3314 τὴν
2617 3248 2717 3298 τοῦ
2746 3243 2910 3297 σύκου
2942 3238 3289 3319 διαφυλάττει
3317 3239 3651 3317 γλυκύτητα.

2229 3381 2357 3455 ρνγ’.
2392 3378 2487 3434 Διὰ
2522 3377 2863 3455 'tlv1_a‘l_rlav
2916 3376 3110 3455 τᾷατῷν
3144 3375 3343 3455 ἀγρίων
3377 3380 3514 3455 συῶν
3545 3374 3710 3453 δάκρυ
3740 3372 3873 3447 ἡδὺ,

2616 3451 2679 3505 τὸ
2712 3447 2768 3505 δὶ
2796 3454 2904 3505 τῶν
2952 3446 3163 3525 ἐλάφων
3190 3446 3477 3525 άλμυρόν.

2301 3551 2475 3605 Τοῦτο
2536 3546 2624 3602 διὰ
2680 3547 2987 3623 θερμότητα
3015 3546 3103 3602 καὶ
3154 3546 3477 3622 ψυχρότητα
3526 3544 3749 3621 γίνεται.
3811 3544 3876 3601 Ὁ

2236 3639 2329 3712 μέν
2378 3638 2481 3714 γὰρ
2531 3635 2728 3715 ἔλαφος
2787 3638 3019 3714 ψυχρὸς,
3080 3631 3197 3701 ὅθεν
3258 3636 3345 3691 καὶ
3406 3633 3587 3697 δειλὸς
3621 3634 3711 3689 καὶ
3743 3634 3876 3711 φεύ-

2230 3750 2339 3804 γων
2402 3728 2505 3795 ἀεὶ,
2565 3724 2776 3782 διώκων
2834 3724 2891 3781 δὲ
2922 3724 3197 3781 οὐδέποτε.
3233 3726 3293 3783 Ὁ
3347 3722 3402 3780 δὲ
3434 3730 3625 3801 χοῖρος
3654 3724 3877 3799 θερμὸς,

2233 3814 2374 3872 ἔνθεν
2407 3839 2490 3873 τοι
2521 3819 2581 3871 τὸ
2620 3817 2713 3890 μέν
2747 3817 2944 3893 θερμὸν
2976 3822 3092 3879 τοῖς
3127 3815 3433 3895 ὀφθαλμοῖς
3458 3819 3564 3869 τῶν
3598 3817 3735 3868 συῶν
3792 3813 3886 3890 έγ-

2232 3909 2539 3981 καθήμενον
2571 3908 2758 3962 πέπτει
2788 3905 3002 3969 τούτοις
3031 3909 3094 3961 τὸ
3125 3903 3375 3981 δάκρυον,
3407 3903 3495 3959 καὶ
3516 3902 3688 3980 γλυκὺ
3711 3904 3884 3980 ἅπερ·

2234 3998 2475 4073 γάζεται.
2505 3998 2575 4052 Τὸ
2602 3994 2658 4052 δὶ
2688 3996 2899 4072 ψυχρὸν
2934 3990 3257 4069 μεταϐαλεῖν
3286 3999 3447 4050 τοῦτο
3488 3994 3605 4058 τοὶς
3649 3991 3886 4071 “defui;

2240 4090 2314 4163 μή
2344 4087 2612 4164 έξισχύον,
2646 4085 2892 4163 ἁλμυρὸν
2922 4090 3082 4141 τοῦτο
3108 4085 3195 4141 καί
3229 4090 3434 4165 φαῦλον
3466 4084 3543 4156 ὶᾷ.
3577 4080 3742 4141 Ούδὲν
3774 4085 3881 4160 γάρ

2233 4184 2343 4234 τῶν
2375 4178 2587 4233 πάντων
2621 4177 2875 4247 ἀναίτιον,
2909 4176 2958 4231 εἲ
2985 4177 3075 4231 καὶ
3105 4174 3292 4231 πολλὰ
3317 4176 3415 4244 τὴν
3449 4174 3711 4251 ἡμετέραν
3760 4172 3883 4228 δια-

2238 4270 2420 4345 φεύγει
2448 4266 2874 4342 κατάληψινΔεῖ
2904 4264 2960 4321 δὲ
2991 4265 3069 4321 ἀεὶ
3099 4268 3204 4339 μὴν
3235 4266 3328 4327 τὰς
3358 4264 3720 4339 ἀληθεστέρας
3748 4260 3884 4318 διω-

2234 4380 2344 4413 κειν
2377 4362 2483 4413 τῶν
2518 4358 2727 4424 αίτίῶν,
2762 4354 2905 4412 ἀλλὰ
2928 4356 3017 4410 καὶ
3047 4361 3165 4418 ταῖς
3215 4354 3606 4427 πιθανωτέραις
3662 4353 3885 4428 ἀρκεῖς-

2237 4450 2345 4516 Θαι,
2375 4447 2487 4502 ἐπεὶ
2509 4448 2599 4502 καὶ
2628 4451 2789 4501 τοῦτο
2823 4444 3049 4502 Πλάτων
3082 4443 3507 4522 παρακελεύεται
3533 4443 3584 4499 ἐν
3634 4447 3710 4514 τῷ
3760 4439 3885 4497 δια-

2238 4535 2385 4613 λόγῳ
2413 4542 2491 4609 τῷ
2522 4533 2771 4607 (halama,
2805 4534 2867 4588 ού
2886 4536 2952 4588 τά
2983 4532 3278 4611 ἀνέλεγκτα
3312 4534 3499 4609 μόνον,
3531 4530 3675 4589 ἀλλᾶ
3702 4532 3793 4586 καὶ
3818 4533 3890 4588 τά

466 4640 629 4697 nullo
662 4640 835 4696 modo
868 4646 1121 4711 possunt
1159 4639 1547 4712 amplectens,
1578 4640 1681 4695 sed
1712 4657 1780 4696 ea
1811 4657 1937 4712 qua
1969 4641 2112 4696 difﬁ-

2238 4624 2560 4702 δυσίλεγκτα
2582 4622 3047 4703 προσδεχόμενος.

464 4729 651 4787 culter
678 4736 929 4801 possunt
960 4730 1273 4787 confutari.

469 4866 589 4921 154.
628 4866 807 4933 Quare
835 4863 1025 4938 silices
1069 4869 1119 4919 et
1163 4864 1379 4938 plumbi
1409 4865 1638 4938 laminae
1667 4880 1821 4937 aquae
1852 4867 2121 4938 imposita

878 4936 1037 4991 illam
1069 4937 1421 5009 frigidiorem
1451 4936 1711 4993 reddant.

530 5052 690 5109 Hanc
711 5052 1093 5123 quaestionem
1119 5052 1467 5108 Aristoteles
1493 5054 1549 5108 in
1582 5052 1962 5124 problematis
1983 5070 2114 5108 cum

456 5143 815 5198 instituisset
844 5143 1192 5213 expendere,
1218 5142 1538 5197 insolutam
1573 5141 1935 5212 reliquit,est
1958 5142 2113 5196 enim

453 5249 522 5287 ex
556 5232 946 5286 difﬁcillimis.
969 5230 1261 5285 Nimirum
1296 5248 1429 5286 vero
1461 5248 1594 5285 cum
1624 5246 1723 5284 aer
1750 5230 2115 5286 extrinsecus

451 5320 712 5376 allabens
747 5338 961 5391 aquam
1010 5320 1202 5374 reddit
1257 5320 1554 5390 frigidam,
1588 5320 1642 5373 id
1696 5319 1885 5390 magis
1934 5317 2111 5374 etiam

453 5411 684 5465 efficere
708 5411 861 5465 valet
888 5427 1019 5464 cum
1046 5409 1104 5463 in
1128 5408 1353 5478 lapides
1378 5414 1434 5462 et
1459 5406 1684 5478 plumbi
1713 5408 1964 5464 laminas
1995 5408 2108 5463 im-

454 5499 753 5571 pingitur:
788 5500 1077 5554 densitate
1110 5498 1269 5552 enim
1303 5514 1409 5551 sua
1432 5497 1731 5567 excnpiunt
1758 5496 1904 5551 illud
1939 5501 2112 5568 atque

450 5589 508 5641 in
551 5605 763 5659 aquam
814 5588 1025 5643 iterum
1079 5587 1411 5652 remittunt,
1448 5591 1511 5639 ut
1561 5602 1663 5656 per
1711 5590 1894 5640 totam
1944 5584 2108 5640 illam

446 5676 702 5732 validius
736 5678 921 5747 frigus
968 5678 1268 5745 pervadat,
1301 5675 1459 5728 unde
1508 5673 1655 5727 nihil
1704 5674 1918 5728 mirum
1954 5676 2103 5744 quod

449 5766 645 5822 silices
678 5764 1021 5839 plumbique
1052 5764 1279 5819 laminae
1306 5779 1469 5835 aquis
1494 5762 1719 5834 injecta:
1752 5762 1915 5818 illam
1946 5762 2106 5819 refri-

2228 4848 2355 4927 ρνδ’.
2391 4852 2487 4905 Διὰ
2513 4851 2637 4905 τίνα
2668 4848 2840 4927 αἰτίαν
2868 4848 3097 4927 χάλικες
3124 4848 3236 4927 ,καί
3282 4841 3566 4927 μολιϐίδες
3598 4842 3894 4921 ἓμὸαλλό-

2531 4943 2685 4997 μεναι
2711 4917 3050 4997 ψυχρότερον
3083 4919 3147 4975 τὸ
3177 4917 3321 4997 ὕδωρ
3348 4924 3589 4989 ποιοῦσι,

2295 5045 2464 5094 Τοῦτο
2517 5042 2579 5095 τὸ
2654 5038 2966 5112 ζήτημακέν
3035 5032 3427 5113 προϐλήμασιν
3489 5036 3895 5111 Ἀριστοτέλης

2227 5127 2585 5203 ἐπιχειρήσας
2642 5134 2913 5203 θεωρῆσαι
2971 5124 3069 5180 ούκ
3125 5122 3443 5193 έπιλύσατο,
3503 5121 3614 5179 ἔστι
3669 5125 3773 5198 γάρ
3829 5125 3895 5181 ὲν

2221 5222 2339 5278 τοῖς
2395 5218 2633 5289 μάλιστα
2682 5213 3105 5289 δυσθεωρήτοις.
3138 5212 3201 5267 El
3232 5214 3333 5287 γάρ
3383 5214 3469 5267 καὶ
3505 5215 3533 5267 ὁ
3565 5213 3668 5284 ἀὴρ
3699 5234 3895 5287 παρα-

2224 5307 2390 5381 ψύχει
2448 5305 2509 5360 τὸ
2571 5303 2717 5379 ὕδωρ
2777 5300 2966 5376 ἔξωθεν
3027 5302 3335 5375 ἐμπίπτων,
3370 5302 3512 5357 οὕτω
3573 5298 3893 5375 δὲμᾶλλον

2222 5395 2402 5471 ἰσχύει
2460 5394 2598 5470 πρὸς
2658 5393 2784 5454 τοὺς
2843 5391 3029 5456 λίθους
3061 5392 3151 5445 καὶ
3181 5392 3275 5452 τὰς
3307 5386 3636 5464 μολιϐδίδας
3668 5392 3896 5464 ἀπερει-

2221 5484 2477 5557 δόμενος·
2530 5483 2790 5558 Στέγουσι
2838 5484 2939 5557 γάρ
2990 5480 3148 5535 αὐτὸν
3207 5484 3278 5554 τῇ
3309 5480 3605 5551 πυκνότητι
3639 5481 3727 5534 καὶ
3755 5480 3897 5535 ἀνα-

2218 5578 2459 5631 κυκλῶσι
2494 5573 2570 5634 εἷς
2618 5572 2679 5626 τὸ
2710 5570 2881 5645 ὕδωρ,
2942 5570 3081 5624 ὥστε
3138 5567 3210 5624 δι’
3241 5568 3379 5624 ὅλου
3444 5569 3680 5646 ἰσχυρὰν
3721 5568 3881 5645 γίνεη-

2219 5669 2338 5720 σθαι
2392 5664 2494 5730 τήν
2547 5660 2854 5735 περίψυξιν,
2905 5660 3088 5713 καινὸν
3147 5654 3308 5712 ούδὶτ
3340 5656 3426 5711 ἐὰν
3456 5658 3525 5713 τὰ
3550 5663 3657 5712 τῶν
3701 5656 3889 5733 χαλί-

2217 5775 2325 5811 κων
2369 5748 2576 5816 λιοίδια
2621 5748 2710 5805 καί
2762 5749 2816 5803 αἱ
2860 5742 3179 5823 μολιϐδίδες
3207 5741 3619 5823 ἐμϐαλλόμεναι
3652 5750 3882 5826 ψυχρὸν
