4088 6350
204 431 314 490 781

199 592 417 643 ποιοῦσι
470 587 534 642 τὸ
581 585 751 660 ὕδωρ.
785 587 878 642 Διὸ
925 585 1016 642 καὶ
1066 591 1354 662 χειμῶνος
1384 587 1434 640 οἷ
1479 585 1719 660 ποταμοὶ
1750 588 1854 659 ψυ-
1881 593 1935 656 Α

199 677 459 753 χρότεροι
506 679 609 750 τῇς
663 673 934 747 θαλάττης
984 676 1246 752 γίνονται·
1299 676 1477 752 ἰσχύει
1525 676 1628 751 γὰρ
1668 675 1720 731 ἐν
1753 675 1850 730 αύ-

193 771 314 828 τοῖς
346 768 374 820 6
414 766 630 842 ψυχρὸς
681 765 788 842 ἀὴρ
840 765 1252 839 ἀνακλώμενος,
1286 766 1337 821 ἐν
1389 763 1446 821 δὶ
1490 770 1559 839 τῇ
1611 764 1852 838 θαλάσσῃ

196 852 289 909 διὰ
323 855 487 929 βάθος
538 852 786 910 ἰκλύεται
835 856 972 930 πρὸς
1023 853 1191 927 μηδὶν
1246 853 1580 929 ἀντερείδων.
1629 852 1854 916 ’Ἄλλως

193 965 256 999 τε
283 945 374 998 καὶ
407 945 434 998 6
465 939 732 1017 μόλιϐδος
762 949 869 1000 τῶν
923 965 1077 1022 φυσει
1109 947 1334 1020 ψυχρῶν
1386 943 1551 1012 ἐστιν,
1583 941 1643 998 οἷ’
1664 964 1723 997 τε
1749 943 1850 1018 χά-

197 1033 348 1097 λικες
479 1033 778 1104 πυκνότητι
809 1035 871 1090 τὸ
901 1034 1115 1110 ψυχρὸν
1150 1032 1238 1088 διὰ
1273 1034 1432 1108 βάθος
1463 1037 1734 1088 ποιοῦσιν.

989 1240 1013 1277 ,ζ

198 1248 317 1319 ρνε’.
375 1241 473 1296 Διὰ
521 1242 644 1297 τίνα
682 1239 856 1296 αἰτίαν
909 1240 1140 1370 ἀχέροις
1191 1241 1281 1296 καὶ
1329 1239 1571 1316 ἱματίοις
1614 1241 1648 1310 ἡ
1708 1241 1847 1316 χιὼν

805 1312 966 1370 διαωυ
1009 1334 1243 1370 αττεται.

805 1312 1243 1392 διαφυλάττεται.

272 1420 587 1494 Θαυμαστὸν
649 1417 799 1475 δοκεῖ
855 1420 899 1476 εἷ
975 1420 1041 1476 τὰ
1121 1419 1427 1497 θερμόταται
1499 1417 1703 1495 ἄχυρον
1757 1417 1848 1474 καὶ

195 1511 417 1583 ἱμάτιον
477 1510 761 1566 συνεκτικὰ
808 1513 917 1565 τῶν
949 1510 1310 1586 ψυχροτάτων
1357 1508 1518 1567 ἐστίν.
1571 1509 1683 1566 Ούκ
1733 1506 1848 1584 ἔχει

196 1597 255 1654 δὲ
289 1601 482 1669 οὕτως,
539 1599 664 1656 ἀλλ’
721 1603 768 1655 εἴ
816 1599 976 1662 αὐτὸς
1034 1598 1562 1676 παραλογιζόμενος.
1622 1597 1698 1656 Ού
1747 1599 1849 1675 γὰρ

197 1691 355 1768 φύσει
406 1691 605 1767 θερμὸν
653 1691 716 1746 τὸ
762 1691 1002 1765 ἱμάτιον,
1055 1689 1144 1746 καὶ
1197 1689 1300 1766 γὰρ
1350 1692 1377 1746 6
1426 1691 1597 1766 χιτὼν
1639 1691 1853 1768 ψυχρὸς

195 1782 338 1854 ἡμῖν
369 1780 697 1855 προσπίπτει
745 1781 808 1835 τὸ
858 1785 1074 1856 πρῶτον
1123 1777 1522 1853 ἐνδυσαμένοις,
1567 1782 1677 1836 εἶτα
1729 1779 1848 1854 μὲν-

191 1891 283 1924 τοι
339 1869 613 1947 θερμαίνει
662 1877 762 1940 τῆς
819 1870 906 1948 ἀφ’
964 1873 1122 1943 ἡμῶν
1183 1864 1517 1946 θερμότητος
1572 1869 1851 1943 ἐμπιπλάο

1386 428 1485 488 DE
1529 426 1969 490 OMNIFARIA
2014 429 2437 491 DOC'l‘IlINA.

3495 430 3614 490 782

1964 591 2190 658 gerant.
2222 587 2488 644 Similem
2518 590 2591 646 ob
2623 605 2862 646 causam
2923 587 3136 645 hiemis
3158 591 3423 660 tempore
3453 587 3616 646 ﬂuvii

1963 677 2295 750 frigidiores
2344 684 2482 733 sunt
2513 696 2690 750 quam
2719 695 2898 749 mare,
2924 695 3020 734 aer
3052 677 3209 734 enim
3257 678 3507 750 frigidus
3553 678 3615 734 in

1959 766 2080 822 illis
2106 767 2354 823 reﬂexus
2399 771 2673 839 praevalet
2729 768 2920 840 magis
2961 784 3141 838 quam
3197 767 3258 822 in
3309 767 3482 836 mari,
3515 767 3618 823 ubi

1961 862 2198 928 propter
2240 857 2698 929 profunditatem
2744 857 2977 914 nullum
3009 857 3070 914 in
3121 857 3369 914 solidum
3402 874 3618 929 corpus

1961 945 2294 1012 incidit,sed
2327 946 2933 1018 dissolvitur.Alioqui
2966 946 3279 1018 plumbum
3301 948 3480 1002 etiam
3505 963 3615 1003 na-

1959 1038 2093 1088 tura
2125 1035 2401 1106 frigidum
2424 1041 2534 1100 est,
2557 1041 2617 1092 et
2645 1035 2842 1092 silices
2875 1041 3113 1107 propter
3134 1035 3484 1092 densitatem
3515 1036 3617 1092 fri-

1959 1142 2071 1197 gus
2099 1125 2159 1180 in
2181 1125 2299 1182 imo
2318 1126 2564 1183 faciunt.

2105 1244 2224 1299 155.
2252 1247 2441 1315 Quare
2458 1245 2635 1316 paleis
2674 1252 2726 1300 et
2751 1244 3091 1300 vestimentis
3123 1244 3343 1316 injectis
3371 1246 3474 1301 nia:

2584 1321 2966 1372 conservatur.

2033 1421 2244 1479 Mirum
2278 1421 2457 1478 videri
2479 1423 2664 1495 possit
2689 1423 2842 1494 quod
2857 1421 3234 1480 calidissimas
3258 1438 3347 1478 res
3366 1425 3430 1477 ut
3448 1422 3614 1495 palea

1963 1515 2018 1566 et
2049 1512 2462 1568 vestimentum
2501 1511 2916 1584 frigidissimas
2947 1515 3319 1568 conservant.
3360 1511 3472 1567 Sed
3495 1527 3610 1566 non

1959 1599 2041 1655 ita
2065 1616 2125 1656 se
2149 1600 2340 1668 habet,
2371 1617 2573 1656 verum
2629 1601 2752 1672 ipse
2787 1600 2886 1674 qui
2945 1603 3026 1657 ita
3076 1599 3314 1672 judicas
3374 1598 3614 1656 falleris.

1960 1690 2159 1762 Neque
2180 1691 2337 1746 enim
2361 1695 2573 1746 natura
2604 1690 2861 1746 calidum
2895 1695 2986 1747 est
3014 1690 3459 1756 vestimentum,
3478 1705 3616 1745 nam

1961 1781 2293 1836 ettunicam
2329 1780 2517 1853 primo
2549 1797 2654 1836 nos
2687 1797 2822 1836 cum
2846 1797 2974 1836 eam
3009 1779 3316 1835 induimus
3335 1779 3613 1852 frigidam

1961 1871 2271 1938 sentimus,
2294 1870 2503 1925 deinde
2534 1871 2772 1925 demum
2806 1869 3092 1936 calefacit,
3117 1869 3356 1940 impleta
3389 1867 3616 1925 scilicet

193 1980 419 2033 σμενος,
473 1959 564 2014 καὶ
639 1960 750 2034 ἅμα
824 1958 1194 2035 περιστέλλων
1270 1960 1356 2014 καὶ
1417 1960 1507 2014 τὸν
1563 1957 1662 2030 ἔξω
1722 1959 1849 2036 ἀέρα

1967 1959 2152 2015 calore
2201 1978 2233 2015 a
2289 1974 2530 2032 corpore
2577 1964 2779 2016 nostro
2811 1959 3178 2031 procedente,
3210 1963 3268 2016 et
3305 1962 3610 2015 externum

191 2052 293 2102 τοῦ
376 2049 652 2122 σώματος.
731 2050 934 2123 ’Ὠσπερ
1022 2047 1113 2103 οῦν
1199 2050 1348 2122 ἡμᾶς
1423 2050 1850 2124 θερμαινόμενον

194 2136 474 2210 θερμαίνει
527 2139 588 2192 τὸ
646 2138 897 2211 ἱμάτιον,
958 2137 1100 2192 οὕτω
1161 2139 1480 2214 ψυχόμενον
1529 2142 1628 2209 τήν
1687 2138 1851 2214 χιόνα

191 2226 514 2302 περιψύχει.
554 2226 805 2303 Ψύχεται
855 2225 912 2282 δὲ
971 2226 1066 2282 ὐπ’
1111 2227 1358 2306 ἀφιείσης
1406 2233 1616 2303 πνεῦμα
1649 2225 1846 2284 λεπτὸν

189 2319 359 2370 τοῦτο
407 2316 507 2391 γὰρ
557 2315 772 2393 συνέχει
831 2319 930 2387 τήν
992 2320 1150 2391 πῆξιν
1216 2316 1382 2388 αὐτῆς
1432 2316 1850 2393 ἐγκατακεκλει-

194 2406 424 2477 σμένον.
458 2404 816 2469 Ἀπελθόντος
848 2403 905 2461 δὲ
935 2411 1030 2461 τοῦ
1077 2407 1384 2481 πνεύματος
1427 2405 1570 2482 ὕδωρ
1606 2405 1737 2462 οὖσα
1770 2407 1851 2483 ῥεῖ

191 2495 288 2549 καὶ
349 2493 656 2566 διατήκεται
713 2496 803 2550 καὶ
861 2495 1091 2561 ἀπανθεῖ
1135 2498 1197 2551 τὸ
1253 2495 1466 2566 λευκὸν,
1501 2496 1632 2567 ὅπερ
1687 2496 1850 2566 ἡτοῦ

188 2581 504 2655 πνεύματος
565 2585 704 2660 πρὸς
751 2585 814 2639 τὸ
864 2585 1029 2660 ὑγρὸν
1088 2583 1330 2657 ἀνάμιξις
1383 2583 1642 2662 ἀφρώδης
1697 2606 1850 2660 γενο-

192 2674 333 2744 μὲνη
365 2679 616 2749 παρεῖχε,
647 2673 737 2728 καὶ
767 2675 828 2728 τὸ
878 2673 1083 2750 ἄχυρον
1121 2671 1208 2728 διὰ
1243 2675 1558 2752 κουφότητα
1587 2674 1849 2748 μαλακῶς

188 2760 520 2836 περιπίπτον
553 2763 615 2817 ού
649 2762 870 2838 θρύπτει
901 2763 992 2817 τὸν
1025 2763 1220 2838 πάγον.

1960 2066 2151 2104 acrem
2183 2049 2256 2104 ab
2285 2048 2386 2104 illo
2409 2063 2614 2105 arcens
2646 2065 2713 2104 ac
2756 2047 3064 2120 repellens.
3097 2049 3608 2112 Quemadmodum

1958 2139 2140 2210 igitur
2162 2137 2441 2194 calefacta
2488 2139 2662 2194 vestis
2699 2154 2804 2193 nos
2868 2136 3156 2204 calefacit,
3191 2137 3276 2194 sic
3310 2137 3612 2209 frigefacta

1959 2227 2124 2283 nives
2151 2226 2716 2300 refrigerat.Frigelit
2743 2231 2940 2282 autem
2961 2227 3179 2283 emisso
3209 2225 3422 2282 abillis
3443 2225 3609 2282 tenui

1959 2316 2298 2390 spiritu,qui
2329 2317 2471 2372 dum
2504 2333 2537 2372 a
2567 2321 2722 2373 veste
2752 2315 3020 2372 inclusus
3049 2316 3352 2382 retinetur,
3384 2331 3484 2371 eas
3513 2314 3607 2369 in-

1958 2411 2154 2479 tegras
2186 2423 2252 2461 ac
2283 2412 2614 2477 compactae
2641 2405 3080 2462 conservat.Hic
3112 2403 3268 2460 enim
3301 2403 3384 2459 sic
3416 2402 3611 2473 exspi-

1959 2501 2048 2552 ret
2077 2500 2134 2551 et
2163 2495 2491 2565 evolaverit,
2543 2495 2644 2552 nix
2676 2495 2732 2551 in
2783 2511 2968 2566 aquas
3021 2511 3052 2550 e
3110 2493 3327 2565 quibus
3385 2493 3618 2548 constat

1959 2585 2274 2658 liquefacta
2305 2585 2555 2652 diffluet,
2589 2583 2966 2655 alboremque
2997 2599 3173 2639 suum
3207 2581 3385 2637 veluti
3416 2582 3620 2637 ﬂorem

1961 2676 2207 2741 amittet,
2258 2674 2500 2746 perinde
2550 2679 2614 2728 ut
2643 2673 2939 2729 evanescit
2969 2689 3035 2728 ac
3067 2673 3217 2743 perit
3247 2687 3464 2743 spuma
3493 2686 3621 2739 quae

1961 2763 2281 2835 spiramine
2302 2777 2436 2816 cum
2468 2777 2620 2833 aqua
2677 2761 2956 2833 permisto
2987 2764 3124 2816 nata
3184 2761 3389 2816 fuerat.
3423 2759 3536 2815 Sed
3567 2761 3626 2814 et

189 2851 386 2924 palea,
419 2854 700 2926 quoniam
733 2852 983 2926 perlevis
1012 2859 1125 2923 est,
1162 2853 1416 2911 molliter
1446 2854 1681 2910 nivibus
1710 2853 2082 2925 incumbens,
2119 2851 2451 2910 consistens
2475 2852 2602 2922 ejus
2660 2851 2793 2923 gelu
2827 2868 2944 2908 non
2975 2849 3266 2921 dissolvit,
3303 2849 3409 2906 sed
3459 2847 3610 2905 inte-

190 2958 370 3014 grum
402 2941 704 3014 relinquit.

681 3057 808 3132 ρνς’.
840 3057 900 3112 Τί
929 3057 1038 3113 ἐστι
1076 3057 1372 3134 βούλιμος.

267 3160 554 3235 Βούλιμος
604 3161 816 3240 λέγεται
883 3165 911 3219 6
975 3165 1138 3241 μὲγας
1187 3163 1353 3238 λιμὸς
1405 3167 1520 3220 οἷον
1578 3164 1856 3238 πούλιμός

187 3273 305 3321 τις,
353 3253 498 3308 τοῦτ’
538 3246 648 3307 ἔστι
697 3252 873 3316 πολὺς
923 3253 1114 3327 λιμός.
1147 3251 1496 3326 Βουλιμιῶσι
1552 3251 1609 3309 δὲ
1662 3255 1712 3309 οἱ
1768 3251 1856 3308 διὰ⁵

2464 3058 2590 3113 156.
2625 3057 2768 3126 Quid
2795 3057 2871 3113 sit
2892 3057 3128 3113 bulimos

2036 3164 2299 3222 Bulimos
2351 3163 2668 3222 vehemens
2699 3164 2882 3220 fames
2913 3167 3022 3234 est,
3085 3161 3253 3235 quasi
3284 3157 3560 3233 πούλιμος
3592 3176 3626 3216 a

1964 3251 2142 3315 πολὺς
2176 3252 2402 3312 multus
2434 3257 2491 3310 et
2521 3251 2687 3325 λιμὸς
2717 3253 2871 3326 quod
2914 3253 3129 3307 famem
3161 3249 3478 3322 significat.
3511 3248 3624 3304 Ve-

193 3340 390 3414 χιόνος
426 3339 662 3413 μάλιστα
703 3340 847 3396 πολῦ
901 3339 1231 3417 βαδίζοντες·
1283 3342 1560 3418 Πάσχουσι
1603 3339 1660 3398 δὲ
1689 3347 1849 3398 τοῦτο

1967 3343 2296 3400 hementius
2317 3349 2514 3400 autem
2533 3343 2804 3399 esuriunt
2835 3341 2935 3414 qui
2963 3358 3065 3414 per
3095 3341 3257 3396 nives
3289 3339 3625 3411 frequenter

188 3429 288 3483 καὶ
347 3427 510 3484 ’ἱπποι
566 3431 655 3485 καὶ
712 3430 965 3503 ἡμίονοι,
1018 3431 1106 3486 καὶ
1153 3429 1389 3505 μάλιστα
1437 3431 1560 3486 ὅταν
1622 3429 1848 3508 ἰσχάδας

185 3518 286 3573 καὶ
344 3515 498 3591 μῆλα
552 3519 875 3593 κομίζωσιν.
932 3523 1001 3577 ⁸0
1062 3517 1118 3575 δὶ
1178 3520 1622 3593 θαυμασιώτατόν
1684 3520 1849 3593 ἐστιν,

187 3609 295 3664 οὐκ
339 3609 661 3684 ἀνθρώπους
715 3609 904 3684 μόνον,
939 3608 1083 3665 ἀλλὰ
1111 3609 1200 3664 καὶ
1232 3612 1405 3682 κτήνη
1451 3609 1847 3688 ἀναρρώννυσιν

188 3698 362 3774 ἄρτος
408 3698 622 3753 πάντων
672 3696 958 3773 ἐδωδίμων
1024 3698 1280 3773 μάλιστα,
1325 3700 1460 3755 ὥστε
1515 3698 1610 3754 κᾶν
1666 3701 1853 3777 ἐλάχι-

186 3809 320 3843 στον
383 3786 470 3842 ἐὰν
529 3789 792 3863 (φάγωσιν,
851 3788 1008 3851 εὐθὺς
1068 3787 1316 3845 ’ίστανται
1367 3789 1455 3844 κιῖ
1519 3788 1850 3866 βαδίζουσι,

181 3876 560 3952 περιψύχεται
607 3877 710 3953 γὰρ
752 3877 995 3953 ἲσχυρῶς
1043 3877 1132 3932 καὶ
1181 3883 1476 3933 πυκνοῦται
1511 3880 1578 3933 τὰ
1625 3883 1852 3953 σώματα

180 3971 302 4021 τῶν
374 3963 698 4039 βαδιζόντων
759 3963 847 4020 διὰ
915 3965 1142 4042 χιόνος,
1195 3967 1479 4032 κάντεῦθεν
1534 3968 1596 4022 τὸ
1653 3969 1849 4044 θερμὸν

184 4051 400 4118 ἔσωθεν
452 4055 965 4131 ἀντιπεριστάμενον
1023 4056 1294 4112 ἀναλίσκει
1342 4058 1440 4126 τὴν
1477 4059 1709 4136 τροφὴν,
1740 4057 1853 4112 εἶτα

182 4142 592 4215 ἐπιλειπούσης
653 4143 818 4214 αὐτῆς
877 4143 1057 4220 ὥσπερ
1105 4147 1168 4202 τὸ
1219 4151 1323 4222 πῦρ
1367 4147 1850 4222 ἀπομαραίνεσθαι.

182 4234 289 4288 Διὸ
331 4237 558 4287 πεινῶσι
613 4231 821 4311 σφόδρα
882 4236 933 4289 οἱ
989 4240 1154 4292 τοῦτο
1206 4236 1490 4310 παθόντες,
1539 4237 1628 4292 καὶ
1673 4237 1852 4312 βραχὺ

177 4321 476 4385 παντελῶς
535 4320 871 4399 ἐμφαγόντες
947 4324 1102 4390 εὐθὺς
1175 4325 1608 4399 ἀναλάμπουσιν.
1669 4328 1735 4383 Οἱ
1797 4323 1854 4381 δὲ

171 4415 288 4482 τήν
323 4411 678 4488 βουλιμίασιν
707 4415 879 4477 πάθος
902 4413 954 4469 ἐν
983 4417 1249 4491 στομάχῳ
1273 4415 1398 4494 φασὶ
1423 4413 1510 4470 διὰ
1543 4413 1849 4492 συνδρομὴν

175 4505 401 4575 θερμοῦ
432 4499 798 4578 λειποψυχίαν
833 4507 1049 4562 ποιοῦν.

1961 3435 2070 3489 iter
2096 3433 2507 3506 faciunt,quod
2538 3436 2596 3489 et
2626 3431 2760 3504 equi
2795 3431 3060 3488 sentiunt
3090 3435 3148 3486 et
3179 3429 3344 3498 muli,
3368 3428 3622 3485 maxime

1961 3523 2195 3595 quando
2219 3522 2442 3578 caricas
2474 3521 2560 3578 vel
2621 3539 2791 3594 poma
2823 3525 3077 3595 portant.
3113 3521 3276 3586 Quod
3329 3534 3463 3574 vero
3494 3517 3611 3573 mi-

1961 3613 2210 3669 randum
2247 3613 2498 3668 maxime
2547 3620 2656 3680 est,
2689 3629 2804 3668 non
2857 3610 3127 3667 homines
3187 3609 3357 3663 modo
3408 3607 3510 3662 sed
3565 3609 3623 3662 et

1953 3703 2228 3773 jumenta
2258 3701 2410 3758 inter
2439 3718 2644 3758 omnes
2677 3701 2838 3757 cibos
2901 3717 3051 3772 pane
3109 3696 3361 3753 maxime
3407 3695 3618 3751 conﬁr-

1962 3797 2202 3848 mantur
2232 3796 2288 3848 et
2317 3792 2469 3847 vires
2510 3791 2819 3865 recipiunt,
2842 3807 2907 3847 ac
2939 3790 2987 3845 si
3014 3787 3095 3844 vel
3117 3785 3423 3860 paululum
3457 3800 3524 3840 ex
3547 3799 3614 3840 eo

1962 3882 2344 3952 comederint,
2376 3881 2550 3936 erecti
2588 3881 2800 3936 iterum
2828 3881 2987 3935 stant
3042 3881 3098 3933 et
3129 3875 3609 3948 progrediuntur.

1962 3971 2177 4026 Eorum
2212 3987 2382 4043 porro
2415 3969 2514 4041 qui
2553 3987 2655 4041 per
2713 3969 2874 4024 nives
2924 3967 3032 4023 iter
3091 3965 3334 4035 faciunt,
3371 3979 3615 4036 corpora

1964 4060 2336 4117 vehementer
2367 4058 2708 4114 afficiuntur
2739 4057 2951 4130 frigore
2982 4060 3038 4112 et
3059 4055 3490 4126 constipantur,
3527 4055 3611 4108 at-

1964 4167 2078 4221 que
2109 4150 2245 4206 inde
2279 4149 2436 4206 calor
2460 4149 2814 4206 intrinsecus
2850 4147 3128 4204 resistens
3177 4143 3475 4201 consumit
3507 4157 3620 4198 nu-

1964 4238 2333 4307 trimentum,
2390 4255 2505 4310 quo
2567 4238 2882 4309 absumpto
2917 4253 3032 4292 una
3093 4251 3226 4290 cum
3283 4232 3472 4288 calore
3520 4229 3625 4284 illa

1964 4328 2242 4383 deficiunt
2295 4345 2360 4383 ac
2394 4331 2679 4384 marcent.
2741 4329 2834 4383 Sic
2886 4327 3086 4398 itaque
3117 4323 3304 4381 aﬂ'ecti
3353 4320 3624 4378 esu-riunt

1963 4417 2356 4487 vehementer,
2390 4421 2446 4473 et
2475 4417 2561 4474 vel
2606 4417 2909 4491 paululum
2943 4415 3059 4471 cibi
3109 4415 3158 4470 si
3208 4411 3489 4486 ceperint,
3522 4409 3625 4464 ite-

1962 4524 2092 4563 rum
2126 4507 2488 4565 reﬁciuntur.
2521 4509 2670 4565 Sunt
2719 4513 2776 4564 et
2807 4506 2906 4579 qui
2957 4521 3154 4562 acrem
3213 4503 3363 4559 hanc
3397 4502 3609 4558 famem

173 4591 535 4664 passionem
562 4592 623 4648 in
654 4594 964 4652 stomacho
998 4609 1126 4652 esse
1149 4595 1336 4664 aiunt,
1370 4593 1470 4668 qui
1497 4595 1568 4652 ob
1600 4594 1849 4652 calorem
1881 4593 1966 4651 illi
1995 4597 2375 4667 eonjunctum
2409 4597 2566 4664 facit,
2629 4603 2692 4653 ut
2743 4595 3074 4669 deliquium
3103 4592 3286 4652 animi
3343 4590 3613 4648 homines

171 4681 520 4755 patiantur.

264 4799 401 4872 ρνξ.
431 4797 526 4859 Τίς
556 4801 592 4869 ἡ
624 4798 769 4855 αἰτία
794 4797 866 4855 δι’
895 4802 962 4872 ἢν
998 4797 1268 4876 εὔθρυπτα
1291 4799 1498 4915 -ἷίνεται
1534 4799 1602 4856 τὰ
1627 4799 1677 4856 ἂν
1709 4803 1778 4874 τῇ

617 4876 754 4915 new-7x
786 4873 1197 4915 vneinmuuv'nrsuq
1225 4893 1291 4915 vn
1324 4893 1420 4915 mra

617 4876 756 4946 συκῇ
785 4873 1200 4949 κρεμαννύμενα
1225 4873 1442 4948 κρέατα.

267 4978 346 5035 Τὸ
377 4977 540 5053 φυτὸν
575 4979 609 5046 ἡ
663 4985 799 5048 συκῆ
847 4980 1097 5034 ἁπάντων
1144 4977 1253 5034 ἐστί
1287 4975 1688 5052 ὀπωδέστατον,
1729 4983 1854 5056 θερ-

180 5068 302 5142 μὸν
331 5067 424 5121 οὗν
476 5070 689 5140 πνεῦμα
729 5067 822 5122 καὶ
866 5065 1032 5144 δριμὺ
1080 5067 1170 5122 καὶ
1199 5069 1467 5140 τμητικὸν
1498 5069 1714 5146 ἀφίησι.
1760 5071 1856 5126 Καὶ

175 5160 362 5212 τοῦτο
418 5155 640 5229 Θρύπτει
699 5156 792 5211 καὶ
865 5156 1112 5212 πεπαίνει
1181 5159 1284 5226 τήν
1338 5159 1509 5230 σάρκα
1564 5164 1661 5213 τοῦ
1719 5155 1861 5231 ὅρνι-

169 5249 307 5315 θος,
341 5245 464 5308 ὅθεν
495 5249 605 5300 τῶν
651 5245 863 5318 ταύρων
913 5247 941 5301 6
988 5246 1385 5321 χαλεπώτατος
1437 5251 1574 5320 συκῇ
1625 5246 1861 5322 προσδε-

1881 4807 1926 4872 C
1966 4803 2067 4858 157
2095 4804 2232 4876 (13).
2264 4805 2447 4873 Quare
2475 4819 2663 4860 carnes
2692 4819 2762 4858 ea:
2780 4802 2886 4876 ﬁco
2918 4802 3122 4859 arbore
3151 4815 3427 4872 suspensa:
3476 4801 3624 4856 tene-

2611 4876 2786 4931 rz'ores

2037 4983 2208 5039 Ficus
2251 4983 2518 5039 omnium
2573 4982 2852 5038 fruticem
2911 4981 3308 5050 arborumque
3369 4975 3624 5032 maxime

1968 5091 2143 5131 succo
2175 5073 2463 5139 abundat,
2499 5073 2695 5143 itaque
2727 5070 3002 5142 spiritum
3036 5085 3104 5124 ex
3141 5083 3205 5124 se
3235 5065 3455 5122 emittit
3483 5062 3626 5120 cali-

1969 5164 2134 5231 dum,
2167 5179 2362 5218 acrem
2394 5165 2452 5218 et
2481 5159 2780 5216 incidendi
2839 5160 2893 5214 vi
2925 5157 3261 5230 praeditum.
3309 5159 3497 5224 Atque
3525 5150 3622 5208 hic

1970 5252 2195 5322 subigit
2224 5268 2290 5308 ac
2321 5250 2497 5306 veluti
2532 5247 2836 5322 percoquit
2859 5248 2982 5304 avis
3013 5262 3287 5320 appensa
3309 5239 3627 5314 carnes,si-

2824 4875 2982 4945 ﬁant.

1767 5377 1997 5434 NOT/E.

259 5491 379 5562 (13)
414 5490 502 5547 Ita
528 5491 586 5547 in
617 5508 754 5562 ms.,
785 5509 903 5564 quo
934 5509 1080 5549 usus
1110 5491 1630 5564 sum,quaastiones
1656 5493 1742 5550 his
1761 5511 1855 5552 ca-

165 5565 417 5639 pitibus
441 5581 584 5619 cnvn
615 5564 1086 5639 distinguuntur,
1119 5579 1306 5639 neque
1337 5570 1534 5639 tamen
1575 5567 1856 5639 pauciora

165 5635 547 5709 argumenta
578 5635 880 5692 continent
901 5653 1078 5709 quam
1110 5635 1519 5709 cod’ex7Allatii
1555 5635 1855 5696 divisusin

417 5714 684 5794 gemunt
711 5724 781 5765 ex
804 5708 997 5792 titulis
1011 5726 1189 5794 supra
1214 5708 1858 5794 (cql.524)ascriptisvi-

169 5779 389 5840 dabis.
441 5781 646 5852 Itaque
674 5797 747 5838 ne
778 5781 913 5853 quis
943 5779 1308 5838 existimaret
1340 5797 1433 5837 me
1470 5779 1666 5838 minus
1698 5783 1856 5840 inte-

1966 5512 2136 5568 grum
2163 5494 2321 5550 istud
2354 5493 2526 5550 Pselli
2550 5493 2916 5568 iopusculum
2942 5493 3103 5568 dare,
3134 5491 3194 5548 in
3224 5489 3626 5568 titulocapita

1966 5561 2132 5624 ἔχοιτε
2167 5568 2507 5632 memoravi,
2548 5561 2683 5622 licet
2718 5584 2819 5638 pro
2853 5565 3137 5622 divisione
3170 5579 3350 5638 quam
3410 5562 3465 5616 in
3494 5561 3631 5618 Lin-

1967 5641 2366 5712 denbrogiano
2398 5641 2734 5713 apographo
2767 5640 2976 5711 reperi,
3011 5654 3125 5694 non
3157 5638 3330 5710 plura
3361 5638 3503 5691 sunt
3533 5649 3628 5691 ca-

1969 5713 2090 5785 pita
2121 5728 2298 5783 quam
2331 5727 2500 5767 CLVII.
