4080 6350
189 403 311 464 785

1446 405 1833 468 SOLUTION
1846 404 1932 465 ES
1976 407 2354 478 QU/EDAM.

3495 412 3614 472 786

193 555 342 606 ματα
391 529 796 612 διαμεριρισται
828 577 847 604 ,
883 494 995 590 καὶ
1069 533 1236 612 μεχρι
1293 532 1439 599 τίνος
1492 535 1730 592 οἰκοῦσιν
1791 535 1829 591 ο¹

1959 537 2278 610 occidente,
2311 557 2428 612 quo
2461 539 2519 595 in
2550 539 2946 613 septentrione
2978 557 3043 596 ac
3073 541 3133 596 in
3178 547 3341 614 parte
3369 547 3613 603 australi

188 622 493 696 ἅνθρωποι,
552 621 641 678 καὶ
697 623 751 678 τί
816 623 910 698 μὲν
961 624 1023 680 τὸ
1079 623 1246 702 πέρας
1276 633 1376 696 τῆς
1411 625 1461 681 ἐν
1489 629 1558 701 τῇ
1591 624 1735 680 δύσει
1768 626 1852 680 οἱ-

183 715 429 786 κῆσεως,
461 711 514 768 τί
547 710 605 770 δὲ
635 714 698 769 τὸ
759 712 810 769 ἐν
841 718 920 787 τῷ
954 713 1148 791 βοῤῥᾷ,
1181 714 1270 770 καὶ
1320 717 1370 771 τί
1403 716 1465 771 τὸ
1497 715 1546 772 ἐν
1578 721 1658 789 τῷ
1687 716 1846 789 νότῳ·

185 805 280 859 Ἐν
315 801 374 858 δὲ
419 808 498 876 τῷ
534 800 767 880 δευτέρῳ
816 803 940 878 περὶ
988 801 1207 874 ὕδατος,
1271 806 1360 861 καὶ
1404 805 1704 877 θαλάσσης,
1761 805 1848 861 καὶ

183 893 372 970 ἀέρος,
421 893 511 948 καὶ
563 893 752 968 πυρὸς,
800 894 891 948 καὶ
941 893 1271 970 ἀστραπῶν,
1301 897 1392 950 καὶ
1445 897 1708 971 βροντῶν,
1758 894 1846 971 καί

182 987 486 1057 κεραυνῶν,
536 984 627 1038 καὶ
675 989 960 1058 κομητῶν,
1011 983 1100 1039 καὶ
1153 986 1345 1053 ὑετῶν,
1375 987 1465 1040 καὶ
1498 985 1726 1062 χιόνων.
1757 968 1846 1039 καὶ

184 1071 465 1147 χαλάζης,
517 1072 606 1128 καὶ
665 1077 773 1127 τῶν
837 1072 1069 1145 ὁμοίων.
1130 1075 1215 1129 Ἐν
1278 1071 1335 1130 δι
1395 1080 1476 1148 τῷ
1520 1074 1688 1150 τρίτῳ
1717 1082 1839 1150 περὶ

179 1166 292 1217 τῶν
324 1161 588 1238 οὐρανίων
623 1161 894 1236 σωμάτων
926 1163 1015 1218 καὶ
1047 1163 1254 1240 φύσεως
1296 1165 1494 1233 αὐτῶν,
1545 1164 1633 1219 καὶ
1682 1166 1839 1242 μεγέ-

179 1264 309 1315 θους
340 1250 506 1322 ἡλίου
538 1251 628 1307 καὶ
662 1252 921 1327 σελήνης,
944 1252 1034 1308 καὶ
1065 1256 1328 1326 κινήσεως
1347 1261 1452 1310 τῶν
1484 1255 1836 1331 ἀστέρων.Ἐν

177 1338 237 1396 δὲ
264 1345 342 1414 τῷ
372 1343 614 1416 τετάρτῳ
637 1342 758 1416 περὶ
791 1341 952 1417 ὕλης,
986 1341 1162 1407 εἱδους
1192 1344 1281 1400 καὶ
1305 1344 1516 1420 φύσεως
1538 1347 1628 1400 καὶ
1649 1349 1835 1420 ψυχῆς

173 1430 269 1484 καὶ
297 1435 412 1488 νοῦ.
446 1432 534 1489 Ἐν
568 1427 626 1488 δὲ
655 1435 735 1505 τῷ
763 1432 1002 1508 πίμπτῳ
1027 1433 1152 1510 περὶ
1181 1441 1283 1506 τῆς
1323 1435 1548 1509 πρώτης
1593 1439 1700 1490 τῶν
1745 1430 1834 1489 ὅν-

179 1540 289 1575 των
321 1519 518 1584 αἲτίας.

425 1683 492 1742 α’.
526 1683 656 1760 Περὶ
685 1688 783 1740 τοῦ
815 1683 952 1741 εἶναι
982 1685 1083 1756 τήν
1113 1688 1214 1762 γῆν
1241 1684 1580 1765 σφαιροειδῆ.

252 1825 383 1901 Περῖ
425 1830 521 1881 τοῦ
581 1824 960 1906 σφαιροειδοῦς
1019 1831 1311 1905 σχήματος
1332 1837 1432 1898 τῆς
1489 1836 1596 1905 γῆς
1624 1803 1832 1886 πολλοιἱ

1959 629 2117 683 terra
2151 627 2472 685 habitetur.
2509 630 2570 685 In
2603 630 2861 686 secundo
2883 631 3075 702 capite
3104 632 3177 687 de
3235 650 3409 705 aqua,
3438 638 3607 708 mari,

1959 733 2114 787 aere,
2138 717 2293 790 igne,
2327 718 2684 792 fulguribus,
2735 719 2979 787 tonitru,
3029 720 3296 792 fulmine,
3340 726 3627 802 cometis,‘

1957 806 2174 879 pluvia,
2211 811 2359 875 nive,
2393 808 2679 879 grandine
2710 813 2767 865 et
2823 808 3119 865 similibus
3152 827 3345 868 sermo
3376 813 3506 870 erit.
3540 819 3604 872 In

1957 898 2127 952 tertio
2159 897 2370 953 deinde
2391 897 2547 953 circa
2577 914 2823 969 corpora
2852 897 3111 954 cmlestia
3157 917 3478 974 eorumque
3509 922 3605 961 na-

1955 986 2348 1053 turam,circa
2405 985 2548 1042 solis
2593 1003 2659 1042 ac
2705 987 2853 1042 lunae
2889 989 3380 1062 magnitudinem,
3413 999 3602 1051 astro-

1952 1092 2208 1148 rumque
2239 1079 2462 1131 motum
2493 1076 2918 1148 disquiremus.
2955 1082 3019 1134 In
3054 1085 3278 1151 quarto,
3302 1083 3372 1138 de
3413 1090 3601 1141 mate-

1952 1164 2058 1232 ria,
2089 1167 2160 1221 de
2187 1171 2408 1221 natura:
2431 1170 2488 1220 et
2519 1167 2727 1221 animae
2762 1168 3094 1240 mentisque
3155 1170 3339 1228 forma
3380 1177 3599 1229 tracta-

1950 1254 2173 1311 bimus.
2208 1255 2490 1322 Quintum
2525 1256 2777 1327 denique
2806 1258 2877 1313 de
2905 1258 3274 1331 primordiali
3331 1264 3596 1320 omnium

1950 1360 2054 1401 oau
2064 1361 2127 1401 sa
2154 1345 2440 1402 rationem
2471 1346 2696 1402 reddet.

2376 1683 2429 1739 4.
2456 1684 2676 1739 Terram
2707 1683 3002 1740 rotundam
3035 1700 3167 1741 esse.

2017 1827 2218 1884 Plures
2248 1831 2388 1883 sunt
2415 1831 2581 1884 terra;
2616 1827 2994 1882 rotunditatis
3025 1828 3558 1886 demonstrationes
3583 1849 3599 1900 ;

184 1913 487 1988 ἀποδείξεις
547 1914 673 1983 είσί,
738 1914 975 1990 μάλιστα
1008 1915 1090 1988 δὲ,
1142 1917 1224 1974 ὅτι
1285 1917 1586 1992 ἆπιλάμπει
1620 1921 1647 1975 ὁ
1678 1918 1829 1988 ἥλιος

1949 1935 2200 1990 quarum
2226 1915 2580 1988 gravissima
2611 1921 2701 1972 est
2731 1917 2882 1987 quod
2943 1917 3028 1972 sol
3061 1917 3305 1973 orientis
3326 1919 3596 1989 partibus

183 2011 299 2066 τοῖς
354 2012 454 2074 τῆς
512 2003 784 2075 ἀνατολῆς
821 2006 1002 2082 μέρεσι
1029 2007 1291 2082 πρότερον
1349 2013 1457 2063 τῶν
1491 2007 1542 2062 ἐν
1570 2012 1637 2082 τῇ
1671 2007 1839 2078 δύσει,

192 2095 280 2149 καὶ
336 2092 427 2150 διὰ
475 2099 641 2150 τοῦτο
696 2091 1077 2169 προλαμϐάνει
1135 2097 1217 2152 ἀεὶ
1274 2100 1310 2167 ἡ
1368 2099 1550 2172 ἡμέρα
1603 2101 1749 2171 παρά
1783 2121 1842 2154 τε

187 2190 303 2246 τοῖς
361 2184 562 2252 Σίνοις,
610 2185 700 2239 καὶ
757 2189 824 2258 τῇ
858 2184 1098 2258 Περσίδι,
1154 2187 1386 2249 καὶτοῖς
1417 2186 1588 2242 ἐκεῖσε
1618 2183 1840 2251 ἔθνεσιν.

189 2274 317 2330 Ὀτε
373 2273 473 2349 γάρ
529 2273 641 2329 ἐστι
702 2269 1020 2351 μεσημϐρία
1078 2275 1129 2330 ἰν
1177 2281 1294 2338 τοῖς
1328 2275 1528 2345 Σίνοις,
1581 2273 1721 2332 ἔστιν
1759 2277 1841 2332 ἐν·

185 2367 357 2426 ταῦθα
411 2361 594 2438 πρωῒα
629 2407 643 2431 ,
701 2363 791 2418 καὶ
850 2363 938 2418 ὅτε
996 2363 1047 2418 ἄν
1098 2362 1318 2438 Περσίδι
1379 2365 1518 2421 ἐστὶν
1580 2365 1696 2442 ὥρα
1751 2388 1838 2421 τε-

184 2452 378 2527 τάρτη,
436 2446 574 2507 ἔστιν
627 2452 849 2508 ἰνταῦθα
906 2455 1122 2528 πρώτη,
1154 2455 1246 2509 καὶ
1278 2450 1560 2530 ἀναλόγως
1586 2461 1711 2517 τοῦς
1740 2463 1838 2524 τῆς

182 2538 255 2596 ’έω
311 2541 403 2597 καὶ
461 2548 561 2610 τῆς
613 2539 814 2605 δύσεως
848 2539 1243 2617 διαστήματος.
1280 2544 1341 2600 Εἴ
1374 2542 1430 2600 δέ
1456 2567 1540 2606 τις
1574 2543 1716 2600 εἷ’ποι
1747 2546 1837 2600 καὶ

187 2629 351 2693 πόθεν
406 2627 578 2700 δῆλον
639 2631 722 2686 ὅτι
755 2629 867 2686 ἔστι
898 2633 958 2686 τὸ
987 2637 1261 2705 τοιοῦτον,
1291 2633 1381 2688 καὶ
1414 2633 1496 2689 ὅτι
1526 2633 1613 2689 ἐπὶ
1645 2639 1836 2690 τοσοῦ-

185 2740 276 2772 τον
342 2717 684 2796 διαφάρουσιν
713 2721 768 2774 αἱ
798 2722 960 2794 ὧραι,
993 2722 1068 2784 ὡς
1099 2716 1150 2776 ἕν
1178 2743 1287 2778 τινι
1319 2723 1415 2796 μὲν
1441 2724 1595 2796 τόπῳ
1624 2723 1833 2800 ἡμέραν

189 2809 350 2876 εἶναι,
414 2807 468 2862 ἰν
507 2808 675 2882 ὲτὲρῳ
728 2806 786 2864 δὲ
840 2808 1021 2878 νύκτα,
1079 2811 1169 2865 καὶ
1225 2811 1322 2874 τὰς
1376 2811 1520 2886 ὥρας
1573 2812 1836 2886 προλαμ-

189 2891 370 2952 ϐάνειν
415 2898 505 2952 καὶ
564 2897 825 2972 ὑστερεῖν,
877 2897 1039 2967 ἵστω,
1097 2901 1179 2954 δτι
1211 2902 1438 2978 φανερὸν
1469 2907 1630 2956 τοῦτο
1678 2904 1834 2978 γέγο-

183 3006 266 3040 νεν
347 2983 407 3040 ἐκ
462 2990 570 3041 τῶν
645 2986 892 3057 ἡλιακῶν
960 2988 1051 3043 καὶ
1123 2988 1455 3059 σεληνιακῶν
1516 2989 1832 3065 ἐκλείψεων.

187 3076 468 3151 Ἐτηρήθη
521 3074 645 3150 γὰρ,
706 3075 796 3132 ὅτε
842 3077 1046 3152 γίνεται
1102 3081 1137 3148 ἡ
1197 3076 1438 3153 ἔκλειψις
1494 3079 1662 3149 ἡλίου
1716 3082 1833 3136 καθ’

184 3166 329 3240 ὤραν
391 3164 649 3236 τετάρτην
723 3165 774 3220 ἐν
831 3170 900 3240 τῇ
963 3165 1203 3240 Περσίδι,
1261 3169 1502 3244 φαίνεται
1551 3172 1689 3241 ἡμῖν
1747 3170 1834 3224 ἐν-

1949 2007 2105 2064 lucet
2129 2007 2291 2077 prius
2333 2022 2510 2076 quam
2569 2005 2934 2072 occidentis;
2973 2021 3150 2076 quare
3205 2006 3385 2062 etiam
3437 2008 3594 2079 apud

1950 2095 2228 2153 Sinenses
2249 2099 2308 2150 et
2337 2099 2546 2149 Persas
2577 2098 2634 2149 et
2663 2095 3049 2149 ﬁnitimarum
3073 2097 3379 2166 regionum
3411 2095 3599 2152 homi-

1950 2201 2054 2241 nes
2088 2184 2376 2240 malurius
2406 2183 2670 2239 lucescit.
2718 2183 2958 2249 Quando
3011 2182 3169 2238 enim
3225 2185 3380 2255 apud
3428 2183 3596 2242 Sinas

1949 2275 2226 2330 meridies
2256 2277 2364 2339 est,
2392 2272 2487 2327 hic
2542 2277 2775 2343 tempus
2821 2279 2910 2327 est
2941 2272 3320 2339 matutinum,
3364 2277 3422 2328 et
3451 2274 3594 2329 dum

1947 2363 2006 2418 in
2033 2362 2231 2419 Persia
2262 2365 2472 2432 quarta
2501 2361 2647 2416 hora
2672 2366 2780 2429 est,
2813 2360 2909 2415 hic
2941 2360 3148 2431 prima,
3182 2365 3238 2416 et
3278 2361 3362 2416 sic
3395 2378 3597 2417 secun-

1947 2453 2088 2507 dum
2121 2451 2364 2506 orientis
2387 2454 2560 2520 atque
2582 2449 2902 2504 occidentis
2934 2450 3297 2504 distantiam.
3352 2451 3515 2515 Quod
3545 2452 3597 2506 si

1947 2541 2078 2614 quis
2102 2539 2396 2612 quaasierit
2456 2539 2609 2594 unde
2640 2531 2916 2607 appareat
2938 2538 3047 2593 hoc
3095 2538 3176 2592 ita
3205 2555 3355 2608 esse,
3386 2545 3445 2594 et
3490 2557 3596 2595 cur

1945 2636 2108 2687 tanta
2139 2623 2215 2684 sit
2241 2628 2520 2683 horarum
2542 2626 2978 2688 dilferentiadta
3009 2632 3068 2681 ut
3098 2626 3206 2682 hoc
3237 2627 3295 2681 in
3321 2627 3446 2684 loco
3470 2628 3594 2684 dies

1943 2721 2040 2789 sit,
2074 2721 2132 2774 in
2175 2717 2274 2772 illo
2333 2734 2466 2787 nox,
2515 2715 2788 2786 horaque
2836 2732 2992 2771 nunc
3045 2715 3377 2789 praecipites
3436 2735 3592 2774 nunc

1941 2813 2231 2870 tardiores
2257 2810 2400 2879 sint,
2425 2809 2591 2878 scito,
2624 2825 2655 2865 e
2685 2808 2827 2865 solis
2861 2813 2917 2864 et
2945 2808 3102 2865 luna:
3127 2809 3450 2882 eclipsibus
3480 2811 3592 2868 hoc

1943 2900 2613 2976 patefieri.Compertum
2647 2899 2865 2954 habent
2880 2898 3170 2968 ejusmodi
3195 2915 3388 2956 rerum
3421 2901 3594 2972 periti

1940 2993 2093 3065 quod
2125 2989 2268 3047 solis
2289 2989 2524 3060 eclipsis
2555 2987 2846 3060 quartain
2879 2988 3115 3044 Perside
3143 2988 3471 3061 hora.apud
3488 3007 3594 3046 nos

1943 3080 2134 3154 prima
2157 3079 2344 3136 evenit
2369 3077 2554 3149 ;quod
2580 3078 2734 3132 idem
2757 3077 2950 3148 quoad
2977 3077 3152 3132 horas
3185 3081 3508 3134 nocturnas
3534 3079 3593 3134 in

1943 3170 2096 3226 lunae
2127 3168 2331 3239 eclipsi
2363 3167 2594 3223 accidit.
2621 3167 2839 3236 Figures
2871 3165 3088 3221 etenim
3122 3171 3277 3222 terra
3297 3167 3593 3238 sphaericaa

178 3256 369 3326 ταῦθα,
429 3254 504 3316 ὡς
563 3253 732 3311 ἐκεῖσε
786 3251 1288 3330 προλαμϐανούσης
1343 3264 1442 3326 τῆς
1501 3259 1728 3330 ἡμέρας.
1760 3259 1829 3313 Τὸ

1943 3259 2200 3314 curvitas
2223 3256 2560 3328 regionibus
2582 3254 3044 3311 occidentalibus
3066 3271 3128 3311 se
3141 3257 3594 3327 opponit,donec

185 3343 315 3398 αὐτὸ
374 3342 465 3398 καὶ
522 3341 610 3398 ἐπὶ
666 3347 774 3400 τῶν
829 3345 985 3420 ὡρῶν
1017 3352 1117 3415 τῆς
1170 3347 1362 3410 νυκτὸς
1419 3346 1505 3401 ἐπὶ
1563 3349 1669 3403 τῶν
1729 3356 1827 3418 τῆς

180 3429 421 3503 σελήνης
477 3431 794 3507 ἐκλείψεων·
857 3436 892 3503 ἡ
947 3436 1050 3510 γὰρ
1108 3436 1375 3510 κυρτότης
1400 3440 1497 3491 τοῦ
1554 3458 1827 3512 σφαιροει-

177 3519 305 3584 δοῦς
365 3524 652 3598 σχήματος
706 3527 806 3588 τῆς
852 3530 956 3597 γῆς
1015 3524 1357 3600 ἀντιφράττει
1412 3531 1531 3588 τοῖς
1589 3523 1828 3589 δυτικοῖς

178 3609 420 3684 μᾶρεσιν,
449 3607 553 3673 ἓως
585 3609 647 3666 οὗ
697 3612 886 3685 ὁψωθῇ
937 3612 1025 3666 καὶ
1075 3611 1162 3668 ἐπὶ
1208 3612 1414 3668 τούτων
1462 3614 1490 3668 ὁ
1520 3613 1702 3682 ἥλιος.
1767 3615 1828 3669 Εἰ

172 3701 277 3774 γὰρ
340 3701 415 3772 μὴ
467 3703 503 3768 ἡ
553 3707 624 3776 γῆ
660 3698 1036 3778 σφαιροειδὴς,
1069 3700 1194 3758 ἀλλ’
1223 3700 1474 3765 ἐπίπεδος
1503 3704 1594 3758 καὶ
1625 3703 1829 3759 ἐκτετα-

178 3789 318 3862 μὲν-η
364 3789 500 3843 κατᾶ
549 3797 751 3862 μῆκος,
803 3787 907 3862 ὅλη
972 3790 1032 3846 ἂν
1086 3793 1227 3865 ὁμοῦ
1285 3793 1738 3865 ἐφωτίζετο.”οτι
1771 3792 1828 3850 δὲ

173 3879 347 3952 κύρτή
385 3877 527 3932 ἐστιν
583 3881 618 3947 ἡ
674 3879 877 3949 ταύτης
939 3880 1237 3958 ἐπιφάνεια,
1284 3878 1452 3950 δῆλον
1499 3881 1558 3937 ἐκ
1608 3883 1823 3938 τούτου·

173 3967 266 4023 ὅτε
294 3967 402 4042 γὰρ
451 3964 692 4041 πλέομεν
726 3966 780 4023 ἐν
813 3966 1040 4044 πελάγει
1099 3969 1398 4038 θαλάσσης,
1431 3976 1647 4046 πρῶτον
1691 3973 1824 4044 ἡμῖν

172 4057 231 4110 αἱ
277 4055 574 4131 άκρώρειαι
628 4061 737 4112 τῶν
799 4058 942 4133 ὀρῶν
1001 4058 1298 4135 φαίνονται·
1335 4061 1717 4136 προσεγγίσασι
1771 4058 1828 4115 δὲ

169 4148 242 4218 τῇ
292 4149 368 4218 γῆ
412 4145 656 4220 φαίνεται
717 4146 807 4201 καὶ
852 4147 920 4202 τὰ
963 4148 1258 4222 κατώτερα’
1313 4149 1401 4203 καὶ
1461 4147 1658 4203 πλοῖον
1720 4149 1826 4204 ἀπὸ

168 4239 275 4309 γῆς
349 4230 552 4298 ἰδόντες
621 4235 850 4308 μηκόθεν
911 4235 964 4292 ἐν
1012 4235 1257 4313 πελάγει,
1307 4241 1524 4312 πρῶτον
1573 4238 1641 4292 τὰ
1685 4237 1826 4293 ἱστία

170 4325 409 4397 ὁρῶμεν,
459 4329 569 4379 τῶν
614 4322 824 4380 λοιπῶν
874 4330 969 4380 τοῦ
998 4325 1198 4381 πλοίου
1233 4331 1410 4402 μερῶν
1444 4327 1660 4404 ἀφανῶν
1689 4330 1824 4399 ἡμῖν

167 4413 575 4487 τυγχανόντων⁹
647 4413 1065 4486 πλησιαζόντων
1136 4413 1215 4484 δὲ,
1283 4416 1374 4471 καὶ
1447 4417 1514 4471 τὰ
1585 4415 1822 4472 κάτωθεν

218 4501 234 4516 ο
383 4501 397 4523 ε
454 4504 466 4522 ς
525 4498 551 4522 ν
908 4523 921 4537 ,
999 4500 1011 4520 θ
1212 4505 1225 4524 9
1362 4529 1372 4544 ,
1520 4507 1539 4538 Δ
1807 4507 1821 4528 ’

171 4521 316 4577 μερη
377 4523 449 4557 υπ
523 4507 645 4576 οψιν
697 4504 900 4578 γίνεται
983 4503 1116 4560 δπεσ
1167 4526 1270 4561 ουκ
1327 4504 1386 4560 ἃ)
1421 4500 1748 4576 συνεϐαινεν,
1777 4528 1823 4562 ει

169 4592 250 4664 μή
311 4593 506 4665 κυρτὸν
565 4593 632 4662 ἦν
688 4594 750 4648 τὸ
809 4601 1006 4669 σχῆμα
1059 4599 1156 4650 τοῦ
1217 4592 1436 4663 ὕδατος,
1487 4599 1556 4668 τῇ
1609 4600 1681 4670 γῇ
1733 4597 1820 4651 καὶ

1941 3347 2029 3404 sol
2061 3363 2294 3420 quoque
2317 3362 2381 3401 eo
2444 3361 2629 3415 usque
2659 3344 2956 3400 evehatur.
2983 3344 3042 3399 Si
3092 3346 3251 3400 enim
3289 3348 3445 3401 terra
3475 3364 3590 3402 non

1937 3437 2212 3506 rotunda,
2246 3436 2346 3491 sed
2378 3435 2553 3506 plana
2578 3438 2636 3488 et
2665 3431 2842 3505 longa
2871 3439 3045 3504 esset,
3080 3438 3203 3490 tota
3231 3435 3410 3491 simul
3449 3436 3588 3492 illu-

1938 3531 2242 3582 straretur.
2288 3523 2532 3578 Curvam
2577 3539 2809 3594 quoque
2854 3539 2982 3578 eam
3035 3539 3164 3579 esse
3222 3524 3279 3579 id
3334 3528 3588 3583 testatur

1938 3617 2093 3689 quod
2115 3615 2162 3671 si
2193 3614 2252 3669 in
2286 3613 2433 3669 mari
2463 3611 2828 3681 navigamus,
2862 3614 3151 3669 montium
3194 3615 3383 3685 primo
3414 3633 3585 3672 cacu-

1939 3705 2102 3761 mina
2131 3721 2193 3759 se
2223 3701 2532 3769 exhibent;
2561 3700 2658 3755 ubi
2689 3706 2886 3756 autem
2919 3703 2989 3757 ad
3015 3707 3229 3757 terram
3269 3707 3584 3775 appropin-

1937 3810 2212 3867 quamus,
2274 3795 2466 3862 partes
2523 3789 2826 3846 inferiores
2879 3789 3100 3846 sensim
3154 3797 3456 3864 apparent.
3492 3795 3587 3850 Sic

1938 3884 2111 3940 etiam
2135 3880 2369 3953 quando
2420 3879 2617 3935 navim
2653 3879 2712 3934 in
2773 3880 2921 3936 mari
2953 3879 3025 3934 de
3054 3884 3210 3935 terra
3239 3882 3584 3954 aspicimus,

1938 3972 2063 4028 vela
2093 3970 2283 4042 primo
2342 3969 2638 4024 cernimus
2698 3969 2839 4022 dum
2873 3973 3090 4024 cetera:
3122 3969 3337 4041 navigii
3388 3977 3584 4042 partes

1937 4061 2242 4118 oculorum
2273 4059 2457 4114 aciem
2486 4058 2743 4130 fugiunt.
2778 4059 3020 4124 Quando
3042 4063 3236 4115 autem
3269 4062 3582 4132 appropin-

1937 4157 2079 4222 quat
2095 4149 2499 4219 navis,czeteraa
2530 4164 2763 4219 quoque
2781 4151 2976 4220 partes
2991 4149 3099 4204 sub
3114 4148 3311 4204 oculos
3323 4149 3581 4206 veniunt.

1937 4242 2098 4308 Quod
2117 4256 2231 4295 non
2249 4237 2524 4306 eveniret,
2558 4237 2607 4293 si
2629 4255 2744 4294 non
2767 4242 2926 4292 esset
2945 4254 3120 4294 curva
3144 4240 3310 4294 undae
3335 4240 3582 4311 superfi-

1939 4329 2057 4385 cies
2080 4330 2328 4385 formam
2350 4326 2590 4398 sphaerae
2624 4344 2742 4382 una
2760 4343 2892 4382 cum
2914 4332 3071 4383 terra
3089 4328 3334 4384 habens.
3369 4328 3492 4385 Nisi
3515 4345 3584 4384 ea

1933 4422 2090 4475 esset
2122 4423 2283 4473 terrai
2317 4417 2524 4483 forma,
2558 4416 2756 4471 omnia
2785 4421 2942 4472 astra
2991 4416 3165 4473 simul
3211 4423 3579 4490 apparerent.

1935 4507 2102 4563 Nunc
2133 4511 2329 4563 autem
2349 4522 2484 4561 cum
2499 4506 2571 4561 ad
2592 4506 3053 4576 septentrionem
3070 4506 3586 4576 incolamus,estra

1938 4597 2178 4667 quidem
2210 4595 2686 4667 septentrionalis
2720 4596 2837 4667 poli
2878 4596 3220 4667 aspicimus.
3253 4598 3396 4653 Ecce
3425 4598 3581 4653 enim

166 4681 300 4735 αὐτὸ
360 4680 844 4757 συσφαιρούμενυν.
901 4683 966 4740 Εἰ
1030 4683 1132 4759 γὰρ
1197 4685 1272 4756 μή
1335 4685 1401 4752 ἦν
1455 4690 1701 4740 τοιοῦτον
1756 4687 1818 4741 τὸ

1941 4664 2222 4758 janOpus,
2272 4664 2499 4740 astrum
2560 4664 2904 4754 maximum,
2938 4664 2996 4739 in
3041 4687 3285 4758 ngypto
3315 4691 3580 4759 apparet,

166 4776 369 4844 σχῆμα
422 4776 522 4839 τῆς
580 4769 708 4845 γῆς,
761 4770 957 4834 πάντες
1019 4772 1078 4827 ἂν
1140 4774 1192 4827 οἱ
1244 4772 1460 4846 ἀστέρες
1516 4772 1816 4852 ἐφαίνοντο·

161 4863 257 4913 νῦν
289 4855 351 4912 δὲ
381 4855 472 4913 διὰ
497 4858 561 4914 τὸ
588 4861 722 4932 πρὸς
756 4859 957 4936 βορῥᾶν
1018 4860 1153 4916 εἶναι
1207 4863 1308 4931 τήν
1365 4862 1634 4937 ἡμετέραν
1668 4859 1821 4934 οἷ’κη-

166 4969 251 5001 σιν
307 4947 440 5011 τοὺς
499 4948 593 5020 μὶν
652 4947 876 5022 ἆστὲρας
935 4954 1030 5004 τοῦ
1093 4950 1311 5026 βορείου
1368 4949 1546 5005 πόλου
1579 4951 1817 5026 ὁρῶμεν,

159 5036 294 5098 τοὺς
354 5032 412 5090 δὲ
469 5033 520 5092 ἐν
552 5037 696 5108 νότῳ
744 5036 851 5112 οὐχ
899 5039 1136 5112 ὁρῶμεν.
1167 5037 1306 5095 Ἰδοὺ
1337 5041 1440 5115 γάρ
1473 5041 1500 5094 ὁ
1532 5035 1816 5110 Κάνωϐος,

163 5125 428 5200 μέγιστος
481 5123 555 5179 ὣν
614 5124 812 5201 ἀστὴρ,
869 5125 922 5181 ἐν
983 5127 1078 5201 μὲν
1111 5132 1180 5202 τῇ
1240 5128 1498 5203 Αἰγύπτῳ
1555 5129 1814 5206 φαίνεται,

159 5212 225 5268 οὐ
284 5212 451 5286 μόνον
502 5211 682 5288 οὗτος,
717 5211 862 5270 ἀλλὰ
887 5215 977 5270 καὶ
1008 5217 1060 5270 οἱ
1101 5214 1286 5272 λοιποὶ
1317 5218 1632 5294 νοτιώτεροι
1660 5216 1817 5274 ant-

156 5322 271 5376 ρες”
339 5302 387 5358 εἴ
434 5301 490 5358 δὶ
537 5302 590 5357 ἐν
641 5301 720 5378 τῷ
771 5303 919 5378 μέσῳ
966 5305 1056 5376 ἧν,
1105 5305 1232 5362 ἀλλ’
1283 5301 1473 5383 ἔρῤεπε
1521 5308 1657 5382 πρὸς
1714 5310 1813 5379 τὴν

154 5389 460 5461 ἀνατολήν,
529 5392 870 5470 ἀνίσχοντος,
936 5394 994 5450 ἃν
1061 5401 1159 5451 τοῦ
1224 5395 1410 5468 ἡλίου,
1483 5396 1814 5472 βραχύτεραι

154 5479 406 5558 ἐγένοντο
456 5481 510 5537 αί
555 5487 664 5538 τῶν
716 5485 1102 5559 φωτιζομὲνων
1169 5486 1338 5557 σκιαὶ,
1407 5486 1686 5564 πόρρωθεν
1759 5485 1816 5542 δὲ

159 5571 432 5644 μείζονες·
515 5569 660 5629 άλλὰ
740 5575 848 5647 μὴν
925 5574 1016 5631 καὶ
1079 5576 1147 5631 τὰ
1205 5575 1568 5632 ἀνατέλλοντα
1641 5575 1815 5632 πάντα

158 5662 391 5733 μείζονα
439 5660 686 5729 ἐφαίνετο
733 5663 783 5718 ἐν
831 5667 900 5740 τῇ
950 5665 1211 5740 ἀνατολῇ,
1268 5667 1344 5732 ὡς
1383 5665 1619 5737 πλησίον
1650 5665 1816 5736 αὐτῆς

154 5753 328 5822 ἡμῶν
386 5748 580 5808 ὄντων’
633 5749 864 5828 δυόμενα
913 5751 970 5811 δὶ
1019 5755 1299 5812 ἐλάττοναο
1355 5755 1400 5812 εἰ
1453 5754 1508 5813 δὲ
1551 5757 1687 5835 πρὸς
1713 5757 1813 5828 τήν

1932 4791 2038 4831 nec
2070 4780 2301 4830 tantum
2333 4773 2608 4838 illud,sed
2639 4780 2696 4828 et
2727 4784 2933 4828 caelera
2963 4791 3090 4844 quae
3115 4776 3303 4846 magis
3353 4777 3424 4831 ad
3459 4791 3580 4831 me-

1929 4862 2140 4919 ridiem
2173 4870 2332 4928 sunt,
2375 4866 2552 4916 astra.
2587 4860 2646 4915 Si
2705 4877 2838 4916 vero
2897 4861 2957 4916 in
2991 4863 3184 4918 medio
3233 4868 3388 4919 esset
3441 4864 3576 4930 sita,

1929 4953 2032 5008 sed
2065 4953 2136 5008 ad
2167 4951 2448 5007 orientem
2482 4955 2762 5022 vergeret,
2795 4955 3132 5022 emergente
3189 4951 3329 5019 sole,
3352 4951 3574 5006 brevio-

1928 5057 2020 5097 res
2045 5041 2251 5097 fierent
2276 5056 2479 5095 eorum
2508 5055 2634 5110 quae
2655 5038 3070 5094 iliuminantur
3101 5038 3344 5105 umbrae,
3373 5056 3576 5097 eorum

1928 5135 2123 5186 autem
2157 5147 2284 5202 quea
2319 5127 2521 5200 procul
2543 5134 2700 5194 sunt,
2735 5130 3005 5199 majores.
3061 5131 3185 5184 Imo
3244 5134 3301 5184 et
3331 5127 3576 5187 orientia

1927 5220 2128 5276 omnia
2157 5225 2317 5276 astra
2347 5219 2573 5289 majora
2603 5218 2659 5272 in
2692 5218 2913 5274 oriente
2943 5222 3314 5290 apparerent,
3357 5217 3574 5291 quippe

1927 5326 2062 5365 cum
2116 5308 2200 5365 eis
2247 5307 2548 5381 propiores
2609 5323 2918 5376 essemus;
2979 5307 3305 5364 occidentia
3378 5316 3572 5365 autem

1927 5397 2178 5454 minora.
2223 5398 2284 5454 Si
2323 5413 2455 5453 vero
2515 5397 2586 5453 ad
2646 5395 3006 5453 occidentem
3059 5402 3317 5469 vergeret
3372 5403 3574 5455 nostra

1927 5487 2106 5560 regio,
2157 5487 2450 5542 contraria
2475 5485 2713 5541 omnino
2771 5485 3176 5559 contingerent
3207 5503 3223 5556 ;
3256 5485 3304 5542 si
3337 5504 3466 5543 vero
3499 5489 3572 5544 ad

1925 5577 2380 5649 septentrionem
2414 5575 2816 5643 inclinaretur,
2837 5575 2906 5631 ad
2930 5575 3080 5632 hanc
3113 5579 3338 5648 partem
3371 5582 3570 5634 exten-

1923 5666 2201 5722 derentur
2231 5683 2427 5722 rerum
2453 5682 2578 5738 qua:
2611 5664 2739 5722 luce
2761 5666 3198 5739 perfunduntur
3240 5667 3480 5737 umbras,
3513 5674 3570 5726 et

1925 5758 1975 5815 si
1998 5759 2068 5815 ad
2095 5759 2421 5832 meridiem,
2479 5757 2771 5815 similiter.
2827 5759 2993 5817 Nunc
3047 5763 3263 5833 autem,
3295 5776 3430 5817 cum
3480 5761 3567 5818 sol
