4080 6350
514 414 629 477 787

1845 413 2266 475 MICHAELlS
2308 412 2581 473 PSELLI

3811 410 3927 470 788

512 548 720 617 oritur,
755 547 827 604 ad
863 544 1221 604 occidentem
1251 549 1496 618 vergunt
1539 547 1783 618 umbrae,
1819 564 1952 603 cum
1975 549 2166 603 autem

2286 540 2435 599 δύσιν
2470 542 2681 621 ἔρρεπε,
2744 543 2810 599 τὰ
2862 541 3070 599 τούτων
3104 542 3313 599 ἰναντία
3340 541 3567 617 ἐγένετο’
3626 541 3717 596 καὶ
3774 537 3829 596 εἷ’
3876 543 3932 617 γε

510 638 745 707 occidit,
783 638 853 694 ad
894 637 1199 692 orientem.

2278 635 2414 708 πρὸς
2476 634 2675 712 βορρᾶν
2730 631 2929 700 ἔκλινε,
2962 634 3099 709 πρὸς
3128 637 3291 687 τοῦτο
3316 629 3383 687 ’ἂν
3415 633 3474 686 τὸ
3531 631 3693 705 μέρος
3724 630 3930 685 ἀπετεί-

508 747 666 781 νοντο
699 724 778 780 ἀεὶ
812 726 877 778 αἱ
908 728 1015 779 τῶν
1046 725 1434 802 φωτιζομὲνων
1470 724 1633 798 σκιαὶ,
1665 723 1777 797 καὶ,
1812 724 1855 779 εἰ
1887 724 2020 796 πρὸς
2057 720 2422 799 μεσημϐρίαν,
2467 724 2696 797 ὁμοίως.
2749 728 2855 777 Νὖν
2892 720 2971 794 δὲ,
3021 721 3409 784 ἀνατὲλλοντος
3460 725 3554 775 τοῦ⁹
3603 720 3789 791 ἡλίου,
3848 719 3930 775 ἐπὶ

514 814 661 871 δύσιν
705 813 1095 870 ἀποκλίνουσιν
1134 815 1187 868 αἱ
1224 813 1390 883 σκιαὶ,
1425 811 1691 887 δυομένου
1719 811 1795 884 δὲ,
1830 814 1964 890 πρὸς
1993 812 2284 884 ἀνατολήν.

938 926 989 978 2.
1027 928 1098 980 De
1137 932 1297 979 terra?
1327 924 1738 992 magnitudine.

584 1031 665 1087 De
697 1034 863 1087 terrae
885 1030 1290 1102 magnitudine
1323 1030 1519 1086 multae
1552 1033 1802 1086 fuerunt
1823 1031 2165 1103 Opiniones;

514 1122 841 1177 docuerunt
896 1136 1026 1175 vero
1087 1120 1364 1191 deinceps
1412 1137 1617 1175 omnes
1653 1121 1992 1175 universum
2042 1121 2168 1189 ejus

515 1210 805 1265 ambitum
855 1224 985 1264 esse
1036 1209 1362 1264 stadiorum
1414 1211 1692 1280 (250,000)
1760 1209 2061 1264 ducenties
2118 1217 2171 1265 et

513 1297 909 1369 quinquagies
932 1296 1134 1363 mille;
1172 1296 1317 1351 illud
1354 1303 1548 1353 autem
1601 1314 1704 1368 per
1750 1297 2168 1369 geometricam

516 1386 857 1441 methodum
889 1386 1467 1441 demonstraverunt.
1511 1386 1786 1442 Nonnulli
1818 1392 2016 1442 autem
2067 1387 2168 1441 de-

517 1475 707 1530 mensi
757 1479 898 1529 sunt
954 1474 1015 1528 in
1058 1479 1213 1529 terra
1264 1482 1489 1531 tantum
1543 1477 1826 1548 spatium,
1884 1480 2170 1547 quantum

513 1563 670 1618 intra
702 1562 995 1618 caelestem
1021 1564 1268 1635 gradum
1304 1566 1843 1635 comprehenditur,
1868 1570 1925 1619 et
1974 1565 2078 1620 hoc
2107 1565 2165 1619 in

516 1652 649 1719 360;
676 1656 881 1722 postea
904 1652 1234 1707 ccclestium
1262 1655 1553 1723 graduum
1577 1669 1890 1709 numerum
1912 1654 2020 1708 hoc
2037 1671 2170 1725 spa-

516 1740 597 1795 tio
630 1740 1116 1811 multiplicantes,
1143 1757 1277 1796 eum
1300 1747 1467 1797 terrae
1500 1758 1674 1813 quem
1703 1743 1960 1798 diximus
1992 1742 2174 1799 ambi-

519 1832 647 1884 tum
684 1829 1052 1885 invenerunt.
1088 1829 1296 1886 Nostra
1319 1847 1449 1885 vero
1484 1831 1638 1899 regio
1666 1831 1722 1885 in
1757 1836 1921 1902 parte
1951 1836 2179 1903 septen-

514 1915 753 1973 trionali
812 1918 922 1972 sita
974 1924 1064 1973 est
1113 1938 1126 1987 ;
1195 1891 1615 1990 proptereaque
1671 1891 1924 1975 borealis
1999 1891 2173 1991 polus
2206 1891 2252 1956 Β

517 2022 749 2077 semper
782 2005 1027 2062 visibilis
1059 2012 1147 2062 est
1180 2027 1192 2074 ;
1229 2008 1505 2078 regioque
1556 2008 1657 2062 illa
1690 2025 1863 2079 quam
1897 2008 2169 2064 ultimam

530 2097 801 2150 novimus
831 2112 1034 2151 versus
1065 2096 1344 2151 orientem
1377 2101 1467 2151 est
1498 2098 1639 2152 urbs
1668 2099 1937 2168 quaedam
1971 2097 2173 2152 Sinen-

528 2185 683 2240 sium
708 2185 944 2239 nomine
973 2186 1127 2240 Sera.
1162 2184 1325 2239 Ultra
1354 2202 1550 2256 quam,
1596 2191 1661 2241 ut
1691 2186 1987 2258 inquiunt,
2009 2186 2168 2241 lacu-

525 2290 613 2329 nae
645 2278 784 2329 sunt
812 2278 870 2328 et
902 2273 1131 2341 calami,
1165 2290 1354 2346 neque
1385 2276 1521 2331 inde
1578 2274 1734 2331 ultra
1784 2278 1851 2331 ad
1888 2277 2171 2332 orientem

522 2361 593 2415 iri
621 2365 858 2433 potest;
897 2362 1170 2418 Sinenses
1228 2380 1363 2419 vero
1406 2364 1490 2419 illi
1549 2366 1801 2422 maxime
1858 2366 2171 2423 orientales

524 2455 719 2521 partes
749 2451 1193 2507 incolunt.Sunt
1218 2457 1414 2508 autem
1446 2470 1649 2510 omnes
1681 2456 1945 2511 doctrina
1966 2455 2168 2525 Graeci,

522 2539 635 2595 nisi
663 2541 1152 2611 quodjustissimi
1184 2544 1435 2599 sunt.Ad
1470 2544 1830 2601 occidentem
1859 2562 1990 2601 vero
2014 2544 2173 2600 habi-

523 2627 719 2684 tabilis
741 2634 896 2685 terra
926 2630 1079 2685 ultra
1101 2630 1439 2702 Hispaniam
1492 2633 1620 2688 finit
1652 2635 1722 2689 ad
1752 2634 2170 2690 occidentalem

519 2718 814 2774 Oceanum
847 2719 905 2773 in
966 2736 1140 2791 quem
1192 2721 1386 2777 influit
1442 2728 1706 2778 nostrum
1756 2723 1953 2796 ipsum
1988 2740 2167 2780 mare.

519 2807 754 2863 Distant
784 2807 943 2864 mille
974 2808 1327 2867 milliaribus
1350 2828 1383 2866 a
1404 2812 1782 2867 terrainsulae
1807 2830 1934 2884 quae
1968 2815 2170 2869 Fortu-

522 2902 669 2953 nata:
700 2898 1132 2969 dicuntur,quae
1167 2901 1332 2970 prius
1356 2900 1628 2955 habitata:
1660 2906 1716 2957 et
1737 2902 1810 2957 ob
1841 2902 1990 2957 aeris
2022 2907 2170 2958 tem-

520 2984 738 3056 periem
771 2991 827 3041 et
871 3003 1040 3041 suam
1094 2986 1452 3044 fertilitatem
1503 2990 1776 3060 qumsitae,
1839 3008 1994 3047 nunc
2045 2993 2169 3063 jam

518 3091 635 3129 non
667 3073 833 3130 cultae
884 3081 1041 3131 sunt.
1095 3076 1313 3133 Versus
1371 3080 1888 3149 septentrionalem
1946 3086 2169 3152 partem

517 3161 860 3219 habitabilis
883 3168 1039 3220 terra
1065 3165 1253 3221 Thule
1296 3165 1496 3222 insula
1543 3167 1784 3237 ﬁnitur;
1837 3185 1963 3240 quae
2011 3170 2168 3225 enim

2640 922 2705 996 β’.
2741 921 2871 995 Περὶ
2899 924 2997 975 τοῦ
3034 919 3293 995 μεγεθους
3323 925 3422 989 τῆς
3454 920 3573 993 γῆς.

2350 1028 2483 1102 Περὶ
2544 1024 2601 1082 δὲ
2651 1032 2747 1082 τοῦ
2811 1027 3069 1102 μεγέθους
3127 1034 3227 1095 τῆς
3283 1034 3381 1102 γῆς
3438 1023 3645 1081 πολλαὶ
3684 1027 3933 1102 γίγονασι

2282 1115 2450 1187 δόξαι,
2512 1118 2858 1191 ἀπεφήναντο
2918 1114 2975 1171 δὲ
3034 1116 3253 1192 ὕστερον
3312 1119 3528 1177 πάντες.
3590 1116 3662 1177 ὡς
3708 1112 3934 1169 σταδίων

2284 1204 2561 1279 μυριάδων
2621 1204 2763 1260 ἐστὶν
2825 1204 2995 1261 εἷ’κοσι
3047 1207 3137 1261 καὶ
3194 1206 3423 1274 πένταή
3457 1204 3562 1275 ὅλη
3605 1209 3930 1278 περίμετρος

2281 1295 2469 1364 αὐτῆς,
2530 1292 2900 1365 ἀποδείξαντες
2932 1293 2989 1350 δὶ
3025 1296 3086 1350 τὸ
3113 1299 3361 1350 τοιοῦτον
3395 1291 3483 1348 διὰ
3515 1291 3759 1366 μεθόδων
3791 1314 3932 1368 γεω-

2285 1389 2577 1459 μετρικῶν.
2627 1386 2777 1448 Τινὶς
2834 1382 2892 1438 δὲ
2947 1389 3204 1439 τοσοῦτον
3240 1384 3601 1457 μετρήσαντες
3657 1380 3934 1455 διάστημα

2281 1474 2331 1529 ἐν
2387 1480 2455 1549 τῇ
2487 1480 2578 1550 γῇ,
2637 1476 2774 1531 ὥστε
2829 1473 3308 1549 παραλλάττεσθαι
3371 1472 3495 1546 μίαν
3530 1478 3723 1548 μοῖραν
3755 1471 3808 1527 ἐν
3858 1476 3933 1541 τῷ

2283 1564 2513 1639 οὐρανῷ,
2568 1566 2658 1619 καὶ
2710 1569 2870 1619 τοῦτο
2904 1565 2989 1619 ἐπὶ
3046 1563 3139 1634 τξ’,
3172 1560 3295 1631 ἤτοι
3325 1564 3423 1630 τήν
3451 1566 3559 1617 τῶν
3598 1566 3807 1635 μοιρῶν
3838 1565 3934 1616 τοῦ

2282 1651 2514 1727 οὒρανοὺ
2586 1657 2865 1724 ποσότητα
2945 1650 3490 1713 ⁴πολυπλιιιιι·ιᾶσαντες
3523 1694 3539 1721 ,
3613 1652 3767 1725 εύρον
3834 1652 3931 1719 τὴν

2282 1743 2609 1818 περίμετρον
2662 1746 2764 1807 τῆς
2818 1749 2923 1817 γῆς
2962 1742 3251 1810 τοσαύτην.
3315 1741 3391 1802 ὡς
3446 1738 3696 1812 εἷ’πομεν.
3755 1740 3820 1794 Ἡ
3879 1736 3935 1794 δὲ

2283 1832 2525 1905 ἡμετέρα
2578 1829 2791 1901 οἷ’κησις
2850 1829 2990 1885 ἐστὶν
3026 1829 3077 1885 ἐν
3125 1835 3204 1901 τῷ
3259 1830 3458 1905 βορείῳ
3493 1829 3664 1901 μέρει,
3726 1828 3816 1882 καὶ
3850 1826 3937 1882 διὰ

2281 1926 2441 1975 τοῦτο
2502 1922 2528 1975 ὁ
2591 1922 2684 1993 μὶν
2740 1919 2953 1996 βόρειος
3008 1918 3182 1982 πόλος
3226 1918 3366 1973 ἐστὶν
3426 1919 3707 1991 ἀειφανής
3766 1918 3859 1972 καὶ
3899 1920 3933 1985 ἡ

2282 2010 2590 2085 ἱγνωσμένη
2655 2006 2870 2080 οἰίκησις
2927 2008 2981 2063 ἐν
3010 2011 3079 2081 τῇ
3112 2011 3185 2083 γῇ
3215 2007 3351 2062 κατὰ
3406 2008 3504 2076 τὴν
3534 2004 3805 2073 ἀνατολὴν
3839 2007 3931 2079 μὲν

2277 2098 2503 2169 τελευτᾷ
2561 2098 2614 2152 ιν
2668 2097 2827 2154 πόλει
2884 2098 2992 2153 τινὶ
3048 2102 3157 2153 τῶν
3217 2096 3390 2151 Σίνων
3451 2095 3729 2170 λεγομένῃ
3757 2098 3933 2169 Σιίρᾳ.

2280 2190 2353 2245 Τὸ
2409 2193 2537 2264 γοῦν
2598 2186 2844 2243 ἐπέκεινα
2882 2186 3103 2258 ταύτης,
3167 2187 3241 2249 ὡς
3298 2187 3629 2260 ἱστοροῦσιν,
3687 2182 3936 2257 τέλματα

2280 2276 2383 2332 εἷ’σι
2440 2278 2528 2333 καὶ
2587 2276 2850 2350 κάλαμοι,
2908 2278 2995 2331 καὶ
3058 2273 3238 2337 δίοδος
3268 2276 3358 2330 ἀπ’
3391 2274 3559 2343 αὐτῆς
3586 2271 3939 2329 ἀνατολικῶ-

2279 2366 2405 2442 τέρα
2465 2367 2564 2421 οὐκ
2616 2363 2781 2433 ἔστιν,
2842 2367 2892 2420 oi
2952 2362 3009 2420 δὲ
3042 2371 3194 2420 Σῖνοι
3222 2365 3371 2419 οὗτοι
3402 2365 3469 2418 τὰ
3497 2361 3937 2437 ἀνατολικώτερα

2284 2456 2422 2532 μὲρη
2477 2461 2573 2510 τοῦ
2632 2455 2842 2527 κόσμου
2904 2452 3170 2509 οἰκοῦσιν·
3232 2452 3337 2507 εἰσὶ
3378 2450 3436 2507 δὶ
3490 2453 3688 2513 πάντες
3719 2450 3938 2522 ’Έλλη-

2278 2565 2364 2606 νες
2420 2546 2483 2600 τὸ
2533 2541 2728 2618 δόγμα,
2792 2541 2939 2612 πλὴν
2999 2542 3135 2597 πάνυ
3194 2540 3548 2598 δικαιότατοι.
3580 2541 3732 2599 Κατὰ
3758 2539 3816 2596 δὲ
3839 2543 3940 2608 τὴν

2281 2633 2430 2689 δύσιν
2500 2632 2728 2703 τελευτᾷ
2794 2635 2827 2702 ἡ
2910 2629 3126 2701 οἷ’κησις
3199 2630 3441 2687 ἐπέκεινα
3506 2635 3607 2695 τῆς
3666 2631 3939 2692 Ἱσπανίας

2279 2724 2416 2798 πρὸς
2474 2727 2555 2794 τῷ
2586 2719 2787 2794 δυτικῷ
2816 2719 3060 2794 ὠκεανῷ,
3123 2720 3198 2783 εἰς
3249 2721 3306 2774 ὃν
3372 2714 3639 2791 εμϐἀλλει
3700 2719 3836 2787 αὕτη
3900 2721 3934 2787 ἡ

2278 2813 2397 2875 καθ’
2454 2814 2601 2884 ἡμᾶς
2654 2808 2917 2874 θάλασσα.
2976 2809 3273 2884 Ἀπέχουσι
3326 2807 3382 2864 δὶ
3412 2808 3534 2863 ὅσον
3591 2805 3799 2883 χιλίων
3844 2828 3936 2880 μι-

2282 2900 2415 2957 λίων
2472 2898 2745 2973 διάστημα
2794 2899 2900 2954 ἀπὸ
2927 2906 3027 2968 τῆς
3060 2901 3165 2974 γῆς
3195 2899 3251 2953 αἱ
3284 2896 3574 2974 λεγόμεναι
3603 2902 3712 2952 τῶν
3747 2901 3937 2953 Μακα-

2282 3010 2389 3063 ρων
2450 2997 2630 3059 νῆσοι,
2688 2987 2887 3053 α’ίτινες
2915 2989 3041 3064 πρὶν
3077 2988 3395 3061 οἰκούμεναι
3453 2988 3604 3042 οὖσαι
3663 2987 3753 3041 καὶ
3814 2987 3936 3041 ἐπί-

2282 3081 2469 3158 φθονοι
2503 3076 2592 3133 δια
2620 3100 2678 3133 τε
2701 3080 2799 3147 τὴν
2835 3076 3115 3152 εὐκρασίαν
3160 3081 3260 3131 τοῦ
3312 3076 3467 3153 ἂὲρος
3511 3076 3601 3131 καὶ
3650 3076 3755 3145 τηο
3788 3074 3936 3131 πολ.

2281 3167 2383 3236 λὴν
2439 3167 2711 3245 εὐφορίαν,
2769 3170 2859 3221 νῦν
2915 3165 3163 3235 ἀοίκητοί
3217 3165 3341 3221 εἶσι.
3399 3164 3544 3220 Κατά
3600 3162 3659 3219 δὲ
3713 3167 3775 3220 τὸ
3834 3165 3935 3240 ἆρ-

518 3249 799 3306 ulteriora
830 3256 969 3307 sunt
990 3252 1063 3307 ob
1098 3258 1301 3309 ventos
1332 3272 1446 3309 non
1474 3255 1833 3311 habitantur.
1866 3258 1951 3312 Ad
1987 3258 2162 3313 meri-

2279 3262 2450 3329 κτῷον
2506 3257 2667 3331 μέρος
2695 3256 3009 3331 περαιοῦται
3066 3258 3100 3323 ἡ
3135 3252 3347 3324 οἴκησις
3376 3253 3430 3309 ἐν
3476 3253 3626 3324 Θύλη
3659 3258 3726 3327 τῇ
3759 3255 3933 3326 νήσῳ·

518 3336 674 3393 diem
708 3342 903 3395 autem
940 3340 1204 3397 incolunt
1227 3342 1496 3399 homines
1542 3362 1726 3416 usque
1775 3346 1846 3400 ad
1907 3347 2171 3418 :eqnino-

515 3426 748 3483 ctialem
790 3428 1073 3484 circulum
1117 3450 1131 3498 ;
1186 3432 1287 3487 sed
1346 3432 1595 3503 hujusce
1672 3435 1927 3506 regionis
1970 3436 2170 3491 incolae

513 3520 657 3571 sunt
685 3517 948 3573 barbarae
980 3526 1461 3591 gentes,quorum
1488 3522 1639 3577 cutis
1663 3524 1826 3593 nigro
1848 3522 2039 3580 colore
2061 3531 2169 3582 est.

516 3604 624 3669 Qui
654 3622 787 3662 vero
820 3608 1090 3663 habitant
1122 3610 1231 3665 sub
1255 3611 1725 3681 aequinoctialem
1751 3612 2169 3677 circulum,no-

515 3698 635 3751 otes
667 3696 886 3753 habent
915 3699 1125 3753 diebus
1148 3716 1380 3771 semper
1403 3701 1674 3772 aequales.
1710 3703 1892 3768 Quam
1945 3708 2168 3775 partem

514 3784 696 3857 igitur
724 3802 1001 3843 vocamus
1033 3788 1351 3860 Orientem,
1388 3806 1501 3845 non
1537 3795 1628 3846 est
1654 3790 1869 3858 oriens,
1887 3793 1987 3847 sed
2020 3793 2169 3849 occi-

516 3875 683 3931 dens.
719 3872 785 3930 Et
833 3893 961 3948 quae
1022 3877 1293 3949 plurimis
1354 3879 1627 3935 videntur
1656 3880 1964 3937 orientales
1995 3882 2170 3938 urbes

519 3963 883 4035 esse,quales
914 3966 1113 4021 Iberia
1145 3972 1201 4023 et
1217 3968 1588 4040 Mediaa,ipsaa
1604 3975 1743 4025 sunt
1756 3969 2167 4039 occidentales,

516 4052 656 4125 quia
686 4058 825 4108 sunt
868 4054 927 4109 in
961 4060 1127 4125 parte
1160 4060 1325 4113 terrae
1358 4058 1732 4114 occidentali.
1769 4059 2009 4114 Initium
2061 4076 2165 4115 au-

514 4146 632 4197 tem
656 4141 1030 4197 orientalium
1056 4146 1311 4215 partium
1345 4152 1434 4202 est
1460 4149 1611 4202 ultra
1634 4148 1822 4219 ipsam
1846 4148 2164 4204 Persidem.

514 4227 690 4285 Terra
715 4246 847 4286 vero
882 4248 914 4285 a
939 4232 1151 4301 priscis
1181 4233 1552 4306 philosophis
1582 4237 1639 4290 in
1675 4243 1899 4308 septem
1934 4237 2167 4294 climata

514 4317 703 4374 divisa
741 4324 829 4374 est
885 4319 994 4374 hoc
1046 4322 1242 4377 modo.
1290 4324 1833 4381 Animadvertentes
1883 4327 2037 4381 enim
2081 4326 2164 4382 illi

514 4421 719 4462 omnes
749 4408 908 4464 locos
932 4409 1032 4480 qui
1066 4416 1206 4466 sunt
1228 4412 1419 4484 magis
1444 4415 1514 4468 ad
1549 4415 2007 4485 septentrionem
2045 4417 2163 4482 siti,

516 4495 839 4552 maximum
872 4496 1027 4553 diem
1059 4500 1343 4569 majorem
1375 4501 1589 4557 habere
1611 4518 1787 4572 quam
1821 4503 1930 4557 loci
1964 4518 2166 4559 versus

515 4586 823 4643 meridiem
856 4589 1040 4658 siti,et
1070 4591 1140 4647 ab
1162 4592 1512 4663 mquinoctio
1543 4593 1599 4647 in
1626 4600 1821 4665 partes
1839 4593 2162 4662 ulteriores,

516 4674 780 4747 neglecto
798 4677 1104 4735 semihorae
1137 4687 1473 4753 augmento,
1508 4683 1614 4737 has
1646 4683 1909 4753 regiones
1940 4698 2005 4739 eo
2028 4701 2165 4756 spa-

516 4764 597 4821 tio
620 4766 692 4821 ab
740 4766 1088 4839 mquinoctio
1137 4770 1425 4826 distantes
1456 4772 1736 4842 primum,
1766 4772 1941 4827 clima
1971 4774 2164 4844 appel-

516 4854 804 4927 laverunt,
832 4856 883 4913 ei
907 4858 1129 4915 Meroes
1162 4876 1367 4915 nomen
1392 4861 1782 4933 imponentes.
1842 4863 1943 4918 Est
1992 4879 2162 4933 porro

518 4944 709 5001 Meroe
740 4947 882 5003 urbs
908 4947 1244 5020 Ethiopica.
1263 4953 1325 5005 In
1351 4950 1458 5005 hoc
1490 4957 1686 5007 autem
1720 4951 1953 5007 climate
1977 4952 2162 5007 maxi-

516 5051 614 5091 ma
641 5036 764 5091 dies
786 5042 876 5092 est
932 5038 1215 5094 tredecim
1274 5040 1573 5097 horarum.
1626 5042 1845 5097 Deinde
1903 5042 2165 5097 animad-

512 5128 801 5181 vertentes
856 5126 956 5181 ubi
1016 5129 1268 5184 maxima
1317 5130 1441 5186 dies
1489 5130 1965 5201 sesquitredecim
1998 5130 2165 5185 hora-

512 5229 644 5269 rum
675 5219 849 5285 esset,
882 5215 1063 5288 hujus
1120 5217 1374 5290 regionis
1423 5220 1547 5275 dies
1604 5220 1928 5275 secundum
1987 5218 2163 5274 clima

512 5304 975 5377 appellaverunt,
1037 5308 1207 5379 eique
1274 5325 1487 5365 nomen
1557 5311 1774 5382 Syenes
1850 5310 2157 5365 dederunt.

509 5393 688 5448 Porro
712 5394 897 5466 Syene
946 5401 1036 5451 est
1089 5398 1231 5452 urbs
1281 5398 1474 5454 media
1513 5398 1665 5453 inter
1720 5398 2073 5469 Aithiopiam
2106 5403 2162 5453 et

509 5482 844 5555 Egyptum.
890 5486 1046 5541 idem
1075 5492 1271 5541 autem
1306 5488 1565 5542 fecerunt
1596 5489 1665 5542 de
1705 5488 1872 5542 tertio
1902 5488 2157 5557 climate,

512 5572 666 5643 quod
692 5587 721 5627 e
745 5575 982 5630 nomine
1003 5575 1296 5631 inferioris
1317 5577 1542 5649 [Egypti
1594 5577 1826 5647 dicitur,
1886 5579 2159 5649 quodque

514 5660 831 5719 maximam
856 5665 1008 5721 diem
1042 5666 1481 5736 quatuordecim
1522 5666 1802 5722 horarum
1835 5667 2028 5723 habet.
2078 5672 2159 5722 Ao

514 5750 788 5809 similiter
810 5752 879 5810 de
909 5758 1113 5826 quarto
1142 5772 1175 5814 a
1207 5756 1409 5814 Rhodo
1467 5757 1856 5827 nominatum,
1889 5759 2161 5829 quodque

2278 3348 2345 3401 τὰ
2392 3348 2495 3420 γὰρ
2553 3350 2855 3421 περαιτέρω
2907 3343 3109 3414 ταύτης
3165 3344 3396 3413 ἀοίκητα
3452 3341 3541 3397 διὰ
3594 3344 3693 3411 τήν
3752 3348 3933 3417 ψῦξιν.

2282 3436 2430 3492 Κατὰ
2478 3433 2535 3490 δὲ
2591 3437 2688 3503 τὴν
2728 3429 3073 3507 μεσημϐρίαν
3131 3432 3370 3487 οἰκοῦσιν
3424 3430 3705 3503 ἄνθρωποι
3766 3432 3934 3507 ἄχρις

2279 3524 2443 3579 αὐτοῦ
2498 3528 2596 3578 τοῦ
2656 3523 2973 3598 ἰσημερινοῦ
3028 3519 3256 3576 κύκλου·
3318 3519 3443 3576 ἀλλ’
3501 3521 3632 3575 εἰσὶν
3667 3522 3718 3576 οἱ
3760 3521 3937 3577 ἐκεῖσε

2280 3613 2555 3675 οἰκοῦντες
2629 3607 2874 3688 βάρϐαρα
2936 3610 3059 3681 ἔθνη
3142 3610 3231 3666 καὶ
3299 3609 3505 3683 μέλανα
3549 3612 3649 3678 τήν
3708 3611 3932 3686 χροιάν.

2277 3705 2434 3759 Ὅσοι
2494 3699 2551 3756 δὲ
2609 3701 2848 3756 οἰκοῧσιν
2914 3702 3015 3756 ὑπὸ
3069 3702 3161 3754 τὸν
3224 3701 3539 3775 ἰσημερινὸν
3588 3698 3817 3771 κύκλον,
3851 3701 3933 3755 ἀεὶ

2276 3793 2370 3855 τὰς
2429 3792 2620 3854 νύκτας
2670 3788 2891 3867 ἔχουσιν
2942 3792 3065 3852 ’ἰσας
3095 3796 3215 3852 ταῖς
3262 3790 3518 3864 ἡμᾶραις.
3551 3790 3613 3846 Ἣ
3647 3790 3740 3843 οὗν
3777 3789 3933 3865 λεγο-

2282 3883 2415 3954 μένη
2473 3887 2602 3957 παρ’
2656 3884 2816 3953 ἡμῶν
2880 3878 3114 3947 ἀνατολὴ
3168 3877 3271 3934 οὐκ
3299 3876 3438 3933 ἔστιν
3472 3877 3737 3946 ἀνατολὴ,
3769 3878 3815 3933 εἰ
3851 3881 3930 3951 μή

2278 3969 2463 4034 δύσις·
2535 3968 2681 4025 ἀλλὰ
2736 3970 2826 4024 καὶ
2887 3968 3042 4024 αὐταὶ
3099 3970 3156 4023 αἱ
3210 3965 3463 4022 δοκοῦσαι
3521 3972 3639 4029 τοῖς
3689 3965 3934 4031 πολλοῖς

2277 4058 2741 4133 ἀνατολικώτεραι
2784 4056 2999 4128 πόλεις,
3061 4058 3169 4111 οἶαι
3224 4057 3277 4111 αἱ
3308 4063 3407 4126 τῆς
3433 4052 3675 4129 Ἰϐηρίας
3704 4056 3798 4110 καὶ
3824 4060 3930 4120 τῆς

2278 4146 2516 4219 Μηδίας,
2577 4146 2665 4202 καὶ
2728 4145 2879 4202 αὗται
2939 4144 3149 4200 δυτικαῖ
3212 4144 3517 4220 ὑπάρχουσι
3552 4142 3640 4197 διὰ
3667 4144 3731 4198 τὸ
3762 4144 3816 4199 ἰν
3849 4148 3930 4216 τῷ

2277 4235 2480 4310 δυτικῷ
2539 4238 2686 4312 μέρει
2736 4240 2836 4302 τῆς
2890 4235 3217 4309 οἰκουμένης
3251 4236 3403 4291 εἶναι.
3461 4235 3519 4290 Ἦ
3556 4231 3612 4287 δὲ
3638 4233 3788 4308 ἀρχὴ
3822 4239 3933 4288 τῶν

2276 4326 2753 4402 ἄνατολικωτέρων
2792 4330 2970 4399 μερῶν
3029 4324 3118 4379 καὶ
3163 4323 3331 4393 αὐτῆς
3359 4328 3459 4392 τῆς
3508 4320 3738 4396 Περσίας
3786 4322 3928 4377 ἑστὲν

2275 4414 2547 4471 ἐπέκεινα.
2611 4414 3032 4489 Διαμεμίρισται
3093 4408 3151 4466 δὲ
3202 4413 3237 4480 ἠ
3299 4409 3590 4482 οἰκουμένη
3658 4407 3764 4464 ὑπὸ
3819 4415 3928 4464 τῶν

2274 4502 2447 4559 πάλαι
2506 4507 2684 4578 σοφῶν
2747 4501 2823 4563 εἰς
2877 4501 2944 4556 τὰ
2994 4501 3127 4554 ἑπτὰ
3180 4496 3423 4572 κλίματα
3446 4499 3681 4571 τοιούτῳ
3708 4499 3926 4575 τρόπῳ.

2277 4589 2502 4654 Ἰδόντες
2561 4592 2664 4666 γὰρ
2724 4589 2897 4657 οὗτοι,
2957 4593 3032 4652 ὡς
3063 4588 3183 4644 ὅσαι
3213 4590 3392 4664 χῶραι
3427 4588 3529 4642 εἰσι
3566 4587 3929 4663 βορειότεραι,

2276 4680 2462 4758 ἔχουσι
2514 4681 2613 4749 τὴν
2677 4680 2933 4754 μεγίστην
2990 4677 3200 4753 ἡμέραν
3258 4676 3481 4750 μείζονα
3537 4680 3647 4730 τῶν
3669 4679 3929 4731 νοτιωτέ-

2276 4790 2403 4843 ριην,
2457 4768 2544 4823 καὶ
2577 4767 2682 4822 ἀπὸ
2715 4767 3036 4840 ἰσημερινοῦ
3081 4764 3167 4821 ἐπὶ
3228 4766 3296 4819 τὰ
3342 4762 3486 4829 ἔνθεν
3548 4763 3713 4839 μέρη,
3746 4764 3935 4820 ἐάσαν-

2271 4880 2357 4920 τες
2443 4855 2662 4928 αἰῖξησιν
2746 4855 3061 4931 ήμιωρίου,
3144 4853 3399 4910 ἐκάλεσαν
3483 4854 3580 4915 τὰς
3660 4854 3926 4921 τοσαύτην

2275 4946 2567 5002 ἀπόστασιν
2600 4945 2910 5021 ἀπεχούσας
2941 4950 3036 4999 τοῦ
3082 4944 3405 5017 ἰσημερινοῦ
3460 4936 3927 5019 πρῶτον“κλίμα,

2274 5035 2633 5108 ὀνομάσσντες
2685 5035 2818 5090 αὐτὸ
2869 5031 2957 5088 διὰ
2988 5032 3232 5109 Μερόης.
3265 5034 3521 5107 Ὑπάρχει
3577 5028 3635 5086 δὲ
3664 5034 3699 5101 ἡ
3734 5034 3929 5107 Μερόη

2274 5125 2437 5187 πόλις
2495 5124 2813 5194 Αἰθιοπική’
2869 5122 2979 5178 ἔστι
3014 5120 3070 5178 δὲ
3122 5122 3172 5177 ἒν
3228 5126 3310 5193 τῷ
3360 5120 3594 5193 τοιούτῳ
3623 5119 3862 5193 κλίματι
3894 5124 3929 5190 ἠ

2277 5216 2503 5289 μεγίστη
2557 5213 2738 5289 ἡμέρα
2795 5213 2951 5287 ὡρῶν
3016 5214 3099 5287 ιγ’.
3159 5211 3287 5266 Εἰτα
3319 5209 3481 5266 πάλιν
3546 5208 3935 5283 ίδόντες,ἶνθα

2271 5307 2413 5361 εστὶν
2471 5306 2505 5373 ἡ
2570 5303 2793 5378 μεγίστη
2853 5302 3035 5377 ἡμέρα
3095 5300 3250 5376 ὡρῳν
3289 5307 3352 5377 ιγ’
3389 5302 3437 5369 ὑ,
3471 5299 3761 5373 ὠνόμασαν
3826 5303 3931 5361 τὰς

2272 5393 2472 5449 ἐκεῖθεν
2523 5392 2733 5466 ἡμέρας
2792 5390 2969 5463 κλίμα
3030 5390 3097 5465 β’,
3150 5389 3239 5443 καὶ
3298 5388 3555 5445 ἑκάλεσαν
3612 5387 3773 5444 τοῦτο
3838 5387 3934 5445 διὰ

2273 5486 2511 5555 Συήνης.
2573 5484 2634 5538 Ἥ
2693 5479 2751 5535 δὲ
2810 5482 2993 5550 Συήνη
3030 5478 3136 5533 ἐστὶ
3194 5477 3357 5540 πόλις
3388 5478 3440 5533 ἐν
3479 5480 3796 5553 μεταιχμίῳ
3825 5486 3932 5549 τῆς

2269 5573 2597 5641 Αἰθιοπικῆς
2653 5570 2743 5625 καὶ
2801 5569 3181 5644 Αἰγυπτιακῆς
3232 5569 3420 5644 χώρας
3459 5611 3473 5624 .
3548 5568 3619 5622 Τὸ
3676 5568 3808 5622 αὐτὸ
3867 5567 3930 5624 δῖ

2268 5663 2525 5734 ἐποίησαν
2574 5660 2666 5715 καὶ
2723 5659 2807 5714 ἐπὶ
2866 5662 2963 5713 τοῦ
3010 5657 3197 5733 τρίτου
3254 5656 3549 5731 κλίματος,
3604 5657 3669 5712 τὸ
3701 5654 3790 5711 διὰ
3818 5665 3929 5726 τῆς

2268 5752 2414 5809 κάτω
2471 5750 2661 5826 χώρας
2698 5747 2975 5825 Αἰγύπτου
3008 5744 3327 5822 λεγόμενον,
3355 5748 3456 5815 τήν
3496 5745 3757 5821 μεγίστην
3786 5743 3925 5823 ἔχον
