4088 6350
236 413 356 474 789

1484 406 1966 470 SOLUTIONES
2011 405 2388 476 QUIEDAM.

3534 407 3654 468 790

231 547 443 622 ἡμέραν
502 547 659 624 ὡρῶν
722 543 788 603 ιδ’
794 563 808 579 °
885 543 976 601 καὶ
1035 543 1123 600 ἰπὶ
1177 547 1276 600 τοῦ
1335 541 1594 619 τετάρτου
1651 539 1882 614 ὁμοίως,

1997 539 2318 596 maximam
2351 539 2505 597 diem
2557 538 3163 612 sesquiquatordecim
3214 540 3494 597 horarum
3543 541 3650 598 ha-

231 638 296 693 τὸ
382 632 471 692 διὰ
568 634 757 692 Ῥόδου
862 630 1267 709 ὀνομαζόμενον
1307 679 1321 703 ,
1423 634 1522 702 τὴν
1625 629 1882 706 μεγίστην

232 725 365 802 ἔχον
420 726 628 802 ἡμέραν
685 727 840 801 ὡρῶν
906 722 1024 780 ιδ’ὑ’
1087 725 1176 779 καὶ
1225 723 1313 779 ἐπὶ
1365 727 1462 777 τοῦ
1493 722 1766 796 πέμπτου,
1829 719 1882 774 έν

232 817 282 888 ᾤ
340 815 671 888 οἷκούμενοι,
733 814 990 876 ὡσαύτως
1023 861 1038 882 ,
1097 813 1149 870 ἐν
1201 814 1246 886 ᾧ
1314 813 1349 882 ἠ
1415 812 1644 887 μεγίστη
1699 811 1886 882 ἡμέρα

231 906 392 981 ὡρῶν
453 905 562 960 ἐστι
624 907 708 964 ιε’.
776 903 1074 978 Ὠνόμασαν
1128 903 1191 958 τὸ
1246 900 1400 958 ἕκτον
1460 900 1634 974 κλίμα
1679 899 1740 954 τὸ
1795 896 1886 953 διὰ

236 993 404 1067 μέσου
463 993 690 1062 Πόντου,
749 993 805 1049 έν
861 995 906 1066 ᾧ
961 995 996 1062 ἦ
1059 991 1286 1068 μεγίστη
1349 989 1529 1066 ἡμέρα
1572 991 1728 1066 ὡρῶν
1766 989 1880 1044 ιε’ὑ.

230 1085 303 1140 Τὸ
363 1082 420 1139 δέ
478 1079 712 1158 ἕϐδομον
771 1081 1070 1138 τὸδιὰτοῦ
1133 1081 1517 1156 Βορυσθένους,
1549 1080 1600 1134 έν
1785 1099 1882 1151 με-

232 1175 397 1247 γίστη
450 1172 632 1250 ἡμέρα
683 1173 842 1249 ὡρῶν
871 1173 980 1228 έστι
1043 1173 1128 1244 ις“,
1189 1170 1306 1226 Εἶσὶ
1368 1167 1425 1225 δὲ
1473 1169 1528 1224 έν
1567 1173 1645 1240 τῷ
1678 1166 1884 1242 Βορείῳ

235 1261 387 1337 μέρει
439 1263 598 1318 τόποι
658 1261 972 1335 οἶκούμενοι
1025 1259 1269 1317 ἰπέκεινα
1326 1263 1433 1314 τῶν
1493 1257 1627 1314 ἑπτὰ
1673 1255 1883 1329 κλιμά-

228 1373 364 1421 των,
418 1351 471 1407 έν
531 1354 615 1414 οἷς
677 1349 873 1424 μείζων
929 1349 1038 1405 ἐστὶ
1094 1353 1202 1404 τῶν
1263 1346 1614 1420 δηλωθεισῶν
1647 1347 1803 1422 ὡρῶν
1845 1350 1881 1412 ἦ

235 1441 467 1515 μεγίστη
525 1439 725 1517 ἡμέρα.
784 1439 989 1496 Αὐτίκα
1041 1443 1171 1515 γοῦν
1232 1438 1282 1492 έν
1334 1441 1402 1511 τῇ
1435 1435 1638 1510 Θούλῃ.
1673 1432 1764 1490 διὰ
1817 1435 1882 1490 τὸ

226 1530 322 1586 τὸν
386 1529 590 1606 θερινὸν
644 1526 846 1585 κύκλον
907 1526 1053 1590 ὅλως
1115 1527 1247 1602 ὑπὲρ
1300 1533 1401 1601 γῆν
1461 1527 1594 1581 εἶναι
1629 1570 1642 1594 ,
1692 1523 1743 1577 έν
1801 1529 1882 1596 τῷ

230 1619 376 1696 θέρει
437 1618 521 1674 έπὶ
572 1618 783 1694 ἡμέρας
821 1620 895 1693 μι¹
922 1618 952 1674 ὅ
981 1616 1142 1687 ἥλιος
1175 1617 1359 1679 αὐτοῖς
1388 1613 1582 1680 ἄδυτος
1625 1615 1880 1691 ὑπάρχει·

228 1709 284 1763 ἐν
345 1706 403 1764 δὲ
457 1713 538 1781 τῷ
592 1712 832 1784 χειμῶνι
891 1705 961 1762 δι’
1009 1710 1229 1781 ἡμερῶν
1281 1711 1332 1779 μ’
1397 1706 1489 1761 τὸν
1542 1703 1742 1782 ἧφλιον
1777 1703 1885 1778 οὐχ

232 1799 432 1874 ὁρῶσι,
493 1795 584 1852 διὰ
635 1798 699 1852 τὸ
748 1797 839 1854 τὸν
900 1792 1032 1852 ὅλον
1061 1795 1151 1850 τὸν
1200 1795 1512 1870 χειμερινὸν
1543 1793 1744 1849 κύκλον
1779 1793 1882 1849 ὑπὸ

225 1889 331 1962 γῆν
390 1887 521 1942 εἶναι
579 1887 669 1941 καὶ
727 1886 906 1961 ἀφανῆ
944 1929 957 1943 .
1029 1887 1092 1940 Ἡ
1153 1882 1209 1940 δὲ
1268 1882 1525 1958 διαίρεσις
1581 1887 1689 1938 τῶν
1749 1882 1960 1987 έπτάΒ

228 1976 519 2050 κλιμάτων
575 1974 710 2031 κατὰ
765 1977 857 2048 μὲν
913 1974 1088 2049 μῆκός
1143 1973 1282 2029 ἐστιν
1312 1974 1417 2028 ἀπὸ
1449 1970 1716 2038 ἀνατολῆς
1747 1971 1878 2048 ἄχρι

229 2063 458 2138 δύσεως,
519 2065 654 2121 κατὰ
712 2062 769 2120 δὲ
820 2062 1028 2127 πλάτος
1088 2065 1192 2120 ἀπὸ
1248 2067 1343 2118 τοῦ
1399 2062 1718 2139 ἰσημερινοῦ
1748 2058 1878 2136 ἄχρι

226 2176 340 2227 τῳν
393 2154 620 2232 βορείων
653 2156 855 2232 μερῶν,
888 2155 961 2209 ὧν
998 2152 1243 2227 εἴπομεν·
1273 2156 1426 2210 Ἐστι
1456 2151 1513 2207 δὲ
1540 2153 1602 2207 τὸ
1638 2153 1730 2226 μὲν
1768 2159 1882 2225 μῆ-

229 2267 329 2309 κος
385 2253 486 2316 τῆς
516 2246 840 2318 οἰκουμένης
874 2242 1150 2318 διάστημα
1200 2244 1357 2318 ὡρῶν
1429 2243 1518 2319 ιβ’·
1578 2242 1668 2297 ὅτε
1715 2242 1818 2318 γὰρ
1852 2241 1879 2295 ὁ

228 2333 396 2404 ἥλιος
424 2333 708 2391 ἀνατέλλει
755 2333 806 2390 έν
855 2335 1009 2407 Σήρᾳ
1031 2337 1099 2406 τῇ
1145 2331 1329 2401 πόλει,
1361 2329 1504 2386 δύνει
1531 2330 1582 2386 έν
1614 2336 1733 2394 ταῖς
1762 2337 1878 2387 Μα-

225 2426 413 2500 κάρων
441 2426 652 2495 νήσοις
684 2424 754 2478 Τὸ
787 2421 844 2478 δὲ
871 2421 1078 2484 πλάτος
1106 2421 1211 2477 ἀπὸ
1247 2426 1345 2476 τοῦ
1394 2420 1708 2496 ἰσημερινοῦ
1748 2419 1878 2494 ἄχρι

226 2521 332 2583 τῆς
360 2515 531 2584 νήσου
561 2511 800 2584 Θοὺλης,
833 2512 909 2573 ὡς
951 2509 1267 2566 έαιπλάσιον
1298 2508 1534 2585 γίνεσθαι
1582 2509 1646 2564 τὸ
1704 2516 1878 2582 μῆκές

221 2607 326 2659 τοῦ
355 2600 617 2665 πλάτους·
653 2600 738 2657 διὸ
767 2599 1000 2678 γελοῖοι,
1031 2599 1148 2655 ὅσοι
1205 2600 1511 2674 κυκλοτερῆ
1552 2599 1650 2667 τήν
1698 2598 1879 2652 οἰκου-

233 2693 404 2767 μένην
433 2691 892 2769 καταγράφουσιν.

228 2899 300 2976 γ’.
333 2898 462 2974 Περὶ
511 2899 646 2976 τῶν-
670 2895 865 2976 μεταξὺ
909 2902 1009 2976 τῆς
1062 2903 1168 2971 γῆς
1198 2896 1287 2976 καὶ
1333 2899 1430 2951 τοῦ
1471 2894 1700 2976 οὐρανὸῦ
1732 2917 1880 2952 στοι-

557 2972 724 3047 χείων
755 2972 846 3026 καὶ
875 2975 982 3025 τῶν
1014 2989 1136 3044 περι
1167 2974 1334 3024 ταῦτα
1365 2972 1574 3032 παθῶν.

305 3069 371 3124 Ἦ
427 3075 500 3144 γῆ
547 3071 646 3138 τήν
683 3068 852 3142 μέσην
898 3071 997 3124 τοῦ
1044 3069 1242 3130 παντὸς
1294 3067 1482 3143 χώραν
1515 3064 1764 3142 λαχοῦσα
1793 3065 1883 3122 εὑ-

231 3157 329 3220 θὺς
382 3159 445 3213 τὸ
496 3156 642 3233 ὕδωρ
671 3153 789 3234 ἔχει
841 3157 974 3232 ὑπὲρ
1007 3156 1190 3222 αὑτῆς*
1241 3154 1351 3212 ἔστι
1379 3153 1436 3211 δὲ
1467 3157 1494 3210 ὁ
1524 3157 1694 3221 τόπος
1716 3157 1884 3211 αὑτοῦ

231 3249 262 3304 ὁ
323 3247 594 3320 ὠκεανὸς,
653 3249 868 3303 πάντων
922 3251 1031 3302 τῶν
1083 3244 1291 3302 ὑδάτων
1345 3245 1751 3323 καταρρεόντων
1807 3245 1884 3308 εἰς

228 3337 416 3394 αὐτόν.
487 3303 603 3392 Elei
661 3335 719 3392 δὲ
778 3333 1030 3413 μέγισται
1087 3335 1381 3403 θάλασσαι,
1440 3303 1632 3410 πρἱιτη
1697 3335 1792 3409 μὶν

229 3429 484 3503 Ἐρυθρᾶ,
541 3426 617 3488 ὡς
673 3427 840 3504 μέχρι
899 3433 998 3496 τῆς
1029 3423 1263 3495 Ἰνδικῆς
1313 3422 1577 3496 διήκουσα
1630 3427 1754 3502 γῆς,
1784 3432 1884 3496 τῆς

226 3537 287 3572 τε
346 3517 536 3592 χώρας
561 3520 668 3571 τῶν
704 3515 878 3570 Σίνων
912 3515 1000 3570 καὶ
1034 3516 1164 3591 ἄχρι
1213 3521 1312 3584 τῆς
1338 3511 1624 3590 Περσίδος.
1656 3515 1885 3588 Δευτέρα

230 3604 290 3661 δὲ
348 3606 480 3674 αὕτη
540 3608 576 3675 ἡ
631 3607 748 3664 καθ’
801 3606 951 3677 ἡμᾶς
1013 3600 1383 3660 εἷσϐάλλουσα
1428 3605 1563 3679 πρὸς
1608 3609 1726 3666 τοῖς
1782 3611 1882 3673 τῆς

228 3696 506 3757 Ἱσπανίας
557 3694 771 3772 μέρισιν
832 3693 908 3757 εἷς
960 3694 1053 3749 τὸν
1112 3691 1327 3749 δυτικὸν
1389 3689 1646 3750 ὠκεανόν.
1706 3693 1878 3765 Τρίτη

227 3782 288 3840 δέ
318 3785 355 3853 ἠ
407 3782 673 3860 λεγομένη
736 3783 963 3861 Μεγάλη
997 3781 1086 3838 διὰ
1113 3783 1175 3838 τὸ
1211 3783 1287 3856 μή
1343 3777 1488 3858 ἔχειν
1520 3784 1736 3853 νήσους,
1770 3781 1882 3837 εἶσ-

227 3869 521 3929 6ἀλλουσα
578 3871 667 3928 διὰ
712 3877 814 3928 τοῦ
869 3877 1052 3928 στενοῦ
1096 3871 1172 3936 εἷς
1199 3873 1299 3940 τήν
1348 3873 1468 3935 καθ’
1498 3873 1644 3945 ἡμᾶς
1680 3870 1884 3926 Θάλασ-

226 3985 352 4018 σαν.
413 3963 480 4018 Αἱ
537 3960 595 4017 δὲ
626 3961 816 4018 λοιπαὶ
871 3959 1060 4033 λίμναι
1095 3959 1310 4034 μᾶλλόν
1342 3961 1498 4028 εἰσιν,
1528 3962 1564 4029 ἢ
1598 3959 1882 4017 θάλασσαι.

228 4051 468 4110 Ἀλυκὸν
529 4049 587 4106 δέ
643 4051 756 4106 ἐστι
785 4052 850 4107 τὸ
895 4057 995 4120 τῆς
1025 4047 1301 4121 θαλάσσης
1333 4047 1478 4126 ὕδωρ
1511 4047 1599 4104 διὰ
1622 4050 1881 4119 τοιαύτην

228 4141 430 4199 αἰτίαν·
491 4139 606 4196 insi
659 4142 762 4216 γὰρ
821 4141 849 4195 ὁ
904 4139 1066 4210 ἥλιος
1096 4138 1175 4194 ἀεὶ
1231 4139 1486 4212 ἀνιμᾶται
1515 4139 1578 4194 τὸ
1611 4137 1885 4210 λεπτομε-

229 4233 324 4307 ρὲς
387 4231 554 4301 αὐτῆς
614 4231 802 4306 ὑγρὸν,
855 4229 1238 4285 καταλείπεται
1297 4229 1360 4283 τὸ
1415 4228 1588 4304 παχὺ,
1637 4230 1722 4284 καὶ
1768 4227 1883 4303 ἔχει

224 4319 488 4392 τοιαύτην
515 4326 718 4396 γεῦσιν,
768 4319 1009 4393 καθάπερ
1062 4321 1276 4392 ὁρῶμεν
1325 4318 1410 4374 ἐπὶ
1443 4319 1550 4373 τῶν
1601 4317 1880 4392 ἡμετέρων

229 4412 527 4485 σωμάτων
582 4410 881 4483 τεινομένου
929 4411 1034 4485 γὰρ
1067 4410 1194 4485 παρ’
1225 4410 1386 4481 ἡμῶν
1418 4411 1515 4462 τοῦ
1545 4405 1762 4474 ὕδατος,
1793 4409 1880 4462 καὶ

227 4505 334 4565 τῆς
395 4501 605 4576 φύσεως
663 4498 963 4575 χρωμένης
1021 4497 1157 4574 πρὸς
1212 4498 1311 4565 τήν
1345 4496 1594 4551 σύστασιν
1627 4498 1787 4569 ἡμῶν
1815 4499 1882 4569 τῇ

230 4590 705 4664 λεπτομερεστέρᾳ
763 4588 930 4643 αὑτοῦ
981 4588 1260 4663 ὑγρότητι,
1321 4588 1384 4640 τὸ
1447 4584 1756 4661 παχύτερον
1801 4585 1884 4661 γί-

1998 630 2131 685 bet:
2167 634 2344 701 atque
2374 631 2459 686 sic
2489 647 2721 702 quoque
2774 631 2844 686 de
2898 630 3126 702 quinto,
3189 629 3250 684 in
3307 647 3420 702 quo
3471 631 3649 687 etiam

1997 719 2268 775 homines
2301 719 2588 788 habitant,
2621 724 2680 774 et
2709 720 2765 774 in
2798 736 2912 791 quo
2939 720 3194 775 maxima
3212 719 3338 775 dies
3361 725 3451 775 est
3477 721 3644 792 quin-

1995 809 2185 864 decim
2236 809 2538 865 horarum.
2592 807 3056 863 Nominaverunt
3111 813 3340 864 sextum
3390 809 3566 866 clima
3615 828 3649 866 a

1995 898 2179 954 Ponto
2209 898 2421 966 medio,
2462 899 2518 952 in
2552 915 2667 969 quo
2702 899 2958 953 maxima
2991 898 3115 953 dies
3145 902 3235 953 est
3267 900 3648 971 sesquiquin-

1994 987 2182 1044 decim
2217 987 2517 1043 horarum.
2553 987 2881 1060 Septimum
2907 988 3080 1042 clima
3109 989 3262 1058 quod
3295 992 3384 1044 est
3415 1006 3516 1060 per
3544 991 3652 1045 Bo-

1995 1077 2354 1150 rysthenem,
2408 1077 2468 1133 in
2519 1095 2633 1150 quo
2681 1078 2806 1132 dies
2861 1077 3117 1132 maxima
3166 1079 3364 1133 decem
3424 1082 3482 1134 et
3547 1096 3649 1136 sex

1993 1175 2154 1232 horis
2185 1179 2436 1232 constat.
2472 1178 2534 1231 In
2571 1180 2735 1249 parte
2774 1180 2968 1232 autem
3020 1175 3460 1247 septentrionali
3508 1182 3649 1232 sunt

1992 1264 2347 1321 habitabiles
2379 1264 2489 1321 loci
2516 1264 2670 1320 ultra
2701 1269 2923 1336 septem
2959 1264 3060 1320 illa
3091 1265 3354 1333 climata,
3401 1266 3461 1320 in
3511 1268 3645 1338 qui-

1993 1355 2104 1411 bus
2138 1356 2396 1412 maxima
2429 1357 2556 1412 dies
2587 1357 2775 1426 major
2803 1361 2892 1411 est
2940 1373 3115 1428 quam
3179 1357 3303 1412 dies
3361 1357 3646 1428 praedicti.

1996 1448 2060 1503 In
2091 1446 2275 1502 Thule
2302 1447 2507 1520 igitur,
2541 1465 2675 1504 cum
2708 1449 2941 1505 aestivus
2973 1448 3228 1504 circulus
3260 1449 3498 1504 omnino
3547 1467 3647 1505 su-

1993 1554 2099 1609 pra
2129 1538 2479 1606 terramsit,
2513 1555 2616 1610 per
2643 1541 2904 1595 aestatem
2962 1538 3171 1594 diebus
3220 1537 3650 1610 quinquaginta

1994 1626 2082 1682 sol
2113 1642 2230 1681 non
2264 1626 2514 1695 occidit;
2544 1644 2648 1699 per
2677 1628 2928 1684 hiemem
2966 1642 3100 1682 vero
3135 1628 3344 1683 diebus
3394 1629 3650 1699 quadra-

1993 1715 2156 1788 ginta
2188 1715 2371 1770 solem
2405 1733 2519 1772 non
2551 1717 2770 1788 vident,
2821 1733 2955 1772 cum
3011 1720 3170 1772 totus
3219 1716 3490 1772 hiemalis
3539 1718 3650 1772 cir-

1994 1805 2163 1861 culus
2195 1805 2399 1861 subter
2427 1809 2644 1861 terram
2678 1807 2758 1862 sit
2788 1822 2893 1862 nec
2953 1809 3251 1878 appareat.
3305 1805 3650 1862 Distributio

1993 1897 2192 1950 autem
2215 1897 2436 1965 septem
2475 1894 2776 1950 climatum
2809 1899 2899 1951 est
2941 1895 3269 1950 secundum
3323 1893 3648 1966 longitudi-

1991 1999 2124 2039 nem
2158 1983 2231 2039 ab
2261 1983 2484 2039 oriente
2523 2001 2712 2056 usque
2760 1985 2830 2039 ad
2883 1984 3268 2050 occidentem,
3319 1984 3644 2039 secundum

1991 2070 2366 2132 latitudinem
2395 2087 2528 2127 vero
2571 2072 2645 2127 ab
2692 2071 3041 2143 aequinoctio
3092 2087 3275 2141 usque
3323 2072 3394 2125 ad
3443 2074 3636 2142 partes

1991 2160 2504 2234 septentrionales,
2538 2162 2610 2216 de
2631 2161 2847 2231 quibus
2880 2178 3079 2232 supra.
3131 2161 3459 2215 Secundum
3508 2160 3637 2215 lon-

1989 2252 2315 2324 gitudinem
2349 2268 2520 2322 porro
2553 2252 2883 2307 differentia
2919 2251 3074 2306 inter
3109 2255 3403 2306 extremas
3441 2255 3637 2322 partes

1991 2341 2301 2397 duodecim
2333 2340 2493 2395 horis
2523 2345 2772 2396 constat.
2807 2341 3052 2404 Quando
3083 2340 3238 2395 enim
3272 2339 3358 2394 sol
3389 2339 3446 2394 in
3495 2340 3640 2394 urbe

1987 2435 2127 2486 Sera
2156 2431 2366 2496 oritur,
2399 2430 2458 2484 in
2493 2433 2802 2485 Beatorum
2835 2428 3049 2484 insulis
3081 2428 3313 2484 occidit.
3365 2428 3639 2483 Latitudo

1988 2535 2124 2574 vero
2155 2518 2228 2572 ab
2255 2516 2603 2588 aequinoctio
2635 2517 2706 2572 ad
2739 2516 2998 2572 insulam
3029 2515 3276 2570 Thulem
3324 2515 3502 2583 vadit,
3558 2516 3642 2571 ita

1991 2611 2057 2662 ut
2084 2606 2388 2678 longitudo
2420 2605 2734 2661 latitudine
2764 2605 2939 2676 triplo
2972 2606 3163 2676 major
3184 2604 3281 2659 sit.
3306 2604 3469 2660 Unde
3495 2604 3639 2659 ridi-

1992 2695 2107 2752 culi
2137 2699 2299 2760 sunt,
2332 2694 2432 2766 qni
2464 2696 2778 2751 rotundam
2810 2699 3027 2750 terram
3079 2692 3460 2749 habitabilem
3508 2694 3640 2749 des-

1990 2786 2243 2842 cribunt.

1991 2904 2043 2959 3.
2078 2903 2153 2958 De
2182 2901 2468 2957 elementis
2495 2915 2621 2973 quae
2647 2906 2773 2956 sunt
2803 2900 2948 2956 inter
2974 2903 3180 2956 terram
3223 2905 3273 2955 et
3319 2900 3539 2970 calum,
3586 2908 3642 2956 et

2280 2973 2345 3028 de
2368 2973 2724 3043 passionibus
2753 2989 2872 3044 qum
2902 2973 2970 3028 ad
2996 2989 3067 3028 ea
3093 2973 3355 3027 attinent.

2064 3073 2247 3127 Terra
2276 3087 2404 3143 quae
2437 3072 2692 3127 mediam
2718 3071 2973 3126 universi
3001 3070 3295 3142 regionem
3327 3068 3532 3124 sortita
3556 3075 3644 3124 est

1995 3178 2174 3235 super
2201 3178 2263 3218 se
2296 3178 2510 3232 aquam
2545 3161 2746 3217 statim
2778 3161 2972 3216 habet.
3013 3161 3190 3231 Aquae
3224 3163 3422 3214 autem
3477 3157 3642 3214 locus

1995 3257 2087 3309 est
2117 3268 2394 3318 oceanus,
2428 3251 2487 3305 in
2520 3267 2694 3322 quem
2727 3250 2984 3306 inﬂuunt
3037 3266 3204 3322 aquae
3251 3265 3476 3305 omnes.
3523 3252 3642 3303 Ma-

1994 3343 2152 3397 xima
2181 3358 2315 3397 vero
2349 3341 2538 3396 maria
2561 3345 2697 3396 sunt
2721 3341 2973 3413 primum
2998 3339 3230 3410 quidem
3255 3338 3642 3410 Erythraeum,

1994 3431 2144 3502 quod
2189 3447 2377 3502 usque
2408 3431 2479 3484 ad
2513 3431 2771 3486 Indicam
2807 3435 3023 3484 terram
3059 3433 3115 3485 et
3162 3428 3500 3484 Sinensium
3554 3444 3647 3483 re-

1993 3521 2219 3594 gionem
2251 3522 2307 3575 et
2340 3519 2634 3574 Persidem
2667 3519 3018 3574 extenditur.
3069 3519 3402 3573 Secundum
3447 3521 3646 3573 autem

1992 3608 2138 3665 illud
2172 3612 2262 3663 est
2291 3607 2446 3678 quod
2477 3611 2680 3663 nostra
2710 3607 2768 3662 in
2802 3606 3037 3678 regione
3065 3623 3269 3663 versus
3301 3606 3646 3677 Hispaniam

1992 3700 2051 3755 in
2084 3697 2504 3754 occidentalem
2534 3713 2816 3752 oceanum
2850 3695 3074 3750 incidit.
3099 3695 3358 3749 Tertium
3379 3697 3468 3750 est
3487 3696 3645 3764 quod

1993 3789 2206 3846 dicitur
2236 3788 2513 3860 Magnum
2555 3805 2621 3844 eo
2653 3788 2807 3858 quod
2840 3786 3063 3842 nullam
3091 3785 3352 3841 insulam
3411 3785 3643 3851 haheat,

1995 3879 2270 3952 quodque
2295 3893 2397 3949 per
2436 3877 2647 3933 fretum
2683 3877 2740 3931 in
2781 3880 3048 3932 nostrum
3091 3891 3252 3930 mare
3285 3873 3481 3929 irruit.
3526 3873 3646 3929 Cae-

1992 3974 2118 4024 tera
2145 3983 2280 4023 vero
2312 3968 2502 4039 magis
2533 3966 2695 4022 lacus
2727 3974 2868 4022 sunt
2899 3983 3077 4038 quam
3108 3963 3311 4019 maria.
3347 3963 3512 4019 Salsa
3542 3981 3645 4018 au-

1991 4063 2110 4114 tem
2142 4060 2229 4112 est
2259 4073 2413 4127 aqua
2441 4056 2622 4112 maris
2676 4057 2747 4111 ob
2792 4059 3134 4127 sequentem
3185 4070 3446 4109 causam.
3498 4053 3645 4108 Cum

1993 4147 2149 4203 enim
2172 4145 2257 4202 sol
2290 4151 2570 4219 perpetuo
2602 4147 2786 4202 elevet
2814 4147 3119 4201 humorem
3155 4143 3255 4216 qui
3285 4143 3343 4199 in
3395 4160 3461 4199 eo
3501 4144 3646 4199 sub-

1993 4235 2306 4292 tilissimus
2362 4240 2469 4303 est,
2501 4237 2755 4292 crassior
2783 4235 3158 4306 relinquitur,
3204 4238 3261 4288 et
3301 4249 3434 4288 eum
3477 4249 3646 4304 sapo-

1993 4341 2118 4381 rem
2151 4324 2328 4380 habet
2357 4341 2531 4396 quem
2564 4325 2622 4379 in
2658 4325 2874 4380 nostris
2904 4323 3248 4396 corporibus
3289 4322 3643 4394 experimur.

1994 4416 2138 4471 Cum
2172 4413 2324 4468 enim
2359 4430 2574 4484 aquam
2609 4414 2888 4481 bibimus,
2937 4413 3245 4469 subtiliore
3299 4412 3480 4482 hujus
3532 4411 3643 4466 hu-

1995 4519 2156 4558 more
2183 4506 2395 4558 natura
2443 4502 2634 4558 utitur
2691 4503 2761 4558 ad
2821 4502 3007 4558 nostri
3057 4501 3322 4574 corporis
3372 4501 3644 4555 substan-

1989 4595 2150 4662 tiam,
2184 4595 2440 4651 crassior
2469 4612 2603 4651 vero
2637 4595 2701 4649 fit
2731 4594 2904 4649 urina
2935 4611 3062 4666 qua;
3105 4597 3161 4648 et
3201 4592 3332 4665 ipsa
3382 4593 3642 4664 gustanti

486 4676 636 4732 ὖοον.
701 4677 791 4732 καὶ
835 4672 946 4732 ἔστι
1009 4676 1097 4732 καὶ
1149 4675 1278 4732 αὐτὸ
1327 4679 1396 4732 τῆ
1448 4675 1625 4732 γεύσει
1657 4674 1880 4732 ἁλυκόν.
1920 4675 1962 4732 D
1994 4684 2150 4732 salsa
2192 4688 2303 4732 est.
2364 4688 2432 4732 Et
2489 4684 2545 4732 id
2607 4683 2818 4732 divinae
2877 4681 3204 4732 Providenti

229 4699 386 4734 νεται
453 4676 636 4752 οὖρον,
701 4677 791 4733 καὶ
835 4675 946 4732 ἔστι
1009 4676 1097 4732 καὶ
1149 4675 1278 4732 αὐτὸ
1327 4679 1396 4750 τῇ
1448 4675 1625 4750 γεύσει
1657 4675 1880 4733 ἁλυκόν.

1995 4684 2150 4741 salsa
2192 4688 2303 4740 est.
2364 4688 2432 4738 Et
2489 4684 2545 4738 id
2607 4683 2818 4738 divinae
2877 4681 3263 4737 Providentiae
3319 4698 3469 4753 opus
3518 4698 3646 4737 esse

231 4769 346 4826 Καὶ
394 4773 558 4823 τοῦτο
593 4775 694 4838 τῆς
750 4767 896 4832 θείας
940 4765 1097 4843 ἔργον
1140 4765 1420 4843 προνοίας.
1470 4765 1535 4823 Εἰ
1566 4767 1642 4839 μὴ
1685 4765 1786 4841 γὰρ
1817 4765 1883 4835 ἦν

231 4858 442 4914 ἁλυκὸν
490 4858 553 4913 τὸ
612 4857 904 4922 θαλάσσιον
955 4854 1124 4930 ὕδωρ,
1197 4858 1360 4929 σῆψιν
1429 4854 1490 4909 ἂν
1537 4852 1754 4926 ἐδέξατο
1806 4855 1882 4930 μή

232 4948 385 5025 ῥέον,
455 4948 544 5002 καὶ
609 4944 846 5002 δυσωδία
913 4945 1114 5001 τούτου
1175 4943 1503 5017 ἐξεπέμπετο
1570 4944 1882 5018 ἀναιρετική

227 5041 345 5093 τῶν
396 5037 572 5107 ζώων.
616 5042 770 5091 ’Ἐστι
821 5034 879 5090 δέ
923 5036 986 5090 τὸ
1029 5033 1161 5089 ὅλον
1195 5031 1342 5108 ὕδωρ
1372 5038 1451 5104 τῷ
1483 5030 1628 5107 ὄγκῳ
1654 5040 1756 5102 τῆς
1785 5039 1885 5109 γῆς

232 5132 446 5200 μεῖζον
499 5123 648 5202 ε’ίπερ
713 5123 956 5190 ἱσοπαλῆ
995 5125 1085 5178 καὶ
1133 5123 1462 5179 ὶσοτάλαντα
1510 5120 1593 5177 δεῖ
1644 5123 1776 5178 εἶναι
1819 5122 1886 5177 τὰ

228 5221 485 5292 στοιχεῖα
498 5258 510 5273 .

229 5332 299 5390 δ’.
330 5330 464 5408 Περὶ
497 5331 676 5407 ἀέρος,
708 5329 798 5408 διαὶ
829 5331 1026 5406 πυρὸς,
1059 5331 1377 5408 καὶῇνεφῶν,
1410 5331 1496 5385 καὶ
1551 5330 1739 5401 ὑετῶν,
1794 5330 1884 5385 καὶ

699 5403 1006 5480 ἀστραπῶν,
1035 5403 1128 5458 καὶ
1161 5403 1422 5478 βροντῶν.

307 5505 418 5572 Τῆς
447 5499 509 5557 δὲ
538 5507 642 5577 γῆς
691 5499 888 5565 ἄνωθεν
948 5501 1040 5556 καὶ
1101 5501 1196 5556 τοῦ
1239 5498 1431 5562 ὕδατός
1496 5498 1635 5554 ἐστιν
1670 5501 1698 5555 ὁ
1757 5501 1884 5575 ἀήρ,

230 5593 374 5669 πρὸς
396 5593 499 5660 τήν
542 5594 651 5646 τῶν
683 5591 834 5661 ζώων
877 5589 1128 5648 σύστασιν
1179 5591 1625 5666 ἀναγκαιότατος.
1677 5590 1886 5646 Τούτου

238 5681 302 5740 δὲ
346 5683 551 5747 ἄνωθεν
588 5681 650 5738 τὸ
679 5684 806 5756 πῦρ.
841 5680 955 5757 οὑχ
986 5684 1102 5737 οἷον
1142 5681 1206 5736 τὸ
1235 5682 1526 5757 χρώμενον
1555 5685 1680 5755 παρ’
1700 5681 1885 5753 ἡμῶν.

1992 4773 2494 4832 animadvertitur.
2527 4771 2648 4827 Nisi
2681 4773 2836 4827 enim
2870 4772 3027 4827 salsa
3053 4776 3208 4827 esset
3237 4788 3390 4842 aqua
3439 4773 3643 4840 maris,

1993 4863 2352 4937 putrefieret,
2384 4863 2597 4933 quippe
2629 4877 2755 4933 quae
2790 4878 2903 4916 non
2937 4859 3103 4927 ﬂuat,
3137 4863 3195 4914 et
3228 4875 3294 4914 ex
3325 4876 3391 4914 ea
3413 4861 3644 4915 emitte-

1992 4956 2152 5009 retur
2180 4952 2324 5007 odor
2353 4951 2637 5023 pestilens
2671 4950 2770 5022 qui
2803 4948 3082 5005 animalia
3111 4949 3456 5003 destrueret.
3495 4949 3645 5004 Mole

1994 5044 2190 5098 autem
2223 5039 2493 5095 universa
2523 5057 2676 5110 aqua
2707 5044 2797 5094 est
2828 5042 2996 5094 terrae
3012 5035 3403 5108 amplitudine
3425 5037 3641 5109 major;

1992 5133 2219 5202 oportet
2247 5127 2403 5185 enim
2437 5132 2502 5185 ut
2530 5127 2824 5185 elementa
2853 5127 3076 5183 viribus
3107 5124 3272 5197 paria
3303 5127 3359 5179 et
3389 5124 3645 5196 pondere

1993 5217 2241 5291 aequalia
2270 5217 2410 5274 sint.

1994 5336 2051 5394 4.
2093 5339 2175 5392 De
2229 5350 2374 5404 aere,
2438 5335 2584 5405 igne,
2643 5333 2881 5459 nubibus
2929 5331 3248 5406 fulguribus
3305 5333 3357 5384 et
3412 5327 3641 5384 tonitri-

2792 5421 2874 5459 us.

2792 5421 2854 5459 ιις
2861 5446 2874 5458 .

2063 5510 2251 5576 Supra
2279 5508 2496 5560 terram
2529 5506 2584 5559 et
2614 5519 2829 5574 aquam
2860 5503 2950 5558 est
2980 5516 3098 5569 aer,
3149 5498 3218 5552 ad
3247 5495 3640 5552 animantium

1996 5594 2476 5651 constitutionem
2511 5593 2764 5649 maxime
2793 5590 3182 5651 necessarius.
3217 5589 3406 5661 Supra
3445 5602 3640 5643 aerem

1996 5702 2132 5742 vero
2161 5685 2336 5759 ignis,
2371 5702 2484 5742 non
2517 5685 2567 5741 ei
2617 5701 2732 5756 quo
2790 5685 3012 5740 utimur
3055 5679 3283 5740 similis.
3334 5679 3436 5735 Hic
3483 5677 3638 5735 enim

233 5775 414 5834 Τοὲὁτο
461 5776 571 5847 γὰρ
601 5770 753 5850 παχὺ
794 5770 1230 5846 ,καὶυκαυστικὸη
1258 5770 1348 5830 καὶ
1375 5774 1472 5826 τοῦ
1500 5767 1882 5844 στοιχειώδους

1999 5791 2235 5832 crassus
2265 5778 2322 5831 et
2347 5775 2464 5832 vim
2495 5775 2722 5833 habens
2755 5775 2959 5832 urendi
2991 5776 3048 5830 et
3077 5773 3274 5847 ignem
3324 5769 3640 5829 elementa-
