4088 6350
429 398 545 459 ’791

1774 392 2191 457 MICHAELIS
2234 395 2503 456 PSELH

3739 389 3853 450 792

450 535 607 591 rium
643 532 728 588 ita
757 528 1058 587 exceditut
1087 526 1402 599 crystallus
1434 542 1599 597 aqua:
1631 526 1965 584 humorem.
1990 528 2093 584 Ille

2215 535 2374 601 πυρὸς
2438 536 2551 584 οἱον
2606 523 2910 605 ὑπερϐολὴ,
2960 528 3200 596 καθάπερ
3244 526 3271 579 6
3316 522 3657 600 κρύσταλλος
3692 522 3852 597 ὑπερ-

446 631 642 680 autem
674 620 911 677 subtilis
942 623 999 673 et
1020 622 1340 687 temperato
1364 618 1555 672 calore
1576 619 1879 687 praeditus,
1904 635 2094 689 neque

449 719 674 777 urente,
699 711 857 765 illius
880 707 1059 762 simili
1090 708 1190 777 qui
1214 708 1382 761 nobis
1416 712 1505 760 est
1545 708 1862 777 ingenitus.
1898 708 2095 763 Nubes

446 818 580 858 vero
602 802 987 855 efformantur
1027 812 1096 850 ex
1127 802 1281 849 terra
1311 802 1367 851 et
1398 798 1565 859 mari,
1598 798 1910 865 vaporibus
1961 814 2095 851 sur-

448 907 579 946 sum
614 889 755 943 solis
780 888 985 941 ardore
1017 886 1291 949 sublatis,
1326 886 1382 939 in
1430 886 1565 940 altis
1614 886 1954 955 regionibus
1994 886 2094 941 ha-

447 997 575 1035 rum
605 977 835 1050 frigoris
864 992 1041 1030 causa
1074 976 1336 1029 densatis
1366 980 1422 1030 et
1451 979 1509 1029 in
1543 993 1751 1045 aquam
1783 976 2095 1030 conversis.

446 1069 812 1124 Addubitant
839 1082 974 1120 vero
1030 1064 1301 1118 nonnulli
1359 1066 1650 1135 quomodo
1703 1065 1925 1137 frigidm
1981 1067 2100 1121 sint

444 1160 532 1213 hae
580 1162 774 1229 partes
824 1154 1179 1226 superiores,
1230 1154 1497 1223 quamvis
1552 1153 1659 1208 soli
1715 1154 2099 1224 proximiores

449 1247 587 1303 sint.
614 1246 923 1317 Oporteret
952 1243 1107 1297 enim
1159 1247 1226 1295 ut
1274 1248 1508 1313 propter
1555 1242 1696 1297 solis
1740 1244 2097 1298 vicinitatem

450 1338 570 1393 sint
600 1337 820 1392 calidae.
854 1336 922 1388 Et
967 1334 1217 1388 dicimus
1260 1333 1443 1388 solem
1484 1334 1680 1404 ipsum
1732 1352 1834 1406 per
1872 1352 1936 1390 se
1985 1351 2099 1389 non

449 1444 578 1483 esse
601 1423 1051 1487 calidissimum,
1081 1428 1145 1477 ut
1166 1423 1402 1491 quidam
1427 1423 1742 1493 opinantur
1765 1443 1777 1491 ;
1804 1426 1903 1479 sed
1930 1424 1980 1479 is
2006 1440 2099 1479 ca-

448 1516 539 1571 lor
567 1532 743 1586 quem
776 1514 869 1568 bic
908 1512 1217 1577 sentimus,
1255 1528 1353 1582 per
1384 1514 1515 1581 ejus
1542 1514 1842 1568 radiorum
1879 1514 1947 1567 ad
1985 1519 2100 1567 ter-

451 1622 579 1661 ram
607 1602 975 1659 reflexionem
1002 1602 1362 1672 producitur.
1386 1606 1457 1656 Et
1478 1602 1587 1656 hoc
1611 1603 1989 1657 manifestum
2014 1606 2103 1657 est

454 1711 522 1749 ex
571 1693 963 1748 maximorum
1012 1690 1303 1745 montium
1365 1690 1702 1748 verticibus.
1762 1692 1879 1747 Soli
1941 1690 2097 1746 enim

454 1782 784 1847 viciniores,
838 1779 1167 1850 frigidiores
1219 1783 1356 1834 sunt
1409 1797 1587 1849 quam
1639 1780 1796 1852 regio
1837 1780 2095 1835 inferior.

451 1871 653 1926 Pluvia
681 1886 813 1925 vero
846 1868 1159 1923 maximam
1194 1869 1361 1922 olI'ert
1391 1868 1841 1924 similitudinem
1867 1886 1999 1924 cum
2031 1885 2098 1923 eo
2134 1912 2176 1976 Β

450 1976 660 2031 vapore
691 1959 790 2029 qui
813 1974 880 2012 ex
901 1957 1070 2029 aquis
1090 1958 1146 2011 in
1174 1956 1459 2012 lebetibus
1492 1958 1787 2013 calefactis
1817 1958 2093 2015 efficitur.

449 2049 508 2104 Si
540 2048 675 2119 quis
708 2047 865 2102 enim
898 2062 994 2101 eos
1025 2045 1299 2117 operculo
1333 2045 1588 2111 claudat,
1623 2048 1889 2103 ascendit
1916 2064 2098 2118 vapor

448 2139 518 2193 ad
551 2154 767 2208 corpus
798 2134 1089 2206 operiens.
1125 2135 1181 2188 in
1215 2150 1397 2205 eoque
1428 2135 1728 2205 densatur,
1758 2136 1824 2190 ﬁt
1854 2153 2002 2206 aqua
2040 2140 2097 2191 et

447 2243 683 2282 rursum
716 2225 775 2279 in
806 2223 1055 2279 lebetem
1088 2223 1309 2278 defluit.
1342 2224 1449 2278 Nix
1480 2229 1675 2280 autem
1701 2243 1813 2281 non
1834 2231 2097 2297 estaqua

446 2314 773 2383 congelata,
808 2313 905 2367 sed
938 2328 1005 2366 ex
1034 2313 1187 2366 nube
1230 2311 1470 2367 humida
1518 2313 1702 2369 oritur
1748 2333 1877 2386 qua:
1931 2319 2092 2370 ante-

449 2422 629 2476 quam
662 2419 897 2473 prorsus
945 2402 1003 2455 in
1051 2419 1265 2472 aquam
1316 2407 1595 2474 vertatur,
1654 2406 1994 2475 congelatur
2040 2410 2097 2459 et

444 2494 680 2557 decidit,
714 2496 772 2546 et
809 2491 1025 2546 idcirco
1060 2492 1370 2562 fungosam
1422 2497 1478 2546 et
1528 2499 1761 2549 tenuem
1806 2492 2095 2565 composi-

446 2587 666 2639 tionem
700 2582 894 2635 habet.
944 2583 1172 2635 Grando
1229 2598 1363 2636 vero
1424 2584 1712 2638 formatur
1760 2600 1894 2638 cum
1945 2600 2098 2654 aqua

448 2671 814 2743 congelatur,
839 2670 1186 2740 priusquam
1215 2671 1268 2724 in
1298 2676 1513 2725 terram
1530 2674 1829 2727 deciderit.
1859 2673 1915 2727 Si
1939 2673 2095 2727 enim

450 2760 715 2835 procula
748 2769 899 2813 terra
954 2759 1055 2813 fiat
1082 2759 1431 2830 congelatio,
1488 2761 1704 2815 decidit
1752 2761 2096 2830 spheericam

451 2851 703 2924 speciem
736 2847 1021 2919 praabens,
1055 2846 1265 2902 solutis
1299 2848 1497 2919 magni
1531 2849 1815 2904 intervalli
1876 2850 2097 2905 ratione

452 2943 580 3009 ejus
606 2936 1079 2996 extremitatibus
1103 2955 1120 2999 ;
1144 2937 1192 2991 si
1217 2942 1413 2991 autem
1445 2955 1620 3009 prope
1642 2944 1855 2993 terram
1886 2956 2098 3011 conge-

454 3031 629 3097 letur,
653 3026 871 3083 decidit
894 3025 1154 3081 diversas
1191 3025 1413 3080 habens
1444 3027 1663 3097 ﬁguras
1699 3033 1755 3081 ct
1785 3027 1972 3082 varias
2006 3044 2099 3082 ex-

453 3118 799 3175 tremitates.
825 3116 887 3170 In
911 3132 1039 3169 aere
1061 3116 1181 3169 haec
1205 3116 1401 3170 omnia
1426 3116 1596 3183 fiunt,
1638 3117 1848 3182 nubes,
1882 3116 2098 3189 pluvia,

456 3209 576 3273 nix,
610 3207 852 3278 grando.
885 3203 1112 3259 Similia
1143 3209 1337 3259 autem
1388 3205 1507 3260 illis
1552 3206 1879 3261 formantur
1925 3223 2103 3278 prope

2207 614 2348 688 ϐολὴ
2401 619 2752 694 ψυχρότητος
2800 615 3012 679 ὕδατοςο
3058 616 3230 671 ἐκεῖνο
3271 612 3328 669 Si
3377 612 3735 686 λεπτομερές,
3766 611 3852 665 καὶ

2207 706 2464 782 εὔκρατον
2527 709 2625 775 τὴν
2689 706 2995 783 θερμότητα
3062 703 3215 781 ἔχον,
3284 704 3374 758 καὶ
3432 702 3493 756 οὑ
3540 702 3856 770 καυστικὸν,

2206 799 2445 871 καθάπερ
2521 796 2612 851 καὶ
2678 798 2740 851 τὸ
2809 796 2860 851 ἐν
2937 798 3063 868 ὑμῖν
3133 791 3369 871 ἔμφυτον
3413 790 3632 866 θερμόν.
3681 791 3757 843 Τά
3802 788 3859 843 δὲ.

2207 888 2340 963 νέφη
2396 888 2732 941 συνίστανται
2784 886 2889 941 ἀπὸ
2917 892 3017 953 τῆς
3048 891 3147 960 γῆς
3196 883 3284 939 καὶ
3336 880 3635 951 Θαλάσσης,
3668 879 3855 951 ἀτμῶν

2208 976 2558 1050 ἀναγομένων
2613 976 2713 1029 ὑπὸ
2754 982 2855 1044 τῆς
2894 978 2990 1028 τοῦ
3043 972 3210 1042 ἡλίου
3259 971 3617 1046 θερμότητος,
3663 969 3753 1023 καὶ
3804 968 3856 1022 ἐν

2207 1071 2287 1138 τῷ
2334 1063 2443 1119 ἄνω
2493 1065 2646 1137 τόπῳ
2694 1065 3079 1136 πυκνουμένων
3127 1060 3216 1116 διά
3260 1062 3358 1130 τὴν
3415 1059 3584 1114 ἐκεῖσε
3652 1058 3861 1133 ψυχρό-

2207 1176 2366 1224 τητα,
2418 1155 2505 1209 καὶ
2557 1154 2630 1215 εἷς
2691 1152 2835 1228 ὕδωρ
2888 1152 3327 1225 ἀλλοιουμένων.
3380 1152 3749 1224 Ἐπαποροῦσι
3805 1145 3861 1201 δέ

2207 1264 2371 1312 τινες,
2404 1249 2520 1305 πῶς
2555 1244 2655 1298 εἰσι
2689 1244 2874 1318 ψυχρά
2901 1245 2968 1297 τά
3012 1240 3122 1296 ἄνω
3157 1241 3319 1316 μέρη,
3356 1236 3568 1313 μᾶλλον
3598 1242 3679 1309 τῷ
3708 1236 3860 1308 ἡλίῳ

2209 1332 2657 1409 προσεγγίζοντα·
2722 1330 2828 1386 ἔδει
2878 1334 2978 1408 γὰρ
3008 1336 3175 1385 ταῦτα
3224 1331 3396 1405 θερμά
3443 1330 3577 1382 εἶναι
3624 1324 3715 1381 διά
3762 1328 3861 1394 τὴν

2209 1422 2346 1497 πρὸς
2390 1423 2482 1476 τὸν
2531 1422 2696 1491 ἥλιον
2748 1420 3017 1497 ἐγγύτητα
3091 1420 3189 1474 Καὶ
3243 1438 3435 1496 φαμεν,
3492 1416 3576 1471 ὅτι
3625 1417 3653 1470 6
3701 1412 3864 1483 ἥλιος

2211 1511 2371 1573 αὐτὸς
2424 1512 2544 1574 καθ’
2596 1511 2778 1565 ἑαυτὸν
2841 1509 2907 1563 ού
2967 1507 3300 1582 θερμότατός
3362 1507 3533 1573 ἔστιν,
3595 1506 3669 1567 ὣς
3719 1524 3860 1564 τινες

2213 1596 2713 1673 ὑπολαμϐάνουσιν,
2748 1597 2874 1655 ἀλλ’
2926 1600 2959 1668 ἡ
3014 1597 3286 1673 θερμότης
3334 1595 3558 1659 ἐνταῦθα
3615 1594 3867 1671 ἐμφαίνε-

2207 1712 2293 1746 ται
2346 1688 2434 1744 δια
2480 1692 2578 1759 τήν
2636 1694 2741 1744 τῶν
2796 1688 3023 1755 ἀκτίνων
3082 1687 3249 1742 αὑτοῦ
3308 1687 3444 1762 πρὸς
3472 1688 3574 1755 τὴν
3605 1691 3710 1759 γῆν
3744 1684 3865 1737 ἀντ-

2209 1777 2521 1834 ανάκλασιν·
2581 1778 2669 1834 καὶ
2718 1782 2881 1833 τοῦτο
2934 1775 3105 1846 δῆλον
3144 1776 3204 1831 έκ
3250 1781 3357 1831 τῶν
3404 1775 3719 1850 ἀκρωρειῶν
3747 1778 3860 1827 τῶν

2214 1868 2477 1944 μεγίστων
2557 1869 2736 1942 ὁρῶν·
2819 1866 3103 1941 ἐγγύτεραι
3183 1865 3286 1940 γὰρ
3360 1862 3512 1918 οὖσαι
3572 1863 3713 1936 πρὸς
3764 1862 3856 1916 τὸν

2206 1958 2390 2028 ἥλιον,
2433 1956 2765 2032 ψυχρότεραι
2795 1960 2904 2009 τῶν
2931 1955 3169 2017 κάτωθέν
3218 1953 3321 2009 εἰσι
3368 1958 3569 2028 μερῶν.
3603 1949 3859 2009 Μάλιστα

2206 2046 2263 2102 δὶ
2305 2044 2451 2101 ἒόικε
2477 2048 2540 2101 τὸ
2582 2051 2689 2100 τῶν
2740 2046 2903 2100 ὑετῶν
2953 2044 3030 2116 τῷ
3076 2043 3348 2119 γινομένῳ
3395 2042 3551 2106 πάθει
3600 2041 3688 2095 ἐπὶ
3736 2039 3844 2094 τῶν

2205 2135 2643 2211 θερμαινομένων
2734 2132 2940 2189 ὑδάτων
3013 2132 3067 2188 ἐν
3134 2138 3250 2196 τοῖς
3316 2127 3563 2202 λέϐησινο
3632 2130 3678 2184 εἷ
3748 2130 3848 2205 γάρ

2205 2225 2461 2299 έπίπωμα
2513 2228 2663 2295 θήσει
2706 2245 2789 2285 τις
2846 2223 3085 2291 τούτοις,
3139 2222 3419 2298 ἀνέρχεται
3464 2222 3492 2275 6
3538 2220 3711 2293 ἀτμὸς
3764 2217 3853 2272 ἰπὶ

2203 2316 2265 2370 τὸ
2338 2313 2614 2369 καλύπτον
2691 2318 2869 2385 σῶμα,
2947 2313 3036 2366 καί
3116 2310 3441 2379 συνίσταται,
3501 2308 3589 2363 καὶ
3647 2307 3854 2382 γίνεται

2205 2402 2373 2477 ὕδωρ,
2434 2404 2523 2458 καὶ
2583 2401 2732 2463 αὖθις
2788 2400 3047 2476 καταῤῥεῖ
3111 2400 3198 2455 ἐπὶ
3255 2401 3346 2455 τὸν
3394 2393 3622 2468 λέϐητα.
3671 2398 3735 2452 Ἥ
3800 2394 3859 2450 δὲ

2205 2494 2348 2569 χιὼν
2396 2492 2501 2568 οὐχ
2532 2490 2675 2566 ὕδωρ
2726 2491 2835 2545 ἐστὶ
2894 2490 3164 2564 πεπηγὸς,
3218 2487 3362 2544 ἀλλὰ
3392 2488 3639 2563 [γίνεται]
3670 2486 3861 2563 νέφους

2205 2583 2496 2658 καθύγρου,
2572 2582 2699 2657 πρὶν
2769 2582 2974 2635 τέκειον
3053 2579 3129 2641 είς
3198 2577 3346 2653 ὕδωρ
3418 2572 3851 2650 μεταϐληθῆναι,

2206 2672 2555 2745 πηγνυμένου
2606 2672 2697 2725 καὶ
2744 2668 3174 2745 κατερχομένου.
3223 2668 3317 2721 Καῖ
3366 2664 3453 2720 διὰ
3481 2670 3642 2719 τοῦτο
3675 2663 3857 2740 χαύνη

2207 2762 2318 2817 ἐστὶ
2363 2762 2460 2830 τὴν
2523 2760 2774 2815 σύστασιν
2837 2761 2923 2814 καὶ
2997 2759 3177 2833 ἀραιά.
3226 2758 3287 2814 Ἣ
3340 2753 3397 2811 δὲ
3443 2752 3660 2831 χάλαζα
3713 2753 3856 2829 γίνε-

2206 2873 2314 2921 ται,
2367 2850 2456 2905 ὅτε
2488 2851 2515 2904 ό
2571 2850 2743 2917 ὑετὸς,
2798 2848 2923 2924 πρὶν
2988 2848 3074 2902 ἐπὶ
3126 2848 3226 2915 την
3275 2853 3375 2921 γῆν
3436 2843 3712 2908 κατέλθοι,
3766 2841 3859 2895 καὶ

2207 2942 2373 3017 παγῇ,
2443 2940 2537 2993 Καὶ
2598 2938 2641 2993 εἷ
2704 2939 2797 3011 μὲν
2856 2937 3137 3013 πόῤῥῶθεν
3195 2943 3295 3005 τῆς
3324 2934 3678 3011 γῆςὴπῆξις
3708 2932 3861 3007 γένη-

2208 3052 2319 3101 ται,
2366 3027 2685 3104 κατέρχεται
2732 3028 2793 3082 τὸ
2845 3033 3037 3101 σχῆμα
3087 3022 3460 3103 σφαιροειδὴς,
3520 3020 3608 3077 διὰ
3638 3019 3861 3076 πολλοῦ

2209 3123 2305 3174 τοῦ
2357 3118 2725 3189 διαστήματος
2765 3121 2860 3171 τοῦ
2894 3117 2946 3170 έν
2971 3122 3051 3188 τῷ
3108 3117 3253 3189 μέσῳ
3303 3112 3690 3185 άναλυομένων
3749 3109 3860 3164 τῶν

2209 3208 2409 3279 ταύσης
2470 3207 2693 3281 έξοχῶν·
2754 3206 2797 3260 εἰ
2859 3203 2915 3259 δὲ
2965 3204 3200 3275 πλησίον
3259 3206 3405 3276 παγῇ
3436 3208 3533 3270 τῆς
3580 3207 3705 3274 γῆς,
3734 3219 3864 3253 κατ-

454 3302 671 3352 terram
705 3312 717 3361 ;
754 3293 894 3347 nubi
937 3293 1169 3363 quidem
1203 3292 1414 3348 similis
1446 3294 1678 3360 nebula,
1726 3296 1932 3366 pluvias
1986 3312 2099 3363 ros,

2215 3297 2430 3372 έρχεται
2482 3294 3035 3369 έτεροσχημάτιστος,
3091 3292 3179 3347 καὶ
3214 3290 3505 3368 διαφόρους
3539 3288 3742 3364 ἔχουσα
3772 3289 3867 3347 τὰς

456 3386 574 3443 nivi
608 3384 837 3454 pruina.
870 3382 1142 3453 grandini
1172 3398 1308 3437 vero
1333 3382 1571 3454 glacies.
1609 3385 1862 3455 Fulgura
1905 3392 2100 3461 autem

458 3481 514 3531 et
534 3474 795 3528 tonitrua
826 3471 1083 3526 nubibus
1118 3472 1268 3526 inter
1299 3488 1361 3526 se
1392 3472 1766 3544 pulsantibus
1814 3492 1932 3530 non
1977 3476 2102 3531 effi-

461 3563 718 3628 ciuntur,
744 3561 845 3615 sed
872 3560 1108 3631 quando
1127 3564 1336 3614 ventus
1351 3561 1576 3615 calidus
1590 3579 1688 3617 eas
1711 3564 2105 3635 circumdans,

462 3653 606 3706 dum
629 3651 769 3720 ipsa:
793 3649 1117 3704 densentur
1138 3654 1194 3703 et
1218 3650 2107 3723 refrigerantur,peroppositio-

466 3757 600 3796 nem
626 3739 1049 3793 inflammatur.
1074 3737 1265 3793 Altero
1302 3740 1457 3793 enim
1497 3747 1834 3811 superante,
1866 3741 2111 3796 alterum

467 3830 714 3899 aufugit.
750 3827 871 3883 Etsi
903 3828 1057 3882 enim
1090 3844 1324 3882 sursum
1355 3828 1509 3899 ignis
1539 3830 1742 3897 fertur,
1784 3836 1976 3885 tamen
2011 3831 2112 3885 fri-

468 3935 605 3991 gore
635 3917 785 3987 quod
816 3933 1056 3971 sursum
1091 3921 1180 3971 est
1205 3922 1442 3972 coactus
1465 3924 1521 3972 et
1550 3919 1795 3973 nubium
1823 3919 2113 3974 densitate

469 4009 538 4061 ad
574 4005 850 4061 inferiora
875 4005 1080 4060 tendit.
1107 4005 1165 4059 Si
1191 4011 1387 4060 autem
1419 4025 1633 4077 parvus
1664 4014 1721 4063 et
1747 4010 1888 4064 levis
1911 4010 1986 4065 sit
2018 4026 2111 4064 ca-

470 4097 577 4163 lor,
602 4095 792 4150 solum
827 4094 1024 4165 fulgur
1055 4100 1110 4149 et
1144 4094 1362 4149 tonitru
1396 4096 1616 4165 efficit;
1652 4099 1698 4152 si
1734 4104 1930 4154 autem
1961 4098 2112 4153 mul-

472 4193 568 4241 tus
599 4189 657 4240 et
685 4185 923 4253 ardens,
958 4183 1203 4239 fulmen.
1237 4185 1411 4241 Porro
1437 4187 1632 4257 fulgur
1660 4190 1932 4259 praecedit
1961 4190 2116 4244 toni-

471 4281 589 4343 tru,
624 4273 894 4343 quamvis
950 4274 1353 4343 producantur
1404 4276 1600 4345 simul,
1651 4281 1723 4332 ob
1773 4284 2116 4350 sequentem

474 4378 732 4417 causam.
768 4361 960 4427 Visus,
993 4363 1094 4432 qui
1126 4380 1406 4419 sensuum
1442 4366 1665 4435 primus
1695 4374 1804 4437 est,
1854 4370 2120 4439 protinus

476 4452 635 4506 videt
663 4451 821 4521 quod
845 4451 1071 4507 visibile
1102 4457 1222 4520 est;
1271 4455 1509 4509 auditus
1540 4462 1733 4511 autem
1791 4464 1922 4527 post
1968 4465 2118 4513 tem-

479 4557 589 4612 pus
622 4541 776 4612 quod
808 4541 1062 4597 audibile
1093 4547 1182 4597 est
1209 4544 1474 4615 percipit.
1510 4546 1936 4618 PrOptereaque
1959 4548 2121 4618 prius

2214 3386 2425 3459 ἐξοχάς.
2489 3386 2591 3440 Καὶ
2653 3385 2703 3439 ἐν
2770 3384 2864 3457 μὲν
2923 3387 3002 3453 τῷ
3035 3382 3147 3456 ἀέρι
3193 3382 3434 3455 γίνονται
3464 3384 3654 3449 ταῦτα,
3685 3379 3867 3454 νέφος,

2220 3476 2391 3543 ὑετὸς,
2453 3476 2616 3549 χιὼν,
2671 3472 2905 3548 χάλαζα·
2967 3472 3132 3545 ὅμοια
3190 3469 3247 3526 δὲ
3301 3470 3518 3530 τούτοις
3546 3468 3748 3543 γίνεται
3777 3466 3869 3521 καὶ

2215 3566 2350 3639 πρὸς
2379 3568 2446 3636 τῇ
2479 3567 2574 3637 γῇ,
2622 3568 2701 3633 τῷ
2758 3563 2851 3633 μέν
2900 3562 3045 3640 νέφει
3093 3560 3360 3635 ἀνάλογον
3507 3554 3752 3631 ὀμίχλη,
3784 3560 3869 3627 τῷ

2218 3653 2275 3709 δὲ
2308 3655 2445 3725 ὑετῷ
2478 3656 2510 3722 ἡ
2545 3651 2761 3727 δρόσος,
2790 3655 2859 3724 τῇ
2890 3650 2945 3707 δὲ
2975 3652 3123 3727 χιόνι
3154 3654 3188 3721 ἡ
3220 3652 3430 3725 πάχνη,
3459 3652 3527 3722 τῇ
3560 3646 3618 3702 δί
3646 3646 3872 3722 χαλάζῃ

2220 3746 2247 3799 6
2296 3741 2661 3818 κρύσταλλος.
2712 3744 2786 3800 Αἱ
2845 3741 2901 3796 δὲ
2944 3742 3208 3816 ἀστραπαί
3256 3741 3345 3795 καὶ
3393 3741 3446 3793 αἱ
3491 3736 3709 3813 βρονταὶ
3765 3737 3873 3790 οὐκ

2221 3831 2611 3888 ἀποτελούνται
2671 3832 3113 3906 συγκρουομένων
3176 3828 3449 3899 ἀλλήλοις
3504 3831 3611 3882 τῶν
3667 3828 3868 3901 νεφῶν,

2221 3922 2347 3977 ἀλλ’
2396 3918 2483 3977 ὅτε
2534 3921 2747 3982 τούτοις
2794 3922 2991 3995 θερμὸν
3059 3923 3271 3992 πνεῦμα
3340 3917 3682 3992 περισχεθὶν,
3757 3918 3868 3967 τῶν

2221 4017 2392 4090 νεφῶν
2452 4009 2907 4083 συμπιλουμένων
2956 4010 3045 4063 καὶ
3095 4009 3444 4084 ψυχομένων,
3480 4003 3567 4060 διὰ
3595 4007 3694 4073 τὴν
3724 4002 3875 4057 ἐνανο

2222 4102 2406 4157 τίωσιν
2468 4101 2788 4176 ἐκπυριαθῇ.
2868 4097 3325 4174 Ἐπικρατοῦντος
3396 4098 3499 4171 γάρ
3569 4098 3665 4148 τοῖ)⁹
3723 4091 3878 4147 ἐναν-

2224 4192 2364 4258 τίου,
2419 4190 2481 4245 τὸ
2533 4190 2768 4244 ἐναντίον
2822 4188 3085 4265 ἐκφεύγειο
3146 4188 3189 4241 εἰ
3238 4188 3343 4261 γὰρ
3399 4187 3485 4240 καὶ
3549 4183 3635 4238 ἐπὶ
3664 4203 3729 4237 τα
3761 4185 3877 4235 ἂνω

2227 4276 2365 4335 ἔστιν
2425 4282 2459 4348 ἡ
2518 4283 2615 4332 τοῖ’)
2672 4277 2840 4352 πυρὸς
2898 4279 3057 4355 φορὰ,
3119 4275 3245 4332 ἀλλ’
3294 4273 3384 4330 οὖν
3418 4270 3736 4350 βιαζόμενον
3769 4271 3877 4324 ὑπὸ

2226 4377 2326 4438 τῆς
2385 4366 2495 4423 ἄνω
2554 4367 2760 4442 ψύξεως
2817 4368 2907 4421 καὶ
2964 4374 3062 4435 τῆς
3117 4364 3227 4420 τῶν
3276 4369 3447 4443 νεφῶν
3518 4363 3879 4429 πυκνότητος,

2231 4458 2588 4513 ἐκτινάσσεται
2647 4454 2735 4509 ἐπὶ
2791 4457 2858 4510 τὰ
2913 4455 3149 4509 κάτωθεν
3183 4473 3196 4486 ·
3273 4454 3363 4507 καὶ
3426 4452 3471 4506 εἷ
3534 4452 3627 4523 μὲν
3684 4446 3881 4522 ὀλίγον

2231 4547 2341 4601 ἐστὶ
2395 4546 2483 4599 καὶ
2540 4542 2704 4613 ἤπιον
2767 4545 2870 4617 [τὸ]
2903 4544 3120 4615 θερμὸν,
3153 4547 3302 4596 ποιεῖ
3346 4541 3517 4613 μόνην
3546 4540 3645 4608 τὴν
3679 4540 3883 4609 ἄστρα-

480 4630 749 4684 videmus
807 4628 1021 4699 fulgur,
1082 4631 1294 4687 deinde
1352 4650 1483 4688 vero
1540 4636 1760 4689 tonitru
1820 4637 2098 4692 audimus

2231 4639 2336 4705 πὴν
2385 4638 2524 4707 ὁμοῦ
2571 4634 2659 4688 καὶ
2714 4635 2965 4709 βροντήνο
3017 4634 3061 4688 εἰ
3103 4631 3158 4687 δὲ
3214 4629 3359 4687 πολὺ
3401 4629 3489 4685 καὶ
3518 4628 3880 4703 θερμότατον,

480 4718 625 4774 Visu
647 4724 841 4773 autem
866 4719 1131 4774 auditum
1157 4724 1415 4791 praestari
1448 4722 1536 4777 vel
1560 4740 1625 4777 ex
1671 4741 1736 4779 eo
1767 4731 1922 4795 patet
1965 4743 2103 4796 quoc

2232 4726 2438 4801 γίνεται
2503 4724 2780 4798 κεραυνός.
2862 4727 3183 4799 Ιιροηγεῖται
3260 4718 3316 4775 δὲ
3370 4723 3404 4789 ἡ
3463 4718 3706 4793 ἀστραπὴ
3774 4722 3881 4783 τῆς

483 4810 541 4864 in
574 4808 954 4879 remigatione
985 4826 1175 4865 remos
1222 4828 1433 4881 aquam
1489 4812 1789 4883 pulsantes
1836 4814 2099 4870 videmus

2238 4816 2490 4889 βροντῆς,
2542 4810 2652 4885 ἅμα
2694 4813 2861 4885 ταύτῃ
2908 4810 3200 4887 γενομένη,
3258 4807 3345 4864 διὰ
3388 4809 3645 4876 τοιαύτην
3675 4804 3883 4860 αἲτίαν.

483 4904 541 4955 et
570 4905 773 4971 postea
819 4899 1078 4955 sonitum
1126 4917 1193 4955 ex
1246 4903 1575 4972 pulsatione
1627 4906 1911 4961 emissum
1958 4908 2103 4961 audi

2233 4907 2295 4959 Ἡ
2348 4900 2493 4977 ὄψις,
2527 4904 2719 4975 πρώτη
2769 4906 2876 4956 τῶν
2936 4902 3236 4971 αἰσθήσεων
3284 4898 3437 4967 οὖσα,
3474 4898 3726 4972 ἄχρόνως
3779 4896 3891 4967 ὁρᾷ

487 5005 641 5043 mus.
2235 4993 2295 5046 τὸ
2349 4993 2565 5065 ὁρατὸν,
2622 4994 2657 5060 ἡ
2718 4989 2775 5045 δὲ
2829 4992 2965 5058 ἀκοὴ
3026 4988 3114 5044 διὰ
3169 4988 3371 5065 χρόνου
3424 4985 3722 5041 αἲσθάνεται
3777 4982 3894 5038 τοῖ’)

481 5074 767 5129 ἀκοῦστοῦ·
800 5073 887 5128 καὶ
922 5071 1011 5129 διὰ
1038 5075 1198 5129 τοῦτο
1226 5080 1439 5147 πρῶτον
1470 5079 1683 5152 ὁρῶμεν
1716 5082 1775 5134 τὸ
1805 5088 1905 5149 τῆς
1933 5080 2210 5155 ἀστραπῆς
2244 5085 2376 5157 φῶς,
2412 5082 2522 5134 εἶτα
2552 5079 2822 5152 ἀκούομεν
2854 5086 2954 5148 τῆς
2986 5080 3238 5153 βροντῆς.
3285 5080 3405 5135 ’Ότι
3458 5074 3515 5130 δὶ
3557 5078 3898 5147 προηγεῖται

480 5166 513 5231 ἡ
542 5160 665 5236 ὄψις
692 5170 790 5231 τῆς
819 5162 1012 5233 ἀκοῆσ,
1041 5162 1207 5233 δῆλον
1244 5167 1329 5219 καὶ
1364 5165 1421 5221 ἐκ
1450 5172 1544 5221 τοῦ
1577 5170 1702 5242 ὁρᾷν
1743 5172 1891 5242 ἡμᾶς
1920 5170 1969 5224 ἐν
2002 5175 2121 5232 ταῖς
2152 5168 2531 5239 κωπηλασίαις
2563 5171 2656 5230 τάς
2688 5170 2876 5232 κώπας
2925 5170 2987 5222 τὸ
3036 5166 3181 5241 ὕδωρ
3230 5165 3553 5233 τυπτούσας,
3596 5162 3683 5218 καὶ
3746 5164 3898 5233 μιτᾶ

477 5256 636 5306 τοῦτο
664 5251 931 5325 ἀκούομεν
962 5257 1057 5308 τοῦ
1090 5250 1293 5308 δούπου
1324 5260 1420 5310 τοῦ
1452 5256 1510 5310 ἐκ
1540 5256 1737 5316 αὐτῶν.

976 5368 1032 5419 5.
1062 5370 1141 5422 De
1169 5376 1335 5425 terra:
1364 5370 1627 5423 motibus.

552 5470 633 5525 Ne
658 5470 849 5526 simus
872 5488 1056 5527 causa:
1080 5489 1211 5543 quas
1240 5478 1405 5529 terra:
1441 5479 1637 5530 motus
1677 5475 1878 5545 efficit,
1911 5475 2123 5547 ignari,

482 5558 787 5613 sciendum
822 5564 911 5614 est
940 5576 1007 5614 ex
1049 5566 1205 5616 terra
1245 5562 1522 5619 calefacta
1561 5564 1747 5619 emitti
1798 5581 2040 5635 vapores
2070 5568 2127 5619 et

486 5646 900 5705 exbalationes.
943 5648 1137 5719 Vapor
1175 5656 1371 5707 autem
1413 5657 1501 5707 est
1548 5653 1825 5708 humidus
1866 5654 2126 5708 medius-

488 5751 601 5805 que
632 5735 785 5791 inter
813 5752 1026 5805 aquam
1059 5743 1117 5792 et
1143 5744 1383 5810 terram,
1424 5741 1713 5798 exhalatio
1740 5758 1872 5798 vero
1903 5751 1988 5799 est
2034 5759 2125 5798 ca-

2805 5374 2860 5423 e'.
2894 5365 3021 5439 Περὶ
3054 5368 3314 5437 σεισμῶν.

2306 5476 2422 5530 Ἵνα
2481 5469 2538 5526 δὲ
2596 5473 2672 5544 μὴ
2706 5471 2943 5545 ἀμύητοι
2975 5473 3119 5545 ῶμεν
3153 5476 3252 5539 τῆς
3280 5474 3385 5524 τῶν
3419 5472 3652 5540 σεισμῶν
3682 5465 3895 5539 αἰτίας,

2236 5561 2435 5631 ῗστέον,
2487 5558 2569 5616 ὅτι
2618 5560 2675 5615 ἐκ
2721 5568 2820 5629 τῆς
2874 5564 2976 5637 γῆς
3023 5560 3459 5635 θερμαινομίνης
3508 5557 3895 5629 ἀναπέμπεται

2235 5652 2405 5725 ἀτμὸς
2464 5651 2552 5704 καὶ
2610 5651 2984 5723 ἀναθυμίασις.
3048 5653 3199 5707 Ἔστι
3234 5647 3291 5704 δὲ
3322 5649 3349 5703 6
3402 5646 3494 5721 μὶν
3521 5645 3691 5718 ἀτμὸς
3723 5645 3897 5721 ὑγρὸς

2232 5742 2324 5798 καὶ
2404 5741 2567 5813 μέσος
2637 5735 2830 5801 ὕδατος
2908 5736 2995 5793 καὶ
3048 5738 3244 5815 ἀέρος’
3316 5740 3351 5809 ἡ
3412 5734 3470 5793 δὶ
3523 5735 3893 5808 ἀναθυμίασις
