4080 6350
251 450 379 510 ’193

1506 440 1988 503 SOLUTIONES
2031 440 2411 515 QU/EDAM.

3571 448 3685 511 794

248 577 459 654 θερμὴ,
490 578 581 633 καὶ
610 575 769 654 ξηρὰ,
829 572 919 630 καὶ
972 567 1312 648 ὀξυκίνητος,
1368 570 1420 648 ἐξ
1466 573 1535 644 ἧς
1582 569 1650 643 δὴ
1698 570 1786 627 καὶ
1819 592 1907 627 κι-

2024 572 2145 631 lida
2175 578 2232 631 et
2261 576 2418 633 sicca
2478 581 2535 634 et
2580 578 2745 636 valde
2795 578 3049 649 mobilis,
3102 597 3223 653 qua
3266 584 3534 639 movetur
3588 600 3690 641 aer

249 673 430 724 νεῖται
463 669 492 723 6
543 666 649 741 ἀήρ
696 664 788 720 καὶ
833 660 1229 720 ἀποτελοῦνται
1280 664 1333 718 οἱ
1381 662 1594 736 ἄνεμοι.
1644 663 1776 720 "Ore
1826 659 1916 717 οὗν

249 756 398 828 αὕτη
429 760 465 827 ἡ
517 756 879 829 ἀναθυμίασις
927 757 998 827 τῇ
1039 756 1110 828 γῇ
1161 751 1555 826 ἔναποκλεισθῇ
1627 750 1719 806 καὶ
1777 751 1919 806 ἀνω-

245 847 426 923 φερὴς
505 843 636 901 οὖσα
716 845 854 916 ζητῇ
933 840 1130 897 ὡσανεὶ
1205 838 1386 897 δίοδον
1446 839 1705 912 ἐξελθεῖν,
1780 844 1922 895 κινεῖ

243 944 430 992 πᾶσαν
487 939 591 1004 τήν
646 932 1054 1008 παρακειμὶνην
1130 938 1258 1007 γῆν,
1336 927 1580 987 κελεύσει
1656 929 1772 1002 θείᾳ
1829 931 1917 985 καὶ

244 1023 568 1097 οἶκονομίᾳ.
638 1019 846 1094 Μηδεὶς
903 1019 959 1076 δὲ
1033 1020 1340 1093 ξενιζὲσθω,
1413 1024 1531 1084 πῶς
1605 1021 1641 1090 ἡ
1690 1018 1916 1091 τοιαύτη

244 1114 637 1188 ἀναθυμίασις,
700 1109 876 1180 λεπτὴ
937 1107 1090 1179 οὖσα,
1147 1110 1248 1178 τήν
1305 1110 1407 1185 γὴν
1464 1114 1623 1177 κινεῖ,
1665 1127 1917 1184 παχυμε-

245 1203 505 1281 ρεστέραν
536 1200 696 1258 οὖσαν
728 1220 742 1234 °
789 1197 910 1256 l60ii
959 1199 1063 1276 γὰρ
1126 1200 1179 1254 οἱ
1236 1196 1462 1277 σφοδροὶ
1525 1196 1738 1273 ἄνεμοι,
1797 1196 1914 1252 καίσ

243 1314 404 1370 τοιγε
454 1288 567 1347 ἅνω
619 1291 720 1360 τήν
780 1286 965 1345 δίοδον
1020 1282 1261 1365 ἔχοντες,
1316 1284 1505 1365 δένδρα
1557 1307 1616 1341 τε
1646 1284 1916 1362 ἐκριζοῦσι

244 1383 341 1438 καὶ
429 1380 608 1443 οἲκίας
680 1376 953 1441 πολλάκις
1038 1371 1470 1433 καταϐάλλουσι.
1550 1372 1804 1433 Μάλιστα
1860 1371 1918 1429 δὶ

244 1472 400 1529 ἔοικε
452 1471 516 1528 τὸ
543 1475 790 1527 τοιοῦτον
824 1471 997 1533 πάθος
1043 1474 1145 1538 τῆς
1183 1474 1290 1542 γῆς
1317 1470 1398 1540 τῷ
1427 1470 1666 1539 σπασμῷ
1689 1484 1701 1496 °
1735 1463 1916 1540 ὥσπερ

244 1563 356 1639 γὰρ
390 1558 483 1618 διὰ
506 1559 706 1617 τούτου
734 1563 963 1615 κινεῖται
1015 1558 1079 1613 τὸ
1129 1561 1309 1631 σῶμα,
1369 1554 1514 1611 οὕτω
1562 1555 1675 1624 καὶ,
1730 1554 1915 1631 βιαζο-

249 1652 430 1724 μένης
478 1646 712 1721 ἰξελθεῖν
762 1655 863 1718 τῆς
928 1646 1364 1720 ἀναθυμιάσεως,
1414 1646 1450 1715 ἡ
1500 1650 1597 1721 γῆ.
1641 1641 1914 1717 Νηνεμίας

248 1737 309 1795 δὲ
363 1736 534 1810 οὔσης
590 1739 643 1793 οἱ
702 1736 954 1793 πλεῖστοι
1024 1735 1114 1791 καὶ
1188 1735 1436 1811 μέγιστοι
1505 1732 1750 1810 γίνονται
1805 1736 1914 1787 τῶν

252 1832 526 1902 σεισμῶν,
581 1825 671 1883 καὶ
735 1825 870 1899 μετὰ
907 1823 1037 1889 τοὺς
1091 1821 1349 1897 σεισμοὺς
1402 1822 1476 1885 ὡς
1526 1820 1614 1877 ἐπὶ
1668 1821 1731 1877 τὸ
1769 1820 1914 1878 πολὺ

244 1915 402 1973 πνέει
462 1913 658 1990 ἄνεμος
718 1912 972 1994 σφοδρὸς,
1022 1910 1495 1990 διαῤῥηγνυμένης
1533 1918 1637 1981 τῆς
1674 1917 1777 1987 γῆς
1811 1912 1914 1966 ὑπὸ

249 2013 358 2075 τῆς
394 2006 579 2083 βιαίας
634 2005 732 2060 τοῦ
779 2002 1088 2078 πνεύματος
1133 2004 1399 2073 κινήσεως
1431 2021 1443 2034 °
1476 2000 1563 2055 καὶ
1597 2000 1787 2063 νυκτὸς
1843 2000 1918 2065 ὡς

250 2096 343 2151 ἐπὶ
405 2095 470 2150 τὸ
525 2093 785 2151 πλεῖστον
843 2092 1074 2169 γίνεται,
1126 2089 1163 2162 ἤ
1209 2093 1447 2168 ἡμέρας,
1506 2087 1596 2145 διὰ
1634 2089 1696 2145 τὸ
1745 2088 1796 2144 ἐν
1844 2093 1915 2164 τῇ

246 2186 405 2241 νυκτὶ
457 2183 724 2262 ψύχεσθαι
772 2182 863 2239 καὶ
912 2180 1242 2238 πυκνοῦσθαί
1289 2182 1389 2250 τὴν
1446 2187 1549 2250 τῆς
1594 2186 1698 2256 γῆς
1729 2177 1917 2257 ἐπιφά-

248 2296 423 2343 νειαν,
473 2273 565 2329 καὶ
622 2272 894 2338 κλείεσθαι
952 2269 1105 2328 ἔνδον
1162 2271 1262 2340 τὴν
1324 2269 1698 2344 ἀναθυμίασιν.
1769 2275 1915 2343 Προ-

248 2369 522 2440 ηγοῦνται
570 2360 627 2419 δὶ
681 2368 790 2419 τῶν
844 2366 1080 2436 σεισμῶν
1127 2357 1376 2438 ῥαγδαῖοι
1430 2358 1599 2429 ὑετοὶ,
1651 2358 1739 2414 καὶ
1782 2358 1917 2432 μετὰ

244 2458 418 2509 τοῦτο
465 2451 701 2529 αὐχμοί.
754 2451 872 2508 Εΐσὶ
930 2449 988 2507 δὶ
1044 2449 1259 2526 μερικοὶ
1317 2448 1407 2504 καὶ
1469 2449 1569 2505 οὐκ
1616 2446 1705 2503 ἐπὶ
1737 2447 1914 2521 πάσης

252 2546 361 2612 τῆς
402 2549 529 2619 γῆς.
585 2541 763 2613 ’Λπαξ
814 2539 915 2618 γὰρ
969 2546 1113 2596 πᾶσα
1171 2540 1206 2609 ἡ
1261 2544 1333 2615 γῆ
1384 2538 1611 2610 ἐκινήθη
1672 2536 1759 2593 ἐπὶ
1818 2541 1915 2592 τοῦ

255 2630 539 2707 σωτηρίου
590 2626 797 2696 πάθους
869 2634 968 2685 τοῦ
1039 2628 1239 2704 Κυρίου
1321 2629 1506 2702 ἡμῶν,
1585 2627 1748 2683 αὐτοῦ
1817 2630 1915 2682 τοῦ

247 2724 483 2799 κέντρου
531 2723 828 2784 σεισθέντος
874 2727 975 2790 τῆς
1024 2724 1149 2797 γῆς.
1197 2718 1307 2774 Οὐκ
1346 2721 1398 2774 ἐν
1454 2717 1599 2793 πάσῃ
1653 2715 1711 2774 δὲ
1755 2719 1917 2795 χώρᾳ

246 2812 494 2888 γένονται
529 2812 768 2884 σεισμοὶ,
801 2807 928 2866 ἀλλ’
956 2808 1007 2864 ἐν
1052 2809 1138 2872 αἶς
1186 2808 1373 2886 σομφή
1421 2805 1513 2862 καὶ
1552 2805 1912 2885 σηραγγώδης

244 2901 399 2957 ἐστῖν
460 2902 495 2970 ἡ
558 2906 629 2976 γῆ
666 2918 679 2932 ⁸
712 2900 800 2955 καὶ
865 2897 917 2955 ἒν
972 2898 1077 2953 τινὶ
1145 2897 1238 2972 μὲν
1268 2900 1533 2973 συνεχῶς,
1587 2894 1638 2951 ἰν
1671 2897 1774 2951 τινὶ
1811 2894 1913 2971 [δὲ]

248 2988 496 3052 σπανίως
529 3008 543 3021 ·
602 2989 692 3043 καὶ
721 2984 881 3061 ’ἑαρος
929 2988 1016 3042 καὶ
1071 2984 1421 3064 φθινοπώρου
1455 2982 1691 3059 μᾶλλον,
1722 2983 1759 3055 ἤ
1791 3005 1914 3061 χει·

252 3084 447 3153 μῶνος
476 3077 567 3133 καὶ
599 3077 810 3154 θέρους.
857 3074 1013 3134 Ἀλλ’
1059 3075 1105 3132 εἷ
1150 3074 1239 3131 καὶ
1290 3075 1443 3154 φύσει
1486 3074 1593 3129 τινὶ
1623 3072 1910 3150 ἐνεργεῖται

242 3172 443 3236 ταῦτα,
501 3165 648 3222 ἀλλὰ
703 3169 837 3222 Θεοῦ
911 3165 1083 3221 νεύσει
1158 3164 1248 3220 καὶ
1315 3165 1648 3241 προμηθείᾳ.
1707 3165 1909 3237 ’Ὠσπερ

242 3259 354 3335 γὶρ
402 3252 529 3311 οὔτε
579 3255 754 3323 ὑετὸς,
812 3251 935 3310 οὔτε
985 3254 1151 3330 χιὼν,
1202 3251 1325 3309 οὔτε
1368 3251 1732 3332 κρύσταλλος,
1788 3252 1910 3309 οὔτε

2030 665 2089 719 et
2118 663 2508 735 perﬁciuntur
2537 668 2709 742 venti.
2760 667 3004 733 Quando
3055 669 3242 742 igitur
3290 669 3690 729 exhalationes

2027 750 2143 808 illis
2190 757 2345 809 terra
2393 755 2849 826 concluduntur,
2904 762 2962 814 et
3006 775 3246 815 sursum
3299 759 3435 817 lata:
3462 762 3685 819 exitum

2030 846 2322 912 quierunt,
2351 848 2567 900 terram
2602 861 2836 901 omnem
2868 845 3385 919 circumjecentem
3427 866 3689 907 commo-

2028 936 2184 996 vent,
2220 936 2331 987 Deo
2376 932 2459 988 sic
2511 934 2966 992 administrante
3010 940 3070 992 et
3117 939 3455 995 mandante.
3503 939 3687 996 Nemo

2031 1024 2230 1076 autem
2283 1022 2534 1090 miretur
2579 1026 2736 1095 quod
2770 1024 2881 1080 illae
2912 1025 3334 1094 exhalationes,
3364 1045 3498 1085 cum
3529 1029 3685 1087 leves

2029 1108 2169 1174 sint,
2221 1114 2433 1166 terram
2478 1112 2808 1168 densiorem
2862 1120 3151 1171 moveant.
3203 1116 3406 1173 Nonne
3435 1118 3595 1174 enim
3627 1124 3687 1176 et

2027 1198 2404 1255 vehementes
2425 1202 2603 1268 venti,
2636 1203 2745 1258 etsi
2768 1203 2920 1258 viam
2948 1220 3129 1277 supra
3158 1209 3374 1262 terram
3406 1207 3684 1278 habeant,

2029 1288 2267 1345 arbores
2324 1290 2656 1362 eradicent,
2716 1291 3041 1365 domosque
3099 1294 3315 1367 saepius
3373 1297 3691 1369 dejiciunt.

2029 1376 2192 1441 Quod
2244 1382 2443 1434 autem
2486 1383 2642 1436 terra
2670 1384 2814 1437 tunc
2844 1381 3067 1454 patitur
3095 1375 3463 1441 convulsioni
3491 1386 3686 1443 simile

2027 1470 2140 1522 est.
2196 1468 2703 1534 Quemadmodum
2761 1470 2920 1526 enim
2974 1471 3354 1529 convulsione
3419 1479 3685 1532 movetur

2026 1570 2261 1628 corpus,
2294 1556 2377 1612 ita
2396 1561 2454 1614 et
2482 1561 2637 1614 terra
2684 1559 2928 1632 quando
2975 1561 3131 1618 exire
3181 1560 3473 1619 exhalatio
3522 1565 3697 1635 cogi-,

2029 1648 2145 1701 tur.
2198 1645 2433 1702 Maximi
2492 1652 2687 1704 autem
2740 1653 2907 1705 terra;
2957 1655 3155 1708 motus
3202 1652 3355 1707 ﬁunt
3400 1668 3540 1708 cum
3587 1669 3687 1710 aer

2027 1734 2387 1807 tranquillus
2409 1741 2519 1807 est,
2553 1741 2610 1792 et
2630 1742 2764 1810 post
2785 1743 2953 1794 terrae
2979 1743 3175 1796 motus
3204 1740 3556 1813 plerumque
3587 1742 3691 1799 ﬂat

2027 1828 2236 1879 ventus
2264 1823 2597 1894 vehemens,
2631 1831 2788 1882 terra
2832 1826 3087 1884 violenta
3133 1829 3378 1900 spiritus
3418 1846 3685 1888 commo-

2026 1910 2187 1967 tione
2217 1911 2502 1969 diﬁ'racta.
2535 1914 2607 1969 Et
2637 1920 2804 1971 nocte
2832 1916 2986 1971 ﬁunt
3023 1916 3286 1974 crebrius
3334 1935 3515 1990 quam
3563 1919 3679 1988 die,

2026 1999 2163 2073 quia
2188 2008 2355 2058 nocte
2378 2006 2546 2059 terra
2568 2005 2909 2077 superficies
2934 2005 3122 2078 magis
3153 2006 3417 2079 frigescit
3444 2013 3503 2064 et
3530 2009 3680 2065 den-

2025 2094 2209 2159 satur,
2244 2091 2761 2166 exhalationesque
2793 2094 2955 2151 intus
2986 2094 3441 2153 concluduntur.
3487 2098 3678 2154 Terra;

2026 2185 2223 2237 autem
2295 2187 2489 2237 motus
2552 2183 2901 2256 impetuossa
2959 2184 3170 2256 pluvias
3226 2187 3566 2258 praecedunt
3623 2193 3682 2244 et

2026 2268 2235 2325 deinde
2266 2286 2334 2326 ex
2362 2270 2552 2328 calore
2583 2273 2841 2329 siccitas.
2895 2273 3046 2332 Sunt
3087 2290 3220 2331 vero
3270 2274 3678 2347 particulares,

2026 2358 2214 2432 (terra:
2248 2364 2470 2429 motus)
2501 2378 2693 2434 neque
2723 2380 2828 2436 per
2866 2362 3197 2420 universam
3243 2368 3459 2421 terram
3505 2366 3678 2422 ﬁunt.

2023 2448 2214 2505 Semel
2263 2449 2420 2506 enim
2470 2452 2748 2507 universa
2814 2456 2968 2508 terra
3018 2457 3177 2509 mota
3221 2457 3330 2524 est,
3378 2453 3680 2511 Passionis

2024 2538 2342 2596 Salvatoris
2369 2540 2603 2596 Domini
2634 2541 2819 2597 nostri
2851 2546 3136 2614 tempore,
3170 2542 3298 2615 ipso
3343 2547 3507 2600 terra:
3549 2561 3681 2601 cen-

2023 2632 2112 2685 tro
2145 2629 2383 2700 agitato.
2415 2630 2615 2702 Neque
2645 2630 2795 2686 fiunt
2838 2630 2898 2687 in
2944 2631 3105 2687 omni
3156 2632 3414 2704 regione,
3465 2633 3566 2689 sed
3615 2632 3678 2690 in

2023 2717 2117 2774 his
2148 2717 2519 2775 solummodo
2551 2719 2611 2774 in
2643 2718 2860 2791 quibus
2908 2724 3063 2777 terra
3110 2725 3199 2776 est
3250 2721 3571 2795 spongiosa
3621 2727 3680 2779 et

2023 2806 2278 2876 rimosa;
2310 2808 2449 2863 etin
2484 2808 2839 2880 quibusdam
2873 2809 3176 2878 continuo,
3229 2809 3290 2865 in
3341 2810 3472 2865 aliis
3521 2827 3676 2882 raro,

2020 2901 2078 2952 et
2098 2913 2228 2953 vere
2250 2902 2426 2970 atque
2447 2902 2733 2954 autumno
2752 2898 2948 2972 potius
2967 2916 3145 2971 quam
3169 2899 3362 2954 hieme
3374 2916 3439 2955 ac
3453 2904 3676 2957 testate.

2020 2986 2140 3042 Etsi
2165 2987 2421 3058 quadam
2445 2992 2665 3043 natura:
2687 2987 2815 3061 lege
2836 2988 2957 3044 haec
2979 2987 3329 3056 efﬁciantur,
3363 2989 3463 3044 sed
3497 2989 3676 3047 etiam

2021 3075 2122 3131 Dei
2153 3077 2453 3133 voluntate
2483 3081 2541 3134 et
2570 3077 2962 3151 providentia.
2982 3078 3492 3144 Quemadmodum
3519 3079 3678 3135 enim

2020 3182 2209 3237 neque
2263 3166 2459 3239 pluvia
2515 3183 2705 3240 neque
2766 3167 2883 3237 nix,
2943 3184 3132 3241 neque
3189 3167 3427 3240 glacies,
3486 3185 3680 3240 neque

2021 3254 2239 3311 fulmen
2267 3256 2490 3328 absque
2515 3257 2773 3314 nubibus
2803 3257 3101 3326 decidunt,
3139 3259 3240 3313 sed
3275 3257 3676 3315 mediantibus

244 3331 516 3421 κεραυνὸς
572 3343 917 3421 κατέρχεται,
981 3343 1057 3417 μὴ
1127 3337 1282 3407 ὄντος
1344 3344 1558 3420 νέφους,
1620 3340 1763 3398 ἀλλὰ
1825 3340 1911 3397 διὰ

2026 3344 2145 3400 illis
2204 3345 2466 3400 divinum
2529 3345 2847 3402 consilium
2906 3346 3228 3420 perficitur,
3280 3350 3343 3402 ut
3390 3347 3462 3403 ah
3506 3347 3674 3403 initio

246 3434 422 3507 μέσου
451 3432 648 3489 τούτου
689 3432 752 3488 τὸ
781 3431 833 3488 ἐν
886 3431 1104 3495 τούτοις
1151 3433 1293 3488 θεῖον
1354 3432 1682 3510 πρόσταγμα
1733 3431 1909 3487 τελεῖ-

243 3545 365 3594 ται,
396 3524 474 3587 ὡς
503 3523 747 3599 ἀρχῆθεν
782 3522 810 3577 ὁ
831 3523 1181 3598 Δημιουργὸς
1222 3519 1541 3595 εὐδόκησεν,
1574 3518 1747 3583 οὕτως
1785 3516 1911 3575 οὐδὲ

243 3614 274 3668 ὁ
309 3612 539 3685 σεισμὸς
562 3613 689 3667 ἄνευ
719 3610 895 3675 αἰτίας
942 3618 1175 3690 φυσικῆς
1221 3610 1315 3666 καὶ
1369 3609 1516 3677 θείας
1572 3609 1907 3687 βουλήσεως.

661 3738 726 3801 ς’.
761 3737 893 3812 Περὶ
922 3741 1184 3811 κομητῶν
1227 3737 1488 3814 ἀστᾶρων.

322 3854 388 3908 Oi
419 3849 479 3908 δὲ
525 3858 767 3924 κομῆται
810 3851 1073 3927 γίνονται,
1132 3853 1545 3927 ἀναθυμιάσεως
1593 3853 1759 3928 ὑγρᾶς
1782 3851 1908 3907 ἀνα-

243 3940 483 4018 χθείσης
539 3940 618 4003 εἷς
680 3941 745 3996 τὸ
802 3939 1141 4014 ὑπέκκαυμα,
1208 3941 1425 3997 κάκεῖσε
1480 3940 1908 4019 περιπλακείσης

253 4030 413 4107 μέρει
459 4029 568 4085 τινὶ
611 4033 708 4084 τοῦ
758 4028 928 4085 ἰκεῖσε
976 4030 1167 4105 πυρὸς,
1198 4032 1286 4086 καὶ
1343 4032 1508 4086 οἱονεὶ
1560 4037 1769 4108 τροφῆς
1818 4030 1910 4085 καὶ

258 4117 409 4188 ὕλης
438 4117 618 4190 τούτῳ
663 4116 1110 4194 χρηματισᾶσης.
1155 4120 1365 4175 Γίνεται
1415 4117 1473 4175 δὲ
1516 4124 1677 4175 τοῦτο
1727 4119 1909 4174 τὸτοῦ

244 4210 506 4280 κομήτου
538 4209 731 4282 σχῆμα
757 4212 1029 4276 τοιοῦτον,
1083 4209 1193 4263 οἷον
1242 4208 1386 4284 τύχῃ
1431 4208 1494 4263 τὸ
1522 4208 1909 4281 ἀναθυμιώμε-

243 4318 345 4354 νον
372 4295 865 4371 ἐσχηματισμένον.
925 4296 1047 4355 Elei
1098 4294 1155 4352 δὲ
1208 4295 1403 4374 σχεδὸν
1453 4297 1506 4352 οἱ
1549 4294 1774 4359 πλείους
1804 4316 1906 4374 φα-

244 4387 431 4448 νὲντες
458 4384 615 4460 τέρας
641 4387 904 4462 πονηρόν.

847 4511 909 4580 ζ’.
936 4510 1065 4587 Περὶ
1098 4510 1336 4586 ἀνεμων.

324 4625 537 4697 Διπλῆς
570 4623 758 4698 οὔσης,
811 4626 885 4689 ὡς
939 4625 1161 4705 ἔφαμεν,
1206 4635 1306 4697 τῆς
1351 4626 1789 4701 ἀναθυμιάσεως,
1816 4628 1905 4683 καὶ

2021 3433 2278 3490 Creatori
2329 3434 2526 3491 visum
2576 3440 2686 3505 est,
2742 3437 2827 3492 ita
2875 3452 3063 3509 neque
3112 3435 3321 3492 accidit
3351 3440 3518 3493 terra:
3550 3454 3673 3494 mo-

2019 3527 2117 3581 tus
2146 3523 2272 3580 sine
2301 3540 2480 3580 causa
2511 3523 2754 3598 physica
2784 3530 2840 3582 et
2872 3525 3068 3582 divina
3099 3524 3420 3583 voluntate.

2622 3740 2677 3795 6.
2710 3740 2784 3795 De
2814 3741 3059 3796 cometis.

2087 3859 2333 3912 Cometes
2364 3855 2514 3912 fiunt
2542 3870 2612 3911 ex
2639 3855 2955 3928 vaporibus
2985 3855 3046 3910 in
3078 3853 3457 3927 fuliginosam
3482 3857 3677 3911 mate-

2017 3947 2165 4002 riam
2202 3946 2484 4012 mutatis;
2541 3944 2641 4017 qui
2692 3944 2871 4015 hujus
2919 3944 3179 4000 materia
3231 3943 3384 4015 parti
3435 3944 3673 4000 cuidam

2018 4033 2301 4107 implicati
2333 4034 2523 4090 eidem
2555 4032 2905 4088 alimentum
2937 4037 2995 4089 et
3023 4032 3329 4089 materiam
3389 4032 3671 4104 praebent.

2016 4124 2115 4179 Est
2144 4126 2338 4178 autem
2372 4126 2614 4177 cometa:
2640 4122 2826 4177 forma
2857 4138 2960 4193 pro
2988 4137 3273 4194 vaporum
3320 4121 3671 4192 quantitate.

2016 4216 2168 4269 Sunt
2224 4217 2417 4267 autem
2480 4210 2765 4283 plerique,
2817 4227 2952 4267 cum
3012 4215 3317 4283 apparent,
3369 4210 3668 4265 funestum

2017 4300 2376 4374 prodigium.

2641 4515 2698 4571 7.
2728 4514 2805 4569 De
2830 4515 3032 4570 ventis.

2087 4631 2312 4704 Duplex
2341 4635 2451 4694 est,
2485 4634 2549 4687 ut
2578 4630 2857 4698 diximus,
2891 4628 3398 4697 exhalatio,altera
3429 4628 3669 4701 quidem

251 4724 372 4787 τῆς
408 4716 504 4790 μὶν
543 4717 726 4793 ὑγρᾶς,
756 4722 857 4786 τῆς
901 4704 1185 4794 δεξηρᾶς,
1237 4716 1296 4772 ἐκ
1342 4718 1435 4791 μὲν
1485 4723 1584 4786 τῆς
1634 4717 1795 4793 ὑγρᾶς
1825 4716 1906 4794 γί-

2024 4722 2287 4789 humida,
2311 4720 2495 4775 altera
2516 4723 2714 4775 autem
2737 4719 2909 4775 sicca.
2936 4720 3016 4774 Ex
3038 4718 3285 4774 humida
3308 4717 3462 4774 ﬁunt
3482 4717 3672 4773 imber

243 4826 435 4862 νονται
463 4807 528 4861 τά
556 4808 690 4886 νὲφη
723 4806 813 4860 καὶ
841 4807 905 4861 τὸ
958 4803 1129 4881 ὕδωρ,
1173 4806 1232 4862 ἐκ
1280 4804 1338 4862 δὶ
1388 4812 1487 4877 τῆς
1521 4806 1685 4880 ξηρὰς
1716 4807 1768 4862 οἱ
1799 4803 1908 4863 ἅνε-

247 4916 371 4970 μοι.
402 4893 521 4950 Εἰσὶ
553 4891 610 4950 δὲ
638 4886 728 4950 τδν
785 4894 1015 4970 ἀριθμὸν
1070 4895 1161 4972 ιβ’.
1195 4896 1287 4952 Ἐκ
1331 4895 1425 4968 μὲν
1458 4894 1562 4971 γὰρ
1583 4900 1680 4965 τῆς
1710 4895 1904 4969 ἱσημε-

247 4986 411 5058 ρινῆς
466 4978 741 5053 ἀνατολῆς
786 4988 906 5038 πνεῖ
984 4984 1012 5039 6
1080 4981 1447 5063 ἀφηλιώτηςο
1503 4982 1795 5057 ἰξεναντῖας
1849 4981 1907 5039 δὲ

242 5072 448 5140 τούτου
478 5071 620 5128 ἰστίν
644 5074 672 5128 6
720 5073 956 5151 Ζέφυρος
1006 5072 1057 5127 ἐν
1110 5077 1178 5147 τῇ
1224 5070 1372 5128 δύσει
1406 5090 1419 5103 ·
1474 5073 1579 5128 ἀπὸ
1610 5070 1667 5129 δὶ
1688 5080 1788 5143 τῆς
1820 5084 1904 5137 θε-

252 5154 414 5239 ιςῖινῆς
445 5161 713 5232 ἀνατολῆς
744 5163 773 5216 6
802 5160 1373 5234 Καικίας·ἐξεναντίας
1406 5159 1464 5217 δὶ
1491 5163 1688 5219 τούτου
1720 5162 1904 5218 ἐστὶνὸ

255 5251 442 5323 Ἰάπυξ
474 5271 487 5285 ·
519 5252 625 5308 ἀπὸ
651 5248 709 5308 δὶ
736 5257 836 5322 τῆς
875 5258 1224 5328 χειμερινῆς,
1252 5253 1280 5308 6
1305 5249 1480 5327 Εὖρος
1509 5250 1571 5308 οὗ
1612 5251 1846 5316 ἐναντίος
1875 5252 1903 5307 6

250 5341 364 5417 Λίψ
379 5361 391 5375 ο
420 5338 605 5398 ἀπὸδὲ
628 5362 763 5415 μεση
775 5334 972 5417 μϐρίας
992 5343 1021 5398 6
1051 5341 1226 5405 Νότος
1249 5361 1261 5375 ⁸
1282 5338 1460 5397 ἀπὸδὲ
1480 5340 1659 5419 Βορῥᾶ
1682 5342 1709 5397 ὀ
1731 5341 1903 5417 ἀπαρ-

242 5431 372 5495 κίας
407 5448 421 5462 ⁸
457 5429 618 5505 μίσος
648 5427 706 5486 δε
723 5423 821 5485 τοῦ
853 5429 1028 5486 Νότου
1048 5431 1138 5487 καὶ
1162 5435 1259 5486 τοῦ
1281 5427 1459 5507 Εὸρου
1490 5431 1631 5488 ἆστὶν
1663 5431 1902 5508 Εὐρύνο-

245 5532 347 5585 τος
367 5539 383 5554 ο
413 5520 503 5576 καὶ
538 5518 700 5595 μέσος
729 5519 959 5579 Καικίου
989 5521 1081 5576 καὶ
1130 5520 1431 5597 ἀπαρκτίου
1470 5522 1498 5577 ὁ
1526 5520 1735 5600 Βοῤῥᾶς
1765 5541 1777 5553 ·
1809 5518 1899 5576 καὶ

254 5610 422 5683 μέσος
447 5606 630 5679 Νότου¹
651 5608 740 5664 καὶ
770 5602 940 5672 Λιόὸς
980 5610 1010 5664 6
1038 5604 1336 5674 Λιϐόνοτος
1368 5629 1382 5643 ο
1414 5611 1501 5667 καὶ
1539 5608 1701 5686 μίσος
1731 5609 1903 5686 ἀπαρ-

249 5698 407 5755 κτίου
436 5698 529 5754 καὶ
560 5698 808 5777 Ἰάπυγος
840 5699 869 5753 6
900 5696 1190 5775 Θρασκίας.

2017 4816 2075 4869 et
2103 4828 2279 4883 aqua,
2311 4825 2341 4865 e
2370 4811 2528 4865 sicca
2557 4824 2691 4864 vero
2740 4806 2915 4862 venti.
2968 4808 3121 4862 Suut
3170 4812 3366 4863 autem
3424 4821 3669 4861 numero

2017 4899 2347 4958 duodecim.
2379 4901 2466 4953 Ex
2494 4894 2886 4968 equinoctiali
2910 4896 3133 4951 oriente
3164 4894 3352 4968 spirat
3398 4891 3667 4951 subsola-

2018 5006 2150 5046 nus.
2185 4988 2265 5044 Ex
2293 4986 2561 5060 opposito
2579 4990 2778 5042 autem
2808 4989 2899 5041 est
2927 4985 3219 5058 zephyrus
3251 4984 3311 5039 in
3342 4981 3662 5039 occidente.

2014 5083 2094 5134 Ex
2149 5077 2344 5133 aestivo
2399 5074 2621 5132 oriente
2685 5074 2875 5148 spirat
2941 5073 3188 5142 Caecias;
3243 5088 3314 5129 ex
3370 5071 3666 5128 contrario

2014 5172 2212 5225 autem
2241 5166 2449 5239 Iapyx;
2483 5181 2554 5220 ex
2582 5163 2831 5220 hiberno
2881 5163 3106 5220 oriente
3153 5163 3363 5229 Eurus,
3412 5159 3507 5216 cui
3557 5176 3665 5232 op-

2014 5258 2244 5330 positus
2286 5259 2378 5312 est
2421 5252 2672 5310 Africus.
2723 5254 2770 5308 Α
2820 5251 3065 5309 meridie
3114 5251 3335 5317 Notus;
3367 5266 3403 5306 a
3429 5252 3665 5321 septen-

2014 5346 2203 5403 trione
2232 5348 2442 5400 ventus
2490 5340 2984 5415 septentrionalis.
3030 5340 3257 5398 Medius
3287 5344 3484 5397 autem
3515 5338 3670 5395 inter

2013 5435 2228 5492 Notum
2257 5437 2314 5490 et
2342 5437 2562 5489 Eurum
2590 5436 2681 5489 est
2702 5432 3064 5502 Euronotus;
3098 5429 3330 5487 medius
3361 5443 3493 5485 vero
3515 5427 3668 5484 inter

2013 5524 2255 5581 Cinciam
2298 5527 2355 5580 et
2384 5520 2903 5594 septentrionalem
2937 5524 3177 5577 ventum
3215 5522 3306 5576 est
3331 5518 3580 5587 Boreas;
3609 5519 3667 5573 et

2015 5613 2245 5671 medius
2276 5613 2431 5669 inter
2450 5610 2666 5668 Notum
2696 5614 2754 5667 et
2796 5609 3065 5668 Africum
3112 5613 3204 5666 est
3250 5607 3664 5677 Africonotus;

2013 5708 2071 5761 et
2101 5703 2333 5761 medius
2361 5701 2517 5759 inter
2545 5704 2786 5759 ventum
2819 5698 3338 5774 septentrionalem
3364 5700 3421 5756 et
3450 5697 3663 5769 iapyga

2011 5796 2102 5852 est
2128 5792 2462 5851 Thrascias.
3666 5814 3674 5823 η
