4088 6350
388 366 506 427 ’195

1027 498 1079 552 8.
1116 499 1192 554 De
1222 498 1389 556 iride.

457 601 567 658 Iris
596 599 893 672 prepriam
938 597 1330 653 substantiam
1381 615 1495 655 non
1546 598 1742 667 habet,
1794 599 1893 654 sed
1947 602 2036 655 est

388 689 821 763 reprmsentatio
873 689 1160 759 quaedam.
1214 688 1359 743 Cum
1410 688 1564 744 enim
1608 689 1795 745 nubes
1827 705 2035 761 parvas

388 782 671 854 quasdam
732 778 913 832 rimas
969 777 1165 845 habet,
1227 783 1283 833 et
1350 778 1456 833 soli
1527 779 1887 846 adversatur,
1956 793 2036 832 re-

390 868 642 925 ﬂectitur
674 868 743 922 ad
778 867 961 922 solem
997 866 1156 923 visus
1189 872 1408 936 noster,
1441 872 1495 922 et
1536 868 1765 922 videtur
1814 867 2035 938 aliquid

390 957 589 1015 circuli
623 957 887 1013 foramen
935 957 995 1011 in
1045 958 1200 1012 nube
1249 974 1396 1012 esse.
1449 956 1791 1014 Aristoteles
1842 961 2035 1013 autem

388 1065 493 1121 per
520 1047 939 1120 geometricam
974 1048 1315 1103 methodum
1350 1047 1706 1103 demonstra]
1735 1064 1805 1103 ne
1854 1047 2038 1102 circu-

388 1138 511 1194 lum
545 1137 782 1210 quidem
815 1138 939 1193 ficri
971 1154 1075 1193 nec
1123 1138 1316 1208 majus
1364 1136 1733 1193 semicirculo
1778 1138 2039 1193 foramen

390 1245 542 1286 6880.

1046 1316 1101 1372 9.
1134 1316 1207 1372 De
1234 1332 1384 1372 area.

464 1411 616 1464 Area
636 1407 791 1463 circa
810 1407 1012 1462 lunam
1040 1410 1097 1462 et
1118 1406 1321 1476 solem,
1344 1406 1662 1478 aliquando
1683 1406 1857 1462 etiam
1891 1406 2044 1463 circa

392 1496 698 1554 stellarum
730 1496 1246 1568 splendidissimas
1296 1496 1601 1553 formatur.
1650 1498 1711 1552 Id
1763 1513 1831 1552 ex
1878 1496 2043 1553 visus

392 1587 705 1643 reflexione
731 1586 920 1642 oritur
950 1585 1048 1658 qui
1082 1586 1341 1658 undique
1373 1585 1646 1641 similiter
1676 1587 1829 1643 circa
1860 1586 2041 1643 solem

397 1682 455 1733 et
486 1676 683 1732 lunam
716 1676 1064 1745 reﬂectitur;
1100 1680 1163 1731 ut
1192 1693 1295 1748 per
1323 1676 1735 1749 geometricam
1794 1676 2039 1732 formam

404 1765 755 1823 ostenditur.

932 1856 1018 1911 10.
1053 1856 1127 1912 De
1155 1856 1276 1911 caeli
1302 1858 1511 1926 forma.

469 1944 691 2001 Caelum
726 1943 1079 2016 sphaericum
1115 1950 1224 2011 est,
1261 1949 1318 1999 et
1352 1945 1461 2000 hoc
1501 1948 1658 2015 patet
1692 1961 1760 2001 ex
1790 1961 1856 2002 eo
1885 1946 2039 2017 quod

403 2038 566 2091 astra
597 2051 710 2089 non
744 2033 999 2089 errantia
1028 2033 1239 2089 iisdem
1274 2033 1418 2089 locis
1458 2036 1757 2106 surgentia
1804 2039 1860 2090 et
1902 2035 2046 2091 occi-

404 2123 600 2179 dentia
628 2124 923 2191 videntur,
958 2128 1015 2178 et
1044 2123 1295 2179 horealis
1341 2123 1511 2195 polus
1557 2124 1839 2181 immotus
1889 2126 2044 2198 apud

402 2230 508 2270 nos
531 2229 762 2285 semper
784 2213 1234 2284 aspicitur,dum
1254 2218 1452 2269 contra
1473 2213 1751 2270 australis
1768 2220 2047 2287 perpetuo

400 2308 662 2376 tegatur;
699 2304 851 2375 quod
886 2320 1001 2358 non
1035 2302 1116 2358 ita
1146 2312 1299 2359 esset
1338 2304 1386 2359 si
1440 2304 1651 2360 cmlum
1701 2304 2046 2376 sphaericam

402 2393 650 2449 formam
686 2410 801 2449 non
836 2393 1151 2449 aﬂ'ectaret.
1187 2394 1391 2449 Omnis
1422 2395 1578 2449 enim
1613 2395 1862 2466 sphaera,
1913 2412 2046 2451 cum

400 2487 683 2550 movetur,
721 2483 834 2538 tria
866 2488 1082 2555 puncta
1110 2484 1441 2541 immobilia
1470 2486 1665 2555 habet,
1699 2490 1963 2542 centrum
1996 2494 2049 2544 et

399 2574 548 2629 duos
580 2572 766 2643 polos.
809 2572 937 2628 Haec
988 2590 1160 2645 porro
1212 2574 1399 2629 forma
1447 2573 1618 2646 plura
1665 2576 1821 2648 capit
1870 2594 2048 2649 quam

400 2678 477 2718 eae
512 2679 636 2735 quze
669 2663 942 2717 eumdem
974 2680 1039 2719 ac
1072 2663 1172 2720 illa
1203 2664 1494 2719 ambitum
1527 2664 1768 2734 habent,
1815 2670 1871 2721 et
1918 2667 2051 2723 aliis

402 2753 608 2809 formis
640 2754 951 2825 perfectior
980 2758 1089 2809 est.

1008 2870 1091 2923 11.
1126 2870 1199 2925 De
1237 2870 1461 2925 mundo.

475 2956 755 3012 Nonnulli
784 2955 1120 3028 philosophi
1154 2959 1375 3029 opinati
1427 2964 1567 3015 sunt
1611 2960 1876 3018 infinitos
1925 2979 2054 3020 esse

404 3048 657 3102 mundos
687 3050 743 3102 et
773 3046 831 3101 in
867 3046 1114 3117 singulis
1144 3053 1359 3103 terram
1386 3066 1514 3105 esse
1541 3056 1748 3105 nostra
1773 3052 2050 3121 similem,

407 3140 466 3193 et
496 3136 555 3192 in
588 3135 661 3191 iis
690 3136 880 3191 vivere
912 3135 1179 3192 homines
1211 3142 1267 3193 et
1298 3138 1595 3195 animalia.
1632 3141 1740 3195 Sed
1793 3143 2054 3199 nesciere

1731 365 2146 425 MlCHAELlS
2196 365 2465 425 PSELLI

2064 500 2117 565 A

3678 364 3797 422 796

2735 497 2805 568 η’.
2837 496 2965 573 Περὶ
3003 491 3209 571 ’ίριδος.

2212 596 2273 651 Ἦ
2304 595 2572 671 λεγομένη
2627 594 2734 668 ἴρις
2792 593 2929 650 ἰδίαν
2988 594 3276 650 ὑπόστασιν
3320 595 3421 649 οὐκ
3480 592 3623 670 ἔχει,
3670 590 3798 648 ἀλλ’

2144 684 2375 765 ἔμφασίς
2401 688 2484 749 τίς
2516 686 2625 742 ἐστι
2660 706 2672 718 ⁸
2704 691 2801 742 τοῦ
2850 686 2954 761 γὰρ
3004 686 3196 761 νὲςρους
3230 683 3425 758 μικράς
3465 706 3610 747 τινας
3655 682 3799 760 ῥανί-

2147 772 2240 837 δας
2272 775 2520 851 ἔχοντος,
2564 775 2652 831 καὶ
2711 775 3006 848 ἐξεναντίας
3050 774 3306 848 κειμένου
3359 778 3438 846 τῷ
3480 772 3655 847 ἡλίῳ,
3704 774 3799 828 ἆν-

2145 864 2476 922 τανακλᾶται
2518 867 2823 939 ἠὴμετέρα
2873 861 2997 939 ὄψις
3045 864 3181 940 πρὸς
3225 865 3316 919 τὸν
3363 862 3547 933 ἥλιον,
3590 863 3680 918 καὶ
3706 860 3796 918 δσ-

2146 961 2231 1010 κεῖ
2259 978 2308 1011 τι
2341 954 2548 1011 κύκλου
2594 963 2791 1031 τμῆμα
2840 954 2891 1010 ἐν
2940 958 3020 1026 τῷ
3067 953 3212 1032 νέφει
3266 954 3419 1009 εἶναι.
3452 954 3513 1011 Ὀ
3554 950 3612 1008 δὲ
3642 954 3797 1028 Ἀρι-

2150 1044 2413 1114 στοτέλης
2475 1044 2705 1100 δείκνυσι
2778 1043 2866 1099 διὰ
2941 1046 3324 1119 γεωμετρικῶν
3387 1039 3653 1115 μεθόδων,
3712 1041 3798 1095 ὅτι

2150 1132 2273 1191 οὔτε
2294 1134 2494 1198 κύκλος
2520 1135 2748 1211 γίνεται.
2802 1132 2928 1190 οῧττ
2984 1138 3168 1208 μεῖζον
3215 1131 3551 1207 ἡμικυκλίου
3580 1138 3801 1205 τμῆμα.

2780 1316 2842 1373 ϐ’.
2875 1312 3004 1389 Περὶ
3035 1310 3173 1371 ἅλω.

2219 1410 2283 1465 Ἡ
2335 1406 2393 1463 δὲ
2448 1405 2597 1470 ἄλως
2661 1406 2784 1482 περῖ
2858 1407 2958 1475 τήν
3031 1402 3265 1474 σελήνην
3323 1402 3414 1457 καὶ
3462 1402 3554 1456 τὸν
3612 1400 3796 1471 ἥλιον,

2153 1496 2322 1555 ἐνίοτε
2346 1498 2432 1553 καὶ
2484 1496 2607 1572 περὶ
2657 1495 2723 1550 τὰ
2779 1492 3006 1569 λαμπρὰ
3060 1497 3169 1549 τῶν
3220 1493 3429 1568 ἄστρων
3470 1491 3800 1546 συνίσταται.

2154 1588 2358 1644 Γίνεται
2420 1585 2476 1642 δὲ
2532 1587 2637 1641 ἀπὸ
2694 1583 3127 1645 ἀντανακλάσεως
3188 1590 3286 1652 τῆς
3339 1579 3536 1656 ὄψεως,
3596 1581 3802 1634 πάντο-

2156 1693 2238 1745 θεν
2274 1678 2480 1752 ὁμοίως
2531 1676 2921 1748 ἀνακλωμένης
2970 1672 3091 1747 περῖ
3124 1674 3216 1727 τὸν
3251 1671 3411 1742 ἥλιον
3444 1668 3480 1741 ἤ
3509 1670 3607 1740 τῆν
3642 1666 3806 1739 σελή-

2154 1791 2273 1840 νην,
2308 1770 2382 1832 ὡς
2415 1764 2501 1821 διὰ
2535 1768 2909 1842 γεωμετρικοῦ
2930 1764 3220 1839 σχήματος
3250 1759 3538 1817 δείκνυται.

2567 1856 2615 1909 ι’.
2650 1853 2778 1931 Περὶ
2805 1854 3096 1929 σχήματος
3124 1852 3378 1925 οὐρανοῦ.

2222 1949 2283 2005 Ὀ
2344 1946 2571 2022 οὐρανὸς
2628 1939 3003 2023 σφαιροειδὴς,
3062 1940 3151 1995 καὶ
3198 1944 3360 1996 τοῦτο
3420 1934 3591 2009 δῆλον
3640 1931 3699 1991 ἔκ
3745 1956 3807 1991 τι

2153 2037 2278 2103 τοὺς
2325 2035 2547 2112 ἀστέρας
2604 2033 2730 2095 τοὺς
2791 2031 3052 2094 ἀπλανεῖς
3106 2032 3327 2107 ὁρᾶσθαι
3385 2029 3491 2084 ἀπὸ
3546 2032 3654 2082 τῶν
3702 2025 3802 2081 αὖ·

2153 2133 2257 2184 τῶν
2286 2126 2467 2181 τόπων
2526 2121 2920 2183 ἀνατέλλοντας
2970 2121 3059 2175 καὶ
3111 2117 3386 2187 δῦνοντσς,
3432 2116 3522 2173 καὶ
3570 2116 3662 2172 τὸν
3709 2114 3807 2192 βό-

2157 2239 2297 2294 ρειον
2328 2214 2498 2270 πόλον
2533 2212 2783 2283 ἀκίνητον
2836 2212 3057 2287 ὁρᾶσοαι
3109 2209 3191 2264 ἀεὶ
3239 2209 3365 2283 παρ’
3407 2210 3595 2281 ἡμῶν,
3621 2207 3714 2262 τὸι
3750 2203 3810 2261 δὲ

2155 2292 2332 2363 νότιον
2366 2303 2739 2380 κρύπτεσθαι·
2794 2300 2925 2377 ὅπερ
2973 2300 3071 2355 οὑκ
3120 2296 3178 2353 ἂν
3239 2292 3566 2369 συνέϐαινεν,
3622 2296 3668 2351 εἱ
3728 2297 3808 2369 μὴ

2158 2391 2507 2473 σφαιροειδὴς
2567 2394 2633 2461 ἦν
2690 2389 2934 2466 οὐρανός.
3005 2392 3152 2446 Πᾶσα
3207 2388 3309 2465 γὰρ
3367 2391 3565 2465 σφαῖρα
3619 2405 3815 2473 κινουέ

2162 2472 2290 2558 μένη
2340 2482 2463 2559 τρία
2505 2480 2619 2557 ἔχει
2682 2485 2887 2553 σημεῖα
2935 2479 3184 2550 ἀκίνητα,
3236 2478 3298 2534 τό
3347 2498 3404 2531 τε
3449 2474 3669 2552 κέντρον
3720 2472 3813 2530 καὶ

2156 2572 2281 2635 τοῦς
2313 2571 2408 2628 δύο
2439 2569 2669 2633 πόλους.
2703 2572 2858 2626 Ἔστι
2909 2568 2966 2624 δὶ
3020 2568 3109 2623 καὶ
3161 2568 3224 2623 τὸ
3275 2571 3470 2643 σχῆμα
3512 2569 3677 2620 τοῦτο
3705 2568 3819 2619 τῶν

2158 2664 2594 2738 ἰσοπεριμέτρων
2652 2658 2800 2732 αὐτῷ
2877 2657 3180 2735 σχημάτων
3243 2654 3811 2733 πολυχωρητότερον,

2158 2753 2248 2808 καὶ
2277 2756 2383 2807 τῶν
2412 2749 2595 2806 ἄλλων
2627 2750 2939 2825 σχημάτων
2972 2745 3332 2824 τελειότερον.

2735 2868 2817 2923 ια’.
2851 2866 2982 2942 Περὶ
3012 2864 3244 2939 κόσμου.

2231 2959 2381 3021 Τινὲς
2439 2963 2544 3012 τῶν
2624 2956 2939 3035 φιλοσόφων
3020 2952 3271 3028 ἐδόξασαν
3347 2951 3601 3030 ἀπείρους
3675 2953 3817 3006 εἶναι

2161 3051 2427 3122 κόσμους,
2469 3048 2557 3103 καὶ
2617 3047 2668 3102 ἰν
2718 3045 2927 3118 ἑκάστῳ
2975 3051 3078 3121 γῆν
3138 3044 3333 3117 ὁμοίαν
3374 3041 3569 3116 ταύτῃ,
3600 3041 3692 3095 καῖ
3726 3040 3819 3094 ἂν·

2163 3139 2413 3214 θρώποος
2443 3137 2533 3191 καὶ
2584 3140 2709 3206 ζῶα.
2764 3136 3062 3209 ’[Ιγνόησαν
3118 3130 3175 3188 δὲ
3226 3134 3401 3202 οὗτοι,
3450 3132 3532 3188 ὅτι
3567 3130 3670 3186 οὐκ
3704 3127 3817 3184 ἔστι

404 3225 612 3281 divinae
645 3225 915 3296 potentiae
949 3242 1064 3280 non
1097 3242 1226 3282 esse
1257 3227 1547 3283 actionem
1579 3246 1742 3285 suam
1794 3231 2048 3288 dividere

2168 3228 2307 3292 θείας
2340 3225 2615 3299 δυνάμεως
2665 3226 2726 3279 τὸ
2777 3222 3002 3299 διαιρεῖν
3041 3225 3138 3293 τήν
3189 3222 3406 3292 ποίησιν
3451 3220 3542 3275 καὶ
3574 3219 3651 3282 εἷς
3683 3216 3825 3274 πολ-

403 3319 460 3371 et
487 3314 545 3369 in
576 3314 764 3370 multa
794 3314 1275 3387 distribuere,sed
1307 3322 1509 3373 contra
1534 3334 1661 3373 eam
1696 3320 1964 3392 colligere
1994 3326 2052 3378 et

404 3404 754 3461 coadunare.

479 3521 565 3576 12.
598 3522 737 3576 Num
766 3522 837 3577 sit
866 3520 1114 3647 munda;
1132 3522 1411 3649 aninttatus
1451 3531 1501 3579 et
1548 3524 1907 3582 Providentia
1950 3544 2052 3597 gu-

1119 3609 1251 3648 erna
1283 3611 1364 3649 us.

1119 3609 1364 3649 ernatus.

479 3691 658 3748 Graeci
690 3692 926 3763 quidem
963 3692 1222 3763 sphaerae
1273 3692 1536 3748 ocelestes
1584 3694 1876 3750 animatas
1925 3713 2052 3752 esse

405 3781 628 3855 opinati
665 3784 823 3847 sunt,
852 3780 1136 3836 addentes
1169 3780 1369 3836 stellas
1401 3798 1529 3837 esse
1560 3800 1794 3855 quoque
1825 3785 2053 3841 anima-

403 3872 525 3927 τας.
550 3870 611 3926 Si
644 3871 797 3925 enim
851 3887 1095 3941 corpora
1144 3871 1445 3926 terrestria
1492 3888 1608 3926 non
1655 3878 1796 3927 sunt
1844 3874 2053 3929 animai

403 3960 679 4032 expertia,
719 3965 936 4031 quanto
962 3958 1146 4029 magis
1176 3959 1452 4015 cmlestia.
1488 3961 1603 4017 Nos
1634 3978 1766 4018 vero
1800 3963 2054 4020 dicimus

404 4066 606 4105 eorum
638 4054 863 4104 motum
897 4064 1024 4103 esse
1057 4048 1582 4121 physicum,neque
1612 4050 2053 4108 vitalem.Vide-

408 4154 537 4194 mus
555 4138 709 4193 enim
732 4154 942 4209 corpus
961 4154 1076 4207 quo
1097 4137 1285 4208 magis
1308 4139 1542 4209 organis
1565 4139 1917 4196 instructum
1942 4147 2051 4211 est,

407 4243 471 4283 eo
496 4228 776 4297 majorem
800 4227 928 4281 vitae
953 4226 1306 4280 activitatem
1335 4227 1847 4285 habere.Nostrum
1874 4231 2056 4303 igitur

408 4332 623 4386 corpus
654 4315 891 4386 organis
924 4314 1189 4385 pluribus
1221 4315 1572 4371 instructum
1615 4323 1703 4373 est
1735 4336 1910 4390 quam
1944 4337 2053 4375 caa-

405 4409 665 4460 terorum
722 4403 1113 4459 animantium
1160 4421 1391 4475 corpus,
1454 4409 1950 4478 quemadmodum
2000 4415 2056 4467 et

411 4509 479 4549 ea
509 4492 720 4549 melius
744 4493 1122 4548 instruuntur
1153 4511 1331 4565 quam
1365 4495 1596 4567 plantaa.
1648 4499 1810 4564 Quod
1861 4505 2055 4557 autem

2164 3316 2234 3373 λὰ
2262 3317 2635 3389 κατατέμνειν,
2668 3311 2813 3368 ἀλλὰ
2842 3312 3099 3389 συνείρειν
3132 3311 3223 3366 καὶ
3256 3309 3474 3380 ἐνίζειν.

2166 3523 2259 3598 ιβ’.
2315 3520 2383 3578 Εἴ
2437 3517 2687 3595 ἔμψυχος
2757 3520 2784 3573 ὁ
2851 3516 3055 3590 κόσμος
3131 3516 3224 3571 καὶ
3280 3513 3512 3591 προνοίᾳ
3576 3510 3821 3568 διοικού-

2894 3611 3076 3663 μενος.

2233 3694 2299 3749 Οἱ
2354 3692 2446 3763 μὶν
2477 3688 2752 3760 Ἕλληνες
2795 3689 2891 3751 τὰς
2938 3687 3164 3763 σφαίρας
3209 3690 3305 3741 τοῦ
3359 3684 3591 3760 οὐρανοῦ
3642 3680 3821 3757 ἐμψύ-

2161 3802 2296 3857 χους
2328 3778 2599 3850 ἐδόξασαν,
2656 3779 2795 3853 πρὸς
2844 3777 2901 3833 δὲ
2945 3777 3037 3832 καὶ
3084 3776 3212 3837 τοὺς
3249 3777 3475 3848 ἀστέρας
3508 3772 3765 3847 λέγοντες
3804 3791 3819 3804 ·

2163 3874 2279 3927 εἶτα
2308 3869 2534 3932 ἐνταῦθα
2574 3866 2751 3942 γεώδη
2813 3868 3039 3939 σώματα
3085 3864 3189 3920 οὐκ
3245 3864 3541 3937 ήμοίρησε,
3572 3859 3726 3933 πόσῳ
3754 3880 3822 3934 γε

2168 3958 2378 4031 μᾶλλον
2406 3959 2473 4013 τὰ
2504 3956 2745 4031 οὐράνια.
2797 3958 2987 4028 Ἡμεῖς
3040 3953 3143 4028 [δὲ]
3200 3953 3452 4027 λὲγομεν,
3485 3952 3558 4011 ὡς
3586 3952 3619 4019 ἠ
3654 3950 3823 4023 κίνητ

2163 4070 2243 4111 σις
2301 4047 2507 4103 τούτων
2566 4048 2763 4124 φυσική
2825 4045 2934 4099 ἐστι
3010 4044 3103 4099 καὶ
3162 4042 3223 4097 οὐ
3284 4042 3518 4116 ψυχική.
3567 4040 3819 4111 Ὀρῶμεν

2162 4138 2287 4213 γὰρ,
2319 4137 2392 4199 ὠς
2442 4136 2553 4208 ὅσῳ
2602 4133 3037 4211 ἀργανικώτερόν
3084 4131 3195 4187 ἐστι
3244 4131 3298 4186 τὶ
3348 4134 3527 4203 σῶμα,
3570 4127 3823 4198 τοσούτῳ

2164 4226 2379 4303 δέχεται
2438 4226 2526 4281 καὶ
2577 4228 2670 4287 τὰς
2735 4224 3011 4298 ἐκεργείας
3050 4229 3152 4291 τῆς
3214 4224 3397 4296 ψυχῆς
3444 4220 3711 4281 πλείονας.
3744 4218 3825 4273 Τὸ

2163 4322 2293 4393 γοῦν
2325 4317 2589 4389 ἡμέτερόν
2641 4320 2799 4386 σῶμα
2852 4310 3286 4388 ὀργανικώτερόν
3334 4310 3444 4365 ἐστι
3484 4313 3593 4364 τῶν
3637 4309 3828 4379 σωμά-

2160 4428 2267 4463 των
2299 4411 2403 4461 τῶν
2456 4403 2665 4459 λοιπῶν
2728 4404 2904 4472 ζώων,
2960 4401 3142 4476 ὥσπερ
3204 4400 3384 4455 ἐκεῖνα
3438 4403 3545 4453 τῶν
3583 4400 3765 4474 φυτῶν
3809 4415 3825 4428 ⁵

2162 4499 2225 4552 τὸ
2257 4494 2314 4550 δὲ
2345 4491 2679 4569 σφαιροειδὲς
2735 4493 2908 4560 πάντη
2957 4489 3196 4557 ἁπλοῦν,
3256 4489 3394 4544 ὥστε
3450 4486 3539 4542 καὶ
3580 4483 3826 4559 ἄψυχον,

411 4589 499 4639 est
531 4582 1151 4656 sphaaricum,omnino
1184 4584 1435 4657 simplex
1466 4590 1555 4641 est
1584 4590 1640 4644 et
1664 4588 1781 4643 vita
1827 4605 2048 4658 carens,

411 4676 472 4696 --Α
511 4678 756 4696 ._.-..l.---_
788 4673 1064 4696 _1__-_1_

2168 4588 2256 4641 οἷα
2282 4584 2349 4640 τὰ
2376 4584 2607 4659 τέσσαρα
2629 4586 2898 4657 στοιχεῖα.

410 4676 476 4729 ut
506 4678 757 4746 quatuor
784 4673 1091 4729 elementa.

674 4790 761 4845 13.
792 4791 935 4846 Num
964 4792 1037 4845 sit
1064 4791 1300 4846 mundus
1330 4793 1793 4864 incarruplibilz‘s.

487 4907 830 4965 Aristoteles
862 4905 1097 4980 quidem
1148 4906 1426 4979 Opinatnr
1478 4909 1764 4964 mundum
1812 4926 1941 4967 esse
1984 4912 2055 4968 ab

409 5005 624 5058 mterno
656 5013 845 5069 neque
875 4998 1051 5052 finem
1083 4996 1628 5067 habiturum;Plato
1660 5004 1852 5055 autem
1886 5001 2053 5057 illum

409 5096 612 5147 natum
645 5106 774 5144 esse
804 5087 1007 5155 credit,
1044 5087 1143 5142 sed
1175 5092 1455 5143 mternum
1490 5089 1630 5144 fore.
1662 5089 1778 5145 Nos
1807 5107 1940 5146 vero
1972 5092 2054 5146 di-

407 5183 600 5237 cimus
632 5179 943 5243 mundum,
979 5192 1112 5232 cum
1147 5176 1223 5232 sit
1254 5194 1489 5250 corpus,
1522 5182 1578 5234 et
1621 5195 1795 5236 omne
1844 5197 2055 5252 corpus

409 5271 636 5326 ﬁnitam
664 5268 781 5324 vim
813 5266 1046 5335 habeat,
1082 5266 1310 5323 ﬁnitam
1339 5267 1453 5323 vim
1489 5273 1544 5325 et
1574 5268 1769 5341 ipsum
1820 5270 2053 5343 habere,

409 5360 563 5433 quod
596 5375 665 5416 ex
694 5357 1075 5429 sequentibus
1107 5361 1282 5428 patet.
1336 5362 1491 5413 Intra
1542 5358 1751 5431 viginti
1802 5366 2056 5431 quatuor

409 5449 584 5505 horas
614 5447 885 5514 volvitur,
916 5451 982 5502 ut
1014 5446 1071 5501 in
1125 5447 1390 5503 confesso
1440 5452 1550 5503 est.
1602 5448 1661 5504 Si
1712 5448 1893 5522 igitur
1931 5467 2052 5507 ma-

399 5538 589 5609 jorem
620 5538 738 5593 vim
768 5536 1031 5607 haberet,
1065 5536 1443 5608 paucioribus
1476 5537 1637 5595 horis
1686 5544 2049 5611 moveretur;

410 5627 491 5684 ita
520 5631 606 5696 ut,
638 5626 1136 5699 quemadmodum
1171 5626 1600 5701 magnitudine,
1632 5630 1717 5687 sic
1745 5634 1803 5688 et
1833 5630 1887 5689 vi
1934 5635 2055 5690 ter-

410 5717 689 5774 minetur.

2607 4788 2688 4864 ιγ’.
2720 4786 2784 4841 Ei
2817 4785 3084 4864 ἄφθαρτος
3111 4783 3137 4838 ὁ
3166 4783 3397 4857 κόσμος·

2232 4910 2289 4966 'O
2326 4908 2419 4979 μὲν
2480 4903 2868 4981 Ἀριστοτέλης
2910 4902 3116 4975 κόσμον
3167 4896 3375 4970 δοξάζει
3426 4891 3716 4973 ἀγὲννητόν
3750 4915 3825 4950 τε

2164 4998 2253 5055 καὶ
2303 4995 2571 5075 ἄφθαρτον
2608 5013 2619 5025 ·
2679 4994 2706 5047 ὁ
2754 4991 2810 5048 8t
2856 4989 3084 5049 Πλάτων
3134 4987 3391 5065 γεννητὸν
3443 4987 3563 5075 μὲν,
3612 4982 3829 5064 ἄφθαρ-

2163 5109 2255 5143 τον
2396 5088 2582 5159 Ἡμεῖς
2612 5080 2669 5138 δέ.
2725 5080 2979 5158 λέγιμεν,
3030 5080 3127 5148 ὡς,
3170 5077 3285 5133 luci
3346 5076 3506 5149 σῶμά
3539 5074 3675 5147 ἐστι,
3712 5080 3830 5129 πᾶν

2167 5174 2222 5231 δὲ
2254 5180 2411 5250 σῶμα
2468 5172 2883 5247 πεπερασμένην
2940 5165 3059 5244 ἔχει
3114 5168 3213 5236 τὴν
3266 5163 3520 5239 δύναμιν,
3560 5164 3619 5218 ἐκ
3645 5159 3835 5219 τῶνδε

2166 5264 2335 5336 δῆλον
2364 5285 2376 5297 ο
2410 5263 2834 5327 ἀποκαθίσταται
2883 5257 3353 5333 ὁμολογουμένως
3397 5251 3487 5310 διὰ
3529 5260 3629 5324 τῆς
3669 5254 3838 5324 κινή-

2166 5377 2298 5417 σεως
2330 5354 2380 5409 ἐν
2434 5353 2598 5429 ὥραις
2650 5350 2821 5407 εἷ’κοσι
2869 5347 3148 5423 τέσσαρσιν
3180 5367 3191 5380 ·
3247 5345 3293 5401 εἳ
3336 5348 3465 5421 γοῦν
3500 5346 3619 5419 εἶχε
3665 5339 3836 5397 δύνει-

2169 5468 2257 5522 μιν
2304 5444 2551 5514 πλείονα,
2596 5442 2649 5497 ἂν
2699 5439 3108 5517 ἐλαχιστοτέρῳ
3156 5439 3262 5513 (ἄν]
3305 5433 3531 5493 ἐκινείτο
3579 5452 3773 5522 ﬁtva
3811 5452 3832 5469 °

2165 5520 2321 5609 ὥστε,
2380 5546 2617 5609 καθαπερ
2663 5532 2995 5605 πεπερασται
3055 5527 3191 5585 κατὰ
3251 5527 3312 5582 τὸ
3370 5525 3616 5604 μᾶγιθος,
3667 5520 3827 5580 οὕτω

2162 5625 2250 5683 καὶ
2281 5624 2417 5684 κατὰ
2439 5626 2535 5695 τὴν
2570 5620 2815 5695 δύναμιν.
