4088 6350
326 424 440 484 79η

761 553 843 613 ιδ’.
876 555 943 615 El
972 557 1220 636 τράφε-παι
1252 558 1281 614 6
1310 556 1558 634 οὐρανός.

398 670 684 745 Ἔδόξασάν
750 693 911 743 τινες,
989 674 1274 751 τρέφεσθαι
1345 677 1439 730 τὸν
1496 675 1654 746 ἥλιον
1712 675 1801 732 καὶ
1853 677 1982 741 τοὺς

326 765 550 838 άστὲρας
580 764 686 818 ἀπὸ
713 768 820 818 τῶν
877 764 1262 840 ἁνερχομένων
1293 765 1534 838 ἁτμὲνων
1578 765 1680 819 ἀπὸ
1711 772 1809 836 τῆς
1855 774 1981 842 γῆς,

324 854 416 908 καὶ
447 855 523 914 ὡς
573 851 661 908 διὰ
709 857 870 908 τοῦτο
922 854 1021 922 τὴν
1074 851 1304 924 λόξωσιν
1347 860 1586 909 ποιεῖται
1620 856 1647 910 6
1678 854 1860 924 ἥλιος,
1893 853 1982 910 διὰ

325 943 389 997 τὸ
439 943 545 998 ἀπὸ
587 947 695 997 τῶν
753 944 937 1016 ἀτμῶν
989 944 1258 1021 ρὲρεσῦαι.
1289 948 1456 998 Τοῦτο
1512 941 1568 998 δὲ
1614 942 1808 1018 ψεῦδος
1842 944 1980 1020 πρό-

328 1030 523 1101 δηλον,
562 1030 693 1104 μήδ’
744 1035 1041 1102 ἀνασκευῂ
1085 1030 1368 1108 δεόμενον.
1423 1034 1578 1090 Μόνα
1623 1039 1749 1108 γοῦν
1798 1035 1981 1113 τρέφε-

321 1143 413 1176 ται
461 1122 529 1176 τὰ
575 1118 802 1196 ἔμψυχα
846 1123 1091 1196 σώματα·
1145 1124 1210 1178 τὰ
1261 1121 1316 1178 δὲ
1344 1130 1591 1199 στοιχεῖα
1646 1119 1977 1197 μεταϐάλλει

326 1209 405 1274 εἷς
452 1207 696 1280 ἃλληλα·
743 1211 812 1265 τὰ
859 1207 916 1266 δὶ
961 1211 1183 1286 οὐράνια
1227 1213 1452 1285 σώματα
1494 1212 1664 1285 μόνην
1693 1212 1788 1281 τήν
1820 1232 1976 1267 τοπι-

325 1298 429 1368 κὴν
478 1303 715 1354 ποιεῖται
766 1300 1006 1370 κίνησιν,
1052 1305 1160 1356 τῶν
1212 1299 1269 1356 δὲ
1299 1300 1509 1358 λοιπῶν
1560 1296 1688 1357 ὄντα
1715 1303 1979 1373 κινήσεων

327 1385 669 1445 ἆνεπίδεκτα.

785 1504 860 1560 ιε’.
887 1505 1025 1580 Περὶ
1049 1502 1248 1578 τάξεως
1280 1504 1512 1578 κόσμου.

395 1614 466 1666 ΤΞ)
513 1617 609 1668 τοῦ
669 1611 880 1687 κόσμου
933 1612 1226 1687 μεσότατόν
1276 1614 1416 1670 ἐστιν
1464 1617 1498 1685 ἡ
1550 1618 1645 1690 γῆ,
1676 1617 1766 1671 καὶ
1822 1615 1976 1692 λὲγε-

321 1722 412 1754 ται
443 1703 611 1757 κάτω·
663 1701 774 1758 ἄνω
829 1700 885 1758 δὶ
942 1703 1144 1774 ταύτης
1186 1706 1248 1759 τὸ
1298 1701 1444 1781 ὕδωρ
1489 1705 1622 1778 ἐστὶ,
1656 1705 1742 1761 καὶ
1782 1705 1976 1761 τούτου

324 1790 527 1855 ἄνωθεν
559 1792 586 1845 ὁ
620 1793 745 1866 ἀὴρ,
796 1796 892 1847 τοῦ
947 1790 1002 1848 δὲ
1049 1793 1205 1867 ἀέρος
1257 1794 1322 1849 τὸ
1367 1799 1497 1870 πῦρ·
1557 1799 1654 1850 τοῦ
1709 1792 1766 1850 δὲ
1809 1796 1978 1869 πυρὸς

325 1888 528 1944 ἄνωθεν
587 1891 621 1960 ἡ
682 1889 912 1961 σελήνη·
971 1897 1074 1961 τῆς
1133 1889 1191 1946 δὲ
1249 1891 1487 1962 σελήνης
1537 1895 1572 1946 ἢ
1629 1897 1726 1948 τοῦ
1772 1895 1976 1969 Ἐρμοῦ

324 1983 549 2053 σφαῖρα·
589 1979 790 2050 ταύτης
839 1976 896 2034 δὲ
943 1983 978 2050 ἡ
1028 1982 1125 2050 τῆς
1178 1978 1535 2059 Ἀφροδίτης,
1566 1983 1656 2036 καὶ
1706 1982 1909 2053 ταύτης
1939 1985 1972 2052 ἡ

321 2070 422 2120 τοῦ
477 2065 665 2135 ἡλίου·
728 2068 839 2122 εἶτα
885 2070 921 2138 ἡ
980 2073 1077 2124 τοῦ
1131 2071 1362 2144 Ἄρεως·
1415 2071 1528 2125 εἶτα
1581 2073 1618 2140 ἡ
1675 2075 1772 2126 τοῦ
1825 2070 1972 2134 Διός·

320 2155 415 2209 καὶ
476 2156 606 2231 ὑπὶρ
661 2156 863 2226 ταύτην
921 2161 956 2226 ἡ
1014 2162 1112 2213 τοῦ
1191 2161 1423 2235 Κρόνου·
1485 2158 1620 2237 ὖπὶρ
1679 2160 1881 2235 Κρόνον
1935 2163 1970 2230 ἠ

319 2248 430 2298 τῶν
491 2243 746 2301 ἀπλανῶν
801 2243 1011 2322 ἄστρων
1071 2254 1290 2326 σφαῖρα·
1343 2250 1432 2304 καὶ
1493 2251 1626 2325 ὑπὲρ
1682 2249 1883 2321 ταύτην
1935 2253 1969 2320 ἡ

321 2330 588 2409 ἄναστρος
639 2341 858 2412 σφαῖρα,
911 2339 946 2406 ἡ
1004 2336 1102 2400 τὰς
1150 2336 1350 2401 λοιπὰς
1405 2340 1578 2403 πάσας
1626 2345 1851 2395 κινοῦσα
1881 2341 1970 2395 ἀπ’

319 2421 592 2494 ἀνατολῆς
623 2424 699 2485 εἷς
728 2422 900 2494 δύσιν,

607 2541 691 2605 ις’.
720 2540 848 2616 Περὶ
875 2547 972 2612 τῆς
995 2545 1092 2597 τοῦ
1119 2541 1334 2617 κόσμου
1365 2541 1682 2620 ἐγκλίσεως.

404 2647 450 2704 ΙΙ
478 2651 576 2702 τοῦ
620 2646 832 2721 κόσμου
881 2647 1119 2724 ἔγκλισις
1163 2649 1224 2706 οὖ
1273 2658 1388 2707 κατ’
1427 2651 1584 2708 αὐτὸν
1630 2654 1720 2708 τὸν
1763 2653 1968 2726 κόσμον

315 2734 486 2805 ιστὶν,
519 2733 666 2791 ἀλλᾶ
711 2736 847 2812 πρὸς
895 2739 1062 2811 ἡμᾶς,
1097 2736 1186 2794 διὰ
1230 2740 1294 2795 τὸ
1345 2741 1421 2814 μὴ
1451 2742 1550 2810 τὴν
1583 2743 1849 2818 ἡμετέραν
1880 2739 1965 2796 οἷ’-

316 2845 478 2894 κησιν
514 2825 648 2879 εἶναι
685 2826 785 2880 ὑπὸ
814 2826 904 2881 τὸν
933 2826 1272 2903 ἰσημερινὸν,
1305 2827 1449 2885 ἀλλὰ
1475 2830 1610 2905 πρὸς
1657 2832 1735 2903 τῷ
1765 2832 1966 2906 βορείῳ

321 2911 498 2988 μέρει·
546 2913 636 2968 καὶ
683 2911 772 2969 διδ.
817 2916 978 2972 τοῦτο
1032 2919 1400 2993 ὑπιρήρτηται
1440 2920 1576 2994 πρὸς
1607 2922 1754 2992 ἡμᾶς
1809 2921 1836 2976 ὁ
1872 2921 1964 2996 βό-

319 3023 465 3078 ρειος
518 3001 715 3076 πόλος,
774 3004 1068 3080 κρύπτεται
1127 3004 1184 3062 δὲ
1225 3009 1253 3062 6
1298 3007 1495 3078 νότιος,
1527 3008 1615 3065 καὶ
1664 3012 1698 3079 ἡ
1746 3014 1842 3066 τοῦ
1873 3010 1962 3066 οὗ·

319 3095 484 3168 ρανοῦ
532 3090 746 3164 κίνησις
793 3095 856 3149 οὐ
902 3094 1146 3172 φαίνεται
1201 3097 1360 3169 ὀρθὴ,
1419 3097 1545 3154 ἀλλ’
1602 3098 1960 3174 ἐγκεκλιμὲνη

322 3181 460 3257 πρὸς
489 3181 667 3239 νότον.

463 3335 546 3403 ιζ’.
575 3335 707 3410 Hepl
744 3339 863 3407 τοῦ,
895 3333 952 3392 εἶ’
975 3334 1086 3392 ἐστι
1111 3338 1261 3393 κενὸν
1293 3337 1444 3404 ἐκτὸς
1475 3344 1572 3396 τοῦ
1601 3339 1833 3415 κόσμου.

385 3515 507 3571 Ὅτι
544 3515 637 3588 μὲν
694 3515 846 3571 κενὸν
901 3516 1002 3573 οὐκ
1055 3515 1196 3573 ἔστιν
1257 3518 1308 3574 ἐν
1366 3524 1445 3592 τῷ
1495 3520 1711 3595 κόσμῳ,
1762 3524 1965 3588 ἱκανῶς

314 3599 583 3659 δέδεικται
629 3605 996 3680 Ἀριστοτέλει
1054 3607 1108 3662 ὲν
1145 3612 1212 3682 τῇ
1267 3613 1480 3683 Φυσικῇ
1516 3611 1787 3685 ἀκροάσει·
1823 3610 1963 3668 ὲδεί-

311 3695 426 3768 χθη
484 3691 542 3748 δὲ
577 3696 705 3768 παρ’
751 3695 938 3768 αὐτοῦ,
973 3696 1046 3758 ὡς
1077 3694 1229 3753 οὐδὲν
1287 3697 1441 3761 ἰκτὸς
1470 3703 1566 3754 τοῦ
1595 3701 1808 3774 κόσμου
1851 3703 1962 3757 ἑστὶ

310 3780 487 3839 κενόν.
547 3783 853 3858 Ὁρίζονται
912 3782 969 3840 δὲ
1019 3785 1081 3840 τι)
1139 3788 1292 3841 κενὸν
1351 3788 1402 3842 οἱ
1443 3789 1603 3844 τοῦτο
1654 3787 1966 3861 δοξάζοντες

309 3871 482 3925 τόπον
542 3872 900 3949 δστερημὲνον
962 3875 1216 3948 σώματος
1249 3921 1264 3945 ,
1331 3874 1626 3951 δυνάμενον
1717 3877 1962 3951 δέξασθαι

313 3963 496 4032 σῶμα.
539 3962 606 4019 Εἴ
646 3967 774 4038 γοῦν
810 3963 942 4038 όπὶρ
987 3964 1082 4020 τὸν
1139 3965 1365 4041 οὐρανόν
1415 3967 1525 4022 ἐστι
1556 3969 1730 4039 κενὸν,
1785 3969 1958 4043 μάτην

311 4050 577 4124 παρήχθη
652 4051 798 4126 παρᾶ
877 4057 976 4108 τοῦ
1069 4057 1457 4130 Δημιουργοῦ,
1549 4055 1821 4130 μηδέποτε
1905 4060 1958 4115 ἓν

310 4137 464 4209 αὐτῷ
515 4140 766 4210 σώματος
799 4143 1117 4215 γενομένου·
1169 4141 1320 4199 οὐδὶν
1373 4144 1429 4200 δὲ
1477 4147 1504 4200 6
1553 4148 1700 4217 Θεὸς,
1757 4149 1879 4204 οὗτε
1922 4153 1956 4220 ἡ

311 4226 494 4303 φόσις,
573 4225 696 4283 οὔτε
771 4231 1041 4308 φρόνιμος
1113 4233 1248 4308 ἀνὴρ
1331 4235 1502 4306 μάτην
1576 4258 1626 4292 τι
1685 4243 1954 4294 ποιοῦσιν·

310 4315 662 4393 ἀποφαίνεται
705 4322 860 4392 γοῦν,
911 4321 984 4382 ὡς
1023 4319 1146 4376 οὔτε
1190 4321 1421 4398 πλῆρες,
1463 4321 1586 4379 οὕτε
1633 4327 1803 4395 κενὸν,
1837 4327 1960 4384 οὔτε

303 4404 480 4468 τόπος
535 4427 619 4468 τις
671 4405 772 4477 ἔξω
820 4412 917 4463 τοῦ
949 4408 1180 4486 οὐρανοῦ
1210 4414 1491 4489 τυγχάνει,
1525 4412 1650 4469 ἁλλ’
1697 4417 1725 4470 6
1764 4419 1960 4489 νοητὸς

301 4491 518 4570 κόσμος
533 4540 545 4554 .

438 4665 527 4735 ιη’.
561 4666 696 4723 Τίνα
727 4663 872 4738 δεξιὰ
903 4673 999 4724 τοῦ
1025 4671 1261 4743 κόσμου,
1290 4671 1381 4726 καὶ
1411 4672 1529 4727 τίνα
1559 4674 1828 4750 ἀριστερά.

384 4790 537 4862 Δεξιὰ
589 4788 847 4868 λέγονται
908 4794 1045 4870 μὲρη
1119 4800 1216 4850 τοῦ
1272 4797 1481 4872 κόσμου
1537 4799 1605 4853 τὰ
1661 4799 1957 4858 ἀνατολικὰ

306 4880 454 4954 μέρη
506 4883 604 4935 τοῦ
663 4881 914 4955 οὐρανοῦ,
959 4885 1212 4959 ἀριστερά
1270 4883 1328 4941 δὲ
1370 4888 1438 4942 τὰ
1484 4887 1654 4946 νότια.
1697 4890 1955 4964 Λὲγονται

301 4967 372 5025 δὲ
411 4966 554 5041 δεξιὰ
595 4970 664 5024 τὰ
713 4971 1008 5028 ἀνατολικὰ
1053 4974 1214 5048 μέρη,
1263 4975 1337 5038 ὡς
1388 4976 1585 5040 ἐκεῖθεν
1639 4978 1953 5054 ἀρχομένης

294 5064 410 5126 τῆς
463 5061 748 5129 κινήσεως.
809 5063 1011 5136 Ὥσπερ
1069 5063 1172 5139 γὰρ
1228 5063 1316 5118 ἐπὶ
1349 5069 1458 5120 τῶν
1515 5067 1670 5135 ζώων
1717 5068 1821 5122 ἀπὸ
1849 5073 1957 5123 τῶν

297 5146 497 5220 δεξιῶν
559 5152 737 5224 μερῶν
799 5148 1026 5226 ἄρχεται
1083 5154 1118 5220 ἡ
1179 5151 1410 5223 κίνησις·
1462 5155 1552 5209 τὸν
1602 5156 1705 5232 γὰρ
1750 5158 1956 5231 ἀριστε-

296 5236 402 5314 ρὸν
454 5241 670 5313 πρῶτον
701 5238 791 5294 ἐπὶ
811 5245 912 5308 τῆς
943 5243 1045 5315 γῆς
1091 5238 1410 5315 ἐρείδοντες,
1469 5244 1560 5298 τὸν
1594 5241 1762 5317 δεξιὸν
1795 5267 1956 5319 μετα-

292 5331 580 5400 κινοῦμιν·
613 5326 788 5390 οὕτως
824 5328 1080 5393 ὑπέθεντο
1124 5331 1214 5385 καὶ
1252 5332 1303 5386 οἱ
1349 5331 1578 5388 παλαιοὶ
1621 5335 1720 5402 τὴν
1773 5336 1952 5411 ἀρχὴν

289 5423 406 5484 τῆς
459 5416 596 5487 πρὸς
653 5419 802 5490 ἡμᾶς
858 5419 1125 5489 κινήσεως
1181 5419 1233 5474 ἓν
1293 5426 1411 5486 τοῖς
1481 5419 1676 5492 δεξιοῖς
1746 5425 1954 5497 μέρεσι.

288 5504 507 5589 Τούτου
567 5501 623 5560 δὲ
680 5504 1054 5574 ὐποτεθὲντος,
1083 5507 1322 5583 γίνονται
1373 5510 1439 5564 τὰ
1497 5510 1590 5584 μὶν
1651 5507 1760 5565 ἄνω
1813 5511 1949 5589 μέρη

289 5597 402 5650 τοῦ
431 5588 641 5666 κόσμου
671 5595 722 5649 ὲν
753 5598 832 5667 τῷ
879 5595 1044 5670 νοτίῳ
1070 5596 1249 5672 πόλῳ,
1279 5603 1361 5672 τῷ
1389 5600 1524 5672 ἡμῖν
1566 5601 1774 5677 ἀφανεῖ,
1800 5601 1866 5656 τὰ
1886 5588 1954 5659 δὲ

291 5685 452 5742 κάτω
491 5684 548 5739 ἰν
601 5689 680 5756 τῷ
731 5685 952 5761 βορείῳ,
984 5691 1061 5758 τῷ
1111 5689 1193 5742 ἀεὶ
1237 5690 1371 5762 ἡμῖν
1415 5694 1650 5767 φαβερῷ-
1684 5689 1758 5753 ὡς
1814 5690 1872 5746 ἂν
1905 5692 1954 5748 εἴ

288 5776 522 5844 venies-ie
550 5770 836 5848 ἄνθρωπον
881 5774 1210 5850 κεκλιμένην
1253 5779 1353 5847 τὴν
1391 5779 1484 5852 μὶν
1517 5781 1760 5858 κεφαλὴν
1791 5779 1952 5858 ἔχον-

1569 425 2059 490 SOLUTIONES
2105 427 2486 499 QUIEDA‘M.

2011 561 2064 627 Α

3620 431 3741 492 798

2485 562 2570 617 14.
2600 563 2741 619 Num
2769 563 3008 619 ηιαηιὴιε
3035 566 3345 620 nutriatur.

2165 677 2444 736 Nonnulli
2476 679 2698 752 opinati
2751 686 2892 737 sunt
2939 681 3154 737 nutrici
3189 681 3371 737 solem
3404 683 3460 736 et
3481 684 3638 736 astra
3675 697 3744 738 ex

2092 767 2164 822 iis
2197 785 2323 840 quae
2355 773 2565 824 eterra
2599 771 2946 838 ascendunt,
2996 777 3051 825 ct
3101 770 3230 825 ideo
3279 787 3383 842 per
3430 770 3737 842 obliquum

2090 858 2173 912 ire
2205 857 2411 926 solem,
2448 859 2586 930 quia
2630 859 3095 915 exhalationibus
3146 859 3348 914 fertur.
3397 859 3561 922 Quod
3611 875 3738 915 esse

2092 947 2302 1002 falsum
2336 954 2515 1020 patet,
2541 965 2728 1019 neque
2759 947 3258 1003 demonstratione
3299 965 3447 1019 opus
3467 953 3576 1004 est.
3609 948 3742 1004 Sola

2089 1036 2270 1108 igitur
2301 1039 2646 1093 nutriuntur
2685 1037 2945 1093 animata
2974 1053 3256 1109 corpora;
3289 1036 3577 1093 elementa
3607 1054 3740 1094 vero

2089 1126 2202 1180 alia
2236 1128 2292 1180 in
2353 1127 2466 1182 alia
2515 1131 2863 1195 transeunt;
2925 1127 3184 1182 cmlestia
3241 1132 3437 1182 autem
3495 1143 3740 1198 corpora

2087 1214 2330 1272 localem
2386 1223 2612 1272 motum
2663 1216 2883 1271 habent
2928 1215 3322 1287 solummodo,
3373 1215 3737 1288 aliorumque

2087 1310 2356 1362 motuum
2391 1323 2637 1379 prorsus
2669 1311 2808 1362 sunt
2836 1305 3153 1376 incapacia.

2574 1515 2659 1568 15.
2694 1515 2768 1568 De
2796 1513 2991 1569 ordine
3027 1515 3246 1570 mundi.

2154 1622 2334 1678 Terra
2366 1626 2452 1678 est
2479 1637 2606 1694 quae
2630 1621 2891 1677 medium
2917 1621 3122 1677 mundi
3147 1625 3327 1688 tenet,
3373 1623 3481 1678 etsi
3511 1622 3740 1680 dicatur

2084 1711 2235 1768 infra
2261 1729 2274 1780 ;
2308 1728 2490 1784 supra
2522 1717 2740 1767 terram
2769 1727 2903 1766 vero
2927 1715 3015 1767 est
3037 1727 3192 1783 aqua
3238 1714 3293 1766 et
3317 1727 3496 1783 supra
3518 1725 3734 1784 aquam

2084 1817 2214 1871 inor,
2247 1818 2431 1874 supra
2459 1817 2652 1857 aerem
2685 1817 2818 1857 vero
2837 1801 3012 1873 ignis.
3034 1801 3225 1872 Supra
3246 1801 3440 1873 ignem
3465 1806 3553 1858 est
3574 1801 3734 1860 luna.

2081 1895 2269 1964 Supra
2300 1891 2501 1948 lunam
2537 1896 2628 1948 est
2656 1891 2927 1947 Mercurii
2959 1891 3208 1963 sphera.
3241 1895 3429 1963 Supra
3460 1891 3617 1948 illam
3648 1897 3738 1949 est

2084 1982 2325 2037 Veneris
2353 1980 2548 2047 stella,
2581 1997 2761 2052 supra
2791 1997 2970 2052 quam
3003 1986 3092 2036 est
3123 1979 3228 2036 sol.
3272 1980 3488 2036 Deinde
3530 1981 3736 2038 Martis

2084 2070 2273 2139 stella,
2306 2074 2362 2126 et
2393 2070 2601 2126 deinde
2627 2070 2810 2137 Jovis,
2841 2074 2897 2126 et
2927 2086 3108 2141 supra
3136 2085 3263 2125 eam
3287 2069 3518 2125 Saturni
3540 2071 3731 2127 stella.

2083 2159 2274 2232 Supra
2301 2161 2617 2216 Saturnum
2652 2159 3050 2215 immobilium
3082 2158 3383 2214 stellarum
3406 2163 3506 2215 est
3543 2159 3734 2231 sphae-

2083 2267 2163 2304 ra.
2198 2250 2388 2322 Supra
2419 2263 2596 2320 quam
2631 2248 2857 2321 sphaera
2887 2253 2975 2305 est
3005 2248 3134 2303 sine
3155 2249 3352 2318 astris,
3377 2265 3502 2321 quae
3528 2265 3732 2306 omnes

2081 2338 2226 2396 alias
2261 2343 2454 2395 movet
2482 2338 2553 2394 ab
2585 2339 2807 2395 oriente
2840 2339 2900 2393 in
2932 2337 3314 2394 occidentem.

2473 2545 2558 2599 16.
2592 2545 2667 2600 De
2699 2543 3070 2601 inclinatione
3112 2542 3335 2599 mundi.

2149 2651 2350 2708 Mundi
2372 2650 2677 2708 inclinatio
2695 2667 2810 2706 non
2833 2651 2903 2706 ad
2924 2650 3118 2723 ipsum
3143 2649 3432 2705 mundum
3457 2647 3727 2722 pertinet,

2077 2743 2178 2797 sed
2211 2743 2282 2797 ad
2315 2758 2442 2812 nos,
2473 2758 2538 2797 eo
2570 2741 2725 2813 quod
2760 2746 2963 2796 nostra
3001 2740 3170 2796 sedes
3219 2755 3334 2794 non
3389 2739 3498 2795 sub
3548 2739 3728 2810 isqui-

2076 2831 2270 2888 noctio
2311 2836 2423 2897 est,
2471 2831 2569 2886 sed
2623 2829 2682 2884 in
2745 2833 2908 2901 parte
2961 2826 3424 2901 septentrionali.
3477 2827 3547 2882 Et
3596 2827 3726 2883 ideo

2076 2921 2267 2993 quoad
2301 2938 2408 2976 nos
2438 2918 2728 2976 attollitur
2750 2917 3002 2975 borealis
3033 2917 3224 2990 polus,
3259 2914 3546 2972 australis
3589 2932 3723 2973 vero

2073 3010 2310 3081 tegitur,
2345 3014 2402 3065 et
2431 3008 2559 3064 coeli
2591 3013 2789 3065 motus
2821 3025 2937 3065 non
2979 3012 3171 3064 rectus
3203 3009 3465 3078 apparet,
3497 3006 3598 3062 sed
3649 3005 3722 3062 ad

2074 3099 2380 3156 meridiem
2410 3097 2750 3155 inclinatus.

1994 3312 2036 3379 Ο
2075 3339 2160 3395 17.
2189 3339 2472 3407 Ωαίενίιιιι·
2490 3355 2622 3394 num
2641 3340 2711 3394 sit
2732 3337 3003 3412 quoddam
3035 3353 3263 3394 vacuum
3295 3336 3533 3408 spatium
3564 3340 3724 3392 extra.

2749 3410 3042 3465 mundum.

2142 3519 2268 3574 Non
2292 3534 2422 3574 esse
2448 3518 2506 3573 in
2532 3518 2752 3573 mundo
2792 3533 3043 3572 vacuum
3076 3516 3221 3572 satis
3253 3516 3723 3572 demonstratum

2071 3614 2161 3666 est
2192 3610 2346 3681 apud
2378 3607 2747 3664 Aristotelem
2778 3607 2834 3662 in
2873 3607 3132 3680 Physicis
3159 3607 3588 3678 quaestionibus
3619 3607 3728 3677 (re-

2072 3698 2494 3769 citationibus).
2534 3699 3003 3753 Demonstratum
3036 3701 3232 3750 autem
3265 3695 3338 3749 ab
3368 3711 3434 3750 eo
3461 3694 3726 3751 estnihil

2071 3790 2232 3842 extra
2263 3786 2551 3840 mundum
2585 3801 2837 3839 vacuum
2871 3801 3019 3840 esse.
3051 3784 3316 3839 Vacuum
3352 3788 3548 3837 autem
3581 3782 3725 3836 deﬁ-

2071 3875 2243 3930 niunt
2299 3873 2401 3947 qui
2459 3873 2604 3929 illud
2665 3890 2794 3930 esse
2851 3873 3176 3944 epinantur
3230 3870 3424 3927 locum
3484 3886 3726 3942 corpore

2070 3965 2383 4037 privatum,
2413 3963 2571 4036 quod
2605 3979 2818 4035 corpus
2851 3963 3116 4034 accipere
3165 3964 3378 4033 potest.
3430 3960 3490 4016 Si
3544 3960 3725 4032 igitur

2069 4069 2251 4126 supra
2301 4052 2592 4108 mundum
2651 4069 2904 4108 vacuum
2963 4051 3060 4120 sit,
3113 4051 3330 4106 frustra
3369 4067 3403 4104 a
3455 4051 3723 4105 Creatore

2069 4144 2419 4216 productum
2453 4146 2628 4207 esset,
2661 4140 2842 4197 nullis
2871 4140 3216 4212 corporibus
3238 4140 3294 4194 in
3315 4140 3444 4210 ipso
3463 4137 3718 4193 effectis:

2068 4233 2213 4290 nihil
2248 4249 2380 4288 vero
2410 4238 2586 4297 Deus,
2620 4247 2808 4303 neque
2839 4236 3067 4296 natura,
3101 4246 3286 4299 neque
3325 4229 3412 4283 vir
3462 4228 3721 4298 prudens

2067 4322 2126 4378 in
2158 4339 2374 4377 vanum
2407 4321 2604 4376 efﬁcit.
2635 4325 2798 4376 Patet
2816 4320 2998 4392 igitur
3030 4335 3219 4390 neque
3242 4317 3503 4390 plenum,
3529 4330 3716 4386 neque

2067 4429 2339 4482 vacuum,
2375 4427 2566 4484 neque
2598 4410 2784 4466 ullum
2819 4411 3059 4466 omnino
3093 4409 3286 4464 locum
3307 4413 3469 4463 extra
3501 4405 3713 4463 coelum

2067 4503 2364 4568 exsistere,
2398 4501 2499 4557 sed
2530 4500 2897 4572 spiritualem
2932 4499 3220 4554 mundum
3251 4514 3400 4554 esse.

1990 4689 2037 4754 ι)
2141 4674 2227 4729 18.
2260 4672 2411 4742 Quod
2438 4673 2512 4728 sit
2538 4669 2733 4727 mundi
2761 4670 3044 4738 dextrum,
3078 4677 3128 4726 et
3155 4668 3297 4742 quod
3323 4669 3634 4724 sinistrum.

2135 4798 2362 4855 Dextrae
2388 4796 2593 4852 mundi
2625 4799 2819 4869 partes
2841 4795 3120 4851 dicuntur
3142 4797 3334 4867 partes
3354 4793 3483 4850 ccin
3516 4793 3714 4850 orien-

2063 4888 2234 4960 tales,
2270 4887 2525 4944 sinistrae
2552 4902 2688 4942 vero
2715 4883 3149 4941 meridienales.
3184 4885 3407 4940 Dextrse
3457 4883 3714 4939 orienta-

2066 4976 2150 5032 les
2182 4978 2478 5041 dicuntur,
2529 4979 2811 5048 tanquam
2861 4975 2910 5029 si
2971 4974 3107 5029 inde
3156 4979 3352 5028 motus
3407 4972 3713 5043 inciperet.

2068 5065 2575 5130 Quemadmodum
2632 5063 2790 5118 enim
2840 5063 2996 5135 apud
3075 5061 3358 5118 animalia
3409 5079 3443 5117 a
3491 5061 3712 5117 dextris

2067 5162 2263 5212 motus
2303 5155 2510 5227 incipit
2561 5154 2886 5226 (sinistram
2945 5153 3105 5209 enim
3164 5157 3391 5225 partem
3449 5153 3510 5208 in
3556 5157 3714 5208 terra

2066 5249 2312 5320 ﬁgentes
2365 5245 2631 5300 dextram
2676 5244 3000 5315 movemus)
3058 5244 3140 5299 ila
3195 5249 3252 5299 et
3299 5241 3714 5315 suppone-bant

2063 5341 2283 5391 veteres
2317 5340 2510 5390 motus
2541 5335 2732 5405 quoad
2761 5350 2866 5389 nos
2898 5333 3135 5388 initium
3171 5333 3229 5387 in
3261 5332 3481 5388 dextris
3528 5331 3709 5404 parti-

2065 5428 2177 5482 bus
2210 5442 2359 5482 esse.
2393 5425 2513 5488 Quo
2548 5422 2873 5496 supposito,
2906 5424 3240 5496 superiores
3271 5423 3475 5478 mundi
3509 5425 3706 5494 partes

2063 5521 2204 5573 sunt
2234 5515 2295 5571 in
2329 5514 2459 5588 polo
2492 5513 2759 5581 australi,
2792 5514 2890 5587 qui
2925 5529 3160 5586 semper
3189 5512 3358 5569 nobis
3391 5510 3707 5568 invisibilis

2063 5611 2173 5675 est,
2205 5605 2508 5661 inferiores
2541 5619 2672 5659 vero
2702 5603 2761 5659 in
2811 5603 3053 5669 boreali,
3105 5603 3203 5675 qui
3255 5617 3488 5674 semper
3534 5600 3706 5658 nobis

2061 5699 2340 5769 apparet:
2374 5693 2614 5768 perinde
2645 5710 2711 5749 ac
2742 5693 2790 5749 si
2823 5693 3040 5766 cogites
3069 5692 3370 5750 hominem
3400 5695 3576 5766 caput
3633 5691 3705 5748 ad

2063 5787 2378 5846 australem
2412 5783 2613 5858 polum
2635 5782 3038 5860 inclinantem,
3057 5784 3237 5859 pedes
3254 5797 3389 5841 vero
3408 5784 3480 5840 ad
3495 5783 3709 5840 borea-
