4080 6350
355 378 472 439 799

1694 374 2115 437 MICHAELIS
2160 372 2427 433 PSELLl

3653 376 3777 438 800

353 513 495 569 lem.
535 511 735 566 Mundi
783 509 965 581 igitur
1019 509 1221 564 dextra
1276 509 1462 565 fertur
1518 509 1589 566 ab
1649 508 1871 566 oriente
1928 508 2000 563 ad

2128 526 2178 561 ca
2211 504 2348 580 πρὸς
2379 506 2457 578 τῷ
2504 502 2672 579 νοτίῳ
2722 504 2903 578 πόλῳ,
2934 503 3061 568 τοὺς
3093 502 3151 560 δὶ
3180 501 3350 569 πόδας
3390 506 3527 582 πρὸς
3564 511 3645 580 τῷ
3682 508 3781 584 βο-

357 601 719 659 oocidentem
731 642 745 657 .

695 778 779 832 19.
814 777 1079 845 Quaenam
1100 778 1171 832 sit
1199 776 1395 832 mundi
1422 777 1681 833 essentia.

424 866 771 923 Aristoteles
801 866 1041 938 quidem
1073 866 1347 938 quintum
1380 883 1591 938 corpus
1635 881 1763 921 esse
1794 863 2006 920 cmlum

354 957 515 1017 dicit.
548 961 604 1012 et
633 956 931 1011 diversum
963 976 993 1011 a
1029 961 1284 1027 quatuor
1335 955 1639 1011 elementis
1669 972 1680 1009 :
1734 954 1891 1025 quod
1943 969 2012 1007 ex

352 1048 480 1118 ejus
513 1050 677 1101 motu
712 1046 1102 1102 demonstrat.
1136 1045 1393 1108 Quorum
1437 1050 1635 1100 motus
1690 1041 2011 1099 dissimiles

352 1145 512 1205 sunt,
545 1152 747 1191 eorum
783 1151 1018 1206 quoque
1053 1133 1375 1189 dissimiles
1405 1139 1543 1188 sunt
1594 1138 1835 1189 naturae.
1890 1132 2010 1187 Dif-

356 1226 552 1282 ferunt
582 1229 780 1280 autem
811 1224 1239 1279 elementorum
1274 1228 1471 1279 motus
1502 1241 1535 1278 a
1566 1222 1827 1278 motibus
1859 1221 2009 1291 oculi,

356 1330 490 1371 cum
524 1313 623 1369 illa
653 1318 824 1382 ,recta
854 1316 1216 1381 moveantur,
1270 1311 1479 1367 coelum
1532 1328 1658 1367 vero
1708 1312 1767 1366 in
1812 1312 2010 1366 orbem

357 1407 603 1477 agatur;
640 1403 721 1457 ita
753 1406 815 1456 ut
845 1402 921 1457 sit
951 1402 1163 1456 coelum
1196 1399 1309 1456 alia
1339 1418 1404 1456 ac
1436 1401 1536 1456 illa
1569 1405 1797 1455 natura.
1858 1400 2010 1455 Con-

354 1498 447 1550 tra
478 1510 656 1565 quam
688 1491 1251 1548 demonstrationem
1281 1507 1598 1563 assurgens
1616 1490 2006 1562 Philoponus:

354 1583 516 1639 Eheu
542 1580 553 1637 l
581 1580 789 1653 inquit,
813 1580 1180 1647 Aristoteles,
1212 1580 1260 1635 si
1285 1598 1409 1651 quae
1427 1580 1684 1636 motibus
1710 1579 2009 1650 differunt,

354 1671 581 1728 naturis
614 1686 847 1743 quoque
882 1671 1180 1739 ditTerunt,
1215 1670 1529 1725 dicendum
1566 1686 1633 1725 ea
1664 1686 1794 1741 quae
1844 1667 2011 1724 moti-

352 1763 465 1819 bus
506 1764 647 1817 sunt
677 1760 915 1829 similia,
949 1760 1169 1816 similia
1200 1776 1435 1832 quoque
1466 1776 1595 1816 esse
1646 1760 1896 1815 naturis.
1944 1760 2011 1813 Et

355 1851 594 1924 quidem
624 1850 894 1905 videmus
951 1853 1165 1906 terram
1217 1848 1371 1906 infra
1422 1849 1641 1905 moveri
1699 1852 1757 1904 et
1794 1863 2010 1919 aquam

356 1939 662 2007 similiter;
687 1939 887 1994 eadem
914 1938 1093 2010 igitur
1120 1940 1431 1995 ambarum
1462 1944 1672 1995 natura
1697 1942 1804 1994 est.
1830 1939 1899 1993 Et
1920 1954 2020 1993 aer

355 2034 411 2087 et
432 2029 587 2101 ignis
603 2045 843 2084 sursum
860 2028 1155 2097 feruntur;
1181 2029 1411 2085 diVersa
1427 2034 1620 2084 tamen
1637 2032 2015 2083 suntnatura-

358 2118 519 2175 Plato
550 2124 746 2175 autem
795 2135 863 2174 ex
923 2122 1181 2189 quatuor
1235 2119 1545 2173 elementis
1602 2116 1817 2173 coelum
1865 2117 2017 2173 efﬁci

356 2208 575 2264 doeuit.
608 2206 871 2272 Proclus,
905 2225 1035 2263 cum
1072 2208 1169 2263 illo
1203 2209 1594 2276 consentiens,
1631 2207 1772 2263 dicit
1816 2207 2017 2280 ipsum

355 2300 555 2355 eﬂore
611 2298 1033 2353 elementorum
1095 2298 1388 2370 componi,
1446 2303 1503 2353 et
1561 2298 1619 2352 in
1680 2296 1820 2352 ecelo
1877 2314 1971 2353 ess

355 2388 551 2461 ignem
583 2392 641 2442 et
671 2392 897 2459 czctera,
932 2405 1047 2443 non
1101 2391 1163 2443 ut
1212 2392 1350 2444 sunt
1401 2388 1494 2444 hic
1551 2389 1607 2442 in
1663 2389 1851 2455 terris,
1913 2374 2017 2443 sed

355 2478 529 2533 modo
561 2476 802 2547 caelesti,
840 2483 902 2533 ut
935 2477 993 2532 in
1025 2482 1181 2534 terra
1214 2478 1363 2547 ignis
1396 2478 1568 2534 modo
1602 2476 1861 2533 terrestri
1903 2481 2014 2543 est;

359 2566 798 2624 Praevaluerunt
828 2572 1024 2622 autem
1078 2568 1611 2623 demonstrationes
1658 2582 1863 2622 eorum
1915 2548 2017 2638 qu1

363 2655 587 2729 opinati
620 2658 758 2711 sunt
789 2655 997 2711 cmlum
1032 2674 1099 2712 ex
1127 2656 1551 2713 elementorum
1586 2662 1719 2712 ﬂore
1783 2656 2015 2723 confici,

359 2750 416 2803 et
448 2743 769 2817 praesertim
800 2759 869 2799 ex
894 2744 1026 2817 igne
1058 2750 1115 2802 et
1144 2763 1295 2813 aere,
1325 2751 1529 2803 contra
1550 2763 1753 2803 eorum
1779 2746 2017 2801 demon-

362 2836 677 2892 strationes
711 2833 811 2905 qui
871 2834 1017 2891 illud
1070 2851 1199 2891 esse
1258 2836 1533 2908 quintum
1585 2852 1799 2908 corpus
1858 2849 2017 2890 asse-

358 2929 517 2982 runt.

655 3036 745 3090 20.
777 3041 854 3091 De
875 3035 1101 3091 circulis
1130 3035 1191 3089 in
1220 3033 1351 3088 caelo
1381 3034 1718 3103 exragitatis.

427 3129 490 3180 In
524 3123 674 3179 caelo
704 3125 859 3195 quod
910 3122 1256 3194 sphzericum
1303 3126 1391 3177 est
1437 3126 1556 3176 tres
1607 3121 2013 3193 excogitantur

356 3214 570 3270 diversi
606 3214 831 3281 circuli,
856 3211 1298 3283 aequinoctialis,
1328 3210 1708 3275 meridianus,
1741 3210 2003 3264 horizon.

358 3302 803 3374 [Equinoctialis
837 3302 932 3357 ille
964 3306 1053 3357 est
1086 3300 1185 3373 qui
1218 3300 1421 3355 dividit
1449 3299 1656 3355 calum
1684 3303 1756 3353 ab
1786 3299 2007 3354 oriente

358 3394 425 3448 ad
462 3392 862 3459 occidentem;
897 3390 1255 3447 meridianus
1285 3388 1380 3444 ille
1412 3394 1500 3446 est
1532 3388 1631 3460 qui
1681 3387 1893 3444 coelum
1947 3388 2005 3443 in

358 3482 507 3537 duas
539 3486 729 3551 partes
759 3480 968 3535 dividit
1017 3499 1049 3535 a
1098 3479 1493 3550 septentrione
1542 3480 1613 3533 ad
1662 3479 2003 3547 meridiem;

357 3570 596 3625 horizon
626 3573 820 3625 autem
850 3568 949 3625 ille
977 3574 1067 3625 est
1093 3569 1190 3639 qui
1224 3568 1426 3622 dividit
1460 3568 1829 3623 dimidiatam
1880 3584 2007 3640 quas

356 3676 532 3731 super
562 3664 777 3714 terram
811 3663 901 3713 est
932 3659 1225 3729 sphmram
1258 3658 1331 3713 ab
1379 3674 1447 3712 ea
1496 3675 1621 3728 quas
1671 3661 1759 3711 est
1808 3658 2010 3713 subter

356 3754 594 3804 terram.
632 3748 1040 3818 Exeogitantur
1069 3763 1303 3817 quoque
1334 3747 1658 3801 secundum
1716 3746 2005 3805 aestivum.

356 3842 415 3895 et
443 3837 757 3892 hibernum
796 3834 1125 3892 solstitium
1161 3835 1277 3889 duo
1310 3833 1513 3888 circuli
1547 3835 1645 3904 qui
1679 3834 1822 3889 solis
1861 3834 2003 3889 obli-

358 3925 637 3997 quitatem
674 3924 1088 3981 determinant.
1126 3938 1303 3991 super
1333 3920 1464 3976 illos
1485 3937 1617 3975 vero
1646 3921 1761 3976 duo
1782 3922 2007 3987 circuli,

359 4013 612 4069 arcticus
643 4016 701 4067 et
733 4011 1113 4066 antarcticus.
1145 4010 1445 4080 Suppositi
1478 4014 1673 4063 autem
1706 4015 1846 4065 sunt
1874 4010 1916 4064 ii
1948 4015 2012 4065 ut

359 4106 664 4175 separetur
693 4118 839 4155 zona
868 4104 1192 4171 temperata
1222 4098 1293 4152 ab
1325 4114 1392 4153 ea
1423 4114 1551 4168 qua)
1570 4104 1805 4170 propter
1827 4099 2011 4171 frigus

361 4196 451 4249 est
478 4189 909 4247 inhabitabilis.

804 4296 895 4348 21.
931 4296 1003 4349 De
1028 4298 1307 4349 astrorum
1336 4300 1565 4348 natura.

435 4388 744 4440 Astrorum
802 4387 1016 4438 natura
1074 4386 1163 4437 est
1217 4382 1389 4453 ignea
1445 4386 1503 4437 et
1557 4380 1729 4447 aeria,
1791 4387 2014 4439 naturas

362 4479 563 4531 tamen
623 4472 807 4545 igneas
858 4471 1045 4543 magis
1093 4470 1384 4543 particeps
1433 4486 1606 4542 quam
1659 4472 1845 4527 aeriae.
1897 4474 2013 4529 Coe-

366 4565 541 4620 lestes
574 4562 809 4635 quidem
843 4561 1082 4634 sphaerre
1116 4560 1307 4631 magis
1352 4560 1517 4615 aeria:
1568 4564 1787 4616 natura:
1834 4580 2009 4634 quam

2122 592 2271 667 ρείῳ·
2306 590 2451 649 ἔσται
2485 592 2575 649 οὗν
2604 596 2638 664 ἡ
2672 591 2814 666 δεξιὰ
2858 594 3022 649 αὐτοῦ
3072 594 3347 671 φερομένη
3380 594 3472 651 ἀπ’
3501 594 3776 663 ἀνατολῆς

2121 682 2197 745 ὦς
2229 682 2313 737 ἐπὶ
2349 680 2521 740 δύσιν.

2504 774 2587 829 ιϐ’.
2618 772 2712 835 Τίς
2744 775 2777 843 ἡ
2809 777 2904 829 τοῦ
2936 773 3168 849 ούρανοῦ
3200 772 3377 831 ούσία.

2190 863 2251 919 Ὀ
2284 864 2379 935 μὲν
2429 862 2817 939 Ἀριστοτέλης
2855 864 3103 937 πέμπτον
3151 868 3310 937 σῶμα
3360 864 3495 939 φησὶ
3538 864 3630 920 τὸν
3681 865 3775 920 ού-

2123 951 2279 1027 ρανὸν
2328 952 2412 1006 καὶ
2465 948 2646 1026 ἕτερον
2702 956 2808 1008 τῶν
2855 952 3124 1029 τεσσάρων
3183 952 3493 1029 στοιχείωνο
3550 951 3772 1010 ἀποδει-

2118 1041 2291 1097 κνύων
2340 1042 2497 1096 10510
2531 1041 2589 1097 ἑκ
2624 1048 2724 1112 τῆς
2772 1044 3037 1113 κινήσεως
3067 1041 3275 1107 οὕτως.-
3300 1044 3397 1098 Ὧν
3440 1044 3495 1098 αἱ
3530 1046 3775 1115 κινήσεις

2122 1128 2373 1206 διάφοροι
2432 1128 2680 1209 διάφοροι
2726 1130 2815 1187 καῖ
2862 1132 2915 1186 αἱ
2967 1131 3169 1211 φύσεις.
3222 1132 3550 1210 Διαφέρουσι
3613 1132 3669 1190 δὲ
3718 1135 3775 1189 αἱ

2118 1224 2223 1276 τῶν
2274 1222 2564 1297 στοιχείων
2613 1224 2855 1292 κινήσεις
2903 1222 3039 1297 πρὸς
3086 1223 3183 1291 τὴν
3221 1226 3318 1277 τοῦ
3351 1222 3588 1297 ούρανοῦ
3617 1223 3779 1296 κίνη-

2121 1332 2226 1382 σιν,
2258 1315 2364 1366 τῶν
2420 1312 2514 1385 μὲν
2559 1314 2673 1367 κατ’
2728 1312 2937 1375 εὐθεῖαν
2990 1312 3349 1386 κινουμένων,
3380 1316 3487 1367 τῶν
3529 1310 3587 1368 δὲ
3618 1312 3781 1386 ούρα-

2119 1404 2214 1455 νοῦ
2270 1399 2459 1474 κύκλῳ
2494 1420 2507 1434 ο
2565 1399 2703 1457 ὥστε
2757 1401 2963 1457 τούτων
3028 1400 3168 1457 ἐστὶν
3231 1400 3579 1481 ἑτερόρυλος.
3640 1405 3784 1479 Πρὸς

2118 1488 2319 1559 ταύτην
2345 1501 2445 1560 την
2494 1488 2766 1562 ἀπόδειξιν
2818 1490 3172 1565 ἐνιστάμενος
3205 1492 3233 1546 6
3275 1490 3613 1561 Φιλόπονος,
3647 1491 3778 1562 Ἰοὺ,

2122 1582 2305 1657 φησιν,
2339 1580 2382 1635 ὦ
2414 1577 2790 1657 Ἀριστότελες
2846 1580 2889 1635 εἰ
2914 1581 2990 1635 ὧν
3022 1580 3074 1636 αἱ
3107 1582 3343 1651 κινήσεις
3367 1578 3640 1658 διάοοροι,
3664 1579 3783 1637 διά-

2123 1690 2281 1748 φοροι
2330 1671 2418 1724 καὶ
2464 1671 2517 1724 αἱ
2568 1671 2773 1749 φύσεις,
2829 1669 3047 1742 λοιπὸν,
3097 1668 3171 1725 ὧν
3226 1672 3467 1742 κινήσεις
3512 1671 3565 1726 αἱ
3598 1671 3778 1745 αὐταὶ,

2120 1760 2209 1815 καὶ
2238 1759 2420 1837 φύσεις
2480 1760 2533 1814 αἱ
2579 1759 2753 1815 αύταί.
2790 1761 2886 1814 Καὶ
2951 1761 3056 1835 μὴν
3117 1760 3332 1836 ὁρῶμεν
3376 1761 3477 1829 τὴν
3525 1768 3625 1832 τῆς
3669 1768 3777 1837 γῆς

2120 1848 2333 1920 κῖνησιν
2388 1848 2473 1904 ἐπὶ
2505 1849 2572 1904 τὰ
2620 1847 2788 1917 κάτω,
2838 1848 2927 1904 καὶ
2980 1853 3076 1905 τοῦ
3125 1845 3318 1912 ὕδατος
3366 1848 3595 1925 ὁμοίως·
3638 1848 3780 1905 ὥστε

2131 1938 2228 2011 μία
2286 1938 2439 2017 φύσις
2491 1940 2715 2014 ἀμφοῖν.
2769 1938 2869 1997 Καὶ
2920 1940 2946 1994 ὁ
2990 1939 3095 2015 ἀὴρ
3153 1938 3242 1993 καὶ
3298 1939 3359 1994 τὸ
3412 1943 3519 2016 πῦρ
3564 1940 3778 2014 ἀνωφε-

2129 2035 2196 2105 ρῆ
2261 2029 2396 2101 μὲν,
2451 2023 2604 2104 ἕτερα
2664 2027 2719 2083 δὲ
2774 2030 2871 2097 τὴν
2929 2030 3083 2106 φύσιν
3141 2028 3297 2084 εἰσίν.
3365 2030 3420 2084 Ὀ
3481 2027 3537 2084 δὲ
3593 2027 3777 2086 Πλα-

2126 2138 2233 2174 των
2269 2116 2327 2173 ἐκ
2353 2123 2460 2173 τῶν
2514 2120 2784 2194 τεσσάρων
2834 2116 3123 2193 στοιχείων
3174 2121 3485 2193 συγκεῖσθαι
3520 2118 3583 2174 τὸ
3612 2117 3780 2193 ούρὰ-

2128 2230 2243 2265 νιον
2296 2213 2454 2281 σῶμα
2503 2209 2834 2286 ἀπεφήνατο.
2867 2210 2927 2265 Ὀ
2980 2205 3036 2262 δὲ
3085 2207 3355 2283 Πρόκλος,
3386 2208 3562 2281 τούτῳ
3611 2230 3781 2279 συνηο

2130 2304 2329 2373 γορῶν,
2384 2297 2568 2376 φησὶν,
2620 2297 2679 2353 ἐκ
2726 2302 2820 2352 τοῦ
2872 2296 3065 2362 ἄνθους
3115 2297 3274 2353 αὐτὸν
3332 2299 3637 2374 συγκεῖσθαι
3668 2302 3779 2353 τῶν

2129 2387 2439 2462 στοιχείων,
2470 2392 2562 2441 καῖ
2612 2386 2694 2441 δτι
2744 2384 2882 2441 ἔστιν
2936 2385 2985 2441 ἐν
3020 2391 3097 2459 τῷ
3126 2386 3342 2462 ούρανῷ
3372 2391 3477 2463 πῦρ
3507 2408 3564 2442 τε
3596 2387 3683 2441 καὶ
3712 2386 3787 2441 τὰ

2132 2476 2317 2545 λοιπὰ,
2348 2477 2453 2553 οὐχ
2486 2476 2571 2530 οἷά
2618 2477 2746 2531 εἰσιν
2800 2475 3044 2546 ἐνταῦθα,
3093 2474 3220 2531 ἀλλ’
3270 2474 3563 2550 οὐρανίως,
3596 2475 3783 2554 ὥσπερ

2129 2566 2179 2622 έν
2231 2572 2299 2641 τῇ
2348 2571 2416 2642 γῇ
2460 2568 2522 2622 τὸ
2570 2571 2675 2643 πῦρ
2724 2565 2957 2641 γηίνως.
3010 2565 3401 2643 ’Υπερίσχυσαν
3451 2563 3507 2621 δὲ
3555 2566 3607 2621 αἱ
3640 2566 3785 2620 ἀπο-

2129 2654 2317 2728 δείξεις
2368 2661 2472 2711 τῶν
2522 2653 2855 2726 δοξαζόντων
2903 2657 2993 2710 τὸν
3042 2655 3267 2729 οὐρανὸν
3322 2655 3381 2710 ἐκ
3434 2660 3531 2710 τοῦ
3590 2654 3785 2718 ἄνθους

2125 2751 2233 2801 τῶν
2277 2746 2561 2823 στοιχείων
2613 2747 2987 2820 [συγκεῖσθαι],
3032 2744 3120 2799 καὶ
3175 2743 3413 2819 μάλιστα
3464 2748 3559 2800 τοῦ
3605 2746 3784 2821 πυρὸς

2126 2837 2213 2891 καὶ
2291 2840 2387 2891 τοῦ
2468 2834 2644 2910 ἀέρος,
2720 2839 2825 2890 τῶν
2902 2832 3235 2906 δοξασάντων
3314 2834 3474 2890 αὐτὸν
3527 2834 3779 2909 πέμπτον

2127 2930 2303 2999 σῶμα.

2253 3034 2317 3090 κ’.
2352 3033 2480 3107 Περὶ
2504 3037 2611 3087 τῶν
2648 3030 2697 3087 ἐν
2729 3036 2808 3104 τῷ
2842 3031 3058 3104 ούρανῷ
3088 3032 3365 3104 νουμένων
3397 3031 3637 3087 κύκλων.

2194 3124 2281 3180 Ἐν
2333 3128 2410 3195 τῷ
2459 3121 2691 3198 οὐρανῷ,
2742 3118 3078 3200 σφαιροειδεῖ
3126 3116 3260 3191 ὄντι,
3292 3119 3487 3176 κύκλοι
3518 3118 3778 3177 νοοῦνται

2121 3210 2370 3290 διάφοροι
2419 3217 2586 3287 τρεῖς,
2634 3212 2659 3265 6
2712 3210 3053 3287 ἰσημερινὸς,
3086 3213 3113 3264 ὁ
3160 3205 3561 3283 μεσημϐρινὸς,
3595 3212 3621 3265 ὁ
3650 3208 3780 3285 ὁρί-

2122 3307 2247 3372 ζων,
2296 3304 2449 3355 Ἔστι
2483 3298 2539 3355 δὲ
2583 3302 2610 3354 6
2662 3300 2980 3374 ἰσημερινὸς
3030 3301 3056 3353 6
3090 3296 3221 3375 δίχα
3272 3296 3495 3375 διαιρων
3542 3299 3633 3355 τὸν
3681 3298 3782 3355 οὗ-

2117 3392 2275 3468 ρανὸν
2326 3390 2431 3444 ἀπὸ
2479 3388 2750 3459 ἀνατολῆς
2800 3387 2929 3463 ἄχρι
2983 3386 3205 3451 δύσεως’
3244 3383 3621 3464 μεσημϐρινὸς
3655 3387 3713 3444 δὶ
3744 3391 3779 3445 6

2117 3479 2248 3557 δίχα
2295 3478 2517 3555 διαιρῶν
2560 3484 2749 3534 τοῦτον
2793 3479 2898 3533 ἀπὸ
2951 3483 3046 3533 τοῦ
3100 3476 3300 3554 ἄρκτου
3364 3482 3529 3554 μέχρι
3580 3478 3776 3534 νότου·

2117 3570 2313 3645 ὁρίζων
2348 3568 2405 3625 δὶ
2455 3572 2483 3625 6
2532 3568 2755 3645 διαιρῶν
2810 3570 2874 3624 τὸ
2938 3570 3071 3645 ὑπὲρ
3130 3576 3232 3645 γῆν
3283 3568 3640 3647 ἡμισφαίριον
3665 3569 3780 3625 ἀπὸ

2114 3665 2210 3715 τοῦ
2248 3660 2349 3714 ὑπὸ
2396 3666 2517 3734 γῆν.
2564 3662 2828 3716 Νοοῦνται
2880 3656 2936 3713 δὶ
2982 3656 3121 3713 κατᾶ
3168 3679 3227 3713 τε
3268 3660 3366 3726 τήν
3402 3660 3611 3733 Θερινὴν
3644 3678 3782 3733 τρο-

2114 3752 2222 3819 πὴν
2275 3749 2361 3803 καὶ
2411 3750 2511 3817 τὴν
2548 3749 2870 3824 χειμερινὴν
2929 3745 3026 3803 δύο
3086 3746 3283 3803 κύκλοι
3344 3747 3613 3822 ὁρίζοντες
3669 3750 3781 3817 τὴν

2116 3843 2211 3894 τοῦ
2241 3836 2407 3909 ἡλίου
2454 3836 2703 3907 λόξωσιν·
2740 3837 2869 3910 ὑπὲρ
2923 3834 2981 3891 δὲ
3029 3836 3256 3899 τούτους
3307 3832 3481 3910 ἕτεροι
3532 3833 3626 3891 δύο
3673 3837 3780 3891 κύ-

2116 3927 2266 3997 κλοι,
2312 3927 2341 3983 6'
2386 3949 2444 3982 τε
2496 3928 2748 4002 ἀρκτικὸς
2793 3928 2882 3981 καὶ
2933 3929 2961 3982 ὁ
3004 3926 3380 4003 ἀνταρκτικός.
3411 3927 3777 3996 Ὑπετέθησαν

2120 4014 2176 4071 δὲ
2208 4015 2354 4071 οὗτοι
2390 4014 2479 4070 διὰ
2506 4018 2568 4070 τὸ
2601 4017 2799 4091 ὁρίζειν
2830 4017 2927 4084 τήν
2980 4013 3237 4092 εὔκρατον
3290 4013 3501 4085 οἴκησιν
3536 4014 3641 4069 ἀπὸ
3667 4022 3777 4083 τῆς

2119 4102 2207 4160 διὰ
2238 4108 2413 4181 ψῦχος
2446 4106 2728 4174 ἀοικήτου.

2492 4301 2592 4356 κα’.
2627 4301 2756 4374 Περὶ
2789 4300 2973 4364 οὐσίας
2999 4304 3107 4355 τῶν
3137 4300 3397 4375 ἀστέρων.

2191 4390 2253 4444 ’Π
2300 4394 2407 4445 τῶν
2449 4388 2685 4465 ἀστέρων
2737 4388 2893 4444 ούσία
2949 4386 3210 4465 πυρώδης
3246 4390 3328 4451 τίς
3384 4388 3494 4444 ἐστι
3542 4389 3632 4445 καὶ
3677 4389 3784 4446 ἀε-

2123 4476 2325 4551 ρώδης,
2358 4478 2549 4534 πλεῖον
2604 4476 2909 4554 μετέχουσα
2955 4476 3244 4553 πυρώδους
3292 4478 3501 4555 φύσεως
3531 4480 3566 4549 ἢ
3596 4478 3782 4555 ἀερώο

2122 4567 2269 4630 δους.
2324 4568 2393 4623 Λί
2450 4570 2542 4640 μὶν
2594 4569 2696 4643 γὰρ
2747 4567 2989 4642 οὐράνιαι
3046 4572 3267 4643 σφαῖραι
3325 4566 3555 4623 πλείονα
3611 4570 3783 4641 μετὲ-

366 4654 547 4725 igneae
580 4652 894 4724 participes
928 4660 1084 4719 sunt,
1112 4654 1271 4705 astra
1290 4666 1419 4705 vero
1448 4666 1477 4705 e
1498 4650 2009 4718 contrario,utSta-

2128 4679 2282 4735 χουσι
2313 4664 2414 4727 τῆς
2459 4654 2733 4732 ἀερώδους
2773 4656 2983 4735 φύσεως
3039 4656 3073 4726 ἢ
3127 4663 3226 4726 τῆς
3276 4654 3583 4731 πυρώδους,
3614 4658 3665 4712 ol
3716 4655 3785 4714 δί

365 4741 551 4815 εἰτίίω
580 4741 825 4797 videtur.
853 4741 1081 4797 Veteres
1106 4739 1409 4809 agitabant
1428 4756 1697 4810 quamam
1722 4740 2015 4812 digniores

366 4836 585 4897 essent,
619 4830 885 4887 coalestes
917 4830 1154 4902 spzehrze
1187 4834 1251 4885 ut
1279 4828 1545 4897 leviores,
1579 4846 1651 4886 an
1677 4846 1804 4902 quae
1853 4832 1910 4885 in
1944 4830 2016 4887 iis

365 4926 505 4979 sunt
535 4927 695 4977 astra
730 4924 792 4976 ut
844 4919 1265 4992 splendidiora.
1318 4920 1479 4985 Quod
1528 4919 1775 4975 dubium
1823 4921 2013 4977 solvit.

365 5012 706 5068 Aristoteles
738 5010 796 5065 in
834 5026 939 5065 suo
972 5014 1051 5065 De
1080 5009 1223 5063 coelo
1252 5025 1426 5080 opere
1458 5008 1689 5064 dicens:
1724 5008 1826 5079 (Si)
1860 5011 2015 5081 quod

365 5101 547 5157 t'ertur
570 5099 781 5156 melius
803 5104 891 5156 est
911 5116 977 5155 eo
1004 5099 1159 5171 quod
1189 5100 1319 5167 fert,
1352 5097 1489 5170 quia
1520 5099 1811 5170 posterius
1859 5100 2014 5172 prio-

368 5191 447 5247 ris
474 5207 655 5247 causa
678 5190 895 5245 factum
921 5192 1046 5257 est;
1083 5188 1326 5259 sphaerze
1356 5192 1553 5243 autem
1596 5187 1791 5244 ferunt
1833 5194 2012 5257 astra,

366 5281 505 5353 ipsa:
546 5296 679 5337 vero
715 5279 1008 5343 feruntur,
1040 5281 1098 5333 et
1130 5277 1259 5333 ideo
1292 5293 1360 5332 ea
1386 5275 1575 5348 magis
1608 5277 1787 5349 digna
1817 5281 1976 5335 sunt.

825 5547 915 5601 22.
953 5547 1025 5601 De
1046 5548 1319 5602 astrorum
1348 5547 1562 5617 formis.

443 5641 745 5697 Astrorum
772 5653 943 5710 porro
964 5636 1161 5692 formae
1184 5635 1479 5708 sphaerion:
1511 5639 1652 5692 sunt
1677 5653 1689 5691 :
1726 5636 1828 5694 tali
1858 5639 2014 5699 enim

372 5729 561 5787 forma
592 5733 743 5787 Deus
789 5724 1143 5785 universales
1200 5725 1417 5798 ﬁgures
1471 5725 1716 5796 ornavit,
1770 5736 2019 5800 quatuor

2124 4746 2340 4822 ἀστέρες
2370 4744 2635 4801 ἀνάπαλίν
2687 4746 2843 4814 εἰσιν,
2899 4746 2973 4807 ὡς
3020 4750 3102 4817 τῷ
3144 4746 3466 4821 Σταγειρίτῃ
3500 4744 3667 4801 δοκεῖ.
3699 4749 3783 4805 Οἱ

2125 4832 2183 4891 δὶ
2228 4833 2455 4889 παλαιοὶ
2505 4829 2885 4911 ἀμφέϐαλλον,
2924 4836 2997 4897 ὡς
3052 4836 3187 4889 ποῖά
3232 4834 3333 4890 εἶσι
3362 4836 3681 4910 τιμιώτερα,
3717 4838 3784 4893 αἱ

2125 4922 2368 4999 οὐράνιαι
2429 4929 2671 5001 σφαῖραι,
2736 4924 2808 4986 ὡς
2869 4923 3209 4999 λεπτότεραι,
3268 4926 3302 4994 ἢ
3363 4925 3414 4980 οἱ
3478 4924 3529 4980 ὲν
3584 4924 3787 4991 αὐταῖς

2125 5014 2363 5087 ἀστέρες,
2397 5014 2471 5076 ὡς
2518 5010 2917 5089 λαμπρότεροι.
2960 5012 3175 5083 Ταύτην
3206 5009 3263 5068 δὲ
3300 5013 3399 5081 τήν
3432 5008 3783 5091 ἀμφιϐολίαν

2124 5102 2431 5158 ἀπελύσατο
2483 5102 2510 5156 6
2563 5102 2949 5178 Ἀριστοτέλης
3000 5101 3050 5157 ἐν
3084 5105 3153 5176 τῇ
3186 5102 3317 5177 Περὶ
3369 5101 3600 5180 ούρανοῦ
3630 5123 3783 5178 πρα-

2120 5194 2358 5272 γματείᾳ
2415 5191 2611 5269 λέγων’
2675 5191 2735 5250 Εἰ
2794 5193 2855 5247 τὸ
2915 5192 3212 5271 φερόμενον
3261 5198 3507 5269 κρεῖττον
3550 5191 3785 5269 10596-

2122 5306 2332 5361 ροντος,
2394 5283 2468 5345 ὡς
2514 5281 2710 5337 τούτου
2759 5279 2914 5338 ἕνεκα
2957 5282 3275 5357 γενομένου·
3335 5282 3555 5359 φέρουσι
3614 5280 3671 5339 δὲ
3723 5288 3788 5343 ai.

2124 5379 2347 5453 σφαῖραι
2387 5371 2515 5434 τοὺς
2566 5371 2811 5448 ἀστέρας,
2858 5372 2913 5426 οἱ
2960 5368 3018 5427 δὶ
3060 5371 3332 5449 φέρονται’
3384 5372 3458 5436 ὼς
3489 5372 3641 5429 οὗτοι
3683 5394 3785 5430 τι-

2127 5465 2409 5537 μιώτεροι.

2497 5551 2602 5627 κβ’.
2638 5556 2767 5628 Περι
2797 5553 3104 5627 σχημάτων
3136 5549 3394 5626 ἀστέρων.

2197 5640 2280 5697 Τὰ
2311 5636 2367 5694 δὲ
2412 5641 2673 5715 σχήματα
2720 5643 2827 5695 τῶν
2876 5638 3111 5714 ἀστέρων
3159 5636 3261 5693 εἰσὶ
3301 5635 3640 5715 σφαιροειδῆο
3688 5646 3785 5715 τῷ

2123 5728 2358 5802 τοιούτῳ
2399 5730 2500 5806 γὰρ
2544 5730 2790 5804 σχήματι
2824 5729 2851 5785 ὁ
2884 5729 3011 5793 Θεὸς
3041 5728 3108 5786 τὰ
3153 5726 3459 5802 ὁλικώτερα
3485 5731 3591 5783 τῶν
3625 5748 3785 5805 σχη-
