4088 6350
341 427 455 490 801

1588 425 2074 487 SOLU’I‘IONES
2123 424 2497 495 QU/EDAM.

3614 521 3616 523 ρ
3640 427 3758 488 802

348 562 533 636 μάτων
597 557 946 634 ἐκόσμησεν,
1005 559 1070 615 τὰ
1113 560 1345 636 τέσσαρα
1396 563 1642 636 στοιχεῖα
1686 557 1775 613 καὶ
1835 555 1993 611 αὐτὸν

2109 557 2396 614 elementa
2425 562 2482 615 et
2506 559 2700 630 ipsum
2725 557 2935 614 coelum
2961 562 3016 614 et
3039 573 3432 631 quaecumque
3463 559 3521 614 in
3549 575 3615 615 eo
3638 577 3746 617 con

339 652 432 705 τὸν
508 649 765 726 οὐρανὸν,
841 650 931 705 καὶ
987 651 1055 705 τὰ
1109 650 1159 704 ἐν
1220 651 1370 723 αὐτῷ
1425 649 1612 705 πάντα·
1658 647 1992 724 τελειότερον

339 740 442 816 γὰρ
485 740 548 794 τὸ
576 745 824 795 τοιοῦτον
863 747 1057 816 σχῆμα
1085 744 1191 796 τῶν
1225 739 1434 795 λοιπῶν
1469 740 1790 814 σχημάτωνο
1826 739 1998 792 πάντα

341 830 448 905 γὰρ
496 830 564 883 τὰ
603 827 918 906 πολυγώνια
964 831 1228 906 σχήματα
1287 827 1640 904 διαιρούμενα
1705 823 1888 902 ἕτερόν
1943 847 1994 881 τι

341 916 603 974 ἀποτελεῖ
647 926 863 995 σχῆμα,
908 920 936 974 6
991 916 1048 974 δὶ
1097 919 1299 980 κύκλος
1347 916 1722 995 διαιρούμενος
1747 914 1855 990 οὐχ
1879 913 1996 970 ἓτε-

341 1006 435 1082 ρόν
477 1028 530 1062 τι
591 1005 882 1062 ἀποτελεῖ⁶
959 1006 1070 1080 ἅμα
1149 1005 1206 1061 δὲ
1261 1006 1350 1061 καὶ
1402 1003 1777 1066 ἀπλούστατός
1833 1003 1995 1072 ἐστιν,

339 1096 417 1161 ὡς
474 1095 576 1150 ὑπὸ
620 1101 744 1169 μιᾶς
800 1101 1066 1172 γραμμῆς
1112 1095 1532 1170 περιεχόμενος,
1581 1091 1671 1148 καὶ
1718 1090 1806 1147 διὰ
1832 1096 1998 1146 10610

337 1190 420 1258 τῷ
451 1186 525 1240 ivi
552 1184 815 1265 ἐμφερής.
868 1185 1315 1262 Σχηματίζονται
1372 1182 1429 1240 δὲ
1458 1185 1510 1238 οἱ
1556 1182 1828 1254 πλανῆται
1860 1182 1998 1258 πρὸς

341 1274 625 1346 ἀλλήλους
675 1276 833 1331 πέντε
890 1277 1164 1351 σχήμασι,
1227 1272 1460 1348 συνόδῳ,
1514 1273 1998 1348 ἐξαγώνῳ,τετρα-

337 1368 522 1442 γώνῳ,
580 1366 838 1442 τριγώνῳ
893 1366 984 1420 καὶ
1044 1363 1346 1441 διαμέτρῳ,
1403 1369 1508 1420 T06
1563 1365 1666 1440 γὰρ
1730 1362 2000 1433 ζωδιακοῦ

332 1455 546 1510 κύκλου
576 1455 652 1518 είς
688 1456 758 1531 ιβ’
804 1456 1068 1530 τμήματα
1101 1453 1464 1531 διῃρημένου,
1513 1453 1601 1508 ὅτε
1639 1453 1806 1530 τύχῃ,
1841 1454 1868 1507 6
1905 1454 1998 1527 μὲν

337 1547 417 1608 εἷς
448 1543 617 1620 ἀστὴρ
646 1545 793 1621 ἀρχή
825 1565 976 1607 τινος
1007 1543 1356 1619 τμήματος,ὁ
1377 1541 1433 1599 δὲ
1457 1539 1641 1618 ἕτερος
1667 1541 1718 1598 ἐν
1754 1547 1822 1616 τῇ
1853 1543 2000 1618 ἀρχῇ

335 1637 435 1690 106
465 1633 556 1690 ἀπ’
606 1634 771 1690 αὑτοῦ
817 1633 1030 1710 τρίτου,
1081 1633 1419 1711 ὲξαγωνὶζειν
1471 1633 1633 1688 αὐτὸν
1670 1632 1903 1709 λέγεται·
1956 1631 2002 1686 εί

337 1721 400 1778 δὲ
427 1722 480 1778 έν
507 1726 576 1798 τῇ
607 1722 758 1799 ἀρχῇ
787 1727 886 1778 106
923 1724 1016 1778 ἀπ’
1048 1721 1213 1779 αὐτοῦ
1243 1725 1523 1799 τετάρτου,
1571 1720 2003 1799 τετραγωνίζειν⁶

338 1811 389 1867 εἰ
421 1809 479 1868 Si
507 1813 567 1868 ἀν
600 1816 669 1887 τῇ
701 1813 850 1888 ἀρχῇ
896 1816 993 1868 106
1042 1811 1137 1867 ἀπ’
1183 1813 1352 1868 αὐτοῦ
1418 1813 1692 1886 πέμπτου,
1747 1809 2003 1888 τριγωνί-

342 1906 470 1971 ζειν·
524 1900 570 1957 εἷ
621 1899 678 1957 δὲ
733 1899 786 1958 ἐν
843 1905 913 1976 τῇ
965 1901 1114 1978 ἀρχῇ
1144 1906 1242 1957 106
1273 1903 1362 1957 ἀπ’
1393 1901 1559 1957 αὐτοῦ
1591 1896 1852 1974 ἑϐδόμου,
1884 1897 1999 1955 δια-

344 1996 578 2066 μετρεῖν·
610 1990 661 2046 si
687 1989 744 2046 δὲ
777 1991 830 2047 ἐν
858 1994 926 2066 τῇ
957 1992 1095 2066 αὐτῇ
1131 1990 1298 2066 μοίρᾳ
1330 1989 1451 2062 ὦσι,
1482 1989 1807 2046 συνοδεύων
1843 1990 1906 2044 16
1939 1988 1996 2044 δὲ

337 2079 470 2137 αὐτὸ
497 2079 587 2136 καὶ
619 2079 706 2138 έπὶ
735 2084 844 2136 τῶν
874 2078 1085 2137 λοιπῶν
1119 2085 1322 2154 μερῶν.
1345 2084 1524 2138 Ταῦτα
1555 2077 1612 2134 δὲ
1642 2080 1706 2134 τὰ
1737 2082 1998 2155 σχήματα

336 2169 446 2225 ἀπὸ
474 2174 583 2225 τῶν
616 2173 894 2243 μουσικῶν
925 2168 1185 2240 είληπται
1217 2168 1422 2246 λόγων,
1454 2169 1530 2232 ὡς
1563 2167 1912 2242 Πτολεμαῖος
1942 2166 1994 2223 έν

334 2261 406 2335 τῇ
433 2253 775 2336 τετραϐίελῳ
798 2256 1087 2316 δείκνυσιν.

651 2375 753 2450 κγ’.
791 2374 919 2451 Περὶ
947 2381 1048 2445 τῆς
1075 2378 1184 2430 τῶν
1214 2372 1450 2447 ἀστέρων
1481 2376 1672 2451 φορᾶς.

411 2475 474 2531 Ἡ
532 2473 673 2552 φορὰ
716 2477 827 2528 τῶν
876 2472 1112 2550 ἀστέρων
1168 2471 1310 2528 ἐστὶν
1355 2471 1462 2528 ἀπὸ
1497 2469 1704 2535 δύσεως
1731 2472 1815 2528 ἐπὶ
1865 2473 1996 2528 ἀνα-

335 2560 533 2634 τολήν,
595 2559 753 2618 Ἀλλ’
810 2564 845 2632 ἡ
909 2562 1002 2636 μὲν
1073 2566 1181 2616 τῶν
1243 2560 1377 2616 ἑπτά
1424 2559 1718 2632 πλανητῶν
1775 2567 1994 2637 ταχεῖα.

340 2651 784 2708 Αποκαθίσταται
839 2652 941 2728 γὰρ
998 2653 1033 2720 ἡ
1101 2651 1195 2724 μὲν
1244 2649 1449 2721 σελήνη
1512 2648 1602 2705 διὰ
1629 2653 1853 2727 ἡμερῶν
1911 2655 2000 2724 κη’

326 2733 581 2815 ἔγγιστα*
643 2739 671 2793 6
730 2735 787 2793 δὲ
835 2739 1043 2814 Ἑρμῆς
1104 2735 1193 2793 διὰ
1256 2743 1442 2812 μηνῶν
1499 2739 1599 2809 τξε’
1627 2739 1716 2793 καὶ
1741 2741 1992 2813 τέταρτον

347 2829 552 2904 ἡμέρας
613 2833 757 2901 μιᾶς
819 2829 849 2885 6
907 2826 964 2882 δὲ
1022 2831 1194 2899 ’Ἄρης
1249 2826 1337 2882 διὰ
1393 2825 1489 2882 δύο
1546 2828 1719 2901 ἥμισυ
1760 2829 1912 2883 ἐτῶν·
1965 2830 1994 2884 6

343 2914 401 2972 δὲ
449 2915 576 2978 Ζεὺς
627 2914 697 2972 δι’
728 2917 863 2972 έτῶν
900 2917 987 2992 ιβ”
1022 2917 1050 2970 6
1074 2914 1132 2971 δὶ
1171 2917 1381 2990 Κρόνος
1415 2914 1484 2971 δι’
1516 2917 1649 2971 ἐτῶν
1681 2918 1993 2994 τριάκοντα.

339 3007 409 3064 Οἱ
468 3003 527 3061 δὶ
580 3004 860 3075 ἀπλανεῖς,
916 3005 966 3061 έν
1025 3010 1096 3081 τῇ
1150 3006 1409 3061 ἀνωτάτω
1460 3002 1627 3079 ὄντες,
1662 3007 1878 3084 σφαίρᾳ,
1910 3029 1995 3063 κι-

339 3095 555 3151 νοῦνται
610 3097 712 3165 τὴν
771 3095 893 3169 μίαν
965 3101 1158 3171 μοῖραν
1215 3096 1351 3150 κατὰ
1412 3096 1510 3169 μὲν
1551 3098 1676 3159 τοὸς
1722 3096 1994 3161 παλαιοὺς

343 3182 414 3240 δι’
463 3183 596 3240 ἐτων
647 3185 856 3258 ἑκατὸν,
886 3186 1022 3240 κατὰ
1064 3183 1121 3240 δὲ
1147 3183 1276 3248 τοὺς
1302 3185 1598 3260 νεωτέρους
1632 3182 1701 3240 δι’
1732 3185 1864 3240 ἐτων
1894 3186 1991 3257 ξς’.

344 3273 445 3330 Καὶ
500 3273 564 3328 τὸ
622 3269 1078 3350 παραδοξότατον,
1140 3271 1222 3329 ὅτι
1281 3274 1344 3329 o6
1375 3275 1500 3348 περὶ
1544 3275 1636 3330 τὸν
1662 3279 1758 3329 τοῦ
1789 3275 1993 3350 παρόν-

338 3381 434 3424 τος
461 3358 639 3416 πόλου
668 3364 950 3415 ποιοῦνται
979 3363 1078 3430 τὴν
1127 3360 1364 3431 κίνησιν,
1398 3361 1542 3417 ἀλλὰ
1575 3362 1710 3417 κατά
1762 3363 1862 3430 τὴν
1891 3366 1990 3418 106

343 3449 512 3520 ἡλίου
568 3447 734 3520 λοξὴν
792 3449 1040 3525 πορείαν.
1097 3449 1183 3520 Ἐξ
1216 3447 1277 3504 οὗ
1335 3447 1530 3523 δῆλον,
1571 3452 1644 3514 ὼς
1674 3451 1702 3504 ὁ
1743 3451 1872 3514 Θεὸς
1903 3451 1996 3507 τὸν

346 3536 511 3608 ἥλιον
569 3538 623 3592 ἐν
679 3543 758 3610 τῷ
814 3537 1023 3610 οὐρανῷ
1072 3538 1146 3600 ὡς
1195 3538 1445 3615 ἀρχηγοῦ
1485 3540 1709 3610 τέθεικε,
1740 3541 1904 3611 τάξει.
1936 3541 1998 3598 Ὁ

354 3628 450 3702 μὶν
483 3627 575 3682 οὗν
607 3626 992 3703 Ἀριστοτέλης
1028 3628 1092 3683 τὸ
1149 3627 1346 3690 αὐτοὺς
1396 3634 1659 3693 κινεῖσθαι
1705 3630 1824 3694 καθ’
1875 3630 1997 3685 ἑαυ-

347 3715 476 3778 τοὺς
502 3715 632 3779 τοὺς
680 3716 904 3791 ἀστέρας
959 3717 1021 3770 06
1079 3714 1465 3792 προσδέχεται,
1495 3718 1856 3792 πτοούμενος,
1920 3721 1994 3793 μή

339 3826 474 3860 ποτε
522 3804 875 3879 ἀναιρεθῶσιν
917 3804 1065 3878 αύτῷ
1117 3805 1172 3860 αἱ
1216 3805 1340 3882 περὶ
1387 3811 1484 3861 106
1511 3807 1762 3879 πέμπτου
1807 3811 1995 3882 σώμα-

337 3915 433 3957 τος
464 3894 767 3961 ὑποθέσεις,
815 3894 889 3955 ὡς
929 3894 1234 3968 τεμνόντων
1274 3899 1385 3950 τῶν
1429 3895 1666 3970 ἀστέρων
1717 3898 1780 3951 τὸ
1829 3898 1998 3974 οὐρά-

337 4004 454 4038 νιον
505 3987 686 4056 σῶμα,
739 3981 977 4058 καθάπερ
1029 3981 1082 4037 εἷ’
1119 4004 1239 4037 τινα
1285 3983 1445 4059 ὑγρὰν
1496 3983 1721 4039 οὐσίαν·
1803 3985 1996 4040 ὑποτί-

338 4084 464 4142 θησι
535 4069 593 4126 δὶ
653 4071 748 4133 τὰς
807 4070 1191 4134 ἀνελιττούσας
1260 4071 1514 4135 κινούσας
1571 4073 1771 4135 αὐτοὺς
1823 4095 2001 4145 πεπη.

331 4160 565 4237 γμένους
611 4157 784 4222 ὄντας.
819 4161 886 4218 Οἱ
916 4157 973 4214 δὲ
1009 4162 1125 4234 μετ’
1154 4159 1316 4215 αὐτὸν
1363 4167 1626 4226 κινεῖσθαι
1665 4163 1760 4236 μὲν
1796 4162 1994 4226 αὐτοὺς

334 4251 455 4305 καθ’
526 4249 749 4311 ἑαυτοὺς
815 4247 1092 4320 ἐδόξασαν,
1162 4249 1310 4320 πλὴν
1381 4250 1509 4312 τοὺς
1573 4250 1853 4322 πλανήτας
1907 4251 2000 4318 ἐπὶ

331 4339 551 4394 κύκλων
597 4339 689 4394 καὶ
734 4337 794 4394 έκ
839 4340 1068 4413 κέντρου
1129 4339 1258 4413 φασὶ
1324 4341 1626 4395 κινεῖσθαι.
1689 4339 1992 4397 Πλάττουσι

329 4431 437 4504 γὰρ
487 4429 716 4508 σφαίρας
775 4429 874 4490 τὰς
924 4429 1019 4502 μὲν
1074 4430 1149 4502 μή
1191 4429 1254 4483 τὸ
1302 4428 1432 4484 αὐτὸ
1477 4427 1697 4505 κέντρον
1761 4429 1999 4505 έχούσας

323 4521 401 4591 τῇ
449 4521 544 4593 γῇ,
597 4516 742 4572 ἀλλά
793 4518 929 4590 πρὸς
984 4517 1077 4591 μὶν
1138 4521 1220 4589 τῷ
1274 4518 1349 4572 ἑνὶ
1401 4519 1550 4594 μέρει
1585 4516 1995 4588 πλησιαζούσας

325 4605 492 4680 αὐτῇ,
541 4607 680 4680 πρὸς
730 4603 785 4661 δὲ
828 4612 910 4679 τῷ
957 4605 1122 4683 ὲτέρῳ
1173 4606 1519 4683 πορρώτερον
1573 4605 1754 4679 οὕσας,
1800 4605 1858 4670 ἃς
1909 4609 1996 4664 έκ-

2109 649 2393 704 tinentur.
2431 648 2741 705 Perfectior
2789 653 2878 704 est
2926 650 3082 704 enim
3128 649 3249 704 haec
3295 649 3485 706 forma
3537 651 3761 706 caeteris

2108 737 2404 794 omnibus.
2446 737 2662 792 Omnes
2710 753 2922 809 nempe
2969 737 3264 808 angulosze
3315 739 3510 794 formae
3561 741 3759 796 divisae

2109 826 2284 882 aliam
2317 826 2566 881 formam
2597 826 2896 894 efficiunt;
2932 826 3188 882 circulus
3221 844 3353 882 vero
3385 829 3608 885 divisus
3645 846 3760 885 non

2109 915 2284 972 aliam
2315 914 2560 971 formam
2593 915 2791 970 efﬁcit.
2827 916 2892 970 Et
2922 915 3100 970 simul
3133 916 3616 988 simplicissimus
3650 923 3759 987 est,

2110 1009 2311 1076 utpote
2362 1022 2480 1060 una
2536 1004 2690 1060 linea
2748 1005 3210 1076 comprehensus
3253 1011 3310 1061 et
3365 1007 3495 1063 ideo
3546 1009 3761 1065 unitati

2110 1093 2343 1149 similis.
2373 1094 2772 1150 Eli‘ormantur
2834 1099 3027 1149 autem
3080 1093 3329 1165 planetis
3382 1097 3455 1151 ad
3509 1097 3758 1153 invicem

2110 1183 2368 1255 quinque
2401 1182 2626 1253 formis,
2677 1198 3021 1254 congressu,
3068 1182 3408 1255 sexangulo,
3459 1186 3759 1255 quadran-

2111 1273 2246 1344 gulo
2277 1277 2335 1328 et
2360 1270 2669 1328 diametro.
2700 1271 2937 1326 Zodiaci
2966 1271 3121 1327 enim
3158 1273 3376 1329 circulo
3430 1274 3488 1329 in
3537 1276 3758 1331 duode-

2113 1362 2224 1418 cim
2258 1365 2453 1434 partes
2484 1361 2691 1424 diviso,
2745 1376 2876 1415 cum
2931 1361 3144 1416 accidit
3191 1367 3254 1417 ut
3302 1379 3486 1418 unum
3532 1369 3758 1421 astrum

2113 1451 2423 1521 cujusdam
2454 1450 2758 1505 divisionis
2788 1449 3018 1503 initium
3055 1451 3151 1517 sit,
3185 1455 3242 1506 et
3270 1450 3425 1506 aliud
3460 1453 3638 1508 situm
3683 1453 3760 1509 sit

2107 1539 2172 1608 in
2208 1539 2495 1611 principio
2525 1541 2709 1594 tertiae
2738 1540 2811 1594 ab
2845 1538 2942 1593 illa
2973 1538 3300 1607 divisionis,
3351 1542 3564 1596 dicitur
3613 1543 3759 1598 illud

2113 1627 2497 1700 sexangulum
2530 1629 2746 1696 facere;
2783 1629 2831 1684 si
2864 1628 2923 1683 in
2955 1628 3243 1701 principio
3273 1635 3490 1700 quartae
3539 1632 3610 1686 ab
3659 1631 3762 1689 illa

2114 1717 2444 1787 divisionis,
2465 1717 2935 1790 quadrangulum
2960 1717 3149 1773 facere
3171 1719 3405 1788 dicitur;
3425 1719 3480 1776 si
3504 1719 3562 1775 in
3597 1721 3760 1792 prin-

2113 1807 2264 1879 cipio
2295 1808 2533 1879 quintae,
2556 1806 2951 1879 triangulum;
2988 1807 3038 1861 si
3069 1807 3126 1861 in
3159 1808 3443 1879 principio
3473 1811 3760 1882 septima,

2115 1898 2469 1953 diametrum
2503 1897 2690 1952 facere
2722 1896 2956 1952 dicitur.
2990 1896 3044 1951 Si
3080 1897 3136 1950 in
3170 1898 3370 1952 eodem
3405 1899 3592 1970 gradu
3647 1900 3764 1956 sita

2110 1986 2248 2054 sint,
2301 1987 2581 2042 dicuntur
2629 1986 2924 2058 congredi.
2981 1990 3163 2058 Atque
3211 1987 3364 2041 idem
3421 1988 3492 2043 de
3534 1988 3760 2044 caeteris

2108 2077 2397 2150 partibus.
2431 2079 2527 2131 Hae
2562 2080 2758 2132 autem
2791 2077 2989 2130 forma
3018 2092 3086 2131 ex
3137 2075 3380 2133 musicis
3429 2077 3760 2135 rationibus

2105 2167 2423 2236 ducuntur,
2477 2169 2540 2222 ut
2585 2165 2933 2221 Ptolemaus
2979 2165 3037 2220 in
3087 2165 3214 2222 suis
3279 2170 3532 2240 quatuor
3590 2166 3760 2225 libris

2106 2257 2382 2314 ostendit.

2568 2374 2657 2429 23.
2693 2377 2774 2428 De
2803 2384 3082 2429 aurorum
3113 2375 3283 2429 motu.

2179 2472 2350 2528 Astra
2380 2472 2649 2527 feruntur
2677 2471 2748 2527 ab
2780 2471 3079 2528 occidente
3110 2473 3182 2528 ad
3214 2461 3762 2547 orientem.SepESE

2110 2559 2480 2632 planetarum
2538 2561 2773 2632 quidem
2828 2561 3134 2618 translatio
3185 2564 3390 2635 rapida
3437 2570 3544 2620 est.
3597 2565 3760 2622 Luna

2109 2650 2266 2705 enim
2312 2667 2552 2706 cursum
2597 2667 2772 2705 suum
2824 2650 3060 2705 conﬁcit
3108 2651 3317 2722 viginti
3369 2663 3496 2709 octo
3548 2654 3758 2710 diebus

2111 2738 2372 2809 circiter;
2410 2739 2729 2796 Mercurius
2764 2740 3071 2795 mensibus
3096 2741 3202 2795 365
3231 2748 3290 2796 et
3320 2747 3528 2813 quarta
3579 2743 3757 2800 unius

2108 2829 2222 2884 diei
2254 2836 2451 2901 parte;
2486 2829 2640 2885 Mars
2671 2830 2904 2885 duobus
2937 2829 3111 2885 annis
3140 2835 3199 2885 et
3229 2830 3497 2900 dimidio;
3529 2832 3762 2905 Jupiter

2107 2919 2452 2988 duodecim;
2498 2921 2787 2974 Saturnus
2837 2919 3010 2975 annis
3064 2918 3323 2991 triginta.
3376 2919 3569 2976 Stella
3623 2937 3758 2977 vero

2104 3009 2227 3063 fixas
2255 3025 2381 3080 quae
2411 3009 2471 3063 in
2503 3025 2780 3081 suprema
2811 3008 3040 3080 sphaera
3069 3011 3230 3080 sunt,
3264 3013 3573 3065 moventur
3619 3009 3756 3081 plu-

2103 3097 2263 3152 rima
2294 3099 2466 3154 annis
2491 3104 2722 3154 centum
2748 3100 2916 3168 juxta
2944 3101 3186 3164 veteres,
3209 3098 3382 3168 juxta
3407 3099 3758 3154 recentiores

2103 3193 2295 3242 autem
2327 3187 2498 3242 annis
2526 3189 2616 3242 66.
2667 3189 2754 3258 Et,
2807 3189 2963 3259 quod
3015 3187 3206 3260 magis
3256 3189 3595 3243 mirandum
3644 3193 3754 3260 est,

2105 3291 2222 3331 non
2254 3277 2404 3330 circa
2437 3274 2637 3347 polum
2689 3292 2862 3330 suum
2914 3281 3242 3342 moventur,
3295 3277 3394 3332 sed
3446 3277 3754 3349 obliquum

2108 3364 2248 3420 solis
2278 3364 2389 3420 iter
2417 3369 2768 3436 sequuntur.
2815 3363 2976 3418 Unde
3024 3370 3185 3436 patet
3230 3365 3415 3421 Deum
3462 3366 3645 3423 solem
3691 3367 3752 3423 in

2109 3454 2252 3509 coelo
2300 3459 2365 3508 ut
2411 3455 2620 3509 ducem
2683 3451 2973 3525 posuisse.
3021 3454 3364 3511 Aristoteles
3417 3455 3598 3528 igitur
3643 3473 3755 3514 non

2109 3543 2368 3598 admittit
2397 3548 2554 3599 astra
2586 3559 2688 3614 per
2718 3543 2916 3614 seipsa
2948 3543 3413 3612 moveri,timens
3444 3561 3516 3600 ne
3546 3545 3762 3600 tollan-

2108 3635 2205 3686 tur
2233 3648 2351 3686 suae
2385 3633 2454 3687 de
2485 3633 2690 3703 quinto
2721 3647 2962 3702 corpore
2993 3631 3367 3703 hypotheses,
3400 3633 3568 3704 quasi
3601 3638 3760 3689 astra

2109 3725 2308 3775 secent
2337 3720 2569 3777 caeleste
2599 3737 2811 3792 corpus
2843 3727 2908 3775 ut
2934 3721 3254 3790 quamdam
3287 3721 3592 3777 humidam
3625 3721 3760 3777 sub-

2109 3809 2422 3878 stantiam;
2467 3809 2748 3881 supponit
2793 3818 2985 3864 aulem
3037 3807 3240 3863 stellas
3293 3808 3580 3865 volubiles
3630 3807 3756 3882 quis

2110 3903 2412 3955 concretas
2445 3899 2844 3954 moveant.Alii
2869 3915 3001 3954 vero
3027 3903 3157 3970 post
3177 3897 3341 3952 illum
3366 3899 3589 3970 Opinati
3618 3903 3759 3955 sunt

2111 3993 2272 4043 astra
2303 4004 2406 4059 per
2438 3989 2634 4060 seipsa
2663 3988 2896 4054 moveri,
2926 3986 3181 4059 exceptis
3213 3986 3484 4058 planetis,
3517 4005 3665 4060 quos
3693 3988 3755 4044 in

2111 4077 2311 4131 orbem
2343 4081 2402 4131 et
2431 4084 2595 4133 extra
2625 4081 2886 4132 centrum
2923 4093 3097 4132 suum
3133 4077 3348 4132 moveri
3371 4077 3756 4133 dicunt.lma-

2111 4165 2391 4236 ginantur
2419 4167 2574 4223 enim
2607 4167 2867 4239 sphaeras
2917 4165 3066 4221 alias
3116 4183 3230 4222 non
3282 4166 3437 4221 idem
3489 4172 3752 4222 centrum

2110 4271 2244 4310 cum
2274 4260 2429 4312 terra
2454 4255 2793 4324 habere,sed
2827 4271 2946 4310 una
2976 4260 3139 4327 parte
3165 4271 3294 4311 esse
3342 4260 3508 4310 terra":
3561 4255 3754 4327 proxi-

2111 4365 2239 4404 mas
2287 4351 2343 4403 et
2389 4346 2570 4402 altera
2618 4344 2852 4416 longius
2899 4344 3137 4412 abesse;
3187 4362 3336 4416 quas
3399 4345 3756 4402 excentricas

2108 4453 2414 4506 vocavere;
2448 4442 2505 4492 et
2532 4436 2675 4492 alias
2705 4451 2772 4490 ex
2804 4434 2926 4506 ipso
2958 4433 3284 4490 excentrico
3333 4450 3542 4505 parvas
3587 4435 3756 4490 volu-

2106 4532 2200 4582 tas
2232 4526 2288 4580 in
2323 4527 2538 4598 quibus
2569 4525 2836 4580 incedere
2885 4522 3148 4596 planetas
3198 4523 3423 4590 dicunt,
3479 4540 3626 4596 quos
3677 4524 3751 4578 ob

2109 4615 2260 4671 hanc
2315 4631 2552 4670 causam
2612 4611 3112 4685 supracirculares
3174 4612 3566 4668 nominavere.
3622 4613 3752 4669 Hinc

326 4698 592 4770 κέντρους
651 4693 938 4751 ἐκάλεσαν
990 4696 1080 4750 καὶ
1133 4693 1318 4771 ἓτερας
1371 4696 1464 4750 ἀπ’
1521 4695 1686 4751 αὐτοῦ
1746 4701 1844 4752 106
1897 4696 1986 4752 6x-

2107 4711 2296 4761 autem
2327 4705 2507 4759 coacti
2529 4708 2668 4758 sunt
2689 4717 3018 4772 sapponere
3038 4701 3477 4772 maximumque
3495 4701 3752 4759 laborem

320 4785 554 4861 κέντρου
616 4785 815 4860 μικρὰς
869 4783 1230 4858 κυλιομὲνας,
1276 4784 1357 4862 ἐφ’
1417 4783 1490 4839 ὧν
1553 4780 1839 4860 βεϐηκέναι
1889 4785 1982 4843 λέ-

318 4895 482 4951 γουσι
532 4875 659 4937 τοὺς
717 4872 997 4944 πλανήτας
1033 4916 1047 4942 ,
1103 4873 1194 4937 οὕς
1253 4873 1583 4937 ἐπικύκλους
1641 4876 1929 4949 ὠνόμασαν
1967 4920 1981 4934 .

316 4965 765 5040 Ἠναγκάσθησαν
824 4961 882 5019 δὲ
932 4967 1103 5018 ταῦτα
1164 4963 1496 5034 ὑποθέσθαι,
1574 4965 1663 5020 καὶ
1721 4963 1978 5020 πλεῖστον

326 5052 545 5128 μόχθον
605 5055 694 5108 καὶ
744 5053 908 5109 πόνον
938 5054 1234 5124 ὑποστῆναι
1266 5053 1342 5117 εἰς
1402 5055 1544 5126 [τὴν]
1576 5059 1682 5108 τῶν
1714 5053 1979 5109 τοιούτων

322 5141 632 5198 ὑποθέσεων
693 5141 942 5198 σύστασιν
1000 5139 1089 5197 διὰ
1137 5143 1235 5211 τήν
1291 5141 1550 5213 τοιαύτην
1585 5141 1782 5199 αἰτίαν.
1817 5140 1982 5203 Θεοὺς

319 5230 431 5308 γὰρ
485 5229 756 5301 Έλληνες
817 5230 946 5294 τοὺς
998 5230 1218 5301 ἀστέρας
1280 5231 1411 5285 εἶναι
1472 5230 1830 5302 νομίζοντες,
1890 5230 1982 5286 καὶ

317 5322 558 5395 ὁρῶντες
589 5319 816 5381 τούτους
850 5319 901 5374 ἐν
932 5325 1008 5391 τῷ
1057 5316 1318 5373 διοδεύειν
1368 5321 1468 5388 τήν
1526 5319 1732 5374 οἶκεῖαν
1760 5320 1981 5394 πορείαν

318 5409 410 5488 ἂρ’
466 5411 702 5486 ἡμέραις
760 5410 902 5465 τισὶν
962 5408 1279 5482 ἱσταμένους
1338 5411 1810 5482 ἁμετακινήτους,
1872 5411 1984 5466 εἶτα

318 5500 419 5557 ἀπὶ
469 5502 535 5555 τὰ
589 5496 806 5556 ὄπισθεν
868 5496 1309 5568 ἀναποδίζοντας,
1366 5501 1476 5553 εἶτα
1506 5500 1670 5554 πάλιν
1705 5500 1984 5575 στηρίζον-

312 5609 422 5650 τας
479 5589 568 5644 καὶ
625 5587 785 5653 εὐθὺς
836 5585 1302 5662 προποδίζοντας,
1363 5588 1658 5663 ἀλλοτρίαν
1690 5589 1846 5653 θείων
1877 5612 1984 5645 σω-

324 5675 516 5755 μάτων
547 5679 649 5749 τὴν
691 5675 950 5749 τοιαύτην
979 5675 1220 5750 πλάνην,
1281 5678 1541 5734 ὑπέθεντο
1585 5678 1682 5742 τὰς
1730 5681 1985 5742 τοιαύτας

321 5767 631 5840 ὑποθέσεις,
673 5767 811 5849 πρὸς
866 5767 929 5826 τὸ
973 5764 1138 5843 δεῖξαι
1200 5765 1368 5846 μηδέν
1417 5790 1470 5828 τι
1520 5773 1766 5828 τοιοῦτον
1815 5770 1985 5837 πάθος

2094 4799 2152 4849 et
2188 4807 2416 4864 pcenam
2448 4793 2745 4845 insumere
2777 4791 2848 4843 ad
2897 4789 3106 4844 talium
3159 4789 3556 4860 bypotbeseon
3610 4806 3750 4844 con-

2094 4880 2486 4936 firmationem
2543 4882 2780 4950 pr0pter
2823 4884 3161 4946 sequentem
3212 4877 3520 4932 rationem.
3555 4878 3752 4932 Graece

2093 4970 2252 5026 enim
2287 4966 2489 5025 stellas
2519 4982 2645 5021 esse
2676 4967 2816 5020 deos
2847 4967 3176 5034 credentes,
3203 4971 3261 5022 et
3291 4983 3390 5021 eas
3424 4971 3749 5037 cernentes,

2099 5060 2240 5113 dum
2291 5055 2588 5128 proprium
2635 5054 2745 5109 iter
2793 5059 3159 5126 peragerent,
3192 5055 3370 5111 certis
3399 5055 3609 5110 diebus
3640 5055 3751 5109 im-

2100 5151 2289 5202 motas
2319 5150 2495 5210 stare,
2529 5143 2660 5198 dein
2694 5144 3079 5208 retrocedere,
3130 5143 3262 5198 dein
3315 5159 3552 5198 rursum
3602 5143 3750 5198 fixas

2096 5241 2252 5291 stare
2283 5240 2338 5290 et
2363 5232 2558 5289 statim
2595 5233 2928 5303 procedere;
2954 5231 3110 5287 hunc
3158 5237 3450 5288 errantem
3503 5248 3746 5288 cursum

2095 5325 2294 5380 divina
2324 5338 2566 5393 corpora
2597 5322 2975 5376 dedecentem
3008 5321 3355 5392 cogitantes,
3404 5322 3512 5376 bas
3562 5321 3748 5393 hypo-

2095 5414 2291 5468 tbeses
2322 5409 2628 5481 imaginati
2661 5414 2819 5474 sunt,
2856 5415 2919 5463 ut
2958 5409 3334 5464 ostenderent
3383 5426 3497 5464 non
3548 5410 3750 5464 stellas

2096 5503 2196 5558 illa
2228 5503 2368 5572 pati,
2400 5501 2500 5555 sed
2553 5515 2655 5571 per
2702 5501 3162 5553 excentricarum
3211 5503 3268 5553 et
3317 5498 3751 5570 supraciroula-

2095 5592 2246 5647 rium
2281 5588 2646 5662 sphzerarum
2681 5591 2907 5642 motum
2940 5587 3117 5642 videri
3150 5587 3322 5643 nobis
3352 5588 3496 5644 ﬁxas
3524 5604 3654 5644 esse
3694 5591 3754 5644 et

2094 5681 2624 5747 retrocedere,cum
2657 5675 2803 5731 nihil
2835 5676 3177 5748 bujusmodi
3210 5677 3348 5750 ipsa:
3380 5682 3748 5750 paterentur.

2093 5772 2159 5828 Et
2187 5773 2331 5829 dum
2364 5767 2617 5842 aequales
2647 5765 2957 5825 voluerunt
2979 5766 3171 5846 facere
3195 5766 3518 5827 caelestium
3542 5783 3748 5845 corpo-
