4088 6350
388 401 505 463 803

1726 390 2145 458 MICHAELIS
2199 393 2459 453 l’SELLI

3677 396 3798 462 804

390 549 521 589 rum
555 536 771 602 motus,
806 550 918 590 non
951 533 1414 590 animadvertere
1440 550 1501 590 se
1543 534 1725 589 multa
1771 532 2021 602 iusque-

2144 522 2272 587 τοὺς
2328 522 2549 598 ἀστὲρας
2610 523 3025 600 ὑφιπαμᾶνους,
3085 522 3233 582 ἀλλὰ
3285 524 3375 583 διὰ
3425 527 3523 597 τήν
3568 533 3675 584 τῶν
3711 530 3796 586 ἰκ-

389 622 615 678 bilitate
645 622 898 678 coelestia
930 621 1167 694 replere.
1204 622 1343 677 Mihi
1376 628 1575 678 autem
1609 622 1842 676 videtur
1872 620 2031 691 ipsas

386 713 588 769 stellas
619 713 770 768 hanc
799 711 1319 784 intequabilitatem
1356 718 1632 767 caeterum
1656 716 1854 767 exacte
1876 708 2032 765 ordi-

388 807 587 856 natam
638 801 948 857 sustinere.
1000 801 1136 864 Quae
1169 802 1328 857 enim
1359 801 1452 856 his
1483 801 1541 856 in
1575 800 1749 856 terris
1782 802 1945 866 sunt,
1978 801 2035 851 et

386 889 697 962 inaaquelia
725 895 782 947 et
812 890 1147 947 inordinata
1179 897 1350 962 sunt;
1384 909 1509 963 quae
1532 896 1724 946 autem
1758 888 1815 943 in
1848 885 2033 943 stellis

385 983 443 1035 et
471 978 783 1051 inaequalia
812 985 869 1036 et
898 982 1201 1048 ordinata;
1248 998 1379 1052 quas
1426 986 1625 1036 autem
1673 995 1854 1051 supra
1900 975 2031 1030 illas

384 1072 522 1124 sunt
550 1072 605 1123 et
634 1070 902 1125 ordinata
933 1074 989 1125 et
1018 1069 1265 1141 aequalia
1295 1074 1456 1124 sunt.

2141 612 2373 687 κέντρων
2424 614 2515 668 καὶ
2558 613 2867 670 ἐπικύκλων
2936 613 3151 686 κίνησιν
3198 618 3477 694 φαίνεσθαι
3520 620 3659 691 ἡμῖν
3707 619 3795 675 καὶ

2143 701 2493 777 στηρίζοντας
2570 704 2659 759 καὶ
2734 701 3185 775 ἀναποδίζοντας,
3261 704 3429 779 μηδὲν
3486 704 3544 762 δὲ
3598 706 3794 772 αὐτοὺς

2140 790 2387 848 τοιοῦτον
2448 794 2798 867 πάσχοντας.
2846 793 2951 849 Καὶ
3010 797 3401 851 κατασκευάσαι
3462 795 3793 870 βουλόμενοι

2142 882 2355 953 ὁμαλάς
2385 883 2480 946 τὰς
2524 887 2631 937 τῶν
2680 882 2949 959 οὐρανίων
3007 886 3268 955 κινήσεις,
3329 880 3521 949 ἔλαθον
3573 888 3794 950 ἑαυτοὺς

2140 968 2360 1039 πολλῆς
2440 969 2930 1047 ἀναπληρώσαντες
3012 972 3330 1046 ἀνωμαλίας
3402 975 3471 1030 τὰ
3546 975 3788 1053 οὐράνια.

2142 1058 2300 1133 Ἐμοὶ
2349 1056 2406 1115 δὲ
2455 1058 2621 1128 δοκεῖ,
2681 1058 2875 1124 αὐτοὺς
2932 1062 3059 1123 τοὺς
3113 1063 3339 1137 ἀστέρας
3393 1064 3491 1132 τήν
3533 1064 3791 1134 τοιαύτην

387 1158 681 1226 ὑποστῆναι
714 1156 1056 1231 ἀνωμαλίαν,
1091 1159 1165 1219 ὡς
1200 1157 1480 1227 σύντονον,
1514 1155 1658 1223 πλὴν
1692 1151 2043 1230 τεταγμένην·
2074 1149 2141 1205 τὰ
2168 1150 2268 1226 γὰρ
2303 1148 2547 1219 ἐνταῦθα,
2579 1152 2668 1205 καὶ
2702 1150 2967 1225 ἀνώμαλα
2997 1151 3087 1207 καὶ
3120 1151 3342 1208 ἄτακτα*
3389 1154 3455 1209 τά
3486 1151 3542 1209 δὲ
3572 1153 3623 1209 ὲν
3659 1153 3794 1211 ἐκεί-

381 1268 497 1309 νοις
527 1248 616 1302 καὶ
648 1247 917 1321 ἀνώμαλα
946 1248 1035 1303 καὶ
1061 1249 1377 1322 τεταγμένα⁸
1417 1250 1477 1301 τὰ
1507 1243 1565 1301 δὶ
1592 1245 1796 1300 τούτων
1829 1242 2026 1298 ἀνωθεν
2059 1239 2148 1295 καὶ
2176 1241 2477 1317 τεταγμένα
2506 1239 2595 1295 καὶ
2636 1240 2846 1314 ὁμαλά.

735 1358 823 1410 24.
858 1357 1002 1413 Unde
1032 1358 1443 1412 illuminanzur
1475 1356 1672 1411 stellze.

455 1443 639 1500 Multa
690 1446 760 1500 de
810 1445 917 1500 hac
966 1447 1289 1516 quaestione
1338 1445 1600 1516 antiquis
1660 1440 2029 1515 philosophis

383 1534 740 1605 ambiguitas
795 1534 922 1589 fuit.
977 1535 1223 1599 Quidam
1275 1534 1429 1588 enim
1471 1533 1731 1589 videntes
1762 1531 1963 1585 lunam
1997 1546 2031 1584 a

382 1624 503 1677 sole
535 1622 733 1677 lumen
785 1623 1066 1695 accipere,
1118 1622 1364 1694 professi
1416 1628 1555 1678 sunt
1602 1628 1657 1677 et
1705 1622 1818 1676 alia
1869 1624 2028 1674 astra

384 1710 505 1767 sole
535 1710 877 1767 illuminari.
921 1712 1032 1767 Alii
1082 1716 1273 1768 autem
1330 1713 1592 1767 videntes
1642 1710 1925 1765 Venerem
1971 1712 2027 1762 et

384 1799 738 1855 Mercurium
772 1803 880 1856 sub
912 1801 1031 1857 sole
1054 1801 1196 1857 sitos
1229 1818 1415 1873 neque
1439 1802 1509 1856 ab
1533 1800 1632 1855 illo
1654 1804 1774 1854 tam
1798 1798 2021 1853 distan-

378 1894 468 1944 tes
516 1894 581 1944 ut
630 1890 764 1945 inde
813 1889 1011 1945 lumen
1062 1892 1366 1962 recipiant,
1423 1890 1644 1962 Opinati
1700 1896 1838 1943 sunt
1868 1890 2022 1943 eaet

381 1981 583 2032 cratera
612 1978 916 2049 proprium
948 1978 1147 2034 lumen
1182 1979 1414 2033 habere.

546 2177 635 2231 25.
670 2176 948 2245 Quomodo
979 2177 1115 2246 ﬁunt
1148 2180 1391 2247 quatuor
1420 2176 1559 2229 armi
1587 2178 1852 2242 tempora.

450 2264 527 2319 Ea
557 2280 911 2335 quacunque
943 2264 1158 2319 creavit
1208 2267 1359 2318 Deus
1407 2268 1464 2318 et
1511 2260 1805 2334 sapientia
1856 2258 2027 2331 plena

377 2358 517 2408 sunt
564 2357 620 2408 et
667 2353 1053 2407 admiratione
1086 2354 1282 2424 digna,
1317 2353 1568 2406 maxime
1599 2366 1731 2405 vero
1765 2349 1908 2405 solis
1938 2347 2027 2401 iti-

374 2441 534 2497 neris
591 2441 933 2513 obliquitas,
991 2447 1057 2496 ut
1111 2442 1169 2496 in
1228 2442 1341 2497 alio
1396 2457 1569 2511 opere
1626 2435 2026 2494 demonstravi

376 2532 450 2585 de
479 2529 807 2585 caelestium
842 2546 1022 2586 causa
1052 2531 1356 2601 inscripto.
1394 2530 1518 2586 Non
1551 2528 1709 2585 enim
1768 2526 2025 2582 medium

375 2620 588 2675 malum
618 2621 830 2674 transit
859 2621 1183 2676 secundum
1214 2618 1656 2690 aequinoctium,
1703 2617 1804 2672 sed
1840 2614 2027 2685 vergit

374 2709 446 2763 ad
480 2710 937 2780 septentrionem
974 2715 1229 2781 quatuor
1259 2714 1316 2763 et
1345 2707 1551 2778 viginti
1586 2706 1805 2776 gradus
1854 2703 2025 2758 circi-

373 2803 482 2867 ter,
534 2802 590 2853 et
643 2800 713 2853 ad
768 2800 1073 2853 meridiem
1131 2798 1425 2853 similiter.
1480 2796 1722 2859 Quando
1770 2794 1951 2865 igitur
1994 2808 2028 2847 a

376 2886 624 2941 meridie
690 2888 1032 2957 regrediens
1100 2888 1170 2941 ad
1244 2885 1664 2958 aequinoctium
1740 2881 2024 2953 pervenit,

372 2992 617 3030 vernum
680 2981 915 3046 tempus
968 2974 1167 3044 efﬁcit,
1226 2976 1516 3044 nobisque
1570 2970 2022 3044 apprOpinquat,

372 3083 529 3134 cum,
562 3071 629 3121 ut
658 3066 1147 3131 diximus,versus
1181 3065 1639 3137 septentrionem
1674 3062 2023 3127 incolamus;

373 3157 611 3225 quando
642 3159 838 3209 autem
888 3171 1123 3209 rursum
1174 3155 1244 3209 ad
1294 3154 1706 3223 aequinoctium
1756 3150 2021 3216 vertitur,

370 3248 731 3298 autumnum
791 3244 1052 3308 adducit,
1103 3248 1160 3298 et
1207 3244 1442 3313 quando
1501 3239 1855 3297 extremitati
1904 3254 2024 3293 sue

368 3330 771 3386 meridionalis
815 3331 1185 3403 obliquitatis
1237 3330 1511 3395 occurrit,
1560 3329 1834 3397 hiemem,
1885 3327 2028 3398 quia

2450 1345 2549 1406 κδ’.
2584 1348 2749 1403 Πόθεν
2784 1349 3111 1427 φωτίζονται
3142 1351 3193 1405 αὶ
3227 1351 3466 1424 ἀστέρες.

2212 1436 2343 1513 Ηερὶ
2387 1438 2583 1493 τούτου
2630 1437 2816 1507 πολλή
2852 1442 2885 1508 ἡ
2919 1434 3228 1518 ἀμφιϐολία
3254 1447 3372 1504 τοῖς
3400 1440 3569 1497 πάλαι
3600 1446 3792 1520 σοφοῖς

2141 1525 2368 1601 ἐγένετο.
2425 1528 2584 1590 Τινὲς
2637 1528 2760 1603 γὰρ,
2808 1529 3045 1603 ὁρῶντες
3102 1530 3201 1597 τήν
3258 1530 3491 1600 σελήνην
3520 1532 3792 1604 παράτοῦ

2137 1614 2304 1684 ἡλίου
2355 1614 2661 1691 δεχομένην
2708 1618 2774 1673 τὸ
2822 1622 2961 1693 φῶς,
2994 1618 3338 1695 ἀπεφήναντο
3385 1619 3476 1674 καὶ
3501 1622 3628 1695 περὶ
3656 1620 3793 1673 τεάν-

2124 1696 2240 1759 ’των
2298 1710 2407 1760 τῶν
2491 1704 2751 1781 ἀστὲρων,
2808 1707 2883 1768 ὡς
2934 1707 3026 1761 καὶ
3084 1706 3236 1762 αὐτοὶ
3292 1710 3437 1783 παρά
3474 1713 3573 1766 τοῦ
3619 1709 3791 1779 ἡλίου

2136 1792 2478 1871 φωτίζονται.
2534 1798 2753 1871 ’Ἠτεροι
2808 1793 2886 1865 δὲ,
2945 1797 3201 1871 ὁρῶντες,
3236 1800 3336 1868 τήν
3366 1819 3423 1853 τε
3455 1798 3787 1875 Ἀφροδίτην

2133 1882 2225 1936 καὶ
2252 1884 2344 1937 τὸν
2398 1884 2606 1955 Ἑρμῆν
2635 1884 2738 1938 ὑπὸ
2781 1885 2873 1938 τὸν
2909 1884 3069 1953 ἥλιον
3102 1882 3280 1952 ὄντας,
3330 1888 3418 1941 καὶ
3452 1888 3527 1960 μὴ
3560 1887 3793 1962 πόρῥωέ

2064 2005 2108 2068 Β
2145 1974 2229 2025 Θεν
2262 1972 2427 2027 αὐτοῦ
2466 1974 2885 2049 ἀφισταμένους,
2934 1974 3007 2035 ὡς
3039 1974 3383 2052 ,φωτίζεσθαι
3426 1977 3553 2051 παρ’
3602 1976 3794 2047 αὐτοῦ,

2139 2060 2388 2133 ἐδόξασαν
2420 2058 2567 2137 ἔχειν
2600 2062 2824 2125 τούτους
2853 2063 2946 2117 καὶ
2975 2063 3103 2126 τοὺς
3129 2063 3333 2127 ἄλλους
3364 2062 3566 2120 οἰκεῖον
3594 2069 3736 2139 φῶς.

2382 2170 2474 2223 κε’.
2508 2173 2631 2230 Πῶς
2659 2170 2902 2243 γίνονται
2953 2170 3005 2224 οἱ
3047 2170 3298 2246 τέσσαρες
3326 2172 3528 2247 καιροί.

2207 2260 2389 2313 Ταῦτα
2440 2260 2554 2329 μὲν,
2613 2258 2713 2312 ὅσα
2770 2259 2830 2313 τὸ
2871 2265 3025 2314 Θεῖον
3057 2257 3485 2335 ἐδημιούργησε,
3540 2262 3630 2317 καὶ
3690 2282 3788 2316 σο-

2136 2346 2260 2424 φίας
2317 2347 2586 2420 ἀνάμεστα
2642 2347 2733 2401 καὶ
2800 2347 3073 2420 θαύματος
3126 2348 3269 2422 ἄξια,
3330 2350 3565 2422 μάλιστα
3614 2348 3673 2406 δὲ
3721 2352 3789 2405 τὸ

2134 2442 2235 2503 τῆς
2293 2436 2529 2505 ἡλιακῆς
2586 2436 2813 2509 πορείας
2868 2434 3049 2506 λοξὸν,
3110 2438 3185 2499 ὡς
3218 2437 3342 2510 ἐμοὶ
3374 2438 3427 2494 ἐν
3458 2440 3628 2513 ὶτέρῳ
3656 2460 3785 2513 συγ-

2133 2524 2413 2600 γράμματι
2447 2522 2842 2593 ἀποδέδεικται,
2873 2530 2954 2597 τῷ
2984 2526 3107 2602 περὶ
3139 2527 3317 2590 αἰτίας
3368 2527 3631 2603 οὐρανίων
3665 2527 3781 2583 ἔπι·

2124 2613 2485 2687 γραφομένῳ.
2537 2610 2676 2672 Οὔτε
2702 2615 2801 2689 γὰρ
2854 2616 3016 2687 μέσον
3043 2615 3134 2671 τὸν
3170 2616 3390 2687 οὐρανὸν
3422 2619 3557 2672 κατὰ
3588 2617 3786 2689 ἰσημε-

2135 2708 2283 2777 ρινοῦ
2314 2701 2565 2770 διοδεύει,
2597 2701 2745 2759 ἀλλά
2772 2700 2945 2759 κλίνει
3002 2705 3141 2779 πρὸς
3192 2706 3287 2777 μὲν
3342 2706 3541 2782 βορῥᾶν
3594 2708 3793 2780 μοίραις

2133 2790 2216 2848 κδ’
2259 2788 2497 2867 ἔγγιστα,
2531 2792 2667 2865 πρὸς
2702 2789 2759 2846 δὲ
2785 2794 2939 2848 νότον
2971 2795 3205 2867 ὁμοίως.
3243 2796 3404 2852 Ὅταν
3438 2796 3528 2850 οὖν
3558 2797 3785 2872 ἀνερχέο

2138 2903 2298 2954 μενος
2343 2882 2449 2937 ἀπὸ
2506 2881 2685 2950 νότου,
2740 2882 2874 2938 κατὰ
2928 2884 3020 2937 τὸν
3056 2882 3371 2959 ἰσημερινὸν
3402 2886 3651 2959 γένηται,
3680 2888 3779 2953 τὴν

2133 2971 2350 3045 ἐαρινην
2410 2976 2647 3027 ποιεῖται
2694 2972 2923 3044 τροπὴν,
2957 2973 3046 3026 καὶ
3075 2971 3371 3044 πλησιάζει
3404 2977 3564 3047 ἡμῖν,
3598 2972 3690 3029 διὰ
3715 2976 3780 3033 τὸ

2131 3063 2230 3130 τήν
2278 3060 2545 3137 ἡμετέραν
2577 3057 2813 3132 οἷ’κησιν,
2845 3062 2918 3123 ὡς
2951 3060 3171 3139 ἔφαμεν,
3238 3064 3584 3139 βορειοτέραν
3615 3066 3776 3119 εἶναι·

2133 3149 2295 3218 ἡνίκα
2320 3147 2367 3204 δ’
2414 3149 2566 3212 αὖθις
2611 3151 2747 3221 πρὸς
2780 3150 2872 3205 τὸν
2923 3152 3233 3226 ισημερινὸν
3287 3154 3630 3230 ὑπωρέφει,
3680 3154 3782 3222 τήν

2134 3239 2542 3316 φθινοπωρινὴν
2597 3236 2875 3305 ἀποτελεῖ,
2936 3240 3048 3311 καὶ,
3106 3241 3195 3296 ὅτε
3247 3242 3383 3315 πρὸς
3435 3242 3497 3297 τὸ
3546 3240 3776 3316 ἔσχατον

2130 3331 2228 3396 τῆς
2277 3327 2459 3389 νοτίας
2517 3328 2683 3383 αὐτοῦ
2746 3326 3029 3397 λοξώσεως
3057 3332 3400 3400 καταντήσει.
3452 3331 3553 3400 τὴν
3583 3350 3779 3405 χειμο-

365 3424 507 3475 tunc
534 3419 705 3491 longe
737 3425 826 3475 est
852 3438 886 3475 a
918 3391 1106 3476 nobis.
1132 3423 1200 3475 Et
1228 3438 1295 3475 ea
1324 3420 1465 3475 solis
1495 3391 2021 3489 obliquitas'ca'usa

2135 3391 2311 3492 ρινήν,
2364 3414 2453 3470 δια
2477 3417 2541 3470 τὸ
2582 3391 2881 3485 τηνικαῦτα
2934 3418 3067 3471 εἶναι
3106 3391 3387 3493 πόρῥωθεν
3434 3391 3625 3492 ἡμίειῦνῖ⁸
3682 3391 3782 3475 lia!

366 3516 457 3565 est
486 3514 738 3580 quatuor
785 3511 921 3565 anni
968 3516 1299 3581 temporum
1350 3507 1765 3581 generationis.
1818 3510 2016 3573 Neque

364 3615 502 3654 vero
536 3598 748 3654 horum
793 3598 1185 3669 solummodo,
1238 3600 1339 3654 sed
1388 3604 1447 3653 et
1495 3598 1742 3653 aliorum
1795 3595 2015 3651 mundo

368 3688 821 3744 utilissimorum
863 3694 924 3744 et
964 3688 1131 3743 valde
1183 3688 1669 3755 necessariorum,
1718 3690 1785 3741 ut
1829 3687 2015 3741 abun-

364 3779 604 3833 dantius
634 3778 692 3832 in
726 3783 1047 3833 memorato
1078 3794 1250 3850 opere
1282 3774 1835 3832 demonstravimus.

658 4049 748 4101 26.
782 4048 859 4101 De
887 4045 1277 4117 magnitudine
1304 4047 1440 4101 solis
1469 4054 1522 4100 et
1554 4046 1720 4099 luna.

436 4133 584 4189 Solis
615 4135 964 4205 magnitudo
994 4134 1226 4188 videtur
1254 4134 1477 4205 aliquid
1511 4132 1851 4189 incredibile
1882 4147 2018 4202 geo-

370 4224 592 4278 metriae
622 4223 846 4293 ignaris
878 4228 935 4278 et
966 4222 1347 4293 philosOphize
1381 4240 1495 4277 non
1524 4222 2017 4277 initiatis.0mnes

370 4312 549 4380 igitur
579 4310 982 4367 mathematici
1013 4311 1259 4381 professi
1290 4316 1429 4366 sunt
1457 4310 1621 4365 illum
1653 4315 1813 4365 terra
1845 4311 2018 4379 majo-

369 4416 492 4455 rem
525 4415 675 4463 esse,
722 4415 838 4453 non
887 4399 1269 4453 consentiunt
1316 4404 1513 4454 autem
1563 4403 1780 4469 quanto
1830 4400 2018 4466 major

369 4488 445 4542 sit
488 4493 547 4542 et
596 4486 922 4558 multiplex.
973 4488 1458 4558 Sapientissimus
1505 4504 1640 4541 vero
1674 4486 2015 4542 Ptolemaeus

366 4593 471 4646 per
496 4576 877 4646 geometricas
907 4576 1440 4632 demonstrationes
1491 4586 1548 4631 et
1580 4576 1887 4631 methodos
1918 4593 2015 4633 os-

362 4666 555 4719 tendit
579 4680 716 4719 eum
769 4665 986 4720 centies
1010 4666 1345 4737 septuagies
1368 4670 1522 4721 terra
1547 4666 1829 4736 majorem
1862 4682 2010 4723 esse.

2123 3509 2157 3575 ἡ
2190 3506 2414 3575 τοιαύτη
2467 3503 2697 3575 λόξωσις
2728 3511 2825 3561 τοῦ
2870 3506 3037 3575 ἡλίου
3085 3507 3287 3581 γίνεται
3321 3507 3465 3563 αίνία
3497 3511 3638 3581 [τῆς]
3666 3513 3780 3563 τῶν

2122 3594 2393 3667 τεσσάρων
2451 3599 2548 3649 τοῦ
2619 3594 2860 3651 ἐνιαυτοῦ
2936 3601 3136 3669 καιρῶν
3214 3598 3494 3671 γενέσεως’
3558 3598 3648 3653 καὶ
3712 3597 3777 3653 ού

2131 3683 2294 3757 μόνον
2352 3682 2584 3754 τούτων,
2642 3681 2786 3739 ἀλλά
2842 3685 2931 3740 καὶ
2986 3686 3180 3758 ἐτέρων
3214 3687 3653 3762 χρησιμωτάτων
3685 3687 3781 3741 καὶ

2127 3774 2562 3847 ἀναγκαιοτάτων
2593 3778 2675 3844 τῷ
2724 3774 2917 3848 κόσμῳ
2961 3777 3320 3851 πραγμάτων,
3378 3778 3454 3839 ὡς
3508 3775 3779 3833 πλατύτε-

2126 3884 2216 3938 ρον
2272 3865 2405 3934 ἠμῖν
2460 3859 2833 3917 ἀποδέδεικται
2894 3863 2946 3919 ἐν
3017 3869 3097 3937 τῷ
3157 3864 3582 3938 μνημοηυθέντι
3641 3887 3779 3939 συγ·-

2126 3949 2435 4027 γρᾶμματι.

2360 4042 2461 4104 κς’.
2494 4039 2623 4111 Περὶ
2659 4042 2915 4115 μεγέθους
2946 4039 3113 4110 ἡλίου
3144 4042 3234 4096 καὶ
3268 4040 3530 4113 σελήνης.

2194 4130 2263 4183 Τὸ
2294 4133 2390 4183 τοῦ
2445 4129 2607 4198 ἡλίου
2670 4129 2893 4205 μὲγεθος
2926 4128 3150 4186 ἄπιστόν
3184 4153 3236 4187 τι
3272 4129 3421 4187 δοκεῖ
3450 4138 3564 4195 τοῖς
3597 4132 3782 4206 ἀγεω-

2131 4221 2420 4294 μετρήτοις
2490 4218 2578 4273 καὶ
2655 4225 2754 4288 τῆς
2819 4218 3144 4297 φιλοσοφίας
3222 4222 3512 4293 ἀμυήτοις.
3571 4224 3781 4283 Πάντες

2128 4309 2224 4381 μὲν
2277 4306 2369 4362 οὖν
2424 4308 2476 4361 οἱ
2532 4310 2902 4380 μαθηματικοὶ
2950 4309 3293 4385 ἀπεφήναντο
3323 4316 3511 4367 τοῦτον
3544 4319 3642 4380 τῆς

2127 4398 2368 4470 μείζονα,
2428 4394 2759 4471 διεφώνησαν
2793 4398 2850 4451 δὲ
2884 4398 3007 4471 περὶ
3036 4403 3134 4453 τοῦ
3166 4401 3364 4455 ὁπόσον
3409 4398 3519 4455 ἐστὶ
3573 4400 3778 4472 μείζων

2123 4487 2214 4542 καὶ
2265 4484 2670 4542 πολυπλάσιος.
2730 4487 2792 4543 Ὁ
2843 4484 2901 4542 δὲ
2956 4489 3272 4565 σοφώτατος
3306 4488 3654 4563 Πτολεμαῖος
3685 4486 3784 4547 διὰ

2121 4579 2499 4651 γεωμετρικῶν
2586 4572 2907 4646 ἀποδείξεων
2993 4579 3082 4632 καὶ
3173 4577 3417 4650 μεθόδων
3502 4577 3779 4648 ἀπέδειξεν

2124 4665 2307 4720 ἑκατὸν
2369 4658 3024 4737 ἐϐδομηκονταπλασίονα
3081 4671 3272 4722 τοῦτον
3329 4675 3429 4737 τῆς
3458 4674 3559 4741 γῆς
3616 4668 3777 4727 εἶναι.

369 4754 507 4824 Ejus
520 4754 1078 4810 demonstrationem
1094 4755 1418 4826 proponere
1430 4762 1485 4811 et
1500 4756 1783 4827 explicare
1803 4772 1916 4812 non
1935 4760 2021 4812 est

2135 4761 2171 4809 Κ
2211 4754 2227 4774 ‘
2324 4754 2336 4772 ‘
2462 4753 2489 4808 ἒ
2616 4755 2627 4771 ‘
2742 4755 2755 4773 ’
2815 4752 2861 4808 ’δ
3534 4758 3543 4775 ⁸
3761 4756 3779 4778 ‘

2174 4775 2229 4809 αι
2284 4775 2346 4808 το
2422 4775 2515 4826 μν
2569 4773 2670 4822 την
2732 4775 2828 4809 ακο
2868 4756 2995 4825 ειξιν
3054 4755 3260 4811 ἐκείνου
3320 4760 3625 4831 προτιθεναι
3681 4777 3782 4812 και

368 4844 678 4914 praesentis
707 4844 919 4914 operis;
954 4843 1044 4898 hic
1073 4848 1301 4899 tantum
1333 4844 1834 4900 demonstrabitur
1862 4844 2016 4901 clare

365 4936 424 4986 et
452 4931 777 4987 indubitate
805 4932 987 4987 solem
1020 4937 1173 4987 terra
1199 4950 1329 4989 esse
1360 4934 1664 5003 majorem,
1689 4933 1799 4989 hoc
1821 4934 2014 4989 modo.

369 5021 666 5092 Quidquid
698 5020 1017 5088 illuminat,
1053 5027 1154 5076 aut
1184 5022 1523 5076 illuminata
1552 5038 1613 5077 re
1662 5022 1858 5091 majus
1905 5027 2015 5091 est,

369 5116 471 5163 aut
526 5110 578 5164 ei
627 5126 860 5180 equum
911 5115 1025 5177 est,
1075 5114 1178 5165 aut
1223 5126 1289 5165 ea
1340 5112 1557 5165 minus.
1610 5112 1681 5165 Et
1726 5111 1775 5166 si
1822 5112 2017 5180 majus

369 5199 605 5267 quidem
636 5203 747 5264 est,
781 5199 1052 5253 umbram
1086 5199 1328 5254 omnino
1360 5217 1394 5254 a
1442 5199 1569 5255 basi
1618 5199 1823 5255 latiore
1869 5199 2015 5253 inci-

370 5288 625 5357 pientem
658 5288 853 5357 eflicit,
887 5294 944 5343 et
974 5304 1160 5360 usque
1211 5290 1281 5343 ad
1332 5294 1566 5344 acutam
1615 5288 2016 5344 summitatem

368 5381 726 5447 porrectam;
788 5377 837 5432 si
894 5376 1139 5449 aequale,
1209 5379 1483 5433 umbram
1540 5378 1719 5433 efﬁcit
1771 5395 1901 5449 quae
1956 5376 2015 5433 in

364 5464 663 5520 inlicitum
689 5466 841 5521 intra
889 5482 1049 5536 aeque
1105 5466 1395 5522 distantes
1436 5466 1626 5523 lineas
1666 5467 2016 5539 porrigitur;

365 5552 417 5608 si
449 5556 647 5609 minus
677 5557 1076 5623 est,umbram
1109 5555 1167 5609 in
1200 5555 1447 5611 formam
1477 5555 1691 5612 calathi
1726 5556 2017 5627 producit,

366 5658 492 5713 qua
528 5645 601 5699 ab
632 5650 887 5715 angusta
917 5644 1042 5699 basi
1073 5643 1133 5699 in
1168 5644 1465 5700 inﬁnitum
1518 5643 1818 5700 dilatatur.
1870 5644 2016 5701 Cum

367 5746 501 5787 vero
531 5736 686 5787 terra
733 5732 864 5789 coni
909 5734 1155 5789 formam
1205 5732 1517 5789 habentem
1570 5733 1843 5790 umbram
1891 5734 2016 5791 efﬂ-

2129 4842 2454 4917 διασαφῆσαι
2486 4840 2779 4917 ἀλλότριον
2823 4851 2924 4913 τῆς
2970 4847 3332 4918 προκειμένης
3378 4846 3778 4919 πραγματείας,

2127 4932 2353 4996 ἐνταῦθα
2408 4930 2466 4987 δὲ
2508 4929 2855 5007 δειχθήσεται
2905 4933 3146 5009 ἐναργῶς
3177 4935 3267 4990 καὶ
3327 4935 3779 5010 ἀναμφηρίστως,

2127 5021 2202 5083 ὠς
2266 5022 2462 5093 μείζων
2522 5020 2632 5076 ἐστί
2682 5029 2781 5090 τῆς
2832 5029 2933 5096 γῆς
2988 5024 3017 5077 ὁ
3068 5022 3255 5095 ἥλιος,
3311 5024 3780 5094 τοιουτοτρόπως.

2131 5115 2237 5167 Ηᾶν
2289 5112 2352 5165 τὸ
2410 5110 2644 5184 φωτίζον
2697 5111 2731 5179 ἢ
2770 5111 2953 5184 μεῖζόν
3011 5110 3119 5169 ἐστι
3150 5118 3248 5167 τοῦ
3279 5115 3675 5188 φωτιζομὲνου,
3737 5113 3781 5182 ἢ

2126 5198 2264 5267 ἴσον,
2322 5200 2357 5268 ἢ
2417 5195 2664 5256 ἔλαττον.
2727 5199 2884 5256 Ἀλλ’
2943 5202 2989 5256 εἰ
3051 5202 3143 5275 μὲν
3182 5202 3368 5275 μεῖζόν
3402 5202 3533 5270 ἐστι,
3564 5199 3784 5279 κομιδῇ

2124 5294 2273 5345 ποιεῖ
2328 5290 2427 5357 τὴν
2483 5291 2634 5344 σκιάν
2698 5290 2804 5344 ἀπὸ
2855 5289 3117 5353 πλατείας
3170 5292 3488 5367 ἀρχομένην
3545 5293 3786 5367 βάσεως,

2126 5377 2216 5432 καὶ
2272 5376 2682 5452 περατουμένην
2742 5376 2817 5438 εἷς
2868 5378 3041 5448 ὀξεῖαν
3090 5382 3357 5454 κορυφήν·
3398 5380 3445 5435 εἲ
3493 5378 3636 5445 ⁸ίσον,
3684 5376 3783 5438 ἐπὶ

2128 5463 2345 5541 ἄπειρον
2394 5465 2524 5519 ίέναι
2574 5466 2963 5539 παρασκευάζει
2993 5469 3092 5537 τὴν
3125 5470 3278 5523 σκιὰν
3318 5469 3511 5541 μεταξὺ
3558 5466 3789 5543 παραλε-

2129 5553 2319 5626 λήλων
2381 5553 2625 5619 εὐθειῶνο
2684 5554 2734 5610 εἴ
2789 5553 2847 5611 δί
2884 5555 3128 5625 ἔλαττον,
3182 5556 3512 5627 καλαθοειδῆ
3569 5558 3785 5629 ταύτην

2126 5644 2429 5720 ἐργάζεται,
2490 5644 2595 5699 ἀπὸ
2628 5652 2819 5714 στενῆς
2862 5652 2963 5717 τῆς
3001 5646 3209 5721 βάσεως
3242 5644 3677 5719 πλατυνομένην
3706 5645 3791 5709 ἃς

2135 5731 2379 5812 ἄπειρον.
2425 5734 2576 5792 Ἐπεὶ
2609 5730 2666 5789 δὲ
2696 5735 2730 5805 ἠ
2762 5740 2855 5811 γῆ,
2903 5736 3051 5809 παρά
3081 5740 3179 5792 τοῦ
3212 5734 3382 5807 ἡλίου
3416 5736 3779 5815 φωτιζομένη
