4080 6350
247 393 362 456 805

1408 412 1419 424 ι
1488 386 1977 460 δοιδτιοΝἘε
2021 399 2398 472 ΟΠλΕΒΑΜ.

3544 401 3662 465 Θῶ

247 524 512 599 κωνοειδῆ
571 532 810 584 ποιεῖται
856 530 956 599 τὴν
1028 528 1205 599 σκιὰν,
1254 526 1493 590 ἐλάττων
1542 528 1707 584 αὐτοῦ
1755 529 1896 584 ἔστιν

2022 530 2131 588 ciat
2160 548 2195 588 a
2224 531 2347 589 sole
2386 530 2746 598 illuminata,
2798 531 2920 589 sole
2962 532 3157 589 minor
3213 537 3322 590 est.
3356 534 3535 591 Terra
3564 550 3664 591 au-

246 619 367 675 Ὂτι
402 616 464 673 δὲ
493 620 529 689 ἡ
561 625 633 693 γῆ
664 615 935 689 κωνοειδῆ
985 624 1224 674 ποιεῖται
1265 626 1364 690 τῆν
1415 619 1592 689 σκιὰν,
1640 618 1812 688 δῆλον
1845 617 1905 674 ἐκ

244 712 351 764 τῶν
384 716 484 778 τῆς
518 706 759 779 σελήνης
811 705 1129 782 ἐκλείψεων.
1180 711 1308 767 ¹Ὸτε
1350 710 1452 786 γὰρ
1485 708 1712 784 ἐκλείψῃ
1740 708 1792 763 ἐν
1823 713 1903 781 τῷ

244 796 493 872 ἀπογείῳ
522 795 714 869 αὐτῆς,
767 796 1049 875 πόῤῥωθὲν
1106 797 1215 853 ἐστι
1264 804 1365 868 τῆς
1412 802 1538 874 γῆς,
1569 799 1656 853 καὶ
1690 797 1905 874 ταχέως

243 885 606 962 διλάμπεται,
655 888 729 950 ὡς
776 888 839 942 τὸ
897 886 1398 965 λεπτομερέστερον
1461 886 1625 963 μέρος
1677 885 1903 963 διερχο-

247 979 383 1053 μένη
414 983 518 1047 τῆς
549 982 702 1039 σκιᾶς
735 995 748 1010 ·
803 974 895 1033 ὅτε
932 974 991 1036 δὲ
1041 975 1093 1033 ἐν
1143 982 1224 1050 τῷ
1267 971 1901 1054 περιγείῳ,ἐμὸραδύνει

242 1070 311 1140 τῇ
370 1064 634 1140 ἔκλείψει,
693 1065 769 1129 ὡς
840 1065 906 1121 τὸ
991 1065 1301 1143 παχύτερον
1379 1066 1542 1141 μέρος
1598 1072 1697 1136 τῆς
1752 1070 1904 1127 σκιᾶς

246 1155 608 1232 διερχομένη.
639 1156 719 1215 Οὔ
755 1157 863 1230 μὴν
893 1152 1043 1214 ἀλλὰ
1065 1157 1156 1211 καὶ
1201 1154 1263 1211 ὲκ
1314 1154 1541 1212 πολλῶν
1570 1155 1756 1211 ἄλλων
1790 1151 1904 1209 δείο

245 1264 435 1302 κνυται
474 1246 543 1301 τὰ
595 1249 958 1321 περατοῢσθαι
1002 1245 1065 1300 τὸ
1121 1252 1223 1317 τῆς
1270 1252 1378 1322 γῆς
1435 1244 1653 1317 σκίσμα.
1715 1243 1903 1321 Εἰγὰρ

246 1333 331 1391 ἐπ’
388 1333 611 1410 ἄπειρον
649 1334 870 1411 προῄει,
908 1333 1174 1406 ἐσκότιζεν
1232 1333 1293 1391 ἂν
1345 1333 1444 1391 οὐκ
1500 1332 1721 1412 ὀλίγους
1770 1330 1903 1397 τοὺς

245 1425 511 1499 ἀστέρων,
565 1424 655 1480 καὶ
710 1426 833 1490 καθ’
860 1425 1089 1497 ἑκάστην
1142 1425 1305 1481 νύκτα
1352 1423 1619 1481 ἐκλείπειν
1674 1422 1901 1485 τούτους

246 1513 418 1569 ἐποίει
453 1533 466 1547 ·
512 1517 601 1569 νῦν
648 1511 708 1570 δὲ
754 1512 819 1569 οὗ
884 1513 1125 1594 φαίνεταί
1174 1536 1227 1569 τι
1274 1518 1545 1571 τοιοῦτον.
1595 1512 1725 1586 Περὶ
1781 1510 1906 1567 ταύ-

248 1625 352 1674 της
373 1601 433 1660 δὲ
453 1606 552 1674 τῆς
583 1608 738 1668 σκιᾶς
771 1625 904 1683 φησι
930 1604 1019 1659 καὶ
1050 1605 1079 1661 6
1109 1608 1369 1677 ποιητής.

248 1704 341 1761 Ἐν
371 1701 419 1759 δ’
449 1702 596 1759 ἔπεσ⁹
629 1701 849 1778 ὠκῖανῷ
879 1702 1133 1779 λαμπρὸν
1163 1704 1298 1781 φάος
1330 1700 1573 1774 ἠελίοιο,

245 1792 454 1853 Ἔλκον
482 1792 651 1849 νύκτα
686 1791 944 1868 μέλαιναν
979 1792 1068 1849 ἐπὶ
1097 1790 1356 1867 ζείδωρον
1388 1790 1646 1868 ἄρουραν.

250 1907 436 1967 ’Δλλᾶ
459 1909 552 1965 καὶ
583 1906 643 1965 ἰκ
666 1907 829 1965 τοῦδε
871 1906 1045 1978 δῆλον
1091 1908 1155 1963 τὸ
1200 1912 1296 1964 τοῦ
1343 1907 1511 1978 ἡλίου
1565 1908 1788 1982 μέγέθος
1821 1924 1835 1939 ⁶
1869 1909 1904 1977 ἡ

2022 1879 2105 1932 est
2153 1875 2297 1932 solis
2364 1876 2711 1948 magnitudo
2761 1892 2776 1932 :
2830 1877 2989 1933 Luna
3037 1877 3146 1933 sub
3194 1879 3295 1933 east

827 1963 1040 2075 Θερίνὸν
1106 1963 1282 2053 κεῖται
1329 1963 1591 2074 τροπικόν
1627 1963 1656 2032 Ἰ
1704 1963 1907 2053 ὁπόταν

2022 1966 2169 2038 iacet
2200 1980 2215 2022 :
2244 1965 2481 2038 quando
2504 1964 2688 2037 igitur
2738 1963 2825 2021 sol
2872 1963 3013 2021 illuc
3062 1965 3347 2037 pervenit,
3383 1966 3666 2023 umbrosa

250 1998 457 2070 σελήνη
519 1997 625 2054 ὕπὸ
676 1999 767 2055 τὸν

249 2086 343 2144 οὖν
378 2090 408 2144 6
451 2087 616 2158 ἥλιος
667 2086 845 2144 ἐκεῖσε
880 2087 1120 2163 γένηται,
1171 2086 1308 2142 κατᾶ
1356 2081 1699 2161 μεσημϐρίαν
1748 2084 1908 2141 ἄσκια

244 2182 398 2233 ποιεῖ
452 2177 520 2232 τὰ
570 2176 743 2233 ἐκεῖσε
795 2177 1023 2250 σώματα
1086 2175 1174 2232 ἐπὶ
1239 2173 1486 2238 σταδίους
1535 2176 1905 2252 τριακοσίους.

245 2269 455 2341 Ἧγουν
487 2266 517 2321 6
544 2263 771 2334 κύκλος,
813 2265 872 2320 6v
914 2262 1290 2341 διαπορεύεται
1321 2266 1349 2320 6
1379 2264 1563 2335 ἥλιος,
1597 2263 1906 2340 μυριοπλα-

246 2356 377 2411 σίων
410 2353 525 2411 ἰστὶ
552 2362 655 2425 τῆς
692 2357 815 2430 γῆς,
866 2356 957 2410 καὶ
1006 2355 1069 2409 τὸ
1121 2355 1287 2431 μέρος
1330 2358 1430 2408 106

245 2443 505 2521 ὕπερέχει
534 2444 598 2500 τὸ
622 2446 723 2500 106
768 2441 938 2514 ἡλίου
995 2443 1220 2520 μέγεθος
1254 2461 1269 2477 ο
1322 2440 1720 2521 μυριοπλάσιον
1772 2443 1907 2499 εἶναι

246 2531 335 2590 δεῖ
370 2537 471 2589 106
519 2528 862 2604 δηλωθέντος
906 2538 1009 2602 τῆς
1054 2539 1161 2608 γῆς
1203 2534 1497 2606 τμήματος
1528 2551 1543 2565 ο
1602 2533 1667 2587 τὸ
1724 2529 1782 2587 δὲ
1810 2536 1906 2588 106

244 2622 416 2694 ἡλίου
446 2625 644 2699 σχῆμα
690 2617 772 2676 ὅτι
815 2620 927 2677 ἐστὶ
965 2617 1331 2698 σφαιροειδὲς,
1376 2621 1635 2683 ὡσαύτως
1681 2620 1903 2677 καὶτῶν

246 2711 465 2769 λοιπῶν
496 2710 551 2766 ἰν
599 2709 814 2786 οὐρανῷ
865 2710 1162 2784 σώματων,
1209 2707 1517 2787 πρόδηλον,
1562 2709 1638 2774 ὡς
1668 2709 1902 2785 εἴρηται,

244 2803 339 2858 καὶ
373 2800 696 2879 σαφέστερον
729 2797 782 2854 έν
808 2804 889 2872 τῷ
918 2799 1043 2875 περὶ
1067 2800 1360 2875 σχήματος
1392 2798 1548 2875 λόγῳ
1587 2798 1903 2875 ῥηθήσεται.

557 2889 658 2959 κζ’.
686 2889 815 2964 Περὶ
845 2896 947 2959 τῆς
965 2893 1063 2945 106
1085 2887 1253 2959 ἡλίου
1285 2886 1604 2963 ἐκλείψεως.

321 2984 385 3038 Ἡ
412 2985 512 3037 τοῦ
555 2978 725 3051 ἡλίου
769 2974 1011 3055 ἔκλειψις
1059 2981 1286 3054 γίνεταιί
1340 2982 1429 3036 ὅτε
1483 2983 1517 3050 ἡ
1577 2978 1781 3052 σελήνη
1811 2981 1903 3036 τὸν

248 3069 420 3140 ⁴ἥλιον
448 3069 501 3126 ἐν
531 3068 740 3143 συνόδῳ
789 3067 1101 3146 ὕποδράμη,
1154 3071 1231 3143 μὴ
1283 3068 1486 3147 ἔχουσα
1528 3070 1738 3132 πλάτος
1768 3071 1905 3146 πρὸς

244 3160 345 3217 τὸν
407 3156 671 3230 ζωδιακὸν
729 3157 954 3215 κύκλὸνο
1008 3164 1315 3231 Τηνικαῦτα
1394 3160 1498 3235 γὰρ
1563 3159 1905 3239 ἀντιφράττει

2012 626 2132 678 tem
2188 623 2460 679 umbram
2520 623 2579 678 in
2630 623 2877 679 formam
2921 624 3052 679 coni
3103 624 3345 696 produci
3394 641 3461 681 ex
3506 624 3664 682 lume

2012 712 2443 769 defectionibus
2476 712 2857 768 manitestum
2909 718 3016 769 est.
3068 714 3213 769 Cum
3263 714 3419 770 enim
3469 714 3666 771 deﬁcit

2012 801 2071 857 in
2105 818 2214 858 sua
2244 803 2500 858 maxima
2528 819 2562 858 a
2590 806 2743 858 terra
2776 803 3078 871 distantia,
3118 808 3261 860 tunc
3308 804 3426 860 cito
3456 821 3664 861 rursus

2011 890 2405 958 illuminatur,
2437 907 2504 949 eo
2549 892 2706 964 quod
2752 893 3146 965 angustiorem
3180 894 3403 950 umbra:
3433 898 3663 967 partem

2010 980 2246 1038 transit.
2279 981 2523 1048 Quando
2553 985 2749 1037 autem
2798 981 2859 1037 in
2908 999 3017 1038 sua
3060 982 3302 1039 minima
3327 1001 3361 1040 a
3392 988 3546 1040 terra
3574 983 3661 1039 di-

2012 1069 2254 1140 stantia,
2309 1070 2743 1127 diuturniorem
2794 1068 3183 1129 defectionem
3231 1072 3475 1145 patitur,
3524 1073 3666 1144 quia

2012 1158 2282 1216 latiorem
2333 1159 2559 1217 umbrae
2612 1174 2838 1233 partem
2910 1162 3143 1217 transit.
3217 1166 3285 1217 Et
3331 1179 3398 1219 ex
3459 1161 3665 1219 multis

2012 1248 2143 1306 aliis
2175 1250 2508 1307 ostenditur
2531 1249 2833 1306 terminari
2864 1254 3031 1307 terra:
3090 1252 3381 1308 umbram.
3415 1252 3474 1309 Si
3507 1252 3665 1309 enim

2014 1339 2073 1395 in
2104 1340 2405 1395 infinitum
2438 1340 2800 1412 procederet,
2850 1341 3233 1397 obumbraret
3278 1358 3395 1399 non
3445 1358 3664 1413 paucas

2015 1427 2303 1493 stellas,et
2325 1427 2576 1501 singulis
2600 1428 2873 1485 noctibus
2895 1446 3099 1486 earum
3120 1430 3467 1488 defectionis
3488 1448 3668 1488 causa

2015 1518 2323 1588 existeret;
2355 1517 2502 1574 nihil
2532 1523 2730 1575 autem
2763 1519 3108 1591 hujusmodi
3132 1536 3290 1575 nunc
3320 1524 3666 1592 apparet.De

2013 1607 2116 1664 illa
2163 1612 2363 1665 autem
2414 1608 2624 1665 umbra
2679 1613 2850 1682 poeta
2906 1607 3093 1664 dicit:
3129 1607 3413 1665 «Oceano
3461 1608 3671 1665 incidit

2011 1696 2239 1754 clarum
2270 1696 2412 1754 solis
2461 1696 2683 1767 lumen,
2734 1703 2963 1755 noctem
3004 1698 3315 1755 obscuram
3367 1698 3668 1756 adducens

2012 1787 2073 1843 in
2107 1787 2329 1844 fertiles
2378 1803 2573 1860 agros.
2611 1809 2637 1841 ε
2686 1788 2798 1845 Sed
2821 1804 2891 1844 ex
2942 1786 3052 1843 hoc
3090 1804 3325 1861 quoque
3355 1788 3670 1845 manifesta

2830 1877 2989 1933 Luna
3037 1877 3146 1933 sub
3194 1876 3396 1934 aestivo
3442 1876 3667 1948 tropico

2016 2054 2157 2111 facit
2184 2071 2253 2111 ea
2282 2071 2410 2127 quas
2461 2053 2582 2110 illic
2632 2053 2745 2111 sita
2786 2058 2927 2111 sunt
2978 2071 3223 2128 corpora
3263 2059 3663 2112 trecentorum

2016 2144 2343 2200 stadiorum
2374 2143 2585 2216 spatio.
2618 2141 2884 2200 Circulus
2914 2160 3086 2217 porro
3132 2160 3305 2217 quem
3355 2143 3442 2201 sol
3472 2149 3665 2201 trans-

2015 2234 2082 2302 it,
2110 2233 2303 2290 decies
2335 2232 2546 2291 millies
2589 2233 2780 2305 major
2820 2237 2978 2289 terra
3026 2240 3136 2303 est,
3187 2237 3244 2289 et
3295 2231 3501 2290 circuli
3548 2232 3664 2288 hu-

1529 2321 1562 2335 "
1597 2321 1609 2338 Ι
1677 2321 1685 2340 Ι

1473 2353 1682 2409 κύκλου
1711 2353 1906 2409 τούτου

2022 2323 2111 2394 ius
2143 2328 2371 2395 partem
2403 2339 2531 2395 quae
2580 2323 2722 2379 solis
2773 2322 3247 2395 magnitudinem
3281 2325 3441 2379 tenet
3469 2321 3665 2379 decies

2016 2410 2233 2469 millies
2265 2413 2547 2483 majorem
2580 2428 2710 2468 esse
2733 2418 2961 2485 oportet
2995 2428 3172 2484 quam
3217 2412 3665 2484 praeiudicatum

2016 2505 2182 2557 terras
2223 2502 2506 2574 spatium.
2554 2500 2708 2557 Solis
2758 2506 2955 2558 autem
3009 2503 3261 2557 formam
3306 2501 3547 2574 sphaerae
3580 2500 3665 2558 si-

2016 2589 2217 2646 milem
2240 2608 2367 2647 esse
2399 2596 2463 2646 ut
2479 2596 2536 2647 et
2557 2599 2900 2646 caalerorum
2933 2589 2992 2646 in
3026 2590 3169 2646 C(BIO
3201 2606 3516 2662 corporum
3543 2606 3665 2647 ma-

2016 2679 2296 2736 nifestum
2328 2684 2437 2750 est,
2471 2684 2535 2735 ut
2563 2680 2841 2748 diximus,
2897 2684 2956 2736 et
2998 2678 3217 2736 clarius
3265 2680 3327 2736 in
3359 2683 3559 2737 nostro
3594 2679 3666 2736 de

2017 2768 2206 2825 forma
2234 2786 2407 2843 opere
2437 2768 2673 2826 dicitur.

2525 2895 2617 2950 27.
2649 2894 2725 2950 De
2754 2895 2888 2949 solis
2914 2893 3144 2965 defectu.

2084 2982 2235 3041 Solis
2264 2983 2511 3040 defectio
2541 2982 2776 3049 accidit,
2804 2984 3043 3056 quando
3092 2983 3236 3040 luna
3285 2982 3468 3041 solem
3500 2982 3662 3040 subit

2015 3072 2077 3129 in
2108 3090 2448 3145 congressu,
2489 3090 2601 3128 non
2654 3073 2880 3129 habens
2923 3072 3295 3129 latitudinem
3342 3073 3414 3129 ad
3462 3073 3663 3129 zodia-

2017 3178 2174 3218 cum.
2240 3162 2405 3218 Tunc
2461 3160 2617 3217 enim
2667 3163 2796 3233 ejus
2846 3161 3026 3217 radiis
3074 3161 3413 3234 opponitur,
3461 3161 3546 3217 ita
3594 3164 3662 3217 ut

247 3254 376 3313 ταῖς
432 3247 641 3304 ἀκτίσιν
693 3247 878 3317 αὐτοῦ,
936 3243 1076 3305 ὥστε
1117 3250 1195 3322 μή
1239 3244 1567 3305 καταλαϐεῖν
1623 3250 1723 3318 τὴν
1773 3255 1902 3325 γῆν.

263 3348 275 3355 Α
329 3339 346 3355 \
467 3341 496 3353 ο
612 3337 628 3355 1
669 3337 684 3355 ἱ
722 3336 736 3355 Ι
928 3334 977 3355 ’δ
1114 3336 1127 3355 Ι
1325 3340 1338 3355 Ι
1404 3336 1457 3355 οἱ
1580 3339 1595 3355 ε
1638 3331 1663 3355 Ἰ
1699 3335 1719 3355 Ἴ
1800 3340 1811 3355 Ι

2022 3252 2092 3307 ad
2125 3257 2341 3308 terram
2388 3268 2503 3307 non
2549 3250 2911 3323 perveniant.
2962 3250 3093 3306 Ideo
3143 3266 3378 3323 semper
3406 3250 3466 3305 in
3517 3266 3662 3306 con-

251 3339 356 3395 Διά
395 3341 565 3394 τοῦτο
604 3337 687 3393 ἀεὶ
718 3336 770 3393 ιν
815 3334 1029 3410 συνόδῳ
1071 3336 1275 3415 γίνεται
1314 3340 1349 3408 ἡ
1394 3336 1602 3408 ἡλιακὴ
1636 3331 1901 3412 ἔκλειψις.

251 3425 405 3494 πλὴν
473 3432 571 3497 τῆς
616 3425 914 3502 γενομένης
974 3424 1062 3481 ἐπὶ
1117 3430 1215 3482 106
1267 3428 1543 3501 σωτηρίου
1572 3426 1777 3489 πάθους
1806 3430 1904 3482 106

250 3514 466 3592 Κυρίου
521 3517 684 3587 ἡμῶν
745 3513 917 3586 ἐκείνη
974 3515 1077 3590 γὰρ
1134 3513 1455 3590 παραδόξως
1495 3513 1547 3569 ἐν
1580 3514 1905 3587 πανσελήνῳ

248 3604 593 3682 γέγονεν.Αὶ
643 3600 701 3658 δὲ
736 3601 1007 3677 ἐκλείψεις
1055 3604 1187 3658 ποτὶ
1234 3604 1329 3677 μὶν
1376 3602 1637 3675 καθόλου,
1682 3604 1815 3660 ποτὲ
1849 3601 1907 3658 δὲ

254 3692 478 3770 μερικαὶ
506 3691 747 3768 γίνονται
782 3709 795 3723 ⁸
847 3691 1088 3757 καθόλου
1136 3693 1257 3766 μὲν,
1308 3691 1397 3748 ὅτε
1440 3691 1573 3756 ὅλος
1620 3694 1648 3749 6
1677 3691 1908 3763 ἡλιακὸς

249 3782 464 3845 κύκλος
522 3779 898 3855 έπισκοτισθῇ,
967 3782 1104 3837 κατᾶ
1158 3782 1381 3837 κάθετον
1447 3780 1741 3858 γεγονότων
1797 3786 1906 3838 τῶν

249 3875 492 3950 κέντρων
521 3875 622 3928 106
666 3892 727 3927 τε
766 3868 933 3941 ἡλίου
972 3870 1060 3926 καὶ
1100 3878 1201 3941 τῆς
1240 3873 1475 3942 σελήνης
1507 3889 1520 3903 ο
1558 3871 1772 3946 μερικαὶ
1831 3868 1909 3944 δὲ,

250 3963 352 4018 ὅτε
403 3962 568 4035 μέρος
612 3959 812 4015 τούτου
858 3957 1108 4035 ἐκλείψῃ.
1158 3961 1273 4018 Οὐκ
1319 3959 1375 4016 έν
1420 3959 1565 4035 πάσῃ
1620 3957 1678 4017 δὲ
1723 3964 1794 4035 τῇ
1825 3960 1910 4016 οῖ-

248 4053 499 4124 κουμένῃ
554 4050 584 4104 ὁ
642 4046 804 4120 ἥλιος
882 4046 1149 4105 ἐκλείπων
1215 4049 1479 4124 φαίνεται,
1538 4048 1685 4105 ἀλλὰ
1766 4048 1913 4124 παρὰ

259 4140 454 4216 μέρεσι
479 4159 611 4194 τισι.
644 4138 744 4192 Καὶ
791 4137 896 4214 γὰρ
944 4137 1165 4193 ἐνταῦθα
1212 4137 1301 4193 ἐπὶ
1348 4144 1449 4208 τῆς
1495 4142 1593 4193 106
1624 4135 1912 4212 Κομνηνοῦ

256 4228 542 4307 βασιλείας
599 4226 729 4289 ὅλος
778 4226 1032 4301 ἐκλείψας
1075 4228 1213 4304 πρὸς
1262 4224 1517 4300 δυσμαῖς,
1544 4226 1595 4282 έν
1649 4228 1913 4303 Αἰγύπτῳ

257 4318 374 4394 οὐχ
396 4314 544 4381 ὅλως
576 4315 839 4387 ἐξέλιπεν,
896 4316 971 4380 ὡς
1018 4315 1190 4371 ἐκεῖσε
1234 4318 1619 4393 παραγεγονὼς
1666 4311 1911 4392 ἠκριϐω-

259 4407 470 4483 σάμην.
502 4407 569 4461 Οἱ
597 4406 687 4462 οὗν
723 4406 1097 4480 μαθηματικοὶ
1144 4404 1268 4462 ὅσον
1318 4406 1455 4461 κατᾶ
1498 4407 1561 4462 τὸ
1594 4405 1915 4484 φαινόμενον

256 4497 343 4561 εἷς
406 4497 478 4571 ιβ’
530 4492 831 4558 δακτύλους
885 4495 984 4563 τὴν
1052 4494 1222 4564 ἡλίου
1269 4495 1360 4551 καὶ
1418 4492 1653 4566 σελήνης
1707 4493 1913 4551 διεῖλον

258 4583 579 4665 ἐπιφάνειαν
616 4604 629 4617 ·
660 4584 755 4640 καὶ
786 4582 832 4639 εί
890 4584 985 4657 μὲν
1039 4586 1157 4648 καθ’
1205 4581 1379 4658 ἥμισυ
1412 4584 1637 4661 γένηται
1666 4586 1702 4654 ἡ
1735 4578 1918 4640 ἔκλει-

2014 3357 2221 3415 gressu
2267 3340 2481 3396 accidit
2526 3338 2669 3396 solis
2729 3339 2998 3406 defectio,
3063 3345 3305 3412 excepta
3348 3344 3548 3396 tamen
3595 3355 3683 3397 ea.

2014 3446 2143 3502 qum
2169 3429 2468 3485 Passionis
2500 3429 2732 3484 Domini
2762 3428 2947 3486 nostri
2978 3432 3240 3501 tempore
3288 3429 3522 3485 accidit.
3557 3428 3666 3486 Ille

2014 3518 2171 3576 enim
2212 3517 2400 3591 plena;
2444 3517 2597 3573 lunas
2646 3522 2910 3590 tempore
2955 3517 3305 3574 mirabiliter
3352 3519 3504 3574 facta
3552 3522 3663 3576 est.

2016 3609 2379 3665 Defectioues
2425 3625 2557 3664 vero
2608 3607 2751 3664 solis
2800 3624 2956 3663 nunc
3005 3607 3328 3679 completis,
3378 3624 3535 3663 nunc
3574 3608 3662 3662 in-

2016 3696 2321 3771 complete
2348 3697 2498 3753 fiunt
2533 3714 2547 3753 :
2602 3696 2903 3768 completas
2949 3697 3188 3767 quidem
3239 3696 3473 3766 quando
3502 3700 3665 3752 totus

2015 3787 2228 3844 solaris
2258 3785 2515 3843 circulus
2545 3786 2954 3853 obumbratur,
2988 3785 3132 3841 solis
3159 3789 3216 3840 et
3257 3786 3411 3840 lunai
3443 3784 3665 3841 centris

2018 3875 2348 3933 secundum
2380 3874 2594 3930 lineam
2642 3872 3187 3945 perpendicularem
3245 3871 3408 3939 sitis;
3441 3872 3665 3929 incom-

2020 3965 2189 4038 piata:
2212 3980 2344 4019 vero
2374 3963 2609 4034 quando
2655 3962 2837 4032 hujus
2886 3978 3022 4033 pars
3066 3966 3299 4017 tantum
3346 3959 3671 4016 obumbra-

2022 4061 2136 4110 tur.
2186 4053 2313 4109 Non
2364 4057 2560 4109 autem
2610 4068 2715 4123 per
2764 4056 2951 4107 totam
2998 4057 3217 4107 terram
3250 4049 3338 4105 sol
3390 4049 3670 4106 deﬁciens

2021 4148 2284 4216 apparet,
2342 4141 2444 4198 sed
2501 4145 2737 4197 tantum
2806 4139 3167 4212 quibusdam
3211 4139 3273 4193 in
3340 4137 3505 4195 locis.
3560 4138 3670 4193 Be-

2022 4236 2240 4305 gnante
2262 4231 2419 4288 enim
2463 4229 2757 4287 Comneno
2805 4234 2969 4285 totus
3019 4229 3079 4285 in
3129 4228 3430 4285 occidente
3458 4226 3546 4284 sol
3575 4227 3670 4283 de-

2024 4320 2182 4390 fecit,
2213 4318 2274 4375 in
2306 4320 2549 4393 [Egypto
2582 4334 2699 4373 non
2748 4317 2990 4373 omnino
3043 4317 3277 4384 defecit,
3331 4320 3392 4371 ut
3436 4332 3541 4388 ego
3590 4313 3673 4370 ibi

2023 4414 2168 4466 tune
2196 4426 2436 4466 versans
2483 4407 2894 4465 animadverti.
2941 4406 3343 4464 Mathematici
3400 4406 3578 4475 igitur
3606 4420 3678 4461 ex

2027 4501 2452 4573 apparentibus
2478 4499 2848 4572 superficiem
2882 4498 3025 4555 solis
3055 4504 3113 4555 et
3160 4498 3313 4553 lunae
3362 4497 3422 4552 in
3454 4496 3678 4553 duode-

2029 4589 2144 4645 cim
2175 4590 2389 4661 digitos
2436 4590 2765 4645 diviserunt
2794 4608 2809 4656 ;
2843 4588 2894 4644 si
2942 4589 3184 4661 quidem
3234 4586 3481 4644 defectio
3510 4583 3676 4642 dimi-

253 4679 382 4752 ψις,
412 4670 774 4745 ἰξαδάκτυλον
822 4672 1025 4745 ταύτην
1074 4673 1434 4747 ὀνομάζουσιν
1468 4694 1481 4707 ·
1534 4672 1583 4729 εἴ
1614 4669 1673 4728 δὲ
1697 4671 1910 4729 κατὰτὸ

2026 4678 2125 4734 dia
2150 4682 2261 4748 est,
2309 4694 2440 4733 eam
2487 4692 2618 4733 esse
2665 4693 2765 4732 sex
2808 4675 3130 4747 digitorum
3178 4675 3423 4742 dicunt;
3457 4674 3508 4730 si
3539 4688 3670 4729 vero

256 4764 471 4842 τρίτον,
552 4760 1008 4842 τετραδάκτυλον,
1084 4762 1176 4819 καὶ
1260 4761 1549 4841 ἀναλόγως
1645 4762 1734 4819 έπὶ
1812 4767 1921 4819 τῶν

259 4853 507 4912 λοιπῶν.

256 4966 376 5033 κη’.
455 4960 591 5035 Περὶ
675 4957 866 5022 οὐσίας
950 4956 1058 5036 καὶ-
1128 4960 1427 5036 φωτισμῶν
1514 4954 1754 5030 σελήνης
1832 4956 1922 5013 καὶ

949 5032 1059 5105 σχή
1070 5032 1238 5104 ματος
1247 5073 1258 5087 .

342 5120 413 5179 Ei
451 5121 541 5178 καὶ
599 5121 652 5175 oi
708 5119 1142 5194 Ἀριστοτελικοὶ
1182 5121 1432 5192 πέμπτον
1486 5118 1741 5182 ὑπέθεντο
1768 5122 1927 5192 σῶμα

260 5212 363 5268 τὸν
392 5208 645 5284 οὐρανὸν,
687 5206 814 5264 ἀλλ’
863 5207 957 5263 οὗν
1009 5206 1365 5282 ὁμολογοῦσι,
1419 5208 1556 5283 μέρη
1617 5208 1711 5280 μὶν
1760 5207 1928 5263 αὐτοῦ

262 5304 409 5357 εἶναι
438 5297 745 5375 παχύτερα,
771 5297 862 5352 καὶ
903 5296 1139 5371 μάλιστα
1176 5298 1243 5351 τὰ
1268 5300 1338 5370 τῇ
1377 5301 1447 5370 γῆ
1477 5297 1926 5372 προσεγγίζοντα,

268 5400 415 5465 μέρη
473 5385 532 5443 δὶ
573 5385 895 5461 λεπτότερα,
952 5386 1021 5440 τὰ
1062 5383 1258 5440 ἄνωθεν
1310 5386 1400 5440 καὶ
1450 5384 1774 5461 πορῥώτερα
1828 5392 1929 5455 τῆς

261 5485 398 5554 γῆς.
429 5478 493 5532 Ἦ
529 5480 663 5552 γοῦν
707 5472 936 5546 σελήνη,
974 5479 1053 5547 τῷ
1099 5474 1156 5530 ὲν
1184 5475 1385 5551 γενέσει
1418 5474 1508 5529 καὶ
1538 5478 1712 5552 φθορᾷ
1748 5472 1928 5545 τούτῳ

264 5567 471 5641 κόσμῳ
534 5564 940 5636 πλησιάζουσα,
1023 5561 1123 5618 οὐκ
1200 5565 1431 5638 ἄμοιρος
1484 5561 1598 5618 οὐδ’
1649 5564 1927 5638 ἀμέτοχος

264 5654 609 5735 κατελείφθη
666 5657 778 5710 τῶν
833 5654 1031 5710 τούτου
1094 5656 1299 5722 κακῶν,
1356 5651 1502 5709 ἀλλὰ
1551 5657 1786 5727 παχεῖαν
1839 5650 1930 5707 καὶ

265 5744 474 5805 ὡσανεὶ
529 5739 709 5824 γεώδη
768 5743 869 5818 τήν
933 5740 1225 5802 ὑπόστασιν
1282 5738 1423 5824 ἔχει.
1476 5741 1586 5802 Καὶ
1634 5740 1697 5801 ού
1753 5740 1930 5814 πάντη

2027 4765 2203 4821 tertia
2233 4769 2398 4838 parte
2427 4764 2569 4820 solis
2599 4768 2705 4831 est,
2739 4768 2997 4835 quatuor
3023 4764 3368 4836 digitorum,
3425 4767 3478 4818 et
3510 4758 3677 4817 simi-

2027 4853 2161 4910 liter
2189 4854 2260 4910 de
2290 4853 2514 4910 caeteris
2545 4852 2957 4909 divisionibus.

2206 4961 2297 5016 28.
2329 4961 2405 5016 De
2429 4961 2766 5029 substantia,
2796 4960 3009 5015 lumine
3032 4962 3083 5015 et
3108 4960 3291 5030 forma
3323 4955 3498 5013 lunae.

2109 5120 2230 5177 Etsi
2258 5118 2606 5177 Aristotelici
2638 5122 2976 5191 supponant
3006 5116 3217 5174 coelum
3247 5132 3376 5172 esse
3406 5113 3681 5187 quintum

2036 5227 2272 5283 corpus,
2325 5213 2524 5265 tamen
2574 5207 2970 5274 consentiunt,
3019 5210 3216 5277 partes
3265 5204 3507 5277 quidem
3553 5202 3683 5273 ejus

2036 5299 2182 5355 alias
2230 5314 2359 5353 esse
2402 5296 2718 5353 crassiores
2767 5295 3214 5367 praesertimque
3264 5308 3442 5364 prope
3470 5297 3687 5346 terram

2038 5391 2203 5456 sitas,
2234 5389 2381 5445 alias
2408 5406 2543 5445 vero
2573 5388 2840 5453 leviores,
2876 5404 2975 5442 eas
3025 5402 3236 5457 nempe
3283 5402 3413 5456 quas
3444 5397 3686 5439 sursum

2024 5486 2175 5553 sunt
2203 5484 2259 5533 et
2290 5478 2479 5549 magis
2510 5495 2545 5533 a
2570 5483 2726 5533 terra
2755 5484 2990 5531 remotae
3049 5476 3215 5530 Luna
3261 5474 3463 5546 igitur,
3488 5470 3597 5527 toti
3627 5470 3688 5526 in

2037 5566 2412 5639 generatione
2442 5572 2499 5622 et
2527 5567 2900 5637 corruptione
2930 5565 3068 5619 huic
3090 5563 3310 5618 mundo
3336 5562 3687 5635 prepinqua,

2037 5656 2218 5727 hujus
2249 5671 2481 5728 quoque
2512 5656 2719 5711 mundi
2749 5652 3041 5711 malorum
3091 5668 3208 5709 non
3258 5667 3464 5725 expers
3495 5663 3689 5723 neque

2041 5745 2326 5807 immunis
2357 5744 2682 5804 constituta
2710 5749 2823 5815 est,
2854 5743 2959 5802 sed
2986 5759 3249 5801 crassam
3279 5746 3339 5800 et
3369 5737 3539 5816 quasi
3569 5742 3690 5796 ter-
