4088 6350
448 376 566 438 807

1782 364 2207 426 MICHAELIS
2253 365 2526 429 PSELLI

3749 365 3865 426 808

448 513 695 567 restrem
727 506 900 563 habet
948 501 1366 561 substantiam.
1416 499 1616 571 Neque
1663 476 1798 555 vero
1852 496 2082 553 omnino

2205 496 2391 569 ὁμαλὴ
2435 497 2505 555 δι’
2536 498 2670 556 ὅλου
2701 501 2867 571 αὐτῆς
2911 504 3008 556 τοῦ
3057 498 3309 575 σώματός
3363 496 3527 567 ἐστιν,
3578 496 3707 554 ἀλλ’
3756 491 3861 552 ἔστι

443 599 687 673 aequalis
720 601 808 654 est
841 612 940 667 per
968 598 1157 649 totum
1193 608 1369 647 suum
1418 608 1659 662 corpus,
1693 590 1791 645 sed
1829 588 2096 661 quaedam

443 692 571 762 ejus
604 692 799 760 partes
847 684 975 739 luce
1025 687 1225 737 carent
1269 685 1325 734 et
1371 681 1632 735 obscurae
1684 683 1843 746 sunt,
1896 676 2101 731 mediae

446 779 686 835 scilicet.
721 776 784 829 Et
816 772 1313 846 quemadmodum
1370 787 1438 825 ea
1497 786 1623 841 quae
1684 772 2015 823 nascuntur
2044 769 2103 820 et

445 869 905 937 corrumpuntur
971 862 1205 916 initium
1282 865 1340 915 et
1402 859 1858 922 incrementum,
1917 859 1973 910 et
2016 854 2099 909 vi-

444 973 643 1030 gorem
707 959 764 1010 et
825 951 1182 1008 debilitatem
1243 950 1480 1018 habent,
1553 948 1633 1002 ita
1678 952 1735 1002 et
1782 946 1933 1001 lunae
2001 943 2101 999 lux

444 1046 626 1102 ﬁniet.
661 1044 860 1112 Neque
888 1058 1021 1096 vero
1065 1039 1438 1094 solummodo
1490 1042 1713 1093 caeteris
1763 1034 2098 1091 caelestibus

441 1135 786 1207 corporibus
819 1131 1075 1201 eget.sed
1110 1133 1166 1184 et
1188 1128 1505 1199 aliquando
1531 1128 1586 1181 iu
1624 1128 1897 1181 umbram
1930 1130 2099 1179 terra:

441 1225 667 1280 incidit.
704 1219 908 1278 Deficit
939 1224 1136 1273 autem
1171 1234 1284 1272 non
1322 1222 1548 1271 tantum
1586 1216 1775 1287 quoad
1828 1219 2094 1268 nostrum

441 1318 765 1385 aspectum.
799 1311 897 1363 sed
929 1314 983 1363 et
1014 1308 1142 1379 ipsa
1189 1307 1514 1361 secundum
1570 1305 1872 1376 proprium
1917 1318 2090 1357 suum

438 1403 658 1458 lumen.
696 1401 860 1457 Illam
894 1403 1087 1453 autem
1126 1414 1157 1449 a
1209 1397 1329 1451 sole
1380 1395 1574 1449 lumen
1620 1395 1875 1464 recipere
1910 1393 2092 1447 mani-

440 1494 657 1547 festum
709 1495 799 1544 est
844 1487 934 1542 vel
988 1484 1297 1557 paululum
1346 1484 1820 1539 observantibus.
1855 1483 2094 1552 Semper

442 1581 600 1636 enim
658 1583 880 1650 partem
934 1575 1331 1630 illuminatam
1382 1575 1448 1627 ad
1502 1570 1685 1626 solem
1733 1572 1922 1639 vertit,
1958 1570 2092 1624 ubi-

440 1684 674 1739 cunque
698 1670 793 1722 sit.
828 1666 972 1720 Cum
1004 1664 1159 1720 enim
1193 1668 1281 1717 est
1317 1662 1469 1716 infra
1502 1662 1707 1727 solem,
1741 1665 1797 1714 et
1826 1676 1956 1714 cum
1991 1658 2091 1715 illo

436 1755 835 1828 congreditur,
887 1755 1015 1823 ejus
1071 1757 1266 1824 partes
1316 1768 1442 1821 quas
1492 1751 1563 1805 ad
1614 1766 1718 1804 nos
1782 1751 2092 1803 vertuntur

437 1848 702 1903 obscura:
736 1849 895 1911 sunt,
933 1859 1057 1914 quae
1091 1858 1224 1896 vero
1256 1857 1459 1896 versus
1486 1839 1691 1903 solem,
1743 1837 2089 1892 illuminataa
2126 1876 2169 1939 Β

436 1939 594 1991 sunt.
628 1934 871 1997 Quando
907 1936 1100 1987 autem
1136 1930 1446 2002 paululum
1480 1946 1511 1982 a
1536 1928 1657 1983 sole
1680 1927 2090 1998 discedit,pars

435 2026 563 2096 ejus
593 2021 963 2095 aliquantula
995 2020 1201 2091 incipit
1243 2018 1591 2082 illuminari,
1626 2022 1682 2072 et
1724 2018 1786 2071 fit
1819 2017 2091 2087 utrinque

435 2119 714 2181 curvata;
771 2128 905 2167 cum
984 2114 1175 2165 autem
1254 2108 1443 2179 magis
1524 2106 1815 2174 discessit,
1907 2105 2093 2177 magis

432 2202 803 2258 illuminatur
831 2206 888 2255 et
929 2200 993 2254 ﬁt
1042 2197 1351 2253 dimidiata
1408 2201 1466 2251 et
1515 2214 1750 2251 rursum
1812 2196 2091 2266 utrinque

433 2296 673 2349 curvata
704 2294 759 2345 et
781 2306 917 2344 cum
950 2288 1170 2342 directe
1193 2287 1601 2359 Opponiturﬁt
1630 2287 1821 2359 plena.
1848 2286 2090 2350 Quando

433 2382 645 2436 deinde
688 2380 1043 2433 diametrum
1098 2382 1515 2449 praztergressa
1562 2380 1651 2431 est
1693 2381 1935 2448 apparet
1964 2392 2089 2430 rur-

435 2487 568 2526 sum
622 2468 898 2539 utrinque
957 2474 1214 2531 curvata,
1293 2470 1350 2521 et
1400 2465 1605 2521 deinde
1656 2466 1983 2532 dimidiata,
2034 2468 2092 2521 et

434 2562 639 2631 postea
690 2558 915 2623 lunata,
947 2559 1003 2611 et
1052 2557 1287 2610 demum
1346 2572 1476 2610 cum
1527 2554 1648 2611 sole
1679 2555 2087 2621 congrediens,

433 2648 604 2703 nobis
656 2645 970 2700 invisibilis
1022 2644 1105 2697 ﬁt.
1158 2643 1597 2698 Addubitabant
1652 2648 1880 2699 veteres
1942 2659 2085 2713 quo-

434 2738 608 2792 modo
638 2741 694 2790 et
724 2735 922 2789 lumen
956 2732 1206 2805 accipiat
1254 2737 1309 2787 et
1341 2732 1540 2787 lumen
1594 2734 1652 2787 in
1705 2738 1921 2787 terram
1952 2732 2085 2786 mit-

434 2830 539 2880 tat.
570 2829 637 2878 Et
658 2824 758 2879 alii
806 2824 1044 2894 quidem
1087 2822 1360 2877 dicebant
1406 2822 1534 2891 ejus
1588 2820 1787 2876 lumen
1845 2837 1947 2892 per
2002 2837 2088 2876 re-

432 2914 741 2969 ﬂexionem
775 2911 1044 2984 produci,
1078 2911 1575 2982 quemadmodum
1618 2914 1674 2965 et
1730 2911 1786 2964 in
1829 2909 2085 2981 speculis

431 3007 487 3058 et
517 3004 576 3057 in
625 3002 853 3058 levibus
905 3000 1249 3072 corporibus
1292 2999 1393 3065 ﬁt;
1443 2998 1539 3053 alii
1582 3016 1713 3053 vero
1759 3001 2086 3054 docuerunt

431 3106 559 3146 eam
594 3107 694 3161 per
724 3088 1143 3145 admissionem
1173 3092 1229 3143 et
1260 3088 1536 3142 unionem
1593 3086 1915 3142 illuminari
1945 3104 1956 3140 :
1994 3090 2083 3142 at-

430 3196 543 3252 que
571 3195 701 3234 eam
734 3178 1055 3232 illuminari
1092 3193 1193 3248 per
1250 3176 1643 3245 reﬂexionem,
1677 3175 1747 3231 ab
1792 3178 1919 3247 ipsa
1950 3193 2081 3247 pro-

2211 588 2332 643 τινὰ
2363 591 2487 665 παρ’
2537 592 2674 665 αὐτῇ
2738 592 2875 666 μέρη
2928 592 3107 669 φωτὸς
3159 586 3353 645 ἄδεκτα
3403 590 3489 643 καὶ
3543 588 3865 661 μὲλανα,τὲ

2214 673 2301 731 διὰ
2362 680 2525 751 μέσου
2590 680 2801 753 αὐτῆςο
2871 681 2961 735 καὶ
3046 679 3227 754 ὥσπερ
3285 678 3351 734 τὰ
3406 676 3457 732 ἐν
3512 676 3715 753 γενέσει
3775 678 3861 731 καὶ

2212 772 2385 843 φθορᾷ
2442 768 2643 845 ἀρχῆν,
2697 770 2787 825 καὶ
2835 768 3078 841 αὔξησιν,
3131 768 3222 823 xui
3276 766 3481 840 ἀκμὴν,
3540 768 3629 821 καὶ
3686 786 3861 841 παρα-

2209 857 2379 929 κμὴν,
2442 856 2586 914 οὕτω
2635 859 2723 915 καὶ
2788 859 2989 931 ταύτης
3041 856 3281 914 τελεῖται
3340 858 3367 911 ὁ
3426 855 3860 934 φωτισμὸς.Καῖ

2211 948 2274 1000 οὐ
2310 946 2473 1020 μόνον
2509 948 2559 1003 ἒν
2614 949 2831 1011 τούτοις
2886 946 3114 1004 ἐνδεῖται
3160 952 3267 1003 τῶν
3320 945 3530 1002 λοιπῶν
3593 944 3856 1019 οὐρανίων

2208 1038 2499 1108 σωμάτων,
2559 1037 2703 1093 ἀλλὰ
2761 1039 2847 1093 καὶ
2900 1036 3156 1112 ἐμπίπτει
3215 1036 3387 1092 ἐνίοτε
3431 1040 3510 1109 τῷ
3569 1036 3860 1107 σκιάσματι

2206 1127 2302 1192 τῆς
2332 1133 2433 1200 γῆς
2467 1147 2478 1158 ·
2524 1126 2760 1183 ἐκλείπει
2823 1126 2879 1183 δέ
2934 1128 2995 1183 οὒ
3055 1129 3190 1205 πρὸς
3232 1128 3329 1196 τὴν
3385 1125 3654 1202 ἡμετέραν
3710 1121 3857 1198 ὄψιν,

2206 1215 2443 1291 καθάπερ
2495 1218 2523 1270 ὁ
2570 1215 2757 1291 ⁴ἥλιος,
2812 1217 2938 1274 ἀλλ’
2981 1217 3115 1287 αὗτή
3163 1220 3300 1272 κατὰ
3346 1217 3406 1271 τὸ
3467 1217 3665 1271 οἰκεῖον
3723 1220 3858 1292 φῶς,

2207 1302 2288 1357 ὅτι
2320 1306 2464 1380 παρά
2492 1311 2589 1361 τοῦ
2629 1307 2792 1377 ἡλίου
2830 1305 3044 1383 δέχεται
3094 1308 3155 1361 τὸ
3208 1312 3346 1383 φῶς,
3400 1304 3569 1375 δῆλον
3624 1305 3861 1363 καὶτοῖς

2206 1395 2449 1449 ὁπωσονν
2500 1397 2856 1471 τετηρηκόσιν
2902 1416 2913 1427 ·
2976 1396 3056 1452 ἀεὶ
3131 1397 3231 1472 γὰρ
3311 1396 3373 1450 τὸ
3428 1395 3857 1471 ¹πει]›ιι.›τισμί”.νον

2209 1483 2368 1556 μέρος
2426 1487 2561 1562 πρὸς
2619 1488 2710 1541 τὸν
2781 1486 2941 1555 ἥλιον
3008 1484 3146 1562 ἔχει,
3223 1484 3347 1540 ἔνθα
3421 1485 3511 1539 καὶ
3592 1486 3855 1560 ὑπάρχει.

2203 1574 2450 1637 Κάτωθεν
2504 1573 2603 1650 γὰρ
2655 1574 2786 1629 οὖσα
2846 1579 2941 1630 τοῦ
2985 1575 3173 1644 ἡλίου,
3208 1575 3297 1629 ὅτε
3345 1571 3639 1648 συνοδεόσῃ
3692 1572 3859 1644 αὐτῷ,

2201 1662 2266 1716 τὰ
2325 1665 2419 1735 μὲν
2472 1665 2606 1737 πρὸς
2664 1665 2811 1737 ἡμᾶς
2870 1664 3037 1733 αὐτῆς
3090 1664 3226 1737 μὲρη
3289 1662 3564 1740 ἀφώτιστά
3608 1662 3745 1727 εστι,
3792 1663 3859 1716 τά

2203 1749 2260 1806 δὲ
2290 1754 2425 1826 πρὸς
2453 1754 2541 1807 τὸν
2595 1751 2755 1822 ἥλιον
2801 1755 3183 1832 πεφωτισμένα
3217 1773 3228 1786 ·
3266 1751 3355 1808 ὅτε
3404 1750 3461 1808 δὲ
3512 1753 3723 1826 ἀποστῇ
3762 1755 3858 1806 τοῦ

2201 1840 2364 1909 ἡλίου
2398 1840 2712 1917 ἐλάχιστον,
2777 1839 3002 1918 ἄρχεται
3067 1841 3254 1914 μόριόν
3301 1864 3352 1897 τι
3406 1846 3503 1897 τοῦ
3541 1843 3677 1915 πρὸς
3708 1842 3856 1913 ἡμᾶς

2207 1930 2404 2004 μέρους
2462 1932 2631 2000 αὐτῆς
2702 1931 3145 2006 καταυγάζεσθαι,
3207 1930 3298 1985 καὶ
3362 1930 3563 2006 γίνεται
3643 1950 3859 2003 μηνοει-

2203 2014 2302 2087 δής
2338 2039 2349 2050 ·
2412 2020 2523 2074 εἶτα
2564 2018 2648 2075 ἐπὶ
2704 2020 2872 2075 πλέον
2944 2020 3240 2088 ἀποστᾶσα,
3298 2017 3466 2075 πλέον
3541 2018 3859 2097 φωτίζεται,

2200 2106 2289 2160 καὶ
2347 2108 2552 2183 γίνεται
2611 2106 2936 2185 διχότομος,
2995 2110 3085 2164 καὶ
3145 2108 3309 2165 πάλιν
3362 2110 3722 2186 ἀμφίκυρτος,
3766 2108 3862 2162 καὶ

2203 2192 2563 2272 διαμετροῦσα
2650 2198 3037 2267 πανσὲληνοςο
3142 2199 3254 2253 εἷτα
3328 2197 3673 2274 παρελθοῦσα
3755 2197 3858 2264 τήν

2202 2281 2509 2359 διάμετρον,
2573 2288 2765 2361 6ρᾶταῖ
2811 2287 2962 2348 αὖθις
3011 2285 3372 2365 ἀμφίκυρτος,
3429 2286 3517 2340 καὶ
3568 2284 3736 2339 πάλιν
3772 2282 3860 2338 δι-

2200 2373 2468 2448 χότομος,
2511 2375 2600 2430 καὶ
2653 2378 2787 2449 μετὰ
2840 2380 3005 2431 ταῦτα
3064 2373 3384 2449 μηνοειδὴς,
3416 2376 3505 2430 καὶ
3537 2375 3698 2437 τέλος
3732 2396 3860 2428 συν-

2200 2460 2461 2518 οδεύουσα
2518 2469 2598 2537 τῷ
2684 2465 2856 2538 ἡλίῳ,
2913 2465 3122 2543 ἀφανὴς
3164 2468 3298 2539 ἡμῖν
3356 2463 3858 2541 γίνεται.Ἐπηπό-

2198 2572 2324 2626 ρουν
2384 2551 2440 2608 δὲ
2497 2555 2548 2608 oi
2609 2554 2856 2630 ἀρχαῖοι,
2927 2552 3045 2617 πῶς
3126 2552 3342 2630 δέχεται
3420 2554 3511 2608 καὶ
3584 2552 3854 2625 ἐκπέμπει

2198 2640 2424 2707 ἐνταῦθα
2470 2644 2532 2697 τὸ
2577 2648 2715 2722 φῶς.
2760 2644 2864 2699 Καὶ
2922 2644 2972 2698 οἱ
3026 2645 3119 2717 μὶν
3166 2642 3387 2719 ἔφασαν,
3438 2642 3575 2697 κατὰ
3623 2642 3855 2697 ἀντανά-

2196 2729 2386 2785 κλασιν
2442 2732 2682 2807 γίνεσθαι
2730 2733 2932 2803 ταύτης
2988 2737 3122 2806 φῶς,
3175 2732 3353 2806 ὥσπερ
3401 2733 3487 2787 καὶ
3541 2732 3629 2787 ἐπί
3663 2753 3723 2787 τε
3747 2731 3858 2787 τῶν

2196 2821 2512 2896 κατόπτρων
2561 2822 2651 2876 καὶ
2690 2827 2797 2877 τῶν
2847 2822 3007 2878 λείων
3055 2822 3261 2897 γίννται
3311 2822 3579 2893 σωμάτων
3618 2840 3629 2853 ·
3688 2821 3740 2875 οἷ
3796 2818 3857 2875 δὲ

2298 2912 2308 2928 Ι
2349 2912 2361 2933 ε
2457 2909 2479 2929 κ
2574 2912 2587 2929 \
2746 2913 2760 2933 \
2805 2912 2825 2929 Π
3048 2907 3102 2930 νεὶ
3326 2910 3338 2930 ν

2194 2923 2293 2975 καθ
2344 2924 2625 2986 υποοοχην
2675 2933 2761 2966 και
2810 2933 2997 2966 ενωσιν
3047 2913 3229 2983 εοοξαν
3283 2912 3448 2980 αυτὴν
3499 2909 3850 2988 φωτίζεσθαι,

2194 3002 2279 3054 καὶ
2341 3002 2403 3055 τὸ
2441 3002 2534 3073 μὲν
2583 3003 2701 3056 κατ’
2747 3000 3137 3057 ἀντανάκλασιν
3190 3002 3280 3056 ἀπ’
3339 3001 3505 3068 αὐτῆς
3556 3001 3855 3075 γινομένην

2194 3089 2446 3166 φωτίζειν
2496 3089 2662 3159 αὐτήν
2700 3111 2711 3124 ·
2784 3090 3003 3145 πιθανὸν
3063 3092 3157 3164 μὲν
3215 3096 3330 3152 τοῖς
3387 3089 3687 3158 πλείστοις,
3751 3090 3856 3143 οὐκ

2194 3176 2394 3248 ἀληθὲς
2454 3175 2531 3234 δέ.
2607 3181 2984 3252 Ἐτηρήθησαν
3042 3180 3097 3232 αἱ
3154 3178 3572 3240 ἀντανακλάσεις
3632 3178 3739 3233 ἀπό
3794 3199 3857 3232 τε

426 3243 731 3323 cedentem
788 3266 1050 3338 plerique
1092 3243 1413 3334 opinantur
1463 3243 1726 3335 quidem.
1791 3243 2079 3327 duod‘ta-

2195 3271 2298 3321 τῶν
2364 3267 2631 3341 μεγίστων
2691 3268 2781 3321 καὶ
2841 3265 3145 3342 ἐλαχίστων
3191 3267 3459 3339 σωμάτων
3514 3268 3589 3340 μή
3654 3264 3851 3321 πλεῖον

428 3373 564 3411 men
619 3362 707 3412 est
766 3355 1001 3410 falsum.
1067 3354 1448 3410 Observatum
1497 3358 1586 3408 est
1661 3354 2001 3409 reﬂexiones
2045 3372 2079 3410 a

426 3448 706 3503 maximis
738 3452 795 3502 et
818 3444 1083 3501 minimis
1136 3443 1478 3515 corporibus
1527 3446 1910 3514 procedentes
1962 3459 2077 3497 non

427 3541 563 3614 plus
591 3554 766 3610 quam
815 3537 929 3591 duo
980 3534 1169 3590 stadia
1219 3539 1490 3588 tranSire.
1526 3532 1634 3587 Sed
1669 3536 1725 3587 et
1775 3531 1944 3588 aliter
1972 3532 2077 3587 de—

427 3632 810 3686 monstratur.
845 3626 1059 3679 Omnes
1092 3623 1526 3686 reﬂexiones,ut
1555 3621 1613 3675 in
1647 3622 1855 3692 opticis
1878 3626 2078 3676 osten-

426 3717 766 3788 ditur,ﬁunt
796 3731 899 3787 per
928 3729 1126 3784 (equos
1150 3710 1397 3783 angulos
1426 3727 1438 3775 ;
1472 3710 1625 3780 quod
1661 3714 1707 3764 si
1736 3710 1816 3764 ita
1847 3710 1916 3763 de
1938 3709 2079 3764 luna

427 3809 611 3873 fieret,
652 3821 886 3861 necesse
933 3806 1111 3869 esset,
1162 3806 1225 3855 ut
1273 3798 1510 3870 quando
1562 3800 1885 3853 secundum
1934 3799 2075 3855 solis

426 3897 777 3952 diametrum
809 3894 866 3947 in
905 3892 1074 3964 plena
1122 3890 1265 3945 luna
1314 3888 1426 3944 sita
1485 3892 1593 3951 est,
1644 3888 1792 3944 radii
1837 3906 1953 3943 non
2002 3890 2075 3944 ad

428 3989 644 4040 terram
669 3984 1037 4054 frangantur,
1086 3979 1185 4034 sed
1229 3978 1298 4033 ad
1351 3977 1554 4032 solem.
1603 3978 1673 4032 Et
1722 3977 1918 4032 multa;
1952 3977 2074 4033 alia;

430 4072 961 4130 demonstrationes
1028 4068 1448 4140 praecedentem
1509 4067 2073 4123 demonstrationem

425 4164 749 4221 oonfutant.
785 4162 1064 4231 Superest
1108 4158 1294 4229 igitur
1323 4162 1387 4211 ut
1436 4173 1538 4228 per
1567 4156 1986 4212 admissionem
2019 4161 2076 4212 et

419 4253 698 4308 unionem
734 4264 866 4303 cum
900 4246 1041 4302 solis
1074 4246 1201 4300 luce
1232 4244 1589 4310 illuminata,
1622 4250 1787 4299 terrae
1840 4260 2073 4316 quoque

418 4341 618 4396 lumen
652 4337 903 4394 emittat.
935 4337 1040 4391 Sed
1076 4335 1196 4390 haec
1240 4335 1457 4389 moveri
1505 4338 1696 4405 potest
1729 4334 2072 4402 difﬁcultas,

418 4428 467 4485 si
501 4428 651 4483 lunae
683 4426 1093 4481 immisceatur
1116 4424 1259 4480 solis
1292 4423 1517 4489 lumen,
1548 4428 1841 4494 oporteret
1867 4427 1931 4477 ut
1955 4426 2073 4478 tota

416 4516 856 4572 illuminaretur
883 4518 939 4570 et
971 4515 1201 4586 plenam
1241 4512 1434 4567 lucem
1478 4511 1757 4565 continuo
1810 4511 2069 4566 haberet.

2188 3350 2284 3408 δύο
2336 3352 2569 3409 διιοῦσαι
2628 3353 2878 3413 σταδίων.
2941 3354 3115 3412 Ἀλλά
3171 3356 3260 3410 καὶ
3320 3353 3508 3418 ἄλλως
3547 3397 3560 3410 .
3594 3362 3761 3410 πᾶσαι
3793 3358 3851 3409 αἱ

2186 3443 2603 3506 ἀντανακλάσεις
2662 3444 2764 3515 ἀεὶ,
2826 3445 2899 3506 ὡς
2960 3444 3011 3499 ἐν
3073 3450 3181 3507 εοῖς
3242 3444 3490 3507 δπτικοῖς
3549 3441 3846 3511 δείκνυται,

2184 3539 2298 3588 κατ’
2355 3531 2474 3595 ἴσας
2525 3533 2723 3608 γωνίας
2783 3532 3139 3606 ἆνακλῶνται,
3200 3533 3287 3588 xui
3357 3534 3402 3589 εἰ
3458 3539 3714 3588 τοιοῦτον
3774 3532 3846 3604 ἤν

2187 3620 2271 3675 ἐπὶ
2327 3629 2427 3692 τῆς
2466 3620 2721 3693 σελήνης,
2756 3617 2887 3691 ἔδει,
2928 3622 3017 3677 ὅτε
3066 3623 3202 3678 κατᾶ
3252 3621 3541 3699 διάμετρόν
3601 3622 3712 3678 ἐστι
3745 3627 3848 3677 τοῦ

2183 3708 2350 3779 ἡλίου
2408 3709 2458 3765 ἐν
2510 3710 2857 3784 πανσελήνῳ,
2921 3713 2996 3783 μὴ
3031 3713 3178 3766 κάτω
3211 3712 3297 3766 tui
3329 3714 3427 3781 τὴν
3459 3719 3561 3787 γῆν
3595 3710 3835 3767 ἀνακλᾶ-

2187 3810 2305 3863 σθαι
2336 3802 2431 3862 τὰς
2463 3800 2697 3872 ἆκτίνας,
2741 3797 2887 3854 ἀλλὰ
2934 3801 3071 3876 πρὸς
3116 3801 3207 3855 τὸν
3257 3798 3439 3869 ἥλιον.
3504 3800 3600 3854 Καὶ
3659 3795 3840 3877 ἕτεραι

2184 3886 2392 3944 πολλαὶ
2444 3887 2631 3959 δείξεις
2688 3888 3042 3964 ἀνατρεπουσι
3099 3889 3299 3960 ταύτην
3353 3891 3452 3958 τὴν
3502 3883 3679 3961 δόξαν.
3717 3890 3837 3944 Λεί-

2184 3998 2338 4033 πεται
2390 3977 2598 4049 τοίνυν,
2655 3980 2772 4042 καθ’
2848 3975 3132 4053 ὑποδοχὴν
3193 3978 3283 4033 καὶ
3342 3973 3532 4034 ἕνωσιν
3581 3980 3721 4052 πρὸς
3777 3979 3846 4033 τὸ

2184 4065 2414 4135 ἡλιακὸν
2449 4072 2562 4144 φῶς
2611 4066 2776 4136 αὐτὴν
2834 4064 3316 4140 ἐπιλαμπιιμξνην,
3373 4065 3702 4139 ἇπιλάμπειν
3755 4068 3849 4122 καὶ

2182 4160 2298 4217 τοῖς
2327 4152 2477 4229 τῇδε.
2520 4157 2842 4230 ’Δπορήσειε
2877 4154 2925 4210 δ’
2969 4154 3029 4210 ἄν
3075 4176 3181 4229 τις,
3228 4155 3272 4210 εί
3323 4158 3576 4232 κέκραται
3609 4154 3747 4228 αὖτῇ
3778 4157 3848 4210 τὸ

2182 4242 2413 4315 ἡλιακὸν
2448 4249 2585 4320 φῶς,
2620 4240 2757 4313 ὅλην
2808 4242 2913 4299 ἔδει
2965 4245 3134 4314 αὐτὴν
3184 4244 3532 4322 φωτίζεσθαι,
3563 4245 3650 4299 καὶ
3684 4243 3844 4314 πλη-

2182 4341 2348 4408 σιφαῆ
2408 4331 2673 4404 διηνεκῶς
2721 4334 2875 4389 εἶναι.
2930 4338 3032 4390 Καὶ
3083 4332 3312 4409 λὲγομεν
3358 4333 3495 4409 πρὸς
3536 4337 3719 4401 τοῦτο,
3756 4333 3844 4388 ὅτι

2181 4422 2326 4479 πολὺ
2357 4425 2417 4478 τὸ
2472 4422 2637 4499 βάθος
2686 4422 2804 4498 ἔχει
2861 4424 2952 4477 καὶ
3018 4423 3283 4496 μεγίστην
3330 4425 3431 4492 τὴν
3492 4420 3785 4496 διάμετρον
3825 4443 3839 4455 ·

2180 4512 2269 4566 καὶ
2328 4510 2417 4567 διὰ
2468 4516 2629 4567 τοῦτο
2659 4513 2722 4567 οὐ
2760 4513 2926 4588 μέχρι
2957 4511 3133 4582 πάσης
3182 4512 3236 4567 αἱ
3290 4517 3387 4567 τοῦ
3429 4511 3595 4581 ἡλίου
3628 4511 3849 4573 ἀκτῖνες

416 4607 497 4662 Ad
530 4606 589 4659 id
623 4606 1047 4677 respondemus
1078 4620 1207 4658 eam
1242 4600 1771 4673 profundissimam
1792 4615 1920 4654 esse
1950 4616 2069 4654 ma-

2195 4600 2535 4670 Ξιικνοῦνται,
2595 4600 2725 4656 ἀλλ’
2773 4601 2861 4655 ἐπὶ
2911 4599 3168 4657 πλεῖστον
3231 4598 3486 4667 διιοῦσαι,
3547 4600 3843 4657 παύονται.

417 4695 757 4765 ximumque
788 4693 1000 4747 habere
1034 4692 1409 4746 diametrum.
1455 4690 1523 4742 Et
1554 4689 1683 4743 ideo
1739 4706 1853 4743 non
1888 4694 2068 4743 totam

418 4787 727 4839 transeunt
746 4782 966 4838 solares
1000 4780 1271 4847 radii,sed
1308 4782 1619 4848 postquam
1652 4792 1782 4831 eam
1814 4776 2070 4832 maxima

417 4879 579 4947 parte
612 4872 993 4936 transierunt,
1030 4869 1337 4923 finiuntur.
1390 4865 1744 4938 Sphaaricam
1777 4883 1910 4922 vero
1942 4882 2069 4922 esse

417 4965 545 5033 ejus
580 4964 821 5016 formam
875 4963 1029 5031 patet
1060 4974 1129 5011 ex
1177 4958 1304 5025 ejus
1356 4955 1600 5024 lumine,
1655 4955 1701 5009 si
1736 4953 1890 5010 enim
1923 4954 2067 5010 disci

420 5053 666 5107 formam
713 5050 975 5114 haberet,
1023 5045 1203 5102 simul
1250 5061 1316 5099 ac
1360 5044 1420 5099 in
1469 5061 1596 5098 eam
1650 5043 1870 5098 solares
1921 5043 2067 5098 radii

414 5132 2072 5205 inciderent,illnminaretur,nullacurvitateluminisofﬁ-

415 5229 789 5297 ciente,nune
806 5233 999 5281 autem
1016 5241 1147 5280 cum
1166 5223 1665 5295 sitsphaarica,per
1678 5227 1871 5293 partes
1891 5222 2071 5278 radiis

414 5319 862 5374 illuminatureo
877 5317 1026 5388 quod
1044 5313 1308 5369 officiunt
1323 5314 1514 5367 formai
1531 5328 1647 5366 sua:
1663 5311 1944 5366 curvitate
1962 5328 2068 5366 caa-

413 5413 550 5462 terze
566 5407 959 5479 partes.Luna3
984 5408 1181 5459 autem
1200 5401 1544 5474 magnitudo
1569 5400 1760 5455 minor
1776 5406 1867 5455 est
1889 5417 2067 5472 quam

413 5496 803 5567 terrae,tricies
832 5495 1052 5562 novies,
1080 5494 1249 5564 juxta
1281 5490 1425 5547 alios
1451 5506 1603 5558 vero,
1637 5489 1814 5546 vicies
1849 5490 2069 5547 novies.

928 5610 1018 5665 29.
1041 5609 1115 5664 De
1143 5609 1285 5663 luna
1315 5606 1549 5677 defectu.

487 5710 694 5769 Deficit
724 5711 920 5766 autem
965 5706 1105 5765 luna
1158 5705 1391 5779 quando
1435 5704 1649 5761 directe
1700 5720 1768 5761 ex
1800 5706 2067 5779 opposito

2178 4695 2299 4748 ’Ὁτι
2360 4688 2417 4745 δὲ
2475 4688 2828 4769 σφαιροειδής
2884 4689 2993 4745 ἐστι
3044 4691 3104 4744 τὸ
3165 4697 3379 4765 σχῆμα,
3429 4688 3598 4760 δῆλον
3642 4690 3844 4744 ἐκτῶν

2177 4780 2378 4851 ταύτης
2441 4784 2761 4857 φωτισμῶν.
2818 4779 2882 4835 Ei
2939 4779 3041 4854 γὰρ
3098 4780 3165 4847 ἦν
3225 4777 3555 4849 διηοειδής,
3601 4776 3712 4851 ἅμα
3760 4784 3850 4850 τῷ

2180 4873 2505 4942 προσπεσεῖν
2568 4866 2703 4942 αὐτῇ
2779 4869 2873 4929 τὰς
2933 4866 3169 4936 ἡλιακὰς
3244 4869 3461 4929 ἀκτῖνας
3521 4868 3847 4944 ἑφωτίζετο,

2185 4955 2418 5032 μηδενὸς
2447 4955 2905 5032 ἐπιπροσθοῦντος
2954 4957 3310 5031 κυρτώματος
3345 4976 3357 4989 ·
3409 4961 3497 5010 νῦν
3550 4954 3628 5025 δὲ,
3677 4978 3849 5033 σφαι-

2183 5044 2401 5114 ροειδὴς
2462 5045 2613 5115 οὖσα,
2673 5046 2811 5101 κατὰ
2880 5046 3042 5121 μέρος
3110 5046 3396 5122 φωτίζεται
3453 5052 3571 5107 ταῖς
3633 5045 3847 5115 ἀκτῖσι,

2183 5134 2272 5190 διὰ
2301 5137 2361 5189 τὸ
2394 5137 2741 5210 ἐπιπροσθεῖν
2788 5137 2854 5189 τὰ
2903 5134 3074 5190 λοιπά
3122 5136 3260 5209 μέρη
3309 5139 3377 5208 τῇ
3417 5135 3709 5210 κυρτότητι
3743 5140 3849 5192 τοῦ

2179 5223 2431 5280 τοιούτου
2489 5227 2801 5299 σχήματος.
2855 5224 2924 5277 Τὸ
3011 5222 3068 5279 δὶ
3148 5231 3250 5293 τῆς
3317 5223 3554 5294 σελήνης
3611 5222 3851 5299 μέγεθος

2181 5313 2406 5369 ἔλαττόν
2458 5313 2566 5368 ἐστι
2615 5320 2713 5383 τῆς
2760 5320 2864 5387 γῆς
2912 5314 2999 5367 καὶ
3071 5313 3175 5367 ὑπὸ
3235 5314 3520 5388 τριάκοντα
3568 5311 3853 5367 ὶνναπλάο

2183 5424 2319 5472 σιον,
2352 5402 2488 5458 κατὰ
2514 5400 2570 5458 δέ
2599 5424 2747 5465 τινας
2778 5403 2881 5457 ὑπὸ
2913 5401 3079 5457 εἷ’κοσι
3114 5400 3495 5459 δνναπλάσιον.

2564 5610 2661 5665 κθ’.
2698 5609 2827 5684 Περὶ
2859 5607 3153 5684 ἰκλείψεως
3188 5607 3444 5679 σελήνης.

2252 5707 2523 5765 Ἐκλείπει
2584 5705 2639 5765 δὲ
2694 5710 2729 5780 ἡ
2782 5705 2987 5781 σελήνη
3031 5707 3165 5764 κατά
3214 5704 3501 5795 διάμετρον
3558 5712 3639 5780 τῷ
3682 5707 3849 5785 ἡλίῳ
