4080 6350
256 447 375 508 809

1520 448 2006 512 SOLUTIONES
2052 449 2437 521 QUEDAM.

3548 453 3670 536 aio

251 577 545 653 γενομένη,
582 577 670 634 ὅτε
705 579 780 652 μὴ
814 577 931 654 ἔχει
962 579 1173 642 πλάτος
1201 579 1467 635 κλίνουσα
1498 576 1606 634 εἷ’τε
1640 578 1728 634 ἐπὶ
1784 577 1901 654 βοῤ⁴

2031 597 2163 636 cum
2196 582 2317 638 sole
2369 587 2479 652 est,
2539 586 2775 656 quando
2825 601 3038 658 nempe
3076 603 3245 642 suam
3294 585 3670 643 latitudinem

251 673 350 739 ρᾶν
407 667 513 723 εἴτε
562 668 648 722 ἐπὶ
695 667 875 736 νότον,
909 666 1054 724 ἀλλὰ
1098 669 1197 736 τὴν
1241 668 1407 736 αὐτὴν
1438 673 1516 740 τῷ
1546 667 1694 741 ἡλίῳ
1718 663 1906 742 τρίϐον

254 755 511 815 διοδεύει.
546 756 838 829 Ἐμπίπτει
871 757 972 833 γὰρ
1002 761 1302 826 τηνικαῦτα
1324 762 1404 830 τῷ
1457 765 1557 827 τῆς
1604 761 1702 832 γῆς
1759 757 1909 811 σκιά-

249 868 441 918 σματι.
477 845 578 903 Καὶ
632 846 678 900 εἰ
741 847 837 918 μὲν
894 845 1153 921 ἀπόγειός
1209 845 1341 916 ἐστι,
1393 848 1588 922 τάχιον
1633 844 1906 922 διέρχεται

243 939 354 1004 τήν
413 936 588 1005 σκιὰν,
623 936 697 998 ὡς
746 933 1082 1006 λεπτοτάτην
1132 933 1334 990 ἄνωθεν
1385 938 1780 1011 τυγχάνουσαν,
1833 937 1906 998 ὡς

244 1025 578 1098 τροείπομεν
611 1044 624 1057 ⁸
653 1024 696 1078 εἰ
756 1022 814 1078 δὲ
860 1023 1137 1100 περίγειος
1181 1023 1314 1095 ἐστι,
1361 1031 1587 1080 ποιεῖται
1640 1023 1906 1098 διαμονήν

242 1114 343 1168 καὶ
392 1108 716 1190 ἐμϐραδῦνει
773 1111 910 1187 πρός
949 1114 1012 1168 τὸ
1062 1119 1236 1169 ποιεῖν
1285 1114 1663 1190 ἀνακάθαρσιν,
1696 1112 1785 1169 διὰ
1846 1115 1908 1169 τὸ

245 1205 493 1258 κάτωθεν
538 1204 667 1258 εἶναι
716 1207 950 1277 παχεῖαν
1001 1204 1099 1272 τὴν
1153 1204 1324 1260 σκιάν.
1376 1205 1649 1268 Ἐντεῦθεν
1710 1197 1907 1258 ἔλαϐον

246 1293 306 1346 οἱ
348 1291 521 1347 πάλαι
553 1292 713 1369 σοφοὶ
745 1291 1015 1368 πρόφασιν
1064 1298 1166 1360 τῆς
1214 1292 1595 1361 κατανοήσεως
1649 1295 1746 1346 τοῦ
1801 1290 1906 1345 ἀπὸ

243 1387 352 1450 τῆς
402 1384 504 1455 γῆς
557 1381 723 1455 μέχρι
777 1384 875 1434 τοῦ
920 1380 1152 1454 οὐρανοῦ
1197 1377 1586 1454 διαστήματος.
1623 1381 1908 1456 Τηρήσαν-

247 1491 344 1531 τες
404 1471 530 1544 γάρ,
581 1470 655 1531 ὡς
706 1470 734 1524 ὁ
783 1467 948 1538 ἥλιος
995 1470 1107 1542 ἅμα
1153 1474 1233 1541 τῷ
1291 1467 1565 1524 ἀνατεῖλαι
1623 1475 1772 1524 ποιεῖ
1815 1469 1909 1532 τὰς

244 1561 406 1622 σκιὰς
487 1556 988 1628 ἒξηκονταπλασίας
1063 1562 1172 1613 τῶν
1249 1557 1643 1632 σκιαζομὲνων,
1697 1561 1906 1636 ἀπεφή-

242 1667 435 1716 ναντο,
470 1647 545 1708 ὡς
577 1644 661 1701 δεῖ
687 1647 777 1701 καὶ
807 1647 872 1701 τὸ
909 1649 1088 1719 μῆκος
1119 1650 1218 1711 τῆς
1247 1653 1397 1708 σκιᾶς
1426 1649 1522 1716 τῆς
1552 1654 1655 1722 γῆς
1689 1648 1906 1718 ἑξηκον-

242 1736 549 1791 ταπλάσιον
590 1737 724 1790 εἶναι
769 1738 869 1804 τῆς
919 1731 1214 1810 διαμέτρου
1264 1735 1471 1805 αὐτῆς’
1503 1736 1593 1790 καὶ
1660 1737 1734 1799 ὡς
1792 1736 1909 1800 ἐπεὶ

245 1824 549 1900 μὲχριτῆς
597 1823 928 1894 σεληνιακῆς
979 1823 1206 1900 σφαίρας
1258 1825 1322 1878 τὸ
1383 1823 1474 1894 ὀξὺ
1529 1823 1696 1890 αὐτῆς
1752 1846 1911 1880 κατα-

239 1913 434 1988 λήγει,
468 1915 581 1969 εἶτα
629 1913 680 1968 εἷ’
727 1913 984 1984 ἑξήκοντα
1039 1913 1162 1967 καθ’
1195 1913 1444 1977 ὑπόθεσιν
1494 1918 1644 1988 γαῖαι
1686 1912 1768 1969 ἐπ’
1797 1912 1900 1968 ἀλ·
1931 1951 1980 2016 Β

237 2002 449 2074 λήλαις
505 2004 727 2072 τεθῶσι,
783 2000 1190 2075 καταλήψονται
1249 2001 1381 2076 ἄχρι
1462 2008 1560 2070 τῆς
1636 2000 1898 2074 ἡλιακῆς,

237 2094 473 2170 σφαίρας
508 2111 520 2124 ’
580 2092 860 2147 κάντεῦθεν
921 2089 1373 2166 συλλογισάμενοι
1441 2085 1760 2161 κατέλαϐον,
1822 2093 1896 2155 ὡς

234 2184 303 2238 τὸ
335 2181 614 2256 διάστημα
671 2180 732 2237 τὸ
796 2180 992 2256 μεταξῦ
1037 2189 1138 2251 τῆς
1189 2187 1291 2256 γῆς
1325 2179 1539 2250 καὶτῆς
1571 2181 1900 2253 σεληνιακῆς

237 2271 475 2348 σῳαίρας
522 2271 787 2327 τοσοῦτόν
839 2270 1006 2342 ἐστιν,
1040 2272 1163 2326 ὅσον
1195 2273 1229 2340 ἡ
1283 2269 1342 2325 ἐκ
1393 2273 1490 2325 τοῦ
1543 2269 1741 2346 μέτρου
1795 2279 1896 2341 τῆς

237 2367 344 2438 γῆς
381 2363 434 2434 μ’
469 2356 703 2436 ἔγγιστα.

316 2448 591 2505 Ἐκλείπει
625 2448 682 2505 δὲ
711 2452 745 2520 ἡ
780 2447 984 2520 σελήνη
1026 2449 1160 2504 ποτέ
1206 2449 1300 2522 μὶν
1353 2447 1482 2519 ὅλη,
1514 2450 1646 2504 ποτὲ
1695 2447 1751 2504 δὲ
1801 2472 1895 2523 με-

237 2544 431 2615 ρικῶς.
467 2540 570 2596 Καὶ
625 2538 728 2610 ὅλη
790 2537 1137 2607 ἐκλείπουσα,
1176 2539 1309 2593 ποτε
1356 2539 1450 2612 μὲν
1501 2543 1738 2593 ποιεῖται
1787 2537 1900 2594 δια-

237 2630 440 2702 μονὴν,
482 2628 570 2683 ὅτε
595 2629 731 2703 πρὸς
759 2633 838 2700 τῷ
872 2629 1162 2702 παχυτὲρῳ
1198 2625 1348 2702 μέρει
1377 2634 1479 2698 τῆς
1521 2634 1671 2690 σκιᾶς
1725 2629 1891 2702 τύχῃσ

231 2719 374 2773 ποτὶ
432 2715 490 2772 δὲ
538 2719 652 2790 ἅμα
697 2722 778 2790 τῷ
830 2717 1168 2795 καλυφθῆναι
1215 2717 1440 2793 ἄρχεται
1486 2722 1660 2772 ποιεῖν
1705 2717 1898 2772 ἀνακάο

232 2816 452 2880 θαρσιν,
487 2807 577 2860 ὅτε
607 2803 808 2860 ἄνωθεν
841 2803 1067 2880 ἐκλείψῃ
1093 2806 1226 2882 πρὸς
1253 2810 1334 2878 τῷ
1366 2803 1551 2878 λεπτῷ
1595 2813 1694 2876 τῆς
1746 2811 1897 2868 σκιᾶς

234 2894 420 2967 μέρει.
455 2893 580 2969 Οὐχ
637 2894 816 2970 ὥσπερ
875 2891 932 2948 δὶ
982 2894 1074 2949 τὸν
1126 2893 1282 2964 ἥκιον
1335 2892 1610 2970 ἐνδέχεται
1672 2896 1895 2966 ὁρᾶσθαι

229 2982 289 3038 ἐν
324 2983 431 3036 τινὶ
466 2985 560 3055 μὲν
591 2981 744 3055 τόπῳ
783 2981 1124 3055 ἐκλείποντα,
1159 2983 1210 3038 ἐν
1263 2983 1369 3038 τινὶ
1420 2981 1466 3038 δ’
1495 2983 1579 3057 οὖ,
1610 2982 1754 3038 οὕτω
1803 2983 1893 3037 καὶ

230 3072 327 3128 ἐπὶ
358 3079 462 3139 τῆς
491 3071 748 3143 σελήνης
783 3071 907 3128 ἀλλ’
937 3073 1254 3149 ἁπανταχοῦ
1292 3080 1392 3143 τῆς
1449 3081 1552 3150 γῆς
1598 3076 1632 3142 ἡ
1690 3072 1893 3144 ταύτης

228 3160 489 3236 ἔκλειψις
531 3161 753 3238 γίνεται,
802 3163 846 3217 εἰ
899 3164 974 3235 μή
1020 3184 1080 3238 γε
1123 3165 1268 3238 παρὰ
1315 3162 1455 3218 τισὶν
1505 3163 1685 3237 ἡμέρα
1735 3164 1897 3238 γενη-

226 3273 322 3306 ται
359 3270 373 3284 ·
440 3250 675 3326 ὑπάρχει
742 3253 842 3326 γὰρ
909 3255 1203 3322 τηνικαῦτα
1281 3251 1489 3322 ἐκείνης
1549 3253 1680 3328 ὑπὲρ
1738 3259 1840 3326 γῆν
1877 3271 1889 3284 ·

2018 686 2208 740 neque
2261 671 2332 725 ad
2384 672 2870 742 septentrionem,
2904 690 3092 745 neque
3136 675 3206 728 ad
3243 675 3547 730 meridiem
3580 674 3670 730 in-

2019 757 2218 827 clinat,
2250 760 2351 813 sed
2384 761 2649 814 eamdem
2684 777 2812 816 cum
2865 761 2988 818 sole
3034 763 3306 819 semitam
3357 765 3667 834 percurrit.

2017 845 2224 901 incidit
2253 849 2410 902 enim
2442 853 2585 902 tunc
2614 847 2671 903 in
2707 849 2979 906 umbram
3034 854 3222 908 terrae.
3268 852 3389 908 Etsi
3422 853 3662 925 quidem

2019 930 2194 1006 quam
2227 937 2480 992 maxime
2511 954 2543 992 a
2573 944 2728 992 terra
2757 938 2960 1007 distat,
2993 940 3170 996 citius
3220 943 3489 996 umbram
3538 958 3671 1013 per-

2017 1026 2251 1092 transit,
2281 1043 2406 1096 quae
2438 1026 2676 1098 quidem
2721 1029 2993 1098 superius
3039 1028 3222 1084 levior
3258 1034 3368 1096 est,
3399 1034 3465 1085 ut
3493 1035 3669 1087 antea

2019 1113 2297 1181 diximus;
2323 1115 2373 1171 si
2405 1133 2538 1170 vero
2571 1133 2749 1186 quam
2773 1117 3028 1172 maxime
3059 1118 3130 1172 ad
3162 1123 3378 1173 terram
3414 1119 3668 1188 accedit,

2018 1202 2372 1258 immoratur
2402 1209 2458 1259 et
2488 1203 2643 1259 lente
2672 1222 2740 1260 ea
2791 1206 3002 1260 umbra
3030 1207 3299 1274 emergit,
3333 1208 3473 1277 quia
3521 1208 3665 1263 infe-

2018 1292 2142 1348 rius
2174 1295 2429 1348 crassior
2459 1296 2665 1350 umbra
2697 1298 2808 1350 est.
2862 1294 3026 1352 Unde
3057 1300 3277 1351 veteres
3326 1295 3666 1368 philosophi

2019 1383 2385 1437 occasionem
2435 1399 2638 1453 cepere
2695 1385 3088 1455 cognoscendi
3131 1388 3416 1456 quantum
3452 1389 3603 1441 terra
3633 1403 3667 1442 a

2019 1470 2160 1526 cmlo
2192 1471 2388 1526 distet.
2423 1471 2813 1528 Observantes
2843 1472 2995 1527 enim
3028 1473 3212 1529 solem
3243 1489 3351 1528 suo
3381 1478 3513 1529 ortu
3534 1490 3665 1529 um-

2018 1560 2154 1615 bras
2188 1561 2366 1615 rebus
2394 1560 2764 1616 adumbratis
2813 1563 3078 1633 sexagies
3111 1563 3365 1634 majores
3413 1563 3664 1632 efﬁcere,

2020 1650 2406 1704 ostenderunt
2435 1654 2701 1721 oportere
2755 1655 2820 1705 ut
2870 1651 3091 1706 umbra:
3125 1655 3289 1706 terrae
3322 1651 3666 1723 magnitudo

2020 1738 2283 1809 sexagies
2317 1737 2546 1809 longior
2573 1738 2652 1793 sit
2684 1738 2870 1809 ipsius
2915 1739 3220 1795 diametro.
3271 1740 3417 1795 Cum
3468 1745 3664 1796 autem

2022 1827 2234 1882 umbra
2262 1831 2518 1882 extrema
2567 1827 2638 1882 ad
2690 1827 2840 1882 lunae
2886 1828 3176 1900 sphzeram
3208 1829 3580 1895 terminatur,
3611 1828 3662 1884 si

2021 1914 2231 1969 deinde
2263 1914 2566 1986 sexaginta
2597 1919 2781 1970 terras
2811 1932 2880 1971 ex
2907 1915 3218 1987 hypothesi
3250 1914 3397 1970 alias
3428 1914 3486 1970 in
3515 1915 3661 1971 alias

2011 2003 2520 2075 superimponant,
2571 2021 2758 2076 usque
2808 2005 2879 2059 ad
2935 2004 3077 2059 solis
3124 2004 3412 2076 sphaeram
3459 2020 3662 2076 perve-

2009 2093 2192 2148 nient.
2226 2097 2292 2147 Et
2321 2093 2454 2147 inde
2487 2093 2912 2148 raciocinantes
2939 2093 3351 2150 intellexerunt
3379 2093 3658 2149 interval-

2009 2181 2131 2236 lum
2167 2182 2319 2236 inter
2347 2187 2567 2236 terram
2625 2186 2682 2238 et
2739 2181 2890 2237 lunte
2950 2183 3239 2254 sphaeram
3272 2185 3503 2237 tantum
3532 2198 3663 2237 esse

2009 2276 2228 2345 quanta
2260 2278 2431 2328 terrae
2461 2273 2733 2330 diametri
2765 2274 3081 2342 dimensio,
3113 2272 3504 2346 quadraginta
3542 2272 3657 2327 cir-

2009 2362 2170 2417 citer.

2082 2451 2236 2504 Luna
2267 2455 2461 2506 autem
2493 2451 2691 2505 deficit
2720 2468 2875 2506 nunc
2907 2456 3047 2518 tota,
3098 2467 3257 2506 nunc
3288 2454 3520 2506 tantum
3584 2467 3654 2506 ea

2007 2544 2191 2612 parte.
2221 2541 2447 2603 Quanto
2479 2545 2601 2596 tota
2635 2541 2852 2606 deficit,
2886 2557 3044 2596 nunc
3073 2539 3308 2612 quidem
3349 2539 3408 2596 in
3443 2538 3652 2595 umbra

2007 2635 2426 2698 commoratur,
2459 2631 2694 2701 quando
2745 2647 2954 2702 nempe
3004 2631 3063 2685 in
3115 2630 3397 2702 spissiore
3429 2629 3650 2684 umbraa

2007 2724 2169 2790 parte
2199 2723 2493 2787 versatur;
2538 2736 2694 2774 nunc
2725 2724 2921 2775 autem
2953 2736 3087 2776 cum
3118 2719 3212 2774 vix
3241 2723 3394 2775 tecta
3421 2723 3531 2784 est,
3560 2717 3651 2773 in-

2007 2807 2484 2880 cipitemergere,
2517 2809 2751 2880 quando
2783 2826 2992 2881 nempe
3023 2825 3202 2879 supra
3231 2808 3452 2880 patitur
3493 2806 3649 2863 defe-

2006 2896 2254 2952 ctionem
2280 2899 2339 2952 in
2363 2897 2576 2954 leviore
2599 2898 2823 2954 umbra:
2845 2903 3029 2970 parte;
3056 2915 3170 2954 non
3194 2901 3389 2953 autem
3421 2897 3492 2952 de
3511 2896 3654 2952 luna

2005 2986 2221 3042 accidit
2254 2990 2312 3041 ut
2345 2987 2416 3042 de
2446 2987 2588 3056 sole,
2622 3004 2799 3058 quem
2851 2987 2907 3041 in
2943 3004 3060 3042 uno
3109 2987 3234 3042 loco
3282 2986 3650 3041 deﬁcientem

2006 3075 2468 3131 animadvertere
2498 3075 2652 3147 licet,
2691 3093 2794 3131 nec
2822 3077 2878 3131 in
2905 3075 3017 3130 alio
3043 3093 3055 3143 ;
3089 3076 3190 3131 sed
3217 3075 3434 3146 ubique
3464 3079 3652 3129 terra-

2005 3182 2136 3219 rum
2171 3164 2236 3218 ﬁt
2265 3181 2332 3219 ea
2363 3164 2628 3231 defectio,
2662 3165 2774 3220 nisi
2806 3165 2929 3220 dies
2961 3165 3019 3218 in
3052 3164 3248 3235 aliquo
3279 3164 3405 3218 loco
3436 3162 3647 3217 luceat.

2006 3254 2186 3308 Lucet
2215 3255 2372 3309 enim
2405 3271 2580 3326 super
2610 3259 2823 3310 terram
2849 3252 3027 3309 simul
3059 3270 3192 3309 cum
3214 3269 3282 3309 ea
3304 3251 3644 3308 defectione.

229 3338 510 3396 δέδεικται
551 3317 661 3416 ’γάρ
711 3317 870 3414 ἡμῖν,
922 3343 995 3404 ὡς
1049 3341 1193 3418 παρᾶ
1240 3341 1379 3396 τισὶν
1431 3317 1662 3417 ἡμέρας.
1703 3317 1892 3413 οἰέσῃς,

2015 3317 2496 3398 Οθωοηειιιαιυηί
2527 3347 2616 3398 est
2657 3343 2814 3398 enim
2865 3343 3019 3398 diem
3068 3342 3367 3415 aliquibus
3418 3341 3645 3408 adesse,

223 3429 328 3501 νὺξ
360 3431 490 3504 παρ’
522 3429 725 3503 ἑτέροις
755 3428 919 3486 ἐστίν.

2002 3432 2237 3502 quando
2267 3431 2399 3487 aliis
2431 3448 2547 3487 non
2576 3432 2760 3487 adest.

1625 3656 1801 3718 Τέλος
1833 3653 1924 3711 σὺν
1958 3659 2076 3728 Θεῷ
2106 3654 2259 3731 ἁγίῳ.

569 5894 829 5955 Paruum.
879 5895 989 5954 Gn.
1037 5891 1266 5952 CXXII.
