4088 6350
411 447 526 508 su
1042 526 1049 529 Α
1759 440 2025 501 MICHAI

2224 440 2365 501 PSE
2376 442 2493 501 LLI
3710 443 3828 503 812

1529 727 1666 784 ΤΟΥ
1706 726 2255 782 ΠΑΝΥΠΕΡΤΑΤΟΥ
2294 726 2707 784 ΦΙΛΟΣΟΦΟΥ

761 907 1420 1036 ΚΥΡΙΟΥ
1513 903 2221 1034 ΜΙΚΑΗΛ
2303 905 2651 1035 ΤΟΥ
2734 904 3456 1036 ΨΕΛΛΟΥ

1799 1140 2031 1196 ΣΤΙΧΟΙ
2071 1140 2432 1197 ΠΟΛΙΤΙΚΟΙ

1214 1291 1389 1342 ΠΡΟΣ
1430 1290 1567 1341 TON
1605 1286 1909 1341 ΒΑΣΙΛΕΑ
1950 1284 2202 1341 ΚΥΡΙΟΝ
2241 1285 2526 1341 ΜῙΧΑΗΛ
2564 1285 2707 1342 TON
2748 1286 3023 1343 ΛΟΥΚΑΝ

1554 1464 1858 1559 ΠΕΡΙ
1959 1460 2669 1559 ΔΟΓΜΑΤΟΣ.

1716 1828 1969 1890 SUMMI
2019 1826 2507 1889 PHILOSOPHI

712 2014 1467 2168 DOMINI
1578 2010 2710 2166 MIGHAELIS
2830 2013 3550 2167 PSELLI

1712 2269 2065 2331 VERSUS
2133 2269 2527 2331 POLITIGI

1041 2429 1159 2490 AD
1200 2426 1611 2491 DOMINUM
1645 2425 2290 2490 IMPERATORE'M
2331 2425 2867 2491 MICHAELEM
2902 2427 3207 2492 DUCAM

1629 2591 1813 2683 DE
1922 2588 2622 2685 DOGMATE

500 2791 833 2862 (MssaMAN,
857 2788 1157 2846 Theseum:
1184 2790 1335 2846 Iuris
1357 2792 1500 2845 tom.
1526 2792 1570 2845 Ι.
1602 2788 1769 2859 Hagen
1801 2787 2083 2845 comitum
2117 2788 2251 2844 1751
2286 2786 2384 2845 fol.
2414 2819 2480 2831 -
2507 2787 3055 2861 Interpretationem
3082 2791 3344 2847 nostram
3383 2788 3749 2862 addidimus)

414 3096 623 3168 Accipe
654 3098 710 3152 et
737 3095 1191 3152 fundamentum
1224 3098 1561 3151 nostrorum
1593 3094 1938 3166 dogmatum

2085 3094 2140 3162 Α
2170 3092 2345 3167 Δὲχου
2375 3092 2461 3147 καὶ
2494 3093 2585 3147 χόν
2619 3090 2873 3167 θεμέλιον
2903 3096 3010 3148 τῶν
3042 3094 3163 3157 καθ’
3191 3095 3339 3167 ἡμᾶς
3371 3090 3681 3170 δογμάτων,

417 3185 749 3251 Concisum,
782 3187 838 3239 et
868 3183 1265 3257 synopticum,
1288 3187 1344 3239 et
1382 3183 1916 3255 circumscriptum.

2178 3180 2480 3254 Σύντομον,
2513 3181 2601 3236 καὶ
2636 3183 2980 3252 συνοπτικὸν,
3011 3182 3100 3237 καὶ
3132 3184 3659 3258 περιγεγραμμένον,

418 3273 613 3328 Deum
647 3289 953 3344 cognosce,
980 3273 1240 3338 domine,
1273 3288 1584 3343 corporum
1618 3270 2032 3343 incoporeorur

1934 3287 2065 3325 rum
2177 3271 2304 3325 Θεὸν
2331 3270 2579 3343 γίνωσκε,
2616 3267 2872 3338 δέσποτα,
2907 3275 3174 3344 σωμάτων
3220 3271 3545 3345 ἀσωμάτων,

424 3361 949 3433 Contemporalem,
979 3362 1279 3416 infinitum
1304 3360 1713 3416 universorum
1745 3365 2038 3416 creatoren

2001 3376 2066 3415 im
2179 3358 2521 3434 Σὺγχρονον,
2548 3356 2930 3431 ἀτελεύτητον,
2962 3365 3069 3415 τῶν
3103 3358 3249 3414 ὅλων
3286 3361 3615 3431 ὑποστάτην,

422 3452 837 3522 Incorporeum
870 3450 1263 3516 indefinitum,
1297 3452 1510 3505 natura
1540 3448 1923 3517 invisibilem,

1862 3466 1923 3517 n,
2177 3448 2517 3520 Ἀσώματον,
2551 3447 2823 3522 ἀόριστον,
2857 3448 3268 3523 ἀσχημάτιστον
3302 3449 3476 3527 φύσει,

422 3540 717 3607 Liberum,
742 3539 1071 3595 substantia
1092 3537 1769 3611 inoomprehensibilem,
1788 3537 2032 3608 operibu

2227 3532 2399 3591 λδετον
2463 3536 2581 3609 μὲν,
2641 3535 2822 3599 οὐςίαν
2883 3535 3154 3609 ἄληπτον,
3215 3537 3422 3608 ληπτὸν
3491 3544 3609 3601 ταῖς
3689 3540 3841 3616 ἐνερ-

1493 3625 1994 3699 [cognoscibilem.

3543 3629 3762 3703 [γείαις,

420 3718 612 3773 Unum
647 3720 703 3771 et
731 3717 844 3772 tria
872 3716 1072 3786 simul,
1098 3733 1281 3772 unum
1315 3716 1642 3772 secundum
1675 3714 2034 3771 substantia:

1889 3714 2066 3770 ntiam
2177 3714 2310 3767 Ἕνα
2338 3711 2427 3766 καὶ
2457 3713 2583 3787 τρία
2610 3714 2727 3768 κατ’
2753 3713 2936 3783 αὐτὸν,
2969 3711 3060 3769 ἕνα
3095 3714 3189 3787 μὶν
3222 3715 3290 3787 τῇ
3324 3714 3503 3786 οὐσίᾳ,

416 3806 551 3861 Tria
579 3806 907 3862 secundum
957 3806 1284 3870 substrata,
1335 3804 1422 3859 vel
1454 3805 1503 3860 si
1545 3805 1708 3871 libet,
1741 3805 2030 3859 secundur

2179 3800 2317 3875 Τρία
2342 3806 2460 3863 ταῖς
2493 3801 2843 3858 ὑποστάσεσιν
2867 3847 2881 3873 ,
2918 3802 2963 3857 εί
3000 3802 3213 3877 βούλει,
3243 3802 3332 3857 καὶ
3363 3804 3704 3874 προσώποις.

1769 3909 1995 3947 rsonas.

1665 3895 1995 3964 [personas.

420 3983 583 4039 Unus
616 3999 871 4054 namque
901 3983 961 4038 in
994 3983 1184 4038 tribus
1215 3982 1413 4038 existit
1433 3987 1586 4036 Deus
1621 3982 1889 4053 personis
1920 3997 1932 4034 :

1986 3934 1995 3946 '
2182 3978 2368 4041 Μονὰς
2397 3980 2501 4054 γὰρ
2533 3979 2962 4055 τρισυπόστατος
2995 3982 3023 4035 ὁ
3054 3980 3185 4042 Θεὸς
3215 3982 3553 4057 χρηματίζει
3587 4000 3600 4014 ⁸

422 4073 614 4139 Pater,
651 4072 831 4127 Filius
861 4076 918 4126 et
947 4072 1205 4143 Spiritus
1238 4076 1480 4127 sanctus
1521 4068 2036 4126 consubstantialie

1867 4068 2067 4126 itialis.
2183 4071 2401 4142 Πατὴρ,
2427 4069 2571 4141 Υἱὸς,
2602 4069 2691 4123 καὶ
2726 4070 2875 4145 ἅγιον
2911 4069 3208 4143 ὁμοοὺσιον
3242 4072 3481 4144 Πνεῦμα.

425 4161 591 4217 Unus
620 4165 793 4215 Pater
821 4164 877 4216 et
906 4160 1032 4215 sine
1066 4160 1352 4233 principio
1395 4160 1583 4228 Pater,
1617 4159 1998 4231 gubernator.

2183 4158 2364 4219 Μόνος
2395 4159 2582 4234 Πατὴρ
2608 4158 2695 4213 καὶ
2726 4156 2967 4235 ἄναρχος
2996 4160 3023 4213 ὁ
3056 4162 3242 4235 Πατήρ
3276 4159 3640 4237 στεφηφόρος,

428 4250 588 4305 Unus
619 4248 803 4304 Filius
834 4253 891 4304 et
920 4266 1035 4304 non
1068 4249 1195 4304 sine
1259 4248 1549 4322 principio
1582 4248 1909 4303 secundum
1942 4265 2040 4303 car

2184 4247 2365 4310 Μόνος
2395 4246 2518 4308 Υἱὸς
2545 4247 2635 4301 καὶ
2667 4246 2766 4302 οὐκ
2791 4248 3045 4324 ἄναρχος,
3074 4252 3145 4322 τῇ
3179 4250 3332 4325 σαρκῖ
3367 4247 3530 4304 αὐτοῦ
3560 4249 3744 4321 πέλει,

1618 4336 1775 4407 [ηοω
1808 4354 1998 4393 suam.

431 4424 789 4496 Principium
821 4425 949 4494 ejus
981 4425 1144 4481 Pater
1175 4443 1188 4481 :
1216 4426 1341 4497 jam
1370 4440 1505 4480 vero
1537 4425 1586 4479 si
1618 4426 1691 4481 ad
1722 4429 1987 4497 tempora

2106 4458 2154 4522 Β
2185 4425 2359 4500 ’Λρχὴ
2390 4422 2447 4522 δε
2476 4425 2672 4522 reticeo
2705 4427 2732 4481 ὁ
2765 4427 2975 4522 Πατὴρ,
3007 4425 3053 4481 εἰ
3087 4423 3144 4481 δὲ
3180 4428 3279 4522 τὴν
3309 4429 3417 4483 ἀπὸ
3444 4429 3661 4504 χρόνων

430 4513 589 4569 Velis
624 4513 974 4585 principium
1005 4514 1219 4570 referre
1255 4514 1379 4585 ipse
1406 4530 1640 4586 quoque
1664 4514 1951 4586 principio
1982 4530 2044 4570 ca

2108 4510 2152 4522 ”
2189 4515 2395 4588 Ἀρχὴν
2430 4510 2727 4588 λαμϐάνειν
2763 4513 3013 4591 βούλοιο,
3039 4515 3131 4569 καὶ
3162 4513 3403 4591 ἄναρχος
3433 4516 3716 4593 τυγχάνει.

1870 4604 2001 4674 [ret.

428 4691 702 4764 Spiritus,
735 4696 974 4748 sanctus
1008 4691 1285 4748 nimirum
1307 4691 1558 4765 Spiritus
1579 4695 1635 4747 et
1662 4693 1812 4747 Deus
1834 4692 2042 4747 subtan

2012 4709 2075 4747 n-
2188 4694 2427 4765 Πνεῦμα,
2461 4693 2522 4746 τὸ
2549 4696 2769 4765 Πνεῦμα
2801 4692 2954 4768 ἅγιον
2986 4694 3076 4748 καὶ
3108 4693 3236 4757 Θεὸς
3270 4694 3386 4749 κατ’
3413 4693 3623 4766 οὐσίαν,

1744 4780 1807 4851 [ti
1817 4779 2003 4835 aliter.

428 4871 510 4926 Ex
541 4869 707 4925 Patre
739 4885 1080 4941 processum
1116 4871 1289 4926 habet
1319 4886 1499 4941 supra
1530 4874 1807 4925 naturam

2188 4870 2284 4924 Ἐκ
2312 4872 2407 4923 τοῦ
2441 4869 2647 4943 ΙΙατρὸς
2676 4870 2777 4937 τὴν
2809 4866 3045 4945 πρόοδον
3087 4869 3340 4945 ἐσχηκὼς
3375 4871 3507 4947 ὑπὲρ
3538 4872 3700 4949 φύσιν

429 4959 555 5014 Non
586 4963 782 5015 autem
814 4976 882 5015 ex
912 4960 1055 5015 Filio
1086 4959 1222 5014 licet
1251 4959 1463 5015 modus
1495 4958 1571 5013 sit
1604 4958 1864 5031 ignotus.

2186 4959 2553 5031 Ἐκπορευτήν
2588 4958 2697 5032 οὐχ
2727 4960 2931 5030 υἳῖκὴν,
2960 4955 3056 5012 κᾶν
3090 4959 3362 5034 ἄγνωστος
3396 4961 3423 5014 ὁ
3451 4960 3681 5034 τρόπος,

433 5047 687 5111 Quodvis
720 5048 961 5120 quidem
993 5046 1327 5104 substantia
1368 5046 1520 5117 (est),
1554 5046 1669 5103 tria
1698 5050 1894 5102 autem
1926 5063 2045 5103 unu

1926 5063 2081 5104 unus
2190 5047 2489 5109 Υπόστασις
2525 5047 2619 5120 μὶν
2650 5043 2897 5117 ἕκαστον,
2933 5051 3009 5110 εἷς
3043 5045 3101 5103 δὶ
3130 5048 3263 5111 Θεὸς
3292 5049 3358 5103 τὰ
3383 5048 3524 5123 τρία.

1811 5137 2006 5207 [Deus.

438 5224 603 5280 Unus
636 5225 819 5281 Filius
850 5224 1191 5283 incarnatus
1214 5229 1304 5282 est
1334 5225 1392 5280 in
1424 5225 1539 5280 ﬁne
1569 5224 1938 5295 saeculorum,

2190 5224 2370 5286 Μόνος
2403 5221 2461 5279 δὲ
2482 5225 2602 5287 Υἱὸς
2632 5224 2966 5302 σεσάρκωται
2996 5226 3048 5281 ἐν
3078 5225 3225 5282 τέλει
3255 5231 3363 5283 τῶν
3390 5227 3627 5299 αἰώνων,

445 5315 506 5368 Et
537 5318 806 5370 naturam
840 5314 1064 5387 accepit
1096 5320 1359 5371 nostram
1393 5330 1461 5369 ex
1483 5313 1733 5386 Virgine,

2190 5313 2287 5368 Καὶ
2321 5312 2476 5387 φύσιν
2511 5310 2802 5368 ἀνελάϐετο
2832 5317 2931 5385 τήν
2964 5318 3124 5387 ἡμῶν
3157 5314 3215 5369 ἐκ
3256 5314 3554 5391 Παρθένου,

440 5403 861 5473 Essentialiter,
896 5423 1009 5462 non
1045 5405 1339 5471 simulate,
1374 5408 1605 5471 natura,
1637 5422 1751 5460 non
1784 5403 1976 5476 specie

1924 5403 1976 5459 i6
2190 5398 2511 5471 Οὐσιωδῶς,
2556 5403 2620 5456 οὐ
2652 5408 2939 5478 σχετικῶς,
2973 5404 3145 5476 φύσει,
3179 5404 3245 5459 οὐ
3278 5404 3537 5483 φαντασίᾳ

437 5493 519 5547 Ex
550 5495 938 5567 sanguinibus
985 5494 1334 5552 venerandis
1381 5493 1769 5550 sanctissima:
1801 5492 2051 5564 Virginis

2267 5511 2287 5544 ι
2335 5493 2444 5543 τῶν
2495 5489 2741 5563 αἱμάτων
2785 5497 2891 5547 τῶν
2946 5498 3153 5547 σεπτῶν
3210 5500 3309 5562 τῆς
3368 5499 3645 5570 παναγοῢς
3700 5498 3881 5575 Παρ-

3564 5583 3758 5657 [Θὲνου
3774 5636 3787 5645 .

440 5668 569 5724 Alia
599 5675 792 5727 autem
819 5676 909 5727 est
939 5672 1288 5742 substantia,
1322 5675 1377 5726 et
1401 5670 1512 5726 alia
1542 5674 1816 5728 essentia.

2189 5663 2375 5737 Ἀλλη
2411 5664 2458 5721 δ’
2487 5666 2626 5721 ἐστιν
2671 5666 2980 5734 ὑπόστασις,
3011 5665 3099 5720 καὶ
3130 5661 3310 5740 ἕτερον
3343 5664 3519 5723 οὐσία.

442 5757 706 5812 Essentia
736 5760 977 5831 quidem
1008 5761 1339 5818 communis
1379 5760 1727 5818 substantiae
1758 5759 2007 5832 species,

1823 5759 2007 5827 .ecies,
2190 5756 2251 5811 Ἡ
2288 5756 2380 5829 μὲν
2415 5755 2567 5811 οὑσία
2596 5756 2659 5811 τὸ
2688 5756 2867 5812 κοινὸν
2903 5754 3246 5817 ὑποστάσεως
3278 5751 3437 5825 εἶδος,
