4088 6350
267 474 383 533 813

266 605 333 660 Ἠ
362 600 420 657 δὲ
449 597 738 663 ὑπόστασίς
767 596 912 653 ἐστιν
939 596 994 652 ἓν
1027 595 1320 673 πρόσωπον
1351 593 1442 652 καὶ
1477 597 1667 666 μόνον.

268 693 346 750 Τὸ
377 692 470 764 μὶν
501 691 604 766 γὰρ
631 695 730 758 τῆς
760 687 1036 758 Θεότητος,
1067 693 1168 756 τῆς
1209 685 1632 762 ἀνθρωπότητός
1662 705 1740 757 τε,

265 781 584 852 Δηλωτικὸν
611 787 710 848 τῆς
740 777 949 857 φύσεως
981 778 1070 833 καὶ
1103 778 1284 832 οὐσίαν
1317 778 1579 852 τυγχάνει

263 874 322 930 Ὁ
355 869 412 926 δὶ
445 871 652 942 Πατήρ,
682 868 771 923 καὶ
804 868 948 939 Υἱὸς,
979 867 1068 922 καὶ
1098 868 1160 921 τὸ
1192 867 1341 942 ἅγιον
1374 869 1613 939 Πνεῦμα,

262 961 360 1016 Καὶ
391 960 658 1034 πρόσωπα
688 956 980 1032 πεφύκασι,
1013 957 1101 1011 καὶ
1137 957 1244 1028 μὴν
1277 955 1366 1009 καὶ
1401 957 1743 1017 ὑποστάσεις.

259 1053 321 1108 Ὁ
353 1048 648 1124 σαργωθεὶς
679 1047 864 1102 τοίνυν
888 1046 1012 1107 Υἱὸς
1044 1046 1343 1120 ἀτρέπτως,
1370 1044 1718 1120 ἀσυγχύτως.

259 1139 338 1196 Οὐ
371 1141 664 1214 σχετικῶς,
697 1136 773 1199 ὡς
803 1133 1050 1208 εἷ’πομεν,
1085 1131 1210 1189 οὕτε
1245 1135 1354 1207 μὴν
1384 1134 1520 1188 κατὰ
1555 1133 1736 1211 φύσιν,

259 1337 349 1401 Ὠς
379 1337 406 1391 ὁ
441 1332 614 1397 δεινὸς
645 1340 936 1410 Νεστοριος
969 1318 1244 1393 δυσσεϐῶς
1276 1327 1602 1405 παρελήρει,

259 1426 475 1496 Ἡνώθη
507 1425 623 1480 καθ’
656 1422 946 1479 ὑπόστασιν
978 1425 1057 1495 τῷ
1085 1419 1468 1496 προληφθείσῃ
1502 1418 1677 1496 φύσει,

257 1517 376 1573 Μία
409 1513 590 1588 μείνας
623 1511 940 1580 ὑπόστασις,
969 1513 1039 1585 τῇ
1072 1508 1189 1582 θείᾳ
1217 1508 1306 1564 καὶ
1335 1505 1537 1577 τελεία,

258 1605 348 1662 Ἐν
377 1601 472 1659 δύο
506 1599 562 1658 δὲ
589 1606 708 1664 ταῖς
742 1601 957 1679 φύσεσιν
987 1596 1276 1661 οὐσιωδῶς
1308 1596 1610 1673 τυγχάνων.

256 1692 412 1748 Οὕτω
443 1689 510 1762 δὴ
541 1693 630 1746 καὶ
660 1684 1054 1767 πρεσϐεύομεν,
1087 1685 1262 1749 οὕτως
1293 1686 1681 1762 ὁμολογοῦμεν

257 1783 370 1844 Τὰς
402 1778 497 1835 δύο
529 1780 713 1858 φύσεις
743 1777 987 1850 άληθῶς,
1022 1777 1164 1841 θείαν
1199 1775 1289 1831 καὶ
1322 1773 1696 1850 ἀνθρωπίνην,

259 1868 568 1940 Ἀλλήλαις
597 1869 716 1923 καθ’
747 1866 1035 1922 ὑπόστασιν
1070 1865 1352 1942 ἀτρέπτως
1383 1863 1695 1936 ἐνωθείσας,

253 2067 522 2136 Ἐκάστην
556 2062 924 2120 ἀναλλοίωτον
962 2060 1138 2135 μένειν
1167 2059 1218 2115 ἐν
1249 2064 1316 2134 τῇ
1350 2061 1556 2132 ἐνώσει,

257 2159 351 2213 Ἐκ
377 2154 433 2211 δὶ
461 2159 568 2211 τῶν
602 2151 696 2209 δύο
728 2151 937 2232 φύσεων
975 2152 1101 2225 μίαν
1129 2149 1529 2218 ἀποτελεῖσθαι,

258 2246 518 2303 Σύνθετον
545 2245 643 2313 τὴν
680 2243 966 2298 ὑπόστασιν
998 2259 1010 2272 ·
1046 2240 1188 2295 οὕτω
1219 2239 1450 2300 πίστεως
1493 2237 1642 2315 ὅρος.

256 2337 679 2410 Ὁμολογοῦμεν
710 2334 1000 2406 τοιγαροῦν
1031 2333 1129 2385 τοῦ
1161 2329 1370 2404 Πατρὸς
1401 2329 1522 2382 Υἱὸν
1551 2325 1666 2400 ἕνα,

257 2425 406 2482 Κατὰ
435 2426 535 2494 τήν
567 2422 974 2498 ἐνανθρώπησιν
1002 2421 1102 2489 τὴν
1135 2416 1370 2496 ἄρρητον
1400 2421 1496 2473 τοῦ
1522 2419 1726 2492 Λόγου,

254 2515 365 2572 Καὶ
396 2514 486 2569 τὸν
516 2512 674 2568 αὑτὸν
703 2511 827 2566 Υἱὸν
852 2513 1034 2587 σαφῶς
1067 2505 1348 2585 ἄνθρωπον
1381 2506 1692 2582 πεφυκέναι,

254 2608 394 2663 Ἕνα
419 2603 644 2679 Χριστὸν
675 2602 767 2657 καὶ
795 2601 990 2675 Κύριον
1020 2603 1290 2674 μονογενῆ
1322 2597 1412 2653 καὶ
1441 2595 1639 2672 Λόγον,

252 2801 428 2860 ’Ὀλον
462 2799 589 2855 Θεὸν
621 2799 710 2854 καὶ
743 2796 1031 2874 ἄνθρωπον
1058 2799 1127 2872 τῇ
1159 2795 1257 2870 μίᾳ
1289 2792 1598 2850 ὑποστάσει.

253 2895 530 2948 ’Ἡνωνται
587 2893 718 2964 γοῦν
777 2889 832 2943 αἱ
886 2891 985 2943 τοῦ
1034 2887 1270 2964 Χριστοῦ
1328 2883 1533 2963 φύσεις,
1584 2880 1710 2938 ἀλλ’
1755 2879 1912 2956 ἀσυγ-

1613 2970 1839 3046 [χύτως,

253 3091 533 3144 ’Ἠνωνται
561 3087 679 3141 καθ’
713 3083 1026 3152 ὑπόστασιν,
1060 3079 1318 3157 διῄρηται
1351 3077 1409 3134 δι
1438 3077 1600 3134 πάλιν

253 3181 350 3248 Τᾦ
377 3175 565 3252 τρόπῳ
592 3178 691 3244 τῆς
725 3171 1010 3249 διαφορᾶς,
1044 3169 1189 3240 ἄλλη
1223 3173 1356 3226 Θεοῦ
1385 3170 1489 3245 γὰρ
1516 3167 1698 3245 φύσις,

254 3267 369 3323 Καὶ
401 3265 546 3336 ἄλλη
580 3264 1026 3338 ἆνθρυυπότητος,
1059 3264 1134 3323 εἷς
1170 3257 1226 3315 δὲ
1250 3258 1303 3315 ἐν
1333 3258 1538 3336 ἀμφοῖν
1572 3257 1770 3333 Λόγος,

257 3448 366 3507 Εἷς
397 3445 580 3500 τοίνυν
615 3442 757 3497 ἐστὶν
788 3443 816 3497 ὁ
845 3441 1097 3516 Χριστὸς,
1132 3440 1160 3494 ὁ
1193 3436 1252 3493 δε
1277 3437 1436 3499 αὐτὸς
1468 3437 1556 3491 καὶ
1584 3433 1702 3505 δύο,

256 3538 365 3596 Εἷς
399 3536 492 3607 μὶν
524 3533 626 3608 γὰρ
655 3532 753 3600 τὴν
789 3530 1100 3598 ὑπόστασιν,
1133 3526 1280 3583 ἀλλὰ
1317 3523 1550 3588 διπλοῦς
1587 3527 1688 3595 τήν
1737 3522 1915 3603 φύσιν.

259 3735 356 3794 Ὠς
386 3725 753 3807 πρεσϐεύομεν
784 3725 968 3788 καλῶς
993 3729 1095 3779 τοῦ
1124 3721 1360 3800 Χριστοῦ
1391 3720 1486 3777 δύο
1534 3720 1736 3799 φύσεις,

263 3820 428 3881 Οὕτω
454 3820 544 3875 καὶ
585 3816 681 3873 δύο
713 3817 946 3891 λὲγομεν
980 3813 1208 3889 φυσικὰς
1239 3811 1525 3888 ἐνεργείας,

264 3910 376 3968 Καὶ
409 3907 504 3965 δύο
527 3909 596 3963 τὰ
624 3908 910 3980 θελήματα
933 3906 1174 3983 φυσικῶς
1207 3901 1540 3977 ἐνεργοῦντα.

264 3998 442 4060 Οὑσία
477 3999 570 4070 μὶν
605 3996 694 4051 οὖν
721 3995 814 4051 καὶ
845 3993 1030 4070 μορφὴ
1061 3991 1152 4047 καὶ
1183 3991 1339 4069 φύσις
1369 3989 1420 4045 ἐν
1451 3994 1531 4062 τῷ
1562 3988 1738 4066 Λόγῳ,

266 4096 516 4158 ’Ἄτομον
547 4083 604 4140 δὲ
631 4085 719 4139 καὶ
748 4082 1043 4158 πρόσωπον
1073 4080 1128 4134 ’ἐν
1157 4079 1249 4134 σὺν
1274 4083 1343 4152 τῇ
1373 4079 1683 4134 ὑποστάσει.

263 4178 383 4245 Τὴν
417 4177 584 4248 σάρκα
615 4171 672 4228 δὲ
698 4175 797 4242 τὴν
824 4175 923 4226 τοῦ
953 4173 1087 4226 Θεοῦ
1122 4168 1411 4223 ὑπόστασιν
1445 4169 1522 4240 μὴ
1555 4165 1702 4241 λέγε,

268 4266 412 4340 Λέγε
439 4264 540 4339 γὰρ
573 4261 949 4330 ὶνυπόστατον,
981 4251 1202 4332 ἀκριϐὶς
1228 4256 1331 4333 γὰρ
1360 4256 1424 4312 τὸ
1463 4252 1660 4329 δόγμα.

262 4463 338 4520 Τὸ
367 4459 423 4516 δέ
450 4481 510 4538 γε
537 4457 888 4514 ἐνυπόστατον
921 4452 1136 4525 πολυσή
1147 4474 1368 4528 μαντον,
1403 4454 1550 4524 ἅναξ,

264 4556 421 4612 Ἐστι
452 4550 550 4625 γΞιρ
581 4545 936 4604 ὲνυπόστατον
954 4546 1016 4600 τὸ
1048 4543 1249 4614 ἆληθὶς
1285 4545 1558 4620 ὑπάρχον,

268 4641 374 4700 Καὶ
404 4638 552 4700 αὖθις
584 4636 938 4692 ἑνυπόστατον
965 4635 1027 4689 τὸ
1066 4633 1241 4688 κοινὸν
1268 4640 1367 4703 τῆς
1396 4630 1600 4702 οὐσίας,

267 4738 474 4806 ’Ήγουν
503 4728 565 4784 τὸ
596 4724 756 4794 εἶδος,
781 4722 1034 4794 δέσποτα,
1066 4724 1129 4778 τὸ
1159 4721 1246 4778 ἐπὶ
1276 4727 1392 4784 τοῖς
1423 4721 1650 4795 ἀτόμοις

269 4820 674 4893 Πραγματικῶς
706 4815 1022 4892 ὑφεστηκὸς,
1053 4812 1115 4867 ού
1146 4811 1286 4885 ψιλῇ
1317 4810 1545 4882 ἐπινοίᾳ.

267 4911 427 4964 Ἐστι
461 4904 516 4960 δὲ
544 4904 901 4960 ἐνυπόστατον
931 4902 1020 4958 καὶ
1053 4899 1222 4956 πλέον
1256 4898 1624 4974 φροντιστέον,

269 5000 451 5070 "om?
483 4994 595 5049 ἐστῖ
626 4989 973 5068 συγκείμενον
1010 4991 1124 5064 μετ’
1157 4986 1332 5044 ἄλλου
1366 4985 1649 5064 διαφόρου,

271 5083 428 5144 Κατᾶ
455 5082 661 5150 οὐσίαν,
693 5079 946 5149 δέσποτα,
975 5078 1049 5141 είς
1083 5077 1334 5132 σύστασιν
1365 5077 1662 5152 προσώπου

265 5175 433 5235 ’Βνὸς
462 5172 552 5228 καὶ
586 5171 927 5230 ὑποστάσεως
961 5172 1084 5241 μιᾶς
1114 5165 1342 5243 γένεσιν,
1371 5162 1496 5238 ἄναξ
1529 5183 1543 5196 ο

262 5266 342 5320 Τὸ
380 5263 474 5336 μὶν
507 5263 607 5338 γὰρ
638 5259 992 5314 ἰνυπόστατον
1017 5259 1266 5311 τοιοῦτον
1295 5249 1451 5330 ἔσχεν
1485 5253 1634 5325 ὅρον.

259 5351 592 5413 ’Υπόστασις
623 5347 680 5404 δὶ
710 5348 910 5423 πέφυκε
935 5341 1432 5421 κυριολογουμὲνη,

262 5449 505 5521 Πρᾶγμα
534 5437 924 5503 ἷδιοσύστατον,
953 5433 1007 5488 ’ὲν
1045 5431 1255 5507 μᾶλλον
1289 5432 1582 5508 πρόσωπόν
1612 5453 1689 5488 τε.

257 5637 552 5698 Ἐνούσιον
587 5632 644 5690 δὲ
674 5635 875 5711 πὲρυκε
901 5630 964 5687 τὸ
993 5630 1173 5685 κοινὸν
1196 5637 1296 5700 τῆς
1328 5628 1535 5699 οὑσίας,

265 5729 433 5800 ’Έξις
462 5723 690 5792 ποιότης
717 5720 959 5796 ἔμμονος
989 5719 1080 5774 καὶ
1113 5713 1558 5792 δυσμετάϐλητός
1588 5739 1704 5782 πως
1731 5736 1743 5750 ⁸

262 5819 478 5890 Ἕξεως
508 5812 696 5874 ἄλλως
726 5811 958 5885 ἀριθμὸς
989 5808 1210 5866 ἕκαστον
1242 5809 1377 5864 κατᾶ
1406 5807 1561 5887 φύσιν

1519 463 1825 529 VERSUS
1870 464 1970 526 DE
2013 463 2408 526 DOGMA'I‘E.

1946 598 2001 666 Α
2032 596 2380 653 Substantia
2411 601 2606 653 autem
2639 601 2730 655 est
2760 615 2878 654 una
2909 614 2976 654 ac
3008 597 3136 655 sola
3159 613 3428 672 persona.

1943 1969 1991 2034 B

3560 465 3678 530 814

2028 685 2310 742 Divinitas
2335 686 2491 742 enim
2524 691 2699 758 atque
2732 687 3079 744 humanitas

2027 775 2308 830 Naturam
2339 782 2396 830 et
2420 776 2737 832 essentiam
2773 778 3024 832 indicat.

2027 868 2197 918 Pater
2232 863 2410 919 Filius
2443 870 2500 919 et
2530 865 2786 936 Spiritus
2818 873 3059 922 sanctus

2028 954 2094 1008 Et
2124 969 2382 1025 persona:
2418 960 2576 1021 sunt,
2610 960 2666 1009 et
2698 956 3069 1011 substantiae.

2029 1059 2209 1114 Filius
2245 1061 2421 1130 igitur
2448 1059 3676 1132 incorporatusimmutabiliter,inconfuse.

2025 1149 2150 1204 Non
2178 1149 2478 1217 simulate,
2511 1149 2592 1204 uti
2625 1150 2905 1222 diximus,
2939 1167 3128 1224 neque
3155 1151 3482 1207 secundum
3504 1155 3676 1207 natu-

3433 1241 3602 1313 [ram,

2023 1345 2195 1401 Velut
2225 1347 2405 1403 miser
2433 1346 2736 1403 Nestorius
2769 1346 2948 1421 impie
2977 1346 3306 1416 blateravit,

2023 1434 2238 1492 Unitus
2261 1440 2350 1492 est
2379 1437 2850 1492 substantialiter
2881 1453 3016 1492 cum
3049 1440 3289 1510 accepta
3319 1452 3514 1505 carne,

2024 1523 2150 1580 Una
2181 1540 2426 1580 manens
2459 1526 2796 1582 substantia
2825 1525 3024 1581 divina
3055 1531 3112 1582 et
3133 1527 3413 1597 perfecta,

2023 1615 2089 1668 In
2118 1614 2348 1668 duabus
2383 1619 2579 1669 autem
2611 1614 2840 1670 naturis
2867 1614 3266 1670 essentialiter
3294 1613 3577 1671 existens.

2022 1703 2108 1757 Ita
2141 1702 2396 1774 profecto
2429 1703 2752 1770 sancimus,
2782 1703 2861 1759 ita
2889 1704 3240 1760 confitemur

2023 1791 2304 1848 Naturam
2338 1796 2651 1864 utramque
2682 1808 2810 1848 vere
2832 1793 3091 1848 divinam
3124 1809 3188 1848 ac
3221 1792 3545 1849 humanam

2021 1879 2138 1934 Sibi
2170 1879 2419 1936 invicem
2468 1881 2938 1938 substantialiter
2967 1886 3024 1938 et
3052 1881 3503 1938 immutabiliter
3531 1881 3670 1938 uni-

3443 1972 3586 2040 [tam

2017 2074 2505 2147 Unamquamque
2537 2076 2596 2131 in
2631 2077 2844 2132 unione
2873 2093 3109 2132 manere
3140 2095 3255 2133 non
3281 2081 3592 2146 mutatam;

2015 2164 2091 2218 Ex
2124 2171 2368 2236 utraque
2398 2169 2595 2221 autem
2621 2171 2829 2222 natura
2860 2183 3040 2222 unam
3065 2167 3463 2223 consummari

2015 2251 2411 2323 Compositam
2443 2255 2836 2310 substantiam
2861 2272 2872 2310 :
2897 2255 2978 2310 ita
3010 2255 3142 2312 ﬁdei
3171 2255 3480 2312 terminus.

2015 2342 2373 2398 Conﬁtemur
2402 2343 2582 2415 igitur
2613 2344 2799 2400 Patris
2839 2345 3048 2400 Filium
3083 2361 3287 2412 unum,

2015 2430 2349 2486 Secundum
2382 2431 2688 2486 infandam
2722 2432 2895 2487 Verbi
2924 2433 3414 2499 incarnationem,

2018 2519 2420 2590 Eumdemque
2456 2520 2669 2575 Filium
2701 2525 2901 2592 aperte
2925 2521 3224 2578 hominem
3257 2538 3388 2578 esse
3419 2521 3662 2592 factum,

2018 2606 2211 2663 Unum
2261 2608 2558 2665 Christum
2589 2613 2647 2666 et
2677 2610 2991 2667 Dominum
3025 2611 3397 2684 unigenitum
3433 2616 3492 2668 et
3517 2611 3666 2668 Ver-

3405 2701 3598 2773 [bum,

2020 2803 2232 2858 Totum
2260 2803 2445 2860 Deum
2468 2809 2526 2861 et
2553 2805 2832 2862 hominen
2861 2807 2920 2862 in
2954 2824 3072 2862 una
3102 2807 3452 2864 substantia.

2019 2890 2206 2947 Unitaa
2239 2893 2419 2965 igitur
2449 2899 2592 2951 sunt
2623 2894 2840 2952 Christi
2874 2900 3117 2964 natura,
3150 2896 3252 2952 sed
3285 2895 3616 2964 inconfuse,

2022 3087 2210 3143 Unitse
2242 3089 2563 3144 secundum
2584 3089 3214 3148 substantiam.divisae
3238 3094 3435 3148 autem
3460 3108 3666 3148 rursus

2026 3177 2271 3234 Ratione
2301 3178 2636 3234 differentia:
2660 3196 2672 3233 :
2700 3178 2815 3234 alia
2833 3179 2989 3235 enim
3015 3180 3116 3236 Dei
3148 3185 3378 3247 natura,

2023 3267 2094 3321 Et
2122 3265 2238 3322 alia
2269 3266 2672 3338 humanitatis,
2705 3284 2887 3324 unum
2920 3273 3120 3325 autem
3152 3269 3211 3325 in
3245 3275 3496 3342 utraque
3528 3269 3667 3326 Ver-

3410 3360 3593 3431 [bum.

2028 3444 2233 3516 Itaque
2265 3461 2420 3499 unus
2450 3449 2538 3500 est
2567 3444 2856 3511 Christus,
2889 3446 2988 3502 sed
3021 3445 3176 3503 idem
3207 3447 3382 3503 etiam
3405 3449 3560 3504 duo:

2026 3533 2187 3590 Unus
2218 3533 2375 3590 enim
2409 3535 2732 3590 secundum
2765 3535 3185 3606 substantiam,
3217 3536 3434 3608 duplex
3463 3554 3672 3593 secun-

3104 3625 3268 3693 [dum
3303 3629 3598 3682 naturam.

2025 3731 2191 3788 Sicut
2223 3731 2368 3787 bene
2398 3731 2700 3786 sancimus
2731 3731 2880 3786 duas
2908 3729 3125 3786 Christi
3159 3737 3430 3797 naturas,

2027 3819 2109 3874 lta
2141 3821 2287 3875 duas
2309 3835 2544 3891 quoque
2577 3819 2830 3874 dicimus
2859 3819 3228 3889 operationes
3257 3817 3552 3874 naturales

2025 3913 2092 3963 Et
2121 3909 2268 3963 duas
2295 3908 2624 3964 voluntates
2656 3905 3004 3962 naturaliter
3033 3912 3362 3978 operantes.

2026 3997 2290 4051 Essentia
2321 3995 2504 4068 igitur
2533 3999 2590 4051 et
2624 3997 2810 4051 forma
2839 4000 2896 4052 et
2929 3999 3140 4050 natura
3167 3994 3227 4050 in
3255 3994 3470 4061 Verbo,

2022 4085 2149 4141 Una
2179 4089 2374 4140 autem
2409 4084 2783 4140 indivisibilis
2816 4100 3068 4156 persona
3097 4099 3231 4140 cum
3259 4083 3599 4140 substantia

2025 4173 2267 4228 Carnem
2297 4171 2413 4229 noli
2450 4173 2545 4228 Dei
2579 4173 2968 4229 substantiam
3003 4171 3316 4245 appellare,

2021 4263 2133 4319 Sed
2179 4262 2570 4319 substantiale
2621 4261 3117 4336 dicaszexpresse
3167 4262 3323 4318 enim
3378 4261 3462 4318 sic
3493 4261 3672 4319 habet

3343 4351 3602 4424 [dogma.

2026 4458 2428 4514 Substantiale
2458 4459 2647 4514 varias
2687 4457 2865 4513 habet
2895 4457 3378 4529 significationes,
3411 4458 3678 4528 domine,

2026 4549 2125 4603 Est
2153 4549 2310 4602 enim
2337 4548 2725 4603 substantiale
2759 4547 2914 4619 quod
2948 4563 3148 4602 revera
3179 4547 3474 4612 subsistit,

2025 4637 2091 4690 Et
2122 4636 2338 4691 iterum
2372 4635 2759 4691 substantiale
2790 4641 2879 4691 est
2909 4651 3220 4691 commune
3240 4636 3532 4706 essentia,

1947 4705 1994 4768 D
2026 4725 2123 4778 Vel
2157 4723 2405 4794 species,
2439 4740 2470 4777 ο
2501 4723 2842 4795 imperator,
2877 4726 2935 4778 in
2979 4723 3300 4778 individuis

2029 4811 2343 4866 Actualiter
2377 4811 2728 4879 subsistens,
2765 4829 2877 4868 non
2903 4811 3028 4867 sola
3049 4811 3422 4884 cogitatione.

2029 4903 2130 4957 Est
2159 4907 2354 4956 autem
2384 4900 2774 4957 substantiale
2806 4918 2977 4973 porro
3011 4901 3458 4974 intelligendum

2029 4991 2189 5057 Quod
2219 4994 2308 5046 est
2332 4989 2560 5045 unitum
2590 5007 2722 5046 cum
2756 4990 2869 5046 alia
2901 4990 3128 5047 diverso

2029 5081 2362 5136 Secundum
2390 5080 2730 5145 essentiam,
2755 5079 3012 5148 domine,
3036 5079 3094 5134 in
3114 5078 3391 5135 unionem
3415 5095 3676 5153 personis

2031 5169 2214 5225 Unius
2242 5174 2298 5224 et
2327 5169 2613 5241 originem
2648 5168 2824 5224 unius
2857 5168 3229 5225 substantiae.

2029 5258 2152 5313 Tali
2186 5258 2404 5313 ratione
2436 5258 2593 5313 enim
2633 5257 3026 5314 substantiale
3056 5256 3289 5313 deﬁniri
3322 5256 3518 5313 debet.

2029 5345 2340 5401 Subtantia
2370 5351 2565 5401 autem
2595 5362 2718 5417 quae
2752 5346 2985 5417 proprie
3016 5345 3234 5401 dicitur

2031 5435 2132 5489 Est
2190 5451 2281 5489 res
2329 5451 2431 5507 per
2487 5451 2549 5490 se
2605 5435 2958 5506 subsistens,
3008 5435 3096 5491 vel
3128 5435 3326 5508 potius
3384 5451 3502 5491 una
3545 5451 3681 5507 per-

3413 5523 3607 5598 [sona.

2029 5630 2163 5686 Jam
2194 5646 2322 5685 vero
2357 5629 2745 5686 substantiale
2775 5634 2863 5686 est
2894 5645 3207 5686 commune
3228 5630 3536 5698 essentia;

2032 5718 2280 5775 Habitus
2312 5723 2400 5775 est
2432 5718 2688 5791 qualitas
2721 5720 3052 5776 immanens
3079 5723 3137 5776 et
3180 5718 3276 5775 vix
3305 5719 3678 5793 separabilis,

2031 5808 2216 5864 Aliter
2245 5808 2481 5864 habitus
2512 5813 2602 5864 est
2633 5809 2891 5879 cujusvis
2921 5811 3246 5866 secundum
3271 5813 3568 5866 naturam.
