4088 6350
424 444 543 503 815
1756 440 2180 501 MICHAELIS
2226 440 2495 502 PSELLI
3710 441 3832 499 816

421 573 705 629 Universa
733 571 1041 629 aetualitas
1062 571 1121 626 in
1153 569 1354 626 anima
1383 574 1441 626 et
1468 585 1731 642 corpore,

2090 572 2146 639 Α
2172 567 2517 644 Ὀλόκληρος
2549 568 2785 642 ἐνεργεια
2814 565 2867 622 ἐν
2897 569 3051 641 ψυχῇ
3086 566 3299 639 σώματί
3332 587 3410 639 τε,

420 666 506 719 Ita
536 668 599 719 ut
625 661 862 717 habitus
893 661 942 716 si
972 660 1284 715 actualitas
1312 659 1667 715 communis.

2170 657 2317 727 ’Ἐξις
2350 655 2406 712 δὲ
2430 660 2464 726 ἡ
2498 657 2734 734 ἐνέργεια
2761 661 2858 711 τοῦ
2888 660 3077 710 κοινοῦ
3109 655 3313 733 πέφυκέ
3342 677 3481 719 πως.

412 753 692 807 Praeterea
722 749 858 805 audi
891 769 907 803 :
939 749 1193 805 Verbum
1224 750 1597 804 incarnatum

2222 747 2313 821 ρὸς
2335 747 2554 809 τούτοις
2588 752 2717 801 πᾶσι
2747 744 2980 820 γίνωσκε
3010 764 3021 777 ·
3054 746 3081 799 ὁ
3133 745 3429 820 σαρκωθεὶς
3476 748 3581 822 γὰρ
3621 746 3827 823 Λόγος,

410 841 705 908 Nostram,
733 855 867 893 cum
910 838 1081 893 homo
1116 839 1300 903 fieret,
1327 837 1622 909 accipiens
1654 854 1915 906 carnem,

2170 836 2284 902 Τὴν
2318 834 2585 911 ἡμετέραν
2618 829 2947 909 προσλαϐὼν
2982 833 3033 887 ἐν
3061 837 3139 906 τῷ
3168 838 3495 907 σαρκοῦσθαι
3523 835 3717 911 σάρκα,

407 930 644 985 Factum
667 932 757 983 est
779 926 1509 998 exsecratio,quautumvis
1534 926 2021 982 essetbenedictic

1760 926 2059 993 anedictio,
2170 924 2388 998 Κατάρα
2418 922 2777 999 ἐχρημάτισε,
2808 923 3096 998 τυγχάνων
3131 921 3374 998 εὐλογία,

406 1018 475 1072 Et
504 1021 807 1072 mortuum
858 1019 947 1071 est
988 1014 1261 1087 hominis,
1306 1014 1521 1085 instar,
1556 1014 1693 1070 licet
1724 1014 2020 1071 immortal

1994 1014 2063 1069 Lle
2171 1012 2274 1069 Καὶ
2304 1012 2555 1083 τέθνηκεν
2589 1014 2662 1075 ὡς
2694 1009 2996 1088 ἄνθρωπος,
3033 1012 3297 1075 ἀθάνατος
3327 1010 3400 1066 ὣν
3434 1010 3608 1089 φύσει,

1756 1109 1987 1174 natura,

1730 1104 1987 1176 [natura,

407 1198 642 1250 lncruce
672 1196 920 1249 mortem
952 1209 1060 1249 sua
1091 1194 1299 1263 sponte
1328 1191 1595 1247 subiens.

1944 1121 1987 1174 Ξ,

2169 1191 2297 1247 Ἐπί
2330 1195 2563 1267 σταυροῦ
2585 1192 2683 1260 τὴν
2717 1191 2975 1264 νέκρωσιν
3010 1188 3244 1252 ὑποστὰς
3277 1190 3558 1253 ἑκουσίως.

407 1284 745 1339 Resurrexit
774 1286 969 1338 autem
1001 1281 1174 1336 tertia
1203 1280 1317 1347 die,
1345 1280 1538 1336 soluto
1564 1281 1813 1349 inferno,

2173 1280 2394 1350 Ἀνέστη
2428 1277 2487 1334 δὲ
2516 1282 2641 1354 τριή
2656 1300 2818 1354 μερος
2846 1283 2937 1333 τὸν
2971 1274 3105 1349 ᾅδην
3138 1276 3465 1346 καταλύσας,

405 1374 477 1428 Et
508 1378 635 1428 tum
668 1374 727 1427 in
761 1371 937 1427 cmlos
970 1368 1276 1427 evectusin
1299 1368 1507 1440 gloria,

2174 1370 2305 1423 Εἶτα
2333 1370 2422 1423 καὶ
2455 1366 2791 1438 ἀνελήλυθεν
2822 1367 2900 1429 είς
2935 1367 3199 1442 οὐρανοὺς
3229 1366 3280 1422 έν
3316 1366 3471 1441 δόξῃ,

406 1466 599 1533 Atque
630 1462 844 1517 iterum
875 1460 1069 1517 veniet
1099 1475 1232 1514 cum
1266 1458 1443 1514 Patre
1469 1466 1525 1515 et
1556 1461 1779 1533 Spiritu
1811 1468 2014 1516 sancto

1900 1468 2014 1516 icto
2172 1458 2271 1512 Καὶ
2298 1456 2447 1519 αὖθις
2479 1457 2596 1528 ἥξει
2630 1457 2721 1511 σὺν
2753 1458 2923 1532 Πατρὶ
2955 1457 3045 1510 καὶ
3074 1458 3348 1529 Πνεύματι
3374 1456 3514 1531 ἁγίῳ

399 1551 672 1605 Judicare
701 1557 942 1605 cunctos
968 1551 1200 1621 etjuste
1227 1553 1284 1607 et
1321 1548 1599 1606 humane.

2177 1549 2363 1621 Κρῖναι
2397 1543 2620 1608 δικαίως
2653 1547 2891 1606 ἅπαντας
2922 1546 3063 1616 ὁμοῦ
3089 1545 3179 1599 καὶ
3221 1543 3648 1622 φιλανθρώπως.

398 1641 529 1694 Haec
556 1654 794 1693 summa
825 1654 1027 1693 eorum
1059 1656 1185 1710 quae
1219 1640 1483 1710 theologi
1518 1640 1731 1693 docent

2172 1639 2343 1689 Τοῦτο
2376 1631 2847 1709 συγκεφαλαίωσις
2874 1638 2981 1687 τῶν
3013 1632 3460 1707 θεολογουμένων

396 1729 464 1783 Et
484 1729 709 1794 dicunt,
742 1728 998 1797 domine,
1027 1730 1096 1784 de
1128 1732 1551 1787 incarnatione.

2175 1722 2273 1777 Καὶ
2306 1722 2639 1796 λεγομένων,
2671 1718 2929 1789 δέσποτα,
2961 1720 3040 1782 εἷς
3069 1721 3168 1790 τὴν
3202 1721 3539 1794 οἰκονομίαν,

396 1819 592 1889 Longa
622 1818 860 1888 quidem
897 1834 969 1873 ac
1001 1818 1239 1874 difﬁcile
1273 1820 1542 1875 doctrina
1573 1823 1662 1873 est
1692 1819 2010 1889 dogmatun

2175 1810 2356 1872 Πολὺς
2389 1811 2491 1886 γὰρ
2524 1810 2614 1865 καὶ
2647 1807 2941 1880 δυσνόητος
2975 1810 3003 1863 6
3036 1808 3204 1885 λόγος
3234 1814 3342 1865 τῶν
3376 1807 3692 1884 δογμάτων.

397 1907 516 1979 Ego
547 1923 681 1962 vero
720 1907 982 1962 collectis
1014 1907 1073 1962 in
1107 1915 1269 1963 tuam
1310 1908 1630 1963 utilitatem
1666 1906 2011 1977 planioribu:

2089 1954 2136 1979 η
2176 1900 2335 1958 Ἀλλ’
2364 1899 2469 1976 ἐγὼ
2499 1901 2565 1955 τὰ
2589 1898 2885 1976 σαφέστερα
2917 1896 3177 1971 συλλέξας
3208 1920 3292 1953 σοι
3334 1898 3682 1976 προσφόρως,

399 1954 513 1979 ..ον
560 1954 678 1962 .-η
722 1954 981 1962 ------,-.-
1014 1954 1073 1962 -..
1112 1954 1269 1963 -..πω
1313 1954 1630 1963 --...-_--..-
1667 1954 2013 1977 fmus"--.

399 1995 469 2049 Et
500 1996 555 2067 pl
575 1995 856 2051 enissime
885 2000 940 2049 et
966 1996 1199 2051 concise
1229 1996 1336 2051 tibi
1366 1995 1629 2067 exposui.

2040 1954 2055 1976 ’
2089 1954 2137 2019 B
2169 1992 2275 2047 Καὶ
2308 1954 2701 2066 πληρεστάτωδς
2730 1954 2927 2065 εἴρηκα
2956 1954 3186 2062 651.0513
3214 1989 3304 2044 καὶ
3336 1954 3644 2063 σῦντόμίυς.

402 2083 639 2155 Oportet
671 2084 827 2139 enim
862 2084 1277 2154 imperatorem
1311 2084 1428 2139 alia
1460 2083 1699 2155 quidem
1737 2099 1932 2154 nosse,

2170 2085 2263 2134 Δεῖ
2290 2080 2389 2155 γὰρ
2422 2080 2512 2133 τὸν
2552 2076 2911 2154 βασιλεύοντα
2940 2078 3031 2133 καὶ
3061 2079 3106 2131 τ’
3141 2076 3286 2133 ἄλλα
3320 2079 3411 2152 μὶν
3446 2076 3666 2147 εἰδέναι,

401 2176 549 2227 Ante
566 2173 767 2227 omnia
787 2176 984 2227 autem
1004 2172 1307 2227 veritatem
1328 2173 1669 2244 dogmatum
1694 2177 2015 2227 nostrorun

2168 2169 2244 2225 T6
2276 2166 2323 2222 δ’
2355 2167 2555 2238 ἀληθὲς
2584 2169 2659 2230 ὡς
2696 2166 2932 2240 μάλιστα
2959 2172 3067 2222 τῶν
3099 2169 3217 2231 καθ’
3247 2170 3394 2240 ἡμᾶς
3427 2164 3713 2243 δογμάτων
3743 2186 3757 2201 ·

404 2261 469 2314 In
502 2259 721 2331 quibus
750 2260 1087 2331 principum
1128 2277 1194 2315 ac
1223 2260 1676 2316 fundamentum
1700 2260 1935 2332 imperii
1966 2263 2018 2316 ni

2035 2293 2058 2304 -
2170 2258 2348 2333 Ἀρχὴ
2380 2258 2481 2333 γάρ
2514 2254 2674 2312 τοῦτο
2705 2257 2794 2311 καὶ
2829 2255 3031 2331 κρηπὶς
3066 2256 3300 2331 ὑπάρχει
3348 2255 3645 2332 βασιλείας.

1794 2350 1983 2421 [titur.

400 2438 607 2508 Accipe
636 2438 816 2493 etiam
849 2453 1163 2493 numerum
1195 2443 1537 2494 sanctarum
1567 2440 1948 2512 synodorum.

2242 2434 2477 2489 Γίνωσκε
2505 2434 2597 2489 καὶ
2620 2434 2713 2490 τὸν
2747 2434 2977 2510 ἀριθμὸν
3006 2438 3113 2489 τῶν
3155 2435 3315 2509 ἱερῶν
3349 2431 3610 2503 συνόδων,

397 2530 535 2591 Quae
563 2534 767 2582 contra
799 2526 1016 2598 impios
1045 2528 1297 2583 collectae
1329 2534 1491 2595 sunt,
1526 2546 1557 2583 ο
1588 2529 1847 2595 domine,

2166 2524 2393 2581 Ὀπόσαι
2424 2524 2561 2577 κατά
2590 2518 2859 2577 δυσσεϐὦν
2894 2522 3292 2597 ἐκροτήθησαν,
3324 2521 3471 2596 ἄναξ,

398 2616 747 2687 Septemque
777 2615 1018 2670 omnino
1052 2622 1459 2672 numerantur.
1494 2617 1699 2672 Nicaeae

2169 2612 2336 2669 Ἑπτά
2367 2617 2531 2666 πᾶσαι
2564 2612 2829 2689 πεφύκασι
2864 2631 2876 2643 ·
2911 2612 3102 2686 πρώτη
3138 2609 3183 2665 δ’
3216 2613 3250 2680 ἡ
3284 2610 3335 2665 ἐν
3378 2610 3575 2682 Νικαίᾳ

394 2705 533 2759 Divo
555 2704 947 2760 Constantino
976 2711 1257 2776 regnante

2170 2706 2283 2759 Τοῦ
2314 2701 2460 2756 θείου
2496 2700 2899 2776 βασιλεύοντος,
2933 2698 3185 2770 δέσποτα,
3219 2702 3654 2768 Κωνσταντίνου,

397 2794 467 2847 Et
489 2793 911 2865 archiepiscopi
938 2795 1122 2850 fasces
1145 2799 1380 2850 tenente
1406 2795 1915 2868 Constantinopoli

1858 2795 1915 2849 ili
2171 2791 2267 2847 Καὶ
2302 2790 2788 2865 ἀρχιερατεύοντος
2819 2788 2870 2843 ἐν
2904 2785 3472 2845 Κωνσταντινουπόλει

399 2882 582 2937 Metro
596 2882 790 2954 phane
821 2898 1056 2938 summe
1095 2885 1412 2939 reverendo
1435 2889 1491 2940 et
1510 2885 1777 2941 animaet
1793 2884 2013 2941 scienti:

2168 2884 2277 2933 Τοῦ
2307 2873 2678 2933 πανσεϐάστου
2706 2879 2796 2932 καὶ
2823 2881 2978 2952 ψυχῇ
3004 2877 3094 2932 καὶ
3123 2875 3272 2954 λόγῳ
3304 2877 3696 2954 Μητροφάνου.

400 2974 480 3025 Ea
508 2969 703 3025 insani
743 2971 1026 3042 repressit
1057 2970 1319 3042 linguam
1356 2972 1477 3026 Arii

2169 2968 2315 3039 Αὕτη
2342 2969 2441 3037 τὴν
2472 2967 2721 3042 γλῶτταν
2757 2964 2915 3040 ἔτεμε
2943 2971 3041 3022 τοῦ
3076 2968 3333 3040 μανέντος
3368 2968 3603 3041 Ἀρείου,

408 3059 517 3123 Qui
550 3057 853 3113 Trinitatis
876 3060 1553 3117 consubstantialitatem
1586 3061 1957 3133 impugnavit

1829 3062 1957 3116 lavit
2168 3059 2274 3126 Τὴν
2304 3057 2710 3129 ὁμοουσιότητα
2737 3056 3029 3129 τέμνοντος
3058 3058 3158 3124 τῆς
3186 3053 3443 3131 Τριάδος,

406 3148 476 3202 Ει
506 3152 836 3202 creaturam
870 3147 1256 3220 Demiurgum
1283 3148 1462 3219 impie
1482 3166 1548 3204 ac
1583 3150 1792 3205 misere
1823 3150 1988 3217 dixit,

2170 3144 2266 3201 Καί
2295 3145 2497 3217 κτίσμα
2523 3145 2617 3201 τὸν
2645 3146 2994 3221 Δημιουργὸν
3024 3140 3415 3208 δυσσεϐοῦντος
3446 3145 3677 3215 ἀθλίως,

415 3235 689 3307 Patrique
739 3236 1099 3307 inferiorem,
1152 3236 1289 3293 licet
1338 3243 1548 3294 natura
1587 3240 1792 3295 eodem
1844 3239 2027 3296 honor

1953 3256 2061 3296 [ore
2171 3232 2465 3289 Ἐλάττονά
2492 3256 2549 3289 τε
2576 3239 2672 3290 τοῦ
2702 3235 2938 3311 Πατρὸς,
2971 3235 3062 3289 τὸν
3098 3234 3344 3308 ἰσότιμον
3388 3235 3567 3313 φύσει.

1686 3328 1981 3400 [dignum,
2085 3318 2128 3385 C

404 3430 673 3486 Secunda
703 3434 898 3485 autem
936 3431 1133 3486 habita
1163 3436 1252 3487 est
1269 3437 1605 3488 sanctarum
1641 3435 2018 3506 synodorum,

1790 3435 2021 3502 dorum,
2170 3432 2231 3486 Ἡ
2262 3428 2319 3485 δὲ
2346 3427 2564 3504 δευτέρα
2596 3429 2782 3505 γέγονε
2811 3434 2917 3485 τῶν
2959 3430 3120 3505 ἱερῶν
3145 3427 3404 3499 συνόδων,

420 3520 513 3575 Uti
541 3535 734 3575 omnes
763 3519 1025 3589 tradunt,
1061 3520 1565 3594 Constantinopoli

2171 3521 2259 3583 Ὠς
2290 3520 2595 3594 ἱστοροῦσιν
2625 3520 2876 3587 ἅπαντες,
2906 3517 2956 3573 ἐν
2992 3518 3588 3592 Κωνσταντινουπόλει,

414 3608 519 3663 Cui
548 3607 790 3664 feliciter
810 3613 950 3664 tunc
973 3614 1221 3679 praeerat
1246 3609 1609 3666 Theodosius
1639 3617 1885 3683 Magnus
1993 3652 1996 3655 η

1829 3629 1885 3667 JS
1993 3652 1996 3655 τ
2172 3614 2273 3669 Ἢς
2306 3609 2334 3661 6
2370 3608 2462 3679 μὶν
2491 3604 2776 3670 Θεοδόσιος
2802 3608 2947 3682 ἦρχε
2975 3604 3160 3669 καλῶς
3193 3608 3221 3662 6
3257 3607 3443 3682 μέγας,

411 3698 486 3752 Et
509 3697 815 3752 Nectarius
848 3697 1282 3768 patriarchatus
1313 3714 1555 3753 munere
1578 3701 1948 3772 fungebatur.

1812 3706 1948 3757 Itur.
2174 3696 2466 3773 Νεκτάριος
2499 3694 2545 3750 δ’
2576 3696 2861 3771 ἀρχιερεὺς
2892 3694 3152 3771 ἐτύγχανε
3180 3700 3260 3767 τῷ
3288 3696 3426 3753 τότε.

420 3787 546 3840 Haec
580 3786 985 3841 Macedonium
1017 3786 1305 3841 radicitus
1336 3787 1553 3841 evulsit

2176 3784 2324 3855 Αὕτη
2356 3786 2446 3839 τὸν
2481 3782 2808 3839 Μακεδόνιον
2841 3783 3108 3839 ἀνέσπασε
3138 3784 3372 3861 ῥιζόθεν,

418 3873 523 3938 Qui
555 3873 835 3944 Spiritum
869 3878 1138 3929 sanctum
1175 3876 1519 3945 sejungebat
1551 3876 1774 3932 frustra

2175 3875 2250 3930 T6
2281 3876 2499 3945 Πνεῦμα
2527 3875 2588 3928 τὸ
2620 3873 2875 3948 πανάγιον
2909 3872 3307 3947 άλλοτριοῦντα
3343 3876 3513 3947 μάτην

421 3964 505 4017 Ab
538 3962 656 4018 alta
682 3962 995 4018 Divinitate
1035 3973 1091 4017 et
1145 3972 1470 4018 creaturam
1508 3964 1845 4036 blaspheme
1876 3969 2035 4023 nomi

2176 3968 2284 4031 Τῆς
2319 3961 2538 4036 ὑψηλῆς
2572 3962 2860 4033 Θεότητος,
2893 3963 2981 4016 καὶ
3013 3961 3212 4036 κτίσμα
3245 3961 3704 4041 βλασφημοῦντα.

1801 4058 1996 4113 nabaL

428 4139 563 4194 Jam
595 4154 726 4193 vero
758 4140 929 4194 tertia
959 4140 1218 4212 synodus
1248 4140 1461 4211 Ephesi
1494 4055 1977 4210 convenitEnabat

1848 4058 1996 4113 nbat.
2178 4142 2240 4196 Ἡ
2274 4137 2329 4194 δέ
2358 4161 2422 4214 γε
2449 4140 2603 4215 τρίτη
2640 4137 2864 4203 σύνοδος
2894 4139 3114 4214 γέγονεν
3150 4139 3200 4195 έν
3232 4141 3462 4217 Ἐφέσῳν

431 4228 575 4283 Cum
590 4228 955 4283 Theodosius
971 4229 1173 4298 junior
1194 4232 1338 4283 bene
1356 4232 1669 4301 imperium
1695 4235 2045 4304 gubernaret

1819 4241 2068 4307 ernaret,
2180 4226 2469 4285 Θεοδοσίου
2498 4233 2594 4283 τοῦ
2630 4234 2827 4301 μικροῦ
2861 4226 3216 4298 δεσπόζοντος
3244 4228 3427 4299 ἀξίως,

432 4315 646 4371 Contra
675 4318 1039 4371 insensatnm
1076 4334 1139 4372 ac
1174 4318 1458 4372 miserum
1492 4319 1818 4377 Nestorium

2180 4319 2324 4373 Κατὰ
2352 4323 2448 4372 τοῦ
2483 4318 2882 4395 ματαιόφρονος
2908 4318 2998 4372 καὶ
3032 4316 3209 4373 δεινοῦ
3240 4319 3558 4393 Νεστορίου,

429 4406 536 4470 Qui
568 4405 667 4460 Dei
699 4406 1163 4462 incarnationem
1195 4422 1308 4462 non
1337 4408 1573 4464 omnino
1605 4412 1943 4483 accipiebat.

2177 4409 2282 4476 Τὴν
2314 4412 2409 4462 τοῦ
2441 4412 2574 4462 Θεοῦ
2608 4410 2684 4479 μή
2715 4406 2980 4483 σάρκωσιν
3014 4406 3127 4461 οὐδ’
3158 4405 3304 4469 ὅλως
3338 4405 3662 4483 δεχομένου,

424 4493 535 4549 Sed
568 4510 781 4566 purum
807 4494 1104 4550 hominem
1138 4495 1437 4552 Christum
1466 4497 1616 4553 male
1647 4500 1900 4571 dicebat,

2223 4494 2352 4553 ιλλὰ
2398 4494 2560 4570 ψιλὸν
2622 4496 2713 4569 μὲν
2776 4492 3057 4569 ἄνθρωπον
3112 4496 3203 4551 τὸν
3281 4497 3510 4572 Χριστὸν
3574 4496 3837 4577 βλασφη-

3474 4588 3759 4659 [μοῦντος,

418 4674 486 4726 Et
515 4670 727 4727 Christi
764 4678 1021 4737 Matrem,
1056 4690 1168 4729 non
1204 4672 1304 4727 Dei
1331 4673 1573 4730 Matrem
1609 4677 1941 4748 appellabat

2092 4679 2140 4744 Ι)
2178 4675 2275 4729 Καὶ
2309 4676 2672 4751 Χριστοτόκον
2702 4673 2979 4749 λέγοντος,
3005 4672 3134 4729 ἀλλ’
3163 4673 3293 4747 οὐχὶ
3324 4675 3606 4742 Θεοτόκον,

412 4760 683 4831 Viginem
718 4762 976 4829 Mariam,
1010 4779 1137 4833 quae
1169 4769 1256 4818 est
1281 4763 1522 4818 Domina
1554 4765 1819 4836 Deipara.

2170 4766 2282 4833 Τὴν
2318 4761 2577 4820 Θεοτὸκον
2614 4766 2905 4819 Δέσποιναν
2937 4764 3026 4818 καὶ
3069 4762 3277 4836 Μαρίαν
3313 4764 3604 4838 Παρθένον.

418 4848 636 4911 Quarta
675 4853 933 4922 synodus
960 4859 1155 4906 autem
1180 4852 1547 4907 Chalcedone
1579 4855 1820 4921 exstitit,

1818 4900 1820 4914 .
2169 4855 2230 4907 Ἡ
2265 4851 2323 4907 δὲ
2349 4856 2579 4926 τετάρτη
2615 4851 2833 4913 σύνοδος
2863 4846 2989 4921 ἔστη
3025 4850 3076 4905 ἐν
3098 4849 3432 4921 Χαλκηδόνι,

419 4938 712 4993 Marciano
745 4941 1090 5010 imperatore
1122 4946 1348 5009 sceptra
1381 4941 1571 4995 Romae
1603 4949 1851 4998 tenente.

2168 4943 2387 5014 Ῥώμης
2412 4943 2479 4996 τὰ
2510 4949 2758 5017 σκῆπτρα
2790 4941 3041 5019 φέροντος
3078 4942 3393 5015 Μαρκιάνου
3429 4938 3714 4999 δεσπότου.

416 5026 708 5083 Numerus
730 5035 1066 5083 sanctorum
1102 5029 1500 5084 venerandoru
1514 5047 1687 5102 mque
1710 5032 1947 5089 Patrum

2166 5031 2226 5085 Ὁ
2256 5028 2303 5083 δ’
2340 5030 2568 5102 ἀριθμὸς
2600 5035 2707 5084 τῶν
2738 5032 2899 5105 ἰερῶν
2931 5029 3019 5083 καὶ
3052 5023 3325 5083 σεϐαστῶν
3360 5027 3606 5105 Πατέρων

406 5114 671 5186 Triginta
704 5118 814 5172 fuit
836 5134 1015 5189 super
1037 5118 1332 5186 ducentis,

2164 5118 2465 5193 Τριάκοντα
2496 5121 2821 5189 συνέστησαν
2851 5118 2987 5191 πρὸς
3020 5123 3136 5179 τοῖς
3172 5115 3496 5187 διακοσίοις,

404 5204 698 5260 Adversus
723 5206 969 5277 impium
1003 5207 1319 5279 Eutychem
1352 5211 1407 5262 et
1442 5207 1805 5279 Dioscorum,

2164 5208 2296 5262 Κατ’
2329 5206 2608 5281 Εὐτυχοῦς
2636 5211 2734 5261 τοῦ
2770 5201 3078 5272 δυσσεϐοῦς,
3112 5207 3200 5260 καὶ
3249 5207 3384 5261 κατᾶ
3414 5204 3715 5278 Διοσκόρου

406 5292 512 5355 Qui
544 5294 724 5366 impie
756 5313 968 5368 corpus
1029 5296 1254 5351 Domini
1310 5296 1548 5353 nonnisi
1583 5298 1838 5368 speciem
1874 5299 2017 5357 fuiss

2003 5317 2054 5357 se
2164 5296 2242 5352 T6
2273 5300 2432 5368 σῶμα
2462 5296 2524 5349 τὸ
2555 5296 2877 5350 Δεσποτικὸν
2912 5288 3188 5356 δυσσεϐῶς
3221 5294 3617 5371 φαπασᾶντων.

1499 5386 1977 5460 [contendebant.

402 5487 616 5556 Quinta
647 5494 843 5546 autem
876 5492 1077 5547 habita
1106 5494 1195 5546 est
1224 5493 1723 5565 Constantin0poli
1749 5513 1761 5550 :

2160 5493 2223 5548 ἹΙ
2258 5489 2375 5566 δέγε
2405 5492 2628 5565 πέμπτη
2664 5493 2885 5567 γέγονεν
2921 5490 2972 5545 ἐν
3019 5489 3588 5547 Κωνσταντινουπόλει
3625 5510 3636 5522 ·

404 5577 673 5648 Quinque
712 5595 888 5647 super
918 5580 1224 5651 sexaginta
1254 5584 1310 5633 et
1340 5584 1574 5634 centum
1602 5581 1802 5637 Patres

2160 5581 2324 5635 Πέντε
2357 5578 2414 5635 δὲ
2444 5581 2580 5655 πρὸς
2608 5581 2868 5651 ἑξήκοντα
2894 5580 2983 5634 καὶ
3019 5579 3206 5634 ἑκατὸν
3241 5578 3472 5656 Πατέρες

407 5666 466 5716 In
498 5681 565 5719 ea
597 5674 1018 5734 convenerunt,
1053 5674 1111 5723 et
1142 5666 1675 5725 Chalcedonensem

2160 5670 2246 5724 'Ev
2279 5669 2447 5743 ταύτῃ
2474 5669 2961 5745 συνηθροίσθησαν,
2994 5667 3084 5723 καὶ
3110 5669 3210 5738 τήν
3244 5667 3295 5723 έν
3330 5666 3646 5740 Χαλκηδόνι

400 5750 698 5821 Synodum
729 5757 1012 5825 tanquam
1056 5755 1487 5825 pientissimam
1519 5766 1899 5831 agnoverunt.

1843 5766 1899 5816 it.
2160 5755 2395 5814 Σύνοδον
2428 5757 2799 5834 ἐκρυτήθησαν
2832 5758 2905 5822 ὡς
2939 5752 3457 5828 πανιυσεϐεστᾶτην.

4084 2282 4088 2326 l

4086 3110 4088 3171 l

4086 3610 4088 3675 ί
