4088 6350
285 394 398 457 81⁸1

313 525 616 598 Απήλασάν
645 549 702 584 τε
729 524 962 592 εὐσεϐῶς
989 533 1097 587 τῶν
1129 529 1286 586 θείων
1318 526 1631 607 περιϐόλων

287 615 554 692 Εὐάγριον
584 618 674 673 καὶ
707 617 944 693 Δίδυμον
981 621 1114 693 μετὰ
1142 625 1238 676 τοῦ
1272 622 1602 697 Ὠριγὲνους,

286 703 516 781 Ἀνδρας
548 707 1105 782 προτελευτῆσαντας,
1137 707 1284 764 ἀλλᾶ
1316 708 1795 786 συγγραψαμένους

288 796 432 849 Νόθα
461 796 553 850 καὶ
586 797 704 867 ξὲνα
736 795 984 873 δόγματα
1024 802 1126 869 τῆς
1159 800 1304 863 θείας
1333 798 1686 870 Ἐκκλησίας.

289 882 572 957 Σωμάτων
610 887 707 959 μὲν
739 887 1021 942 ἀνάστασιν
1052 893 1144 943 νῦν
1183 889 1275 961 μὲν
1307 887 1510 958 ἆνῆλον
1543 887 1712 958 ὅλως,

286 1067 394 1118 Νῦν
425 1060 484 1118 δὲ
511 1061 979 1140 παρεδογμάτισαν
1013 1064 1218 1142 ἔγερσιν
1253 1065 1587 1140 ἀλλοτρίων,

285 1148 466 1224 Ἀδάμ
492 1173 552 1207 τε
578 1152 668 1207 καὶ
699 1151 1022 1228 παράδεισον
1054 1153 1264 1226 ἐξεῖπον
1296 1155 1625 1227 ἀσωμάτως.

286 1240 388 1294 Καὶ
415 1240 578 1304 τέλος
609 1241 967 1316 συνεπεραναν
995 1243 1096 1312 τὴν
1123 1241 1348 1299 κόλασιν
1381 1241 1435 1298 ἐν
1467 1243 1676 1318 χρόνῳ,

287 1329 389 1386 Καὶ
418 1334 526 1384 τῶν
559 1327 834 1404 δαιμόνων
865 1330 1127 1407 ἔγραψαν,
1161 1337 1258 1410 φεῦ
1285 1334 1297 1388 !
1329 1331 1813 1393 ἀποκαταστάσεις.

285 1507 519 1577 Ἀνῆλον
550 1511 641 1565 τὸν
675 1508 954 1586 Θεόδωρον
985 1513 1078 1567 τὸν
1108 1518 1208 1582 τῆς
1238 1512 1629 1586 Μοψουεστίας,

287 1599 659 1674 Μυσταγωγὸν
690 1602 1027 1675 τυγχάνοντα
1053 1605 1151 1655 τοῦ
1179 1598 1353 1655 δεινοῦ
1387 1608 1429 1655 Ν
1436 1600 1712 1676 εστορίου,

287 1687 390 1743 Καὶ
413 1689 510 1756 τήν
542 1689 676 1764 πρὸς
709 1692 880 1760 Μάριν
912 1691 1176 1765 πρότεραν
1208 1689 1506 1759 ἐπιστολὴν
1537 1694 1634 1744 τοῦ
1668 1682 1808 1760 Ἴδα,

284 1778 420 1830 ’Ὀσα
448 1797 506 1832 τε
535 1779 902 1854 συνεγράψατο
931 1779 1066 1834 κατὰ
1095 1777 1377 1855 Κυρίλλου
1399 1777 1570 1834 πάλαι

281 1870 338 1918 Ὁ
369 1866 547 1940 Κύρου
576 1865 929 1943 Θεοδώρητος
959 1870 1074 1930 ἴσος
1107 1867 1159 1922 ἐν
1193 1867 1494 1943 ὑποκρίσει.

285 1953 350 2009 Ἠ
383 1951 428 2007 δ’
460 1949 585 2026 ἕκτη
617 1955 780 2011 πάλιν
815 1954 1036 2019 σύνοδος
1069 1956 1120 2011 ἐν
1151 1954 1720 2012 Κωνσταντινουπόλει

289 2043 525 2114 Συνέστη
557 2044 646 2098 καὶ
679 2042 926 2122 διὲῥρηξε
957 2043 1200 2121 δόγματα
1224 2047 1545 2121 Θεομάχων,

285 2130 375 2184 Ὠν
408 2132 460 2186 οἱ
489 2132 786 2206 προστάται
817 2132 999 2210 λόγιοι
1021 2135 1112 2189 καὶ
1134 2133 1340 2190 πολλοὶ
1366 2136 1453 2189 καὶ
1488 2132 1756 2205 ποικίλοι,

281 2223 343 2276 Ὀ
370 2226 470 2289 τῆς
505 2227 689 2296 Φαρᾶς
717 2221 1020 2295 Θεόδωρος,
1053 2221 1317 2298 Ὁνώριος
1351 2224 1379 2278 6
1407 2223 1649 2295 Ῥώμης,

288 2307 462 2381 Κύρος
491 2308 896 2387 Ἀλεξανδρείας
926 2333 1006 2384 τε,
1043 2311 1273 2388 Σέργιός
1302 2332 1360 2366 τε
1389 2311 1479 2366 καὶ
1512 2309 1744 2387 Πύῤῥος.

289 2396 390 2452 Καὶ
439 2396 656 2462 Παῦλος
711 2400 739 2454 6
794 2401 1184 2474 Σαμοσατεὺς,
1261 2401 1397 2475 πρὸς
1453 2398 1671 2460 τούτοις
1729 2395 1786 2452 δὲ
1844 2397 1935 2452 καὶ

1613 2485 1864 2562 [Πέτρος,

288 2577 568 2652 Μακάριος
601 2577 628 2631 6
659 2575 849 2641 ἅθλιος
876 2576 967 2632 καὶ
1001 2577 1271 2654 Στέφανος
1304 2577 1438 2653 πρὸς
1465 2575 1667 2648 τούτῳ,

292 2665 369 2722 Ού
401 2663 497 2720 δύο
527 2665 709 2743 φύσεις
740 2665 987 2740 λέγοντες
1017 2670 1113 2721 τοῦ
1137 2666 1505 2742 σαρκωθὲντος
1539 2660 1738 2741 Λόγου,

293 2755 437 2812 Μίαν
469 2751 527 2809 δὲ
549 2775 672 2809 τινα
700 2754 963 2825 σύνθεσιν,
996 2752 1260 2829 ὶνὲργειαν
1288 2752 1346 2809 δὲ
1379 2753 1526 2827 μίαν,

295 2931 399 2986 Σὺν
425 2932 643 2994 τούτοις
670 2929 1046 3007 Πολυχρόνιον
1078 2930 1391 2987 ἀπέκτειναν
1420 2930 1668 3003 τελείως,

298 3019 402 3077 Καὶ
430 3018 526 3075 δύο
556 3017 912 3096 ἐδογμάτισαν
943 3025 1040 3075 τοῦ
1073 3015 1443 3096 σαρκωθὲντος
1475 3021 1652 3096 Λόγου

291 3113 397 3171 Τὰς
431 3109 616 3184 φύσεις
647 3110 721 3171 ὡς
753 3105 1118 3180 πανευσεῦεῖς,
1153 3111 1228 3172 ὡς
1261 3107 1319 3164 δὲ
1347 3109 1434 3164 καὶ
1465 3109 1559 3171 τὰς
1593 3105 1862 3178 θελήσεις.

291 3199 357 3255 ἸΙ
392 3195 449 3253 δὶ
479 3193 689 3271 ἑϐδόμη
721 3199 938 3273 γέγονεν
967 3198 1214 3274 ἐσχάτως
1245 3198 1294 3254 ἐν
1327 3197 1544 3269 Νικαίᾳ,

293 3289 636 3357 Πεντήκοντα
661 3286 931 3356 συνῆλθον
953 3287 1055 3364 γὰρ
1086 3289 1224 3363 πρὸς
1252 3293 1370 3350 τοῖς
1400 3286 1732 3361 τριακοσίοις
1763 3288 1862 3360 (1),

294 3376 471 3450 Λογὰς
495 3374 547 3430 ἐν
573 3375 742 3450 ταύτῃ
775 3370 1006 3431 εὐσεϐῶν
1038 3377 1311 3454 Θεοφόρων
1345 3375 1620 3449 Πατέρων,

295 3465 539 3540 Εἰρήνης
568 3471 666 3534 τῆς
698 3463 1015 3527 δεσπότιδος
1042 3465 1165 3520 τότε
1208 3463 1629 3540 βασιλευούσης,

298 3553 404 3607 Σὺν
436 3553 821 3626 Κωνσταντίνῳ
845 3552 927 3627 τῷ
965 3555 1069 3626 υἱῷ
1097 3555 1186 3608 καὶ
1215 3556 1321 3627 νέῳ
1350 3555 1695 3631 στεφηφόρῳ.

290 3642 394 3697 Καὶ
425 3642 519 3704 τὰς
547 3641 757 3704 εἰκόνας
784 3641 880 3704 τὰς
911 3642 1106 3704 σεπτὰς
1132 3641 1410 3707 ἔθὲσπισαν
1443 3648 1725 3714 τιμᾶσθαι,

283 3730 489 3794 Καλῶς
523 3729 568 3786 δ’
598 3731 986 3805 ἀναθεμάτισαν
1018 3731 1146 3797 τοὺς
1177 3726 1565 3794 δυσσεϐοῦντας
1595 3725 1738 3786 τότε⁶

282 3907 572 3964 Βασίλειον
603 3909 894 3965 ἐπίσκοπον
923 3911 1015 3966 τὸν
1049 3906 1179 3966 ὅντα
1209 3907 1476 3979 Πισιδίας,

281 3999 516 4074 Ἐφέσου
547 3999 831 4054 Θεοδόσιον
867 3999 1135 4055 Σισίννῖον
1176 4001 1267 4055 τὸν
1319 3999 1556 4077 Πέργης,
1670 4003 1932 4074 [μῶντας.

281 4085 525 4152 ⁹Αλλους
577 4109 636 4143 τε
704 4085 997 4151 πλείστους
1053 4088 1150 4151 τὰς
1209 4090 1404 4152 σεπτὰς
1467 4088 1673 4151 εἴκόνας
1732 4090 1806 4162 μή
1859 4108 1938 4143 τι-

368 4269 444 4339 (4)
472 4266 833 4337 Ἐξακοσίοις.

280 4393 716 4406 ._____———

993 4549 2125 4703 MICHAELIS

1413 402 1515 462 DE
1558 399 1976 462 DEMONUM
2021 399 2550 464 OPERATIONE.
2636 421 2648 432 '

3571 403 3690 461 818

1957 534 2012 601 Α
2043 533 2390 604 Rejecerunt
2427 533 2518 606 pio
2551 534 2746 591 animo
2779 550 2812 590 ει
2842 533 3056 590 divinis
3085 532 3394 590 liminibus

2047 622 2355 694 Evagrium
2385 632 2556 693 atque
2586 622 2900 694 Didymum
2929 639 3064 678 cum
3095 622 3342 694 Origene

2047 712 2176 780 Qui,
2213 711 2348 766 licet
2368 711 2494 782 jam
2526 713 2760 776 mortui,
2793 717 2993 766 tamen
3027 711 3502 784 conscripserant

2045 800 2258 871 Spuria
2286 805 2342 855 et
2374 818 2405 854 a
2434 801 2536 855 Dei
2570 799 2823 854 Ecclesia
2862 799 3050 857 aliena
3078 801 3374 872 dogmata.

2045 888 2212 944 Nunc
2260 888 2498 960 quidem
2550 904 2863 960 corporum
2912 890 3403 946 resurrectionem
3453 907 3698 962 prorsus

3296 976 3638 1052 [negabant,

2045 1066 2211 1122 Nunc
2240 1082 2373 1122 vero
2415 1067 2926 1124 resuscitationem
2968 1067 3218 1123 aliorum
3259 1067 3696 1124 fabulabantur.

2044 1157 2231 1212 Adam
2269 1174 2439 1228 porro
2471 1161 2528 1211 et
2567 1157 2906 1228 paradisum
2939 1157 3276 1228 incorporea
3307 1158 3694 1230 accipiebant,

2045 1246 2115 1300 Et
2144 1262 2345 1317 pcenas
2376 1245 2657 1318 temporis
2691 1245 2980 1301 limitibus
3009 1246 3389 1318 definiebant,

2045 1339 2387 1390 Daamonum
2439 1351 2696 1406 quoque,
2744 1336 2898 1391 heu!
2953 1334 3383 1391 restitutionem
3432 1336 3492 1391 in
3540 1335 3694 1393 inte-

3146 1427 3353 1497 [grum
3385 1426 3690 1482 docebant.

2045 1514 2423 1570 Sustulerunt
2450 1513 2820 1570 Theodorum
2865 1514 3342 1585 Mopsuestenum

2047 1603 2155 1668 Qui
2193 1603 2390 1659 miseri
2423 1603 2676 1659 Nestorii
2710 1603 2900 1658 fuerat
2931 1607 3272 1674 praeceptor,

2047 1693 2116 1746 Et
2147 1693 2396 1764 primam
2429 1692 2542 1747 Ibzs
2575 1693 2645 1747 ad
2681 1691 2888 1747 Marim
2921 1690 3251 1762 epistolam,

2046 1782 2116 1836 Et
2143 1798 2507 1853 quaecunque
2551 1787 2756 1837 contra
2785 1780 3065 1853 Cyrillum
3099 1779 3530 1851 conscripserat
3556 1780 3696 1836 ollm

2047 1870 2176 1942 Cyri
2209 1871 2637 1938 Theodoretus,
2668 1869 2963 1942 hypocrisi
2995 1869 3152 1925 haud
3187 1869 3446 1925 inferior.

2046 1959 2216 2015 Sexta
2248 1961 2518 2032 Synodus
2553 1960 2763 2014 iterum
2796 1958 3304 2030 Constantinopoli

2046 2048 2326 2104 Convenit
2356 2053 2414 2103 et
2443 2048 2698 2103 abolevit
2735 2049 3014 2120 dogmata
3043 2047 3553 2103 Theomacborum

2045 2141 2301 2202 Quorum
2335 2139 2514 2193 duces
2547 2137 2703 2194 docti
2737 2142 2794 2193 et
2824 2137 2996 2191 multi
3025 2140 3083 2192 et
3109 2136 3278 2203 varii,

2048 2227 2244 2282 Pharae
2277 2227 2644 2293 Theodorus,
2677 2225 2965 2282 Honorius
2997 2225 3216 2292 Romae,

2046 2315 2226 2386 Cyrus
2255 2315 2635 2384 Alexandriae,
2668 2316 2905 2386 Sergius
2938 2318 2996 2372 et
3023 2314 3304 2388 Pyrrhus,

2042 2403 2277 2459 Necnon
2315 2404 2530 2460 Paulus
2561 2403 3014 2472 Samosatensis,
3048 2407 3324 2474 presteres
3355 2401 3581 2469 Petrus,

2045 2581 2222 2638 Miser
2249 2581 2538 2638 Macarius
2567 2585 2743 2650 atque
2774 2584 3001 2648 Petrus,

2044 2670 2168 2726 Non
2203 2671 2350 2726 duas
2378 2671 2552 2726 Verbi
2580 2667 2867 2725 incarnati
2898 2673 3138 2724 naturas
3168 2669 3464 2733 dicebant,

2043 2760 2153 2816 Sed
2219 2776 2396 2816 unam
2462 2759 2781 2831 quamdam
2847 2757 3334 2829 compositionem
3391 2770 3690 2826 unamque

3285 2845 3621 2914 [actionem.

2045 2939 2189 2994 Cum
2221 2937 2314 2992 his
2348 2937 2586 2994 omnino
2617 2940 3021 3010 represserunt
3050 2933 3532 3007 Polychronium,

2047 3031 2234 3098 Atque
2263 3026 2408 3082 duas
2438 3032 2761 3082 sanxerunt
2790 3025 3083 3082 incarnati
3119 3023 3289 3080 Verbi

2047 3115 2320 3182 Naturae,
2355 3119 2556 3186 utpote
2587 3116 2690 3187 pii,
2721 3115 2875 3170 sicut
2904 3118 2961 3170 et
2991 3115 3138 3169 duas
3169 3112 3523 3168 voluntates.

2046 3203 2308 3275 Septima
2337 3197 2588 3276 denique
2617 3203 2820 3260 habita
2850 3207 2939 3259 est
2968 3203 3191 3258 Nicazaa.

2047 3293 2482 3363 Quinquaginta
2513 3292 2592 3346 ibi
2629 3308 2947 3348 convenere
2978 3306 3157 3362 super
3185 3289 3482 3358 trecentis,

2051 3383 2256 3437 Manus
2284 3380 2467 3436 electa
2500 3383 2726 3451 piorum
2757 3398 2824 3436 ac
2854 3380 3266 3453 religiosorum
3299 3378 3560 3448 Patrum,

2046 3471 2171 3534 Quo
2203 3474 2461 3539 tempore
2491 3469 2654 3524 Irene
2685 3469 3027 3540 imperatrix
3056 3468 3425 3541 gubernabat

2048 3559 2191 3614 Cum
2223 3558 2604 3613 Constantino
2639 3556 2755 3612 ﬁlio
2788 3573 2989 3612 recens
3021 3561 3316 3612 coronato.

2047 3647 2116 3702 Et
2146 3646 2436 3717 imagines
2462 3662 2660 3701 sacras
2685 3646 3062 3701 honorandas
3093 3648 3436 3709 sanxerunt,

2044 3736 2293 3806 Riteque
2359 3734 2728 3790 anathemate
2809 3733 3185 3804 perculerunt
3255 3732 3474 3803 impios
3541 3729 3699 3785 illius

3381 3819 3628 3888 [astatis,

2045 3912 2330 3969 Basilium
2363 3912 2464 3984 qui
2501 3911 2725 3968 Pisidiae
2757 3910 3069 3982 episcopus
3100 3914 3242 3976 erat,

2044 4001 2444 4058 Theodosium
2476 4001 2707 4071 Ephesi,
2741 3999 3071 4056 Sisinnium
3105 3999 3318 4070 Perge,

2042 4089 2318 4162 Aliosque
2367 4087 2692 4162 permultos
2741 4104 2940 4144 sacras
2998 4086 3285 4159 imagines
3343 4101 3461 4140 non
3509 4084 3698 4139 hono-

3379 4175 3625 4246 [rantes.

2298 4549 3019 4702 PSELLI

1802 4795 2196 4858 DIALOGUS

775 4965 992 5088 DE
1101 4961 2186 5089 OPERATIONE
2297 4961 3200 5091 DZEMONUM

1353 5321 1926 5411 GAULMINI
2007 5320 2627 5408 PB/EFATIO.

337 5501 554 5562 Amice
598 5496 801 5562 lector,
836 5491 1091 5549 Psellum
1137 5488 1271 5565 Περὶ
1315 5487 1576 5565 ἆνεργείας
1625 5486 1898 5561 δαιμόνων

2044 5505 2166 5546 'aece
2213 5506 2518 5562 nunquam
2571 5494 2744 5546 antea
2793 5489 3042 5558 editum,
3085 5505 3240 5543 nunc
3290 5486 3545 5558 primum
3592 5484 3696 5540 tibi

247 5598 500 5654 damus
529 5586 635 5660 (a);
670 5587 842 5639 notas
863 5588 1141 5655 prmterea
1169 5596 1318 5651 quas
1339 5579 1590 5651 singulis
1617 5579 1824 5635 diebus
1857 5596 1960 5651 pro
1981 5595 2162 5652 penso
2185 5595 2497 5651 operarum
2523 5578 2892 5651 scripsimus.
2921 5579 2980 5633 In
3011 5575 3130 5633 illis
3151 5576 3290 5649 quid
3323 5573 3694 5647 prestiterim

338 5718 429 5794 (α)
464 5712 722 5780 Parisiis,
756 5709 913 5765 1615.
