4088 6350
446 348 567 406 819
1778 350 2202 413 MICHAELIS
2249 351 2517 413 PSELLI
3733 341 3850 404 820

446 481 511 531 tu
544 494 648 550 pro
679 480 933 535 candore
988 483 1089 535 tuo
1139 480 1456 551 judicabis,
1490 496 1596 553 ego
1644 497 1747 553 pro
1798 483 2088 539 modestia
2134 498 2265 539 mea
2313 482 2417 538 tibi
2467 481 2760 537 indicabo.
2797 479 3063 537 Auctoris
3112 478 3418 550 ipsissima
3463 476 3640 533 verba
3690 490 3859 547 quam

448 568 759 622 emendata
790 573 853 623 ut
882 568 1125 625 haberes
1156 571 1410 625 maxime
1440 570 1666 637 curavi;
1702 572 1801 627 sed
1851 589 1921 627 ne
1971 573 2080 627 hoc
2110 572 2345 643 quidem
2389 588 2487 642 per
2518 585 2827 642 operarum
2881 585 3030 634 quas
3081 583 3196 623 non
3248 565 3475 639 inspexi
3504 565 3855 620 celeritatem

447 656 635 712 licuit.
689 659 824 722 Quae
871 664 1147 730 corrupta
1196 660 1253 714 in
1306 676 1464 715 man.
1496 666 1666 717 erant
1694 662 2026 729 emendavi;
2074 678 2199 733 quae
2255 659 2539 727 difﬁcilia,
2571 658 2849 732 explicui;
2902 674 3027 730 quae
3082 656 3453 728 interpolata,
3486 655 3715 711 restitui
3765 656 3860 708 sed

451 759 665 815 magna
696 743 778 798 tui
812 742 1047 814 ﬁducia,
1082 747 1196 801 mei
1232 747 1475 818 majore.

1469 856 1804 923 Religentem
1832 872 1947 911 esse
1972 858 2187 927 oportet
2216 855 2539 926 religiosum
2567 856 2723 925 nefa:
2756 853 2852 924 (b).

518 954 802 1027 Equidem
838 957 933 1013 odi
964 974 1107 1013 cane
1138 961 1307 1031 pejus
1341 965 1397 1015 et
1430 977 1620 1032 angue
1652 960 1785 1016 illos
1818 960 2107 1031 homines,
2138 960 2235 1031 qui
2277 961 2580 1031 auspicato
2626 958 2809 1013 libros
2859 960 3110 1013 tractant
3148 960 3205 1010 et
3235 956 3307 1010 de
3338 955 3549 1010 mendo
3579 953 3635 1008 in
3670 953 3865 1024 aliquo

446 1043 595 1100 libro
629 1048 912 1116 tanquam
948 1047 1020 1102 de
1051 1048 1304 1104 mustela
1332 1049 1393 1104 in
1423 1050 1515 1104 via
1552 1050 1823 1119 judicant
1856 1067 1868 1104 :
1901 1049 2263 1120 ignavissimi
2299 1047 2635 1104 mortalium
2666 1046 2766 1118 qui
2816 1045 2926 1101 hoc
2975 1044 3169 1100 adhuc
3210 1043 3498 1110 nesciunt,
3531 1041 3689 1115 quod
3721 1039 3865 1094 nihil

449 1134 664 1191 sciunt.

1440 1232 1563 1286 Non
1594 1229 1699 1284 tali
1726 1229 1945 1285 auxilio
1972 1245 2073 1286 nec
2099 1227 2477 1300 defensoribus
2506 1228 2627 1282 istis

1446 1302 1674 1372 Tempus
1704 1306 1847 1374 eget.

517 1402 579 1459 Si
610 1402 942 1476 interfecto,
974 1408 1039 1461 ut
1069 1411 1295 1479 vocant,
1328 1406 1453 1463 loco
1486 1409 1780 1464 medicina
1811 1408 1983 1476 facta,
2018 1409 2069 1465 si
2100 1408 2221 1464 leve
2252 1406 2391 1480 quid
2428 1405 2852 1477 interpugendo
2886 1408 3184 1473 sanatum,

1448 1509 1578 1569 Tda'
1609 1512 1720 1567 ἐστὶ
1751 1512 1951 1585 πολλῷ
1985 1518 2172 1586 μεῖζον
2202 1515 2237 1583 ἢ
2271 1512 2470 1587 Τροίαν
2504 1510 2645 1567 ἑλεῖν

449 1615 646 1687 Longe
677 1616 847 1673 aliter
875 1634 1076 1675 omnes
1107 1619 1365 1675 melioris
1405 1621 1621 1677 mentis
1674 1622 1951 1688 scribent,
1985 1624 2041 1676 et
2091 1637 2199 1676 nos
2248 1620 2439 1676 conati
2490 1637 2698 1677 sumus
2743 1617 3017 1676 scribere.
3052 1617 3160 1673 Sed
3200 1614 3513 1672 omiseram
3566 1629 3713 1686 pene
3746 1629 3874 1684 qua:

448 1702 564 1757 duo
598 1704 853 1761 maxima
902 1707 959 1762 in
1013 1707 1121 1763 hoc
1170 1709 1451 1781 opusculo
1502 1710 1765 1782 praestiti,
1801 1710 2144 1765 brevitatem
2176 1716 2234 1765 et
2264 1709 2636 1765 modestiam.
2672 1708 2995 1778 Utramque
3042 1706 3334 1774 invenies,
3366 1704 3465 1776 qui
3516 1703 3767 1759 candide
3805 1702 3875 1756 de

447 1794 696 1864 utraque
729 1794 966 1850 senties.
1001 1796 1286 1853 Caeterum
1318 1799 1647 1871 theologica
1673 1804 1730 1855 et
1760 1799 2188 1871 philosophica,
2220 1815 2348 1870 quas
2379 1815 2552 1868 quam
2582 1798 2839 1870 plurima
2868 1801 3027 1864 sunt,
3061 1796 3191 1851 ideo
3224 1811 3339 1850 non
3374 1792 3568 1865 attigi,
3600 1791 3740 1863 quia
3766 1790 3876 1845 hoc

445 1879 654 1937 fuisset
688 1880 856 1953 μάζαν
908 1884 996 1958 ὑφ’
1026 1884 1210 1961 ἑτέρου
1264 1887 1614 1961 μεμαγμένην
1663 1888 1919 1960 ἁρπάζειν
1952 1888 2051 1959 (d).

2298 1888 2547 1943 candide
2578 1887 2776 1942 lector.
2826 1887 2934 1941 Sed
2986 1886 3095 1941 hoc
3145 1890 3423 1957 praeterea
3472 1888 3525 1937 te
3578 1881 3869 1937 monitum

443 1968 594 2033 volo;
629 1988 803 2028 usum
838 1990 931 2029 me
957 1975 1189 2032 duobus
1239 1994 1397 2031 man.
1433 1977 1758 2045 codicibus,
1795 1979 1977 2033 altero
2008 1994 2135 2032 meo
2185 1982 2242 2031 et
2287 1977 2468 2031 altero
2502 1976 2894 2032 eruditissimi
2928 1973 3186 2031 Federici
3239 1971 3486 2039 Morelli,
3518 1971 3612 2026 cui
3665 1968 3875 2024 multis

446 2059 787 2116 nominibus
819 2061 1075 2118 multum
1111 2080 1203 2119 me
1235 2065 1443 2121 debere
1476 2066 1769 2136 proﬁteor.
1794 2068 1901 2121 Sed
1934 2071 1989 2121 et
2020 2064 2347 2138 symbolam
2377 2064 2644 2135 contulit,
2667 2065 3033 2120 characteres
3058 2062 3334 2117 Arabicos
3366 2076 3525 2131 suos,
3548 2059 3682 2115 Gul.
3716 2058 3869 2114 Lebé

442 2149 868 2221 typographus,
893 2152 980 2206 vir
1009 2152 1347 2225 linguarum
1381 2154 1757 2210 orientalium
1790 2155 2284 2222 studiosissimus,
2309 2160 2387 2223 et,
2415 2155 2463 2209 si
2497 2154 2616 2211 haec
2648 2154 2863 2210 saecula
2892 2153 3318 2225 permitterent,
3343 2149 3594 2206 eximius
3624 2147 3864 2204 illarum

444 2243 799 2310 propagator
828 2240 1085 2297 futurus.

516 2381 597 2453 (b)
626 2383 837 2439 Versus
868 2400 935 2439 ex
964 2384 1209 2456 antiquo
1266 2386 1525 2443 carmine
1575 2389 1862 2445 memoria
1909 2388 2101 2444 hercle

2260 2389 2382 2443 ndr.
2416 2390 2521 2443 368
2554 2403 2567 2443 :
2600 2386 2754 2440 Τοῦτ’
2786 2380 2895 2448 ἔσθ’
2925 2384 3135 2455 ἑκάστῳ
3168 2388 3351 2456 μεῖζον
3393 2383 3427 2456 ἢ
3463 2382 3665 2456 Τροίαν
3698 2379 3869 2456 afen.

445 2422 1525 2595 di%3’uéféﬁ."27“32iif‘iv‘f"4ti.“i‘iiif‘°
1575 2422 1862 2445 “ww”
1909 2422 2059 2444 "W

458 2593 469 2595 _
542 2525 590 2595 ε)
622 2525 726 2580 Ηιο
757 2542 965 2583 versus
997 2533 1087 2583 est
1114 2528 1267 2585 inter
1289 2531 1607 2587 Proverbia
1641 2531 1884 2595 metrica
1913 2549 1945 2586 v
1975 2533 2059 2585 87S

2260 2422 2382 2443 qu-
2416 2422 2521 2443 υυυ
2555 2429 2567 2443 ο
2608 2422 2735 2440 avus
2786 2422 2875 2448 ςυυ
2925 2422 3134 2455 sumunt:
3168 2422 3350 2456 μεριξ-,ιν
3400 2422 3412 2435 ι
3471 2422 3660 2454 ιΓν-,μ
3698 2422 3870 2434 ...ιν-ν.

2288 2461 2359 2529 (ιι)
2390 2465 2495 2515 Est
2522 2460 2675 2515 inter
2705 2459 2899 2515 Suidae
2925 2458 3148 2529 Adagia
3177 2474 3253 2526 1x,
3286 2456 3376 2525 66,
3409 2422 3497 2509 ἐπὶ
3526 2458 3636 2507 τῶν
3698 2450 3870 2506 ἀλλο-

2256 2531 2388 2593 ῡίοις
2415 2530 2603 2592 πόνοις
2636 2529 3095 2595 ἱγκαυχωμὲνων.

542 2525 590 2596 c)
622 2525 972 2610 Hic’versus.
997 2533 1087 2610 est
1114 2528 1607 2610 inter-Proverbia
1641 2531 1884 2610 metrica
1913 2549 1945 2610 ν
1975 2533 2102 2610 8_7_2,_

1480 2531 1607 2610 rbia
1641 2531 1884 2610 metrica
1913 2549 1945 2610 γ
1975 2533 2102 2610 ᾃῖ2ε
2213 2525 2388 2601 τρίοις
2415 2530 2603 2592 πόνοις
2636 2525 3094 2604 ὶγκαυχωμὲνωιῖ.

446 2593 757 2669 formatus,
812 2602 875 2653 ut
922 2598 1173 2668 videtur,
1227 2603 1297 2656 ad
1358 2602 1748 2660 imitationem
1811 2593 2107 2675 Euripidei

950 2889 1795 3019 MIXAHA
1949 2891 2353 3021 ΤΟΥ
2499 2896 2564 3020 ‘l

1737 2889 1795 3017 l
1949 2891 2353 3021 ΤΟΥ
2499 2888 3351 3020 ΨΕΛΛΟΥ

2067 3120 2225 3172 ΠΕΡΙ

1358 3283 2056 3379 ΕΝΕΡΓΕΙΑΣ
2094 3260 2172 3331 (ί)
2280 3283 2954 3381 ΔΑΙΜΟΝΩΝ

1818 3480 2472 3579 ΔΙΑΛΟΓΟΣ.

1160 3684 2290 3953 MIGHAELfs
2399 3800 3119 3955 PSELLI

1948 4050 2234 4112 DIALOG
2247 4050 2341 4113 US

742 4202 907 4297 DE
1000 4202 1662 4299 DZEMONUM
1760 4204 2315 4298 ENERGIA
2413 4204 2649 4299 SEU
2750 4202 3535 4300 OPERATIONE

1365 4390 1587 4453 Contra
1621 4391 1914 4453 Manetem
1943 4400 1998 4453 et
2022 4389 2317 4455 Euchitas
2349 4412 2449 4453 seu
2479 4392 2926 4455 Enthusiastas.

2102 4550 2181 4563 _

1823 4658 2064 4705 DIALOGI
2108 4660 2393 4706 PERSONE.
2440 4662 2455 4704 ε

1264 4775 1697 4832 rmoeaoz.
1757 4777 1990 4847 ΘΡᾼΞ.
2032 4806 2100 4818 -
2136 4776 2644 4833 TIMOTHEUS.
2706 4777 3011 4834 THRAX.

1848 5025 2079 5082 CAPUT
2115 5025 2428 5082 PRIMUM.

615 5116 690 5171 De
717 5113 964 5170 Euchitis
992 5118 1043 5170 et
1074 5113 1464 5170 Enthusz’astis.
1503 5116 1905 5190 Haereiicorum
1936 5116 2651 5190 dogmatiimucognitionem
2687 5119 2803 5188 piis
2832 5133 2942 5173 non
2980 5120 3170 5173 minus
3195 5118 3471 5190 prodesse,
3500 5134 3668 5190 quam

1626 5188 2051 5256 pharmacorum
2082 5186 2377 5243 lethalium
2402 5189 2647 5243 medicis.

511 5301 951 5359 TIMOTHEUS.
1007 5302 1265 5373 Longum
1314 5302 1461 5371 jam,
1502 5318 1533 5357 o
1582 5302 1795 5371 Thrax,
1851 5308 2086 5376 tempus

2266 5307 2624 5360 ΤΙΜΟΘΕΟΣ.
2683 5302 2931 5379 Κρόνιος,
2983 5305 3028 5358 ὦ
3086 5307 3243 5380 Θρᾷξ,
3294 5303 3380 5359 ἐπὶ
3430 5306 3492 5360 τὸ
3543 5307 3857 5375 Βυζάντιον

440 5391 787 5463 interﬂuxit,
820 5408 888 5448 ex
918 5407 1034 5463 quo
1066 5390 1407 5464 Byzantium
1439 5408 1555 5447 non
1589 5392 1818 5448 venisti.
2196 5391 2453 5462 ἀπαντᾷς.

1828 5508 2181 5564 GAULMINI
2220 5508 2453 5568 NOTAE.

519 5604 903 5687 (1)ξΕνέεγεια
954 5622 1089 5661 vera
1147 5623 1273 5687 vox.
1332 5606 1557 5687 Qhryst.
1606 5606 1917 5687 homil.‘4,
1968 5604 2097 5687 ῌερὶ

2258 5607 2350 5661 ιτὶν
2382 5609 2416 5675 ἡ
2450 5606 2709 5681 ἐνέργεια.
2748 5608 2822 5687 To
2853 5605 3219 5687 svspyeiamt,
3252 5610 3367 5666 ἀντὶ
3412 5614 3509 5666 τοῦ
3565 5609 3872 5687 δαιμονᾶν,

451 5674 681 5733 ἀκάτοιλ.
720 5674 1000 5737 ;’“Ᾰλυσις
1031 5677 1243 5749 πονηρὰ
1284 5676 1373 5729 καὶ
1404 5674 1627 5751 χᾶλεπή
1674 5681 1781 5731 τῶν
1833 5674 2065 5749 δαιμόνὰ

1871 5674 2107 5749 αιμόνίυν
2220 5674 2445 5752 pridem
2477 5674 2729 5737 es't'cum
2759 5680 2866 5737 viri
2896 5674 3049 5739 docti
3078 5674 3485 5741 observarunt.
