4080 6350
302 371 419 439 821

1442 381 1545 440 DE
1588 378 2013 444 DIEMONUM
2056 381 2580 445 OPERATIONE.

3592 385 3710 445 822

376 512 579 581 ΘΡᾼΞ.
615 508 865 584 Χρόνιος,
897 507 943 564 ὦ
971 508 1220 582 Τιμόθεε,
1257 506 1352 564 δύο
1377 530 1481 565 πον
1520 505 1638 581 ἔτη,
1669 509 1760 566 καὶ
1790 511 1925 588 πρὸς

2136 514 2394 570 THRAX.
2432 516 2713 588 Longum,
2744 531 2777 570 o
2808 514 3139 585 Timothee;
3180 514 3484 572 biennium
3528 516 3708 588 enim,

303 601 544 664 ἐντεῦθεν
577 593 818 672 ἔκδημος
850 595 946 655 ὢν.

371 691 610 747 ΤΙΜΟΘ.
646 693 749 743 Ποῖ
779 686 837 743 δὲ
867 686 957 757 δὴ,
987 687 1042 742 τί
1071 688 1160 743 καὶ
1190 690 1312 744 τίνα
1341 689 1632 766 πράγματα
1661 684 1808 765 ἔχων
1860 689 1946 744 ἐπὶ

293 783 556 835 τοσοῦτον
580 775 982 856 ἐνδιατὲτριφας
1005 797 1018 847 ;

367 871 570 924 ΘΡΑΞ.
601 867 950 941 Μακροτὲρας
982 865 1018 935 ἢ
1069 867 1206 920 κατὰ
1251 868 1350 936 τὴν
1402 871 1675 942 παροῦσαν
1730 865 1942 943 σχολὴν

290 960 544 1021 ἀπαιτεῖς
605 958 882 1020 ὑποθέσεις
941 957 1144 1034 λόγων.
1203 958 1442 1034 Ἀνάγκη
1498 956 1598 1034 γάρ
1656 979 1723 1030 με
1772 955 1943 1011 συνεί-

287 1069 402 1123 ρειν
430 1048 523 1102 τὸν
573 1045 828 1104 Ἀλκίνου
872 1045 1145 1122 ἀπόλογον
1179 1049 1309 1120 (1³⁵),
1343 1046 1387 1101 εἰ
1440 1043 1551 1101 δὲοι
1612 1044 1786 1122 λέγειν
1847 1043 1946 1099 ὅσα

287 1135 501 1210 ἐπῄειν,
547 1133 644 1190 ὅσα
672 1156 731 1190 τε
779 1129 943 1205 ἔτλην
1001 1129 1214 1189 ἀσεϐέσι
1265 1133 1607 1208 συμπλακεὶς
1665 1131 1941 1209 ἀνδράσιν.

283 1224 533 1302 Εὐχίτας
561 1227 634 1298 (2)
667 1224 864 1286 αὐτοὺς
893 1223 984 1279 καὶ
1031 1224 1442 1286 Ἐνθουσιαστὰς
1491 1225 1568 1297 (3)
1630 1224 1680 1278 οἱ
1736 1220 1941 1278 πολλοὶ

285 1314 576 1370 καλοῦσιν.
618 1315 689 1369 Ἦ
739 1313 836 1368 οὑκ
883 1312 1050 1384 ἀκοήν
1094 1333 1218 1368 τινα
1259 1311 1403 1388 ἔχων
1437 1311 1560 1389 περὶ
1592 1310 1798 1367 τούτων
1850 1310 1939 1366 καὶ

290 1403 460 1464 αὐτὸς
488 1401 780 1478 τυγχάνεις
809 1421 823 1470 ;

363 1493 596 1548 ΤΙΜΟΘ.
632 1491 901 1554 Μανθάνω
937 1492 1032 1564 μὲν
1065 1493 1139 1565 (4)
1190 1512 1339 1552 τινας
1392 1489 1702 1565 θεομάχους
1743 1487 1940 1564 ἄνδρας

287 1581 382 1636 καὶ
435 1579 674 1642 ἀτόπους
724 1579 977 1642 ἐπιεικῶς
1023 1579 1075 1634 ἐν
1125 1579 1274 1653 μέσῳ
1320 1581 1638 1656 στρέφεσθαι
1683 1582 1782 1633 τοῦ
1822 1579 1938 1632 καθ’

283 1673 437 1743 ἡμᾶς
498 1670 646 1746 ἰεροῦ
696 1669 1004 1744 κόμματος,
1059 1671 1194 1724 κατᾶ
1245 1672 1343 1740 τὴν
1390 1667 1685 1743 κωμῳδίαν
1744 1668 1934 1723 εἰπεῖν’

285 1757 540 1836 δόγματα
576 1756 633 1814 δε
687 1759 888 1828 αὐτῶν,
935 1759 1026 1815 καὶ
1067 1757 1186 1829 ἔθη,
1225 1758 1316 1814 καὶ
1364 1759 1592 1832 νόμους,
1643 1758 1732 1813 καὶ
1781 1753 1933 1833 ἔργα,

2060 609 2117 660 et
2145 603 2321 671 ultra,
2355 604 2492 660 hinc
2523 621 2761 678 peregre
2793 604 2976 662 abfui.

2129 693 2427 748 TIMOTH.
2479 693 2725 749 Ubinam
2786 710 2940 763 vero,
2991 694 3328 767 quibusque
3372 695 3444 750 de
3491 695 3709 768 causis,

2058 783 2264 838 tandiu
2297 783 2588 838 abfuisti?

2127 872 2398 927 THRAX.
2456 870 2800 938 Prolixiora,
2853 889 3030 944 quam
3082 889 3209 946 quae
3267 873 3406 929 huic
3462 876 3713 946 tempori

2055 962 2426 1027 conveniant,
2459 961 2687 1016 dicendi
2741 966 3088 1032 argumenta
3132 962 3419 1034 postulas.
3462 963 3713 1020 Necesse

2054 1049 2210 1104 enim
2243 1055 2351 1116 est,
2389 1053 2454 1104 ut
2482 1049 2674 1105 Alcini
2726 1049 2974 1121 apologo
3025 1055 3177 1119 utar,
3211 1049 3260 1106 si
3289 1050 3537 1107 dicenda
3567 1051 3708 1122 sint,

2053 1155 2415 1211 quaecunque
2455 1139 2632 1205 subii,
2665 1155 3030 1210 quaecunque
3077 1156 3290 1210 passus
3343 1157 3475 1196 sum
3508 1141 3567 1196 in
3600 1141 3708 1197 ho-

2055 1227 2284 1283 minum
2337 1227 2654 1300 impiorum
2688 1227 3025 1284 consortio:
3058 1227 3333 1284 Euchitas
3384 1245 3483 1285 eos
3533 1217 3705 1286 multi

2051 1320 2107 1372 et
2145 1316 2560 1372 Entbusiastas
2610 1316 2932 1388 appellant.
2966 1317 3262 1372 Numnam
3294 1335 3428 1375 vero
3473 1322 3530 1374 et
3576 1319 3702 1392 ipse

2050 1407 2120 1461 de
2152 1406 2221 1460 iis
2253 1406 2556 1476 quidpiam
2591 1405 2766 1460 fando
2799 1405 3037 1460 audiisti
3059 1406 3088 1460 ‘I

2120 1493 2427 1550 TlMOTH.
2494 1494 2682 1549 Audio
2732 1495 2968 1566 quidem
3023 1495 3220 1550 nescio
3280 1512 3428 1568 quos
3485 1496 3700 1568 impios

2049 1583 2340 1650 homines,
2386 1588 2443 1638 et
2491 1584 2702 1638 merito
2755 1583 3146 1639 exsecrandos
3195 1584 3253 1638 in
3307 1584 3501 1640 medio
3548 1585 3699 1640 sacri

2048 1673 2233 1728 nostri
2267 1673 2599 1737 commatis,
2624 1676 2688 1727 ut
2717 1672 2937 1728 comice
2970 1671 3200 1744 loquar,
3228 1672 3337 1728 hoc
3358 1678 3447 1728 est
3477 1674 3702 1729 ordinis

2047 1779 2213 1818 sacro
2253 1761 2545 1834 designati
2588 1761 2944 1828 charactere,
2972 1762 3212 1817 versari.
3239 1761 3450 1818 Eorum
3501 1767 3699 1819 autem

281 1849 373 1904 καὶ
406 1849 606 1926 λόγους
635 1849 761 1925 παρ’
795 1845 1012 1911 οὐδενὸς
1045 1845 1264 1903 οὐδεπω
1299 1869 1392 1921 μοι
1429 1849 1618 1921 μαθεῖν
1652 1847 1928 1922 ἐξεγένετο.

2050 1853 2344 1923 dogmata,
2395 1867 2608 1919 mores,
2660 1850 2839 1922 leges,
2873 1866 3050 1922 opera
3097 1854 3153 1906 et
3202 1867 3505 1907 sermones
3536 1869 3570 1906 a
3601 1868 3700 1908 ne-

278 1938 388 1994 Καί
422 1959 519 1992 σου
552 1935 742 2011 δὲομαι
771 1935 902 1992 ἄττα
931 1937 992 1992 ἂν
1022 1934 1223 2007 εἰδείης
1254 1937 1554 2015 σαφέστατα
1582 1933 1853 2003 ἐπελθεῖν,
1886 1931 1940 1988 εἷ’

276 2047 333 2082 τι
369 2025 559 2102 βούλει
589 2024 744 2102 ἀνδρὶ
777 2027 1017 2097 συνήθει,
1047 2027 1338 2100 πρεσθήσω
1371 2023 1427 2080 δὲ
1471 2023 1562 2079 καὶ
1612 2025 1782 2099 φίλῳ,
1834 2042 1934 2098 χα-

279 2115 548 2191 ρίζεσθαι.

344 2298 549 2366 ΘΡᾼΞ.
599 2294 721 2364 Ἔα,
773 2291 900 2367 φίλε
955 2287 1215 2367 Τιμόθεε.
1277 2291 1515 2368 ’Λνάγκη
1562 2290 1665 2367 γὰρ
1721 2290 1819 2365 ἐμὲ
1872 2312 1931 2347 τε

270 2388 642 2455 περιωσθῆναι
691 2382 829 2452 πρὸς
879 2379 1114 2458 ἴλιγγον,
1163 2379 1386 2436 ἐπιόντα
1434 2377 1676 2454 δόγματά
1731 2401 1788 2435 τε
1837 2379 1931 2436 ἀλ-

273 2469 484 2526 λόκοτα
531 2471 622 2526 καὶ
679 2464 812 2546 ἔργα
871 2467 1154 2543 δαιμόνια,
1216 2478 1304 2525 καί
1361 2468 1420 2524 σε
1474 2491 1534 2544 γε
1595 2467 1763 2543 μηδὶν
1802 2470 1927 2545 περὶ

272 2560 486 2614 τούτων
516 2557 808 2635 ἐσχηκέναι
854 2556 1073 2633 κέρδος.
1101 2558 1167 2616 Εἰ
1195 2559 1320 2635 γὰρ,
1353 2557 1491 2613 κατᾶ
1533 2559 1629 2614 τὸν
1680 2558 1924 2631 Σιμωνί-

275 2645 376 2717 δην
413 2651 511 2722 (5),
545 2649 573 2703 ὁ
605 2646 776 2724 λόγος
803 2652 910 2703 τῶν
943 2647 1279 2724 πραγμάτων
1311 2647 1471 2702 εῗκών
1506 2647 1667 2718 ἐστιν,
1691 2648 1765 2710 ὡς
1789 2651 1926 2702 εἶναι

271 2737 365 2791 τὸν
408 2738 503 2810 μὶν
531 2740 639 2791 τῶν
668 2735 964 2814 ὠφελίμων
994 2735 1300 2810 ὠφέλιμον,
1342 2736 1433 2791 τὸν
1470 2734 1527 2791 δὶ
1556 2737 1631 2808 μή
1663 2735 1927 2791 τοιούτων

272 2825 374 2881 οὐκ
402 2825 624 2901 ἀγαθὸν,
656 2825 707 2880 τί
731 2824 790 2880 ἃν
820 2821 962 2881 οἷ’συι
995 2826 1258 2901 χρηστὸν,
1295 2826 1322 2881 ὁ
1357 2824 1484 2888 τοὺς
1532 2824 1738 2902 ἐναγεῖς
1789 2825 1928 2880 εἶκο-

273 2913 439 2984 νίζων
474 2911 676 2989 λόγους
704 2940 718 2985 ;

345 3094 585 3162 ΤΙΜΟΘ.
639 3093 746 3149 Καὶ
801 3094 940 3148 πάνυ
1010 3114 1094 3168 γε,
1155 3093 1200 3147 ὧ
1257 3095 1429 3169 Θρᾷξ·
1491 3091 1640 3168 εἷ’περ
1696 3094 1786 3148 καὶ
1847 3093 1926 3148 ἱα-

270 3187 426 3258 τροῖς
454 3179 647 3237 εἰδέναι
700 3183 766 3238 τὰ
798 3180 1082 3252 θανατώδη
1111 3186 1217 3236 τῶν
1253 3179 1553 3260 φαρμάκων
1587 3181 1686 3237 οὐκ
1711 3183 1925 3257 ἄχρησ-

275 3292 395 3342 τον,
450 3271 524 3334 ὡς
573 3273 648 3345 μή
679 3275 760 3344 τῷ
806 3270 1013 3326 τούτων
1055 3276 1364 3347 περιπεσεῖν
1415 3293 1536 3327 τινα
1566 3269 1923 3327 κινδυνεῦσαν
1957 3244 2000 3313 C

269 3361 346 3415 ἐῶ
401 3361 505 3434 γὰρ
555 3359 752 3436 λέγειν,
802 3359 886 3415 ὅτι
933 3360 1024 3415 καὶ
1067 3358 1183 3415 ἔνια
1225 3360 1431 3415 τούτων
1476 3360 1551 3423 εἷς
1598 3362 1773 3436 ὑγείαν
1829 3359 1931 3416 οὐκ

270 3447 651 3506 ἀσυντέλεστα.
683 3450 833 3504 Ὥστ’
862 3447 1008 3504 ἔσται
1038 3449 1126 3504 καὶ
1153 3451 1290 3521 ἡμῖν
1322 3446 1470 3519 δυοῖν
1500 3447 1742 3526 θάτερον
1769 3449 1804 3518 ἢ
1827 3449 1926 3526 γὰρ

267 3536 615 3610 ἄποισόμεθά
641 3558 694 3591 τι
724 3537 1092 3614 χρηστότερον
1125 3537 1184 3592 ἐκ
1211 3541 1309 3593 τοῦ
1348 3541 1687 3613 σκέμματος,
1735 3537 1772 3608 ἢ
1822 3559 1926 3616 φυ-

268 3623 552 3700 λαξόμιθα
582 3625 636 3683 εἷ’
658 3647 710 3683 τι
742 3625 996 3702 πρόσεστι
1041 3621 1331 3704 βλαϐερόν.

341 3899 550 3966 ΘΡᾼΞ.
582 3893 731 3952 Βίενο
764 3894 1031 3968 Ἀκοόσῃ,
1059 3892 1196 3948 κατὰ
1240 3894 1343 3964 τήν
1393 3894 1638 3965 ποίησιν,
1681 3892 1922 3967 ἐτήτυμα

271 3984 392 4055 μὲν,
429 3983 540 4057 οὐχ
567 3982 643 4046 ὡς
672 3979 869 4051 ἥδιστα
899 3979 956 4036 δέ
1119 3982 1184 4038 Et
1216 3979 1272 4036 δέ
1300 4003 1462 4038 τινων
1511 3982 1844 4058 ἀσχημόνων
1893 3983 1921 4037 ὁ

263 4068 437 4146 λόγος
468 4072 801 4145 ἰπιμνησθῇ,
829 4073 905 4145 μή
940 4069 1260 4147 χαλέπαινν
1299 4069 1428 4145 μηδ’
1460 4072 1559 4145 ea}
1608 4072 1699 4128 τὸν
1751 4091 1920 4146 παρε-

260 4161 541 4235 νείροντα,
567 4160 694 4224 τοὺς
725 4156 783 4216 δὶ
811 4157 1052 4234 δρῶντας
1080 4159 1240 4216 αἰτιῶ
1271 4157 1516 4225 δικαίως.

2045 1940 2205 1995 mine
2236 1939 2429 1994 adhuc
2453 1939 2595 1994 mihi
2621 1939 2846 1995 discere
2877 1940 3149 2012 contigit;
3184 1940 3429 2012 proinde
3459 1944 3517 1996 te
3538 1957 3697 2012 rogo,

2042 2033 2108 2084 ut
2136 2046 2203 2084 ea
2232 2045 2362 2101 quae
2413 2029 2566 2084 nosti
2619 2027 2996 2101 apertissima
3025 2028 3172 2083 mihi
3204 2029 3538 2085 narratione
3569 2045 3698 2101 per-

2043 2135 2268 2183 curras,
2302 2118 2352 2173 si
2386 2118 2528 2190 quid
2577 2117 2802 2174 homini
2851 2116 3061 2186 sodali,
3095 2119 3244 2175 addo
3273 2119 3449 2174 etiam
3481 2118 3695 2185 amico,

2043 2207 2358 2280 gratiﬁcari
2390 2206 2554 2263 velis.

2111 2295 2371 2352 THRAX.
2426 2295 2608 2352 Missa
2657 2296 2864 2353 isthmc
2914 2295 3110 2364 facito,
3144 2295 3320 2352 chare
3364 2296 3690 2353 Timothee.

2039 2385 2286 2441 Necesse
2315 2389 2404 2441 est
2433 2386 2615 2454 enim,
2646 2389 2708 2440 ut
2738 2385 2949 2457 capitis
2986 2385 3137 2441 ultro
3167 2384 3310 2440 mihi
3341 2385 3691 2457 vertiginem

2040 2491 2358 2540 accersam,
2385 2475 2433 2529 si
2466 2479 2523 2530 et
2552 2475 2828 2545 dogmata
2859 2475 3137 2542 absurda,
3162 2478 3221 2530 et
3240 2473 3533 2530 diabolica
3561 2491 3692 2547 ope-

2039 2581 2103 2620 ra
2134 2579 2372 2618 narrare
2401 2562 2708 2634 occipiam,
2732 2567 2914 2634 tuque
2942 2561 3088 2617 lucri
3121 2579 3190 2617 ex
3220 2562 3293 2618 iis
3322 2561 3468 2618 nihil
3500 2563 3690 2618 omni-

2039 2671 2112 2709 no
2155 2657 2435 2724 reportes.
2470 2652 2528 2707 Si
2579 2651 2734 2706 enim
2781 2652 2987 2718 oratio,
3023 2655 3088 2706 ut
3133 2651 3427 2706 Simonidi
3481 2651 3690 2722 placet,

2037 2759 2230 2797 rerum
2281 2741 2476 2812 imago
2531 2745 2640 2807 est,
2676 2744 2740 2794 ut
2771 2740 2850 2795 sit
2890 2757 2958 2796 ea
2998 2739 3183 2806 utilis,
3217 2757 3345 2812 quae
3394 2740 3465 2795 de
3517 2741 3693 2796 rebus

2038 2829 2283 2885 utilibus
2319 2829 2672 2897 instituitur,
2704 2845 2834 2900 quae
2865 2845 2998 2884 vero
3037 2829 3106 2883 de
3137 2828 3230 2894 iis,
3264 2845 3391 2900 quae
3422 2844 3596 2886 secus
3625 2845 3690 2884 se

2037 2918 2278 2984 habent,
2304 2935 2418 2973 non
2445 2917 2602 2973 bona
2622 2923 2951 2985 censeatur,
2972 2916 3254 2989 quidnam
3278 2917 3387 2972 tibi
3410 2917 3692 2988 proderit,

2039 3023 2173 3062 cum
2206 3023 2508 3062 sermones
2539 3006 2756 3078 impios
2787 3004 3198 3061 delineavero?

2110 3095 2412 3152 TlMOTH.
2447 3099 2609 3151 Certe
2658 3095 2912 3151 multum
2962 3094 3244 3166 proderit,
3277 3110 3309 3149 ο
3351 3093 3566 3150 Thrax.
3605 3094 3695 3150 Si-

2038 3186 2276 3257 quidem
2309 3190 2367 3240 et
2396 3185 2641 3240 medicis
2689 3183 2934 3239 lethalia
2984 3199 3159 3238 nosse
3210 3183 3529 3254 pharmace.
3579 3198 3694 3238 non

2040 3273 2246 3330 inutile
2277 3274 2388 3340 sit;
2425 3289 2496 3328 ne
2537 3273 2672 3345 quis
2722 3290 2790 3328 ea
2840 3276 3208 3328 contrectans
3257 3273 3316 3326 in
3363 3270 3691 3343 periculum

2038 3362 2300 3418 incurrat
2331 3381 2347 3418 :
2382 3365 2446 3416 ut
2476 3366 2700 3417 taceam
2740 3376 2943 3416 eorum
2977 3375 3210 3432 quoque
3255 3358 3540 3416 nonnulla
3571 3377 3686 3416 non

2038 3450 2274 3506 inutilia
2322 3466 2471 3506 esse.
2515 3452 2717 3521 Itaque
2765 3451 3015 3505 duorum
3065 3449 3316 3505 alterum
3366 3465 3692 3521 conseque-

2037 3557 2188 3595 mur.
2247 3541 2360 3594 Aut
2416 3538 2574 3594 enim
2627 3553 2697 3593 ex
2762 3537 3107 3608 hujusmodi
3165 3537 3575 3609 disquisitione
3632 3542 3690 3593 et

2034 3627 2483 3700 investigatione
2538 3627 2675 3683 boni
2725 3625 3032 3699 quidpiam
3083 3626 3536 3698 reportabimus,
3585 3629 3690 3682 aut

2034 3717 2086 3773 si
2136 3716 2277 3789 quid
2328 3716 2381 3773 ei
2436 3715 2653 3772 letbale
2697 3715 2838 3772 insit
2869 3720 2928 3771 et
2958 3714 3223 3785 noxium,
3255 3715 3327 3770 ah
3357 3730 3424 3770 eo
3453 3714 3684 3770 cavebi-

2034 3823 2190 3862 mus.

2103 3893 2369 3951 THRAX.
2401 3895 2518 3966 Age
2548 3910 2703 3959 vero,
2731 3893 2936 3949 audies
2969 3891 3206 3963 quidem
3237 3909 3394 3962 vera,
3424 3895 3487 3948 ut
3516 3895 3688 3963 poeta

2031 3985 2243 4056 inquit,
2276 3989 2335 4038 at
2367 3983 2609 4038 minime
2657 3982 2944 4053 jucunda.
2982 3981 3145 4046 Quod
3199 3982 3249 4036 si
3299 3981 3685 4037 obscenorum

2030 4073 2422 4146 quorumdam
2469 4070 2824 4127 mentionem
2871 4070 3120 4126 dicendo
3177 4069 3410 4137 faciam,
3446 4086 3516 4125 ne
3548 4086 3687 4125 suc-

2029 4177 2271 4217 censeas
2301 4177 2313 4215 :
2351 4175 2540 4230 neque
2572 4174 2685 4229 me,
2715 4158 2816 4230 qui
2848 4157 2990 4214 talia
3019 4157 3125 4213 tibi
3158 4157 3424 4229 referam,
3449 4159 3554 4214 sed
3583 4173 3684 4213 eos

2028 4251 2189 4322 ipsos
2219 4247 2321 4319 qui
2347 4251 2552 4320 agunt,
2585 4246 2838 4303 incuses.

1659 4346 2017 4405 GAULMINI
2055 4347 2284 4402 ΝΟΤΛΕ.

337 4439 437 4509 (Γ)
468 4437 860 4511 Diogenianus
912 4434 1002 4492 ὶπὶ
1053 4438 1161 4492 τῶν
1222 4434 1481 4511 φλυάρων
1533 4436 1624 4491 καὶ
1676 4435 1917 4511 μακροὺς
1951 4443 1999 4506 D

258 4508 663 4566 ἀποτεινόντων
710 4508 907 4581 λόγους
937 4527 950 4540 ⁸
988 4513 1054 4564 ut
1079 4508 1414 4581 aretalogus
1475 4508 1686 4581 Ulysscs
1731 4508 1920 4566 Auso-

261 4584 366 4640 nio
397 4582 541 4653 [imo
570 4580 839 4638 Juvenali
868 4597 964 4648 xv,
1000 4580 1090 4652 14]
1127 4597 1139 4637 :

337 4654 462 4708 Tale
489 4669 660 4723 super
685 4668 901 4711 caenam
927 4654 1151 4724 facinus
1178 4659 1441 4708 narraret
1473 4653 1685 4725 Ulysses

337 4727 588 4792 Alcinoo,
620 4726 785 4782 bilem
813 4727 908 4780 aut
938 4726 1113 4780 risum
1138 4727 1376 4795 fortasse
1411 4725 1739 4796 quibusdam

340 4797 597 4860 Moverat.
628 4806 687 4852 ut
710 4797 951 4852 mendax
977 4797 1318 4866 aretalogus.

263 4868 525 4940 ldemgin
559 4867 790 4940 Polluce
817 4873 874 4924 et
913 4868 1115 4924 Suida.
1144 4867 1348 4940 Adagii
1399 4866 1561 4938 origo
1609 4866 1920 4923 notissima

256 4958 335 4997 ex
362 4938 676 4996 Aristotele
705 4939 809 4994 lib.
843 4956 905 4995 Ill
934 4940 1154 4995 Rhetor.

341 5012 414 5080 (2)
467 5009 876 5082 Massalianos,
936 5011 1094 5082 quod
1148 5008 1500 5082 vocabulum
1550 5008 1914 5080 interpretati

220 5150 224 5152 Π
256 5088 426 5176 sunt
444 5079 684 5176 εὐλίτας.
717 5079 1073 5176 germenop.
1106 5083 1181 5137 De
1226 5089 1349 5171 seet.
1368 5097 1404 5176 1;
1433 5079 1503 5133 Τὸ
1533 5083 1919 5176 sqvamea:

256 5151 467 5208 λιανῶν
502 5147 680 5225 ὂννομα
723 5147 1208 5225 ἐξελληνιζόμενον
1254 5151 1478 5226 εὐχίτας
1530 5147 1697 5220 δηλοῖ
1729 5170 1740 5183 ·
1771 5148 1916 5226 πολὺ

249 5240 362 5317 γὰρ
389 5239 577 5330 αὐτοῖς
607 5240 669 5294 τὸ
699 5247 812 5330 τῆς⁵
847 5238 1026 5330 εὐχῆς.
1070 5236 1269 5330 6νόμαῖ
1301 5239 1458 5330 [ltilihil
1510 5241 1697 5330 fingit.
1736 5225 1915 5330 τήνγςέ

253 5310 504 5384 orantes,
540 5315 662 5369 Esr.
696 5331 758 5376 ι,
781 5314 836 5367 6.
905 5310 1028 5384 Nisi
1087 5310 1277 5384 obstet
1300 5312 1704 5384 Chronologus
1747 5310 1913 5384 "napi

253 5383 442 5457 αῖρὲσ.
477 5385 752 5457 ineditus,
787 5386 884 5454 qui
917 5383 1023 5438 ἀπὸ
1052 5389 1152 5457 τῆς
1183 5383 1379 5457 εὐχῆς,
1413 5381 1448 5450 ἢ
1482 5381 1712 5457 ἀπὸᾴτῆς
1768 5381 1912 5436 ἐπω-

251 5453 441 5529 νύμου
491 5456 679 5530 χώρας
736 5453 834 5530 τῆς
885 5453 1147 5529 Περσίδος
1205 5453 1440 5530 vocatos
1489 5455 1713 5530 scribit,
1768 5458 1914 5530 forte

247 5527 564 5585 melius—si
612 5529 864 5599 Assyriae
923 5527 1188 5594 dixisset,
1241 5527 1386 5599 quia
1437 5527 1910 5599 MoseliArabum

244 5600 615 5672 geographia
649 5598 1003 5672 Assyriaest.
1037 5597 1275 5655 Tamen
1304 5598 1499 5672 prima
1550 5597 1910 5672 nebulonum

243 5668 509 5742 istorum
543 5672 706 5742 origo
728 5668 970 5742 Persica
1002 5668 1749 5742 aﬂManete_Persa.A—_Ex
1799 5668 1909 5722 Eu-

245 5741 478 5817 thymii
505 5738 680 5798 titulo
708 5741 780 5798 de
807 5739 1148 5815 Bogomilis,
1162 5745 1325 5814 patet
1350 5754 1486 5797 cum
1516 5738 1602 5796 eis
1631 5739 1750 5796 fere
1771 5754 1912 5796 oon-

2032 4436 2258 4508 spirare
2289 4432 2672 4490 Massalianos
2701 4432 2789 4490 vel
2837 4432 3137 4489 Euchitas.
3167 4432 3311 4488 Vide
3355 4433 3681 4505 Pazrologiaz

2032 4513 2073 4562 t.
2109 4506 2316 4562 CXXX.
2352 4506 2506 4560 Eol'r.

2030 4513 2073 4564 t.
2109 4513 2316 4562 CXXX.
2356 4513 2506 4560 Eol'r.

2101 4580 2176 4650 (3)
2207 4577 2611 4648 Chronologus
2659 4574 2917 4632 ineditus
2975 4575 3103 4650 Περὶ
3160 4573 3331 4648 αἱρὲσ.
3364 4571 3668 4630 Καλοῦνται

2030 4644 2087 4722 δζ
2141 4647 2351 4722 ἐκ-τ-οὖ
2393 4645 2711 4722 πράγματος
2759 4645 2848 4700 καὶ
2899 4646 3389 4722 Ἐνθουσιοισταίχ⁸
3417 4642 3678 4722 δαίμονος

2029 4719 2129 4794 γὰρ
2213 4712 2480 4794 ἐνέργειαν
2518 4712 3233 4794 ξλαϐόντεςηΙΙνεόματος.
3303 4715 3478 4794 ἁγίου
3514 4712 3671 4771 ἐἶναι

2027 4784 2227 4880 ταῦτρν
2286 4784 2770 4880 ὑπόλειμϐἀνουριν
2803 4784 3125 4874 σ’ὕπνῳ“’δὲ
3173 4788 3246 4873 τὰ.
3301 4784 3490 4880 πολλξι
3537 4794 3673 4880 σφᾶς

2030 4858 2226 4923 αὐτους
2310 4858 2630 4933 ἐνδιδόντες,
2681 4858 3070 4933 ἐνθουσιασμὸν
3128 4859 3223 4918 τὰς
3278 4863 3384 4912 τῶν
3447 4858 3670 4933 ὀνείρων

2029 4934 2322 5010 φαντασίας
2369 4931 2651 5010 καλοῦσιν.
2701 4932 2839 5010 Αξὶἱ-
2869 4931 2996 5010 sine
3045 4948 3311 5010 numero,
3347 4931 3670 5010 qtl08___l10ll

2028 5003 2309 5072 exscribo,
2364 5006 2687 5068 Acuanitze,
2740 5003 2994 5070 Cubrici,
3063 5003 3422 5075 Martyriaui.
3484 5003 3668 5058 Nicet.

2030 5080 2174 5134 Thes.
2210 5079 2353 5132 orlh.
2386 5078 2481 5147 ﬁd.
2517 5077 2616 5130 lib.
2650 5091 2725 5131 1v.

2097 5161 2171 5229 (4)
2203 5159 2390 5229 Habet
2421 5174 2490 5213 ex
2522 5155 2820 5225 Aristoph.
2848 5154 2902 5209 in
2936 5156 3117 5224 Pluto,
3141 5169 3289 5229 vers.
3312 5153 3462 5229 86?_._:
3498 5156 3674 5229 Προστ

2027 5221 2245 5303 {apis-cat
2302 5228 2400 5304 γάρ
2456 5247 2539 5288 τις
2599 5221 2778 5304 κακῷς
2835 5221 3110 5304 πράττων
3147 5223 3282 5304 ᾁνήρ
3320 5242 3331 5254 ·
3393 5221 3576 5304 ’βοικε
3619 5221 3673 5277 δ’

2026 5294 2155 5354 sive}:
2204 5294 2325 5354 τοῦ’
2357 5294 2600 5369 πονηροῦ
2657 5294 2963 5369 κόμματος.
3001 5299 3065 5369 Et
3122 5295 3174 5347 οἱ
3226 5294 3670 5366 παρακόπτοντες

2024 5381 2162 5428 sunt
2194 5374 2292 5443 qui
2339 5372 2389 5443 οἱ
2447 5361 2990 5443 παραχαρᾶκταιόῧ.
3025 5361 3669 5443 ϐΐωοοξδυὶῐιζῌαραχα-

2022 5438 2231 5572 ρὸιέτειφ
2263 5443 2325 5498 τὸ
2357 5438 2560 5497 δίκαιον
2599 5438 2744 5499 inde
2773 5442 2919 5498 dixit
2970 5438 3339 5496 Anastasius.
3373 5438 3668 5494 smmis

2122 5537 2257 5572 ηγω.

2093 5537 2374 5721 (ἕνέοιτῆ
2395 5588 2735 5666 Σιμωνίδην,
2767 5598 2826 5650 et
2856 5585 3451 5663 DemocritumJéyac
3477 5585 3669 5664 ἔργου.

2095 5688 2170 5721 ι·,.
2252 5685 2348 5721 aer

2022 5673 2170 5734 σκιή.
2208 5673 2374 5721 Laert

2003 5741 2010 5748 ’
2097 5738 2172 5812 (6)
2202 5737 2436 5794 Homer.
