4088 6350
451 334 571 395 827

1784 333 2209 401 MICHAELIS
2252 332 2527 396 PSELLI

3740 327 3867 389 828

452 465 615 522 dium
648 466 886 525 illorum
919 473 1142 525 mentes
1191 470 1454 527 fascinat.
1488 471 1595 535 Qui
1630 471 1785 528 enim
1817 470 2096 527 thronum

2212 485 2320 519 των
2373 464 2550 534 ἀπατᾷ
2606 464 2699 525 τὰς
2749 463 2993 538 γνώμας,
3053 462 3082 516 ϐ
3138 461 3238 538 γὰρ
3293 460 3385 517 τὸν
3446 458 3610 515 αὐτοῦ
3668 457 3861 535 θρόνον

451 573 514 612 se
545 557 804 613 nubibus
853 557 1280 629 impositurum
1330 559 1635 631 gloriatur.
1686 559 2096 629 Altissimoque

2218 556 2381 609 θεῖναι,
2410 555 2524 626 (18)
2557 552 2645 607 ἰπὶ
2675 557 2783 607 τῶν
2810 549 3051 630 νεφελῶν
3102 549 3460 625 καυχώμενος
3516 550 3601 604 καὶ
3653 546 3863 613 ἔσεσθαι

453 644 706 701 similem
748 648 1012 701 futurum
1045 648 1346 718 praedicat,
1383 664 1567 721 eaque
1617 650 1688 704 de
1740 666 1919 704 causa
1948 647 2105 718 deje-

452 738 581 789 ctus
604 739 691 788 est
722 735 776 788 in
808 734 1100 801 tenebras,
1127 736 1176 790 is
1211 736 1337 806 ipse
1370 736 1487 792 illis
1510 754 1824 810 apparens,
1848 737 2104 806 seipsum

450 823 906 893 primogenitum
940 823 1039 878 Dei
1075 841 1202 879 esse
1231 825 1329 892 ait,
1364 830 1539 897 atque
1570 826 1941 882 terrestrium
1977 840 2105 880 om-

450 911 611 966 nium
661 916 1006 981 creatorem,
1039 914 1140 984 qui
1191 931 1294 986 pro
1340 915 1519 970 animi
1572 916 1817 971 arbitrio
1867 931 1995 987 quae
2045 913 2105 969 in

449 1000 668 1055 mundo
696 1005 837 1056 sunt
858 1002 1056 1057 omnia
1080 1019 1303 1075 susque
1350 1005 1539 1075 deque
1577 1006 1760 1061 ferat:
1800 1009 1976 1076 atque
1996 1002 2105 1059 hoc

445 1092 613 1160 pacto
672 1089 729 1143 in
792 1090 1264 1163 uniuscujusque
1317 1093 1739 1163 cogitationem
1794 1097 2105 1165 penetrans

448 1168 646 1233 fucum
679 1178 1052 1235 dementibus
1084 1181 1241 1249 facit,
1271 1181 1371 1253 qui
1400 1199 1533 1237 cum
1568 1182 1915 1255 arrogantiae
1946 1198 2105 1237 men-

449 1266 721 1340 daciique
776 1273 1076 1324 auctorem
1133 1286 1262 1325 esse
1320 1270 1433 1325 sibi
1490 1272 1863 1343 persuadere,
1929 1274 2105 1342 atque

444 1372 597 1410 vana
624 1355 824 1411 omnia
852 1356 1206 1413 insolentius
1236 1358 1571 1415 efferentem
1599 1359 1854 1415 ludibrio
1885 1359 2100 1415 habere

451 1445 752 1511 deberent,
788 1463 902 1501 non
935 1446 1018 1501 ita
1048 1447 1289 1516 faciunt,
1321 1449 1420 1503 sed
1450 1448 1509 1502 in
1537 1450 1815 1504 omnibus
1845 1449 1896 1504 ei
1930 1450 2103 1504 tidem

447 1533 688 1597 habent,
720 1539 1099 1606 agunturque
1138 1536 1378 1592 naribus
1428 1542 1712 1609 tanquam
1760 1539 1933 1594 boves
1966 1554 1978 1593 :
2015 1541 2103 1592 at-

448 1621 550 1692 qui
583 1627 847 1694 poterant
879 1640 1009 1679 eum
1044 1642 1156 1679 non
1182 1626 1265 1680 ita
1292 1625 1476 1681 multo
1501 1632 1632 1698 post
1654 1627 1941 1682 mendacii
1971 1643 2103 1682 con-

444 1710 693 1766 vincere.
721 1712 780 1767 Si
811 1712 969 1767 enim
994 1714 1064 1768 ab
1088 1730 1153 1768 eo
1178 1715 1507 1785 petiissent,
1533 1721 1597 1770 ut
1620 1715 1984 1786 jactabunda
2002 1714 2101 1769 illa

446 1800 909 1870 promissionum
936 1801 1226 1856 lenocinia
1248 1802 1417 1858 factis
1440 1802 1915 1869 exbiberet,nihil
1937 1803 2094 1858 aliud
2131 1829 2179 1895 Β

443 1904 577 1943 eum
604 1905 733 1944 esse
757 1890 1489 1965 deprehendissent,quam
1514 1892 1745 1948 asinum
1770 1894 2097 1948 Cumanum

446 1976 631 2031 leonis
684 1977 834 2048 pelle
876 1979 1181 2037 amictum.
1206 1997 1380 2052 quem
1426 1981 1621 2053 rugire
1661 1986 1967 2037 conantem
2002 1998 2100 2037 ru-

444 2066 606 2137 gitus
654 2067 1035 2139 coarguisset.
1070 2070 1236 2125 Nunc
1289 2074 1484 2125 autem
1518 2070 1676 2125 velut
1726 2070 1914 2125 oculis
1946 2074 2097 2142 capti

451 2152 775 2225 audituque
806 2153 1039 2227 privati,
1076 2173 1178 2213 nec
1221 2174 1361 2213 sane
1398 2157 1612 2213 mentis
1643 2164 1965 2230 compotes,
1995 2174 2100 2215 nec

444 2257 647 2297 eorum
694 2259 822 2313 qua:
872 2249 1013 2298 sunt
1060 2245 1404 2317 cognatione
1455 2246 1713 2315 adducti,
1741 2264 1925 2302 unum
1971 2263 2101 2303 esse

444 2331 775 2386 Creatorem
808 2332 1026 2402 vident,
1054 2351 1159 2390 nec
1188 2334 1448 2406 idipsum
1481 2339 1828 2392 attestantes
1850 2335 2101 2407 Scriptu-

442 2420 581 2475 ras3
613 2421 885 2488 audiunt,
918 2438 1023 2477 nec
1068 2424 1138 2477 ad
1187 2424 1434 2479 rationis
1482 2441 1726 2481 examen
1776 2426 2098 2496 explorant,

442 2508 492 2562 si
527 2510 643 2564 duo
687 2526 888 2565 eorum
920 2527 1050 2582 qua
1100 2517 1241 2567 sunt
1291 2512 1506 2568 diversi
1559 2519 1851 2569 creatores
1881 2519 2099 2586 essent,

442 2596 599 2651 haud
634 2615 816 2652 unum
842 2600 961 2655 fore
989 2600 1255 2656 ordinem
1288 2600 1457 2656 illum
1481 2603 2099 2674 conjunctionemque,

441 2685 658 2756 quibus
690 2688 887 2743 omnia
919 2688 1273 2761 colligantur
1304 2694 1474 2761 atque
1512 2695 1967 2746 connectuntur.
1997 2694 2098 2747 At-

441 2774 539 2846 qui
587 2776 731 2831 asini
766 2777 1006 2848 quidem
1062 2783 1119 2833 et
1170 2779 1366 2847 boves,
1401 2784 1719 2835 attestante
1750 2780 2098 2852 propheta‘,

438 2880 545 2919 nec
570 2881 853 2936 praesepe,
886 2882 990 2921 nec
1023 2868 1329 2923 dominum
1364 2884 1537 2922 suum
1572 2868 1872 2939 ignorant,
1908 2869 1963 2923 hi
1996 2886 2099 2925 au-

436 2954 554 3006 tem
601 2952 849 3009 Domino
900 2971 1007 3010 suo
1057 2955 1298 3027 longum
1330 2956 1522 3012 valere
1574 2957 1769 3027 jusso,
1804 2974 1937 3013 eum
1987 2958 2099 3013 sibi

439 3041 615 3095 deum
676 3041 1001 3113 elegerunt,
1047 3044 1145 3113 qui
1196 3049 1599 3100 creaturarum
1662 3046 1929 3102 omnium
1991 3047 2096 3103 ab-

430 3129 800 3199 jectissimus
857 3134 912 3185 et
969 3132 1481 3203 despicatissimus
1539 3136 1657 3201 est,
1718 3151 1893 3206 seque
1953 3135 2098 3192 adeo

2217 644 2409 715 ὅμοιος
2465 646 2545 714 τῷ
2585 640 2820 717 Ὑψίστῳ
2879 640 3080 715 λέγων,
3138 641 3225 694 καὶ
3284 636 3373 693 διὰ
3426 642 3594 693 τοῦτο
3652 636 3862 694 ἔκπτω-

2214 754 2311 793 τος
2358 731 2447 786 καὶ
2494 731 2683 793 σκότος
2714 730 3009 805 γενόμενος
3049 732 3184 802 (19),
3244 727 3405 789 αὐτὸς
3464 725 3619 789 οὗτος
3648 727 3864 783 τούτοιν

2218 820 2672 899 ἐμφανιζόμενος,
2723 820 2840 875 υἱὸν
2890 823 3026 875 Θεοῦ
3069 817 3415 893 πρωτότοκον
3448 818 3633 872 ἑαυτὸν
3691 819 3862 893 ἀναγ-

2213 909 2400 985 γέλλει
2430 910 2519 965 καὶ
2555 915 2662 965 τῶν
2696 908 2949 985 ἐπιγείων
3001 906 3249 964 ἁπάντων
3301 905 3664 981 δημιουργδν,
3714 904 3860 981 ἄγειν

2214 1022 2271 1055 τε
2300 1000 2388 1055 καὶ
2421 998 2597 1077 φερειν
2633 1001 2745 1072 (20)
2774 997 2836 1053 τὸ
2872 997 3161 1073 ἰγκόσμιον
3220 1002 3347 1053 πᾶν.
3406 998 3506 1052 Καὶ
3546 996 3711 1069 οὕτω,
3761 997 3863 1065 τὴν

2216 1091 2443 1145 ἑκάστου
2492 1086 2672 1144 ἄνοιαν
2728 1087 2952 1161 μετιὼν,
2984 1086 3255 1166 φενακίζει
3283 1084 3411 1148 τοὺς
3446 1083 3705 1164 ἄφρονας,
3765 1085 3861 1148 οὕς

2216 1176 2355 1252 δέον,
2410 1179 2547 1233 κατὰ
2588 1182 2714 1232 νοῦν
2766 1173 3034 1239 λαϐόντας
3084 1177 3157 1239 ὡς
3209 1174 3425 1245 ἀλαζὼν
3472 1174 3565 1230 καὶ
3622 1172 3858 1249 ψεύδους

2212 1266 2457 1343 ἀρχηγός
2491 1265 2623 1335 ἐστι,
2672 1263 3039 1341 καταγελάσαι
3089 1265 3490 1338 κομπάζοντος.
3541 1264 3609 1321 Οἳ
3662 1261 3720 1318 δὲ
3750 1262 3860 1337 οὐχ

2214 1355 2408 1418 οὕτως·
2468 1354 2613 1411 ἀλλὰ
2665 1354 2942 1419 πείθονται
3000 1358 3167 1409 ταῦτα
3212 1353 3447 1429 λέγοντι,
3500 1355 3586 1408 καὶ
3642 1351 3859 1427 ἄγονται

2212 1448 2449 1519 καθάπερ
2486 1447 2606 1521 βόες
2630 1446 2734 1500 ἀπὸ
2767 1445 2929 1521 ῥινῶν
2964 1448 3099 1519 (21).
3130 1444 3313 1500 Καίτοι
3346 1443 3470 1509 ἐνῆν
3503 1445 3570 1498 οὐ
3603 1441 3691 1498 διὰ
3718 1442 3859 1499 πολι

2212 1534 2312 1590 λοῦ
2343 1536 2588 1610 φωράσαι
2639 1532 2994 1609 ψευδόμενον.
3050 1533 3117 1591 Εἴ
3161 1536 3263 1610 γὰρ
3294 1532 3536 1607 ἀπῄτουν
3570 1530 3727 1588 αὐτὸν
3766 1530 3859 1592 τὰς

2219 1620 2629 1697 μεγαληγόρους
2693 1623 2886 1684 ταύτας
2951 1622 3279 1696 ἐπαγγελίας
3350 1620 3437 1675 ἐπὶ
3508 1625 3613 1675 τῶν
3683 1614 3855 1695 ἔργων

2212 1710 2557 1782 ἐνδείξασθαι,
2619 1710 2772 1767 οὐδὲν
2834 1711 2974 1767 ἄλλο
3031 1709 3179 1779 πλὴν
3238 1712 3267 1765 ὁ
3326 1710 3450 1783 περὶ
3483 1712 3669 1783 Κύμην
3731 1704 3857 1771 ὄνος

2210 1798 2558 1873 ἐνδεδυμένος
2588 1802 2811 1870 λεοντῆν
2864 1800 3053 1874 εὑρέθη
3088 1802 3222 1873 (22),
3270 1800 3329 1854 ’ὸν
3380 1797 3590 1875 ἤλεγχε
3638 1799 3857 1873 βρυχή-

2211 1892 2395 1945 σασθαι
2446 1891 2784 1965 πειρώμενον
2829 1891 2864 1959 ἡ
2915 1890 3041 1965 βοή.
3076 1891 3185 1948 Νῦν
3236 1885 3315 1959 δὲ,
3358 1886 3540 1963 ὥσπερ
3588 1885 3859 1960 ἐκκεκομ-

2215 1979 2365 2051 μὲνοι
2411 1978 2537 2040 τοὺς
2601 1976 2918 2055 ὀφθαλμοὺς
2973 1981 3062 2033 καί
3129 1975 3574 2055 ἐκκεκωφημὲνοι
3623 1977 3693 2031 τὰ.
3747 1974 3862 2031 ὦτα

2208 2070 2297 2124 καί
2347 2073 2442 2123 νοῦ
2499 2065 2769 2141 μηδαμῶς
2822 2069 3144 2143 μετέχοντες
3187 2062 3481 2143 ἔμφρονος,
3532 2063 3655 2122 οὔτε
3711 2065 3862 2138 παρὰ

2207 2164 2307 2227 τῆς
2385 2161 2493 2212 τῶν
2572 2153 2740 2212 ὄντων
2823 2157 3131 2233 συγγενείας
3206 2153 3301 2211 ἵνα
3363 2156 3455 2211 τὸν
3510 2153 3859 2230 δημιουργὸν

2211 2248 2449 2322 ὁρῶσιν,
2529 2244 2654 2302 οὔτε
2703 2248 2855 2301 τοῦτ’
2913 2245 3042 2302 αὐτὸ
3110 2242 3377 2321 λεγούσης
3437 2251 3555 2314 [τῆς
3614 2243 3856 2319 Γραφῆς]

2211 2334 2511 2403 ἐπαίουσιν,
2570 2333 2696 2391 οὕτε
2755 2337 3013 2410 λογισμῷ
3069 2334 3442 2411 βασανίζουσιν
3496 2333 3595 2400 ὡς,
3655 2331 3700 2386 εἷ
3760 2329 3860 2386 δύο

2211 2422 2491 2487 διεστῶτες
2546 2430 2654 2481 τῶν
2714 2421 2884 2479 ὅντων
2938 2425 3073 2494 ἦσαν
3138 2422 3495 2498 δημιουργοὶ,
3556 2421 3654 2477 οὐκ
3692 2421 3752 2475 ἂν
3785 2422 3857 2489 ἦν

2213 2514 2311 2589 μία
2356 2516 2425 2569 τὰ
2471 2513 2643 2570 πάντα
2690 2511 2982 2569 συνδέουσα
3027 2513 3174 2583 τάξις
3222 2513 3312 2568 καὶ
3362 2508 3574 2574 ἕνωσις.
3608 2511 3702 2565 Καὶ
3738 2504 3857 2565 ὄνοι

2216 2605 2313 2677 μὲν
2364 2604 2453 2658 καὶ
2516 2603 2658 2678 βόες,
2718 2603 2854 2657 κατὰ
2904 2603 2997 2657 τὸν
3030 2604 3342 2677 προφήτην,
3396 2599 3493 2654 οὐκ
3548 2600 3854 2674 ἠγνοήκασι

2210 2694 2309 2761 τήν
2362 2694 2560 2770 φάτνην
2610 2692 2699 2746 καὶ
2746 2692 2837 2746 τὸν
2887 2690 3253 2763 κτησάμενον·
3295 2690 3345 2745 οἱ
3379 2686 3455 2756 δὶ,
3488 2688 3698 2763 χαίρειν
3757 2688 3851 2741 τὸν

2212 2782 2411 2837 ἑαυτῶν
2493 2781 2620 2835 Θεὸν
2698 2780 2788 2835 καὶ
2865 2777 3131 2849 δεσπότην
3189 2777 3476 2844 ἐάσαντες,
3534 2778 3653 2831 θεὸν
3702 2775 3858 2830 αὐτοὶ

2211 2871 2695 2945 κεχειροτονήκασι
2725 2869 2817 2923 τὸν
2849 2867 2900 2924 ἐν
2932 2873 3049 2930 τοῖς
3074 2865 3361 2931 κτίσμασιν
3388 2866 3738 2940 ἀτιμότερον,
3768 2863 3862 2919 καὶ

2207 2956 2427 3014 ἕπονται
2461 2960 2513 3012 οἱ
2542 2962 2865 3033 πυραῦσται,
2890 2956 3026 3011 κατὰ
3053 2957 3153 3025 τήν
3182 2954 3478 3029 παροιμίαν
3522 2956 3658 3027 (23),
3691 2952 3768 3014 εἰς
3795 2953 3860 3007 τὸ

2209 3051 2313 3123 πῦρ
2364 3046 2585 3109 ἑαυτοὺς
2633 3048 2930 3115 καθιέντες,
2976 3046 3005 3099 ’ὀ
3052 3042 3228 3100 παλαι
3266 3044 3414 3116 αὖτῷ
3440 3043 3677 3104 καὶτοῖς
3711 3040 3860 3113 αὐτῷ

2212 3141 2599 3191 συναποστᾶσιν
2632 3133 2984 3209 ἡτοίμασται.

438 3218 602 3287 ipsos
634 3224 946 3290 pyraustas,
981 3225 1046 3276 ut
1075 3222 1382 3293 proverbio
1432 3224 1636 3295 fertur,
1668 3224 1727 3278 in
1774 3224 1969 3297 ignem
2014 3224 2405 3298 praecipitant,
2439 3226 2540 3298 qui
2565 3226 2692 3298 jam
2724 3223 2865 3281 olim
2897 3227 2955 3280 et
2983 3223 3097 3297 ipsi
3128 3226 3186 3279 et
3215 3221 3593 3294 coapostatis,
3625 3220 3735 3277 hoc
3766 3224 3859 3276 est

438 3305 779 3362 defectionis
810 3307 939 3378 ejus
970 3310 1364 3380 consortibus,
1392 3316 1752 3383 praeparatus
1784 3316 1875 3368 est
1894 3313 1933 3367 ⁵.

1958 3533 2194 3591 CAPUT
2232 3534 2323 3590 IV.

579 3621 655 3677 De
679 3623 1050 3693 spurcissimis
1081 3622 1441 3677 Euchilarum
1472 3624 1846 3693 caeremoniis,
1880 3625 1982 3696 qui
1987 3638 2299 3751 dracrotrw?
2330 3623 2497 3680 initio
2525 3622 2673 3678 cibos
2701 3625 2753 3677 et
2777 3620 2976 3693 pocula
3004 3620 3145 3677 οιετο
3174 3627 3228 3677 ει
3252 3623 3484 3677 stercore
3506 3619 3715 3691 partita

2024 3711 2156 3751 caus
2181 3712 2256 3750 an
2289 3736 2303 3749 .

2024 3711 2303 3767 egestam.

514 3808 815 3865 TIMOTH.
855 3810 1003 3875 Quid
1047 3813 1243 3867 autem
1296 3827 1366 3866 ex
1414 3826 1480 3866 eo
1531 3810 1864 3884 percipiunt
1919 3812 2093 3881 lucri,

2279 3812 2517 3868 ΤΙΜΟΘ.
2551 3807 2791 3883 Κέρδους
2828 3806 2885 3863 δὲ
2912 3807 3055 3863 τίνος
3086 3806 3566 3881 παραπολαόοντες
3596 3804 3860 3879 ἒξὸμνυν-

441 3897 595 3967 quod
653 3898 924 3969 abjurato
979 3899 1141 3954 cultu
1193 3900 1391 3957 divino
1438 3917 1472 3955 a
1516 3901 1785 3972 patribus
1832 3907 2091 3974 accepto,

438 3990 657 4040 certam
694 3987 750 4041 in
785 3988 1105 4059 perniciem
1141 3988 1373 4044 ruunt?

510 4074 773 4130 THRAX.
808 4077 973 4132 Certe
1006 4093 1147 4131 num
1190 4076 1330 4148 quid
1365 4077 1502 4132 inde
1545 4077 1692 4133 lucri
1743 4079 2091 4151 percipiant,

437 4161 671 4233 ignoro;
707 4163 937 4219 nullum
978 4169 1177 4219 tamen
1208 4181 1308 4220 eos
1340 4166 1635 4237 percipere
1678 4169 1946 4223 arbitror.
1978 4170 2093 4223 Au-

439 4267 569 4306 rum
602 4252 783 4321 enim,
808 4252 1211 4323 possessiones
1243 4257 1301 4307 et
1331 4252 1671 4325 gloriosam,
1695 4260 1761 4309 ut
1792 4272 1853 4312 se
1884 4258 2096 4313 datura

2202 3921 2289 3954 ται
2326 3900 2420 3973 μὶν
2444 3900 2508 3954 τὸ
2540 3901 2682 3955 θεῖον
2717 3895 2874 3960 σέϐας
2908 3899 2996 3953 καὶ
3028 3898 3282 3974 πάτριον,
3308 3894 3523 3971 ὀλέθρῳ
3554 3894 3609 3951 δὶ
3640 3916 3857 3970 προφα-

2203 3994 2285 4044 νεῖ
2313 3993 2599 4064 στοιχοῦσι
2627 4009 2642 4059 ;

2276 4084 2477 4149 ΘΡᾼΞ.
2530 4075 2764 4152 Κέρδους
2816 4078 2910 4150 μὲν
2972 4077 3073 4131 οὐκ
3103 4074 3204 4130 οἶδ’
3237 4073 3291 4130 εἷ’
3311 4079 3409 4129 τοῦ
3437 4073 3864 4147 παραπολαῦου-

2205 4184 2310 4221 σιν⁶
2372 4166 2498 4222 ἀλλ’
2554 4167 2707 4240 οἶμαι
2766 4165 2840 4227 ὡς
2901 4164 3137 4227 οὐδενός.
3199 4164 3415 4237 Χρυσὸν
3476 4164 3569 4236 μὲν
3627 4164 3734 4238 γάρ
3767 4164 3861 4217 καὶ

2204 4258 2421 4327 κτήσεις
2495 4256 2584 4311 καὶ
2660 4256 2721 4310 τὸ
2779 4256 2907 4329 παρ’
2982 4255 3293 4329 ἀνθρώποις
3352 4250 3596 4326 δοξάριον
3658 4249 3711 4305 εἴ
3764 4253 3854 4305 καὶ

511 4376 531 4409 ²
567 4375 712 4430 Ibid.
749 4376 833 4431 18.
911 4378 933 4411 ⁸
963 4376 1116 4432 Psal.
1149 4395 1305 4435 xvm.
1384 4378 1406 4412 ⁸
1437 4378 1576 4435 Isai.
1609 4395 1649 4449 ι,
1681 4380 1734 4436 3.
1812 4381 1833 4414 ⁸
1864 4382 2071 4437 Matth.

2212 4399 2234 4453 ·,
2267 4382 2357 4438 41.

1830 4509 2174 4566 GAULMINI
2214 4509 2443 4565 NOTIE.

653 4592 891 4669 Hoc‘ex
940 4594 1092 4669 fastu
1139 4592 1267 4669 τοὺς
1325 4593 1579 4667 χθονίους
1626 4594 1715 4651 καὶ
1757 4594 1970 4669 ψευδεῖς
2002 4596 2092 4651 καὶ

439 4661 638 4742 κακοὺς
669 4663 727 4719 in
748 4664 1085 4742 theurgicis
1116 4667 1300 4742 sacris
1327 4661 1659 4742 agnoscunt
1706 4661 1884 4742 magi
1913 4670 2091 4742 medii

437 4736 558 4815 sevi.
596 4736 874 4815 Porphyr.
909 4736 1182 4815 Πζμάποχε
1214 4737 1298 4815 (i1,
1451 4756 1464 4793 :
1497 4736 1932 4815 Βοόλονταῖγᾲρ
1956 4740 2090 4795 εἶναι

438 4806 572 4882 θεοὶ,
587 4806 677 4859 καὶ
775 4805 1094 4882 προεστῶσα
1122 4805 1299 4882 αὐτῶν
1332 4805 1559 4882 δύναμις
1592 4807 1768 4866 δοκεῖν
1804 4805 1921 4873 θὲὸξ
1953 4814 2089 4867 εἶναι

435 4877 463 4930 ὁ
501 4878 777 4963 μέγιστος.
812 4881 928 4963 Nos
960 4881 1087 4937 sine
1120 4881 1239 4937 ullo
1272 4877 1603 4939 differentia
1652 4900 1856 4940 omnes
1902 4885 2090 4941 malos

435 4952 658 5006 scimus
687 4957 744 5008 et
769 4952 1088 5009 credimus.

505 5024 617 5097 (19)
650 5023 953 5097 Habemus
996 5025 1068 5079 ab
1120 5023 1382 5097 ipsomet‘
1414 5025 1703 5081 mendacii
1737 5029 1901 5097 patre
1928 5027 2087 5097 testi-

435 5092 699 5173 mOnium
753 5092 1572 5173 νθτὶἓεὶιηιιῐηξ’ξζζοφώθημεν
1626 5092 1879 5173 φωτεινοῖ
1939 5092 2089 5158 ὄντες

430 5170 493 5217 τὸ
524 5165 786 5238 πρότερον
821 5185 832 5197 ’
864 5169 1086 5222 Testam.
1118 5168 1312 5223 Salom

2202 4617 2282 4651 κει
2312 4592 2574 4672 ’φοϐερὸς
2626 4593 2778 4672 ὄνος.
2808 4598 2973 4671 (puta
3024 4592 3250 4672 λεοντῆν
3307 4591 3689 4672 ἰνδεδυμὲνυς).
3753 4594 3859 4648 Ra?

2201 4666 2642 4724 κατὰ’του’τουσὶ
2698 4666 2847 4741 τοὺξ
2881 4667 3105 4741 καιροὺς
3140 4670 3355 4741 Δ’πάντες
3406 4666 3550 4741 Δἦσαν
3607 4666 3853 4741 litigator

2202 4746 2427 4832 σεισμοῦ
2485 4742 2573 4795 καὶ
2631 4739 2884 4816 χαλάζης
2941 4734 3317 4832 φοᾷερώτερον
3359 4739 3515 4832 ¹ε’ίναι
3570 4734 3853 4791 τὸνήὸνον

2210 4814 2223 4832 ε
2577 4816 2615 4832 Α
2833 4814 2924 4832 γι-
2995 4830 3010 4832 _
3049 4812 3237 4832 !-__:___
3287 4826 3348 4832 _--
3385 4810 3499 4832 ---ΔΞ
3545 4810 3851 4832 ---Ξ-ΔΑ-Σ-

2200 4810 2522 4885 ἡγούμενοι.
2575 4810 2712 4880 Quia
2757 4814 2934 4885 verba
2954 4810 3502 4885 'Aalioujus'jetusti
3542 4810 3857 4885 scriptoris

2199 4876 2361 4941 sunt:
2408 4876 2705 4958 Apologus
2760 4884 2911 4942 asini
2971 4876 3199 4951 λεοντῆν
3259 4876 3581 4953 ἒδεδυμὶνου
3640 4876 3859 4953 cuique

2197 4958 2426 5013 obvius.

2271 5028 2386 5098 (23)
2418 5026 2706 5098 Zenobius
2746 5043 2758 5083 ε
2790 5022 3022 5098 Εἴρηται
3052 5026 3088 5093 ἡ
3119 5023 3388 5098 παροιμία
3413 5019 3512 5098 ,ἐπὶ
3559 5025 3671 5076 τῶν
3720 5023 3856 5077 εαυ-

2193 5094 2310 5159 τοῖς
2355 5094 2753 5169 προξενούντων
2805 5094 3107 5151 ἀπώλειαν.
3162 5095 3361 5169 (Elian.
3413 5094 3671 5169 lib._xn,
3704 5112 3758 5151 c.
3792 5098 3853 5161 8,

2194 5172 2333 5226 Hist.
2366 5162 2552 5226 Anim.
2582 5171 2786 5226 Simile
2818 5170 2876 5224 in
2924 5169 3109 5241 Suida
3154 5167 3339 5241 χαρὰν.
3373 5162 3682 5241 πυραόστου
3726 5184 3859 5239 χιιι-

506 5238 616 5317 (20)
648 5234 1032 5294 Proverbialis
1062 5238 1340 5363 loquendi
1387 5238 1660 5321 formula,
1695 5256 1867 5311 quam
1911 5241 2083 5297 resti-

506 5324 661 5363 Imus
712 5311 978 5363 ﬁdenter.
1029 5310 1136 5363 sub
1167 5314 1261 5363 ato
1303 5329 1420 5363 συν.
1465 5326 1605 5363 auia
1654 5311 1893 5363 συνάγειν
1938 5312 2087 5363 lege-

2212 5260 2329 5303 >ειν,
2364 5247 2420 5298 et
2451 5243 2508 5297 in
2542 5242 2815 5298 Eustath.
2852 5234 3655 5313 Πυραύστης’κανδηλοοὲστρα
3686 5234 3859 5310 post-

2212 5331 2264 5363 ιιι
2292 5315 2509 5363 Tzetzm
2540 5313 2689 5363 Chii.
2720 5314 2774 5363 9.
2809 5313 2910 5363 Cui
2944 5330 3058 5363 non
3091 5312 3286 5363 dictus
3319 5309 3531 5363 Hvlas?

433 5307 661 5365 tuimus
712 5311 978 5374 fidenter,
1029 5310 1136 5365 sub

430 5377 622 5431 batur.

473 5385 622 5523 εἶἕῦ
649 5451 876 5509 Ulimur
916 5452 1025 5508 hoc
1074 5449 1282 5522 adagio
1332 5450 1502 5519 Galli,
1544 5469 1600 5510 se
1649 5452 1847 5509 laisser
1891 5472 2086 5510 mener

427 5538 532 5593 par
564 5526 613 5578 le
640 5541 763 5579 nes.

506 5594 620 5664 (‘22)
662 5595 915 5651 Affertur
961 5589 1081 5652 ὄνος
1108 5589 1209 5664 sic
1239 5591 1515 5664 Κυμαίους
1547 5612 1578 5650 a
1609 5595 1809 5663 Suida,
1841 5593 1928 5650 ἐπὶ
1971 5598 2078 5650 τῶν

428 5660 746 5737 παραδόξων
806 5664 896 5719 καὶ
955 5661 1218 5735 σπανίων,
1252 5660 1391 5719 διότι
1451 5666 1597 5741 παρὰ
1654 5660 1921 5740 Κυμαίοις
1961 5665 2079 5724 ιδό.

1167 5314 1261 5364 ato
1303 5329 1420 5376 συν,
1465 5310 1605 5380 quia
1654 5310 1893 5387 συνάγειν
1938 5312 2087 5385 lege-

2196 5309 2264 5369 ea
2292 5315 2509 5370 Tzetzaa
2540 5313 2689 5368 Cbil.
2720 5314 2789 5382 9.Δ
2809 5313 2910 5367 Cui
2937 5309 3058 5367 non
3091 5312 3286 5366 dictus
3319 5309 3531 5382 Hylas?

2268 5384 2636 5469 (Zél‘lla'rptov
2700 5378 2876 5469 σέϐας.
2908 5401 3023 5466 non
3081 5376 3734 5469 ςβῒηπατροςπαράδοτον,
3790 5389 3859 5464 nt

2193 5454 2405 5528 accipit
2434 5454 2744 5528 interpres,
2779 5457 2881 5512 sed
2928 5454 3278 5528 simpliciter
3319 5459 3669 5528 paternum;
3700 5454 3857 5528 quia

2193 5524 2459 5585 scelerati
2485 5524 2827 5599 nebulones.
2848 5532 3011 5599 patre
3031 5524 3087 5582 et
3100 5526 3284 5582 altero
3316 5524 3434 5581 ﬁlio
3453 5525 3856 5599 contemptis,

2193 5599 2383 5656 solum
2415 5604 2711 5668 Satanam,
2745 5594 2990 5671 dignum
3022 5612 3084 5653 se
3114 5614 3355 5668 numen,
3386 5594 3675 5652 colebant.
