4080 6350
462 355 575 418 831

1800 352 2220 417 MICHAELIS
2266 352 2537 417 PSELLI

3753 354 3873 414 832

462 506 568 561 per
588 492 860 545 sanctum
902 488 1183 560 pudorem
1226 488 1385 559 juro,
1432 503 1524 543 me
1572 487 1673 543 illa
1705 488 1865 543 aﬂ‘ari
1901 488 2099 559 pudet,

2233 482 2371 556 ιῖδὼ,
2406 483 2494 540 διὰ
2523 484 2775 561 γλώττης
2829 482 2996 562 ἄγειν,
3027 484 3117 539 καί
3169 504 3274 539 που
3327 481 3417 538 καὶ
3472 482 3695 558 ἐπεῖχον
3756 484 3817 538 ἀν
3856 504 3868 517 ο

466 596 591 650 quae
626 578 828 651 procul
857 577 1035 632 dubio
1086 576 1276 632 libens
1307 577 1613 633 reticuero.
1648 577 1794 643 Quia
1836 594 1967 632 vero
2019 593 2109 633 me

466 667 736 739 precibus
766 666 909 730 tuis,
941 683 973 721 ο
1005 665 1332 735 Timothee,
1360 667 1728 738 praevertisti,
1774 672 1831 721 et
1894 666 1995 721 illa
2047 670 2111 720 ut

465 757 847 813 edissererem
893 754 1226 821 obtinuisti,
1279 757 1540 811 modeste
1589 755 1803 823 dicam,
1837 756 2111 826 turpibus

465 845 705 915 longum
730 844 921 899 valere
946 844 1160 914 jussis,
1192 844 1251 900 ni
1285 844 1482 900 videar
1506 845 1704 915 etiam,
1748 849 2033 917 tanquam
2083 860 2113 899 e

466 933 769 1005 proscenio
802 932 1147 1005 tragoediam
1179 949 1367 1005 agere.

2130 1043 2201 1055 —

2218 573 2333 629 ἐπεὶ
2406 573 2463 629 δὲ
2548 575 2609 629 σύ
2693 596 2837 649 μου.
2898 573 3171 647 Τιμόθεε,
3227 571 3429 650 φθάσας
3511 594 3870 649 κεκράτηκας,

2223 664 2458 739 μετρίως
2517 669 2621 741 φῶ,
2678 665 2745 719 τὰ
2783 664 2984 740 αἰσχίω
3043 665 3316 740 παρεάσας
3372 662 3604 737 χαίρειν,
3643 666 3721 736 μή
3780 663 3871 717 καὶ

2223 751 2361 823 δόξω
2408 753 2648 829 καθάπερ
2702 754 2753 809 ἐν
2806 757 2976 828 σκηνῇ
3027 776 3132 809 τινι
3186 752 3277 807 καὶ
3318 749 3549 825 δράματι
3580 755 3693 827 (34)
3742 773 3871 828 τρα-

2220 840 2415 917 γῳδεῖν
2426 886 2439 900 .

2001 1128 2234 1185 CAPUT
2272 1128 2341 1184 V.

606 1229 827 1300 Mystici
853 1227 1207 1284 Euchitarum
1238 1230 1351 1284 sive
1376 1231 1566 1300 potius
1596 1228 1921 1285 exsecrandi
1956 1228 2220 1297 sacriﬁcii
2262 1226 2585 1299 explicatio,
2634 1226 2774 1299 quod
2798 1227 3080 1284 cineribus
3107 1236 3163 1283 et
3194 1229 3466 1298 sanguine
3496 1226 3733 1298 infantis

1544 1317 1613 1356 ea:
1644 1304 1853 1357 incestu
1881 1300 2127 1371 concepti
2154 1303 2206 1354 et
2227 1315 2261 1353 a
2290 1315 2346 1354 se
2377 1301 2542 1355 occisi
2564 1304 2798 1357 constat.

537 1397 773 1469 Vesperi
808 1397 961 1452 enim
996 1397 1319 1455 luminibus
1352 1399 1638 1470 accensis,
1690 1417 1806 1472 quo
1854 1404 2115 1471 tempore

466 1487 782 1543 salutarem
829 1487 1057 1541 Domini
1109 1487 1478 1545 celebramus
1512 1491 1861 1562 passionem,
1904 1488 2116 1560 puellis

466 1593 613 1647 quas
644 1576 947 1647 sacrilegis
980 1577 1163 1632 sacris
1196 1579 1323 1633 suis
1355 1578 1750 1646 initiaverunt,
1784 1580 1840 1633 in
1873 1581 2115 1633 domum

466 1664 869 1735 praescriptam
896 1665 1183 1735 deductis,
1216 1665 1663 1738 luminibusque
1694 1668 2012 1732 restinctis,
2044 1684 2116 1722 ne

468 1751 660 1807 lucem
693 1753 1059 1821 exsecrandi,
1092 1755 1245 1824 quod
1283 1755 1617 1826 designant,
1650 1755 1856 1826 flagitii
1906 1760 2114 1811 teslem

466 1841 743 1908 habeant,
809 1859 942 1897 cum
1020 1843 1230 1914 puellis
1283 1844 1595 1899 libidinose
1636 1844 2011 1914 -volutantur,
2054 1845 2114 1899 in

468 1946 887 2001 quamcunque
919 1933 1175 1997 tandem,
1219 1948 1320 1987 seu
1356 1950 1640 1999 sororem,
1682 1950 1781 1989 seu
1819 1934 2115 2006 propriam

2295 1395 2557 1471 Ἑσπὲρας
2610 1399 2713 1473 γάρ
2761 1396 2884 1470 περὶ
2938 1395 3157 1471 λύχνων
3208 1394 3367 1473 ἁφάς,
3413 1394 3566 1449 ὁπόθ’
3617 1396 3753 1466 ἡμῖν
3813 1393 3875 1447 τὸ

2226 1487 2492 1560 σωτήριον
2545 1485 2846 1559 ἐξυμνεῖται
2892 1484 3063 1549 πάθος
3112 1487 3246 1557 (35),
3300 1483 3377 1545 εἷς
3434 1482 3873 1557 ἀποτεταγμένον

2226 1572 2500 1649 δωμάτιον
2558 1574 2867 1651 άγηρχότες
2937 1574 3031 1636 τὰς
3102 1574 3231 1650 παρ’
3283 1573 3473 1633 αὐτοῖς
3540 1570 3893 1642 ἐνασκουμὲση

2226 1686 2318 1725 νας
2350 1667 2462 1737 (36)
2520 1664 2709 1740 κόρας,
2759 1664 2888 1728 τούς
2931 1685 2990 1718 τε
3029 1661 3265 1739 λύχνους
3315 1656 3759 1729 ἀποσϐεννύντες,
3787 1659 3879 1714 ἵνα

2230 1755 2305 1827 μὴ
2364 1754 2425 1808 τὸ
2486 1758 2600 1831 φῶς
2665 1757 2763 1808 τοῦ
2837 1754 3167 1828 γιγνομένου
3247 1751 3447 1824 μύσους
3505 1745 3678 1825 ἔχωσι
3739 1749 3875 1821 μάρ-

2223 1863 2378 1913 τυρα,
2431 1850 2549 1906 ταῖς
2604 1843 2791 1916 κόραις
2879 1841 3349 1917 ἐνασελγαίνουσιν
3414 1841 3577 1911 ὁποίᾳ
3630 1836 3692 1893 ἂν
3747 1835 3877 1892 ἕκα-

2227 1952 2373 2000 στος,
2423 1932 2518 1986 κᾶν
2580 1928 2791 2008 ἀδελφῆ
2839 1929 2932 1986 κᾶν
2995 1929 3106 2002 ἰδίᾳ
3162 1929 3405 2005 Θυγατρὶ,
3467 1927 3723 2002 ξυντύχῃ.
3778 1924 3879 1983 Οἴ-

469 2018 648 2073 ﬁliam
685 2019 934 2089 quilibet
977 2020 1269 2075 inciderit.
1296 2021 1599 2092 Siquidem
1643 2026 1699 2077 et
1734 2022 1793 2077 in
1819 2022 1927 2078 hac
1963 2041 2022 2078 re
2057 2040 2116 2079 se

2233 2041 2374 2075 ονται
2420 2022 2523 2095 γάρ
2571 2020 2666 2075 κάν
2719 2020 2897 2092 τούτῳ
2956 2025 3263 2096 χαριεῖσθαι
3329 2024 3446 2080 τοῖς
3507 2015 3785 2091 δαίμοσιν,
3833 2015 3882 2070 εἷ’

470 2108 836 2163 daemonibus
861 2125 979 2163 rem
1013 2113 1240 2179 gratam
1274 2109 1460 2166 facere
1487 2111 1867 2177 arbitrantur,
1890 2111 1937 2166 si
1962 2111 2119 2183 leges

469 2196 700 2251 divinas
733 2197 1084 2268 transgressi
1118 2197 1333 2253 iuerint
1363 2198 1421 2253 in
1473 2186 1691 2269 quibus
1721 2203 1957 2255 cautum
2009 2204 2117 2267 est,

465 2301 537 2339 ne
597 2285 817 2357 nuptiw
872 2301 1007 2340 cum
1057 2291 1345 2358 sanguine
1394 2293 1641 2359 cognato
1674 2289 2119 2344 contrahantur.

465 2371 535 2426 Et
566 2372 674 2427 hoc
707 2374 947 2444 quidem
979 2391 1145 2429 sacro
1194 2378 1336 2429 tunc
1368 2380 1626 2447 peracto,
1654 2377 1896 2432 domum
1920 2378 2122 2432 dimit-

465 2465 693 2516 tuntur.
755 2462 971 2517 Novem
1022 2469 1217 2518 autem
1276 2481 1569 2520 mensmm
1623 2466 1866 2522 decurso
1910 2466 2122 2537 spatio,

467 2550 845 2622 instanteque
874 2555 1157 2623 tempore,
1208 2559 1274 2609 ut
1316 2554 1543 2609 infandi
1602 2556 1753 2611 fetus
1785 2571 1851 2610 ex
1883 2556 2123 2611 infando

468 2640 694 2695 semine
720 2642 1013 2711 procreati
1060 2647 1425 2714 nascantur,
1491 2644 1764 2699 eumdem
1819 2644 1880 2700 in
1929 2644 2124 2700 locum

468 2729 662 2783 denuo
694 2729 1073 2797 conveniunt,
1106 2737 1435 2802 quartoque
1484 2738 1615 2801 post
1641 2737 1872 2804 partum
1906 2736 1997 2791 die
2028 2736 2134 2790 in.-

464 2817 666 2873 felices
699 2835 731 2873 a
775 2819 1067 2873 matribus
1111 2818 1366 2874 infantes
1421 2820 1748 2892 depellunt,
1796 2838 2125 2897 eorumque

465 2905 800 2961 carunculis
851 2906 1135 2963 novacula
1184 2908 1761 2965 circumscariﬁcatis
1813 2917 1869 2967 et
1924 2914 2128 2971 incisis

463 2993 817 3049 deﬂuentem
850 2995 1200 3067 sanguinem
1236 2996 1452 3068 phialis
1476 2997 1800 3069 excipiunt,
1828 3000 1992 3072 ipsos
2024 3020 2125 3058 au-

464 3085 583 3137 tem
617 3082 806 3137 adhuc
839 3083 1131 3153 spirantes
1165 3084 1223 3139 in
1258 3102 1461 3157 pyram
1506 3086 1802 3157 conjectos
1833 3096 2120 3163 exurunt,

465 3175 592 3225 tum
623 3175 822 3242 postea
853 3188 1054 3227 eorum
1102 3172 1357 3229 cinerem
1390 3190 1524 3229 cum
1571 3176 1862 3248 sanguine
1910 3178 2127 3250 phialis

466 3264 741 3315 contento
796 3260 1064 3331 miscent,
1100 3261 1607 3335 pharmacumque
1657 3265 2124 3324 abominandum

464 3353 845 3419 componunt,
877 3366 989 3419 quo
1021 3350 1185 3406 cibos
1219 3355 1276 3406 et
1306 3351 1518 3422 pocula
1571 3352 1859 3426 inficiunt,
1912 3372 2119 3427 quem-

464 3439 785 3494 admodum
817 3439 855 3493 ii
888 3440 989 3511 qui
1048 3442 1351 3497 melicrato
1396 3460 1685 3499 venenum
1739 3445 2101 3520 inspergunt

464 3528 531 3582 Et
562 3527 683 3582 hinc
712 3534 800 3583 est
839 3530 1105 3600 ipsorum
1141 3532 1506 3601 communio,
1543 3538 1723 3604 atque
1752 3518 2125 3604 caetero—rum:

472 3616 590 3687 qui
611 3598 963 3674 delitescens
990 3619 1156 3674 virus
1190 3618 1478 3692 ignorant.
2105 3598 2125 3630 ³

2229 2109 2601 2185 παραλύσουσι
2654 2108 2783 2171 τοὺς
2842 2108 3018 2172 θείους
3089 2107 3339 2181 θεσμοὺς,
3392 2107 3442 2161 ἒν
3500 2107 3582 2170 οἷς
3632 2107 3701 2160 τά
3752 2105 3877 2180 περὶ

2227 2202 2337 2253 τῶν
2393 2198 2442 2271 ἐξ
2501 2195 2731 2271 α’ίματος
2782 2198 3049 2273 ὁμογνίου
3104 2198 3295 2273 γάμων
3328 2194 3742 2271 ἀπαγορεύουσι.
3778 2192 3878 2247 Καὶ

2230 2287 2352 2342 τότε
2420 2288 2513 2360 μὶν
2561 2286 2713 2342 ταυτὶ
2768 2285 3081 2348 τελέσαντες
3145 2284 3583 2341 ἀπαλλάττονται
3618 2302 3631 2315 ⁸
3678 2284 3781 2351 τὴν
3837 2279 3882 2335 δ’

2233 2373 2554 2448 ἐννεάμηνον
2630 2372 2879 2451 περίοδον
2940 2373 3339 2448 ἀναμείναντες,
3400 2373 3488 2428 ὅτε
3540 2370 3729 2445 καιρὸς
3789 2369 3880 2424 ἐκ-

2230 2465 2588 2540 τεχθήσεσθαι
2637 2464 2703 2519 τὰ
2752 2463 2802 2533 ἐξ
2852 2463 3109 2535 ἀθεμίτου
3140 2462 3448 2536 σπέρματος
3506 2460 3736 2533 άθὲμιτα
3791 2456 3878 2514 ἔκ-

2231 2575 2387 2628 γονα,
2444 2554 2579 2609 κατά
2631 2553 2822 2608 ταύτὸν
2880 2553 3185 2607 ἀπαντῶσιν
3250 2552 3424 2612 αὖθις.
3482 2548 3583 2607 Καὶ
3662 2546 3755 2620 δὴ,
3811 2552 3879 2621 τῇ

2239 2642 2371 2716 μετὰ
2397 2643 2488 2697 τὸν
2515 2642 2678 2698 τόκον
2700 2642 2882 2718 τρίτῃ,
2911 2643 2979 2697 τὰ
3010 2639 3244 2711 δύστηνα
3270 2646 3379 2695 τῶν
3433 2640 3683 2714 μητέρων
3744 2636 3881 2691 άπο-

2236 2738 2474 2794 σπῶντες
2535 2734 2647 2805 (37)
2711 2731 2906 2809 βρέφη,
2966 2730 3055 2786 καὶ
3114 2733 3257 2805 ξυρῷ
3306 2731 3373 2784 τὰ
3426 2728 3633 2784 τούτων
3689 2726 3884 2802 σαρκία

2236 2822 2710 2898 περιαμύττοντες,
2751 2821 2812 2875 τὸ
2862 2819 3216 2896 ῥυϊσκόμενον
3276 2821 3414 2892 αἷμα
3462 2815 3685 2896 φιάλαις
3747 2816 3883 2871 ὑπο-

2236 2905 2607 2983 λαμϐάνουσιν
2644 2928 2656 2940 ·
2693 2907 2827 2963 αὐτὰ
2888 2905 2964 2977 δὲ,
3013 2906 3100 2962 ἐπὶ
3157 2907 3328 2982 πυρὰν
3393 2904 3689 2981 βάλλοντες
3745 2907 3881 2978 (38),

2236 2998 2307 3054 ἔτ’
2337 2998 2638 3072 ἐμπνέοντα
2683 2998 2924 3052 κάουσιν.
2977 2997 3128 3067 Εἶτα,
3158 2997 3256 3064 τήν
3313 2994 3371 3050 ἐκ
3420 2996 3625 3050 τούτων
3684 2995 3883 3071 τάφραν

2234 3094 2311 3161 τῷ
2361 3088 2411 3142 ἐν
2479 3086 2700 3165 φιάλαις
2756 3084 2945 3159 α’ίματι
2998 3084 3277 3160 φύροντες,
3333 3084 3581 3139 σύνθετόν
3637 3105 3690 3137 τι
3755 3079 3885 3156 βδε-

2236 3176 2420 3253 λυγμα
2462 3177 2818 3243 συντιθέασιν,
2850 3176 2895 3247 ᾧ
2942 3172 3008 3229 τά
3052 3194 3110 3229 τε
3152 3179 3272 3229 σῖτα
3318 3173 3408 3228 καί
3463 3173 3529 3228 τά
3582 3171 3725 3227 ποτὰ
3780 3171 3880 3225 λα-

2236 3266 2434 3341 θραίως
2522 3263 2870 3337 μολύνοντες,
2942 3264 3180 3338 καθάπερ
3264 3263 3317 3318 οἱ
3401 3267 3479 3334 τῷ
3565 3260 3883 3336 μελικράτῳ

2234 3354 2665 3430 παραμιγνύντες
2696 3354 2757 3407 τὸ
2808 3350 3172 3427 δηλητήριον,
3204 3351 3361 3406 αὐτοί
3416 3372 3476 3405 τε
3519 3350 3727 3405 τούτων
3787 3348 3880 3403 καὶ

2233 3449 2342 3499 τῶν
2374 3441 2559 3498 ἄλλων
2595 3443 2646 3497 οἱ
2674 3443 2735 3497 τὸ
2770 3437 3142 3517 κρυπτόμενον
3205 3442 3282 3513 μὴ
3343 3439 3686 3516 φωράσαντες
3736 3459 3882 3510 συμ-

2239 3532 2552 3609 μετὶχουσι.

1848 3713 2209 3773 GAULMINI
2245 3714 2475 3770 NOTIE.

505 3804 652 3930 ba?
685 3804 1069 3863 Proverbialis
1100 3806 1383 3879 loquendi
1417 3808 1690 3879 formula,
1724 3827 1851 3883 quae
1902 3813 2121 3885 ubique

468 3891 658 3931 oovxa.

540 3946 653 4072 (35)
685 3948 892 4019 Accepi
925 3950 993 4003 de
1026 3949 1373 4021 lucernario,
1401 3955 1467 4005 ut
1512 3956 1679 4007 vocat
1725 3955 2116 4026 Augustinus,

591 4018 712 4072 περὶ
751 4017 1037 4072 λυγνικοῦ.
1066 4027 1129 4072 ut
1160 4022 1363 4072 Graeci.
1398 4023 1594 4072 Ritum
1641 4024 1934 4072 intem-nm
1970 4026 2116 4072 han-

468 4017 559 4095 vel
591 4018 712 4091 περὶ
751 4017 1037 4095 λιδχνιδιοῦ,
1066 4017 1367 4095 ut_Grthi.
1397 4023 1595 4079 Ritum
1641 4017 1936 4095 integr’um
1970 4017 2117 4081 hau-'-

471 4090 585 4144 ries
645 4108 713 4145 ex
766 4090 1192 4163 Me'nolog.;de
1250 4110 1364 4163 quo
1422 4095 1513 4149 vir
1574 4090 1801 4151 diffusas
1851 4096 2119 4153 lectionis

470 4163 761 4240 Meursius
792 4162 1201 4240 in_Glossario.
1236 4162 1343 4240 Sed
1379 4167 1677 4240 antiquior
1707 4167 1808 4223 illa
1838 4168 2119 4240 temporis

472 4233 823 4303 designatio,
857 4236 972 4291 imo
1004 4241 1062 4289 et
1108 4233 1539 4293 vetustissimis
1576 4238 1908 4295 ercorum
1960 4233 2116 4296 nota.

473 4303 745 4386 fierodot.
794 4304 896 4386 l_ib.
940 4322 1041 4374 vn,
1068 4306 1215 4386 (215)
1251 4324 1263 4362 :
1298 4307 1562 4380 Ὠρμέατο
1608 4306 1666 4363 δὲ
1714 4309 1838 4385 περὶ
1898 4308 2117 4386 λύχνων

472 4373 610 4449 ἁφάς
641 4372 699 4449 ἐκ
727 4378 822 4428 τοῦ
853 4372 1244 4449 στρατοπέδου.

540 4447 653 4520 (36)
684 4449 746 4502 ln
780 4464 891 4505 ms.
920 4447 1218 4505 eruditiss.
1252 4449 1360 4503 viri
1410 4452 1542 4506 Fed.
1578 4452 1803 4507 Morelli
1838 4456 1963 4507 erat
1993 4451 2118 4520 ἐνη-

468 4519 766 4594 σκημὲνας,
798 4519 878 4575 ita
920 4528 982 4594 ut
1012 4522 1233 4594 legerat
1274 4521 1595 4594 interpres;
1632 4528 1772 4593 puta
1810 4525 1963 4594 quod
2015 4519 2115 4591 τῆς

468 4588 791 4659 summ-ac,
810 4588 1100 4648 vocabulo
1117 4588 1498 4648 abuterentur
1528 4588 1610 4648 illi
1634 4588 2032 4650 'tenebriones.
2053 4588 2115 4650 l—n

471 4679 599 4739 meo
631 4661 1050 4739 évsonaupévac.
1087 4665 1217 4721 Scio
1274 4661 1596 4739 qxapuaidac
1643 4664 1947 4739 nopvac_in
1996 4666 2112 4721 Va-

467 4734 632 4801 rino;
667 4733 891 4806 σκάμμα
934 4737 1109 4792 etiam
1150 4736 1305 4805 turpi
1352 4733 1607 4806 notione,
1655 4733 1727 4793 ut'
1776 4737 2007 4793 sulcum
2057 4742 2114 4794 et

468 4822 747 4861 vomerem
784 4809 1072 4875 Lucretio,
1104 4809 1369 4863 scrobem
1400 4810 1675 4874 Arnobio,
1709 4810 1949 4864 scrobem
1996 4811 2112 4864 vir-

463 4879 727 4952 ginalemg
780 4880 1060 4952 effodere:
1107 4877 1393 4952 παρθενίαν
1439 4878 1750 4952 άποσυλᾷν,
1805 4881 1995 4952 Gelas.
2049 4882 2107 4935 ld

465 4947 645 5025 Poetae
673 4947 931 5025 dicerent
973 4947 1647 5025 ὑποκλεπτεινηφιλότςητα
1681 4947 1759 5025 '_et
1810 4948 2111 5025 pilorum;

466 5019 726 5094 ἀνάγκην,
760 5022 986 5094 Μυσοοε
1013 5023 1241 5094 Tamen
1267 5019 1464 5094 rejicio
1496 5022 1659 5094 illam
1690 5019 2018 5079 lectionem.
2041 5055 2111 5064 —-

462 5090 729 5164 Τάςπαρ³
759 5092 941 5155 αὐτοῖς
970 5090 1343 5164 ἐνησκημὲνας
1384 5092 1549 5163 κόρας
1599 5093 1895 5164 significat
1941 5095 2111 5164 puel-

462 5164 551 5237 las
583 5166 735 5237 apud
766 5183 862 5222 eos
888 5168 1067 5219 vitam
1119 5165 1427 5220 asceticam
1463 5164 1777 5234 professas.
1811 5165 2107 5237 Ἐνεσκαμ-

470 5234 635 5306 μεναξ
682 5253 817 5292 vero
868 5236 1145 5291 mendum
1180 5241 1268 5291 est
1289 5254 1313 5307 ,ςΔ
1337 5252 1405 5290 ex
1437 5252 1552 5307 quo
1584 5240 1779 5307 tamen
1822 5234 2110 5307 suspicari

463 5304 640 5362 datur
668 5308 925 5363 Psellum
958 5308 1268 5379 scripsisse
1299 5304 1733 5378 ἰνεσκίυμμένας,
1768 5304 1982 5379 illusas,
2017 5310 2110 5364 de-

463 5380 632 5434 lusus.
665 5379 881 5434 Verum
914 5379 1095 5434 nolim
1137 5395 1487 5435 asseverare.
1520 5381 1892 5436 Co'rssnams.

536 5450 649 5523 (37)
680 5452 1072 5506 Extrabebant
1119 5450 1500 5523 sacriﬁcaturi
1555 5451 1944 5517 dmmonibus,
2002 5450 2106 5505 ali-

464 5524 699 5593 quando
730 5540 878 5578 caeso
903 5528 1101 5578 ventre
1134 5523 1289 5594 quod
1323 5522 1592 5577 Lucanus
1622 5524 1721 5593 (v1,
1752 5523 1877 5593 558)
1912 5540 1925 5577 :

576 5611 819 5667 Vulnere
842 5613 921 5666 sic
948 5613 1179 5677 ventris,
1210 5626 1321 5665 non
1355 5626 1460 5681 qua
1488 5614 1692 5666 natura
1723 5611 1964 5680 vocabat,

570 5684 901 5739 Extrahitur
924 5690 1134 5755 partus,
1165 5680 1367 5738 calidis
1391 5680 1671 5753 ponendus
1709 5684 1771 5738 in
1798 5685 1936 5739 aris.

2226 3813 2582 3869 Mantuanus
2608 3811 2778 3867 illum
2808 3810 3001 3866 locum
3036 3810 3095 3866 in
3130 3813 3323 3866 mente
3353 3809 3628 3877 habebat,
3663 3825 3798 3865 cum
3822 3809 3881 3864 in

2227 3887 2346 3941 vita
2378 3884 2550 3939 Kath.
2584 3884 2886 3939 scriberet.
2924 3900 2936 3937 :

2340 4000 2622 4055 Viventum
2672 3997 2927 4069 gravidas
2964 4008 3206 4053 matrum
3233 4003 3387 4054 secat
3429 3997 3658 4053 ensibus
3706 3998 3883 4065 alvos,

2335 4073 2642 4127 lmmatura
2672 4068 2917 4137 trahens,
2942 4071 3161 4141 Stygiis
3191 4084 3317 4141 quae
3340 4069 3571 4125 destinet
3597 4070 3747 4137 aris,

2336 4145 2583 4211 Pignora
2607 4160 2625 4196 :
2652 4143 2897 4212 funestos
2927 4142 3117 4197 docuit
3146 4143 3485 4213 Proserpina
3514 4143 3680 4195 ritus.

2228 4256 2596 4328 Quintiliani,
2629 4256 2849 4328 pariter
2904 4257 3071 4328 pueri
3116 4255 3293 4328 occisi
3339 4257 3631 4327 sanguine
3662 4258 3883 4314 initiati

2227 4328 2558 4401 Epiphanio
2586 4327 2795 4401 bieresi
2829 4327 2940 4401 an:
2976 4327 3239 4401 Gnostici
3270 4327 3477 4401 hazresi
3505 4345 3664 4401 xxvii
3688 4330 3885 4401 ,ϐαι--

2228 4399 2550 4472 pocratiani
2584 4399 2931 4472 Philastrio;
2964 4399 3726 4472 Cataphryges,iPepusiani
3759 4404 3885 4459 Au-

2231 4470 2468 4557 gustino
2512 4471 2771 4554 Catalog.
2804 4470 3318 4557 bazresulaliiquén
3349 4470 3570 4557 plures,
3619 4489 3885 4557 quorum

2150 4560 2197 4626 Ι)
2230 4541 2331 4626 aut
2358 4549 2559 4626 coetus“
2574 4542 2920 4626 nequissimi
2954 4547 3058 4597 aut
3111 4541 3495 4626 infanticidia
3537 4541 3884 4626 notissima.

2231 4614 2403 4687 Bitus
2468 4613 2743 4687 infandus
2801 4616 3123 4687 primuma
3152 4613 3386 4687 Simone
3444 4615 3608 4687 Mago
3670 4616 3884 4683 (Clem.

2232 4631 2403 4670 tutus
2468 4631 2743 4671 intanous
2801 4631 3057 4739 primum
3090 4631 3123 4668 a
3152 4631 3386 4670 Simone
3447 4631 3608 4687 mago
3670 4631 3884 4683 (Clem.

2225 4686 2431 4758 Rom.,
2465 4686 2736 4758 quisquis
2771 4687 2801 4758 _i
2831 4686 2884 4740 le
2933 4686 3236 4758 fuerit,_de
3275 4685 3450 4741 rebus
3488 4692 3638 4758 gest.
3673 4688 3885 4757 Petri),

2223 4758 2296 4812 ob
2328 4757 2430 4813 illa
2460 4756 2940 4813 male’intellecta
2975 4773 2987 4813 ε
3023 4780 3050 4807 ‹‹
3082 4756 3204 4813 Nisi
3238 4756 3612 4814 comederitis
3633 4756 3882 4817 carnem

2222 4829 2349 4884 Filii
2384 4828 2664 4897 hominis,
2700 4852 2727 4879 »
2759 4835 2868 4885 etc.
2903 4827 3339 4899 (hami/1,54.)

2292 4901 2407 4970 (38)
2446 4900 2518 4956 Ut
2574 4902 2847 4957 arderent
2897 4899 3145 4956 Satanae.
3190 4899 3663 4971 Antiquissimus
3721 4904 3886 4961 ritus

2218 4972 2438 5071 15733171
2478 4973 2761 5071 ἤτω-τινι)
2799 5001 2939 5049 υνδε
2989 4997 3173 5049 unus
3210 4999 3297 5046 ns:
3339 4998 3542 5050 nime
3582 4998 3883 5052 nman

2222 5062 2435 5138 τάθη-πεῖ)
2474 5062 2595 5137 ὧδε
2628 5078 3002 5134 Hebrzeorum
3033 5075 3301 5149 magistri
3333 5077 3405 5132 de
3435 5075 3553 5132 illis
3590 5084 3659 5133 ut
3712 5085 3773 5135 et
3806 5081 3886 5137 de

2218 5148 2345 5251 ’ψῃ
2382 5165 2531 5221 mira
2563 5166 2882 5222 somniant.
2919 5166 3089 5221 Ritus
3120 5148 3467 5221 traducendi
3516 5183 3620 5237 per
3670 5168 3883 5241 ignem

2218 5252 2370 5327 alius
2401 5258 2513 5321 est,
2546 5255 2647 5326 qui
2693 5256 2838 5327 satis
2878 5260 3073 5311 notus.
3107 5255 3217 5310 Sed
3268 5253 3432 5327 illius
3469 5256 3664 5327 prima
3715 5259 3888 5316 inter

2219 5324 2725 5404 graecosvestigia
2756 5326 2978 5404 liquido
3006 5330 3256 5404 exstant.
3277 5324 3524 5404 _Ilt'ipcooc
3556 5328 3887 5404 (πυρίᾳοος)

2216 5487 2275 5522 π.
2310 5476 2652 5551 Scboliastzs
2703 5476 2965 5542 Apollon.
3001 5476 3071 5524 ad
3118 5476 3219 5524 lib.
3270 5486 3324 5524 ιν
3377 5476 3578 5538 Argon.
3612 5476 3794 5556 (8l6),
3824 5483 3887 5532 et

2217 5541 2599 5617 et_Arlstopb.
2635 5542 2705 5597 ad
2754 5539 2957 5617 _Necpi)‘,
2994 5541 3162 5617 μρβ).
3191 5539 3256 5617 Et
3283 5541 3375 5617 __de
3416 5542 3888 5617 Cartbaginien-

2217 5610 2383 5686 sibus
2408 5610 2580 5686 nemo
2612 5614 2815 5686 nescit,
2847 5610 2943 5686 'qui
2978 5610 3011 5668 a
3039 5610 3433 5682 Phoenicibus,
3469 5618 3535 5669 ut
3564 5610 3883 5676 Pb'mnices

2216 5682 2290 5740 ab
2317 5684 2574 5753 Assyriis
2612 5682 2969 5742 habuerunt.
