4088 6350
429 407 552 467 835

1768 402 2195 464 MICHAELIS
2240 401 2516 463 PSELLI

3728 405 3849 466 836

428 553 458 593 e
489 555 551 594 re
584 545 719 596 nata
745 540 992 604 constat,
1028 536 1225 590 divino
1258 535 1491 592 afﬂatus
1526 535 1767 591 numine
1801 534 2104 591 vacinatus
2147 539 2255 590 est.
2305 534 2424 606 Ego
2454 535 2733 605 verojam
2766 534 2901 590 inde
2934 550 3123 606 usque
3153 534 3224 590 ad
3276 534 3392 590 haec
3424 538 3688 608 tempora
3719 552 3848 593 ser-

435 644 636 685 mones
667 629 827 684 illius
857 624 1139 681 memoria
1174 628 1461 695 repetens,
1494 629 1549 680 te
1581 640 1735 680 nunc
1761 623 1904 679 taliu
1938 624 2229 680 dicentem
2263 624 2514 679 subinde
2547 624 2825 680 admiror.

501 720 772 774 'I‘HRAX.
808 717 905 771 Est
936 714 1111 769 etiam
1144 714 1495 781 mehercule,
1550 715 1702 785 quod
1737 714 2069 783 admireris,

2258 714 2464 782 ΘΡᾼΞ.
2502 711 2601 768 Καὶ
2632 713 2922 784 θαυμάζειν
2957 710 3040 767 δεῖ
3068 732 3143 782 σε,
3184 712 3440 785 Τιμόθεε.
3473 716 3686 770 Ἃτοπα
3741 716 3837 787 μὶν

425 808 747 864 Timothse.
802 806 948 860 Cum
998 804 1153 859 enim
1210 804 1404 859 multis
1457 802 1833 874 perabsurda)
1877 808 2080 873 gentes

424 897 577 968 apud
631 895 1058 967 Hyperboreos,
1117 892 1316 947 multae
1369 892 1511 947 item
1544 891 1698 947 circa
1752 892 1991 963 Libyam
2026 896 2084 946 et

426 984 635 1058 Syrtim
693 984 765 1038 ab
817 981 1309 1052 historiograpbis
1354 997 1483 1036 esse
1515 985 1935 1045 memorentur,
1969 980 2082 1034 bu-

420 1073 684 1145 jusmodi
717 1076 868 1127 certe
896 1071 1281 1127 absurditatis
1328 1070 1614 1139 ﬂagitium
1648 1068 1878 1125 nullum
1927 1071 2080 1142 apud

426 1164 587 1235 ipsos
610 1161 1016 1227 commissum,
1043 1175 1229 1231 neque
1252 1160 1406 1230 apud
1436 1158 1627 1215 Celtas
1660 1159 2083 1231 audies,neque

423 1250 472 1308 si
503 1250 625 1307 ulla
653 1266 797 1322 gens
826 1249 942 1305 alia
969 1248 1283 1304 Britanniae
1314 1248 1581 1319 proxima
1627 1247 1792 1305 exlex
1821 1253 1878 1306 et
1904 1248 2081 1304 eﬂ'era

428 1339 524 1395 sit.

2190 800 2292 875 γὰρ
2324 799 2511 855 πολλὰ
2541 800 2629 855 καὶ
2661 801 2783 875 περὶ
2812 806 2920 856 τῶν
2956 802 3005 856 ἐν
3039 797 3441 877 ’Υπερὸορείοις
3474 802 3661 872 ἐθνῶν,
3696 804 3846 860 πολ-

2196 889 2267 945 λὰ
2292 890 2381 944 καὶ
2410 895 2516 944 τῶν
2555 890 2693 968 ἀμφὶ
2727 886 2935 959 Διϐύην
2964 893 3051 945 καὶ
3087 891 3281 967 Σύρτιν
3316 892 3616 967 ἱστόρηταισ
3652 898 3842 948 τοιοῦ-

2190 1000 2281 1033 τον
2317 977 2373 1032 δὲ
2403 981 2593 1041 κακίας
2627 978 2771 1043 εἶδος
2828 978 2979 1035 οὐδὲν
3046 980 3248 1055 ἀκούσῃ
3304 978 3427 1036 οὕτε
3466 982 3588 1057 περῖ
3622 982 3845 1051 αὐτοὺς,

2194 1064 2317 1122 οὔτε
2347 1070 2470 1142 περὶ
2515 1068 2782 1140 Κελτοὺς,
2833 1067 2946 1125 οὐδ’
3002 1070 3059 1124 ἃν
3102 1091 3155 1125 τι
3204 1070 3326 1147 περί
3360 1073 3646 1146 Βρετανίαν
3692 1068 3844 1135 ἔθνος

2191 1154 2421 1229 ἔκνομον
2453 1159 2537 1212 καὶ
2573 1154 2762 1233 ἄγριον

1923 1570 2158 1627 CAPUT
2195 1571 2319 1627 VII.

690 1675 944 1746 Corpora,
977 1674 1312 1729 (temonibus
1340 1672 1518 1728 nihilo
1547 1674 1722 1728 secius
1742 1677 1907 1742 atque
1933 1672 2145 1742 angelis
2175 1671 2311 1743 ipsis
2341 1670 2654 1727 calestibu:
2683 1685 2797 1726 esse
2826 1668 3250 1741 hominibusque
3278 1685 3571 1741 apparere.

494 1799 792 1854 TIMOTll.
812 1798 975 1853 Certe
998 1798 1312 1854 dolendum
1344 1802 1453 1861 est,
1483 1796 1560 1850 mi
1584 1797 1759 1863 Trax,
1783 1796 1937 1866 quod
1962 1795 2073 1850 bu-

430 1887 687 1958 iusmodi
721 1887 1020 1958 piaculum
1070 1887 1129 1941 in
1180 1887 1335 1942 hunc
1384 1890 1652 1940 nostrum
1700 1885 1898 1940 orbem
1928 1885 2068 1941 irre-

422 1975 623 2048 pserit.
678 1978 750 2030 At
791 1992 925 2032 vero
978 1976 1103 2031 suis
1149 1992 1249 2031 eos
1302 1974 1625 2029 hEBI‘BSlbUS
1678 1973 2064 2040 intabescere,

423 2064 726 2135 malosque
766 2063 916 2118 male
947 2064 1109 2133 perdi
1144 2062 1342 2117 sinito.
1377 2063 1465 2117 Me
1496 2065 1693 2117 autem
1747 2060 2064 2131 scrupulus

422 2153 616 2208 nescio
649 2153 783 2223 quis
813 2153 885 2206 de
908 2151 1275 2206 daemonibus
1295 2148 1512 2205 multos
1543 2153 1678 2204 ante
1702 2166 1889 2204 annos
1921 2149 2063 2204 sub-

2250 1794 2488 1850 ΤΙΜΟΘ.
2523 1793 2703 1847 Δεινόν
2755 1813 2836 1867 γε,
2884 1792 2929 1845 ὦ
2976 1793 3135 1866 Θρᾷξ,
3170 1791 3219 1846 εἲ
3241 1797 3488 1847 τοιοῦτον
3525 1792 3699 1865 μύσος
3756 1793 3835 1855 εἷς

2176 1886 2274 1953 τὴν
2307 1885 2426 1947 καθ’
2458 1885 2605 1955 ἡμᾶς
2640 1882 2961 1955 εἶκουμὲνην
3001 1880 3577 1958 ἐπεχωρίασεν.’Λλλά
3605 1884 3837 1946 τούτους

2182 1973 2276 2045 μὲν
2311 1970 2373 2027 ἓα
2404 1972 2700 2050 φθινύθειν,
2732 1970 2823 2026 καί
2858 1971 3058 2033 κακοὺς
3085 1976 3264 2033 κακῶς
3300 1972 3482 2034 αὐτοῖς
3536 1970 3835 2042 ἐπιτηδεύ-

2181 2082 2337 2135 μασιν
2372 2058 2788 2131 ἐξαπόλλυσθαι’
2824 2059 2919 2133 ἐμὲ
2953 2058 3010 2115 δὲ
3051 2058 3322 2134 δαιμόνων
3376 2062 3500 2134 περὶ
3550 2060 3831 2129 πολυετῆς

2177 2150 2380 2226 ἀπορία
2411 2148 2775 2226 διαταράττει,
2801 2150 2866 2203 τά
2894 2169 2955 2204 τε
3002 2148 3149 2205 ἄλλα
3198 2150 3285 2204 καὶ
3320 2150 3365 2205 εἰ
3409 2155 3546 2213 τοῖς,
3572 2147 3827 2205 κακοδαί-

427 2248 592 2298 ortus
622 2241 870 2295 dubium
912 2238 1249 2305 discruciat,
1282 2254 1415 2293 cum
1448 2236 1581 2293 aliis
1611 2238 1683 2293 de
1712 2238 1909 2303 rebus,
1940 2242 2067 2292 tum

2189 2260 2305 2313 μοσι
2337 2239 2558 2301 τούτοις
2591 2239 2843 2317 ἐμφανῶς
2874 2240 3132 2314 ὁρῶνται.

420 2345 576 2394 vero,
600 2346 673 2383 an
698 2327 1205 2384 cacodzemonibus
1225 2326 1360 2398 illis,
1383 2326 1607 2383 malove
1627 2327 1798 2398 genio
1830 2327 2069 2397 percitis

420 2417 681 2473 Eucbitis
702 2416 982 2473 videndos
1006 2432 1067 2472 se
1089 2416 1383 2471 daemones
1414 2416 1725 2488 exgibeant
1741 2416 1768 2470 ‘l

494 2506 765 2562 THRAX.
825 2506 1025 2577 Atqui,
1059 2522 1090 2561 o
1120 2506 1267 2561 bone
1296 2504 1406 2571 vir,
1429 2522 1495 2561 eo
1530 2504 1765 2561 illorum
1797 2505 2066 2561 omnium

421 2595 710 2663 studium,
786 2594 1264 2661 conciliabulum,
1322 2595 1698 2663 sacriﬁcium,
1757 2594 2070 2666 cultusque

421 2685 657 2740 divinus
678 2685 886 2753 tendit,
907 2684 1171 2756 nihilque
1194 2700 1309 2739 non
1328 2683 1625 2755 spurcitiae
1669 2685 1741 2739 ab
1770 2684 1916 2755 ipsis
1939 2700 2068 2754 per-

421 2778 706 2846 petratur,
722 2790 832 2844 quo
855 2772 1192 2845 hujusmudi
1210 2773 1533 2844 praesentiae
1550 2774 1881 2828 daemonum
1904 2788 2069 2828 com-

423 2867 589 2935 potes
620 2864 890 2917 evadant.

492 2950 795 3007 TIMOTH.
824 2951 931 3014 Oui
952 2967 1107 3019 vero,
1132 2967 1271 3007 cum
1302 2949 1629 3022 incorporei
1654 2949 1795 3015 sint,
1821 2950 2067 3006 exterio-

422 3040 588 3096 ribus
619 3041 806 3096 oculis
837 3040 1163 3111 apparent?

496 3130 763 3186 THRAX.
797 3132 891 3196 At,
926 3130 1072 3185 heus
1121 3134 1207 3197 tu,
1267 3130 1563 3185 daemones
1596 3128 1919 3201 incorporei
1951 3145 2067 3184 non

434 3223 594 3286 sunt;
650 3220 768 3273 imo
826 3218 1112 3289 corporei,
1142 3224 1198 3274 et
1224 3218 1377 3274 circa
1427 3235 1670 3290 corpora
1725 3224 2065 3287 versantur;

423 3313 576 3383 quod
609 3309 846 3379 quidem
878 3307 965 3362 vel
997 3308 1068 3363 ab
1103 3307 1247 3377 ipsis
1279 3309 1623 3363 venerandis
1657 3309 1947 3379 Patribus,
1982 3326 2068 3364 re-

421 3399 658 3472 ligionis
698 3404 908 3453 nostras
950 3397 1339 3467 antistitibus,
1367 3397 1622 3453 ediscere
1647 3414 1984 3469 possumus,
2019 3400 2067 3453 si

426 3488 601 3543 modo
635 3487 767 3557 quis
799 3502 865 3540 ea
896 3501 1023 3556 quae
1073 3484 1193 3539 illis
1241 3484 1538 3540 exciendis
1570 3488 1902 3542 necessaria
1931 3493 2071 3543 sunt

2249 2511 2450 2579 ΘΡᾼΞ.
2486 2506 2588 2563 Καὶ
2625 2508 2755 2579 μὴν⁹
2788 2507 2833 2560 ὧ
2865 2504 3061 2578 λῷστε,
3094 2506 3229 2582 πρὸς
3259 2510 3420 2561 τοῦτο
3443 2511 3606 2561 πᾶσιν
3636 2508 3828 2569 αὐτοῖς

2178 2599 2212 2667 ἡ
2247 2595 2455 2665 σπουδή
2489 2595 2744 2650 συντείνει
2775 2596 2864 2649 καὶ
2898 2593 3127 2668 ἔντευξις
3158 2596 3247 2650 καὶ
3279 2596 3433 2659 θυσία
3470 2596 3559 2651 καὶ
3604 2595 3826 2669 τελετὴ,

2179 2688 2265 2741 καὶ
2309 2691 2412 2739 πᾶν
2461 2684 2754 2761 ἐπιρῥητον
2801 2684 2891 2738 καὶ
2941 2683 3277 2760 ἂπόῤῥητον,
3324 2691 3422 2755 τῆς
3474 2684 3833 2764 αὐτοφανείας

2176 2774 2379 2844 ταύτης
2400 2770 2578 2843 ἕνεκα,
2612 2774 2740 2849 παρ’
2770 2772 2958 2836 αὐτοῖς
2987 2772 3245 2829 τελεῖται.

2247 2954 2481 3011 ΤΙΜΟΘ.
2518 2956 2640 3014 Πῶς
2673 2952 2783 3018 οὖν,
2819 2953 2894 3024 μὴ
2929 2956 3087 3025 σῶμα
3114 2946 3282 3021 ὄντες,
3313 2957 3430 3015 τοῖς
3459 2950 3611 3015 ἐκτὸς
3642 2948 3829 3025 ὄμμα-

2180 3065 2260 3097 σιν
2303 3044 2538 3118 ὁρῶνται
2565 3060 2579 3110 ;

2251 3138 2453 3205 ΘΡᾼΞ.
2500 3130 2659 3188 Ἀλλ’
2717 3132 2818 3187 οὐκ
2871 3131 3157 3204 ἀσώματον
3214 3133 3350 3205 (44),
3408 3129 3707 3208 ὦγενναῖε,
3764 3133 3828 3188 τὸ

2180 3222 2455 3296 δαιμόνιόν
2485 3221 2594 3277 ἐστι
2628 3222 2819 3299 φῦλονι
2855 3221 2987 3294 μετᾶ
3044 3222 3297 3293 σώματος
3358 3218 3413 3276 δέ
3440 3243 3501 3297 γε
3544 3221 3632 3276 καὶ
3682 3222 3823 3299 ἀμφὶ

2180 3315 2407 3386 σώματα
2461 3309 2803 3385 διατέτριφε.
2862 3312 2958 3364 Καὶ
3012 3314 3173 3365 τοῦτο
3232 3306 3344 3365 ἔστι
3404 3310 3496 3383 μὲν
3554 3311 3645 3365 καὶ
3702 3312 3834 3384 παρ’

2178 3404 2358 3458 αὐτῶν
2412 3406 2596 3473 μαθεῖν
2647 3405 2753 3455 τῶν
2807 3397 3105 3471 ἡμεδαπῶν
3138 3401 3227 3453 xri
3287 3404 3495 3454 σεπτῶν
3549 3398 3834 3473 πατέρων,

2180 3490 2234 3546 εἶ’
2281 3512 2364 3553 τις
2394 3491 2461 3545 τὰ
2490 3489 2662 3544 αὐτῶν
2697 3486 2795 3543 οὒκ
2826 3488 3005 3563 ἀργῶς
3048 3488 3211 3543 ἐπίοι·
3254 3486 3365 3543 ἔστι
3399 3486 3456 3542 δὶ
3479 3487 3567 3542 καὶ
3599 3487 3835 3543 πολλῶν

422 3575 627 3632 sedulo
678 3579 1049 3646 exsequatur.
1106 3573 1327 3629 Audire
1374 3590 1512 3629 vero
1564 3574 1787 3631 multos
1840 3593 2069 3647 quoque

2189 3581 2448 3649 ἀκοῦσαι,
2506 3579 2601 3641 τὰς
2684 3578 2817 3650 μετὰ
2892 3576 3159 3650 σωμάτων
3230 3576 3414 3638 αὐτοῖς
3472 3577 3834 3652 αὐτοφανείας

425 3664 583 3734 licet,
618 3664 715 3735 qui
756 3679 855 3718 eos
896 3662 1009 3717 sibi
1052 3679 1184 3717 cum
1209 3664 1553 3733 corporibus
1602 3664 1949 3735 apparuisse
1979 3666 2071 3719 di-

428 3757 583 3810 cant.
616 3754 683 3807 Et
715 3767 967 3822 magnus
1012 3750 1266 3807 Basilius
1314 3767 1615 3822 exponens
1667 3752 1832 3807 Isaia!
1874 3754 2070 3820 verba,

432 3844 650 3900 Ululate
678 3842 994 3912 sculptilia“
1044 3841 1129 3895 ait
1167 3840 1307 3911 quia
1341 3862 1361 3889 ι
1398 3839 1573 3894 idolis
1623 3840 1871 3896 latenter
1922 3842 2071 3897 assi-

429 3932 569 3986 dent
599 3935 859 3987 astantes
899 3930 1139 4001 quidam
1189 3930 1483 3984 daemones
1514 3946 1582 3983 ex
1610 3929 1859 4001 impuris
1891 3931 2073 3986 sacris

426 4020 782 4091 voluptatem
842 4018 1160 4089 capientes.
1221 4019 1724 4083 Quemadmodum
1797 4022 1951 4077 enim
2011 4021 2071 4076 in

427 4109 571 4166 locis
606 4108 983 4164 macellorum
1018 4106 1115 4161 ubi
1148 4122 1320 4161 cruor
1358 4111 1416 4161 et
1446 4108 1688 4179 sanguis
1713 4110 1835 4180 jam
1869 4126 2071 4164 corru-

428 4205 564 4269 ptus
589 4196 902 4263 invenitur,
923 4211 1097 4249 canes
1115 4195 1381 4266 cupediis
1408 4196 1591 4251 dediti
1613 4203 2072 4270 commorantur;

428 4287 511 4341 ita
543 4292 601 4341 et
631 4286 923 4340 daemones
946 4282 1097 4355 gula:
1120 4282 1460 4352 servientes,
1500 4286 1984 4360 voluptatemque
2006 4305 2074 4343 ex

429 4374 724 4444 sanguine
766 4389 831 4428 ac
863 4372 1064 4427 nidore
1110 4373 1529 4429 sacrificiorum
1573 4380 1895 4446 captantes,
1920 4376 2074 4432 circa

428 4479 561 4518 aras
583 4466 924 4533 statuasque
965 4462 1078 4517 sibi
1114 4468 1484 4518 consecratas
1523 4463 1874 4519 volutantur.
1906 4466 2072 4521 Forte

428 4553 606 4607 etiam
678 4552 1022 4607 nutriuntur
1104 4568 1307 4607 eorum
1390 4568 1630 4623 corpora
1712 4570 1843 4624 quae
1915 4555 2074 4610 aeria

429 4646 569 4697 sunt
603 4646 702 4696 aut
733 4641 916 4712 ignita
963 4645 1063 4697 aut
1112 4657 1181 4696 ex
1211 4646 1461 4711 utroque
1515 4640 1800 4698 elemento
1833 4659 2070 4714 compo-

426 4732 560 4786 sita.
594 4754 620 4780 ››
656 4736 721 4785 Et
748 4747 954 4785 rursus
986 4730 1225 4784 divinus
1258 4730 1354 4785 ille
1408 4730 1682 4799 Basilius,
1717 4748 1911 4787 rerum
1945 4750 2073 4804 quae

428 4820 538 4875 sub
570 4822 869 4891 aspectum
902 4836 1017 4873 non
1045 4820 1284 4883 cadunt,
1307 4822 1363 4872 et
1394 4818 1564 4873 nobis
1584 4818 1892 4890 incognita:
1911 4826 2069 4887 sunt,

426 4908 744 4979 inspector,
782 4923 896 4963 non
940 4905 1306 4961 daemonibus
1350 4904 1513 4971 solis,
1556 4909 1615 4961 at
1646 4907 2069 4965 intemeretatis

428 4996 601 5052 etiam
619 4995 1064 5069 angelis,inesse
1077 5009 1320 5066 corpora
1341 4995 1842 5067 contendit,quasi
1865 5000 2069 5056 tenues

499 5141 520 5175 ⁶
553 5140 647 5195 Isa
674 5157 728 5209 ι,
768 5139 850 5195 11.

2182 3668 2576 3744 διηγουμένων.
2639 3667 2736 3721 Καὶ
2795 3668 2823 3721 ὁ
2885 3668 3047 3740 μέγας
3105 3665 3408 3736 Βασίλειος,
3466 3666 3833 3741 ἐξηγούμενος

2179 3760 2241 3814 τὸ
2274 3758 2323 3813 ἐν
2354 3756 2548 3828 Ἠσαίᾳ
2581 3756 2767 3832 ῥητὸν,
2798 3757 2861 3811 τὸ
2912 3759 3113 3833 φάσκον
3160 3780 3185 3805 ‹‹
3236 3752 3552 3825 ὀλολύξατε,
3586 3755 3653 3809 τὰ
3704 3753 3838 3831 γλυ-

2182 3850 2308 3920 πτά,
2342 3872 2369 3898 ››
2403 3845 2568 3901 ταῦτά
2598 3866 2757 3922 φησιν
2795 3847 2931 3917 (45),
2990 3843 3074 3898 δτι
3133 3868 3161 3895 ‹‹
3192 3849 3309 3905 τοῖς
3343 3840 3598 3907 εἰδώλοις
3628 3842 3686 3898 ἐκ
3732 3849 3830 3898 τοῦ

2182 3938 2415 4015 ἀφανοῦς
2480 3933 2731 4007 δαίμονὲς
2798 3954 2937 3995 τινες
3003 3934 3371 4005 προσπτάντες
3427 3932 3836 4007 παρακαθὲζον-

2178 4045 2300 4091 ται,
2345 4031 2445 4093 τῆς
2496 4023 2601 4078 ἀπὸ
2647 4023 2754 4077 τῶν
2803 4022 3125 4095 μιασμάτων
3172 4019 3380 4090 ἡδονῆς
3428 4018 3829 4081 ἀπολαύοντες·

2182 4114 2361 4188 ὥσπερ
2410 4114 2507 4187 γὰρ
2539 4114 2606 4166 τά
2656 4110 2823 4185 λίχνα
2879 4108 3092 4165 κυνίδια
3122 4110 3244 4185 περὶ
3275 4109 3404 4171 τοὺς
3459 4108 3660 4171 τόπους
3720 4114 3834 4164 τῶν

2183 4202 2472 4277 μακὲλλων
2526 4204 3009 4277 παρακαθὲζονται,
3047 4198 3098 4253 ὲν
3151 4201 3233 4261 οἷς
3287 4201 3423 4272 αἷμα
3476 4198 3563 4252 καὶ
3626 4197 3837 4275 ίχῶρές

2182 4292 2335 4360 εἶσιν,
2396 4291 2537 4346 οὕτω
2586 4289 2674 4344 καὶ
2715 4290 2783 4345 τὰ
2834 4286 2995 4363 λίχνα
3048 4285 3322 4360 δαιμόνια,
3381 4286 3675 4361 θηρώμενα
3729 4289 3834 4355 τὴν

2183 4380 2287 4435 ἀπὸ
2318 4385 2425 4435 τῶν
2482 4376 2724 4452 αἱμάτων
2782 4378 2871 4432 καὶ
2927 4383 3029 4445 τῆς
3056 4374 3280 4446 κνίσσης
3327 4372 3436 4428 τῶν
3463 4376 3659 4427 θυσιῶν
3694 4373 3836 4427 ἀπο-

2183 4468 2393 4537 λαυσιν,
2426 4466 2548 4542 περὶ
2593 4466 2719 4528 τοὺς
2775 4464 2997 4540 βωμοὺς
3029 4462 3247 4535 εἴληται
3306 4463 3393 4517 καὶ
3442 4461 3506 4516 τὰ
3535 4460 3835 4536 ἀγάλματα

2180 4557 2366 4619 αὐτοῖς
2398 4556 2737 4628 ἀνακείμενα·
2790 4554 3006 4618 τούτοις
3053 4554 3157 4629 γάρ
3209 4573 3313 4607 που
3361 4551 3451 4606 καὶ
3482 4550 3733 4628 τρέφεται
3768 4554 3837 4605 τά

2180 4646 2364 4720 ἀέρινα
2395 4646 2568 4699 αὐτῶν
2598 4645 2844 4717 σώματα,
2881 4641 2986 4697 εἴτε
3014 4642 3104 4697 καὶ
3136 4640 3352 4717 πύρινα,
3387 4643 3423 4711 ἢ
3454 4640 3544 4694 καὶ
3576 4639 3627 4709 ἐξ
3660 4640 3842 4715 ἀμφο-

2178 4734 2347 4807 τὲρων
2380 4739 2486 4788 τῶν
2520 4732 2806 4807 στοιχείων
2844 4732 3028 4803 μικτά.
3080 4730 3178 4784 Καὶ
3229 4728 3393 4784 πάλιν
3428 4729 3455 4782 ὁ
3488 4733 3631 4791 θεῖος
3671 4729 3839 4784 Βασί-

2182 4822 2383 4889 λειος,ὁ
2413 4826 2521 4877 τῶν
2546 4822 2781 4875 ἀθεάτων
2807 4818 3047 4889 ἐπόπτης
3078 4822 3184 4872 τῶν
3210 4819 3349 4889 ἡμῖν
3376 4813 3693 4887 ἀδήλων,ού
3721 4812 3840 4869 δαί-

2183 4932 2308 4983 μοσι
2338 4911 2548 4984 μόνοις,
2583 4909 2728 4965 ἀλλὰ
2756 4910 2846 4964 καὶ
2866 4913 2985 4969 τοῖς
3018 4908 3315 4982 ἀχράντοις
3346 4903 3604 4980 ἀγγέλοις
3639 4903 3841 4959 ἓνεῖναι

2182 5001 2409 5072 σώματα
2458 4997 2773 5054 διατείνεται
2830 5000 2983 5071 (46),
3036 4996 3126 5051 οἷά
3166 5016 3288 5051 τινα
3332 4993 3613 5067 πνεύματα
3662 4992 3845 5048 λεπτὰ

1825 5238 2178 5298 GAULMINI
2217 5241 2447 5298 NOTAE.

500 5353 611 5433 (44)
644 5354 887 5433 Dionys;
915 5354 985 5433 De
1030 5353 1424 5433 c‘mlesti‘llier.
1470 5353 1656 5433 9.115.
1710 5354 1773 5407 Οἱ
1824 5356 2073 5433 θεόσοφοι

428 5424 522 5483 τὰς
550 5420 813 5495 οὐρανίας
834 5422 1017 5482 οὐσίας
1048 5421 1105 5476 ἐκ
1134 5422 1303 5496 πυρὸς
1342 5420 1785 5478 διαπλάττουσιν.

498 5498 608 5570 (45)
642 5497 836 5570 Basil._
869 5497 929 5549 in
982 5497 1215 5570 Isaiam,
1251 5499 1291 5549 t.
1331 5498 1373 5563 Ι,
1411 5496 1821 5570 ed._Garnerii,
1859 5516 1914 5570 p.
1947 5500 2067 5556 558.

502 5568 617 5642 (46)
647 5567 854 5642 Basilii
880 5568 1280 5642 testimonium
1316 5568 1468 5642 quod
1504 5566 1704 5622 laudat
1734 5575 1824 5642 est
1854 5566 1980 5642 cap.
2010 5575 2076 5627 16

430 5635 516 5711 ib.
550 5638 622 5711 ad
688 5637 1056 5711 Amphilocb.
1096 5640 1186 5711 De_
1227 5635 1464 5711 8ρξὶ·ιιιιΔ
1490 5644 1677 5711 sancto
1706 5657 1724 5693 :
1756 5641 1818 5695 Ἡ
1855 5635 1948 5711 μὲν
1979 5644 2073 5696 οὐ-

430 5694 516 5759 σία
566 5706 738 5761 αὐτῶν
790 5694 930 5781 (τηερὶ
978 5712 1085 5762 τῶν
1133 5694 1394 5781 οὐρανίων
1442 5694 1743 5782 δυνάμεων)
1777 5694 2072 5786 Ῠτδᾶἑριον

2187 5364 2418 5431 πνεῦμα,
2453 5357 2498 5413 εἴ
2547 5357 2732 5431 τύχοι,
2757 5358 2799 5431 *ἢ
2846 5361 2951 5431 πῦρ
2987 5352 3167 5431 Δᾂίιὶλον
3218 5354 3355 5431 κοιτά
3410 5353 3473 5407 τὸ
3527 5353 3850 5431 γεγραμμὲτ

2187 5380 2418 5431 πνευμα,
2453 5375 2498 5413 ει
2547 5378 2732 5433 τυχοι,
2765 5375 2799 5426 η
2846 5375 2951 5429 πυρ
3003 5375 3167 5410 αυΛον
3218 5375 3355 5409 κατα
3410 5375 3473 5407 το
3519 5375 3849 5478 ὶγεγριηιιμε-

2186 5452 2275 5484 νον
2313 5432 2421 5503 ’ᾲὉ
2468 5434 2642 5503 ποιῶν
2688 5428 2815 5503 τους
2867 5426 3147 5503 ἀγγέλους
3178 5424 3360 5503 Δαὐτοῦ
3417 5445 3515 5503 πνε
3557 5444 3700 5503 ματα
3751 5423 3849 5503 καὶ

2183 5501 2694 5576 τοὺςλλειτουργοὺς
2722 5500 2885 5576 αὐτοῦ
2917 5494 3040 5573 ’πῦρ
3077 5496 3442 5576 ,φλέγονειιΔιὸ
3489 5494 3579 5576 καὶ
3641 5494 3692 5576 ἐν
3749 5497 3850 5576 τό·

2184 5595 2271 5646 πῳ
2302 5574 2403 5628 εἰσὶ
2435 5566 2741 5646 καὶίόρατοὶ
2775 5566 3047 5646 γίνονται,
3073 5566 3124 5624 ἐν
3153 5566 3401 5646 τῷεῖδει
3454 5573 3564 5623 τῶν
3617 5566 3847 5621 οἰκείων

2183 5641 2357 5701 αύτῶν
2386 5641 2652 5719 σωμάτων
2682 5641 2799 5706 τοῖς
2829 5643 3001 5713 ἀξίοις
3032 5641 3477 5719 ἰμφανιζόμενοι.
