4088 6350
213 454 341 515 837

1360 451 1464 510 DE
1508 442 1930 510 DEMONUM
1975 445 2497 509 OPERATIONE.

3511 453 3631 514 838

213 583 312 642 καὶ
341 579 556 658 ἀερώδη
595 580 688 636 καὶ
718 578 963 657 ἄχραντα
991 599 1004 614 ·
1053 578 1145 635 καὶ
1195 581 1292 634 τοῦ
1341 576 1514 655 λόγου
1570 579 1870 654 παρέχεται

2001 577 2275 651 quosdam
2297 594 2498 636 aereos
2520 579 2943 653 defaecatosque
2965 580 3232 654 spiritus;
3267 587 3325 640 et
3360 583 3420 640 in
3445 585 3632 642 dicto-

221 675 472 749 μοὶρτυρα
529 667 719 743 Δαυῒδ,
773 671 863 725 τὸν
927 669 978 724 ἐν
1033 671 1346 747 προφήταις
1419 667 1877 741 ὀνομαστότατον,

217 763 282 820 Ὀ
328 765 498 816 ποιῶν
557 758 690 821 τούς
742 757 1007 835 ἀγγέλους
1067 757 1232 812 αὐτοῦ
1287 756 1572 829 πνεύματα
1630 756 1877 831 λέγοντα,

217 850 311 904 καὶ
362 848 491 911 τοὺς
550 847 906 922 λειτουργοὺς
960 844 1274 921 φλογίνους.
1308 845 1405 901 Καὶ
1438 851 1582 900 πᾶσα
1617 845 1826 919 ἀνάγκη
1861 863 1875 877 ο

216 944 338 1002 τοῖς
367 937 471 1013 γὰρ
505 935 849 1012 λειτουργοῖς
880 935 971 990 καὶ
1000 933 1508 1008 ἀποστελλομένοις
1560 932 1877 1006 πνεύμασιν,

222 1029 299 1089 ὡς
359 1028 387 1081 ὁ
434 1024 713 1087 Θεσπέσιος
774 1024 1128 1102 ἀποφαίνεται
1187 1021 1426 1094 Παῦλος,
1458 1018 1564 1078 ἔδει
1624 1021 1877 1095 σώματός

219 1136 366 1171 τινος
403 1115 476 1178 ὡς
505 1116 824 1186 κινήσονται
848 1113 937 1168 καὶ
968 1111 1281 1186 ἐστήξονται
1311 1113 1398 1168 καὶ
1443 1110 1769 1188 φανήσονταί
1795 1131 1876 1185 γε.

221 1203 302 1263 Οὔ
357 1204 459 1279 γὰρ
500 1201 688 1266 ἄλλως
731 1206 901 1257 ταῦτα
949 1202 1084 1274 ἐνὸν,
1115 1201 1262 1258 ἀλλά
1310 1198 1401 1258 διὰ
1429 1199 1680 1276 σώματός
1706 1220 1877 1271 τινος,

225 1293 427 1349 οὑτωσὶ
456 1290 752 1350 τελεῖσθαι.

297 1477 523 1529 ΤΙΜΟΘ.
573 1473 698 1534 Πῶς
756 1469 848 1526 οὖν
909 1470 985 1534 ὡς
1059 1470 1344 1546 ἀσώματοι
1409 1468 1704 1548 πολλαχοῦ
1778 1473 1880 1537 τῆς

222 1567 443 1638 Γραφῆς
479 1561 772 1634 ὑμνοῦνται
796 1577 812 1630 ;

293 1653 500 1723 θΡᾼΞ.
531 1651 652 1704 Ὅτι
681 1649 771 1704 καὶ
801 1653 917 1711 τοῖς
941 1649 1234 1725 ἡμετέροις
1264 1648 1354 1704 καὶ
1383 1653 1500 1711 τοῖς
1541 1648 1737 1725 θύραζε
1769 1650 1880 1723 (47)

221 1741 318 1798 καὶ
347 1744 464 1801 τοῖς
493 1739 758 1812 ἀπωτέρω
785 1739 875 1793 καὶ
909 1737 1134 1812 Θύραθεν
1181 1736 1375 1802 εῒωθός
1422 1736 1531 1793 ἔστι
1574 1738 1643 1793 τὰ
1696 1737 1882 1813 παχύ-

225 1850 358 1903 τερα
383 1832 492 1883 τῶν
528 1826 796 1902 σωμάτων
829 1825 1138 1901 σωματώδη
1173 1825 1375 1902 λέγειν·
1400 1827 1429 1882 ’ὀ
1460 1823 1518 1882 δὲ
1548 1825 1882 1900 λεπτομερές

223 1919 360 1989 ἐστι,
391 1918 481 1972 καὶ
533 1917 632 1986 τὴν
674 1913 798 1991 ὄψιν
849 1914 1214 1992 διαφυγγάνον
1244 1916 1335 1971 καὶ
1390 1917 1490 1986 τὴν
1544 1915 1708 1993 ἀφήν,
1743 1917 1880 1971 ἀσώ·

1910 1961 1958 2028 Β

1988 684 2119 724 rum
2149 683 2393 724 suorum
2447 669 2952 726 confirmationem
2985 671 3264 728 Davidem
3291 671 3460 730 illum
3503 692 3632 748 pro-

1986 757 2295 829 phetarum
2326 757 2593 812 omnium
2627 758 3042 816 celeberimum
3065 766 3275 817 testem
3301 762 3441 819 citat
3460 765 3631 835 cujus

1986 846 2111 902 haec
2140 847 2318 902 verba
2343 851 2504 902 sunt.
2530 848 2636 914 Qui
2654 849 2793 917 facit
2824 851 3044 920 angelos
3090 852 3345 921 spiritus,
3377 861 3427 908 et
3455 855 3632 908 mini-

1985 940 2133 992 stros
2171 938 2456 1006 ﬂammeos
2479 936 2519 991 ⁷.
2581 936 2743 1000 Quod
2776 936 2857 991 ita
2900 953 2962 992 se
3009 937 3222 993 habeat
3252 956 3493 996 necesse
3518 947 3630 997 est.

1988 1024 2273 1080 Ministris
2303 1023 2457 1079 enim
2507 1029 2565 1079 et
2609 1023 2668 1078 in
2719 1040 2886 1080 suam
2937 1025 3222 1098 ablegatis
3272 1028 3630 1097 provinciam

1987 1113 2320 1185 spiritibus,
2345 1117 2410 1168 ut
2429 1113 2496 1168 D.
2525 1113 2736 1169 Paulus
2767 1114 3037 1182 asserit“,
3069 1131 3309 1187 corpore
3354 1117 3631 1190 quopiam

1988 1219 2138 1276 opus
2168 1208 2280 1273 est,
2313 1207 2378 1257 ut
2409 1207 2770 1270 moveantur,
2803 1206 2860 1258 et
2889 1203 3216 1275 quiescant,
3267 1209 3442 1277 atque
3488 1207 3632 1263 adeo

1988 1294 2331 1364 appareant.
2362 1291 2478 1346 Nec
2520 1291 2678 1347 enim
2708 1291 2834 1348 fieri
2867 1291 2985 1348 haec
3013 1291 3126 1348 alio
3157 1295 3333 1350 modo
3362 1297 3631 1366 possunt,

1991 1385 2050 1438 at
2080 1380 2392 1452 cujusdam
2425 1379 2688 1452 corporis
2719 1380 3067 1438 intermedio
3099 1381 3182 1438 ita
3211 1381 3381 1438 ﬁunt.

2061 1469 2363 1526 TIMOTH.
2397 1469 2507 1536 Qui
2537 1469 2605 1524 ﬁt
2633 1485 2791 1542 ergo,
2849 1475 2917 1526 ut
2974 1470 3272 1544 plerisque
3320 1470 3633 1544 Scriptura

1988 1557 2134 1616 locis
2163 1563 2446 1631 tanquam
2478 1557 2808 1632 incorporei
2838 1558 3256 1615 celebrantur?

2060 1647 2328 1704 THRAX.
2361 1651 2430 1702 Et
2459 1647 2646 1703 nostri
2695 1651 2753 1704 et
2799 1648 3044 1714 externi,
3075 1652 3254 1722 atque
3292 1650 3435 1706 adeo
3467 1666 3501 1706 a
3529 1666 3637 1706 no-

1991 1742 2115 1796 stra
2144 1737 2428 1811 religione
2461 1736 2842 1792 remotissimi
2883 1740 2941 1792 et
2981 1737 3384 1808 antiquissimi
3416 1738 3637 1811 quique

1991 1844 2236 1900 corpora
2265 1825 2388 1895 illa,
2416 1841 2544 1897 qua
2577 1825 2866 1882 crassiora
2902 1830 3064 1892 sunt,
3119 1843 3400 1899 corporea
3439 1827 3635 1886 dicere

1991 1918 2202 1982 solent,
2235 1915 2389 1988 quod
2431 1919 2627 1972 autem
2679 1915 3059 1988 perexiguum
3092 1919 3181 1972 est
3228 1920 3285 1971 et
3331 1920 3632 1988 pertenue,

226 2028 397 2080 ματον
427 2006 490 2062 οὗ
517 2006 681 2080 μόνον
723 2006 775 2061 οἱ
821 2007 939 2060 καθ’
970 2008 1142 2080 ἡμᾶς,
1173 2006 1320 2063 ἀλλά
1367 2006 1456 2062 καὶ
1504 2004 1710 2062 πολλοὶ
1767 2009 1875 2061 τῶν

2001 2022 2096 2063 nec
2126 2006 2236 2062 sub
2268 2010 2571 2077 aspectum
2618 2005 2794 2072 cadit,
2843 2021 2948 2061 nec
2998 2005 3181 2062 tactui
3212 2005 3543 2078 exponitur,
3573 2007 3633 2062 id

224 2096 375 2158 ἐκτὸς
404 2094 612 2168 ἀξιοῦσι
645 2093 820 2171 λέγειν
855 2097 984 2169 (48).

1885 2428 1956 2442 —

1982 2097 2395 2167 incorporeum
2429 2111 2544 2150 non
2586 2092 2781 2150 solum
2829 2093 3132 2166 religionis
3163 2099 3396 2165 nostrae,
3427 2112 3633 2152 verum

1981 2186 2157 2242 etiam
2176 2188 2423 2240 externae
2444 2182 2882 2255 superstitionis
2898 2182 3193 2241 antistites
3215 2183 3635 2256 appellandum

1989 2277 2255 2331 censent.

1717 2525 1950 2583 CAPUT
1995 2526 2143 2582 VIII.

636 2629 721 2681 De
741 2624 980 2696 angelici
1005 2625 1253 2696 corporis
1279 2639 1314 2679 a
1341 2622 1698 2696 daemonium,
1726 2622 2147 2697 splendorisque
2173 2641 2210 2681 a
2235 2625 2410 2681 solari
2437 2623 2762 2698 differentia
2788 2628 2841 2682 et
2867 2625 3213 2682 discrimine.

289 2763 523 2816 ΤΙΜΟΘ.
553 2755 732 2814 Ἀλλά
757 2755 810 2812 τί
843 2752 909 2826 δή
936 2774 952 2825 ;
982 2757 1144 2810 τοῦτο
1171 2754 1236 2810 τὸ
1267 2755 1507 2832 συμφυὲς
1557 2760 1677 2818 τοῖς
1716 2755 1875 2833 ἀγγε-

225 2847 348 2911 λοις
374 2850 538 2920 σῶμα
567 2844 794 2921 πότερον
826 2845 1019 2900 ταυτόν
1051 2843 1163 2900 ἐστι
1193 2843 1284 2898 καὶ
1309 2848 1426 2908 τοῖς
1456 2841 1709 2918 δαίμοσιν
1738 2871 1752 2915 ;

299 3027 505 3096 ΘΡᾼΞ.
536 3026 749 3098 ’Ἄπαγε
781 3043 795 3056 ’
826 3019 1044 3077 πολλοῦ
1100 3041 1163 3096 γε
1215 3020 1302 3076 καὶ
1365 3017 1466 3076 δεῖ.
1494 3020 1574 3077 Τὸ
1627 3019 1722 3093 μιν
1779 3021 1877 3098 γὰρ

2064 2758 2373 2815 ΤΙΜΟΤΗ.
2428 2761 2548 2832 Age
2608 2776 2781 2826 vero,
2842 2775 3130 2816 numnam
3190 2777 3402 2833 corpus
3489 2759 3634 2817 illud

1987 2849 2144 2919 quod
2199 2847 2422 2921 angelis
2475 2848 2746 2904 innatum
2795 2852 2904 2920 est,
2942 2848 3100 2905 idem
3125 2853 3182 2906 et
3206 2850 3501 2906 daemones
3531 2849 3635 2906 ha-

1985 2936 2168 2992 bent?

2060 3026 2336 3082 THRAX.
2369 3028 2584 3099 Apage,
2617 3025 2864 3083 alterum
2891 3043 3032 3084 sane
3064 3028 3134 3084 ab
3165 3027 3345 3085 altero
3377 3027 3637 3101 permul-

227 3111 541 3189 ἀγγελικὸν,
597 3110 761 3189 αὐγάς
816 3131 936 3166 τινα
994 3110 1273 3186 ἐξανίσχον
1329 3109 1498 3180 ξένας,
1554 3114 1674 3172 τοῖς
1729 3108 1881 3174 ἐκτὸς

2001 3119 2120 3171 tum
2153 3115 2365 3171 differt.
2400 3115 2735 3189 Angelicum
2769 3117 2951 3188 enim,
2999 3117 3138 3189 quia
3167 3121 3473 3173 extraneos
3503 3133 3635 3172 nes-

230 3185 541 3280 ὁφὸαλμοῖς
595 3185 735 3256 ἐστιν
797 3199 1070 3278 ἀφόρητόν
1128 3221 1186 3255 τε
1242 3196 1331 3254 καί
1365 3197 1731 3254 ἀνυπόστατον
1769 3219 1782 3233 ο
1823 3200 1884 3255 τὸ

2001 3207 2085 3261 cio
2111 3221 2260 3276 quos
2291 3185 2634 3276 splendores
2676 3206 2891 3261 emittit
2930 3185 2987 3262 et
3016 3185 3382 3276 wejaculatur,
3413 3205 3633 3262 idcirco

231 3290 516 3366 δαιμόνιον
548 3287 626 3358 δὲ,
661 3289 709 3344 εἴ
742 3289 838 3363 μὶν
868 3292 1117 3344 τοιοῦτον
1150 3285 1214 3358 δή
1250 3308 1382 3343 ποτε
1408 3289 1473 3358 ῆν
1517 3288 1620 3343 οὐκ
1659 3285 1779 3344 οἴδα
1809 3288 1884 3342 εἰ·

231 3386 349 3436 πεῖν
387 3398 400 3411 ⁸
465 3376 607 3435 ἔοικε
663 3375 712 3433 δ’
761 3376 875 3445 οὗν,
928 3375 1236 3453 Ἑωσφόρον
1291 3374 1518 3433 Ἡσαΐου
1576 3377 1667 3431 τὸν
1727 3376 1885 3432 ἐκπε-

233 3468 397 3526 σόντα
452 3465 930 3542 κατονομάζοντος
964 3485 976 3498 °
1008 3469 1100 3520 νῦν
1158 3463 1216 3520 δὲ
1274 3463 1418 3520 ἀλλά
1476 3463 1712 3543 ζοφῶδες
1767 3467 1882 3521 οἷον

228 3558 319 3614 καὶ
347 3558 589 3634 ἀμαυρόν
634 3555 766 3625 ἐστι,
798 3555 888 3610 καὶ
935 3560 1050 3618 τοῖς
1101 3549 1312 3629 ὄμμασι
1363 3552 1636 3627 λυπηρὸν,
1665 3575 1886 3630 γυμνω-

231 3648 318 3712 θὶν
350 3650 448 3701 τοῦ
479 3645 708 3722 συζύγου
753 3645 956 3722 φωτός.
989 3643 1090 3699 Καὶ
1137 3643 1199 3698 τὸ
1251 3643 1344 3716 μὲν
1403 3641 1688 3719 ἀγγελικὸν
1750 3664 1885 3698 παν-

225 3736 461 3793 τοίπασίν
495 3736 634 3791 ἐστιν
665 3733 830 3790 ἅϋλον
869 3754 883 3766 ·
913 3731 997 3789 διὸ
1050 3733 1141 3788 καὶ
1202 3730 1291 3787 διὰ
1339 3732 1539 3796 παντός
1599 3731 1708 3787 ἔστι
1766 3754 1883 3789 στε-

232 3830 360 3902 ρεοῦ
389 3822 633 3880 διαδύνον
685 3825 774 3878 καὶ
829 3819 986 3893 διϊὸν,
1017 3823 1107 3878 καὶ
1149 3828 1250 3892 τῆς
1296 3819 1500 3892 ἡλικῆς
1556 3822 1772 3885 ἀκτῖνος
1829 3821 1885 3878 ὃν

231 3915 620 3989 ἀπαθέα-τερον.
653 3914 768 3982 Τὴν
832 3912 926 3985 μὲν
980 3911 1082 3988 γὰρ
1141 3908 1230 3966 διὰ
1287 3912 1553 3984 σωμάτων
1615 3907 1887 3990 διαφανῶν

232 4005 420 4059 ἰοῦσαν
483 4001 765 4078 ἀποστέγει
811 4000 878 4056 τὰ
931 3997 1113 4076 γεώδη
1185 4000 1276 4055 καὶ
1351 3998 1604 4073 ἀλαμπῆ,
1666 3999 1739 4063 ὠς
1797 3999 1886 4056 καὶ

227 4091 427 4148 κλάσιν
460 4091 771 4164 ὑπομένειν,
797 4091 887 4145 ἅτε
917 4086 984 4159 δὴ
1035 4090 1096 4144 τὸ
1143 4083 1333 4144 ἕνυλον
1387 4087 1616 4164 ἔχουσαν
1649 4108 1662 4122 '
1695 4094 1774 4162 τῷ
1831 4088 1888 4145 δὲ

232 4180 395 4238 οόδὲν
453 4180 627 4236 αὐτῶν
687 4179 797 4235 ἐστι
856 4179 1174 4254 πρόσαντες,
1228 4180 1318 4233 οἷα
1369 4175 1644 4251 μηδεμίαν
1701 4172 1887 4253 ἔχοντι

229 4271 372 4347 πρὸς
433 4267 600 4342 μηδὲν
670 4267 960 4340 ἀντίθεσιν,
1021 4265 1162 4340 μηδὲ
1215 4286 1354 4322 τισιν
1411 4268 1746 4342 ὁμόστοιχον
1806 4264 1887 4325 ’o'v.

227 4361 313 4416 Τὰ
341 4357 399 4414 δὲ
448 4357 704 4431 δαιμόνια
755 4358 1000 4429 σώματα,
1033 4355 1128 4410 κᾶν
1180 4353 1283 4410 ὑπὸ
1331 4353 1665 4426 λεπτότητος
1710 4355 1885 4434 ἀφανῆ

226 4449 583 4518 καθέστηκεν,
638 4443 764 4502 ἀλλ’
823 4443 976 4518 ὅμως
1033 4441 1194 4498 ἔνυλά
1252 4465 1328 4514 πη
1375 4445 1462 4498 καὶ
1521 4442 1762 4517 ἐμπαθῆ,
1796 4446 1884 4500 καὶ

1994 3295 2305 3350 exteriores
2319 3293 2516 3350 oculos
2550 3294 2777 3366 fulgore
2814 3311 2919 3350 suo
2943 3294 3307 3367 perstringit,
3331 3311 3436 3351 nec
3459 3295 3530 3351 ab
3560 3295 3635 3351 iis

1993 3383 2131 3439 ferri
2163 3381 2468 3438 tolerarive
2517 3387 2726 3454 potest.
2771 3383 3207 3439 Daemoniacum
3238 3400 3372 3440 vero
3419 3401 3492 3440 an
3524 3384 3635 3440 hu-

1988 3473 2250 3543 jusmodi
2307 3472 2607 3542 quondam
2656 3472 2854 3540 fuerit,
2916 3473 3211 3528 afﬁrmare
3255 3489 3370 3528 non
3420 3474 3632 3543 ausim,

1994 3560 2175 3616 fuisse
2232 3566 2429 3614 tamen
2484 3560 2734 3614 videtur.
2779 3564 2921 3614 Cum
2981 3559 3138 3615 enim
3190 3560 3292 3630 qui
3318 3559 3523 3631 lapsus
3552 3566 3643 3616 est

1995 3648 2323 3704 Luciferum
2356 3651 2518 3702 vocet
2567 3647 2800 3714 Isaias“,
2835 3663 2992 3703 nunc
3020 3663 3156 3702 vero
3201 3648 3636 3704 tenebricosum

1995 3737 2191 3794 nescio
2225 3735 2364 3808 quid
2398 3740 2454 3791 et
2484 3737 2799 3791 obscurum
2858 3739 2970 3804 est,
3032 3739 3208 3806 atque
3248 3735 3380 3790 visu
3412 3735 3637 3790 tristiﬁ-

1995 3842 2152 3890 cum,
2188 3829 2389 3896 utpote
2410 3827 2654 3896 cognato
2686 3822 2908 3878 lumine
2960 3823 3253 3879 orbatum.
3300 3824 3492 3893 Atque
3540 3840 3643 3877 an-

1995 3914 2244 3988 gelicum
2281 3914 2518 3985 quidem
2551 3911 2708 3968 omni
2757 3929 2999 3984 prorsus
3048 3911 3293 3967 materia
3315 3915 3500 3978 vacat,
3526 3929 3642 3983 quo

1997 4004 2062 4058 ﬁt
2091 4003 2291 4072 etiam,
2324 4006 2391 4058 ut
2442 4017 2675 4073 semper
2725 4000 3001 4072 solidum,
3035 3999 3417 4074 penetrabile,
3466 4005 3643 4072 atque

1997 4091 2344 4165 permeabile
2399 4090 2477 4148 sit
2523 4093 2769 4163 ipsoque
2799 4089 2977 4146 solari
3029 4091 3191 4147 radio
3223 4089 3638 4163 impatibilius.

1997 4182 2162 4237 Hunc
2177 4181 2334 4237 enim
2359 4180 2789 4252 transparentia
2811 4197 2912 4236 seu
2936 4179 3227 4252 pellucida
3245 4197 3488 4252 corpora
3509 4196 3642 4252 per-

1997 4274 2289 4327 meantem
2313 4286 2379 4325 ea
2408 4269 2756 4340 refringunt,
2785 4285 2915 4340 qua)
2944 4273 3178 4324 terrena
3199 4272 3258 4324 et
3277 4284 3460 4340 Opaca
3481 4271 3640 4323 sunt.

1997 4359 2079 4414 ita
2112 4363 2174 4414 ut
2219 4358 2399 4413 ictum
2452 4358 2691 4430 quidem
2743 4356 2986 4412 luminis
3039 4357 3228 4412 ferant
3276 4357 3495 4428 quippe
3541 4354 3644 4427 qui

1999 4447 2256 4504 materiae
2290 4465 2404 4502 non
2439 4448 2517 4502 sit
2532 4463 2774 4518 expers;
2807 4451 2865 4502 at
2885 4445 3149 4518 angelico
3179 4447 3408 4517 corpori
3437 4444 3646 4515 hujus-

231 4535 462 4611 μάλισθ’
489 4533 588 4591 ὅσα
615 4533 742 4596 τοὺς
785 4534 888 4588 ὑπὸ
936 4539 1039 4607 γῆν
1094 4529 1390 4587 ὑποδέδυκε
1444 4531 1667 4595 τόπους.
1701 4536 1884 4590 Ταῦτα

2001 4535 2156 4591 modi
2187 4551 2496 4608 corporum
2529 4534 2752 4590 nullum
2804 4534 3058 4604 obsistit,
3111 4534 3327 4606 quippe
3377 4532 3469 4588 cui
3499 4530 3646 4586 nihil

226 4628 336 4703 γὰρ
367 4625 635 4694 τοσαύτην
669 4619 785 4698 ἔχει
823 4623 922 4692 τὴν
966 4621 1242 4691 σῦστασιν,
1275 4621 1348 4683 ὡς
1399 4621 1489 4677 καὶ
1539 4621 1702 4697 ἁφαῖς
1753 4623 1889 4678 ὑπο-

229 4715 475 4786 πίπτειν,
521 4711 613 4767 καὶ
657 4710 1008 4786 πληττόμενα
1056 4707 1365 4784 ὀδυνᾶσθαι,
1398 4711 1484 4766 καὶ
1532 4711 1661 4787 πυρὶ
1717 4733 1890 4788 προσ-

227 4802 582 4878 ομιλήσαντα
637 4802 882 4872 κάεσθαι,
942 4799 1016 4864 ὡς
1081 4798 1171 4854 καὶ
1229 4795 1344 4855 ἔνια
1393 4799 1602 4855 τούτων
1663 4799 1892 4857 ἀπολεί-

307 4930 328 4964 τ
361 4927 513 4984 Psal.
545 4943 659 4998 CIV,
692 4927 780 4982 13.
854 4925 876 4961 ⁸
908 4925 1051 4982 Heb.
1086 4942 1126 4995 ι,
1163 4925 1250 4980 14.
1328 4926 1350 4961 ⁹
1378 4925 1491 4983 Isa.
1524 4943 1642 4999 xxv,
1677 4927 1744 4982 12

2002 4626 2348 4681 adversetur
2396 4629 2926 4679 consentaneumve
2975 4625 3074 4679 sit.
3109 4621 3473 4678 Daemoniaca
3514 4635 3648 4676 vero

2001 4730 2266 4785 corpora,
2299 4711 2625 4783 quamlibet
2652 4713 2843 4767 visum
2876 4727 2993 4782 prae
3033 4711 3320 4767 tenuitate
3352 4710 3649 4766 subterfu-

2002 4803 2186 4875 giant,
2222 4800 2478 4857 materies
2500 4803 2694 4858 tamen
2719 4800 2987 4857 nonnihil
3012 4800 3650 4876 habent,patibiliaque

1645 5076 1996 5135 GAULMINI
2034 5077 2261 5134 NOT/E.

309 5194 420 5266 (47)
450 5193 518 5251 Οἱ
560 5190 776 5265 Θύραζε,
820 5190 1002 5266 Graeci
1058 5191 1475 5266 yelugentiles.
1515 5191 1586 5266 Οἱ
1632 5189 1734 5264 ἔξω
1773 5192 1890 5266 Da-

232 5258 460 5341 mascio
493 5258 974 5341 contra‘Manich.
1003 5281 1016 5332 ;
1039 5263 1103 5341 ᾖ.
1138 5258 1240 5331 ξ’εῶ
1286 5261 1593 5341 φιλοσοφία
1617 5258 1890 5341 _G_regorio

225 5337 482 5410 Nysaeo.
534 5337 602 5410 in
645 5335 770 5410 Vita
817 5336 988 5410 βιζος.
1039 5333 1365 5410 Thaumat,
1409 5333 1697 5410 (p.'24i);
1731 5333 1890 5410 σοφοὶ

230 5405 309 5462 οῖ’
325 5405 426 5479 ἔξω
454 5409 514 5464 in
543 5406 850 5479 Theoriani
880 5405 1169 5479 legatione
1217 5408 1288 5462 ad
1341 5405 1748 5462 Armeniorum
1788 5405 1891 5461 σου

225 5478 546 5545 tholicum,
577 5479 678 5551 qui
700 5478 1304 5551 illorumpatriarcha
1331 5482 1440 5533 est.
1478 5479 1673 5535 Disces
1703 5493 1772 5532 ex
1799 5479 1894 5534 Jo-

230 5552 406 5623 seph.
443 5553 567 5607 Ind.
600 5550 762 5613 Quod
795 5565 1022 5623 moneo,
1050 5550 1190 5623 quia
1235 5551 1322 5623 vir
1367 5551 1575 5623 doctus
1627 5551 1890 5623 confuta-

383 5623 804 5722 inte‘rp‘retatus
834 5625 944 5722 alat.
981 5621 1206 5722 Habegt
1235 5638 1267 5676 a
1297 5620 1708 5722 Pythagpreis:
1722 5619 1892 5722 (1ίέτὶ-

229 5693 440 5751 stiani.
476 5686 779 5751 Malchus:
810 5689 1112 5765 gﬁvovgru'w
1142 5686 1469 5765 δυσσυνέτων
1485 5686 1652 5765 ᾘεςθ
1679 5686 1892 5765 δυσξυνι

231 5765 400 5840 ἑτων)
459 5765 604 5840 παρά
659 5766 777 5824 τοῖς
810 5757 931 5835 ’ἔξω
989 5757 1613 5840 διαμνημονευομὲνωνῖ
1668 5763 1735 5819 Οἱ
1790 5757 1892 5836 ἔξω

1999 5195 2154 5266 apud
2191 5192 2323 5248 illos
2355 5197 2495 5266 sunt
2527 5192 2859 5266 philosophi
2892 5209 3005 5266 non
3041 5193 3306 5266 ejusdem
3341 5192 3537 5266 secta,

2069 5266 2183 5336 (48)
2211 5267 2366 5330 Quos
2393 5261 2544 5320 alios
2572 5261 2984 5321 simulsentire
3007 5261 3200 5335 inquit
3221 5280 3338 5319 non
3360 5261 3648 5336 exscribo,

2000 5339 2137 5407 quia
2167 5333 2393 5407 pridem
2426 5342 2513 5390 est
2545 5353 2674 5391 cum
2698 5337 2794 5392 alii
2819 5333 3254 5406 exscripserunt
3275 5355 3288 5402 ;
3312 5335 3412 5390 sed
3429 5333 3650 5407 Aristo-

2000 5405 2186 5463 telem“
2209 5408 2469 5479 (Melania
2504 5425 2579 5474 ιν,
2611 5409 2666 5479 8)
2699 5424 2930 5479 crucem
2969 5405 3342 5479 philosophis
3366 5405 3647 5479 relinqui-

2002 5496 2135 5534 mus
2166 5497 2178 5534 :
2212 5475 2383 5550 Doctior
2409 5476 2621 5550 λέγεται
2650 5475 2717 5532 τά
2744 5499 2801 5532 τε
2830 5475 2980 5532 ἁπλᾶ
3006 5475 3254 5550 σώματα,
3287 5477 3402 5550 οἷον
3435 5481 3502 5548 γῆ
3539 5475 3645 5550 aut

1999 5550 2227 5623 ﬂuendi
2261 5547 2429 5623 ὕδωρ,
2457 5545 2545 5602 καὶ
2581 5547 2676 5603 ὅσα
2703 5553 2946 5623 τοιαῦτα,
2978 5550 3065 5603 καὶ
3093 5545 3525 5623 ’ὅλῳςλσώματω
3557 5545 3648 5623 καῖ

1997 5616 2168 5694 τᾷίέκ
2222 5616 2428 5694 τούτων
2461 5625 2783 5690 συνεστῶτα,
2820 5616 2938 5693 ζῶα
2986 5642 3045 5676 τε
3101 5619 3190 5677 καὶ
3251 5616 3528 5694 δαιμόνια,
3557 5617 3648 5674 καὶ

1999 5691 2065 5747 τὰ
2099 5692 2266 5770 μόρια
2290 5691 2523 5751 τούτων.
