4080 6350
276 406 395 466 85³7
577 411 579 413 ’
1408 410 1512 470 DE
1554 406 1972 469 DEMONUM
2017 405 2547 469 OPERATlONE.
3567 402 3686 461 858

277 557 466 608 μενον,
498 533 610 608 ἐρεῖ
654 555 750 597 τας
804 537 997 608 μανίας
1055 537 1228 600 πάσας
1289 536 1427 610 ὅλης
1488 543 1620 595 εἶναι
1660 552 1912 612 πλημμε-

2035 539 2325 612 superior,
2358 541 2430 595 ab
2478 541 2551 594 iis
2578 538 2816 594 eximat.
2874 538 3002 593 Haec
3035 535 3180 592 mihi
3229 535 3514 592 scelestus
3565 534 3684 606 ille,

273 623 390 686 λεῖς
417 627 680 694 κινήσεις,
714 621 861 679 ἀλλᾶ
892 625 968 698 μὴ
1003 637 1145 696 παθη
1177 628 1410 702 τραγικὰ
1441 626 1712 702 δαιμόνων
1745 648 1759 698 ;

2035 635 2318 700 tanquam
2371 628 2611 684 Phaabas
2659 627 2945 700 quaepiam
2995 643 3065 682 ex
3113 626 3340 697 tripode
3411 623 3686 696 Delphico

273 715 729 770 vaticinabatur.
762 715 1062 785 Siquidem
1096 735 1220 787 quae
1252 721 1534 790 pradixit,
1566 737 1634 776 ea
1666 722 1816 774 facta
1846 727 1901 774 et
1932 718 2243 790 adimplcta
2272 723 2411 772 sunt
2441 719 2659 788 omnia,
2698 733 3022 789 parumque
3053 715 3240 770 abfuit
3285 715 3424 786 quin
3460 713 3690 786 pericu-

271 803 373 875 lis,
404 822 534 876 quae
566 822 658 860 me
690 805 947 877 plurima
972 807 1512 876 circumvallat-unt,
1545 811 1900 865 immortuus
1932 811 2043 865 sim
2071 827 2084 876 ;
2119 826 2151 865 a
2187 808 2404 880 quibus
2435 825 2528 862 me
2557 812 2765 879 prazter
2792 808 3124 877 opinionem
3154 805 3424 860 Servator
3451 804 3686 874 eripuit.

270 894 419 958 Quis
465 894 667 967 igitur,
717 895 1019 951 oraculum
1069 897 1412 968 hujusmodi
1453 900 1850 972 conspicatus,
1883 916 1916 954 a
1961 899 2330 954 daemonibus
2377 897 2536 953 velut
2576 897 2634 951 in
2685 913 2904 969 organa
2947 895 3173 950 musica
3219 892 3685 960 insuiﬂantibus,

270 983 521 1054 factum,
552 984 752 1041 omnia
797 983 1040 1042 insanias
1084 1003 1319 1059 genera,
1351 989 1568 1044 vitiatae
1616 989 1874 1044 materiae
1925 993 2143 1055 motus,
2177 1005 2290 1044 non
2343 991 2541 1044 autem
2592 987 2848 1059 tragicos
2897 985 3227 1041 daemonum
3262 983 3506 1038 atfectus
3554 995 3686 1036 esse

266 1071 478 1129 dicat?

1757 1303 1989 1359 CAPUT
2026 1303 2180 1358 XVI.

263 1399 344 1453 De
373 1399 629 1453 Armenio
659 1400 900 1470 quodam
928 1401 1357 1472 praestigiatore,
1390 1403 1484 1472 qui
1512 1402 1813 1528 dzAmonem
1857 1405 2006 1530 retr-go
2033 1421 2070 1528 ἕι
2099 1417 2410 1528 ριιεῖριιᾳῖα
2453 1402 2664 1468 Graeca,
2716 1419 2833 1474 qum
2878 1417 3130 1458 sermone
3176 1415 3334 1472 quem
3386 1398 3680 1467 ignorabat

1623 1491 1834 1530 rmemo
1862 1492 1898 1529 ιι
1925 1492 1953 1530 e
1988 1492 2027 1530 a
2056 1492 2142 1530 ur.
2174 1491 2332 1530 mea:
2365 1515 2377 1527 .

1623 1491 1834 1530 rmemo
1862 1491 2142 1542 uteoamr,
2174 1491 2377 1543 aoegn.

344 1568 580 1624 ΤΙΜΟΘ.
640 1566 812 1624 Οὐδὲν
869 1570 1076 1641 καινὸν,
1134 1571 1179 1624 ὦ
1227 1571 1385 1645 Θρᾷξ,
1422 1571 1468 1625 εἲ
1517 1575 1681 1626 ταῦτα
1729 1569 1919 1633 παῖδες

264 1655 470 1732 ἱατρῶν
530 1662 809 1735 φρονοῦσι,
868 1658 1061 1714 ὁπόσοι
1121 1657 1290 1731 μηδὲν
1351 1665 1600 1715 τοιοῦτον
1656 1661 1918 1735 συνεωρά-

265 1766 415 1802 κασι.
449 1745 627 1818 Κᾶμοὶ
679 1748 781 1822 γὰρ
829 1747 973 1802 οὕτω
1031 1749 1294 1826 πρότερον
1341 1749 1497 1824 ἐπῄει
1547 1756 1782 1827 φρονεῖν,
1828 1749 1921 1824 μέ-

267 1852 400 1909 χρις
440 1834 502 1890 οῦ
549 1857 642 1908 μοι
689 1837 972 1892 συνέπεσεν
1025 1837 1156 1893 ἰδεῖν
1215 1860 1268 1894 τι
1323 1836 1621 1916 τερατῶδες
1679 1841 1922 1914 ἀτεχνῶς

261 1923 360 1977 καὶ
393 1923 721 1994 ἀλλόκοτον,
755 1927 785 1980 ὅ
830 1947 914 1981 σοι
966 1931 1054 1981 νῦν
1099 1926 1197 1983 οὐκ
1248 1926 1467 2002 ἄκαιρόν
1518 1928 1627 1984 ἐστι
1661 1926 1925 2005 διηγήσα-

2103 1573 2399 1628 TlMOTH.
2432 1573 2641 1628 Mirum
2674 1590 2791 1628 non
2824 1579 2974 1639 est,o
3001 1573 3214 1640 Thrax,
3250 1569 3404 1642 quod
3447 1570 3530 1623 ita
3559 1585 3679 1624 me-

2032 1663 2148 1718 dici
2179 1663 2454 1730 sentiant,
2487 1669 2773 1735 quotquot
2821 1663 3163 1734 hujusmodi
3208 1661 3355 1716 nihil
3387 1660 3678 1714 viderunt.

2033 1753 2180 1808 Nam
2215 1759 2272 1808 et
2301 1753 2359 1808 in
2387 1753 2589 1808 eadem
2623 1755 2748 1826 ipse
2796 1752 3088 1826 sententia
3136 1756 3309 1807 antea
3357 1749 3459 1816 fui,
3494 1765 3682 1820 usque

2035 1844 2106 1899 ad
2131 1860 2265 1899 eum
2291 1843 2468 1911 diem,
2501 1860 2617 1915 quo
2643 1844 2836 1900 nescio
2863 1843 3002 1915 quid
3044 1843 3200 1898 haud
3235 1840 3410 1896 dubie
3446 1843 3679 1909 porten-

2036 1938 2230 1989 tosum
2265 1938 2322 1988 et
2350 1935 2673 1990 absurdum
2706 1934 2900 1989 videre
2930 1933 3074 1988 mihi
3105 1929 3410 2002 contingit.
3433 1929 3594 1995 Quod
3629 1927 3678 1983 si

268 2024 417 2076 σθαι.
453 2015 672 2076 Πάντως
724 2011 773 2069 δ’
827 2014 887 2070 ἃν
949 2016 1010 2071 ού
1059 2017 1364 2091 ψευσαίμην
1411 2019 1547 2090 ἀνὴρ
1588 2014 1912 2095 πρεσϐύτης,

2033 2020 2138 2076 tibi
2191 2037 2346 2075 nunc
2396 2021 2738 2091 edisseram,
2783 2019 2927 2076 nihil
2974 2019 3185 2076 rationi
3233 2019 3676 2074 dissentaneum

268 2101 348 2165 εἷς
392 2103 556 2158 τοῦτο
622 2107 954 2180 περιστήσας
1026 2104 1257 2179 ἐμαυτὸν
1334 2108 1397 2162 τὸ
1471 2103 1762 2183 τριϐώνιον

265 2190 570 2268 Ἐτύγχανέ
649 2216 742 2266 μοι
827 2189 1192 2270 πρεσϐύτερος
1255 2195 1508 2274 ἀδελφὸς,
1595 2199 1654 2260 ὃς
1711 2198 1923 2273 γυναικὶ

268 2289 457 2350 συνῆν,
514 2279 688 2337 τᾶλκα
744 2283 838 2357 μὶν
915 2284 1177 2363 σώφρονι,
1238 2283 1484 2359 δυστόκῳ
1539 2283 1595 2341 δὲ
1655 2285 1774 2342 λίαν
1833 2287 1922 2342 καὶ

264 2372 467 2434 νόσους
491 2369 944 2447 ἐξαλλαττομὲμῃ
987 2373 1356 2437 παντοδαπάς.
1411 2375 1559 2446 Αὕτη
1607 2374 1760 2450 λεχώ
1792 2397 1924 2432 ποτε

264 2459 570 2534 γενομένη,
627 2467 884 2538 πονηρῶς
960 2465 1098 2539 εἶχε,
1152 2464 1242 2519 καὶ
1301 2463 1544 2540 ἐσχάτως
1593 2467 1918 2540 παρέκοπτε,

263 2545 359 2603 τόν
387 2570 446 2604 τε
493 2556 704 2626 χιτῶνα
750 2551 1184 2628 περιρῥηγνῦσα,
1239 2550 1511 2629 βάρϐαρον
1562 2575 1682 2609 τινα
1729 2552 1920 2629 γλῶσ-

263 2659 360 2693 σαν
421 2637 783 2716 ἐπετρόχαζεν
857 2639 1227 2712 ἀλαλάζουσα.
1286 2643 1385 2696 Καὶ
1442 2646 1476 2712 ἡ
1535 2647 1757 2719 γλῶσσα
1803 2649 1920 2707 τοῖς

262 2727 379 2782 ἐκεῖ
432 2735 836 2805 παρατυχοῦσιν
892 2730 990 2786 οὐκ
1059 2729 1324 2802 ἐπίδηλος
1393 2733 1481 2802 ἦν.
1539 2731 1768 2805 ’Δμέλει
1825 2731 1916 2787 καὶ

260 2820 461 2880 πάντες
511 2817 563 2872 ἐν
621 2819 823 2896 ἀπορίᾳ
895 2823 1362 2896 περιειστήκεσαν,
1435 2820 1534 2876 οὐκ
1588 2819 1810 2896 ἔχοντες
1860 2820 1913 2876 ἐν

260 2906 548 2982 ἀμηχάνῳ
599 2912 750 2980 κακῷ
796 2908 1044 2982 τοσούτῳ
1097 2906 1310 2986 δράσειν
1355 2906 1530 2965 οὐδέν.
1576 2916 1828 2973 Γυναῖκες
1859 2908 1916 2964 δέ

258 3016 405 3057 τινες
469 2996 580 3068 (καὶ
637 3018 741 3072 γαρ
808 2997 909 3052 εἰσι
979 2999 1134 3072 γένος
1193 2999 1464 3075 εὑρετικὸν
1523 2999 1612 3053 καὶ
1667 3001 1804 3075 πρὸς
1852 3001 1915 3054 τὸ

261 3084 577 3158 συμπίπτον
637 3087 1068 3161 ἀνυσιμώτατον)
1117 3085 1333 3162 ἄγουσιν
1386 3085 1552 3164 ἄνδρα
1595 3087 1738 3160 ξένον
1789 3090 1915 3144 ἀνα-

260 3177 676 3252 φαλαντίαν
737 3171 977 3252 ἀκριϐῶς
1022 3173 1355 3253 πρεσϐύτην,
1408 3177 1602 3254 βυσσὸν
1651 3179 1711 3233 τὸ
1744 3176 1917 3253 δέρμα

258 3263 353 3316 καὶ
415 3259 834 3337 διακεκαυμένον
895 3264 946 3326 ἐς
1014 3265 1077 3320 τὸ
1139 3263 1513 3337 μελάντατον·
1571 3264 1652 3335 ὃς,
1712 3268 1918 3342 γυμνὸν

263 3350 603 3424 ἐσπασμένος
643 3354 815 3430 ξίφος,
877 3354 1054 3429 ἀγχοῦ
1111 3356 1386 3428 παραστὰς
1429 3363 1529 3425 τῆς
1577 3353 1794 3426 κλίνης,
1843 3353 1912 3410 δι’
1944 3383 1986 3450 C

268 3439 445 3515 ὀργῆς
475 3441 574 3508 τήν
625 3446 884 3496 νοσοῦσαν
917 3443 1086 3519 εἶχεν,
1135 3445 1245 3512 καὶ,
1295 3444 1431 3498 κατὰ
1470 3446 1570 3514 τὴν
1609 3443 1913 3521 ἐπιχώριον

265 3529 416 3600 αὐτῷ
468 3528 722 3605 γλῶσσαν
783 3530 856 3605 (ἐξ
915 3533 1215 3608 Ἀρμενίων
1273 3533 1376 3609 γὰρ
1429 3535 1538 3606 ἦν),
1597 3533 1785 3589 πολλά
1843 3535 1917 3596 εἷς

261 3618 469 3688 ταύτην
521 3615 833 3696 ἀφύϐριζεν.
894 3622 955 3676 Ἡ
1014 3619 1071 3676 δὲ
1117 3623 1204 3676 καὶ
1267 3623 1404 3690 αὑτή
1463 3626 1582 3678 κατ’
1623 3623 1790 3693 αύτὴν
1823 3623 1917 3678 αύ-

258 3712 343 3779 τῷ
409 3710 508 3778 τὴν
556 3707 804 3784 γλῶσσαν
872 3706 1154 3783 ἠμείϐετο.
1224 3713 1325 3768 Καὶ
1403 3713 1465 3767 τὸ
1545 3713 1641 3786 μὲν
1696 3718 1914 3789 πρῶτον

259 3797 661 3872 ἀπεθρασύνετό
712 3819 770 3854 τε
825 3800 912 3854 καὶ
986 3807 1085 3868 τῆς
1143 3800 1338 3872 κλίνης
1395 3802 1698 3879 ἀφορμῶσα
1750 3800 1914 3880 φιλο-

253 3885 457 3940 νείκωσ
499 3887 644 3962 εἶχεν
679 3905 692 3920 °
728 3889 802 3950 ὡς
831 3891 877 3942 δ’
909 3891 936 3943 ὁ
995 3885 1266 3964 βάρϐαρος
1307 3889 1566 3946 ἐπίπλεον
1598 3898 1714 3954 τοῖς
1745 3892 1912 3970 ἀφορ-

249 3984 479 4049 κισμοῖς
535 3977 762 4054 ἐχρῆτο,
837 3980 948 4048 καὶ,
1023 3983 1111 4035 οἶα
1191 3980 1578 4058 μελαγχολῶν,
1637 3987 1916 4060 κεκραγὼς

250 4066 544 4135 ἠπειλεῖτο
594 4068 791 4138 παίειν,
831 4066 1055 4124 ἐνταῦθα
1095 4070 1156 4124 τὸ
1204 4070 1422 4146 γύναιον
1480 4073 1738 4129 συσταλὶν
1787 4075 1914 4129 ὁπό-

247 4157 459 4229 τρομόν
493 4177 552 4211 τε
599 4157 832 4231 ἐγίνετο,
867 4159 956 4212 καὶ
1013 4160 1238 4214 ταπεινά
1285 4162 1650 4236 φθεγγίμενον
1701 4161 1776 4224 εἷς
1807 4162 1913 4217 ὕπ-

249 4265 342 4298 νον
393 4243 738 4320 κατέδαρθεν.
797 4249 985 4320 Ἡμεῖς
1031 4245 1090 4302 δὲ
1142 4250 1438 4318 τεθηπότες
1469 4251 1630 4322 ἦμεν,
1672 4250 1779 4326 οὐχ
1826 4253 1908 4306 ’ὁτι

253 4335 544 4406 μεμήνοι·
585 4339 748 4390 τοῦτο
797 4338 902 4412 γὰρ
957 4338 1171 4411 ὁρῶμεν
1220 4343 1505 4413 πανταχοῦ
1554 4334 1855 4412 συμϐαῖνον
1890 4359 1904 4372 ·

246 4422 381 4478 ἀλλ’
416 4422 499 4477 ὅτι
541 4426 658 4479 κατ’
709 4425 1030 4500 Ἀρμενίους
1079 4425 1390 4504 ἐφθέγγετο,
1442 4429 1579 4502 γυνή
1631 4425 1908 4500 μηδέποτε

250 4509 391 4585 μηδ’
440 4511 517 4574 εἷς
561 4509 684 4587 ὄψιν
721 4512 994 4588 ἀφιγμένη
1041 4514 1278 4587 τούτοις,
1333 4513 1473 4588 μηδέ
1522 4514 1772 4590 θαλάμου
1815 4519 1906 4573 καὶ

245 4597 506 4673 κερκίδος
534 4600 708 4656 εἰδυῖα
751 4604 920 4659 πλέον
974 4601 1129 4659 οὐδέν
1180 4607 1278 4676 (3).
1343 4608 1752 4684 Σωφρονήσασα
1789 4610 1904 4676 οὗν,

191 4723 208 4734 ο
249 4688 538 4762 ἐπυθόμην
579 4692 634 4746 τῖ
655 4687 912 4756 πεπόνθει
952 4693 1042 4747 καὶ
1092 4691 1143 4747 εἶ’
1186 4714 1238 4747 τι
1268 4699 1386 4756 τοῖς
1417 4696 1730 4770 γινομένοις
1758 4717 1902 4771 παρ-

2035 2111 2241 2165 fecero.
2276 2110 2390 2166 Nec
2437 2110 2556 2165 ullo
2591 2127 2833 2182 prorsus
2865 2109 3036 2165 modo
3068 2108 3342 2176 mentiar,
3373 2107 3461 2162 vir
3491 2106 3679 2161 aetatis

2024 2196 2146 2267 jam
2165 2200 2467 2268 provectae,
2501 2197 2560 2251 in
2590 2214 2703 2268 qua
2730 2197 3118 2253 monasticam
3143 2196 3359 2250 hancce
3383 2194 3675 2249 [acernam

2031 2285 2480 2356 assumpserim.
2531 2286 2727 2342 Frater
2757 2285 2903 2342 mihi
2933 2290 3059 2342 erat
3110 2290 3252 2340 natu
3303 2285 3510 2352 major,
3544 2283 3674 2354 qui-

2030 2392 2143 2446 que
2177 2391 2412 2430 uxorem
2467 2376 2732 2444 duxerat,
2763 2381 2970 2432 caztera
3013 2376 3250 2447 quidem
3307 2373 3674 2445 prudentem,

2028 2483 2155 2538 quan
2190 2473 2383 2522 tamen
2432 2469 2576 2522 mira
2603 2470 2756 2538 {cum
2807 2467 3155 2522 difﬁcultate
3205 2469 3450 2538 pareret,
3503 2470 3678 2534 atque

2027 2556 2360 2628 omnigenis
2383 2557 2603 2612 morbis
2622 2557 2872 2612 subinde
2898 2557 3299 2611 atﬂictaretur.
3337 2554 3469 2624 Ipsa
3500 2569 3675 2624 puer-

2027 2646 2186 2717 perio
2216 2645 2537 2717 aliquando
2569 2653 2785 2717 aagrota
2823 2646 3190 2701 decumbens
3221 2660 3400 2714 supra
3434 2642 3674 2697 modum

2026 2734 2334 2802 delirabat,
2366 2739 2706 2807 vestemque
2737 2733 3101 2799 discindens,
3134 2732 3450 2788 barbarum
3478 2731 3674 2786 nescio

2025 2839 2199 2894 quem
2247 2840 2575 2879 sermonem
2625 2824 2880 2880 versatili
2926 2823 3131 2894 lingua
3158 2819 3676 2889 immurmurabat,

2024 2929 2130 2968 nec
2179 2913 2278 2984 qui
2311 2918 2448 2968 tunc
2480 2913 2626 2968 forte
2657 2913 2922 2980 aderant,
2957 2913 3086 2983 ejus
3116 2911 3294 2966 verba
3344 2909 3673 2979 intelligere

2025 3006 2310 3072 poterant.
2332 3001 2546 3057 Omnes
2571 3001 2754 3074 igitur
2774 3001 3166 3057 haesitabunili
3191 2999 3670 3062 circumstabant,

2025 3105 2132 3146 nec
2184 3089 2367 3145 ullum
2419 3091 2798 3147 succurrebat
2841 3090 3190 3156 remedium,
3223 3106 3340 3160 quo
3394 3088 3674 3144 adversus

2026 3180 2400 3251 desperatum
2442 3181 2711 3235 morbum
2747 3185 3071 3235 uterentur.
3107 3182 3173 3234 At
3212 3175 3504 3233 nonnulla:
3538 3192 3669 3230 mur

2023 3267 2196 3324 lieres
2247 3269 2560 3340 (siquidem
2595 3286 2768 3324 sexus
2799 3270 2847 3323 is
2878 3269 2948 3323 ad
2983 3267 3432 3339 excogitandum
3467 3264 3672 3330 solers,

2025 3363 2082 3412 et
2131 3359 2199 3412 ad
2246 3357 2565 3414 incidentia
2609 3359 2762 3414 mala
2809 3357 3207 3430 propulsanda
3255 3355 3674 3428 sagacissimus

2026 3449 2138 3518 est)
2163 3448 2530 3519 peregrinum
2559 3449 2856 3504 hominem
2881 3449 3203 3518 adducunt,
3228 3446 3672 3507 recalvastrum,

2025 3537 2189 3592 senio
2220 3538 2571 3603 confectum,
2592 3543 2840 3609 cuteque
2873 3543 3082 3610 rugata
3111 3542 3167 3592 et
3196 3541 3402 3592 exusta
3428 3534 3675 3604 nigerri-

2027 3643 2222 3680 mum.
2257 3626 2364 3693 Qui
2396 3627 2553 3681 nudo
2584 3625 2777 3697 gladio
2831 3625 3117 3690 districto,
3154 3626 3408 3695 proxime
3456 3625 3671 3680 lectum

2025 3719 2247 3780 astans,
2282 3717 2466 3770 iratus
2516 3722 2742 3786 aegrotas
2794 3715 3283 3780 comminabatur,
3328 3711 3672 3767 vernacula-

2025 3820 2138 3875 que
2166 3803 2275 3860 sibi
2303 3804 2507 3874 lingua
2549 3803 2887 3876 (Armenius
2920 3803 3077 3857 enim
3128 3803 3274 3874 erat)
3309 3801 3513 3856 multis
3544 3817 3671 3855 eam

2024 3891 2301 3948 conviciis
2353 3893 2694 3948 lacessebat.
2731 3893 2942 3948 Mulier
2988 3896 3186 3947 autem
3221 3895 3280 3945 et
3311 3890 3435 3961 ipsa
3465 3891 3668 3945 eodem

2022 3983 2072 4037 ei
2106 3997 2374 4038 sermone
2424 3982 2837 4053 respondebat,
2868 3987 3043 4052 atque
3093 3980 3260 4035 initio
3293 3979 3527 4050 quidem
3563 3996 3670 4034 au-

2021 4070 2755 4142 daciusculegloquebatur,
2786 4076 2843 4126 et
2873 4088 2904 4126 e
2935 4071 3116 4126 cubili
3167 4085 3488 4137 exsurgens
3528 4084 3665 4122 con-

2021 4161 2332 4216 tentiosius
2390 4161 2844 4231 responsitabat.
2909 4167 3051 4214 Cum
3110 4165 3302 4214 autem
3375 4157 3666 4213 Barbarus

2021 4250 2424 4322 aphorcismos
2473 4267 2572 4305 seu
2625 4249 3027 4316 abjurationes
3060 4249 3311 4304 subinde
3360 4251 3666 4318 repeteret,

2019 4345 2262 4412 atraque
2291 4339 2469 4395 veluti
2524 4340 2642 4394 bile
2674 4340 2930 4410 percitus
2957 4355 3018 4395 se
3051 4353 3470 4410 percussurum
3504 4352 3666 4391 com-

2017 4429 2364 4495 minaretur,
2385 4434 2525 4484 tunc
2557 4429 2903 4484 muliercula
2935 4434 3091 4484 metu
3123 4431 3422 4483 contracta
3453 4441 3666 4481 succu-

2016 4519 2225 4586 buit,et
2255 4517 2549 4573 submisse
2580 4517 2827 4589 loquens
2860 4518 3303 4589 mussitansque
3327 4513 3668 4572 obdormiit.

2013 4609 2131 4664 Nos
2162 4613 2358 4663 autem
2411 4607 2968 4677 obtupescebamus,
3002 4623 3117 4662 non
3167 4623 3233 4663 eo
3284 4606 3422 4678 quia
3470 4605 3664 4658 furore

2013 4701 2289 4768 corrupta
2319 4701 2494 4765 esset,
2528 4697 2638 4752 hoc
2669 4697 2826 4752 enim
2859 4698 2911 4753 ei
2944 4697 3195 4752 subinde
3212 4697 3476 4752 accidere
3505 4693 3665 4748 vide-

246 4777 653 4850 ηκολούθηκεν.
696 4782 760 4836 Ἡ
815 4778 872 4836 δὲ
914 4779 1196 4854 δαιμόνιον
1239 4780 1341 4858 ἔφη
1403 4757 1589 4857 cpidum
1637 4757 1901 4849 extends:

2024 4803 2246 4856 eamus,
2279 4787 2379 4841 sed
2403 4785 2542 4856 quia
2565 4801 2836 4840 sermone
2861 4787 3137 4841 Armenio
3160 4785 3501 4856 loqueretur
3533 4798 3664 4837 mu-

242 4869 338 4921 καὶ
371 4867 590 4942 γυναικί
646 4872 1018 4948 προσεμφερὲς
1073 4873 1171 4944 (4),
1220 4871 1587 4946 ἡνεμωμένασ
1643 4868 1772 4949 ἕχον
1803 4875 1900 4937 τὰς

2007 4876 2136 4946 lier,
2169 4892 2296 4947 quae
2331 4890 2400 4928 no
2431 4875 2489 4927 in
2540 4879 2921 4945 conspectum
2971 4874 3205 4945 quidem
3252 4871 3662 4928 Armeniorum

1636 4994 1991 5052 GAULMINI
2042 4992 2272 5050 NOT/E.

315 5087 394 5156 (1)
426 5086 672 5161 Benejto
700 5081 1018 5161 τριϐώνιον.
1061 5089 1421 5161 Monasticam
1475 5091 1758 5147 (acernam
1802 5093 1896 5146 in-

235 5162 499 5232 terpres.
526 5158 743 5215 Primo'
778 5160 1292 5232 philosophorum,
1352 5179 1524 5218 nemo
1555 5164 1782 5230 nescit;
1815 5163 1899 5220 ita

235 5236 306 5285 ut
332 5223 628 5307 τριϐώνιον
661 5223 1128 5307 μεταμφιᾴσαᾶθαι
1162 5223 1563 5307 philosophari
1596 5223 1898 5290 esset'Eu-

233 5303 454 5374 napio;
485 5319 648 5377 Amox
677 5303 1126 5377 _monacho_rum
1166 5303 1424 5377 ubique,
1470 5312 1528 5377 et
1580 5307 1772 5376 primo
1803 5309 1896 5360 ni-

234 5373 445 5453 grant:
482 5374 790 5453 iri-et)de
841 5373 1404 5453 b‘uﬁlatvavrc‘oopé’w
1468 5373 1666 5445 ἐσθῆτα
1723 5383 1813 5434 est
1870 5377 1898 5431 ὁ

241 5445 520 5516 μονὰζων.
552 5445 761 5501 Sciunt
791 5448 886 5518 qui
919 5445 1249 5520 quadrante
1283 5445 1578 5505 lavantur.

311 5527 394 5595 (2)
424 5525 925 5600 Aliudcogitahat
956 5529 1208 5595 Ficinus,
1252 5544 1386 5584 cum
1435 5527 1543 5584 viri
1593 5529 1897 5600 proprium

242 5613 463 5652 nomen
498 5599 749 5653 credidit

317 5677 399 5753 (3)
425 5677 716 5753 Adagium
749 5683 869 5753 est;
921 5680 1021 5736 sed
1050 5682 1398 5753 Graecorum
1446 5679 1901 5753 adagiographis

241 5749 754 5807 omissumJlabet
779 5751 1140 5809 Athanasius
1159 5751 1221 5808 in
1241 5753 1494 5810 Antonio
1523 5749 1689 5824 (61)}
1721 5749 1900 5826 ἐτρὲ-

2018 5111 2149 5162 cpe-ro
2207 5087 2352 5162 παρὰ
2380 5092 2497 5149 τοῖς
2525 5093 2760 5162 γονεῦσι,
2793 5085 2961 5144 πλέον
3014 5088 3188 5143 αὐτῶν
3218 5086 3307 5142 καὶ
3356 5090 3457 5142 τοῦ
3507 5082 3661 5139 οἷ’κου

2014 5149 2184 5247 μηδὲν
2215 5149 2398 5235 ἓτέρον
2454 5149 2764 5248 γιᾶώσκεψξ
2792 5164 2920 5248 ‘Ita'
2961 5163 3345 5248 παροιμιακῶς
3393 5163 3659 5248 pastores

2008 5228 2285 5290 dicuntur
2309 5228 2316 5235 ’
2336 5228 2494 5308 σοφοῖ
2556 5231 2988 5308 μεγρῖνπλαγίου
3033 5228 3286 5304 καλάμου
3316 5228 3409 5308 καί
3432 5236 3540 5308 -τῆς
3571 5228 3660 5282 σύ-

2010 5253 2285 5290 αιουηιυι·
2336 5253 2494 5308 σοφοι
2556 5253 2720 5307 μεχρι
2748 5253 2861 5287 πΛα
2907 5253 2988 5286 ιου
3033 5253 3286 5304 καλαμου
3316 5253 3408 5284 και
3441 5253 3540 5298 της
3571 5253 3660 5282 συ-

2010 5326 2220 5382 ριγγος,
2254 5307 2408 5382 quod
2445 5313 2652 5376 praeter
2684 5253 2959 5382 illa_ni{1il
3022 5311 3288 5382 nossent.
3346 5304 3484 5382 Vide
3533 5319 3661 5373 qua:

2007 5375 2482 5434 ad'TheOCritum
2518 5377 2735 5433 notavit
2767 5377 2988 5433 delicia:
3038 5377 3326 5449 politioris
3377 5375 3661 5431 litteratu-

2009 5468 2084 5505 rae
2119 5449 2415 5520 Heinsius.
2763 5519 2769 5520 γ
3032 5505 3042 5520 ο
3089 5504 3100 5520 ν

2079 5523 2154 5592 (li)
2192 5518 2408 5593 Γυναικὶ
2441 5519 2836 5593 προσεμφερὲς,
2870 5505 3122 5593 utnisi"?
3154 5519 3532 5593 Hebraeorum
3589 5534 3658 5572 ex

2008 5589 2294 5648 Be'n'Sirte
2317 5589 2685 5654 Quaast.60et
2712 5592 2834 5647 Elia
2851 5592 3052 5648 Judan
3076 5593 3134 5646 in
3162 5589 3656 5659 Tisbinotissima,

2009 5670 2067 5720 et
2099 5682 2167 5720 ex
2199 5664 2268 5718 iis
2299 5681 2428 5735 quae
2450 5664 2637 5719 Judaei
2658 5665 2717 5718 in
2735 5663 3057 5736 parietibus
3079 5661 3337 5720 cubiculi
3360 5676 3656 5734 puerperis

2007 5755 2309 5811 scribunt:
2340 5737 2500 5815 ιπτὸηὸ
2539 5762 2654 5843 vin
2701 5762 2811 5815 mn
2854 5765 3026 5815 mu:
3082 5753 3276 5820 Adam,
3307 5753 3451 5819 Eva,
3479 5752 3652 5822 foras.
