4080 6350
399 332 517 394 863

1735 330 2164 395 MICHAELIS
2205 328 2479 391 PSELLI

3689 328 3814 387 864

387 464 777 535 judicandum
827 469 934 520 est.
971 466 1329 521 Intrinsecus
1378 465 1533 521 enim
1567 483 1676 521 sua
1716 466 1774 520 in
1805 480 2048 536 corpora

2172 459 2253 515 κᾶν
2311 460 2456 531 αὐτῷ
2493 480 2625 515 ποτε
2681 456 2847 533 δόξῃ,
2907 458 2995 513 καὶ
3055 458 3193 533 πρὸς
3261 457 3429 512 ἀσκοῦ
3490 457 3811 531 μεταπίπτει

400 554 594 610 varias
635 554 893 610 colorum
941 554 1165 626 species
1208 555 1528 623 emittunt;
1580 572 1649 611 ex
1701 572 1817 627 quo
1868 555 1951 623 ﬁt,
1987 558 2051 608 ut

404 660 607 699 eorum
639 644 907 716 quisque,
940 645 1355 701 transformato
1390 646 1450 701 in
1502 659 1917 718 quamcunque
1948 660 2049 699 vo-

406 731 579 787 luerit
611 733 855 803 ﬁguram
891 749 1150 804 corpore,
1195 734 1520 805 colorisque
1553 735 1882 806 cujuspiam
1918 748 2049 803 spe-

403 821 487 875 cie
522 824 577 875 in
610 821 868 892 corporis
929 823 1299 894 superﬁciem
1333 825 1589 891 inducta,
1621 840 1776 878 nunc
1807 822 2046 893 quidem

400 909 509 963 viri
562 911 755 981 specie
803 916 1104 983 appareat,
1156 930 1311 968 nunc
1359 914 1417 968 in
1486 912 1751 968 mulieris
1800 913 2047 967 formam

401 1001 870 1068 transmutetur;
908 1001 1046 1071 quin
1100 1007 1165 1057 ut
1194 1002 1282 1058 leo
1332 1002 1647 1071 animetur,
1682 1006 1746 1057 ut
1789 999 2048 1072 pardalis

404 1086 648 1152 insiliat,
683 1094 748 1143 ut
796 1106 937 1161 aper
965 1089 1174 1158 irruat,
1206 1096 1262 1147 et
1292 1091 1340 1146 si
1390 1092 1626 1163 quando
1659 1091 1709 1146 ei
1741 1088 2047 1161 placuerit,

405 1175 464 1230 in
517 1178 669 1233 utris
716 1179 966 1249 ﬁguram
1018 1184 1389 1236 convertatur
1430 1199 1443 1239 :
1495 1181 1639 1252 quin
1688 1184 1754 1234 ut
1799 1176 2048 1236 catellus

404 1265 792 1322 adblandiens
823 1285 937 1323 non
992 1286 1121 1325 raro
1153 1271 1508 1342 apparuerit.
1541 1272 1805 1341 Cumque
1846 1268 1906 1323 in
1939 1267 2047 1323 has

406 1370 611 1410 omnes
638 1357 853 1413 formas
876 1358 1123 1413 subinde
1146 1364 1426 1428 transeat,
1459 1376 1662 1414 earum
1686 1363 1880 1412 tamen
1914 1356 2045 1411 nul-

2160 557 2376 624 σχῆμα’
2437 548 2527 603 καὶ
2587 550 2661 610 ὡς
2719 549 2977 624 κυνάριον
3011 545 3119 611 ἔσθ’
3177 546 3285 617 ὅπη
3326 548 3807 623 προσηνυζόμενον

2157 636 2327 709 ἔδοξε,
2377 639 2481 695 Καὶ
2512 639 2686 700 πάσας
2743 637 2938 699 ταύτας
2986 636 3080 699 τὰς
3139 637 3349 715 μορφὰς
3392 632 3659 710 ἀμείϐων,
3719 636 3815 691 ού-

2160 725 2354 800 δεμίαν
2404 726 2609 782 τούτων
2664 721 2904 800 ἔμμονον
2948 723 3084 801 ἔχει.
3120 727 3200 784 Οὐ
3230 726 3330 801 γάρ
3362 725 3471 781 ἐστι
3505 725 3723 802 στερρὸν
3750 727 3814 780 τὸ

2159 822 2319 890 σῶμα
2389 818 2541 872 τουτὶ
2590 818 2652 872 τὸ
2721 814 3029 890 δαιμόνιον,
3082 816 3219 871 ὥστε
3274 816 3476 891 στέγειν
3531 815 3585 871 ἐν
3636 816 3815 887 ἑαστῷ

2156 907 2225 961 τὰ
2254 907 2529 984 ληφθέντα
2576 904 2717 976 εἷ’δη’
2767 905 2914 975 ἀλλ’,
2966 906 2995 960 ὃ
3043 900 3358 979 συμϐαίνειν
3392 904 3543 983 φιλεῖ
3590 905 3673 959 ἐπ’
3725 904 3816 960 ἀέ-

2159 1017 2254 1071 ρος
2303 996 2431 1074 φέρε
2457 996 2548 1051 καὶ
2581 993 2801 1064 ὕδατος,
2832 993 2927 1050 κᾶν
2961 999 3169 1072 χρῶμα
3218 993 3435 1071 ἐγχέῃς,
3465 996 3562 1050 κᾶν
3621 1002 3819 1072 σχῆμα

2156 1083 2423 1161 ἐγγράψῃς
2451 1089 2584 1160 (11),
2620 1084 2815 1148 εὐθέως
2859 1082 3129 1161 διαχεῖται
3165 1085 3256 1139 καὶ
3296 1082 3600 1141 διαλύεται·
3648 1088 3814 1139 τοῦτο

2159 1171 2224 1244 δὴ
2256 1173 2318 1230 τὸ
2349 1175 2521 1237 πάθος
2543 1176 2629 1230 καὶ
2665 1174 2754 1230 ἐπὶ
2788 1172 3064 1248 δαιμόνων
3091 1173 3219 1249 ὀρᾷν
3268 1173 3401 1232 ἔστι.
3436 1175 3542 1230 Καὶ
3567 1173 3669 1250 γὰρ
3718 1174 3812 1228 καὶ

2156 1263 2244 1319 ἐπὶ
2291 1266 2499 1320 τούτων
2551 1262 2902 1320 διολισθαίνει
2950 1266 3042 1319 καὶ
3081 1268 3287 1340 χρῶμα
3331 1263 3422 1319 καὶ
3473 1270 3669 1340 σχῆμα
3717 1263 3813 1318 καὶ

2159 1351 2302 1416 εἶδος
2329 1356 2509 1409 ὁτιοῦν
2540 1359 2648 1409 τῶν
2682 1350 2876 1410 ὄντων.

406 1442 525 1498 lam
561 1452 900 1517 perpetuam
935 1448 1127 1503 habet.
1160 1454 1277 1504 Nec
1306 1449 1462 1503 enim
1492 1448 1679 1503 solida
1711 1448 1899 1518 ﬁgura
1925 1451 2053 1513 est;
2097 1446 2197 1501 sed
2232 1447 2384 1518 quod
2418 1446 2491 1501 ab
2523 1462 2671 1513 aere,
2706 1446 2865 1500 verbi
2898 1444 3107 1519 gratia,
3140 1449 3199 1501 et
3251 1446 3323 1500 ab
3374 1460 3530 1516 aqua
3577 1444 3819 1499 contin-

402 1548 541 1603 gere
570 1533 739 1604 solet,
775 1536 894 1590 sive
926 1535 1175 1591 colorem
1211 1537 1283 1591 iis
1338 1537 1639 1606 infundas,
1685 1535 1804 1590 sive
1853 1536 2098 1605 ﬁguram
2147 1535 2427 1603 delinees,
2480 1534 2680 1590 statim
2732 1535 2915 1590 efﬂuit
2961 1538 3138 1606 atque
3193 1534 3566 1601 diﬁ'unditur,
3610 1533 3816 1589 eodem

406 1639 651 1693 prorsus
684 1625 855 1679 modo
887 1625 1179 1682 daemones
1208 1626 1385 1682 etiam
1415 1643 1476 1682 se
1507 1626 1720 1682 habere
1752 1629 1983 1681 constat
2015 1643 2027 1681 :
2055 1625 2343 1697 siquidem
2376 1626 2521 1703 et'in
2555 1626 2629 1680 iis
2660 1624 2836 1693 color,
2872 1624 3059 1697 ﬁgura
3100 1628 3159 1681 et
3186 1624 3405 1696 quaevis
3451 1639 3653 1680 eorum
3687 1640 3819 1694 quas

404 1715 544 1768 sunt
572 1713 759 1769 forma
788 1716 1102 1771 evanescit.

1896 1912 2126 1969 CAPUT
2162 1914 2320 1969 XIX.

869 2012 1049 2080 Quare
1081 2013 1415 2069 damonium
1445 2029 1548 2084 quo
1579 2016 1849 2069 vexantur
1872 2027 2171 2084 puerpera
2196 2015 2379 2081 [arma
2407 2013 2758 2083 potissimum
2785 2011 3049 2068 mulzebri
3073 2012 3365 2083 appareat.

478 2128 609 2180 Haec
640 2130 798 2192 sunt,
833 2126 1158 2198 Timothee,
1212 2145 1338 2199 qua:
1372 2129 1622 2197 Marcus,
1675 2128 2056 2201 probabiliter

2234 2128 2439 2191 Ταῦτα,
2485 2125 2736 2198 Τιμόθεε,
2787 2125 3025 2201 Μάρκος,
3086 2125 3160 2186 ὡς
3221 2123 3319 2199 ἐμὲ
3374 2122 3608 2194 εἷκάσαι,
3656 2133 3824 2185 πιθα-

412 2214 672 2283 quidem,
724 2223 787 2269 ut
835 2217 1105 2287 conjicio,
1157 2218 1489 2273 edisseruit.
1538 2219 1669 2273 Jam
1732 2225 1788 2274 te
1839 2218 2061 2273 nullius

410 2308 544 2373 post
573 2303 691 2358 haac
743 2306 1053 2360 conturbet
1101 2308 1309 2373 oratio,
1343 2312 1623 2380 tanquam
1680 2308 1861 2362 maris
1911 2307 2059 2362 illud

410 2391 759 2462 feminaeque
791 2393 1107 2450 discrimen
1139 2396 1505 2451 daemonibus
1548 2397 1709 2452 insit.
1740 2396 1869 2451 Haec
1901 2396 2057 2451 enim

409 2480 469 2534 in
502 2479 620 2536 illis
673 2482 960 2539 duntaxat
991 2490 1297 2557 apparent,
1327 2502 1528 2540 eorum
1582 2490 1777 2540 autem
1830 2484 2059 2540 nullum

411 2569 469 2623 in
502 2569 711 2626 iisdem
744 2572 1062 2643 perdurare
1111 2574 1452 2630 babitumve
1500 2576 1863 2630 contraxisse
1901 2575 2059 2629 vide-

412 2664 527 2714 tur.
566 2660 809 2716 Proinde
840 2662 983 2717 illud
1017 2680 1254 2735 quoque
1286 2664 1712 2730 daemonium,a
1743 2681 1856 2735 quo
1888 2680 2058 2736 puer-

413 2764 553 2819 pera
580 2749 729 2804 male
760 2755 961 2806 vexata
993 2752 1372 2823 est,qualibet
1404 2753 1459 2807 in
1496 2753 1682 2808 forma
1716 2753 1943 2807 feminae
1967 2768 2060 2825 ap-

412 2838 692 2908 paruerit,
738 2854 807 2893 ne
837 2845 1032 2895 tamen
1078 2840 1193 2896 tale
1222 2858 1371 2909 esse,
1405 2847 1579 2913 atque
1612 2842 1690 2896 ita
1719 2858 1781 2897 se
1808 2841 2056 2909 habere;

414 2928 513 2983 sed
582 2927 763 2983 solam
826 2930 1186 2986 mulierculae
1239 2931 1484 3003 ﬁguram
1552 2929 1739 2987 oculis
1787 2930 2059 2985 exhibere

411 3020 573 3088 puta.

481 3106 774 3163 TIMOTH.
810 3108 917 3174 Qui
966 3125 1099 3164 vero
1134 3109 1215 3179 ﬁt,
1257 3127 1289 3165 ο
1318 3110 1530 3177 Thrax,
1562 3113 1627 3164 ut
1654 3109 1764 3164 hoc
1794 3107 1968 3163 aliam
2003 3112 2059 3163 et

413 3194 588 3250 aliam
622 3198 871 3268 ﬁguram
903 3198 1153 3255 subinde
1188 3216 1301 3255 non
1353 3203 1638 3267 assumat,
1673 3198 2052 3271 quemadmo-

411 3286 551 3339 dum
602 3285 699 3339 alii
755 3287 1070 3349 dzemones,
1121 3289 1221 3343 sed
1287 3304 1518 3359 semper
1566 3289 1717 3343 idem
1766 3287 2052 3342 videatur.

410 3373 712 3445 Siquidem
770 3392 860 3430 me
890 3393 922 3431 a
955 3376 1245 3449 plerisque
1296 3378 1499 3433 audire
1550 3376 1792 3433 memini
1824 3375 2052 3431 femini-

409 3463 594 3518 forme
625 3464 978 3520 daemonium
1011 3467 1313 3538 puerperis
1343 3468 1618 3523 omnibus
1648 3481 1950 3539 apparere.

483 3552 750 3609 THRAX.
783 3555 853 3609 Et
885 3554 1082 3627 hujus,
1116 3573 1147 3611 ο
1180 3557 1504 3616 'l‘imotbee.
1539 3573 1778 3612 causam
1813 3572 1925 3611 non
1961 3555 2053 3609 iu-

410 3642 749 3699 credibilem
819 3645 1048 3701 Marcus
1116 3634 1407 3702 afferebat.
1440 3647 1651 3702 Aiebat
1715 3648 1871 3702 enim
1939 3663 2055 3701 non

411 3748 615 3788 omnes
665 3734 962 3791 daemonas
1010 3736 1272 3806 ejusdem
1320 3736 1626 3809 potestatis
1657 3741 1714 3792 et
1741 3736 2057 3792 voluntatis

411 3839 539 3877 esse
572 3824 908 3896 participes,
941 3826 1041 3880 sed
1102 3843 1213 3880 non
1250 3842 1456 3897 parum
1507 3825 1866 3881 discriminis
1906 3826 2059 3882 inter

413 3928 511 3967 eos
544 3912 653 3968 hac
700 3913 874 3968 etiam
910 3914 967 3968 in
1021 3931 1080 3969 re
1111 3932 1259 3970 esse.
1294 3917 1443 3971 Sunt
1490 3916 1648 3971 enim
1682 3916 1780 3987 qui
1835 3915 2058 3971 ratione

415 4009 669 4068 careant,
718 4011 769 4057 ul
824 4003 977 4057 inter
1022 4003 1349 4059 animantia
1397 4006 1721 4076 composita
1769 4007 2059 4076 mortique

417 4091 689 4145 obnoxia.
726 4093 871 4156 Quia
920 4098 983 4146 ut
1012 4092 1069 4147 in
1121 4092 1213 4148 his
1264 4093 1461 4161 homo,
1494 4110 1627 4149 cum
1679 4096 1757 4149 sit
1786 4094 2062 4149 facultate

416 4179 751 4236 intellectus
801 4186 856 4236 et
923 4182 1168 4237 rationis
1236 4184 1516 4254 participe
1582 4184 1883 4256 praeditus,
1932 4184 2061 4239 ideo

419 4270 841 4339 generaliorem
866 4270 1233 4343 imaginandi
1255 4273 1367 4326 vim
1394 4272 1587 4339 habet,
1621 4291 1745 4344 quae
1769 4275 1840 4328 ad
1865 4275 2064 4329 omnia

424 4359 543 4412 fere
574 4359 880 4415 sensibilia
924 4362 1275 4429 extenditur,
1322 4367 1442 4416 tam
1497 4379 1564 4417 ea
1613 4379 1740 4433 quae
1790 4365 1848 4417 in
1899 4362 2061 4430 ccelo,

425 4463 603 4517 quam
656 4464 783 4519 quae
833 4449 987 4505 circa
1030 4455 1247 4506 terram
1281 4455 1338 4506 et
1385 4450 1444 4505 in
1490 4455 1646 4506 terra
1691 4456 1869 4518 sunt;
1898 4452 2066 4523 equis

425 4540 620 4591 autem
651 4542 709 4592 et
755 4537 965 4607 bobus,
1015 4544 1073 4595 et
1120 4539 1342 4596 caeteris
1394 4539 1453 4595 id
1502 4556 1710 4613 genus,
1759 4541 2069 4613 specialior

424 4626 693 4697 quaedam
744 4627 899 4682 inest
946 4627 1312 4700 imaginandi
1353 4629 1441 4685 vis
1493 4645 1506 4685 :
1560 4630 1775 4702 quippe
1823 4646 1950 4702 quas
1995 4632 2067 4687 ad

422 4730 624 4771 eorum
686 4716 970 4772 nonnulla
1034 4718 1400 4786 extendatur,
1450 4736 1579 4790 quae
1648 4719 2071 4791 imaginatione

419 4804 1024 4877 comprehenduntur,
1057 4811 1114 4862 et
1161 4823 1514 4879 compascua
1554 4808 1663 4862 sibi
1719 4809 2068 4879 animantia,

2176 2220 2282 2277 νὼς
2315 2212 2505 2271 διεῖλε.
2539 2216 2637 2270 Καί
2672 2236 2728 2270 σε
2777 2217 2839 2270 τὸ
2899 2216 3003 2270 άπὸ
3047 2211 3207 2269 τοῦδε
3265 2210 3456 2287 μηδείς
3512 2212 3823 2287 ταραττέτω

2175 2301 2367 2378 λόγος,
2428 2305 2501 2367 ὡς
2549 2301 2802 2377 δαίμοσιν
2851 2303 3074 2371 ἐνούσης
3116 2306 3214 2373 τῆς
3243 2303 3379 2357 κατᾶ
3434 2303 3494 2356 τὸ
3540 2300 3695 2378 ἅρῥεν
3727 2299 3822 2354 καὶ

2174 2392 2316 2464 θῆλυ
2377 2392 2637 2472 διαφορᾶς
2670 2412 2682 2425 ·
2742 2398 2909 2448 ταῦτα
2954 2394 3054 2469 γὰρ
3110 2392 3162 2448 ἐν
3224 2392 3440 2454 τούτοις
3503 2388 3669 2466 μέχρι
3724 2394 3827 2444 τοῦ

2174 2484 2475 2561 φαίνεσθαι·
2531 2485 2763 2558 μόνιμον
2819 2482 2876 2538 δὲ
2935 2482 3026 2537 καὶ
3071 2484 3189 2547 καθ’
3235 2479 3339 2553 ἕξιν
3398 2481 3606 2536 τούτων
3666 2476 3828 2534 οὐδὲν

2175 2574 2226 2628 ἐν
2260 2573 2444 2635 αὐτοῖς
2496 2571 2630 2631 ἐστι.
2691 2572 2784 2627 Διὸ
2830 2571 2919 2627 καί
2965 2573 3029 2627 τὸ
3074 2576 3143 2646 τῇ
3195 2569 3360 2646 λεχοῖ
3402 2568 3826 2646 παρενοχλῆσαν

2175 2660 2485 2736 δαιμόνιον,
2534 2664 2583 2718 εἴ
2625 2663 2863 2739 γυναιξίν
2911 2661 3140 2740 ἐμφερὲς
3193 2661 3395 2735 ιῦρᾶτο,
3449 2660 3526 2732 μὴ
3572 2662 3827 2714 τοιοῦτον

2174 2756 2311 2807 εἶναι
2363 2753 2451 2806 καὶ
2509 2754 2628 2816 καθ’
2674 2749 2781 2823 ἕξιν
2834 2750 2975 2823 οἷόυ,
3026 2752 3186 2825 μόνον
3230 2748 3287 2805 δὲ
3346 2755 3539 2823 σχῆμα
3596 2748 3830 2823 γυναίου

2172 2835 2606 2917 προϐάλλεσθαι.

2239 3113 2471 3169 ΤΙΜΟΘ.
2506 3116 2631 3173 Πῶς
2691 3108 2768 3181 δὲ,
2800 3110 2845 3164 ὧ
2888 3112 3047 3184 Θρᾷξ,
3099 3109 3200 3163 οὐκ
3258 3106 3462 3162 ἄλλοτε
3507 3106 3645 3180 πρὸς
3677 3103 3822 3161 ἄλλο

2166 3199 2256 3255 καὶ
2317 3198 2458 3257 ἄλλο
2507 3208 2702 3276 σχῆμα
2755 3203 3090 3274 μεταχωρεῖ,
3148 3199 3387 3270 καθάπερ
3420 3197 3472 3251 οἱ
3504 3193 3668 3250 ἄλλοι
3704 3192 3821 3249 δαί-

2171 3312 2357 3363 μονες,
2387 3289 2534 3346 ἀλλά
2560 3294 2810 3345 τοιοῦτον
2845 3288 2898 3352 ἐς
2927 3288 3007 3343 ἀεὶ
3042 3290 3270 3363 ὁρᾶταις
3323 3285 3420 3341 Καὶ
3451 3286 3551 3362 γὰρ
3583 3282 3821 3340 πολλῶν

2164 3379 2499 3441 κατακούσας
2560 3375 2675 3455 ἔχω
2709 3426 2724 3452 ,
2777 3376 3133 3454 θηλύμορφον
3186 3377 3384 3439 πάσαις
3440 3380 3561 3436 ταῖς
3621 3371 3815 3449 λεχσῖς

2166 3469 2411 3544 ὁρᾶσθαι.

2236 3564 2439 3630 ΘΡᾼΞ.
2474 3556 2575 3616 Καὶ
2603 3557 2821 3627 τούτου,
2872 3557 3120 3631 Τιμόθεε,
3176 3556 3276 3624 τὴν
3312 3552 3487 3609 αἰτίαν
3533 3554 3561 3607 6
3592 3552 3818 3626 Μάρκος

2165 3648 2267 3701 οὐκ
2323 3648 2579 3711 ἀπίθανον
2644 3642 2987 3702 ἀποδέδωκεν
3024 3689 3039 3702 .
3109 3647 3254 3723 Ἔφη
3315 3644 3416 3720 γὰρ
3472 3644 3550 3716 μὴ
3608 3643 3816 3701 πάντας

2166 3734 2423 3809 δαίμονας
2471 3734 2750 3809 δυνάμεως
2799 3735 2892 3791 καὶ
2947 3736 3267 3810 βουλήσεως
3320 3739 3419 3802 τῆς
3468 3731 3635 3796 αὐτῆς
3688 3751 3817 3803 μετ-

2168 3823 2335 3901 ἐχειν,
2385 3823 2513 3881 ἀλλ’
2544 3827 2679 3880 εἶναι
2712 3824 2928 3894 πολλὴν
2963 3823 3135 3880 αὐτῶν
3193 3822 3291 3878 κάν
3319 3821 3496 3893 τούτῳ
3527 3818 3819 3894 παραλλα-

2166 3917 2289 3989 γήν·
2341 3912 2544 3989 ἄλογον
2589 3916 2690 3991 γὰρ
2735 3912 2876 3990 ἔχειν
2932 3914 3006 3977 ὡς
3054 3911 3141 3968 ἐπὶ
3171 3917 3277 3967 τῶν
3329 3912 3540 3981 θνητῶν
3572 3908 3659 3964 καί
3694 3930 3814 3962 συν-

2170 4005 2337 4067 θέτων
2407 4005 2581 4073 ζώων.
2636 4005 2724 4066 Ὡς
2786 4004 2887 4079 γὰρ
2948 4003 2999 4057 ἐν
3066 4000 3304 4069 τούτοις,
3357 4001 3643 4075 ἄνθρωπος
3698 4000 3814 4070 μὲν,

2174 4093 2418 4167 μετέχων
2469 4090 2745 4166 δυνάμεως
2804 4096 2988 4165 νοερᾶς
3034 4112 3095 4146 τε
3139 4090 3229 4145 καὶ
3278 4084 3573 4166 ἔμφρονος,
3626 4080 3706 4141 ἔτι
3761 4105 3820 4140 τε

2170 4181 2258 4236 καὶ
2306 4183 2403 4250 τήν
2453 4184 2816 4259 φανταστικὴν
2849 4179 3181 4255 ὁλικωτέραν
3215 4176 3329 4254 ἔχει
3361 4181 3495 4251 (12),
3528 4176 3663 4252 πρὸς
3696 4175 3825 4230 πάν-

2170 4292 2236 4326 τα
2262 4269 2457 4348 σχεδὸν
2495 4271 2890 4345 ἐξηπλωμένην
2932 4271 3001 4325 τὰ
3046 4269 3298 4339 αἰσθητὰ,
3354 4266 3421 4323 τά
3451 4288 3508 4322 τε
3554 4267 3672 4321 κατ’
3730 4264 3819 4319 οὐ·

2176 4361 2332 4436 ρανὸν
2383 4363 2473 4416 καὶ
2522 4361 2620 4415 ὅσα
2668 4360 2791 4435 περὶ
2835 4367 2939 4436 γῆν
2983 4381 3042 4415 τε
3088 4359 3177 4414 καὶ
3230 4358 3317 4413 ἐπὶ
3364 4364 3487 4433 γῆς’
3533 4355 3709 4412 ’ίππος
3766 4352 3825 4409 δὲ

2173 4451 2263 4505 καὶ
2300 4451 2429 4526 βοῦς
2459 4452 2549 4505 καὶ
2578 4450 2648 4505 τὰ
2688 4449 2905 4514 τούτοις
2931 4448 3263 4524 ὁμόστοιχα,
3310 4445 3680 4522 μερικωτέραν
3735 4442 3823 4499 καὶ

2175 4540 2313 4615 πρὸς
2371 4534 2486 4595 ἔνια
2531 4544 2639 4595 τῶν
2687 4542 3001 4619 φανταστῶν
3046 4536 3409 4613 ἐνεργοῦσαν,
3463 4535 3531 4589 τὰ
3586 4534 3827 4606 σύννομα

2176 4630 2267 4684 καὶ
2310 4630 2410 4698 τήν
2457 4628 2661 4707 φάτνην
2707 4628 2795 4684 καὶ
2852 4627 2982 4690 τοὺς
3032 4627 3396 4701 κτησαμένους
3438 4624 3824 4699 γινώσκουσαν·

2179 4715 2400 4792 ὲμπίδες
2449 4715 2506 4773 δὲ
2558 4718 2647 4773 καὶ
2707 4722 2859 4793 μυῖαι
2912 4716 3002 4771 καὶ
3049 4714 3331 4786 σκώληκες
3380 4713 3826 4785 ἀπεστενωμένην

2180 4806 2367 4884 ἔχουσι
2397 4808 2600 4879 ταύτην
2649 4810 2739 4863 καὶ
2789 4806 3182 4883 ἀδιάρθρωτον,
3242 4807 3381 4880 μήτε
3435 4803 3582 4873 ἆπὴν
3623 4802 3831 4867 εἰδότος

416 4910 676 4968 praesepe
728 4912 1216 4969 possessoresque
1274 4914 1413 4954 suos
1464 4903 1816 4969 cognoscat;
1851 4897 2056 4953 culices

2176 4898 2404 4953 ἑκάστου
2433 4897 2643 4953 τούτων
2696 4898 2764 4967 ἧς
2823 4895 3170 4968 ἐξελήλυθεν,
3234 4896 3374 4969 μήτε
3426 4894 3595 4949 τόπον
3623 4897 3680 4949 οἴ
3734 4914 3830 4947 πο-

1806 5015 2161 5071 GAULMINI
2212 5016 2438 5071 NOT/E.

418 5105 527 5192 τῷν
584 5102 817 5192 ἐκινεῖτοὶ
869 5101 1003 5192 κατά
1058 5102 1120 5156 τὸ
1170 5099 1589 5192 ’ίδιονῃσχῆμαο
1637 5101 1836 5192 δ’λὲων
1868 5098 2069 5192 ξδρρχε

422 5174 595 5251 θέλων
656 5172 921 5251 ἐπελθεῖν,
971 5174 998 5228 ὁ
1040 5178 1245 5251 ταύρος.
1287 5172 1460 5251 ἐδόκει
1497 5172 1816 5251 ’κερατίζειη
1870 5176 1898 5229 6
1948 5172 2070 5251 ὅιρἶς

420 5240 597 5323 ἕρπων
633 5247 731 5301 οὐκ
760 5240 968 5321 ἔφθανε,
1002 5247 1089 5323 καί
1123 5240 1155 5300 6
1183 5246 1348 5323 λύκος
1378 5240 1575 5321 ὁρμῶί
1607 5240 1879 5323 ἐπείχετο.
1944 5240 2066 5305 Μ’ᾶο

419 5320 475 5390 gi
512 5321 714 5391 nuperi
748 5319 944 5376 tamen
976 5335 1042 5373 ex
1068 5319 1271 5376 formis
1302 5319 1537 5377 ordines
1567 5319 1930 5393 agnoscunt:
1963 5322 2064 5377 sed

421 5394 714 5466 veteribus
746 5394 1032 5466 cujusque
1066 5394 1263 5448 formae
1298 5395 1449 5466 magi
1492 5392 1672 5463 fuere,
1733 5394 1831 5464 qui
1864 5392 1935 5448 ab
1962 5393 2068 5466 illa

424 5463 611 5557 forma
642 5464 699 5518 iu
732 5463 956 5551 similes
976 5470 1334 5557 potestatem
1364 5463 1869 5557 accipiebantqu
1890 5464 2065 5557 Liuipr

424 5533 699 5611 λεόντων,
759 5535 919 5608 μάγοι
973 5533 1146 5611 ὄφεων
1207 5533 1535 5608 Babyloniis
1559 5555 1590 5611 :_
1632 5533 1944 5611 Jamblich‘.
1991 5533 2066 5591 'in

424 5607 630 5690 Ehotio
658 5610 810 5690 (cod.
833 5607 966 5690 _9i);
999 5607 1544 5690 serpentumetiam
1578 5608 1752 5690 hodie
1780 5609 1838 5690 in
1867 5608 2064 5690 Aloys.

426 5680 797 5748 Cadamosto,
830 5681 947 5735 imo
977 5686 1036 5737 et
1065 5679 1319 5752 piscium
1351 5680 1412 5736 in
1444 5679 1582 5737 Polo
1639 5679 1858 5737 Veneto
1915 5679 2067 5736 Lon-

2179 5122 2320 5179 gum
2353 5110 2509 5162 esset
2532 5110 2731 5163 omnia
2762 5110 3061 5178 prosequi.

2256 5179 2368 5249 (11)
2404 5179 2650 5235 Prorsus
2681 5179 2868 5250 tangit
2920 5176 3195 5247 adagium
3244 5172 3321 5233 εἷς
3378 5168 3543 5250 ὕδωρ.
3581 5170 3830 5250 γράφειν,

2178 5244 2360 5321 (μιοᾶ
2386 5252 2605 5307 Arabes
2654 5244 2891 5317 habent,
2927 5244 3137 5319 aquam
3164 5250 3392 5319 pingere
3431 5263 3445 5301 :
3494 5244 3739 5300 'Centur.
3770 5247 3831 5311 2,

2389 5324 2653 5465 Εἓρροιιξῐ
2710 5388 3044 5465 ἀλιγωτέραν
3104 5387 3479 5465 φανταστικὴν-
3527 5386 3824 5465 ἀνθρωπων

2173 5460 2616 5539 τῇμερικὼτὲρᾳ
2644 5468 2752 5517 τῶν
2774 5460 2960 5539 ἳππων
2993 5468 3050 5519 et
3075 5460 3324 5539 aliorum
3386 5460 3775 5539 animantium
3806 5476 3820 5524 ;

2176 5528 2373 5608 inepte
2431 5528 2695 5608 prorsus,
2754 5538 2804 5592 si
2854 5538 2937 5591 ita
2983 5534 3241 5605 scripsit.
3298 5533 3435 5608 Lege
3466 5528 3821 5602 ὁλικώτεραν.

2178 5604 2586 5666 ϐαπέγαίἱὸνθηι
2609 5609 3033 5681 interpretatur
3060 5604 3371 5677 interpres,
3403 5604 3571 5660 bene.
