4088 6350
466 351 581 410 871

1799 346 2226 410 MIGHAELIS
2269 346 2546 410 PSELLI

3754 348 3874 414 872

466 486 791 559 quidquam
823 482 1136 542 asserebat.
1185 481 1243 538 Si
1278 481 1516 552 quidem
1566 482 1655 538 vel
1698 481 1829 553 ipsa
1868 495 1997 537 sese
2027 481 2068 536 fa

2185 479 2485 554 _xpno'cov,
2517 477 2599 534 ὅτι
2656 478 2745 534 καὶ
2792 479 2858 534 τὰ
2904 476 3112 534 τούτων
3162 477 3587 555 περιαυτολογία
3630 480 3720 535 καὶ
3778 479 3872 536 τόν

465 582 643 645 stum,
677 576 1062 645 imposturam
1088 586 1417 641 vanamque
1440 571 1923 643 imaginationem
1953 569 2116 626 inso-

464 665 684 720 lentius
714 678 842 717 esse
884 662 1132 732 jactant,
1185 658 1456 730 ultroque
1507 659 1872 731 proﬁtentur.
1925 659 2010 714 Ab
2044 657 2115 713 iis

462 754 616 810 enim
651 753 709 806 in
740 767 837 806 eos
860 769 893 804 a
921 749 1140 821 quibus
1163 747 1611 820 colunturignei
1646 749 1887 819 quidam
1919 747 2112 818 fulgo-

459 859 552 896 res
583 840 950 896 descendunt
982 838 1338 912 (cujusmodi
1389 842 1530 894 sunt
1561 835 1952 892 scintillarum
1985 853 2111 908 quae

457 927 758 989 διάττοντες
804 946 836 983 a
883 929 1120 998 Graecis,
1153 927 1456 999 stellaeque
1502 927 1778 982 cadentes
1815 926 1991 998 vulgo
2022 926 2111 980 di-

455 1021 689 1086 cuntur)
721 1034 964 1073 excursu
1000 1018 1359 1084 substantes,
1394 1033 1542 1088 quos
1583 1015 1819 1086 quidem
1855 1015 2108 1086 lulgores

454 1109 649 1165 insani
680 1105 964 1174 θεοπτιάς,
997 1123 1100 1163 seu
1140 1106 1242 1162 Dei
1294 1106 1690 1177 apparitiones
1720 1105 1973 1160 vocitare
2004 1123 2105 1160 au-

453 1201 614 1254 dent.
649 1198 872 1262 Quibus
905 1195 1050 1251 nihil
1104 1194 1242 1260 veri,
1279 1195 1425 1250 nihil
1454 1194 1617 1261 certi,
1652 1193 1798 1248 nihil
1845 1194 1998 1248 firmi
2027 1193 2105 1250 si-

451 1288 630 1359 bique
661 1284 986 1341 constantis
1011 1283 1528 1355 continetur(quid
1562 1282 1716 1336 enim
1751 1281 1901 1338 lucis
1933 1283 1989 1337 in
2025 1288 2104 1338 te-

451 1377 776 1432 nebricosis
810 1374 1175 1430 daemonibus
1196 1372 1266 1440 ?),
1290 1372 1389 1427 sed
1424 1389 1554 1443 quae
1575 1372 1693 1426 sint
1713 1387 1914 1426 eorum
1947 1371 2102 1426 ludi-

449 1483 547 1523 cra
578 1463 909 1535 cujusmodi
939 1463 1210 1517 videntur
1257 1461 1315 1514 in
1365 1459 1666 1515 oculorum
1703 1459 2100 1530 productioni-

447 1557 581 1619 bus,
615 1558 716 1608 aut
747 1554 804 1607 in
837 1552 910 1606 iis
938 1567 1066 1622 quae
1119 1548 1405 1604 miracula
1435 1548 1607 1620 vulgo
1637 1553 1938 1614 vocantur,
1971 1565 2097 1619 quae

444 1644 662 1700 idcirco
679 1644 918 1710 ﬁunt,ut
939 1637 1878 1703 videntibusilludatur.Quamvis
1900 1642 2093 1692 autem

442 1734 565 1789 hanc
599 1730 863 1786 misellus
895 1746 1000 1801 ego
1041 1729 1211 1800 longe
1260 1733 1431 1782 antea
1465 1727 2003 1798 deprehendissem,
2039 1731 2096 1782 et

441 1825 512 1878 ab
544 1823 652 1878 hac
676 1820 952 1893 religione
975 1818 1302 1874 desciscere
1324 1816 1661 1882 meditarer,
1684 1820 1882 1871 tamen
1907 1816 1965 1870 in
1990 1815 2092 1870 ho-

437 1913 706 1968 diernum
732 1927 922 1982 usque
952 1908 1107 1963 diem
1143 1907 1455 1980 praestigiis
1485 1922 1687 1961 eorum
1710 1905 1973 1960 irretitus
2005 1908 2091 1960 at-

435 2018 548 2076 que
581 2004 854 2058 detentus
877 2015 1033 2065 sum,
1053 2002 1228 2068 atque
1257 1996 1401 2051 adeo
1427 1994 1757 2050 miserrima
1778 2009 1881 2066 ego
1907 1999 2093 2051 morte

434 2091 864 2155 occubuissem,
913 2088 1025 2142 nisi
1053 2091 1114 2140 tu
1169 2102 1261 2140 me
1309 2101 1502 2139 veram
1539 2084 1595 2138 in
1645 2085 1798 2139 viam
1832 2084 2092 2141 reduxis-

433 2198 551 2248 ses,
584 2186 869 2250 tanquam
901 2178 994 2231 fax
1017 2175 1076 2231 in
1107 2175 1313 2245 pharo,
1345 2175 1412 2228 ad
1447 2173 1878 2229 discutiendam
1908 2174 2090 2230 maris

432 2271 572 2326 illuc
630 2267 923 2326 tenebrosi
997 2264 1304 2338 caliginem
1386 2263 1692 2335 effulgens.
1753 2263 1854 2318 llis
1911 2263 2087 2319 dictis

2228 590 2346 646 φος,
2380 567 2555 638 ἀπάτη
2613 589 2673 622 τε
2729 567 2818 623 καὶ
2878 568 3138 646 φαντασία
3186 566 3454 631 διάκενος.
3494 571 3874 648 Ἀφικνοῦνται

2229 659 2325 730 μὲν
2379 658 2481 733 γὰρ
2539 658 2629 712 ἀπ’
2691 657 2866 712 αὐτῶν
2927 656 3014 712 ἐπὶ
3078 657 3205 719 τοὺς
3260 658 3656 732 θρησκεύοντας
3711 659 3871 735 αὐγαὶ

2223 744 2496 821 πυρώδεις
2523 750 2661 819 (32),
2694 749 2804 801 οἷαι
2837 744 2904 818 δή
2935 768 3076 810 τινες
3107 749 3161 802 αἱ
3190 752 3298 802 τῶν
3353 745 3678 804 διαττόντων
3735 749 3868 804 ὑπο-

2222 833 2420 911 δρομαὶ
2474 838 2607 908 (33),
2637 835 2696 898 ἃς
2754 836 3008 898 θεοπτίας
3066 838 3116 891 οἱ
3177 837 3481 910 μεμηνότες
3521 838 3726 909 ἀξιοῦσι
3774 861 3870 894 κα-

2220 922 2357 996 λεῖν,
2392 923 2544 980 οὐδὲν
2594 925 2824 1000 ἐχούσας
2881 925 3106 996 ἀληθὲς,
3165 923 3278 981 οὐδ’
3333 927 3557 998 ἑστηκὸς
3601 925 3726 983 οὐδὲ
3778 929 3868 1003 et-

2218 1009 2392 1069 6αιον¹
2417 1013 2493 1084 (τί
2523 1015 2627 1091 γὰρ
2659 1013 2710 1068 ἐν
2740 1012 2990 1088 δαίμοσιν
3054 1014 3424 1094 ἐζοφωμένοις
3467 1015 3585 1071 οῦσι
3634 1039 3863 1078 φωτοει-

2217 1100 2366 1176 δέε;)
2425 1102 2572 1158 ἀλλά
2626 1103 2849 1178 παίγνια
2902 1104 3110 1160 τούτων
3165 1101 3352 1174 οὔσας,
3387 1108 3476 1160 οἷα
3521 1107 3589 1161 τὰ
3636 1105 3689 1161 ἐν
3742 1113 3864 1169 ταῖς

2211 1197 2318 1247 τῶν
2378 1193 2644 1265 ὀμμάτων
2703 1199 3061 1267 παραγωγαῖς
3088 1196 3224 1265 (34),
3253 1194 3287 1264 ἢ
3319 1195 3386 1249 τὰ
3429 1194 3553 1269 περὶ
3607 1198 3715 1250 τῶν
3775 1217 3867 1250 κα-

2213 1283 2498 1354 Λουμένων
2554 1283 2972 1354 θαυματοποιῶν
3032 1282 3113 1336 ἐπ’
3162 1281 3394 1357 ἐξαπάτῃ
3443 1288 3552 1338 τῶν
3611 1285 3864 1357 ὁρώντων

2209 1370 2494 1445 γινόμενα.
2565 1370 2662 1427 Καὶ
2710 1373 2859 1435 ταῦθ’
2921 1372 2948 1425 ὁ
3009 1368 3252 1435 δειλαῖος
3309 1373 3418 1447 ἐγὼ
3481 1373 3588 1447 πρὸ
3643 1372 3863 1430 πολλοῦ

2209 1461 2490 1536 φωράσας,
2547 1460 2634 1514 καὶ
2710 1460 2907 1515 τούτου
2985 1462 3226 1534 μελετῶν
3293 1462 3695 1532 ἀποστήσεσθαι
3765 1468 3862 1518 τοῦ

2207 1549 2820 1625 θρησκεύματος,ὅμως
2865 1546 2968 1612 ἕως
3013 1547 3170 1606 τοῦδε
3227 1552 3567 1626 κατειχόμην
3628 1573 3859 1627 γοητευ-

2207 1639 2336 1703 θεῖς,
2370 1639 2457 1694 καί
2493 1661 2589 1710 μοι
2623 1644 2763 1701 σῶος
2793 1634 3018 1714 ὄλεθρος
3046 1643 3157 1713 (35)
3189 1642 3256 1709 ἦν
3304 1641 3388 1711 ἂν,
3420 1641 3464 1696 εἶ
3519 1643 3595 1713 μὴ
3643 1641 3709 1696 σύ
3762 1664 3856 1714 μοι

2202 1734 2301 1798 τῆς
2360 1726 2602 1798 ἀληθοῦς
2659 1728 2912 1804 ἐξηγήσω
2967 1724 3180 1804 τρίϐου,
3211 1729 3452 1803 καθάπερ
3501 1732 3706 1806 πυρσὸς
3766 1731 3854 1787 ἐπὶ

2204 1817 2496 1880 θαλαττίας
2561 1819 2909 1891 σκοτομήνης
2992 1816 3289 1895 ἀναφανείς.
3350 1819 3514 1876 Ταῦτ’
3574 1819 3765 1891 εἰπὼν,
3827 1823 3855 1876 ὁ

2201 1906 2422 1980 Μάρκος
2480 1903 2703 1980 δάκρυσι
2759 1907 2856 1968 τὰς
2913 1908 3141 1982 παρειάς
3198 1907 3510 1982 κατῃόνιζεν
3539 1910 3674 1982 (36).
3711 1910 3853 1984 Ἐγὼ

2203 1993 2261 2050 δὲ
2291 1994 2450 2050 αὐτὸν
2506 1996 2910 2070 ἀνακτώμενος,
2945 2001 3161 2062 Ιιενθεῖν
3216 1998 3312 2071 μὶν
3358 1998 3560 2068 ἐξέσται
3617 2020 3702 2054 σοι
3761 2000 3852 2055 καὶ

2205 2085 2512 2157 μετέπειτα,
2574 2080 2708 2160 ἔφην
2739 2104 2753 2118 ·
2787 2088 2878 2139 νῦν
2928 2083 2985 2140 δὲ
3037 2085 3152 2160 ὥρα
3202 2087 3583 2161 πανηγυρίζειν
3643 2107 3727 2143 σοι
3785 2088 3854 2144 τά

2201 2175 2445 2247 σωτήρια
2475 2175 2607 2246 (37),
2639 2172 2728 2227 καὶ
2761 2177 2877 2246 Θεῷ
2906 2176 3070 2250 χάριν
3104 2171 3296 2229 εἰδέναι
3327 2176 3454 2251 παρ’
3481 2175 3541 2230 οὗ
3571 2176 3659 2231 καὶ
3689 2179 3845 2252 ψυχὴ

2199 2260 2288 2316 καὶ
2328 2265 2452 2323 νοῦς
2486 2259 2750 2336 ὀλεθρίων
2787 2260 3210 2319 ἀπαλλάττεται.

432 2360 662 2415 Marcus
695 2359 753 2412 in
785 2363 980 2411 tantas
1015 2353 1279 2426 prorupit
1308 2354 1618 2425 lacrymas,
1655 2356 1717 2409 ut
1759 2353 1832 2407 iis
1864 2369 2027 2425 genie
2078 2351 2351 2423 utrinque
2397 2352 2748 2408 difﬂuerent.
2777 2356 2896 2425 Ego
2928 2357 3121 2409 autem
3157 2369 3291 2410 eum
3340 2355 3696 2425 consolatus,
3729 2357 3846 2412 Lu-

428 2467 564 2524 gere
594 2448 698 2503 tibi
731 2451 932 2519 postea
960 2444 1179 2513 licebit,
1214 2445 1478 2516 inquam,
1514 2459 1668 2498 nunc
1699 2458 1832 2498 vero
1873 2441 2140 2498 liberalia
2187 2441 2392 2496 festivo
2438 2441 2552 2496 ritu
2603 2441 2951 2497 celebranda
2981 2447 3138 2513 sunt,
3172 2444 3530 2516 agendaque
3557 2445 3674 2502 Deo
3700 2461 3841 2518 gra-

423 2543 537 2611 tiae,
572 2540 742 2611 cujus
772 2536 1050 2594 beneficio
1081 2535 1279 2591 anima
1308 2540 1410 2591 tua
1438 2540 1494 2591 et
1525 2552 1690 2592 mens
1721 2551 1755 2589 a
1785 2533 2129 2606 perniciosis
2160 2533 2526 2589 daemonibus
2574 2531 2832 2589 liberatae
2883 2539 3038 2590 sunt.

1887 2792 2126 2849 CAPUT
2164 2790 2362 2847 XXIII.

894 2901 1170 2972 Quomodo
1197 2901 1468 2958 dwmones
1492 2903 1896 2975 percutiuntur,
1926 2901 2102 2974 deque
2131 2900 2466 2960 daemoniaci
2493 2918 2527 2957 α
2556 2901 2728 2958 solido
2757 2917 2984 2972 corpore
3009 2902 3346 2976 diﬂerentia.

486 3034 782 3090 TIMOTII.
815 3033 949 3088 Jam
993 3031 1104 3087 hoc
1152 3034 1214 3085 tu
1249 3029 1394 3084 mihi
1445 3029 1706 3085 discendi
1752 3029 2070 3102 percupido

413 3124 688 3193 edissere,
723 3137 1003 3178 numnam
1031 3121 1365 3175 demonum
1397 3134 1643 3190 corpora
1673 3118 1897 3190 percuti
1930 3135 2069 3190 pos-

412 3213 578 3269 sint?

482 3299 746 3354 THRAX.
783 3300 868 3354 Ita
899 3296 1331 3370 percutiuntur,
1377 3295 1879 3370 quemadmodum
1913 3295 2063 3351 Mar-

411 3405 515 3445 cus
555 3389 875 3455 astruebat,
927 3391 992 3443 ut
1037 3385 1213 3442 etiam
1265 3390 1423 3443 certo
1469 3385 1589 3441 ictu
1638 3385 1697 3439 in
1747 3390 1941 3440 cutem
1973 3384 2061 3439 in-

409 3477 563 3533 ﬂicto
597 3477 916 3533 indoleant.
951 3475 1059 3541 Qui
1090 3492 1225 3531 vero
1257 3475 1381 3531 fieri
1409 3473 1518 3530 hoc
1550 3477 1763 3546 potest,
1792 3475 2059 3546 inquam,

405 3583 536 3621 cum
570 3567 691 3621 sint
719 3566 983 3638 spiritus,
1018 3581 1133 3619 non
1165 3569 1363 3619 autem
1396 3561 1585 3618 solida
1616 3563 2060 3635 compositaque

398 3672 661 3726 corpora,
695 3654 912 3726 quibus
941 3670 1149 3708 sensus
1195 3669 1337 3708 suus
1369 3657 1426 3708 et
1459 3651 1772 3725 peculiaris
1803 3652 1937 3708 est?
1968 3653 2055 3706 Ad

395 3744 516 3800 haec
549 3745 665 3810 ille,
713 3745 914 3809 Miror,
963 3742 1180 3814 inquit,
1230 3743 1354 3797 hac
1403 3742 1684 3814 ignorari,
1737 3759 1850 3797 non
1899 3759 1965 3798 os
1996 3743 2056 3797 in

394 3835 601 3906 quovis
634 3834 890 3900 homine,
927 3848 1117 3903 neque
1169 3848 1425 3895 nervum,
1462 3833 1519 3886 id
1567 3848 1697 3887 esse
1728 3832 1881 3902 quod
1918 3848 2054 3887 sen-

392 3923 483 3992 tit,
519 3925 619 3978 sed
653 3923 932 3995 spiritum
965 3922 1039 3977 iis
1070 3921 1337 3976 insitum.
1374 3921 1626 3976 Proinde
1671 3922 2054 3992 quantumvis

391 4017 692 4082 prematur
742 4029 972 4080 nervus,
1007 4016 1107 4065 aut
1163 4011 1558 4081 refrigeretur,
1593 4017 1696 4066 aut
1745 4011 1901 4066 aliud
1940 4010 2054 4065 hu-

381 4101 646 4171 jusmodi
679 4101 957 4172 patiatur,
992 4099 1252 4154 dolorem
1277 4115 1345 4153 ex
1377 4099 1626 4170 spiritus
1666 4100 1725 4154 in
1772 4099 2049 4171 spiritum

391 4190 758 4244 immissione
788 4189 1024 4244 oboriri.
1059 4187 1172 4243 Nec
1203 4188 1362 4243 enim
1406 4189 1533 4244 ﬁeri
1566 4205 1759 4260 posse,
1792 4193 1856 4244 ut
1885 4205 2048 4245 eom-

400 4278 657 4348 positum
709 4294 922 4348 corpus
974 4284 1075 4346 per
1123 4292 1184 4331 sc
1235 4275 1446 4341 doleat,
1485 4277 1580 4332 sed
1618 4277 1758 4348 quia
1806 4277 2050 4349 spiritus

385 4365 678 4438 particeps
723 4369 813 4421 est
860 4381 872 4421 :
907 4364 1379 4436 quandoquidem
1423 4366 1480 4421 in
1514 4367 1699 4421 frusta
1729 4366 2048 4422 dissectum

384 4453 470 4510 vel
530 4459 833 4509 mortuum
883 4470 1058 4508 sensu
1118 4469 1361 4524 prorsus
1410 4460 1587 4520 caret,
1651 4455 1790 4524 quia
1837 4455 2047 4527 spiritu

390 4543 724 4617 privatum;
761 4543 964 4598 itidem
998 4546 1055 4599 et
1080 4542 1426 4611 demonem,
1459 4559 1592 4598 cum
1629 4548 1787 4600 totus
1818 4544 1896 4600 sit
1925 4545 2048 4618 spi-

2252 3030 2480 3084 ΤΙΜΟΘ.
2515 3030 2684 3082 Τοῦτο
2733 3024 2790 3082 δέ
2844 3049 2939 3099 μοι
3001 3029 3187 3102 μαθεῖν
3252 3026 3575 3104 βουλομένῳ
3627 3029 3833 3108 ιρράσον

2179 3114 2225 3169 εἰ
2256 3116 2322 3170 τά
2353 3110 2610 3189 δαιμόνια
2641 3115 2866 3190 σώματα
2898 3116 2988 3172 οἷά
3015 3118 3072 3172 τέ
3102 3115 3212 3173 ἐστι
3245 3115 3600 3189 πλήττεσθαι.

2096 3266 2138 3334 C
2247 3295 2449 3365 ΘΡᾼΞ.
2484 3291 2810 3364 Πλήττεται,
2844 3294 2873 3348 ὁ
2924 3291 3146 3371 Μάρκος
3206 3298 3375 3366 εἶπεν,
3427 3295 3504 3360 ὡς
3553 3297 3641 3352 καὶ
3696 3295 3828 3353 ὀδυ-

2163 3383 2359 3436 νᾶσθαι
2422 3387 2638 3456 στερεᾶς
2688 3382 3094 3459 ἐπενειχθείσης
3145 3382 3196 3439 ἂν
3255 3390 3401 3462 χρῷ.
3462 3385 3634 3444 Ἀλλά
3677 3385 3824 3460 πῶς,

2170 3467 2328 3548 ἔφην,
2359 3471 2638 3544 πνεύματα
2695 3467 2844 3544 ὄντα,
2896 3473 2982 3527 καὶ
3047 3470 3188 3546 μηδὲ
3244 3475 3434 3550 στερεᾶ
3492 3473 3631 3549 μηδὶ
3695 3477 3827 3533 σύν-

2171 3570 2331 3629 θετα;
2392 3560 2481 3614 καί
2541 3581 2626 3614 τοι
2683 3565 2790 3616 τῶν
2844 3562 3108 3626 συνθέτων
3168 3565 3204 3632 ἡ
3247 3560 3514 3634 αἴσθησις.
3577 3565 3678 3621 Καὶ
3734 3567 3820 3636 ὂς,

2169 3650 2460 3722 Θαυμάζω,
2495 3651 2664 3722 εἶπεν,
2697 3648 2778 3705 ὅτι
2813 3672 2896 3704 σοι
2929 3656 3090 3706 τοῦτο
3121 3651 3414 3727 ἠγνόηται,
3449 3653 3512 3708 τὸ
3564 3651 3700 3727 μηδ’
3729 3655 3820 3711 ἐπὶ

2164 3743 2412 3792 τινοσοῦν
2455 3743 2553 3810 μῦν
2587 3740 2623 3807 ἢ
2672 3743 2862 3813 νεῦρον
2906 3743 3043 3794 εἶναι
3101 3741 3163 3795 τὸ
3217 3741 3622 3814 αἰσθανόμενον,
3672 3743 3825 3800 ἀλλά

2165 3826 2227 3880 τὸ
2259 3825 2308 3881 ἐν
2341 3826 2560 3890 τούτοις
2619 3826 2924 3904 ἐνυπάρχον
2984 3833 3216 3902 πνεῦμα.
3251 3831 3343 3884 Διὸ
3404 3831 3499 3886 κᾶν
3560 3828 3826 3903 θλίϐηται

2162 3917 2224 3971 τὸ
2256 3919 2463 3992 νεῦρον,
2497 3915 2590 3970 κᾶν
2616 3916 2884 3991 ψόχηται,
2918 3917 3013 3972 κᾶν
3052 3916 3192 3974 ἄλλο
3227 3921 3416 3975 ὁποῖον
3468 3918 3533 3991 δή
3565 3942 3615 3976 τι
3649 3924 3820 3997 πάθῃ,

2161 4009 2258 4059 τοῦ
2289 4005 2597 4076 πνεύματος
2624 4004 2697 4067 εἷς
2721 4006 2784 4060 τὸ
2814 4009 3028 4079 πνεῦμα
3065 4011 3425 4081 πεμπομένου
3471 4011 3568 4078 τὴν
3621 4009 3824 4084 ὀδύνην

2165 4099 2300 4151 εἶναι
2335 4115 2346 4128 °
2381 4098 2499 4150 καθ’
2526 4097 2683 4151 ἑαυτὸ
2714 4098 2816 4171 γὰρ
2851 4097 2951 4152 οὐκ
3008 4098 3067 4153 ἂν
3131 4096 3372 4172 ὀδυνῷτο
3422 4101 3484 4156 τὸ
3535 4100 3820 4174 σύνθετον,

2161 4183 2308 4241 ἀλλᾶ
2331 4185 2392 4240 τὸ
2428 4185 2657 4260 μετέχον
2705 4190 2800 4240 τοῦ
2851 4187 3158 4261 πνεύματος
3193 4209 3205 4222 ·
3263 4188 3374 4244 ἐπεὶ
3426 4189 3818 4264 παραλελυμέι

2160 4297 2249 4331 νον
2310 4274 2344 4344 ἢ
2399 4276 2662 4351 νεκρωθὲν
2723 4275 3116 4348 ἆνεπαίσθητόν
3175 4278 3307 4350 ἐστι,
3346 4283 3443 4334 τοῦ
3498 4282 3815 4353 πνεύματος

2158 4363 2458 4440 γυμνωθέν.
2512 4365 2618 4419 Καὶ
2673 4365 2734 4419 τὸ
2785 4363 3067 4438 δαιμόνιον
3128 4364 3250 4443 ἄρα,
3293 4372 3506 4442 πνεῦμα
3551 4366 3624 4424 δι’
3673 4370 3812 4426 ὅλου

2159 4455 2217 4509 ’ὸν
2261 4453 2400 4508 κατὰ
2451 4453 2606 4530 φύσιν
2649 4451 2984 4525 αἷσθητικὸν,
3034 4455 3170 4511 κατὰ
3233 4460 3336 4511 πᾶν
3392 4458 3581 4513 ἑαυτοῦ
3643 4461 3810 4534 μέρος

2158 4543 2372 4616 ἀμέσως
2407 4542 2507 4617 ὁρᾷ
2534 4562 2593 4596 τε
2621 4543 2710 4596 καὶ
2741 4541 2924 4598 ἀκούει
2956 4545 3044 4598 καὶ
3093 4545 3158 4599 τὰ
3201 4551 3301 4615 τῆς
3350 4546 3490 4620 ἁφῆς
3544 4547 3811 4622 ὑπομένει

1784 4660 2138 4718 GAULMINI
2174 4660 2401 4716 NOTAE.

381 4758 562 4884 iugi?)
611 4754 786 4831 Αὐγαὶ
861 4752 1174 4830 πυρώδεις.
1247 4757 1479 4829 Optime
1534 4757 1905 4814 Jamblichus
1963 4761 2036 4815 de

377 4847 519 4885 11118.

587 4901 711 4974 Non
743 4899 1009 4974 intelligo
1042 4898 1164 4964 illa,
1199 4899 1251 4953 αἳ
1289 4904 1397 4974 τῷν
1435 4897 1524 4954 διὰ
1551 4902 1758 4956 τούτων
1797 4897 2032 4974 ὑποδρο-

377 4972 496 5097 grai.
548 4972 796 5028 Indubie
847 4977 1160 5040 corruptus
1211 4977 1299 5027 est
1352 4972 1555 5030 locus.
1615 4975 1765 5047 Lego
1823 4974 1878 5026 ai.
1924 4972 2031 5027 τῶν

414 5043 702 5097 ιαττόντων
739 5039 1068 5097 ὑποδρομαί.
1109 5042 1176 5097 Οἱ
1215 5039 1518 5097 διάττοντες
1577 5049 1661 5097 vel
1731 5041 2031 5097 διαθέοντες

414 5043 702 5118 ιαττόντων
739 5039 1068 5118 ὑποδρομαί.
1109 5042 1176 5118 O_'t
1215 5039 1518 5118 διάττοντες
1577 5049 1661 5100 vel
1693 5039 2034 5107 ’διαθέοντες

377 5063 702 5097 οιαττοντων
739 5063 1068 5168 υποοροῗᾷαι.
1109 5063 1176 5097 Ui.
1215 5063 1518 5106 οιαττοντες
1577 5063 1661 5100 νει
1731 5063 2033 5107 οιαθεοντες

377 5113 915 5195 dctépcg,_ut_vocat
968 5115 1262 5195 icephor.
1314 5116 1642 5195 Bleminyd.
1705 5134 1755 5195 _c.
1809 5120 1872 5171 12
1930 5139 2033 5195 φυ-

376 5186 812 5266 ai.x._‘n_otissimi
841 5192 1003 5266 sunt.
1037 5186 1220 5266 Nemo
1269 5187 1380 5243 nisi
1413 5186 1618 5266 τυφλῦς
1657 5187 1749 5242 τόν
1794 5209 1851 5242 τε
1905 5186 2030 5243 νοῦν

371 5257 438 5312 τά
467 5262 512 5310 τ’
545 5255 788 5328 ὄμματα,
823 5258 1133 5328 dubitavit.

444 5323 814 5404 (34)_:Haiyvta
843 5328 934 5382 καὶ
963 5323 1181 5404 κυϐείαν
1228 5330 1488 5398 magicas
1538 5331 1865 5404 praestigias
1920 5332 2032 5386 dici

368 5400 460 5455 vir
489 5401 672 5457 solide
704 5400 911 5458 doctus
944 5402 1168 5470 pridem
1203 5406 1291 5455 est
1321 5419 1453 5458 cum
1489 5400 1811 5459 annotavit.
1855 5405 2033 5458 Cute-

371 5489 503 5548 rum
537 5474 589 5526 αἱ
635 5476 745 5527 τῶν
797 5472 1062 5548 ὀμμάτων
1097 5473 1415 5548 παραγωγαὶ
1448 5476 1748 5548 oculorum
1785 5476 2034 5548 fascina-

372 5544 563 5618 tiones
614 5551 773 5618 sunt.
824 5543 970 5600 Nam
1024 5543 1423 5618 productio-nes,
1474 5546 1700 5618 οἱκατὰ
1728 5543 1870 5601 πόδα
1904 5548 2032 5602 red-

373 5615 602 5691 diderat
633 5617 945 5691 interpres,
985 5615 1158 5691 nemo
1191 5619 1416 5690 probet,
1450 5617 1673 5691 nisiude
1707 5621 1900 5691 optica
1959 5620 2032 5675 ad

372 5684 532 5741 hunc
563 5687 757 5745 locum
791 5684 1210 5762 disputando}
1242 5721 1310 5730 —
1366 5684 1776 5747 Morellianum
1833 5691 2031 5763 produ-

2143 4755 2558 4834 ctione:_nullze
2596 4757 2669 4834 de
2698 4756 2896 4829 eptica
2924 4758 3360 4834 disputationes
3393 4761 3575 4818 nitide
3597 4763 3810 4834 proba-

2148 4835 2307 4905 runt.
2341 4827 2785 4905 Sunt_6ppai-cu}v
2831 4827 3154 4905 παραγωγαὶ
3197 4827 3654 4905 allucinationés
3710 4851 3810 4890 va-

2146 4902 2264 4966 riae,
2300 4917 2449 4975 quae,
2484 4899 2619 4975 laeso
2671 4917 2845 4975 nervo
2895 4899 3026 4973 ipso
3076 4899 3299 4974 'optico,
3357 4906 3511 4975 quod
3568 4906 3809 4962 rarissi-

2143 4990 2330 5048 muin,
2362 4972 2449 5025 vel
2481 4971 2684 5026 vitiato
2707 4971 2951 5048 humore
2974 4971 3318 5045 cryst'allini,
3345 4971 3497 5048 quod
3528 4977 3806 5048 frequen-

2143 5045 2444 5116 tissimum
2497 5059 2601 5098 nec
2650 5043 3054 5115 periculosum
3096 5052 3207 5113 est,
3265 5043 3512 5104 nebulas
3567 5043 3805 5116 tenues,

2144 5115 2743 5192 spissioresquoque,
2777 5133 2842 5171 ac
2873 5117 3309 5192 ﬁlamentorum
3342 5135 3546 5192 nexus,
3589 5125 3646 5175 et
3675 5115 3806 5192 glo4

2144 5187 2417 5265 bulorum
2463 5188 2708 5265 tractus,
2743 5204 3079 5265 muscarum
3113 5189 3483 5265 volitantium
3524 5187 3804 5265 imag'un-

2145 5258 2329 5339 cuias,
2363 5259 2741 5339 cernentibus
2773 5259 3080 5339 objiciunt.
3116 5262 3495 5339 BOlSS_ONADE_.

2215 5331 2325 5401 (35)
2361 5331 2516 5406 26:05
2549 5326 2635 5406 ὄλ.
2671 5326 2970 5402 Loquendi
3003 5331 3241 5402 elegans
3275 5335 3548 5402 formula,
3579 5336 3652 5390 de
3683 5352 3805 5406 qua

2144 5399 2409 5458 dieemus
2443 5399 2556 5455 alio
2588 5401 2733 5458 loco.

2218 5474 2330 5538 (36)
2357 5468 2561 5541 Ἐλαίῳ
2591 5477 2904 5542 καταιονᾷν,
2949 5469 3153 5544 μέλιτι,
3189 5470 3362 5542 ὕδατι,
3395 5482 3506 5534 etc.

2217 5546 2329 5614 (37)
2361 5544 2824 5620 Eustat_h._man.
2870 5545 3082 5620 lil).-x1,
3114 5547 3230 5620 καθ’
3279 5547 3409 5620 ῥσμ.
3459 5547 3546 5620 καὶ
3590 5547 3802 5620 tam»).

2144 5614 2532 5682 Eumath.x1,
2566 5616 2736 5672 init.:
2789 5616 3093 5685 Παιανίζειν
3145 5614 3380 5674 ἐπινίκια
3435 5619 3526 5675 καὶ
3585 5614 3808 5684 ἐλευθέ-

2143 5707 2236 5764 ρια
2266 5686 2650 5763 πανηγυρίζειν
2683 5687 2772 5744 καὶ
2804 5690 3051 5764 σωτήρια
3079 5695 3315 5766 κροτεῖν.
