4080 6350
504 415 626 476 875

1840 412 2267 475 MICHAELIS
2314 413 2584 475 PSELLl

3804 411 3919 473 8i6

579 545 845 604 THRAX.
880 545 962 602 Ne
1001 544 1131 613 tibi,
1172 560 1393 616 quaso,
1430 543 1795 615 dulcissime,
1826 559 2002 617 grave
2035 560 2152 599 mo-

2343 545 2547 614 ΘΡᾼΞ.
2590 542 2685 611 Μὴ
2758 539 2956 616 ἄχθου,
3025 538 3251 618 φίλτατε
3317 536 3567 615 ἀνδρῶν’
3628 541 3767 596 Θεοῦ
3821 539 3919 615 γὰρ

512 636 804 693 lestumve
847 635 954 691 hoc
985 635 1094 702 sit;
1146 634 1262 690 Deo
1311 634 1463 689 enim
1506 634 1777 705 juvante,
1810 633 1860 689 si
1899 649 2152 704 unquam

2271 630 2630 706 παρέχοντος,
2702 629 2756 686 εἷ’
2793 631 2925 686 ποτέ
2979 651 3067 685 σοι
3120 627 3591 703 συνενεχθείημεν,
3643 629 3701 684 ὃν
3758 628 3817 683 ἂν
3846 634 3921 700 τῷ

509 730 711 781 tecum
746 740 861 779 una
893 724 1166 778 eumdem
1194 724 1251 778 in
1284 722 1477 778 locum
1512 724 1954 791 conveniamus,
1988 723 2164 794 quid-

514 813 654 886 quid
688 812 890 867 huicce
923 812 1310 884 disputationi
1336 812 1769 867 nostraadeesse
1789 811 1897 867 tibi
1912 812 2162 881 videtur,

514 902 573 957 id
606 901 838 971 copiose
868 917 935 956 ac
964 900 1287 956 liberaliter
1315 916 1495 972 supra
1524 900 2027 972 Syracusanorum
2061 902 2165 956 de-

517 991 706 1046 cimas
738 989 1208 1061 repensabimus.

516 1196 807 1269 Procloet
835 1194 1177 1269 Porphyrio,
1211 1196 1368 1251 edita
1397 1200 1557 1263 sunt,
1591 1195 2032 1269 aliquaiultimo
2075 1214 2169 1253 ca-

516 1268 635 1339 pite
658 1267 888 1340 afferat,
914 1267 1049 1337 quae
1070 1269 1383 1340 desumpta
1411 1284 1480 1323 ex
1511 1269 1769 1340 secundo
1798 1267 1919 1340 illo,
1954 1268 2000 1324 si
2034 1270 2169 1339 quis

517 1338 626 1407 est,
657 1338 809 1394 libro
838 1339 1019 1394 videri
1054 1338 1322 1410 possunt.
1354 1370 1424 1380 —
1454 1342 1587 1404 Quae
1613 1339 1845 1395 Ficious
1892 1338 2069 1395 habet
2099 1357 2168 1396 ex

514 1410 710 1466 libello
743 1415 1025 1480 sequente
1063 1415 1375 1482 desumpta
1423 1417 1581 1479 sunt,
1615 1427 1787 1481 quem
1832 1411 1959 1482 ipse
2010 1428 2165 1467 nunc

512 1483 742 1552 primus
789 1483 917 1548 edo,
968 1482 1068 1537 sed
1121 1482 1242 1552 qui,
1293 1499 1423 1537 cum
1476 1482 1642 1547 nihil,
1696 1482 1808 1537 nisi
1858 1483 2162 1538 verbulum

511 1558 700 1623 (num.
729 1554 783 1622 6)
814 1554 884 1608 de
912 1554 1281 1624 prescientia
1310 1555 1643 1608 daemonum
1693 1554 2013 1617 contineat,
2048 1572 2162 1609 non

514 1626 614 1680 ille
644 1630 733 1680 est
764 1624 864 1695 qui
894 1625 1183 1680 Timothei
1218 1625 1525 1697 quaestioni
1558 1630 1733 1697 queat
1788 1627 2157 1698 respondere.

508 1701 891 1751 Borssomna.

582 1766 1355 1839 (44)Va_ticana_1§.ppendix
1402 1768 1840 1839 proverbiorum
1895 1784 1907 1822 :
1958 1768 2160 1839 Δήμων

512 1834 909 1913 Συρακουσίους
1002 1834 1498 1911 εὐδαίμονήσαντάς
1608 1860 1738 1915 φησι
1828 1834 2159 1916 ψηφίσασθαι

2274 718 2425 795 λόγῳ
2446 717 2606 791 ἐνδεῖ,
2631 717 2942 794 φιλοτίμως
2988 720 3120 795 ὑπὶρ
3150 720 3249 788 τὴς
3283 718 3662 796 Συρακουσίων
3691 720 3808 792 (44)
3837 715 3921 773 δε-

2272 809 2437 871 κάτας
2470 821 2674 880 καταθη
2686 809 2744 864 σό
2753 820 2909 883 μεθα.

1903 1079 2249 1136 GAULMINI
2301 1054 2531 1137 Now.

2278 1195 2375 1263 τὴν
2417 1192 2657 1285 ,δεκάτην
2710 1197 2816 1247 τῶν
2873 1191 3228 1285 ὑπαρχόντων
3276 1189 3629 1285 ἀποδίδοσθαι
3680 1194 3758 1259 εἷς
3807 1192 3922 1285 ἰτξι-

2276 1268 2472 1335 σκευήν
2515 1271 2656 1321 ναῶν
2709 1286 2768 1319 τε
2822 1264 2912 1318 καὶ
2961 1263 3324 1335 ἀναθημάτων
3370 1264 3462 1319 καί
3490 1265 3703 1339 ἱιρείων
3729 1287 3742 1299 ’
3777 1263 3926 1320 πολ-

2277 1336 2375 1393 λοῦ
2416 1359 2479 1412 γε
2514 1340 2806 1413 χρήματος
2855 1333 3237 1411 συναχθέντος,
3269 1334 3345 1397 εἰς
3390 1337 3691 1413 παροιμίαν
3723 1335 3923 1402 ἆλθεῖν.

2275 1405 2692 1491 Αᾴἱ-εῐιςςξὸοῂ..
2712 1409 2816 1465 lib.
2848 1405 3158 1491 νι-Γῲςίρ,
3194 1414 3411 1491 Atque‘
3432 1405 3575 1491 haec
3601 1418 3744 1467 sunt
3801 1428 3924 1483 qua

2274 1484 2346 1538 ad
2378 1483 2548 1539 Pselli
2580 1481 2886 1555 dialogum
2908 1481 3035 1555 Περὶ
3067 1476 3334 1554 ἔνεργείας
3383 1476 3659 1553 δαιμόνων
3712 1476 3925 1555 pro'pe.

2274 1559 2469 1611 rantes
2499 1553 2992 1625 singulisdiebus‘
3017 1571 3119 1625 pro
3152 1553 3332 1625 penso
3382 1570 3691 1625 operarum
3714 1553 3926 1625 'scrip-

2272 1624 2624 1708 simus..'l‘u,
2658 1625 2757 1708 qui
2809 1624 3012 1708 stilum
3057 1624 3433 1708 .et._’_mentem
3482 1625 3713 1708 dirigis,
3746 1626 3924 1708 Deus,

2271 1699 2388 1752 dux
2420 1696 2582 1753 fuisti
2611 1695 2866 1768 erisque.
2899 1697 2986 1752 Tu
3020 1698 3090 1751 ab
3122 1695 3265 1761 illis,
3297 1696 3369 1751 de
3401 1695 3628 1765 quibus
3644 1698 3926 1766 disserui,

2270 1785 2537 1840 quosque
2595 1785 2687 1823 me
2746 1768 2934 1824 sentio
2982 1768 3198 1837 dicere,
3230 1772 3510 1823 aeternum
3560 1784 3750 1836 serva,
3784 1785 3923 1825 con-

2270 1857 2456 1906 serva,
2490 1840 2755 1896 defende.

1274 2155 1624 2285 ΤΟΥ
1735 2154 2318 2286 ΑΥΤΟΥ
2430 2154 3153 2285 ΨΕΛΛΟΥ

2120 2391 2308 2451 TINA

897 2571 1196 2665 ΠΕΡΙ
1281 2571 1957 2668 ΔΑΙΜΟΝΩΝ
2043 2571 2840 2670 ΔΟΞΑΖΟΥΣΙΝ
2925 2573 3503 2668 ΕΛΛΗΝΕΣ

1493 2928 2253 3052 EJUSDEM
2343 2927 2932 3050 PSELLI

1085 3152 1441 3226 QU/ENAM
1487 3154 1693 3218 SUNT
1740 3153 2189 3217 GRIECORUM
2235 3153 2654 3215 OPINIONES
2700 3154 2802 3214 DE
2845 3150 3357 3215 D/EMONIBUS.

584 3503 634 3557 1.
686 3500 897 3558 Nostra
927 3499 1166 3572 quidem
1213 3496 1480 3554 doctrina
1520 3495 1879 3553 voluntatem
1930 3491 2152 3566 angelis

2338 3492 2402 3547 α’.
2461 3494 2519 3549 Ὀ
2583 3493 2677 3565 μὲν
2733 3494 2998 3570 ἡμέτερος
3062 3493 3224 3571 λόγος
3268 3492 3610 3570 προα,ρέσιις
3661 3492 3754 3547 καὶ
3805 3499 3929 3555 τοῖς

509 3592 776 3648 tribuens
807 3605 1025 3660 eosque
1069 3589 1137 3643 ad
1199 3586 1499 3642 meliorem
1540 3584 1982 3640 inclinationem
2027 3597 2159 3636 ver-

514 3686 717 3755 gentes
748 3678 1034 3739 indicans.
1071 3694 1185 3731 non
1219 3681 1416 3731 tamen
1448 3692 1546 3729 eos
1579 3674 1825 3747 perjoris
1852 3673 2160 3744 incapaces

519 3771 782 3835 credens,
818 3768 949 3822 inde
981 3768 1054 3822 ab
1086 3766 1346 3837 angelico
1379 3764 1579 3819 ordine
1621 3762 1899 3817 cecidisse
1944 3761 2160 3815 daemo-

520 3875 626 3916 nes
657 3859 1024 3914 demonstrat
1053 3859 1111 3911 et
1142 3872 1243 3926 pro
1273 3854 1563 3925 cujusque
1598 3851 1803 3906 merito
1853 3855 1911 3906 et
1957 3850 2160 3905 ordine

516 3949 749 4004 ruinam
784 3945 1054 4001 subiisse.
1100 3944 1431 4000 Graecorum
1484 3958 1613 3997 vero
1664 3940 1932 3995 doctrina
1980 3940 2156 3993 talem

515 4035 953 4093 inclinationem
990 4032 1217 4087 naturis
1251 4047 1488 4103 corpore
1514 4028 1846 4085 carentibus
1869 4028 2156 4096 abnuens,

514 4129 647 4196 post
678 4122 967 4177 mundum
999 4119 1329 4191 angelicum
1378 4119 1708 4173 daemonum
1764 4116 1998 4171 ordines
2029 4132 2156 4170 esse

511 4211 811 4283 supponit.
845 4214 912 4263 Et
941 4207 1087 4262 alios
1119 4208 1355 4277 quidem
1388 4223 1517 4261 esse
1566 4204 1961 4277 intelligentes
1991 4205 2152 4271 dicit,

506 4300 653 4356 alios
685 4303 876 4353 mente
905 4300 962 4351 et
992 4294 1217 4349 ratione
1249 4300 1544 4362 constare,
1586 4293 1731 4348 alios
1764 4293 1988 4348 ratione
2020 4298 2151 4347 tan--

507 4394 653 4455 tum;
687 4385 783 4442 alii
820 4401 950 4439 vero
982 4401 1099 4438 una
1130 4399 1263 4437 cum
1298 4382 1521 4437 ratione
1556 4380 1890 4437 irrationale
1919 4398 2151 4452 quoque

504 4476 696 4532 sortiti
729 4476 890 4540 sunt;
925 4470 1160 4527 ultimos
1193 4487 1325 4526 vero
1376 4486 1444 4524 ex
1494 4470 1859 4524 daemonibus
1904 4474 1961 4524 et
2008 4470 2150 4525 irra-

504 4564 719 4621 tionale
752 4560 942 4618 solum
1000 4558 1250 4632 projicit,
1284 4576 1434 4629 quos
1467 4558 1796 4614 materiales
1845 4563 1901 4613 et
1947 4576 2149 4630 poenas

502 4654 836 4726 inﬂigentes
866 4650 1150 4706 nominat.
1178 4648 1459 4703 Mundum
1496 4648 1646 4702 inter
1679 4646 1808 4702 illos
1839 4646 2045 4702 dividit
2069 4648 2149 4704 ita

499 4750 565 4800 ut
597 4760 699 4815 per
728 4740 860 4796 illos
891 4739 1145 4794 calorem
1178 4742 1235 4792 et
1265 4753 1456 4792 aerem
1507 4737 1741 4791 vitalem
1774 4737 2045 4808 accipiat.
2080 4738 2149 4792 Et

497 4834 629 4890 aliis
662 4830 901 4903 quidem
935 4830 1151 4900 ignem.
1180 4826 1311 4881 aliis
1344 4842 1555 4895 aerem,
1581 4826 1712 4880 aliis
1744 4843 1978 4897 aquam,
2014 4826 2146 4883 aliis

496 4930 713 4978 terram
746 4917 1015 4989 subjicit;
1050 4916 1338 4987 quosdam
1372 4931 1504 4970 vero
1536 4914 1840 4969 climatum
1872 4915 2147 4986 praesides

495 5012 726 5076 facit,et
747 5007 891 5062 alios
913 5021 1222 5075 corporum
1243 5007 1467 5059 tutores
1490 5009 1546 5057 et
1571 5003 1825 5058 materiae
1848 5005 2141 5061 custodes.

494 5100 772 5155 Invadere
802 5101 995 5151 autem
1018 5110 1116 5148 eos
1141 5094 1347 5147 dicunt
1369 5095 1599 5147 animas
1624 5098 1844 5158 notras,
1872 5110 1984 5148 non
2011 5110 2142 5164 pro-

493 5195 620 5260 pter
642 5186 935 5259 quoddam
956 5183 1015 5237 in
1042 5198 1149 5237 nos
1169 5181 1369 5237 odium
1394 5186 1495 5237 aut
1519 5183 1737 5237 malam
1758 5181 2140 5249 voluntatem,

492 5280 594 5334 sed
638 5283 702 5331 ut
749 5292 847 5330 eas
880 5273 952 5329 ob
1002 5270 1262 5328 admissa
1316 5275 1554 5342 peccata
1597 5271 1868 5342 puniant.
1903 5272 2141 5328 Addunt

491 5385 589 5423 cos
621 5367 690 5421 ad
725 5363 1027 5421 materiam
1063 5361 1293 5415 animas
1326 5360 1579 5425 trahere,
1605 5377 1717 5415 non
1752 5360 1869 5415 illis
1892 5362 2137 5416 nocendi

488 5473 688 5523 causa,
722 5454 819 5508 sed
856 5456 919 5506 ut
951 5465 1151 5506 earum
1185 5448 1485 5520 turpitudo
1510 5466 1613 5521 per
1643 5466 1812 5505 suam
1845 5465 1979 5505 cum
2013 5466 2135 5505 ma-

484 5545 629 5599 teria
658 5542 1000 5598 relationem
1032 5539 1328 5609 ﬁguretur.
1353 5539 1499 5592 Iram
1526 5543 1720 5593 autem
1746 5544 1799 5592 et
1824 5538 2134 5609 impuden-

481 5635 626 5689 tiam
660 5632 775 5686 illis
801 5630 1093 5695 tribuunt,
1117 5626 1493 5698 utleopardis
1518 5634 1575 5681 et
1608 5626 1897 5693 leonibus,
1922 5644 2135 5699 eosque

481 5720 824 5795 corporibus
850 5716 1117 5773 vinciunt
1138 5714 1387 5782 levibus,
1432 5716 1607 5771 aeriis
1628 5720 1685 5772 et
1715 5716 1916 5773 minus
1948 5718 2134 5790 duris,

2270 3579 2529 3655 ἀγγέλοις
2591 3577 2797 3649 διδοὺς,
2837 3582 2926 3636 καὶ
2979 3583 3116 3657 πρὸς
3157 3584 3257 3653 τὴν
3317 3581 3600 3659 κρείττονα
3654 3582 3752 3654 μὶν
3798 3583 3928 3635 τού-

2267 3691 2395 3731 τους
2471 3670 2781 3734 ἀπευθύνων
2862 3670 3060 3747 ῥοπὴν,
3144 3674 3218 3745 μή
3298 3674 3481 3745 μέντοι
3539 3691 3602 3745 γε
3677 3670 3769 3725 καὶ
3824 3679 3927 3739 τῆς

2270 3758 2518 3834 χείρονος
2593 3756 2971 3822 ἆνεπιδέκτους
3041 3760 3316 3834 οἰόμενος,
3376 3760 3619 3824 ένταῦοεν
3680 3758 3929 3815 ἐκπεσεῖν

2267 3847 2393 3909 τοὺς
2448 3845 2711 3922 δαίμονας
2768 3856 2867 3918 τῆς
2918 3848 3215 3925 ἀγγελικῆς
3280 3850 3479 3921 τάξεως
3538 3848 3924 3923 ἀποφαίνεται,

2267 3937 2380 4009 καὶ,
2438 3938 2578 3991 κακὰ
2634 3937 2695 3992 τὸ
2759 3938 2949 4013 μέτρον
3009 3945 3110 4008 τῆς
3154 3937 3379 3994 ἑκάστου
3410 3938 3560 4008 ἀξίας
3608 3936 3645 4007 ἤ
3694 3939 3922 4007 τάξεως,

2264 4026 2364 4095 τὴν
2392 4030 2595 4080 πτῶσιν
2654 4027 3145 4100 ὑπομεμενηκέναι.
3194 4029 3257 4084 ’0
3310 4025 3366 4082 δὶ
3414 4027 3730 4098 ὲλΛηνικὸς,
3766 4028 3922 4081 ἄναι-

2266 4119 2372 4189 ρῶν
2405 4121 2504 4184 τῆν
2551 4115 2808 4186 τοιαύτην
2865 4115 3037 4191 ῥοπὴν
3073 4115 3159 4170 ἐπὶ
3203 4122 3310 4171 τῶν
3357 4113 3791 4189 άπολελυμένων
3822 4122 3921 4171 τού

2264 4203 2515 4276 σώματος
2592 4204 2825 4279 φύσεων,
2904 4206 3038 4276 μετὰ
3108 4206 3199 4260 τὸν
3263 4203 3556 4281 ἀγγελικὸν
3616 4201 3919 4275 διάκοσμον

2260 4294 2356 4354 τὰς
2406 4291 2692 4366 δαιμονίας
2735 4293 2907 4364 τάξεις
2959 4294 3233 4371 ὑφίστησι.
3289 4301 3387 4348 Κιι
3438 4294 3535 4355 τὰς
3587 4294 3683 4365 μὶν
3741 4293 3918 4348 αὐτῶν

2260 4382 2452 4457 νοεράς
2480 4384 2709 4453 τίθεναι,
2733 4384 2827 4445 τὰς
2867 4380 2924 4438 δὲ
2970 4385 3106 4438 κατᾶ
3155 4388 3277 4438 νοῦν
3400 4383 3562 4458 λόγον
3596 4382 3919 4449 οὐσιῶσθαι,

2258 4472 2356 4533 τὰς
2408 4468 2464 4526 δὲ
2509 4472 2645 4526 κατᾶ
2694 4470 2855 4548 λόγον
2907 4466 3126 4534 μόνως·
3177 4478 3297 4535 ταῖς
3348 4470 3405 4528 δὲ
3455 4472 3590 4544 πρὸς
3639 4476 3718 4543 τῷ
3766 4470 3920 4547 λόγῳ

2260 4558 2694 4634 συγκατακληρώ
2755 4561 2844 4615 καὶ
2892 4561 2955 4615 τὸ
3028 4558 3233 4636 ἄλογον
3266 4580 3281 4594 ·
3340 4559 3465 4623 τοὺς
3526 4557 3583 4615 δὲ
3642 4559 3915 4635 ἐσχάτους

2256 4653 2363 4703 τῶν
2423 4646 2697 4721 δαιμόνων
2762 4648 2837 4711 εἲς
2898 4647 3124 4724 ἀλογίαν
3183 4650 3353 4722 μόνην
3412 4648 3765 4724 ἂποῤῥιπτεῖ,
3823 4648 3918 4710 οὖς

2259 4734 2325 4805 δὴ
2380 4736 2469 4791 καὶ
2525 4734 2747 4799 ὑλαίους
2795 4736 2885 4792 καί
2946 4737 3235 4800 ποιναίους
3302 4737 3687 4810 κατονομάζει.
3753 4739 3915 4793 Ἐπι-

2263 4823 2460 4898 διαιριῖ
2509 4822 2565 4879 δὲ
2635 4825 2820 4889 αὐτοῖς
2894 4826 2992 4895 τήν
3070 4826 3263 4892 κτίσιν,
3336 4824 3429 4880 ’ἱνα
3487 4826 3615 4899 παρ’
3691 4824 3915 4880 ἐκείνων

2265 4919 2578 4989 ζὼπυρῆται
2628 4914 2718 4969 καὶ
2762 4915 3064 4987 ἑμπνέηται
3117 4934 3129 4947 ⁸
3185 4916 3271 4969 καὶ
3330 4920 3447 4977 τοῖς
3508 4914 3604 4987 μὶν
3654 4915 3721 4969 τὸ
3779 4919 3915 4989 πῦρ,

2255 5008 2371 5064 τοῖς
2421 5001 2477 5058 δὲ
2519 5004 2609 5059 τὸν
2653 5003 2800 5076 ἀέρα,
2850 5010 2966 5065 τοῖς
3026 5002 3083 5059 δὲ
3128 5007 3190 5059 τὸ
3236 5001 3405 5080 ὕδωρ,
3435 5009 3552 5066 τοῖς
3583 5001 3643 5058 8‘s
3670 5006 3773 5073 τὴν
3806 5008 3914 5079 γῆν

2255 5093 2605 5161 ὑποτίθησιν·
2676 5092 2849 5155 ένίους
2923 5091 2980 5148 δὲ
3043 5094 3131 5148 καὶ
3198 5094 3586 5169 κλιματάρχας
3641 5100 3913 5165 ποιεῖται,

2250 5182 2338 5236 καὶ
2393 5184 2662 5255 σωμάτων
2714 5182 2926 5256 ἐτέρους
2957 5182 3262 5258 προστάτας
3312 5182 3401 5237 καὶ
3447 5182 3586 5253 ὅλης
3630 5182 3910 5247 φύΑακις.

2250 5271 2570 5344 Ἐμπίπτειν
2620 5269 2677 5327 δὲ
2722 5271 2949 5333 τούτους
2998 5274 3125 5351 φασὶ
3182 5276 3301 5335 ταῖς
3348 5270 3642 5345 ἡμετέραις
3690 5276 3915 5348 ψυχαῖς

2250 5360 2309 5415 οὐ
2365 5358 2453 5415 διὰ
2516 5361 2918 5436 μισανθρωπίαν
2980 5383 3037 5416 τε
3101 5360 3190 5416 καὶ
3251 5358 3587 5433 δυσμένειάν,
3652 5358 3783 5415 ἀλλ’
3836 5361 3913 5420 ὡς

2246 5448 2517 5511 κολαστὰς
2576 5450 2647 5503 ὧν
2699 5451 3047 5525 ἡμαρτήκασι
3083 5469 3095 5481 ’
3146 5449 3236 5503 καὶ
3284 5454 3558 5519 κατασπᾷν
3610 5450 3750 5523 πρὸς
3794 5450 3897 5516 τήν

2246 5537 2406 5609 ὕλην,
2440 5538 2502 5593 οὐ
2550 5539 2818 5614 λογισμὸν
2873 5534 3100 5615 ἔχοντας
3150 5537 3349 5599 ταύτας
3395 5542 3616 5605 κακοῦν,
3655 5537 3788 5593 ἀλλ’
3825 5537 3911 5590 ἵνα

2243 5628 2304 5682 τὸ
2360 5628 2553 5703 αἶσχος
2604 5627 2820 5682 ἐκείνων
2888 5634 3157 5706 μορφοῖτο
3212 5625 3303 5681 διὰ
3350 5633 3450 5695 τῆς
3499 5628 3710 5681 τούτων
3769 5626 3909 5701 πρὸς

2244 5715 2412 5787 αὐτὴν
2465 5717 2726 5793 σχέσεως.
2813 5717 2912 5772 Τὸν
2996 5714 3053 5773 δὲ
3129 5716 3300 5789 Θυμὸν
3377 5714 3594 5778 τούτοις
3661 5716 3754 5771 καὶ
3804 5715 3907 5784 τῆν
