  <div class='ocr_page' id='page_1' title='image "/cluster/home/n/w/nwhite01/storage/ocr_20150623/122/hvd.32044073502452/448.png"; bbox 0 0 4088 6350; ppageno 0'>
   <div class='ocr_carea' id='block_1_1' title="bbox 259 469 378 529">
    <p class='ocr_par' dir='ltr' id='par_1_1' title="bbox 259 469 378 529">
     <span class='ocr_line' id='line_1_1' title="bbox 259 469 378 529; baseline -0.008 0"><span class='ocrx_word' id='word_1_1' title='bbox 259 469 378 529; x_wconf 83' lang='grc'>877</span> 
     </span>
    </p>
   </div>
   <div class='ocr_carea' id='block_1_2' title="bbox 1633 473 2291 536">
    <p class='ocr_par' dir='ltr' id='par_1_2' title="bbox 1633 473 2291 536">
     <span class='ocr_line' id='line_1_2' title="bbox 1633 473 2291 536; baseline 0.005 -4"><span class='ocrx_word' id='word_1_2' title='bbox 1633 473 1736 533; x_wconf 86' lang='lat' dir='ltr'>DE</span> <span class='ocrx_word' id='word_1_3' title='bbox 1781 473 2291 536; x_wconf 60' lang='lat' dir='ltr'>DIEMONIBUS.</span> 
     </span>
    </p>
   </div>
   <div class='ocr_carea' id='block_1_3' title="bbox 3555 481 3674 542">
    <p class='ocr_par' dir='ltr' id='par_1_3' title="bbox 3555 481 3674 542">
     <span class='ocr_line' id='line_1_3' title="bbox 3555 481 3674 542; baseline 0.008 -1"><span class='ocrx_word' id='word_1_4' title='bbox 3555 481 3674 542; x_wconf 84' lang='lat'>878</span> 
     </span>
    </p>
   </div>
   <div class='ocr_carea' id='block_1_4' title="bbox 260 597 1897 684">
    <p class='ocr_par' dir='ltr' id='par_1_4' title="bbox 260 597 1897 680">
     <span class='ocr_line' id='line_1_4' title="bbox 260 597 1897 680; baseline 0.002 -25"><span class='ocrx_word' id='word_1_5' title='bbox 260 597 530 656; x_wconf 81' lang='grc' dir='ltr'>ἀναίδειαν</span> <span class='ocrx_word' id='word_1_6' title='bbox 583 600 719 656; x_wconf 79' lang='grc' dir='ltr'>κατὰ</span> <span class='ocrx_word' id='word_1_7' title='bbox 771 600 928 679; x_wconf 74' lang='grc' dir='ltr'>φύσιν</span> <span class='ocrx_word' id='word_1_8' title='bbox 988 599 1252 676; x_wconf 86' lang='grc' dir='ltr'>διδόασιν,</span> <span class='ocrx_word' id='word_1_9' title='bbox 1312 604 1386 666; x_wconf 83' lang='grc' dir='ltr'>ὡς</span> <span class='ocrx_word' id='word_1_10' title='bbox 1435 609 1553 667; x_wconf 87' lang='grc' dir='ltr'>ταῖς</span> <span class='ocrx_word' id='word_1_11' title='bbox 1607 603 1897 680; x_wconf 75' lang='grc' dir='ltr'>παρδάλεσι</span> 
     </span>
    </p>
   </div>
   <div class='ocr_carea' id='block_1_5' title="bbox 2011 597 3678 684">
    <p class='ocr_par' dir='ltr' id='par_1_5' title="bbox 2022 608 3678 684">
     <span class='ocr_line' id='line_1_5' title="bbox 2022 608 3678 684; baseline 0.006 -23"><span class='ocrx_word' id='word_1_12' title='bbox 2022 623 2138 663; x_wconf 88' lang='lat' dir='ltr'>non</span> <span class='ocrx_word' id='word_1_13' title='bbox 2167 611 2393 663; x_wconf 90' lang='lat' dir='ltr'>tantum</span> <span class='ocrx_word' id='word_1_14' title='bbox 2427 608 2880 678; x_wconf 88' lang='lat' dir='ltr'>orbicularibus,</span> <span class='ocrx_word' id='word_1_15' title='bbox 2914 612 3014 667; x_wconf 90' lang='lat' dir='ltr'>sed</span> <span class='ocrx_word' id='word_1_16' title='bbox 3039 614 3094 667; x_wconf 88' lang='lat' dir='ltr'>et</span> <span class='ocrx_word' id='word_1_17' title='bbox 3115 611 3504 684; x_wconf 82' lang='lat' dir='ltr'>longioribus,</span> <span class='ocrx_word' id='word_1_18' title='bbox 3534 631 3678 671; x_wconf 90' lang='lat' dir='ltr'>non-</span> 
     </span>
    </p>
   </div>
   <div class='ocr_carea' id='block_1_6' title="bbox 256 689 1902 768">
    <p class='ocr_par' dir='ltr' id='par_1_6' title="bbox 256 689 1902 768">
     <span class='ocr_line' id='line_1_6' title="bbox 256 689 1902 768; baseline 0.001 -23"><span class='ocrx_word' id='word_1_19' title='bbox 256 690 484 752; x_wconf 78' lang='grc' dir='ltr'>καὶτοῖς</span> <span class='ocrx_word' id='word_1_20' title='bbox 541 689 751 761; x_wconf 75' lang='grc' dir='ltr'>λέουσι,</span> <span class='ocrx_word' id='word_1_21' title='bbox 801 689 892 745; x_wconf 82' lang='grc' dir='ltr'>καὶ</span> <span class='ocrx_word' id='word_1_22' title='bbox 925 691 1140 764; x_wconf 85' lang='grc' dir='ltr'>σώμασι</span> <span class='ocrx_word' id='word_1_23' title='bbox 1201 689 1268 761; x_wconf 75' lang='grc' dir='ltr'>δὴ</span> <span class='ocrx_word' id='word_1_24' title='bbox 1297 691 1524 756; x_wconf 78' lang='grc' dir='ltr'>τούτους</span> <span class='ocrx_word' id='word_1_25' title='bbox 1581 691 1902 768; x_wconf 72' lang='grc' dir='ltr'>ἂνδεσμοῦσι</span> 
     </span>
    </p>
   </div>
   <div class='ocr_carea' id='block_1_7' title="bbox 258 777 1899 854">
    <p class='ocr_par' dir='ltr' id='par_1_7' title="bbox 258 777 1899 854">
     <span class='ocr_line' id='line_1_7' title="bbox 258 777 1899 854; baseline 0.002 -19"><span class='ocrx_word' id='word_1_26' title='bbox 258 779 478 843; x_wconf 78' lang='grc' dir='ltr'>λεπτοῖς</span> <span class='ocrx_word' id='word_1_27' title='bbox 552 778 642 834; x_wconf 79' lang='grc' dir='ltr'>καὶ</span> <span class='ocrx_word' id='word_1_28' title='bbox 716 779 918 854; x_wconf 76' lang='grc' dir='ltr'>ἀερίοις</span> <span class='ocrx_word' id='word_1_29' title='bbox 987 781 1075 835; x_wconf 86' lang='grc' dir='ltr'>καὶ</span> <span class='ocrx_word' id='word_1_30' title='bbox 1149 777 1372 837; x_wconf 70' lang='grc' dir='ltr'>ἔλαττον</span> <span class='ocrx_word' id='word_1_31' title='bbox 1444 783 1777 851; x_wconf 73' lang='grc' dir='ltr'>ἀντιτύποις,</span> <span class='ocrx_word' id='word_1_32' title='bbox 1838 784 1899 838; x_wconf 82' lang='grc' dir='ltr'>οὑ</span> 
     </span>
    </p>
   </div>
   <div class='ocr_carea' id='block_1_8' title="bbox 255 867 1898 947">
    <p class='ocr_par' dir='ltr' id='par_1_8' title="bbox 255 867 1898 947">
     <span class='ocr_line' id='line_1_8' title="bbox 255 867 1898 947; baseline 0.002 -23"><span class='ocrx_word' id='word_1_33' title='bbox 255 868 566 947; x_wconf 75' lang='grc' dir='ltr'>περιφερέσι</span> <span class='ocrx_word' id='word_1_34' title='bbox 625 870 832 942; x_wconf 85' lang='grc' dir='ltr'>μόνον,</span> <span class='ocrx_word' id='word_1_35' title='bbox 884 867 1026 924; x_wconf 78' lang='grc' dir='ltr'>ἀλλά</span> <span class='ocrx_word' id='word_1_36' title='bbox 1083 871 1174 925; x_wconf 89' lang='grc' dir='ltr'>καὶ</span> <span class='ocrx_word' id='word_1_37' title='bbox 1245 870 1603 944; x_wconf 80' lang='grc' dir='ltr'>έπιμήκεσιν,</span> <span class='ocrx_word' id='word_1_38' title='bbox 1675 867 1898 928; x_wconf 76' lang='grc' dir='ltr'>ἔλαττον</span> 
     </span>
    </p>
   </div>
   <div class='ocr_carea' id='block_1_9' title="bbox 260 955 1900 1037">
    <p class='ocr_par' dir='ltr' id='par_1_9' title="bbox 260 955 1900 1037">
     <span class='ocr_line' id='line_1_9' title="bbox 260 955 1900 1037; baseline 0.003 -24"><span class='ocrx_word' id='word_1_39' title='bbox 260 961 358 1030; x_wconf 68' lang='grc' dir='ltr'>μὶν</span> <span class='ocrx_word' id='word_1_40' title='bbox 385 959 584 1037; x_wconf 74' lang='grc' dir='ltr'>φωτὸς,</span> <span class='ocrx_word' id='word_1_41' title='bbox 644 958 813 1013; x_wconf 70' lang='grc' dir='ltr'>πλέον</span> <span class='ocrx_word' id='word_1_42' title='bbox 844 955 900 1013; x_wconf 62' lang='grc' dir='ltr'>δέ</span> <span class='ocrx_word' id='word_1_43' title='bbox 923 963 1020 1014; x_wconf 93' lang='grc' dir='ltr'>τοῦ</span> <span class='ocrx_word' id='word_1_44' title='bbox 1049 957 1287 1034; x_wconf 84' lang='grc' dir='ltr'>γεώδους</span> <span class='ocrx_word' id='word_1_45' title='bbox 1316 960 1541 1024; x_wconf 81' lang='grc' dir='ltr'>σκότους</span> <span class='ocrx_word' id='word_1_46' title='bbox 1587 960 1900 1037; x_wconf 84' lang='grc' dir='ltr'>μετέχουσι.</span> 
     </span>
    </p>
   </div>
   <div class='ocr_carea' id='block_1_10' title="bbox 2012 696 3672 771">
    <p class='ocr_par' dir='ltr' id='par_1_10' title="bbox 2012 696 3672 771">
     <span class='ocr_line' id='line_1_10' title="bbox 2012 696 3672 771; baseline 0.006 -21"><span class='ocrx_word' id='word_1_47' title='bbox 2012 696 2157 751; x_wconf 87' lang='lat' dir='ltr'>nihil</span> <span class='ocrx_word' id='word_1_48' title='bbox 2189 696 2433 752; x_wconf 90' lang='lat' dir='ltr'>luminis</span> <span class='ocrx_word' id='word_1_49' title='bbox 2457 697 2765 768; x_wconf 79' lang='lat' dir='ltr'>habentes,</span> <span class='ocrx_word' id='word_1_50' title='bbox 2786 699 2933 771; x_wconf 73' lang='lat' dir='ltr'>{plus</span> <span class='ocrx_word' id='word_1_51' title='bbox 2956 705 3151 756; x_wconf 87' lang='lat' dir='ltr'>tamen</span> <span class='ocrx_word' id='word_1_52' title='bbox 3177 703 3548 759; x_wconf 82' lang='lat' dir='ltr'>terrestrium</span> <span class='ocrx_word' id='word_1_53' title='bbox 3582 710 3672 760; x_wconf 87' lang='lat' dir='ltr'>te-</span> 
     </span>
    </p>
   </div>
   <div class='ocr_carea' id='block_1_11' title="bbox 2013 785 3667 862">
    <p class='ocr_par' dir='ltr' id='par_1_11' title="bbox 2013 785 3667 862">
     <span class='ocr_line' id='line_1_11' title="bbox 2013 785 3667 862; baseline 0.005 -22"><span class='ocrx_word' id='word_1_54' title='bbox 2013 785 2260 841; x_wconf 87' lang='lat' dir='ltr'>nebraru</span> <span class='ocrx_word' id='word_1_55' title='bbox 2273 786 2763 858; x_wconf 88' lang='lat' dir='ltr'>m.Cognitionem</span> <span class='ocrx_word' id='word_1_56' title='bbox 2777 805 2907 844; x_wconf 87' lang='lat' dir='ltr'>vero</span> <span class='ocrx_word' id='word_1_57' title='bbox 2927 795 2982 844; x_wconf 92' lang='lat' dir='ltr'>et</span> <span class='ocrx_word' id='word_1_58' title='bbox 3000 791 3330 845; x_wconf 83' lang='lat' dir='ltr'>futurorum</span> <span class='ocrx_word' id='word_1_59' title='bbox 3357 793 3667 862; x_wconf 68' lang='lat' dir='ltr'>praescien-</span> 
     </span>
    </p>
   </div>
   <div class='ocr_carea' id='block_1_12' title="bbox 2009 874 3670 953">
    <p class='ocr_par' dir='ltr' id='par_1_12' title="bbox 2009 874 3670 953">
     <span class='ocr_line' id='line_1_12' title="bbox 2009 874 3670 953; baseline 0.005 -24"><span class='ocrx_word' id='word_1_60' title='bbox 2009 874 2151 930; x_wconf 91' lang='lat' dir='ltr'>tiam</span> <span class='ocrx_word' id='word_1_61' title='bbox 2181 874 2298 930; x_wconf 89' lang='lat' dir='ltr'>illis</span> <span class='ocrx_word' id='word_1_62' title='bbox 2323 875 2516 931; x_wconf 89' lang='lat' dir='ltr'>inesse</span> <span class='ocrx_word' id='word_1_63' title='bbox 2541 881 2898 932; x_wconf 87' lang='lat' dir='ltr'>attestantur</span> <span class='ocrx_word' id='word_1_64' title='bbox 2918 895 2985 932; x_wconf 85' lang='lat' dir='ltr'>ex</span> <span class='ocrx_word' id='word_1_65' title='bbox 3005 878 3208 935; x_wconf 88' lang='lat' dir='ltr'>multis</span> <span class='ocrx_word' id='word_1_66' title='bbox 3247 880 3483 951; x_wconf 86' lang='lat' dir='ltr'>quidem</span> <span class='ocrx_word' id='word_1_67' title='bbox 3529 899 3670 953; x_wconf 61' lang='lat' dir='ltr'>pra-</span> 
     </span>
    </p>
   </div>
   <div class='ocr_carea' id='block_1_13' title="bbox 2013 964 3072 1038">
    <p class='ocr_par' dir='ltr' id='par_1_13' title="bbox 2013 964 3072 1038">
     <span class='ocr_line' id='line_1_13' title="bbox 2013 964 3072 1038; baseline 0.003 -20"><span class='ocrx_word' id='word_1_68' title='bbox 2013 964 2218 1019; x_wconf 88' lang='lat' dir='ltr'>sertim</span> <span class='ocrx_word' id='word_1_69' title='bbox 2250 981 2383 1019; x_wconf 90' lang='lat' dir='ltr'>vero</span> <span class='ocrx_word' id='word_1_70' title='bbox 2417 982 2483 1020; x_wconf 85' lang='lat' dir='ltr'>ex</span> <span class='ocrx_word' id='word_1_71' title='bbox 2516 968 2808 1021; x_wconf 84' lang='lat' dir='ltr'>astrorum</span> <span class='ocrx_word' id='word_1_72' title='bbox 2849 966 3072 1038; x_wconf 80' lang='lat' dir='ltr'>figuris.</span> 
     </span>
    </p>
   </div>
   <div class='ocr_carea' id='block_1_14' title="bbox 258 1044 3669 1129">
    <p class='ocr_par' dir='ltr' id='par_1_14' title="bbox 258 1044 3669 1129">
     <span class='ocr_line' id='line_1_14' title="bbox 258 1044 3669 1129; baseline 0.003 -25"><span class='ocrx_word' id='word_1_73' title='bbox 258 1049 374 1116; x_wconf 78' lang='grc' dir='ltr'>Τὴν</span> <span class='ocrx_word' id='word_1_74' title='bbox 409 1044 466 1102; x_wconf 73' lang='grc' dir='ltr'>δὲ</span> <span class='ocrx_word' id='word_1_75' title='bbox 493 1051 691 1123; x_wconf 83' lang='grc' dir='ltr'>γνῶσιν</span> <span class='ocrx_word' id='word_1_76' title='bbox 721 1046 908 1111; x_wconf 83' lang='grc' dir='ltr'>αὐτοῖς</span> <span class='ocrx_word' id='word_1_77' title='bbox 935 1047 1026 1102; x_wconf 86' lang='grc' dir='ltr'>καὶ</span> <span class='ocrx_word' id='word_1_78' title='bbox 1055 1053 1162 1102; x_wconf 80' lang='grc' dir='ltr'>τῶν</span> <span class='ocrx_word' id='word_1_79' title='bbox 1189 1046 1505 1121; x_wconf 81' lang='grc' dir='ltr'>μελλόντων</span> <span class='ocrx_word' id='word_1_80' title='bbox 1532 1051 1630 1119; x_wconf 76' lang='grc' dir='ltr'>τὴν</span> <span class='ocrx_word' id='word_1_81' title='bbox 1666 1051 1972 1126; x_wconf 85' lang='grc' dir='ltr'>πρόγνωσιν</span> <span class='ocrx_word' id='word_1_82' title='bbox 2006 1050 2064 1105; x_wconf 81' lang='grc' dir='ltr'>ἐκ</span> <span class='ocrx_word' id='word_1_83' title='bbox 2094 1050 2319 1107; x_wconf 78' lang='grc' dir='ltr'>πολλῶν</span> <span class='ocrx_word' id='word_1_84' title='bbox 2358 1052 2451 1124; x_wconf 73' lang='grc' dir='ltr'>μὲν</span> <span class='ocrx_word' id='word_1_85' title='bbox 2481 1052 2568 1106; x_wconf 81' lang='grc' dir='ltr'>καὶ</span> <span class='ocrx_word' id='word_1_86' title='bbox 2601 1049 2788 1108; x_wconf 77' lang='grc' dir='ltr'>ἄλλων</span> <span class='ocrx_word' id='word_1_87' title='bbox 2826 1053 3276 1128; x_wconf 75' lang='grc' dir='ltr'>ἐπιμαρτυροῦσι,</span> <span class='ocrx_word' id='word_1_88' title='bbox 3329 1055 3567 1129; x_wconf 80' lang='grc' dir='ltr'>μάλιστα</span> <span class='ocrx_word' id='word_1_89' title='bbox 3612 1054 3669 1113; x_wconf 76' lang='grc' dir='ltr'>δὲ</span> 
     </span>
    </p>
   </div>
   <div class='ocr_carea' id='block_1_15' title="bbox 257 1133 2671 1218">
    <p class='ocr_par' dir='ltr' id='par_1_15' title="bbox 257 1133 2671 1218">
     <span class='ocr_line' id='line_1_15' title="bbox 257 1133 2671 1218; baseline 0.003 -29"><span class='ocrx_word' id='word_1_90' title='bbox 257 1133 316 1190; x_wconf 75' lang='grc' dir='ltr'>ἐκ</span> <span class='ocrx_word' id='word_1_91' title='bbox 353 1140 463 1190; x_wconf 81' lang='grc' dir='ltr'>τῶν</span> <span class='ocrx_word' id='word_1_92' title='bbox 485 1136 604 1211; x_wconf 85' lang='grc' dir='ltr'>περὶ</span> <span class='ocrx_word' id='word_1_93' title='bbox 637 1135 764 1198; x_wconf 79' lang='grc' dir='ltr'>τοὺς</span> <span class='ocrx_word' id='word_1_94' title='bbox 797 1137 1022 1207; x_wconf 83' lang='grc' dir='ltr'>ἀστέρας</span> <span class='ocrx_word' id='word_1_95' title='bbox 1053 1139 1380 1212; x_wconf 78' lang='grc' dir='ltr'>σχημάτων.</span> <span class='ocrx_word' id='word_1_96' title='bbox 1413 1141 1595 1196; x_wconf 89' lang='grc' dir='ltr'>Ταῦτα</span> <span class='ocrx_word' id='word_1_97' title='bbox 1625 1136 1683 1194; x_wconf 72' lang='grc' dir='ltr'>δὲ</span> <span class='ocrx_word' id='word_1_98' title='bbox 1713 1139 2016 1216; x_wconf 78' lang='grc' dir='ltr'>Πορφύριοί</span> <span class='ocrx_word' id='word_1_99' title='bbox 2048 1161 2174 1218; x_wconf 76' lang='grc' dir='ltr'>φασι</span> <span class='ocrx_word' id='word_1_100' title='bbox 2205 1140 2294 1194; x_wconf 85' lang='grc' dir='ltr'>καὶ</span> <span class='ocrx_word' id='word_1_101' title='bbox 2329 1136 2671 1216; x_wconf 78' lang='grc' dir='ltr'>Ἰἀμϐλιχοι.</span> 
     </span>
    </p>
   </div>
   <div class='ocr_carea' id='block_1_16' title="bbox 332 1239 1900 1319">
    <p class='ocr_par' dir='ltr' id='par_1_16' title="bbox 332 1239 1900 1319">
     <span class='ocr_line' id='line_1_16' title="bbox 332 1239 1900 1319; baseline 0.001 -19"><span class='ocrx_word' id='word_1_102' title='bbox 332 1243 398 1318; x_wconf 86' lang='grc' dir='ltr'>β’.</span> <span class='ocrx_word' id='word_1_103' title='bbox 455 1243 646 1298; x_wconf 80' lang='grc' dir='ltr'>’Ἐθυον</span> <span class='ocrx_word' id='word_1_104' title='bbox 707 1239 766 1298; x_wconf 73' lang='grc' dir='ltr'>δὲ</span> <span class='ocrx_word' id='word_1_105' title='bbox 817 1247 936 1305; x_wconf 91' lang='grc' dir='ltr'>τοῖς</span> <span class='ocrx_word' id='word_1_106' title='bbox 993 1244 1255 1319; x_wconf 77' lang='grc' dir='ltr'>αἰθερίοις</span> <span class='ocrx_word' id='word_1_107' title='bbox 1337 1247 1430 1318; x_wconf 76' lang='grc' dir='ltr'>μὶν</span> <span class='ocrx_word' id='word_1_108' title='bbox 1500 1246 1567 1301; x_wconf 75' lang='grc' dir='ltr'>τὰ</span> <span class='ocrx_word' id='word_1_109' title='bbox 1641 1245 1808 1303; x_wconf 80' lang='grc' dir='ltr'>λευκᾶ</span> <span class='ocrx_word' id='word_1_110' title='bbox 1865 1246 1900 1315; x_wconf 81' lang='grc' dir='ltr'><strong>ἢ</strong></span> 
     </span>
    </p>
   </div>
   <div class='ocr_carea' id='block_1_17' title="bbox 252 1329 1902 1412">
    <p class='ocr_par' dir='ltr' id='par_1_17' title="bbox 252 1329 1902 1412">
     <span class='ocr_line' id='line_1_17' title="bbox 252 1329 1902 1412; baseline 0.002 -26"><span class='ocrx_word' id='word_1_111' title='bbox 252 1331 436 1409; x_wconf 54' lang='lat' dir='ltr'>mssa</span> <span class='ocrx_word' id='word_1_112' title='bbox 489 1337 596 1387; x_wconf 81' lang='grc' dir='ltr'>τῶν</span> <span class='ocrx_word' id='word_1_113' title='bbox 658 1332 834 1401; x_wconf 85' lang='grc' dir='ltr'>ζώων,</span> <span class='ocrx_word' id='word_1_114' title='bbox 895 1329 987 1387; x_wconf 82' lang='grc' dir='ltr'>διά</span> <span class='ocrx_word' id='word_1_115' title='bbox 1037 1354 1094 1388; x_wconf 85' lang='grc' dir='ltr'>τε</span> <span class='ocrx_word' id='word_1_116' title='bbox 1147 1334 1210 1389; x_wconf 82' lang='grc' dir='ltr'>τὸ</span> <span class='ocrx_word' id='word_1_117' title='bbox 1268 1333 1504 1410; x_wconf 73' lang='grc' dir='ltr'>αἰθέριον</span> <span class='ocrx_word' id='word_1_118' title='bbox 1559 1341 1764 1412; x_wconf 81' lang='grc' dir='ltr'>χρῶμα</span> <span class='ocrx_word' id='word_1_119' title='bbox 1813 1335 1902 1391; x_wconf 87' lang='grc' dir='ltr'>καὶ</span> 
     </span>
    </p>
   </div>
   <div class='ocr_carea' id='block_1_18' title="bbox 248 1421 1899 1501">
    <p class='ocr_par' dir='ltr' id='par_1_18' title="bbox 248 1421 1899 1501">
     <span class='ocr_line' id='line_1_18' title="bbox 248 1421 1899 1501; baseline 0.002 -25"><span class='ocrx_word' id='word_1_120' title='bbox 248 1423 351 1491; x_wconf 78' lang='grc' dir='ltr'>τήν</span> <span class='ocrx_word' id='word_1_121' title='bbox 428 1421 771 1497; x_wconf 81' lang='grc' dir='ltr'>καθαρότητα</span> <span class='ocrx_word' id='word_1_122' title='bbox 843 1428 944 1484; x_wconf 66' lang='grc' dir='ltr'>τῖς</span> <span class='ocrx_word' id='word_1_123' title='bbox 1019 1422 1238 1478; x_wconf 74' lang='grc' dir='ltr'>ἐκείνοιν</span> <span class='ocrx_word' id='word_1_124' title='bbox 1310 1426 1542 1501; x_wconf 75' lang='grc' dir='ltr'>φύσεως,</span> <span class='ocrx_word' id='word_1_125' title='bbox 1617 1426 1754 1499; x_wconf 77' lang='grc' dir='ltr'>ὑψοῦ</span> <span class='ocrx_word' id='word_1_126' title='bbox 1809 1426 1899 1480; x_wconf 87' lang='grc' dir='ltr'>τὸν</span> 
     </span>
    </p>
   </div>
   <div class='ocr_carea' id='block_1_19' title="bbox 245 1509 1900 1590">
    <p class='ocr_par' dir='ltr' id='par_1_19' title="bbox 245 1509 1900 1590">
     <span class='ocr_line' id='line_1_19' title="bbox 245 1509 1900 1590; baseline 0.002 -24"><span class='ocrx_word' id='word_1_127' title='bbox 245 1511 402 1587; x_wconf 84' lang='grc' dir='ltr'>κριὸν</span> <span class='ocrx_word' id='word_1_128' title='bbox 434 1512 469 1582; x_wconf 71' lang='grc' dir='ltr'><strong>ἢ</strong></span> <span class='ocrx_word' id='word_1_129' title='bbox 499 1513 599 1581; x_wconf 77' lang='grc' dir='ltr'>τὴν</span> <span class='ocrx_word' id='word_1_130' title='bbox 649 1509 831 1589; x_wconf 81' lang='grc' dir='ltr'>ἔριφον</span> <span class='ocrx_word' id='word_1_131' title='bbox 867 1511 1358 1585; x_wconf 88' lang='grc' dir='ltr'>λαιμοτομοῦντες,</span> <span class='ocrx_word' id='word_1_132' title='bbox 1392 1513 1468 1577; x_wconf 87' lang='grc' dir='ltr'>ὡς</span> <span class='ocrx_word' id='word_1_133' title='bbox 1508 1515 1597 1568; x_wconf 79' lang='grc' dir='ltr'>και</span> <span class='ocrx_word' id='word_1_134' title='bbox 1627 1516 1900 1590; x_wconf 83' lang='grc' dir='ltr'>”Ομηρος,</span> 
     </span>
    </p>
   </div>
   <div class='ocr_carea' id='block_1_20' title="bbox 249 1597 1900 1680">
    <p class='ocr_par' dir='ltr' id='par_1_20' title="bbox 249 1597 1900 1680">
     <span class='ocr_line' id='line_1_20' title="bbox 249 1597 1900 1680; baseline 0.005 -30"><span class='ocrx_word' id='word_1_135' title='bbox 249 1623 280 1650; x_wconf 85' lang='grc'><strong><em>‹‹</em></strong></span> <span class='ocrx_word' id='word_1_136' title='bbox 339 1600 419 1657; x_wconf 85' lang='grc' dir='ltr'>Αὗ</span> <span class='ocrx_word' id='word_1_137' title='bbox 473 1597 662 1674; x_wconf 73' lang='grc' dir='ltr'>ἔρυσαν</span> <span class='ocrx_word' id='word_1_138' title='bbox 725 1600 821 1672; x_wconf 74' lang='grc' dir='ltr'>μὶν</span> <span class='ocrx_word' id='word_1_139' title='bbox 879 1604 1091 1676; x_wconf 78' lang='grc' dir='ltr'>πρῶτα,</span> <span class='ocrx_word' id='word_1_140' title='bbox 1151 1625 1180 1653; x_wconf 85' lang='grc'><strong>››</strong></span> <span class='ocrx_word' id='word_1_141' title='bbox 1239 1602 1394 1678; x_wconf 81' lang='grc' dir='ltr'>φησί,</span> <span class='ocrx_word' id='word_1_142' title='bbox 1461 1630 1487 1658; x_wconf 77' lang='grc' dir='ltr'>ιι</span> <span class='ocrx_word' id='word_1_143' title='bbox 1541 1603 1630 1658; x_wconf 82' lang='grc' dir='ltr'>καὶ</span> <span class='ocrx_word' id='word_1_144' title='bbox 1675 1601 1900 1680; x_wconf 81' lang='grc' dir='ltr'>ἔσφαξαν</span> 
     </span>
    </p>
   </div>
   <div class='ocr_carea' id='block_1_21' title="bbox 250 1682 1900 1768">
    <p class='ocr_par' dir='ltr' id='par_1_21' title="bbox 250 1682 1900 1768">
     <span class='ocr_line' id='line_1_21' title="bbox 250 1682 1900 1768; baseline 0.003 -26"><span class='ocrx_word' id='word_1_145' title='bbox 250 1712 283 1742; x_wconf 75' lang='grc' dir='ltr'>α</span> <span class='ocrx_word' id='word_1_146' title='bbox 331 1688 420 1743; x_wconf 84' lang='grc' dir='ltr'>καὶ</span> <span class='ocrx_word' id='word_1_147' title='bbox 471 1682 766 1764; x_wconf 78' lang='grc' dir='ltr'>ἔδειραν.»</span> <span class='ocrx_word' id='word_1_148' title='bbox 820 1691 948 1752; x_wconf 85' lang='grc' dir='ltr'>Τοῖς</span> <span class='ocrx_word' id='word_1_149' title='bbox 995 1690 1198 1765; x_wconf 91' lang='grc' dir='ltr'>ἀερίοις</span> <span class='ocrx_word' id='word_1_150' title='bbox 1248 1688 1305 1746; x_wconf 79' lang='grc' dir='ltr'>δὲ</span> <span class='ocrx_word' id='word_1_151' title='bbox 1349 1689 1574 1746; x_wconf 86' lang='grc' dir='ltr'>ποικίλα</span> <span class='ocrx_word' id='word_1_152' title='bbox 1621 1700 1900 1768; x_wconf 81' lang='grc' dir='ltr'>προσῆγον</span> 
     </span>
    </p>
   </div>
   <div class='ocr_carea' id='block_1_22' title="bbox 248 1778 1903 1856">
    <p class='ocr_par' dir='ltr' id='par_1_22' title="bbox 248 1778 1903 1856">
     <span class='ocr_line' id='line_1_22' title="bbox 248 1778 1903 1856; baseline 0.002 -23"><span class='ocrx_word' id='word_1_153' title='bbox 248 1778 340 1833; x_wconf 84' lang='grc' dir='ltr'>καὶ</span> <span class='ocrx_word' id='word_1_154' title='bbox 399 1783 516 1842; x_wconf 89' lang='grc' dir='ltr'>τοῖς</span> <span class='ocrx_word' id='word_1_155' title='bbox 570 1779 830 1853; x_wconf 85' lang='grc' dir='ltr'>χρώμασι</span> <span class='ocrx_word' id='word_1_156' title='bbox 880 1778 1178 1852; x_wconf 75' lang='grc' dir='ltr'>σύμμικταο</span> <span class='ocrx_word' id='word_1_157' title='bbox 1210 1785 1326 1842; x_wconf 87' lang='grc' dir='ltr'>τοῖς</span> <span class='ocrx_word' id='word_1_158' title='bbox 1356 1778 1413 1834; x_wconf 87' lang='grc' dir='ltr'>δέ</span> <span class='ocrx_word' id='word_1_159' title='bbox 1449 1801 1511 1856; x_wconf 84' lang='grc' dir='ltr'>γε</span> <span class='ocrx_word' id='word_1_160' title='bbox 1544 1781 1903 1856; x_wconf 79' lang='grc' dir='ltr'>ὑποχθονίοις</span> 
     </span>
    </p>
   </div>
   <div class='ocr_carea' id='block_1_23' title="bbox 252 1866 1900 1947">
    <p class='ocr_par' dir='ltr' id='par_1_23' title="bbox 252 1866 1900 1947">
     <span class='ocr_line' id='line_1_23' title="bbox 252 1866 1900 1947; baseline 0.001 -24"><span class='ocrx_word' id='word_1_161' title='bbox 252 1866 588 1936; x_wconf 71' lang='grc' dir='ltr'>ἆζωοθύτουν</span> <span class='ocrx_word' id='word_1_162' title='bbox 644 1868 932 1944; x_wconf 84' lang='grc' dir='ltr'>ἆντίχροα,</span> <span class='ocrx_word' id='word_1_163' title='bbox 1002 1869 1092 1923; x_wconf 83' lang='grc' dir='ltr'>καὶ</span> <span class='ocrx_word' id='word_1_164' title='bbox 1149 1868 1296 1924; x_wconf 75' lang='grc' dir='ltr'>κάτω</span> <span class='ocrx_word' id='word_1_165' title='bbox 1353 1871 1453 1938; x_wconf 80' lang='grc' dir='ltr'>τήν</span> <span class='ocrx_word' id='word_1_166' title='bbox 1511 1870 1756 1947; x_wconf 77' lang='grc' dir='ltr'>κεφαλὴν</span> <span class='ocrx_word' id='word_1_167' title='bbox 1805 1876 1900 1926; x_wconf 86' lang='grc' dir='ltr'>τοῦ</span> 
     </span>
    </p>
   </div>
   <div class='ocr_carea' id='block_1_24' title="bbox 251 1953 1898 2032">
    <p class='ocr_par' dir='ltr' id='par_1_24' title="bbox 251 1953 1898 2032">
     <span class='ocr_line' id='line_1_24' title="bbox 251 1953 1898 2032; baseline 0.001 -22"><span class='ocrx_word' id='word_1_168' title='bbox 251 1957 493 2030; x_wconf 89' lang='grc' dir='ltr'>θύματος</span> <span class='ocrx_word' id='word_1_169' title='bbox 548 1953 834 2025; x_wconf 79' lang='grc' dir='ltr'>ἕλκοντες,</span> <span class='ocrx_word' id='word_1_170' title='bbox 895 1955 1039 2010; x_wconf 75' lang='grc' dir='ltr'>οὕτω</span> <span class='ocrx_word' id='word_1_171' title='bbox 1079 1956 1210 2018; x_wconf 82' lang='grc' dir='ltr'>τοὺς</span> <span class='ocrx_word' id='word_1_172' title='bbox 1261 1957 1550 2032; x_wconf 82' lang='grc' dir='ltr'>αὐχενίους</span> <span class='ocrx_word' id='word_1_173' title='bbox 1599 1956 1898 2030; x_wconf 88' lang='grc' dir='ltr'>ἀπέτεμνον</span> 
     </span>
    </p>
   </div>
   <div class='ocr_carea' id='block_1_25' title="bbox 248 2043 1897 2122">
    <p class='ocr_par' dir='ltr' id='par_1_25' title="bbox 248 2043 1897 2122">
     <span class='ocr_line' id='line_1_25' title="bbox 248 2043 1897 2122; baseline 0.001 -21"><span class='ocrx_word' id='word_1_174' title='bbox 248 2047 518 2108; x_wconf 82' lang='grc' dir='ltr'>τένοντας’</span> <span class='ocrx_word' id='word_1_175' title='bbox 575 2050 691 2107; x_wconf 85' lang='grc' dir='ltr'>τοῖς</span> <span class='ocrx_word' id='word_1_176' title='bbox 748 2043 806 2100; x_wconf 75' lang='grc' dir='ltr'>δέ</span> <span class='ocrx_word' id='word_1_177' title='bbox 861 2067 924 2120; x_wconf 91' lang='grc' dir='ltr'>γε</span> <span class='ocrx_word' id='word_1_178' title='bbox 985 2047 1172 2119; x_wconf 84' lang='grc' dir='ltr'>μέσοις</span> <span class='ocrx_word' id='word_1_179' title='bbox 1221 2044 1615 2122; x_wconf 83' lang='grc' dir='ltr'>πλαγιάζοντες</span> <span class='ocrx_word' id='word_1_180' title='bbox 1672 2048 1738 2101; x_wconf 77' lang='grc' dir='ltr'>τὰ</span> <span class='ocrx_word' id='word_1_181' title='bbox 1771 2047 1897 2111; x_wconf 86' lang='grc' dir='ltr'>θυό-</span> 
     </span>
    </p>
   </div>
   <div class='ocr_carea' id='block_1_26' title="bbox 254 2131 1898 2210">
    <p class='ocr_par' dir='ltr' id='par_1_26' title="bbox 254 2131 1898 2210">
     <span class='ocr_line' id='line_1_26' title="bbox 254 2131 1898 2210; baseline 0.001 -21"><span class='ocrx_word' id='word_1_182' title='bbox 254 2155 412 2208; x_wconf 88' lang='grc' dir='ltr'>μενα,</span> <span class='ocrx_word' id='word_1_183' title='bbox 497 2131 883 2209; x_wconf 82' lang='grc' dir='ltr'>ἐδειροτόμουν</span> <span class='ocrx_word' id='word_1_184' title='bbox 957 2137 1053 2197; x_wconf 70' lang='grc' dir='ltr'>τὰς</span> <span class='ocrx_word' id='word_1_185' title='bbox 1133 2133 1391 2210; x_wconf 74' lang='grc' dir='ltr'>κεφαλάς·</span> <span class='ocrx_word' id='word_1_186' title='bbox 1479 2136 1590 2190; x_wconf 77' lang='grc' dir='ltr'>εἶτα</span> <span class='ocrx_word' id='word_1_187' title='bbox 1669 2133 1746 2202; x_wconf 73' lang='grc' dir='ltr'>δὲ,</span> <span class='ocrx_word' id='word_1_188' title='bbox 1801 2136 1898 2198; x_wconf 67' lang='grc' dir='ltr'>τὰς</span> 
     </span>
    </p>
   </div>
   <div class='ocr_carea' id='block_1_27' title="bbox 245 2223 1896 2301">
    <p class='ocr_par' dir='ltr' id='par_1_27' title="bbox 245 2223 1896 2301">
     <span class='ocr_line' id='line_1_27' title="bbox 245 2223 1896 2301; baseline 0 -21"><span class='ocrx_word' id='word_1_189' title='bbox 245 2225 511 2301; x_wconf 87' lang='grc' dir='ltr'>γαστέρας</span> <span class='ocrx_word' id='word_1_190' title='bbox 573 2224 753 2278; x_wconf 82' lang='grc' dir='ltr'>αὑτῶν</span> <span class='ocrx_word' id='word_1_191' title='bbox 810 2224 1218 2300; x_wconf 84' lang='grc' dir='ltr'>ἀνασχίζοντες,</span> <span class='ocrx_word' id='word_1_192' title='bbox 1270 2225 1370 2293; x_wconf 82' lang='grc' dir='ltr'>τήν</span> <span class='ocrx_word' id='word_1_193' title='bbox 1423 2223 1648 2301; x_wconf 82' lang='grc' dir='ltr'>καρδίαν</span> <span class='ocrx_word' id='word_1_194' title='bbox 1678 2230 1896 2299; x_wconf 82' lang='grc' dir='ltr'>πρῶτον</span> 
     </span>
    </p>
   </div>
   <div class='ocr_carea' id='block_1_28' title="bbox 244 2313 1898 2387">
    <p class='ocr_par' dir='ltr' id='par_1_28' title="bbox 244 2313 1898 2387">
     <span class='ocr_line' id='line_1_28' title="bbox 244 2313 1898 2387; baseline 0 -18"><span class='ocrx_word' id='word_1_195' title='bbox 244 2313 573 2387; x_wconf 81' lang='grc' dir='ltr'>κατέτεμνον</span> <span class='ocrx_word' id='word_1_196' title='bbox 602 2357 619 2381; x_wconf 91' lang='grc'>,</span> <span class='ocrx_word' id='word_1_197' title='bbox 677 2313 764 2368; x_wconf 83' lang='grc' dir='ltr'>καὶ</span> <span class='ocrx_word' id='word_1_198' title='bbox 817 2313 912 2368; x_wconf 85' lang='grc' dir='ltr'>τὸν</span> <span class='ocrx_word' id='word_1_199' title='bbox 975 2313 1070 2385; x_wconf 75' lang='grc' dir='ltr'>μὲν</span> <span class='ocrx_word' id='word_1_200' title='bbox 1126 2313 1293 2386; x_wconf 87' lang='grc' dir='ltr'>ὑμένα</span> <span class='ocrx_word' id='word_1_201' title='bbox 1353 2313 1554 2385; x_wconf 87' lang='grc' dir='ltr'>ταύτης</span> <span class='ocrx_word' id='word_1_202' title='bbox 1597 2320 1741 2378; x_wconf 85' lang='grc' dir='ltr'>θεοῖς</span> <span class='ocrx_word' id='word_1_203' title='bbox 1791 2335 1898 2369; x_wconf 83' lang='grc' dir='ltr'>πα-</span> 
     </span>
    </p>
   </div>
   <div class='ocr_carea' id='block_1_29' title="bbox 240 2400 1898 2480">
    <p class='ocr_par' dir='ltr' id='par_1_29' title="bbox 240 2400 1898 2480">
     <span class='ocr_line' id='line_1_29' title="bbox 240 2400 1898 2480; baseline -0.001 -22"><span class='ocrx_word' id='word_1_204' title='bbox 240 2405 446 2480; x_wconf 83' lang='grc' dir='ltr'>τρῴοις</span> <span class='ocrx_word' id='word_1_205' title='bbox 501 2403 752 2458; x_wconf 88' lang='grc' dir='ltr'>ἀπέθυον·</span> <span class='ocrx_word' id='word_1_206' title='bbox 807 2407 914 2458; x_wconf 83' lang='grc' dir='ltr'>τῶν</span> <span class='ocrx_word' id='word_1_207' title='bbox 977 2400 1034 2458; x_wconf 85' lang='grc' dir='ltr'>δέ</span> <span class='ocrx_word' id='word_1_208' title='bbox 1091 2424 1154 2477; x_wconf 84' lang='grc' dir='ltr'>γε</span> <span class='ocrx_word' id='word_1_209' title='bbox 1183 2402 1411 2458; x_wconf 78' lang='grc' dir='ltr'>κοιλιῶν</span> <span class='ocrx_word' id='word_1_210' title='bbox 1469 2406 1568 2472; x_wconf 74' lang='grc' dir='ltr'>τὴν</span> <span class='ocrx_word' id='word_1_211' title='bbox 1602 2405 1696 2476; x_wconf 79' lang='grc' dir='ltr'>μὲν</span> <span class='ocrx_word' id='word_1_212' title='bbox 1727 2401 1898 2474; x_wconf 72' lang='grc' dir='ltr'>δεξιὰν</span> 
     </span>
    </p>
   </div>
   <div class='ocr_carea' id='block_1_30' title="bbox 245 2490 1895 2565">
    <p class='ocr_par' dir='ltr' id='par_1_30' title="bbox 245 2490 1895 2565">
     <span class='ocr_line' id='line_1_30' title="bbox 245 2490 1895 2565; baseline -0.002 -16"><span class='ocrx_word' id='word_1_213' title='bbox 245 2491 602 2549; x_wconf 78' lang='grc' dir='ltr'>ἀνατέλλοντι</span> <span class='ocrx_word' id='word_1_214' title='bbox 669 2497 748 2563; x_wconf 80' lang='grc' dir='ltr'>τῷ</span> <span class='ocrx_word' id='word_1_215' title='bbox 797 2491 946 2565; x_wconf 81' lang='grc' dir='ltr'>ήλίῳ</span> <span class='ocrx_word' id='word_1_216' title='bbox 1001 2491 1282 2563; x_wconf 85' lang='grc' dir='ltr'>κατέθυον,</span> <span class='ocrx_word' id='word_1_217' title='bbox 1337 2494 1436 2561; x_wconf 74' lang='grc' dir='ltr'>τὴν</span> <span class='ocrx_word' id='word_1_218' title='bbox 1497 2490 1553 2547; x_wconf 75' lang='grc' dir='ltr'>δὲ</span> <span class='ocrx_word' id='word_1_219' title='bbox 1612 2493 1895 2565; x_wconf 76' lang='grc' dir='ltr'>εὐώνυμον</span> 
     </span>
    </p>
   </div>
   <div class='ocr_carea' id='block_1_31' title="bbox 241 2578 1898 2656">
    <p class='ocr_par' dir='ltr' id='par_1_31' title="bbox 241 2578 1898 2656">
     <span class='ocr_line' id='line_1_31' title="bbox 241 2578 1898 2656; baseline -0.001 -18"><span class='ocrx_word' id='word_1_220' title='bbox 241 2581 476 2649; x_wconf 84' lang='grc' dir='ltr'>δύνοντι,</span> <span class='ocrx_word' id='word_1_221' title='bbox 530 2582 622 2636; x_wconf 78' lang='grc' dir='ltr'>τὸν</span> <span class='ocrx_word' id='word_1_222' title='bbox 683 2578 739 2636; x_wconf 79' lang='grc' dir='ltr'>δὲ</span> <span class='ocrx_word' id='word_1_223' title='bbox 774 2581 1000 2655; x_wconf 84' lang='grc' dir='ltr'>βόθυνον</span> <span class='ocrx_word' id='word_1_224' title='bbox 1034 2578 1155 2656; x_wconf 78' lang='grc' dir='ltr'>ἄρτι</span> <span class='ocrx_word' id='word_1_225' title='bbox 1211 2584 1696 2655; x_wconf 69' lang='grc' dir='ltr'>μεσουρανήσαντι.</span> <span class='ocrx_word' id='word_1_226' title='bbox 1739 2582 1898 2640; x_wconf 61' lang='grc' dir='ltr'>Οὕτω</span> 
     </span>
    </p>
   </div>
   <div class='ocr_carea' id='block_1_32' title="bbox 239 2668 1896 2747">
    <p class='ocr_par' dir='ltr' id='par_1_32' title="bbox 239 2668 1896 2747">
     <span class='ocr_line' id='line_1_32' title="bbox 239 2668 1896 2747; baseline -0.001 -20"><span class='ocrx_word' id='word_1_227' title='bbox 239 2671 420 2727; x_wconf 75' lang='grc' dir='ltr'>δὲκαὶ</span> <span class='ocrx_word' id='word_1_228' title='bbox 475 2675 573 2726; x_wconf 82' lang='grc' dir='ltr'>τοῦ</span> <span class='ocrx_word' id='word_1_229' title='bbox 628 2668 840 2740; x_wconf 73' lang='grc' dir='ltr'>ἥπατος</span> <span class='ocrx_word' id='word_1_230' title='bbox 897 2668 1281 2733; x_wconf 77' lang='grc' dir='ltr'>ἀποδιελόντις</span> <span class='ocrx_word' id='word_1_231' title='bbox 1333 2672 1425 2726; x_wconf 84' lang='grc' dir='ltr'>τὸν</span> <span class='ocrx_word' id='word_1_232' title='bbox 1480 2671 1647 2744; x_wconf 89' lang='grc' dir='ltr'>ὑμένα</span> <span class='ocrx_word' id='word_1_233' title='bbox 1693 2671 1896 2747; x_wconf 71' lang='grc' dir='ltr'>ἡρέμα,</span> 
     </span>
    </p>
   </div>
   <div class='ocr_carea' id='block_1_33' title="bbox 240 2759 1895 2837">
    <p class='ocr_par' dir='ltr' id='par_1_33' title="bbox 240 2759 1895 2837">
     <span class='ocr_line' id='line_1_33' title="bbox 240 2759 1895 2837; baseline 0 -21"><span class='ocrx_word' id='word_1_234' title='bbox 240 2763 303 2823; x_wconf 75' lang='grc' dir='ltr'>ὃς</span> <span class='ocrx_word' id='word_1_235' title='bbox 362 2761 462 2815; x_wconf 83' lang='grc' dir='ltr'>ὑπὸ</span> <span class='ocrx_word' id='word_1_236' title='bbox 519 2764 617 2815; x_wconf 89' lang='grc' dir='ltr'>τοῦ</span> <span class='ocrx_word' id='word_1_237' title='bbox 675 2759 1019 2837; x_wconf 90' lang='grc' dir='ltr'>περιτοναίου</span> <span class='ocrx_word' id='word_1_238' title='bbox 1075 2765 1156 2832; x_wconf 78' lang='grc' dir='ltr'>τῷ</span> <span class='ocrx_word' id='word_1_239' title='bbox 1234 2760 1538 2837; x_wconf 81' lang='grc' dir='ltr'>σπλάγχνῳ</span> <span class='ocrx_word' id='word_1_240' title='bbox 1596 2760 1895 2827; x_wconf 81' lang='grc' dir='ltr'>ἐπίκειται,</span> 
     </span>
    </p>
   </div>
   <div class='ocr_carea' id='block_1_34' title="bbox 241 2847 1897 2926">
    <p class='ocr_par' dir='ltr' id='par_1_34' title="bbox 241 2847 1897 2926">
     <span class='ocr_line' id='line_1_34' title="bbox 241 2847 1897 2926; baseline 0 -22"><span class='ocrx_word' id='word_1_241' title='bbox 241 2856 347 2918; x_wconf 81' lang='grc' dir='ltr'>τῆς</span> <span class='ocrx_word' id='word_1_242' title='bbox 414 2849 506 2921; x_wconf 77' lang='grc' dir='ltr'>μὶν</span> <span class='ocrx_word' id='word_1_243' title='bbox 582 2847 827 2918; x_wconf 77' lang='grc' dir='ltr'>κεφαλῆς</span> <span class='ocrx_word' id='word_1_244' title='bbox 892 2854 1009 2911; x_wconf 89' lang='grc' dir='ltr'>τοῖς</span> <span class='ocrx_word' id='word_1_245' title='bbox 1069 2849 1463 2924; x_wconf 79' lang='grc' dir='ltr'>ὑπερκοσμίοις</span> <span class='ocrx_word' id='word_1_246' title='bbox 1524 2854 1897 2926; x_wconf 75' lang='grc' dir='ltr'>κατήρχοντο,</span> 
     </span>
    </p>
   </div>
   <div class='ocr_carea' id='block_1_35' title="bbox 241 2932 1894 3010">
    <p class='ocr_par' dir='ltr' id='par_1_35' title="bbox 241 2932 1894 3010">
     <span class='ocr_line' id='line_1_35' title="bbox 241 2932 1894 3010; baseline -0.001 -17"><span class='ocrx_word' id='word_1_247' title='bbox 241 2937 376 3001; x_wconf 75' lang='grc' dir='ltr'>τοὺς</span> <span class='ocrx_word' id='word_1_248' title='bbox 435 2935 492 2992; x_wconf 76' lang='grc' dir='ltr'>δὲ</span> <span class='ocrx_word' id='word_1_249' title='bbox 549 2932 753 3001; x_wconf 74' lang='grc' dir='ltr'>λοϐοὺς</span> <span class='ocrx_word' id='word_1_250' title='bbox 805 2942 921 2999; x_wconf 89' lang='grc' dir='ltr'>τοῖς</span> <span class='ocrx_word' id='word_1_251' title='bbox 976 2939 1131 2992; x_wconf 91' lang='grc' dir='ltr'>πέντε</span> <span class='ocrx_word' id='word_1_252' title='bbox 1196 2937 1469 3010; x_wconf 79' lang='grc' dir='ltr'>πλάνησιν</span> <span class='ocrx_word' id='word_1_253' title='bbox 1531 2936 1894 2994; x_wconf 85' lang='grc' dir='ltr'>ἀπεδίδοσαν·</span> 
     </span>
    </p>
   </div>
   <div class='ocr_carea' id='block_1_36' title="bbox 242 3023 1896 3103">
    <p class='ocr_par' dir='ltr' id='par_1_36' title="bbox 242 3023 1896 3103">
     <span class='ocr_line' id='line_1_36' title="bbox 242 3023 1896 3103; baseline 0.002 -21"><span class='ocrx_word' id='word_1_254' title='bbox 242 3027 311 3082; x_wconf 85' lang='grc' dir='ltr'>τὸ</span> <span class='ocrx_word' id='word_1_255' title='bbox 371 3023 428 3081; x_wconf 76' lang='grc' dir='ltr'>δέ</span> <span class='ocrx_word' id='word_1_256' title='bbox 481 3047 544 3101; x_wconf 81' lang='grc' dir='ltr'>γε</span> <span class='ocrx_word' id='word_1_257' title='bbox 591 3028 846 3101; x_wconf 82' lang='grc' dir='ltr'>νέκρωμα</span> <span class='ocrx_word' id='word_1_258' title='bbox 901 3023 1044 3100; x_wconf 75' lang='grc' dir='ltr'>ᾋδῃ</span> <span class='ocrx_word' id='word_1_259' title='bbox 1111 3027 1200 3082; x_wconf 83' lang='grc' dir='ltr'>καὶ</span> <span class='ocrx_word' id='word_1_260' title='bbox 1261 3027 1570 3103; x_wconf 81' lang='grc' dir='ltr'>Περσεφόνῃ</span> <span class='ocrx_word' id='word_1_261' title='bbox 1615 3030 1896 3092; x_wconf 88' lang='grc' dir='ltr'>κατέθυον.</span> 
     </span>
    </p>
   </div>
   <div class='ocr_carea' id='block_1_37' title="bbox 245 3113 1894 3192">
    <p class='ocr_par' dir='ltr' id='par_1_37' title="bbox 245 3113 1894 3192">
     <span class='ocr_line' id='line_1_37' title="bbox 245 3113 1894 3192; baseline 0.001 -20"><span class='ocrx_word' id='word_1_262' title='bbox 245 3117 383 3174; x_wconf 73' lang='grc' dir='ltr'>Εἶτα</span> <span class='ocrx_word' id='word_1_263' title='bbox 413 3113 479 3185; x_wconf 78' lang='grc' dir='ltr'>δη</span> <span class='ocrx_word' id='word_1_264' title='bbox 520 3119 628 3170; x_wconf 83' lang='grc' dir='ltr'>τῶν</span> <span class='ocrx_word' id='word_1_265' title='bbox 663 3114 940 3188; x_wconf 85' lang='grc' dir='ltr'>θυομένων</span> <span class='ocrx_word' id='word_1_266' title='bbox 990 3119 1437 3192; x_wconf 75' lang='grc' dir='ltr'>περιειργάζοντο</span> <span class='ocrx_word' id='word_1_267' title='bbox 1494 3119 1561 3172; x_wconf 75' lang='grc' dir='ltr'>τὰ</span> <span class='ocrx_word' id='word_1_268' title='bbox 1608 3117 1894 3190; x_wconf 86' lang='grc' dir='ltr'>πτώματα,</span> 
     </span>
    </p>
   </div>
   <div class='ocr_carea' id='block_1_38' title="bbox 243 3202 1893 3276">
    <p class='ocr_par' dir='ltr' id='par_1_38' title="bbox 243 3202 1893 3276">
     <span class='ocr_line' id='line_1_38' title="bbox 275 3202 1807 3260; baseline -0.004 -32"><span class='ocrx_word' id='word_1_269' title='bbox 275 3204 352 3260; x_wconf 63' lang='grc' dir='ltr'>’ἐ</span> <span class='ocrx_word' id='word_1_270' title='bbox 400 3206 413 3223; x_wconf 78' lang='lat'><strong><em>\</em></strong></span> <span class='ocrx_word' id='word_1_271' title='bbox 503 3204 518 3226; x_wconf 53' lang='grc' dir='ltr'>ἵ</span> <span class='ocrx_word' id='word_1_272' title='bbox 587 3202 616 3258; x_wconf 76' lang='grc' dir='ltr'>δ</span> <span class='ocrx_word' id='word_1_273' title='bbox 711 3206 722 3222; x_wconf 77' lang='lat'><strong><em>\</em></strong></span> <span class='ocrx_word' id='word_1_274' title='bbox 1128 3203 1154 3226; x_wconf 64' lang='grc' dir='ltr'><strong><em>Ἀ</em></strong></span> <span class='ocrx_word' id='word_1_275' title='bbox 1206 3205 1219 3224; x_wconf 71' lang='grc'><strong>9</strong></span> <span class='ocrx_word' id='word_1_276' title='bbox 1273 3206 1287 3224; x_wconf 90' lang='lat'><strong><em>\</em></strong></span> <span class='ocrx_word' id='word_1_277' title='bbox 1389 3205 1402 3224; x_wconf 57' lang='grc' dir='ltr'><strong>λ</strong></span> <span class='ocrx_word' id='word_1_278' title='bbox 1567 3208 1601 3237; x_wconf 63' lang='grc' dir='ltr'>ι,</span> <span class='ocrx_word' id='word_1_279' title='bbox 1699 3207 1711 3222; x_wconf 69' lang='lat'><strong>9</strong></span> <span class='ocrx_word' id='word_1_280' title='bbox 1785 3213 1807 3222; x_wconf 72' lang='grc' dir='ltr'><strong>υ</strong></span> 
     </span>
     <span class='ocr_line' id='line_1_39' title="bbox 243 3204 1893 3276; baseline -0.001 -13"><span class='ocrx_word' id='word_1_281' title='bbox 243 3227 294 3263; x_wconf 75' lang='grc' dir='ltr'>ιι</span> <span class='ocrx_word' id='word_1_282' title='bbox 354 3227 414 3260; x_wconf 91' lang='grc' dir='ltr'>πι</span> <span class='ocrx_word' id='word_1_283' title='bbox 461 3226 528 3260; x_wconf 89' lang='grc' dir='ltr'>τα</span> <span class='ocrx_word' id='word_1_284' title='bbox 622 3204 734 3274; x_wconf 78' lang='grc' dir='ltr'>εξια</span> <span class='ocrx_word' id='word_1_285' title='bbox 790 3205 1062 3276; x_wconf 86' lang='grc' dir='ltr'>πίπτοιεν,</span> <span class='ocrx_word' id='word_1_286' title='bbox 1119 3227 1154 3274; x_wconf 93' lang='grc' dir='ltr'>η</span> <span class='ocrx_word' id='word_1_287' title='bbox 1203 3225 1289 3261; x_wconf 86' lang='grc' dir='ltr'>επι</span> <span class='ocrx_word' id='word_1_288' title='bbox 1344 3228 1414 3261; x_wconf 88' lang='grc' dir='ltr'>τα</span> <span class='ocrx_word' id='word_1_289' title='bbox 1454 3205 1583 3262; x_wconf 86' lang='grc' dir='ltr'>λαια</span> <span class='ocrx_word' id='word_1_290' title='bbox 1652 3219 1893 3272; x_wconf 79' lang='grc' dir='ltr'>κακειθεν</span> 
     </span>
    </p>
   </div>
   <div class='ocr_carea' id='block_1_39' title="bbox 245 3291 1893 3370">
    <p class='ocr_par' dir='ltr' id='par_1_39' title="bbox 245 3291 1893 3370">
     <span class='ocr_line' id='line_1_40' title="bbox 245 3291 1893 3370; baseline 0.001 -21"><span class='ocrx_word' id='word_1_291' title='bbox 245 3295 347 3367; x_wconf 79' lang='grc' dir='ltr'>μὲν</span> <span class='ocrx_word' id='word_1_292' title='bbox 379 3291 525 3364; x_wconf 82' lang='grc' dir='ltr'>δεξιὰ</span> <span class='ocrx_word' id='word_1_293' title='bbox 553 3294 766 3355; x_wconf 69' lang='grc' dir='ltr'>ἑαυτοῖς</span> <span class='ocrx_word' id='word_1_294' title='bbox 819 3293 1196 3367; x_wconf 85' lang='grc' dir='ltr'>ἐμαντεύοντο,</span> <span class='ocrx_word' id='word_1_295' title='bbox 1260 3295 1403 3350; x_wconf 75' lang='grc' dir='ltr'>οὕτω</span> <span class='ocrx_word' id='word_1_296' title='bbox 1461 3292 1518 3350; x_wconf 67' lang='lat' dir='ltr'>3t</span> <span class='ocrx_word' id='word_1_297' title='bbox 1550 3294 1893 3370; x_wconf 81' lang='grc' dir='ltr'>έπαριστερᾶ.</span> 
     </span>
    </p>
   </div>
   <div class='ocr_carea' id='block_1_40' title="bbox 2082 1247 3667 1313">
    <p class='ocr_par' dir='ltr' id='par_1_40' title="bbox 2082 1247 3667 1313">
     <span class='ocr_line' id='line_1_41' title="bbox 2082 1247 3667 1313; baseline 0.006 -10"><span class='ocrx_word' id='word_1_298' title='bbox 2082 1249 2136 1303; x_wconf 86' lang='grc'>2.</span> <span class='ocrx_word' id='word_1_299' title='bbox 2195 1247 2584 1304; x_wconf 86' lang='lat' dir='ltr'>Immolabant</span> <span class='ocrx_word' id='word_1_300' title='bbox 2613 1251 2883 1306; x_wconf 80' lang='lat' dir='ltr'>aethereis</span> <span class='ocrx_word' id='word_1_301' title='bbox 2911 1249 3045 1306; x_wconf 86' lang='lat' dir='ltr'>alba</span> <span class='ocrx_word' id='word_1_302' title='bbox 3095 1255 3150 1306; x_wconf 89' lang='lat' dir='ltr'>et</span> <span class='ocrx_word' id='word_1_303' title='bbox 3200 1251 3357 1310; x_wconf 81' lang='lat' dir='ltr'>fulva</span> <span class='ocrx_word' id='word_1_304' title='bbox 3387 1255 3667 1313; x_wconf 84' lang='lat' dir='ltr'>animalia</span> 
     </span>
    </p>
   </div>
   <div class='ocr_carea' id='block_1_41' title="bbox 2013 1337 3664 1416">
    <p class='ocr_par' dir='ltr' id='par_1_41' title="bbox 2013 1337 3664 1416">
     <span class='ocr_line' id='line_1_42' title="bbox 2013 1337 3664 1416; baseline 0.005 -24"><span class='ocrx_word' id='word_1_305' title='bbox 2013 1343 2251 1409; x_wconf 81' lang='lat' dir='ltr'>propter</span> <span class='ocrx_word' id='word_1_306' title='bbox 2279 1337 2597 1394; x_wconf 71' lang='lat' dir='ltr'>zethereum</span> <span class='ocrx_word' id='word_1_307' title='bbox 2629 1338 2882 1394; x_wconf 89' lang='lat' dir='ltr'>colorem</span> <span class='ocrx_word' id='word_1_308' title='bbox 2919 1345 3262 1412; x_wconf 65' lang='lat' dir='ltr'>naturaeque</span> <span class='ocrx_word' id='word_1_309' title='bbox 3315 1359 3517 1399; x_wconf 89' lang='lat' dir='ltr'>eorum</span> <span class='ocrx_word' id='word_1_310' title='bbox 3553 1363 3664 1416; x_wconf 89' lang='lat' dir='ltr'>pu-</span> 
     </span>
    </p>
   </div>
   <div class='ocr_carea' id='block_1_42' title="bbox 2012 1426 3666 1501">
    <p class='ocr_par' dir='ltr' id='par_1_42' title="bbox 2012 1426 3666 1501">
     <span class='ocr_line' id='line_1_43' title="bbox 2012 1426 3666 1501; baseline 0.005 -20"><span class='ocrx_word' id='word_1_311' title='bbox 2012 1427 2267 1496; x_wconf 89' lang='lat' dir='ltr'>ritatem,</span> <span class='ocrx_word' id='word_1_312' title='bbox 2297 1426 2411 1482; x_wconf 90' lang='lat' dir='ltr'>alte</span> <span class='ocrx_word' id='word_1_313' title='bbox 2434 1428 2676 1483; x_wconf 80' lang='lat' dir='ltr'>arietem</span> <span class='ocrx_word' id='word_1_314' title='bbox 2708 1433 2764 1484; x_wconf 89' lang='lat' dir='ltr'>et</span> <span class='ocrx_word' id='word_1_315' title='bbox 2795 1429 3031 1484; x_wconf 74' lang='lat' dir='ltr'>hmdum</span> <span class='ocrx_word' id='word_1_316' title='bbox 3056 1430 3423 1501; x_wconf 85' lang='lat' dir='ltr'>jugulantes,</span> <span class='ocrx_word' id='word_1_317' title='bbox 3456 1437 3524 1488; x_wconf 88' lang='lat' dir='ltr'>ut</span> <span class='ocrx_word' id='word_1_318' title='bbox 3559 1435 3666 1490; x_wconf 86' lang='lat' dir='ltr'>Ho-</span> 
     </span>
    </p>
   </div>
   <div class='ocr_carea' id='block_1_43' title="bbox 2013 1516 3661 1594">
    <p class='ocr_par' dir='ltr' id='par_1_43' title="bbox 2013 1516 3661 1594">
     <span class='ocr_line' id='line_1_44' title="bbox 2013 1516 3661 1594; baseline 0.005 -24"><span class='ocrx_word' id='word_1_319' title='bbox 2013 1531 2211 1571; x_wconf 85' lang='lat' dir='ltr'>merus</span> <span class='ocrx_word' id='word_1_320' title='bbox 2243 1516 2419 1571; x_wconf 81' lang='lat' dir='ltr'>dicit:</span> <span class='ocrx_word' id='word_1_321' title='bbox 2453 1539 2481 1567; x_wconf 72' lang='grc' dir='ltr'>ι(</span> <span class='ocrx_word' id='word_1_322' title='bbox 2503 1517 2680 1572; x_wconf 92' lang='lat' dir='ltr'>Porro</span> <span class='ocrx_word' id='word_1_323' title='bbox 2703 1517 3092 1574; x_wconf 84' lang='lat' dir='ltr'>immolabant</span> <span class='ocrx_word' id='word_1_324' title='bbox 3122 1519 3307 1590; x_wconf 90' lang='lat' dir='ltr'>prius,</span> <span class='ocrx_word' id='word_1_325' title='bbox 3339 1526 3395 1576; x_wconf 92' lang='lat' dir='ltr'>et</span> <span class='ocrx_word' id='word_1_326' title='bbox 3418 1523 3661 1594; x_wconf 85' lang='lat' dir='ltr'>jugula-</span> 
     </span>
    </p>
   </div>
   <div class='ocr_carea' id='block_1_44' title="bbox 2012 1603 3660 1676">
    <p class='ocr_par' dir='ltr' id='par_1_44' title="bbox 2012 1603 3660 1676">
     <span class='ocr_line' id='line_1_45' title="bbox 2012 1603 3660 1676; baseline 0.005 -19"><span class='ocrx_word' id='word_1_327' title='bbox 2012 1603 2154 1659; x_wconf 87' lang='lat' dir='ltr'>bant</span> <span class='ocrx_word' id='word_1_328' title='bbox 2182 1609 2239 1660; x_wconf 91' lang='lat' dir='ltr'>et</span> <span class='ocrx_word' id='word_1_329' title='bbox 2269 1605 2699 1676; x_wconf 87' lang='lat' dir='ltr'>discerpebant.</span> <span class='ocrx_word' id='word_1_330' title='bbox 2736 1624 2762 1656; x_wconf 78' lang='grc' dir='ltr'>ι</span> <span class='ocrx_word' id='word_1_331' title='bbox 2797 1605 2984 1661; x_wconf 88' lang='lat' dir='ltr'>Aeriis</span> <span class='ocrx_word' id='word_1_332' title='bbox 3012 1613 3210 1662; x_wconf 90' lang='lat' dir='ltr'>autem</span> <span class='ocrx_word' id='word_1_333' title='bbox 3244 1608 3406 1664; x_wconf 89' lang='lat' dir='ltr'>varia</span> <span class='ocrx_word' id='word_1_334' title='bbox 3455 1611 3660 1666; x_wconf 74' lang='lat' dir='ltr'>offere-</span> 
     </span>
    </p>
   </div>
   <div class='ocr_carea' id='block_1_45' title="bbox 2012 1693 3658 1771">
    <p class='ocr_par' dir='ltr' id='par_1_45' title="bbox 2012 1693 3658 1771">
     <span class='ocr_line' id='line_1_46' title="bbox 2012 1693 3658 1771; baseline 0.004 -23"><span class='ocrx_word' id='word_1_335' title='bbox 2012 1693 2154 1748; x_wconf 84' lang='lat' dir='ltr'>bant</span> <span class='ocrx_word' id='word_1_336' title='bbox 2192 1698 2249 1749; x_wconf 91' lang='lat' dir='ltr'>et</span> <span class='ocrx_word' id='word_1_337' title='bbox 2279 1693 2576 1750; x_wconf 86' lang='lat' dir='ltr'>coloribus</span> <span class='ocrx_word' id='word_1_338' title='bbox 2608 1694 2999 1763; x_wconf 87' lang='lat' dir='ltr'>commiscua;</span> <span class='ocrx_word' id='word_1_339' title='bbox 3034 1695 3278 1752; x_wconf 86' lang='lat' dir='ltr'>infernis</span> <span class='ocrx_word' id='word_1_340' title='bbox 3309 1714 3442 1754; x_wconf 88' lang='lat' dir='ltr'>vera</span> <span class='ocrx_word' id='word_1_341' title='bbox 3472 1716 3658 1771; x_wconf 91' lang='lat' dir='ltr'>oppo-</span> 
     </span>
    </p>
   </div>
   <div class='ocr_carea' id='block_1_46' title="bbox 2009 1782 3650 1850">
    <p class='ocr_par' dir='ltr' id='par_1_46' title="bbox 2009 1782 3650 1850">
     <span class='ocr_line' id='line_1_47' title="bbox 2009 1782 3650 1850; baseline 0.003 -12"><span class='ocrx_word' id='word_1_342' title='bbox 2009 1782 2121 1838; x_wconf 89' lang='lat' dir='ltr'>sito</span> <span class='ocrx_word' id='word_1_343' title='bbox 2153 1783 2343 1838; x_wconf 93' lang='lat' dir='ltr'>colore</span> <span class='ocrx_word' id='word_1_344' title='bbox 2365 1782 2642 1838; x_wconf 83' lang='lat' dir='ltr'>animalia</span> <span class='ocrx_word' id='word_1_345' title='bbox 2667 1783 2995 1850; x_wconf 72' lang='lat' dir='ltr'>offerentes,</span> <span class='ocrx_word' id='word_1_346' title='bbox 3027 1790 3083 1839; x_wconf 89' lang='lat' dir='ltr'>et</span> <span class='ocrx_word' id='word_1_347' title='bbox 3126 1785 3197 1839; x_wconf 89' lang='lat' dir='ltr'>ad</span> <span class='ocrx_word' id='word_1_348' title='bbox 3230 1791 3445 1843; x_wconf 89' lang='lat' dir='ltr'>terram</span> <span class='ocrx_word' id='word_1_349' title='bbox 3478 1788 3650 1843; x_wconf 86' lang='lat' dir='ltr'>victi-</span> 
     </span>
    </p>
   </div>
   <div class='ocr_carea' id='block_1_47' title="bbox 2011 1872 3653 1947">
    <p class='ocr_par' dir='ltr' id='par_1_47' title="bbox 2011 1872 3653 1947">
     <span class='ocr_line' id='line_1_48' title="bbox 2011 1872 3653 1947; baseline 0.004 -21"><span class='ocrx_word' id='word_1_350' title='bbox 2011 1888 2117 1926; x_wconf 68' lang='lat' dir='ltr'>mae</span> <span class='ocrx_word' id='word_1_351' title='bbox 2176 1877 2351 1942; x_wconf 88' lang='lat' dir='ltr'>caput</span> <span class='ocrx_word' id='word_1_352' title='bbox 2406 1872 2704 1927; x_wconf 80' lang='lat' dir='ltr'>trahentes</span> <span class='ocrx_word' id='word_1_353' title='bbox 2760 1873 2810 1928; x_wconf 89' lang='lat' dir='ltr'>ei</span> <span class='ocrx_word' id='word_1_354' title='bbox 2871 1873 3150 1929; x_wconf 87' lang='lat' dir='ltr'>cervicem</span> <span class='ocrx_word' id='word_1_355' title='bbox 3205 1875 3653 1947; x_wconf 85' lang='lat' dir='ltr'>abscindebant,</span> 
     </span>
    </p>
   </div>
   <div class='ocr_carea' id='block_1_48' title="bbox 2013 1959 3659 2035">
    <p class='ocr_par' dir='ltr' id='par_1_48' title="bbox 2013 1959 3659 2035">
     <span class='ocr_line' id='line_1_49' title="bbox 2013 1959 3659 2035; baseline 0.005 -21"><span class='ocrx_word' id='word_1_356' title='bbox 2013 1959 2220 2015; x_wconf 90' lang='lat' dir='ltr'>deinde</span> <span class='ocrx_word' id='word_1_357' title='bbox 2250 1977 2451 2016; x_wconf 90' lang='lat' dir='ltr'>eorum</span> <span class='ocrx_word' id='word_1_358' title='bbox 2484 1966 2741 2016; x_wconf 84' lang='lat' dir='ltr'>ventrem</span> <span class='ocrx_word' id='word_1_359' title='bbox 2775 1960 3214 2032; x_wconf 89' lang='lat' dir='ltr'>discerpebant;</span> <span class='ocrx_word' id='word_1_360' title='bbox 3243 1980 3309 2018; x_wconf 90' lang='lat' dir='ltr'>ac</span> <span class='ocrx_word' id='word_1_361' title='bbox 3338 1964 3526 2035; x_wconf 89' lang='lat' dir='ltr'>primo</span> <span class='ocrx_word' id='word_1_362' title='bbox 3559 1983 3659 2022; x_wconf 91' lang='lat' dir='ltr'>cor</span> 
     </span>
    </p>
   </div>
   <div class='ocr_carea' id='block_1_49' title="bbox 2005 2048 3658 2123">
    <p class='ocr_par' dir='ltr' id='par_1_49' title="bbox 2005 2048 3658 2123">
     <span class='ocr_line' id='line_1_50' title="bbox 2005 2048 3658 2123; baseline 0.004 -20"><span class='ocrx_word' id='word_1_363' title='bbox 2005 2048 2380 2104; x_wconf 84' lang='lat' dir='ltr'>dissecabant</span> <span class='ocrx_word' id='word_1_364' title='bbox 2410 2050 2581 2119; x_wconf 87' lang='lat' dir='ltr'>cujus</span> <span class='ocrx_word' id='word_1_365' title='bbox 2613 2054 3018 2122; x_wconf 83' lang='lat' dir='ltr'>tegumentum</span> <span class='ocrx_word' id='word_1_366' title='bbox 3051 2051 3166 2106; x_wconf 90' lang='lat' dir='ltr'>diis</span> <span class='ocrx_word' id='word_1_367' title='bbox 3199 2053 3406 2123; x_wconf 86' lang='lat' dir='ltr'>patriis</span> <span class='ocrx_word' id='word_1_368' title='bbox 3456 2056 3658 2110; x_wconf 71' lang='lat' dir='ltr'>offere-</span> 
     </span>
    </p>
   </div>
   <div class='ocr_carea' id='block_1_50' title="bbox 2010 2138 3654 2198">
    <p class='ocr_par' dir='ltr' id='par_1_50' title="bbox 2010 2138 3654 2198">
     <span class='ocr_line' id='line_1_51' title="bbox 2010 2138 3654 2198; baseline 0.004 -6"><span class='ocrx_word' id='word_1_369' title='bbox 2010 2139 2170 2193; x_wconf 88' lang='lat' dir='ltr'>bant.</span> <span class='ocrx_word' id='word_1_370' title='bbox 2233 2138 2697 2195; x_wconf 85' lang='lat' dir='ltr'>Ventriculurum</span> <span class='ocrx_word' id='word_1_371' title='bbox 2756 2156 2888 2195; x_wconf 88' lang='lat' dir='ltr'>vero</span> <span class='ocrx_word' id='word_1_372' title='bbox 2947 2141 3216 2195; x_wconf 84' lang='lat' dir='ltr'>dextrum</span> <span class='ocrx_word' id='word_1_373' title='bbox 3276 2142 3485 2196; x_wconf 76' lang='lat' dir='ltr'>orienti</span> <span class='ocrx_word' id='word_1_374' title='bbox 3542 2143 3654 2198; x_wconf 90' lang='lat' dir='ltr'>soli</span> 
     </span>
    </p>
   </div>
   <div class='ocr_carea' id='block_1_51' title="bbox 2007 2226 3653 2302">
    <p class='ocr_par' dir='ltr' id='par_1_51' title="bbox 2007 2226 3653 2302">
     <span class='ocr_line' id='line_1_52' title="bbox 2007 2226 3653 2302; baseline 0.004 -21"><span class='ocrx_word' id='word_1_375' title='bbox 2007 2226 2741 2297; x_wconf 88' lang='lat' dir='ltr'>immolabant,sinistrum</span> <span class='ocrx_word' id='word_1_376' title='bbox 2767 2232 2961 2283; x_wconf 88' lang='lat' dir='ltr'>autem</span> <span class='ocrx_word' id='word_1_377' title='bbox 2987 2229 3296 2297; x_wconf 88' lang='lat' dir='ltr'>occidenti,</span> <span class='ocrx_word' id='word_1_378' title='bbox 3314 2229 3653 2302; x_wconf 87' lang='lat' dir='ltr'>fossamque</span> 
     </span>
    </p>
   </div>
   <div class='ocr_carea' id='block_1_52' title="bbox 2009 2316 3650 2391">
    <p class='ocr_par' dir='ltr' id='par_1_52' title="bbox 2009 2316 3650 2391">
     <span class='ocr_line' id='line_1_53' title="bbox 2009 2316 3650 2391; baseline 0.004 -20"><span class='ocrx_word' id='word_1_379' title='bbox 2009 2316 2196 2371; x_wconf 86' lang='lat' dir='ltr'>eidem</span> <span class='ocrx_word' id='word_1_380' title='bbox 2217 2316 2325 2372; x_wconf 86' lang='lat' dir='ltr'>soli</span> <span class='ocrx_word' id='word_1_381' title='bbox 2350 2317 2605 2372; x_wconf 90' lang='lat' dir='ltr'>medium</span> <span class='ocrx_word' id='word_1_382' title='bbox 2620 2317 2746 2388; x_wconf 87' lang='lat' dir='ltr'>jam</span> <span class='ocrx_word' id='word_1_383' title='bbox 2766 2317 2978 2373; x_wconf 91' lang='lat' dir='ltr'>coelum</span> <span class='ocrx_word' id='word_1_384' title='bbox 2994 2318 3650 2391; x_wconf 85' lang='lat' dir='ltr'>attingenti.Postquam</span> 
     </span>
    </p>
   </div>
   <div class='ocr_carea' id='block_1_53' title="bbox 2009 2406 3653 2480">
    <p class='ocr_par' dir='ltr' id='par_1_53' title="bbox 2009 2406 3653 2480">
     <span class='ocr_line' id='line_1_54' title="bbox 2009 2406 3653 2480; baseline 0.002 -20"><span class='ocrx_word' id='word_1_385' title='bbox 2009 2422 2140 2461; x_wconf 89' lang='lat' dir='ltr'>vero</span> <span class='ocrx_word' id='word_1_386' title='bbox 2165 2425 2196 2460; x_wconf 88' lang='lat' dir='ltr'>a</span> <span class='ocrx_word' id='word_1_387' title='bbox 2214 2406 2408 2476; x_wconf 89' lang='lat' dir='ltr'>jecore</span> <span class='ocrx_word' id='word_1_388' title='bbox 2431 2411 2840 2478; x_wconf 76' lang='lat' dir='ltr'>tegumentum</span> <span class='ocrx_word' id='word_1_389' title='bbox 2865 2406 3015 2462; x_wconf 87' lang='lat' dir='ltr'>lente</span> <span class='ocrx_word' id='word_1_390' title='bbox 3035 2414 3473 2480; x_wconf 87' lang='lat' dir='ltr'>separaverant,</span> <span class='ocrx_word' id='word_1_391' title='bbox 3500 2411 3653 2478; x_wconf 91' lang='lat' dir='ltr'>quod</span> 
     </span>
    </p>
   </div>
   <div class='ocr_carea' id='block_1_54' title="bbox 2009 2494 3655 2566">
    <p class='ocr_par' dir='ltr' id='par_1_54' title="bbox 2009 2494 3655 2566">
     <span class='ocr_line' id='line_1_55' title="bbox 2009 2494 3655 2566; baseline 0.002 -17"><span class='ocrx_word' id='word_1_392' title='bbox 2009 2495 2118 2550; x_wconf 85' lang='lat' dir='ltr'>sub</span> <span class='ocrx_word' id='word_1_393' title='bbox 2181 2494 2490 2566; x_wconf 79' lang='lat' dir='ltr'>perotinaeo</span> <span class='ocrx_word' id='word_1_394' title='bbox 2549 2495 2873 2551; x_wconf 85' lang='lat' dir='ltr'>visceribus</span> <span class='ocrx_word' id='word_1_395' title='bbox 2931 2496 3379 2566; x_wconf 77' lang='lat' dir='ltr'>subjacet,cjus</span> <span class='ocrx_word' id='word_1_396' title='bbox 3417 2497 3655 2566; x_wconf 84' lang='lat' dir='ltr'>quidem</span> 
     </span>
    </p>
   </div>
   <div class='ocr_carea' id='block_1_55' title="bbox 2009 2583 3656 2654">
    <p class='ocr_par' dir='ltr' id='par_1_55' title="bbox 2009 2583 3656 2654">
     <span class='ocr_line' id='line_1_56' title="bbox 2009 2583 3656 2654; baseline 0.001 -15"><span class='ocrx_word' id='word_1_397' title='bbox 2009 2589 2185 2654; x_wconf 90' lang='lat' dir='ltr'>caput</span> <span class='ocrx_word' id='word_1_398' title='bbox 2215 2583 2287 2639; x_wconf 89' lang='lat' dir='ltr'>iis</span> <span class='ocrx_word' id='word_1_399' title='bbox 2309 2583 2408 2654; x_wconf 88' lang='lat' dir='ltr'>qui</span> <span class='ocrx_word' id='word_1_400' title='bbox 2437 2601 2618 2654; x_wconf 86' lang='lat' dir='ltr'>supra</span> <span class='ocrx_word' id='word_1_401' title='bbox 2639 2585 2930 2639; x_wconf 89' lang='lat' dir='ltr'>mundum</span> <span class='ocrx_word' id='word_1_402' title='bbox 2958 2589 3098 2639; x_wconf 89' lang='lat' dir='ltr'>sunt</span> <span class='ocrx_word' id='word_1_403' title='bbox 3120 2584 3464 2649; x_wconf 67' lang='lat' dir='ltr'>offerebant,</span> <span class='ocrx_word' id='word_1_404' title='bbox 3491 2585 3656 2642; x_wconf 88' lang='lat' dir='ltr'>lobos</span> 
     </span>
    </p>
   </div>
   <div class='ocr_carea' id='block_1_56' title="bbox 2009 2673 3656 2746">
    <p class='ocr_par' dir='ltr' id='par_1_56' title="bbox 2009 2673 3656 2746">
     <span class='ocr_line' id='line_1_57' title="bbox 2009 2673 3656 2746; baseline 0.002 -20"><span class='ocrx_word' id='word_1_405' title='bbox 2009 2678 2202 2727; x_wconf 91' lang='lat' dir='ltr'>autem</span> <span class='ocrx_word' id='word_1_406' title='bbox 2264 2673 2526 2744; x_wconf 83' lang='lat' dir='ltr'>quinque</span> <span class='ocrx_word' id='word_1_407' title='bbox 2578 2673 2829 2743; x_wconf 81' lang='lat' dir='ltr'>planetis</span> <span class='ocrx_word' id='word_1_408' title='bbox 2878 2673 3236 2741; x_wconf 84' lang='lat' dir='ltr'>reddebant;</span> <span class='ocrx_word' id='word_1_409' title='bbox 3290 2674 3656 2746; x_wconf 86' lang='lat' dir='ltr'>cadaverque</span> 
     </span>
    </p>
   </div>
   <div class='ocr_carea' id='block_1_57' title="bbox 2010 2761 3661 2832">
    <p class='ocr_par' dir='ltr' id='par_1_57' title="bbox 2010 2761 3661 2832">
     <span class='ocr_line' id='line_1_58' title="bbox 2010 2761 3661 2832; baseline 0.002 -17"><span class='ocrx_word' id='word_1_410' title='bbox 2010 2761 2243 2816; x_wconf 87' lang='lat' dir='ltr'>Plutoni</span> <span class='ocrx_word' id='word_1_411' title='bbox 2289 2766 2345 2816; x_wconf 89' lang='lat' dir='ltr'>et</span> <span class='ocrx_word' id='word_1_412' title='bbox 2387 2762 2745 2832; x_wconf 65' lang='lat' dir='ltr'>Proserpinae</span> <span class='ocrx_word' id='word_1_413' title='bbox 2797 2762 3224 2816; x_wconf 79' lang='lat' dir='ltr'>sacriﬁcabant.</span> <span class='ocrx_word' id='word_1_414' title='bbox 3261 2764 3661 2819; x_wconf 87' lang='lat' dir='ltr'>Ubservabant</span> 
     </span>
    </p>
   </div>
   <div class='ocr_carea' id='block_1_58' title="bbox 2008 2849 3651 2908">
    <p class='ocr_par' dir='ltr' id='par_1_58' title="bbox 2008 2849 3651 2908">
     <span class='ocr_line' id='line_1_59' title="bbox 2008 2849 3651 2908; baseline 0.002 -3"><span class='ocrx_word' id='word_1_415' title='bbox 2008 2851 2218 2905; x_wconf 89' lang='lat' dir='ltr'>deinde</span> <span class='ocrx_word' id='word_1_416' title='bbox 2242 2855 2441 2905; x_wconf 89' lang='lat' dir='ltr'>utrum</span> <span class='ocrx_word' id='word_1_417' title='bbox 2463 2849 2836 2904; x_wconf 88' lang='lat' dir='ltr'>victimarum</span> <span class='ocrx_word' id='word_1_418' title='bbox 2861 2849 3145 2906; x_wconf 85' lang='lat' dir='ltr'>cadavera</span> <span class='ocrx_word' id='word_1_419' title='bbox 3174 2852 3246 2906; x_wconf 92' lang='lat' dir='ltr'>ad</span> <span class='ocrx_word' id='word_1_420' title='bbox 3279 2852 3538 2908; x_wconf 86' lang='lat' dir='ltr'>dextram</span> <span class='ocrx_word' id='word_1_421' title='bbox 3562 2853 3651 2908; x_wconf 90' lang='lat' dir='ltr'>vel</span> 
     </span>
    </p>
   </div>
   <div class='ocr_carea' id='block_1_59' title="bbox 2008 2937 3656 3010">
    <p class='ocr_par' dir='ltr' id='par_1_59' title="bbox 2008 2937 3656 3010">
     <span class='ocr_line' id='line_1_60' title="bbox 2008 2937 3656 3010; baseline 0.002 -16"><span class='ocrx_word' id='word_1_422' title='bbox 2008 2940 2079 2994; x_wconf 91' lang='lat' dir='ltr'>ad</span> <span class='ocrx_word' id='word_1_423' title='bbox 2101 2938 2398 2994; x_wconf 86' lang='lat' dir='ltr'>sinistram</span> <span class='ocrx_word' id='word_1_424' title='bbox 2425 2939 2920 3008; x_wconf 84' lang='lat' dir='ltr'>caderent.Atque</span> <span class='ocrx_word' id='word_1_425' title='bbox 2944 2938 3000 2992; x_wconf 91' lang='lat' dir='ltr'>in</span> <span class='ocrx_word' id='word_1_426' title='bbox 3035 2939 3105 2992; x_wconf 90' lang='lat' dir='ltr'>de</span> <span class='ocrx_word' id='word_1_427' title='bbox 3128 2937 3241 2993; x_wconf 90' lang='lat' dir='ltr'>sibi</span> <span class='ocrx_word' id='word_1_428' title='bbox 3265 2941 3656 3010; x_wconf 84' lang='lat' dir='ltr'>conjiciebant</span> 
     </span>
    </p>
   </div>
   <div class='ocr_carea' id='block_1_60' title="bbox 2009 3027 3657 3086">
    <p class='ocr_par' dir='ltr' id='par_1_60' title="bbox 2009 3027 3657 3086">
     <span class='ocr_line' id='line_1_61' title="bbox 2009 3027 3657 3086; baseline 0.001 -2"><span class='ocrx_word' id='word_1_429' title='bbox 2009 3029 2201 3084; x_wconf 79' lang='lat' dir='ltr'>fausta</span> <span class='ocrx_word' id='word_1_430' title='bbox 2230 3028 2315 3083; x_wconf 88' lang='lat' dir='ltr'>vel</span> <span class='ocrx_word' id='word_1_431' title='bbox 2338 3027 2615 3082; x_wconf 86' lang='lat' dir='ltr'>infausta.</span> <span class='ocrx_word' id='word_1_432' title='bbox 2643 3027 3038 3082; x_wconf 86' lang='lat' dir='ltr'>Metiebantur</span> <span class='ocrx_word' id='word_1_433' title='bbox 3055 3027 3233 3083; x_wconf 88' lang='lat' dir='ltr'>etiam</span> <span class='ocrx_word' id='word_1_434' title='bbox 3257 3029 3657 3086; x_wconf 85' lang='lat' dir='ltr'>convulsionis</span> 
     </span>
    </p>
   </div>
   <div class='ocr_carea' id='block_1_61' title="bbox 2009 3116 3654 3189">
    <p class='ocr_par' dir='ltr' id='par_1_61' title="bbox 2009 3116 3654 3189">
     <span class='ocr_line' id='line_1_62' title="bbox 2009 3116 3654 3189; baseline 0.001 -17"><span class='ocrx_word' id='word_1_435' title='bbox 2009 3122 2137 3189; x_wconf 89' lang='lat' dir='ltr'>post</span> <span class='ocrx_word' id='word_1_436' title='bbox 2171 3116 2635 3172; x_wconf 88' lang='lat' dir='ltr'>immolationem</span> <span class='ocrx_word' id='word_1_437' title='bbox 2668 3123 2934 3187; x_wconf 82' lang='lat' dir='ltr'>tempus;</span> <span class='ocrx_word' id='word_1_438' title='bbox 2969 3120 3025 3171; x_wconf 86' lang='lat' dir='ltr'>et</span> <span class='ocrx_word' id='word_1_439' title='bbox 3068 3117 3115 3170; x_wconf 89' lang='lat' dir='ltr'>si</span> <span class='ocrx_word' id='word_1_440' title='bbox 3166 3116 3406 3188; x_wconf 88' lang='lat' dir='ltr'>quidem</span> <span class='ocrx_word' id='word_1_441' title='bbox 3452 3119 3654 3174; x_wconf 85' lang='lat' dir='ltr'>statim</span> 
     </span>
    </p>
   </div>
   <div class='ocr_carea' id='block_1_62' title="bbox 2005 3205 3654 3278">
    <p class='ocr_par' dir='ltr' id='par_1_62' title="bbox 2005 3205 3654 3278">
     <span class='ocr_line' id='line_1_63' title="bbox 2005 3205 3654 3278; baseline 0.002 -19"><span class='ocrx_word' id='word_1_442' title='bbox 2005 3205 2242 3261; x_wconf 84' lang='lat' dir='ltr'>victima</span> <span class='ocrx_word' id='word_1_443' title='bbox 2272 3206 2615 3277; x_wconf 85' lang='lat' dir='ltr'>exspiraret,</span> <span class='ocrx_word' id='word_1_444' title='bbox 2649 3206 2895 3260; x_wconf 81' lang='lat' dir='ltr'>celerem</span> <span class='ocrx_word' id='word_1_445' title='bbox 2950 3205 3062 3260; x_wconf 89' lang='lat' dir='ltr'>sibi</span> <span class='ocrx_word' id='word_1_446' title='bbox 3114 3222 3312 3260; x_wconf 86' lang='lat' dir='ltr'>eorum</span> <span class='ocrx_word' id='word_1_447' title='bbox 3349 3224 3474 3278; x_wconf 67' lang='lat' dir='ltr'>qum</span> <span class='ocrx_word' id='word_1_448' title='bbox 3508 3208 3654 3262; x_wconf 86' lang='lat' dir='ltr'>inie-</span> 
     </span>
    </p>
   </div>
   <div class='ocr_carea' id='block_1_63' title="bbox 2008 3294 3655 3366">
    <p class='ocr_par' dir='ltr' id='par_1_63' title="bbox 2008 3294 3655 3366">
     <span class='ocr_line' id='line_1_64' title="bbox 2008 3294 3655 3366; baseline 0.002 -17"><span class='ocrx_word' id='word_1_449' title='bbox 2008 3300 2140 3350; x_wconf 87' lang='lat' dir='ltr'>rant</span> <span class='ocrx_word' id='word_1_450' title='bbox 2193 3297 2368 3350; x_wconf 84' lang='lat' dir='ltr'>{inem</span> <span class='ocrx_word' id='word_1_451' title='bbox 2419 3294 2847 3366; x_wconf 88' lang='lat' dir='ltr'>conjiciebant;</span> <span class='ocrx_word' id='word_1_452' title='bbox 2883 3294 2931 3348; x_wconf 89' lang='lat' dir='ltr'>si</span> <span class='ocrx_word' id='word_1_453' title='bbox 2976 3294 3194 3364; x_wconf 89' lang='lat' dir='ltr'>minus,</span> <span class='ocrx_word' id='word_1_454' title='bbox 3249 3297 3563 3352; x_wconf 87' lang='lat' dir='ltr'>tardiorem</span> <span class='ocrx_word' id='word_1_455' title='bbox 3597 3302 3655 3352; x_wconf 89' lang='lat' dir='ltr'>et</span> 
     </span>
    </p>
   </div>
   <div class='ocr_carea' id='block_1_64' title="bbox 244 3378 1897 3458">
    <p class='ocr_par' dir='ltr' id='par_1_64' title="bbox 244 3378 1892 3458">
     <span class='ocr_line' id='line_1_65' title="bbox 244 3378 1892 3458; baseline 0 -19"><span class='ocrx_word' id='word_1_456' title='bbox 244 3382 543 3455; x_wconf 82' lang='grc' dir='ltr'>Ἐμέτρουν</span> <span class='ocrx_word' id='word_1_457' title='bbox 603 3378 660 3436; x_wconf 72' lang='grc' dir='ltr'>δὲ</span> <span class='ocrx_word' id='word_1_458' title='bbox 732 3382 820 3437; x_wconf 81' lang='grc' dir='ltr'>καὶ</span> <span class='ocrx_word' id='word_1_459' title='bbox 897 3381 986 3436; x_wconf 87' lang='grc' dir='ltr'>τὸν</span> <span class='ocrx_word' id='word_1_460' title='bbox 1061 3387 1157 3436; x_wconf 88' lang='grc' dir='ltr'>τοῦ</span> <span class='ocrx_word' id='word_1_461' title='bbox 1215 3389 1538 3458; x_wconf 79' lang='grc' dir='ltr'>σπαραγμοῦ</span> <span class='ocrx_word' id='word_1_462' title='bbox 1606 3385 1739 3457; x_wconf 76' lang='grc' dir='ltr'>μετὰ</span> <span class='ocrx_word' id='word_1_463' title='bbox 1793 3387 1892 3454; x_wconf 77' lang='grc' dir='ltr'>τήν</span> 
     </span>
    </p>
   </div>
   <div class='ocr_carea' id='block_1_65' title="bbox 2011 3378 3651 3458">
    <p class='ocr_par' dir='ltr' id='par_1_65' title="bbox 2011 3383 3651 3456">
     <span class='ocr_line' id='line_1_66' title="bbox 2011 3383 3651 3456; baseline 0.002 -18"><span class='ocrx_word' id='word_1_464' title='bbox 2011 3383 2414 3439; x_wconf 80' lang='lat' dir='ltr'>difﬁciliorem.</span> <span class='ocrx_word' id='word_1_465' title='bbox 2439 3384 2563 3441; x_wconf 89' lang='lat' dir='ltr'>Non</span> <span class='ocrx_word' id='word_1_466' title='bbox 2600 3383 2876 3440; x_wconf 91' lang='lat' dir='ltr'>omnibus</span> <span class='ocrx_word' id='word_1_467' title='bbox 2900 3385 3097 3439; x_wconf 86' lang='lat' dir='ltr'>omnia</span> <span class='ocrx_word' id='word_1_468' title='bbox 3119 3383 3239 3440; x_wconf 64' lang='lat' dir='ltr'>haec</span> <span class='ocrx_word' id='word_1_469' title='bbox 3255 3386 3651 3456; x_wconf 85' lang='lat' dir='ltr'>perﬁciebant,</span> 
     </span>
    </p>
   </div>
   <div class='ocr_carea' id='block_1_66' title="bbox 242 3469 1894 3546">
    <p class='ocr_par' dir='ltr' id='par_1_66' title="bbox 242 3469 1894 3546">
     <span class='ocr_line' id='line_1_67' title="bbox 242 3469 1894 3546; baseline 0.001 -20"><span class='ocrx_word' id='word_1_470' title='bbox 242 3470 433 3526; x_wconf 82' lang='grc' dir='ltr'>θυσίαν</span> <span class='ocrx_word' id='word_1_471' title='bbox 475 3471 685 3546; x_wconf 64' lang='grc' dir='ltr'>καιρόν⁸</span> <span class='ocrx_word' id='word_1_472' title='bbox 739 3469 850 3543; x_wconf 80' lang='grc' dir='ltr'>καὶ,</span> <span class='ocrx_word' id='word_1_473' title='bbox 903 3471 952 3526; x_wconf 83' lang='grc' dir='ltr'>εἷ’</span> <span class='ocrx_word' id='word_1_474' title='bbox 1001 3471 1095 3544; x_wconf 77' lang='grc' dir='ltr'>μὶν</span> <span class='ocrx_word' id='word_1_475' title='bbox 1137 3472 1334 3527; x_wconf 80' lang='grc' dir='ltr'>αὐτίκα</span> <span class='ocrx_word' id='word_1_476' title='bbox 1377 3472 1445 3527; x_wconf 78' lang='grc' dir='ltr'>τὰ</span> <span class='ocrx_word' id='word_1_477' title='bbox 1493 3473 1705 3546; x_wconf 83' lang='grc' dir='ltr'>θύματα</span> <span class='ocrx_word' id='word_1_478' title='bbox 1760 3474 1894 3528; x_wconf 80' lang='grc' dir='ltr'>ἁπο-</span> 
     </span>
    </p>
   </div>
   <div class='ocr_carea' id='block_1_67' title="bbox 241 3559 1892 3637">
    <p class='ocr_par' dir='ltr' id='par_1_67' title="bbox 241 3559 1892 3637">
     <span class='ocr_line' id='line_1_68' title="bbox 241 3559 1892 3637; baseline 0 -22"><span class='ocrx_word' id='word_1_479' title='bbox 241 3559 492 3616; x_wconf 85' lang='grc' dir='ltr'>πνεύσειε</span> <span class='ocrx_word' id='word_1_480' title='bbox 527 3606 540 3632; x_wconf 87' lang='grc'>,</span> <span class='ocrx_word' id='word_1_481' title='bbox 603 3559 827 3636; x_wconf 79' lang='grc' dir='ltr'>ταχείας</span> <span class='ocrx_word' id='word_1_482' title='bbox 906 3559 1114 3622; x_wconf 79' lang='grc' dir='ltr'>έαύτοῖς</span> <span class='ocrx_word' id='word_1_483' title='bbox 1161 3562 1256 3622; x_wconf 75' lang='grc' dir='ltr'>τας</span> <span class='ocrx_word' id='word_1_484' title='bbox 1312 3559 1569 3624; x_wconf 74' lang='grc' dir='ltr'>τελευτὰς</span> <span class='ocrx_word' id='word_1_485' title='bbox 1637 3561 1761 3637; x_wconf 82' lang='grc' dir='ltr'>περὶ</span> <span class='ocrx_word' id='word_1_486' title='bbox 1820 3563 1892 3617; x_wconf 85' lang='grc' dir='ltr'>ὧν</span> 
     </span>
    </p>
   </div>
   <div class='ocr_carea' id='block_1_68' title="bbox 241 3643 1894 3723">
    <p class='ocr_par' dir='ltr' id='par_1_68' title="bbox 241 3643 1894 3723">
     <span class='ocr_line' id='line_1_69' title="bbox 241 3643 1894 3723; baseline -0.001 -18"><span class='ocrx_word' id='word_1_487' title='bbox 241 3649 556 3723; x_wconf 75' lang='grc' dir='ltr'>προσῄεσαν</span> <span class='ocrx_word' id='word_1_488' title='bbox 615 3647 974 3722; x_wconf 75' lang='grc' dir='ltr'>ἐμαντεύοντο</span> <span class='ocrx_word' id='word_1_489' title='bbox 1009 3668 1022 3681; x_wconf 78' lang='grc'><strong><em>⁸</em></strong></span> <span class='ocrx_word' id='word_1_490' title='bbox 1104 3649 1150 3704; x_wconf 84' lang='grc' dir='ltr'>εἰ</span> <span class='ocrx_word' id='word_1_491' title='bbox 1207 3647 1254 3702; x_wconf 86' lang='grc' dir='ltr'>δ’</span> <span class='ocrx_word' id='word_1_492' title='bbox 1313 3647 1374 3705; x_wconf 74' lang='grc' dir='ltr'>οὑ</span> <span class='ocrx_word' id='word_1_493' title='bbox 1408 3694 1424 3721; x_wconf 92' lang='grc'>,</span> <span class='ocrx_word' id='word_1_494' title='bbox 1492 3643 1894 3722; x_wconf 74' lang='grc' dir='ltr'>ἀποτεταμένας</span> 
     </span>
    </p>
   </div>
   <div class='ocr_carea' id='block_1_69' title="bbox 243 3736 1892 3815">
    <p class='ocr_par' dir='ltr' id='par_1_69' title="bbox 243 3736 1892 3815">
     <span class='ocr_line' id='line_1_70' title="bbox 243 3736 1892 3815; baseline 0.001 -21"><span class='ocrx_word' id='word_1_495' title='bbox 243 3740 340 3794; x_wconf 81' lang='grc' dir='ltr'>καὶ</span> <span class='ocrx_word' id='word_1_496' title='bbox 397 3739 688 3815; x_wconf 79' lang='grc' dir='ltr'>πράγματα</span> <span class='ocrx_word' id='word_1_497' title='bbox 743 3738 997 3813; x_wconf 82' lang='grc' dir='ltr'>ἐχούσας.</span> <span class='ocrx_word' id='word_1_498' title='bbox 1061 3739 1140 3796; x_wconf 81' lang='grc' dir='ltr'>Οὐ</span> <span class='ocrx_word' id='word_1_499' title='bbox 1197 3744 1328 3793; x_wconf 79' lang='grc' dir='ltr'>πᾶσι</span> <span class='ocrx_word' id='word_1_500' title='bbox 1361 3736 1418 3794; x_wconf 73' lang='grc' dir='ltr'>δὲ</span> <span class='ocrx_word' id='word_1_501' title='bbox 1455 3739 1627 3795; x_wconf 73' lang='grc' dir='ltr'>πάντα</span> <span class='ocrx_word' id='word_1_502' title='bbox 1657 3739 1892 3809; x_wconf 79' lang='grc' dir='ltr'>ἐτέλουν,</span> 
     </span>
    </p>
   </div>
   <div class='ocr_carea' id='block_1_70' title="bbox 245 3826 1896 3907">
    <p class='ocr_par' dir='ltr' id='par_1_70' title="bbox 245 3826 1896 3907">
     <span class='ocr_line' id='line_1_71' title="bbox 245 3826 1896 3907; baseline -0.001 -23"><span class='ocrx_word' id='word_1_503' title='bbox 245 3827 397 3884; x_wconf 82' lang='grc' dir='ltr'>ἀλλά</span> <span class='ocrx_word' id='word_1_504' title='bbox 423 3834 540 3890; x_wconf 90' lang='grc' dir='ltr'>τοῖς</span> <span class='ocrx_word' id='word_1_505' title='bbox 572 3827 803 3890; x_wconf 86' lang='grc' dir='ltr'>οἷ’κείοις</span> <span class='ocrx_word' id='word_1_506' title='bbox 833 3834 933 3896; x_wconf 80' lang='grc' dir='ltr'>τῆς</span> <span class='ocrx_word' id='word_1_507' title='bbox 987 3826 1290 3904; x_wconf 73' lang='grc' dir='ltr'>ληφθείσης</span> <span class='ocrx_word' id='word_1_508' title='bbox 1325 3828 1524 3892; x_wconf 89' lang='grc' dir='ltr'>θυσίας.</span> <span class='ocrx_word' id='word_1_509' title='bbox 1573 3830 1670 3883; x_wconf 81' lang='grc' dir='ltr'>Καὶ</span> <span class='ocrx_word' id='word_1_510' title='bbox 1717 3850 1896 3907; x_wconf 75' lang='grc' dir='ltr'>νηφα-</span> 
     </span>
    </p>
   </div>
   <div class='ocr_carea' id='block_1_71' title="bbox 241 3915 1892 3992">
    <p class='ocr_par' dir='ltr' id='par_1_71' title="bbox 241 3915 1892 3992">
     <span class='ocr_line' id='line_1_72' title="bbox 241 3915 1892 3992; baseline 0 -20"><span class='ocrx_word' id='word_1_511' title='bbox 241 3915 395 3980; x_wconf 85' lang='grc' dir='ltr'>λέοις</span> <span class='ocrx_word' id='word_1_512' title='bbox 450 3919 542 3990; x_wconf 70' lang='grc' dir='ltr'>μὶν</span> <span class='ocrx_word' id='word_1_513' title='bbox 602 3915 934 3992; x_wconf 73' lang='grc' dir='ltr'>έόρυτόμουν</span> <span class='ocrx_word' id='word_1_514' title='bbox 982 3918 1071 3972; x_wconf 85' lang='grc' dir='ltr'>καὶ</span> <span class='ocrx_word' id='word_1_515' title='bbox 1134 3917 1334 3973; x_wconf 78' lang='grc' dir='ltr'>ἐκεῖθεν</span> <span class='ocrx_word' id='word_1_516' title='bbox 1403 3918 1640 3987; x_wconf 53' lang='grc' dir='ltr'>ἀνῆπτον</span> <span class='ocrx_word' id='word_1_517' title='bbox 1699 3919 1892 3991; x_wconf 72' lang='grc' dir='ltr'>πυράς·</span> 
     </span>
    </p>
   </div>
   <div class='ocr_carea' id='block_1_72' title="bbox 237 4004 1896 4082">
    <p class='ocr_par' dir='ltr' id='par_1_72' title="bbox 237 4004 1896 4082">
     <span class='ocr_line' id='line_1_73' title="bbox 237 4004 1896 4082; baseline -0.001 -20"><span class='ocrx_word' id='word_1_518' title='bbox 237 4007 491 4082; x_wconf 63' lang='grc' dir='ltr'>Βάκχαις</span> <span class='ocrx_word' id='word_1_519' title='bbox 542 4004 598 4061; x_wconf 78' lang='grc' dir='ltr'>δὲ</span> <span class='ocrx_word' id='word_1_520' title='bbox 655 4008 742 4062; x_wconf 79' lang='grc' dir='ltr'>καὶ</span> <span class='ocrx_word' id='word_1_521' title='bbox 805 4006 1045 4079; x_wconf 86' lang='grc' dir='ltr'>Διονύσῳ</span> <span class='ocrx_word' id='word_1_522' title='bbox 1099 4005 1432 4080; x_wconf 88' lang='grc' dir='ltr'>κληματίσιν</span> <span class='ocrx_word' id='word_1_523' title='bbox 1492 4007 1736 4062; x_wconf 81' lang='grc' dir='ltr'>ἀνέκαιον</span> <span class='ocrx_word' id='word_1_524' title='bbox 1796 4008 1896 4076; x_wconf 73' lang='grc' dir='ltr'>τὴν</span> 
     </span>
    </p>
   </div>
   <div class='ocr_carea' id='block_1_73' title="bbox 2005 3473 3655 3546">
    <p class='ocr_par' dir='ltr' id='par_1_73' title="bbox 2005 3473 3655 3546">
     <span class='ocr_line' id='line_1_74' title="bbox 2005 3473 3655 3546; baseline 0.001 -18"><span class='ocrx_word' id='word_1_525' title='bbox 2005 3473 2104 3529; x_wconf 86' lang='lat' dir='ltr'>sed</span> <span class='ocrx_word' id='word_1_526' title='bbox 2139 3478 2368 3528; x_wconf 90' lang='lat' dir='ltr'>tantum</span> <span class='ocrx_word' id='word_1_527' title='bbox 2406 3473 2477 3527; x_wconf 91' lang='lat' dir='ltr'>iis</span> <span class='ocrx_word' id='word_1_528' title='bbox 2517 3473 2585 3527; x_wconf 77' lang='lat' dir='ltr'>ad</span> <span class='ocrx_word' id='word_1_529' title='bbox 2621 3489 2770 3544; x_wconf 90' lang='lat' dir='ltr'>quos</span> <span class='ocrx_word' id='word_1_530' title='bbox 2802 3474 2873 3526; x_wconf 87' lang='lat' dir='ltr'>de</span> <span class='ocrx_word' id='word_1_531' title='bbox 2903 3478 3211 3544; x_wconf 90' lang='lat' dir='ltr'>assumpta</span> <span class='ocrx_word' id='word_1_532' title='bbox 3241 3474 3479 3529; x_wconf 89' lang='lat' dir='ltr'>victima</span> <span class='ocrx_word' id='word_1_533' title='bbox 3521 3491 3655 3546; x_wconf 88' lang='lat' dir='ltr'>per-</span> 
     </span>
    </p>
   </div>
   <div class='ocr_carea' id='block_1_74' title="bbox 2007 3561 3656 3632">
    <p class='ocr_par' dir='ltr' id='par_1_74' title="bbox 2007 3561 3656 3632">
     <span class='ocr_line' id='line_1_75' title="bbox 2007 3561 3656 3632; baseline 0.002 -15"><span class='ocrx_word' id='word_1_534' title='bbox 2007 3563 2264 3630; x_wconf 86' lang='lat' dir='ltr'>tinebat;</span> <span class='ocrx_word' id='word_1_535' title='bbox 2315 3567 2373 3616; x_wconf 89' lang='lat' dir='ltr'>et</span> <span class='ocrx_word' id='word_1_536' title='bbox 2403 3561 2614 3616; x_wconf 86' lang='lat' dir='ltr'>sobriis</span> <span class='ocrx_word' id='word_1_537' title='bbox 2657 3561 2892 3632; x_wconf 89' lang='lat' dir='ltr'>quidem</span> <span class='ocrx_word' id='word_1_538' title='bbox 2926 3578 3178 3632; x_wconf 88' lang='lat' dir='ltr'>quercus</span> <span class='ocrx_word' id='word_1_539' title='bbox 3209 3563 3555 3618; x_wconf 88' lang='lat' dir='ltr'>scindebant</span> <span class='ocrx_word' id='word_1_540' title='bbox 3598 3569 3656 3620; x_wconf 88' lang='lat' dir='ltr'>et</span> 
     </span>
    </p>
   </div>
   <div class='ocr_carea' id='block_1_75' title="bbox 2005 3650 3652 3724">
    <p class='ocr_par' dir='ltr' id='par_1_75' title="bbox 2005 3650 3652 3724">
     <span class='ocr_line' id='line_1_76' title="bbox 2005 3650 3652 3724; baseline 0.001 -17"><span class='ocrx_word' id='word_1_541' title='bbox 2005 3653 2140 3707; x_wconf 91' lang='lat' dir='ltr'>inde</span> <span class='ocrx_word' id='word_1_542' title='bbox 2191 3668 2361 3723; x_wconf 79' lang='lat' dir='ltr'>pyras</span> <span class='ocrx_word' id='word_1_543' title='bbox 2411 3651 2827 3718; x_wconf 89' lang='lat' dir='ltr'>accendebant;</span> <span class='ocrx_word' id='word_1_544' title='bbox 2854 3650 3278 3705; x_wconf 82' lang='lat' dir='ltr'>bacchantibus</span> <span class='ocrx_word' id='word_1_545' title='bbox 3309 3663 3366 3707; x_wconf 86' lang='lat' dir='ltr'>et</span> <span class='ocrx_word' id='word_1_546' title='bbox 3398 3652 3652 3724; x_wconf 87' lang='lat' dir='ltr'>Dionyso</span> 
     </span>
    </p>
   </div>
   <div class='ocr_carea' id='block_1_76' title="bbox 2006 3739 3653 3812">
    <p class='ocr_par' dir='ltr' id='par_1_76' title="bbox 2006 3739 3653 3812">
     <span class='ocr_line' id='line_1_77' title="bbox 2006 3739 3653 3812; baseline 0.002 -17"><span class='ocrx_word' id='word_1_547' title='bbox 2006 3758 2210 3812; x_wconf 86' lang='lat' dir='ltr'>rogum</span> <span class='ocrx_word' id='word_1_548' title='bbox 2236 3740 2554 3795; x_wconf 83' lang='lat' dir='ltr'>sarmentis</span> <span class='ocrx_word' id='word_1_549' title='bbox 2586 3739 3000 3807; x_wconf 85' lang='lat' dir='ltr'>incendebant;</span> <span class='ocrx_word' id='word_1_550' title='bbox 3037 3744 3094 3794; x_wconf 87' lang='lat' dir='ltr'>et</span> <span class='ocrx_word' id='word_1_551' title='bbox 3115 3739 3314 3794; x_wconf 76' lang='lat' dir='ltr'>omnia</span> <span class='ocrx_word' id='word_1_552' title='bbox 3356 3740 3472 3795; x_wconf 90' lang='lat' dir='ltr'>illis</span> <span class='ocrx_word' id='word_1_553' title='bbox 3514 3742 3653 3798; x_wconf 71' lang='lat' dir='ltr'>vino</span> 
     </span>
    </p>
   </div>
   <div class='ocr_carea' id='block_1_77' title="bbox 2005 3827 3654 3900">
    <p class='ocr_par' dir='ltr' id='par_1_77' title="bbox 2005 3827 3654 3900">
     <span class='ocr_line' id='line_1_78' title="bbox 2005 3827 3654 3900; baseline 0.001 -16"><span class='ocrx_word' id='word_1_554' title='bbox 2005 3828 2630 3900; x_wconf 86' lang='lat' dir='ltr'>spargebantur.Tbus</span> <span class='ocrx_word' id='word_1_555' title='bbox 2658 3844 2792 3882; x_wconf 90' lang='lat' dir='ltr'>vero</span> <span class='ocrx_word' id='word_1_556' title='bbox 2813 3832 2870 3882; x_wconf 89' lang='lat' dir='ltr'>et</span> <span class='ocrx_word' id='word_1_557' title='bbox 2893 3827 3129 3899; x_wconf 80' lang='lat' dir='ltr'>myrrha</span> <span class='ocrx_word' id='word_1_558' title='bbox 3157 3844 3362 3883; x_wconf 88' lang='lat' dir='ltr'>crocus</span> <span class='ocrx_word' id='word_1_559' title='bbox 3380 3835 3436 3883; x_wconf 90' lang='lat' dir='ltr'>et</span> <span class='ocrx_word' id='word_1_560' title='bbox 3459 3831 3654 3888; x_wconf 85' lang='lat' dir='ltr'>resina</span> 
     </span>
    </p>
   </div>
   <div class='ocr_carea' id='block_1_78' title="bbox 2006 3916 3653 3989">
    <p class='ocr_par' dir='ltr' id='par_1_78' title="bbox 2006 3916 3653 3989">
     <span class='ocr_line' id='line_1_79' title="bbox 2006 3916 3653 3989; baseline 0.001 -15"><span class='ocrx_word' id='word_1_561' title='bbox 2006 3920 2119 3974; x_wconf 90' lang='lat' dir='ltr'>diis</span> <span class='ocrx_word' id='word_1_562' title='bbox 2140 3918 2648 3972; x_wconf 87' lang='lat' dir='ltr'>distribuebantur</span> <span class='ocrx_word' id='word_1_563' title='bbox 2677 3917 2746 3972; x_wconf 89' lang='lat' dir='ltr'>ad</span> <span class='ocrx_word' id='word_1_564' title='bbox 2783 3933 2930 3987; x_wconf 88' lang='lat' dir='ltr'>quos</span> <span class='ocrx_word' id='word_1_565' title='bbox 2963 3917 3032 3972; x_wconf 86' lang='lat' dir='ltr'>de</span> <span class='ocrx_word' id='word_1_566' title='bbox 3064 3916 3319 3989; x_wconf 82' lang='lat' dir='ltr'>singulis</span> <span class='ocrx_word' id='word_1_567' title='bbox 3347 3919 3653 3977; x_wconf 79' lang='lat' dir='ltr'>sacriﬁciis</span> 
     </span>
    </p>
   </div>
   <div class='ocr_carea' id='block_1_79' title="bbox 2006 4007 2359 4079">
    <p class='ocr_par' dir='ltr' id='par_1_79' title="bbox 2006 4007 2359 4079">
     <span class='ocr_line' id='line_1_80' title="bbox 2006 4007 2359 4079; baseline -0.006 -16"><span class='ocrx_word' id='word_1_568' title='bbox 2006 4007 2359 4079; x_wconf 85' lang='lat' dir='ltr'>pertinebat.</span> 
     </span>
    </p>
   </div>
   <div class='ocr_carea' id='block_1_80' title="bbox 234 4090 3647 4171">
    <p class='ocr_par' dir='ltr' id='par_1_80' title="bbox 234 4090 3647 4171">
     <span class='ocr_line' id='line_1_81' title="bbox 234 4090 3647 4171; baseline 0 -20"><span class='ocrx_word' id='word_1_569' title='bbox 234 4097 530 4171; x_wconf 69' lang='grc' dir='ltr'>πυρκαϊάν⁶</span> <span class='ocrx_word' id='word_1_570' title='bbox 563 4097 649 4151; x_wconf 74' lang='grc' dir='ltr'>καὶ</span> <span class='ocrx_word' id='word_1_571' title='bbox 683 4096 855 4151; x_wconf 80' lang='grc' dir='ltr'>πάντα</span> <span class='ocrx_word' id='word_1_572' title='bbox 882 4097 1096 4158; x_wconf 81' lang='grc' dir='ltr'>τούτοις</span> <span class='ocrx_word' id='word_1_573' title='bbox 1129 4093 1475 4152; x_wconf 77' lang='grc' dir='ltr'>οἲνόσπονδα·</span> <span class='ocrx_word' id='word_1_574' title='bbox 1511 4098 1539 4152; x_wconf 86' lang='grc' dir='ltr'>ὁ</span> <span class='ocrx_word' id='word_1_575' title='bbox 1572 4094 1629 4151; x_wconf 75' lang='grc' dir='ltr'>δὲ</span> <span class='ocrx_word' id='word_1_576' title='bbox 1661 4090 1964 4159; x_wconf 77' lang='grc' dir='ltr'>λιϐανωτὸς</span> <span class='ocrx_word' id='word_1_577' title='bbox 1995 4095 2082 4150; x_wconf 77' lang='grc' dir='ltr'>καὶ</span> <span class='ocrx_word' id='word_1_578' title='bbox 2118 4098 2152 4164; x_wconf 81' lang='grc' dir='ltr'>ἡ</span> <span class='ocrx_word' id='word_1_579' title='bbox 2185 4093 2416 4170; x_wconf 82' lang='grc' dir='ltr'>σμύρνα,</span> <span class='ocrx_word' id='word_1_580' title='bbox 2450 4094 2478 4148; x_wconf 86' lang='grc' dir='ltr'>ὁ</span> <span class='ocrx_word' id='word_1_581' title='bbox 2507 4092 2704 4168; x_wconf 86' lang='grc' dir='ltr'>κρόνος</span> <span class='ocrx_word' id='word_1_582' title='bbox 2730 4113 2789 4148; x_wconf 92' lang='grc' dir='ltr'>τε</span> <span class='ocrx_word' id='word_1_583' title='bbox 2815 4092 2904 4147; x_wconf 81' lang='grc' dir='ltr'>καὶ</span> <span class='ocrx_word' id='word_1_584' title='bbox 2954 4096 2988 4163; x_wconf 80' lang='grc' dir='ltr'>ἠ</span> <span class='ocrx_word' id='word_1_585' title='bbox 3024 4093 3213 4170; x_wconf 71' lang='grc' dir='ltr'>ῥητίνη</span> <span class='ocrx_word' id='word_1_586' title='bbox 3275 4091 3647 4170; x_wconf 79' lang='grc' dir='ltr'>διεμερίζοντο</span> 
     </span>
    </p>
   </div>
   <div class='ocr_carea' id='block_1_81' title="bbox 229 4183 1142 4262">
    <p class='ocr_par' dir='ltr' id='par_1_81' title="bbox 229 4183 1142 4262">
     <span class='ocr_line' id='line_1_82' title="bbox 229 4183 1142 4262; baseline 0.002 -23"><span class='ocrx_word' id='word_1_587' title='bbox 229 4191 358 4247; x_wconf 83' lang='grc' dir='ltr'>τοῖς</span> <span class='ocrx_word' id='word_1_588' title='bbox 384 4184 463 4262; x_wconf 73' lang='grc' dir='ltr'>ἐφ’</span> <span class='ocrx_word' id='word_1_589' title='bbox 495 4183 732 4255; x_wconf 75' lang='grc' dir='ltr'>ἑκάστης</span> <span class='ocrx_word' id='word_1_590' title='bbox 765 4185 948 4248; x_wconf 87' lang='grc' dir='ltr'>θυσίας</span> <span class='ocrx_word' id='word_1_591' title='bbox 977 4187 1142 4246; x_wconf 84' lang='grc' dir='ltr'>θεοῖς,</span> 
     </span>
    </p>
   </div>
   <div class='ocr_carea' id='block_1_82' title="bbox 311 4287 1894 4367">
    <p class='ocr_par' dir='ltr' id='par_1_82' title="bbox 311 4287 1894 4367">
     <span class='ocr_line' id='line_1_83' title="bbox 311 4287 1894 4367; baseline -0.001 -19"><span class='ocrx_word' id='word_1_592' title='bbox 311 4291 386 4367; x_wconf 82' lang='grc' dir='ltr'>γ’.</span> <span class='ocrx_word' id='word_1_593' title='bbox 450 4291 533 4348; x_wconf 82' lang='grc' dir='ltr'>Τὰ</span> <span class='ocrx_word' id='word_1_594' title='bbox 590 4287 649 4345; x_wconf 78' lang='grc' dir='ltr'>δέ</span> <span class='ocrx_word' id='word_1_595' title='bbox 697 4311 758 4365; x_wconf 86' lang='grc' dir='ltr'>γε</span> <span class='ocrx_word' id='word_1_596' title='bbox 812 4293 1085 4366; x_wconf 81' lang='grc' dir='ltr'>μυστήρια</span> <span class='ocrx_word' id='word_1_597' title='bbox 1146 4289 1382 4361; x_wconf 87' lang='grc' dir='ltr'>τούτων,</span> <span class='ocrx_word' id='word_1_598' title='bbox 1441 4292 1528 4346; x_wconf 76' lang='grc' dir='ltr'>οἵα</span> <span class='ocrx_word' id='word_1_599' title='bbox 1584 4290 1775 4347; x_wconf 79' lang='grc' dir='ltr'>αὐτίκα</span> <span class='ocrx_word' id='word_1_600' title='bbox 1825 4293 1894 4347; x_wconf 72' lang='grc' dir='ltr'>τὰ</span> 
     </span>
    </p>
   </div>
   <div class='ocr_carea' id='block_1_83' title="bbox 238 4379 1895 4456">
    <p class='ocr_par' dir='ltr' id='par_1_83' title="bbox 238 4379 1895 4456">
     <span class='ocr_line' id='line_1_84' title="bbox 238 4379 1895 4456; baseline -0.002 -19"><span class='ocrx_word' id='word_1_601' title='bbox 238 4379 552 4438; x_wconf 86' lang='grc' dir='ltr'>Ἐλευσίνια</span> <span class='ocrx_word' id='word_1_602' title='bbox 586 4424 600 4449; x_wconf 94' lang='grc'>,</span> <span class='ocrx_word' id='word_1_603' title='bbox 670 4379 764 4434; x_wconf 79' lang='grc' dir='ltr'>τὸν</span> <span class='ocrx_word' id='word_1_604' title='bbox 843 4382 1068 4453; x_wconf 84' lang='grc' dir='ltr'>μυθικὸν</span> <span class='ocrx_word' id='word_1_605' title='bbox 1130 4380 1474 4456; x_wconf 81' lang='grc' dir='ltr'>ὑποκρίνεται</span> <span class='ocrx_word' id='word_1_606' title='bbox 1535 4381 1628 4436; x_wconf 84' lang='grc' dir='ltr'>Δία</span> <span class='ocrx_word' id='word_1_607' title='bbox 1691 4379 1895 4456; x_wconf 88' lang='grc' dir='ltr'>μιγνύ-</span> 
     </span>
    </p>
   </div>
   <div class='ocr_carea' id='block_1_84' title="bbox 244 4466 1891 4545">
    <p class='ocr_par' dir='ltr' id='par_1_84' title="bbox 244 4466 1891 4545">
     <span class='ocr_line' id='line_1_85' title="bbox 244 4466 1891 4545; baseline 0 -22"><span class='ocrx_word' id='word_1_608' title='bbox 244 4490 410 4542; x_wconf 79' lang='grc' dir='ltr'>μενον</span> <span class='ocrx_word' id='word_1_609' title='bbox 468 4472 537 4542; x_wconf 81' lang='grc' dir='ltr'>τῇ</span> <span class='ocrx_word' id='word_1_610' title='bbox 599 4474 756 4540; x_wconf 84' lang='grc' dir='ltr'>Δηοῖ,</span> <span class='ocrx_word' id='word_1_611' title='bbox 786 4466 958 4545; x_wconf 72' lang='grc' dir='ltr'>ἤγουν</span> <span class='ocrx_word' id='word_1_612' title='bbox 995 4468 1064 4544; x_wconf 75' lang='grc' dir='ltr'>τῇ</span> <span class='ocrx_word' id='word_1_613' title='bbox 1098 4472 1374 4545; x_wconf 76' lang='grc' dir='ltr'>Δήμητρι,</span> <span class='ocrx_word' id='word_1_614' title='bbox 1421 4471 1507 4525; x_wconf 84' lang='grc' dir='ltr'>καὶ</span> <span class='ocrx_word' id='word_1_615' title='bbox 1555 4473 1624 4543; x_wconf 78' lang='grc' dir='ltr'>τῇ</span> <span class='ocrx_word' id='word_1_616' title='bbox 1673 4469 1891 4545; x_wconf 85' lang='grc' dir='ltr'>θυγατρί</span> 
     </span>
    </p>
   </div>
   <div class='ocr_carea' id='block_1_85' title="bbox 233 4554 1891 4636">
    <p class='ocr_par' dir='ltr' id='par_1_85' title="bbox 233 4554 1891 4636">
     <span class='ocr_line' id='line_1_86' title="bbox 233 4554 1891 4636; baseline 0.001 -23"><span class='ocrx_word' id='word_1_617' title='bbox 233 4559 444 4628; x_wconf 82' lang='grc' dir='ltr'>ταύτης</span> <span class='ocrx_word' id='word_1_618' title='bbox 478 4559 838 4636; x_wconf 76' lang='grc' dir='ltr'>Ιῖερσεφάττῃ,</span> <span class='ocrx_word' id='word_1_619' title='bbox 886 4563 954 4631; x_wconf 77' lang='grc' dir='ltr'>τῇ</span> <span class='ocrx_word' id='word_1_620' title='bbox 1003 4559 1092 4613; x_wconf 81' lang='grc' dir='ltr'>καὶ</span> <span class='ocrx_word' id='word_1_621' title='bbox 1139 4559 1308 4632; x_wconf 78' lang='grc' dir='ltr'>Κόρῃ.</span> <span class='ocrx_word' id='word_1_622' title='bbox 1362 4557 1586 4627; x_wconf 82' lang='grc' dir='ltr'>Ἐπειδὴ</span> <span class='ocrx_word' id='word_1_623' title='bbox 1622 4557 1678 4613; x_wconf 69' lang='grc' dir='ltr'>δὲ</span> <span class='ocrx_word' id='word_1_624' title='bbox 1727 4554 1891 4631; x_wconf 78' lang='grc' dir='ltr'>ἔμελ-</span> 
     </span>
    </p>
   </div>
   <div class='ocr_carea' id='block_1_86' title="bbox 236 4645 1892 4724">
    <p class='ocr_par' dir='ltr' id='par_1_86' title="bbox 236 4645 1892 4724">
     <span class='ocr_line' id='line_1_87' title="bbox 236 4645 1892 4724; baseline -0.001 -20"><span class='ocrx_word' id='word_1_625' title='bbox 236 4648 338 4704; x_wconf 89' lang='grc' dir='ltr'>λον</span> <span class='ocrx_word' id='word_1_626' title='bbox 394 4648 484 4704; x_wconf 84' lang='grc' dir='ltr'>καὶ</span> <span class='ocrx_word' id='word_1_627' title='bbox 513 4645 821 4724; x_wconf 71' lang='grc' dir='ltr'>άφροδίσιοι</span> <span class='ocrx_word' id='word_1_628' title='bbox 871 4647 959 4702; x_wconf 77' lang='grc' dir='ltr'>ἐπὶ</span> <span class='ocrx_word' id='word_1_629' title='bbox 989 4649 1059 4717; x_wconf 75' lang='grc' dir='ltr'>τῆ</span> <span class='ocrx_word' id='word_1_630' title='bbox 1106 4649 1301 4720; x_wconf 79' lang='grc' dir='ltr'>μυήσει</span> <span class='ocrx_word' id='word_1_631' title='bbox 1351 4646 1591 4722; x_wconf 87' lang='grc' dir='ltr'>γίνεσθαι</span> <span class='ocrx_word' id='word_1_632' title='bbox 1641 4647 1892 4703; x_wconf 58' lang='grc' dir='ltr'>συυιπλο-</span> 
     </span>
    </p>
   </div>
   <div class='ocr_carea' id='block_1_87' title="bbox 232 4734 1890 4811">
    <p class='ocr_par' dir='ltr' id='par_1_87' title="bbox 232 4734 1890 4811">
     <span class='ocr_line' id='line_1_88' title="bbox 232 4734 1890 4811; baseline -0.001 -19"><span class='ocrx_word' id='word_1_633' title='bbox 232 4739 353 4808; x_wconf 79' lang='grc' dir='ltr'>καὶ,</span> <span class='ocrx_word' id='word_1_634' title='bbox 413 4734 699 4792; x_wconf 76' lang='grc' dir='ltr'>ἀναδύεταί</span> <span class='ocrx_word' id='word_1_635' title='bbox 756 4758 874 4801; x_wconf 89' lang='grc' dir='ltr'>πως</span> <span class='ocrx_word' id='word_1_636' title='bbox 921 4740 957 4806; x_wconf 79' lang='grc' dir='ltr'>ἡ</span> <span class='ocrx_word' id='word_1_637' title='bbox 1009 4734 1308 4811; x_wconf 78' lang='grc' dir='ltr'>Ἀφροδίτη</span> <span class='ocrx_word' id='word_1_638' title='bbox 1341 4735 1446 4792; x_wconf 89' lang='grc' dir='ltr'>ἀπό</span> <span class='ocrx_word' id='word_1_639' title='bbox 1476 4757 1637 4791; x_wconf 90' lang='grc' dir='ltr'>τινων</span> <span class='ocrx_word' id='word_1_640' title='bbox 1679 4736 1890 4792; x_wconf 89' lang='grc' dir='ltr'>πεπλα-</span> 
     </span>
    </p>
   </div>
   <div class='ocr_carea' id='block_1_88' title="bbox 2071 4290 3649 4366">
    <p class='ocr_par' dir='ltr' id='par_1_88' title="bbox 2071 4290 3649 4366">
     <span class='ocr_line' id='line_1_89' title="bbox 2071 4290 3649 4366; baseline -0.001 -17"><span class='ocrx_word' id='word_1_641' title='bbox 2071 4294 2124 4349; x_wconf 88' lang='grc'>3.</span> <span class='ocrx_word' id='word_1_642' title='bbox 2159 4293 2370 4347; x_wconf 87' lang='lat' dir='ltr'>Eorum</span> <span class='ocrx_word' id='word_1_643' title='bbox 2403 4295 2601 4347; x_wconf 86' lang='lat' dir='ltr'>autem</span> <span class='ocrx_word' id='word_1_644' title='bbox 2636 4291 2932 4364; x_wconf 82' lang='lat' dir='ltr'>mysteria,</span> <span class='ocrx_word' id='word_1_645' title='bbox 2968 4294 3032 4346; x_wconf 90' lang='lat' dir='ltr'>ut</span> <span class='ocrx_word' id='word_1_646' title='bbox 3063 4290 3380 4359; x_wconf 85' lang='lat' dir='ltr'>Eleusinia,</span> <span class='ocrx_word' id='word_1_647' title='bbox 3433 4292 3649 4366; x_wconf 83' lang='lat' dir='ltr'>mythi-</span> 
     </span>
    </p>
   </div>
   <div class='ocr_carea' id='block_1_89' title="bbox 2003 4381 3652 4438">
    <p class='ocr_par' dir='ltr' id='par_1_89' title="bbox 2003 4381 3652 4438">
     <span class='ocr_line' id='line_1_90' title="bbox 2003 4381 3652 4438; baseline 0 0"><span class='ocrx_word' id='word_1_648' title='bbox 2003 4399 2135 4438; x_wconf 92' lang='lat' dir='ltr'>cum</span> <span class='ocrx_word' id='word_1_649' title='bbox 2169 4381 2454 4438; x_wconf 91' lang='lat' dir='ltr'>simulant</span> <span class='ocrx_word' id='word_1_650' title='bbox 2479 4381 2682 4437; x_wconf 85' lang='lat' dir='ltr'>Jovem</span> <span class='ocrx_word' id='word_1_651' title='bbox 2715 4397 2850 4436; x_wconf 90' lang='lat' dir='ltr'>cum</span> <span class='ocrx_word' id='word_1_652' title='bbox 2882 4382 3087 4438; x_wconf 88' lang='lat' dir='ltr'>Cerere</span> <span class='ocrx_word' id='word_1_653' title='bbox 3120 4381 3239 4437; x_wconf 89' lang='lat' dir='ltr'>sive</span> <span class='ocrx_word' id='word_1_654' title='bbox 3273 4381 3544 4437; x_wconf 89' lang='lat' dir='ltr'>Demetre</span> <span class='ocrx_word' id='word_1_655' title='bbox 3594 4385 3652 4438; x_wconf 91' lang='lat' dir='ltr'>et</span> 
     </span>
    </p>
   </div>
   <div class='ocr_carea' id='block_1_90' title="bbox 2002 4469 3651 4543">
    <p class='ocr_par' dir='ltr' id='par_1_90' title="bbox 2002 4469 3651 4543">
     <span class='ocr_line' id='line_1_91' title="bbox 2002 4469 3651 4543; baseline 0 -16"><span class='ocrx_word' id='word_1_656' title='bbox 2002 4473 2130 4542; x_wconf 83' lang='lat' dir='ltr'>ejus</span> <span class='ocrx_word' id='word_1_657' title='bbox 2163 4470 2282 4526; x_wconf 83' lang='lat' dir='ltr'>{ilia</span> <span class='ocrx_word' id='word_1_658' title='bbox 2331 4469 2700 4542; x_wconf 89' lang='lat' dir='ltr'>Proserpina,</span> <span class='ocrx_word' id='word_1_659' title='bbox 2749 4486 2876 4541; x_wconf 62' lang='lat' dir='ltr'>qua;</span> <span class='ocrx_word' id='word_1_660' title='bbox 2925 4475 2983 4525; x_wconf 88' lang='lat' dir='ltr'>et</span> <span class='ocrx_word' id='word_1_661' title='bbox 3032 4470 3200 4542; x_wconf 83' lang='lat' dir='ltr'>Virgo</span> <span class='ocrx_word' id='word_1_662' title='bbox 3251 4475 3651 4543; x_wconf 86' lang='lat' dir='ltr'>nuncupatur,</span> 
     </span>
    </p>
   </div>
   <div class='ocr_carea' id='block_1_91' title="bbox 2003 4559 3648 4626">
    <p class='ocr_par' dir='ltr' id='par_1_91' title="bbox 2003 4559 3648 4626">
     <span class='ocr_line' id='line_1_92' title="bbox 2003 4559 3648 4626; baseline 0.001 -10"><span class='ocrx_word' id='word_1_663' title='bbox 2003 4565 2508 4616; x_wconf 88' lang='lat' dir='ltr'>consuescentem.</span> <span class='ocrx_word' id='word_1_664' title='bbox 2542 4559 2828 4626; x_wconf 83' lang='lat' dir='ltr'>Quoniam</span> <span class='ocrx_word' id='word_1_665' title='bbox 2881 4567 3073 4614; x_wconf 85' lang='lat' dir='ltr'>autem</span> <span class='ocrx_word' id='word_1_666' title='bbox 3130 4560 3201 4614; x_wconf 90' lang='lat' dir='ltr'>ad</span> <span class='ocrx_word' id='word_1_667' title='bbox 3255 4559 3648 4617; x_wconf 86' lang='lat' dir='ltr'>initiationem</span> 
     </span>
    </p>
   </div>
   <div class='ocr_carea' id='block_1_92' title="bbox 2002 4647 3650 4720">
    <p class='ocr_par' dir='ltr' id='par_1_92' title="bbox 2002 4647 3650 4720">
     <span class='ocr_line' id='line_1_93' title="bbox 2002 4647 3650 4720; baseline 0.002 -17"><span class='ocrx_word' id='word_1_668' title='bbox 2002 4650 2125 4704; x_wconf 81' lang='lat' dir='ltr'>ﬁeri</span> <span class='ocrx_word' id='word_1_669' title='bbox 2158 4649 2450 4702; x_wconf 89' lang='lat' dir='ltr'>debebant</span> <span class='ocrx_word' id='word_1_670' title='bbox 2479 4647 2708 4702; x_wconf 86' lang='lat' dir='ltr'>venerei</span> <span class='ocrx_word' id='word_1_671' title='bbox 2740 4647 3104 4719; x_wconf 88' lang='lat' dir='ltr'>complexus,</span> <span class='ocrx_word' id='word_1_672' title='bbox 3136 4648 3342 4720; x_wconf 82' lang='lat' dir='ltr'>eli&#39;ugit</span> <span class='ocrx_word' id='word_1_673' title='bbox 3377 4649 3432 4704; x_wconf 91' lang='lat' dir='ltr'>in</span> <span class='ocrx_word' id='word_1_674' title='bbox 3465 4650 3650 4706; x_wconf 75' lang='lat' dir='ltr'>altum</span> 
     </span>
    </p>
   </div>
   <div class='ocr_carea' id='block_1_93' title="bbox 2007 4736 3654 4808">
    <p class='ocr_par' dir='ltr' id='par_1_93' title="bbox 2007 4736 3654 4808">
     <span class='ocr_line' id='line_1_94' title="bbox 2007 4736 3654 4808; baseline 0.001 -16"><span class='ocrx_word' id='word_1_675' title='bbox 2007 4754 2166 4792; x_wconf 89' lang='lat' dir='ltr'>mare</span> <span class='ocrx_word' id='word_1_676' title='bbox 2197 4738 2388 4792; x_wconf 87' lang='lat' dir='ltr'>Venus</span> <span class='ocrx_word' id='word_1_677' title='bbox 2413 4753 2478 4790; x_wconf 83' lang='lat' dir='ltr'>ex</span> <span class='ocrx_word' id='word_1_678' title='bbox 2513 4736 2768 4806; x_wconf 89' lang='lat' dir='ltr'>quodam</span> <span class='ocrx_word' id='word_1_679' title='bbox 2802 4737 3049 4791; x_wconf 83' lang='lat' dir='ltr'>conﬁcto</span> <span class='ocrx_word' id='word_1_680' title='bbox 3093 4743 3399 4808; x_wconf 88' lang='lat' dir='ltr'>apparatu.</span> <span class='ocrx_word' id='word_1_681' title='bbox 3438 4740 3654 4793; x_wconf 89' lang='lat' dir='ltr'>Deinde</span> 
     </span>
    </p>
   </div>
   <div class='ocr_carea' id='block_1_94' title="bbox 237 4822 1897 4900">
    <p class='ocr_par' dir='ltr' id='par_1_94' title="bbox 237 4822 1896 4900">
     <span class='ocr_line' id='line_1_95' title="bbox 237 4822 1896 4900; baseline -0.001 -19"><span class='ocrx_word' id='word_1_682' title='bbox 237 4825 454 4900; x_wconf 87' lang='grc' dir='ltr'>σμένων</span> <span class='ocrx_word' id='word_1_683' title='bbox 510 4822 728 4898; x_wconf 82' lang='grc' dir='ltr'>μηδέων</span> <span class='ocrx_word' id='word_1_684' title='bbox 779 4825 1059 4900; x_wconf 82' lang='grc' dir='ltr'>πελάγιος.</span> <span class='ocrx_word' id='word_1_685' title='bbox 1093 4826 1223 4882; x_wconf 74' lang='grc' dir='ltr'>Εἶτα</span> <span class='ocrx_word' id='word_1_686' title='bbox 1272 4823 1329 4880; x_wconf 79' lang='grc' dir='ltr'>δὲ</span> <span class='ocrx_word' id='word_1_687' title='bbox 1373 4823 1655 4900; x_wconf 72' lang='grc' dir='ltr'>γαμήλιος</span> <span class='ocrx_word' id='word_1_688' title='bbox 1685 4824 1896 4899; x_wconf 85' lang='grc' dir='ltr'>λέγεται</span> 
     </span>
    </p>
   </div>
   <div class='ocr_carea' id='block_1_95' title="bbox 2011 4822 3655 4900">
    <p class='ocr_par' dir='ltr' id='par_1_95' title="bbox 2011 4823 3655 4896">
     <span class='ocr_line' id='line_1_96' title="bbox 2011 4823 3655 4896; baseline 0.001 -15"><span class='ocrx_word' id='word_1_689' title='bbox 2011 4825 2291 4896; x_wconf 84' lang='lat' dir='ltr'>nuptialis</span> <span class='ocrx_word' id='word_1_690' title='bbox 2322 4823 2538 4878; x_wconf 86' lang='lat' dir='ltr'>dicitur</span> <span class='ocrx_word' id='word_1_691' title='bbox 2559 4827 2766 4878; x_wconf 89' lang='lat' dir='ltr'>cantus</span> <span class='ocrx_word' id='word_1_692' title='bbox 2800 4823 2856 4876; x_wconf 92' lang='lat' dir='ltr'>in</span> <span class='ocrx_word' id='word_1_693' title='bbox 2889 4826 3254 4895; x_wconf 59' lang='lat' dir='ltr'>Proserpinae.</span> <span class='ocrx_word' id='word_1_694' title='bbox 3285 4826 3566 4884; x_wconf 88' lang='lat' dir='ltr'>honorem</span> <span class='ocrx_word' id='word_1_695' title='bbox 3599 4831 3655 4883; x_wconf 91' lang='lat' dir='ltr'>et</span> 
     </span>
    </p>
   </div>
   <div class='ocr_carea' id='block_1_96' title="bbox 237 4911 1894 4989">
    <p class='ocr_par' dir='ltr' id='par_1_96' title="bbox 237 4911 1894 4989">
     <span class='ocr_line' id='line_1_97' title="bbox 237 4911 1894 4989; baseline -0.001 -19"><span class='ocrx_word' id='word_1_696' title='bbox 237 4915 329 4970; x_wconf 75' lang='grc' dir='ltr'>ἐπὶ</span> <span class='ocrx_word' id='word_1_697' title='bbox 393 4917 461 4989; x_wconf 77' lang='grc' dir='ltr'>τῇ</span> <span class='ocrx_word' id='word_1_698' title='bbox 513 4913 659 4989; x_wconf 76' lang='grc' dir='ltr'>Κόρῃ</span> <span class='ocrx_word' id='word_1_699' title='bbox 711 4915 990 4988; x_wconf 87' lang='grc' dir='ltr'>ὑμέναιος,</span> <span class='ocrx_word' id='word_1_700' title='bbox 1022 4915 1113 4969; x_wconf 85' lang='grc' dir='ltr'>καὶ</span> <span class='ocrx_word' id='word_1_701' title='bbox 1143 4911 1430 4985; x_wconf 76' lang='grc' dir='ltr'>ἐπᾴδουσιν</span> <span class='ocrx_word' id='word_1_702' title='bbox 1466 4915 1517 4968; x_wconf 73' lang='grc' dir='ltr'>οἱ</span> <span class='ocrx_word' id='word_1_703' title='bbox 1547 4913 1894 4987; x_wconf 78' lang='grc' dir='ltr'>τελούμενυιο</span> 
     </span>
    </p>
   </div>
   <div class='ocr_carea' id='block_1_97' title="bbox 236 4998 1899 5079">
    <p class='ocr_par' dir='ltr' id='par_1_97' title="bbox 236 4998 1899 5079">
     <span class='ocr_line' id='line_1_98' title="bbox 236 4998 1899 5079; baseline 0.001 -21"><span class='ocrx_word' id='word_1_704' title='bbox 236 5030 268 5058; x_wconf 85' lang='grc'><strong><em>‹‹</em></strong></span> <span class='ocrx_word' id='word_1_705' title='bbox 303 5005 401 5062; x_wconf 83' lang='grc' dir='ltr'>Ἐκ</span> <span class='ocrx_word' id='word_1_706' title='bbox 452 5004 735 5076; x_wconf 73' lang='grc' dir='ltr'>τυμπάνου</span> <span class='ocrx_word' id='word_1_707' title='bbox 792 5002 1013 5079; x_wconf 79' lang='grc' dir='ltr'>ἔφαγον,</span> <span class='ocrx_word' id='word_1_708' title='bbox 1065 5001 1125 5058; x_wconf 81' lang='grc' dir='ltr'>ἐκ</span> <span class='ocrx_word' id='word_1_709' title='bbox 1156 4998 1454 5075; x_wconf 75' lang='grc' dir='ltr'>κυμϐάλων</span> <span class='ocrx_word' id='word_1_710' title='bbox 1489 5000 1662 5072; x_wconf 78' lang='grc' dir='ltr'>ἔπιον,</span> <span class='ocrx_word' id='word_1_711' title='bbox 1695 5002 1899 5079; x_wconf 86' lang='grc' dir='ltr'>έκιρνο-</span> 
     </span>
    </p>
   </div>
   <div class='ocr_carea' id='block_1_98' title="bbox 239 5089 1896 5172">
    <p class='ocr_par' dir='ltr' id='par_1_98' title="bbox 239 5089 1896 5172">
     <span class='ocr_line' id='line_1_99' title="bbox 239 5089 1896 5172; baseline 0.001 -27"><span class='ocrx_word' id='word_1_712' title='bbox 239 5118 268 5145; x_wconf 74' lang='grc' dir='ltr'>α</span> <span class='ocrx_word' id='word_1_713' title='bbox 305 5095 549 5172; x_wconf 71' lang='grc' dir='ltr'>φόρησα,</span> <span class='ocrx_word' id='word_1_714' title='bbox 609 5094 713 5149; x_wconf 87' lang='grc' dir='ltr'>ὑπὸ</span> <span class='ocrx_word' id='word_1_715' title='bbox 765 5094 856 5148; x_wconf 83' lang='grc' dir='ltr'>τὸν</span> <span class='ocrx_word' id='word_1_716' title='bbox 889 5093 1092 5148; x_wconf 85' lang='grc' dir='ltr'>παστὸν</span> <span class='ocrx_word' id='word_1_717' title='bbox 1155 5089 1378 5147; x_wconf 80' lang='grc' dir='ltr'>είσέδυν.</span> <span class='ocrx_word' id='word_1_718' title='bbox 1441 5116 1468 5142; x_wconf 88' lang='grc'><strong>››</strong></span> <span class='ocrx_word' id='word_1_719' title='bbox 1525 5091 1896 5167; x_wconf 83' lang='grc' dir='ltr'>Ύποκρίνεται</span> 
     </span>
    </p>
   </div>
   <div class='ocr_carea' id='block_1_99' title="bbox 238 5177 1900 5256">
    <p class='ocr_par' dir='ltr' id='par_1_99' title="bbox 238 5177 1900 5256">
     <span class='ocr_line' id='line_1_100' title="bbox 238 5177 1900 5256; baseline -0.001 -19"><span class='ocrx_word' id='word_1_720' title='bbox 238 5180 301 5238; x_wconf 72' lang='grc' dir='ltr'>δὲ</span> <span class='ocrx_word' id='word_1_721' title='bbox 349 5181 441 5237; x_wconf 83' lang='grc' dir='ltr'>καὶ</span> <span class='ocrx_word' id='word_1_722' title='bbox 487 5184 582 5245; x_wconf 74' lang='grc' dir='ltr'>τὰς</span> <span class='ocrx_word' id='word_1_723' title='bbox 628 5188 728 5252; x_wconf 78' lang='grc' dir='ltr'>τῆς</span> <span class='ocrx_word' id='word_1_724' title='bbox 758 5186 936 5253; x_wconf 88' lang='grc' dir='ltr'>Δηοῦς</span> <span class='ocrx_word' id='word_1_725' title='bbox 996 5177 1216 5243; x_wconf 85' lang='grc' dir='ltr'>ὠδῖνας.</span> <span class='ocrx_word' id='word_1_726' title='bbox 1275 5181 1565 5256; x_wconf 85' lang='grc' dir='ltr'>Ἰκετηρίαι</span> <span class='ocrx_word' id='word_1_727' title='bbox 1614 5186 1742 5256; x_wconf 92' lang='grc' dir='ltr'>γοῦν</span> <span class='ocrx_word' id='word_1_728' title='bbox 1801 5183 1900 5236; x_wconf 84' lang='grc' dir='ltr'>αὑ-</span> 
     </span>
    </p>
   </div>
   <div class='ocr_carea' id='block_1_100' title="bbox 235 5266 1902 5346">
    <p class='ocr_par' dir='ltr' id='par_1_100' title="bbox 235 5266 1902 5346">
     <span class='ocr_line' id='line_1_101' title="bbox 235 5266 1902 5346; baseline 0 -21"><span class='ocrx_word' id='word_1_729' title='bbox 235 5272 374 5326; x_wconf 85' lang='grc' dir='ltr'>τίκα</span> <span class='ocrx_word' id='word_1_730' title='bbox 425 5269 602 5342; x_wconf 84' lang='grc' dir='ltr'>Δηοῦς</span> <span class='ocrx_word' id='word_1_731' title='bbox 647 5270 737 5325; x_wconf 84' lang='grc' dir='ltr'>καὶ</span> <span class='ocrx_word' id='word_1_732' title='bbox 786 5269 971 5345; x_wconf 74' lang='grc' dir='ltr'>χολῆς</span> <span class='ocrx_word' id='word_1_733' title='bbox 1015 5271 1172 5331; x_wconf 88' lang='grc' dir='ltr'>πόσις</span> <span class='ocrx_word' id='word_1_734' title='bbox 1228 5269 1320 5324; x_wconf 83' lang='grc' dir='ltr'>καὶ</span> <span class='ocrx_word' id='word_1_735' title='bbox 1365 5266 1734 5345; x_wconf 83' lang='grc' dir='ltr'>καρδιαλγίαι.</span> <span class='ocrx_word' id='word_1_736' title='bbox 1787 5269 1902 5346; x_wconf 77' lang='grc' dir='ltr'>Ἐφ’</span> 
     </span>
    </p>
   </div>
   <div class='ocr_carea' id='block_1_101' title="bbox 239 5357 1900 5434">
    <p class='ocr_par' dir='ltr' id='par_1_101' title="bbox 239 5357 1900 5434">
     <span class='ocr_line' id='line_1_102' title="bbox 239 5357 1900 5434; baseline -0.002 -19"><span class='ocrx_word' id='word_1_737' title='bbox 239 5363 327 5422; x_wconf 86' lang='grc' dir='ltr'>οἷς</span> <span class='ocrx_word' id='word_1_738' title='bbox 376 5360 470 5414; x_wconf 91' lang='grc' dir='ltr'>καί</span> <span class='ocrx_word' id='word_1_739' title='bbox 517 5381 569 5414; x_wconf 91' lang='grc' dir='ltr'>τι</span> <span class='ocrx_word' id='word_1_740' title='bbox 627 5357 986 5434; x_wconf 78' lang='grc' dir='ltr'>τραγοσκελὲς</span> <span class='ocrx_word' id='word_1_741' title='bbox 1036 5358 1264 5432; x_wconf 83' lang='grc' dir='ltr'>μίμημα</span> <span class='ocrx_word' id='word_1_742' title='bbox 1321 5358 1717 5432; x_wconf 89' lang='grc' dir='ltr'>παθαινόμενον</span> <span class='ocrx_word' id='word_1_743' title='bbox 1775 5358 1900 5432; x_wconf 83' lang='grc' dir='ltr'>περὶ</span> 
     </span>
    </p>
   </div>
   <div class='ocr_carea' id='block_1_102' title="bbox 238 5445 1903 5524">
    <p class='ocr_par' dir='ltr' id='par_1_102' title="bbox 238 5445 1903 5524">
     <span class='ocr_line' id='line_1_103' title="bbox 238 5445 1903 5524; baseline -0.001 -20"><span class='ocrx_word' id='word_1_744' title='bbox 238 5455 364 5512; x_wconf 89' lang='grc' dir='ltr'>τοῖς</span> <span class='ocrx_word' id='word_1_745' title='bbox 405 5446 682 5522; x_wconf 77' lang='grc' dir='ltr'>διδύμοις,</span> <span class='ocrx_word' id='word_1_746' title='bbox 738 5447 926 5524; x_wconf 77' lang='grc' dir='ltr'>ὅτιπερ</span> <span class='ocrx_word' id='word_1_747' title='bbox 976 5448 1004 5502; x_wconf 86' lang='grc' dir='ltr'>ὁ</span> <span class='ocrx_word' id='word_1_748' title='bbox 1058 5447 1209 5516; x_wconf 78' lang='grc' dir='ltr'>Ζεὺς,</span> <span class='ocrx_word' id='word_1_749' title='bbox 1264 5445 1416 5510; x_wconf 86' lang='grc' dir='ltr'>δίκας</span> <span class='ocrx_word' id='word_1_750' title='bbox 1468 5447 1755 5509; x_wconf 82' lang='grc' dir='ltr'>ἀποτιννῦς</span> <span class='ocrx_word' id='word_1_751' title='bbox 1801 5454 1903 5517; x_wconf 81' lang='grc' dir='ltr'>τῆς</span> 
     </span>
    </p>
   </div>
   <div class='ocr_carea' id='block_1_103' title="bbox 242 5531 1903 5613">
    <p class='ocr_par' dir='ltr' id='par_1_103' title="bbox 242 5531 1903 5613">
     <span class='ocr_line' id='line_1_104' title="bbox 242 5531 1903 5613; baseline -0.002 -21"><span class='ocrx_word' id='word_1_752' title='bbox 242 5538 369 5613; x_wconf 87' lang='grc' dir='ltr'>βίας</span> <span class='ocrx_word' id='word_1_753' title='bbox 427 5541 498 5611; x_wconf 78' lang='grc' dir='ltr'>τῇ</span> <span class='ocrx_word' id='word_1_754' title='bbox 553 5539 857 5612; x_wconf 76' lang='grc' dir='ltr'>Δήμητρι,</span> <span class='ocrx_word' id='word_1_755' title='bbox 915 5537 1118 5612; x_wconf 81' lang='grc' dir='ltr'>τράγου</span> <span class='ocrx_word' id='word_1_756' title='bbox 1175 5531 1364 5611; x_wconf 78' lang='grc' dir='ltr'>ὄρχεις</span> <span class='ocrx_word' id='word_1_757' title='bbox 1424 5536 1718 5608; x_wconf 85' lang='grc' dir='ltr'>ἀποτεμὼν</span> <span class='ocrx_word' id='word_1_758' title='bbox 1752 5583 1767 5607; x_wconf 82' lang='grc'>,</span> <span class='ocrx_word' id='word_1_759' title='bbox 1824 5539 1903 5606; x_wconf 77' lang='grc' dir='ltr'>τῷ</span> 
     </span>
    </p>
   </div>
   <div class='ocr_carea' id='block_1_104' title="bbox 237 5622 1897 5700">
    <p class='ocr_par' dir='ltr' id='par_1_104' title="bbox 237 5622 1897 5700">
     <span class='ocr_line' id='line_1_105' title="bbox 237 5622 1897 5700; baseline -0.001 -20"><span class='ocrx_word' id='word_1_760' title='bbox 237 5625 441 5699; x_wconf 68' lang='grc' dir='ltr'>κόλπῳ</span> <span class='ocrx_word' id='word_1_761' title='bbox 482 5625 686 5696; x_wconf 80' lang='grc' dir='ltr'>τιούτης</span> <span class='ocrx_word' id='word_1_762' title='bbox 731 5625 982 5681; x_wconf 82' lang='grc' dir='ltr'>κατέθετο</span> <span class='ocrx_word' id='word_1_763' title='bbox 1028 5624 1209 5700; x_wconf 79' lang='grc' dir='ltr'>ὣσπερ</span> <span class='ocrx_word' id='word_1_764' title='bbox 1265 5622 1332 5694; x_wconf 77' lang='grc' dir='ltr'>δὴ</span> <span class='ocrx_word' id='word_1_765' title='bbox 1382 5623 1470 5679; x_wconf 87' lang='grc' dir='ltr'>καὶ</span> <span class='ocrx_word' id='word_1_766' title='bbox 1504 5625 1714 5680; x_wconf 74' lang='grc' dir='ltr'>ἑαυτοῦ.</span> <span class='ocrx_word' id='word_1_767' title='bbox 1776 5625 1897 5680; x_wconf 84' lang='grc' dir='ltr'>Ἐπὶ</span> 
     </span>
    </p>
   </div>
   <div class='ocr_carea' id='block_1_105' title="bbox 235 5712 1903 5787">
    <p class='ocr_par' dir='ltr' id='par_1_105' title="bbox 235 5712 1903 5787">
     <span class='ocr_line' id='line_1_106' title="bbox 235 5712 1903 5787; baseline -0.002 -17"><span class='ocrx_word' id='word_1_768' title='bbox 235 5722 410 5770; x_wconf 76' lang='grc' dir='ltr'>πᾶσιν</span> <span class='ocrx_word' id='word_1_769' title='bbox 468 5715 526 5769; x_wconf 73' lang='grc' dir='ltr'>αἱ</span> <span class='ocrx_word' id='word_1_770' title='bbox 576 5715 674 5770; x_wconf 85' lang='grc' dir='ltr'>τοῦ</span> <span class='ocrx_word' id='word_1_771' title='bbox 733 5713 997 5770; x_wconf 88' lang='grc' dir='ltr'>Διονύσου</span> <span class='ocrx_word' id='word_1_772' title='bbox 1041 5714 1196 5787; x_wconf 87' lang='grc' dir='ltr'>τιμαὶ</span> <span class='ocrx_word' id='word_1_773' title='bbox 1244 5712 1335 5768; x_wconf 80' lang='grc' dir='ltr'>καὶ</span> <span class='ocrx_word' id='word_1_774' title='bbox 1384 5714 1418 5782; x_wconf 80' lang='grc' dir='ltr'>ἡ</span> <span class='ocrx_word' id='word_1_775' title='bbox 1470 5713 1644 5775; x_wconf 89' lang='grc' dir='ltr'>κίστις</span> <span class='ocrx_word' id='word_1_776' title='bbox 1693 5712 1783 5767; x_wconf 84' lang='grc' dir='ltr'>καὶ</span> <span class='ocrx_word' id='word_1_777' title='bbox 1836 5713 1903 5767; x_wconf 75' lang='grc' dir='ltr'>τὰ</span> 
     </span>
    </p>
   </div>
   <div class='ocr_carea' id='block_1_106' title="bbox 239 5797 1900 5882">
    <p class='ocr_par' dir='ltr' id='par_1_106' title="bbox 239 5797 1900 5882">
     <span class='ocr_line' id='line_1_107' title="bbox 239 5797 1900 5882; baseline -0.004 -20"><span class='ocrx_word' id='word_1_778' title='bbox 239 5803 625 5882; x_wconf 80' lang='grc' dir='ltr'>πολυόμφαλα</span> <span class='ocrx_word' id='word_1_779' title='bbox 654 5804 890 5876; x_wconf 82' lang='grc' dir='ltr'>πόπανα,</span> <span class='ocrx_word' id='word_1_780' title='bbox 935 5802 1024 5860; x_wconf 77' lang='grc' dir='ltr'>καὶ</span> <span class='ocrx_word' id='word_1_781' title='bbox 1065 5801 1226 5876; x_wconf 84' lang='grc' dir='ltr'>οἷτῷ</span> <span class='ocrx_word' id='word_1_782' title='bbox 1275 5797 1528 5875; x_wconf 75' lang='grc' dir='ltr'>Σαϐαζίῳ</span> <span class='ocrx_word' id='word_1_783' title='bbox 1577 5801 1900 5877; x_wconf 85' lang='grc' dir='ltr'>τελούμενοι</span> 
     </span>
    </p>
   </div>
   <div class='ocr_carea' id='block_1_107' title="bbox 2008 4911 3654 4985">
    <p class='ocr_par' dir='ltr' id='par_1_107' title="bbox 2008 4911 3654 4985">
     <span class='ocr_line' id='line_1_108' title="bbox 2008 4911 3654 4985; baseline 0.002 -17"><span class='ocrx_word' id='word_1_784' title='bbox 2008 4917 2226 4968; x_wconf 90' lang='lat' dir='ltr'>canunt</span> <span class='ocrx_word' id='word_1_785' title='bbox 2256 4911 2468 4965; x_wconf 91' lang='lat' dir='ltr'>initiati</span> <span class='ocrx_word' id='word_1_786' title='bbox 2503 4926 2515 4964; x_wconf 89' lang='lat'><strong>:</strong></span> <span class='ocrx_word' id='word_1_787' title='bbox 2553 4933 2579 4960; x_wconf 87' lang='lat'><strong>«</strong></span> <span class='ocrx_word' id='word_1_788' title='bbox 2613 4911 2692 4965; x_wconf 81' lang='lat' dir='ltr'>Ex</span> <span class='ocrx_word' id='word_1_789' title='bbox 2726 4916 3004 4983; x_wconf 78' lang='lat' dir='ltr'>tympano</span> <span class='ocrx_word' id='word_1_790' title='bbox 3036 4914 3284 4980; x_wconf 88' lang='lat' dir='ltr'>comedi,</span> <span class='ocrx_word' id='word_1_791' title='bbox 3319 4931 3386 4970; x_wconf 87' lang='lat' dir='ltr'>ex</span> <span class='ocrx_word' id='word_1_792' title='bbox 3416 4918 3654 4985; x_wconf 82' lang='lat' dir='ltr'>cymba-</span> 
     </span>
    </p>
   </div>
   <div class='ocr_carea' id='block_1_108' title="bbox 2008 4996 3653 5073">
    <p class='ocr_par' dir='ltr' id='par_1_108' title="bbox 2008 4996 3653 5073">
     <span class='ocr_line' id='line_1_109' title="bbox 2008 4996 3653 5073; baseline 0.001 -16"><span class='ocrx_word' id='word_1_793' title='bbox 2008 5003 2079 5057; x_wconf 92' lang='lat' dir='ltr'>lis</span> <span class='ocrx_word' id='word_1_794' title='bbox 2113 5000 2258 5067; x_wconf 87' lang='lat' dir='ltr'>bibi,</span> <span class='ocrx_word' id='word_1_795' title='bbox 2289 4996 2715 5073; x_wconf 79' lang='grc' dir='ltr'>ἐκιρνοφόρησα,</span> <span class='ocrx_word' id='word_1_796' title='bbox 2747 4999 2806 5054; x_wconf 93' lang='lat' dir='ltr'>in</span> <span class='ocrx_word' id='word_1_797' title='bbox 2841 4999 3056 5055; x_wconf 87' lang='lat' dir='ltr'>atrium</span> <span class='ocrx_word' id='word_1_798' title='bbox 3091 5001 3395 5073; x_wconf 89' lang='lat' dir='ltr'>ingressus</span> <span class='ocrx_word' id='word_1_799' title='bbox 3421 5021 3580 5059; x_wconf 86' lang='lat' dir='ltr'>sum.</span> <span class='ocrx_word' id='word_1_800' title='bbox 3626 5027 3653 5055; x_wconf 89' lang='lat'>»</span> 
     </span>
    </p>
   </div>
   <div class='ocr_carea' id='block_1_109' title="bbox 2007 5087 3656 5159">
    <p class='ocr_par' dir='ltr' id='par_1_109' title="bbox 2007 5087 3656 5159">
     <span class='ocr_line' id='line_1_110' title="bbox 2007 5087 3656 5159; baseline 0.001 -12"><span class='ocrx_word' id='word_1_801' title='bbox 2007 5088 2302 5147; x_wconf 90' lang='lat' dir='ltr'>Simulant</span> <span class='ocrx_word' id='word_1_802' title='bbox 2357 5087 2532 5142; x_wconf 90' lang='lat' dir='ltr'>etiam</span> <span class='ocrx_word' id='word_1_803' title='bbox 2585 5088 2808 5143; x_wconf 91' lang='lat' dir='ltr'>Cereris</span> <span class='ocrx_word' id='word_1_804' title='bbox 2858 5093 3138 5159; x_wconf 90' lang='lat' dir='ltr'>partum:</span> <span class='ocrx_word' id='word_1_805' title='bbox 3175 5089 3370 5146; x_wconf 77' lang='lat' dir='ltr'>statim</span> <span class='ocrx_word' id='word_1_806' title='bbox 3430 5093 3656 5148; x_wconf 88' lang='lat' dir='ltr'>Cereris</span> 
     </span>
    </p>
   </div>
   <div class='ocr_carea' id='block_1_110' title="bbox 2007 5175 3654 5252">
    <p class='ocr_par' dir='ltr' id='par_1_110' title="bbox 2007 5175 3654 5252">
     <span class='ocr_line' id='line_1_111' title="bbox 2007 5175 3654 5252; baseline 0.001 -16"><span class='ocrx_word' id='word_1_807' title='bbox 2007 5177 2466 5252; x_wconf 88' lang='lat' dir='ltr'>supplicationes</span> <span class='ocrx_word' id='word_1_808' title='bbox 2523 5180 2580 5232; x_wconf 90' lang='lat' dir='ltr'>et</span> <span class='ocrx_word' id='word_1_809' title='bbox 2637 5175 2792 5231; x_wconf 83' lang='lat' dir='ltr'>fellis</span> <span class='ocrx_word' id='word_1_810' title='bbox 2845 5182 3017 5248; x_wconf 90' lang='lat' dir='ltr'>potus</span> <span class='ocrx_word' id='word_1_811' title='bbox 3071 5181 3130 5233; x_wconf 89' lang='lat' dir='ltr'>et</span> <span class='ocrx_word' id='word_1_812' title='bbox 3176 5179 3370 5234; x_wconf 84' lang='lat' dir='ltr'>cordis</span> <span class='ocrx_word' id='word_1_813' title='bbox 3401 5179 3654 5237; x_wconf 86' lang='lat' dir='ltr'>dolores.</span> 
     </span>
    </p>
   </div>
   <div class='ocr_carea' id='block_1_111' title="bbox 2008 5265 3660 5337">
    <p class='ocr_par' dir='ltr' id='par_1_111' title="bbox 2008 5265 3660 5337">
     <span class='ocr_line' id='line_1_112' title="bbox 2008 5265 3660 5337; baseline 0 -13"><span class='ocrx_word' id='word_1_814' title='bbox 2008 5270 2145 5324; x_wconf 87' lang='lat' dir='ltr'>Post</span> <span class='ocrx_word' id='word_1_815' title='bbox 2193 5266 2368 5321; x_wconf 83' lang='lat' dir='ltr'>ﬁebat</span> <span class='ocrx_word' id='word_1_816' title='bbox 2418 5265 2748 5337; x_wconf 87' lang='lat' dir='ltr'>capripedis</span> <span class='ocrx_word' id='word_1_817' title='bbox 2800 5265 3238 5322; x_wconf 90' lang='lat' dir='ltr'>imitamentum</span> <span class='ocrx_word' id='word_1_818' title='bbox 3289 5267 3660 5324; x_wconf 87' lang='lat' dir='ltr'>vehementer</span> 
     </span>
    </p>
   </div>
   <div class='ocr_carea' id='block_1_112' title="bbox 2010 5353 3656 5426">
    <p class='ocr_par' dir='ltr' id='par_1_112' title="bbox 2010 5353 3656 5426">
     <span class='ocr_line' id='line_1_113' title="bbox 2010 5353 3656 5426; baseline -0.001 -14"><span class='ocrx_word' id='word_1_819' title='bbox 2010 5359 2079 5414; x_wconf 91' lang='lat' dir='ltr'>de</span> <span class='ocrx_word' id='word_1_820' title='bbox 2133 5353 2424 5411; x_wconf 88' lang='lat' dir='ltr'>testiculis</span> <span class='ocrx_word' id='word_1_821' title='bbox 2480 5353 2692 5420; x_wconf 86' lang='lat' dir='ltr'>aﬂecti,</span> <span class='ocrx_word' id='word_1_822' title='bbox 2744 5370 2811 5410; x_wconf 92' lang='lat' dir='ltr'>eo</span> <span class='ocrx_word' id='word_1_823' title='bbox 2869 5354 3023 5426; x_wconf 92' lang='lat' dir='ltr'>quod</span> <span class='ocrx_word' id='word_1_824' title='bbox 3074 5353 3305 5426; x_wconf 83' lang='lat' dir='ltr'>Jupiter</span> <span class='ocrx_word' id='word_1_825' title='bbox 3350 5355 3542 5412; x_wconf 87' lang='lat' dir='ltr'>Cereri</span> <span class='ocrx_word' id='word_1_826' title='bbox 3589 5357 3656 5410; x_wconf 87' lang='lat' dir='ltr'>il-</span> 
     </span>
    </p>
   </div>
   <div class='ocr_carea' id='block_1_113' title="bbox 2009 5441 3660 5516">
    <p class='ocr_par' dir='ltr' id='par_1_113' title="bbox 2009 5441 3660 5516">
     <span class='ocr_line' id='line_1_114' title="bbox 2009 5441 3660 5516; baseline -0.001 -16"><span class='ocrx_word' id='word_1_827' title='bbox 2009 5447 2138 5502; x_wconf 64' lang='lat' dir='ltr'>latas</span> <span class='ocrx_word' id='word_1_828' title='bbox 2195 5443 2484 5499; x_wconf 67' lang='lat' dir='ltr'>violentiae</span> <span class='ocrx_word' id='word_1_829' title='bbox 2535 5444 2637 5512; x_wconf 82' lang='lat' dir='ltr'>jus</span> <span class='ocrx_word' id='word_1_830' title='bbox 2695 5443 2925 5499; x_wconf 89' lang='lat' dir='ltr'>solvens</span> <span class='ocrx_word' id='word_1_831' title='bbox 2983 5443 3146 5516; x_wconf 92' lang='lat' dir='ltr'>capri</span> <span class='ocrx_word' id='word_1_832' title='bbox 3200 5441 3501 5501; x_wconf 88' lang='lat' dir='ltr'>testiculos</span> <span class='ocrx_word' id='word_1_833' title='bbox 3557 5447 3660 5499; x_wconf 85' lang='lat' dir='ltr'>ab-</span> 
     </span>
    </p>
   </div>
   <div class='ocr_carea' id='block_1_114' title="bbox 2009 5530 3660 5605">
    <p class='ocr_par' dir='ltr' id='par_1_114' title="bbox 2009 5530 3660 5605">
     <span class='ocr_line' id='line_1_115' title="bbox 2009 5530 3660 5605; baseline -0.001 -14"><span class='ocrx_word' id='word_1_834' title='bbox 2009 5535 2226 5591; x_wconf 90' lang='lat' dir='ltr'>scissos</span> <span class='ocrx_word' id='word_1_835' title='bbox 2285 5533 2412 5602; x_wconf 86' lang='lat' dir='ltr'>ejus</span> <span class='ocrx_word' id='word_1_836' title='bbox 2471 5530 2628 5586; x_wconf 85' lang='lat' dir='ltr'>sinui</span> <span class='ocrx_word' id='word_1_837' title='bbox 2687 5532 2970 5605; x_wconf 88' lang='lat' dir='ltr'>imposuit</span> <span class='ocrx_word' id='word_1_838' title='bbox 3030 5537 3095 5588; x_wconf 90' lang='lat' dir='ltr'>ut</span> <span class='ocrx_word' id='word_1_839' title='bbox 3151 5537 3209 5589; x_wconf 89' lang='lat' dir='ltr'>et</span> <span class='ocrx_word' id='word_1_840' title='bbox 3266 5550 3394 5589; x_wconf 89' lang='lat' dir='ltr'>suo.</span> <span class='ocrx_word' id='word_1_841' title='bbox 3461 5536 3517 5589; x_wconf 90' lang='lat' dir='ltr'>ln</span> <span class='ocrx_word' id='word_1_842' title='bbox 3552 5534 3660 5589; x_wconf 82' lang='lat' dir='ltr'>ho-</span> 
     </span>
    </p>
   </div>
   <div class='ocr_carea' id='block_1_115' title="bbox 2019 5620 3668 5694">
    <p class='ocr_par' dir='ltr' id='par_1_115' title="bbox 2019 5620 3668 5694">
     <span class='ocr_line' id='line_1_116' title="bbox 2019 5620 3668 5694; baseline 0.001 -16"><span class='ocrx_word' id='word_1_843' title='bbox 2019 5639 2221 5678; x_wconf 88' lang='lat' dir='ltr'>norem</span> <span class='ocrx_word' id='word_1_844' title='bbox 2256 5620 2493 5693; x_wconf 75' lang='lat' dir='ltr'>Dionysi</span> <span class='ocrx_word' id='word_1_845' title='bbox 2553 5621 3050 5693; x_wconf 88' lang='lat' dir='ltr'>impendebantur</span> <span class='ocrx_word' id='word_1_846' title='bbox 3080 5622 3402 5694; x_wconf 69' lang='lat' dir='ltr'>praesertim</span> <span class='ocrx_word' id='word_1_847' title='bbox 3434 5623 3580 5679; x_wconf 89' lang='lat' dir='ltr'>cista</span> <span class='ocrx_word' id='word_1_848' title='bbox 3611 5628 3668 5679; x_wconf 90' lang='lat' dir='ltr'>et</span> 
     </span>
    </p>
   </div>
   <div class='ocr_carea' id='block_1_116' title="bbox 2013 5710 3660 5782">
    <p class='ocr_par' dir='ltr' id='par_1_116' title="bbox 2013 5710 3660 5782">
     <span class='ocr_line' id='line_1_117' title="bbox 2013 5710 3660 5782; baseline 0 -14"><span class='ocrx_word' id='word_1_849' title='bbox 2013 5711 2232 5768; x_wconf 89' lang='lat' dir='ltr'>multos</span> <span class='ocrx_word' id='word_1_850' title='bbox 2287 5713 2575 5766; x_wconf 85' lang='lat' dir='ltr'>umbones</span> <span class='ocrx_word' id='word_1_851' title='bbox 2633 5710 2912 5766; x_wconf 89' lang='lat' dir='ltr'>habentia</span> <span class='ocrx_word' id='word_1_852' title='bbox 2969 5727 3241 5782; x_wconf 90' lang='lat' dir='ltr'>popana,</span> <span class='ocrx_word' id='word_1_853' title='bbox 3302 5715 3360 5767; x_wconf 89' lang='lat' dir='ltr'>et</span> <span class='ocrx_word' id='word_1_854' title='bbox 3418 5712 3660 5768; x_wconf 87' lang='lat' dir='ltr'>Sabazia</span> 
     </span>
    </p>
   </div>
   <div class='ocr_carea' id='block_1_117' title="bbox 2010 5798 3657 5874">
    <p class='ocr_par' dir='ltr' id='par_1_117' title="bbox 2010 5798 3657 5874">
     <span class='ocr_line' id='line_1_118' title="bbox 2010 5798 3657 5874; baseline 0.001 -18"><span class='ocrx_word' id='word_1_855' title='bbox 2010 5800 2228 5858; x_wconf 88' lang='lat' dir='ltr'>initiati</span> <span class='ocrx_word' id='word_1_856' title='bbox 2286 5803 2343 5857; x_wconf 89' lang='lat' dir='ltr'>et</span> <span class='ocrx_word' id='word_1_857' title='bbox 2417 5798 2630 5872; x_wconf 89' lang='lat' dir='ltr'>stipem</span> <span class='ocrx_word' id='word_1_858' title='bbox 2708 5799 2882 5856; x_wconf 89' lang='lat' dir='ltr'>matri</span> <span class='ocrx_word' id='word_1_859' title='bbox 2961 5799 3202 5857; x_wconf 86' lang='lat' dir='ltr'>deorum</span> <span class='ocrx_word' id='word_1_860' title='bbox 3290 5806 3657 5874; x_wconf 71' lang='lat' dir='ltr'>quaerentes,</span> 
     </span>
    </p>
   </div>
  </div>
