4080 6350
477 473 596 531 879

1813 466 2236 529 MICHAELIS
2281 466 2550 528 PSELLl

3777 469 3910 531 880

483 603 720 659 Baccha
789 607 846 659 et
903 601 1315 671 Mimallones,
1393 607 1451 659 et
1526 602 1766 674 quidam
1845 615 2125 656 resonans

2244 596 2334 651 καὶ
2367 598 2417 651 οἱ
2453 598 2863 674 μητριάζοντες,
2918 595 3221 661 Κλώδωνές
3265 618 3325 654 τε
3373 598 3462 654 καὶ
3513 597 3913 674 Μιμαλλόνες,

483 692 643 747 lebes
701 692 1084 763 Thesprotius
1155 696 1213 747 et
1282 692 1636 747 Dodonaeum
1696 690 1995 756 ahenum;
2075 691 2133 742 et

484 780 738 852 Corybas
787 780 940 835 alius
995 785 1051 835 et
1106 781 1284 836 Cures
1344 779 1531 851 alter,
1591 780 1927 834 daemonum
1998 776 2131 830 imi-

486 872 781 923 tamenta.
843 873 981 924 Post
1040 871 1236 925 Baubo
1295 886 1467 925 crura
1521 870 1798 940 detegens
1855 872 1911 922 et
1964 864 2129 921 femi-

488 974 662 1012 neum
712 957 953 1028 inguen;
1001 958 1086 1013 sic
1136 958 1293 1013 enim
1347 960 1627 1029 pudorem
1678 956 1985 1012 nominant
2032 954 2131 1009 de-

487 1047 693 1102 decore
749 1047 979 1113 att'ecti;
1040 1052 1097 1102 et
1127 1048 1211 1103 sic
1267 1048 1325 1102 in
1389 1046 1753 1117 turpitudine
1788 1043 2132 1117 mysterium

487 1133 842 1190 dissolvunt.

556 1242 609 1295 4.
642 1242 1155 1296 Incantamentum
1207 1246 1403 1297 autem
1463 1259 1559 1297 ars
1615 1245 1706 1296 est
1758 1240 1932 1296 vanis
1981 1239 2135 1294 circa

485 1330 815 1385 materiales
846 1335 903 1385 et
934 1336 1243 1386 terrestres
1272 1332 1568 1386 daemones
1610 1329 2134 1401 imaginationibus

481 1417 819 1489 indulgens,
873 1426 929 1473 et
981 1435 1181 1474 eorum
1228 1419 1664 1490 inspectoribus
1713 1419 1956 1473 umbras
2006 1422 2133 1472 tum

483 1522 552 1561 ex
582 1507 785 1561 inferis
842 1507 1140 1562 adducens
1196 1512 1321 1562 tum
1381 1523 1449 1561 ex
1491 1507 1609 1562 alto
1661 1507 1958 1561 deducens
2006 1522 2132 1561 eas-

486 1611 597 1666 que
658 1595 881 1650 noxias.
936 1595 1003 1650 Et
1060 1596 1329 1666 quaedam
1387 1612 1667 1667 corporea
1716 1595 2134 1666 phantasmata

485 1701 585 1739 eas
651 1684 1188 1755 contemplantibus
1237 1685 1539 1756 supponit.
1596 1690 1659 1738 Et
1710 1684 1842 1738 aliis
1893 1684 2131 1755 quidem

488 1772 683 1827 ﬂuxus
720 1772 950 1843 aliquos
1001 1773 1135 1827 inde
1190 1773 1546 1828 ﬂuctuantes
1580 1773 1783 1837 mittit,
1817 1771 1951 1826 aliis
1999 1788 2132 1827 vero

486 1861 852 1915 vinculorum
884 1860 1235 1916 solutionem
1278 1866 1335 1916 et
1384 1861 1625 1917 delicias
1669 1865 1726 1916 et
1776 1860 1995 1932 gratias
2025 1878 2130 1915 an-

488 1949 743 2004 nuntiat.
778 1948 894 2004 Ilas
925 1953 1119 2005 autem
1168 1950 1463 2022 potentias
1511 1954 1716 2005 evocat
1765 1950 2129 2006 carminibus
2160 1967 2209 2033 Β

488 2038 772 2109 repetitis.

554 2129 609 2181 5.
644 2127 852 2199 Magna
884 2131 1079 2182 autem
1111 2128 1328 2183 Graecis
1380 2128 1683 2183 videbatur
1732 2127 1979 2184 multam
2012 2128 2127 2183 vim

485 2215 719 2271 habere.
753 2217 894 2271 Eam
927 2216 1196 2272 ultimam
1230 2218 1596 2273 medicinalis
1624 2218 1878 2273 scientia;
1902 2224 2128 2290 partem

481 2321 610 2360 esse
642 2304 863 2359 dicunt.
900 2307 1267 2377 Investigans
1298 2307 1456 2361 enim
1514 2307 1785 2362 omnium
1839 2306 2127 2361 subluna-

484 2393 635 2448 rium
689 2394 1158 2449 substantiarum
1209 2399 1264 2450 et
1314 2399 1585 2450 naturam
1644 2400 1701 2450 et
1758 2394 2127 2465 qualitatem,

481 2480 907 2536 elementorum
965 2498 1175 2554 nempe
1218 2500 1538 2555 eorumque
1587 2483 1867 2555 partium,
1902 2486 2127 2539 anima-

479 2569 627 2624 lium
686 2571 1131 2640 quorumlibet,
1191 2572 1529 2643 plantarum
1608 2588 1931 2642 earumque
2008 2572 2127 2627 fru-

485 2662 725 2729 ctuum,
758 2659 1047 2730 lapidum,
1100 2658 1441 2731 herbarum,
1492 2664 1549 2715 et
1608 2676 1723 2715 uno
1780 2660 1956 2715 verbo
2004 2676 2128 2716 om-

486 2747 651 2802 nium
732 2764 925 2803 rerum
1003 2749 1400 2804 substantiam
1456 2754 1511 2804 et
1568 2749 1925 2821 potentiam,
1994 2750 2131 2806 inde

485 2855 593 2893 sua
650 2843 943 2911 Operatur.
1004 2838 1442 2897 Oblectamenta
1486 2840 1759 2911 proponit
1814 2839 2129 2896 sanitatem

484 2926 834 2996 efﬁcientia,
892 2927 1236 2999 speciesque
1311 2928 1742 2983 diversissimas
1821 2930 2129 3000 producit,

484 3016 541 3067 et
598 3012 714 3069 alia
790 3012 1219 3069 medicamenta
1295 3015 1565 3070 morbum
1639 3015 1987 3071 efﬁcientia.
2054 3020 2127 3071 A-

484 3100 659 3172 quila:
723 3106 783 3157 et
848 3103 1131 3157 dracones
1222 3103 1427 3158 efﬁcax
1490 3103 1610 3159 illis
1676 3110 1845 3159 erant
1904 3105 1975 3160 ad
2029 3122 2129 3161 sa-

482 3190 726 3245 nitatem
819 3192 1133 3263 sumptio;
1226 3191 1363 3247 feles
1430 3197 1625 3248 autem
1694 3198 1750 3248 et
1826 3210 2002 3249 canes
2072 3198 2130 3249 et

482 3279 635 3334 corvi
694 3278 905 3350 vigiliae
972 3279 1255 3352 symbola.
1307 3285 1447 3336 Cera
1511 3298 1643 3337 vero
1702 3288 1759 3336 et
1817 3283 2003 3337 lutum
2062 3283 2123 3338 in

484 3332 895 3423 amona
945 3332 2127 3444 senatus"...testans?"is;
2159 3332 2202 3398 C

487 3472 613 3512 rere
677 3457 853 3512 etiam
923 3457 1061 3513 facit
1116 3458 1270 3531 ignis
1337 3458 1591 3516 ccelestis
1656 3460 2006 3516 editionem.
2065 3462 2135 3517 Et

489 3549 697 3618 sponte
758 3547 1068 3602 subrident
1140 3552 1347 3603 statuae
1409 3556 1463 3604 et
1521 3549 1713 3604 subito
1781 3550 1916 3622 igne
1983 3549 2134 3605 lam-

490 3635 671 3707 pades
715 3636 1137 3691 accenduntur.
1178 3636 1601 3708 Complectitur
1660 3654 1895 3709 quoque
1950 3642 2133 3694 totam

490 3724 909 3780 astronomiam
968 3728 1025 3779 et
1074 3723 1261 3780 multa
1332 3742 1433 3797 per
1509 3741 1634 3781 eam
1696 3731 1753 3781 et
1824 3730 2013 3798 potest
2081 3731 2137 3783 et

491 3813 736 3884 perﬁcit.

554 3921 608 3976 6.
644 3920 850 3989 Omen,
884 3925 948 3975 ut
976 3920 1132 3977 istud
1186 3937 1398 3977 nomen
1454 3920 1695 3990 indicat,
1730 3925 1819 3978 est
1843 3921 2130 3979 malorum

484 4009 820 4065 daemonum
857 4010 1166 4065 invocatio.
1203 4010 1292 4064 Fit
1346 4014 1541 4065 autem
1602 4028 1735 4065 cum
1778 4011 1864 4067 sol
1905 4013 1976 4067 ad
2010 4029 2129 4068 me-

482 4098 686 4155 ridiem
722 4103 983 4154 reccnter
1014 4115 1218 4154 versus
1250 4104 1359 4165 est,
1398 4100 1552 4155 diem
1586 4101 1882 4171 minuens,
1908 4107 2131 4158 noctem

482 4203 613 4243 vero
669 4188 989 4258 adaugens.
1051 4187 1382 4257 Opinantur
1438 4189 1595 4243 enim
1657 4189 1839 4244 Graeci
1898 4190 2129 4246 nullum

481 4275 875 4331 materialium
916 4278 1247 4331 daemonum
1306 4276 1449 4332 solis
1507 4279 1701 4333 radios
1736 4281 1884 4334 bono
1932 4281 2129 4335 animo

484 4363 717 4419 habere.
776 4365 916 4419 Inde
976 4364 1146 4419 nobis
1204 4370 1378 4419 noctu
1437 4366 1686 4421 insidias
1735 4371 1995 4435 struunt,
2036 4369 2129 4425 die

475 4449 743 4506 insidiari
781 4469 894 4507 non
928 4452 1204 4507 valentes.
1232 4453 1472 4516 Quando
1500 4454 1676 4525 igitur
1707 4454 1906 4510 lumen
1940 4457 2126 4530 magis

473 4540 936 4611 septentrionale
1019 4546 1129 4608 est,
1180 4558 1287 4596 sua
1364 4543 1592 4614 Operari
1660 4550 1981 4615 nequeunt,
2069 4551 2127 4602 et

475 4631 708 4701 quando
740 4631 809 4685 ad
863 4630 1170 4685 meridiem
1218 4630 1462 4685 vertitur
1494 4636 1549 4686 et
1582 4632 1643 4686 ﬁt
1676 4633 1845 4704 quasi
1903 4635 2123 4691 demis-

2240 686 2328 739 καί
2391 708 2477 749 τις
2535 688 2695 763 ἠχῶν
2752 682 2921 758 λέϐης
2980 689 3378 762 Θεσπρώτειος,
3434 689 3523 743 καὶ
3574 686 3908 745 Δωδωναῖον

2243 770 2527 848 χαλκεῖον
2582 774 2672 829 καὶ
2723 770 2974 851 Κορύϐας
3032 772 3227 846 ἄλλος,
3278 777 3369 831 καὶ
3421 775 3633 852 Κούρης
3692 773 3910 853 ἕτερος,

2244 860 2519 935 δαιμόνων
2551 865 2868 937 μιμήματα.
2914 865 3029 941 Ἐφ’
3077 866 3158 925 οἷς
3202 866 3237 933 ἡ
3285 860 3476 918 Βαυόὼ
3518 864 3665 927 τοὺς.
3684 865 3908 941 μηροὺς

2244 950 2660 1027 ἀνασυραμένη,
2720 951 2809 1006 καὶ
2869 953 2897 1006 6
2953 957 3257 1026 γυναικεῖος
3316 954 3499 1014 κτείς·
3588 953 3735 1008 οὕτω
3792 954 3905 1029 γάρ

2244 1039 2569 1113 ὀνομάζουσι
2590 1042 2691 1110 τὴν
2722 1037 2860 1095 αἰδῶ
2890 1041 3298 1116 αἰσχυνόμενοι.
3333 1042 3429 1096 Καὶ
3460 1041 3633 1103 οὕτως
3691 1042 3744 1096 ἓν
3776 1042 3905 1098 αἶσ-

2244 1132 2368 1201 χρῷ
2396 1130 2494 1196 τὴν
2526 1127 2749 1198 τελετὴν
2781 1129 3160 1186 καταλύουσιν.

2316 1232 2378 1291 δ’.
2425 1236 2489 1291 Ἠ
2537 1234 2759 1311 γοητεία
2790 1232 2847 1290 δέ
2875 1234 2985 1291 ἐστι
3016 1236 3184 1312 τέχνη
3217 1256 3302 1297 τις
3335 1234 3457 1310 περὶ
3496 1236 3625 1300 τοὺς
3669 1235 3907 1299 ἐνύλους

2242 1324 2333 1378 καὶ
2391 1323 2647 1399 χθονίους
2703 1322 2968 1397 δαίμονας
3034 1329 3575 1402 φαντασιοσκοποῦσα
3629 1331 3749 1387 τοῖς
3807 1326 3907 1381 ἐπ-

2245 1413 2434 1474 όπταις
2492 1413 2560 1467 τὰ
2614 1411 2821 1467 τούτων
2881 1410 3084 1468 εἴδωλα
3134 1412 3225 1467 καὶ
3272 1415 3399 1474 τοὺς
3452 1414 3546 1485 μὶν
3598 1414 3781 1489 ὥσπερ
3849 1414 3908 1485 ἒξ

2244 1499 2376 1573 ᾇδου
2441 1499 2733 1576 ἀνάγουσα,
2804 1500 2932 1563 τοὺς
3007 1499 3065 1556 δὲ
3143 1501 3336 1574 ὑψόθεν
3408 1499 3737 1577 κατάγουσα,
3807 1502 3909 1555 καὶ

2241 1589 2467 1652 τούτους
2509 1588 2844 1652 κατωτικούς
2882 1632 2895 1645 .
2946 1589 3049 1646 Καὶ
3128 1586 3391 1643 είδωλικὰ
3448 1588 3577 1645 ἄττα
3639 1589 3905 1664 ὑφίστησι

2243 1680 2595 1757 φαντάσματα
2643 1684 2763 1741 τοῖς
2821 1680 3051 1755 θεωροῖς
3107 1682 3213 1733 τῶν
3274 1676 3562 1735 τοιούτων.
3620 1680 3720 1734 Καὶ
3777 1684 3910 1741 τοῖς

2246 1768 2344 1840 μὶτ
2424 1768 2666 1844 ῥεύματα
2743 1788 2865 1822 τινα
2940 1767 3139 1831 ἐκεῖθεν
3197 1766 3534 1840 κυμαίνοντα
3594 1767 3862 1845 ἐπαφίησι
3892 1786 3912 1804 ·

2239 1862 2356 1920 τοῖς
2413 1855 2470 1911 δὶ
2538 1855 2750 1931 δεσμῶν
2830 1857 3033 1919 ἀνὲσεις
3090 1857 3182 1911 καὶ
3250 1856 3455 1934 τρυφὰς
3514 1856 3605 1911 καὶ
3662 1856 3905 1931 χάριτας

2239 1944 2654 2021 ἐπαγγέλλεται.
2689 1945 2979 2022 Ἐπάγεται
3012 1943 3068 2001 δὶ
3096 1947 3190 2010 τὰς
3218 1945 3471 2010 τοιαύτας
3501 1942 3756 2019 δυνάμεις
3802 1946 3903 2001 καὶ

2239 2031 2438 2108 ᾅσμασι
2469 2034 2558 2089 καὶ
2589 2032 2911 2108 ἐπᾴσμασιν.

2311 2126 2367 2180 ε’.
2426 2126 2491 2180 Ἦ
2524 2122 2581 2179 δέ
2624 2146 2685 2198 γε
2736 2125 2933 2200 μαγεία
2974 2121 3359 2194 πολυδύναμόν
3413 2146 3463 2179 τι
3525 2132 3721 2200 χρῆμα
3769 2131 3899 2189 τοῖς

2238 2211 2509 2283 Ἕλλησιν
2574 2210 2759 2283 ἔδοξε.
2821 2210 3032 2287 Μερίδα
3086 2216 3213 2288 γοῦν
3277 2212 3412 2267 εἶναι
3464 2214 3664 2284 ταύτην
3724 2216 3896 2288 φασὶν

2240 2301 2474 2377 ἐσχάτην
2551 2308 2652 2371 τῆς
2724 2302 3000 2375 ἱερατικῆς
3070 2299 3418 2373 ἐπιστήμης.
3497 2302 3904 2378 ’Λνιχνεύουσα

2239 2392 2343 2467 γὰρ
2389 2394 2496 2444 τῶν
2547 2390 2647 2445 ὑπὸ
2696 2391 2796 2458 τὴν
2842 2388 3077 2461 σελήνην
3130 2391 3345 2444 πάντων
3416 2394 3515 2461 τήν
3573 2412 3632 2446 τε
3697 2392 3901 2448 οὐσίαν

2238 2479 2328 2533 καὶ
2379 2478 2537 2556 φύσιν
2586 2479 2675 2533 καὶ
2709 2475 2937 2551 δύναμιν
2992 2479 3079 2533 καὶ
3114 2477 3405 2548 ποιότητα,
3455 2477 3604 2555 λέγω
3634 2477 3693 2534 δὲ
3740 2501 3905 2536 στοι-

2242 2568 2406 2644 χείων
2458 2567 2548 2622 καὶ
2578 2572 2686 2621 τῶν
2718 2566 2924 2621 τούτων
2960 2572 3158 2641 μερῶν,
3207 2569 3360 2637 ζώων
3392 2589 3448 2623 τε
3500 2567 3906 2641 παντοδαπῶν,

2241 2662 2419 2734 φυτῶν
2459 2656 2549 2711 καὶ
2596 2661 2702 2711 τῶν
2751 2655 2988 2720 ἐντεῦθεν
3036 2661 3256 2733 καρπῶν
3288 2703 3302 2727 ,
3357 2655 3527 2711 λίθων
3554 2704 3567 2729 ,
3627 2659 3906 2734 βοτανῶν³

2240 2746 2329 2800 καὶ
2361 2744 2552 2807 ἁπλῶς
2593 2744 2782 2815 εἰπεῖν,
2841 2745 3041 2809 παντὸς
3098 2744 3421 2822 πράγματος
3482 2746 3771 2802 ὑπόστασίν
3843 2768 3908 2802 τε

2239 2834 2329 2889 καὶ
2388 2831 2615 2906 δύναμιν
2654 2876 2667 2901 ,
2729 2831 2968 2888 ἐντεῦθεν
3050 2836 3152 2911 ἄρα
3207 2836 3274 2889 τίι
3334 2836 3525 2905 ἑαυτῆς
3586 2835 3902 2912 ἐργάζεται.

2241 2922 2558 2998 Ἀγάλματά
2609 2943 2668 2977 τε
2715 2922 3003 3001 ύφίστησιν
3063 2923 3248 2999 ὑγείας
3308 2927 3699 2999 περιποιητικά
3730 2970 3744 2995 ,
3801 2928 3903 2981 καὶ

2240 3015 2501 3089 σχήματα
2575 3018 2811 3068 ποιεῖται
2887 3011 3226 3086 παντοδαπὰ,
3299 3014 3388 3069 καὶ
3462 3018 3726 3070 νοσοποιὰ
3788 3014 3901 3088 δη-

2244 3104 2630 3178 μιουργήματα
2684 3099 2868 3177 ἕτερα.
2928 3103 3026 3157 Καὶ
3088 3103 3234 3158 ἀετοὶ
3297 3103 3390 3175 μὶν
3448 3104 3538 3158 καὶ
3593 3102 3901 3178 δράκοντες

2243 3192 2511 3267 βιώσιμος
2549 3190 2735 3255 αὐτοῖς
2762 3190 2898 3268 πρὸς
2942 3189 3121 3267 ὑγείαν
3185 3191 3459 3256 ύπόθεσις’
3522 3192 3773 3267 αἴλουροι
3837 3192 3902 3249 δὶ

2240 3283 2329 3334 καί
2359 3278 2510 3343 κύνες
2538 3281 2627 3335 καὶ
2657 3280 2882 3355 κόρακες
2939 3280 3312 3355 ἁγρυπνητικᾶ
3369 3277 3644 3354 σύμϐολα.
3705 3284 3905 3356 Κηρὸς

2246 3366 2302 3423 δὲ
2332 3369 2420 3423 καὶ
2452 3368 2632 3439 πηλὸς
2662 3369 2737 3431 εἷς
2768 3369 2864 3431 τὰς
2892 3374 2999 3424 τῶν
3054 3369 3257 3444 μορίων
3319 3370 3656 3443 συμπλάσεις
3713 3392 3904 3446 παρα-

2247 3452 2641 3530 λαμϐάνονται.
2678 3457 2942 3526 Φαντάζει
2971 3455 3029 3512 δὶ
3060 3456 3334 3522 πολλάκις
3365 3456 3455 3513 καί
3503 3459 3673 3533 πυρὸς
3724 3460 3912 3535 οὐρα-

2244 3546 2361 3601 νίου
2392 3543 2651 3607 ἐκδόσεις.
2711 3547 2818 3602 Καὶ
2879 3543 3157 3619 διαμειδιᾷ
3214 3546 3310 3620 μὶν
3368 3546 3449 3625 ἐφ’
3482 3548 3681 3602 ἑαυτῶν
3714 3548 3908 3624 ἀγάλ-

2250 3656 2391 3708 ματα
2424 3679 2437 3705 ,
2506 3635 2637 3711 πυρὶ
2697 3632 2754 3689 δὲ
2814 3633 3106 3709 αὐτομάτῳ
3163 3633 3448 3709 λαμπάδες
3518 3636 3859 3693 ἀνάπτονται
3896 3684 3911 3697 .

2246 3723 2606 3799 Ιίεριᾶζωσται
2641 3721 2697 3779 δὶ
2723 3725 2813 3779 καὶ
2860 3726 2960 3793 τήν
3016 3724 3380 3799 ἀστρονομίαν
3432 3725 3739 3798 σύμπασαν,
3813 3730 3913 3782 καὶ

2244 3810 2432 3867 πολλᾶ
2455 3810 2544 3867 διὰ
2571 3811 2772 3883 ταύτης
2801 3812 2891 3866 καὶ
2927 3809 3145 3867 δύναται
3175 3812 3264 3867 καὶ
3297 3811 3574 3871 ἀποτελεῖ.

2315 3921 2378 3984 ς’.
2431 3916 2655 3994 Κλῃδὼν
2725 3916 2781 3974 δέ
2840 3918 2949 3974 ἐστι
3008 3917 3283 3993 δαιμόνων
3336 3925 3616 3996 πονηρῶν,
3673 3921 3750 3983 ὡς
3807 3924 3909 3977 καὶ

2244 4009 2376 4065 αὐτὸ
2421 4006 2589 4079 δηλοῖ
2637 4005 2882 4082 τοῦνομα
2938 4007 3297 4085 πρόσκλησις.
3352 4009 3602 4066 Τελεῖται
3662 4007 3719 4065 δὲ
3778 4014 3911 4085 ἄρτι

2240 4099 2576 4173 τρεπομένου
2632 4096 2768 4167 πρὸς
2831 4099 2985 4153 νότον
3046 4095 3247 4167 ἡλίου,
3305 4099 3394 4153 καὶ
3455 4104 3734 4172 μειοῦντος
3803 4104 3906 4175 μὶν

2240 4188 2470 4263 ἡμέραν,
2527 4189 2626 4257 τήν
2675 4186 2839 4241 νύκτα
2895 4184 2952 4242 δὲ
3002 4186 3347 4258 αύξάνοντος.
3397 4186 3728 4259 Ἑλληνικῆς
3796 4192 3909 4267 γὰρ

2241 4277 2351 4332 ἑστι
2386 4275 2544 4347 δόξης
2573 4277 2635 4331 τὸ
2670 4274 2874 4348 μηδένα
2920 4281 3026 4331 τῶν
3082 4275 3288 4332 ἐνύλων
3342 4274 3614 4350 δαιμόνων
3673 4278 3907 4356 θαρῥεῖν

2237 4368 2331 4429 τὰς
2359 4370 2455 4420 τοῦ
2495 4364 2662 4435 ἡλίου
2709 4364 2904 4440 αὐγάς.
2953 4371 3142 4429 ’Ένθεν
3191 4387 3278 4421 τοι
3327 4366 3417 4421 καὶ
3468 4366 3907 4443 νυκτιλοχοῦσιν

2236 4459 2396 4528 ἡμῖν,
2460 4454 2632 4531 λοχᾷν
2708 4454 2921 4530 ἡμέρας
2994 4456 3071 4527 μή
3130 4452 3487 4531 ἐξισχύοντες.
3544 4459 3654 4513 Τοῦ
3707 4459 3907 4513 τοίνυν

2237 4552 2525 4624 φωστῆρος
2605 4543 2951 4621 βορειοτὲρου
3037 4547 3432 4622 τυγχάνοντος,
3510 4547 3587 4619 μή
3642 4547 3791 4602 πάνυ
3850 4572 3905 4603 τι

2235 4633 2523 4709 δυνάμενοι
2582 4634 2648 4688 τὰ
2704 4635 2904 4689 ἑαυτῶν
2952 4633 3208 4709 ἰνεργεῖν,
3257 4634 3494 4703 ὁπηνίκα
3540 4636 3677 4711 πρὸς
3734 4639 3905 4694 νότον

473 4718 593 4774 sior
622 4720 777 4790 apud
819 4735 925 4774 nos
984 4735 1103 4789 aer,
1156 4724 1294 4774 tunc
1346 4736 1486 4775 suos
1542 4721 1798 4792 impetus
1829 4728 1904 4790 et,
1940 4729 2004 4779 ut
2041 4724 2125 4782 ita

2241 4700 2413 4800 τραπῆ
2444 4722 2534 4778 καὶ
2566 4722 2733 4778 οἱονεὶ
2782 4700 3189 4800 κατηφέστατος
3229 4724 3257 4777 6
3311 4724 3435 4799 περὶ
3493 4700 3642 4797 ἡμὲς
3684 4723 3907 4800 γίνεται

473 4806 664 4862 dicam
699 4807 981 4862 circuitus
1034 4824 1153 4862 suae
1213 4807 1453 4863 malitia:
1512 4809 1894 4866 manifestant
1938 4818 1995 4867 et
2028 4813 2121 4869 in-

464 4896 654 4953 vocati
714 4897 1125 4953 invocantibus
1156 4900 1458 4955 obediunt.
1533 4901 1600 4955 Et
1661 4919 1813 4957 nunc
1881 4905 2119 4974 quidem

468 4988 746 5059 mysteria
760 4987 1133 5059 auspicantes
1149 4990 1417 5042 nesciunt
1447 4989 1831 5046 invocationis
1846 5008 2116 5063 carmen;

467 5076 694 5131 utinam
746 5092 1051 5147 nunquam
1104 5076 1386 5132 scierint!
1452 5078 1617 5149 Ignes
1667 5096 1800 5135 vero
1860 5083 2113 5152 quodam

462 5163 682 5220 circulo
741 5164 1141 5220 describentes
1200 5180 1268 5219 ex
1324 5164 1563 5221 flamma
1615 5168 1916 5225 exsiliunt.
1978 5174 2115 5227 Erat

462 5251 608 5307 illud
672 5253 927 5323 antiquae
988 5252 1435 5324 bacchationis,
1495 5271 1567 5310 ne
1623 5256 1814 5312 dicam
1894 5259 2112 5315 furoris

468 5357 623 5411 pars.
658 5340 938 5396 Dicebant
995 5341 1153 5396 enim
1213 5342 1393 5398 Graeci
1447 5348 1585 5398 tunc
1637 5346 1944 5403 manifeste
1977 5364 2110 5404 cum

463 5429 872 5486 invocantibus
931 5430 1353 5487 descendentes
1404 5433 1699 5503 potentias
1758 5438 2106 5507 conversari,

457 5536 590 5574 cum
626 5537 801 5592 supra
836 5523 1013 5591 caput
1062 5537 1160 5575 aer
1218 5519 1537 5576 nebulosus
1572 5528 1727 5579 esset
1756 5528 1813 5579 et
1843 5542 2106 5583 crassam

459 5606 702 5663 haberet
758 5609 1171 5664 substantiam.
1231 5608 1497 5665 Circulus
1558 5627 1689 5667 vero
1760 5613 1875 5668 vim
1932 5615 2110 5673 habet

457 5696 773 5751 retinendi.
853 5698 1162 5753 lnvocatus
1222 5704 1423 5753 autem
1483 5699 1758 5772 daemon,
1819 5708 2105 5775 tanquam

454 5784 939 5857 circumscriptus
994 5786 1227 5842 videtur
1278 5790 1337 5843 et
1392 5788 1756 5859 continetur,
1815 5799 2103 5865 quantum

2232 4814 2360 4890 ἆήρ,
2391 4816 2685 4883 τηνικαῦτα
2716 4810 3100 4886 προεξάλματά
3130 4832 3247 4867 τινα
3293 4812 3404 4883 καὶ,
3466 4813 3638 4877 οὕτως
3687 4814 3904 4885 εἰπεῖν,

2229 4899 2721 4979 προκυλινδήματα
2775 4907 2875 4970 τῆς
2934 4906 3080 4979 σφῶν
3126 4901 3313 4962 κακίας
3361 4902 3682 4980 ἐμφαίνουσι
3716 4950 3735 4975 ,
3803 4910 3899 4962 καὶ

2227 4991 2559 5064 καλούμενοι
2616 4995 2733 5051 τοῖς
2796 4988 3093 5066 κλήτορσιν
3154 4990 3546 5047 ὑπακούουσιν.
3606 4989 3779 5047 ’Λλλ’
3844 4997 3903 5049 οἵ

2226 5102 2288 5155 γε
2347 5085 2437 5136 νῦν
2513 5085 2613 5148 τῆς
2682 5077 2907 5147 τελετῆς
2985 5077 3418 5154 προεξάρχοντες
3483 5081 3582 5148 τήν
3631 5081 3724 5153 μὶν
3789 5091 3901 5153 τῆς

2222 5169 2473 5240 κλήσεως
2549 5167 2648 5223 οὐκ
2731 5163 2902 5221 ἴσασιν
2982 5164 3222 5239 ἐπῳδὴν,
3285 5165 3428 5239 μηδὲ
3475 5166 3669 5224 εἰδοῖέν
3719 5191 3895 5228 ποτε’

2223 5259 2367 5335 πυρᾶ
2399 5256 2455 5313 δὲ
2503 5254 2689 5311 πολλᾶ
2735 5253 2925 5328 κύκλῳ
2972 5256 3076 5310 τινὶ
3128 5259 3554 5334 περιγράφοντες
3600 5257 3895 5328 ἰξάλονται

2219 5356 2318 5418 τῆς
2349 5345 2581 5425 φλογός.
2619 5346 2722 5402 Ἤν
2769 5341 2826 5399 δὲ
2850 5346 2942 5399 καὶ
2966 5349 3126 5400 τοῦτο
3158 5348 3258 5411 τῆς
3289 5345 3524 5407 παλαιᾶς
3556 5348 3897 5425 βρακχιξας,

2214 5436 2306 5492 ’ἱνα
2360 5439 2435 5511 μὴ
2489 5434 2633 5511 λέγω
2686 5433 2878 5507 μανίας
2935 5433 3112 5509 μερίς.
3155 5435 3397 5498 ’Έφασαν
3427 5434 3530 5511 γὰρ
3579 5434 3896 5507 Ἕλληνες,

2220 5522 2581 5602 ὁμιχλώδους
2638 5528 2735 5578 τοῦ
2797 5524 2930 5598 ὑπὲρ
2986 5522 3226 5602 κεφαλὴν
3278 5523 3438 5599 ἀέρος
3503 5527 3891 5601 τυγχάνοντος

2217 5616 2305 5672 καί
2355 5619 2587 5689 παχεῖαν
2646 5614 2745 5681 τὴν
2799 5612 3049 5667 σύστασιν
3098 5607 3327 5687 ἔχοντος
3361 5657 3374 5681 ,
3435 5614 3531 5676 τὰς
3580 5616 3890 5681 κατιούσας

2217 5704 2474 5779 δυνάμεις
2555 5700 2867 5778 εἶ’λικρινῶς
2930 5707 3046 5764 τοῖς
3104 5698 3362 5755 καλοῦσιν
3420 5701 3659 5776 ὁμιλεῖν’
3721 5707 3753 5761 6
3818 5704 3881 5763 δέ

2213 5816 2275 5871 γε
2332 5790 2535 5853 κύκλος
2594 5797 2841 5865 κατοχῆς
2882 5789 2999 5866 ἔχει
3056 5787 3307 5863 δύναμιν.
3364 5792 3428 5849 Ὁ
3463 5792 3567 5867 γὰρ
3628 5813 3883 5866 προσκε-
