4088 6350
205 341 316 404 881

1580 347 1682 408 DE
1726 345 2240 409 DJEMONIBUS.

3504 346 3623 408 882

206 471 478 546 κλημένος
534 471 768 548 δαίμων,
813 473 980 530 οἱονεί
1036 495 1155 537 πως
1208 477 1703 554 περιγραφόμενος,
1763 497 1860 530 πε-

1987 476 2098 532 vult
2129 477 2454 533 invocantis
2501 495 2690 535 mens.
2727 479 2841 534 Hoc
2873 493 3108 550 quoque
3159 477 3300 534 solis
3350 476 3628 546 solstitio,

210 561 506 636 ριγραπτός
562 583 619 617 τε
671 559 822 618 δοκεῖ
862 562 952 618 καὶ
1010 564 1296 639 κατέχεται
1348 563 1400 626 ἐς
1435 563 1559 619 ὅσον
1592 566 1627 633 ἡ
1660 565 1859 639 γνώμη

207 655 304 705 τοῦ
351 650 628 728 κλήτορος
719 650 995 727 βούλεται.
1056 654 1175 722 Τῆς
1235 650 1291 707 δέ
1336 651 1596 723 τοιαύτης
1652 656 1863 725 τροπῆς

205 743 302 793 τοῦ
331 738 521 813 ἡλίου,
559 738 772 813 μᾶλλον
807 738 864 795 δὶ
892 747 994 811 τῆς
1050 739 1102 795 ἐν
1152 740 1378 816 τοιαύτῃ
1429 746 1537 796 τῶν
1590 738 1860 815 δαιμόνων

206 829 498 890 κακώσεως
561 830 952 902 ὑποσημαίνειν
1005 851 1057 886 τι
1113 831 1203 885 καὶ
1261 831 1358 899 τὴν
1419 830 1689 894 θάλασσαν
1725 830 1867 885 οἷόν-

202 939 291 973 ται
327 937 340 950 ο
371 919 703 995 ὑφαρπάζειν
754 919 856 995 γὰρ
920 919 1001 974 ἀεὶ
1057 925 1166 974 τῶν
1217 919 1637 995 ἐπινηχομὲνων
1694 921 1862 989 τινάς,

207 1006 315 1083 οὐχ
370 1008 444 1070 ὡς
499 1011 595 1062 τοῦ
649 1007 845 1073 ὕδατος
893 1009 1190 1083 ἐπάγοντος
1235 1011 1337 1078 τήν
1368 1009 1595 1088 φθοράν,
1628 1007 1755 1064 ἀλλ’
1788 1009 1863 1070 ὡς

204 1100 314 1150 τῶν
347 1095 399 1151 ἐν
454 1095 636 1168 τούτῳ
694 1095 966 1172 δαιμόνων
1027 1096 1392 1173 ἐνεργούντων
1448 1099 1548 1166 τὴν
1602 1099 1862 1154 κάκωσιν.

208 1187 413 1259 ’Ὠσπερ
447 1183 505 1239 δὲ
557 1186 918 1260 άερομαντεία
970 1185 1055 1249 τίς
1115 1185 1227 1242 ἐστι
1284 1188 1374 1242 καὶ
1427 1185 1863 1262 φυλλομαντεία,

210 1273 356 1329 οὕτω
414 1271 482 1342 δὴ
535 1275 622 1329 καὶ
701 1273 1126 1348 λεκανομαντεία
1202 1283 1321 1339 τοῖς
1406 1282 1683 1353 περιττοῖς
1765 1277 1862 1345 τὴν

206 1362 399 1442 σοφίαν
427 1363 734 1440 Ἀσσυρίοις
757 1365 1218 1438 κατῳκονόμηται
1284 1365 1386 1421 ὑπὺ
1445 1364 1680 1436 λεκάνης
1732 1366 1865 1420 ὑπο-

205 1453 470 1525 κειμένης
519 1452 609 1507 καὶ
675 1459 934 1526 μαντικοῦ
1011 1453 1461 1529 πεπληρωμένης
1535 1452 1748 1523 ὕδατος,
1805 1454 1868 1508 τὸ

204 1543 346 1618 πρὸς
402 1541 467 1596 τὰ
526 1543 690 1597 κοῖλα
745 1547 855 1597 τῶν
921 1541 1197 1618 δαιμόνων
1229 1542 1517 1621 ἐπιρῥεπὶς
1547 1549 1625 1616 τῷ
1678 1543 1866 1615 οἰκείῳ

215 1632 735 1707 χαρακτηριζούσης
816 1634 1063 1708 σχήματι
1103 1677 1115 1689 .
1179 1634 1257 1690 Τὸ
1344 1631 1400 1688 δὲ
1470 1655 1530 1709 γε
1611 1631 1865 1707 ἐπιχυθὶν

214 1719 357 1794 αὐτῇ
419 1717 565 1794 ὕδωρ
623 1718 916 1799 ἀδιάφορον
979 1723 1073 1796 μὲν
1133 1721 1244 1777 ἐστι
1303 1723 1439 1777 κατὰ
1512 1722 1611 1790 τὴν
1683 1721 1868 1776 οὐσίαν

214 1810 356 1885 πρὸς
387 1809 454 1864 τά
483 1810 722 1886 ὁμογενῆ
759 1808 925 1866 ὕδατα
959 1830 970 1843 ⁸
1007 1809 1134 1866 ἀλλ’
1163 1811 1198 1882 ἥ
1235 1833 1294 1888 γε
1339 1812 1422 1867 ἐπ’
1472 1811 1617 1883 αὐτῷ
1671 1809 1864 1880 τελετή

211 1899 308 1952 καὶ
357 1899 426 1953 τὰ
485 1897 766 1972 ἐπᾴσματα
831 1897 1138 1971 ἐπιτήδειον
1218 1900 1353 1977 πρὸς
1430 1897 1713 1976 ὑποδοχὴν
1771 1897 1868 1954 τοῦ

208 1991 466 2063 χρῶιτος
520 1987 836 2064 ἐργάζονται
890 1995 1220 2063 πνεύματος.
1265 1993 1442 2047 Τοῦτο
1492 1987 1550 2044 δὶ
1582 1987 1861 2062 δαιμόνιόν

208 2075 328 2132 ἐστι
379 2074 578 2152 γεῶδες
637 2078 726 2132 καὶ
790 2079 1010 2155 μερικόν
1049 2099 1062 2114 ο
1108 2079 1218 2146 καὶ,
1253 2077 1469 2134 ἐπειδάν
1520 2077 1731 2152 ἐμπέσῃ
1788 2083 1868 2150 τῷ

210 2161 392 2236 ὕδατι,
450 2170 667 2241 πρῶτον
734 2167 830 2239 μὶν
895 2166 1038 2242 ἦχόν
1095 2189 1218 2223 τινα
1273 2169 1484 2240 ἄσημον
1543 2173 1660 2230 τοῖς
1719 2187 1868 2242 περι.

213 2253 472 2324 εστηκόσι
548 2254 685 2309 κατά
740 2257 841 2323 τὴν
912 2254 1196 2332 ὑποδοχὴν
1255 2255 1516 2330 ἐμποιεῖ,
1574 2255 1756 2312 ἔπειτα
1812 2253 1869 2311 δὲ

211 2341 555 2416 ἐπικείμενον
615 2348 696 2416 τῷ
745 2342 896 2400 ὕδατι
950 2343 1226 2418 άμυδρούς
1271 2367 1418 2408 τινας
1445 2345 1718 2423 φθόγγους
1768 2352 1869 2415 τῆς

208 2436 316 2488 τοῦ
349 2429 658 2505 μὲλΛοντος
689 2434 962 2512 ὑποψοφεῖ
989 2435 1378 2510 προγνώσεως.
1410 2437 1560 2492 Ἔστι
1610 2433 1666 2490 δὲ
1695 2439 1867 2505 πάντη

1972 571 2182 638 putant
2216 582 2376 621 mare
2405 567 2739 623 daemonum
2787 567 2886 638 qui
2935 568 2995 622 in
3037 584 3103 623 eo
3150 571 3290 622 sunt
3339 566 3626 622 malitiam

1973 655 2164 726 magis
2209 655 2613 724 subindicare;
2647 662 2787 712 tunc
2835 657 2992 712 enim
3046 657 3263 728 abripit
3313 655 3630 712 nonnullos

1975 744 2327 810 natantium,
2362 761 2475 799 non
2525 746 2681 816 quod
2723 762 2877 817 aqua
2927 746 3184 817 praadam
3217 746 3489 809 abducat,
3523 747 3625 800 sed

1973 835 2128 906 quod
2162 835 2456 889 daemones
2482 852 2692 905 aquam
2726 835 3045 891 incolentes
3080 852 3252 890 suam
3284 836 3631 907 impendant

1976 925 2286 980 malitiam.
2328 925 2833 988 Quemadmodum
2893 929 2982 980 est
3033 925 3312 981 divinatio
3369 941 3438 980 ex
3497 940 3628 979 aere

1974 1023 2031 1071 et
2062 1013 2238 1083 foliis,
2270 1013 2349 1070 ita
2381 1020 2439 1070 et
2469 1031 2536 1070 ex
2568 1014 2728 1084 'pelvi
2759 1014 3040 1070 divinatio
3073 1015 3386 1071 adhibetur
3414 1014 3485 1070 ab
3517 1016 3627 1069 As-

1975 1103 2149 1174 syriis
2196 1103 2451 1159 maxime
2511 1102 2800 1175 sapientia
2844 1104 3126 1176 egregiis;
3180 1103 3329 1176 pelvi
3379 1107 3630 1158 utuntur

1976 1193 2320 1263 subjacente
2351 1197 2410 1248 et
2441 1192 2782 1264 prophetica
2821 1209 2977 1264 aqua
3023 1192 3192 1263 plena
3218 1209 3346 1264 qua
3392 1192 3631 1264 propria

1977 1282 2167 1338 forma
2215 1283 2550 1336 damonum
2585 1283 2651 1337 ad
2703 1298 2843 1337 cava
2877 1281 3327 1354 propensionem
3358 1281 3626 1353 insignit.

1977 1371 2110 1435 Quae
2143 1371 2201 1426 in
2233 1387 2361 1426 eam
2397 1371 2728 1425 infunditur
2757 1387 2912 1441 aqua
2949 1370 3092 1426 nihil
3126 1372 3316 1440 quoad
3349 1369 3625 1425 substan-

1977 1460 2122 1514 tiam
2156 1460 2228 1515 ab
2261 1476 2416 1530 aqua
2437 1459 2690 1531 simplici
2718 1459 2942 1527 differt;
2975 1460 3076 1515 sed
3110 1460 3265 1530 quod
3293 1475 3469 1530 super
3499 1474 3627 1513 eam

1979 1548 2232 1602 efﬁcitur
2269 1548 2615 1620 mysterium
2661 1547 3211 1618 incantationesque
3241 1547 3395 1617 quod
3428 1562 3630 1600 neces-

1979 1636 2199 1691 sarium
2234 1641 2323 1691 est
2352 1643 2671 1708 Operantur
2700 1641 2765 1691 ut
2794 1637 3065 1693 divinans
3097 1636 3343 1708 spiritus
3375 1635 3631 1691 adduca-

1979 1729 2094 1779 tur.
2129 1723 2277 1779 Illud
2327 1732 2521 1780 autem
2556 1725 2910 1780 demonium
2943 1729 3031 1780 est
3058 1729 3334 1780 terrestre
3364 1729 3420 1780 et
3451 1722 3634 1796 parti-

1980 1812 2199 1869 culare.
2260 1813 2330 1868 Et
2385 1819 2698 1886 postquam
2757 1814 2816 1869 in
2877 1831 3092 1886 aquam
3151 1814 3377 1879 incidit,
3440 1812 3632 1885 primo

1981 1903 2218 1974 quidem
2253 1904 2569 1973 quamdam
2600 1904 2904 1959 confusam
2927 1920 3125 1958 vocem
3159 1903 3491 1959 astantibus
3523 1917 3631 1957 suo

1976 1993 2227 2047 adventu
2258 1991 2502 2060 emittit;
2537 1992 2747 2048 deinde
2776 2008 2909 2047 vero
2941 2008 3110 2064 aquae
3138 1991 3405 2047 insidens
3439 2006 3620 2060 quos-

1977 2081 2111 2136 dam
2145 2084 2352 2137 tenues
2401 2098 2575 2137 sonos
2605 2081 2938 2137 futurorum
2990 2080 3385 2153 prmdictionis
3415 2077 3626 2135 leniter

1977 2169 2204 2241 strepit.
2231 2171 2331 2225 Est
2353 2175 2548 2225 autem
2572 2170 2812 2226 omnino
2836 2186 3038 2225 errans
3069 2169 3164 2224 hic
3193 2169 3465 2240 spiritus,
3489 2167 3629 2238 quia

1979 2257 2204 2315 ordinis
2223 2257 2543 2313 materialis
2561 2264 2670 2326 est,
2691 2265 2746 2314 et
2769 2257 3036 2315 consulto
3059 2256 3202 2312 illud
3228 2273 3414 2329 genus
3431 2269 3629 2311 vocem

1979 2351 2216 2403 tenuem
2247 2352 2416 2402 curat
2444 2347 2826 2403 amittendam
2879 2352 2939 2402 ut
2988 2363 3088 2418 per
3117 2345 3273 2402 vocis
3303 2343 3629 2402 obscurita-

1981 2440 2097 2491 tem
2131 2435 2422 2490 mendacii
2454 2437 2673 2492 crimen
2709 2435 2968 2506 effugiat.

211 2520 427 2576 πλάνον
458 2522 521 2576 τὸ
548 2527 797 2578 τοιοῦτον
823 2527 1057 2598 πνεῦμα,
1089 2523 1171 2580 ὅτι
1201 2531 1300 2594 τῆς
1353 2522 1552 2594 ὑλικῆς
1592 2524 1702 2579 ἐστι
1749 2523 1973 2594 τάξεως,
2002 2523 2093 2578 καὶ
2142 2520 2451 2593 ἐξεπίτηδες
2499 2524 2560 2577 τὸ
2618 2519 2773 2598 γένος
2827 2527 2990 2577 τοῦτο
3042 2523 3134 2576 τὸν
3186 2518 3432 2595 ἀμυδρὸν
3484 2521 3633 2596 ἦχον

208 2608 654 2681 ἐπιτηδεύονται,
682 2609 773 2666 ’ἱνα
799 2610 886 2667 διὰ
909 2613 1009 2681 τὴν
1043 2613 1299 2692 ἀσάφειαν
1326 2621 1426 2683 τῆς
1459 2620 1644 2692 φωνῆς
1670 2613 1762 2668 τὸν
1793 2617 1890 2668 τοῦ
1914 2610 2147 2686 ψεύδους
2180 2608 2647 2682 ἀποδιδράσκωσιν
2680 2609 2933 2687 ἔλεγχον.

300 2701 361 2768 ζ’.
394 2699 522 2776 Περὶ
584 2699 642 2755 δί
689 2705 788 2756 τοῦ
843 2706 1144 2778 πρακτικοῦ
1201 2711 1303 2773 τῆς
1352 2702 1668 2780 άπορῥήτου
1735 2705 1880 2777 παρὰ

218 2786 535 2852 Χαλδαίοις
573 2793 850 2862 συνθήκης
895 2791 1087 2861 ἥντινα
1135 2790 1363 2866 δύναμιν
1411 2795 1531 2868 εἶχε
1575 2791 1735 2847 τοῦτό
1793 2813 1876 2846 σοι

213 2876 315 2932 ἐπὶ
400 2876 710 2956 κεφαλαίων
792 2879 1192 2954 ἐπιτεμοῦμεν.
1263 2885 1487 2956 Πρῶτον
1557 2881 1649 2954 μὲν
1724 2880 1880 2934 θυσία

215 2965 444 3028 τούτοις
519 2967 812 3042 ἀγνεύουσα
883 2969 1309 3042 παρεσκεύαστο,
1356 2969 1621 3045 άρώματά
1675 2989 1733 3024 τε
1789 2968 1877 3023 καὶ

219 3054 473 3131 βοτάναι,
519 3057 609 3110 καὶ
694 3055 867 3125 λίθοι,
923 3059 1121 3132 κρόκος
1187 3079 1245 3113 τε
1319 3059 1409 3113 καὶ
1486 3057 1718 3132 μυρσίνη
1786 3057 1876 3111 καὶ

2059 2705 2112 2760 7.
2145 2703 2327 2767 Quam
2374 2701 2489 2757 vim
2541 2706 2738 2757 autem
2800 2701 3074 2757 habuerit
3133 2704 3426 2757 secretum
3485 2700 3639 2771 apud

1989 2792 2289 2847 Chaldaeos
2338 2795 2598 2862 pactum,
2633 2807 2788 2845 nunc
2820 2790 2922 2846 tibi
2963 2790 3305 2847 summatim
3353 2789 3636 2860 redigam.
3679 2827 3740 2891 σς
3785 2813 3792 2824 κ

1990 2880 2186 2927 Primo
2236 2879 2472 2927 miidam
2525 2879 2777 2927 hostiam
2831 2895 3037 2927 miram
3087 2878 3468 2927 adhibebant.
3507 2893 3640 2927 aro-
3749 2837 3901 2927 ἰ’λλἿ

3721 2969 3898 3005 βιιειξιθ
3931 2995 3940 3000 ι
3969 2977 3978 2992 ⁸

1988 2880 2186 2934 Primo
2236 2879 2472 2950 quidem
2525 2879 2778 2935 hostiam
2831 2895 3038 2950 puram
3087 2878 3468 2943 adhibebant,
3507 2893 3640 2933 aro-

1990 2972 2146 3022 mata
2177 2972 2234 3022 et
2265 2967 2498 3038 plantas
2547 2974 2605 3023 et
2651 2967 2898 3038 lapides,
2931 2984 3164 3023 crocum
3225 2972 3283 3023 et
3339 2967 3641 3040 myrrham
3677 2979 3696 2986 ‘

1988 3062 2044 3114 et
2074 3057 2329 3122 laurum,
2365 3058 2609 3130 mystice
2654 3056 2982 3128 purificata.
3031 3058 3291 3129 Spatium
3343 3057 3642 3128 quoddam
3705 3071 3764 3130 3::

217 3141 431 3223 δάφνη,
488 3150 764 3215 μυστικῶς
818 3145 1336 3222 περικαθαιρόμενα,
1397 3146 1584 3221 Χῶρός
1639 3167 1698 3201 τι
1749 3144 1872 3200 τού-

1994 3146 2153 3202 circa
2182 3164 2249 3202 ea
2280 3145 2543 3218 plantata
2591 3151 2650 3202 et
2691 3148 2901 3202 obruta
2931 3147 3392 3202 describebatur.
3428 3146 3645 3201 Deinde

212 3243 343 3293 τοις
402 3232 800 3307 περιεγράφετο
858 3234 1242 3310 φυτευομένοις
1297 3232 1388 3288 καὶ
1440 3231 1879 3308 βοθρευομένοις.

211 3323 452 3398 Ἐφὀἶς
493 3321 521 3375 6
568 3323 669 3390 τὴν
729 3323 996 3393 συνθήκην
1052 3323 1403 3396 ποιούμενος,
1441 3319 1615 3382 δεινός
1670 3341 1754 3382 τις
1811 3316 1884 3374 ὢν

213 3411 368 3482 ἀνὴρ
420 3409 488 3462 τά
545 3411 800 3485 γοητικά,
847 3410 938 3465 καὶ
1001 3410 1274 3484 ὀνομάσας
1324 3411 1386 3465 τὸ
1445 3414 1674 3486 πρᾶγμά
1713 3408 1794 3487 ἐφ’
1841 3408 1886 3481 ᾧ

214 3499 327 3568 τήν
387 3498 573 3553 θυσίαν
631 3499 950 3570 πεποίηται,
986 3499 1264 3576 ὑστεραίας
1321 3497 1473 3563 αὖθις
1529 3499 1604 3559 εἷς
1660 3499 1750 3554 τὸν
1786 3504 1886 3566 τῆς

213 3586 458 3657 τελετῆς
515 3587 831 3662 παρεγίνετο
879 3589 1072 3645 τόπον.
1106 3588 1203 3643 Καὶ
1263 3588 1620 3663 άναχωννύων
1679 3589 1773 3642 τάς
1831 3607 1888 3641 τε

217 3682 342 3732 τῶν
378 3679 560 3747 φυτῶν
617 3676 797 3751 βάσεις
848 3678 936 3732 καὶ
997 3677 1092 3739 τὰς
1148 3677 1561 3755 άφαγνισθείσας
1612 3674 1765 3744 ὕλας,
1797 3673 1887 3729 καὶ

214 3769 293 3840 τῇ
363 3763 495 3835 λαιᾷ
543 3769 711 3820 ταῦτα
762 3760 1162 3839 ἀναλαμϐάνων
1249 3767 1420 3842 χειρὶ,
1475 3765 1643 3842 ἀθρόα
1717 3763 1890 3819 πάντα

215 3855 317 3910 καὶ
376 3853 716 3924 ἐξαπιναίως,
746 3853 1004 3928 δυνάμεις
1052 3855 1200 3919 τινάς
1245 3853 1558 3911 ἀνεκαλεῖτο
1605 3855 1886 3930 κρυφίους.

213 3945 292 4002 Αἱ
331 3941 393 3999 δὲ
423 3944 562 4013 ἦσαν
597 3945 625 3999 6
654 3951 754 4014 τῆς
789 3943 1088 4022 ληφθείσης
1118 3945 1299 4006 θυσίας
1330 3942 1680 4020 καθηγεμὼν,
1703 3943 1754 3997 οἱ
1782 3947 1892 3997 τῶν

219 4032 385 4089 ὑλῶν
414 4034 622 4108 κύριοι,
657 4035 685 4087 6
714 4040 814 4103 τῆς
844 4032 1054 4109 ἡμέρας
1083 4035 1418 4108 προστάτης,
1450 4033 1478 4087 6
1509 4033 1888 4109 χρονοάρχης,

219 4124 252 4178 6
286 4124 613 4198 τετράρχης
645 4119 875 4195 δαίμων.

295 4213 498 4288 Ἀρκεῖ
536 4215 705 4267 ταῦτα
749 4211 839 4266 καὶ
896 4210 1118 4287 γλώττῃ
1175 4209 1549 4287 κικαθαρμίνῃ
1600 4210 1689 4266 καὶ
1746 4210 1887 4286 ἀκοῇ

207 4301 503 4382 σώφρονι.

1991 3234 2090 3306 qui
2122 3239 2358 3306 pactum
2393 3235 2660 3300 faciebat,
2697 3223 2920 3308 peritus
2952 3235 3190 3308 quidam
3223 3233 3647 3290 incantamenti

1995 3323 2192 3394 homo,
2229 3329 2541 3395 postquam
2591 3325 2991 3380 nominaveral
3025 3341 3144 3380 rem
3182 3329 3417 3396 propter
3469 3323 3647 3394 quam

1997 3412 2251 3467 hostiam
2304 3413 2603 3478 offerebat,
2639 3414 2920 3484 postridie
2950 3412 3007 3468 in
3042 3413 3306 3485 mysterii
3349 3412 3474 3468 loco
3507 3413 3650 3467 ade-

1997 3505 2106 3555 rat.
2135 3504 2200 3554 Et
2229 3517 2582 3572 exaggerans
2612 3502 2947 3573 plantarum
2977 3503 3148 3557 bases
3169 3506 3225 3556 et
3247 3505 3648 3556 consecratam

1999 3589 2326 3655 materiam,
2361 3589 2716 3659 sinistraque
2751 3607 2929 3644 manu
2971 3606 3070 3645 eas
3102 3589 3419 3660 accipiens,
3444 3605 3649 3644 omnes

1998 3677 2308 3733 confestim
2351 3683 2409 3732 et
2453 3678 2673 3743 subito,
2725 3679 3018 3749 potentias
3043 3677 3335 3748 quasdam
3387 3676 3648 3732 occultas

1998 3767 2327 3822 invocabat.
2390 3765 2505 3822 Illae
2570 3771 2762 3822 autem
2841 3766 3108 3838 potentiae
3173 3770 3341 3820 erant
3395 3765 3643 3820 victimae

1999 3857 2149 3922 dum,
2173 3856 2426 3912 materiae
2453 3855 2698 3925 domini,
2722 3857 3004 3928 temporis
3035 3855 3329 3927 princeps,
3352 3851 3645 3911 tetrarcha

1998 3947 2246 4002 damon.

2073 4215 2205 4271 Haec
2258 4214 2477 4288 lingua:
2533 4217 2834 4274 mundata:
2880 4221 2937 4274 et
2983 4215 3110 4274 auri
3171 4213 3424 4288 sapienti
3482 4213 3650 4270 sufﬁ-

2003 4305 2186 4362 ciunt.

3705 3121 3766 3132 ,τη-ς.
