4080 6350
441 359 563 421 883
1781 360 2207 422 MICHAELIS
2253 360 2522 421 PSELLI
3746 353 3884 413 884

1710 653 2597 819 PSELLUS

1217 1072 1951 1204 LAPIDUM
2080 1069 3080 1207 VIBTUTIBUS

821 1310 983 1371 CUM
1030 1306 1258 1369 NOTlS
1305 1307 1511 1367 PHIL.
1557 1307 1719 1368 ,1Αο.
1769 1305 2157 1367 MAUSSACI
2205 1307 2305 1368 ET
2346 1307 2566 1369 JOAN.
2612 1307 3000 1368 STEPHANI
3044 1302 3473 1366 BERNARDI.

1124 1475 1421 1548 (Lugduni
1454 1476 1826 1547 Batavorum,
1860 1475 2013 1547 apud
2046 1474 2379 1548 Philippum
2414 1476 2593 1532 Bonk.
2628 1473 2984 1543 MDGCXLV,
3016 1473 3191 1547 in-8.)

749 1774 895 1835 Viro
924 1774 1311 1835 nobilissimo
1342 1793 1415 1835 ac
1443 1774 1867 1836 eruditissimo
1897 1773 2174 1834 Arthuro
2204 1774 2504 1833 Freeman
2539 1770 2598 1831 S.
2634 1773 2705 1831 D.
2736 1772 2805 1831 P.
2838 1771 2897 1832 J.
2929 1770 3146 1850 Steph.
3180 1769 3554 1831 Bernartius.

522 1908 594 1963 Ut
624 1912 681 1964 te
710 1907 922 1978 eligere
972 1925 1086 1964 non
1140 1908 1551 1976 dubitaverim,
1582 1909 1671 1963 vir
1721 1907 2107 1978 nobilissime,
2142 1908 2314 1978 cujus
2363 1905 2586 1963 nomini
2636 1904 2850 1960 librum
2903 1904 3059 1960 hunc
3108 1903 3514 1972 inscriberent,
3549 1901 3707 1967 facit,
3740 1906 3882 1956 tum

453 1996 771 2069 singularis
803 2004 941 2053 tuus
974 2015 1113 2069 erga
1161 2015 1252 2053 me
1301 2015 1486 2061 amor,
1520 2014 1634 2069 quo
1667 2015 1760 2053 me
1804 2014 2037 2068 semper
2066 2014 2129 2052 es
2159 2000 2530 2068 prosecutus,
2561 2001 2619 2051 et
2659 1994 2890 2050 stabilis
2938 2011 3005 2049 ac
3055 1994 3245 2059 ﬁrma,
3278 2010 3407 2065 qua:
3458 1994 3611 2047 inter
3639 2008 3747 2047 nos
3781 1991 3883 2045 in-

454 2087 726 2143 tercessit
757 2088 1159 2153 familiaritas;
1194 2092 1320 2141 tum
1368 2088 1543 2141 etiam
1578 2086 1763 2141 mirus
1795 2091 1933 2141 tuus
1978 2104 2043 2141 ac
2092 2103 2259 2141 rarus
2310 2086 2545 2141 omnino
2575 2084 2633 2139 in
2669 2083 2890 2138 litteras
2932 2082 3226 2154 politiores
3274 2082 3550 2154 impetus,
3585 2085 3647 2135 ut
3697 2080 3889 2135 hocce

454 2192 593 2232 mets
629 2177 688 2230 in
720 2182 777 2231 te
806 2176 1189 2232 observantiae
1221 2176 1629 2231 testimonium
1680 2175 1787 2230 tibi
1838 2176 1991 2231 haud
2042 2175 2344 2246 ingratum
2378 2175 2516 2239 fore,
2554 2190 2667 2227 non
2698 2189 2843 2227 vane
2892 2171 3187 2244 colligam.
3223 2171 3597 2226 Inhumanus
3627 2185 3888 2241 prorsus

453 2264 682 2320 viderer
710 2265 759 2319 si
792 2265 970 2320 ullam
1007 2281 1268 2336 unquam
1324 2265 1686 2320 occasionem
1724 2265 2055 2336 praterlabi
2090 2264 2367 2329 sinerem,
2403 2279 2520 2334 qua
2565 2261 2670 2316 tibi
2719 2267 2953 2333 gratum
2987 2261 3254 2315 animum
3290 2259 3584 2315 declarare
3615 2273 3886 2328 possem,

451 2353 750 2425 imprimis
781 2370 912 2408 cum
948 2354 1235 2425 opusculo
1266 2354 1403 2409 huic
1437 2355 1592 2409 tenui
1628 2371 1693 2409 ac
1729 2354 2009 2409 levidensi
2040 2371 2157 2410 non
2206 2369 2413 2425 parum
2465 2351 2799 2423 splendoris
2832 2367 2901 2405 ex
2929 2350 3166 2406 dotibus
3214 2348 3335 2405 tuis
3381 2348 3630 2421 egregiis
3676 2348 3889 2402 conci-

451 2441 648 2497 lietur.
675 2442 857 2498 Hilari
891 2442 1131 2508 idcirco,
1156 2460 1375 2515 quaeso,
1403 2444 1589 2498 fronte
1623 2442 1878 2499 Psellum
1911 2443 2068 2499 hunc
2098 2443 2317 2514 excipe,
2340 2441 2495 2511 quod
2530 2440 2672 2495 mihi
2698 2440 2950 2512 quodam
2975 2441 3148 2495 modo
3171 2438 3427 2493 dolorem
3459 2437 3637 2492 istum
3670 2435 3889 2505 leniet,

454 2548 628 2603 quem
662 2533 1042 2602 persentisco,
1080 2532 1177 2587 ubi
1212 2533 1368 2586 brevi
1410 2548 1501 2587 me
1532 2532 1647 2587 ista
1676 2532 1973 2603 voluptate
2004 2532 2295 2603 privatum
2340 2530 2408 2584 iri
2452 2531 2744 2599 recordor,
2778 2545 2957 2602 quam
2987 2544 3056 2582 ex
3084 2526 3447 2582 doctissimis
3475 2526 3593 2581 tuis
3624 2541 3689 2580 ac
3722 2524 3894 2579 mira

454 2620 743 2676 suavitate
772 2622 1024 2677 conditis
1052 2621 1648 2676 sermocinationibus
1674 2622 1950 2693 percipio.
1977 2623 2363 2692 Summopere
2384 2635 2518 2674 vero
2548 2624 2604 2674 te
2635 2634 2790 2690 rogo,
2816 2623 2881 2673 ut
2910 2618 3181 2673 eumdem
3213 2631 3497 2682 amorem,
3520 2630 3693 2686 quem
3730 2613 3894 2667 mihi

456 2710 730 2782 presenti
764 2714 1013 2766 testatus
1046 2726 1130 2779 es,
1162 2711 1337 2766 etiam
1382 2712 1607 2767 absenti
1640 2728 1869 2767 servare
1898 2710 2076 2780 velis;
2112 2727 2216 2782 ego
2248 2726 2381 2766 vero
2427 2725 2539 2763 non
2587 2709 2793 2780 patiar,
2828 2713 2892 2762 ut
2923 2707 3246 2779 quidquam
3280 2706 3351 2759 de
3380 2704 3641 2760 amicitia
3672 2708 3897 2757 nostra

453 2799 840 2853 imminutum
872 2815 1002 2855 esse
1033 2799 1319 2853 videatur.
1352 2797 1506 2854 Vale.

523 2886 861 2943 Scribebam
895 2887 1163 2958 Lugduni
1197 2891 1395 2942 Batav.
1430 2887 1618 2958 pridie
1650 2886 1893 2943 Kalend.
1926 2888 2088 2944 Junii
2121 2888 2476 2945 MDCCXLV.

734 3148 883 3209 Viro
914 3147 1259 3209 clarissimo
1292 3147 1571 3230 Gilberto
1601 3148 1932 3209 Gaulmine
1965 3150 2259 3229 quaestori
2300 3149 2625 3210 Molinensi
2669 3147 2826 3209 Phil.
2861 3149 2991 3209 Jac.
3026 3145 3383 3207 Maussacus
3415 3144 3482 3205 S.
3516 3146 3589 3204 ι).

525 3280 607 3335 En
658 3279 785 3346 tibi,
819 3280 1130 3335 Gaulmine
1178 3281 1265 3334 vir
1315 3280 1821 3351 praestantissime.
1859 3280 2110 3337 Psellum
2161 3286 2356 3349 tuum,
2389 3300 2560 3354 quem
2613 3297 2800 3352 nuper
2850 3279 3073 3335 nomini
3120 3284 3244 3343 tuo,
3277 3278 3416 3333 dum
3468 3294 3586 3333 una
3630 3276 3899 3332 Lutetiae

454 3385 826 3424 versaremur
855 3367 1171 3423 dicandum
1221 3369 1671 3424 destinaveram.
1711 3370 1856 3425 Tum
1915 3370 2083 3426 illum
2118 3372 2247 3427 dico
2279 3389 2391 3427 non
2445 3377 2560 3426 tam
2613 3373 2768 3442 quod
2827 3370 2933 3425 tibi
2983 3386 3050 3425 ex
3101 3368 3519 3441 pollicitatione
3570 3366 3893 3439 debeatur,

456 3473 635 3528 quam
684 3457 823 3528 quia
872 3474 1043 3512 nemo
1096 3456 1308 3514 melius
1369 3463 1424 3513 te
1484 3458 1830 3530 dignitatem
1863 3461 1991 3530 ejus
2023 3465 2080 3514 et
2109 3460 2510 3517 excellentiam
2572 3460 2753 3527 novit,
2787 3461 2965 3531 quod,
2998 3461 3108 3514 etsi
3166 3458 3406 3513 laudum
3468 3455 3895 3525 virtutumque

454 3550 691 3601 tuarum
727 3552 1045 3619 perpetuus
1095 3564 1279 3618 praeco
1315 3564 1427 3602 non
1480 3565 1695 3615 essem,
1728 3549 2044 3620 probarent
2095 3555 2289 3604 tamen
2325 3552 2471 3606 satis
2502 3550 2705 3605 breves
2737 3548 2847 3604 illae
2878 3548 3237 3619 eruditaeque
3269 3552 3441 3609 notae,
3474 3561 3621 3617 quas
3670 3544 3897 3614 paucis

456 3636 663 3690 diebus
695 3641 752 3690 et
783 3652 987 3690 omnes
1020 3638 1190 3691 amici
1233 3636 1317 3691 tui
1371 3637 1562 3692 sciunt
1610 3638 1872 3692 eii‘utiisti
1924 3638 2118 3709 potius
2152 3655 2329 3710 quam
2387 3640 2705 3694 meditatus
2739 3655 2801 3693 es
2833 3638 2891 3692 in
2923 3636 3414 3692 obscurissimum
3444 3634 3706 3705 ejusdem
3736 3649 3903 3688 auc-

455 3726 601 3780 toris
631 3726 701 3780 de
732 3726 1065 3781 daemonum
1101 3726 1436 3798 operatione
1487 3725 1769 3782 libellum.
1802 3728 2032 3782 Poterat
2063 3728 2220 3783 hunc
2255 3728 2489 3800 quidem
2541 3727 2803 3783 amicitia
2833 3731 3034 3782 nostra
3064 3743 3179 3780 non
3211 3724 3544 3799 πρόσκαιρος
3586 3723 3720 3792 jure
3770 3722 3903 3776 sibi

454 3812 752 3868 vindicare
804 3829 815 3867 :
870 3813 968 3868 sed
1030 3814 1281 3869 eruditio
1331 3819 1433 3868 tua
1482 3832 1595 3869 non
1637 3814 1923 3887 vulgaris,
1954 3820 2011 3869 et
2056 3815 2361 3887 ingenium
2411 3826 2571 3871 extra
2624 3816 2887 3871 omnium
2938 3814 3309 3886 ingeniorum
3369 3813 3558 3867 aleam
3619 3808 3901 3880 positum

458 3907 803 3973 extorquere
840 3901 1022 3957 valuit
1072 3902 1143 3957 ab
1194 3903 1399 3958 invito.
1435 3904 1536 3957 Est
1584 3903 1678 3958 hic
1729 3909 1953 3971 auctor,
1988 3910 2051 3959 ut
2106 3922 2221 3961 non
2273 3910 2326 3961 te
2374 3905 2540 3973 latet;
2606 3905 2937 3960 Platonicus
2996 3904 3268 3975 insignis,
3301 3906 3357 3956 et
3386 3903 3484 3973 qui
3517 3916 3583 3956 ex
3619 3898 3909 3971 professo

458 4007 575 4045 non
626 3997 857 4045 tantum
910 3990 1211 4047 Platonem
1263 3992 1527 4047 imitatur
1556 3992 1906 4063 eloquendo,
1937 3995 2038 4048 sed
2090 3993 2580 4066 philosophando.
2617 3994 2812 4048 Latuit
2868 4002 3062 4049 autem
3122 3991 3410 4047 hactenus
3459 3992 3569 4045 iste
3616 3987 3769 4042 liber
3826 3988 3914 4042 de

458 4079 723 4150 lapidum
772 4080 1108 4149 virtutibus,
1138 4081 1262 4151 qui,
1316 4098 1387 4137 ne
1438 4083 1576 4153 quid
1638 4079 2057 4138 assentationis
2117 4084 2303 4154 gratia
2350 4084 2548 4138 videar
2594 4083 2835 4145 dixisse,
2867 4081 3396 4139 excellentissimus
3454 4083 3565 4143 est,
3619 4082 3673 4132 et
3728 4075 3913 4133 inter

459 4168 786 4240 praecipuos
835 4169 964 4239 ejus
1013 4169 1242 4225 labores
1296 4186 1362 4225 ac
1410 4171 1562 4224 fetus
1614 4176 1869 4226 meretur
1918 4172 2281 4242 praecipuum
2332 4171 2589 4227 nancisci
2637 4171 2849 4227 locum.
2887 4172 3032 4226 Eum
3084 4170 3198 4225 mei
3248 4168 3437 4241 gratia
3483 4166 3731 4223 Jacobus
3767 4166 3907 4220 Sir-

459 4256 723 4310 mundus
754 4273 783 4311 e
814 4257 1091 4311 societate
1139 4257 1301 4325 Jesu,
1334 4258 1419 4311 vir
1453 4258 1594 4311 mihi
1644 4258 2066 4327 amicissimus,
2101 4264 2156 4315 et
2187 4260 2280 4314 his
2311 4260 2543 4324 litteris,
2576 4276 2704 4330 quas
2759 4277 2864 4315 nos
2915 4259 3206 4314 humanos
3256 4258 3498 4321 faciunt,
3532 4272 3647 4311 non
3678 4254 3911 4311 leviter

458 4343 701 4409 tinctus,
732 4362 761 4399 e
792 4344 971 4399 veteri
1006 4345 1264 4416 quodam
1306 4346 1503 4400 codice
1550 4346 1884 4417 descripsit,
1915 4351 1973 4401 et
2001 4349 2365 4421 descriptum
2418 4348 2736 4404 liberaliter
2761 4346 3237 4412 communicavit,
3270 4346 3371 4401 sed
3425 4346 3568 4401 adeo
3618 4344 3911 4399 scatebat

463 4432 693 4487 mendis
725 4432 822 4487 ille
870 4434 1069 4502 codex,
1104 4438 1169 4488 ut
1198 4434 1327 4504 ipsa
1358 4434 1613 4489 soricina
1663 4435 1850 4490 naenia
1883 4441 2041 4491 esset
2072 4438 2398 4493 confossior
2431 4456 2443 4493 :
2478 4438 2660 4491 tantis
2691 4438 2844 4492 enim
2878 4436 3162 4507 repletum
3216 4434 3323 4489 hoc
3355 4432 3648 4504 exemplar
3676 4434 3905 4487 confu-

464 4520 732 4576 sionibus
796 4522 1010 4589 inveni,
1046 4528 1111 4577 ut
1140 4523 1409 4594 quamvis
1438 4524 1508 4577 de
1542 4523 1836 4594 lapidibus
1869 4524 2041 4597 longe
2071 4526 2222 4581 inter
2272 4543 2333 4581 se
2382 4527 2633 4581 diversis
2693 4532 2828 4597 agat
2883 4530 3104 4593 auctor,
3138 4530 3335 4581 tamen
3368 4524 3508 4596 quia
3563 4522 3907 4592 aliquando

464 4627 593 4681 quis
625 4610 736 4665 sibi
768 4612 1062 4666 contraria
1093 4616 1262 4667 erant
1291 4611 1349 4666 in
1386 4629 1565 4666 unum
1602 4612 1958 4683 coaluerant,
1992 4614 2165 4669 nullae
2206 4614 2375 4686 plane
2407 4616 2842 4670 contrarietatis
2892 4621 3035 4670 notze
3086 4619 3455 4687 apparerent.
3485 4612 3765 4682 Magnum
3807 4618 3911 4666 est

462 4699 671 4769 fateor,
699 4700 771 4754 ab
803 4701 1100 4755 erroribus
1129 4700 1226 4771 qui
1258 4705 1516 4756 veterum
1575 4701 1752 4755 libros
1784 4703 2075 4771 obsident,
2110 4720 2209 4759 eos
2242 4722 2492 4777 purgare
2522 4710 2578 4759 ct
2609 4705 2881 4771 liberare,
2918 4704 3016 4759 sed
3052 4704 3425 4760 confusiones
3469 4701 3683 4773 quibus
3710 4715 3910 4755 mens

464 4789 723 4844 auctoris
754 4790 1124 4857 obscuratur,
1158 4789 1300 4844 ordo
1330 4794 1389 4845 et
1420 4790 1602 4845 series
1647 4792 1833 4861 aperis
1870 4792 2165 4862 turbatur,
2200 4793 2533 4864 similiaque
2584 4799 2848 4847 monstra
2896 4793 3155 4861 domare,
3192 4793 3384 4862 majus
3416 4789 3560 4844 illud
3590 4802 3738 4857 opus
3775 4796 3907 4843 est.

465 4879 628 4943 Quod
661 4882 722 4932 tu
759 4878 936 4949 probe
968 4877 1145 4945 nosti,
1180 4879 1258 4933 mi
1308 4879 1642 4946 Gaulmine,
1673 4879 1774 4951 qui
1829 4882 1886 4935 in
1938 4880 2071 4935 istis
2122 4882 2263 4937 adeo
2315 4899 2377 4937 es
2422 4875 2907 4955 τριϐωνευόμενος,
2943 4886 3007 4935 ut
3035 4899 3065 4937 e
3100 4879 3472 4953 paucissimis
3520 4877 3619 4949 qui
3665 4876 3721 4930 in
3780 4876 3910 4933 hoc

464 4966 629 5022 senio
676 4966 1009 5023 litterarum
1064 4967 1215 5023 idem
1268 4968 1488 5023 dolium
1538 4974 1792 5035 versant,
1827 4986 1941 5024 non
1973 4987 2175 5026 verear
2204 4976 2259 5026 te
2292 4972 2614 5042 principem
2663 4972 3040 5040 constituere,
3071 4971 3206 5026 licet
3254 4987 3383 5025 eam
3430 4973 3656 5024 aetatem
3686 4967 3911 5021 adhuc

462 5071 579 5110 non
614 5056 901 5128 attigeris,
936 5073 1054 5128 qua
1104 5058 1356 5127 majores
1388 5058 1660 5113 dicimur.
1697 5058 1885 5113 Tanto
1931 5059 2085 5113 enim
2123 5060 2337 5129 ingenii
2373 5061 2639 5115 acumine
2670 5059 2877 5131 polles,
2902 5064 2967 5114 ut
3004 5076 3132 5131 qua:
3162 5059 3258 5114 alii
3294 5063 3667 5114 assecuturos
3696 5070 3767 5108 se
3801 5057 3913 5111 vix

462 5146 684 5200 audent
730 5146 841 5200 sibi
905 5144 1166 5217 polliceri
1220 5145 1541 5201 multorum
1592 5164 1880 5202 annorum
1914 5148 2227 5215 curriculo,
2260 5154 2315 5203 te
2362 5150 2706 5205 brevissimo
2767 5150 2979 5220 spatio,
3029 5148 3160 5221 ipso
3217 5147 3498 5219 temporis
3563 5149 3790 5215 puncto
3845 5152 3912 5201 et

463 5238 763 5288 momento
794 5250 861 5289 ca
892 5251 1005 5290 non
1048 5234 1238 5289 solum
1279 5236 1559 5307 attingas,
1595 5237 1695 5291 sed
1730 5242 1785 5291 et
1814 5236 1987 5309 longe
2019 5238 2243 5309 majora
2272 5244 2329 5294 et
2359 5238 2706 5295 difficiliora.
2742 5237 2959 5293 Omnes
3007 5238 3181 5293 hodie
3227 5240 3329 5308 qui
3376 5235 3588 5291 litteris
3621 5248 3913 5303 operam.

459 5324 528 5374 ut
556 5321 745 5389 decet,
778 5328 1024 5393 navant,
1058 5327 1115 5377 et
1149 5324 1579 5378 humanitatem
1614 5340 1791 5396 quam
1829 5326 1998 5396 pauci
2031 5332 2315 5383 noverunt
2344 5326 2567 5393 colunt,
2601 5326 2686 5381 vel
2718 5327 2789 5381 ad
2824 5325 3083 5397 plurium
3116 5326 3452 5398 linguarum
3486 5321 3909 5394 cognitionem

458 5412 761 5483 pervenire
811 5414 1093 5479 gestiunt,
1127 5419 1192 5467 ut
1222 5430 1395 5468 omne
1445 5431 1632 5486 genus
1681 5422 1983 5471 auctorum
2020 5417 2182 5473 bona;
2234 5424 2382 5472 notze
2432 5418 2719 5473 familiare
2769 5417 2881 5473 sibi
2933 5418 3175 5471 reddere
3220 5420 3459 5488 queant,
3492 5424 3545 5470 et
3578 5413 3912 5469 historiam

460 5500 533 5555 ab
574 5517 698 5570 ovo,
734 5506 799 5556 ut
855 5502 1091 5568 dicitur,
1124 5519 1314 5573 usque
1372 5505 1443 5559 ad
1505 5505 1681 5574 mala,
1714 5506 1813 5575 qui
1876 5505 2119 5562 ultimus
2168 5508 2419 5562 studiosi
2469 5512 2526 5561 et
2575 5506 2861 5577 sapientis
2918 5505 3179 5561 hominis
3235 5522 3450 5577 scOpus
3508 5519 3637 5559 esse
3695 5502 3913 5565 debet.

461 5591 890 5660 perfectissime
938 5598 1155 5659 tenere,
1188 5592 1276 5647 vel
1329 5594 1608 5649 scientias
1657 5601 2093 5661 consectantur,
2140 5596 2569 5667 philosophiam
2621 5596 2773 5665 dico,
2807 5594 3186 5667 theologiam,
3218 5595 3593 5661 medicinam,
3627 5591 3712 5646 vel
3768 5608 3908 5647 ma-

461 5676 814 5735 thematicas
844 5680 1211 5752 disciplinas,
1247 5687 1349 5737 aut
1388 5683 1548 5753 juris
1597 5686 1800 5739 artem.
1834 5684 2049 5740 Eorum
2084 5684 2187 5757 qui
2232 5684 2292 5741 in
2326 5686 2708 5742 scientiarum
2741 5683 3071 5756 cognitione
3119 5684 3512 5741 immorantur
3541 5684 3695 5738 bona
3727 5698 3903 5753 pars,
