4088 6350
267 437 382 499 901

268 567 695 580 —-—————

268 585 694 596 ...υ-α’...-

1163 435 1266 496 DE
1313 435 1711 497 GREGORIO
1755 435 2201 508 'I‘HEOLOGO,
2246 434 2576 510 BASILIO,
2623 436 2796 498 ETG.

3563 445 3680 506 902

1606 727 1856 824 ΤΟΥ
1941 727 2361 825 ΑΥΤΟΥ

1193 948 1659 1006 ΧΑΡΑΚΤΗΡΕΣ
1736 947 2114 1004 ΓΡΗΓΟΥΙΟΥ
2183 948 2314 1004 ΤΟΥ
2389 949 2752 1006 ΘΕΟΔΟΓΟΥ

1512 1065 1644 1119 'ror
1692 1062 2022 1119 ΜΕΓΑΛΟΥ
2061 1062 2460 1134 ΒΑΣΙΛΕΙΟΥ,

1095 1182 1232 1239 ΤΟΥ
1270 1181 1796 1250 ΧΡΥΣΟΣΤΟΜΟΥ,
1837 1185 1954 1236 ΚΑΙ
1983 1181 2358 1238 ΓΡΗΓΟΡΙΟΥ
2395 1183 2528 1238 ΤΟΥ
2565 1187 2865 1242 ΝΥΣΣΗΣ.

1701 1539 2268 1636 EJUSDEM

1258 1750 1352 1810 Cll
1365 1753 1408 1811 A
1423 1749 1829 1812 RAC'I‘ERES
1874 1749 2250 1812 GHEGOBII
2295 1750 2397 1810 ΤΗ
2412 1750 2716 1825 EOLOGI,

1681 1874 1966 1936 BASILII
2017 1873 2298 1946 MAGNI,

978 2002 1043 2062 S.
1089 2000 1423 2063 JOANNIS
1467 1998 2026 2063 CHRYSOSTOMI
2073 1999 2172 2059 ET
2218 1997 2598 2060 GREGORII
2643 1999 2999 2061 NYSSENI.

358 2351 425 2406 α’.
487 2350 824 2424 ’Πρώτησας,
894 2346 1201 2423 λογιώτατε
1256 2343 1478 2423 ἀδελφὲ,
1528 2345 1669 2407 τίνες
1727 2364 1787 2400 τε
1842 2344 1992 2417 καὶ]

2123 2346 2172 2400 1.
2208 2344 2624 2418 Interrogastis
2655 2361 2768 2413 me,
2804 2362 2836 2402 ο
2866 2346 3209 2405 doctissime
3239 2349 3434 2422 frater,
3458 2353 3700 2423 quinam

289 2434 454 2491 πόσοὶ
511 2439 610 2502 τῆς
665 2433 784 2497 καθ’
815 2433 963 2505 ἡμᾶς
1011 2432 1341 2513 φλιοσοφίας
1397 2431 1532 2508 πρὸς
1583 2434 1684 2502 τὴν
1732 2432 1936 2508 τέχνην

287 2524 418 2586 τοὺς
449 2522 685 2586 οἰκείους
733 2521 933 2598 λόγους
981 2521 1257 2594 ἆπέξεσαν,
1295 2521 1386 2577 καὶ
1436 2521 1486 2576 εἴ
1515 2519 1942 2596 ἀξιολογώτατοι

291 2614 398 2671 εἶσι
449 2619 568 2676 τοῖς
603 2614 728 2690 περὶ
778 2612 976 2670 Λυσίαν
1029 2612 1120 2666 καὶ
1173 2609 1516 2685 δημοσθὲνην
1571 2608 1944 2684 διαμιλληθῆ-

287 2727 376 2762 ναι
411 2711 533 2768 ταῖς
559 2726 617 2761 τε
665 2708 1069 2782 πραγματικαῖς
1116 2707 1473 2765 κατασκευαῖς
1518 2700 1607 2756 καὶ
1651 2705 1770 2763 ταῖς
1819 2701 1942 2770 ἠθι-

284 2801 411 2860 καῖς
451 2795 774 2864 πιθανότησι
831 2795 923 2849 καὶ
969 2796 1040 2866 τῇ
1090 2796 1199 2848 τῶν
1259 2791 1541 2865 ὀνομάτων
1602 2788 1809 2864 ὶκλογῇ
1851 2789 1942 2844 καὶ

289 2885 557 2960 συνθήκῃ,
617 2878 696 2940 ἔτι
755 2884 863 2958 μὴν
925 2887 1043 2944 τοῖς
1101 2880 1368 2942 ἐπιθέτοις
1412 2878 1643 2953 κόσμοις
1687 2879 1774 2932 καὶ
1824 2881 1943 2940 τοῖς

290 2979 600 3050 θεατρικοῖς
624 2975 896 3050 σχήμασι.

369 3083 439 3158 β’.
470 3082 622 3155 Φημὶ
655 3084 785 3158 γοῦν
831 3079 969 3156 πρὸς
1020 3079 1049 3133 ὃ
1097 3076 1338 3151 πυνθάνῃ
1375 3073 1827 3151 ἀποκρινόμενος,
1859 3071 1943 3128 ὅτι

289 3168 468 3233 πολὺς
508 3171 603 3244 μὶν
649 3170 741 3224 καὶ
789 3170 818 3224 ὁ
879 3168 1148 3242 ἡμέτερος
1191 3163 1399 3228 κύκλος
1454 3162 1647 3218 ὁπόσοι
1700 3164 1798 3233 τὴν
1854 3161 1942 3218 εύ-

290 3260 566 3336 γλωττίαν
627 3256 910 3330 ἐζήλωσαν
946 3275 958 3290 ⁸
1025 3257 1283 3329 τέσσαρας
1353 3251 1411 3308 δὶ
1466 3257 1562 3308 τοῦ
1629 3250 1941 3326 σύμπαντος

292 3353 472 3425 χοροῦ
494 3348 688 3422 τίθημι
737 3343 1104 3422 κορυφαίους
1155 3344 1255 3412 τὴν
1317 3340 1595 3417 σάλπιγγα
1619 3347 1719 3411 τῆς
1752 3339 1942 3405 θεολο-
2001 3353 2006 3359 ’

292 3437 417 3512 γίας
480 3436 801 3512 Γρηγόριον,
849 3434 939 3490 καὶ
995 3434 1087 3489 τὸν
1144 3433 1357 3506 ἑταῖρον
1417 3430 1506 3485 καὶ
1569 3429 1739 3505 μέγαν
1786 3431 1943 3486 Βασί-

293 3525 472 3598 λειον,
506 3527 593 3582 καὶ
625 3527 716 3581 τὸν
750 3524 811 3580 ἐκ
854 3528 964 3578 τῶν
1015 3523 1196 3578 αὐτῶν
1247 3521 1568 3598 σπερμάτων
1602 3519 1747 3591 αὐτῷ
1777 3519 1947 3597 φύντα

294 3615 625 3691 Γρηγόριον,
685 3614 775 3670 καὶ
829 3615 930 3683 τὴν
985 3615 1196 3688 χρυσῆν
1253 3608 1422 3686 λύραν
1465 3613 1562 3664 τοῦ
1612 3609 1944 3680 Πνεύματος.

2051 2438 2108 2490 et
2137 2438 2279 2505 quot
2309 2434 2463 2490 inter
2512 2439 2744 2490 nostros
2793 2435 3092 2508 sapientes
3133 2438 3203 2494 ad
3252 2439 3514 2511 regulam
3557 2442 3702 2499 artis

2053 2539 2193 2579 suas
2224 2523 2519 2578 orationes
2551 2523 2882 2594 poliverint,
2922 2529 2980 2581 et
3029 2542 3170 2582 num
3221 2526 3384 2600 digni
3432 2530 3552 2586 sint
3597 2532 3700 2602 qui

2053 2611 2237 2684 Lysia
2277 2617 2335 2666 et
2381 2611 2760 2668 Demostheni
2817 2613 3195 2670 conferantur
3253 2621 3377 2672 tum
3435 2619 3701 2676 studioso

2052 2704 2336 2772 apparatu
2370 2705 2428 2756 et
2460 2699 2785 2756 moralibus
2831 2703 3158 2775 affectibus,
3208 2709 3338 2762 tum
3389 2709 3699 2766 nominum

2053 2788 2279 2844 delectu
2311 2793 2368 2844 et
2395 2789 2833 2858 compositione,
2865 2795 2990 2848 tum
3019 2793 3197 2850 etiam
3243 2795 3444 2852 addito
3491 2803 3700 2855 ornatu

2053 2882 2112 2934 et
2140 2878 2448 2934 concinnis
2480 2879 2704 2936 formis.

2123 3077 2178 3131 2.
2206 3077 2294 3133 Ad
2327 3093 2395 3133 ea
2423 3093 2554 3150 quae
2585 3092 2679 3134 me
2710 3078 3039 3152 interrogas
3069 3083 3394 3153 respondeo
3446 3084 3699 3142 multum

2055 3180 2184 3222 esse
2215 3170 2550 3222 nostrorum
2581 3165 2865 3223 circulum
2898 3170 3000 3241 qui
3029 3169 3365 3243 eloquentia
3411 3173 3702 3246 praestite-

2053 3258 2214 3323 runt;
2249 3259 2502 3326 quatuor
2520 3261 2716 3312 autem
2740 3256 2918 3328 hujus
2939 3258 3097 3315 chori
3122 3262 3459 3333 coryphaos
3481 3267 3698 3320 statuo:

2055 3343 2358 3416 theologia;
2373 3345 2861 3418 tubamGregoriu
2873 3364 2926 3402 m
2944 3347 3262 3404 etamicum
3277 3352 3326 3422 ej
3338 3368 3405 3407 us
3420 3368 3701 3426 magnum

2056 3434 2357 3500 Basilinm,
2384 3441 2442 3492 et
2471 3454 2605 3492 eum
2641 3439 2741 3508 qui
2773 3455 2841 3494 ex
2871 3439 3076 3494 eodem
3107 3443 3395 3513 sanguine
3421 3450 3585 3501 ortus
3614 3450 3705 3502 est

2054 3524 2396 3596 Gregorium
2420 3531 2478 3581 et
2508 3542 2748 3582 auream
2778 3527 3033 3598 Spiritus
3066 3529 3272 3597 lyram.
3296 3532 3506 3587 Eorum
3540 3534 3704 3605 quis-

2055 3629 2164 3683 que
2189 3613 2442 3669 sustinet
2487 3614 2738 3670 conferri
2782 3615 3114 3687 cuicunque
3162 3618 3319 3674 voles
3368 3636 3437 3675 ex
3487 3623 3704 3678 Graecis

291 3705 512 3760 Τούτων
565 3705 667 3779 γὰρ
727 3701 948 3764 ἕκαστος
999 3701 1274 3776 αὐτάρκης
1333 3700 1444 3784 δτω
1501 3695 1568 3768 δὴ
1627 3696 1815 3772 βούλει
1841 3701 1992 3784 τῶν]

2060 3701 2458 3773 sapientibus;
2493 3720 2608 3760 non
2633 3704 2794 3776 quod
2829 3705 3241 3777 unusquisque
3273 3724 3480 3764 omnes
3512 3711 3704 3766 omni-

290 3794 423 3865 παρ’
461 3791 701 3863 Ἕλλησι
751 3789 1213 3866 σοφιστευσάντων
1265 3783 1602 3864 παραϐαλεῖν
1636 3805 1649 3818 ⁸
1711 3786 1820 3862 οὐχ
1875 3785 1949 3848 ὠς
1982 3783 1992 3784 ί

2060 3791 2167 3846 bus
2197 3797 2456 3864 superat,
2489 3794 2588 3850 sed
2622 3793 2774 3864 quod
2809 3793 3166 3864 quibusdam
3201 3796 3469 3866 partibus
3496 3799 3704 3870 singu-

291 3880 522 3937 ἑκάστου
578 3885 707 3935 πᾶσι
775 3881 979 3940 πάντας
1041 3871 1469 3954 ὑπερϐαλόντος,
1526 3874 1673 3931 ἀλλά
1725 3875 1793 3929 τὰ
1852 3875 1946 3949 μὶν

296 3969 484 4045 μίρεσί
534 3990 673 4025 τισιν
741 3966 1141 4040 ἁμιλλωμὲνου
1193 3967 1330 4042 πρὸς
1385 3965 1604 4020 ἕκαστον
1661 3969 1768 4020 τῶν
1825 3970 1949 4040 παρ’

293 4059 528 4121 ὗκείνοις
588 4056 1094 4131 εὐδοκιμησάντων,
1174 4057 1241 4110 τὰ
1293 4053 1350 4111 δί
1408 4054 1632 4110 κατόπιν
1693 4052 1946 4118 ἐλθόντος

293 4145 408 4223 (δεῖ
435 4168 539 4223 γαρ
568 4147 802 4217 τάληθὲς
854 4145 1060 4222 λέγειν)
1107 4150 1223 4208 τοῖς
1277 4142 1335 4200 δὲ
1379 4142 1592 4199 πλείοσι
1637 4142 1726 4198 καὶ
1771 4163 1949 4219 παρα-

295 4235 624 4314 δραμόντος.
675 4237 750 4292 Ού
787 4237 892 4312 γὰρ
949 4235 1141 4290 ταυτὸν
1184 4234 1441 4307 πείσομαι
1489 4238 1606 4295 τοῖς
1665 4229 1781 4286 ὅσοι
1829 4252 1949 4308 κρι-

292 4327 387 4383 ταὶ
417 4327 696 4402 γεγονότες
745 4324 1019 4401 ἑκατέροις
1065 4329 1183 4386 τοῖς
1237 4322 1475 4398 μέρεσιν,
1507 4317 1690 4377 ἔπειτα
1717 4326 1797 4393 τῷ
1827 4322 1949 4377 ὲαυ·

295 4421 410 4471 τῶν
487 4414 799 4490 βουλήματι
875 4412 1478 4482 κατακολουθήσαντες,
1551 4410 1613 4466 ού
1698 4411 1835 4486 πρὸς
1886 4411 1950 4466 τὸ

295 4505 530 4560 ἑκάστου
571 4503 765 4579 μέτρον
814 4503 908 4565 τὰς
957 4505 1174 4581 ψήφους
1220 4501 1528 4576 ἐξήνεγκαν,
1571 4499 1718 4572 ἀλλ’,
1767 4499 1948 4575 ὥσπερ

292 4600 398 4663 τῆς
434 4591 594 4666 δόξης
619 4593 904 4668 ἀπεχθεῖς,
937 4592 1079 4646 οὕτω
1130 4588 1196 4661 δὴ
1243 4589 1332 4644 καὶ
1375 4593 1472 4644 τοῦ
1516 4588 1688 4663 λόγου
1718 4588 1950 4663 γεγονόο

293 4703 387 4746 τες
415 4689 532 4747 τοῖς
561 4681 856 4752 Ἕλλησιν,
914 4681 1210 4744 ἀντιθέτοις
1266 4680 1479 4740 ἑαυτοῖς
1526 4679 1661 4750 πρὸς
1714 4677 1947 4740 ἐκείνους

295 4771 631 4847 ἱχρήσαντο,
689 4772 778 4826 καὶ
825 4774 942 4832 τοῖς
1005 4769 1226 4830 οἱκείοις
1283 4767 1642 4843 προσθέμενοι
1701 4766 1948 4838 ὲξεπίτηυ

296 4858 408 4928 δες,
442 4861 516 4921 ὡς
555 4859 885 4935 ἀλλοτρίους
911 4857 1148 4921 ἐκείνους
1179 4857 1490 4932 ἐτρέψαντο.
1523 4856 1600 4914 Οὐ
1632 4854 1698 4926 δὴ
1732 4859 1950 4927 ποιήσω

291 4949 460 5004 τοῦτο
489 4948 594 5024 ἐγώ
619 4967 631 4981 ο
667 4947 774 5023 ούχ
821 4947 966 5002 οὕτω
1014 4946 1354 5024 τετύφωμαι.
1399 4943 1553 5002 Ἀλλ’
1585 4945 1658 5007 ὡς
1688 4943 1947 5000 κάκείνων

297 5037 466 5113 ἳσχὺν
497 5037 583 5092 ἐπὶ
639 5042 755 5099 τοῖς
804 5035 994 5112 λόγοις
1053 5036 1292 5110 ἆχοντων
1345 5033 1434 5089 καὶ
1479 5032 1697 5102 πολλὴν
1751 5039 1946 5108 μοῖραν

297 5127 814 5202 συνεισενεγκότνων
863 5129 932 5202 τῇ
982 5123 1153 5199 τέχνῃ
1199 5121 1235 5192 ἤ
1267 5122 1412 5199 παρὰ
1457 5122 1554 5192 τὴν
1598 5122 1798 5198 τεχνην
1831 5127 1947 5184 ταῖς

294 5220 398 5272 τοῦ
451 5214 618 5292 λόγου
663 5212 977 5288 δυνάμεσιν,
1036 5212 1179 5268 οὕτω
1233 5209 1300 5281 δὴ
1351 5212 1440 5266 τὸν
1495 5211 1674 5287 ἀγῶνα
1718 5213 1951 5282 ποιήσας

295 5303 392 5360 καὶ
418 5310 484 5359 τᾶ
526 5306 665 5379 πρὸς
710 5302 938 5373 ἄλληλα
983 5300 1039 5358 εὖ
1087 5301 1336 5374 Θὲμενος,
1369 5299 1558 5371 ἐξοίσω
1604 5301 1704 5369 τήν
1745 5304 1950 5375 ψῆφον,

293 5397 562 5450 τοσοῦτον
624 5393 890 5459 ὑπειπὼν,
951 5386 1034 5445 ὅτι
1117 5391 1248 5464 ὅπερ
1307 5390 1419 5445 ἐστὶ
1470 5388 1826 5462 Δημοσθένης
1883 5393 1952 5464 τῇ

292 5482 456 5554 ἑτέρᾳ
488 5479 692 5558 μερίδι,
726 5480 871 5560 φημὶ
902 5485 971 5554 τῇ
1015 5477 1342 5553 Ἑλληνικῇ,
1373 5483 1535 5533 τοῦτο
1564 5481 1633 5543 τῆ
1664 5479 1782 5542 καθ’
1807 5481 1954 5552 ἡμᾶς

293 5574 324 5630 ὁ
358 5569 634 5647 Θεολόγος
688 5571 1010 5648 Γρηγόριος.
1066 5571 1248 5644 Τριῶν
1307 5565 1364 5622 δὲ
1421 5563 1592 5621 ὄντων
1645 5563 1802 5621 εἶδῶν
1852 5572 1952 5634 τῆς

291 5661 618 5738 ῥητορικῆς,
651 5660 678 5715 ὀ
715 5661 810 5732 μὲν
860 5658 1214 5731 Δημοσθένης
1265 5659 1344 5728 τῷ
1390 5652 1652 5728 δικανικῷ
1687 5654 1835 5732 μέρει
1867 5657 1952 5712 εὐ-

286 5748 676 5822 δοκιμώτατος
704 5748 804 5803 κάν
841 5746 961 5808 ταὶς
1005 5739 1348 5819 συμϐουλαῖς
1396 5748 1504 5800 τῶν
1556 5740 1743 5800 ἄλλων
1776 5741 1954 5802 δεινό-

2055 3879 2146 3936 los
2179 3896 2380 3936 eorum
2413 3881 2514 3954 qui
2547 3882 2765 3937 famam
2799 3882 2996 3953 adepti
3027 3888 3167 3938 sunt
3193 3886 3522 3954 aemuletur,
3558 3905 3704 3943 non-

2059 3986 2359 4041 nunquam
2389 3976 2520 4042 post
2539 3971 2778 4026 veniens
2796 3970 3048 4042 (oportet
3068 3974 3222 4028 enim
3243 3990 3444 4030 verum
3469 3977 3705 4048 dicere),

2057 4059 2160 4114 sed
2193 4058 2408 4130 sepius
2441 4059 3029 4130 transgrediens.Non
3062 4063 3220 4117 enim
3254 4079 3423 4134 agam
3460 4066 3580 4121 utii
3605 4066 3707 4138 qui

2060 4146 2370 4219 utriusque
2399 4147 2832 4220 partisjudices
2883 4149 3095 4214 ell‘ecti,
3148 4152 3390 4224 prOprize
3439 4171 3557 4210 sum
3605 4171 3704 4212 vo-

2056 4234 2269 4290 luntati
2298 4236 2708 4308 obsequentes,
2762 4253 2873 4293 non
2928 4255 3030 4309 pro
3079 4239 3446 4312 singulorum
3498 4244 3704 4300 merito

2057 4325 2338 4397 suffragia
2367 4325 2659 4393 tulerunt;
2709 4328 2810 4382 sed
2863 4333 3038 4399 prout
3081 4329 3356 4385 doctrina:
3405 4336 3569 4387 erant
3617 4334 3706 4388 in-

2058 4414 2227 4484 fensi,
2278 4414 2360 4470 ita
2407 4419 2464 4470 et
2511 4415 2841 4472 Graecorum
2893 4417 3280 4487 orationibus,
3331 4437 3393 4476 se
3443 4420 3561 4478 illis
3611 4422 3710 4478 ad-

2057 4503 2348 4559 versarios
2377 4510 2710 4576 gesserunt,
2735 4511 2794 4560 et
2825 4505 3078 4577 propriis
3107 4507 3326 4564 addicti
3355 4511 3706 4576 oratoribus,

2061 4597 2454 4648 utextraneos
2479 4592 2612 4649 illos
2634 4595 2981 4664 rejecerunt.
3018 4598 3142 4650 Non
3178 4595 3286 4652 hoc
3317 4615 3424 4670 ego
3455 4599 3663 4654 faciam
3690 4618 3704 4666 ;

2059 4699 2176 4738 non
2210 4683 2293 4736 ita
2323 4681 2594 4742 caacutio:
2626 4685 2727 4738 sed
2761 4684 3086 4739 concedens
3117 4701 3217 4740 eos
3245 4685 3361 4741 vim
3395 4687 3453 4742 in
3503 4688 3713 4744 oratio-

2059 4771 2235 4826 nibus
2263 4771 2476 4827 habere
2506 4779 2562 4826 et
2593 4770 2842 4826 multum
2875 4771 2998 4826 sive
3028 4773 3158 4840 arti,
3193 4773 3312 4830 sive
3344 4775 3498 4832 ultra
3526 4782 3710 4832 artem

2060 4859 2343 4914 orationis
2374 4859 2644 4931 potentia:
2676 4859 3021 4925 contulisse,
3055 4862 3130 4916 ita
3178 4863 3490 4920 discrimen
3540 4865 3709 4920 insti-

2058 4952 2231 5002 tuens
2297 4953 2356 5002 et
2421 4947 2536 5003 alia
2591 4948 2724 5004 aliis
2795 4966 3122 5021 opponens,
3172 4952 3456 5023 suffragia
3500 4953 3706 5022 feram,

2062 5036 2285 5092 addens
2315 5036 2655 5108 Gregorium
2704 5037 3042 5109 theologum
3094 5040 3247 5110 apud
3301 5046 3534 5096 nostros
3581 5055 3711 5097 esse

2064 5127 2219 5200 quod
2272 5126 2696 5184 Demosthenes
2750 5128 2809 5183 in
2854 5127 3037 5183 altera
3083 5134 3268 5200 parte.
3319 5130 3462 5186 Cum
3513 5135 3711 5186 autem

2065 5215 2184 5273 sint
2213 5216 2324 5272 tria
2371 5214 2721 5288 eloquentia;
2770 5233 3004 5289 genere,
3055 5217 3114 5273 in
3154 5218 3426 5289 judiciali
3472 5219 3713 5292 quidem

2063 5303 2482 5360 celeberrimus
2517 5304 2958 5370 Demosthenes,
2984 5309 3042 5360 et
3070 5305 3129 5361 in
3160 5305 3422 5363 consiliis
3455 5309 3715 5364 omnium

2064 5393 2313 5448 aliorum
2362 5391 2758 5465 peritissimus
2807 5399 2914 5460 est,
2964 5395 3036 5449 ad
3090 5396 3471 5468 panegyricus
3519 5402 3716 5454 autem

2065 5482 2359 5538 orationes
2392 5481 2677 5547 delectus,
2710 5488 2766 5537 et
2797 5482 2908 5539 sibi
2938 5491 2994 5539 et
3023 5483 3157 5539 aliis
3187 5484 3429 5540 inferior
3458 5490 3581 5554 est;
3632 5485 3718 5540 illi

2065 5577 2260 5628 autem
2293 5571 2599 5642 oppositus
2629 5572 2965 5645 Gregorius,
2989 5589 3054 5628 eo
3076 5572 3480 5629 laudationum
3506 5589 3718 5646 genere

2065 5677 2178 5716 non
2213 5664 2442 5714 tantum
2493 5659 3008 5717 Demosthenicam
3057 5661 3460 5735 eloquentiam
3512 5663 3716 5734 vincit,

2065 5749 2165 5805 sed
2181 5748 2446 5820 neque,si
2462 5765 2589 5821 qua
2604 5749 2680 5807 sit
2694 5749 2835 5808 tuba
2847 5748 3320 5825 cmlestis,quoad
3343 5753 3495 5811 hanc
3505 5751 3715 5811 saltem
