4088 6350
444 438 562 500 903

1776 432 2203 494 MlCHAELlS
2248 430 2520 492 PSELLI

3732 430 3852 491 904

445 576 692 644 partem,
722 569 772 623 ei
805 583 946 624 sono
998 564 1321 637 comparari
1366 564 1549 633 valet;
1609 566 1664 619 in
1710 562 2070 635 iudicialibu:

2202 582 2385 631 τατος,
2438 561 2820 638 πανηγυρίζειν
2869 559 2926 616 δὲ
2974 563 3378 638 προῃρημένος,
3432 562 3622 616 ἑαυτοῦ
3670 582 3729 615 τε
3758 561 3848 615 καὶ

445 668 639 717 autem
674 655 1093 714 certaminibus
1126 660 1183 710 et
1213 654 1270 709 in
1304 654 1377 710 iis
1407 654 1773 710 orationibus
1798 655 1854 707 in
1879 653 2097 723 quibus

444 748 688 805 consilia
717 744 999 817 disponit,
1031 745 1186 798 valet
1220 760 1352 798 cum
1386 743 1486 798 illo
1519 744 1833 798 decertare.
1866 743 1989 806 Quo
2038 741 2095 795 in

439 853 651 910 genere
697 833 1102 891 Demosthenis
1153 832 1485 904 eloquentia
1536 849 1690 887 nunc
1737 831 1955 901 ingenti
2004 830 2093 884 in-

438 942 649 982 cursus
681 925 925 979 ﬂumine
950 923 1203 987 effervet,
1242 938 1398 977 nunc
1430 922 1598 992 quasi
1634 920 1841 976 leniter
1870 920 2095 991 spirare

437 1016 693 1081 videtur,
729 1019 785 1069 et
821 1014 1047 1067 minore
1080 1010 1220 1067 ﬂatu
1256 1012 1459 1066 utitur.
1494 1010 1772 1083 Gregorio
1806 1014 1999 1064 autem
2034 1008 2093 1062 in

436 1104 754 1161 certamine
787 1102 1118 1174 procedenti
1150 1100 1302 1170 viget
1332 1101 1538 1166 oratio,
1572 1110 1623 1155 et
1674 1100 1900 1154 ictuum
1952 1102 2083 1168 ejus

437 1194 572 1249 ﬁnis
603 1194 771 1265 quasi
820 1190 1215 1261 cataclysmus
1261 1195 1353 1244 est
1402 1206 1516 1261 quo
1567 1190 1861 1254 defertur;
1908 1187 2094 1241 variat

434 1296 632 1347 autem
657 1287 1001 1361 judicialem
1053 1287 1377 1343 orationem
1428 1285 1753 1359 hypall'gis
1802 1289 1857 1340 et
1908 1288 2091 1340 meta-

433 1378 655 1452 phoris,
687 1377 804 1432 alia
836 1376 1090 1449 periodis
1122 1376 1502 1438 concludens,
1536 1374 1650 1429 alia
1681 1375 1892 1445 spiritu
1946 1391 2090 1445 pan-

434 1471 598 1524 dens.
626 1468 691 1522 Et
722 1468 791 1521 ad
825 1482 1056 1520 omnem
1094 1464 1335 1519 Atticam
1372 1480 1599 1519 musam
1636 1463 1927 1534 propriam
1963 1479 2088 1516 ora-

430 1557 648 1613 tionem
684 1555 919 1627 polivit;
958 1554 1148 1624 magis
1178 1560 1373 1608 autem
1424 1552 1730 1607 Aristidem
1784 1552 1980 1620 refert,
2031 1555 2089 1606 et

438 1662 575 1701 eum
607 1644 868 1701 omnium
897 1643 1151 1697 maxime
1185 1642 1450 1697 imitatus
1498 1657 1626 1695 esse
1676 1641 1921 1707 videtur,
1973 1639 2088 1694 nisi

440 1739 637 1790 tamen
691 1734 842 1803 quod
894 1732 1121 1786 Aristiis
1174 1732 1412 1801 quidem
1478 1729 1812 1800 eloquentia
1878 1734 2084 1798 tonat,

440 1822 671 1895 fulgura
698 1839 831 1877 vero
865 1837 979 1876 non
1011 1820 1261 1888 emittit;
1297 1818 1504 1874 miscet
1534 1819 1689 1874 enim
1741 1835 1912 1873 aures
1960 1835 2084 1873 om-

2205 654 2312 704 τῶν
2368 647 2555 704 ἄλλων
2612 648 2851 705 ἐλάττων
2907 649 3043 705 ἐστίν
3081 671 3092 683 ·
3147 652 3175 705 ὁ
3224 648 3282 705 δὲ
3339 651 3613 714 ἀντίθετος
3672 649 3849 722 τούτῳ

2208 739 2535 814 Γρηγόριος,
2564 741 2665 808 τῆν
2728 740 2820 813 μὶν
2871 740 3249 815 πανηγυρικὴν
3306 736 3471 807 ίδέαν,
3519 739 3580 794 οὐ
3609 740 3709 807 τὴν
3744 748 3850 808 Δη-

2210 827 2535 898 μοσθενικῆν
2572 826 2737 898 μόνον
2790 826 3040 901 γλῶτταν
3097 822 3537 901 ὑπερηκόντισεν,
3579 824 3707 880 ἀλλ’
3738 822 3852 879 οὐδ’

2206 914 2249 970 εἰ
2306 912 2416 969 ἔστι
2460 936 2540 977 τις
2599 914 2828 991 σάλπίγξ
2881 915 3152 989 οὖρανιος,
3198 913 3482 988 ἐκείνῳ.δὴ
3543 915 3848 990 ἀντηχῆσαι

2205 1003 2423 1060 δύναται
2462 1004 2595 1059 κατά
2649 1026 2709 1079 γε
2753 1009 2914 1059 τοῦτο
2963 1006 3125 1077 μέρος
3161 1024 3173 1037 ·
3234 1005 3367 1079 πρὸς
3418 1002 3474 1060 δέ
3514 1026 3574 1079 γε
3604 1003 3850 1059 δικαστι-

2201 1093 2329 1158 κοὺς
2369 1095 2578 1168 ἀγωνας
2627 1094 2717 1148 καὶ
2769 1092 2819 1147 ἐν
2877 1095 2954 1156 οἷς
3011 1093 3106 1155 τὰς
3156 1090 3472 1167 συμϐουλάς
3531 1092 3846 1161 διατίθεται,

2204 1192 2386 1253 ἱκανὸς
2440 1190 2629 1264 ἐκείνῳ
2679 1189 3169 1265 διαμιλλήσασθαι.
3226 1191 3400 1249 Ἀλλά
3452 1197 3533 1264 τῷ
3593 1194 3688 1265 μὶν
3741 1202 3847 1261 Δη-

2205 1282 2451 1353 μοσϐἑνει
2511 1279 2635 1355 περὶ
2683 1285 2850 1335 ταῦτα
2909 1283 2943 1349 ἡ
3000 1279 3220 1355 γλῶττα
3275 1285 3365 1334 νῦν
3423 1282 3516 1354 μὲν
3579 1279 3847 1356 καχλάζει

2199 1368 2397 1441 πολλῷ
2422 1374 2503 1441 τῷ
2552 1368 2776 1444 ῥεύματι
2824 1376 2924 1438 τῆς
2964 1367 3315 1444 καταδρομῆς
3347 1370 3646 1447 χρωμένῳ,
3695 1370 3848 1434 αὗθις

2200 1457 2255 1513 δὶ
2304 1464 2601 1534 παραπνεῖν
2650 1460 2760 1513 οἷον
2804 1455 2968 1525 ἔοικε,
3012 1460 3101 1513 καὶ
3151 1458 3397 1514 ἐλάττονι
3439 1464 3518 1531 τῷ
3576 1459 3844 1532 πνεύματι

2197 1552 2399 1623 χρῆται
2435 1567 2447 1579 '
2494 1552 2573 1619 τῷ
2622 1548 2920 1621 Γρηγορέῳ
2971 1545 3028 1601 δὶ
3083 1549 3333 1622 προϊὸντι
3382 1547 3433 1603 ἐν
3482 1554 3598 1611 τοῖς
3645 1548 3844 1623 ἀγωσ.ν

2196 1637 2424 1709 ἀκμάζει
2462 1634 2676 1709 μᾶλλον
2722 1636 2749 1689 ὁ
2781 1635 2948 1710 λόγος
2992 1636 3081 1691 καὶ
3124 1637 3186 1691 τὸ
3234 1636 3400 1713 πέρας
3433 1637 3579 1709 αὖτῷ
3610 1644 3709 1706 τῆς
3747 1659 3843 1691 κα-

2192 1732 2431 1803 ταφορᾶς
2465 1725 2577 1780 οἶόν
2608 1746 2690 1786 τις
2736 1724 3119 1797 κατακλυσμός
3171 1725 3280 1780 ἐστι
3330 1728 3450 1790 καθ’
3486 1725 3547 1781 οὗ
3580 1728 3793 1805 φέρεται
3828 1746 3842 1759 ·

2193 1811 2469 1870 ποικίλλει
2499 1835 2557 1869 τε
2601 1815 2692 1869 τὸν
2739 1814 3097 1888 ἀγωνιστικὸν
3151 1814 3313 1889 λόγον
3368 1813 3711 1890 ὑπαλλαγαῖς
3752 1816 3840 1870 καὶ

427 1930 532 1968 nes
560 1912 684 1967 suis
733 1909 1102 1982 argumentis
1166 1926 1278 1963 non
1340 1908 1537 1962 minus
1596 1924 1771 1978 quam
1836 1905 2070 1962 Pericles

2197 1908 2545 1981 μεταφοραῖς,
2604 1903 2669 1957 τὰ
2726 1905 2820 1976 μὲν
2876 1901 3071 1958 κλείων
3122 1909 3243 1965 ταῖς
3299 1901 3599 1979 περιόδοις,
3658 1905 3726 1960 τά
3783 1902 3842 1959 δὲ

422 2001 725 2069 Graeciam,
759 2000 860 2055 sed
878 1998 1219 2054 eorumdem
1239 2001 1718 2068 argumentorum
1734 1995 2080 2051 elaboratio-

425 2090 601 2145 nibus
632 2090 931 2144 auditores
965 2087 1161 2152 satiat,
1198 2091 1253 2141 et
1287 2085 1701 2156 unusquisque
1740 2083 1910 2139 vellet
1954 2101 2081 2139 ora-

424 2179 569 2235 toris
601 2178 867 2249 linguam
906 2175 1207 2241 inhibere;
1258 2174 1518 2246 Gregorii
1567 2181 1761 2228 autem
1808 2173 2082 2228 facundia

424 2283 728 2338 nunquam
763 2266 992 2337 fatigat,
1019 2263 1280 2334 undique
1314 2262 1549 2318 feriens.
1574 2262 1885 2317 Nominum
1921 2263 2075 2316 enim

420 2360 700 2411 venustas
730 2358 787 2409 et
817 2352 1135 2408 distributa
1166 2351 1457 2407 sermonis
1481 2351 1827 2423 compositio
1849 2356 1904 2406 et
1928 2351 2075 2422 figu-

421 2461 623 2500 rarum
655 2448 899 2499 ornatus
931 2441 1077 2497 nulli
1105 2440 1231 2497 auri
1265 2458 1378 2496 non
1412 2441 1771 2513 voluptatem
1798 2440 2074 2513 przelient.

420 2542 484 2597 In
521 2540 721 2596 multis
755 2546 950 2595 autem
986 2539 1313 2594 orationum
1351 2539 1617 2610 partibus
1668 2538 1904 2611 Lysiaca
1955 2538 2077 2594 elo-

421 2632 662 2701 quentia
694 2629 905 2683 referta
937 2633 1077 2683 sunt
1107 2628 1235 2698 ejus
1269 2629 1510 2698 scripta,
1544 2634 1601 2682 et
1632 2628 1952 2697 praesertim
2006 2645 2075 2684 ea

421 2720 479 2774 in
524 2719 740 2789 quibus
774 2718 1124 2789 simpliciter
1155 2717 1408 2772 exordiri
1442 2716 1695 2784 mavult;
1747 2734 1860 2771 non
1914 2719 2070 2789 quod

416 2807 704 2863 orationis
740 2805 1208 2877 magnitudinem
1246 2805 1515 2861 consulto
1550 2806 1881 2869 recidit,sed
1919 2807 2071 2878 quod

417 2912 484 2951 ea
517 2900 604 2950 est
635 2911 775 2949 cura
824 2898 879 2949 et
929 2900 1158 2961 natura,
1214 2900 1281 2947 ut
1331 2894 1412 2947 ita
1457 2893 1666 2947 dicam.
1720 2894 2073 2965 Plerumque

418 2982 713 3037 nescimus
762 2999 897 3037 eum
949 2986 1007 3036 et
1055 2982 1415 3053 Thucydidis
1465 2982 1725 3053 phrasim
1775 2981 2068 3037 imitatum

418 3072 761 3128 esse.Citius
792 3075 989 3125 autem
1024 3070 1288 3142 dialogos
1320 3075 1635 3142 permutat,
1660 3075 1715 3125 et
1758 3076 2068 3143 postquam

420 3160 704 3217 orationis
736 3160 927 3214 ordini
959 3159 1209 3213 breviter
1240 3158 1353 3213 vim
1387 3158 1584 3214 intulit
1615 3164 1673 3214 et
1717 3177 1889 3214 aures
1940 3177 2067 3230 per-

418 3248 692 3315 turbavit,
728 3264 963 3303 rursum
1000 3247 1056 3301 in
1090 3264 1151 3302 se
1183 3247 1528 3318 regreditur.
1575 3248 1816 3311 Quando
1866 3252 2060 3303 autem

417 3340 739 3395 solemnem
766 3336 1028 3408 phrasim
1052 3341 1238 3405 curat,
1270 3353 1337 3390 ex
1364 3335 1635 3392 [socratis
1662 3336 1819 3392 fonte
1846 3337 2061 3392 haurit.

417 3436 559 3491 Inde
592 3440 785 3490 autem
822 3434 963 3488 ideae
996 3433 1217 3489 ﬂuenta
1244 3433 1558 3504 accipiens,
1590 3450 1702 3488 non
1734 3436 1934 3489 eodem
1969 3450 2069 3489 ore

420 3523 522 3578 illa
555 3523 879 3595 profundit,
923 3523 1024 3576 sed
1077 3521 1387 3587 convolvit,
1437 3527 1494 3577 et
1542 3529 1821 3593 tanquam
1880 3524 2067 3579 canali

413 3613 721 3684 premit,ut
752 3611 878 3683 ipse
911 3611 1193 3683 loquitur,
1224 3628 1522 3682 nunquam
1558 3612 1758 3667 sinens
1788 3614 2068 3669 orationis

416 3702 633 3757 ﬂumen
666 3700 863 3757 laxum
895 3701 1137 3755 etfundi.
1193 3700 1649 3756 Herodoti°vero
1700 3718 1897 3756 musas
1948 3719 2064 3757 non

414 3796 477 3846 ut
506 3790 604 3845 ille
638 3790 885 3845 minutis
918 3789 1222 3844 ornatibus
1255 3789 1711 3854 circumdat,sed
1735 3806 1834 3845 eas
1857 3791 2067 3861 dignas

410 3884 467 3936 et
498 3883 780 3952 augustas
812 3879 1010 3934 efficit.
1045 3878 1159 3933 Nec
1201 3879 1697 3949 quemadmodum
1749 3896 1816 3934 ex
1861 3880 2066 3936 multis

409 3970 741 4025 oratoribus
771 3969 1179 4037 concinnatur,
1213 3969 1297 4023 sic
1341 3969 1411 4022 ad
1465 3968 1730 4040 singulas
1781 3972 2066 4025 orationis

409 4067 602 4131 partes
637 4060 991 4127 distribuit;
1046 4061 1146 4113 sed
1196 4060 1697 4130 quemadmodum
1751 4062 1911 4117 misti
1969 4078 2062 4117 co-

406 4148 559 4203 lores
590 4148 765 4203 aliam
812 4149 1129 4217 quamdam
1183 4147 1504 4218 imaginem
1553 4149 1840 4216 efﬁciunt,
1895 4157 1952 4205 et
2000 4168 2066 4207 ea

406 4254 521 4293 non
554 4238 757 4291 eadem
793 4241 884 4291 est
913 4253 978 4291 ac
1020 4236 1127 4304 illi,
1182 4238 1283 4290 sed
1341 4235 1460 4291 illis
1508 4236 1830 4308 pulchrior,
1877 4240 1963 4295 sic
2009 4250 2067 4294 et

405 4325 664 4395 Gregorii
715 4324 1048 4379 orationum
1102 4325 1261 4379 color
1310 4341 1379 4379 ex
1428 4328 1718 4381 sexcentis
1768 4326 2064 4384 coloribus

403 4414 762 4479 etformatur,
797 4419 852 4467 et
879 4412 1033 4468 alius
1064 4420 1153 4469 est
1184 4431 1249 4468 ac
1280 4413 1364 4468 illi
1398 4420 1453 4469 et
1503 4416 1685 4471 multo
1736 4417 2060 4489 pulchrior.

404 4510 675 4564 Extrema
707 4508 861 4563 enim
894 4526 1010 4565 non
1053 4526 1285 4582 semper
1334 4510 1541 4566 mediis
1590 4512 1833 4567 meliora
1882 4519 2060 4579 sunt;

405 4597 503 4652 sed
554 4596 769 4652 accidit
819 4602 882 4652 ut
931 4615 999 4653 ea
1050 4599 1166 4654 illis
1217 4604 1513 4671 praestent,
1565 4616 1694 4653 cum
1749 4601 2056 4673 utriusque

401 4691 658 4741 extrema
694 4687 1187 4759 participent.Ego
1219 4688 1373 4743 enim
1424 4704 1539 4743 non
1585 4689 1947 4746 diversorum
1998 4696 2054 4746 et

401 4774 784 4829 dissimilium
818 4776 1221 4832 collectionem
1255 4779 1384 4845 ejus
1415 4778 1739 4833 orationem
1773 4780 1923 4845 dico,
1956 4782 2058 4835 sed

403 4862 755 4919 uniformem
793 4866 1596 4936 naturam,quemadmodum
1634 4884 1765 4921 rosa
1795 4886 1862 4923 ex
1894 4875 2059 4925 terra;

402 4952 726 5007 visceribus
784 4953 899 5008 exit
946 4971 1077 5008 cum
1134 4970 1241 5009 suo
1292 4954 1547 5009 naturali
1600 4956 1812 5026 colore,
1865 4958 2057 5012 multi-

403 5040 649 5096 formem
684 5058 836 5109 vero,
870 5043 918 5097 si
965 5042 1101 5113 quis
1150 5050 1213 5097 ut
1259 5042 1518 5097 colorum
1572 5046 1906 5100 mistionem
1959 5064 2060 5118 per

400 5129 664 5184 diversos
720 5131 946 5186 colores
1006 5139 1204 5202 posset
1270 5149 1559 5202 separare.
1623 5133 1681 5187 Si
1752 5134 1930 5205 igitur
1993 5141 2057 5191 ut

400 5217 629 5273 simiam
665 5220 935 5275 videmus
968 5221 1038 5275 ad
1078 5222 1463 5275 imitationem
1498 5227 1760 5292 paratam
1796 5240 1908 5279 non
1942 5226 2055 5280 mi-

398 5323 609 5362 norum
640 5313 892 5374 tantum,
926 5310 1025 5365 sed
1057 5315 1115 5366 et
1150 5311 1461 5379 majorum,
1513 5311 1594 5366 ita
1645 5318 1700 5366 et
1751 5311 1837 5368 leo
1885 5315 2055 5369 terri-

397 5395 513 5449 bile
579 5397 964 5468 supercilium
1034 5416 1275 5453 servans
1342 5398 1551 5453 deinde
1622 5400 1692 5454 ad
1748 5418 1940 5457 mores
1998 5408 2055 5458 et

396 5484 641 5540 habitus
674 5486 918 5542 aliarum
952 5488 1206 5543 ferarum
1241 5505 1303 5543 se
1350 5494 1741 5559 componeret,
1794 5491 2052 5563 idipsum

397 5580 555 5628 esset
586 5574 683 5628 ille
716 5576 955 5630 divinus
985 5576 1089 5631 vir.
1125 5576 1397 5631 Oratione
1427 5578 1583 5631 enim
1637 5578 1787 5633 leoni
1840 5581 2053 5637 similis

394 5666 507 5729 est,
538 5662 823 5734 dlgnitate
856 5665 1087 5735 plenus,
1120 5666 1426 5733 terribilis,
1458 5668 1839 5738 supercilium
1881 5670 2051 5727 attol-

394 5748 546 5817 lens,
582 5750 920 5807 inaccessus
951 5752 1249 5826 plerisque
1276 5754 1364 5809 vel
1396 5754 1694 5813 difﬁcilem
1747 5756 2049 5818 accessum

2192 1994 2421 2069 ἀνοίγων
2454 1997 2531 2064 τῷ
2578 1992 2863 2065 πνεύματι.
2916 1992 3013 2046 Καὶ
3054 1993 3188 2064 πρὸς
3237 1999 3406 2048 πᾶσαν
3444 1994 3539 2067 μὶν
3582 1996 3838 2064 Ἀττικὴν

2193 2084 2394 2155 μοῦσαν
2451 2083 2543 2136 τὸν
2585 2080 2786 2135 οίκεῖον
2839 2080 3000 2155 λόγον
3043 2082 3312 2154 ἀπέξεσεν,
3362 2082 3729 2137 ἀπεικὸνισται
3780 2080 3837 2139 δὲ

2193 2169 2406 2243 μᾶλλον
2467 2171 2604 2245 πρὸς
2657 2167 3026 2241 Ἀριστείδην,
3073 2170 3163 2224 καὶ
3222 2170 3465 2247 φαίνεται
3519 2172 3609 2226 τὸν
3667 2169 3833 2247 ἄνδρα

2186 2264 2375 2314 τοῦτον
2431 2257 2667 2331 μάλιστα
2712 2262 2820 2313 τῶν
2881 2256 3069 2313 ἄλλων
3132 2257 3450 2330 ἐζηλωκὼς,
3500 2259 3647 2329 πλὴν
3706 2261 3830 2316 ὅσον

2185 2348 2487 2422 Ἀριστείδῃ
2573 2349 2667 2421 μὶν
2757 2350 2792 2417 ἡ
2869 2347 3092 2423 γλῶττα
3153 2350 3434 2424 βροντῶσα
3501 2349 3595 2423 μέν
3666 2349 3827 2423 ἐστιν,

2185 2438 2560 2512 ἀστράπτουσα
2605 2434 2651 2491 δ’
2700 2434 2766 2490 οὔ
2802 2456 2813 2469 ·
2866 2436 3101 2511 ξυγκυκᾷ
3143 2438 3236 2509 μὶν
3281 2439 3383 2513 γὰρ
3432 2444 3602 2493 πᾶσαν
3660 2439 3828 2509 ἀκοὴν

2182 2533 2299 2590 τοῖς
2328 2527 2754 2601 ἐπιχειρήμασιν
2802 2526 2914 2600 οὐχ
2957 2526 3120 2593 ἦττον
3172 2523 3209 2595 ἤ
3261 2525 3535 2601 Περικλῆς
3566 2528 3665 2596 τήν
3708 2527 3830 2584 Ἐλ-

2184 2613 2342 2683 λάδα,
2424 2616 2513 2670 καὶ
2586 2620 2705 2676 ταῖς
2792 2619 2899 2668 τῶν
2980 2614 3429 2689 ἐπιχειρημάτων
3496 2615 3828 2691 ἐξεργασίαις

2182 2702 2471 2777 πλήσμιος
2510 2704 2616 2759 ἐστὶ
2670 2709 2787 2766 τοῖς
2832 2703 3128 2779 ἀκροαταῖς
3168 2704 3257 2758 καὶ
3321 2702 3565 2779 βούλοιτ’
3615 2704 3673 2759 ἃν
3704 2702 3827 2759 ἔκα-

2183 2815 2305 2856 στος
2338 2796 2435 2863 τῆν
2467 2797 2563 2848 τοῦ
2614 2792 2847 2869 ῥήτορος
2895 2792 3248 2868 ἐπισχεθῆναι
3301 2795 3481 2871 φωνην
3516 2812 3528 2823 ⁸
3563 2798 3644 2865 τῷ
3677 2791 3736 2848 δέ
3765 2815 3827 2867 γε

2179 2883 2463 2959 Γρηγορίῳ
2494 2882 2782 2955 ἀκόρεστος
2820 2885 2856 2951 ἡ
2903 2882 3123 2957 γλῶττα
3172 2887 3454 2957 πανταχοῦ
3491 2880 3777 2955 βάλλουσα
3809 2902 3822 2915 ⁸

2179 2982 2212 3051 ἥ
2247 3002 2304 3036 τε
2332 2983 2434 3058 γὰρ
2474 2981 2772 3056 εὐγλωττία
2800 2985 2908 3035 τῶν
2954 2980 3237 3054 ὀνομάτων
3286 2982 3375 3034 καὶ
3425 2982 3458 3050 ἡ
3511 2979 3821 3057 διῃρημένη

2177 3075 2274 3125 τοῦ
2322 3070 2489 3147 λόγου
2536 3072 2776 3140 συνθήκη
2849 3070 2938 3124 καὶ
2988 3071 3039 3125 οἱ
3095 3074 3204 3125 τῶν
3265 3070 3570 3145 σχημάτων
3620 3071 3823 3142 κόσμοι

2179 3157 2410 3232 οὐδεμιᾷ
2463 3164 2573 3214 τῶν
2621 3160 2794 3213 ἀκοῶν
2859 3158 2947 3236 ἀφ’
2997 3156 3204 3227 ἡδονῆς
3266 3161 3678 3229 καθεστήκασιν.
3734 3160 3824 3216 Ἐν

2175 3246 2410 3310 πολλοῖς
2439 3245 2494 3303 δὲ
2522 3252 2618 3302 τοῦ
2650 3246 2816 3322 λόγον
2862 3247 3047 3322 μέρεσι
3084 3254 3184 3317 τῆς
3223 3254 3495 3317 Λυσιακῆς
3527 3247 3820 3319 εὐστομίας

2177 3337 2557 3411 ἐμπέπλησται
2617 3335 2763 3409 αὖτῷ
2834 3337 2901 3391 τὰ
2958 3334 3376 3412 συγγράμματα,
3434 3338 3522 3391 καὶ
3587 3336 3827 3409 μάλιστα

2176 3426 2227 3482 ἐν
2257 3428 2334 3487 οἷς
2386 3426 2602 3503 ἀφελῶς
2645 3427 3024 3501 προοιμιάζειν
3075 3425 3410 3500 προῄρηται,
3460 3424 3569 3499 οὐχ
3612 3427 3687 3488 ὡς
3726 3447 3827 3480 κο-

2176 3514 2355 3585 λάζων
2414 3520 2509 3569 τοῦ
2560 3514 2729 3589 λόγου
2784 3515 2845 3568 τὸ
2898 3514 3121 3589 μέγεθος
3171 3511 3500 3584 ἐξεπίτηδες,
3557 3512 3685 3569 ἀλλ’
3742 3514 3823 3575 ὡς

2177 3604 2349 3667 οὕτως
2382 3598 2551 3679 ἔχων,
2603 3603 2798 3671 εἷπεῖα,
2844 3603 3077 3678 μελέτης
3130 3603 3220 3657 καὶ
3280 3602 3512 3680 φύσεως.
3564 3603 3831 3667 Λανθάνει

2177 3691 2233 3749 δὲ
2262 3695 2327 3749 τά
2359 3692 2545 3747 πολλά
2565 3692 2653 3747 καὶ
2683 3693 2785 3762 τὴν
2832 3689 3162 3749 Θουκυδίδου
3206 3692 3395 3769 φράσιν
3430 3692 3776 3765 μιμούμενος
3811 3713 3825 3725 ·

2175 3794 2363 3846 Θᾶττον
2427 3788 2483 3846 δὲ
2536 3791 2631 3846 τάξ
2683 3789 3031 3865 κοινολογίας
3081 3787 3417 3859 διαλλάττει,
3473 3790 3586 3856 καί,
3645 3789 3830 3864 βραχὺ

2172 3904 2224 3936 τι
2254 3883 2589 3956 τυραννήσας
2634 3885 2730 3935 τοῦ
2783 3878 2953 3955 λόγου
3001 3881 3102 3948 τήν
3159 3879 3401 3949 σύνταξιν
3447 3879 3537 3933 καὶ
3572 3876 3834 3953 διαθορυ-

2175 3968 2345 4041 δήσας
2403 3973 2502 4040 τήν
2560 3970 2751 4038 ἀκοὴν,
2795 3969 2871 4031 εἷς
2922 3969 3105 4023 ἐαυτὸν
3168 3970 3318 4030 αὖθις
3376 3968 3827 4022 ἀποκαθίσταται.

2173 4062 2341 4123 ’Ένθα
2398 4058 2456 4114 δὲ
2512 4060 2610 4127 τήν
2682 4060 2881 4131 σεμνὴν
2958 4058 3146 4135 φράσιν
3227 4054 3555 4128 ἐπιτηδεύει,
3612 4056 3671 4111 ἐκ
3723 4060 3833 4126 τῆς

2175 4151 2515 4223 Ἰσοκράτους
2575 4154 2761 4223 πηγῆς
2815 4147 3149 4221 ἀπαρύεται·
3230 4147 3428 4211 ἐκεῖθεν
3490 4143 3546 4201 δὲ
3605 4141 3831 4217 λαμϐά-

2173 4262 2278 4293 νων
2326 4246 2427 4308 τῆς
2481 4235 2623 4298 ἷδέας
2668 4237 2733 4291 τὰ
2782 4235 3013 4308 νάματα,
3075 4234 3173 4290 οὐκ
3220 4236 3324 4291 ἀπὸ
3376 4240 3472 4291 τοῦ
3513 4234 3627 4290 ἴσου
3656 4238 3832 4291 ταῦτα

2173 4333 2463 4404 προχεῖται
2523 4327 2817 4399 στόματος,
2873 4323 3021 4379 ἀλλά
3078 4324 3357 4402 συστρέφει
3413 4324 3501 4379 καὶ
3561 4344 3830 4399 σορογγυ-

2174 4418 2311 4487 λίζει
2370 4415 2580 4479 σωλῆνι
2637 4414 2894 4490 σφίγγων,
2963 4413 3037 4476 ὡς
3092 4414 3254 4475 αὐτὸς
3315 4435 3497 4491 φησιν,
3556 4412 3677 4468 ἀλλ’
3719 4415 3834 4469 οὐκ

2174 4505 2366 4584 ἄφετον
2392 4505 2491 4560 ἐῶν
2541 4508 2639 4559 τοῦ
2688 4501 2854 4579 λόγου
2906 4508 3232 4579 προχεῖσθαι
3279 4504 3340 4556 τὸ
3400 4502 3593 4577 ῥεῦμα.
3623 4502 3723 4563 Τάς
3762 4500 3825 4558 δὲ

2172 4593 2468 4671 Ἡροδότου
2519 4592 2723 4667 μούσας
2781 4593 2891 4667 οὐχ
2935 4593 3007 4654 ὡς
3059 4592 3259 4653 ἐκεῖνος
3308 4590 3658 4664 λεπτολογεῖ,
3691 4589 3826 4647 ἀλλ’

2190 4647 2579 4667 ---μηνπ
2705 4647 2721 4656 .
2852 4647 2891 4667 π
2995 4647 3006 4654 .
3246 4647 3257 4653 -
3567 4647 3657 4664 ,ι

2083 4647 2530 4757 Βάξίωματιοιάς
2593 4680 2871 4758 ἐργάζεται
2928 4681 3018 4735 καὶ
3069 4680 3287 4753 σεμνάς.
3344 4680 3467 4754 Οὐχ
3523 4678 3699 4752 ὥσπερ
3756 4678 3823 4735 δὶ

2170 4774 2230 4829 ἐκ
2285 4770 2512 4828 πολλῶν
2576 4770 2823 4847 ρητόρων
2868 4770 3170 4845 ἥρμοσται,
3230 4768 3372 4823 οὕτω
3425 4766 3491 4837 δὴ
3541 4769 3629 4822 καὶ
3677 4767 3825 4841 πρὸς

2167 4857 2385 4917 ἕκαστον
2416 4860 2502 4915 ἐπὶ
2553 4864 2660 4913 τῶν
2719 4862 2816 4913 τοῦ
2876 4856 3047 4933 λόγου
3111 4862 3289 4931 μερῶν
3342 4855 3597 4931 διῄρηται
3639 4873 3655 4889 ⁸
3689 4854 3825 4911 ἀλλ’

2169 4954 2348 5024 ὥσπερ
2407 4951 2474 5003 τά
2528 4946 2998 5022 συγκεραννύμενα
3054 4946 3327 5022 χρώματα
3374 4944 3516 5000 ἄλλο
3572 4966 3623 5000 τι
3670 4941 3827 5009 εἶδος

2165 5054 2332 5116 ποιεῖ,
2365 5047 2455 5101 καὶ
2500 5043 2610 5099 ἔστι
2659 5048 2820 5099 τοῦτο
2871 5044 2979 5119 οὐχ
3026 5045 3137 5098 οἶον
3186 5042 3384 5112 ἐκεῖνα,
3420 5041 3542 5097 ἀλλ’
3576 5040 3717 5096 ἔσυιν
3754 5041 3826 5096 οὗ

2164 5135 2393 5194 κάλλιον
2427 5135 2488 5189 τὸ
2606 5133 2821 5188 ἐκείνων
2874 5134 3050 5188 αὐτῶν
3085 5131 3150 5201 δὴ
3178 5132 3411 5199 τούτων,
3444 5132 3585 5186 οὕτω
3617 5128 3683 5198 δή
3722 5132 3824 5186 καὶ

2164 5229 2223 5282 τὸ
2276 5223 2579 5300 Γρηρορίου
2624 5226 2829 5299 χρῶμα
2874 5226 2971 5277 τοῦ
3020 5220 3191 5296 λόγου
3247 5219 3548 5291 διήνθισται
3600 5220 3693 5293 μὶν
3761 5220 3829 5276 ἐκ

2170 5315 2375 5390 μυρίων
2428 5313 2769 5388 χρωμάτων,
2814 5309 2924 5365 ἔστι
2971 5308 3027 5365 δὲ
3058 5309 3198 5366 ἄλλο
3245 5331 3296 5364 τι
3346 5310 3490 5383 παρά
3533 5312 3701 5363 ταῦτα
3724 5311 3825 5363 καὶ

2163 5403 2392 5459 κάλλιον
2455 5400 2671 5455 ἐκείνων
2730 5400 2876 5473 παρά
2926 5398 3090 5454 πολύ.
3140 5398 3212 5452 Οὐ
3260 5399 3359 5473 γάρ
3410 5398 3463 5451 αἱ
3521 5397 3827 5469 ἀκρότητες

2164 5495 2241 5549 ἀεὶ
2268 5492 2545 5567 κρείττους
2572 5492 2677 5543 τῶν
2735 5487 2910 5561 μέσων
2948 5506 2961 5521 ο
3018 5484 3145 5541 ἀλλ’
3196 5485 3335 5540 ἔστιν
3393 5486 3454 5540 οὗ
3481 5484 3645 5539 τοῦτο
3686 5506 3822 5539 συν-

2163 5581 2483 5659 ἀμφοτέρων
2542 5582 2749 5652 κρατεῖ.
2805 5578 3010 5650 Ἔγωγ³
3060 5573 3150 5630 οὖν
3199 5572 3323 5630 οὐδὲ
3368 5574 3663 5649 συναίρεμα
3707 5572 3823 5627 ἀλ-

2163 5670 2399 5745 λοτρίων
2430 5668 2517 5722 καὶ
2550 5664 2824 5742 διαφόρων
2877 5667 2967 5719 τὸν
3019 5663 3224 5718 ἐκείνου
3266 5662 3433 5739 λόγον
3466 5663 3634 5741 φημὶ,
3666 5659 3825 5718 ἀλλά

2167 5756 2420 5836 μονοειδῆ
2457 5757 2552 5830 μὶν
2597 5756 2697 5824 τὴν
2746 5754 2927 5829 φύσιν,
2974 5752 3155 5827 ὥσπερ
3206 5749 3271 5822 δὴ
3323 5753 3384 5807 τὸ
3417 5750 3574 5829 ῥόδον
3611 5749 3669 5806 ἐκ
3696 5755 3816 5806 τῶν
