4080 6350
215 406 331 467 905

1109 404 1212 465 DE
1256 403 1653 465 GREGORIO
1698 402 2140 480 THEOLOGO,
2191 403 2527 482 BASILIO,
2575 404 2746 466 ETC.

3519 411 3637 474 906

208 547 308 610 τῆς
355 546 459 616 γῆς
517 539 767 614 λαγόνων
811 536 974 594 ἄνεισι
1020 539 1154 611 μετὰ
1195 542 1293 594 τοῦ
1346 541 1575 613 φυσικοῦ
1622 538 1897 612 χρῶμα-γ

1994 539 2278 607 )raabens;
2313 539 2520 596 deinde
2550 546 2608 598 et
2653 542 2921 598 omnium
2954 543 3206 599 ferarum
3256 561 3456 603 vocem
3487 546 3632 607 imi.‘

207 651 325 700 τος,
356 627 624 698 πολυείδῆ
660 627 738 698 δὲ,
770 625 827 684 εἷ’
847 650 930 691 τις
971 629 1045 690 ὡς
1099 629 1276 704 μίγμα
1305 629 1369 683 τὸ
1395 631 1604 702 χρῶμα
1635 624 1862 700 διαιρεῖν

211 716 432 774 δύναιτο
462 719 598 793 πρὸς
629 716 924 796 διαφόρους
978 719 1174 793 χροιὰς
1222 717 1272 786 ἐξ
1312 715 1385 770 ὧν
1421 714 1479 770 ἄν
1510 737 1592 777 τις
1617 717 1862 771 τοιοῦτὸν

204 809 558 883 τεχνήσαιτο.
595 807 656 861 El
691 809 783 879 μὲν
835 805 926 861 οὖν
973 802 1154 879 ὥσπερ
1201 806 1300 868 τάς
1338 807 1607 874 πιθήκους
1647 805 1863 879 ὁρῶμεν

209 898 464 970 ἑτοίμους
517 896 592 958 εἷς
647 896 904 969 μίμησιν,
955 895 1017 950 οὐ
1064 897 1170 948 τῶν
1223 894 1551 962 ἐλαττόνων,
1601 892 1862 948 ἀλλὰκαὶ

203 991 313 1042 τῶν
351 985 636 1060 μειζόνων,
669 982 813 1040 οὕτω
843 982 909 1054 δὴ
959 984 1048 1038 καὶ
1098 985 1146 1038 εἴ
1189 982 1328 1038 λέων
1355 1005 1438 1044 τις
1481 982 1720 1058 ἐγεγόνει
1755 984 1868 1036 σώ-

209 1081 314 1144 ζων
352 1076 446 1147 μὲν
479 1073 656 1145 ἑαυτῷ
702 1073 793 1128 καὶ
841 1074 902 1128 τὸ
958 1072 1224 1147 βλοσυρὸν
1273 1071 1610 1143 ἐπισκύνιον,
1660 1073 1770 1126 εἶτα
1797 1068 1864 1138 δὴ

202 1165 296 1219 καὶ
354 1165 492 1235 πρὸς
546 1163 614 1217 τὰ
668 1159 776 1232 ἤθη
828 1162 915 1218 καὶ
971 1163 1233 1236 σχήματα
1278 1166 1385 1216 τῶν
1428 1160 1623 1233 ἐτὲρων
1681 1164 1864 1232 θηρῶν

206 1252 588 1326 μεθηρμόζετο
636 1252 726 1306 καὶ
769 1250 1022 1324 ἐμιμεῖτο
1067 1249 1364 1323 ξύμπαντα,
1403 1251 1479 1322 μὴ
1528 1244 1864 1304 καταϐαίνων

200 1347 301 1398 τοῦ
330 1341 664 1413 ἀξιώματος,
696 1339 828 1395 αὐτὸ
875 1338 935 1393 ἂν
973 1344 1133 1394 τοῦτο
1181 1339 1247 1408 ἧν
1281 1340 1310 1392 6
1341 1341 1483 1402 θεῖος
1515 1339 1674 1412 ἀνήρ.
1712 1339 1865 1393 Ἐστι

206 1431 308 1503 μὲν
358 1429 459 1504 γὰρ
514 1429 606 1484 τὸν
659 1426 827 1502 λόγον
889 1427 1063 1482 ὁπόσα
1129 1427 1265 1482 κατὰ
1314 1426 1472 1501 φύσιν
1533 1431 1615 1498 τῷ
1665 1423 1865 1496 λέοντι,

1979 631 2156 692 tatur,
2190 633 2247 682 et
2277 646 2339 683 se
2361 630 2430 683 ad
2485 647 2970 703 unumquemque
3020 635 3323 705 componit
3354 635 3635 709 imagine,

1979 716 2264 782 moribus,
2317 717 2544 772 habitu.
2597 718 2925 790 Unicuique
2975 721 3221 779 dialecto
3269 741 3444 780 suum
3504 743 3636 797 pro-

1979 805 2172 876 prium
2206 807 2449 862 innectit
2480 808 2773 877 mugitum
2808 828 2822 876 ;
2875 809 3208 866 Grecorum
3260 829 3393 869 vero
3439 824 3634 872 orato-

1978 911 2107 949 rum
2141 895 2395 966 quisque
2417 912 2480 951 se
2513 897 2583 951 ad
2609 913 2786 952 unam
2814 899 3096 956 orationis
3129 901 3372 957 formam
3400 920 3634 962 accom-

1980 985 2226 1040 modans
2259 985 2378 1039 sive
2410 984 2699 1041 excelsam
2735 986 2854 1042 sive
2886 989 3136 1044 mediam
3183 991 3303 1046 sive
3332 991 3636 1061 leviorem,

1977 1074 2048 1128 ad
2083 1090 2211 1128 eam
2250 1073 2436 1128 solam
2455 1075 2866 1146 confringitur.
2895 1076 3052 1131 Talis
3073 1085 3198 1134 erat
3216 1079 3494 1152 Gregorio
3508 1099 3638 1138 ora-

1977 1164 2057 1216 tio
2089 1180 2102 1228 ;
2135 1179 2460 1233 omnesque
2492 1163 2802 1219 aemulatur
2830 1170 3128 1222 oratores:
3164 1168 3266 1238 qui
3304 1170 3460 1225 enim
3493 1189 3639 1243 prie-

1979 1258 2068 1306 ter
2099 1251 2232 1306 illos
2285 1253 2656 1316 exstiterunt,
2692 1254 2737 1307 si
2777 1259 2906 1323 post
2954 1254 3086 1310 illos
3118 1257 3380 1326 quidem,
3414 1260 3488 1314 ab
3519 1259 3638 1317 illis

1979 1340 2232 1395 mutuati
2265 1346 2425 1404 sunt,
2459 1341 2506 1394 si
2541 1347 2676 1396 ante
2720 1342 2892 1409 ﬁlios,
2928 1343 3291 1414 pulchriores
3342 1348 3632 1420 imagines

1980 1433 2118 1483 sunt
2151 1446 2328 1500 quam
2362 1430 2651 1501 exempla.

207 1518 604 1592 ἀξιωματικὸς,
661 1512 892 1594 φοϐερὸς
947 1516 1241 1590 βλοσυρὸς,
1297 1515 1591 1590 ἀπρόσιτος
1659 1521 1778 1576 τοῖς
1852 1513 2090 1578 πολλοῖς
2158 1513 2195 1584 ἤ
2269 1514 2628 1591 δυσπρόσιτος
2661 1537 2674 1550 ·
2735 1513 2921 1573 ἔπειτα
2969 1517 3025 1574 δὲ
3073 1520 3162 1574 καὶ
3215 1526 3384 1576 πᾶσαν
3444 1531 3642 1596 μιμεῖ-

202 1629 296 1663 ται
351 1606 547 1681 θηρίοῦ
605 1607 822 1684 φωνὴν,
885 1605 974 1660 καὶ
1032 1605 1167 1676 πρὸς
1226 1600 1448 1659 ἕκαστον
1501 1601 1961 1678 διεσχημάτισται
2014 1609 2094 1675 τῷ
2123 1601 2276 1676 ε’ἰδει,
2305 1610 2386 1678 τῷ
2414 1608 2560 1676 ἤθει,
2588 1611 2667 1678 τῷ
2695 1610 2965 1683 σχήματι.
3001 1610 3234 1685 Ἐκάστῃ
3268 1609 3325 1666 δὶ
3356 1610 3624 1687 διαλέκτῳ

202 1699 269 1754 τὸ
329 1696 536 1752 οἰκεῖον
587 1694 1071 1771 παρεμπέπλεκται
1135 1693 1400 1770 βρύχημα
1436 1713 1449 1726 '
1505 1697 1614 1747 τῶν
1663 1691 1720 1747 δὲ
1769 1694 1895 1765 παρ’
1951 1692 2192 1765 Ἕλλησι
2237 1694 2484 1771 ῥητόρων
2534 1690 2759 1754 ἕκαστος
2811 1698 2933 1769 μίαν
2987 1696 3128 1753 ἰδέαν
3158 1705 3255 1755 τοῦ
3288 1700 3458 1777 λόγου
3513 1716 3641 1776 μεθ·-

205 1786 621 1862 αρμοσάμενος,
681 1783 715 1854 ἤ
774 1786 873 1854 την
934 1783 1155 1859 ὑψηλὴν
1199 1781 1235 1852 ἤ
1293 1783 1392 1852 τὴν
1446 1784 1613 1856 μὲσην
1687 1780 1722 1850 ἤ
1782 1783 1882 1850 τήν
1960 1781 2188 1855 λεπτὴν,
2246 1785 2382 1860 πρὸς
2460 1785 2629 1858 μόνην
2694 1786 2862 1855 αὐτὴν
2917 1787 3310 1845 ἀπεικόνισται.
3371 1795 3639 1855 Τοιοῦτος

210 1877 310 1950 μὲν
371 1874 463 1931 οὖν
513 1879 592 1947 τῷ
647 1874 939 1950 Γρηγορίῳ
997 1875 1025 1928 ὁ
1085 1871 1272 1949 λόγος,
1324 1874 1412 1927 καὶ
1473 1872 1610 1946 πρὸς
1671 1871 1978 1944 ξύμπαντας
2021 1870 2381 1947 διαμιλλᾶται
2438 1874 2570 1939 τοὺς
2627 1876 2861 1950 ῥήτορας
2899 1898 2911 1911 ο
2951 1877 3002 1931 οἱ
3035 1879 3138 1952 γὰρ
3169 1880 3460 1954 παρὰτοὺς
3493 1881 3647 1957 εἷρη.

211 1965 438 2038 μένους,
487 1963 533 2020 εἰ
589 1964 684 2036 μὲν
747 1963 864 2036 μετ’
920 1961 1174 2025 ἐκείνους·
1235 1960 1435 2026 ἐκεῖθεν
1495 1959 1834 2036 ἡρμόσαντο,
1867 1960 1911 2016 εἰ
1944 1959 2002 2016 δὶ
2049 1963 2156 2038 πρὸ
2215 1962 2457 2034 ἑκείνων,
2488 1962 2756 2028 καλλίους
2784 1967 2839 2020 αἱ
2890 1967 3092 2030 εἰκόνες
3117 1972 3225 2024 τῶν
3257 1969 3634 2048 παραδειγμά-

208 2074 343 2111 των.

278 2161 346 2234 γ’.
380 2160 442 2217 Ὀ
475 2156 532 2214 δὲ
586 2179 650 2232 γε
705 2156 870 2232 μὲγας
917 2155 1229 2219 Βασίλειος,
1276 2154 1458 2232 ὥσπερ
1510 2153 1577 2225 δὴ
1632 2160 1740 2210 τῶν
1777 2155 1870 2210 άν-

2048 2161 2102 2216 3.
2139 2159 2387 2232 Magnus
2437 2167 2632 2218 autem
2692 2163 2968 2229 Basilius,
3002 2170 3065 2220 ut
3121 2167 3320 2223 omnia
3376 2168 3640 2226 humana

209 2250 509 2321 θρωπικῶν
567 2249 784 2302 πάντων
836 2247 1094 2320 ὑπερορᾷ,
1147 2243 1292 2300 οὕτω
1335 2243 1401 2314 δὴ
1456 2239 1600 2300 ἔοικε
1638 2245 1867 2300 καὶτῶν

204 2337 470 2401 ἐπιθέτων
502 2343 601 2405 τῆς
648 2337 851 2410 τὲχνης
898 2334 1122 2408 κόσμων
1168 2340 1546 2412 καταφρονεῖν,
1609 2334 1699 2388 καὶ
1736 2333 1871 2408 βού-

207 2425 362 2482 λεται
397 2425 564 2486 αὐτὸς
594 2425 706 2480 οἷον
738 2422 905 2499 τὲχνο
949 2443 1033 2485 τις
1079 2423 1211 2478 εἶναι
1265 2427 1362 2477 τοῦ
1395 2421 1562 2498 λόγου
1599 2443 1610 2456 ·
1647 2420 1774 2476 ἀλλ’
1806 2421 1868 2476 οὐ

204 2516 347 2591 πρὸς
378 2514 578 2589 τεχνην
610 2513 757 2584 αὐτῷ
785 2511 1078 2568 πλάττεται
1109 2511 1175 2566 τά
1209 2512 1628 2587 συγγράμματα.
1651 2516 1780 2572 Τοῖς
1815 2508 1874 2564 δὲ

209 2604 444 2680 ῥήτορσι
478 2601 883 2676 συνωμιληκὼς
915 2601 1007 2656 καὶ
1047 2601 1308 2674 ξύμπασι,
1351 2598 1578 2673 δύναμιν
1610 2601 1703 2672 μὲν
1732 2599 1870 2654 ἐκεῖ·

207 2696 299 2748 Θεν
333 2692 754 2770 λογογραφικῆς
803 2688 946 2752 ἰδίας
997 2689 1283 2757 ἐσπάσατο,
1328 2690 1418 2744 καὶ
1480 2691 1698 2766 μακρῷ,
1739 2690 1876 2744 κατά

208 2804 276 2857 γε
307 2787 472 2837 τοῦτο
494 2782 558 2836 τὸ
591 2782 777 2855 μέρος,
808 2779 1046 2841 ἐκείνους
1100 2774 1467 2854 ὑπερεϐάλετο
1501 2799 1513 2812 ο
1548 2783 1873 2852 κακουργεῖν

210 2871 273 2928 δὶ
321 2873 399 2944 μή
449 2872 836 2945 προῃρημένος
882 2868 1008 2943 περὶ
1059 2868 1186 2930 τοὺς
1233 2867 1456 2942 λόγους,
1506 2867 1568 2922 οὐ
1619 2866 1784 2938 ζηλοῖ
1809 2868 1878 2922 τά

213 2960 413 3019 πολλὰ
439 2961 534 3022 τὰς
574 2956 915 3032 ἐμμεθόδους
959 2957 1167 3013 τούτων
1216 2955 1530 3027 δεινότητας
1565 2977 1576 2989 ·
1624 2957 1714 3012 καὶ
1764 2955 1877 3011 ἔστι

213 3053 317 3124 μὶν
381 3049 534 3120 αὐτῷ
561 3048 589 3101 6
622 3045 788 3121 λόγος
822 3044 1263 3116 ἀνεπιτήδευτος,
1307 3047 1506 3122 βροντᾷ
1537 3043 1594 3100 δὲ
1634 3046 1877 3120 ἀτεχνῶς

219 3140 410 3212 ὥσπερ
464 3136 525 3192 ἔκ
579 3139 778 3214 νεφῶν,
857 3135 948 3189 καὶ
1030 3140 1201 3190 πᾶσαν
1277 3134 1610 3206 ἀποκρύπτει
1665 3135 1875 3212 φωνήν.

214 3229 382 3285 ’Ἐστι
417 3223 474 3281 δὲ
521 3225 668 3296 αύτῷ
719 3225 780 3279 τὸ
829 3229 1043 3296 πνεῦμα
1094 3228 1192 3278 τοῦ
1240 3222 1407 3300 λόγου
1457 3221 1877 3297 Δημοσθενικὸν,

213 3319 348 3373 ὅσον
382 3316 593 3371 εἷκάσαι
625 3313 710 3388 (οὐ
759 3313 858 3390 γάρ
911 3315 1046 3368 κατά
1086 3312 1252 3384 ζῆλον
1305 3312 1510 3369 ἐκείνου
1559 3311 1828 3387 πρόεισιν)
1862 3330 1874 3342 ο

216 3402 618 3479 ἂπαράμιλλον
678 3399 756 3474 δὲ,
810 3397 865 3456 εἷ’
909 3423 993 3464 τις
1051 3402 1187 3477 πρὸς
1246 3399 1471 3472 ἄλληλα
1510 3401 1635 3462 τοὺς
1679 3399 1882 3474 λόγους

217 3492 527 3569 συγκρίνειν
564 3489 842 3566 βούλοιτο.
871 3491 947 3548 Τὸ
1001 3487 1058 3545 δὲ
1104 3511 1165 3565 γε
1205 3489 1696 3566 ἐπιχειρηματικὸν
1737 3486 1878 3551 εἶδος

213 3583 371 3654 αὖτῷ
422 3579 482 3636 ἐκ
525 3585 630 3634 τῶν
681 3577 1014 3656 Ἀριστείδου
1062 3576 1245 3652 λόγων
1299 3577 1358 3632 ἄν
1408 3600 1490 3641 τις
1541 3575 1880 3654 χαρακτηρί-

219 3701 365 3736 σειεν
405 3699 417 3711 ·
477 3677 603 3734 ἄλλ’
663 3677 716 3733 εἶ’
766 3699 847 3740 τις
906 3677 1142 3750 ἑκατέρῳ
1181 3671 1489 3752 προσϐάλοι
1557 3678 1656 3746 τήν
1691 3675 1882 3746 ἀκοὴν,

221 3770 426 3840 ἐκείνῳ
487 3768 581 3840 μὲν
632 3771 711 3840 τῷ
764 3767 955 3842 ῥήτορι
1006 3764 1217 3836 αὐτίκα,
1343 3765 1732 3835 άποκναισθείη
1792 3765 1882 3819 καὶ

1981 2248 2254 2320 despicit,
2288 2251 2368 2306 ita
2399 2256 2455 2304 et
2485 2251 2733 2318 videtur,
2769 2253 3030 2323 adjectos
3061 2254 3205 2310 artis
3236 2260 3477 2314 ornatus
3538 2259 3641 2314 de-

1984 2337 2225 2408 spicere,
2258 2343 2314 2394 ct
2343 2339 2466 2394 vult
2497 2341 2693 2412 ipsum
2727 2342 2896 2413 quasi
2931 2343 3212 2399 orationis
3243 2351 3428 2401 artem
3470 2347 3640 2416 fieri;

1984 2428 2084 2482 sed
2121 2443 2233 2482 non
2268 2430 2593 2484 secundum
2649 2435 2836 2485 artem
2889 2433 3018 2503 ejus
3050 2435 3270 2505 scripta
3316 2435 3640 2507 ﬁnguntur.

1985 2515 2127 2570 Cum
2161 2515 2494 2571 oratoribus
2527 2517 2817 2572 universis
2848 2521 3368 2587 conversatus,vim
3401 2522 3640 2593 quidem

1985 2604 2121 2659 inde
2152 2605 2446 2660 scribendi
2481 2605 2697 2672 bausit,
2729 2613 2788 2662 et
2819 2608 3071 2662 multum
3105 2624 3204 2664 eos
3247 2609 3303 2664 in
3338 2610 3448 2666 hac
3478 2615 3644 2683 parte

1988 2695 2322 2763 superavit;
2379 2711 2584 2749 nocere
2641 2701 2836 2750 autem
2896 2713 3028 2751 cum
3093 2699 3219 2753 suis
3277 2701 3644 2756 orationibus

1989 2782 2192 2847 nollet,
2216 2782 2563 2854 plerumque
2585 2801 2698 2839 non
2725 2785 2992 2840 imitatur
3019 2787 3408 2843 methodicam
3441 2806 3643 2845 eorum

1989 2871 2258 2944 peritiam
2285 2889 2298 2926 ε
2331 2877 2387 2926 et
2407 2874 2534 2942 ejus
2557 2874 2795 2944 quidem
2819 2875 3003 2930 oratio
3037 2892 3149 2930 non
3175 2893 3379 2932 curam
3402 2877 3644 2945 redolet,

1990 2965 2156 3016 tonat
2203 2967 2398 3016 autem
2443 2962 2615 3031 quasi
2665 2980 2734 3018 ex
2785 2964 2962 3028 nube,
3014 2969 3072 3019 et
3125 2982 3360 3021 omnem
3394 2966 3649 3022 extrahit

1989 3066 2212 3105 vocem.
2247 3050 2542 3106 Orationis
2573 3053 2703 3120 ejus
2735 3053 2980 3124 spiritus
3014 3053 3502 3110 Demosthenicus
3532 3060 3642 3121 est,

1991 3143 2280 3210 quantum
2314 3143 2504 3210 potest
2535 3139 2783 3210 conjici;
2835 3139 2999 3197 nulla
3027 3148 3226 3198 autem
3282 3144 3644 3214 comparatio

1991 3229 2305 3286 statuenda
2335 3233 2446 3295 est,
2478 3227 2528 3284 si
2563 3227 2695 3300 quis
2739 3229 3033 3286 orationes
3080 3231 3444 3293 orationibus
3473 3225 3648 3288 vellet

1962 3334 2350 3390 -comparare.
2393 3318 2888 3389 Argumentorum
2941 3324 3134 3375 autem
3184 3321 3312 3390 ejus
3363 3321 3550 3377 forma
3578 3337 3650 3376 ex

1992 3406 2271 3462 Aristidis
2295 3406 2662 3462 orationibus
2695 3406 2956 3479 apprime
2986 3407 3391 3480 insigniretur.
3416 3409 3475 3466 Si
3500 3410 3650 3466 utri-

1994 3513 2108 3568 que
2137 3512 2336 3550 aurem
2370 3495 2502 3566 quis
2553 3496 2857 3566 praeberet,
2887 3497 2958 3551 ab
3001 3496 3102 3552 illo
3152 3497 3388 3569 quidem
3419 3505 3651 3555 oratore

1993 3585 2419 3642 obtunderetur
2451 3589 2507 3639 et
2531 3585 2706 3639 aliam
2738 3586 3158 3641 transferretur
3187 3603 3408 3655 vocem,
3439 3588 3650 3643 oratio-

1994 3691 2136 3731 num
2173 3670 2367 3728 autcm
2395 3673 2595 3728 Basilii
2626 3674 2942 3730 tonitribus
2964 3675 3208 3730 suavius
3234 3675 3652 3746 disponeretur

1994 3769 2050 3820 et
2080 3765 2149 3819 ad
2183 3780 2386 3818 eorum
2419 3779 2632 3818 sonum
2666 3763 2925 3820 saltaret.

221 3859 369 3932 πρὸς
401 3855 578 3927 ἄλλην
610 3855 924 3930 μετενέγκοι
969 3856 1179 3931 φωνήν,
1212 3855 1348 3932 πρὸς
1389 3852 1446 3910 δὲ
1487 3855 1581 3918 τὰς
1624 3853 1912 3912 Βασιλείου
1961 3857 2065 3907 τῶν
2100 3849 2277 3928 λόγων
2333 3851 2560 3928 βροντάς
2606 3848 2867 3928 ἠδύτερον
2919 3849 2977 3907 ἂν
3038 3850 3307 3921 διατεθείη
3367 3852 3456 3908 καὶ
3519 3873 3648 3909 συν·

224 3948 598 4023 ιξορχήσαιτο
629 3944 752 4020 περὶ
779 3946 878 4014 τὴν
907 3945 1057 4020 ἠχώ.

303 4053 370 4111 δ’.
405 4057 659 4113 Τοιοῦτος
697 4052 791 4124 μὲν
823 4052 913 4106 οὗν
960 4052 1111 4123 αύτῷ
1156 4051 1245 4106 καὶ
1278 4053 1306 4106 6
1335 4048 1571 4129 ἀδελφὸς
1612 4047 1710 4126 ἔφυ
1743 4056 1884 4124 Γρη-

221 4146 441 4220 γόριος.
477 4140 715 4204 Οὐδένας
764 4143 868 4216 γάρ
917 4137 1089 4217 ἔγωγε
1136 4139 1454 4214 ξυμπάντων
1507 4139 1758 4217 ῥητόρων
1793 4159 1885 4212 με·

221 4231 722 4310 γαλοφωνοτέρους
759 4233 865 4284 τῶν
909 4227 1053 4284 δυεῖν
1096 4228 1303 4284 τούτων
1362 4229 1617 4301 ἐγνώκειν
1651 4225 1884 4301 ἀνδρῶν.

224 4322 398 4380 Ἀλλ’
429 4320 458 4374 ’ὁ
489 4325 604 4382 τοῖς
637 4317 833 4381 ἄλλοις
879 4317 1138 4395 ῥήτορσιν
1187 4319 1214 4373 ὁ
1256 4317 1534 4380 Νυσσαεὺς
1563 4319 1888 4387 καθεστήκοι

224 4410 571 4484 Γρηγόριος,
599 4413 760 4462 τοῦτο
791 4405 860 4476 δὴ
902 4409 1040 4481 πρὸς
1084 4407 1275 4463 τοῦτον
1314 4409 1342 4463 ὁ
1391 4409 1558 4483 μέγας
1588 4406 1889 4468 Βασίλειος.

223 4500 379 4576 Πρὸς
418 4499 640 4574 μὲνγὰρ
687 4499 786 4567 τήν
836 4497 1130 4554 Βασιλείου
1178 4495 1460 4573 σάλπιγγα
1516 4496 1668 4568 αὐλῴ
1717 4493 1776 4553 ἄν
1806 4517 1891 4558 τις

222 4591 334 4660 τὴν
375 4593 474 4644 τοῦ
522 4585 764 4663 ἀδελφοῦ
810 4587 1062 4662 γλῶσσαν
1121 4587 1378 4642 εἶ’κάσειεν
1412 4605 1424 4619 ⁸
1477 4587 1615 4662 πρὸς
1659 4583 1716 4640 δὲ
1763 4583 1890 4646 τοὺς

223 4679 360 4754 περὶ
411 4678 763 4750 Δημοσθένην
810 4676 900 4732 καὶ
951 4673 1287 4754 ’Δριστείδην
1337 4674 1616 4751 σάλπιγγα
1669 4676 1762 4730 τὸν
1801 4673 1893 4730 ἄν·

225 4767 338 4843 δρα
388 4771 580 4822 τοῦτον
625 4765 1066 4839 κατονομάσειεν.
1117 4763 1299 4822 Ἀλλὰ
1344 4765 1730 4840 πανηγυρίζειν
1798 4763 1893 4836 μὶν

223 4858 468 4928 ἥττηται
513 4854 796 4914 Βασιλείω
844 4857 991 4933 παρὰ
1027 4856 1174 4912 πολύ
1210 4875 1222 4888 ·
1273 4854 1612 4928 ἀνακαλύψαι
1664 4852 1721 4907 δὲ
1762 4853 1894 4928 βου-

226 4948 472 5019 λόμενος
506 4945 632 5008 σοὺς
664 4945 842 5009 θείους
891 4945 1181 5021 χρησμοὺς
1227 4947 1313 5000 καὶ
1352 4944 1525 4998 ὁπόσα
1554 4947 1660 4997 τῶν
1689 4940 1890 5017 λογίων

227 5036 556 5111 κέκρυπται.
611 5034 828 5090 ’ίόταται
889 5036 983 5108 μὶν
1036 5035 1163 5110 παρ’
1221 5033 1425 5090 ἐκεῖνον
1486 5030 1747 5107 ἀτρέμας,
1803 5031 1895 5084 κειἰ

230 5129 264 5182 ὁ
310 5124 610 5200 συγκρίνων
640 5121 807 5202 ἄμφω
832 5125 966 5178 κατὰ
1013 5128 1181 5178 τοῦτο
1230 5123 1292 5178 τὸ
1339 5122 1504 5198 μέρος
1539 5119 1638 5175 οὐκ
1667 5119 1728 5174 ἄν
1763 5119 1894 5194 ὑπὲρ

231 5213 528 5270 Βασιλείου
557 5213 624 5266 τά
648 5213 822 5266 πάντα
843 5210 1170 5286 ψηφίσαιτο.

309 5305 369 5359 ε’.
419 5303 480 5359 Ὁ
532 5299 590 5356 δὲ
629 5304 728 5371 τήν
787 5300 1035 5378 γλῶτταν
1092 5304 1330 5376 χρυσοῦς
1387 5301 1662 5370 Ἰωάννης,
1712 5297 1758 5353 εί
1806 5296 1896 5352 καὶ

225 5394 339 5462 τήν
402 5391 598 5464 ἀρετὴν
657 5390 800 5455 θεῖός
857 5391 970 5446 ἐστι
1026 5392 1111 5446 καὶ
1163 5396 1280 5452 τοῖς
1335 5396 1497 5444 πᾶσιν
1552 5389 1896 5463 ἀσύγκριτος,

225 5479 364 5538 ἀλλ’
393 5478 517 5556 οὐχ’
548 5480 729 5555 ὥσπερ
759 5484 866 5535 τῶν
912 5477 1124 5548 ἄλλων,
1157 5478 1300 5535 οὕτω
1346 5477 1413 5547 δὴ
1446 5479 1532 5533 καὶ
1566 5481 1672 5532 τῶν
1707 5476 1888 5550 λόγων

227 5571 615 5647 ὑπιρεώρακεν
648 5589 662 5603 ο
695 5568 824 5626 ἀλλ’
853 5563 964 5625 ἔστι
991 5576 1093 5639 τῆς
1123 5568 1325 5645 τέχνης
1356 5569 1430 5630 ὡς
1462 5567 1687 5638 άληθῶς
1714 5563 1891 5640 ἄγαλ-

231 5682 334 5737 μα.
385 5660 488 5716 Ἐκ
538 5659 715 5730 πάσης
759 5679 818 5714 τε
877 5660 981 5736 γὰρ
1028 5655 1170 5720 ἷδὲας
1220 5659 1588 5734 ξυνήρμοσται
1642 5655 1734 5710 καὶ
1792 5657 1890 5710 τοῦ

226 5747 531 5810 πολιτικοῦ
559 5747 728 5825 λόγου
766 5745 930 5827 ἄκρος
975 5746 1085 5804 ἐστὶ
1135 5743 1416 5820 ζηλωτὴς,
1445 5749 1551 5802 τῶν
1579 5764 1637 5800 τε
1658 5749 1761 5814 τῆς
1793 5741 1894 5823 ρη-

565 5881 828 5944 ΡΑτιιοι..
876 5881 989 5945 Gn.
1035 5877 1269 5943 CXXII.

2070 4049 2225 4106 Talis
2256 4053 2313 4105 et
2343 4050 2467 4121 ipse
2499 4050 2610 4105 luit
2657 4051 2786 4120 ejus
2817 4051 2995 4106 frater
3041 4052 3376 4122 Gregorius.
3409 4049 3647 4106 Nullum

1999 4140 2236 4211 quidem
2268 4156 2336 4193 ex
2374 4139 2653 4194 omnibus
2703 4141 3036 4195 oratoribus
3070 4141 3256 4210 magis
3299 4138 3651 4211 altiloquum

1997 4229 2130 4285 novi
2161 4245 2339 4299 quam
2391 4227 2524 4283 illos
2556 4229 2704 4284 duos
2757 4229 2935 4284 viros.
2970 4229 3132 4294 Quod
3184 4234 3380 4284 autem
3431 4233 3490 4284 et
3519 4227 3652 4284 aliis

1999 4319 2330 4374 oratoribus
2370 4322 2459 4372 est
2487 4318 2809 4389 Nyssenus,
2843 4317 2952 4373 hoc
2983 4319 3064 4372 illi
3101 4335 3352 4389 magnus
3385 4317 3650 4374 Basilius.

1999 4407 2151 4462 Dum
2173 4407 2332 4462 enim
2355 4406 2573 4477 aliquis
2598 4407 2799 4462 Basilii
2822 4408 3220 4477 eloquentiam
3252 4409 3404 4464 tubas
3435 4409 3657 4465 confer-

2002 4501 2108 4562 ret,
2141 4496 2339 4551 l'ratris
2370 4512 2565 4551 vocem
2591 4496 2744 4551 tibiae
2765 4495 3154 4564 assimilaret;
3181 4499 3280 4552 sed
3310 4497 3655 4554 Demosthe-

2003 4586 2063 4640 ni
2120 4591 2178 4641 et
2232 4584 2474 4640 Aristidi
2532 4590 2937 4656 comparatum
2999 4587 3201 4640 tubam
3262 4585 3418 4640 hunc
3466 4587 3657 4641 virum

2003 4674 2353 4729 nominaret.
2385 4673 2494 4728 Sed
2536 4672 2595 4727 in
2627 4672 3067 4728 laudationibus
3099 4673 3314 4729 Basilio
3347 4673 3530 4730 multo
3565 4674 3658 4730 in-

2003 4762 2177 4818 ferior
2202 4766 2329 4828 est;
2363 4777 2496 4816 cum
2529 4766 2724 4817 autem
2759 4761 2956 4816 divina
2987 4761 3226 4817 oracula
3278 4763 3534 4818 revelare
3567 4763 3657 4818 in-

2005 4852 2190 4908 tendit
2218 4857 2275 4906 et
2299 4866 2667 4921 quaecunque
2698 4851 2946 4920 antiqua
2977 4851 3445 4922 absconduntur,
3482 4867 3658 4923 prope

2003 4941 2170 4995 illum
2205 4944 2323 4995 stat
2355 4937 2704 5009 intrepidus,
2737 4944 2791 4993 et
2817 4940 2866 4993 si
2901 4938 3034 5009 quis
3065 4940 3235 4995 ambo
3263 4939 3320 4993 in
3354 4939 3461 4994 hac
3493 4944 3658 5010 parte

2004 5031 2266 5086 conferre
2297 5028 2451 5097 velit,
2487 5045 2600 5082 non
2632 5027 2830 5084 omnia
2862 5045 2964 5099 pro
2999 5027 3206 5084 Basilio
3255 5028 3418 5084 dabit
3447 5028 3657 5084 suifra-

2005 5135 2119 5190 gia.

2074 5300 2128 5354 5.
2159 5298 2417 5354 Joannes
2448 5301 2642 5351 autem
2674 5295 3146 5366 Cbrysostomus,
3177 5294 3227 5351 si
3274 5294 3488 5350 virtute
3511 5295 3661 5353 divi-

2007 5406 2122 5446 nus
2152 5392 2243 5444 est
2270 5392 2327 5440 et
2358 5385 2502 5441 nulli
2534 5383 2973 5456 comparabilis,
3008 5401 3126 5439 non
3159 5385 3661 5456 quemadmodum

2001 5479 2138 5546 alia,
2170 5481 2226 5532 et
2256 5476 2430 5531 verba
2479 5473 2779 5545 despexit;
2815 5474 2917 5529 sed
2965 5478 3056 5529 est
3085 5473 3255 5544 quasi
3309 5473 3458 5529 artis
3488 5490 3668 5531 orna-

2004 5570 2289 5622 mentum.
2349 5563 2637 5619 Omnibus
2694 5563 2852 5618 enim
2910 5562 3116 5618 formis
3176 5561 3564 5618 concinnatur
3609 5569 3670 5619 et

2002 5653 2251 5727 politiore
2279 5651 2624 5723 eloquentia:
2658 5650 2870 5706 ardens
2902 5650 3205 5706 aemulator
3233 5655 3326 5707 est
3354 5655 3412 5707 et
3442 5666 3670 5708 unum-

2005 5743 2281 5818 quodque
2335 5756 2404 5799 ex
2463 5741 2765 5798 rhetoricas
2824 5741 3143 5814 generibus
3200 5741 3519 5800 artiﬁcioso
3547 5744 3669 5810 tra-

3267 5872 3344 5934 29
