4080 6350
559 406 676 467 907
1904 406 2319 467 MICHAELIS
2365 406 2635 467 PSELLl
3876 411 3967 471 9m

565 541 697 595 ctat.
733 540 803 594 Et
859 539 1017 595 novit
1072 538 1306 611 quidem
1367 540 1667 613 oppositas
1725 555 1915 606 voces,
1972 538 2176 595 noviti

2353 540 2563 613 τορικῆς
2594 537 2753 594 εῗδῶν
2797 538 3023 596 ἕκαστον
3076 537 3341 616 ἐντέχνως
3394 537 3964 615 μεταχειρίζεται.Καῖ

564 629 894 701 panegyrici
953 629 1181 700 generis
1238 630 1763 701 pulchritudinem.
1828 632 1905 684 Ad
1968 628 2174 683 consili

2344 623 2434 679 ιῖδε
2461 626 2555 697 μὲν
2587 627 2681 687 τὰς
2730 627 3039 692 ἀντιθέτους
3091 629 3291 705 φωνὰς,
3342 626 3457 682 οἶδε
3509 626 3565 683 δὲ
3593 635 3695 697 τῆς
3726 649 3955 704 πανηγυ-

564 724 757 772 autem
790 723 1107 789 apparatur
1136 735 1251 773 non
1286 725 1407 773 arte
1440 724 1503 773 ut
1527 720 1727 791 regula
1757 736 1922 783 usus,
1958 720 2054 772 sed
2091 718 2175 786 ips

2350 721 2481 783 ιικῆς
2512 713 2652 778 ἰδέας
2682 717 2743 771 τὸ
2788 716 3019 779 κάλλος.
3074 716 3537 793 Διεσχημάτισται
3596 715 3655 772 δὲ
3711 718 3843 793 περὶ
3889 720 3961 779 τὰς

564 807 694 861 aliis
744 806 923 876 hujus
979 807 1209 879 generis
1260 810 1461 881 regula
1522 810 1779 863 effectus.
1820 809 1935 863 Nec
1986 808 2175 879 Lysia!

2354 799 2667 876 ὐμϐουλὰς,
2718 805 2778 860 οὐ
2827 807 3006 861 κανόνι
3053 806 3191 880 πρὸς
3241 811 3402 861 τοῦτο
3448 805 3515 881 τῇ
3552 805 3721 882 τέχνῃ
3766 810 3965 882 χρησά-

562 900 850 951 oratorem
883 896 1188 964 imitatur;
1235 900 1365 968 ejus
1410 905 1605 953 tamen
1640 898 1825 953 oratio
1880 897 2060 970 Lysiae
2089 913 2173 951 ora

2353 914 2510 958 ιενος,
2540 891 2667 947 ἀλλ’
2700 893 2858 956 αὐτὸς
2902 896 3105 968 ἑτέροις
3154 895 3332 949 κανὼν
3359 902 3461 965 τῆς
3493 892 3634 957 ἰδέας
3663 897 3964 969 γενόμενος,

561 984 788 1039 tionum
850 986 1221 1041 festivitatem
1291 991 1691 1058 repraesentat,
1762 994 2000 1058 excepto
2060 1003 2172 1058 quo

2353 982 2424 1037 [αἱ
2459 983 2659 1037 Λυσίαν
2699 984 2790 1056 μὲν
2827 982 2887 1037 οὐ
2943 989 3194 1056 μιμεῖται
3236 984 3327 1038 τὸν
3380 983 3585 1059 ῥήτορα
3618 1004 3631 1017 ·
3666 986 3696 1040 ὁ
3730 983 3786 1039 δὲ
3822 984 3964 1060 λόγος

560 1073 658 1127 ille
691 1072 1037 1145 simplicior,
1072 1075 1162 1131 hic
1196 1076 1592 1132 abundantior
1625 1082 1681 1131 et
1716 1076 2080 1147 splendidior
2110 1092 2171 1130 es

2351 1071 2476 1143 ιύτῷ
2533 1073 2668 1146 πρὸς
2721 1074 2820 1141 τὴν
2866 1074 3155 1145 εὐστομίαν
3196 1072 3400 1128 ἐκείνου
3468 1072 3785 1141 εἷκόνισται,
3840 1075 3962 1142 πλὴν

559 1162 797 1217 Extollit
828 1168 1021 1218 autem
1056 1164 1381 1220 orationem
1439 1182 1549 1219 non
1584 1165 1769 1237 tropis
1820 1169 1876 1220 et
1924 1164 2163 1235 allegori

2354 1159 2453 1215 ἴσον
2503 1162 2529 1215 ὁ
2584 1162 2677 1232 μὲν
2724 1161 3106 1238 ἀφελὲστερος,
3167 1163 3193 1216 ὁ
3252 1160 3309 1217 δὲ
3362 1160 3652 1239 ἁδρότερος
3701 1164 3795 1217 καὶ
3854 1163 3965 1237 λαμ-

561 1256 617 1306 et
670 1252 1114 1322 periphrasibus
1173 1270 1356 1323 neque
1417 1254 1615 1325 lyricis
1665 1258 1723 1308 et
1770 1253 2165 1325 dithyrambic

2353 1250 2611 1323 ερότερος·
2648 1251 2876 1326 Ἐξαίρει
2936 1248 2994 1306 δὲ
3048 1251 3142 1305 τὸν
3182 1250 3347 1326 λόγον
3404 1252 3467 1305 οὐ
3505 1258 3736 1325 τροπαῖς
3764 1252 3858 1306 καὶ
3887 1253 3964 1307 ἀλ-

560 1340 921 1411 nominibus,
954 1342 1055 1397 sed
1096 1349 1369 1398 accurata
1421 1342 1850 1415 compositione
1881 1347 1937 1398 et
1989 1341 2165 1413 phras

2351 1339 2624 1413 ιηγορίαις
2679 1338 2783 1394 καὶ
2827 1342 3231 1418 περιφράσεσιν,
3282 1338 3405 1395 οὐδὲ
3460 1347 3577 1403 τοῖς
3638 1337 3962 1418 ὑποϐάκχοις

563 1430 865 1501 dignitate.
2330 1429 2422 1482 καὶ
2456 1424 2805 1503 διθυράμϐων
2840 1429 3124 1502 ὀνόμασιν,
3172 1426 3319 1484 ἀλλὰ
3365 1433 3432 1503 τῇ
3482 1430 3721 1503 ἐμμελεῖ
3751 1433 3962 1505 συνθήκῃ

2331 1520 2422 1573 καὶ
2451 1524 2528 1590 τῷ
2559 1526 2657 1587 τῆς
2690 1521 2939 1595 φράσεως
2978 1520 3268 1592 ἀξιώματι.

634 1611 687 1663 6.
721 1610 839 1682 Ego
860 1610 1038 1681 igitur
1058 1610 1261 1666 vellem
1287 1616 1342 1666 et
1383 1616 1644 1683 Optarem
1695 1610 1933 1667 laudare
1966 1616 2032 1666 ut
2079 1610 2222 1666 Gre-

2404 1611 2468 1672 ς’.
2502 1611 2698 1683 Ἕγωγ’
2757 1607 2849 1663 οὖν
2910 1607 3220 1684 βουλοίμην
3281 1610 3369 1664 καὶ
3428 1610 3698 1685 ἀγαπώην
3757 1610 3961 1666 ἃνπαν-

566 1699 765 1771 gorius
795 1700 1125 1771 theologus,
1159 1701 1464 1771 splendide
1513 1702 1672 1773 loqui
1707 1707 1770 1755 ut
1829 1716 2081 1772 magnus
2115 1700 2177 1755 Βε

2351 1699 2603 1775 πορίζειν
2638 1699 2731 1770 μὲν
2782 1699 2855 1759 ὡς
2886 1700 2914 1753 ὁ
2960 1695 3221 1772 θεολόγος
3275 1700 3607 1775 Γρηγόριος,
3640 1698 3962 1778 λαμπροφω-

566 1788 754 1857 silius,
815 1788 1012 1843 divina
1084 1790 1322 1844 oracula
1398 1790 1690 1860 explicare
1770 1795 1832 1843 ut
1906 1788 2177 1859 Gregoriu

2352 1794 2437 1841 πεῖν
2473 1785 2529 1841 δὲ
2567 1788 2640 1849 ὡς
2687 1789 2714 1842 ὁ
2777 1786 2940 1862 μέγας
2997 1786 3303 1861 Βασίλειος,
3356 1787 3659 1864 ἐξηγεῖσθαι
3714 1786 3774 1845 δὲ
3815 1790 3963 1853 θείους

563 1878 885 1949 Nyssenus,
916 1878 1356 1933 deliberativum
1393 1895 1581 1951 genus
1630 1882 1883 1934 tractare
1912 1883 1969 1933 et
1998 1878 2174 1933 oratic

2349 1876 2622 1952 (ρησμοὺς
2679 1877 2753 1939 ὡς
2808 1878 2836 1932 ὁ
2896 1876 3170 1938 Νυσσαεὺς
3231 1879 3556 1954 Γρηγόριος,
3610 1877 3865 1943 ’ίστασθαι
3915 1876 3960 1933 δὲ

560 1984 692 2023 nem
726 1966 976 2022 hilarare
999 1967 1369 2038 simplicibus
1391 1974 1447 2022 et
1470 1967 1962 2023 inenarrabilibus
1985 1966 2171 2040 gratiis

2352 1968 2459 2042 ιρὸς
2489 1968 2551 2020 τὸ
2584 1961 3049 2039 συμϐουλεντικὸν
3100 1965 3242 2029 εἶδος
3293 1967 3384 2021 καὶ
3426 1965 3720 2045 ἀφηδῦνιιν
3772 1970 3861 2023 τὸν
3889 1966 3963 2022 16-

558 2062 623 2113 ut
652 2056 845 2113 divina
874 2056 1130 2130 Spiritus
1161 2059 1347 2113 sancti
1380 2057 1503 2128 lyra
1531 2056 2003 2130 Chrysostomus.

2347 2078 2417 2110 νον
2446 2061 2563 2118 ταῖς
2596 2054 2796 2118 ἁπλαῖς
2853 2056 2943 2110 καὶ
2988 2053 3318 2131 ἀδιηγήτοις
3361 2058 3603 2132 χάρισιν,
3639 2057 3719 2119 ὡς
3748 2059 3784 2128 ἡ
3808 2062 3958 2133 χρυσῆ

2322 2144 2463 2222 λύρα
2490 2150 2592 2199 τοῦ
2625 2144 2957 2218 Πνεῦματος.

1238 2518 1585 2648 ΤΟΥ
1684 2514 2480 2645 ΙΩΑΝΝΟΥ
2575 2511 3299 2645 ΨΕΛΛΟΥ

2151 2751 2384 2807 ΣΤΙΧΟΙ

1040 2932 1236 3026 ΕΙΣ
1347 2931 1665 3028 ΤΟΥΣ
1781 2930 2231 3027 ΑΓΙΟΥΣ
2350 2930 2712 3023 ΤΡΕΙΣ
2842 2928 3491 3025 ΙΕΡΑΡΧΑΣ.

1398 3279 2277 3433 JOANNIS
2376 3279 3094 3432 PSELLI

2104 3523 2382 3581 VERSUS

1216 3688 1350 3784 IN
1422 3684 1983 3782 SANCTOS
2048 3684 2373 3778 TRES
2443 3683 3314 3780 HIERARCHAS.

1532 3882 1702 3955 (Opp.
1735 3878 2024 3936 Theodori
2054 3877 2382 3949 Prodromi,
2413 3879 2491 3947 8°,
2525 3878 2762 3936 Basileaa
2797 3879 2979 3951 1536.)

541 4222 714 4287 Tace,
748 4222 1058 4291 spectator,
1088 4220 1145 4272 et
1173 4217 1345 4271 breve
1376 4230 1545 4269 mane
1576 4221 1830 4285 tempus,

2231 4214 2273 4281 C
2312 4214 2472 4282 Σῖγα,
2510 4208 2691 4275 θεατὰ,
2721 4209 2811 4264 καὶ
2847 4210 3053 4287 βραχὺν
3089 4216 3271 4283 μεῖνον
3306 4212 3529 4287 χρόνον.

542 4311 627 4366 Ne
658 4310 895 4381 quando
926 4307 1127 4363 turbes
1159 4305 1461 4378 pulchram
1496 4302 1983 4360 consuetudinem

1834 4302 1983 4358 inem
2307 4300 2519 4367 Μήπως
2549 4300 2775 4373 τεράξῃς
2800 4300 2899 4367 τὴν
2937 4298 3112 4367 καλὴν
3147 4300 3445 4368 συνουσίαν,

539 4404 609 4455 Et
662 4398 946 4454 mundum
1004 4397 1218 4451 damno
1278 4394 1499 4451 afﬁcias
1558 4408 1894 4449 sermonum
1947 4390 2150 4445 Numir

1843 4408 1894 4445 m
1947 4390 2199 4446 Numine
2308 4388 2409 4443 Καὶ
2444 4387 2731 4462 ζημιώσῃς
2757 4386 2961 4461 κόσμον
2994 4386 3205 4452 ἐνθέους
3236 4387 3454 4466 λόγους.

1813 4480 2194 4552 [afﬂatorum.

536 4580 579 4635 E
612 4578 755 4636 coelo
789 4577 944 4633 enim
977 4592 1179 4631 recens
1211 4575 1320 4631 hoc
1352 4574 1521 4629 tertio

2307 4564 2391 4633 Ἐξ
2425 4564 2651 4640 οὐρανοῦ
2681 4567 2783 4643 γὰρ
2807 4568 2926 4637 ἄρτι
2957 4567 3152 4623 τούτου
3176 4572 3275 4623 τυῦ
3305 4568 3491 4643 τρίτου

538 4667 707 4725 Venit
734 4668 981 4723 aﬁ‘erens
1008 4664 1223 4721 Paulus
1256 4664 1619 4719 aericursor:

2303 4654 2458 4708 ⁰Ηκει
2489 4656 2733 4727 κομίζων
2768 4654 2985 4720 Παῦλος
3008 4655 3428 4734 αἱθιροδρόμος,

540 4758 732 4814 Movet
784 4761 979 4813 autem
1032 4771 1273 4809 manum
1325 4753 1395 4808 ad
1452 4750 1766 4821 Scriptura;
1799 4746 2151 4803 ministeriui

1911 4746 2193 4803 listerium
2305 4747 2455 4796 Κινεῖ
2485 4740 2541 4798 δὲ
2571 4749 2735 4820 χεῖρα
2764 4745 2899 4820 πρὸς
2924 4752 3141 4823 Γραφῆς
3173 4745 3473 4821 ὑπουργίαν
3508 4762 3522 4777 ⁸

537 4846 709 4904 Orbis
743 4844 1098 4918 prodigium,
1135 4859 1378 4898 aureum
1414 4858 1477 4895 os
1507 4856 1519 4893 :

2305 4831 2649 4905 Οἰκουμένης
2676 4834 2738 4888 τὸ
2769 4835 2947 4906 θαῦμα
2968 4834 3029 4888 τὸ
3058 4839 3296 4910 χρυσοῦν
3330 4834 3525 4907 στόμα,

535 4937 830 4995 ,ιἘωυΙοτο
860 4940 1134 4990 caeterum
1168 4948 1337 5001 quem
1373 4934 1508 4984 ante
1531 4930 1747 4999 januas
1779 4926 1963 4995 vides,

2304 4920 2485 4991 Ζήλου
2513 4923 2574 4977 τὸ
2609 4922 2825 4991 λοιπὸν,
2860 4924 2917 4976 ὃν
2950 4924 3056 4998 πρὸ
3085 4928 3191 4978 τῶν
3216 4925 3389 4983 θυρῶν
3427 4922 3670 4999 βλέπεις,

542 5031 685 5083 Cum
716 5024 815 5081 illo
848 5027 1042 5079 autem
1077 5020 1291 5076 mirare
1321 5024 1377 5074 et
1404 5016 1601 5074 animo
1632 5014 1908 5070 consiste.

1860 5030 1908 5069 e.
2302 5010 2490 5083 Τούτῳ
2523 5009 2579 5066 δὲ
2610 5010 2950 5085 σὺνθαύμαζε
2978 5012 3069 5067 καὶ
3099 5011 3471 5089 συγκαρτὲρει.

1084 5167 1145 5221 In
1180 5164 1643 5233 Chrysostomum.

2800 5154 2892 5217 Εἷς
2918 5155 3008 5209 τὸν
3038 5154 3450 5229 Χρυσόστομον.

533 5296 622 5351 An
654 5293 919 5365 linguam
951 5288 1240 5359 repertam
1273 5282 1468 5354 ignem
1500 5282 1844 5353 spirantem,
1880 5280 2082 5353 pictor,

1990 5298 2082 5351 .or,
2301 5275 2656 5365 'Hqucav
2681 5277 2853 5354 εὑρὼν
2886 5282 2993 5365 πξρ
3015 5278 3298 5351 πνέουσαν,
3334 5278 3601 5359 ζωγράφι,

536 5383 732 5439 Solam
747 5361 1033 5443 femisisti,
1068 5378 1335 5429 metuens
1368 5370 1718 5427 ﬂammam?

2302 5363 2489 5437 Μόνην
2522 5366 2756 5443 ἀφῆκας,
2791 5361 3113 5438 εὐλαϐηθεὶς
3143 5368 3241 5437 τὴν
3276 5366 3458 5446 φλόγα
3489 5386 3502 5437 ;

530 5475 645 5529 Aut
674 5469 873 5527 omnia
902 5466 1125 5523 audens
1158 5461 1402 5518 ascribis
1434 5463 1587 5533 quod
1624 5477 1799 5516 urens
1830 5464 1939 5527 est,

2300 5458 2369 5513 ’Ἠ
2403 5457 2578 5511 πάντα
2605 5454 2829 5529 τολμων
2860 5458 3224 5535 προσγράφοις
3255 5457 3345 5513 καὶ
3375 5458 3438 5512 τὸ
3467 5454 3668 5535 φλὲγον
3697 5473 3710 5487 ⁸

527 5566 599 5617 Et
628 5563 799 5617 sonat
832 5556 1071 5630 quidem
1103 5557 1159 5608 et
1188 5550 1451 5623 loquitur
1479 5549 1915 5607 exhortationes
1936 5548 1964 5602 ‘I

1936 5548 1964 5602 ?
2215 5592 2265 5657 D
2297 5547 2393 5601 Καὶ
2429 5544 2705 5624 φθέγγεται
2741 5547 2835 5619 μὲν
2868 5546 2957 5601 καὶ
2991 5544 3151 5601 λαλεῖ
3180 5548 3542 5623 παραινέσεις,

2292 5630 2565 5657 ’ΔἹἿΏυνη
2617 5633 2746 5657 γλγᾲ.
2798 5634 2813 5657 Ι
2954 5634 3084 5657 κ,1ι
3128 5636 3141 5655 ν
3248 5636 3259 5657 1

526 5652 634 5707 Sed
665 5654 756 5707 est
787 5662 923 5705 voce
956 5642 1155 5718 gracili
1188 5656 1255 5696 ex
1284 5641 1397 5696 cibi
1430 5639 1824 5708 abstinentia;

1734 5639 1824 5708 ia;
2215 5630 2265 5657 υ
2292 5633 2451 5691 Ἀλλ’
2479 5630 2623 5691 ἔστιν
2657 5633 3004 5713 ἰσχνόφωνος
3034 5634 3085 5708 ἐξ
3116 5636 3345 5710 ἀσιτίας,

527 5742 716 5798 Meam
747 5742 1020 5795 caeterum
1054 5732 1211 5787 enim
1244 5745 1448 5787 aurem
1481 5745 1598 5786 non
1630 5728 1959 5803 praebebam
1986 5743 2001 5784 :

1952 5747 1959 5783 ι
1986 5743 2001 5784 :
2291 5725 2456 5799 Ἐμὸν
2486 5725 2548 5780 τὸ
2581 5723 2775 5780 λοιπὸν
2803 5725 2865 5780 οὐ
2894 5724 2998 5803 γὰρ
3030 5725 3122 5789 οὗς
3153 5727 3515 5805 παρεσχόμην
3548 5745 3563 5799 ;
