4080 6350
195 428 312 488 909
1366 425 1446 484 lN
1494 425 1606 485 SS.
1654 423 1853 485 TRES
1899 425 2424 487 HIERARCHAS.
3490 429 3613 490 9l0

194 560 303 612 Νῦν
334 557 429 612 οῦν
462 553 721 632 ὗποσχὼν
751 555 1031 632 γνώσομαι
1059 552 1114 611 τί
1145 576 1237 630 μοι
1269 553 1440 632 λέγει’

193 641 368 704 Βαϐαῖ
395 647 407 702 !
440 651 790 724 καταφρονεῖν
826 667 892 720 με
922 646 1092 702 πείθει
1124 649 1217 700 τοῦ
1245 645 1388 721 βίου.

583 789 676 852 Εἰς
707 788 1010 865 Γρηγόριον
1043 789 1136 843 τὸν
1169 787 1463 863 Θεόλογον.

193 917 253 971 Τί
285 937 370 970 σοι
399 915 462 970 τὸ
495 913 712 969 σύννουν
751 911 977 989 βλέμμα
1010 911 1284 988 βούλεται,
1319 913 1531 988 Πάτερ;

193 1005 378 1076 Λέξειν
409 1026 461 1059 τι
493 1008 680 1058 καινοῦ
711 998 943 1072 έκϐιάζει
980 1024 1073 1075 μοι
1103 1005 1267 1078 τάχα.

191 1093 359 1152 Ἀλλ’
400 1095 502 1150 οῦκ
529 1093 590 1149 ἃν
623 1090 803 1167 εὕρῃς
837 1097 940 1147 πᾶν
971 1093 1073 1169 γὰρ
1104 1091 1415 1168 ἀνθρώποις
1446 1091 1616 1162 ξένον,

187 1272 521 1351 Ἐγνώρισαν
553 1270 846 1350 φθάσαντες
874 1272 927 1327 οἱ
959 1271 1043 1327 σοί
1086 1292 1179 1344 μοι
1211 1268 1390 1347 λόγοι.

646 1416 740 1479 Εἷς
765 1415 857 1470 τὸν
891 1415 1060 1490 μέγαν
1095 1411 1399 1471 Βασίλειον.

192 1542 520 1617 Ἐπιπρέπει
547 1563 632 1603 τις
663 1542 990 1613 σεμνοποιὸς
1017 1539 1276 1615 ὠχρότης

189 1635 286 1705 Ἐξ
321 1631 627 1708 ἐγκρατείας
653 1629 733 1703 τῷ
759 1634 912 1707 σοφῷ
943 1627 1279 1701 διδασκάλῳ.

194 1719 358 1778 Ἀλλ’
387 1720 432 1776 εἰ
462 1718 692 1790 λαλήσει
729 1722 822 1792 ζῇν
858 1716 1007 1773 δοκεῖ
1037 1717 1138 1793 γὰρ
1166 1718 1252 1772 καὶ
1286 1716 1456 1780 τύπος

193 1811 397 1886 Τρυφὴ
427 1811 488 1864 τὸ
518 1815 736 1885 χρῆμα,
767 1808 1064 1883 τερπνότης
1092 1809 1127 1876 ἡ
1163 1803 1474 1884 φαιδρότης,

193 1899 413 1956 Οὐκοῦν
443 1899 511 1953 τά
539 1897 701 1974 χείλη
737 1897 872 1972 πρὸς
905 1895 1101 1972 λόγους
1138 1900 1328 1964 κινεῖς,
1359 1897 1554 1972 Πάτερ,

191 1989 336 2050 Τοὺς
361 1987 451 2043 καὶ
484 1986 670 2050 λίθους
707 1986 1021 2061 θέλγοντας’
1057 1983 1202 2040 ἀλλὰ
1238 1985 1313 2058 μή
1346 1983 1471 2061 λέγε

189 2081 376 2152 "An-sp
410 2074 676 2132 διδάσκων
712 2075 787 2137 είς
810 2074 1150 2146 συναίσθησιν
1185 2072 1354 2151 ἄγεις.

195 2167 421 2224 Δάκνειν
452 2167 551 2243 γὰρ
583 2163 702 2221 οἶδα
730 2169 916 2234 ταῦτα,
950 2163 1046 2220 κᾶν
1078 2165 1242 2238 στάζῃ
1275 2161 1425 2236 μέλι,

192 2263 327 2320 Τοῖς
360 2255 544 2312 ἔλκυσι
580 2254 859 2332 βρύοντας,
896 2253 945 2325 ἐξ
972 2255 1046 2308 ὧν
1081 2251 1407 2328 στυγνότης,

195 2353 350 2424 Πρρς
377 2347 438 2417 ἣν
471 2344 744 2422 ἐπαρθεὶς,
777 2344 866 2399 καὶ
896 2342 1118 2421 γράφεις
1151 2341 1294 2397 οὕτω
1330 2343 1519 2416 μόνον.

737 2489 833 2551 Εἲς
860 2485 988 2551 τοὺς
1017 2492 1164 2562 τρεῖς
1187 2489 1321 2560 ἅμα.

197 2619 371 2697 Τριὰς
405 2617 498 2692 μέν
532 2615 682 2692 εὗρεν
714 2611 1033 2687 ἰσαρίθμους
1068 2613 1418 2688 συμμάχους.

195 2796 584 2872 Ὑπερμάχους
616 2791 662 2848 δ’
687 2791 873 2865 ’ίστησι
905 2792 1088 2856 πίστις
1119 2787 1324 2860 ἐνθάδε,

198 2885 458 2958 Ἀνάξιον
487 2884 710 2961 κρίνασα
737 2883 828 2937 καὶ
860 2880 1048 2958 πόρρω
1081 2879 1274 2956 λόγου,

196 2979 301 3032 Ὧν
333 2978 454 3036 τοῖς
484 2970 678 3036 ἄλλοις
712 2971 922 3027 σύνεστι
953 2968 1094 3047 μηδὲ
1117 2975 1234 3032 τοῖς
1263 2969 1483 3033 τύποις.

199 3155 366 3212 ’Όθεν
394 3153 708 3231 γραφέντες,
743 3153 840 3224 ζῇν
868 3146 1110 3223 δοκοῦσι,
1139 3149 1228 3205 καὶ
1259 3146 1435 3224 λέγειν

200 3247 384 3318 νΑπερ
415 3243 669 3320 φέρουσιν
702 3241 757 3296 αἱ
790 3238 1078 3316 θεόγραφοι
1111 3233 1323 3314 βίϐλοι.

200 3330 422 3402 Ταύτην
456 3325 696 3404 ἀμοιϐὴν
725 3333 846 3390 τοῖς
876 3325 1226 3392 διδασκάλοις
1254 3326 1404 3401 νέμει

203 3420 423 3483 Εὔνους
460 3420 711 3494 μαθητὴς
743 3416 958 3488 οἰκέτης
987 3417 1272 3484 Ἰωάννης.

719 3560 816 3624 Εἲς
844 3560 934 3616 τὸν
968 3560 1378 3636 Χρυσόπομον.

205 3692 276 3748 ⁸0
309 3692 554 3765 χρυσοῦς
582 3687 740 3748 οὗτος
771 3686 929 3754 ἣλιος
958 3683 1066 3740 τῶν
1101 3682 1416 3760 δογμάτων,

205 3778 483 3836 Ἀκτίνεσ’
512 3775 702 3831 ἆπλῶν
728 3775 934 3844 ἠθικῶν
969 3771 1338 3849 διδαγμάτων,

207 3863 565 3934 Διασκεδάζει
597 3868 701 3919 πᾶν
729 3861 1066 3942 φιλάργυρον
1097 3863 1276 3939 νέφος,

206 3956 323 4014 Καὶ
352 3958 685 4033 φωταγωγεῖ
714 3958 843 4006 πᾶσι
870 3953 972 4022 τὴν
1006 3951 1302 4027 σωτηρίαν.

653 4096 745 4159 Εἰς
777 4097 875 4166 τήν
903 4096 1072 4152 αὐτοῦ
1115 4095 1447 4173 καθαίρεσιν.

201 4226 319 4280 Τὸν
355 4223 519 4293 ἥλιον
545 4221 836 4298 χραίνουσι
876 4219 1214 4295 πλασμάτων
1247 4221 1458 4292 σπίλοι,

200 4311 346 4372 “Οδ⁹
377 4309 524 4365 ἀλλὰ
554 4310 803 4388 φαιδρὸς,
835 4315 1009 4365 πᾶσαν
1045 4309 1260 4385 αὐγάζει
1291 4311 1482 4386 χθόνα.

203 4404 301 4462 Οὐ
331 4401 440 4475 γὰρ
471 4400 786 4476 ἀφανίζουσι
817 4399 1108 4477 φωσφόρον
1141 4401 1294 4476 νέφη.

205 4485 454 4548 Στίλϐει
485 4509 548 4563 γε
577 4489 804 4564 χρυσὸς,
829 4486 992 4563 κᾶνγε
1022 4485 1236 4562 χαλκὸς
1267 4487 1475 4561 ἐκρίθη.

203 4582 322 4638 Καὶ
357 4579 586 4653 Χριστὸς
612 4578 774 4640 αὐτὸς
805 4575 1090 4651 δαιμονᾷν,
1122 4582 1242 4652 φεῦ,
1274 4577 1486 4652 ἐκρίθη,

204 4673 411 4746 Φάγος
438 4689 518 4738 τε,
548 4669 638 4722 καὶ
667 4666 916 4745 φίλοινος
945 4667 981 4736 ἢ
1013 4671 1224 4741 πορνῶν
1255 4667 1438 4746 φίλος,

201 4758 510 4822 ’Δντίθεος
531 4758 594 4811 τὸ
629 4761 835 4828 μεῖζον,
864 4753 1088 4829 ἄνομος,
1117 4756 1349 4820 πλάνος.

203 4846 534 4924 Κατεκρίθη
569 4846 794 4920 σταυρόν
826 4865 883 4900 τε
911 4845 1000 4900 καὶ
1033 4843 1242 4920 χλεύην
1281 4844 1448 4915 πόσην
1476 4864 1491 4916 ;

205 5028 323 5085 Καὶ
359 5027 546 5081 καινὸν
577 5021 750 5093 οὐδὲν,
784 5023 830 5076 εἰ
861 5027 994 5079 Θεοῦ
1027 5028 1171 5086 θεῖος
1203 5021 1370 5094 θύτης

200 5122 444 5190 ’¹Ομοια
472 5114 675 5188 πάσχει
702 5113 789 5167 καὶ
821 5117 1154 5188 καθαιρεῖται
1189 5112 1408 5186 θρόνου.

1874 557 1928 623 Α
1957 557 2123 612 Nunc
2147 556 2324 630 igitur
2344 558 2700 616 submittens
2722 574 3073 632 cognoscam
3093 558 3234 632 quid
3257 557 3404 616 mihi
3429 559 3609 618 dicit:

1957 647 2158 718 Papae!
2194 648 2490 720 despicere
2526 649 2670 704 mihi
2697 651 2909 706 suadet
2937 650 3087 705 hanc
3117 649 3320 706 vitam.

2380 794 2445 847 In
2476 791 2798 864 Gregorium
2829 793 2962 850 Theo
2971 792 3181 864 logum.

1955 914 2103 979 Quid
2137 916 2248 971 sibi
2283 917 2405 972 vult
2436 917 2630 989 gravis
2656 917 2754 973 ille
2789 923 3086 990 aspectus,
3118 917 3332 974 Pater?

1957 1006 2155 1061 Dicere
2180 1005 2403 1077 aliquid
2436 1008 2565 1062 novi
2597 1007 2860 1078 erumpis
2892 1007 3036 1062 mihi
3065 1006 3282 1063 statim.

1955 1095 2067 1150 Sed
2100 1112 2212 1150 non
2246 1096 2544 1164 invenies;
2579 1096 2862 1168 quidquid
2894 1097 3051 1152 enim
3098 1095 3436 1152 hominibus
3467 1096 3608 1153 alie-

3413 1187 3605 1258 [num,

1957 1274 2172 1330 Notum
2208 1273 2351 1330 mihi
2383 1275 2664 1344 fecerunt,
2699 1276 3139 1347 praevenientes,
3164 1276 3248 1332 tui
3281 1291 3604 1333 sermones.

2447 1419 2508 1473 In
2541 1417 2796 1489 Magnum
2827 1419 3120 1475 Basiliam.

1957 1543 2130 1598 Decet
2156 1542 2397 1615 quidam
2428 1543 2779 1599 venerabilis
2812 1543 3000 1615 pallor

1957 1631 2038 1686 Ex
2067 1630 2427 1688 continentia
2458 1631 2781 1704 sapientem
2817 1633 3191 1704 magistrum.

1957 1724 2030 1776 At
2061 1722 2111 1776 si
2143 1720 2378 1794 loquela
2407 1721 2597 1777 vivere
2626 1721 2856 1777 videtur
2890 1722 3123 1790 (etenim
3156 1727 3328 1794 typus

1961 1812 2238 1882 Voluptas
2269 1810 2502 1875 divitiae,
2534 1814 2708 1882 typus
2740 1809 3073 1882 delectatio)
3104 1810 3371 1866 hilaritas
3399 1826 3414 1868 :

1884 1936 1929 2000 Β
1962 1901 2143 1970 Igitur
2175 1900 2331 1956 labia
2357 1900 2426 1955 ad
2460 1917 2762 1956 sermones
2794 1917 3012 1970 moves,
3047 1900 3235 1972 Pater,

1963 1991 2026 2045 Et
2058 1994 2251 2062 petras
2282 1989 2648 2046 emollientes
2683 2008 2694 2046 :
2731 1991 2829 2046 sed
2867 2007 2936 2046 ne
2968 1990 3128 2046 dicas

1961 2082 2094 2145 Quae
2125 2080 2386 2135 docendo
2421 2079 2492 2136 ad
2523 2095 2806 2135 sensuum
2839 2079 3270 2152 perceptionem
3329 2077 3610 2136 adducis:

1962 2169 2227 2225 Mordere
2257 2169 2414 2225 enim
2445 2168 2566 2224 haec
2599 2169 2753 2238 novi,
2785 2167 3054 2241 quamvis
3084 2167 3194 2224 mel
3229 2166 3472 2235 stillent,

1960 2259 2421 2314 Attractionibus
2452 2258 2714 2325 refertos,
2747 2275 2816 2313 ex
2848 2258 3063 2329 quibus
3096 2274 3345 2313 mceror:

1962 2348 2258 2404 Adversus
2291 2364 2465 2419 quem
2493 2347 2830 2420 insurgens,
2861 2346 2946 2402 sic
2977 2351 3208 2403 tantum
3242 2346 3474 2403 scribis.

2577 2493 2635 2546 In
2669 2499 2782 2546 (res
2810 2491 3000 2548 simul.

1969 2617 2227 2674 Trinitas
2275 2615 2512 2688 quidem
2556 2614 2780 2671 invenit
2821 2631 3068 2686 numero
3119 2615 3373 2687 aequales
3404 2632 3622 2689 propu-

3285 2704 3582 2777 [gnatores
3609 2719 3624 2761 :

1972 2798 2083 2852 Eos
2114 2798 2311 2850 autem
2344 2793 2588 2850 invictos
2619 2793 2808 2849 effecit
2838 2795 2983 2850 fides
3022 2794 3124 2862 ibi,

1972 2885 2285 2958 Indignum
2310 2882 2590 2954 judicans
2620 2887 2678 2938 et
2707 2884 3056 2952 absurdum,

1974 2976 2084 3031 Eos
2128 2973 2229 3045 qui
2287 2972 2508 3028 caeteris
2565 2972 2866 3042 conjuncti
2923 2975 3087 3039 sunt,
3142 2989 3258 3028 non
3316 2971 3535 3045 pariter
3565 2971 3625 3028 in

2611 3061 3070 3134 [exemplaribus
3100 3077 3229 3119 esse
3261 3063 3627 3134 conjunctos.

1975 3153 2108 3209 Ideo
2140 3151 2354 3224 depicti
2384 3152 2576 3207 vivere
2605 3151 2878 3206 videntur
2907 3155 2964 3206 et
2995 3150 3189 3207 dicere

1978 3247 2113 3310 Quae
2145 3259 2260 3315 prie
2293 3259 2356 3298 se
2387 3243 2583 3298 ferunt
2614 3259 2647 3297 a
2680 3246 2793 3297 Deo
2826 3241 3026 3313 scripti
3059 3241 3237 3297 Libri.

1897 3307 1941 3374 (ἶ
1981 3307 2616 3389 lianc-retributionem
2648 3331 2772 3386 suis
2804 3307 3104 3402 magistris
3138 3330 3350 3387 tribuit

1981 3423 2174 3478 Bonus
2205 3419 2536 3492 discipulus
2566 3418 2870 3475 familiaris
2899 3419 3176 3475 Joannes.

2518 3567 2589 3621 In
2623 3564 3088 3634 Chrysostomum.

1979 3695 2207 3748 Aureus
2239 3690 2336 3746 ille
2367 3688 2453 3746 sol
2485 3689 2857 3760 dogmatum,

1983 3781 2199 3838 Radios
2230 3780 2567 3852 expandens
2601 3776 2912 3832 moralium
2944 3776 3415 3850 disciplinarum,

1983 3869 2244 3942 Dissipat
2273 3884 2504 3924 omnem
2537 3883 2768 3937 avaram
2802 3865 3104 3936 nebulam,

1982 3957 2377 4015 Et'illuminat
2405 3957 2681 4013 omnibus
2710 3956 2863 4011 viam
2901 3954 3134 4012 salutis.

1987 4107 2047 4161 In
2103 4102 2346 4171 eiusdem
2401 4099 2696 4169 (Joannis
2744 4098 3194 4172 Cbrysostomi)
3244 4097 3638 4170 depositionem

1985 4228 2176 4284 Solem
2209 4226 2526 4297 inquinant
2559 4225 2967 4295 ﬁgmentorum
3002 4221 3243 4278 maculae
3273 4242 3287 4290 ;

1987 4317 2092 4373 Hic
2123 4320 2318 4372 autem
2351 4313 2699 4386 splendidus
2729 4317 2911 4368 totam
2944 4311 3204 4367 illustrat
3233 4316 3446 4366 terram
3472 4327 3484 4365 :

1986 4406 2112 4462 Non
2145 4405 2299 4460 enim
2333 4402 2667 4458 annihilant
2694 4401 3004 4457 luciferum
3039 4399 3362 4456 nubeculae.

1987 4495 2194 4567 Fulget
2221 4509 2452 4557 aurum,
2487 4491 2723 4546 tametsi
2753 4507 2830 4545 ωε
2859 4490 3188 4561 judicatum
3221 4495 3329 4557 est,

1988 4584 2058 4638 Et
2085 4583 2354 4638 Christus
2381 4581 2510 4652 ipse
2553 4582 2880 4636 demonum
2935 4578 3149 4633 habere
3197 4577 3500 4648 judicatus
3531 4582 3643 4648 est,

1911 4681 1956 4743 Ι)
1988 4672 2264 4738 Gulosus,
2295 4670 2560 4734 vinosus,
2595 4673 2925 4724 scortorum
2957 4671 3207 4730 amator,

1991 4761 2108 4816 Deo
2140 4757 2510 4815 adversarius
2544 4756 2755 4826 majus,
2787 4755 2973 4822 exlex,
3005 4754 3292 4810 erraticus
3318 4771 3331 4810 :

1992 4854 2318 4904 Damnatus
2347 4851 2438 4901 est
2486 4845 2555 4900 ad
2590 4860 2850 4912 crucem,
2883 4847 2940 4898 et
2984 4843 3054 4898 ad
3107 4843 3429 4898 ludibrium
3463 4859 3650 4914 quan-

3457 4931 3606 5001 [tum
3633 4929 3647 4984 ι

1993 5028 2061 5082 Et
2093 5025 2241 5081 nihil
2273 5040 2512 5092 novum,
2539 5022 2587 5077 si
2622 5021 2718 5077 Dei
2751 5020 2983 5076 divinus
3019 5019 3382 5076 sacrificator

1994 5115 2226 5173 Similia
2255 5114 2477 5186 patitur
2504 5117 2560 5167 et
2589 5111 2822 5182 ejicitur
2851 5109 3086 5165 throno.

1401 5339 1970 5436 EJUSDEM
2049 5340 2483 5436 PSELLI

903 5493 1320 5556 ENCOMIUM
1368 5495 1470 5554 ET
1515 5495 1882 5558 OFFICIUM
1929 5495 2328 5558 SYMEONIS
2376 5489 2981 5552 METAPHRASTIE

1373 5625 1519 5683 Vide
1550 5630 1781 5686 tomum
1818 5630 2018 5699 CXIV,
2049 5627 2159 5685 col.
2195 5626 2297 5683 183
2328 5628 2385 5681 et
2417 5624 2538 5680 199.
