4088 6350
560 432 683 492 911
1917 431 2205 492 MICHAE

2301 431 2340 491 S
2387 431 2650 492 PSELLl
3871 438 3983 497 912

577 592 3979 622 Ἥ

1276 777 1626 909 ΤΟΥ
1739 775 2439 906 ΑΥΤΤΟΥ
2552 776 3274 909 ΨΕΛΛΟΥ

2104 1006 2415 1081 ΜΟΝῼΔΙΑ

927 1171 1125 1264 ΕΙΣ
1210 1169 1466 1264 ΤΗΝ
1552 1171 1793 1263 ΤΗΣ
1882 1168 2240 1262 ΑΓΙΛΣ
2322 1168 2779 1264 ΣΟΦΙΑΣ
2867 1169 3608 1266 ΣΥΜΠΤΩΣΙΝ

1370 1376 2319 1651 EJUSDEM
2444 1497 3168 1650 PSELLI

2103 1730 2429 1790 MONODIA

802 1883 938 1977 IN
1007 1848 1985 1979 COLLAPSIONEM
2050 1881 2205 1977 TE

2293 1882 2534 1975 [PLI
2606 1882 3138 1978 SANCTXE
3198 1882 3729 1980 SOPHUE.

1451 2068 1588 2139 (Leo
1620 2066 1870 2123 Allatius
1900 2065 1959 2122 in
1993 2070 2114 2123 not.
2149 2065 2223 2123 ad
2253 2069 2460 2139 Georg.
2492 2065 2807 2138 Acropolit.
2843 2083 2899 2138 p.
2930 2066 3082 2139 281.)

619 2368 746 2423 Fuit
777 2366 955 2437 igitur
1013 2370 1070 2421 et
1118 2366 1423 2422 calamitas
1480 2366 1833 2432 calamitate,
1896 2372 1953 2423 et
2002 2366 2199 2439 passio
2230 2374 2281 2437 Α

540 2457 830 2527 passione,
864 2461 921 2510 et
966 2455 1162 2510 luctus
1211 2455 1393 2522 luctu,
1428 2464 1485 2511 et
1532 2457 1875 2512 lamentatio
1909 2457 2192 2512 lamenta-

536 2543 716 2611 tione,
753 2550 811 2598 et
839 2543 1091 2611 ejulatus
1138 2545 1363 2612 ejulatu
1398 2546 1587 2613 major
1617 2553 1674 2599 et
1724 2545 2044 2601 molestior.
2073 2545 2195 2599 Cm-

2388 2365 2479 2421 Ἢν
2560 2365 2661 2434 ἄρα
2730 2365 2819 2419 καὶ
2896 2364 3151 2442 συμφορὰ
3225 2371 3540 2443 συμφορᾶς,
3625 2366 3713 2421 καὶ
3796 2367 3959 2428 πάθος

2304 2453 2532 2523 πάθους,
2581 2453 2673 2507 καὶ
2724 2452 2868 2523 λύπη
2907 2452 3107 2525 λύπης,
3140 2454 3228 2508 καὶ
3287 2455 3537 2528 οἰμωγῆς
3597 2456 3952 2530 οἰμωγή,καῖ

2305 2548 2503 2615 θρῆνος
2555 2544 2757 2616 θρήνου
2810 2542 3009 2613 μείζων
3056 2564 3113 2598 τε
3160 2542 3247 2597 καὶ
3295 2543 3726 2619 ἀργαλεώτερος.
3765 2547 3863 2601 Καὶ
3892 2547 3953 2599 τὰ

536 2638 692 2688 teras
728 2634 967 2704 quidem
1001 2633 1389 2701 calamitates,
1440 2640 1694 2704 quantas
1727 2636 1839 2689 fert
1888 2636 2192 2701 memoria,

537 2722 775 2776 urbium
833 2723 1185 2789 eversiones,
1236 2721 1593 2792 templorum
1643 2723 2056 2789 desolationes,
2090 2723 2192 2778 do-

540 2828 773 2865 morum
834 2811 1061 2881 lapsus,
1118 2811 1568 2866 simulacrorum
1602 2829 1795 2877 casus,
1852 2813 2190 2879 seditiones,

539 2900 942 2962 abductiones,
994 2900 1357 2970 captivitates
1406 2902 1787 2970 cognovimus
1831 2906 1888 2956 et
1944 2902 2186 2957 scimus.

540 2989 800 3045 Vidimus
830 3006 957 3059 quea
990 3006 1105 3044 non
1164 3006 1630 3059 speraverauius,
1664 3006 1853 3060 neque
1882 2998 2190 3061 exspecta-

537 3094 827 3144 veramus,
853 3094 1043 3148 neque
1063 3094 1322 3149 unquam
1345 3078 1403 3131 in
1428 3087 1685 3132 mentem
1707 3078 2184 3135 induxissemus:

537 3184 729 3238 neque
782 3168 975 3237 majus
1051 3167 1273 3221 malum
1350 3167 1545 3222 videre
1620 3174 1745 3222 erat
1816 3169 1973 3238 (ante
2031 3170 2184 3239 quod

537 3256 779 3311 omnino
836 3271 1074 3311 necesse
1130 3256 1339 3311 fuisset
1389 3272 1683 3328 quemque
1740 3257 1946 3325 mori),
2006 3274 2183 3328 quam

534 3345 701 3414 illud,
736 3347 1004 3401 nostrum
1035 3345 1351 3415 mundum,
1404 3344 1639 3413 coelum,
1672 3345 1880 3417 solem,
1915 3353 2183 3403 nostrum

535 3434 895 3507 praesidium,
956 3435 1321 3506 confugium,
1385 3443 1647 3491 nostram
1708 3452 1896 3507 spem,
1948 3438 2182 3494 unicam

534 3524 865 3579 animarum
923 3523 1361 3593 adductionem,
1421 3523 1655 3580 unicam
1713 3526 2181 3597 opitulationem,

534 3614 966 3679 tulcimentum,
1017 3613 1519 3685 propitiatorium,
1552 3614 1972 3685 perpulchrum
2036 3624 2179 3671 tem-

534 3701 721 3774 plum,
778 3702 1296 3774 iucomparabilem
1357 3703 1597 3758 domum
1646 3720 1820 3774 quam
1878 3705 2184 3762 aediﬁcavit

536 3792 755 3863 Sophia
785 3792 845 3847 in
878 3809 984 3847 suo
1034 3792 1290 3859 nomine,
1325 3796 1382 3846 et
1434 3794 1604 3863 cujus
1637 3800 1860 3865 septem
1895 3794 2025 3850 illas
2057 3797 2183 3851 suf-

536 3881 701 3936 fulsit
731 3882 1075 3949 columnas;
1111 3898 1292 3953 supra
1335 3898 1533 3951 quame
1567 3898 1705 3937 suas
1750 3884 1937 3954 ipsius
1968 3886 2182 3941 immo-

536 3970 678 4025 lavit
722 3971 1013 4036 victimas,
1065 3976 1121 4025 et
1178 3971 1453 4040 poculum
1513 3971 1772 4026 miscuit.
1822 3972 1864 4027 0
1918 3973 2116 4029 dolorl
2150 3992 2183 4031 o

536 4055 879 4114 calamitas!
914 4076 945 4113 ο
981 4058 1326 4129 magnitudo
1380 4057 1705 4113 maloruml
1762 4061 1805 4115 Ο
1842 4059 2011 4117 llius!
2048 4064 2182 4134 quis

532 4166 647 4204 non
682 4156 736 4204 et
766 4166 935 4205 suam
968 4148 1233 4219 linguam
1275 4148 1553 4214 dedisset,
1588 4154 1652 4204 ut
1703 4167 1774 4205 ne
1806 4151 2178 4223 loqueretur:

533 4239 665 4309 quis
724 4255 838 4293 non
870 4238 1045 4294 etiam
1106 4238 1293 4293 libens
1351 4239 1561 4294 fuisset
1590 4241 1929 4305 suffocalus.
1989 4244 2180 4313 prius-

532 4344 709 4399 quam
740 4344 879 4383 voce
927 4328 1278 4399 exprimeret
1326 4328 1435 4383 hoc
1483 4328 1628 4383 illud
1680 4331 1834 4401 quod
1882 4335 2033 4387 Deus
2064 4338 2178 4388 ele-

529 4422 713 4489 gerat,
766 4417 921 4488 quod
972 4418 1397 4488 frequentabat,
1450 4419 1508 4472 in
1558 4436 1694 4490 quo,
1752 4425 1813 4474 ut
1866 4422 2059 4491 potius
2092 4423 2179 4477 di-

529 4507 804 4573 cendum,
852 4506 1173 4572 habitabat,
1222 4506 1280 4560 in
1330 4523 1444 4577 quo
1503 4507 1615 4561 sibi
1666 4509 2085 4583 complacebat,
2119 4511 2179 4567 in

530 4611 644 4666 quo
674 4596 1038 4659 versabatur,
1068 4596 1125 4650 in
1178 4597 1331 4667 quod
1367 4596 1624 4666 seposita
1662 4602 1828 4651 erant
1881 4600 2179 4670 pretiosis-

530 4686 705 4752 sima,
735 4684 929 4740 oleum
975 4686 1305 4752 odoratum,
1366 4684 1644 4751 chrisma,
1697 4687 1889 4758 regale
1936 4688 2176 4761 inquam

531 4780 589 4831 et
638 4774 1018 4840 sacerdotale,
1069 4775 1197 4829 dico
1258 4774 1682 4845 prodigiosum,
1726 4776 1826 4831 Dei
1881 4794 2092 4849 corpus
2123 4786 2180 4835 et

532 4863 812 4937 sanguis:
848 4864 906 4918 in
938 4881 1054 4934 quo
1113 4862 1534 4917 immolabatur
1591 4862 1688 4918 ille
1734 4865 1876 4935 ipse.
1918 4869 2059 4930 Quis
2088 4868 2175 4922 di-

530 4967 659 5008 cere
691 4951 929 5006 audebit
955 4948 1269 5005 eventum?
1300 4952 1434 5014 Quae
1468 4950 1667 5005 tulerit
1692 4952 1891 5008 anima
1923 4956 2177 5024 proferre

523 5038 771 5096 vocem?
825 5038 974 5094 Illud
1035 5040 1347 5104 famosum,
1407 5040 1756 5108 percelebre,
1818 5042 2173 5112 inviolabile,

520 5129 749 5195 cecidit,
782 5129 875 5182 hei
908 5127 1089 5182 mihi!
1125 5127 1336 5181 cecidit
1384 5132 1548 5182 terra:
1598 5136 1760 5184 motu
1793 5147 2166 5198 concussum,
2202 5150 2245 5213 ρ

515 5218 893 5273 succussione
924 5223 1089 5270 terra:
1121 5216 1426 5271 avulsum:
1487 5222 1544 5271 et
1575 5218 1675 5287 qui
1726 5219 1963 5291 inspicit
1992 5238 2170 5292 super

514 5311 752 5373 terram,
787 5308 889 5378 qui
938 5322 1065 5361 eam
1124 5311 1470 5374 commovet,
1522 5324 1637 5360 non
1683 5316 1912 5378 gratum
1941 5310 2169 5380 habuit,

520 5411 634 5450 non
668 5400 979 5450 veneratus
1008 5398 1117 5463 est,
1152 5411 1266 5448 non
1300 5394 1578 5450 misertus
1618 5400 1707 5450 est
1757 5396 1900 5452 illud
1933 5401 2166 5455 cadens.

520 5484 608 5537 Ad
641 5489 695 5539 te
729 5490 945 5550 tamen,
997 5501 1028 5537 ο
1090 5483 1365 5551 Verbum,
1411 5483 1700 5554 templum
1762 5485 1859 5541 Dei
1910 5493 1967 5542 et
1996 5505 2172 5559 agger

524 5572 744 5627 iactum
776 5579 833 5628 et
885 5572 1265 5635 dissolutum,
1298 5577 1354 5626 et
1412 5572 1483 5627 ad
1544 5573 1734 5644 ipsum
1791 5592 1995 5631 rursus
2039 5576 2168 5648 pul-

523 5675 719 5717 verem
750 5665 1156 5733 assurgentem
1188 5668 1243 5716 et
1290 5677 1528 5717 sursum
1567 5661 1810 5730 elatum,
1860 5681 1975 5721 non
2008 5682 2168 5721 aver-

526 5752 690 5806 satus
720 5755 829 5820 est,
882 5766 995 5805 non
1044 5753 1433 5822 compunctus
1482 5755 1573 5807 est
1630 5752 1701 5807 de
1748 5756 1805 5809 tc
1836 5753 2170 5813 misericors

2308 2632 2399 2703 μὲν
2458 2628 2601 2685 ἄλλα
2654 2635 2758 2683 τῶν
2792 2630 3149 2703 παθημάτων,
3186 2631 3283 2686 ὅσα
3335 2634 3424 2686 καὶ
3461 2635 3694 2705 μνῆμαι,
3736 2634 3948 2710 φέρουσι

2302 2718 2517 2774 πόλεων
2559 2722 2924 2797 κατασκαφὰς,
2976 2725 3117 2774 ναῶν
3166 2720 3494 2796 ἐρημώσεις,
3527 2721 3693 2776 οἷ’κων
3725 2722 3947 2798 ὲρειπώο

2303 2829 2434 2871 σεις,
2496 2808 2825 2883 ἀγαλμάτων
2885 2810 3262 2881 συμπτώσεις,
3320 2809 3568 2885 στάσεις,
3634 2812 3945 2888 ἀπαγωγὰς,

2304 2894 2693 2972 αῗχμαλωσίας
2742 2896 3051 2972 έγνώκαμέν
3095 2918 3153 2953 τε
3208 2900 3294 2953 καὶ
3338 2897 3586 2971 οἴδαμεν.
3621 2898 3861 2973 Εἴδομεν
3916 2900 3943 2953 ἃ

2300 2986 2399 3040 οὐκ
2454 2983 2790 3057 ἠλπίσαμεν,
2851 2984 2975 3042 οὐδὲ
3030 2985 3533 3063 προσεδοκήσαμεν,
3568 2988 3760 3044 οὐκᾶν
3818 3011 3941 3044 ποτε

2298 3074 2374 3136 εἷς
2432 3079 2553 3129 νοῦν
2613 3074 3058 3148 ἆόετυπώσαμεν·
3119 3076 3209 3130 καὶ
3268 3076 3329 3131 οὐ
3387 3083 3571 3149 μεῖζον
3616 3079 3782 3132 κακὸν
3849 3078 3939 3133 οὐκ

2295 3164 2360 3230 ἦν
2422 3161 2553 3217 ἰδεῖν
2607 3165 2696 3217 καὶ
2758 3164 2819 3218 οὗ
2872 3171 3271 3239 προαποθανεῖν
3319 3164 3621 3227 πάντωςᾶν
3682 3164 3939 3243 ἡνέγκατό

2293 3273 2398 3323 τις,
2458 3254 2712 3325 ἢτοῦτο,
2752 3253 2845 3307 τὸν
2892 3253 3098 3327 κόσμον
3158 3257 3342 3326 ἡμῶν,
3400 3256 3490 3310 τὸν
3543 3254 3797 3331 οὐρανὸν,
3851 3257 3935 3311 τὸν

2293 3340 2476 3412 ἥλιον,
2534 3343 2633 3411 τὴν
2682 3342 2908 3413 σκέπην,
2968 3343 3057 3397 καὶ
3115 3345 3426 3421 καταφυγὴν
3486 3345 3671 3416 ἡμῶν,
3704 3345 3807 3415 τὴν
3854 3344 3937 3401 ἦλα

2293 3428 2445 3499 πίδα,
2504 3433 2602 3501 τήν
2668 3432 2839 3504 μόνην
2873 3432 3253 3508 ψυχαγωγίαν,
3288 3433 3386 3503 τὴν
3423 3432 3593 3506 μόνην
3628 3433 3933 3507 ἀντίληψιν,

2290 3522 2353 3573 τὸ
2406 3516 2651 3593 ἔρεισμα,
2703 3521 2765 3575 τὸ
2798 3520 3140 3595 ἱλαστήριον,
3170 3523 3262 3576 τὸν
3314 3519 3622 3597 περικαλλῆ
3657 3522 3817 3591 νεὼν,
3850 3524 3933 3578 τὸν

2292 3608 2611 3683 ἀσῦγκριτον
2668 3610 2840 3678 οἶκον,
2874 3610 2932 3664 ’ὸν
2990 3607 3344 3684 ᾠκοδόμησεν
3394 3613 3428 3681 ἡ
3489 3610 3664 3690 Σοφία
3716 3611 3805 3667 ἐπὶ
3864 3621 3934 3684 τῷ

2292 3698 2483 3766 ἑαυτῆς
2537 3697 2807 3771 ὀνόματι,
2866 3700 2955 3753 καὶ
3006 3697 3066 3753 οὗ
3130 3700 3388 3775 ὑπήρεισε
3440 3700 3566 3761 τοὺς
3625 3700 3761 3755 ἑπτὰ
3818 3702 3936 3755 στύ-

2294 3784 2421 3848 λους
2478 3785 2728 3849 ἐκείνους·
2789 3788 2920 3861 ὑπὲρ
2978 3789 3039 3843 οὗ
3092 3790 3181 3843 καὶ
3238 3790 3435 3860 ἑαυτῆς
3490 3788 3679 3861 ἔσφαξε
3729 3790 3935 3864 θῦματα

2291 3877 2380 3931 καὶ
2438 3878 2527 3931 τὸν
2586 3884 2828 3952 κρατῆρα
2886 3875 3148 3952 ἐκέρασεν*
3186 3876 3230 3932 ὣ
3288 3884 3384 3933 τοῦ
3442 3878 3686 3943 πάθουςε
3741 3879 3787 3934 ὦ
3843 3887 3935 3950 τῆς

2292 3967 2610 4044 συμφορᾶςῑ
2646 3966 2689 4019 ὣ
2720 3970 2814 4020 τοῦ
2852 3968 3113 4041 μεγέθους
3161 3972 3268 4022 τῶν
3314 3973 3492 4024 κακῶν
3523 3970 3535 4023 !
3566 3966 3609 4023 ὣ
3654 3975 3756 4038 τῆς
3816 3967 3935 4027 Ἰλιο

2292 4052 2449 4118 άδοςέ
2502 4055 2597 4116 Τίς
2631 4055 2729 4109 οὐκ
2761 4056 2819 4109 ἃν
2850 4056 2939 4110 καὶ
2967 4059 3064 4126 τήν
3096 4056 3345 4132 γλῶτταν
3392 4054 3615 4132 ἐνδώκῃ,
3678 4058 3821 4113 ὥστε
3867 4060 3933 4130 μή

2291 4143 2497 4212 εἷπεῖνς
2547 4144 2637 4205 Τίς
2681 4143 2779 4198 οὐκ
2824 4142 2882 4197 ἂν
2934 4146 3023 4198 καὶ
3070 4144 3204 4198 ἑκὼν
3257 4144 3567 4221 ἐμπνιγεξηο,
3617 4146 3744 4219 πρὶν
3791 4144 3935 4201 ἐκλα-

2292 4232 2453 4302 λῆσαι
2501 4236 2691 4288 τοῦτον
2742 4232 2942 4287 ἐκεῖνον
3002 4235 3061 4288 ὃν
3091 4235 3118 4287 6
3151 4236 3281 4296 Θεὸς
3312 4234 3609 4307 ἐξελέξατο,
3642 4235 3688 4305 ᾧ
3720 4232 3930 4311 ἐπεᾳοίο

2287 4324 2446 4394 τα,ᾦ
2509 4322 2720 4395 μᾶλλον
2782 4322 2947 4377 εἰπεῖν
3008 4320 3283 4396 ἐνεδήμει,
3346 4324 3391 4396 ᾧ
3446 4324 3731 4398 ἠρέσκετο,
3766 4322 3932 4395 ᾧέπ-

2289 4412 2557 4484 ετέρπετο,
2608 4411 2681 4473 εἶς
2728 4412 2786 4465 ’ὸν
2831 4412 3079 4466 ἀπέκειτο
3132 4412 3198 4466 τὰ
3254 4413 3577 4483 τιμιώτατα,
3629 4412 3692 4466 τὸ
3746 4418 3929 4486 μῦρον,

2286 4502 2349 4556 τὸ
2394 4502 2627 4576 χρίσμα,
2678 4502 2737 4556 τὸ
2793 4501 3076 4575 βασιλικὸν
3134 4500 3278 4579 λέγω
3336 4504 3422 4557 καὶ
3484 4504 3776 4577 ἱερατικὸν,
3807 4500 3929 4557 εἴπω

2286 4591 2346 4645 τὸ
2404 4589 2703 4665 παράδοξον
2756 4592 2818 4645 τὸ
2874 4595 2971 4646 τοῦ
3030 4595 3162 4646 Θεοῦ
3216 4596 3376 4665 σῶμα
3430 4591 3517 4646 καὶ
3552 4593 3727 4664 uiua;
3793 4591 3843 4647 ἒν

2288 4679 2466 4735 ἐθῦετο
2518 4681 2695 4742 οὗτος.
2755 4680 2843 4741 Τίς
2899 4680 3067 4735 εἰπεῖν
3128 4680 3401 4754 τολμήσει
3425 4682 3485 4735 τὸ
3535 4682 3808 4757 γεγονόςς
3841 4682 3927 4741 Τίς

2287 4767 2466 4844 ἐνέγκῃ
2514 4770 2666 4845 ψυχή
2721 4776 3067 4845 προενεγκεῖν
3124 4770 3223 4839 τήν
3284 4772 3511 4848 φωνήν;
3544 4768 3720 4831 Οὗτος
3752 4772 3782 4825 6
3815 4768 3929 4825 διώ·

2284 4880 2475 4931 νυμος,
2525 4860 2552 4912 6
2602 4854 2953 4932 περιϐόητος,
2988 4860 3015 4913 6
3043 4857 3261 4931 ἄσυλος,
3314 4856 3518 4929 ἔπεσεν,
3554 4858 3705 4932 οἷ’μοι
3735 4860 3748 4916 l
3784 4858 3927 4914 ἔπεσε

2286 4951 2493 5019 σεισμῷ
2552 4948 2863 5015 κλονηθεὶς,
2915 4947 3003 5001 καὶ
3062 4949 3293 5022 βρασμῷ
3339 4952 3441 5023 γῆς
3486 4948 3801 5025 τιναχθείς·
3848 4950 3927 5002 καὶ

2285 5035 2313 5088 6
2341 5029 2650 5089 ἐπιϐλέπων
2712 5034 2797 5089 ἐπὶ
2828 5037 2925 5104 τὴν
2959 5041 3066 5111 γῆν
3120 5036 3208 5090 καὶ
3242 5042 3415 5091 ποιῶν
3464 5036 3631 5106 αὐτὴν
3688 5039 3923 5112 τρέμειν.

2286 5122 2383 5178 οὐκ
2439 5122 2765 5195 ηὐδόκησεν,
2826 5126 2926 5179 οὐκ
2979 5123 3184 5199 ᾐδέσθη
3242 5124 3363 5200 ἄρα,
3426 5125 3525 5181 οὐκ
3579 5124 3792 5196 ἠλέησε
3847 5129 3925 5180 πί-

2276 5234 2499 5267 πτοντα·
2559 5214 2695 5289 πρὸς
2725 5214 2781 5268 σέ
2830 5215 2954 5289 γαρ,
2998 5216 3026 5269 6
3088 5214 3283 5290 Λόγος,
3333 5216 3455 5277 ναὸς
3502 5219 3601 5270 τοῦ
3650 5220 3791 5270 Θεοῦ
3846 5214 3921 5267 καῖ

2281 5309 2450 5379 χῶμα
2507 5301 2796 5380 γενόμενον
2852 5305 2941 5359 καὶ
3003 5302 3422 5379 διαλελυμένον,
3454 5307 3542 5361 καὶ
3581 5308 3720 5382 πρὸς
3776 5306 3921 5361 αὐτὸν

2278 5391 2444 5447 πάλιν
2502 5394 2782 5469 κονιορτὸν
2844 5392 3130 5467 αἰρόμενον
3191 5394 3281 5448 καὶ
3342 5396 3778 5472 ἀναφερόμενον,
3836 5392 3922 5448 οὐκ

2278 5482 2633 5559 ἀπεστράφη,
2696 5481 2755 5536 οὐ
2813 5482 3073 5556 κατενύγη
3137 5481 3225 5538 ἐπὶ
3286 5484 3370 5538 σοὶ
3421 5485 3449 5538 6
3501 5481 3917 5560 εὔσπλαγχνος”

2278 5568 2469 5632 ἄθυτος
2501 5568 2589 5625 διὰ
2614 5575 2775 5625 τοῦτο
2803 5569 2948 5625 ἔσται
2980 5572 3071 5626 καί
3104 5570 3539 5650 ἀκαλλιέργητος
3566 5594 3580 5643 ;
3613 5574 3706 5628 καὶ
3739 5572 3916 5646 6:39.:-

2276 5664 2359 5715 νεῖ
2388 5657 2769 5733 ἀμελῴδητος,
2802 5660 2891 5715 καὶ
2916 5657 3179 5736 ἄψαλτος,
3211 5660 3299 5717 καί
3327 5662 3788 5743 ἁπροσφώνητος,
3835 5660 3911 5717 καὶ

2276 5750 2710 5831 ἀπροσεινιδητος.
