4088 6350
190 383 316 445 913

1141 387 1220 448 ΙΝ
1266 385 1861 449 COLLAPSIONEM
1905 385 2190 446 TEMPLI
2237 388 2303 448 S.
2351 387 2681 449 SOPHIIE.

3491 387 3609 446 9M

259 517 404 572 ’Avﬁ’
437 513 512 573 ὧν
540 518 640 576 eux
693 516 856 577 ἔπαθέ
902 541 954 576 τι
1016 519 1103 576 ἐπὶ
1148 523 1217 595 τῇ
1265 513 1525 595 συντριϐῇ
1570 539 1687 574 σου’
1720 516 1846 576 ἀλλ’

1959 518 2075 576 ille.
2107 519 2244 575 Sine
2275 521 2562 577 sacriﬁcio
2594 525 2900 594 propterea
2924 521 3035 578 erit
3065 525 3121 577 et
3167 520 3294 578 sine
3342 517 3605 592 pulchris

190 605 352 676 ἔθηκε
374 608 435 663 τὸ
464 610 755 685 πρόσωπον
789 611 954 667 αὑτοῦ
983 613 1057 673 ὡς
1087 612 1327 686 στερεὰν,
1359 611 1580 686 πέτραν,
1606 605 1680 662 ’ἶν’
1721 604 1839 681 εἰδῇ

188 697 278 751 καὶ
306 699 492 770 αὐτὸς,
525 701 569 755 εἱ
610 699 698 755 καὶ
729 701 842 770 νῦν,
895 701 971 763 ὡς
1003 699 1197 769 ἔοικεν,
1233 698 1613 768 ἐπιλέλησται,
1658 696 1728 750 ’ἶν’
1761 699 1847 752 ἁν-

189 786 476 862 θρωπίνως
553 787 691 845 εἷ’πω
763 791 854 846 καὶ
911 791 1246 866 περιπαθῶς·
1321 789 1396 851 ὡς
1453 785 1735 864 ἅνθρωπός
1789 807 1846 841 τε

188 875 390 952 ἐγένετο
441 879 532 933 καὶ
606 881 672 934 τὰ
745 880 1035 954 σωματικά
1088 876 1388 949 ἀνεδέξατο·
1453 878 1607 951 ὑμεῖς
1665 873 1722 931 δὲ
1792 876 1844 930 οἱ

189 966 297 1020 υἱοῖ
360 969 502 1022 Σιὼν
563 970 616 1024 οἱ
657 968 856 1044 τίμιοι,
910 971 963 1024 οἱ
1022 968 1352 1046 λειτουργοὶ,
1391 968 1481 1024 καὶ
1537 968 1723 1042 ἱερεῖς,
1754 965 1843 1021 καὶ

186 1057 338 1120 θύται
368 1063 468 1114 106
503 1058 743 1134 μεγάλου
790 1060 878 1114 καὶ
929 1062 1118 1116 καινοῦ
1160 1057 1420 1131 θύματος,
1453 1057 1542 1112 καὶ
1576 1054 1630 1111 εἷ’
1653 1077 1702 1110 τι
1729 1053 1841 1110 ἓτε-

185 1168 278 1223 ρον
337 1147 388 1202 ἐν
449 1146 741 1219 διακόνοις,
803 1151 889 1205 καὶ
956 1146 1334 1210 ὑποδιακόνοις
1365 1146 1842 1222 τοῖς-αἹρουσιτά

183 1236 346 1306 σκεύη
382 1237 470 1293 καὶ
523 1238 842 1316 καθαίρουσι
887 1239 978 1294 καὶ
1014 1237 1362 1314 μελουργοῖς,
1404 1237 1494 1293 καὶ
1541 1233 1836 1309 μελῳδοῖς,

180 1325 267 1379 καὶ
303 1323 538 1400 ψάλταις
590 1327 841 1400 σύστημα
884 1348 962 1395 τε,
994 1327 1085 1381 καὶ
1137 1325 1444 1402 πλήρωμα,
1476 1325 1551 1391 οἳ,
1585 1323 1657 1385 ὡς
1687 1325 1840 1397 Ἱερε-

182 1413 310 1485 μίας
343 1416 499 1493 φησί,
530 1417 626 1478 τὰς
659 1416 894 1491 ὑψώσεις
946 1420 1043 1470 106
1074 1420 1207 1471 Θεοῦ
1237 1414 1290 1469 ἐν
1318 1419 1396 1486 τῷ
1429 1413 1654 1489 λάρυγγι
1681 1432 1835 1486 περι-

178 1500 453 1580 φὲροντες,
506 1508 611 1558 1:06
661 1508 756 1559 νῦν
811 1506 1166 1579 μετετέΘητες
1201 1507 1312 1558 1:06
1360 1506 1447 1556 v6v
1479 1501 1834 1576 ἀθροίζεσθε;

178 1602 296 1660 πῶς
356 1598 593 1678 ἐστράφη
654 1600 732 1663 εἷς
789 1602 983 1663 πένθος
1039 1603 1073 1670 ἡ
1135 1600 1282 1676 χαρά
1341 1600 1490 1673 ὑμῶν
1541 1617 1554 1667 ;
1606 1601 1724 1661 πῶς
1779 1597 1834 1651 αἶ

179 1686 362 1764 ἑορταὶ
420 1687 496 1749 εἷς
545 1695 748 1763 θρῆνον
784 1708 798 1758 ;
832 1688 894 1744 οὐ
953 1687 1121 1744 καλὸν
1168 1689 1232 1758 ἦν
1292 1689 1419 1761 ὑμῖν
1451 1687 1546 1742 κπι
1578 1684 1729 1740 ὅσιον
1758 1684 1833 1747 ὠς

178 1779 268 1833 καὶ
328 1779 454 1852 ἐμοὶ
485 1781 575 1835 καὶ
614 1787 771 1835 πᾶσιν
823 1779 970 1851 ἔδοξε
1017 1782 1438 1856 προαποθανεῖν,
1471 1779 1506 1848 ἢ
1561 1781 1831 1841 συνθανεῖν

177 1869 258 1940 τῷ
315 1870 681 1943 συμπτώματι
715 1888 728 1939 ;
762 1871 908 1927 Ἐπεὶ
964 1867 1021 1925 δὲ
1068 1871 1097 1924 ὁ
1146 1869 1274 1931 Θεὸς
1327 1872 1420 1942 ζῇν
1453 1871 1588 1941 ἡμῖν
1638 1863 1827 1938 ἔδωκε,

177 1958 270 2013 καὶ
317 1958 728 2033 ἐγκατάλειμμα
779 1961 928 2033 ἡμᾶς
989 1961 1118 2033 ὑμῖν
1176 1956 1554 2034 ἐῃατελὲξατο
1589 2000 1603 2025 ,
1660 1961 1827 2027 ζητῶ,

177 2051 286 2102 1:06
315 2046 378 2102 τὸ
403 2047 548 2124 ἱερὸν
583 2049 734 2122 ὑμῶν
783 2051 1012 2119 κάθηται
1053 2051 1144 2103 νῦν
1176 2049 1210 2119 ἢ
1237 2047 1450 2102 ’ίσταται
1483 2045 1828 2121 σεμνολόγη-

180 2160 278 2212 μα,
309 2143 416 2194 1106
463 2141 498 2208 ἡ
552 2139 880 2209 συνέλευσις,
913 2145 1019 2195 ποῦ
1066 2142 1101 2210 ἡ
1153 2142 1448 2210 συζήτησις
1488 2143 1593 2193 τῶν
1643 2159 1832 2215 γραφιο

170 2231 282 2282 κῶν
338 2227 521 2305 ῥητῶν
554 2248 566 2297 ;
601 2228 652 2283 τί
713 2228 835 2305 περὶ
897 2236 997 2299 τῆς
1054 2235 1340 2304 συμφορᾶς
1398 2227 1608 2299 ἐκείνης
1668 2227 1829 2304 φιλο-

166 2331 386 2402 σοφεῖτε
438 2353 452 2396 ;
498 2327 624 2402 περὶ
704 2322 1075 2398 εὐδοκήσεως,
1133 2327 1254 2398 περὶ
1334 2327 1828 2402 παραχωρήσεωςς

167 2420 190 2437 ‘
223 2414 419 2487 νομίας
455 2435 470 2485 ;
501 2413 626 2490 περὶ
658 2419 768 2468 τῶν
800 2413 1095 2491 ἀνεφίκτων
1127 2413 1390 2491 ῥημάτων
1427 2433 1442 2484 ;
1475 2411 1528 2468 εἷ’
1562 2435 1643 2477 τις
1665 2411 1824 2483 ἐδόθη

170 2505 326 2576 ὑμῖν,
375 2503 409 2572 ἢ
470 2502 823 2575 ἀπεκαλόφην
887 2503 1084 2580 λόγος,
1143 2501 1328 2559 εἴπατε
1368 2503 1458 2558 καὶ
1509 2505 1584 2576 μὴ
1638 2502 1830 2572 ἐάσητε

168 2593 326 2665 μόνῳ
408 2597 490 2664 τῷ
573 2592 963 2666 ἀποσπάσματι
1046 2597 1145 2648 106
1223 2593 1372 2668 ἱεροῦ
1447 2590 1824 2668 προσανέχειν·

162 2681 266 2736 οὐκ
307 2680 447 2737 ἔστιν
481 2679 533 2736 ἐν
565 2687 645 2755 τῷ
669 2686 844 2756 καιρῷ
871 2681 1050 2756 τούτῳ
1074 2686 1096 2707 *
1126 2680 1337 2758 ἅρχων,
1377 2703 1468 2737 και
1517 2684 1828 2760 προφήτης,

161 2770 254 2824 καὶ
297 2770 628 2846 ἡγούμενος,
680 2769 806 2827 οὐδὲ
857 2769 1254 2842 ὁλοκαύτωσις,
1305 2769 1429 2827 οὐδὲ
1476 2771 1649 2839 θυσία,
1701 2769 1830 2826 οὐδὲ

163 2859 476 2937 προσφορὰ,
547 2857 676 2916 οὐδὲ
742 2862 1189 2935 θυμίαμα²⁹πῶς
1253 2866 1331 2932 τῷ
1389 2866 1674 2937 καρπῶσαι
1739 2859 1828 2916 ἐν-

169 2949 346 3003 ώπιόν
407 2970 504 3004 σου
560 2948 651 3005 καί
709 2951 881 3026 εὑρεῖν
941 2945 1114 3014 ἔλεος
1152 2949 1310 3007 Ἀλλ’
1368 2950 1524 3024 ὑμεῖς
1586 2951 1678 3024 μὲν
1736 2949 1826 3005 καὶ

163 3039 459 3109 ⁴σώζοισθε,
487 3039 577 3094 καὶ
627 3037 799 3095 ἴδοιτε
838 3042 939 3110 τὴν
991 3039 1107 3095 νὲαν
1160 3040 1526 3117 Ἰερουσαλὴμ
1564 3039 1824 3117 ἐναγομέ-

165 3149 263 3195 νην
311 3149 371 3184 τε
419 3127 495 3191 εἷς
547 3129 709 3204 ὕψος,
754 3129 844 3184 καὶ
892 3131 1404 3204 ἀνακαινιζομένην,
1453 3131 1542 3186 καὶ
1583 3135 1702 3193 ταῖς
1735 3128 1826 3184 εὖ-

167 3220 302 3294 χαῖς
359 3217 712 3293 συγκάμοιτε,
784 3219 873 3274 καὶ
951 3217 1373 3292 δσξασθήσοισθε
1425 3219 1478 3275 ἐν
1538 3219 1675 3295 αὐτῇ
1733 3219 1820 3276 καὶ

169 3305 724 3384 λαμπρυνθήσοισθε.
778 3306 854 3364 Σὺ
931 3305 1010 3375 δὲ,
1085 3306 1242 3382 ἥλιε,
1298 3309 1388 3365 καὶ
1447 3306 1676 3381 σελήνη,
1731 3311 1822 3366 καὶ

167 3393 390 3471 ἀστέρες
423 3439 438 3465 ,
498 3397 655 3471 ὑμεῖς
704 3401 811 3454 1:06
871 3419 1004 3454 ποτε
1059 3397 1178 3476 ἄρτι
1237 3400 1487 3477 φαίνεσθε
1533 3403 1687 3469 ;1:06
1739 3404 1828 3455 v6v

168 3484 433 3562 αὖγάζετε
490 3507 504 3557 ;
563 3491 670 3543 1:06
728 3487 820 3551 τὰς
873 3490 1088 3551 ἀκτῖνας
1160 3488 1472 3566 ἀνίσχοντες
1543 3489 1828 3563 πέμπετε;

170 3581 336 3640 ποῖος
399 3577 538 3649 ὑμᾶς
589 3579 741 3641 οἶκος
789 3577 989 3649 ἀρτίως
1039 3576 1340 3654 ἰκδέχεται,
1393 3576 1832 3656 ἢάποδέχεταις

171 3666 280 3720 τίνι
326 3663 732 3740 ἀντιλάμπετε;
765 3667 912 3740 ποίῳ
970 3662 1116 3744 ἔργω
1170 3668 1494 3742 σεμνύνεσθε
1525 3689 1540 3741 ;
1570 3669 1652 3731 τίς
1701 3667 1832 3724 ἰδεῖν

179 3751 325 3828 ῧμᾶς
358 3750 471 3810 ἄνω
521 3754 739 3830 βλέπων
772 3755 951 3820 ἐθὲλοι
986 3775 999 3826 ;
1030 3757 1110 3820 τίς
1155 3758 1288 3834 οὐχὶ
1327 3756 1541 3831 μᾶλλον
1572 3757 1623 3813 ἐν
1657 3757 1836 3814 σκότει

175 3844 398 3900 κύπτων
443 3842 847 3920 διαπορεύεται,
907 3845 998 3901 καί
1057 3851 1172 3922 φῶς
1230 3847 1670 3926 ἀποστρέφεται;
1722 3848 1839 3905 Οὐκ

177 3930 290 3988 ἔδει
348 3953 407 3988 σε
481 3929 869 4008 περιϐαλίσθαι
944 3935 1135 3999 σκότος
1186 3937 1249 3993 τὸ
1307 3938 1574 4010 πένθιμον
1632 3935 1836 3992 ἐκείνου

173 4021 375 4077 τούτου
435 4019 546 4094 ἤδη
612 4020 881 4098 δεύτερονο
917 4026 963 4080 ὧ
1019 4028 1321 4105 φωστήρων
1373 4024 1557 4100 ἄριστε
1603 4026 1692 4082 καὶ
1750 4027 1836 4101 μὲ-

173 4131 352 4188 γιστε,
424 4111 574 4185 ἥλιε,
631 4111 764 4189 οὖχὶ
841 4113 922 4186 σὶ,
1001 4113 1328 4187 πανσέληνε,
1386 4113 1678 4171 κονιοειδεῖ
1731 4138 1838 4171 τινι

179 4200 478 4275 σκιάσματι
536 4199 872 4278 ὑποδραμεῖν
930 4204 1022 4258 καὶ
1086 4200 1459 4278 ὑποκρυϐἧναι
1494 4252 1508 4276 ,
1567 4205 1602 4273 ἤ
1665 4203 1837 4260 ἐκλεῖ-

174 4293 275 4365 ψαι
314 4309 328 4360 ;
362 4289 489 4346 ἀλλ’
534 4290 678 4346 οὕτω
727 4290 1012 4368 παρείδετε
1041 4293 1103 4348 τὸ
1136 4295 1359 4370 γεγονὸς
1392 4293 1466 4358 ὠς
1490 4293 1785 4369 ἀγγόνητον
1823 4313 1836 4364 ;

174 4387 268 4443 καὶ
331 4388 437 4442 ποῦ
497 4385 933 4463 δοξασθήσεσθε;
985 4392 1124 4466 Ἐγὼ
1177 4395 1309 4467 γοῦν
1367 4389 1641 4454 πολλάκις
1699 4392 1836 4464 ὑμᾶς

176 4474 325 4532 εἶδον
359 4474 410 4531 ἐν
461 4481 541 4550 τῷ
589 4475 911 4556 σελασφόρῳ
965 4478 1154 4552 ἐκεινῷ
1201 4485 1334 4553 ναῷ,
1367 4483 1452 4536 καὶ
1506 4479 1636 4536 ἳδὼν
1683 4480 1837 4545 ἐθαύ-

181 4586 352 4640 μασα,
413 4567 504 4620 καὶ
547 4567 645 4636 τήν
706 4567 882 4622 αἲτίαν
930 4567 1228 4644 ἡρεύνησα,
1289 4567 1358 4624 δι’
1416 4571 1481 4640 ἢν
1539 4569 1701 4625 τοῦτο
1745 4570 1838 4625 ὑπ-

1956 609 2381 675 oblationibus,
2415 616 2471 666 et
2500 611 2761 666 manebit
2791 611 2917 667 sine
2950 610 3242 675 melodiis,
3275 609 3402 666 sine
3449 609 3602 687 psal-

1956 699 2092 766 mis,
2143 699 2270 755 sine
2322 699 2806 756 invocationibus.
2853 706 2962 756 Pro
2995 701 3210 772 quibus
3242 699 3389 756 nihil
3420 699 3606 756 doluit

1955 789 2026 844 de
2081 793 2180 844 tua
2244 789 2658 859 contractione,
2711 791 2810 845 sed
2870 790 3066 861 posuit
3129 787 3358 843 vultum
3427 806 3604 844 suum

1955 878 2123 951 quasi
2152 879 2362 934 duram
2397 883 2646 950 petram,
2667 882 2731 933 ut
2760 877 2949 933 videat
2979 883 3036 934 et
3067 879 3416 949 ipse,utrum
3449 894 3605 933 nunc

1953 968 2128 1023 etiam
2187 967 2410 1022 oblitus
2469 972 2577 1034 est,
2632 971 2696 1021 ut
2745 967 3001 1022 humane
3055 967 3243 1021 dicam
3297 970 3352 1022 et
3399 967 3603 1022 affecto

1953 1056 2148 1113 animo
2184 1073 2197 1110 :
2235 1060 2299 1111 ut
2328 1056 2503 1111 homo
2537 1056 2723 1111 factus
2756 1060 2864 1122 est,
2896 1059 2953 1110 et
2982 1055 3303 1126 corporalia
3346 1054 3457 1110 sibi
3505 1071 3601 1110 ac-

1951 1146 2149 1218 cepit:
2185 1162 2284 1201 vos
2329 1149 2549 1209 autem,
2603 1144 2703 1200 filii
2753 1146 2887 1201 Sion
2938 1145 3118 1210 chari,
3167 1161 3269 1200 vos
3317 1143 3598 1216 ministri,

1949 1249 2007 1300 et
2027 1244 2387 1310 sacerdotes,
2421 1247 2479 1298 et
2505 1243 2931 1300 sacrificatores
2962 1242 3122 1298 illius
3153 1241 3352 1314 magni
3382 1247 3439 1299 et
3469 1243 3601 1299 novi

1949 1332 2246 1403 sacrificii,
2280 1337 2338 1387 et
2367 1333 2413 1388 si
2449 1349 2576 1404 quae
2609 1331 2731 1388 aliae
2764 1333 2821 1387 in
2873 1332 3136 1388 diaconis
3184 1336 3242 1387 et
3291 1332 3598 1388 subdiaco-

1948 1423 2040 1478 nis
2067 1421 2475 1477 attollentibus
2505 1438 2644 1477 vasa
2674 1426 2730 1476 et
2777 1421 3247 1494 puriﬁcantibus,
3297 1423 3354 1475 et
3398 1425 3599 1476 canto-

1945 1512 2134 1582 ribus,
2166 1515 2222 1566 et
2254 1511 2586 1567 carminum
2619 1511 3108 1576 modulatoribus,
3143 1509 3490 1582 compositio
3541 1514 3600 1566 et

1945 1601 2271 1674 plenitudo,
2322 1618 2423 1656 vos
2478 1601 2601 1672 qui,
2653 1604 2718 1656 ut
2765 1601 2846 1657 ait
2873 1600 3183 1666 Jeremias,
3216 1599 3601 1656 exultationes

1938 1692 2042 1748 Dei
2089 1690 2150 1746 in
2204 1690 2473 1746 faucibus
2527 1691 2738 1746 vestris
2807 1689 3222 1759 circuml'ertis,
3272 1706 3387 1762 quo
3437 1706 3594 1745 nunc

1943 1780 2255 1855 migratis?
2289 1796 2402 1852 quo
2435 1797 2592 1836 nunc
2623 1779 3102 1853 congregamini?
3131 1779 3433 1846 Quomodo
3462 1796 3594 1835 ver-

1866 1896 1910 1960 B
1943 1891 2074 1930 sum
2106 1878 2196 1929 est
2227 1873 2283 1927 in
2316 1872 2619 1928 tristitiam
2652 1873 2933 1944 gaudium
2966 1874 3268 1960 vestrum?
3298 1871 3589 1960 quomodo

1941 1960 2287 2017 festivitates
2359 1960 2418 2014 in
2490 1959 3012 2016 lamentationem?
3079 1963 3204 2014 Non
3271 1958 3585 2030 pulchrum

1940 2055 2064 2107 erat
2096 2049 2261 2105 vobis
2299 2065 2405 2104 nec
2452 2052 2745 2114 sanctum,
2795 2053 2858 2104 ut
2905 2053 2964 2104 et
3011 2047 3156 2103 mihi
3207 2052 3263 2102 et
3310 2047 3587 2104 omnibus

1937 2139 2128 2196 visum
2179 2145 2289 2205 est,
2337 2137 2624 2194 antemori
2689 2143 2790 2192 aut
2851 2137 3133 2193 commori
3187 2136 3324 2192 huic
3371 2136 3586 2208 lapsui.

1939 2240 2428 2312 Quandoquidem
2473 2256 2606 2294 vero
2654 2245 2808 2294 Deus
2858 2241 3047 2292 vivere
3079 2238 3247 2292 nobis
3278 2235 3586 2302 concessit,

1940 2332 1998 2385 et
2030 2329 2308 2401 reliquias
2341 2345 2448 2383 nos
2479 2327 2644 2383 vobis
2674 2326 3006 2398 dereliquit,
3034 2343 3228 2398 quaero
3278 2325 3378 2380 ubi
3424 2342 3594 2382 sacra

1936 2424 2129 2475 vestra
2155 2419 2316 2472 sedet
2343 2416 2428 2473 vel
2481 2417 2784 2488 reponitur
2829 2416 3026 2489 gravis
3074 2413 3442 2487 eloquentia:
3493 2414 3592 2470 ubi

1939 2511 2282 2572 conventus,
2352 2505 2452 2560 ubi
2525 2504 2832 2576 inquisitio
2901 2505 3212 2574 Scriptura:
3277 2504 3591 2559 dictorum.

1940 2596 2088 2662 Quid
2119 2595 2191 2651 de
2222 2593 2554 2650 calamitate
2586 2593 2686 2648 illa
2719 2592 3265 2665 philosophamini?
3297 2593 3368 2647 de
3417 2593 3592 2648 bene-

1936 2683 2234 2742 volentia?
2283 2683 2352 2738 de
2401 2680 2822 2738 concessione?
2872 2681 3329 2737 distributione?
3379 2681 3448 2736 de
3497 2681 3592 2736 in-

1938 2773 2193 2830 accessis
2223 2769 2454 2828 verbis?
2486 2771 2546 2827 Si
2577 2771 2712 2843 quis
2743 2771 2917 2825 datus
2946 2773 3036 2826 est
3063 2770 3228 2826 vobis
3281 2773 3384 2825 aut
3431 2784 3591 2825 reve-

1938 2863 2095 2919 latus
2142 2866 2231 2918 est
2279 2877 2494 2926 sermo,
2542 2859 2739 2930 dicite,
2782 2875 2970 2930 neque
3018 2857 3228 2914 sinatis
3282 2857 3456 2914 unico
3502 2858 3588 2914 la-

1937 2952 2088 3010 cinio
2137 2950 2342 3023 templi
2391 2950 2704 3006 confidere.
2753 2954 2878 3006 Non
2930 2952 3019 3004 est
3061 2948 3118 3003 in
3169 2948 3278 3004 hoc
3327 2953 3589 3020 tempore

1935 3042 2229 3115 princeps,
2263 3056 2368 3096 nec
2400 3039 2702 3112 propheta,
2736 3055 2840 3094 nec
2888 3039 3282 3111 hegumenus,
3331 3053 3437 3093 nec
3483 3038 3586 3094 ho-

1935 3131 2179 3188 locausti
2213 3129 2591 3194 sacrificium,
2641 3145 2746 3183 nec
2796 3126 3144 3194 immolatio,
3198 3143 3303 3184 nec
3349 3127 3588 3196 oblatio,

1936 3238 2041 3278 nec
2071 3219 2264 3276 thuris
2310 3217 2660 3275 combustio.
2709 3217 3010 3284 Quomodo
3066 3216 3316 3272 ferretur
3361 3216 3588 3272 fructus

1937 3311 1998 3368 in
2058 3312 2376 3383 conspectu
2434 3312 2559 3378 tuo,
2619 3305 3139 3378 misericordiaque
3194 3305 3592 3363 obtineretur?

1940 3410 2052 3466 Sed
2104 3424 2206 3465 vos
2249 3407 2489 3480 quidem
2533 3406 2680 3464 salvi
2711 3410 2920 3477 estote,
2954 3407 3012 3461 et
3038 3403 3228 3461 videte
3259 3421 3469 3462 novam
3495 3405 3591 3463 Je-

1941 3499 2199 3556 rusalem
2233 3499 2536 3553 inductam
2568 3495 2628 3552 in
2660 3495 3034 3552 altitudinem
3067 3499 3124 3550 et
3153 3498 3517 3563 renovatam,
3539 3497 3595 3550 et

1945 3589 2216 3663 precibus
2287 3586 2630 3655 incumbite,
2682 3589 2738 3640 et
2784 3583 3194 3657 gloriﬁcemini
3253 3583 3312 3639 in
3365 3584 3493 3656 ipsa
3539 3588 3597 3639 et

1945 3677 2237 3749 fulgentes
2303 3673 2662 3731 efficiamini.
2723 3676 2808 3729 Tu
2879 3690 3035 3742 vero,
3069 3673 3156 3729 sol
3205 3677 3264 3728 et
3327 3672 3490 3739 luna,
3539 3676 3596 3728 et

1946 3771 2123 3835 astra,
2159 3765 2256 3821 ubi
2286 3781 2442 3820 nunc
2472 3781 2574 3820 vos
2605 3762 2967 3837 splendetis?
3000 3763 3098 3818 ubi
3131 3779 3285 3818 nunc
3317 3761 3594 3834 fulgetis?

1947 3856 2046 3911 ubi
2080 3855 2276 3911 radios
2302 3853 2644 3910 cohibentes
2678 3851 2956 3908 mittitis?
2985 3851 3182 3917 Qualis
3231 3867 3330 3906 vos
3379 3851 3591 3907 domus

1948 3962 2135 4017 nuper
2181 3943 2396 4016 excipit
2442 3946 2546 3998 aut
2593 3941 2895 3997 admittit?
2945 3941 3038 3996 cui
3089 3939 3440 4012 refulgetis?
3469 3943 3592 4007 Quo

1949 4051 2122 4108 opere
2153 4030 2594 4106 magniﬁcatis?
2618 4031 2758 4097 Quis
2789 4031 2983 4086 videre
3011 4047 3112 4086 vos
3144 4046 3381 4086 sursum
3433 4029 3592 4101 aspi-

1949 4125 2110 4180 ciens
2158 4121 2370 4179 vellet?
2419 4121 2560 4186 Quis
2609 4137 2724 4176 non
2769 4120 2963 4192 potius
3013 4120 3071 4175 in
3119 4119 3375 4176 tenebris
3433 4119 3598 4174 incli-

1948 4217 2121 4269 natus
2172 4211 2456 4283 pervadit,
2509 4215 2566 4266 et
2614 4209 2804 4266 lucem
2837 4209 3179 4265 aversatur?
3210 4209 3335 4264 Non
3367 4211 3597 4281 Oporte-

1947 4302 2049 4357 bat
2077 4305 2134 4356 te
2164 4298 2554 4355 circumindui
2580 4297 2840 4354 tenebris
2870 4297 3161 4353 luctuosis
3193 4297 3372 4368 hujus
3426 4296 3599 4352 istius

1938 4391 2066 4462 jam
2136 4389 2414 4445 secundo.
2464 4391 2508 4444 Ο
2556 4393 2851 4444 astrorum
2917 4386 3475 4460 prazstantissimum
3543 4389 3602 4442 et

1951 4477 2274 4533 maximum
2323 4476 2430 4544 sol,
2499 4494 2693 4533 nonne
2753 4493 2834 4548 se,
2886 4476 3069 4549 plenaa
3141 4475 3292 4531 luna:
3362 4474 3597 4546 similis,

1950 4579 2060 4634 sub
2109 4576 2380 4649 pulverea
2429 4577 2684 4648 quadam
2717 4576 3165 4632 obumbratione
3195 4591 3428 4630 currere
3458 4579 3516 4631 et
3544 4580 3599 4630 te

180 4654 310 4723 ἄστη
324 4673 374 4709 τε
403 4655 494 4709 καὶ
524 4657 588 4710 τὸ
624 4660 721 4711 106
750 4661 840 4710 v6v
874 4656 1115 4721 κάλλους
1149 4657 1320 4714 α’ίτιον
1363 4657 1561 4733 ἔμαθον
1593 4666 1691 4730 τῆς
1725 4657 1842 4714 δια-

1951 4629 2741 4733 Qiécénwdééé,‘3112626251;
2768 4629 3165 4736 issam
3204 4629 3316 4719 sed
3343 4629 3449 4719 ac
3470 4629 3479 4631 ⁷
3499 4629 3598 4719 δρᾷ

179 4739 385 4821 τριϐῆς
439 4744 670 4816 ἐκείνης,
717 4747 895 4802 καίτοι
947 4744 1253 4823 δυσέρωτας
1302 4750 1441 4823 ὑμᾶς
1489 4746 1650 4823 ᾤμην
1711 4751 1839 4804 εἶναι

177 4835 268 4889 καὶ
306 4834 600 4908 ἀνέρωτας.
637 4837 774 4891 Ποτὶ
822 4833 880 4891 δὲ
921 4838 1008 4892 καὶ
1058 4835 1130 4891 δι’
1180 4837 1319 4909 δλης
1367 4839 1579 4916 ἡμέρας
1621 4839 1839 4917 ἐφάνης,

175 4922 333 4995 ἥλιε,
391 4921 839 5000 συμφιλοχωρῶν
905 4925 1106 4996 ἐκεῖσε,
1166 4926 1255 4981 καὶ
1313 4927 1841 5005 στρεφόμενος,καὶ

180 5011 450 5084 λάμπων,
509 5011 599 5066 καὶ
657 5012 792 5067 ἑκὼν
854 5013 952 5069 οὐκ
1009 5013 1271 5093 ἀφίστασο
1329 5016 1364 5085 ἢ
1419 5017 1702 5089 μεθίστασο
1744 5019 1843 5086 τὴν

179 5098 453 5178 διάδοχόν
486 5121 582 5156 σου
629 5100 864 5174 σελήνην
915 5103 1114 5181 φέρων.
1149 5106 1245 5159 Καὶ
1282 5110 1447 5161 τοῦτο
1480 5105 1588 5181 ἐγὼ
1623 5104 1840 5181 βλὲπων

177 5188 546 5266 ἐλογιζόμην,
604 5189 730 5246 ὅταν
787 5191 875 5247 καὶ
935 5192 1165 5268 γίγαντα
1221 5195 1309 5249 καὶ
1365 5194 1592 5273 νυμφίον
1644 5193 1704 5249 ἐκ
1748 5199 1844 5249 106

177 5277 394 5342 παςτοῦ
452 5275 836 5356 ἐξερχόμενον,
897 5281 924 5336 ὀ
988 5280 1235 5356 μελῳδὸς
1313 5281 1477 5339 Δαυῖδ
1538 5304 1595 5338 σε
1645 5304 1846 5360 προαν-

182 5369 457 5449 εφώνησε’
537 5367 760 5448 προεῖδε
840 5369 940 5448 γᾶρ
1029 5393 1086 5427 σε
1161 5371 1410 5436 κάκεῖνος
1447 5417 1460 5442 ,
1536 5378 1632 5429 106
1697 5395 1843 5447 παμο

185 5462 364 5534 φαοῦς
420 5457 624 5515 ἐκείνου
682 5464 813 5515 ναοῦ
872 5460 1102 5537 ἐρῶντα*
1157 5461 1247 5517 καὶ
1298 5460 1466 5537 ἐπῇδέ
1525 5485 1608 5518 σοι
1659 5469 1845 5520 ταῦτα.

189 5555 301 5614 Καὶ
355 5561 447 5610 νῦν
499 5561 690 5612 τοῦτον
748 5558 847 5614 οὐκ
903 5558 1175 5638 ἐκτράπῃς
1227 5560 1517 5629 πίπτοντα,
1569 5559 1637 5617 δι’
1680 5562 1738 5617 ’ὸν
1780 5563 1847 5632 ἧς

197 5647 430 5721 μείζων,
484 5643 554 5701 δι’
592 5647 651 5702 ’ὀν
700 5645 1065 5726 ἆνδοξότερος,
1122 5647 1192 5706 δι’
1239 5652 1298 5706 ὃν
1351 5648 1703 5728 φαιδρότερος
1734 5645 1846 5726 ἔσῃ’

192 5737 289 5792 καὶ
340 5735 404 5791 σὺ
455 5738 668 5803 πάντως
715 5735 1030 5812 ἐνδόξαστος
1069 5743 1452 5813 ταπεινωθήση
1517 5742 1708 5815 μικρὸν
1760 5743 1846 5798 καὶ

1950 4755 2226 4829 spexistis
2258 4761 2528 4810 eventum
2585 4760 2648 4809 ut
2694 4754 2958 4826 ignotum
3006 4750 3333 4828 (c'z'vvwwv)?
3380 4753 3451 4807 Et
3496 4752 3598 4809 ubi

1950 4843 2468 4917 gloriﬁcabimini?
2517 4844 2633 4914 Ego
2684 4841 2865 4914 igitur
2915 4859 3065 4914 saepe
3113 4857 3215 4896 vos
3263 4841 3378 4896 vidi
3412 4841 3471 4896 in
3504 4840 3595 4897 lu-

1951 4934 2127 4989 cil'ero
2199 4932 2308 4988 hoc
2378 4932 2617 5001 templo,
2668 4937 2726 4986 et
2774 4931 2975 4986 videns
3040 4930 3289 4986 miratus
3337 4946 3490 4997 sum,
3542 4935 3598 4986 et

1953 5039 2188 5079 causam
2237 5019 2524 5092 exquisivi
2595 5024 2830 5092 propter
2886 5035 3061 5090 quam
3134 5019 3240 5075 hoc
3309 5018 3598 5086 subiistis,

1952 5117 2009 5168 et
2035 5111 2212 5182 hujus
2245 5127 2400 5166 nunc
2450 5108 2910 5182 pulchritudinis
2949 5125 3184 5164 causam
3241 5107 3417 5163 didici
3471 5123 3601 5180 pro-

1955 5200 2391 5257 crastiuationis
2430 5199 2613 5269 illius,
2673 5203 2731 5255 et
2779 5203 2932 5254 certe
2975 5196 3289 5253 infeliciter
3335 5202 3600 5253 amantes

1952 5308 2055 5346 vos
2087 5291 2364 5363 putabam
2398 5306 2526 5345 esse
2556 5293 2611 5344 et
2641 5289 2858 5344 amoris
2905 5291 3189 5360 expertes.
3242 5287 3601 5359 Quandoque

1953 5398 2088 5437 vero
2123 5398 2222 5454 per
2251 5385 2431 5435 totam
2465 5379 2617 5434 diem
2649 5377 2996 5451 apparuisti,
3029 5379 3136 5445 sol,
3185 5375 3380 5432 locum
3430 5376 3600 5433 illum

1958 5489 2185 5539 amans,
2218 5475 2274 5526 et
2305 5473 2571 5525 versatus
2602 5469 2718 5524 illic
2749 5473 2804 5524 et
2830 5467 3166 5540 splendens,
3200 5483 3384 5538 neque
3415 5466 3604 5523 libens

1958 5560 2312 5620 abscedebas
2332 5559 2421 5615 vel
2448 5558 2795 5632 migraharis
2827 5557 3233 5615 succedentem
3267 5558 3368 5613 tibi
3402 5557 3604 5613 lunam

1960 5653 2171 5708 terens.
2225 5651 2292 5706 Et
2337 5649 2446 5706 hoc
2504 5665 2609 5723 ego
2674 5649 2898 5716 videns,
2968 5663 3166 5703 meum
3234 5647 3600 5719 reputabam,

1961 5741 2194 5815 quando
2228 5745 2283 5796 et
2331 5739 2630 5813 gigantem
2680 5744 2737 5796 et
2782 5753 3069 5811 sponsum
3121 5753 3149 5794 e
3191 5735 3454 5795 thalamo
3503 5754 3604 5796 ex-
