4080 6350
491 336 614 395 915
1840 334 2265 398 MIGHAELIS
2308 336 2578 399 PSELLI
3801 329 3915 388 9l6

493 470 732 524 euntem
768 472 975 525 cantor
1008 467 1179 522 David
1214 472 1270 523 te
1302 467 1516 524 atratus
1548 474 1674 524 est:
1704 468 1969 541 praevidit
1995 469 2151 524 enim

2277 466 2559 542 συχνάσεις
2615 464 2703 521 ἐπὶ
2759 470 2840 537 τῷ
2894 467 3169 538 πτώματιο
3225 461 3315 517 ’ἱνα
3366 464 3540 537 μάθῃς
3608 458 3918 521 ἀλλοιωτὸς

499 562 557 614 te
601 557 697 613 ille
745 555 1133 627 perfulgentis
1199 556 1381 625 hujus
1446 556 1654 628 templi
1702 564 2049 624 amatorem,
2097 563 2154 614 et

2277 556 2421 616 ιύτὸς
2468 556 2558 609 καὶ
2605 556 2835 630 τρεπτὸς
2887 555 3129 630 γεγονὼς
3174 554 3266 608 καὶ
3312 557 3486 627 φθορᾷ
3535 550 3917 623 ὑποκείμενος.

494 648 617 703 Ι]ωο
651 648 756 702 tibi
792 647 1023 702 cecinit.
1058 647 1127 701 Et
1160 664 1317 701 nunc
1348 664 1419 702 ne
1449 652 1507 702 te
1534 655 1762 703 avertas
1792 650 1864 703 ab
1913 649 2013 703 illo
2064 648 2149 704 la-

2277 647 2432 707 )ὖτος
2489 643 2547 699 δὲ
2604 644 2655 699 εἴ
2728 644 2820 717 μὶν
2874 644 3266 713 ἀναστήσεται,
3325 641 3362 711 ἢ
3417 639 3913 711 συντελεσθήσεται,

492 737 688 805 beate,
743 741 982 807 propter
1031 752 1207 806 quem
1253 752 1381 791 eras
1433 738 1642 807 major,
1696 743 1929 808 propter
1975 753 2149 807 quem

2277 733 2869 804 ἣκαλλωπισθήσεται,
2914 733 3016 787 οὐκ
3067 731 3196 805 ἐμὸν
3247 729 3462 787 εἰδέναι·
3509 732 3573 785 τὸ
3623 727 3682 784 δί
3714 730 3846 803 ἐμὸν
3872 730 3912 784 εἰ

489 825 801 892 illustrior,
838 829 1075 896 propter
1106 842 1277 896 quem
1308 825 1519 881 clarior
1567 826 1685 881 eris
1720 843 1731 880 :
1766 831 1822 881 et
1868 830 1931 880 tu
1982 826 2151 881 valde

2277 819 2564 895 ἱπιϐιώσω,
2626 822 2672 877 εἰ
2731 821 2979 890 εἷσέλθω,
3021 821 3066 875 εἰ
3125 819 3275 889 εἶ’ὃω,
3333 821 3380 875 εἷ
3432 821 3822 896 προσκυνήσω,
3871 818 3912 872 εἶ

490 912 879 985 gloriﬁcatus,
913 912 1322 969 humiliaberis
1356 914 1667 986 paululum
1701 918 1757 969 ct
1796 914 2151 983 spissaberis

2277 910 2636 981 )εοκλυτήσω,
2672 916 2806 966 Θεοῦ
2837 909 2938 987 ἄρα
2966 915 3130 967 τοῦτο
3161 911 3378 964 κάγεῖνο
3413 907 3642 970 εἰδότος.

490 1003 561 1058 ad
588 1002 746 1058 hunc
778 1001 1046 1074 lapsum;
1084 1009 1148 1057 ut
1177 1002 1370 1058 discas
1402 1010 1455 1057 te
1483 1005 1676 1075 ipsum
1713 1004 2080 1071 mutabilem,
2111 1009 2168 1059 et
2198 1003 2529 1059 versatilem
2565 1004 2806 1070 factum,
2838 1008 2892 1058 et
2945 1001 3305 1073 corruptioni
3354 1001 3713 1072 subjectum.
3770 998 3910 1055 illud

490 1094 688 1147 autem
740 1096 941 1146 utrum
995 1097 1484 1159 resurrecturum,
1535 1098 1637 1147 aut
1686 1093 2131 1164 perﬁciendum,
2184 1100 2286 1149 aut
2333 1095 2740 1148 exornandum
2795 1092 2889 1153 sit.
2943 1108 3058 1147 non
3108 1107 3306 1147 meum
3339 1096 3431 1146 est
3458 1105 3633 1145 nosse
3668 1106 3683 1145 :
3718 1105 3911 1145 meum

494 1184 689 1236 autem
725 1186 925 1235 utrum
961 1182 1354 1252 supervixero,
1388 1187 1584 1238 utrum
1614 1181 1913 1249 introiero,
1948 1186 2149 1238 utrum
2180 1184 2401 1253 videro,
2445 1187 2647 1238 utrum
2694 1182 3029 1249 adoravero,
3064 1185 3264 1236 utrum
3316 1184 3495 1235 Deum
3545 1180 3913 1245 invocavero,

492 1273 607 1326 Deo
638 1269 895 1342 profecto
924 1275 983 1326 et
1010 1270 1168 1326 istud
1200 1274 1611 1343 cognoscente.

1052 1610 1399 1741 ΤΟΥ
1488 1610 2546 1742 ΣΟΦΩΤΑΤΟΥ
2633 1608 3357 1741 ΨΕΛΛΟΥ

2009 1853 2415 1910 ΑΝΤΙΓΡΑΦΗ

1060 2013 1239 2068 ΠΡΟΣ
1280 2012 1639 2071 ΕΡΩΤΗΣΙΝ
1679 2012 1891 2069 ΤΙΝΟΣ
1932 2011 2263 2069 ΜΟΝΑΧΟΥ
2300 2013 2462 2069 ΠΕΡΙ
2501 2012 2809 2070 ΟΡΙΣΜΟΥ
2838 2012 2967 2069 ΤΟΥ
3005 2010 3355 2069 ΘΑΝΑΤΟΥ.

1232 2356 2490 2481 SAPIENTISSIMI
2584 2354 3180 2479 PSELLI

2017 2580 2409 2636 RESPONSIU

707 2728 809 2790 AD
858 2730 1267 2791 CUJUSDAM
1312 2732 1672 2793 MONACHI
1717 2731 2478 2794 INTERROGATIONEM
2524 2733 2625 2792 DE
2671 2728 2968 2792 MURTIS
3013 2730 3717 2791 DETERMINATIONE

583 3061 634 3115 1.
668 3060 793 3116 Non
814 3065 1097 3135 tanquam
1122 3064 1372 3120 obscura
1393 3067 1547 3120 esset
1568 3080 1601 3118 θ.
1624 3068 1681 3119 te
1704 3062 1997 3135 proposita
2018 3078 2161 3133 quae-

2349 3062 2412 3117 α’.
2445 3059 2568 3136 Οὖχ
2599 3059 2671 3122 ὡς
2701 3060 2978 3137 ἠπόρηται
3027 3061 3087 3115 τὸ
3136 3058 3282 3135 παρᾶ
3329 3063 3424 3115 σοῦ
3468 3054 3793 3135 προϐληθὲν
3828 3063 3923 3130 ζή-

515 3149 629 3205 stio
666 3150 1006 3207 doctissime
1036 3154 1227 3223 Pater,
1262 3170 1354 3209 me
1402 3153 1810 3225 interrogasti;
1862 3151 2160 3222 quomodo

512 3237 669 3293 enim
702 3256 827 3294 eam
864 3241 1233 3311 proposuisti,
1268 3244 1396 3311 ejus
1428 3243 1599 3297 obvia
1629 3247 1717 3296 est
1747 3240 1982 3296 solutio.
2008 3238 2165 3294 Nihil

510 3326 667 3380 enim
700 3324 814 3382 Deo
846 3327 1217 3385 indefinitum
1253 3336 1361 3401 est,
1382 3347 1572 3402 neque
1604 3330 1739 3395 vita,
1765 3344 1952 3400 neque
1984 3345 2165 3396 mors,

511 3430 702 3485 neque
722 3418 1041 3486 generatio,
1078 3436 1265 3492 neque
1286 3421 1562 3483 essentia,
1598 3435 1786 3489 neque
1808 3435 2008 3473 eorum
2037 3433 2165 3488 qua:

511 3504 803 3559 exsistunt
832 3506 1258 3577 quidquam.Si
1283 3511 1435 3563 enim
1462 3508 1748 3562 Divinitas
1780 3508 2045 3563 omnium
2077 3511 2165 3560 est

510 3592 823 3660 terminus,
876 3598 1169 3666 quomodo
1223 3614 1287 3653 ex
1346 3596 1437 3653 his
1503 3597 1777 3653 omnibus
1844 3596 2164 3668 quidquam

511 3679 1034 3739 indeterminatum
1085 3686 1285 3741 esset?
1335 3689 1423 3750 Et,
1473 3686 1520 3741 si
1553 3702 1724 3741 omne
1750 3689 1981 3755 tempus
2014 3700 2168 3737 com-

514 3770 845 3842 prehendit,
879 3772 996 3828 imo
1030 3774 1076 3828 si
1111 3779 1245 3829 ante
1276 3780 1509 3847 tempus
1540 3780 1598 3830 et
1627 3790 1809 3828 aevum
1846 3790 1944 3845 per
1970 3788 2029 3827 se
2069 3788 2165 3827 ex-

514 3858 691 3929 sistit,
724 3862 1017 3932 quomodo
1064 3880 1318 3934 praesens
1366 3864 1598 3935 quidem
1651 3863 1845 3933 sciret,
1900 3862 2163 3917 futurum

511 3963 647 4004 vero
694 3949 1032 4021 ignoraret?
1079 3954 1161 4007 Ad
1211 3970 1315 4008 nos
1364 3954 1484 4007 hac
1530 3951 1861 4024 ignorantia
1894 3950 2164 4022 pertinet,

514 4037 730 4108 quibus
762 4045 995 4109 tempus
1028 4040 1279 4097 divisum
1314 4048 1421 4112 est,
1457 4042 1555 4112 qui
1589 4042 1897 4113 praesentia
1927 4040 2166 4111 quidem

512 4126 783 4183 novimus
816 4129 1054 4198 quando
1087 4130 1256 4185 nobis
1290 4131 1346 4184 in
1401 4131 1671 4186 notitiam
1714 4130 1957 4185 veniunt
2006 4128 2168 4182 futu-

513 4230 643 4269 rum
669 4232 802 4271 vero
824 4218 1064 4273 omnino
1088 4219 1453 4290 ignoramus,
1479 4220 1618 4290 quia
1643 4237 1772 4274 cum
1803 4220 2019 4274 futuris
2051 4234 2165 4272 non

511 4301 784 4372 vivimus,
818 4307 919 4361 sed
953 4307 1025 4361 ab
1055 4307 1125 4363 iis
1156 4325 1259 4379 per
1287 4326 1415 4363 eam
1452 4310 1508 4363 in
1546 4308 1817 4379 praesenti
1849 4309 2028 4361 vitam
2077 4321 2167 4362 se-

2273 3170 2445 3221 τημα,
2502 3148 2804 3225 λογιώτατε
2858 3150 3054 3224 Πάτερ,
3105 3149 3278 3212 οὕτως
3323 3149 3636 3223 ἠρώτησας·
3691 3150 3772 3211 ὡς
3827 3152 3920 3224 γάρ

2277 3236 2342 3307 δή
2403 3259 2723 3315 προετεινω,
2772 3244 2869 3293 τοῦ
2923 3238 3287 3314 ἐρωτηθέντος
3325 3239 3359 3307 ἡ
3402 3237 3557 3299 λύσις
3601 3240 3922 3313 πρόχειρος.

2275 3326 2437 3383 Οὐδὲν
2487 3329 2590 3404 γὰρ
2638 3328 2889 3403 ἀόριστον
2933 3332 3013 3400 τῷ
3057 3332 3195 3399 Θεῷ,
3242 3324 3365 3382 οὔτε
3411 3328 3547 3396 ζωή,
3599 3324 3726 3381 οὔτε
3768 3329 3921 3382 θάνα-

2274 3437 2388 3484 τος,
2432 3415 2492 3471 οὐ
2532 3418 2757 3493 γένεσις,
2792 3416 2891 3472 οὐκ
2934 3415 3108 3484 οὐσία,
3153 3412 3276 3469 οὔτε
3306 3419 3412 3469 τῶν
3463 3410 3633 3469 ὄντων
3664 3414 3792 3471 οὔτε
3822 3422 3921 3471 τῶν

2273 3510 2577 3581 γινομάνων
2630 3504 2805 3561 οὐδὲν.
2844 3504 2903 3561 Εἰ
2941 3506 3044 3581 γὰρ
3090 3501 3157 3573 δὴ
3201 3505 3264 3559 τὸ
3312 3506 3454 3558 θεῖον
3502 3500 3629 3578 ὅρος
3680 3504 3795 3560 ἐστὶ
3836 3510 3923 3561 τοῦ

2276 3597 2493 3663 παντὸς,
2545 3600 2661 3657 πῶς
2714 3593 2777 3666 δή
2812 3616 2863 3649 τι
2915 3600 3021 3649 τῶν
3054 3597 3269 3648 πάντων
3316 3592 3502 3666 ἐκείνῳ
3533 3594 3920 3668 (iopas-1133215;

2276 3686 2387 3752 καὶ,
2421 3684 2469 3739 εἷ’
2499 3685 2560 3739 τὸ
2599 3690 2702 3739 πᾶν
2755 3682 3046 3761 συνείληφε
3082 3687 3177 3738 τοῦ
3226 3678 3453 3759 χρόνου,
3490 3680 3703 3755 μάλλον
3752 3681 3813 3738 δὲ
3838 3683 3921 3737 καὶ

2277 3775 2381 3847 πρὸ
2419 3774 2625 3850 χρόνου
2670 3773 2760 3828 καὶ
2808 3774 2914 3848 πρὸ
2963 3772 3160 3833 αἶ’ὦνος
3207 3772 3285 3849 ἐφ’
3332 3772 3522 3826 ἑαυτοῦ
3558 3768 3783 3842 ἕστηκε,
3815 3777 3923 3833 πῶς

2275 3864 2338 3918 τὸ
2400 3865 2491 3936 μὲν
2531 3863 2700 3937 παρὸν
2752 3860 2942 3934 εἷ’δείη,
2987 3866 3095 3916 τῶν
3148 3858 3205 3916 δὲ
3255 3859 3573 3934 μελλόντων
3613 3880 3669 3915 τι
3715 3861 3923 3935 ἀγνοήο

2279 3972 2433 4024 σειε;
2474 3952 2598 4027 περὶ
2638 3954 2786 4025 ἡμᾶς
2844 3953 2949 4026 γὰρ
2994 3955 3181 4019 ταῦτα,
3231 3952 3311 4011 οἷς
3356 3951 3385 4005 ὁ
3435 3948 3638 4024 χρόνος
3687 3971 3923 4022 καταμε-

2282 4043 2549 4116 μέρισται,
2602 4043 2653 4097 οἳ
2706 4043 2767 4097 τὸ
2815 4042 2907 4114 μὲν
2963 4039 3187 4102 ἐνεστὼς
3242 4036 3392 4112 ἴσμεν
3442 4039 3639 4094 ὁπόσον
3673 4042 3819 4112 ἡμῖν
3850 4039 3921 4101 εἷς

2275 4136 2471 4208 γνῶσιν
2505 4126 2681 4200 ἔλθοι,
2713 4131 2776 4187 τὸ
2825 4128 2881 4185 δὲ
2933 4128 3136 4203 μέλλον
3178 4130 3511 4183 παντάπασιν
3543 4131 3921 4203 ἠγνοήκαμνεν,

2278 4222 2359 4276 ὅτι
2409 4218 2549 4293 μηδὲ
2598 4223 2842 4293 συζῶμεν
2894 4224 2974 4291 τῷ
3025 4217 3256 4283 ἐπιόντι,
3315 4214 3460 4272 ἀλλὰ
3510 4220 3605 4271 τοῦ
3663 4215 3923 4291 ἐσομένου

2274 4315 2353 4382 τῷ
2395 4310 2530 4365 κατὰ
2585 4310 2650 4364 τὸ
2712 4308 2935 4371 ἐνεστὼς
2993 4312 3086 4381 ζῇν
3151 4307 3486 4361 παντάπασιν
3539 4306 3920 4380 ἀπῳκίσμεθα.

513 4406 811 4461 paramur.
845 4395 1146 4450 Facillima
1189 4396 1373 4469 igitur
1422 4398 1564 4452 adeo
1615 4414 1739 4467 quae
1790 4395 2161 4467 interrogasti

2277 4399 2466 4469 Ῥᾴστη
2536 4401 2821 4474 τοιγαροῦν
2877 4397 3012 4473 πρὸς
3078 4395 3209 4469 ὅπερ
3262 4396 3553 4469 ἠρώτησας
3604 4397 3641 4465 ἡ
3693 4396 3925 4472 ἀπόκρι-

512 4481 839 4552 responsio.

583 4571 637 4624 2.
672 4571 1052 4629 Notissimam
1087 4580 1280 4630 autem
1314 4592 1440 4631 eam
1476 4576 1857 4647 quaestionem
1891 4575 1975 4644 (ut
2007 4589 2167 4629 sum'

516 4661 721 4716 matim
752 4661 857 4717 tibi
891 4668 948 4718 et
978 4663 1035 4718 in
1086 4663 1344 4734 epistola:
1400 4668 1586 4719 forma
1630 4670 1816 4721 totum
1864 4648 2166 4734 colligam)

514 4748 597 4804 ita
627 4757 967 4823 proponunt
999 4753 1303 4825 peritiores
1339 4760 1403 4809 ut
1452 4771 1567 4809 non
1616 4757 1685 4810 de
1733 4755 1983 4809 termino
2036 4753 2162 4808 vitae

510 4842 766 4910 tantum,
798 4842 897 4896 sed
932 4850 989 4896 et
1017 4842 1090 4898 de
1116 4842 1247 4898 aliis
1280 4842 1556 4899 omnibus
1588 4861 1713 4915 qua:
1748 4849 1888 4899 sunt
1934 4858 2161 4899 sermo-

510 4942 646 4983 nem
678 4930 1051 5000 protendant.

576 5018 632 5072 3.
666 5018 1037 5092 Intorrogant
1065 5021 1219 5076 enim
1252 5038 1389 5077 num
1427 5022 1579 5077 Deus
1614 5022 1875 5077 futurum
1910 5020 2157 5090 noverit,

505 5123 640 5162 cum
664 5113 861 5163 autem
886 5109 1095 5165 annuit
1117 5109 1607 5181 colloquens(non
1631 5112 1787 5166 enim
1805 5116 2155 5182 potestcom-

505 5195 670 5249 muui
694 5196 896 5252 sensui
918 5199 1336 5268 contradicere)
1369 5200 1614 5254 addunt:
1639 5222 1666 5250 «ς
1697 5200 1898 5254 Utrum
1935 5198 2016 5252 illi
2034 5196 2154 5253 ‘de-

501 5281 671 5337 ﬁnita
690 5289 782 5339 est
804 5285 983 5340 futuri
1011 5286 1319 5356 notitia,an
1345 5288 1590 5343 utnobis
1617 5288 2157 5343 indeﬁnitaConce‘

503 5369 776 5427 dentibus
808 5380 1004 5429 autem
1040 5376 1208 5430 nobis
1240 5376 1355 5431 Deo
1390 5377 1652 5432 notitiam
1705 5377 2152 5431 determinatam

503 5459 913 5531 esse(alterum
932 5463 1085 5519 enim
1105 5464 1359 5521 solidum
1377 5472 1506 5535 est),
1534 5467 1734 5522 statim
1750 5466 1979 5537 aliquod
2012 5482 2152 5520 con-

507 5565 761 5621 sequens
792 5552 1071 5609 stolidum
1103 5553 1603 5611 aﬂ'erunt.Dicunt
1625 5556 1780 5611 enim
1816 5573 1827 5612 :
1864 5578 1890 5604 «
1924 5555 1976 5609 Si
2010 5554 2151 5609 deﬁ-

505 5636 626 5694 nite
655 5639 829 5696 sciret
860 5642 992 5713 quis
1024 5644 1256 5701 futurus
1287 5645 1363 5701 sit
1384 5646 1587 5715 justus
1619 5650 1675 5701 et
1706 5645 1839 5718 quis
1870 5645 2151 5716 injustus,

2277 4510 2380 4551 σις.

2349 4578 2413 4654 β’.
2444 4576 2514 4632 Τὸ
2554 4574 2611 4632 8t
2647 4572 3051 4651 θρυλλοόμενον
3111 4574 3260 4629 τουτὶ
3302 4575 3542 4646 ζήτημα,
3576 4570 3675 4629 ἵνα
3734 4573 3802 4646 δή
3844 4598 3919 4631 σοι

2275 4663 2666 4745 κεφαλαιωδῶς
2741 4664 2830 4720 καὶ
2906 4663 2957 4719 ἰν
3036 4661 3331 4727 ἐπιστολῆς
3390 4664 3637 4737 σχήματι
3700 4666 3919 4737 ξυνείρω

2271 4756 2332 4810 τὸ
2363 4760 2490 4822 πᾶν,
2532 4754 2674 4809 οὕτω
2715 4752 2781 4822 δὴ
2822 4746 3234 4829 προϐάλλονται
3266 4751 3316 4805 οἱ
3358 4748 3681 4827 δεινότεροι,
3712 4754 3778 4808 οὐ
3802 4754 3920 4828 περὶ

2272 4844 2401 4915 ὅρου
2435 4844 2599 4916 μόνον
2646 4848 2813 4912 ζωῆς,
2846 4839 2993 4896 ἀλλὰ
3029 4841 3119 4895 καὶ
3169 4840 3291 4915 περὶ
3339 4840 3536 4901 παντὸς
3591 4840 3785 4917 ἑτέρου
3814 4847 3917 4897 τῶν

2268 4934 2573 5008 γινομένων
2599 4933 2690 4987 τὸν
2724 4931 2887 5008 λόγον
2920 4930 3267 5007 προάγοντες.

2336 5026 2619 5098 Ἑρωτῶσι
2677 5022 2779 5096 γὰρ
2836 5020 2881 5075 εἰ
2932 5017 3045 5075 οἶδε
3096 5020 3157 5074 τὸ
3211 5016 3415 5091 μὲλλον
3455 5019 3482 5074 ὁ
3516 5019 3667 5082 Θεός
3708 5021 3827 5076 εἶτα
3856 5019 3919 5087 δὴ

2267 5112 2812 5185 συνομολογήσαντος
2870 5113 2967 5165 τοῦ
3026 5105 3566 5183 προσδιαλεγομένου
3617 5107 3779 5180 (οὐδὲ
3826 5110 3919 5185 γὰρ

2264 5203 2329 5270 ἦν
2369 5199 2666 5275 ἀντιλέγειν
2714 5200 2848 5273 πρὸς
2896 5199 3085 5267 κοινὴν
3138 5195 3391 5270 ἔννοιαν),
3451 5196 3734 5275 ἐπάγουσι·
3768 5224 3799 5251 «
3833 5200 3920 5254 πό⁴

2262 5310 2418 5364 τερον
2468 5286 2525 5343 δὲ
2575 5288 2799 5362 ὥρισται
2852 5285 2999 5357 αὐτῷ
3047 5288 3081 5355 ἡ
3130 5289 3329 5361 γνῶσις
3375 5289 3470 5339 τοῦ
3521 5284 3917 5357 μὲλΑοντος,ἧ

2263 5376 2589 5453 ἀορισταίνει
2651 5374 2832 5450 ὥσπερ
2891 5377 3026 5447 ἡμῖν
3061 5394 3073 5443 ;
3108 5399 3135 5425 ››
3196 5370 3396 5428 δόντων
3467 5372 3523 5428 δὲ
3571 5377 3738 5448 ἡμῶν
3793 5375 3915 5447 ὠρὶο

2262 5469 2380 5521 σθαι
2434 5466 2582 5537 αὺτῷ
2627 5466 2725 5533 τὴν
2778 5468 2977 5538 γνῶσιν
3029 5464 3271 5538 (θάτερον
3317 5464 3420 5537 γάρ
3468 5461 3721 5535 ἄτοπον),
3770 5465 3917 5527 εὐθὺς

2262 5555 2334 5616 ὡς
2389 5553 2651 5626 ἐπόμενόν
2698 5575 2750 5607 τι
2810 5551 3010 5608 ἄτοπον
3066 5551 3400 5631 ἐπιφέρουσι·
3457 5552 3596 5609 Φασὶ
3654 5554 3761 5630 γάρ
3818 5553 3909 5621 ὡς,

2263 5642 2310 5700 εἷ’
2358 5642 2675 5719 ὡρισμένως
2723 5639 2890 5714 εἰδείη
2934 5643 3025 5698 τόν
3058 5662 3116 5697 τε
3151 5640 3407 5715 ἐσόμενον
3439 5638 3646 5697 δίκαιον
3685 5644 3783 5697 καὶ
3822 5643 3909 5697 τὸν
