4088 6350
227 380 350 440 917

1328 382 1430 442 DE
1472 381 1768 442 MORTIS
1813 381 2546 446 DETERMlNATIONE.

3523 387 3645 448 918

236 510 496 586 ισόμενον
552 507 763 582 ἄδικον,
810 511 902 568 τόν
957 533 1014 568 τε
1069 508 1241 575 οῦτως
1290 511 1325 583 ἧ
1378 511 1595 575 ἐκείνως
1634 510 1882 583 τεθνηξό-

1996 515 2128 588 quis
2159 515 2267 572 hoc
2295 516 2380 572 vel
2412 517 2511 574 illo
2545 520 2718 576 modo
2753 520 3075 578 moriturus
3105 522 3199 588 sit,
3235 522 3644 593 nequejustus

230 623 418 675 μενον,
480 601 595 667 οὐθ’
652 603 682 657 6
736 599 944 664 δίκαιος
1000 602 1090 680 ἀφ’
1148 605 1340 658 ἑαυτοῦ
1395 601 1645 674 δίκαιος,
1702 601 1816 665 οὗθ’
1855 602 1883 656 ὁ

222 689 411 754 ἄδικος
471 692 650 768 ἀρχὴν
712 689 922 754 ἀδικίας
975 693 1074 762 τὴν
1130 694 1444 768 προαίρεσιν
1502 689 1878 767 ἐκληρώσατοο

218 779 353 838 ἀλλ’
399 778 513 837 οὐδ’
557 783 585 836 ὁ
634 780 830 860 φονεὺς
889 779 1096 844 ἄδικος·
1150 782 1504 856 περιώρισται
1535 783 1640 857 γᾶρ
1690 785 1768 852 τῷ
1794 802 1882 836 τε-

231 871 455 943 θνηκότι
488 872 516 926 6
558 878 659 942 τῆς
712 875 856 941 ζωῆς
900 866 1127 948 χρόνος,
1179 871 1295 942 καὶ,
1344 867 1512 926 εἶδότι
1546 875 1660 944 Θιῷ
1692 871 1766 933 ὡς
1798 869 1884 924 οῦ-

220 982 332 1023 τως
386 961 728 1034 τεθνήξεται,
782 959 1225 1032 ἐπηκολούθησεν
1286 964 1320 1031 ἡ
1380 961 1646 1034 ἀναίρεσις
1683 1005 1696 1018 .
1761 963 1883 1023 Πῶς

221 1050 328 1127 γὰρ
385 1051 454 1120 ἦν
511 1047 706 1106 εἷδέναι
763 1051 859 1124 μὲν
927 1051 1247 1125 ὡρισμένως
1313 1051 1405 1106 τὸν
1465 1052 1592 1106 Θεὸν
1671 1049 1878 1106 ἐκεῖνον

217 1139 690 1216 ἀναιρεθήσεσθαι,
735 1139 987 1218 ἐκφυγεῖν
1049 1137 1106 1195 δὲ
1164 1144 1355 1196 τοῦτον
1413 1141 1505 1195 τὸν
1536 1141 1739 1216 τρόπον
1781 1147 1883 1211 τῆς

215 1227 544 1303 ἀναιρέσεως
595 1252 610 1301 ;
663 1227 802 1285 ὣστε
873 1230 965 1284 καὶ
1024 1231 1053 1285 6
1127 1229 1321 1305 φονεὺς
1393 1229 1703 1306 προγνώσει
1766 1229 1881 1302 θείᾳ

221 1319 584 1395 ὑπουργηκὼς
632 1318 695 1374 οὐ
756 1318 922 1393 μόνον
982 1320 1161 1381 ἀθῶος
1200 1320 1504 1375 παντάπασι
1556 1318 1876 1396 λογισθήσε-

221 1427 336 1476 ται,
396 1406 542 1464 ἀλλὰ
593 1408 682 1463 καὶ
735 1405 976 1482 ἀμοιϐῆς
1009 1405 1181 1482 ἄξιος,
1240 1409 1314 1472 ὡς
1369 1410 1433 1464 τὸ
1479 1413 1575 1464 τοῦ
1616 1406 1879 1464 δεσπότου

219 1495 443 1572 Θέλημα
472 1495 846 1561 ἐκτετελεκώς.

295 1599 362 1661 δ’.
394 1605 467 1660 Τὸ
526 1604 621 1676 μὲν
681 1601 773 1659 οῦν
835 1605 1058 1678 ζήτημα
1111 1603 1254 1660 οὕτω
1313 1603 1379 1675 δή
1439 1606 1772 1660 συντιθέασιν
1826 1604 1880 1659 οἱ

221 1692 347 1768 περὶ
387 1695 556 1747 ταῦτα
612 1689 798 1748 δεινοί’
833 1696 868 1763 ἡ
925 1691 982 1748 δέ
1011 1713 1071 1770 γε
1119 1692 1276 1756 λύσις
1327 1692 1498 1756 οὕτως
1548 1691 1701 1758 αὖθις
1731 1695 1881 1768 παρά

219 1785 331 1837 τῶν
385 1781 708 1859 σοφωτέρων
754 1780 1007 1858 ἐπάγεται
1055 1783 1192 1858 πρὸς
1238 1783 1300 1837 τὸ
1339 1778 1664 1860 πρόϐλημα’
1715 1785 1790 1846 ὡς
1841 1786 1876 1854 ἡ

1995 620 2098 676 per
2126 622 2187 660 se
2232 607 2431 677 justus
2463 613 2571 677 est,
2597 625 2784 680 neque
2835 609 3060 679 injusto
3089 609 3392 681 injustitiae
3425 611 3645 683 princi-

1993 693 2156 765 pium
2187 700 2275 750 est
2305 696 2542 767 propria
2573 697 2888 752 voluntatis
2911 698 3136 754 electio.
3166 699 3276 754 Sed
3300 716 3489 770 neque
3521 701 3648 772 ipse

1994 783 2296 839 bomidida
2327 784 2588 855 injustus
2608 791 2718 841 est.
2745 787 2973 842 Mortuo
3005 787 3159 842 enim
3193 789 3647 845 determinatum

1993 878 2084 928 est
2111 873 2242 928 vitaz
2275 878 2530 946 tempus,
2556 879 2632 941 et,
2658 875 2773 930 Deo
2797 875 3015 931 sciente
3036 893 3168 932 eum
3201 876 3304 932 tali
3335 879 3506 933 modo
3532 896 3652 934 mo-

1993 963 2248 1018 riturum
2275 978 2424 1030 esse,
2452 967 2650 1018 secuta
2674 969 2764 1019 est
2787 965 3134 1022 interfectio.
3159 968 3459 1033 Quomodo
3492 968 3648 1024 enim

1994 1052 2116 1107 fieri
2165 1055 2367 1123 posset
2418 1057 2600 1107 Deum
2633 1053 3021 1110 determinate
3065 1055 3215 1110 scire
3264 1057 3385 1111 fore
3431 1060 3496 1111 ut
3549 1056 3647 1114 ille

1992 1139 2378 1212 occideretur,
2411 1140 2700 1212 illumque
2744 1159 2879 1198 eum
2929 1144 3352 1200 interfectionis
3403 1147 3643 1203 modum

1989 1230 2273 1303 effugere;
2309 1231 2393 1286 ita
2441 1236 2504 1286 ut
2553 1230 2851 1286 homicida
2879 1231 3083 1288 divinae
3120 1233 3500 1291 Providentia
3531 1236 3638 1291 ob-

1990 1338 2244 1392 sequens
2276 1338 2392 1377 non
2426 1322 2599 1376 modo
2633 1321 2916 1378 innocens
2942 1324 3374 1395 computandus
3406 1325 3644 1382 omnino

1989 1409 2085 1478 sit,
2121 1410 2223 1466 sed
2274 1415 2363 1466 est
2416 1412 2684 1467 mercede
2714 1411 2961 1484 dignus;
2996 1412 3214 1485 quippe
3263 1413 3366 1485 qui
3411 1413 3646 1470 Domini

1989 1499 2351 1557 voluntatem
2386 1500 2714 1572 perfecerit.

2062 1609 2112 1664 4.
2145 1607 2539 1671 Quaestionem
2588 1608 2772 1681 igitur
2801 1609 2884 1665 sic
2915 1615 3278 1681 componunt
3316 1610 3526 1667 harum
3557 1626 3647 1666 re-

1987 1714 2120 1754 rum
2165 1697 2360 1770 periti.
2385 1697 2610 1754 Solutio
2660 1702 2856 1754 autem
2907 1715 3146 1756 rursum
3195 1717 3229 1755 a
3275 1700 3646 1770 sapientibus

1988 1787 2060 1843 ad
2113 1788 2479 1859 propositum
2528 1789 2861 1844 adducitur.
2899 1790 3142 1858 Notitia,
3174 1791 3474 1862 inquiunt,
3506 1807 3642 1846 cum

217 1875 444 1946 γνῶσις,
479 1869 616 1942 μέση
663 1871 795 1926 οὖσα
839 1875 938 1926 τοῦ
988 1872 1398 1948 γινωσκομένου
1447 1873 1538 1926 καὶ
1585 1877 1682 1927 τοῦ
1713 1873 1880 1947 γινώ-

1996 1878 2065 1932 sit
2095 1876 2290 1932 media
2319 1877 2470 1932 inter
2499 1878 2799 1950 cognitum
2849 1884 2905 1934 et
2931 1885 3406 1950 cognoscentem,
3434 1880 3644 1952 incipit

221 1980 469 2031 σκοντος,
523 1957 777 2034 ὥρμηται
833 1962 926 2034 μὲν
970 1961 1076 2016 ἀπὸ
1127 1965 1225 2016 τοῦ
1278 1962 1666 2036 γινώσκοντος,
1710 1959 1881 2016 εἱλεῖ-

226 2070 318 2105 ται
380 2047 438 2104 δὶ
511 2049 636 2123 περὶ
703 2050 767 2104 τὸ
836 2050 1234 2125 γινωσκόμενον
1297 2049 1386 2106 καὶ
1459 2049 1742 2124 ὡμοίωται
1800 2054 1884 2122 τῷ

227 2139 577 2215 γινώσκοντι*
639 2138 831 2195 ὁποῖόν
883 2160 936 2195 τι
991 2139 1160 2216 λέγω’
1223 2136 1368 2210 ἄλλη
1429 2143 1615 2214 ψυχῆς
1658 2143 1881 2214 γνῶσις,

227 2227 318 2284 καὶ
366 2227 512 2299 ἄλλη
568 2232 687 2299 νοῦ,
736 2228 827 2284 καὶ
878 2228 1024 2300 ἄλλη
1058 2232 1214 2284 Θεοῦ·
1267 2231 1302 2298 ἡ
1359 2229 1452 2301 μὲν
1506 2227 1597 2283 οὖν
1630 2232 1882 2304 ψυχικῶς

225 2311 394 2384 οἶδεν,
443 2312 558 2371 ὁιδὶ
605 2319 835 2390 νοερῶς,
866 2316 895 2371 ὁ
926 2313 984 2370 δὲ
1030 2316 1163 2393 ὑπὲρ
1189 2321 1314 2371 νοῦν
1345 2317 1437 2371 καὶ
1468 2316 1734 2374 ἐπέκεινα.
1765 2316 1884 2374 Οὐκ

221 2403 512 2462 ἀλλοιοῦσι
542 2403 601 2462 δὶ
630 2408 686 2462 αἱ
706 2407 935 2484 γνώσεις
955 2407 1024 2463 τὰ
1043 2409 1362 2484 πράγματα,
1386 2405 1513 2463 ἀλλ’
1539 2408 1594 2462 αἱ
1625 2409 1717 2482 μὲν
1745 2407 1881 2462 κατὰ

211 2494 282 2551 τὰ
334 2497 676 2570 γινώσκοντα
714 2495 986 2566 ⁹ίστανται,
1030 2499 1098 2553 τὰ
1141 2494 1199 2552 δὲ
1243 2495 1500 2571 γινόμενα
1547 2503 1648 2565 τῆς
1679 2496 1880 2558 οἰκείας

214 2584 317 2640 οὐκ
367 2584 662 2658 ἐξίστανται
712 2586 947 2665 φύσεως.
980 2588 1043 2644 Ὀ
1102 2587 1198 2660 μὲν
1241 2585 1332 2642 οῦν
1379 2587 1531 2658 Θεὸς,
1566 2587 1694 2662 ὅρος
1745 2584 1818 2640 ὣν
1851 2587 1880 2640 6

221 2678 441 2730 πάντων
491 2675 811 2754 ἀκρότατος,
855 2677 990 2732 κατά
1038 2677 1138 2746 τὴν
1196 2676 1395 2732 οἰκείαν
1445 2675 1720 2752 ἀκρότητα
1767 2673 1881 2730 οἶδε

217 2766 288 2820 τὰ
345 2767 661 2841 πράγματα,
723 2767 1040 2843 ὡρισμένως
1101 2768 1195 2839 μὶν
1254 2766 1322 2820 τά
1380 2766 1603 2842 ἀόριστα
1640 2810 1654 2837 ,
1714 2765 1880 2841 ἀναγ-

219 2856 396 2918 καίως
457 2853 514 2910 δὲ
563 2856 632 2911 τά
687 2854 1039 2932 ἐνδεχόμενα·
1103 2855 1164 2911 οὐ
1212 2855 1312 2932 γὰρ
1357 2850 1875 2929 συμμεταϐάλλεται

221 2949 344 3008 τοῖς
374 2944 705 3019 γινομένοις,
738 2943 867 3000 ἀλλ’
918 2945 993 3010 ὡς
1043 2941 1158 3021 ἔχει
1209 2943 1421 3023 φύσεως
1462 2946 1561 3013 τήν
1594 2944 1740 3014 τάξιν
1769 2940 1883 2998 οἶδε

222 3037 332 3088 τῶν
367 3029 558 3088 ὄντων·
598 3033 667 3090 τὰ
717 3031 774 3090 δὲ
821 3034 959 3089 κατά
1001 3037 1100 3104 τήν
1144 3032 1346 3089 οἰκείαν
1389 3031 1544 3110 φύσιν
1595 3031 1678 3110 ῥεῖ
1706 3053 1763 3087 τε
1791 3031 1880 3087 καὶ

227 3123 466 3200 φέρεται.

1991 1984 2025 2022 a
2071 1971 2478 2038 cognoscente,
2510 1967 2986 2024 circumvolvitur
3032 1970 3188 2024 circa
3237 1970 3537 2042 cognitum
3586 1973 3644 2024 et

1991 2054 2206 2111 similis
2236 2055 2609 2126 cognoscenti
2641 2056 2923 2124 efficitur;
2955 2063 3013 2113 et
3044 2063 3108 2113 ut
3139 2074 3326 2113 meam
3359 2057 3645 2130 explicem

1992 2144 2364 2213 sententiam,
2398 2143 2514 2199 alia
2543 2149 2632 2200 est
2680 2145 2889 2199 animae
2941 2146 3212 2217 cognitio,
3243 2145 3358 2201 alia
3406 2147 3644 2214 mentis,

1991 2237 2049 2288 et
2078 2231 2194 2288 alia
2222 2232 2323 2287 Dei
2357 2249 2371 2287 :
2403 2232 2506 2288 illa
2558 2233 2797 2305 quidem
2847 2233 3200 2303 animaliter,
3235 2251 3400 2299 mens
3449 2239 3648 2291 autem

1993 2320 2388 2392 mutabiliter;
2421 2323 2576 2393 quod
2610 2327 2808 2378 autem
2838 2340 3018 2395 supra
3043 2329 3301 2379 mentem
3330 2328 3441 2393 est,
3473 2325 3650 2379 modo

1992 2410 2106 2467 sibi
2147 2411 2403 2482 proprio.
2436 2412 2813 2484 Cognitiones
2845 2417 3040 2468 autem
3092 2430 3184 2468 res
3233 2429 3346 2468 non
3382 2417 3648 2484 mutant;

1991 2501 2092 2556 sed
2123 2499 2235 2555 illae
2281 2499 2338 2554 in
2371 2500 2864 2571 cognoscentibus
2895 2506 3074 2570 stant,
3105 2519 3231 2572 quae
3282 2506 3476 2558 autem
3513 2506 3655 2558 sunt

1994 2588 2291 2662 propriam
2325 2593 2595 2644 naturam
2649 2607 2763 2644 non
2795 2590 3094 2646 amittunt.
3124 2591 3278 2646 Deus
3327 2591 3526 2663 igitur,
3560 2591 3654 2646 ul-

1992 2677 2175 2734 timus
2204 2677 2472 2734 omnium
2503 2678 2816 2747 terminus,
2842 2681 3166 2735 secundum
3200 2681 3495 2752 propriam
3529 2679 3651 2736 cel-

1990 2766 2312 2824 situdinem
2369 2783 2458 2823 res
2508 2768 2831 2839 cognoscit,
2863 2767 3106 2824 deﬁnite
3153 2785 3282 2840 quae
3334 2768 3648 2824 indeﬁnite

1993 2863 2152 2923 sunt,
2190 2857 2516 2912 necessario
2550 2874 2678 2928 qua:
2711 2861 2853 2912 sunt
2877 2857 3313 2930 contingentes;
3348 2875 3457 2914 non
3489 2858 3648 2915 enim

1993 2950 2261 3002 mutatur
2291 2945 2471 3002 simul
2501 2962 2636 3001 cum
2667 2947 2752 3002 eis
2782 2963 2910 3018 qua
2958 2947 3130 3014 fiunt,
3162 2948 3260 3004 sed
3311 2964 3412 3020 pro
3443 2963 3646 3003 earum

1992 3039 2204 3090 natura
2235 3041 2635 3090 creaturarum
2669 3036 2934 3091 ordinem
2980 3035 3168 3104 novit;
3203 3052 3283 3091 eae
3326 3040 3520 3091 autem
3553 3051 3648 3091 se-

1992 3125 2252 3180 cundum
2288 3124 2587 3196 propriam
2622 3129 2895 3180 naturam
2927 3124 3119 3180 ﬂuunt
3149 3129 3206 3181 et
3234 3125 3520 3181 feruntur.

299 3236 355 3287 s'.
413 3231 552 3303 Φέρε
609 3230 712 3305 γὰρ
767 3230 906 3306 πρὸς
954 3234 1106 3286 Θεοῦ·
1167 3235 1274 3286 τῶν
1334 3231 1604 3303 σωμάτων
1663 3227 1878 3299 διεστη-

2063 3232 2116 3286 5.
2154 3231 2416 3302 Agedum
2449 3232 2604 3286 enim
2659 3248 2761 3302 per
2809 3233 3025 3298 Deum;
3056 3249 3190 3287 cum
3242 3233 3364 3288 sint
3410 3249 3652 3303 corpora

223 3319 426 3387 κάτων,
474 3323 592 3380 πῶς
640 3317 753 3374 οἶδε
802 3323 970 3374 ταῦτα
1019 3320 1148 3381 Θεός
1180 3339 1192 3388 ;
1225 3317 1525 3380 διαπατῶς
1558 3318 1593 3388 ἢ
1627 3315 1879 3373 ἀδιαστά-

221 3430 332 3471 τως
367 3428 383 3478 ;
419 3408 522 3463 οὐκ
577 3405 908 3471 ἀδιαστάτως
941 3429 955 3478 ;
989 3409 1066 3467 Οὐ
1125 3409 1228 3484 γὰρ
1288 3407 1428 3482 ἐρεῖς
1477 3429 1583 3463 που
1635 3413 1878 3483 θάτερονο

224 3498 290 3552 οὐ
319 3498 425 3572 γὰρ
475 3495 738 3552 διίσταται
787 3503 906 3560 τοῖς
961 3499 1143 3573 βάθεσι
1203 3498 1408 3552 τούτων
1452 3497 1486 3566 ἢ
1536 3502 1652 3558 τοῖς
1713 3498 1882 3569 μήκε-

222 3606 305 3640 σιν
365 3588 401 3656 ἢ
453 3591 572 3649 τοῖς
637 3585 918 3642 πλάτεσιν·
980 3585 1107 3643 ἀλλ’
1165 3584 1482 3642 ἀδιάστατον
1545 3587 1722 3640 αὐτῶν
1782 3587 1879 3655 τὴν

220 3679 426 3749 γνῶσιν
482 3670 784 3750 προέλαϐεν
827 3718 840 3734 .
897 3677 1016 3752 'Ap'
1065 3677 1156 3731 οῦν
1215 3676 1276 3730 τὸ
1335 3675 1506 3737 οὕτως
1565 3672 1761 3729 εἰδέναι
1820 3674 1885 3727 τὰ

223 3765 454 3836 σώματα
482 3765 572 3819 τὸν
605 3764 734 3819 Θεὸν
786 3764 882 3828 τὰς
935 3762 1235 3826 διαστάσεις
1265 3763 1485 3818 ἐκείνων
1530 3765 1833 3836 μετήμειψε
1868 3782 1882 3833 ;

226 3852 378 3909 Κατά
427 3851 518 3906 τὸν
582 3851 740 3907 αὐτὸν
800 3850 1110 3927 λόγον,καὶ
1161 3854 1260 3921 τήν
1323 3851 1477 3928 φύσιν
1541 3850 1673 3925 ὑπὲρ
1726 3848 1881 3926 φύσιν

224 3939 388 4004 εἰδὼς
440 3941 530 3995 καὶ
585 3941 650 3996 τὸ
708 3940 956 4017 ἀόριστον
1019 3942 1362 4016 ὡρισμένως,
1407 3936 1530 3994 οὔτε
1576 3939 1678 4007 τὴν
1731 3937 1885 4016 φύσιν

229 4029 593 4105 μετήλλαξεν,
667 4029 791 4086 οὔτε
867 4033 968 4101 τὴν
1021 4031 1296 4106 ἀοριστίαν
1357 4034 1462 4084 τῶν
1539 4030 1878 4103 πραγμάτων

228 4120 588 4192 μετήμειψεν·
649 4120 714 4175 οὐ
743 4119 846 4195 γὰρ
891 4118 1034 4174 αἰτία
1081 4123 1184 4174 τῶν
1225 4119 1528 4194 γινομένων
1561 4119 1596 4186 ἡ
1628 4116 1885 4190 πρόγνω-

223 4229 330 4270 σις.
364 4207 442 4264 ῡύ
489 4207 697 4276 τοίνυν,
733 4208 778 4263 εἰ
827 4213 934 4263 τῶν
995 4210 1088 4282 μὲν
1126 4209 1440 4282 προέγνωκε
1475 4208 1575 4274 τήν
1604 4203 1884 4276 φαυλότη-

219 4319 307 4367 τα,
340 4301 450 4352 τῶν
484 4294 541 4352 δὲ
589 4298 690 4367 τὴν
749 4294 1094 4367 δικαιοσὼην
1143 4291 1440 4372 προέλαϐε,
1493 4293 1583 4350 διὰ
1635 4301 1804 4350 ταῦτα
1834 4295 1884 4368 ἐξ

222 4388 462 4463 ἀνάγκης
524 4386 576 4440 οἱ
639 4387 733 4459 μὶν
804 4385 1027 4464 φαῦλοι,
1087 4388 1138 4440 οἳ
1193 4383 1249 4440 δὲ
1295 4386 1616 4459 γεγένηνται
1663 4381 1881 4438 δίκαιοι·

225 4473 352 4531 ἀλλ’
413 4474 618 4538 ἐκεῖνός
676 4496 735 4530 τε
793 4475 929 4530 κατά
984 4477 1080 4544 τήν
1133 4475 1330 4530 οἰκείαν
1372 4473 1528 4549 φύσιν
1561 4475 1660 4542 τὴν
1693 4478 1888 4548 γνῶσιν

227 4559 355 4640 ἔσχε
412 4569 520 4619 τῶν
573 4568 905 4639 γινομένων,
955 4566 1174 4620 κάκεῖνα
1220 4565 1356 4618 κατὰ
1409 4564 1498 4618 τὸν
1531 4560 1664 4617 ἴδιον
1697 4561 1884 4636 εἶρμὸν

1995 3319 2299 3388 distantia,
2359 3323 2652 3390 quomodo
2712 3337 2780 3376 ea
2839 3321 2999 3376 novit
3055 3321 3260 3376 Deus?
3323 3321 3530 3378 Utrum
3589 3325 3655 3376 ut

1992 3409 2277 3467 distantia
2336 3409 2576 3464 annon?
2625 3410 2748 3465 Non
2807 3410 3136 3465 distantia?
3183 3410 3446 3466 Alterum
3497 3411 3653 3466 enim

1994 3517 2111 3555 non
2146 3500 2326 3553 dices.
2362 3497 2486 3552 Non
2519 3499 2672 3552 enim
2727 3499 2798 3553 ab
2850 3498 2969 3554 illis
3001 3500 3182 3554 distat
3228 3499 3538 3554 altitudine
3565 3499 3655 3554 vel

1994 3587 2366 3660 longitudine
2393 3587 2482 3642 vel
2532 3586 2874 3654 latitudine;
2910 3605 3025 3643 non
3078 3589 3398 3644 distantem
3450 3605 3654 3644 eorum

1994 3677 2388 3749 cognitionem
2441 3676 2734 3747 przecepit.
2776 3677 2926 3731 Num
2990 3677 3172 3747 igitur
3222 3693 3288 3732 eo
3337 3678 3493 3747 quod
3545 3677 3656 3732 scit

1996 3772 2148 3822 Deus
2187 3780 2455 3836 corpora,
2481 3781 2684 3819 eorum
2736 3765 2981 3820 mutavit
3028 3765 3386 3820 distantias?
3437 3766 3652 3820 Eadem

1993 3854 2242 3920 ratione,
2295 3858 2568 3908 naturam
2619 3854 3148 3924 supernaturaliter
3197 3869 3446 3908 noscens
3479 3858 3534 3908 et
3564 3853 3653 3908 in-

1995 3942 2307 3999 deﬁnitum
2340 3942 2512 3996 modo
2544 3942 2808 4011 definito,
2842 3959 3032 4013 neque
3073 3949 3345 3997 naturam
3383 3941 3653 4012 mutavit,

1994 4048 2184 4103 neque
2203 4047 2399 4086 rerum
2445 4029 3090 4098 indeterminationem;
3133 4047 3248 4086 non
3272 4029 3426 4085 enim
3450 4045 3654 4086 eorum

1994 4139 2125 4192 qua:
2181 4124 2322 4175 sunt
2382 4118 2752 4190 praescientia
2805 4137 2984 4176 causa
3039 4125 3148 4175 est.
3181 4120 3306 4174 Non
3361 4119 3562 4190 igitur.
3607 4118 3655 4173 si

1996 4210 2244 4266 aliorum
2313 4209 2604 4280 praescivit
2672 4208 2997 4274 malitiam,
3053 4209 3300 4263 aliorum
3357 4207 3657 4278 justitiam

1998 4297 2414 4372 praesumpsit,
2478 4315 2592 4352 non
2668 4303 2974 4369 pr0pterea
3029 4315 3098 4353 ex
3154 4297 3502 4353 necessitate
3561 4295 3660 4352 alii

1998 4388 2139 4444 mali
2195 4387 2333 4442 facti
2393 4392 2554 4455 sunt,
2617 4387 2715 4441 alii
2766 4388 2950 4457 justi;
3013 4388 3111 4442 sed
3172 4386 3271 4442 ille
3331 4387 3659 4442 secundum

1997 4477 2293 4549 propriam
2327 4480 2598 4530 naturam
2646 4491 2714 4530 ea
2761 4492 2887 4546 quas
2941 4480 3082 4530 sunt
3129 4474 3419 4546 cognovit,
3453 4479 3509 4530 et
3540 4474 3662 4528 hzec

1996 4565 2320 4621 secundum
2359 4565 2661 4636 proprium
2711 4580 2926 4618 nexum
2962 4565 3251 4619 feruntur.
3287 4563 3358 4617 Et
3386 4563 3497 4618 scit
3526 4580 3660 4618 eum

230 4651 468 4730 φέρεται·
532 4654 624 4708 καὶ
698 4655 790 4709 τὸν
843 4654 1055 4729 ἀγχόνῃ
1128 4653 1308 4708 τοίνυν
1369 4654 1721 4727 χρησάμενον
1778 4649 1883 4706 οἶδε

1996 4654 2096 4725 qui
2130 4653 2338 4724 laqueo
2385 4668 2448 4707 se
2503 4654 2834 4724 suspendit,
2869 4653 2953 4707 sic
3006 4653 3358 4707 moriturum
3410 4668 3534 4708 esse
3565 4656 3660 4719 (ne

237 4741 330 4813 μὶν
388 4743 465 4804 ὡς
537 4741 680 4796 οὕτω
735 4746 1050 4816 τεθνήξαιτο
1106 4743 1206 4816 (μή
1265 4741 1365 4816 γαρ
1425 4762 1482 4795 σε
1535 4738 1767 4814 διαλάθῃ
1824 4740 1886 4794 τὸ

233 4831 498 4906 πρότερον
547 4829 908 4907 ὁμολόγημα,
957 4833 1030 4894 ὡς
1059 4834 1093 4901 ἡ
1128 4836 1327 4907 γνῶσις
1377 4830 1661 4902 ὡμοίωται
1691 4833 1770 4900 τῷ
1802 4849 1889 4902 γι-

231 4920 525 4993 νώσκοντι)
583 4923 649 4976 οὐ
691 4919 780 4977 διὰ
830 4924 928 4992 τήν
973 4926 1169 4998 γνῶσιν
1217 4918 1274 4976 δὲ
1322 4919 1525 4981 ἐκεῖνος
1573 4918 1762 4993 βιαίως
1803 4916 1887 4971 ἐκ-

227 5009 539 5078 πέπτωκεν,
587 5007 732 5066 ἀλλά
780 5008 866 5066 διὰ
903 5011 1000 5080 τὴν
1047 5009 1356 5085 προαίρεσιν
1391 5011 1619 5080 πονηρῷ
1672 5005 1889 5082 χρησά-

227 5117 396 5171 μενος
428 5094 670 5170 δαίμονι.
725 5099 852 5172 Καὶ,
884 5101 947 5156 τὸ
995 5099 1210 5173 σύμπαν
1263 5097 1430 5153 εἰπεῖν
1483 5090 1623 5150 ὥστε
1649 5117 1733 5150 σοι
1770 5094 1890 5149 ἐπι-

221 5186 497 5251 λελύσθαι
524 5187 589 5242 τὸ
633 5191 875 5262 ζήτημα,
927 5194 1004 5262 τῷ
1045 5190 1139 5262 μὲν
1189 5192 1302 5259 Θεῷ
1331 5186 1466 5242 κατά
1494 5187 1594 5255 τήν
1643 5184 1892 5259 πρόγνω-

222 5297 314 5332 σιν
377 5277 440 5331 τὸ
491 5283 593 5347 τῆς
675 5277 902 5333 ἑκάστου
977 5284 1121 5347 ζωῆς
1203 5277 1568 5350 συμπέρασμα
1622 5273 1888 5350 ὥρισται·

221 5360 510 5440 προέλαϐε
566 5367 669 5442 γὰρ
724 5367 929 5431 ἐκεῖνος
1001 5369 1102 5437 τήν
1162 5371 1361 5443 γνῶσιν
1429 5369 1525 5419 τοῦ
1586 5363 1891 5436 ἐσομένουο

223 5459 377 5528 ἡμῖν
432 5451 490 5508 δὲ
544 5455 874 5530 ἀορισταίνει
916 5457 977 5510 τὸ
1028 5450 1470 5530 συμϐησόμενον·
1507 5452 1646 5508 ὥστε
1690 5452 1891 5524 τρόπον

233 5546 343 5621 μέν
403 5564 523 5599 τινα
581 5544 830 5621 ὥρισται,
861 5549 1067 5622 τρόπον
1131 5542 1187 5599 δὲ
1246 5543 1335 5598 καὶ
1391 5541 1497 5618 οὐχ
1547 5537 1790 5615 ὥρισται·
1849 5543 1895 5614 ᾦ

239 5635 351 5708 μὲν
401 5632 504 5708 γὰρ
554 5631 668 5690 οἶδε
715 5636 846 5698 Θεὸς
891 5635 1138 5711 ὥρισται,
1171 5635 1216 5706 ᾧ
1266 5631 1321 5688 δὲ
1368 5634 1402 5702 ἡ
1448 5631 1758 5707 πρόγνωσις
1791 5631 1898 5708 οὐχ

236 5722 422 5800 ὁρίζει
479 5723 543 5778 τὸ
599 5724 990 5801 γενησόμενον,
1024 5725 1132 5802 οὐχ
1174 5718 1423 5802 ὥρισται.
1473 5719 1792 5778 Ἐπιδεαιτῶ
1841 5719 1898 5778 δέ

1999 4748 2054 4798 te
2099 4741 2286 4812 fugiat
2334 4741 2488 4811 quod
2549 4741 2805 4812 primum
2869 4741 3121 4797 conlessi
3183 4758 3416 4811 sumus,
3453 4757 3662 4812 nempe

1999 4830 2396 4902 cognitionem
2441 4828 2816 4899 cognoscenti
2863 4829 3120 4884 similem
3169 4835 3340 4899 esse),
3374 4846 3488 4885 non
3522 4846 3662 4900 pro-

1999 4924 2127 4992 pter
2175 4918 2326 4972 hanc
2375 4917 2767 4988 cognitionem
2819 4917 2915 4973 ille
2962 4918 3245 4974 violenter
3295 4917 3524 4984 cecidit,
3559 4919 3660 4974 sed

2000 5025 2102 5080 per
2127 5006 2487 5062 voluntatem
2524 5006 2679 5061 malo
2713 5023 2856 5061 usus
2888 5007 3143 5078 ingenio.
3171 5007 3239 5062 Et
3272 5011 3336 5061 ut
3367 5005 3516 5063 nihil
3547 5021 3664 5060 non

2001 5097 2194 5152 dicam
2226 5096 2378 5165 quod
2412 5095 2518 5149 tibi
2552 5094 2701 5149 hanc
2734 5095 3118 5166 quaestionem
3151 5095 3358 5164 solvat,
3381 5095 3499 5150 Deo
3532 5094 3662 5167 qui-

2001 5186 2133 5240 dem
2167 5200 2269 5256 per
2315 5182 2743 5254 praecienliam
2783 5181 2910 5238 vitae
2963 5182 3432 5254 uniuscujusque
3464 5181 3667 5238 termi-

2003 5291 2115 5329 nus
2143 5273 2422 5329 deﬁnitus
2453 5277 2570 5341 est;
2614 5272 2990 5344 praesumpsit
3021 5271 3176 5326 enim
3235 5271 3416 5326 futuri
3471 5271 3666 5326 scien-

2003 5364 2180 5431 tiam;
2216 5363 2382 5418 nobis
2425 5367 2620 5418 autem
2673 5362 2934 5417 futurum
2987 5360 3364 5416 indefinitum
3413 5364 3503 5415 est
3537 5376 3550 5414 :
3586 5361 3667 5416 ita

2007 5458 2071 5508 ut
2116 5453 2550 5522 quodammodo
2610 5451 2922 5507 deﬁnitum
2983 5451 3080 5520 sit,
3122 5455 3178 5505 et
3226 5449 3664 5520 quodammodo

2007 5542 2414 5610 indefinitum;
2450 5542 2622 5597 modo
2673 5541 2830 5597 enim
2880 5558 2995 5614 quo
3048 5540 3204 5595 novit
3254 5544 3422 5605 Deus,
3457 5536 3667 5592 deﬁni-

2008 5638 2133 5688 tum
2167 5636 2283 5701 est;
2320 5637 2492 5704 prout
2517 5639 2710 5688 autem
2747 5630 3109 5704 praescientia
3133 5647 3248 5687 non
3272 5628 3478 5685 deﬁnit
3507 5627 3665 5684 lutu-

2012 5741 2174 5795 rum,
2199 5723 2565 5780 indefinitum
2590 5728 2696 5780 est.
2717 5724 2964 5780 Attende
2985 5727 3040 5780 ct
3066 5723 3303 5780 Patrum
3334 5725 3668 5782 nostrorum
