4088 6350
446 377 562 436 919

1787 380 2209 440 MICHAELIS
2254 381 2525 440 PSELLI

3753 380 3873 438 920

453 510 643 584 libris,
674 516 740 569 ut
782 513 829 569 si
864 514 1215 586 quibusdam
1267 513 1591 570 occurreris
1623 514 1719 586 qui
1756 515 1824 569 de
1857 513 2107 569 termino

2231 512 2458 575 καὶτοῖς
2498 517 2608 568 τῶν
2654 514 2901 585 πατέρων
2953 515 3113 587 ἡμῶν
3170 512 3383 589 λόγοις,
3430 513 3501 567 ’ἶν’
3531 509 3578 567 εἴ
3624 532 3733 566 τισι
3777 479 3870 585 μὶν

455 603 584 658 vitae
617 608 829 659 nostrae
858 604 1096 659 deﬁnito
1143 603 1489 674 loquuntur,
1524 608 1577 658 et
1610 604 1963 674 quibusdam
2009 602 2109 675 qui

458 692 530 747 de
562 693 762 747 eodem
801 697 861 746 ut
907 691 1234 759 indeﬁnito,
1271 708 1383 747 non
1434 696 1604 763 putes
1635 693 1931 748 doctrinas
1964 692 2114 746 inter

460 798 523 837 se
545 781 874 849 dissentire,
902 784 1002 837 sed
1031 782 1264 853 judices
1296 781 1437 837 illud
1465 783 1700 853 quidem
1727 782 1918 853 priore
1940 782 2111 838 modo

459 868 726 939 exprimi,
761 868 869 924 hoc
902 874 1099 925 autem
1132 869 1337 925 altero.

525 1048 578 1102 6.
613 1052 898 1105 Praeterea
927 1054 981 1105 te
1012 1049 1139 1105 volo
1180 1049 1329 1105 scire
1379 1055 1640 1104 nostram
1694 1056 1964 1104 naturam
1996 1066 2113 1105 non

458 1153 587 1193 esse
617 1136 971 1208 simplicem,
1004 1141 1104 1194 sed
1150 1155 1255 1193 nos
1304 1139 1506 1209 plenos
1538 1154 1666 1193 esse
1698 1145 1754 1194 et
1786 1139 2117 1193 substantia

459 1230 516 1281 et
572 1227 975 1297 generatione,
1028 1243 1318 1299 agereque
1368 1234 1493 1281 tum
1547 1226 1939 1298 providentia,
1991 1234 2115 1281 tum

459 1318 691 1380 natura,
724 1319 848 1369 tum
896 1314 1216 1370 voluntate.
1279 1316 1547 1387 llludque
1598 1317 1726 1371 dico
1787 1332 1901 1371 non
1960 1316 2114 1386 quod

460 1402 684 1475 aliquid
733 1405 882 1476 fugit
933 1405 1363 1460 Providentiam
1396 1411 1450 1460 et
1480 1406 1686 1470 Deum,
1722 1406 1822 1459 sed
1872 1406 2025 1476 quod
2061 1410 2117 1459 et

461 1492 577 1549 alia
607 1511 732 1565 qua
782 1495 915 1550 inde
963 1496 1366 1551 exsistentiam
1421 1502 1786 1567 receperunt,
1821 1496 1940 1551 sive
1972 1496 2115 1568 phy-

462 1584 581 1639 sice
612 1585 732 1640 sive
781 1585 961 1640 libere
1009 1587 1067 1640 in
1120 1603 1226 1640 nos
1277 1592 1615 1657 operantur.
1668 1587 1800 1641 Ideo
1852 1586 2030 1657 igitur
2060 1591 2118 1641 et

460 1674 683 1744 frigora
711 1682 763 1730 et
796 1675 1018 1730 calores
1053 1692 1160 1731 nos
1192 1692 1221 1731 e
1250 1676 1367 1731 vita
1408 1676 1701 1741 auferunt,
1726 1676 1863 1747 quia
1894 1681 2115 1731 naturae

464 1763 777 1835 participes
821 1781 1053 1834 sumus,
1085 1771 1141 1820 et
1172 1783 1407 1821 rursum
1456 1764 1671 1819 stolida
1701 1765 1946 1820 consilia
1977 1782 2115 1821 nos-

460 1855 608 1906 tram
639 1852 823 1907 vitam
875 1854 1258 1927 exstinguunt
1315 1871 1385 1908 ex
1440 1853 1722 1908 electione
1774 1852 2112 1910 voluntatis.

456 1940 665 1995 Omnia
695 1942 932 2013 quidem
967 1943 1209 1997 definite
1262 1944 1423 1998 novit
1452 1943 1635 2010 Deus;
1686 1942 1789 1997 illa
1834 1959 1968 1998 vero
2016 1960 2110 1999 se-

455 2030 717 2084 cundum
752 2047 923 2087 suam
955 2036 1228 2086 naturam
1261 2036 1599 2101 operantur.

523 2208 689 2265 Nunc
720 2209 955 2265 brevem
988 2209 1171 2265 habes
1200 2214 1313 2265 tuae
1356 2210 1701 2282 quaestionis
1734 2210 2108 2282 solutionem,

459 2297 695 2354 Patrum
727 2299 1067 2354 doctissime
1096 2304 1154 2354 el.
1183 2300 1691 2356 reverendissime.

2221 600 2471 678 ἐντύχοις
2543 603 2617 667 ὡς
2690 605 2812 677 περὶ
2888 603 3193 679 ὡρισμένου
3248 607 3345 658 τοῦ
3416 600 3869 677 συμπεράσματος

2219 695 2317 755 τῆς
2366 698 2510 761 ζωῆς
2543 694 2701 766 ἡμῶν
2756 692 3001 769 λέγουσι,
3054 694 3163 748 τισὶ
3198 690 3254 748 δὲ
3306 690 3380 754 ὡς
3430 689 3549 765 περῖ
3596 689 3869 763 ἀορίστου,

2226 784 2300 855 μή
2363 780 2648 858 διαφωνεῖν
2708 784 2845 858 πρὸς
2898 780 3121 851 ἄλληλα
3187 780 3431 852 οἰηθείης
3484 780 3549 835 τὰ
3606 777 3866 855 δόγματα,

2221 870 2348 928 ἀλλ’
2381 871 2676 947 ἐπικρίνοις
2710 874 2784 934 ὡς
2813 876 2978 926 ταῦτα
3015 873 3107 944 μὲν
3139 871 3275 926 κατά
3320 875 3513 925 τοῦτον
3546 870 3637 924 τὸν
3670 869 3866 944 τρόπον

2223 961 2578 1031 ἐξενήνεκται,
2614 960 2790 1015 ἐκεῖνα
2821 958 2876 1015 δὲ
2906 960 3041 1015 κατὰ
3070 960 3161 1014 τὸν
3193 956 3397 1034 ἕτερον.

2296 1052 2357 1112 ς’.
2420 1050 2558 1124 [Ιρὸς
2613 1047 2668 1103 δε
2727 1048 2941 1111 τούτοις
2996 1047 3187 1104 εἰδέναι
3250 1069 3306 1103 σε
3340 1047 3613 1125 βούλομαι
3663 1046 3738 1110 ὡς
3766 1046 3869 1121 οὐχ

2224 1138 2372 1208 ἁπλῆ
2430 1160 2511 1199 τις
2570 1138 2711 1193 ἐστὶν
2770 1141 2804 1207 ἡ
2864 1139 3161 1211 καθ’ἡμᾶς
3216 1137 3393 1215 φύσις,
3444 1135 3588 1191 ἀλλᾶ
3640 1134 3869 1208 πλήρεις

2225 1228 2382 1299 ἐσμὲν
2439 1229 2527 1282 καὶ
2574 1232 2670 1282 τοῦ
2720 1224 2873 1289 ὄντος
2926 1228 3013 1282 καὶ
3066 1229 3164 1298 τῆς
3204 1226 3484 1300 γενέσεως,
3518 1224 3869 1297 διοικούμεθά

2222 1338 2281 1372 τε
2309 1318 2374 1371 τὰ
2422 1318 2514 1389 μὲν
2578 1318 2680 1372 ὑπὸ
2738 1315 3021 1392 προνοίας,
3054 1318 3119 1370 τὰ
3178 1314 3223 1370 δ’
3282 1317 3387 1370 ὑπὸ
3447 1315 3679 1391 φύσεως,
3730 1314 3796 1365 τὰ
3825 1310 3867 1365 δ’

2226 1406 2285 1462 ἐκ
2342 1408 2730 1483 προαιρέσεως,
2795 1406 2894 1463 Καὶ
2955 1405 3016 1459 οὐ
3073 1410 3232 1459 τοῦτο
3296 1404 3459 1479 λέγω,
3510 1405 3585 1465 ὡς
3626 1398 3867 1471 διέστηκέ

2221 1518 2274 1551 τι
2326 1504 2424 1565 τῆς
2482 1496 2735 1571 προνοίας
2787 1497 2876 1550 καὶ
2920 1499 3016 1549 τοῦ
3067 1499 3228 1565 Θεοῦ,
3272 1491 3511 1549 ἀλλ’ὅτι
3554 1494 3643 1547 καὶ
3694 1489 3867 1546 τᾶλλα

2226 1584 2424 1640 ἐκεῖθεν
2476 1586 2573 1654 τήν
2632 1585 2813 1639 οὐσίαν
2865 1582 3108 1659 λαχόντα
3166 1583 3201 1653 ἢ
3252 1587 3493 1661 φυσικῶς
3538 1582 3661 1655 περὶ
3723 1583 3865 1653 ἡμᾶς

2226 1676 2430 1752 ἐνεργεῖ
2484 1674 2519 1743 ἢ
2565 1677 2959 1749 προαιρετικῶς
2996 1717 3008 1729 .
3064 1674 3161 1727 Διά
3215 1677 3381 1727 ταῦτα
3436 1674 3723 1747 τοιγαροῦν
3781 1670 3865 1724 καὶ

2223 1763 2424 1839 κρυμοὶ
2457 1764 2546 1819 καὶ
2598 1762 2779 1833 θάλπη
2832 1762 3145 1839 ἐκφέρουσιν
3179 1764 3327 1835 ἡμᾶς
3357 1764 3455 1831 τῆς
3496 1766 3642 1829 ζωῆς
3673 1758 3757 1813 ὅτι
3781 1756 3864 1812 καὶ

2225 1852 2434 1930 φύσεως
2512 1854 2923 1927 μετεσχήκαμεν
2957 1871 2969 1883 ·
3026 1850 3115 1905 καὶ
3201 1851 3353 1914 αὖθις
3412 1846 3607 1903 ἄτοποι
3656 1852 3862 1924 γνῶμαι

2224 1937 2562 1996 σϐεννύουσιν
2613 1944 2773 2013 ἡμῶν
2804 1941 2906 2009 τὴν
2942 1941 3110 2010 ζωὴν,
3140 1941 3287 2015 παρὰ
3314 1940 3376 1993 τὸ
3411 1938 3573 2013 μέρος
3601 1944 3701 2007 τῆς
3733 1957 3861 2012 προ-

2220 2032 2497 2107 αιρέσεως.
2531 2033 2774 2087 Ἃπαντα
2823 2027 2937 2085 οἶδε
2971 2030 3064 2102 μὶν
3098 2028 3419 2105 ὡρισμένως
3451 2029 3478 2083 ὁ
3517 2027 3648 2091 Θεὸς
3690 2026 3859 2081 ἐκεῖνα

2222 2119 2281 2176 δὲ
2308 2121 2440 2175 κατᾶ
2469 2122 2566 2188 τὴν
2600 2122 2802 2175 ἑαυτῶν
2835 2118 2988 2197 φύσιν
3014 2120 3114 2187 τήν
3147 2117 3416 2194 ἐνέργειαν
3445 2116 3686 2192 ἔχουσιν.

2291 2212 2477 2286 Ἔχεις
2510 2207 2628 2265 ἰδοὺ
2653 2212 2750 2279 τήν
2785 2207 2939 2264 λύσιν
2970 2207 3055 2262 ἐπὶ
3092 2208 3331 2283 βραχέος
3363 2208 3526 2280 οὗπερ
3553 2206 3860 2279 ἠρώτησας,

2224 2299 2476 2372 [Ιατέρων
2510 2298 2631 2372 ἐμοὶ
2665 2297 2967 2375 λογιώτατε
3000 2297 3089 2353 καὶ
3121 2292 3549 2370 σεϐασμιώτατε.

1215 2651 2317 2819 MICHAELIS
2434 2653 3139 2818 PSELLI

886 2930 1721 3055 OPERUM
1847 2932 2365 3055 PARS
2509 2932 3448 3057 SECUNDA

1963 3142 2380 3189 COMPLECTENS

1509 3269 1990 3356 LEGALIA
2071 3272 2217 3358 ET
2277 3269 2837 3359 CANONICA

750 3573 1203 3721 03mm
1280 3573 2014 3721 Numantiam
2086 3577 2225 3721 All
2305 3575 2515 3723 lllP.
2589 3575 3188 3722 lllClllELEll
3263 3572 3607 3720 DUCAM

835 3808 1155 3880 (Meerman
1185 3808 1524 3866 Thesaurus
1554 3808 1733 3880 Juris,
1756 3811 1799 3876 Ι,
1833 3825 1891 3880 p.
1912 3809 2006 3878 77,
2028 3809 2251 3879 Graece;
2282 3808 2827 3880 interpretationem
2859 3813 3123 3866 nostram
3155 3807 3539 3879 addidimus.)

552 4104 901 4177 Cognosces,
936 4122 1156 4178 quaeso,
1189 4106 1527 4177 imperator,
1561 4107 1734 4162 etiam
1775 4105 2107 4162 Nomocano

2247 4107 2384 4181 Ἔχε
2418 4126 2508 4179 μοι
2536 4110 2761 4182 γνῶσιν,
2795 4104 3049 4178 δέσποτα,
3080 4104 3169 4159 καὶ
3196 4108 3294 4159 τοῦ
3327 4102 3735 4177 Νομοκανόνος.

1906 4212 2064 4252 nem.

485 4284 593 4347 Qui
623 4284 771 4339 liber
801 4289 1027 4339 constat
1057 4284 1289 4355 legibus
1320 4288 1375 4341 et
1406 4285 1754 4352 canonibus,
1881 4196 1897 4267 [

485 4372 818 4427 Canonibus
850 4373 1229 4444 synodalibus
1261 4378 1318 4428 et
1350 4374 1578 4446 legibus
1610 4374 1807 4435 variis,

488 4460 782 4532 Prmoipue
813 4466 1007 4517 autem
1044 4462 1346 4535 prmeeptis
1379 4463 1711 4518 recentibus
1742 4462 2139 4533 sapientibus-

1999 4566 2071 4606 ue

488 4637 622 4700 Qum
655 4638 888 4710 scriptis
921 4641 1250 4697 canonibus
1281 4641 1497 4711 optime
1534 4552 1993 4711 patrocinantu?

490 4725 591 4780 Est
622 4729 816 4780 autem
848 4729 1110 4799 synodus
1153 4729 1343 4800 prima
1375 4733 1430 4783 et
1460 4728 1680 4782 honore
1711 4734 1765 4781 et
1796 4727 2001 4783 ordine

491 4814 730 4868 Patrum
764 4815 991 4885 piorum
1026 4818 1124 4888 qui
1158 4822 1553 4872 convenerunt
1583 4816 1856 4886 Nicaeam,

491 4902 612 4958 Sub
645 4903 799 4959 fideli
829 4904 1182 4976 imperatore
1211 4906 1590 4961 Constantino

491 4994 600 5057 Qui
631 5009 882 5065 magnus
914 4995 1281 5065 eximiusque
1314 4995 1519 5049 merito
1551 4994 2001 5065 cognominatus
2025 4999 2141 5062 est;

491 5086 863 5153 Fueruntque
897 5099 1140 5138 numero
1173 5085 1411 5139 trecenti
1437 5082 1858 5153 duodeviginti.

494 5170 631 5225 Post
663 5170 810 5225 hanc
850 5172 1111 5226 secunda
1140 5172 1269 5239 fuit,
1303 5174 1570 5244 quamvis
1604 5179 1861 5243 tempore
1894 5173 2072 5244 prior,

498 5260 799 5314 Beatorum
834 5259 1069 5316 Patrum
1102 5263 1331 5334 Ancyrae
1366 5262 1742 5318 collectorum

495 5348 601 5412 Qui
633 5348 835 5420 viginti
871 5355 1125 5421 quatuor
1153 5367 1408 5407 canones
1440 5353 1771 5417 ediderunt,

496 5440 637 5492 Cum
670 5439 929 5509 synodus
959 5440 1189 5495 Nicaana
1220 5441 1453 5496 nonnisi
1484 5440 1686 5512 viginti
1722 5440 2022 5497 edidisset.

496 5526 693 5581 Tertia
724 5525 923 5582 habita
955 5535 1041 5583 est
1072 5528 1453 5584 Neocaesareae
1486 5530 1745 5602 synodus

498 5614 633 5677 Quae
665 5614 839 5670 etiam
874 5616 1165 5673 Nicenam
1200 5620 1515 5689 praecessit,

498 5701 757 5756 Tertium
791 5706 985 5759 autem
1016 5708 1175 5761 tenet
1205 5705 1419 5778 locum,
1454 5711 1518 5763 ut
1551 5708 1779 5765 duabus
1813 5708 2005 5764 minor

2248 4282 2512 4344 Σύνθετος
2544 4278 2735 4356 βίϐλος
2766 4282 2968 4359 πέφυκε
2997 4281 3182 4354 νόμων
3222 4302 3279 4336 τε
3308 4279 3399 4335 καί
3425 4280 3681 4335 κανόνων.

2247 4372 2500 4429 Κανόνων
2532 4373 2625 4445 μὲν
2661 4369 2980 4441 συνοδικῶν,
3012 4371 3102 4423 καὶ
3134 4370 3317 4444 νόμων
3349 4368 3647 4447 διαφόρων,

2246 4466 2367 4517 Τῶν
2399 4466 2595 4538 νεαρῶν
2626 4459 2682 4517 δὲ
2717 4460 2954 4535 μάλιστα
2985 4462 3275 4538 πανσόφων
3306 4460 3708 4532 θεσπισμάτων,

2254 4644 2685 4714 Συνηγορνῦνται
2716 4637 2985 4694 κάλλιστα
3014 4644 3130 4701 τοῖς
3162 4641 3414 4715 γραφεῖσι
3443 4632 3682 4693 κανόσιν.

2251 4731 2402 4785 Ἔστι
2439 4727 2494 4783 δὲ
2524 4730 2715 4802 πρώτη
2752 4726 2973 4789 σύνοδος
2993 4731 3060 4801 τῇ
3090 4732 3229 4800 τιμῇ
3261 4728 3346 4781 καὶ
3375 4727 3446 4797 τῇ
3473 4725 3637 4796 τάξει,

2250 4821 2370 4875 Τῶν
2407 4816 2770 4873 συνελθόντων
2806 4812 3034 4872 εὐσεϐῶν
3070 4817 3144 4878 εἰς
3174 4816 3402 4872 Νικαίαν
3438 4816 3714 4891 Πατέρων,

2250 4906 2371 4963 Ἐπὶ
2399 4910 2496 4961 τοῦ
2530 4908 2932 4981 αὐτοκράτορος
2964 4906 3053 4960 καὶ
3085 4908 3281 4960 πιστοῦ
3310 4902 3736 4974 Κωνσταντίνου,

2252 4999 2345 5057 ’ος
2382 4994 2563 5071 μέγας,
2597 4997 2654 5057 ὃς
2692 4994 2956 5071 ἐξαίρετος
2984 4992 3170 5056 καλῶς
3203 4992 3589 5066 ἐπωνομάσθη.

2251 5086 2345 5139 Ὧν
2379 5084 2522 5139 ὀκτὼ
2553 5083 2640 5138 καὶ
2671 5082 2781 5141 δέκ.
2817 5084 3045 5158 ἀριθμὸς
3074 5085 3214 5159 πρὸς
3237 5088 3356 5143 τοῖς
3383 5078 3741 5155 τριακοσίοις.

2256 5172 2481 5249 Δευτέρα
2507 5172 2709 5243 ταύτης
2741 5172 2965 5246 πέφυκε,
2999 5175 3077 5242 τῷ
3108 5172 3297 5246 χρόνῳ
3329 5167 3385 5224 δὲ
3416 5168 3672 5243 προτέρα,

2254 5266 2367 5315 Τῶν
2404 5260 2671 5316 ἐλθόντων
2705 5260 2781 5324 εἷς
2808 5264 3082 5335 ’Ἄγκυραν
3116 5260 3369 5335 Ματέρων
3406 5258 3708 5331 μακαρίων,

2256 5352 2318 5404 Οἳ
2349 5351 2607 5424 τέσσαρας
2638 5350 2772 5423 πρὸς
2807 5346 2976 5403 εταοσι
3004 5347 3240 5419 ἐξέθεντο
3279 5348 3526 5415 κανόνας,

2174 5464 2222 5528 D
2258 5440 2319 5492 Οἱ
2352 5436 2395 5493 δ’
2429 5438 2481 5493 ἐν
2515 5437 2709 5507 Νικαίᾴ
2741 5435 2909 5491 εἷ’κοσι
2942 5436 3176 5507 ἐξέθεντο
3203 5436 3292 5490 καὶ
3328 5436 3553 5508 μόνους.

2253 5528 2413 5602 Τρίτη
2450 5524 2673 5590 σύνοδος
2701 5528 2919 5600 γέγονεν
2949 5525 2997 5579 ἐν
3034 5524 3437 5598 Νεοκαισαρεὶᾳ·

2254 5616 2404 5686 Αὕτη
2439 5620 2655 5691 πρῶτον
2685 5616 2887 5693 πέφυκε
2916 5614 3131 5684 καὶτῆς
3163 5613 3212 5668 ἐν
3244 5613 3311 5689 τῇ
3337 5612 3548 5683 Νικαίᾳ,

2254 5704 2459 5779 Τρίτην
2485 5702 2541 5760 δὲ
2570 5704 2714 5777 τάξιν
2748 5702 2993 5782 εἴληφεν,
3024 5704 3097 5767 ὠς
3127 5707 3233 5758 τῶν
3262 5700 3410 5760 δυοῖν
3442 5699 3652 5759 ἐλάττω
