4080 6350
253 392 367 453 921
931 360 941 368 ⁵
1339 390 1441 450 DE
1485 387 2026 450 NOMOCANONE
2069 390 2171 450 ET
2221 388 2578 452 SYNODIS.
3545 388 3664 449 922

255 528 372 596 Τῆς
407 523 502 598 μὶν
529 529 629 594 τῆς
655 521 985 600 ἁγιωτάτης,
1012 527 1113 594 τῆς
1146 520 1204 579 δὲ
1232 522 1437 600 ’χρόνου
1463 517 1738 601 πρεσϐείᾳ.

2058 529 2155 589 tuae
2186 526 2399 598 partim
2433 526 2766 593 sanctitate,
2814 523 3028 598 partim
3057 524 3345 579 vetustate
3393 519 3669 578 eminent.

256 613 492 676 Κανόνες
527 611 588 668 ιδ’
611 614 701 668 καὶ
731 613 934 684 ταύτης
965 621 1062 684 τῆς
1095 611 1345 671 συνόδου.

2055 616 2204 685 [ujus
2252 632 2486 688 quoque
2534 616 2742 688 synodi
2792 612 3236 687 quatuordecim
3294 615 3525 669 exstant
3573 628 3666 667 ca-

3366 703 3385 773 f
3389 718 3593 758 nones.

249 795 499 867 Τετάρτη
532 799 633 862 τῆς
667 791 718 848 ἐν
751 789 994 867 Σαρδικῇ
1032 793 1167 866 μετὰ
1190 792 1314 854 τοὺς
1346 791 1399 847 ἐν
1428 790 1627 863 Νικαίᾳ

2017 797 2234 861 Quarta
2266 795 2518 851 Serdicae
2551 795 2844 850 celebrata
2874 798 2963 850 est
2994 795 3126 864 post
3147 791 3441 847 Nicasnam

251 884 486 946 Κανόνες
513 885 591 944 εἴς
623 882 756 958 πρὸς
789 879 962 936 ε’ίκοσι
986 883 1073 936 καὶ
1105 881 1306 951 ταύτης
1332 889 1434 951 τῆς
1461 878 1710 936 συνόδου·

1461 878 1710 936 συνόδου·
2017 886 2085 940 Et
2115 901 2372 941 canones
2403 885 2598 941 sanxit
2626 884 2828 956 viginti
2860 899 3067 939 unum.

252 975 316 1031 Ἡ
377 974 604 1046 πέμπτη
661 977 768 1028 τῶν
824 973 875 1028 έν
948 974 1217 1049 Γάγγραις
1283 972 1340 1028 δὲ
1405 973 1658 1046 Πατέρων
1718 969 1863 1026 συνε)

1584 993 1658 1027 ων
1718 969 1904 1026 συνελ-
2016 976 2232 1042 Quinta
2261 979 2615 1047 congregata
2648 974 2756 1029 fuit
2788 973 3059 1044 Gangris,
3090 971 3189 1026 ubi

1582 1061 1830 1135 [θόντων,

241 1155 336 1207 Ὧν
372 1152 426 1206 οἶ
457 1149 676 1212 κανόνες
706 1152 877 1206 εἳκοσι
908 1152 1246 1226 τυγχάνουσι
1276 1151 1364 1206 καὶ
1403 1151 1582 1223 μόνοι.

2051 1154 2235 1226 Viginti
2269 1153 2640 1210 solummodo
2673 1167 2929 1207 canones
2970 1147 3413 1221 promulgavere
3443 1147 3662 1202 Patres.

241 1240 412 1310 Ἐκτη
443 1243 554 1294 τῶν
584 1239 662 1302 εἷς
696 1238 998 1294 Θεούπολιν
1033 1243 1192 1314 κοινῇ
1227 1237 1668 1314 δεδραμηκότων,

1484 1239 1668 1310 κότων,
2014 1245 2096 1298 Ad
2131 1248 2355 1298 sextam
2388 1258 2707 1298 convenere
2735 1239 3095 1312 Theopolim,

241 1327 404 1386 Οὕτω
433 1330 536 1404 γάρ
572 1328 902 1401 ὀνομάζουσι
934 1331 1034 1398 τήν
1067 1329 1354 1406 Ἀντιόχου
1383 1329 1570 1399 πόλιν,

2013 1333 2108 1388 Sic
2139 1333 2295 1388 enim
2324 1331 2623 1404 appellant
2653 1330 2918 1386 Antiochi
2952 1331 3157 1384 urbem
3183 1343 3195 1382 :

240 1425 335 1473 Ὧν
364 1419 522 1473 πέντε
550 1421 688 1494 πρὸς
716 1425 830 1481 τοῖς
864 1419 1037 1474 εἰκοσι
1065 1421 1399 1496 τυγχάνουσι
1431 1419 1668 1481 κανόνες.

2049 1424 2252 1478 ixstant
2270 1426 2465 1477 autem
2484 1420 2660 1491 huius
2683 1419 2888 1491 synodi
2903 1417 3107 1487 viginti
3127 1415 3388 1488 quinque
3409 1430 3660 1470 canones

234 1502 484 1580 Ἑϐδόμη
517 1509 727 1562 τούτων
758 1508 959 1585 πέφυκε
988 1513 1098 1564 τῶν
1129 1508 1180 1562 ἐν
1216 1507 1523 1580 Λαοδικείᾳ.

2012 1513 2277 1583 Septima
2305 1510 2598 1566 celebrata
2628 1513 2716 1564 est
2746 1510 3004 1580 synodus
3039 1506 3348 1570 Laodicea,

241 1598 358 1673 Ὑφ’
392 1598 466 1650 ὧν
497 1597 909 1674 ἐξεφωνήθησαν
944 1595 1266 1673 δογματικοὶ
1299 1593 1518 1658 κανόνες

2010 1599 2416 1672 Publicatique
2446 1603 2586 1655 sunt
2618 1614 2873 1654 canones
2905 1595 3222 1667 dogmatici

237 1687 431 1742 Ἐννέα
460 1688 596 1760 πρὸς
629 1689 965 1757 πεντήκοντα
993 1688 1226 1750 πίστεως
1258 1687 1382 1744 ’ὀλοι
1409 1687 1662 1762 πλήρεις.

2009 1689 2450 1762 Quinquaginta
2482 1703 2686 1744 novem
2719 1688 2832 1743 ﬁde
2863 1686 3104 1743 omnino
3135 1682 3502 1740 excellentes.

237 1777 360 1832 Τῶν
397 1771 445 1829 δ’
477 1774 556 1836 εἷς
591 1775 992 1830 Κωνσταντίνου
1014 1774 1178 1830 πόλιν
1224 1778 1475 1848 ΙΙατέρων
1508 1775 1848 1841 ουνελθόντωη

2014 1781 2218 1836 Habita
2246 1785 2335 1835 est
2363 1777 2860 1848 Constantinopoli
2893 1793 2926 1830 a
2958 1775 3228 1830 Patribus
3257 1771 3625 1844 congregatis

238 1861 448 1937 Ὀγδόη
479 1865 688 1919 τούτων
721 1861 946 1927 σύνοδος
982 1866 1057 1919 ὢν
1086 1864 1222 1920 έπτά
1250 1866 1301 1920 οἱ
1329 1865 1566 1930 κανόνες.

238 1954 295 1970 P"
338 1949 385 1970 δ’
463 1954 478 1970 ἢ
513 1952 528 1970 θ
615 1953 625 1970 1
780 1953 793 1970 1
872 1951 896 1970 ᾗ
1030 1955 1042 1970 Ι
1237 1954 1251 1970 τ
1319 1957 1374 1970 In
1429 1954 1439 1970 Ι

1934 1905 1975 1970 Β
2010 1870 2222 1926 Octava
2253 1869 2514 1942 synodus
2545 1869 2717 1938 cujus
2746 1871 2972 1938 septem
3008 1879 3264 1920 canones
3295 1865 3545 1918 exstant.

233 1954 299 2009 Ἡ
335 1949 392 2007 δέ
427 1954 478 2027 γ’
510 1952 701 2024 ἐννάτη
735 1951 960 2017 σύνοδος
989 1955 1205 2029 γέγονεν
1234 1954 1285 2011 έν
1319 1954 1528 2033 Ἐφέσῳ

1929 1949 1975 1970 υ
2006 1963 2170 2018 Nona
2199 1965 2393 2016 autem
2428 1959 2687 2032 synodus
2716 1957 2930 2031 Ephesi
2960 1961 3050 2013 est
3080 1955 3279 2010 habita

238 2041 357 2116 Ὑφ’
389 2043 455 2109 ἧς
485 2040 898 2119 ἐξεφωνήθησαν
929 2041 1080 2098 ἐννέα
1107 2043 1326 2105 κανόνες
1360 2045 1538 2116 μόνοι.

2004 2053 2042 2108 Α
2074 2068 2192 2123 qua
2223 2049 2458 2106 nonnisi
2490 2063 2694 2105 novem
2727 2045 3078 2118 promulgati
3111 2047 3253 2100 sunt
3283 2057 3557 2098 canones.

247 2129 454 2202 Δεκάτη
488 2128 546 2186 δὲ
576 2135 654 2204 τῷ
680 2131 898 2208 ἀριθμῷ
927 2137 1036 2187 τῶν
1069 2132 1121 2188 έν
1151 2137 1220 2207 τῇ
1248 2131 1557 2204 Χαλκηδόνι

2044 2140 2264 2206 Decima,
2295 2137 2618 2194 secundum
2653 2151 2987 2203 numerum,
3018 2132 3248 2205 collegit
3289 2131 3655 2188 Chalcedone

3363 2221 3586 2292 [Patres

241 2326 359 2400 Πάρ
390 2326 465 2380 ὦν
497 2327 631 2382 έπτὰ
660 2327 796 2402 πρὸς
827 2326 1030 2383 εἴκοσιν
1063 2327 1317 2400 ἐτέθησαν
1349 2330 1582 2394 κανόνες.

2006 2335 2113 2402 Qui
2144 2334 2351 2408 viginti
2383 2338 2606 2406 septem
2640 2347 2892 2388 canones
2922 2333 3264 2386 sanxerunt.

237 2417 302 2473 Ὀ
337 2414 506 2490 μέγας
537 2413 594 2471 δὲ
625 2417 653 2470 6
687 2415 965 2479 Βασίλειος
1000 2419 1034 2488 ἠ
1072 2418 1224 2493 βάσις
1254 2423 1360 2473 τῶν
1393 2416 1707 2494 δογμάτων,

2077 2423 2331 2480 Basilius
2359 2423 2631 2495 Magnus,
2664 2422 3004 2494 dogmatum
3040 2418 3512 2488 fundamentum,

241 2505 422 2559 Ὀκτὼ
452 2506 589 2581 πρὸς
617 2511 735 2568 τοῖς
769 2505 1029 2578 ἑξήκοντα
1058 2506 1305 2562 ἐθέσπισε
1333 2508 1577 2571 κανόνας.

1372 2508 1577 2571 ανόνας.
2004 2513 2314 2587 Sexaginta
2340 2518 2468 2569 octo
2498 2512 2684 2568 edidit
2711 2525 2983 2566 canones.

250 2596 344 2660 Εἷς
373 2594 431 2652 δὲ
461 2597 866 2652 Κωνσταντίνου
894 2594 1057 2653 πόλιν
1090 2597 1178 2653 καὶ
1213 2596 1294 2661 δὶς
1323 2599 1411 2654 καὶ
1435 2599 1554 2676 τρὶς
1577 2600 1842 2676 ἠθροίσθη

1781 2612 1842 2673 θη
2008 2601 2511 2674 Constantinopoli
2541 2606 2736 2656 autem
2767 2599 2857 2655 bis
2889 2603 3093 2670 terque
3123 2595 3392 2653 convenit

247 2685 430 2761 Λογᾶς
452 2686 709 2762 ΙΙατέρων
741 2681 974 2742 εὐσεϐῶν
1008 2684 1081 2741 ὧν
1115 2688 1165 2742 οἱ
1195 2688 1414 2752 κανόνες
1447 2686 1630 2759 δῆλοι.

2047 2695 2216 2750 Ianus
2239 2693 2423 2748 electa
2445 2691 2673 2764 piorum
2692 2691 2934 2746 Patrum
2956 2704 3204 2759 quorum
3237 2702 3492 2742 canones
3515 2685 3658 2741 noti.

251 2771 458 2832 Ἀλλοι
487 2796 546 2831 τε
578 2777 826 2832 πλεῖστοι
857 2777 964 2831 τῶν
996 2782 1200 2833 πιστῶν
1236 2776 1444 2855 ἀνδρῶν
1473 2774 1780 2854 σεϐασμίων

2010 2783 2242 2856 Aliique
2273 2781 2511 2854 plurimi
2546 2780 3005 2836 venerandorum
3036 2777 3293 2832 virorum
3328 2775 3589 2831 fidelium

247 2864 488 2925 Κανόνας
520 2861 836 2936 ἐκτεθήκασι
868 2867 1220 2944 κρατύνοντες
1249 2870 1347 2940 τὴν
1379 2867 1579 2927 πίστιν,

2011 2873 2276 2930 Canones
2307 2871 2744 2928 constituerunt
2775 2867 2905 2924 fidei
2941 2867 3242 2922 ﬁrmanda
3273 2864 3480 2940 gratia.

246 2954 454 3028 Ὦνπερ
487 2954 516 3008 6
546 2954 825 3019 Διονύσιος
858 2956 886 3010 6
916 2959 1016 3022 τῆς
1049 2956 1475 3035 Ἀλεξανδρείας,

2011 2964 2167 3020 Inter
2196 2977 2339 3034 quos
2372 2960 2687 3034 Dionysius
2716 2957 3099 3023 Alexandriae,

247 3042 552 3119 Γρηγόριος
578 3041 870 3107 ἐπίσκοπος
904 3046 932 3101 6
961 3047 1405 3123 Νεοκαισαρείας,

2013 3051 2329 3126 Gregorius
2359 3050 2739 3107 Neocaesareaa
2769 3047 3101 3120 episcopus,

245 3130 539 3204 Τιμόθειος
572 3132 600 3187 6
632 3127 882 3206 εὐσεϐὴς,
915 3134 1003 3190 καὶ
1037 3136 1314 3209 Κύριλλος
1344 3138 1372 3193 6
1402 3139 1563 3210 πάνυ,

2011 3143 2360 3202 Timotheus
2385 3142 2518 3215 pius
2548 3145 2605 3197 et
2635 3139 2886 3212 Cyrillus
2919 3136 3277 3211 praseellens,

249 3216 537 3284 Γεννάδιος
568 3221 596 3277 6
628 3224 935 3296 θαυμαστὸς
965 3224 1217 3290 θεσπίσας
1245 3224 1574 3302 ἐγκυκλίως.

250 3311 358 3336 "-1
395 3309 602 3336 ..-λ--.μ
640 3308 723 3336 β,λ
754 3312 822 3336 νἸ
858 3315 872 3336 Ι
934 3335 942 3336 κ
1026 3335 1029 3336 ,
1107 3315 1122 3334 9
1280 3318 1291 3336 1
1621 3319 1633 3336 1

1957 3269 1978 3336 3
2017 3233 2269 3306 Insignis
2300 3230 2640 3290 Gennadius
2671 3229 2772 3303 qui
2802 3227 3126 3302 encyclicas
3155 3225 3568 3301 promulgavit.

249 3311 364 3388 Πρὸ
395 3309 603 3368 τούτων
637 3308 726 3368 διὰ
754 3312 1075 3389 Κλήμεντος
1105 3315 1475 3397 ἐνεγράφησαν
1506 3319 1741 3390 κανόνες,

2056 3329 2162 3381 nte
2190 3323 2299 3381 hos
2329 3325 2523 3379 autem
2555 3337 2658 3395 per
2685 3319 3045 3378 Clementem
3067 3316 3378 3391 compositi
3409 3321 3550 3373 sunt
3579 3331 3667 3374 ca-

3388 3406 3595 3479 [nones

247 3509 370 3564 Τῶν
403 3502 713 3581 σεϐασμίων
744 3509 834 3566 καὶ
866 3516 1072 3568 σεπτῶν
1103 3515 1196 3569 καὶ
1216 3514 1376 3578 θείων
1405 3514 1752 3589 ἀποστόλων,

2056 3515 3224 3584 'enerandorum,sanctorum,divinorum
3245 3513 3667 3586 apostolorum,

250 3595 417 3653 Πέντε
444 3597 583 3673 πρὸς
617 3597 961 3676 ὀγδοήκοντα
989 3597 1277 3677 σεϐάσμιοι
1301 3605 1544 3668 κανόνες.

1483 3626 1544 3668 ες.
2013 3609 2322 3681 Octoginta
2353 3608 2614 3680 quinque
2641 3622 2895 3662 canones
2925 3605 3094 3661 sacri.

251 3685 328 3745 Οὐ
357 3685 553 3750 πάντες
587 3685 644 3743 δὲ
675 3689 983 3760 θεσπίζοοσι
1017 3693 1138 3768 περὶ
1174 3692 1496 3770 Θεολογίας,

2011 3704 2139 3756 Non
2171 3704 2368 3754 tamen
2400 3713 2605 3752 omnes
2634 3696 2706 3751 de
2736 3695 3028 3766 theologia
3058 3695 3378 3764 exponunt,

252 3775 414 3833 Ἀλλ’
440 3777 493 3832 οἱ
528 3779 623 3851 μὲν
653 3779 721 3834 τὰ
749 3787 849 3850 τῆς
880 3781 1113 3844 πίστεως
1142 3784 1493 3859 κρατύνουσιν
1528 3783 1796 3861 εὐλόγως,

2011 3791 2122 3847 Sed
2156 3787 2369 3860 partim
2401 3792 2535 3858 apto
2567 3801 2834 3842 sermone
2865 3784 3039 3838 ﬁdem
3073 3782 3474 3848 corroborant,

252 3867 320 3923 Ol.
351 3863 411 3921 δὲ
438 3872 554 3928 τοῖς
586 3869 988 3945 ἁμαρτάνουσιν
1024 3873 1192 3947 μέτρα
1219 3879 1322 3943 τῆς
1358 3874 1663 3948 μετανοίας,

2052 3880 2232 3936 ’artim
2257 3875 2656 3949 peccatoribus
2680 3873 3037 3947 poenitentiae
3064 3873 3348 3929 terminos
3380 3871 3663 3937 indicant,

253 3953 473 4019 Εὐθέως
500 3957 839 4027 κανονίζουσι
867 3959 995 4023 τοὺς
1029 3962 1571 4037 χειροτονουμένους.

2013 3967 2236 4024 Partim
2269 3967 2326 4020 in
2359 3965 2580 4021 clerum
2614 3968 2876 4036 receptos
2904 3963 3244 4018 instruunt:

252 4043 458 4106 Πάντες
492 4041 548 4100 δὲ
580 4043 924 4103 λυσιτέλειαν
956 4048 1234 4124 εἷ’σάγουσι
1266 4056 1348 4124 τῷ
1381 4051 1484 4128 βίῳ

2016 4057 2232 4114 Omnes
2262 4058 2459 4110 tamen
2492 4052 2806 4109 utilitatem
2840 4051 3092 4108 att‘erunt
3123 4052 3272 4106 vitae.

249 4135 310 4189 Ὀ
339 4132 594 4197 κανοίσας
619 4132 667 4190 δ’
697 4138 930 4201 ἅπαντας
960 4137 1225 4214 ἐντέχνως
1255 4141 1382 4205 τοὺς
1411 4141 1655 4212 κανόνας,

2016 4145 2123 4211 Qui
2155 4149 2348 4201 autem
2381 4159 2587 4198 omnes
2619 4158 2872 4197 canones
2904 4140 3206 4212 ingeniose
3237 4138 3489 4210 collegit,

249 4223 453 4283 Ὀσους
481 4220 689 4298 ἐφεῦρε,
725 4222 978 4295 δέσποτα,
1011 4228 1236 4291 κανόνας
1269 4234 1373 4284 τῶν
1399 4231 1671 4306 Πατέρων,

2015 4237 2311 4304 Quotquot
2341 4231 2620 4286 nimirum
2653 4229 2872 4302 reperit
2901 4230 3140 4285 Patrum
3173 4244 3425 4283 canones

252 4311 401 4384 Πρὸς
423 4311 526 4380 τὴν
568 4312 733 4382 αὐτὴν
768 4316 1018 4371 ὑπόθεσιν
1053 4316 1316 4393 εὐκαίρως
1344 4319 1781 4396 γεγραμμένους,

2015 4323 2095 4380 De
2125 4323 2327 4379 eodem
2359 4325 2708 4393 argumento
2739 4323 3065 4391 Opportune
3099 4317 3491 4389 conscriptos,

252 4399 466 4463 Πάντας
499 4400 576 4464 εἶς
607 4399 661 4456 ἓν
697 4405 997 4480 συνήγαγεν
1031 4404 1212 4480 ὥσπερ
1247 4406 1348 4462 ὑπὸ
1377 4407 1488 4463 τίτ)
1508 4430 1622 4471 ους.

2016 4411 2233 4469 Omnes
2263 4411 2323 4467 in
2357 4426 2541 4466 unum
2572 4407 2798 4481 redegit
2826 4407 3134 4478 titulisque
3165 4405 3451 4462 distinxit.

252 4485 408 4545 Ἀλλ’
487 4487 1015 4567 κληρονομουμένον
1096 4492 1349 4567 δέσποτα;
1436 4496 1641 4554 πολλοὶ
1718 4495 1863 4554 διάι

2059 4519 2143 4558 am
2175 4518 2307 4558 vero
2338 4500 2686 4557 clericorum
2719 4498 2876 4554 haud
2899 4496 3178 4571 pauei,ob
3201 4495 3436 4568 lapsum
3461 4511 3670 4566 quem—

1552 4595 1834 4664 [πταῖσμα,
1949 4643 1989 4664 n

3418 4584 3601 4656 [dam,

1552 4643 1566 4659 ι
1597 4643 1631 4644 77
1652 4643 1656 4644 ν
1690 4643 1834 4664 -‘|"7V’

253 4669 509 4731 Ἀδεκτοι
539 4677 932 4745 καθεστήκασιν
964 4675 1040 4740 εἰς
1072 4678 1130 4732 ’ὸν
1165 4675 1383 4754 ἄγονται
1416 4678 1648 4754 κλῆρον,

2060 4679 2489 4737 nadmissibiles
2511 4679 2657 4734 ﬁunt
2675 4678 2729 4732 in
2751 4693 2924 4749 quem
2946 4676 3198 4747 cooptati
3213 4675 3372 4730 fuere
3385 4674 3671 4729 ordinem.

259 4761 478 4819 Πολλοὶ
510 4767 638 4839 γοῦν
669 4763 976 4820 ἐκανόνισαν
1007 4768 1074 4822 τὰ
1103 4767 1227 4842 περὶ
1255 4773 1362 4823 τῶν
1391 4766 1650 4839 ἀδέκτων,

2064 4787 2210 4827 luere
2231 4768 2398 4825 multi
2423 4783 2676 4824 canones
2702 4767 3010 4821 ediderunt
3041 4765 3112 4820 de
3134 4780 3252 4819 non
3275 4762 3675 4833 admittendis,

255 4854 392 4909 Ἠτε
413 4853 589 4928 Λογάς
613 4857 721 4908 τῶν
747 4849 1020 4911 σεϐαστῶν
1052 4855 1140 4912 καί
1174 4857 1330 4922 θείων
1360 4858 1734 4931 Ἀποστόλων,

2071 4867 2093 4917 t
2125 4876 2334 4915 manus
2363 4857 2544 4914 electa
2573 4856 3038 4912 venerandorum
3065 4870 3133 4909 ac
3165 4857 3504 4908 sanctorum
3539 4867 3678 4922 apo-

3264 4940 3506 5015 [stoloru
3519 4957 3596 5008 m,

257 5029 318 5088 Ὀ
354 5029 529 5104 μέγας
557 5051 616 5086 τε
655 5030 943 5096 Βασίλειος
975 5030 1178 5109 ἔγραψε
1210 5035 1331 5111 περὶ
1363 5036 1589 5093 τούτων.

1586 5079 1589 5091 .
2022 5038 2090 5094 Et
2120 5035 2373 5093 Basilius
2405 5036 2656 5108 Magnus
2687 5035 2758 5090 de
2787 5033 2883 5090 bis
2914 5032 3197 5089 tractavit.

256 5120 334 5176 Ἵν
367 5119 459 5174 οὗν
498 5121 574 5193 μὴ
609 5117 1035 5197 δυσχεραίνηται
1066 5123 1294 5200 ἐρευνῶν
1327 5125 1453 5189 τοὺς
1481 5125 1732 5198 κανόνας,

2058 5128 2107 5188 le
2136 5126 2270 5200 quis
2300 5125 2482 5199 igitur
2510 5125 2568 5180 in
2600 5121 2934 5181 evolvendis
2986 5121 3311 5179 canonibus
3343 5118 3669 5176 molestiam

3343 5207 3598 5283 [sentiat,

254 5299 315 5356 Ὁ
345 5298 704 5376 συναθροίσας
736 5301 970 5364 ἅπαντας
1005 5301 1080 5365 εἷς
1108 5301 1164 5358 ἓν
1195 5303 1444 5373 πυκτίον,
1477 5306 1625 5378 ἄναξ,

2024 5307 2124 5364 Ille
2155 5306 2257 5380 qui
2289 5309 2531 5362 cunctos
2563 5304 2619 5360 in
2653 5319 2836 5360 unum
2866 5301 3164 5374 congessit
3193 5299 3486 5367 volumen,

255 5387 475 5464 Τέχνην
509 5387 940 5464 ἐδημιούργησεν
973 5391 1024 5447 ἐν
1055 5392 1234 5468 τούτῳ
1266 5395 1590 5468 Θαυμασίαν,

2021 5396 2391 5453 Admiranda;
2424 5395 2532 5451 hac
2562 5395 2622 5450 in
2655 5411 2713 5451 re
2744 5393 2888 5450 artis
2921 5392 3105 5450 edidit
3134 5389 3451 5464 specimen.

256 5479 406 5554 Πρὸς
433 5479 531 5547 τήν
567 5479 928 5552 ὑποκειμένην
954 5481 1054 5558 γάρ
1084 5483 1174 5538 καὶ
1209 5485 1547 5558 ζητουμένην
1581 5483 1735 5562 φύσιν

2055 5486 2357 5545 Lecundum
2390 5487 2545 5542 enim
2605 5484 2687 5542 rei
2733 5483 2991 5557 quassitte
3041 5485 3456 5555 argumentum
3497 5482 3666 5534 natu-

3331 5570 3598 5642 [ramque

259 5655 500 5718 Κανόνας
525 5657 652 5721 τοὺς
675 5661 1048 5734 προσήκοντας
1079 5663 1428 5740 συνήθροισεν
1459 5660 1740 5740 έντέχνως.

2022 5667 2285 5725 Canones
2315 5666 2414 5739 qui
2441 5665 2556 5722 huc
2588 5663 2883 5738 pertinent
2911 5661 3102 5734 coegit
3131 5657 3610 5735 prudentissime.

259 5747 411 5802 Ἐστι
443 5746 532 5801 καὶ
563 5748 732 5822 τάξις,
765 5745 1014 5824 δέσποτα,
1047 5751 1136 5808 καὶ
1168 5753 1376 5828 βαθμὸς
1405 5757 1511 5810 τῶν
1543 5753 1801 5812 κανόνων.

2021 5757 2124 5814 Est
2152 5756 2326 5814 etiam
2360 5755 2523 5828 ordo,
2551 5753 2807 5821 domine,
2841 5757 2899 5810 et
2928 5751 3262 5826 progressio
3301 5763 3592 5808 canonum
