  <div class='ocr_page' id='page_1' title='image "/cluster/home/n/w/nwhite01/storage/ocr_20150623/122/hvd.32044073502452/471.png"; bbox 0 0 4088 6350; ppageno 0'>
   <div class='ocr_carea' id='block_1_1' title="bbox 392 375 2006 439">
    <p class='ocr_par' dir='ltr' id='par_1_1' title="bbox 392 376 2006 439">
     <span class='ocr_line' id='line_1_1' title="bbox 392 376 2006 439; baseline -0.002 -1"><span class='ocrx_word' id='word_1_1' title='bbox 392 379 510 439; x_wconf 78' lang='grc'>923</span> <span class='ocrx_word' id='word_1_2' title='bbox 1730 376 1779 435; x_wconf 83' lang='grc' dir='ltr'><strong>Μ</strong></span> <span class='ocrx_word' id='word_1_3' title='bbox 1793 376 1917 436; x_wconf 82' lang='lat' dir='ltr'>ICH</span> <span class='ocrx_word' id='word_1_4' title='bbox 1930 376 2006 434; x_wconf 79' lang='lat' dir='ltr'>At</span> 
     </span>
    </p>
   </div>
   <div class='ocr_carea' id='block_1_2' title="bbox 2193 375 3807 439">
    <p class='ocr_par' dir='ltr' id='par_1_2' title="bbox 2200 375 3807 436">
     <span class='ocr_line' id='line_1_2' title="bbox 2200 375 3807 436; baseline -0.001 -1"><span class='ocrx_word' id='word_1_5' title='bbox 2200 376 2289 436; x_wconf 91' lang='lat' dir='ltr'>PS</span> <span class='ocrx_word' id='word_1_6' title='bbox 2300 375 2468 435; x_wconf 83' lang='lat' dir='ltr'>ELLI</span> <span class='ocrx_word' id='word_1_7' title='bbox 3686 376 3807 435; x_wconf 66' lang='lat'>934</span> 
     </span>
    </p>
   </div>
   <div class='ocr_carea' id='block_1_3' title="bbox 391 504 2005 584">
    <p class='ocr_par' dir='ltr' id='par_1_3' title="bbox 391 508 1999 580">
     <span class='ocr_line' id='line_1_3' title="bbox 391 508 1999 580; baseline -0.003 -13"><span class='ocrx_word' id='word_1_8' title='bbox 391 510 795 568; x_wconf 90' lang='lat' dir='ltr'>Diversimode</span> <span class='ocrx_word' id='word_1_9' title='bbox 849 512 1050 565; x_wconf 89' lang='lat' dir='ltr'>contra</span> <span class='ocrx_word' id='word_1_10' title='bbox 1102 508 1359 563; x_wconf 87' lang='lat' dir='ltr'>diversas</span> <span class='ocrx_word' id='word_1_11' title='bbox 1406 508 1710 580; x_wconf 81' lang='lat' dir='ltr'>passiones</span> <span class='ocrx_word' id='word_1_12' title='bbox 1759 524 1999 579; x_wconf 89' lang='lat' dir='ltr'>compos</span> 
     </span>
    </p>
   </div>
   <div class='ocr_carea' id='block_1_4' title="bbox 1865 504 3479 584">
    <p class='ocr_par' dir='ltr' id='par_1_4' title="bbox 1865 504 3479 584">
     <span class='ocr_line' id='line_1_4' title="bbox 1865 504 3479 584; baseline 0.001 -22"><span class='ocrx_word' id='word_1_13' title='bbox 1865 506 2050 579; x_wconf 67' lang='lat' dir='ltr'>aposi-</span> <span class='ocrx_word' id='word_1_14' title='bbox 2081 511 2135 575; x_wconf 81' lang='grc' dir='ltr'><strong>Α</strong></span> <span class='ocrx_word' id='word_1_15' title='bbox 2164 507 2294 570; x_wconf 83' lang='grc' dir='ltr'>Τοῖς</span> <span class='ocrx_word' id='word_1_16' title='bbox 2325 504 2605 584; x_wconf 77' lang='grc' dir='ltr'>διαφόροις</span> <span class='ocrx_word' id='word_1_17' title='bbox 2634 509 2825 571; x_wconf 79' lang='grc' dir='ltr'>πάθεσι</span> <span class='ocrx_word' id='word_1_18' title='bbox 2854 506 3153 582; x_wconf 76' lang='grc' dir='ltr'>τεχθέντων</span> <span class='ocrx_word' id='word_1_19' title='bbox 3189 504 3479 579; x_wconf 74' lang='grc' dir='ltr'>διαφόρων.</span> 
     </span>
    </p>
   </div>
   <div class='ocr_carea' id='block_1_5' title="bbox 392 596 2006 671">
    <p class='ocr_par' dir='ltr' id='par_1_5' title="bbox 392 597 2006 671">
     <span class='ocr_line' id='line_1_5' title="bbox 392 597 2006 671; baseline -0.003 -15"><span class='ocrx_word' id='word_1_20' title='bbox 392 604 543 656; x_wconf 84' lang='lat' dir='ltr'>Sunt</span> <span class='ocrx_word' id='word_1_21' title='bbox 573 600 729 655; x_wconf 89' lang='lat' dir='ltr'>enim</span> <span class='ocrx_word' id='word_1_22' title='bbox 763 599 863 671; x_wconf 87' lang='lat' dir='ltr'>qui</span> <span class='ocrx_word' id='word_1_23' title='bbox 895 598 1090 653; x_wconf 89' lang='lat' dir='ltr'>divina</span> <span class='ocrx_word' id='word_1_24' title='bbox 1123 597 1379 653; x_wconf 84' lang='lat' dir='ltr'>Ecclesia</span> <span class='ocrx_word' id='word_1_25' title='bbox 1410 598 1670 667; x_wconf 82' lang='lat' dir='ltr'>ejiciaut,</span> <span class='ocrx_word' id='word_1_26' title='bbox 1795 600 2006 668; x_wconf 84' lang='lat' dir='ltr'>[torum</span> 
     </span>
    </p>
   </div>
   <div class='ocr_carea' id='block_1_6' title="bbox 1944 596 3558 671">
    <p class='ocr_par' dir='ltr' id='par_1_6' title="bbox 1944 596 3558 671">
     <span class='ocr_line' id='line_1_6' title="bbox 1944 596 3558 671; baseline 0.001 -22"><span class='ocrx_word' id='word_1_27' title='bbox 1944 614 2039 653; x_wconf 69' lang='grc' dir='ltr'>Δ[11.</span> <span class='ocrx_word' id='word_1_28' title='bbox 2159 596 2224 653; x_wconf 75' lang='lat' dir='ltr'>Oi</span> <span class='ocrx_word' id='word_1_29' title='bbox 2261 598 2356 667; x_wconf 77' lang='grc' dir='ltr'>μὲν</span> <span class='ocrx_word' id='word_1_30' title='bbox 2387 598 2487 671; x_wconf 77' lang='grc' dir='ltr'>γὰρ</span> <span class='ocrx_word' id='word_1_31' title='bbox 2520 596 2881 651; x_wconf 80' lang='grc' dir='ltr'>ἀπελαύνουσι</span> <span class='ocrx_word' id='word_1_32' title='bbox 2911 600 3013 661; x_wconf 86' lang='grc' dir='ltr'>τῆς</span> <span class='ocrx_word' id='word_1_33' title='bbox 3046 596 3189 660; x_wconf 81' lang='grc' dir='ltr'>θείας</span> <span class='ocrx_word' id='word_1_34' title='bbox 3209 596 3558 669; x_wconf 76' lang='grc' dir='ltr'>Ἐκκλησίας,</span> 
     </span>
    </p>
   </div>
   <div class='ocr_carea' id='block_1_7' title="bbox 392 682 2006 760">
    <p class='ocr_par' dir='ltr' id='par_1_7' title="bbox 392 686 2001 757">
     <span class='ocr_line' id='line_1_7' title="bbox 392 686 2001 757; baseline -0.003 -11"><span class='ocrx_word' id='word_1_35' title='bbox 392 690 504 746; x_wconf 88' lang='lat' dir='ltr'>Alii</span> <span class='ocrx_word' id='word_1_36' title='bbox 556 695 752 745; x_wconf 89' lang='lat' dir='ltr'>autem</span> <span class='ocrx_word' id='word_1_37' title='bbox 803 688 1044 743; x_wconf 83' lang='lat' dir='ltr'>clericos</span> <span class='ocrx_word' id='word_1_38' title='bbox 1094 686 1466 742; x_wconf 82' lang='lat' dir='ltr'>solummodo</span> <span class='ocrx_word' id='word_1_39' title='bbox 1514 702 1753 742; x_wconf 90' lang='lat' dir='ltr'>munere</span> <span class='ocrx_word' id='word_1_40' title='bbox 1800 686 2001 757; x_wconf 89' lang='lat' dir='ltr'>privan</span> 
     </span>
    </p>
   </div>
   <div class='ocr_carea' id='block_1_8' title="bbox 1973 682 3587 760">
    <p class='ocr_par' dir='ltr' id='par_1_8' title="bbox 1973 682 3587 760">
     <span class='ocr_line' id='line_1_8' title="bbox 1973 682 3587 760; baseline 0.002 -20"><span class='ocrx_word' id='word_1_41' title='bbox 1973 690 2049 741; x_wconf 80' lang='lat' dir='ltr'>nt.</span> <span class='ocrx_word' id='word_1_42' title='bbox 2164 685 2230 740; x_wconf 77' lang='lat' dir='ltr'>Oi</span> <span class='ocrx_word' id='word_1_43' title='bbox 2262 682 2319 740; x_wconf 76' lang='grc' dir='ltr'>δὶ</span> <span class='ocrx_word' id='word_1_44' title='bbox 2349 686 2548 758; x_wconf 83' lang='grc' dir='ltr'>μόνους</span> <span class='ocrx_word' id='word_1_45' title='bbox 2578 687 2893 760; x_wconf 82' lang='grc' dir='ltr'>καθαίρουσι</span> <span class='ocrx_word' id='word_1_46' title='bbox 2925 685 3051 747; x_wconf 82' lang='grc' dir='ltr'>τοὺς</span> <span class='ocrx_word' id='word_1_47' title='bbox 3076 687 3587 760; x_wconf 72' lang='grc' dir='ltr'>χειροτονηθέντας.</span> 
     </span>
    </p>
   </div>
   <div class='ocr_carea' id='block_1_9' title="bbox 394 773 2008 850">
    <p class='ocr_par' dir='ltr' id='par_1_9' title="bbox 394 777 2008 848">
     <span class='ocr_line' id='line_1_9' title="bbox 394 777 2008 848; baseline -0.003 -13"><span class='ocrx_word' id='word_1_48' title='bbox 394 778 672 835; x_wconf 85' lang='lat' dir='ltr'>Nonnulli</span> <span class='ocrx_word' id='word_1_49' title='bbox 728 777 855 848; x_wconf 91' lang='lat' dir='ltr'>pios</span> <span class='ocrx_word' id='word_1_50' title='bbox 916 778 1539 831; x_wconf 84' lang='lat' dir='ltr'>excommunicationis</span> <span class='ocrx_word' id='word_1_51' title='bbox 1589 793 1762 847; x_wconf 74' lang='lat' dir='ltr'>pmna</span> <span class='ocrx_word' id='word_1_52' title='bbox 1810 781 2008 831; x_wconf 82' lang='lat' dir='ltr'>terren&#39;</span> 
     </span>
    </p>
   </div>
   <div class='ocr_carea' id='block_1_10' title="bbox 1944 773 3558 850">
    <p class='ocr_par' dir='ltr' id='par_1_10' title="bbox 1944 773 3558 850">
     <span class='ocr_line' id='line_1_10' title="bbox 1944 773 3558 850; baseline 0.001 -20"><span class='ocrx_word' id='word_1_53' title='bbox 1944 781 2049 841; x_wconf 64' lang='lat' dir='ltr'>ant,</span> <span class='ocrx_word' id='word_1_54' title='bbox 2163 775 2227 829; x_wconf 78' lang='grc' dir='ltr'><strong>Οἱ</strong></span> <span class='ocrx_word' id='word_1_55' title='bbox 2266 776 2359 847; x_wconf 75' lang='grc' dir='ltr'>μὶν</span> <span class='ocrx_word' id='word_1_56' title='bbox 2392 775 2729 848; x_wconf 70' lang='grc' dir='ltr'>προστίμους</span> <span class='ocrx_word' id='word_1_57' title='bbox 2759 773 2993 850; x_wconf 75' lang='grc' dir='ltr'>ἄγχουσι</span> <span class='ocrx_word' id='word_1_58' title='bbox 3022 781 3122 844; x_wconf 83' lang='grc' dir='ltr'>τῆς</span> <span class='ocrx_word' id='word_1_59' title='bbox 3148 773 3558 845; x_wconf 80' lang='grc' dir='ltr'>ἀκοινωνησίας.</span> 
     </span>
    </p>
   </div>
   <div class='ocr_carea' id='block_1_11' title="bbox 394 862 2008 943">
    <p class='ocr_par' dir='ltr' id='par_1_11' title="bbox 394 868 1583 940">
     <span class='ocr_line' id='line_1_11' title="bbox 394 868 1583 940; baseline -0.003 -14"><span class='ocrx_word' id='word_1_60' title='bbox 394 871 503 926; x_wconf 85' lang='lat' dir='ltr'>Alii</span> <span class='ocrx_word' id='word_1_61' title='bbox 535 871 607 925; x_wconf 88' lang='lat' dir='ltr'>de</span> <span class='ocrx_word' id='word_1_62' title='bbox 639 868 951 940; x_wconf 81' lang='lat' dir='ltr'>suppliciis</span> <span class='ocrx_word' id='word_1_63' title='bbox 977 869 1271 937; x_wconf 87' lang='lat' dir='ltr'>judiciose</span> <span class='ocrx_word' id='word_1_64' title='bbox 1303 874 1583 923; x_wconf 80' lang='lat' dir='ltr'>tractant.</span> 
     </span>
    </p>
   </div>
   <div class='ocr_carea' id='block_1_12' title="bbox 1724 862 3338 943">
    <p class='ocr_par' dir='ltr' id='par_1_12' title="bbox 2162 862 3338 943">
     <span class='ocr_line' id='line_1_12' title="bbox 2162 862 3338 943; baseline -0.001 -21"><span class='ocrx_word' id='word_1_65' title='bbox 2162 868 2229 923; x_wconf 70' lang='grc' dir='ltr'>Οἱ</span> <span class='ocrx_word' id='word_1_66' title='bbox 2262 862 2319 919; x_wconf 75' lang='grc' dir='ltr'>δὲ</span> <span class='ocrx_word' id='word_1_67' title='bbox 2352 863 2451 919; x_wconf 74' lang='grc' dir='ltr'>εἶσι</span> <span class='ocrx_word' id='word_1_68' title='bbox 2486 866 2758 943; x_wconf 78' lang='grc' dir='ltr'>σώφρονες</span> <span class='ocrx_word' id='word_1_69' title='bbox 2782 864 2831 919; x_wconf 82' lang='grc' dir='ltr'>ἐν</span> <span class='ocrx_word' id='word_1_70' title='bbox 2874 870 2989 926; x_wconf 85' lang='grc' dir='ltr'>τοῖς</span> <span class='ocrx_word' id='word_1_71' title='bbox 3019 864 3338 937; x_wconf 75' lang='grc' dir='ltr'>ἐπιτιμίοις.</span> 
     </span>
    </p>
   </div>
   <div class='ocr_carea' id='block_1_13' title="bbox 393 953 2007 1030">
    <p class='ocr_par' dir='ltr' id='par_1_13' title="bbox 393 957 2007 1013">
     <span class='ocr_line' id='line_1_13' title="bbox 393 957 2007 1013; baseline -0.001 0"><span class='ocrx_word' id='word_1_72' title='bbox 393 963 477 1013; x_wconf 81' lang='lat' dir='ltr'>En</span> <span class='ocrx_word' id='word_1_73' title='bbox 507 958 690 1013; x_wconf 90' lang='lat' dir='ltr'>habes</span> <span class='ocrx_word' id='word_1_74' title='bbox 723 957 1019 1012; x_wconf 88' lang='lat' dir='ltr'>concisam</span> <span class='ocrx_word' id='word_1_75' title='bbox 1039 974 1340 1012; x_wconf 91' lang='lat' dir='ltr'>sacrorum</span> <span class='ocrx_word' id='word_1_76' title='bbox 1372 974 1664 1012; x_wconf 90' lang='lat' dir='ltr'>canonum</span> <span class='ocrx_word' id='word_1_77' title='bbox 1698 957 2007 1012; x_wconf 84' lang='lat' dir='ltr'>doctrinan</span> 
     </span>
    </p>
   </div>
   <div class='ocr_carea' id='block_1_14' title="bbox 1852 953 3466 1030">
    <p class='ocr_par' dir='ltr' id='par_1_14' title="bbox 1852 953 3466 1030">
     <span class='ocr_line' id='line_1_14' title="bbox 1852 953 3466 1030; baseline -0.001 -19"><span class='ocrx_word' id='word_1_78' title='bbox 1852 957 2048 1014; x_wconf 69' lang='lat' dir='ltr'>&#39;inam.</span> <span class='ocrx_word' id='word_1_79' title='bbox 2163 953 2371 1028; x_wconf 71' lang='grc' dir='ltr'>Δίδαξις</span> <span class='ocrx_word' id='word_1_80' title='bbox 2406 954 2540 1024; x_wconf 68' lang='grc' dir='ltr'>αὕτη</span> <span class='ocrx_word' id='word_1_81' title='bbox 2571 954 2844 1027; x_wconf 69' lang='grc' dir='ltr'>σύντομος</span> <span class='ocrx_word' id='word_1_82' title='bbox 2875 958 2983 1009; x_wconf 79' lang='grc' dir='ltr'>τῶν</span> <span class='ocrx_word' id='word_1_83' title='bbox 3013 955 3173 1030; x_wconf 76' lang='grc' dir='ltr'>ἱερῶν</span> <span class='ocrx_word' id='word_1_84' title='bbox 3206 953 3466 1010; x_wconf 83' lang='grc' dir='ltr'>κανόνων.</span> 
     </span>
    </p>
   </div>
   <div class='ocr_carea' id='block_1_15' title="bbox 1147 1300 3063 1469">
    <p class='ocr_par' dir='ltr' id='par_1_15' title="bbox 1147 1300 3063 1469">
     <span class='ocr_line' id='line_1_15' title="bbox 1147 1300 3063 1469; baseline 0.001 -5"><span class='ocrx_word' id='word_1_85' title='bbox 1147 1300 2245 1469; x_wconf 81' lang='lat' dir='ltr'>MICHAELIS</span> <span class='ocrx_word' id='word_1_86' title='bbox 2359 1302 3063 1468; x_wconf 88' lang='lat' dir='ltr'>PSELLI</span> 
     </span>
    </p>
   </div>
   <div class='ocr_carea' id='block_1_16' title="bbox 1353 1594 2859 1721">
    <p class='ocr_par' dir='ltr' id='par_1_16' title="bbox 1353 1594 2859 1721">
     <span class='ocr_line' id='line_1_16' title="bbox 1353 1594 2859 1721; baseline 0.001 -4"><span class='ocrx_word' id='word_1_87' title='bbox 1353 1594 2166 1720; x_wconf 80' lang='lat' dir='ltr'>SYNOPSIS</span> <span class='ocrx_word' id='word_1_88' title='bbox 2289 1596 2859 1721; x_wconf 86' lang='lat' dir='ltr'>LEGUM</span> 
     </span>
    </p>
   </div>
   <div class='ocr_carea' id='block_1_17' title="bbox 610 1817 3595 1895">
    <p class='ocr_par' dir='ltr' id='par_1_17' title="bbox 610 1817 3595 1895">
     <span class='ocr_line' id='line_1_17' title="bbox 610 1817 3595 1895; baseline -0.001 -20"><span class='ocrx_word' id='word_1_89' title='bbox 610 1817 803 1876; x_wconf 66' lang='lat' dir='ltr'>Graece</span> <span class='ocrx_word' id='word_1_90' title='bbox 833 1818 1010 1891; x_wconf 90' lang='lat' dir='ltr'>edita,</span> <span class='ocrx_word' id='word_1_91' title='bbox 1040 1819 1253 1895; x_wconf 81' lang='lat' dir='ltr'>_L_atina</span> <span class='ocrx_word' id='word_1_92' title='bbox 1302 1818 1783 1895; x_wconf 81' lang='lat' dir='ltr'>interpretatione</span> <span class='ocrx_word' id='word_1_93' title='bbox 1812 1825 1875 1895; x_wconf 6' lang='lat' dir='ltr'>et,</span> <span class='ocrx_word' id='word_1_94' title='bbox 1898 1822 2052 1879; x_wconf 89' lang='lat' dir='ltr'>notis</span> <span class='ocrx_word' id='word_1_95' title='bbox 2103 1822 2418 1894; x_wconf 86' lang='lat' dir='ltr'>illustrata,</span> <span class='ocrx_word' id='word_1_96' title='bbox 2448 1840 2624 1895; x_wconf 91' lang='lat' dir='ltr'>opera</span> <span class='ocrx_word' id='word_1_97' title='bbox 2652 1826 2709 1879; x_wconf 89' lang='lat' dir='ltr'>et</span> <span class='ocrx_word' id='word_1_98' title='bbox 2765 1822 2967 1895; x_wconf 89' lang='lat' dir='ltr'>studio</span> <span class='ocrx_word' id='word_1_99' title='bbox 2995 1820 3287 1895; x_wconf 87' lang='lat' dir='ltr'>Francisci</span> <span class='ocrx_word' id='word_1_100' title='bbox 3318 1817 3595 1891; x_wconf 89' lang='lat' dir='ltr'>Bosqueti</span> 
     </span>
    </p>
   </div>
   <div class='ocr_carea' id='block_1_18' title="bbox 1040 1892 3169 1967">
    <p class='ocr_par' dir='ltr' id='par_1_18' title="bbox 1040 1892 3169 1967">
     <span class='ocr_line' id='line_1_18' title="bbox 1040 1892 3169 1967; baseline 0.001 -20"><span class='ocrx_word' id='word_1_101' title='bbox 1040 1892 1443 1948; x_wconf 81' lang='lat' dir='ltr'>Narbonensis</span> <span class='ocrx_word' id='word_1_102' title='bbox 1468 1892 1904 1964; x_wconf 87' lang='lat' dir='ltr'>jurisconsulti,</span> <span class='ocrx_word' id='word_1_103' title='bbox 1936 1912 2003 1950; x_wconf 84' lang='lat' dir='ltr'>ex</span> <span class='ocrx_word' id='word_1_104' title='bbox 2036 1892 2839 1967; x_wconf 80' lang='lat' dir='ltr'>bibliothecaarchiepiscopi</span> <span class='ocrx_word' id='word_1_105' title='bbox 2872 1894 3169 1962; x_wconf 87' lang='lat' dir='ltr'>Tolosani,</span> 
     </span>
    </p>
   </div>
   <div class='ocr_carea' id='block_1_19' title="bbox 852 2037 3341 2115">
    <p class='ocr_par' dir='ltr' id='par_1_19' title="bbox 852 2037 3341 2115">
     <span class='ocr_line' id='line_1_19' title="bbox 852 2037 3341 2115; baseline 0.001 -22"><span class='ocrx_word' id='word_1_106' title='bbox 852 2037 1092 2109; x_wconf 77' lang='lat' dir='ltr'>Adjectae</span> <span class='ocrx_word' id='word_1_107' title='bbox 1121 2046 1249 2093; x_wconf 86' lang='lat' dir='ltr'>sunt</span> <span class='ocrx_word' id='word_1_108' title='bbox 1277 2038 1379 2093; x_wconf 84' lang='lat' dir='ltr'>hac</span> <span class='ocrx_word' id='word_1_109' title='bbox 1423 2039 1623 2094; x_wconf 88' lang='lat' dir='ltr'>iterata</span> <span class='ocrx_word' id='word_1_110' title='bbox 1650 2040 1894 2097; x_wconf 78' lang='lat' dir='ltr'>editione</span> <span class='ocrx_word' id='word_1_111' title='bbox 1926 2041 2340 2099; x_wconf 71' lang='lat' dir='ltr'>Observationes</span> <span class='ocrx_word' id='word_1_112' title='bbox 2388 2042 2635 2098; x_wconf 78' lang='lat' dir='ltr'>Cornelii</span> <span class='ocrx_word' id='word_1_113' title='bbox 2664 2042 2913 2099; x_wconf 87' lang='lat' dir='ltr'>Siebenii</span> <span class='ocrx_word' id='word_1_114' title='bbox 2933 2041 3341 2115; x_wconf 85' lang='lat' dir='ltr'>jurisconsulti.</span> 
     </span>
    </p>
   </div>
   <div class='ocr_carea' id='block_1_20' title="bbox 1531 2183 2670 2259">
    <p class='ocr_par' dir='ltr' id='par_1_20' title="bbox 1531 2183 2670 2259">
     <span class='ocr_line' id='line_1_20' title="bbox 1531 2183 2670 2259; baseline 0.002 -20"><span class='ocrx_word' id='word_1_115' title='bbox 1531 2183 1868 2257; x_wconf 79' lang='lat' dir='ltr'>(MEERMAN,</span> <span class='ocrx_word' id='word_1_116' title='bbox 1908 2186 2223 2244; x_wconf 82' lang='lat' dir='ltr'>Thesaurus</span> <span class='ocrx_word' id='word_1_117' title='bbox 2246 2187 2417 2259; x_wconf 83' lang='lat' dir='ltr'>juris,</span> <span class='ocrx_word' id='word_1_118' title='bbox 2450 2203 2507 2259; x_wconf 91' lang='lat' dir='ltr'>p.</span> <span class='ocrx_word' id='word_1_119' title='bbox 2556 2187 2670 2258; x_wconf 87' lang='lat'>36.)</span> 
     </span>
    </p>
   </div>
   <div class='ocr_carea' id='block_1_21' title="bbox 1792 2482 2419 2573">
    <p class='ocr_par' dir='ltr' id='par_1_21' title="bbox 1792 2482 2419 2573">
     <span class='ocr_line' id='line_1_21' title="bbox 1792 2482 2419 2573; baseline 0.01 -6"><span class='ocrx_word' id='word_1_120' title='bbox 1792 2482 2419 2573; x_wconf 64' lang='grc' dir='ltr'>ΡΒᾸΞῈΑἹΙΟ.</span> 
     </span>
    </p>
   </div>
   <div class='ocr_carea' id='block_1_22' title="bbox 472 2675 3824 2754">
    <p class='ocr_par' dir='ltr' id='par_1_22' title="bbox 472 2675 3824 2754">
     <span class='ocr_line' id='line_1_22' title="bbox 472 2675 3824 2754; baseline -0.002 -19"><span class='ocrx_word' id='word_1_121' title='bbox 472 2677 746 2735; x_wconf 83' lang='lat' dir='ltr'>Succedit</span> <span class='ocrx_word' id='word_1_122' title='bbox 775 2677 1077 2733; x_wconf 85' lang='lat' dir='ltr'>Michaelis</span> <span class='ocrx_word' id='word_1_123' title='bbox 1129 2679 1305 2735; x_wconf 85' lang='lat' dir='ltr'>Pselli</span> <span class='ocrx_word' id='word_1_124' title='bbox 1365 2680 1627 2752; x_wconf 83' lang='lat' dir='ltr'>Synepsis</span> <span class='ocrx_word' id='word_1_125' title='bbox 1661 2683 1881 2751; x_wconf 88' lang='lat' dir='ltr'>Legum,</span> <span class='ocrx_word' id='word_1_126' title='bbox 1940 2683 2211 2739; x_wconf 84' lang='lat' dir='ltr'>versibus</span> <span class='ocrx_word' id='word_1_127' title='bbox 2240 2683 2455 2738; x_wconf 86' lang='lat' dir='ltr'>iambis</span> <span class='ocrx_word' id='word_1_128' title='bbox 2511 2687 2568 2738; x_wconf 88' lang='lat' dir='ltr'>et</span> <span class='ocrx_word' id='word_1_129' title='bbox 2614 2681 2870 2754; x_wconf 89' lang='lat' dir='ltr'>politicis</span> <span class='ocrx_word' id='word_1_130' title='bbox 2927 2680 3285 2751; x_wconf 90' lang='lat' dir='ltr'>conscripta,</span> <span class='ocrx_word' id='word_1_131' title='bbox 3319 2693 3492 2748; x_wconf 85' lang='lat' dir='ltr'>quam</span> <span class='ocrx_word' id='word_1_132' title='bbox 3528 2675 3824 2745; x_wconf 74' lang='lat' dir='ltr'>integram</span> 
     </span>
    </p>
   </div>
   <div class='ocr_carea' id='block_1_23' title="bbox 404 2766 3827 2841">
    <p class='ocr_par' dir='ltr' id='par_1_23' title="bbox 404 2766 3827 2841">
     <span class='ocr_line' id='line_1_23' title="bbox 404 2766 3827 2841; baseline -0.001 -20"><span class='ocrx_word' id='word_1_133' title='bbox 404 2766 633 2838; x_wconf 90' lang='lat' dir='ltr'>primus</span> <span class='ocrx_word' id='word_1_134' title='bbox 692 2767 749 2821; x_wconf 91' lang='lat' dir='ltr'>in</span> <span class='ocrx_word' id='word_1_135' title='bbox 803 2766 991 2822; x_wconf 88' lang='lat' dir='ltr'>lucem</span> <span class='ocrx_word' id='word_1_136' title='bbox 1051 2768 1235 2823; x_wconf 87' lang='lat' dir='ltr'>edidit</span> <span class='ocrx_word' id='word_1_137' title='bbox 1296 2770 1521 2824; x_wconf 89' lang='lat' dir='ltr'>Franc.</span> <span class='ocrx_word' id='word_1_138' title='bbox 1584 2770 1929 2841; x_wconf 87' lang='lat' dir='ltr'>Bosquetus,</span> <span class='ocrx_word' id='word_1_139' title='bbox 1990 2772 2393 2828; x_wconf 83' lang='lat' dir='ltr'>Narbonensis</span> <span class='ocrx_word' id='word_1_140' title='bbox 2448 2772 2659 2837; x_wconf 89' lang='lat' dir='ltr'>.lCtus,</span> <span class='ocrx_word' id='word_1_141' title='bbox 2726 2770 2957 2826; x_wconf 85' lang='lat' dir='ltr'>Parisiis</span> <span class='ocrx_word' id='word_1_142' title='bbox 2990 2770 3143 2839; x_wconf 91' lang='lat' dir='ltr'>apud</span> <span class='ocrx_word' id='word_1_143' title='bbox 3200 2768 3489 2823; x_wconf 86' lang='lat' dir='ltr'>Joannem</span> <span class='ocrx_word' id='word_1_144' title='bbox 3547 2768 3827 2820; x_wconf 86' lang='lat' dir='ltr'>Camusat</span> 
     </span>
    </p>
   </div>
   <div class='ocr_carea' id='block_1_24' title="bbox 405 2853 3825 2932">
    <p class='ocr_par' dir='ltr' id='par_1_24' title="bbox 405 2853 3825 2932">
     <span class='ocr_line' id='line_1_24' title="bbox 405 2853 3825 2932; baseline -0.001 -20"><span class='ocrx_word' id='word_1_145' title='bbox 405 2856 774 2923; x_wconf 81' lang='lat' dir='ltr'>MDCXXXII,</span> <span class='ocrx_word' id='word_1_146' title='bbox 810 2856 867 2909; x_wconf 92' lang='lat' dir='ltr'>in</span> <span class='ocrx_word' id='word_1_147' title='bbox 900 2858 979 2911; x_wconf 88' lang='lat'>8°.</span> <span class='ocrx_word' id='word_1_148' title='bbox 1019 2858 1145 2911; x_wconf 73' lang='lat' dir='ltr'>[ltec</span> <span class='ocrx_word' id='word_1_149' title='bbox 1178 2873 1310 2911; x_wconf 89' lang='lat' dir='ltr'>vero</span> <span class='ocrx_word' id='word_1_150' title='bbox 1344 2859 1527 2913; x_wconf 85' lang='lat' dir='ltr'>Editio</span> <span class='ocrx_word' id='word_1_151' title='bbox 1578 2876 1711 2914; x_wconf 91' lang='lat' dir='ltr'>cum</span> <span class='ocrx_word' id='word_1_152' title='bbox 1747 2877 2029 2932; x_wconf 89' lang='lat' dir='ltr'>perquam</span> <span class='ocrx_word' id='word_1_153' title='bbox 2078 2879 2211 2917; x_wconf 89' lang='lat' dir='ltr'>rara</span> <span class='ocrx_word' id='word_1_154' title='bbox 2239 2862 2507 2927; x_wconf 86' lang='lat' dir='ltr'>evaserit,</span> <span class='ocrx_word' id='word_1_155' title='bbox 2560 2878 2717 2915; x_wconf 63' lang='lat' dir='ltr'>novas</span> <span class='ocrx_word' id='word_1_156' title='bbox 2748 2869 2797 2914; x_wconf 83' lang='lat' dir='ltr'>et</span> <span class='ocrx_word' id='word_1_157' title='bbox 2831 2858 3212 2913; x_wconf 86' lang='lat' dir='ltr'>accuratioris</span> <span class='ocrx_word' id='word_1_158' title='bbox 3262 2856 3597 2912; x_wconf 63' lang='lat' dir='ltr'>emittendae</span> <span class='ocrx_word' id='word_1_159' title='bbox 3628 2853 3825 2909; x_wconf 88' lang='lat' dir='ltr'>consi-</span> 
     </span>
    </p>
   </div>
   <div class='ocr_carea' id='block_1_25' title="bbox 407 2943 3824 3022">
    <p class='ocr_par' dir='ltr' id='par_1_25' title="bbox 407 2943 3824 3022">
     <span class='ocr_line' id='line_1_25' title="bbox 407 2943 3824 3022; baseline -0.001 -23"><span class='ocrx_word' id='word_1_160' title='bbox 407 2944 550 2999; x_wconf 92' lang='lat' dir='ltr'>lium</span> <span class='ocrx_word' id='word_1_161' title='bbox 584 2950 818 3016; x_wconf 85' lang='lat' dir='ltr'>ceperat</span> <span class='ocrx_word' id='word_1_162' title='bbox 847 2944 950 2999; x_wconf 90' lang='lat' dir='ltr'>Vir</span> <span class='ocrx_word' id='word_1_163' title='bbox 980 2945 1217 3001; x_wconf 91' lang='lat' dir='ltr'>Clariss.</span> <span class='ocrx_word' id='word_1_164' title='bbox 1252 2947 1556 3002; x_wconf 88' lang='lat' dir='ltr'>Cornelius</span> <span class='ocrx_word' id='word_1_165' title='bbox 1590 2950 1939 3016; x_wconf 90' lang='lat' dir='ltr'>Siebenius;</span> <span class='ocrx_word' id='word_1_166' title='bbox 1973 2956 2029 3005; x_wconf 92' lang='lat' dir='ltr'>at</span> <span class='ocrx_word' id='word_1_167' title='bbox 2058 2968 2183 3022; x_wconf 66' lang='lat' dir='ltr'>quae</span> <span class='ocrx_word' id='word_1_168' title='bbox 2216 2968 2373 3021; x_wconf 88' lang='lat' dir='ltr'>spes,</span> <span class='ocrx_word' id='word_1_169' title='bbox 2403 2951 2538 3004; x_wconf 94' lang='lat' dir='ltr'>Viro</span> <span class='ocrx_word' id='word_1_170' title='bbox 2571 2949 2922 3005; x_wconf 88' lang='lat' dir='ltr'>Doctissimo</span> <span class='ocrx_word' id='word_1_171' title='bbox 2967 2948 3110 3003; x_wconf 86' lang='lat' dir='ltr'>vivis</span> <span class='ocrx_word' id='word_1_172' title='bbox 3141 2952 3360 3018; x_wconf 89' lang='lat' dir='ltr'>erepto,</span> <span class='ocrx_word' id='word_1_173' title='bbox 3414 2943 3653 3000; x_wconf 89' lang='lat' dir='ltr'>omnino</span> <span class='ocrx_word' id='word_1_174' title='bbox 3684 2958 3824 2997; x_wconf 86' lang='lat' dir='ltr'>eva-</span> 
     </span>
    </p>
   </div>
   <div class='ocr_carea' id='block_1_26' title="bbox 410 3033 3825 3109">
    <p class='ocr_par' dir='ltr' id='par_1_26' title="bbox 410 3033 3825 3109">
     <span class='ocr_line' id='line_1_26' title="bbox 410 3033 3825 3109; baseline -0.001 -21"><span class='ocrx_word' id='word_1_175' title='bbox 410 3033 559 3088; x_wconf 86' lang='lat' dir='ltr'>nuit.</span> <span class='ocrx_word' id='word_1_176' title='bbox 593 3033 702 3088; x_wconf 87' lang='lat' dir='ltr'>Sed</span> <span class='ocrx_word' id='word_1_177' title='bbox 736 3034 882 3088; x_wconf 89' lang='lat' dir='ltr'>bene</span> <span class='ocrx_word' id='word_1_178' title='bbox 915 3034 1151 3103; x_wconf 87' lang='lat' dir='ltr'>factum,</span> <span class='ocrx_word' id='word_1_179' title='bbox 1188 3037 1341 3105; x_wconf 85' lang='lat' dir='ltr'>quod</span> <span class='ocrx_word' id='word_1_180' title='bbox 1376 3037 1565 3091; x_wconf 89' lang='lat' dir='ltr'>varias</span> <span class='ocrx_word' id='word_1_181' title='bbox 1598 3038 2155 3095; x_wconf 85' lang='lat' dir='ltr'>Animadversiones</span> <span class='ocrx_word' id='word_1_182' title='bbox 2184 3040 2244 3095; x_wconf 92' lang='lat' dir='ltr'>in</span> <span class='ocrx_word' id='word_1_183' title='bbox 2278 3041 2508 3095; x_wconf 90' lang='lat' dir='ltr'>Poetam</span> <span class='ocrx_word' id='word_1_184' title='bbox 2543 3044 2808 3094; x_wconf 90' lang='lat' dir='ltr'>nostrum</span> <span class='ocrx_word' id='word_1_185' title='bbox 2841 3036 3159 3109; x_wconf 88' lang='lat' dir='ltr'>separatim</span> <span class='ocrx_word' id='word_1_186' title='bbox 3193 3041 3365 3090; x_wconf 86' lang='lat' dir='ltr'>antea</span> <span class='ocrx_word' id='word_1_187' title='bbox 3384 3033 3825 3103; x_wconf 87' lang='lat' dir='ltr'>ediderit,quas</span> 
     </span>
    </p>
   </div>
   <div class='ocr_carea' id='block_1_27' title="bbox 415 3120 3826 3197">
    <p class='ocr_par' dir='ltr' id='par_1_27' title="bbox 415 3120 3826 3197">
     <span class='ocr_line' id='line_1_27' title="bbox 415 3120 3826 3197; baseline 0 -20"><span class='ocrx_word' id='word_1_188' title='bbox 415 3137 483 3177; x_wconf 85' lang='lat' dir='ltr'>ex</span> <span class='ocrx_word' id='word_1_189' title='bbox 515 3122 874 3177; x_wconf 79' lang='lat' dir='ltr'>Miseellaneis</span> <span class='ocrx_word' id='word_1_190' title='bbox 909 3122 1394 3179; x_wconf 73' lang='lat' dir='ltr'>Observationibus</span> <span class='ocrx_word' id='word_1_191' title='bbox 1428 3126 1485 3180; x_wconf 84' lang='lat' dir='ltr'>in</span> <span class='ocrx_word' id='word_1_192' title='bbox 1517 3127 1776 3182; x_wconf 84' lang='lat' dir='ltr'>Auctores</span> <span class='ocrx_word' id='word_1_193' title='bbox 1809 3128 2017 3183; x_wconf 85' lang='lat' dir='ltr'>Veteres</span> <span class='ocrx_word' id='word_1_194' title='bbox 2046 3137 2098 3184; x_wconf 88' lang='lat' dir='ltr'>et</span> <span class='ocrx_word' id='word_1_195' title='bbox 2125 3131 2453 3185; x_wconf 74' lang='lat' dir='ltr'>recentiores</span> <span class='ocrx_word' id='word_1_196' title='bbox 2492 3130 2596 3183; x_wconf 87' lang='lat' dir='ltr'>Vol.</span> <span class='ocrx_word' id='word_1_197' title='bbox 2638 3128 2714 3195; x_wconf 81' lang='lat' dir='ltr'>Vl,</span> <span class='ocrx_word' id='word_1_198' title='bbox 2742 3143 2869 3197; x_wconf 83' lang='lat' dir='ltr'>pag.</span> <span class='ocrx_word' id='word_1_199' title='bbox 2905 3125 3025 3180; x_wconf 83' lang='grc'>199.</span> <span class='ocrx_word' id='word_1_200' title='bbox 3070 3140 3214 3196; x_wconf 87' lang='lat' dir='ltr'>seqq.</span> <span class='ocrx_word' id='word_1_201' title='bbox 3247 3125 3631 3195; x_wconf 81' lang='lat' dir='ltr'>depromptae</span> <span class='ocrx_word' id='word_1_202' title='bbox 3660 3120 3826 3177; x_wconf 82' lang='lat' dir='ltr'>Notis</span> 
     </span>
    </p>
   </div>
   <div class='ocr_carea' id='block_1_28' title="bbox 411 3210 3822 3286">
    <p class='ocr_par' dir='ltr' id='par_1_28' title="bbox 411 3210 3822 3286">
     <span class='ocr_line' id='line_1_28' title="bbox 411 3210 3822 3286; baseline -0 -21"><span class='ocrx_word' id='word_1_203' title='bbox 411 3210 689 3281; x_wconf 88' lang='lat' dir='ltr'>Bosqueti</span> <span class='ocrx_word' id='word_1_204' title='bbox 718 3211 964 3281; x_wconf 89' lang='lat' dir='ltr'>subjeci,</span> <span class='ocrx_word' id='word_1_205' title='bbox 998 3211 1155 3283; x_wconf 90' lang='lat' dir='ltr'>quod</span> <span class='ocrx_word' id='word_1_206' title='bbox 1188 3213 1258 3268; x_wconf 90' lang='lat' dir='ltr'>ad</span> <span class='ocrx_word' id='word_1_207' title='bbox 1288 3214 1647 3270; x_wconf 88' lang='lat' dir='ltr'>intellectum</span> <span class='ocrx_word' id='word_1_208' title='bbox 1681 3216 1850 3272; x_wconf 76' lang='lat' dir='ltr'>Pselli</span> <span class='ocrx_word' id='word_1_209' title='bbox 1882 3234 1977 3272; x_wconf 88' lang='lat' dir='ltr'>eas</span> <span class='ocrx_word' id='word_1_210' title='bbox 2008 3219 2245 3273; x_wconf 89' lang='lat' dir='ltr'>omnino</span> <span class='ocrx_word' id='word_1_211' title='bbox 2279 3217 2641 3274; x_wconf 87' lang='lat' dir='ltr'>necessarias</span> <span class='ocrx_word' id='word_1_212' title='bbox 2668 3215 3077 3286; x_wconf 86' lang='lat' dir='ltr'>judicaverim.</span> <span class='ocrx_word' id='word_1_213' title='bbox 3110 3218 3309 3285; x_wconf 87' lang='lat' dir='ltr'>Neque</span> <span class='ocrx_word' id='word_1_214' title='bbox 3347 3212 3501 3267; x_wconf 88' lang='lat' dir='ltr'>enim</span> <span class='ocrx_word' id='word_1_215' title='bbox 3537 3210 3822 3281; x_wconf 90' lang='lat' dir='ltr'>Bosqueti</span> 
     </span>
    </p>
   </div>
   <div class='ocr_carea' id='block_1_29' title="bbox 415 3298 3828 3379">
    <p class='ocr_par' dir='ltr' id='par_1_29' title="bbox 415 3298 3828 3379">
     <span class='ocr_line' id='line_1_29' title="bbox 415 3298 3828 3379; baseline 0 -26"><span class='ocrx_word' id='word_1_216' title='bbox 415 3298 607 3354; x_wconf 88' lang='lat' dir='ltr'>versio</span> <span class='ocrx_word' id='word_1_217' title='bbox 639 3300 819 3354; x_wconf 89' lang='lat' dir='ltr'>menti</span> <span class='ocrx_word' id='word_1_218' title='bbox 858 3299 1129 3355; x_wconf 81' lang='lat' dir='ltr'>Auctoris</span> <span class='ocrx_word' id='word_1_219' title='bbox 1162 3302 1379 3373; x_wconf 89' lang='lat' dir='ltr'>ubique</span> <span class='ocrx_word' id='word_1_220' title='bbox 1410 3306 1849 3361; x_wconf 87' lang='lat' dir='ltr'>accommodata</span> <span class='ocrx_word' id='word_1_221' title='bbox 1879 3307 2009 3371; x_wconf 82' lang='lat' dir='ltr'>fuit,</span> <span class='ocrx_word' id='word_1_222' title='bbox 2043 3314 2107 3362; x_wconf 93' lang='lat' dir='ltr'>ut</span> <span class='ocrx_word' id='word_1_223' title='bbox 2136 3306 2195 3361; x_wconf 94' lang='lat' dir='ltr'>in</span> <span class='ocrx_word' id='word_1_224' title='bbox 2240 3324 2358 3379; x_wconf 91' lang='lat' dir='ltr'>qua</span> <span class='ocrx_word' id='word_1_225' title='bbox 2387 3323 2615 3362; x_wconf 88' lang='lat' dir='ltr'>crassos</span> <span class='ocrx_word' id='word_1_226' title='bbox 2646 3305 2944 3360; x_wconf 86' lang='lat' dir='ltr'>interdum</span> <span class='ocrx_word' id='word_1_227' title='bbox 2975 3318 3200 3358; x_wconf 89' lang='lat' dir='ltr'>errores</span> <span class='ocrx_word' id='word_1_228' title='bbox 3231 3300 3550 3370; x_wconf 83' lang='lat' dir='ltr'>commisit,</span> <span class='ocrx_word' id='word_1_229' title='bbox 3582 3304 3641 3355; x_wconf 89' lang='lat' dir='ltr'>et</span> <span class='ocrx_word' id='word_1_230' title='bbox 3670 3299 3828 3368; x_wconf 88' lang='lat' dir='ltr'>quod</span> 
     </span>
    </p>
   </div>
   <div class='ocr_carea' id='block_1_30' title="bbox 408 3388 3829 3467">
    <p class='ocr_par' dir='ltr' id='par_1_30' title="bbox 408 3388 3829 3467">
     <span class='ocr_line' id='line_1_30' title="bbox 408 3388 3829 3467; baseline -0.001 -24"><span class='ocrx_word' id='word_1_231' title='bbox 408 3390 578 3460; x_wconf 88' lang='lat' dir='ltr'>pejus</span> <span class='ocrx_word' id='word_1_232' title='bbox 610 3393 719 3453; x_wconf 89' lang='lat' dir='ltr'>est,</span> <span class='ocrx_word' id='word_1_233' title='bbox 754 3388 1011 3460; x_wconf 89' lang='lat' dir='ltr'>integros</span> <span class='ocrx_word' id='word_1_234' title='bbox 1043 3389 1218 3445; x_wconf 92' lang='lat' dir='ltr'>etiam</span> <span class='ocrx_word' id='word_1_235' title='bbox 1251 3408 1452 3447; x_wconf 89' lang='lat' dir='ltr'>versus</span> <span class='ocrx_word' id='word_1_236' title='bbox 1487 3393 1855 3463; x_wconf 86' lang='lat' dir='ltr'>interpretari</span> <span class='ocrx_word' id='word_1_237' title='bbox 1884 3395 2171 3467; x_wconf 80' lang='lat' dir='ltr'>neglexit;</span> <span class='ocrx_word' id='word_1_238' title='bbox 2201 3396 2472 3466; x_wconf 88' lang='lat' dir='ltr'>quocirca</span> <span class='ocrx_word' id='word_1_239' title='bbox 2504 3400 2695 3450; x_wconf 88' lang='lat' dir='ltr'>tamen</span> <span class='ocrx_word' id='word_1_240' title='bbox 2728 3394 2828 3447; x_wconf 89' lang='lat' dir='ltr'>Vir</span> <span class='ocrx_word' id='word_1_241' title='bbox 2858 3397 3063 3448; x_wconf 70' lang='lat' dir='ltr'>caetera</span> <span class='ocrx_word' id='word_1_242' title='bbox 3096 3390 3374 3445; x_wconf 84' lang='lat' dir='ltr'>Eruditus</span> <span class='ocrx_word' id='word_1_243' title='bbox 3404 3389 3634 3444; x_wconf 87' lang='lat' dir='ltr'>veniam</span> <span class='ocrx_word' id='word_1_244' title='bbox 3667 3388 3829 3459; x_wconf 88' lang='lat' dir='ltr'>apud</span> 
     </span>
    </p>
   </div>
   <div class='ocr_carea' id='block_1_31' title="bbox 412 3478 3831 3555">
    <p class='ocr_par' dir='ltr' id='par_1_31' title="bbox 412 3478 3831 3555">
     <span class='ocr_line' id='line_1_31' title="bbox 412 3478 3831 3555; baseline 0 -24"><span class='ocrx_word' id='word_1_245' title='bbox 412 3492 612 3546; x_wconf 65' lang='lat' dir='ltr'>aequos</span> <span class='ocrx_word' id='word_1_246' title='bbox 646 3493 838 3531; x_wconf 89' lang='lat' dir='ltr'>rerum</span> <span class='ocrx_word' id='word_1_247' title='bbox 894 3478 1149 3532; x_wconf 88' lang='lat' dir='ltr'>arbitros</span> <span class='ocrx_word' id='word_1_248' title='bbox 1181 3485 1457 3549; x_wconf 85' lang='lat' dir='ltr'>meretur,</span> <span class='ocrx_word' id='word_1_249' title='bbox 1515 3486 1715 3552; x_wconf 83' lang='lat' dir='ltr'>utpote</span> <span class='ocrx_word' id='word_1_250' title='bbox 1748 3484 1847 3553; x_wconf 88' lang='lat' dir='ltr'>qui</span> <span class='ocrx_word' id='word_1_251' title='bbox 1884 3484 2029 3538; x_wconf 89' lang='lat' dir='ltr'>hanc</span> <span class='ocrx_word' id='word_1_252' title='bbox 2082 3485 2617 3555; x_wconf 81' lang='lat' dir='ltr'>interpretationem</span> <span class='ocrx_word' id='word_1_253' title='bbox 2671 3483 2874 3554; x_wconf 90' lang='lat' dir='ltr'>paucis</span> <span class='ocrx_word' id='word_1_254' title='bbox 2929 3481 3140 3536; x_wconf 90' lang='lat' dir='ltr'>diebus</span> <span class='ocrx_word' id='word_1_255' title='bbox 3170 3479 3438 3541; x_wconf 81' lang='lat' dir='ltr'>absolvit,</span> <span class='ocrx_word' id='word_1_256' title='bbox 3484 3478 3692 3547; x_wconf 85' lang='lat' dir='ltr'>vixque</span> <span class='ocrx_word' id='word_1_257' title='bbox 3725 3494 3831 3532; x_wconf 88' lang='lat' dir='ltr'>no-</span> 
     </span>
    </p>
   </div>
   <div class='ocr_carea' id='block_1_32' title="bbox 415 3564 3833 3640">
    <p class='ocr_par' dir='ltr' id='par_1_32' title="bbox 415 3564 3833 3640">
     <span class='ocr_line' id='line_1_32' title="bbox 415 3564 3833 3640; baseline 0 -22"><span class='ocrx_word' id='word_1_258' title='bbox 415 3564 737 3619; x_wconf 89' lang='lat' dir='ltr'>vemdecim</span> <span class='ocrx_word' id='word_1_259' title='bbox 774 3569 899 3619; x_wconf 89' lang='lat' dir='ltr'>tum</span> <span class='ocrx_word' id='word_1_260' title='bbox 935 3567 1216 3637; x_wconf 90' lang='lat' dir='ltr'>temporis</span> <span class='ocrx_word' id='word_1_261' title='bbox 1251 3584 1437 3621; x_wconf 90' lang='lat' dir='ltr'>annos</span> <span class='ocrx_word' id='word_1_262' title='bbox 1470 3568 1834 3640; x_wconf 87' lang='lat' dir='ltr'>impleverat.</span> <span class='ocrx_word' id='word_1_263' title='bbox 1866 3572 1993 3626; x_wconf 88' lang='lat' dir='ltr'>Vid.</span> <span class='ocrx_word' id='word_1_264' title='bbox 2029 3572 2273 3628; x_wconf 89' lang='lat' dir='ltr'>Niceron</span> <span class='ocrx_word' id='word_1_265' title='bbox 2312 3575 2453 3627; x_wconf 88' lang='lat' dir='ltr'>Tom.</span> <span class='ocrx_word' id='word_1_266' title='bbox 2489 3572 2578 3627; x_wconf 75' lang='grc' dir='ltr'>λιι</span> <span class='ocrx_word' id='word_1_267' title='bbox 2628 3572 2692 3626; x_wconf 83' lang='lat' dir='ltr'>de</span> <span class='ocrx_word' id='word_1_268' title='bbox 2718 3588 2797 3627; x_wconf 87' lang='lat' dir='ltr'>ses</span> <span class='ocrx_word' id='word_1_269' title='bbox 2831 3571 3142 3633; x_wconf 74' lang='lat' dir='ltr'>Memoires,</span> <span class='ocrx_word' id='word_1_270' title='bbox 3170 3586 3300 3639; x_wconf 83' lang='lat' dir='ltr'>pag.</span> <span class='ocrx_word' id='word_1_271' title='bbox 3336 3568 3456 3621; x_wconf 91' lang='grc'>168.</span> <span class='ocrx_word' id='word_1_272' title='bbox 3501 3566 3667 3620; x_wconf 86' lang='lat' dir='ltr'>Hunc</span> <span class='ocrx_word' id='word_1_273' title='bbox 3695 3580 3833 3619; x_wconf 89' lang='lat' dir='ltr'>vero</span> 
     </span>
    </p>
   </div>
   <div class='ocr_carea' id='block_1_33' title="bbox 411 3653 3833 3730">
    <p class='ocr_par' dir='ltr' id='par_1_33' title="bbox 411 3653 3833 3730">
     <span class='ocr_line' id='line_1_33' title="bbox 411 3653 3833 3730; baseline -0.001 -21"><span class='ocrx_word' id='word_1_274' title='bbox 411 3654 705 3709; x_wconf 86' lang='lat' dir='ltr'>detectum</span> <span class='ocrx_word' id='word_1_275' title='bbox 742 3653 1011 3725; x_wconf 90' lang='lat' dir='ltr'>pluribus</span> <span class='ocrx_word' id='word_1_276' title='bbox 1045 3656 1101 3710; x_wconf 94' lang='lat' dir='ltr'>in</span> <span class='ocrx_word' id='word_1_277' title='bbox 1136 3655 1279 3711; x_wconf 91' lang='lat' dir='ltr'>locis</span> <span class='ocrx_word' id='word_1_278' title='bbox 1312 3659 1627 3730; x_wconf 85' lang='lat' dir='ltr'>supplevit,</span> <span class='ocrx_word' id='word_1_279' title='bbox 1680 3666 1737 3713; x_wconf 89' lang='lat' dir='ltr'>et</span> <span class='ocrx_word' id='word_1_280' title='bbox 1766 3662 2115 3725; x_wconf 87' lang='lat' dir='ltr'>versionem,</span> <span class='ocrx_word' id='word_1_281' title='bbox 2150 3663 2247 3716; x_wconf 89' lang='lat' dir='ltr'>ubi</span> <span class='ocrx_word' id='word_1_282' title='bbox 2304 3663 2613 3717; x_wconf 78' lang='lat' dir='ltr'>manifeste</span> <span class='ocrx_word' id='word_1_283' title='bbox 2656 3660 2802 3715; x_wconf 82' lang='lat' dir='ltr'>falsa</span> <span class='ocrx_word' id='word_1_284' title='bbox 2836 3661 2921 3715; x_wconf 90' lang='lat' dir='ltr'>vel</span> <span class='ocrx_word' id='word_1_285' title='bbox 2957 3658 3166 3715; x_wconf 91' lang='lat' dir='ltr'>mutila</span> <span class='ocrx_word' id='word_1_286' title='bbox 3224 3663 3368 3724; x_wconf 91' lang='lat' dir='ltr'>erat,</span> <span class='ocrx_word' id='word_1_287' title='bbox 3400 3654 3737 3711; x_wconf 89' lang='lat' dir='ltr'>emendavit</span> <span class='ocrx_word' id='word_1_288' title='bbox 3766 3669 3833 3708; x_wconf 86' lang='lat' dir='ltr'>ac</span> 
     </span>
    </p>
   </div>
   <div class='ocr_carea' id='block_1_34' title="bbox 412 3743 3830 3821">
    <p class='ocr_par' dir='ltr' id='par_1_34' title="bbox 412 3743 3830 3821">
     <span class='ocr_line' id='line_1_34' title="bbox 412 3743 3830 3821; baseline 0 -22"><span class='ocrx_word' id='word_1_289' title='bbox 412 3743 673 3799; x_wconf 87' lang='lat' dir='ltr'>restituit</span> <span class='ocrx_word' id='word_1_290' title='bbox 702 3744 804 3799; x_wconf 85' lang='lat' dir='ltr'>Vir</span> <span class='ocrx_word' id='word_1_291' title='bbox 834 3744 1207 3801; x_wconf 78' lang='lat' dir='ltr'>Reverendus</span> <span class='ocrx_word' id='word_1_292' title='bbox 1237 3753 1411 3819; x_wconf 88' lang='lat' dir='ltr'>atque</span> <span class='ocrx_word' id='word_1_293' title='bbox 1460 3750 1919 3804; x_wconf 85' lang='lat' dir='ltr'>Eruditissimus</span> <span class='ocrx_word' id='word_1_294' title='bbox 1968 3751 2281 3807; x_wconf 88' lang='lat' dir='ltr'>Archibald</span> <span class='ocrx_word' id='word_1_295' title='bbox 2315 3751 2621 3817; x_wconf 89' lang='lat' dir='ltr'>Maclaine,</span> <span class='ocrx_word' id='word_1_296' title='bbox 2654 3752 2713 3806; x_wconf 90' lang='lat' dir='ltr'>in</span> <span class='ocrx_word' id='word_1_297' title='bbox 2764 3750 3020 3806; x_wconf 88' lang='lat' dir='ltr'>Ecclesia</span> <span class='ocrx_word' id='word_1_298' title='bbox 3050 3748 3318 3821; x_wconf 79' lang='lat' dir='ltr'>Anglica,</span> <span class='ocrx_word' id='word_1_299' title='bbox 3362 3763 3489 3818; x_wconf 70' lang='lat' dir='ltr'>quae</span> <span class='ocrx_word' id='word_1_300' title='bbox 3520 3745 3690 3816; x_wconf 70' lang='lat' dir='ltr'>Hegea</span> <span class='ocrx_word' id='word_1_301' title='bbox 3721 3743 3830 3798; x_wconf 89' lang='lat' dir='ltr'>Co-</span> 
     </span>
    </p>
   </div>
   <div class='ocr_carea' id='block_1_35' title="bbox 411 3832 3831 3913">
    <p class='ocr_par' dir='ltr' id='par_1_35' title="bbox 411 3832 3831 3913">
     <span class='ocr_line' id='line_1_35' title="bbox 411 3832 3831 3913; baseline -0.001 -24"><span class='ocrx_word' id='word_1_302' title='bbox 411 3833 623 3889; x_wconf 90' lang='lat' dir='ltr'>mitum</span> <span class='ocrx_word' id='word_1_303' title='bbox 676 3840 788 3901; x_wconf 91' lang='lat' dir='ltr'>est,</span> <span class='ocrx_word' id='word_1_304' title='bbox 820 3834 979 3889; x_wconf 88' lang='lat' dir='ltr'>verbi</span> <span class='ocrx_word' id='word_1_305' title='bbox 1031 3836 1207 3890; x_wconf 88' lang='lat' dir='ltr'>divini</span> <span class='ocrx_word' id='word_1_306' title='bbox 1243 3837 1507 3893; x_wconf 80' lang='lat' dir='ltr'>Minister</span> <span class='ocrx_word' id='word_1_307' title='bbox 1562 3838 2010 3907; x_wconf 82' lang='lat' dir='ltr'>solertissimus,</span> <span class='ocrx_word' id='word_1_308' title='bbox 2044 3842 2144 3913; x_wconf 92' lang='lat' dir='ltr'>qui</span> <span class='ocrx_word' id='word_1_309' title='bbox 2176 3841 2325 3896; x_wconf 89' lang='lat' dir='ltr'>hanc</span> <span class='ocrx_word' id='word_1_310' title='bbox 2355 3843 2713 3913; x_wconf 87' lang='lat' dir='ltr'>provinciam</span> <span class='ocrx_word' id='word_1_311' title='bbox 2742 3845 2949 3913; x_wconf 89' lang='lat' dir='ltr'>sponte</span> <span class='ocrx_word' id='word_1_312' title='bbox 3009 3856 3117 3894; x_wconf 88' lang='lat' dir='ltr'>sua</span> <span class='ocrx_word' id='word_1_313' title='bbox 3146 3837 3429 3908; x_wconf 80' lang='lat' dir='ltr'>suscepit,</span> <span class='ocrx_word' id='word_1_314' title='bbox 3474 3835 3687 3904; x_wconf 88' lang='lat' dir='ltr'>cuique</span> <span class='ocrx_word' id='word_1_315' title='bbox 3716 3832 3831 3887; x_wconf 89' lang='lat' dir='ltr'>hoc</span> 
     </span>
    </p>
   </div>
   <div class='ocr_carea' id='block_1_36' title="bbox 419 3920 3832 3998">
    <p class='ocr_par' dir='ltr' id='par_1_36' title="bbox 419 3920 3832 3998">
     <span class='ocr_line' id='line_1_36' title="bbox 419 3920 3832 3998; baseline -0.001 -21"><span class='ocrx_word' id='word_1_316' title='bbox 419 3921 657 3977; x_wconf 89' lang='lat' dir='ltr'>nomine</span> <span class='ocrx_word' id='word_1_317' title='bbox 688 3928 880 3994; x_wconf 88' lang='lat' dir='ltr'>grates</span> <span class='ocrx_word' id='word_1_318' title='bbox 911 3939 1041 3995; x_wconf 89' lang='lat' dir='ltr'>ago,</span> <span class='ocrx_word' id='word_1_319' title='bbox 1074 3941 1221 3996; x_wconf 90' lang='lat' dir='ltr'>quas</span> <span class='ocrx_word' id='word_1_320' title='bbox 1254 3942 1517 3996; x_wconf 86' lang='lat' dir='ltr'>possum,</span> <span class='ocrx_word' id='word_1_321' title='bbox 1564 3928 1873 3983; x_wconf 84' lang='lat' dir='ltr'>maximas.</span> <span class='ocrx_word' id='word_1_322' title='bbox 1922 3930 2085 3994; x_wconf 91' lang='lat' dir='ltr'>Quod</span> <span class='ocrx_word' id='word_1_323' title='bbox 2115 3937 2311 3985; x_wconf 88' lang='lat' dir='ltr'>autem</span> <span class='ocrx_word' id='word_1_324' title='bbox 2345 3932 2415 3986; x_wconf 88' lang='lat' dir='ltr'>ad</span> <span class='ocrx_word' id='word_1_325' title='bbox 2468 3930 2802 3986; x_wconf 84' lang='lat' dir='ltr'>Michaelem</span> <span class='ocrx_word' id='word_1_326' title='bbox 2840 3928 3091 3985; x_wconf 86' lang='lat' dir='ltr'>Psellum</span> <span class='ocrx_word' id='word_1_327' title='bbox 3120 3928 3318 3998; x_wconf 89' lang='lat' dir='ltr'>ipsum</span> <span class='ocrx_word' id='word_1_328' title='bbox 3372 3924 3600 3992; x_wconf 87' lang='lat' dir='ltr'>attinet,</span> <span class='ocrx_word' id='word_1_329' title='bbox 3633 3920 3745 3976; x_wconf 81' lang='lat' dir='ltr'>fuit</span> <span class='ocrx_word' id='word_1_330' title='bbox 3779 3920 3832 3975; x_wconf 90' lang='lat' dir='ltr'>is</span> 
     </span>
    </p>
   </div>
   <div class='ocr_carea' id='block_1_37' title="bbox 410 4010 3833 4093">
    <p class='ocr_par' dir='ltr' id='par_1_37' title="bbox 410 4010 3833 4093">
     <span class='ocr_line' id='line_1_37' title="bbox 410 4010 3833 4093; baseline -0.001 -25"><span class='ocrx_word' id='word_1_331' title='bbox 410 4014 557 4083; x_wconf 90' lang='lat' dir='ltr'>Imp.</span> <span class='ocrx_word' id='word_1_332' title='bbox 594 4012 893 4067; x_wconf 87' lang='lat' dir='ltr'>Michaelis</span> <span class='ocrx_word' id='word_1_333' title='bbox 927 4018 1093 4069; x_wconf 78' lang='lat' dir='ltr'>Ducas</span> <span class='ocrx_word' id='word_1_334' title='bbox 1124 4015 1461 4087; x_wconf 62' lang='lat' dir='ltr'>Praeceptor,</span> <span class='ocrx_word' id='word_1_335' title='bbox 1489 4017 1928 4089; x_wconf 85' lang='lat' dir='ltr'>ejusquejussu</span> <span class='ocrx_word' id='word_1_336' title='bbox 1961 4019 2111 4076; x_wconf 88' lang='lat' dir='ltr'>hanc</span> <span class='ocrx_word' id='word_1_337' title='bbox 2140 4022 2429 4093; x_wconf 84' lang='lat' dir='ltr'>Synopsin</span> <span class='ocrx_word' id='word_1_338' title='bbox 2464 4010 2847 4092; x_wconf 88' lang='lat' dir='ltr'>conscripsit:</span> <span class='ocrx_word' id='word_1_339' title='bbox 2884 4019 3020 4074; x_wconf 87' lang='lat' dir='ltr'>huic</span> <span class='ocrx_word' id='word_1_340' title='bbox 3042 4019 3200 4073; x_wconf 90' lang='lat' dir='ltr'>enim</span> <span class='ocrx_word' id='word_1_341' title='bbox 3241 4013 3583 4087; x_wconf 89' lang='lat' dir='ltr'>Imperatori</span> <span class='ocrx_word' id='word_1_342' title='bbox 3615 4011 3833 4067; x_wconf 81' lang='lat' dir='ltr'>inscri-</span> 
     </span>
    </p>
   </div>
   <div class='ocr_carea' id='block_1_38' title="bbox 410 4099 3831 4181">
    <p class='ocr_par' dir='ltr' id='par_1_38' title="bbox 410 4099 3831 4181">
     <span class='ocr_line' id='line_1_38' title="bbox 410 4099 3831 4181; baseline 0 -27"><span class='ocrx_word' id='word_1_343' title='bbox 410 4099 570 4154; x_wconf 89' lang='lat' dir='ltr'>bitur</span> <span class='ocrx_word' id='word_1_344' title='bbox 601 4100 655 4154; x_wconf 91' lang='lat' dir='ltr'>id</span> <span class='ocrx_word' id='word_1_345' title='bbox 716 4100 1083 4171; x_wconf 90' lang='lat' dir='ltr'>Opusculum</span> <span class='ocrx_word' id='word_1_346' title='bbox 1117 4102 1180 4157; x_wconf 90' lang='lat' dir='ltr'>in</span> <span class='ocrx_word' id='word_1_347' title='bbox 1240 4104 1533 4176; x_wconf 81' lang='lat' dir='ltr'>plerisque</span> <span class='ocrx_word' id='word_1_348' title='bbox 1566 4107 1879 4162; x_wconf 85' lang='lat' dir='ltr'>Codicibus</span> <span class='ocrx_word' id='word_1_349' title='bbox 1938 4109 2383 4181; x_wconf 89' lang='lat' dir='ltr'>manuscriptis,</span> <span class='ocrx_word' id='word_1_350' title='bbox 2440 4110 2618 4180; x_wconf 89' lang='lat' dir='ltr'>idque</span> <span class='ocrx_word' id='word_1_351' title='bbox 2656 4108 2922 4180; x_wconf 89' lang='lat' dir='ltr'>pluribus</span> <span class='ocrx_word' id='word_1_352' title='bbox 2982 4106 3272 4161; x_wconf 78' lang='lat' dir='ltr'>adstruxit</span> <span class='ocrx_word' id='word_1_353' title='bbox 3317 4104 3430 4159; x_wconf 88' lang='lat' dir='ltr'>Leo</span> <span class='ocrx_word' id='word_1_354' title='bbox 3487 4100 3737 4156; x_wconf 84' lang='lat' dir='ltr'>Allatius</span> <span class='ocrx_word' id='word_1_355' title='bbox 3769 4100 3831 4154; x_wconf 88' lang='lat' dir='ltr'>in</span> 
     </span>
    </p>
   </div>
   <div class='ocr_carea' id='block_1_39' title="bbox 412 4188 3836 4268">
    <p class='ocr_par' dir='ltr' id='par_1_39' title="bbox 412 4188 3836 4268">
     <span class='ocr_line' id='line_1_39' title="bbox 412 4188 3836 4268; baseline -0 -25"><span class='ocrx_word' id='word_1_356' title='bbox 412 4188 665 4244; x_wconf 86' lang='lat' dir='ltr'>Diatriba</span> <span class='ocrx_word' id='word_1_357' title='bbox 696 4189 761 4244; x_wconf 87' lang='lat' dir='ltr'>de</span> <span class='ocrx_word' id='word_1_358' title='bbox 790 4190 995 4245; x_wconf 85' lang='lat' dir='ltr'>Psetlis</span> <span class='ocrx_word' id='word_1_359' title='bbox 1026 4196 1076 4245; x_wconf 90' lang='lat' dir='ltr'>et</span> <span class='ocrx_word' id='word_1_360' title='bbox 1106 4208 1288 4247; x_wconf 89' lang='lat' dir='ltr'>eorum</span> <span class='ocrx_word' id='word_1_361' title='bbox 1340 4197 1576 4267; x_wconf 80' lang='lat' dir='ltr'>scriptis,</span> <span class='ocrx_word' id='word_1_362' title='bbox 1611 4199 1637 4265; x_wconf 87' lang='lat'><strong>§</strong></span> <span class='ocrx_word' id='word_1_363' title='bbox 1669 4198 1757 4267; x_wconf 81' lang='grc'>48,</span> <span class='ocrx_word' id='word_1_364' title='bbox 1817 4197 1914 4251; x_wconf 88' lang='lat' dir='ltr'>ubi</span> <span class='ocrx_word' id='word_1_365' title='bbox 1947 4199 2017 4252; x_wconf 92' lang='lat' dir='ltr'>de</span> <span class='ocrx_word' id='word_1_366' title='bbox 2068 4201 2318 4254; x_wconf 89' lang='lat' dir='ltr'>Auctore</span> <span class='ocrx_word' id='word_1_367' title='bbox 2353 4204 2551 4254; x_wconf 90' lang='lat' dir='ltr'>nostro</span> <span class='ocrx_word' id='word_1_368' title='bbox 2608 4200 2854 4268; x_wconf 84' lang='lat' dir='ltr'>ejusque</span> <span class='ocrx_word' id='word_1_369' title='bbox 2884 4196 3170 4266; x_wconf 89' lang='lat' dir='ltr'>Operibus</span> <span class='ocrx_word' id='word_1_370' title='bbox 3230 4192 3574 4265; x_wconf 86' lang='lat' dir='ltr'>plenissime</span> <span class='ocrx_word' id='word_1_371' title='bbox 3601 4189 3741 4260; x_wconf 74' lang='lat' dir='ltr'>egit,</span> <span class='ocrx_word' id='word_1_372' title='bbox 3774 4190 3836 4243; x_wconf 89' lang='lat' dir='ltr'>et</span> 
     </span>
    </p>
   </div>
   <div class='ocr_carea' id='block_1_40' title="bbox 410 4277 3836 4360">
    <p class='ocr_par' dir='ltr' id='par_1_40' title="bbox 410 4277 3836 4360">
     <span class='ocr_line' id='line_1_40' title="bbox 410 4277 3836 4360; baseline 0.001 -30"><span class='ocrx_word' id='word_1_373' title='bbox 410 4280 437 4345; x_wconf 88' lang='lat'>§</span> <span class='ocrx_word' id='word_1_374' title='bbox 466 4277 534 4331; x_wconf 91' lang='lat'>33</span> <span class='ocrx_word' id='word_1_375' title='bbox 566 4277 929 4333; x_wconf 83' lang='lat' dir='ltr'>luculentum</span> <span class='ocrx_word' id='word_1_376' title='bbox 959 4280 1028 4334; x_wconf 89' lang='lat' dir='ltr'>de</span> <span class='ocrx_word' id='word_1_377' title='bbox 1063 4281 1248 4352; x_wconf 90' lang='lat' dir='ltr'>ipsius</span> <span class='ocrx_word' id='word_1_378' title='bbox 1281 4286 1611 4340; x_wconf 86' lang='lat' dir='ltr'>eruditione</span> <span class='ocrx_word' id='word_1_379' title='bbox 1642 4286 2045 4341; x_wconf 65' lang='lat' dir='ltr'>testimonium</span> <span class='ocrx_word' id='word_1_380' title='bbox 2078 4288 2170 4344; x_wconf 89' lang='lat' dir='ltr'>his</span> <span class='ocrx_word' id='word_1_381' title='bbox 2203 4289 2395 4344; x_wconf 87' lang='lat' dir='ltr'>verbis</span> <span class='ocrx_word' id='word_1_382' title='bbox 2427 4290 2679 4360; x_wconf 59' lang='lat' dir='ltr'>prabet:</span> <span class='ocrx_word' id='word_1_383' title='bbox 2716 4288 2811 4342; x_wconf 85' lang='lat' dir='ltr'>Hic</span> <span class='ocrx_word' id='word_1_384' title='bbox 2839 4302 2974 4355; x_wconf 87' lang='lat' dir='ltr'>ergo</span> <span class='ocrx_word' id='word_1_385' title='bbox 3005 4284 3241 4353; x_wconf 84' lang='lat' dir='ltr'>Psetlus,</span> <span class='ocrx_word' id='word_1_386' title='bbox 3275 4292 3334 4339; x_wconf 85' lang='lat' dir='ltr'>ut</span> <span class='ocrx_word' id='word_1_387' title='bbox 3360 4282 3614 4338; x_wconf 80' lang='lat' dir='ltr'>doctrina</span> <span class='ocrx_word' id='word_1_388' title='bbox 3652 4293 3836 4350; x_wconf 58' lang='lat' dir='ltr'>praes-</span> 
     </span>
    </p>
   </div>
   <div class='ocr_carea' id='block_1_41' title="bbox 408 4367 3838 4449">
    <p class='ocr_par' dir='ltr' id='par_1_41' title="bbox 408 4367 3838 4449">
     <span class='ocr_line' id='line_1_41' title="bbox 408 4367 3838 4449; baseline 0 -28"><span class='ocrx_word' id='word_1_389' title='bbox 408 4369 775 4435; x_wconf 87' lang='lat' dir='ltr'>tantissimus,</span> <span class='ocrx_word' id='word_1_390' title='bbox 814 4370 891 4423; x_wconf 84' lang='lat' dir='ltr'>ita</span> <span class='ocrx_word' id='word_1_391' title='bbox 921 4372 1171 4425; x_wconf 89' lang='lat' dir='ltr'>omnium</span> <span class='ocrx_word' id='word_1_392' title='bbox 1202 4372 1707 4449; x_wconf 63' lang='grc' dir='ltr'>πολυγραφώτατος</span> <span class='ocrx_word' id='word_1_393' title='bbox 1738 4379 1864 4447; x_wconf 69' lang='lat' dir='ltr'>fuit.</span> <span class='ocrx_word' id='word_1_394' title='bbox 1913 4379 2103 4432; x_wconf 84' lang='lat' dir='ltr'>Ausim</span> <span class='ocrx_word' id='word_1_395' title='bbox 2149 4378 2348 4448; x_wconf 79' lang='lat' dir='ltr'>dicere,</span> <span class='ocrx_word' id='word_1_396' title='bbox 2388 4380 2667 4432; x_wconf 87' lang='lat' dir='ltr'>neminem</span> <span class='ocrx_word' id='word_1_397' title='bbox 2712 4393 2776 4431; x_wconf 88' lang='lat' dir='ltr'>ea</span> <span class='ocrx_word' id='word_1_398' title='bbox 2806 4374 2896 4431; x_wconf 83' lang='lat' dir='ltr'>vel</span> <span class='ocrx_word' id='word_1_399' title='bbox 2942 4376 3295 4446; x_wconf 81' lang='lat' dir='ltr'>subsequente</span> <span class='ocrx_word' id='word_1_400' title='bbox 3342 4380 3499 4427; x_wconf 59' lang='lat' dir='ltr'>etate</span> <span class='ocrx_word' id='word_1_401' title='bbox 3528 4373 3719 4426; x_wconf 70' lang='lat' dir='ltr'>Graece</span> <span class='ocrx_word' id='word_1_402' title='bbox 3750 4367 3838 4423; x_wconf 82' lang='lat' dir='ltr'>vel</span> 
     </span>
    </p>
   </div>
   <div class='ocr_carea' id='block_1_42' title="bbox 307 4456 3840 4537">
    <p class='ocr_par' dir='ltr' id='par_1_42' title="bbox 307 4456 3840 4537">
     <span class='ocr_line' id='line_1_42' title="bbox 307 4456 3840 4537; baseline 0 -27"><span class='ocrx_word' id='word_1_403' title='bbox 307 4481 315 4491; x_wconf 90' lang='lat'><strong>-</strong></span> <span class='ocrx_word' id='word_1_404' title='bbox 412 4456 684 4511; x_wconf 85' lang='lat' dir='ltr'>invenisse</span> <span class='ocrx_word' id='word_1_405' title='bbox 712 4459 920 4525; x_wconf 85' lang='lat' dir='ltr'>aerius,</span> <span class='ocrx_word' id='word_1_406' title='bbox 955 4460 1038 4514; x_wconf 81' lang='lat' dir='ltr'>vel</span> <span class='ocrx_word' id='word_1_407' title='bbox 1069 4461 1353 4518; x_wconf 77' lang='lat' dir='ltr'>ordinasse</span> <span class='ocrx_word' id='word_1_408' title='bbox 1385 4466 1599 4536; x_wconf 81' lang='lat' dir='ltr'>aptius,</span> <span class='ocrx_word' id='word_1_409' title='bbox 1650 4464 1739 4521; x_wconf 84' lang='lat' dir='ltr'>vel</span> <span class='ocrx_word' id='word_1_410' title='bbox 1770 4470 2011 4521; x_wconf 81' lang='lat' dir='ltr'>locutum</span> <span class='ocrx_word' id='word_1_411' title='bbox 2063 4468 2427 4537; x_wconf 83' lang='lat' dir='ltr'>eloquentius,</span> <span class='ocrx_word' id='word_1_412' title='bbox 2460 4467 2546 4522; x_wconf 82' lang='lat' dir='ltr'>vel</span> <span class='ocrx_word' id='word_1_413' title='bbox 2601 4465 2932 4537; x_wconf 85' lang='lat' dir='ltr'>profundius</span> <span class='ocrx_word' id='word_1_414' title='bbox 2964 4480 3045 4519; x_wconf 88' lang='lat' dir='ltr'>res</span> <span class='ocrx_word' id='word_1_415' title='bbox 3090 4468 3455 4534; x_wconf 83' lang='lat' dir='ltr'>pertractasse</span> <span class='ocrx_word' id='word_1_416' title='bbox 3476 4477 3495 4515; x_wconf 90' lang='lat'><em>:</em></span> <span class='ocrx_word' id='word_1_417' title='bbox 3523 4456 3694 4513; x_wconf 85' lang='lat' dir='ltr'>nulla</span> <span class='ocrx_word' id='word_1_418' title='bbox 3723 4458 3840 4525; x_wconf 79' lang='lat' dir='ltr'>fuit</span> 
     </span>
    </p>
   </div>
   <div class='ocr_carea' id='block_1_43' title="bbox 411 4546 3836 4627">
    <p class='ocr_par' dir='ltr' id='par_1_43' title="bbox 411 4546 3836 4627">
     <span class='ocr_line' id='line_1_43' title="bbox 411 4546 3836 4627; baseline 0 -26"><span class='ocrx_word' id='word_1_419' title='bbox 411 4546 709 4612; x_wconf 85' lang='lat' dir='ltr'>sententia,</span> <span class='ocrx_word' id='word_1_420' title='bbox 741 4563 907 4617; x_wconf 87' lang='lat' dir='ltr'>quam</span> <span class='ocrx_word' id='word_1_421' title='bbox 939 4550 1050 4620; x_wconf 83' lang='lat' dir='ltr'>ipse</span> <span class='ocrx_word' id='word_1_422' title='bbox 1078 4551 1156 4605; x_wconf 88' lang='lat' dir='ltr'>vel</span> <span class='ocrx_word' id='word_1_423' title='bbox 1188 4555 1333 4607; x_wconf 82' lang='lat' dir='ltr'>notis</span> <span class='ocrx_word' id='word_1_424' title='bbox 1364 4569 1474 4608; x_wconf 83' lang='lat' dir='ltr'>non</span> <span class='ocrx_word' id='word_1_425' title='bbox 1497 4554 1887 4620; x_wconf 86' lang='lat' dir='ltr'>illustraverit,</span> <span class='ocrx_word' id='word_1_426' title='bbox 1924 4556 2002 4609; x_wconf 88' lang='lat' dir='ltr'>vel</span> <span class='ocrx_word' id='word_1_427' title='bbox 2029 4556 2345 4627; x_wconf 86' lang='lat' dir='ltr'>compendio</span> <span class='ocrx_word' id='word_1_428' title='bbox 2373 4572 2479 4611; x_wconf 85' lang='lat' dir='ltr'>non</span> <span class='ocrx_word' id='word_1_429' title='bbox 2511 4556 2852 4623; x_wconf 84' lang='lat' dir='ltr'>tractaverit,</span> <span class='ocrx_word' id='word_1_430' title='bbox 2883 4554 2965 4608; x_wconf 89' lang='lat' dir='ltr'>vel</span> <span class='ocrx_word' id='word_1_431' title='bbox 2995 4554 3201 4623; x_wconf 79' lang='lat' dir='ltr'>Optima</span> <span class='ocrx_word' id='word_1_432' title='bbox 3249 4548 3493 4605; x_wconf 80' lang='lat' dir='ltr'>methodo</span> <span class='ocrx_word' id='word_1_433' title='bbox 3521 4563 3630 4603; x_wconf 88' lang='lat' dir='ltr'>non</span> <span class='ocrx_word' id='word_1_434' title='bbox 3662 4562 3836 4617; x_wconf 73' lang='lat' dir='ltr'>expe-</span> 
     </span>
    </p>
   </div>
   <div class='ocr_carea' id='block_1_44' title="bbox 419 4634 3837 4711">
    <p class='ocr_par' dir='ltr' id='par_1_44' title="bbox 419 4634 3837 4711">
     <span class='ocr_line' id='line_1_44' title="bbox 419 4634 3837 4711; baseline 0 -22"><span class='ocrx_word' id='word_1_435' title='bbox 419 4634 606 4689; x_wconf 82' lang='lat' dir='ltr'>dierit.</span> <span class='ocrx_word' id='word_1_436' title='bbox 636 4636 796 4699; x_wconf 88' lang='lat' dir='ltr'>Quod</span> <span class='ocrx_word' id='word_1_437' title='bbox 831 4641 1025 4694; x_wconf 83' lang='lat' dir='ltr'>tamen</span> <span class='ocrx_word' id='word_1_438' title='bbox 1054 4640 1368 4711; x_wconf 90' lang='lat' dir='ltr'>judicium,</span> <span class='ocrx_word' id='word_1_439' title='bbox 1401 4641 1536 4698; x_wconf 92' lang='lat' dir='ltr'>licet</span> <span class='ocrx_word' id='word_1_440' title='bbox 1567 4642 1792 4698; x_wconf 87' lang='lat' dir='ltr'>Psellus</span> <span class='ocrx_word' id='word_1_441' title='bbox 1825 4661 1938 4700; x_wconf 92' lang='lat' dir='ltr'>non</span> <span class='ocrx_word' id='word_1_442' title='bbox 1973 4646 2212 4700; x_wconf 91' lang='lat' dir='ltr'>omnino</span> <span class='ocrx_word' id='word_1_443' title='bbox 2245 4644 2417 4700; x_wconf 89' lang='lat' dir='ltr'>laude</span> <span class='ocrx_word' id='word_1_444' title='bbox 2448 4661 2555 4699; x_wconf 87' lang='lat' dir='ltr'>sua</span> <span class='ocrx_word' id='word_1_445' title='bbox 2584 4643 3025 4699; x_wconf 80' lang='lat' dir='ltr'>defraudandus</span> <span class='ocrx_word' id='word_1_446' title='bbox 3071 4640 3168 4707; x_wconf 88' lang='lat' dir='ltr'>sit,</span> <span class='ocrx_word' id='word_1_447' title='bbox 3201 4640 3393 4711; x_wconf 90' lang='lat' dir='ltr'>quoad</span> <span class='ocrx_word' id='word_1_448' title='bbox 3427 4637 3579 4692; x_wconf 88' lang='lat' dir='ltr'>hanc</span> <span class='ocrx_word' id='word_1_449' title='bbox 3609 4636 3837 4708; x_wconf 81' lang='lat' dir='ltr'>Synep-</span> 
     </span>
    </p>
   </div>
   <div class='ocr_carea' id='block_1_45' title="bbox 414 4721 3837 4801">
    <p class='ocr_par' dir='ltr' id='par_1_45' title="bbox 414 4721 3837 4801">
     <span class='ocr_line' id='line_1_45' title="bbox 414 4721 3837 4801; baseline 0 -23"><span class='ocrx_word' id='word_1_450' title='bbox 414 4721 504 4778; x_wconf 89' lang='lat' dir='ltr'>sin</span> <span class='ocrx_word' id='word_1_451' title='bbox 536 4722 740 4780; x_wconf 91' lang='lat' dir='ltr'>multis</span> <span class='ocrx_word' id='word_1_452' title='bbox 774 4728 919 4780; x_wconf 87' lang='lat' dir='ltr'>forte</span> <span class='ocrx_word' id='word_1_453' title='bbox 982 4729 1159 4783; x_wconf 91' lang='lat' dir='ltr'>nimis</span> <span class='ocrx_word' id='word_1_454' title='bbox 1190 4730 1509 4801; x_wconf 89' lang='lat' dir='ltr'>benignum</span> <span class='ocrx_word' id='word_1_455' title='bbox 1572 4732 1889 4801; x_wconf 90' lang='lat' dir='ltr'>videbitur,</span> <span class='ocrx_word' id='word_1_456' title='bbox 1941 4751 2073 4789; x_wconf 91' lang='lat' dir='ltr'>cum</span> <span class='ocrx_word' id='word_1_457' title='bbox 2105 4739 2161 4789; x_wconf 90' lang='lat' dir='ltr'>et</span> <span class='ocrx_word' id='word_1_458' title='bbox 2208 4734 2377 4790; x_wconf 88' lang='lat' dir='ltr'>aliter</span> <span class='ocrx_word' id='word_1_459' title='bbox 2431 4735 2501 4789; x_wconf 92' lang='lat' dir='ltr'>de</span> <span class='ocrx_word' id='word_1_460' title='bbox 2531 4750 2599 4788; x_wconf 90' lang='lat' dir='ltr'>ea</span> <span class='ocrx_word' id='word_1_461' title='bbox 2648 4733 2899 4788; x_wconf 88' lang='lat' dir='ltr'>senserit</span> <span class='ocrx_word' id='word_1_462' title='bbox 2958 4736 3172 4785; x_wconf 84' lang='lat' dir='ltr'>Anton.</span> <span class='ocrx_word' id='word_1_463' title='bbox 3204 4727 3574 4800; x_wconf 80' lang='lat' dir='ltr'>Augustinus</span> <span class='ocrx_word' id='word_1_464' title='bbox 3603 4725 3723 4780; x_wconf 82' lang='lat' dir='ltr'>Lib.</span> <span class='ocrx_word' id='word_1_465' title='bbox 3759 4726 3837 4780; x_wconf 75' lang='grc' dir='ltr'>ιν</span> 
     </span>
    </p>
   </div>
   <div class='ocr_carea' id='block_1_46' title="bbox 413 4813 3841 4894">
    <p class='ocr_par' dir='ltr' id='par_1_46' title="bbox 413 4813 3841 4894">
     <span class='ocr_line' id='line_1_46' title="bbox 413 4813 3841 4894; baseline 0.001 -27"><span class='ocrx_word' id='word_1_466' title='bbox 413 4813 708 4869; x_wconf 83' lang='lat' dir='ltr'>Emendat.</span> <span class='ocrx_word' id='word_1_467' title='bbox 742 4831 862 4886; x_wconf 85' lang='lat' dir='ltr'>cap.</span> <span class='ocrx_word' id='word_1_468' title='bbox 894 4817 947 4871; x_wconf 93' lang='lat'>3.</span> <span class='ocrx_word' id='word_1_469' title='bbox 984 4818 1267 4873; x_wconf 70' lang='lat' dir='ltr'>Cmterum</span> <span class='ocrx_word' id='word_1_470' title='bbox 1300 4820 1392 4875; x_wconf 88' lang='lat' dir='ltr'>Jo.</span> <span class='ocrx_word' id='word_1_471' title='bbox 1430 4821 1818 4877; x_wconf 89' lang='lat' dir='ltr'>Leunclavius</span> <span class='ocrx_word' id='word_1_472' title='bbox 1841 4824 1965 4893; x_wconf 89' lang='lat' dir='ltr'>jam</span> <span class='ocrx_word' id='word_1_473' title='bbox 1995 4830 2129 4879; x_wconf 89' lang='lat' dir='ltr'>ante</span> <span class='ocrx_word' id='word_1_474' title='bbox 2159 4823 2515 4894; x_wconf 88' lang='lat' dir='ltr'>Bosquetum</span> <span class='ocrx_word' id='word_1_475' title='bbox 2552 4839 2739 4893; x_wconf 91' lang='lat' dir='ltr'>pauca</span> <span class='ocrx_word' id='word_1_476' title='bbox 2769 4838 2838 4876; x_wconf 83' lang='lat' dir='ltr'>ex</span> <span class='ocrx_word' id='word_1_477' title='bbox 2867 4821 2977 4875; x_wconf 87' lang='lat' dir='ltr'>hac</span> <span class='ocrx_word' id='word_1_478' title='bbox 3024 4817 3270 4892; x_wconf 82' lang='lat' dir='ltr'>Synopsi</span> <span class='ocrx_word' id='word_1_479' title='bbox 3302 4818 3570 4872; x_wconf 88' lang='lat' dir='ltr'>ediderat</span> <span class='ocrx_word' id='word_1_480' title='bbox 3602 4816 3756 4871; x_wconf 85' lang='lat' dir='ltr'>Tomo</span> <span class='ocrx_word' id='word_1_481' title='bbox 3787 4815 3841 4870; x_wconf 90' lang='grc' dir='ltr'>ιι</span> 
     </span>
    </p>
   </div>
   <div class='ocr_carea' id='block_1_47' title="bbox 413 4902 3841 4983">
    <p class='ocr_par' dir='ltr' id='par_1_47' title="bbox 413 4902 3841 4983">
     <span class='ocr_line' id='line_1_47' title="bbox 413 4902 3841 4983; baseline -0.001 -24"><span class='ocrx_word' id='word_1_482' title='bbox 413 4902 564 4959; x_wconf 80' lang='lat' dir='ltr'>luris</span> <span class='ocrx_word' id='word_1_483' title='bbox 595 4902 1069 4977; x_wconf 55' lang='lat' dir='ltr'>GraecovRomani,</span> <span class='ocrx_word' id='word_1_484' title='bbox 1103 4925 1283 4978; x_wconf 85' lang='lat' dir='ltr'>eaque</span> <span class='ocrx_word' id='word_1_485' title='bbox 1316 4914 1596 4980; x_wconf 89' lang='lat' dir='ltr'>tanquam</span> <span class='ocrx_word' id='word_1_486' title='bbox 1628 4911 1861 4967; x_wconf 86' lang='lat' dir='ltr'>Scholia</span> <span class='ocrx_word' id='word_1_487' title='bbox 1891 4913 2143 4981; x_wconf 87' lang='lat' dir='ltr'>subjecit</span> <span class='ocrx_word' id='word_1_488' title='bbox 2178 4912 2547 4983; x_wconf 65' lang='lat' dir='ltr'>Pragmatius</span> <span class='ocrx_word' id='word_1_489' title='bbox 2582 4910 2759 4966; x_wconf 89' lang='lat' dir='ltr'>Mich.</span> <span class='ocrx_word' id='word_1_490' title='bbox 2816 4909 3123 4975; x_wconf 71' lang='lat' dir='ltr'>Attaliatm,</span> <span class='ocrx_word' id='word_1_491' title='bbox 3157 4906 3257 4978; x_wconf 92' lang='lat' dir='ltr'>qui</span> <span class='ocrx_word' id='word_1_492' title='bbox 3288 4905 3400 4961; x_wconf 89' lang='lat' dir='ltr'>sub</span> <span class='ocrx_word' id='word_1_493' title='bbox 3439 4905 3643 4961; x_wconf 90' lang='lat' dir='ltr'>eodem</span> <span class='ocrx_word' id='word_1_494' title='bbox 3679 4908 3841 4958; x_wconf 87' lang='lat' dir='ltr'>Duca</span> 
     </span>
    </p>
   </div>
   <div class='ocr_carea' id='block_1_48' title="bbox 418 4992 3841 5073">
    <p class='ocr_par' dir='ltr' id='par_1_48' title="bbox 418 4992 3841 5073">
     <span class='ocr_line' id='line_1_48' title="bbox 418 4992 3841 5073; baseline 0 -28"><span class='ocrx_word' id='word_1_495' title='bbox 418 4992 633 5063; x_wconf 85' lang='lat' dir='ltr'>ﬂoruit,</span> <span class='ocrx_word' id='word_1_496' title='bbox 668 4993 751 5048; x_wconf 93' lang='lat' dir='ltr'>ita</span> <span class='ocrx_word' id='word_1_497' title='bbox 780 5003 993 5063; x_wconf 87' lang='lat' dir='ltr'>tamen,</span> <span class='ocrx_word' id='word_1_498' title='bbox 1026 5004 1088 5051; x_wconf 86' lang='lat' dir='ltr'>ut</span> <span class='ocrx_word' id='word_1_499' title='bbox 1138 5000 1511 5068; x_wconf 85' lang='lat' dir='ltr'>ignoraverit,</span> <span class='ocrx_word' id='word_1_500' title='bbox 1562 5017 1688 5055; x_wconf 91' lang='lat' dir='ltr'>eam</span> <span class='ocrx_word' id='word_1_501' title='bbox 1725 5008 1908 5056; x_wconf 90' lang='lat' dir='ltr'>metro</span> <span class='ocrx_word' id='word_1_502' title='bbox 1967 5002 2357 5073; x_wconf 83' lang='lat' dir='ltr'>conscriptam</span> <span class='ocrx_word' id='word_1_503' title='bbox 2392 5002 2594 5065; x_wconf 85' lang='lat' dir='ltr'>fuisse,</span> <span class='ocrx_word' id='word_1_504' title='bbox 2628 5000 2711 5055; x_wconf 92' lang='lat' dir='ltr'>uti</span> <span class='ocrx_word' id='word_1_505' title='bbox 2770 4998 3023 5054; x_wconf 87' lang='lat' dir='ltr'>Allatius</span> <span class='ocrx_word' id='word_1_506' title='bbox 3051 4999 3108 5053; x_wconf 77' lang='grc' dir='ltr'>ά.</span> <span class='ocrx_word' id='word_1_507' title='bbox 3142 4996 3171 5069; x_wconf 88' lang='lat'>§</span> <span class='ocrx_word' id='word_1_508' title='bbox 3229 4996 3297 5050; x_wconf 76' lang='grc'>48</span> <span class='ocrx_word' id='word_1_509' title='bbox 3324 4996 3444 5066; x_wconf 89' lang='lat' dir='ltr'>jam</span> <span class='ocrx_word' id='word_1_510' title='bbox 3479 4992 3841 5049; x_wconf 80' lang='lat' dir='ltr'>observavit.</span> 
     </span>
    </p>
   </div>
   <div class='ocr_carea' id='block_1_49' title="bbox 414 5078 3843 5163">
    <p class='ocr_par' dir='ltr' id='par_1_49' title="bbox 414 5078 3843 5163">
     <span class='ocr_line' id='line_1_49' title="bbox 414 5078 3843 5163; baseline 0.001 -30"><span class='ocrx_word' id='word_1_511' title='bbox 414 5078 660 5136; x_wconf 79' lang='lat' dir='ltr'>Exstant</span> <span class='ocrx_word' id='word_1_512' title='bbox 691 5098 825 5138; x_wconf 91' lang='lat' dir='ltr'>vero</span> <span class='ocrx_word' id='word_1_513' title='bbox 857 5085 1181 5141; x_wconf 90' lang='lat' dir='ltr'>etiamnum</span> <span class='ocrx_word' id='word_1_514' title='bbox 1241 5089 1386 5143; x_wconf 90' lang='lat' dir='ltr'>varii</span> <span class='ocrx_word' id='word_1_515' title='bbox 1416 5090 1656 5145; x_wconf 91' lang='lat' dir='ltr'>Codices</span> <span class='ocrx_word' id='word_1_516' title='bbox 1706 5091 1857 5145; x_wconf 89' lang='lat' dir='ltr'>MSS.</span> <span class='ocrx_word' id='word_1_517' title='bbox 1894 5093 2071 5161; x_wconf 86' lang='lat' dir='ltr'>hujus</span> <span class='ocrx_word' id='word_1_518' title='bbox 2118 5098 2469 5163; x_wconf 77' lang='lat' dir='ltr'>Synopseos,</span> <span class='ocrx_word' id='word_1_519' title='bbox 2500 5096 2567 5144; x_wconf 89' lang='lat' dir='ltr'>ut</span> <span class='ocrx_word' id='word_1_520' title='bbox 2599 5092 2655 5145; x_wconf 92' lang='lat' dir='ltr'>in</span> <span class='ocrx_word' id='word_1_521' title='bbox 2713 5088 3067 5144; x_wconf 85' lang='lat' dir='ltr'>Bibliotheca</span> <span class='ocrx_word' id='word_1_522' title='bbox 3099 5085 3277 5154; x_wconf 82' lang='lat' dir='ltr'>Regia</span> <span class='ocrx_word' id='word_1_523' title='bbox 3326 5081 3686 5139; x_wconf 86' lang='lat' dir='ltr'>Parisiensi:</span> <span class='ocrx_word' id='word_1_524' title='bbox 3716 5081 3843 5136; x_wconf 85' lang='lat' dir='ltr'>vid.</span> 
     </span>
    </p>
   </div>
   <div class='ocr_carea' id='block_1_50' title="bbox 420 5170 3846 5252">
    <p class='ocr_par' dir='ltr' id='par_1_50' title="bbox 420 5170 3846 5252">
     <span class='ocr_line' id='line_1_50' title="bbox 420 5170 3846 5252; baseline 0 -29"><span class='ocrx_word' id='word_1_525' title='bbox 420 5170 564 5225; x_wconf 87' lang='lat' dir='ltr'>Tom.</span> <span class='ocrx_word' id='word_1_526' title='bbox 602 5170 649 5224; x_wconf 86' lang='lat' dir='ltr'><strong><em>II</em></strong></span> <span class='ocrx_word' id='word_1_527' title='bbox 683 5172 860 5229; x_wconf 86' lang='lat' dir='ltr'>Catal.</span> <span class='ocrx_word' id='word_1_528' title='bbox 895 5177 1167 5231; x_wconf 81' lang='lat' dir='ltr'>Manuscr.</span> <span class='ocrx_word' id='word_1_529' title='bbox 1214 5196 1271 5233; x_wconf 85' lang='grc' dir='ltr'>η.</span> <span class='ocrx_word' id='word_1_530' title='bbox 1310 5179 1432 5243; x_wconf 78' lang='grc'>476,</span> <span class='ocrx_word' id='word_1_531' title='bbox 1464 5196 1520 5233; x_wconf 88' lang='lat' dir='ltr'>n.</span> <span class='ocrx_word' id='word_1_532' title='bbox 1574 5180 1713 5235; x_wconf 80' lang='grc'>1482</span> <span class='ocrx_word' id='word_1_533' title='bbox 1743 5181 1867 5251; x_wconf 87' lang='lat' dir='ltr'>(ubi</span> <span class='ocrx_word' id='word_1_534' title='bbox 1902 5180 2155 5252; x_wconf 87' lang='lat' dir='ltr'>plurima</span> <span class='ocrx_word' id='word_1_535' title='bbox 2206 5179 2320 5235; x_wconf 90' lang='lat' dir='ltr'>alia</span> <span class='ocrx_word' id='word_1_536' title='bbox 2352 5179 2525 5233; x_wconf 88' lang='lat' dir='ltr'>Pselli</span> <span class='ocrx_word' id='word_1_537' title='bbox 2577 5180 2813 5250; x_wconf 78' lang='lat' dir='ltr'>scripta,</span> <span class='ocrx_word' id='word_1_538' title='bbox 2846 5177 3022 5233; x_wconf 84' lang='lat' dir='ltr'>etiam</span> <span class='ocrx_word' id='word_1_539' title='bbox 3069 5174 3354 5244; x_wconf 87' lang='lat' dir='ltr'>Juridica,</span> <span class='ocrx_word' id='word_1_540' title='bbox 3388 5172 3846 5242; x_wconf 84' lang='lat' dir='ltr'>memorantur),</span> 
     </span>
    </p>
   </div>
   <div class='ocr_carea' id='block_1_51' title="bbox 415 5258 3847 5336">
    <p class='ocr_par' dir='ltr' id='par_1_51' title="bbox 415 5258 3847 5336">
     <span class='ocr_line' id='line_1_51' title="bbox 415 5258 3847 5336; baseline 0 -24"><span class='ocrx_word' id='word_1_541' title='bbox 415 5274 473 5313; x_wconf 93' lang='lat' dir='ltr'>n.</span> <span class='ocrx_word' id='word_1_542' title='bbox 509 5260 669 5327; x_wconf 88' lang='grc'>1371,</span> <span class='ocrx_word' id='word_1_543' title='bbox 705 5266 760 5316; x_wconf 90' lang='lat' dir='ltr'>et</span> <span class='ocrx_word' id='word_1_544' title='bbox 791 5263 969 5331; x_wconf 69' lang='lat'>2749;</span> <span class='ocrx_word' id='word_1_545' title='bbox 1002 5266 1057 5319; x_wconf 89' lang='lat' dir='ltr'>in</span> <span class='ocrx_word' id='word_1_546' title='bbox 1090 5265 1356 5322; x_wconf 68' lang='lat' dir='ltr'>Caesarea</span> <span class='ocrx_word' id='word_1_547' title='bbox 1389 5268 1859 5324; x_wconf 85' lang='lat' dir='ltr'>Vindobonensi:</span> <span class='ocrx_word' id='word_1_548' title='bbox 1895 5271 2009 5324; x_wconf 91' lang='lat' dir='ltr'>vid.</span> <span class='ocrx_word' id='word_1_549' title='bbox 2068 5269 2407 5325; x_wconf 84' lang='lat' dir='ltr'>Lambecius</span> <span class='ocrx_word' id='word_1_550' title='bbox 2441 5271 2582 5323; x_wconf 92' lang='lat' dir='ltr'>Tom.</span> <span class='ocrx_word' id='word_1_551' title='bbox 2622 5270 2681 5323; x_wconf 83' lang='lat' dir='ltr'>Vl</span> <span class='ocrx_word' id='word_1_552' title='bbox 2731 5267 3030 5322; x_wconf 85' lang='lat' dir='ltr'>Comment.</span> <span class='ocrx_word' id='word_1_553' title='bbox 3060 5281 3192 5336; x_wconf 86' lang='lat' dir='ltr'>pag.</span> <span class='ocrx_word' id='word_1_554' title='bbox 3225 5264 3315 5330; x_wconf 80' lang='grc'>46,</span> <span class='ocrx_word' id='word_1_555' title='bbox 3347 5266 3404 5318; x_wconf 88' lang='lat' dir='ltr'>et</span> <span class='ocrx_word' id='word_1_556' title='bbox 3449 5258 3752 5316; x_wconf 87' lang='lat' dir='ltr'>Nesselius</span> <span class='ocrx_word' id='word_1_557' title='bbox 3783 5258 3847 5314; x_wconf 89' lang='lat' dir='ltr'>in</span> 
     </span>
    </p>
   </div>
   <div class='ocr_carea' id='block_1_52' title="bbox 416 5350 3848 5432">
    <p class='ocr_par' dir='ltr' id='par_1_52' title="bbox 416 5350 3848 5432">
     <span class='ocr_line' id='line_1_52' title="bbox 416 5350 3848 5432; baseline 0.001 -30"><span class='ocrx_word' id='word_1_558' title='bbox 416 5352 671 5405; x_wconf 85' lang='lat' dir='ltr'>Breviar.</span> <span class='ocrx_word' id='word_1_559' title='bbox 702 5356 860 5408; x_wconf 88' lang='lat' dir='ltr'>Part.</span> <span class='ocrx_word' id='word_1_560' title='bbox 897 5356 967 5419; x_wconf 89' lang='lat' dir='ltr'>ll,</span> <span class='ocrx_word' id='word_1_561' title='bbox 997 5373 1126 5425; x_wconf 87' lang='lat' dir='ltr'>pag.</span> <span class='ocrx_word' id='word_1_562' title='bbox 1160 5361 1267 5425; x_wconf 69' lang='lat' dir='ltr'>2d;</span> <span class='ocrx_word' id='word_1_563' title='bbox 1302 5360 1357 5412; x_wconf 92' lang='lat' dir='ltr'>in</span> <span class='ocrx_word' id='word_1_564' title='bbox 1388 5360 1661 5425; x_wconf 86' lang='lat' dir='ltr'>Medicea,</span> <span class='ocrx_word' id='word_1_565' title='bbox 1695 5360 1809 5415; x_wconf 89' lang='lat' dir='ltr'>vid.</span> <span class='ocrx_word' id='word_1_566' title='bbox 1846 5361 2023 5417; x_wconf 91' lang='lat' dir='ltr'>Wilb.</span> <span class='ocrx_word' id='word_1_567' title='bbox 2079 5361 2283 5432; x_wconf 87' lang='lat' dir='ltr'>Langii</span> <span class='ocrx_word' id='word_1_568' title='bbox 2315 5361 2489 5416; x_wconf 85' lang='lat' dir='ltr'>Catal.</span> <span class='ocrx_word' id='word_1_569' title='bbox 2534 5361 2683 5416; x_wconf 85' lang='lat' dir='ltr'>Plut.</span> <span class='ocrx_word' id='word_1_570' title='bbox 2734 5360 2823 5425; x_wconf 90' lang='lat'>80,</span> <span class='ocrx_word' id='word_1_571' title='bbox 2857 5375 2913 5412; x_wconf 88' lang='lat' dir='ltr'>n.</span> <span class='ocrx_word' id='word_1_572' title='bbox 2946 5358 3018 5413; x_wconf 87' lang='lat'>6:</span> <span class='ocrx_word' id='word_1_573' title='bbox 3056 5355 3113 5409; x_wconf 91' lang='lat' dir='ltr'>in</span> <span class='ocrx_word' id='word_1_574' title='bbox 3163 5353 3467 5419; x_wconf 88' lang='lat' dir='ltr'>Vaticana,</span> <span class='ocrx_word' id='word_1_575' title='bbox 3498 5350 3614 5407; x_wconf 74' lang='lat' dir='ltr'>vid.</span> <span class='ocrx_word' id='word_1_576' title='bbox 3648 5351 3848 5406; x_wconf 84' lang='lat' dir='ltr'>Mont-</span> 
     </span>
    </p>
   </div>
   <div class='ocr_carea' id='block_1_53' title="bbox 413 5438 3851 5522">
    <p class='ocr_par' dir='ltr' id='par_1_53' title="bbox 413 5438 3851 5522">
     <span class='ocr_line' id='line_1_53' title="bbox 413 5438 3851 5522; baseline 0.001 -29"><span class='ocrx_word' id='word_1_577' title='bbox 413 5438 626 5495; x_wconf 78' lang='lat' dir='ltr'>t‘aucon</span> <span class='ocrx_word' id='word_1_578' title='bbox 662 5440 721 5495; x_wconf 93' lang='lat' dir='ltr'>in</span> <span class='ocrx_word' id='word_1_579' title='bbox 759 5444 1015 5501; x_wconf 80' lang='lat' dir='ltr'>Biblioth.</span> <span class='ocrx_word' id='word_1_580' title='bbox 1048 5446 1523 5503; x_wconf 84' lang='lat' dir='ltr'>Bibltotheearum</span> <span class='ocrx_word' id='word_1_581' title='bbox 1580 5450 1729 5506; x_wconf 82' lang='lat' dir='ltr'>MSS.</span> <span class='ocrx_word' id='word_1_582' title='bbox 1774 5452 1913 5507; x_wconf 87' lang='lat' dir='ltr'>Tom.</span> <span class='ocrx_word' id='word_1_583' title='bbox 1967 5456 2017 5516; x_wconf 87' lang='grc' dir='ltr'>Ι,</span> <span class='ocrx_word' id='word_1_584' title='bbox 2048 5468 2175 5522; x_wconf 79' lang='lat' dir='ltr'>pag.</span> <span class='ocrx_word' id='word_1_585' title='bbox 2210 5453 2278 5518; x_wconf 77' lang='lat'>9;</span> <span class='ocrx_word' id='word_1_586' title='bbox 2344 5467 2512 5521; x_wconf 77' lang='lat' dir='ltr'>porro</span> <span class='ocrx_word' id='word_1_587' title='bbox 2545 5450 2720 5505; x_wconf 89' lang='lat' dir='ltr'>etiam</span> <span class='ocrx_word' id='word_1_588' title='bbox 2772 5448 2830 5503; x_wconf 90' lang='lat' dir='ltr'>in</span> <span class='ocrx_word' id='word_1_589' title='bbox 2864 5446 3145 5511; x_wconf 86' lang='lat' dir='ltr'>Palatina,</span> <span class='ocrx_word' id='word_1_590' title='bbox 3203 5461 3330 5516; x_wconf 70' lang='lat' dir='ltr'>qum</span> <span class='ocrx_word' id='word_1_591' title='bbox 3370 5444 3497 5514; x_wconf 87' lang='lat' dir='ltr'>jam</span> <span class='ocrx_word' id='word_1_592' title='bbox 3546 5442 3851 5497; x_wconf 63' lang='lat' dir='ltr'>Vaticana</span> 
     </span>
    </p>
   </div>
   <div class='ocr_carea' id='block_1_54' title="bbox 403 5529 3848 5610">
    <p class='ocr_par' dir='ltr' id='par_1_54' title="bbox 403 5529 3848 5610">
     <span class='ocr_line' id='line_1_54' title="bbox 403 5529 3848 5610; baseline 0.001 -27"><span class='ocrx_word' id='word_1_593' title='bbox 403 5529 616 5597; x_wconf 83' lang='lat' dir='ltr'>juncta</span> <span class='ocrx_word' id='word_1_594' title='bbox 645 5540 753 5597; x_wconf 84' lang='lat' dir='ltr'>est,</span> <span class='ocrx_word' id='word_1_595' title='bbox 786 5534 915 5591; x_wconf 83' lang='lat' dir='ltr'>Cod.</span> <span class='ocrx_word' id='word_1_596' title='bbox 952 5536 1078 5604; x_wconf 84' lang='lat' dir='ltr'>3l6,</span> <span class='ocrx_word' id='word_1_597' title='bbox 1113 5542 1170 5591; x_wconf 86' lang='lat' dir='ltr'>et</span> <span class='ocrx_word' id='word_1_598' title='bbox 1220 5539 1888 5610; x_wconf 86' lang='lat' dir='ltr'>Constantinopolitana,</span> <span class='ocrx_word' id='word_1_599' title='bbox 1935 5540 2125 5596; x_wconf 90' lang='lat' dir='ltr'>indice</span> <span class='ocrx_word' id='word_1_600' title='bbox 2182 5540 2271 5595; x_wconf 85' lang='lat' dir='ltr'>Jo.</span> <span class='ocrx_word' id='word_1_601' title='bbox 2305 5543 2445 5593; x_wconf 84' lang='lat' dir='ltr'>Mar.</span> <span class='ocrx_word' id='word_1_602' title='bbox 2482 5539 2752 5594; x_wconf 89' lang='lat' dir='ltr'>Suaresio</span> <span class='ocrx_word' id='word_1_603' title='bbox 2812 5538 2871 5592; x_wconf 91' lang='lat' dir='ltr'>in</span> <span class='ocrx_word' id='word_1_604' title='bbox 2901 5538 3077 5592; x_wconf 85' lang='lat' dir='ltr'>Notit.</span> <span class='ocrx_word' id='word_1_605' title='bbox 3109 5532 3349 5589; x_wconf 76' lang='lat' dir='ltr'>Basilio.</span> <span class='ocrx_word' id='word_1_606' title='bbox 3382 5532 3492 5600; x_wconf 87' lang='lat'>§7,</span> <span class='ocrx_word' id='word_1_607' title='bbox 3524 5546 3594 5586; x_wconf 78' lang='lat' dir='ltr'>ex</span> <span class='ocrx_word' id='word_1_608' title='bbox 3618 5529 3848 5603; x_wconf 75' lang='lat' dir='ltr'>quibus</span> 
     </span>
    </p>
   </div>
   <div class='ocr_carea' id='block_1_55' title="bbox 411 5617 3843 5700">
    <p class='ocr_par' dir='ltr' id='par_1_55' title="bbox 411 5617 3843 5700">
     <span class='ocr_line' id='line_1_55' title="bbox 411 5617 3843 5700; baseline 0.001 -29"><span class='ocrx_word' id='word_1_609' title='bbox 411 5617 560 5673; x_wconf 71' lang='lat' dir='ltr'>forte</span> <span class='ocrx_word' id='word_1_610' title='bbox 587 5618 636 5673; x_wconf 91' lang='lat' dir='ltr'>si</span> <span class='ocrx_word' id='word_1_611' title='bbox 669 5620 841 5678; x_wconf 83' lang='lat' dir='ltr'>varia:</span> <span class='ocrx_word' id='word_1_612' title='bbox 890 5622 1171 5682; x_wconf 88' lang='lat' dir='ltr'>lectiones</span> <span class='ocrx_word' id='word_1_613' title='bbox 1199 5627 1272 5683; x_wconf 89' lang='lat' dir='ltr'>ad</span> <span class='ocrx_word' id='word_1_614' title='bbox 1323 5644 1534 5683; x_wconf 89' lang='lat' dir='ltr'>manus</span> <span class='ocrx_word' id='word_1_615' title='bbox 1564 5628 1840 5698; x_wconf 88' lang='lat' dir='ltr'>fuissent,</span> <span class='ocrx_word' id='word_1_616' title='bbox 1892 5629 2090 5700; x_wconf 90' lang='lat' dir='ltr'>plures</span> <span class='ocrx_word' id='word_1_617' title='bbox 2122 5628 2234 5685; x_wconf 90' lang='lat' dir='ltr'>loci</span> <span class='ocrx_word' id='word_1_618' title='bbox 2287 5628 2346 5683; x_wconf 91' lang='lat' dir='ltr'>in</span> <span class='ocrx_word' id='word_1_619' title='bbox 2379 5627 2584 5698; x_wconf 83' lang='lat' dir='ltr'>Psello,</span> <span class='ocrx_word' id='word_1_620' title='bbox 2635 5626 2734 5698; x_wconf 92' lang='lat' dir='ltr'>qui</span> <span class='ocrx_word' id='word_1_621' title='bbox 2784 5630 3058 5697; x_wconf 88' lang='lat' dir='ltr'>corrupte</span> <span class='ocrx_word' id='word_1_622' title='bbox 3082 5625 3209 5694; x_wconf 88' lang='lat' dir='ltr'>jam</span> <span class='ocrx_word' id='word_1_623' title='bbox 3265 5621 3564 5693; x_wconf 83' lang='lat' dir='ltr'>leguntur,</span> <span class='ocrx_word' id='word_1_624' title='bbox 3596 5619 3843 5677; x_wconf 87' lang='lat' dir='ltr'>restitui</span> 
     </span>
    </p>
   </div>
   <div class='ocr_carea' id='block_1_56' title="bbox 418 5705 1169 5777">
    <p class='ocr_par' dir='ltr' id='par_1_56' title="bbox 418 5705 1169 5777">
     <span class='ocr_line' id='line_1_56' title="bbox 418 5705 1169 5777; baseline 0.009 -16"><span class='ocrx_word' id='word_1_625' title='bbox 418 5705 772 5777; x_wconf 88' lang='lat' dir='ltr'>potuissent.</span> <span class='ocrx_word' id='word_1_626' title='bbox 1160 5716 1169 5720; x_wconf 82' lang='grc'><em>”</em></span> 
     </span>
    </p>
   </div>
  </div>
