4088 6350
312 394 437 457 925

1666 411 2044 478 SYNOPSIS
2086 415 2380 479 LEGUM.

3611 428 3730 488 926

315 528 2874 564 Μ

312 543 2873 582 Ἥ

1411 684 1541 741 ΤΟΥ
1590 686 2006 746 ΣΟΦΩΤΛΤΟΥ
2044 692 2167 748 ΚΑΙ
2210 694 2623 751 ΥΠΕΡΤΙΜΙΟΥ

815 883 1663 1022 ΜΙΧΑΗΛ
1807 897 2213 1028 ΤΟΥ
2359 899 3213 1033 ΨΕΛΛΟΥ

975 1137 1287 1199 ΣΥΝΟΨΙΣ
1330 1142 1477 1200 TON
1507 1147 1767 1219 ΝΟΜΩΝ,
1800 1152 1915 1207 AIA
1946 1152 2197 1209 ΣΤΙΧΩΝ
2232 1153 2503 1210 ΙΑΜΒΩΝ
2534 1160 2652 1210 ΚΑΙ
2682 1159 3054 1212 ΠΟΛΙΤΙΚΩΝ

552 1299 699 1376 Πρὸς
726 1301 820 1357 τὸν
858 1301 1086 1378 βασιλέα
1118 1306 1358 1386 Καίσαρα
1387 1311 1624 1389 Μιχαὴλ
1654 1315 1745 1371 τὸν
1779 1321 2004 1407 Δ-οὖκαν,
2035 1317 2095 1375 ix
2122 1319 2465 1396 προστάξεως
2492 1325 2590 1378 τοῦ
2618 1323 2823 1400 πατρὸς
2852 1321 3018 1380 αὐτοῦ
3046 1325 3132 1380 καὶ
3170 1325 3460 1405 βασιλέως.

1365 1626 1894 1688 SAPIENTISSIMI
1933 1631 2026 1689 ET
2064 1632 2639 1694 HONORATISSIMI

826 1824 2166 1988 MICHAELIS

2338 1835 3191 1994 PSELLI

1106 2109 1543 2172 COMPENDIUM
1579 2114 1810 2175 LEGUM
1849 2116 2167 2177 VERSIBUS
2204 2117 2431 2177 lAHBIS
2466 2121 2554 2177 ET
2582 2120 2908 2179 Ρθιιηειδ

516 2283 618 2345 Ad
644 2282 1098 2366 imperatorem
1131 2292 1438 2356 Caesarem
1468 2293 1846 2361 Micbaelem
1886 2300 2149 2375 Ducam,
2188 2315 2266 2360 ex
2300 2297 2484 2380 jussu
2512 2301 2712 2382 patris
2739 2300 2937 2383 ipsius
2964 2308 3028 2367 et
3054 2303 3476 2386 imperatoris.

278 2616 439 2675 Πολὺ
470 2620 557 2675 καὶ
592 2617 993 2710 δυσθεώρητον,
1019 2629 1082 2685 τὸ
1106 2630 1336 2706 μάθημα
1365 2637 1461 2690 τοῦ
1489 2637 1686 2710 νόμου,

282 2713 380 2765 Ἐν
418 2707 629 2802 πλάτειΔ
648 2709 1110 2788 δυσπερίληπτον,
1143 2720 1343 2800 ἀσαφὲς
1373 2723 1425 2780 ἐν
1459 2707 1696 2802 συνδψει,

281 2797 390 2852 Καὶ
421 2797 577 2874 λόγῳ
608 2797 1059 2877 δυσερμήνευτονο
1094 2806 1223 2866 ἀλλ’
1252 2797 1405 2885 ὅμως
1435 2797 1750 2891 ἀναγκαῖον,

287 2886 394 2941 Καὶ
427 2884 509 2942 δεῖ
536 2889 630 2945 τὸν
660 2892 1036 2970 αὐτοκράτορα
1054 2898 1254 2954 τούτου
1289 2884 1503 2974 μᾶλλον
1534 2884 1863 2981 ιρροντίξειν,

286 2974 525 3039 Δικαίως
553 2977 657 3055 γάρ
683 3001 743 3036 τε
773 2978 979 3039 δίκαιον
1012 2982 1064 3041 ἐν
1099 2983 1274 3054 δίκαις
1302 2974 1622 3069 φυλακτέον.

276 3065 444 3120 Ὅθεν
476 3064 586 3142 ἐγώ
618 3088 701 3124 σοι
730 3071 798 3126 τὰ
826 3071 1014 3129 πολλᾶ
1041 3080 1141 3130 τοῦ
1174 3064 1341 3154 λόγου
1373 3082 1684 3158 συνοψίσας,

280 3153 607 3231 Εὐθήρατόν
636 3178 688 3212 τι
720 3158 991 3236 σύνταγμα
1020 3164 1296 3236 πεποίηκα
1318 3173 1425 3225 τῶν
1456 3171 1664 3245 νόμων.

280 3245 514 3313 Πρῶτον
546 3241 593 3299 δ’
622 3245 979 3320 ἐρμηνευτὲον
1013 3273 1120 3323 σοι,
1153 3255 1293 3311 πόσα
1317 3263 1414 3313 τοῦ
1443 3260 1617 3335 νόμου
1651 3263 1813 3340 μέρη.

274 3330 360 3386 Τό
396 3330 491 3404 μὲν
521 3332 623 3410 γὰρ
652 3336 859 3393 τούτων
892 3338 1138 3407 Κώδικος
1167 3342 1339 3409 οὕτως
1368 3330 1779 3429 ὠνομασμένον,

281 3419 527 3510 ητυχίον
561 3419 989 3497 δωδεκάϐιϐλον,
1024 3431 1052 3486 ’ὀ
1082 3453 1208 3510 φασι
1242 3419 1534 3507 Διατάξεις·

272 3507 439 3582 Ἵζχει
474 3505 531 3564 δὲ
551 3516 716 3567 τοῦτο
747 3511 1015 3591 δόγματα,
1058 3505 1312 3596 δὲσποτα,
1350 3505 1642 3601 βασιλέων,

272 3596 645 3677 Ἀντιγραφάς
670 3622 730 3658 τε
758 3606 1008 3677 νομικὰς,
1041 3609 1129 3663 καὶ
1164 3607 1330 3668 δικῶν
1350 3596 1675 3694 ’ἀποφάσεις

269 3685 358 3742 Τὸ
392 3682 450 3741 δὲ
478 3694 706 3746 καλοῦσι
739 3692 981 3770 Δίγεστα,
1013 3698 1293 3772 Ῥωμαίκή
1329 3700 1378 3757 δ’
1406 3706 1441 3774 ὴ
1473 3682 1692 3772 κλῆσις.

262 3775 535 3852 Ὑπάρχει
571 3775 627 3868 δε
654 3781 716 3835 τὸ
748 3782 999 3857 Λίγεστα,
1031 3786 1374 3859 Ἑλληνικῶς
1405 3791 1735 3868 Πανδέκτης,

269 3862 406 3920 Ὅτι
435 3865 525 3919 καὶ
556 3867 736 3941 νόμων
769 3870 972 3947 πέφυκε
1001 3875 1361 3935 παντοδαπῶν
1391 3878 1608 3959 δοχεῖον
1627 3903 1639 3918 ο

267 3952 373 4007 Καὶ
407 3952 658 4013 πλεῖστοι
688 3961 1089 4038 συνιγράψαντο
1118 3966 1247 4030 τοὺς
1270 3952 1498 4043 νόμους,
1527 3977 1624 4028 τοῦ
1687 3974 1922 4033 Πανδέκ-

1706 4067 1843 4139 [του.

332 4304 710 4376 Multiplicem
724 4313 882 4364 estet
893 4327 996 4367 con
1007 4314 1283 4386 templatu
1300 4319 1912 4395 difﬁcilislegisscien-

250 4391 365 4458 tia,
400 4409 526 4465 quae
582 4398 834 4453 obscura
884 4399 942 4454 in
1002 4407 1369 4476 compendio,
1405 4425 1510 4465 nec
1567 4391 1910 4471 summatim

249 4482 703 4553 comprehendi,
733 4502 842 4542 nec
870 4505 1138 4548 sermone
1170 4495 1338 4551 facile
1367 4499 1643 4569 explicari
1681 4508 1907 4571 potest:

246 4568 363 4624 illa
388 4575 582 4625 tamen
617 4576 949 4631 necessaria
980 4584 1089 4645 est,
1139 4568 1511 4651 potissimum
1548 4588 1907 4666 imperatori,

246 4672 433 4728 quem
463 4661 592 4730 ejus
638 4678 842 4719 curam
898 4667 1150 4724 maxime
1201 4672 1415 4730 habere
1453 4683 1676 4747 oportet
1704 4696 1718 4735 :
1745 4661 1909 4752 juste

242 4744 413 4801 enim
442 4748 500 4802 in
525 4750 768 4815 judiciis
787 4752 892 4822 jus
920 4760 1013 4810 est
1040 4744 1507 4820 observandum.
1542 4744 1909 4840 Quapropter

240 4848 361 4905 ego
392 4835 594 4891 multis
620 4837 680 4892 in
712 4843 1129 4911 compendium
1164 4849 1437 4917 redactis,
1463 4852 1651 4910 facitis
1672 4835 1905 4928 indagi-

241 4921 347 4977 nis
375 4924 648 4981 volumen
680 4927 877 4999 legum
909 4932 1018 4987 tibi
1047 4939 1376 5006 composui.
1411 4940 1479 4995 Et
1508 4942 1764 5013 primum
1783 4921 1907 5015 qui-

239 5011 385 5067 ulem
415 5011 521 5067 tibi
540 5014 960 5101 explicandum
992 5027 1102 5087 est,
1135 5029 1277 5094 quot
1315 5034 1457 5084 sunt
1504 5011 1700 5101 partes
1732 5011 1896 5101 lepis.

236 5100 330 5157 Ea
359 5116 486 5172 quas
516 5100 697 5159 Codex
741 5104 981 5174 dicitur,
1012 5118 1104 5166 est
1131 5128 1346 5185 corpus
1393 5100 1701 5178 duodecim
1732 5100 1898 5182 libris

234 5191 545 5260 constans,
577 5189 1044 5253 Constitutiones
1075 5208 1302 5271 vocant,
1326 5206 1564 5277 quibus,
1587 5226 1619 5265 o
1640 5212 1894 5283 domine,

232 5278 666 5348 imperatorum
701 5281 936 5353 placita,
968 5286 1231 5359 legitima
1277 5300 1583 5369 rescripta,
1618 5306 1674 5355 et
1700 5278 1893 5360 litium

231 5367 570 5424 decisiones
601 5375 780 5442 atque
831 5379 1130 5435 sententia
1173 5367 1574 5441 continentur.
1618 5389 1897 5462 Sequitur

232 5471 399 5529 pars,
431 5473 610 5528 quam
643 5462 873 5532 Digesta
904 5463 1108 5523 Latina
1163 5485 1322 5537 voce,
1353 5474 1665 5532 Pandecten
1696 5478 1895 5538 Graeca

232 5544 569 5617 nominant,
603 5549 757 5619 quod
788 5549 867 5606 sit
904 5555 1355 5618 omnifariarum
1388 5561 1581 5633 legum
1632 5574 1892 5639 recepta-

229 5630 459 5703 culum,
490 5639 550 5690 et
601 5634 758 5707 leges
802 5636 1122 5700 Psndectes
1167 5648 1340 5705 multi
1389 5630 1888 5724 conscripserunt.

230 5719 633 5794 Digestorum,
665 5740 697 5783 ο
727 5726 987 5802 domine,
1017 5732 1189 5793 varia
1219 5741 1360 5798 sunt
1389 5745 1607 5813 partes,
1623 5719 1890 5816 quarum

1968 2646 2022 2715 Α
2054 2646 2168 2700 Τῶν
2198 2641 2257 2701 δὲ
2287 2647 2578 2722 Διγὲστων,
2611 2643 2866 2716 δέσποτα,
2898 2642 3218 2702 παντοδαπᾶ
3243 2646 3311 2701 τὰ
3342 2646 3506 2723 μέρηο

2048 2734 2131 2790 Τὰ
2168 2734 2263 2806 μὲν
2293 2735 2395 2811 γὰρ
2426 2740 2619 2810 πρῶτα
2647 2733 2892 2811 λέγουσι,
2920 2735 3041 2811 περῖ
3075 2733 3563 2812 συναλλαγμάτων.

2046 2817 2418 2896 Τετράϐιὸλος
2447 2821 2495 2878 δ’
2526 2826 2560 2894 ἡ
2594 2824 2835 2897 σύνταξις
2858 2822 3055 2893 κλῆσις
3082 2827 3191 2879 τῶν
3216 2825 3447 2900 πρώτων
3480 2825 3700 2900 πρώτη.

2050 2910 2128 2968 Τὸ
2163 2913 2297 2984 μετὰ
2318 2916 2487 2969 ταῦτα
2514 2915 2719 2987 πέφυκε
2759 2907 3088 2970 ἐπτάϐιϐλυν
3121 2913 3372 2989 πτυχίον,

2044 3005 2371 3074 Ῥωμαϊκῶς
2402 3000 2698 3079 λεγόμενον
2732 3001 2898 3072 οὕτω,
2929 3002 2995 3058 Δὶ
3025 3000 3318 3073 Ἰουδικῆς,

2046 3091 2206 3145 ’Πτοι
2234 3096 2344 3146 τῶν
2374 3093 2498 3168 περὶ
2528 3092 2780 3168 κρίσεων,
2815 3088 2972 3154 εἷ’τις
3002 3089 3361 3163 ἐξελληνίζει.

2044 3179 2122 3235 Τὸ
2147 3178 2329 3255 τρίτον
2362 3178 2421 3235 δὲ
2452 3182 2820 3257 συνάθροισμα
2849 3180 3095 3236 καλεῖται
3128 3188 3193 3235 As
3222 3175 3441 3251 Ρεϐους,

2045 3263 2408 3325 Ὀκτάϐιϐλὸν
2439 3290 2491 3324 τι
2524 3270 2802 3347 σύνταγμα
2827 3270 3143 3347 χωρητικὸν
3171 3271 3529 3347 πραγμάτων,

2041 3357 2311 3433 Τέταρτος
2337 3359 2508 3424 τόπος
2536 3362 2739 3440 πέφυκε
2767 3365 2874 3416 τῶν
2908 3363 3151 3434 νομικῶν
3173 3360 3438 3437 Διγέοτων

2041 3447 2296 3523 Καθάπερ
2329 3446 2385 3502 εἷ’
2405 3469 2490 3511 τις
2521 3449 2807 3527 ὀφθαλμὸς
2834 3453 2942 3504 τῶν
2977 3448 3121 3504 ὅλων
3148 3451 3557 3524 συνταγμάτων,

2037 3530 2398 3591 Ὀκτάϐιϐλον
2432 3539 2522 3592 τὸν
2557 3539 2785 3613 ἀριθμὸν
2818 3538 3002 3611 νόμων
3027 3535 3256 3592 πολλῶν
3289 3535 3335 3593 δ’
3367 3539 3688 3613 ὠνομάσθη,

2035 3623 2106 3677 Τὸ
2137 3626 2386 3698 πέμπτον
2418 3624 2464 3681 δ’
2495 3622 2838 3682 ἐννεάϐιϐλον
2875 3627 2934 3682 ἐκ
2965 3627 3161 3700 μέρους
3193 3624 3236 3679 δ’
3261 3626 3578 3701 ὠνομάσθη,

2036 3712 2168 3788 Περὶ
2201 3711 2476 3786 διαθηκῶν
2510 3737 2695 3794 φησιν,
2727 3715 2843 3792 ἔχει
2879 3714 2923 3771 δ’
2956 3712 3103 3771 ἄλλα
3137 3716 3324 3788 μυρία.

2033 3803 2108 3859 Τὸ
2141 3800 2187 3858 δ’
2215 3800 2372 3859 ἕκτον
2405 3802 2544 3879 ἔχει,
2578 3803 2830 3875 δέσποτα,
2868 3806 3002 3880 μόνα
3033 3801 3128 3858 δύο
3162 3799 3373 3879 βιϐλία,

2035 3896 2230 3971 Σοφῶς
2266 3890 2323 3948 δὲ
2354 3891 2680 3972 διαλέγεται,
2716 3894 2846 3969 Περὶ
2883 3896 3105 3971 βαθμῶν
3137 3890 3428 3967 ποικίλων,

2034 3977 2407 4055 Διαλαμϐάνει
2434 4005 2493 4039 τε
2524 3986 2704 4062 σαφῶς
2732 3983 2855 4060 περὶ
2884 3982 3285 4058 κληρονομίας,

2026 4071 2148 4128 Τῶν
2178 4071 2457 4151 Ὀρφιτίου
2492 4072 2785 4147 μέμνηται,
2818 4072 2907 4128 καὶ
2938 4069 3235 4146 Τερτιλίου
3265 4070 3473 4217 virium),
3512 4164 3581 4218 33

3363 4179 3479 4218 81‘s.

3363 4179 3479 4219 ers.
3512 4179 3600 4218 ὄό.

2024 4334 2246 4405 priores
2277 4336 2347 4390 de
2379 4338 2778 4393 contractibus
2827 4338 3128 4404 dicuntur,
3160 4340 3367 4409 estque
3409 4334 3671 4407 priorum

2022 4422 2212 4493 prima
2242 4424 2505 4483 collectio
2554 4431 2808 4499 quatuor
2849 4426 3014 4481 libris
3064 4426 3411 4499 composita.
3461 4428 3673 4482 Postea

2018 4515 2242 4582 septem
2321 4514 2608 4571 librorum
2682 4516 2955 4572 volumen
3016 4516 3218 4571 Latine
3290 4515 3364 4570 De
3410 4514 3669 4586 judicia,

2018 4598 2211 4655 Grmce
2268 4601 2399 4674 Περὶ
2464 4602 2715 4676 κρίσεων.
2768 4604 2967 4659 Tertia
3040 4602 3304 4659 collectio
3378 4603 3453 4657 De
3508 4602 3670 4658 rebus

2016 4688 2254 4755 dicitur,
2316 4696 2444 4746 octo
2502 4692 2671 4747 libris
2726 4709 2923 4748 rerum
2982 4696 3297 4748 tractatum
3333 4690 3662 4747 continens.

2015 4779 2297 4843 Quartum
2332 4779 2731 4841 locum.veluti
2759 4782 2964 4836 oculus
2995 4782 3405 4836 universorum
3430 4786 3662 4835 contra-

2012 4870 2238 4929 ctuum,
2271 4874 2399 4923 octo
2427 4885 2630 4923 earum
2672 4868 2804 4924 libri
2857 4869 3180 4925 multarum
3213 4868 3409 4942 legum
3455 4884 3666 4925 conce-

2013 4953 2246 5024 ptacula
2276 4955 2387 5010 sibi
2414 4957 2736 5012 vindicant.
2769 4958 3048 5021 Quintum
3095 4974 3231 5013 vero
3262 4974 3469 5013 novem
3500 4956 3661 5027 libri,

2011 5059 2046 5097 a
2076 5047 2239 5113 parte
2292 5046 2585 5117 prmoipua
2635 5046 2709 5101 De
2755 5051 3091 5102 testamentis
3119 5046 3329 5114 vocati,
3383 5046 3517 5103 licet
3547 5047 3664 5105 alia

2010 5132 2321 5188 innumera
2349 5134 2865 5204 comprehendant.
2915 5139 3089 5190 Sexta
3137 5152 3291 5206 pars.
3322 5151 3355 5190 0
3399 5136 3658 5205 domine,

2007 5219 2155 5276 duos
2185 5223 2516 5293 singulares
2546 5222 2728 5278 libros
2754 5223 3030 5289 continet,
3059 5223 3162 5294 qui
3193 5229 3346 5279 recte
3376 5231 3661 5281 vocantur

2005 5308 2079 5364 De
2104 5309 2339 5366 diversis
2366 5311 2658 5381 gradibus,
2691 5318 2748 5365 et
2787 5310 3092 5381 perspicue
3121 5316 3375 5366 tractant
3419 5311 3492 5366 de
3520 5328 3654 5368 suc-

2004 5399 2289 5465 cessione,
2322 5405 2381 5454 et
2404 5399 2933 5455 senatusconsultis
2953 5398 3291 5469 Orphitiano
3312 5404 3371 5453 et
3391 5398 3656 5454 Tertilia-

2005 5503 2078 5543 no
2108 5492 2166 5543 et
2211 5487 2596 5559 multiplicem
2645 5487 2818 5544 aliam
2866 5487 3062 5559 legum
3114 5486 3544 5542 ordinationem
3584 5502 3655 5546 ea

2001 5591 2138 5646 pars
2167 5576 2598 5648 complectitur.
2645 5576 2907 5646 Septima
2935 5582 2992 5632 et
3020 5575 3231 5632 ultima
3278 5574 3650 5646 Digestorum

1999 5662 2264 5735 legitima
2294 5681 2451 5737 pars,
2484 5666 2556 5720 de
2588 5664 2945 5722 ﬁrmissimis
2976 5661 3458 5738 stipulationibus
3490 5660 3650 5718 volu-

1998 5767 2131 5809 men
2162 5754 2394 5811 duobus
2451 5752 2619 5813 libris
2675 5752 3083 5827 singularibus
3139 5751 3396 5823 conﬁcit,
3427 5750 3648 5824 quibus
