4088 6350
345 352 462 412 927

345 481 562 554 ’Ἄλλην
593 504 653 538 τε
682 481 939 553 πλείστην
973 483 1215 553 σύνταξιν
1248 484 1352 535 τῶν
1386 482 1569 553 νόμων
1601 479 1868 555 περιέχει,

350 575 422 631 Τὸ
453 572 499 629 δ’
528 568 762 647 ἕϐδομον
795 573 881 627 καὶ
922 572 1143 625 ὕστατον
1176 570 1412 643 νόμιμον
1444 572 1550 625 τῶν
1586 572 1871 647 Διγὲστων,

349 664 481 738 Περῖ
516 664 901 736 ἐπερωτήσεων
930 659 1345 738 ἀσφαλεστάτων
1381 658 1551 736 λέγει,

347 751 451 810 Καῖ
484 749 807 825 συμπληροῖ
833 750 893 802 τὸ
926 748 1200 823 σύνταγμα
1233 745 1327 802 δύο
1364 744 1551 823 βιϐλία
1590 749 1743 821 μόνα.

344 847 393 897 Κ
432 841 448 861 κ
596 839 611 858 ‘
715 842 741 875 τ’
887 836 905 869 ι
1079 834 1134 871 ΝἸ
1380 839 1393 854 \

397 862 449 895 αι
488 860 620 912 μετα
649 859 809 893 τουτο
843 858 1046 915 meum
1076 857 1171 891 οδο
1206 858 1403 915 φρικτα
1440 833 1647 911 βιϐλία,

1620 930 1764 1000 ἕνην.

346 933 458 1000 Τὴν
494 928 787 1001 αὐστηρίαν
817 922 1017 1004 ἔχοντα
1045 933 1151 983 τῶν
1187 935 1389 984 ποινῶν
1420 931 1613 1005 ὲγκειμ

345 1020 495 1077 Μετὰ
525 1017 581 1074 δὲ
600 1020 698 1088 τήν
732 1019 1038 1091 ὲπτάτομον
1071 1018 1274 1089 ταύτην
1295 1021 1471 1092 τομὴν
1506 1022 1614 1073 τῶν
1643 1018 1852 1092 νόμων,

349 1108 606 1179 Σύνταξις
640 1106 785 1178 ἄλλη
820 1107 1023 1182 πέφυκε
1053 1108 1305 1181 νομίμων
1340 1106 1638 1187 διαφόρων,

349 1198 647 1275 Πληροῦσα
672 1198 737 1253 τὰ
767 1201 1104 1269 πεντήκοντα
1130 1194 1321 1275 βιϐλία
1352 1204 1457 1254 τῶν
1494 1200 1787 1275 Διγέστων.

422 1290 565 1364 Πρὸς
590 1288 811 1351 τούτοις
848 1288 1012 1365 μέρος
1044 1287 1273 1367 πέφυκεν
1298 1290 1350 1343 αἱ
1382 1290 1584 1363 Νεαραῖ
1622 1288 1925 1361 Συντάξεις,

350 1380 483 1439 Εἶτα
508 1380 971 1453 συνοπτικώτερον
1006 1382 1101 1431 υοῦ
1136 1380 1368 1442 Λέοντος
1403 1374 1641 1454 βιϐλίον,

348 1470 426 1527 Τὸ
452 1474 555 1523 πᾶν
590 1462 1045 1538 ἔξηκοντάϐιϐλον
1089 1466 1290 1529 πάντας
1331 1489 1456 1522 τους
1488 1468 1691 1541 νόμους
1726 1466 1878 1544 ἔχον,

348 1558 483 1621 Τοὺς
511 1555 782 1629 Κώδικας,
815 1556 879 1611 τὰ
912 1556 1157 1632 Δίγεστα,
1188 1556 1283 1620 τὰς
1314 1556 1518 1629 Νεαράς
1549 1559 1847 1631 συντόμως,

350 1648 426 1704 Τὰ
463 1646 740 1726 σύμφυλα,
772 1646 836 1700 τά
868 1646 1118 1717 σύμπνοα
1148 1651 1251 1701 τῶν
1288 1644 1560 1725 διαφόρων
1588 1646 1792 1720 νόμῶν,

355 1741 688 1812 Διακρινοῢν,
723 1733 1052 1790 ὑποτιτλοῦν
1086 1734 1304 1798 οἰκείως
1330 1737 1419 1791 καὶ
1450 1736 1712 1811 γνησίως,

351 1825 514 1884 Ἀλλ’
546 1821 657 1881 ἔστι
686 1822 1139 1902 δυσερμήνευτον,
1173 1822 1299 1880 ἀλλ’
1325 1824 1522 1903 ἀσαφὲς
1551 1824 1819 1901 ἔσχάτως.

354 1922 379 1944 ν
614 1915 629 1936 \
710 1914 729 1946 ι
857 1912 880 1935 ιι
1100 1917 1123 1936 γ
1216 1911 1242 1936 )I
1404 1919 1431 1931 ~

379 1923 507 1972 Εστι
540 1938 631 1971 και
667 1936 829 1992 μερος
861 1936 1037 1992 ετερον
1069 1937 1183 1969 οιον
1214 1918 1338 1989 οψις
1366 1937 1473 1970 των
1504 1915 1711 1989 νόμων,

350 2007 441 2069 Ὦς
465 2006 957 2081 εἷσαγωγικώτερον
984 2010 1090 2059 τῶν
1128 2003 1311 2060 ἄλλων
1342 2003 1685 2081 δεδειγμένη,

355 2099 480 2155 Τῶν
506 2096 691 2167 νόμων
718 2091 865 2170 ἔχων
898 2096 1100 2149 ἅπασαν
1127 2096 1226 2163 τὴν
1254 2093 1615 2171 γενεαλογίαν,

354 2186 429 2241 Ἦ
462 2183 676 2258 μᾶλλον
710 2183 882 2245 οὕτως
915 2184 1128 2255 εῗποιμι
1168 2185 1265 2251 τὴν
1301 2184 1715 2263 ἀρχαιολογίαν.

356 2276 449 2346 Τῷ
481 2272 538 2328 δὲ
572 2268 776 2347 βιϐλίῳ
806 2272 984 2344 τούτῳ
1015 2270 1073 2327 δὲ
1099 2275 1132 2341 ἡ
1174 2272 1371 2342 κλῆσις
1404 2276 1750 2334 Ἰνστιτοῦτα.

433 2360 647 2418 Πολλοὶ
679 2360 735 2417 δὶ
768 2360 1161 2435 συλλεξάμενοι
1194 2364 1287 2425 τάς
1322 2364 1534 2441 ἀγωγάς
1564 2364 1720 2436 ἰδίας,

368 2450 658 2527 Σύνταγμα
692 2452 1039 2523 συνετάξαντο
1072 2450 1218 2523 ἄξιον
1247 2452 1538 2531 εὐφημίας.

368 2542 475 2610 Τήν
510 2540 665 2619 φυσὶν
696 2541 799 2616 γὰρ
832 2545 937 2594 τῶν
968 2541 1196 2617 ἀγωγῶν
1227 2541 1453 2614 ἑκάστης
1489 2544 1797 2617 ἑρμηνεύει,

366 2631 469 2689 Καὶ
499 2630 672 2684 πάντα
700 2629 766 2685 τὰ
794 2632 1102 2703 ζητήματα,
1130 2633 1219 2686 καὶ
1252 2632 1424 2697 πάσας
1461 2634 1760 2709 ὑποθέσεις,

363 2721 455 2782 Εἰς
483 2720 581 2788 την
612 2719 811 2774 οἰκείαν
846 2719 1059 2795 ἀγωγὴν
1088 2722 1376 2799 πανσόφως
1404 2723 1673 2800 ἀναφέρει.

362 2813 540 2869 Τοῦτο
570 2807 657 2864 καί
694 2809 855 2882 μόνον
889 2809 1090 2888 πέφυκε
1123 2810 1433 2890 Φιλόσοφον
1456 2818 1562 2867 τῶν
1588 2813 1795 2889 νόμων,

363 2898 469 2955 Κᾶν
503 2898 549 2954 ε’ί
576 2920 659 2963 τις
688 2894 988 2975 ἀκριϐώσαι
1018 2900 1238 2955 τοιοῦτο
1272 2898 1337 2969 δὴ
1368 2905 1430 2955 τὸ
1466 2896 1706 2977 βιϐλίον,

364 2989 537 3050 Οὗτος
572 2988 599 3042 ὁ
629 2988 1006 3061 νομικώτατος
1035 2990 1358 3063 νομομαθὴς
1387 2991 1665 3067 τυγχάνει.

369 3078 581 3153 Ἐτεροι
658 3073 846 3146 πάλιν,
923 3074 1175 3151 δέσποτα,
1251 3080 1347 3141 τὰς
1424 3078 1594 3155 ῥοπάς
1630 3125 1643 3150 ,
1719 3085 1805 3139 καὶ
1884 3084 2011 3150 τοὺς

1684 3173 1942 3248 [χρόνους

371 3476 803 3534 subnectuntur
832 3476 948 3532 duo
980 3477 1269 3533 terribiles
1302 3478 1433 3534 libri
1482 3480 1788 3538 severitate
1820 3499 2021 3553 poma-

369 3580 497 3620 rum
533 3564 825 3620 instructi.
874 3566 1014 3621 Huic
1062 3566 1429 3638 septemplici
1480 3568 1676 3641 legum
1728 3571 2022 3640 divisioni,

371 3653 734 3709 diversorum
780 3654 1007 3723 jurium
1051 3654 1311 3710 collectio
1363 3657 1659 3728 adjicitur,
1695 3677 1822 3731 qua:
1855 3659 2023 3730 quin-

373 3742 654 3815 quaginta
684 3742 1055 3813 Digestorum
1083 3743 1249 3798 libris
1280 3745 1456 3801 ﬁnem
1491 3746 1759 3819 imponit.

445 3833 898 3903 Prastereajuris
932 3838 1156 3904 partem
1203 3839 1473 3890 statuunt
1516 3837 1764 3893 Novella
1795 3839 2025 3895 Consti-

373 3923 651 3977 tutiones.
708 3923 919 3976 Deinde
972 3924 1456 3995 compendiosum
1488 3926 1698 3981 Leonis
1728 3928 2024 3985 volumen.

375 4011 527 4083 quod
561 4010 861 4082 sexaginta
918 4011 1088 4069 libris
1150 4013 1451 4069 universas
1497 4014 1678 4087 leges,
1735 4018 2030 4085 Codicem,

379 4099 635 4171 Digesta,
668 4105 725 4154 et
755 4100 1023 4155 Novellas
1058 4102 1310 4156 breviter
1362 4104 1791 4175 complectitur,
1824 4123 2028 4161 conve-

379 4190 606 4244 nientes
629 4193 978 4259 etcognatas
994 4190 1185 4244 varias
1204 4190 1361 4261 leges
1379 4193 1490 4247 sub
1508 4192 1697 4250 titulis
1709 4212 2033 4251 accommo-

381 4277 515 4332 date
565 4278 923 4348 disponens:
977 4279 1076 4334 sed
1133 4296 1360 4336 summe
1409 4282 1725 4339 obscurum
1770 4288 1880 4351 est,
1926 4301 2033 4340 nec

382 4365 611 4421 facilem
663 4364 1199 4437 interpretationem
1237 4370 1473 4440 patitur.
1524 4372 1625 4427 Est
1664 4377 1722 4428 et
1753 4373 1866 4427 alia
1898 4390 2034 4445 pars

384 4452 554 4527 quasi
583 4453 779 4526 legum
811 4455 992 4524 visus,
1026 4462 1081 4511 et
1130 4457 1487 4530 reliquarum
1535 4461 1800 4533 speciosa
1848 4463 2031 4517 intro-

384 4542 603 4610 ductio,
654 4544 984 4601 universam
1028 4546 1187 4616 juris
1219 4548 1526 4619 originem,
1560 4554 1617 4605 et
1664 4552 2034 4622 antiquitatis

384 4632 692 4687 historiam
725 4633 1051 4702 continens,
1087 4636 1361 4691 lnstituta
1392 4641 1694 4694 vocantur.

458 4720 624 4776 Multi
681 4722 918 4792 quidem
1004 4726 1271 4795 proprias
1347 4718 1603 4783 actiones
1672 4728 2033 4801 colligentes,

387 4809 627 4881 dignum
649 4812 931 4867 memoria
950 4820 1259 4885 syntagma
1280 4825 1738 4887 composuerunt
1761 4833 1775 4874 :
1797 4819 2036 4889 cujusli-

387 4900 485 4955 bet
512 4898 667 4954 enim
700 4900 944 4956 actionis
977 4907 1245 4957 naturam
1280 4902 1715 4975 interpretatur,
1750 4912 1807 4963 et
1836 4924 2039 4966 omnes

390 4987 763 5060 quaestiones,
819 4990 1018 5045 omnia
1076 4992 1223 5047 facta
1270 4996 1327 5047 et
1383 5010 1592 5049 causas
1638 4996 1706 5050 ad
1744 4998 2037 5069 prapriam

387 5078 674 5134 actionem
707 5079 921 5135 refert:
968 5080 1112 5135 illud
1148 5097 1290 5137 sane
1321 5082 1445 5138 sola
1495 5087 1583 5140 est
1615 5084 1809 5155 legum
1841 5086 2037 5142 Philo-

387 5166 796 5238 sophia,quem
833 5166 1048 5223 librum
1073 5168 1121 5224 si
1155 5169 1289 5239 quis
1312 5175 1465 5226 recte
1496 5171 1779 5244 callucrit,
1804 5175 1959 5245 juris
1981 5178 2039 5231 et

386 5252 577 5325 legum
603 5255 1081 5313 consultissimus
1111 5260 1331 5314 evadet.
1380 5260 1605 5316 Rursus
1635 5261 1753 5333 alii,
1787 5281 1819 5318 o
1844 5264 2037 5319 domi-

391 5360 483 5411 no,
517 5350 812 5401 momenta
834 5350 890 5401 et
924 5351 1184 5418 tempora
1208 5348 1467 5421 legitima
1492 5350 1548 5405 in
1575 5352 2034 5410 brevemlibrum

392 5432 760 5505 redegerunt,
793 5436 893 5506 qui
926 5452 958 5491 a
990 5441 1151 5508 parte
1180 5438 1476 5496 Momenta
1502 5443 2037 5513 vocatur,quamvis

392 5527 450 5579 et
479 5540 665 5580 annos
696 5526 1174 5598 comprehendat.

466 5616 577 5668 Lex
603 5629 735 5670 vero
767 5632 894 5687 quae
928 5616 1027 5673 illa
1065 5618 1264 5675 omnia
1308 5618 1733 5693 complectitur,
1764 5625 1850 5678 est
1878 5638 2036 5679 com-

391 5703 589 5759 munis
620 5703 797 5762 totius
829 5706 1160 5777 rcipublica:
1210 5711 1469 5781 sponsio,
1503 5709 1847 5770 delictorum
1878 5730 2036 5771 coer-

1695 346 2041 408 MICHAEL

2048 345 2111 407 IS
2156 346 2426 407 PSELLI
3635 348 3759 407 928

2024 485 2079 551 Α
2110 478 2245 542 Τοὺς
2275 479 2541 554 νομικοὺς
2575 479 2856 551 συνέταξαν
2891 476 2967 542 ε’ς
3004 478 3180 557 βραχὺ
3211 501 3262 534 τι
3298 474 3537 554 βιϐλίον’

2107 572 2304 633 Ῥοπὰς
2364 569 2409 625 δ’
2465 570 2522 626 ἐκ
2584 572 2783 647 μέρους
2841 570 3083 647 λέγουσι,
3132 570 3274 646 ἓχει,
3324 571 3428 647 γάρ
3485 570 3576 625 καὶ
3631 568 3759 632 τοὺς

3403 660 3682 738 [χρόνους.

2179 752 2239 808 Ὁ
2274 749 2329 806 δέ
2355 772 2415 827 γε
2446 752 2785 826 περιεκτικὸς
2826 750 3033 805 τούτων
3067 748 3315 806 ἁπάντων
3347 750 3541 825 νόμος,

2106 842 2273 910 Κοινή
2310 842 2543 911 συνθήκη
2577 841 2779 918 πέφυκε
2811 841 2991 911 πάσης
3017 847 3115 910 τῆς
3146 839 3445 910 πολιτείας,

2108 928 2432 1004 Πλημμελη
2447 932 2628 1004 μάτων
2656 929 2921 1002 κώλυσις,
2951 934 3058 984 τῶν
3094 929 3227 984 κατὰ
3248 930 3443 1005 γνῶσιν
3478 930 3669 1000 πλέον,

2110 1019 2465 1091 Δικαιοσύνης
2489 1020 2757 1096 χορηγὸς,
2792 1017 2972 1095 δόγμα
3003 1019 3396 1096 συνετωτέρων.

2182 1118 2503 1181 Δικαιοσύνη
2541 1109 2596 1165 δέ
2627 1108 2735 1164 ἐστι
2774 1111 3152 1185 σταοηροτάτη
3184 1110 3379 1186 γνώμη

2106 1203 2239 1262 Τοῖς
2267 1206 2396 1254 πᾶσι
2431 1196 2758 1271 διανέμουσα
2788 1200 2849 1254 τὸ
2881 1200 2997 1254 κατ’
3025 1199 3173 1270 ἀξίαν
3211 1198 3423 1274 μέτρον

2108 1291 2183 1348 Τὸ
2204 1289 2438 1364 νόμιμνν
2474 1287 2529 1344 δὲ
2562 1290 2763 1368 πέφυκε
2796 1287 3143 1360 δικαιοσύνης
3179 1290 3363 1365 μέρος.

2108 1380 2254 1452 Αὕτη
2286 1381 2388 1455 γὰρ
2422 1379 2507 1434 καὶ
2540 1379 2601 1433 τὸ
2629 1380 2853 1456 φυσικὸν
2885 1377 3026 1434 ἄλλο
3049 1400 3100 1433 τι
3140 1378 3300 1455 μέρος
3332 1376 3471 1455 ἔχει,

2107 1471 2177 1525 Τὸ
2208 1469 2342 1524 κατᾶ
2371 1471 2469 1538 τήν
2497 1467 2799 1537 συνείδησιν
2832 1470 3155 1545 κρειττόνων
3187 1468 3274 1524 καὶ
3308 1465 3597 1545 χειρόνων.

2107 1561 2181 1616 Τὸ
2214 1561 2315 1636 γὰρ
2350 1557 2545 1614 λοιπὸν
2575 1559 2638 1614 τὸ
2669 1560 2914 1637 φυσικὸν,
2945 1560 3126 1633 τρίτον
3154 1562 3251 1613 τοῦ
3280 1559 3453 1633 νόμου
3487 1559 3673 1633 μέρος.

2106 1648 2176 1704 Td
2213 1650 2306 1723 μὲν
2339 1650 2438 1724 γάρ
2470 1648 2674 1703 τούτων
2710 1649 2953 1727 ιρυσίιιιὸν,
2986 1649 3046 1703 τὸ
3079 1650 3129 1724 γ’
3162 1646 3368 1712 ἐθνικὸν
3400 1649 3678 1726 τυγχάνει,

2107 1740 2176 1794 Τὸ
2218 1736 2274 1793 δὶ
2305 1737 2753 1813 πολιτικώτερον,
2781 1738 2869 1792 καὶ
2906 1736 3267 1813 μερικώτερόν
3297 1760 3434 1811 πως,

2034 1869 2077 1932 Β
2107 1828 2310 1932 Teia»
2343 1828 2447 1903 γὰρ
2478 1825 2600 1901 περὶ
2631 1829 2871 1903 φυσικῶν
2894 1824 3226 1903 πραγμάτιον
3260 1823 3613 1902 δογματίζον,

2110 1914 2471 1991 Συλλήψεως,
2500 1918 2822 1993 γεννήσεως,
2858 1917 3119 1991 σχέσεως,
3152 1914 3457 1994 συναφείας.

2108 2008 2287 2065 Αὐτοῦ
2318 2004 2483 2080 ψιλοῦ
2513 2010 2610 2059 τοῦ
2642 2005 2985 2080 πράγματος,
3018 2009 3113 2060 τοῦ
3143 2002 3322 2076 τοῦδε,
3352 2005 3441 2059 καὶ
3473 2002 3709 2074 τοιοῦδε,

2112 2096 2367 2170 Νόμιμον
2401 2093 2627 2171 γενικῶς
2660 2095 2793 2167 ἐστι,
2828 2096 3049 2173 φυσικὸν
3076 2092 3119 2149 δ’
3149 2093 3235 2149 ἐπὶ
3272 2094 3486 2171 μέρους.

2113 2189 2193 2245 Τὸ
2227 2186 2426 2263 βλέπον
2458 2183 2503 2240 δ’
2535 2186 2609 2247 εἰς
2644 2180 2955 2258 συμϐόλαια
2986 2183 3142 2263 φύσιν
3178 2182 3669 2259 συναλλαγμάτων,

2116 2276 2339 2334 Πάντων
2373 2275 2540 2329 εἰπεῖν
2568 2279 2675 2329 τῶν
2708 2275 2825 2338 καθ’
2863 2276 3010 2346 ἡμᾶς
3039 2272 3238 2328 κοινῶν
3267 2271 3711 2347 πολιτευμάτων,

2117 2365 2373 2440 Νόμιμον
2406 2364 2614 2429 ἐθνικόν
2648 2363 2806 2435 ἐστιν,
2842 2364 2968 2439 οὐχὶ
2994 2364 3057 2418 τὸ
3094 2358 3469 2439 βαρϐαρῶδες,

2119 2455 2190 2512 Τὸ
2223 2458 2323 2532 γὰρ
2354 2460 2450 2510 τοῦ
2475 2452 2664 2518 ἔθνους
2695 2450 2866 2526 ὄνομα
2896 2457 3141 2525 νομικῶς
3177 2452 3485 2528 εἰρημένον,

2121 2551 2289 2603 Γενῶν
2320 2544 2694 2614 συλληπτικόν
2716 2542 2825 2597 ἐστι
2855 2538 3046 2615 νόμοις
3075 2542 3467 2615 ὑποκειμὲιων.

2126 2634 2418 2694 Πολιτικὸν
2454 2631 2510 2688 δὲ
2540 2632 2801 2706 νόμιμον,
2827 2632 3075 2702 τοπικὸν,
3108 2629 3198 2686 καὶ
3228 2627 3512 2707 χρειῶδες.

2115 2726 2194 2784 Τὸ
2216 2722 2387 2779 πάλαι
2417 2722 2671 2798 τριμερές
2706 2721 2815 2776 ἐστι
2840 2720 3035 2776 τούτου
3069 2722 3172 2796 γάρ
3204 2724 3299 2775 τοῦ
3330 2718 3594 2793 νομίμου,

2118 2819 2301 2873 Ἔστιν
2334 2815 2360 2868 ὁ
2393 2810 2794 2875 δωδεκάδελτος
2820 2816 2927 2866 τῶν
2958 2808 3164 2865 δώδεκα
3196 2808 3422 2884 λογίων,

2119 2907 2193 2959 Τὰ
2228 2902 2493 2981 βασιλέων
2528 2901 2799 2979 Δόγματα,
2836 2901 2885 2956 οἱ
2918 2900 3099 2973 Νόμοι
3132 2904 3241 2955 τῶν
3274 2899 3621 2974 πραιτώρων.

2195 2993 2323 3069 Περῖ
2358 2992 2403 3048 δ’
2436 2992 2466 3047 ἃ
2496 2991 2931 3067 πραγματεύεται
2964 2991 3024 3044 τὸ
3053 2989 3294 3063 νόμιμον
3328 2987 3541 3065 ῥητέον.

2124 3083 2240 3141 Εἶσῖ
2273 3081 2329 3138 δὲ
2356 3087 2542 3153 ταῦτα,
2571 3084 2859 3157 πρόσωπα,
2895 3078 3213 3156 πράγματα,
3248 3076 3452 3155 ἀγωγαί
3481 3098 3559 3133 τε.

2128 3172 2364 3230 Πολλῶν
2399 3171 2442 3227 δ’
2475 3171 2646 3227 οὐσῶν
2679 3174 2785 3226 τῶν
2820 3169 3053 3247 ἀγωγῶν
3082 3170 3334 3245 τέσσαρες
3370 3170 3425 3223 αἱ
3459 3165 3712 3244 μητέρες,

3418 3257 3585 3314 Vers.
3617 3256 3713 3311 93.

2052 3483 2094 3549 C
2133 3482 2289 3551 citio,
2323 3498 2523 3538 eorum
2572 3480 2825 3537 maxime
2873 3494 3001 3551 qua!
3054 3481 3263 3549 sponte
3310 3474 3789 3539 committuntur,

2125 3572 2373 3645 justitiaa
2426 3569 2661 3644 prmsul,
2715 3566 3139 3641 sapientiorum
3189 3570 3246 3620 et
3294 3563 3790 3636 perspicaciorum

2135 3663 2456 3717 decretum.

2204 3750 2442 3805 Justitia
2472 3752 2561 3804 est
2591 3744 3077 3804 constantissime.
3105 3744 3398 3811 voluntas,
3432 3757 3533 3813 pro
3583 3740 3791 3796 merito

2135 3844 2191 3896 et
2220 3838 2505 3911 dignitate
2548 3838 2825 3893 omnibus
2874 3850 3214 3891 mensuram
3265 3831 3649 3887 distribuens.
3679 3830 3793 3885 Jus

2135 3932 2225 3984 est
2251 3926 2487 3996 justitias
2524 3943 2678 3998 pars,
2712 3942 2840 3997 qua:
2889 3929 2947 3979 et
2979 3924 3154 3979 aliam
3208 3926 3429 3993 partem
3466 3919 3665 3989 habet,
3693 3919 3795 3989 jus

2140 4015 2405 4072 naturale
2456 4014 2698 4080 scilicet,
2732 4014 2887 4085 quod
2939 4012 2998 4067 in
3048 4012 3335 4066 bonorum
3388 4014 3445 4065 et
3497 4007 3795 4064 malorum

2140 4104 2498 4161 conscientia
2529 4106 2819 4159 consistit.
2873 4101 3185 4173 Reliquum
3220 4115 3351 4155 vero
3376 4099 3477 4170 jus
3528 4097 3798 4153 naturale

2140 4200 2229 4251 est
2258 4193 2429 4249 tertia
2478 4210 2613 4264 pars
2656 4192 2830 4262 juris,
2882 4191 3037 4261 quod
3092 4188 3378 4243 dividitur
3423 4187 3481 4242 in
3533 4184 3802 4241 naturale

2141 4282 2405 4356 gentium
2437 4286 2494 4337 et
2521 4279 2710 4345 civile,
2738 4296 2839 4335 seu
2871 4278 3072 4334 locale.
3105 4277 3268 4341 Quod
3312 4276 3385 4331 de
3419 4275 3595 4330 rebus
3629 4281 3803 4328 natu-

2144 4370 2368 4427 ralibus
2420 4370 2648 4436 statuit,
2692 4366 3086 4439 conceptione,
3134 4363 3459 4430 nativitate,
3510 4360 3801 4433 appetitu,

2145 4460 2328 4516 maris
2375 4464 2433 4515 et
2480 4458 2709 4515 feminae
2764 4454 3200 4526 conjunctione,
3248 4451 3348 4507 illo
3388 4456 3448 4507 et
3506 4448 3605 4505 illo
3640 4450 3803 4504 nudo

2146 4550 2401 4621 negotio,
2436 4552 2526 4603 est
2582 4548 2638 4601 in
2692 4561 2901 4619 genere
2951 4546 3077 4615 jus,
3129 4542 3187 4597 in
3240 4539 3457 4612 specie,
3507 4537 3800 4594 naturale.

2145 4638 2305 4703 Quod
2340 4654 2472 4692 vero
2502 4639 2729 4709 spectat
2759 4637 3029 4689 naturam
3060 4633 3491 4698 contractuum,
3515 4632 3574 4685 et
3595 4643 3801 4684 earum

2146 4728 2411 4783 omnium
2456 4725 2750 4781 actionum
2802 4740 2928 4795 quae
2979 4722 3049 4777 ad
3102 4734 3477 4776 communem
3537 4720 3801 4773 nostram

2148 4817 2488 4873 societatem
2524 4813 2836 4885 pertinent,
2861 4813 2961 4881 jus
2993 4808 3255 4881 gentium
3288 4807 3530 4873 dicitur,
3564 4822 3678 4862 non
3706 4808 3803 4861 ta-

2151 4922 2283 4962 men
2336 4904 2741 4961 barbaricum:
2800 4918 3007 4957 nomen
3060 4898 3217 4955 enim
3267 4896 3536 4969 gentium
3594 4893 3690 4950 hic
3722 4894 3808 4949 ita

2158 4995 2331 5051 debet
2360 4993 2563 5065 accipi,
2599 4996 2662 5048 ut
2715 5009 2813 5048 eas
2866 4990 3056 5047 solum
3108 4986 3375 5043 nationes
3416 5001 3549 5057 quae
3576 4982 3811 5056 legibus

2157 5090 2382 5157 parent,
2403 5078 3031 5155 complectatur.Civile
3043 5079 3145 5149 jus
3161 5080 3251 5133 est
3272 5074 3478 5141 locale,
3500 5077 3557 5129 et
3573 5089 3641 5129 ex
3670 5088 3810 5143 usu,

2155 5175 2308 5247 quod
2336 5172 2693 5245 jampridem
2716 5169 3076 5242 tripertitum
3109 5170 3218 5222 est.
3246 5164 3436 5236 Hujus
3468 5162 3625 5220 enim
3648 5160 3812 5232 juris

2155 5270 2349 5336 partes
2380 5268 2541 5331 sunt,
2590 5264 2767 5335 Leges
2818 5258 3121 5316 duodecim
3174 5255 3534 5324 tabularum,
3567 5258 3815 5309 Decreta

2156 5354 2514 5427 principum,
2546 5352 2747 5407 Edicta
2776 5353 3111 5422 praetorum.

2226 5443 2393 5498 Nunc
2422 5458 2555 5498 vero
2585 5440 2899 5497 dicendum
2931 5441 3018 5494 est
3047 5436 3201 5493 circa
3236 5450 3365 5506 qum
3388 5433 3489 5504 jus
3516 5432 3805 5487 versetur.

2155 5534 2234 5590 Ea
2265 5535 2406 5589 sunt
2437 5547 2721 5603 personae,
2754 5546 2844 5585 res
2897 5532 2953 5583 et
2975 5526 3253 5583 actiones.
3304 5521 3639 5587 Actionum,
3671 5535 3807 5591 qua:

2154 5622 2353 5695 plures
2384 5624 2542 5686 sunt,
2577 5624 2829 5691 quatuor
2877 5620 3097 5673 matres
3128 5614 3426 5682 dicuntur,
3459 5627 3606 5683 quas
3653 5606 3809 5665 obli-

2153 5712 2414 5787 gationes
2442 5714 2667 5780 vocant,
2694 5706 2952 5781 legitima
2973 5704 3223 5775 vincula,
3254 5719 3333 5776 re,
3365 5701 3542 5759 verbis
3572 5698 3811 5767 litteris,

2071 4861 2117 4924 1)
