4010 6360
258 417 379 478 99.9

257 552 357 616 Ἀς
386 548 583 628 ἕνοχᾶς
615 549 925 624 ὠνόμασαν,
957 545 1190 624 δεσμούς
1213 569 1365 614 τινας
1395 546 1658 613 δικαίους.

262 642 329 699 Ἥ
358 640 470 709 Ῥὶ,
502 642 539 711 ἡ
571 634 790 714 Βέρὸις,
825 640 1089 714 Δίττερις,
1120 638 1349 717 τετάρτη
1382 641 1418 710 ἡ
1448 639 1766 697 Κονσένσου.

257 730 332 788 Ἠ
366 729 453 785 Ῥὶ
483 732 649 806 γεννᾷ
677 728 1059 804 πραγματικάς
1088 727 1303 805 ἀγωγάς
1331 733 1460 806 γοῦν
1502 728 1592 785 καὶ
1629 729 1813 804 μόνας.

260 822 463 895 Μήτηρ
492 816 552 876 δὲ
579 812 775 896 Βέρϐις
807 817 985 897 πέφυκ
1013 818 1025 841 ’
1050 820 1086 889 ἡ
1118 819 1242 896 περὶ
1275 816 1327 891 ἐξ
1359 816 1713 878 στιπουλάτο.

262 907 503 967 Πλάττει
531 907 623 966 καὶ
650 910 685 981 ἠ
719 909 1023 967 Κονσένσου
1055 905 1114 965 δὲ
1140 908 1235 971 τὰς
1255 907 1579 973 συναινέσεις
1610 905 1745 983 ἅμα.

260 1000 331 1057 ⁹Η
362 998 611 1074 Λίττερις
639 997 709 1055 τὰ
728 997 1027 1075 γράμματα
1052 996 1233 1076 γυμνᾶ
1256 996 1591 1076 πραγμάτων
1615 998 1823 1074 τεύχει,

265 1088 332 1147 Εἰ
360 1089 463 1166 γὰρ
490 1109 575 1151 τις
608 1086 774 1164 χρέος
802 1087 1060 1164 γράψειεν
1092 1085 1396 1165 ἀνάργυρον
1427 1086 1478 1143 έν
1510 1087 1746 1157 τούτοις,

266 1177 370 1234 Καὶ
404 1178 481 1252 μὴ
512 1177 838 1253 προσθήσει,
871 1173 1125 1246 δέσποτα,
1162 1175 1366 1251 μέμψιν
1399 1174 1745 1252 ἆναργυρίας,

269 1267 369 1323 Καὶ
401 1264 583 1337 διετῆς
615 1265 882 1342 έκρεύσειε
912 1265 1115 1342 χρόνος
1146 1263 1199 1320 ἐν
1235 1266 1383 1339 μέσῳ
1413 1262 1603 1335 πάλιν,

271 1357 585 1434 Γράμμασι,
618 1353 871 1425 δέσποτα,
901 1353 1096 1411 λοιπὸν
1129 1359 1539 1430 κατακρατεῖται
1576 1373 1783 1429 μονοις.

270 1447 385 1517 Τὴν
416 1446 620 1522 λίτεριν
654 1442 713 1502 δὲ
731 1443 1061 1501 πλάττουσιν
1093 1443 1144 1516 ἐξ
1183 1443 1416 1521 ἡσυχίας
1450 1444 1643 1517 μόνης,

272 1537 461 1607 ἩῬὲ,
504 1534 757 1612 σημαίνει
787 1534 1100 1613 πράγματα,
1133 1536 1169 1605 ἡ
1223 1529 1439 1609 Βέρϐις,
1472 1530 1671 1608 ψιλοὺς
1709 1530 1930 1609 λόγους.

274 1628 342 1686 Ἣ
372 1625 641 1701 Λίττερις,
670 1626 739 1681 τά
767 1624 1091 1701 γράμματα,
1114 1622 1392 1693 κονσένσο,
1425 1621 1776 1686 συναινέσεις.

276 1714 511 1787 Ἑκάστη
545 1711 604 1771 δὶ
630 1719 739 1770 τῶν
771 1715 1004 1790 ἀγωγῶν
1038 1712 1256 1790 ἀγωγὰς
1287 1709 1503 1775 πολλὰς
1531 1710 1728 1770 τίκτει.

279 1806 403 1864 Ἐπὶ
435 1802 492 1861 δέ
516 1826 600 1868 τις
631 1802 874 1882 ἐνέχεται
896 1800 1274 1877 πλημμελῶν.
1305 1798 1343 1872 ἥ
1375 1797 1737 1876 συμϐάλλων,

278 1897 347 1953 Ἠ
377 1896 749 1973 φανερώτερον
775 1893 969 1962 εἰπεῖν,
1002 1890 1138 1969 πρός
1169 1912 1319 1957 τινας
1344 1889 1756 1949 συναλλάσσων.

279 1986 421 2043 Ἀπὸ
453 1982 510 2040 δὶ
528 1982 844 2059 πλημμελή
854 2003 1022 2057 ματος
1051 1982 1269 2061 ἀγωγὰς
1298 1979 1477 2058 εὕροις
1503 1980 1725 2051 ταύτας,

275 2076 385 2146 Τὴν
446 2073 725 2151 Φούρτην,
774 2075 872 2143 τῆν
934 2073 1061 2150 περὶ
1114 2070 1352 2142 κλοπῆς,
1403 2077 1468 2127 Βι
1529 2071 1808 2148 βονορουμ
1837 2091 1937 2148 ρα-

1530 2166 1827 2237 ιπτορουμ,

275 2254 436 2315 Ἠτις
468 2251 644 2330 βιαίαν
679 2252 928 2329 ἁρπαγὴν
972 2252 1307 2327 πραγμάτων
1341 2249 1654 2328 ἓρμηνεύει,

278 2343 394 2412 Τήν
428 2343 833 2417 Ἰνιουριάρουμ
861 2341 941 2411 τὶ,
971 2340 1094 2411 ἥτις
1126 2335 1280 2415 ὕϐριν
1307 2340 1591 2413 σημαίνει,

274 2433 382 2490 Τὸν
411 2452 473 2487 τε
505 2431 598 2505 μὲν
628 2430 963 2500 ’Δκουίλιον,
995 2431 1086 2485 τὸν
1114 2428 1236 2503 περί
1266 2433 1367 2495 τῆς
1402 2427 1601 2501 ζημίας
1634 2447 1647 2461 °

275 2521 365 2592 Ἐξ
396 2522 470 2575 ὧν
498 2520 662 2576 πάλιν
696 2521 770 2583 ὡς
801 2524 1089 2593 ποταμῶν,
1122 2518 1403 2596 ῥευμάτων
1430 2538 1487 2573 τε
1520 2515 1809 2591 δευτέρων,

276 2608 550 2685 Κρουνοὺς
582 2608 828 2685 εύρήσεις
861 2607 1084 2684 ἀγωγῶν
1118 2607 1445 2685 προσφόρως
1479 2605 1825 2683 ἐκχυθέντας.

346 2699 515 2775 rOpe;
547 2695 604 2754 δὲ
634 2697 1110 2772 συναλλᾳγματος,
1144 2698 1220 2761 ὡς
1242 2694 1405 2773 ἤρεσε
1432 2701 1550 2759 τοῖς
1581 2695 1799 2769 νόμοις,

274 2788 612 2853 Συναίνεσις,
643 2787 734 2842 καὶ
764 2787 1036 2848 σύννευσις
1065 2783 1336 2841 πλειόνων
1368 2782 1500 2856 θελη
1511 2785 1717 2857 μάτων,

272 2879 346 2935 Ἥ
375 2875 472 2933 δύο
500 2877 565 2932 τὸ
595 2875 912 2952 ἐλάχιστον,
944 2876 1021 2938 εἱς
1053 2874 1183 2930 αὐτὸ
1213 2871 1659 2949 συνδραμόντων.

270 2967 423 3022 "Qa-If
454 2964 653 3041 ένοχῆς
686 2966 1016 3036 ποιήσασθαι
1049 2961 1275 3035 δύναμιν
1309 2962 1615 3039 παραυτίκα
1646 2982 1659 2995 ⁸

272 3057 368 3118 Εἷς
397 3056 559 3131 χάριν
588 3052 645 3110 δὶ
676 3053 868 3132 ῥητέον
900 3074 996 3109 σου
1027 3057 1134 3108 τῶν
1165 3052 1369 3128 έννχῶν
1402 3051 1653 3123 ἑκάστην,

272 3145 388 3208 Τάς
417 3144 691 3221 φυομένας
718 3143 938 3220 ἀγωγὰς
962 3139 1036 3196 ἵν’
1062 3136 1193 3217 ἔχῃς
1221 3139 1561 3216 άσυγχύτως.

274 3234 380 3292 Καὶ
408 3233 508 3296 τὰς
543 3234 779 3306 μητέρας
798 3227 1058 3308 ἀκριϐῶς,
1091 3229 1227 3308 πρὸς
1262 3228 1320 3285 δὶ
1347 3229 1443 3291 τὰς
1472 3228 1782 3305 θυγατέρας.

275 3325 395 3393 Τῆς
424 3321 486 3400 pi
511 3328 612 3392 τῆς
636 3320 691 3377 έν
718 3326 836 3383 τοῖς
865 3320 1170 3398 πράγμασιν
1198 3315 1332 3391 ἔστι,
1364 3321 1400 3389 ἡ
1432 3318 1729 3389 Δεποσίτης

271 3627 483 3697 quarta
538 3623 835 3678 Comensis.
895 3620 1186 3695 Obligatio
1243 3636 1373 3694 quae
1429 3636 1490 3676 re
1541 3619 1930 3690 contrahitur,

277 3713 477 3787 gignit
506 3711 661 3769 solas
694 3709 879 3767 reales
910 3711 1190 3767 actiones.
1224 3714 1359 3778 Quae
1395 3711 1595 3776 verbis,
1630 3713 1819 3765 mater
1847 3714 1937 3766 est

276 3802 529 3859 actionis
558 3817 627 3858 ex
657 3799 964 3873 stipulatu.
998 3801 1136 3865 Quae
1156 3798 1664 3867 consensu,l‘ormat
1693 3815 1937 3855 conven-

275 3892 492 3948 tiones.
524 3893 660 3956 Quae
695 3890 919 3957 litteris,
943 3889 1165 3945 nudam
1190 3904 1385 3944 rerum
1417 3888 1769 3960 scripturam
1793 3904 1936 3943 con-

274 3981 473 4036 struit.
508 3979 569 4035 Si
601 3978 734 4052 quis
764 3978 920 4035 enim
951 3978 1215 4034 debitum
1249 3994 1362 4032 non
1426 3980 1735 4032 numerata
1761 3992 1936 4050 pecu-

275 4070 379 4125 nia
407 4067 731 4139 scripserit,
783 4083 992 4139 neque,
1045 4083 1078 4123 ο
1120 4068 1379 4135 domine,
1432 4065 1591 4121 intra
1628 4064 1936 4121 biennium

274 4160 348 4214 de
378 4157 631 4230 pecunia
661 4174 775 4212 non
809 4160 1120 4213 numerata
1149 4155 1444 4228 querelam
1480 4154 1747 4217 moverit,
1779 4152 1938 4209 dein-

275 4262 419 4319 ceps
447 4246 603 4313 quod
654 4245 795 4303 solis
841 4244 1055 4301 litteris
1106 4244 1367 4300 debitum
1401 4248 1513 4312 est,
1559 4242 1933 4314 praevalebit:

277 4336 406 4392 solo
436 4333 671 4390 silentio
718 4333 1000 4406 obligatio
1045 4332 1257 4389 litteris
1304 4332 1691 4389 contrahitur.
1723 4333 1819 4397 Ke,
1850 4330 1938 4387 si-

277 4424 526 4498 gniﬁcat
583 4439 677 4479 res
742 4423 954 4489 Verbis,
1016 4424 1208 4479 nudos
1266 4438 1626 4478 sermones:
1686 4422 1935 4492 Litteris,

278 4513 641 4585 scripturam
670 4527 683 4567 :
716 4512 1015 4581 Consensu,
1061 4515 1251 4584 pacta.
1307 4510 1520 4566 Deinde
1550 4509 1683 4583 quis
1711 4510 1937 4584 obliga-

276 4606 403 4669 tur,
431 4599 521 4657 vel
554 4600 925 4673 delinquens,
958 4600 1046 4655 vel
1078 4599 1451 4668 contrahens,
1478 4598 1591 4670 vel,
1623 4603 1689 4654 ut
1719 4599 1937 4655 clarius

279 4689 501 4757 dicam,
535 4704 658 4746 rem
708 4688 964 4759 aliquam
1024 4704 1156 4744 cum
1190 4687 1324 4744 aliis
1355 4704 1556 4761 agens.
1613 4687 1696 4743 Ex
1724 4687 1936 4745 delicto

283 4780 394 4835 has
453 4778 714 4834 actiones
792 4777 1157 4849 comperies,
1215 4778 1410 4848 Furti,
1467 4774 1596 4850 Περὶ
1652 4772 1868 4845 κλοπῆς
1918 4794 1933 4833 :

288 4869 353 4924 Vi
410 4867 676 4924 bonorum
730 4874 1053 4939 raptorum,
1113 4882 1290 4938 quam
1361 4864 1680 4920 violentum
1735 4881 1934 4921 rerum

280 4961 518 5030 raptum
553 4957 974 5029 interpretare:
1007 4957 1375 5025 Iniuriarum,
1407 4971 1535 5026 quae
1580 4953 1937 5026 petulantem

280 5046 706 5103 contumeliam
766 5046 1099 5117 signiﬁcat:
1160 5045 1398 5116 Aquilia
1426 5042 1572 5118 legis
1623 5044 1935 5113 actionem,

281 5136 407 5194 sive
436 5137 515 5192 De
540 5135 759 5191 damno.
804 5135 884 5190 Ex
914 5134 1126 5206 quibus
1178 5140 1462 5205 tanquam
1519 5133 1853 5205 ﬂuviorum,
1881 5138 1941 5190 et

280 5229 573 5283 ﬂuctuum
608 5225 1003 5281 secundorum
1035 5223 1426 5296 scaturigines
1457 5222 1757 5278 actionum
1788 5238 1941 5278 com-

282 5314 459 5371 mode
490 5312 765 5369 salientes
794 5313 1067 5385 reperies.

355 5401 627 5459 Deﬁnitio
641 5407 996 5469 contractus,
1022 5406 1084 5457 ut
1098 5401 1327 5473 legibus
1346 5399 1684 5473 placuit,est
1700 5417 1942 5457 consen-

282 5509 391 5551 sus
422 5496 481 5547 et
507 5490 863 5563 conspiratio
896 5490 1180 5563 plurium,
1210 5490 1298 5546 vel
1344 5491 1417 5545 ad
1450 5490 1648 5545 minus
1686 5490 1940 5546 duarum

281 5580 658 5638 voluntatum
690 5579 766 5635 ad
794 5578 952 5635 idem
993 5578 1492 5635 concurrentium.
1545 5577 1941 5642 Quemadmo-

286 5671 433 5727 dum
484 5666 766 5743 obligatio
823 5668 1004 5725 robur
1056 5668 1339 5738 obtineat,
1399 5666 1596 5725 statim
1655 5666 1939 5726 dicemus.

282 5759 461 5822 Nunc
489 5759 646 5819 enim
682 5757 767 5817 tui
810 5756 1001 5837 gratia
1045 5756 1291 5835 singulis
1334 5756 1720 5835 obligationes
1757 5756 1938 5834 expli-

1614 416 1994 480 SYNOPSIS
2040 417 2333 480 LEGUM.

3558 415 3681 479 930

1937 554 1991 622 Α
2023 548 2334 620 Ἑλληνιστὲ
2368 547 2420 604 δῖ
2441 547 2699 629 πέφυκεή
2730 550 3156 627 παρακαταθήκη
3192 567 3205 582 ⁶

2025 642 2089 698 Ἡ
2111 636 2453 714 Κομμοδάτη
2487 637 2755 715 δεύτερον,
2779 646 2979 717 χρῆσις
3005 642 3114 695 τῶν
3148 636 3450 714 δεδομένων
3483 659 3497 675 '

2031 731 2093 787 ’H
2128 727 2507 807 Πιγνερατικία
2533 750 2612 799 τε,
2644 731 2680 799 ἡ
2702 730 2825 806 περὶ
2849 728 3119 806 ἐνεχύρων
3150 748 3163 761 ·

2029 819 2095 877 Ἥ
2125 819 2249 896 περὶ
2280 819 2621 891 ἀπαιτήσεως
2654 816 3033 896 κληρονομίας
3061 816 3233 892 ἄλλη,

2031 910 2134 967 ’Ἠν
2165 906 2513 985 Ἑρεδιτάτης
2543 907 2766 985 λέγουσι
2797 908 3041 985 περίτζιο
3072 915 3291 965 Λατῖνοι
3326 929 3339 944 ο

2034 999 2175 1075 Πρὸς
2208 995 2266 1054 δὲ
2294 995 2359 1054 αδ
2390 990 2712 1072 εξιόεύδουμ
2738 997 2983 1063 Λατίνως
3004 997 3291 1074 εἰρημένη,

2031 1089 2099 1147 Ἠ
2129 1087 2254 1165 περὶ
2279 1086 2665 1163 παραστάσεως
2691 1088 3023 1164 πραγμάτων
3056 1088 3465 1165 κεκρυμμένων.

2032 1180 2140 1243 Τῆς
2169 1175 2227 1254 et
2255 1174 2606 1247 κονδικίκιος,
2638 1176 2704 1246 ἡν
2733 1174 2838 1254 ρὶμ
2866 1174 2924 1232 δὲ
2952 1180 2987 1247 ἡ
3018 1176 3256 1233 καθόλου
3280 1195 3295 1210 ·

2035 1267 2179 1342 Πρὸς
2206 1264 2422 1328 τούτοις
2451 1267 2517 1321 τὰ
2548 1262 2893 1343 Ἰντέρδικτα,
2925 1264 3049 1338 ἤτοι
3081 1267 3467 1345 παραγγελίαι.

2033 1361 2142 1426 Τῆς
2203 1349 2397 1430 Βερϐις
2456 1351 2514 1410 δὲ
2568 1362 2668 1426 τῆς
2733 1353 2936 1432 ένοχῆς
3014 1356 3179 1431 ἐστιν,
3254 1360 3291 1428 ἡ
3354 1356 3407 1429 ἐξ
3463 1378 3685 1414 στιπου-

3426 1448 3581 1518 Λάτο,

2037 1533 2160 1612 Ἀφ’
2181 1534 2249 1604 ἧς
2279 1534 2307 1588 ὁ
2336 1533 2556 1610 τζέρτος
2585 1532 2789 1612 πέφυκε
2818 1532 3189 1600 κονδικτίκιος
3216 1449 3426 1612 τρέχειξ

2042 1623 2182 1698 Πρὸς
2206 1622 2406 1693 ταύτης
2434 1623 2521 1677 καὶ
2554 1622 2582 1678 ὁ
2616 1619 2910 1700 ἵντζερτος,
2946 1624 3153 1700 άῦωγαὶ
3182 1620 3228 1680 δ’
3257 1625 3415 1681 αὗται
3443 1623 3563 1698 δύο,

2045 1714 2132 1786 Ἐξ
2164 1710 2498 1768 στιπουλάτο
2531 1708 2588 1767 δέ
2619 1712 2788 1782 ἐστιν,
2818 1712 3180 1791 ἐπερώτησις,
3209 1711 3357 1787 ἄναξ.

2050 1806 2198 1860 [Iaca
2231 1797 2291 1858 δέ
2314 1803 2364 1879 γ’
2391 1799 2750 1878 ἐπερώτησις,
2780 1799 2816 1872 ἤ
2849 1800 3060 1877 δήλων,
3092 1801 3129 1874 ἤ
3161 1804 3427 1880 κρυφίων,

1970 1934 2018 1999 Β
2048 1893 2164 1970 Ἐφ’
2186 1893 2268 1953 οἷς
2297 1892 2326 1946 ὁ
2356 1888 2741 1964 κονδικτίκιος,
2771 1890 2808 1961 ἤ
2837 1892 3099 1968 τζέρτων,
3129 1891 3167 1964 ἤ
3196 1892 3507 1971 ΐντζέρτων.

2049 1983 2113 1999 r..
2235 1978 2280 1999 θη
2415 1977 2439 1999 θ
2541 1982 2552 1999 Ι
2716 1980 2731 1999 1
2894 1984 2907 1999 1
3137 1983 3149 1999 1

2049 1983 2199 2038 Ἔστι
2232 1978 2290 2036 δὲ
2310 1977 2677 2046 κονδικτίκιος
2707 1980 3051 2053 ἀπαιτήσεως
3084 1983 3264 2060 φύσις,
3642 2040 3649 2051 ,

2046 2072 2116 2129 Ἥ
2145 2068 2535 2147 τζέρτος,ἤτοι
2567 2071 2812 2149 φανερὸς,
2835 2068 3114 2147 ’ίντζερτος
3145 2074 3542 2150 κεκρυμμένος.

2048 2162 2164 2230 Τῆς
2197 2154 2381 2236 βερϐίς
2414 2159 2617 2236 ἐνοχῆς
2651 2158 2789 2215 ἐστιν
2822 2160 2857 2230 ἡ
2892 2161 3308 2238 Ἐξστιματόρια

2044 2250 2208 2307 Ὃταν
2238 2246 2647 2324 διατιμύσωμαι
2679 2254 2910 2326 πρᾶγμα
2931 2248 3025 2305 καί
3046 2268 3133 2308 σοι
3164 2250 3399 2326 παρέξω,

2045 2337 2255 2411 Εἰπὼν,
2287 2340 2363 2402 ὡς
2395 2337 2624 2415 πράσας,
2661 2340 2905 2413 Κόμισον
2928 2338 3243 2414 νομίσματά
3275 2360 3370 2414 μοι
3398 2337 3552 2412 τόσα,
3620 2356 3629 2361 ·

2045 2428 2105 2485 Εἰ
2138 2428 2195 2483 δὲ
2229 2430 2306 2502 μή
2329 2426 2463 2483 τόσα
2493 2425 2616 2499 δοίη
2649 2450 2752 2492 τις,
2788 2425 2939 2484 δίδου
2968 2431 3030 2483 τὸ
3064 2426 3372 2503 διδομένον.

2043 2523 2152 2588 Τῆς
2184 2513 2370 2594 βερϐις
2400 2518 2552 2581 αὖθις
2584 2516 2789 2593 ένοχῆς
2820 2517 2924 2593 ἥγε
2950 2519 3138 2591 Δάμνη
3170 2519 3410 2598 ἲνιράκτι,

2040 2610 2198 2670 "litt:
2231 2612 2458 2663 κινεῖται
2490 2606 2789 2671 πίπτοντος
2817 2607 3062 2683 γείτονος
3092 2605 3392 2682 δωματίου.

2041 2702 2150 2767 Τῆς
2177 2691 2361 2773 βέρϐις
2390 2697 2557 2751 πάλιν
2588 2697 2790 2775 πέφυκε
2821 2695 2922 2772 ἥγε
2950 2697 3307 2774 Πρεγατορία,

2041 2790 2111 2855 ᾜ
2140 2787 2229 2841 τὸν
2259 2785 2759 2862 κληρονομήσαντα
2792 2784 3040 2861 εὐλόγως
3073 2787 3159 2841 καὶ
3191 2786 3520 2865 προσφόρως

2042 2875 2136 2930 Ἐκ
2163 2875 2336 2930 πόσου
2370 2873 2568 2950 μέρους
2600 2873 2775 2949 ἐρωτᾷ
2802 2878 2979 2946 ζητεῖν
3012 2874 3409 2952 κληρονομίαν.

2038 2964 2102 3021 Ἦ
2134 2964 2511 3040 Λεγατόρουμ,
2542 2960 2687 3034 ἄλλη
2721 2984 2802 3026 τις
2832 2963 3096 3042 ἀσφάλεια
3126 2964 3381 3040 λεγάτου.

2038 3054 2104 3109 Ἥ
2136 3074 2195 3107 τε
2230 3053 2325 3125 μὲν
2349 3052 2642 3110 11εκνυνίαε
2671 3053 3049 3108 κονστιτούταε
3080 3053 3253 3124 αὖθις,

2035 3145 2191 3204 "Huc;
2221 3142 2320 3210 τήν
2353 3140 2740 3218 ἀντιφώνησιν,
2767 3141 2856 3196 καὶ
2888 3142 2990 3211 τήν
3022 3141 3217 3218 ἐγγύην
3247 3141 3414 3220 λέγει.

2037 3232 2153 3301 Τῆς
2182 3226 2230 3284 δ’
2252 3228 2451 3305 ένογῆς
2478 3236 2580 3298 τῆς
2602 3228 2846 3306 Αίττερις
2871 3231 3055 3306 ἀγωγὴ
3089 3226 3322 3287 Νοϐάτιο

1957 3306 2001 3371 C
2035 3319 2114 3376 Τὸ
2142 3319 2305 3396 χρέος
2327 3320 2699 3398 μεταφέρουσα
2724 3320 2787 3375 τὸ
2808 3318 3042 3376 παλαιὸν
3071 3319 3150 3385 εἷς
3173 3322 3315 3381 νέον.

3289 3411 3460 3470 Vers.
3495 3412 3621 3471 155.

2044 3620 2242 3677 caudae
2274 3623 2515 3686 sunt,ut
2545 3619 2822 3676 distincte
2851 3625 2908 3677 et
2936 3626 3154 3694 exacte,
3186 3627 3403 3681 matres
3434 3627 3492 3681 et
3518 3626 3696 3700 ﬁlias,

2045 3714 2213 3766 natas
2243 3709 2465 3766 scilicet
2510 3709 2794 3777 actiones,
2840 3709 3077 3769 habeas.
3135 3711 3424 3786 Obligatio
3473 3731 3603 3787 qua
3632 3732 3697 3774 re

2042 3798 2410 3854 contrahitur
2439 3798 2495 3853 in
2529 3798 2705 3854 rebus
2759 3804 2867 3869 est,
2900 3815 2969 3855 ex
3026 3817 3143 3872 qua
3174 3801 3361 3857 oritur
3408 3804 3559 3860 actio
3588 3806 3698 3863 De-

2042 3889 2230 3959 positi,
2280 3888 2475 3944 Graece
2523 3887 2995 3962 παρακαταθήκης
3046 3891 3408 3958 Commodati,
3441 3909 3569 3965 quae
3609 3899 3701 3951 est

2045 3993 2189 4033 usus
2247 3975 2329 4032 rei
2383 3976 2614 4032 tradita:
2672 3980 2728 4032 et
2786 3978 3175 4034 commodatis
3220 3995 3234 4035 :
3293 3983 3697 4055 Pignoratilia,

2045 4081 2172 4137 quae
2202 4070 2292 4121 est
2320 4066 2391 4121 de
2422 4064 2788 4138 pignoribus.
2840 4064 2972 4121 Alia
3021 4064 3315 4137 ἀπαίτησις
3360 4075 3459 4138 τῆς
3486 4067 3698 4145 κληρο-

2042 4153 2280 4226 νομίας,,
2328 4171 2502 4227 quam
2553 4154 2741 4210 Latini
2795 4155 3136 4228 petitionem
3185 4157 3545 4217 hereditatis
3596 4176 3699 4216 vo-

2044 4251 2219 4300 cant:
2253 4243 2405 4299 actio
2437 4244 2614 4299 etiam
2666 4243 2738 4300 ad
2775 4244 3169 4313 exhibendum,
3220 4251 3286 4302 ut
3325 4248 3522 4305 Latine
3551 4248 3698 4306 dici-

2045 4336 2162 4402 tur,
2196 4350 2326 4405 que
2352 4332 2425 4388 de
2456 4333 2631 4389 rebus
2661 4332 2930 4405 occultis,
2964 4339 3031 4389 ut
3063 4338 3255 4407 palam
3288 4336 3698 4408 exhibeantur,
3764 4382 3768 4386 Α

2046 4426 2250 4479 contra
2280 4421 2427 4478 clam
2463 4422 2866 4494 possidentem
2916 4422 3193 4479 instituta
3242 4430 3367 4481 est:
3412 4428 3542 4500 ejus
3572 4444 3702 4499 quin

2045 4528 2107 4567 re
2138 4511 2507 4567 contrahitur
2554 4516 2643 4567 est
2698 4511 3010 4583 condictio,
3062 4529 3192 4585 quae
3246 4516 3595 4588 generaliter
3640 4515 3701 4573 in

2046 4616 2170 4656 rem
2223 4600 2458 4657 dicitur.
2511 4600 2622 4656 Eas
2671 4600 2933 4656 actiones
2983 4608 3318 4673 sequuntur
3364 4605 3699 4675 interdicta,

2046 4691 2166 4747 sive
2224 4690 2722 4746 denuntiationes.
2775 4696 2854 4745 Ex
2905 4690 3258 4764 obligatione
3306 4711 3429 4765 quas
3480 4696 3697 4765 verbis,

2045 4778 2203 4834 venit
2230 4796 2298 4835 ex
2346 4778 2657 4851 stipulatu,
2691 4794 2721 4833 s
2772 4795 2889 4850 qua
2919 4780 3046 4834 dua:
3100 4781 3362 4838 actiones
3405 4784 3699 4854 oriuntur,

2047 4868 2337 4924 condictio
2367 4868 2512 4923 certi
2564 4872 2621 4921 et
2668 4866 2893 4923 incerti.
2931 4867 3007 4922 Ex
3054 4868 3331 4941 stipulato
3363 4876 3453 4927 est
3492 4869 3701 4946 ἐπερώ-

2044 4976 2224 5025 τησις,
2257 4957 2376 5012 sive
2424 4955 2827 5028 iuterrogatio,
2883 4972 2915 5011 ο
2966 4956 3303 5029 imperator.
3359 4959 3563 5016 Omnis
3594 4976 3698 5017 au-

2046 5050 2159 5101 tem
2192 5044 2496 5117 stipulatio
2545 5049 2636 5100 est
2681 5060 2877 5099 rerum
2929 5046 3400 5115 manifestarum,
3444 5048 3534 5104 vel
3591 5049 3697 5105 oh-

2047 5124 2374 5202 scurarum,
2411 5134 2565 5189 unde
2597 5133 2737 5209 certi
2791 5138 2849 5188 et
2897 5133 3099 5190 incerti
3151 5135 3478 5193 condictio:
3526 5144 3701 5195 natu-

2048 5240 2169 5279 ram
2229 5222 2530 5295 petitionis
2578 5222 2868 5278 condictio
2916 5222 3300 5296 demonstrat,
3351 5226 3491 5282 certi
3545 5226 3699 5282 dilu-

2050 5312 2268 5380 cidum,
2301 5311 2506 5367 incerti
2557 5312 2854 5368 occultum
2889 5311 3199 5385 signiﬁcat.
3234 5318 3313 5369 Ex
3345 5314 3701 5389 obligatione

2046 5401 2263 5470 verbis,
2300 5400 2563 5457 nascitur
2589 5400 2763 5456 etiam
2821 5402 3209 5458 distimatoria
3236 5420 3255 5457 :
3288 5403 3337 5459 si
3368 5420 3491 5460 rem
3541 5404 3691 5461 aesti-

2050 5506 2229 5560 mem,
2260 5494 2317 5544 et
2342 5490 2446 5546 tibi
2481 5489 2943 5557 tradam,dicens
2975 5507 3039 5545 ac
3069 5490 3118 5547 si
3148 5492 3458 5548 venderem
3484 5510 3495 5549 :
3526 5493 3699 5550 Dabis

2051 5578 2198 5634 mihi
2247 5582 2335 5634 tot
2380 5595 2682 5647 nummos,
2733 5583 2788 5634 et
2838 5577 2951 5634 nisi
3004 5579 3256 5650 dederis,
3307 5581 3516 5638 reddes
3575 5598 3699 5639 rem

2046 5668 2350 5725 traditam.
2382 5670 2602 5726 Iterum
2633 5684 2703 5726 ex
2751 5665 3102 5741 obligatione
3131 5669 3325 5729 verbis
3370 5670 3697 5745 descendit,

2049 5758 2258 5817 Damni
2286 5758 2497 5832 infecti,
2528 5774 2656 5833 quis
2706 5756 2898 5815 vicina
2947 5757 3123 5817 domo
3168 5759 3403 5819 ruinam
3433 5760 3698 5825 minante
