4088 6350
392 387 499 446 931

394 516 612 585 Ταύτης
642 517 679 584 ἠ
713 511 1023 588 Δελεγάτιο,
1055 507 1179 579 ἤτοι
1211 507 1335 584 περὶ
1368 506 1616 584 λεγάτοι).

392 610 501 676 Τῆς
535 604 586 660 δί
616 603 869 659 κονσένσο
902 603 1102 675 ἐνοχῆς
1132 600 1272 653 ἐστιν
1304 601 1339 667 ἡ
1374 598 1423 670 ἐξ
1459 594 1698 664 Βενδίτο,

390 699 492 753 Ἦν
526 692 698 755 οὕτως
731 690 1090 767 ἑρμηνεύουσι
1122 689 1243 764 περὶ
1270 689 1542 763 πράσεως,
1576 685 1723 755 ἅναξ,

392 785 479 854 Ἐξ
506 784 709 854 ὅμπτο,
741 780 864 854 περὶ
895 779 1093 854 ἀγορᾶς
1125 798 1137 811 ⁸
1167 778 1391 845 Λοκάτι,
1428 773 1691 849 μίσθωσίς
1717 794 1800 835 τις
1835 793 1849 807 ο

391 871 712 939 Κονδούκτι,
745 872 779 939 ἠ
814 868 1144 942 ἐκμίσθωσις
1178 887 1191 901 ο
1228 864 1446 935 ἐντολὴ,
1480 867 1514 932 ἡ
1548 860 1785 917 Μανδάτι
1821 882 1833 896 ο

388 963 455 1018 ⁸Η
485 961 598 1035 Πρὸ
630 980 782 1013 σοκιο
816 956 873 1013 δὲ
902 958 1043 1012 ἐστιν
1074 960 1108 1025 ἡ
1141 957 1261 1030 περὶ
1297 953 1583 1015 κοινωνίας
1617 973 1628 984 ·

389 1053 541 1120 Ἦτε,
575 1050 697 1125 περὶ
731 1046 1141 1118 Μνηστεύσεως,
1174 1046 1260 1099 καὶ
1296 1048 1540 1118 Δωρεῶν,
1567 1042 1656 1096 καὶ
1690 1042 1908 1113 Γάμων.

388 1140 489 1197 Καί
517 1161 679 1194 τινων
716 1138 900 1193 ἄλλων
935 1137 1195 1211 ἀγωγῶν,
1228 1134 1317 1189 καὶ
1342 1138 1508 1208 τριῶν
1543 1129 1886 1207 ἰντερδίκτων
1921 1149 1933 1162 ⁸

390 1230 679 1302 Σύμπασαι
711 1228 863 1281 αὗται
896 1225 1110 1300 ἀγωγαὶ
1140 1222 1343 1298 ἐνοχῆς
1371 1229 1471 1291 τῆς
1503 1224 1809 1276 κονσένσου.

386 1321 496 1387 Τὴν
532 1318 655 1391 περῖ
690 1315 1015 1391 προστασίας
1048 1311 1105 1368 δὲ
1130 1314 1471 1389 πραγμάτων
1503 1310 1840 1383 ἀλλοτρίων,

387 1410 541 1462 Τοῦτ’
575 1406 684 1462 ἔστι
722 1408 795 1477 μὴ
825 1405 1189 1478 γινώσκοντος
1222 1400 1483 1474 μηδόλως
1510 1404 1606 1454 τοῦ
1640 1397 1922 1465 δεσπότου,

389 1496 773 1571 Νεγοτιόρουμ
802 1492 1027 1567 λέγουσι
1057 1492 1259 1560 ταύτην
1286 1492 1422 1551 τινες
1457 1488 1791 1561 Γεστόρουμ,

391 1586 579 1642 Ἕοικε
611 1582 1057 1654 συναλλάγματος
1082 1580 1438 1653 συνάλλαγμα
1459 1579 1733 1652 τυγχάνον
1767 1597 1778 1610 ο

386 1674 632 1747 Ὁμοίως
664 1676 698 1741 ἡ
732 1670 1023 1735 Τουτέλαε,
1058 1673 1091 1738 ἡ
1125 1670 1259 1724 κατὰ
1287 1668 1620 1744 ἐπιτρόπων.

388 1765 456 1820 Ἡ
486 1763 610 1836 περὶ
644 1764 965 1835 Διαιρὲσεως
994 1759 1324 1835 πραγμάτων
1356 1756 1667 1826 ἐπικοίνων,

386 1854 451 1910 Ἦ
482 1852 605 1926 περὶ
628 1848 928 1906 Πεκουλίου
958 1871 1035 1919 τε,
1069 1847 1103 1917 ἦ
1136 1869 1192 1902 τε
1223 1846 1283 1901 ἐκ
1309 1844 1596 1916 διαθήκης,

388 1942 457 1997 Ἡ
488 1940 808 2015 Ἰνστιτορία
836 1961 915 2007 τε,
950 1936 1036 2007 ἤτ’
1069 1937 1488 2011 ἐξκερτκιτορία,

388 2035 453 2085 Ἦ
482 2031 617 2083 κατά
644 2034 741 2083 τοῦ
768 2030 1174 2101 προστήσαντος
1205 2025 1327 2079 τινὰ
1359 2023 1736 2098 ἐργαστηρίου,

390 2119 490 2174 Καὶ
512 2119 647 2173 κατᾶ
679 2122 775 2173 τοῦ
804 2118 1213 2192 προστήσαντος
1252 2114 1369 2166 τινὰ
1396 2112 1482 2166 ἐπὶ
1512 2109 1805 2181 θαλάσσην.

390 2208 470 2266 Τὸ
502 2206 795 2281 Κουόρουμ
822 2204 1169 2279 λεγατόρουμ
1196 2223 1254 2255 τε
1284 2198 1632 2275 Ἱντὲρδικτον
1664 2199 1953 2275 τυγχάνον,

388 2297 633 2362 Ὀοῦσος,
666 2297 694 2349 6
722 2293 1183 2370 ούσούφρουκτος,
1219 2288 1383 2344 ἄλλαι
1414 2292 1461 2343 τ’
1507 2289 1714 2365 ἀγωγαὶ
1763 2288 2036 2345 πλεῖσται.

389 2390 509 2441 Τῶν
542 2384 731 2438 ὡσανεῖ
765 2382 1094 2457 τυγχάνουσι
1126 2386 1289 2434 πᾶσαι
1325 2376 1816 2453 συναλλαγμάτων.

390 2476 463 2530 Αἱ
497 2472 542 2528 δ’
572 2472 781 2547 ἀγωγαὶ
810 2476 917 2525 τῶν
954 2470 1142 2524 ὡσανεὶ
1176 2469 1338 2523 πάλιν
1374 2468 1808 2541 ἁμαρτημάτων,

388 2565 453 2619 Ἣ
475 2562 610 2617 κατὰ
636 2565 732 2615 τοῦ
766 2558 1101 2625 δικάσαντος,
1136 2559 1225 2612 καὶ
1258 2557 1741 2631 παρανομηκότος,

388 2654 455 2708 Ἡ
486 2651 621 2707 κατά
650 2653 745 2704 σοῦ
774 2646 1133 2723 συρῥήξαντος
1166 2644 1373 2701 ἔδικτον
1408 2644 1805 2721 ἀναισχύντως.

390 2738 594 2798 Ἀλλαι
627 2739 684 2793 τὲ
712 2758 852 2799 τινες
886 2737 1115 2811 ἀγωγαὶ,
1146 2735 1236 2790 καί
1263 2756 1403 2797 τινες
1435 2739 1541 2789 τῶν
1578 2734 1934 2812 Ἰμιράκτουμ.

392 2831 567 2905 Δέχου
600 2826 765 2883 πάλιν
802 2824 1060 2898 διαίρεσιν
1094 2829 1200 2879 τῶν
1228 2826 1459 2899 ἀγωγῶν
1493 2823 1775 2893 ποικίλην.

396 2923 520 2977 Τῶν
553 2919 778 2992 ἀγωγῶν
812 2916 864 2970 αἱ
902 2915 995 2987 μὲν
1030 2913 1132 2968 εἷ’σι
1160 2914 1265 2967 ἀπὸ
1296 2911 1785 2986 συναλλαγμάτων.

391 3008 462 3067 Αἱ
494 3005 552 3061 δὲ
575 3004 739 3061 πάλιν
767 3006 1085 3081 κατάγονται
1116 3003 1222 3057 άπὸ
1249 3002 1462 3076 ἆμαρτη
1476 3003 1680 3074 μάτων.

390 3097 464 3157 A’t’
496 3095 589 3169 μέν
626 3095 727 3150 εἰσι
759 3092 1154 3170 πραγματικαὶ,
1178 3092 1233 3146 αἱ
1267 3089 1323 3146 δὲ
1353 3091 1488 3145 κατά
1516 3090 1847 3166 προσώπων.

402 3185 471 3242 Δί
505 3185 599 3260 μὲν
632 3184 735 3240 εἶσι
760 3187 937 3238 πίστει
968 3181 1135 3255 καλῇ,
1166 3181 1221 3235 αἱ
1253 3178 1309 3235 δὲ
1334 3178 1436 3235 εἶσί
1461 3202 1578 3245 πως
1608 3178 1870 3253 στοίκται,

401 3483 682 3538 movetur.
735 3478 963 3535 Rursus
1008 3493 1077 3533 ex
1129 3492 1197 3532 ea
1244 3472 1509 3530 nascitur
1562 3475 1900 3541 Precatoria,
1933 3491 2051 3547 qua

399 3570 615 3627 directe
674 3568 985 3624 institutus
1035 3566 1218 3621 haeres
1277 3569 1517 3635 rogatur
1563 3580 1631 3619 ex
1679 3568 1858 3628 quota
1889 3569 2051 3634 parte

399 3660 561 3716 adire
591 3657 1011 3714 haereditatem.
1061 3654 1181 3710 Alia
1229 3657 1318 3709 est
1348 3657 1694 3723 Legatorum,
1744 3653 1937 3707 cautio
1968 3652 2049 3707 le-

397 3747 516 3821 gati
548 3747 803 3802 nomine.
841 3743 1102 3800 Pecuni}?
1141 3744 1467 3805 constitutae,
1500 3757 1625 3811 quae
1670 3740 2048 3811 sponsionem

396 3842 453 3893 et
474 3835 993 3908 expromissicnem
1028 3830 1288 3903 pecuniae
1319 3830 1627 3901 signiﬁcat.
1662 3828 2050 3900 Obligationis

394 3942 529 3981 vero
562 3942 685 3996 qua:
722 3925 940 3978 Litteris
971 3920 1335 3976 contrahitur
1364 3918 1512 3973 actio
1544 3922 1629 3973 est
1658 3918 2049 3988 Novatz’o,quze

392 4021 563 4070 vetus
595 4013 858 4068 debitum
908 4011 964 4065 in
1018 4024 1230 4063 novum
1282 4007 1599 4062 transfert:
1647 4011 1703 4061 et
1746 4006 2047 4074 Delegatio,

395 4105 516 4161 sive
547 4104 616 4158 de
644 4102 856 4173 legato.
904 4097 1289 4169 Obligationis
1317 4112 1389 4151 ex
1430 4100 1727 4161 Consensu,
1760 4099 1867 4163 est,
1901 4093 2049 4149 actio

393 4212 466 4251 ex
499 4194 740 4263 Vendilo,
777 4207 976 4263 quam.
1001 4206 1033 4244 ο
1066 4188 1209 4260 imp,
1243 4184 1366 4259 περὶ
1397 4182 1643 4260 πράσεως
1665 4188 2050 4258 interpretan-

393 4290 510 4341 tur.
572 4284 654 4338 Ex
709 4288 928 4351 amplo,
987 4275 1109 4350 περὶ
1169 4274 1403 4349 ἀγορᾶς.
1463 4277 1676 4342 Loculi,
1742 4272 2046 4345 μίσθωσις.

397 4373 684 4440 Conducti,
736 4365 1089 4439 ἐκμίσθωσις,
1141 4364 1417 4431 Μαηιίαιὶ,
1468 4361 1661 4431 ἐντολή
1691 4379 1702 4418 :
1733 4379 1836 4435 pro
1882 4364 2047 4432 socio,

392 4460 517 4535 περὶ
547 4454 869 4518 κοινωνίας;
903 4461 1181 4529 praeterea
1233 4455 1305 4509 de
1355 4450 1742 4524 Sponsalibus,
1793 4452 2049 4506 Donatio-

1728 370 2154 435 MICHAELIS
2199 371 2473 433 PSELLI

2060 515 2114 581 Α
2148 501 2213 556 Αἱ
2262 502 2356 575 μὲν
2412 504 2638 577 πρᾶγμα
2682 497 3121 574 εἰσπράττουσιν,
3179 499 3235 554 αἱ
3293 495 3351 555 δὶ
3409 501 3624 571 ποινῆν,
3672 499 3728 555 αἱ
3759 497 3811 555 δι

3687 372 3814 433 932

3498 588 3710 666 [ἄμφων

2149 681 2220 735 Αἱ
2256 681 2349 749 μὲν
2380 684 2653 735 κινοῦνται
2685 679 2766 742 εἷς
2794 681 2856 735 τὸ
2888 685 3015 749 πᾶν,
3039 680 3093 734 αἱ
3127 676 3183 733 δὲ
3224 678 3299 740 είς
3338 680 3498 753 μέρος
3535 679 3723 751 μόνον,

2162 770 2233 824 Αἱ
2280 770 2371 843 μὲν
2425 768 2633 824 ἁπλοῦν
2683 769 3115 847 εἰσπράττουσιν,
3166 769 3220 823 αἱ
3287 765 3344 823 δὲ
3403 765 3653 839 διπλοῦν,
3684 789 3808 845 τρι-

3414 864 3610 938 [πλοῦν
3630 887 3711 937 τε,

2155 958 2225 1013 Αἱ
2258 957 2350 1029 μὲν
2380 958 2468 1012 καὶ
2499 956 2920 1031 τετραπλάσιον,
2954 958 3006 1010 αἰ
3032 952 3090 1010 δὲ
3109 957 3197 1009 καὶ
3228 952 3394 1009 πλέον
3424 954 3642 1011 τούτου.

2158 1047 2223 1099 Αἱ
2254 1046 2459 1100 τούτων
2491 1043 2548 1101 δὲ
2579 1046 2865 1123 βαρύτεραι
2897 1045 3032 1117 πρὸς
3064 1043 3280 1107 τούτοις
3317 1043 3625 1115 ἀτιμούσιν,

2154 1135 2221 1190 Αἱ
2258 1134 2350 1206 μέν
2387 1134 2518 1190 εἰσιν
2553 1136 2845 1209 ἐπίκαιροι,
2879 1135 3023 1197 τινες
3055 1130 3111 1188 δὲ
3139 1137 3245 1187 τῶν
3281 1132 3543 1209 χρονίων,

2153 1224 2220 1279 Αἱ
2253 1220 2309 1277 δὲ
2340 1223 2739 1299 περιορίζονταί
2767 1224 3163 1298 τεσσαράκοντα
3194 1222 3446 1297 χρόνοις.

2154 1313 2312 1375 Τινὲς
2341 1310 2397 1366 δὲ
2420 1306 2759 1367 διαϐαίνουσι
2792 1311 2882 1367 καὶ
2910 1312 3048 1367 κατὰ
3077 1310 3462 1385 κληρονόμων.

2154 1402 2226 1457 Αἱ
2262 1402 2353 1474 μὲν
2380 1402 2481 1456 εἶσι
2514 1404 2589 1465 ὡς
2628 1401 2851 1475 λέγουσι
2878 1400 3086 1455 τούτων
3121 1395 3490 1475 ἀρϐιτραρίαι,

2153 1491 2280 1545 Ὑπό
2310 1512 2369 1545 τε
2398 1494 2497 1559 τῆς
2530 1489 2845 1553 δικασταῖς
2874 1487 3136 1564 ἤρτηνται
3176 1488 3471 1560 μεσιτείας,

2154 1584 2289 1642 Ταῖς
2317 1577 2373 1634 δὲ
2403 1586 2503 1648 τῆς
2537 1578 2868 1653 ὑπολήψεως
2894 1584 2990 1631 τοῦ
3016 1579 3297 1652 κρίνοντος
3328 1578 3370 1632 εἷ
3406 1575 3621 1651 μέλλει.

2225 1668 2408 1738 Ἀλλη
2441 1691 2500 1723 τε
2530 1669 2758 1738 πλείστη
2792 1669 2997 1743 πέφυκε
3024 1666 3280 1742 διαίρισις
3316 1672 3422 1721 τῶν
3453 1668 3659 1741 νόμων,

2154 1758 2256 1813 Καὶ
2288 1755 2529 1812 τοῦτοδὲ
2566 1778 2657 1829 μοι
2691 1751 2971 1831 πρόσλαϐε
3001 1757 3271 1831 τυγχάνον
3304 1756 3624 1830 ἀναγκαῖον.

2153 1848 2240 1909 Ὡς
2273 1848 2325 1900 οἱ
2354 1847 2573 1907 κανόνες
2606 1845 2834 1907 ἅπαντες
2864 1850 2971 1899 τῶν
2991 1844 3196 1917 νόμιον,
3228 1845 3558 1923 στεφηφόρε,

2150 1936 2472 2009 Ὑπόσαοροι
2505 1936 2862 2010 τυγχάνουσι,
2896 1931 3183 2007 ψευδονται
3213 1935 3313 2009 γὰρ
3348 1934 3397 1989 ἐν
3436 1934 3605 2011 μέρει.

2150 2024 2335 2079 Κανὼν
2379 2022 2435 2078 δὲ
2470 2022 2582 2077 ἐστι
2611 2028 2707 2078 τοῦ
2738 2024 3055 2099 πράγματος
3085 2025 3514 2095 συντετμημὲνος
3546 2022 3734 2100 λόγος.

2149 2116 2319 2186 ’Όπερ
2353 2114 2424 2174 ὡς
2460 2113 2810 2186 ὑποκείμενον
2843 2112 3108 2188 τυγχάνει
3136 2117 3214 2183 τῷ
3242 2113 3452 2180 κανόνι,

2152 2200 2388 2281 Σφειλάς
2416 2200 2460 2256 δ’
2493 2202 2763 2270 ἐκπίπτει,
2796 2200 3048 2269 δέσποτα,
3083 2202 3171 2256 καὶ
3201 2206 3297 2256 τοῦ
3333 2203 3693 2275 ύποκειμενου

2151 2296 2294 2356 Τοὺς
2326 2294 2530 2367 νόμους
2557 2291 2613 2348 δὲ
2653 2292 2990 2370 βουλόμενος
3024 2295 3226 2357 πάντας
3255 2315 3339 2348 σοι
3369 2296 3699 2367 συνοψίζειν,

2150 2384 2481 2459 Ὀριστικοῖς
2510 2385 2938 2459 προσχρήσομαι
3052 2404 3205 2455 μασι,
3234 2383 3323 2437 καὶ
3351 2382 3662 2457 συντόμοις.

2228 2472 2547 2542 Δικαιοσύνη
2583 2473 2785 2549 πέφυκε
2806 2472 3042 2545 νόμησις
3073 2476 3173 2526 τοῦ
3205 2468 3438 2527 δικαίου.

2226 2570 2441 2617 Δικαιον
2473 2561 2694 2639 φυσικόν
2730 2560 2840 2616 ἐστι
2870 2560 3052 2616 κοινὸν
3081 2566 3209 2614 πᾶσι
3240 2566 3355 2622 τοῖς
3392 2562 3572 2629 ζώοις,

2153 2654 2277 2708 Τῶν
2306 2650 2493 2723 νόμῶν
2525 2652 2551 2705 6
2589 2652 2681 2723 μὲν
2713 2648 2999 2727 ἔγγραφος,
3035 2651 3061 2704 6
3094 2646 3141 2703 δ’
3172 2647 3408 2728 ἄγραφος
3444 2650 3519 2712 ὡς
3551 2644 3697 2714 ἔθος.

2152 2739 2483 2811 Ἐλευθερία,
2517 2738 2746 2814 πέφυκεν
2784 2736 2933 2794 ἄδεια
2963 2740 3161 2815 φυσική
3194 2759 3275 2800 τις
3309 2758 3321 2771 ·

2154 2827 2386 2883 Δουλεία
2412 2826 2469 2883 δὲ
2501 2829 2742 2904 ὑποταγή
2782 2829 3040 2902 τυγχάνει
3074 2825 3406 2896 δεσποτείας,

2155 2920 2331 2989 Ἴίτις,
2365 2919 2440 2979 ὡς
2468 2915 2783 2995 ἀδιάφορος,
2817 2915 3016 2991 ἅτομόν
3048 2938 3099 2971 τι
3124 2918 3400 2992 τυγχάνει.

2153 3008 2213 3063 Ἦ
2241 3008 2494 3085 συμφορᾶ
2525 3005 2583 3061 δὲ
2598 3012 2698 3076 τῆς
2735 3007 3125 3082 μητρὸς,τοῦτ’
3158 3003 3299 3060 ἔστιν
3332 3008 3366 3075 ἡ
3394 3008 3644 3080 πορνεία,

2153 3095 2229 3154 Οὐ
2288 3096 2517 3172 βλάπτει
2565 3097 2657 3151 τὸν
2715 3095 2765 3150 ἐν
2811 3099 2880 3171 τῇ
2948 3095 3159 3172 γαστρὶ,
3218 3100 3476 3171 στεροῦη
3532 3101 3642 3151 τῶν
3702 3118 3814 3152 πα-

3502 3187 3715 3262 ἶτρῴων
3728 3229 3742 3244 .

3423 3278 3581 3333 Vera.
3613 3278 3743 3332 214.

2159 3476 2415 3533 edictum
2446 3477 2822 3549 impudenter
2870 3476 3148 3550 corrupit.
3203 3478 3353 3533 Sunt
3392 3479 3450 3532 et
3496 3474 3621 3531 aliae
3654 3492 3815 3549 quae-

2160 3567 2295 3620 dam
2328 3566 2589 3622 actiones
2641 3567 2699 3620 in
2761 3567 3002 3623 factum.
3068 3568 3282 3623 Iterum
3339 3566 3537 3638 accipe
3587 3566 3815 3622 variam

2160 3656 2455 3710 actionum
2488 3655 2877 3711 divisionem:
2939 3656 3202 3727 quaedam
3254 3655 3529 3711 oriuntur
3571 3672 3640 3711 ex
3670 3673 3817 3712 con-

2158 3744 2468 3809 tractibus,
2523 3746 2784 3816 quaedam
2834 3762 3040 3800 rursus
3091 3762 3157 3800 ex
3208 3744 3476 3800 delictis:
3539 3746 3814 3816 quaedam

2159 3838 2299 3888 sunt
2332 3833 2537 3904 reales,
2589 3835 2856 3904 quaedam
2909 3838 3112 3890 contra
3163 3850 3489 3904 personas:
3542 3835 3816 3905 quaedam

2159 3926 2298 3977 sunt
2328 3923 2489 3977 bonae
2541 3924 2695 3991 ﬁdei,
2748 3924 3014 3995 quaedam
3067 3923 3322 3978 strictae:
3378 3924 3647 3994 quaedam
3692 3941 3819 3981 rem

2159 4012 2436 4083 exigunt:
2497 4013 2763 4084 quaedam
2826 4030 3080 4085 poenam,
3133 4012 3400 4083 quaedam
3453 4016 3819 4084 utrumque:

2159 4100 2282 4155 aliae
2362 4118 2464 4172 pro
2538 4105 2657 4157 toto
2754 4106 3108 4168 moventur,
3190 4099 3319 4156 alite
3398 4118 3498 4173 pro
3584 4107 3820 4173 parte:

2159 4189 2285 4244 aliae
2344 4189 2625 4261 simplum
2684 4191 2974 4262 exigunt,
3031 4189 3155 4245 alia;
3216 4190 3485 4261 duplum,
3543 4190 3821 4262 triplum,

2159 4278 2581 4351 quadruplum,
2626 4278 2750 4334 alia;
2782 4284 2839 4335 et
2886 4279 3179 4351 amplius:
3216 4278 3342 4334 aliae
3393 4278 3693 4351 graviores
3724 4280 3819 4335 in-

2159 4369 2381 4423 famant
2430 4385 2529 4423 eos
2578 4386 2724 4439 quos
2772 4368 3075 4424 afﬁciunt:
3129 4367 3337 4439 aliqua:
3387 4374 3526 4425 sunt
3582 4372 3823 4441 tempo-

2160 4454 2332 4521 rales,
2367 4454 2575 4527 aliquze
2608 4462 2920 4528 perpetuis,
2956 4454 3165 4527 aliquae
3217 4456 3390 4510 annis
3423 4456 3825 4528 quadraginta

394 4551 579 4615 nibws,
611 4557 662 4604 et
688 4548 925 4618 Nuptiis,
958 4549 1014 4601 et
1063 4543 1187 4600 alias
1236 4544 1523 4611 actiones,
1557 4548 1613 4595 et
1642 4542 1755 4595 tria
1808 4540 2048 4595 interdi-
2080 4548 2126 4612 Ι)
2159 4544 2763 4615 deﬁniuntur,aliquaa
2780 4545 3282 4601 transeuntetiam
3300 4544 3822 4603 contrabzeredes:

395 4644 523 4694 cta:
560 4653 764 4693 omnes
797 4634 911 4691 illae
940 4634 1199 4689 actiones
1233 4636 1371 4687 sunt
1400 4628 1777 4700 obligationis
1808 4646 1879 4683 0x
1909 4644 2046 4683 con-

395 4745 596 4784 sensu.
630 4728 763 4790 Quae
795 4726 866 4780 ob
900 4739 1101 4779 curam
1151 4736 1347 4777 rerum
1394 4718 1721 4774 alienarum
1750 4717 2048 4773 nesciente

395 4817 635 4873 domino
686 4818 1044 4885 susceptam,
1109 4815 1391 4875 movetur,
1452 4823 1628 4878 quam
1689 4808 2048 4879 Negotiorum

392 4911 668 4977 gestorum
720 4906 946 4972 vocant,
998 4903 1333 4956 contractus
1383 4895 1613 4950 videtur
1643 4912 1771 4951 esse
1818 4900 2047 4950 contra-

394 5004 545 5052 ctus.
600 4993 901 5057 Similiter,
966 4990 1185 5053 Tutelae,
1237 5003 1362 5057 quae
1422 4990 1624 5052 contra
1680 4990 1941 5039 tutores:
1976 4986 2048 5039 De

393 5087 773 5141 communium
819 5096 1008 5136 rerum
1054 5077 1339 5143 diuisione,
1390 5073 1455 5129 de
1484 5075 1719 5142 peculio,
1755 5090 1823 5128 ex
1870 5078 2046 5127 testa-

394 5183 618 5240 mento,
653 5169 970 5238 Institoria,
1016 5164 1391 5233 Exercitoria,
1426 5178 1553 5235 quae
1602 5169 1805 5218 contra
1837 5168 2047 5217 nautas

393 5268 450 5318 et
481 5278 797 5335 caupones,
854 5263 917 5314 ut
973 5258 1033 5312 in
1082 5254 1275 5310 navim
1333 5252 1423 5306 vel
1476 5253 1781 5307 tabernam
1815 5255 2049 5322 recepta

394 5354 729 5408 restituant.
793 5347 1175 5404 Interdictum
1234 5342 1387 5414 quod
1450 5343 1691 5409 Quorum
1743 5341 2048 5411 legatorum

393 5441 629 5510 dicitur,
662 5441 835 5508 Usus,
871 5436 1269 5503 usust'ructus,
1300 5435 1358 5486 et
1388 5430 1511 5484 aliae
1555 5429 1753 5485 multae
1786 5430 2047 5485 actiones

394 5534 534 5585 sunt
564 5546 768 5585 omnes
818 5544 887 5584 ex
917 5524 1085 5598 quasi
1135 5519 1555 5578 contractibus.
1611 5518 1885 5574 Actiones
1919 5535 2047 5573 rur-

395 5634 529 5674 sum
562 5618 733 5691 quasi
764 5634 833 5674 ex
878 5614 1139 5671 delictis:
1174 5626 1304 5683 quae
1326 5609 1501 5663 datur
1529 5612 1734 5663 contra
1760 5606 2047 5679 judicem,

399 5707 499 5782 qui
530 5708 731 5763 contra
780 5705 940 5777 leges
979 5698 1302 5776 judicavit:
1354 5714 1481 5770 qua
1530 5702 1734 5754 contra
1777 5713 1912 5753 eum
1945 5695 2047 5770 qui

2157 4638 2296 4687 sunt
2327 4636 2382 4688 et
2413 4632 2523 4687 illa:
2568 4650 2715 4705 quas
2764 4634 3099 4689 arbitraria:
3127 4638 3356 4704 vocant,
3389 4650 3519 4705 quae
3542 4634 3823 4705 judiciali

2157 4721 2400 4777 arbitrio
2424 4722 2801 4777 instruuntur
2822 4722 3121 4793 exjudicis
3141 4721 3565 4777 aestimationes
3582 4723 3633 4779 si
3655 4723 3823 4779 velit.

2228 4809 2328 4863 Est
2384 4809 2691 4882 multiplex
2749 4811 2865 4865 alia
2916 4810 3109 4883 legum
3171 4810 3403 4866 divisio.
3463 4812 3626 4876 Quod
3680 4828 3825 4869 vero

2156 4913 2314 4951 nunc
2347 4896 2487 4950 mihi
2523 4897 2920 4953 necessarium
2974 4897 3224 4965 videtur,
3278 4896 3513 4969 accipe:
3565 4904 3631 4953 ut
3658 4901 3825 4971 quod

2157 4985 2570 5056 omneslegum
2587 5003 2863 5055 canones,
2884 5004 2916 5041 ο
2939 4986 3106 5059 imp.,
3129 4987 3464 5059 subputridi
3490 4993 3827 5054 sunt,men-

2155 5072 2388 5127 tiuntur
2417 5074 2568 5128 enim
2602 5090 2669 5129 ex
2704 5080 2883 5145 parte.
2940 5078 3131 5130 Canon
3179 5079 3375 5129 autem
3430 5092 3533 5131 seu
3567 5075 3831 5148 Regula,

2156 5166 2245 5216 est
2274 5178 2469 5217 sermo
2525 5179 2646 5217 rem
2708 5164 2955 5219 breviter
3010 5163 3297 5228 dividen,
3334 5180 3461 5235 qua
3518 5171 3609 5220 est
3647 5167 3832 5237 quasi

2157 5251 2490 5321 subjectum
2548 5250 2782 5323 regulae,
2831 5269 2959 5325 quin
3008 5251 3109 5307 ubi
3158 5252 3217 5306 in
3272 5251 3468 5323 aliquo
3513 5254 3757 5321 titubat,
3793 5274 3832 5313 ο

2157 5341 2339 5408 dom.,
2375 5356 2405 5394 e
2436 5340 2700 5407 subjecto
2750 5341 2981 5395 excidit.
3018 5342 3088 5394 At
3137 5341 3274 5409 quia
3331 5343 3495 5396 sedet
3528 5341 3583 5397 in
3617 5343 3832 5401 animo

2155 5426 2261 5482 tibi
2296 5443 2502 5482 omnes
2534 5426 2690 5499 leges
2733 5426 2791 5481 in
2843 5426 3261 5499 compendium
3306 5427 3590 5499 redigere,
3624 5429 3835 5488 verbis

2157 5520 2293 5571 utar
2320 5515 2637 5572 deﬁnitivis
2670 5520 2725 5571 et
2768 5516 3079 5584 brevibus;
3110 5516 3350 5572 Justitia
3379 5520 3470 5572 est
3509 5518 3660 5588 justi
3692 5518 3835 5576 dis-

2156 5603 2419 5660 tributio.
2451 5604 2560 5660 Jus
2591 5603 2859 5660 naturale
2897 5608 2986 5660 est
3015 5620 3327 5660 commune
3376 5605 3655 5661 omnibus
3683 5608 3832 5663 ani-

2158 5693 2479 5752 mantibus.
2533 5694 2751 5767 Legum
2798 5693 2915 5751 alia
2943 5698 3034 5750 est
3081 5696 3322 5767 scripta,
3353 5693 3469 5750 alia
3517 5712 3632 5753 non
3666 5699 3828 5757 scri-
