4088 6350
259 469 266 471 _
307 414 430 478 933

310 545 481 610 Οὖθὶν
511 542 666 606 εἴτις
698 545 773 616 (1)
806 541 1120 616 ἐλευθεροῦν
1154 539 1430 604 δανειστὰς
1472 543 1848 622 περιγράφων,

309 636 462 692 Μετά
487 635 586 703 τήν
609 627 778 705 ἥϐην,
809 633 1036 707 γράψειν
1059 652 1142 693 τις
1175 628 1395 686 δύναται
1429 628 1720 702 διαθήκην·

312 726 668 800 ἘΛευΘεροῦν
701 720 760 777 δὲ
791 719 1010 776 δύναται
1043 722 1070 775 6
1103 717 1572 790 ἑπτακαιδεκέτης.

305 819 427 869 Τῶν
457 811 667 868 παίδων
702 809 1030 882 ὑπεξούσιοι,
1065 810 1117 864 οἱ
1147 808 1208 864 ἐκ
1235 811 1487 882 νομίμων
1521 813 1742 884 γάμων,

309 904 478 961 Οὗτοι
509 901 610 977 γὰρ
647 900 807 974 μόνοι
835 903 1082 972 νομικῶς
1116 898 1380 954 ὑπάκουσι
1411 898 1694 972 πατράσιν.

312 991 383 1050 Εἴ
407 1013 491 1054 τις
524 991 584 1046 ἐκ
613 991 804 1070 φίσκου
831 983 996 1045 λάϐοι
1024 1010 1077 1043 τι
1111 985 1416 1062 δωροῦντος
1461 985 1750 1064 βασιλέως,

304 1084 370 1138 Ἣ
407 1079 790 1137 συναλλάττων
824 1080 958 1155 πρὸς
992 1077 1176 1148 αὐτοῦ,
1211 1077 1366 1141 εὐθὺς
1392 1075 1589 1132 τούτου
1622 1073 1894 1147 δεσπόζει,

310 1172 556 1232 Ἐκεῖνος
589 1167 648 1225 δὲ
676 1170 918 1244 ἐνάγεται
956 1168 1121 1244 μέχρι
1150 1170 1476 1243 τετραετίας.

306 1263 374 1318 Ἡ
403 1281 596 1336 μορτις
627 1279 796 1315 καυσα
828 1255 1025 1332 δωρεά,
1058 1254 1202 1312 ἔοικε
1229 1262 1310 1329 τῷ
1341 1255 1575 1332 λεγάτῳ.

306 1350 392 1406 Τὰ
419 1357 518 1420 τῆς
546 1349 776 1426 προικὸς
806 1347 1033 1418 ἀκίνητα
1064 1346 1172 1421 οὐχ
1203 1344 1493 1416 ὑποτίθησί
1523 1367 1629 1409 τις,

306 1437 454 1495 Οὖδε
484 1440 803 1514 πιπράσκειν
840 1434 1083 1505 δύναται,
1112 1434 1229 1490 οὐδ’
1261 1435 1494 1490 έκποιεῖν
1529 1431 1796 1497 οὒδόλως.

308 1525 633 1598 Ἐκποίησιν
667 1527 694 1580 6
726 1524 1000 1586 πούπιλος
1034 1523 1369 1599 πραγμάτων
1399 1523 1460 1577 οὗ
1494 1527 1751 1590 ποιεῖται,

311 1613 458 1674 Οὖδέ
485 1637 536 1670 τι
569 1614 821 1690 πράττειν
855 1611 1073 1668 δύναται
1107 1613 1283 1689 χωρὶς
1302 1617 1410 1666 τῶν
1440 1610 1768 1686 ἐπιτρόπων,

315 1712 358 1760 Κ
401 1705 414 1722 ι
482 1703 525 1758 ἱ*
605 1704 619 1726 ε
675 1725 695 1736 ,
776 1702 790 1724 Ι
1018 1702 1030 1720 \
1071 1700 1095 1720 κ
1133 1707 1157 1718 ν
1557 1701 1568 1720 Ι

363 1727 414 1759 αι
449 1727 478 1759 υ
508 1725 565 1766 ος
599 1705 914 1775 υπιξουσιος
944 1725 1034 1758 και
1067 1703 1266 1763 ὸουλος
1294 1705 1675 1778 προσποριζει,

301 1796 371 1851 Ὀ
405 1795 500 1866 μέν
532 1814 591 1867 γε
628 1797 708 1865 τῷ
739 1789 1078 1862 δεσπόζοντι,
1112 1792 1139 1845 6
1175 1788 1232 1844 δὲ
1260 1795 1339 1862 τῷ
1373 1786 1724 1867 φυτοσπὸρῳ.

305 1881 422 1939 Κᾶν
462 1884 538 1956 μὴ
569 1883 910 1958 τυγχάνωσιν
945 1881 1098 1936 αὐτοὶ
1129 1882 1228 1950 τήν
1259 1879 1449 1954 πρᾶξιν
1482 1877 1799 1954 ἐγνωκότες,

305 1973 437 2033 Υἱὸς
469 1969 528 2026 δὲ
560 1969 690 2046 δίχα
719 1974 818 2026 τοῦ
847 1970 1074 2044 πατρὸς,
1108 1971 1142 2040 ἢ
1177 1966 1375 2029 δοῦλος
1402 1972 1498 2022 τοῦ
1530 1964 1814 2035 δεσπότου,

311 2060 394 2119 Οὐ
423 2059 644 2116 δύναται
674 2059 1070 2133 κληρονομεῖν,
1104 2057 1228 2113 ἀλλ’
1264 2055 1391 2112 οὐδὲ
1422 2053 1708 2128 ἀδιτεύειν,

315 2149 423 2204 Κάν
449 2170 533 2212 τις
562 2147 1090 2226 οὐσουφρουκτάριος
1121 2150 1257 2221 ἡμῖν
1291 2145 1433 2202 ἐστιν
1466 2143 1703 2214 οἰκέτης,

315 2238 537 2315 Εἶσάγει
567 2239 660 2294 τὸν
687 2237 1129 2314 προσπορισμὸν,
1165 2236 1345 2310 ὥσπερ
1379 2237 1407 2290 6
1443 2236 1574 2311 βονα
1601 2231 1744 2313 φιδε.

311 2329 381 2386 Ὀ
411 2325 858 2406 φιδικομισάριος
883 2326 980 2381 ’σὺν
1011 2331 1092 2398 τῷ
1123 2325 1448 2401 λιγαταρίῳ,

312 2414 661 2491 Ὀλόκληρον
694 2413 959 2491 διαδοχὴν
993 2416 1095 2470 οὐκ
1118 2409 1309 2490 ἔχουσι
1343 2412 1574 2482 δικαίου,

308 2511 376 2565 Ὁ
403 2505 758 2583 κληρονόμος
793 2505 961 2579 μόνος
985 2506 1087 2581 γὰρ
1117 2506 1181 2560 τὸ
1213 2501 1422 2560 δῖκαιον
1450 2506 1598 2560 τοῦτ’
1629 2500 1770 2580 ἔχει.

313 2595 604 2673 Ἀγράφως
634 2592 962 2658 διατίθεσθαι
995 2593 1093 2648 οὐκ
1123 2593 1391 2669 εἴργουσιν
1427 2596 1480 2649 οἱ
1510 2594 1694 2666 νόμοι.

311 2684 640 2748 Οἷκειακοῦς
671 2682 728 2739 δὶ
761 2685 1039 2760 μάρτυρας
1070 2682 1296 2746 εἰκότως
1325 2684 1622 2748 ἀθετοῦσιν.

308 2771 380 2830 Εἳ
403 2795 486 2836 τις
520 2770 762 2828 διάθοιτο
783 2773 952 2848 τυχὸν
983 2777 1090 2827 τῶν
1123 2771 1651 2848 έκστρατευομένων,

307 2864 376 2918 Ἦ
407 2859 644 2933 διαθήκη
675 2856 904 2938 ἔῤῥωται
946 2860 1024 2924 εἷς
1055 2859 1368 2936 ὁλόκληρον
1401 2862 1626 2937 χρόνον.

308 2952 411 3006 Καὶ
450 2951 582 3026 μετὰ
611 2951 708 3020 τήν
741 2951 992 3021 ἀθέτησιν
1023 2957 1122 3020 τῆς
1149 2951 1415 3026 προτέρας
1447 2950 1750 3026 στρατείας.

332 3046 380 3099 Ο
408 3038 455 3095 δ’
490 3039 804 3112 ὁπεξούσιος
837 3039 952 3102 υἱὸς
985 3039 1047 3094 οὗ
1077 3045 1226 3095 ποιεῖ
1257 3037 1538 3112 διαθήκας,

1664 411 2040 474 SYNOPSIS
2089 413 2371 476 LEGUM.

3612 425 3732 486 931

1989 547 2040 611 Α
2071 541 2178 602 Κάν
2212 544 2238 598 ὁ
2269 547 2448 619 πατὴρ
2476 545 2771 616 κελεύσειε,
2803 548 2984 624 χωρὶς
3021 553 3126 604 τῶν
3151 552 3534 628 καστρενσίων,

2076 632 2190 689 Οὐκ
2215 634 2496 710 ἀνατρέπει
2528 633 2748 698 ἕκαστος
2778 633 3052 711 προϐἆσαν
3088 637 3376 712 διαθήκην.

2078 722 2136 777 Εἰ
2171 721 2227 777 δέ
2255 745 2338 786 τις
2362 724 2778 800 ἐμμαγκιπατος
2809 723 3325 802 κοντραταϐοόλλας
3357 729 3496 807 ἔχει.

2077 812 2174 866 Καὶ
2209 810 2407 868 δοῦλον
2437 811 2492 868 εἷ’
2511 835 2596 875 τις
2630 814 2889 889 βούλοιτο
2922 815 3098 872 ἐνίστα
3123 816 3500 894 κληρονόμον.

2077 901 2416 977 Οὐγκίασμοι
2449 901 2506 957 δὲ
2538 900 2770 969 δώδεκα,
2798 904 2993 978 μέτρον
3033 905 3439 981 κληρονομίας.

2075 991 2162 1046 Ὠς
2193 991 2221 1044 ὁ
2246 989 2540 1067 τεστάτωρ,
2575 989 2818 1059 δύναται,
2858 993 3076 1062 οτκέτης
3103 995 3476 1072 κληρονόμος.

2077 1077 2272 1142 Οὐδεὶς
2301 1077 2696 1154 διατιθέμενος,
2724 1082 2773 1136 εἴ
2806 1084 2880 1154 μὴ
2909 1083 2945 1156 ᾖ
2973 1097 3331 1159 στρατιώτης,

2077 1169 2242 1244 Μέρει
2279 1171 2372 1242 μὲν
2409 1167 2723 1236 διατίθεται,
2761 1173 2911 1246 μέρει
2939 1169 2986 1226 δ’
3017 1175 3104 1242 οὐ,
3137 1181 3235 1244 τῆς
3267 1175 3474 1239 οὐσίας.

2077 1259 2260 1315 Ἔστιν
2295 1259 2748 1328 ἀποκατάστασις,
2785 1261 2926 1315 οὕτω
2955 1259 3026 1331 ’δὴ
3058 1264 3392 1336 τυπουμένη,

2077 1346 2505 1421 Κληρονομείτω
2537 1351 2718 1410 Τίτιος
2746 1355 2852 1404 τῶν
2885 1349 3123 1422 ἐμαυτοῦ
3156 1354 3511 1428 πραγμάτων

2077 1436 2140 1490 Εἰ
2172 1433 2217 1490 δ’
2248 1436 2402 1498 οὗτος
2432 1438 2494 1491 οὐ
2529 1435 2892 1514 βεϐούληται,
2925 1439 3130 1514 πρίμος
3164 1440 3610 1517 κληρονομείτω.

2077 1527 2592 1602 Ἀθεμιτογαμήσας
2620 1549 2702 1588 τις
2730 1529 2816 1582 καὶ
2847 1526 3035 1589 δεινῶς
3059 1537 3405 1602 τιμωρεῖται,

2075 1614 2174 1668 Καὶ
2204 1620 2310 1668 τῶν
2339 1615 2637 1690 τεχθέντων
2671 1617 2722 1687 ἐξ
2755 1617 2924 1671 αὐτοῦ
2957 1617 3022 1672 οὐ
3052 1620 3475 1690 κατεξουσιάζει.

2075 1704 2139 1758 Εἰ
2171 1701 2228 1758 δέ
2255 1726 2337 1766 τις
2365 1703 2559 1766 παῖδας
2589 1705 2762 1761 ἔτεκεν
2793 1706 2850 1760 ἐκ
2880 1707 3133 1777 παλακῆς
3163 1714 3456 1785 προτέρας,

2077 1794 2365 1867 Νομίμους
2403 1794 2770 1870 ἀπεργάσηται
2803 1798 3096 1872 πρεικῴοις
3126 1797 3180 1852 έν
3226 1801 3567 1877 συμφώνοις,

2074 1881 2341 1958 Τέταρτον
2377 1885 2542 1956 μέρος
2573 1891 2840 1960 χρεωστεῖ
2861 1891 2939 1956 τῷ
2970 1887 3363 1959 υἱοθετηθέντι,

2078 1973 2403 2043 Υἱοθετήσας
2434 1973 2516 2035 τίς
2541 1995 2660 2028 τινα
2689 1979 2796 2028 τῶν
2825 1976 3015 2030 ἑαυτοῦ
3047 1977 3401 2053 πραγμάτιον.

2077 2059 2307 2128 Ἀτελής
2336 2063 2757 2137 συγγινώσκεται
2790 2066 2996 2139 μήτηρ,
3034 2065 3108 2136 μὴ
3142 2065 3444 2121 ἀπαιτοῦσα

2077 2153 2190 2207 Τοῦ
2213 2148 2410 2225 ἀνδρὸς
2437 2150 2862 2222 τελευτήσαντος
2894 2151 3184 2225 ἐπίτροπον
3215 2159 3333 2217 τοῖς
3362 2155 3595 2218 τέκνοις.

2078 2241 2380 2315 Ἐπιτροπή
2414 2238 2470 2295 δὲ
2499 2240 2703 2319 πέφυκε
2731 2243 2934 2315 νομικὴ
2969 2240 3178 2314 ἐξουσία

2077 2330 2208 2385 Κατ’
2239 2328 2522 2405 ἐλευθέρας
2553 2329 2818 2408 κεφαλῆς,
2853 2331 2928 2393 εἷς
2962 2333 3216 2406 βοήθειαν
3247 2332 3471 2404 ταύτης.

2075 2416 2412 2494 Ἐπίτροπος
2443 2416 2500 2473 δὲ
2529 2416 2727 2473 διοικεῖ
2755 2419 2920 2495 μέχρι
2951 2428 3051 2490 τῆς
3079 2416 3218 2492 ἥϐης
3256 2423 3442 2495 μόνον,

2077 2506 2348 2570 Ἐντεῦθεν
2381 2503 2439 2560 δὲ
2469 2505 2775 2576 αὐθέξονται
2807 2528 3135 2584 κουρατορες
3166 2514 3263 2564 τοῦ
3293 2509 3437 2568 νέου.

2075 2595 2370 2670 Ἀγνάτους
2401 2595 2495 2667 μὲν
2525 2594 2775 2667 ὠνόμαζε
2802 2597 2928 2658 τοὺς
2959 2596 3011 2666 ἐξ
3041 2597 3280 2672 ἀρῥένων
3312 2599 3512 2656 τόκων.

2078 2685 2386 2758 Κογνατους
2415 2681 2458 2738 δ’
2485 2683 2804 2757 ἐπωνόμαζε
2833 2685 2962 2749 τοὺς
2990 2683 3050 2741 ἐκ
3079 2684 3433 2761 θηλυγονίας.

2075 2774 2214 2848 Ἔφη
2226 2767 2322 2834 ϐος
2351 2771 2554 2848 γίνεται
2578 2773 2606 2826 6
2636 2778 2762 2834 παῖς
2791 2773 2924 2828 ἐτῶν
2958 2772 3383 2852 δεκατεσσάρων,

2072 2857 2316 2939 νΕφηεος
2347 2859 2404 2916 δέ
2423 2883 2481 2916 τε
2511 2861 2708 2932 θήλεια
2736 2862 2871 2917 οὖσα
2902 2860 3267 2935 δωδεκαέτης.

2073 2953 2169 3023 Τῷ
2199 2947 2384 3026 ἔχοντι
2415 2949 2704 3025 ἐπίτροπον
2733 2953 3018 3027 κουράτῳρ
3053 2950 3261 3009 δέδοταί
3289 2976 3396 3019 τις.

2073 3046 2405 3116 Κατηγορεῖν
2439 3040 2501 3096 οὐ
2534 3037 2748 3096 δύναται
2781 3036 2982 3112 ἄνηϐος
3013 3041 3332 3119 ἐπιτρόπου,

3315 3138 3459 3193 Vers
3486 3135 3613 3192 272.

1996 1929 2045 1993 B

314 3430 512 3502 pta,ut
541 3426 928 3484 consuetudo.
962 3426 1228 3483 Libertas
1276 3426 1658 3498 estquaadam
1693 3422 1978 3480 naturalis
2007 3427 2051 3490 C
2089 3421 2215 3478 rius
2235 3425 2293 3477 et
2348 3419 2666 3492 legatarius
2713 3421 2772 3476 in
2825 3421 3167 3478 universum
3209 3421 3312 3494 jus
3361 3439 3476 3480 non
3535 3441 3738 3482 succe-

309 3516 585 3573 licentia:
634 3515 884 3572 servitus
916 3520 1006 3572 est
1055 3515 1348 3587 subjectio
1404 3512 1814 3582 dominationi,
1845 3529 1973 3584 qua

309 3612 378 3663 ut
410 3604 640 3661 nullam
669 3604 894 3661 habens
924 3603 1340 3673 diﬂerentiam,
1398 3603 1769 3658 individuum
1829 3601 1970 3674 quid

309 3695 480 3750 dicit.
514 3693 830 3749 Calamitas
861 3692 1089 3762 matris,
1150 3691 1206 3747 id
1237 3697 1328 3747 est
1357 3690 1726 3747 meretricius
1760 3689 1970 3757 coitus,

308 3799 431 3840 non
467 3788 638 3840 nocet
668 3784 718 3839 ei
751 3782 854 3856 qui
885 3787 976 3838 est
1005 3782 1064 3837 in
1105 3788 1325 3851 ventre,
1377 3782 1616 3853 privans
1668 3780 1839 3836 bonis
1877 3797 1974 3851 pa-

308 3873 1026 3930 ternis.0ircumscribens
1057 3872 1376 3928 creditores
1409 3869 1824 3926 manumittere
1855 3886 1970 3924 non

311 3965 529 4035 potest.
551 3961 689 4017 Post
724 3961 1090 4033 pubertatem
1152 3965 1344 4033 potest
1389 3958 1522 4032 quis
1571 3958 1827 4014 scribere
1883 3963 1970 4013 te.

311 4055 702 4108 stamentum.
733 4051 935 4105 Annos
965 4054 1140 4105 natus
1171 4050 1372 4104 decem
1403 4055 1462 4104 et
1499 4052 1722 4118 septem
1757 4063 1968 4102 manu-

312 4143 552 4196 mittere
582 4144 796 4212 potest.
832 4139 1021 4195 Liberi
1082 4138 1141 4193 in
1198 4141 1484 4210 potestate
1543 4142 1704 4205 sunt,
1758 4138 1860 4208 qui
1901 4153 1970 4192 ex

310 4228 596 4302 legitimis
621 4228 845 4300 nuptiis
877 4228 1186 4299 procreati,
1237 4226 1320 4281 illi
1353 4227 1509 4282 enim
1563 4224 1671 4281 soli
1711 4224 1970 4296 legitime

309 4319 664 4390 parentibus
694 4317 997 4372 obediunt.
1031 4316 1094 4371 Si
1126 4315 1260 4387 quis
1291 4333 1361 4370 ex
1409 4314 1789 4386 imperatoris
1820 4315 1967 4369 libe-

309 4409 549 4462 ralitate
579 4423 613 4460 a
643 4406 784 4460 ﬁsco
818 4421 941 4460 rem
967 4404 1238 4476 accipiat,
1275 4407 1378 4458 aut
1426 4403 1540 4458 alio
1574 4405 1747 4458 modo
1778 4402 1850 4458 ab
1901 4419 1968 4458 eo

308 4511 435 4551 rem
486 4500 805 4566 comparet,
864 4493 1064 4548 statim
1126 4493 1314 4564 ipsius
1396 4492 1463 4547 ﬁt
1518 4491 1815 4559 dominus,
1862 4508 1968 4547 nec

306 4589 445 4656 post
467 4583 923 4656 quadriennium
985 4583 1346 4637 convenitur.
1376 4581 1580 4636 Mortis
1627 4596 1808 4635 causa
1863 4581 1965 4636 do-

309 4673 498 4737 natio,
525 4671 736 4727 similis
764 4678 854 4727 est
877 4671 1088 4742 legato.
1150 4670 1487 4725 Immobilia
1522 4670 1672 4724 bona
1723 4668 1964 4737 dotalia,

306 4778 504 4833 neque
538 4760 766 4833 pignori
819 4765 876 4816 et
926 4759 1266 4832 hypotheczs
1325 4757 1474 4823 dari,
1527 4772 1716 4830 neque
1771 4757 1964 4824 vendi,

306 4867 507 4922 neque
545 4849 808 4917 alienari,
869 4849 1072 4904 fraude
1127 4849 1304 4903 etiam
1374 4865 1489 4904 non
1541 4847 1960 4904 interveniente

308 4943 584 5011 possunt.
619 4937 886 5010 Pupillus
946 4954 1050 4993 nec
1103 4953 1196 4993 res
1253 4954 1392 4993 suas
1449 4937 1725 5004 alienare,
1772 4951 1960 5006 neque

308 5028 540 5099 aliquid
575 5043 746 5100 agere
775 5031 969 5099 potest
1008 5027 1134 5081 sine
1156 5026 1474 5081 tutoribus.
1501 5025 1685 5080 Filius
1708 5023 1961 5080 familias

305 5122 371 5172 et
428 5133 634 5172 servus
678 5115 1010 5188 acquirunt,
1071 5115 1168 5170 hic
1217 5113 1479 5185 domino,
1557 5114 1653 5170 ille
1711 5113 1960 5185 parenti,

305 5205 547 5261 etiamsi
573 5211 816 5278 uterque
845 5220 968 5260 rem
995 5203 1492 5275 gestamignoret:
1531 5203 1688 5259 ﬁlius
1723 5203 1961 5275 quidem

306 5298 370 5351 et
410 5311 637 5361 servus,
691 5295 819 5350 sine
875 5293 1060 5366 patris
1116 5296 1173 5348 et
1218 5293 1441 5348 domini
1486 5307 1776 5349 consensu
1826 5309 1964 5348 suc-

305 5384 518 5441 cedere
541 5401 652 5440 non
706 5388 976 5455 possunt,
1001 5399 1106 5438 nec
1163 5382 1564 5438 hereditatem
1614 5382 1795 5437 adire.
1830 5382 1960 5437 Ser-

299 5489 420 5530 vus
444 5474 922 5530 usufruetuarius
953 5473 1125 5528 nobis
1161 5473 1428 5542 acquirit,
1459 5473 1959 5543 quemadmodum

301 5562 461 5619 liber
480 5563 655 5620 homo
687 5563 790 5636 qui
846 5563 1002 5618 bona
1055 5561 1170 5617 fide
1198 5561 1395 5617 servit.
1432 5561 1590 5618 Fidei
1621 5560 1962 5618 commissa-

379 5733 461 5809 (1)
493 5730 570 5791 Οὐ
604 5731 774 5789 σθένει
804 5752 909 5797 τις.

2083 3513 2232 3568 dunt
2265 3527 2279 3567 :
2311 3511 2369 3566 id
2400 3510 2557 3566 enim
2581 3510 2686 3580 jus
2742 3510 2904 3567 solus
2959 3511 3144 3568 haeres
3188 3512 3387 3570 habet.
3418 3514 3554 3572 Sine
3593 3517 3738 3572 scri-

2081 3605 2182 3673 pto
2229 3599 2432 3656 testari
2512 3599 2670 3671 leges
2722 3616 2836 3655 non
2920 3601 3234 3671 prohibent
3283 3618 3297 3657 :
3378 3604 3736 3660 domesticos

2080 3693 2312 3764 quidem
2344 3695 2528 3747 testes
2571 3691 2812 3746 meritos
2869 3691 3226 3762 improbant.
3271 3693 3519 3764 Si—quis
3565 3699 3738 3752 testa-

2080 3788 2180 3838 tus
2213 3781 2386 3837 fuerit
2431 3781 2502 3835 de
2554 3780 2976 3848 castrensibus,
3029 3785 3447 3837 testamentum
3481 3784 3539 3839 in
3565 3799 3737 3840 omne

2079 3875 2314 3940 tempus
2370 3867 2546 3936 valet,
2601 3867 2777 3922 etiam
2853 3872 2983 3939 post
3031 3869 3461 3925 abdicationem
3524 3872 3737 3943 prioris

2081 3959 2327 4016 militias.
2360 3957 2686 4012 Filiusl‘am.
2732 3959 3156 4013 testamentum
3189 3975 3306 4013 non
3329 3959 3486 4028 facit,
3521 3977 3736 4032 quam-

2077 4046 2166 4102 vis
2199 4050 2362 4118 pater
2383 4045 2615 4117 jubeat,
2647 4044 2761 4100 nisi
2819 4045 2890 4100 de
2939 4045 3362 4104 castrensibus.
3411 4049 3590 4105 Furor
3628 4051 3733 4105 ad-

2074 4136 2316 4192 veniens
2345 4152 2462 4191 non
2494 4135 2702 4191 evertit
2731 4135 2895 4207 prius
2927 4135 3232 4192 conditum
3282 4141 3728 4194 testamentum.

2078 4225 2282 4292 Filius,
2309 4225 2358 4281 si
2388 4225 2817 4296 emancipatus,
2849 4225 3027 4280 habet
3074 4226 3358 4282 bonorum
3405 4227 3735 4298 possessio-

2077 4330 2211 4369 nem
2239 4318 2442 4369 contra
2489 4312 2742 4369 tabulas.
2803 4315 3040 4369 Servum
3091 4316 3286 4384 etiam,
3339 4316 3388 4372 si
3446 4317 3582 4388 quis
3637 4334 3732 4373 ve-

2075 4401 2166 4472 lit,
2198 4407 2390 4474 potest
2445 4403 2733 4457 hasredem
2782 4402 3110 4458 instituere.
3169 4404 3488 4460 Duodecim
3551 4405 3734 4460 uncias

2076 4498 2217 4548 sunt
2284 4510 2562 4548 mensura
2613 4493 2991 4548 haereditatis.
3049 4493 3119 4549 Ut
3204 4501 3474 4564 testator,
3542 4499 3734 4568 potest

2076 4583 2262 4638 haeres
2293 4597 2422 4637 esse
2452 4582 2834 4638 domesticus.
2870 4582 3052 4637 Nemo
3106 4583 3218 4639 nisi
3251 4585 3420 4641 miles
3469 4601 3538 4640 ex
3568 4589 3732 4656 parte

2076 4672 2146 4726 de
2177 4688 2237 4726 re
2267 4688 2374 4726 sua
2428 4675 2702 4740 testatur,
2753 4688 2856 4742 pro
2915 4677 3077 4742 parte
3123 4689 3234 4728 non
3269 4678 3545 4739 testatur,
3578 4673 3732 4729 Sub-

1993 4795 2042 4858 D
2075 4759 2303 4815 stitutio
2326 4759 2409 4815 sic
2441 4762 2764 4815 formatur:
2799 4759 3016 4815 Rerum
3051 4778 3315 4817 mearum
3337 4764 3526 4819 Titius
3543 4762 3729 4818 haeres

2071 4851 2196 4902 esto
2229 4848 2316 4915 ;si
2350 4847 2448 4902 ille
2478 4846 2752 4912 noluerit,
2810 4848 3044 4903 Primus
3102 4849 3285 4907 haeres
3341 4856 3484 4908 esto.
3544 4852 3718 4907 Nefa-

2069 4933 2185 4989 rias
2239 4935 2478 5004 nuptias
2536 4934 2888 4990 contrahens
2945 4935 3218 4992 atrociter
3274 4939 3541 5010 punitur,
3601 4953 3735 4993 neck

2068 5025 2286 5080 liberos
2343 5039 2411 5077 ex
2460 5021 2578 5078 illis
2629 5028 2798 5078 natos
2875 5023 3053 5079 habet
3105 5026 3162 5081 in
3241 5032 3550 5098 potestate.
3609 5028 3696 5091 Qu

2070 5117 2222 5172 filios
2253 5114 2456 5187 genuit
2486 5130 2554 5169 ex
2585 5113 2789 5184 pellice
2823 5115 3036 5186 priore,
3088 5116 3376 5188 legitimat
3432 5135 3531 5173 eos
3562 5117 3724 5172 dota-

2070 5205 2226 5260 libus
2299 5201 2730 5258 instrumentis.
2792 5207 3073 5270 Quartam
3145 5222 3383 5260 suorum
3436 5207 3727 5262 bonorum

2073 5296 2298 5365 partem
2322 5291 2597 5361 adoptato
2648 5289 2842 5356 debet,
2891 5291 2942 5346 is
3003 5292 3102 5362 qui
3135 5293 3450 5364 adoptavit.
3481 5293 3727 5350 Infamia

2073 5383 2139 5437 ﬁt
2169 5385 2376 5445 mater,
2409 5397 2536 5451 quae
2589 5385 2822 5436 mortuo
2878 5381 3000 5436 viro
3042 5381 3241 5438 liberis
3291 5388 3546 5440 tutorem
3613 5401 3730 5441 non

2074 5470 2462 5543 petit.Tutela
2491 5473 2581 5524 est
2602 5468 2868 5540 legitima
2899 5475 3157 5542 potestas
3190 5472 3248 5526 in
3271 5478 3446 5545 caput
3475 5473 3728 5532 liberum

2075 5560 2147 5617 ad
2204 5559 2333 5632 ejus
2389 5556 2811 5614 defensionem.
2871 5563 3052 5616 Tutor
3098 5560 3481 5620 administrat
3533 5562 3727 5621 solum
