4088 6350
476 378 594 441 935

475 505 723 590 Ἐφηόος
751 515 849 565 τοῦ
878 530 1225 586 κουρατωρος
1254 517 1526 589 συγγενῶν
1562 513 1982 589 συνεργούντων.

478 600 555 655 Τὰ
587 597 820 674 μηδενός
851 621 906 654 τε
936 598 1218 676 πρότερον,
1251 605 1347 654 τοῦ
1376 598 1915 673 προκαταλαϐόντος.

482 691 561 747 Τὸ
590 694 736 762 κῦμα
765 690 827 743 τὸ
856 689 1167 765 χειμέριον,
1198 689 1449 765 αἰγιαλὸν
1491 691 1680 764 ὁρίζει.

480 777 631 835 Ε’ίκει
660 779 726 833 τὰ
756 777 1069 851 ἐπικείμενα
1096 784 1213 844 τοῖς
1241 801 1300 854 γε
1333 781 1736 855 ὑποκειμένοις.

478 869 615 943 Ἴτερ
649 866 789 923 ἐστὶν
823 866 948 932 ὁδὸς
979 870 1159 940 στενὴ,
1194 868 1377 932 ἄκτοις
1407 874 1441 940 ἡ
1473 870 1807 946 πλατυτέρα.

475 957 537 1015 Ὀ
576 962 802 1033 πρᾶγμα
829 957 890 1012 τὸ
920 955 1212 1033 ἀλλότριον
1267 958 1498 1015 ἐκποιῶν
1535 960 1586 1014 ἐν
1620 958 1847 1031 εἰδήσει,

478 1048 549 1103 ’Ἡ
581 1044 771 1108 ἄλλως
798 1045 1126 1120 τραδιτεύων
1158 1069 1263 1120 τις,
1297 1049 1371 1111 ὡς
1402 1048 1617 1119 κλοπὴν
1647 1052 1965 1125 ἁμαρτάνει.

477 1136 707 1212 Δευτέρα
738 1133 1073 1200 διατύπωσις
1104 1137 1333 1214 ῥήγνυσι
1363 1141 1462 1208 τήν
1495 1138 1786 1215 προτέραν.

476 1226 588 1294 Τὴν
619 1223 676 1280 δὲ
708 1224 1034 1302 ῗνοφικιόζο,
1068 1222 1258 1290 παῖδες
1288 1232 1493 1281 κινοῦσι
1530 1227 1711 1300 μόνοι.

476 1313 671 1377 Οὐδείς
700 1315 1123 1378 ὑποκαθίσταται
1156 1313 1310 1370 παιδὶ
1344 1315 1776 1392 πουπιλιαρίως,

486 1403 549 1460 El
585 1405 659 1476 μὴ
692 1406 912 1475 ποιήσει
942 1405 1204 1480 πρότερον
1238 1405 1311 1466 εἰς
1340 1405 1499 1460 αὐτὸν
1533 1403 1818 1477 διαθήκην.

483 1494 545 1548 Ὁ
578 1491 720 1568 ἔχων
751 1493 850 1560 τὴν
879 1494 1183 1569 ἐναγωγην,
1216 1492 1484 1565 ἀποδείξει
1515 1496 1780 1570 βαρεῖται.

483 1580 562 1635 Τὰ
588 1585 685 1646 τῆς
714 1582 940 1654 προικὸς
966 1584 1161 1650 κινητὰ
1194 1582 1566 1656 εἰσπράττεται
1598 1584 1810 1657 αὐτίκα,

481 1675 609 1731 Τοῖς
643 1670 921 1740 ἀκινήτοις
955 1669 1267 1747 ὁλόκληρος
1301 1673 1375 1734 εἰς
1406 1674 1695 1743 ἀπαίτησιν
1728 1675 1950 1749 γρόνος,

479 1761 585 1829 Τῆς
618 1756 882 1830 διαθήκης
915 1762 949 1830 ἠ
983 1762 1187 1836 κρηπὶς
1219 1759 1463 1823 ἔνστασις
1494 1761 1870 1835 κληρονόμου.

480 1847 578 1903 Καὶ
608 1850 754 1922 τομὴ
786 1849 878 1903 καὶ
914 1850 1193 1922 μετάθεσις
1220 1850 1422 1925 γίνεται
1455 1856 1550 1905 τοῦ
1584 1849 1835 1927 λεγάτου,

479 1939 565 1993 Ἐν
598 1958 656 1992 τε
687 1936 1099 1995 διατυπώσεσιν.
1122 1934 1177 1993 ἓν
1205 1961 1264 1993 τε
1292 1944 1408 2001 τοῖς
1440 1937 1827 2002 κωδικέλλοις.

474 2027 551 2083 Τὸ
578 2027 762 2101 τρίτον
797 2027 823 2080 ὁ
856 2025 1144 2105 φαλκίδιος
1176 2026 1335 2095 σώζει
1369 2033 1447 2083 τῶ
1477 2026 1844 2102 κληρονόμῳ,

478 2118 573 2173 Ἐκ
600 2121 708 2172 τῶν
742 2116 985 2191 λεγάτων
1020 2118 1274 2189 άμάντων
1309 2118 1442 2171 κατὰ
1472 2117 1790 2192 ἀναλογίαν.

475 2208 532 2259 Ὁ
564 2203 873 2281 Αὔγουστος
898 2205 1211 2279 προσέταξε,
1244 2206 1393 2283 φασὶ,
1426 2206 1553 2267 τοὺς
1584 2205 1985 2278 κωδικέλλους,

474 2296 560 2349 Ἐν
596 2298 678 2357 οἷς
707 2292 830 2349 οὔτε
860 2292 1127 2363 ἐνίστησιν
1162 2295 1189 2347 ὀ
1219 2295 1439 2369 γράφων
1480 2297 1866 2371 κΛηρονόμον⁹

475 2380 603 2441 Οῧτ’
634 2384 852 2457 ἀφαιρεῖ
880 2384 937 2437 ὃν
968 2379 1201 2457 ἔγραψεν
1236 2384 1286 2436 ἐν
1319 2388 1386 2457 τῇ
1424 2382 1771 2442 διατυπώσει,

473 2474 551 2529 Τὸ
586 2473 677 2546 μὲν
707 2470 1144 2547 Τερτουλιάνειον
1177 2469 1366 2547 δόγμα
1395 2472 1557 2527 καλεῖ
1586 2474 1917 2549 προσφόρως

476 2560 571 2622 El:
601 2561 667 2615 τὰ
689 2565 796 2615 τῶν
824 2561 1020 2615 τέκνων
1055 2562 1350 2636 πράγματα
1380 2562 1475 2625 τὰς
1505 2561 1720 2617 ἐκείνων
1759 2562 2019 2639 μητέρας.

475 2650 550 2706 Τὸ
582 2647 638 2704 δέ
668 2651 719 2725 γ’
752 2650 1140 2725 ὐρφιτιάνειον
1181 2650 1332 2714 αὖθις
1364 2651 1423 2705 ἐκ
1451 2656 1548 2705 τοῦ
1574 2650 1839 2720 ἐναντίου,

477 2738 570 2801 Εἷς
601 2740 667 2793 τὰ
701 2741 950 2815 μητέρων
984 2740 1278 2815 πράγματα
1314 2740 1441 2802 τοὺς
1472 2738 1669 2804 παῖδας
1689 2740 2067 2816 προκαλεῖται.

474 2828 536 2881 Ἡ
574 2830 757 2901 μήτηρ
788 2824 905 2902 ἕχει
936 2826 1242 2900 πρόκλησιν
1272 2828 1519 2882 ἁπάντων
1551 2835 1659 2883 τῶν
1696 2831 1959 2905 ἀγνάτων,

473 2916 567 2977 Εἷς
595 2917 662 2970 τά
697 2920 804 2969 τῶν
835 2915 1035 2971 τέκνων
1067 2915 1385 2992 πράγματα,
1416 2917 1591 2992 χωρὶς
1620 2923 1727 2972 τῶν
1762 2919 2064 2995 ὁμογνίων.

472 3005 618 3059 Μετὰ
645 3006 746 3080 γὰρ
777 3005 980 3059 τούτων
1013 3002 1234 3080 ἔρχεται
1267 3005 1343 3067 εἰς
1372 3007 1469 3075 τὴν
1498 3006 1899 3081 κληρονομίαν.

477 3093 637 3151 Ἀλλ’
664 3096 708 3151 εἰ
746 3096 840 3168 μὲν
870 3092 1100 3173 ἀδελφαί
1128 3095 1228 3149 εἰσι
1254 3095 1318 3149 τὸ
1348 3095 1520 3169 ἥμισυ
1553 3092 1850 3171 λαμϐάνεςο

1822 378 2239 442 MICHAELIS
2284 377 2550 441 PSELLI

2158 516 2212 581 Α
2244 512 2305 568 Εἰ
2336 508 2382 565 δ’
2416 507 2645 589 ἀδελφαὶ
2674 510 2764 565 καὶ
2796 508 3045 589 ἀδελφοὶ,
3074 512 3168 567 ἳσα
3196 509 3658 587 κληρονομοῦσιν.

3778 379 3895 445 936

2240 600 2507 669 Ὑποόσης
2544 598 2878 675 διακατοχῆς
2910 606 3036 663 παῖς
3066 600 3154 655 καὶ
3183 600 3368 676 γονεὺς
3401 601 3683 672 ὡσαύτως,

2243 689 2517 745 Ἐνιαυτὸν
2553 688 2865 765 ὁλόκληρον
2890 687 3080 766 ἓχουσι
3117 691 3443 766 βοηθοῦντα.

2241 777 2477 851 Ἡμέρας
2511 784 2677 851 μόνας
2708 778 2893 834 ἑκατὸν
2926 784 3036 835 τῶν
3072 785 3341 856 συγγενῶν
3368 780 3626 856 ἐχόντων·

2242 868 2410 935 Ποινὴ
2438 868 2650 945 ὀφείλει
2675 869 2916 923 τίθεσθαι
2950 869 3025 933 εἷς
3048 869 3141 932 τὰς
3174 869 3557 942 ἐπερωτήσεις.

2241 958 2310 1014 Ἠ
2343 956 2647 1033 περπέτουα
2681 957 2966 1031 μίσθωσις,
3000 956 3322 1037 ἐμφότευσις
3353 961 3634 1034 τυγχάνει,

2243 1046 2321 1103 Τὸ
2352 1044 2877 1119 διαπλασιαζόμενον
2906 1044 2967 1101 ἓκ
2992 1069 3138 1110 τινος
3168 1048 3494 1122 ἡρνηκότος,

2538 1137 2562 1167 λ
2626 1136 2645 1155 ,.
2686 1134 2733 1169 κι
2936 1137 2948 1155 ,
3043 1136 3054 1155 Ι
3286 1137 3298 1153 ν
3368 1134 3393 1157 η

2243 1131 2592 1205 Καταϐληϐεν
2629 1130 2891 1191 ινοεϐιτον
2924 1157 3210 1207 απαιτησιν
3244 1158 3343 1192 ουκ
3372 1157 3510 1212 εχει.

2240 1226 2440 1295 Κλοπή
2476 1225 2585 1280 ἰστι
2618 1224 2941 1302 ψηλάφησις
2970 1228 3306 1301 πραγμάτων
3342 1227 3475 1281 κατὰ
3503 1223 3694 1298 δόλον,

2241 1314 2424 1388 Χωρὶς
2454 1322 2626 1383 κακῆς
2654 1315 2959 1389 προθέσεως
2988 1314 3206 1384 κλοπὴν
3238 1316 3347 1391 οὐχ
3372 1314 3722 1389 ἁμαρτάνεις,

2240 1403 2391 1458 Κατὰ
2420 1408 2514 1457 τοῦ
2541 1402 2802 1467 κλέπτου,
2837 1399 3154 1481 φοόρτιϐον,
3187 1402 3282 1458 κᾶν
3320 1405 3393 1477 μή
3429 1401 3892 1477 νέμηταιγδώσας,

2239 1493 2326 1563 Τῴ
2355 1491 2635 1547 ἐκπεσόντι
2667 1491 2983 1566 πράγματος
3015 1487 3358 1547 πουϐλίιανα
3386 1492 3636 1565 ἁρμόζει.

2240 1581 2523 1649 ΙΙαυλιανὴ
2556 1578 2613 1635 δὲ
2642 1579 2849 1635 δίδοται
2883 1586 2961 1653 τῷ
2992 1583 3506 1657 περιγεγραμμένφ,

2242 1670 2334 1733 Εἲς
2366 1677 2561 1744 πρᾶσιν
2595 1669 2669 1732 είς
2704 1670 2986 1740 έκποίησιν
3020 1676 3127 1726 τῶν
3162 1672 3353 1726 ἑαυτοῦ
3379 1669 3741 1747 πραγμάτων.

2241 1763 2357 1830 Τὴν
2386 1760 2624 1837 φούρτην
2660 1757 2981 1829 δὶπλασίάζε
3012 1760 3103 1814 σὺν
3132 1766 3214 1833 τῷ
3244 1760 3559 1834 Ἀκουιλίῳ.

2162 1891 2208 1954 Β
2241 1852 2423 1922 Νόμος
2455 1853 2482 1905 ὁ
2511 1847 2913 1911 δωδεκάδελτος
2941 1852 3041 1917 τήν
3066 1848 3317 1921 νοξαλίαν
3353 1850 3618 1925 φούρτην,

2242 1942 2280 1954 η
2326 1940 2339 1954 .
2408 1940 2419 1954 .
2561 1937 2643 1954 ..κ
2821 1938 2832 1954 ,
2885 1940 2897 1954 .
2970 1940 3014 1954 ..
3147 1936 3182 1954 Α
3397 1940 3407 1954 .

2240 1940 2343 1995 Καὶ
2370 1940 2458 1994 τὸν
2492 1937 2742 2008 νοξάλιον
2775 1938 2935 1993 αὐτὸν
2970 1936 3283 1995 Ἀκουίλιον
3310 1940 3524 2018 γράφει.

2240 2029 2575 2103 Παραγραφή
2613 2027 2721 2082 ἐστι
2749 2028 2925 2101 σαφὴς
2957 2028 2991 2095 ἡ
3026 2025 3394 2102 δικαιολογία,

2239 2121 2349 2174 Τοῦ
2376 2117 2498 2191 ῥέου
2526 2118 2662 2192 πρὸς
2689 2117 2779 2170 τὸν
2813 2118 3016 2191 ἄκτορα
3044 2118 3160 2171 κατ’
3193 2116 3413 2191 ἀγωγῆς
3451 2110 3690 2191 βεϐαίας,

2239 2211 2326 2277 Τῷ
2353 2206 2509 2278 νόμῳ
2544 2204 2635 2278 μέν
2667 2210 2782 2266 πῶς
2810 2204 3057 2279 ἰσχυρᾶς,
3080 2209 3148 2277 τῇ
3181 2206 3335 2282 φύσει
3374 2203 3419 2259 δ’
3448 2202 3762 2264 ἀδικούσας.

2242 2295 2403 2361 Δίκην
2434 2292 2480 2348 δ’
2515 2292 2693 2356 οὐδεὶς
2721 2294 3027 2365 συνίστησιν
3061 2294 3356 2369 ἀγνώστων
3383 2291 3710 2351 αὐτοδίκων.

2242 2383 2463 2453 Ἐπίσης
2591 2380 2926 2445 δικαιώσεως
2958 2383 2985 2437 ὁ
3018 2379 3323 2455 νεμόμενος
3354 2383 3638 2457 κρείττων.

2238 2475 2294 2525 '0
2325 2472 2544 2550 φθείρας
2579 2472 2669 2546 βίᾳ
2695 2473 2793 2540 τὴν
2828 2473 3055 2544 σεμνὴν,
3088 2469 3320 2547 εὔπορος
3357 2472 3449 2543 μὶν
3474 2473 3779 2547 τυγχάνων,

2236 2564 2294 2619 Ἦ
2308 2562 2492 2634 μίσεος
2524 2562 2796 2637 ἀφαίρεσιν
2822 2558 2940 2635 ἔχει
2969 2566 3075 2615 τῶν
3112 2560 3482 2632 κεκτημένων,

2235 2654 2296 2710 Ὁ
2330 2651 2375 2707 δ’
2407 2653 2633 2725 ἄπορος,
2667 2649 2936 2726 έξόριστος
2968 2651 3165 2725 γίνεται
3198 2650 3523 2722 παραυτίκα.

2234 2745 2325 2811 Τῷ
2359 2737 2632 2812 Κορνελίῳ
2660 2734 2855 2813 ἓνοχυς
2887 2744 2989 2799 πᾶς
3020 2738 3213 2815 φονεὺς
3240 2739 3521 2813 τυγχάνει,

2232 2834 2319 2901 Τῷ
2343 2823 2712 2890 Ῥεπετοῢνὸις
2742 2826 2937 2901 ἔνοχος
2969 2824 3227 2894 δικαστὴς
3259 2824 3591 2900 δωροδόκος.

2234 2919 2321 2990 Τῷ
2353 2915 2411 2972 δὶ
2442 2915 2697 2993 δελφάσις
2837 2912 3032 2991 ἓνοχος
3063 2916 3122 2977 ὃς
3153 2914 3317 2985 ἁλοίη
3351 2914 3687 2971 αλαστεύων.

2235 3009 2313 3064 Τὸ
2345 3008 2565 3082 χρόνιον
2596 3003 2652 3059 δὲ
2676 3006 2903 3075 σύνηθες
2938 3006 3112 3077 νόμου
3142 3000 3410 3077 λαμϐάνει
3431 3005 3623 3060 τόπον.

2234 3098 2302 3155 Οἳ
2331 3097 2534 3172 γενικοὶ
2563 3100 2670 3150 τῶν
2704 3093 2920 3150 εἰδικων
2952 3093 3352 3170 ἐγκρατέστεροι
3386 3094 3595 3165 νόμων.

3578 3186 3725 3242 Vers
3754 3187 3883 3241 332.

467 3487 656 3544 usque
687 3471 760 3527 ad
794 3470 1159 3542 pubertatem
1186 3484 1198 3523 ε
1224 3469 1431 3524 exinde
1463 3474 1766 3526 curatores
1799 3471 1857 3526 in
1917 3472 2109 3529 adole-
2140 3475 2183 3541 ρ
2222 3473 2526 3529 commode
2556 3474 2719 3526 vocat
2780 3474 2996 3525 matres
3018 3470 3088 3524 ad
3142 3469 3294 3524 bona
3328 3467 3580 3524 ﬁliorum
3616 3484 3633 3523 :
3667 3483 3880 3523 rursus

465 3565 723 3617 scentem
766 3562 1113 3631 potestatem
1173 3564 1462 3614 exercent.
1524 3565 1781 3627 Agnatos
1837 3577 1975 3615 voca
2008 3562 2114 3618 de-

392 3666 397 3669 '
463 3650 809 3707 scandentes
840 3664 908 3702 ex
939 3648 1221 3715 maribus,
1271 3652 1545 3719 cognatos
1575 3664 1644 3703 ex
1676 3649 1931 3705 feminis.
1959 3652 2111 3706 Ado-

465 3739 691 3794 lescens
722 3738 959 3805 dicitur,
986 3737 1431 3808 quatuordecim
1465 3754 1650 3792 annos
1682 3737 2112 3793 natus:mulier

464 3844 599 3883 vero
618 3831 707 3882 est
737 3827 923 3898 puber
947 3841 1101 3881 anno
1124 3825 1490 3880 duodecimo.
1512 3826 1881 3882 Adolescenti
1898 3828 2110 3898 quitu-

468 3922 650 3973 torem
682 3915 877 3981 habet,
898 3921 1131 3970 curator
1158 3916 1348 3970 datur.
1385 3914 1648 3985 Pupillus
1671 3920 1919 3971 tutorem
1936 3933 2106 3971 accu-

463 4022 597 4062 sare
619 4022 734 4060 non
767 4002 1340 4075 potest.Adolescens
1370 4019 1501 4057 vero
1535 4010 1860 4059 curatorem
1895 4010 2105 4076 potest,

461 4095 726 4166 cognatis
750 4091 1113 4161 juvantibus.
1148 4093 1281 4155 Quae
1306 4096 1439 4145 ante
1472 4091 1692 4147 nullius
1725 4099 1884 4163 sunt,
1920 4094 2105 4165 primo

459 4182 802 4253 occupantis
835 4180 1001 4234 fiunt.
1043 4180 1229 4234 Littus
1284 4179 1460 4234 fluctu
1510 4181 1751 4236 hiberno
1803 4184 2103 4237 deﬁnitur.

458 4273 733 4341 Subjecto
766 4268 890 4324 solo
943 4269 1097 4321 cedit
1129 4268 1492 4338 superficies.
1540 4272 1654 4324 Iter
1684 4275 1771 4325 est
1794 4270 1885 4324 via
1915 4287 2106 4341 augu-

460 4364 596 4415 sta:
635 4363 814 4412 Actus
841 4355 1091 4426 amplior
1137 4356 1245 4411 via.
1308 4356 1416 4422 Qui
1470 4374 1591 4411 rem
1640 4358 1881 4413 alterius
1913 4359 2106 4414 sciens

460 4448 695 4511 alienat,
754 4444 839 4501 vel
873 4443 1041 4499 aliter
1068 4446 1269 4509 tradit,
1302 4446 1471 4516 quasi
1513 4448 1730 4501 furtum
1765 4448 2102 4503 committit.

459 4535 758 4592 Posterius
806 4539 1221 4590 testamentum
1276 4535 1438 4604 prius
1489 4536 1756 4607 rumpit:
1804 4537 2103 4607 querelam

457 4625 529 4679 de
562 4624 882 4679 inofﬁcioso
914 4622 1022 4677 soli
1074 4622 1175 4676 filii
1230 4629 1485 4677 movent.
1520 4627 1699 4678 Nemo
1752 4641 1929 4694 puero
1971 4628 2105 4680 sub-

454 4714 605 4769 stitit
629 4711 1015 4785 pupillariter,
1068 4710 1179 4766 nisi
1213 4699 1373 4782 prius
1426 4712 1627 4767 fecerit
1659 4716 2101 4769 testamentum.

454 4801 646 4857 Actori
703 4801 1063 4871 probationis
1146 4817 1296 4855 onus
1356 4801 1661 4856 incumbit.
1717 4805 1829 4857 Res
1878 4802 2105 4860 dotales

456 4890 705 4946 mobiles
737 4890 892 4944 illico
937 4889 1684 4959 petuntur;immobilium
1742 4908 1876 4948 vero
1935 4908 2101 4964 repe-

452 4982 647 5035 titioni
696 4980 923 5050 integer
952 4995 1144 5032 annus
1175 4978 1346 5032 cedit.
1392 4979 1749 5035 Testamenti
1800 4982 1959 5037 basis
2015 4986 2103 5038 est

460 5070 702 5125 liaaredis
734 5067 1047 5122 institutio.
1101 5067 1308 5137 Legata
1356 5068 1703 5123 adimuntur
1761 5075 1818 5125 et
1851 5072 2101 5125 transfe-

452 5165 667 5214 runtur
712 5160 1063 5212 testamento
1120 5160 1177 5211 et
1223 5156 1525 5212 codicillis.
1581 5159 1693 5211 Lex
1746 5158 2003 5214 Falcidia
2032 5176 2102 5215 ex

451 5249 726 5304 omnibus
756 5244 965 5317 legatis
1020 5260 1124 5315 pro
1176 5249 1301 5299 rata
1358 5254 1545 5300 servat
1592 5248 1826 5302 tertiam
1873 5253 2099 5319 partem

451 5334 1136 5406 heredi.Augustusjus
1180 5334 1580 5389 codicillorum
1637 5336 1915 5405 instituit,
1968 5339 2098 5409 qui-

456 5430 565 5484 bus
590 5444 692 5483 neo
712 5426 894 5481 haeres
952 5425 1183 5480 institui
1244 5430 1454 5496 potest,
1508 5443 1614 5482 nec
1641 5428 1699 5482 in
1746 5433 2097 5484 testamento

444 5517 701 5590 scriptus
749 5513 949 5572 deleri.
1020 5515 1608 5572 Senatusconsultum
1658 5516 2091 5575 Tertullianum

520 5714 599 5788 (2)
626 5710 744 5768 Ἐπ’
779 5706 921 5781 ἴσης.

2222 3579 2252 3617 e
2284 3568 2480 3617 contra
2501 3559 2916 3632 Orphitianum
2950 3557 3102 3613 ﬁlios
3134 3558 3207 3613 ad
3244 3558 3396 3613 bona
3430 3561 3708 3612 matrum.
3745 3556 3875 3611 Ma-

2220 3656 2307 3706 ter
2336 3651 2395 3706 in
2449 3648 2821 3704 successione
2880 3648 3162 3702 bonorum
3228 3645 3328 3700 lilii
3365 3645 3636 3717 praecedit
3664 3659 3877 3700 omnes

2219 3744 2488 3811 agnatos,
2512 3736 2766 3807 exceptis
2798 3735 3275 3806 consanguineis,
3308 3734 3667 3805 quibuscum
3712 3733 3881 3788 venit

2218 3830 2288 3883 ad
2326 3827 2720 3882 hereditatem
2758 3842 2770 3879 :
2806 3826 2908 3879 sed
2942 3824 2992 3880 si
3059 3839 3289 3879 sorores
3348 3822 3630 3878 defuncto
3661 3838 3879 3893 super-

2217 3919 2357 3985 sint,
2389 3916 2705 3971 dimidium
2736 3914 2893 3986 capit
2925 3930 2939 3981 ;
2998 3914 3050 3967 si
3082 3929 3215 3967 vero
3267 3914 3474 3968 fratres
3529 3916 3586 3966 et
3618 3927 3881 3979 sorores,

2216 4023 2285 4061 ex
2316 4005 2498 4077 equis
2574 4003 2839 4075 partibus
2896 4002 3240 4057 succedunt.
3297 4001 3380 4056 Ad
3437 4000 3883 4072 agnoscendam

2215 4096 2501 4149 bonorum
2569 4092 3027 4164 possessionem,
3087 4090 3311 4156 liberis,
3405 4095 3465 4144 et
3524 4089 3885 4161 parentibus

2215 4200 2406 4238 annus
2446 4183 2670 4251 integer
2730 4179 3067 4245 auxiliatur,
3100 4178 3234 4233 aliis
3293 4177 3559 4248 cognatis
3629 4183 3880 4232 centum

2215 4272 2340 4327 dies
2370 4270 2585 4326 solum.
2620 4271 2791 4325 Pcena
2822 4268 3184 4339 stipulationi
3220 4266 3647 4338 apponidebet.

2287 4359 2703 4431 Emphyteusis
2753 4364 2844 4413 est
2875 4363 3158 4429 perpetua
3187 4356 3420 4411 locatio.
3455 4355 3715 4425 Duplum
3775 4370 3883 4410 so-

2213 4450 2401 4505 lutum
2445 4450 2517 4504 ab
2575 4464 2640 4503 eo
2700 4447 2799 4518 qui
2856 4446 3154 4501 inﬁciatus
3201 4452 3311 4515 est,
3370 4444 3617 4500 indebiti
3660 4444 3879 4499 condi-

2214 4539 2403 4594 ctione
2454 4554 2571 4592 non
2616 4536 2917 4607 repetitur.
2982 4536 3225 4591 Furtum
3269 4539 3358 4588 est
3406 4533 3609 4589 dolosa
3668 4549 3883 4589 rerum

2214 4628 2636 4683 contrectatio:
2698 4629 2826 4679 sine
2886 4624 3039 4680 mala
3084 4623 3419 4679 admotione
3462 4623 3684 4677 furtum
3750 4640 3880 4678 non

2214 4716 2377 4771 facis.
2439 4714 2778 4770 Publiciana
2836 4714 3116 4784 competit
3188 4713 3240 4767 ei
3299 4712 3399 4782 qui
3454 4727 3574 4765 rem
3638 4711 3885 4777 amisit,

2213 4821 2347 4861 cum
2381 4821 2493 4858 non
2521 4802 2837 4874 possideat,
2873 4818 2991 4856 rem
3028 4801 3302 4855 furtivam
3337 4801 3621 4855 adversus
3651 4800 3882 4855 furem.

2214 4894 2495 4949 Pauliana
2552 4894 2728 4947 datur
2778 4890 3222 4962 circumscripto
3282 4891 3340 4945 in
3394 4889 3752 4953 venditione,
3818 4895 3885 4945 et

2212 4983 2562 5037 alienatione
2595 4996 2787 5034 rerum
2820 4996 3085 5034 suarum.
3108 4979 3287 5043 Furti,
3318 4982 3375 5032 et
3405 4994 3473 5032 ex
3504 4976 3631 5047 lege
3689 4979 3889 5048 Aqui-

2210 5071 2290 5126 lia
2319 5070 2377 5124 in
2411 5069 2656 5140 duplum
2692 5068 2944 5138 agimus.
2993 5068 3106 5122 Lex
3153 5067 3470 5121 Duodecim
3522 5065 3887 5123 tabularum

2210 5160 2345 5214 furti
2390 5165 2449 5214 et
2498 5157 2736 5230 Aquiliae
2790 5156 3070 5225 actiones,
3126 5155 3359 5211 noxales
3409 5153 3632 5210 scribit.
3692 5155 3895 5213 Excae-

2209 5249 2328 5320 ptio
2359 5253 2449 5304 est
2477 5253 2633 5303 certa
2663 5252 2719 5303 et
2749 5246 3063 5301 manifesta
3084 5245 3343 5317 exceptio
3361 5245 3442 5299 rei
3475 5244 3547 5301 ad
3578 5250 3889 5303 actorem.

2208 5342 2412 5393 contra
2469 5337 2758 5391 actionem
2807 5334 2934 5405 lege
2965 5335 3204 5404 quidem
3258 5334 3510 5399 ﬁrmam,
3562 5334 3663 5389 sed
3700 5347 3895 5391 natu-

2207 5427 2313 5483 rali
2340 5429 2475 5497 jure
2506 5427 2813 5497 injustam.
2865 5423 3051 5479 Litem
3112 5439 3285 5479 nemo
3337 5423 3595 5479 instituit
3626 5426 3895 5483 nescius

2207 5516 2494 5588 suijuris.
2532 5517 2594 5572 In
2644 5516 2781 5585 jure
2834 5512 3046 5585 aequali
3104 5512 3299 5585 potior
3327 5518 3418 5571 est
3447 5512 3546 5585 qui
3576 5514 3894 5585 possidet.

2276 5712 2352 5788 (3)
2382 5712 2447 5769 Δὶ
2477 5707 2697 5792 φάλσις.
