4088 6350
207 382 330 442 93⁸1

202 514 424 570 Ἵῖττων
456 513 569 570 ἐστὶ
594 518 704 572 τῶν
734 513 971 589 θηλειῶν
1004 515 1208 594 αἵρεσις
1243 521 1352 574 τῶν
1385 516 1649 596 ἀρῥένων.

207 604 274 657 Οἱ
308 605 401 677 μὲν
430 606 709 681 τεχθὲντες
736 607 975 682 νόμιμοι
999 605 1222 664 ἕπονται
1250 615 1369 672 τοῖς
1400 612 1680 686 πατράσιν.

207 693 280 749 Οἱ
308 693 496 771 φύντες
529 692 576 749 δ’
603 695 659 750 lx
688 697 1084 771 πορνεόματος,
1115 694 1336 753 ἕπονται
1366 705 1484 761 ταῖς
1517 700 1753 774 μητράσι

202 778 280 836 Τὸ
313 781 465 859 φύσει
496 784 947 859 χρεωστούμενον
978 783 1319 859 καταϐληθὲν
1354 788 1453 844 οὐκ
1480 787 1598 864 ἔχει

198 870 368 935 Αὖθις
396 871 759 949 ρεπετιτίονα,
800 874 876 939 ὠς
906 871 1055 947 ἔδοξε
1080 880 1158 948 τῷ
1181 873 1357 950 νόμῳ.

200 958 387 1017 Ηάντα
416 963 483 1015 τὲ
513 959 764 1018 ίδιωτικὰ
795 962 1062 1037 δημόσιον
1098 966 1159 1021 οὐ
1196 965 1451 1042 βλάπτει,

201 1049 623 1115 Ἀποκαθίστατ’
654 1048 906 1123 ἀϐλαϐὴς
941 1055 968 1109 0
1001 1055 1115 1117 νὲος
1142 1055 1278 1111 κατά
1307 1056 1537 1128 νόμους.

199 1140 372 1215 Ὅπερ
405 1139 516 1195 ἐστὶ
544 1145 662 1205 τοῖς
692 1142 882 1212 ἥττοσι
912 1143 976 1199 τὸ
1008 1144 1458 1215 ἀποκαθιστάναι,

196 1230 378 1284 Τοῦτο
410 1230 647 1303 μείζοσιν
680 1227 942 1306 ἕγκλητος
974 1234 1112 1308 πρὸς
1141 1234 1341 1310 λόγους
1375 1232 1694 1308 ἀναλόγους.

194 1318 412 1395 Πατρὸς
435 1319 525 1374 καὶ
558 1318 764 1375 παίδων
802 1320 997 1395 μεταξὺ
1026 1328 1136 1378 τῶν
1164 1344 1227 1399 γε
1261 1322 1586 1396 ὑπεξουσίων

192 1406 277 1463 Οὐ
311 1408 515 1484 πὲφυκε
544 1409 889 1475 συνίστασθαι
922 1408 1078 1483 δίκης
1110 1407 1452 1489 ἀμφιϐολίας

191 1496 377 1553 ’Ὁπου
405 1493 462 1551 δὲ
492 1500 526 1568 ἡ
565 1500 941 1575 προκάταρξις,
974 1499 1086 1556 ἐκεῖ
1114 1501 1202 1556 καὶ
1234 1500 1497 1573 καταδίκη

192 1584 268 1638 Τὸ
301 1591 489 1658 μεῖζον
524 1584 872 1663 δικαστήριον
904 1590 968 1644 τὸ
995 1587 1218 1646 ἔλαττον
1255 1589 1552 1666 προκρίνει.

191 1683 252 1737 ’0
285 1680 472 1749 διδοὺς
494 1685 557 1741 τὸ
591 1681 856 1743 ἷνδὲϐιτον
885 1686 1028 1765 ἔχων
1064 1684 1269 1759 εἴδησιν
1301 1687 1497 1744 τούτου

190 1770 310 1828 Οὐκ
338 1768 456 1848 ἔχει
487 1772 653 1829 πάλιν
682 1771 957 1853 εἴσπραξιν
987 1780 1085 1832 τοῦ
1120 1771 1485 1852 βεϐλημὲνου,

187 1860 414 1924 Ὁσάκις
445 1862 778 1934 ἐξετάζοντες
810 1865 934 1941 περὶ
965 1871 1190 1942 καρπῶν
1221 1871 1553 1941 σκοποῦμεν,

187 1950 335 2006 ’Όσα
364 1946 555 2006 λάϐειν
584 1951 816 2023 ἠδύνατο
849 1956 878 2009 0
916 1953 1132 2028 νομεὺς,
1164 1950 1517 2029 ἆκριϐοὖμεν,

192 2038 286 2101 Εἷς
320 2036 517 2117 ἔδαφος
549 2039 820 2098 ἐπίκοινον
852 2044 879 2097 0
909 2044 1170 2106 κοινωνὸς
1201 2044 1266 2099 00
1296 2045 1488 2113 κτίζει.

191 2130 486 2201 Ἐξωτικὸς
519 2131 582 2186 οὗ
614 2128 833 2187 δύναται
858 2129 1104 2189 δουλείαν
1132 2132 1541 2209 προσπορίζειν.

191 2219 311 2296 Ἐφ’
342 2217 417 2273 ὧν
446 2219 475 2273 0
507 2219 815 2284 Ἀκουίλιος
851 2221 1095 2295 θεμάτων
1131 2222 1240 2298 οὐχ
1269 2222 1519 2299 ἁρμόζει,

191 2301 425 2370 Τούτοις
484 2305 532 2363 δ’
591 2308 897 2388 ῗνφάκτουμ
948 2308 1184 2383 δίδοται,
1239 2311 1437 2385 σαθρὸς
1499 2307 1545 2364 δ’
1596 2310 1625 2364 0
1670 2306 1843 2364 κανὼν

1643 2399 1844 2471 [οἶτος.

187 2493 395 2547 Ὀπόσα
426 2489 483 2548 δὲ
516 2494 591 2566 μὴ
625 2490 843 2570 ἔχουσιν
877 2496 1035 2571 ἱσχὺν
1068 2497 1204 2552 κατὰ
1229 2500 1337 2552 τῶν
1365 2496 1575 2570 νόμων,

186 2581 383 2656 Χωρὶς
414 2580 852 2657 ἀποτελέσματὸς
880 2580 1107 2650 δοθίντα
1126 2587 1263 2641 κατᾶ
1293 2583 1528 2656 πλάνην,

186 2668 305 2727 Οὗκ
340 2664 459 2746 ἔχει
493 2670 817 2747 ρετνετίτιον,
850 2670 963 2728 οὔδ’
994 2673 1268 2751 εῗ’σπραξιν
1301 2674 1499 2731 ὀπίσω.

184 2759 425 2837 Χείρονα
453 2768 630 2818 ποιεῖν
663 2761 866 2837 α’ίρεσιν
895 2766 1030 2841 γυνή
1063 2767 1291 2842 προικὸς
1325 2763 1487 2834 ἰδίας,

186 2854 390 2927 Σαφῶς
421 2851 521 2906 οὑκ
550 2846 667 2928 ἔχει
701 2849 928 2927 δύναμιν
961 2853 1014 2909 ἐν
1045 2858 1335 2910 συνεστῶτι
1373 2853 1557 2929 γάμῳ.

183 2943 275 3010 Τῷ
299 2936 488 3015 ἔχοντι
517 2940 834 3016 επίτροπον,
863 2938 1048 3018 ἕτερος
1079 2942 1141 2999 οὐ
1170 2940 1378 3006 δοτξος.

183 3028 258 3082 Τὸ
291 3034 479 3103 μεῖζον
511 3026 884 3106 δικαστήριον,
911 3037 1156 3108 κρεῖττον
1187 3036 1294 3088 τῶν
1329 3030 1661 3099 ἐλαττόνων,

1574 388 1951 452 SYNOPSIS
1996 391 2262 453 LEGUM
2277 436 2291 452 .

3510 399 3630 461 938

1890 530 1944 597 Α
1976 524 2133 581 Ἤτοι
2164 524 2227 579 τὸ
2257 522 2427 600 ἓγκλη
2440 524 2689 598 ματικὸν,
2718 525 2816 582 τοῦ
2844 524 2967 602 περῖ
2998 529 3104 583 τῶν
3132 530 3461 605 χρημάτων.

1979 611 2284 685 Ἐκδίκησιν
2319 614 2640 690 ἐγκλήματα
2668 610 2935 689 λαμϐάνει
2974 619 3076 686 τήν
3110 616 3340 677 δικαίαν.

1978 703 2065 759 Ἐν
2095 701 2289 766 τόποις
2320 705 2402 765 οἷς
2434 703 2772 780 ἡμάρτηται,
2806 701 2926 761 ἔνθα
2956 706 3212 782 κρείττων
3248 711 3282 779 ἡ
3315 714 3537 785 γνῶσις.

1974 792 2153 848 ⁴’¹()που
2184 790 2242 847 δὲ
2270 794 2305 862 ἡ
2333 792 2714 869 προκάταρξις,
2746 793 2857 849 ἐκεῖ
2883 795 2973 849 καὶ
3003 794 3292 868 καταδίκη.

2043 881 2321 938 Ἐντεῦθεν
2352 882 2440 937 καὶ
2471 881 2699 945 κανόνας
2728 904 2811 937 σοι
2842 888 2951 938 τῶν
2981 890 3198 961 Νεαρῶν
3230 887 3482 965 εἰσφέρω,

1973 966 2298 1038 Δηλούντων
2326 970 2390 1024 τά
2426 967 2755 1044 βουλήματα
2784 972 2999 1026 πάντων
3034 974 3141 1027 τῶν
3168 972 3565 1045 τελευτώντων,

1970 1060 2105 1112 ’Ὀσα
2134 1059 2210 1131 μὴ
2247 1056 2613 1135 διαμάχονται
2642 1065 2759 1122 τοῖς
2791 1060 2985 1133 νόμοις
3014 1066 3131 1124 τοῖς
3168 1062 3461 1137 κειμὲνοις.

1972 1152 2179 1223 Προῖκα
2257 1150 2350 1222 μὲν
2431 1150 2608 1223 γάμος
2690 1148 2917 1227 ἐνεργεῖ,
2977 1153 3151 1225 γάμον
3214 1148 3260 1205 δ’
3318 1154 3381 1207 οὗ
3456 1151 3624 1229 δρῶσι

3353 1244 3621 1319 [προῖκες.

1965 1326 2137 1403 Ὅπερ
2167 1326 2195 1380 0
2224 1326 2391 1401 νόμος
2420 1325 2638 1397 δίδωσι,
2669 1322 2777 1384 οὐχ’
2798 1326 2859 1383 ἃν
2884 1326 3146 1407 ἁφέλοιτό
3176 1352 3279 1393 τις.

1965 1419 2329 1492 Παραγραφῆς
2361 1415 2633 1481 ἀντίθεσις
2666 1417 2765 1473 οὐκ
2791 1415 2901 1474 ἔστι
2934 1416 3209 1493 δημοσίῳ.

1963 1507 2026 1564 Ἦ
2055 1503 2580 1584 δευτερογαμήσασα
2609 1510 2715 1586 πρὸ
2744 1512 2841 1564 τοῦ
2872 1508 3136 1584 πενθίμου
3169 1512 3396 1587 χρόνου,

1966 1596 2186 1652 Πάντων
2225 1595 2475 1653 ἐκπίπτει
2535 1597 2621 1653 καὶ
2682 1598 2951 1674 προικῶν,
3010 1598 3099 1654 καὶ
3166 1597 3372 1676 κερδῶν
3404 1621 3620 1678 παραυ-

3467 1689 3614 1764 τίκα,

1958 1773 2045 1844 Ἐξ
2075 1772 2361 1851 ἐλευθέρας
2390 1776 2651 1852 θυγατρὸς
2684 1777 2745 1831 οὐ
2776 1775 3012 1833 τίκτεταί
3043 1799 3126 1841 τις
3154 1774 3372 1840 δοῦλος.

1959 1867 2073 1918 Τῶν
2104 1862 2482 1920 τελευτώντων
2516 1864 2779 1941 βούλησιν
2812 1864 3004 1941 μηδεὶς
3036 1868 3399 1944 άνατρεπὲτω.

1962 1951 2144 2026 Γάμος
2175 1950 2222 2008 δ’
2253 1953 2311 2009 ὶκ
2341 1950 2629 2016 διαθέσεως
2660 1957 2971 2012 συνίσταται
2997 1958 3086 2011 καὶ
3122 1957 3311 2029 μόνης,

1956 2039 2060 2095 Κᾶν
2096 2043 2172 2116 μὴ
2204 2038 2453 2119 προϐῶσι
2484 2045 2697 2120 γαμικὰ
2728 2041 3040 2119 συμϐόλαια
3071 2047 3206 2122 πρὸς
3238 2047 3465 2118 ταύτης.

1955 2130 2237 2207 Δεφὲνσωρ
2269 2130 2596 2204 ἰπιτήδειος,
2631 2131 2809 2196 οὐδεὶς
2841 2133 3016 2210 χωρὶς
3050 2133 3267 2211 ὶγγύης.

1954 2219 2011 2272 Ὀ
2041 2216 2224 2274 δοῦναι
2257 2218 2631 2297 προελόμενος
2662 2221 2774 2285 ἴσος
2801 2228 2880 2295 τῷ
2908 2220 3188 2279 δεδωκότι’

1954 2308 2363 2381 Ἐπιτροπεῦειν
2387 2308 2636 2367 δύνανται
2665 2315 2773 2366 τῶν
2798 2313 2999 2368 τέκνων
3033 2313 3087 2367 αἱ
3122 2313 3372 2387 μητέρες.

1954 2396 2044 2453 Ἐν
2077 2397 2225 2471 μέσῳ
2255 2396 2415 2466 δίκης
2447 2397 2627 2456 ἄδικον
2659 2400 2890 2476 γίνεσθαι
2923 2400 3096 2464 θείους
3124 2402 3357 2465 τόπους.

1954 2487 2014 2543 Ἦ
2050 2489 2247 2562 γνώμη
2278 2494 2373 2543 τοῦ
2402 2489 2741 2567 τεστάτωρος
2773 2492 2987 2547 πάντων
3019 2494 3389 2568 προκιμητὲα.

1952 2575 2119 2639 Τόκος
2151 2577 2579 2653 άνεπερώτητος,
2613 2580 2688 2643 είς
2722 2578 2932 2637 δάνειον
2965 2582 3029 2637 οὐ
3058 2583 3267 2657 τρέχει.

1953 2666 2060 2735 Τὴν
2090 2669 2197 2721 τῶν
2232 2672 2409 2723 κακῶν
2443 2668 2743 2746 εἰσαγωγὴν
2778 2668 2839 2724 οὐ
2870 2667 3084 2748 σφίγγει
3119 2669 3325 2746 μακρὸς
3356 2669 3560 2746 χρόνος

1955 2756 2078 2811 Τῶν
2111 2756 2305 2830 γάμων
2330 2757 2381 2813 οἱ
2413 2756 2686 2830 ἁθὲμιτοι,
2722 2763 2929 2820 ποιναῖς
2958 2758 3320 2832 τιμωρητέοι.

1954 2843 2022 2900 Οἱ
2048 2841 2508 2918 πλημμελοῦντες
2540 2847 2757 2920 κόλασι,
2792 2844 3091 2903 διδότωσαν
3126 2845 3374 2918 δικαίως,

1955 2930 2374 3009 Φυλαττόμενον
2405 2940 2650 3010 νομικῶς
2680 2936 2941 3011 νομίμοις
2973 2934 3279 3013 διαδόχοις,

1950 3022 2045 3076 Ὧν
2074 3018 2292 3098 ἔχουσιν
2326 3025 2378 3079 οἱ
2410 3025 2729 3089 πταίσαντες
2755 3025 3008 3100 νομίμων
3039 3024 3132 3081 καί
3169 3045 3528 3102 πραγματων.

3202 3115 3368 3174 Vere.
3407 3118 3534 3174 387.

185 3317 300 3384 Qui
331 3316 387 3374 vi
436 3317 771 3392 religiosam
825 3320 1114 3395 virginem
1160 3320 1444 3394 eorrupit,
1493 3320 1542 3378 si
1571 3320 1836 3395 locuples
1867 3321 1910 3390 C
1950 3321 2115 3377 locus
2145 3320 2273 3376 erit.
2308 3317 2514 3374 Mulier
2556 3321 2863 3375 constante
2905 3317 3304 3387 matrimonio,
3355 3319 3605 3378 faculta-

183 3407 286 3478 sit,
319 3409 611 3467 bonorum
667 3428 911 3469 suorum
962 3413 1295 3469 medietatis
1332 3413 1630 3484 jacturam
1689 3411 1839 3486 pati—

180 3502 324 3554 tur:
358 3515 580 3571 pauper
611 3518 743 3558 vero
775 3501 975 3558 statim
1010 3503 1071 3558 in
1093 3501 1368 3559 exsilium
1401 3501 1678 3557 mittitur.
1713 3501 1843 3557 Om-

182 3586 279 3642 nis
311 3587 605 3645 homicida
662 3590 957 3663 obligatus
1014 3597 1103 3648 est
1160 3591 1272 3665 legi
1321 3590 1618 3647 Corneliae.
1652 3590 1842 3646 Judex

180 3676 484 3748 sordidus,
503 3684 563 3735 et
589 3696 836 3736 munera
856 3680 1168 3753 accipiens,
1196 3681 1655 3753 repetundarum
1679 3678 1840 3735 ιοηεί

178 3772 301 3824 tur.
341 3771 474 3842 Legi
524 3787 659 3827 vero
704 3771 776 3828 de
806 3771 970 3829 falsis
1020 3771 1331 3843 obligatur,
1364 3773 1465 3844 qui
1514 3772 1699 3827 variat
1732 3770 1841 3826 fal-

179 3874 320 3913 sum
370 3859 654 3918 scribens.
705 3860 997 3917 Diuturna
1049 3861 1411 3918 consuetudo
1473 3860 1615 3933 legis
1646 3860 1840 3916 locum

179 3945 412 4018 implet.
449 3948 625 4021 Leges
656 3949 960 4020 generales
993 3950 1247 4023 potiores
1298 3953 1437 4005 sunt
1467 3948 1527 4003 in
1573 3947 1838 4020 judiciis.

181 4033 354 4104 Pejor
406 4040 496 4090 est
555 4036 908 4093 feminarum
974 4037 1252 4107 conditio,
1313 4052 1489 4109 quam
1550 4035 1830 4091 marium.

176 4121 453 4195 Legitimi
484 4123 654 4181 liberi
689 4129 915 4198 patrem
966 4130 1317 4199 sequuntur,
1352 4125 1470 4180 nati
1502 4141 1569 4181 ex
1613 4128 1840 4180 scorta-

178 4212 345 4267 tione
378 4217 647 4269 matrem.
698 4215 860 4280 Quod
915 4219 1130 4271 natura
1176 4214 1422 4271 debetur
1466 4213 1719 4269 solutum
1756 4230 1840 4269 re-

174 4300 303 4379 peti
358 4318 473 4358 non
534 4307 749 4376 potest,
785 4308 849 4360 ut
906 4304 1136 4377 legibus
1190 4304 1430 4377 placuit.
1493 4302 1665 4361 Nulla
1724 4301 1841 4375 pri-

175 4395 315 4445 vata
346 4390 582 4463 publico
605 4396 838 4450 nocent.
873 4393 1226 4450 Restituitur
1255 4393 1473 4449 illaesos
1499 4392 1841 4448 adolescens

176 4481 513 4537 secundum
543 4480 726 4553 leges,
772 4483 928 4555 quod
976 4483 1033 4538 in
1085 4482 1414 4539 minoribus
1446 4480 1622 4538 efﬁcit
1667 4480 1840 4538 resti-

172 4569 355 4642 tutio,
388 4568 443 4624 id
480 4571 540 4625 in
573 4572 899 4643 majoribus
938 4570 1275 4645 appellatio,
1331 4573 1533 4627 eadem
1595 4587 1841 4643 propor-

172 4653 525 4715 tioneJoter
538 4663 756 4733 patrem
778 4666 835 4717 et
849 4660 1002 4718 ﬁlios
1016 4678 1165 4734 quos
1178 4661 1273 4718 ille
1286 4661 1465 4718 habet
1479 4660 1536 4716 in
1557 4664 1842 4734 potestate

170 4745 302 4803 litis
332 4746 651 4805 discrimen
682 4749 911 4806 institui
967 4768 1078 4806 non
1113 4755 1325 4823 potest.
1374 4750 1723 4821 Ubicunque
1752 4754 1842 4805 est

171 4836 300 4891 litis
331 4839 700 4909 contestatio,
734 4838 853 4894 illic
884 4843 940 4895 et
961 4839 1249 4911 judicatio
1280 4844 1391 4895 est.
1427 4838 1617 4910 Majus
1651 4838 1839 4893 tribu-

173 4925 276 4981 nal
307 4926 382 4981 de
407 4925 617 4983 minori
644 4928 886 4999 judicat.
915 4929 1023 4994 Qui
1055 4929 1250 4985 sciens
1283 4928 1456 4985 solvit
1486 4927 1839 4993 indebilum,

167 5015 353 5072 soluti
409 5015 683 5089 deinceps
716 5018 1147 5074 condictionem
1213 5035 1327 5073 non
1363 5017 1558 5073 habet.
1613 5016 1849 5081 Quoties

170 5103 541 5158 aestimantes
598 5104 887 5161 rationem
962 5106 1261 5163 fructuum
1321 5106 1636 5172 habemus,
1698 5121 1849 5177 quos

171 5208 492 5265 possessor
518 5194 814 5266 percipere
866 5199 1116 5268 poterat,
1164 5200 1365 5251 exacte
1416 5193 1847 5266 perquirimus.

167 5282 238 5338 In
272 5280 400 5337 solo
450 5283 749 5337 communi
804 5285 1002 5340 socius
1032 5301 1147 5340 non
1198 5284 1469 5339 aediﬁcat.
1518 5287 1850 5338 Extraneus

168 5387 295 5428 non
326 5374 521 5443 potest
566 5371 905 5428 servitutem
957 5372 1279 5445 acquirere.
1316 5374 1396 5428 Ex
1441 5372 1659 5445 quibus
1692 5372 1844 5427 casi-

166 5463 292 5518 bus
323 5458 556 5531 Aquilia
604 5476 722 5515 non
776 5461 1078 5534 competit,
1125 5461 1301 5518 datur
1351 5460 1566 5517 actioni
1599 5460 1850 5529 factum,

167 5547 454 5623 putribus
503 5553 702 5605 autem
750 5554 841 5607 est
889 5549 987 5607 ille
1043 5567 1254 5607 canon.
1288 5552 1371 5606 Ex
1419 5549 1511 5606 his
1567 5549 1848 5605 omnibus

166 5637 373 5696 causis
406 5653 536 5711 quis
557 5638 695 5710 jure
724 5654 842 5695 non
866 5639 1203 5708 valuerunt,
1237 5639 1322 5696 vel
1357 5656 1476 5695 non
1506 5638 1853 5695 habuerunt

171 5729 480 5796 effectum,
512 5730 715 5784 secuta
739 5744 840 5802 per
862 5744 1122 5786 errorem
1152 5727 1469 5796 solutione,
1493 5724 1850 5784 eondictioni

510 5858 777 5920 Ριτιιοῐ..
826 5859 941 5921 Gn.
986 5857 1229 5920 CXXII.

1948 3414 2067 3466 tem
2099 3426 2214 3465 non
2247 3408 2425 3463 habet
2477 3407 2828 3463 deteriorem
2862 3407 3114 3463 faciendi
3168 3408 3325 3464 dotis
3354 3409 3604 3482 proprias

1949 3498 2367 3554 conditionem.
2401 3497 2676 3551 Tutorem
2712 3495 2952 3552 habenti
2983 3495 3137 3552 alius
3176 3500 3341 3553 tutor
3365 3513 3483 3553 non
3513 3502 3607 3555 est

1950 3588 2203 3643 dandus.
2239 3586 2430 3656 Majus
2459 3583 2717 3640 tribunal
2750 3586 2945 3656 potius
2974 3588 3065 3639 est
3098 3585 3449 3652 minoribus,
3483 3585 3605 3642 sive

1950 3676 2274 3744 criminale,
2310 3674 2666 3746 pecuniario.
2719 3672 2979 3729 Crimina
3003 3673 3233 3744 justam
3283 3674 3603 3729 vindictam

1948 3766 2186 3823 habent.
2220 3767 2344 3829 Quo
2376 3761 2501 3819 loco
2529 3763 2659 3833 quis
2711 3760 2963 3832 deliquit
2993 3763 3065 3816 de
3114 3762 3355 3817 crimine
3385 3777 3600 3834 cogno-

1949 3857 2155 3913 scitur.
2190 3854 2534 3924 Ubicunque
2578 3856 2668 3907 est
2694 3850 2815 3906 litis
2850 3850 3218 3921 contestatio,
3263 3849 3344 3905 ibi
3374 3854 3433 3906 et
3459 3866 3601 3907 con-

1949 3943 2265 4001 damnatio.

2021 4034 2242 4091 Deinde
2271 4030 2378 4087 tibi
2410 4031 2586 4086 affero
2631 4028 3003 4086 Novellarum
3053 4029 3288 4101 regulas
3335 4045 3466 4101 qua:
3496 4030 3600 4088 de-

1951 4124 2175 4181 clarant
2201 4121 2393 4177 valere
2427 4119 2807 4175 morientium
2850 4119 3205 4185 voluntates,
3236 4134 3602 4192 quascunque

1950 4213 2178 4287 legibus
2237 4208 2443 4283 positis
2500 4224 2617 4264 non
2702 4211 3055 4281 repugnant.
3117 4207 3346 4279 Nuptiae
3402 4209 3599 4264 dotem

1950 4302 2369 4364 constituunt,
2430 4299 2667 4370 nuptias
2725 4312 2859 4352 vero
2918 4296 3080 4352 dotes
3137 4312 3255 4351 non
3313 4296 3601 4353 efﬁciunt.

1951 4392 2113 4460 Quod
2144 4390 2235 4446 lex
2267 4390 2368 4444 dat
2396 4403 2564 4443 nemo
2614 4386 2825 4442 aufert.
2859 4385 3323 4457 Praescriptionis
3369 4384 3604 4457 opposi-

1949 4482 2031 4537 tio
2090 4496 2203 4535 non
2239 4483 2330 4534 est
2387 4477 2550 4534 fisco.
2604 4474 2811 4531 Mulier
2869 4475 3129 4530 secundo
3186 4473 3606 4530 nubensintra

1946 4570 2143 4626 luctus
2175 4572 2430 4639 tempus,
2487 4564 2707 4621 amittit
2756 4563 2914 4619 illico
2965 4567 3019 4618 et
3072 4564 3266 4618 dotem
3317 4567 3376 4618 et
3406 4561 3608 4618 omnia

1950 4660 2132 4715 lucra.
2165 4657 2248 4711 Ex
2283 4656 2405 4710 tilia
2438 4654 2618 4708 libera
2651 4669 2766 4707 non
2800 4652 3064 4706 nascitur
3092 4666 3317 4706 servus.
3349 4650 3605 4706 Morien-

1948 4748 2093 4804 tium
2127 4744 2490 4800 voluntatem
2523 4757 2693 4796 nemo
2742 4740 3084 4794 subvertito.
3119 4739 3255 4794 Sola
3303 4739 3609 4794 affectione

1949 4834 2168 4907 nuptiae
2219 4831 2665 4891 contrahuntur,
2702 4828 2834 4882 licet
2864 4828 3031 4903 illam,
3069 4828 3357 4899 nuptialia
3387 4828 3608 4883 instru-

1960 4927 2160 4979 menta
2216 4937 2332 4976 non
2400 4918 2844 4991 praecesserint.
2906 4915 3115 4971 Nullus
3189 4916 3464 4970 defensor
3518 4920 3610 4970 est

1959 5014 2206 5068 idoneus
2236 5011 2363 5065 sine
2414 5007 2816 5061 satisdatione.
2863 5005 2947 5059 Ad
2997 5004 3339 5059 donandum
3374 5018 3608 5074 progre-

1960 5103 2128 5157 diens
2180 5097 2394 5155 similis
2425 5102 2514 5151 est
2573 5094 2653 5148 illi
2707 5096 2805 5165 qui
2867 5093 3027 5148 dedit
3093 5095 3307 5148 Matres
3361 5093 3613 5161 possunt

1960 5191 2212 5246 filiorum
2264 5201 2506 5243 suorum
2559 5182 2804 5239 tutelam
2856 5197 3074 5251 gerere.
3132 5181 3195 5236 In
3247 5180 3438 5234 medio
3486 5178 3612 5234 litis

1963 5285 2168 5336 contra
2222 5277 2317 5347 ius
2376 5276 2526 5328 nunt
2606 5288 2781 5327 sacrae
2840 5274 3075 5326 formas.
3135 5267 3459 5325 'l‘estatoris
3512 5283 3612 5323 vo-

1960 5369 2159 5424 luntas
2189 5363 2465 5420 omnibus
2505 5364 2597 5416 est
2645 5359 3074 5431 anteponenda.
3107 5357 3308 5413 Usuraa
3357 5373 3475 5412 non
3509 5356 3613 5412 sti-

1961 5455 2175 5530 pulatae
2206 5454 2263 5508 in
2298 5451 2563 5507 debitum
2616 5465 2732 5503 non
2779 5448 3042 5503 veniunt.
3077 5445 3482 5518 Improborum
3515 5461 3611 5501 ac-

1959 5545 2186 5603 cusatio
2240 5543 2413 5614 longo
2463 5544 2729 5612 tempore
2780 5554 2898 5593 non
2945 5535 3334 5593 concluditur.
3386 5532 3613 5606 Nuptim

1960 5633 2195 5692 nefaria
2244 5630 2433 5705 poenis
2480 5632 2622 5685 sunt
2678 5625 3017 5699 plectendas.
3079 5624 3187 5695 Qui
3236 5622 3617 5696 deliquerunt

1962 5727 2102 5783 dent
2122 5724 2284 5797 juste
2315 5720 2430 5778 reis
2473 5716 2753 5777 ambitus.
2805 5713 3110 5789 Legitimis
3164 5709 3614 5772 successoribus

3211 5840 3291 5904 30
