4010 6360
532 380 651 440 939

530 515 594 570 Ὁ
626 510 813 588 ἅρχων
850 511 1136 589 ὑπερόριος
1168 510 1374 577 οἴκοθεν
1406 511 1713 570 δαπανάτω.

533 604 748 678 Μοιχὸς
780 602 836 658 δέ
865 625 947 667 τις
977 599 1327 677 ἀποδειχθεὶς
1354 605 1449 666 τὰς
1479 604 1671 667 ποινὰς
1705 604 1975 679 ὑπεχέτω,

531 690 772 746 Διδόσϐω
804 691 858 747 δὲ
890 692 957 766 τῇ
989 694 1197 767 γυναικὶ
1234 693 1292 747 ἐκ
1322 698 1428 748 τῶν
1463 693 1626 748 αὐτοῦ
1656 695 1989 769 πραγμάτων

523 783 585 838 Ἡ
620 782 783 857 προὶξ
815 781 906 835 σὺν
940 779 1119 846 ἕδνοις
1148 783 1345 852 ἅπασα,
1381 783 1426 837 εἰ
1456 779 1501 836 δ’
1532 779 1797 857 ἄπροικος
1825 781 2107 858 τυγχάνει,

522 871 694 939 Μέρος
726 870 898 946 ἐχέτω
928 872 1185 947 τέταρτον
1215 876 1323 926 τῶν
1357 871 1566 926 ἐκείνυυ
1595 873 1953 948 πραγμάτων·

525 960 605 1015 Τὰ
637 958 693 1014 δὲ
724 959 893 1016 λοιπᾶ
922 966 1022 1016 τοῦ
1053 961 1375 1022 πταίσαντος
1407 961 1703 1037 πράγματα
1739 962 2037 1036 μεριζέσθω

523 1048 619 1112 Εἷς
677 1048 897 1121 παῖδας,
957 1050 1031 1112 εἷς
1088 1050 1215 1114 τοὺς
1268 1050 1555 1125 φύσαντας,
1618 1048 1749 1125 ἄχρι
1814 1050 2028 1125 βαθμοῦ
2082 1050 2180 1104 τοῦ⁹

1947 1138 2175 1213 [τρίτου.

518 1227 589 1282 Εἴ
618 1226 663 1283 δ’
695 1228 816 1284 οὕτε
847 1234 993 1295 παῖς,
1020 1227 1137 1284 οὔτε
1172 1228 1361 1304 γονεὺς
1401 1226 1714 1304 ὑπάρχουσι
1746 1232 1825 1299 τῷ
1857 1228 2107 1301 πταίστῃ,

517 1323 604 1390 Τῷ
638 1317 810 1395 φίσκῳ
841 1300 1366 1395 προσκυρούσ-θωσαῖδ
1399 1300 1650 1372 τάκείνου
1689 1300 2102 1393 προσηκόντως.

520 1412 626 1476 Τῆς
659 1409 1049 1483 μοιχευΟείσης
1079 1407 1355 1482 γυναικὸς,
1392 1402 1634 1483 ἀκριϐῶς
1670 1404 2043 1482 τηρουμένης,

519 1496 585 1553 Εἰ
618 1499 644 1550 ὁ
680 1497 929 1559 σύνοικος
963 1496 1246 1571 βούλοιτο,
1276 1496 1620 1571 Θαρρούντως
1655 1493 1977 1569 λαμϐανέτω

518 1588 633 1655 Τὴν
666 1586 959 1641 πταίσασαν
992 1586 1226 1658 ἀζήμιον
1261 1584 1409 1647 ἐντὸς
1438 1592 1538 1653 τῆς
1572 1583 1788 1647 διετίας·

520 1674 738 1745 Χρόνου
770 1673 826 1729 δὲ
857 1672 1268 1749 διαρῥεύσαντος
1297 1677 1394 1728 τοῦ
1435 1671 1887 1749 διηγορευμένου,

521 1766 583 1819 Ἡ
618 1766 712 1837 μὲν
742 1764 817 1826 εἷς
858 1767 1218 1838 μοναστηριον
1252 1760 1478 1824 ἐνδίκως
1512 1760 1763 1837 διαγέτω,

516 1851 966 1931 Μελαμφοροῢσα
998 1852 1226 1906 πάντοτε
1255 1851 1390 1906 κατὰ
1409 1852 1502 1913 τὰς
1533 1872 1696 1927 κεκαρ
1707 1851 1885 1923 μένας·

513 1941 581 1997 Εἰ.
614 1940 799 2004 παῖδες
831 1943 956 2013 εἶσὶ,
987 1942 1049 1997 τὸ
1083 1940 1333 2017 δίμοιρον
1378 1939 1646 2015 ἐχέτωσαν
1680 1943 1751 1995 ὧν
1782 1938 1919 2017 ἔχει,

510 2032 581 2086 Τὸ
613 2030 668 2086 δέ
700 2053 763 2107 γε
797 2034 1161 2106 μοναστήριον
1193 2031 1255 2084 τὸ
1286 2030 1468 2106 τρίτον
1504 2025 1845 2103 λαμϐανέτω.

512 2122 581 2177 Αἱ
611 2122 836 2191 κλήσεις
865 2125 973 2176 τῶν
1004 2119 1315 2195 ἐγκλήματι
1348 2118 1578 2175 θανάτου
1608 2122 1974 2178 πεπτωκότων

519 2213 650 2273 Τοῖς
684 2215 814 2265 πᾶσι
845 2210 1228 2284 ἀρμοζέτωσαν
1263 2208 1295 2278 ἦ
1331 2210 1440 2263 ἅνω
1470 2214 1585 2271 τοῖς
1616 2214 1850 2283 γονεῦσι.

516 2301 617 2361 Τὰς
651 2298 800 2362 δίκας
827 2301 922 2361 τας
954 2299 1005 2354 ἐν
1039 2302 1291 2375 χρήμασι
1319 2297 1415 2361 τὰς
1446 2298 1578 2354 κατὰ
1608 2304 1716 2354 τῶν
1749 2298 1798 2355 ἐν
1829 2297 2024 2376 κλήρῳ

519 2389 837 2444 Ἐπίσκοποι
869 2388 1189 2466 κρινέτωσαν
1219 2383 1586 2463 ἠκριϐωμένῳ
1618 2388 1788 2464 λόγῳ.

517 2480 669 2541 Ἐνὸς
703 2477 758 2533 δὶ
793 2480 866 2552 μή
902 2479 1299 2553 στοιχήσαντος
1328 2482 1425 2532 τοῦ
1454 2478 1727 2550 κρίνοντος
1756 2484 1824 2546 τῆ
1865 2484 2055 2559 ψήφῳ,

514 2569 575 2625 Ὀ
612 2567 799 2644 ἅρχων
826 2567 1083 2638 ἐξετάσειε
1112 2566 1311 2637 ταύτην
1347 2562 1759 2643 ἀκριϐεστέρως.

516 2659 602 2713 Ἐν
637 2654 695 2712 δὲ
721 2662 836 2719 τοῖς
866 2659 1221 2732 ἁμαρτήμασι
1250 2662 1367 2719 τοῖς
1396 2656 1867 2734 πολιτικωτέροις,

515 2749 580 2805 Οἱ
612 2746 870 2823 κληρικοὶ
900 2752 1016 2811 τοῖς
1048 2744 1279 2821 ἄρχουσι
1311 2745 1616 2803 ὑπόκεινται
1652 2746 1894 2812 δικαίως.

514 2837 657 2900 Τοὺς
691 2836 926 2900 εὐτελεῖς
960 2834 1017 2891 δὲ
1050 2837 1323 2911 μάρτυρας
1356 2837 1382 2889 ὁ
1414 2838 1606 2913 κριτὴς
1634 2836 1942 2907 κολαζέτω,

512 2929 653 3002 Πρὸς
681 2926 941 2998 ἀληθείας
970 2925 1173 2998 εὕρεσιν
1205 2923 1292 2980 καὶ
1324 2926 1515 3004 μηθεὶς
1548 2924 1822 2987 αἶ’τιάσοω.

513 3019 633 3073 Ἐπὶ
664 3021 770 3071 τῶν
798 3014 1161 3092 ἐγκλημάτων
1198 3012 1256 3069 δὲ
1293 3018 1401 3070 τῶν
1436 3013 1487 3070 ἐν
1517 3011 1871 3091 δικαστηρίῳ,

513 3108 574 3161 0i.
612 3108 875 3184 μάρτυρες
903 3110 1020 3168 τοῖς
1054 3103 1328 3167 δικασταῖς
1356 3103 1697 3181 προσίτωσαν
1728 3103 1779 3160 ἐν
1812 3105 1987 3180 νόμῳ.

1864 383 2284 443 MICHAELIS
2327 382 2599 444 PSELLl

2214 517 2262 584 Α
2294 513 2613 587 Κηδεμόνας
2642 519 2758 577 τοῖς
2790 514 3047 594 ὀρφανοῖς
3077 516 3106 571 ὁ
3138 514 3325 594 ἅρχων
3354 521 3663 595 παρεχέτω.

3827 398 3932 455 940

2294 605 2406 679 Χρὴ
2438 605 2532 659 τὸν
2565 604 2615 676 ἐξ
2647 604 2933 666 αἲτιάσεως
2967 606 3378 678 ὑπομνησθέντα
3399 611 3647 683 πρώτης,

2291 688 2523 748 Βιϐλίου
2556 692 2914 769 ὑποδέχεσθαι
2946 701 3048 764 τῆς
3078 695 3409 769 κινουμένης
3434 695 3607 767 δίκης,

2292 784 2393 840 Καὶ
2425 785 2761 860 προθεσμίαν
2794 788 3016 859 ἡμερῶν
3050 785 3220 841 εἷϐιοσι
3251 784 3721 862 προσλαμϐάνειν.

2289 874 2352 930 Ὀ
2380 870 2437 927 δὲ
2467 872 2528 928 ἐκ
2554 873 2918 948 περιστάσεως
2950 870 3133 928 λαϐὼν
3167 873 3415 949 δευτέραν
3443 880 3645 953 κρίσιν,

2289 962 2365 1020 Οὐ
2397 960 2615 1037 δύναται
2644 963 2736 1017 τὸν
2764 960 3016 1035 δεύτερον
3048 961 3304 1033 δικαστὴν
3338 971 3746 1041 παραιτεῖσθαι,

2290 1050 2437 1105 Μετὰ
2466 1048 2751 1123 διομοσίαν
2786 1048 2843 1104 δὲ
2870 1056 2966 1105 τοῦ
3007 1051 3128 1125 ῥέου
3158 1054 3563 1127 κρυπτομένου,

2291 1139 2393 1195 Καὶ
2430 1141 2505 1212 μή
2537 1142 3086 1213 προσαπαντήσαντος
3115 1144 3251 1196 κατᾶ
3282 1144 3382 1211 τήν
3409 1147 3772 1219 προθεσμίαν,

2290 1227 2381 1289 Εἲς
2412 1229 2481 1281 τα
2510 1227 2644 1283 ἐκείν
2657 1249 2717 1282 ου
2749 1229 3045 1303 πράγματα
3074 1229 3370 1302 πεμπέσθω
3401 1233 3428 1287 ὁ
3463 1232 3691 1309 ἐνάγων.

2286 1318 2403 1373 Οὐκ
2434 1316 2619 1379 ἄλλως
2653 1314 2699 1371 δ’
2729 1314 3024 1371 ἀναδίδωσι
3057 1318 3123 1371 τὰ
3152 1320 3445 1393 πράγματα
3472 1328 3551 1393 τῷ
3582 1324 3693 1399 ρέῳ

2290 1406 2351 1461 Εἰ
2387 1408 2461 1477 μὴ
2492 1408 2593 1474 τήν
2625 1410 2795 1459 πᾶσαν
2828 1406 3091 1480 πρότερον
3123 1405 3364 1475 δαπάνην
3398 1411 3719 1483 ἀπαιτήσω.

2288 1499 2425 1566 Γυνή
2457 1517 2541 1557 τις
2574 1494 2706 1557 ἴσως
2728 1495 2933 1569 ἄπορος
2966 1495 3055 1550 ἐπὶ
3085 1495 3240 1571 ἀνδρὶ
3272 1500 3490 1575 εὐπόρῳ

2286 1589 2530 1641 Θανοῦσα
2556 1582 2689 1659 δίχα
2717 1590 2967 1658 γαμικῶν
2996 1585 3223 1650 τελείως
3255 1584 3634 1663 συμϐολαίων,

2284 1676 2372 1737 Ὡς
2404 1672 2459 1729 δὲ
2488 1672 2582 1729 κᾶν
2616 1673 2822 1748 ἄπορος
2852 1675 2989 1750 ἀνὴρ
3018 1674 3106 1729 ἐπὶ
3138 1676 3354 1751 εὐπόρῳ
3384 1682 3555 1739 θάνοι.

2282 1762 2376 1824 Εἰς
2412 1763 2577 1835 μόνον
2613 1763 2777 1838 μέρος
2805 1762 3063 1837 τέταρτον
3092 1769 3201 1819 τῶν
3232 1767 3420 1823 ἑαυτοῦ
3450 1774 3776 1846 κτημάτων,

2204 1894 2250 1958 Β
2284 1852 2421 1906 Ἀπὸ
2450 1856 2545 1906 τοῦ
2574 1856 2782 1921 ζῶντος
2813 1853 2841 1906 ὑ
2873 1852 3047 1915 θανὼν
3071 1852 3257 1919 καλῶς
3285 1856 3730 1934 κληρονομείτω.

2281 1940 2338 1958 οη
2440 1941 2453 1958 ς
2638 1942 2647 1958 ,
2842 1940 2852 1958 ρ
3132 1944 3185 1958 ,Α
3332 1947 3343 1958 .
3574 1952 3582 1958 .

2281 1940 2340 1996 Ὁ
2368 1941 2486 2014 τρῖς
2516 1942 2749 2013 κομίσας
2787 1940 3059 2015 μάρτυρας
3092 1944 3242 2006 αὖθις
3278 1947 3352 2017 μή
3381 1952 3694 2025 παραγέτω.

2277 2030 2335 2085 Ὀ
2370 2028 2530 2102 μέσος
2565 2028 2623 2085 δὲ
2649 2036 2766 2092 τοῖς
2800 2029 2981 2105 μέρεσι
3011 2034 3248 2106 γεγονὼς
3273 2038 3467 2110 γνώμη
3502 2041 3739 2117 τούτων,

2277 2119 2392 2196 Ἐφ’
2423 2122 2507 2181 οἷς
2540 2119 2687 2174 οὗτοι
2723 2118 3028 2188 δικάζονται
3058 2121 3147 2176 καὶ
3178 2119 3319 2178 ἄκων
3349 2130 3713 2206 μαρτυρείτω.

2279 2209 2370 2276 Μή
2403 2210 2575 2270 πάσας
2608 2205 2651 2262 δ’
2684 2206 2827 2280 οἷὀυ,
2861 2206 3112 2279 δέσποτα,
3146 2211 3239 2275 τὰς
3270 2216 3463 2286 νεαρὰς
3498 2218 3857 2293 εὐγρήστους

2276 2296 2343 2353 Ag
2420 2298 2433 2313 κ
2551 2299 2562 2312 ~
2677 2297 2690 2316 ’
2771 2296 2794 2352 ἐ
2834 2299 2888 2351 ιθ
3123 2305 3171 2338 νρ
3254 2302 3272 2331 ι
3613 2309 3621 2326 ρ
3690 2307 3707 2319 ο

2336 2342 2345 2350 .
2378 2318 2473 2369 μεν
2504 2318 2605 2372 γαρ
2636 2320 2734 2353 ουκ
2797 2320 2855 2354 τε
2894 2320 3026 2369 ησαν
3056 2321 3169 2362 τοι,
3206 2309 3434 2367 Λέοντος
3470 2302 3716 2379 βιϐλιοις

2274 2390 2367 2441 Ὥν
2401 2390 2434 2457 ἡ
2471 2389 2564 2460 μὲν
2588 2394 2786 2464 γνῶσις
2812 2387 3088 2467 ἀσφαλὴς,
3128 2392 3383 2467 βασιλικὴ
3417 2393 3464 2450 δ’
3493 2399 3527 2466 ἡ
3560 2397 3761 2468 κλῆσις

2273 2478 2342 2534 Αἱ
2374 2475 2421 2565 δ’
2455 2478 2499 2565 ei
2532 2480 2622 2534 καὶ
2654 2479 3107 2554 κατεστρώθησαν
3141 2480 3443 2557 ἐσχόλασαν
3473 2493 3554 2559 τῷ
3584 2491 3801 2565 χρόνῳ’

2275 2566 2344 2622 Al
2376 2563 2423 2620 δ’
2452 2564 2700 2643 ἤργησαν
2731 2566 3030 2623 ἀλλοίωσιν
3063 2573 3162 2624 τοῦ
3197 2571 3319 2646 βίου
3346 2563 3660 2648 δεξαμένου.

2272 2659 2400 2714 Οἴον
2434 2659 2499 2711 τὰ
2531 2656 2654 2732 περὶ
2692 2656 3022 2731 βουλευτῶν,
3054 2660 3121 2713 τὰ
3152 2660 3276 2734 περὶ
3307 2666 3414 2717 τῶν
3447 2669 3811 2743 πραιτώρων,

2273 2746 2356 2802 Τὰ
2384 2746 2506 2820 περῖ
2542 2744 2945 2821 μοδεράτωρος,
2976 2747 3041 2802 τὰ
3069 2748 3192 2823 περὶ
3223 2755 3624 2829 κοιαιστώρων,

2270 2838 2351 2892 Τὰ
2379 2838 2500 2911 περὶ
2532 2842 2640 2893 τῶν
2674 2838 2954 2914 ἐπαρχιῶν
2985 2841 3093 2895 τῶν
3124 2841 3619 2918 ἀπηριθμημένων.

2268 2928 2401 2981 Ὅσα
2430 2929 2565 2982 κατὰ
2597 2927 2887 2983 συναίνεσιν
2918 2928 3009 2984 τὸν
3040 2932 3217 3004 γάμον
3251 2930 3542 3008 διαιροῦσι,

2267 3015 2340 3070 Τὰ
2371 3016 2494 3091 περὶ
2525 3018 2933 3093 συγχωρήσεων
2960 3017 3237 3075 λοιπάδων
3273 3019 3579 3096 δημοσίων,

2269 3104 2343 3159 Τὰ
2372 3106 2494 3180 περὶ
2522 3109 2628 3161 τῶν
2662 3104 2966 3177 ἐκκλησιῶν
3003 3110 3080 3183 (4)
3106 3114 3214 3165 τῶν
3241 3108 3294 3165 ἐν
3326 3115 3394 3186 τῇ
3430 3113 3684 3187 Σικελίᾳ,

3516 3206 3685 3264 Vers.
3734 3210 3863 3268 446.

509 3459 795 3516 servanda
832 3457 972 3527 jura
1027 3460 1084 3512 et
1139 3471 1234 3513 res
1282 3472 1407 3526 quae
1465 3456 1687 3512 habent
1722 3455 2149 3528 delinquentes.
2183 3458 2227 3526 C
2267 3458 2711 3530 quaestionibus,
2757 3460 3081 3517 secundum
3129 3460 3290 3536 leges
3346 3462 3406 3521 in
3457 3467 3686 3536 judicio
3747 3475 3929 3530 testes

508 3548 889 3619 Magistratus
921 3549 1081 3602 extra
1110 3544 1471 3617 provinciam
1516 3545 1588 3600 de
1620 3545 1851 3617 proprio
1882 3550 2156 3617 sumptus

508 3638 723 3693 facito.
785 3636 1046 3691 Maacbus
1104 3636 1457 3690 manifestus
1538 3635 1723 3704 poenis
1791 3635 2151 3706 subjicitor:

504 3744 573 3783 ex
602 3727 790 3799 ipsius
820 3724 991 3780 bonis
1041 3725 1167 3794 dos,
1213 3740 1345 3778 cum
1399 3724 1559 3777 omni
1606 3724 1950 3794 sponsalitia
1980 3724 2153 3794 largi-

502 3821 619 3871 tate
672 3814 903 3869 mulieri
953 3815 1159 3868 dator:
1211 3812 1263 3867 si
1311 3828 1444 3867 vero
1494 3811 1596 3868 illa
1643 3812 1925 3882 indotata,
1973 3830 2152 3885 quar-

498 3910 619 3959 tam
664 3909 883 3975 partem
918 3904 1205 3957 bonorum
1240 3902 1400 3956 illius
1434 3901 1686 3957 habeat:
1736 3901 1992 3970 reliquas
2024 3903 2152 3973 ejus

498 3994 599 4065 qui
631 3993 880 4064 deliquit
908 3994 1062 4048 bona
1084 3992 1235 4046 inter
1267 3991 1480 4046 liberos
1503 3996 1560 4046 et
1583 3996 1854 4062 parentes
1884 3991 2152 4045 dividun-

495 4088 589 4137 tor
619 4099 806 4154 usque
838 4082 909 4136 ad
941 4081 1181 4136 tertium
1216 4081 1461 4150 gradum
1492 4098 1503 4134 :
1540 4080 1586 4133 si
1620 4096 1752 4133 vero
1785 4079 2149 4151 delinquenti

497 4188 686 4243 neque
718 4171 896 4235 ﬁlius,
950 4186 1140 4240 neque
1190 4186 1403 4240 parens
1448 4170 1544 4237 sit,
1579 4169 1990 4225 convenienter
2020 4170 2147 4239 ejus

492 4261 645 4315 bona
693 4262 829 4315 fisco
880 4261 1245 4314 addicuntor.
1300 4258 1602 4312 Mulierem
1654 4258 1979 4312 adulteram
2010 4258 2146 4312 dili-

489 4354 691 4419 genter
744 4349 1134 4415 observatam,
1185 4347 1455 4413 maritus,
1488 4347 1537 4400 si
1584 4347 1744 4414 velit,
1794 4346 1951 4401 intra
1982 4348 2145 4402 bien-

488 4438 653 4493 nium
685 4437 1041 4509 impunitam
1074 4436 1353 4506 recipito:
1390 4436 1605 4489 etfluxo
1658 4451 1791 4488 vero
1824 4434 2142 4490 constituto

486 4532 771 4599 tempore,
822 4526 924 4579 illa
956 4526 1014 4580 in
1062 4524 1485 4579 monasterium
1542 4523 1753 4577 merito
1794 4523 2143 4594 detruditor,

486 4634 618 4672 cum
656 4615 1013 4671 monialibus
1045 4614 1204 4668 omni
1236 4613 1369 4666 vitae
1402 4616 1665 4682 tempore
1718 4618 1911 4666 vestes
1943 4615 2140 4683 nigras

484 4705 729 4761 induta:
763 4705 811 4758 si
845 4704 1011 4759 liberi
1048 4704 1284 4770 iuerint,
1313 4703 1442 4771 ejus
1491 4702 1778 4755 bonorum
1812 4702 1969 4756 duas
2001 4718 2138 4772 par-

480 4800 571 4851 tes
600 4796 873 4861 habento,
910 4792 1333 4848 monasterium
1388 4791 1619 4845 tertiam
1675 4790 1885 4861 capite.
1921 4791 2133 4846 Eorum

481 4886 633 4939 bona
660 4901 808 4955 quos
839 4884 1061 4939 crimen
1097 4882 1267 4937 morti
1301 4880 1561 4951 subjicit,
1584 4880 1784 4936 liberis
1812 4879 1899 4933 vel
1931 4897 2133 4936 ascen-

480 4974 759 5029 dentibus
791 4977 1152 5042 competunt.
1186 4970 1543 5026 Clericorum
1599 4969 1964 5040 pecuniarias
1995 4987 2132 5025 cau-

480 5079 578 5118 sas
610 5066 809 5120 exacto
833 5061 1057 5133 judicio
1091 5058 1343 5129 episcopi
1388 5057 1733 5128 judicanto:
1784 5056 1967 5113 altera
1994 5074 2128 5113 vero

476 5152 732 5223 partium
767 5145 1403 5218 sententimjudicantis
1427 5161 1537 5201 non
1564 5145 2127 5215 acquiescente,eam

475 5241 737 5295 exactius
769 5240 1028 5294 locorum
1064 5236 1449 5307 magistratus
1486 5232 1799 5287 examinet.
1834 5236 1895 5287 In
1928 5232 2126 5287 crimi-

476 5328 648 5384 nibus
700 5327 973 5384 civilibus
1020 5324 1213 5381 clerici
1263 5322 1708 5395 magistratibus
1750 5322 1957 5376 merito
1987 5322 2125 5377 sub-

468 5418 779 5491 jiciuntur.
841 5414 1103 5473 Humiles
1158 5418 1338 5470 testes
1395 5416 1624 5484 reperta
1668 5411 1906 5466 veritate
1942 5411 2125 5481 judex

470 5508 805 5583 castigato,
864 5515 919 5566 et
975 5521 1147 5564 nemo
1207 5505 1484 5561 causetur
1517 5544 1532 5561 .
1593 5502 1655 5559 In
1712 5500 2122 5559 criminalibus

540 5718 618 5794 (4)
648 5711 989 5789 Ἔκκλήτων.

2164 4841 2211 4907 D

2257 3548 2563 3619 judicibus
2613 3550 3034 3619 producuntor.
3088 3551 3335 3624 Pupillis
3384 3563 3687 3613 curatores
3742 3564 3935 3634 magi-

2265 3642 2486 3693 stratus
2511 3638 2667 3693 dato.
2701 3638 2942 3710 Oportet
2970 3655 3104 3695 eum
3138 3643 3239 3712 qui
3286 3659 3355 3698 ex
3385 3645 3578 3715 prima
3623 3652 3933 3707 vocatione

2264 3727 2639 3783 submonitus
2689 3737 2798 3790 est,
2846 3728 3110 3785 libellum
3161 3730 3283 3786 litis
3342 3750 3471 3804 quae
3524 3744 3809 3793 movetur
3838 3759 3931 3797 ac-

2263 3816 2474 3886 cipere,
2507 3821 2563 3871 et
2594 3817 2798 3889 viginti
2841 3820 3067 3874 dierum
3123 3819 3393 3877 inducias
3439 3822 3677 3882 habere.
3715 3830 3829 3892 Qui
3862 3847 3928 3885 ex

2263 3906 2627 3960 recusatione
2656 3908 2982 3962 secundum
3020 3908 3317 3978 judicium
3367 3914 3681 3984 acceperit,
3720 3921 3931 3989 nequit

2260 3995 2588 4049 secundum
2638 3996 2899 4063 judicem
2943 3993 3262 4053 recusare.
3323 4000 3460 4055 Post
3506 4003 3928 4069 juramentum

2260 4082 2340 4137 rei
2400 4082 2725 4150 latitantis,
2786 4101 2976 4155 neque
3032 4085 3188 4141 intra
3265 4087 3421 4142 diem
3500 4094 3805 4147 statutum
3870 4112 3929 4150 se

2257 4172 2623 4241 exhibentis,
2685 4177 2847 4227 actor
2906 4173 2964 4228 in
3024 4176 3155 4243 ejus
3219 4192 3413 4231 rerum
3474 4183 3926 4249 possessionem

2257 4260 2546 4315 mittitor:
2582 4278 2767 4331 neque
2799 4261 2945 4317 alias
2992 4280 3088 4318 reo
3119 4264 3247 4332 eius
3299 4265 3452 4320 bona
3502 4268 3926 4340 restituantur,

2255 4364 2431 4418 quam
2493 4349 2539 4403 si
2574 4352 2792 4404 damna
2849 4354 2907 4404 et
2945 4367 3151 4406 omnes
3211 4351 3433 4423 priores
3483 4364 3774 4427 sumptus
3828 4376 3925 4416 re—

2255 4437 2490 4516 pendat.
2538 4436 2593 4491 Si
2624 4438 2729 4491 viri
2791 4436 3101 4509 locupletis
3156 4457 3378 4511 pauper
3434 4459 3580 4498 uxor
3630 4463 3752 4502 non
3793 4466 3924 4520 per-

2251 4526 2417 4579 fectis
2468 4525 2759 4581 dotalibus
2820 4527 3230 4583 instrumentis
3286 4531 3550 4597 decedat,
3612 4535 3707 4589 vel
3755 4539 3923 4594 dives

2252 4613 2463 4667 mulier
2492 4614 2611 4668 viro
2644 4615 2886 4685 pauperi
2935 4616 3011 4671 sit
3040 4623 3362 4687 superstes,
3399 4619 3457 4675 in
3506 4620 3702 4678 solam
3737 4642 3923 4698 quar-

2248 4706 2367 4757 tam
2399 4703 2690 4758 demortui
2741 4704 3031 4759 bonorum
3082 4711 3307 4777 partem
3362 4716 3665 4779 superstes
3701 4730 3921 4771 succe-

2247 4791 2366 4845 dat.
2418 4791 2525 4853 Qui
2584 4797 2673 4847 ter
2721 4794 2963 4848 adduxit
3020 4800 3216 4863 testes,
3274 4797 3486 4853 iterum
3550 4817 3622 4855 ne
3685 4806 3921 4873 produ-

2244 4879 2376 4935 cito.
2413 4880 2695 4937 Mediator
2744 4882 3068 4939 scientibus
3118 4890 3175 4939 et
3229 4886 3561 4943 volentibus
3606 4894 3921 4960 partibus.

2240 4985 2306 5024 ea
2338 4969 2409 5024 de
2434 4987 2493 5025 re
2548 4970 2619 5023 de
2653 4988 2769 5041 qua
2824 4970 3077 5043 litigant,
3135 4974 3312 5028 etiam
3370 4976 3591 5032 invitus
3640 4982 3925 5040 testimo-

2241 5058 2401 5111 nium
2436 5058 2634 5113 dicito.
2669 5059 2751 5113 Ne
2784 5064 2981 5114 tamen
3013 5077 3214 5117 omnes
3248 5063 3527 5135 novellas,
3561 5082 3594 5120 ο
3638 5068 3921 5134 domine.

2239 5146 2412 5202 utiles
2470 5148 2657 5202 crede.
2720 5149 2995 5215 Quaedam
3047 5151 3202 5206 enim
3237 5152 3441 5223 positze
3500 5171 3615 5210 non
3671 5162 3919 5218 suntin

2238 5236 2447 5291 Leonis
2477 5234 2665 5306 libris,
2717 5254 2970 5309 quorum
3013 5239 3255 5296 scientia
3301 5241 3670 5309 ﬁrmissima,
3710 5254 3776 5303 et
3818 5268 3919 5306 no-

2234 5341 2365 5379 men
2427 5325 2668 5396 Regium
2724 5332 2854 5382 est:
2914 5329 3205 5400 quaedam,
3263 5330 3395 5388 licet
3427 5331 3503 5385 ibi
3565 5333 3912 5405 collocata,

2230 5418 2495 5487 tempore
2526 5414 2740 5471 feriata:
2772 5421 2931 5487 sunt,
2964 5418 3230 5489 quaedam
3263 5421 3461 5475 otiosae
3493 5426 3662 5490 sunt,
3700 5435 3913 5485 muta.

2229 5503 2449 5561 tionem
2480 5504 2599 5563 vita
2630 5505 2964 5581 recipiente.
2998 5506 3210 5574 Quales
3262 5525 3389 5586 quis
3420 5510 3491 5568 de
3538 5509 3911 5575 Decurioni-
