4010 6360
93 435 203 495 941

91 560 171 615 Τὰ
197 560 317 636 περὶ
347 561 447 616 τοῦ
481 560 556 634 μὴ
581 557 824 636 γίνεσθαι
855 559 999 615 οἶκοι
1027 558 1125 622 τὰς
1165 556 1529 634 λειτουργίας,

91 651 172 705 Τὰ
199 651 318 726 περὲ
347 655 445 705 τοῦ
475 647 745 722 διηνεκῶς
776 655 952 704 ποιεῖν
977 650 1072 711 τὰς
1106 648 1478 726 ἐμφυτεόσεις,

88 741 171 794 Τὰ
199 740 319 815 περὶ
350 744 455 795 τῶν
494 739 547 794 ἐν
581 742 833 817 Ἀφρικῇ,
867 737 1022 792 θείων
1056 735 1467 814 ἀφιδρυμάτων.

88 828 385 905 Εὸχρηστα
411 827 468 884 δὲ
501 829 591 884 καὶ
629 828 931 902 Θαυμαστὰ,
960 829 1029 882 τὰ
1055 827 1178 904 περὶ
1207 825 1512 883 Φαλκιδίου

87 921 171 978 Τὰ
198 921 322 996 περὶ
357 919 548 996 γάμων
583 916 792 982 λύσεως
821 922 936 980 τοῖς
967 919 1263 987 καθήκουσι
1303 917 1552 991 τρόποις,

85 1011 163 1065 Τὰ
191 1010 311 1085 περὶ
349 1006 663 1069 ἀποδόσεως
692 1008 1028 1083 πραγμάτων
1062 1007 1452 1081 προικιμαίων,

85 1101 169 1156 Τὰ
198 1098 322 1175 περὶ
353 1101 744 1170 καινοτομιῶν,
775 1096 842 1150 τὰ
871 1095 992 1171 περὶ
1024 1093 1370 1167 κηδεμόνων,

83 1189 161 1242 Τὰ
189 1186 265 1252 εἰς
294 1185 558 1262 ἀμέτρους
593 1185 800 1260 δωρεὰς
832 1184 1314 1258 ἆποτετοξευμὲνα,

83 1278 158 1332 Τὰ
187 1277 310 1350 περὶ
340 1283 440 1346 τῆς
471 1275 522 1331 ἐν
553 1280 622 1350 τῇ
655 1275 838 1350 προικὶ
872 1295 1069 1352 caece:
1104 1272 1431 1349 άναργυρίας

80 1366 161 1423 Οὐ
186 1365 365 1421 τοίνυν
397 1364 527 1420 ὅλον
562 1361 868 1440 εὔχρηστον
898 1367 1006 1418 τῶν
1037 1366 1241 1439 νεαρῶν
1280 1356 1520 1436 βιϐλίον,

77 1455 240 1515 Ἀλλ’
270 1457 344 1510 ὧν
376 1457 410 1524 ἡ
444 1457 634 1530 πρᾶξις
671 1453 901 1528 συνεχὴς
928 1453 1122 1525 νόμοις
1154 1450 1552 1527 κεκροτημὲνη.

149 1551 272 1602 Τῶν
306 1543 353 1599 δ’
377 1544 608 1620 ἀγωγῶν
638 1545 674 1612 ἡ
709 1541 952 1612 σύνταξις
985 1540 1170 1612 πολλή
1204 1561 1261 1596 τε
1286 1540 1375 1594 καὶ
1407 1538 1660 1609 ποικίλη,

76 1634 372 1695 Ἰταλικοῖς
405 1631 633 1704 ὀνόμασι
675 1631 767 1705 μὲν
799 1630 1294 1703 κατωνομασμένη,

75 1724 434 1794 Ἑλληνικαῖς
467 1720 524 1776 δὲ
551 1721 810 1792 κλήσεσιν
842 1720 994 1781 αὖθις
1022 1718 1427 1789 ἀντικληθεῖσα,

78 1813 305 1871 Τούτων
337 1810 761 1886 ἠτυμολόγηται
781 1811 850 1864 τὰ
878 1807 1057 1864 πλείω
1087 1808 1421 1881 Θαυμασίως.

77 1901 474 1978 Ἀδουλτερίης
508 1895 680 1973 ὄνομα
710 1904 880 1954 κεῖται
905 1899 1025 1974 περὶ
1064 1896 1337 1973 μοιχείας,

78 1994 180 2047 Καὶ
211 1991 488 2064 θαύμασον
524 1990 622 2057 τήν
659 1987 900 2052 σύνθεσιν
924 1992 1022 2042 τοῦ
1054 1986 1468 2060 ὀνοματοθέτουο

70 2083 131 2135 '0
165 2080 371 2142 Ἰταλὸς
392 2081 492 2148 τήν
519 2079 759 2133 νόθευσιν
791 2075 953 2133 καλεῖ
980 2081 1097 2138 πῶς
1127 2074 1483 2150 ἆδουλτὲραν,

70 2174 264 2235 Ἔνθεν
295 2174 424 2244 γοῦν
456 2167 897 2239 κατωνόμασται,
928 2167 992 2220 τὸ
1023 2170 1305 2240 στρῶπτον
1333 2171 1432 2234 τῆς
1454 2160 1726 2240 μοιχείας,

70 2261 138 2317 Ἥ
173 2260 274 2335 γὰρ
310 2257 535 2334 μοιχεία
563 2257 830 2325 νόθευσις,
856 2260 942 2309 καὶ
969 2252 1346 2331 παραχάραξίς
1372 2275 1476 2315 τις.

69 2353 292 2404 Κινοῦσι
324 2345 382 2403 δὲ
403 2348 467 2403 τὸ
501 2345 756 2421 μοιχικὸν
793 2346 952 2418 ἀνὴρ,
984 2346 1188 2420 πατὴρ,
1216 2343 1306 2398 καὶ
1348 2345 1513 2412 θεῖος,

66 2441 214 2514 Πρὸς
245 2444 346 2508 τῆς
378 2437 610 2512 μητρὸς,
640 2434 776 2508 πρὸς
807 2438 905 2490 τοῦ
937 2433 1164 2508 πατρὸς,
1197 2431 1461 2509 σῦγγονός
1508 2452 1567 2486 τε
1591 2430 1726 2506 πρὸς

1393 2519 1655 2594 [τούτοις.

72 2617 209 2674 Μετ’
275 2614 558 2692 ὶγγραφῶν
619 2613 672 2668 οἱ
731 2612 1084 2687 σύμπαντες,
1143 2612 1239 2666 κᾶν
1300 2609 1346 2665 εἰ
1403 2611 1493 2664 τὸν
1563 2605 1731 2681 ἄνδρα

1447 2693 1655 2770 [λέγῃς.

66 2800 134 2851 Ἦ
168 2791 496 2861 Ἀδοπτίων,
531 2788 790 2860 δέσποτα,
822 2791 1020 2852 θὲσιως
1055 2783 1234 2862 ὄνομά
1260 2808 1343 2859 τι,

67 2884 171 2946 Ετς
200 2881 297 2939 δύο
330 2881 389 2938 δὲ
419 2881 657 2953 ὀνόματα
684 2881 786 2949 τὴν
821 2877 1079 2953 διαίρεσιν
1107 2874 1252 2952 ἔχει,

68 2975 174 3028 Ὧν
199 2973 266 3028 τὸ
294 2973 389 3046 μὶν
423 2968 767 3045 ἀδρογάτων,
797 2968 861 3025 τὸ
891 2966 950 3023 δὶ
973 2963 1233 3022 ἀδόπτιον
1267 2964 1408 3039 λέγε.

64 3064 171 3118 Τὸν
202 3061 389 3117 τοίνυν
421 3058 730 3130 αὐτεξοόσω
765 3051 1031 3132 λαμϐάνει
1056 3077 1142 3120 τις
1172 3055 1248 3119 εἷς
1276 3056 1445 3122 θέσιν,

76 3391 216 3460 bus,
253 3388 328 3444 de
351 3385 729 3452 Praetoribus,
779 3384 852 3441 de
881 3382 1268 3448 Moderatore,
1301 3381 1373 3436 de
1427 3379 1740 3445 Quaestori-

74 3479 222 3550 bus,
255 3477 327 3534 de
359 3475 680 3532 Provinciis
719 3471 1103 3539 enumeratis,
1137 3488 1264 3543 qua
1322 3470 1394 3526 do
1452 3469 1744 3526 solutione

74 3567 432 3640 nuptiarum
461 3582 530 3621 ex
577 3579 892 3630 consensu,
943 3563 1015 3618 de
1071 3558 1440 3633 indulgentia
1495 3558 1746 3630 reliquo-

77 3673 220 3712 rum
253 3653 651 3729 publicorum,
713 3653 782 3709 de
841 3649 1352 3724 Appellationibus
1400 3647 1631 3718 biciliae,
1663 3647 1746 3703 Ne

75 3745 260 3802 Domi
292 3745 482 3800 Missae
513 3743 894 3810 celebrentur,
928 3741 999 3796 de
1051 3739 1430 3812 Emphyteusi
1464 3742 1745 3810 perpetuo

80 3835 388 3903 faciendo,
419 3834 491 3889 de
512 3832 726 3888 divinis
767 3829 1042 3887 domibus
1098 3828 1322 3884 Africae.
1382 3827 1561 3883 Utilia
1609 3843 1747 3882 sane

78 3931 142 3982 et
166 3925 467 3990 miranda,
499 3939 626 3993 qua;
685 3919 754 3975 de
785 3919 912 3992 lege
942 3917 1216 3986 Falcidia,
1250 3933 1380 3989 quae
1410 3917 1481 3972 de
1507 3916 1747 3988 nuptia-

80 4031 225 4072 rum
261 4011 578 4082 solutione,
599 4007 1244 4067 convenientibuslocis
1276 4007 1347 4062 de
1379 4005 1748 4062 restitutione

79 4120 292 4160 rerum
327 4099 634 4169 dotalium,
667 4099 738 4154 de
770 4097 900 4154 novi
930 4098 1122 4170 operis
1146 4095 1620 4165 nuntiatione,de
1644 4111 1746 4150 cu-

76 4191 413 4257 ratoribus,
471 4191 540 4245 de
588 4188 886 4244 immensis
935 4186 1380 4255 donationibus,
1455 4184 1752 4240 collimata

76 4288 234 4340 sunt
281 4299 296 4338 :
360 4296 491 4352 qua:
539 4280 708 4334 docte
767 4278 839 4334 de
896 4277 1029 4333 dote
1113 4293 1228 4332 non
1291 4279 1620 4331 numerata.
1677 4275 1751 4329 At

74 4389 205 4430 non
252 4375 418 4427 totus
501 4366 871 4423 Novellarum
954 4365 1104 4420 liber
1193 4363 1356 4419 utilis
1445 4371 1556 4434 est,
1644 4363 1744 4418 sed

77 4477 351 4536 quarum
425 4457 575 4514 actio
639 4459 697 4514 et
762 4454 960 4529 praxis
1009 4453 1292 4511 continua
1348 4452 1579 4526 legibus
1661 4455 1751 4508 est

76 4549 496 4624 comprobata.

151 4639 478 4697 Actionum
508 4653 642 4693 vero
671 4633 936 4690 collectio
959 4631 1268 4705 multiplex
1290 4635 1403 4700 est,
1457 4634 1516 4688 et
1564 4630 1750 4695 varia,

75 4729 314 4788 Italicis
339 4726 677 4783 nominibus
704 4726 995 4792 vocata,et
1022 4739 1230 4778 rursus
1262 4720 1501 4777 vocibus
1533 4719 1748 4776 Graecis

73 4819 358 4888 vicissim
394 4813 935 4889 nuncupata.Multa
956 4812 1173 4868 mirum
1201 4811 1259 4867 in
1285 4810 1524 4866 modum
1549 4825 1750 4864 earum

76 4918 331 4983 etymon
355 4910 650 4962 enarrant.
683 4903 962 4959 Adulterii
994 4917 1204 4956 nomen
1240 4899 1483 4972 ponitur
1512 4915 1616 4972 pro
1637 4917 1757 4968 μοι-

77 4997 242 5074 χεία,
275 5001 337 5052 et
367 4995 660 5050 admirare
706 4991 1194 5064 compositionem
1255 4989 1384 5059 ejus
1417 4987 1512 5057 qui
1545 5003 1754 5043 nomen

81 5085 406 5161 imposuit.
445 5084 689 5139 Latinus
719 5080 956 5135 νόθευσιν
990 5083 1157 5136 vocat
1192 5077 1541 5133 adulterium
1570 5095 1583 5144 ;
1608 5082 1762 5132 recte

78 5179 283 5251 igitur
313 5178 585 5244 stuprum
620 5171 888 5227 adulterii
922 5169 1370 5226 denominatur:
1405 5165 1759 5222 adulterium

79 5269 258 5324 enim
294 5269 390 5318 est
419 5261 641 5318 vitiatio
672 5277 774 5316 seu
806 5257 1068 5328 νόθευσις,
1102 5263 1159 5313 et
1184 5257 1330 5312 falsa
1363 5255 1613 5326 signatio
1645 5255 1765 5310 sive

77 5349 504 5432 παραχάραξις.
563 5353 856 5406 Accusant
929 5365 1063 5403 vero
1137 5347 1207 5402 de
1281 5345 1590 5412 adulterio,
1655 5343 1766 5432 vir,

78 5431 292 5520 pater,
347 5457 511 5510 avus,
558 5443 690 5513 post
731 5443 955 5512 patrem
1016 5440 1073 5492 et
1128 5439 1394 5502 matrem,
1457 5436 1589 5506 post
1637 5431 1768 5488 illos

79 5530 296 5594 θεμειὶ
340 5528 593 5605 cognati,
659 5544 866 5586 omnes
922 5530 1120 5584 tamen
1177 5539 1312 5582 cum
1360 5520 1769 5594 inscriptione,

164 5769 252 5842 (5)
278 5759 652 5839 Τιτράτιοδον.

1448 431 1823 494 SYNOPSIS
1867 431 2161 493 LEGUM.

3380 441 3502 500 942

1769 563 1821 629 Α
1852 559 1931 629 Τῇ
1956 563 2055 627 τῆς
2086 556 2462 636 ἀρνογατίονος
2488 561 2682 632 κλήσει
2709 579 2770 619 τε
2796 564 2885 620 καὶ
2916 560 3164 640 δυνάμει,

1852 647 1916 702 Ὀ
1948 643 2004 701 δὲ
2033 668 2092 722 γε
2114 648 2448 718 υἱοθετηθείς
2483 645 2685 721 ἄνηϐος
2719 652 2996 722 ἑκουσίως,

1851 733 2192 808 Ἐξερεδάτος
2222 739 2462 812 γεγονὼς
2491 741 2672 811 τρίτον
2705 736 2971 814 λαμϐάνει
3006 744 3190 818 μέρος.

1850 825 1910 880 Ὁ
1943 821 1998 879 δέ
2027 847 2087 901 γε
2117 826 2429 889 ’Δκουίλιος
2461 828 2650 903 ἀγωγή
2681 851 2763 892 τις
2793 830 3076 906 τυγχάνει,

1851 914 2000 969 Κατὰ
2028 919 2125 968 τοῦ
2155 916 2231 988 μή
2264 915 2602 991 παρέχοντος
2629 923 2710 991 τῷ
2740 914 3022 993 σεϐασμίῳ
3050 920 3226 995 τόπῳ,

1849 1004 2022 1078 ’Όπερ
2062 1002 2284 1078 λεγάτον
2319 1004 2484 1082 ὥρισε
2511 1013 2696 1070 σαφῶς
2728 1010 2755 1062 ὁ
2786 1007 3137 1082 τελευτήσας,

1850 1097 2005 1167 Ἔχει
2039 1092 2084 1146 δ’
2117 1094 2404 1165 ἀπαίτησιν
2437 1100 2659 1171 καρπῶν
2691 1095 2840 1172 εἶ’περ
2877 1099 3164 1173 ὑπερθοῖτό
3195 1121 3300 1163 τις.

1847 1183 1909 1238 Ἠ
1943 1179 1998 1236 δέ
2025 1204 2085 1256 γε
2115 1179 2531 1259 Ἀδεξιϐἐνδουμ
2564 1185 2682 1241 λίαν
2717 1185 2827 1241 ἐστὶ
2854 1185 3154 1264 χρειώδης,

1847 1272 2188 1348 Ηραγμάτων
2246 1270 2293 1328 δ’
2365 1271 2507 1329 ἔστιν
2581 1273 2833 1353 ἓκπραξις
2902 1279 3009 1332 τῶν
3077 1279 3495 1354 ἀποκεκρυμμέ-

3274 1375 3394 1438 [νων
3407 1415 3421 1441 ,

1847 1450 2181 1525 Περσοναλία
2209 1450 2267 1506 τὲ
2306 1452 2438 1524 ἐστι,
2471 1455 2604 1528 πρὸς
2636 1451 2712 1526 δὲ,
2746 1450 3088 1532 ἀρϐιτραρια,

1843 1540 2166 1616 Εἰσπράττει
2199 1538 2256 1595 δὲ
2287 1540 2596 1618 ὁλόκληρον
2629 1543 2691 1598 τὸ
2723 1549 2950 1619 πρᾶγμα
2980 1545 3395 1621 προσηκόντως,

1844 1630 1994 1686 Μετὰ
2024 1634 2224 1704 γονῶν,
2255 1632 2342 1685 καὶ
2374 1636 2633 1703 τοκετῶν,
2669 1633 2802 1706 μετᾶ
2829 1633 3030 1696 αἶ’τίας.

1843 1717 2170 1791 Ἀμμίτους,
2201 1719 2370 1793 νόμος
2399 1716 2704 1784 ποόϐλικος
2734 1725 3054 1797 κινούμενος
3097 1724 3233 1800 πρὸς
3265 1723 3492 1796 πάντας,

1841 1806 1951 1860 Οὗκ
1979 1803 2088 1862 ἔστι
2119 1807 2437 1883 κεφαλικὸς,
2470 1808 2564 1864 κᾶν
2599 1812 2770 1885 άτιμῇ
2798 1811 3042 1882 τελείως,

1842 1901 2076 1951 Κινεῖται
2111 1894 2156 1951 δ’
2189 1895 2240 1952 εἶ’
2260 1919 2339 1961 τις
2371 1901 2470 1970 τήν
2504 1901 2684 1976 ἀρχὴν
2709 1903 2989 1978 χρήμασιν
3023 1902 3303 1980 ἀγοράσοι.

1847 1986 1941 2039 Καὶ
1973 1989 2007 2056 ἡ
2035 1987 2279 2057 Ἀννόνα,
2310 1984 2612 2044 πούϐλικον
2642 1989 2731 2046 καῖ
2762 1990 2925 2046 πλέον
2953 1997 3060 2048 τῶν
3092 1988 3437 2065 πουϐλίκων,

1838 2079 2057 2129 Κινοῦσι
2089 2077 2193 2151 γὰρ
2218 2079 2317 2146 τήν
2349 2077 2564 2154 ἀγωγὴν
2597 2080 2683 2134 καὶ
2722 2077 2913 2136 δοῦλοι
2947 2081 3035 2136 καὶ
3067 2088 3337 2158 γυναῖκες,

1838 2169 2070 2219 Κινιῖται
2099 2162 2145 2219 δ’
2177 2164 2329 2228 εἷ’τις
2358 2174 2611 2242 τυραννεῖ
2637 2170 2735 2238 τήν
2769 2170 3017 2241 εὐθηνίαν
3059 2170 3306 2244 Ῥώμης,

1838 2255 1934 2308 Καὶ
1968 2255 2546 2330 καταπραγματεόεται
2578 2259 2714 2332 πρὸς
2745 2259 2904 2334 χάριν
2937 2264 3043 2314 τῶν
3077 2255 3383 2338 βαρϐάρων.

1837 2345 1936 2397 Ἦν
1964 2340 2020 2396 δὲ
2049 2364 2131 2405 τις
2164 2345 2472 2410 Ἀκουῖλιος
2503 2344 2794 2424 δήμαρχος
2825 2347 2875 2403 ἐν
2907 2351 2977 2421 τῇ
3004 2351 3216 2424 Ῥώμῃ,

1840 2433 1936 2485 Καὶ
1969 2433 2139 2504 νόμον
2177 2433 2488 2510 είσηγάγετο
2521 2437 2642 2512 περὶ
2671 2442 2731 2507 ζη
2746 2437 2870 2509 μίας
2897 2437 3042 2508 τότε,

1837 2518 2076 2591 Ἐκλήθη
2112 2519 2156 2576 δ’
2187 2523 2500 2588 Ἀκουίλιος
2530 2525 2556 2578 ὁ
2584 2523 2749 2596 νόμος
2773 2525 3130 2604 φερωνόμως.

1840 2606 2022 2662 Διεῖλε
2053 2607 2109 2664 δὶ
2138 2611 2201 2664 τὸ
2231 2614 2572 2688 προσταχθὲν
2606 2613 2658 2668 ἐν
2689 2615 2834 2690 τρισὶ
2862 2615 3204 2694 κεφαλαίοις,

1839 2699 1934 2751 Ὠν
1968 2699 2245 2773 ἄχρηστον
2273 2701 2335 2755 τὸ
2363 2699 2610 2777 δεύτερον
2643 2709 2760 2766 τοῖς
2794 2705 3077 2780 πράγμασι
3098 2704 3382 2780 τυγχάνει,

1840 2788 2016 2849 Οὗτος
2047 2785 2094 2842 δ’
2124 2791 2152 2843 ὁ
2183 2790 2371 2862 νόμος,
2403 2788 2654 2862 δέσποτα,
2689 2791 3083 2870 πολυχρηστος
3124 2796 3381 2872 ὑπάρχει,

1840 2877 1937 2930 Καὶ
1971 2877 2093 2952 περὶ
2127 2879 2292 2956 φόνου
2322 2878 2541 2950 πολλὴν
2577 2878 2852 2956 ἀκρίϐειαν
2887 2883 3113 2960 είσάγει,

1843 2964 1941 3019 Καὶ
1975 2964 2031 3021 εἷ’
2049 2987 2132 3030 τις
2161 2970 2222 3022 τὸ
2245 2967 2606 3044 στρατόπεδον
2638 2975 2717 3046 (5)
2744 2969 3047 3046 νεμόμενον
3075 2972 3345 3051 φονεύσει,

1839 3060 1902 3109 Ἦ
1930 3054 2116 3132 ἀγωγὴ
2151 3054 2208 3112 δὲ
2235 3058 2466 3135 πέφυκεν
2498 3059 2632 3131 αὕτη
2663 3061 2754 3136 καὶ
2785 3061 3068 3130 ποιναλία,

3114 3155 3274 3210 Vers.
3298 3153 3424 3210 501.

1766 1947 1810 2010 Β

1772 3381 1814 3449 C
1852 3379 2029 3438 etiam
2062 3381 2189 3455 ipse
2218 3383 2464 3442 maritus
2489 3385 2748 3458 Adoptio,
2788 3403 2822 3443 ο
2851 3386 3112 3455 domine,
3143 3404 3358 3445 nomen
3407 3403 3501 3460 ga—

1854 3470 2010 3527 neris
2033 3471 2089 3526 in
2122 3472 2237 3528 duo
2269 3474 2594 3545 specierum
2621 3475 2863 3532 nomina
2894 3475 3202 3544 dividitur,
3247 3494 3503 3550 quorum

1854 3557 2101 3615 alterum
2134 3560 2461 3632 adrogatio,
2513 3561 2763 3618 alterum
2812 3563 3069 3635 adoptio.
3103 3565 3250 3621 Cum
3280 3563 3508 3621 scilicet

1856 3647 1988 3720 quis
2014 3648 2071 3703 in
2106 3647 2292 3704 ﬁlium
2327 3667 2498 3722 quem
2532 3657 2742 3706 natura
2772 3652 3024 3724 negavit,
3057 3651 3240 3708 alium
3291 3654 3390 3724 qui
3413 3652 3506 3709 sui

1847 3737 2003 3808 juris
2035 3741 2124 3792 est
2154 3738 2395 3808 recepit,
2424 3739 2477 3794 vi
2498 3744 2554 3795 et
2587 3739 2826 3795 nomine
2873 3740 3276 3812 adrogationis
3306 3742 3504 3813 impu-

1856 3827 1959 3882 bes
1982 3829 2187 3899 sponte
2219 3828 2558 3899 adoytatur:
2591 3827 2995 3885 exheredatus
3025 3830 3258 3885 tertiam
3279 3835 3506 3902 partem

1855 3915 2027 3988 capit.
2061 3916 2283 3987 Aquilia
2314 3916 2464 3973 actio
2498 3918 2676 3974 datur
2705 3921 2908 3975 contra
2967 3936 3081 3976 non
3126 3923 3504 3992 praestantem

1857 4003 1983 4060 loco
2014 4004 2331 4060 venerabili
2364 4005 2646 4079 legatum,
2681 4008 2835 4079 quod
2888 4007 3024 4080 quis
3075 4009 3335 4065 moriens
3367 4008 3504 4065 reli-

1859 4092 2007 4166 quit,
2041 4093 2214 4149 habet
2247 4095 2646 4166 repctitionem
2683 4097 2999 4165 fructuum,
3043 4098 3090 4153 si
3115 4099 3248 4170 quis
3272 4115 3505 4170 procra-

1857 4183 2181 4239 stinaverit.
2213 4184 2290 4238 Ad
2325 4184 2696 4242 exhibendum
2745 4188 2896 4242 actio
2945 4188 3268 4243 admodum
3310 4191 3400 4244 est
3443 4187 3506 4245 in

1859 4289 1990 4339 usu,
2031 4277 2193 4329 etest
2224 4290 2421 4330 rerum
2471 4275 2894 4332 absconsurum
2954 4276 3220 4349 repetitio
3253 4295 3266 4332 :
3305 4293 3504 4350 perso-

1860 4361 2010 4418 nalis
2036 4366 2162 4430 est;
2195 4364 2572 4436 postmodum
2599 4365 2932 4422 arbitraria.
2969 4366 3038 4421 Et
3061 4382 3184 4421 rem
3216 4365 3508 4439 integram

1859 4452 2271 4508 convenienter
2300 4453 2636 4525 exigit,cum
2671 4454 2810 4522 fetu,
2830 4459 3087 4527 partu,et
3117 4455 3278 4511 omni
3309 4471 3510 4512 causa.

1860 4539 2127 4609 Ambitus,
2160 4540 2249 4597 lex
2275 4541 2622 4614 publica,ab
2655 4544 2931 4601 omnibus
2966 4548 3256 4613 movetur,
3290 4561 3403 4600 non
3428 4549 3514 4600 ta-

1862 4646 1993 4686 men
2028 4630 2298 4702 capitalis
2321 4635 2428 4698 est,
2463 4632 2601 4687 licet
2631 4636 2891 4688 extrema
2914 4634 3158 4689 infamia
3191 4638 3368 4689 notet.
3402 4633 3521 4688 Mo-

1860 4723 2027 4774 vetur
2052 4722 2246 4775 autem
2281 4724 2486 4774 contra
2510 4737 2642 4775 eum
2666 4722 2765 4792 qui
2793 4722 3059 4792 pecuniis
3107 4722 3516 4792 magistratum

1863 4808 2090 4863 emerit.
2128 4813 2203 4862 De
2231 4824 2454 4862 annona
2484 4809 2658 4864 etiam
2694 4809 2995 4879 publicum
3025 4810 3313 4880 judicium
3347 4814 3521 4876 est,et

1866 4898 2182 4968 plusquam
2218 4895 2331 4951 alia
2361 4896 2686 4967 publicum,
2721 4913 2854 4952 nam
2880 4897 3168 4954 actionem
3205 4901 3442 4955 movent
3465 4901 3524 4952 et

1867 4984 2019 5041 servi
2049 4988 2104 5040 et
2126 4984 2419 5040 mulieres.
2458 4985 2722 5040 Movetur
2775 4991 2995 5054 autem,
3055 4987 3103 5040 si
3141 4987 3276 5059 quis
3307 4991 3520 5042 Roma-

1871 5089 2006 5129 nam
2037 5073 2362 5128 ubertatem
2394 5078 2578 5139 vexet,
2601 5079 2657 5129 et
2678 5075 2747 5129 ad
2773 5081 3090 5147 egestatem
3124 5074 3520 5130 inducendam

1872 5163 1928 5217 in
1991 5162 2240 5235 gratiam
2304 5162 2692 5217 Barbarorum
2757 5164 3104 5234 negotietur.
3167 5165 3299 5219 Fuit
3330 5165 3520 5219 Romae

1873 5251 2147 5307 tribunus
2171 5251 2358 5322 plebis
2387 5251 2680 5322 Aquilius,
2723 5253 2821 5324 qui
2858 5255 2927 5308 de
2959 5254 3175 5309 damno
3207 5253 3396 5325 legem
3431 5255 3524 5308 tu-

1873 5341 1962 5412 lit,
1998 5357 2126 5412 quae
2159 5342 2230 5395 ab
2261 5342 2390 5412 ejus
2427 5341 2665 5396 nomine
2696 5341 2784 5397 lex
2809 5343 3041 5413 Aquilia
3073 5358 3330 5414 congrue
3352 5358 3524 5398 voca-

1876 5437 1992 5486 tur.
2031 5434 2104 5484 Ea
2134 5430 2324 5486 tribus
2374 5429 2648 5502 capitulis
2679 5431 2981 5498 dividitur,
3033 5448 3284 5502 quorum
3318 5447 3529 5487 secun-

1878 5520 2020 5576 dum
2055 5519 2271 5576 nostris
2322 5519 2379 5576 in
2415 5518 2667 5592 negotiis
2723 5519 2782 5578 in
2833 5537 2944 5578 usu
2993 5537 3108 5578 non
3139 5524 3249 5580 est.
3290 5520 3397 5579 Illa
3441 5519 3536 5578 lex
