4088 6350
532 405 650 464 943

530 539 686 594 Ἔστι
722 534 778 591 δὲ
807 537 895 592 καὶ
927 533 1194 604 οότίλιος,
1226 532 1338 590 ἔστι
1370 533 1426 590 δὲ
1453 536 1542 590 καὶ
1575 533 1809 612 διρέκτει.

539 625 604 684 Εἰ
641 627 735 698 μὲν
765 647 847 688 τις
879 630 1040 698 σῶμα
1070 626 1284 699 σώματι
1315 623 1534 702 βλάψει,
1567 625 1690 681 τότε
1722 624 1958 701 διρὲκτα,

545 713 610 771 Ei’
641 713 696 768 δέ
727 736 810 776 τις
834 713 1019 775 ἄλλως
1053 709 1304 790 ἔϐραψεν,
1341 713 1581 776 ούτίλιος
1610 717 1888 791 τυγχάνει.

541 803 605 860 Εἰ
639 800 694 857 δὲ
723 800 852 875 μηδ’
883 799 1054 865 οὕτως
1082 799 1305 878 ἔϐλαψε,
1344 806 1481 876 μήτε
1511 804 1720 877 σώματι
1756 809 1933 878 σῶμα,

541 891 720 964 Ζημία
750 889 806 946 δὶ
837 895 1197 967 προσγέγονεν
1232 895 1265 963 ἡ
1300 893 1622 968 ἷμφάκτουμ
1651 899 1898 950 κινεῖται.

537 982 594 1034 '0
628 978 685 1036 δέ
714 1001 776 1057 γε
807 981 1120 1044 Ἀκουίλιος
1153 982 1289 1037 κατὰ
1322 983 1416 1056 μὲν
1449 982 1796 1058 ἀρνουμένων

540 1067 750 1139 Διπλῆν
783 1075 1018 1125 ποιεῖται
1054 1071 1352 1148 εἶ’σπραξιν,
1384 1073 1511 1132 τοὺς
1546 1069 1600 1126 δὲ
1632 1071 2046 1146 ὁμολογοῦντας

537 1157 859 1234 Εἰσπράττει
896 1160 1059 1233 μόνον
1086 1162 1147 1214 τὸ
1179 1159 1410 1232 ἁπλοῦν,
1443 1158 1566 1215 ούδὶ
1597 1165 1742 1229 ζητῶ
1773 1182 1824 1214 τι
1857 1161 2042 1217 πλέον.

534 1249 598 1304 Ἥ
630 1253 690 1301 Βι
727 1249 998 1323 βενορουμ
1032 1246 1076 1302 δ’
1105 1251 1293 1324 ἀγωγὴ
1331 1269 1651 1324 ραπτορουμ
1679 1249 2020 1322 κεκλημένη,

533 1341 776 1392 Κινεῖται
809 1337 945 1392 κατᾶ
975 1339 1218 1413 ἅρπαγας
1249 1339 1586 1414 πραγμάτων
1622 1337 1952 1412 ἀλλοτρίων,

533 1427 716 1487 Ἐντὸς
750 1428 844 1499 μὶν
879 1428 1083 1501 χρόνου
1116 1425 1310 1481 ἔσωθεν
1347 1427 1680 1504 τετραπλοῦν
1711 1427 2028 1499 ἀπαιτοῦσα,

537 1518 648 1572 Τοῦ
673 1517 994 1592 πράγματος
1025 1521 1104 1588 τῷ
1133 1515 1425 1592 τετραπτλῷ
1457 1516 1680 1570 ἐνταῦθα
1709 1517 2099 1593 προκειμένου,

539 1605 700 1660 Ὥστε
758 1601 1040 1678 συμϐαίνει
1097 1606 1196 1672 τὴν
1246 1605 1440 1674 ποινὴν
1498 1605 1573 1667 εἰς
1633 1607 1695 1660 τὸ
1747 1605 2010 1681 τριπλοῦν
2059 1627 2188 1681 τυγ-

1883 1697 2114 1770 [χάνειν,

544 1783 730 1843 Ἐκτὸς
765 1779 820 1834 δὲ
853 1781 1055 1855 χρόνου
1085 1781 1318 1856 πέφυκεν
1349 1780 1555 1837 ἁπλουν
1586 1781 1890 1856 εἰσπράττει
1927 1781 2114 1854 μόνον.

543 1869 647 1927 Καὶ
676 1872 957 1939 κινηθεῖσα
981 1869 1242 1947 πρότερον
1275 1872 1376 1939 τὴν
1409 1871 1646 1948 φούρτην
1680 1869 1975 1925 καταπαύει

543 1959 614 2014 Ei’
638 1957 694 2013 δὶ
725 1960 821 2028 τὴν
857 1959 1094 2037 φούρτην
1130 1959 1392 2034 πρότερον
1425 1961 1632 2030 κινήσει
1662 1982 1744 2020 τις
1780 1958 2100 2036 ῥαπτόρουμ

543 2046 684 2104 Κίνει
713 2047 804 2103 καὶ
834 2047 1036 2118 ταύτην
1072 2046 1326 2120 δέσποτα,
1362 2047 1459 2102 ούκ
1491 2043 1799 2122 ὑπερϐαίνει
1833 2046 1890 2103 δὲ
1917 2069 1977 2125 γε

543 2139 656 2194 Τοῦ
685 2135 992 2212 τετραπλοῦ
1023 2138 1121 2205 τὴν
1162 2135 1432 2211 εἴσπραξιν
1461 2135 1554 2191 κᾶν
1582 2133 1744 2215 ἄμφω
1776 2159 1858 2202 τις
1885 2139 2117 2208 κινήσει.

541 2225 604 2280 Ἦ
637 2227 934 2298 Δεποζίτῃς
965 2224 1109 2280 ἐστὶν
1141 2227 1174 2296 ἡ
1207 2229 1329 2302 περί
1361 2227 1708 2300 παραθήκης,

539 2318 614 2371 ’Ἡ
643 2338 724 2378 τις
755 2317 844 2370 καὶ
881 2313 1044 2370 δόλον
1079 2317 1296 2371 ἀπαιτεῖ
1323 2317 1456 2394 πρὸς
1490 2313 1546 2371 δὲ
1574 2316 1663 2370 καὶ
1697 2315 1859 2372 λάταν
1887 2315 2131 2372 κοῦλπᾶν

545 2404 648 2460 Καὶ
677 2406 837 2468 τόκος
873 2403 1204 2480 ὑπερθέσεως
1235 2406 1323 2460 καὶ
1357 2405 1669 2482 συγχύσεως
1702 2408 1833 2481 ἅμα,

547 2495 645 2550 Καὶ
676 2495 1050 2571 κληρονόμοις
1076 2493 1302 2570 δίδοται,
1334 2498 1422 2552 καὶ
1447 2497 1580 2553 κατὰ
1604 2495 1994 2574 κληρονόμων,

551 2584 664 2643 Οὐκ
694 2583 802 2640 ἔστι
833 2585 934 2662 γὰρ
965 2586 1302 2662 ἀτιμουργὸς
1335 2586 1378 2642 εἰ
1415 2589 1490 2661 μὴ
1523 2587 1708 2661 οἰκείῳ
1739 2585 1905 2662 δόλῳ.

551 2676 614 2730 Ἡ
647 2674 768 2750 περὶ
801 2672 968 2730 δόλου
1001 2672 1058 2731 δὲ
1089 2675 1197 2731 ἐστι
1229 2679 1394 2746 ποινή
1426 2677 1513 2732 καὶ
1546 2677 1828 2749 ποιναλία,

553 2763 768 2822 Δίδοται
795 2770 963 2822 καῦσα
992 2765 1231 2842 κὸγνιτα,
1257 2765 1367 2823 ἔστι
1397 2767 1749 2844 περσοναλία,

553 2857 639 2914 Ἐν
666 2862 784 2918 τοῖς
816 2853 934 2910 δυσὶ
969 2855 1013 2911 δ’
1045 2857 1310 2919 ἐνιαυτοῖς
1343 2859 1566 2934 ἄρχεται
1599 2859 1684 2913 καὶ
1719 2858 2052 2934 πληροῦται,

549 2943 769 3016 Ἀλλης
804 2943 851 3000 δ’
884 2946 1126 3016 ὑπούσης
1159 2945 1403 3023 ἀγωγῆς,
1440 2946 1500 3001 οὐ
1532 2952 1698 3010 κινεῖς
1729 2949 1826 3017 τὴν
1864 2945 1920 3002 δὲ
1951 2943 2120 3020 δόλῳ.

547 3033 680 3092 Ἦδε
719 3033 776 3092 δε
806 3035 1014 3100 Φαλσις
1046 3037 1237 3114 ἀγωγὴ
1267 3037 1437 3112 νόμος
1467 3036 1788 3114 Κορνελίου,

1863 403 2288 466 MICHAELIS
2333 403 2602 464 PSELLI

2209 541 2258 608 Α
2295 535 2533 592 Κινεῖται
2568 530 2624 588 δὶ
2653 535 2790 588 κατά
2817 551 2964 596 τινος
2997 529 3234 587 πλαστὸν
3267 528 3660 600 πεποιηκότος.

3835 397 3948 459 οιι

2292 628 2398 679 Τοῦ
2430 621 2486 678 δὲ
2517 619 2841 690 πουϐλίκου,
2877 621 3130 693 δέσποτα,
3173 624 3207 690 ἡ
3243 619 3300 675 δὶ
3329 620 3526 699 φάλσις
3557 619 3828 694 τιμωρία·

2219 769 2222 772 ,
2295 715 2419 768 Κατ’
2449 711 2746 786 ἐλευθέρων
2781 713 2875 784 μὲν
2909 705 3048 766 ἔστιν
3079 710 3112 780 ἢ
3143 731 3201 765 τε
3233 706 3586 784 δεπορτατίον
3615 711 3693 781 (6)

2297 805 2398 860 Καὶ
2423 807 2457 874 ἡ
2486 802 2668 858 τελεία
2699 801 2764 874 δή
2778 821 2984 876 μευσις’
3019 803 3152 856 κατᾶ
3183 798 3240 856 δὲ
3271 798 3484 854 δούλων
3516 798 3706 872 πάλιν,

2297 895 2569 970 Ἐσχάτην
2603 891 2716 969 ἔχει
2749 896 2984 948 κάκωσιν
3011 889 3292 946 πάνδεινον
3327 889 3618 965 τιμωρίαν.

2297 985 2482 1056 Νόμος
2509 983 2652 1037 ἐστὶν
2686 980 2919 1044 Ἰούλιος
2951 984 2978 1036 ὁ
3007 980 3063 1036 δὲ
3093 1003 3156 1056 γε
3183 978 3530 1036 Πεκουλάτου

2295 1076 2480 1134 ’Όστις
2511 1073 2650 1127 κατὰ
2672 1077 2768 1127 τοῦ
2797 1071 3099 1145 κλέψαντος
3129 1069 3182 1140 ἐξ
3211 1072 3371 1146 ἱερῶν
3399 1067 3632 1137 ἀδύτων,

2297 1163 2358 1216 Ἣ
2391 1161 2450 1216 ἐκ
2483 1163 2784 1234 μνημάτων
2825 1159 3082 1235 ἀσφαλῶν
3111 1159 3236 1228 ἦτοι
3272 1157 3601 1235 ῥελεγιόσων

2298 1256 2550 1321 Κινεῐται,
2582 1251 2669 1304 καὶ
2701 1249 3026 1326 τραχύνεται
3057 1249 3146 1304 καὶ
3175 1253 3413 1322 τιμωρεῖ
3440 1244 3762 1310 πανδείνως·

2298 1341 2518 1416 Ἐπσὶγει
2548 1342 2648 1417 γὰρ
2682 1340 2991 1414 ἐναλλαγὴν
3022 1339 3220 1409 τάξεως
3250 1343 3349 1403 τῆς
3373 1339 3659 1412 προτὶρας.

2297 1430 2702 1506 Δερποτατεύει,
2737 1427 2992 1500 δέσποτα,
3021 1430 3111 1483 τὸν
3145 1424 3598 1502 ἐξεληλεγμένον,

2237 1553 2242 1558 -
2295 1523 2456 1594 Ἔχει
2489 1518 2547 1574 δὲ
2575 1520 2663 1573 καὶ
2694 1520 2793 1588 τὴν
2825 1516 3051 1590 δύναμιν
3085 1516 3232 1578 ἐντὸς
3261 1515 3592 1579 πενταετίας.

2297 1611 2360 1667 Ἡ
2393 1608 2448 1663 δὲ
2479 1603 2890 1669 Δονατιονιϐους
2923 1607 3118 1682 ἀγωγή
3153 1604 3457 1681 διαιροῦσα,

2297 1701 2414 1757 Τῶν
2450 1697 2792 1771 δωρημάτων
2825 1697 2886 1752 τὸ
2919 1693 3118 1765 διττὸν,
3153 1693 3363 1768 δόνουμ
3391 1695 3495 1769 γάρ
3525 1713 3614 1748 τοι
3645 1694 3706 1748 τὸ
3739 1689 3937 1769 δῶρον,

2297 1788 2368 1840 Τὸ
2402 1785 2494 1859 μὲν
2523 1784 2662 1840 ἐστιν
2697 1785 2839 1860 ἵντερ
2875 1779 3068 1860 βίϐων,
3098 1782 3368 1838 τουτέστιν
3397 1783 3732 1851 άπεντεῦθεν,

2221 1911 2269 1976 Β
2298 1878 2369 1931 Τὸ
2401 1873 2456 1930 δὲ
2480 1897 2542 1952 γε
2577 1875 2765 1952 μόρτις
2797 1873 2968 1929 καῦσά
2997 1895 3113 1936 πως
3135 1874 3363 1928 Θανάτου
3385 1872 3494 1976 ’γὰρ
3523 1871 3690 1938 αῗτία,

2301 1967 2505 2042 Μύρτις
2533 1964 2633 2042 γὰρ
2667 1966 2694 2020 ὁ
2729 1966 2973 2032 θάνατος,
3007 1963 3068 2018 τὸ
3097 1967 3266 2017 καῦσα
3295 1959 3342 2016 δ’
3371 1957 3425 2015 ἓν
3458 1960 3650 2015 ἰκάτου
3683 1963 3782 2034 (7),

2299 2057 2459 2114 ’Ἤτοι
2487 2056 2550 2111 τὸ
2583 2053 2650 2110 δι’
2685 2054 2938 2110 ὑπονοίαν
2973 2055 3201 2118 θανάτου
3235 2049 3550 2124 δεδομένον.

2299 2146 2478 2221 Τυχὸν
2507 2146 2607 2221 γὰρ
2639 2139 2842 2217 ἔμε).λὲ
2869 2165 2956 2206 τις
2983 2141 3138 2198 πλεῖν
3176 2139 3351 2197 πλοῦν
3383 2137 3798 2210 ἐπικινδυνὼδη,

2303 2235 2404 2290 Καὶ
2439 2233 2718 2288 δεδωκέτω
2750 2235 3014 2308 χρήματα
3043 2235 3124 2304 τῷ
3157 2225 3314 2306 φόϐῳ
3343 2233 3439 2284 τοῦ
3472 2230 3724 2296 θανάτου,

2303 2324 2559 2386 Ἐνταῦθα
2589 2323 2689 2398 γὰρ
2723 2319 3046 2396 ἀπαλλαγὰς
3079 2321 3106 2376 ὁ
3141 2317 3396 2381 δεδωκὼς
3427 2323 3523 2372 τοῦ
3553 2313 3728 2394 φόϐου

2303 2407 2578 2482 Δεσπότης
2609 2408 2772 2466 πάλιν
2803 2411 3005 2488 πέφυκε
3031 2414 3149 2464 τῶν
3180 2430 3244 2483 γε
3274 2405 3690 2482 δεδωρημὲνων.

2301 2505 2362 2560 Ὀ
2395 2501 2462 2571 δὴ
2496 2498 2677 2558 λαϐὼν
2711 2503 2809 2570 τὴν
2839 2499 3042 2577 δωρεὰν
3075 2502 3304 2579 φυσικήν
3328 2499 3499 2572 νομὴν
3527 2494 3668 2574 ἔχει.

2303 2593 2366 2650 Ἡ
2399 2589 2454 2646 δὲ
2482 2613 2542 2668 γε
2573 2590 2908 2666 ἐπερώτησις
2937 2589 3044 2645 τινὶ
3075 2592 3559 2664 προσπορισθεῖσα,

2305 2683 2398 2744 Εἲς
2429 2680 2780 2756 κληρονόμον
2810 2679 3015 2754 πὶφυκε
3043 2679 3131 2732 καὶ
3165 2678 3329 2752 μόνον
3365 2675 3792 2750 μεταπῦμπτειν.

2300 2774 2362 2828 Ἦ
2395 2769 2453 2825 δὲ
2483 2772 2807 2846 Ἰνοφικιοσο
2839 2771 2874 2838 ἠ
2910 2765 3177 2838 διαθήκης
3213 2765 3440 2840 μέμψις,

2305 2861 2600 2936 Εἰσαγωγή
2633 2861 2768 2934 πρὸς
2797 2859 3045 2933 ἀγωγην,
3081 2856 3180 2912 οὐκ
3211 2856 3396 2931 ἀγωγή
3417 2854 3700 2930 τυγχάνει,

2304 2952 2409 3020 Τὴν
2445 2948 2565 3023 περὶ
2596 2948 2942 3018 ἀπαιτήσεως
2975 2943 3119 3020 λέγω
3148 2943 3550 3022 κληρονομίας,

2309 3035 2533 3095 Δίδοται
2567 3036 2612 3093 δ’
2671 3037 2805 3109 αὕτη
2864 3037 2954 3093 καὶ
3011 3034 3166 3092 παισὶ
3226 3034 3360 3090 κατά
3409 3035 3614 3109 πατρὸς
3671 3030 3722 3087 εἶ’
3747 3031 3816 3107 γέ
3845 3053 3960 3094 πως

3557 3123 3726 3180 Vera.
3757 3123 3888 3178 558.

551 3410 726 3476 certe,
789 3424 820 3464 ο
867 3407 1124 3477 domine,
1185 3406 1437 3464 multum
1495 3407 1656 3465 utilis
1687 3411 1797 3480 est,
1835 3411 1892 3465 et
1920 3409 2075 3467 circa
2104 3425 2196 3467 ea-
2227 3415 2269 3482 α
2307 3411 2403 3478 lis,
2435 3413 2610 3468 datur
2635 3426 2813 3468 causa
2847 3407 3101 3483 cognita,
3153 3411 3210 3464 et
3237 3409 3326 3464 est
3381 3402 3753 3479 personalis;
3801 3401 3958 3459 intra

555 3498 686 3554 dem
716 3501 978 3554 exactam
1009 3496 1268 3570 regulam
1320 3498 1565 3568 inducit,
1617 3499 1667 3555 si
1725 3499 1858 3572 quis
1915 3501 2200 3572 pecudem

555 3587 840 3660 gregatim
871 3591 1205 3659 pascentem
1231 3586 1471 3644 occidat.
1532 3588 1702 3644 Actio
1735 3587 1854 3644 haec
1885 3595 1973 3644 est
2000 3607 2198 3662 poena-

555 3675 650 3744 lis,
675 3679 765 3732 est
789 3675 970 3744 utilis,
1031 3679 1089 3731 et
1145 3676 1365 3731 directa
1398 3693 1411 3731 :
1441 3676 1489 3732 si
1541 3677 1673 3748 quis
1705 3694 1943 3750 corpore
1975 3678 2200 3750 corpori

560 3765 842 3821 damnum
877 3765 1160 3832 intulerit,
1193 3769 1336 3820 tunc
1376 3765 1485 3821 erit
1531 3766 1752 3822 directa
1783 3783 1796 3820 :
1835 3767 1882 3822 si
1914 3765 2085 3822 aliter
2106 3785 2202 3824 no-

560 3854 952 3923 cuerit,utilis
987 3871 998 3910 :
1055 3853 1103 3910 si
1136 3870 1267 3910 vero
1329 3871 1434 3910 nec
1465 3871 1531 3910 eo
1581 3855 1773 3925 modo,
1809 3871 1911 3910 nec
1961 3871 2201 3928 corpore

555 3943 782 4015 corpori
815 3943 1098 3998 damnum
1124 3945 1324 3998 datum
1375 3949 1483 4010 est,
1515 3943 1665 3999 actio
1695 3943 1755 3998 in
1789 3945 2008 3999 factum
2041 3960 2199 4000 com-

555 4037 730 4104 petet.
765 4033 879 4088 Lex
907 4032 1140 4104 Aquilia
1166 4032 1238 4086 ab
1269 4032 1672 4088 inﬁciantibus
1721 4032 1965 4105 duplum
1999 4035 2196 4106 exigit,

554 4139 588 4176 a
609 4121 1027 4177 conﬁtentibus
1059 4120 1365 4192 simplum,
1391 4137 1580 4192 neque
1610 4121 1763 4177 enim
1817 4121 2072 4193 amplius
2103 4140 2198 4194 pe-

551 4211 714 4267 titur.
746 4211 911 4265 Actio
970 4214 1170 4264 vocata
1231 4213 1284 4264 vi
1342 4210 1606 4265 bonorum
1664 4221 1967 4283 raptorum,
2003 4229 2197 4268 move-

549 4305 646 4354 tur
677 4303 876 4354 contra
909 4303 1167 4370 raptores
1200 4313 1389 4354 rerum
1425 4299 1945 4366 alienarum,intra
1974 4317 2196 4356 annum

549 4387 944 4460 quadruplum
973 4387 1266 4459 repetit,re
1298 4393 1462 4459 rapta
1486 4388 1542 4442 in
1567 4388 1894 4460 quadruplo
1929 4405 2196 4460 compre-

547 4478 751 4544 hensa,
787 4484 958 4548 atque
985 4478 1128 4532 adeo
1157 4494 1526 4548 consequens
1565 4485 1648 4532 est
1699 4483 1762 4532 ut
1805 4495 1974 4548 pmna
2006 4479 2064 4533 in
2096 4479 2195 4538 tri-

544 4566 640 4638 plo
667 4565 994 4622 consistat:
1029 4569 1088 4620 at
1109 4571 1272 4621 extra
1297 4582 1517 4620 annum
1541 4565 1822 4636 simplum
1887 4566 2078 4622 solum
2112 4585 2193 4624 re-

543 4656 749 4728 poscit.
784 4656 850 4711 Et
882 4655 930 4710 si
955 4656 1117 4728 prius
1136 4661 1329 4712 actum
1363 4660 1452 4710 est
1473 4656 1522 4709 vi
1554 4655 1838 4710 bonorum
1861 4660 2184 4728 raptorum,

542 4749 734 4801 cessat
784 4746 930 4802 actio
982 4745 1120 4800 furti
1158 4745 1248 4801 :si
1303 4745 1439 4800 furti
1494 4748 1626 4799 ante
1675 4743 1809 4815 quis
1829 4745 1968 4817 egit,
2003 4761 2192 4802 move-

541 4833 627 4891 bit
657 4834 1044 4891 nihilominus
1075 4835 1364 4890 bonorum
1389 4837 1688 4905 raptorum
1717 4833 2004 4889 actionem
2039 4852 2052 4902 ;
2085 4851 2186 4907 p0-

539 4925 846 4981 teritenim
872 4926 1024 4996 quis,
1058 4925 1348 4987 odomz‘ne,
1389 4923 1470 4978 ita
1500 4923 1738 4977 domum
1771 4939 1962 4995 agere,
2017 4926 2185 4981 modo

535 5031 653 5072 non
686 5016 924 5070 excedat
953 5011 1268 5085 quadrupli
1299 5013 1864 5083 exactionem,etiam
1888 5012 1935 5068 si
1963 5019 2184 5070 utram-

535 5121 648 5177 que
680 5103 819 5158 furti
849 5109 905 5158 et
935 5104 1222 5158 bonorum
1257 5105 1558 5173 rapturum
1621 5107 1866 5157 moveat.
1899 5103 2055 5157 Actio
2077 5103 2183 5158 De-

527 5193 694 5266 ροείιί
739 5197 979 5249 vocatur
1031 5190 1153 5266 περὶ
1212 5189 1697 5265 Παρακαταθὴκης,
1766 5207 1832 5246 ex
1876 5207 1992 5263 qua
2047 5191 2180 5264 quis

533 5280 732 5336 dolum
764 5286 1022 5353 praestat,
1056 5285 1111 5336 et
1159 5279 1330 5334 lat-1m
1391 5279 1646 5352 culpam,
1695 5283 1752 5334 et
1791 5297 2000 5335 usuras
2047 5297 2178 5352 pro-

527 5373 656 5440 pter
677 5385 901 5425 moram
935 5375 991 5425 et
1011 5385 1208 5440 usum,
1241 5375 1298 5425 et
1327 5369 1658 5424 hmredibus
1688 5369 1880 5436 datur,
1902 5373 1958 5424 et
1974 5375 2177 5425 contra

529 5457 810 5529 baeredes,
839 5477 954 5516 non
988 5459 1143 5515 enim
1182 5458 1444 5526 infamat,
1505 5458 1618 5514 nisi
1677 5459 1948 5532 proprius
2002 5459 2173 5516 dolus

527 5547 925 5606 intervenerit.
972 5549 1136 5605 Actio
1175 5547 1238 5606 de
1267 5547 1423 5620 Dolo,
1464 5552 1553 5606 est
1581 5551 1638 5605 et
1667 5565 1858 5622 pains,
1894 5552 1952 5606 et
1979 5565 2173 5622 poena-

598 5728 674 5805 (6)
706 5725 1085 5806 Δεπορτατίον.

2309 3501 2612 3558 biennium
2647 3500 2867 3572 incipit,
2928 3503 2985 3555 et
3016 3497 3144 3554 [init
3176 3513 3188 3552 :
3224 3495 3273 3551 si
3307 3495 3420 3550 alia
3448 3493 3598 3550 actio
3647 3495 3954 3564 competat,

2310 3607 2420 3646 non
2455 3591 2581 3664 agis
2615 3591 2683 3646 de
2725 3589 2877 3645 dolo.
2911 3587 3073 3643 Actio
3115 3587 3178 3643 de
3219 3585 3394 3640 Falsis
3446 3601 3514 3638 ex
3554 3583 3682 3655 lege
3739 3581 3956 3637 Gorne-

2309 3680 2386 3735 lia
2419 3685 2685 3735 movetur
2713 3683 2914 3733 contra
2943 3691 3079 3732 eum
3104 3675 3200 3745 qui
3227 3674 3436 3730 falsum
3455 3673 3606 3738 fecit,
3633 3671 3764 3742 ejus
3787 3685 3960 3741 pmua
4049 3673 4051 3728 ;

2310 3786 2338 3826 0
2367 3771 2608 3837 domine,
2633 3768 2868 3840 publica
2892 3769 3002 3834 est,
3037 3767 3096 3820 in
3156 3763 3430 3836 ingonuis
3482 3760 3830 3816 hominibus
3871 3759 3960 3814 de-

2309 3857 2642 3932 portatio,et
2673 3855 3015 3911 omnimoda
3043 3855 3327 3910 bonorum
3353 3850 3670 3924 publicatio
3701 3865 3714 3914 ;
3747 3863 3958 3903 rursus
4049 3901 4051 3930 ἰ

2311 3947 2368 4002 in
2401 3963 2564 4002 servo
2595 3945 2946 4018 gravissima
2995 3960 3182 4016 poena,
3233 3945 3290 3997 et
3345 3947 3670 3996 extremum
3731 3936 3958 4009 suppli-
4049 3953 4051 4018 ξ

2308 4037 2486 4092 cium.
2521 4035 2624 4090 Est
2655 4034 2826 4088 etiam
2869 4033 2960 4088 lex
2988 4031 3150 4088 Julia
3173 4031 3238 4086 de
3286 4028 3562 4085 Peculatu
3587 4031 3792 4081 contra
3823 4041 3956 4080 eum

2307 4126 2407 4198 qui
2440 4125 2665 4180 furatus
2698 4129 2785 4179 cst
2809 4139 2877 4178 ex
2907 4121 3092 4178 acris
3150 4117 3572 4192 penetralibus,
3602 4120 3658 4171 et
3711 4131 3784 4168 ex
3815 4113 3960 4169 tutis

2309 4213 2704 4270 monumentis
2735 4213 2854 4268 sive
2884 4210 3207 4282 religiosis:
3247 4211 3526 4270 movetur,
3561 4206 3836 4268 damnat,
3905 4207 3956 4256 et

2307 4305 2476 4374 punit
2504 4300 3113 4375 gravissime,inducit
3141 4299 3293 4354 enim
3329 4296 3542 4369 prioris
3570 4293 3804 4349 ordinis
3827 4307 3956 4346 mu-
4049 4303 4051 4312 '

2304 4393 2581 4448 tationem
2616 4411 2630 4460 ;
2663 4391 2950 4462 deportat,
2979 4406 3010 4444 ο
3038 4387 3292 4457 domine,
3325 4401 3460 4440 eum
3502 4382 3602 4455 qui
3647 4381 3954 4437 convictus

2305 4487 2411 4548 est,
2437 4485 2492 4536 et
2522 4481 2700 4536 robur
2732 4479 2958 4534 obtinet
2987 4479 3142 4533 intra
3191 4473 3678 4548 quinquennium.
3737 4474 3821 4526 De
3855 4471 3956 4525 οσ-
4049 4503 4051 4548 i

2300 4571 2617 4624 nationibus
2649 4568 2797 4624 actio
2849 4567 3037 4622 divisa
3091 4570 3202 4634 est,
3235 4563 3470 4620 donatio
3528 4563 3684 4616 enim
3735 4559 3956 4631 duplex

2301 4664 2390 4715 est
2421 4676 2434 4726 ;
2469 4660 2690 4714 donum
2745 4663 2832 4712 est
2865 4653 3040 4729 δῶρον
3071 4672 3084 4709 :
3120 4653 3238 4710 alia
3264 4658 3352 4708 est
3399 4651 3552 4706 inter
3578 4649 3764 4718 vivos,
3827 4665 3954 4720 qua:

2300 4748 2606 4805 confestim
2637 4745 2824 4802 valet:
2849 4745 2964 4801 alia
2991 4747 3081 4800 est
3111 4742 3317 4799 mortis
3348 4755 3548 4808 causa,
3595 4735 3844 4800 θανάτου
3875 4734 3954 4789 ul-

2294 4835 2402 4908 τίᾳ.
2435 4837 2590 4892 Mors
2626 4835 2783 4890 enim
2817 4831 3055 4902 θάνατος,
3089 4849 3289 4900 causa,
3341 4830 3510 4900 cujus
3558 4827 3752 4898 gratia
3783 4845 3798 4884 :
3835 4827 3956 4882 sive

2299 4927 2451 4998 quod
2487 4926 2690 4980 datum
2714 4928 2802 4979 est
2831 4923 2904 4979 ob
2954 4922 3352 4994 suspicionem
3405 4917 3634 4973 mortis.
3687 4915 3756 4971 Si
3821 4915 3956 4988 quis

2294 5015 2452 5070 enim
2479 5013 2870 5086 periculosam
2898 5009 3328 5082 navigationem
3361 5007 3951 5079 ingressurus,metu
4049 5069 4051 5074 η

2296 5104 2500 5160 mortis
2533 5104 2630 5158 det
2662 5101 2964 5173 pecunias,
2990 5104 3047 5154 et
3077 5099 3332 5153 dimittat
3365 5113 3456 5151 res
3489 5097 3676 5160 datas,
3744 5094 3802 5150 is
3859 5095 3952 5164 qui

2293 5199 2450 5249 metu
2485 5193 2680 5258 donat,
2736 5191 3012 5246 dominus
3067 5204 3270 5244 earum
3326 5187 3610 5252 remanet,
3655 5183 3766 5254 qui
3819 5199 3954 5238 vero

2289 5283 2508 5338 donum
2543 5277 3051 5351 cepit,naturalem
3077 5274 3510 5349 possessionem
3535 5271 3948 5344 consequitur.

2287 5371 2580 5442 Stipalatio
2601 5367 3076 5438 alicuiacquisita
3099 5366 3170 5421 ad
3203 5362 3393 5420 solum
3426 5359 3722 5418 heredem
3751 5365 3950 5417 trans-

2287 5462 2559 5518 mittitur.
2615 5461 2685 5516 De
2742 5459 3073 5530 Ino/ﬁctam,
3131 5460 3220 5512 est
3303 5451 3540 5528 querela
3595 5453 3668 5507 de
3763 5457 3950 5509 testa-

2283 5556 2502 5622 mento,
2535 5547 2894 5606 introductio
2915 5547 2988 5605 ad
3021 5545 3311 5604 actionem
3343 5559 3458 5601 non
3515 5541 3762 5618 proprie
3797 5542 3950 5602 actio

2352 5733 2430 5809 (7)
2461 5723 2767 5789 Ἐνεκάτου.
