4088 6350
154 402 276 464 945

154 528 530 607 Ἐειρεδάτους
561 527 765 608 ἔγραψα
794 531 1021 599 τούτους
1056 533 1106 591 ἐν
1141 531 1400 612 διαθήκῃ,

151 623 266 678 Καὶ
295 623 430 678 κατά
456 621 666 679 παίδων
692 630 775 697 τῷ
804 627 964 703 πατρὶ
1008 624 1060 697 ἐξ
1092 628 1289 701 ὁμοίας
1328 626 1523 690 αἰτίας.

151 713 219 769 Ἦ
252 709 313 767 δὶ
347 711 393 767 ἰν
426 715 561 788 Ῥεμ
588 712 966 791 πολυσχεδής,
998 717 1089 771 καὶ
1120 715 1489 790 πολυώνυμός
1512 738 1618 789 τις,

154 800 408 866 Καθόλου
435 804 536 878 γὰρ
567 804 655 858 καὶ
694 806 891 879 μιρική
927 804 1062 878 ἐστι,
1094 803 1161 879 ί¹μ
1192 805 1327 882 βόνα
1357 804 1497 884 φίδι,

152 892 220 948 Ἦ
250 893 344 965 μὶν
377 892 479 969 γὰρ
508 892 729 949 οὖτιλία
758 913 840 956 τις
868 892 1172 957 δανεισταῖς
1204 892 1491 969 διδομένη,

152 982 222 1040 Ἠ
257 980 316 1038 δὶ
345 983 683 1060 κόμφισορία
711 1005 821 1052 τις,
852 987 887 1055 ἡ
921 982 978 1040 δὲ
1003 986 1310 1062 νιγατορία,

148 1072 219 1128 Ἦ
250 1068 310 1126 δὶ
339 1067 659 1148 πριϐιτορία
687 1075 768 1147 (8)
799 1095 901 1143 τις,
934 1076 969 1144 ἡ
1003 1072 1060 1130 δὲ
1084 1074 1397 1145 σπεκιαλία,

146 1159 346 1236 Ἑτέρα
377 1182 461 1223 τις
495 1156 775 1235 σιρϐιανὴ,
807 1160 955 1234 ἄλλη
990 1159 1382 1224 πουϐλικιάνα.

152 1251 261 1308 Καὶ
294 1251 348 1306 οἱ
383 1250 704 1329 ἴμφάκτουμ
733 1253 945 1329 ἀγωγαὶ
976 1251 1182 1309 πολλαί
1211 1273 1286 1320 τε,
1306 1252 1397 1307 καὶ
1427 1250 1702 1321 ποικίλαι,
1800 1322 1807 1333 δ

147 1338 370 1395 Τούτων
405 1342 459 1395 αἱ
494 1341 588 1413 μὲν
621 1340 973 1418 πραιτώριαι,
1001 1343 1054 1396 αἱ
1088 1338 1146 1396 δὲ
1172 1339 1554 1417 πουπιλαρίαι’

149 1429 226 1485 Al
258 1430 357 1502 μὲν
385 1427 446 1484 ἐκ
464 1429 638 1503 νόμου
666 1432 982 1507 τρέχουσιν,
1012 1432 1067 1486 αἱ
1099 1428 1156 1487 δὲ
1186 1426 1556 1507 ἀρϐιτραρίαι,

148 1518 223 1575 Al
258 1518 355 1591 μὶν
390 1517 621 1588 ἁπλοῦν,
654 1520 709 1574 αἱ
742 1517 800 1574 δὶ
830 1517 1083 1593 διπλοῦν,
1111 1520 1166 1574 αἱ
1198 1517 1256 1575 δὶ
1282 1521 1345 1575 τὸ
1376 1516 1654 1595 διαφέρον,

152 1609 217 1664 Al
253 1605 313 1663 δὶ
342 1608 406 1663 τὸ
435 1606 828 1684 τετραπλάσιον
853 1614 951 1665 τοῦ
985 1609 1185 1685 χρέους
1217 1609 1557 1675 ἀπαιτοῦσιν,

147 1696 224 1752 Δὶ
258 1695 356 1769 μὶν
387 1696 563 1752 αὐτῶν
595 1696 836 1769 ἀναλῖαι,
863 1699 918 1753 ai.
950 1695 1009 1753 δὲ
1036 1698 1127 1754 καὶ
1158 1701 1506 1775 πιρπετοῦαι,

147 1785 220 1840 Ἦ
251 1791 457 1860 χρῆσις
486 1790 596 1841 τῶν
627 1785 951 1865 ἷμφακτοὺμ
978 1785 1346 1865 πολύμλρφος
1379 1784 1660 1862 τυγχάνον

147 1875 215 1928 Ἦ
248 1870 539 1929 Ἰουδικατι
571 1872 619 1930 δ’
643 1875 834 1951 ἀγωγὴ
870 1881 1057 1950 μηνῶν
1083 1874 1356 1952 τεσσάρων
1393 1876 1518 1951 ὅρον

149 1964 300 2038 Πρὸς
326 1961 620 2035 καταδίκην
650 1961 814 2021 ἔλαϐε
842 1965 989 2043 παρὰ
1017 1970 1111 2021 τοῦ
1141 1964 1459 2040 ναμοθὲτου·

145 2051 212 2108 Ἢ
245 2048 307 2108 δέ
335 2073 398 2128 γε
424 2053 546 2126 περῖ
574 2049 782 2130 ὕϐρεως
804 2055 998 2131 ἀγωγὴ
1029 2054 1247 2129 ἀναλία,
1662 2118 1665 2119 ν

152 2139 366 2196 Γίνεται
400 2139 457 2197 δὲ
486 2143 577 2198 καὶ
609 2142 912 2221 πράγμασι,
945 2144 1034 2199 καὶ
1059 2142 1261 2220 μαςι
1290 2144 1353 2199 τὸ
1383 2142 1576 2217 πλέον,

148 2228 248 2293 Et;
279 2236 460 2304 σῶμα,
495 2230 571 2288 τίς
602 2232 752 2304 ἀξίαν
782 2254 860 2303 τι,
892 2234 1029 2309 πρὸς
1051 2231 1110 2289 δὲ
1138 2232 1225 2289 καὶ
1258 2233 1499 2307 ἀτιμίαν·

153 2322 396 2377 Κινιῖται
425 2318 472 2376 δ’
501 2321 949 2397 έγκληματικῶς,
982 2326 1347 2399 χρηματικῶς
1396 2319 1465 2391 δ’,
1511 2321 1559 2377 εἴ
1605 2318 1802 2396 θέλεις,

149 2408 256 2464 Καὶ
282 2404 559 2465 σϐέννυται
591 2408 922 2487 παραδρομῇ
961 2412 1077 2474 ἑνὸς
1106 2409 1195 2466 καὶ
1232 2410 1401 2485 μόνου
1431 2410 1658 2487 χρόνου.

148 2496 240 2560 Ὦς
273 2503 381 2553 τῶν
420 2497 470 2553 ἲν
516 2498 622 2575 ῥὶμ
670 2504 779 2555 τῶν
840 2499 1182 2579 ίμφακτοὺμ,
1244 2498 1386 2554 οὕτω
1436 2505 1545 2555 τῶν
1604 2502 1803 2573 Ἰντερ-

1487 2586 1732 2661 [δικτων,

144 2678 212 2732 Ἠ
245 2683 448 2752 χρῆσις
481 2673 894 2752 πολυδόναμος,
924 2676 1140 2742 πολλὰς
1170 2673 1370 2756 ἔχουσα
1395 2678 1642 2749 κλήσεις.

146 2766 306 2821 ’Ἐστι
340 2762 399 2820 δὲ
425 2766 489 2821 τὸ
522 2763 875 2843 ἷντέρδικτον,
907 2766 1219 2845 πραίτωρος
1248 2766 1465 2842 ὁμίλια,

148 2853 232 2911 Οὔ
261 2855 445 2928 τέμνει
478 2851 535 2910 δὲ
568 2856 843 2926 ὑπόθεσιν,
872 2854 1018 2913 ἀλλὰ
1050 2858 1295 2934 ῥυθμίζει
1334 2858 1519 2932 μόνον,

150 2948 283 3006 Πῶς
315 2944 427 3021 χρὴ
462 2945 552 2999 τὸν
605 2943 862 3016 δικαστὴν
913 2952 1097 3020 τεμεῖν
1138 2948 1236 3018 τήν
1267 2947 1592 3021 κινουμένην
1627 2942 1804 3018 δίκην,

152 3030 223 3089 Hi.
249 3053 389 3096 τινες
420 3028 834 3112 ἀμφιϐάλλουσι
863 3035 986 3114 περὶ
1013 3043 1189 3111 νομῆς
1214 3035 1507 3108 ἀλλήλοις.

147 3123 251 3180 Καὶ
280 3124 479 3200 φυσική
510 3124 606 3198 μέν
664 3146 748 3190 τις
805 3127 966 3201 νομὴ
1015 3128 1230 3203 κατοχή
1287 3131 1395 3182 τῶν
1447 3126 1805 3204 πραγμάτων,

1521 405 1898 467 SYNOPSIS
1939 404 2233 467 LEGUM.

1840 539 1891 607 Α
1916 536 1988 593 ,Ἦ
2022 532 2069 590 δ’
2098 533 2292 590 ὠσανεὶ
2323 536 2469 607 νομὴ
2503 544 2706 613 χρῆσις
2740 535 2864 593 ἀλλ’
2895 538 3218 612 ἀσωμάτων.

3462 413 3582 472 946

1920 627 2043 684 Τῶν
2078 622 2124 679 δ’
2157 621 2500 700 ίντιρδίκτων
2534 627 2737 704 πέφυκε
2765 628 2834 682 τὰ
2867 629 2960 701 μὶν
3006 629 3145 703 πρὸς
3191 630 3578 704 παραστάσεις,

1920 714 1995 770 Τὰ
2025 711 2072 769 δ’
2102 714 2179 769 είς
2215 715 2663 783 ὑποκατάστασιν,
2694 716 2761 770 τὰ
2792 713 2849 771 δὲ
2874 714 3145 773 πολυτικά
3177 740 3316 789 πως,

1898 804 1999 863 ⁷Τᾶ
2035 802 2129 877 μέν
2160 803 2264 857 εἰσι
2295 800 2539 876 διηνεκῆ,
2571 805 2636 859 τὰ
2672 802 2717 859 δ’
2750 805 3066 879 ἐνιαυσιαῖα,

1919 891 1994 945 Τὰ
2026 889 2120 964 μέν
2153 889 2256 944 εἰσι
2290 886 2585 963 δημοτικὰ,
2616 892 2682 944 τὰ
2714 888 2772 946 δὲ
2801 893 2941 947 τισὶν
2974 895 3221 969 ἁρμόζει.

1922 976 2274 1051 ἰντέρδικτον
2305 979 2367 1034 τὸ
2399 976 2557 1034 οὗνδε
2591 981 2667 1054 βι,
2701 982 2807 1057 πρὸ
2840 980 2895 1036 δὲ
2918 983 3008 1037 καὶ
3039 985 3098 1037 τὸ
3122 981 3462 1060 αἶ’δορέόους,

1919 1065 2271 1143 Ἰντέρδικτον
2304 1069 2366 1123 τὸ
2396 1066 2561 1123 κουοδ
2597 1070 2674 1145 βι,
2710 1091 2839 1125 αουτ
2869 1070 3041 1145 κλαμ,
3084 1074 3500 1150 ὠνομασμένον,

1917 1160 2092 1234 ’Όπιρ
2124 1157 2542 1237 ὲφερμηντύτται
2567 1159 2629 1213 τὸ
2673 1159 2765 1234 βίᾳ
2793 1158 2828 1229 ἢ
2857 1161 2918 1216 τὸ
2953 1160 3151 1237 λάθρα.

1918 1248 2021 1307 Καὶ
2056 1249 2132 1322 μή
2166 1248 2415 1322 μηκύνω,
2450 1245 2709 1317 δέσποτα,
2741 1247 2982 1322 ὀνόματα
3013 1251 3316 1329 συλλεγων,

1916 1336 2235 1399 Καθολικῶς
2269 1336 2436 1392 εἰπεῖν
2468 1336 2559 1392 καὶ
2587 1339 2691 1413 γὰρ
2726 1336 3055 1415 ἶντέρδικτον
3086 1343 3365 1417 τυγχάνει,

1913 1426 2274 1500 Ῥυθμίζουσα
2301 1427 2393 1481 τὸν
2423 1423 2679 1497 δικαστὴν
2705 1428 2839 1503 πρὸς
2874 1426 3032 1500 δίκης
3067 1430 3288 1503 ὁμιλίας

1916 1515 2015 1571 Καὶ
2047 1513 2196 1571 ἄλλα
2223 1517 2340 1571 κατ’
2372 1513 2679 1591 ἐπιδρομὴν
2713 1516 2856 1572 οὕτω
2890 1516 2947 1573 δέ
2985 1539 3070 1573 σοι
3103 1519 3316 1596 ῥητέον.

1914 1611 2232 1673 Κονουκτιο,
2259 1608 2292 1675 ἡ
2330 1604 2618 1678 μίσθωσις,
2648 1614 2875 1676 Λοκατι,
2904 1608 3093 1683 ἀγωγή
3120 1630 3227 1677 τις,

1915 1696 1986 1752 ’Ἠ
2016 1715 2099 1757 τις
2131 1695 2378 1769 ἁρμόζει,
2407 1692 2659 1768 δέσποτα,
2692 1701 2769 1769 τῷ
2798 1718 2859 1773 γε
2894 1698 3315 1773 μισθωσαμένῳ,

1914 1784 2062 1839 Κατὰ
2081 1787 2177 1838 τοῦ
2209 1782 2663 1857 ἑκμισθώσαντος,
2694 1783 2789 1839 to?)
2820 1788 3184 1859 μισθωθέντος
3214 1790 3395 1864 χάριν.

1919 1870 2187 1945 Μανδατι,
2220 1872 2343 1948 περὶ
2379 1871 2627 1943 ἐντολῆς,
2662 1868 2773 1929 ἔστι
2805 1872 2862 1929 δὲ
2890 1882 2987 1945 τῆς
3020 1878 3297 1948 κονσένσο,

1910 1963 1973 2020 Ἠ
2004 1968 2211 2023 Meton:
2242 1983 2432 2034 καυσα,
2464 1964 2720 2039 πρόσεστι
2748 1968 2828 2037 τῷ
2857 1959 3011 2042 φόϐῳ
3044 1962 3375 2037 δυναστείας,

1909 2051 1981 2109 ’Ἠ
2014 2048 2157 2106 δόντι
2192 2056 2418 2127 πρᾶγμα
2446 2056 2555 2106 τῶν
2587 2051 2772 2120 αὐτοῦ,
2807 2053 2841 2121 ἢ
2875 2055 3038 2128 χρέος
3071 2054 3339 2132 ἀφιικότι,

1910 2138 2253 2217 Περσοναλία
2283 2137 2340 2195 δέ
2369 2139 2475 2195 ἐστι
2508 2142 2594 2195 καὶ
2632 2141 2815 2217 χρόνῳ
2845 2148 3188 2216 περατοῦται.

1911 2232 1972 2289 Ὀ
2003 2233 2326 2297 Μαεστατις,
2359 2227 2610 2297 δέσποτα,
2642 2231 2811 2304 νόμος
2839 2230 2904 2301 ἧν
2939 2229 3197 2287 Ἰουλίου·

1912 2325 2147 2376 Κινεῖται
2176 2316 2223 2374 δ’
2254 2317 2308 2374 εἶ’
2327 2340 2410 2381 τις
2441 2317 2636 2393 ἔπραξέ
2663 2341 2714 2374 τι
2746 2319 2881 2375 κατᾶ
2911 2319 3199 2396 βασιλέων,

1911 2409 2301 2471 Καθοσιὼσιώς
2334 2406 2474 2463 ἔστιν
2507 2402 2763 2483 ἔγκλημα
2793 2414 2956 2464 τοῦτο
2992 2410 3150 2483 μέγα,

1913 2505 1953 2553 K
1996 2498 2010 2519 κ
2128 2494 2170 2551 οδ
2285 2492 2310 2517 ν
2489 2493 2516 2550 δ
2786 2492 2810 2517 Ἰ
2998 2502 3027 2514 ι..

1959 2519 2012 2553 αι
2042 2519 2137 2552 παι
2177 2518 2248 2552 ων
2282 2517 2453 2551 οντων
2522 2499 2750 2569 ήμευσιν
2784 2518 2900 2573 εχει
2933 2520 3030 2553 υου
3059 2498 3442 2565 κολασθέντος.

1912 2583 2242 2661 Ἑρεδιτατις
2274 2583 2330 2640 δέ
2361 2583 2469 2639 ἐστι
2492 2585 2615 2660 περὶ
2647 2585 3042 2660 κληρονομίας,

1918 2674 2037 2731 Εῧτ⁹
2074 2673 2173 2729 οὐκ
2202 2668 2308 2727 ἔσει
2341 2670 2574 2752 διαφορά
2611 2670 2853 2729 ἀδνάτων
2891 2675 2981 2730 καὶ
3012 2678 3315 2752 κογνάτων,

1914 2762 2084 2819 ”Δλλ⁹
2109 2760 2233 2818 οὐδὲ
2264 2762 2459 2833 σοῦων,
2496 2761 2748 2834 δέσποτα,
2781 2764 2871 2819 καὶ
2901 2768 3008 2820 τῶν
3043 2764 3454 2843 ἐμαγκιπάτων,

1914 2854 1982 2911 Al
2015 2850 2271 2924 Νοξαλιοι
2303 2851 2510 2928 ἀγωγαὶ
2543 2859 2728 2923 πᾶσαι,
2756 2854 2844 2908 καὶ
2875 2857 3193 2931 πραιτωίαι,

1915 2946 2199 2998 Κινοῦνται
2229 2942 2365 2997 κατά
2394 2940 2667 2997 δεσποτῶν
2698 2942 2921 2998 οἰκετῶν
2953 2942 3453 3018 πλημμεκούντων,

1913 3035 1974 3092 Ἠ
2004 3029 2377 3095 Ῥιπετουνδις
2410 3034 2624 3109 φέρεται
2656 3033 2793 3088 κατὰ
2818 3037 2928 3089 τῶν
2962 3031 3311 3110 δωροδόκων,

1917 3122 2022 3182 Καὶ
2057 3120 2293 3196 μάλιστα
2320 3124 2427 3177 τῶν
2461 3120 2512 3176 ἐν
2545 3121 2764 3197 ἀρχαῖς,
2787 3122 2875 3178 καὶ
2906 3121 3042 3180 κατὰ
3069 3124 3176 3180 τῶν
3197 3120 3494 3201 συνέδρων,

3167 3214 3335 3272 Vers.
3365 3215 3494 3272 617.

146 3476 247 3545 (de
276 3474 558 3549 petitione
587 3475 950 3536 hereditatis
994 3479 1245 3552 loquor).
1294 3480 1376 3536 Ea
1431 3480 1608 3537 datur
1665 3478 1802 3536 ﬁliis
1832 3479 1875 3548 (ζ
1913 3475 2079 3534 litem
2110 3479 2333 3533 motam
2391 3474 2668 3532 dirimere
2710 3474 2759 3532 si
2809 3475 2907 3548 qui
2940 3476 3191 3534 invicem
3244 3479 3315 3534 de
3336 3494 3571 3552 posses-

145 3568 361 3622 contra
392 3569 641 3638 patrem,
694 3566 744 3623 si
795 3583 896 3625 eos
952 3568 1345 3625 exberedatos
1403 3568 1710 3642 scripserit
1748 3568 1808 3622 in

146 3657 534 3723 testamento,
565 3659 625 3711 et
653 3660 857 3712 contra
888 3656 1039 3713 ﬁlios
1084 3657 1234 3730 patri
1291 3675 1360 3714 ex
1389 3656 1570 3714 simili
1609 3673 1809 3713 causa.

147 3743 316 3799 Actio
347 3746 405 3799 in
452 3745 600 3815 Rem,
647 3745 1024 3802 multiformis
1055 3752 1163 3813 est,
1224 3751 1283 3802 et
1327 3746 1809 3815 multinominis;

149 3832 210 3887 in
241 3847 457 3904 genere
484 3834 641 3889 enim
676 3839 734 3889 et
760 3834 1033 3907 specialis
1056 3839 1145 3891 est
1175 3835 1337 3891 bonae
1369 3836 1501 3891 fidei
1535 3853 1547 3892 :
1581 3851 1649 3891 ea
1679 3834 1808 3907 qui-

146 3921 290 3976 dem
324 3924 416 3976 est
448 3922 631 3988 utilis,
683 3940 810 3994 quae
856 3923 1247 3981 creditoribus
1278 3925 1473 3992 datur,
1520 3925 1811 3981 confesso-

148 4009 269 4077 ria,
300 4011 1020 4083 negatoria,probibitoria
1052 4012 1345 4085 specialis,
1377 4014 1560 4069 altera
1589 4014 1809 4070 servia-

146 4116 254 4163 na,
286 4099 404 4154 alia
446 4100 803 4171 publicisne.
837 4102 903 4157 Et
938 4104 996 4158 in
1025 4107 1257 4160 Factum
1314 4104 1576 4159 actiones
1614 4103 1810 4175 plures

145 4194 207 4244 et
236 4188 485 4243 diversa
516 4195 677 4258 sunt,
731 4192 1001 4263 quaedam
1056 4192 1361 4262 praetoriae,
1400 4193 1666 4264 quaedam
1701 4209 1807 4263 pu-

143 4276 422 4350 pillariaa,
457 4280 722 4350 quaedam
756 4294 824 4335 ex
854 4279 977 4351 lege
1006 4280 1392 4347 descendunt,
1417 4281 1681 4352 quaedam
1714 4297 1807 4335 ar-

143 4366 415 4422 bitrariae
437 4374 614 4423 sunt:
642 4369 913 4441 quaedam
935 4368 1517 4442 simplum,quaedam
1538 4369 1808 4442 duplum,

139 4453 417 4528 triplum,
449 4460 505 4511 et
536 4457 937 4529 quadruplum
960 4458 1143 4513 debiti
1179 4463 1488 4530 repetunt;
1549 4458 1675 4514 aliae
1706 4476 1807 4514 an-

144 4544 318 4601 nales
351 4549 512 4614 sunt,
546 4546 672 4601 alias
704 4554 1018 4619 perpetuae.
1044 4546 1198 4604 Usus
1248 4547 1546 4605 actionum
1614 4550 1673 4603 in
1724 4548 1809 4603 fa-

147 4638 315 4690 ctum
349 4638 442 4689 est
463 4634 866 4692 multiformis.
898 4636 1155 4693 Judicali
1183 4637 1334 4693 actio
1377 4643 1625 4708 quatuor
1642 4653 1808 4692 men-

146 4722 320 4778 sibus
352 4723 630 4794 ajudicis
683 4726 1170 4782 condemnatione
1218 4727 1637 4782 enumerandis
1667 4726 1810 4782 defi-

1919 3568 2084 3624 sione
2113 3565 2475 3622 contendunt
2505 3583 2519 3634 ;
2556 3564 2843 3620 naturalis
2883 3566 3118 3637 quidem
3160 3568 3454 3639 possessio
3484 3571 3576 3625 est

1919 3671 2118 3712 rerum
2145 3654 2421 3731 detentio,
2478 3654 2577 3709 sed
2629 3653 2798 3725 quasi
2861 3655 3154 3726 possessio
3187 3660 3276 3712 est
3304 3674 3449 3712 usus
3479 3657 3573 3712 in-

1920 3743 2335 3817 corporalium.
2389 3742 2701 3798 Interdicta
2749 3742 2863 3798 alia
2894 3747 3033 3798 sunt
3058 3745 3126 3799 ad
3161 3744 3571 3811 exhibitiones,

1920 3834 2185 3906 quadam
2217 3833 2288 3888 ad
2323 3832 2777 3898 restitutionem,
2810 3831 2924 3887 alia
2954 3832 3378 3905 probibitoria:
3413 3852 3572 3907 quae-

1918 3924 2053 3979 dam
2090 3926 2370 3995 perpetua
2391 3922 2825 3991 sunt,quaadam
2857 3921 3113 3990 annalis,
3141 3924 3408 3994 quaedam
3460 3940 3571 3995 pu-

1917 4013 2092 4077 blica,
2125 4012 2393 4079 quadam
2428 4010 2731 4082 aliquibus
2781 4014 3143 4082 competunt,
3192 4012 3569 4068 interdictum

1916 4102 2072 4158 unde
2102 4101 2177 4169 vi,
2212 4104 2413 4173 postea
2443 4104 2499 4155 et
2530 4099 2632 4154 illa
2666 4116 2790 4171 qua:
2844 4100 2915 4155 de
2947 4100 3143 4168 rebus,
3186 4100 3569 4157 interdictum

1919 4190 2073 4263 quod
2097 4188 2151 4245 vi
2182 4192 2283 4245 aut
2303 4188 2452 4244 clam
2486 4194 2910 4261 nuncupatum,
2945 4189 3219 4261 quodque
3262 4190 3444 4246 Graeci
3479 4189 3568 4245 in-

1917 4282 2314 4352 terpretantur
2366 4276 2429 4330 τὸ
2491 4276 2581 4351 βίᾳ
2628 4275 2756 4346 ἤτὸ
2788 4274 2982 4352 λάθρα.
3034 4279 3234 4351 Neque
3289 4280 3573 4336 verbosus

1918 4367 2388 4433 sum,odomine.
2424 4366 2664 4423 nomina
2723 4366 3004 4441 colligens
3034 4384 3047 4433 ;
3108 4384 3266 4435 nam,
3301 4371 3365 4424 ut
3396 4384 3572 4441 gene—

1918 4457 2124 4513 raliter
2152 4456 2368 4528 dicam,
2389 4456 2767 4512 interdictum
2799 4460 2889 4512 est
2920 4455 3365 4528 colloquium,et
3391 4475 3572 4514 enun-

1918 4544 2429 4618 tiatum,judicem
2460 4546 2713 4602 edocens
2770 4545 2841 4600 de
2873 4545 2991 4601 lite.
3022 4547 3135 4603 Sed
3194 4546 3305 4602 alia
3332 4564 3569 4605 rursum

1918 4636 2022 4692 tibi
2056 4635 2305 4691 dicenda
2338 4638 2497 4690 sunt.
2529 4634 2822 4689 Conduclio
2854 4632 3133 4697 Μίσθωσις
3160 4653 3172 4705 ;
3205 4636 3369 4691 Actio
3389 4638 3574 4693 Loculi

1918 4723 2201 4795 competit
2229 4722 2443 4794 illi,qui
2475 4739 2595 4776 rem
2634 4722 2898 4778 mercede
2929 4723 3159 4791 locavit,
3193 4723 3254 4779 in
3285 4741 3444 4792 eum,
3469 4726 3567 4797 qui

149 4813 338 4866 nitur.
376 4813 534 4868 Actio
594 4814 667 4869 de
716 4815 933 4885 lnjuria
972 4816 1203 4870 annalis
1234 4820 1359 4884 est;
1396 4816 1457 4870 fit
1489 4817 1683 4882 rebus,
1752 4819 1812 4870 at
1845 4843 1889 4907 D
1921 4811 2295 4907 conduxit,ut
2324 4810 2651 4866 mercedem
2676 4810 2871 4907 solvat
2902 4831 2916 4879 ;
2943 4812 3220 4907 Mandati,
3252 4811 3565 4887 περὶἙντο-

153 4917 331 4972 mage
363 4902 557 4957 verbis
591 4902 647 4957 in
677 4920 888 4975 corpus
920 4910 976 4959 et
1003 4904 1495 4961 existimationem
1555 4906 1625 4960 ad
1672 4903 1815 4958 infa-

158 4990 344 5044 miam
379 4989 819 5065 prolatiszages
842 5009 909 5048 ea
966 4998 1023 5049 et
1044 4993 1382 5066 pecuniaria
1430 5002 1486 5049 et
1543 4994 1814 5049 crimina-

155 5077 320 5144 liter,
373 5078 420 5134 si
481 5080 648 5146 velis,
704 5088 763 5137 et
818 5081 995 5138 unius
1048 5099 1114 5138 ac
1165 5083 1352 5140 solius
1412 5083 1549 5139 anni
1609 5083 1811 5155 elapsu

156 5166 596 5238 comprimitur.
620 5168 692 5225 Ut
729 5171 1024 5226 actionum
1057 5170 1115 5226 in
1176 5188 1323 5240 rem,
1351 5176 1409 5228 et
1459 5172 1514 5227 in
1571 5172 1812 5241 factum,

155 5256 243 5311 ita
274 5257 698 5319 lnterdictorum
747 5276 894 5315 usus
956 5260 1327 5333 pluripotens
1384 5266 1493 5328 est,
1547 5266 1603 5317 et
1630 5260 1815 5317 multa

155 5346 408 5402 nomina
437 5347 679 5403 obtinet.
708 5348 812 5403 Est
839 5352 1033 5404 autem
1109 5350 1492 5406 [nterdictum
1548 5350 1816 5422 praetoris

153 5434 525 5507 colloquium
585 5441 641 5493 et
686 5437 1078 5507 denuntiatio,
1141 5455 1258 5511 quo
1306 5438 1469 5495 litem
1502 5455 1618 5494 non
1667 5438 1810 5495 diri-

155 5523 294 5596 mit,
325 5524 429 5581 sed
460 5525 630 5582 docet
654 5525 849 5583 solum
899 5528 1195 5599 quomodo
1236 5522 1508 5600 ‘judicem
1553 5533 1815 5599 oporteat

236 5739 324 5815 (8)
352 5733 730 5818 Προιϐιτορία.

1924 4898 2048 4968 λῆς,
2083 4903 2173 4955 est
2199 4916 2268 4955 ex
2298 4916 2609 4955 consensu.
2645 4899 2812 4954 Metus
2845 4915 3013 4956 causa
3068 4900 3118 4956 ei
3150 4902 3431 4973 competit
3469 4905 3565 4973 qui

1921 4989 2132 5045 timore
2162 4987 2468 5061 potestatis
2501 5004 2618 5043 rem
2651 5005 2819 5043 suam
2853 4989 3034 5055 dedit,
3064 4989 3152 5045 vel
3176 4990 3438 5045 debitum
3472 5006 3566 5047 ac-

1923 5083 2088 5149 cepto
2120 5077 2302 5147 tulit;
2363 5076 2689 5149 personalis
2724 5081 2832 5147 est,
2874 5081 2932 5133 et
2987 5094 3140 5134 anno
3195 5078 3565 5135 terminatur.

1922 5168 2238 5240 Majeslalis,
2292 5182 2323 5221 ο
2401 5165 2658 5235 domine,
2711 5171 2802 5223 est
2857 5166 2948 5221 lex
2998 5166 3154 5222 Julia
3201 5183 3315 5237 qua
3374 5167 3571 5240 agitur

1924 5262 2128 5314 contra
2155 5272 2288 5311 eum
2324 5254 2423 5328 qui
2484 5255 2763 5311 adversus
2795 5271 2959 5328 reges
3018 5255 3237 5325 aliquid
3294 5257 3567 5327 patravit.

1922 5347 2108 5404 Grave
2167 5349 2255 5401 est
2311 5345 2460 5400 lassa:
2520 5361 2695 5400 sacras
2754 5345 3075 5417 Majestatis
3124 5343 3567 5413 crimen,etiam

1923 5436 2345 5494 exsisteutibus
2373 5435 2575 5491 liberis
2606 5435 2871 5491 damnati
2922 5434 3072 5491 bona
3103 5434 3570 5507 proscribuntur.

1921 5524 2276 5585 Haeredilatis
2326 5528 2412 5581 est
2468 5526 2538 5582 de
2578 5525 2950 5582 successione
3004 5524 3125 5581 sive
3180 5520 3303 5599 περὶ
3362 5519 3568 5600 κληρο-

1995 5744 2074 5820 (9)
2101 5744 2215 5823 Πρὸ
2243 5741 2401 5819 δίκης
2430 5740 2645 5820 ὁμιλία.
