4088 6350
521 372 640 432 94Ἰ

515 503 756 558 Κινεῖται
789 498 836 554 δ’
867 499 911 553 εἰ
942 496 1030 552 καὶ
1061 497 1315 565 τέθνηκεν
1350 494 1378 548 6
1410 491 1884 568 κατηγορημένος.

512 592 579 652 Ἡ
604 592 834 664 Ῥερουμ
867 589 1217 659 Ἀμοταρουμ
1251 580 1307 638 δὲ
1335 580 1706 644 κονδικτίκιος
1731 581 1916 657 λόγος.

513 681 773 755 Ἀρμόζει
808 674 864 730 δὲ
896 676 982 730 καὶ
1015 673 1222 748 γυναιξὶ
1251 672 1385 726 κατά
1413 676 1522 726 τῶν
1556 670 1974 739 συνοικούντων,

515 767 698 842 Ἀνδρί
726 787 784 820 τε
811 765 948 819 κατὰ
977 763 1236 838 γυναικὸς
1269 759 1593 834 κλέψαντος,
1625 760 1660 829 ἢ
1692 759 1986 833 κλεψάσης,

517 855 906 915 Στελιονατους
937 850 993 907 δέ
1027 852 1136 907 ἐστι
1169 849 1411 926 πράξεως
1435 849 1689 920 πονηρία·
1905 901 1934 914 ﬁ

513 946 739 1002 Ὀποῖον
772 943 817 998 εἰ
850 942 1139 1018 χρεώστης
1169 940 1249 1000 τίς
1280 961 1384 993 τινι
1416 942 1524 992 τῶν
1559 936 1938 1010 δανεισάντων,

522 1034 614 1098 Εἰς
649 1034 934 1102 ὑποθήκην
967 1037 1190 1105 πρᾶγμα
1223 1025 1301 1100 δῷ
1330 1028 1878 1104 προϋποτεθειμένονο

513 1125 668 1198 Ἒχει
702 1119 747 1175 δ’
779 1115 1247 1195 ἐξτραορδιναριον
1275 1122 1434 1172 τοῦτο
1465 1118 1562 1185 την
1593 1116 1884 1192 τιμωρίαν.

517 1212 737 1288 Ἀγωγή
772 1207 1074 1283 διαιρετική
1108 1206 1206 1282 ἥγε
1235 1201 1620 1281 Τριϐουτορια.

507 1303 573 1360 Ἦ
605 1299 662 1356 δέ
690 1321 749 1375 γε
782 1300 888 1372 μὴν
920 1295 1206 1362 Τουτελαε,
1239 1295 1274 1364 ἢ
1303 1297 1420 1350 κατ’
1447 1294 1774 1371 ἐπιτρόπων·

522 1391 593 1444 Τὸ
624 1387 682 1443 δὲ
710 1383 1157 1462 Τερτουλιανειον
1189 1381 1367 1460 δόγμα
1397 1385 1532 1458 πρὸς
1562 1381 1915 1462 συκοφάντας.

510 1481 602 1548 ,Τὸ
634 1477 692 1534 δὶ
723 1476 994 1555 φαμιλίας
1025 1473 1407 1551 ἐρκισκούνδαε
1438 1474 1629 1540 τύπος,

546 1575 618 1624 Εν
649 1569 695 1640 ᾦ
725 1567 791 1622 τὰ
824 1565 1148 1638 δικαστήρια
1178 1561 1380 1629 διπλῆν
1416 1562 1530 1639 ἔχει
1560 1565 1658 1631 τήν
1693 1563 1874 1640 φύσιν,

511 1663 633 1713 Τῶν
672 1655 1043 1733 ἐγκαλούντων
1076 1652 1122 1708 δ’
1152 1650 1372 1714 ἕκαστος
1409 1649 1587 1728 ἄκτωρ
1619 1651 1729 1707 ἐστὶ
1759 1653 1848 1707 καὶ
1884 1651 2035 1728 ῥέος.

513 1749 584 1803 Ἠ
616 1753 974 1822 Φυνερατικια
1007 1741 1085 1810 δὲ,
1117 1744 1333 1796 ἀπαιτεῖ
1355 1743 1453 1810 την
1486 1739 1748 1814 δαπάνην,

523 1840 646 1894 Τῶν
678 1836 731 1890 ἒν
761 1839 905 1910 ταφῇ
938 1831 1082 1909 παρά
1109 1853 1252 1894 τινος
1284 1829 1468 1893 καλῶς
1496 1826 1974 1901 καταϐληθέντων,

521 1927 623 1982 Καὶ
654 1930 987 1998 προτιμᾶται
1011 1928 1117 1976 τῶν
1153 1925 1355 1997 χρεῶν,
1387 1917 1512 1986 ἤτοι
1539 1919 1672 1988 αύτή
1717 1918 1950 1990 δαπάνη.

524 2011 714 2090 Δόγμα
745 2012 802 2069 δὲ
830 2013 892 2068 τὸ
915 2011 1264 2077 Ἀτιλανειον,
1297 2011 1391 2064 τὸν
1423 2004 1620 2083 ἀκριϐῆ
1653 2009 1826 2081 νομέα

527 2107 686 2176 Μήτε
709 2100 1008 2178 κερδαίνειν
1042 2098 1317 2175 περιττόν,
1354 2099 1494 2171 μήτε
1528 2098 1620 2170 μὲν
1658 2103 1718 2168 ζη
1732 2100 2002 2171 μιοῢσθαι.

521 2193 710 2269 Δόγμα
739 2192 801 2246 τὸ
831 2191 1187 2269 Ἀμφιάνειον
1223 2185 1502 2246 παντελῶς
1530 2186 1788 2262 ἀνηρέθη,

519 2285 710 2358 Δόγμα
728 2283 790 2335 τὸ
822 2278 1155 2356 Ἀδριάνειον
1190 2275 1474 2340 παντελῶς
1504 2279 1769 2347 ἡθετήθη.

517 2372 701 2446 Δόγμα
731 2368 788 2424 δὶ
817 2371 878 2423 τὸ
912 2367 1174 2425 Ἀτίλειον
1209 2363 1413 2421 κωλύει
1445 2367 1512 2420 τὰ
1540 2365 1837 2437 κλαπέντα,

517 2461 616 2517 Διά
644 2466 822 2532 νομῆς
855 2457 1202 2526 δεσπόζεσθαι
1235 2455 1460 2532 χρονίας
1485 2456 1896 2531 προσηκόντως.

512 2551 574 2608 Ὁ
603 2549 773 2622 νόμος
801 2545 846 2602 δ’
878 2546 1129 2623 ὃγνάριος
1164 2548 1276 2619 (l0)
1307 2546 1397 2600 τὸν
1432 2545 1592 2621 ὅρους
1634 2547 1946 2617 μεταθέντα,

511 2640 757 2714 Χρυσοῦς
789 2636 1099 2711 εἰσπράττει
1134 2635 1347 2701 ἑκατὸν,
1367 2631 1447 2710 ἐφ’
1479 2632 1686 2705 ἑκάστῳ
1716 2637 1822 2687 τῶν
1854 2635 2015 2708 ὅρων.

512 2729 575 2786 Ὀ
603 2726 775 2800 νόμος
807 2727 834 2780 6
871 2725 1139 2800 βῸκώνιος
1179 2721 1461 2784 παντελῶς
1494 2722 1757 2794 ἀνῃρέθη,

513 2814 703 2892 Δόγμα
729 2812 774 2869 δ’
803 2811 1268 2886 ’Λσουμνιάνειον,
1302 2807 1410 2866 ἔστι
1441 2815 1711 2876 τοιοῦτον,
1744 2808 1890 2881 ἄναξ.

509 2905 638 2964 Ἐάν
667 2925 752 2967 τις
788 2904 893 2959 ὑπὸ
924 2900 1147 2980 α’ίρεσιν,
1180 2900 1214 2970 ἢ
1242 2898 1377 2963 *ίσως
1413 2901 1513 2955 ὑπὸ
1546 2898 1698 2975 ὅρον,

1860 362 2285 426 MICHAELIS
2333 361 2602 424 PSELLI

2200 497 2253 562 Α
2283 491 2623 568 Ἐλευθερίαν
2656 494 2911 566 χρεωστῇ
2940 487 3447 568 φιδικομισσαρίαν,

3814 359 3925 421 948

2274 583 2482 639 Ἔπειτ’
2512 581 2964 652 ἀπολιμπάνηται
2997 577 3067 634 δι’
3099 579 3325 656 εὔλογον
3358 579 3558 652 αἰτίαν,

2277 671 2428 741 Αὕτη
2469 672 2560 743 μὲν
2590 669 2678 724 ἶνα
2705 673 2977 745 προχωρῇ
3019 667 3085 723 δι’
3116 667 3340 746 εὔλογον
3371 670 3543 725 αἰτίαν
3575 674 3713 746 (11),

2277 759 2448 822 Αὐτὸς
2479 758 2522 814 δ’
2554 759 2694 814 ἐστὶν
2721 758 3061 821 ἀνέκπτωτος
3093 764 3447 835 πατρωνικῶν
3483 757 3733 818 δικαίων.

2281 849 2465 921 Νόμος
2496 851 2523 903 6
2559 848 2790 911 ἸούΛιός
2817 849 2926 903 ἐστι
2961 847 3085 922 περί
3121 851 3395 924 μοιχείας.

2281 939 2416 1007 Περὶ
2449 938 2849 1004 καθοσιώσεως,
2882 939 3004 1014 περί
3040 936 3160 1013 βίας
3190 937 3445 996 ἐνόπλου.

2286 1029 2472 1103 Δόγμα
2499 1028 2560 1082 τὸ
2595 1025 2983 1083 Κλαυδιάνειον
3012 1025 3238 1090 τελείως
3269 1029 3531 1102 ἀνηρέθη.

2284 1117 2361 1173 Τὸ
2390 1113 2446 1170 δὲ
2479 1111 2910 1191 Καρϐωνιάνειον
2947 1116 3137 1190 βοηθεῖ
3163 1122 3282 1179 τοῖς
3310 1113 3560 1187 ἀνήϐοις,

2285 1206 2342 1258 '0
2372 1205 2542 1276 νόμος
2569 1202 2614 1258 δ’
2645 1206 2673 1259 ὁ
2711 1202 3020 1277 Κορνήλιος
3045 1206 3180 1260 κατᾶ
3210 1212 3319 1260 τῶν
3351 1206 3810 1285 πλαστογραφων.

2286 1293 2474 1369 Δόγμα
2507 1293 2907 1368 Λαργιτιάνειον
2937 1292 3205 1367 ἐσχόλασε
3234 1295 3476 1359 τελείως·-

2287 1384 2478 1457 Δόγμα
2505 1383 2567 1437 τὸ
2595 1381 2892 1438 Νινιάνειον
2924 1387 3085 1437 τανῦν
3117 1383 3216 1438 οὐκ
3243 1380 3358 1460 ἔχει
3389 1393 3616 1461 χρῆσιν.

2288 1471 2366 1528 Τὸ
2399 1468 2456 1525 δὲ
2485 1471 2877 1547 Ὀρφιτιάνειον
2905 1477 3136 1546 παρέχει
3167 1478 3283 1537 τοῖς
3313 1469 3576 1548 ἐκγόνοις·

2289 1559 2518 1634 Νόμιμα
2549 1557 2728 1614 δίκαιά
2754 1581 2875 1614 τινα
2905 1557 3192 1636 διαδοχαῖς
3225 1563 3498 1639 μητέρων.

2288 1651 2350 1707 Ὁ
2381 1649 2547 1722 νόμος
2582 1648 2628 1702 δ’
2658 1651 2685 1703 6
2719 1649 2929 1710 Πάπιος
2959 1649 3243 1712 παντελῶς
3283 1651 3540 1725 ἀνῃρέθη.

2291 1739 2481 1814 Δόγμα
2505 1739 2566 1792 τὸ
2603 1735 2909 1792 Σιλιάνειον
2938 1735 3213 1810 ἐκδίκησιν
3249 1739 3471 1815 εἰσάγει,

2209 1871 2250 1934 Β
2292 1825 2465 1888 Εἷ’τις
2498 1827 2669 1900 βίαιον
2698 1829 2956 1883 πέπονθεν
2991 1825 3290 1905 αἰφνιδίως.

2280 1917 2469 1992 Δόγμα
2498 1917 2906 1992 Τερτυλιανειον
2940 1918 3131 1992 βοηθεῖ
3157 1923 3276 1979 ταῖς
3309 1921 3609 1993 μητράσιν,

2282 2007 2371 2068 Εἰς
2402 2008 2502 2075 τὴν
2534 2010 2643 2060 τῶν
2676 2003 2885 2060 παίδων
2915 2007 3152 2079 νόμιμον
3176 2007 3392 2070 πάντως
3420 2007 3824 2083 κληρονομίαν.

2271 2097 2335 2153 Ὀ
2364 2095 2532 2168 νόμος
2563 2095 2590 2148 ὁ
2624 2092 2924 2156 Φαλκίδιος
2952 2095 3146 2149 αὐτίκα
3173 2117 3261 2150 σοι
3296 2096 3511 2172 ῥητέος,

2275 2187 2435 2259 Ἔχει
2466 2184 2570 2260 γὰρ
2600 2184 2737 2259 πρὸς
2772 2183 3078 2258 κατάληψιν
3114 2185 3178 2239 ού
3213 2187 3408 2260 μικρὰν
3443 2184 3760 2245 δυσκολίαν.

2343 2276 2404 2332 Ὁ
2438 2273 2906 2347 εἰκοστόπεμπτος
2936 2277 3122 2350 καιρὸς
3153 2282 3260 2331 τῶν
3297 2276 3565 2347 ἐνηλίκων
3600 2279 3747 2349 ἄναξ,

2271 2347 2412 2437 ἱΑπὸ
2447 2363 2624 2440 ῥοπῆς
2653 2366 2820 2440 μέχρι
2855 2347 3040 2440 ῥοπῆς.
3056 2371 3296 2439 νομικῶς
3328 2367 3660 2441 ἀριθμεῖται·

2302 2461 2377 2508 Αν
2412 2451 2618 2528 αἵρεσις
2645 2455 2774 2527 τεθῇ
2803 2454 2910 2507 τινὶ
2943 2459 3139 2527 καιροῦ
3174 2455 3249 2527 μὴ
3286 2456 3617 2531 ὁρισθέντος,

2270 2541 2364 2606 Εἰς
2391 2541 2678 2619 πλήρωσιν
2714 2545 2967 2615 αἱρέσεως
2990 2543 3198 2618 ἡμέρας
3233 2539 3350 2620 ἔχει
3383 2543 3499 2603 δύο.

2265 2633 2338 2688 Ὀ
2367 2632 2594 2704 νομικὸς
2629 2632 3021 2710 συμψηφισμὸς
3053 2632 3143 2686 τὸν
3177 2634 3398 2707 χρόνον,
3433 2634 3766 2713 Στεφηφόρε,

2265 2715 2548 2792 Ἑϐδόμης
2583 2719 2726 2794 ὥρας
2755 2719 2802 2775 δ’
2831 2722 3056 2796 ἄρχεται
3087 2722 3298 2793 νυκτὸς,
3334 2722 3423 2777 καὶ
3460 2725 3626 2799 μέχρι
3652 2723 3781 2794 Exn:

2269 2810 2483 2873 Νυκτὸς
2511 2816 2610 2879 τῆς
2642 2808 2820 2879 ἄλλης
2841 2806 3080 2885 ἀκριϐῶς
3119 2812 3218 2880 τὴν
3250 2813 3539 2887 περαίωσιν
3569 2809 3706 2889 ἔχει.

2268 2900 2333 2954 Ἠ
2367 2893 2642 2968 ἔκκλητος
2674 2896 2947 2955 ἐκδίδοται
2977 2899 3125 2962 ἐντὸς
3155 2903 3377 2976 ἡμερῶν
3414 2899 3560 2959 δέκα.

3552 2995 3708 3052 Vere.
3746 2993 3856 3050 673

507 3219 728 3293 νομίας,
751 3220 812 3276 in
862 3237 977 3292 qua
1007 3219 1170 3275 nulla
1204 3223 1292 3275 est
1341 3217 1668 3273 diti'erentia
1715 3218 2060 3289 agnatorum
2100 3218 2230 3285 etC
2272 3220 2508 3272 centum
2547 3233 2754 3273 aureos
2807 3217 3003 3291 exigit.
3048 3221 3158 3275 Lex
3202 3221 3440 3277 Voconia
3495 3238 3742 3293 prorsus
3782 3224 3919 3279 sub-

508 3315 896 3381 eognatorum
933 3325 1248 3373 suorum,o
1279 3307 1599 3372 domine,et
1630 3305 2155 3376 emancipator-um.

507 3399 724 3454 Omnes
762 3400 995 3453 Nemetes
1051 3399 1289 3452 actiones
1345 3396 1650 3462 Praetoris,
1684 3397 1989 3450 moventur
2017 3411 2158 3449 con-

506 3493 600 3542 tra
623 3488 893 3542 dominos
953 3503 1255 3542 servorum
1311 3484 1800 3555 delinquentium.
1853 3483 1932 3538 De
1992 3485 2154 3553 Repe-

506 3577 699 3632 tundz‘s
746 3576 929 3631 fertur
958 3580 1159 3630 contra
1205 3591 1453 3629 munera
1500 3573 1871 3645 accipientes,
1906 3572 2158 3627 maxime

508 3667 913 3737 magistratus,
938 3670 995 3721 et
1049 3682 1248 3721 eorum
1282 3680 1614 3720 assessores
1645 3681 1657 3729 ;
1697 3668 1960 3734 movetur
1979 3665 2157 3717 etiam

507 3756 557 3810 si
612 3769 747 3809 reus
800 3760 1071 3810 mortuus
1110 3755 1202 3809 sit.
1246 3755 1442 3808 Rerum
1493 3752 1814 3807 Amotarum
1871 3751 2158 3807 condictio

507 3845 787 3914 competit
810 3848 867 3898 et
921 3843 1271 3898 mulieribus
1330 3848 1535 3897 contra
1593 3841 1892 3911 conjuges,
1951 3847 2005 3895 et
2035 3840 2157 3895 viro

507 3939 710 3988 contra
734 3933 1042 3988 mulierem
1076 3935 1388 3997 furantem,
1422 3931 1507 3984 vel
1543 3933 1816 3985 furatam.
1855 3927 2156 3985 Stelliona-

507 4029 596 4076 tus
649 4025 740 4076 est
809 4024 1057 4076 actionis
1103 4021 1471 4091 improbitas,
1524 4019 2028 4090 quemadmodum
2108 4019 2157 4074 si

505 4109 735 4165 debitor
763 4110 862 4162 uni
885 4127 950 4163 ex
974 4109 1363 4163 creditoribus
1397 4124 1516 4162 rem
1544 4108 1706 4178 prius
1736 4105 1898 4161 alteri
1931 4105 2156 4176 obliga-

503 4202 622 4253 tam
647 4196 980 4268 bypothecae
1041 4197 1289 4261 dederit,
1347 4201 1508 4250 extra
1558 4196 1824 4250 ordinem
1859 4194 2154 4266 plectitur.

507 4288 817 4343 Tributaria
861 4285 1012 4340 actio
1069 4290 1158 4340 est
1209 4285 1504 4340 divisoris.
1569 4285 1773 4340 Tutelae
1828 4289 2027 4339 contra
2059 4289 2156 4338 tu-

505 4380 681 4429 tores.
744 4373 1155 4428 Termllianum
1196 4375 1778 4428 senatusconsultum
1808 4377 2011 4426 contra
2062 4389 2155 4427 ca-

505 4460 892 4516 lumniatores
942 4462 1202 4518 Famzliae
1263 4461 1602 4516 erciscundw
1654 4460 1924 4527 formula,
1985 4462 2156 4532 cujus

499 4550 794 4622 judicium
827 4549 1119 4621 duplicem
1150 4551 1328 4605 habet
1379 4557 1669 4616 naturam,
1716 4549 2153 4619 provocantium
2186 4584 2232 4647 D

509 4637 665 4693 enim
696 4642 965 4710 uterque,
998 4646 1087 4693 est
1111 4646 1270 4693 actor
1299 4644 1355 4693 et
1388 4655 1541 4693 reus.
1595 4641 1940 4694 Funeratitz'a
1990 4655 2150 4693 sum-

510 4733 645 4799 ptus
672 4729 729 4782 in
762 4727 1011 4799 alicujus
1061 4731 1260 4783 funere
1299 4729 1435 4799 jure
1494 4729 1676 4784 factos
1719 4729 1989 4799 reposcit,
2050 4727 2150 4798 qui

508 4822 783 4886 sumptus
813 4815 927 4871 alia
955 4817 1154 4872 omnia
1174 4818 1370 4871 debita
1392 4818 2150 4888 prmeedunt.8enatuscon-

506 4903 732 4960 sultum
771 4906 1081 4960 Atilianum
1109 4905 1273 4961 bonae
1324 4905 1458 4960 ﬁdei
1503 4921 1902 4976 possessorem
1964 4921 2152 4976 neque

505 4995 653 5065 quod
713 5000 982 5066 superest
1052 4994 1416 5061 lucrifacere,
1479 5011 1668 5065 neque
1726 4994 1941 5049 damno
1997 4992 2148 5048 afﬁci

501 5083 784 5138 decernit.
809 5084 995 5138 SCum
1029 5083 1426 5145 Amphiam'um
1451 5085 1690 5137 omnino
1722 5082 2018 5136 sublatum
2035 5088 2146 5147 est,

499 5170 680 5226 SCum
714 5171 1048 5226 Adrianium
1076 5171 1316 5226 omnino
1340 5172 1398 5226 in
1435 5189 1541 5225 usu
1567 5171 1860 5225 est.SC.um
1893 5172 2148 5226 Atidium

497 5275 693 5314 rerum
717 5259 870 5314 furto
900 5261 1308 5330 subreptarum
1334 5258 1682 5327 dominium,
1716 5257 1890 5331 longa
1925 5276 2149 5330 posses-

497 5346 660 5402 sione
682 5348 927 5419 acquiri,
961 5349 1374 5403 convenienter
1430 5347 1720 5419 prohibet.
1753 5349 1865 5402 Lex
1896 5348 2018 5403 Cati
2072 5351 2144 5404 ab

498 5448 566 5489 eo
596 5435 696 5506 qui
729 5435 1013 5491 terminos
1071 5436 1397 5504 transtulit,
1457 5435 1516 5490 in
1549 5435 1819 5508 singulos
1865 5437 2144 5494 terminos

571 5647 589 5720 (
599 5647 687 5720 10)
717 5646 896 5709 Γάϊος.

2269 3305 2387 3361 lata
2419 3311 2528 3361 est.
2562 3307 2746 3361 SCum
2779 3310 3176 3364 Asu-mz'anium
3225 3315 3313 3364 est
3340 3309 3704 3382 hujusmodi,
3740 3329 3771 3368 ο
3804 3330 3916 3377 rex,

2268 3393 2317 3449 si
2347 3393 2482 3464 quis
2512 3395 2622 3451 sub
2683 3396 3036 3464 conditione,
3097 3398 3182 3453 vel
3243 3415 3407 3470 aque
3438 3400 3546 3454 sub
3577 3401 3692 3468 die,
3753 3402 3918 3456 {idei-

2268 3485 2738 3538 commissariam
2764 3484 3089 3541 libertatem
3122 3487 3349 3557 debeat,
3373 3494 3428 3543 et
3459 3505 3527 3543 ex
3549 3491 3721 3559 juxta
3744 3507 3919 3546 causa

2268 3572 2442 3639 absit,
2475 3578 2629 3628 utea
2664 3575 2937 3644 procedat
2994 3575 3088 3630 die
3135 3575 3221 3630 vel
3283 3577 3615 3632 conditione
3653 3577 3933 3649 impleta..

2268 3661 2493 3728 statuit,
2535 3667 2593 3716 et
2640 3661 2766 3733 ipse
2807 3662 3008 3734 lapsus
3058 3681 3170 3719 non
3223 3669 3312 3720 est
3365 3665 3500 3735 jure
3551 3673 3912 3737 patronatus.

2267 3751 2378 3805 Lex
2403 3751 2558 3805 Julia
2583 3755 2692 3817 est,
2754 3752 2825 3806 de
2856 3752 3186 3821 adulteriis,
3241 3753 3386 3808 laesae
3430 3754 3776 3823 Majestatis,
3849 3758 3916 3812 de

2265 3839 2318 3892 vi
2347 3845 2592 3894 armata.
2652 3840 2839 3895 SCum
2904 3841 3277 3898 Claudianum
3335 3844 3571 3898 omnino
3617 3845 3915 3901 sublatum

2265 3933 2376 3983 est.
2435 3929 2851 3984 Carbonianum
2906 3931 3013 3986 fert
3070 3947 3238 4002 opem
3307 3933 3742 4004 impuberibus.
3806 3935 3918 3988 Lex:

2268 4016 2519 4072 Cornelia
2568 4023 2657 4074 est
2707 4023 2910 4074 contra
2943 4019 3232 4076 falsarios.
3281 4020 3469 4076 SCum
3519 4022 3918 4092 Largitz'anum

2265 4106 2505 4162 omnino
2537 4106 2593 4160 in
2619 4107 3061 4163 desuetudinem
3107 4109 3271 4163 abiit.
3331 4111 3634 4164 Ninz'anum
3681 4128 3800 4166 non
3832 4117 3920 4166 est

2267 4192 2326 4248 in
2376 4211 2507 4248 usu.
2581 4195 2972 4265 Orphitianum
3035 4199 3250 4268 praebet
3296 4197 3432 4252 ﬁliis
3481 4200 3621 4269 jura
3647 4201 3914 4270 quaedam

2264 4280 2530 4353 legitima
2561 4285 2618 4338 in
2679 4286 3156 4340 successionibus
3215 4291 3490 4342 matrum.
3545 4288 3658 4342 Lex
3733 4290 3915 4359 Papia

2265 4372 2504 4428 omnino
2546 4372 2778 4428 sublata
2819 4379 2926 4430 est.
2976 4374 3161 4430 SCum
3211 4376 3575 4432 Silanianum
3629 4376 3912 4434 ultionem

2265 4460 2512 4526 inducit,
2569 4462 2617 4517 si
2678 4463 2812 4533 quis
2867 4461 3183 4518 violentum
3237 4465 3378 4535 quid
3430 4472 3666 4536 repente
3703 4483 3912 4538 passus

2266 4556 2370 4604 est.
2440 4553 2620 4604 SCum
2686 4552 3062 4606 Termt'z'anum
3139 4553 3432 4608 succurrit
3481 4556 3795 4624 matribus,
3854 4557 3910 4609 in

2263 4638 2592 4693 universam
2629 4639 2949 4709 legitimam
3013 4640 3263 4696 filiorum
3322 4642 3740 4698 hereditatem.
3803 4645 3912 4700 Ex-

2262 4725 2530 4796 plicanda
2563 4733 2651 4782 est
2683 4728 2880 4782 statim
2916 4729 3018 4783 tibi
3057 4729 3144 4784 lex
3179 4728 3448 4800 Falcidia,
3481 4731 3719 4803 cognitu
3753 4733 3909 4787 enim

2260 4831 2374 4869 non
2409 4832 2615 4886 parum
2652 4816 2908 4873 difficilis
2930 4822 3037 4873 est.

2330 4903 2545 4974 Viginti
2609 4906 2870 4978 quinque
2922 4906 3061 4961 anni
3109 4907 3428 4976 minorum,
3460 4924 3494 4963 ο
3527 4925 3643 4978 rex,
3707 4927 3741 4965 a
3793 4927 3916 4966 mo-

2261 4998 2457 5048 mento
2512 4995 2569 5049 in
2643 5000 3006 5050 momentum
3075 4995 3334 5067 legitime
3367 5003 3811 5067 computantur.
3863 4999 3916 5055 Si

2257 5082 2512 5138 conditio
2547 5082 2715 5138 alicui
2782 5084 3048 5155 apposita
3081 5085 3157 5139 sit
3210 5101 3325 5139 non
3358 5086 3598 5141 deﬁnito
3629 5091 3916 5160 tempore,

2258 5171 2327 5225 ad
2361 5171 2718 5242 implendam
2745 5173 3140 5228 conditionem
3179 5174 3425 5230 biduum
3456 5175 3802 5232 habet.Heec
3833 5182 3919 5232 est

2257 5259 2520 5330 legitima
2568 5267 2898 5332 temporum
2959 5263 3327 5334 supputatio,
3377 5280 3410 5318 ο
3481 5263 3828 5335 imperator,
3885 5283 3917 5319 a

2257 5349 2509 5420 septima
2539 5350 2724 5404 noctis
2757 5349 2898 5405 hora
2931 5351 3056 5405 dies
3091 5352 3313 5423 incipit,
3361 5359 3419 5408 et
3449 5369 3638 5424 usque
3670 5356 3745 5410 ad
3783 5371 3915 5411 sex-

2257 5441 2379 5493 tam
2414 5438 2656 5493 alterius
2691 5439 2880 5495 noctis
2912 5444 3112 5496 exacte
3141 5441 3370 5497 transit.
3407 5441 3564 5497 Intra
3619 5443 3754 5499 dies
3814 5445 3916 5501 de-

2328 5652 2440 5727 (11)
2473 5652 2587 5709 Τοῦ
2613 5649 2744 5727 ὅρου
2774 5648 3186 5730 πληρωθέντος.
