  <div class='ocr_page' id='page_1' title='image "/cluster/home/n/w/nwhite01/storage/ocr_20150623/122/hvd.32044073502452/484.png"; bbox 0 0 4088 6350; ppageno 0'>
   <div class='ocr_carea' id='block_1_1' title="bbox 155 401 282 462">
    <p class='ocr_par' dir='ltr' id='par_1_1' title="bbox 155 401 282 462">
     <span class='ocr_line' id='line_1_1' title="bbox 155 401 282 462; baseline 0.008 -2"><span class='ocrx_word' id='word_1_1' title='bbox 155 401 282 462; x_wconf 76' lang='grc'><strong>949</strong></span> 
     </span>
    </p>
   </div>
   <div class='ocr_carea' id='block_1_2' title="bbox 152 529 1480 612">
    <p class='ocr_par' dir='ltr' id='par_1_2' title="bbox 152 529 1480 612">
     <span class='ocr_line' id='line_1_2' title="bbox 152 529 1480 612; baseline 0.003 -24"><span class='ocrx_word' id='word_1_2' title='bbox 152 533 305 588; x_wconf 75' lang='grc' dir='ltr'>Μετὰ</span> <span class='ocrx_word' id='word_1_3' title='bbox 335 529 597 604; x_wconf 79' lang='grc' dir='ltr'>διὰζευξιν</span> <span class='ocrx_word' id='word_1_4' title='bbox 631 530 824 612; x_wconf 76' lang='grc' dir='ltr'>ἀνδρὸς</span> <span class='ocrx_word' id='word_1_5' title='bbox 856 535 908 592; x_wconf 74' lang='grc' dir='ltr'>ἐν</span> <span class='ocrx_word' id='word_1_6' title='bbox 940 535 1212 610; x_wconf 78' lang='grc' dir='ltr'><strong>τριάκονθ’</strong></span> <span class='ocrx_word' id='word_1_7' title='bbox 1242 533 1480 610; x_wconf 81' lang='grc' dir='ltr'>ἡμέραις</span> 
     </span>
    </p>
   </div>
   <div class='ocr_carea' id='block_1_3' title="bbox 152 625 1404 704">
    <p class='ocr_par' dir='ltr' id='par_1_3' title="bbox 152 625 1404 704">
     <span class='ocr_line' id='line_1_3' title="bbox 152 625 1404 704; baseline 0 -23"><span class='ocrx_word' id='word_1_8' title='bbox 152 625 496 682; x_wconf 82' lang='grc' dir='ltr'>Διαλαλείτω</span> <span class='ocrx_word' id='word_1_9' title='bbox 521 628 557 695; x_wconf 79' lang='grc' dir='ltr'>ἡ</span> <span class='ocrx_word' id='word_1_10' title='bbox 590 627 726 702; x_wconf 88' lang='grc' dir='ltr'><strong>γυνή</strong></span> <span class='ocrx_word' id='word_1_11' title='bbox 760 628 834 689; x_wconf 86' lang='grc' dir='ltr'><strong>ὡς</strong></span> <span class='ocrx_word' id='word_1_12' title='bbox 867 627 1095 704; x_wconf 88' lang='grc' dir='ltr'>πέφυκεν</span> <span class='ocrx_word' id='word_1_13' title='bbox 1130 627 1404 701; x_wconf 74' lang='grc' dir='ltr'>ἐκκύμων.</span> 
     </span>
    </p>
   </div>
   <div class='ocr_carea' id='block_1_4' title="bbox 153 715 1526 792">
    <p class='ocr_par' dir='ltr' id='par_1_4' title="bbox 153 715 1526 792">
     <span class='ocr_line' id='line_1_4' title="bbox 153 715 1526 792; baseline 0.001 -22"><span class='ocrx_word' id='word_1_14' title='bbox 153 715 261 770; x_wconf 80' lang='grc' dir='ltr'><strong>Καὶ</strong></span> <span class='ocrx_word' id='word_1_15' title='bbox 299 716 434 787; x_wconf 82' lang='grc' dir='ltr'><strong>μετά</strong></span> <span class='ocrx_word' id='word_1_16' title='bbox 464 716 564 784; x_wconf 75' lang='grc' dir='ltr'>τήν</span> <span class='ocrx_word' id='word_1_17' title='bbox 591 715 891 792; x_wconf 82' lang='grc' dir='ltr'>φανέρωσιν</span> <span class='ocrx_word' id='word_1_18' title='bbox 920 719 1019 785; x_wconf 73' lang='grc' dir='ltr'>τῆς</span> <span class='ocrx_word' id='word_1_19' title='bbox 1051 715 1343 788; x_wconf 76' lang='grc' dir='ltr'><strong>διαθήκης,</strong></span> <span class='ocrx_word' id='word_1_20' title='bbox 1379 715 1526 787; x_wconf 73' lang='grc' dir='ltr'>ἄναξ,</span> 
     </span>
    </p>
   </div>
   <div class='ocr_carea' id='block_1_5' title="bbox 151 800 1536 882">
    <p class='ocr_par' dir='ltr' id='par_1_5' title="bbox 151 800 1536 882">
     <span class='ocr_line' id='line_1_5' title="bbox 151 800 1536 882; baseline 0.001 -21"><span class='ocrx_word' id='word_1_21' title='bbox 151 805 215 861; x_wconf 83' lang='grc' dir='ltr'>Ὀ</span> <span class='ocrx_word' id='word_1_22' title='bbox 247 803 601 879; x_wconf 80' lang='grc' dir='ltr'><strong>κληρονόμος</strong></span> <span class='ocrx_word' id='word_1_23' title='bbox 635 800 874 861; x_wconf 71' lang='grc' dir='ltr'>ἴνὸεντον</span> <span class='ocrx_word' id='word_1_24' title='bbox 908 805 960 861; x_wconf 78' lang='grc' dir='ltr'>ἐν</span> <span class='ocrx_word' id='word_1_25' title='bbox 990 808 1132 880; x_wconf 89' lang='grc' dir='ltr'>τρισὶ</span> <span class='ocrx_word' id='word_1_26' title='bbox 1169 808 1301 880; x_wconf 86' lang='grc' dir='ltr'>μησὶ</span> <span class='ocrx_word' id='word_1_27' title='bbox 1334 805 1536 882; x_wconf 87' lang='grc' dir='ltr'>δράτω.</span> 
     </span>
    </p>
   </div>
   <div class='ocr_carea' id='block_1_6' title="bbox 157 891 1496 971">
    <p class='ocr_par' dir='ltr' id='par_1_6' title="bbox 157 891 1496 971">
     <span class='ocr_line' id='line_1_6' title="bbox 157 891 1496 971; baseline 0.003 -24"><span class='ocrx_word' id='word_1_28' title='bbox 157 891 281 952; x_wconf 79' lang='grc' dir='ltr'><strong>Τῶν</strong></span> <span class='ocrx_word' id='word_1_29' title='bbox 317 893 376 948; x_wconf 79' lang='grc' dir='ltr'>ἐκ</span> <span class='ocrx_word' id='word_1_30' title='bbox 405 891 643 968; x_wconf 81' lang='grc' dir='ltr'><strong>πλαγίου</strong></span> <span class='ocrx_word' id='word_1_31' title='bbox 675 900 942 970; x_wconf 83' lang='grc' dir='ltr'><strong>συγγενῶν</strong></span> <span class='ocrx_word' id='word_1_32' title='bbox 975 897 1030 950; x_wconf 73' lang='grc' dir='ltr'>αἱ</span> <span class='ocrx_word' id='word_1_33' title='bbox 1061 894 1384 971; x_wconf 87' lang='grc' dir='ltr'>διακατοχαὶ</span> <span class='ocrx_word' id='word_1_34' title='bbox 1418 893 1496 968; x_wconf 72' lang='grc' dir='ltr'><strong>δέ,</strong></span> 
     </span>
    </p>
   </div>
   <div class='ocr_carea' id='block_1_7' title="bbox 149 983 1446 1061">
    <p class='ocr_par' dir='ltr' id='par_1_7' title="bbox 149 983 1446 1061">
     <span class='ocr_line' id='line_1_7' title="bbox 149 983 1446 1061; baseline 0.002 -23"><span class='ocrx_word' id='word_1_35' title='bbox 149 988 404 1059; x_wconf 83' lang='grc' dir='ltr'>Ἠμερῶν</span> <span class='ocrx_word' id='word_1_36' title='bbox 436 987 618 1061; x_wconf 77' lang='grc' dir='ltr'>ψῆφον</span> <span class='ocrx_word' id='word_1_37' title='bbox 650 985 836 1039; x_wconf 79' lang='grc' dir='ltr'>έκατὸν</span> <span class='ocrx_word' id='word_1_38' title='bbox 870 983 1061 1059; x_wconf 80' lang='grc' dir='ltr'>ἔχουσι</span> <span class='ocrx_word' id='word_1_39' title='bbox 1092 985 1446 1058; x_wconf 79' lang='grc' dir='ltr'><strong>προθεσμίαν.</strong></span> 
     </span>
    </p>
   </div>
   <div class='ocr_carea' id='block_1_8' title="bbox 153 1069 1458 1148">
    <p class='ocr_par' dir='ltr' id='par_1_8' title="bbox 153 1069 1458 1148">
     <span class='ocr_line' id='line_1_8' title="bbox 153 1069 1458 1148; baseline 0.001 -21"><span class='ocrx_word' id='word_1_40' title='bbox 153 1075 429 1146; x_wconf 83' lang='grc' dir='ltr'>Τέσσαρας</span> <span class='ocrx_word' id='word_1_41' title='bbox 462 1080 631 1144; x_wconf 82' lang='grc' dir='ltr'>μῆνας</span> <span class='ocrx_word' id='word_1_42' title='bbox 661 1069 881 1147; x_wconf 80' lang='grc' dir='ltr'>ἔχουσιν</span> <span class='ocrx_word' id='word_1_43' title='bbox 911 1075 962 1128; x_wconf 80' lang='grc' dir='ltr'>οἱ</span> <span class='ocrx_word' id='word_1_44' title='bbox 991 1076 1458 1148; x_wconf 80' lang='grc' dir='ltr'>κατακεκριμένοι,</span> 
     </span>
    </p>
   </div>
   <div class='ocr_carea' id='block_1_9' title="bbox 153 1162 1482 1237">
    <p class='ocr_par' dir='ltr' id='par_1_9' title="bbox 153 1162 1482 1237">
     <span class='ocr_line' id='line_1_9' title="bbox 153 1162 1482 1237; baseline 0 -19"><span class='ocrx_word' id='word_1_45' title='bbox 153 1164 376 1218; x_wconf 82' lang='grc' dir='ltr'>Ἕνεκεν</span> <span class='ocrx_word' id='word_1_46' title='bbox 410 1162 768 1237; x_wconf 71' lang='grc' dir='ltr'><strong>ὑπερθέσεως,</strong></span> <span class='ocrx_word' id='word_1_47' title='bbox 802 1162 893 1218; x_wconf 83' lang='grc' dir='ltr'><strong>καὶ</strong></span> <span class='ocrx_word' id='word_1_48' title='bbox 924 1166 1059 1218; x_wconf 81' lang='grc' dir='ltr'><strong>κατὰ</strong></span> <span class='ocrx_word' id='word_1_49' title='bbox 1086 1168 1253 1218; x_wconf 78' lang='grc' dir='ltr'>ταῦτα</span> <span class='ocrx_word' id='word_1_50' title='bbox 1281 1165 1482 1226; x_wconf 77' lang='grc' dir='ltr'><strong>τόπους</strong></span> 
     </span>
    </p>
   </div>
   <div class='ocr_carea' id='block_1_10' title="bbox 152 1246 1456 1324">
    <p class='ocr_par' dir='ltr' id='par_1_10' title="bbox 152 1246 1456 1324">
     <span class='ocr_line' id='line_1_10' title="bbox 152 1246 1456 1324; baseline 0.004 -21"><span class='ocrx_word' id='word_1_51' title='bbox 152 1246 375 1304; x_wconf 79' lang='grc' dir='ltr'>Διδοῦσι</span> <span class='ocrx_word' id='word_1_52' title='bbox 411 1255 528 1311; x_wconf 88' lang='grc' dir='ltr'>τοῖς</span> <span class='ocrx_word' id='word_1_53' title='bbox 557 1250 838 1324; x_wconf 84' lang='grc' dir='ltr'>ἐνάγουσιν</span> <span class='ocrx_word' id='word_1_54' title='bbox 872 1250 1272 1319; x_wconf 84' lang='grc' dir='ltr'>ἐκατονταίους,</span> <span class='ocrx_word' id='word_1_55' title='bbox 1309 1252 1456 1322; x_wconf 77' lang='grc' dir='ltr'>ἄναξ.</span> 
     </span>
    </p>
   </div>
   <div class='ocr_carea' id='block_1_11' title="bbox 152 1336 1289 1421">
    <p class='ocr_par' dir='ltr' id='par_1_11' title="bbox 152 1336 1289 1421">
     <span class='ocr_line' id='line_1_11' title="bbox 152 1336 1289 1421; baseline 0 -23"><span class='ocrx_word' id='word_1_56' title='bbox 152 1343 213 1398; x_wconf 85' lang='grc' dir='ltr'><strong>Ἡ</strong></span> <span class='ocrx_word' id='word_1_57' title='bbox 247 1336 589 1416; x_wconf 76' lang='grc' dir='ltr'>ῥεδιϐιτόρια</span> <span class='ocrx_word' id='word_1_58' title='bbox 620 1340 677 1396; x_wconf 81' lang='grc' dir='ltr'>δὲ</span> <span class='ocrx_word' id='word_1_59' title='bbox 702 1342 916 1417; x_wconf 71' lang='grc' dir='ltr'>ἀγωγή,</span> <span class='ocrx_word' id='word_1_60' title='bbox 951 1345 1289 1421; x_wconf 79' lang='grc' dir='ltr'>Στεφηφόρε,</span> 
     </span>
    </p>
   </div>
   <div class='ocr_carea' id='block_1_12' title="bbox 151 1431 1589 1508">
    <p class='ocr_par' dir='ltr' id='par_1_12' title="bbox 151 1431 1589 1508">
     <span class='ocr_line' id='line_1_12' title="bbox 151 1431 1589 1508; baseline 0.004 -26"><span class='ocrx_word' id='word_1_61' title='bbox 151 1433 312 1483; x_wconf 86' lang='grc' dir='ltr'>’Ἡτοι</span> <span class='ocrx_word' id='word_1_62' title='bbox 345 1433 380 1498; x_wconf 80' lang='grc' dir='ltr'>ἡ</span> <span class='ocrx_word' id='word_1_63' title='bbox 412 1431 813 1504; x_wconf 69' lang='grc' dir='ltr'><strong>ἀναστρέφουσα</strong></span> <span class='ocrx_word' id='word_1_64' title='bbox 841 1437 1070 1506; x_wconf 82' lang='grc' dir='ltr'>πρᾶγμα</span> <span class='ocrx_word' id='word_1_65' title='bbox 1097 1433 1159 1486; x_wconf 89' lang='grc' dir='ltr'>τὸ</span> <span class='ocrx_word' id='word_1_66' title='bbox 1188 1432 1589 1508; x_wconf 80' lang='grc' dir='ltr'><strong>πεπραγμένον,</strong></span> 
     </span>
    </p>
   </div>
   <div class='ocr_carea' id='block_1_13' title="bbox 159 1516 1485 1589">
    <p class='ocr_par' dir='ltr' id='par_1_13' title="bbox 159 1516 1485 1589">
     <span class='ocr_line' id='line_1_13' title="bbox 159 1516 1485 1589; baseline 0.003 -14"><span class='ocrx_word' id='word_1_67' title='bbox 159 1521 371 1588; x_wconf 83' lang='grc' dir='ltr'>Μητῶν</span> <span class='ocrx_word' id='word_1_68' title='bbox 400 1516 454 1589; x_wconf 74' lang='grc' dir='ltr'><strong>ἓξ</strong></span> <span class='ocrx_word' id='word_1_69' title='bbox 485 1521 696 1582; x_wconf 81' lang='grc' dir='ltr'>πάντως</span> <span class='ocrx_word' id='word_1_70' title='bbox 725 1517 918 1576; x_wconf 78' lang='grc' dir='ltr'>ἔσωθεν</span> <span class='ocrx_word' id='word_1_71' title='bbox 951 1528 1178 1576; x_wconf 89' lang='grc' dir='ltr'>κινεῖται</span> <span class='ocrx_word' id='word_1_72' title='bbox 1208 1521 1485 1580; x_wconf 82' lang='grc' dir='ltr'>ούτιλίων.</span> 
     </span>
    </p>
   </div>
   <div class='ocr_carea' id='block_1_14' title="bbox 152 1607 1524 1684">
    <p class='ocr_par' dir='ltr' id='par_1_14' title="bbox 152 1607 1524 1684">
     <span class='ocr_line' id='line_1_14' title="bbox 152 1607 1524 1684; baseline 0.004 -23"><span class='ocrx_word' id='word_1_73' title='bbox 152 1607 252 1661; x_wconf 63' lang='grc' dir='ltr'><strong>Καδ</strong></span> <span class='ocrx_word' id='word_1_74' title='bbox 288 1609 322 1676; x_wconf 83' lang='grc' dir='ltr'><strong>ἡ</strong></span> <span class='ocrx_word' id='word_1_75' title='bbox 356 1612 581 1680; x_wconf 74' lang='grc' dir='ltr'>μειοῦσα</span> <span class='ocrx_word' id='word_1_76' title='bbox 609 1609 827 1681; x_wconf 85' lang='grc' dir='ltr'>τίμημα</span> <span class='ocrx_word' id='word_1_77' title='bbox 859 1610 1046 1684; x_wconf 85' lang='grc' dir='ltr'>ἀγωγή</span> <span class='ocrx_word' id='word_1_78' title='bbox 1079 1615 1176 1666; x_wconf 73' lang='grc' dir='ltr'>τοῦ</span> <span class='ocrx_word' id='word_1_79' title='bbox 1208 1611 1524 1684; x_wconf 90' lang='grc' dir='ltr'>πραθέντος,</span> 
     </span>
    </p>
   </div>
   <div class='ocr_carea' id='block_1_15' title="bbox 151 1696 1462 1772">
    <p class='ocr_par' dir='ltr' id='par_1_15' title="bbox 151 1696 1462 1772">
     <span class='ocr_line' id='line_1_15' title="bbox 151 1696 1462 1772; baseline 0.002 -19"><span class='ocrx_word' id='word_1_80' title='bbox 151 1699 286 1758; x_wconf 83' lang='grc' dir='ltr'>Τοῖς</span> <span class='ocrx_word' id='word_1_81' title='bbox 318 1696 372 1767; x_wconf 77' lang='grc' dir='ltr'><strong>’ἐξ</strong></span> <span class='ocrx_word' id='word_1_82' title='bbox 398 1697 764 1771; x_wconf 78' lang='grc' dir='ltr'>περιορίζιται</span> <span class='ocrx_word' id='word_1_83' title='bbox 799 1699 966 1770; x_wconf 81' lang='grc' dir='ltr'>μησὶν</span> <span class='ocrx_word' id='word_1_84' title='bbox 998 1699 1073 1762; x_wconf 79' lang='grc' dir='ltr'>εἷς</span> <span class='ocrx_word' id='word_1_85' title='bbox 1101 1701 1462 1772; x_wconf 56' lang='grc' dir='ltr'>προθεσμίαν</span> 
     </span>
    </p>
   </div>
   <div class='ocr_carea' id='block_1_16' title="bbox 150 1781 1595 1864">
    <p class='ocr_par' dir='ltr' id='par_1_16' title="bbox 150 1781 1595 1864">
     <span class='ocr_line' id='line_1_16' title="bbox 150 1781 1595 1864; baseline 0.002 -22"><span class='ocrx_word' id='word_1_86' title='bbox 150 1785 218 1842; x_wconf 80' lang='grc' dir='ltr'><strong>Εἰ</strong></span> <span class='ocrx_word' id='word_1_87' title='bbox 254 1781 301 1839; x_wconf 86' lang='grc' dir='ltr'>δ’</span> <span class='ocrx_word' id='word_1_88' title='bbox 335 1785 363 1839; x_wconf 85' lang='grc' dir='ltr'>ὁ</span> <span class='ocrx_word' id='word_1_89' title='bbox 394 1785 660 1856; x_wconf 70' lang='grc' dir='ltr'>πωλήσας</span> <span class='ocrx_word' id='word_1_90' title='bbox 687 1787 749 1841; x_wconf 86' lang='grc' dir='ltr'>τὸ</span> <span class='ocrx_word' id='word_1_91' title='bbox 780 1787 978 1862; x_wconf 66' lang='grc' dir='ltr'>πραθὲν</span> <span class='ocrx_word' id='word_1_92' title='bbox 1013 1789 1304 1862; x_wconf 85' lang='grc' dir='ltr'>ἀντιφωνεῖ</span> <span class='ocrx_word' id='word_1_93' title='bbox 1338 1784 1595 1864; x_wconf 78' lang='grc' dir='ltr'>βεϐαίως,</span> 
     </span>
    </p>
   </div>
   <div class='ocr_carea' id='block_1_17' title="bbox 150 1873 1320 1950">
    <p class='ocr_par' dir='ltr' id='par_1_17' title="bbox 150 1873 1320 1950">
     <span class='ocr_line' id='line_1_17' title="bbox 150 1873 1320 1950; baseline 0.003 -19"><span class='ocrx_word' id='word_1_94' title='bbox 150 1875 361 1949; x_wconf 86' lang='grc' dir='ltr'>Χρόνος</span> <span class='ocrx_word' id='word_1_95' title='bbox 396 1876 424 1928; x_wconf 98' lang='lat'><strong>6</strong></span> <span class='ocrx_word' id='word_1_96' title='bbox 459 1873 726 1937; x_wconf 70' lang='grc' dir='ltr'>ἐνιαύσιος</span> <span class='ocrx_word' id='word_1_97' title='bbox 755 1876 857 1930; x_wconf 88' lang='grc' dir='ltr'><strong>ούκ</strong></span> <span class='ocrx_word' id='word_1_98' title='bbox 887 1874 962 1930; x_wconf 81' lang='grc' dir='ltr'>ἔτι</span> <span class='ocrx_word' id='word_1_99' title='bbox 994 1877 1320 1950; x_wconf 69' lang='grc' dir='ltr'>περαιτέρω.</span> 
     </span>
    </p>
   </div>
   <div class='ocr_carea' id='block_1_18' title="bbox 146 1964 1460 2043">
    <p class='ocr_par' dir='ltr' id='par_1_18' title="bbox 146 1964 1460 2043">
     <span class='ocr_line' id='line_1_18' title="bbox 146 1964 1460 2043; baseline 0.001 -22"><span class='ocrx_word' id='word_1_100' title='bbox 146 1965 433 2028; x_wconf 82' lang='grc' dir='ltr'>Ἐνιαυτὸς</span> <span class='ocrx_word' id='word_1_101' title='bbox 463 1967 766 2043; x_wconf 78' lang='grc' dir='ltr'>ἀφώρισται</span> <span class='ocrx_word' id='word_1_102' title='bbox 799 1970 867 2040; x_wconf 82' lang='grc' dir='ltr'><strong>τῇ</strong></span> <span class='ocrx_word' id='word_1_103' title='bbox 901 1964 1044 2022; x_wconf 81' lang='grc' dir='ltr'>δόσει</span> <span class='ocrx_word' id='word_1_104' title='bbox 1075 1973 1172 2022; x_wconf 77' lang='grc' dir='ltr'>τοῦ</span> <span class='ocrx_word' id='word_1_105' title='bbox 1204 1965 1460 2042; x_wconf 86' lang='grc' dir='ltr'>λεγάτου,</span> 
     </span>
    </p>
   </div>
   <div class='ocr_carea' id='block_1_19' title="bbox 145 2051 1499 2130">
    <p class='ocr_par' dir='ltr' id='par_1_19' title="bbox 145 2051 1499 2130">
     <span class='ocr_line' id='line_1_19' title="bbox 145 2051 1499 2130; baseline 0.003 -20"><span class='ocrx_word' id='word_1_106' title='bbox 145 2055 324 2130; x_wconf 76' lang='grc' dir='ltr'>’Ὁπερ</span> <span class='ocrx_word' id='word_1_107' title='bbox 352 2075 436 2116; x_wconf 93' lang='grc' dir='ltr'><strong>τις</strong></span> <span class='ocrx_word' id='word_1_108' title='bbox 468 2053 866 2110; x_wconf 71' lang='grc' dir='ltr'>καταλέλοιπεν</span> <span class='ocrx_word' id='word_1_109' title='bbox 902 2055 978 2120; x_wconf 78' lang='grc' dir='ltr'>εἷς</span> <span class='ocrx_word' id='word_1_110' title='bbox 1003 2051 1296 2129; x_wconf 69' lang='grc' dir='ltr'>σεϐάσμιον</span> <span class='ocrx_word' id='word_1_111' title='bbox 1331 2058 1499 2116; x_wconf 76' lang='grc' dir='ltr'>οἶκον.</span> 
     </span>
    </p>
   </div>
   <div class='ocr_carea' id='block_1_20' title="bbox 145 2142 1318 2219">
    <p class='ocr_par' dir='ltr' id='par_1_20' title="bbox 145 2142 1318 2219">
     <span class='ocr_line' id='line_1_20' title="bbox 145 2142 1318 2219; baseline 0.002 -20"><span class='ocrx_word' id='word_1_112' title='bbox 145 2143 430 2206; x_wconf 72' lang='grc' dir='ltr'>Ἐνιαυτός</span> <span class='ocrx_word' id='word_1_113' title='bbox 459 2142 762 2218; x_wconf 74' lang='grc' dir='ltr'>ἀφώρισται</span> <span class='ocrx_word' id='word_1_114' title='bbox 793 2150 872 2217; x_wconf 78' lang='grc' dir='ltr'><strong>τῷ</strong></span> <span class='ocrx_word' id='word_1_115' title='bbox 907 2145 1318 2219; x_wconf 82' lang='grc' dir='ltr'>ἀντιτιθεμένῳ,</span> 
     </span>
    </p>
   </div>
   <div class='ocr_carea' id='block_1_21' title="bbox 147 2233 1440 2311">
    <p class='ocr_par' dir='ltr' id='par_1_21' title="bbox 147 2233 1440 2311">
     <span class='ocr_line' id='line_1_21' title="bbox 147 2233 1440 2311; baseline 0.002 -23"><span class='ocrx_word' id='word_1_116' title='bbox 147 2233 304 2288; x_wconf 79' lang='grc' dir='ltr'>Μετὰ</span> <span class='ocrx_word' id='word_1_117' title='bbox 332 2234 590 2288; x_wconf 82' lang='grc' dir='ltr'>συνοίκου</span> <span class='ocrx_word' id='word_1_118' title='bbox 618 2233 904 2304; x_wconf 79' lang='grc' dir='ltr'>τελευτὴν,</span> <span class='ocrx_word' id='word_1_119' title='bbox 933 2234 1057 2310; x_wconf 81' lang='grc' dir='ltr'>περὶ</span> <span class='ocrx_word' id='word_1_120' title='bbox 1088 2235 1440 2311; x_wconf 87' lang='grc' dir='ltr'>ἀναργυρίας,</span> 
     </span>
    </p>
   </div>
   <div class='ocr_carea' id='block_1_22' title="bbox 144 2321 1732 2404">
    <p class='ocr_par' dir='ltr' id='par_1_22' title="bbox 144 2321 1732 2404">
     <span class='ocr_line' id='line_1_22' title="bbox 144 2321 1732 2404; baseline 0.004 -27"><span class='ocrx_word' id='word_1_121' title='bbox 144 2321 598 2397; x_wconf 71' lang='grc' dir='ltr'>Ἀντεγοιαλοῦντι</span> <span class='ocrx_word' id='word_1_122' title='bbox 630 2329 734 2392; x_wconf 77' lang='grc' dir='ltr'><strong>τῆς</strong></span> <span class='ocrx_word' id='word_1_123' title='bbox 763 2326 989 2396; x_wconf 86' lang='grc' dir='ltr'>προικὸς</span> <span class='ocrx_word' id='word_1_124' title='bbox 1012 2325 1150 2398; x_wconf 88' lang='grc' dir='ltr'>πρὸς</span> <span class='ocrx_word' id='word_1_125' title='bbox 1179 2325 1271 2380; x_wconf 90' lang='grc' dir='ltr'><strong>τὸν</strong></span> <span class='ocrx_word' id='word_1_126' title='bbox 1305 2332 1732 2404; x_wconf 79' lang='grc' dir='ltr'>κατηγοροῦντα.</span> 
     </span>
    </p>
   </div>
   <div class='ocr_carea' id='block_1_23' title="bbox 141 2409 1434 2487">
    <p class='ocr_par' dir='ltr' id='par_1_23' title="bbox 141 2409 1434 2487">
     <span class='ocr_line' id='line_1_23' title="bbox 141 2409 1434 2487; baseline 0.001 -19"><span class='ocrx_word' id='word_1_127' title='bbox 141 2411 206 2468; x_wconf 74' lang='grc' dir='ltr'>Ὀ</span> <span class='ocrx_word' id='word_1_128' title='bbox 240 2409 298 2466; x_wconf 75' lang='grc' dir='ltr'>δὲ</span> <span class='ocrx_word' id='word_1_129' title='bbox 330 2412 470 2485; x_wconf 85' lang='grc' dir='ltr'>μέγα</span> <span class='ocrx_word' id='word_1_130' title='bbox 500 2410 756 2486; x_wconf 74' lang='grc' dir='ltr'>ἔγκλημα</span> <span class='ocrx_word' id='word_1_131' title='bbox 786 2413 1114 2487; x_wconf 77' lang='grc' dir='ltr'>ζητούμενος</span> <span class='ocrx_word' id='word_1_132' title='bbox 1146 2413 1223 2478; x_wconf 86' lang='grc' dir='ltr'><strong>είς</strong></span> <span class='ocrx_word' id='word_1_133' title='bbox 1253 2413 1434 2484; x_wconf 86' lang='grc' dir='ltr'>δίκην,</span> 
     </span>
    </p>
   </div>
   <div class='ocr_carea' id='block_1_24' title="bbox 144 2499 1411 2575">
    <p class='ocr_par' dir='ltr' id='par_1_24' title="bbox 144 2499 1411 2575">
     <span class='ocr_line' id='line_1_24' title="bbox 144 2499 1411 2575; baseline 0.002 -19"><span class='ocrx_word' id='word_1_134' title='bbox 144 2499 213 2556; x_wconf 69' lang='grc' dir='ltr'><strong>Εἴ</strong></span> <span class='ocrx_word' id='word_1_135' title='bbox 241 2503 319 2572; x_wconf 82' lang='grc' dir='ltr'>μή</span> <span class='ocrx_word' id='word_1_136' title='bbox 353 2500 500 2562; x_wconf 80' lang='grc' dir='ltr'>ἐντὸς</span> <span class='ocrx_word' id='word_1_137' title='bbox 532 2500 778 2556; x_wconf 70' lang='grc' dir='ltr'>ἐνιαυτοῦ</span> <span class='ocrx_word' id='word_1_138' title='bbox 811 2503 1060 2575; x_wconf 79' lang='grc' dir='ltr'>νομίμως</span> <span class='ocrx_word' id='word_1_139' title='bbox 1094 2504 1411 2575; x_wconf 82' lang='grc' dir='ltr'>ἀπαιτήσοι,</span> 
     </span>
    </p>
   </div>
   <div class='ocr_carea' id='block_1_25' title="bbox 145 2585 1392 2670">
    <p class='ocr_par' dir='ltr' id='par_1_25' title="bbox 145 2585 1392 2670">
     <span class='ocr_line' id='line_1_25' title="bbox 145 2585 1392 2670; baseline 0.006 -27"><span class='ocrx_word' id='word_1_140' title='bbox 145 2590 278 2664; x_wconf 84' lang='grc' dir='ltr'><strong>Περί</strong></span> <span class='ocrx_word' id='word_1_141' title='bbox 313 2589 498 2652; x_wconf 83' lang='grc' dir='ltr'>οὐσίας</span> <span class='ocrx_word' id='word_1_142' title='bbox 527 2585 795 2646; x_wconf 85' lang='grc' dir='ltr'>ἔκπτωσιν</span> <span class='ocrx_word' id='word_1_143' title='bbox 830 2592 1110 2670; x_wconf 75' lang='grc' dir='ltr'>ὑφίσταται</span> <span class='ocrx_word' id='word_1_144' title='bbox 1144 2591 1392 2655; x_wconf 78' lang='grc' dir='ltr'>δικαίως.</span> 
     </span>
    </p>
   </div>
   <div class='ocr_carea' id='block_1_26' title="bbox 137 2678 1552 2758">
    <p class='ocr_par' dir='ltr' id='par_1_26' title="bbox 137 2678 1552 2758">
     <span class='ocr_line' id='line_1_26' title="bbox 137 2678 1552 2758; baseline 0.004 -24"><span class='ocrx_word' id='word_1_145' title='bbox 137 2679 204 2734; x_wconf 81' lang='grc' dir='ltr'><strong>Ἠ</strong></span> <span class='ocrx_word' id='word_1_146' title='bbox 235 2678 376 2733; x_wconf 72' lang='grc' dir='ltr'>κατὰ</span> <span class='ocrx_word' id='word_1_147' title='bbox 405 2684 502 2734; x_wconf 81' lang='grc' dir='ltr'><strong>τοῦ</strong></span> <span class='ocrx_word' id='word_1_148' title='bbox 536 2679 874 2754; x_wconf 77' lang='grc' dir='ltr'>ἁρπάσαντος</span> <span class='ocrx_word' id='word_1_149' title='bbox 905 2681 1089 2757; x_wconf 73' lang='grc' dir='ltr'>ἀγωγὴ</span> <span class='ocrx_word' id='word_1_150' title='bbox 1124 2683 1353 2758; x_wconf 74' lang='grc' dir='ltr'>πραγμα</span> <span class='ocrx_word' id='word_1_151' title='bbox 1382 2682 1552 2757; x_wconf 78' lang='grc' dir='ltr'>ξένον,</span> 
     </span>
    </p>
   </div>
   <div class='ocr_carea' id='block_1_27' title="bbox 141 2765 1431 2847">
    <p class='ocr_par' dir='ltr' id='par_1_27' title="bbox 141 2765 1431 2847">
     <span class='ocr_line' id='line_1_27' title="bbox 141 2765 1431 2847; baseline 0.004 -25"><span class='ocrx_word' id='word_1_152' title='bbox 141 2767 212 2822; x_wconf 85' lang='grc' dir='ltr'>Ἣ</span> <span class='ocrx_word' id='word_1_153' title='bbox 247 2767 354 2820; x_wconf 83' lang='grc' dir='ltr'><strong>ἀπὸ</strong></span> <span class='ocrx_word' id='word_1_154' title='bbox 385 2765 720 2841; x_wconf 78' lang='grc' dir='ltr'>ἐμπρησμοῦ</span> <span class='ocrx_word' id='word_1_155' title='bbox 747 2790 918 2839; x_wconf 90' lang='grc' dir='ltr'>τινος,</span> <span class='ocrx_word' id='word_1_156' title='bbox 949 2769 984 2839; x_wconf 75' lang='grc' dir='ltr'><strong>ἢ</strong></span> <span class='ocrx_word' id='word_1_157' title='bbox 1019 2769 1122 2825; x_wconf 89' lang='grc' dir='ltr'>ἀπὸ</span> <span class='ocrx_word' id='word_1_158' title='bbox 1153 2772 1431 2847; x_wconf 83' lang='grc' dir='ltr'>ναυαγίου,</span> 
     </span>
    </p>
   </div>
   <div class='ocr_carea' id='block_1_28' title="bbox 139 2849 1388 2934">
    <p class='ocr_par' dir='ltr' id='par_1_28' title="bbox 139 2849 1388 2934">
     <span class='ocr_line' id='line_1_28' title="bbox 139 2849 1388 2934; baseline 0.004 -24"><span class='ocrx_word' id='word_1_159' title='bbox 139 2849 340 2929; x_wconf 85' lang='grc' dir='ltr'>Χρόνῳ</span> <span class='ocrx_word' id='word_1_160' title='bbox 366 2857 730 2932; x_wconf 82' lang='grc' dir='ltr'>περιορίζεται</span> <span class='ocrx_word' id='word_1_161' title='bbox 760 2862 856 2912; x_wconf 75' lang='grc' dir='ltr'><strong>τοῦ</strong></span> <span class='ocrx_word' id='word_1_162' title='bbox 886 2861 1388 2934; x_wconf 81' lang='grc' dir='ltr'>τετραπλασιάζειν,</span> 
     </span>
    </p>
   </div>
   <div class='ocr_carea' id='block_1_29' title="bbox 135 2945 1478 3026">
    <p class='ocr_par' dir='ltr' id='par_1_29' title="bbox 135 2945 1478 3026">
     <span class='ocr_line' id='line_1_29' title="bbox 135 2945 1478 3026; baseline 0.007 -28"><span class='ocrx_word' id='word_1_163' title='bbox 135 2946 314 3021; x_wconf 84' lang='grc' dir='ltr'>’Ὁπερ</span> <span class='ocrx_word' id='word_1_164' title='bbox 345 2947 500 3008; x_wconf 79' lang='grc' dir='ltr'>οὗτος</span> <span class='ocrx_word' id='word_1_165' title='bbox 530 2947 638 3026; x_wconf 77' lang='grc' dir='ltr'><strong>ἀφή</strong></span> <span class='ocrx_word' id='word_1_166' title='bbox 651 2967 847 3022; x_wconf 78' lang='grc' dir='ltr'>ρπασιν</span> <span class='ocrx_word' id='word_1_167' title='bbox 879 2945 1003 3004; x_wconf 80' lang='grc' dir='ltr'>οὐδέ</span> <span class='ocrx_word' id='word_1_168' title='bbox 1030 2970 1090 3022; x_wconf 88' lang='grc' dir='ltr'><strong>γε</strong></span> <span class='ocrx_word' id='word_1_169' title='bbox 1119 2952 1478 3025; x_wconf 66' lang='grc' dir='ltr'>περαιτέρως,</span> 
     </span>
    </p>
   </div>
   <div class='ocr_carea' id='block_1_30' title="bbox 140 3031 1618 3113">
    <p class='ocr_par' dir='ltr' id='par_1_30' title="bbox 140 3031 1618 3113">
     <span class='ocr_line' id='line_1_30' title="bbox 140 3031 1618 3113; baseline 0.007 -23"><span class='ocrx_word' id='word_1_170' title='bbox 140 3036 294 3090; x_wconf 68' lang='grc' dir='ltr'>Μετὰ</span> <span class='ocrx_word' id='word_1_171' title='bbox 325 3031 383 3090; x_wconf 73' lang='grc' dir='ltr'>δὲ</span> <span class='ocrx_word' id='word_1_172' title='bbox 412 3037 619 3111; x_wconf 89' lang='grc' dir='ltr'>χρόνου</span> <span class='ocrx_word' id='word_1_173' title='bbox 649 3035 936 3113; x_wconf 69' lang='grc' dir='ltr'>πλήρωσιν</span> <span class='ocrx_word' id='word_1_174' title='bbox 965 3038 1030 3094; x_wconf 85' lang='grc' dir='ltr'>τὸ</span> <span class='ocrx_word' id='word_1_175' title='bbox 1062 3038 1270 3094; x_wconf 81' lang='grc' dir='ltr'>ἁπλοῦν</span> <span class='ocrx_word' id='word_1_176' title='bbox 1304 3041 1618 3100; x_wconf 77' lang='grc' dir='ltr'>ἐκδικεῖται.</span> 
     </span>
    </p>
   </div>
   <div class='ocr_carea' id='block_1_31' title="bbox 139 3125 1570 3206">
    <p class='ocr_par' dir='ltr' id='par_1_31' title="bbox 139 3125 1570 3206">
     <span class='ocr_line' id='line_1_31' title="bbox 139 3125 1570 3206; baseline 0.006 -29"><span class='ocrx_word' id='word_1_177' title='bbox 139 3128 297 3178; x_wconf 77' lang='grc' dir='ltr'>Πᾶσα</span> <span class='ocrx_word' id='word_1_178' title='bbox 326 3127 458 3199; x_wconf 78' lang='grc' dir='ltr'><strong>γονὴ</strong></span> <span class='ocrx_word' id='word_1_179' title='bbox 489 3125 822 3202; x_wconf 81' lang='grc' dir='ltr'>χηρεύουσα,</span> <span class='ocrx_word' id='word_1_180' title='bbox 854 3129 1118 3184; x_wconf 79' lang='grc' dir='ltr'>πενθείτω</span> <span class='ocrx_word' id='word_1_181' title='bbox 1151 3129 1318 3202; x_wconf 89' lang='grc' dir='ltr'>μόνον</span> <span class='ocrx_word' id='word_1_182' title='bbox 1351 3130 1570 3206; x_wconf 76' lang='grc' dir='ltr'>χρόνονο</span> 
     </span>
    </p>
   </div>
   <div class='ocr_carea' id='block_1_32' title="bbox 137 3210 1462 3294">
    <p class='ocr_par' dir='ltr' id='par_1_32' title="bbox 137 3210 1462 3294">
     <span class='ocr_line' id='line_1_32' title="bbox 137 3210 1462 3294; baseline 0.005 -26"><span class='ocrx_word' id='word_1_183' title='bbox 137 3213 204 3268; x_wconf 85' lang='grc' dir='ltr'><strong>Ἡ</strong></span> <span class='ocrx_word' id='word_1_184' title='bbox 233 3211 356 3288; x_wconf 85' lang='grc' dir='ltr'><strong>περί</strong></span> <span class='ocrx_word' id='word_1_185' title='bbox 389 3210 556 3270; x_wconf 82' lang='grc' dir='ltr'>δόλου</span> <span class='ocrx_word' id='word_1_186' title='bbox 589 3216 800 3292; x_wconf 79' lang='grc' dir='ltr'>ἀγωγὴ,</span> <span class='ocrx_word' id='word_1_187' title='bbox 831 3217 1052 3291; x_wconf 85' lang='grc' dir='ltr'>χρόνοις</span> <span class='ocrx_word' id='word_1_188' title='bbox 1083 3219 1307 3294; x_wconf 83' lang='grc' dir='ltr'>ὥρισται</span> <span class='ocrx_word' id='word_1_189' title='bbox 1342 3217 1462 3275; x_wconf 85' lang='grc' dir='ltr'>δύο.</span> 
     </span>
    </p>
   </div>
   <div class='ocr_carea' id='block_1_33' title="bbox 137 3302 1376 3386">
    <p class='ocr_par' dir='ltr' id='par_1_33' title="bbox 137 3302 1376 3386">
     <span class='ocr_line' id='line_1_33' title="bbox 137 3302 1376 3386; baseline 0.005 -28"><span class='ocrx_word' id='word_1_190' title='bbox 137 3304 273 3380; x_wconf 78' lang='grc' dir='ltr'>Περὶ</span> <span class='ocrx_word' id='word_1_191' title='bbox 306 3303 634 3381; x_wconf 90' lang='grc' dir='ltr'>ἀναργυρίας</span> <span class='ocrx_word' id='word_1_192' title='bbox 667 3302 724 3360; x_wconf 79' lang='grc' dir='ltr'>δὲ</span> <span class='ocrx_word' id='word_1_193' title='bbox 753 3307 1240 3386; x_wconf 81' lang='grc' dir='ltr'>παραγραφόμενός</span> <span class='ocrx_word' id='word_1_194' title='bbox 1268 3331 1376 3377; x_wconf 89' lang='grc' dir='ltr'>τις,</span> 
     </span>
    </p>
   </div>
   <div class='ocr_carea' id='block_1_34' title="bbox 138 3388 1413 3472">
    <p class='ocr_par' dir='ltr' id='par_1_34' title="bbox 138 3388 1413 3472">
     <span class='ocr_line' id='line_1_34' title="bbox 138 3388 1413 3472; baseline 0.009 -27"><span class='ocrx_word' id='word_1_195' title='bbox 138 3392 246 3446; x_wconf 76' lang='grc' dir='ltr'>Δύο</span> <span class='ocrx_word' id='word_1_196' title='bbox 275 3388 381 3466; x_wconf 74' lang='grc' dir='ltr'>’ἕξει</span> <span class='ocrx_word' id='word_1_197' title='bbox 416 3395 678 3463; x_wconf 71' lang='grc' dir='ltr'>ωναπτᾶ,</span> <span class='ocrx_word' id='word_1_198' title='bbox 713 3395 788 3460; x_wconf 79' lang='grc' dir='ltr'>ὡς</span> <span class='ocrx_word' id='word_1_199' title='bbox 813 3396 947 3472; x_wconf 84' lang='grc' dir='ltr'>πρὸς</span> <span class='ocrx_word' id='word_1_200' title='bbox 974 3397 1070 3459; x_wconf 73' lang='grc' dir='ltr'><strong>τὰς</strong></span> <span class='ocrx_word' id='word_1_201' title='bbox 1102 3397 1413 3464; x_wconf 73' lang='grc' dir='ltr'>ἀντιθέσεις.</span> 
     </span>
    </p>
   </div>
   <div class='ocr_carea' id='block_1_35' title="bbox 134 3481 1630 3564">
    <p class='ocr_par' dir='ltr' id='par_1_35' title="bbox 134 3481 1630 3564">
     <span class='ocr_line' id='line_1_35' title="bbox 134 3481 1630 3564; baseline 0.006 -29"><span class='ocrx_word' id='word_1_202' title='bbox 134 3481 517 3559; x_wconf 76' lang='grc' dir='ltr'>Ἑμφυτευτής</span> <span class='ocrx_word' id='word_1_203' title='bbox 543 3482 634 3537; x_wconf 79' lang='grc' dir='ltr'><strong>καὶ</strong></span> <span class='ocrx_word' id='word_1_204' title='bbox 679 3486 958 3558; x_wconf 76' lang='grc' dir='ltr'>μισθωτὴς</span> <span class='ocrx_word' id='word_1_205' title='bbox 987 3485 1210 3563; x_wconf 79' lang='grc' dir='ltr'>εύαγοῦς</span> <span class='ocrx_word' id='word_1_206' title='bbox 1237 3488 1406 3564; x_wconf 85' lang='grc' dir='ltr'>τυχὸν</span> <span class='ocrx_word' id='word_1_207' title='bbox 1437 3489 1630 3562; x_wconf 85' lang='grc' dir='ltr'>τόπου,</span> 
     </span>
    </p>
   </div>
   <div class='ocr_carea' id='block_1_36' title="bbox 144 3700 1800 3777">
    <p class='ocr_par' dir='ltr' id='par_1_36' title="bbox 144 3700 1800 3777">
     <span class='ocr_line' id='line_1_36' title="bbox 144 3700 1800 3777; baseline 0.004 -21"><span class='ocrx_word' id='word_1_208' title='bbox 144 3716 276 3756; x_wconf 90' lang='lat' dir='ltr'><strong>cem</strong></span> <span class='ocrx_word' id='word_1_209' title='bbox 313 3700 664 3772; x_wconf 77' lang='lat' dir='ltr'><strong>appellatur.</strong></span> <span class='ocrx_word' id='word_1_210' title='bbox 700 3701 909 3758; x_wconf 84' lang='lat' dir='ltr'><strong>Mulier</strong></span> <span class='ocrx_word' id='word_1_211' title='bbox 941 3702 1096 3759; x_wconf 89' lang='lat' dir='ltr'><strong>intra</strong></span> <span class='ocrx_word' id='word_1_212' title='bbox 1117 3703 1244 3760; x_wconf 91' lang='lat' dir='ltr'><strong>dies</strong></span> <span class='ocrx_word' id='word_1_213' title='bbox 1275 3704 1518 3777; x_wconf 77' lang='lat' dir='ltr'><strong>triginta</strong></span> <span class='ocrx_word' id='word_1_214' title='bbox 1549 3723 1582 3761; x_wconf 91' lang='lat' dir='ltr'><strong>a</strong></span> <span class='ocrx_word' id='word_1_215' title='bbox 1606 3707 1800 3764; x_wconf 88' lang='lat' dir='ltr'><strong>divor-</strong></span> 
     </span>
    </p>
   </div>
   <div class='ocr_carea' id='block_1_37' title="bbox 143 3788 1804 3865">
    <p class='ocr_par' dir='ltr' id='par_1_37' title="bbox 143 3788 1804 3865">
     <span class='ocr_line' id='line_1_37' title="bbox 143 3788 1804 3865; baseline 0.004 -21"><span class='ocrx_word' id='word_1_216' title='bbox 143 3789 472 3857; x_wconf 87' lang='lat' dir='ltr'><strong>tio,marito</strong></span> <span class='ocrx_word' id='word_1_217' title='bbox 495 3788 723 3844; x_wconf 81' lang='lat' dir='ltr'><strong>nuntiet</strong></span> <span class='ocrx_word' id='word_1_218' title='bbox 752 3790 906 3861; x_wconf 92' lang='lat' dir='ltr'><strong>quod</strong></span> <span class='ocrx_word' id='word_1_219' title='bbox 947 3807 1255 3862; x_wconf 77' lang='lat' dir='ltr'><strong>praegnans</strong></span> <span class='ocrx_word' id='word_1_220' title='bbox 1285 3795 1382 3849; x_wconf 87' lang='lat' dir='ltr'><strong>sit.</strong></span> <span class='ocrx_word' id='word_1_221' title='bbox 1407 3795 1542 3851; x_wconf 83' lang='lat' dir='ltr'><strong>Post</strong></span> <span class='ocrx_word' id='word_1_222' title='bbox 1571 3800 1804 3865; x_wconf 82' lang='lat' dir='ltr'><strong>apertas</strong></span> 
     </span>
    </p>
   </div>
   <div class='ocr_carea' id='block_1_38' title="bbox 142 3878 1802 3948">
    <p class='ocr_par' dir='ltr' id='par_1_38' title="bbox 142 3878 1802 3948">
     <span class='ocr_line' id='line_1_38' title="bbox 142 3878 1802 3948; baseline 0.004 -16"><span class='ocrx_word' id='word_1_223' title='bbox 142 3878 493 3934; x_wconf 75' lang='lat' dir='ltr'><strong>testamenti</strong></span> <span class='ocrx_word' id='word_1_224' title='bbox 519 3878 772 3948; x_wconf 81' lang='lat' dir='ltr'><strong>tabulas,</strong></span> <span class='ocrx_word' id='word_1_225' title='bbox 795 3895 828 3933; x_wconf 96' lang='lat' dir='ltr'><strong>o</strong></span> <span class='ocrx_word' id='word_1_226' title='bbox 860 3895 979 3943; x_wconf 85' lang='lat' dir='ltr'><strong>rex,</strong></span> <span class='ocrx_word' id='word_1_227' title='bbox 1010 3880 1190 3937; x_wconf 73' lang='lat' dir='ltr'><strong>baares</strong></span> <span class='ocrx_word' id='word_1_228' title='bbox 1247 3884 1639 3939; x_wconf 87' lang='lat' dir='ltr'><strong>inventarium</strong></span> <span class='ocrx_word' id='word_1_229' title='bbox 1697 3885 1802 3939; x_wconf 90' lang='lat' dir='ltr'><strong>tri-</strong></span> 
     </span>
    </p>
   </div>
   <div class='ocr_carea' id='block_1_39' title="bbox 137 3966 1804 4041">
    <p class='ocr_par' dir='ltr' id='par_1_39' title="bbox 137 3966 1804 4041">
     <span class='ocr_line' id='line_1_39' title="bbox 137 3966 1804 4041; baseline 0.002 -19"><span class='ocrx_word' id='word_1_230' title='bbox 137 3968 252 4022; x_wconf 84' lang='lat' dir='ltr'><strong>bus</strong></span> <span class='ocrx_word' id='word_1_231' title='bbox 310 3967 617 4022; x_wconf 80' lang='lat' dir='ltr'><strong>mensibus</strong></span> <span class='ocrx_word' id='word_1_232' title='bbox 694 3966 888 4023; x_wconf 79' lang='lat' dir='ltr'><strong>facito.</strong></span> <span class='ocrx_word' id='word_1_233' title='bbox 956 3969 1250 4025; x_wconf 89' lang='lat' dir='ltr'><strong>Bonorum</strong></span> <span class='ocrx_word' id='word_1_234' title='bbox 1331 3972 1804 4041; x_wconf 81' lang='lat' dir='ltr'><strong>possessionibus</strong></span> 
     </span>
    </p>
   </div>
   <div class='ocr_carea' id='block_1_40' title="bbox 136 4055 1803 4128">
    <p class='ocr_par' dir='ltr' id='par_1_40' title="bbox 136 4055 1803 4128">
     <span class='ocr_line' id='line_1_40' title="bbox 136 4055 1803 4128; baseline 0.002 -16"><span class='ocrx_word' id='word_1_235' title='bbox 136 4073 272 4128; x_wconf 74' lang='lat' dir='ltr'><strong>quae</strong></span> <span class='ocrx_word' id='word_1_236' title='bbox 306 4055 658 4127; x_wconf 81' lang='lat' dir='ltr'><strong>propinquis</strong></span> <span class='ocrx_word' id='word_1_237' title='bbox 685 4073 720 4112; x_wconf 90' lang='lat' dir='ltr'><strong>a</strong></span> <span class='ocrx_word' id='word_1_238' title='bbox 749 4055 928 4113; x_wconf 82' lang='lat' dir='ltr'><strong>latere</strong></span> <span class='ocrx_word' id='word_1_239' title='bbox 985 4058 1355 4125; x_wconf 76' lang='lat' dir='ltr'><strong>deferuntur,</strong></span> <span class='ocrx_word' id='word_1_240' title='bbox 1391 4066 1624 4116; x_wconf 84' lang='lat' dir='ltr'><strong>centum</strong></span> <span class='ocrx_word' id='word_1_241' title='bbox 1677 4061 1803 4116; x_wconf 87' lang='lat' dir='ltr'><strong>dies</strong></span> 
     </span>
    </p>
   </div>
   <div class='ocr_carea' id='block_1_41' title="bbox 135 4144 1806 4221">
    <p class='ocr_par' dir='ltr' id='par_1_41' title="bbox 135 4144 1806 4221">
     <span class='ocr_line' id='line_1_41' title="bbox 135 4144 1806 4221; baseline 0.002 -21"><span class='ocrx_word' id='word_1_242' title='bbox 135 4144 354 4200; x_wconf 75' lang='lat' dir='ltr'><strong>statuti</strong></span> <span class='ocrx_word' id='word_1_243' title='bbox 406 4151 564 4199; x_wconf 91' lang='lat' dir='ltr'><strong>sunt.</strong></span> <span class='ocrx_word' id='word_1_244' title='bbox 595 4144 979 4200; x_wconf 87' lang='lat' dir='ltr'><strong>Condemnati</strong></span> <span class='ocrx_word' id='word_1_245' title='bbox 1015 4146 1316 4204; x_wconf 79' lang='lat' dir='ltr'><strong>dilationis</strong></span> <span class='ocrx_word' id='word_1_246' title='bbox 1346 4165 1524 4204; x_wconf 89' lang='lat' dir='ltr'><strong>causa</strong></span> <span class='ocrx_word' id='word_1_247' title='bbox 1554 4155 1806 4221; x_wconf 82' lang='lat' dir='ltr'><strong>quatuor</strong></span> 
     </span>
    </p>
   </div>
   <div class='ocr_carea' id='block_1_42' title="bbox 135 4232 1804 4306">
    <p class='ocr_par' dir='ltr' id='par_1_42' title="bbox 135 4232 1804 4306">
     <span class='ocr_line' id='line_1_42' title="bbox 135 4232 1804 4306; baseline 0.004 -18"><span class='ocrx_word' id='word_1_248' title='bbox 135 4249 378 4288; x_wconf 89' lang='lat' dir='ltr'><strong>menses</strong></span> <span class='ocrx_word' id='word_1_249' title='bbox 405 4232 626 4287; x_wconf 86' lang='lat' dir='ltr'><strong>habent</strong></span> <span class='ocrx_word' id='word_1_250' title='bbox 659 4251 671 4289; x_wconf 95' lang='lat'>:</span> <span class='ocrx_word' id='word_1_251' title='bbox 706 4233 928 4304; x_wconf 89' lang='lat' dir='ltr'><strong>quibus</strong></span> <span class='ocrx_word' id='word_1_252' title='bbox 955 4234 1172 4306; x_wconf 81' lang='lat' dir='ltr'><strong>elapsis</strong></span> <span class='ocrx_word' id='word_1_253' title='bbox 1205 4254 1419 4292; x_wconf 89' lang='lat' dir='ltr'><strong>usuras</strong></span> <span class='ocrx_word' id='word_1_254' title='bbox 1450 4239 1804 4294; x_wconf 81' lang='lat' dir='ltr'><strong>centesimas</strong></span> 
     </span>
    </p>
   </div>
   <div class='ocr_carea' id='block_1_43' title="bbox 133 4322 1799 4399">
    <p class='ocr_par' dir='ltr' id='par_1_43' title="bbox 133 4322 1799 4399">
     <span class='ocr_line' id='line_1_43' title="bbox 133 4322 1799 4399; baseline 0.004 -23"><span class='ocrx_word' id='word_1_255' title='bbox 133 4322 445 4376; x_wconf 86' lang='lat' dir='ltr'><strong>actoribus</strong></span> <span class='ocrx_word' id='word_1_256' title='bbox 467 4322 725 4387; x_wconf 90' lang='lat' dir='ltr'><strong>solvunt,</strong></span> <span class='ocrx_word' id='word_1_257' title='bbox 761 4323 924 4378; x_wconf 84' lang='lat' dir='ltr'><strong>Actio</strong></span> <span class='ocrx_word' id='word_1_258' title='bbox 957 4323 1364 4393; x_wconf 85' lang='lat' dir='ltr'><strong>redhibitoria,</strong></span> <span class='ocrx_word' id='word_1_259' title='bbox 1398 4344 1430 4382; x_wconf 93' lang='grc' dir='ltr'>ο</span> <span class='ocrx_word' id='word_1_260' title='bbox 1464 4328 1799 4399; x_wconf 83' lang='lat' dir='ltr'><strong>imperator,</strong></span> 
     </span>
    </p>
   </div>
   <div class='ocr_carea' id='block_1_44' title="bbox 133 4412 1805 4483">
    <p class='ocr_par' dir='ltr' id='par_1_44' title="bbox 133 4412 1805 4483">
     <span class='ocr_line' id='line_1_44' title="bbox 133 4412 1805 4483; baseline 0.005 -18"><span class='ocrx_word' id='word_1_261' title='bbox 133 4427 270 4483; x_wconf 69' lang='lat' dir='ltr'><strong>qua</strong></span> <span class='ocrx_word' id='word_1_262' title='bbox 326 4427 447 4466; x_wconf 87' lang='lat' dir='ltr'><strong>rem</strong></span> <span class='ocrx_word' id='word_1_263' title='bbox 509 4412 806 4466; x_wconf 77' lang='lat' dir='ltr'><strong>venditem</strong></span> <span class='ocrx_word' id='word_1_264' title='bbox 849 4413 1133 4478; x_wconf 81' lang='lat' dir='ltr'><strong>restituit,</strong></span> <span class='ocrx_word' id='word_1_265' title='bbox 1193 4417 1436 4471; x_wconf 87' lang='lat' dir='ltr'><strong>omnino</strong></span> <span class='ocrx_word' id='word_1_266' title='bbox 1489 4417 1644 4471; x_wconf 85' lang='lat' dir='ltr'><strong>intra</strong></span> <span class='ocrx_word' id='word_1_267' title='bbox 1704 4435 1805 4473; x_wconf 81' lang='lat' dir='ltr'><strong>sex</strong></span> 
     </span>
    </p>
   </div>
   <div class='ocr_carea' id='block_1_45' title="bbox 132 4499 1802 4576">
    <p class='ocr_par' dir='ltr' id='par_1_45' title="bbox 132 4499 1802 4576">
     <span class='ocr_line' id='line_1_45' title="bbox 132 4499 1802 4576; baseline 0.004 -20"><span class='ocrx_word' id='word_1_268' title='bbox 132 4515 380 4556; x_wconf 86' lang='lat' dir='ltr'><strong>menses</strong></span> <span class='ocrx_word' id='word_1_269' title='bbox 440 4499 614 4555; x_wconf 84' lang='lat' dir='ltr'><strong>utiles</strong></span> <span class='ocrx_word' id='word_1_270' title='bbox 676 4506 965 4556; x_wconf 87' lang='lat' dir='ltr'><strong>movetur.</strong></span> <span class='ocrx_word' id='word_1_271' title='bbox 1025 4503 1189 4558; x_wconf 87' lang='lat' dir='ltr'><strong>Actio</strong></span> <span class='ocrx_word' id='word_1_272' title='bbox 1247 4521 1377 4574; x_wconf 71' lang='lat' dir='ltr'><strong>quae</strong></span> <span class='ocrx_word' id='word_1_273' title='bbox 1429 4506 1678 4576; x_wconf 88' lang='lat' dir='ltr'><strong>pretium</strong></span> <span class='ocrx_word' id='word_1_274' title='bbox 1723 4509 1802 4562; x_wconf 86' lang='lat' dir='ltr'><strong>rei</strong></span> 
     </span>
    </p>
   </div>
   <div class='ocr_carea' id='block_1_46' title="bbox 128 4589 1802 4663">
    <p class='ocr_par' dir='ltr' id='par_1_46' title="bbox 128 4589 1802 4663">
     <span class='ocr_line' id='line_1_46' title="bbox 128 4589 1802 4663; baseline 0.002 -17"><span class='ocrx_word' id='word_1_275' title='bbox 128 4590 389 4646; x_wconf 65' lang='lat' dir='ltr'><strong>vendita</strong></span> <span class='ocrx_word' id='word_1_276' title='bbox 421 4589 657 4657; x_wconf 88' lang='lat' dir='ltr'><strong>minuit,</strong></span> <span class='ocrx_word' id='word_1_277' title='bbox 683 4589 741 4645; x_wconf 91' lang='lat' dir='ltr'><strong>id</strong></span> <span class='ocrx_word' id='word_1_278' title='bbox 792 4595 884 4646; x_wconf 89' lang='lat' dir='ltr'><strong>est</strong></span> <span class='ocrx_word' id='word_1_279' title='bbox 914 4598 1137 4659; x_wconf 85' lang='lat' dir='ltr'><strong>quanto</strong></span> <span class='ocrx_word' id='word_1_280' title='bbox 1189 4594 1457 4663; x_wconf 85' lang='lat' dir='ltr'><strong>minoris,</strong></span> <span class='ocrx_word' id='word_1_281' title='bbox 1483 4612 1581 4650; x_wconf 84' lang='lat' dir='ltr'><strong>sex</strong></span> <span class='ocrx_word' id='word_1_282' title='bbox 1609 4597 1802 4650; x_wconf 73' lang='lat' dir='ltr'><strong>fatali-</strong></span> 
     </span>
    </p>
   </div>
   <div class='ocr_carea' id='block_1_47' title="bbox 127 4677 1800 4740">
    <p class='ocr_par' dir='ltr' id='par_1_47' title="bbox 127 4677 1800 4740">
     <span class='ocr_line' id='line_1_47' title="bbox 127 4677 1800 4740; baseline 0.003 -5"><span class='ocrx_word' id='word_1_283' title='bbox 127 4681 249 4735; x_wconf 88' lang='lat' dir='ltr'><strong>bus</strong></span> <span class='ocrx_word' id='word_1_284' title='bbox 282 4677 592 4733; x_wconf 86' lang='lat' dir='ltr'><strong>mensibus</strong></span> <span class='ocrx_word' id='word_1_285' title='bbox 623 4678 866 4734; x_wconf 84' lang='lat' dir='ltr'><strong>ﬁnitur:</strong></span> <span class='ocrx_word' id='word_1_286' title='bbox 902 4682 950 4734; x_wconf 91' lang='lat' dir='ltr'><strong>si</strong></span> <span class='ocrx_word' id='word_1_287' title='bbox 1004 4697 1138 4736; x_wconf 88' lang='lat' dir='ltr'><strong>vero</strong></span> <span class='ocrx_word' id='word_1_288' title='bbox 1179 4683 1449 4738; x_wconf 85' lang='lat' dir='ltr'><strong>venditor</strong></span> <span class='ocrx_word' id='word_1_289' title='bbox 1481 4686 1551 4739; x_wconf 89' lang='lat' dir='ltr'><strong>de</strong></span> <span class='ocrx_word' id='word_1_290' title='bbox 1575 4699 1632 4739; x_wconf 89' lang='lat' dir='ltr'><strong>re</strong></span> <span class='ocrx_word' id='word_1_291' title='bbox 1664 4702 1800 4740; x_wconf 86' lang='lat' dir='ltr'><strong>ven-</strong></span> 
     </span>
    </p>
   </div>
   <div class='ocr_carea' id='block_1_48' title="bbox 135 4767 1802 4844">
    <p class='ocr_par' dir='ltr' id='par_1_48' title="bbox 135 4767 1802 4844">
     <span class='ocr_line' id='line_1_48' title="bbox 135 4767 1802 4844; baseline 0.004 -22"><span class='ocrx_word' id='word_1_292' title='bbox 135 4768 265 4822; x_wconf 86' lang='lat' dir='ltr'><strong>dita</strong></span> <span class='ocrx_word' id='word_1_293' title='bbox 290 4767 540 4822; x_wconf 75' lang='lat' dir='ltr'><strong>firmiter</strong></span> <span class='ocrx_word' id='word_1_294' title='bbox 573 4767 884 4839; x_wconf 89' lang='lat' dir='ltr'><strong>promittit,</strong></span> <span class='ocrx_word' id='word_1_295' title='bbox 934 4769 1085 4824; x_wconf 91' lang='lat' dir='ltr'><strong>actio</strong></span> <span class='ocrx_word' id='word_1_296' title='bbox 1134 4787 1356 4826; x_wconf 87' lang='lat' dir='ltr'><strong>annum</strong></span> <span class='ocrx_word' id='word_1_297' title='bbox 1406 4777 1636 4844; x_wconf 87' lang='lat' dir='ltr'><strong>tempus</strong></span> <span class='ocrx_word' id='word_1_298' title='bbox 1686 4790 1802 4829; x_wconf 92' lang='lat' dir='ltr'><strong>non</strong></span> 
     </span>
    </p>
   </div>
   <div class='ocr_carea' id='block_1_49' title="bbox 133 4854 1799 4935">
    <p class='ocr_par' dir='ltr' id='par_1_49' title="bbox 133 4854 1799 4935">
     <span class='ocr_line' id='line_1_49' title="bbox 133 4854 1799 4935; baseline 0.002 -23"><span class='ocrx_word' id='word_1_299' title='bbox 133 4854 636 4927; x_wconf 81' lang='lat' dir='ltr'><strong>transgredietur.</strong></span> <span class='ocrx_word' id='word_1_300' title='bbox 698 4859 859 4911; x_wconf 87' lang='lat' dir='ltr'><strong>Intra</strong></span> <span class='ocrx_word' id='word_1_301' title='bbox 907 4873 1128 4913; x_wconf 91' lang='lat' dir='ltr'><strong>annum</strong></span> <span class='ocrx_word' id='word_1_302' title='bbox 1185 4860 1307 4914; x_wconf 84' lang='lat' dir='ltr'><strong>dari</strong></span> <span class='ocrx_word' id='word_1_303' title='bbox 1341 4861 1511 4917; x_wconf 90' lang='lat' dir='ltr'><strong>debet</strong></span> <span class='ocrx_word' id='word_1_304' title='bbox 1543 4862 1799 4935; x_wconf 85' lang='lat' dir='ltr'><strong>legatum</strong></span> 
     </span>
    </p>
   </div>
   <div class='ocr_carea' id='block_1_50' title="bbox 134 4944 1800 5022">
    <p class='ocr_par' dir='ltr' id='par_1_50' title="bbox 134 4944 1800 5022">
     <span class='ocr_line' id='line_1_50' title="bbox 134 4944 1800 5022; baseline 0.003 -22"><span class='ocrx_word' id='word_1_305' title='bbox 134 4945 300 5015; x_wconf 88' lang='lat' dir='ltr'><strong>quod</strong></span> <span class='ocrx_word' id='word_1_306' title='bbox 336 4945 472 5014; x_wconf 89' lang='lat' dir='ltr'><strong>quis</strong></span> <span class='ocrx_word' id='word_1_307' title='bbox 514 4944 754 5016; x_wconf 88' lang='lat' dir='ltr'><strong>reliquit</strong></span> <span class='ocrx_word' id='word_1_308' title='bbox 816 4945 1090 5017; x_wconf 84' lang='lat' dir='ltr'><strong>religioso</strong></span> <span class='ocrx_word' id='word_1_309' title='bbox 1139 4946 1284 5003; x_wconf 90' lang='lat' dir='ltr'><strong>loco.</strong></span> <span class='ocrx_word' id='word_1_310' title='bbox 1346 4951 1544 5004; x_wconf 84' lang='lat' dir='ltr'><strong>Annus</strong></span> <span class='ocrx_word' id='word_1_311' title='bbox 1612 4953 1800 5022; x_wconf 72' lang='lat' dir='ltr'><strong>praeli-</strong></span> 
     </span>
    </p>
   </div>
   <div class='ocr_carea' id='block_1_51' title="bbox 135 5033 1800 5111">
    <p class='ocr_par' dir='ltr' id='par_1_51' title="bbox 135 5033 1800 5111">
     <span class='ocr_line' id='line_1_51' title="bbox 135 5033 1800 5111; baseline 0.004 -22"><span class='ocrx_word' id='word_1_312' title='bbox 135 5034 307 5090; x_wconf 88' lang='lat' dir='ltr'><strong>nitur</strong></span> <span class='ocrx_word' id='word_1_313' title='bbox 335 5033 649 5104; x_wconf 83' lang='lat' dir='ltr'><strong>excipienti</strong></span> <span class='ocrx_word' id='word_1_314' title='bbox 703 5038 833 5104; x_wconf 89' lang='lat' dir='ltr'><strong>post</strong></span> <span class='ocrx_word' id='word_1_315' title='bbox 881 5035 1154 5107; x_wconf 82' lang='lat' dir='ltr'><strong>conjugis</strong></span> <span class='ocrx_word' id='word_1_316' title='bbox 1213 5043 1480 5104; x_wconf 85' lang='lat' dir='ltr'><strong>mortem,</strong></span> <span class='ocrx_word' id='word_1_317' title='bbox 1514 5041 1584 5094; x_wconf 89' lang='lat' dir='ltr'><strong>ad</strong></span> <span class='ocrx_word' id='word_1_318' title='bbox 1617 5057 1800 5111; x_wconf 89' lang='lat' dir='ltr'><strong>oppo-</strong></span> 
     </span>
    </p>
   </div>
   <div class='ocr_carea' id='block_1_52' title="bbox 140 5123 1801 5199">
    <p class='ocr_par' dir='ltr' id='par_1_52' title="bbox 140 5123 1801 5199">
     <span class='ocr_line' id='line_1_52' title="bbox 140 5123 1801 5199; baseline 0.004 -21"><span class='ocrx_word' id='word_1_319' title='bbox 140 5123 406 5179; x_wconf 88' lang='lat' dir='ltr'><strong>nendam</strong></span> <span class='ocrx_word' id='word_1_320' title='bbox 459 5139 574 5178; x_wconf 87' lang='lat' dir='ltr'><strong>non</strong></span> <span class='ocrx_word' id='word_1_321' title='bbox 634 5127 957 5179; x_wconf 75' lang='lat' dir='ltr'><strong>numeratae</strong></span> <span class='ocrx_word' id='word_1_322' title='bbox 1013 5125 1169 5182; x_wconf 89' lang='lat' dir='ltr'><strong>dotis</strong></span> <span class='ocrx_word' id='word_1_323' title='bbox 1215 5128 1634 5199; x_wconf 81' lang='lat' dir='ltr'><strong>exceptionem.</strong></span> <span class='ocrx_word' id='word_1_324' title='bbox 1693 5129 1801 5192; x_wconf 90' lang='lat' dir='ltr'><strong>Qui</strong></span> 
     </span>
    </p>
   </div>
   <div class='ocr_carea' id='block_1_53' title="bbox 137 5213 1801 5290">
    <p class='ocr_par' dir='ltr' id='par_1_53' title="bbox 137 5213 1801 5290">
     <span class='ocr_line' id='line_1_53' title="bbox 137 5213 1801 5290; baseline 0.004 -23"><span class='ocrx_word' id='word_1_325' title='bbox 137 5217 384 5284; x_wconf 87' lang='lat' dir='ltr'><strong>propter</strong></span> <span class='ocrx_word' id='word_1_326' title='bbox 435 5227 712 5282; x_wconf 79' lang='lat' dir='ltr'><strong>magnum</strong></span> <span class='ocrx_word' id='word_1_327' title='bbox 747 5213 969 5269; x_wconf 88' lang='lat' dir='ltr'><strong>crimen</strong></span> <span class='ocrx_word' id='word_1_328' title='bbox 1028 5215 1101 5269; x_wconf 91' lang='lat' dir='ltr'><strong>ad</strong></span> <span class='ocrx_word' id='word_1_329' title='bbox 1125 5215 1416 5285; x_wconf 82' lang='lat' dir='ltr'><strong>judicium</strong></span> <span class='ocrx_word' id='word_1_330' title='bbox 1462 5218 1801 5290; x_wconf 87' lang='lat' dir='ltr'><strong>requiritur,</strong></span> 
     </span>
    </p>
   </div>
   <div class='ocr_carea' id='block_1_54' title="bbox 138 5300 1802 5373">
    <p class='ocr_par' dir='ltr' id='par_1_54' title="bbox 138 5300 1802 5373">
     <span class='ocr_line' id='line_1_54' title="bbox 138 5300 1802 5373; baseline 0.005 -17"><span class='ocrx_word' id='word_1_331' title='bbox 138 5301 262 5356; x_wconf 85' lang='lat' dir='ltr'><strong>nisi</strong></span> <span class='ocrx_word' id='word_1_332' title='bbox 330 5315 460 5354; x_wconf 90' lang='lat' dir='ltr'><strong>sese</strong></span> <span class='ocrx_word' id='word_1_333' title='bbox 514 5300 668 5356; x_wconf 90' lang='lat' dir='ltr'><strong>intra</strong></span> <span class='ocrx_word' id='word_1_334' title='bbox 733 5317 957 5356; x_wconf 91' lang='lat' dir='ltr'><strong>annum</strong></span> <span class='ocrx_word' id='word_1_335' title='bbox 1027 5303 1252 5373; x_wconf 74' lang='lat' dir='ltr'><strong>offerat,</strong></span> <span class='ocrx_word' id='word_1_336' title='bbox 1306 5307 1582 5363; x_wconf 89' lang='lat' dir='ltr'><strong>omnibus</strong></span> <span class='ocrx_word' id='word_1_337' title='bbox 1631 5306 1802 5364; x_wconf 77' lang='lat' dir='ltr'><strong>bonis</strong></span> 
     </span>
    </p>
   </div>
   <div class='ocr_carea' id='block_1_55' title="bbox 140 5388 1801 5464">
    <p class='ocr_par' dir='ltr' id='par_1_55' title="bbox 140 5388 1801 5464">
     <span class='ocr_line' id='line_1_55' title="bbox 140 5388 1801 5464; baseline 0.004 -18"><span class='ocrx_word' id='word_1_338' title='bbox 140 5388 272 5446; x_wconf 85' lang='lat' dir='ltr'><strong>suis</strong></span> <span class='ocrx_word' id='word_1_339' title='bbox 306 5388 514 5444; x_wconf 88' lang='lat' dir='ltr'><strong>merito</strong></span> <span class='ocrx_word' id='word_1_340' title='bbox 545 5388 800 5460; x_wconf 81' lang='lat' dir='ltr'><strong>ejicitur.</strong></span> <span class='ocrx_word' id='word_1_341' title='bbox 832 5391 998 5447; x_wconf 80' lang='lat' dir='ltr'><strong>Actio</strong></span> <span class='ocrx_word' id='word_1_342' title='bbox 1030 5408 1159 5464; x_wconf 84' lang='lat' dir='ltr'><strong>quae</strong></span> <span class='ocrx_word' id='word_1_343' title='bbox 1213 5397 1386 5449; x_wconf 80' lang='lat' dir='ltr'><strong>datur</strong></span> <span class='ocrx_word' id='word_1_344' title='bbox 1417 5401 1619 5452; x_wconf 87' lang='lat' dir='ltr'><strong>contra</strong></span> <span class='ocrx_word' id='word_1_345' title='bbox 1666 5413 1801 5452; x_wconf 91' lang='lat' dir='ltr'><strong>eum</strong></span> 
     </span>
    </p>
   </div>
   <div class='ocr_carea' id='block_1_56' title="bbox 143 5478 1800 5557">
    <p class='ocr_par' dir='ltr' id='par_1_56' title="bbox 143 5478 1800 5557">
     <span class='ocr_line' id='line_1_56' title="bbox 143 5478 1800 5557; baseline 0.004 -24"><span class='ocrx_word' id='word_1_346' title='bbox 143 5478 248 5549; x_wconf 89' lang='lat' dir='ltr'><strong>qui</strong></span> <span class='ocrx_word' id='word_1_347' title='bbox 279 5494 349 5532; x_wconf 83' lang='lat' dir='ltr'><strong>ex</strong></span> <span class='ocrx_word' id='word_1_348' title='bbox 381 5478 652 5534; x_wconf 87' lang='lat' dir='ltr'><strong>incendio</strong></span> <span class='ocrx_word' id='word_1_349' title='bbox 681 5478 769 5534; x_wconf 88' lang='lat' dir='ltr'><strong>vel</strong></span> <span class='ocrx_word' id='word_1_350' title='bbox 797 5481 1105 5552; x_wconf 80' lang='lat' dir='ltr'><strong>naufragio</strong></span> <span class='ocrx_word' id='word_1_351' title='bbox 1130 5499 1254 5537; x_wconf 90' lang='lat' dir='ltr'><strong>rem</strong></span> <span class='ocrx_word' id='word_1_352' title='bbox 1299 5483 1547 5540; x_wconf 90' lang='lat' dir='ltr'><strong>alienam</strong></span> <span class='ocrx_word' id='word_1_353' title='bbox 1584 5488 1800 5557; x_wconf 86' lang='lat' dir='ltr'><strong>rapuit,</strong></span> 
     </span>
    </p>
   </div>
   <div class='ocr_carea' id='block_1_57' title="bbox 139 5566 1802 5642">
    <p class='ocr_par' dir='ltr' id='par_1_57' title="bbox 139 5566 1802 5642">
     <span class='ocr_line' id='line_1_57' title="bbox 139 5566 1802 5642; baseline 0.004 -18"><span class='ocrx_word' id='word_1_354' title='bbox 139 5583 301 5624; x_wconf 87' lang='lat' dir='ltr'><strong>anno</strong></span> <span class='ocrx_word' id='word_1_355' title='bbox 334 5566 540 5622; x_wconf 86' lang='lat' dir='ltr'><strong>finitur</strong></span> <span class='ocrx_word' id='word_1_356' title='bbox 569 5568 762 5639; x_wconf 88' lang='lat' dir='ltr'><strong>quoad</strong></span> <span class='ocrx_word' id='word_1_357' title='bbox 785 5569 1333 5642; x_wconf 81' lang='lat' dir='ltr'><strong>quadruplum,non</strong></span> <span class='ocrx_word' id='word_1_358' title='bbox 1355 5572 1600 5628; x_wconf 87' lang='lat' dir='ltr'><strong>ulterius</strong></span> <span class='ocrx_word' id='word_1_359' title='bbox 1625 5594 1638 5641; x_wconf 86' lang='lat'><strong>;</strong></span> <span class='ocrx_word' id='word_1_360' title='bbox 1666 5593 1802 5631; x_wconf 90' lang='lat' dir='ltr'><strong>nam</strong></span> 
     </span>
    </p>
   </div>
   <div class='ocr_carea' id='block_1_58' title="bbox 146 5656 1804 5729">
    <p class='ocr_par' dir='ltr' id='par_1_58' title="bbox 146 5656 1804 5729">
     <span class='ocr_line' id='line_1_58' title="bbox 146 5656 1804 5729; baseline 0.006 -17"><span class='ocrx_word' id='word_1_361' title='bbox 146 5673 307 5713; x_wconf 88' lang='lat' dir='ltr'><strong>anno</strong></span> <span class='ocrx_word' id='word_1_362' title='bbox 338 5656 629 5728; x_wconf 89' lang='lat' dir='ltr'><strong>completo</strong></span> <span class='ocrx_word' id='word_1_363' title='bbox 678 5657 741 5713; x_wconf 91' lang='lat' dir='ltr'><strong>in</strong></span> <span class='ocrx_word' id='word_1_364' title='bbox 797 5657 1082 5729; x_wconf 88' lang='lat' dir='ltr'><strong>simplum</strong></span> <span class='ocrx_word' id='word_1_365' title='bbox 1116 5662 1564 5720; x_wconf 85' lang='lat' dir='ltr'><strong>condemnatur.</strong></span> <span class='ocrx_word' id='word_1_366' title='bbox 1598 5664 1804 5722; x_wconf 90' lang='lat' dir='ltr'><strong>Omnis</strong></span> 
     </span>
    </p>
   </div>
   <div class='ocr_carea' id='block_1_59' title="bbox 146 5745 1802 5823">
    <p class='ocr_par' dir='ltr' id='par_1_59' title="bbox 146 5745 1802 5823">
     <span class='ocr_line' id='line_1_59' title="bbox 146 5745 1802 5823; baseline 0.004 -17"><span class='ocrx_word' id='word_1_367' title='bbox 146 5746 366 5806; x_wconf 83' lang='lat' dir='ltr'><strong>mulier</strong></span> <span class='ocrx_word' id='word_1_368' title='bbox 394 5746 630 5806; x_wconf 81' lang='lat' dir='ltr'><strong>viduata</strong></span> <span class='ocrx_word' id='word_1_369' title='bbox 659 5745 852 5804; x_wconf 85' lang='lat' dir='ltr'><strong>solum</strong></span> <span class='ocrx_word' id='word_1_370' title='bbox 880 5763 1100 5806; x_wconf 84' lang='lat' dir='ltr'><strong>annum</strong></span> <span class='ocrx_word' id='word_1_371' title='bbox 1122 5749 1342 5823; x_wconf 79' lang='lat' dir='ltr'><strong>lugeto.</strong></span> <span class='ocrx_word' id='word_1_372' title='bbox 1375 5753 1538 5811; x_wconf 88' lang='lat' dir='ltr'><strong>Actio</strong></span> <span class='ocrx_word' id='word_1_373' title='bbox 1571 5753 1641 5811; x_wconf 84' lang='lat' dir='ltr'><strong>de</strong></span> <span class='ocrx_word' id='word_1_374' title='bbox 1669 5754 1802 5814; x_wconf 89' lang='lat' dir='ltr'><strong>dolo</strong></span> 
     </span>
    </p>
   </div>
   <div class='ocr_carea' id='block_1_60' title="bbox 1531 403 2245 468">
    <p class='ocr_par' dir='ltr' id='par_1_60' title="bbox 1531 403 2245 468">
     <span class='ocr_line' id='line_1_60' title="bbox 1531 403 2245 468; baseline 0.003 -2"><span class='ocrx_word' id='word_1_375' title='bbox 1531 403 1908 467; x_wconf 78' lang='lat' dir='ltr'><strong>SYNOPSIS</strong></span> <span class='ocrx_word' id='word_1_376' title='bbox 1951 407 2245 468; x_wconf 86' lang='lat' dir='ltr'><strong>LEGUM.</strong></span> 
     </span>
    </p>
   </div>
   <div class='ocr_carea' id='block_1_61' title="bbox 1843 538 3429 615">
    <p class='ocr_par' dir='ltr' id='par_1_61' title="bbox 1843 538 3429 615">
     <span class='ocr_line' id='line_1_61' title="bbox 1843 538 3429 615; baseline 0.001 -21"><span class='ocrx_word' id='word_1_377' title='bbox 1843 542 1899 610; x_wconf 75' lang='grc' dir='ltr'><strong>Α</strong></span> <span class='ocrx_word' id='word_1_378' title='bbox 1929 538 2122 611; x_wconf 84' lang='grc' dir='ltr'>Χεῖρον</span> <span class='ocrx_word' id='word_1_379' title='bbox 2149 543 2323 593; x_wconf 81' lang='grc' dir='ltr'>ποιῶν</span> <span class='ocrx_word' id='word_1_380' title='bbox 2354 539 2416 594; x_wconf 88' lang='grc' dir='ltr'>τὸ</span> <span class='ocrx_word' id='word_1_381' title='bbox 2442 540 2732 612; x_wconf 75' lang='grc' dir='ltr'>μισθωθὲν,</span> <span class='ocrx_word' id='word_1_382' title='bbox 2764 543 2799 611; x_wconf 73' lang='grc' dir='ltr'><strong>ἢ</strong></span> <span class='ocrx_word' id='word_1_383' title='bbox 2837 538 2977 613; x_wconf 81' lang='grc' dir='ltr'>δρῶν</span> <span class='ocrx_word' id='word_1_384' title='bbox 3010 539 3429 615; x_wconf 70' lang='grc' dir='ltr'>ἀγνωμοσύνην,</span> 
     </span>
    </p>
   </div>
   <div class='ocr_carea' id='block_1_62' title="bbox 3471 410 3590 470">
    <p class='ocr_par' dir='ltr' id='par_1_62' title="bbox 3471 410 3590 470">
     <span class='ocr_line' id='line_1_62' title="bbox 3471 410 3590 470; baseline -0.017 -1"><span class='ocrx_word' id='word_1_385' title='bbox 3471 410 3590 470; x_wconf 84' lang='grc'><strong>950</strong></span> 
     </span>
    </p>
   </div>
   <div class='ocr_carea' id='block_1_63' title="bbox 1927 622 3300 705">
    <p class='ocr_par' dir='ltr' id='par_1_63' title="bbox 1927 622 3300 705">
     <span class='ocr_line' id='line_1_63' title="bbox 1927 622 3300 705; baseline 0.005 -25"><span class='ocrx_word' id='word_1_386' title='bbox 1927 627 2014 680; x_wconf 82' lang='grc' dir='ltr'><strong>Ἐν</strong></span> <span class='ocrx_word' id='word_1_387' title='bbox 2047 623 2142 682; x_wconf 85' lang='grc' dir='ltr'><strong>δύο</strong></span> <span class='ocrx_word' id='word_1_388' title='bbox 2166 625 2321 692; x_wconf 77' lang='grc' dir='ltr'>ὅλοις</span> <span class='ocrx_word' id='word_1_389' title='bbox 2350 622 2510 686; x_wconf 80' lang='grc' dir='ltr'>ἔτεσι.</span> <span class='ocrx_word' id='word_1_390' title='bbox 2541 635 2637 684; x_wconf 76' lang='grc' dir='ltr'>τοῦ</span> <span class='ocrx_word' id='word_1_391' title='bbox 2668 631 2984 705; x_wconf 84' lang='grc' dir='ltr'>πράγματος</span> <span class='ocrx_word' id='word_1_392' title='bbox 3015 635 3300 702; x_wconf 87' lang='grc' dir='ltr'>στερεῖται.</span> 
     </span>
    </p>
   </div>
   <div class='ocr_carea' id='block_1_64' title="bbox 1925 715 2996 793">
    <p class='ocr_par' dir='ltr' id='par_1_64' title="bbox 1925 715 2996 793">
     <span class='ocr_line' id='line_1_64' title="bbox 1925 715 2996 793; baseline 0.004 -23"><span class='ocrx_word' id='word_1_393' title='bbox 1925 716 2047 771; x_wconf 71' lang='grc' dir='ltr'><strong>Ἐάν</strong></span> <span class='ocrx_word' id='word_1_394' title='bbox 2077 717 2128 771; x_wconf 77' lang='grc' dir='ltr'><strong>ἰν</strong></span> <span class='ocrx_word' id='word_1_395' title='bbox 2163 715 2300 771; x_wconf 82' lang='grc' dir='ltr'>ἔτεσι</span> <span class='ocrx_word' id='word_1_396' title='bbox 2335 715 2482 772; x_wconf 84' lang='grc' dir='ltr'>δυσὶν</span> <span class='ocrx_word' id='word_1_397' title='bbox 2521 718 2547 772; x_wconf 91' lang='lat'><strong>6</strong></span> <span class='ocrx_word' id='word_1_398' title='bbox 2575 718 2750 793; x_wconf 78' lang='grc' dir='ltr'>γάμος</span> <span class='ocrx_word' id='word_1_399' title='bbox 2781 718 2996 792; x_wconf 80' lang='grc' dir='ltr'>ἐξετάθη</span> 
     </span>
    </p>
   </div>
   <div class='ocr_carea' id='block_1_65' title="bbox 1925 805 3336 884">
    <p class='ocr_par' dir='ltr' id='par_1_65' title="bbox 1925 805 3336 884">
     <span class='ocr_line' id='line_1_65' title="bbox 1925 805 3336 884; baseline 0.001 -22"><span class='ocrx_word' id='word_1_400' title='bbox 1925 806 2031 862; x_wconf 83' lang='grc' dir='ltr'><strong>Καὶ</strong></span> <span class='ocrx_word' id='word_1_401' title='bbox 2068 809 2200 879; x_wconf 82' lang='grc' dir='ltr'><strong>μετά</strong></span> <span class='ocrx_word' id='word_1_402' title='bbox 2229 811 2397 861; x_wconf 77' lang='grc' dir='ltr'>ταῦτα</span> <span class='ocrx_word' id='word_1_403' title='bbox 2428 805 2652 861; x_wconf 85' lang='grc' dir='ltr'>λέλυται</span> <span class='ocrx_word' id='word_1_404' title='bbox 2685 808 2736 862; x_wconf 69' lang='grc' dir='ltr'>ἐν</span> <span class='ocrx_word' id='word_1_405' title='bbox 2766 810 2922 880; x_wconf 84' lang='grc' dir='ltr'>νόμῳ</span> <span class='ocrx_word' id='word_1_406' title='bbox 2948 810 3131 884; x_wconf 86' lang='grc' dir='ltr'>τυχὼν</span> <span class='ocrx_word' id='word_1_407' title='bbox 3165 807 3336 878; x_wconf 88' lang='grc' dir='ltr'>λύσει,</span> 
     </span>
    </p>
   </div>
   <div class='ocr_carea' id='block_1_66' title="bbox 1926 894 3408 971">
    <p class='ocr_par' dir='ltr' id='par_1_66' title="bbox 1926 894 3408 971">
     <span class='ocr_line' id='line_1_66' title="bbox 1926 894 3408 971; baseline 0.002 -21"><span class='ocrx_word' id='word_1_408' title='bbox 1926 896 2342 968; x_wconf 84' lang='grc' dir='ltr'>Ἀπαιτουμένῳ</span> <span class='ocrx_word' id='word_1_409' title='bbox 2372 900 2451 968; x_wconf 78' lang='grc' dir='ltr'>τῷ</span> <span class='ocrx_word' id='word_1_410' title='bbox 2484 894 2635 971; x_wconf 78' lang='grc' dir='ltr'>ἀνδρῖ</span> <span class='ocrx_word' id='word_1_411' title='bbox 2665 898 2762 966; x_wconf 79' lang='grc' dir='ltr'><strong>τήν</strong></span> <span class='ocrx_word' id='word_1_412' title='bbox 2791 897 3179 971; x_wconf 67' lang='grc' dir='ltr'>γεγραμμένην</span> <span class='ocrx_word' id='word_1_413' title='bbox 3208 903 3408 971; x_wconf 87' lang='grc' dir='ltr'>προῖκα</span> 
     </span>
    </p>
   </div>
   <div class='ocr_carea' id='block_1_67' title="bbox 1923 985 3170 1062">
    <p class='ocr_par' dir='ltr' id='par_1_67' title="bbox 1923 985 3170 1062">
     <span class='ocr_line' id='line_1_67' title="bbox 1923 985 3170 1062; baseline 0.002 -24"><span class='ocrx_word' id='word_1_414' title='bbox 1923 985 2130 1054; x_wconf 80' lang='grc' dir='ltr'>Ἔξεστι</span> <span class='ocrx_word' id='word_1_415' title='bbox 2163 985 2606 1060; x_wconf 83' lang='grc' dir='ltr'>παραγράφεσθαι</span> <span class='ocrx_word' id='word_1_416' title='bbox 2639 987 2712 1047; x_wconf 86' lang='grc' dir='ltr'>ὡς</span> <span class='ocrx_word' id='word_1_417' title='bbox 2748 985 2798 1056; x_wconf 79' lang='grc' dir='ltr'>ἐξ</span> <span class='ocrx_word' id='word_1_418' title='bbox 2830 987 3170 1062; x_wconf 84' lang='grc' dir='ltr'>ἀναργυρίας·</span> 
     </span>
    </p>
   </div>
   <div class='ocr_carea' id='block_1_68' title="bbox 1926 1071 3145 1151">
    <p class='ocr_par' dir='ltr' id='par_1_68' title="bbox 1926 1071 3145 1151">
     <span class='ocr_line' id='line_1_68' title="bbox 1926 1071 3145 1151; baseline -0.001 -21"><span class='ocrx_word' id='word_1_419' title='bbox 1926 1073 1988 1130; x_wconf 85' lang='grc' dir='ltr'><strong>Εἰ</strong></span> <span class='ocrx_word' id='word_1_420' title='bbox 2021 1071 2067 1127; x_wconf 86' lang='grc' dir='ltr'>δ’</span> <span class='ocrx_word' id='word_1_421' title='bbox 2101 1073 2188 1128; x_wconf 82' lang='grc' dir='ltr'><strong>ἐπὶ</strong></span> <span class='ocrx_word' id='word_1_422' title='bbox 2221 1071 2348 1128; x_wconf 83' lang='grc' dir='ltr'>δέκα</span> <span class='ocrx_word' id='word_1_423' title='bbox 2381 1072 2549 1128; x_wconf 82' lang='grc' dir='ltr'>ἔτεσιν</span> <span class='ocrx_word' id='word_1_424' title='bbox 2585 1075 2612 1127; x_wconf 88' lang='lat'><strong>6</strong></span> <span class='ocrx_word' id='word_1_425' title='bbox 2641 1073 2818 1151; x_wconf 74' lang='grc' dir='ltr'>γάμος</span> <span class='ocrx_word' id='word_1_426' title='bbox 2845 1076 3145 1150; x_wconf 77' lang='grc' dir='ltr'>παρετάθη,</span> 
     </span>
    </p>
   </div>
   <div class='ocr_carea' id='block_1_69' title="bbox 1922 1161 3493 1239">
    <p class='ocr_par' dir='ltr' id='par_1_69' title="bbox 1922 1161 3493 1239">
     <span class='ocr_line' id='line_1_69' title="bbox 1922 1161 3493 1239; baseline 0.002 -22"><span class='ocrx_word' id='word_1_427' title='bbox 1922 1169 2076 1239; x_wconf 85' lang='grc' dir='ltr'>Τρεῖς</span> <span class='ocrx_word' id='word_1_428' title='bbox 2111 1163 2266 1237; x_wconf 87' lang='grc' dir='ltr'>μόνοι</span> <span class='ocrx_word' id='word_1_429' title='bbox 2303 1171 2469 1237; x_wconf 78' lang='grc' dir='ltr'>μῆνες</span> <span class='ocrx_word' id='word_1_430' title='bbox 2501 1161 2740 1218; x_wconf 84' lang='grc' dir='ltr'>δίδονται</span> <span class='ocrx_word' id='word_1_431' title='bbox 2775 1164 2954 1236; x_wconf 77' lang='grc' dir='ltr'>τούτῳ</span> <span class='ocrx_word' id='word_1_432' title='bbox 2985 1171 3150 1219; x_wconf 84' lang='grc' dir='ltr'>κινεῖν</span> <span class='ocrx_word' id='word_1_433' title='bbox 3184 1166 3281 1234; x_wconf 72' lang='grc' dir='ltr'>τὴν</span> <span class='ocrx_word' id='word_1_434' title='bbox 3315 1163 3493 1237; x_wconf 85' lang='grc' dir='ltr'>δίκην.</span> 
     </span>
    </p>
   </div>
   <div class='ocr_carea' id='block_1_70' title="bbox 1924 1250 3216 1328">
    <p class='ocr_par' dir='ltr' id='par_1_70' title="bbox 1924 1250 3216 1328">
     <span class='ocr_line' id='line_1_70' title="bbox 1924 1250 3216 1328; baseline 0.001 -21"><span class='ocrx_word' id='word_1_435' title='bbox 1924 1253 2057 1323; x_wconf 83' lang='grc' dir='ltr'>Δίκη</span> <span class='ocrx_word' id='word_1_436' title='bbox 2091 1259 2235 1307; x_wconf 80' lang='grc' dir='ltr'><strong>πᾶσα</strong></span> <span class='ocrx_word' id='word_1_437' title='bbox 2267 1254 2590 1328; x_wconf 82' lang='grc' dir='ltr'>χρηματικὴ</span> <span class='ocrx_word' id='word_1_438' title='bbox 2625 1250 2866 1325; x_wconf 83' lang='grc' dir='ltr'>ἐννόμως</span> <span class='ocrx_word' id='word_1_439' title='bbox 2898 1254 3216 1327; x_wconf 79' lang='grc' dir='ltr'>κινουμένη,</span> 
     </span>
    </p>
   </div>
   <div class='ocr_carea' id='block_1_71' title="bbox 1922 1339 3448 1420">
    <p class='ocr_par' dir='ltr' id='par_1_71' title="bbox 1922 1339 3448 1420">
     <span class='ocr_line' id='line_1_71' title="bbox 1922 1339 3448 1420; baseline 0.003 -24"><span class='ocrx_word' id='word_1_440' title='bbox 1922 1341 2038 1400; x_wconf 84' lang='grc' dir='ltr'><strong>Ούκ</strong></span> <span class='ocrx_word' id='word_1_441' title='bbox 2067 1339 2276 1420; x_wconf 81' lang='grc' dir='ltr'>ὀφείλει</span> <span class='ocrx_word' id='word_1_442' title='bbox 2313 1342 2642 1414; x_wconf 76' lang='grc' dir='ltr'>μηκύνεσθαι</span> <span class='ocrx_word' id='word_1_443' title='bbox 2675 1347 2782 1397; x_wconf 86' lang='grc' dir='ltr'>τῶν</span> <span class='ocrx_word' id='word_1_444' title='bbox 2811 1348 2975 1416; x_wconf 81' lang='grc' dir='ltr'>τριῶν</span> <span class='ocrx_word' id='word_1_445' title='bbox 3008 1344 3223 1419; x_wconf 82' lang='grc' dir='ltr'>χρόνων</span> <span class='ocrx_word' id='word_1_446' title='bbox 3258 1343 3448 1402; x_wconf 68' lang='grc' dir='ltr'>πλέον.</span> 
     </span>
    </p>
   </div>
   <div class='ocr_carea' id='block_1_72' title="bbox 1920 1431 3315 1508">
    <p class='ocr_par' dir='ltr' id='par_1_72' title="bbox 1920 1431 3315 1508">
     <span class='ocr_line' id='line_1_72' title="bbox 1920 1431 3315 1508; baseline 0.001 -21"><span class='ocrx_word' id='word_1_447' title='bbox 1920 1431 2070 1487; x_wconf 83' lang='grc' dir='ltr'>Μετὰ</span> <span class='ocrx_word' id='word_1_448' title='bbox 2097 1432 2188 1486; x_wconf 86' lang='grc' dir='ltr'>τὸν</span> <span class='ocrx_word' id='word_1_449' title='bbox 2217 1431 2678 1505; x_wconf 87' lang='grc' dir='ltr'>εἰκοστόπεμπτον</span> <span class='ocrx_word' id='word_1_450' title='bbox 2713 1437 2827 1494; x_wconf 88' lang='grc' dir='ltr'>τοῖς</span> <span class='ocrx_word' id='word_1_451' title='bbox 2859 1431 3087 1508; x_wconf 81' lang='grc' dir='ltr'>ἀφήλιξι</span> <span class='ocrx_word' id='word_1_452' title='bbox 3119 1433 3315 1508; x_wconf 84' lang='grc' dir='ltr'>χρόνον</span> 
     </span>
    </p>
   </div>
   <div class='ocr_carea' id='block_1_73' title="bbox 1920 1518 3154 1593">
    <p class='ocr_par' dir='ltr' id='par_1_73' title="bbox 1920 1518 3154 1593">
     <span class='ocr_line' id='line_1_73' title="bbox 1920 1518 3154 1593; baseline 0.001 -17"><span class='ocrx_word' id='word_1_453' title='bbox 1920 1520 2018 1583; x_wconf 77' lang='grc' dir='ltr'><strong>Εἰς</strong></span> <span class='ocrx_word' id='word_1_454' title='bbox 2049 1521 2144 1589; x_wconf 79' lang='grc' dir='ltr'>τήν</span> <span class='ocrx_word' id='word_1_455' title='bbox 2178 1519 2612 1575; x_wconf 84' lang='grc' dir='ltr'>ἀποκατάστασιν</span> <span class='ocrx_word' id='word_1_456' title='bbox 2645 1520 2949 1593; x_wconf 83' lang='grc' dir='ltr'>τετραετίαν</span> <span class='ocrx_word' id='word_1_457' title='bbox 2985 1518 3154 1578; x_wconf 82' lang='grc' dir='ltr'>δίδου.</span> 
     </span>
    </p>
   </div>
   <div class='ocr_carea' id='block_1_74' title="bbox 1919 1607 3020 1687">
    <p class='ocr_par' dir='ltr' id='par_1_74' title="bbox 1919 1607 3020 1687">
     <span class='ocr_line' id='line_1_74' title="bbox 1919 1607 3020 1687; baseline 0.003 -23"><span class='ocrx_word' id='word_1_458' title='bbox 1919 1613 2024 1677; x_wconf 76' lang='grc' dir='ltr'><strong>Τῆς</strong></span> <span class='ocrx_word' id='word_1_459' title='bbox 2055 1607 2112 1664; x_wconf 71' lang='grc' dir='ltr'><strong>δὶ</strong></span> <span class='ocrx_word' id='word_1_460' title='bbox 2152 1609 2453 1687; x_wconf 83' lang='grc' dir='ltr'>ίνοφικιόσο</span> <span class='ocrx_word' id='word_1_461' title='bbox 2485 1611 2685 1685; x_wconf 78' lang='grc' dir='ltr'>χρόνος</span> <span class='ocrx_word' id='word_1_462' title='bbox 2715 1611 3020 1668; x_wconf 80' lang='grc' dir='ltr'>πενταετία.</span> 
     </span>
    </p>
   </div>
   <div class='ocr_carea' id='block_1_75' title="bbox 1906 1693 3211 1776">
    <p class='ocr_par' dir='ltr' id='par_1_75' title="bbox 1906 1693 3211 1776">
     <span class='ocr_line' id='line_1_75' title="bbox 1906 1693 3211 1776; baseline 0 -21"><span class='ocrx_word' id='word_1_463' title='bbox 1906 1698 2205 1756; x_wconf 82' lang='grc' dir='ltr'>ἰιενταετία</span> <span class='ocrx_word' id='word_1_464' title='bbox 2234 1693 2535 1768; x_wconf 72' lang='grc' dir='ltr'>σϐέννυται,</span> <span class='ocrx_word' id='word_1_465' title='bbox 2567 1699 2628 1754; x_wconf 88' lang='grc' dir='ltr'>τὸ</span> <span class='ocrx_word' id='word_1_466' title='bbox 2659 1699 2780 1775; x_wconf 89' lang='grc' dir='ltr'>περί</span> <span class='ocrx_word' id='word_1_467' title='bbox 2807 1702 2903 1769; x_wconf 71' lang='grc' dir='ltr'><strong>τῆς</strong></span> <span class='ocrx_word' id='word_1_468' title='bbox 2937 1700 3211 1776; x_wconf 83' lang='grc' dir='ltr'>μοιχείας.</span> 
     </span>
    </p>
   </div>
   <div class='ocr_carea' id='block_1_76' title="bbox 1919 1786 3416 1866">
    <p class='ocr_par' dir='ltr' id='par_1_76' title="bbox 1919 1786 3416 1866">
     <span class='ocr_line' id='line_1_76' title="bbox 1919 1786 3185 1844; baseline 0 0"><span class='ocrx_word' id='word_1_469' title='bbox 1919 1789 2014 1844; x_wconf 71' lang='grc' dir='ltr'><strong>Κ“</strong></span> <span class='ocrx_word' id='word_1_470' title='bbox 2088 1787 2181 1843; x_wconf 54' lang='grc' dir='ltr'><strong>κδκ</strong></span> <span class='ocrx_word' id='word_1_471' title='bbox 2394 1788 2457 1844; x_wconf 74' lang='grc' dir='ltr'><strong>λ’</strong></span> 
     </span>
     <span class='ocr_line' id='line_1_77' title="bbox 1965 1789 3416 1866; baseline 0.001 -22"><span class='ocrx_word' id='word_1_472' title='bbox 1965 1811 2016 1844; x_wconf 90' lang='grc' dir='ltr'><strong>αι</strong></span> <span class='ocrx_word' id='word_1_473' title='bbox 2047 1811 2111 1844; x_wconf 91' lang='grc' dir='ltr'>το</span> <span class='ocrx_word' id='word_1_474' title='bbox 2169 1809 2192 1843; x_wconf 88' lang='grc' dir='ltr'><strong>ε</strong></span> <span class='ocrx_word' id='word_1_475' title='bbox 2221 1809 2388 1844; x_wconf 88' lang='grc' dir='ltr'>πεκου</span> <span class='ocrx_word' id='word_1_476' title='bbox 2433 1810 2590 1852; x_wconf 79' lang='grc' dir='ltr'>ατου..</span> <span class='ocrx_word' id='word_1_477' title='bbox 2622 1807 2678 1843; x_wconf 90' lang='grc' dir='ltr'>οε</span> <span class='ocrx_word' id='word_1_478' title='bbox 2709 1811 2800 1866; x_wconf 60' lang='lat' dir='ltr'><strong>sp:</strong></span> <span class='ocrx_word' id='word_1_479' title='bbox 2843 1811 2960 1862; x_wconf 86' lang='grc' dir='ltr'><strong>ημα</strong></span> <span class='ocrx_word' id='word_1_480' title='bbox 2990 1811 3143 1844; x_wconf 60' lang='grc' dir='ltr'>πέντε</span> <span class='ocrx_word' id='word_1_481' title='bbox 3172 1789 3416 1865; x_wconf 72' lang='grc' dir='ltr'>χρόνοις,</span> 
     </span>
    </p>
   </div>
   <div class='ocr_carea' id='block_1_77' title="bbox 1839 1877 3184 1982">
    <p class='ocr_par' dir='ltr' id='par_1_77' title="bbox 1839 1877 3184 1982">
     <span class='ocr_line' id='line_1_78' title="bbox 1839 1877 3184 1982; baseline 0.001 -50"><span class='ocrx_word' id='word_1_482' title='bbox 1839 1915 1888 1982; x_wconf 83' lang='grc' dir='ltr'><strong>Β</strong></span> <span class='ocrx_word' id='word_1_483' title='bbox 1917 1878 2181 1955; x_wconf 83' lang='grc' dir='ltr'>Ὀρίζεται</span> <span class='ocrx_word' id='word_1_484' title='bbox 2203 1879 2338 1951; x_wconf 89' lang='grc' dir='ltr'>πρὸς</span> <span class='ocrx_word' id='word_1_485' title='bbox 2367 1877 2615 1953; x_wconf 76' lang='grc' dir='ltr'>ἀγωγὴν,</span> <span class='ocrx_word' id='word_1_486' title='bbox 2648 1878 2826 1933; x_wconf 87' lang='grc' dir='ltr'>ούκέτι</span> <span class='ocrx_word' id='word_1_487' title='bbox 2861 1879 3184 1954; x_wconf 82' lang='grc' dir='ltr'>περαιτέρω.</span> 
     </span>
     <span class='ocr_line' id='line_1_79' title="bbox 1915 1965 3079 1982; baseline 0 0"><span class='ocrx_word' id='word_1_488' title='bbox 1915 1969 1972 1982; x_wconf 72' lang='grc' dir='ltr'>η.</span> <span class='ocrx_word' id='word_1_489' title='bbox 2011 1967 2033 1982; x_wconf 59' lang='grc' dir='ltr'><strong>ι</strong></span> <span class='ocrx_word' id='word_1_490' title='bbox 2223 1965 2246 1982; x_wconf 73' lang='grc' dir='ltr'><em>ν</em></span> <span class='ocrx_word' id='word_1_491' title='bbox 2414 1969 2426 1982; x_wconf 93' lang='grc'><strong><em>,</em></strong></span> <span class='ocrx_word' id='word_1_492' title='bbox 2594 1966 2607 1982; x_wconf 69' lang='grc' dir='ltr'><strong>ς</strong></span> <span class='ocrx_word' id='word_1_493' title='bbox 2655 1971 2681 1981; x_wconf 87' lang='lat'><strong>..</strong></span> <span class='ocrx_word' id='word_1_494' title='bbox 2759 1967 2772 1982; x_wconf 76' lang='lat'><strong>.</strong></span> <span class='ocrx_word' id='word_1_495' title='bbox 2867 1969 2878 1982; x_wconf 88' lang='lat'><strong>.</strong></span> <span class='ocrx_word' id='word_1_496' title='bbox 3070 1967 3079 1982; x_wconf 80' lang='lat'><strong>.</strong></span> 
     </span>
    </p>
   </div>
   <div class='ocr_carea' id='block_1_78' title="bbox 1915 1965 3188 2043">
    <p class='ocr_par' dir='ltr' id='par_1_78' title="bbox 1915 1965 3188 2043">
     <span class='ocr_line' id='line_1_80' title="bbox 1915 1965 3188 2043; baseline 0.001 -22"><span class='ocrx_word' id='word_1_497' title='bbox 1915 1969 1976 2025; x_wconf 91' lang='grc' dir='ltr'>Ὁ</span> <span class='ocrx_word' id='word_1_498' title='bbox 2011 1967 2179 2043; x_wconf 75' lang='grc' dir='ltr'>ἴμφας</span> <span class='ocrx_word' id='word_1_499' title='bbox 2212 1965 2335 2036; x_wconf 69' lang='grc' dir='ltr'>ἤτοι</span> <span class='ocrx_word' id='word_1_500' title='bbox 2362 1969 2558 2037; x_wconf 73' lang='grc' dir='ltr'>νήπιος</span> <span class='ocrx_word' id='word_1_501' title='bbox 2591 1966 2721 2021; x_wconf 75' lang='grc' dir='ltr'>ἐτῶν</span> <span class='ocrx_word' id='word_1_502' title='bbox 2755 1967 2888 2022; x_wconf 71' lang='grc' dir='ltr'>ἑπτὰ</span> <span class='ocrx_word' id='word_1_503' title='bbox 2909 1967 3188 2043; x_wconf 81' lang='grc' dir='ltr'>τυγχάνει.</span> 
     </span>
    </p>
   </div>
   <div class='ocr_carea' id='block_1_79' title="bbox 1914 2053 3372 2134">
    <p class='ocr_par' dir='ltr' id='par_1_79' title="bbox 1914 2053 3372 2134">
     <span class='ocr_line' id='line_1_81' title="bbox 1914 2053 3372 2134; baseline -0.001 -19"><span class='ocrx_word' id='word_1_504' title='bbox 1914 2058 2093 2116; x_wconf 82' lang='grc' dir='ltr'>Ὀκτὼ</span> <span class='ocrx_word' id='word_1_505' title='bbox 2125 2055 2182 2112; x_wconf 74' lang='grc' dir='ltr'>δὲ</span> <span class='ocrx_word' id='word_1_506' title='bbox 2211 2057 2428 2133; x_wconf 79' lang='grc' dir='ltr'>χρόνων</span> <span class='ocrx_word' id='word_1_507' title='bbox 2471 2054 2667 2121; x_wconf 79' lang='grc' dir='ltr'>ἔσωθεν</span> <span class='ocrx_word' id='word_1_508' title='bbox 2701 2057 2798 2112; x_wconf 87' lang='grc' dir='ltr'><strong>ούκ</strong></span> <span class='ocrx_word' id='word_1_509' title='bbox 2828 2053 2967 2112; x_wconf 78' lang='grc' dir='ltr'>ἔστιν</span> <span class='ocrx_word' id='word_1_510' title='bbox 3003 2058 3372 2134; x_wconf 87' lang='grc' dir='ltr'>ἀναγνώστης.</span> 
     </span>
    </p>
   </div>
   <div class='ocr_carea' id='block_1_80' title="bbox 1915 2145 3228 2224">
    <p class='ocr_par' dir='ltr' id='par_1_80' title="bbox 1915 2145 3228 2224">
     <span class='ocr_line' id='line_1_82' title="bbox 1915 2145 3228 2224; baseline -0.002 -20"><span class='ocrx_word' id='word_1_511' title='bbox 1915 2151 2035 2204; x_wconf 83' lang='grc' dir='ltr'><strong>Τῶν</strong></span> <span class='ocrx_word' id='word_1_512' title='bbox 2067 2148 2338 2217; x_wconf 70' lang='grc' dir='ltr'>ἀκινήτων</span> <span class='ocrx_word' id='word_1_513' title='bbox 2371 2147 2623 2224; x_wconf 81' lang='grc' dir='ltr'>πέφυκεν,</span> <span class='ocrx_word' id='word_1_514' title='bbox 2658 2145 2804 2218; x_wconf 75' lang='grc' dir='ltr'>ἅναξ,</span> <span class='ocrx_word' id='word_1_515' title='bbox 2837 2150 2870 2216; x_wconf 85' lang='grc' dir='ltr'>ἡ</span> <span class='ocrx_word' id='word_1_516' title='bbox 2906 2146 3228 2220; x_wconf 81' lang='grc' dir='ltr'>προθεσμία,</span> 
     </span>
    </p>
   </div>
   <div class='ocr_carea' id='block_1_81' title="bbox 1915 2234 3295 2309">
    <p class='ocr_par' dir='ltr' id='par_1_81' title="bbox 1915 2234 3295 2309">
     <span class='ocr_line' id='line_1_83' title="bbox 1915 2234 3295 2309; baseline -0.003 -15"><span class='ocrx_word' id='word_1_517' title='bbox 1915 2242 2046 2301; x_wconf 86' lang='grc' dir='ltr'>Τοῖς</span> <span class='ocrx_word' id='word_1_518' title='bbox 2079 2237 2173 2309; x_wconf 77' lang='grc' dir='ltr'>μὶν</span> <span class='ocrx_word' id='word_1_519' title='bbox 2205 2241 2434 2308; x_wconf 81' lang='grc' dir='ltr'>παροῦσι</span> <span class='ocrx_word' id='word_1_520' title='bbox 2467 2234 2685 2298; x_wconf 78' lang='grc' dir='ltr'>δέκατος</span> <span class='ocrx_word' id='word_1_521' title='bbox 2716 2235 2955 2297; x_wconf 87' lang='grc' dir='ltr'>ἐνιαυτὸς</span> <span class='ocrx_word' id='word_1_522' title='bbox 2985 2237 3074 2290; x_wconf 79' lang='grc' dir='ltr'><strong>καὶ</strong></span> <span class='ocrx_word' id='word_1_523' title='bbox 3111 2237 3295 2308; x_wconf 87' lang='grc' dir='ltr'>μόνος,</span> 
     </span>
    </p>
   </div>
   <div class='ocr_carea' id='block_1_82' title="bbox 1912 2323 3248 2401">
    <p class='ocr_par' dir='ltr' id='par_1_82' title="bbox 1912 2323 3248 2401">
     <span class='ocr_line' id='line_1_84' title="bbox 1912 2323 3248 2401; baseline 0.001 -21"><span class='ocrx_word' id='word_1_524' title='bbox 1912 2331 2038 2387; x_wconf 82' lang='grc' dir='ltr'>Τοῖς</span> <span class='ocrx_word' id='word_1_525' title='bbox 2073 2323 2129 2380; x_wconf 76' lang='grc' dir='ltr'>δὲ</span> <span class='ocrx_word' id='word_1_526' title='bbox 2157 2325 2383 2380; x_wconf 74' lang='grc' dir='ltr'>ἀποῦσιν</span> <span class='ocrx_word' id='word_1_527' title='bbox 2418 2324 2678 2395; x_wconf 68' lang='grc' dir='ltr'>εἲκοστὸς,</span> <span class='ocrx_word' id='word_1_528' title='bbox 2711 2325 2889 2380; x_wconf 73' lang='grc' dir='ltr'>οὐκέτι</span> <span class='ocrx_word' id='word_1_529' title='bbox 2921 2327 3248 2401; x_wconf 86' lang='grc' dir='ltr'>περαιτέρω.</span> 
     </span>
    </p>
   </div>
   <div class='ocr_carea' id='block_1_83' title="bbox 1913 2410 3194 2490">
    <p class='ocr_par' dir='ltr' id='par_1_83' title="bbox 1913 2410 3194 2490">
     <span class='ocr_line' id='line_1_85' title="bbox 1913 2410 3194 2490; baseline -0.003 -18"><span class='ocrx_word' id='word_1_530' title='bbox 1913 2417 1998 2472; x_wconf 75' lang='grc' dir='ltr'>Τά</span> <span class='ocrx_word' id='word_1_531' title='bbox 2027 2410 2119 2484; x_wconf 79' lang='grc' dir='ltr'>ἔτη</span> <span class='ocrx_word' id='word_1_532' title='bbox 2151 2418 2249 2480; x_wconf 77' lang='grc' dir='ltr'>τῆς</span> <span class='ocrx_word' id='word_1_533' title='bbox 2279 2414 2402 2487; x_wconf 83' lang='grc' dir='ltr'>περὶ</span> <span class='ocrx_word' id='word_1_534' title='bbox 2433 2416 2658 2490; x_wconf 85' lang='grc' dir='ltr'>προικὸς</span> <span class='ocrx_word' id='word_1_535' title='bbox 2692 2413 3019 2490; x_wconf 85' lang='grc' dir='ltr'>ἀναργυρίας</span> <span class='ocrx_word' id='word_1_536' title='bbox 3044 2412 3194 2483; x_wconf 82' lang='grc' dir='ltr'>δέκα,</span> 
     </span>
    </p>
   </div>
   <div class='ocr_carea' id='block_1_84' title="bbox 1913 2501 3272 2579">
    <p class='ocr_par' dir='ltr' id='par_1_84' title="bbox 1913 2501 3272 2579">
     <span class='ocr_line' id='line_1_86' title="bbox 1913 2501 3272 2579; baseline -0.001 -20"><span class='ocrx_word' id='word_1_537' title='bbox 1913 2506 1973 2559; x_wconf 79' lang='grc' dir='ltr'><strong>Ἠ</strong></span> <span class='ocrx_word' id='word_1_538' title='bbox 1994 2505 2100 2579; x_wconf 87' lang='grc' dir='ltr'><strong>πρὸ</strong></span> <span class='ocrx_word' id='word_1_539' title='bbox 2129 2508 2238 2559; x_wconf 78' lang='grc' dir='ltr'><strong>τῶν</strong></span> <span class='ocrx_word' id='word_1_540' title='bbox 2271 2501 2482 2558; x_wconf 86' lang='grc' dir='ltr'>δώδεκα</span> <span class='ocrx_word' id='word_1_541' title='bbox 2505 2501 2637 2557; x_wconf 81' lang='grc' dir='ltr'>ἐτῶν</span> <span class='ocrx_word' id='word_1_542' title='bbox 2670 2503 2917 2576; x_wconf 81' lang='grc' dir='ltr'>ἀθέσμως</span> <span class='ocrx_word' id='word_1_543' title='bbox 2947 2505 3272 2577; x_wconf 87' lang='grc' dir='ltr'>γαμουμένη</span> 
     </span>
    </p>
   </div>
   <div class='ocr_carea' id='block_1_85' title="bbox 1912 2589 3409 2667">
    <p class='ocr_par' dir='ltr' id='par_1_85' title="bbox 1912 2589 3409 2667">
     <span class='ocr_line' id='line_1_87' title="bbox 1912 2589 3409 2667; baseline 0 -20"><span class='ocrx_word' id='word_1_544' title='bbox 1912 2593 2021 2649; x_wconf 85' lang='grc' dir='ltr'><strong>Ούκ</strong></span> <span class='ocrx_word' id='word_1_545' title='bbox 2049 2594 2109 2648; x_wconf 78' lang='grc' dir='ltr'>ἂν</span> <span class='ocrx_word' id='word_1_546' title='bbox 2143 2592 2318 2667; x_wconf 87' lang='grc' dir='ltr'>γάμον</span> <span class='ocrx_word' id='word_1_547' title='bbox 2349 2594 2648 2662; x_wconf 75' lang='grc' dir='ltr'>ποιήσειεν,</span> <span class='ocrx_word' id='word_1_548' title='bbox 2684 2593 2728 2646; x_wconf 86' lang='grc' dir='ltr'><strong>εί</strong></span> <span class='ocrx_word' id='word_1_549' title='bbox 2755 2589 2811 2646; x_wconf 73' lang='grc' dir='ltr'>δὲ</span> <span class='ocrx_word' id='word_1_550' title='bbox 2841 2599 3091 2666; x_wconf 79' lang='grc' dir='ltr'>προϋπῆν</span> <span class='ocrx_word' id='word_1_551' title='bbox 3129 2591 3409 2665; x_wconf 88' lang='grc' dir='ltr'>μνηστεία,</span> 
     </span>
    </p>
   </div>
   <div class='ocr_carea' id='block_1_86' title="bbox 1918 2679 3270 2758">
    <p class='ocr_par' dir='ltr' id='par_1_86' title="bbox 1918 2679 3270 2758">
     <span class='ocr_line' id='line_1_88' title="bbox 1918 2679 3270 2758; baseline -0.003 -20"><span class='ocrx_word' id='word_1_552' title='bbox 1918 2682 2058 2753; x_wconf 76' lang='grc' dir='ltr'>Αὕτη</span> <span class='ocrx_word' id='word_1_553' title='bbox 2091 2683 2180 2736; x_wconf 88' lang='grc' dir='ltr'>καὶ</span> <span class='ocrx_word' id='word_1_554' title='bbox 2212 2679 2376 2735; x_wconf 77' lang='grc' dir='ltr'>πάλιν</span> <span class='ocrx_word' id='word_1_555' title='bbox 2409 2683 2612 2758; x_wconf 86' lang='grc' dir='ltr'>πέφυκε</span> <span class='ocrx_word' id='word_1_556' title='bbox 2639 2685 2719 2754; x_wconf 79' lang='grc' dir='ltr'>τῷ</span> <span class='ocrx_word' id='word_1_557' title='bbox 2746 2679 2902 2754; x_wconf 84' lang='grc' dir='ltr'>νόμῳ</span> <span class='ocrx_word' id='word_1_558' title='bbox 2928 2685 3270 2754; x_wconf 62' lang='grc' dir='ltr'>παραμένεγῖ</span> 
     </span>
    </p>
   </div>
   <div class='ocr_carea' id='block_1_87' title="bbox 1912 2768 3394 2844">
    <p class='ocr_par' dir='ltr' id='par_1_87' title="bbox 1912 2768 3394 2844">
     <span class='ocr_line' id='line_1_89' title="bbox 1912 2768 3394 2844; baseline 0.001 -19"><span class='ocrx_word' id='word_1_559' title='bbox 1912 2772 1974 2829; x_wconf 81' lang='grc' dir='ltr'><strong>Εἰ</strong></span> <span class='ocrx_word' id='word_1_560' title='bbox 2009 2773 2083 2844; x_wconf 88' lang='grc' dir='ltr'><strong>μή</strong></span> <span class='ocrx_word' id='word_1_561' title='bbox 2113 2793 2197 2834; x_wconf 90' lang='grc' dir='ltr'><strong>τις</strong></span> <span class='ocrx_word' id='word_1_562' title='bbox 2227 2768 2407 2824; x_wconf 86' lang='grc' dir='ltr'>λύσειν</span> <span class='ocrx_word' id='word_1_563' title='bbox 2437 2769 2695 2844; x_wconf 87' lang='grc' dir='ltr'>βούλοιτο</span> <span class='ocrx_word' id='word_1_564' title='bbox 2724 2769 2926 2839; x_wconf 82' lang='grc' dir='ltr'>ταύτην</span> <span class='ocrx_word' id='word_1_565' title='bbox 2960 2769 3035 2831; x_wconf 83' lang='grc' dir='ltr'>ὡς</span> <span class='ocrx_word' id='word_1_566' title='bbox 3065 2769 3170 2824; x_wconf 88' lang='grc' dir='ltr'>ἀπὸ</span> <span class='ocrx_word' id='word_1_567' title='bbox 3200 2769 3394 2842; x_wconf 91' lang='grc' dir='ltr'>νόμου.</span> 
     </span>
    </p>
   </div>
   <div class='ocr_carea' id='block_1_88' title="bbox 1908 2853 3342 2936">
    <p class='ocr_par' dir='ltr' id='par_1_88' title="bbox 1908 2853 3342 2936">
     <span class='ocr_line' id='line_1_90' title="bbox 1908 2853 3342 2936; baseline -0.003 -18"><span class='ocrx_word' id='word_1_568' title='bbox 1908 2866 2040 2922; x_wconf 87' lang='grc' dir='ltr'>Ταῖς</span> <span class='ocrx_word' id='word_1_569' title='bbox 2079 2860 2170 2933; x_wconf 74' lang='grc' dir='ltr'><strong>μὲν</strong></span> <span class='ocrx_word' id='word_1_570' title='bbox 2201 2857 2446 2930; x_wconf 87' lang='grc' dir='ltr'>θηλείαις</span> <span class='ocrx_word' id='word_1_571' title='bbox 2479 2855 2688 2913; x_wconf 87' lang='grc' dir='ltr'>δώδεκα</span> <span class='ocrx_word' id='word_1_572' title='bbox 2719 2856 2794 2920; x_wconf 71' lang='grc' dir='ltr'>εἷς</span> <span class='ocrx_word' id='word_1_573' title='bbox 2826 2853 3054 2936; x_wconf 73' lang='grc' dir='ltr'>ἐφηϐίαν</span> <span class='ocrx_word' id='word_1_574' title='bbox 3085 2859 3342 2934; x_wconf 86' lang='grc' dir='ltr'>χρόνους,</span> 
     </span>
    </p>
   </div>
   <div class='ocr_carea' id='block_1_89' title="bbox 1908 2945 3262 3024">
    <p class='ocr_par' dir='ltr' id='par_1_89' title="bbox 1908 2945 3262 3024">
     <span class='ocr_line' id='line_1_91' title="bbox 1908 2945 3262 3024; baseline -0.004 -17"><span class='ocrx_word' id='word_1_575' title='bbox 1908 2951 1975 3008; x_wconf 82' lang='lat' dir='ltr'><strong>O&#39;t</strong></span> <span class='ocrx_word' id='word_1_576' title='bbox 2007 2947 2064 3004; x_wconf 79' lang='grc' dir='ltr'>δὲ</span> <span class='ocrx_word' id='word_1_577' title='bbox 2090 2949 2342 3023; x_wconf 86' lang='grc' dir='ltr'>τέσσαρες</span> <span class='ocrx_word' id='word_1_578' title='bbox 2371 2947 2457 3002; x_wconf 81' lang='grc' dir='ltr'>καὶ</span> <span class='ocrx_word' id='word_1_579' title='bbox 2487 2945 2613 3002; x_wconf 86' lang='grc' dir='ltr'>δέκα</span> <span class='ocrx_word' id='word_1_580' title='bbox 2641 2953 2756 3010; x_wconf 88' lang='grc' dir='ltr'>τοῖς</span> <span class='ocrx_word' id='word_1_581' title='bbox 2791 2946 2974 3024; x_wconf 73' lang='grc' dir='ltr'>ἄῤῥεσι</span> <span class='ocrx_word' id='word_1_582' title='bbox 3005 2947 3262 3022; x_wconf 78' lang='grc' dir='ltr'>κριττέοι,</span> 
     </span>
    </p>
   </div>
   <div class='ocr_carea' id='block_1_90' title="bbox 1911 3033 3187 3115">
    <p class='ocr_par' dir='ltr' id='par_1_90' title="bbox 1911 3033 3187 3115">
     <span class='ocr_line' id='line_1_92' title="bbox 1911 3033 3187 3115; baseline -0.002 -21"><span class='ocrx_word' id='word_1_583' title='bbox 1911 3043 2241 3115; x_wconf 83' lang='grc' dir='ltr'>Συνηγορεῖν</span> <span class='ocrx_word' id='word_1_584' title='bbox 2275 3035 2332 3092; x_wconf 68' lang='grc' dir='ltr'>δὲ</span> <span class='ocrx_word' id='word_1_585' title='bbox 2363 3035 2578 3091; x_wconf 83' lang='grc' dir='ltr'>δύναται</span> <span class='ocrx_word' id='word_1_586' title='bbox 2612 3038 2640 3092; x_wconf 85' lang='grc' dir='ltr'>ὁ</span> <span class='ocrx_word' id='word_1_587' title='bbox 2671 3033 3187 3107; x_wconf 78' lang='grc' dir='ltr'>ὀκτωκαιδεκαέτης.</span> 
     </span>
    </p>
   </div>
   <div class='ocr_carea' id='block_1_91' title="bbox 1905 3124 3147 3204">
    <p class='ocr_par' dir='ltr' id='par_1_91' title="bbox 1905 3124 3147 3204">
     <span class='ocr_line' id='line_1_93' title="bbox 1905 3124 3147 3204; baseline -0.006 -17"><span class='ocrx_word' id='word_1_588' title='bbox 1905 3131 1967 3187; x_wconf 81' lang='grc' dir='ltr'><strong>Ὀ</strong></span> <span class='ocrx_word' id='word_1_589' title='bbox 1995 3127 2052 3184; x_wconf 74' lang='grc' dir='ltr'>δὲ</span> <span class='ocrx_word' id='word_1_590' title='bbox 2081 3129 2340 3191; x_wconf 72' lang='grc' dir='ltr'>υἱοθετῶν</span> <span class='ocrx_word' id='word_1_591' title='bbox 2369 3147 2487 3182; x_wconf 87' lang='grc' dir='ltr'>τινα</span> <span class='ocrx_word' id='word_1_592' title='bbox 2521 3127 2718 3199; x_wconf 85' lang='grc' dir='ltr'>μείζων</span> <span class='ocrx_word' id='word_1_593' title='bbox 2745 3124 2949 3204; x_wconf 82' lang='grc' dir='ltr'>ὀφείλει</span> <span class='ocrx_word' id='word_1_594' title='bbox 2983 3127 3147 3193; x_wconf 78' lang='grc' dir='ltr'>εἶναι,</span> 
     </span>
    </p>
   </div>
   <div class='ocr_carea' id='block_1_92' title="bbox 1905 3213 3213 3292">
    <p class='ocr_par' dir='ltr' id='par_1_92' title="bbox 1905 3213 3213 3292">
     <span class='ocr_line' id='line_1_94' title="bbox 1905 3213 3213 3292; baseline -0.005 -17"><span class='ocrx_word' id='word_1_595' title='bbox 1905 3218 2136 3292; x_wconf 86' lang='grc' dir='ltr'>Χρόνοις</span> <span class='ocrx_word' id='word_1_596' title='bbox 2167 3217 2218 3272; x_wconf 80' lang='grc' dir='ltr'>ἐν</span> <span class='ocrx_word' id='word_1_597' title='bbox 2254 3213 2623 3271; x_wconf 85' lang='grc' dir='ltr'>ὀκτωκαίδεκα</span> <span class='ocrx_word' id='word_1_598' title='bbox 2651 3220 2748 3269; x_wconf 81' lang='grc' dir='ltr'><strong>τοῦ</strong></span> <span class='ocrx_word' id='word_1_599' title='bbox 2779 3213 3213 3287; x_wconf 71' lang='grc' dir='ltr'>υίοθετουμίνου·</span> 
     </span>
    </p>
   </div>
   <div class='ocr_carea' id='block_1_93' title="bbox 1825 3289 3180 3381">
    <p class='ocr_par' dir='ltr' id='par_1_93' title="bbox 1825 3289 3180 3381">
     <span class='ocr_line' id='line_1_95' title="bbox 1825 3289 3180 3381; baseline -0.004 -17"><span class='ocrx_word' id='word_1_600' title='bbox 1825 3289 1868 3355; x_wconf 79' lang='lat' dir='ltr'>C</span> <span class='ocrx_word' id='word_1_601' title='bbox 1902 3289 2107 3378; x_wconf 66' lang='grc' dir='ltr'>Θηλεια</span> <span class='ocrx_word' id='word_1_602' title='bbox 2142 3307 2234 3381; x_wconf 69' lang='grc' dir='ltr'>μὶν</span> <span class='ocrx_word' id='word_1_603' title='bbox 2268 3305 2545 3376; x_wconf 72' lang='grc' dir='ltr'>αἰτήσεται</span> <span class='ocrx_word' id='word_1_604' title='bbox 2573 3306 2901 3381; x_wconf 87' lang='grc' dir='ltr'>συγγνώμην</span> <span class='ocrx_word' id='word_1_605' title='bbox 2937 3303 3180 3374; x_wconf 81' lang='grc' dir='ltr'>ἡλικίας,</span> 
     </span>
    </p>
   </div>
   <div class='ocr_carea' id='block_1_94' title="bbox 1899 3391 3264 3470">
    <p class='ocr_par' dir='ltr' id='par_1_94' title="bbox 1899 3391 3264 3470">
     <span class='ocr_line' id='line_1_96' title="bbox 1899 3391 3264 3470; baseline -0.006 -15"><span class='ocrx_word' id='word_1_606' title='bbox 1899 3397 2178 3470; x_wconf 83' lang='grc' dir='ltr'>Ἐννόμως</span> <span class='ocrx_word' id='word_1_607' title='bbox 2208 3395 2368 3451; x_wconf 72' lang='grc' dir='ltr'>τοῦτο</span> <span class='ocrx_word' id='word_1_608' title='bbox 2401 3397 2709 3470; x_wconf 79' lang='grc' dir='ltr'>πράττουσα</span> <span class='ocrx_word' id='word_1_609' title='bbox 2743 3391 3264 3464; x_wconf 55' lang='grc' dir='ltr'>ὀκτωκαιδεκαέτης</span> 
     </span>
    </p>
   </div>
   <div class='ocr_carea' id='block_1_95' title="bbox 1901 3480 3335 3562">
    <p class='ocr_par' dir='ltr' id='par_1_95' title="bbox 1901 3480 3335 3562">
     <span class='ocr_line' id='line_1_97' title="bbox 1901 3480 3335 3562; baseline -0.004 -20"><span class='ocrx_word' id='word_1_610' title='bbox 1901 3487 2069 3562; x_wconf 71' lang='grc' dir='ltr'><strong>Ἀνὴρ</strong></span> <span class='ocrx_word' id='word_1_611' title='bbox 2103 3483 2150 3541; x_wconf 86' lang='grc' dir='ltr'>δ’</span> <span class='ocrx_word' id='word_1_612' title='bbox 2180 3485 2492 3555; x_wconf 83' lang='grc' dir='ltr'>εἰκοσαέτης</span> <span class='ocrx_word' id='word_1_613' title='bbox 2524 3480 2660 3539; x_wconf 71' lang='grc' dir='ltr'>ἴστω</span> <span class='ocrx_word' id='word_1_614' title='bbox 2689 3483 2825 3558; x_wconf 86' lang='grc' dir='ltr'>πρὸς</span> <span class='ocrx_word' id='word_1_615' title='bbox 2855 3485 2954 3552; x_wconf 75' lang='grc' dir='ltr'>τὴν</span> <span class='ocrx_word' id='word_1_616' title='bbox 2987 3485 3335 3559; x_wconf 84' lang='grc' dir='ltr'>συγγνώμην.</span> 
     </span>
    </p>
   </div>
   <div class='ocr_carea' id='block_1_96' title="bbox 3179 3573 3486 3629">
    <p class='ocr_par' dir='ltr' id='par_1_96' title="bbox 3179 3573 3486 3629">
     <span class='ocr_line' id='line_1_98' title="bbox 3179 3573 3486 3629; baseline 0 -2"><span class='ocrx_word' id='word_1_617' title='bbox 3179 3573 3346 3629; x_wconf 90' lang='lat' dir='ltr'><strong>Vers.</strong></span> <span class='ocrx_word' id='word_1_618' title='bbox 3378 3574 3486 3627; x_wconf 81' lang='grc'><strong>742</strong></span> 
     </span>
    </p>
   </div>
   <div class='ocr_carea' id='block_1_97' title="bbox 1911 3701 3559 3773">
    <p class='ocr_par' dir='ltr' id='par_1_97' title="bbox 1911 3701 3559 3773">
     <span class='ocr_line' id='line_1_99' title="bbox 1911 3701 3559 3773; baseline -0.004 -11"><span class='ocrx_word' id='word_1_619' title='bbox 1911 3705 2146 3762; x_wconf 89' lang='lat' dir='ltr'><strong>biennio</strong></span> <span class='ocrx_word' id='word_1_620' title='bbox 2179 3704 2402 3759; x_wconf 85' lang='lat' dir='ltr'><strong>ﬁnitur.</strong></span> <span class='ocrx_word' id='word_1_621' title='bbox 2455 3701 2762 3773; x_wconf 84' lang='lat' dir='ltr'><strong>Excipiens</strong></span> <span class='ocrx_word' id='word_1_622' title='bbox 2797 3701 2868 3756; x_wconf 89' lang='lat' dir='ltr'><strong>de</strong></span> <span class='ocrx_word' id='word_1_623' title='bbox 2925 3717 3040 3754; x_wconf 83' lang='lat' dir='ltr'><strong>non</strong></span> <span class='ocrx_word' id='word_1_624' title='bbox 3093 3705 3403 3756; x_wconf 87' lang='lat' dir='ltr'><strong>numerata</strong></span> <span class='ocrx_word' id='word_1_625' title='bbox 3461 3717 3559 3770; x_wconf 89' lang='lat' dir='ltr'><strong>pe-</strong></span> 
     </span>
    </p>
   </div>
   <div class='ocr_carea' id='block_1_98' title="bbox 1911 3789 3562 3860">
    <p class='ocr_par' dir='ltr' id='par_1_98' title="bbox 1911 3789 3562 3860">
     <span class='ocr_line' id='line_1_100' title="bbox 1911 3789 3562 3860; baseline -0.005 -8"><span class='ocrx_word' id='word_1_626' title='bbox 1911 3795 2105 3859; x_wconf 87' lang='lat' dir='ltr'><strong>cunia,</strong></span> <span class='ocrx_word' id='word_1_627' title='bbox 2138 3792 2445 3848; x_wconf 81' lang='lat' dir='ltr'><strong>biennium</strong></span> <span class='ocrx_word' id='word_1_628' title='bbox 2478 3793 2827 3847; x_wconf 89' lang='lat' dir='ltr'><strong>continuum</strong></span> <span class='ocrx_word' id='word_1_629' title='bbox 2875 3789 3137 3854; x_wconf 84' lang='lat' dir='ltr'><strong>habebit,</strong></span> <span class='ocrx_word' id='word_1_630' title='bbox 3196 3793 3398 3860; x_wconf 88' lang='lat' dir='ltr'><strong>postea</strong></span> <span class='ocrx_word' id='word_1_631' title='bbox 3446 3806 3562 3844; x_wconf 91' lang='lat' dir='ltr'><strong>non</strong></span> 
     </span>
    </p>
   </div>
   <div class='ocr_carea' id='block_1_99' title="bbox 1912 3877 3563 3955">
    <p class='ocr_par' dir='ltr' id='par_1_99' title="bbox 1912 3877 3563 3955">
     <span class='ocr_line' id='line_1_101' title="bbox 1912 3877 3563 3955; baseline -0.004 -16"><span class='ocrx_word' id='word_1_632' title='bbox 1912 3880 2674 3955; x_wconf 80' lang='lat' dir='ltr'><strong>excipiet.Empbyteuta,et</strong></span> <span class='ocrx_word' id='word_1_633' title='bbox 2705 3879 3024 3934; x_wconf 88' lang='lat' dir='ltr'><strong>conductor</strong></span> <span class='ocrx_word' id='word_1_634' title='bbox 3052 3877 3400 3933; x_wconf 86' lang='lat' dir='ltr'><strong>venerabilis</strong></span> <span class='ocrx_word' id='word_1_635' title='bbox 3430 3877 3563 3945; x_wconf 90' lang='lat' dir='ltr'><strong>loci,</strong></span> 
     </span>
    </p>
   </div>
   <div class='ocr_carea' id='block_1_100' title="bbox 1913 3967 3564 4039">
    <p class='ocr_par' dir='ltr' id='par_1_100' title="bbox 1913 3967 3564 4039">
     <span class='ocr_line' id='line_1_102' title="bbox 1913 3967 3564 4039; baseline -0.004 -11"><span class='ocrx_word' id='word_1_636' title='bbox 1913 3974 2259 4028; x_wconf 89' lang='lat' dir='ltr'><strong>deteriorem</strong></span> <span class='ocrx_word' id='word_1_637' title='bbox 2293 3971 2512 4025; x_wconf 85' lang='lat' dir='ltr'><strong>faciens</strong></span> <span class='ocrx_word' id='word_1_638' title='bbox 2546 3985 2668 4024; x_wconf 90' lang='lat' dir='ltr'><strong>rem</strong></span> <span class='ocrx_word' id='word_1_639' title='bbox 2700 3969 3078 4034; x_wconf 87' lang='lat' dir='ltr'><strong>conductam,</strong></span> <span class='ocrx_word' id='word_1_640' title='bbox 3120 3967 3208 4022; x_wconf 85' lang='lat' dir='ltr'><strong>vel</strong></span> <span class='ocrx_word' id='word_1_641' title='bbox 3240 3984 3354 4022; x_wconf 91' lang='lat' dir='ltr'><strong>non</strong></span> <span class='ocrx_word' id='word_1_642' title='bbox 3389 3984 3564 4039; x_wconf 84' lang='lat' dir='ltr'><strong>agno-</strong></span> 
     </span>
    </p>
   </div>
   <div class='ocr_carea' id='block_1_101' title="bbox 1913 4056 3570 4127">
    <p class='ocr_par' dir='ltr' id='par_1_101' title="bbox 1913 4056 3570 4127">
     <span class='ocr_line' id='line_1_103' title="bbox 1913 4056 3570 4127; baseline -0.002 -11"><span class='ocrx_word' id='word_1_643' title='bbox 1913 4077 2082 4117; x_wconf 90' lang='lat' dir='ltr'><strong>scens</strong></span> <span class='ocrx_word' id='word_1_644' title='bbox 2114 4059 2379 4115; x_wconf 89' lang='lat' dir='ltr'><strong>debitum</strong></span> <span class='ocrx_word' id='word_1_645' title='bbox 2412 4059 2642 4113; x_wconf 89' lang='lat' dir='ltr'><strong>duobus</strong></span> <span class='ocrx_word' id='word_1_646' title='bbox 2674 4057 2846 4112; x_wconf 90' lang='lat' dir='ltr'><strong>annis</strong></span> <span class='ocrx_word' id='word_1_647' title='bbox 2877 4056 3146 4125; x_wconf 82' lang='lat' dir='ltr'><strong>integris,</strong></span> <span class='ocrx_word' id='word_1_648' title='bbox 3200 4073 3259 4111; x_wconf 92' lang='lat' dir='ltr'><strong>re</strong></span> <span class='ocrx_word' id='word_1_649' title='bbox 3286 4056 3570 4127; x_wconf 87' lang='lat' dir='ltr'><strong>privatur.</strong></span> 
     </span>
    </p>
   </div>
   <div class='ocr_carea' id='block_1_102' title="bbox 1911 4145 3572 4216">
    <p class='ocr_par' dir='ltr' id='par_1_102' title="bbox 1911 4145 3572 4216">
     <span class='ocr_line' id='line_1_104' title="bbox 1911 4145 3572 4216; baseline -0.002 -12"><span class='ocrx_word' id='word_1_650' title='bbox 1911 4151 1967 4204; x_wconf 89' lang='lat' dir='ltr'><strong>Si</strong></span> <span class='ocrx_word' id='word_1_651' title='bbox 1998 4148 2232 4206; x_wconf 87' lang='lat' dir='ltr'><strong>biennio</strong></span> <span class='ocrx_word' id='word_1_652' title='bbox 2277 4146 2719 4203; x_wconf 87' lang='lat' dir='ltr'><strong>matrimonium</strong></span> <span class='ocrx_word' id='word_1_653' title='bbox 2769 4145 3120 4211; x_wconf 87' lang='lat' dir='ltr'><strong>constiterit,</strong></span> <span class='ocrx_word' id='word_1_654' title='bbox 3143 4149 3201 4201; x_wconf 91' lang='lat' dir='ltr'><strong>et</strong></span> <span class='ocrx_word' id='word_1_655' title='bbox 3232 4151 3434 4216; x_wconf 87' lang='lat' dir='ltr'><strong>postea</strong></span> <span class='ocrx_word' id='word_1_656' title='bbox 3477 4163 3572 4201; x_wconf 90' lang='lat' dir='ltr'><strong>so-</strong></span> 
     </span>
    </p>
   </div>
   <div class='ocr_carea' id='block_1_103' title="bbox 1912 4235 3568 4310">
    <p class='ocr_par' dir='ltr' id='par_1_103' title="bbox 1912 4235 3568 4310">
     <span class='ocr_line' id='line_1_105' title="bbox 1912 4235 3568 4310; baseline -0.003 -16"><span class='ocrx_word' id='word_1_657' title='bbox 1912 4239 2135 4295; x_wconf 81' lang='lat' dir='ltr'><strong>lutione</strong></span> <span class='ocrx_word' id='word_1_658' title='bbox 2190 4236 2454 4310; x_wconf 86' lang='lat' dir='ltr'><strong>legitima</strong></span> <span class='ocrx_word' id='word_1_659' title='bbox 2511 4235 2770 4291; x_wconf 80' lang='lat' dir='ltr'><strong>solutum</strong></span> <span class='ocrx_word' id='word_1_660' title='bbox 2831 4236 2925 4300; x_wconf 89' lang='lat' dir='ltr'><strong>sit,</strong></span> <span class='ocrx_word' id='word_1_661' title='bbox 2957 4235 3080 4290; x_wconf 90' lang='lat' dir='ltr'><strong>viro</strong></span> <span class='ocrx_word' id='word_1_662' title='bbox 3112 4235 3395 4306; x_wconf 89' lang='lat' dir='ltr'><strong>repetenti</strong></span> <span class='ocrx_word' id='word_1_663' title='bbox 3423 4235 3568 4290; x_wconf 89' lang='lat' dir='ltr'><strong>scri-</strong></span> 
     </span>
    </p>
   </div>
   <div class='ocr_carea' id='block_1_104' title="bbox 1913 4324 3572 4401">
    <p class='ocr_par' dir='ltr' id='par_1_104' title="bbox 1913 4324 3572 4401">
     <span class='ocr_line' id='line_1_106' title="bbox 1913 4324 3572 4401; baseline -0.004 -17"><span class='ocrx_word' id='word_1_664' title='bbox 1913 4333 2077 4401; x_wconf 89' lang='lat' dir='ltr'><strong>ptam</strong></span> <span class='ocrx_word' id='word_1_665' title='bbox 2107 4328 2306 4383; x_wconf 86' lang='lat' dir='ltr'><strong>dotem</strong></span> <span class='ocrx_word' id='word_1_666' title='bbox 2338 4326 2618 4395; x_wconf 88' lang='lat' dir='ltr'><strong>competit</strong></span> <span class='ocrx_word' id='word_1_667' title='bbox 2668 4325 2931 4396; x_wconf 82' lang='lat' dir='ltr'><strong>exceptio</strong></span> <span class='ocrx_word' id='word_1_668' title='bbox 2982 4324 3052 4378; x_wconf 91' lang='lat' dir='ltr'><strong>de</strong></span> <span class='ocrx_word' id='word_1_669' title='bbox 3113 4341 3226 4378; x_wconf 90' lang='lat' dir='ltr'><strong>non</strong></span> <span class='ocrx_word' id='word_1_670' title='bbox 3259 4327 3572 4379; x_wconf 87' lang='lat' dir='ltr'><strong>numerata</strong></span> 
     </span>
    </p>
   </div>
   <div class='ocr_carea' id='block_1_105' title="bbox 1915 4411 3568 4489">
    <p class='ocr_par' dir='ltr' id='par_1_105' title="bbox 1915 4411 3568 4489">
     <span class='ocr_line' id='line_1_107' title="bbox 1915 4411 3568 4489; baseline -0.004 -15"><span class='ocrx_word' id='word_1_671' title='bbox 1915 4418 2166 4489; x_wconf 89' lang='lat' dir='ltr'><strong>pecunia</strong></span> <span class='ocrx_word' id='word_1_672' title='bbox 2198 4417 2284 4473; x_wconf 90' lang='lat' dir='ltr'><strong>:si</strong></span> <span class='ocrx_word' id='word_1_673' title='bbox 2339 4431 2472 4471; x_wconf 90' lang='lat' dir='ltr'><strong>vero</strong></span> <span class='ocrx_word' id='word_1_674' title='bbox 2521 4415 2593 4470; x_wconf 91' lang='lat' dir='ltr'><strong>ad</strong></span> <span class='ocrx_word' id='word_1_675' title='bbox 2627 4415 2828 4469; x_wconf 89' lang='lat' dir='ltr'><strong>decem</strong></span> <span class='ocrx_word' id='word_1_676' title='bbox 2882 4430 3070 4469; x_wconf 89' lang='lat' dir='ltr'><strong>annos</strong></span> <span class='ocrx_word' id='word_1_677' title='bbox 3102 4416 3435 4484; x_wconf 89' lang='lat' dir='ltr'><strong>porrectum</strong></span> <span class='ocrx_word' id='word_1_678' title='bbox 3469 4411 3568 4483; x_wconf 89' lang='lat' dir='ltr'><strong>sit,</strong></span> 
     </span>
    </p>
   </div>
   <div class='ocr_carea' id='block_1_106' title="bbox 1917 4499 3566 4562">
    <p class='ocr_par' dir='ltr' id='par_1_106' title="bbox 1917 4499 3566 4562">
     <span class='ocr_line' id='line_1_108' title="bbox 1917 4499 3566 4562; baseline -0.004 0"><span class='ocrx_word' id='word_1_679' title='bbox 1917 4514 2034 4562; x_wconf 83' lang='lat' dir='ltr'><strong>tres</strong></span> <span class='ocrx_word' id='word_1_680' title='bbox 2059 4521 2293 4561; x_wconf 88' lang='lat' dir='ltr'><strong>menses</strong></span> <span class='ocrx_word' id='word_1_681' title='bbox 2325 4504 2518 4560; x_wconf 91' lang='lat' dir='ltr'><strong>solum</strong></span> <span class='ocrx_word' id='word_1_682' title='bbox 2551 4503 2870 4560; x_wconf 88' lang='lat' dir='ltr'><strong>illidantur</strong></span> <span class='ocrx_word' id='word_1_683' title='bbox 2896 4503 2969 4557; x_wconf 87' lang='lat' dir='ltr'><strong>ad</strong></span> <span class='ocrx_word' id='word_1_684' title='bbox 3003 4499 3522 4557; x_wconf 82' lang='lat' dir='ltr'><strong>movendalulitem</strong></span> <span class='ocrx_word' id='word_1_685' title='bbox 3553 4517 3566 4556; x_wconf 89' lang='lat'><strong>:</strong></span> 
     </span>
    </p>
   </div>
   <div class='ocr_carea' id='block_1_107' title="bbox 1913 4589 3568 4666">
    <p class='ocr_par' dir='ltr' id='par_1_107' title="bbox 1913 4589 3568 4666">
     <span class='ocr_line' id='line_1_109' title="bbox 1913 4589 3568 4666; baseline -0.004 -15"><span class='ocrx_word' id='word_1_686' title='bbox 1913 4595 2120 4651; x_wconf 90' lang='lat' dir='ltr'><strong>Omnis</strong></span> <span class='ocrx_word' id='word_1_687' title='bbox 2152 4593 2494 4666; x_wconf 87' lang='lat' dir='ltr'><strong>pecuniaria</strong></span> <span class='ocrx_word' id='word_1_688' title='bbox 2524 4610 2699 4649; x_wconf 86' lang='lat' dir='ltr'><strong>causa</strong></span> <span class='ocrx_word' id='word_1_689' title='bbox 2731 4591 2990 4662; x_wconf 77' lang='lat' dir='ltr'><strong>legitime</strong></span> <span class='ocrx_word' id='word_1_690' title='bbox 3012 4590 3354 4656; x_wconf 85' lang='lat' dir='ltr'><strong>mota,ultra</strong></span> <span class='ocrx_word' id='word_1_691' title='bbox 3383 4589 3568 4645; x_wconf 85' lang='lat' dir='ltr'><strong>trien-</strong></span> 
     </span>
    </p>
   </div>
   <div class='ocr_carea' id='block_1_108' title="bbox 1915 4679 3566 4754">
    <p class='ocr_par' dir='ltr' id='par_1_108' title="bbox 1915 4679 3566 4754">
     <span class='ocr_line' id='line_1_110' title="bbox 1915 4679 3566 4754; baseline -0.002 -16"><span class='ocrx_word' id='word_1_692' title='bbox 1915 4684 2078 4738; x_wconf 88' lang='lat' dir='ltr'><strong>nium</strong></span> <span class='ocrx_word' id='word_1_693' title='bbox 2112 4681 2359 4754; x_wconf 88' lang='lat' dir='ltr'><strong>produci</strong></span> <span class='ocrx_word' id='word_1_694' title='bbox 2385 4698 2500 4736; x_wconf 86' lang='lat' dir='ltr'><strong>non</strong></span> <span class='ocrx_word' id='word_1_695' title='bbox 2535 4682 2724 4735; x_wconf 85' lang='lat' dir='ltr'><strong>debet.</strong></span> <span class='ocrx_word' id='word_1_696' title='bbox 2759 4681 2897 4736; x_wconf 91' lang='lat' dir='ltr'><strong>Post</strong></span> <span class='ocrx_word' id='word_1_697' title='bbox 2943 4695 3168 4734; x_wconf 85' lang='lat' dir='ltr'><strong>annum</strong></span> <span class='ocrx_word' id='word_1_698' title='bbox 3218 4679 3566 4734; x_wconf 88' lang='lat' dir='ltr'><strong>vicesimum</strong></span> 
     </span>
    </p>
   </div>
   <div class='ocr_carea' id='block_1_109' title="bbox 1914 4767 3570 4844">
    <p class='ocr_par' dir='ltr' id='par_1_109' title="bbox 1914 4767 3570 4844">
     <span class='ocr_line' id='line_1_111' title="bbox 1914 4767 3570 4844; baseline -0.004 -16"><span class='ocrx_word' id='word_1_699' title='bbox 1914 4773 2210 4844; x_wconf 88' lang='lat' dir='ltr'><strong>quintum,</strong></span> <span class='ocrx_word' id='word_1_700' title='bbox 2257 4772 2329 4826; x_wconf 86' lang='lat' dir='ltr'><strong>ad</strong></span> <span class='ocrx_word' id='word_1_701' title='bbox 2390 4769 2821 4825; x_wconf 84' lang='lat' dir='ltr'><strong>restitutionem</strong></span> <span class='ocrx_word' id='word_1_702' title='bbox 2877 4767 3208 4823; x_wconf 87' lang='lat' dir='ltr'><strong>minoribus</strong></span> <span class='ocrx_word' id='word_1_703' title='bbox 3255 4767 3570 4838; x_wconf 88' lang='lat' dir='ltr'><strong>quadrien-</strong></span> 
     </span>
    </p>
   </div>
   <div class='ocr_carea' id='block_1_110' title="bbox 1915 4855 3569 4926">
    <p class='ocr_par' dir='ltr' id='par_1_110' title="bbox 1915 4855 3569 4926">
     <span class='ocr_line' id='line_1_112' title="bbox 1915 4855 3569 4926; baseline -0.004 -9"><span class='ocrx_word' id='word_1_704' title='bbox 1915 4863 2081 4917; x_wconf 89' lang='lat' dir='ltr'><strong>nium</strong></span> <span class='ocrx_word' id='word_1_705' title='bbox 2105 4861 2264 4916; x_wconf 89' lang='lat' dir='ltr'><strong>dato.</strong></span> <span class='ocrx_word' id='word_1_706' title='bbox 2300 4857 2556 4924; x_wconf 66' lang='lat' dir='ltr'><strong>Querela</strong></span> <span class='ocrx_word' id='word_1_707' title='bbox 2619 4855 2930 4911; x_wconf 81' lang='lat' dir='ltr'><strong>inofﬁciosi</strong></span> <span class='ocrx_word' id='word_1_708' title='bbox 2973 4861 3204 4926; x_wconf 84' lang='lat' dir='ltr'><strong>tempus</strong></span> <span class='ocrx_word' id='word_1_709' title='bbox 3238 4856 3569 4926; x_wconf 89' lang='lat' dir='ltr'><strong>quinquen-</strong></span> 
     </span>
    </p>
   </div>
   <div class='ocr_carea' id='block_1_111' title="bbox 1911 4944 3567 5014">
    <p class='ocr_par' dir='ltr' id='par_1_111' title="bbox 1911 4944 3567 5014">
     <span class='ocr_line' id='line_1_113' title="bbox 1911 4944 3567 5014; baseline -0.007 -7"><span class='ocrx_word' id='word_1_710' title='bbox 1911 4951 2101 5007; x_wconf 87' lang='lat' dir='ltr'><strong>nium.</strong></span> <span class='ocrx_word' id='word_1_711' title='bbox 2135 4948 2423 5004; x_wconf 85' lang='lat' dir='ltr'><strong>Adulterii</strong></span> <span class='ocrx_word' id='word_1_712' title='bbox 2455 4946 2678 5000; x_wconf 91' lang='lat' dir='ltr'><strong>crimen</strong></span> <span class='ocrx_word' id='word_1_713' title='bbox 2719 4945 3123 5014; x_wconf 87' lang='lat' dir='ltr'><strong>quinquennio</strong></span> <span class='ocrx_word' id='word_1_714' title='bbox 3155 4944 3567 5013; x_wconf 80' lang='lat' dir='ltr'><strong>exstinguitur.</strong></span> 
     </span>
    </p>
   </div>
   <div class='ocr_carea' id='block_1_112' title="bbox 1913 5029 3569 5106">
    <p class='ocr_par' dir='ltr' id='par_1_112' title="bbox 1913 5029 3569 5106">
     <span class='ocr_line' id='line_1_114' title="bbox 1913 5029 3569 5106; baseline -0.008 -10"><span class='ocrx_word' id='word_1_715' title='bbox 1913 5039 2226 5096; x_wconf 82' lang='lat' dir='ltr'><strong>Peculatus</strong></span> <span class='ocrx_word' id='word_1_716' title='bbox 2256 5037 2476 5093; x_wconf 85' lang='lat' dir='ltr'><strong>crimen</strong></span> <span class='ocrx_word' id='word_1_717' title='bbox 2510 5033 2772 5106; x_wconf 90' lang='lat' dir='ltr'><strong>quinque</strong></span> <span class='ocrx_word' id='word_1_718' title='bbox 2806 5031 2976 5088; x_wconf 89' lang='lat' dir='ltr'><strong>annis</strong></span> <span class='ocrx_word' id='word_1_719' title='bbox 3008 5032 3229 5100; x_wconf 82' lang='lat' dir='ltr'><strong>ﬁnitur,</strong></span> <span class='ocrx_word' id='word_1_720' title='bbox 3273 5048 3377 5087; x_wconf 87' lang='lat' dir='ltr'><strong>nec</strong></span> <span class='ocrx_word' id='word_1_721' title='bbox 3419 5029 3569 5085; x_wconf 88' lang='lat' dir='ltr'><strong>ulte-</strong></span> 
     </span>
    </p>
   </div>
   <div class='ocr_carea' id='block_1_113' title="bbox 1915 5123 3567 5196">
    <p class='ocr_par' dir='ltr' id='par_1_113' title="bbox 1915 5123 3567 5196">
     <span class='ocr_line' id='line_1_115' title="bbox 1915 5123 3567 5196; baseline -0.007 -12"><span class='ocrx_word' id='word_1_722' title='bbox 1915 5131 2038 5184; x_wconf 89' lang='lat' dir='ltr'><strong>rius</strong></span> <span class='ocrx_word' id='word_1_723' title='bbox 2061 5129 2210 5184; x_wconf 87' lang='lat' dir='ltr'><strong>actio</strong></span> <span class='ocrx_word' id='word_1_724' title='bbox 2243 5123 2539 5196; x_wconf 90' lang='lat' dir='ltr'><strong>competit.</strong></span> <span class='ocrx_word' id='word_1_725' title='bbox 2601 5124 2803 5180; x_wconf 76' lang='lat' dir='ltr'><strong>Infans</strong></span> <span class='ocrx_word' id='word_1_726' title='bbox 2860 5127 2949 5178; x_wconf 89' lang='lat' dir='ltr'><strong>est</strong></span> <span class='ocrx_word' id='word_1_727' title='bbox 2978 5137 3269 5178; x_wconf 88' lang='lat' dir='ltr'><strong>annorum</strong></span> <span class='ocrx_word' id='word_1_728' title='bbox 3317 5123 3567 5190; x_wconf 90' lang='lat' dir='ltr'><strong>septem.</strong></span> 
     </span>
    </p>
   </div>
   <div class='ocr_carea' id='block_1_114' title="bbox 1913 5208 3565 5280">
    <p class='ocr_par' dir='ltr' id='par_1_114' title="bbox 1913 5208 3565 5280">
     <span class='ocr_line' id='line_1_116' title="bbox 1913 5208 3565 5280; baseline -0.005 -7"><span class='ocrx_word' id='word_1_729' title='bbox 1913 5219 2074 5274; x_wconf 89' lang='lat' dir='ltr'><strong>Intra</strong></span> <span class='ocrx_word' id='word_1_730' title='bbox 2105 5224 2233 5273; x_wconf 91' lang='lat' dir='ltr'><strong>octo</strong></span> <span class='ocrx_word' id='word_1_731' title='bbox 2263 5232 2451 5273; x_wconf 81' lang='lat' dir='ltr'><strong>annos</strong></span> <span class='ocrx_word' id='word_1_732' title='bbox 2495 5214 2677 5270; x_wconf 87' lang='lat' dir='ltr'><strong>lector</strong></span> <span class='ocrx_word' id='word_1_733' title='bbox 2734 5229 2863 5268; x_wconf 87' lang='lat' dir='ltr'><strong>esse</strong></span> <span class='ocrx_word' id='word_1_734' title='bbox 2916 5227 3031 5266; x_wconf 90' lang='lat' dir='ltr'><strong>non</strong></span> <span class='ocrx_word' id='word_1_735' title='bbox 3089 5213 3298 5280; x_wconf 87' lang='lat' dir='ltr'><strong>potest.</strong></span> <span class='ocrx_word' id='word_1_736' title='bbox 3347 5208 3565 5264; x_wconf 78' lang='lat' dir='ltr'><strong>Rerum</strong></span> 
     </span>
    </p>
   </div>
   <div class='ocr_carea' id='block_1_115' title="bbox 1912 5297 3568 5375">
    <p class='ocr_par' dir='ltr' id='par_1_115' title="bbox 1912 5297 3568 5375">
     <span class='ocr_line' id='line_1_117' title="bbox 1912 5297 3568 5375; baseline -0.005 -14"><span class='ocrx_word' id='word_1_737' title='bbox 1912 5306 2331 5371; x_wconf 74' lang='lat' dir='ltr'><strong>immobilium,</strong></span> <span class='ocrx_word' id='word_1_738' title='bbox 2383 5323 2415 5361; x_wconf 94' lang='grc' dir='ltr'>ο</span> <span class='ocrx_word' id='word_1_739' title='bbox 2448 5305 2616 5375; x_wconf 89' lang='lat' dir='ltr'><strong>imp.,</strong></span> <span class='ocrx_word' id='word_1_740' title='bbox 2675 5303 2827 5357; x_wconf 90' lang='lat' dir='ltr'><strong>inter</strong></span> <span class='ocrx_word' id='word_1_741' title='bbox 2877 5304 3194 5374; x_wconf 66' lang='lat' dir='ltr'><strong>praesentes</strong></span> <span class='ocrx_word' id='word_1_742' title='bbox 3220 5297 3568 5370; x_wconf 88' lang='lat' dir='ltr'><strong>usucapioni</strong></span> 
     </span>
    </p>
   </div>
   <div class='ocr_carea' id='block_1_116' title="bbox 1912 5387 3570 5459">
    <p class='ocr_par' dir='ltr' id='par_1_116' title="bbox 1912 5387 3570 5459">
     <span class='ocr_line' id='line_1_118' title="bbox 1912 5387 3570 5459; baseline -0.006 -7"><span class='ocrx_word' id='word_1_743' title='bbox 1912 5400 2201 5452; x_wconf 89' lang='lat' dir='ltr'><strong>statutum</strong></span> <span class='ocrx_word' id='word_1_744' title='bbox 2264 5399 2352 5448; x_wconf 87' lang='lat' dir='ltr'><strong>est</strong></span> <span class='ocrx_word' id='word_1_745' title='bbox 2407 5390 2784 5455; x_wconf 86' lang='lat' dir='ltr'><strong>decennium,</strong></span> <span class='ocrx_word' id='word_1_746' title='bbox 2842 5390 2990 5446; x_wconf 85' lang='lat' dir='ltr'><strong>inter</strong></span> <span class='ocrx_word' id='word_1_747' title='bbox 3037 5389 3310 5444; x_wconf 88' lang='lat' dir='ltr'><strong>absentes</strong></span> <span class='ocrx_word' id='word_1_748' title='bbox 3359 5387 3570 5459; x_wconf 86' lang='lat' dir='ltr'><strong>viginti</strong></span> 
     </span>
    </p>
   </div>
   <div class='ocr_carea' id='block_1_117' title="bbox 1914 5476 3570 5542">
    <p class='ocr_par' dir='ltr' id='par_1_117' title="bbox 1914 5476 3570 5542">
     <span class='ocr_line' id='line_1_119' title="bbox 1914 5476 3570 5542; baseline -0.005 0"><span class='ocrx_word' id='word_1_749' title='bbox 1914 5487 2055 5542; x_wconf 88' lang='lat' dir='ltr'><strong>anni</strong></span> <span class='ocrx_word' id='word_1_750' title='bbox 2079 5492 2136 5540; x_wconf 91' lang='lat' dir='ltr'><strong>et</strong></span> <span class='ocrx_word' id='word_1_751' title='bbox 2167 5502 2280 5539; x_wconf 88' lang='lat' dir='ltr'><strong>non</strong></span> <span class='ocrx_word' id='word_1_752' title='bbox 2309 5482 2480 5538; x_wconf 88' lang='lat' dir='ltr'><strong>ultra.</strong></span> <span class='ocrx_word' id='word_1_753' title='bbox 2515 5481 2669 5536; x_wconf 82' lang='lat' dir='ltr'><strong>Anni</strong></span> <span class='ocrx_word' id='word_1_754' title='bbox 2703 5498 2819 5537; x_wconf 88' lang='lat' dir='ltr'><strong>non</strong></span> <span class='ocrx_word' id='word_1_755' title='bbox 2862 5484 3184 5535; x_wconf 66' lang='lat' dir='ltr'><strong>numerata:</strong></span> <span class='ocrx_word' id='word_1_756' title='bbox 3217 5476 3371 5532; x_wconf 89' lang='lat' dir='ltr'><strong>dotis</strong></span> <span class='ocrx_word' id='word_1_757' title='bbox 3425 5481 3570 5533; x_wconf 82' lang='lat' dir='ltr'><strong>sunt</strong></span> 
     </span>
    </p>
   </div>
   <div class='ocr_carea' id='block_1_118' title="bbox 1912 5567 3569 5639">
    <p class='ocr_par' dir='ltr' id='par_1_118' title="bbox 1912 5567 3569 5639">
     <span class='ocr_line' id='line_1_120' title="bbox 1912 5567 3569 5639; baseline -0.007 -6"><span class='ocrx_word' id='word_1_758' title='bbox 1912 5579 2140 5633; x_wconf 87' lang='lat' dir='ltr'><strong>decem.</strong></span> <span class='ocrx_word' id='word_1_759' title='bbox 2174 5575 2309 5639; x_wconf 74' lang='lat' dir='ltr'><strong>Qua:</strong></span> <span class='ocrx_word' id='word_1_760' title='bbox 2351 5578 2486 5629; x_wconf 89' lang='lat' dir='ltr'><strong>ante</strong></span> <span class='ocrx_word' id='word_1_761' title='bbox 2546 5572 2960 5627; x_wconf 89' lang='lat' dir='ltr'><strong>duodecimum</strong></span> <span class='ocrx_word' id='word_1_762' title='bbox 2985 5585 3206 5625; x_wconf 83' lang='lat' dir='ltr'><strong>annum</strong></span> <span class='ocrx_word' id='word_1_763' title='bbox 3237 5567 3411 5624; x_wconf 78' lang='lat' dir='ltr'><strong>nubit</strong></span> <span class='ocrx_word' id='word_1_764' title='bbox 3451 5584 3569 5623; x_wconf 91' lang='lat' dir='ltr'><strong>non</strong></span> 
     </span>
    </p>
   </div>
   <div class='ocr_carea' id='block_1_119' title="bbox 1914 5657 3566 5734">
    <p class='ocr_par' dir='ltr' id='par_1_119' title="bbox 1914 5657 3566 5734">
     <span class='ocr_line' id='line_1_121' title="bbox 1914 5657 3566 5734; baseline -0.007 -10"><span class='ocrx_word' id='word_1_765' title='bbox 1914 5667 2209 5725; x_wconf 87' lang='lat' dir='ltr'><strong>contrahit</strong></span> <span class='ocrx_word' id='word_1_766' title='bbox 2238 5663 2681 5720; x_wconf 88' lang='lat' dir='ltr'><strong>matrimonium</strong></span> <span class='ocrx_word' id='word_1_767' title='bbox 2707 5681 2723 5732; x_wconf 87' lang='lat'><strong>;</strong></span> <span class='ocrx_word' id='word_1_768' title='bbox 2755 5662 2805 5718; x_wconf 91' lang='lat' dir='ltr'><strong>si</strong></span> <span class='ocrx_word' id='word_1_769' title='bbox 2838 5661 3076 5734; x_wconf 90' lang='lat' dir='ltr'><strong>quidem</strong></span> <span class='ocrx_word' id='word_1_770' title='bbox 3107 5657 3406 5734; x_wconf 85' lang='lat' dir='ltr'><strong>sponsalia</strong></span> <span class='ocrx_word' id='word_1_771' title='bbox 3423 5657 3566 5714; x_wconf 91' lang='lat' dir='ltr'><strong>sub-</strong></span> 
     </span>
    </p>
   </div>
   <div class='ocr_carea' id='block_1_120' title="bbox 1912 5747 3566 5828">
    <p class='ocr_par' dir='ltr' id='par_1_120' title="bbox 1912 5747 3566 5828">
     <span class='ocr_line' id='line_1_122' title="bbox 1912 5747 3566 5828; baseline -0.007 -12"><span class='ocrx_word' id='word_1_772' title='bbox 1912 5763 2100 5828; x_wconf 86' lang='lat' dir='ltr'><strong>erant,</strong></span> <span class='ocrx_word' id='word_1_773' title='bbox 2135 5756 2234 5813; x_wconf 88' lang='lat' dir='ltr'><strong>illa</strong></span> <span class='ocrx_word' id='word_1_774' title='bbox 2254 5772 2460 5812; x_wconf 87' lang='lat' dir='ltr'><strong>rursus</strong></span> <span class='ocrx_word' id='word_1_775' title='bbox 2492 5756 2619 5827; x_wconf 83' lang='lat' dir='ltr'><strong>lege</strong></span> <span class='ocrx_word' id='word_1_776' title='bbox 2649 5753 3003 5825; x_wconf 89' lang='lat' dir='ltr'><strong>consistunt,</strong></span> <span class='ocrx_word' id='word_1_777' title='bbox 3042 5751 3157 5808; x_wconf 88' lang='lat' dir='ltr'><strong>nisi</strong></span> <span class='ocrx_word' id='word_1_778' title='bbox 3187 5750 3321 5824; x_wconf 90' lang='lat' dir='ltr'><strong>quis</strong></span> <span class='ocrx_word' id='word_1_779' title='bbox 3352 5766 3421 5807; x_wconf 88' lang='lat' dir='ltr'><strong>ea</strong></span> <span class='ocrx_word' id='word_1_780' title='bbox 3451 5747 3566 5806; x_wconf 89' lang='lat' dir='ltr'><strong>sol-</strong></span> 
     </span>
    </p>
   </div>
  </div>
