4088 6350
484 401 598 462 951

485 532 550 591 Ὀ
581 531 760 602 ἥττων
793 531 964 587 ε’ίκοσι
994 531 1146 598 ἐτῶν,
1176 529 1236 584 οὗ
1262 527 1478 584 δύναται
1513 527 1770 600 δικάζειν.

490 613 832 698 ΙῙεραὲτωσις
863 619 1204 696 ἐγκλήματος
1238 621 1364 692 ὅρος
1397 617 1566 674 εἷ’κοσι
1599 621 1833 696 χρόνων,

490 711 782 770 Πενταετία
818 705 958 781 μὸνη
993 706 1048 762 δὲ
1079 703 1318 762 σῦεννῦει
1347 709 1446 776 τήν
1483 709 1759 784 μοιχείαν,

489 799 674 869 Ταύτη
704 799 805 874 γὰρ
837 798 1216 870 πεπεράτωται
1247 797 1338 850 καὶ
1369 795 1493 851 τόδε
1523 797 1882 853 πεκουλάτου.

487 891 546 946 Ὀ
579 887 777 964 χρόνον
812 884 1283 958 είκοστόπεμπτον
1319 884 1619 956 πληρώσας
1652 885 1894 956 ἡλικίας,

492 978 778 1054 Ἐρχέσθω
809 977 944 1050 πρὸς
980 972 1252 1045 διοίκησιν
1284 981 1391 1030 τῶν
1421 977 1610 1030 ἑαυτοῦ
1643 977 2002 1051 πραγμάτων.

491 1066 724 1145 Ἀφῆλιξ
757 1064 1118 1137 αἰτησάμενος
1155 1065 1482 1140 συγγνώμην
1507 1063 1752 1138 ἡλικίας,

494 1153 687 1228 Εἴπερ,
715 1153 1034 1231 δωρήσηταί
1062 1176 1162 1207 τινι
1199 1154 1452 1224 ἀκίνητόν
1483 1176 1530 1208 τι
1565 1163 1810 1230 πρᾶγμα,

493 1247 559 1304 Ἦ
593 1243 770 1320 δωρεᾶ
799 1243 898 1299 οὐκ
929 1241 1186 1319 ἕρῥωται,
1219 1243 1262 1298 εἰ
1299 1245 1373 1316 μὴ
1415 1241 1620 1308 διέλθοι
1656 1245 1876 1320 χρόνος,

496 1334 642 1390 Μετᾶ
669 1333 760 1388 τὸν
797 1333 1266 1406 εἱκοστόπεμπτον
1301 1331 1519 1404 δεκέτης
1553 1334 1586 1402 ἢ
1619 1335 1708 1388 καὶ
1739 1334 1926 1392 πλέον.

495 1425 610 1493 Τὴν
643 1422 728 1498 ἰπὶ
761 1421 954 1497 πράσει
981 1423 1206 1496 ἀγωγὴν
1243 1421 1450 1494 μακρὸς
1480 1422 1680 1496 χρόνος
1711 1423 1914 1496 τέμνει,

493 1514 557 1569 Ἦ
588 1511 712 1578 περὶ
745 1511 1089 1580 ἀπαιτήσεως
1121 1513 1300 1581 πάσης
1329 1509 1727 1586 κληρονομίας,

499 1601 830 1675 Προσωπική
861 1620 918 1652 τε
954 1599 1208 1670 σύμπασα
1237 1599 1666 1674 τριακονταετία,

503 1685 794 1744 Σϐἑννυταί
825 1709 881 1743 τε
911 1689 998 1742 καὶ
1037 1689 1307 1766 φθείρεται
1339 1686 1599 1762 οὐδαμῶς
1629 1690 1950 1764 περαιτέρω.

501 1779 576 1835 Τὸ
609 1775 848 1849 Φινιοὺμ
877 1774 1298 1851 ῥεγουνδόρουμ,
1331 1775 1454 1848 ἤτοι
1477 1778 1538 1832 τὸ
1571 1779 1694 1852 περὶ
1725 1778 1866 1853 ὅρων

503 1867 731 1942 Χρόνοις
761 1865 810 1920 έν
842 1873 962 1928 τοῖς
991 1867 1282 1942 τριάκοντα
1309 1871 1425 1928 τοῖς
1456 1866 1906 1945 ἀνεπιφωνήτοις.

505 1951 794 2010 Σϐέννυταί
823 1977 878 2010 τε
907 1955 996 2011 καὶ
1029 1956 1294 2033 φθείρεται
1327 1953 1587 2028 οὐδαμῶς
1619 1958 1937 2032 περαιτέρω.

497 2046 716 2121 ’Δγωγή
752 2067 808 2100 τε
839 2046 1166 2120 προσωπική
1198 2045 1366 2120 ταύτῃ
1400 2049 1466 2110 τῆ
1499 2046 1822 2120 προθεσμίᾳ,

493 2132 556 2190 Ei
597 2135 672 2206 μὴ
701 2138 890 2208 τμηθῇ
920 2135 984 2188 τὸ
1019 2133 1213 2207 μεταξὺ
1246 2129 1523 2189 σϐέννυται
1554 2135 1962 2208 προσηκόντως.

489 2223 723 2299 Ἀγωγαὶ
753 2221 1125 2298 τεμποράλιαι
1157 2222 1323 2297 ταύτῃ
1354 2218 1630 2278 σϐέννυται
1669 2225 1804 2299 μόνῃ

488 2312 666 2368 Διπλᾶ
698 2311 754 2367 δὶ
787 2309 1135 2386 δικαστήρια,
1165 2317 1332 2368 ταῦτα
1361 2313 1426 2368 τά
1456 2313 1576 2388 τρία
1610 2315 1770 2387 μόνα,

484 2402 558 2458 Τὸ
589 2401 712 2477 περὶ
747 2399 1060 2477 διαιρέσεως
1091 2407 1287 2458 κοινῶν
1327 2407 1485 2458 τινῶν
1518 2403 1874 2480 πραγμάτων,

477 2491 550 2544 Τὸ
583 2491 706 2562 περῖ
738 2489 1005 2568 φαμιλίας
1031 2513 1108 2558 τε,
1141 2493 1203 2546 τὸ
1235 2493 1356 2568 περὶ
1381 2492 1522 2568 ὅρων
1554 2493 1757 2570 τρίτον.

481 2575 622 2635 Οὕτε
652 2581 686 2648 ἡ
720 2579 923 2656 φοιίρτη
960 2580 1178 2656 ἀγωγὴ,
1213 2579 1336 2636 οὔτε
1365 2585 1398 2652 ἡ
1433 2603 1538 2659 προ
1571 2581 1744 2652 σοκίο,

483 2661 617 2720 Οῧτε
645 2665 768 2740 περὶ
803 2667 1054 2742 ἁρπαγῆς
1087 2673 1349 2738 κινητῶν,
1381 2670 1442 2738 ἦν
1475 2671 1527 2723 οἱ
1555 2674 1776 2723 Λατῖνοι

395 2765 400 2774 "
485 2753 640 2810 Qiiuo
671 2758 1088 2828 κατωνομάκασι
1125 2758 1178 2832 βι
1213 2758 1491 2834 βονόρουμ
1526 2758 1866 2834 ῥαπτόρουμ,

486 2845 655 2900 Ἐτῶν
689 2843 857 2900 πλέον
889 2846 1181 2918 τριάκοττα
1213 2847 1286 2907 εἷς
1321 2847 1540 2922 ἀγωγην
1575 2847 1777 2922 ἰσχύει,

484 2933 548 2990 ἸΙ
581 2930 626 2987 δ’
659 2935 959 2988 ἀπαιτοῦσα
989 2934 1052 2987 τὸ
1083 2931 1310 2988 διπλοῦν
1341 2933 1427 2988 ἐπὶ
1461 2940 1553 2990 τοῦ
1583 2933 1923 3009 κλοπιμαίου

484 3025 572 3094 Τῷ
603 3021 786 3098 χρόνῳ
817 3023 1192 3098 παρατείνεται
1217 3027 1312 3078 τοῦ
1342 3021 1642 3098 κλέψαντος
1673 3026 1734 3079 τὸ
1765 3031 2012 3101 πρᾶγμα.

492 3113 671 3168 "Ecca:
702 3110 1100 3188 τεσσαράκοντα
1131 3114 1165 3182 ἡ
1207 3113 1542 3190 ὑποθηκάρια

1825 399 2245 463 MICHAELIS
2289 399 2380 460 PS
2394 393 2562 459 ELLI

2169 535 2221 601 Α
2260 530 2480 604 ’Δγωγή
2513 527 2914 602 παρεκτείνεται
2943 527 3006 582 τὸ
3035 533 3266 602 πρᾶγμα
3291 531 3388 582 τοῦ
3413 526 3716 604 χρεώστου,

3783 395 3906 458 952

2251 621 2518 695 ’Έχοντος
2548 620 2636 674 καὶ
2667 619 2997 692 κατέχοντος
3019 619 3106 672 καὶ
3143 623 3325 694 σαφῶς
3347 617 3672 692 νεμομένου.

2325 708 2481 782 Καλῇ
2510 705 2566 762 δί
2596 707 2773 762 πίστει
2801 709 3010 783 ἀγωγαὶ
3039 711 3294 762 τοσαῦται
3325 709 3411 762 καὶ
3444 711 3688 762 τοιαῦται

2254 801 2478 872 Πρᾶσις,
2513 797 2780 872 ἀγορασία
2809 817 2885 860 τε,
2923 796 3208 869 μίσθωσις,
3243 797 3517 866 κοινωνία,

2255 885 2635 958 Ἐκμίσθωσις,
2669 883 2938 954 διοίκησις
2972 887 3305 960 πραγμάτων
3339 885 3670 961 ἀλλοτρίων,

2255 977 2379 1030 Κατ’
2410 973 2716 1048 έπιτρόπων
2743 975 2950 1049 ἀγωγὴ,
2981 973 3198 1044 ἐντολὴ,
3231 977 3544 1048 παραθήκη,

2255 1067 2474 1142 Ἀγωγή
2509 1067 2632 1140 περὶ
2663 1065 2724 1119 τὸ
2755 1067 3016 1141 χρησθὲν,
3049 1068 3083 1136 ἡ
3117 1067 3240 1140 περὶ
3273 1065 3554 1142 ἐνεχύρου,

2257 1158 2318 1212 ’11
2350 1157 2472 1232 περὶ
2499 1153 2810 1230 διαιρέσεως
2837 1160 2945 1210 τῶν
2975 1153 3570 1232 συγκληρονομούντων

2167 1303 2174 1312 ,
2255 1247 2316 1304 Ἦ
2353 1243 2633 1320 διαιροῦσα
2661 1246 2726 1298 τὰ
2763 1245 2940 1312 κοινᾶ,
2969 1245 3060 1300 καὶ
3087 1245 3262 1320 χωρὶς
3292 1247 3604 1316 κοινωνίας,

2253 1337 2318 1390 Ἦ
2351 1331 2741 1406 πραεσκρίπτις
2777 1328 2960 1408 βέρϐις
2991 1355 3048 1388 τε
3075 1338 3182 1388 τῶν
3215 1333 3760 1407 αὐταλλαττομένων,

2256 1423 2442 1494 ’Ἄλλη
2475 1421 2520 1477 δ’
2559 1421 2712 1498 aget:
2753 1423 3046 1494 ὁμώνυμος
3075 1426 3110 1492 ἡ
3143 1423 3204 1477 οὐ
3237 1423 3610 1498 έστιματόρια,

2256 1513 2316 1568 Ἦ
2351 1511 2406 1566 δὲ
2437 1495 2730 1588 ἐρεδιῖάτις
2759 1533 2816 1566 τε
2843 1510 3108 1582 κληθεῖσα
3137 1511 3396 1582 πετίτιον,

2257 1603 2319 1659 Ἥ
2351 1603 2669 1672 ἀπαιτοῦσα,
2700 1599 2953 1668 δέσποτα,
2986 1601 3052 1655 τὰ
3079 1609 3178 1671 τῆς
3205 1601 3604 1674 κληρονομίας.

2260 1691 2490 1767 Στρίκτα
2525 1714 2577 1748 τε
2606 1691 2730 1767 πρὶν
2765 1690 3045 1764 ἐτύγχανε,
3078 1691 3167 1744 καὶ
3198 1693 3232 1759 ἡ
3257 1690 3306 1762 ἐξ
3339 1689 3689 1748 στιπουλάτο.

2327 1781 2385 1836 'O
2417 1780 2582 1851 νόμος
2611 1776 2656 1833 δ’
2687 1781 2714 1834 ὁ
2747 1776 3045 1838 Φαλκίδιος
3068 1779 3324 1848 τοιαύτην
3357 1777 3473 1854 ἔχει
3505 1779 3677 1856 φύσιν,

2179 1901 2228 1965 Β
2261 1867 2424 1942 Εἷ’περ
2454 1889 2535 1930 τις
2565 1865 2904 1937 τελευτήσειε
2933 1869 3114 1942 πατὴρ
3145 1869 3262 1930 ἑνὸς
3293 1865 3536 1934 παιδίου,

2257 1957 2469 2033 Γράψας
2501 1977 2558 2010 τε
2593 1953 2945 2028 διατύπωσιν,
2977 1961 3072 2010 τοῦ
3101 1953 3295 2018 παιδὸς
3327 1957 3426 2011 οὐκ
3457 1957 3724 2030 έμνήσθη,

2251 2043 2415 2102 Ἀλλ’
2441 2041 2636 2106 ἄλλοις
2663 2042 3057 2100 καταλέλοιπεν
3089 2044 3335 2121 ἀκέραιον
3366 2046 3458 2100 τὸν
3487 2043 3719 2120 κλῆρον,

2253 2134 2310 2188 Ὀ
2366 2137 2491 2194 παῖς
2545 2131 2606 2186 τὸ
2676 2133 2860 2208 τρίτον
2933 2132 3164 2206 λήψεται
3230 2135 3568 2208 πραγμάτων
3623 2139 3732 2188 τῶν
3791 2154 3900 2188 πα-

3599 2223 3830 2297 ῐτριίθων·

2255 2311 2316 2369 Εἰ
2349 2310 2393 2366 δ’
2423 2311 2548 2368 ὅταν
2579 2311 2828 2388 ἐγέννησε
2857 2309 3052 2373 παῖδας
3081 2310 3133 2366 ἐν
3173 2311 3276 2386 βίῳ
3310 2309 3426 2380 δύο,

2251 2399 2376 2456 Οὐδ’
2407 2403 2520 2464 ἑνὸς
2553 2400 2928 2474 ἐμνημόνευσε
2955 2403 3192 2470 ποιήσας
3221 2398 3506 2474 διαθήκην,

2249 2492 2509 2553 Ἕκαστος
2538 2488 2694 2545 ἕκτον
2727 2489 2960 2563 λήψεται
2991 2495 3097 2543 τῶν
3127 2494 3402 2564 πατρικῶν
3437 2493 3790 2566 πραγμάτων·

2249 2578 2310 2634 Εἰ
2344 2576 2400 2633 δέ
2429 2600 2488 2654 γε
2507 2584 2654 2654 τρεῖς
2687 2580 3051 2654 τυγχάνουσιν
3085 2579 3138 2631 οἱ
3168 2575 3360 2640 παῖδες
3389 2583 3484 2633 τοῦ
3517 2579 3794 2648 θανόντος,

2249 2670 2510 2729 Ἕκαστος
2545 2665 2646 2737 ἔξει
2679 2665 2896 2722 ἔννατον
2925 2673 3025 2736 τῆς
3049 2673 3318 2742 πατρικῆς
3351 2667 3556 2730 οὐσίας·

2250 2753 2561 2810 Δωδέκατον
2598 2753 2666 2823 δ’,
2701 2755 2742 2810 εἰ
2773 2755 3026 2830 τέσσαρες
3055 2755 3416 2830 τυγχάνουσιν
3447 2759 3498 2810 οἱ
3529 2754 3736 2818 παῖδες·

2247 2845 2316 2901 Ei
2345 2842 2402 2900 δέ
2427 2843 2650 2907 πλείους
2681 2845 3039 2919 τυγχάνουσι,
3071 2843 3326 2914 δέσποτα,
3357 2850 3467 2900 τῶν
3497 2847 3794 2922 τεσσάρων,

2247 2935 2470 2996 Τοότοις
2505 2932 2958 3007 ἀποκεκλήρωται
2989 2940 3090 3002 τῆς
3121 2937 3388 3010 πατρικῆς
3421 2934 3628 3004 οὐσίας,

2249 3025 2423 3099 Μερῖς
2453 3023 2666 3078 πάντων
2699 3023 2948 3095 ἡμίσεια,
2974 3021 3163 3077 δοκοῦν
3195 3027 3274 3096 τῷ
3305 3021 3610 3096 Φαλκιδίῳ.

2321 3113 2388 3170 Οἱ
2422 3109 2546 3168 ἄνευ
2581 3109 2932 3190 δεφενσίωνος
2965 3112 3156 3188 πρᾶσίν
3185 3133 3334 3177 τινος
3361 3117 3668 3182 ποιοῦντες,

3532 3203 3702 3260 Vers.
3728 3205 3831 3260 801

488 3327 780 3384 verevelit
829 3333 1113 3400 tanquam
1172 3347 1241 3385 ex
1299 3330 1440 3403 lege.
1507 3331 1765 3388 Feminis
1821 3333 2130 3388 duodecim
2163 3343 2205 3410 α
2243 3329 2536 3402 agendum
2583 3331 2763 3384 robur
2815 3329 3105 3386 obtinent.
3153 3329 3234 3385 Ea
3277 3347 3410 3386 vero
3462 3346 3590 3402 qua;
3653 3330 3906 3402 duplum

487 3417 648 3486 anni,
709 3418 973 3474 maribus
1029 3419 1472 3490 quatuordecim
1505 3421 1576 3476 ad
1627 3422 1994 3492 pubertatem
2027 3421 2142 3477 suf-

487 3507 710 3562 ﬁciunt.
753 3507 936 3562 Natus
967 3525 1154 3564 annos
1184 3509 1381 3564 decem
1425 3515 1480 3565 et
1509 3515 1636 3564 octo
1668 3511 1981 3566 advocatus
2015 3527 2143 3566 esse

489 3599 704 3668 potest.
741 3596 1035 3666 Adoptans
1069 3597 1259 3668 major
1281 3613 1410 3652 esse
1441 3598 1612 3654 debet
1663 3601 1938 3672 adoptato
1971 3600 2142 3656 annis

489 3684 832 3740 octodecim.
893 3685 1100 3740 Mulier
1149 3685 1460 3757 postulans
1499 3689 1728 3743 veniam
1755 3689 1962 3759 aetatis,
1995 3689 2142 3760 legi-

487 3774 630 3830 time
661 3773 719 3828 id
778 3785 931 3846 aget,
992 3773 1038 3828 si
1091 3781 1228 3828 nata
1275 3776 1353 3829 sit
1411 3777 1610 3830 decem
1643 3782 1700 3832 et
1731 3783 1860 3833 octo
1909 3794 2140 3834 annos:

492 3867 549 3916 at
583 3861 670 3916 vir
722 3862 1042 3917 vicennalis
1089 3869 1214 3918 esto
1271 3865 1343 3918 ad
1403 3865 1655 3920 veniam.
1711 3867 1908 3922 Minor
1937 3866 2141 3938 viginti

493 3949 954 4020 annisjudicare
991 3967 1105 4006 non
1137 3959 1346 4023 potest.
1412 3953 1623 4025 Viginti
1676 3954 1846 4009 annis
1895 3955 2144 4010 crimina

491 4037 803 4106 liniuntur,
833 4041 1022 4092 solum
1061 4042 1533 4110 quinquennium
1568 4043 1888 4114 exstinguit
1917 4045 2142 4099 adulte-

489 4126 642 4182 rium
671 4133 728 4182 et
760 4127 1119 4198 peculatum.
1183 4129 1287 4192 Qui
1351 4131 1693 4186 vicesimum
1735 4135 2006 4204 quintum
2041 4151 2140 4187 an-

489 4231 632 4270 num
690 4215 955 4286 implevit
1003 4217 1160 4272 venit
1213 4218 1284 4272 ad
1345 4219 1911 4276 administrationem
1949 4239 2140 4278 rerum

491 4320 753 4358 suarum.
791 4305 981 4360 Minor
1012 4304 1306 4376 postulata
1333 4307 1522 4362 astatis
1551 4309 1799 4375 venia,si
1832 4309 2002 4366 alicui
2023 4327 2142 4365 rem

491 4390 856 4446 immobilem
892 4393 1138 4460 dederit,
1173 4411 1288 4447 non
1341 4393 1492 4449 valet
1539 4397 1795 4466 donatio,
1841 4399 1954 4452 nisi
2011 4403 2145 4470 post

495 4477 840 4534 vicesimum
891 4481 1166 4551 quintum
1222 4499 1466 4550 annum,
1527 4485 1874 4540 decennium
1919 4491 1978 4540 et
2027 4505 2145 4541 am-

501 4565 656 4639 plius
685 4569 1003 4625 transierit.
1034 4569 1335 4625 Actionem
1369 4573 1588 4627 venditi
1625 4575 1864 4646 longum
1915 4581 2144 4647 tempus

501 4657 743 4712 resecat.
803 4659 1010 4713 Petitiu
1061 4659 1344 4714 universae
1395 4661 1751 4718 hereditatis
1808 4669 1866 4718 et
1953 4666 2144 4719 omnis

2255 3417 2494 3486 exigite
2527 3415 2650 3470 fure
2683 3416 2744 3470 in
2803 3433 3038 3472 omnem
3100 3418 3246 3474 furis
3299 3419 3476 3473 vitam
3537 3417 3906 3490 producitur.

2251 3505 2676 3578 Hypothecaria
2710 3505 2859 3561 actio
2883 3507 3163 3562 debitoris
3196 3524 3318 3562 rem
3352 3507 3706 3578 habentis,et
3729 3509 3912 3580 probe

2253 3594 2631 3666 possidentis,
2667 3595 2734 3648 ad
2771 3613 2954 3650 annos
2987 3597 3380 3669 quadraginta
3408 3598 3760 3652 extenditur.

2325 3685 2418 3740 Hae
2452 3702 2582 3740 vero
2615 3691 2756 3741 sunt
2811 3687 3073 3742 actiones
3123 3688 3290 3744 bonae
3347 3689 3504 3758 fidei,
3561 3689 3804 3760 emptio,
3855 3693 3914 3744 et

2251 3775 2532 3844 venditio,
2565 3776 2898 3844 conductio,
2933 3776 3206 3844 societas,
3245 3776 3474 3842 locatio,
3533 3778 3916 3834 administra-

2250 3863 2332 3918 tio
2383 3881 2579 3919 rerum
2633 3863 2982 3934 alienarum,
3013 3867 3164 3920 actio
3213 3865 3430 3932 tutelae,
3463 3867 3746 3934 mandati,
3817 3869 3916 3923 de-

2253 3952 2450 4024 positi,
2487 3953 2866 4024 commodati,
2927 3954 2996 4008 de
3053 3955 3322 4027 pignore,
3383 3957 3455 4010 de
3497 3957 3788 4012 divisione
3819 3957 3912 4010 in-

2251 4045 2342 4096 ter
2373 4042 2702 4096 coheredes
2757 4059 2884 4112 quae
2917 4041 3127 4098 dividit
3169 4043 3509 4099 communia
3540 4045 3720 4100 etiam
3781 4045 3916 4102 sine

2253 4130 2527 4185 societate
2593 4130 2950 4202 praescriptis
3011 4131 3224 4198 verbis,
3280 4133 3398 4188 sive
3472 4135 3550 4188 sit
3607 4133 3676 4189 de
3737 4135 3916 4190 rebu

2253 4219 2630 4290 permutatis,
2657 4221 2776 4274 sive
2807 4237 3013 4276 rursus
3036 4220 3150 4276 alia
3200 4221 3414 4278 similis
3460 4223 3722 4278 nominis
3751 4225 3918 4280 testi-

2257 4308 2911 4374 matoria,hiereditatis
2951 4311 3172 4380 petitio,
3205 4327 3332 4380 quae
3389 4311 3669 4382 postulat,
3723 4329 3758 4368 ο
3817 4315 3918 4370 do-

2253 4397 2430 4464 mine,
2465 4414 2532 4452 ea
2565 4413 2693 4468 qua
2725 4403 2862 4452 sunt
2897 4397 3256 4454 baereditatis
3291 4416 3304 4454 :
3347 4415 3416 4455 ex
3467 4399 3750 4472 stipulatu
3805 4401 3918 4456 fuit

2254 4495 2480 4549 stricta.

2327 4585 2440 4637 Lex
2477 4583 2729 4639 Falcidia
2759 4583 2909 4638 hanc
2940 4589 3208 4639 naturam
3243 4584 3419 4641 habet
3450 4603 3464 4643 :
3498 4587 3547 4642 si
3581 4589 3716 4658 quis
3751 4595 3920 4660 pater

2256 4673 2433 4728 nnius
2459 4671 2560 4726 filii
2599 4679 2866 4728 mortuus
2899 4673 2995 4738 sit,
3049 4674 3313 4729 scribens
3356 4679 3548 4730 autem
3583 4681 3918 4732 testamen-

503 4746 830 4817 personalis
859 4747 1008 4802 actio
1031 4747 1272 4820 triginta
1303 4767 1473 4804 annis
1523 4753 1916 4825 exstinguitur
1946 4759 2002 4808 et
2025 4771 2151 4809 cor-
2181 4733 2226 4796 D
2258 4764 2383 4815 tum
2413 4760 2510 4814 ﬁlii
2549 4777 2662 4815 non
2699 4761 2995 4830 meminit,
3055 4762 3153 4817 sed
3187 4762 3465 4818 infectam
3511 4763 3644 4820 aliis
3677 4765 3922 4836 reliquit

503 4835 824 4902 rumpitur,
875 4836 1034 4891 nullo
1087 4837 1254 4892 modo
1288 4837 1554 4894 ulterius.
1592 4841 1823 4896 Finium
1857 4845 2145 4914 regundo-

503 4937 632 4978 rum
673 4923 918 4996 triginta
967 4925 1138 4980 annis
1189 4925 1349 4982 nulla
1397 4928 1843 4986 denuntiatione
1895 4932 2146 4987 interru-

501 5015 618 5082 pta,
640 5012 1051 5084 exstinguitur.
1089 5017 1154 5067 Et
1195 5015 1344 5069 actio
1378 5017 1704 5086 personalis
1735 5019 1937 5074 eodem
1961 5020 2146 5091 praeﬁ-

497 5103 619 5156 nito
669 5105 931 5173 tempore
1008 5101 1122 5156 nisi
1203 5101 1692 5176 interrumpatur,
1737 5109 2150 5164 convenienter

495 5187 749 5244 tolletur.
791 5190 1064 5246 Actiones
1121 5191 1497 5262 temporales,
1547 5211 1612 5248 eo
1644 5195 1818 5250 etiam
1852 5195 1975 5252 solo
2007 5203 2150 5252 tem-

493 5293 628 5347 pore
657 5279 1133 5349 exstinguuntur.
1171 5278 1242 5334 Ut
1263 5285 1318 5334 et
1350 5281 1604 5352 duplicia
1637 5284 1876 5353 judicia,
1905 5286 2022 5339 haec
2039 5287 2150 5340 tria

497 5365 869 5422 solummodo
948 5383 1076 5438 quae
1139 5374 1462 5438 sequuntur
1509 5387 1522 5426 :
1569 5371 1792 5428 scilicet
1849 5375 2149 5430 communi

497 5453 840 5524 dividundo,
901 5456 1135 5511 familiae
1211 5458 1588 5526 erciscundae,
1651 5463 1888 5516 tertium
1943 5463 2146 5519 ﬁnium

501 5545 918 5612 regundorum.
953 5551 1152 5616 Neque
1207 5545 1369 5616 furti,
1419 5563 1608 5619 neque
1657 5566 1758 5621 pro
1816 5551 1995 5622 socio,
2045 5569 2146 5608 no-

503 5646 616 5700 que
647 5631 718 5686 de
749 5639 922 5705 raptu
957 5634 1284 5704 mobilium,
1339 5651 1518 5707 quam
1569 5637 1754 5694 Latini
1787 5645 2068 5697 vocarunt
2093 5641 2148 5698 vi

507 5719 791 5780 bonorum
825 5727 1152 5794 raptorum,
1181 5723 1316 5794 plus
1345 5741 1522 5796 quam
1579 5727 1750 5785 annis
1781 5729 2024 5802 triginta
2071 5733 2142 5788 ad

2256 4848 2679 4920 hereditatem,
2713 4849 2872 4905 filius
2893 4851 3124 4905 tertiam
3149 4855 3372 4922 partem
3393 4853 3680 4908 bonorum
3717 4861 3922 4926 pater-

2259 4955 2470 4994 norum
2507 4939 2794 5009 accipiet:
2831 4940 2875 4995 si
2930 4939 3101 4993 Pater
3147 4941 3398 4995 duorum
3453 4941 3702 4997 filiorum
3758 4959 3922 5000 mor-

2259 5031 2396 5080 tuus
2429 5027 2524 5092 sit,
2565 5045 2691 5092 nec,
2751 5031 3170 5082 testamentum
3227 5029 3468 5098 faciens,
3529 5047 3732 5086 eorum
3799 5049 3922 5088 me-

2261 5115 2520 5182 minerit,
2583 5118 2835 5188 quisque
2884 5123 3057 5171 sexta
3124 5117 3310 5189 partis
3377 5119 3666 5175 bonorum
3721 5127 3922 5192 pater-

2261 5219 2470 5258 norum
2537 5207 2824 5276 particeps
2901 5206 3010 5260 erit
3083 5205 3188 5272 ;si
3239 5221 3374 5262 vero
3431 5211 3549 5262 tres
3615 5209 3738 5264 sint
3815 5211 3922 5266 filii

2257 5293 2838 5365 demortuo,quisque
2860 5311 3067 5349 nonam
3102 5299 3323 5366 partem
3349 5295 3696 5350 substantiae
3715 5305 3924 5368 pater-

2260 5397 2350 5435 nae
2373 5381 2630 5450 habebit,
2667 5383 3012 5438 duodecima
3049 5397 3182 5437 vero
3217 5385 3270 5437 in
3303 5391 3560 5454 quatuor
3591 5383 3744 5442 filios
3777 5387 3926 5444 divi-

2259 5471 2432 5524 detur
2467 5487 2477 5524 :
2507 5472 2551 5526 si
2587 5472 2782 5542 plures
2812 5473 2990 5542 sint,o
3021 5470 3460 5542 domine,quam
3495 5479 3776 5544 quatuor.
3805 5478 3924 5533 illis

2259 5564 2486 5630 partem
2539 5561 2880 5615 substantia:
2967 5560 3152 5632 patris
3201 5559 3510 5616 dimidiam
3567 5559 3750 5618 dividi
3805 5565 3920 5637 legi

2261 5647 2525 5703 Falcidie
2559 5647 2762 5720 placet.

2329 5736 2472 5795 Rem
2505 5737 2760 5812 aliquam
2792 5741 2920 5799 sine
2951 5741 3292 5802 defensione
3310 5741 3720 5816 vendente-,in
3745 5743 3930 5805 solam
