4088 6350
276 420 400 491 953

278 561 374 622 Εἰς
403 558 573 633 μόνην
605 557 1018 635 κατακρίνονται
1046 559 1146 630 τὴν
1176 559 1345 633 τιμὴν
1376 561 1473 613 τοῦ
1501 557 1818 633 πραθὲντος,

285 652 355 709 Oi.
386 647 443 704 δι
469 671 531 724 γε
562 646 967 726 δεφενδεόοντις
998 649 1086 704 καὶ
1114 651 1215 719 τήν
1244 651 1413 723 τιμήν
1446 645 1679 718 διδοῦσι,

276 743 393 799 Τοῦ
432 736 726 794 διπλασίου
754 759 812 794 τε
842 740 1066 810 ποινήν,
1097 736 1241 794 οὕτω
1271 739 1374 814 γὰρ
1408 737 1682 807 ἐτυπώθη.

273 830 353 885 Τὸ
394 825 775 903 ἀντάλλαγμα,
802 824 1060 897 δέσποτα,
1090 831 1170 900 τῷ
1201 824 1427 899 δικαστῇ
1456 823 1686 881 δικτὲον.

275 924 387 987 Τῆς
415 918 737 993 παραθήκης
776 915 946 989 μόνης
980 915 1037 971 δὲ
1066 914 1428 991 ἀντάλλαγμα
1452 914 1551 970 οὐκ
1581 912 1714 972 ἴστι.

274 1008 395 1076 Τὴν
425 1002 723 1075 καταδίκην
753 1006 848 1060 τὸν
881 1004 1065 1075 ἁπλῆν
1099 1003 1240 1081 ἔχει,
1273 1005 1324 1075 ἰξ
1352 1002 1705 1072 στιπουλάτο,

271 1095 342 1151 Ἦ
375 1094 481 1148 ἀπὸ
508 1097 605 1148 τοῦ
638 1090 1015 1166 δανείσματος,
1046 1096 1081 1163 ἡ
1116 1094 1167 1164 ἐξ
1198 1093 1512 1171 ἀγορασίας,

270 1184 340 1241 Ἦ
372 1183 479 1238 ἀπὸ
508 1189 609 1251 τῆς
647 1184 988 1256 μισθώσεως,
1021 1185 1055 1253 ἡ
1090 1184 1195 1239 ἀπὸ
1227 1182 1605 1256 ὶνταλμάτων.

270 1272 489 1341 Διπλῆν
523 1268 568 1327 δ’
598 1269 818 1348 ἔχουσιν
858 1269 1150 1347 ε’ίσπραξιν,
1184 1275 1220 1342 ἠ
1250 1273 1346 1327 τοῦ
1380 1270 1715 1335 ’Δκουιλίου,

266 1364 334 1420 Ἡ
357 1362 570 1439 ἀφανὴς
600 1360 903 1437 ἀφαίρεσις,
944 1362 978 1431 ἠ
1012 1363 1469 1438 παρακαταθήκη.

269 1451 347 1506 Τὸ
380 1448 436 1506 δέ
460 1470 523 1526 γε
551 1448 956 1523 τεπραπλάσιον
984 1448 1205 1520 κλοπῆς
1236 1449 1349 1505 ἐστι
1379 1446 1689 1525 προδήλου,

270 1537 507 1594 ’Ἃλλων
539 1559 597 1594 τε
627 1537 897 1594 πλείστων
923 1540 1151 1615 ἀγωγῶν
1173 1539 1259 1595 καὶ
1286 1537 1608 1617 ἷμφακτοὺμ
1630 1535 1928 1606 πλειόνων,

276 1624 491 1695 Φόϐου,
524 1628 880 1702 συκοφαντίας
907 1650 985 1699 τε,
1016 1628 1104 1683 καὶ
1139 1625 1303 1683 δικῶν
1328 1625 1513 1683 ἄλλων
1546 1625 1735 1683 πάλιν.

271 1715 518 1772 Διπλοῦδ
548 1712 605 1771 δὶ
641 1715 1039 1791 τετραπλάσιον
1076 1718 1104 1771 ὁ
1136 1717 1241 1771 ἀπὸ
1271 1716 1534 1791 ναυαγίου

270 1805 555 1880 ’Δρπάσας
586 1810 833 1880 πρᾶγμα,
867 1802 1121 1879 δέσποτα,
1155 1805 1526 1881 εἰσπράττεται
1559 1802 1800 1867 δικαίως·

275 1897 379 1950 Καὶ
402 1896 466 1950 τὸ
500 1895 597 1967 μὶν
627 1894 1024 1971 τετραπλάσιον
1054 1899 1454 1971 προσκυροῦται
1483 1892 1564 1967 τῷ
1585 1893 1782 1971 φίσκῳ,

275 1984 359 2043 Τὸ
390 1983 437 2039 δ’
468 1982 610 2040 ἄλλο
634 1983 1029 2060 τετραπλάσιον
1064 1986 1093 2039 ὸ
1126 1986 1432 2058 ναυαγήσας
1463 1978 1603 2058 ἔχει.

273 2071 475 2135 Οὐδεὶς
509 2070 553 2128 δ’
586 2072 905 2148 ἰναγόμενος
934 2072 1158 2147 ὀνόματι
1192 2073 1400 2147 οἰκείῳ,

271 2164 340 2221 Ἠ
372 2160 419 2217 δ’
448 2160 743 2237 ἀλλοτρίαν
778 2163 999 2239 ἀγωγήν
1028 2162 1082 2218 ἐν
1113 2160 1391 2225 δικασταῖς
1421 2161 1733 2239 γυμνάζων,

270 2252 364 2320 Μὴ
398 2250 694 2330 ἰμφανίσας
723 2249 993 2328 ἔγγραφον
1024 2250 1252 2321 ἐντολὴν
1284 2249 1648 2327 πρωτοτύπου

268 2339 471 2403 Καλῶς
501 2340 933 2411 άπαιτηθήσεται
961 2341 1051 2395 τὸν
1084 2337 1447 2396 ἰκανοδοσίαν.

267 2428 344 2486 Δΐ
376 2431 470 2504 μὲν
504 2429 564 2485 ἐκ
587 2428 762 2503 νόμου
791 2430 1018 2506 ἀγωγαὶ,
1052 2428 1109 2485 αῖ
1138 2451 1195 2485 τι
1226 2430 1332 2485 ἀπὸ
1365 2426 1672 2505 δογμάτων,

266 2517 340 2574 Δ¹ί
366 2539 426 2574 τε
457 2517 516 2574 ἐκ
545 2517 837 2589 διατάξεων
868 2525 977 2574 τῶν
1014 2516 1485 2595 βασιλικωτάτων,

264 2612 542 2678 Διηνεκεῖς
572 2627 931 2685 τυγχανουσιν
960 2608 1033 2671 ὡς
1064 2606 1226 2685 ἤρεσε
1249 2614 1367 2671 τοῖς
1398 2606 1615 2681 νόμοις.

263 2697 339 2754 Oi.
369 2697 532 2771 νόμοι
561 2702 669 2752 τῶν
698 2697 1006 2773 πραιτόρων
1042 2694 1099 2752 δὲ
1132 2697 1466 2774 μονόχρονοι
1496 2698 1588 2752 τὸν
1624 2696 1800 2775 φύσιν,

264 2785 393 2843 Εἰσὶ
427 2783 484 2841 δὲ
508 2786 595 2842 καὶ
629 2787 959 2863 πραιτώριαι
993 2784 1260 2857 διηνεκεῖς
1291 2785 1494 2862 ὀλίγαι,
1836 2784 1839 2787 λ

262 2876 359 2937 Ὠς
391 2877 428 2946 ἡ
459 2875 583 2952 περὶ
613 2880 710 2930 τοῦ
736 2873 1077 2949 κλέμματος,
1108 2878 1143 2946 ἡ
1174 2881 1289 2939 τοῖς
1315 2873 1667 2953 διακατόχοις

264 2965 740 3041 Ηαριρχομὲνοις,
769 2962 1024 3036 δέσποτα,
1052 2971 1171 3030 τοῖς
1199 2987 1261 3040 γε
1285 2968 1702 3044 νομικωτὲροις.

265 3053 341 3111 Αἱ
374 3050 432 3108 δέ
460 3075 524 3128 γε
554 3054 649 3128 μὶν
681 3053 963 3111 ποινάλιαι
996 3055 1205 3131 ἀγωγαὶ
1226 3054 1584 3131 κεκλημέναι,

268 3144 410 3206 Τοῖς
437 3141 811 3221 κληρονόμοις
844 3141 1107 3217 δίδονται,
1141 3144 1203 3201 οὐ
1232 3146 1368 3201 κατὰ
1396 3142 1787 3223 κληρονόμων,

1632 421 2009 495 SYNOPSIS
2054 421 2345 486 LEGUM.

1954 558 2010 625 Α
2039 555 2260 614 Ὁποῖόν
2294 556 2405 613 ἔστι
2435 557 2470 626 ἡ
2498 554 2681 626 κλοπὴ
2716 555 2928 632 ἁρπαγή
2961 574 3019 609 τε
3048 549 3409 628 πραγμάτων,

1956 1940 2004 2005 Β

3563 416 3684 477 054

2036 648 2212 710 Αὐτὸς
2245 648 2273 703 ὁ
2303 647 2640 719 Ἀκουίλιος,
2674 647 2702 700 ὁ
2734 645 2857 719 περὶ
2888 652 2987 714 τῆς
3020 643 3218 717 ζημίας

2035 738 2098 794 Ἦ
2133 734 2190 792 δέ
2217 758 2278 811 γε
2306 737 2427 812 περὶ
2463 730 2689 811 ὕϐρεως,
2721 732 2834 789 οὐδ’
2865 734 2916 789 ἐν
2947 738 3065 795 τοῖς
3093 729 3468 807 κληρονόμοις

2038 826 2103 884 Εἰ
2135 821 2297 881 λάϐοι
2331 823 2388 881 δὲ
2416 823 2777 901 προκάταρξιν
2812 823 2863 878 ἐν
2894 827 3012 886 τοῖς
3041 819 3413 896 δικαστηρίοις

2040 917 2142 974 Καὶ
2172 915 2545 990 κληρονόμοις
2581 910 2813 979 δίδοται,
2845 911 2933 967 καὶ
2964 912 3101 965 κατὰ
3129 909 3495 984 κληρονομων

2040 1006 2183 1075 Γυνὴ
2218 1002 2275 1059 δὲ
2309 1006 2443 1077 μετὰ
2472 1005 2734 1079 χήρευσιν
2769 1002 2846 1076 μή
2880 999 3347 1074 δευτερογαμοῦσα

2042 1092 2146 1147 Σύν
2172 1097 2288 1153 τοῖς
2318 1091 2472 1147 παισὶ
2499 1090 2773 1164 μερίζεται
2806 1086 2896 1144 τδν
2929 1094 3137 1164 κλῆρον
3163 1087 3253 1140 τὸν
3284 1088 3558 1161 πατρῷον,

2039 1175 2319 1255 Λαμϐάνει
2345 1202 2403 1236 τε
2433 1180 2718 1257 ἰσάριθμον
2756 1183 2950 1255 μοῖραν
2985 1178 3062 1233 ἑνὶ
3091 1180 3199 1231 τῶν
3240 1171 3466 1245 παίδων,

2042 1272 2139 1326 Καὶ
2168 1271 2304 1326 κατᾶ
2333 1277 2532 1346 χρῆσιν
2566 1270 2680 1325 κατ’
2713 1267 2843 1323 αὐτὸ
2872 1266 2960 1323 καὶ
2990 1264 3124 1321 κατὰ
3154 1262 3485 1319 δεσποτείαν·

2038 1362 2103 1418 Ἦ
2137 1359 2194 1416 δὶ
2216 1360 2351 1429 αὐτή
2384 1360 2711 1436 ἀντιστροφή
2742 1359 2830 1413 καὶ
2864 1362 2943 1431 τῷ
2970 1353 3121 1432 ἀνδρὶ
3154 1355 3436 1430 τυγχάνει.

2039 1451 2101 1508 Ὀ
2130 1450 2470 1523 αὖτεξούσιος
2505 1450 2619 1511 υἱὸς
2651 1446 2869 1510 ἄτεκνος
2902 1447 3280 1516 ἀποθνήσκων,

2039 1540 2296 1613 Νόμιμον
2327 1539 2688 1611 ποστιμόριον
2720 1540 2834 1610 (12)
2862 1541 2977 1599 τοῖς
3009 1538 3230 1609 γονεῦσι
3263 1529 3482 1588 διδότω.

2038 1631 2094 1685 '0
2118 1628 2288 1704 κόρην
2324 1628 2650 1704 βιασάμενος
2678 1626 2769 1682 καὶ
2805 1624 2995 1700 βιαίως
3025 1623 3289 1699 ἀρπάσας,

2037 1721 2185 1777 Μετὰ
2214 1718 2380 1796 ξιφῶν
2416 1712 2786 1793 βαρϐαρικῶν,
2818 1714 2955 1792 ξίφει
2982 1713 3346 1786 τιμωρητέος.

2039 1808 2101 1865 Εἰ
2134 1806 2191 1863 δὲ
2216 1828 2301 1870 τις
2333 1805 2519 1862 ὅπλων
2552 1804 2768 1869 ἄνευθεν
2794 1805 3049 1877 ἁρπάσειε
3076 1804 3174 1872 τήν
3206 1800 3401 1877 κόρην,

2040 1897 2143 1954 Καὶ
2174 1894 2436 1969 δήμευσιν
2475 1894 2775 1963 ὑφίσταται,
2806 1892 2896 1947 καὶ
2925 1893 3172 1964 τέμνεται
3202 1891 3302 1959 τήν
3334 1893 3521 1963 χεῖρα,

2035 1988 2102 2043 Ἦ
2141 1985 2351 2060 μᾶλλον
2386 1984 2447 2039 οὗ
2481 1981 2793 2056 δημεύεται·
2826 1983 2896 2053 τῇ
2926 1979 2982 2035 δέ
3009 2001 3069 2057 γε
3103 1978 3382 2054 βιασθείσῃ

2032 2076 2092 2133 Ἠ
2128 2082 2319 2145 κτῆσις
2345 2072 2543 2129 τούτου
2573 2072 2828 2144 σύμπασα
2856 2068 3218 2146 προσάπτεναι
3252 2064 3496 2129 δικαίως·

2035 2165 2129 2221 Ἐκ
2159 2161 2215 2218 δέ
2241 2185 2303 2239 γε
2331 2167 2428 2218 τοῦ
2456 2160 2820 2235 τολμήματος
2850 2160 3025 2234 γάμος
3056 2158 3120 2212 οὐ
3152 2155 3452 2218 τιλεστὲος.

2032 2259 2123 2309 Δεῖ
2150 2253 2288 2308 κατὰ
2314 2254 2414 2321 τὴν
2443 2252 2725 2321 συνήθειαν
2757 2249 2857 2318 τὴν
2887 2245 3057 2302 πάλαι
3085 2246 3445 2314 τυπωθεῖσαν,

2032 2343 2150 2412 Τὴς
2180 2340 2386 2416 ἰποχὰς
2414 2340 2738 2416 ἀφίστασθαι
2768 2334 3032 2408 ἀλλήλων
3062 2334 3113 2389 ἰν
3139 2332 3381 2408 θαλάσσῃ

2032 2435 2168 2493 Ταῖς
2208 2426 2482 2507 ἀκριϐέσιν
2517 2429 2781 2502 ὀργυιαῖς,
2814 2427 2905 2481 καὶ
2934 2421 3448 2502 προδιαταχθείσαις

2032 2520 2197 2577 Πέντε
2222 2520 2359 2593 πρὸς
2389 2523 2508 2580 ταῖς
2541 2516 2806 2587 ἑξήκοντα
2834 2516 2924 2570 καὶ
2953 2519 3070 2577 ταῖς
3101 2511 3456 2590 τριακοσίαις·

2031 2612 2118 2673 Ὠς
2147 2612 2283 2666 εἶναι
2313 2608 2377 2663 τὸ
2412 2608 2505 2681 μὶν
2533 2605 2706 2679 ἥμισυ
2734 2604 2930 2661 τούτου
2960 2603 3158 2667 παντὸς
3187 2607 3284 2658 τοῦ
3319 2600 3517 2679 μέτρου

2031 2702 2128 2755 Ἐκ
2150 2703 2257 2754 τῶν
2293 2696 2478 2773 ὁρίων,
2503 2694 2757 2765 δέσποτα,
2794 2699 2890 2749 τοῦ
2916 2715 2980 2770 γε
3009 2692 3235 2768 θατέρου
3270 2691 3485 2768 μίρους,

2031 2790 2210 2867 Μέχρι
2241 2793 2338 2844 τοῦ
2368 2785 2813 2863 γειτονεῦσαντος
2843 2789 2940 2840 τοῦ
2962 2782 3161 2839 λοιποῦ
3190 2782 3508 2863 τεταμένου.

2031 2880 2186 2955 Ἔχει
2214 2877 2313 2946 τὴν
2343 2875 2735 2939 ταυτοπάθιιαν
2762 2871 2808 2928 ε’ί
2836 2893 2919 2937 τις
2945 2871 3219 2950 τυφλώσιι
3250 2871 3437 2945 κόρας,

2032 2969 2186 3039 Πλὴν
2222 2964 2507 3046 ὀφθαλμὸν
2535 2964 2647 3020 ἀντ’
2676 2961 2965 3039 ὀφθαλμοῦ
2997 2961 3222 3024 εἰκότως
3250 2957 3544 3030 ἀποδώσει,

2030 3058 2097 3117 Εἰ
2130 3055 2186 3113 δὲ
2212 3077 2295 3119 τις
2327 3055 2615 3131 ἐξορύξειεν
2649 3053 2894 3128 ὄμματα,
2925 3056 3022 3132 φεῦ
3047 3054 3060 3109 l
3090 3051 3157 3107 τὰ
3187 3048 3306 3122 δύο,

2029 3148 2205 3211 Αὐτὸς
2235 3146 2666 3224 ἐξορυχθήσεται
2698 3141 2981 3223 ὀφθαλμὸν
3011 3140 3102 3199 ἶνα
3134 3141 3324 3219 μόνον,

3284 3232 3448 3291 Vera.
3479 3231 3603 3291 862.

262 3493 717 3551 astimationem
747 3495 831 3552 rei
860 3497 1109 3553 vendita:
1162 3500 1650 3555 condemnantur.
1697 3498 1757 3554 Si
1788 3516 1921 3557 vero
1952 3502 1996 3570 C
2032 3517 2149 3557 non
2208 3504 2409 3557 contra
2466 3499 2755 3569 haeredes,
2815 3501 3315 3572 quemadmodum
3374 3482 3465 3556 est
3519 3498 3681 3571 furti,

263 3583 612 3655 defendant,
645 3585 1095 3643 aestimationem
1141 3592 1199 3643 et
1248 3605 1480 3660 poenam
1531 3587 1695 3661 dupli
1739 3590 1923 3660 dant;

265 3672 354 3730 sic
412 3675 571 3729 enim
632 3679 923 3730 statutum
981 3680 1093 3732 est.
1155 3676 1696 3749 Compensationes,
1746 3695 1778 3734 0
1819 3679 1926 3735 do-

265 3761 516 3829 mine,a
566 3763 768 3834 judice
825 3770 967 3820 sunt
1022 3766 1447 3837 suscipiendas:
1507 3767 1693 3823 solius
1748 3770 1924 3840 depo-

267 3849 371 3906 siti
402 3854 806 3922 compensatio
857 3870 971 3909 non
1015 3859 1123 3911 est.
1171 3855 1452 3927 Simplam
1484 3857 1923 3914 condemnatio-

268 3958 405 3997 nem
439 3942 682 4009 habent,
734 3960 803 3998 ex
863 3943 1170 4015 stipulatu,
1224 3947 1435 4012 mutui,
1486 3962 1557 4001 ex
1610 3952 1807 4018 empto
1839 3949 1923 4003 lo-

265 4026 711 4091 cati,mandati.
736 4029 907 4101 Dupli
932 4030 1293 4086 exactionem
1317 4031 1789 4106 habent,Aquilia
1812 4033 1922 4101 lex,

264 4116 495 4172 furtum
529 4134 639 4172 non
676 4122 1077 4187 manifestum,
1130 4120 1484 4192 depositum.
1521 4122 1924 4194 Quadruplum

265 4222 404 4261 vero
439 4206 579 4261 furti
617 4208 936 4278 manifesti,
980 4208 1105 4263 alite
1154 4225 1388 4281 quoque
1420 4211 1620 4265 multa:
1667 4213 1928 4268 actiones

268 4295 327 4350 in
363 4296 606 4357 factum.
643 4302 859 4364 metus,
894 4296 1199 4352 calumniae
1242 4314 1470 4367 rursus,
1503 4304 1558 4353 et
1589 4299 1719 4356 alite
1748 4300 1925 4358 actio-

264 4402 395 4440 nes.
432 4387 538 4451 Qui
573 4403 641 4441 ex
672 4385 978 4459 naufragio
1011 4405 1130 4443 rem
1165 4390 1381 4460 rapuit,
1414 4406 1445 4444 ο
1485 4391 1740 4459 domine,
1763 4391 1926 4461 juste

263 4475 538 4547 rependit
584 4474 835 4547 duplum
886 4476 1324 4548 quadruplum:
1359 4477 1517 4533 aliud
1570 4477 1724 4533 enim
1776 4495 1925 4549 qua-

266 4563 549 4635 druplum
610 4564 751 4620 ﬁsco
784 4564 1178 4635 adjudicatur,
1235 4565 1391 4621 aliud
1454 4566 1631 4623 habet
1688 4568 1926 4623 naufra-

266 4654 432 4726 gium
471 4671 705 4725 passus.
756 4654 936 4709 Nemo
998 4656 1229 4726 proprio
1262 4656 1496 4710 nomine
1547 4657 1601 4711 in
1628 4658 1922 4728 judicium

263 4747 514 4799 vocatus
563 4744 663 4798 dat
710 4743 1153 4799 satisdationem
1198 4743 1527 4814 judicatum
1568 4744 1746 4801 solvi:
1782 4746 1925 4803 alie-

265 4847 407 4887 nam
444 4848 579 4887 vero
607 4831 769 4886 litem
821 4832 880 4886 in
921 4832 1147 4903 judicio
1194 4849 1490 4903 exercens,
1547 4850 1730 4906 neque
1760 4834 1925 4889 exhi-

264 4920 418 4975 bens
487 4919 771 4992 scriptum
847 4921 1194 4976 mandatum
1273 4922 1615 4994 principalis
1691 4923 1923 4988 actoris,

262 5011 424 5064 recte
453 5007 828 5080 compellitur
859 5009 927 5063 ad
963 5009 1708 5077 satisdationemQuasdam
1743 5012 1921 5068 actio-

266 5112 375 5153 nes
404 5096 648 5169 exlege,
705 5097 975 5168 quaedam
1034 5114 1104 5153 ex
1157 5100 1680 5157 constitutionibus
1736 5101 1924 5173 impe-

256 5184 517 5242 rialibus
576 5191 871 5258 perpetuae
927 5191 1087 5254 sunt,
1147 5194 1212 5243 ut
1270 5187 1499 5261 legibus
1550 5189 1787 5262 placuit.
1825 5197 1923 5246 Le-

254 5290 369 5347 ges
398 5279 711 5346 praetorum
769 5280 980 5331 natura
1025 5294 1234 5332 annuae
1266 5286 1425 5347 sunt,
1476 5284 1533 5334 et
1563 5296 1760 5351 pauca:
1793 5279 1923 5350 qui-

254 5364 400 5419 dem
436 5364 717 5435 praatorias
748 5363 1006 5421 actiones
1037 5372 1333 5440 perpetuas
1360 5372 1517 5436 sunt,
1555 5372 1616 5423 ut
1643 5369 1713 5423 de
1746 5369 1921 5436 furto,

252 5457 325 5507 et
368 5467 497 5522 qua
546 5452 725 5508 datur
780 5454 1068 5511 honorum
1125 5457 1571 5528 possessoribus
1622 5456 1921 5529 legitimis.

252 5540 531 5598 Pmnales
562 5558 699 5599 vero
746 5544 1007 5603 actiones
1048 5549 1262 5604 vocatae
1309 5547 1525 5603 dantur
1569 5545 1923 5617 heredibus,

231 5697 237 5701 ’
336 5720 455 5795 (12)
488 5723 671 5793 Ποστη
683 5740 742 5795 μ.

2033 3588 2322 3645 honorum
2357 3594 2681 3660 raptorum,
2712 3588 2981 3660 Aquilius,
3035 3589 3256 3657 damni,
3289 3588 3638 3659 injuriarum
3665 3605 3679 3642 :

2034 3678 2085 3733 si
2117 3679 2250 3749 quis
2280 3678 2402 3734 litis
2447 3679 2935 3735 contestationem
2980 3680 3198 3749 ceperit
3226 3678 3286 3733 in
3326 3676 3592 3747 judiciis,
3624 3680 3684 3732 et

2033 3766 2387 3839 haeredihus,
2421 3773 2479 3823 et
2525 3775 2727 3824 contra
2779 3767 3038 3823 haeredes
3068 3768 3261 3822 datur.
3313 3765 3521 3821 Mulier
3551 3769 3683 3836 post

2033 3856 2373 3913 viduitatem
2402 3858 2659 3912 secundo
2707 3873 2821 3912 non
2874 3856 3101 3912 nubens
3130 3872 3263 3910 cum
3298 3853 3435 3910 ﬁliis
3474 3854 3683 3909 dividit

2035 3945 2431 4001 hereditatem
2466 3951 2793 4017 paternam,
2827 3949 2883 3999 et
2909 3944 3192 4016 aequalem
3226 3944 3326 3998 uni
3361 3942 3679 3998 liberorum

2034 4040 2260 4106 partem
2293 4033 2466 4105 capit,
2512 4035 2702 4106 quoad
2756 4050 2950 4101 usum,
2980 4038 3037 4089 et
3084 4032 3274 4112 quoad
3311 4030 3677 4087 dominium:

2033 4123 2189 4179 idem
2222 4140 2251 4178 e
2282 4139 2559 4179 converso
2595 4124 2805 4178 marito
2844 4122 3142 4193 competit.
3196 4121 3379 4177 Filius
3411 4118 3502 4176 sui
3525 4120 3680 4191 juris

2034 4212 2161 4268 sine
2190 4211 2391 4267 liberis
2422 4211 2729 4281 decedens,
2777 4210 3098 4283 legitimam
3134 4214 3404 4282 quartam
3455 4212 3679 4281 partem

2032 4301 2377 4372 parentibus
2434 4301 2590 4357 dato.
2653 4299 2911 4356 Puellam
2969 4298 3236 4369 violens,
3294 4302 3350 4354 et
3399 4297 3682 4353 violenter

2034 4406 2167 4446 cum
2219 4390 2462 4446 ensibus
2509 4389 2834 4446 barbaricis
2882 4390 3138 4461 rapiens,
3190 4386 3534 4461 plectendus
3591 4391 3681 4441 est

2034 4496 2208 4536 ense:
2243 4479 2291 4535 si
2341 4479 2467 4535 sine
2515 4478 2695 4535 armis
2743 4480 3023 4551 rapuerit,
3075 4478 3363 4534 bonorum
3420 4474 3680 4549 publica-

2032 4569 2249 4624 tionem
2312 4569 2624 4637 sustineat,
2681 4573 2737 4623 et
2793 4569 2842 4624 ei
2907 4585 3118 4623 manus
3177 4565 3533 4623 scindatur:
3592 4562 3681 4621 vel

2035 4658 2229 4730 potius
2261 4658 2416 4712 bona
2442 4674 2557 4712 non
2620 4656 3013 4728 publicentur,
3057 4655 3153 4711 sed
3206 4653 3429 4710 violatae
3477 4657 3535 4708 et
3565 4653 3679 4708 vim

2035 4763 2220 4818 passae
2261 4747 2421 4817 juste
2469 4746 2669 4801 omnia
2721 4744 3106 4816 applicentur,
3159 4759 3225 4798 ex
3258 4758 3324 4798 eo
3372 4758 3504 4798 vero
3544 4741 3681 4797 faci-

2035 4851 2176 4890 nore
2207 4835 2423 4906 nuptiae
2456 4850 2568 4889 non
2604 4840 2736 4888 sunt
2784 4831 3166 4904 perficiendae.
3203 4830 3442 4903 Oportet
3471 4846 3677 4886 secun-

2034 4924 2175 4979 dum
2251 4922 2741 4978 consuetudinem
2816 4920 2956 4977 olim
3024 4919 3355 4975 institutam
3419 4934 3677 4975 remoras

2032 5012 2249 5067 distare
2280 5011 2527 5066 invicem
2578 5010 2636 5067 in
2689 5009 2856 5080 mari,
2904 5009 3123 5065 exactis
3154 5012 3214 5063 et
3272 5006 3677 5080 praeordinatis

2032 5099 2309 5155 trecentis
2339 5099 2644 5171 sexaginta
2664 5100 2925 5171 quinque
2954 5098 3132 5164 ulnis,
3156 5097 3239 5152 ita
3269 5100 3334 5152 ut
3362 5094 3673 5152 dimidium

2032 5190 2225 5245 omnis
2274 5190 2402 5262 ejus
2452 5205 2745 5245 mensum
2794 5189 2865 5244 ab
2911 5188 3091 5244 unius
3139 5185 3321 5259 partis
3371 5185 3609 5253 finibus,
3644 5201 3676 5241 o

2032 5279 2288 5346 domine,
2322 5278 2614 5351 reliquum
2667 5278 2737 5332 ad
2787 5278 3045 5333 vicinum
3091 5292 3282 5348 usque
3326 5274 3677 5348 porrigatur.

2029 5367 2084 5422 Si
2115 5366 2248 5439 quis
2279 5366 2532 5439 pupillas
2562 5366 2715 5422 oculi
2762 5365 3143 5431 occmcaverit,
3184 5363 3326 5420 talio
3355 5368 3484 5434 est;
3514 5363 3676 5420 dabit

2032 5456 2187 5513 enim
2221 5462 2287 5512 ut
2316 5474 2423 5529 par
2451 5461 2542 5513 est
2590 5456 2823 5512 oculum
2855 5472 2958 5528 pro
3007 5453 3211 5511 oculo:
3255 5454 3302 5511 si
3354 5470 3488 5510 vero
3519 5454 3675 5525 quis,

2031 5545 2147 5603 heu
2172 5545 2185 5601 ι
2219 5546 2416 5603 oculos
2464 5546 2669 5603 ambos
2699 5544 2983 5617 cﬂ'oderit,
3013 5545 3065 5601 ei
3114 5544 3328 5602 unicus
3356 5542 3562 5601 oculus
3589 5542 3674 5600 ef-
