4088 6350
395 328 510 390 955

395 456 545 515 ’Δντὶ
577 455 635 514 δέ
665 463 840 534 γετοῦ
868 457 1173 528 λείποντος,
1207 457 1347 514 δότω
1375 461 1476 530 τὴν
1509 459 1808 540 διμοιρίαν,

394 550 491 621 Τῷ
518 545 859 622 τυφλωθέντι
899 549 1023 623 παρ’
1055 547 1220 602 αὐτοῦ
1250 551 1358 604 τῶν
1394 547 1549 604 ἰδίων
1576 553 1934 629 πραγμάτων,

397 635 460 695 Ei
494 635 538 691 δ’
569 633 710 691 ἔστιν
740 635 1090 712 ἀπορώτατος
1115 636 1396 715 ἐξορῦχθω
1427 641 1494 694 τὰ
1525 637 1643 699 δύο,

395 728 466 784 Αἱ
498 727 692 800 ἄποροι
725 724 816 780 καὶ
851 722 1103 800 άπροικοι
1139 729 1214 800 μὴ
1249 725 1766 805 δευτερογαμοῦσαι,

397 817 663 889 Τέταρτον
700 815 864 888 μέρος
897 814 1166 890 λήψονται
1187 822 1292 872 τῶν
1324 815 1590 892 ἀνδρικῶν
1615 819 1971 898 πραγμάτων,

399 905 501 961 Καὶ
531 903 725 958 τούτου
757 901 1186 976 δεσποζέτωσαν,
1219 907 1306 961 καὶ
1339 906 1545 963 παίδων
1578 910 1960 986 ὑπαρχόντων,

396 993 676 1063 Ἐξαετοῦς
709 993 770 1048 οὗ
801 995 1004 1070 γίνεται
1043 997 1305 1068 μνηστεία
1330 999 1463 1052 κατά
1505 1000 1725 1072 νόμους.

395 1083 454 1136 Ὀ
481 1084 572 1137 τὸν
606 1080 819 1160 φυγάδα
851 1081 1046 1140 δοῦλον
1081 1083 1137 1139 δὲ
1168 1085 1488 1162 πιπράσκων
1519 1089 1866 1164 παρανόμως,

394 1173 467 1227 Τὸ
498 1171 750 1248 διαφέρον
784 1171 1023 1240 δίδωσιν,
1057 1173 1090 1243 ἢ
1123 1173 1354 1229 διπλοῦν
1391 1177 1714 1233 ἀπαιτεῖται·

469 1263 827 1340 Ἀτιμουργοὶ
859 1263 1220 1340 τυγχάνουσιν
1245 1267 1479 1342 ἀγωγαὶ,
1511 1265 1743 1324 δέσποτά
1775 1291 1902 1344 μου,

393 1355 458 1410 Ἦ
485 1348 660 1428 ὕϐρις,
692 1355 724 1423 ἡ
761 1354 882 1429 περὶ
913 1353 1148 1426 κλοπῆς,
1185 1353 1507 1431 ἐπιτροπῆς,
1537 1359 1623 1412 καὶ
1659 1357 1847 1434 δόλου,

397 1443 461 1499 Ἥ
496 1443 617 1515 περὶ
643 1445 1108 1517 παρακαταθήκης
1140 1466 1217 1514 τε,
1250 1447 1337 1500 καὶ
1369 1448 1612 1523 ἁρπαγῆς
1648 1448 1850 1523 β-αίας,

399 1532 529 1606 Περὶ
554 1529 771 1601 κλοπῆς
801 1554 878 1602 τε,
915 1530 1166 1605 δέσποτα,
1198 1536 1286 1588 καὶ
1319 1531 1544 1610 ὕϐρεως,
1577 1537 1665 1591 καὶ
1691 1536 1878 1612 δόλου,

400 1621 500 1675 Καὶ
532 1627 631 1689 τῆς
669 1621 847 1695 βιαίας
877 1622 1127 1698 ἁρπαγῆς
1156 1627 1490 1700 πραγμάτων
1521 1625 1852 1702 ἀλλοτρίων,

403 1708 508 1765 Κᾶν
545 1711 621 1783 μή
648 1733 731 1774 τις
760 1709 1148 1787 καταδικασθῇ,
1182 1712 1327 1768 ἀλλά
1358 1735 1407 1768 τι
1441 1711 1565 1778 δοὺς
1599 1715 1808 1793 ἀπέλθῃ

403 1801 517 1868 Τῆς
556 1797 871 1871 καταδίκης,
906 1802 1135 1880 πέφυκεν
1170 1802 1321 1866 έντῦς
1354 1811 1452 1874 τῆς
1474 1805 1715 1878 ἀτιμίας.

403 1889 516 1964 Πρὸ
545 1893 645 1958 τῆς
681 1887 733 1943 έν
764 1889 1046 1965 πράγμασι
1076 1899 1276 1964 νομῆς,
1309 1900 1484 1967 νομῆς
1516 1897 1669 1970 ψυχῇ
1700 1893 1788 1950 καὶ
1825 1895 1963 1972 μόνῃ

401 1976 592 2040 Οὐδεὶς
627 1974 1080 2052 ἐπιλαμϐάνεται,
1111 1983 1284 2054 νομὴν
1320 1980 1375 2036 δὲ
1410 1982 1623 2056 σώματί
1654 2006 1746 2056 μοι

402 2065 801 2143 Ποραδοθεῖσαν
834 2067 1060 2143 δύναμαι
1093 2074 1247 2146 ψυχῇ
1283 2071 1422 2146 μόνῃ
1457 2071 1760 2150 φυλάττειν.

401 2159 476 2212 Τὸ
511 2153 720 2212 οὗνδεὸὶ
758 2156 1085 2233 ἷντέρδικτον
1119 2165 1320 2214 νοεῖται
1353 2164 1766 2237 προσηκόντως,

403 2242 477 2302 Ei’
499 2267 583 2309 τις
612 2247 704 2301 τὸν
733 2242 932 2322 ἔχοντα
962 2248 1138 2321 νομὴν
1167 2250 1488 2325 πράγματος
1519 2251 1799 2327 ἀκινήτου,

405 2337 522 2404 Τῆς
552 2342 730 2409 νομῆς
769 2337 1110 2409 ἀπελάσειεν,
1142 2340 1216 2401 ὡς
1253 2339 1432 2415 βίαιος
1461 2342 1562 2410 τήυ
1593 2344 1842 2420 γνώμην,

405 2421 510 2479 Κᾶν
539 2426 632 2497 μὶν
659 2427 723 2494 ἦν
752 2428 785 2496 ἡ
821 2426 1073 2498 ἀκίνητος
1101 2436 1292 2498 κτῆσις
1320 2436 1416 2485 τοῦ
1447 2435 1750 2506 νεμομένου

404 2513 794 2589 Είσπράττεται
836 2517 921 2570 καὶ
955 2518 1053 2586 τήν
1084 2520 1261 2592 νομὴν
1290 2521 1388 2590 τήν
1419 2522 1747 2595 ἀποτίμησίν
1777 2544 1852 2580 τε.

406 2602 473 2660 Ei’
501 2601 547 2658 δ’
578 2607 645 2672 ἦν
673 2605 832 2664 αὐτὸς
865 2608 892 2660 6
929 2606 1103 2682 βίαιος
1129 2613 1224 2662 τοῦ
1255 2610 1572 2687 πράγματος
1603 2610 1892 2683 δεσπότης,

402 2693 510 2763 Τὴν
558 2693 754 2750 τούτου
809 2698 1024 2760 πάντως
1069 2699 1317 2774 στέρησιν
1347 2696 1462 2776 ἔχει
1521 2702 1714 2770 ποινὴν
1768 2705 1867 2773 τῆς
1921 2701 2053 2759 τόλ-

1822 2795 1980 2867 [μηςο

472 2875 688 2947 ’Όνομα
715 2874 925 2950 γενικόν
954 2874 1094 2931 ἐστιν
1128 2877 1156 2932 6
1188 2875 1468 2948 δανειστὴς
1498 2883 1578 2952 τῷ
1610 2877 1767 2953 νόμῳ

402 2967 516 3024 Πᾶς
547 2963 648 3038 γὰρ
679 2963 709 3017 6
739 2965 1190 3039 χρεωστούμενος
1215 2965 1264 3036 ἐξ
1289 2967 1505 3022 οἱασοῦν
1538 2968 1716 3031 αῗτίας

404 3051 499 3109 Ἐκ
527 3051 701 3125 νόμου
734 3049 1014 3124 δανειστής
1043 3053 1153 3111 ἔστι
1188 3060 1286 3110 τοῦ
1315 3059 1826 3132 κεχρεωστημένου⁶

399 3139 500 3195 Καὶ
531 3139 696 3198 πάλιν
725 3139 899 3205 ἄλλος
930 3137 1210 3212 δανειστὴς
1238 3141 1424 3207 ἷδικῶς
1454 3145 1820 3219 κεκλημένος,

1737 332 2160 396 MlCHAELlS
2201 335 2475 398 PSELLl

3691 342 3813 404 956

2075 469 2130 536 Α
2157 470 2338 533 Ὅστις
2371 469 2800 544 ἀπηριθμήσατο
2829 473 2908 544 τῷ
2942 470 3197 548 χρεώστῃ
3231 469 3483 548 χρυσίον,

2155 562 2224 618 Ἢ
2257 560 2478 638 πρᾶγμά
2501 583 2553 616 τι
2587 562 2994 635 σταθμώμενον,
3027 560 3114 616 καὶ
3150 561 3514 636 μετρούμενον
3548 563 3728 640 φῦσει,

2153 651 2327 727 ’Ὀπερ
2359 651 2498 705 ἐστὶν
2537 650 2593 707 δὲ
2629 650 2874 729 πόνδερε,
2908 651 3168 728 νούμερο,
3203 654 3470 726 μενσουρά
3496 675 3574 726 τε,

2157 729 2296 798 ’Όσα
2357 739 2621 815 σταθμοῖ),
2678 742 2766 797 καὶ
2831 741 3033 820 μέτρου
3087 762 3185 811 τε,
3244 741 3333 797 καὶ
3395 743 3629 820 ἀριθμοῦ
3682 765 3814 822 τυγο

3529 834 3736 911 [χάνει,

2157 917 2387 995 Πόνδερε
2421 921 2516 994 μὲν
2551 923 2666 976 οἷον
2699 920 2927 997 χρυσὸς,
2962 919 3213 998 ἄργυρὸς,
3248 916 3490 996 μόλυϐός
3518 943 3598 992 τε,

2157 1011 2418 1083 Νοῦμμοι
2446 1009 2638 1065 λεπτοῖ
2671 1010 2736 1066 τὸ.
2766 1011 3003 1085 νοΰμερο
3038 1010 3183 1072 eive:
3210 1011 3275 1065 τὰ
3302 1011 3564 1088 μένσουρά
3586 1034 3663 1070 τε.

2216 1105 2238 1114 "
2318 1097 2369 1132 ⁴⁵>ι
2506 1101 2548 1131 ..¹
2708 1100 2722 1129 ι
2804 1122 2815 1132 ι
2843 1123 2860 1130 -
2989 1098 3012 1134 δ
3085 1100 3159 1136 ἵη-
3319 1100 3378 1136 ς’...

2158 1103 2280 1156 Των
2315 1113 2371 1154 οε
2403 1098 2626 1155 δανειων
2663 1122 2894 1180 πειρυιιεν
2928 1103 2961 1171 ἡ
2987 1119 3250 1177 caput:
3283 1123 3439 1174 αδιη,

2155 1191 2232 1244 Τά
2262 1190 2355 1262 μὲν
2387 1190 2488 1264 γάρ
2520 1188 2847 1261 ένυπόθηκα,
2880 1191 2946 1244 τά
2979 1189 3024 1244 δ’
3057 1187 3176 1245 ἄνευ
3212 1191 3512 1262 ὑποθήκης·

2159 1279 2262 1335 Καὶ
2295 1283 2399 1334 τῶν
2431 1277 2778 1350 ένυποΟηκων
2813 1277 2870 1334 δὲ
2901 1276 3123 1334 δανείων
3154 1279 3483 1356 λεγομένων,

2157 1371 2229 1424 Τά
2265 1369 2360 1443 μὲν
2393 1364 2507 1445 ἔχει
2541 1369 2836 1444 προνόςιια,
2868 1368 2932 1424 τά
2963 1367 3009 1423 δ’
3040 1365 3159 1424 ἄνευ
3192 1371 3531 1444 προνομῖων·

2160 1457 2255 1515 Καέ
2287 1458 2354 1514 τά
2387 1458 2479 1533 μὲν
2516 1459 2831 1530 ἀνυπόθηκα
2867 1458 3188 1534 προσωπικά
3222 1481 3314 1532 μοι
3350 1458 3491 1536 λέγε,

2156 1548 2236 1605 Τά
2269 1545 2314 1602 δ’
2348 1549 2625 1619 ὑποθήκην
2661 1543 2859 1624 ἔχοντα
2891 1551 3236 1625 πραγματικά
3265 1550 3520 1620 κλητέον,

2159 1638 2257 1692 Καὶ
2296 1638 2360 1692 τά
2391 1639 2483 1712 μέν
2520 1641 2906 1714 προγενέστερα
2935 1636 3178 1712 δημόσια
3206 1643 3282 1710 τῷ
3310 1638 3498 1716 χρόνῳ

2161 1726 2509 1803 Προτιμητὲα
2540 1728 2741 1805 πέιρυκε
2773 1731 2952 1802 χρεῶν
2989 1728 3357 1800 ένυποθήκων,

2083 1853 2129 1916 Β
2162 1815 2262 1873 Καὶ
2292 1823 2390 1886 τῆς
2415 1817 2638 1889 προικὸς
2669 1817 2860 1886 αὐτῆς,
2894 1816 3037 1896 φημῖ
3066 1823 3165 1887 τῆς
3199 1818 3666 1895 μεταγενεστέρας,

2163 1907 2447 1974 Δανειστὴς
2479 1903 2523 1960 δ’
2555 1905 2886 1976 ἐνυπόθηκος
2918 1904 3061 1982 ἔχων
3092 1906 3463 1983 προγενεσῖαν,

2161 1994 2266 2050 Κᾶν
2296 1996 2528 2070 γενικὴν,
2563 1993 2657 2049 κᾶν
2687 1993 2886 2063 ἷδικῆν,
2919 1999 3015 2049 τοῦ
3041 1996 3484 2073 μεταγενεστέρου

2162 2083 2536 2161 Ηροτιμητέος
2566 2085 2768 2161 πέφυκε
2799 2086 3027 2140 πάντοτε
3059 2081 3350 2157 δημοσίου.

2161 2177 2225 2230 ἸΙ
2256 2173 2410 2250 προῖξ
2445 2172 2501 2228 δὲ
2531 2173 2748 2228 καὶτῶν
2779 2170 3064 2228 δανειστῶν
3096 2177 3203 2228 τῶν
3233 2174 3617 2251 ὑποθηκαρίων

2162 2262 2485 2339 Προτμητέα
2515 2261 2717 2341 πέφυκε
2745 2262 2833 2318 καὶ
2871 2263 3309 2340 μεταγενεστέρα.

2162 2352 2283 2411 Εἰσὶ
2317 2351 2363 2408 δ’
2381 2349 2537 2426 ἕτερα
2569 2349 2750 2406 δάνεια
2777 2357 2884 2406 τῶν
2921 2352 3402 2429 μεταγενεστέρων,

2161 2444 2267 2512 Τῆν
2303 2439 2528 2516 δύναμιν
2562 2443 2850 2513 κινήσαντα
2879 2449 2977 2512 τῆς
3008 2443 3233 2519 προικὸς
3266 2441 3607 2519 παραδόξως’

2159 2535 2378 2590 Ὀποῖον
2408 2532 2470 2586 τὸ
2503 2529 2784 2605 διδόμενον
2816 2531 3152 2595 ἀκοντισταῖς
3177 2537 3296 2595 τοῖς
3327 2533 3593 2608 πρώτοις,

2165 2622 2260 2677 Καὶ
2293 2623 2352 2676 τὸ
2385 2621 2646 2699 προφάσει
2683 2618 2950 2685 δανεισθὲν
2981 2621 3260 2695 στρατείας
3295 2622 3636 2696 ὠνουμένης.

2163 2714 2251 2784 Ἐξ
2283 2713 2405 2788 λέγε
2433 2710 2815 2783 κονδικτίκιος,
2851 2708 3126 2786 εἷ’σπραξίς
3153 2733 3235 2774 τις
3259 2712 3318 2766 έκ
3349 2714 3545 2786 νόμου.

2165 2803 2454 2872 Δανειστῆς
2484 2799 2528 2856 δ’
2559 2800 2892 2872 ἐνυπόθηκος
2923 2806 3032 2855 τῶν
3067 2802 3549 2880 μεταγενεστέρων,

2162 2896 2305 2962 Νικᾷ
2333 2891 2422 2945 τὸν
2455 2890 2796 2961 ἀνυπόθηκον
2827 2891 2917 2944 καὶ
2948 2890 3368 2966 προγενέστερόν
3401 2913 3540 2954 πως.

2163 2982 2384 3057 Μάρτυς
2413 2979 2552 3034 ἐστὶν
2586 2974 2902 3049 ἀπόϐλητος
2933 2984 3035 3042 πᾶς
3069 2981 3096 3034 6
3129 2977 3541 3058 διεφθαρμένος,

2161 3075 2220 3162 :9
2251 3075 2444 3162 μῖμος,
2474 3070 2502 3124 δ
2533 3067 2975 3162 θυμξέικδςιβεαῖ
3008 3069 3039 3158 ι
3069 3071 3439 3162 semper»

2165 3139 2266 3200 Καὶ
2299 3139 2415 3199 ὅσοι
2447 3139 2832 3216 κατεκρίθησαν
2867 3140 2915 3196 ὲν
2948 3146 3064 3204 τοῖς
3097 3139 3491 3218 δικαστηρίοις,

3472 3233 3639 3290 Vere.
3673 3233 3802 3288 9'22.

398 3447 674 3515 fodiatur,
709 3455 768 3505 at
794 3449 846 3505 is
897 3466 998 3522 pro
1048 3449 1274 3522 reliquo
1323 3452 1626 3507 dimidiam
1682 3457 1907 3525 partem
1948 3453 2049 3509 bo-
2083 3453 2126 3521 C
2165 3452 2322 3508 enim
2370 3467 2439 3506 ex
2495 3464 2847 3521 quacunque
2904 3464 3084 3504 causa
3129 3447 3373 3504 debetur
3431 3448 3686 3506 creditor
3726 3456 3826 3508 est

400 3553 608 3594 norum
659 3542 940 3594 occscato
991 3539 1167 3596 dato:
1228 3540 1392 3595 sisit
1447 3541 1882 3613 pauperrimus,
1935 3542 2050 3598 duo

399 3627 768 3683 effodiantur.
819 3629 1098 3683 lndotataa
1147 3633 1206 3684 et
1255 3646 1541 3702 pauperes
1595 3629 1891 3696 mulieres,
1925 3648 2052 3703 quas

400 3716 470 3771 ad
513 3718 802 3772 secundas
856 3718 1090 3789 nuptias
1143 3735 1255 3772 non
1307 3718 1711 3784 convolarunt,
1765 3721 2051 3776 bonorum

401 3805 595 3860 mariti
654 3811 926 3878 quartam
1009 3812 1233 3877 partem
1311 3808 1638 3878 accipiant,
1696 3811 1864 3880 cujus
1925 3826 2054 3881 pro-

400 3894 706 3966 prietatem
756 3895 928 3950 etiam
983 3895 1182 3951 liberis
1231 3896 1654 3953 exsistantibus
1687 3914 2052 3970 consequan-

402 3988 517 4039 tur.
599 3984 877 4039 Sexennis
955 3985 1280 4039 secundum
1358 3985 1516 4057 leges
1573 3987 1872 4058 sponsalia
1939 4005 2052 4043 non

401 4071 713 4128 contrahit.
747 4077 986 4127 Servum
1039 4073 1349 4143 fugitivum
1396 4079 1599 4129 contra
1643 4074 1800 4147 leges
1832 4093 2054 4143 emens,

401 4162 458 4217 id
495 4163 646 4232 quod
680 4161 926 4216 interest
969 4161 1162 4223 solvit,
1195 4167 1253 4217 et
1282 4163 1354 4216 ab
1385 4179 1451 4218 eo
1503 4163 1748 4234 duplum
1782 4165 2053 4236 exigitur.

473 4249 743 4304 Actiones
774 4267 896 4318 quze
947 4250 1258 4315 infamant,
1288 4249 1368 4304 mi
1413 4251 1669 4318 domine,
1722 4258 1863 4308 sunt
1898 4255 2056 4326 inju-

401 4338 648 4403 riarum,
703 4339 863 4401 furti,
916 4337 1134 4405 ιυιαιιρ,
1180 4337 1320 4406 doli,
1371 4340 1642 4410 depositi,
1675 4342 1728 4396 vi
1771 4343 2055 4399 bonorum

402 4431 742 4497 raptorum.
807 4426 965 4480 Furti
1023 4427 1303 4497 quidem,
1363 4428 1620 4496 domine,
1678 4430 2055 4503 injuriarum,

401 4512 541 4579 doli,
575 4518 630 4567 et
659 4513 710 4567 vi
746 4513 883 4568 bon.
920 4519 1072 4585 rapt.
1125 4514 1301 4569 etiam
1345 4516 1392 4568 si
1447 4515 1580 4586 quis
1629 4517 2057 4576 condemnatus

400 4617 514 4657 non
569 4602 665 4667 sit,
721 4603 820 4656 sed
881 4603 1019 4670 quid
1071 4604 1264 4659 dando
1313 4605 1858 4661 condemnationem
1914 4609 2056 4662 etfu-

401 4690 571 4764 gerit,
633 4697 872 4747 notatur
928 4693 1188 4749 infamia.
1251 4695 1398 4750 Ante
1458 4694 1669 4751 realem
1731 4697 2054 4768 possessio-

400 4797 560 4852 nem,
593 4797 764 4836 nemo
819 4783 944 4837 solo
994 4784 1192 4837 animo
1240 4783 1676 4855 possessionem
1731 4792 2053 4860 recuperat.

400 4871 834 4928 Possessionem
869 4887 1001 4926 vero
1049 4888 1290 4943 corpore
1341 4871 1485 4927 mihi
1537 4873 1884 4946 acquisitam
1923 4894 2055 4949 pos-

402 4978 536 5017 sum
582 4959 704 5016 solo
763 4959 958 5016 animo
1019 4961 1287 5016 retinere.
1356 4961 1735 5018 Interdiclum
1789 4965 1942 5020 unde
1993 4969 2059 5021 ut

402 5050 813 5106 convenienter
840 5047 1214 5121 intelligitur,
1247 5050 1294 5105 si
1329 5050 1461 5122 quis
1493 5066 1624 5106 eum
1663 5052 1762 5124 qui
1796 5055 2059 5125 possidet

402 5155 521 5196 rem
574 5139 960 5206 immobilem,
1019 5139 1392 5211 possessione
1446 5141 1758 5212 dejecerit;
1809 5143 1859 5198 si
1898 5145 2052 5199 enim

401 5228 549 5284 sciat
579 5227 628 5284 is
661 5229 759 5300 qui
787 5229 905 5283 vim
955 5227 1130 5283 infert
1161 5244 1288 5284 eam
1343 5245 1464 5284 rem
1517 5229 1882 5288 immobilem
1930 5248 2058 5290 esse

401 5317 779 5390 possidentis,
813 5317 1107 5390 possessio
1141 5322 1195 5373 et
1226 5317 1535 5374 estimatio
1563 5319 1636 5373 ab
1668 5335 1732 5376 eo
1764 5320 2053 5394 exigitur:

400 5406 451 5461 si
482 5422 616 5463 vero
649 5405 748 5478 qui
782 5407 894 5462 vim
952 5407 1148 5478 infert,
1182 5408 1261 5464 rei
1316 5423 1602 5480 possessas
1634 5409 1708 5466 sit
1760 5411 2053 5481 dominus,

401 5501 646 5553 conatus
677 5513 909 5568 pmnam
944 5497 1222 5566 sustinet,
1249 5497 1651 5556 omnimodam
1680 5498 1903 5557 scilicet
1928 5502 2056 5573 ejus

401 5585 482 5642 rei
515 5585 919 5657 privationem.

470 5673 784 5731 Creditoris
815 5691 1030 5732 nomen
1061 5676 1190 5750 lege
1239 5677 1508 5749 generale
1543 5681 1672 5748 est;
1724 5679 2055 5754 cuicunque

2164 3539 2448 3597 debitoris
2480 3555 2546 3594 ex
2578 3537 2740 3610 lege:
2799 3541 2858 3593 et
2889 3553 3095 3592 rursus
3141 3537 3371 3608 proprie
3420 3542 3664 3594 vocatur
3691 3555 3818 3596 cre-

2162 3631 2336 3698 ditor,
2369 3627 2468 3699 qui
2503 3626 2812 3699 pecuniam
2846 3625 3091 3681 debitori
3136 3627 3485 3693 numeravit,
3519 3628 3639 3684 sive
3669 3645 3820 3695 rem,

2163 3736 2290 3791 quis
2323 3722 2529 3773 natura
2561 3716 2840 3789 penditur
2868 3719 2970 3770 aut
3013 3720 3414 3784 mensuratur,
3457 3716 3512 3772 id
3547 3722 3655 3787 est,
3688 3735 3820 3790 qu

2164 3809 2440 3881 pondere,
2473 3821 2740 3871 numero,
2799 3809 2900 3860 aut
2949 3820 3228 3860 mensura
3276 3809 3523 3860 constat.
3557 3807 3821 3865 Pondere

2165 3897 2422 3968 quidem,
2449 3893 2818 3964 qualiasunt,
2843 3898 3171 3964 argentum,
3201 3909 3438 3962 aurum,
3463 3895 3769 3966 plumbum
3796 3914 3815 3952 :

2166 4001 2430 4052 numero,
2466 3982 2675 4037 minuti
2710 3983 2974 4036 nummi:
3019 3999 3318 4053 mensura,
3368 3984 3590 4039 vinum.
3642 3984 3818 4041 Debi-

2165 4079 2358 4129 torum
2397 4073 2511 4127 haec
2541 4077 2629 4128 est
2661 4070 2891 4140 divisio,
2924 4069 3050 4126 alite
3099 4076 3239 4126 sunt
3287 4088 3418 4126 cum
3471 4073 3817 4145 bypotbeca,

2165 4163 2279 4219 alia
2310 4162 2436 4218 sine
2489 4159 2853 4232 bypotheca'.
2885 4177 3090 4216 eorum
3135 4176 3264 4230 qua
3306 4177 3442 4215 cum
3492 4161 3824 4233 bypotbeca

2165 4255 2328 4318 sunt,
2360 4250 2472 4306 alia
2520 4249 2740 4304 habent
2798 4247 3120 4320 privilegia,
3165 4247 3280 4304 alia
3335 4250 3462 4304 sine
3520 4249 3825 4324 privilegio

2167 4344 2325 4395 sunt.
2359 4341 2492 4404 Qua;
2525 4338 2651 4394 sine
2691 4337 3012 4409 bypotheca
3045 4341 3204 4404 sunt,
3236 4337 3566 4408 personalia
3598 4338 3822 4397 dicito:

2169 4448 2298 4504 quae
2325 4429 2709 4501 hypotbecam
2742 4427 2958 4483 habent
2987 4427 3164 4483 realln
3194 4429 3472 4484 vocanda.
3498 4429 3564 4485 Et
3595 4430 3828 4489 fiscalia

2167 4520 2401 4592 quidem
2444 4519 2640 4574 debita
2673 4517 2871 4589 priora
2894 4520 3170 4587 tempore.
3201 4517 3424 4587 potiora
3442 4524 3583 4573 sunt
3603 4519 3826 4579 debiti

2167 4625 2299 4665 cum
2331 4608 2679 4682 bypotbeca,
2713 4606 2830 4660 imo
2861 4609 2918 4660 et
2955 4605 3106 4674 dote,
3143 4604 3271 4660 dico
3320 4609 3514 4661 autem
3546 4605 3593 4661 si
3625 4615 3826 4681 poste-

2167 4699 2322 4755 riora
2369 4698 2508 4752 sint.
2567 4695 2832 4751 Creditor
2886 4692 3340 4766 bypothecarius
3387 4693 3612 4752 habens
3662 4699 3826 4770 prio-

2167 4791 2418 4858 ritatem,
2455 4785 2575 4841 sive
2609 4803 2674 4841 ex
2724 4784 3003 4857 generali,
3053 4785 3174 4841 sive
3223 4801 3291 4840 ex
3339 4785 3676 4858 particulari
3710 4788 3827 4861 hy-

2169 4877 2433 4950 potheca,
2481 4875 2620 4930 fisco
2671 4873 2991 4945 posteriore
3038 4889 3269 4944 semper
3325 4875 3518 4946 potior
3559 4879 3665 4932 est.
3701 4876 3830 4935 Dos

2167 4966 2302 5022 licet
2364 4964 2686 5036 posterior,
2749 4963 2946 5036 potior
3017 4967 3107 5018 est
3162 4967 3356 5018 tamen
3428 4965 3831 5025 creditoribus

2165 5054 2622 5130 bypotbecariis.
2683 5053 2833 5108 Sunt
2889 5052 3004 5107 alia
3070 5054 3392 5123 posteriora
3439 5053 3636 5109 debita
3691 5072 3831 5126 qua

2164 5145 2442 5199 virtutem
2476 5142 2630 5198 dotis
2662 5141 2880 5196 mirum
2933 5143 2988 5195 in
3025 5141 3266 5196 modum
3323 5146 3576 5213 movent,
3609 5159 3832 5215 quem-

2168 5233 2480 5289 admodum
2518 5231 2670 5304 quod
2706 5230 3045 5303 primipilis,
3081 5234 3138 5284 et
3175 5230 3328 5302 quod
3365 5230 3588 5286 militia
3619 5247 3834 5291 emen-

2166 5323 2252 5378 dae
2283 5337 2460 5376 causa
2491 5319 2772 5376 creditur.
2828 5318 3130 5374 Condictio
3169 5335 3236 5374 ex
3285 5319 3410 5391 lege
3459 5320 3696 5392 dicitur,
3732 5341 3837 5382 re-

2165 5412 2367 5484 petitio
2411 5410 2680 5483 quzsdam
2731 5426 2766 5465 a
2821 5408 2947 5481 lege
2994 5408 3252 5464 inducta.
3315 5409 3578 5466 Creditor
3634 5410 3834 5486 ωρο-

2164 5499 2462 5558 thecarius
2492 5499 2669 5554 etiam
2721 5497 3028 5569 posterior,
3075 5496 3260 5554 vincit
3304 5498 3648 5556 creditorem
3698 5517 3833 5562 non

2164 5590 2621 5664 hypothecarum
2655 5585 2928 5658 priorem.
2963 5583 3339 5658 Rejicisndus
3370 5591 3463 5643 est
3487 5587 3658 5646 testis
3687 5607 3832 5650 cor-

2164 5683 2394 5752 ruptus,
2429 5676 2671 5748 mimus,
2718 5674 3092 5747 tbymclicus,
3115 5673 3424 5748 gladiator,
3455 5677 3555 5748 qui
3610 5682 3831 5741 contra
