4088 6350
299 392 419 457 957

301 530 393 588 Ὧς
424 524 753 598 συκοφάνται
784 520 881 596 μὶν
916 521 1135 597 μοιχοὶ.
1165 516 1202 590 ἤ
1226 517 1445 590 κλοπὴν
1480 516 1852 595 εἰργασμένοι,

306 614 423 673 Οὐκ
445 609 556 669 ἔστι
593 613 796 687 μάρτυς
828 606 1060 681 ἄνηϐος,
1093 607 1220 666 οὐδὲ
1246 613 1357 665 τῶν
1388 613 1652 684 γυναικῶν
1674 628 1783 682 τις,

306 704 371 760 Εἰ
403 701 448 759 δ’
470 702 582 758 ἔστι
614 702 679 757 τὸ
703 702 993 778 γενόμενον
1029 700 1106 773 μὴ
1137 697 1436 772 δυνάμενον
1468 698 1588 763 θέαν

310 790 605 868 ’Δνδρικήν
633 787 1022 861 καταδέξασθαι
1052 793 1300 866 γυναῖκες
1336 791 1690 864 μαρτυροῦσι,

304 884 410 943 Καὶ
444 880 648 946 δοῦλος
677 880 754 937 ἔτι
790 885 1054 958 μαρτυρεῖ
1083 878 1135 936 ἐν
1180 877 1366 934 σπάνει
1398 882 1504 933 τῶν
1539 875 1826 952 μάρτύρων

305 972 401 1030 Ei:
432 969 569 1027 ἅπαν
602 969 745 1026 ἄλλο
776 970 1094 1047 πρόσωπον,
1127 969 1253 1024 ἄνευ
1282 966 1446 1023 αὐτοῦ
1479 963 1762 1022 δεσπότου.

300 1063 369 1119 Οἱ
403 1059 451 1116 δ’
482 1059 748 1127 ἀσθενεῖς,
779 1060 869 1115 καὶ
899 1058 1172 1136 γέροντες,
1214 1055 1308 1112 σόν
1350 1077 1414 1132 γε
1440 1059 1559 1119 τοῖς
1581 1053 1960 1130 στρατιώταις,

299 1150 403 1205 Καὶ
436 1149 487 1204 οἱ
508 1149 1017 1225 πρωτοσπαθάριοι,
1044 1146 1181 1221 μετὰ
1206 1151 1314 1202 τῶν
1348 1145 1563 1222 ἱερέων,

299 1238 382 1297 Οὐ
417 1240 779 1313 μαρτυροῦσιν
806 1234 1047 1310 ἄκοντες,
1083 1233 1209 1292 ἀλλ’
1234 1233 1494 1297 ἑκουσίως
1530 1231 1719 1307 μόνον,

298 1325 621 1402 ’Δρχιερεὺς
654 1325 716 1381 οὐ
753 1330 1036 1402 μαρτυρεῖ,
1059 1322 1173 1379 οὔτ’
1203 1320 1372 1393 ἄκων,
1405 1319 1519 1388 οὔθ’
1549 1322 1685 1377 ἑκών
1717 1341 1859 1383 πως.

294 1414 438 1477 Τοὺς
468 1410 513 1468 δ’
544 1410 750 1475 ἄλλους
782 1411 1132 1487 ἀναγκάσειας
1166 1414 1455 1485 μαρτυρεῖν
1487 1408 1779 1477 ἀκουσίως,

296 1507 405 1565 Καὶ
440 1502 654 1579 μᾶλλον
688 1504 740 1559 εἴ
756 1503 1045 1581 τυγχάνων
1073 1522 1156 1565 τις
1184 1507 1292 1557 τῶν
1321 1498 1772 1577 καταδεεστέρων,

299 1595 446 1671 Πρὸς
476 1590 643 1668 ἄνδρα
665 1589 823 1663 δίκην
854 1589 1024 1667 ἔλαχε
1052 1596 1162 1647 τῶν
1193 1589 1283 1646 ἐπὶ
1316 1588 1671 1660 δυναστείαις,

297 1684 591 1748 Κάντεῦθεν
620 1681 992 1752 ὁποκλάζουσι
1024 1684 1136 1756 (13)
1165 1686 1246 1754 τῷ
1286 1675 1443 1759 φόϐῳ
1470 1683 1567 1735 τοῦ
1600 1676 1884 1747 δυνάστου,

300 1774 403 1829 Καὶ
433 1776 529 1827 τοῦ
558 1772 795 1843 πένητος
830 1773 884 1826 οἱ
917 1769 1206 1847 μάρτυρες,
1233 1770 1356 1826 τότε
1386 1769 1492 1847 γὶρ
1523 1767 1613 1824 καὶ
1644 1767 1782 1843 πρὸς
1813 1767 1956 1845 βίαν,

294 1862 393 1925 Εἷς
428 1860 725 1939 μαρτυρίαν
759 1859 1036 1929 ἕλκονται,
1067 1859 1157 1915 καὶ
1184 1860 1232 1914 τ’
1263 1858 1467 1930 ἀληθὲς
1497 1858 1723 1923 τιθέναι.

294 1954 585 2026 Ἀρκοῦσιν
618 1949 695 2012 εἰς
725 1943 1037 2019 καταϐολὴν
1067 1946 1162 2003 δύο
1194 1947 1369 2015 φωναὶ
1404 1947 1718 2025 μαρτύρων,

204 2036 208 2038 Ἴ
298 2039 372 2098 Εἴ
403 2038 566 2115 λίτρα
598 2038 739 2112 μόνη
773 2037 1003 2116 πέφυκεν
1028 2039 1064 2108 ἡ
1086 2032 1572 2111 καταϐαλλομένη.

296 2127 368 2186 El
394 2125 451 2183 δέ
472 2149 524 2183 τι
551 2127 721 2184 πλέον
748 2128 977 2207 πέφυκε,
1008 2131 1153 2202 τρεῖς
1188 2126 1461 2202 μάρτυρας
1498 2123 1733 2185 δεκτέον.

300 2218 431 2275 Ἐπὶ
462 2214 520 2273 δὲ
548 2219 886 2282 καταθέσεως
909 2215 1067 2272 πέντε
1101 2211 1381 2292 μάρτὸρας
1410 2213 1600 2291 δέχου,

301 2306 419 2369 Τὰς
453 2304 512 2361 δέ
537 2307 586 2383 γ’
609 2306 669 2363 έκ
690 2310 791 2362 τοῦ
821 2307 1164 2382 παρήκοντος
1197 2303 1373 2369 ἀθέτει
1406 2304 1732 2382 μαρτυρίας,

306 2395 372 2453 Εἰ
406 2389 569 2451 λάϐοι
593 2416 677 2458 τις
708 2394 760 2451 ἐν
785 2395 1101 2471 γράμμασιν
1136 2393 1196 2450 έκ
1226 2391 1503 2450 δανειστοῦ
1530 2416 1582 2450 τι
1613 2392 1801 2472 χρέος,

306 2480 665 2558 ’Δποδιδοῦς,
698 2481 971 2557 ἀπόδειξιν
996 2481 1269 2562 ἔγγραφον
1303 2479 1651 2557 λαμϐανέτω,

298 2577 479 2651 Τριῶν
516 2574 807 2650 μαρτύρων
838 2570 1072 2650 ἔχουσαν
1108 2572 1422 2652 ὑπογραφὰς
1453 2568 1671 2650 βεϐαίας
1704 2593 1717 2607 ·

300 2660 370 2721 Ei
400 2660 458 2719 δέ
491 2664 569 2738 μή
597 2667 761 2718 τοῦτο
795 2660 1059 2739 δράσειεν,
1090 2660 1239 2725 αὖθις
1263 2658 1456 2738 ἔνοχος
1481 2657 1646 2736 ἔσται,

297 2752 371 2810 Εἰ
406 2754 486 2826 μή
518 2774 583 2828 γε
612 2751 770 2808 πέντε
803 2750 1069 2828 μάρτυρες
1100 2749 1303 2808 εἴποιεν
1331 2750 1726 2828 παραχθέντες,

295 2842 390 2903 Ὦς
410 2840 626 2916 γέγονεν
659 2838 933 2914 ἀπόδειξις
958 2845 1054 2896 τοῦ
1083 2861 1399 2918 κεχρεωστη
1411 2843 1596 2915 μένου,

294 2932 369 2987 Ἴ]
393 2928 601 2984 τούτων
621 2931 736 2985 κατ’
767 2929 1021 3001 ἐνώπιον,
1057 2931 1090 2985 ἁ
1121 2926 1404 3000 δανειστὴς
1428 2929 1648 3001 ἐξείποι,

286 3013 632 3077 ’Δπολαϐεῖν
659 3017 725 3077 τὰ
754 3017 891 3076 ἴδιον
919 3022 1088 3097 χρέος
1119 3019 1179 3076 έκ
1205 3024 1304 3076 τοῦ
1346 3020 1653 3097 χρεώστου,

1650 384 2027 449 SYNOPSIS
2073 384 2366 448 LEGUM.

1991 522 2049 590 Α
2079 515 2145 575 El
2176 514 2461 587 δανειστὴς
2486 513 2758 589 ἀπόδειξιν
2788 516 3075 587 ποιήσεται
3096 515 3194 570 τοῦ
3224 509 3442 591 χρέους,
3488 584 3501 599 ,

2074 606 2171 663 Καὶ
2208 607 2346 681 μετὰ
2372 611 2541 663 ταῦτα
2571 607 2818 684 ιΞεύσουσι
2845 607 3135 683 τριάκοντα
3161 604 3365 681 ἡμέραι

2068 695 2397 753 Αὐτεκαλεῖν
2423 696 2485 752 οὐ
2518 693 2736 751 δύναται
2759 696 2884 773 περὶ
2910 692 3255 771 άναργυρίας,

2070 785 2169 840 Καὶ
2203 785 2407 862 λέγειν,
2439 787 2512 848 ὡς
2547 783 2824 859 ἀποδειξιν
2861 783 3125 861 ἔγγραφον
3156 782 3435 855 έξεθέμην,

2069 875 2184 949 Πρὸ
2212 871 2270 929 δὲ
2298 881 2397 945 τῆς
2427 871 2755 945 ἀποδείξεως
2783 873 2882 929 οὐκ
2913 868 3112 929 ἔλαϐον
3144 870 3392 948 χρυσίον.

2066 963 2135 1018 Ei
2166 961 2224 1018 δὲ
2254 962 2405 1041 έντος
2434 965 2728 1042 τριάκοντα
2766 966 2989 1039 ἡμερῶν
3025 961 3292 1038 έναγάγει,

2069 1050 2209 1111 Τότε
2229 1052 2687 1130 καταναγκάζεται
2720 1054 2748 1108 ὁ
2780 1052 3065 1129 χρεώστης
3095 1049 3380 1126 δεικνύειν,

2067 1142 2156 1207 Ὧς
2188 1141 2409 1214 ἀληθῶς
2432 1139 2645 1198 διέλυσε
2672 1145 2751 1214 τῷ
2783 1138 3035 1215 δανέιστῇ
3064 1140 3127 1194 τὸ
3159 1147 3347 1215 χρέος.

2072 1229 2169 1286 Καὶ
2195 1230 2425 1305 προικός
2456 1252 2538 1294 τις
2570 1227 2842 1302 ἀπόδειξιν
2872 1228 3157 1304 ἐκθέμενος
3176 1227 3451 1302 νομίμως,

2068 1323 2143 1380 Τὸ
2163 1329 2266 1379 πᾶν
2296 1323 2694 1397 ἀναταξάμενος
2723 1329 2838 1379 κατ’
2873 1319 3015 1389 εἶδος
3040 1326 3147 1378 τῶν
3181 1320 3533 1397 πραγμάτων,

2067 1413 2235 1474 Οὗτος
2262 1411 2363 1468 οὐκ
2389 1410 2448 1467 ἃν
2472 1414 2685 1484 τιθησιν
2708 1411 3030 1489 ἆναργυρίαν
3064 1410 3233 1473 ὅλως.

2066 1501 2135 1559 Εἴ
2164 1499 2220 1557 δέ
2248 1523 2332 1565 τις
2364 1499 2697 1579 ὡμόλογησε
2722 1499 3060 1557 δανείσασθαι
3086 1498 3392 1579 ἐγγράφως,

2068 1592 2195 1646 Δυσὶ
2228 1591 2457 1667 χρόνοις
2481 1592 2715 1667 ὁρίζεναι
2744 1598 2912 1647 κινεῖν
2940 1589 3257 1666 ἆναργυρὲαν
3294 1610 3307 1623 ο

2067 1681 2165 1736 Καὶ
2194 1680 2321 1736 τότε
2337 1701 2418 1743 τις
2446 1681 2540 1737 τὸν
2567 1678 2846 1752 δανειστὴν
2881 1677 3113 1749 δικάζων
3146 1678 3450 1754 ἀναγκάζει,

2068 1770 2337 1825 Δεικνύειν
2370 1770 2469 1841 τήν
2499 1764 2811 1839 καταϐολὴν
2839 1768 3083 1844 ἐννόμως
3110 1773 3210 1825 τοῦ
3242 1765 3477 1826 δανείου.

2069 1858 2133 1915 Εἰ
2166 1856 2223 1913 δέ
2250 1879 2333 1921 τις
2369 1856 2739 1936 ὡμολόγησεν
2766 1858 2817 1915 ἐν
2850 1857 3134 1935 γράμμασί
3164 1879 3216 1913 τι
3243 1857 3435 1934 χρέος,

2062 1945 2219 2005 Ἀλλ’
2251 1948 2352 2004 οὐκ
2381 1946 2436 2020 ἐξ
2460 1936 2986 2025 ἀριθμήσεως,’ἀλλ’
3016 1947 3067 2017 ἐξ
3100 1944 3280 2017 ἄλλης
3314 1944 3513 2016 αἰτίας,

2071 2036 2247 2113 Τυχὸν
2284 2037 2357 2100 ὼς
2388 2037 2494 2093 ἀπὸ
2524 2037 2772 2112 πράσεως
2796 2036 2886 2092 καὶ
2918 2037 3230 2115 φανερώσας
3257 2039 3442 2108 τοῦτο,

2069 2127 2318 2202 Ὕστερον
2350 2125 2659 2201 ἀπαρνῆσαι
2687 2124 2750 2180 τὸ
2783 2127 2862 2199 μὴ
2894 2130 3188 2203 χρεωστῶς
3217 2122 3468 2194 ἐκθεῖναι,

2072 2216 2214 2290 Πρὸς
2244 2215 2336 2271 τὸν
2367 2217 2673 2291 κατήγορον
2701 2214 2861 2271 αὐτὸν
2895 2210 3195 2291 ὁμολογίαν
3229 2211 3451 2290 χρέους,

2069 2302 2245 2367 Αὐτὸς
2282 2305 2528 2381 βαρεῖται
2560 2302 2800 2378 μάλιστα
2823 2308 3005 2382 σαφῶς
3034 2300 3429 2372 ἀποδεικνύειν,

2068 2395 2189 2452 Ὀτι
2215 2394 2657 2471 καθωμολόγησε
2689 2396 2767 2469 μὴ
2797 2400 3093 2472 χρεωστῶς
3116 2416 3167 2451 τι
3198 2392 3391 2469 χρέος,

2066 2483 2173 2540 Καὶ
2202 2486 2343 2541 κατὰ
2374 2485 2491 2560 βίαν
2525 2481 2778 2561 ἔγραψεν,
2809 2482 2846 2555 ἤ
2871 2482 3018 2562 τύχῃ
3047 2483 3185 2541 κατᾶ
3213 2480 3401 2540 δόλον.

2066 2574 2185 2630 Υἱοὶ
2216 2568 2274 2630 δὲ
2304 2573 2610 2648 ὑπεξοόσιοι
2647 2573 2739 2631 καὶ
2771 2576 2950 2649 πατὴρ
2982 2578 3344 2651 μαρτυροῦσιν

2066 2663 2163 2727 Εἷς
2179 2665 2278 2733 τήν
2312 2663 2478 2735 αὐτὴν
2512 2663 2788 2733 ὑπόθεσιν,
2818 2662 2913 2719 κᾶν
2935 2667 3004 2737 τῇ
3036 2659 3367 2718 διατυπώσει
3392 2680 3405 2694 ·

2062 2753 2128 2810 Ἦ
2160 2750 2217 2809 δέ
2242 2774 2303 2830 γε
2333 2751 2664 2816 διατόπωσις
2693 2754 2851 2809 πέντε
2876 2752 3035 2828 ’κερσὶ
3071 2750 3382 2827 μαρτύρων.

2061 2842 2483 2920 Ὑπογραφέσθω
2503 2844 2622 2897 κατ’
2644 2839 2772 2898 αὐτὸ
2793 2840 2981 2905 καλῶς
2996 2842 3086 2896 καὶ
3113 2839 3512 2919 σφραγιζέσθω.

2060 2932 2118 2985 '0
2148 2929 2205 2987 δὲ
2231 2932 2293 2987 τὸ
2325 2928 2530 2987 δάνειον
2564 2927 2772 2993 δεικνὺς
2801 2931 3096 3007 χρεωστῶν
3132 2927 3497 3006 ἀρνουμένων.

2059 3019 2264 3098 Χρόνον
2295 3019 2563 3099 ἀρκοῦντα
2592 3018 2787 3100 εἴληφε
2812 3019 3275 3096 τριακονταετίαν.

3303 3109 3469 3168 Vers.
3502 3109 3632 3168 980.

289 3345 525 3404 bestias
563 3349 807 3420 pugnat,
842 3351 897 3403 et
927 3347 1264 3420 quicunque
1309 3347 1366 3404 in
1412 3348 1658 3421 judiciis
1688 3348 1952 3407 damnati
1982 3350 2025 3419 α
2063 3348 2313 3406 debitori
2380 3349 2564 3407 fuisse
2629 3349 3059 3422 conscriptam,
3129 3355 3188 3405 et
3250 3348 3399 3422 ipsis
3463 3364 3715 3422 praesen-

288 3439 458 3507 sunt,
491 3440 557 3492 ut
603 3436 1086 3506 calumniatores,
1125 3439 1304 3503 fures,
1353 3439 1625 3495 adulteri.
1677 3440 1953 3511 Impubes

286 3526 469 3583 testis
517 3542 633 3582 non
684 3530 792 3592 est,
828 3542 1012 3597 neque
1058 3525 1288 3583 mulier.
1321 3528 1376 3581 Si
1409 3544 1543 3584 vero
1594 3544 1686 3584 res
1717 3528 1793 3583 sit
1822 3545 1950 3600 quas

289 3614 720 3687 spectationem
745 3619 800 3670 et
820 3615 1014 3671 visum
1047 3615 1356 3672 hominum
1389 3617 1650 3690 eli‘ugiat,
1673 3617 1951 3675 mulieres

283 3702 699 3760 testimonium
750 3703 969 3760 ferunt.
1019 3708 1229 3760 Servus
1281 3705 1474 3760 adhuc
1521 3706 1692 3763 testis
1741 3712 1830 3764 est
1876 3707 1950 3761 ob

286 3792 603 3864 penuriam
656 3791 922 3861 testium,
974 3797 1177 3849 contra
1225 3810 1458 3850 omnem
1515 3795 1692 3851 aliam
1746 3813 1948 3868 perso-

282 3897 471 3950 nam,
531 3885 768 3952 excepto
828 3882 1063 3954 proprio
1119 3882 1379 3939 domino.
1431 3884 1703 3947 Invalidi,
1755 3902 1949 3953 senes,

281 3969 532 4035 milites,
579 3970 1054 4043 protospatbarii,
1087 3972 1441 4038 sacerdotes,
1474 3974 1638 4029 inviti
1681 3975 1947 4030 testimo-

277 4060 450 4115 nium
521 4075 635 4113 non
704 4058 1037 4130 perhibent,
1096 4061 1196 4116 sed
1258 4061 1450 4117 solum
1527 4068 1755 4135 sponte.
1816 4063 1945 4135 Epi-

276 4164 506 4219 scopus
536 4164 728 4219 neque
775 4147 1016 4215 invitus,
1049 4166 1239 4222 neque
1285 4151 1484 4207 volens
1531 4155 1638 4207 fert
1682 4152 1947 4208 testimo-

276 4237 472 4294 nium.
524 4236 636 4291 Alii
679 4236 857 4292 etiam
910 4237 1077 4292 inviti
1127 4238 1533 4295 testimonium
1580 4240 1772 4295 dicere
1819 4241 1945 4313 cogi

273 4329 539 4397 possunt
571 4342 583 4378 :
621 4324 876 4380 maxime
912 4326 960 4380 si
1011 4343 1235 4397 pauper
1263 4328 1361 4393 sit,
1393 4333 1450 4381 et
1480 4328 1611 4383 vilis
1658 4330 1948 4385 conditio-

273 4413 529 4483 nis,qui
583 4414 861 4469 adversus
913 4417 1297 4485 potentiorem
1351 4417 1608 4488 aliquem
1650 4418 1946 4488 judicium

271 4501 551 4569 dictavit,
583 4504 756 4572 cujus
802 4503 1110 4573 potestatis
1142 4509 1384 4569 terrore,
1416 4511 1473 4562 et
1514 4513 1693 4573 metu,
1728 4523 1945 4579 paupe-

272 4592 366 4645 ris
399 4596 583 4645 testes
633 4591 952 4661 subticent,
984 4594 1052 4647 ad
1088 4593 1198 4647 hoc
1245 4600 1310 4648 ut
1360 4595 1414 4649 id
1468 4598 1623 4666 quod
1654 4600 1712 4650 et
1739 4611 1942 4651 verum

270 4684 372 4784 est
421 4678 772 4784 deponatur.
804 4681 859 4735 vi
909 4681 979 4735 ad
1028 4682 1432 4737 testimonium
1481 4684 1812 4739 trahuntur.
1856 4685 1939 4739 Ad
1976 4720 2021 4784 Β

268 4767 641 4825 solutionem
685 4768 814 4823 duaa
862 4770 1101 4823 testium
1153 4786 1321 4825 voces
1368 4773 1694 4840 sufﬁciunt,
1729 4772 1779 4825 si
1826 4789 1945 4827 una

265 4856 474 4914 solum
534 4855 686 4911 libra
744 4855 941 4912 soluta
1000 4859 1077 4912 sit
1128 4873 1141 4912 :
1191 4858 1241 4912 si
1298 4875 1433 4914 vero
1487 4859 1769 4930 amplius,
1825 4866 1942 4915 tres

262 4949 463 5000 testes
523 4950 659 4999 sunt
721 4945 1055 5000 exhibendi.
1115 4950 1302 5017 Super
1355 4943 1625 5019 deposito
1682 4949 1944 5019 quinque

259 5038 461 5090 testes
507 5033 803 5088 exbibeto.
836 5034 1204 5089 Testimonia
1232 5050 1368 5090 vero
1411 5039 1824 5092 convenienter
1851 5053 1943 5092 re-

253 5123 584 5195 jiciuntur,
632 5122 681 5178 si
736 5122 867 5193 quis
921 5123 1214 5191 debitum,
1261 5126 1415 5193 quod
1458 5142 1491 5180 a
1535 5127 1823 5182 creditore
1880 5126 1941 5182 in

257 5213 514 5284 scriptis
568 5217 843 5282 cmperat,
896 5212 1191 5283 persolvit,
1232 5214 1611 5270 securitatem
1661 5216 1939 5286 scriptam

251 5302 489 5373 capiat,
522 5299 704 5355 trium
753 5299 993 5356 testium
1034 5302 1571 5371 subscriptionibus
1619 5303 1941 5360 ﬁrmatam,

253 5390 307 5446 si
344 5388 513 5444 enim
562 5387 707 5444 illud
760 5404 873 5443 non
929 5388 1152 5455 fecerit,
1180 5389 1396 5446 iterum
1444 5391 1742 5462 obligatus
1792 5399 1939 5470 esto,

252 5478 385 5535 nisi
419 5476 686 5550 quinque
724 5480 905 5533 testes
945 5477 1215 5548 producti
1246 5479 1524 5546 dixerint,
1558 5479 1938 5537 securitatem

338 5709 462 5784 (13)
490 5702 990 5784 Ὑποσχολάζουσι.

2058 3439 2220 3496 tibus
2286 3438 2633 3495 creditorem
2704 3438 2952 3503 dixisse,
3021 3455 3084 3495 se
3151 3457 3185 3495 a
3251 3438 3513 3495 debitore
3578 3455 3718 3511 pro~

2059 3528 2254 3601 prium
2287 3527 2550 3584 debitum
2596 3528 2877 3600 accipere.
2911 3527 2969 3584 Si
3002 3528 3256 3583 creditor
3286 3527 3467 3583 debiti
3497 3528 3718 3584 securi-

2058 3621 2236 3673 tatem
2283 3617 2509 3688 fecerit,
2540 3622 2853 3688 postquam
2898 3616 3141 3688 triginta
3189 3616 3311 3671 dies
3359 3615 3715 3685 efﬂuxerint,

2059 3723 2175 3763 non
2216 3710 2408 3780 potest
2436 3707 2699 3778 excipere
2729 3708 2799 3760 de
2830 3723 2943 3761 non
2989 3709 3295 3761 numerata
3324 3705 3592 3773 pecunia,
3626 3704 3717 3759 di-

2061 3813 2217 3865 cens,
2241 3796 2395 3868 quod
2446 3794 2816 3851 securitatem
2851 3796 3086 3867 quidem
3139 3793 3398 3865 scripsit,
3430 3794 3530 3848 sed
3580 3797 3716 3849 ante

2060 3885 2439 3940 securitatem
2487 3884 2796 3957 pecuniam
2828 3901 2944 3939 non
2979 3883 3195 3957 recepit
3226 3901 3239 3938 :
3272 3882 3320 3938 si
3374 3898 3507 3938 vero
3560 3882 3715 3939 intra

2057 3973 2183 4029 dies
2216 3974 2459 4046 triginta
2488 3972 2631 4047 agit,
2663 3978 2802 4029 tunc
2843 3972 3069 4047 cogitur
3115 3973 3343 4028 debitor
3372 3972 3621 4045 probare
3653 3986 3715 4027 se

2055 4078 2187 4119 vere
2217 4063 2481 4120 debitum
2514 4063 2787 4118 creditori
2819 4062 3086 4119 solvisse.
3117 4064 3222 4128 Qui
3257 4062 3410 4117 dotis
3439 4060 3719 4117 securita-

2056 4155 2174 4207 tem
2207 4152 2467 4222 legitime
2499 4152 2870 4221 conscripsit,
2893 4156 2950 4207 et
2978 4153 3036 4205 in
3065 4169 3131 4207 ea
3165 4167 3283 4206 rem
3320 4165 3715 4220 unamquam-

2058 4256 2171 4312 que
2221 4240 2546 4296 secundum
2596 4240 2894 4312 propriam
2946 4240 3203 4311 speciem
3253 4238 3562 4304 ordinavit,
3596 4253 3715 4293 non

2056 4332 2427 4385 numeratam
2476 4330 2785 4401 pecuniam
2838 4328 2999 4383 nullo
3049 4329 3223 4384 modo
3273 4327 3449 4383 dicat.
3479 4327 3534 4381 Si
3581 4327 3716 4398 quis

2056 4423 2253 4474 autem
2297 4418 2356 4473 in
2390 4417 2629 4489 scriptis
2659 4417 2867 4472 debere
2902 4433 2964 4473 se
3007 4420 3315 4472 confessus
3346 4415 3443 4484 sit,
3477 4415 3717 4486 querela

2056 4523 2173 4564 non
2222 4515 2538 4563 numeratae
2586 4506 2845 4578 pecuniae
2891 4506 3125 4562 duobus
3175 4506 3347 4560 annis
3399 4505 3623 4569 finitur,
3655 4507 3714 4559 et

2054 4600 2195 4652 tunc
2245 4598 2429 4667 jndex
2460 4596 2614 4668 cogit
2670 4597 3037 4663 creditorem,
3065 4596 3202 4666 jure
3258 4594 3471 4649 factam
3533 4591 3712 4647 debiti

2056 4685 2523 4740 numerationem
2574 4686 2838 4753 probare.
2872 4685 3034 4747 Quod
3068 4683 3118 4738 si
3152 4683 3284 4753 quis
3333 4683 3596 4738 debitum
3649 4681 3711 4735 in

2053 4774 2291 4843 scriptis
2322 4773 2633 4827 confessus
2682 4772 2879 4835 fuerit,
2913 4788 3025 4825 non
3059 4773 3304 4841 quidem
3334 4788 3403 4826 ex
3434 4786 3711 4826 numera-

2053 4862 2230 4924 tione,
2264 4861 2367 4915 sed
2413 4876 2483 4915 ex
2529 4860 2643 4914 alia
2695 4875 2893 4921 causa,
2927 4860 3107 4913 veluti
3154 4877 3224 4915 ex
3268 4860 3621 4923 venditione,
3652 4861 3713 4913 et

2052 4950 2196 5004 illud
2256 4949 2746 5004 manifestissime
2803 4949 3157 5010 ostenderit,
3215 4950 3324 5003 hoc
3382 4948 3712 5002 secundum

2052 5039 2316 5094 debitum
2365 5053 2481 5093 non
2528 5053 2658 5092 esse
2704 5036 2907 5103 actori,
2940 5044 3001 5092 et
3031 5036 3256 5091 nullam
3305 5052 3435 5091 esse
3483 5036 3711 5091 confes-

2051 5129 2279 5184 sionem
2319 5126 2540 5188 dicens,
2572 5131 2849 5195 gravatur
2892 5126 3161 5195 probare,
3192 5125 3349 5195 quod
3398 5140 3514 5178 non
3547 5123 3708 5178 debi-

2051 5223 2177 5272 tum
2209 5214 2516 5270 confessus
2546 5217 2645 5274 sit.
2675 5218 2733 5268 et
2761 5215 2912 5280 quod
2949 5228 3051 5282 per
3079 5211 3195 5266 vim
3232 5217 3290 5267 et
3319 5213 3517 5267 dolum
3563 5210 3711 5265 scri-

2055 5305 2183 5375 psit.
2225 5300 2659 5359 Filiusl'amilias
2699 5306 2756 5357 et
2799 5309 2963 5372 pater
3004 5303 3193 5357 eidem
3247 5300 3478 5370 negotio
3527 5305 3709 5355 testes

2052 5392 2317 5448 adhiberi
2351 5398 2619 5463 possunt,
2651 5391 2827 5447 etiam
2859 5395 3232 5446 testamento.
3264 5389 3709 5445 Testamentum

2049 5482 2312 5554 quinque
2332 5481 2577 5538 testium
2600 5480 2872 5538 manibus
2894 5479 3397 5549 subscribatur,et
3415 5479 3706 5551 signetur.
