4010 6360
353 365 471 425 959

352 497 418 553 Et
441 494 488 552 δ’
507 493 644 558 ’ίσως
675 495 813 571 πρὸς
841 494 1171 564 παράστασιν
1201 489 1434 561 ἠτόνησε
1462 489 1773 567 μαρτύρων,

355 591 557 663 ’Όρκον
582 584 796 661 ἐπάγειν
827 581 1043 638 δύναται
1075 583 1227 642 οὗτος
1258 586 1336 652 τῷ
1367 579 1643 659 ἀφειλέτῃ,

357 674 464 733 Ῑᾶν
489 676 645 738 οὗτος
673 673 1013 746 έπομόσηται
1041 672 1068 726 ὁ
1098 668 1376 739 δανειστὴς
1407 672 1631 739 ἡττᾶται
1662 688 1674 701 ⁸

357 766 422 823 Εἴ
447 762 502 820 δὶ
534 765 561 818 ὁ
591 762 917 838 έ-αγόμενος
951 761 1110 836 ὅρκον
1143 761 1502 835 ἀντιπαγάγῃ,

357 856 419 912 Ὀ
453 852 731 922 δανειστὴς
758 849 804 905 δ’
831 850 1070 923 ὀμόσειε,
1105 844 1373 922 λαμϐάνει
1405 850 1466 903 τὸ
1498 848 1750 924 χρυσίον.

358 943 574 1019 Ὠραῖον
605 939 662 996 δὲ
693 942 997 1014 σημείωσαι
1030 940 1116 994 καὶ
1157 938 1485 1012 ζητοῦμενον
1519 944 1762 1013 πρᾶγμα,

358 1032 446 1096 Ὠς
474 1027 639 1102 ἔξεστι
675 1026 975 1104 μεταπεδᾷν
1011 1027 1071 1082 lx
1096 1025 1472 1103 δικαιολογίας

357 1118 566 1192 Ταύτης
597 1121 732 1194 πρὸς
779 1118 981 1191 ἄλλην,
1041 1114 1295 1188 δέσποτα,
1358 1117 1618 1191 μεμψεώς
1675 1137 1820 1178 τινος
1853 1113 2005 1192 δίχα,

362 1210 424 1267 Ἦ
454 1202 812 1282 κομϐιντίων,
845 1204 1098 1273 δέσποτα,
1130 1203 1206 1268 εἷς
1237 1204 1360 1278 τρία
1390 1202 1696 1281 διαιρεῖται.
2014 1195 2024 1204 ί

360 1300 428 1358 Ἥ
454 1297 555 1375 γὰρ
585 1293 861 1352 πουὸλίκα
890 1316 1140 1373 πεφυκιν,
1173 1294 1216 1348 εἰ
1248 1293 1432 1369 τύχοι,
1533 1287 1769 1370 πριϐάτα
1803 1311 1814 1322 ·

359 1390 466 1458 Τὴν
501 1385 557 1442 δὶ
587 1381 848 1461 πριϐαταν
883 1381 1056 1439 δίελιν
1093 1382 1166 1445 εἷς
1200 1379 1295 1438 δῦο
1327 1380 1488 1436 πάλιν
1526 1384 1690 1456 μέρη,

359 1476 457 1539 Εἰς
489 1474 800 1551 λιγιτίμαν,
830 1475 1101 1548 κράτιστε,
1132 1470 1219 1526 καὶ
1253 1471 1328 1534 εἷς
1359 1470 1792 1548 ἱουρισγιντίαμ,

361 1568 450 1635 Μὴ
484 1563 660 1619 τοίνυν
689 1563 823 1628 τίθει
854 1564 1100 1636 τέσσαρα,
1139 1561 1278 1634 μόνα
1308 1557 1364 1615 δὲ
1392 1559 1515 1634 τρία
1547 1558 1692 1636 λέγε,

361 1657 423 1714 Ἦ
457 1653 714 1730 λιγιτίμα
745 1655 847 1729 γὰρ
878 1651 1036 1721 αὐτὴ,
1071 1650 1161 1705 καὶ
1190 1651 1223 1720 ἠ
1258 1649 1618 1726 ἰουρισγεντία
1648 1670 1661 1720 ;

361 1749 545 1801 Ηᾶσαν
575 1740 1012 1812 κατιδαπάνησαν
1041 1741 1139 1809 τὴν
1173 1740 1393 1814 γενικὴν
1425 1733 1688 1813 πριϐἀταν
1722 1757 1733 1769 ·

362 1833 564 1891 Οὐκοῦν
599 1835 694 1904 τὴν
718 1827 1080 1906 λομῦεντίονα
1101 1829 1177 1893 εἷς
1208 1830 1330 1906 τρία
1358 1827 1525 1884 ταῦτα
1548 1830 1732 1902 τέμνε,

366 1917 697 1995 Πουϐλίκαν,
731 1919 1018 1996 λιγίτιμάν
1048 1941 1127 1991 τι,
1159 1918 1248 1973 καὶ
1292 1918 1389 1986 τήν
1427 1917 1835 1992 ἶόυρισγεντίαν,

363 2013 471 2070 Καῖ
491 2007 790 2066 ποῦὄλικον
825 2009 920 2084 μὶν
951 2009 1213 2084 πέφυκεν,
1247 2008 1437 2084 εῗρήνη
1471 2005 1708 2078 δημοσία
1742 2025 1753 2037 ’

361 2103 679 2180 Λεγίτιμυν,
711 2109 788 2175 τῷ
821 2100 981 2175 ἰδικῴ
1006 2101 1159 2175 νόμῳ
1190 2101 1563 2176 κεκυρωμένον
1601 2121 1613 2132 ·

364 2195 440 2254 Τὸ
465 2190 521 2248 δὲ
551 2195 625 2266 μή
649 2213 706 2246 τε
735 2191 1040 2267 λεγίτιμον,
1078 2193 1216 2263 μήτι
1245 2191 1351 2263 μὴν
1383 2193 1490 2244 τῶν
1524 2182 1861 2262 πουϐλίκων,

364 2283 775 2358 Ἰουρισγὲντιον
807 2284 933 2355 γοῦν
967 2278 1098 2348 ἐσνι,
1131 2274 1452 2353 κομϐέντιον
1478 2275 1528 2332 ἔν
1557 2279 1722 2353 γένει.

361 2377 476 2427 Τῶν
506 2368 564 2426 δὶ
593 2369 880 2440 τοιούτων,
915 2366 1172 2441 δέσποτα,
1206 2368 1370 2424 πάλιν
1402 2364 1828 2442 κομϐιντιόνων,

360 2462 429 2520 At
465 2461 558 2534 μὶν
586 2463 842 2535 γεννῶσιν
878 2459 1123 2534 ἀγωγὴν,
1166 2456 1298 2514 αἶ’δὶ
1329 2460 1688 2535 παραγραφήν
1723 2479 1862 2529 πως,

362 2547 521 2607 ’Δλλ’
555 2551 675 2604 ὅσαι
713 2549 808 2622 μὶν
841 2549 1138 2621 ὁμώνυμον
1169 2549 1525 2626 παραγραφὴν
1557 2552 1838 2623 γεννῶσιν,

370 2639 528 2714 Φημὶ
558 2643 674 2702 τοῖς
708 2635 1154 2714 συναλλάγμασιν
1189 2638 1275 2715 ὑφ’
1305 2639 1378 2691 ὧν
1411 2637 1833 2713 ἀπογεννῶνται,

364 2728 488 2789 Εἰσὶ
525 2728 617 2802 μὶν
651 2722 1049 2801 κομϐιντίωνες
1076 2732 1302 2803 γενικῶς
1334 2727 1693 2801 κεκλημέναι,

367 2817 464 2881 Εἷς
498 2814 678 2886 ἴδικὴν
713 2814 771 2871 δὲ
800 2815 1056 2871 πίπτουσι
1090 2814 1549 2890 συναλλάγματος
1570 2814 1788 2886 κλῆσιν,

368 2907 467 2970 Εἲς
498 2912 716 2983 πρᾶσιν,
750 2905 826 2970 εἷς
853 2907 950 2975 τὴν
983 2905 1272 2978 μίσθωσιν,
1304 2903 1340 2973 ἤ
1371 2906 1458 2959 καὶ
1489 2906 1588 2974 τὴν
1620 2902 1927 2962 κοινωνίαν.

365 2995 432 3053 Εἴ
464 2992 510 3050 δ’
537 2992 668 3056 ἴσως
699 2994 1091 3067 ἀμετάπτωτος
1123 2994 1198 3055 εἷς
1235 2989 1405 3047 ἲδικόν
1425 3015 1478 3047 τι
1513 2991 1708 3065 μείνοι,

365 3084 466 3140 Καὶ
499 3080 734 3158 μᾶλλον,
759 3083 803 3138 εἰ
827 3077 1198 3158 προϐέϐηκεν,
1232 3079 1268 3151 ἤ
1301 3080 1450 3144 δόσις
1483 3081 1571 3137 έπὶ
1603 3079 1771 3151 δόσει,

1706 356 2122 418 MICHAELIS
2165 355 2436 417 PSELLI

2027 491 2083 559 Α
2114 489 2185 546 ’Ἡ
2220 486 2307 542 ἰπὶ
2340 485 2483 543 δόσει
2509 489 2754 561 ποιήσις,
2788 485 2823 558 ἤ
2857 487 2911 543 ἐν
2943 486 3162 557 ποίησει
3195 485 3366 558 δόσις,

3659 358 3819 418 960

2114 579 2184 636 Ἢ
2218 576 2364 640 δόσις
2398 575 2486 632 διὰ
2516 599 2764 648 ποίησιν,
2795 576 3162 653 τετράτροπον
3185 576 3285 653 γὰρ
3315 582 3502 634 τοῦτο.

2114 669 2358 723 Τίκτεται
2390 666 2553 723 πάλιν
2588 667 2778 744 ἀγωγή
2810 667 2843 736 ἡ
2880 667 3274 743 πραισκρίπτις
3304 662 3487 743 βέρῦις

2117 760 2205 828 Μὴ
2238 759 2340 833 γὰρ
2375 758 2603 832 εὑροῦσα
2635 754 2888 832 εὔλογον,
2921 759 2955 826 ἡ
2988 751 3330 829 κομϐιντίων
3364 754 3524 830 αὕτη,

2117 848 2425 924 Ἑναγωγήν
2459 848 2756 920 ὁμώνυμον
2786 850 2864 919 τῷ
2896 843 3317 921 συναλλάγματί
3361 868 3500 917 πως,

2116 942 2202 1009 Τῷ
2227 935 2426 1012 γενικῷ
2459 937 2686 1010 ὀνόματι
2719 934 3079 1012 συνάλλαγμα
3109 941 3381 1004 καλεῖται,

2117 1028 2213 1082 Καὶ
2250 1023 2467 1081 δῖδωσιν
2492 1025 2770 1101 ἰναγωγήν
2799 1027 2896 1095 τήν
2931 1023 3324 1099 πραισκρίπτις
3370 1019 3577 1102 βὲρϐις,

2116 1117 2179 1174 Ἡ
2212 1116 2263 1170 ἐν
2297 1113 2723 1191 δομιστρατίωνι
2753 1115 2814 1170 τὸ
2847 1121 3070 1191 πρᾶγμα
3105 1111 3396 1189 διηγεῖται,

2117 1208 2177 1263 Ἦ
2213 1203 2270 1261 δὲ
2301 1206 2405 1260 ἀπὸ
2437 1205 2760 1268 ἶντεντίονος
2792 1202 3012 1278 ἷνκέρτα
3044 1198 3381 1277 καλουμένη,

2118 1295 2211 1359 Εἷς
2239 1297 2330 1350 τὸν
2361 1293 2751 1370 κοδιμνατίόνα
2779 1296 2840 1349 τὸ
2877 1293 3038 1356 τέλος
3069 1292 3391 1369 καταλήγει.

2116 1390 2230 1441 Τῶν
2265 1382 2320 1440 δέ
2351 1406 2413 1460 γε
2443 1386 2661 1440 πάκτων
2694 1386 2918 1463 πέφυκε,
2951 1383 3019 1438 τὰ
3055 1383 3148 1457 μὲν
3179 1380 3228 1453 ἐξ
3259 1380 3572 1440 κόντινὲντι.

2116 1476 2258 1532 "Om
2283 1478 2400 1537 τοῖς
2422 1471 2841 1548 συναλλάγμασι
2875 1471 3150 1549 σῦγχρονά
3184 1492 3299 1533 πως
3330 1469 3615 1547 τυγχάνει.

2117 1565 2197 1621 Τὰ
2238 1561 2294 1618 δέ
2327 1585 2482 1641 φασιν
2511 1563 2561 1617 οἱ
2593 1563 2818 1617 παλαιοί
2851 1561 2900 1632 ἒξ
2935 1555 3279 1634 ῗντερϐάλλω
3313 1561 3496 1633 νόμοι,

2117 1655 2270 1708 Ἤτοι
2309 1651 2725 1728 μεταγενέστερα
2754 1653 2860 1706 τῶν
2897 1650 3020 1728 πρὶν
3058 1647 3548 1724 συναλλαγμάτων.

2116 1747 2297 1801 Ταῦτα
2330 1743 2801 1816 κατονομάζουσιν
2833 1741 3032 1796 ἰκιῖνοι
3065 1737 3228 1796 νοῦδα
3249 1739 3422 1795 πάκτα

2043 1873 2090 1937 Β
2121 1835 2380 1892 Τουοέστι
2413 1832 2674 1911 σύμφωνα
2713 1830 2870 1906 ψιλὰ,
2905 1832 3128 1908 ἅγωγὴν
3165 1831 3241 1905 μὴ
3275 1833 3557 1886 ποιοῦντα.

2131 1929 2159 1937 ..
2181 1925 2194 1937 .
2285 1923 2295 1937 .
2587 1921 2601 1937 ε
2733 1922 2744 1937 .
2912 1922 2924 1937 .
2979 1919 2999 1937 κ
3099 1921 3112 1936 κ
3303 1920 3316 1937 ι
3503 1919 3514 1937 .

2125 1925 2200 1979 Οὐ
2232 1923 2334 1999 γάρ
2365 1945 2447 1984 τις
2481 1921 2612 1996 μετᾶ
2641 1922 2868 1998 χρόνιον
2902 1919 3149 1996 ὀχληρὸν
3183 1920 3416 1990 ποιήσας
3444 1919 3682 1988 πάκτον,

2126 2015 2395 2077 Ἐντεῦθεν
2418 2009 2520 2083 ἕξει
2553 2012 2773 2087 ἀγωγὴν
2805 2013 2904 2080 τήν
2932 2009 3055 2086 περὶ
3085 2014 3179 2065 τοῦ
3208 2010 3526 2087 συμφώνου.

2127 2102 2189 2162 Εἰ
2223 2101 2278 2157 δέ
2318 2124 2398 2166 τις
2419 2105 2812 2176 περιστατικῶς
2846 2099 3194 2176 ἆντεναγάγοι
3224 2098 3424 2172 τοᾶτῳ,

2125 2193 2401 2248 Ἐντεῦθεν
2433 2197 2842 2266 παραγράφεται
2868 2188 2958 2243 τὸν
2988 2187 3440 2264 ἁντεναγαγόντα.

2129 2282 2312 2357 Σάκρα
2342 2280 2433 2353 μὲν
2467 2279 2808 2352 κανονόμαζι
2837 2277 2999 2342 ναοὺς
3027 2277 3152 2340 τοὺς
3184 2275 3510 2352 δημοσίους,

2125 2371 2259 2434 Τοῦς
2287 2369 2511 2448 τάφους,
2544 2368 2850 2445 ῥελεγίοσα,
2883 2367 3010 2432 τοὺς
3041 2363 3368 2441 σεϐασμίους
3393 2365 3574 2424 κάλει.

2126 2460 2224 2516 Καὶ
2273 2454 2570 2527 ποῦϐλικα,
2604 2455 2866 2531 δημόσια,
2897 2459 3151 2533 χρήσεως
3183 2464 3282 2527 τῆς
3313 2455 3611 2531 παγκοίνου
3642 2456 3798 2531 (ιε),

2127 2553 2238 2618 Σήν
2269 2545 2554 2620 θάλασσαν,
2588 2545 2714 2608 τοὺς
2766 2546 3048 2620 ποταμοὺς
3098 2544 3328 2619 ὅρμους,
3374 2545 3463 2600 καὶ
3513 2543 3645 2606 τοὺς
3691 2544 3800 2599 λιι

3426 2633 3637 2708 [μίνας.

2126 2728 2206 2786 Τὰ
2237 2725 2292 2783 δέ
2322 2748 2383 2803 γι
2413 2724 2817 2802 πουπουλάρια,
2845 2722 3118 2799 δημοτικὰ
3142 2728 3425 2802 τυγχάνει,

2127 2820 2207 2876 Τὰ
2237 2817 2449 2892 θέατρα,
2480 2816 2567 2871 καὶ
2603 2813 2812 2883 στάδια,
2845 2813 2935 2869 καὶ
2971 2812 3340 2890 βουλευτήριά
3367 2834 3448 2870 τι.

2127 2911 2306 2964 Κινῶν
2340 2903 2396 2960 δὲ
2423 2901 2559 2967 ἄπας
2593 2901 2871 2973 δυνειστής
2898 2905 2996 2974 τὴν
3037 2903 3434 2978 ὑποθηκαρίαν.

2126 2995 2260 3052 Κατ’
2289 2991 2483 3068 ἀνδρὸς
2515 2991 2792 3064 ἐξωτικοῦ,
2826 2993 2886 3047 τὸ
2917 2998 3145 3068 πρᾶγμα
3173 2990 3494 3065 νεμομένου,

2129 3086 2475 3161 Παραγραφῷ
2509 3082 2602 3156 μὶν
2637 3081 2867 3159 εἷ’ργεται
2897 3086 3005 3137 τῶν
3048 3082 3363 3155 ὡοισμένων
3396 3081 3643 3157 χρόνων,

3360 3170 3521 3228 Vere.
3554 3169 3720 3225 1040.

371 3410 480 3476 Qui
509 3425 644 3466 vero
686 3406 955 3481 probavit
983 3407 1095 3463 sibi
1149 3407 1222 3462 ab
1271 3405 1672 3462 inﬂeiantibus
1703 3420 1830 3462 esse
1861 3404 2021 3462 debi-
2053 3407 2097 3475 C
2135 3405 2377 3479 quidem
2436 3403 2849 3461 conventiones
2896 3409 3200 3475 vocantur,
3233 3404 3334 3461 sed
3381 3404 3441 3460 in
3490 3403 3800 3476 propriam

371 3502 522 3568 tum,
567 3496 866 3554 sufficiens
916 3495 1156 3568 triginta
1215 3513 1503 3551 annorum
1562 3499 1798 3567 tempus
1855 3494 2024 3566 cepit.

372 3587 474 3644 Sin
525 3595 719 3641 autem
767 3585 1010 3641 testium
1064 3585 1376 3657 praesentia
1426 3583 1802 3651 destituatur,
1840 3588 2030 3655 potest

365 3676 792 3748 jusjurandum
853 3675 1078 3729 deferre
1137 3673 1419 3740 debitori,
1482 3672 1583 3743 qui
1641 3673 1689 3728 si
1739 3672 2031 3743 juraverit

373 3765 624 3821 creditor
666 3765 862 3820 debito
893 3762 1102 3819 cecidit
1133 3779 1144 3817 :
1181 3764 1230 3817 si
1259 3778 1396 3816 vero
1447 3778 1580 3816 reus
1622 3763 2028 3831 juramentum

374 3855 610 3918 referat,
641 3857 697 3908 et
726 3853 980 3908 creditor
1021 3850 1331 3922 juraverit,
1365 3851 1672 3922 pecuniam
1707 3850 1881 3920 capit.
1915 3851 2030 3905 0b-

379 3957 566 4009 serva,
600 3940 853 4010 domine,
888 3939 1201 4011 pulchrum
1252 3939 1392 4010 quid
1425 3943 1482 3994 et
1511 3944 1905 4010 opportunum
1951 3936 2032 3993 rei

380 4031 453 4086 de
504 4047 620 4102 qua
666 4030 1016 4100 disputatur,
1065 4029 1221 4100 quod
1273 4029 1407 4083 licet.
1457 4027 1752 4083 transilire
1795 4029 1866 4082 ab
1919 4044 2034 4082 una

379 4119 734 4190 allegatione
781 4119 850 4173 ad
903 4118 1345 4188 aliam,absque
1397 4116 1516 4172 ulla
1560 4116 2032 4188 reprehensione.

379 4207 718 4276 Conventio,
755 4224 786 4262 ο
820 4207 1077 4272 domine,
1111 4207 1171 4262 in
1222 4206 1335 4261 tria
1382 4206 1683 4273 dividitur,
1736 4223 1872 4262 nam
1923 4205 2037 4262 alia

381 4295 616 4370 publica
647 4301 756 4362 est,
786 4295 902 4352 alia
935 4297 1158 4367 privata
1187 4312 1199 4349 :
1237 4296 1524 4366 privatam
1559 4311 1768 4351 rursus
1798 4295 1854 4350 in
1888 4296 2036 4351 duas

380 4392 576 4458 partes
624 4385 917 4450 dividunt,
954 4385 1013 4439 in
1064 4384 1415 4457 legitimam,
1465 4385 1608 4456 imp.
1645 4389 1702 4440 et
1745 4385 2036 4456 jurisgen-

380 4475 555 4530 tium.
614 4475 782 4530 Nunc
840 4490 973 4529 vero
1046 4481 1300 4545 quatuor
1357 4490 1428 4529 ne
1487 4474 1708 4544 ponito,
1768 4475 1868 4529 sed
1928 4473 2039 4529 tria

381 4567 612 4619 tantum
643 4563 839 4630 dicito,
874 4580 1010 4618 nam
1043 4562 1305 4635 legitima
1336 4561 1457 4628 illa,
1493 4567 1548 4617 et
1587 4561 2036 4634 jurisgentium,

383 4668 618 4708 omnem
660 4653 945 4724 privatam
999 4650 1328 4722 generalem
1378 4656 1893 4722 consumpserunt.
1926 4651 2040 4722 Igi-

382 4747 481 4798 tur
524 4741 968 4797 conventionem
1021 4742 1079 4795 in
1125 4740 1228 4795 illa
1279 4740 1390 4795 tria
1419 4740 1687 4806 dividite,
1719 4739 2035 4810 publicam,

383 4830 734 4905 legit—imam,
776 4836 833 4886 et
881 4829 1328 4900 jurisgentium.
1383 4833 1450 4883 Et
1506 4798 1745 4900 publica
1800 4798 2037 4900 quidem
2073 4798 2116 4862 θ

383 4927 493 4989 est,
529 4937 640 4990 pax
683 4919 914 4990 publica
948 4936 960 4974 :
994 4918 1275 4989 legitima,
1310 4935 1434 4988 quaa
1467 4919 1702 4989 propria
1746 4917 1868 4984 lege
1898 4934 2039 4972 con-

384 5011 599 5066 stituta
634 5026 647 5064 :
684 5026 811 5079 ques
845 5024 979 5062 vero
1013 5024 1203 5077 neque
1233 5007 1498 5078 legitima
1529 5023 1718 5079 neque
1747 5024 1816 5062 ex
1847 5006 2040 5077 publi-

385 5100 471 5156 cis
527 5104 648 5158 est.
704 5097 1127 5167 jurisgentium
1181 5102 1271 5151 est
1327 5098 1634 5152 conventio
1694 5097 1752 5150 in
1809 5112 2038 5166 genere.

387 5189 601 5243 Earum
653 5187 865 5242 iterum
917 5186 1389 5252 conventionum,
1425 5202 1456 5240 ο
1498 5185 1754 5251 domine,
1787 5183 1912 5239 alia
1959 5183 2041 5252 gi-

388 5282 580 5349 gnunt
627 5275 937 5343 actionem,
971 5273 1096 5328 alia
1148 5273 1568 5344 exceptionem,
1615 5275 1715 5328 sed
1768 5289 2041 5344 quaecun-

389 5381 504 5437 que
536 5363 822 5419 actionem
846 5362 1060 5420 similis
1092 5363 1352 5418 nominis
1382 5363 1654 5434 gignunt.
1685 5363 1816 5417 dioo
1848 5368 2044 5418 autem

387 5469 522 5511 cum
572 5451 973 5509 contractibus
1023 5468 1054 5508 θ
1101 5451 1319 5523 quibus
1368 5451 1656 5520 derivant,
1696 5449 2047 5523 generaliter

462 5699 579 5774 (14)
608 5696 687 5756 Τὰ
714 5691 993 5772 πάνδημα.

2136 3499 2473 3550 contractus
2517 3494 3054 3550 denominationem
3103 3494 3392 3563 incidunt,
3415 3492 3799 3558 venditionis,

2137 3583 2463 3648 locationis,
2496 3585 2796 3638 societatis
2831 3600 2843 3638 :
2876 3585 2924 3640 si
2957 3600 3094 3638 vero
3133 3583 3192 3637 in
3246 3582 3550 3654 proprium
3578 3597 3801 3637 numen

2139 3691 2254 3730 non
2287 3673 2518 3739 cadant,
2552 3677 2609 3727 et
2640 3673 2891 3727 maxime
2924 3673 2972 3728 si
3011 3675 3328 3744 praecessit,
3351 3671 3438 3728 vel
3469 3671 3543 3728 do
3575 3677 3641 3726 ut
3671 3671 3803 3740 des,

2137 3762 2226 3817 vel
2278 3763 2424 3816 facio
2457 3767 2521 3816 ut
2551 3763 2675 3826 des,
2707 3761 2793 3816 vel
2824 3763 2896 3816 do
2930 3767 2992 3816 ut
3026 3763 3226 3830 facias,
3259 3762 3348 3816 vel
3400 3761 3547 3815 facio
3600 3766 3666 3815 ut
3715 3761 3803 3814 fa-

2141 3851 2282 3914 cies,
2310 3851 2465 3922 quod
2521 3851 2889 3922 quadruplex
2937 3856 3046 3915 est,
3077 3868 3283 3906 rursus
3335 3850 3599 3922 gignitur
3648 3849 3800 3905 actio

2142 3939 2500 4012 praecriptis
2531 3940 2721 3994 verbis
2754 3955 2768 3994 :
2803 3939 2904 3995 illa
2943 3940 3099 3994 enim
3135 3940 3438 3995 conventio
3484 3956 3600 3994 non
3635 3939 3802 3993 inve-

2143 4032 2311 4086 niens
2340 4031 2626 4085 actionem
2661 4030 2836 4085 alicui
2867 4031 3194 4085 contractui
3228 4032 3666 4102 bomonymam.
3698 4045 3799 4100 ge-

2145 4119 2328 4175 nerali
2359 4124 2696 4174 contractus
2737 4119 2975 4174 nomine
3004 4123 3265 4186 vocatur,
3297 4123 3354 4174 et
3382 4121 3480 4173 dat
3510 4119 3801 4174 actionem

2145 4209 2486 4281 prescriptis
2542 4207 2766 4273 verbis,
2819 4224 2947 4279 quae
3007 4207 3063 4262 in
3123 4209 3624 4263 demonstratione
3673 4223 3802 4262 rem

2146 4304 2401 4359 enarrat,
2432 4302 2488 4352 et
2527 4299 2596 4352 ab
2627 4297 2952 4352 intentione
2984 4298 3203 4352 incerta
3234 4297 3596 4363 nominatur,
3630 4298 3806 4366 cujus

2147 4387 2284 4442 ﬁnis
2349 4386 2407 4441 in
2465 4387 2954 4441 condemnatione
3013 4386 3250 4442 desinit.
3309 4386 3620 4441 Pactorum
3690 4385 3809 4441 alia

2149 4481 2289 4532 sunt
2319 4492 2388 4530 ex
2417 4475 2756 4544 continenii,
2782 4492 2909 4546 quae
2945 4492 3059 4530 una
3089 4491 3221 4530 cum
3245 4475 3640 4530 contractibus
3670 4491 3806 4530 nas-

2150 4570 2396 4631 cuntur;
2432 4564 2546 4618 alia
2576 4581 2702 4636 quae
2749 4566 3006 4636 antiqua:
3055 4564 3213 4635 leges
3261 4581 3328 4618 cx
3377 4563 3686 4620 intervallo
3715 4564 3806 4617 di-

2151 4660 2314 4720 cunt,
2347 4655 2466 4708 sive
2509 4653 2827 4723 posteriora
2876 4653 3171 4724 prioribus
3201 4653 3601 4708 contractibus
3639 4669 3652 4708 :
3686 4653 3809 4708 haec

2154 4745 2310 4799 nuda
2373 4747 2542 4812 pacta
2599 4742 2709 4796 illa;
2760 4749 2965 4797 vocant
2991 4743 3070 4813 (id
3104 4747 3193 4796 est
3251 4758 3577 4796 consensus
3635 4741 3806 4810 meri)

2149 4849 2276 4904 quae
2321 4831 2613 4887 actionem
2670 4847 2784 4886 non
2835 4831 3105 4903 gignunt.
3141 4830 3266 4885 Non
3317 4831 3468 4886 enim
3516 4831 3619 4902 qui
3676 4837 3810 4902 post

2149 4928 2383 4992 tempus
2415 4928 2622 4992 pactus
2655 4920 2847 4988 fuerit,
2880 4921 3034 4976 illico
3065 4937 3131 4975 ex
3165 4925 3334 4990 pacto
3374 4919 3667 4975 actionem
3699 4919 3807 4976 ha-

2150 5010 2313 5065 bebit
2345 5027 2357 5064 :
2392 5010 2441 5064 si
2474 5011 2614 5078 quia
2644 5027 2776 5066 vero
2818 5026 2918 5081 per
2963 5009 3275 5065 circuitum
3328 5013 3385 5065 et
3415 5007 3550 5064 dolo
3592 5010 3808 5081 egerit,

2152 5099 2439 5170 excipitur
2493 5097 2690 5152 statim
2745 5099 2815 5153 de
2877 5102 3042 5169 pacto
3100 5099 3380 5153 adversus
3436 5114 3593 5153 eum.
3630 5097 3812 5153 Sacra

2151 5192 2359 5242 vocant
2407 5185 2625 5258 templa
2682 5186 2934 5256 publica,
2968 5185 3242 5256 sepulcra
3289 5185 3619 5241 veneranda
3673 5188 3811 5242 reli-

2154 5275 2318 5348 giosa
2357 5275 2582 5331 dicunt.
2622 5275 2858 5330 Publica
2903 5292 3028 5344 quae
3065 5276 3330 5330 omnium
3377 5275 3436 5330 in
3488 5291 3597 5330 usu
3650 5281 3812 5344 sunt,

2155 5380 2340 5431 mare,
2371 5365 2636 5430 ﬂumina,
2691 5365 2871 5435 ripas,
2905 5370 2962 5418 et
3015 5364 3227 5420 littora.
3281 5363 3611 5436 Papularia,
3646 5365 3814 5423 thea-

2158 5452 2289 5522 tria,
2344 5453 2560 5521 stadia,
2621 5453 2896 5511 basilica.
2959 5451 3165 5510 Omnis
3231 5454 3484 5512 creditor
3547 5469 3812 5512 movens.
