4010 6360
256 423 374 484 961

1605 425 1982 487 SYNOPSIS
2032 428 2320 490 LEGUM.

3552 430 3670 493 962

259 554 629 631 Προσωπικὴν
708 551 755 608 δ’
832 552 1107 630 ξναγωγὴν
1185 546 1301 628 ἔχει
1371 552 1509 629 πρὸς
1581 554 1674 608 τὸν
1733 554 1912 630 χρεώ·
1942 561 1995 628 Α
2027 556 2124 612 Καὶ
2152 554 2377 637 ἀδελφοὶ
2410 557 2467 614 δὶ
2501 562 2806 638 μιμφονται
2839 559 3113 636 συγγόνων
3146 557 3452 633 διαθήκαις,

1695 644 1839 718 [σην.

258 734 321 792 Ὀ
361 727 564 805 ἄνηϐος
595 732 671 796 οἷς
702 729 958 810 ἔγκλημα
988 728 1223 808 ε”ργεται
1261 730 1580 809 μαρτυρίας,

259 823 407 879 Κατὰ
436 822 683 885 πολλοὺς
717 819 774 877 δὶ
804 819 1017 899 λέγεται
1049 819 1328 884 ἀδιάθετος
1361 821 1618 898 τρόπους,

257 913 316 966 '0
345 911 449 988 γὰρ
476 911 552 985 μή
586 908 925 984 διαθέμενος,
960 909 1049 965 καὶ
1084 911 1111 964 ὁ
1146 911 1220 984 μὴ
1254 910 1390 965 κατὰ
1418 910 1643 984 νόμους,

258 1002 355 1056 Καὶ
391 1001 421 1056 ὁ
448 1001 547 1070 τήν
581 997 913 1056 διατύπωσιν
945 995 1091 1076 ἔχων
1121 1001 1591 1076 σπαραττομένην,

254 1091 359 1145 Καὶ
380 1088 505 1145 ὅταν
538 1088 681 1144 ἐστὶν
716 1085 934 1164 ἄκυρος,
969 1086 1059 1142 καὶ
1092 1087 1270 1164 χωρὶς
1301 1086 1682 1164 κληρονόμου,

256 1179 357 1234 Καὶ
390 1178 419 1232 ὁ
455 1178 530 1251 μὴ
565 1175 884 1252 διαθέμενος
912 1182 1066 1233 ποιεῖ
1088 1174 1426 1233 κωὸίκελλόν
1459 1199 1599 1249 πως,

254 1267 359 1323 Καὶ
391 1267 498 1345 πρὸ
530 1265 917 1331 διατυπώσεως
946 1263 1287 1323 κωδίκελλόν
1319 1288 1401 1330 τις
1432 1268 1650 1346 γράφει,

256 1355 610 1435 Ἀπόκληρος
640 1356 703 1412 ού
732 1356 990 1435 γράφεται
1022 1355 1184 1434 φησὶν
1215 1355 1266 1412 ιν
1294 1354 1644 1432 κωδικέλλῳ,

252 1444 401 1506 Ούδὲ
428 1446 771 1522 κληρονομία
791 1468 877 1509 τις
908 1443 1408 1525 φιδεικομισσαρίασ

256 1534 399 1593 Ούδὶ
426 1534 801 1612 κληρονομίαν
820 1557 903 1598 τις
934 1534 985 1590 ἐν
1014 1532 1344 1609 κωδιοιὲλλῳ
1374 1534 1589 1615 γράφει,

257 1622 395 1691 Οῧθ⁹
424 1623 629 1703 αἵρεσις
657 1625 1005 1701 προστίθεται
1035 1621 1131 1679 κᾶν
1154 1622 1300 1687 ὅλως
1331 1623 1729 1702 κληρονόμοις.

255 1719 378 1770 Τῶν
408 1712 465 1770 δέ
493 1716 547 1791 γ’
574 1713 964 1791 ἕπερωτήσεων
996 1712 1201 1785 ταύτην
1233 1715 1332 1784 τῆν
1364 1718 1558 1790 γνῶσιν
1592 1710 1729 1791 ἔχει.

255 1804 323 1860 Ἥ
359 1804 453 1877 μέν
488 1803 599 1859 ἔστι
626 1801 933 1874 δικαπικὴ,
964 1802 1147 1879 ὥσπερ
1177 1805 1212 1870 ἡ
1245 1801 1367 1879 περῖ
1394 1800 1582 1875 δόλου,

257 1894 325 1951 Ἥ
360 1890 418 1949 δι
447 1891 558 1948 ἐστι
587 1897 683 1949 τοῦ
712 1891 1045 1969 πραίτωρος,
1077 1894 1112 1962 ἡ
1147 1889 1204 1947 δὲ
1237 1893 1404 1965 μικτὴ
1436 1894 1534 1962 τὴν
1568 1892 1748 1969 φύσιν,

255 1984 325 2041 Ἡ
358 1979 417 2037 δὶ
447 1982 507 2038 ἐκ
535 1982 885 2044 ωναινὲσεως
915 1986 1023 2037 τῶν
1056 1985 1233 2055 μερῶν
1266 1982 1554 2055 ἱκατὲρων.

256 2072 558 2141 Αὗθεντικὴ
591 2071 855 2148 ὀρφανική
892 2068 1223 2133 διατύπωσις
1260 2069 1377 2144 μία,

258 2162 655 2238 Κληρονομίαι
688 2158 745 2215 δὶ
776 2158 950 2215 διτταὶ
980 2167 1087 2230 τῆς
1123 2161 1252 2233 μίας
1282 2157 1571 2232 διαθήκης.

257 2252 694 2328 Ἀκυρουμὲνης,
726 2247 981 2318 δέσποτα,
1011 2247 1262 2326 δευτέρας
1296 2247 1581 2322 διαθήκης,

261 2341 365 2398 Καὶ
397 2346 501 2410 τῆς
529 2339 815 2415 προτέρας,
846 2337 917 2394 δι’
946 2338 1075 2393 αὐτὸ
1106 2337 1332 2401 εῗκότως
1364 2338 1733 2415 ῥηγνυμίνηςι

258 2425 668 2490 Ἀδιατύπωτός
700 2426 839 2483 ἰστιν
883 2428 912 2481 ὁ
943 2429 1175 2497 ποιήσας
1204 2428 1300 2490 τὰς
1332 2425 1451 2483 δύω

260 2519 327 2574 Ὁ
353 2511 712 2592 κληρονόμος
741 2515 842 2591 γὰρ
874 2516 1102 2592 γραφεὶς
1145 2513 1365 2592 δευτὲρᾳ
1395 2515 1649 2593 διαθήκῃ,

260 2605 483 2676 Ταύτην
522 2606 614 2678 μὶν
650 2605 1030 2681 ὑπερχόμενος
1064 2605 1260 2677 ἀκυροῖ
1289 2606 1615 2683 παραυτίκα,

261 2697 448 2752 Τοῦτο
467 2692 610 2749 ἐστιν
642 2690 915 2761 ἀκύρωσις
946 2693 1171 2757 εἰκότως
1202 2691 1494 2766 διαθήκης·

259 2781 479 2840 Πολλοὶ
511 2783 602 2838 καὶ
633 2780 798 2838 ἄλλοι
830 2782 1025 2859 τρόποι
1063 2781 1122 2838 δὶ
1148 2791 1247 2853 τῆς
1276 2805 1336 2860 γε
1369 2787 1446 2858 μὴ
1478 2785 1842 2859 κυρουμὲνης.

260 2870 462 2928 Πολλά
491 2874 595 2949 γὰρ
620 2875 764 2938 πάθη
793 2872 999 2950 πέφυκε
1027 2879 1131 2942 τῆς
1163 2870 1448 2944 διαθήκης,
1481 2872 1628 2945 ἅναξ.

256 2961 590 3035 Ἀκύρωσις,
624 2960 863 3030 ἀτέλεια,
897 2962 1069 3037 ῥῆξις,
1100 2962 1237 3036 πρὸς
1269 2959 1324 3017 δί
1353 2963 1443 3019 καὶ
1478 2964 1706 3038 μέμψις.

256 3052 332 3107 Ἡ
366 3050 573 3125 μέμψις
602 3047 661 3106 δὶ
683 3055 789 3106 τῶν
825 3055 1065 3129 φυσικῶν
1098 3056 1277 3123 μόνων
1305 3051 1557 3127 τυγχάνει
1587 3051 1821 3123 παίδων,

252 3139 492 3198 Ὀπόταν
524 3139 930 3215 ἀμνημόνευτοι
962 3140 1216 3217 γίνωνται
1245 3146 1363 3204 τοῖς
1392 3141 1643 3217 πατράσι⁹

2023 646 2087 704 Εἰ
2113 647 2497 723 κληρονόμους
2523 649 2785 729 γράφουσι
2816 649 2988 721 πάντη
3020 652 3518 727 κατεγνωσμινους·

2021 737 2092 791 Τὸ
2147 738 2266 813 τρὶς
2318 735 2375 793 δὲ
2435 738 2601 815 μέρος
2658 743 2862 815 πίφυκι
2917 743 3015 796 τοῦ
3064 741 3303 811 παντὸς,
3360 741 3507 812 ἄναξ,
3569 738 3666 796 λό-

2094 917 2285 973 Κοινὸν
2343 918 2445 995 γάρ
2506 916 2639 988 ιστι,
2692 915 2951 992 δέσποτα,
2996 918 3087 974 καὶ
3116 831 3668 996 γυναικὶἔιευκὲιιὶδζῤ-

3381 1007 3593 1085 [ῥένων.

2020 1098 2091 1154 Τό
2118 1118 2201 1160 τις
2232 1096 2334 1173 γὰρ
2365 1095 2552 1165 εἰπὼν,
2587 1093 2684 1151 δύο
2716 1097 2843 1171 γὲνη
2876 1097 3042 1171 λέγει,

2020 1184 2202 1257 Ἄλλη
2238 1184 2332 1259 μὲν
2363 1183 2471 1240 ἐστι
2503 1192 2599 1255 τῆς
2629 1185 2847 1262 ἀγωγῆς
2876 1187 2911 1255 ἢ
2945 1186 3120 1263 φύσις,

2021 1273 2208 1345 ’Λλλη
2244 1272 2300 1329 δὲ
2330 1273 2439 1329 Im
2467 1280 2566 1344 τῆς
2594 1281 2954 1352 παραγραφῆς
2985 1274 3173 1330 πάλιν*

2023 1362 2127 1418 Κᾶὶν
2156 1361 2519 1437 ἂγκαλοῦντος
2540 1363 2601 1425 ὃς
2630 1364 2988 1440 παραγραφὴν
3021 1361 3160 1441 ἔχοι,

2022 1454 2107 1507 Ἐν
2138 1456 2260 1514 ταῖς
2287 1449 2464 1514 δίκαις
2496 1449 2693 1531 εἷ’ληφε
2720 1453 2867 1523 τάξιν
2890 1452 2980 1507 καὶ
3010 1452 3197 1510 τόπον.

2021 1541 2187 1597 Φύσει
2220 1546 2490 1617 χρεωστεῖ
2517 1545 2620 1603 πᾶς
2653 1537 2857 1609 ἄνηϐος
2886 1542 2946 1596 τὸ
2973 1541 3165 1617 χρέος,

2020 1631 2123 1688 Καὶ
2149 1636 2253 1694 πᾶς
2286 1627 2565 1701 δανειστὴς
2595 1634 2703 1685 τῶν
2736 1626 2951 1701 ἀνήϐων
2982 1631 3295 1707 τυγχάνων,

2021 1720 2187 1777 Φύσει
2219 1717 2501 1791 δανειστής
2532 1719 2691 1790 ἐστὶν,
2724 1719 2852 1796 οὐχὶ
2881 1721 2961 1793 τῷ
2990 1720 3165 1793 νόμῳ.

2020 1810 2098 1868 Τὸ
2127 1816 2228 1879 τῆς
2260 1807 2598 1882 κλοπιμαίας
2623 1806 2679 1863 δὲ
2711 1806 2916 1880 δούλης
2940 1807 3182 1882 παιδίον,

1943 1938 1991 2003 Β
2019 1898 2131 1955 Ούκ
2159 1893 2300 1954 ἔστιν
2329 1899 2495 1964 αὐτῆς
2525 1897 2575 1953 ἰν
2601 1896 2784 1973 κλοπῇ
2813 1899 3004 1974 τεχθὶν
3036 1897 3221 1976 μέροςο

2020 1989 2189 2057 Ποινὴ
2220 1987 2320 2064 γὰρ
2352 1988 2414 2043 ού
2446 1988 2676 2064 πέφυκεν
2702 1986 2869 2042 αὐτού
2893 1992 2989 2042 τοῦ
3013 1987 3198 2046 τόκου.

2017 2082 2072 2133 '0
2104 2075 2430 2150 συμπλοκήν
2461 2075 2604 2153 ἔχων
2638 2073 2695 2131 δὲ
2727 2077 2802 2149 μὴ
2833 2077 3016 2151 τομὴν
3041 2074 3233 2153 λόγος,

2020 2168 2118 2224 Ἐκ
2146 2171 2241 2221 τοῖ’)
2271 2165 2693 2243 προενίγκαντος
2724 2164 2801 2228 είς
2829 2170 3027 2241 γνῶσιν
3054 2165 3230 2221 πέσοι·

2021 2254 2089 2312 Ei
2118 2256 2221 2331 γάρ
2251 2276 2334 2318 τις
2366 2253 2554 2324 οἷ’κων,
2586 2252 2809 2330 χωρίων
2842 2274 2898 2309 τε
2930 2252 3216 2326 δεσπότης,

2022 2346 2278 2423 Γράφειιν
2308 2342 2471 2414 οὕτω,
2504 2342 2794 2419 ληγατεύω
2824 2347 2903 2416 τῷ
2934 2342 3103 2421 φίλῳ,

2021 2432 2223 2497 ΟΥκους
2255 2432 2473 2510 ἀγροὺς,
2502 2430 2735 2505 ἄδεσμον
2762 2432 2930 2488 εἰπὼν
2958 2434 3056 2502 τὴν
3085 2434 3300 2510 φράσιν,

2025 2520 2455 2595 Συμπλεκτικῶς
2486 2518 2739 2596 ἔγραψενο
2775 2520 2825 2575 εί
2853 2519 2900 2575 δ’
2927 2521 3069 2577 οότω
3097 2522 3309 2600 φράσαι,

2021 2608 2224 2675 Οῗκους
2252 2613 2441 2685 Πετρῳ
2472 2608 2672 2683 δίδωμι
2706 2609 2902 2685 ἀγροὺς
2930 2608 3134 2673 ἀδέτως

2024 2698 2228 2773 Παύλῳ
2260 2697 2306 2754 δ’
2326 2701 2355 2754 ὁ
2386 2701 2587 2775 Πέτρος
2616 2698 2851 2773 ἐκλογὴν
2886 2699 3192 2770 ποιησάτω,

2024 2787 2253 2858 Διιῖλεν,
2286 2788 2385 2844 οὐκ
2413 2783 2600 2859 ἔπλεξε
2622 2792 2701 2861 τῷ
2731 2786 2951 2843 Παύλου
2979 2786 3173 2863 λόγῳ.⁹

2023 2875 2314 2952 Πρόδηλόν
2349 2876 2459 2932 ἐστι
2490 2876 2754 2947 πλήθισιν
2782 2874 3042 2949 ἐναντίον,

2023 2972 2115 3022 Διῒ
2141 2966 2241 3042 γὰρ
2272 2967 2554 3042 παρόντων
2584 2971 2693 3020 τῶν
2722 2967 2970 3021 ἁπάντων
3008 2964 3324 3043 μαρτύρων,

2020 3058 2089 3112 Ἥ
2124 3054 2265 3128 λέξιν
2298 3056 2495 3125 εἰπεῖν,
2522 3054 2557 3125 ἢ
2588 3054 2783 3131 πρᾶξαί
2806 3075 2859 3109 τι
2892 3055 3196 3128 συντόμως.

2019 3145 2087 3201 Ἠ
2112 3150 2213 3214 τῆς
2236 3142 2461 3221 ἀγωγῆς
2490 3141 2687 3214 κλῆσις
2716 3140 2988 3220 εἴσπραξιν
3018 3143 3190 3222 φόρει,

3310 3238 3476 3294 Vers.
3510 3236 3674 3300 1097.

265 3501 473 3557 contra
501 3499 691 3556 virum
739 3498 977 3556 tertium
1028 3503 1368 3556 extraneum
1421 3498 1519 3571 qui
1568 3515 1689 3555 rem
1722 3498 1914 3571 possi-
1946 3500 1990 3570 C
2027 3515 2061 3555 ο
2113 3515 2232 3571 rex,
2286 3497 2502 3554 irritati
2556 3497 2943 3570 imperfectio,
3000 3496 3218 3571 ruptio,
3267 3500 3477 3561 deinde
3532 3521 3680 3576 que-

265 3589 371 3646 det
398 3588 897 3662 bypothrcariam,
930 3589 1304 3645 deﬁnilornm
1359 3589 1598 3660 quidem
1631 3604 1918 3645 annorum

261 3677 708 3751 praescriptione
755 3676 1106 3746 excluditur,
1157 3677 1519 3748 personalem
1568 3694 1701 3733 vero
1738 3677 1919 3733 actio-

263 3782 401 3822 nem
434 3764 612 3822 habet
641 3772 844 3823 contra
873 3766 1213 3822 debitorem.
1252 3766 1529 3838 Impubes
1579 3765 1639 3821 in
1672 3765 1919 3822 crimine

260 3854 667 3926 prohibetura
713 3856 1068 3912 testimonio.
1119 3855 1318 3913 Multis
1362 3854 1555 3910 modis
1599 3855 1918 3910 intestatus

258 3944 399 4015 quis
428 3944 663 4010 dicitur,
698 3945 797 4017 qui
851 3961 1039 4017 neque
1084 3949 1337 4000 testatus
1385 3949 1495 4011 est,
1548 3944 1645 4016 qui
1677 3961 1791 3999 non
1826 3959 1917 3999 se-

256 4031 523 4088 cundum
556 4032 844 4105 leges,qui
868 4039 1289 4090 testamentum
1314 4032 1490 4088 habet
1510 4031 1915 4098 dilaceratum,

256 4124 319 4175 et
348 4136 485 4177 cum
516 4126 607 4178 est
635 4122 893 4191 irritum,
928 4127 985 4178 et
1014 4139 1145 4178 cum
1179 4121 1306 4178 sine
1335 4122 1698 4188 haerede.Qui
1733 4124 1917 4176 testa-

258 4218 360 4266 tus
390 4227 507 4267 non
538 4216 626 4266 est
656 4211 794 4267 facit
821 4210 1178 4278 codicillum,
1226 4214 1283 4267 et
1314 4215 1448 4267 ante
1496 4213 1914 4267 testamentum

256 4298 399 4371 quis
429 4300 634 4355 scribit
663 4299 1036 4356 codicillum:
1088 4301 1353 4357 Exheres
1390 4299 1449 4355 in
1497 4298 1764 4355 codicillo
1795 4316 1913 4355 non

253 4386 582 4460 scribitur,
644 4406 835 4461 neque
887 4390 1248 4447 baareditatis
1303 4387 1851 4446 ﬁdeicommissaria
1894 4405 1909 4445 :

254 4492 449 4548 neque
480 4477 539 4533 in
569 4478 843 4535 codicillo
873 4478 1271 4535 hereditatem
1305 4479 1438 4551 quis
1464 4477 1690 4548 scribit,
1722 4493 1911 4550 neque

250 4564 513 4621 conditio
545 4566 721 4622 etiam
757 4568 1046 4624 universis
1077 4568 1406 4624 hasredibus
1446 4566 1738 4638 adjicitur.
1796 4566 1910 4623 Sti-

251 4651 629 4726 pulationum
662 4672 795 4713 vero
825 4657 971 4712 hanc
1002 4657 1273 4713 notitiam
1310 4657 1478 4712 habe.
1515 4657 1789 4722 Quadam
1822 4660 1912 4712 est

244 4741 580 4813 iudicialis,
607 4749 672 4799 ut
693 4761 824 4817 qua:
844 4746 917 4802 de
946 4745 1078 4802 dolo
1103 4765 1117 4815 ;
1144 4746 1410 4818 quaedam
1431 4745 1698 4817 praetoria
1720 4770 1735 4811 ς
1758 4760 1909 4816 quaa-

250 4831 394 4885 dam
430 4836 639 4888 natura
660 4834 837 4889 mista
860 4852 873 4890 :
899 4835 1165 4906 quaedam
1193 4852 1261 4890 ex
1285 4834 1669 4890 conventione
1689 4832 1909 4888 utrius-

247 4933 365 4988 que
396 4919 602 4990 partis.
633 4921 1053 4977 Authenticum
1083 4926 1142 4978 et
1170 4921 1476 4995 pupillare,
1512 4938 1689 4977 unum
1721 4923 1903 4977 testa-

249 5011 543 5077 mentum,
573 5007 943 5066 haareditates
973 5027 1107 5067 vero
1153 5012 1283 5067 duae
1317 5011 1496 5067 unius
1543 5008 1901 5067 testamenti.

246 5094 445 5163 Irrito,
478 5096 738 5169 domine,
771 5100 1026 5155 secundo
1056 5104 1428 5166 testamento,
1460 5103 1517 5155 et
1548 5099 1735 5171 primo
1768 5113 1904 5171 pro-

246 5187 381 5254 pter
410 5183 552 5240 illud
577 5185 713 5258 jure
745 5192 934 5259 rupto,
984 5188 1299 5244 intestatus
1330 5193 1420 5244 est
1466 5188 1566 5260 qui
1598 5188 1713 5242 duo
1745 5185 1900 5242 fecit.

244 5271 446 5328 Heres
500 5274 656 5330 enim
718 5277 974 5348 scriptus
1027 5278 1285 5333 secundo
1335 5280 1726 5346 testamento,
1786 5291 1903 5330 non

243 5362 573 5419 succedens
607 5363 787 5431 illico,
820 5364 967 5421 illud
1016 5365 1250 5421 irritum
1297 5366 1458 5422 facit.
1505 5365 1609 5421 Illa
1655 5371 1744 5421 est
1772 5364 1903 5419 irri-

240 5448 392 5505 tatio
424 5448 688 5524 legitima
733 5456 1094 5511 testamenti.
1144 5454 1257 5511 Sed
1308 5459 1365 5511 et
1413 5454 1512 5509 alii
1555 5459 1697 5509 sunt
1746 5451 1904 5508 modi

240 5535 475 5597 nullius
519 5542 885 5613 testamenti,
943 5542 1129 5601 multa
1178 5544 1332 5602 enim
1380 5543 1521 5601 vitia
1564 5540 1904 5601 testamenti

318 5738 435 5815 (15)
463 5732 685 5816 Ἵαμϐοι
716 5738 770 5797 οἱ
800 5739 923 5816 ἑξῆς
946 5739 1153 5821 στίχοι.

2029 3586 2169 3644 rela.
2204 3586 2448 3652 Querela
2478 3587 2714 3658 quidem
2759 3592 2849 3643 est
2877 3586 3067 3643 solum
3122 3589 3476 3647 naturalium
3526 3591 3675 3649 libe-

2027 3693 2244 3743 rerum,
2276 3692 2407 3731 cum
2459 3675 2735 3747 praeteriti
2785 3680 2926 3731 sunt
2955 3692 2989 3730 a
3030 3677 3394 3748 parentibus.
3444 3679 3675 3739 Fratres

2026 3764 2266 3836 quidem
2319 3770 2664 3836 quieruntur
2721 3765 2793 3819 de
2843 3764 3423 3837 consanguineorum
3488 3773 3674 3826 testa-

2027 3853 2264 3921 mentis,
2311 3854 2361 3909 si
2410 3853 2673 3909 scribant
2728 3851 2987 3908 haeredes
3039 3852 3276 3909 omnino
3336 3855 3670 3915 damnatos.

2025 3944 2208 4014 Atque
2266 3941 2388 3997 haec
2444 3949 2570 4013 est,
2628 3958 2660 3997 ο
2717 3958 2836 4011 rex,
2894 3940 3067 3998 tertia
3117 3958 3253 4014 pars
3308 3944 3491 4001 totius
3542 3963 3675 4002 ser-

2024 4031 2236 4088 monis.

2094 4123 2417 4175 Commune
2445 4123 2533 4175 est
2562 4117 2821 4175 hominis
2855 4135 3094 4190 nomen,
3144 4119 3399 4192 domine,
3434 4123 3672 4181 feminis

2023 4212 2080 4266 et
2108 4209 2395 4275 maribus,
2429 4208 2583 4281 quod
2630 4209 2726 4281 qui
2760 4209 2900 4264 dicit
2945 4210 3094 4265 duos
3149 4227 3323 4266 sexus
3354 4211 3511 4267 dicit.
3546 4213 3673 4271 Alia

2021 4302 2112 4354 est
2141 4297 2389 4354 actionis
2419 4301 2650 4367 natura,
2674 4297 2791 4353 alia
2810 4298 3025 4354 iterum
3053 4298 3670 4372 exceptionis,etiamsi

2021 4385 2123 4459 qui
2153 4385 2550 4458 exceptionem
2597 4385 2790 4454 habet,
2845 4386 3061 4443 actoris
3115 4387 3173 4442 in
3216 4388 3441 4459 judicis
3471 4389 3666 4448 locum

2020 4479 2078 4531 et
2106 4475 2372 4532 ordinem
2402 4474 2614 4547 capiat.
2650 4474 2849 4531 Debito
2900 4480 3110 4531 natura
3151 4478 3446 4550 obligatur
3475 4480 3668 4539 omnis

2018 4564 2330 4637 impubes:
2381 4568 2439 4619 et
2486 4565 2679 4619 omnis
2728 4565 3102 4636 impuberum
3153 4567 3424 4633 creditor,
3457 4576 3668 4626 natura

2018 4670 2134 4710 non
2164 4653 2291 4726 lege
2320 4653 2578 4710 creditor
2604 4652 2958 4709 est.Ancillaa
2988 4653 3389 4726 furtivae,quod
3421 4656 3480 4712 iu
3513 4658 3667 4715 furto

2015 4747 2193 4799 natus
2250 4745 2360 4808 est,
2422 4741 2616 4797 infans
2673 4741 2864 4812 ipsius
2925 4758 3040 4796 non
3071 4754 3158 4799 est
3215 4760 3387 4815 pars:
3444 4746 3529 4802 sic
3561 4763 3666 4803 nec

2016 4848 2209 4887 usura)
2250 4846 2438 4901 pmua.
2495 4829 2689 4885 Oratio
2746 4846 2875 4901 quas
2918 4846 3106 4901 neque
3163 4833 3662 4906 conjunctionem,

2015 4935 2201 4990 neque
2231 4917 2574 4974 divisionem
2617 4917 2812 4988 habet,
2861 4935 2930 4974 ex
2978 4923 3173 4975 mente
3223 4923 3662 4992 pronuntiantis

2012 5007 2499 5081 signiﬁcationem
2551 5006 2806 5063 habeat:
2861 5007 2909 5063 si
2960 5008 3093 5079 quis
3141 5009 3297 5065 enim
3348 5010 3660 5070 domorum

2011 5103 2069 5154 et
2123 5113 2395 5167 agrorum
2453 5097 2731 5152 dominus
2783 5096 2864 5152 ila
2919 5096 3239 5169 scripserit,
3287 5098 3414 5171 lego
3470 5100 3660 5160 amico

2014 5189 2220 5244 domos
2269 5204 2461 5259 agros,
2514 5188 2774 5259 phrasim
2824 5188 3179 5257 disjunctam
3230 5189 3451 5257 dicens,
3494 5208 3661 5250 com-

2013 5275 2236 5349 plexive
2264 5276 2497 5332 locutus
2546 5282 2675 5332 est:
2722 5277 2772 5332 si
2819 5293 2952 5332 vero
3006 5276 3084 5332 ita
3124 5277 3401 5348 loquatur
3430 5279 3657 5339 solute:

2012 5364 2227 5420 Domos
2258 5364 2331 5419 do
2364 5368 2552 5430 Petro,
2608 5379 2779 5435 agros
2824 5362 3025 5432 Paulo,
3074 5366 3281 5420 Petrus
3314 5364 3661 5425 electionem

2012 5453 2223 5522 facito;
2258 5452 2479 5523 divisit,
2511 5468 2625 5508 non
2659 5452 2964 5523 conjunxit
2991 5452 3154 5508 Pauli
3184 5469 3472 5511 sermone.
3496 5455 3659 5520 Quod

2011 5540 2206 5617 palam
2233 5541 2413 5600 estin
2465 5545 2781 5617 conspectu
2831 5539 3225 5602 multitudinis
3266 5548 3377 5615 est,
3430 5549 3661 5619 oportet
