4010 6360
400 406 518 468 963

397 540 464 597 Ὃ
493 540 596 616 γὰρ
627 538 950 616 πιπράσκων
979 535 1076 605 τὴν
1108 533 1333 610 ἀγωγὴν
1367 534 1426 605 ἢν
1459 530 1600 610 ἔχει,

397 633 475 706 Τῇ
506 635 610 700 τῆς
640 628 857 704 ἀγωγῆς
889 626 940 680 ἰν
969 623 1256 701 πρατηρίῳ
1287 625 1498 702 φράσει,

395 723 556 775 Δοκεῖ
581 717 900 794 πιπράσκειν
934 715 1031 783 τὴν
1065 713 1358 784 ἀπαίτησιν
1381 714 1546 788 τᾶχα.

389 808 458 864 Τὸ
490 813 588 878 τῆς
619 804 772 876 δίκης
803 801 980 876 ὄνομα
1006 801 1211 868 κυρίως
1243 801 1421 879 γένος.

392 893 568 968 Δηλοῑ
595 917 654 950 τε
683 899 855 949 πᾶσαν
883 895 981 962 τήν
1015 894 1230 968 ἀγωγὴν
1263 893 1486 968 κυρίως.

387 983 600 1044 ’Όπλον
626 1006 710 1046 τις
743 982 908 1039 εἰπὼν
941 981 1030 1036 καὶ
1065 981 1250 1043 λίθους
1284 976 1720 1057 προσλαμϐάνει.

385 1074 701 1144 Ἐλευθερία
729 1077 798 1138 τῆ
831 1071 975 1128 δόσει
1003 1073 1168 1126 ταυτὸ
1202 1070 1376 1149 φύσει,

384 1165 447 1222 El
477 1165 579 1240 γάρ
608 1185 689 1226 τις
720 1162 862 1218 ε’ίποι
898 1161 1187 1238 μαρτύρων
1223 1159 1514 1235 παρουσίᾳ,

382 1252 703 1328 Ἐλεύθερός
739 1274 834 1326 μοι
863 1253 890 1306 ὁ
919 1252 1206 1327 χρεώστης
1234 1254 1330 1305 τοῦ
1369 1249 1596 1326 χρέους,

378 1341 610 1417 Ε’ίρηκεν
641 1343 713 1404 ὡς
744 1339 937 1420 έίληφε
967 1344 1152 1418 σαφῶς
1183 1340 1243 1393 τὸ
1277 1339 1466 1414 χρέος.

377 1435 554 1490 ’Ἀπαν
591 1432 726 1506 μέγοι
758 1430 997 1506 ῥᾴθυμον
1029 1425 1285 1505 τυγχάνει
1320 1425 1506 1490 δόλος.

377 1521 623 1579 Βάλανον
659 1520 821 1575 εἶ’πὼν
853 1515 1234 1592 παντᾶκαρπόν
1273 1539 1365 1590 μοι
1401 1516 1600 1591 λὲγεις,

376 1610 474 1664 Καὶ
511 1611 683 1664 πάντα
715 1607 908 1684 δένδρα
936 1616 1034 1678 τῆς
1061 1605 1219 1682 δρυὸς
1249 1605 1510 1680 μνησθεῖς
1546 1605 1739 1680 μόνης.

375 1699 499 1753 Υἱόν
532 1720 614 1760 τις
646 1696 811 1753 εῗπὼν
845 1697 932 1752 καὶ
963 1697 1052 1752 τὸν
1087 1692 1305 1770 ἔγγονον
1341 1695 1489 1770 λέγει

373 1788 478 1845 Καὶ
511 1787 677 1865 φύντα
716 1789 932 1861 φάσκων
961 1787 1051 1840 τόν
1083 1807 1142 1840 τε
1168 1783 1389 1839 πάππον
1425 1785 1650 1860 εἰσάγει.

368 1877 626 1932 ἸἈἰτεοντιν
656 1873 1021 1950 αἰχμάλωτος
1055 1871 1318 1946 οὐδαμῶς
1363 1873 1573 1948 χρόνῳ,

369 1970 596 2041 Λῃστῶν
633 1963 678 2020 δ’
708 1964 760 2020 ἐν
795 1965 984 2040 χερσὶν
1021 1963 1287 2040 ἐγκρατὴς
1319 1960 1678 2036 δεδειγμένος.

368 2057 498 2112 Κατ’
530 2055 905 2130 αἰχμαλώτων
941 2051 1120 2116 οὐδεὶς
1147 2051 1248 2128 γὰρ
1281 2051 1482 2127 χρόνος
1513 2051 1694 2126 τρίχει

368 2147 500 2206 Τοῖς
532 2143 579 2200 δ’
609 2144 673 2200 αὖ
699 2167 763 2219 γε
794 2144 1163 2218 λῃστευθεῖσιν
1200 2141 1426 2204 εῗκότως
1461 2141 1588 2220 ῥέει.

365 2238 481 2288 Τῶν
511 2235 817 2309 χρημάτων
852 2235 887 2302 ἡ
919 2231 1118 2302 κλῆσις
1148 2233 1222 2296 ὡς
1252 2229 1436 2310 γένους
1465 2231 1660 2304 τύπος,

363 2322 471 2378 Καὶ
502 2328 611 2376 τῶν
650 2325 877 2392 κινητῶν
911 2325 1015 2374 τῶν
1047 2341 1106 2374 τε
1141 2321 1232 2394 μὲν
1269 2321 1558 2391 ἀκινήτων,

362 2416 479 2466 Τῶν
511 2415 833 2485 σωματικῶν
864 2414 970 2466 τῶν
1001 2431 1058 2465 τε
1093 2411 1186 2482 μὲν
1221 2411 1552 2484 ἀσωμάτων,

361 2503 520 2575 Ἔχει
554 2499 736 2556 δίκαια
764 2500 844 2572 τῷ
877 2505 1169 2572 συνεκτικῷ
1197 2499 1368 2576 λόγῳ.

365 2589 570 2652 Φίλους
605 2589 835 2666 λὲγομεν
866 2589 992 2666 οὐχὶ
1017 2589 1142 2652 τοὺς
1179 2587 1550 2666 ἐγνωσμένους

359 2681 448 2736 Ἐν
479 2685 574 2734 τοῦ
599 2679 884 2755 τυχόντος,
918 2677 1064 2734 ἀλλὰ
1089 2677 1216 2741 τοὺς
1247 2677 1618 2752 κεκτημένους

361 2775 558 2846 Σαφεῖς
587 2769 856 2846 προφάσει
888 2767 1245 2842 εὐπροσώπου
1277 2766 1485 2846 φιλίας.

356 2859 430 2912 Τὰ
462 2855 633 2932 δεσμὰ
663 2863 857 2913 κοινῶν
893 2855 1002 2912 ἐστι
1033 2861 1230 2912 κοινῶν
1265 2855 1446 2928 ἱδίων,

353 2948 418 3004 Ἥ
451 2944 498 3001 δ’
526 2947 590 3002 αὖ
621 2945 837 3022 φυλακή
872 2943 1110 3020 δημοσία
1141 2947 1230 3002 καὶ
1269 2948 1433 3021 μόνη.

356 3035 755 3106 Ἀποκαθιστᾷν
786 3033 898 3090 ἔστι
928 3035 1330 3110 κυριοτρόπως,

357 3122 816 3188 Ἀποκατάστασίς
845 3145 930 3187 τις
961 3118 1350 3200 ἀκριϐεστάτη,

1746 398 2163 462 MICHAELIS
2209 401 2476 466 PSELLI

2074 537 2129 605 Α
2160 533 2353 611 Τύχης
2384 535 2621 610 ἀπάσης,
2651 539 2832 604 αἰτίας
2868 563 2926 597 τε
2957 543 3247 616 σωμάτων.

3707 413 3858 473 964

2158 626 2268 682 Τοῦ
2297 628 2471 701 νόμου
2505 630 2599 702 μὲν
2633 633 2667 700 ἡ
2703 632 2895 708 ἄγνοια
2924 633 3253 708 συγγνώμης
3287 634 3350 688 οὗ
3381 629 3652 708 λαμϐάνει

2154 715 2264 771 Τοῦ
2347 715 2563 774 Φάκτου
2651 723 3071 798 συγγινώσκεται
3150 727 3269 786 τοῖς
3345 723 3536 798 νόμοις
3593 747 3846 802 προσ-η-

3483 815 3758 886 [κόντως.

2153 893 2478 970 Παράνομος
2512 899 2810 982 ἀντιγραφή
2843 899 3105 979 ἐρῥώσθω
3135 901 3424 980 βασιλέως,

2151 982 2494 1055 Ἐπεξουσίας
2523 991 2761 1064 νέμουσα
2795 989 2976 1070 ἄφεσιν
3002 994 3290 1070 τιμωρίας,

2148 1077 2256 1142 Τῆς
2287 1071 2581 1149 ἀκριϐείας,
2616 1077 2871 1150 δέσποτα,
2905 1083 2968 1137 τὸ
2998 1079 3204 1138 δίκαιον
3238 1083 3501 1160 προτίμα.

2147 1163 2448 1240 Ἔγκλημα
2477 1171 2830 1245 περατοῦσθω
2863 1193 2945 1228 σοι
2979 1171 3128 1235 ἐντὸς
3159 1179 3259 1243 τῆς
3292 1171 3510 1237 διετίας.

2144 1255 2202 1307 Ὀ
2233 1261 2558 1336 προσφυγὼν
2590 1267 2706 1325 τοῖς
2741 1259 2990 1325 δυνατοῖς
3019 1264 3096 1326 εἷς
3130 1261 3288 1336 δίκης
3319 1269 3674 1342 προστασίαν,

2143 1345 2328 1416 Πάσης
2363 1345 2631 1419 ἐκπίπτει,
2667 1347 2920 1422 δέσποτα,
2947 1355 3048 1422 τῆς
3080 1350 3238 1424 δίκης
3264 1356 3401 1410 κατὰ
3427 1355 3628 1428 νόμον.

2139 1434 2198 1490 Ὀ
2228 1433 2724 1511 καταδικαζόμενος
2749 1441 2898 1504 ἐντὸς
2925 1445 3025 1508 τῆς
3059 1446 3424 1517 τετραμῆνου,

2139 1521 2430 1598 Ε’ίσπραξιν
2461 1526 2564 1603 οὐχ
2597 1527 2876 1607 ὑφίσταται
2907 1535 3016 1590 τῶν
3042 1531 3148 1587 ἀπὸ
3179 1532 3492 1605 καταδίκης.

2135 1609 2285 1674 Ε’ίτις
2313 1612 2528 1688 ψευδέσι
2563 1616 2791 1694 μάρτυσι
2815 1623 3102 1696 κρατήσειε
3129 1625 3228 1692 τῆς
3259 1619 3434 1694 δίκης,

2133 1701 2231 1755 Καὶ
2265 1701 2484 1760 κόλασιν
2521 1706 2804 1782 ὑφίσταται
2835 1709 2925 1764 καὶ
2959 1710 3112 1765 λύσιν
3145 1717 3254 1768 τῶν
3285 1713 3608 1787 κριθέντων.

2131 1791 2208 1846 Τὸ
2236 1791 2370 1848 κατᾶ
2401 1789 2567 1867 φόϐον
2602 1799 2829 1874 γεγονὸς
2863 1798 2962 1854 οὐκ
2991 1797 3132 1856 ἔστιν
3167 1801 3502 1877 ἐρῥωμὲνον.

2052 1912 2096 1976 Β
2125 1881 2299 1943 Ἃπας
2327 1882 2356 1936 ὁ
2389 1883 2716 1958 βιασάμενος
2749 1887 3023 1945 εὐθύνεται
3051 1891 3140 1944 καὶ
3176 1888 3344 1964 δόλῳ,

2127 1968 2188 2023 Ἡ
2220 1971 2341 2046 περὶ
2377 1969 2543 2027 δόλου
2575 1972 2785 2032 δίδοται
2821 1977 2996 2041 αἰτίας
3028 1979 3079 2050 ἐξ
3113 1977 3368 2056 εὐλόγου,

2127 2056 2341 2149 ᾌλλης
2371 2060 2619 2149 ἀπούσης
2652 2064 2898 2141 ἀγωγῆς,
2933 2067 3137 2145 ἐσχάτη
3160 2069 3259 2145 γὰρ
3291 2069 3572 2149 τυγχάνει.

2125 2148 2336 2202 ’Ήττων
2371 2146 2683 2223 ἀϐοήθητος
2715 2153 2802 2209 ἐπὶ
2835 2160 2942 2212 τῶν
2979 2156 3360 2232 ἐγκλημάτων.

2129 2235 2601 2326 Σόμφωνον-κατα
2631 2238 2837 2318 δωρεὰν
2871 2241 3056 2316 δήλων
3092 2245 3202 2304 ἐστὶ
3235 2251 3594 2326 πραγμάτων.

2124 2328 2242 2380 Τῶν
2274 2323 2602 2404 ἀμφιϐόλων
2637 2328 2693 2385 δὲ
2724 2331 2865 2386 ἔστιν
2895 2335 2930 2402 ἡ
2963 2332 3215 2400 διάλυσις
3234 2323 3412 2406 λύσις,

2126 2415 2246 2470 Ἐπὶ
2280 2421 2396 2479 τοῖς
2425 2416 2520 2472 συν
2552 2419 2815 2495 αἱρέσεσιν
2847 2425 2882 2492 ἡ
2918 2419 3164 2488 διάλυσις
3201 2425 3412 2499 μόνοις.

2123 2503 2242 2592 Ἐπῖ
2278 2503 2373 2592 μὲν
2405 2510 2509 2560 τῶν
2546 2503 2616 2562 δι’
2647 2507 2879 2582 α’ίματος
2909 2511 3149 2590 ἐχόντων
3181 2517 3471 2592 τιμωρίαν,

2118 2591 2324 2662 Ἔξεστι
2360 2591 2676 2652 διαλύεσθαι
2707 2595 2894 2670 ἔξωθεν
2927 2609 3028 2672 τῆς
3061 2591 3337 2680 μοιχείαςέ

2115 2681 2237 2774 Ἐ’πί
2257 2687 2373 2774 ⁸τῶν
2407 2683 2747 2774 ἀναιμάκτων
2775 2685 2832 2743 δὲ
2863 2691 3043 2766 χωρὶς
3073 2690 3540 2774 πλαστογραφίας,

2117 2769 2226 2825 Οὐκ
2256 2766 2422 2842 ἔξεστι
2456 2771 2705 2832 διάλυσιν
2735 2777 2864 2841 τοὺς
2893 2779 3202 2845 ἀντιδίκους
3231 2766 3476 2862 γράφείνσ

2115 2859 2452 2936 Ὁμολογίας
2485 2859 2531 2918 δ’
2563 2861 2798 2936 ἄνευθεν,
2831 2869 2866 2939 ἢ
2892 2865 3094 2933 δόσεως
3124 2859 3478 2948 πραγμάτων,

2117 2948 2375 3014 Διάλυσις
2407 2953 2510 3008 οὐκ
2539 2952 2697 3010 ε’ίωθε
2726 2951 3044 3032 προϐαίνειν
3075 2962 3210 3016 κατᾶ
3238 2961 3462 3036 νόμους·

2113 3039 2218 3094 Καὶ
2248 3039 2579 3119 πρόσκαιρος
2611 3045 2702 3100 καὶ
2735 3047 2965 3103 πάντοτε
2985 3045 3267 3125 προϐαίνει
3296 3053 3572 3112 κοινωνία.

2111 3123 2370 3203 Προϐἆσα
2399 3127 2455 3186 δὶ
2487 3129 2766 3210 διαίρεσις,
2803 3123 3058 3199 δέσποτα.
3085 3139 3222 3195 κατᾶ
3249 3137 3435 3210 δόλον,

3397 3232 3566 3292 Vers.
3603 3235 3778 3296 1156.

355 3411 554 3484 εστ-ειη
583 3393 861 3484 omnibus
893 3395 1141 3452 testibus
1170 3393 1430 3484 velquid
1461 3392 1598 3484 dici,
1623 3393 1713 3449 vel
1753 3393 2006 3484 breviter
2033 3395 2078 3468 C
2115 3401 2318 3454 contra
2371 3399 2530 3474 leges
2577 3403 2838 3461 elicitum
2887 3406 3108 3478 valeat,
3168 3409 3218 3466 si
3275 3427 3462 3484 paena;
3517 3411 3784 3472 incursu

351 3483 501 3540 ﬁeri.
537 3483 790 3539 Actionis
819 3499 956 3540 voce
985 3483 1314 3556 persecutio
1345 3483 1697 3550 continetur,
1718 3481 1818 3554 qui
1840 3482 1996 3538 enim

347 3574 548 3630 vendit
576 3573 866 3630 actionem
889 3589 1065 3646 quam
1089 3573 1286 3644 habet,
1313 3572 1424 3629 hoc
1455 3571 1704 3629 actionis
1737 3572 1994 3641 nomine,

346 3662 455 3720 fori
490 3663 798 3730 locutione,
819 3663 1283 3736 persecutionem
1319 3661 1473 3718 illico
1505 3661 1718 3718 vendit.
1736 3661 1998 3719 Aetionis

345 3769 557 3809 nomen
588 3752 818 3825 proprie
857 3768 1037 3824 genus
1083 3756 1191 3822 est,
1242 3767 1376 3807 nam
1423 3767 1655 3806 omnem
1705 3751 1994 3806 actionem

344 3841 578 3914 prOprie
609 3841 920 3913 signiﬁcat.
955 3843 1132 3896 Arma
1173 3841 1401 3907 dicens,
1433 3846 1490 3895 et
1520 3839 1747 3912 lapides
1779 3839 1994 3895 intelli-

342 3930 448 4001 git,
507 3930 797 3986 Liberatio
857 3932 1119 3986 eamdem
1173 3936 1448 3985 naturam
1505 3946 1636 3985 cum
1699 3928 1994 3985 solutione

339 4016 556 4075 habet:
594 4036 728 4075 nam
761 4019 810 4076 si
859 4021 995 4092 quis
1039 4036 1234 4075 coram
1283 4019 1537 4075 testibus
1581 4019 1814 4086 dixerit,
1845 4018 1995 4075 liber

336 4107 414 4163 sit
440 4108 669 4164 debitor
699 4127 730 4164 a
761 4108 979 4176 debito,
1013 4107 1222 4163 dixerit
1255 4109 1496 4180 perinde
1523 4117 1608 4163 ‘ac
1641 4109 1690 4163 si
1723 4108 1986 4164 debitum

335 4202 488 4253 recte
518 4198 858 4270 accepisset.
915 4197 1120 4253 Omnis
1171 4213 1384 4270 magna
1433 4197 1792 4270 negligentia
1822 4197 1992 4254 dolus

337 4289 446 4340 est.
509 4285 795 4342 Glandem
855 4286 1074 4350 dicens,
1111 4302 1344 4342 omnem
1403 4287 1659 4341 fructum
1717 4285 1884 4352 dicis,
1935 4291 1992 4342 et

333 4389 541 4430 omnes
573 4375 832 4444 arbores,
863 4391 1116 4445 quercus
1135 4372 1494 4430 mentionem
1529 4373 1990 4430 faciens.Filium

333 4461 555 4532 dicens,
589 4467 646 4519 et
676 4469 946 4534 nepotem
970 4463 1143 4530 dicit;
1169 4468 1224 4518 et
1257 4469 1556 4534 parentem
1589 4462 1788 4518 dicens
1815 4480 1987 4520 avum

331 4550 582 4608 inducit.
645 4551 816 4610 Nullo
877 4556 1140 4624 tempore
1195 4552 1383 4618 abest,
1433 4551 1534 4623 qui
1587 4551 1660 4607 ab
1716 4551 1986 4608 hostibus

330 4645 539 4712 captus
568 4646 677 4708 est,
713 4643 812 4697 sed
846 4641 948 4714 qui
988 4643 1046 4696 in
1096 4641 1393 4696 latronum
1445 4641 1721 4697 manibus
1756 4641 1986 4697 vinctus

331 4733 441 4783 est.
475 4729 687 4784 Contra
737 4731 995 4800 captivos
1050 4729 1278 4786 nullum
1327 4737 1558 4801 tempus
1609 4729 1811 4798 currit,
1845 4745 1985 4785 con-
2015 4763 2061 4828 D

328 4820 422 4872 tra
451 4834 548 4873 eos
598 4818 764 4891 quia
807 4818 1136 4876 latronibus
1185 4818 1336 4889 capti
1388 4823 1530 4874 sunt
1576 4818 1986 4874 convenienter

330 4905 480 4962 ﬂuit.
515 4907 781 4963 Pecunize
815 4924 1024 4964 nomen
1057 4907 1327 4978 generale
1359 4914 1471 4976 est,
1503 4925 1636 4962 nam
1673 4907 1981 4964 mobilium

331 4999 388 5048 et
445 4995 871 5068 immobilium,
947 4996 1336 5068 corporalium
1397 5003 1453 5052 et
1525 4996 1979 5068 incorporalium

323 5085 460 5155 jura
489 5085 919 5157 signiﬁcatione
949 5103 1058 5141 sua
1104 5086 1571 5158 comprehendit.
1620 5085 1850 5141 Amicos
1881 5103 1979 5142 vo-

327 5188 531 5230 camus
566 5191 680 5231 non
713 5191 852 5231 casu
900 5175 1185 5247 cognitos,
1217 5175 1318 5231 sed
1374 5179 1562 5231 certos
1593 5179 1650 5230 et
1704 5173 1979 5248 speciosae

326 5261 600 5319 amicitiae
625 5265 930 5320 occasione
977 5279 1302 5336 possessos.
1351 5262 1600 5318 Vincula
1644 5263 1982 5318 communia

323 5355 464 5408 sunt
492 5355 546 5407 et
577 5352 823 5426 privata,
857 5352 1125 5410 custodia
1155 5369 1287 5407 vero
1319 5355 1550 5407 tantum
1583 5350 1834 5424 publica.
1869 5351 1977 5408 Re-

322 5440 566 5506 stituere
597 5443 828 5514 proprio
861 5443 1054 5512 modo,
1087 5446 1180 5512 est
1226 5441 1600 5498 exactissima
1639 5441 1833 5496 omnis
1867 5441 1978 5496 uti-

321 5529 526 5601 litatis,
559 5547 750 5587 causze
781 5535 838 5587 et
885 5547 1194 5604 corporum
1243 5531 1562 5588 restitutio.
1593 5530 1756 5586 Juris
1804 5530 1976 5602 igno-

322 5619 517 5680 rantia
543 5619 772 5678 veniam
822 5637 939 5678 non
987 5621 1202 5678 habet:
1259 5620 1394 5677 facti
1451 5635 1584 5677 vero
1631 5619 1974 5693 ignorantia:

321 5721 580 5782 congrue
609 5705 767 5782 leges
809 5706 1144 5782 ignoscunt.
1176 5708 1550 5782 Rescriptum
1597 5708 1974 5783 imperatoris

2109 3487 2354 3558 gratiam
2411 3489 2602 3546 faciat.
2660 3493 2914 3550 Justitiaa
2972 3497 3120 3554 ratio
3179 3499 3368 3571 potior
3424 3499 3503 3556 sit
3558 3503 3780 3561 stricto

2101 3583 2255 3653 jure,
2290 3601 2321 3640 ο
2353 3586 2607 3643 domine.
2642 3589 2832 3648 Causa
2871 3592 3191 3652 criminalis
3243 3597 3399 3653 intra
3455 3598 3780 3659 biennium

2106 3669 2366 3728 ﬁniatur.
2427 3675 2784 3751 Confugiens
2842 3682 2911 3736 ad
2974 3684 3332 3755 potentiores
3375 3692 3614 3760 propter
3643 3688 3780 3747 litis

2105 3761 2522 3834 patrocinium,
2581 3769 2742 3823 omni
2800 3787 2998 3837 causa,
3059 3773 3378 3843 odomine,
3433 3778 3776 3838 secundum

2103 3847 2261 3920 leges
2293 3853 2482 3908 cadat.
2514 3854 2950 3915 Condemnatus
2973 3860 3127 3916 intra
3157 3863 3589 3934 quadrimestre
3621 3873 3782 3924 tem-

2103 3955 2214 4010 pus
2247 3957 2359 3996 non
2413 3943 2727 4014 subjicitur
2771 3948 3060 4004 exactioni
3105 3968 3300 4006 rerum
3353 3967 3480 4024 quae
3531 3955 3588 4009 in
3623 3973 3770 4014 con-

2103 4027 2478 4086 demnatione
2526 4037 2685 4088 sunt.
2723 4035 2781 4090 Si
2831 4036 2965 4107 quis
3015 4037 3180 4096 falsis
3234 4041 3487 4098 testibus
3517 4061 3772 4104 causam

2102 4117 2446 4182 obtinuerit,
2497 4125 2554 4176 et
2601 4124 2992 4194 punitioncm,
3045 4132 3102 4183 et
3153 4130 3232 4184 rei
3286 4131 3564 4202 judicatm
3595 4135 3768 4192 solu-

2099 4205 2320 4262 tionem
2351 4209 2832 4278 sustineat.Quod
2865 4220 3026 4271 metu
3057 4216 3277 4274 factum
3307 4224 3414 4288 est,
3437 4221 3616 4277 robur
3637 4240 3764 4282 non

2099 4295 2341 4351 obtinet.
2391 4297 2737 4371 Quicunque
2787 4303 2903 4358 vim
2955 4304 3177 4371 intulit,
3229 4307 3526 4380 obligatur
3577 4312 3766 4372 dolo:

2099 4399 2167 4439 ex
2198 4385 2532 4442 rationabili
2556 4404 2735 4446 causa
2755 4391 2930 4447 datur
2951 4396 3102 4452 actio
3125 4397 3196 4452 de
3217 4395 3370 4466 dolo,
3391 4397 3506 4454 alia
3527 4402 3770 4463 actione

2098 4471 2424 4531 deficiente.
2459 4476 2672 4533 Minori
2725 4480 2783 4534 in
2834 4481 3186 4540 criminibus
3217 4503 3332 4542 non
3363 4490 3765 4548 succurritur.

2096 4559 2339 4617 Pactum
2384 4569 2474 4619 est
2519 4565 2590 4622 de
2621 4567 2798 4624 rebus
2847 4571 3042 4636 certis,
3077 4577 3136 4628 et
3189 4573 3518 4631 manifestis
3569 4579 3762 4638 dona-

2095 4650 2273 4706 tionis
2305 4668 2519 4710 causa:
2571 4659 2890 4714 transactio
2939 4663 3028 4716 est
3077 4677 3269 4718 rerum
3303 4663 3666 4724 incertarum
3701 4677 3764 4727 et

2094 4739 2410 4796 dubiarum
2463 4743 2816 4803 dissolutio:
2877 4752 3194 4806 transactio
3249 4757 3336 4808 est
3383 4759 3620 4813 tantum
3681 4760 3760 4818 de

2094 4828 2310 4897 quibus
2342 4829 2494 4886 inter
2519 4835 2927 4893 convenientes
2959 4837 3201 4908 placuit.
3248 4846 3331 4897 De
3363 4842 3453 4898 bis
3485 4847 3762 4904 crimini-

2091 4915 2226 4980 bus,
2260 4918 2476 4988 quibus
2509 4937 2672 4991 pinna
2702 4925 3010 4996 sanguinis
3041 4928 3356 5002 irrogatur,
3385 4931 3528 4989 licet
3555 4939 3758 4994 trans-

2091 5003 2270 5076 igere,
2303 5013 2538 5080 excepto
2585 5011 2873 5070 adulterio
2902 5031 2913 5068 :
2949 5017 3020 5072 de
3053 5017 3144 5072 his
3192 5035 3322 5074 vero
3353 5037 3480 5092 quae
3517 5039 3752 5093 pmnam

2090 5093 2354 5181 criminis
2388 5113 2498 5152 non
2535 5097 2832 5171 ingerunt,
2867 5121 2982 5160 non
3015 5104 3170 5175 licet,
3201 5115 3439 5181 excepto
3477 5112 3612 5168 falsi
3641 5116 3760 5170 cri-

2089 5180 2266 5252 mine,
2301 5186 2568 5254 partibus
2619 5192 3072 5250 transactionem
3123 5180 3414 5254 scribere:
3445 5200 3574 5256 sine
3605 5219 3752 5260 con-

2090 5270 2366 5360 fessione,
2397 5275 2484 5330 vel
2534 5277 2769 5336 datione
2817 5297 3038 5349 rerum,
3083 5300 3198 5340 non
3248 5287 3552 5342 consuevit
3573 5289 3750 5360 juxta

2087 5357 2246 5432 leges
2277 5367 2587 5433 procedere
2643 5371 2986 5428 transactio.
3038 5372 3108 5427 Et
3155 5373 3226 5429 ad
3286 5378 3546 5448 tempus,
3576 5357 3640 5434 et
3685 5379 3747 5438 in

2087 5456 2436 5521 perpetuum
2487 5455 2736 5514 societas
2781 5459 3062 5530 procedit.
3118 5461 3355 5534 Divisio,
3405 5481 3437 5520 ο
3483 5466 3750 5538 domine,

2091 5553 2229 5626 quis
2248 5538 2380 5596 dolo
2409 5541 2561 5598 facta
2591 5549 2680 5601 est
2709 5551 2870 5603 extra
2901 5548 3220 5622 judicium,
3269 5551 3502 5626 legibus
3533 5555 3752 5615 intole-

2087 5625 2292 5715 rabilis
2326 5632 2435 5685 est.
2495 5629 2650 5689 Licet
2691 5651 2783 5692 res
2843 5636 3112 5710 deposita
3165 5625 3436 5715 tempore
3483 5643 3746 5704 deterior

2086 5713 2241 5772 facta
2269 5715 2365 5790 sit,
2400 5723 2668 5780 movetur
2691 5725 2845 5784 actio
2869 5725 3148 5802 depositi.
3169 5713 3402 5790 Incerta
3429 5731 3738 5808 stipulatio
