4010 6360
199 438 319 499 965

203 573 329 633 Τοῖς
355 567 551 642 νόμοις
576 567 963 638 ἀνυποστατος,
998 564 1351 643 δικαστηρίου
1384 566 1536 644 δίχα.

206 657 312 714 Κᾶν
345 663 534 735 χεῖρον
565 658 628 717 τὸ
655 657 959 733 παραταθὶν
983 655 1204 733 γένηται
1235 652 1326 712 διὰ
1349 656 1584 734 χρόνου,

206 747 436 803 Κινείτω
464 768 545 809 τις
574 748 673 817 τὴν
707 747 933 823 ἀγωγὴν
965 747 1067 816 τὴν
1098 747 1222 823 περὶ
1251 748 1598 820 παραθήκης.

207 837 447 916 ’Δφανὴς
489 837 830 914 ἐπερώτησις
861 835 1149 908 ἀπαίτησιν
1183 834 1281 891 οὐκ
1309 831 1447 912 ἔχει.

209 924 274 983 Εἰ
305 926 369 981 τὸ
398 924 718 1001 τικτόμενόν
750 924 890 982 ἐστιν
923 922 974 999 ἐξ
1008 921 1176 980 ἵππου
1206 926 1295 980 καὶ
1328 920 1624 1001 φορϐάδος,

204 1015 270 1073 Ὀ
298 1022 401 1087 τῆς
432 1009 710 1096 φορϐάδος
741 1014 929 1093 κύριος
960 1018 1058 1070 τοῦ
1086 1015 1249 1071 τόκου
1281 1012 1605 1085 δεσποζέτω.

200 1106 271 1162 El
314 1106 566 1183 ἀγοράσω
598 1100 797 1184 ἔδαφος
826 1102 971 1179 καλῇ
1001 1103 1069 1160 τά
1092 1109 1284 1181 πρῶτα
1310 1104 1508 1163 πῖστει.

197 1196 341 1251 Εἶτα
377 1196 565 1266 μαθὼν
599 1190 896 1271 ἀλλότριον
931 1193 1287 1268 οἰκοδομήσω
1316 1199 1500 1263 τοῦτο,

203 1289 325 1341 Τῶν
360 1282 840 1358 οἲκοδομηθὲντων
873 1284 968 1359 μὶν
998 1280 1237 1347 δαπάνας
1269 1283 1331 1339 οὐ
1364 1278 1651 1358 λαμϐάνω,

204 1376 293 1432 Τά
327 1371 372 1429 δ’
407 1373 693 1449 ἐκτισμένα
725 1371 958 1448 δόναμαι
990 1368 1290 1447 λαμϐάνειν
1322 1373 1597 1447 ἀζημίως.

206 1463 639 1539 Ἐκδικουμένου
676 1468 773 1520 τοῦ
806 1466 975 1541 ἀγροῦ
1007 1465 1035 1522 ὁ
1065 1463 1262 1540 νομεὺς
1292 1464 1354 1520 οὐ
1387 1458 1676 1538 λαμϐάνει,

205 1555 322 1613 Τὸν
352 1554 555 1633 σπόρον
588 1556 648 1611 ’ὸν
680 1555 1031 1631 κατέσπειρεν
1064 1552 1138 1616 εἷς
1169 1555 1256 1609 τὸν
1289 1553 1456 1630 ἀγρὸν
1487 1552 1707 1611 ἐκεῖνον.

201 1643 265 1698 Ὀ
298 1651 498 1720 χρῆσιν
531 1642 675 1721 ἔχων
704 1648 811 1699 τῶν
844 1648 1064 1720 καρπῶν
1099 1639 1290 1698 δίδωσι
1325 1643 1413 1698 καὶ
1437 1642 1506 1699 τά
1529 1644 1663 1714 τέλη
1698 1662 1712 1676 ·

197 1738 263 1791 Ὁ
296 1731 442 1810 ἔχων
469 1740 671 1810 χρῆσιν
712 1737 953 1807 νομικῶς
979 1732 1149 1809 τυχόν
1178 1754 1325 1788 τινος
1360 1732 1557 1806 οἰκίας,

200 1822 444 1886 Οἰκείοις
475 1821 801 1896 ἀναλώμασι
826 1821 1028 1893 ταύτην
1075 1822 1468 1893 ὲπισκευάσθω,

199 1913 366 1968 ’Ήτοι
393 1912 462 1968 τὰ
489 1914 897 1988 κατακεράμενα
926 1910 1128 1983 ταύτης
1162 1911 1598 1991 ἐπανορθούσθω,

203 2001 273 2059 Εἴ
302 1998 362 2057 δὲ
390 2023 441 2057 τι
470 2000 826 2057 κατανάλωσε
852 2000 1049 2058 τούτου
1070 2022 1124 2056 τι
1152 2001 1476 2078 περαιτέρω,

202 2090 455 2155 Εἰκότως
483 2090 828 2165 ἀπολήψεται
858 2094 1020 2146 τοῦτο
1052 2091 1187 2163 πρὸς
1217 2094 1315 2146 τοῦ
1346 2087 1637 2147 δεσπότου.

202 2181 559 2256 Ἀπείργεται
594 2177 923 2249 δανείζεσθαι
953 2185 1055 2250 τῆς
1086 2184 1195 2235 τῶν
1231 2180 1586 2252 ὑπεξουσίων,

207 2268 442 2326 Μᾶλλον
467 2268 858 2343 ἀξιωματικὸς,
902 2270 1072 2342 μόνος
1106 2265 1153 2323 δ’
1183 2270 1211 2323 ὁ
1250 2268 1588 2343 κεκτημένος

210 2356 521 2415 ΙΙεκοόλσον
545 2355 863 2428 δανείζεται,
894 2358 985 2412 καὶ
1014 2360 1175 2412 τοῦτο
1197 2359 1331 2412 κατά
1354 2358 1578 2430 νόμους.

211 2446 545 2523 Ἐπίτροπος
574 2447 862 2525 ὀρφανικὸν
896 2446 994 2502 οὐκ
1032 2445 1304 2517 ἐξωνεῖται
1335 2452 1577 2524 πρᾶγμα.

211 2538 317 2592 Διά
352 2536 542 2613 μικρόν
574 2558 623 2590 νι
655 2534 827 2591 αἴτιον
859 2541 1054 2612 πρᾶσιν
1088 2536 1191 2591 οὐκ
1219 2535 1553 2612 ἀνανρὲψεις.

205 2627 276 2684 Ὀ
311 2630 459 2682 σῖτον
489 2625 841 2698 ὠνησάμενος
878 2624 1102 2689 κανόνος
1129 2621 1420 2699 δημοσίου,

210 2713 533 2794 Κεφαλικὴν
567 2713 876 2791 ὑφίσταται,
910 2711 1161 2786 δέσποτα,
1191 2714 1485 2789 τιμωρίαν.

199 2806 264 2859 Ὃ
294 2804 507 2880 πράτης
543 2804 621 2876 μή
651 2800 985 2880 παραδιδοὺς
1018 2804 1293 2878 ἀγοραστῇ
1324 2803 1386 2858 τὸ
1417 2809 1675 2880 πρᾶγμα,

195 2896 274 2949 Τὸ
306 2890 563 2971 διαφέρον
593 2889 783 2948 δίδωσι
814 2891 1039 2955 εἰκότως
1062 2892 1202 2948 κατά
1230 2892 1458 2966 νόμους.

192 2984 290 3041 Ἔν
321 2987 403 3055 τῷ
434 2979 771 3058 δικαστηρίῳ
803 2978 870 3052 δὴ
895 2987 995 3052 τῆς
1022 2988 1224 3055 νομῆς,
1266 2978 1509 3037 δεσποτά
1557 3004 1686 3056 μου,

197 3070 399 3136 Διδοὺς
430 3064 459 3127 ὁ
488 3073 699 3148 πράτης
730 3071 793 3127 τὸ
824 3068 1053 3126 διπλοῦν
1086 3070 1187 3126 οὐκ
1214 3070 1518 3128 ἀπαιτεῖται
1549 3071 1736 3145 πλέον,

1550 436 1928 500 SYNOPSIS
1973 438 2261 501 LEGUM.

1880 569 2242 646 ΑΠροφάσει
2298 574 2406 626 τῶν
2461 570 2513 647 ἐξ
2579 568 2733 638 ἔθους
2803 595 2921 637 πως
2992 578 3064 646 τῇ
3134 577 3330 654 πράσει
3387 599 3625 657 γεγραμ-

3496 447 3615 509 966

3252 666 3455 740 [μὲνων
3469 712 3483 726 .

1977 748 2041 804 Οἱ
2075 749 2211 823 μετά
2228 749 2292 805 τὸ
2323 748 2684 826 συνάλλαγμα
2710 750 2909 829 καρποῖ
2946 690 3475 831 βεϐλαστηέόῗέἒζυν.

1974 843 2062 911 Τῷ
2086 838 2177 893 τὸν
2206 838 2368 913 ἀγρὸν
2387 840 2726 915 προσήκουσι
2756 844 2969 906 πάντως
2995 844 3313 920 ἠγορακότι.

1978 930 2091 986 Τοῦ
2123 927 2445 1003 πράγματος
2477 924 2547 987 δι’
2572 926 2756 986 ἄδικον
2791 931 3230 997 ἀποσπασθὲντος
3263 937 3513 1010 γνώμην,

1978 1018 2130 1073 Κατά
2157 1021 2254 1073 τοῦ
2285 1016 2492 1093 πράτου
2517 1017 2739 1096 ἀγωγὴν
2770 1019 3074 1096 ἀγοραστής
3107 1023 3206 1078 οὐκ
3229 1020 3346 1101 ἔχει
3378 1043 3392 1057 ’

1979 1108 2043 1164 Εἰ
2077 1106 2135 1164 δι
2153 1130 2237 1174 τις
2264 1108 2327 1164 τὸ
2358 1107 2652 1186 ἀλλότριον
2683 1112 2756 1174 ὡς
2790 1108 2947 1175 εἰδὼς
2976 1112 3262 1189 ἠγόρασεν,

1979 1194 2259 1256 Οὐδεποτε
2288 1195 2357 1253 δι’
2388 1195 2595 1270 εἴδησιν
2623 1199 2725 1254 τοῦ
2756 1201 3080 1277 πράγματος
3104 1199 3347 1261 δεσπόσει
3378 1223 3391 1239 ’

1977 1285 2050 1344 Εἴ
2077 1284 2133 1342 δέ.
2159 1308 2241 1350 τις
2273 1286 2593 1359 ἐξωνήσεται
2627 1286 2921 1364 ἀλλότριόν
2949 1312 3001 1345 τι
3031 1298 3254 1369 πρᾶγμα

1979 1376 2090 1433 Οὐκ
2122 1374 2281 1440 εἷ’δὼς
2310 1378 2384 1441 ὡς
2416 1375 2734 1453 ἀλλότριον,
2768 1378 2878 1434 ἐστὶ
2910 1381 2973 1435 τὸ
3001 1381 3403 1457 πεπραγμένον,

1979 1466 2149 1531 Αὐτὸς
2181 1467 2273 1540 μὲν
2305 1463 2394 1521 διὰ
2420 1468 2673 1542 χρήσεως
2697 1472 2794 1523 τοῦ
2825 1469 3143 1544 πράγματος
3178 1468 3447 1548 δεσπόσει,

1978 1557 2035 1609 '0
2065 1555 2355 1631 πεπρακὼς
2385 1551 2431 1609 δ’
2462 1554 2709 1632 ἑνὲχετπι
2744 1553 2964 1620 δικαίως
2992 1564 3072 1631 τῷ
3103 1557 3353 1636 δεσπότῃ.

1978 1646 2043 1704 Εἰ
2078 1642 2135 1701 δὲ
2162 1667 2245 1709 τις
2273 1650 2496 1720 πρᾶγμα
2526 1644 2756 1719 λήψεται
2790 1644 2877 1701 ἐπί
2897 1668 3004 1702 τινι
3034 1646 3199 1722 αἶτίᾳ,

1981 1733 2287 1806 Πληρούτῶ
2317 1735 2414 1803 τὴν
2452 1734 2699 1799 ὑπόθεσιν
2727 1738 2840 1810 (16)
2870 1733 2907 1807 ἤ
2935 1737 2996 1791 τὸ
3020 1738 3242 1815 πράγμα
3271 1737 3491 1800 διδότω.

1979 1826 2041 1882 Ὀ
2070 1823 2149 1897 τῷ
2180 1822 2489 1901 ἐγκλήματι
2523 1822 2749 1900 ληφθεὶς
2778 1831 2859 1899 τῷ
2887 1825 3010 1901 περὶ
3044 1824 3273 1898 ἀδικίας,

1901 1944 1949 2010 Β
1980 1914 2057 1971 Οὐ
2088 1910 2307 1968 δύναταί
2335 1935 2387 1968 τι
2425 1908 2677 1988 βεϐαιοῦν
2706 1912 2882 1986 οἷ’κείᾳ
2915 1916 3205 1993 μαρτυρίᾳ.

1980 2004 2036 2057 '0
2066 2001 2333 2079 ἀγοράσας
2368 1999 2600 2058 δείκνυσι
2630 2002 2721 2058 τὸν
2755 2000 2953 2059 δοῦλον
2982 2007 3308 2083 πεφευγότα,

1979 2091 2044 2151 El
2090 2091 2240 2169 λέγει
2288 2093 2425 2167 πρὸς
2472 2098 2572 2162 τῆς
2622 2093 2894 2166 πράσεως,
2941 2090 3085 2149 οὕτω
3137 2091 3329 2153 δοκοῦν
3377 2104 3494 2163 τοῖς
3536 2098 3624 2156 v6-

3365 2189 3515 2261 [μοις

1979 2269 2456 2348 Ἐπικράτεστερός
2490 2269 2631 2325 ἐστιν
2666 2270 2694 2327 ὁ
2724 2276 2920 2341 κῆνσος
2943 2274 3054 2327 τῶν
3089 2272 3397 2352 μαρτύρων,

1978 2358 2093 2418 Οὔκ
2122 2359 2269 2417 ’ἐστιν
2298 2359 2607 2432 ἀξιόπιστος
2637 2364 2734 2415 τοῦ
2766 2362 2965 2437 χρέους
2998 2362 3283 2439 μαρτυρία,

1978 2449 2144 2526 Εἷ’περ
2174 2472 2257 2513 τις
2290 2449 2397 2505 ἀπὸ
2425 2453 2533 2506 τῶν
2568 2447 2732 2505 αὐτοῦ
2763 2447 2992 2505 δεικνύει
3025 2446 3401 2528 συμϐολαίων,

1977 2538 2429 2611 Τελευτησάντων
2463 2535 2521 2594 δέ
2546 2559 2681 2594 ποτε
2713 2538 3037 2613 συμπάντων
3070 2545 3176 2596 τῶν
3210 2543 3496 2623 μαρτύρων

1974 2631 2159 2687 Αὐτοῦ
2189 2650 2246 2684 τε
2271 2623 2642 2693 ταϐελλίωνος
2671 2649 2955 2705 σπγκρισις
2992 2625 3354 2706 προϐαινέτω.

1973 2722 2169 2795 Ὅρκος
2198 2717 2585 2793 ἐπιφερόμενος
2616 2711 3027 2792 ἀμφισϐήτησιν
3067 2720 3277 2792 τέμνει.

1972 2810 2035 2867 Ὁ
2077 2805 2310 2883 μηδενὸς
2344 2805 2635 2883 ἐπάγοντος
2665 2806 2833 2880 ἆμνὺς
2858 2806 2957 2862 οὐκ
2987 2805 3297 2885 ὠφελεῖται.

1972 2898 2210 2972 Ὀμόσας
2234 2893 2290 2951 δέ
2317 2917 2400 2959 τις
2427 2892 2572 2950 ἴδιον
2602 2895 2665 2950 τὸ
2693 2896 3258 2974 πραγμαπεφυκὲναι,

1971 2986 2076 3044 Καὶ
2131 2984 2259 3050 τοὺς
2336 2985 2580 3061 καρποὺς
2650 2983 3014 3061 εἰσπράξεται,

3097 2986 3188 3041 καὶ
3264 2988 3431 3063 γονὴν
3505 2992 3613 3046 τῶν

3182 3076 3535 3152 θρεμμάτων.

3172 3166 3338 3224 Vers.
3387 3168 3546 3226 1211.

204 3401 622 3478 repetitionem
679 3416 797 3458 non
846 3399 1046 3458 habet.
1087 3398 1149 3456 Si
1198 3397 1336 3471 quid
1398 3402 1603 3457 natum
1653 3403 1746 3457 est
1800 3417 1871 3459 ex
1898 3403 1943 3472 α
1981 3401 2177 3460 sciens
2198 3399 2607 3475 emit,propter
2625 3396 2934 3456 scientiam
2960 3398 3238 3459 dominus
3269 3403 3352 3461 rei
3383 3420 3499 3463 non
3525 3405 3624 3464 ﬁt:

201 3509 364 3565 equo
410 3496 471 3548 et
514 3506 683 3563 equa,
734 3488 1010 3546 dominus
1062 3504 1224 3560 equa:
1272 3487 1476 3543 fretum
1526 3483 1757 3545 habeat.
1805 3489 1867 3545 Si

201 3582 402 3655 primo
435 3580 592 3637 bona
621 3579 733 3634 ﬁde
756 3594 887 3634 emo
910 3577 1123 3647 solum,
1156 3575 1369 3632 deinde
1391 3575 1651 3633 alienum
1676 3576 1870 3634 sciens

196 3673 266 3727 in
300 3670 404 3727 illo
451 3669 697 3734 mdiiico,
732 3670 1009 3738 sumptus
1055 3665 1286 3721 aedificii
1330 3682 1445 3720 non
1495 3665 1735 3737 recipio,
1766 3666 1869 3722 sed

197 3760 520 3817 materiam
567 3757 696 3813 sine
745 3755 971 3827 injuria
1017 3771 1226 3825 capere
1260 3770 1527 3825 possum.
1560 3754 1875 3811 Possessor

198 3850 335 3921 agri
366 3848 535 3904 evicti
590 3862 707 3902 non
756 3845 913 3916 capit
961 3845 1191 3899 fructus
1237 3858 1387 3914 quos
1436 3843 1497 3898 in
1550 3842 1649 3898 illo
1702 3842 1869 3900 sevit.

203 3937 660 3995 Usumfructum
708 3934 937 3990 habens
987 3936 1223 4005 praestat
1273 3931 1537 3988 l'usiones
1569 3932 1731 3990 ﬁsco.
1763 3932 1872 3999 Qui

195 4030 346 4101 jure
373 4026 552 4082 habet
577 4024 831 4096 alicujus
854 4025 1068 4079 domus
1090 4039 1292 4091 usum,
1325 4021 1581 4094 propriis
1619 4021 1872 4093 sumpti-

203 4120 328 4173 bus
357 4130 487 4175 eam
519 4112 761 4183 reficiat,
794 4113 916 4168 sive
957 4113 1188 4185 tegulas
1236 4110 1401 4166 illius
1450 4111 1743 4166 instauret
1773 4127 1786 4165 :
1821 4109 1872 4166 si

201 4221 353 4269 vero
383 4204 523 4275 quid
560 4202 712 4258 ultra
744 4207 1023 4273 sumptus
1072 4199 1487 4272 insumpserit,
1532 4199 1877 4255 solemniter

202 4313 245 4351 ει
275 4292 516 4350 domino
539 4290 802 4363 recipiat.
841 4289 1192 4346 Prohibetur
1215 4288 1433 4346 Christi
1474 4287 1877 4344 filiisfamilias

198 4383 390 4440 etiam
418 4382 468 4436 si
498 4380 559 4436 in
591 4379 879 4452 dignitate
909 4379 1034 4434 sint
1066 4394 1078 4432 :
1112 4377 1194 4432 illi
1225 4379 1382 4433 enim
1415 4376 1607 4433 solum
1642 4376 1742 4448 qui
1775 4392 1873 4448 pe-

200 4472 441 4530 culium
475 4470 696 4526 habent
743 4467 1004 4524 mutuari
1055 4472 1305 4540 possunt
1337 4468 1660 4522 secundum
1693 4466 1873 4539 leges.

197 4562 393 4619 Tutor
435 4574 558 4614 rem
584 4556 937 4630 pupillarem
981 4572 1174 4612 emere
1200 4572 1313 4612 non
1340 4559 1551 4626 potest.
1589 4560 1661 4610 Ex
1700 4571 1879 4628 parva

199 4665 390 4706 causa
410 4646 805 4703 venditionem
855 4662 924 4701 ne
962 4645 1287 4701 subvertas.
1322 4647 1704 4700 Frumentum
1737 4660 1874 4699 ven-

200 4740 364 4795 dens
391 4754 463 4793 ex
506 4752 730 4792 canone
760 4735 998 4807 publico
1029 4733 1265 4805 capitali
1317 4750 1517 4805 poenae,
1551 4749 1584 4788 ο
1615 4733 1874 4802 domine,

206 4825 557 4898 subjicitur.
589 4826 648 4881 Si
686 4825 951 4880 venditor
980 4840 1103 4879 rem
1155 4824 1403 4895 emptori
1452 4837 1566 4877 non
1616 4822 1874 4877 tradide-

205 4918 317 4984 rit,
367 4913 781 4970 convenienter
832 4912 1159 4968 secundum
1207 4909 1365 4983 leges
1415 4914 1672 4982 praestat,
1723 4908 1877 4980 quod

206 5003 504 5077 emptoris
534 5002 796 5058 interest.
834 5001 898 5056 In
923 4999 1155 5072 judicio
1205 4999 1624 5071 possessionis,
1652 4998 1734 5053 mi
1778 4997 1877 5053 do-

212 5094 399 5158 mine,
457 5091 729 5147 venditor
787 5090 1033 5161 duplum
1096 5089 1352 5154 solvens,
1414 5086 1672 5160 amplius
1732 5085 1878 5142 nihil

208 5185 463 5256 praestat
490 5194 692 5234 earum
726 5195 921 5234 rerum
961 5178 1219 5245 nomine,
1254 5193 1381 5248 qua:
1433 5177 1493 5229 in
1545 5175 1881 5231 venditione

205 5270 397 5328 scribi
433 5270 645 5324 solent.
679 5267 818 5323 Post
870 5271 1235 5323 contractum
1287 5266 1512 5319 fructus
1544 5264 1689 5330 nati,
1722 5280 1880 5319 com-

205 5366 431 5434 petunt
482 5356 725 5413 omnino
783 5355 1033 5427 emptori
1105 5354 1250 5426 agri.
1328 5354 1574 5425 Emptor
1629 5352 1720 5407 cui
1781 5369 1884 5424 per

206 5447 565 5506 violentiam
625 5461 719 5502 res
774 5451 972 5519 empta
1031 5444 1228 5500 ablata
1267 5447 1378 5514 est,
1432 5441 1654 5498 nullam
1707 5441 1884 5497 habet

212 5536 518 5598 actionem
558 5535 841 5593 adversus
888 5533 1272 5592 venditorem.
1307 5531 1415 5600 Qui
1462 5547 1585 5589 rem
1626 5530 1880 5588 alienam

293 5724 417 5805 (16)
445 5719 792 5805 Ὑπόσχισιν.

1982 3491 2083 3564 qui
2098 3506 2234 3547 vero
2253 3489 2400 3545 emit
2428 3503 2548 3544 rem
2586 3487 2843 3543 alienam
2873 3488 3145 3546 nesciens
3174 3493 3330 3563 quod
3364 3510 3458 3551 res
3486 3510 3629 3551 ven—

1979 3580 2102 3637 dita
2120 3579 2312 3637 aliena
2328 3577 2427 3645 sit,
2462 3593 2573 3632 usu
2602 3576 2682 3631 rei
2703 3576 2980 3632 dominus
3014 3578 3113 3644 sit,
3143 3581 3410 3638 venditor
3429 3587 3628 3643 autem

1978 3666 2220 3723 domino
2251 3664 2637 3737 obligatur.Si
2665 3663 2796 3734 quis
2825 3669 3066 3736 propter
3096 3682 3335 3723 causam
3368 3668 3630 3740 aliquam

1978 3772 2101 3812 rem
2133 3756 2345 3827 capiat,
2377 3751 2463 3808 vel
2515 3768 2753 3809 causam
2787 3751 3050 3824 impleat,
3100 3755 3187 3810 vel
3238 3773 3361 3812 rem
3399 3758 3631 3828 reddat,

1979 3845 2307 3901 Damnatus
2350 3842 2594 3898 crimine
2643 3842 3102 3912 repetundarum
3146 3862 3262 3900 non
3296 3852 3489 3917 potest
3517 3846 3631 3903 ali-

1980 3934 2123 4005 quid
2173 3933 2409 4005 proprio
2460 3927 2797 3986 testimonio
2846 3930 3099 3987 ﬁrmare.
3131 3933 3377 4005 Emptor
3424 3936 3633 4006 probat

1981 4023 2294 4094 fugitivum
2341 4035 2602 4083 servum,
2629 4018 2678 4072 si
2711 4018 2856 4073 dicit
2887 4021 3042 4090 quod
3069 4027 3202 4077 ante
3232 4024 3631 4083 venditionem

1979 4115 2106 4167 erat
2151 4109 2451 4179 fugitivus,
2484 4108 2568 4163 sic
2608 4106 2832 4179 placuit
2875 4107 3128 4180 legibus.
3165 4110 3389 4167 Census
3440 4114 3635 4185 potior

1979 4205 2071 4257 est
2095 4198 2370 4255 testibus.
2400 4197 2523 4254 Non
2556 4201 2648 4252 est
2677 4196 2792 4252 fide
2821 4197 3066 4268 dignum
3099 4200 3171 4254 de
3225 4200 3423 4258 debito
3469 4202 3635 4259 testi-

1982 4288 2269 4357 monium,
2301 4288 2351 4343 si
2383 4286 2518 4359 quis
2547 4286 2604 4341 id
2638 4284 2846 4357 probet
2873 4287 2999 4343 suis
3030 4288 3464 4358 instrumentis,
3496 4307 3633 4347 cum

1982 4394 2188 4435 omnes
2218 4380 2398 4433 testes
2428 4375 2723 4438 obierunt,
2756 4375 2856 4430 sed
2893 4378 3201 4447 praevaleat
3228 4377 3418 4450 ipsius
3450 4378 3635 4435 tabel-

1982 4465 2157 4523 lionis
2203 4465 2585 4537 comparatio.
2616 4468 3041 4540 Jusjurandum
3094 4465 3354 4523 delatum
3404 4473 3636 4526 contro-

1981 4556 2233 4613 versiam
2288 4554 2526 4610 decidit.
2587 4557 2695 4621 Qui
2756 4556 2990 4612 nemine
3065 4555 3361 4612 deferente
3407 4556 3639 4627 juravit

1984 4644 2131 4700 nihil
2176 4644 2438 4715 profecit.
2471 4643 2578 4707 Qui
2603 4645 2828 4713 juravit
2860 4660 2981 4699 rem
3035 4660 3204 4699 suam
3237 4660 3389 4711 esse,
3422 4648 3638 4717 repetit

1984 4735 2235 4802 fructus,
2270 4739 2329 4789 et
2376 4733 2549 4789 fastus
2580 4751 2881 4805 pecorum.
2914 4733 2974 4788 Si
3022 4733 3158 4803 quis
3198 4734 3417 4802 juravit
3467 4750 3537 4790 ex
3567 4750 3637 4791 ea

1984 4822 2212 4881 actione
2240 4838 2368 4892 quae
2417 4822 2661 4892 duplum
2713 4821 2909 4891 exigit,
2942 4820 3088 4876 forte
3134 4837 3202 4876 ex
3252 4821 3634 4893 inticiatione,

1985 4927 2101 4967 non
2151 4908 2337 4980 dupli,
2371 4909 2471 4964 sed
2523 4909 2720 4982 simpli
2770 4910 2963 4966 solum
3014 4909 3483 4980 persecutionem
3528 4911 3634 4967 ha-

1985 5000 2084 5055 bet
2110 5015 2123 5054 :
2159 5002 2288 5068 post
2308 4997 2711 5068 juramentum
2727 5015 2861 5055 vero
2880 5013 3055 5069 agens
3083 4996 3385 5069 principali
3405 4999 3635 5056 actione

1986 5086 2235 5158 duplum
2287 5087 2486 5157 exigit,
2519 5085 2570 5143 si
2619 5086 2729 5143 sibi
2781 5086 3045 5142 debitum
3097 5101 3227 5143 esse
3279 5086 3631 5157 probaverit.

1986 5173 2203 5231 Nolens
2242 5175 2467 5244 jurare,
2516 5190 2706 5245 neque
2759 5176 2990 5240 referre,
3042 5178 3323 5245 tanquam
3373 5189 3439 5229 ex
3488 5191 3633 5233 con-

1988 5264 2242 5321 fessione
2298 5263 2744 5319 condemnatur.
2791 5263 2853 5320 Si
2898 5280 3031 5319 eum
3083 5263 3185 5331 qui
3228 5264 3630 5331 juramentum

1989 5350 2197 5408 detulit
2253 5351 2610 5423 ptenituerit,
2650 5356 2932 5423 tanquam
2989 5356 3115 5407 tute
3175 5352 3502 5411 instructus
3558 5355 3639 5413 sit

1991 5441 2121 5497 aliis
2152 5440 2584 5505 instrumentis,
2620 5439 2671 5495 si
2719 5440 2933 5499 deinde
2978 5444 3158 5512 ponat
3185 5443 3467 5511 secundo,
3518 5459 3637 5501 non

1992 5531 2215 5589 deferat
2244 5529 2457 5589 iterum
2481 5529 2913 5603 juramentum,
2938 5544 2972 5589 ο
2997 5529 3256 5600 domine,
3285 5535 3462 5607 atque
3489 5530 3637 5593 illud
