4010 6360
437 343 556 402 967

438 471 510 530 Eg}
533 494 614 536 τις
650 470 701 542 ιξ
732 469 944 547 ἀγωγῆς
973 489 1119 530 τινος
1152 465 1677 542 διπλασιαζομένης,

437 563 616 639 Τυχὸν
645 561 722 624 ὡς
752 560 802 631 ἐξ
835 561 1110 634 ἀρνήσεως
1137 557 1226 613 τὸν
1263 554 1422 635 ὅρκον
1457 557 1757 628 ἀποδώσει,

439 653 517 709 Ού
549 655 644 706 τοῦ
677 647 879 705 διπλοῦ
906 649 996 703 τὸν
1031 646 1328 724 εἷ’ςπραξιν,
1361 646 1487 703 ἀλλ’
1509 645 1716 702 ἁπλοῦν
1745 649 1915 722 μόνον
1946 643 2084 724 ἔχει.

440 740 591 797 Μετὰ
615 741 712 807 τὴν
747 733 906 814 ὅρκον
940 733 996 791 δὲ
1036 741 1199 791 κινῶν
1231 738 1328 806 τὴν
1364 737 1723 809 ωρωτότυπον
1761 734 1938 808 δίκην,

434 832 686 884 Ἀπαιτεῖ
711 830 774 881 τὸ
801 825 1087 882 διπλάσιον
1119 827 1180 881 τὸ
1212 827 1377 901 χρίος
1407 824 1710 896 ἀποδείξας.

437 921 500 975 Ὀ
534 918 660 990 μήτ’
695 915 922 990 ὀμνύναι
961 915 1250 990 βουληθεῖς
1284 917 1422 987 μήοε
1447 917 1552 988 μὴν
1578 915 1881 985 ἀντεπάξαι,

434 1007 671 1071 Αύτοθεν
703 1005 1076 1080 κατακρίνεται
1105 1004 1176 1066 ὣς
1208 1003 1257 1074 ἐξ
1281 1003 1603 1081 ὁμολογίας.

428 1099 629 1171 ’Ὀρκον
654 1093 711 1150 δὲ
742 1117 820 1157 τις
843 1093 1167 1169 ἐπενεγκὼν,
1197 1093 1240 1147 εί
1273 1092 1702 1166 μεταμεληθείη,

427 1187 516 1248 Ὣς
551 1185 858 1261 εὐπορήσας
895 1181 1152 1261 ἀσφαλῶς
1181 1180 1365 1237 ἄλλων
1402 1181 1812 1256 δικαιωμάτων,

428 1273 598 1351 Εἴπερ
627 1273 868 1339 ἐντοῦθεν
902 1277 1113 1346 ἡττηθῇ
1149 1271 1418 1345 δεύτερον,
1452 1268 1610 1348 ὅρκον
1645 1273 1809 1329 πάλιν

429 1366 548 1421 Οὐκ
577 1364 874 1439 ἐπενέγκοι,
904 1360 1156 1432 δεσποτα,
1180 1361 1267 1416 καὶ
1299 1366 1457 1416 τοῦτο
1489 1363 1902 1437 προσηκόντως,

429 1451 606 1527 Μέχρι
638 1453 736 1528 γάρ
771 1451 1088 1529 ἀποφάσεως
1119 1451 1209 1505 τὸν
1245 1447 1402 1524 ὅρκον
1436 1453 1827 1526 παραιτείσθω.

430 1541 544 1599 Οὐκ
573 1540 803 1616 εὐχερὴς
836 1543 870 1609 ἡ
907 1539 1129 1610 ζήτησίς
1160 1535 1298 1594 ἔστιν
1333 1539 1382 1593 ἂν
1412 1537 1532 1614 δίκῃ
1567 1542 1751 1615 ὅρκου.

431 1630 493 1687 El
524 1630 684 1685 τόκον
715 1651 794 1691 τις
831 1630 1162 1704 ὑπέρμετρον
1189 1626 1326 1692 ’ίσως
1357 1627 1718 1703 ὁμολογήσει.

429 1722 661 1776 Ηαύεται
691 1721 753 1773 τὸ
782 1719 1096 1794 παράνομον
1129 1716 1219 1771 καί
1251 1715 1394 1772 διδοῖ
1422 1718 1483 1771 τὸ
1512 1726 1813 1794 προσῆκον.

424 1809 591 1871 Τόκος
627 1809 702 1881 μὴ
736 1807 1157 1884 χρεωστημὲνος
1189 1806 1236 1860 εἶ’
1267 1807 1372 1879 πρὸ
1405 1811 1499 1861 τοῦ
1532 1807 1856 1885 κεφαλαίου,

427 1892 758 1970 Καταϐληθῇ
790 1902 868 1969 τῷ
899 1895 1146 1969 δανειστῇ
1177 1899 1272 1949 τοῦ
1302 1896 1600 1971 γεφαλαίου
1637 1895 1822 1971 μέρος,

427 1987 493 2045 Εἴ
521 1985 578 2041 δέ
607 2008 668 2062 γε
696 1981 1030 2040 καταϐάλλει
1063 2006 1147 2046 τις
1180 1983 1267 2038 ἐπὶ
1298 1989 1376 2056 τῷ
1407 1983 1692 2062 κεφαλαίῳ

425 2075 644 2137 Πάντως
668 2069 1126 2148 ἀναλαμϐάνεται,
1162 2070 1317 2143 δόξαν
1351 2069 1493 2128 οὕτω
1523 2078 1603 2145 τῷ
1639 2074 1813 2148 νόμῳ.

425 2165 491 2221 Ol
523 2165 656 2219 κατᾶ
692 2164 852 2238 μέρος
881 2163 1034 2218 τόκοι
1069 2160 1123 2216 δὲ
1155 2157 1432 2234 διδόμενοι
1461 2167 1558 2216 τοῖ’)
1590 2163 1811 2235 χρέους,

425 2253 619 2317 Καλῶς
641 2255 748 2328 οὔχ
780 2247 1163 2326 ὑπερϐαίνουσι
1183 2255 1279 2305 τοῦ
1313 2247 1512 2305 διπλοῦ
1542 2251 1865 2327 περαιτέρω.

425 2345 480 2397 Ὀ
517 2341 706 2416 μόρτις
734 2345 902 2396 καῦσα
933 2338 1136 2416 δωρεὰν
1169 2340 1304 2416 πρός
1328 2361 1447 2393 τινα
1475 2339 1876 2415 πεπραγμένος,

423 2431 672 2492 Ῥωσθείς
706 2425 1142 2503 ἀναλαμϐάνεται
1173 2431 1234 2482 τὸ
1268 2426 1420 2483 δοθὲν
1453 2428 1773 2505 παραυτίκα,

425 2522 571 2577 Μετᾶ
599 2524 840 2594 καρπῶν,
873 2518 962 2572 καὶ
992 2521 1250 2586 τοκετῶν,
1283 2517 1372 2571 καὶ
1401 2521 1507 2571 τῶν
1543 2516 1958 2589 ὶπηυξημένων.

423 2612 510 2673 Ὠς
543 2608 899 2684 κληρονόμοσ
928 2605 985 2661 δὲ
1008 2629 1089 2668 τις
1125 2605 1248 2668 δοὺς
1282 2607 1309 2660 ὁ
1346 2607 1419 2678 μὴ
1456 2605 1527 2658 ὢν
1551 2605 1924 2681 κληρονόμος.

423 2693 826 2771 Ἀναλαμϐάνει
855 2697 917 2752 τὺ
951 2694 1102 2760 δοθὶν
1139 2693 1360 2757 δικαίως
1392 2697 1728 2772 Στεφήφορε.

419 2789 481 2846 Ἡ
513 2788 668 2862 προὶξ
704 2786 831 2862 οὐχὶ
865 2783 1157 2858 δημεύεται
1201 2783 1429 2860 συζύγου
1471 2780 1852 2857 δημευθέντος.

420 2878 749 2952 Ἐπίτροπος
768 2875 857 2930 xui
889 2879 1214 2952 φροντιστῆς
1245 2870 1410 2951 ἄμφω
1431 2868 1850 2944 καταϐαλόντες,

421 2962 587 3024 Οὐδὲν
623 2961 1063 3038 ἀναλαμϐάνουσι
1089 2967 1194 3018 τῶν
1225 2957 1744 3035 καταϐεϐλημὲνων,

421 3061 521 3112 "Av
557 3055 584 3109 ὁ
614 3053 904 3130 χρεώστησ
933 3053 1125 3107 ἄτοκον
1157 3049 1288 3113 ἴσως
1318 3046 1422 3127 ἔχῃ
1454 3050 1516 3105 τὸ
1548 3050 1732 3126 χρέος.

1781 337 2200 400 MICHAELIS
2245 340 2487 424 PSELL

2107 471 2162 538 Α
2195 474 2558 546 Ιῐαρακρατεῖν
2593 473 2620 526 ὁ
2654 468 2935 540 δανειστὴς
2963 469 3024 526 ἐκ
3050 473 3161 526 τῶν
3192 473 3411 544 καρπῶν
3445 469 3654 547 ἰσχύει,

3763 340 3900 404 968

2201 560 2296 615 Καὶ
2328 565 2486 614 τοῦτο
2518 562 2737 633 πράττει
2769 565 3082 637 προχωρῶς
3116 561 3245 637 ἄχρι
3275 560 3514 634 νομίμου
3541 562 3728 616 τόκου)

2198 648 2262 704 Et
2294 647 2342 702 δ’
2365 648 2500 711 ’ίσως
2521 650 2583 705 τὸ
2615 648 2870 726 ἐνέχυρον
2900 649 3203 711 πολοῦντος
3236 647 3524 722 δημοσίου,

2200 735 2460 800 Καθεύδει
2490 743 2607 800 πῶς
2639 739 2666 792 ὁ
2699 736 3000 809 δανειστὴς,
3033 736 3303 793 ἀπόλλυσι
3335 738 3397 793 τὸ
3423 743 3674 815 πρᾶγμα.

2197 827 2259 882 Ὀ
2283 823 2567 895 δαδειστής
2599 827 2856 905 ἆνὲχυρον
2895 827 3112 901 μέλλων
3142 825 3279 892 ’ίσως
3306 828 3657 903 πιπράσκειν,

2201 915 2381 996 Δῆλον
2411 918 2472 971 τὸ
2512 917 2910 992 βουλευόμενον
2942 916 3166 972 ποιείτω
3195 921 3273 988 τῷ
3302 918 3572 993 χρεώστῃ.

2197 1006 2252 1057 Ὀ
2286 1007 2538 1082 πενθερὸς
2568 1006 2656 1060 καὶ
2689 1007 2920 1082 πενθερὰ
2949 1010 3028 1078 τῷ
3064 1006 3454 1078 μνηστεύσαντι
3484 1006 3661 1081 κόρην

2198 1091 2444 1158 Διδόντες
2475 1095 2535 1149 ού
2579 1091 2917 1168 λαμϐάνουσι
2949 1099 3045 1150 τοῦ
3077 1094 3260 1172 γάμοκ
3301 1093 3598 1168 λυομένου.

2194 1185 2298 1239 Τὸν
2333 1184 2506 1258 γάμον
2537 1186 2570 1252 ἡ
2602 1181 2837 1245 διάθεσις
2868 1181 3019 1238 τελεῖ
3044 1186 3077 1253 ἡ
3113 1178 3378 1256 ἀμοιϐαία

2195 1273 2518 1346 Προσθήκης
2549 1273 2649 1348 γάρ
2686 1273 2747 1328 ού
2782 1271 2954 1328 δέεται
2982 1273 3271 1345 προικώων
3304 1268 3696 1346 συμϐολαίων,

2194 1359 2255 1416 Εἰ
2289 1363 2363 1434 μὴ
2397 1361 2906 1436 πρωτοσπαθάριος,
2939 1361 2974 1431 ἤ
3007 1361 3171 1416 πλέον
3202 1383 3285 1423 τις
3315 1366 3597 1436 τυγγάνει.

2192 1447 2253 1504 El
2275 1446 2447 1524 γάμον
2478 1470 2560 1511 τις
2595 1449 2848 1522 άθὲμιτον
2885 1452 3100 1520 ποιήσει
3132 1451 3278 1524 παρὰ
3309 1450 3499 1522 νόμον,

2188 1538 2496 1592 ’Έκπτωσιν
2527 1538 2900 1606 κατακρίνεται
2930 1543 3038 1593 τῶν
3067 1537 3284 1593 οἷ’κείων
3317 1539 3687 1614 πραγμάτων,

2189 1625 2250 1680 El
2287 1628 2362 1699 μή
2397 1648 2500 1681 που
2529 1623 2714 1702 γέγονε
2742 1628 2921 1704 πατὴρ
2953 1628 3010 1682 ἐκ
3038 1627 3225 1702 γάμων
3260 1629 3386 1700 πρὶν
3415 1631 3709 1702 νομίμων.

2185 1713 2538 1785 Αὖτεξουσίου
2562 1720 2803 1791 γαμετῆς
2833 1721 2928 1771 τοῦ
2958 1718 3139 1791 γάμου
3172 1717 3470 1791 λυομένου,

2107 1836 2154 1901 Β
2189 1803 2358 1867 Εὐθὺς
2395 1805 2840 1874 ἀποκαθίσταται,
2873 1803 3018 1861 οὕτω
3050 1805 3242 1862 δοκοῦν
3276 1807 3391 1869 τοὶς
3421 1808 3622 1880 νόμοις
3660 1827 3673 1840 ’

2186 1891 2315 1949 Οὐδ’
2340 1892 2480 1948 ἔστιν
2515 1894 2830 1964 ύπεξούσιος
2858 1895 3023 1970 ταύτῃ
3055 1893 3105 1950 δ’
3138 1898 3171 1965 ἡ
3207 1897 3364 1971 προὶξ
3405 1897 3705 1971 πατρόθεν,

2187 1980 2361 2051 Αὐτῆς
2392 2003 2449 2037 τε
2479 1983 2568 2037 καὶ
2599 1988 2694 2038 τοῦ
2727 1984 2994 2062 φύσαντος
3023 1986 3180 2054 κοινὴ
3211 1985 3521 2040 καθίσταταί
3553 2007 3704 2047 πως.

2186 2069 2402 2125 Δίδοται
2426 2072 2583 2148 προῖξ
2612 2074 2682 2144 τῇ
2711 2072 2923 2148 γνναικὲ
2951 2075 3041 2128 καὶ
3074 2079 3405 2136 συνεστῶτος
3434 2075 3646 2149 γάμου,

2185 2159 2307 2216 Ἐπὶ
2337 2165 2415 2232 τῷ
2447 2159 2630 2216 δοτναι
2665 2159 2962 2225 δανεισταῖς
2993 2161 3029 2233 ἤ
3061 2163 3263 2239 ἀγροὺς
3294 2164 3583 2240 ἀγοράσαι,

2183 2250 2250 2305 Ἠ
2285 2249 2357 2311 ὥς
2384 2270 2442 2304 τε
2472 2252 2877 2324 προνοήσασθαι
2910 2249 3116 2306 παίδων
3146 2249 3328 2328 ἕτερου
3356 2251 3556 2327 γάμου.

2184 2337 2447 2412 Διαίρεσις
2479 2336 2537 2393 δὲ
2569 2338 2797 2417 πέφυκεν
2832 2340 2966 2412 αὕτη
3002 2339 3430 2414 δαπανημάτων,

2179 2428 2254 2481 Τὰ
2289 2427 2382 2500 μὲν
2416 2428 2490 2491 ὡς
2519 2428 2785 2503 ἀναγκαῖα
2813 2430 2936 2506 γὰρ,
2969 2431 3034 2484 τὰ
3061 2427 3117 2484 δὶ
3146 2431 3233 2485 καὶ
3270 2428 3358 2484 διὰ
3388 2428 3604 2505 κέρδος,

2179 2517 2259 2573 Τὰ
2299 2513 2355 2570 δὶ
2385 2517 2521 2592 πρὸς
2553 2518 2741 2592 τέρψιν
2773 2519 3001 2596 πὲφυκεν
3033 2516 3365 2589 ἕκδεδαπανη
3381 2519 3532 2592 μένα.

2177 2610 2290 2659 Τῶν
2354 2605 2651 2682 ἀναγκαίων
2710 2609 2940 2685 πέφυκεν
2999 2609 3026 2662 ὁ
3087 2608 3259 2682 μόλος
3314 2611 3425 2682 (17)
3483 2615 3585 2677 τῆς
3635 2608 3857 2663 Gali:-

3565 2704 3721 2767 [στῆς.

2179 2783 2413 2853 Ποιῆσαί
2436 2805 2493 2838 τε
2522 2786 2752 2863 νεόφυτα
2781 2782 3028 2860 ἅμπελόν
3059 2807 3116 2840 τε
3143 2789 3230 2842 καὶ
3261 2783 3477 2860 δένδρα,

2178 2874 2298 2931 Ἐπί
2324 2895 2382 2928 τε
2411 2873 2787 2949 χρησιμότητι
2818 2876 2984 2950 ἀγροῦ
3014 2877 3488 2950 σπερματυθήκας.

2176 2960 2437 3038 Διακερδᾷ
2464 2963 2556 3017 τὸν
2590 2962 2895 3038 πράττοντα
2929 2962 3184 3040 βελτίονα
3211 2965 3302 3020 τὸν
3335 2969 3556 3040 προῖκα,
3591 3004 3596 3008 -

2173 3053 2394 3110 Ὁποῖον
2417 3053 2479 3107 τὸ
2509 3053 2764 3130 νεόφυτον
2795 3050 2832 3123 ἤ
2863 3053 2925 3108 τὸ
2957 3054 3336 3130 ἀρτοκοπεῖον.

3427 3145 3586 3201 Vers.
3620 3146 3770 3201 1270

415 3355 848 3427 convenienter,
897 3370 1083 3426 usque
1131 3354 1203 3410 ad
1258 3352 1606 3409 sententiam
1649 3353 2056 3424 juramentum
2089 3359 2131 3427 ο
2168 3354 2418 3424 tharius,
2451 3355 2538 3412 vel
2566 3356 2886 3426 superioris
2917 3357 3226 3430 dignitatis
3257 3356 3353 3413 sit.
3378 3356 3436 3414 Si
3463 3357 3599 3429 quis
3621 3361 3838 3415 contra

411 3449 740 3503 revocetur.
773 3443 899 3503 Non
932 3442 1124 3500 facilis
1155 3447 1243 3498 est
1265 3442 1509 3514 quaestio
1539 3443 1611 3498 de
1635 3444 1976 3513 juramento
1998 3443 2058 3498 in

405 3535 594 3593 litem.
628 3534 688 3591 Si
719 3536 854 3607 quis
898 3534 1042 3589 forte
1071 3551 1281 3589 usuras
1331 3550 1508 3604 supra
1557 3534 1797 3588 modum
1831 3533 2055 3588 confes-

404 3642 509 3682 sus
556 3629 668 3692 est,
721 3630 914 3680 cessat
963 3623 1184 3678 exactio
1234 3623 1363 3693 ejus
1405 3622 1559 3693 quod
1593 3627 1681 3678 est
1727 3627 1933 3678 contra
1975 3622 2055 3678 le-

405 3731 558 3786 gem,
619 3715 772 3784 quod
831 3728 964 3767 vero
1017 3711 1345 3782 legitimum
1406 3715 1494 3766 est
1540 3709 1805 3767 solvitur.
1850 3715 2054 3766 Usuras

404 3803 674 3859 indebita:
731 3802 782 3858 si
842 3806 977 3857 ante
1036 3805 1255 3856 sortem
1315 3799 1521 3856 solutae
1578 3800 1699 3855 sint
1755 3800 2050 3868 creditori,

399 3897 628 3966 partem
678 3891 857 3948 sortis
909 3890 1124 3946 faciant
1180 3907 1192 3945 :
1245 3889 1295 3946 si
1344 3906 1477 3945 vero
1527 3889 1661 3960 quis
1705 3889 1876 3945 solvit
1922 3894 2054 3961 post

397 3987 639 4048 sortem,
700 3980 940 4036 omnino
989 3983 1234 4051 repetet,
1289 3980 1372 4034 sic
1419 3979 1610 4035 visum
1664 3979 1800 4051 legi.
1851 3979 2050 4036 Usuraa

395 4071 578 4126 debiti
612 4068 1008 4140 particulatim
1057 4067 1260 4122 solutae
1311 4067 1555 4138 duplum
1607 4074 1762 4123 recte
1810 4086 1922 4123 non
1951 4086 2050 4124 ex-

395 4159 628 4214 cedunt.
674 4156 875 4212 Mortis
921 4172 1100 4212 causa
1130 4154 1304 4210 alicui
1337 4157 1585 4221 donans,
1638 4158 2050 4213 convalescens

393 4247 602 4318 repetit
633 4245 787 4300 illico
838 4245 989 4316 quod
1040 4243 1217 4312 dedit,
1263 4261 1399 4298 cum
1447 4244 1755 4313 fructibus,
1791 4246 2048 4318 ﬂetibus,

393 4341 450 4391 et
509 4333 970 4392 accessionibus.
1032 4331 1139 4396 Qui
1201 4349 1314 4388 non
1374 4340 1460 4387 est
1507 4332 1715 4397 haeres,
1764 4338 2049 4404 tanquam

393 4422 578 4478 δωροῦ
637 4421 859 4492 aliquid
915 4421 1167 4487 solvens,
1230 4421 1440 4492 repetit
1488 4420 1769 4488 solutum,
1820 4440 1852 4477 o
1913 4422 2052 4494 imp,

392 4511 508 4566 Dos
540 4527 609 4565 ne
642 4509 995 4582 publicetur,
1052 4509 1247 4564 mariti
1285 4509 1450 4565 bonis
1497 4509 1833 4581 publicatis.
1867 4511 2049 4566 Tutor

391 4605 448 4654 et
496 4604 734 4654 curator
791 4599 1104 4666 solventes,
1170 4597 1316 4652 nihil
1377 4615 1444 4652 ex
1493 4598 1700 4654 solutis
1752 4603 2042 4670 repetunt.

387 4688 444 4741 Si
509 4687 741 4742 debitor
792 4686 918 4741 sine
979 4687 1180 4741 usuris
1236 4686 1499 4740 debitum
1561 4685 1792 4749 habeat,
1853 4690 2044 4757 potest

385 4776 640 4831 creditor
695 4791 765 4830 ex
841 4775 1134 4830 fructibus
1205 4776 1470 4842 retinere,
1525 4777 1583 4828 et
1661 4773 1807 4829 illud
1869 4775 2042 4831 faciet

387 4865 695 4921 commode
729 4879 914 4935 usque
947 4865 1020 4918 ad
1051 4863 1351 4935 legitimas
1374 4880 1604 4918 usuras.
1628 4863 1686 4918 Si
1710 4879 1841 4918 cum
1867 4863 2042 4920 fiscus

387 4955 604 5026 pignus
635 4952 930 5020 distrahit,
958 4954 1211 5008 creditor
1231 4952 1383 5020 silet,
1417 4969 1536 5007 rem
1571 4951 1813 5007 remisit.
1840 4952 2040 5008 Credi-

385 5046 477 5098 tor
490 5043 688 5098 volens
703 5043 917 5114 pignus
933 5041 1660 5111 distrahere,manifestam
1679 5041 1849 5094 faciat
1867 5057 2037 5096 suam

383 5130 743 5187 voluntatem
778 5130 1050 5186 debitori.
1102 5131 1272 5185 Socer
1299 5134 1357 5184 et
1387 5145 1486 5184 soc
1526 5146 1594 5184 us
1625 5145 1840 5200 sponso
1872 5129 2036 5200 puel-

382 5217 449 5273 lis
501 5219 726 5291 aliquid
779 5220 1006 5285 dantes,
1060 5218 1251 5273 soluto
1303 5217 1675 5272 matrimonio
1721 5233 1834 5273 non
1869 5233 2034 5289 repe-

387 5312 534 5363 tunt.
589 5308 793 5364 Mutua
838 5308 1066 5364 aﬂectio
1112 5307 1344 5378 nuptias
1394 5307 1620 5379 perficit
1667 5307 1794 5362 sine
1837 5322 2031 5363 acces-

383 5397 548 5455 sione
606 5397 892 5455 dotalium
945 5397 1501 5464 instrumentorum,
1553 5396 1666 5453 nisi
1727 5400 2031 5470 protoepa-

453 5650 566 5728 (ιτ)
599 5644 844 5714 Μώλως.

2169 3444 2355 3517 legem
2415 3445 2667 3502 nefarias
2727 3449 2965 3518 nuptias
3023 3446 3397 3512 contraxerit,
3449 3447 3834 3519 propriarum

2167 3550 2360 3588 rerum
2387 3534 2681 3605 jacturam
2730 3535 3007 3606 patiatur,
3040 3536 3152 3590 nisi
3203 3553 3271 3591 ex
3304 3536 3594 3607 prioribus
3622 3535 3832 3607 legiti-

2167 3623 2281 3677 mis
2307 3623 2530 3694 nuptiis
2561 3623 2725 3696 pater
2758 3624 2945 3680 factus
2997 3624 3093 3680 sit.
3129 3624 3390 3681 Mulieris
3437 3625 3830 3696 emancipato

2165 3711 2356 3766 soluto
2399 3713 2772 3768 matrimonio
2823 3714 2929 3770 dos
2962 3719 3113 3770 recte
3164 3715 3529 3780 restituatur,
3578 3715 3659 3770 sic
3695 3713 3828 3786 pla-

2164 3805 2252 3856 cet
2281 3801 2437 3855 enim
2486 3801 2712 3873 legibus
2749 3820 2762 3858 :
2797 3803 2845 3857 si
2897 3820 3028 3859 vero
3060 3802 3163 3859 illa
3209 3804 3265 3858 in
3300 3807 3580 3876 potestate
3629 3804 3735 3874 sit,
3771 3808 3828 3859 et

2163 3890 2267 3945 dos
2299 3907 2331 3944 a
2363 3894 2524 3962 patre
2576 3892 2831 3962 profecta
2881 3893 3074 3961 fuerit,
3110 3893 3444 3948 communis
3493 3897 3584 3948 est
3631 3892 3826 3964 patris

2161 3985 2217 4034 et
2245 3979 2372 4034 ﬁliae
2404 3981 2690 4050 repetitio.
2714 3981 2896 4036 Datur
2923 3983 3027 4037 dos
3053 3981 3279 4037 mulieri
3305 3982 3480 4037 etiam
3505 3986 3825 4038 constante

2164 4068 2562 4139 matrimonio,
2627 4075 2691 4125 ut
2758 4072 2855 4126 det
2928 4071 3336 4139 creditoribus,
3397 4087 3566 4144 agros
3632 4076 3823 4142 emat,

2160 4156 2248 4212 vel
2283 4162 2345 4212 ut
2377 4157 2577 4214 liberis
2604 4176 2670 4214 ex
2704 4159 2817 4214 alio
2868 4159 3248 4217 matrimonio
3275 4160 3619 4232 prospiciat.
3653 4159 3822 4216 Divi-

2161 4250 2246 4303 sio
2279 4243 2680 4319 impensarum
2709 4249 2840 4319 ;haze
2871 4254 2981 4317 est,
3029 4252 3296 4320 quaedam
3333 4255 3396 4305 ut
3446 4251 3822 4316 necessaria,

2161 4337 2426 4407 quaidam
2461 4342 2696 4409 propter
2725 4336 2978 4410 lucrum,
3013 4339 3138 4394 aliae
3185 4343 3422 4410 propter
3446 4337 3820 4395 voluntatem

2159 4423 2472 4495 insumpta:
2522 4430 2663 4481 sunt
2695 4444 2707 4482 :
2744 4427 3106 4497 necessarias,
3143 4426 3326 4484 moles
3376 4427 3434 4482 in
3488 4444 3650 4482 mare
3682 4445 3820 4500 pro-

2149 4513 2327 4583 jecta,
2364 4513 2617 4570 inserere
2649 4533 2827 4571 novas
2858 4518 3005 4572 vites
3053 4521 3112 4572 et
3137 4516 3395 4579 arbores,
3425 4521 3481 4572 et
3531 4517 3602 4571 ad
3639 4533 3819 4574 usum

2158 4602 2283 4669 agri
2333 4602 2714 4658 seminarium
2768 4605 2995 4661 facere:
3033 4605 3205 4660 utiles
3262 4605 3563 4661 meliorem
3611 4607 3815 4661 dotem

2157 4690 2401 4754 faciunt,
2429 4692 2632 4761 quales
2664 4697 2804 4747 sunt
2849 4692 3131 4748 novelleta
3178 4696 3233 4748 et
3281 4692 3602 4764 pistrinum
3639 4711 3652 4748 :
3685 4711 3816 4765 qua

2156 4778 2348 4834 dotem
2383 4779 2617 4850 quidem
2665 4799 2779 4836 non
2828 4783 3123 4848 minuunt,
3176 4787 3364 4838 tamen
3420 4788 3815 4854 repetuntur;

2153 4865 2306 4922 idem
2367 4868 2520 4923 circa
2579 4869 3002 4941 voluptuarias.
3057 4871 3236 4927 Nemo
3297 4876 3498 4927 contra
3564 4890 3809 4928 uxorem

2149 4954 2284 5008 furti
2322 4957 2607 5012 actionem
2639 4965 2884 5028 moveat,
2937 4961 3032 5014 sed
3070 4977 3263 5015 rerum
3296 4967 3654 5016 amotarum.
3690 4964 3812 5016 Ma-

2147 5043 2294 5098 ritus
2325 5045 2670 5101 aestimatam
2707 5050 2896 5104 dotem
2953 5049 3266 5120 accipiens,
3304 5066 3394 5105 res
3425 5051 3659 5107 dotales
3691 5069 3809 5108 non

2145 5131 2374 5187 videtur
2399 5134 2681 5204 accipere,
2716 5137 2815 5190 sed
2872 5135 3064 5191 solum
3111 5137 3266 5207 capit
3299 5155 3494 5193 rerum
3546 5140 3810 5195 aestima-

2142 5220 2382 5288 tionem,
2417 5238 2595 5292 quam
2647 5229 2881 5295 praestat
2925 5223 3118 5281 soluto
3170 5226 3570 5282 matrimonio.
3622 5228 3813 5285 Mater

2147 5308 2299 5377 ﬁliae,
2334 5315 2398 5364 ut
2424 5308 2652 5382 legibus
2685 5311 2925 5384 placuit,
2978 5329 3094 5370 non
3147 5315 3606 5386 cogitur'dotem
3640 5317 3806 5374 dare.

2140 5397 2349 5453 Mulier
2378 5404 2569 5472 potest
2599 5399 2774 5456 etiam
2821 5403 3014 5460 adhuc
3063 5409 3368 5461 constante
3403 5405 3806 5479 matrimonio,
