4010 6360
167 296 289 357 969

160 431 230 486 Ἀ
256 431 458 502 προῖκα
488 427 553 483 ού
588 430 799 500 μειοῦσι
835 429 933 501 μὶν
965 428 1093 485 ἀλΑ⁹
1123 426 1278 503 ὅμως
1308 430 1687 503 ἀπαιτοῦνται,

162 518 292 592 Περί
324 516 393 573 τὰ
423 513 789 590 δαπανήματα
816 516 882 571 τὰ
912 516 1098 593 τίρψιν
1143 517 1501 591 ἐμποιοῦντα.

160 604 380 676 Μηδεὶς
409 608 545 661 κατὰ
571 612 674 676 τῆς
701 607 956 681 γυναικὸς
984 604 1206 677 κλοπῆς
1236 608 1458 663 κινείτω
1490 605 1669 679 δίκην,

160 696 222 751 Ἀ
234 696 481 771 φαίρεσιν
512 695 729 751 κινείτω
759 693 819 751 δὶ
844 700 953 751 τῶν
983 694 1301 752 κλαπέντων
1325 696 1687 773 πραγμάτων.

157 789 375 858 Προῖκα
403 778 596 840 λαϐὼν
626 785 654 839 ὁ
686 784 915 861 σύζυγος
946 782 1233 859 διατετιμη
1247 784 1437 859 μᾶνην,

158 872 313 949 Οὐχὶ
344 874 413 929 τὰ
434 872 727 950 πράγματα
761 871 913 930 δοκεῖ
942 869 1240 947 Λαμϐάνειν
1263 876 1330 930 τὰ
1360 872 1633 948 προικῷα,

156 962 353 1032 Μόνην
383 960 441 1018 δὲ
464 960 777 1036 διατίμησιν
810 963 884 1018 ὧν
916 958 1079 1019 ἔλαϐε
1107 963 1465 1041 πραγμάτων,

158 1055 260 1107 Ὧν
294 1052 395 1121 τήν
425 1053 594 1126 τιμὴν
627 1050 1002 1127 εἰσπράττεται
1034 1057 1133 1108 τοῦ
1161 1055 1342 1130 γᾶμου
1384 1051 1680 1125 λυομένου.

156 1143 231 1197 Ἠ
266 1142 453 1216 μήτηρ
488 1141 619 1215 ὑπὲρ
654 1142 943 1218 θυγατρὸς,
975 1142 1051 1196 ὡς
1080 1139 1228 1212 ἔδοξε
1254 1148 1372 1204 τοῖς
1402 1141 1617 1214 νόμοις,

156 1231 243 1289 Οὕ
274 1251 432 1309 φασιν
456 1229 814 1306 ἀναγκάζεται
845 1236 1050 1307 προῖκα
1080 1228 1404 1288 ἐπιδιδόναι.

158 1320 310 1388 Γυνή
338 1323 446 1373 τῶν
476 1319 667 1394 γάμων
711 1317 930 1375 δύναται
962 1314 1039 1375 ἔτι
1082 1320 1501 1393 συνισταμένων,

155 1407 454 1466 Βλὲπουσά
479 1428 601 1471 πως
627 1409 719 1463 τὸν
753 1407 981 1485 σύζυγον
1010 1407 1217 1485 ἄπορον
1248 1409 1528 1484 πεφυκότα

153 1498 254 1559 Ὠς
288 1497 621 1568 ὶνυπόθηκον
651 1502 868 1572 κρατεῖν
883 1498 985 1568 τὴν
1018 1497 1225 1554 ἐκείνου
1257 1498 1465 1567 οὐσίαν,

154 1584 246 1641 Οὔ
277 1586 462 1659 μόνως
496 1586 630 1660 ὁπὶρ
657 1592 762 1655 τῆς
789 1586 1039 1660 προικὸς,
1066 1585 1213 1643 ἀλλὰ
1243 1587 1333 1642 καὶ
1363 1586 1737 1663 ἑξωπροίκων,

152 1675 325 1751 Ὑπὶρ
354 1674 741 1751 προγαμιαίων
772 1696 830 1730 τε
856 1673 1078 1731 δικαίων
1112 1673 1262 1749 δωρη
1275 1675 1479 1749 μάτων.

154 1762 307 1839 Οὐχὶ
338 1763 635 1825 συναίνεσις
663 1765 890 1839 πατρὸς,
923 1762 1069 1820 ἀλλὰ
1095 1764 1337 1839 νόμιμος
1366 1764 1582 1839 πρᾶξις,

152 1858 275 1922 Τῆς
309 1852 764 1923 ὑπεξουσιότητος
795 1852 1077 1928 δλευθεροῖ
1101 1854 1196 1909 τὸν
1226 1851 1396 1909 παῖδα
1415 1874 1428 1888 ·

156 1940 229 1996 Εἰ
263 1938 322 1997 δί
343 1961 428 2003 τις
457 1937 603 2017 ἔχων
644 1941 904 2019 φυσικοὺς
936 1940 1133 2005 παῖδάς
1164 1958 1224 1998 τι
1260 1941 1350 1997 καὶ
1380 1941 1674 2015 νομίμους,

158 2029 273 2087 Καὶ
302 2033 403 2095 τῆς
435 2034 542 2085 τῶν
577 2035 816 2108 φυσικῶν
848 2031 980 2085 υἱῶν
1012 2029 1088 2086 ἔτι
1126 2030 1305 2101 ζώσης
1333 2030 1588 2105 μητέρος,

155 2120 296 2181 Τοῖς
330 2124 578 2196 φυσικοῖς
607 2117 773 2189 αὐτῆς
802 2121 953 2174 παισὶ
985 2121 1121 2196 πρὸς
1155 2116 1214 2175 δὲ
1242 2120 1332 2174 καὶ
1458 2120 1714 2194 τεκούσῃ,

160 2207 246 2265 Οὔ
278 2202 499 2261 δύναται
528 2204 851 2263 καταλιπεῖν
878 2207 1044 2263 πλέον
1082 2215 1209 2281 μιᾶς
1242 2207 1482 2283 ούγγίας,

163 2293 393 2351 Μαίδων
426 2292 469 2350 δ’
491 2297 590 2350 οὐκ
618 2292 789 2351 ὄντων
823 2301 1088 2375 φυσικῶν,
1119 2300 1155 2367 ἡ
1187 2302 1512 2353 συνοικοῦσα
1544 2299 1747 2372 μόνως,

158 2385 378 2460 Ἐχέτω
405 2384 737 2461 ἡμιούγγιον
768 2391 879 2442 τῶν
911 2386 1115 2443 ἐκείνου
1144 2389 1505 2463 πραγμάτων,

158 2471 283 2531 Eia’
315 2470 439 2529 οὔτε
465 2472 660 2536 παῖδας
690 2470 812 2550 ἔχοι
841 2496 926 2538 τις
954 2475 1209 2550 ἱννόμους
1239 2478 1274 2548 ἢ
1308 2478 1520 2552 γονέας,

159 2560 381 2618 Διδότω
408 2569 514 2618 πᾶν
555 2562 605 2618 si
637 2562 894 2640 βούλεται
921 2563 984 2619 τό
1021 2566 1215 2640 μέτρον
1248 2572 1350 2635 τῆς
1378 2565 1588 2633 οὐσίας,

155 2658 294 2715 Τοῖς
336 2656 584 2730 φυσικοῖς
603 2652 768 2708 αὐτοῦ
797 2653 1003 2726 παισὶν,
1037 2652 1219 2717 οὐδεὶς
1250 2655 1351 2731 γὰρ
1383 2656 1411 2710 ὁ
1436 2654 1691 2710 κωλύων.

156 2740 234 2797 Εἰ
262 2738 311 2796 δ’
338 2740 696 2812 ἀποθνήσκων
732 2737 855 2818 ἔχοι
884 2764 970 2806 τις
1003 2745 1153 2805 τινὰς
1177 2748 1285 2798 τῶν
1314 2743 1606 2814 αὐτόντων,

159 2826 377 2885 Διδότω
400 2830 495 2884 τὸν
521 2830 759 2903 νόμιμον
794 2831 957 2895 οὗτος
985 2831 1170 2894 αὐτοῖς
1205 2829 1417 2905 μερίδα,

153 2920 235 2973 Τὸ
268 2917 327 2973 δὲ
356 2917 548 2974 λοιπὸν
579 2925 696 2982 τοῖς
728 2925 979 2985 φυσικοῖς
1007 2921 1191 2975 παισὶν
1214 2920 1635 2996 ἆποκληρούτω.

158 3006 473 3082 Εὖνοῦχος,
507 3005 723 3063 σπάδων
753 3006 973 3065 δύναται
1000 3011 1258 3075 υἱοθετεῖν
1290 3011 1379 3065 καὶ
1417 3010 1621 3083 μόνως,

154 3100 341 3154 Τοῦτο
370 3098 472 3173 γὰρ
501 3096 873 3172 ἀπηγόρευται
899 3096 1222 3176 καστράτοις
1261 3101 1351 3155 καὶ
1382 3094 1645 3172 Θλιόίαις,

1524 296 1900 362 SYNOPSIS
1947 299 2238 362 LEGUM.

3467 305 3588 364 970

1852 436 1902 501 Α
1935 431 1995 486 Ὁ
2024 428 2124 504 γάρ
2154 450 2237 483 τοι
2270 427 2485 484 σπάδων
2520 426 2736 485 δύναται
2768 428 3167 502 παιδοποιῆσαι
3204 434 3370 509 τάχα.

1934 514 2008 576 Ei’
2029 540 2112 582 τις
2140 520 2375 589 ποιήσας
2403 518 2665 595 πρότερον
2696 519 2939 593 ἐννόμως
2972 518 3263 593 διαθήκην,

1934 608 2189 682 Δευτέραν
2223 604 2401 678 ἄλλην
2432 606 2706 683 γράψειεν,
2738 611 2773 679 ἡ
2806 610 2998 685 πρώτη
3032 611 3107 683 μή
3152 610 3444 687 ῥηγνύσθω

1933 695 1999 751 Εἴ
2033 698 2106 769 μή
2142 718 2204 771 γε
2232 701 2447 771 πρῶτον
2471 698 2693 771 κυρωθῇ
2724 697 2974 771 νομίμως
3004 701 3038 768 ἡ
3072 696 3311 776 δευτέρα.

1932 784 2010 843 Οὐ
2041 782 2331 849 διατίθεται
2366 783 2500 840 ἐτῶν
2530 785 2708 854 ¹ἥττων
2744 784 3170 863 δεκατεσσάρων.

1931 875 1993 931 Ὁ
2026 874 2102 947 μὴ
2131 870 2314 936 διδοὺς
2341 878 2463 935 τοῖς
2499 872 2729 947 μάρτυσι
2770 873 3009 950 πάροδον
3047 879 3367 954 μαρτυρίας,

1930 961 2239 1039 Ὑφίσταται
2267 963 2365 1032 τὴν
2400 961 2666 1018 ἔκπτωσιν
2694 968 2790 1017 τοῖ
2822 963 3034 1038 κλήρου
3061 968 3380 1039 παραυτίκα.

1929 1052 2004 1107 Τὰ
2031 1053 2563 1128 παραχαραττόμενα
2658 1050 3144 1127 ἀπαληλειμμὲνα,

1931 1142 1995 1195 Ei
2024 1141 2120 1214 μὲν
2150 1142 2265 1195 κατ’
2298 1138 2501 1211 εἶ’δησίν
2531 1140 2634 1195 sic:
2666 1145 2762 1195 τοῦ
2795 1139 3188 1216 διατιθεμᾶνου,

1931 1232 2141 1305 ’Ἁκυρα
2171 1231 2388 1292 πάντως
2417 1230 2675 1304 πέφυκεν,
2712 1229 2757 1284 εί
2791 1228 2835 1285 δ’
2878 1230 2961 1303 οὓ,
2995 1231 3251 1308 ἐρῥώσθω
3283 1235 3474 1291 πάντα.

1934 1320 2190 1392 Αἱρετική
2222 1339 2305 1380 τις
2336 1314 2578 1380 ἔνστασις
2613 1316 2667 1372 εἷ’
2689 1340 2772 1380 τις
2804 1320 2949 1375 οὕτω
2982 1321 3293 1399 συγγράφει,

1935 1407 2058 1462 Ἐὰν
2085 1407 2250 1469 αὐτὸς
2281 1409 2617 1477 πεντήκοντα
2647 1407 2781 1462 ἐτῶν
2814 1405 3132 1479 ἀποϐιώσω,

1933 1497 1994 1553 Ὀ
2024 1497 2342 1573 Νικηφόρος
2371 1490 2508 1551 ἔστω
2543 1518 2647 1569 μου
2674 1501 2772 1552 τοῖ’)
2805 1497 2930 1574 βίου
2959 1498 3335 1574 κληρονόμος.

1930 1586 1990 1639 Τί
2015 1585 2126 1640 ἐστι
2157 1582 2543 1663 φιδεκόμισσον
2574 1584 2664 1640 ἐάν
2693 1607 2777 1648 τις
2809 1587 2953 1642 οὕτω
2987 1585 3139 1663 εἷ’πῃ,

1928 1677 2431 1745 Ἀποκατάστησον,
2466 1675 2566 1744 υἱὲ,
2598 1680 2679 1748 τῷ
2708 1673 2842 1731 δεῖνι
2871 1674 2998 1732 τόδε
3026 1683 3272 1754 πρᾶγμα,

1853 1804 1900 1869 Β
1931 1764 2009 1821 Τὸ
2043 1760 2100 1818 δὲ
2129 1784 2189 1838 γε
2220 1758 2609 1841 φιδεκόμισσον
2637 1765 2701 1819 τὸ
2729 1767 2851 1829 καθ’
2880 1762 3061 1838 ὀμάδα
3097 1770 3282 1835 τοῦτο,

1932 1858 2111 1907 Πᾶσαν
2143 1852 2585 1923 ἀποκατάστησον
2616 1854 2712 1922 τήν
2746 1852 2883 1927 ἰμήν
2916 1853 3095 1927 τούτῳ
3124 1862 3334 1925 κτῆσιν.

1934 1943 2022 1997 Ἐν
2054 1940 2289 2016 διαθήκη
2323 1942 2600 2016 ἄχρηστον
2643 1940 2822 2004 οὐδεὶς
2851 1943 3226 2019 κληρονομίαν

1932 2033 2020 2088 Ἐν
2052 2029 2414 2092 κωδικὲλλοις
2452 2026 2684 2105 βεϐαιοῖ,
2719 2029 2874 2104 δόξαν
2912 2032 3052 2087 οὕτω
3077 2038 3156 2105 τῷ
3185 2034 3365 2106 νόμῳ.

1931 2121 2043 2193 Πρὸ
2074 2118 2132 2175 δὶ
2163 2118 2546 2182 διατυπώσεως
2576 2119 2911 2176 κωδίκελλοι
2951 2123 3264 2199 γραφέντες,

1931 2209 2078 2264 Μετὰ
2105 2210 2204 2278 τὴν
2238 2206 2568 2264 διατύπωσιν
2602 2208 2651 2264 εἴ
2685 2210 2760 2283 μή
2799 2204 3192 2285 βεϐαιωθῶσιν,

1931 2296 2098 2357 Ούδέν
2132 2297 2275 2359 όλως
2308 2298 2589 2373 ἰσχύουσιν
2625 2297 2805 2374 ὥσπερ
2839 2300 3191 2374 ἠθετημὲνοι.

1927 2388 2593 2464 Ἐπίτροποςέέπιτροπῆς
2622 2380 2927 2459 παυθείσης
2956 2386 3103 2444 διδοῖ
3128 2389 3348 2460 τόκους,

1930 2477 2141 2553 Μέχρις
2171 2476 2231 2532 ἂν
2263 2475 2659 2552 ἰλλογιστεύθη
2691 2479 2760 2533 τὰ
2787 2481 2889 2547 τῆς
2921 2478 3275 2554 ἇπιτροπίας.

1932 2566 2259 2638 Ἐπίτροπος
2290 2566 2623 2639 ὠνούμενος,
2646 2569 2931 2639 προσώπῳ
2968 2570 3301 2643 παρενθὲτῳ,

1930 2654 2045 2713 Οὐκ
2073 2652 2188 2730 ἔχει
2218 2655 2317 2724 τήν
2353 2653 2610 2725 ἐξώνησιν
2641 2661 2760 2717 τοῖς
2788 2655 2986 2729 νόμοις
3033 2655 3373 2733 ἐρῥὼμίνην.

1929 2744 1996 2800 bi
2027 2745 2122 2817 μὶν
2160 2746 2293 2817 μετὰ
2316 2745 2678 2818 προκάταρξιν
2708 2752 2808 2815 τῆς
2835 2747 2971 2800 κατὰ
3001 2743 3270 2817 διαθήκης

1929 2834 2207 2907 Μὲμψεως
2238 2835 2273 2902 ἠ
2312 2830 2561 2896 διάλυσις
2589 2829 2829 2910 προϐαίη
2862 2834 2998 2889 κατὰ
3024 2835 3255 2907 νόμους,

1929 2925 2065 2997 Ἔχε
2091 2923 2191 2991 τὴν
2227 2919 2556 2977 διατύπωσιν
2590 2921 2815 2985 τελείως
2847 2922 3189 2999 ἐρῥωμένην.

1928 3014 1989 3066 'U
2018 3012 2167 3085 παρά
2197 3012 2452 3087 γυναικός
2482 3031 2630 3074 τινος
2658 3012 2926 3076 υἱοθεσίαν
2960 3009 3131 3086 ἔχων,

1930 3098 2131 3157 Κθ”’
2241 3097 2479 3155 ’⁸διθ
2718 3107 2742 3118 "
2843 3100 2953 3156 ἰ
3086 3101 3111 3141 ν’

1979 3122 2011 3155 α
2092 3122 2164 3155 ων
2195 3122 2332 3170 αυτη
2403 3124 2416 3154 ι
2485 3119 2571 3156 ετο
2601 3122 2768 3157 κινειν
2802 3123 2901 3157 ουκ
2956 3104 3187 3178 ξισχδει,

3168 3193 3335 3250 Vere.
3362 3192 3386 3249 4
3397 3194 3504 3250 332

150 3388 207 3444 si
245 3386 517 3443 maritum
546 3387 778 3462 inopem
814 3391 937 3445 fleri
968 3390 1182 3458 videat,
1219 3390 1381 3447 illius
1421 3391 1813 3447 substantiam
1846 3402 1889 3469 ο
1927 3392 2126 3447 omnia
2155 3390 2407 3447 valeant.
2435 3391 2738 3447 Institutio
2769 3393 3184 3450 conditionalis
3221 3398 3330 3463 est,
3364 3394 3413 3451 si
3446 3394 3583 3467 quis

144 3481 440 3546 tanquam
516 3492 584 3531 ex
612 3477 939 3549 bypotheca
998 3479 1111 3533 sibi
1168 3480 1404 3548 habere,
1466 3497 1579 3536 non
1623 3479 1816 3536 solum
1927 3482 2006 3536 ita
2037 3480 2277 3539 scribit:
2314 3480 2360 3536 si
2394 3480 2520 3551 ipse
2553 3496 2843 3535 annorum
2876 3481 3314 3554 quinquaginta
3344 3482 3583 3551 moriar,

151 3580 266 3638 pro
315 3564 472 3631 dote,
518 3566 620 3620 sed
673 3567 847 3622 etiam
897 3584 999 3640 pro
1047 3568 1435 3641 paraphernis
1482 3574 1540 3624 et
1576 3569 1818 3641 juribus
1927 3570 2291 3641 Nicephorus
2371 3568 2514 3623 mihi
2572 3568 2755 3625 bzeres
2813 3575 2962 3625 esto.
3033 3571 3586 3628 Fideicommissum

150 3653 547 3708 donationum
597 3656 1115 3727 antenuptialium.
1163 3662 1287 3713 Non
1341 3658 1523 3728 patris
1567 3674 1816 3713 consen-

153 3758 289 3808 sus,
340 3743 439 3798 sed
493 3748 662 3798 actus
707 3742 1027 3816 legitimus,
1079 3748 1288 3802 liberat
1338 3747 1523 3802 ﬁlium
1557 3763 1590 3801 a
1629 3747 1819 3818 patria

154 3834 474 3903 potestate.
522 3830 578 3884 Si
630 3835 765 3903 quis
814 3835 1110 3890 naturales
1158 3834 1395 3907 liberos,
1427 3840 1482 3889 et
1526 3834 1819 3907 legitimos

157 3919 402 3989 habeat,
425 3924 483 3975 et
507 3921 862 3976 naturalium
890 3922 1209 3979 liberorum
1237 3930 1424 3980 mater
1438 3924 1819 3990 adhucvivat,

154 4008 277 4080 ipsi
313 4009 486 4064 matri
516 4013 574 4065 et
607 4011 735 4080 ejus
780 4013 1148 4068 naturalibus
1190 4013 1416 4082 liberis,
1466 4031 1581 4069 non
1630 4018 1823 4085 potest

157 4097 502 4166 relinquere
549 4098 704 4154 ultra
753 4117 928 4156 unam
961 4102 1196 4157 unciam
1225 4119 1239 4157 :
1268 4102 1317 4156 si
1350 4120 1482 4158 vero
1522 4119 1636 4157 non
1669 4102 1822 4157 exsi-

153 4191 328 4241 stant
373 4187 673 4244 naturales
724 4188 913 4255 liberi,
964 4192 1063 4246 sed
1114 4192 1304 4246 solum
1339 4192 1688 4262 concubina,
1722 4190 1823 4246 illa

153 4287 364 4327 rerum
418 4272 548 4343 ejus
604 4274 910 4330 dimidiam
969 4278 1202 4332 unciam
1259 4277 1512 4333 habeto:
1582 4277 1631 4333 si
1684 4292 1820 4331 vero

156 4376 359 4433 neque
404 4360 700 4433 legitimos
750 4363 986 4436 liberos,
1039 4382 1229 4438 neque
1273 4371 1546 4437 parentes
1584 4366 1820 4434 habeat,

155 4465 401 4506 omnem
431 4450 855 4520 substantiam,
890 4455 940 4509 si
967 4453 1121 4521 velit,
1148 4454 1287 4510 ﬁliis
1308 4454 1679 4511 naturalibus
1698 4454 1819 4525 det,

154 4553 344 4593 nemo
400 4540 556 4594 enim
608 4541 917 4610 prohibet:
964 4543 1014 4598 si
1063 4560 1197 4599 vero
1248 4544 1533 4599 decedens
1592 4543 1822 4615 aliquos

156 4627 614 4683 ascendentium
663 4628 896 4699 habeat,
941 4633 1041 4688 det
1068 4631 1190 4688 illis
1223 4632 1541 4704 legitimam
1576 4636 1821 4703 partem,

156 4716 461 4787 reliquum
512 4734 646 4773 vero
697 4719 1072 4777 naturalibus
1117 4719 1323 4777 liberis
1355 4720 1667 4791 relinquat.
1712 4722 1822 4776 Eu-

156 4772 403 4861 nuchus
450 4810 509 4861 et
555 4772 989 4876 spado'solui—n
1006 4772 1321 4882 adopta—re
1356 4772 1820 4881 ῥ’όὲξιῖιῖἶξίιῖἆά
1859 4772 1899 4836 D

154 4896 325 4949 enim
375 4896 650 4951 caetratis
697 4901 754 4951 et
803 4897 1029 4953 tblibiis
1063 4897 1429 4969 prohibetur,
1472 4914 1605 4954 nam
1638 4898 1820 4968 spado

161 4986 367 5054 potest
416 4983 564 5038 forte
614 4983 832 5042 liberos
884 5002 1186 5059 generare.
1248 4987 1308 5043 Si
1369 4988 1505 5059 quis
1563 4986 1824 5059 legitime

158 5070 337 5144 prius
369 5075 790 5129 testamentum
830 5074 1180 5145 condiderit,
1214 5081 1271 5131 et
1300 5075 1460 5131 aliud
1494 5076 1821 5131 secundum

159 5158 498 5229 scripserit,
531 5161 693 5230 prius
723 5178 795 5218 ne
822 5169 1154 5236 rumpatur,
1187 5164 1301 5219 nisi
1333 5170 1467 5220 ante
1497 5165 1822 5219 secundum

150 5251 301 5321 jure
350 5251 534 5304 robur
580 5250 861 5308 obtineat.
918 5253 1113 5308 Minor
1160 5252 1610 5324 quatuordecim
1651 5252 1826 5307 annis

158 5336 375 5392 testari
423 5353 539 5392 non
589 5345 803 5411 potest.
856 5341 981 5398 Non
1042 5342 1190 5397 dans
1238 5341 1492 5397 testibus
1548 5342 1826 5396 Viaticum

158 5425 516 5491 testimonii,
582 5426 739 5485 illico
786 5431 1088 5501 jacturam
1142 5430 1498 5486 hereditatis
1548 5430 1824 5486 sustinet.

156 5517 307 5581 Quae
353 5514 692 5585 cancellata,
722 5519 808 5574 vel
841 5519 1031 5575 deleta
1060 5523 1224 5589 sunt,
1258 5519 1308 5575 si
1338 5518 1578 5591 quidem
1608 5519 1831 5575 sciente

159 5608 476 5675 testatore,
557 5608 799 5664 omnino
875 5607 1043 5664 irrita
1119 5607 1276 5664 sint:
1340 5609 1390 5664 si
1450 5624 1584 5665 vero
1661 5622 1832 5664 secus

504 5735 764 5794 PATROL.
811 5737 922 5795 Gn.
970 5734 1207 5797 CXXII.

1927 3666 2037 3725 est,
2097 3658 2145 3714 si
2205 3658 2340 3730 quis
2389 3657 2470 3711 ita
2528 3657 2695 3721 dixit,
2753 3674 2875 3713 rem
2932 3657 3058 3726 tali,
3117 3658 3218 3724 lili,
3268 3659 3586 3715 restituito.

1928 3745 2265 3802 Universale
2294 3762 2428 3801 vero
2462 3745 2597 3800 fidei
2630 3746 3016 3801 commissum
3043 3750 3129 3800 est
3153 3746 3321 3813 illud,
3348 3763 3587 3803 omnem

1932 3853 2120 3893 meam
2153 3835 2549 3890 substantiam
2583 3833 2665 3887 illi
2698 3834 3011 3890 restituito.
3047 3835 3338 3891 Inutiliter
3385 3835 3587 3891 datam

1926 3927 2277 3980 testamento
2311 3922 2733 3986 haereditatem,
2794 3939 2965 3978 nemo
3026 3923 3316 3979 codicillis
3372 3923 3587 3979 conﬁr-

1932 4019 2071 4075 mat,
2122 4015 2206 4067 sic
2259 4011 2480 4082 placuit
2513 4010 2647 4082 legi.
2701 4010 2965 4066 Codicilli
2998 4013 3204 4083 scripti
3238 4018 3373 4067 ante
3402 4018 3585 4068 testa-

1930 4106 2219 4167 mentum,
2291 4099 2402 4153 nisi
2465 4102 2666 4170 postea
2725 4103 3080 4155 testamento
3139 4101 3585 4172 conﬁrmentur,

1930 4190 2161 4261 penitus
2196 4204 2308 4243 non
2344 4186 2554 4258 valent,
2591 4203 2656 4242 ac
2690 4187 2737 4243 si
2774 4188 2974 4260 scripti
3010 4205 3121 4244 non
3154 4193 3373 4246 essent.
3401 4190 3587 4245 Tutor

1931 4279 2096 4333 finita
2142 4277 2324 4332 tutela
2373 4277 2474 4331 dat
2526 4293 2761 4344 usuras,
2815 4293 2932 4347 quo
2968 4294 3154 4348 usque
3180 4277 3377 4334 tutelae
3404 4278 3585 4334 ratio-

1930 4385 2034 4424 nes
2082 4367 2420 4422 reddiderit.
2471 4366 2657 4420 Tutor
2702 4381 2905 4422 emsns
2937 4382 3056 4421 rem
3104 4366 3453 4439 pupillarem
3487 4384 3590 4439 per

1930 4456 2337 4528 interpositam
2390 4470 2701 4526 personam
2735 4471 2852 4509 non
2897 4455 3073 4510 habet
3120 4456 3478 4528 emptionem
3507 4455 3591 4513 le-

1930 4546 2103 4617 gibus
2152 4544 2507 4598 roboratam.
2569 4541 2724 4596 Licet
2770 4545 2902 4612 post
2948 4541 3067 4598 litis
3098 4544 3590 4599 contestationem

1932 4634 2243 4690 transactio
2274 4648 2451 4701 super
2483 4630 2729 4698 quaerela
2763 4631 2835 4684 de
2856 4630 3183 4687 inofficioso
3209 4632 3360 4687 facta
3384 4649 3590 4688 secun-

1931 4724 2072 4777 dum
2122 4720 2281 4791 leges
2315 4719 2590 4789 procedat
2620 4723 3045 4772 testamentum
3079 4725 3275 4774 tamen
3334 4722 3583 4791 perfecte

1932 4811 2142 4866 valeat.
2172 4811 2217 4863 A
2247 4806 2494 4861 muliere
2525 4806 2840 4876 adoptatus
2872 4811 3076 4861 contra
3107 4808 3235 4876 ejus
3265 4811 3591 4863 testamen-

1931 4905 2057 4953 tum
2090 4894 2404 4968 quaerelam
2436 4910 2668 4949 movere
2699 4910 2811 4948 non
2848 4899 3060 4965 potest.
3086 4895 3274 4950 Tutor
3298 4896 3587 4951 bonorum

1934 4984 2369 5058 possessionem
2403 4985 2595 5054 potest
2626 4987 2843 5052 petere,
2893 4981 3055 5037 nullo
3106 4984 3278 5038 modo
3323 5001 3456 5039 vero
3486 5001 3581 5039 re-

1934 5075 2194 5148 pudiare.
2228 5072 2462 5127 Primus
2493 5071 2711 5141 gradus
2744 5086 2857 5125 non
2890 5077 2980 5126 est
3009 5072 3240 5141 generis
3289 5088 3355 5126 ex
3385 5071 3587 5143 latere,

1933 5164 2097 5219 solus
2145 5162 2301 5217 enim
2351 5159 2451 5214 ille
2499 5166 2587 5214 est
2617 5174 2818 5214 eorum
2850 5160 2951 5230 qui
2982 5176 3181 5230 supra,
3215 5164 3272 5214 et
3303 5160 3403 5231 qui
3438 5161 3591 5218 inl‘ra

1935 5258 2111 5308 sunt:
2164 5266 2346 5322 supra
2393 5248 2629 5319 quidem
2687 5252 2983 5321 parentes,
3033 5248 3185 5302 infra
3226 5246 3431 5305 liberi:
3466 5267 3592 5306 am-

1936 5343 2146 5397 borum
2193 5339 2376 5411 patris
2436 5342 2495 5392 et
2542 5334 2645 5390 ﬁlii
2696 5336 2915 5405 primus
2967 5341 3057 5391 est
3105 5337 3364 5408 gradus:
3422 5338 3592 5396 liberi

1938 5432 2329 5501 praeferuntur
2394 5426 2457 5480 in
2507 5425 2930 5480 successione:
2993 5428 3263 5495 parentes
3320 5443 3454 5483 vero
3486 5446 3594 5500 po-

1937 5520 2117 5574 tiores
2166 5520 2306 5571 sunt
2354 5514 2474 5568 illis
2522 5512 2621 5584 qui
2673 5528 2742 5567 ex
2791 5512 2967 5568 latere
3015 5513 3283 5580 veniunt,
3337 5516 3592 5587 exceptis

1940 5606 2225 5663 fratribus
2302 5602 2671 5673 fratrumque
2752 5600 2923 5656 ﬁliis:
2983 5600 3067 5657 illi
3128 5602 3343 5672 quibus
3400 5608 3594 5677 partes

3198 5731 3268 5791 31
