4088 6350
469 294 581 355 971

473 423 657 479 Αίτεῖν
694 422 789 496 μὶν
822 420 1156 498 διακατοχήν
1187 418 1482 495 ἐπίτροπος
1513 418 1715 494 ἰσχύει,

472 515 735 567 ’Υποῦσαν
769 513 1135 587 παραιτεῖσθαι
1170 507 1227 562 δὲ
1256 511 1319 563 ού
1352 506 1570 562 δύναται
1603 507 1700 563 κᾶν
1742 509 1906 570 ὅλως.

475 606 699 671 Πρῶτος
734 601 938 676 βαθμὸς
969 598 1033 652 οὐ
1064 599 1267 674 πέφυκε
1295 602 1393 652 τοῦ
1423 597 1482 652 ἐκ
1507 597 1746 672 πλαγίοτ
1773 597 1979 672 γένους,

471 691 656 751 Μόνος
687 690 789 764 γὰρ
823 689 978 748 οὗτος
1011 687 1213 764 πέφυκε
1243 691 1351 740 τῶν
1387 688 1517 753 ἅνω,
1551 688 1639 740 καὶ
1668 692 1776 740 τῶν
1804 686 1972 750 κάτω,

471 781 594 836 Τῶν
626 775 736 832 ἄνω
781 777 873 849 μὲν
911 777 962 830 οἱ
995 777 1276 853 φύσαντες,
1313 777 1363 829 οἱ
1396 776 1587 850 φύντες
1616 773 1674 830 δὲ
1700 780 1806 829 τῶν
1836 775 2002 838 κάτω,

473 869 710 944 Ἀμφοῖν
756 862 832 919 δὲ
889 863 1075 920 τὲκνου
1131 865 1219 919 καὶ
1274 865 1478 939 πατρὸς
1536 861 1690 924 ὄντος
1763 865 1972 938 βαθμοῦ
2030 866 2124 917 τοῦ

1786 954 2050 1027 [πρώτου,

470 1045 538 1102 Οἱ
571 1040 760 1106 παῖδες
785 1042 1213 1118 προτετίμηνται
1245 1041 1321 1103 εἷς
1352 1043 1450 1110 τὴν
1483 1041 1880 1116 κληρονομίαν,

471 1135 537 1190 0".
572 1129 628 1188 δὲ
655 1137 831 1208 γονεῖς
859 1131 1195 1206 τυγχάνουσι
1226 1135 1434 1206 πρῶτοι
1467 1131 1574 1184 τῶν
1608 1129 1926 1205 ἐκπλαγίου,

469 1219 854 1295 Ἐξηρημένων
887 1218 1136 1296 ἀδελφῶν
1169 1221 1255 1272 καὶ
1301 1224 1406 1272 τῶν
1443 1216 1881 1296 ἀδελφοπαίδων,

474 1309 566 1373 Οἷς
600 1308 741 1382 μέλη
774 1308 1151 1384 περισσεύουσι
1183 1305 1371 1370 παῖδες
1405 1307 1534 1362 εἶ’σὶν
1568 1308 1810 1370 ετκότως.

472 1397 765 1476 Κεφαλικῷ
796 1401 828 1467 ἡ
865 1396 1056 1472 ἔγκυος
1088 1394 1615 1472 ἐγκαταδικασθεῖσα.

468 1487 794 1561 Ἐλεύθερον
830 1487 943 1542 υἱὸν
975 1491 1153 1560 γεννᾷ,
1188 1482 1342 1556 δόξαν
1379 1484 1521 1540 οὕτω
1554 1492 1668 1546 τοῖς
1699 1485 1909 1557 νόμοις,

475 1577 633 1631 Θείου
666 1575 878 1631 δικαίου
908 1575 1136 1652 πέφυκεν
1170 1571 1284 1628 ἔνια
1311 1579 1417 1629 τῶν
1451 1575 1812 1648 πραγμάτων,

464 1665 557 1726 Ὠς
587 1666 726 1741 ἱερὰ,
759 1665 849 1719 καὶ
885 1666 1156 1736 μνήματα,
1189 1663 1276 1717 καὶ
1305 1664 1522 1738 πόρται,
1555 1665 1641 1718 καὶ
1673 1663 1873 1738 τειχία,

466 1751 652 1810 ’Ἄλλα
683 1751 739 1808 δέ
769 1754 899 1808 εἰσιν
935 1754 1267 1828 ἀνθρώπινα,
1303 1752 1334 1805 ἃ
1365 1750 1431 1821 δὴ
1463 1752 1551 1807 καὶ
1583 1753 1794 1825 τὲμνων
1835 1750 2013 1821 καλεῖ,

467 1843 543 1896 Τὰ
577 1843 669 1914 μὲν
701 1844 774 1906 ὡς
807 1840 1076 1914 ἰδιωτικὰ,
1108 1843 1175 1896 τὰ
1207 1839 1263 1896 δὶ
1295 1839 1536 1913 δημόσιά
1564 1863 1705 1910 πως,

471 1936 644 1986 Ταῦτα
707 1933 799 2005 μὲν
858 1938 960 2000 τῆς
1016 1932 1451 2002 κοινωνήματος,
1484 1931 1550 1984 τὰ
1606 1934 1797 2003 πρῶτα
1850 1933 1956 1984 τῶν
2007 1930 2123 1983 καθ’

1917 2014 2048 2087 [ἕνα.

474 2109 568 2172 Εἷς
598 2107 806 2180 πόρνην
833 2106 979 2170 δόσις
1010 2105 1241 2179 ἄσεμνος
1275 2102 1508 2182 ἔρρωται
1537 2105 1672 2160 κατὰ
1701 2106 1926 2178 νόμους,

473 2200 588 2267 Τὴν
623 2195 667 2252 δ’
695 2196 1010 2272 ἒῤῥωμὲνην
1047 2194 1277 2268 δωρεὰν,
1311 2191 1424 2248 οὐδ’
1458 2194 1804 2267 αὐτοκράτωρ
1837 2195 2014 2253 παύει.

475 2286 651 2340 Πάντα
686 2285 778 2358 μὶν
813 2285 1214 2364 χρησιμώτατα
1243 2283 1310 2338 τὰ
1341 2283 1568 2345 Λεόντος
1604 2279 1812 2358 βιϐλία.

475 2373 882 2448 Πολύχρηστον
918 2371 975 2428 δὲ
1005 2371 1206 2449 πέφυκε
1229 2373 1435 2426 τούτων
1466 2373 1528 2426 τὸ
1558 2371 1892 2443 τελευταῖον,

473 2466 580 2530 Τῆς
610 2461 914 2536 συγγενείας
948 2462 998 2516 οἱ
1030 2462 1227 2536 βαθμοὶ
1265 2465 1563 2536 σταυρικῶς
1597 2463 1988 2536 γεγραμμένοι,

475 2556 497 2572 ν
721 2551 733 2568 \
823 2551 833 2570 1
974 2548 1018 2568 ’δ’
1253 2548 1276 2566 κ
1363 2549 1374 2570 Ι
1505 2547 1546 2569 ’κ’

499 2553 623 2606 Ανω
650 2571 737 2604 και
772 2571 939 2621 κατω,
969 2569 1219 2616 οεσποτα,
1249 2562 1466 2625 Οιχοθεν
1501 2563 1528 2603 ο
1580 2550 1637 2605 ἐκ
1668 2549 1932 2624 πλαγίου,

474 2636 800 2709 Δηλώσουσί
858 2659 940 2693 σοι
999 2637 1127 2700 τοὺς
1186 2639 1448 2712 βαθμοὺς,
1503 2638 1628 2699 τοὺς
1684 2638 1954 2714 πρώτους,
1997 2638 2126 2700 τοὺς

1747 2727 2052 2802 [ἐσχάτους,

476 2815 584 2872 Κᾶν
662 2814 834 2880 οὕτως
901 2818 1013 2889 (47)
1087 2815 1461 2894 παραγράφεις
1535 2815 1751 2878 τούτοις
1829 2815 1974 2887 ἄναξ,
2033 2816 2123 2871 τὸν

1819 2907 2053 2980 [στίχον,

470 2993 822 3052 Εὖσύνοπτον
862 2996 1078 3064 ποιήσει
1111 3014 1194 3048 σοι
1219 2995 1317 3062 τὴν
1349 2998 1547 3067 γνῶσιν
1583 2995 1690 3048 τῶν
1718 2995 2051 3070 γραφέντων.

468 3084 620 3138 Μάθε
650 3082 739 3137 καὶ
762 3085 855 3138 τὸν
891 3083 1222 3155 ζητούμενον
1257 3085 1496 3158 σήμερον
1529 3081 1692 3137 πλέον
1728 3083 1916 3154 νόμον.

469 3174 565 3229 Ὀν
599 3174 626 3227 ὁ
655 3167 961 3248 πρεσϐύτης
989 3173 1265 3245 Ῥωμανὸς
1299 3172 1574 3246 εἰσήνεγκε
1607 3177 1687 3243 τῷ
1723 3171 1845 3245 βίῳ,

470 3261 660 3323 Οὕτως
693 3262 783 3315 καὶ
814 3261 916 3335 γὰρ
953 3260 1195 3315 ἐκώλυσε
1225 3260 1320 3323 τὰς
1349 3261 1570 3334 πράσεις
1601 3265 1719 3322 τοῖς
1751 3262 2056 3334 χωρήταις,

465 3531 767 3587 abundant
815 3534 966 3586 recte
1017 3529 1120 3584 lilii
1171 3533 1330 3584 sunt.
1385 3528 1696 3598 Praegnans
1732 3527 1938 3583 ultimo
1971 3545 2112 3598 sup-

465 3617 640 3692 plicio
691 3618 990 3684 damnata,
1042 3616 1294 3670 liberum
1350 3613 1535 3669 filium
1572 3615 1746 3686 parit,
1778 3614 1858 3668 ita
1899 3613 2115 3685 placuit

463 3707 713 3781 legibus.
761 3704 1066 3762 Nonnullae
1120 3721 1210 3760 res
1261 3703 1441 3758 divini
1483 3703 1639 3773 juris
1679 3708 1837 3770 sunt,
1873 3708 1936 3758 ut
1964 3707 2112 3758 tem-

465 3795 581 3868 pla,
613 3798 1018 3863 monumenta,
1053 3799 1253 3865 portae,
1289 3792 1465 3846 muri.
1490 3791 1628 3846 Aliae
1653 3795 1793 3846 sunt
1820 3791 2109 3859 humanae,

463 3902 586 3955 qua
635 3884 716 3939 ita
771 3883 1154 3937 dividuntur:
1215 3883 1480 3952 quaedam
1544 3881 1799 3952 privatae,
1843 3881 2111 3952 quaadam

462 3972 729 4046 publica.
764 3971 857 4026 Ha:
887 3983 1026 4026 sunt
1056 3967 1473 4034 universitatis,
1508 3969 1706 4040 primae
1735 3985 1866 4024 vero
1902 3969 2107 4024 unius-

461 4063 770 4133 cujusque.
824 4058 1106 4115 Meretrici
1160 4058 1312 4112 facta
1370 4057 1680 4113 inhonesta
1729 4059 1967 4114 donatio
2018 4075 2107 4113 se-

456 4151 718 4206 cundum
773 4149 930 4221 leges
990 4147 1157 4202 valet.
1219 4147 1604 4202 Donationem
1665 4152 1818 4202 recte
1893 4148 2106 4202 factam

458 4256 647 4311 neque
705 4239 1026 4310 imperator
1080 4235 1384 4291 rescindit.
1435 4237 1597 4291 Certe
1647 4252 1850 4291 omnes
1904 4236 2105 4292 Leonis

1621 291 1722 349 AD
1768 288 1985 349 MICH.
2031 287 2303 348 PSELLI
2349 287 2734 347 SYNOPSIN

2148 425 2200 488 Α
2229 419 2330 478 Τὰς
2360 419 2498 492 πρὸς
2532 416 2740 493 μεγάλα
2765 415 3032 489 πρόσωπα
3067 415 3128 470 τὸ
3159 421 3377 488 πρῶτον
3409 416 3721 490 γινομένας,

3758 291 3888 348 972

2234 505 2462 569 Τούτοις
2489 506 2587 580 γὰρ
2621 505 2929 580 ἀπετείχισε
2963 504 3127 580 μέχρὶ
3149 505 3236 560 καὶ
3270 509 3375 558 τῶν
3409 503 3674 581 ἐσχάτων,

2235 596 2563 668 Χιιλρητικήν
2598 595 2916 670 ἀγροικικήν
2953 593 3100 654 ὅλως
3132 596 3429 663 κτήσασθαι
3460 602 3669 664 κτῆσιν,

2233 690 2294 738 Ἣ
2329 685 2550 759 ἀγοραῖς
2649 681 2877 756 δωρεαῖς
2908 683 2941 751 ἦ
2976 684 3064 736 καὶ
3096 680 3506 754 κληροδοσίαις.

2235 773 2587 848 ,Αντιστροφὴ
2617 772 2705 826 καὶ
2735 772 2836 845 γὰρ
2868 771 3052 832 αὐτοῖς
3086 770 3380 847 ἀνάργυρος
3405 771 3630 848 ἐτάχθη.

2235 865 2337 918 Καὶ
2373 868 2490 924 τοῖς
2515 860 2775 926 πωλῆσαι
2810 858 3073 932 μέλλουσι
3105 865 3214 914 τῶν
3247 866 3499 936 χωριτῶν
3529 863 3684 917 ἐνίων

2233 952 2338 1019 Τὴν
2373 958 2562 1020 κτῆσιν
2595 952 2695 1018 τὴν
2729 950 2982 1019 ἀκίνητον
3011 951 3072 1017 ἢν
3107 945 3270 1023 ἔσχον
3301 951 3353 1004 ἓν
3381 951 3630 1026 χωρίοις,

2235 1039 2475 1096 Δέδωκεν
2509 1039 2585 1101 εἶς
2618 1039 2875 1109 ἐξώνησιν
2907 1037 3041 1099 τοὺς
3068 1039 3634 1114 συμπαρακειμένους,

2233 1133 2326 1184 Ὧν
2353 1134 2568 1202 πρῶτον
2605 1129 2699 1200 μὲν
2730 1129 2780 1181 o't
2811 1127 3058 1200 κείμενοι
3089 1132 3196 1182 τῶν
3231 1130 3496 1204 συγγενῶν
3518 1127 3781 1201 πλησίον,

2234 1221 2368 1276 Μεθ’
2402 1217 2492 1279 οὓς
2525 1219 2575 1272 οἱ
2611 1218 2771 1290 μόνον
2802 1217 2995 1290 ἀναμὶξ
3024 1216 3242 1278 τούτοις
3275 1213 3559 1290 συμϐεϐλη
3573 1221 3744 1292 μένοι,

2237 1308 2331 1360 Καὶ
2368 1307 2480 1378 μετ’
2515 1304 2708 1367 αὐτοὺς
2741 1303 3030 1378 ὁμοτελεῖς
3061 1308 3644 1380 συμπαρατεθειμὲνοι,

2235 1397 2368 1452 Μεθ’
2401 1395 2492 1457 οὓς
2525 1396 2576 1448 οἱ
2612 1395 2761 1470 μὲρει
2795 1395 3076 1449 συναπτοί⁶
3106 1395 3256 1448 οὗτοι
3289 1395 3395 1469 γὰρ
3424 1395 3781 1466 τελεόταίων,

2233 1483 2576 1557 Τυγχάνουσι
2611 1479 2656 1535 δ’
2688 1483 2972 1553 ὁμοτελεῖς
3004 1482 3078 1543 ὡς
3108 1479 3269 1557 ἤρεσε
3293 1488 3412 1545 τοῖς
3441 1484 3652 1556 νόμοις,

2234 1573 2405 1644 Ὁμοῦ
2437 1571 2628 1632 πάντες
2663 1572 2713 1624 οἱ
2747 1578 2846 1638 τῆς
2879 1571 3048 1636 αὐτῆς
3085 1571 3358 1646 ὑποταγῆς
3388 1572 3670 1647 τυχύντες,

2237 1661 2343 1716 Κᾶν
2379 1659 2652 1737 διαφόρων
2686 1654 2856 1733 ἔχωσι
2888 1657 3198 1732 τελέσματα
3224 1661 3452 1715 τοπίων,

2235 1750 2293 1806 Ὀ
2327 1746 2382 1802 δὲ
2411 1754 2923 1823 πορφυρογέννητος
2955 1747 3242 1812 Βασίλειος
3273 1747 3560 1819 δεσπότης,

2231 1843 2354 1898 Τοῖς
2384 1835 2631 1900 δυτατοῖς
2661 1833 2948 1890 ἀπέκλεισε
2979 1842 3149 1891 πᾶσαν
3183 1835 3344 1912 ἰσχὺν
3377 1843 3471 1892 τοῦ
3496 1838 3718 1914 χρόνου,

2235 1923 2337 1982 Κᾶν
2373 1923 2545 1986 εἶίποις
2573 1926 2991 2000 τεσσαράκοντα,
3025 1924 3118 1979 κᾶν
3154 1925 3324 1987 εἷ’ποις
3355 1925 3436 1987 δὶς
3464 1928 3781 2000 τοσούτους,

2235 2016 2460 2069 ’Δπεῖπε
2492 2012 2548 2068 δί
2574 2020 2692 2078 τοῖς
2722 2012 2970 2076 δυνατοῖς
3000 2016 3166 2086 τιμὰς
3197 2011 3621 2088 ἀναλαμϐάνειν,

2234 2106 2326 2158 Ὧν
2361 2102 2487 2166 ἴσως
2519 2105 2827 2178 ἡγοράκασι
2858 2102 2917 2157 ἐκ
2946 2108 3203 2179 χωριτῶν
3236 2105 3464 2176 τοπίων,

2231 2195 2328 2246 Τὸν
2364 2193 2531 2264 νόμον
2558 2191 2605 2247 δ’
2635 2191 2952 2246 ἀντανὲλυσε
2971 2196 3160 2246 τοῦτον
3194 2193 3300 2248 ἀπὸ
3329 2198 3426 2248 τοῦ
3458 2196 3700 2267 πάππου,

2234 2284 2340 2351 Τήν
2370 2289 2540 2337 πᾶσαν
2572 2277 2718 2356 ἔχειν
2759 2279 2986 2355 δύναμιν
3025 2287 3130 2336 τῶν
3167 2280 3632 2359 διηγορευμὲνων.

2237 2371 2299 2428 Εἰ
2332 2370 2388 2425 δὲ
2417 2391 2554 2432 τινες
2587 2375 2692 2424 τῶν
2724 2375 2981 2446 χωριτῶν
3012 2369 3269 2445 εύκτήρια
3298 2369 3578 2434 τελοῦντας

2239 2459 2478 2530 Κλήσεις
2513 2459 2856 2530 ἐπιτεθήκασι
2889 2461 3104 2521 τούτοις
3141 2462 3544 2535 μοναστηρίων,

2238 2548 2518 2603 Κὲντεῦθεν
2551 2548 2977 2624 ἐκπροφάσιστον
3007 2550 3185 2622 ὁρμὴν
3219 2549 3598 2626 ἐφευρηκότες,

2235 2642 2349 2690 Τῶν
2381 2636 2691 2692 ἐπισκόπων
2719 2635 2850 2690 ἔνιοι
2885 2637 3147 2713 ἐκράτησε
3175 2639 3266 2692 τὸν
3295 2639 3482 2708 τόπον,

2237 2726 2531 2799 Ἐναίρεσιν
2565 2729 2598 2795 ἡ
2634 2726 2792 2793 νεαρὰ
2829 2726 3034 2781 τούτων
3068 2727 3280 2781 πάντων
3313 2734 3570 2799 ποιεῖται,

2238 2816 2336 2870 Καὶ
2368 2813 2532 2869 πάλιν
2567 2812 2867 2869 ἀποδίδωσι
2891 2803 2993 2877 ’τὰς
3022 2818 3240 2886 κτήσεις
3267 2822 3383 2879 τοῖς
3417 2819 3702 2893 χωρίταις.

2236 2901 2308 2960 Εἶ’
2333 2902 2380 2958 δ’
2412 2903 2542 2966 ἷ¹σως
2579 2903 2960 2974 ἐπηυξήθησαν
2993 2905 3046 2958 αἱ
3078 2908 3292 2975 κτήσεις
3326 2907 3378 2959 αἱ
3409 2913 3677 2978 τοιαῦται,

2238 2992 2448 3047 Πολλοί
2483 3014 2540 3047 τε
2570 2993 2917 3068 ἀπεκάρησαν
2946 2995 3054 3048 τῶν
3087 2997 3595 3068 πεπληστιακότων,

2237 3080 2508 3144 Ἐπίδοσίς
2537 3105 2620 3143 τις
2650 3081 2839 3158 γέγονε
2867 3085 3076 3138 τούτων
3109 3088 3215 3138 τῶν
3249 3085 3566 3160 εὐκτηρίων,

2159 3174 2199 3238 C
2240 3171 2408 3225 Ὀκτὼ
2438 3172 2528 3225 καὶ
2563 3169 2690 3225 δέκα
2723 3176 2978 3246 μοκθαχῶν
3011 3171 3226 3235 τούτοις
3269 3175 3668 3249 ἆποκαρὲντων,

2241 3261 2454 3314 Τούτων
2493 3259 2643 3314 οὐδὲν
2677 3261 2917 3337 ἀνῄρητο
2949 3259 3132 3324 καλῶς
3165 3263 3521 3335 ὁνομοϐἐτης.

3483 3356 3638 3411 Vers.
3676 3357 3821 3411 1394

2223 3528 2445 3582 statuit.
2482 3529 2644 3592 Quod
2681 3528 2725 3583 si
2758 3529 2975 3585 vellent
3007 3529 3244 3600 quidam
3283 3531 3485 3586 rustici
3521 3532 3895 3590 immobilem

2223 3616 2557 3687 predialem
2579 3617 3010 3687 possessionem
3034 3619 3301 3687 vendere,
3320 3620 3900 3691 circumadjacentes

2222 3707 2292 3759 ad
2355 3706 2714 3777 emptionem
2769 3707 3024 3762 vocavit:
3085 3708 3344 3778 primum
3406 3709 3640 3781 quidem
3698 3713 3906 3783 positi

2222 3799 2382 3861 sunt,
2417 3795 2665 3865 cognati,
2699 3796 2909 3851 deinde
2945 3797 3044 3868 qui
3080 3797 3412 3868 promiscue
3436 3815 3569 3855 cum
3596 3799 3711 3856 illis
3737 3818 3901 3872 pos-

2221 3885 2516 3940 sessiones
2566 3885 2760 3953 habet,
2811 3890 2868 3941 et
2918 3890 3050 3958 post
3096 3885 3228 3942 illos
3277 3887 3377 3959 qui
3421 3889 3620 3943 eadem
3656 3891 3900 3949 tributa

2220 3975 2540 4044 pendentes
2573 3973 2972 4046 circumpositi
3004 3981 3164 4039 sunt,
3194 3977 3432 4032 tandem
3456 3981 3556 4048 qui
3587 3995 3686 4049 pro
3710 3987 3899 4051 parte.

2218 4062 2390 4117 vicini
2424 4068 2583 4133 sunt,
2616 4063 2697 4116 illi
2739 4063 2895 4118 enim
2933 4064 3149 4119 ultimi.
3183 4064 3476 4121 Vocantur
3505 4083 3635 4123 vero
3675 4068 3898 4138 ὁμοτεο

2219 4147 2354 4221 λεῖς,
2391 4156 2452 4206 ut
2485 4151 2713 4223 legibus
2765 4151 3004 4223 placuit,
3033 4153 3130 4224 qui
3164 4153 3344 4209 simul
3376 4155 3640 4225 ejusdem
3672 4157 3900 4230 subje-

2219 4241 2430 4296 ctionis
2481 4246 2645 4308 sunt,
2677 4239 2812 4296 licet
2842 4258 2945 4312 pro
2981 4240 3227 4298 diversis
3259 4241 3405 4299 locis
3434 4249 3493 4300 et
3537 4244 3730 4300 fundis
3772 4251 3896 4304 tri-

457 4329 587 4384 libri
640 4327 894 4382 multum
950 4325 1123 4380 utiles
1173 4330 1329 4393 sunt,
1378 4325 1621 4380 ultimus
1663 4343 1794 4380 vero
1856 4326 2106 4381 maxime
2137 4311 2181 4374 D
2213 4328 2358 4384 buta
2404 4329 2682 4401 pendant.
2738 4334 2811 4383 At
2844 4311 3144 4386 idominus
3194 4331 3444 4387 Basilius
3478 4333 3536 4388 in
3573 4334 3886 4409 Porphyra

455 4417 656 4473 utilis:
706 4433 842 4471 nam
875 4417 934 4470 in
969 4432 1034 4470 co
1062 4415 1594 4487 consanguinitatis
1625 4416 1844 4485 gradus
1887 4415 1945 4469 in
1981 4432 2107 4470 mo-

451 4507 586 4562 dum
646 4505 838 4560 crucis
895 4503 1173 4576 descripti
1247 4509 1423 4559 sunt:
1482 4521 1682 4575 supra,
1734 4509 1790 4558 et
1840 4505 2009 4558 intra.
2061 4503 2103 4558 Ο

453 4594 710 4660 domine,
735 4594 1036 4666 bipartito,
1076 4599 1132 4648 et
1153 4610 1220 4648 ex
1259 4593 1455 4659 latere,
1482 4592 2101 4647 demonstrabunttibi

454 4684 671 4756 gradus
704 4682 924 4756 primos
953 4688 1008 4738 et
1045 4681 1305 4752 ultimos,
1341 4698 1487 4752 quos
1521 4680 1568 4734 si
1600 4679 1750 4750 quis,
1780 4697 1810 4736 ο
1858 4697 1975 4748 rex,
2010 4681 2102 4735 his

448 4772 718 4830 versibus
793 4771 1194 4843 adscripserit,
1275 4770 1628 4840 scriptorum
1707 4769 1971 4824 notitiam
2041 4769 2100 4824 in

447 4862 844 4935 pulcherrimo
876 4859 1222 4931 compendio
1259 4859 1359 4913 tibi
1394 4859 1573 4912 dabit.
1611 4857 1778 4914 Disce
1820 4859 2014 4924 hodie,
2047 4864 2103 4914 et

447 4952 583 5007 audi
633 4954 1097 5023 perscrutantem
1153 4947 1334 5017 legem
1372 4965 1543 5018 quam
1579 4948 1776 5004 senior
1808 4949 2100 5005 Romanus

440 5041 640 5096 vivens
687 5039 989 5111 exposuit:
1045 5037 1139 5091 Sic
1198 5035 1356 5091 enim
1413 5035 1675 5090 cohibuit
1733 5037 2098 5092 venditiones

442 5147 476 5184 a
522 5127 762 5184 rusticis
808 5127 972 5198 prius
1021 5125 1289 5197 personis
1340 5123 1671 5180 illustribus
1723 5127 1945 5181 factas:
1982 5125 2099 5181 illis

441 5235 630 5290 usque
665 5217 734 5272 ad
768 5217 1042 5271 ultimum
1078 5212 1401 5286 prohibuit,
1436 5213 1654 5284 Praedia
1685 5218 1740 5268 et
1783 5231 1974 5286 agros,
2009 5226 2096 5280 vel

434 5307 756 5378 emptione,
791 5305 876 5360 vel
909 5304 1229 5373 dotatione,
1262 5302 1345 5358 vel
1373 5304 1744 5360 successione
1769 5306 2092 5376 acquirere,

441 5400 499 5452 et
522 5395 953 5452 restitutionem
976 5393 1155 5450 etiam
1184 5409 1300 5450 non
1328 5398 1632 5449 numerato
1656 5394 1840 5466 pretio
1863 5394 2096 5452 villanis

518 5597 724 5670 (l7);Ei
753 5619 858 5659 τις.

2217 4423 2414 4485 natus,
2464 4418 2890 4490 potentioribus
2944 4435 3117 4474 omne
3169 4421 3448 4493 temporis
3498 4422 3676 4478 robur
3722 4440 3892 4495 pra:-

2215 4505 2414 4573 clusit,
2467 4507 2581 4560 sive
2633 4523 2818 4561 annos
2870 4508 3261 4580 quadraginta
3321 4510 3503 4581 dicas,
3563 4511 3681 4567 sive
3738 4513 3892 4572 illos

2214 4595 2519 4666 duplices:
2555 4601 2611 4651 et
2643 4596 2946 4668 prohibuit
2977 4597 3410 4668 potentioribus
3446 4602 3706 4672 recipere
3735 4620 3891 4673 pre-

2213 4683 2292 4738 tia
2323 4701 2597 4755 agrorum
2632 4701 2780 4756 quos
2813 4684 3097 4741 avillanis
3121 4693 3390 4743 emerunt
3418 4705 3430 4744 :
3454 4689 3614 4746 illam
3642 4707 3776 4746 vero
3805 4693 3890 4749 le-

2212 4789 2340 4844 gem
2376 4791 2407 4828 a
2439 4790 2650 4845 proavo
2686 4775 2956 4842 retexuit,
2984 4775 3310 4831 edictorum
3336 4794 3570 4834 omnem
3596 4780 3884 4839 virtutem

2213 4863 2566 4919 habituram.
2602 4863 2660 4918 Si
2694 4864 2933 4935 quidam
2970 4864 3172 4919 rustici
3209 4867 3461 4923 oratoria
3486 4869 3876 4940 aediﬁcantes,

2211 4952 2330 5006 illis
2353 4953 2588 5008 nomina
2612 4953 3107 5008 monasteriorum
3133 4953 3566 5027 imposuerunt,
3591 4959 3876 5019 etdeinde

2211 5041 2446 5113 quidam
2499 5041 2757 5113 episcopi
2805 5042 3068 5114 specioso
3115 5044 3373 5114 quodam
3406 5045 3625 5118 impetu
3660 5049 3870 5121 delati,

2210 5128 2402 5184 locum
2454 5128 2510 5182 in
2559 5145 2726 5184 suam
2777 5134 3126 5201 potestatem
3176 5131 3490 5204 redigunt:
3526 5134 3626 5192 illa
3665 5142 3867 5195 omnia

2212 5217 2439 5273 novella
2489 5217 2754 5288 sustulit,
2811 5223 2868 5274 et
2916 5237 3123 5276 rursus
3170 5224 3576 5292 possessiones
3625 5228 3869 5285 rusticis

2210 5308 2421 5362 reddit.
2476 5307 2636 5372 Quod
2673 5308 2722 5363 si
2755 5313 2936 5364 auctae
2969 5309 3088 5364 sint
3120 5309 3228 5364 illae
3260 5315 3688 5383 possessiones,
3724 5333 3868 5374 cum

2210 5396 2380 5451 multi
2433 5395 2606 5451 vicini
2655 5395 2713 5450 in
2767 5397 2882 5454 illis
2926 5397 3082 5454 tonsi
3115 5397 3255 5466 sint,
3287 5405 3346 5456 et
3376 5401 3613 5460 donatio
3653 5405 3870 5464 collata
