4060 6348
474 384 622 444 1011

1810 376 2226 439 MlCHAELIS
2270 376 2540 438 PSELLI

3727 369 3890 429 1012

477 531 609 569 rum
634 531 788 570 unus
810 510 1907 585 quidemAcbarneus,alterEleusinius
1931 510 2115 566 nomi-

2256 526 2424 580 ·μησε.
2461 509 2583 562 Τῶν
2645 503 2702 560 δὲ
2761 502 2953 576 δήμιον
3016 503 3044 557 6
3098 500 3192 574 μέν
3247 522 3331 564 τις
3390 498 3774 576 Ἀχαρνεὺς,ὁ
3836 497 3896 553 εἷς

480 609 680 672 natus,
724 604 876 657 unde
927 601 1082 655 cives
1140 606 1196 655 et
1253 601 1710 656 nominabantur
1738 600 2034 656 Acharncs
2066 603 2123 654 et

484 691 796 758 Eleusinei;
829 694 885 744 et
916 690 973 743 in
1006 689 1296 743 columnis
1323 689 1698 744 versatilibus
1731 689 1942 744 civium
1975 688 2125 744 asci-

482 785 674 836 torum
710 778 944 834 nomina
963 777 1460 833 inscribebantur.
1487 778 1555 832 Et
1577 779 1625 833 si
1649 778 1782 849 quis
1807 777 2126 849 inscriptus

483 867 914 940 peregrinitatis
946 867 1328 938 arguebatur,
1360 884 1492 921 cum
1518 867 1877 922 accusabant
1909 866 2007 937 qui
2031 883 2128 921 su-

481 955 889 1027 spicabantur,
912 959 968 1009 et
1006 954 1126 1009 haec
1158 953 1453 1008 accusatio
1485 959 1608 1008 erat
1650 953 1930 1008 recensio.
1977 953 2046 1007 Et
2078 952 2126 1006 si

481 1045 652 1116 plura
681 1044 964 1115 suffragia
995 1043 1352 1098 recensitum
1369 1041 1760 1112 expellebant,
1783 1043 1901 1096 haec
1925 1040 2124 1112 expul-

481 1134 568 1188 sio
601 1132 833 1203 rejectio
865 1133 1194 1188 dicebatur.
1243 1131 1301 1187 Si
1351 1137 1550 1186 autem
1599 1132 1852 1202 rejectus
1882 1148 1915 1185 a
1945 1129 2130 1184 demis

482 1225 550 1276 ad
602 1238 914 1277 commune
967 1220 1229 1276 tribunal
1286 1220 1772 1285 transferebatur,
1820 1233 2129 1291 provocare

482 1311 824 1377 dicebatur,
884 1314 942 1364 et
1000 1326 1068 1364 ea
1124 1308 1435 1364 translatio
1490 1307 1824 1380 provocatio
1859 1306 2130 1362 nomina-

483 1400 620 1454 batu
632 1417 673 1454 r.

558 1489 643 1542 10.
677 1486 784 1552 Qui
835 1490 1027 1540 autem
1080 1485 1315 1557 aliquod
1373 1502 1590 1540 munus
1641 1484 1942 1556 publicum
1977 1482 2133 1539 subi-

488 1577 650 1643 bant,
710 1575 808 1645 qui
865 1574 1088 1630 triremi
1144 1580 1432 1646 praeerant
1479 1573 1572 1628 vel
1631 1573 1943 1628 aedificium
1991 1589 2130 1629 con-

486 1664 813 1729 struebant,
865 1663 1130 1718 muneris
1175 1663 1266 1718 sui
1318 1668 1555 1734 tempus
1603 1661 2129 1734 procrastinabant,

486 1756 857 1807 accusatores
883 1751 1003 1807 illis
1047 1751 1533 1824 disceptationem
1568 1765 1799 1806 movere
1829 1749 2132 1804 existima-

486 1841 721 1896 bantur.

557 1931 643 1985 11.
677 1929 1035 2000 Objectionis
1066 1934 1261 1985 autem
1313 1933 1370 1984 et
1411 1945 1514 2001 per
1546 1927 2134 1999 sull'ragiaﬁcondem-

484 2018 741 2073 nationis
763 2018 885 2074 haec
916 2018 1373 2074 estdil’ferentia.
1399 2017 1661 2088 Objectio
1685 2017 1751 2071 ﬁt
1781 2018 1852 2072 de
1883 2015 2135 2088 cognitis

487 2107 742 2162 accusati
778 2106 1046 2177 injuriis;
1070 2106 1480 2161 condemnatio
1513 2115 1705 2160 autem
1756 2110 1843 2161 est
1873 2121 2136 2160 commu-

483 2198 572 2252 nis
605 2195 869 2266 suffragii
899 2194 1098 2267 populi
1131 2199 1331 2250 contra
1357 2211 1490 2249 eum
1527 2193 1866 2250 declaratio.

558 2307 643 2359 12.
678 2303 1026 2359 luteutionis
1049 2301 1316 2372 depulsio
1349 2308 1405 2358 et
1425 2303 1688 2373 exceptio
1705 2301 1959 2357 multum
1984 2303 2138 2357 inter

487 2408 550 2448 se
580 2392 880 2447 differunt.
909 2391 1781 2462 Discretioenimjudicantium
1807 2391 2137 2446 communis

487 2481 558 2535 de
590 2497 651 2536 re
683 2481 944 2535 nondum
978 2480 1051 2535 ad
1080 2480 1338 2535 tribunal
1370 2479 1728 2548 introducta,
1757 2479 2137 2535 estintentio-

488 2569 580 2624 nis
612 2568 1044 2641 depulsio;qua3
1067 2575 1265 2624 autem
1297 2570 1362 2624 fit
1393 2570 1463 2623 de
1499 2587 1557 2624 re
1589 2569 2057 2640 rebusjudicatis
2080 2572 2138 2623 et

488 2659 812 2714 secundum
842 2657 1001 2731 leges
1033 2658 1430 2729 pronuntiatis
1478 2659 1738 2713 secunda
1782 2659 2050 2713 tractatio
2083 2661 2140 2712 et

487 2747 778 2804 discussio
812 2753 1050 2803 vocatur
1069 2748 1348 2818 exceptio.
1378 2747 1652 2818 Excipere
1676 2752 1871 2801 autem
1903 2747 2138 2818 permit-

486 2837 629 2891 titur
661 2836 732 2891 iis
766 2835 868 2908 qui
899 2837 969 2891 de
1001 2853 1066 2891 eo
1098 2835 1357 2890 accusati
1407 2841 1547 2890 sunt
1603 2835 1759 2905 quod
1821 2833 1981 2890 nulla
2012 2835 2139 2906 lege

489 2930 779 2980 statutum
813 2929 924 2980 est.
1242 2916 1249 2923 ’

562 3102 648 3157 13.
672 3102 837 3158 Actio
871 3120 987 3158 non
1021 3101 1220 3174 scripti
1254 3101 1389 3158 talis
1420 3106 1564 3158 erat.
1616 3102 1839 3157 Tabula
1880 3103 2140 3175 singulo-

492 3209 623 3247 rum
654 3191 1041 3248 tribunalium
1097 3191 1302 3262 parieti
1338 3191 1570 3246 cuidam
1620 3191 2050 3263 applicabatur,
2083 3196 2141 3246 et

489 3283 617 3352 ejus
640 3281 738 3352 qui
797 3298 864 3337 ex
915 3283 1207 3336 sententia
1258 3280 1493 3352 publico
1543 3280 1746 3336 aerario
1779 3282 2026 3336 debebat
2056 3279 2137 3335 ibi

491 3386 705 3424 nomen
762 3370 1113 3439 inscriptum
1175 3375 1321 3436 erat,
1356 3375 1412 3424 et
1462 3370 1627 3438 juxta
1683 3386 1898 3425 nomen
1959 3370 2140 3425 debiti

493 3457 812 3529 quantitas.
848 3457 906 3513 Si
941 3458 1077 3528 quis
1108 3464 1303 3513 autem
1355 3459 1574 3513 debens
1609 3463 1664 3513 et
1698 3457 2019 3529 inscriptus
2051 3459 2140 3514 in-

493 3546 868 3616 scriptionem
896 3546 1046 3601 clam
1075 3545 1449 3615 abolevisset,
1483 3547 1661 3618 hujus
1688 3547 1872 3619 culpae
1900 3565 2029 3603 reus
2052 3564 2141 3602 ac-

495 3636 655 3690 tione
686 3652 798 3689 non
833 3635 1035 3706 scripti
1059 3637 1466 3690 accusabatur.

567 3724 652 3778 14.
686 3723 791 3787 Qui
816 3723 1064 3778 fundum
1097 3729 1198 3779 aut
1245 3725 1486 3780 domum
1538 3741 1607 3779 ex
1652 3725 2137 3781 condemnatione

489 3811 854 3883 excipiebant
883 3827 986 3884 per
1016 3812 1313 3868 interdicti
1344 3813 1626 3868 actionem
1662 3815 2018 3868 accusabant
2038 3831 2136 3869 eos

489 3900 590 3972 qui
617 3901 778 3971 ipsos
800 3900 935 3955 inde
951 3899 1312 3971 expulerant.
1337 3902 1602 3956 Priscum
1635 3909 1692 3956 et
1719 3903 1971 3956 Atticum
2005 3919 2134 3957 ver-

481 3990 622 4044 bum
648 3994 736 4044 est
757 4005 970 4054 arcere,
996 3989 1150 4059 quod
1169 3990 1386 4059 posteri
1418 3989 1475 4044 in
1500 3991 1754 4045 Graecum
1786 3991 1974 4062 magis
2003 4007 2133 4046 ver-

483 4081 624 4134 bum
663 4083 1060 4144 mutaverunt,
1112 4095 1321 4150 nempe
1368 4076 1588 4149 ἐξελεῖν,
1618 4080 1673 4133 id
1727 4084 1816 4134 est
1848 4080 2133 4136 institutis

482 4167 790 4240 expellere.

555 4258 640 4311 15.
674 4256 729 4311 Si
763 4257 897 4328 quis
938 4259 1135 4310 autem
1187 4271 1394 4311 servus
1443 4255 1616 4312 ﬁebat
1665 4256 2012 4313 insidiarum
2048 4257 2132 4313 le-

477 4343 700 4416 gitimis
722 4344 980 4400 dominis
1012 4360 1171 4412 reus,
1213 4345 1610 4401 derelictionis
1633 4347 1784 4401 actio
1819 4364 1885 4402 ea
1916 4364 2007 4403 res
2033 4365 2130 4402 no-

481 4433 839 4488 minabatur.

550 4522 639 4576 16.
677 4521 815 4576 Litis
847 4521 1177 4592 antiquatio
1211 4523 1281 4577 ab
1315 4523 1540 4578 actione
1598 4523 1864 4579 liberatio
1895 4523 2126 4579 diceba-

2163 1883 2211 1948 B

2234 594 2564 656 Ἐλευσίνιος
2597 593 3009 666 κατωνόμαστο,
3042 590 3130 668 ἀφ’
3176 591 3252 644 ὢν
3297 591 3354 643 οἱ
3409 587 3644 662 δημόται
3703 608 3896 665 παρω-

2232 684 2416 757 νύμως
2467 686 2919 757 κατωνομάζοντο
2972 683 3260 757 Ἀχαρνεῖς
3305 681 3340 750 ἢ
3400 677 3765 736 Ἐλευσίνιοι·
3801 677 3898 732 καὶ

2234 773 2381 847 παρὰ
2409 778 2526 835 ταῖς
2558 767 2778 847 κύρϐεσι
2825 771 2893 826 τά
2935 775 3042 826 τῶν
3093 767 3586 841 δημοποιουμένων
3645 767 3896 839 ὀνόματα

2237 862 2619 940 ἆνεγράφοντο.
2662 860 2724 917 Ei
2760 858 2816 915 δέ
2857 881 2938 922 τις
2990 857 3313 937 ἀναγραφεὶς
3355 855 3480 927 ἥλω
3532 858 3729 927 ξενίας,
3760 877 3898 910 κατ-

2236 951 2471 1026 ηγὸρουν
2523 951 2686 1006 αὐτοῦ
2737 951 2788 1005 o't
2839 949 3251 1009 ὑπωπτευκότες
3286 966 3298 979 ⁸
3350 946 3439 1001 καὶ
3489 949 3524 1016 ἡ
3578 943 3900 1021 κατηγορία

2240 1036 2560 1117 διαψήφισις
2613 1040 2702 1108 ἦν.
2762 1037 2827 1095 Ei
2886 1035 2945 1092 δὲ
2993 1042 3101 1092 τῶν
3165 1037 3361 1114 ψήφων
3411 1036 3466 1089 αἰ
3516 1034 3741 1096 πλείους
3800 1033 3898 1087 τὸν

2241 1126 2666 1204 διαψηφισθέντα
2740 1126 3084 1198 ἀπήλαυνον,
3159 1127 3496 1202 ἀποψήφισις
3566 1122 3785 1198 ἐλέγετο
3863 1123 3902 1190 ἡ

2239 1216 2526 1279 ἀπέλασις.
2561 1216 2624 1274 Ei
2666 1214 2712 1270 δ’
2743 1218 2770 1271 6
2803 1215 3203 1291 ἀποψηφισθείς
3256 1214 3363 1268 ἀπὸ
3413 1218 3521 1268 τῶν
3577 1211 3770 1285 δήμων
3828 1211 3907 1270 εἰς

2238 1307 2302 1361 τὸ
2350 1307 2532 1360 κοινὸν
2585 1303 2936 1382 δικαστήριον
3002 1304 3330 1378 μετετίθετο,
3381 1302 3586 1380 ἐφιέναι
3662 1300 3911 1376 ἐλέγετο,

2239 1397 2329 1450 καὶ
2363 1398 2396 1465 ἡ
2435 1395 2712 1469 μετάθεσις
2744 1390 2922 1473 ἔφεσις
2955 1394 3290 1467 ὠνομάζετο.

2317 1492 2364 1541 ι’.
2398 1485 2459 1540 Ei
2493 1482 2549 1539 δὲ
2598 1483 2936 1558 λειτουργεῖν
2986 1503 3128 1544 τινες
3176 1480 3490 1556 ταχθέντες,
3539 1484 3908 1555 τριηραρχεῖν

2241 1573 2277 1644 ἢ
2331 1570 2667 1646 οἰκοδομεῖν,
2715 1573 2808 1627 τὸν
2864 1573 3052 1646 καιρὸν
3103 1571 3448 1646 ὑπερετίθουν
3495 1576 3596 1639 τῆς
3649 1567 3914 1640 λειτουρ-

2239 1663 2381 1740 γίας,
2417 1663 2467 1716 οἳ
2501 1661 2933 1736 ἀντικρινόμενοι
2965 1660 3180 1723 τούτοις
3213 1657 3542 1715 διαδικασίαν
3573 1663 3741 1714 κινεῖν
3783 1658 3913 1711 κατ’

2244 1751 2417 1806 αὐτῶν
2451 1750 2791 1825 ἐνομίζοντο.
3269 1754 3280 1764 ”

2319 1932 2404 1987 ια’.
2436 1925 2734 2006 Προϐολῆς
2766 1926 2824 1984 δὲ
2852 1928 2942 1983 καὶ
2974 1927 3459 2004 καταχειροτονίας
3492 1927 3752 1980 τοσοῦτόν
3789 1924 3910 1979 ἐστι

2242 2021 2304 2074 τὸ
2338 2016 2616 2097 διάφορον.
2649 2020 2712 2075 Ἡ
2756 2019 2849 2090 μὲν
2902 2012 3158 2092 προϐολὴ
3207 2015 3292 2071 ἐπὶ
3344 2014 3704 2091 ἐγνωσμένοις
3759 2012 3907 2067 ἐστῖν

2244 2107 2545 2180 ἀδικήμασι
2605 2110 2703 2160 τοῦ
2749 2104 3233 2180 κατηγορουμένου
3263 2124 3276 2135 ο
3309 2107 3344 2173 ἡ
3399 2101 3456 2158 δὲ
3511 2122 3914 2178 καταχειροτο-

2244 2197 2331 2252 vi:
2361 2200 2394 2266 ἡ
2429 2197 2726 2272 σύμψηφος
2757 2200 2854 2250 τοῦ
2887 2192 3068 2268 δήμου
3098 2199 3216 2249 κατ’
3247 2192 3455 2248 ἐκείνου
3486 2191 3772 2269 ἀπόφασις.

2321 2305 2411 2379 ιβ’.
2438 2299 2755 2364 Εὐθυδικίας
2787 2299 2844 2356 δὲ
2899 2301 2988 2355 καὶ
3020 2307 3384 2378 παραγραφῆς
3441 2296 3584 2353 πολὺ
3611 2298 3672 2352 τὸ
3705 2294 3917 2372 διάφο-

2248 2414 2359 2468 ρον.
2392 2394 2454 2448 Ἡ
2513 2393 2607 2464 μὲν
2658 2392 2762 2468 γὰρ
2813 2391 2936 2466 περὶ
2985 2394 3080 2444 τοῦ
3134 2387 3368 2462 μηδέπω
3423 2386 3771 2462 εἰσαχθέντος
3835 2387 3916 2447 εἷς

2248 2479 2598 2556 δικαστήριον
2628 2479 2946 2556 πράγματος
2974 2478 3131 2547 κοινή
3161 2482 3268 2532 τῶν
3304 2474 3731 2532 συνδιαιτώντων
3782 2473 3916 2529 διά-

2245 2592 2444 2646 γνωσις
2505 2567 2778 2624 εὖθυδικία
2834 2567 2973 2623 ἐστίν
3012 2589 3023 2601 '
3058 2570 3094 2638 ἡ
3127 2565 3183 2622 δὲ
3212 2567 3336 2643 περὶ
3391 2570 3499 2621 τῶν
3560 2562 3668 2635 ἤδη
3722 2585 3919 2638 κεκρι-

2251 2659 2423 2733 μένων
2496 2658 2587 2713 καὶ
2667 2660 2803 2713 κατά
2885 2658 3084 2730 νόμους
3155 2656 3620 2735 ἀποπεφασμένων
3681 2651 3918 2728 δευτέρα

2247 2748 2754 2824 πολυπραγμοσύνη
2804 2747 2892 2801 καὶ
2945 2741 3355 2822 ἀμφισϐήτησις
3397 2744 3726 2822 παραγραφή
3777 2765 3917 2797 κατ-

2249 2837 2584 2909 ωνόμασται.
2668 2837 3119 2913 Παραγράφεσθαι
3197 2833 3255 2889 δὲ
3329 2833 3530 2912 ἐφεῖται
3611 2832 3702 2887 καὶ
3790 2839 3919 2893 τοῖς

2247 2926 2493 2982 τοιοῦτόν
2551 2948 2602 2980 τι
2661 2925 3092 3000 ἐγκαλουμένοις
3140 2924 3262 2999 περῖ
3313 2925 3376 2979 οὗ
3430 2922 3490 2978 οὐ
3546 2922 3920 2998 νενομοθέτηο

2249 3037 2357 3070 ται.

2324 3111 2407 3180 ιγ’.
2441 3106 2505 3160 Ἡ
2538 3101 2595 3158 δὲ
2625 3102 2721 3159 τοῦ
2751 3102 3019 3181 ἀγραφίου
3053 3101 3178 3172 δίκη
3209 3101 3436 3172 τοιαύτη
3475 3122 3560 3163 τις
3604 3102 3696 3170 ἦν.
3745 3099 3918 3162 Σανὲς

2253 3193 2334 3272 ἐφ’
2365 3194 2592 3247 ἑκάστου
2637 3199 2736 3248 τοῦ
2783 3192 3135 3267 δικαστηρίου
3179 3191 3362 3266 τοίχῳ
3413 3191 3521 3246 τινὶ
3575 3191 3917 3268 προσηρμὸ-

2256 3289 2395 3352 ζετο,
2427 3283 2516 3336 καὶ
2557 3287 2652 3336 τοῦ
2698 3281 2757 3336 ἐκ
2804 3278 3103 3351 καταδίκης
3141 3279 3468 3358 ὠφληκότος
3515 3284 3597 3351 τῷ
3655 3277 3920 3352 δημοσίῳ

2251 3372 2312 3426 τὸ
2343 3368 2518 3444 ὄνομα
2567 3371 2739 3425 ἐκεῖσε
2789 3369 3128 3445 ἀνάγραπτον
3180 3370 3270 3438 ἦν,
3323 3369 3460 3444 πρὸς
3517 3368 3669 3440 αὐτῷ
3715 3369 3808 3423 καὶ
3855 3369 3922 3424 τὸ

2256 3461 2448 3535 μέτρον
2504 3458 2651 3531 αὐτῴ
2706 3464 2803 3514 τοῦ
2865 3459 3210 3537 ὀφλήματος.
3265 3456 3327 3514 Ei
3379 3455 3436 3512 δέ
3492 3479 3575 3520 τις
3634 3457 3922 3536 ώφληκὼς

2249 3547 2337 3602 καὶ
2387 3546 2612 3624 γραφεὶς
2663 3546 2836 3623 λάθρα
2881 3550 2981 3616 τὴν
3027 3548 3240 3623 γραφὴν
3301 3546 3658 3621 ἀπετρίψατο,
3690 3547 3717 3601 ὁ
3773 3568 3920 3624 γρα-

2249 3636 2485 3714 φέμενυς
2516 3641 2709 3691 τοῦτον
2741 3636 3008 3713 ἀγραφίου
3043 3633 3196 3706 δίκην
3225 3635 3505 3711 ἐγράφετο.

2322 3740 2404 3798 ιδ’.
2422 3744 2488 3799 Oi
2514 3741 2570 3797 δὲ
2591 3743 2800 3818 χωρίον
2823 3744 2857 3811 ἢ
2887 3741 3095 3814 οἷ’κημα
3125 3741 3184 3796 ἐκ
3211 3738 3505 3810 καταδίκης
3536 3738 3915 3818 ἀπειληφότες

2245 3831 2473 3902 ἐξούλης
2505 3832 2802 3908 ἐγράφοντο
2833 3831 2961 3892 τοὺς
2993 3831 3189 3895 ἐκεῖθεν
3241 3829 3434 3892 αὐτοὺς
3481 3830 3910 3891 ἀπελαύνοντας.

2246 3922 2510 3996 Ἀρχαῖον
2543 3922 2644 3995 γὰρ
2676 3919 2765 3974 καὶ
2797 3920 3010 3974 ἀττικὸν
3072 3915 3246 3991 ὄνομα
3275 3920 3337 3974 τὸ
3368 3917 3625 3989 ἐξίλλειν,
3655 3919 3795 3994 ὅπερ
3853 3921 3912 3973 οἱ

2247 4009 2685 4085 μεταγενέστεροι
2741 4006 3180 4082 ἑλληνικώτερον
3239 4006 3437 4079 ἐξελεῖν
3487 4006 3726 4082 λέγουσι,
3777 4029 3910 4063 του-

2240 4099 2416 4154 τέστιν
2449 4097 2768 4154 ἀπελαύνειν
2805 4103 2912 4152 τῶν
2943 4095 3367 4172 νενομισμένων.

2313 4275 2475 4333 ιε’.Εῗ
2505 4273 2561 4330 δέ
2589 4297 2670 4337 τις
2704 4271 2902 4337 δοῦλος
2937 4272 3110 4330 δοκῶν
3140 4280 3257 4337 τοῖς
3289 4273 3673 4350 νομιζομένοις
3703 4270 3911 4331 δεσπό-

2236 4385 2354 4426 ταις
2414 4362 2570 4435 δίκην
2627 4363 2949 4440 ἐλάγχανεν,
2983 4362 3315 4419 ἀποστασίου
3377 4361 3501 4435 δίκη
3557 4365 3619 4419 τὸ
3670 4369 3912 4439 πρᾶγμα

2238 4455 2676 4527 κατωνομάζετο.

2311 4550 2393 4606 ις’.
2431 4544 2710 4619 Διαγραφὴ
2744 4539 2801 4596 δὲ
2831 4544 2866 4612 ἡ
2914 4539 3210 4617 ἀπαλλαγὴ
3257 4545 3358 4606 τῆς
3416 4538 3572 4612 δίκης
3627 4538 3865 4614 ἐλέγετο
3895 4562 3907 4574 ·

480 4615 612 4676 tur;
649 4615 711 4664 ut
741 4614 798 4665 et
827 4609 1133 4665 dicebatur
1175 4612 1423 4666 actionis
1477 4614 1726 4668 cessatio
1773 4613 2129 4668 condemna-

2256 4630 2420 4705 Bcnsp
2456 4630 2612 4700 λῆξις
2644 4629 2825 4701 δίκης,
2858 4629 2920 4685 τὸ
2949 4628 3303 4705 καταγγεῖλαι
3353 4629 3526 4704 κρίσιν
3576 4633 3678 4684 τῶν
3737 4627 3912 4684 ἰδιω-

477 4700 657 4755 tionis
679 4699 956 4754 iudicatio
988 4699 1047 4754 in
1082 4699 1326 4771 privatis
1359 4701 1581 4756 litibus.

551 4806 638 4860 17.
670 4806 970 4860 Actionem
995 4806 1256 4861 obtinere
1280 4813 1403 4861 erat
1429 4808 1590 4878 prius
1609 4824 1915 4874 accusare;
1947 4809 2128 4863 actio-

481 4911 613 4951 nem
645 4904 835 4950 contra
864 4895 1106 4950 oblinere
1126 4901 1251 4950 erat
1282 4895 1898 4951 recriminarizsortito
1930 4903 2125 4952 autem

481 4985 741 5040 dividere
774 4985 845 5039 de
877 4983 1211 5040 actionibus
1267 5001 1383 5039 non
1428 4985 1662 5053 dicitur,
1695 4987 1793 5040 sed
1820 4987 1890 5040 de
1930 5002 2125 5040 rerum

480 5073 916 5129 distributione.

547 5163 636 5216 18.
671 5162 954 5227 Quoniam
989 5167 1185 5217 autem
1219 5162 1372 5233 apud
1405 5162 1626 5218 Atticos
1649 5163 1976 5235 antiquitus
2000 5182 2125 5221 mos

474 5255 599 5308 erat
633 5251 690 5305 in
715 5249 1113 5306 tribunalibus
1136 5253 1885 5322 accusantesjurejurando
1912 5254 2124 5308 conﬁr-

475 5358 634 5397 mare
689 5358 854 5396 suam
918 5341 1353 5396 accusationem
1412 5358 1540 5397 esse
1591 5359 1785 5397 veram
1819 5347 1876 5398 et
1900 5360 2030 5398 reos
2060 5361 2123 5399 se

474 5430 636 5486 nullu
649 5447 699 5484 m
721 5430 932 5485 falsum
949 5430 1123 5484 verbu
1136 5445 1189 5484 m
1212 5427 1282 5484 iis
1295 5430 1566 5501 oppositu
1577 5448 1670 5486 ros
1688 5446 2123 5498 esse,accusan-

476 5519 1024 5588 tisjurejurandum
1063 5517 1354 5573 diomosia
1396 5518 1722 5586 dicebatur,
1754 5519 1884 5591 ejus
1924 5527 2119 5576 autem

479 5607 579 5680 qui
637 5623 700 5662 se
759 5607 1085 5672 defendeat,
1120 5606 1473 5662 antomasia.
1523 5608 1582 5663 Si
1614 5625 1747 5664 vero
1784 5610 1966 5680 judex
1996 5611 2122 5682 ipse

479 5699 612 5768 past
637 5711 734 5749 eos
766 5695 1189 5765 jusjurandum
1224 5696 1562 5766 prccstabat,
1599 5701 1789 5754 totum
1818 5697 1957 5754 illud
1991 5716 2120 5754 am-

2235 4723 2401 4773 τικών
2437 4718 2764 4781 ὑποθέσεων.

2313 4812 2392 4876 ιζ’.
2430 4806 2526 4860 Καὶ
2561 4804 2752 4882 λαχεῖν
2791 4808 2884 4879 μὲν
2920 4804 3076 4876 δίκην
3105 4805 3167 4861 τὸ
3199 4806 3434 4880 πρώτως
3467 4812 3767 4861 κατειπεῖν·
3811 4810 3913 4862 civ-

2233 4895 2487 4969 τιλαχεῖν
2522 4893 2579 4950 δὲ
2605 4895 2668 4950 τὸ
2699 4893 3132 4970 ἀντεγκληθῆναι
3171 4914 3184 4927 ο
3233 4896 3294 4950 τὸ
3347 4894 3403 4949 δὲ
3448 4892 3729 4970 διαλαχεῖν
3804 4898 3912 4953 οὐκ

2237 4983 2324 5038 ἐπὶ
2367 4983 2473 5038 τῶν
2523 4981 2686 5039 δικῶν
2738 4983 2972 5060 λέγεται,
3033 4981 3161 5038 ἀλλ’
3215 4982 3302 5037 ἐπὶ
3354 4983 3651 5060 χρημάτων
3708 4981 3913 5041 clavs-

2240 5075 2314 5146 μή
2324 5093 2480 5135 σεως.

2312 5162 2399 5233 ιη’.
2419 5161 2567 5218 Έπεὶ
2601 5159 2657 5216 δὲ
2687 5159 2856 5216 πάλαι
2888 5165 3012 5222 τοῖς
3035 5161 3302 5222 Ἀττικοῖς
3333 5161 3419 5216 καὶ
3453 5161 3579 5223 τοὺς
3609 5167 3908 5240 γραφομέ-

2234 5271 2359 5313 νους
2393 5251 2727 5324 ἐπύμνυσϐαι
2760 5251 2834 5312 ὡς
2884 5249 3098 5321 ἀληθής
3145 5252 3179 5318 ἡ
3230 5251 3436 5326 γραφη,
3467 5251 3557 5305 καὶ
3598 5249 3722 5311 τοὺς
3777 5255 3910 5318 καθ’

2236 5341 2310 5394 ὢν
2336 5338 2632 5417 γράφονται
2693 5339 2766 5400 ὡς
2824 5336 2977 5393 οὐδὲν
3031 5338 3107 5399 εἷς
3156 5335 3515 5414 ψευδολογίαν
3569 5339 3910 5408 ἀντιθήσου-

2237 5450 2342 5495 σιν,
2375 5428 2425 5483 ἐν
2485 5435 2602 5491 τοῖς
2663 5425 3038 5503 δικαστηρίοις
3084 5423 3309 5498 εἷ’θιστο,
3343 5427 3370 5481 6
3423 5427 3516 5500 μὶν
3572 5431 3667 5482 τοῦ
3727 5427 3909 5503 ἐγχα.

2236 5516 2466 5580 λοῦντος
2501 5516 2661 5594 ὅρκος
2694 5514 2968 5589 διωμοσία
2998 5513 3239 5590 ἐλέγετο,
3272 5516 3300 5569 6
3349 5511 3406 5569 δὲ
3458 5519 3554 5569 τοῦ
3585 5514 3908 5592 ἀπολογου-

2237 5607 2403 5680 μένου
2435 5605 2771 5680 ἀντωμοσία.
2795 5605 2860 5662 Ei
2894 5601 2951 5658 δὶ
2979 5603 3116 5679 πρὸς
3148 5602 3366 5666 τούτοις
3415 5603 3505 5659 καὶ
3553 5605 3582 5659 6
3633 5601 3908 5677 δικαστής

2233 5696 2522 5772 ἐπώμνυτο
2558 5741 2571 5766 ,
2653 5695 2925 5773 ἀμφιοκία
3007 5695 3070 5750 τὸ
3153 5693 3367 5770 σύμπαν
3448 5697 3905 5768 κατωνομάζετο.
