4010 6360
210 401 374 462 1013

1405 405 1506 464 DE
1551 403 1960 467 ACTIONUM
2005 403 2468 467 NOMINIBUS.

3474 402 3629 464 1014

203 532 316 585 Τὸν
382 527 438 585 δὲ
517 529 958 603 ὑποπτευόμενον
1011 530 1088 593 εἷς
1143 534 1378 610 γραφὴν,
1443 533 1839 610 ὑπερτιθέμενοι

1982 534 2253 606 pbiorkia
2305 536 2740 591 nominabatur.
2798 534 2854 588 Is
2914 538 3110 589 autem
3157 533 3258 605 qui
3317 539 3628 605 suspectus

211 617 275 674 δὲ
331 620 419 674 τὸο
456 620 668 694 καιρὸν,
699 620 727 673 ὁ
779 619 1100 674 ὑποπτεύων
1158 619 1315 691 ἠξίου
1340 628 1684 698 κατηγορεῖνο
1715 625 1776 690 ἦν
1810 619 1868 677 δὲ

215 705 395 763 ἐδόκει
441 707 745 782 εῒρωνεύων
803 709 878 779 μὴ
929 706 1263 784 βούλεσθαι,
1313 709 1647 784 ἐπόμνυσθαι
1699 733 1866 780 κατη-

210 799 545 872 νιιγκσὶζετο·ι
621 798 712 852 καὶ
783 797 846 851 τὸ
923 798 1325 871 ὁμωμοσμένον
1397 797 1670 873 ἐξωμοσία
1725 799 1864 853 ὠνό-

216 907 415 960 μαστο.

289 1067 373 1122 ιϐ’.
405 1065 484 1122 Τὸ
535 1062 594 1119 δέ
623 1063 972 1140 καταγγιῖλαι
1003 1085 1124 1120 τινα
1153 1063 1308 1136 δίκην
1342 1065 1668 1140 ἑταιρήσεως
1700 1065 1862 1140 ἐπαγο

200 1152 373 1228 γελία
404 1152 726 1227 δοκιμασίας
756 1153 991 1230 ἐλέγετο.

281 1245 349 1298 κ’.
379 1244 483 1311 Τήν
516 1243 700 1315 μέντοι
726 1263 790 1318 γε
822 1243 1090 1321 ἀπόφασιν
1118 1243 1225 1318 οὐχ
1255 1245 1328 1306 ὡς
1353 1247 1517 1318 ἡμεῖς
1549 1245 1577 1298 ὁ
1611 1245 1859 1306 Ἀττικὸς

199 1331 380 1404 νόμος
436 1327 851 1404 ἐξελαμϐἀνετοσ
900 1330 1026 1388 ἀλλ’
1073 1331 1188 1387 ἐπεὶ
1246 1335 1280 1402 ἡ
1340 1341 1441 1404 τῆς
1493 1333 1860 1409 τριηραρχίας

203 1421 358 1496 ἀρχὴ
420 1418 759 1483 ἐπικίνδυνός
816 1442 900 1483 τις
975 1419 1208 1476 δοκοῦσα
1260 1422 1351 1476 τὸν
1416 1426 1859 1498 τριηραρχοῦντα

198 1511 536 1584 κατήπειγεν
579 1511 970 1584 ἆντιμετρῆσαι
1023 1514 1102 1581 τῷ
1156 1507 1389 1584 κινδύνῳ
1425 1513 1493 1565 τὰ
1545 1512 1760 1582 ἑαυτοῦ,
1819 1511 1853 1580 ἠ

195 1600 524 1674 καταγραφὴ
572 1599 781 1654 τούτων
822 1599 912 1655 καὶ
961 1601 989 1653 ὁ
1033 1598 1121 1654 ἐπὶ
1150 1599 1364 1662 τούτοις
1394 1598 1557 1676 ὅρκος
1590 1599 1858 1678 ἀπόφασις

201 1687 301 1756 ἦν.

276 1779 377 1833 κα’.
423 1778 484 1834 Ἡ
518 1775 576 1832 δὲ
606 1772 883 1832 έπωϐελία
912 1778 1018 1833 ἀπὸ
1056 1775 1153 1833 τοῦ
1183 1773 1551 1848 συϐεϐηκότος
1598 1780 1697 1848 τήν
1730 1799 1853 1832 συν-

1979 624 2321 678 tradebatur
2350 641 2412 678 se
2445 639 2719 677 accusare
2757 622 2924 690 velle,
2959 628 3196 694 tempus
3228 627 3420 678 autem
3455 639 3628 678 accu-

1978 713 2223 767 sationis
2245 713 2566 777 differebat,
2591 711 2904 782 suspicans
2929 728 3062 767 eum
3088 727 3366 767 accusare
3396 728 3627 783 aequum

1975 803 2286 861 censebat:
2340 801 2391 856 si
2441 818 2575 855 voro
2627 801 2924 855 videretur
2961 800 3350 856 dissimulans
3402 817 3464 857 se
3512 817 3629 856 non

1974 890 2138 956 velle,
2174 891 2230 945 id
2255 890 2646 960 jurejurando
2699 889 3044 944 confirmare
3093 889 3437 961 cogebatur;
3472 889 3628 961 quod

1967 981 2391 1052 jusjurandum
2427 981 2518 1050 abj
2533 979 2718 1035 uratio
2753 979 3192 1034 nominabatur.

2047 1071 2132 1124 19.
2169 1069 2525 1124 Renuntiare
2550 1074 2747 1124 autem
2773 1068 3087 1136 quamdam
3119 1067 3503 1141 impudicitia
3535 1086 3629 1126 ac-

1973 1157 2216 1223 tionem,
2251 1157 2616 1230 probationis
2646 1156 3005 1212 renuntiatio
3037 1158 3357 1214 dicebatur.

2040 1266 2130 1319 20.
2166 1265 2460 1320 Bonorum
2494 1264 2949 1336 descriptionem
2997 1281 3112 1319 non
3163 1269 3228 1318 ut
3278 1282 3384 1320 nos
3434 1265 3622 1322 Attica.

1973 1353 2060 1409 lex
2090 1354 2412 1424 excipiebat
2445 1369 2458 1406 :
2493 1355 2591 1409 sed
2627 1370 2760 1408 cum
2811 1352 3047 1423 aliquod
3098 1354 3454 1410 trierarchis)
3486 1372 3618 1410 mu-

1969 1459 2081 1497 nus
2115 1441 2511 1514 periculosum
2543 1441 2842 1497 videretur
2877 1441 3250 1512 triremisque
3279 1443 3615 1514 praefectum

1966 1531 2224 1603 periculo
2276 1548 2384 1586 sua
2434 1531 2689 1585 remetiri
2742 1533 2993 1602 cogeret,
3038 1530 3187 1586 actio
3232 1536 3436 1586 contra
3479 1549 3615 1587 eum

1965 1623 2022 1675 et
2059 1620 2483 1691 jusjurandum
2534 1621 2927 1693 praestitutum
2981 1618 3270 1675 bonorum
3302 1620 3616 1692 descriptio

1965 1714 2108 1764 erat.

2031 1800 2122 1852 21.
2157 1797 2476 1853 Calumnia:
2502 1799 2769 1854 multatio
2802 1799 2873 1854 ab
2896 1805 3106 1856 eventu
3131 1799 3616 1871 compositionem

201 1866 381 1936 θήκην
413 1864 656 1942 εῖληφεν.
712 1865 932 1937 Ἐπειδὴ
980 1867 1083 1942 γὰρ
1133 1867 1335 1922 πολλοὶ
1395 1872 1503 1922 τῶν
1553 1868 1628 1940 μή
1675 1865 1839 1922 ἐπιτι·

1967 1887 2311 1959 accipiebat.
2345 1888 2660 1958 Postquam
2703 1888 2858 1943 enim
2895 1889 3064 1944 multi
3107 1864 3320 1960 lingu-as
3349 1905 3468 1943 sua:
3500 1889 3618 1943 fre-

197 1953 400 2009 Θέντων
429 1958 497 2020 τῆ
547 1953 766 2030 γλώττῃ
797 1953 1028 2032 χαλινὸν
1060 1962 1178 2018 τοῖς
1231 1955 1490 2012 ἐπιεικέσι
1516 1956 1606 2010 καὶ
1639 1957 1853 2032 ἀπράγ-

202 2064 333 2117 μοσι
411 2044 813 2119 προσεφύοντο,
890 2046 964 2107 ὡς
1039 2044 1260 2107 πλείους
1343 2045 1539 2107 τόκους
1593 2044 1682 2100 ἐπὶ
1737 2049 1856 2108 τοῖς

194 2139 472 2195 ναυτικοῖς
530 2131 880 2208 κεκερδακόσι
935 2135 1263 2207 νομίσμασι,
1323 2135 1412 2189 καὶ
1473 2136 1526 2190 οἱ
1589 2135 1684 2207 μὲν
1730 2134 1852 2188 ἀπε-

195 2220 498 2291 δείκνυσαν,
518 2223 571 2276 οἱ
593 2221 651 2277 δὲ
677 2221 905 2286 πλείους
939 2226 1116 2295 μάτην
1143 2225 1260 2278 κατ’
1293 2224 1471 2278 αὐτῶν
1499 2223 1848 2300 ἐκεκράγεσαν

187 2312 288 2366 τὸν
372 2312 467 2383 μὲν
520 2309 912 2367 ἀποδεικνύντα
976 2311 1386 2386 ἁπροστίμητον
1448 2311 1597 2381 εἷ’ων,
1654 2313 1746 2367 τὸν
1793 2309 1850 2368 δὲ

193 2402 672 2478 συκοφαντήσαντα
703 2395 909 2456 ὀϐολοῦ
940 2396 1222 2475 καταϐολῇ
1257 2401 1520 2475 ἆζημίουν
1554 2403 1642 2456 καὶ
1676 2397 1851 2474 ὄνομα

190 2493 267 2562 τῇ
324 2488 495 2562 ζημίᾳ
522 2491 558 2558 ἠ
589 2485 886 2546 έπωϐελία.

268 2579 377 2654 κβ’.
407 2579 483 2632 Τὰ
516 2579 610 2650 μὶν
645 2579 738 2633 οὗν
758 2583 866 2633 τῶν
902 2576 1066 2633 δικῶν
1100 2578 1344 2652 ὀνόματα
1375 2575 1571 2653 σχεδὸν
1605 2582 1846 2633 τοιαῦτα⁶

189 2666 323 2742 περὶ
355 2664 411 2720 δέ
439 2687 502 2741 γε
528 2671 635 2721 τῶν
669 2665 882 2722 λοιπῶν
914 2669 1103 2744 καιρὸς
1137 2666 1195 2721 ἂν
1224 2666 1306 2737 ε⁸ίη
1360 2665 1564 2742 λέγειν,
1613 2667 1846 2742 ἀρξαμέ-

188 2775 322 2817 νους
352 2755 457 2810 ἀπὸ
485 2758 592 2810 τῶν
624 2757 980 2828 πρυτανείων.

266 2864 369 2937 κγ’.
397 2864 498 2918 Ἦν
531 2860 589 2917 δὲ
616 2862 679 2916 τὸ
709 2868 1028 2938 πρυτανεῖον
1070 2860 1336 2934 δημόσιον
1365 2860 1592 2935 θ’ίκημα,
1643 2861 1842 2936 λήψεσι

192 2949 561 3025 διωρισμένον
600 2951 690 3006 καὶ
742 2949 984 3006 δόσεσιν.
1035 2953 1097 3008 Ἣ
1148 2952 1242 3024 μὶν
1301 2953 1392 3006 οῦν
1445 2949 1613 3025 λῆψις
1667 2952 1845 3025 τούτῳ

193 3041 310 3095 ἀπὸ
357 3045 466 3095 τῶν
489 3039 832 3110 ἡττηθέντων
880 3041 953 3095 ὧν
998 3040 1332 3114 παρανόμως
1380 3043 1841 3116 κατηγορήκασιν

188 3131 227 3199 ἡ
292 3126 350 3184 δὲ
375 3126 524 3192 δόσις
577 3129 713 3206 πρὸς
767 3128 897 3190 τοὺς
930 3127 1172 3201 δημοσίᾳ
1199 3131 1299 3198 τὴν
1355 3130 1516 3184 πόλιν
1551 3125 1840 3204 ὠφεληκό-

180 3239 306 3282 τας.
338 3219 610 3281 Έντεῦςεν
661 3219 764 3291 γὰρ
811 3219 898 3272 καὶ
945 3216 1272 3293 ἀνδριάντες,
1332 3216 1378 3274 ε’ί
1433 3239 1492 3295 γε
1525 3219 1837 3295 βούλοιντο,

182 3313 311 3370 τοῖς
360 3307 734 3384 ἀριστεύσασιν
785 3304 1182 3383 έχαλκεύοντο,
1239 3307 1329 3362 καὶ
1387 3309 1648 3378 σιτήσεως
1705 3309 1840 3382 ὡρι-

187 3398 392 3471 σμένον
455 3399 650 3473 μέτρον
708 3403 825 3461 τοῖς
875 3397 1249 3466 ἠριστευκόσιν
1291 3393 1502 3452 ἐδίδοτο
1531 3397 1620 3451 καὶ
1649 3402 1757 3452 τῶν
1787 3395 1837 3451 ἐν

184 3484 576 3562 στρατοπέδοις
605 3484 662 3541 δὶ
693 3488 745 3541 οἱ
768 3480 1158 3560 παρηϐηκότες
1189 3492 1288 3556 τῆς
1310 3486 1542 3562 ἀρχαίας
1560 3485 1839 3562 στρατείας

186 3575 224 3645 ἢ
263 3575 589 3652 στρατηγίας
636 3575 696 3630 ἐκ
742 3580 840 3630 τοῦ
887 3575 1210 3648 πρυτανείου
1261 3577 1592 3653 μισθοφορὰν
1646 3574 1836 3648 ἐκομί-

187 3672 372 3734 ζοντο.

257 3751 360 3812 κδ’.
393 3754 461 3812 Οἱ
493 3751 551 3808 δὲ
578 3753 911 3826 καλούμενοι
943 3749 1150 3821 ἕνδεκα,
1184 3750 1494 3816 δικαστικὸς
1517 3755 1584 3822 ἦν
1604 3753 1837 3828 ἀριθμὸς

175 3847 303 3904 τοῖς
332 3841 417 3896 ἔπ’
444 3840 778 3917 ἐγκλήμασιν
805 3840 1002 3897 ἁλοῦσι
1029 3841 1126 3905 τὰς
1153 3842 1426 3916 τιμωρίας
1454 3842 1675 3918 ὁρίζων.
1708 3843 1833 3916 Καὶ,

167 3929 266 3984 ’ίνα
301 3933 376 4002 μή
404 3951 455 3985 τι
484 3930 834 4005 θρασύνοιντο
864 3929 1000 3984 κατὰ
1026 3933 1134 3984 τῶν
1161 3928 1422 3998 ἐκδότων,
1465 3928 1829 4005 πρεσϐυτικὴν

173 4019 320 4094 ἦγον
348 4021 448 4089 τὴν
493 4019 738 4089 ἠλικίαν.
789 4021 845 4073 '0
897 4017 954 4074 δὲ
1000 4019 1203 4094 χρόνος
1252 4020 1409 4082 οὗτος
1440 4020 1530 4074 καὶ
1555 4027 1656 4088 τῆς
1686 4019 1832 4090 ἀξίας

172 4105 396 4184 ὑφεῖταί
425 4129 476 4162 τι
505 4113 621 4170 τοῖς
649 4109 1088 4185 τιμωρουμένοις
1117 4107 1416 4170 κολάσεως.
1456 4107 1740 4181 Μέμνηται
1773 4106 1831 4163 δὲ

170 4197 266 4252 καὶ
303 4195 527 4252 Πλάτων
557 4202 655 4252 τοῦ
685 4198 952 4270 ὀνόματος
983 4197 1201 4253 τούτου.
1235 4198 1296 4255 Ὁ
1321 4197 1421 4273 γὰρ
1465 4201 1561 4251 τοῦ
1611 4194 1828 4270 δεσμω-

167 4285 377 4361 τηρίου
407 4284 579 4364 φύλαξ
613 4285 761 4358 αύτῷ
799 4285 854 4341 ἐν
903 4287 949 4358 ᾧ
993 4283 1404 4341 κατεκέκλειπο
1453 4287 1481 4340 ὁ
1529 4287 1827 4358 Σωκράτης

166 4381 292 4436 τοῖς
325 4373 450 4451 περὶ
475 4373 721 4447 Σιμμίαν
741 4375 833 4428 καὶ
857 4369 1071 4445 Κέϐητα
1094 4372 1544 4449 διαλεγόμενος,‹‹
1579 4374 1769 4451 λύουσι
1796 4400 1823 4425 ››

170 4464 335 4541 φησὶ,
369 4448 408 4514 ‹‹⁷
429 4465 521 4518 τὸν
553 4463 816 4537 Σωκράτη
849 4465 900 4518 οἱ
932 4460 1144 4520 ἕνδεκα.
1179 4488 1209 4515 ››
1266 4448 1272 4449 7
1610 4448 1620 4457 ι

241 4571 337 4627 κε’.
369 4570 434 4626 Οἱ
467 4566 523 4624 δὶ
556 4566 829 4640 διαιτηταί
882 4571 992 4641 (καὶ
1023 4570 1495 4641 πεντηκοντούτης
1530 4570 1670 4626 ἐστὶν
1701 4567 1822 4625 ’ἐκα-

1966 1993 2106 2032 num
2142 1993 2256 2032 non
2307 1977 2676 2047 imponentes
2731 1977 2974 2033 mitibus
3016 1983 3071 2034 et
3118 1976 3386 2032 laborum
3417 1977 3617 2032 vacuis

1964 2065 2338 2120 adhaerebant
2359 2069 2643 2136 tanquam
2670 2064 2917 2120 multam
2947 2082 3184 2122 usuram
3215 2083 3318 2137 per
3347 2066 3616 2121 nauticos

1964 2171 2240 2209 nummos
2298 2153 2572 2224 operatis,
2603 2158 2660 2209 et
2713 2153 2811 2209 alii
2870 2155 3108 2225 quidem
3158 2152 3611 2220 declaraverant,

1960 2242 2221 2314 plerique
2252 2249 2446 2298 autem
2480 2243 2698 2298 frustra
2723 2242 3185 2311 clamitaverant,
3218 2259 3351 2299 eum
3387 2242 3485 2314 qui
3518 2243 3613 2298 de-

1959 2331 2282 2386 claraverat
2319 2331 2677 2403 impunitum
2715 2331 3143 2403 relinquebant,
3174 2348 3308 2387 eum
3340 2348 3473 2386 vero
3506 2330 3606 2402 qui

1958 2420 2356 2476 calumniatus
2399 2425 2524 2476 erat
2571 2420 2724 2476 oboli
2774 2422 3136 2489 multabant;
3168 2426 3225 2476 et
3273 2419 3470 2476 multas
3502 2437 3605 2476 no-

1960 2525 2092 2564 men
2123 2514 2248 2564 erat
2277 2503 2574 2565 ἐπωϐελία.

2027 2599 2118 2652 22.
2152 2597 2402 2652 Nomina
2432 2597 2667 2669 quidem
2702 2598 2999 2654 actionum
3031 2598 3172 2654 talia
3201 2603 3360 2654 sunt.
3394 2600 3471 2654 De
3501 2614 3606 2655 cae-

1957 2687 2100 2742 teris
2147 2692 2343 2742 autem
2395 2687 2720 2742 disserendi
2780 2692 3015 2759 tempus
3062 2692 3172 2754 est,
3225 2704 3259 2743 a
3306 2688 3602 2760 prytaneis

1955 2775 2308 2848 incipiendo.

2023 2867 2116 2921 23.
2151 2866 2501 2938 Prytaneum
2533 2872 2658 2921 erat
2687 2866 2837 2921 aedes
2868 2865 3122 2938 publica,
3151 2866 3404 2938 acceptis
3433 2871 3488 2922 et
3509 2867 3606 2922 do-

1955 2955 2048 3010 nis
2105 2955 2580 3010 determinatam.
2623 2954 2954 3026 Aceipiebat
3011 2959 3208 3011 autem
3259 2955 3332 3010 ab
3379 2955 3452 3011 iis
3500 2957 3602 3027 qui

1953 3061 2088 3099 cum
2133 3043 2401 3114 improbe
2447 3049 2846 3110 accusassent,
2881 3043 3014 3099 victi
3059 3044 3320 3111 fuerant;
3353 3044 3608 3100 donabat

1952 3149 2087 3189 vero
2141 3133 2210 3187 iis
2244 3131 2341 3201 qui
2385 3132 2617 3205 publice
2667 3134 2737 3187 de
2786 3133 2931 3187 urbe
2981 3133 3126 3187 bene
3176 3132 3364 3188 meriti
3413 3137 3602 3190 erant.

1953 3223 2094 3277 Inde
2151 3222 2306 3277 enim
2368 3238 2537 3276 mnes:
2599 3226 2805 3276 statua:
2864 3221 3284 3277 excellentibus
3340 3221 3502 3289 viris,
3551 3223 3601 3278 si

1951 3310 2184 3375 vellent,
2219 3310 2590 3381 ponebantur
2627 3315 2680 3364 et
2731 3311 3010 3366 frumenti
3062 3311 3270 3366 iisdem
3304 3311 3601 3380 quantitas

1950 3399 2343 3455 determinata
2390 3400 2684 3454 dabatur:
2738 3403 2794 3453 et
2853 3399 2952 3470 qui
3009 3399 3066 3453 in
3109 3400 3338 3456 castris
3386 3401 3601 3456 versati

1949 3493 2146 3556 erant;
2181 3504 2312 3543 cum
2349 3504 2552 3545 earum
2595 3493 2736 3542 aetas
2765 3488 3167 3556 deﬂoruisset;
3200 3488 3410 3544 veteris
3441 3489 3600 3546 mili-

1948 3578 2040 3632 tiae
2074 3582 2132 3632 et
2170 3576 2610 3649 expeditionum
2659 3592 2726 3632 ex
2774 3582 3052 3648 prytaneo
3085 3577 3411 3633 mercedem
3443 3578 3596 3632 acci-

1948 3666 2206 3738 piebant.

2015 3755 2106 3809 24.
2149 3754 2257 3819 Qui
2301 3758 2499 3810 autem
2548 3755 2910 3810 vocabantur
2958 3753 3251 3820 undecim,
3293 3753 3594 3825 judicialis

1944 3858 2230 3898 numerus
2285 3847 2409 3897 erat
2440 3859 2642 3913 poenas
2675 3843 2992 3897 decernens
3024 3842 3096 3896 iis
3128 3842 3228 3913 qui
3277 3842 3592 3898 criminum

1943 3932 2358 4003 arguebantur.
2392 3933 2471 3985 Ac
2502 3947 2574 3986 ne
2622 3931 2964 3986 audaciores
3013 3935 3211 3986 essent
3263 3934 3464 3986 contra
3493 3947 3593 3986 eos

1942 4019 2042 4090 qui
2101 4019 2247 4090 ipsis
2295 4019 2703 4084 tradebantur,
2737 4017 2982 4072 senilem
3036 4021 3266 4072 aetatem
3318 4017 3590 4088 agebant.

1939 4111 2074 4174 Quae
2106 4113 2246 4164 aetas
2298 4108 2629 4163 remittebat
2659 4105 2880 4178 punitis
2933 4105 3108 4161 etiam
3142 4104 3358 4176 aliquid
3409 4123 3593 4177 pcente

1937 4198 2166 4253 debitae.
2199 4196 2464 4252 Meminit
2497 4201 2553 4251 et
2583 4195 2744 4250 Plato
2795 4195 2978 4266 hujus
3023 4193 3296 4249 nominis.
3331 4194 3594 4250 Carceris

1937 4287 2094 4344 enim
2127 4287 2186 4341 in
2220 4303 2336 4356 quo
2370 4285 2784 4341 includebatur
2809 4288 3074 4340 Socrates
3104 4288 3304 4339 custos
3333 4283 3589 4339 Simmiaa

1935 4382 1992 4431 et
2021 4376 2215 4431 Cebeti
2248 4375 2332 4431 sic
2363 4374 2627 4446 loquitur
2662 4392 2710 4430 ;‹‹
2745 4375 3008 4441 Solvunt,
3042 4373 3254 4446 inquit,
3289 4373 3588 4429 Socratem

1937 4466 2219 4521 undecim.
2257 4487 2285 4515 »

2001 4557 2091 4609 25.
2125 4554 2343 4609 Arbitri
2395 4559 2591 4609 autem
2626 4552 3079 4624 (quinquaginta
3105 4554 3355 4623 quisque
3401 4571 3588 4610 annos

166 4679 320 4729 στος,
385 4653 668 4732 βεϐιωκὼς
717 4659 908 4735 ἄριστα
955 4659 1044 4714 καὶ
1089 4659 1266 4730 πάσης
1311 4659 1484 4722 αἴτίας
1533 4657 1820 4735 ἀπηλλαγ-

1962 4649 2108 4699 latus
2147 4648 2257 4709 est,
2292 4643 2510 4714 optime
2538 4643 2682 4696 vixit
2711 4647 2768 4697 et
2795 4642 2994 4697 omnis
3043 4641 3309 4696 criminis
3355 4659 3583 4714 expers,

169 4749 354 4821 μένος,
411 4748 600 4820 νόμων
646 4767 706 4801 τε
756 4745 1003 4820 εἱδήμων
1061 4748 1152 4802 καὶ
1203 4748 1457 4810 καθιστὰς
1486 4750 1580 4810 τὰς
1609 4751 1820 4826 γραφὰς

168 4837 251 4898 εἰς
284 4837 345 4890 τὸ
379 4835 622 4913 μέτριον,
653 4835 742 4891 καὶ
771 4837 834 4892 τὸ
876 4834 1006 4892 ὅλον
1039 4835 1404 4913 εἰρηνοδίκης)
1463 4843 1581 4899 τοῖς
1635 4838 1823 4900 αὐτοῖς

170 4924 508 4987 διαιτοῦντες
557 4925 654 4986 τὰς
698 4925 816 4980 κατ’
863 4922 1132 4996 ἀλλήλων
1189 4927 1418 5004 γραφάς.
1473 4924 1568 4998 Τῷ
1627 4922 1683 4980 Si
1743 4927 1818 4998 μὴ

165 5013 466 5090 αύτόχθονι
518 5014 626 5069 οὐκ
681 5012 861 5092 ἐφεῖτο
910 5013 1130 5069 εἰσιέναι
1176 5015 1322 5090 παρὰ
1369 5015 1459 5069 τὸν
1516 5012 1818 5084 διαιτητὴν,

168 5101 298 5158 οὔτε
330 5100 585 5158 διώκοντι
621 5100 744 5158 οὔτε
773 5101 1047 5178 φεύγοντι.

241 5194 344 5255 κζ’.
373 5193 441 5249 υἱ
472 5189 530 5247 δὲ
551 5191 826 5265 ἐπώνυμοι
851 5191 1180 5268 ἆντιστροφή
1212 5192 1300 5254 τίς
1331 5190 1495 5262 ἑστιν,
1525 5193 1599 5254 ὡς
1631 5187 1822 5266 ἔμοιγε

164 5279 346 5347 δοκεῖ,
396 5275 685 5354 ὀνόματος.
734 5279 870 5335 Δέκα
913 5282 1014 5355 γὰρ
1056 5277 1253 5354 ἄνδρας
1280 5285 1389 5334 τῶν
1419 5278 1821 5352 πεπολιτευμέο

162 5375 277 5425 νῶν
329 5370 412 5424 ἐπ’
445 5368 675 5444 εὐτυχίᾳ
720 5375 822 5439 τῆς
863 5367 1082 5430 πόλεως
1124 5371 1242 5432 καθ’
1299 5369 1546 5440 ἑαυτοὺς,
1575 5371 1648 5431 ὡς
1699 5367 1822 5424 ἔτυ-

166 5480 271 5534 χεν
337 5456 828 5530 ἔπωνομασμένους
897 5454 1312 5533 παραδείγματα
1379 5464 1495 5519 τοῖς
1566 5457 1820 5519 πολίταις

168 5547 438 5615 ἐτίθεσαν,
479 5547 725 5609 καὶτοὺς
789 5547 884 5619 μὶν
941 5543 1102 5618 τῷδε,
1141 5546 1272 5610 τοὺς
1326 5545 1384 5602 δὲ
1415 5547 1602 5620 ἐκείνῳ
1658 5567 1821 5623 προσο

167 5638 388 5708 ἄνεμον,
419 5637 511 5690 καὶ
560 5636 651 5690 ἀπ’
701 5634 920 5700 ἐκείνων
956 5633 1266 5708 ὠνόμαζον,
1323 5638 1358 5704 ἢ
1423 5636 1640 5704 ζώντων
1690 5641 1822 5704 ζῶν-

166 5746 289 5795 τας,
324 5729 360 5798 ἢ
393 5727 729 5796 τεθνηκότων
775 5724 865 5780 καὶ
913 5721 1154 5799 χαλκαῖς
1187 5724 1559 5796 ἀνεστηκότων
1628 5724 1819 5793 εἰκόσι,

1931 4733 2249 4803 legumque
2299 4731 2522 4802 peritus
2555 4739 2662 4798 csl,
2695 4735 2751 4784 et
2799 4729 3205 4784 accusationes
3255 4731 3582 4786 secundum

1931 4820 2264 4892 equitatem
2317 4819 2640 4890 componit,
2672 4823 2728 4872 ct
2778 4817 2938 4887 pacis
2992 4822 3192 4872 custos
3217 4817 3328 4888 est)
3358 4818 3395 4871 ii
3445 4822 3585 4873 sunt

1930 4909 2028 4980 qui
2063 4907 2471 4963 accusationes
2493 4907 2563 4962 ad
2586 4905 2835 4960 invicem
2860 4904 3239 4959 arbitrantur.
3270 4905 3357 4960 Illi
3384 4911 3581 4960 autem

1931 4999 2030 5068 qui
2065 5015 2178 5053 non
2212 5001 2336 5051 erat
2363 4996 2641 5067 indigena
2681 5011 2795 5049 non
2841 4993 3051 5048 licebat
3080 4994 3366 5048 arbitrum
3399 4994 3579 5059 adire,

1930 5087 2052 5142 sive
2085 5090 2556 5156 persequeretur,
2590 5085 2713 5139 sive
2743 5099 2878 5139 reus
2908 5087 3080 5137 esset.

1999 5194 2090 5248 26.
2123 5192 2244 5247 Vox
2285 5190 2681 5262 cognominati
2731 5194 2820 5244 est
2867 5188 3133 5258 quaedam
3183 5186 3439 5242 nominis
3487 5187 3579 5243 in-

1930 5282 2144 5347 versio,
2177 5285 2242 5334 ut
2274 5281 2416 5334 mihi
2471 5280 2722 5333 videtur.
2760 5283 2958 5331 Decem
3002 5276 3157 5329 enim
3189 5276 3342 5330 viros
3391 5294 3457 5332 ex
3509 5277 3583 5333 iis

1931 5370 2031 5441 qui
2056 5383 2332 5441 prospere
2355 5367 2777 5439 rempublicam
2803 5381 2904 5435 per
2925 5381 2986 5420 se
3008 5363 3581 5432 administraverant,

1931 5463 1989 5514 et
2019 5457 2280 5530 quolibet
2321 5456 2558 5510 nomine
2591 5454 2902 5525 insignitos
2948 5457 3012 5506 ut
3058 5450 3412 5523 exemplaria
3443 5455 3581 5508 civi-

1931 5549 2044 5602 bus
2093 5547 2528 5618 proponebant;
2562 5549 2619 5599 et
2648 5542 2794 5598 alios
2825 5541 3062 5612 quidem
3095 5540 3253 5607 huic,
3285 5541 3416 5596 aliis
3448 5558 3578 5597 vero

1930 5634 2016 5691 illi
2040 5634 2431 5699 ascribebant,
2457 5639 2516 5688 et
2539 5633 2610 5687 ab
2632 5631 2752 5686 illis
2774 5629 3267 5700 cognominabant
3288 5629 3411 5684 sive
3432 5629 3577 5684 vivis

1931 5725 2051 5779 sive
2086 5724 2332 5778 mortuis
2363 5731 2418 5777 et
2438 5738 2627 5777 aeneas
2654 5725 2880 5776 statuas
2901 5719 3221 5789 erigentes;
3247 5719 3400 5772 unde
3429 5719 3575 5774 alios
