4060 6348
423 376 581 435 1015

1756 379 2182 442 MICHAELIS
2225 380 2495 442 PSELLl

3683 382 3848 442 1016

424 507 713 563 vocabant
742 507 1016 577 Pericles,
1037 509 1181 565 alios
1226 526 1359 566 vero
1396 511 1722 583 Agesilaos.
1753 513 1908 577 Quos
1956 511 2073 568 ele-

2217 510 2510 587 Ιερικλέας,
2544 513 2588 566 εἰ
2618 514 2803 590 τύχοι,
2836 515 2924 569 καὶ
2952 511 3323 590 Ἀγησιλάους
3353 514 3846 585 κατανομάζοντες.

425 600 630 666 gerant
683 596 891 651 heroas
962 597 1371 669 appellabant;
1430 616 1750 673 eponymos
1796 619 1929 656 vero
1980 618 2078 656 eos

430 700 578 754 quos
631 684 712 738 ita
760 686 1340 757 cognominaverant.
1392 690 1458 742 Et
1510 688 1870 761 quicumque
1922 690 2080 762 leges

431 773 902 841 introducebant,
937 777 1175 831 attentis
1206 778 1534 848 eponymis,
1569 779 1993 849 proponebant,
2027 782 2084 833 et

431 860 669 917 omnino
702 862 871 932 quasi
901 863 973 919 iis
1017 864 1490 936 inspicientibus,
1524 867 2083 939 rempublicamiad-

432 950 873 1007 ministrabant.

500 1040 590 1093 27.
626 1039 831 1096 Scriba
881 1046 1074 1097 autem
1108 1048 1166 1098 et
1196 1045 1388 1100 scriba
1418 1045 1804 1100 secundarius
1846 1045 2086 1101 humilis

429 1128 679 1184 actionis
728 1146 942 1184 nomen
997 1136 1106 1186 est.
1139 1132 1377 1188 Judices
1425 1134 1581 1188 enim
1634 1138 2085 1205 praetercurrens

422 1216 670 1287 justitiaa
710 1235 883 1275 voces
942 1222 1198 1276 notabat.
1236 1222 1398 1277 Unde
1447 1227 1503 1278 et
1550 1223 1973 1280 Demosthenes
2026 1225 2083 1277 in

431 1306 814 1371 responsione
870 1308 1152 1364 irridebat
1198 1310 1528 1367 Eschinem
1583 1312 1691 1367 hoc
1750 1317 1922 1368 utens
1981 1328 2086 1367 no-

432 1395 611 1449 mine.

500 1486 591 1538 28.
624 1485 835 1539 Contra
866 1486 1090 1557 sciptor
1120 1484 1523 1563 (ἀντιγραφεύς)
1547 1490 1748 1545 eadem
1782 1490 1992 1562 agebat
2021 1507 2087 1545 ac

434 1572 630 1628 scriba
661 1574 1071 1645 secundarius,
1096 1582 1334 1648 excepto
1366 1579 1519 1649 quod
1551 1578 1649 1634 ille
1681 1585 1835 1634 sorte
1864 1578 2087 1634 electus

438 1660 819 1731 magistratus
862 1668 1005 1718 erat.
1040 1665 1107 1718 Et
1135 1682 1499 1738 quaecunque
1530 1672 1772 1724 senatus
1804 1667 2087 1723 adminis-

436 1750 634 1804 trabat
663 1755 865 1806 contra
895 1752 1147 1825 scriptor
1176 1755 1399 1811 calamo
1433 1758 1693 1812 notabat.

2189 600 2449 656 Ἐκάλουν
2487 599 2541 655 δὲ
2570 603 2697 665 τοὺς
2749 602 3095 678 ἐπιλεγέντας
3142 603 3351 677 ἥρωας,
3402 600 3725 675 ἐπωνύμους
3789 600 3848 657 δὶ

2189 687 2317 749 τοὺς
2346 690 2463 744 κατ’
2494 688 2730 754 ἐκείνους
2762 691 3184 763 ὠνομασμένους
3218 688 3361 743 οὕτω
3392 686 3603 745 καλεῖν.
3659 688 3757 743 Καὶ
3793 691 3847 743 οἱ

2189 776 2316 831 τοὺς
2350 778 2554 851 νόμους
2587 780 2967 857 εἰσηγούμενοι
3001 778 3091 835 ἐπὶ
3120 785 3238 841 τοῖς
3287 777 3601 850 ἐπωνύμοις
3628 778 3850 843 τούτοις

2193 864 2449 939 ἐτίθεσαν,
2482 869 2572 922 καὶ
2619 870 2831 932 πάντως
2880 869 2959 923 ἐπ’
3004 869 3230 930 ἐκείνοις
3275 868 3349 930 ὠς
3378 867 3617 945 ἐφορῶσι
3646 866 3713 920 τά
3739 874 3847 936 τῆς

2193 955 2473 1019 πολιτείας
2508 956 2737 1031 διῴκουν
2767 963 3082 1035 πράγματα.

2266 1048 2364 1114 κζ’.
2414 1048 2474 1104 Ὁ
2517 1045 2572 1101 δὲ
2621 1051 2978 1124 γραμματεὺς
3010 1050 3045 1119 ἢ
3079 1046 3539 1124 ὑπογραμματεὺς
3597 1048 3851 1124 πράξεως

2196 1133 2447 1197 εὐτελοῦς
2496 1136 2633 1191 ἐστιν
2685 1133 2897 1210 ὄνομα.
2949 1136 3088 1200 Τοὺς
3147 1138 3251 1213 γὰρ
3304 1134 3556 1199 δικαστὰς
3609 1138 3849 1213 ὑποτρέ-

2194 1244 2311 1299 χων
2344 1225 2438 1287 τὰς
2485 1233 2584 1295 τῆς
2629 1226 2851 1301 θέμιδος
2897 1226 3221 1300 ἐσημειοῢτο
3270 1227 3469 1303 φωνάς.
3520 1228 3704 1283 Ἔνθεν
3754 1228 3849 1281 τοὶ

2195 1313 2284 1367 καὶ
2342 1315 2694 1387 Δημοσθένης
2747 1316 2798 1371 ἐν
2856 1323 2976 1378 ταῖς
3025 1316 3383 1391 ἀντικρίσεσιν
3437 1316 3720 1390 ἐπέσκωψε
3764 1321 3850 1387 τῷ

2195 1402 2436 1477 Αἰσχίνῃ
2466 1404 2528 1458 τὸ
2561 1400 2652 1458 tivo
2662 1426 2737 1477 μα

2266 1512 2357 1561 κη.
2391 1493 2451 1549 Ὁ
2483 1491 2541 1547 δὲ
2570 1492 2926 1571 ἀντιγραφεὺς
2954 1493 3122 1548 ταύτά
3156 1494 3250 1567 μὲν
3284 1491 3414 1569 ἕδρα
3441 1496 3520 1567 τῷ
3563 1496 3848 1570 ὑπογραμ-

2201 1587 2379 1653 ματεῖ,
2412 1580 2558 1651 πλὴν
2605 1581 2728 1637 ὅσον
2782 1581 2940 1644 οὗτος
2968 1580 3258 1659 κληρωτὸς
3306 1580 3486 1659 ἅρχωι
3543 1582 3846 1659 ἐτύγχανεν

2198 1667 2294 1727 ὢν.
2329 1671 2423 1724 Καὶ
2459 1672 2612 1740 ὅσσιὴ
2651 1670 2826 1745 βουλὴ
2859 1668 3041 1743 διῴκει
3062 1676 3345 1747 γράμματι
3380 1671 3847 1745 ἐνσημαινόμενος

2196 1760 2547 1837 ἀντιγραφεὺς
2579 1760 2914 1833 ὠνομάζετο.

506 1838 597 1891 29.
627 1839 792 1895 Sorte
812 1839 979 1896 electi
1003 1843 1388 1915 magistratus
1409 1849 1577 1901 erant
1603 1849 1940 1917 quaestores,
1964 1862 2086 1902 vec-

2268 1850 2363 1905 κο’.
2403 1848 2692 1923 Κληρωταὶ
2725 1847 2783 1904 δὲ
2812 1850 3005 1925 ἀρχαὶ,
3026 1849 3327 1928 πράκτορες
3357 1849 3604 1927 ἐκλογεῖς
3633 1850 3725 1906 καὶ
3753 1850 3850 1906 ἀν-

435 1926 704 1999 tigalium
736 1933 1032 1985 exactores
1064 1936 1120 1986 et
1149 1934 1693 2005 contrascriptores.

502 2035 617 2088 29'.
655 2037 781 2091 Haec
812 2041 883 2091 de
922 2039 1536 2111 contrascriptoribus.
1569 2042 1875 2098 Exactores
1917 2059 2087 2114 porro

433 2140 468 2178 a
499 2130 706 2178 senatu
740 2123 1113 2196 eligebantur
1142 2130 1376 2198 quando
1408 2128 1546 2184 belli
1579 2134 1841 2202 tempore
1873 2131 2087 2187 civium

432 2211 833 2282 opulentiores
865 2215 933 2269 de
965 2232 1071 2270 suo
1114 2217 1483 2272 contribuere
1537 2219 1845 2275 debebant.
1880 2221 1939 2275 Id
1990 2237 2089 2291 pe-

433 2300 620 2354 cuniae
653 2302 755 2371 qui
786 2302 1096 2374 exigebant
1125 2311 1425 2362 exactores
1456 2308 1836 2364 vocabantur.

503 2477 594 2531 30.
627 2480 954 2541 Quaestores
1000 2498 1134 2537 vero
1166 2484 1482 2553 quotannis
1514 2486 1742 2541 fructus
1775 2487 2092 2542 referentes

434 2570 603 2621 erant
646 2571 704 2622 et
751 2585 1009 2625 annuam
1060 2572 1434 2644 vectigalium
1482 2573 1834 2629 solutionem
1888 2576 2091 2631 aerario

438 2653 786 2711 inferebant.

508 2744 598 2799 3t.
630 2743 841 2801 Ternio
872 2763 1074 2803 recens
1121 2766 1333 2804 nomen
1375 2754 1464 2805 est
1493 2752 1649 2821 apud
1680 2751 2092 2824 Athenienses,

442 2830 768 2888 Clisthenes
799 2834 955 2889 enim
990 2837 1227 2905 quinam
1264 2837 1323 2891 in
1356 2838 1599 2909 triginta
1630 2846 1826 2911 partes
1857 2857 2087 2897 omnem

438 2920 694 2974 Atticam
726 2922 1060 2992 distribuit;
1094 2942 1348 2997 cumque
1386 2927 1578 2983 Attica
1610 2930 1821 3001 partim
1856 2937 2093 3003 propter

439 3024 596 3063 mare
640 3011 851 3079 jaceat,
887 3013 1101 3083 partim
1150 3016 1359 3071 mediis
1394 3016 1451 3071 in
1484 3018 1676 3085 terris,
1710 3018 1925 3090 partim
1956 3037 2090 3075 vero

438 3096 591 3152 circa
625 3099 829 3154 urbem
864 3103 1213 3171 extenditur,
1239 3104 1439 3161 decem
1468 3107 1703 3177 quidem
1740 3116 1934 3180 partes
1968 3126 2088 3165 ma-

439 3186 649 3240 ritimae
682 3190 901 3258 regioni
932 3191 1163 3259 tribuit,
1198 3195 1395 3249 decem
1431 3212 1561 3250 vero
1592 3196 1639 3251 ei
1675 3214 1801 3268 quae
1857 3198 1914 3252 in
1969 3216 2088 3253 me-

2195 1958 2500 1999 τιγραφεις.

2325 1959 2355 1991 α
2402 1959 2500 1999 εις.

2424 2028 2499 2083 Τὸ
2535 2029 2627 2099 μὲν
2662 2024 2753 2081 οὖν
2781 2032 2887 2081 τῶν
2922 2027 3287 2103 ἀντιγραφέων
3322 2026 3578 2097 δηλώσας
3618 2026 3850 2105 ἔφθασα.

2197 2115 2260 2169 Οἱ
2293 2112 2349 2169 δὲ
2380 2113 2628 2190 ἐκλογεῖς
2658 2116 2803 2191 παρά
2830 2124 2928 2186 τῆς
2964 2116 3173 2191 βουλῆς
3221 2116 3579 2192 ἐκληροῦντο,
3612 2117 3857 2187 ὁπηνίκα

2199 2204 2251 2259 ἐν
2284 2203 2516 2278 πολέμῳ
2535 2205 2924 2274 καθεστηκότες
2954 2206 3080 2268 τοὺς
3117 2206 3525 2282 εὐπορωτέρους
3557 2212 3666 2262 τῶν
3690 2206 3857 2262 πολι-

2197 2298 2306 2348 τῶν
2339 2289 2523 2369 ἔρανόν
2555 2316 2673 2349 τινα
2702 2299 2859 2369 κοινῇ
2893 2301 3305 2372 συνεισενεγκεῖν
3325 2294 3451 2351 ἔδει’
3470 2297 3560 2351 καὶ
3585 2297 3637 2351 οἱ
3658 2297 3858 2352 τούτον

2200 2380 2580 2456 ἐπιλεγόμενοι
2612 2382 2857 2459 ἐκλογεῖς
2885 2384 3257 2457 ὠνομάζοντο.

2273 2469 2340 2529 λ’.
2375 2472 2441 2529 Οἱ
2476 2469 2532 2526 δὶ
2580 2474 2879 2549 πράκτορες
2932 2472 3303 2552 ἐπετειοφόροι
3351 2474 3510 2543 ἦσαν,
3550 2476 3649 2543 τήν
3674 2474 3863 2529 ἐνιαύ-

2200 2581 2315 2615 σιον
2364 2566 2470 2615 τῶν
2523 2561 2802 2617 ὑποτελῶν
2835 2561 3142 2618 συντέλειαν
3173 2567 3255 2635 τῷ
3287 2560 3540 2636 δημοσιῳ
3575 2584 3861 2618 συνεισκο-

2204 2650 2472 2722 μίζοντες.

2272 2738 2374 2794 λα’.
2408 2737 2535 2794 Ἡδὶ
2559 2739 2776 2817 τριττὺς
2805 2743 3083 2818 νεωτέρων
3112 2736 3287 2815 ὄνομα
3324 2744 3471 2818 παρά
3512 2748 3631 2805 τοῖς
3684 2744 3863 2812 Ἀθη-

2198 2826 2372 2889 ναίοις
2405 2828 2534 2883 ἐστί.
2570 2828 2896 2901 Κλεισθένης
2950 2831 3051 2906 γὰρ
3086 2852 3191 2902 τις,
3224 2830 3301 2892 εἷς
3328 2833 3617 2905 τριάκοντα
3656 2832 3867 2905 μοίρας

2198 2917 2297 2984 τὴν
2328 2918 2580 2987 Ἀττικὴν
2610 2919 2816 2973 ἅπασαν
2872 2916 3173 2991 διανείμας,
3226 2917 3415 2989 ἐπειδὴ
3455 2920 3517 2974 τὸ
3551 2922 3646 2992 μὲν
3682 2920 3865 2990 αὐτῆς

2201 3004 2643 3071 ἐπιθαλαττίδιον
2676 3010 2766 3078 ἦν,
2797 3009 2858 3064 τὸ
2891 3007 2948 3063 δὲ
2979 3009 3065 3064 ἐπὶ
3108 3014 3206 3064 τοῦ
3254 3009 3420 3083 μέσου
3466 3017 3709 3080 καθῆστο
3752 3017 3866 3081 τῆς

2200 3096 2409 3172 χώρας,
2436 3101 2499 3152 τὸ
2532 3095 2588 3152 δὲ
2617 3099 2763 3172 παρά
2792 3100 2853 3152 τὸ
2886 3095 3015 3152 ἄστυ
3042 3098 3400 3172 συνέστρωτο,
3436 3097 3564 3154 δέκα
3594 3100 3693 3172 μὶν
3730 3100 3864 3171 μοί-

2209 3206 2302 3261 ρας
2333 3190 2401 3250 τῆ
2434 3184 2690 3261 παραλίῳ
2722 3189 3057 3263 συντέτευχε,
3111 3185 3239 3242 δέκα
3284 3185 3342 3242 δὲ
3388 3189 3714 3258 κατέστησεν
3768 3187 3865 3242 ἐπὶ

746 3248 779 3258 υ
1151 3248 1163 3259 ,
1599 3248 1637 3251 -ν
1684 3248 1798 3268 τ--ν
1969 3248 2058 3253 ----

442 3273 556 3328 diis
588 3276 759 3331 terris
783 3278 962 3347 jacet,
992 3281 1309 3351 drcemque
1332 3284 1381 3337 ei
1415 3301 1541 3355 quae
1570 3302 1747 3356 pr0pe
1776 3288 1975 3343 urbem
2008 3292 2086 3343 est

2214 3278 2303 3345 τὴν
2360 3276 2663 3351 μεσόγεεον,
2710 3273 2837 3330 δέκα
2889 3273 2945 3330 δὲ
2994 3276 3330 3350 ἀστυνόμους
3381 3275 3627 3347 ἐποίησε·
3671 3277 3863 3332 καὶτὸ

440 3360 680 3431 tribuit;
716 3368 773 3420 et
806 3382 1172 3439 unaquaeque
1202 3371 1374 3426 tertia
1406 3389 1541 3443 pars
1574 3375 1762 3431 ternio
1796 3377 2099 3434 nominata

448 3454 557 3506 est.

515 3540 606 3595 32.
641 3542 928 3608 Quoniam
958 3562 1089 3601 vero
1137 3547 1194 3601 in
1244 3549 1473 3621 Atticis
1501 3555 1941 3612 commentariis
1988 3558 2097 3613 hoc

445 3626 664 3683 dictum
698 3647 932 3702 quoque
964 3634 1442 3705 frequentissime
1480 3642 1753 3708 occurrit,
1789 3644 2096 3716 lutropho-

443 3733 576 3772 rum
628 3719 859 3775 tumulo
918 3739 1234 3793 apponero,
1270 3744 1385 3781 non
1437 3729 1672 3786 silentio
1724 3732 1834 3787 hoc
1882 3751 2094 3791 nomen

442 3809 914 3875 pretereundum
942 3816 1049 3865 est.
1073 3813 1470 3885 Lutropboros
1491 3835 1591 3873 vas
1614 3824 1704 3873 est
1725 3821 1793 3874 ad
1820 3821 2093 3879 balneum

442 3892 517 3948 iis
548 3896 646 3966 qui
682 3899 943 3954 nondum
977 3903 1271 3957 connubio
1293 3904 1484 3973 juncti
1510 3912 1651 3962 sunt
1680 3918 2093 3985 prmparatum,

443 3985 978 4057 connubiojunctis
999 3993 1383 4048 confractum.
1406 3994 1490 4049 Illi
1512 3996 1691 4067 igitur
1708 3999 1807 4069 qui
1834 4001 2093 4056 nondum

439 4072 713 4143 conjugio
738 4076 985 4144 junctus
1018 4084 1143 4134 erat
1173 4085 1229 4135 et
1261 4083 1360 4151 qui
1391 4088 1558 4139 natos
1594 4102 1707 4140 non
1739 4086 1962 4144 habens
1994 4090 2092 4145 de-

437 4158 678 4216 functus
710 4168 834 4218 erat
853 4182 953 4220 vas
987 4165 1132 4222 illud
1167 4169 1396 4225 tumulo
1428 4175 1833 4243 apponebatur
1864 4181 1927 4233 ut
1956 4183 2093 4234 aeta-

438 4248 517 4301 tis
550 4254 605 4303 et
637 4249 955 4308 liberorum
990 4255 1258 4311 orbitatis
1290 4260 1649 4328 symbolum.

508 4336 598 4389 33.
636 4336 781 4392 Illud
818 4346 1014 4397 autem
1050 4366 1077 4393 ‹‹
1112 4344 1379 4401 elationis
1412 4352 1670 4420 tempore
1700 4350 1961 4409 lanceam
2009 4356 2093 4411 ef-

437 4421 586 4479 ferre
620 4447 646 4473 »
680 4432 883 4485 contra
933 4445 1031 4486 eos
1087 4433 1185 4503 qui
1244 4435 1599 4505 occiderant,
1653 4444 1753 4495 aut
1808 4443 2095 4501 occidisse

436 4513 830 4583 putabantur,
888 4518 1212 4576 dicebatur.
1269 4524 1553 4582 Elationis
1612 4529 1771 4583 enim
1833 4537 2094 4604 tempore

2205 3364 2565 3437 τριτημόριον
2592 3362 2807 3437 τριττὺς
2841 3362 2944 3418 ὠνό
2955 3384 3147 3438 μαστο.

2278 3539 2387 3617 λβ’.
2419 3542 2565 3597 Ἐπεὶ
2600 3539 2657 3596 δὲ
2687 3541 2738 3597 ἐν
2768 3547 2888 3606 ταῖς
2906 3543 3179 3604 Ἀττικαῖς
3207 3541 3541 3619 ἀναγραφαῖς
3566 3540 3658 3596 καὶ
3689 3545 3863 3596 τοῦτο

2204 3635 2310 3685 τῶν
2351 3630 2646 3706 πολλαχοῦ
2697 3630 3010 3705 λεγομένων
3048 3632 3180 3703 ἐστὶ,
3226 3629 3597 3707 λουτροφόρον
3643 3629 3867 3695 ἐπιθεῖ-

2204 3743 2289 3776 ναι
2345 3722 2521 3797 τάφῳ,
2597 3718 2736 3794 μηδὲ
2792 3718 2953 3776 τοῦτο
3010 3719 3368 3796 παρέλθωμεν
3427 3717 3687 3792 τοῦνομα.
3728 3722 3863 3794 Ἀγ-

2203 3817 2349 3886 γεῖον
2405 3812 2431 3865 ὁ
2486 3809 2858 3887 λουτροφόρος
2911 3809 3022 3864 ἐστὶ
3076 3814 3188 3870 τοῖς
3248 3811 3416 3883 μήπω
3476 3810 3864 3883 μεγαμηκὸσιν

2206 3900 2292 3954 ἐπὶ
2317 3899 2383 3953 τὰ
2415 3898 2617 3973 λοῦτρα
2638 3899 3171 3973 παρακομιζόμενον,
3205 3900 3557 3966 συνοικήσασι
3588 3896 3647 3951 δὲ
3674 3918 3867 3972 παρα-

2205 3988 2537 4064 θραυὸμενον
2566 3991 2659 4059 Τῷ
2683 3989 2861 4042 τοίνυν
2895 3988 3092 4061 ἀγάμῳ
3119 3986 3210 4040 καὶ
3246 3983 3433 4040 ἄπαιδι
3464 3984 3864 4055 τελευτήσαντι

2202 4078 2353 4133 τουτὶ
2385 4078 2448 4133 τὸ
2495 4077 2711 4153 ἀγγεῖον
2758 4081 2836 4147 τῷ
2881 4076 3037 4154 τάφῳ
3068 4074 3267 4130 ἐτίθετο
3300 4069 3580 4148 σύμϐολον
3612 4075 3725 4147 ἅμα
3756 4082 3871 4144 τῆς

2202 4188 2261 4222 τε
2292 4166 2514 4237 ἡλικίας
2548 4166 2638 4221 καὶ
2666 4173 2772 4236 τῆσ
2803 4163 3080 4227 ἀπαιδίας.

2277 4347 2375 4421 λγ’.
2408 4346 2478 4400 Τὸ
2510 4343 2566 4401 δὲ
2596 4345 2676 4399 ἐπ’
2710 4344 2910 4422 ἐκφορᾷ
2941 4342 3070 4417 δόρυ
3095 4342 3382 4418 ἐξενεγκεῖν
3402 4343 3535 4398 κατά
3554 4346 3658 4395 τῶν
3678 4341 3871 4397 ἀποκ-

2202 4435 2464 4489 τενόντων
2516 4433 2735 4509 ἐλέγετο
2784 4436 2819 4503 ἢ
2871 4433 3013 4488 οὕτω
3052 4434 3450 4506 νομιζομένων.
3501 4432 3616 4489 Ἐπ’
3646 4430 3869 4507 ἐκφορᾷ

2204 4526 2307 4599 γὰρ
2339 4523 2620 4600 προϊόντες
2652 4524 2703 4577 οἱ
2736 4521 2948 4576 ἐκείνων
2966 4518 3221 4589 κηδεσταὶ
3255 4519 3385 4595 δόρυ
3418 4519 3865 4595 λελογχωμένον

435 4607 765 4671 praeeuntes
798 4612 1165 4664 mortuorum
1199 4615 1513 4668 necessarii
1558 4616 1823 4673 lanceam
1855 4623 2086 4693 cuspide

2214 4612 2293 4667 ἐπὶ
2325 4620 2426 4682 τῆς
2455 4611 2645 4678 κλίνης
2693 4612 2954 4676 ἐπέσειον,
3005 4609 3201 4685 δεῖγμα
3246 4613 3344 4679 τῆς
3396 4608 3711 4685 ἀναιρέσεως
3774 4606 3870 4662 ἔνο

438 4694 707 4746 ornatam
726 4709 906 4765 super
926 4695 1189 4754 lecticam
1214 4702 1537 4773 agitabant,
1554 4706 1614 4760 in
1639 4708 1808 4763 caedis
1832 4709 2093 4781 signum.

434 4773 655 4833 Deinde
685 4782 859 4838 caedis
883 4785 1175 4842 actionem
1207 4789 1565 4847 inducebant
1586 4794 1643 4848 in
1668 4812 1767 4849 eos
1793 4814 1942 4867 quos
1965 4816 2095 4857 reos

434 4880 564 4921 esse
595 4869 929 4928 credebant.
964 4874 1147 4931 Aliter
1176 4895 1292 4933 non
1326 4880 1412 4935 eis
1443 4880 1657 4937 licebat
1688 4901 1983 4942 accusare.

504 4972 592 5027 34.
628 4975 1058 5035 Colaoretorum
1092 4986 1288 5038 autem
1338 5002 1549 5042 nomen
1583 4993 1671 5043 est
1701 4991 1923 5062 absque
1952 4993 2092 5067 rhy-

434 5062 708 5135 mologia.
743 5067 807 5120 Ili
843 5074 981 5124 sunt
1011 5071 1196 5126 agrarii
1230 5076 1528 5144 custodes,
1551 5077 1840 5147 judiciale
1869 5062 2090 5139 triobo-

431 5148 578 5205 lium
612 5152 683 5207 iis
712 5156 812 5225 qui
836 5158 1109 5227 judicare
1141 5160 1344 5217 volunt
1375 5165 1822 5223 distribuentec.

502 5239 589 5293 35.
622 5242 958 5301 Hellenicus
1005 5253 1262 5318 quaestor
1291 5253 1560 5322 generale
1589 5257 1824 5327 quidem
1872 5276 2083 5317 nomen

429 5330 540 5394 est,
574 5329 644 5383 ad
686 5336 987 5405 proprium
1023 5342 1219 5393 tamen
1260 5345 1455 5397 actum
1488 5350 1734 5414 spectat.
1768 5347 2083 5404 Athenien-

427 5430 523 5470 ses
554 5420 731 5491 enim,
767 5438 898 5478 cum
956 5425 1214 5496 primum
1256 5427 1481 5486 insulas
1532 5433 1875 5490 invaserunt
1925 5454 2084 5494 mare

427 5514 801 5579 occupantes,
835 5514 1056 5569 tributa
1087 5533 1284 5572 annua
1329 5519 1692 5579 insularibus
1725 5525 2077 5598 imposuere,

428 5594 486 5644 et
512 5594 869 5654 tributorum
902 5607 1227 5660 exactorem
1261 5608 1489 5664 Graeciaa
1514 5594 1864 5682 quaestorem
1896 5594 2082 5671 nomi-

428 5694 645 5736 naveru
658 5690 740 5741 nt.

2207 4705 2318 4757 εἶτα
2345 4704 2445 4772 τὴν
2474 4699 2570 4756 τού
2598 4700 2763 4779 φόνου
2813 4701 3023 4778 γραφὴν
3081 4700 3301 4774 εἰσῆγον
3350 4706 3468 4762 καθ’
3517 4699 3588 4752 ὧν
3647 4695 3872 4767 ᾤοντο’

2206 4790 2394 4869 ἄγλως
2422 4793 2522 4867 γὰρ
2553 4791 2772 4867 γράφειν
2807 4789 2905 4844 ούκ
2934 4789 3136 4863 ἐφεῖτο.

2275 4967 2357 5024 λδ’
2402 4970 2471 5023 Τὸ
2521 4966 2578 5024 δὲ
2625 4973 2730 5023 τῶν
2782 4966 3131 5042 κολακρετῶν
3175 4963 3347 5040 ὄνομα
3377 4961 3875 5037 ἀνιτυμολόγητόν

2202 5060 2367 5114 ἐστιν.
2427 5058 2546 5113 Εἰσὶ
2604 5054 2660 5111 δὲ
2718 5058 2867 5111 οὗτοι
2920 5053 3376 5133 ταμειοφύλακες,
3424 5055 3486 5109 τὸ
3544 5050 3873 5109 δικαστικὸν

2202 5146 2568 5219 ἀπονέμοντες
2598 5151 2712 5207 τοῖς
2742 5144 3044 5222 ἐφειμένοις
3076 5141 3311 5212 δικάζειν
3341 5137 3666 5219 τριώϐολον.

2272 5254 2367 5311 λε’.
2400 5256 2457 5307 Ὀ
2492 5252 2548 5309 δε
2580 5251 2987 5325 ἐλληνοταμίας
3017 5251 3228 5327 γενικὸν
3266 5251 3361 5323 μὲν
3386 5248 3528 5304 ἐστὶν
3547 5246 3744 5318 ὄνομα,
3785 5250 3875 5311 εἷς

2197 5342 2378 5413 ἰδικὴν
2440 5341 2497 5398 δὲ
2550 5344 2804 5420 κφάτεισι
2865 5342 3074 5415 πρᾶξιν.
3141 5341 3425 5409 Ἀθηναῖοι
3481 5338 3606 5411 γὰρ,
3657 5334 3870 5405 ἐπειδή

2195 5438 2410 5507 πρῶτον
2460 5438 2579 5494 ταῖς
2625 5433 2815 5501 νήσοις
2866 5424 3135 5499 ἐπέϐησαν
3200 5426 3821 5499 θαλαττοκρατήσαντες
3851 5471 3867 5493 ,

2194 5522 2397 5600 φόρους
2442 5527 2559 5585 τοῖς
2615 5520 2910 5589 νησιώταις
2962 5517 3210 5588 ἐτησίους
3269 5516 3544 5588 ἐτάξαντο,
3603 5514 3696 5568 καὶ
3755 5516 3865 5569 τὸν

2192 5610 2602 5690 φορολογοῦνται
2656 5608 2723 5664 τά
2775 5610 3040 5682 χρήματα
3073 5604 3475 5679 ἐλληνοταμίαν
3532 5602 3862 5677 ὠνόμαζον.
