4060 6348
227 413 386 475 1017

1407 424 1510 484 DE
1554 421 1962 486 ACTIONUM
2008 417 2472 482 NOMINIBUS.

3486 423 3643 484 1018

301 546 404 610 λς’.
423 549 748 623 Ἀριθμοῦσι
780 549 838 606 δὲ
865 551 960 614 τὰς
986 555 1198 630 ἡμέρας
1227 559 1324 610 τοῦ
1357 557 1528 629 μηνὸς
1558 559 1610 611 οἱ
1642 555 1877 613 Ἀττικοῖ

2067 554 2158 610 36.
2189 552 2284 610 Sic
2314 559 2504 611 autem
2542 553 2765 611 mensis
2791 554 2916 610 dies
2949 555 3120 610 Attici
3155 560 3485 612 munerant.
3508 557 3644 613 Sin-

228 633 425 700 οὕτως.
484 639 967 716 Τριακονθῆμερον
1025 639 1248 698 ἕκαστον
1325 650 1432 700 τῶν
1496 650 1687 718 μηνῶν
1745 642 1889 699 οἷόν-

222 746 340 781 ται.
391 725 516 796 Καὶ,
549 727 626 790 εἱς
673 734 820 802 τρεῖς
869 727 1094 796 δεκάδας
1135 738 1328 788 τοῦτον
1380 731 1738 810 διαιροῦντες,
1785 735 1885 802 τὴν

233 813 331 885 μὶν
382 814 606 890 πρώτην
655 825 758 888 τῆς
807 820 1035 893 πρώτης
1087 819 1310 887 δεκάδος
1337 823 1636 896 νουμηνίαν
1693 823 1888 878 ἄπονο-

236 904 639 975 μάζουσιοτὰς
693 905 750 962 δὶ
799 909 920 982 ἑξῆς
983 909 1148 986 μέχρι
1203 919 1304 982 τῆς
1362 909 1889 988 δεκάδος,δευτὲραν

221 993 317 1045 καί
356 993 570 1064 τρίτην,
602 995 693 1050 καὶ
737 995 927 1068 ἐνάτην
989 997 1242 1057 καλοῦσι.
1276 1002 1426 1059 Μετὰ
1475 999 1532 1056 δὲ
1572 1003 1675 1071 τὴν
1729 1003 1886 1077 πρώ-

219 1101 326 1168 την
384 1080 586 1139 δεκαδα
644 1083 1038 1164 άναστρέφουσι
1122 1088 1249 1152 τοὺς
1315 1090 1605 1168 ἀριθμοὺς,
1661 1095 1884 1167 πρώτην

224 1167 318 1258 ξπὶ
372 1169 501 1227 δέκα
550 1173 820 1250 λέγοντες,
851 1178 942 1232 καὶ
977 1175 1234 1255 δευτέραν
1291 1181 1377 1236 καὶ
1429 1181 1617 1258 τρίτην
1675 1180 1886 1255 ὁμοίως

219 1254 358 1334 ἄχρι
387 1267 488 1330 τῆς
547 1262 784 1326 εἰκάδος.
818 1268 935 1336 Τήν
997 1264 1055 1322 δὶ
1115 1265 1302 1324 εἷ’κᾶδα
1362 1254 1644 1347 ὑστεραίαν
1693 1254 1889 1324 δεκάδα

220 1348 537 1425 φάσκοντες,
601 1355 895 1431 γηράσκειν
975 1355 1156 1432 ὥσπερ
1246 1357 1486 1424 ἐντεῦθεν
1563 1360 1653 1416 τὸν
1745 1367 1889 1435 μῆνα

217 1439 507 1514 ἡγοῦνται,
552 1443 641 1497 καὶ
693 1447 816 1522 φασὶ
863 1446 1093 1520 πρώτην
1153 1447 1436 1524 φθίνοντος
1491 1451 1582 1504 καὶ
1635 1447 1883 1526 δευτέραν

216 1527 525 1615 φθίνοντος,
561 1532 649 1586 καὶ
701 1531 927 1604 ἐννάτην
986 1535 1223 1610 ὁμοίως.
1268 1538 1383 1608 Τὴν
1433 1536 1490 1594 δὲ
1535 1560 1598 1615 γε
1621 1537 1886 1614 τριακάδα

216 1613 349 1689 ἕνην
380 1619 469 1674 καὶ
496 1619 614 1676 νέαν
649 1621 1048 1696 ὀνομάζουσιν.

297 1723 566 1794 λζ’.Ἐπεί
599 1726 657 1784 δὲ
679 1731 767 1785 καὶ
799 1733 861 1786 τὸ
884 1739 988 1802 τῆς
1020 1731 1342 1807 δοκιμασίας
1371 1731 1545 1809 ὄνομα
1575 1735 1721 1792 πολὺ
1739 1739 1886 1813 παρὰ

217 1820 344 1876 τοῖς
399 1815 750 1888 Ἑλληνικοῖς
813 1821 1218 1898 συγγράμμασι,
1277 1829 1494 1900 πρῶτον
1558 1827 1652 1899 μὲν
1722 1831 1883 1882 τοῦτο

1997 641 2169 713 gulos
2200 660 2434 700 menses
2482 644 2726 716 triginta
2767 644 2974 701 diebus
3019 649 3359 702 constantes
3405 646 3640 704 habent.

1997 731 2068 786 Et
2112 732 2296 788 intres
2348 733 2600 788 decadas
2646 749 2912 788 mensem
2973 733 3324 801 dividentes,
3385 735 3644 806 primum

1997 821 2152 876 diem
2214 820 2410 891 prima;
2459 821 2698 876 decadis
2769 821 3138 878 novilunium
3200 823 3645 895 cognominant,

1999 908 2260 981 aliosque
2291 911 2564 982 usquead
2600 911 2777 966 finem
2813 912 3053 968 decadis
3081 913 3413 968 secundum
3437 917 3495 969 et
3526 917 3641 969 ter-

1996 999 2144 1054 tium
2196 1003 2253 1055 et
2299 1017 2516 1056 nonum
2566 1005 2794 1056 vocant.
2845 1005 2985 1058 Post
3031 1003 3282 1074 primam
3313 1018 3446 1059 vero
3478 1003 3645 1059 deca-

1995 1091 2128 1146 dem
2162 1091 2460 1148 invertunt
2507 1108 2802 1161 numeros,
2838 1093 3096 1165 primum
3129 1097 3186 1148 et
3232 1093 3524 1150 decimum
3559 1095 3642 1148 di-

1997 1184 2213 1251 centes,
2241 1185 2298 1236 et
2318 1181 2645 1238 secundum
2680 1185 2738 1238 et
2773 1182 3011 1237 tertium
3044 1182 3338 1238 decimum
3370 1181 3644 1240 similiter

1998 1285 2186 1340 usque
2235 1271 2305 1324 ad
2351 1271 2716 1327 vicesimum.
2769 1272 3037 1327 Eicadem
3105 1276 3301 1328 autem
3370 1271 3640 1328 ultimam

1997 1358 2274 1414 decadem
2311 1359 2699 1432 appellantes,
2736 1361 3105 1418 insenescere
3126 1361 3294 1434 quasi
3318 1361 3453 1417 inde
3475 1376 3604 1417 men
3620 1392 3642 1404 ο

1997 1463 2117 1502 sem.
2151 1449 2490 1520 opinantur,
2538 1455 2593 1505 et
2641 1450 2847 1507 dicunt
2897 1453 3156 1524 primum
3189 1452 3345 1507 diem
3378 1450 3640 1506 finientis

1995 1543 2048 1592 et
2079 1539 2405 1593 secundum
2438 1538 2722 1609 finientis,
2771 1545 2827 1596 et
2866 1557 3087 1596 nonum
3113 1539 3407 1597 similiter.
3444 1539 3641 1595 Tricea

1996 1625 2216 1681 simum
2247 1643 2383 1682 vero
2415 1627 2574 1683 diem
2605 1634 2857 1684 veterem
2889 1633 2947 1684 et
2976 1645 3186 1685 novam
3210 1628 3539 1684 nominant.

2064 1730 2153 1782 37.
2184 1730 2470 1793 Quoniam
2503 1735 2696 1787 autem
2733 1732 3096 1804 probationis
3136 1748 3347 1789 nomen
3372 1733 3642 1803 frequen-

1995 1821 2082 1875 ter
2121 1820 2270 1891 apud
2321 1820 2631 1877 historicos
2679 1821 2954 1892 occurrit,
3003 1821 3260 1893 primum
3293 1822 3532 1893 quidem
3565 1823 3637 1878 de

218 1902 310 1958 ἐπὶ
370 1903 477 1960 τῶν
537 1905 1051 1984 ἑπιτροπευομὲνων
1107 1913 1314 1968 παίδων
1361 1915 1586 1972 τίθεται.
1628 1919 1726 1974 Ἠν
1781 1917 1877 1992 γάρ

1994 1909 2194 1982 pueris
2244 1910 2355 1964 sub
2403 1909 2586 1966 tutela
2613 1911 2956 1967 constitutis
3012 1911 3272 1984 ponitur.
3307 1911 3432 1967 Illic
3478 1911 3634 1966 enim

216 1992 408 2081 αὐτοῖς
467 1995 772 2070 ὡρισμένος
825 1999 1048 2074 χρόνος,
1105 1999 1186 2080 ἐφ’
1243 2002 1304 2056 οὗ
1381 2005 1699 2081 γενομένοις
1763 2011 1881 2068 τοῖς

220 2079 481 2169 ὀρφανοῖς
539 2085 708 2158 νόμος
765 2088 910 2163 παρά
963 2094 1074 2145 τῶν
1143 2079 1450 2167 ἓπιτρόπων
1516 2095 1582 2149 τὰ
1655 2099 1884 2169 πατρῷα

217 2165 546 2245 λαμϐάνειν,
595 2174 685 2229 καὶ
736 2176 764 2230 6
807 2176 896 2232 ἐπὶ
943 2182 1040 2234 τοῦ
1089 2180 1342 2236 τοιούτου
1390 2182 1597 2258 χρόνου
1656 2179 1879 2260 ἀκριϐα-

217 2260 361 2331 σμὸς
433 2258 728 2335 δοκιμασία
800 2265 1036 2342 ἐλέγετο.
1091 2270 1318 2326 Ἔπειτα
1384 2258 1735 2346 κυριώτερον.
1792 2272 1881 2328 ἐπὶ

215 2351 325 2403 τῶν
377 2349 452 2412 εἷς
502 2352 681 2428 ἀρχὴν
731 2350 1183 2430 ἐμϐιϐαζομένων
1229 2361 1262 2431 ἢ
1327 2359 1672 2437 λειτουργίαν
1717 2362 1881 2418 πολι-

213 2438 376 2506 τικήν
463 2441 498 2509 ἡ
581 2437 875 2516 δοκιμασία
955 2442 1430 2521 παρελαμϐάνετο.
1491 2448 1880 2524 Ἐδοκιμάζετο

211 2526 322 2602 γὰρ
369 2528 398 2582 6
451 2531 755 2606 στρατηγὸς
801 2535 890 2588 καὶ
945 2536 972 2589 ὁ
1023 2531 1358 2612 πρεσϐευτὴς
1407 2538 1497 2592 καὶ
1547 2540 1575 2593 ὁ
1607 2537 1881 2616 δᾳδοῦχος

213 2615 304 2670 καὶ
361 2615 388 2670 ὁ
435 2617 785 2693 ἱεροφάντης,
835 2621 967 2698 ὅπερ
1008 2622 1174 2695 ἐστὶν,
1228 2625 1513 2697 ἐξητάζετο
1564 2629 1609 2682 εἱ
1664 2615 1874 2703 προση-

217 2723 334 2757 κων
369 2703 480 2760 ἐστὶ
503 2711 583 2779 τῷ
612 2707 916 2784 πράγματι.

291 2791 404 2881 λη’.
428 2795 502 2850 Τὸ
533 2793 591 2850 δὲ
616 2795 670 2860 ἐς
698 2798 1041 2876 Κυνόσαργες
1084 2803 1257 2857 τόπου
1310 2805 1406 2876 μὲν
1453 2803 1594 2860 ἐστιν
1655 2802 1831 2881 ὄνομα
1861 2827 1874 2842 ³

214 2879 327 2935 ἀπὸ
389 2880 453 2974 δὲ.
501 2905 648 2948 τινος
702 2888 944 2964 ἱστορίας
995 2893 1560 2956 συντέθειται.’[1άλαι
1615 2897 1709 2968 μὶν
1759 2879 1876 2974 γὰρ

208 2976 332 3033 τοῖς
393 2969 574 3037 νόθοις
631 2974 850 3039 οὐδενὸς
908 2983 1074 3051 μετῆν
1130 2977 1252 3036 οὔτε
1303 2987 1410 3037 τῶν
1463 2984 1719 3059 μετρίων,
1754 2984 1878 3042 οὔτε

213 3064 335 3152 τῶν
375 3060 676 3119 πολιτικῶν
709 3067 973 3142 Ἀθήνῃσι
998 3089 1010 3102 ·
1046 3076 1307 3145 χρησμοῦ
1356 3069 1414 3128 δὲ
1463 3073 1730 3152 Δελφόθεν
1787 3075 1876 3131 ἐκ·

215 3147 467 3214 δοθέντος
517 3154 606 3208 τὸν
660 3153 720 3210 ἐκ
773 3155 900 3220 Διὸς
946 3159 1036 3214 καὶ
1087 3158 1407 3234 Ἀλκμήνης
1453 3147 1678 3228 τούτους
1729 3164 1872 3239 ἐξευ-

216 3240 550 3311 μενίζεσθαι.
622 3245 810 3318 βωμόν
868 3267 926 3301 τε
1002 3249 1420 3326 ἀνεγηγέρκασιν
1479 3253 1740 3327 Ἡρακλεῖ
1782 3255 1870 3310 καὶ

212 3327 523 3386 συντέλειαν
557 3332 794 3390 ἐπέτειον
845 3333 934 3390 ἐπὶ
980 3343 1100 3400 ταῖς
1151 3339 1358 3405 θυσίαις
1409 3341 1588 3415 τούτῳ
1646 3347 1878 3418 συνεψη-

211 3416 462 3508 ιρᾷίσαντο.
498 3422 825 3496 Ὠνόμασται
872 3422 929 3480 δὶ
983 3427 1046 3481 τὸ
1106 3430 1320 3504 χωρίον
1382 3429 1558 3508 ἐφ’οῦ
1614 3432 1676 3487 τὸ
1732 3416 1876 3507 ἱερὸν

200 3505 403 3581 ’ίδρυτο
481 3511 837 3590 Κυνόσαργες.
892 3518 1070 3573 Τοῦτο
1152 3514 1209 3572 δὶ
1274 3505 1586 3593 νενόμισται
1651 3523 1734 3576 δτι
1784 3505 1874 3578 καὶ

208 3598 494 3686 Ἡρακλῆς
581 3603 682 3658 οὐκ
752 3603 973 3680 ἐγγενής
1051 3607 1161 3662 ἆστι
1213 3609 1331 3673 θεὸς
1390 3608 1504 3665 οὐδ’
1562 3612 1875 3686 ἀγέννητος,

211 3685 363 3742 ἀλλὰ
417 3689 681 3764 πατρόθεν
745 3693 839 3764 μὲν
897 3695 1126 3766 ἁπλοῦς,
1185 3697 1454 3773 μητρόθεν
1514 3697 1571 3755 δὲ
1612 3685 1879 3765 σύνθετος

209 3777 302 3830 καὶ
361 3778 519 3842 νόθος
579 3780 654 3844 εἰς
706 3783 798 3836 τὸν
858 3782 1091 3857 ἀριθμὸν
1148 3786 1240 3840 καὶ
1303 3788 1718 3863 παράγραπτος.
1781 3793 1876 3847 Διά

209 3868 375 3921 τοῦτό
437 3889 597 3944 φασιν
645 3871 881 3926 Ἀττικοὶ
921 3871 974 3935 ἐς
1029 3874 1368 3952 Κυνόσαργες
1423 3877 1694 3934 συντελεῖν
1749 3880 1878 3944 τοὺς

207 3955 429 4020 νόθους.

289 4043 392 4101 λο’.
423 4048 545 4103 Τῶν
577 4048 887 4120 Ἀθηναίων
927 4051 1215 4116 ἀκούοντες
1246 4053 1298 4109 ὲν
1340 4060 1458 4120 τοῖς
1489 4057 1874 4134 συγγράμμασι

205 4133 341 4196 τοὺς
402 4137 496 4206 μὲν
571 4134 776 4199 ἄλλους
832 4139 988 4201 θεοὺς
1051 4141 1332 4214 ὀμνύντων
1393 4143 1606 4215 ἁπλῶς,
1666 4149 1756 4202 τὸν
1818 4147 1875 4203 δὲ

207 4220 550 4280 Ἀπόλλωνα
597 4228 962 4303 προτιθέντων
1004 4229 1086 4285 ὅτι
1147 4235 1397 4306 πατρῷός
1459 4233 1570 4289 ἐστι
1612 4237 1712 4305 τὴν
1772 4238 1871 4291 πό-

211 4309 328 4380 λιν,
357 4313 560 4385 ταύτην
621 4318 844 4391 ἡγεῖσθε
899 4319 998 4388 τήν
1061 4319 1258 4378 αἰτίαν.
1307 4327 1533 4397 Πρῶτον
1587 4323 1868 4401 ἄνθρωπον

208 4399 271 4455 ἐκ
323 4407 424 4470 τῆς
470 4404 724 4475 Ἀττικῆς
782 4415 1107 4481 γεγενῆσθαι
1166 4411 1504 4485 νομίζουσιν,
1565 4416 1678 4468 οἷον
1740 4437 1871 4491 συγ-

207 4488 509 4563 γενομένου
563 4492 728 4562 ἡλίου
781 4499 848 4568 τῇ
904 4499 997 4572 γῇ,
1031 4498 1066 4567 ἢ
1103 4499 1469 4575 φυσικώτερον
1518 4507 1637 4564 ταῖς
1693 4503 1868 4558 ἀκτῖσι

209 4576 614 4649 διαθάλψαντος
663 4583 752 4637 καὶ
822 4585 973 4640 τουτὶ
1048 4588 1109 4641 τὸ
1183 4592 1320 4657 ζῶον
1381 4588 1868 4664 ἀπογεννήσαντος.

207 4667 363 4722 Ἐπεέ
415 4665 473 4722 δὶ
527 4667 816 4744 ἐπώνυμον
878 4678 975 4728 τοῦ
1027 4674 1192 4744 ἡλίου
1251 4677 1312 4731 τὸ
1371 4682 1470 4732 τοῦ
1505 4678 1869 4744 ’Λπόλλωνος
1900 4673 1946 4737 D

209 4752 412 4829 ὄνομα,
443 4764 696 4832 πατρῷον
727 4760 964 4826 ἐντεῦθεν
996 4763 1089 4818 τὸν
1126 4763 1391 4821 Ἀπόλλω
1424 4765 1655 4826 οἷόνται.

288 4865 362 4937 μ’.
395 4866 469 4920 Τὰ
500 4863 556 4920 δὶ
587 4867 887 4944 ἀπατοῦρια
918 4871 1111 4947 ἑορτῆς
1149 4873 1244 4944 μὲν
1275 4873 1416 4929 ἐστιν
1445 4874 1622 4949 ὄνομα
1669 4876 1727 4930 ἐκ
1768 4883 1868 4946 τῆς

205 4951 421 5024 ἀπάτης
473 4955 845 5028 πεποιημένον
881 4978 893 4992 ·
946 4957 997 5029 ἐξ
1052 4959 1294 5035 ἱστορίας
1355 4959 1412 5016 δὲ
1477 4959 1694 5018 τοιᾶσδε
1752 4960 1868 5039 ἔχει

205 5043 312 5110 τήν
364 5041 635 5118 γέννησιν.
671 5045 978 5121 Ἐμάχοντο
1027 5049 1164 5123 πρὸς
1217 5047 1507 5122 ἀλλήλους
1548 5053 1681 5107 ποτε
1710 5053 1871 5124 Ἀθη-

207 5132 359 5186 ναῖοὶ
403 5153 461 5186 τε
507 5133 596 5187 καὶ
629 5129 859 5204 Θηϐαῖοι
894 5154 906 5167 °
944 5137 1056 5206 καὶ,
1089 5138 1117 5192 ὃ
1170 5136 1235 5208 δὴ
1289 5137 1564 5204 πολλάκις
1613 5140 1765 5220 φιλεῖ
1816 5141 1868 5198 ἐν

206 5225 332 5280 ταῖς
395 5221 600 5296 μάχαις
661 5221 924 5297 γίνεσθαι,
971 5226 1033 5280 τὸ
1088 5227 1217 5289 τοὺς
1275 5229 1615 5305 ἡγουμένους
1674 5230 1871 5293 αὐτοὺς

207 5308 476 5380 περὶτῶν
523 5306 1053 5388 ἀμφισϐητηθέντων
1097 5315 1235 5392 πρὸς
1277 5315 1566 5388 ἀλλήλους
1620 5340 1874 5392 μονομα-

205 5402 357 5473 γεῖν,
390 5395 536 5470 ἔδοξε
591 5400 680 5454 καὶ
737 5401 862 5457 τότε
914 5408 1032 5464 τοῖς
1094 5404 1373 5479 βασιλεῦσι
1430 5408 1521 5463 τὸν
1579 5408 1711 5484 ὑπὲρ
1760 5413 1868 5463 τῶν

203 5485 590 5564 στρατοπέδων
618 5489 755 5562 πρὸς
786 5487 1075 5561 ἀλλήλους
1104 5494 1330 5568 ἄρασθαι
1363 5494 1631 5570 πόλεμον.
1653 5497 1870 5571 Ἡγεῖτο

205 5573 268 5631 δὲ
328 5581 435 5630 τῶν
499 5577 593 5648 μὲν
627 5577 922 5644 Ἀθηναίων
977 5581 1426 5658 Ὑπερθῦμοιτος,
1483 5589 1592 5639 τῶν
1646 5582 1703 5640 δὶ
1757 5592 1869 5655 Θη-

205 5661 384 5721 ϐαίων
419 5666 648 5730 Ξάνθος.
672 5668 777 5723 Καὶ
810 5665 1000 5739 ἐπειδή
1030 5670 1095 5726 τὸ
1130 5673 1459 5751 μεταίχμιον
1493 5671 1866 5745 ἀποδέδεικτο,

205 5759 238 5813 ὁ
281 5757 377 5832 μὲν
439 5759 648 5821 Ξάνθος
697 5759 893 5817 αὐτίκα
938 5762 1274 5837 προσῆλθεν,
1320 5768 1348 5823 ὁ
1401 5764 1460 5822 δὶ
1507 5765 1871 5843 Ὑπερθύμοι-

1992 1998 2446 2055 determinatum
2481 2006 2714 2074 tempus
2755 2005 2898 2070 erat,
2950 2017 3066 2072 quo
3097 2001 3342 2074 orphani
3393 2004 3639 2072 paterna

1990 2089 2144 2144 bona
2195 2105 2226 2144 a
2274 2090 2571 2147 tutoribus
2619 2091 2876 2164 recipere
2923 2096 3209 2163 poterant,
3261 2096 3318 2147 et
3364 2094 3638 2147 accurata

1993 2193 2120 2250 quae
2153 2195 2256 2250 per
2285 2179 2342 2236 id
2367 2183 2601 2252 tempus
2649 2180 2957 2252 inquisitio
3008 2181 3272 2250 probatio
3305 2181 3633 2237 dicebatur.

1994 2267 2211 2323 Deinde
2243 2270 2430 2340 magis
2460 2271 2693 2342 proprie
2715 2270 2785 2324 de
2831 2269 2904 2326 iis
2956 2271 3054 2342 qui
3104 2269 3516 2341 magistratum
3546 2268 3634 2325 vel

1994 2374 2212 2412 munus
2245 2358 2543 2429 publicum
2578 2359 2859 2432 gerebant
2901 2359 3023 2415 haec
3051 2375 3160 2415 vox
3198 2354 3488 2430 δοκιμασία
3537 2375 3633 2414 as-

1992 2447 2355 2502 sumebatur.
2394 2447 2760 2504 Probabatur
2787 2451 2843 2502 et
2874 2453 3188 2517 strategus,
3217 2455 3274 2504 et
3304 2447 3534 2520 legatus
3581 2452 3638 2504 et

1991 2535 2299 2591 daduchus
2329 2537 2534 2606 (facem
2569 2542 2849 2609 gestans),
2882 2542 2938 2592 et
2967 2553 3268 2592 sacrorum
3301 2537 3626 2609 praefectus,

1990 2624 2049 2678 id
2081 2630 2190 2693 est,
2226 2625 2636 2696 inquirebatur
2665 2643 2738 2682 an
2773 2626 2999 2681 muneri
3035 2643 3142 2682 suo
3170 2632 3342 2698 aptus
3375 2633 3547 2682 esset.

2059 2803 2148 2858 38.
2183 2803 2333 2858 Illud
2365 2820 2500 2860 vero
2538 2823 2560 2852 ε
2593 2805 2648 2859 in
2681 2807 3041 2878 Cynosarges
3077 2827 3105 2853 νδ
3135 2805 3248 2859 loci
3280 2821 3490 2860 nomen
3523 2808 3631 2859 est.

1988 2892 2068 2947 Ex
2116 2893 2368 2964 quadam
2421 2897 2615 2949 autem
2662 2893 2909 2950 historia
2959 2894 3284 2966 profectum
3336 2898 3444 2950 est.
3477 2893 3631 2949 Olim

1988 2982 2174 3053 spurii
2219 2982 2398 3038 nullis
2421 2983 2890 3040 admittebantur
2919 2983 3133 3038 ofﬁciis
3166 2982 3254 3038 vel
3287 2982 3634 3039 muneribus

1985 3071 2241 3143 publicis
2272 3073 2426 3145 apud
2459 3074 2866 3130 Athenienses.
2891 3074 2971 3129 Ex
3003 3072 3204 3144 Delphi
3237 3076 3434 3128 autem
3462 3072 3633 3144 adyto

1986 3177 2119 3216 cum
2173 3163 2474 3218 oraculum
2510 3168 2872 3235 reportatum
2909 3168 3067 3219 esset
3096 3162 3220 3217 Jovi
3255 3167 3312 3216 et
3345 3160 3630 3216 Alcmenae

1992 3250 2178 3305 ﬁlium
2212 3252 2296 3306 eis
2327 3269 2456 3308 esse
2479 3253 2822 3324 propitium,
2846 3269 3007 3307 aram
3043 3250 3270 3306 Herculi
3302 3255 3634 3318 erexerunt,

1994 3356 2382 3412 annuumque
2438 3343 2726 3398 tributum
2780 3342 3154 3397 victimarum
3201 3341 3632 3396 otl‘ercndarum

1989 3445 2190 3497 causa,
2222 3431 2622 3486 decreverunt.
2656 3430 3040 3486 Nominatum
3072 3435 3160 3485 est
3190 3435 3385 3485 autem
3419 3433 3634 3501 Cynos-

1989 3535 2158 3590 arges
2187 3519 2350 3575 locus
2383 3519 2442 3574 in
2475 3536 2590 3590 quo
2646 3519 2931 3590 templum
2975 3519 3308 3575 dedicatum
3357 3523 3465 3573 est.
3518 3519 3634 3573 Hoc

1989 3612 2184 3663 autem
2235 3608 2492 3663 creditur
2535 3606 2838 3662 Herculem
2889 3623 3079 3678 neque
3123 3607 3462 3677 indigenam
3504 3621 3633 3660 esse

1987 3697 2163 3752 deum
2198 3714 2387 3769 neque
2444 3697 2858 3769 alienigenam,
2913 3697 3014 3751 sed
3067 3713 3136 3751 ex
3197 3701 3360 3766 patre
3390 3695 3629 3764 quidem

1988 3785 2416 3857 simplicem,ex
2438 3792 2626 3842 matre
2642 3801 2774 3841 vero
2795 3785 3184 3855 compositum
3204 3787 3260 3838 et
3280 3782 3547 3854 spurium
3572 3783 3630 3836 in

1987 3892 2300 3931 numerum
2320 3880 2377 3931 et
2398 3874 2955 3946 ascriptilium.ldeo
2969 3872 3148 3927 Attici
3171 3871 3377 3927 dicunt
3396 3870 3632 3942 spurios

1986 3963 2044 4019 in
2071 3965 2432 4037 Cynosarges
2450 3963 2836 4020 contribuere.

2055 4073 2144 4126 39.
2170 4072 2412 4138 Quando
2436 4070 2818 4126 Athenienses
2857 4068 3074 4124 auditis
3098 4068 3155 4122 in
3191 4067 3455 4122 historiis
3477 4065 3623 4123 alios

1985 4161 2220 4232 quidem
2269 4163 2407 4214 deos
2449 4159 2711 4215 attestari
2753 4158 3102 4230 simpliciter
3133 4156 3465 4230 Apollinem
3491 4174 3629 4213 vero

1982 4256 2334 4322 anteponere
2394 4250 2534 4322 quia
2591 4249 2722 4304 urbi
2795 4249 3020 4320 patrius
3081 4249 3229 4302 deus
3299 4251 3409 4311 est,
3470 4247 3622 4302 hanc

1982 4355 2110 4395 esse
2143 4355 2382 4394 causam
2416 4339 2655 4395 credite.
2689 4338 2949 4394 Primum
2999 4337 3294 4393 hominem
3343 4353 3410 4392 ex
3441 4337 3627 4392 Attica

1982 4433 2184 4483 natum
2217 4444 2346 4482 esse
2380 4431 2683 4498 putant,ex
2717 4426 2858 4482 solis
2898 4443 3031 4482 cum
3081 4429 3235 4480 terra
3278 4440 3622 4496 congressu,

1978 4515 2090 4585 vel,
2125 4521 2186 4571 ut
2208 4517 2447 4590 physice
2485 4516 2710 4588 loquar,
2751 4517 2928 4572 solem
2967 4533 3094 4572 eam
3121 4515 3301 4570 radiis
3323 4513 3446 4570 suis
3474 4513 3625 4569 cale-

1980 4605 2211 4673 fecisse,
2243 4612 2301 4662 et
2333 4607 2440 4662 hoc
2474 4606 2692 4662 animal
2723 4607 3018 4677 genuisse.
3044 4605 3154 4661 Sed
3185 4604 3461 4674 quoniam
3486 4602 3627 4659 solis

1979 4697 2202 4751 nomini
2224 4697 2492 4751 additum
2515 4701 2604 4752 est
2627 4694 2941 4767 Apollionis
2963 4693 3348 4762 nomen,inde
3369 4693 3624 4765 patrium

1978 4784 2305 4855 Apollinem
2331 4786 2596 4841 credunt.

2053 4876 2138 4928 40.
2177 4873 2461 4945 Apaturia
2508 4875 2638 4928 festi
2668 4889 2878 4928 nomen
2913 4877 3003 4928 est
3031 4887 3099 4928 ex
3129 4871 3355 4928 fraudis
3385 4871 3624 4927 nomine

1980 4961 2159 5027 ἀπάτη
2195 4964 2434 5027 factum;
2461 4978 2529 5016 ex
2550 4961 2818 5033 sequenti
2845 4965 3041 5015 autem
3064 4959 3314 5014 historia
3333 4958 3621 5029 originem

1981 5053 2162 5108 ducit.
2189 5049 2411 5106 Bellum
2448 5050 2601 5105 inter
2649 5065 2710 5106 se
2733 5051 3012 5121 gerebant
3059 5049 3199 5104 olim
3238 5047 3621 5103 Athenienses

1981 5147 2040 5197 et
2059 5139 2344 5209 Thebani;
2370 5142 2424 5195 et
2461 5139 2616 5210 quod
2648 5139 2878 5194 evenire
2918 5137 3262 5209 plerumque
3301 5135 3360 5190 in
3407 5131 3623 5206 preliis

1981 5230 2147 5296 solet,
2173 5245 2382 5300 nempe
2401 5229 2582 5284 duces
2608 5228 2768 5299 ipsos
2799 5225 3084 5298 singulari
3128 5224 3444 5280 certamine
3471 5224 3625 5279 inter

1981 5336 2044 5376 se
2075 5335 2193 5375 rem
2228 5317 2527 5382 dirimere,
2559 5317 2755 5372 visum
2803 5319 2892 5370 est
2950 5319 3008 5370 et
3059 5323 3194 5369 tunc
3245 5313 3484 5383 regibus
3518 5329 3620 5385 pro

1981 5408 2336 5465 exercitibus
2387 5407 2540 5461 inter
2588 5423 2651 5461 se
2703 5407 3018 5460 decertare.
3087 5407 3343 5459 Prmerat
3423 5407 3620 5456 autem

1979 5495 2436 5552 Atheniensibus
2512 5493 3043 5566 Hyperthymmtus.
3119 5490 3412 5547 Thebanis
3486 5505 3621 5544 vero

1979 5586 2275 5641 Xanthus.
2312 5589 2377 5640 Et
2408 5589 2714 5655 postquam
2748 5582 3004 5655 spatium
3027 5580 3482 5636 determinatam
3509 5581 3620 5648 est,

1979 5677 2214 5731 Xantus
2257 5674 2496 5746 quidem
2554 5672 2752 5728 statim
2783 5671 3052 5736 accurrit,
3107 5670 3620 5743 Hyperthymcstus

1981 5772 2176 5824 autem
2212 5763 2444 5838 ignavia
2473 5762 2793 5835 desperans
2815 5761 3128 5824 Melanthio
3154 5761 3256 5817 uni
3286 5776 3356 5818 ex
3382 5756 3620 5816 comiti-
