4060 6348
457 386 614 448 ιοιθ

1789 393 2216 454 MICHAI‘JLIS
2261 394 2532 456 PSELLI

3706 393 3871 453 1020

445 516 561 574 bus
593 532 838 590 regnum
872 521 929 573 et
974 520 1253 573 certalem
1302 518 1600 591 singulare
1639 522 1884 579 remisit.
1926 524 2085 579 Tunc

2212 543 2293 584 τος
2321 520 2709 586 ἀποδειλιάσας
2763 520 3056 594 Μελανθίῳ
3085 524 3166 594 τῷ
3195 520 3587 596 παρασπίζοντι
3646 526 3749 590 τῆς
3807 541 3868 575 τε

444 606 800 662 Melanthius
822 610 986 662 stans
1036 606 1105 661 ad
1145 623 1401 679 pugnam
1453 610 1642 666 iturus
1689 612 1760 667 ad
1793 612 2088 668 Xanthum

445 696 731 768 processit
762 694 1032 766 querenti
1082 697 1315 765 similis,
1342 701 1519 769 quod,
1549 716 1684 755 cum
1734 718 1803 757 ex
1834 708 2001 775 pacto
2031 703 2089 757 in

443 784 633 843 solum
686 783 984 839 Xanthum
1035 801 1296 857 pugnare
1326 787 1579 855 deberet,
1618 788 1716 845 ille
1762 792 1953 847 socios
1975 791 2089 847 sibi

442 874 831 945 adjunxisset.
867 874 1032 930 Tunc
1053 875 1368 932 Thebanus
1399 880 1608 933 avertit
1635 884 1811 951 caput
1842 886 1908 937 ut
1937 881 2094 938 vide-

442 968 532 1020 ret
561 980 701 1018 num
734 963 867 1036 quis
894 970 1243 1035 sequeretur
1275 982 1372 1033 se;
1400 971 1577 1039 atque
1610 968 1689 1023 ita
1732 969 2090 1027 Melanthius

440 1051 717 1109 lethalem
748 1053 1009 1109 lanceam
1044 1053 1375 1126 propellens
1423 1055 1590 1112 illum
1623 1057 1855 1127 occidit,
1878 1065 1936 1115 et
1966 1078 2089 1117 cer-

2206 610 2483 687 βασιλείας
2529 614 2618 669 καὶ
2662 620 2761 682 τῆς
2832 610 3176 686 μονομαχίας
3236 614 3576 686 παραχωρεῖ.
3630 608 3728 663 Καὶ
3794 607 3864 679 δή

2200 705 2466 764 καταστὰς
2524 704 2552 757 ὁ
2608 700 2914 763 Μελάνθιος
2973 701 3048 762 εἰς
3106 700 3288 774 ἀγῶνα
3338 704 3418 771 τῷ
3446 699 3643 770 Ξάνθῳ
3700 697 3865 760 εὐθὺς

2209 787 2612 856 δεινοπαθοῦντι
2647 792 2825 864 ἐῴκει,
2850 790 2955 863 ὅτι,
2990 787 3109 844 δὲον
3134 789 3227 843 τὸν
3256 787 3467 851 Ξάνθον
3508 786 3674 860 μόνον
3720 786 3867 840 κατὰ

2204 882 2473 952 συνθήκας
2525 878 2958 956 διαγωνίζεσθαι,
3005 880 3034 934 ὁ
3080 875 3140 932 δὲ
3208 877 3298 931 καὶ
3354 876 3671 952 συμμαχίαν
3730 873 3865 953 ἐφέ-

2204 990 2396 1026 σπεται
2431 992 2444 1004 υ
2502 970 2582 1049 ἐφ’
2638 972 2683 1042 ᾧ
2741 970 2832 1025 τὸν
2888 963 3127 1038 Θηϐαῖον
3194 964 3668 1041 ὑπερεκπλαγέντα
3717 964 3866 1019 ἀπο-

2198 1064 2385 1115 νεῦσαι
2412 1060 2510 1129 τὴν
2541 1058 2782 1138 κεφαλήν
2812 1057 2905 1114 ’ίνα
2934 1055 2989 1113 εἷ’
3032 1079 3117 1119 τις
3160 1054 3349 1112 ἕποιτο
3382 1053 3488 1110 ἴδοι
3521 1074 3535 1087 ·
3566 1056 3654 1109 καὶ
3712 1053 3864 1108 οὕτω

442 1142 666 1198 tamine
688 1140 872 1197 victor
897 1143 1100 1199 evasit.
1122 1144 1250 1215 Ipse
1270 1161 1533 1201 annuum
1562 1146 1775 1203 festum
1799 1149 2085 1207 celebrare

2212 1150 2288 1204 :0v
2347 1148 2679 1222 Μελάνθιον,
2738 1145 2950 1204 ὤσαντα
3026 1148 3091 1202 τὸ
3174 1144 3307 1221 δόρυ
3387 1144 3475 1199 ἐπὶ
3524 1144 3593 1199 τὰ
3645 1144 3863 1219 καίρια,

444 1230 641 1304 coepit,
671 1230 852 1301 hujus
883 1236 1125 1287 eventus
1160 1248 1359 1304 causa,
1404 1239 1460 1290 et
1511 1236 1645 1292 huic
1692 1238 1837 1293 festo
1878 1256 2088 1295 nomen

445 1321 713 1393 apaturia
740 1320 1044 1394 imposuit.

526 1502 614 1555 41.
652 1500 1013 1556 Tetrasditas
1047 1501 1425 1572 appellabant
1445 1505 1832 1564 Athenienses
1862 1526 1962 1565 eos
1994 1510 2092 1581 qui

447 1590 627 1645 vitam
651 1589 850 1646 labore
862 1594 918 1645 et
934 1590 1189 1647 miseriis
1207 1593 1479 1649 refertam
1503 1596 1694 1651 sortiti
1725 1602 1911 1667 erant,
1936 1601 2091 1671 quod

2202 1238 2407 1294 ἐκεῖνόν
2466 1260 2524 1293 τε
2578 1239 2889 1294 ἀποκτεῖναι
2946 1236 3037 1292 καὶ
3122 1236 3185 1291 τὸ
3255 1236 3451 1311 κράτος
3506 1231 3865 1307 ἀνειληφέναι

2194 1336 2295 1399 τῆς
2332 1330 2541 1404 μάχης,
2571 1330 2658 1384 καὶ
2694 1326 2932 1384 ἐπετείου
2964 1327 3158 1402 ἑορτῆς
3210 1325 3513 1399 ἀρξάμενον
3560 1326 3659 1378 τοῦ
3717 1344 3866 1394 συμ-

2202 1414 2502 1487 ϐεϐηκότος
2524 1415 2697 1488 ἕνεκα,
2729 1415 3031 1491 ἆπατούρια
3059 1420 3230 1479 θεῖναι
3259 1417 3329 1487 τῇ
3363 1414 3523 1488 ἑορτῇ
3556 1408 3752 1483 ὄνομα.

2276 1528 2382 1599 μα’.
2415 1522 2767 1601 Τετραδιστὰς
2839 1521 2897 1578 δὶ
2947 1523 3228 1592 Ἀθηναῖοι
3288 1521 3445 1598 φασὶν
3524 1522 3611 1581 οἷς
3684 1513 3865 1593 ἔλαχε

2209 1617 2325 1693 βίος
2399 1616 2655 1679 ἐπίπονος
2728 1616 2819 1670 καὶ
2885 1612 3265 1687 ταλαίπωρος,
3325 1611 3690 1685 σκληρότερον
3766 1611 3866 1685 ἀφ’

452 1695 727 1751 aSperum
762 1696 973 1735 nomen
1025 1681 1097 1737 ab
1128 1682 1373 1739 Hercule
1424 1692 1822 1758 sumpserant.
1878 1689 2085 1753 Quarta

2212 1681 2489 1782 Ηρακλέος
2533 1705 2725 1771 Ϊοῧτως
2773 1704 2968 1765 αὐτοὺς
2998 1704 3378 1776 ὀνομάζοντες.
3418 1701 3693 1775 Τετάρτης
3750 1701 3861 1774 γὰρ

451 1769 604 1824 enim
638 1768 860 1825 mensis
889 1769 982 1826 die
1031 1770 1337 1829 Herculem
1376 1779 1581 1832 natum
1636 1792 1765 1833 esse
1815 1778 2094 1837 traditum

451 1862 563 1914 est.

521 1947 609 2001 42.
639 1946 820 2003 Tethe
844 1951 902 2003 et
925 1949 1140 2005 Titthis
1172 1954 1229 2006 et
1256 1951 1522 2023 Epitethe
1544 1973 1556 2010 :
1580 1955 1693 2011 tria
1716 1956 1837 2015 base
1855 1960 2094 2019 nomina

446 2034 641 2092 tribus
663 2037 936 2108 personis
954 2038 1322 2108 tribuuntur;
1348 2043 1526 2098 Tethe
1550 2061 1582 2098 a
1606 2046 1836 2103 duobus
1853 2048 1985 2105 aliis
2032 2051 2092 2107 in

446 2140 513 2179 eo
544 2125 737 2180 diﬂert
765 2127 919 2196 quod
950 2132 1007 2183 et
1038 2132 1283 2185 matrem
1314 2135 1373 2185 et
1400 2133 1606 2191 matris
1634 2140 1881 2193 matrem
1914 2140 2094 2213 signi-

448 2213 612 2280 ﬁcat;
646 2214 861 2269 Titthis
910 2220 1104 2272 autem
1159 2219 1344 2289 patris
1374 2226 1477 2276 aut
1517 2225 1721 2281 matris
1759 2230 1849 2282 est
1893 2244 2088 2297 soror;

445 2301 710 2375 Epithete
740 2307 827 2358 est
858 2303 1039 2360 Tethe
1069 2311 1270 2362 mater.

514 2482 602 2537 43.
665 2483 854 2539 Patria
911 2490 969 2541 et
1028 2490 1230 2557 patroa
1281 2506 1394 2545 non
1451 2492 1655 2549 eadem
1707 2510 1837 2553 esse
1880 2501 2093 2568 putant

444 2570 729 2628 rhetores.
764 2573 876 2629 Sed
930 2575 1116 2645 patria
1166 2579 1477 2636 nominant
1526 2599 1719 2640 mores
1764 2584 2006 2657 etleges
2035 2591 2093 2643 et

444 2660 723 2732 mysteria
751 2666 808 2717 et
834 2662 1017 2732 festa;
1051 2670 1255 2736 patroa
1277 2673 1473 2725 autem
1497 2672 1736 2728 domum
1772 2679 1829 2729 et
1856 2674 2013 2731 locos
2036 2680 2093 2731 et

443 2764 557 2804 1‘88.

514 2838 601 2904 44,
635 2838 1016 2911 Epiteleioma
1046 2843 1303 2915 (victima
1323 2852 1453 2916 post
1494 2849 1640 2906 alias
1663 2851 1973 2923 oblata),id
2005 2858 2093 2910 est

445 2928 601 2999 quod
621 2928 675 2982 in
713 2928 826 2984 ﬁne
858 2932 1269 3003 mysteriorum
1296 2937 1939 3010 perficitur,prmsertim
1964 2960 2090 3015 qua

445 3016 505 3071 in
540 3018 834 3088 mysteriis
868 3019 1225 3093 Proserpinae
1248 3028 1305 3078 et
1334 3025 1581 3083 Cereris.
1612 3028 1729 3084 Hoc
1747 3034 1940 3086 autem
1962 3048 2093 3088 om-

445 3105 585 3161 nino
607 3109 698 3161 est
721 3108 1047 3179 cognitum,
1074 3127 1178 3166 nec
1206 3112 1350 3167 mihi
1370 3114 1439 3170 de
1460 3132 1526 3171 eo
1548 3117 1982 3178 disserendum.

515 3212 604 3266 45.
653 3213 1035 3284 llypophonia
1083 3222 1282 3273 autem
1332 3225 1471 3276 sunt
1513 3225 1843 3296 sanguinis,
1891 3233 1958 3283 ut
2011 3228 2090 3285 ita

444 3299 637 3354 dicam
672 3279 878 3356 multa.
915 3303 1147 3360 Licebat
1194 3307 1352 3363 enim
1404 3312 1581 3367 occisi
1624 3279 1961 3373 heredibus
2120 3279 2164 3347 α

443 3387 873 3445 interfectorem
900 3394 1163 3450 occidere
1202 3397 1289 3451 vel
1317 3400 1492 3457 caedis
1520 3403 1773 3473 pretium
1804 3407 2087 3479 accipere.

445 3478 576 3542 Quae
610 3477 786 3547 igitur
816 3496 919 3551 pro
950 3484 1104 3538 caede
1135 3486 1271 3541 data
1299 3493 1465 3544 erant
1492 3491 1565 3545 ab
1596 3477 1968 3552 interfectore
1991 3513 2091 3555 no-

444 3565 828 3624 minabantur
858 3569 1250 3643 hypophonia.

515 3657 604 3712 46.
639 3656 787 3713 Illud
820 3664 1014 3716 autem
1049 3682 1074 3713 α
1110 3665 1522 3738 androlepsion
1557 3693 1584 3721 ››
1618 3677 1741 3727 erat
1777 3673 2087 3733 hominum

442 3744 774 3817 prehensio,
808 3752 871 3803 ut
911 3754 1073 3821 patet
1115 3769 1183 3808 eo
1230 3753 1359 3826 ipso
1409 3758 1677 3831 nomine;
1732 3762 2086 3835 legislatoris

440 3838 637 3890 autem
668 3835 968 3924 decretum
1001 3846 1127 3896 erat
1159 3842 1231 3899 de
1260 3844 1719 3905 Atheniensibus
1740 3851 1798 3907 in
1827 3855 2085 3924 quodam

439 3923 641 3979 Attica:
672 3923 798 3981 loco
840 3928 1096 3999 occisis“
1127 3935 1269 3988 Cum
1329 3937 1484 3993 enim
1537 3938 1633 3995 ille
1663 3941 1765 4012 qui
1798 3923 1902 4014 pro
1933 3945 2088 4000 caede

441 4018 756 4100 suspectus
803 4016 1151 4090 habebatur,
1205 4026 1640 4084 accusationem
1693 4031 1936 4100 fugeret,
1968 4037 2086 4090 tres

427 4098 666 4194 iudices
692 4105 765 4159 ad
797 4120 946 4176 quos
977 4108 1049 4163 de
1079 4108 1178 4165 illo
1231 4114 1579 4184 pertinebat,
1632 4098 1781 4175 eum
1817 4138 2085 4194 compre-

439 4186 793 4262 hendebant,
815 4198 871 4249 et
901 4195 1012 4251 hoc
1042 4199 1454 4272 androlepsion
1488 4208 1922 4265 nominabatur.

507 4297 597 4350 47.
629 4300 969 4371 Areopagus
999 4319 1134 4359 vero
1159 4306 1623 4377 pulcherrimum
1652 4319 1742 4370 est
1772 4317 2088 4374 Athenien-

432 4382 586 4439 sium
611 4385 895 4443 tribunal.
919 4389 1174 4448 Medium
1194 4399 1279 4451 est
1303 4403 1497 4455 autem
1543 4402 1694 4459 inter
1738 4405 1995 4462 fabulam
2029 4412 2086 4464 et

430 4472 733 4529 veritatem
771 4475 880 4533 hoc
913 4494 1145 4537 nomen.
1180 4485 1322 4541 Cum
1373 4490 1529 4544 enim
1576 4491 1740 4548 locus
1798 4511 1969 4553 mons
2000 4496 2085 4551 ni-

2205 1800 2300 1852 τοῦ
2335 1796 2506 1869 μηνὸς
2536 1796 2692 1857 οὗτος
2721 1794 3069 1870 γεγεννῆσθαι
3098 1790 3406 1865 ἱστόρηται.

2278 1977 2387 2051 μβ’.
2445 1976 2600 2045 Τήθη
2658 1972 2748 2029 καὶ
2805 1972 2978 2036 τιτθίς
3043 1971 3133 2027 καὶ
3189 1969 3419 2039 ἐπιτήθη
3454 1986 3469 2000 ⁸
3516 1967 3639 2042 τρία
3687 1968 3865 2022 ταῦτα

2205 2065 2447 2139 ὀνόματα
2486 2065 2603 2118 κατ’
2643 2062 2943 2138 ἰσαρίθμων
2991 2060 3302 2136 προσώπων
3361 2058 3632 2133 λεγόμενα
3662 2076 3678 2090 '
3710 2056 3867 2125 πλὴν

2203 2158 2237 2224 ἡ
2270 2156 2410 2225 τήθη
2434 2158 2693 2209 τοσοῦτον
2736 2153 2939 2230 ἀμφοῖν
2970 2148 3323 2220 διήλλακται,
3357 2147 3437 2202 ὅτι
3469 2147 3558 2201 καὶ
3600 2146 3701 2214 τήν
3754 2168 3863 2218 μη-

2201 2244 2328 2318 τὲρα
2384 2244 2475 2297 καὶ
2535 2243 2636 2311 τήν
2696 2248 2796 2310 τῆς
2852 2240 3060 2316 μητρὸς
3112 2238 3319 2311 μητέρα
3350 2234 3555 2307 δηλοῖ·
3586 2234 3762 2299 τιτθὶς
3796 2232 3863 2289 δὶ

2201 2334 2236 2400 ἡ
2272 2328 2480 2409 ἀδελφή
2534 2328 2644 2385 ἐστι
2696 2334 2793 2384 τοῦ
2850 2330 3053 2402 πατρὸς
3104 2330 3139 2397 ἢ
3186 2334 3287 2397 τῆς
3333 2324 3537 2400 μητρός
3568 2343 3582 2357 ⁶
3616 2324 3859 2394 ἐπιτήθη

2201 2418 2257 2476 δέ
2288 2420 2431 2475 ἐστιν
2461 2423 2495 2489 ἡ
2528 2426 2626 2489 τῆς
2656 2422 2830 2490 τήθης
2864 2420 3065 2492 μήτηρ.

2274 2512 2384 2584 μγ’.
2420 2509 2626 2583 Πάτρια
2686 2506 2743 2563 δὲ
2797 2507 2888 2563 καὶ
2944 2510 3168 2581 πατρῷα
3226 2503 3287 2560 οὐ
3343 2502 3512 2559 ταῦτᾶ
3541 2504 3595 2557 οἱ
3627 2503 3865 2578 ῥήτορες

2201 2598 2408 2655 οἷόνται
2443 2618 2455 2631 ⁸
2491 2596 2639 2653 ἀλλὰ
2667 2599 2867 2671 πάτρια
2902 2597 2995 2670 μὶν
3021 2597 3089 2650 τὰ
3121 2591 3212 2665 ἔθη
3245 2594 3336 2649 καὶ
3383 2593 3450 2647 τα
3499 2594 3713 2664 νόμιμα
3762 2590 3862 2645 καὶ

2198 2689 2265 2744 τὰ
2300 2690 2569 2763 μυστήρια
2615 2686 2705 2741 καὶ
2751 2687 2849 2748 τὰς
2900 2686 3090 2759 ἑορτὰς
3131 2682 3480 2757 ὀνομάζουσι,
3512 2684 3742 2756 πατρῷα
3799 2676 3864 2733 δὲ

2198 2780 2289 2834 τὸν
2318 2778 2465 2832 οἷκον
2493 2776 2581 2832 καὶ
2610 2776 2678 2831 τὰ
2705 2776 2890 2852 χωρία
2920 2774 3008 2830 καὶ
3038 2775 3106 2829 τὰ
3133 2774 3420 2848 χρήματα.

2276 2864 2384 2939 μδ’,
2416 2864 2818 2938 Ἐπιτιλείὼμα
2847 2861 2905 2918 δὲ
2934 2862 3045 2918 ἐστι
3069 2864 3132 2917 τὸ
3162 2861 3249 2917 ἐπὶ
3290 2859 3436 2917 τὲλει
3480 2864 3589 2915 τῶν
3646 2880 3863 2932 μυστη-

2203 2957 2334 3031 ρίων
2395 2956 2706 3030 γινόμενον,
2745 2953 2983 3027 μάλιστα
3038 2950 3096 3007 δὲ
3154 2952 3339 3024 Κόρης
3387 2949 3475 3005 καὶ
3533 2952 3893 3025 Δήμητρος.-

2203 3048 2380 3101 Τοῦτο
2414 3042 2471 3099 δὲ
2492 3038 2855 3117 παμόἐϐηλόν
2885 3041 2994 3097 ἐσνι
3026 3042 3115 3097 καὶ
3146 3037 3300 3097 οὐδὲν
3330 3037 3521 3112 δέομαι
3580 3036 3782 3114 λὲγειν.

2278 3161 2376 3226 με’.
2410 3153 2493 3210 Τὰ
2524 3150 2580 3207 δὲ
2612 3149 2895 3230 ὑποφόνια,
2922 3148 2995 3204 ’ἶν’
3036 3148 3207 3211 οὕτως
3250 3146 3408 3219 εἴπω,
3437 3147 3574 3219 τιμή
3624 3142 3867 3218 αἵματός

2204 3242 2358 3299 εἰσιν.
2393 3239 2635 3298 Ἐδίδοτο
2678 3242 2778 3316 γὰρ
2834 3245 2951 3302 τοῖς
3006 3243 3102 3294 τοῦ
3154 3235 3593 3308 ἁπεκτονημένου
3642 3234 3865 3311 κλῆροι

2200 3332 2394 3405 νόμοις
2424 3331 2459 3401 ἢ
2501 3332 2831 3407 ἀνταναιρεῖν
2858 3330 2950 3385 τὸν
2982 3327 3313 3384 ἀπεκτονότα
3361 3328 3396 3397 ἢ
3444 3325 3666 3398 τίμημα
3713 3323 3867 3397 λαμο

2201 3417 2378 3478 δάνειν
2431 3425 2528 3475 τοῦ
2577 3421 2763 3498 φόνου.
2797 3419 2880 3477 Τὰ
2911 3418 3005 3474 οὖν
3047 3418 3177 3495 ὑπὲρ
3224 3421 3321 3471 τοῦ
3369 3414 3535 3493 φόνου
3592 3411 3865 3488 οιὸόμενα

2198 3512 2343 3588 παρᾶ
2371 3515 2465 3566 τοῦ
2496 3510 2854 3573 ἀπεκτονότος
2890 3508 3158 3586 ὑποφόνια
3188 3506 3531 3578 ὀνομάζεται.

2272 3699 2376 3765 μς’.
2409 3692 2489 3749 Τὸ
2542 3688 2599 3746 δὲ
2656 3686 3025 3763 ἀνδρολήψιον
3078 3683 3283 3761 ἀνδρῶν
3327 3684 3421 3757 μὲν
3454 3680 3626 3757 λῆψίς
3679 3679 3859 3753 ἐστιν,

2197 3780 2270 3842 ὡς
2322 3778 2490 3850 δῆλον
2532 3779 2621 3834 καὶ
2669 3775 2915 3850 τοῦνομα
2947 3795 2960 3809 ’
2993 3773 3293 3847 νομοθέτου
3347 3770 3525 3846 δόγμα
3584 3769 3672 3825 ἐπὶ
3733 3776 3861 3831 τοῖς

2196 3869 2565 3944 ἀνῃρημὲνοις
2624 3865 2933 3937 Ἀθηναίοις
2990 3860 3042 3919 ἔν
3096 3884 3199 3918 τινι
3261 3860 3454 3936 χωρίῳ
3511 3866 3612 3929 τῆς
3666 3860 3859 3915 Ἀττι-

2196 3965 2319 4027 κῆς.
2377 3961 2490 4012 Τοῦ
2566 3955 2667 4031 γὰρ
2747 3951 3173 4015 ὑποπτευθέντος
3228 3950 3429 4029 φονέως
3478 3949 3579 4017 τήν
3634 3949 3861 4026 γραφήν

2197 4046 2509 4126 φεύγοντος,
2557 4050 2706 4121 τρεῖς
2758 4048 2867 4098 τῶν
2923 4041 3113 4113 ἐκείνῳ
3166 4040 3556 4134 προσηκόντων
3610 4036 3862 4134 ἀνῄρουν

2196 4138 2248 4192 οἱ
2279 4133 2523 4190 δικασταὶ
2574 4128 3073 4207 συλλαμϐάνοντες,
3112 4133 3202 4185 καί
3257 4126 3628 4203 ἀνδρολήψιον
3683 4126 3867 4181 τοῦτο

2194 4223 2482 4296 κατωνομά
2491 4229 2628 4292 ζετο.

2270 4319 2373 4387 μζ’.
2404 4315 2467 4369 Ὀ
2500 4310 2558 4367 δὲ
2595 4315 2816 4388 ’Ἄρειος
2864 4312 3039 4386 πάγος
3085 4308 3147 4363 τὸ
3194 4305 3489 4363 κάλλιστόν
3538 4304 3647 4359 ἐστι
3704 4304 3869 4378 παρᾶ

2191 4408 2311 4464 τοῖς
2342 4404 2611 4463 Ἀττικοῖς
2643 4398 3013 4475 δικαστήριον.
3046 4399 3227 4455 Μέσον
3262 4394 3318 4451 δὲ
3353 4395 3522 4468 μύθου
3576 4391 3665 4448 καί
3714 4392 3868 4463 ἀληο

2196 4492 2339 4555 θείας
2382 4490 2494 4547 ἐστὶ
2542 4491 2605 4544 τὸ
2655 4486 2850 4563 ὄνομα.
2895 4488 3045 4543 Ἐπεὶ
3116 4486 3217 4562 γὰρ
3288 4480 3580 4561 νιφετῶδες
3637 4478 3775 4555 ὄρος
3836 4484 3869 4537 ὁ

428 4576 606 4656 vosus
630 4562 727 4628 sit,
756 4581 941 4656 pagus
968 4569 1165 4627 dictus
1201 4579 1311 4642 est;
1352 4578 1631 4647 quoniam
1662 4586 1855 4638 autem
1886 4584 2081 4640 hocin

2212 4581 2360 4645 τόπος
2403 4580 2513 4635 ἐστῖ
2558 4579 2730 4656 πάγος
2760 4562 2988 4651 ἐλέγετο
3021 4595 3035 4609 ⁸
3084 4574 3199 4630 ἐπεὶ
3250 4572 3307 4629 δὲ
3359 4573 3410 4628 ἐν
3452 4571 3598 4644 αὖτῷ
3630 4575 3867 4643 πρῶτος

438 4648 560 4705 loco
589 4651 813 4722 primus
844 4654 1153 4728 Neptunus
1185 4679 1318 4719 cum
1347 4666 1530 4722 Marte
1552 4669 1623 4724 de
1646 4671 2085 4745 marisimperio

2212 4667 2470 4727 1005:8ch
2500 4648 2658 4745 ’Ἃρεί
2704 4667 2826 4743 περὶ
2857 4648 3210 4743 ’Ᾰλιρῥοθίου
3260 4661 3605 4737 προσέμιξεν,
3632 4662 3873 4733 ’Ἄρειος

436 4755 650 4795 manus
682 4747 1346 4826 conseruit.Areopagus
1380 4758 1721 4816 nominatus
1743 4764 1855 4816 est.
1886 4766 1953 4818 Et
1982 4763 2085 4835 qui

434 4826 514 4883 ibi
548 4831 726 4886 vitam
759 4835 1027 4908 agebant,
1060 4856 1175 4897 non
1226 4842 1386 4899 aliud
1437 4846 1697 4905 tribunal
1727 4851 1890 4907 adire
1922 4826 2082 4925 pote-

434 4922 587 4974 rant.

506 5008 595 5062 48.
628 5009 1055 5084 Trilagonistes
1077 5036 1189 5075 non
1229 5027 1319 5077 est
1358 5039 1531 5096 quem
1558 5043 1771 5085 nomen
1800 5031 2079 5087 ostendit.

435 5096 659 5155 Nomen
692 5102 952 5192 quidem,
979 5110 1043 5161 ut
1065 5108 1387 5168 honorifica
1422 5116 1756 5188 appellatio,
1788 5122 2079 5192 composi-

438 5188 565 5240 tum
597 5204 729 5244 esse
760 5191 1011 5262 videtur,
1044 5213 1110 5251 eo
1141 5204 1335 5255 autem
1388 5207 1455 5257 ut
1497 5205 1785 5277 vituperio
1835 5188 2085 5264 utuntur

439 5273 539 5343 qui
579 5275 725 5333 illud
782 5280 1083 5339 adhibent.
1131 5286 1392 5360 Exempli
1435 5273 2082 5353 causa-Demosthenes

436 5361 873 5457 tritagonistem
923 5374 1227 5431 Eschinem
1278 5383 1447 5434 vocat
1488 5382 1760 5451 irridens,
1813 5386 1913 5457 qui
1975 5402 2080 5443 nec

436 5452 615 5542 semel
649 5472 752 5526 pro
772 5458 1234 5521 Atheniensibus
1265 5471 1582 5540 pugnando
1631 5452 1914 5542 eminuit;
1963 5492 2077 5531 non

430 5540 589 5597 enim
622 5543 861 5618 bellare,
896 5551 996 5605 sed
1028 5554 1321 5612 orationes
1356 5558 1573 5617 habere
1602 5563 1805 5618 voluit.
1838 5540 2083 5620 Ponitur

2192 4762 2365 4837 πάγος
2430 4758 2870 4829 κατωνομάζετο.
2948 4753 3048 4809 Καὶ
3119 4754 3171 4807 οἱ
3247 4751 3420 4807 ἐκεῖσε
3482 4747 3869 4817 διαιτηθέντες

2192 4848 2275 4903 ἐπ’
2301 4847 2441 4905 ἄλλο
2474 4845 2821 4920 δικαστήριον
2855 4844 3059 4922 ἐφεῖναι
3090 4841 3191 4897 οὐκ
3216 4838 3486 4896 ἐδύναντο.

2268 5028 2380 5101 μη’.
2407 5027 2468 5084 '0
2516 5022 2575 5080 δὲ
2621 5022 3047 5101 τριταγωνιστής
3091 5020 3222 5097 οὐχ,
3254 5019 3330 5081 ὡς
3362 5016 3529 5089 δηλοῖ
3576 5012 3863 5089 τοῦνομα,

2191 5116 2278 5170 καὶ
2335 5116 2399 5171 τὸ
2454 5121 2679 5191 πρᾶγμα
2733 5112 2865 5171 ἐστί.
2899 5113 2979 5170 Τὸ
3039 5110 3132 5184 μὲν
3186 5109 3289 5184 γὰρ
3348 5104 3523 5180 ὄνομα
3568 5104 3644 5167 είς
3673 5103 3868 5182 euq”;-

2196 5206 2320 5279 μίαν
2372 5206 2733 5260 συντεθεῖσθαι
2783 5201 3071 5273 εἰκάζεται,
3106 5198 3194 5253 ἐπὶ
3242 5197 3398 5273 ψόγῳ
3446 5194 3504 5251 δὶ
3544 5196 3597 5251 οἳ
3627 5196 3868 5269 ’χρησά-

2195 5314 2344 5366 μενοι
2403 5294 2703 5371 φαίνονται.
2761 5290 2970 5347 Αὐτίκα
3026 5289 3055 5342 ὁ
3113 5288 3466 5381 Δημοσθένης
3522 5302 3868 5381 epiranpr

2192 5384 2322 5451 στὴν
2371 5368 2463 5439 τδν
2505 5381 2771 5457 Αἰσχίνην
2815 5379 3171 5434 ἐπισκώπτων
3204 5375 3390 5454 φησὶν,
3431 5375 3490 5435 ’ὸς
3546 5368 3659 5427 οὐδ’
3705 5372 3868 5442 ἅπαξ

2192 5473 2324 5549 ὑπὶρ
2378 5470 2679 5542 Ἀθηναίων
2757 5468 3133 5544 ἠγωνισμένος
3210 5464 3568 5539 ήρίστευκεν·
3628 5458 3690 5514 οὔ
3744 5462 3867 5535 γὰρ

2191 5566 2531 5638 στρατηγεῖν,
2581 5559 2726 5616 ἀλλὰ
2789 5555 3100 5634 ῥητορεύειν
3166 5551 3365 5610 είλετο.
3419 5552 3637 5616 Τίθεται
3710 5554 3869 5624 γοῦν

430 5634 541 5689 hoc
574 5652 786 5694 nomen
849 5645 1052 5698 contra
1094 5660 1194 5701 eos
1238 5648 1655 5718 tragmdiarum
1708 5658 1935 5709 actores
1974 5653 2079 5725 qui

2212 5634 2431 5723 τοίίνομα
2486 5650 2623 5705 κατὰ
2674 5652 2781 5703 τῶν
2830 5647 2880 5704 ἰν
2930 5650 3047 5708 ταῖς
3105 5639 3438 5719 τραγῳδίαις
3507 5640 3861 5713 ὑποκριτῶν,

430 5724 699 5780 Creontis
736 5733 794 5782 et
824 5730 1292 5800 Agamemnonis
1322 5742 1519 5807 partes
1549 5740 1869 5810 sustinent;
1921 5724 2005 5798 et,
2027 5746 2075 5799 sl

2189 5739 2389 5796 ὁπόταν
2442 5737 2710 5815 Κρεοντας
2761 5740 3040 5810 μιμῶνται
3083 5732 3174 5789 καὶ
3227 5730 3638 5811 Ἀγαμέμνονας
3674 5746 3686 5759 ·
3747 5725 3860 5784 κᾶν
