4060 6348
280 389 432 450 1021

1452 400 1554 460 DE
1601 398 2010 462 ACTIONUM
2052 398 2517 460 NOMINIBUS.

3532 390 3689 453 1092

279 521 378 592 μὲν
423 523 616 596 ἄριστα
660 525 724 577 τὸ
778 526 912 593 ἦθος
960 525 1400 599 ἐξομοιώσωνται
1426 530 1564 601 πρὸς
1590 528 1718 592 τοὺς
1747 530 1910 604 ἥρωα.

2050 531 2324 603 quideme
2355 530 2540 601 optim
2571 528 2814 585 heroum
2845 528 3094 582 naturas
3141 523 3473 591 imitantur,
3516 524 3685 594 prot-

277 613 739 686 πρωταγωνισταὶ
787 613 1172 687 ὀνομάζονται,
1225 618 1291 687 ἣν
1341 615 1400 671 δὲ
1453 619 1552 690 μή,
1603 616 1935 695 δευτεραγω-

274 701 452 754 νισταί
484 721 496 734 ·
530 702 600 772 ἢν
659 700 718 756 δὲ
764 704 940 774 πάντη
993 702 1272 778 ἆδοκίμως
1326 707 1710 782 ὑποκριθῶσιν,
1755 708 1805 762 ἐν
1863 712 1932 782 τῇ

273 789 438 865 τρίτῃ
467 791 609 860 τάξει
642 797 1127 867 καταριθμοῦνται.

355 885 458 950 μθ¹.
492 880 622 954 Περὶ
662 879 719 936 δὲ
765 886 861 936 τοῦ
903 881 1155 956 πέμπτου
1208 884 1406 960 μέρους
1451 883 1730 949 πολλάκις
1775 885 1934 959 λεγο-

276 969 446 1039 μὲνου
503 969 648 1045 παρᾶ
701 975 818 1034 τοῖς
878 969 1158 1047 ῥήτορσιν,
1209 972 1376 1028 εἰπεῖν
1455 975 1740 1050 ἀναγκαῖον
1824 973 1929 1032 ὅτι,

271 1056 646 1112 πεντακοσίων
707 1056 1035 1128 δικαζόντων
1095 1063 1240 1136 παρα
1296 1068 1411 1125 τοῖς
1469 1064 1780 1135 Ἀθηναίοις
1839 1063 1930 1118 καὶ

276 1146 570 1220 τριάκοντα
615 1149 704 1202 καὶ
759 1145 906 1218 δέκα,
942 1151 996 1204 αἱ
1041 1153 1216 1226 ψῆφοι
1253 1156 1361 1207 τῶν
1411 1149 1742 1227 κεκριμὲνων
1800 1153 1932 1207 ποτὲ

272 1235 376 1308 μὶν
436 1234 728 1305 ἷ⁷σαι,ποτέ
786 1235 843 1292 δὲ
890 1241 1038 1313 παρὰ
1089 1245 1255 1296 τοῦτο
1303 1239 1562 1316 ἐγίνοντο,
1611 1242 1701 1298 καὶ
1759 1241 1929 1315 νόμος

270 1324 372 1386 τὰς
403 1323 632 1387 πλείους
673 1333 911 1401 κρατεῖν.
939 1326 1006 1382 Ei“
1053 1325 1111 1382 δὲ
1157 1330 1185 1383 ὁ
1226 1331 1628 1405 κατηγορηκὼς
1683 1336 1931 1394 τοιοῦτος

264 1413 418 1488 παρὰ
465 1415 727 1476 τοσαύτας
775 1416 990 1491 ψήφους
1042 1415 1256 1491 ἐγένετο
1303 1418 1427 1473 ὅσον
1478 1421 1554 1490 μὴ
1585 1420 1647 1474 τὸ
1677 1421 1925 1492 πέμπτον

266 1501 492 1576 λαχεῖν,
545 1501 794 1574 ἠτίμωτο
845 1504 938 1557 καὶ
974 1507 1153 1574 «πάντη
1207 1503 1657 1580 καταδεδιῄτητο,
1687 1508 1776 1562 καὶ
1832 1507 1926 1563 αὖ·

266 1591 354 1651 Θις
383 1596 710 1666 κατηγορεῖν
746 1591 846 1646 οὐκ
875 1589 1150 1651 ἐδέδοκτο.

340 1680 408 1736 ν’.
437 1680 512 1734 Τὰ
563 1677 620 1734 δὲ
663 1668 1012 1759 ἆμφιδρόμια
1066 1682 1404 1749 ἐπιτοκίδιός
1467 1684 1608 1741 ἐστιν
1655 1687 1837 1763 ἒορτή,
1871 1687 1922 1742 ἐν

263 1770 304 1840 ᾖ
363 1767 686 1844 χορεύοντες
742 1771 794 1824 οἱ
851 1769 1152 1841 ἐπιτήδειοι
1211 1777 1278 1847 τῇ
1321 1775 1689 1850 γεννησαμένη
1739 1777 1924 1831 ἑκατε-

2045 621 2322 692 agunistse
2358 619 2773 683 nominantur;
2807 614 2856 670 si
2886 615 3108 683 minus,
3157 611 3684 684 deuteragonistaa;

2044 709 2092 764 si
2125 709 2365 764 omnino
2397 706 2547 763 male
2569 708 3007 777 repraesentant,
3041 705 3100 757 in
3133 703 3306 758 tertio
3348 702 3550 756 ordine
3578 717 3684 754 nu-

2045 801 2367 853 merantur.
3032 848 3034 851 .

2113 887 2200 940 119.
2235 886 2314 941 De
2346 886 2556 956 quinta
2595 888 2787 940 autem
2817 891 2977 956 parte
3000 883 3152 955 apud
3179 884 3438 936 oratores
3468 878 3684 950 saepius

2042 979 2346 1046 usurpata,
2403 974 2594 1029 dicere
2636 973 2780 1029 illud
2833 977 3081 1045 oportet.
3133 975 3270 1026 Cum
3323 968 3473 1040 apud
3509 966 3684 1022 Athe-

2044 1065 2276 1120 nienses
2299 1063 2524 1133 judices
2556 1063 2676 1118 sint
2708 1079 2954 1118 numero
2977 1060 3308 1133 quingenti,
3343 1062 3401 1113 et
3441 1056 3682 1128 triginta

2041 1158 2098 1208 et
2126 1154 2348 1223 decem,
2378 1153 2448 1208 de
2481 1151 2871 1208 controversis
2903 1150 3183 1222 suffragia
3213 1165 3368 1204 nunc
3409 1148 3547 1201 sunt
3577 1161 3680 1200 nu-

2041 1259 2201 1298 mero
2232 1241 2486 1313 aqualia,
2520 1258 2676 1296 nunc
2724 1240 3058 1313 inaequalia,
3091 1243 3149 1294 et
3195 1237 3284 1294 lex
3313 1240 3402 1292 est
3445 1233 3682 1307 plurali-

2039 1335 2216 1386 tatem
2267 1332 2516 1386 vincere.
2566 1331 2626 1386 Si
2679 1335 2874 1386 autem
2919 1332 3225 1385 accusator
3263 1344 3380 1383 non
3413 1323 3678 1397 quintam

2037 1418 2451 1490 suffragiorum
2485 1423 2710 1490 partem
2743 1419 3057 1486 obtineret,
3089 1417 3446 1490 puniebatur
3474 1417 3531 1470 et
3560 1429 3682 1467 om-

2036 1509 2173 1564 nino
2204 1507 2730 1576 condemnabatur,
2770 1523 2958 1580 neque
2990 1523 3225 1563 rursum
3261 1504 3310 1560 ei
3343 1503 3555 1558 licebat
3583 1517 3676 1557 ac-

2036 1614 2262 1653 cusare.

2102 1690 2194 1744 50.
2228 1689 2677 1762 Amphidromia
2700 1702 2835 1744 vero
2884 1689 3072 1743 festus
3119 1686 3245 1741 dies
3284 1688 3376 1740 est
3421 1679 3676 1754 partium

2033 1782 2357 1847 occasione,
2383 1796 2498 1851 quo
2527 1778 2837 1851 propinqui
2861 1776 3143 1850 parientis
3166 1775 3376 1831 choros
3399 1773 3677 1826 ducentes

265 1859 440 1931 ρωθεν
486 1861 583 1912 τοῦ
627 1856 823 1921 παιδὸς
875 1859 1172 1937 ὀρχοῦνταί
1208 1883 1268 1916 τε
1296 1863 1384 1917 καὶ
1417 1863 1790 1940 συντρέχουσι.
1826 1865 1910 1920 Καῖ

2032 1869 2255 1925 circum
2285 1868 2568 1924 infantem
2597 1867 2815 1923 saltant
2844 1872 2902 1923 et
2933 1868 3315 1924 concurrunt.
3349 1861 3456 1926 Qui
3508 1863 3676 1916 actus

262 1944 616 2024 ἁμφιδρόμια
643 1947 707 2003 τὸ
733 1949 1108 2025 πραττόμενον
1142 1947 1378 2026 λέγεται.

333 2037 433 2090 να’.
466 2037 536 2090 Τὸ
589 2033 647 2091 δὲ
685 2037 742 2092 εὗ
802 2040 878 2108 οἴ,
930 2037 1041 2112 ὕῖς,
1090 2037 1230 2110 ἅτις,
1262 2041 1369 2110 ὕϊς,
1423 2045 1739 2117 συνθήματα
1796 2045 1920 2100 ὄνο-

263 2126 452 2196 μάτων
511 2125 622 2181 ἐστὶ
686 2123 1124 2204 βαρϐαριζόμενα
1183 2129 1271 2185 ἐπὶ
1320 2131 1582 2194 τελεταῖς.
1612 2134 1761 2190 Ἔστι
1816 2135 1917 2210 γὰρ

259 2213 289 2267 6
333 2213 430 2286 μὲν
455 2213 571 2277 ἅτις
601 2219 670 2289 τῇ
701 2215 904 2292 φρυγίᾳ
951 2217 1175 2294 γλώσσῃ
1223 2221 1250 2274 ὁ
1299 2219 1446 2291 Ζεὺς,
1477 2221 1540 2276 τὸ
1589 2219 1647 2276 δὲ
1692 2223 1777 2286 ὕϊς
1833 2223 1919 2278 εύ-

255 2303 448 2357 κτικόν
479 2302 612 2373 ἐστι,
645 2305 707 2358 τὸ
739 2303 799 2360 δὲ
827 2301 965 2361 σάϐα
995 2306 1203 2362 ἐθνικὸν
1240 2329 1253 2341 ·
1284 2309 1359 2373 ὡς
1416 2312 1515 2380 τήν
1575 2309 1711 2382 ὅλην
1743 2312 1915 2388 εὐχήν

256 2392 522 2463 τοιαύτην
558 2393 686 2448 εἶναι
723 2413 736 2425 ⁸
774 2419 800 2446 (ι
834 2394 940 2467 ὕϊς,
982 2397 1028 2450 ὦ
1078 2401 1175 2451 Ζεῦ
1226 2393 1467 2468 σαόάζιε,
1509 2399 1614 2462 ὕϊς,
1649 2424 1677 2452 ››
1709 2402 1771 2454 Oi
1819 2402 1914 2475 μὲν

252 2482 359 2557 γὰρ
420 2481 477 2536 εὗ
528 2485 586 2538 οἷ
630 2504 755 2561 φασι
805 2483 1079 2560 λέγεσθαι,
1113 2488 1163 2540 οἱ
1213 2485 1290 2557 δὲ,
1324 2487 1380 2542 εὖ
1426 2489 1538 2564 βοῖ.
1569 2490 1645 2546 Τὸ
1701 2491 1794 2563 μὲν
1860 2489 1916 2545 εὖ

257 2573 315 2625 οἷ
359 2568 796 2647 ἐλληνικώτερόν
852 2571 984 2641 ἐστι,
1031 2574 1095 2629 τὸ
1147 2572 1204 2630 δὲ
1257 2575 1313 2630 εὖ
1365 2579 1458 2648 βοῖ
1510 2573 1916 2653 βαρϐαρικώτε-

255 2679 354 2734 ρον
391 2681 405 2694 ’
459 2661 575 2716 κατ’
624 2657 872 2736 ἔλλειψιν
921 2665 984 2718 τὸ
1036 2661 1091 2718 εὖ
1141 2665 1223 2727 ὕϊς
1275 2672 1556 2729 Βοιωτοῖς.
1607 2673 1722 2722 Τῶν
1763 2667 1810 2724 δ’
1859 2669 1911 2725 ἐν

260 2749 588 2825 μυστηρίοις
649 2749 972 2822 ἑλληνικοῖς
1038 2750 1346 2827 λεγομὲνων
1404 2755 1495 2809 καὶ
1563 2758 1915 2835 γραφομένων

257 2835 387 2892 οὔτε
416 2840 482 2892 τὰ
513 2838 753 2912 ὀνόματα
784 2835 1119 2915 ἂπακριϐοὖν
1175 2839 1276 2914 δεῖ,
1311 2841 1435 2898 οὔτε
1479 2845 1545 2899 τὰ
1597 2845 1908 2922 γράμματα.

255 2927 326 2982 Οἳ
386 2927 488 3001 γὰρ
545 2925 714 2982 πάλαι
772 2929 840 2983 τὰ
896 2931 1212 3002 συνθήματα
1261 2929 1606 3008 ἔξευρηκότες
1650 2933 1710 2989 ἔκ
1762 2958 1914 3000 τινος

257 3013 546 3087 δαιμονίας
597 3012 898 3088 ἐπιϐουλῆς
946 3019 1318 3095 ἀνερμήνευτα
1362 3026 1530 3077 ταῦτα
1584 3023 1910 3081 καταλελοί-

255 3125 443 3173 πασιν,
477 3103 606 3167 ἴσως
653 3106 743 3161 καὶ
792 3107 948 3162 αὐτοὶ
1000 3109 1362 3185 ἀγνοήσαντες
1409 3111 1615 3168 τούτων
1666 3115 1768 3183 τήν
1817 3112 1908 3170 δύ-

252 3214 418 3265 ναμιν
455 3213 468 3226 ⁸
503 3190 587 3249 διὸ
631 3196 720 3249 καὶ
770 3195 846 3260 είς
891 3199 1041 3271 ἡμᾶς
1091 3197 1376 3274 ἐξήρκεσαν
1423 3202 1598 3280 φωναί
1649 3203 1706 3257 τέ
1765 3225 1909 3267 τινες

251 3283 345 3336 καὶ
403 3283 702 3357 γράμματα
753 3282 886 3358 ἔνια,
928 3288 997 3341 τὰ
1055 3288 1148 3360 μὲν
1209 3286 1425 3345 ἱοικότα
1479 3296 1598 3354 τοῖς
1657 3295 1908 3367 σημείοις

253 3368 362 3425 τῶν
421 3372 650 3442 τάσεων,
709 3375 777 3429 τὰ
831 3372 888 3430 δὶ
944 3375 1302 3453 ἀτακτότερον
1388 3378 1748 3454 ἐκτεθειμένα.
1804 3382 1906 3436 Κᾶν

257 3462 356 3532 μὲν
389 3460 710 3537 ἐξελληνίσῃ
737 3486 820 3526 τις
852 3467 886 3536 ἢ
919 3467 1017 3536 τὴν
1056 3468 1242 3542 φωνὴν
1295 3468 1329 3536 ἢ
1373 3470 1435 3523 τὸ
1486 3469 1718 3545 γράμμα
1766 3469 1910 3548 διαρ·

255 3555 402 3622 θρῶν
457 3551 492 3622 ἢ
551 3549 1057 3628 ὲπιδιορθούμενος,
1107 3557 1182 3618 ὡς
1253 3556 1304 3611 ἐν
1373 3563 1492 3622 ταῖς
1545 3558 1908 3625 Φιλοκαλίαις

247 3639 560 3713 Ὠριγένους
625 3641 1040 3718 ἀναγέγραπται,
1091 3646 1424 3718 ἀσυμπαθῶς
1497 3648 1632 3719 πρὸς
1689 3649 1752 3703 τὸ
1827 3649 1910 3705 ἐκ·

245 3726 499 3798 κείμενον
558 3730 649 3784 καὶ
707 3729 819 3804 ἐρεῖ
872 3733 961 3786 καὶ
1016 3733 1230 3808 γράψει,
1266 3732 1380 3789 οὐδ’
1428 3735 1601 3798 οὕτως
1657 3737 1730 3800 ὡς
1789 3735 1904 3815 ἔχει

246 3817 744 3892 συμπεπνιγμὲνως
795 3819 1121 3898 ἐκφωνήσει,
1164 3823 1201 3892 ἢ
1260 3826 1396 3879 κατᾶ
1461 3826 1522 3879 τὸ
1578 3822 1904 3905 φαινόμενον

244 3903 552 3969 ἀκόλουθον
598 3907 814 3983 γράψει,
871 3907 1084 3984 δράσειὲ
1129 3933 1180 3966 τι
1232 3914 1265 3983 ἢ
1317 3917 1530 3986 πνεῦμα
1578 3903 1765 3970 ἕνυλον
1825 3916 1908 3971 ἐκ·

241 3993 590 4067 καλούμενος
727 3998 787 4052 τὸ
839 3997 1173 4075 φλεγμαῖνον
1206 4002 1598 4077 καταμαγεύων
1653 4011 1754 4074 τῆς
1810 4008 1908 4079 ψυ·

240 4088 358 4158 χῆς
457 4088 552 4138 τοῦ
583 4085 859 4158 σώματος.
891 4089 966 4142 Τὰ
1008 4088 1109 4163 γάρ
1153 4111 1238 4144 τοι
1274 4089 1436 4146 ὑλικὰ
1474 4091 1757 4166 πνεύματα
1813 4095 1902 4149 καὶ

241 4169 584 4242 ὠνόμασται,
619 4174 692 4236 ὡς
747 4179 856 4229 τῶν
917 4174 1236 4255 φιλοσόφων
1295 4177 1427 4234 ἔνιοί
1484 4202 1635 4259 φασι,
1693 4183 1782 4237 καὶ
1836 4183 1904 4238 τά

240 4266 496 4335 στοιχεῖα
544 4267 653 4316 τῶν
706 4264 994 4337 ὀνομάτων
1034 4267 1241 4322 τούτων
1273 4271 1600 4348 γεγράφαται
1635 4289 1648 4302 ⁸
1701 4273 1836 4347 πρὸς
1870 4272 1903 4327 ἃ

240 4347 314 4417 δὴ
348 4351 486 4404 κατά
518 4351 670 4428 φύσιν
704 4350 974 4428 λεγόμενα
1005 4353 1180 4411 ἐκεῖνά
1211 4357 1367 4435 φασὶν
1401 4347 1738 4437 ἐφέλκεσθαι.

313 4439 416 4514 νβ’.
450 4438 630 4496 Ἀλλὰ
665 4443 789 4517 περὶ
842 4445 936 4516 μὲν
977 4445 1186 4500 τούτων
1240 4450 1316 4519 μὴ
1349 4448 1524 4504 πλείω
1567 4449 1710 4523 ὑμῖν.
1747 4452 1898 4508 Ἔστι

234 4525 301 4581 δέ
347 4549 400 4581 τι
453 4530 599 4604 παρὰ
641 4531 911 4594 Ἀττικοῖς
961 4535 1052 4588 καὶ
1096 4537 1468 4612 Ξυμμαχικὸν
1520 4547 1897 4614 γραμματεῖον

2029 1957 2463 2031 amphidromia
2494 1957 2731 2012 dicitur.

2099 2047 2188 2103 5|.
2222 2049 2313 2102 lla:
2344 2063 2512 2103 voces
2545 2065 2557 2102 :
2586 2047 2692 2111 Eu,
2725 2045 2801 2116 oi,
2834 2044 2947 2113 uis,
2981 2043 3114 2109 atis,
3149 2042 3261 2109 uis,
3295 2037 3673 2111 compositio-

2031 2153 2132 2192 nes
2163 2137 2422 2192 barbarie
2454 2135 2765 2191 nominum
2798 2133 3019 2189 suntin
3051 2129 3484 2187 initiationibus
3508 2125 3674 2182 adbi-

2030 2227 2182 2281 bitae.
2227 2224 2354 2280 Atis
2385 2225 2540 2280 enim
2591 2223 2844 2295 Phrygia
2866 2223 2925 2276 in
2947 2221 3151 2291 lingua
3183 2224 3273 2275 est
3308 2217 3550 2290 Jupiter,
3584 2217 3674 2270 uis

2027 2331 2162 2370 vero
2208 2313 2529 2386 optativum
2563 2317 2675 2382 est,
2706 2317 2764 2368 et
2809 2311 2943 2367 saba
2984 2309 3234 2382 gentile;
3287 2308 3368 2363 ita
3420 2310 3486 2362 ut
3534 2304 3670 2361 talis

2027 2402 2226 2474 aliqua
2254 2404 2332 2458 sit
2351 2407 2472 2458 tota
2492 2401 2780 2457 invocatio
2806 2419 2818 2457 :
2845 2399 3012 2467 «Uis,
3037 2417 3069 2454 ο
3091 2400 3204 2454 Zeu
3228 2396 3479 2464 sabazie,
3507 2394 3620 2449 uis.
3637 2413 3667 2444 ιο

2025 2492 2135 2546 Alii
2160 2492 2315 2547 enim
2354 2507 2422 2546 eu
2461 2492 2513 2546 oi
2549 2490 2663 2544 dici
2702 2489 3084 2554 contendunt,
3118 2487 3217 2542 alii
3250 2502 3320 2540 eu
3364 2485 3470 2539 boi.
3503 2485 3585 2537 Eu
3613 2485 3668 2537 oi

2025 2580 2259 2652 quidem
2295 2580 2484 2650 magis
2527 2584 2792 2632 Graecum
2839 2581 2948 2646 est,
2980 2593 3048 2630 cu
3098 2575 3186 2630 boi
3232 2578 3426 2628 autem
3476 2571 3666 2642 magis

2025 2669 2376 2735 barbarum;
2411 2686 2510 2740 per
2550 2667 2801 2738 ellipsim
2840 2666 3057 2721 dicitur
3085 2681 3154 2719 eu
3196 2665 3285 2718 uis
3316 2660 3468 2732 apud
3502 2664 3665 2714 Boeo-

2024 2758 2158 2813 tios.
2187 2758 2394 2813 Eorum
2440 2761 2636 2812 autem
2681 2772 2807 2827 quas
2836 2754 2897 2809 in
2931 2752 3144 2810 Graecis
3185 2749 3480 2824 mysteriis
3518 2747 3669 2804 dice.

2022 2849 2240 2903 bantur
2270 2846 2355 2901 vel
2388 2846 2818 2914 scribebantur,
2851 2859 3041 2916 neque
3074 2841 3312 2898 nomina
3351 2855 3540 2911 neque
3570 2837 3665 2894 lit-

2021 2942 2177 2993 teras
2207 2937 2494 3008 explicare
2529 2939 2773 3009 oportet.
2794 2933 2898 2998 Qui
2924 2934 3080 2989 enim
3105 2930 3244 2988 olim
3266 2930 3478 2985 horum
3503 2944 3664 2983 com-

2022 3025 2373 3098 positionem
2402 3025 2691 3095 invenere,
2727 3024 2924 3080 divino
2965 3023 3218 3095 quodam
3259 3018 3504 3075 consilio
3546 3034 3663 3072 non

2020 3114 2505 3186 interpretatione
2544 3113 2830 3185 explicata
2875 3129 2942 3167 ea
2994 3110 3379 3182 reliquerunt,
3414 3108 3559 3162 forte
3607 3109 3666 3161 et

2020 3203 2131 3275 ipsi
2160 3220 2360 3259 eorum
2387 3203 2501 3257 vim
2546 3203 2902 3274 ignorantes.
2944 3203 3030 3255 Ad
3063 3217 3170 3255 nos
3201 3199 3355 3254 enim
3382 3211 3662 3270 pervene-

2023 3298 2160 3348 runt
2188 3309 2354 3347 voces
2382 3293 2646 3363 quaedam
2673 3297 2729 3346 et
2750 3292 3016 3362 quaedam
3041 3288 3269 3350 litterae,
3301 3287 3433 3341 aliis
3455 3302 3662 3342 accen-

2023 3387 2185 3436 tuum
2212 3382 2400 3452 signis
2417 3380 2664 3451 similes,
2702 3379 2828 3435 alia
2851 3379 3180 3434 inordinate
3205 3378 3494 3450 expositis.
3520 3383 3588 3437 Et
3610 3372 3660 3429 si

2020 3472 2152 3542 quis
2200 3474 2266 3527 ad
2314 3472 2644 3526 Grecorum
2677 3469 2854 3524 ritum
2887 3468 3178 3540 explicare
3209 3474 3311 3523 aut
3341 3473 3654 3528 emendare

2017 3577 2183 3615 voces
2214 3563 2268 3614 et
2300 3559 2526 3614 litteras
2557 3558 2910 3625 institueret,
2962 3562 3024 3612 ut
3066 3557 3124 3612 in
3169 3557 3436 3629 Origenis
3470 3561 3662 3615 Philo-

2017 3650 2160 3703 calia
2192 3648 2492 3714 scribitur,
2543 3647 2689 3701 nihil
2739 3647 2810 3701 de
2861 3646 3174 3717 propositis
3221 3648 3413 3701 verbis
3446 3664 3660 3705 curans

2017 3738 2237 3792 diceret
2256 3743 2357 3791 aut
2377 3737 2678 3806 scriberet,
2704 3751 2892 3807 neque
2913 3739 3039 3789 tum
3064 3735 3302 3806 quidem
3328 3739 3389 3788 ut
3423 3741 3563 3790 sunt
3591 3755 3660 3793 ea

2014 3825 2102 3880 vel
2130 3825 2447 3880 suffocatus
2480 3825 2882 3896 pronuntiaret
2908 3828 3009 3879 aut
3040 3822 3318 3878 scriberet
3345 3823 3423 3876 ita
3447 3828 3506 3877 ut
3539 3825 3655 3878 evi-

2015 3914 2214 3970 dentia
2243 3918 2611 3987 apparerent,
2645 3911 2761 3967 sive
2792 3912 3059 3984 spiritum
3095 3911 3454 3966 materialem
3489 3912 3656 3967 invo-

2015 4021 2146 4060 care
2177 4003 2335 4069 velit,
2373 4004 2489 4058 sive
2512 4002 2779 4058 ardorem
2800 4001 3009 4055 animae
3050 4001 3428 4072 autcorporis
3455 4002 3655 4056 incan-

2013 4099 2155 4147 tare.
2182 4090 2516 4147 Materiales
2546 4091 2703 4145 enim
2756 4088 2998 4158 spiritus
3052 4089 3291 4143 nomina
3320 4089 3554 4155 habent,
3591 4095 3657 4144 ut

2014 4181 2250 4253 quidam
2287 4181 2452 4235 aiunt
2475 4178 2832 4251 philosophi,
2865 4183 2922 4233 et
2955 4176 3256 4232 nominum
3290 4193 3488 4233 eorum
3544 4176 3656 4233 ele-

2012 4276 2210 4326 menta
2237 4270 2458 4342 scripta
2485 4273 2664 4338 sunt;
2692 4269 2759 4322 ad
2794 4285 2920 4340 quae
2943 4266 3289 4323 naturaliter
3318 4267 3658 4340 pronuntia-

2011 4367 2070 4415 ta
2101 4377 2199 4416 eos
2230 4359 2446 4414 attrahi
2479 4359 2704 4414 dicunt.

2077 4452 2166 4504 52.
2202 4450 2311 4504 Sed
2345 4449 2417 4503 de
2462 4448 2556 4502 his
2606 4448 2751 4502 nihil
2811 4445 3069 4518 amplius
3121 4447 3499 4502 disseremus.
3551 4447 3652 4503 Est

2010 4545 2202 4594 autem
2237 4539 2389 4610 apud
2426 4537 2644 4594 Atticos
2676 4537 2917 4607 quidam
2958 4535 3195 4591 libellus
3225 4536 3461 4591 socialis
3490 4539 3651 4608 Ξυμ-

234 4614 565 4691 λεγόμενον.
598 4621 698 4675 Ἦν
761 4617 819 4674 δὲ
867 4626 1028 4677 τοῦτο
1089 4623 1138 4678 ἐν
1183 4625 1229 4696 ᾧ
1257 4625 1385 4687 τοὺς
1417 4624 1638 4696 ἡλικίαν
1671 4627 1898 4703 ἔχοντας

2026 4626 2247 4701 λαχικὸς
2279 4626 2492 4682 dictus.
2528 4625 2630 4680 Hic
2651 4628 2776 4680 erat
2805 4623 3041 4679 libellus
3085 4626 3142 4679 in
3186 4641 3300 4696 quo
3348 4641 3447 4681 eos
3495 4626 3649 4682 cives

227 4709 345 4760 τῶν
397 4705 570 4760 ἀστῶν
619 4707 756 4783 πρός
807 4730 865 4764 τε
912 4706 1201 4786 πρεσϐείαν
1251 4714 1340 4767 xui
1393 4717 1736 4790 στρατηγίαν,
1768 4741 1897 4774 ναυ-

231 4795 441 4882 αρχίαν
473 4815 530 4850 τε
576 4795 665 4851 καὶ
715 4799 1105 4875 τριηραρχίαν,
1138 4801 1188 4855 οἱ
1237 4801 1525 4878 πρυτάνεις
1570 4805 1894 4882 ἀνέγραφον,

227 4881 502 4958 πατρόθεν
594 4883 653 4939 ἐκ
737 4892 921 4961 γενεᾶς
993 4884 1214 4944 ἕκαστον
1298 4891 1715 4970 ἀναγράφοντες.
1771 4881 1892 4966 Καὶ,

229 4967 358 5026 δέον
394 4973 732 5049 στρατηγοὺς
763 4976 1205 5052 προχειρίζεσθαι
1259 4979 1294 5048 ἢ
1352 4967 1569 5054 ταμίας,
1600 4986 1709 5035 τῶν
1762 4983 1893 5037 ἀνα-

225 5060 630 5135 γεγραμμένων
681 5061 772 5125 οὖς
815 5062 873 5118 ἂν
925 5065 1212 5140 βούλοιντο
1263 5067 1350 5123 ἐπὶ
1398 5073 1506 5126 τῶν
1567 5067 1886 5142 διοικήσεων

222 5145 474 5207 ἔταττον.
561 5153 932 5228 Ληξιαρχικὸν
1016 5153 1072 5210 δὲ
1154 5165 1532 5232 γραμματεῖον
1615 5158 1835 5236 ἐλέγετο
1869 5179 1884 5193 ·

220 5246 612 5314 γραμματεῖον
649 5241 744 5313 μὲν
800 5243 884 5297 ὅτι
944 5240 1210 5317 δημόσιον
1266 5249 1334 5317 ἦν
1388 5244 1726 5322 συμϐόλαιον
1787 5257 1889 5320 τῆς

217 5327 450 5390 πόλεως
484 5347 495 5358 ·
554 5327 914 5406 ληξιαρχικὸν
969 5330 1046 5405 δὲ,
1101 5337 1182 5390 ὅτι
1246 5336 1523 5409 σύμπασαι
1578 5339 1632 5392 αἱ
1692 5339 1883 5414 ἀρχαὶ,

216 5414 281 5472 αἰῖ
339 5437 400 5471 τε
455 5421 835 5492 χειροτονηταὶ
891 5421 982 5476 καὶ
1041 5425 1093 5477 αἱ
1165 5423 1472 5501 κληρωταὶ,
1531 5425 1702 5482 ἐκεῖσε
1759 5449 1884 5484 κατ-

215 5504 428 5581 έληγον
439 5550 452 5562 .

2007 4732 2254 4786 quorum
2290 4719 2428 4769 astas
2453 4715 2522 4769 ad
2553 4712 2874 4786 legationes
2905 4717 3006 4768 aut
3047 4713 3310 4785 imperia,
3335 4714 3407 4768 ad
3439 4731 3646 4771 navar-

2005 4803 2194 4858 chiam
2227 4808 2282 4858 et
2311 4803 2716 4858 trierarchiam
2747 4806 2881 4873 apta
2897 4807 3041 4871 erat,
3067 4806 3340 4874 prytanea
3370 4803 3646 4858 inscribe-

2003 4891 2166 4960 bant,
2201 4909 2374 4963 quem
2435 4905 2502 4946 e'x
2564 4895 2807 4961 paterna
2856 4890 3079 4962 origine
3126 4889 3545 4946 inscribebant.
3577 4892 3646 4946 Et

2001 4983 2233 5050 quando
2255 4980 2389 5052 eligi
2429 4981 2612 5035 duces
2650 4984 2752 5034 aut
2781 4985 3098 5050 quastores
3122 4995 3363 5036 necesse
3394 4984 3540 5050 erat,
3572 4996 3642 5036 ex

1999 5069 2296 5140 inscriptis
2343 5085 2491 5140 quos
2520 5068 2793 5124 volebant
2814 5068 2908 5124 his
2940 5068 3283 5124 muneribus
3335 5083 3636 5140 prapone-

1999 5159 2160 5214 bant.
2197 5159 2349 5214 Alter
2379 5163 2575 5214 autem
2617 5158 2849 5214 libellus
2871 5159 3277 5214 Lexiarchicus
3309 5155 3637 5231 (Ληξιαρχι-

1996 5249 2108 5321 κὸς)
2142 5251 2717 5319 vocabatur;libellus
2759 5251 3021 5322 quidem,
3046 5249 3186 5322 quia
3219 5248 3456 5322 publica
3495 5249 3633 5305 civi-

1995 5343 2133 5397 tatis
2165 5340 2366 5397 tabula
2411 5346 2566 5409 erat;
2624 5341 3005 5395 lexiarchicus
3054 5357 3209 5404 vero,
3258 5340 3396 5412 quia
3427 5357 3632 5396 omnes

1994 5431 2394 5502 magistratus,
2425 5435 2480 5486 et
2536 5429 2832 5502 sull‘ragiis
2891 5429 3042 5484 datis
3072 5433 3128 5484 et
3157 5433 3310 5484 sorte
3351 5430 3513 5485 ducti
3552 5427 3631 5484 ibi

1991 5521 2483 5576 terminabantur.
