4010 6360
177 364 334 428 1025

1417 356 1518 418 DE
1561 352 1832 416 LEGUM
1879 352 2339 419 NOMINIBUS.

3426 361 3586 422 1026

245 491 696 553 Μαηδονιάνιιον
730 491 934 568 δόγμα,
986 484 1291 546 ἀπιϐαἶνον
1341 491 1459 552 τοῖς
1520 484 1821 543 δανείσασιν

2008 487 2494 548 Macedonianum
2523 493 2821 550 decretum
2845 497 3049 550 contra
3077 510 3177 554 eos
3199 494 3298 567 qui
3333 494 3588 553 subditis

176 585 428 657 ὁπεξουσί
439 607 504 657 ῳ.

243 673 550 731 Νινιάνειον
585 669 784 747 δόγμα,
827 669 960 745 ὅπερ
1007 667 1221 724 ἐκέλευε
1267 664 1543 740 μηδέποτε
1596 664 1828 743 μεταφέ-

172 775 360 838 ρεσθαι
389 761 519 824 τοὺς
551 758 947 836 ἀπελευθέρους
979 759 1053 820 εἷς
1084 757 1374 834 εὐγένειαν.

249 851 644 931 Ὀρφιτιάνειον
704 848 904 925 δόγμα,
954 847 1196 923 παρέχον
1247 851 1363 908 τοῖς
1413 843 1567 900 παισὶ
1615 842 1829 917 νόμιμα

175 940 361 998 δίκαια
390 940 466 1003 εἰς
495 942 596 1010 τὴν
626 944 734 994 τῶν
771 939 1022 1013 μητέρων
1056 934 1414 1011 διακατοχήν.

249 1030 527 1092 Πάππιιος
556 1029 749 1102 νόμος,
780 1026 1010 1083 κωλύων
1045 1023 1300 1081 δεσπόσαι
1326 1025 1389 1080 τὸ
1441 1021 1727 1099 βιπόσεσον
1759 1020 1830 1077 δι’

175 1120 654 1181 ούσουκαπίωνος.

251 1211 548 1283 Πομπήϊος
576 1206 766 1281 νόμος,
799 1205 924 1280 περὶ
951 1202 1357 1280 πατροκτόνων.

247 1296 644 1374 Πηγασιάνειον
669 1295 870 1370 δόγμα,
921 1295 1143 1350 κελεῦον
1201 1293 1293 1349 τὸν
1343 1291 1635 1364 ἀξιωθέντα
1685 1289 1832 1362 κλη-

170 1387 440 1462 ρονομίαν
493 1386 932 1450 ἀποκαταστῆσαι
991 1387 1354 1460 παρακραττῖν
1412 1382 1475 1436 τὸ
1531 1380 1786 1456 τέταρτον
1813 1422 1826 1448 ,

167 1478 270 1532 καὶ
339 1476 698 1545 ὑποκαθιστᾷν
757 1471 1153 1548 ἐννεαούγγιον,
1229 1470 1326 1532 τὰς
1377 1467 1436 1524 δὶ
1509 1468 1722 1545 ἀγωγὰς
1779 1466 1830 1539 ἐξ

167 1563 318 1622 ὅλου
365 1563 576 1640 κλήρου
620 1559 789 1638 ἔχειν·
840 1563 904 1618 τὸ
962 1558 1018 1616 δὶ
1062 1554 1463 1635 Τριϐελιάνειον
1495 1555 1666 1613 διεῖλε
1705 1555 1831 1612 ταύ-

167 1674 298 1716 τας.

249 1736 661 1818 Πριϐιλιάνειον
730 1737 907 1816 δόγμα
954 1738 1044 1794 καὶ
1103 1735 1581 1814 Τουρπιλιάνειον.
1639 1733 1831 1807 Τούτῳ

1941 578 2255 650 pecuniam
2285 581 2426 637 dant
2458 582 2698 638 fmnore.

2011 667 2328 724 Ninianum
2349 670 2644 726 decretum
2665 673 2819 744 quod
2846 671 3219 744 praecipiebat
3237 688 3308 730 ne
3326 691 3588 747 unquam

1939 753 2134 810 liberti
2168 756 2224 810 in
2256 756 2681 828 ingenuitatem
2719 762 3200 817 transferrentur.

2012 844 2423 916 Orphitianum
2448 848 2749 903 decretum
2773 848 2910 904 ﬁliis
2932 850 3198 921 praebens
3220 849 3431 924 legalis
3453 853 3593 924 jura

1938 931 1998 987 in
2028 938 2282 990 matrum
2319 937 2742 1006 possessiones.

2011 1022 2125 1078 Lex
2155 1023 2391 1095 Pappia,
2427 1025 2743 1097 prohibens
2775 1042 2847 1082 ne
2886 1026 3258 1100 hispossesso
3309 1046 3413 1102 per
3442 1047 3591 1086 usu-

1941 1111 2244 1184 capionem
2276 1114 2410 1185 quis
2443 1114 2721 1186 potiatur.

2012 1201 2127 1257 Lex
2158 1202 2434 1275 Pompeia
2465 1204 2536 1260 de
2567 1203 2898 1276 parricidis.

2011 1290 2400 1362 Pegasianum
2461 1293 2785 1363 decretum,
2835 1311 2946 1365 quo
3005 1295 3138 1368 quis
3190 1296 3590 1353 hereditatem

1942 1379 2248 1436 restituere
2271 1381 2479 1451 jussus
2510 1386 2784 1455 quartam
2807 1384 2935 1453 ejus
2966 1389 3188 1456 partem
3216 1385 3464 1440 retinere
3495 1402 3596 1457 po-

1939 1472 2071 1536 test,
2108 1484 2435 1540 novemque
2481 1471 2683 1526 uncias
2733 1470 2966 1527 solvens
2996 1474 3326 1528 vectionum
3374 1473 3476 1544 jus
3523 1489 3592 1528 ex

1940 1561 2063 1613 tota
2084 1557 2420 1614 hereditate
2441 1558 2646 1630 habet;
2667 1561 2822 1631 quod
2841 1561 2941 1632 jus
2965 1561 3173 1618 statuit
3191 1560 3590 1617 Tribelianum

1940 1647 2264 1703 decretum.

2016 1736 2395 1793 Privilianum
2421 1739 2717 1795 decretum
2741 1747 2796 1795 et
2816 1739 3252 1812 Turpilianum.
3277 1743 3424 1799 Huic
3456 1748 3596 1803 sub-

173 1831 476 1887 ὑποπίπτει
509 1831 538 1884 6
593 1829 882 1905 ἰγγράφως
929 1826 1126 1929 ἰγγύας
1167 1823 1420 1888 δεδωκὼς
1449 1823 1540 1880 καὶ
1596 1825 1831 1895 ποιήσας

2000 1831 2128 1882 ctus
2157 1831 2248 1882 est
2276 1827 2372 1896 qui
2407 1828 2754 1900 sponsiones
2786 1829 3003 1902 scripto
3033 1830 3215 1898 dedit,
3249 1833 3424 1891 alicui
3455 1853 3592 1908 pos-

171 1922 303 1975 τινὰ
330 1921 687 1995 κατασχεθεῖν
720 1917 898 1994 χωρὶς
927 1911 1297 1977 ἀϐολιτίονος.

253 2004 659 2085 Ῥουϐριάνειον
694 2004 898 2084 δόγμα,
929 2006 1054 2083 περὶ
1086 2001 1592 2081 φιδεΐκομισσαρίας
1627 2000 1833 2067 ἐλευθε-

222 2099 333 2162 ίας.

222 2121 333 2162 ιας.

181 2121 211 2177 ρ
256 2187 485 2264 Ῥέγειος
518 2188 547 2242 6
577 2187 770 2260 νόμος,
803 2184 831 2239 6
861 2182 1093 2240 κωλύων
1124 2187 1359 2262 ταφῆναι
1384 2183 1484 2254 τὴν
1518 2180 1569 2237 ἐν
1613 2185 1692 2254 τῷ
1715 2181 1834 2237 τίκ-

177 2298 298 2332 τειν
329 2279 610 2348 θανοῦσαν,
643 2273 768 2349 πρὶν
802 2271 1017 2328 ἐκδῦναι
1046 2273 1108 2328 τὸ
1149 2273 1369 2350 βρέφος.

262 2363 567 2419 Σιλιάνειον
618 2361 835 2438 δόγμα,
882 2361 1007 2436 περὶ
1053 2366 1151 2417 τοῦ
1200 2358 1310 2416 δεῖν
1363 2357 1689 2423 ἐκδικεῖσθαι
1742 2361 1833 2416 τὸν

186 2454 383 2529 βιαίως
409 2451 756 2528 ἀναιρεθέντα
786 2451 932 2527 παρά
959 2455 1066 2505 τῶν
1092 2447 1246 2505 ἰδίων
1275 2448 1666 2524 κληρονόμων.

259 2630 508 2694 Σέντειος
554 2631 750 2704 νόμος,
797 2627 1030 2686 κωλύων
1082 2626 1209 2692 τοὺς
1260 2626 1346 2684 ἐπὶ
1391 2621 1572 2704 βλάϐῃ
1602 2631 1708 2682 τῶν
1743 2624 1838 2682 δα-

180 2725 414 2777 νειστῶν
447 2718 778 2797 ιλευθερίας.

258 2807 669 2886 Τερτυλιάνειον
704 2805 907 2883 δόγμα,
937 2808 1182 2884 παρέχον
1207 2810 1330 2870 ταῖς
1364 2825 1602 2882 μητρασι
1633 2804 1843 2880 νόμιμα

186 2898 380 2955 δίκαια
408 2896 483 2961 εἷς
515 2898 615 2968 τὴν
645 2899 752 2952 τῶν
781 2893 987 2952 παίδων
1021 2893 1314 2973 διαδοχήν.

261 2982 666 3064 Τριὸελιάνειον
721 2983 919 3063 δόγμα,
974 2985 1099 3063 περὶ
1124 2982 1640 3065 φιδεῖκομισσαρίων
1702 2984 1844 3061 ἀγωο

188 3081 306 3154 γῶν
317 3120 331 3133 .

269 3160 506 3230 Φοίϐειος
532 3166 723 3239 νόμος,
755 3163 877 3240 περὶ
911 3159 1377 3241 ἀνδραποδιστῶν.

272 3341 603 3408 Φαλκίδειος
655 3343 850 3418 νόμος,
909 3343 938 3397 6
995 3339 1296 3419 πρόδηλος·
1358 3340 1566 3413 ἐξετέθη
1627 3339 1686 3396 δὶ
1741 3342 1843 3396 ὑπὸ

190 3431 483 3491 Πουπλίου
515 3430 816 3488 Φαλκιδέου
847 3429 912 3503 δη
924 3435 1285 3508 μαργοῦντος.
1317 3428 1584 3488 Βούλεται
1619 3427 1676 3486 δὶ
1707 3427 1846 3504 λαμ-

193 3519 381 3578 ϐάνειν
406 3522 498 3578 τὸν
529 3520 880 3597 κληρονόμον
907 3519 968 3576 ἐκ
1011 3527 1113 3591 τῆς
1163 3519 1346 3584 οὐσίας
1383 3523 1482 3576 τοῦ
1527 3517 1844 3594 διαθεμένου

188 3611 461 3688 τέσσαρας
492 3610 733 3688 ούγγίας.

272 3789 373 3846 Καὶ
403 3788 469 3845 τὰ
526 3789 622 3862 μὶν
671 3787 796 3864 περὶ
845 3785 1132 3863 δογμάτων
1159 3787 1297 3842 κατᾶ
1326 3790 1600 3863 στοιχεῖον
1657 3789 1845 3844 ταῦτα.

191 3879 287 3938 Τὰ
336 3877 394 3934 δὶ
441 3878 566 3954 περὶ
613 3881 721 3933 τῶν
790 3875 1074 3950 ὀνομάτων
1125 3875 1519 3953 ἀναγκαιότερα
1588 3875 1847 3939 ὡσαύτως

190 3969 466 4032 ἐντεῦθεν.

275 4058 557 4134 Ἀγνάτος,
589 4057 618 4112 6
650 4055 702 4128 ἕξ
731 4052 1114 4133 ἀῤῥενογονιας
1146 4056 1282 4129 ἡμῖν
1315 4055 1740 4129 συναπτόμενος.

272 4238 528 4302 Ἀκτους,
562 4231 688 4298 ὁδὸς
718 4231 764 4289 δ’
796 4254 861 4304 ης
891 4231 1111 4290 δυνατὸν
1142 4231 1453 4312 διέρχεσθαι
1485 4235 1619 4309 μετᾶ
1650 4235 1849 4304 ὑποζυ-

187 4327 328 4404 γίου
361 4326 396 4395 ἢ
433 4324 542 4400 όχή
553 4344 740 4398 ματος.

271 4415 476 4484 Βίτιον,
507 4413 701 4490 ψόγος,
733 4409 1045 4487 έλᾶιετωμα,
1072 4411 1270 4469 αἴτιον.

1943 1915 2222 1970 sidendas
2250 1915 2378 1970 sine
2409 1917 2744 1974 abolitione.

2011 2003 2377 2060 Rubrianum
2418 2005 2718 2063 decretum
2769 2008 2838 2064 de
2883 2008 3140 2080 ingenua
3171 2011 3594 2072 fideicommis-

1943 2109 2121 2150 saria.

2017 2184 2130 2238 Lex
2147 2181 2306 2255 regia
2322 2199 2452 2255 quas
2473 2183 2744 2256 prohibet
2761 2202 2832 2242 ne
2849 2185 3063 2241 mulier
3080 2187 3232 2244 inter
3247 2191 3595 2260 pariendum

1947 2277 2179 2328 mortua
2208 2272 2527 2344 sepeliatur
2555 2278 2874 2346 antequam
2907 2274 3106 2332 infans
3135 2293 3411 2347 egressus
3443 2282 3541 2338 sit.

2016 2361 2304 2417 Silianum
2338 2361 2637 2417 decretum
2669 2364 2989 2420 decernens
3015 2382 3150 2421 eum
3186 2367 3287 2438 qui
3318 2368 3601 2427 violenter

1948 2450 2178 2507 occisus
2225 2450 2399 2506 fuerit
2429 2467 2463 2505 a
2491 2451 2744 2523 propriis
2775 2451 3109 2510 heredibus
3153 2471 3283 2512 esse
3316 2457 3597 2528 judican-

1949 2541 2116 2596 dum.

2022 2629 2136 2686 Lex
2163 2628 2364 2685 Sentia
2411 2628 2728 2686 defendens
2779 2646 2878 2686 eos
2929 2631 3028 2704 qui
3075 2632 3136 2690 in
3185 2634 3401 2692 damno
3433 2641 3601 2694 erant

1951 2723 2153 2775 contra
2183 2718 2596 2774 fmusratorum
2627 2717 2982 2776 libertatem.

2020 2806 2422 2863 Tertulianum
2462 2808 2763 2864 decretum
2804 2814 3089 2882 praestans
3122 2811 3411 2869 matribus
3442 2812 3598 2887 lega-

1951 2895 2031 2951 lia
2054 2896 2194 2966 jura
2225 2894 2284 2950 in
2317 2895 2573 2951 filiorum
2610 2895 3067 2953 successionem:

2023 2984 2421 3041 Tribelianum
2455 2986 2756 3042 decretum
2803 2989 2874 3043 de
2922 2987 3604 3048 fideicommissariorum

1953 3074 2416 3131 discriminibus.

2029 3169 2138 3219 Lex
2168 3163 2344 3219 Fabia
2373 3164 2447 3219 de
2489 3163 2561 3219 iis
2592 3164 2693 3236 qui
2733 3163 2948 3222 liberos
2978 3163 3038 3221 in
3070 3167 3414 3226 servitutem
3446 3171 3602 3228 redi-

1876 3234 1920 3302 (ἶ
1957 3258 2124 3325 gunt.

2028 3343 2141 3398 Lex
2193 3342 2471 3409 Falcidia,
2501 3346 2637 3399 ante
2682 3347 2840 3412 nota,
2875 3346 3179 3417 proposita
3223 3351 3417 3405 autem
3448 3353 3541 3407 est
3569 3368 3604 3408 a

1953 3430 2164 3487 Publio
2223 3429 2499 3498 Falcidio,
2558 3432 2793 3488 tribuno
2850 3432 3058 3506 plebis.
3099 3434 3242 3491 Vult
3291 3441 3486 3494 autem
3538 3443 3606 3495 ut

1954 3520 2138 3576 haeres
2171 3520 2241 3576 de
2269 3519 2604 3577 substantia
2630 3523 2964 3578 testamenti
3000 3522 3192 3596 capiat
3217 3530 3472 3597 quatuor
3502 3545 3606 3585 un-

1955 3610 2097 3666 cias.
2124 3609 2320 3682 (Uncia
2349 3625 2522 3681 porro
2561 3608 2912 3682 designabat
2941 3611 3343 3670 duocecimam
3375 3620 3605 3688 partem

1955 3697 2358 3770 hareditatis).

2027 3789 2096 3844 Et
2123 3788 2244 3844 haec
2275 3789 2515 3860 quidem
2542 3787 2614 3844 de
2644 3787 2892 3846 decretis
2914 3805 3018 3862 per
3047 3789 3275 3848 litteras
3303 3791 3604 3865 alphabeti

1957 3878 2224 3950 exposita
2266 3882 2428 3934 sunt.
2460 3884 2540 3934 De
2591 3878 2930 3935 nominibus
2981 3895 3111 3936 vero
3156 3879 3367 3937 deinde
3417 3881 3604 3954 magis

1958 3967 2291 4024 necessaria
2321 3969 2706 4038 exponentur.

2030 4060 2314 4126 Agnatus,
2346 4055 2444 4126 qui
2477 4054 2647 4111 nobis
2690 4070 2759 4110 ex
2802 4055 3201 4114 masculorum
3233 4058 3608 4132 generatione

1959 4146 2361 4218 conjungitur.

2032 4238 2239 4299 Actus,
2262 4232 2355 4289 via
2385 4249 2488 4306 per
2513 4249 2691 4306 quam
2714 4233 2851 4291 licet
2881 4238 3299 4309 cumjumento
3321 4237 3409 4293 vel
3431 4255 3608 4295 curru

1959 4324 2216 4380 transire

2031 4413 2275 4483 Vitium,
2290 4414 2410 4485 vit_u
2420 4412 2646 4485 perium
2674 4411 2908 4488 (ψόγος),
2925 4413 3612 4489 ᾶὶωἰηιιῐίο(ἐλάττωμα),

1836 4533 1848 4544 -
1961 4504 2138 4576 culpa
2166 4498 2409 4576 (αἴτιον).

272 4589 673 4668 Βρουμάλειον,
705 4590 982 4667 χειμέριοι
1015 4591 1220 4668 έορται.

273 4679 626 4738 Βελλιάνιιον
669 4679 872 4756 δόγμα,
907 4681 1142 4756 βοηθοῦν
1188 4685 1307 4744 ταῖς
1344 4681 1578 4757 γυναιξὶν
1631 4681 1848 4756 ἐνόχοις

186 4769 592 4850 γεγενημέναις
623 4769 756 4845 ὑπὲρ
779 4767 1000 4845 ἐτέρων.

273 4861 529 4936 Γραικὸς,
562 4861 590 4914 ὁ
619 4855 915 4929 Χαλδαῖος,
942 4857 1176 4928 Ἕλλην.

276 4952 474 5018 Δάττα,
509 4950 537 5004 6
567 4946 902 5012 κατοικίδιος
931 4947 1213 5022 α’ίλουροφ

274 5042 485 5103 Γένιια,
519 5038 575 5093 αἱ
606 5039 875 5114 σιαγόνας.

277 5128 561 5205 Δικρέτον,
591 5127 860 5204 ἀπόφασις
886 5125 1154 5202 βασιλέως
1180 5125 1372 5200 μεταξὺ
1398 5124 1492 5182 δύο
1519 5130 1696 5203 μιρῶν
1729 5127 1857 5203 παρ’

187 5219 352 5293 αὐτῷ
388 5215 776 5290 δικαζομένων.

272 5305 690 5383 Δεϊνοφικιόσο·
771 5305 977 5380 μέμψις
1049 5303 1185 5360 κατᾶ
1268 5301 1537 5377 διαθήκης
1612 5303 1858 5381 ἐρρωμέ-

185 5421 299 5471 νης
336 5397 434 5472 μὶν
465 5399 532 5469 τῇ
565 5389 815 5472 ἀκριϐείᾳ
841 5398 948 5450 τῶν
981 5393 1190 5469 νόμων,
1233 5393 1616 5465 ἀκαθηκούσης
1646 5391 1703 5448 δὲ
1751 5395 1858 5450 ἀπὸ

186 5493 300 5546 τοῦ
333 5481 532 5564 φόϐου.

274 5574 552 5649 Δινάριον,
586 5573 826 5646 σταθμὸς
864 5575 1230 5647 νομίσματος.

277 5665 556 5740 Διγέστον,
587 5662 650 5717 τὸ
683 5661 887 5726 ίθυνθὶν
915 5661 1004 5716 καὶ
1034 5663 1172 5717 κατᾶ
1193 5662 1340 5736 τάξιν
1370 5659 1594 5740 γραφέν.

279 5750 616 5827 Δεπορτάτιο
645 5753 680 5820 ἡ
713 5749 916 5826 ἐκφορὰ
947 5750 1039 5806 καὶ
1071 5750 1359 5826 ἁπαγωγή.

1884 4609 1929 4674 D
2033 4593 2426 4660 Brumaleum,
2461 4591 2738 4648 hiemalia
2771 4592 2938 4649 festa.

2031 4682 2399 4739 Velleianum
2427 4681 2750 4748 decretum,
2776 4682 3064 4751 adjuvans
3089 4683 3337 4740 feminas
3359 4701 3486 4756 qua:
3512 4701 3614 4756 pro

1963 4772 2095 4829 aliis
2127 4787 2236 4826 reae
2269 4771 2510 4826 fiebant.
2779 4769 2794 4779 '

2034 4862 2290 4927 Graacus,
2318 4857 2646 4925 Chaldaeus,
2680 4857 2901 4913 Hellen.

2035 4953 2226 5018 Datta,
2254 4947 2396 5003 feles
2428 4944 2772 5001 domestica.

2036 5039 2226 5103 Genua,
2262 5035 2428 5091 mala
2463 5032 2772 5108 (σιαγόνες).

2036 5127 2369 5195 Decretum,
2396 5124 2766 5197 imperatoris
2789 5122 3104 5180 declaratio
3134 5123 3288 5180 inter
3309 5125 3459 5182 duas
3492 5143 3617 5199 par-

1967 5222 2056 5275 tes
2088 5217 2158 5274 ab
2192 5217 2319 5287 ipso
2343 5214 2665 5284 judicatas.

2040 5307 2121 5362 De
2151 5303 2507 5371 inofficioso;
2558 5302 2933 5375 reprehensio
2982 5303 3320 5360 testamenti
3350 5305 3506 5376 quod
3539 5303 3620 5360 le-

1967 5411 2111 5469 gum
2142 5393 2379 5466 quidem
2433 5391 2808 5447 observantia
2837 5391 3016 5461 valet;
3050 5397 3244 5448 metus
3292 5397 3487 5448 autem
3523 5410 3624 5449 ra-

1969 5485 2128 5542 tione
2159 5481 2577 5538 inconveniens
2607 5485 2716 5536 est.

2041 5572 2386 5636 Denarium,
2422 5569 2572 5625 libra
2609 5575 2874 5626 moneta.

2047 5662 2370 5732 Digestum,
2403 5663 2728 5714 correctum
2765 5663 2824 5714 et
2867 5675 2971 5730 per
2998 5659 3263 5717 ordinem
3313 5661 3620 5732 scriptum.

2046 5748 2400 5823 Deportatio,
2433 5746 2605 5804 elatio
2638 5752 2695 5803 et
2726 5747 3025 5806 abductio.
