4060 6348
460 379 614 439 1027
1787 373 2210 435 MICHAELIS
2259 373 2527 435 PSELLI
3706 381 3866 444 1028

526 511 808 580 Detentio,
841 509 944 579 jus
992 506 1220 579 petendi
1271 509 1324 561 et
1374 504 1640 577 exigendi
1693 508 1749 561 et
1795 502 2129 569 detinendil

2284 506 2621 578 Διακατοχή,
2656 500 2862 559 δίκαιον
2890 509 2986 560 τοῦ
3033 504 3254 562 εἰσιέναι
3304 508 3396 562 καὶ
3444 507 3687 564 ἀπαιτεῖν
3736 509 3864 581 ἤτοι

451 602 844 673 quodcunque
893 597 1148 651 moriens
1199 594 1413 667 aliquis
1458 593 1712 664 reliquit,
1746 598 1803 649 et
1852 594 1898 647 si
1953 591 2052 648 nib

2267 598 2515 664 ακρατεῖν
2545 594 2643 662 τήν
2677 593 2989 668 περιουσίαν
3022 599 3118 649 τοῦ
3148 594 3590 667 τελευτήσαντος·
3622 598 3735 664 καὶ,
3762 598 3863 653 κᾶν

449 688 749 763 corporale
792 687 1128 742 haereditate
1159 685 1475 751 obveniret,
1509 687 1701 738 tamen
1744 682 2047 738 btereditat

2261 677 2380 749 ηδέν
2412 680 2448 754 ᾖ
2478 682 2787 754 σωματικὸν
2813 686 2880 755 τῇ
2911 680 3281 759 κληρονομίᾳ,
3314 686 3470 757 ὅμως
3502 686 3686 750 καλῶς
3719 687 3864 761 λαμ-

449 779 842 835 detentionem
864 777 1009 831 bene
1026 768 1334 844 accipimus
1352 792 1365 841 ;
1382 772 1708 844 incorporei
1727 772 1881 827 enim
1902 787 2048 842 aequ

2256 770 2444 842 ὶνομεν
2477 771 2646 839 αὐτῆς
2686 772 2785 838 τήν
2835 767 3199 847 διακατοχήν·
3257 773 3551 846 ἀσωμάτου
3584 776 3683 851 γάρ
3742 775 3859 831 ἐστι

447 868 583 925 sitio
616 866 828 923 melius
861 866 927 921 fit
958 880 1132 936 quam
1164 879 1602 935 corporeorum.

1591 906 1602 916 ,
2204 864 2395 926 κτῆσις
2429 856 2640 930 μᾶλλον
2672 856 2813 934 ἤπερ
2847 865 3194 932 σωματικῶν·

515 956 797 1028 Epistola,
832 970 1176 1026 responsum
1208 952 1582 1024 imperatoris
1612 952 1683 1007 ad
1712 950 2095 1023 magistratus

2278 946 2598 1018 Ἐπιστολὴ,
2649 948 2946 1025 ἀντιγραφή
3027 949 3293 1026 βασιλέως
3370 954 3505 1026 πρὸς
3581 949 3856 1029 ἄρχοντος

443 1044 808 1101 relationem.

2205 1033 2495 1111 ἀναφοράν.

517 1134 668 1189 Illud
703 1157 729 1183 «
764 1134 845 1188 Ex
875 1132 1211 1188 continente
1244 1151 1271 1180 »
1302 1134 1423 1185 tres
1450 1129 1576 1184 dies
1608 1128 1925 1201 signiﬁcat.

1778 1129 1925 1183 licat.
2273 1123 2347 1179 Τὸ
2377 1122 2747 1196 ἐξκοντινέντι,
2775 1131 2921 1202 τρεῖς
2953 1127 3163 1203 ἡμέρας
3196 1125 3381 1199 δηλοῖ.

511 1239 967 1297 Extraordinarii
996 1256 1007 1294 :
1035 1239 1132 1309 qui
1163 1254 1277 1292 non
1311 1237 1635 1292 secundum
1671 1236 1930 1290 ordinem
1964 1252 2091 1308 pro-

2273 1229 2789 1307 Ἐξτραορδινάριοι’
2825 1235 2876 1287 οἱ
2925 1237 3001 1307 μὴ
3046 1235 3179 1290 κατὰ
3222 1237 3366 1307 ταξιν
3413 1238 3848 1315 προερχόμενοι,

437 1331 639 1399 dcunt,
666 1331 763 1387 sed
800 1329 1126 1384 secundum
1158 1327 1238 1381 rei
1269 1324 1794 1381 circumstantiam.

1618 1324 1794 1379 itiam.
2200 1318 2345 1375 ἀλλὰ
2374 1324 2508 1376 κατὰ
2539 1323 2847 1395 περίστασιν
2881 1324 3221 1401 πράγματος.

508 1418 850 1488 Eunuchus,
885 1417 983 1490 qui
1016 1435 1049 1472 a
1082 1421 1266 1472 matre
1294 1415 1380 1469 vel
1422 1414 1649 1469 nutrice
1676 1414 2084 1472 testiculorum

2269 1406 2516 1479 Θλιϐίας,
2553 1412 2749 1487 ὀπαρά
2776 1416 2878 1477 τῆς
2923 1414 3131 1489 μητρὸς
3173 1415 3208 1484 ἢ
3255 1422 3355 1485 τῆς
3402 1422 3607 1496 τροφοῦ
3657 1419 3845 1493 θλίψιν

438 1507 749 1565 elisionem
782 1507 984 1563 subiit.

2194 1502 2299 1551 τῶν
2330 1500 2574 1572 γονίμων
2604 1501 2861 1563 ὑπαστάς.

506 1597 885 1667 Impotostate
919 1613 931 1650 :
967 1611 1201 1651 summa
1240 1598 1497 1666 potestas
1535 1609 1713 1664 quam
1756 1594 2083 1649 secundum

2266 1590 2666 1659 ’[μποτέστατε·
2699 1592 2733 1658 ἡ
2786 1592 2923 1664 ἄκρα
2971 1590 3180 1663 ἐξουσία
3231 1594 3294 1661 ἢν
3326 1587 3530 1670 ἔχομεν
3557 1598 3694 1651 κατᾶ
3749 1600 3843 1652 τὸν

434 1684 623 1758 legem
660 1686 956 1758 politicam
989 1686 1268 1739 habemus
1302 1684 1359 1737 in
1393 1682 1567 1753 filios,
1592 1684 1916 1738 secundum
1950 1700 2037 1755 ge:

2239 1676 2479 1733 ολιτικὸν
2511 1679 2680 1751 νόμον
2715 1680 2790 1742 εἷς
2822 1681 2947 1743 τοὺς
2976 1679 3173 1744 παῖδας
3229 1685 3413 1756 ἡμῶν,
3445 1686 3581 1741 κατὰ
3640 1684 3698 1742 δὲ
3746 1690 3840 1742 τὸν

432 1774 595 1829 tilem
629 1792 763 1831 vero
795 1776 854 1831 in
886 1792 1103 1831 servos.

2193 1765 2423 1836 ἐθνικὸν,
2460 1767 2535 1831 εἷς
2562 1767 2689 1829 τοὺς
2723 1765 2973 1830 δούλους.

500 1865 794 1933 Edictum,
832 1881 1222 1937 programma.

2106 1876 2154 1941 B
2264 1855 2520 1941 Ἴῖικτον,
2553 1856 2911 1932 πρᾷγραμμα,

505 1955 755 2027 Imbeta,
785 1960 1038 2028 portata.

2116 1940 2119 1941 ν
2259 1940 2501 2017 Ἰμϐετα,
2532 1945 2598 1999 τὰ
2632 1945 3027 2021 βασταζόμενα.

502 2043 692 2112 Illata,
728 2044 1008 2101 animata.

2254 2034 2501 2101 Ἵνλατα,
2530 2034 2597 2088 τὰ
2628 2032 2872 2109 ἔμψυχα.

497 2133 705 2203 Judex,
737 2131 1163 2205 interpretatio.

2254 2120 2478 2192 Ἵούδεξ,
2512 2126 2546 2192 ἡ
2581 2123 2859 2196 ἑρμηνεία.

494 2223 725 2289 Justus,
758 2239 983 2294 aequus.

2255 2212 2511 2283 Ἰοῦστος,
2546 2212 2573 2265 ὀ
2605 2210 2832 2274 δίκαιος.

493 2311 745 2369 Intentio
772 2310 1043 2366 voluntas
1074 2312 1339 2366 conatus.

2254 2300 2520 2369 Ἰντὲντιο,
2556 2302 2701 2375 ὁρμή
2736 2298 2966 2363 ἔντασις.

496 2402 625 2470 Jus,
660 2401 813 2473 quod
843 2401 1070 2471 justum
1105 2402 1213 2454 est.

1173 2402 1213 2453 ι.
2252 2396 2420 2454 Ἴως,
2452 2389 2514 2443 τὸ
2545 2386 2776 2447 δίκαιον.

494 2491 559 2545 In
591 2489 803 2562 capita,
840 2489 1166 2545 secundum
1201 2490 1395 2559 caput.

2254 2479 2550 2546 Ἰνκάπιτα,
2581 2481 2719 2533 κατά
2747 2478 3009 2555 κεφαλήν.

492 2579 713 2651 Capitis
745 2578 1090 2648 diminutio;
1126 2593 1296 2650 pcena
1339 2593 1408 2631 ex
1450 2575 1595 2648 legis
1626 2575 2070 2632 circumstantia

2251 2570 2477 2629 Κάπιτις
2510 2566 2884 2640 διμινουτίων·
2918 2570 3090 2630 πάθος
3131 2569 3190 2625 ἐκ
3238 2572 3605 2644 περιστάσεως
3650 2573 3830 2647 νόμου

417 2668 698 2740 patientis
739 2672 955 2722 statum
992 2670 1227 2720 mutans
1259 2670 1361 2721 aut
1391 2665 1685 2720 minuens.

2175 2656 2495 2711 κατάστασιν
2526 2652 2753 2730 ἀμεῖϐον
2785 2658 2818 2726 ἢ
2854 2657 3111 2713 ἐλαττοῦν
3142 2663 3239 2715 τοῦ
3269 2661 3600 2736 πάσχοντος.

493 2756 689 2829 Legio,
724 2756 981 2811 militum
1018 2755 1286 2828 phalanx.

2247 2746 2481 2821 Λεγεὼν,
2516 2744 2723 2822 φάλαγξ
2750 2752 3119 2821 στρατιωτῶν.

488 2846 660 2919 Legis
691 2846 862 2914 actio,
894 2844 1176 2917 (invictio)
1205 2844 1513 2918 permissio
1543 2844 1866 2900 servitutis.

2245 2833 2650 2911 Λεγισακτίων,
2720 2837 2753 2904 ἡ
2804 2829 3024 2907 ἐνϐήκτι
3081 2837 3479 2913 παραχώρησις
3535 2846 3638 2909 τῆς
3697 2839 3824 2895 δου-

2176 2922 2346 2986 λείας.

487 3023 790 3097 Legatum,
821 3024 1187 3094 deputatum.

2245 3015 2503 3089 Λεγάτον,
2533 3008 2843 3088 πρεσϐεῖον.

486 3113 778 3184 Urbanus,
814 3113 977 3169 urbis
1007 3117 1229 3169 custos.

2242 3098 2541 3175 Οὐρϐανὸς,
2575 3105 2603 3158 6
2635 3102 2807 3177 φύλαξ
2837 3106 2937 3168 τῆς
2966 3100 3207 3167 πόλεως.

490 3201 889 3269 Plebiscitum,
924 3201 1110 3273 plebis
1139 3200 1439 3272 suifragia.

2098 3190 2141 3258 C
2249 3187 2628 3263 Πλεϐίσκιτον,
2663 3189 2844 3264 δήμου
2873 3195 3148 3270 ψήφισμα.

492 3290 948 3357 Postliminium,
973 3291 1074 3362 jus
1108 3290 1412 3347 redeundi.

2240 3279 2652 3352 Ποστλιμίνιον,
2687 3278 2892 3335 δίκαιον
2932 3282 3294 3359 ὑποστροφῆς.

490 3379 919 3451 Praejudieium,
957 3380 1108 3436 actio
1139 3396 1208 3434 ex
1236 3378 1358 3434 sola
1396 3377 1718 3435 intentione
1759 3383 2057 3436 constans.

2238 3366 2641 3444 Πραεουδίκιον,
2672 3369 2839 3431 τόπος
2862 3370 2967 3425 ἀπὸ
2994 3370 3318 3433 ἰντεντίονος
3350 3372 3522 3445 μόνης
3593 3395 3815 3451 συγκει-

2172 3457 2351 3531 μένος.

485 3558 824 3616 Prohaerede
856 3559 957 3631 qui
990 3557 1173 3615 credit
1201 3575 1263 3615 se
1292 3574 1422 3615 esse
1452 3558 1761 3615 baeredem.

2238 3545 2519 3622 ῐῐροὲρεδε,
2561 3548 2587 3601 6
2619 3548 2858 3621 νομίζων
2889 3548 3075 3603 ἑαυτὸν
3108 3549 3234 3604 εἶναι
3266 3546 3641 3627 κληρονόμον.

485 3647 960 3720 Propcssessore,
991 3647 1094 3719 qui
1125 3646 1409 3704 violenter
1436 3646 1671 3718 abripit.

1530 3646 1671 3718 ~ipit.
2238 3637 2637 3712 Προποσὲσορε,
2670 3639 2697 3691 6
2734 3638 2911 3711 βίαιος
2943 3635 3133 3712 ἅρπαξ.

483 3754 806 3827 Peculium,
839 3771 932 3811 res
972 3755 1319 3811 naturaliter
1373 3759 1528 3812 sorte
1572 3754 1825 3811 subditis
1882 3754 2055 3826 adju-

2234 3742 2578 3813 ΙΙεκούλιον,
2677 3743 2830 3798 οὐσία
2931 3750 3168 3821 φυσικῶς
3262 3746 3813 3825 προσκεκληρωμὲνη

408 3842 623 3899 dicata.

2165 3834 2520 3908 ὑπιξουσίοις.

480 3936 740 4002 Pactum,
768 3932 1066 4005 quantitas
1097 3935 1284 4005 pacta.

2232 3924 2463 3995 Πάκτον,
2492 3945 2553 3978 συ
2562 3945 2825 4003 μπεφωνη
2837 3923 2996 3998 μένον
3035 3929 3222 3985 ποσόν.

477 4021 792 4095 Relegatio,
824 4022 1119 4077 exsilium.

2231 4012 2608 4090 Ῥελεγατίων,
2639 4016 2674 4084 ἡ
2708 4012 2905 4091 ἐξορία.

478 4108 749 4175 Senatus,
782 4108 1072 4180 gerousia,
1106 4108 1339 4181 legatio.

1288 4125 1339 4163 0.
2235 4102 2513 4171 Σεννὰἱτον,
2537 4107 2571 4173 ἡ
2605 4103 2882 4179 γερουσία.

475 4198 737 4264 Sactum,
770 4197 1035 4252 liberatio
1067 4197 1139 4252 ab
1170 4196 1410 4267 injuria.

2233 4193 2461 4262 Σάκτον,
2491 4192 2553 4247 τὸ
2588 4190 3013 4268 ἀπηλλαγμένον
3058 4188 3288 4270 ὕϐρεως.

476 4284 677 4341 Otiosa
707 4285 1069 4352 distributio,
1101 4285 1386 4341 seditione
1417 4302 1641 4341 carens.

1556 4303 1641 4341 ns.
2230 4281 2483 4359 Σχολαία
2512 4284 2680 4356 νομὴ,
2714 4284 2747 4352 ἡ
2782 4281 3159 4346 ἀστασίαστος.

474 4373 791 4442 Separatio,
834 4373 1103 4429 custodia
1151 4375 1649 4430 hereditariarum
1701 4392 1896 4432 rerum
1947 4395 2049 4450 per

2230 4371 2602 4447 Σεπαρατίων,
2636 4374 2669 4441 ἡ
2704 4371 2919 4450 φυλακή
2951 4374 3041 4427 τὸν
3073 4372 3523 4448 κληρονομιαίων
3553 4380 3824 4451 πραγμά-

404 4460 838 4517 ῘΙὶἓΓθάίίειΓίυῐῙὶ
869 4464 1236 4518 creditorem.
2154 4484 2262 4535 των
2296 4459 2385 4515 διὰ
2411 4463 2501 4515 τὸν
2535 4459 2969 4535 κληρονομιαῖον
3005 4459 3304 4533 δονειστήν.

477 4551 809 4620 Superstes,
843 4568 1163 4607 successor.
2078 4615 2080 4623 η

2078 4558 2126 4623 D
2230 4549 2601 4624 Σουπὲρστης,
2634 4550 2661 4603 ὁ
2694 4547 2980 4624 διάδοχος.

474 4639 831 4706 Satisfactio,
866 4642 1174 4698 satisdatio
1205 4639 1586 4714 (ἶκανοδοσῖα).

1447 4640 1586 4713 ισῖα).
2234 4637 2621 4705 Σατισοᾶκτιο,
2651 4641 2686 4706 ἡ
2722 4635 3050 4696 ἷκανοδοσία.

474 4729 760 4798 Tacitum,
795 4732 945 4802 quod
980 4749 1090 4787 non
1125 4737 1213 4787 est
1244 4737 1443 4787 notum
1490 4749 1555 4786 ex
1599 4733 1930 4789 testamenti
1964 4734 2046 4789 le-

2230 4727 2484 4791 Τᾶίκιτον,
2514 4729 2576 4782 τὸ
2612 4729 2685 4799 μὴ
2718 4727 3117 4803 γινωσκόμενον
3154 4728 3259 4784 ἀπὸ
3311 4736 3411 4800 τῆς
3459 4730 3827 4806 ἀναγνώσεως

401 4817 614 4874 οιὶοοο.

2158 4826 2257 4889 τῆς
2280 4816 2568 4889 διαθήκης.

473 4906 725 4978 Titulus,
759 4909 1066 4981 dignitatis
1102 4909 1426 4982 inscriptio.

2227 4908 2452 4974 Τίτλος,
2481 4909 2516 4973 ἡ
2550 4908 2841 4984 προγραφὴ
2874 4911 2969 4962 τοῦ
3006 4908 3331 4982 ἀξιώματος.

474 5001 833 5065 Tractatum,
866 4999 1219 5070 explanatio,
1253 4998 1693 5070 compendium,
1727 5000 2001 5072 epitome.

1935 5018 2001 5057 te.
2228 4994 2558 5070 Τρακτᾶτον,
2592 4994 2969 5071 ἀνακᾶίοαρσις,
3004 4996 3247 5071 σύνοψις,
3277 4998 3538 5072 ἐπιτομή.

477 5086 785 5152 Tribunal,
820 5087 1192 5144 dicasterion.

2227 5082 2648 5161 Τριϐουναὶλιον,
2673 5081 3043 5160 δικαστήριον.

478 5173 740 5239 Factum,
774 5191 943 5246 opus,
975 5176 1146 5232 actio.

2229 5176 2465 5241 Φάκτον,
2499 5174 2560 5227 τὸ
2593 5169 2769 5247 ἔργον,
2799 5176 2833 5241 ἡ
2868 5177 3076 5248 πρᾶξις.

474 5260 816 5333 Flagellum,
851 5264 1040 5320 lorum
1074 5264 1450 5336 implicitum.

2228 5261 2560 5338 Φραγέλιον,
2602 5262 2628 5316 ὁ
2661 5259 3130 5336 ἐπιπεπλεγμένος
3158 5264 3307 5337 ἱμάς.

470 5368 550 5423 Ea
580 5373 670 5423 est
702 5371 938 5440 quidem
975 5372 1277 5427 nominum
1330 5390 1432 5444 per
1480 5372 1705 5430 litteras
1752 5373 2049 5447 alphabeti

2230 5370 2376 5439 Αὕτη
2437 5369 2530 5442 μὶν
2588 5368 2677 5421 καὶ
2730 5369 2764 5437 ἡ
2822 5373 2931 5422 τῶν
2991 5368 3276 5443 ὀνομάτων
3334 5372 3469 5426 κατᾶ
3526 5382 3825 5446 ποιγεῖον

402 5458 692 5528 expositio
723 5458 734 5513 l
769 5460 1127 5533 Explicanda
1158 5478 1390 5535 quoque
1424 5462 1528 5518 tibi
1579 5468 1720 5520 sunt
1775 5464 1894 5520 haec
1946 5482 2005 5521 nc

2225 5462 2431 5536 ἡγησις.
2490 5456 2884 5529 Ἐρμηνευτέον
2945 5454 3002 5511 δὲ
3060 5478 3143 5513 σοι
3192 5460 3285 5514 καὶ
3332 5464 3497 5515 ταῦτα
3551 5462 3620 5516 τὰ
3682 5463 3828 5522 ὀνό-

402 5545 585 5601 mina.

2163 5571 2322 5625 ματα.

467 5632 577 5689 Jus
627 5636 797 5693 civile
846 5638 1269 5706 Romanorum,
1315 5655 1522 5713 nempe
1570 5641 1730 5715 leges
1782 5642 2050 5715 politiciaa

2229 5643 2374 5701 Ἴους
2403 5631 2607 5697 κίϐιλις
2640 5634 3060 5712 Ῥωμανόρουμ,
3116 5633 3242 5706 ἤτοι
3277 5637 3489 5713 νόμιμα
3544 5640 3827 5700 πολιτικᾶ

396 5722 670 5778 Romana:
708 5724 1119 5799 legislationis.

2159 5738 2257 5801 τῆς
2286 5732 2390 5784 τῶν
2423 5725 2712 5799 Ῥωμαίων
2745 5724 3088 5799 νομοθεσίας.
