4010 6360
132 393 300 454 1029

205 521 553 599 Λεγισάκτιο,
582 522 830 595 νόμιμος
858 519 1079 596 ἀγωγή.

208 605 437 682 Πλὲϐις,
470 611 499 665 ὁ
528 606 779 686 χυδαῖος.

206 698 619 770 Κονστιτούταε,
651 699 706 752 αἱ
739 695 1002 766 διατάξας
1029 693 1137 752 τῶν
1193 692 1486 771 βασιλέων,
1537 692 1787 770 διαιρού-

129 809 297 862 μεναι
329 788 406 850 εἰς
436 785 709 862 δὲκρετον,
739 786 817 850 εἰς
845 780 1079 852 ἔδικτον,
1113 784 1189 848 εἰς
1223 782 1543 856 ἐπιστολήν.

204 877 547 945 Ῥεσπόνσον,
589 878 624 945 ἡ
656 879 766 930 τῶν
807 878 984 953 σοφῶν
1019 874 1330 946 ἀπόκρισις.

209 966 311 1022 Καὶ
369 969 535 1021 ταῦτα
595 965 688 1038 μὲν
764 985 851 1018 σοι
924 967 1034 1018 τῶν
1090 959 1178 1016 ἐπὶ
1241 963 1467 1035 μνήμης
1525 962 1788 1035 κειμένων

122 1058 296 1128 ἡμῖν.
355 1056 527 1112 Οἶσθα
579 1052 682 1129 γὰρ
741 1052 815 1114 ὡς
873 1047 1025 1107 οὗδίν
1058 1049 1170 1106 ἐστι
1228 1054 1338 1105 τῶν
1395 1051 1787 1126 γεγραμμένων

124 1147 278 1218 ἡμῖν
330 1142 366 1213 ἢ
418 1143 916 1218 συγγεγραμμένων
977 1140 1006 1194 ’ὀ
1070 1140 1146 1212 μή
1197 1135 1707 1215 ἐσχεδίασται·ὅθεν
1737 1140 1790 1194 οἱ

122 1232 362 1295 πλείους
390 1235 498 1286 τῶν
531 1225 984 1304 ἐκλαμϐανόντων
1031 1229 1100 1282 ti
1141 1228 1386 1302 ἡμέτερα
1434 1224 1628 1303 σχὲδια
1671 1225 1791 1282 δελ-

119 1325 318 1399 τᾶρια,
357 1322 452 1382 τὰς
484 1316 738 1398 διφθέρας
785 1322 1093 1388 ποιοῦντες,
1148 1315 1306 1380 εὐθὺς
1356 1310 1544 1392 ἔχουσι
1601 1311 1791 1392 βιϐλία

118 1413 201 1468 τὰ
247 1407 621 1486 γεγραμμένα.
670 1408 773 1464 Καὶ
806 1406 1084 1470 πλείστοις
1137 1407 1231 1481 μὲν
1290 1405 1542 1482 ἐντύχοις
1589 1408 1789 1481 ἡμετέ-

121 1521 254 1578 ροις
303 1494 540 1575 βιϐλίοις
566 1499 640 1552 ὧν
679 1495 1052 1573 ὀγδοηκοστὸν
1086 1497 1242 1570 οἶμαι
1299 1499 1462 1551 τοῦτο
1495 1497 1652 1552 εἶναι.
1708 1496 1791 1554 Τὰ

123 1587 195 1645 δὲ
255 1587 487 1644 πλεῖστα
544 1587 620 1641 ὧν
691 1584 1117 1660 ἡρμηνεύκαμεν
1177 1586 1213 1655 ἢ
1274 1584 1680 1661 συνεγράψαμεν
1735 1585 1789 1640 ἐν

123 1677 478 1753 εἶληταρίοις
508 1671 585 1730 ἔτι
612 1681 785 1731 κεῖται
814 1678 933 1736 τοῖς
962 1673 1201 1730 πλείοσι·
1252 1673 1320 1730 τὰ
1351 1672 1408 1730 δὲ
1439 1671 1671 1730 πλεῖστα
1699 1672 1790 1729 καὶ

124 1766 478 1845 διέφθαρται,
510 1759 692 1841 ὥσπερ
719 1766 754 1835 ἡ
785 1770 887 1835 τῆς
929 1763 1216 1837 συμπάσης
1248 1762 1577 1844 φιλοσοφίας
1608 1763 1695 1818 ἐπὶ
1726 1764 1787 1819 τὸ

127 1858 304 1936 σαφὶς
339 1853 815 1929 μεταποίησις,καὶ
844 1853 943 1909 ὅσα
971 1855 1096 1930 περὶ
1125 1853 1253 1918 τοὺς
1285 1856 1404 1910 καθ’
1422 1856 1570 1927 ἡμᾶς
1587 1853 1787 1930 ἐπραγ-

127 1945 517 2022 ματιυσόμεθα
550 1940 818 2021 βασιλεῖς
852 1943 917 1999 τὰ
946 1939 993 1998 δ’
1042 1939 1188 1999 ἄλλα
1238 1943 1345 2000 ἀπὸ
1397 1948 1505 2000 τῶν
1556 1938 1786 2020 βιϐλίων

126 2035 305 2100 αὐτὸς
336 2033 651 2111 ἆναΛέγοιο.

1642 388 1743 448 DE
1787 389 2057 449 ΑΝΙΜΑ.

1824 521 1879 588 Α
1981 519 2146 592 Legis
2177 520 2348 589 actio,
2380 520 2587 594 legalis
2619 519 2917 579 abductio.

1823 1905 1870 1973 Β

3397 389 3554 452 1030

1970 609 2198 680 Plebes,
2231 609 2514 682 vulgaris.

1970 698 2335 768 Constitutaa,
2367 699 2820 755 constitutiones
2869 699 3293 771 imperatorum
3339 700 3401 757 in
3450 702 3549 759 de-

1899 793 2148 854 cretum,
2180 788 2458 858 edictum,
2489 787 2795 859 epistolam
2830 788 3174 844 distribute.

1971 880 2365 948 Responsum,
2398 876 2735 948 sapientum
2767 877 3072 950 apocrisis.

1970 965 2076 1021 Est
2125 965 2248 1021 haec
2279 965 2518 1038 quidem
2552 982 2682 1038 qua:
2710 966 2769 1020 in
2803 967 3148 1022 memoriam
3181 967 3544 1026 reducimus.

1901 1053 2027 1110 Scis
2058 1055 2214 1111 enim
2247 1055 2393 1110 nihil
2422 1071 2554 1111 esse
2583 1055 2643 1110 in
2675 1054 2891 1112 nostris
2913 1055 3153 1128 scriptis
3176 1057 3264 1112 vel
3287 1057 3550 1116 historiis

1901 1144 2054 1215 quod
2080 1161 2193 1199 non
2215 1161 2281 1200 eo
2305 1149 2566 1215 tempore
2587 1145 2873 1217 scriptum
2899 1143 2997 1199 sit.
3029 1144 3192 1200 Unde
3217 1147 3315 1217 qui
3351 1153 3553 1204 nostra

1900 1232 1985 1289 sic
2007 1250 2075 1289 ex
2095 1238 2353 1306 tempore
2375 1235 2596 1306 scripta
2616 1250 2794 1306 Opera
2814 1240 3221 1306 susceperunt,
3255 1237 3552 1293 membra~

1900 1339 2007 1378 nas
2023 1322 2301 1379 facientes
2331 1321 2530 1378 statim
2545 1322 2844 1379 habentex
2857 1323 3080 1379 nostris
3095 1323 3332 1396 scriptis
3345 1324 3551 1383 libros.

1899 1411 1968 1466 Et
1988 1411 2175 1466 multa
2199 1417 2400 1467 nostra
2417 1412 2634 1484 scripta
2654 1413 2760 1467 tibi
2786 1417 3038 1485 possunt
3067 1429 3374 1470 occurrere
3403 1432 3554 1486 quo-

1900 1517 2031 1556 rum
2064 1501 2172 1558 hoc
2205 1502 2374 1574 quasi
2422 1501 2852 1573 octogesimum
2901 1516 3030 1557 esse
3058 1504 3241 1573 'puto.
3291 1502 3557 1559 Plurima

1900 1594 2098 1646 autem
2129 1607 2332 1646 eorum
2366 1608 2495 1663 quae
2528 1590 2895 1663 interpretati
2928 1606 3138 1646 sumus
3160 1589 3246 1646 vel
3277 1591 3558 1650 historice

1899 1680 2274 1736 narravimus
2306 1681 2364 1736 in
2396 1679 2798 1737 voluminibus
2829 1679 3024 1736 adhuc
3054 1678 3226 1736 multi
3261 1680 3320 1736 in
3366 1682 3553 1737 mani-

1897 1769 2012 1826 bus
2042 1769 2290 1838 habent;
2327 1767 2514 1827 multa
2545 1773 2741 1824 autem
2774 1771 3052 1839 corrupta
3081 1771 3244 1838 sunt,
3277 1775 3342 1823 ut
3371 1769 3556 1826 totius

1898 1856 2286 1931 philosophia:
2316 1858 2388 1913 ad
2421 1856 2774 1914 evidentiam
2825 1854 3156 1922 translatio,
3207 1860 3267 1912 et
3306 1871 3435 1928 quae
3479 1859 3553 1915 de

1901 1946 2119 2002 nostris
2153 1947 2436 2018 temporis
2466 1947 2792 2003 rectoribus
2823 1944 3225 2002 tractavimus.
3257 1950 3474 2006 Cetera
3495 1949 3555 2005 in

1899 2033 2069 2092 libris
2099 2035 2226 2108 ipse
2255 2036 2438 2109 legas.

674 2399 1991 2570 ΜῚΟΗΑΈΠᾸΞ
2178 2401 3024 2568 PSELLI

1207 2708 1686 2822 OPERUM
1733 2706 2027 2821 PARS
2075 2708 2495 2819 TERTIA

1596 2949 2111 3007 COMPLECTENS

1047 3150 2654 3278 PHILOSOPHICA

643 3593 1931 3770 ΔΟΞΑΙᾏΠΕΙ

1913 3594 2088 3764 PI
2273 3475 3126 3768 ΨΥΧΗΣ.

1376 4044 1613 4174 DE
1745 4045 2366 4177 ANIMA

929 4298 1688 4398 CELEBRES
1804 4299 2617 4399 OPINIONES
2671 4304 2804 4430 (*).

209 4677 345 4735 Ὀτι
392 4679 500 4731 τῶν
549 4676 804 4750 ψυχικῶν
837 4670 1143 4746 δυνάμεων,
1191 4672 1246 4727 αἱ
1293 4671 1388 4745 μὲν
1423 4669 1555 4726 εἰσιν
1587 4668 1805 4747 ἄλογοι,
1840 4673 1884 4740 C

1989 4674 2361 4730 Facultatum
2392 4675 2603 4730 animae
2635 4675 2759 4731 alia
2792 4675 2922 4732 sine
2971 4677 3217 4747 ratione,
3268 4677 3396 4734 aliis
3440 4695 3574 4734 cum

124 4769 189 4823 αἱ
228 4763 296 4821 δὲ
345 4761 583 4840 λογικαί·
615 4767 725 4817 τῶν
757 4759 816 4817 δὲ
863 4760 1123 4838 λογικῶν,
1184 4762 1238 4816 αἱ
1273 4761 1369 4834 μὶν
1429 4759 1649 4830 ζωτικαὶ
1708 4761 1796 4815 καὶ

129 4853 455 4933 ὀρεκτικαὶ,
500 4853 556 4908 αἱ
607 4849 666 4908 δὲ
701 4849 1014 4929 γνωστικαί.
1065 4849 1306 4924 Ὁμοίως
1355 4846 1412 4905 δὲ
1471 4846 1803 4924 διαιροῦνται

123 4945 233 5001 καὶ
297 4944 353 4998 αἱ
403 4939 616 5017 ἄλογοι⁹
661 4939 827 4996 πάλιν
871 4937 929 4996 δὲ
976 4941 1032 4994 αἱ
1089 4939 1306 5014 λογικαὶ
1365 4939 1456 4994 καὶ
1509 4937 1806 5015 γνωστικαὶ

125 5034 489 5107 διαιροῦνται
543 5037 758 5108 τριχῆ,
817 5029 896 5092 εἲς
956 5027 1152 5100 δόξαν,
1219 5028 1309 5084 καὶ
1376 5025 1658 5095 διάνοιαν,
1713 5025 1806 5081 καὶ

127 5128 304 5181 νοῦν.
364 5122 427 5178 Ἦ
475 5121 573 5194 μὶν
633 5121 724 5174 οὗν
777 5117 905 5190 δόξα
931 5119 1274 5193 καταγίνεται
1302 5117 1428 5190 περὶ
1474 5118 1538 5171 τὸ
1565 5115 1807 5180 καθόλου

121 5214 200 5269 τὸ
259 5209 452 5271 ἕντοῖς
502 5208 807 5280 αἲσθητοῖς.
839 5204 967 5264 Οἵδε
1011 5207 1114 5283 γὰρ
1159 5205 1243 5261 ὅτι
1305 5207 1410 5260 πᾶν
1462 5204 1655 5260 λευκὸν
1719 5202 1808 5259 καὶ

119 5299 397 5379 κριτικὸν
453 5294 653 5372 ὄψεως,
701 5297 788 5353 καὶ
843 5295 1056 5359 ὣιπᾶς
1085 5292 1372 5364 ἅνθρωπος
1424 5290 1637 5354 δίπους.
1687 5296 1807 5348 Ἔτι

118 5413 190 5470 γι
231 5389 378 5464 μὴν,
419 5388 508 5442 καὶ
535 5392 642 5443 τῶν
675 5384 980 5457 διανοητῶν
1033 5381 1176 5440 οἶδεν
1209 5381 1334 5439 ἄνευ
1369 5383 1544 5456 λόγου
1578 5383 1645 5437 τὰ
1667 5403 1806 5456 συμ-

118 5469 494 5556 inpingam,
527 5479 648 5540 οἶος
676 5475 761 5532 ὅτι
790 5479 826 5546 ἡ
875 5475 1030 5551 ψυχὴ
1082 5475 1367 5540 ἀθάνατος,
1419 5469 1549 5528 οἶδε·
1613 5469 1702 5526 διὰ
1755 5470 1809 5527 τί

122 5571 190 5629 δὲ
261 5565 553 5637 ἀθάνατος,
607 5566 786 5624 οὖκὲτι
841 5564 981 5621 ὥστε
1040 5561 1269 5636 δοξαστά
1325 5562 1458 5636 ἐστι,
1519 5563 1587 5617 τά
1643 5582 1701 5616 τε
1754 5561 1805 5616 ἐν

1917 4763 2141 4817 ratione
2163 4766 2322 4818 sunt.
2357 4763 2574 4818 Harum
2603 4764 2727 4818 aliae
2749 4765 2957 4820 vitales
2979 4769 3034 4820 et
3059 4771 3416 4837 appetentes,
3447 4766 3572 4821 alia)

1917 4855 2336 4922 cognoscentes
2383 4857 2544 4907 sunt.
2592 4851 2872 4907 Similiter
2919 4869 3152 4924 quoque
3202 4853 3570 4920 dividuntur,

1918 4955 2046 5010 quas
2078 4939 2204 4994 sine
2236 4939 2460 4995 ratione
2485 4941 2878 4996 sunt.Rursus
2902 4941 3184 4997 trifariam
3209 4942 3572 5012 dispertiun-

1916 5031 2014 5083 tur
2042 5044 2169 5098 quae
2199 5044 2334 5084 cum
2367 5027 2592 5083 ratione
2619 5034 2756 5083 sunt
2787 5031 2843 5084 et
2873 5036 3316 5098 cognoscentes,
3353 5031 3408 5084 in
3444 5029 3572 5101 opi-

1918 5117 2176 5183 nionem,
2237 5115 2625 5182 intellectum,
2675 5121 2735 5172 et
2793 5122 3071 5172 mentem.
3122 5117 3331 5189 Opinio
3387 5117 3573 5190 igitur

1918 5205 2189 5262 universe
2241 5207 2300 5260 in
2333 5205 2404 5260 iis
2435 5211 2702 5260 versatur
2733 5221 2861 5277 qua;
2893 5222 3070 5261 sensu
3101 5206 3509 5278 percipiuntur
3559 5223 3572 5262 :

1919 5295 2080 5350 novit
2106 5294 2266 5349 enim
2303 5311 2477 5350 omne
2509 5295 2734 5358 album,
2755 5295 2949 5350 visum
2983 5295 3333 5360 discernere,
3358 5299 3416 5351 et
3446 5313 3578 5352 om-

1920 5400 2053 5439 nem
2078 5383 2381 5438 hominem
2408 5383 2677 5455 bipedem
2701 5399 2862 5450 esse;
2894 5399 3095 5439 eorum
3120 5389 3416 5455 praeterea,
3450 5401 3578 5456 quae

1920 5473 2033 5529 sub
2065 5471 2522 5528 intellectionein
2558 5473 2796 5540 cadunt,
2831 5471 3268 5545 conclusiones,
3299 5475 3400 5529 sed
3451 5474 3580 5530 sine

1919 5561 2147 5618 ratione
2179 5560 2508 5633 novit;puta
2540 5561 2799 5617 animam
2834 5560 3230 5618 immorlalem
3264 5578 3392 5618 esse
3446 5562 3577 5629 scit,

211 5716 295 5790 (’)
330 5715 414 5772 De
442 5714 552 5772 hoc
581 5714 750 5784 libro,
784 5728 958 5786 quem
993 5727 1134 5768 mss.
1168 5709 1356 5767 Psello
1385 5709 1708 5778 vindicant,
1738 5708 1871 5765 vide
1901 5708 2146 5765 Leonem
2185 5706 2464 5762 Allatium
2497 5725 2677 5782 supra
2707 5705 2814 5762 col.
2847 5706 2974 5778 504,
3008 5723 3172 5762 num.
3201 5706 3366 5764 XLII.
