4010 6360
443 381 590 443 103i

1782 369 2201 433 MICHAELIS
2246 371 2515 435 PSELLI

3708 381 3869 441 1032

445 514 547 570 sed
582 528 684 567 cur
713 511 791 567 sit
819 505 1194 576 immortalis,
1228 504 1435 574 nescit,
1469 504 1612 560 adeo
1646 507 1709 558 ut
1738 502 1848 558 sub
1880 501 2098 576 Opinio-

2213 508 2326 565 τοῖς
2382 503 2663 576 αἰσθητοῖς
2693 505 2954 575 καθόλου,
2988 509 3074 562 καὶ
3130 512 3237 562 τῶν
3289 506 3587 579 διανοητῶν
3618 510 3689 564 τὰ
3722 532 3870 583 συμ-

448 620 579 659 nem
613 600 847 656 veniant
901 595 1099 652 omnia
1147 612 1274 666 quae
1325 610 1501 649 sensu
1558 592 1986 664 percipiuntur,
2043 596 2099 647 et

444 691 853 749 conclusiones
920 703 1123 741 eorum
1198 702 1323 755 quas
1392 682 1691 738 intellectu
1762 682 2096 753 capiuntur,

444 783 780 850 horumque
810 775 1066 848 cognitio
1099 774 1295 845 opinio
1328 777 1417 827 est
1439 789 1451 827 :
1473 788 1577 827 cur
1607 771 1763 826 enim
1795 771 1874 826 sit
1904 770 2101 824 anima

445 866 823 933 immortalis,
855 866 1087 938 ignorat
1115 862 1349 935 opinio;
1399 862 1510 916 hoc
1557 861 1711 915 enim
1764 859 2099 915 intellectus

447 965 537 1016 est
566 958 734 1029 opus.
764 958 953 1021 Quare
1003 953 1338 1024 opinionem
1393 948 1669 1021 praeclare
1715 950 1773 1003 in
1827 949 2101 1020 Sophiste

448 1048 607 1105 Plato
640 1044 864 1112 deﬁnit,
898 1060 1029 1099 cum
1063 1040 1395 1097 intellectus
1445 1039 1763 1094 terminum
1820 1037 2095 1109 appellat.

444 1144 748 1203 Intellectu
774 1144 929 1199 enim
964 1138 1352 1195 concludente
1383 1135 1780 1191 immortalem
1814 1151 1942 1190 esse
1970 1135 2098 1190 ani-

447 1251 627 1301 mam,
661 1232 841 1287 solam
877 1227 1311 1285 conclusionem
1348 1225 1595 1280 facultas
1638 1225 1818 1279 novit.
1871 1224 2099 1280 Intelle-

447 1328 576 1379 ctus
622 1328 815 1377 autem
845 1325 954 1386 est,
985 1319 1139 1372 viam
1172 1315 1349 1371 veluti
1383 1315 1697 1385 quamdam
1730 1314 2033 1383 conﬁcere,
2068 1332 2101 1370 a

447 1408 949 1485 propositionibus
982 1407 1052 1460 ad
1103 1403 1541 1460 conclusionem
1594 1402 2097 1471 transgrediendo,

446 1502 602 1555 unde
633 1504 690 1554 et
719 1513 930 1553 nomen
985 1495 1156 1550 traxit
1193 1511 1204 1549 :
1237 1498 1412 1564 atque
1464 1492 1573 1547 hoc
1625 1498 1715 1546 est
1764 1491 2100 1547 intellectus

446 1606 627 1661 opus;
663 1587 878 1641 mentis
910 1582 1322 1654 vero,simplici
1357 1581 1736 1654 aggressione
1766 1585 1823 1635 et
1854 1580 2101 1652 impres-

447 1679 631 1746 sione,
668 1675 879 1731 melius
911 1690 1083 1742 quam
1119 1689 1220 1744 per
1251 1670 1837 1735 demonstrationem,
1873 1669 1941 1724 ad
1976 1685 2099 1723 rem

449 1768 723 1823 accedere
754 1781 767 1818 :
804 1763 1092 1835 quomodo
1141 1766 1199 1815 et
1249 1777 1483 1825 sensus,
1535 1759 1632 1829 qui
1688 1759 1736 1813 si
1784 1758 1843 1813 in
1897 1758 2098 1814 album

445 1857 612 1921 forte,
649 1852 732 1908 vel
766 1852 822 1907 in
857 1852 1008 1906 hanc
1057 1852 1305 1921 ﬁguram
1360 1848 1654 1915 inciderit,
1704 1847 1917 1903 melius
1970 1864 2095 1902 eam
2131 1882 2178 1946 Β

446 1961 623 2018 quam
657 1942 1159 1998 demonstratione
1191 1938 1441 2011 percipit
1471 1954 1482 1991 :
1510 1954 1622 1991 non
1656 1936 1810 1991 enim
1846 1936 1916 1992 ad
1949 1936 2101 1992 hanc

446 2034 836 2107 cognitionem
861 2029 1309 2085 ratiocinatione
1336 2026 1510 2081 habet
1531 2043 1697 2097 opus;
1720 2026 1935 2081 mentis
1967 2042 2100 2081 vero

444 2124 595 2181 actio
630 2122 689 2177 in
720 2120 839 2176 illis
868 2124 977 2186 est,
1014 2120 1232 2191 quibus
1264 2117 1333 2171 ad
1369 2132 1663 2171 summam
1698 2114 2013 2187 puritatem
2046 2120 2102 2171 et

448 2212 756 2270 scientiam
792 2209 1091 2281 pervenire
1112 2208 1312 2261 datum
1339 2206 1558 2277 est,qui
1581 2222 1683 2276 per
1707 2210 2100 2277 expurgantes

448 2304 717 2370 virtutes,
751 2299 876 2354 sine
906 2297 1097 2367 specie
1130 2296 1375 2366 objecta,
1427 2298 1484 2349 et
1530 2294 1657 2348 sine
1706 2310 1882 2349 sensu
1932 2311 2101 2366 agere

449 2393 828 2447 consuerunt.
867 2388 967 2441 Est
997 2385 1152 2440 enim
1198 2401 1362 2439 mens
1404 2382 1583 2437 veluti
1634 2382 1873 2439 habitus
1919 2384 2101 2438 animi

449 2477 942 2553 perfectissimus.
976 2477 1039 2529 In
1074 2474 1247 2529 rebus
1279 2473 1453 2543 igitur
1484 2489 1610 2544 quas
1644 2476 1840 2528 mente
1870 2473 2099 2543 perspi-

450 2570 708 2631 ciuntur,
742 2582 910 2620 mens
942 2567 1260 2634 occupatur
1292 2578 1304 2616 :
1338 2560 1671 2616 intellectus
1720 2562 1777 2615 in
1827 2562 1921 2631 iis,
1974 2578 2099 2633 quae

452 2656 761 2729 cogitando
795 2653 1172 2725 assequimur
1204 2668 1216 2705 :
1253 2650 1449 2722 opinio
1481 2651 1719 2705 demum
1752 2650 1810 2705 in
1854 2651 1926 2705 iis
1972 2667 2100 2721 quae

451 2747 561 2803 sub
595 2744 991 2817 opinationem
1023 2741 1487 2797 cadunt.Harum
1523 2744 1719 2795 autem
1745 2744 2098 2811 potestatum

450 2834 774 2908 principem
803 2832 997 2888 locum
1025 2848 1190 2909 mens
1212 2829 1455 2896 obtinet,
1493 2834 1857 2900 postremum
1882 2829 2099 2901 opinio,

452 2925 715 2980 medium
742 2919 1286 2989 intellectus,menti
1313 2917 1749 2973 nostraaintimo
1771 2918 2098 2987 familiaris,

455 3022 671 3094 quippe
702 3021 804 3092 qni
834 3018 1094 3074 medium
1129 3017 1347 3087 ubique
1384 3015 1576 3070 locum
1628 3020 1784 3070 tenet
1837 3033 1849 3069 :
1895 3020 1951 3070 et
1999 3032 2102 3087 per

451 3108 1011 3179 hunc,intellectum
1036 3106 1187 3174 dico,
1206 3106 1278 3161 ad
1300 3121 1502 3160 eorum
1527 3103 2098 3176 contemplationem,

453 3217 578 3273 qua:
612 3202 805 3254 mente
839 3196 1261 3269 percipiuntur,
1297 3193 1529 3249 animus
1567 3198 1764 3248 noster
1810 3193 2094 3262 evehitur,

453 3255 583 3362 quis
615 3290 741 3360 ejus
774 3255 1064 3341 absolutio
1095 3289 1152 3339 et
1180 3255 1455 3356 perfectio
1485 3286 1595 3338 est.
1617 3282 1756 3337 Cum
1792 3283 1945 3337 enim
1981 3255 2095 3353 hic,
2128 3255 2170 3320 Ο

452 3379 628 3435 rebus
660 3377 731 3432 iis
763 3392 890 3449 qua:
917 3374 1115 3431 sensui
1147 3372 1565 3444 subjiciuntur,
1600 3371 1794 3428 socius
1824 3376 1881 3427 et
1930 3372 2100 3444 quasi

454 3466 691 3542 gentilis
724 3466 832 3535 sit;
867 3468 1101 3538 propter
1130 3479 1413 3518 sensuum
1465 3462 1977 3530 consuetudinem,
2029 3464 2100 3518 ad

455 3556 915 3631 speculationem
950 3571 1176 3621 eorum,
1206 3570 1332 3625 qua:
1363 3556 1556 3608 mente
1590 3549 2018 3622 intelliguntur,
2049 3556 2103 3606 et

459 3646 709 3703 materia
737 3648 959 3715 carent,
994 3642 1254 3700 attollere
1285 3641 1547 3714 seipsum
1581 3658 1696 3696 non
1732 3645 1943 3712 potest.
1992 3640 2102 3696 Sed

453 3742 511 3795 et
544 3737 665 3802 illa,
699 3751 944 3807 corpora
973 3736 1156 3805 putat,
1174 3736 1231 3788 et
1262 3731 1471 3787 molem
1499 3731 1798 3793 habere,et
1829 3747 2103 3802 quascun-

453 3845 568 3900 que
600 3827 877 3882 sensibus
907 3843 971 3881 se
1002 3825 1275 3893 oﬂ'erunt,
1311 3824 1369 3877 in
1403 3821 1520 3877 illis
1552 3839 1679 3876 esse
1713 3820 1825 3876 sibi
1874 3821 2042 3893 ﬁngit
2090 3838 2103 3875 :

456 3925 953 3998 quemadmodum
988 3926 1045 3976 et
1074 3920 1239 3976 Plato
1280 3919 1339 3975 in
1391 3919 1680 3988 Phaedone,
1724 3918 1877 3973 hanc
1924 3934 2105 3973 unam

453 4032 583 4070 esse
614 4032 734 4070 rem
767 4014 826 4068 in
860 4012 1027 4067 nobis
1059 4009 1467 4065 difﬁcillimam
1503 4008 1940 4080 afﬁrmat,quod
1971 4025 2107 4063 cum

453 4122 487 4159 a
515 4102 777 4175 corporis
807 4100 1201 4157 avocamentis
1236 4098 1477 4169 paulum
1511 4096 2109 4169 conquieverimus,et

453 4210 649 4249 rerum
676 4192 1008 4247 divinarum
1035 4187 1399 4242 meditationi
1424 4203 1530 4241 nos
1568 4187 1887 4258 adjungere
1909 4186 2107 4242 volue-

453 4282 659 4343 rimus,
691 4299 724 4335 a
754 4279 1029 4335 sensibus
1062 4277 1319 4349 profecta
1350 4274 1626 4347 impulsio
1659 4275 1993 4347 interpellat
2041 4292 2108 4332 ac

453 4370 777 4443 perturbat,
810 4377 863 4423 et
894 4366 1232 4438 cogitationi
1266 4369 1474 4419 nostra;
1508 4365 1733 4435 objicit,
1769 4369 1947 4420 Deum
1979 4381 2107 4421 esse

452 4477 689 4532 corpus,
731 4458 1133 4530 magnitudine
1187 4461 1243 4510 et
1294 4456 1487 4527 ﬁgura
1536 4456 1867 4526 praeditum,
1918 4472 2107 4527 neque

457 4566 564 4605 nos
596 4567 628 4604 a
658 4563 896 4620 corpore
945 4551 999 4601 et
1051 4545 1236 4615 ﬁgura
1286 4551 1469 4600 Deum
1523 4542 1756 4615 penitus
1804 4561 2106 4600 secernere

2210 593 2552 666 περάσματα,
2601 596 2691 649 καὶ
2719 595 2926 650 τούτων
2962 596 3105 651 ἐστὶν
3138 600 3173 667 ἡ
3227 594 3353 667 δόξα
3383 603 3610 672 γνῶσις.
3667 603 3772 654 Διὶ
3818 602 3871 654 τί

2210 677 2267 734 δὲ
2298 681 2559 743 ἀθάνατος
2605 686 2639 751 ἠ
2700 686 2877 758 ψυχὴ,
2913 683 3093 738 οὖχὲτι
3139 682 3277 739 οἶδεν
3331 688 3364 753 ἡ
3424 683 3570 755 δόξαο
3616 685 3868 747 διανοίας

2206 770 2308 846 γὰρ
2358 767 2519 845 ἔργον
2549 772 2658 827 ἐστί
2710 778 2892 828 τοῦτο.
2945 775 3104 830 ’Ὀθεν
3145 776 3236 828 xui
3284 773 3469 838 καλῶς
3500 777 3746 845 ὁρίζεται
3774 779 3873 843 τῆν

2211 858 2365 928 δόξαν
2407 860 2636 916 Πλάτων
2689 861 2741 916 ἐν
2785 867 2865 933 τῷ
2918 867 3183 938 Σοφιστῇ,
3219 861 3454 925 διανοίας
3485 863 3667 939 λέγων
3736 868 3871 920 ἄπιος

2207 948 2565 1019 τελεύτησιν.
2620 956 2728 1021 Τῆς
2788 952 2891 1028 γὰρ
2950 949 3196 1014 διανοίας
3253 950 3744 1028 συλλογιοαμένης
3789 957 3869 1009 ὅτι

2210 1038 2472 1101 ἀθάνατος
2532 1041 2566 1108 ἡ
2618 1043 2815 1116 ψυχὴ,
2864 1041 2924 1094 τὸ
2982 1042 3346 1117 συμπέρασμα
3403 1043 3568 1115 μόνον
3629 1042 3774 1098 οἶδεν
3834 1048 3867 1113 ἡ

2210 1124 2461 1199 δύναμις.
2512 1130 2759 1193 Διανοίας
2789 1127 2845 1185 δέ
2878 1130 2987 1185 ἐστι
3017 1131 3079 1185 τὸ
3111 1134 3225 1185 οἷον
3261 1129 3387 1185 ὁδόν
3432 1153 3553 1186 τινα
3603 1130 3866 1203 διανῦειν,

2213 1220 2635 1297 μεταϐαίνουσαν
2702 1228 2807 1282 ἀπὸ
2856 1230 3168 1302 προτάσεων
3222 1228 3297 1290 εἰς
3360 1232 3758 1304 συμπέρασμα,
3820 1232 3869 1301 ἐξ

2211 1313 2272 1367 οὗ
2302 1314 2390 1369 καὶ
2420 1317 2518 1383 τήν
2549 1315 2745 1385 κλῆσιν
2780 1315 3013 1373 ε’ίλκυσε.
3043 1318 3141 1372 Καὶ
3179 1325 3278 1388 τῆς
3333 1319 3425 1391 μὲν
3477 1316 3731 1382 διανοίας
3781 1316 3870 1395 ἔρ-

2208 1423 2301 1477 γον
2362 1409 2542 1461 τοῦτο.
2602 1408 2710 1461 Τοῦ
2770 1403 2827 1460 δὲ
2883 1411 2978 1461 νοῦ
3026 1401 3184 1482 ἔργον
3234 1407 3437 1469 ἁπλαῖς
3494 1404 3869 1482 προσϐολαῖς,

2209 1494 2297 1547 xui
2356 1500 2597 1567 κρεῖττον
2658 1495 2692 1563 ἢ
2752 1496 2887 1550 κατὰ
2962 1495 3273 1567 ἀπόδειξιν,
3365 1492 3696 1552 ἐπιϐάλλειν
3757 1504 3867 1559 τοῖς

2210 1584 2542 1657 πράγμασιν,
2598 1584 2777 1659 ὥσπερ
2931 1584 3201 1655 αἶ’σθησις.
3254 1581 3658 1661 Προσλαϐοὔσα
3699 1589 3868 1663 τυχὸν

2207 1673 2269 1725 τὸ
2301 1670 2493 1726 λευκὸν
2542 1672 2577 1741 ἢ
2610 1670 2735 1728 τόδε
2763 1674 2822 1727 τὸ
2854 1676 3047 1749 σχῆμά
3083 1696 3134 1729 τι
3168 1681 3435 1751 κρεῖττον,
3467 1675 3501 1743 ἢ
3561 1677 3707 1730 κατὰ
3739 1676 3869 1730 ἀπό-

2210 1758 2392 1831 δειξιν,
2456 1760 2618 1816 αὐτοῦ
2646 1764 2747 1832 τὴν
2795 1768 2992 1838 γνῶσιν
3045 1760 3225 1839 ἔσχεν.
3259 1763 3335 1821 Οὐ
3385 1764 3487 1840 γάρ
3519 1762 3700 1819 δεῖται
3734 1767 3867 1839 πρὸς

2208 1849 2408 1921 ταύτην
2440 1849 2840 1927 συλλογισμοῦ·
2892 1855 2926 1922 ἡ
2961 1850 3017 1907 δέ
3047 1874 3109 1928 γε
3135 1858 3231 1908 τοῦ
3274 1858 3368 1908 νοῦ
3416 1852 3687 1931 ἐνέργεια,
3733 1855 3869 1909 ἐκεῖ·

2209 1962 2322 2003 νοις
2352 1942 2728 2016 παραγίνεται,
2782 1945 2866 2004 οἷς
2916 1941 2991 2003 εἰς
3022 1940 3185 2018 ἄκρον
3238 1945 3550 2019 καθάρσεως
3602 1946 3699 1998 xui
3751 1944 3869 1999 ἐπι-

2211 2032 2426 2103 στήμης
2471 2030 2691 2105 γέγονεν
2753 2032 3073 2109 ἀφικέσθαι’
3143 2032 3231 2087 καὶ
3291 2030 3377 2087 διὰ
3432 2037 3541 2088 τῶν
3600 2046 3868 2107 καθαρτι-

2207 2123 2317 2173 κῶν
2369 2120 2569 2195 ἀρετῶν
2612 2120 2983 2196 ἀφαντάστως,
3033 2122 3121 2175 καὶ
3176 2118 3307 2196 δίχα
3354 2121 3665 2192 αἰσθήσεως
3721 2124 3866 2197 ἐνερ-

2208 2214 2324 2282 γεῖν
2384 2208 2830 2280 συνειθισμένοις.
2867 2212 3017 2264 Ἐστι
3050 2212 3153 2286 γάρ
3185 2212 3212 2265 6
3261 2215 3406 2278 νοῦς,
3442 2213 3557 2265 οἷον
3606 2210 3722 2281 ἕξις
3771 2220 3867 2279 τῆς

2210 2300 2397 2371 ψυχῆς
2454 2297 2801 2368 τελειοτάτη.
2862 2298 3216 2374 Καταγίνεται
3272 2299 3449 2354 τοίνυν
3510 2301 3539 2354 6
3592 2301 3699 2373 μὲν
3746 2305 3868 2364 νοῦς

2318 2385 2331 2403 ε
2434 2386 2447 2403 κ
2652 2386 2661 2402 ι
2927 2384 2949 2403 σε
2994 2387 3004 2405 .
3284 2388 3298 2409 κ
3735 2391 3747 2405 .
3840 2392 3852 2407 .

2210 2404 2332 2459 περι
2390 2406 2456 2439 τα
2502 2406 2687 2455 νοητα,
2738 2389 2771 2455 ἡ
2821 2383 2877 2440 δὲ
2923 2400 3130 2442 οιανοια
3179 2407 3299 2463 περι
3359 2389 3425 2442 τὰ
3473 2386 3772 2460 διανοηταο
3832 2408 3865 2458 η

2212 2471 2267 2528 δὶ
2319 2471 2445 2545 δόξα
2492 2475 2712 2550 περὶτὰ
2744 2473 2990 2549 δοξαστά.
3045 2475 3259 2532 Τούτων
3317 2474 3373 2532 δὲ
3413 2481 3521 2532 τῶν
3574 2475 3865 2552 δυνάμεων

2209 2564 2432 2637 πρώτην
2487 2564 2580 2637 μὶν
2634 2564 2818 2641 ἐπέχει
2875 2568 3024 2639 ταξιν
3057 2567 3084 2621 6
3116 2571 3261 2631 νοῦς·
3288 2567 3523 2642 ἐσχάτην
3551 2565 3607 2622 δὲ
3642 2571 3682 2637 ἡ
3720 2566 3864 2638 δόξα·

2213 2662 2382 2731 μέσην
2416 2658 2533 2731 ὃὲῆ
2588 2658 2817 2729 διάνοια,
2867 2662 2903 2731 ἢ
2936 2684 3015 2724 τις
3048 2663 3137 2718 καὶ
3176 2662 3589 2738 προσῳκείωται
3618 2664 3698 2738 τῇ
3732 2668 3868 2738 ἡμε-

2207 2748 2336 2821 τὲρᾳ
2384 2753 2559 2824 ψυχῇ,
2591 2748 2778 2819 ἐπειδὴ
2837 2752 2926 2806 xui
2980 2750 3114 2820 αὐτὴ
3168 2754 3270 2819 τὴν
3323 2753 3488 2824 μέσην
3533 2752 3637 2820 τὴν
3708 2752 3765 2807 ἐν
3794 2760 3867 2825 τῷ

2209 2838 2368 2893 παντὶ
2405 2840 2553 2909 τάξιν
2603 2838 2741 2915 ἔχει.
2791 2840 2888 2896 Καὶ
2939 2837 3027 2894 διὰ
3055 2839 3258 2910 ταύτης
3292 2839 3434 2916 λέγω
3463 2846 3566 2909 τῆς
3620 2839 3867 2903 διανοίας

2210 2926 2461 3002 ἀνάγεται
2513 2931 2547 2997 ἡ
2596 2929 2837 3003 ἡμετέρα
2884 2930 3037 3003 ψυχή
3072 2928 3158 2984 ἐπὶ
3188 2931 3286 2997 τὴν
3315 2928 3420 2983 τῶν
3468 2935 3691 2999 νοητῶν
3742 2934 3867 2987 θεωο

2211 3016 2351 3090 ρίαν,
2383 3016 2418 3085 ἢ
2467 3037 2549 3078 τις
2598 3015 2705 3071 ἐστὶ
2748 3017 3034 3085 τελειότης
3080 3020 3177 3085 τῆς
3224 3021 3427 3093 ψυχῆς.
3478 3016 3717 3089 Ἐπειδῆ
3767 3022 3862 3097 γὰρ

2212 3104 2509 3179 σύντροφος
2539 3126 2597 3160 τε
2643 3106 2732 3159 καὶ
2784 3105 3068 3182 σῦμφυλος
3096 3111 3213 3167 τοῖς
3253 3106 3535 3177 αἷσθητοῖς
3564 3109 3601 3176 ἡ
3634 3111 3799 3184 ψυχὴ
3830 3112 3859 3175 ἡ

2210 3193 2469 3270 ἡμετέρα,
2529 3192 2780 3249 ἀδυνατεῖ
2836 3192 2925 3249 διὰ
2978 3195 3069 3249 τὸν
3135 3196 3454 3269 συνεθισμὸν
3502 3200 3611 3251 τῶν
3668 3198 3863 3266 αἰσθή-

2209 3304 2366 3354 σεων,
2414 3283 2501 3337 ἐπὶ
2548 3284 2647 3353 τὴν
2695 3284 2923 3360 θεωρίαν
2964 3289 3074 3339 τῶν
3117 3290 3328 3356 νοητῶν
3374 3284 3463 3340 καὶ
3495 3284 3692 3341 άῦλων
3743 3289 3864 3343 ἀνά-

2208 3394 2321 3449 γειν
2377 3372 2563 3445 αὐτην.
2620 3372 2793 3431 Ἀλλᾶ
2819 3375 3031 3448 νομίζει
3076 3374 3298 3430 κάκεῖνα
3345 3374 3575 3449 σώματα
3618 3380 3716 3431 xui
3767 3394 3860 3451 με·

2210 3464 2340 3539 γὲθη
2393 3460 2560 3538 ἔχειν,
2610 3463 2699 3518 xui
2731 3463 2831 3518 ὅσα
2872 3462 2958 3518 ἐπὶ
3007 3468 3113 3519 τῶν
3164 3464 3461 3535 αἰσθητῶν,
3525 3473 3697 3522 καιιεῖ
3735 3489 3863 3533 91v-

2211 3553 2446 3621 τάζεται’
2496 3552 2571 3616 ὡς
2617 3553 2706 3607 καὶ
2764 3552 2993 3610 Πλάτων
3048 3552 3100 3608 ἐν
3144 3559 3224 3625 τῷ
3274 3552 3515 3609 Φαίδωνι
3550 3553 3735 3630 λέγει,
3788 3556 3861 3610 ὅτι

2212 3643 2358 3696 τοῦτ’
2407 3640 2517 3696 ἔστι
2564 3642 2627 3696 τὸ
2659 3639 3053 3717 χαλεπώτατον
3082 3647 3190 3698 τῶν
3224 3642 3274 3698 ἐν
3307 3644 3468 3716 ἡμῖν,
3498 3642 3586 3699 ὅτι
3621 3647 3751 3701 ὅταν
3781 3645 3863 3700 xui

2215 3729 2429 3805 σχολὴν
2460 3730 2563 3785 απὸ
2592 3735 2699 3784 τῶν
2727 3732 3037 3805 περιολκῶν
3068 3737 3164 3786 τοῦ
3198 3734 3450 3805 σώματος
3498 3736 3708 3808 μικρὸν
3740 3735 3864 3809 ἀγά-

2213 3840 2417 3894 γωμεν,
2467 3821 2554 3874 xui
2609 3821 2927 3892 θελήσωμεν
2958 3824 3025 3895 τῇ
3076 3820 3278 3897 θεωρίᾳ
3303 3826 3409 3876 τῶν
3444 3821 3610 3885 θείων
3662 3821 3865 3899 σχολαο

2219 3929 2326 3979 σαι,
2376 3908 2463 3962 καὶ
2508 3908 2962 3983 παρεμπίπτουσα
3009 3911 3043 3979 ἠ
3089 3910 3373 3985 φαντασία,
3433 3907 3677 3984 θόρυϐον
3742 3916 3868 3983 ἡμῖν

2215 4002 2375 4067 κινεῖ,
2413 3998 2663 4052 ὑπονοεῖν
2713 3995 2955 4060 διδοῦσα.
3001 3997 3084 4053 ὅτι
3114 4000 3275 4073 σῶμά
3305 3998 3417 4053 ἐστι
3448 4000 3508 4054 τὸ
3544 4006 3727 4073 θεῖον,
3786 4000 3864 4054 καὶ

2220 4092 2447 4169 μέγεθος
2500 4089 2615 4169 ἔχει
2672 4096 2757 4149 καὶ
2795 4102 3008 4171 σχῆμα,
3059 4097 3146 4151 xui
3205 4096 3304 4152 οὐκ
3449 4098 3604 4170 ἡμᾶς
3658 4098 3869 4170 ἀσωμά.

2214 4204 2323 4245 τως
2366 4184 2456 4238 xui
2504 4183 2933 4259 ἀσχηματίστως
2992 4186 3113 4260 περὶ
3172 4189 3267 4240 τοῦ
3317 4190 3450 4240 Θεοῦ
3482 4185 3719 4245 ἐννοεῖν.
3783 4188 3868 4242 Διὰ

2213 4277 2375 4328 τοῦτο
2413 4270 2494 4327 δεῖ
2520 4274 2619 4343 τὴν
2670 4274 2852 4350 ψυχὴν
2908 4272 3194 4329 ὁδεύουσαν
3247 4274 3333 4329 ἰπὶ
3380 4277 3479 4345 την
3537 4276 3749 4347 εαυτῆς
3797 4298 3869 4330 τε·

2216 4360 2494 4433 λειότητα,
2536 4368 2753 4439 πρῶτον
2802 4362 3081 4441 ἐνεργῆσαι
3131 4385 3267 4419 κατα
3297 4361 3559 4431 διάνοιαν,
3597 4366 3732 4435 ἥτις
3763 4364 3869 4441 ἔχει

2214 4452 2349 4528 πρὸς
2396 4452 2463 4506 τὰ
2495 4452 2632 4525 μέσα
2667 4458 2773 4507 τῶν
2821 4452 3187 4527 πραγμάτων.
3245 4455 3483 4509 Τοιαῦτα
3531 4451 3594 4509 δὲ
3653 4455 3769 4510 ἐστι
3814 4455 3870 4508 τὰ

2214 4540 2407 4611 νοητὰ,
2439 4541 2551 4596 οἷόν
2603 4541 2742 4595 ἐστὶν
2786 4541 2884 4610 ἥτε
2930 4544 3082 4617 ψυχὴ
3137 4544 3170 4611 ἡ
3223 4541 3485 4616 ἡμετέρα,
3534 4546 3630 4598 xui
3688 4548 3725 4615 ἡ
3759 4544 3869 4619 περέ

454 4639 767 4711 cogitando
801 4635 1248 4708 permittit.Eam
1273 4635 1343 4688 ob
1379 4650 1500 4688 rem
1534 4649 1682 4705 opus
1714 4638 1821 4704 est,
1844 4634 2103 4689 animum

2218 4629 2382 4699 αὐτῆς
2444 4630 2659 4705 θεωρίαν
2712 4626 2790 4684 ἔτι
2839 4628 2896 4684 δὲ
2950 4631 3041 4686 καὶ
3098 4632 3166 4685 τά
3225 4632 3604 4704 μαθηματικὰ,
3671 4634 3706 4688 ἃ
3763 4654 3869 4687 τινα

456 4729 527 4784 ad
564 4744 731 4783 suam
767 4725 956 4797 ipsius
990 4724 1404 4797 perlectionem
1441 4723 1803 4788 tendentem,
1850 4723 2106 4796 primum

455 4833 626 4890 agere
657 4814 978 4886 intellectu,
1014 4813 1113 4885 qui
1146 4814 1205 4868 in
1239 4812 1414 4869 rebus
1449 4812 1885 4884 quodammodo
1930 4813 2109 4868 inter-

455 4905 668 4961 mediis
698 4908 986 4960 versatur.
1020 4901 1183 4958 Talia
1232 4918 1364 4957 vero
1414 4905 1575 4972 sunt,
1628 4917 1754 4973 quae
1804 4901 2110 4958 intellectu

456 4992 920 5066 complectimur,
954 4990 1146 5063 qualis
1193 4994 1283 5045 est
1334 4988 1571 5045 animus
1621 4994 1819 5047 noster
1864 4992 2112 5064 ejusque

457 5082 909 5154 contemplatio;
944 5086 1070 5135 tum
1101 5084 1157 5135 et
1189 5096 1280 5135 res
1314 5078 1760 5148 mathematicae,
1808 5096 1935 5151 qua:
1985 5081 2112 5137 sine

457 5173 703 5229 materia
752 5171 990 5242 quidem
1040 5172 1201 5235 sunt,
1254 5168 1357 5224 sed
1405 5185 1519 5223 non
1552 5168 1863 5236 exsistunt,
1900 5175 1966 5225 ut
1994 5169 2112 5226 illis

458 5271 873 5326 consuefactus
904 5269 1059 5323 circa
1094 5266 1397 5321 materiam
1423 5270 1557 5336 agat
1586 5265 1657 5320 ad
1691 5282 1758 5321 ea
1779 5282 1908 5337 qua:
1933 5284 1967 5322 a
1997 5284 2116 5323 ma-

457 5359 607 5416 teria
631 5359 869 5431 penitus
890 5356 1185 5429 segregari
1208 5358 1474 5427 possunt,
1495 5354 1588 5409 via
1610 5355 1947 5427 sensimque
1977 5373 2112 5426 pro-

461 5464 726 5520 gressus,
760 5448 831 5502 ad
864 5451 1041 5501 Deum
1070 5444 1221 5510 dico,
1254 5460 1316 5498 se
1348 5443 1609 5515 recipiat.
1645 5444 1810 5500 Unde
1846 5449 1903 5500 et
1934 5445 2114 5499 Ploti-

457 5542 709 5604 nus,Per
729 5534 1056 5604 res,inquit,
1082 5532 1521 5598 mathematicas,
1554 5532 1624 5587 ad
1655 5533 2115 5590 consuetudinem

454 5627 594 5698 ejus,
629 5640 754 5697 quae
784 5627 904 5678 sine
930 5638 1160 5692 corpore
1191 5625 1530 5689 est,naturae,
1567 5623 1795 5691 juvenes
1843 5622 2114 5680 deducan-

455 5720 567 5770 tur.
604 5717 674 5768 At
705 5713 752 5769 si
796 5711 1028 5783 quando
1076 5709 1408 5767 intellectus
1459 5710 1866 5783 ratiocinatur,
1919 5713 1987 5768 de
2041 5713 2115 5770 iis

2216 4721 2315 4787 τήν
2367 4718 2549 4773 οὐσίαν
2610 4717 2775 4774 ἄυλον
2826 4718 2964 4795 ἔχει,
3018 4720 3184 4774 εἶκαὶ
3239 4722 3314 4792 μὴ
3354 4722 3453 4789 τὴν
3504 4721 3872 4797 ὕπαρξινσῖνα

2218 4810 2587 4863 συνοθισθεῖσα
2613 4806 2663 4862 ἐν
2708 4808 2946 4880 τούτοις,
2987 4807 3182 4884 ἐνεργῇ
3226 4807 3408 4871 enim;
3459 4806 3577 4881 ὁδῷ
3639 4812 3870 4887 προσελο

2221 4903 2385 4964 θοῦσα
2433 4898 2521 4953 xui
2556 4896 2642 4952 ἐπὶ
2670 4900 2737 4953 τά
2766 4897 3051 4959 παντελῶς
3104 4898 3354 4974 χωριστὰ
3398 4900 3495 4969 τῆς
3526 4897 3702 4970 ὕλης,
3739 4901 3872 4975 λέγω

2222 4985 2279 5042 δὲ
2306 4988 2373 5043 τὰ
2403 4989 2517 5042 θεῖα
2556 4987 2791 5063 χωρίσῃ.
2837 4988 2994 5045 "Ost
3032 4987 3120 5042 xui
3171 4988 3198 5041 6
3252 4985 3554 5058 Πλωτῖνος,
3607 4992 3870 5067 Ἀγὲσθωο

2223 5099 2314 5132 σαν
2366 5079 2416 5132 oi
2469 5076 2621 5149 νέοι,
2663 5077 2817 5154 φησὶ,
2865 5073 2954 5131 διὰ
2998 5082 3107 5132 τῶν
3163 5076 3502 5150 μαθημάτων
3549 5080 3699 5153 πρὸς
3757 5101 3872 5134 συν-

2224 5167 2442 5240 εθισμὸν
2493 5172 2592 5228 τῖς
2644 5165 2934 5239 ἀσωμάτου
2966 5166 3203 5243 φύσεως.
3244 5165 3307 5223 Ei
3342 5163 3399 5221 δέ
3427 5187 3561 5221 ποτε
3593 5171 3631 5237 ἡ
3669 5166 3872 5223 διάνοια

2224 5263 2606 5338 συλλογίζεται
2635 5263 2726 5317 xui
2757 5262 2879 5337 περὶ
2912 5266 3022 5317 τῶν
3058 5267 3292 5333 νοητῶν,
3337 5260 3466 5317 ἀλλ’
3497 5262 3559 5317 οὐ
3609 5267 3738 5318 καθ’
3782 5265 3872 5318 αὖ·

2221 5354 2343 5423 τὴν,
2375 5350 2519 5407 ἀλλὰ
2545 5356 2625 5423 τῷ
2654 5356 2732 5422 νῷ
2773 5349 3175 5424 συμπλακεῖσα,
3225 5351 3403 5423 ὥσπερ
3447 5352 3537 5406 xui
3584 5356 3720 5430 περί
3774 5358 3868 5407 τῶν

2223 5442 2496 5512 αἶ’σθητῶν
2562 5438 2963 5517 συλλογίζεται,
3039 5440 3417 5514 συμπλακεῖσα
3467 5445 3534 5515 τῇ
3588 5444 3871 5517 φαντασία.

2225 5531 2439 5589 Τούτου
2468 5528 2652 5585 τοίνυν
2681 5534 2779 5585 τοῦ
2808 5534 2926 5601 νοῦ,
2955 5530 3004 5586 εἷ’
3053 5531 3143 5585 xui
3197 5532 3273 5603 μὴ
3315 5530 3625 5606 μετέχομεν
3664 5534 3720 5587 oi
3746 5530 3872 5587 πολο

2226 5620 2334 5679 λοί·
2394 5619 2519 5676 ἀλλ’
2570 5617 2700 5694 ἴχνη
2751 5619 2869 5674 τινὰ
2918 5619 3005 5674 xui
3056 5616 3364 5693 ἰνδάλματα
3414 5616 3747 5691 διαϐέϐηκεν
3804 5619 3871 5678 εἷς

2225 5713 2393 5784 ἡμᾶς.
2443 5712 2617 5764 Ταῦτα
2659 5704 2715 5763 δὲ
2746 5705 2885 5763 ἐστιν
2941 5709 2995 5763 ui
3034 5706 3214 5763 xowui
3274 5704 3499 5782 ἔννοιαι,
3550 5709 3613 5773 ἃς
3675 5711 3868 5764 ἀνα-πο·
