4010 6360
128 437 160 495 1
171 437 289 498 033

1641 438 1742 497 ΠΒ
1790 436 2068 496 ΑΝΙΜΑ.

3393 446 3551 506 1034

122 563 375 634 δείκτως,
437 563 738 638 μᾶλλονδὲ
783 572 1029 643 κρεῖττον
1058 566 1092 636 ἢ
1143 568 1260 622 κατ’
1313 565 1582 639 ἀπόδειξιν
1641 589 1774 622 παν-

1917 567 2071 624 ειίιιω
2090 585 2215 641 quae
2239 571 2430 624 mente
2453 570 2925 640 perspiciuntur;
2961 589 3076 629 non
3098 572 3154 628 id
3184 590 3286 646 per
3306 591 3369 632 se
3400 575 3547 648 ipse,

118 677 214 718 τες
240 657 634 731 γιγνώσκομεν.
683 654 852 712 Αὖται
914 655 1010 712 οὖν
1071 659 1124 711 αἱ
1175 659 1352 712 κοιναὶ
1407 655 1631 726 ἔννοιαι,
1692 654 1779 711 διὰ

119 745 340 800 πάντων
381 750 688 822 χωροῦσαι,
720 743 1029 820 ἰνδάλματα
1052 751 1150 802 τοῦ
1180 752 1277 802 νοῦ
1326 747 1460 802 εἰσιν
1521 747 1777 823 ἐναργῶς.

122 835 224 889 Διὸ
255 835 342 888 καὶ
375 836 555 910 ἀρχὴν
614 834 922 908 ἐπιστήμης
952 837 1043 892 τὸν
1094 841 1220 891 νοῦν
1271 836 1549 904 καλοῦσιν,
1595 837 1639 908 ᾧ
1673 857 1778 890 τινι

121 927 194 978 τα
239 926 409 994 νοητά
457 925 813 1001 γινώσκομεν.
865 927 1126 997 Ζητήσειε
1180 924 1226 981 δ’
1276 925 1335 981 ἃν
1364 948 1446 988 τις
1480 925 1525 982 εἰ
1563 927 1638 998 μή
1690 923 1783 980 δυ-

122 1014 286 1068 νατὸν
319 1013 621 1089 ἐκμερικών
652 1016 715 1070 τὸ
763 1013 1004 1079 καθόλου
1055 1016 1470 1079 πιστώσασθαι·’
1505 1012 1629 1071 οὐδὲ
1679 1014 1781 1088 γὰρ

122 1099 317 1172 ἐπειδή
378 1103 562 1174 ξανθὸς
596 1105 630 1174 ἢ
697 1102 891 1166 λευκὸς
921 1104 949 1158 ὁ
983 1101 1156 1166 ἵππος
1216 1102 1349 1174 ἐστὶ,
1383 1102 1472 1159 διὰ
1501 1109 1660 1158 τοῧτο
1693 1102 1781 1157 καὶ

125 1198 324 1256 πάντες
354 1193 531 1264 ξανθοὶ
563 1194 616 1248 0i
642 1190 806 1248 ’ἕπποι
837 1190 873 1262 ἢ
903 1192 1109 1252 λευκοῖ.

1889 663 1988 717 sed
2015 662 2194 716 menti
2218 661 2617 718 adhaerescens
2635 668 2690 719 et
2713 681 2842 720 cum
2863 681 2931 720 ea
2953 667 3326 738 conjunctae,
3341 685 3550 741 quem-

1893 750 2208 805 admodum
2243 751 2393 805 etde
2425 751 2600 806 rebus
2623 753 2825 808 sensui
2857 755 3196 826 propositis,
3218 755 3301 811 illi
3325 758 3550 813 extrin-

1893 855 2062 895 secus
2094 838 2299 894 oblataa
2319 839 2660 910 impulsioni
2693 847 3002 899 consertus
3022 850 3079 898 et
3106 849 3415 903 contextus
3435 847 3550 904 col-

1895 927 2024 1000 ligit
2057 945 2122 983 ac
2152 927 2470 984 concludit.
2504 930 2694 999 Hujus
2724 930 2925 1004 itaque
2958 933 3171 990 mentis
3200 935 3310 990 etsi
3341 952 3551 993 omnes

1894 1032 2010 1070 non
2048 1032 2256 1071 sumus
2303 1022 2620 1088 compotes,
2667 1019 2767 1074 sed
2802 1021 2932 1090 ejus
2963 1021 3208 1093 vestigia
3235 1026 3464 1080 tantum
3493 1029 3552 1082 et

1893 1104 2207 1161 simulacra
2227 1107 2497 1177 quaedam
2523 1108 2592 1162 ad
2615 1124 2721 1163 nos
2745 1124 3074 1178 pervenere,
3094 1110 3178 1165 bis
3197 1117 3394 1168 autem
3411 1118 3553 1169 sunt

1895 1209 2241 1250 communes
2273 1195 2562 1266 notiones,
2595 1211 2743 1267 quas
2785 1197 2932 1253 citra
2962 1199 3548 1272 demonstrationem,

123 1283 343 1340 melius
377 1289 571 1340 tamen
603 1301 784 1357 quam
815 1283 908 1339 via
936 1285 1460 1342 demonstrationis
1510 1287 1846 1356 perspectas
1894 1281 2204 1340 habemus.
2253 1284 2604 1340 Communes
2651 1284 2830 1359 igitur
2877 1287 2962 1342 ha:
2996 1289 3282 1356 notiones,
3329 1296 3394 1347 ut
3422 1309 3548 1365 quas

119 1374 327 1428 omnia
359 1374 707 1446 pervadunt,
741 1374 1057 1430 manifesta
1085 1380 1226 1430 sunt
1256 1375 1471 1430 mentis
1501 1372 1824 1430 simulacra
1874 1376 1931 1427 et
1977 1373 2200 1443 species
2234 1389 2247 1426 :
2283 1390 2463 1444 quare
2493 1378 2551 1430 ot
2601 1376 2854 1430 scientiae
2907 1378 3261 1449 principium
3293 1387 3546 1438 mentem

115 1467 355 1534 vocant,
389 1480 525 1536 qua,
554 1480 623 1520 ea
652 1481 780 1536 quas
829 1463 1260 1538 intelliguntur,
1311 1463 1744 1537 cognoscimus.
1777 1461 2078 1526 Quzssierit
2128 1478 2298 1533 porro
2349 1462 2584 1535 aliquis,
2615 1481 2686 1518 an
2737 1482 2854 1521 non
2896 1466 3083 1538 possit
3133 1483 3202 1522 ex
3233 1469 3550 1540 particula-

117 1551 298 1607 ribus
330 1552 600 1608 universe
630 1551 899 1608 concludi
933 1570 947 1608 :
982 1569 1096 1609 non
1129 1553 1286 1609 enim
1320 1553 1457 1625 quia
1501 1551 1708 1624 spadix
1741 1553 1832 1606 est
1877 1549 1967 1606 vel
1998 1550 2170 1606 albus
2219 1567 2430 1624 equus,
2464 1568 2668 1608 omnes
2716 1553 2932 1610 idcirco
2962 1556 3234 1628 spadices
3282 1565 3382 1614 aut
3411 1560 3552 1616 alibi

117 1645 273 1697 sunt
301 1642 458 1713 equi.

201 1764 269 1824 Ei
299 1763 390 1820 οὖν
428 1766 504 1838 μὴ
540 1762 786 1836 δυνατὸν,
819 1765 988 1835 δῆλον
1023 1766 1107 1820 ὅτι
1139 1762 1264 1821 οὐδὲ
1302 1769 1336 1836 ἡ
1370 1763 1582 1821 διάνοια
1605 1766 1665 1820 τὸ
1696 1763 1778 1819 αἷ-

123 1854 332 1922 σθητὸν
389 1851 788 1924 ἀποδείκνυσιν,
848 1853 972 1910 ἀλλ’
1030 1851 1144 1909 οὐδ’
1198 1857 1233 1924 ἡ
1267 1854 1550 1933 φαντασία,
1600 1851 1778 1922 οὐδ⁹ἠ

123 1943 382 2014 αἴσθησις
438 1941 638 2016 πολλῷ
696 1943 930 2018 μᾶλλον·
993 1945 1191 2015 ἑκάστη
1241 1945 1342 2021 γὰρ
1397 1944 1630 2015 τοότῶν,
1694 1963 1782 2016 με·

1962 1765 2148 1836 Quod,
2177 1766 2227 1822 si
2257 1765 2527 1822 concludi
2569 1783 2683 1823 non
2738 1771 2948 1841 potest,
2984 1773 3209 1827 certum
3241 1777 3332 1828 est
3363 1790 3552 1847 neque

1894 1851 2260 1908 intellectum
2295 1869 2414 1908 rem
2447 1854 2647 1910 sensui
2675 1855 2964 1926 obiectam
2998 1857 3422 1930 demonstrare,
3446 1863 3547 1919 sed

1895 1958 2084 2014 neque
2107 1943 2501 2014 phantasiam,
2528 1961 2766 2000 sensum
2789 1962 2923 2001 vero
2947 1946 3135 2003 multo
3159 1947 3378 2005 minus.
3411 1949 3548 2007 Sin-

125 2033 287 2110 ρικόν
343 2054 398 2088 τι
426 2035 704 2109 γινώσκει.
759 2033 927 2098 Πόθεν
958 2031 1048 2087 οὖν
1082 2035 1116 2103 ἡ
1151 2031 1277 2106 δόξα
1305 2034 1369 2088 τὸ
1408 2030 1647 2089 καθόλου
1675 2036 1782 2088 τῶν

1917 2029 2015 2103 ςυὶί
2047 2031 2206 2086 enim
2239 2031 2297 2086 hi
2330 2031 2680 2103 particulare
2712 2032 2934 2105 aliquid
2968 2041 3348 2108 cognoscunt.
3383 2037 3547 2095 Unde

121 2123 410 2190 αἲσθητῶν
469 2121 862 2197 ἱπιγινώσκεη
941 2123 1030 2178 καὶ
1109 2123 1340 2198 λὲγομεν
1401 2122 1485 2178 ὅτι
1548 2121 1786 2194 μάλιστα

129 2214 232 2285 μὲν
279 2209 502 2268 δυνατὸν
534 2214 636 2282 τὴν
670 2209 934 2284 διάνοιαν,
985 2210 1075 2267 καὶ
1106 2212 1168 2267 τὸ
1224 2211 1277 2266 ἐν
1330 2218 1448 2275 τοῖς
1506 2211 1788 2281 αἰσθητοῖς

119 2298 370 2356 καθόλου
421 2300 872 2376 συλλογίσασθαι,
933 2301 1114 2377 ὥσπερ
1174 2299 1427 2372 ἐποίησεν
1484 2301 1789 2377 Ἀριστοτέ-

123 2389 242 2460 λης
275 2389 361 2445 ἐπὶ
420 2394 527 2445 τῶν
581 2388 811 2466 ἄστρων.
864 2387 1210 2462 Βουλόμενος
1257 2389 1362 2467 γὰρ
1397 2388 1479 2445 ὅτι
1532 2389 1792 2466 σφαιρικὰ

130 2476 332 2551 δεῖξαι,
390 2478 480 2533 καὶ
537 2477 949 2551 πιστωσάμενος
976 2482 1138 2533 τοῦτο
1166 2475 1237 2532 δι’
1295 2479 1435 2548 ἑνὸς,
1475 2485 1574 2548 τῆς
1632 2475 1790 2548 σελή-

126 2589 258 2639 νης,
309 2568 492 2642 φησίν
553 2569 643 2632 Ὠς
694 2567 794 2644 γὰρ
851 2567 939 2622 ἐπὶ
987 2572 1094 2622 τῶν
1156 2567 1462 2641 ὁμοουσίων
1514 2567 1596 2644 ἐφ’
1653 2567 1790 2638 ὲνὸς,

129 2657 346 2732 ἀνάγκη
415 2659 506 2711 καὶ
583 2655 670 2710 ἐπὶ
742 2655 957 2711 πάντων
1034 2657 1190 2725 εἶναι,
1263 2657 1531 2731 ὁμου-ὅσια
1589 2653 1646 2710 δὲ
1701 2654 1792 2709 καὶ

130 2746 317 2800 πάντα
373 2747 440 2800 τά
496 2743 686 2822 ἄστρα,
741 2742 910 2815 δῆλον
993 2743 1076 2800 ὅτι
1145 2752 1246 2815 τῆς
1321 2746 1576 2817 σελήνης,
1641 2765 1795 2819 σφαι-

137 2840 308 2907 ρικῆς
369 2833 679 2910 δειχθείσης
716 2877 730 2903 ,
799 2834 888 2889 καὶ
963 2837 1029 2889 τά
1110 2831 1253 2891 ἄλλα
1321 2832 1796 2890 συναποδέδεικται

135 2925 403 3001 σφαιρικά
438 2967 451 2981 .
513 2922 693 2980 Ἀλλά
746 2923 836 2979 καὶ
893 2925 1096 2979 καπνόν
1150 2945 1236 2987 τις
1298 2922 1428 2979 ἰδὼν
1461 2968 1474 2994 ,
1531 2921 1795 2996 συλλογί-

134 3018 289 3081 ζεται
341 3012 423 3066 ὅτι
477 3011 566 3067 καὶ
627 3017 734 3088 πῦρ
796 3011 846 3067 ἐν
898 3018 977 3085 τῷ
1031 3014 1186 3086 τόπῳ
1251 3015 1514 3090 ὑπάρχεις
1570 3009 1792 3080 Ἐπειδή

131 3101 285 3176 γάρ,
346 3101 514 3178 φησὶ,
581 3102 784 3164 καπνός
838 3101 948 3156 ἐστι
983 3148 998 3172 ,
1046 3107 1150 3166 πᾶς
1208 3100 1264 3157 δῖε
1320 3102 1523 3164 καπνὸς
1584 3099 1644 3156 ἐκ
1703 3121 1798 3155 πυ-

139 3189 264 3262 ρός’
325 3188 377 3244 ἐν
423 3193 502 3261 τῷ
551 3191 931 3264 καπνιζομένῳ
985 3189 1087 3265 ἄρα
1138 3190 1292 3263 τόπῳ
1352 3189 1462 3246 ἐστὶ
1523 3189 1611 3245 καὶ
1665 3193 1792 3263 πῦρ.

135 3281 309 3341 Ἴσως
361 3279 455 3351 μὲν
512 3276 625 3350 οὖν,
663 3280 794 3353 ὅπερ
846 3277 1074 3358 ἔφημεν,
1123 3281 1222 3348 τὴν
1273 3277 1514 3335 διάνοιαν
1565 3276 1795 3347 δυνατὴν

138 3365 465 3440 περίτινων
517 3365 811 3439 αἰσθητῶν,
863 3367 911 3422 si
951 3369 1039 3422 καὶ
1093 3369 1167 3441 μή
1228 3367 1313 3422 ἐπὶ
1372 3368 1613 3437 πάντων,
1663 3365 1794 3423 συλ-

138 3453 462 3529 λογίζεσθαι
522 3455 587 3510 τὸ
642 3454 903 3511 καθόλου.
965 3455 1118 3524 Πλὴν
1166 3457 1253 3510 καὶ
1312 3458 1347 3525 ἡ
1394 3454 1591 3532 λογική
1641 3454 1794 3529 ψυχὴ

142 3544 621 3616 συνουσιωμὲνους
671 3542 786 3620 ἔχει
815 3544 946 3606 τοὺς
973 3542 1172 3621 λόγους
1203 3549 1309 3599 τῶν
1361 3545 1695 3620 πραγμάτων
1749 3541 1802 3597 ἰν

142 3632 342 3706 ἑαυτῇ.
377 3633 473 3687 Atii
505 3631 562 3687 δὲ
589 3633 653 3687 τὸ
678 3630 1093 3688 καταδεδυκέναι
1123 3632 1176 3688 ἐν
1199 3636 1267 3707 τῇ
1301 3632 1432 3708 ὕλῃ,
1484 3633 1595 3687 οἷον
1626 3630 1807 3706 ἐγκατ-

148 3720 406 3796 εχώσθη,
456 3720 636 3796 ὥσπερ
697 3722 748 3774 οἱ
801 3720 853 3775 ἐν
905 3725 974 3795 τῇ
1029 3723 1199 3800 τέφρᾳ
1249 3723 1613 3796 κρυπτόμενοι
1651 3741 1807 3774 σπιν-

149 3813 340 3879 Θῆρες.
401 3812 603 3884 ’Ὠσπερ
659 3807 748 3864 οὗν
812 3808 938 3866 ὅταν
980 3831 1063 3872 τις
1113 3811 1306 3885 μικρὸν
1352 3810 1450 3879 τήν
1481 3809 1680 3885 τέφραν
1724 3806 1808 3863 δι-

149 3898 326 3975 ορύξῃ
383 3900 411 3952 ὁ
461 3899 689 3973 σπινθὴρ
723 3897 879 3960 εὐθὺς
908 3897 1240 3972 ἀναλάμπει,
1287 3899 1375 3953 καὶ
1428 3897 1536 3974 οὐχ
1565 3900 1593 3953 ὁ
1627 3895 1810 3973 διορῦ-

148 3989 252 4060 ξας
309 3986 399 4041 τὸν
458 3994 729 4063 σπινθῆρα
770 3985 1050 4058 ἐποίησεν,
1106 3986 1254 4044 ἀλλὰ
1287 3985 1451 4060 μόνον
1482 3987 1549 4042 τά
1579 3983 1810 4060 ἐμποδί-

153 4084 324 4146 ζοντα
410 4075 626 4132 ἕπαυσε.
713 4077 822 4134 Τὸν
912 4076 1072 4132 αὐτὸν
1148 4077 1353 4152 τρόπον
1418 4076 1509 4131 καὶ
1566 4078 1602 4144 ἡ
1663 4071 1810 4144 δόξα,

152 4163 524 4239 ἐρεθιζομὲνη
598 4165 701 4220 ὑπὸ
768 4173 872 4234 τῆς
937 4165 1261 4236 αἰσθήσεως,
1318 4159 1624 4240 προϐάλλει
1690 4163 1815 4224 τοὺς

149 4255 370 4328 λόγους
417 4258 524 4308 τῶν
579 4249 767 4311 ὄντων.
826 4253 986 4310 Οὕτω
1015 4255 1106 4309 καὶ
1134 4253 1263 4317 τοὺς
1293 4251 1656 4314 διδασκάλους
1688 4250 1814 4330 φασὶ

154 4345 245 4419 μή
308 4343 408 4411 τήν
456 4347 654 4418 γνῶσιν
694 4345 829 4417 ἡμῖν
888 4340 1176 4416 ἐντιθέναι,
1232 4341 1378 4399 ἀλλὰ
1432 4343 1532 4411 τὴν
1599 4339 1819 4396 ἐνοῦσαν

149 4435 308 4506 ἡμῖν
351 4432 442 4486 καὶ
489 4433 602 4486 οἷον
652 4432 1059 4504 κρυπτομένην,
1121 4432 1412 4510 ἐκφαίνειν·
1460 4429 1576 4486 ἐπεὶ
1635 4429 1681 4484 εἰ
1740 4431 1816 4502 μή

150 4525 306 4592 ἦσαν
345 4520 403 4575 ἐν
453 4522 592 4593 ἡμῖν
639 4521 690 4574 οἱ
721 4525 826 4576 τῶν
856 4517 1026 4576 ὄντων
1056 4520 1236 4598 λόγοι,
1297 4519 1440 4576 διατί
1471 4514 1819 4583 συναισθανὸ-

158 4621 334 4684 μεθα,
389 4608 514 4663 ὅταν
573 4629 655 4668 τις
703 4609 849 4685 παρὰ
919 4609 1018 4678 τὴν
1076 4613 1184 4664 τῶν
1262 4608 1594 4685 πραγμάτων
1664 4607 1819 4685 φύσιν

155 4698 538 4773 διαλέγηται,
589 4697 678 4753 καὶ
736 4696 902 4753 πάλιν
961 4699 1123 4764 πόθεν
1152 4699 1518 4776 προκρίνομεν
1567 4696 1661 4752 δύο
1703 4694 1820 4752 διας

1895 2121 2079 2192 igitur
2107 2119 2304 2192 opinio
2335 2137 2428 2176 res
2451 2137 2734 2180 sensuum
2765 2123 3034 2180 universe
3064 2126 3413 2199 cognoscit?
3441 2144 3546 2184 cur

1897 2209 2155 2265 diximus
2204 2209 2458 2265 maxime
2508 2226 2680 2283 posse
2728 2211 3092 2269 intellectum
3124 2232 3218 2272 res
3265 2233 3551 2273 sensuum

1899 2299 2169 2354 universe
2215 2298 2582 2366 concludere,
2613 2304 2678 2356 ut
2708 2299 2766 2355 in
2809 2301 2986 2357 astris
3023 2301 3364 2360 Aristoteles
3396 2306 3552 2362 fecit.

1900 2390 2040 2443 Cum
2074 2387 2229 2443 enim
2247 2386 2574 2444 orbiculata
2589 2404 2656 2444 ea
2673 2404 2801 2444 esse
2823 2390 3230 2448 demonstrare
3251 2392 3446 2461 vellet,
3465 2394 3554 2450 id-

1901 2493 2015 2549 que
2047 2493 2149 2548 per
2178 2493 2361 2532 unum
2393 2491 2462 2531 ex
2491 2476 2607 2546 his,
2641 2476 2865 2545 lunam,
2896 2480 3294 2553 conﬁrmaret,
3326 2483 3428 2552 ait,
3459 2484 3556 2540 Rc-

1901 2583 2024 2621 rum
2073 2565 2310 2635 eiusdem
2357 2566 2688 2624 substantiae
2725 2567 2866 2638 quod
2913 2575 2994 2624 est
3045 2585 3106 2624 in
3155 2571 3366 2643 aliqua,
3399 2572 3456 2627 id
3498 2574 3562 2628 in

1902 2655 2152 2711 omnibus
2179 2670 2296 2710 esse
2325 2671 2535 2710 necesse
2563 2663 2642 2710 est
2672 2673 2691 2710 :
2723 2663 2780 2710 at
2808 2656 3051 2728 ejusdem
3089 2673 3203 2714 esse
3231 2661 3562 2718 substantiae

1904 2749 2057 2799 astra
2094 2759 2279 2798 omnia
2308 2743 2735 2799 demonstratum
2767 2747 2866 2799 est.
2911 2746 3048 2802 Cum
3081 2745 3255 2817 igitur
3281 2749 3560 2806 orbicula-

1903 2850 2019 2888 rem
2061 2849 2176 2888 esse
2223 2833 2414 2887 lunam
2465 2833 2908 2889 demonstratum
2955 2836 3050 2905 sit,
3082 2835 3148 2891 de
3188 2837 3322 2893 aliis
3368 2839 3562 2896 itidem

1904 2925 2069 2977 astris
2093 2925 2344 2993 confecta
2385 2939 2474 2977 res
2505 2927 2603 2988 est,
2636 2939 2701 2978 ea
2742 2940 2858 2979 esse
2886 2925 3216 2981 orbiculata.
3249 2926 3352 2982 Sed
3379 2931 3435 2983 et
3463 2930 3562 3000 qui

1901 3015 2122 3082 fumum
2173 3010 2338 3081 videt,
2388 3013 2470 3066 ibi
2523 3013 2688 3067 etiam
2745 3013 2869 3081 loci,
2929 3015 3110 3084 ignem
3161 3031 3279 3072 esse
3327 3017 3557 3089 colligit.

1906 3100 2152 3170 Quando,
2202 3100 2408 3173 inquit,
2438 3102 2626 3171 fumus
2671 3111 2771 3169 est,
2803 3103 2985 3158 omnis
3031 3111 3216 3160 autem
3260 3108 3447 3176 fumus
3489 3122 3562 3162 ea:

1905 3191 2030 3260 igni
2064 3199 2162 3245 est.
2205 3191 2264 3244 ιη
2310 3191 2559 3260 fumante
2606 3191 2782 3258 igitur
2812 3192 2945 3258 loco,
2999 3193 3143 3263 ignis
3185 3197 3288 3249 est.
3338 3195 3560 3251 Forsan

1907 3277 2106 3350 igitur,
2140 3277 2294 3348 quod
2329 3276 2688 3332 intellectum
2723 3277 2982 3334 diximus
3013 3296 3184 3350 posse
3215 3281 3286 3336 de
3309 3281 3564 3354 quihus-

1909 3367 2045 3421 dam
2073 3366 2274 3421 sensui
2306 3365 2574 3436 objectis,
2599 3364 2706 3421 etsi
2735 3383 2845 3421 non
2873 3367 2942 3423 de
2970 3367 3269 3436 omnibus,
3293 3370 3567 3428 universe

1911 3453 2278 3523 concludere,
2313 3459 2700 3524 praetereaque
2732 3457 2932 3511 anima
2981 3457 3227 3514 rationis
3275 3459 3567 3532 particeps

1915 3559 2109 3599 rerum
2140 3543 2198 3596 in
2231 3558 2293 3597 se
2317 3543 2571 3597 rationes
2597 3543 2771 3598 habet
2801 3544 3011 3601 insitas
3042 3562 3053 3600 :
3087 3549 3240 3618 quod
3271 3565 3405 3604 vero
3436 3564 3568 3604 ma-

1916 3632 2074 3687 teriai
2100 3631 2378 3686 immersa
2397 3631 2496 3696 sit,
2517 3630 2695 3686 veluti
2725 3632 2834 3688 sub
2868 3638 3084 3690 terram
3106 3636 3342 3692 defossa
3361 3641 3470 3702 est,
3508 3640 3572 3692 ut

1917 3722 2109 3775 cinere
2129 3718 2396 3788 sepultus
2421 3719 2594 3790 ignis.
2618 3720 3124 3783 Quemadmodum
3145 3723 3347 3796 igitur,
3366 3725 3415 3781 si
3436 3723 3571 3795 quis

1919 3811 2172 3865 cinerem
2207 3807 2446 3880 paulum
2494 3808 2824 3878 dimoverit,
2855 3811 3114 3868 scintilla
3142 3811 3300 3869 illico
3329 3814 3522 3870 elucet
3555 3831 3570 3871 :

1921 3896 2240 3954 scintillam
2290 3901 2484 3952 tamen
2535 3914 2650 3952 non
2683 3897 2834 3966 fecit,
2867 3899 2967 3971 qui
3017 3900 3271 3957 cinerem
3303 3902 3570 3970 dimovit,

1921 3987 2022 4042 sed
2059 3990 2288 4040 tantum
2313 3985 2736 4056 impedimenta
2759 3987 3004 4043 removit
3033 4005 3047 4044 :
3083 3990 3152 4045 ad
3173 4007 3310 4047 eum
3334 3992 3576 4048 modum

1919 4081 1980 4131 et
2009 4075 2202 4145 Opinio
2232 4091 2262 4128 a
2289 4090 2465 4129 sensu
2499 4074 2766 4143 excitata,
2817 4092 3011 4133 rerum
3044 4080 3302 4136 rationes
3333 4081 3570 4152 profert.

1925 4167 2012 4220 Ita
2039 4168 2095 4218 et
2127 4163 2446 4234 magistros
2475 4162 2680 4218 dicunt
2710 4166 3099 4236 cognitionem
3134 4168 3302 4225 nobis
3334 4186 3450 4225 non
3482 4169 3578 4224 in-

1925 4253 2082 4322 dere,
2114 4251 2215 4306 sed
2268 4268 2393 4322 quae
2440 4251 2610 4306 nobis
2657 4251 2832 4324 inest,
2881 4259 2940 4310 et
2979 4254 3160 4312 veluti
3213 4257 3424 4314 obruta
3469 4263 3580 4325 est,

1925 4359 2053 4398 eam
2088 4341 2344 4413 proferre
2375 4357 2440 4396 ac
2480 4341 2786 4397 ostendere
2814 4359 2827 4398 :
2861 4345 3002 4413 quia
3031 4343 3142 4400 nisi
3188 4347 3356 4402 nobis
3385 4362 3583 4402 rerum

1931 4430 2186 4486 rationes
2217 4430 2496 4498 inessent,
2544 4432 2719 4495 unde,
2751 4448 2884 4488 cum
2936 4432 3152 4506 aliquis
3183 4451 3486 4509 perperam
3519 4452 3587 4492 ac

1932 4526 2142 4592 praeter
2173 4535 2370 4574 rerum
2406 4524 2678 4576 naturam
2722 4521 2979 4590 disserit,
3014 4523 3306 4581 sentimus
3336 4524 3590 4580 omnes?

1934 4626 2163 4673 rursus,
2196 4624 2302 4663 cur
2329 4609 2399 4662 de
2443 4608 2696 4677 duobus,
2731 4609 2831 4681 qui
2878 4611 3198 4682 disserunt,
3232 4612 3334 4684 qui
3362 4612 3593 4684 potiora

1936 4698 2099 4762 dicit,
2139 4714 2273 4752 eum
2306 4697 2473 4752 alteri
2525 4699 2988 4770 anteponimus?
3037 4701 3095 4755 Si
3126 4702 3284 4757 enim
3336 4700 3499 4758 nulla
3527 4699 3588 4755 in

156 4761 648 4864 lss{0|iévmv,'1bv
698 4787 764 4843 τά
820 4761 1346 4863 ἀμείνω-λεγόντας
1401 4761 1461 4844 Ei
1490 4789 1592 4862 γάρ
1636 4784 1793 4859 μηδεί

1940 4761 2109 4844 nobis
2143 4801 2336 4840 rerum
2371 4786 2520 4840 ratio
2555 4761 2779 4854 fuisset,
2818 4804 2942 4860 quae
2974 4806 3008 4844 a
3035 4788 3465 4846 disserentibus
3493 4806 3591 4846 ex-

155 4881 235 4948 ἦν
289 4878 416 4951 παρ’
472 4878 611 4950 ἡμῖν
661 4880 768 4932 τῶν
822 4878 1157 4953 πραγμάτων
1209 4877 1374 4952 λόγος
1407 4923 1420 4943 ,
1477 4877 1536 4939 ὃς
1587 4875 1822 4948 ἐρεθιζό-

162 4987 337 5043 μενος
396 4965 502 5020 ὗπὸ
556 4969 664 5020 τῶν
723 4962 1279 5042 προσδιαλεγομένων
1339 4964 1670 5038 ἀνέλαμπεν,
1730 4963 1830 5018 οὑκ

161 5057 232 5112 ἂν
317 5053 607 5125 ἀληθεύειν
684 5052 842 5110 τόνδε
921 5052 1082 5109 τοῦδε
1160 5053 1373 5128 μᾶλλον
1451 5053 1486 5123 ἢ
1543 5050 1828 5128 ψεύδεσθαι

157 5149 463 5202 κατανοεῖν
519 5140 854 5217 ἠδυνάμεθα.
915 5141 1100 5206 Οὕτως
1161 5141 1252 5198 οὖν
1310 5143 1402 5198 καὶ
1449 5145 1484 5211 ἡ
1547 5139 1676 5213 δόξα
1729 5148 1830 5211 τῆς

163 5235 487 5304 αἰσθήσεως
551 5231 857 5306 μαθοόσης,
913 5230 995 5287 ὅτι
1054 5233 1083 5288 ὁ
1135 5229 1284 5288 δεῖνα
1331 5231 1420 5286 καὶ
1475 5233 1504 5286 ὁ
1557 5228 1704 5285 δεῖνα
1759 5227 1837 5284 δί-

163 5346 283 5380 που
322 5369 337 5391 ,
400 5320 732 5396 ὲρεθισθεῖσα
791 5321 879 5376 ὑπ’
936 5319 1105 5392 αὐτῆς
1173 5321 1484 5395 ἀνεμνήσθη
1521 5364 1535 5391 ,
1604 5321 1688 5375 ὅτι
1746 5320 1835 5374 καὶ

162 5419 281 5470 πᾶν
333 5411 400 5466 τὸ
450 5410 689 5490 ὁμοφυὶς
745 5407 959 5485 δίπουν,
1018 5408 1233 5484 μᾶλλον
1295 5409 1352 5464 δὲ
1400 5410 1834 5487 προσφυὲστερον

165 5505 381 5570 ἀπεῖν,
432 5503 600 5555 ταῦτα
649 5499 824 5555 κοιναί
875 5499 1007 5555 εἰσιν
1053 5497 1250 5556 ἔννοιαι
1298 5501 1387 5555 καὶ
1433 5504 1529 5555 τοῦ
1576 5504 1672 5553 νοῦ
1705 5499 1840 5553 ἁπο-

168 5592 517 5662 σκιάσματα.
601 5593 710 5645 BEV
758 5589 861 5666 γὰρ
919 5588 1050 5666 ὅπερ
1094 5587 1255 5664 ’ἐσμεν
1313 5595 1556 5660 κρεῖττον
1615 5588 1649 5656 ἢ
1709 5588 1843 5642 κατὰ

165 5675 482 5750 ἀπόδειξιν,
559 5680 718 5733 τοῦτο
767 5677 904 5734 κατὰ
945 5677 1134 5748 κοινὴν
1188 5675 1397 5733 ἔννοιαν
1444 5677 1602 5752 ’ἐσμεν
1632 5697 1643 5708 ·
1701 5677 1733 5730 ἃ
1786 5672 1844 5732 δὲ

167 5767 408 5838 δείξεως
480 5762 648 5822 δεῖται
708 5767 784 5830 εἷς
838 5767 902 5822 τὸ
953 5768 1314 5844 γνωσθῆναι,
1386 5763 1470 5822 ὅτι
1520 5765 1726 5822 τούτων
1779 5764 1846 5820 τὰ

521 5898 779 5961 ΡΑτιιοι..
829 5900 940 5961 Gs.
987 5895 1220 5962 CXXII.

1936 4876 2113 4931 citata
2133 4873 2482 4941 refulsisset,
2509 4890 2815 4945 nunquam
2838 4875 3062 4933 veriora
3085 4877 3181 4933 illo
3203 4877 3361 4935 hunc
3377 4879 3592 4948 dicere,

1938 4962 2026 5019 vel
2059 4961 2317 5028 mentiri,
2350 4962 2812 5019 animadvertere
2835 4966 3257 5036 potuissemus.
3289 4967 3385 5023 Sic
3415 4966 3595 5038 igitur

1941 5052 2159 5125 Opinio,
2195 5050 2292 5106 ubi
2307 5055 2538 5120 :sensus
2567 5053 2825 5124 percepit
2856 5053 3012 5110 hunc
3041 5059 3098 5111 et
3125 5053 3290 5110 illum
3321 5053 3594 5128 bipedem

1941 5153 2094 5210 esse,
2127 5141 2199 5197 ab
2227 5157 2294 5196 eo
2325 5141 2599 5209 excitata,
2649 5141 3051 5199 reminiscitur
3093 5159 3299 5200 omnes
3327 5143 3596 5216 ejusdem

1945 5231 2181 5305 generis
2212 5229 2450 5301 bipedes
2477 5246 2623 5287 esse.
2656 5233 2725 5286 At
2755 5233 3190 5290 accomodatius
3220 5234 3292 5290 ad
3327 5239 3600 5291 naturam

1946 5321 2197 5387 dicatur,
2233 5319 2337 5376 has
2385 5336 2514 5376 esse
2564 5336 2911 5378 communes
2962 5323 3252 5392 notiones,
3282 5329 3338 5380 et
3386 5323 3604 5380 mentis

1950 5408 2428 5466 adumbrationes
2481 5415 2660 5482 atque
2706 5411 3045 5468 simulacra.
3097 5412 3392 5485 Quidquid
3445 5413 3602 5470 enim

1950 5499 2163 5557 melius
2179 5515 2354 5570 quam
2373 5517 2474 5571 per
2491 5500 3054 5557 demonstrationem
3077 5501 3383 5570 scimus,id
3404 5519 3609 5559 secun-

1951 5590 2092 5645 dum
2126 5603 2499 5645 communem
2535 5590 2830 5645 notionem
2865 5590 3107 5647 scimus.
3135 5592 3274 5657 Quae
3292 5596 3489 5648 autem
3512 5590 3610 5647 de.

1955 5675 2378 5735 monstratione
2422 5677 2690 5750 indigent
2737 5687 2799 5734 ut
2846 5684 3296 5751 cognoscantur,
3326 5678 3607 5752 quoniam

1953 5767 2160 5824 horum
2186 5763 2594 5823 conclusiones
2608 5766 2754 5824 citra
2773 5768 3438 5838 demonstrationem,ea
3460 5765 3614 5825 scire

3216 5900 3293 5959 33
