4060 6348
507 411 662 473 1039

1836 407 2261 469 MItIHAELlS
2309 407 2577 467 PSELLI

3758 400 3910 461 1040

504 539 970 613 concupiscentis
994 538 1149 594 hunc
1165 536 1250 592 vel
1273 536 1436 593 illum
1451 538 1733 605 cibum,et
1750 538 2143 607 concubitum,

2266 534 2353 590 καὶ
2386 535 2552 611 γονὴν
2582 534 2863 608 προίεσθαι
2902 533 3330 602 ἀνεπαισθῆτως·
3363 538 3462 601 τῆς
3513 527 3571 585 ὂὶ
3620 529 3908 601 ἐπιθυμίας

506 636 681 704 atque
706 628 944 686 omnino
974 626 1352 698 voluptatem.
1388 630 1469 681 An
1518 628 1694 698 igitur
1755 645 1909 683 unus
1966 632 2056 682 est
2097 630 2154 681 et

504 720 679 789 idem,
712 719 963 773 duarum
1013 715 1355 771 facultatum
1388 715 2153 788 etfectus,’concupiscentis

502 815 560 867 et
586 809 946 881 vegetantis;
981 824 1052 862 an
1084 806 1326 878 planum
1360 813 1447 862 est
1480 825 1593 863 non
1625 825 1754 863 esse
1784 824 1968 862 unum
1990 808 2016 861 ‘?
2050 806 2149 861 sed

502 898 681 969 hujus
698 902 928 953 tantum
947 901 1057 963 est,
1083 895 1166 951 vel
1185 895 1373 962 cibus,
1400 897 1485 952 vel
1511 896 1753 952 seminis
1775 898 1995 962 ﬂuxus;
2021 912 2153 951 con-

502 986 858 1059 cupiscentia
902 990 1122 1049 autem,
1171 984 1488 1057 voluptas:
1525 991 1590 1041 ut
1640 986 1747 1041 hac
1797 985 2153 1058 appetentia,

503 1075 895 1131 conditionem
927 1078 1187 1130 nostram
1240 1091 1537 1130 servemus
1567 1079 1623 1130 et
1661 1075 1892 1147 generis
1924 1090 2152 1129 succes-

502 1164 749 1220 sionem.
783 1165 927 1221 Cum
969 1179 1101 1218 vero
1136 1162 1280 1217 ratio
1331 1162 1639 1234 cupiditati
1694 1163 1889 1232 servit,
1925 1161 2152 1216 nullum

502 1269 631 1310 esse
662 1253 841 1324 hujus
869 1252 1114 1309 actionis
1140 1253 1440 1324 pr0prium
1473 1253 1648 1308 linem
1674 1253 1825 1320 dico,
1861 1251 1995 1324 quia
2020 1268 2157 1323 prie.

500 1346 590 1398 ter
620 1348 892 1397 naturam
924 1343 1186 1414 ipsorum
1223 1341 1513 1412 ejusmodi
1562 1342 1710 1397 actio
1742 1346 1851 1396 est.
1884 1344 2017 1405 Quae
2050 1357 2153 1395 au-

500 1437 619 1488 tem
644 1435 851 1503 praeter
874 1435 1145 1487 naturam
1167 1435 1327 1496 sunt,
1351 1431 1421 1485 ad
1445 1430 1613 1485 linem
1639 1430 1783 1485 nihil
1804 1430 2152 1485 conterunt:

503 1536 641 1575 nam
676 1524 739 1576 ut
777 1519 1011 1589 ancilla,
1046 1536 1161 1575 non
1210 1536 1410 1588 suum,
1442 1520 1543 1575 sed
1589 1520 1929 1592 cupiditatis
1978 1518 2154 1573 ﬁnem

503 1614 748 1681 spectat,
779 1608 1154 1679 voluptatem.
1187 1608 1384 1680 Neque
1405 1626 1537 1665 vero
1570 1626 1677 1665 nos
1708 1608 2022 1680 quisquam
2052 1606 2157 1660 illa

502 1698 911 1770 imperitorum
946 1698 1252 1753 hominum
1280 1698 1648 1754 dubitatione
1671 1695 2002 1768 interpellet
2034 1712 2045 1750 :
2082 1711 2154 1750 an

500 1786 702 1859 igitur,
735 1792 853 1842 tres
883 1786 1111 1843 animus
1160 1787 1445 1843 habemus
1474 1792 1530 1842 et
1561 1806 1594 1842 ιι
1624 1787 1812 1842 tribus
1854 1783 2157 1858 regimur?

504 1877 849 1948 Rcspondeo
880 1876 1059 1944 enim,
1095 1877 1599 1947 quemadmodum
1653 1875 1790 1930 huic
1841 1876 2156 1946 conjuncta

503 1966 731 2038 corpori
762 1966 983 2032 anima,
1020 1982 1138 2021 rem
1172 1982 1348 2020 unam
1403 1982 1535 2021 cum
1573 1982 1639 2021 eo
1673 1965 1861 2020 facere
1891 1964 2154 2032 videtur;

504 2071 567 2111 re
598 2060 789 2110 autem
825 2054 974 2126 ipsa,
1009 2070 1190 2108 unum
1219 2071 1332 2109 non
1367 2059 1492 2109 est:
1520 2054 1603 2109 ita
1631 2070 1767 2109 cum
1801 2053 2044 2109 rationis
2068 2069 2157 2107 εικ-

505 2148 688 2216 perte,
722 2146 778 2197 et
807 2146 1109 2214 vegetante
1129 2141 1446 2212 cohaerens,
1476 2159 1652 2197 unam
1677 2143 1996 2213 quamdam
2020 2158 2157 2198 con-

505 2232 840 2288 tinuitatem
873 2230 1008 2285 facit
1030 2235 1264 2302 propter
1280 2232 1720 2288 connexionem.
1749 2231 1893 2286 Nam
1924 2248 1954 2286 a
1983 2230 2154 2286 ratio-

508 2320 712 2389 nabili,
744 2319 991 2374 rationis
1029 2335 1233 2392 expers
1283 2320 1520 2376 assidue
1566 2321 1875 2392 dependet,
1909 2320 1978 2375 ab
2012 2321 2153 2375 irra-

504 2408 773 2465 tionabili
804 2412 1079 2481 vegetans
1111 2426 1124 2463 :
1160 2424 1289 2481 quae
1320 2410 1457 2481 quia
1489 2416 1726 2483 propter
1774 2409 1931 2465 illam
1966 2410 2152 2465 colite.-

508 2498 757 2555 rentiam
789 2498 992 2553 eadem
1014 2515 1131 2553 una
1158 2498 1485 2569 patiuntur,
1508 2517 1683 2555 unam
1707 2517 1835 2555 esse
1865 2500 2150 2567 dicimus;

505 2586 641 2661 quia
700 2587 923 2644 caeteris
974 2588 1364 2660 potestatibus
1410 2592 1688 2660 tanquam
1742 2588 2151 2645 instrumentis

505 2678 693 2734 utitur
721 2675 963 2732 rationis
992 2692 1229 2748 compos
1259 2677 1483 2735 anima.

574 2767 790 2822 Harum
809 2769 1001 2820 autem
1023 2768 1400 2835 potestatum,
1422 2782 1621 2821 earum
1642 2765 1769 2821 dico
1788 2782 1909 2835 quae
1930 2764 2151 2820 ratione

499 2860 721 2921 carent,
743 2858 801 2910 et
821 2854 1244 2926 vegetantium,
1264 2853 1391 2909 aliae
1412 2855 1482 2909 ad
1512 2853 1915 2910 rationabilem
1939 2855 2148 2927 magis,

497 2942 624 3000 alia
657 2943 856 2998 minus
882 2944 1196 2998 accedunt:
1220 2943 1651 2999 irrationabiles
1672 2944 1909 3015 quidem
1936 2943 2145 3015 magis,

496 3032 632 3104 quia
663 3031 871 3088 rationi
904 3032 1236 3088 auscultare
1267 3032 1475 3087 solent.
1510 3032 1717 3097 Quare,
1752 3049 1886 3087 cum
1918 3032 2147 3103 cupidi-

496 3124 649 3178 tates
677 3122 1074 3192 increpamus,
1107 3122 1535 3177 mansuetiores
1565 3138 1663 3178 eas
1696 3121 2018 3177 reddimus.

569 3259 794 3312 Pectore
820 3272 1092 3328 percusso,
1123 3256 1317 3313 cordia
1348 3257 1697 3327 increpitavit
1732 3256 1962 3328 Ulysses.

497 3366 576 3434 at,

564 3471 688 3527 Haec
717 3471 921 3542 anime,
951 3471 1061 3526 haec
1090 3473 1255 3526 etiam
1277 3471 1556 3543 quondam
1585 3472 1843 3542 graviora
1870 3471 2069 3526 tulisti.

492 3697 550 3750 et
577 3693 968 3766 complurima
996 3693 1287 3765 ejusmodi
1322 3711 1335 3748 :
1370 3695 1465 3749 sed
1500 3694 1641 3765 quid
1674 3693 1803 3749 dico
1835 3695 1889 3749 in
1926 3694 2143 3750 nobis?

490 3783 687 3838 multa;
707 3784 959 3838 ferarum
973 3782 1232 3838 humano
1247 3799 1513 3838 sermone
1528 3784 1956 3838 mansuetiores
1971 3784 2003 3837 fi
2016 3788 2138 3840 unt.

488 3863 563 3926 At
590 3875 943 3943 vegetantes,
968 3876 1031 3926 ut
1056 3888 1183 3943 qum
1210 3887 1538 3927 sermonem
1562 3889 1676 3926 non
1700 3872 1970 3939 audiunt,
1996 3890 2027 3926 a
2050 3889 2139 3927 ra-

487 3958 666 4015 tionis
697 3964 963 4032 compote
993 3960 1192 4015 anima
1210 3958 1551 4014 remotiores
1583 3964 1749 4014 sunt:
1776 3977 1963 4032 neque
1984 3961 2138 4016 enim

489 4049 789 4119 praescribi
822 4052 1015 4120 potest
1057 4047 1243 4103 altrici
1280 4047 1554 4120 potestati
1586 4050 1777 4119 qucad
1828 4048 1983 4118 alat;
2035 4067 2141 4105 ne-

490 4153 604 4209 que
651 4137 917 4204 auctrici,
950 4141 1238 4208 quantum
1293 4142 1541 4208 augeat;
1592 4154 1779 4209 neque
1828 4138 2140 4209 generandi

488 4225 762 4296 potestati
810 4243 823 4281 :
875 4224 1157 4281 nimirum
1213 4242 1324 4280 non
1378 4225 1567 4297 ipsam
1616 4232 1985 4297 potestatem,
2036 4229 2137 4283 sed

488 4313 869 4383 cupiditatem
891 4312 1364 4385 comprimimus:
1393 4319 1648 4387 potestas
1670 4315 1822 4371 enim
1851 4315 2141 4371 nihilomi-

490 4417 603 4456 nus
636 4405 856 4471 manet,
889 4401 997 4457 etsi
1042 4419 1156 4457 non
1190 4408 1341 4473 agat.
1376 4407 1469 4458 Hae
1519 4404 1713 4476 itaque
1757 4410 1898 4459 sunt
1930 4406 2140 4461 animae

485 4494 827 4561 potestates,
862 4490 1269 4558 rationabiles,
1301 4493 1759 4563 irrationabiles,
1782 4498 2138 4566 vegetantes.

476 4579 735 4635 Animam
755 4579 996 4651 quidam
1015 4582 1219 4637 dicunt
1237 4582 2133 4656 incorpoream,quidamcorpus:

479 4684 680 4723 eorum
706 4669 806 4740 qui
828 4669 1169 4742 corpus,a1ii
1195 4671 1467 4743 simplex,
1488 4671 1585 4725 alii
1610 4654 2143 4743 compositumvzeo-
2175 4654 2218 4717 Β

480 4774 613 4813 rum
636 4760 897 4831 vero,qui
920 4761 1335 4832 compositum,
1366 4760 1561 4830 alii,ex
1578 4763 1854 4818 connexis
1880 4765 2143 4836 corpori-

481 4846 614 4917 bus,
636 4846 733 4902 alii
756 4864 825 4903 ex
849 4866 961 4905 non
984 4849 1335 4920 conjunctis.
1362 4855 1599 4921 Eorum,
1625 4850 1725 4922 qui
1748 4852 1997 4923 simplex
2020 4871 2141 4909 cor-

482 4952 593 5006 pus
609 4936 862 4994 animam
886 4954 1015 4993 esse
1032 4938 1433 5003 dixerunt,alii
1456 4937 1705 4994 zethereu
1719 4942 1909 5006 m,hoc
1927 4948 2016 4999 est
2032 4960 2140 4998 cm-

482 5023 629 5081 leste
660 5025 1092 5094 intellexerunt,
1128 5032 1187 5081 ut
1224 5027 1557 5083 Heraclides
1586 5029 1865 5086 Ponticus
1898 5049 1910 5087 :
1944 5031 2133 5103 ignem

484 5112 678 5184 alii,ut
699 5114 1193 5188 Heraclitus,quia
1218 5116 1409 5188 ignem
1437 5116 1532 5172 ille
1560 5134 1751 5173 rerum
1780 5119 2136 5191 principium

483 5203 833 5274 appellabat,
867 5209 925 5261 et
955 5204 1209 5261 animam
1258 5206 1490 5277 igneam
1522 5212 1760 5278 propter
1788 5207 2132 5281 agilitatem,

484 5289 583 5346 alii
614 5307 683 5347 ex
711 5308 865 5363 aere,
899 5298 963 5349 ut
992 5293 1410 5366 Anaximenes,
1444 5300 1501 5350 et
1544 5296 1782 5368 quidam
1817 5313 1847 5351 e
1875 5296 2083 5354 Stoicis
2118 5314 2130 5353 :

482 5379 599 5435 Alii
628 5397 697 5437 ex
728 5398 903 5454 aqua,
936 5387 1000 5438 ut
1045 5381 1259 5439 Thales
1289 5382 1547 5441 Milesius
1596 5391 1653 5440 et
1700 5385 1887 5458 Hippo
1918 5402 2133 5459 cogno-

481 5472 679 5526 mento
709 5470 933 5527 Atheus
960 5488 972 5527 :
1005 5472 1143 5545 quia
1172 5471 1328 5528 enim
1378 5489 1578 5529 semen
1607 5472 1882 5531 videbant
1909 5491 1978 5531 ex
2021 5475 2130 5531 hu-

482 5556 643 5614 mida
678 5574 809 5615 esse
840 5560 1195 5630 substantia,
1230 5564 1536 5633 propterea
1584 5566 1640 5618 et
1670 5579 1882 5634 aquam
1933 5580 2128 5621 rerum

555 5735 634 5807 (1)
666 5733 851 5806 Odyss.
889 5742 955 5794 V.

2260 627 2344 692 τὸ,
2397 621 2619 678 τοιᾶσδε
2674 630 2902 702 τροφῆς,
2936 622 3025 678 καὶ
3055 619 3274 677 τοιᾶσδε
3326 621 3542 693 μίξεως,
3591 619 3681 673 καὶ
3723 618 3907 679 ἁπλῶς

2260 719 2357 768 τοῦ
2404 711 2584 783 ἡδέος.
2633 713 2701 771 Τί
2753 712 2842 768 οὖν
2894 710 2997 787 ἄρα
3040 707 3095 766 ἓν
3129 709 3240 765 ἐστι
3271 710 3361 764 καὶ
3390 709 3580 764 ταυτὸν
3640 713 3750 761 τῶν
3813 705 3905 762 δύο

2264 800 2543 877 δυνάμεων
2595 800 2962 875 ἀποτέλεσμα,
3001 807 3101 870 τῆς
3128 820 3186 854 τε
3226 798 3512 872 ἐπιθυμίας
3542 799 3629 853 καὶ
3678 804 3780 867 τῆς
3810 819 3906 872 cpu-

2262 897 2458 959 τικῆς;
2491 889 2526 959 ἢ
2560 888 2728 959 δῆλον
2762 888 2844 944 ὅτι
2876 888 2983 963 οὐχ
3009 887 3064 943 ’ἐν
3093 906 3107 957 ;
3139 884 3285 942 ἀλλά
3311 890 3414 951 τῆς
3477 886 3569 959 μὶν
3628 884 3825 946 ἁπλῶς
3874 885 3905 951 ἦ

2261 982 2461 1057 τροφὴ,
2494 980 2527 1049 ἢ
2562 983 2721 1056 γυνή’
2773 988 2873 1049 τῆς
2929 975 2988 1034 δὲ
3044 978 3332 1050 ἐπιθυμίας
3379 978 3413 1046 ἡ
3447 974 3643 1047 ἡδονὴ,
3699 974 3794 1031 ’ἱνα
3840 980 3907 1049 τῇ

2264 1068 2434 1144 ἐφέσει
2466 1071 2633 1145 ταύτῃ
2666 1069 2757 1125 τόν
2814 1091 2873 1125 τε
2918 1068 3126 1141 κλῆρον
3155 1069 3316 1142 ἡμῶν
3378 1064 3766 1143 φυλάττωμεν,
3822 1064 3909 1120 καὶ

2262 1161 2360 1227 τῆν
2394 1164 2494 1213 τοῦ
2523 1159 2709 1235 γένους
2755 1157 3045 1234 διαδοχήν·
3098 1161 3203 1211 Τοῦ
3235 1155 3293 1211 δέ
3332 1153 3500 1230 λόγου
3536 1154 3664 1210 ὅταν
3711 1155 3912 1225 ἐξυπη-

2266 1252 2482 1323 ρετῆται
2529 1250 2627 1318 τῆν
2678 1248 2990 1322 ἐπιθυμίαν,
3043 1248 3105 1303 οὐ
3156 1246 3303 1321 λέγω
3334 1243 3473 1301 ξ’διόν
3501 1267 3553 1300 τι
3583 1245 3792 1313 ταύτης
3814 1251 3909 1313 τῆς

2265 1336 2535 1415 ἐνεργείας
2591 1337 2751 1401 τέλος
2799 1339 2975 1411 εἶναι,
3049 1336 3133 1392 ὅτι
3212 1336 3357 1411 παρᾶ
3429 1335 3583 1413 φύσιν
3644 1336 3824 1390 αὐτῶν
3879 1338 3909 1404 ἡ

2262 1428 2490 1499 τοιαύτη
2560 1427 2798 1505 ἐνέργεια
2831 1475 2846 1499 ,
2896 1428 2961 1483 τα
3013 1424 3071 1482 δέ
3125 1425 3271 1503 παρὰ
3322 1425 3476 1503 φύσιν
3535 1426 3601 1481 οὐ
3656 1423 3911 1502 σῦμῖιορα

2265 1519 2399 1591 πρὸς
2452 1519 2514 1572 τὸ
2571 1518 2752 1580 τέλος·
2814 1518 2902 1579 Ὡς
2961 1518 3065 1591 γὰρ
3127 1516 3425 1591 ὑπηρέτης,
3481 1515 3544 1569 οὐ
3604 1514 3665 1569 τὸ
3699 1516 3909 1580 ἑαυτοῦ,

2265 1605 2410 1661 ἀλλά
2445 1614 2546 1676 τῆς
2578 1606 2867 1680 ἐπιθυμίας
2894 1606 2957 1661 τὸ
2983 1605 3142 1666 τέλος
3173 1605 3565 1678 παρασκευάζει
3618 1604 3721 1673 τῆν
3775 1600 3909 1672 ἡδο·

2262 1696 2384 1765 νῆν.
2418 1698 2507 1766 Μὴ
2541 1696 2815 1770 ἀπορείτω
2847 1693 2903 1750 δέ
2930 1716 3013 1757 τις
3043 1695 3141 1762 τῆν
3178 1691 3459 1762 ἰδιωτικήν
3496 1692 3724 1766 ἀπορίαν
3779 1691 3909 1746 ἐκεί-

2263 1807 2386 1855 νην.
2412 1786 2471 1840 Τί
2503 1786 2593 1839 οὗν
2620 1792 2768 1862 τρεῖς
2798 1785 2980 1861 ψυχὰς
3038 1779 3261 1859 ἔχομεν,
3314 1783 3403 1837 καὶ
3436 1782 3537 1837 ὑπὸ
3590 1786 3753 1855 τριῶν
3815 1783 3909 1855 ψ)-

2266 1895 2384 1951 χων
2435 1874 2822 1949 διοικούμεϐας
2856 1874 3015 1949 Λέγω
3067 1874 3171 1949 γὰρ
3218 1871 3507 1941 ὅτιῶσπερ
3550 1871 3810 1934 ἐνωθεῖσα
3873 1872 3908 1939 ἡ

2266 1966 2418 2040 ψυχὴ
2479 1970 2557 2036 τῷ
2609 1965 2821 2038 σώματι
2873 1962 3075 2035 τούτῳ,
3132 1959 3280 2017 δοκεῖ
3323 1962 3417 2033 μέν
3466 1958 3521 2014 ἓν
3577 1981 3627 2015 τι
3686 1965 3912 2034 πρᾶγμα

2264 2059 2432 2123 ποιεῖ,
2473 2054 2608 2109 κατά
2659 2053 2917 2124 ἀλήθειαν
2952 2049 3009 2107 δὲ
3061 2050 3167 2126 οὔχ
3212 2047 3265 2105 ἓν
3324 2051 3376 2104 τί
3436 2047 3595 2104 ἐστιν·
3645 2047 3787 2103 οὕτω
3840 2052 3911 2121 τῇ

2264 2165 2322 2198 τε
2352 2144 2541 2219 ἀλόγῳ
2589 2144 2680 2199 καὶ
2724 2145 2793 2215 τῇ
2849 2144 3047 2217 φυτικῇ
3108 2137 3453 2213 συνημμένη,
3507 2138 3631 2211 μίαν
3668 2139 3761 2210 μέν
3790 2159 3915 2193 τινα

2265 2235 2538 2309 συνέχειαν
2590 2238 2739 2289 ποιεῖ
2794 2230 2884 2287 διὰ
2933 2232 3029 2299 τὴν
3106 2234 3387 2306 συνάφειαν
3425 2248 3437 2260 ·
3509 2226 3729 2299 ἐξῆπται
3806 2227 3913 2303 γάρ

2264 2328 2553 2400 προσεχῶς
2600 2326 2698 2391 τῆς
2752 2324 2844 2395 μὲν
2878 2320 3111 2395 λογικῆς
3160 2322 3195 2388 ἡ
3229 2317 3447 2394 ἄλογος,
3486 2323 3585 2387 τῆς
3618 2315 3674 2372 δέ
3702 2314 3914 2392 ἀλόγου

2262 2415 2295 2482 ἡ
2331 2415 2551 2487 φυτική.
2585 2414 2684 2466 Διά
2714 2409 2769 2466 δέ
2798 2412 2897 2479 τὴν
2925 2407 3217 2485 γινομένην
3247 2406 3306 2461 ἐκ
3334 2413 3434 2476 τῆς
3466 2403 3741 2482 συναφείας
3775 2405 3911 2459 ταύ-

2259 2522 2357 2572 της
2390 2501 2744 2575 συμπάθειαν,
2781 2501 2907 2572 μίαν
2935 2498 3133 2577 φαμένι
3166 2499 3270 2567 δτι»
3304 2497 3379 2560 ὡς
3410 2494 3655 2571 ὀργάνοις
3694 2496 3913 2570 xix-Pn-

2257 2613 2347 2646 ται
2376 2596 2496 2653 ταῖς
2536 2588 2736 2651 ἄλλαις
2760 2586 3049 2663 δυνάμεσιν
3079 2589 3113 2657 ἠ
3147 2585 3368 2661 λογικῆ.

2331 2770 2551 2828 Τούτων
2586 2767 2643 2824 δὲ
2670 2774 2777 2824 τῶν
2808 2766 3111 2841 δυνάμεων,
3144 2765 3292 2841 λέγω
3324 2763 3390 2834 δὴ
3422 2768 3531 2820 τῶν
3578 2785 3636 2819 τε
3686 2761 3910 2840 ἀλόγων

2258 2862 2344 2916 καὶ
2377 2866 2483 2915 τῶν
2519 2863 2780 2936 φυτικῶν,
2812 2858 2865 2911 αἱ
2898 2857 2991 2930 μὶν
3026 2855 3238 2929 μᾶλλον
3272 2854 3539 2930 ἐγγίζουσι
3592 2858 3660 2926 τῇ
3702 2852 3911 2929 λογικῇ

2258 2953 2434 3025 ψυχῇ,
2468 2950 2522 3004 αἱ
2563 2946 2620 3003 δὲ
2648 2950 2831 3016 ἧττον*
2866 2947 2921 3001 αἱ
2955 2947 3049 3018 μὲν
3090 2944 3286 3021 ἄλογοι
3340 2942 3551 3016 μᾶλλον
3608 2942 3911 3018 ἐγγίζουσι,

2257 3037 2396 3093 διότι
2438 3037 2703 3115 πεφύκασι
2747 3034 3059 3091 κατακοῦειν
3110 3034 3303 3109 λόγου.
3358 3033 3450 3087 Διὸ
3480 3030 3910 3103 ἐπιπλήττοντες

2254 3133 2370 3189 ταῖς
2404 3126 2736 3199 ἐπιθυμίαις,
2762 3124 3063 3199 πρᾳοτέρας
3096 3122 3263 3184 αὖτάς
3294 3125 3581 3194 ποιοῦμεν.

2330 3263 2536 3331 Στῆθος
2571 3257 2628 3314 δὲ
2657 3260 2868 3331 πλήξας
2897 3255 3127 3332 κραδίην
3154 3255 3393 3327 ἠνίπαπε
3425 3256 3597 3329 μύθῳο

2255 3369 2367 3440 καὶ,

2324 3475 2555 3541 Τέτλαθι
2634 3474 2699 3545 δή
2779 3471 3012 3545 κραδίη,
3087 3472 3176 3527 καὶ
3251 3472 3502 3545 κύντερον
3526 3536 3548 3545 _.
3583 3466 3725 3545 ἀλλο
3784 3471 3910 3545 ποτ’

2779 3471 3012 3549 κραδίη,
3087 3472 3176 3527 καὶ
3251 3472 3548 3549 κύντερονω

3502 3540 3687 3612 [ἔτλης
3720 3544 3824 3614 (ί),

2248 3696 2338 3750 καὶ
2396 3694 2581 3751 πολλά
2631 3698 2871 3749 τοιαῦτα.
2933 3693 3032 3747 Καὶ
3083 3690 3136 3746 τί
3189 3688 3334 3766 λέγω
3365 3689 3415 3744 ἐν
3463 3691 3599 3761 ἡμῖν
3630 3709 3643 3760 ;
3676 3689 3763 3743 καὶ
3794 3695 3900 3743 τῶν

2250 3783 2452 3861 θηρίων
2480 3782 2667 3839 πολλᾶ
2715 3783 3039 3858 ἡμερώτερα
3065 3778 3154 3835 διὰ
3178 3784 3288 3835 τῶΛ
3338 3778 3518 3854 λόγων
3565 3777 3791 3854 γίνεται·
3851 3780 3903 3833 αἳ

2251 3871 2308 3928 δὲ
2355 3874 2595 3952 φυτικαὶ,
2656 3874 2746 3927 ἅτε
2788 3873 2863 3945 μῆ
2896 3870 3295 3925 κατακούουσαι
3328 3867 3536 3943 λόγων,
3569 3866 3906 3943 πόῤῥωτέρω

2251 3951 2498 4032 εἰσὶντῆς
2572 3961 2801 4037 λογικῆς
2872 3964 3076 4035 ψυχῆς.
3137 3958 3215 4016 Οὐ
3276 3959 3374 4033 γὰρ
3433 3951 3575 4010 ἔστιν
3634 3955 3911 4026 ἐπιτάξαι,

2251 4048 2377 4107 οὔτε
2431 4056 2499 4125 τῇ
2534 4054 2796 4123 θρεπτικῇ
2830 4047 3053 4122 δυνάμει
3108 4048 3272 4123 μέχρι
3303 4047 3480 4101 πόσου
3531 4044 3748 4121 θρέψαι,
3783 4044 3913 4099 οὔτε

2248 4145 2316 4213 τῇ
2369 4140 2633 4213 αὐξητικῇ
2667 4139 2910 4213 αὐξῆσαι,
2973 4134 3095 4192 οὔτε
3136 4140 3205 4210 τῇ
3252 4133 3543 4213 γεννητικῇ
3574 4152 3587 4166 ⁸
3644 4131 3911 4204 δηλονότι

2251 4230 2361 4305 οὐχ
2402 4228 2593 4292 ἁπλῶς
2639 4229 2807 4297 αὐτὴν
2837 4228 2936 4296 τήν
2970 4224 3225 4299 δύναμιν,
3285 4223 3430 4281 ἀλλὰ
3458 4224 3559 4291 τὴν
3610 4222 3906 4297 ἐπιθυμέαν

2249 4316 2711 4390 καταστέλλομενο
2747 4320 2781 4385 ἡ
2814 4316 2917 4392 γὰρ
2949 4312 3175 4388 δύναμις
3219 4311 3370 4368 οὐδὲν
3417 4314 3581 4382 ἧττον
3617 4312 3763 4384 μένει
3820 4312 3911 4367 καὶ

2254 4409 2330 4481 μὴ
2363 4406 2667 4483 ἐνεργοῦσα.
2723 4404 2891 4463 Αὖται
2925 4405 3020 4476 μὲν
3054 4404 3143 4458 οὖν
3178 4404 3233 4457 αἱ
3275 4400 3531 4473 δυνάμεις
3558 4409 3659 4470 τῆς
3691 4405 3907 4477 ψυχῆς,

2251 4494 2305 4549 α’ί
2333 4517 2392 4550 τε
2423 4494 2659 4569 Λογικαὶ,
2707 4493 2797 4547 καὶ
2829 4492 2883 4546 αἱ
2931 4489 3149 4565 ἄλογοι,
3174 4489 3264 4544 καὶ
3297 4490 3352 4543 αἱ
3398 4487 3618 4566 φυτικαὶ
3668 4489 3752 4542 ὅτι
3809 4491 3915 4557 τήν

2250 4586 2457 4660 ψυχήν,
2491 4584 2541 4637 οἱ
2578 4582 2670 4655 μέν
2705 4603 2861 4659 φασιν
2890 4580 3200 4652 ἀσώματον,
3233 4579 3285 4632 οἱ
3313 4575 3368 4632 δὶ
3399 4581 3580 4650 σῶμα.
3633 4577 3737 4633 Καὶ
3795 4581 3912 4631 τῶν

2250 4679 2409 4746 σῶμα
2452 4674 2503 4727 οἱ
2547 4673 2643 4745 μέν
2689 4671 2922 4740 ἀπλοῦν,
2973 4670 3025 4725 οἱ
3052 4666 3111 4724 δὲ
3142 4666 3414 4732 σύνθετον·
3448 4666 3535 4721 καὶ
3569 4670 3679 4721 τῶν
3714 4667 3913 4721 σύνθε-

2247 4783 2361 4831 τον,
2396 4763 2448 4816 οἱ
2483 4762 2576 4834 μὲν
2622 4760 2682 4816 ἐκ
2736 4760 3094 4832 συνημμένων
3155 4758 3443 4830 σωμάτων,
3505 4755 3558 4809 οἳ
3622 4752 3679 4809 δὲ
3740 4754 3915 4810 ἀσυν-

2250 4853 2467 4907 άπτων.
2527 4855 2643 4906 Τῶν
2699 4848 2757 4905 δέ
2814 4848 3020 4904 ἁπλοῦν
3071 4851 3230 4920 σῶμα
3286 4843 3587 4921 εἰρηκότων
3624 4888 3637 4912 ,
3688 4844 3740 4898 οἱ
3810 4847 3913 4918 μὲν

2250 4939 2482 5015 αἷθέριον
2544 4940 2694 4995 εἶναι*
2752 4939 2943 4993 ταυτὸν
3009 4934 3066 4991 δὲ
3141 4936 3311 4991 εἰπεῖν
3383 4932 3636 5009 οὐράνιον
3688 4934 3917 5012 ἀπειρή-

2246 5050 2422 5099 ναντο,
2481 5031 2554 5091 ὡς
2609 5024 2969 5105 Ἡρακλείδης
3028 5026 3057 5080 ὁ
3103 5022 3382 5085 Ποντικός.
3438 5024 3505 5079 Οἱ
3548 5020 3608 5077 δὲ
3658 5026 3767 5095 πῦρ
3839 5024 3918 5083 ὡς

2245 5117 2619 5195 Ἡράκλειτος,
2646 5113 2833 5184 ἐπειδὴ
2897 5115 2987 5169 καὶ
3032 5118 3139 5189 πῦρ
3189 5111 3376 5187 ἔλεγον
3424 5112 3523 5180 τῆν
3558 5111 3742 5185 ἀρχὴν
3794 5118 3915 5166 τῶν

2246 5204 2438 5276 ὄντων,
2489 5206 2578 5261 καὶ
2622 5207 2720 5275 τῆν
2770 5205 2956 5279 ψυχὴν
3012 5200 3070 5257 δὲ
3121 5202 3318 5276 πυριὰν
3355 5198 3444 5256 διὰ
3470 5201 3533 5255 τὸ
3594 5199 3915 5270 εὐκίνητον·

2245 5297 2298 5350 οἱ
2355 5293 2413 5349 δέ
2440 5294 2622 5370 ἀερίαν
2655 5293 2726 5356 ὡς
2756 5292 3138 5365 Ἀναξιμένης,
3168 5289 3259 5346 καί
3294 5310 3437 5352 τινες
3467 5294 3575 5343 τῶν
3609 5294 3919 5345 Στωϊκῶν

2244 5384 2294 5438 οἱ
2357 5380 2413 5439 δὲ
2455 5382 2504 5456 ἐξ
2560 5380 2777 5453 ὕδατος,
2829 5382 2904 5443 ὡς
2962 5379 3147 5451 Θαλῆς
3190 5379 3283 5435 καὶ
3331 5380 3542 5435 Ἵππων
3589 5378 3619 5432 δ
3663 5376 3916 5451 ἐπίκλην

2241 5472 2419 5546 ἄθεος.
2453 5469 2671 5541 Ἐπειδή
2722 5471 2824 5547 γὰρ
2872 5470 2970 5538 τὴν
3021 5469 3190 5544 γονὴν
3242 5466 3425 5544 ἐώρων
3480 5464 3532 5537 ἐξ
3584 5468 3751 5543 ὑγρᾶς
3816 5469 3918 5524 οὗ-

2241 5583 2331 5615 σαν
2361 5560 2570 5631 οὐσίας,
2605 5558 2693 5614 διὰ
2716 5563 2878 5615 τοῦτο
2911 5557 3002 5613 καὶ
3033 5555 3180 5631 ὕδωρ
3211 5558 3310 5627 τῆν
3362 5556 3540 5631 ἀρχὴν
3582 5560 3695 5611 τῶν
3728 5554 3913 5613 ὄντων
