4060 6348
196 380 349 442 1041

1669 381 1771 443 DE
1815 379 2061 445 ANIMA
2080 428 2093 443 .

3450 374 3608 450 ibi?

190 513 467 589 ἐνόμισαν.
498 513 664 573 Οὗτοι
717 514 812 588 μὲν
846 514 939 571 οὗν
971 515 1024 571 οἱ
1066 513 1275 572 ἀπλοῦν
1334 514 1615 591 εἰρηκότες
1666 518 1824 588 σῶμα

1969 518 2323 592 principium
2358 538 2488 578 esse
2517 521 2782 578 arbitrati
2807 526 2965 578 sunt.
2993 521 3090 578 lsti
3124 525 3285 592 sunt,
3354 520 3455 599 qui
3486 522 3613 579 ani-

176 608 293 660 τῶν
324 601 384 660 δί
442 603 699 669 σύνθετον
734 608 897 678 σῶμα
922 606 1024 675 τήν
1077 606 1268 681 ψυχὴν
1336 603 1744 683 ὑπειληφότων,
1801 606 1855 659 οἱ

1972 623 2127 664 mam
2161 608 2411 682 simplex
2439 627 2652 684 corpus
2683 627 2811 668 esse
2854 611 3146 668 dixerunt.
3180 612 3337 667 Inter
3363 626 3462 667 eos
3510 628 3615 668 au-

189 694 287 766 μὲν
320 693 372 763 ἐξ
402 691 723 748 duovime
773 691 1067 769 στοιχείων
1125 692 1310 771 φασὶν,
1372 695 1447 756 ὡς
1507 692 1825 769 Δημόκριτο

1969 701 2110 767 tem,
2142 700 2244 771 qui
2276 703 2665 772 compositum
2698 714 2910 772 corpus
2940 714 3070 756 esse
3101 698 3360 756 animam
3409 699 3614 756 existi-

180 782 274 838 καὶ
306 780 639 853 Λεόκιππος,
682 780 772 837 καὶ
805 780 998 845 ἀπλῶς
1026 782 1080 838 οἱ
1129 783 1197 838 τὰ
1247 787 1472 839 τοιαῦτα
1523 781 1854 858 είσάγοντες·

182 877 417 952 Ἔλεγον
457 878 563 954 γαρ
614 879 792 955 ἀρχὰς
823 882 933 934 τῶν
966 873 1136 934 ὄντων
1168 879 1236 934 τὰ
1286 874 1464 954 ἄτομα
1508 878 1599 934 καὶ
1652 879 1715 933 τὸ
1763 900 1852 934 κε-

180 965 300 1023 νόν.
334 966 486 1022 Εἶναι
513 966 606 1021 οὗν
639 969 731 1022 καὶ
778 968 878 1038 τὴν
932 969 1119 1044 ψυχὴν
1178 966 1239 1023 ἐκ
1262 973 1567 1045 σφαιρικῶν
1627 968 1849 1042 ἀτόμων

181 1057 546 1132 συγκειμένην
587 1052 677 1110 διὰ
714 1055 779 1110 τὸ
832 1055 1117 1128 εὐκίνητον
1139 1076 1155 1092 ·
1203 1057 1256 1112 οἱ
1289 1053 1348 1112 δὲ
1376 1055 1437 1112 ἐκ
1466 1057 1848 1132 συνημμένων,

179 1141 260 1206 ὠς
314 1142 533 1220 Κριτίας
589 1145 618 1198 6
667 1144 746 1206 εἷς
788 1148 897 1200 τῶν
943 1145 1273 1220 τριάκοντα’
1323 1147 1461 1220 αἷμα
1505 1146 1607 1224 γὰρ
1665 1144 1847 1224 ἔλεγεν

1968 793 2151 857 mant,
2186 788 2281 844 alii
2312 805 2380 845 ex
2409 788 2715 845 elementis
2757 805 2872 844 non
2904 789 3235 858 conjunctis
3290 787 3611 859 afﬁrmant,

1966 891 2031 943 ut
2061 886 2430 942 Democritus
2468 891 2526 965 et
2572 886 2923 959 Leucippus,
2985 887 3345 958 domumque
3394 884 3609 953 cieteri,

1965 978 2063 1050 qui
2093 977 2206 1032 ista
2235 975 2599 1032 invexerunt.
2633 979 2846 1031 Rerum
2907 975 3082 1031 etiam
3135 975 3423 1047 principia
3477 990 3608 1031 esse

1963 1072 2209 1134 atomos,
2235 1074 2292 1121 et
2312 1081 2563 1120 vacuum
2596 1064 2903 1120 dicebant:
2936 1079 3065 1119 esse
3094 1063 3292 1136 itaque
3344 1062 3603 1119 animam

1960 1172 2030 1211 ex
2061 1156 2330 1211 rotundis
2352 1154 2566 1210 atomis
2597 1151 2909 1209 conﬂatam
2937 1156 3172 1225 propter
3202 1151 3559 1207 velocitatem
3587 1168 3602 1208 :

174 1232 314 1287 εἶναι
368 1234 468 1303 τὴν
516 1234 728 1310 ψυχήν.
782 1236 905 1291 Τῶν
941 1231 999 1290 δὲ
1056 1234 1350 1310 ἀσώματον
1392 1233 1762 1310 δοξασαντων,
1795 1257 1822 1291 ο

1959 1246 2057 1301 alii
2090 1262 2157 1301 ex
2201 1244 2555 1316 conjunctis,
2589 1247 2655 1298 ut
2710 1241 2923 1299 Critias
2971 1258 3127 1296 unus
3183 1256 3253 1297 ex
3307 1240 3598 1312 triginta;

179 1322 281 1395 μὲν
343 1322 628 1398 χωριστὴν
687 1326 796 1379 τῶν
849 1325 1142 1398 σωμάτων,
1199 1326 1251 1380 οἱ
1283 1322 1341 1381 δὲ
1372 1326 1705 1402 ἀχώριστον.
1740 1328 1820 1383 Κα

1956 1336 2175 1409 quippe
2204 1334 2461 1390 animum
2494 1349 2624 1389 esse
2670 1331 2975 1403 sanginern
3010 1328 3331 1386 dictitabat.
3385 1329 3599 1385 Eorum

173 1415 289 1467 τῶν
319 1412 653 1488 ἀχώριστον,
685 1413 739 1467 οἱ
794 1413 891 1486 μὲν
922 1414 1013 1469 τὸν
1067 1413 1231 1491 λόγον
1264 1414 1402 1470 εἶναι
1433 1417 1534 1486 τῆς
1576 1417 1843 1492 κράσεως,

172 1501 298 1555 οἷον
328 1500 413 1556 ὅτι
442 1499 532 1556 ἐὰν
565 1498 858 1557 διπλάσιον
892 1506 1000 1578 πῦρ
1037 1507 1215 1580 μιχθῇ
1247 1508 1325 1577 τῷ
1356 1501 1532 1573 ὕδατι,
1586 1504 1622 1574 ἢ
1667 1506 1840 1579 ἡμιό-

176 1587 329 1660 λιον,
380 1589 468 1659 ἣτι
498 1594 749 1647 τοιοῦτον
781 1593 1057 1663 ποιεῖτὴν
1112 1594 1324 1669 ψυχήν.
1356 1593 1434 1651 Οὗ
1479 1592 1580 1670 γὰρ
1640 1591 1841 1650 διπλά-

174 1687 322 1750 σιος,
352 1678 541 1758 φησὶν,
585 1680 621 1750 ἢ
672 1679 938 1753 ἡμιόλιος
982 1679 1173 1758 λόγος,
1202 1682 1364 1739 τοῦτό
1397 1681 1508 1738 ἐστι
1539 1685 1715 1760 ψοχή.
1772 1684 1841 1741 Οἱ

1954 1425 2282 1497 autem,qui
2317 1424 2717 1495 incorporeum
2746 1419 3012 1477 arbitrati
3046 1424 3205 1487 sunt,
3237 1417 3335 1473 alii
3366 1433 3600 1490 separa-

1953 1515 2130 1572 bilem
2162 1532 2197 1571 a
2218 1513 2582 1587 corporibus,
2612 1507 3067 1583 inseparabilem
3099 1506 3198 1563 alii
3242 1511 3596 1563 statuerunt.

1953 1617 2163 1669 Eorum
2219 1613 2319 1686 qui
2378 1608 2851 1684 inseparabilem;
2928 1606 3028 1663 alii
3104 1604 3595 1677 contemperatio-

1950 1703 2044 1761 nis
2072 1719 2201 1760 esse
2234 1701 2541 1769 rationem,
2583 1697 2763 1755 veluti
2821 1696 2870 1752 si
2923 1694 3169 1768 duplum
3220 1693 3373 1766 ignis
3429 1710 3595 1766 aqum

179 1765 242 1888 ff
271 1768 440 1888 azirrﬁv
468 1769 572 1888 τήν
596 1774 827 1888 ἸκρΞὶσιν·
878 1770 956 1877 οἱ,⁸
975 1768 1059 1878 δὲ⁸
1080 1770 1463 1888 ἐν’ξιὲλέχειιῖν.ν
1497 1773 1825 1888 Ἐντιλὲχειο

1950 1794 2192 1851 mistum
2236 1791 2429 1857 fuerit,
2455 1765 2540 1845 vel
2566 1787 2923 1860 sesquiplex,
2954 1765 3043 1840 vel
3067 1783 3182 1841 tale
3211 1783 3374 1856 quid,
3408 1765 3594 1838 facere

176 1853 239 1912 δὲ
296 1855 437 1913 ἐστιν
468 1858 505 1952 η
533 1856 819 1929 τελειότης
867 1859 958 1914 καὶ
1005 1860 1070 1916 τὸ
1116 1858 1263 1927 εἶδος
1301 1866 1399 1917 τοῦ
1444 1863 1824 1936 ὑποκειμένου.

1936 1853 3015 1952 ιιηὶιηειῑῐιβυῇυεὀηἱῐηῄηξιυῖῂάυρΙα
3043 1879 3133 1930 est
3193 1853 3283 1929 vel
3322 1871 3593 1945 sescupla

178 1946 434 2025 Διαφέρει
476 1943 588 2003 8ὶὸ
621 1944 787 2023 λόγος
833 1954 937 2019 τῆς
989 1950 1249 2025 κράσεως·
1307 1948 1390 2007 ὅτι
1438 1951 1468 2007 6
1503 1952 1600 2025 μὶν
1658 1950 1827 2027 λόγος

172 2035 228 2091 ἐν
258 2039 400 2102 αυτῆ
429 2039 499 2111 τῇ
529 2036 796 2108 ποσότητι
847 2043 1166 2115 θεωρεῖται,
1214 2038 1267 2095 ἐν
1325 2044 1406 2113 τῷ
1456 2040 1732 2116 ἡμιολίῳ,
1790 2041 1826 2112 ἢ

172 2121 477 2199 διπλασίῳ,
508 2124 544 2196 ἢ
577 2123 737 2198 ἄλλῳ
764 2126 890 2183 τινί.
921 2128 984 2185 ’Β
1044 2125 1102 2183 δὲ
1138 2133 1328 2203 κρᾶσις
1359 2129 1589 2201 ποιότης
1619 2129 1759 2187 ἐστὶν
1790 2133 1827 2202 ἡ

171 2211 594 2288 ἀποτελουμένη
626 2213 688 2270 ἐκ
715 2219 816 2281 τῆς
846 2216 1041 2290 μίξεως
1077 2221 1183 2272 τῶν
1230 2220 1566 2291 ποιοτήτων,
1597 2221 1711 2276 οἷον
1770 2218 1830 2276 lx

167 2305 272 2358 τοῦ
322 2303 530 2378 θερμοῦ
555 2303 647 2359 καὶ
692 2306 911 2380 ψυχροῦ
955 2305 1151 2383 γέγονέ
1194 2327 1279 2371 τις
1332 2312 1522 2383 κρᾶσις
1549 2309 1612 2365 τὸ
1661 2307 1828 2386 χλια-

175 2390 295 2467 ρόν*
354 2392 392 2461 ἢ
452 2391 515 2449 ἆκ
566 2396 666 2449 τοῦ
696 2390 896 2449 λευκοῦ
940 2395 1029 2450 καὶ
1088 2393 1321 2470 μέλανος
1358 2398 1421 2453 τὸ
1477 2398 1654 2478 φαιόν.
1709 2403 1826 2454 Ἐν-

168 2480 432 2556 τελέχεια
461 2478 521 2538 δέ
565 2480 675 2538 ἐστι
728 2482 1003 2551 τελειότης
1048 2489 1145 2540 τοῦ
1205 2486 1568 2560 ὑποκειμένου
1601 2533 1616 2558 ,
1668 2509 1826 2545 τουτ-

174 2570 290 2625 ἑστι
321 2571 387 2626 τὸ
435 2567 576 2634 εἶδος
604 2572 666 2626 τὸ
712 2571 1091 2648 ἒπιγινόμενον
1123 2573 1183 2630 ἐκ
1217 2582 1318 2646 τῆς
1369 2574 1588 2632 τοιᾶσδε
1642 2578 1826 2642 συνθὲ-

178 2679 321 2722 σεως
380 2663 490 2714 τῶν
542 2659 873 2736 στοιχείων,
929 2666 1000 2737 τῇ
1052 2662 1158 2740 ὕλῃ
1185 2707 1198 2722 .
1251 2667 1375 2723 Τῶν
1421 2663 1479 2721 δὲ
1543 2667 1824 2743 χωριστὴν

177 2747 443 2821 σώματος
493 2746 850 2824 δοξασάντων,
881 2752 934 2806 οἱ
968 2751 1066 2826 μὶν
1094 2757 1267 2809 πᾶσαν
1314 2756 1499 2830 ψυχὴν
1545 2757 1826 2831 χωριστήν

173 2832 402 2913 ἔφασαν,
450 2837 540 2893 καὶ
569 2838 671 2909 τήν
704 2838 961 2914 λογικὴν,
1006 2839 1097 2896 καὶ
1135 2843 1237 2911 τήν
1296 2840 1524 2921 ἄλογον,
1577 2844 1669 2899 καὶ
1724 2846 1823 2915 τήν

175 2927 436 3003 φυτικὴν,
491 2928 608 2990 οἷος
664 2928 733 2999 ἦν
783 2931 1120 3003 Νουμήνιος,
1176 2932 1473 3003 πλανηθεὶς
1507 2932 1610 2989 ὑπό
1664 2955 1825 2991 τινιυν

178 3020 473 3100 ῥησειδίων
514 3024 809 3092 Πλάτωνος
849 3025 1099 3093 εἰπόντος
1139 3027 1193 3084 ἐν
1234 3029 1480 3108 Φαίδρῳ,
1521 3037 1663 3087 πᾶσα
1718 3037 1824 3107 ψυ-

171 3112 253 3188 χὴ
307 3113 588 3187 ἀθάνατος,
634 3120 819 3193 σαφῶς
867 3114 981 3172 ἐκεῖ
1021 3118 1145 3195 περὶ
1193 3125 1295 3189 τῆς
1330 3119 1672 3197 ἀνθρωπίνης
1729 3124 1822 3178 τὸν

178 3200 345 3276 λόγον
372 3200 730 3278 ποιούμενος.
770 3205 895 3262 ’Ότι
926 3208 1029 3282 γὰρ
1059 3209 1259 3279 θνητὴν
1293 3206 1404 3265 οἶδε
1427 3211 1527 3279 τήν
1551 3215 1659 3266 τῶν
1694 3211 1824 3269 ἀλό-

165 3310 311 3377 γων,
362 3296 547 3368 σαφῶς
577 3292 630 3347 ἐν
677 3299 797 3357 τοῖς
846 3295 1039 3351 ἑαυτοῦ
1097 3293 1375 3373 διαλόγοις
1432 3299 1816 3377 ὡμολόγηται’

164 3380 225 3433 οἳ
257 3375 336 3449 δὲ,
383 3383 557 3435 πᾶσαν
613 3382 924 3459 ἀχώριστον
978 3384 1339 3464 ἀπεφήναντο,
1381 3388 1472 3443 καὶ
1525 3387 1614 3445 διὰ
1647 3375 1821 3446 τοῦτο

166 3468 419 3558 θνητήν,
472 3469 546 3524 ὧν
606 3469 717 3527 ἐστι
775 3472 865 3527 καὶ
924 3471 1280 3552 Ἀλέξανδρος
1333 3477 1361 3531 6
1419 3476 1819 3558 Ἀφροδισιεὺς,

165 3556 230 3621 ὅς
280 3558 373 3612 καὶ
431 3558 524 3613 τὸν
582 3560 969 3633 Ἀριστοτέλην
1037 3570 1285 3641 πειρᾶται
1339 3565 1415 3629 εἷς
1473 3556 1572 3638 την
1629 3569 1820 3627 ἑαυτοῦ

165 3642 327 3717 δόξαν
360 3650 728 3720 menmium
762 3647 819 3705 δὲ
845 3651 945 3720 τήν
974 3652 1067 3725 μὲν
1101 3651 1349 3731 λογικὴν,
1379 3659 1662 3732 χωριστὴν
1686 3659 1821 3714 εἶναι

164 3732 415 3811 λέγουσι,
446 3738 547 3806 τήν
581 3733 637 3793 δὲ
668 3736 868 3816 ἄλογον
898 3740 989 3795 καὶ
1039 3742 1139 3811 τήν
1196 3746 1422 3821 φυτικὴν
1482 3746 1817 3823 ἀχώριστον,

161 3833 392 3891 Τούτων
423 3831 480 3890 δὲ
510 3836 563 3890 οἱ
595 3836 690 3910 μὲν
743 3838 1053 3916 ἀμφοτέρας
1110 3843 1455 3918 ἀχωρίστους
1484 3848 1581 3899 τοῦ
1609 3847 1818 3922 παχέος

157 3922 368 3978 τούτου
400 3925 676 3998 σώματος.
710 3927 776 3984 Οἱ
807 3924 866 3982 δὲ
901 3929 1003 3998 τήν
1037 3931 1132 4003 μὲν
1160 3932 1389 4009 φυτικὴν
1421 3929 1818 4007 μόνην,τούτου

157 4011 504 4087 ἀχώριστον
533 4015 633 4084 τήν
666 4012 724 4070 δὲ
752 4012 980 4093 ἄλογον,
1009 4019 1205 4074 τούτου
1239 4021 1333 4093 μὶν
1360 4025 1666 4098 χωριστὴν,
1690 4023 1820 4079 ἀλλ’

159 4101 230 4155 οὗ
265 4101 451 4172 μέντοι
472 4101 621 4165 τινός
652 4104 906 4178 σώματος
934 4104 1422 4186 ἀχώριστον’λὲγω
1454 4109 1640 4182 δήτοῦ
1665 4135 1818 4170 πνευ-

161 4194 425 4263 ματικοῦ,
455 4192 518 4259 ἢν
548 4192 638 4247 καὶ
669 4190 901 4250 Πλάτων
950 4196 1042 4251 καὶ
1100 4197 1486 4274 Ἀριστοτέλης
1536 4198 1818 4271 ἐπρέσϐευ-

159 4300 286 4336 σαν.
328 4282 454 4338 Ὅτι
486 4278 545 4336 at
571 4283 661 4337 καὶ
692 4284 1080 4360 Ἀριστοτέλης
1109 4286 1312 4359 ταύτης
1343 4289 1454 4345 ἐστὶ
1482 4298 1582 4362 τῆς
1635 4290 1815 4366 δόξης,

156 4370 253 4425 καὶ
286 4366 403 4425 οἵδε
425 4372 525 4458 τὴν
562 4371 657 4443 μὲν
689 4375 973 4448 χωριστὴν
1005 4377 1212 4451 ψυχὴν,
1251 4379 1354 4448 τήν
1385 4378 1443 4434 δὲ
1486 4381 1816 4458 ἀχώριστον,

154 4458 275 4545 κάν,
309 4462 392 4531 τῷ
447 4456 593 4516 τέλει
650 4467 752 4526 τῖς
802 4463 927 4538 περὶ
983 4464 1189 4540 μορίων
1234 4466 1389 4536 ζώων
1445 4456 1820 4545 πραγματείας

158 4544 474 4618 ἐδήλωσεν
534 4546 636 4623 ἔφη
688 4549 790 4624 γὰρ
849 4549 935 4607 ὅτι
988 4549 1215 4609 ἳκαστον
1272 4560 1380 4610 τῶν
1443 4544 1651 4633 μορίων
1705 4565 1816 4617 τῶν

161 4614 324 4706 ζώων
372 4638 510 4692 κατά
544 4614 667 4693 τινα
702 4614 986 4716 ’ἐνέργειαν
1036 4644 1275 4714 ζωτικὴν
1331 4614 1813 4724 χαρακτηρίζεται,
1844 4614 1895 4681 D

160 4735 280 4789 οἷον
330 4730 558 4808 καρδίαν
587 4777 602 4805 ,
668 4735 759 4791 καὶ
815 4738 965 4815 ἧπαρ
999 4782 1015 4809 ,
1074 4739 1162 4796 καὶ
1219 4739 1541 4819 ἐγκέφαλον,
1607 4747 1695 4801 καὶ
1749 4748 1816 4803 τά

161 4820 359 4878 λοιπά.
415 4823 546 4911 εἶτα
597 4824 841 4897 ταύτην,
896 4830 1051 4904 φησὶ,
1108 4832 1207 4902 τήν
1270 4830 1534 4908 ἐνέργειαν
1584 4835 1815 4911 πότερον

163 4913 355 4989 ψυχὴν
408 4909 492 4967 δεῖ
544 4912 774 4986 καλεῖν,
832 4914 870 4986 ἢ
932 4918 1126 4994 μόριον
1182 4923 1386 4996 ψυχῆς,
1444 4922 1481 4992 ἢ
1540 4922 1638 4979 οὐκ
1692 4909 1816 4980 σ’ίνευ

161 5004 376 5076 ψυχῆς,
437 5001 721 5073 ζητητέονσ
769 5004 908 5061 ὥστε
958 5003 1072 5062 οἶδε
1126 5008 1271 5064 πολὺ
1326 5009 1555 5081 πλάτος,
1602 5012 1814 5086 μᾶλλον

164 5086 223 5145 δὲ
285 5090 456 5166 βάθος
512 5094 730 5167 ψυχῶν.
791 5094 892 5150 Καὶ
948 5096 1200 5173 πότερον,
1260 5101 1415 5176 φησὶ,
1454 5103 1579 5176 περὶ
1637 5102 1815 5175 πάσης

161 5180 353 5253 ψυχῆς
414 5178 523 5268 ἐστι
579 5182 676 5236 τοῦ
734 5186 965 5260 φυσικοῦ
1021 5181 1417 5261 διαλεχθῆναι,
1488 5190 1526 5259 ἢ
1582 5191 1644 5245 οὗ
1694 5192 1817 5268 περὶ

161 5267 348 5337 πάσης
431 5265 805 5343 ἀλλοσήμου,
878 5271 1003 5327 ἄνευ
1073 5275 1173 5345 τῆς
1254 5273 1395 5348 ὕλης
1428 5295 1441 5310 ⁸
1511 5279 1649 5335 ὥστε
1707 5265 1818 5337 οῖδα

161 5356 356 5445 ψυχὴν
411 5359 695 5433 χωριστὴν
752 5366 856 5431 τῆς
913 5359 1077 5433 ὕληςσ
1135 5364 1230 5420 Καὶ
1282 5365 1449 5422 πάλιν
1495 5366 1645 5443 ἐντῇ
1676 5369 1816 5445 αὐτῇ

164 5444 292 5519 περὶ
357 5445 564 5519 μορίων
627 5448 780 5518 ζώων
834 5452 1181 5529 πραγματείᾳ
1237 5454 1421 5533 φησί-ν
1480 5451 1623 5513 ἔοικε
1681 5456 1739 5515 δὲ
1789 5461 1817 5515 6

158 5538 290 5596 νοῦς
344 5534 572 5610 θύραθεν
627 5535 917 5594 ἐπεισιέναι
952 5584 967 5611 ,
1044 5542 1136 5597 καὶ
1192 5543 1326 5599 εἶναι
1384 5546 1526 5609 θεῖος
1555 5591 1567 5604 .
1649 5545 1815 5606 Οὐδὲν

158 5623 267 5699 γὰρ
328 5622 496 5679 αὑτοῦ
552 5624 896 5684 ἐπικοινωνεῖ
944 5631 979 5700 ἡ
1041 5629 1323 5708 ἐνέργεια,
1374 5640 1496 5698 ταῖς
1552 5640 1650 5691 τοῦ
1708 5637 1819 5692 σώ-

159 5731 343 5788 ματος
402 5712 717 5789 ἅνεργιίαις·
747 5716 837 5773 καὶ
899 5715 1066 5774 πάλιν
1128 5719 1182 5775 ἐν
1235 5725 1315 5795 τῷ
1370 5719 1607 5800 δευτέρῳ
1645 5720 1818 5800 λόγῳ,

1940 1972 2112 2043 ratio,
2142 1970 2287 2026 illud
2319 1973 2409 2026 est
2447 1967 2663 2023 anima.
2708 1964 2821 2024 Alii
2858 1965 3050 2037 ipsam
3099 1962 3589 2035 contemperatio-

1940 2060 2201 2131 nem,alii
2216 2074 2528 2132 perennem
2545 2054 2859 2112 motionem
2875 2051 3585 2110 entelechiam.Entelecbi

1936 2167 2074 2209 vero
2102 2154 2191 2207 est
2223 2148 2496 2223 perfectio
2526 2150 2584 2203 et
2612 2145 2802 2201 forma
2847 2143 3118 2214 subjecti.
3149 2141 3354 2197 Diil'ert
3383 2145 3580 2197 autem

1940 2242 2088 2298 ratio
2120 2257 2153 2295 a
2183 2232 2883 2308 contemperatione,quia
2912 2231 3059 2287 ratio
3090 2230 3148 2285 in
3173 2230 3306 2303 ipsa
3345 2229 3579 2301 quanti-

1941 2335 2060 2387 tate
2090 2327 2435 2392 attenditur,
2458 2326 2515 2381 in
2550 2320 2938 2395 sescuplo,vel
2967 2318 3262 2393 duplo,vel
3293 2317 3407 2375 alio
3438 2334 3584 2391 quo-

1940 2420 2198 2493 piam.At
2214 2417 2740 2489 temperamentum
2754 2409 3008 2485 qualitas
3020 2414 3267 2480 est,qum
3287 2407 3587 2480 perficitur

1938 2525 2007 2566 ex
2040 2506 2388 2582 qualitatum
2408 2500 2868 2571 mistioue,velut
2883 2516 2952 2555 ex
2979 2498 3167 2554 calido
3184 2502 3243 2553 et
3265 2495 3475 2570 frigido
3499 2495 3583 2552 fa-

1937 2602 2097 2653 ctum
2130 2600 2223 2653 est
2260 2595 2791 2667 temperamentum
2836 2587 3159 2660 quoddam,
3193 2584 3584 2659 tepidum;et

1935 2704 2002 2743 ex
2035 2685 2167 2742 albo
2189 2690 2247 2740 et
2280 2683 2732 2756 nigro,fuscum.
2766 2676 3104 2735 Entelechia
3132 2692 3268 2731 vero
3325 2673 3579 2747 subjecti

1938 2776 2214 2850 perfectio
2246 2778 2356 2841 est,
2387 2773 2498 2829 hoc
2529 2775 2619 2827 est
2648 2770 3000 2839 forma,quae
3029 2780 3100 2821 ex
3128 2764 3234 2821 tali
3265 2764 3583 2820 elemento-

1937 2883 2068 2922 rum
2100 2863 2513 2935 conjunctione
2545 2859 2799 2915 matcrias
2831 2854 3576 2924 accessit.Eorum‘autem,

1936 2956 2036 3029 qui
2081 2972 2114 3009 a
2152 2970 2393 3026 corpore
2448 2946 2837 3022 separabilem
2886 2959 3016 3000 esse
3052 2945 3427 3017 putaverunt,
3477 2939 3577 2997 alii

1935 3059 2169 3100 omnem
2201 3043 2459 3100 animam
2491 3028 3577 3111 separabilem,rationabilem,irratio-

1937 3134 2191 3189 nubilem
2216 3138 2273 3188 et
2300 3112 2683 3203 vegela'ntem,
2717 3125 2887 3183 sicuti
2919 3121 3269 3187 Numenius,
3328 3118 3575 3193 quibus-

1933 3223 2069 3278 dam
2104 3221 2361 3277 Platonis
2390 3218 2581 3276 verbis
2611 3219 2910 3289 deceptus,
2931 3213 3029 3285 qui
3059 3211 3144 3268 sic
3174 3210 3233 3266 in
3281 3207 3527 3265 Phaedro
3561 3224 3576 3263 :

1935 3319 2123 3376 Omnis
2154 3321 2352 3375 anima
2386 3315 2736 3381 immortalis,
2785 3311 2884 3368 ubi
2933 3312 3131 3383 aperte
3187 3308 3260 3363 de
3314 3305 3578 3362 humana

1932 3411 2129 3465 anima
2142 3409 2315 3466 verba
2328 3402 2795 3462 facit.Mortalem
2814 3401 2967 3457 enim
2990 3400 3295 3453 brutorum
3315 3394 3575 3451 animam

1931 3498 2238 3571 agnovisse
2263 3496 2558 3551 Platonem
2586 3493 2645 3548 in
2683 3492 2812 3563 ejus
2832 3488 3085 3561 dialogis
3100 3486 3262 3543 omni
3284 3483 3415 3540 luce
3461 3482 3575 3538 cla-

1928 3589 2053 3644 rius
2082 3585 2301 3643 cst.Alii
2323 3599 2457 3641 vero
2480 3597 2713 3638 omnem
2734 3579 2993 3635 animam
3017 3571 3468 3648 inseparabilem
3492 3572 3576 3627 di-

1926 3683 2158 3746 xerunt,
2191 3676 2264 3732 ob
2289 3689 2539 3747 eamque
2575 3688 2697 3728 rem
2754 3666 3168 3739 immortalem,
3219 3680 3368 3737 quos
3422 3664 3576 3718 inter

1928 3775 2020 3826 est
2052 3768 2225 3823 etiam
2259 3763 2582 3820 Alexander
2613 3757 3056 3833 Aphrodisiens,
3080 3754 3182 3828 qui
3203 3751 3570 3810 Aristotelem

1930 3859 1988 3914 in
2019 3873 2186 3914 suam
2211 3852 2543 3926 pertrahere
2574 3849 2925 3906 sententiam
2957 3849 3218 3901 conatur.
3243 3841 3355 3898 Alii
3386 3841 3571 3897 ratio-

1928 3946 2182 4003 nabilem
2205 3937 2881 4011 animam,separabilem
2904 3949 3032 3991 esse
3053 3934 3259 3989 dicunt
3286 3951 3301 4001 ;
3337 3945 3452 3986 non
3476 3944 3566 3986 se-

1926 4034 2268 4111 parabilem,
2313 4028 2797 4091 irrationabilem,
2826 4033 2878 4080 et
2918 4026 3322 4095 vegetantem:
3354 4019 3568 4076 horum

1927 4109 2123 4182 autem
2147 4122 2243 4179 alii
2268 4126 2580 4191 utramque
2610 4134 2644 4173 a
2669 4131 2867 4171 crasso
2880 4113 2988 4169 hoc
3006 4127 3245 4183 corpore
3264 4109 3571 4181 insepara-

1926 4214 2102 4272 bilem
2128 4211 2247 4282 ;alii
2268 4213 2625 4275 vegetantem
2654 4204 2839 4261 solam
2873 4203 2945 4259 ab
2970 4201 3076 4256 hoc
3096 4195 3569 4271 inseparabilem:

1924 4304 2233 4359 brutorum
2268 4304 2461 4355 autem
2488 4293 2853 4360 animam,ab
2877 4290 2987 4346 hoc
3018 4285 3412 4360 separabilem
3435 4284 3569 4356 qui-

1926 4391 2191 4461 dem,sed
2222 4394 2422 4444 tamen
2454 4387 2526 4440 ab
2558 4384 2754 4455 aliquo
2785 4395 3026 4453 corpore
3081 4373 3528 4449 inseparabilem
3554 4390 3568 4428 :

1926 4488 2176 4564 spiritali
2210 4486 2340 4543 dico
2373 4503 2386 4541 :
2423 4499 2597 4557 quam
2632 4479 2981 4537 sententiam
3018 4476 3199 4546 Plato,
3231 4478 3290 4530 et
3345 4471 3571 4564 Aristo-

1925 4558 2071 4635 teles
2105 4577 2557 4633 constituerunt.
2615 4575 2804 4642 Atque
2852 4568 3002 4623 banc
3057 4580 3189 4622 esse
3242 4558 3573 4618 Aristotelis

1925 4671 2205 4730 mentem,
2238 4680 2418 4736 seque
2449 4659 2623 4716 aliam
2672 4654 3057 4730 separabilem
3105 4652 3281 4708 aliam
3335 4649 3570 4721 insepa-

1924 4754 2168 4813 rabilem
2197 4753 2452 4809 animam
2486 4745 2912 4822 agnoscere,vel
2935 4744 2993 4798 in
3018 4744 3131 4798 fine
3152 4738 3571 4811 disputationis

1925 4846 1998 4901 de
2023 4842 2287 4915 partibus
2301 4839 2646 4895 animalium
2666 4835 2950 4905 satisipse
2968 4826 3350 4900 declarat,ubi
3367 4843 3569 4899 quam-

1924 4932 2065 4989 libet
2078 4938 2298 5004 partem
2315 4926 2651 4983 animalium
2668 4923 2991 4980 secundum
3008 4919 3295 4975 actionem
3310 4916 3569 4988 aliquam

1920 5020 2159 5077 vitalem
2178 5015 2525 5074 conformari
2556 5013 2717 5081 dicit,
2743 5018 2806 5068 ut
2828 5028 2947 5078 cor,
3004 5009 3205 5079 bepar,
3263 5006 3568 5061 cerebrum

1926 5113 1983 5166 et
2012 5108 2149 5163 alia.
2196 5106 2433 5172 Deinde,
2469 5106 2612 5173 ch,
2675 5101 2888 5174 inquit,
2920 5099 3081 5167 actio,
3124 5100 3316 5152 utrum
3352 5096 3570 5160 anima,

1929 5198 2012 5254 vel
2038 5213 2170 5269 pars
2208 5197 2440 5261 anima},
2489 5193 2573 5249 vel
2628 5208 2737 5248 non
2778 5192 2898 5245 sine
2942 5190 3134 5244 anima
3182 5183 3426 5242 vocanda
3478 5184 3572 5251 sit,

1932 5285 2326 5359 quaerendum:
2357 5283 2502 5338 adeo
2535 5291 2592 5337 ut
2627 5294 2903 5353 magnum
2940 5278 3036 5334 ille
3092 5275 3404 5339 ambitum,
3456 5273 3574 5328 imo

1927 5373 2296 5431 altitudinem
2319 5372 2652 5427 animarum
2706 5370 2881 5425 norit.
2942 5372 3025 5422 Et.
3086 5369 3294 5434 utrum,
3355 5362 3573 5434 inquit,

1921 5460 2145 5533 physici
2170 5470 2270 5529 est,
2294 5458 2360 5515 dc
2388 5460 2540 5515 omni
2556 5459 2744 5513 anima
2774 5456 3045 5512 disserere
3058 5470 3080 5517 ;
3109 5455 3324 5524 αηζηοη
3377 5450 3444 5507 de
3463 5464 3577 5505 om-

1925 5550 1991 5606 m’
2012 5549 2164 5606 alius
2192 5551 2560 5621 generis,sine
2589 5545 3069 5617 materia.ltaque
3101 5542 3357 5597 animam
3391 5556 3426 5596 a
3448 5553 3575 5594 ma-

1928 5640 2077 5695 teria
2108 5638 2498 5712 separabilem
2535 5636 2817 5710 agnoscit.
2857 5634 2928 5690 Et
2955 5634 3016 5689 in
3065 5632 3268 5689 eadem
3326 5629 3399 5685 de
3447 5643 3579 5701 par-

1927 5727 2475 5802 tibuslanimalium
2532 5724 3063 5783 commentatione:
3125 5719 3345 5777 Videtur
3385 5724 3578 5775 autem
