4010 6360
159 349 329 408 ius

1636 347 1736 408 DE
1781 348 2061 407 ANIMA.

3431 355 3590 418 1046

150 499 252 538 νιν
314 475 399 546 ἃν,
459 475 641 554 ὣσπερ
694 474 782 534 ἐπὶ
835 479 934 532 τοῦ
987 479 1185 553 κηροῦ.
1248 476 1595 554 ’Δφανίζουσι
1635 476 1739 553 γὰρ
1772 497 1797 532 ο

1939 481 1988 536 si
2045 498 2113 538 ea
2165 499 2378 556 corpus
2448 484 2674 551 fuisset,
2736 502 2877 544 sane
2935 486 3300 559 contigisset,
3378 491 3444 544 ut
3525 489 3585 546 in

161 565 544 643 ἐπιγινόμενοι
590 565 752 622 τύποι
792 565 920 628 τοὺς
976 565 1451 640 προϋπάρχοντας.
1503 562 1678 622 Ἀλλᾶ
1733 587 1797 620 κα

1931 586 2064 626 cera
2095 573 2388 628 usuvenit.
2423 574 2779 631 Posteriores
2802 576 2966 631 enim
3000 577 3197 647 figurae
3255 576 3587 650 superiores

154 659 197 726 ἡ
234 656 435 732 φυτικὴ
495 654 673 732 ψυχὴ,
713 653 836 724 ἥτις
895 653 1197 725 αἰσθήσεώς
1247 652 1358 709 ἐστι
1412 650 1820 728 καταδεεστέρα,

151 745 252 801 καὶ
287 745 420 814 αὐτὴ
475 743 567 799 καὶ
619 745 671 798 οἱ
724 744 954 822 φωτικοὶ
1013 742 1174 817 λόγοι
1236 740 1533 798 δείκνυνται
1585 743 1821 819 ἐναργῶς

154 836 392 911 ἀμερεῖς
458 830 647 902 ὄντες,
709 832 798 888 καὶ
859 831 947 890 διὰ
993 836 1156 888 τοῦτο
1209 830 1512 905 ἀσώματοι.
1573 833 1660 889 Ἐν
1716 834 1818 909 γὰρ

155 923 374 996 ἑκάστῳ
408 923 589 999 μορίῳ
616 927 714 977 τοῦ
740 922 1051 999 σπέρματος
1084 922 1136 980 οὶ
1188 920 1342 976 αὐτοὶ
1373 921 1597 998 φυσικοὶ
1656 919 1815 997 λόγοι

153 1012 469 1088 ἀμερίστως
494 1011 650 1081 εἰσὶν,
685 1005 866 1087 ὥσπερ
897 1011 988 1068 καὶ
1019 1011 1071 1066 iv
1097 1015 1179 1083 τῷ
1219 1009 1378 1065 παντὶ
1439 1009 1704 1084 σπέρματι
1765 1011 1816 1065 οἱ

151 1103 442 1178 θρεπτικοί
493 1102 584 1158 καὶ
615 1101 895 1174 αὖξητικοὶ
928 1099 1018 1156 καὶ
1065 1102 1116 1155 οἱ
1149 1097 1555 1156 διαπλαστικοί.
1610 1102 1814 1176 ’Ὠσπερ

147 1193 264 1268 γὰρ
289 1197 393 1246 πᾶν
421 1192 483 1247 τὸ
529 1185 875 1261 καταϐληθὶν
911 1187 1148 1264 σπέρμα,
1183 1188 1228 1243 εἰ
1285 1189 1650 1263 κατασχεθείη
1711 1190 1813 1246 ὑπὸ

143 1287 256 1349 τῆς
313 1282 547 1354 μήτρας,
579 1283 789 1336 τέΛειον
821 1281 883 1334 τὸ
917 1283 1054 1348 ζῶον
1083 1275 1361 1334 ἆποτελιῖ⁴
1395 1277 1538 1334 οὕτω
1575 1276 1670 1332 κᾶν
1733 1279 1808 1350 μή

144 1370 214 1424 τὸ
247 1375 373 1439 πᾶν,
400 1367 547 1426 ἀλλὰ
579 1368 798 1444 μόριον,
831 1365 984 1424 οὐδὲν
1042 1370 1204 1437 ἧττον
1237 1368 1480 1438 ποιήσει.
1532 1366 1596 1422 Εἰ
1627 1366 1808 1424 τοίνυν

151 1458 212 1516 οἲ
257 1459 479 1538 φυσικοὶ
534 1463 634 1516 τοῦ
667 1457 808 1528 ζώου
842 1457 997 1534 λόγοι
1031 1461 1189 1531 σῶμα
1217 1457 1376 1525 ἦσαν,
1409 1456 1514 1513 οὐκ
1545 1456 1809 1533 ήρῦναντο

152 1546 208 1602 ἐν
240 1546 322 1621 τῷ
351 1548 501 1620 αὐτῷ
532 1546 736 1625 μορίῳ,
797 1547 910 1621 ἅμα
937 1546 1028 1602 καὶ
1059 1548 1112 1602 οἱ
1139 1552 1238 1616 τῆς
1287 1544 1554 1624 κεφαλῆς,
1616 1545 1706 1600 καὶ
1755 1547 1809 1601 οἱ

151 1634 268 1691 τῶν
316 1634 500 1692 ποδῶν
533 1636 621 1692 καὶ
669 1637 885 1692 πάντων
935 1640 1045 1690 τῶν
1103 1634 1335 1709 μορίων,
1395 1634 1552 1691 εἶναι.
1613 1639 1720 1690 Νῦν
1751 1632 1808 1690 8i

155 1727 318 1801 εἰσιν,
377 1727 452 1789 ὡς
512 1724 566 1781 iv
622 1723 762 1799 τῷδε
815 1730 896 1798 τῷ
965 1725 1148 1799 μορίῳ
1205 1724 1421 1796 πάντες,
1467 1723 1610 1779 οὕτω
1639 1725 1727 1780 καὶ
1754 1723 1806 1779 iv

1932 659 2285 718 toltunt.Scd
2303 668 2360 717 et
2376 669 2653 734 vegetans
2671 664 3002 734 anima,etsi
3019 682 3196 721 sensu
3218 666 3473 724 deterior
3485 669 3586 736 sit,

1933 749 2078 822 igsa,
2123 751 2386 823 inquam,
2415 760 2466 806 et
2499 753 2803 824 vegetandi
2850 754 3105 810 rationes
3153 755 3278 811 sine
3316 755 3584 827 partibus

1929 855 2079 906 esse,
2115 845 2291 912 atque
2322 841 2394 896 ob
2417 858 2542 896 eam
2570 859 2691 899 rem
2716 843 3066 914 incorporea:
3090 844 3234 900 satis
3265 850 3464 918 aperte
3487 846 3582 901 de~

1929 934 2335 986 monstrantur
2353 932 2433 986 :in
2453 931 2715 1003 qualibet
2729 931 2883 990 enim
2908 939 3067 1004 parte
3086 934 3577 1004 seminis,eaadem

1928 1024 2068 1074 sunt
2106 1018 2357 1076 indivise
2380 1019 2676 1076 naturales
2702 1021 3489 1094 rationes,quemadmodum
3515 1023 3572 1080 in

1925 1109 2044 1162 toto
2076 1108 2319 1178 semine,
2349 1108 2563 1175 alendi,
2595 1109 2846 1180 augendi
2871 1114 2928 1164 et
2950 1108 3351 1166 conformandi
3403 1111 3574 1168 ratio-

1925 1213 2050 1252 nes.
2088 1197 2159 1253 Ut
2188 1197 2343 1252 enim
2390 1215 2564 1253 omne
2622 1198 2961 1255 immissum
3018 1215 3243 1265 semen,
3303 1201 3354 1256 si
3405 1205 3568 1258 utero

1923 1287 2414 1360 comprehensum
2455 1286 2649 1354 fuerit,
2702 1288 3020 1360 perfectum
3078 1288 3296 1348 animal
3347 1289 3564 1360 efﬁcit;

1921 1375 2002 1430 ita
2029 1377 2140 1432 etsi
2163 1393 2276 1433 non
2312 1381 2523 1446 totum,
2550 1377 2650 1432 sed
2693 1394 2851 1451 pars,
2886 1378 3272 1436 nihilominus
3319 1379 3564 1437 efﬁciet:

1919 1470 1978 1521 at
2007 1465 2054 1521 si
2088 1465 2384 1522 naturales
2413 1466 2725 1522 animantis
2778 1467 3036 1523 rationes
3081 1483 3295 1539 corpus
3347 1477 3562 1538 essent,

1918 1571 2032 1611 non
2065 1559 2304 1627 possent
2332 1554 2390 1610 in
2410 1556 2610 1610 eadem
2647 1560 2809 1628 parte
2831 1557 3030 1625 simul,
3059 1556 3292 1629 capitis,
3325 1558 3561 1629 pedum,

1915 1648 1972 1699 et
2004 1643 2365 1716 reliquarum
2401 1646 2652 1716 partium
2691 1645 2946 1702 rationes
2986 1646 3200 1704 inesse.
3241 1646 3374 1703 Jsm
3431 1663 3564 1703 vero

1917 1738 2056 1790 sunt
2077 1732 2236 1788 velut
2266 1733 2324 1787 in
2358 1733 2466 1790 hac
2491 1738 2652 1805 parte
2683 1750 2910 1804 omnes,
2965 1734 3284 1807 itidemque
3333 1735 3391 1790 in
3451 1735 3566 1795 alia

153 1813 318 1888 ἄλλῳ
372 1816 595 1879 πάντες·
662 1815 972 1891 ἀμερίστως
1026 1812 1130 1888 ἄρα
1184 1812 1551 1890 ἔνυπάρχουσι
1607 1813 1797 1877 πάντες

1914 1838 2120 1878 omnes
2154 1840 2168 1891 ;
2200 1822 2452 1879 indivise
2489 1823 2668 1896 igitur
2727 1824 2786 1879 in
2836 1823 3096 1896 qualibet
3146 1829 3312 1897 parte
3357 1824 3568 1882 insunt

151 1904 205 1960 ἐν
266 1905 472 1977 ἑκάστῳ
505 1903 702 1980 μορίῳ·
763 1904 1046 1978 ἀσώματοι
1104 1900 1206 1979 ἄρα
1262 1901 1384 1958 εἶσί·
1442 1902 1632 1979 τὸγὰρ
1664 1903 1798 1976 ἀμει-

149 1995 266 2069 pic,
295 1993 384 2051 καὶ
443 1992 757 2068 ἀσώματον·
815 1995 1018 2069 ’Ὠσπερ
1063 1997 1193 2068 γοῦν
1225 1991 1279 2048 iv
1308 1996 1388 2065 τῷ
1419 1991 1539 2065 ὅλῳ
1595 1989 1800 2066 δένδρῳ

147 2082 291 2138 ἐστὶν
363 2086 397 2153 ἢ
482 2104 540 2138 τε
593 2084 855 2159 θρεπτικὴ
911 2082 1002 2137 καὶ
1070 2081 1332 2153 αὐξητικὴ
1385 2082 1476 2139 καὶ
1532 2084 1794 2158 γενητική

148 2170 399 2247 δύναμις,
427 2172 570 2230 οὕτω
597 2174 685 2228 καὶ
719 2172 773 2228 iv
800 2177 880 2245 τῷ
908 2169 1114 2245 κλάδῳ,
1147 2171 1183 2241 ἢ
1211 2170 1262 2227 iv
1288 2176 1369 2244 τῷ
1397 2170 1668 2245 κλήματι,
1707 2172 1797 2228 καὶ

147 2265 201 2321 ἐν
231 2265 364 2341 αὐτῇ
391 2271 459 2342 τῇ
492 2263 843 2344 κεγχραμίδι.

228 2391 381 2448 Ἀλλ’
429 2390 567 2456 ’ἴσως
624 2391 918 2470 ἀπορήσειέ
975 2413 1080 2464 τις,
1139 2391 1300 2456 πόθεν
1335 2393 1424 2447 οὗν
1470 2393 1697 2467 sipara;
1734 2393 1794 2447 οὐ

152 2483 300 2557 παρὰ
345 2481 411 2536 τα
469 2479 519 2536 ὲν
581 2478 715 2537 δεῖνι
774 2479 1092 2550 πλεονάζειν
1151 2482 1214 2536 τὸ
1269 2482 1504 2555 σπέρμα.
1540 2482 1688 2536 Διατί
1740 2479 1797 2537 δὶ

151 2569 342 2642 πάλιν,
423 2570 467 2625 εἰ
546 2569 890 2644 ἀποτμηθείη
975 2575 1072 2624 τοῦ
1132 2571 1283 2626 σίτου
1343 2569 1558 2647 μόριον,
1618 2570 1795 2627 οὐκετι

154 2658 440 2736 βλαστάνει
491 2661 553 2714 τὸ
610 2657 853 2729 λοιπόνς
916 2656 1059 2714 διατί
1116 2655 1172 2716 δὲ
1231 2660 1259 2713 ὁ
1317 2657 1532 2732 φλοιὸς,
1564 2661 1628 2716 οὐ
1665 2661 1796 2736 βλα-

150 2751 344 2817 στάνει,
402 2749 436 2819 ἢ
470 2747 705 2827 φύλλον.
763 2745 800 2819 ἤ
856 2770 908 2806 τι
965 2753 1221 2822 τοιοῦτος
1278 2748 1455 2805 καίτοι
1486 2750 1574 2805 καὶ
1631 2754 1796 2808 ταῦτα

152 2839 320 2916 μόριά
373 2837 472 2892 εἰσι
524 2842 622 2892 τοῖ’)
680 2834 925 2910 δὲνδρου.
987 2837 1144 2914 Λέγω
1203 2836 1294 2892 οὗν
1351 2838 1474 2914 περί
1534 2839 1627 2911 μὶν
1684 2843 1795 2894 τῶν

143 2929 404 3006 τεράτων,
437 2926 519 2984 ὅτι
550 2926 656 2999 ὕλη
715 2926 855 2983 ἐστὶν
887 2930 922 2998 ἡ
956 2927 1119 2984 αἰτία·
1165 2925 1351 2997 ἐπειδὴ
1387 2926 1580 2984 δεῖκαὶ
1612 2928 1798 3001 ἐπιτη-

143 3015 424 3086 δειότητος
453 3021 554 3083 τῆς
584 3016 722 3089 ὕλης
752 3015 888 3073 κατὰ
916 3037 974 3074 τε
1037 3017 1100 3073 τὸ
1161 3017 1328 3073 ποσὸν
1355 3021 1446 3073 καί
1491 3018 1554 3074 τὸ
1611 3019 1792 3076 ποιόν.

141 3106 281 3177 Ὕλη
343 3104 399 3163 δὲ
448 3111 555 3162 τῶν
615 3108 770 3178 ζώων
825 3107 888 3162 τὸ
940 3109 1276 3182 καταμήνιον
1313 3151 1328 3166 .
1392 3107 1541 3180 Αὕτη
1604 3107 1695 3164 οὖν
1757 3111 1792 3182 ἢ

1915 1927 2157 1970 omnes:
2183 1928 2318 1985 ergo
2340 1911 2693 1984 incorporeas
2717 1917 2887 1970 sunt:
2907 1914 3063 1986 quod
3088 1913 3244 1970 enim
3269 1913 3561 1986 partibus,

1915 2002 1970 2057 id
2005 2007 2323 2074 etcorpore
2371 2005 2546 2058 caret.
2595 2002 3102 2066 Quemadmodum
3164 2003 3345 2076 igitur
3402 2006 3459 2058 et
3503 2003 3560 2058 in

1910 2095 2034 2147 tota
2080 2092 2308 2158 arbore,
2361 2090 2550 2157 altrix,
2603 2091 2828 2146 auctrix
2874 2097 2931 2147 et
2979 2092 3258 2165 gignendi
3311 2091 3562 2149 facultas

1909 2185 2041 2236 est.‘
2076 2181 2161 2236 sic
2191 2181 2364 2236 etiam
2402 2181 2456 2235 in
2476 2197 2660 2247 ramo,
2693 2185 2749 2236 et
2778 2181 2835 2236 in
2869 2179 3131 2252 palmite,
3182 2186 3239 2237 et
3283 2184 3339 2240 in
3402 2183 3557 2254 ipso~

1909 2271 1999 2329 iloi
2035 2285 2237 2343 grano.

1979 2394 2050 2448 Et
2111 2392 2406 2464 qumsierit
2459 2393 2705 2450 fortasse
2754 2393 3072 2467 quispiam,
3143 2395 3298 2450 unde
3371 2395 3556 2468 igitur

1909 2481 2217 2538 monstra?
2240 2500 2351 2538 non
2368 2481 2523 2538 enim
2551 2483 2704 2554 quod
2731 2483 2788 2538 in
2830 2483 3021 2554 aliquo
3043 2484 3303 2540 abundet
3326 2499 3549 2544 semen.

1907 2572 2018 2628 Sed
2079 2589 2308 2642 rursus,
2361 2588 2468 2626 cur
2506 2571 2652 2627 elisa
2707 2571 2874 2647 grani
2916 2572 3202 2644 particula
3260 2573 3552 2646 reliquum

1908 2660 2117 2716 deinde
2142 2678 2254 2716 non
2290 2660 2582 2732 germinat
2606 2663 2751 2716 i’eur
2780 2664 2974 2717 autem
3000 2665 3214 2732 cortex,
3237 2663 3325 2720 vel
3349 2664 3554 2721 folium

1907 2749 1992 2805 vel
2028 2750 2330 2822 quidpiam
2383 2750 2676 2821 ejusmodi
2730 2767 2845 2806 non
2904 2751 3410 2823 germinat?{etsi
3467 2753 3553 2810 hes

1907 2856 2138 2912 quoque
2197 2844 2390 2912 partes
2442 2841 2562 2894 sint
2611 2840 2856 2896 arboris.
2910 2841 2990 2896 De
3039 2843 3323 2898 monstris
3359 2842 3558 2915 itaque

1906 2927 2292 2999 dieo,horum
2327 2945 2559 2984 causam
2587 2945 2715 2985 esse
2775 2930 3119 2986 materiam:
3171 2930 3350 3004 hujus
3401 2933 3558 2990 enim

1906 3017 2469 3089 accommodatione,
2503 3023 2628 3074 tum
2664 3017 3039 3090 quantitati,
3079 3023 3206 3076 tum
3260 3021 3560 3094 qualitatis

1907 3125 2055 3180 opus
2077 3106 2435 3164 est.Materia
2457 3113 3052 3177 autem,menstruum
3079 3114 3169 3165 est
3189 3109 3555 3169 animalium:

144 3195 540 3270 πλεονὶζουσα,
667 3193 937 3268 ἐνδέουσα,
998 3199 1033 3268 ἢ
1067 3197 1212 3272 παρᾶ
1237 3197 1393 3276 φύσιν
1422 3220 1622 3269 πεποιη
1636 3200 1792 3272 μὲνη,

1913 3198 2031 3254 haec
2062 3198 2242 3270 igitur
2271 3197 2317 3252 si
2343 3198 2620 3266 abundet,
2654 3198 2741 3252 vel
2769 3197 3020 3267 deficiat,
3053 3198 3141 3254 vel
3186 3203 3393 3268 prater
3447 3217 3559 3257 ns-

149 3291 257 3342 τῶν
284 3287 522 3362 τεράτων
579 3285 720 3342 ὶστὶν
785 3289 821 3357 ἠ
881 3285 1046 3344 αίτία.
1106 3287 1205 3347 Καὶ
1254 3289 1494 3343 καθόλου
1522 3285 1577 3342 δὲ
1631 3310 1797 3366 φημι,

149 3375 235 3433 ὅτι
287 3377 342 3430 αἱ
403 3373 661 3449 δυτάμεις
720 3373 900 3443 αὗται,
957 3375 1122 3432 εἶκαὶ
1171 3374 1452 3450 ἀσώματοι
1484 3375 1641 3436 είσιν·
1677 3375 1804 3432 ἆλΛ⁹

153 3464 208 3521 iv
270 3464 611 3542 ὑποκειμένῳ
665 3468 746 3538 τῷ
804 3465 1016 3538 σώματι
1067 3466 1130 3520 τὸ
1193 3466 1323 3524 εἶναι
1355 3463 1567 3543 ἔχουσι,
1599 3465 1802 3524 καὶῖνα

153 3556 254 3607 ὦσι
312 3551 518 3609 δέονται
574 3551 890 3630 σῦμμετρου
937 3551 1084 3628 ἔχειν
1140 3554 1204 3609 τὸ
1262 3553 1654 3628 ὑποκείμενον,
1711 3557 1801 3614 καὶ

154 3642 409 3716 ποιότητι
466 3641 556 3697 καὶ
612 3642 898 3714 ποσότητι,
957 3645 1072 3700 οἷον
1130 3641 1158 3696 ὁ
1215 3640 1418 3706 κύκλος
1447 3644 1536 3704 καὶ
1567 3643 1798 3714 ἁπλοῦς,

152 3731 216 3788 τὸ
277 3734 438 3807 σῶμα
493 3726 778 3788 δείκνυται·
840 3727 968 3784 αὐτὸ
1029 3729 1123 3802 μὲν
1176 3730 1453 3786 καθ“αὖτὸ
1482 3728 1684 3786 ἅποσον
1744 3731 1802 3786 ὅν

150 3819 242 3874 καῖ
300 3819 580 3894 ἆμὲγεθες,
635 3817 725 3872 καὶ
785 3817 975 3880 ἁπλῶς
1036 3818 1344 3891 ἀσώματον.
1379 3819 1494 3877 Οὐκ
1523 3817 1580 3874 ἃν
1615 3817 1670 3874 δὲ
1703 3841 1800 3875 συ-

149 3907 336 3976 σταίη,
396 3905 438 3964 εί
499 3906 575 3980 μή
638 3901 975 3964 ὖπολάῦοιτο
1027 3906 1410 3980 ὑποκειμένου,
1465 3908 1554 3963 καὶ
1592 3908 1798 3990 μεγέθει

147 3995 465 4074 συμμέτρου
510 3995 600 4049 καὶ
630 3993 910 4066 ποιότητι,
969 3998 1083 4052 οἷον
1118 3995 1216 4051 οὐκ
1268 3994 1328 4053 ἃν
1383 3995 1433 4051 ἐν
1473 4003 1653 4073 μικρῷ
1709 3998 1798 4052 καὶ

142 4085 418 4158 ἀκαριαίῳ
449 4084 660 4160 σώματι
694 4084 917 4155 συσταίη
965 4083 1028 4139 ἂν
1085 4085 1309 4156 κύκλος,
1369 4083 1493 4142 οὐδὲ
1546 4085 1596 4141 iv
1649 4087 1798 4164 ὑγρῷ

144 4172 396 4249 διαρῤἐον
422 4195 497 4230 τι.
557 4172 747 4238 Οὕτως
798 4172 889 4230 οὖν
939 4175 1028 4229 καὶ
1088 4174 1174 4230 ἐπὶ
1206 4179 1301 4230 τοῦ
1331 4175 1599 4251 παρόντος
1654 4175 1796 4250 λὲγω

142 4262 254 4335 ὅτι,
288 4262 332 4317 εἰ
364 4265 454 4317 καὶ
485 4263 707 4336 ἀμερεῖς
741 4265 791 4318 οἱ
821 4263 976 4340 λόγοι
1008 4266 1127 4327 καθ’
1160 4265 1396 4336 ἑαυτοῖς,
1430 4264 1556 4320 ἀλλ’
1606 4261 1792 4333 ἐπειδὴ

144 4353 200 4408 ἐν
236 4353 578 4424 ὑποκειμένῳ
610 4353 820 4426 σώματι
878 4353 942 4407 τὸ
1002 4353 1136 4407 εἶναι
1194 4351 1438 4428 ἔχουσιν,
1473 4353 1578 4428 οὐχ
1607 4351 1796 4414 ἁπλῶς

143 4440 204 4496 δὲ
236 4447 339 4494 πᾶν
401 4445 580 4513 σῶμα,
643 4441 677 4510 ἢ
741 4442 816 4503 ὡς
849 4439 1038 4518 ἔτυχεν
1071 4438 1224 4518 ἔχον,
1259 4443 1373 4496 οἷόν
1401 4442 1458 4496 τὲ
1489 4441 1598 4496 ἐστι
1630 4463 1791 4497 κατα-

139 4529 395 4603 δέξασθαι
440 4528 570 4592 τοῦς
601 4529 821 4605 λόγους,
854 4527 944 4585 διὰ
971 4535 1133 4586 τοῦτο
1167 4529 1247 4587 δεῖ
1277 4533 1362 4586 καὶ
1422 4528 1794 4602 ἐπιτηδειότη-

135 4639 237 4680 τος
260 4623 359 4674 τοῦ
419 4618 800 4692 ὑποκειμένου.
862 4620 928 4676 Εἰ
987 4617 1045 4675 δὶ
1096 4618 1244 4682 ὅλως
1301 4620 1633 4695 εὑρίσκονται
1664 4621 1717 4676 αὶ
1741 4619 1792 4674 ἐν

132 4713 222 4780 τῷ
260 4707 376 4780 ὅλῳ
427 4704 634 4781 δενδρῷ
691 4705 967 4784 δυνάμεις,
1023 4715 1188 4766 πᾶσαι
1218 4708 1548 4771 νάνελλιπῶς
1592 4711 1679 4766 καὶ
1735 4707 1789 4766 ἓν

131 4816 250 4852 τισι
313 4797 518 4872 μέρεσιί
578 4793 750 4866 δῆλον
800 4795 882 4852 ὅτι
916 4794 986 4852 δι’
1030 4794 1283 4870 οὐδεμίαν
1318 4795 1494 4867 ὰλλην
1527 4797 1721 4864 αἰτίαν,
1752 4796 1788 4864 ἢ

135 4884 233 4944 Bai
259 4886 323 4942 τὸ
382 4884 601 4960 ἀμερεῖς
662 4885 796 4943 εἶναι
845 4883 1010 4949 αὐτὰς
1061 4888 1179 4953 καθ’
1211 4886 1388 4948 αὐτάς.
1424 4885 1487 4942 Ei
1527 4885 1627 4961 γὰρ
1657 4886 1791 4954 ἦσαν

135 4976 390 5048 σώματα,
424 4972 548 5030 οὕτε
593 4972 659 5043 δή
721 4974 772 5029 iv
803 4979 881 5046 τῷ
910 4973 1276 5049 ἀποτμηθέντι
1327 4971 1514 5046 κλάδῳ
1545 4973 1670 5030 ὅλαι
1730 4971 1788 5029 ἂν

131 5065 302 5134 ἦσαν,
333 5065 422 5118 καὶ
451 5063 514 5118 τὸ
545 5061 766 5140 δένδρον
826 5058 1062 5122 κολοϐὸν
1094 5063 1156 5120 ’ἀν
1183 5066 1272 5133 ἤν.
1323 5064 1384 5120 Εἴ
1417 5061 1474 5120 δὲ
1511 5085 1595 5126 τις
1627 5062 1791 5132 sinet,

131 5149 289 5209 ἀλλὰ
319 5149 536 5208 δύναται
590 5151 794 5227 λεγειν,
854 5151 935 5208 ὅτι
994 5152 1219 5226 σώματά
1268 5153 1397 5208 εἰσιν
1459 5155 1792 5226 ὁμοιομερῆ,

131 5241 212 5297 δι’
255 5239 390 5299 ὅλου
444 5242 670 5311 ἥκοντα.
731 5244 854 5300 Τῶν
911 5239 968 5297 ὁὶ
999 5244 1351 5316 ὁμοιομερῶν
1375 5243 1438 5297 τὸ
1469 5242 1597 5301 αὐτό
1652 5241 1792 5301 ἔστιν

131 5327 284 5392 εἶδος
315 5328 366 5384 iv
407 5335 486 5402 τῷ
520 5333 695 5409 μέρει,
726 5331 860 5408 ’ὅπερ
890 5333 977 5387 καὶ
1025 5332 1076 5387 iv
1129 5353 1209 5405 τῳ
1267 5331 1404 5405 ὃλιιρν
1441 5333 1514 5394 ὡς
1550 5331 1637 5387 ἐπὶ
1693 5338 1794 5400 τῆς

129 5421 336 5496 σαρκὸς
383 5415 500 5496 ἔχει
548 5421 612 5476 τὸ
644 5422 997 5498 ὁμοιομερές.
1041 5423 1284 5497 Λὲγομεν
1344 5422 1481 5494 πρὸς
1509 5426 1694 5489 τοῦτο,
1747 5423 1791 5478 εἶ

128 5511 278 5579 ἦσαν
311 5510 623 5584 ὁμοιομερῆ
674 5507 920 5581 σώματα,
963 5509 1063 5566 οὐκ
1113 5509 1176 5564 ἃν
1234 5511 1527 5590 ἐχώρησαν
1573 5510 1677 5568 ὂλα
1727 5509 1794 5566 δι’

131 5596 281 5669 ὃλης
327 5600 426 5667 τῆς
485 5597 866 5671 ὑποκειμένης·
910 5603 1071 5672 σῶμα
1125 5599 1231 5675 γὰρ
1264 5596 1351 5654 διὰ
1382 5599 1636 5673 σώματος
1684 5619 1797 5676 χω-

136 5695 304 5764 ρῆσαι
362 5684 645 5744 άδῦνατον.
677 5686 749 5746 Ei
773 5688 954 5744 τοίνυν
982 5689 1038 5742 αἱ
1066 5685 1474 5765 καταδείστεραι
1529 5693 1639 5746 τῶν
1692 5693 1792 5764 ψυ-

1912 3293 2106 3343 turam
2150 3287 2344 3353 fuerit,
2378 3292 2774 3344 monstrorum
2816 3304 2996 3343 causa
3024 3291 3134 3344 est.
3185 3290 3368 3361 Atque
3426 3290 3560 3346 uni-

1911 3393 2072 3433 verse
2097 3377 2247 3443 dico,
2274 3377 2443 3432 hasce
2461 3381 2831 3449 postestates,
2856 3379 2965 3434 etsi
2987 3377 3339 3450 incorporea:
3397 3382 3556 3450 sunt,

1911 3482 2040 3522 esse
2073 3471 2267 3520 tamen
2296 3467 2355 3520 in
2378 3467 2641 3536 subjecto
2673 3471 3116 3541 corpore,atque
3147 3471 3211 3523 ut
3257 3467 3396 3536 sint,
3457 3485 3556 3525 ac-

1910 3555 2282 3610 commodato
2311 3553 2505 3618 sibi,et
2529 3555 2860 3626 quantitate
2889 3561 2946 3610 et
2976 3555 3555 3632 qualitate,subjecto

1911 3644 2193 3716 indigere.
2231 3644 2739 3709 Quemadmodum
2773 3643 3027 3700 circulus
3059 3645 3235 3700 etiam
3285 3645 3554 3717 simplex.

1909 3751 2122 3808 corpus
2153 3735 2430 3804 ostendit,
2465 3735 2562 3806 qui
2600 3752 2701 3807 per
2727 3735 2933 3811 seipse
2957 3735 3194 3806 quidem
3228 3736 3556 3808 quantitate

1910 3841 1974 3878 ae
2009 3825 2416 3895 magnitudine
2438 3830 2614 3891 caret,
2647 3829 2703 3878 et
2736 3824 2906 3896 plane
2933 3825 3314 3897 incorporeus
3346 3829 3554 3882 est:at

1909 3919 2176 3968 constare
2211 3931 2320 3968 non
2349 3919 2560 3985 potest,
2604 3913 2716 3968 nisi
2753 3913 3086 3984 subjectum
3146 3918 3204 3969 et
3262 3913 3555 3986 magnitu-

1909 4003 2127 4071 dine,et
2159 4003 2442 4073 qualitate
2474 4003 2585 4057 sibi
2610 4003 3045 4058 accommodum
3095 4007 3304 4058 nactus
3338 4002 3551 4058 fuerit:

1908 4109 2042 4146 nam
2079 4092 2134 4145 in
2172 4109 2340 4161 parvo
2373 4098 2429 4146 et
2455 4091 2585 4146 exili
2617 4109 2854 4162 corpore
2877 4097 3147 4147 constare
3178 4091 3434 4148 circulus
3457 4107 3556 4148 ne-

1909 4179 2056 4253 quit,
2092 4180 2362 4252 nequein
2406 4181 2648 4236 humido
2700 4181 2921 4254 aliquid
2982 4181 3188 4236 fluens.
3248 4181 3338 4236 Sic
3378 4180 3558 4253 igitur

1906 4274 1962 4323 et
1996 4269 2051 4323 in
2087 4286 2145 4324 re
2180 4271 2445 4339 prazsenti
2495 4271 2655 4325 dico:
2706 4271 2815 4328 etsi
2861 4287 2959 4342 per
3017 4287 3079 4326 se
3137 4269 3396 4325 indivisa
3439 4269 3560 4325 sint

1907 4358 2184 4421 rationes,
2213 4363 2523 4430 postquam
2553 4365 2745 4414 tamen
2764 4360 2822 4414 in
2849 4361 3113 4430 subjecto
3135 4375 3374 4431 corpore
3395 4363 3556 4426 sunt,

1907 4462 2095 4518 neque
2120 4447 2662 4518 simpliciter,omne
2681 4465 2893 4520 corpus
2919 4450 3026 4503 nisi
3055 4453 3117 4503 ut
3147 4453 3552 4520 comparatum

1905 4543 2016 4599 est,
2049 4536 2302 4591 rationes
2335 4538 2632 4609 suscipere
2665 4543 2852 4608 potest
2887 4556 2900 4593 :
2940 4544 3246 4610 propterea
3305 4537 3553 4608 subjecti

1902 4626 2443 4680 accommodatione
2473 4644 2619 4698 opus
2643 4633 2750 4682 est.
2788 4629 2886 4682 Sin
2921 4633 3114 4682 autem
3146 4643 3274 4699 quae
3323 4628 3383 4682 in
3432 4631 3556 4681 tota

1900 4720 2037 4768 sunt,
2071 4715 2275 4768 arbore
2302 4720 2637 4786 potestates,
2672 4733 2875 4770 omnes
2903 4717 3082 4788 plena!
3117 4715 3553 4787 atqueintegra

1903 4804 2078 4857 etiam
2116 4802 2170 4856 in
2207 4803 2560 4874 quibusdam
2595 4805 2860 4874 partibus
2891 4805 3294 4870 inveniuntur,
3327 4803 3549 4860 nullam

1900 4892 1954 4946 id
1992 4891 2164 4944 aliam
2199 4892 2272 4944 ob
2304 4909 2539 4945 causam
2569 4893 2646 4962 fit,
2683 4910 2858 4964 quam
2882 4895 3030 4964 quod
3067 4909 3166 4964 per
3197 4909 3259 4948 se
3291 4892 3552 4947 indivisa

1904 4985 2076 5035 sunt:
2113 4980 2159 5032 si
2184 4981 2337 5034 enim
2369 4997 2608 5051 corpora
2640 4987 2856 5048 essent,
2887 4999 3000 5038 non
3043 4998 3249 5038 omnes
3297 4982 3356 5036 in
3417 4981 3550 5037 abs-

1904 5069 2058 5125 cisso
2084 5085 2244 5124 ramo
2278 5083 2491 5135 essent,
2525 5071 2768 5141 ipsaque
2801 5072 2975 5126 arbor
3010 5087 3216 5126 manca
3254 5073 3310 5124 et
3341 5068 3555 5124 mutila

1912 5159 2077 5213 foret.
2112 5158 2168 5213 Si
2201 5158 2332 5229 quis
2359 5165 2550 5212 autem
2576 5164 2907 5231 retorqueat
2941 5178 2954 5220 ς
2989 5161 3087 5215 sed
3123 5157 3551 5231 proelivedietu

1911 5252 2019 5314 est,
2055 5264 2151 5302 eas
2177 5263 2304 5302 esse
2331 5263 2575 5318 corpora
2607 5249 2890 5304 similium
2913 5250 3190 5322 partium,
3215 5265 3342 5319 quae
3364 5252 3552 5303 totum

1912 5337 2268 5408 pervadant:
2302 5354 2502 5392 eorum
2560 5354 2692 5394 vero
2751 5355 2876 5409 quae
2936 5338 3233 5393 similibus
3281 5340 3555 5393 constant

1911 5425 2176 5498 partibus
2208 5428 2471 5480 eamdem
2504 5444 2632 5481 esse
2671 5427 2916 5482 formam
2948 5427 3005 5481 in
3065 5433 3246 5498 parte,
3297 5442 3426 5497 qum
3491 5426 3551 5481 in

1906 5518 2054 5580 toto,
2089 5519 2150 5569 ut
2173 5514 2230 5570 in
2257 5531 2428 5570 carne
2449 5533 2510 5570 se
2541 5515 2717 5571 habet
2750 5515 2848 5572 illa
2891 5515 3143 5587 partium
3197 5514 3551 5570 similitudo.

1903 5604 2012 5658 Sed
2047 5605 2508 5675 respondemus:
2544 5604 2591 5660 si
2623 5608 2942 5676 potestates
2965 5604 3080 5659 illae
3111 5601 3395 5660 similium
3420 5619 3552 5676 par-

1904 5692 2053 5748 tium
2082 5708 2325 5766 corpora
2357 5697 2576 5762 essent,
2603 5708 2901 5764 nunquam
2934 5697 3057 5749 tota
3086 5709 3189 5766 per
3217 5695 3394 5748 totam
3429 5707 3552 5749 rem
