4060 6348
439 330 597 395 1047

1781 329 2200 391 διιοιιΑΕωε
2246 330 2513 393 PSELLI

3702 326 3858 389 1048

439 463 767 534 subjectam
800 463 1505 535 pertransissentﬂwpus
1537 462 1938 533 enim,corpus
1988 477 2083 534 pc-

2215 464 2374 534 (ικῶν
2410 458 2689 533 δυνάμεων
2724 460 3005 531 ἀσώματοι
3037 457 3236 530 πολλῷ
3290 456 3501 531 μᾶλλον
3631 456 3855 532 λογική,

440 556 674 608 netrare
704 568 819 607 non
852 554 1059 623 potest.
1094 552 1154 607 Si
1186 568 1322 624 ergo
1348 551 1722 622 ignobiliores
1754 550 1864 605 ille
1883 551 2094 605 animae

444 644 782 715 potestates,
814 641 939 696 sine
967 657 1209 712 corpore
1242 646 1402 707 sunt,
1436 641 1619 696 multo
1666 640 1858 711 magis
1916 638 2090 694 ratio-

444 730 538 786 nis
568 727 1032 801 compos,’,longe
1061 730 1194 785 istis
1226 730 1616 802 prestantior.
1667 733 1738 784 Ac
1788 728 1913 783 sine
1968 745 2092 783 cor-

448 834 583 891 pore
609 818 1311 888 esse,communibusillis
1337 819 1703 890 argumentis
1724 819 2095 873 demonstra-

445 913 572 963 tum
594 912 721 962 est:
747 907 848 962 sed
874 906 982 962 hoc
1006 908 1249 979 insuper
1272 909 1343 963 de
1365 907 1493 978 ipsa
1514 907 1806 978 peculiare
1824 906 2091 961 dicimus.

445 994 682 1051 Nullum
717 1011 929 1067 corpus
970 995 1228 1067 seipsum
1289 996 1609 1067 cognoscit,
1658 1012 1845 1068 neque
1899 994 2093 1065 ipsum

446 1085 518 1140 ad
549 1099 610 1140 se
639 1084 1000 1139 convertitur
1033 1102 1045 1140 :
1081 1102 1194 1140 non
1227 1085 1383 1140 cnim
1410 1102 1623 1140 manus
1655 1090 1756 1139 aut
1786 1083 1943 1138 aliud
1968 1099 2093 1137 cor-

448 1188 560 1245 pus
591 1189 651 1228 se
685 1174 845 1228 novit
873 1194 887 1243 ς
929 1174 1030 1228 sed
1066 1190 1253 1246 neque
1287 1174 1511 1229 ratione
1543 1189 1719 1229 cassae
1754 1176 2093 1246 potestates,

449 1261 560 1317 etsi
593 1262 950 1333 incorporoze
980 1262 1119 1331 sint,
1154 1263 1380 1334 seipsas
1426 1268 1641 1318 norunt
1676 1280 1689 1330 ;
1744 1279 1859 1317 non
1910 1261 2093 1331 visus,

449 1350 535 1407 vel
567 1351 950 1419 auditus,non
985 1368 1188 1408 omnes
1211 1352 1463 1423 denique
1486 1368 1697 1408 sensus
1723 1366 1933 1422 :neque
1955 1351 2095 1407 item

451 1439 765 1511 inquirunt
796 1442 966 1512 cujus
998 1441 1120 1497 sint
1153 1446 1375 1497 naturae
1411 1459 1424 1509 ;
1461 1442 1560 1497 scd
1614 1441 1763 1496 ratio
1813 1444 1921 1505 est,
1971 1457 2095 1511 quae

453 1528 526 1585 de
555 1528 701 1602 ipsis
727 1530 1072 1601 inquirit.At
1100 1545 1162 1587 se
1194 1531 1321 1603 ipsa
1351 1531 1507 1586 novit
1556 1529 1800 1586 rationis
1858 1546 2098 1603 compos

456 1617 657 1673 anima
689 1644 704 1686 ;
735 1619 865 1691 ipsa
895 1619 1072 1691 igitur
1092 1625 1201 1688 est,
1242 1637 1368 1693 quae
1392 1620 1655 1691 inquirit,
1691 1623 1746 1674 et
1768 1620 1838 1674 de
1869 1636 1985 1691 qua
2015 1618 2100 1674 in-

459 1706 715 1779 quiritur
747 1725 761 1775 ;
811 1708 941 1781 ipsa
972 1716 1081 1776 est,
1114 1727 1240 1782 quae
1290 1710 1525 1782 reperit,
1548 1710 1753 1780 etﬁquae
1776 1708 2096 1779 reperitur;

2201 548 2458 623 κρείττων
2514 549 2645 604 οὖσα
2698 546 2918 620 πολλῷ.
2947 548 3067 604 Ὅτι
3114 548 3215 622 γὰρ
3247 546 3339 602 καὶ
3369 547 3506 615 αὐτή
3540 547 3857 619 ἀσώματος,

2204 634 2467 693 δέδεικται
2528 638 2621 711 μὶν
2681 637 2771 692 καὶ
2829 634 2919 691 διὰ
2972 641 3080 692 τῶν
3113 640 3310 691 κοινῶν
3351 635 3549 712 λόγων.
3614 636 3854 709 Λέγομεν

2204 722 2261 779 δὲ
2318 726 2411 781 καὶ
2464 724 2575 780 ἴδια
2630 725 2717 780 ἐπὶ
2748 724 2914 794 αὐτῆς
2968 726 3166 787 οὓτως.
3223 722 3387 780 Οὐδὲν
3448 730 3555 779 τῶν
3585 725 3854 798 σωμάτων

2201 814 2330 869 αὐτὸ
2362 816 2518 869 ἑαυτὸ
2543 815 2820 890 γινώσκει,
2873 812 2997 869 οὐδὲ
3046 815 3185 891 πρὸς
3244 815 3402 869 ἑαυτὸ
3460 813 3857 892 ἐπιστρέφεται.

2203 904 2282 960 Οὐ
2313 906 2414 980 γὰρ
2446 902 2586 958 οἶδεν
2620 905 2812 973 ἑαυτὴν
2846 906 2879 972 ἡ
2913 904 3062 979 χεὶρ,
3093 903 3127 972 ἧ
3162 900 3305 959 ἄλλο
3334 925 3385 958 τι
3419 908 3525 957 τῶν
3559 904 3854 976 σωμάτων·

2203 990 2329 1047 ἀλλ’
2362 991 2487 1047 οὐδὲ
2516 994 2570 1047 αἱ
2599 991 2796 1067 ἄλογοι
2827 990 3105 1065 δυνάμεις,
3138 992 3314 1048 καίτοι
3366 992 3647 1065 ἀσώματοι
3679 992 3857 1059 οῦσαι,

2204 1082 2392 1142 ἑαυτὰς
2424 1079 2621 1139 ἴσασιν.
2655 1081 2732 1138 Οὐ
2764 1081 2868 1157 γὰρ
2898 1080 3040 1136 οἶδεν
3075 1082 3268 1149 έαυτήν
3314 1084 3349 1150 ἡ
3383 1077 3506 1155 ὄψις
3537 1078 3573 1149 ἤ
3606 1083 3643 1150 ἡ
3692 1080 3856 1151 ἀκοή·

2203 1168 2239 1239 ἤ
2300 1169 2490 1234 ἁπλῶς
2548 1166 2818 1241 αἴσθησις·
2877 1167 3005 1225 οὐδὲ
3061 1175 3210 1240 ζητεῖ
3238 1168 3402 1231 ποίας
3461 1169 3569 1223 ἐστὶ
3624 1170 3859 1247 φύσεως,

2206 1256 2334 1313 ἀλλ’
2366 1259 2393 1312 6
2426 1257 2594 1334 λόγος
2623 1259 2764 1314 ἐστὶν
2798 1259 2826 1313 6
2858 1259 2981 1334 περὶ
3004 1258 3179 1313 αὐτῶν
3206 1260 3446 1329 ζητῶν,ἡ
3475 1259 3570 1331 μέν
3591 1279 3678 1313 τοι
3702 1260 3860 1333 ψυχή

2206 1349 2240 1416 ἡ
2285 1346 2509 1422 λογική,
2571 1347 2704 1417 αὐτὴ
2757 1348 2952 1417 ἑαυτὴν
2980 1348 3266 1423 γινώσκει·
3302 1347 3437 1415 αὐτή
3466 1351 3593 1423 γοῦν
3623 1345 3768 1401 ἐστιν
3826 1350 3859 1416 ἡ

2209 1441 2467 1508 ζητοῦσα,
2501 1439 2639 1507 αὐτή
2672 1441 2708 1508 ἡ
2743 1439 3071 1511 ζητουμένη·
3108 1438 3245 1508 αὐτή
3277 1440 3311 1507 ἡ
3346 1437 3689 1512 εὖρίσκουσα,
3725 1437 3861 1505 αὐτὴ

2206 1529 2241 1596 ἡ
2295 1527 2675 1602 εὑρισκομένη·
2730 1530 2764 1596 ἡ
2795 1526 3134 1603 γινώσκουσα
3164 1527 3254 1582 καὶ
3283 1528 3683 1602 γινωσκομένη·
3723 1527 3864 1581 ἀσώ-

2211 1636 2379 1690 ματος
2408 1613 2509 1690 ἅρα
2538 1615 2772 1693 ἐναργῶς
2813 1613 3211 1671 ἀποδέδεικται.
3265 1618 3387 1673 Ἔτι
3416 1616 3470 1669 αἱ
3530 1615 3580 1670 ἐν
3640 1615 3863 1671 ὑποκει-

2214 1706 2359 1779 μένῳ
2388 1709 2468 1777 τῷ
2500 1705 2712 1778 σώματι
2773 1703 3053 1778 δυνάμεις,
3107 1704 3506 1777 συνακμάζουσί
3533 1725 3591 1759 τε
3616 1708 3697 1777 τῷ
3753 1706 3862 1758 σώ-

459 1812 588 1867 qum
620 1798 937 1869 cognoscit,
960 1802 1016 1854 et
1037 1816 1164 1870 qua:
1196 1796 1954 1868 cognosciturﬂanc‘igitur
1972 1797 2100 1851 sine

2215 1816 2341 1868 ματι
2371 1794 2461 1849 καὶ
2495 1798 2981 1871 συναμαυροῦνται.
3014 1799 3265 1850 Τοιαῦται
3296 1798 3422 1870 γοῦν
3459 1795 3515 1848 αἱ
3554 1793 3858 1865 αἰσθήσεις,

2330 1881 2969 1898 ...........
3628 1881 3642 1898 ι

458 1901 696 1956 corpore
725 1902 853 1942 esse
904 1887 1211 1959 perspicue
1240 1887 1628 1944 ostendimus.
1652 1886 1951 1953 Praeterea,
1972 1902 2099 1958 quae

461 1974 520 2029 in
551 1975 810 2047 subjecto
832 1992 1072 2048 corpore
1100 1980 1257 2045 sunt,
1291 1981 1627 2048 potestates,
1663 1991 1779 2029 una
1808 1989 1941 2029 cum
1982 1990 2100 2029 cor-

461 2063 982 2135 poreinvalescunt
1010 2069 1068 2120 et
1095 2065 1490 2121 obsolescunt.
1525 2064 1699 2119 Tales
1747 2062 1927 2136 igitur
1963 2067 2103 2118 sunt

2213 1884 2403 1957 θυμὸς,
2435 1882 2714 1958 ἐπιθυμία.
2768 1886 2830 1940 Ἡ
2863 1881 2921 1938 δὲ
2950 1882 3150 1959 λογική
3183 1885 3337 1959 ψυχή
3370 1885 3429 1937 τὸ
3464 1881 3729 1951 ἐναντίον,
3767 1905 3863 1956 μα‹

2212 1974 2533 2047 ραινομένου
2589 1977 2687 2028 τοῦ
2728 1974 2983 2047 σώματος
3034 1972 3168 2042 αὐτή
3210 1973 3471 2045 ἀκμάζει·
3526 1971 3626 2028 οὐκ
3654 1970 3761 2049 ἄρα
3809 1972 3860 2027 ἐν

2215 2060 2559 2135 ὑποκειμένῳ
2590 2061 2699 2117 ἐστὶ
2728 2068 2809 2135 τῷ
2841 2062 3077 2135 σώματι·

460 2168 711 2221 sensus;
744 2157 871 2208 tum
920 2159 977 2210 et
1024 2154 1299 2221 irascens,
1354 2158 1411 2209 et
1442 2152 1864 2225 concupiscens
1900 2170 1912 2207 :
1956 2156 2159 2208 contra
2195 2166 2330 2207 vero
2377 2151 2747 2209 rationabilis
2794 2152 3013 2223 anima,
3058 2155 3451 2208 marcescente
3495 2168 3739 2225 corpore
3776 2152 3865 2207 vi-

454 2246 551 2312 get
582 2240 789 2313 ipsa,et
813 2243 999 2298 ﬂoret.
1033 2243 1157 2300 Non
1216 2249 1307 2299 est
1365 2243 1543 2315 igitur
1600 2243 1659 2298 in
1707 2258 1947 2315 corpore
1979 2246 2263 2313 tanquam
2317 2241 2375 2297 in
2400 2242 2684 2313 subjecto.

518 2348 739 2406 Deinde
770 2349 916 2406 nihil
949 2351 1005 2406 id
1042 2351 1301 2423 molitur,
1336 2357 1399 2407 ut
1439 2351 1769 2422 subjectum
1811 2350 1923 2405 sibi
1972 2366 2092 2405 cor-

445 2444 719 2515 rumpat:
743 2439 943 2495 omnia
973 2441 1130 2495 enim
1161 2457 1292 2497 esse
1322 2444 1623 2512 expetunt.
1656 2437 2093 2511 Atjirationabi-

444 2527 517 2583 lis
543 2528 742 2583 anima
773 2544 986 2600 corpus
1026 2529 1369 2601 contemnit,
1401 2534 1458 2584 et
1510 2528 1746 2583 virtutis
1808 2526 2092 2582 exercita-

448 2616 661 2673 mentis
700 2617 896 2688 ipsum
948 2619 1252 2687 edomans,
1302 2618 1358 2673 id
1409 2617 1643 2689 penitus
1693 2632 2093 2688 saepenumero

447 2705 801 2777 abjicit.Non
833 2705 1012 2778 igitur
1042 2707 1101 2761 in
1132 2706 1397 2778 subjecto
1421 2720 1663 2778 corpore
1686 2705 1862 2760 habet
1884 2710 1949 2759 ut
1996 2704 2091 2759 sit.

453 2794 739 2851 Praeterea
781 2795 1303 2851 demonstrandum
1349 2799 1439 2851 est
1481 2794 1728 2849 rationis
1766 2797 2095 2865 compotem

450 2882 731 2951 animam,
766 2884 1159 2939 substantiam
1192 2883 1407 2939 habere
1436 2884 1507 2937 ab
1550 2884 1985 2955 omni;corpore
2014 2898 2100 2937 se-

450 2974 786 3043 gregatam:
820 2971 1077 3046 reliquas
1126 2976 1320 3028 autem
1355 2973 1413 3026 in
1456 2988 1695 3044 corpore
1743 2988 1905 3027 esse:
1953 2972 2093 3027 etin

450 3058 701 3131 spiritali
733 3061 996 3132 quidem,
1021 3061 1258 3131 (ratione
1307 3060 1633 3132 praeditam,
1688 3061 1747 3115 in
1805 3059 1913 3115 hoc
1964 3076 2095 3115 vero

448 3149 884 3238 regetatricem.
919 3149 1195 3205 Normam
1219 3155 1276 3204 et
1305 3148 1564 3238 regulam
1600 3149 1776 3238 tradit
1800 3148 2095 3216 .Aristote-
2127 3171 2169 3238 ρ

448 3236 534 3293 les
564 3238 635 3292 de
666 3238 883 3303 anima,
906 3242 961 3293 et
988 3238 1213 3294 caeteris
1259 3237 1556 3306 omnibus,
1594 3243 1651 3293 et
1684 3237 1778 3308 iis,
1814 3238 1917 3309 qui
1965 3253 2093 3293 eam

448 3324 758 3383 mortalem
781 3330 1013 3398 putant,
1047 3327 1544 3383 consentientem:
1595 3327 1717 3382 haec
1766 3344 1936 3398 porro
1984 3332 2095 3383 est.

452 3414 535 3471 Ab
566 3414 1138 3487 actionibus,inquit,
1170 3417 1240 3472 de
1270 3415 1616 3473 substantiis
1645 3416 1950 3471 ferendum
1980 3417 2100 3486 {est

444 3502 762 3573 judicium,
792 3505 1049 3575 (quando
1109 3505 1442 3561 substantia
1498 3504 1773 3577 quaelibet
1810 3504 2098 3561 actionem

452 3592 629 3648 habet
661 3592 901 3649 affinem
926 3593 1138 3661 sibi,et
1182 3594 1412 3667 generis
1460 3595 1747 3665 ejusdem.
1799 3594 2099 3658 Quomodo

457 3697 617 3754 ergo,
653 3682 864 3754 inquit,
899 3683 1253 3751 substantia,
1279 3701 1406 3755 quae
1429 3682 1651 3738 nullam
1686 3682 1860 3738 habet
1918 3682 2099 3738 actio-

460 3786 593 3827 nem
628 3788 661 3827 a
690 3787 929 3843 corpore
960 3772 1369 3845 separabilem,
1399 3773 1729 3829 necessario
1754 3787 1942 3842 neque
1968 3773 2103 3827 sub-

460 3860 736 3914 stantiam
806 3860 1042 3916 habebit
1099 3880 1131 3916 a
1195 3877 1435 3932 corpore
1512 3859 1900 3933 separabilem
1950 3860 1977 3914 ?
2041 3859 2101 3915 St

460 3947 641 4016 enim,
705 3964 838 4003 cum
903 3949 1297 4004 substantiam
1360 3949 1571 4004 habeat
1621 3947 2100 4021 inseparabilem,

460 4034 685 4091 nullam
717 4036 844 4092 sine
877 4052 1116 4108 corpore
1143 4038 1430 4092 actionem
1463 4036 2043 4110 habebit;postquam
2071 4055 2104 4092 a

462 4138 701 4195 corpore
749 4125 1016 4195 sejuncta
1055 4125 1248 4192 fuerit,
1314 4141 1426 4179 non
1492 4125 1751 4193 habebit,
1809 4125 1868 4180 in
1948 4127 2103 4198 quod

464 4217 618 4285 agat,
642 4212 841 4284 itaque
872 4212 1087 4267 frustra
1109 4214 1235 4267 erit.
1264 4212 1411 4267 Fieri
1439 4229 1575 4285 ergo
1616 4231 1728 4268 non
1789 4218 1999 4285 potest,
2046 4220 2109 4269 ut

465 4300 811 4371 separabilis
851 4300 1183 4356 substantia
1212 4299 1435 4356 nullam
1472 4300 1837 4373 habeatfsine
1867 4319 2107 4374 corpore

463 4386 773 4442 actionem.

536 4492 728 4549 Altera
775 4493 973 4565 regula
1017 4494 1137 4550 haec
1186 4500 1292 4551 est.
1337 4496 1537 4551 Omnis
1582 4497 1934 4567 substantia,
1980 4513 2106 4568 quae

468 4582 759 4639 actionem
790 4583 965 4639 habet
991 4602 1024 4639 a
1053 4601 1295 4657 corpore
1332 4585 1743 4657 separabilem,
1793 4587 1923 4655 ipsa
1967 4602 2113 4657 quo-

471 4688 585 4743 que
615 4688 650 4726 a
673 4688 912 4744 corpore
943 4672 1288 4746 separabilis
1320 4674 1397 4729 sit
1428 4678 1675 4746 oportet.
1707 4674 1765 4729 Si
1789 4690 1921 4729 vero
1944 4690 2112 4747 sepa-

475 4760 678 4816 rabilis
737 4778 852 4818 non
911 4762 1104 4832 luerit,
1141 4762 1277 4817 hinc
1324 4768 1623 4835 sequetur,
1660 4763 1930 4819 effectum
1986 4780 2115 4820 esse

472 4866 653 4915 causa
676 4867 780 4907 sua
810 4850 1165 4921 nobilius,et
1191 4852 1577 4923 praestantiori
1612 4851 1993 4909 excellentius
2030 4852 2113 4921 id,

475 4941 628 5010 quod
673 4939 929 4995 deterius
977 4945 1062 4995 est
1112 4956 1124 4994 :
1171 4940 1227 4995 id
1286 4956 1417 4995 vero
1465 4941 1831 4996 absurdum:
1884 4958 2118 5014 semper

471 5030 625 5085 enim
650 5045 887 5086 causam
912 5045 972 5085 re
994 5028 1197 5084 eﬂ‘ecta
1213 5028 1679 5101 praestantiorem
1714 5046 1842 5085 esse
1866 5035 2115 5103 oportet,

465 5123 591 5173 tum
626 5123 683 5174 et
704 5118 854 5190 quod
873 5123 1090 5174 natura
1116 5117 1282 5189 prius
1299 5121 1389 5173 est
1413 5134 1425 5172 ε
1454 5118 1572 5173 fieri
1597 5134 1733 5190 ergo
1758 5136 1869 5174 non
1901 5122 2116 5191 potest,

468 5212 585 5263 uta
610 5222 849 5279 corpore
882 5206 1230 5278 separabilis
1263 5207 1413 5262 actio
1443 5224 1555 5261 non
1604 5207 1864 5262 dimanet
1896 5224 1927 5263 a
1976 5208 2116 5263 sub-

471 5296 710 5366 stantia,
740 5312 924 5368 eaque
947 5294 1284 5367 separabili.
1311 5300 1378 5349 Et
1408 5296 1713 5367 posteriori
1738 5296 1977 5368 quidem
2028 5313 2120 5352 re-

474 5384 614 5456 gula
645 5389 881 5440 utemur
911 5384 966 5438 in
1002 5383 1347 5456 explicanda
1379 5389 1589 5439 natura
1628 5385 1838 5439 animae
1896 5386 2121 5441 ratione

476 5472 767 5543 przeditaa:
804 5474 963 5545 prior
985 5479 1181 5529 autem
1224 5472 1293 5528 ad
1339 5472 1595 5545 reliquas
1639 5473 1946 5529 conducet.
1991 5472 2121 5529 Haac

475 5562 661 5633 igitur
687 5562 869 5632 cst_ds
887 5562 1215 5619 rationabili
1248 5561 1446 5617 anima
1474 5561 1877 5633 disputatio.8i
1910 5560 2123 5618 nullas

479 5665 719 5722 corpore
744 5649 1155 5723 inseparabilis
1183 5650 1519 5706 substantia
1538 5650 1927 5723 separabilem
1947 5650 2125 5709 habet

2272 2350 2392 2403 Ἔτι
2445 2344 2599 2401 οὐδὲν
2656 2348 2719 2402 τὸ
2776 2348 2966 2402 ἑαυτοῦ
3022 2344 3310 2417 σπουδάζει
3370 2350 3585 2427 φθεῖραι
3642 2348 3862 2403 ὑποκεί-

2205 2456 2390 2509 μινον.
2449 2435 2622 2491 πάντα
2679 2436 2783 2512 γὰρ
2837 2441 2935 2492 τοῦ
2990 2436 3122 2491 εἶναι
3183 2436 3405 2515 ἐφίεται.
3438 2438 3498 2490 Ἥ
3541 2433 3597 2491 δέ
3648 2434 3859 2512 λογικὴ

2202 2527 2355 2601 ψυχὴ
2411 2531 2735 2604 καταφρονεῖ
2783 2530 2881 2581 τοῦ
2914 2527 3189 2599 σώματος·
3247 2530 3364 2587 τοῖς
3421 2546 3480 2580 τε
3528 2522 3601 2579 δι’
3658 2525 3857 2601 ἀρετῆν

2201 2614 2392 2677 πόνοίς
2448 2615 2580 2669 αὑτὸ
2631 2612 2963 2688 δαμάζουσα,
3023 2614 3112 2669 καὶ
3171 2614 3234 2670 τὸ
3292 2613 3520 2668 σύνολον
3581 2612 3861 2677 πολλάκις

2202 2705 2527 2780 προϊεμένη·
2590 2703 2689 2759 οὐκ
2747 2702 2849 2779 ἄρα
2897 2703 2952 2760 ἐν
3008 2701 3456 2777 ὑποκειμένῳτῷ
3513 2704 3731 2776 σώματι
3795 2704 3861 2756 τὸ

2206 2792 2336 2846 εἶναι
2377 2790 2516 2868 ἔχει.
2574 2792 2695 2848 Ἐπὶ
2725 2791 2941 2854 τούτοις
3000 2789 3082 2847 δεῖ
3114 2790 3303 2862 δεῖξαι,
3336 2793 3420 2847 ὅτι
3523 2794 3619 2864 μὲν
3654 2790 3858 2866 λογική

2204 2882 2358 2956 ψυχὴ
2391 2879 2724 2956 ἐξῃρημένην
2758 2878 2875 2957 ἔχει
2908 2882 3004 2950 τὴν
3070 2882 3253 2936 οὐσίαν
3312 2883 3510 2943 παντὸς
3582 2882 3861 2954 σώματος·

2205 2971 2259 3023 αἱ
2292 2967 2350 3023 δὲ
2382 2968 2569 3028 λοιπαὶ
2621 2970 2909 3043 ἐνσώματι
2941 2971 3004 3024 τὸ
3055 2969 3187 3025 εἶναι
3242 2969 3453 3045 ἔχουσι·
3502 2970 3592 3024 καὶ
3648 2971 3698 3025 ὲν
3765 2972 3859 3041 μὲν

2204 3062 2285 3129 τῷ
2316 3058 2581 3131 πνεύματι
2612 3062 2647 3129 ἡ
2682 3057 2906 3134 ἄλογος·
2942 3062 2977 3129 ἡ
3011 3056 3068 3114 δὲ
3118 3060 3315 3136 φυτικὴ
3361 3058 3412 3113 ἐν
3469 3058 3669 3129 τούτῳ.
3730 3062 3854 3113 ’Ὁτι

2206 3148 2401 3203 κανόνα
2433 3146 2801 3225 παραδίδωσιν
2862 3150 2890 3203 6
2949 3147 3335 3220 Ἀριστοτέλης
3379 3145 3431 3201 ἰν
3464 3151 3541 3218 τῷ
3587 3148 3707 3221 περῖ
3744 3149 3855 3219 ψυο

2207 3242 2338 3310 χῆς,
2372 3242 2490 3300 τοῖς
2516 3258 2574 3292 τε
2602 3234 2798 3299 ἄλλοις
2830 3242 2985 3303 πᾶσι,
3032 3237 3123 3291 καὶ
3154 3242 3268 3296 τοῖς
3300 3236 3503 3305 Θνητὴν
3532 3236 3854 3308 νομίζουσιν

2206 3322 2373 3395 αὐτὴν
2407 3324 2814 3401 συναρέσκοντα.
2870 3326 3023 3381 Ἔστι
3081 3323 3139 3379 δὲ
3196 3323 3224 3378 ὀ
3275 3324 3446 3378 κανὼν
3503 3322 3680 3386 οὗτος.
3741 3329 3856 3393 Δεῖ,

2209 3413 2393 3487 φησὶν,
2454 3413 2514 3469 ἐκ
2566 3418 2674 3469 τῶν
2730 3414 3012 3488 ἐνεργειῶν
3045 3414 3139 3475 τὰς
3171 3411 3355 3475 οὐσίας
3413 3413 3635 3489 κρίνειν·
3671 3408 3859 3479 ἐπειδὴ

2206 3502 2297 3557 καὶ
2329 3501 2524 3573 ἆκάστη
2559 3501 2714 3557 οὐσία
2745 3503 3035 3577 σύστοιχον
3081 3496 3197 3576 ἔχει
3242 3502 3342 3569 τὴν
3392 3499 3680 3577 ἐνέργειαν.
3736 3504 3861 3563 Πῶς

2209 3589 2320 3661 οῦν,
2371 3591 2558 3669 φησὶν,
2618 3590 2792 3663 οὐσία,
2854 3587 3126 3663 μηδεμίαν
3178 3583 3382 3665 ἔχουσα
3438 3587 3703 3663 ἐνέργειαν
3735 3608 3861 3663 χω-

2210 3682 2398 3754 ριστὴν
2455 3679 2731 3752 σώματος,
2790 3679 2844 3750 ἒξ
2900 3679 3141 3754 ἀνάγκης
3200 3674 3325 3732 οὐδὲ
3378 3679 3476 3747 τὴν
3533 3676 3718 3732 οὐσίαν
3752 3673 3858 3747 ἕξει

2210 3770 2492 3845 χωριστὴν
2542 3769 2831 3841 σώματος;
2890 3766 2954 3822 Et
3012 3768 3116 3843 γὰρ
3173 3767 3453 3842 χωριστήν
3503 3760 3709 3842 ἔχουσα
3759 3767 3857 3835 τήν

2212 3857 2430 3926 οὐσίαν,
2491 3855 2762 3930 μηδεμίαν
2819 3855 3084 3933 ἐνέργειαν
3143 3851 3265 3931 ἔχοι
3323 3857 3499 3932 χωρὶς
3552 3859 3857 3929 σώματος·

2214 3944 2427 4002 ἐπειδὰν
2487 3948 2740 4023 χωρισθῇ
2795 3946 3070 4020 σώματος,
3129 3944 3236 4020 οὐχ
3266 3942 3370 4017 ἕξει
3426 3942 3865 4019 περὶὃίνεργή-

2214 4056 2314 4091 σει·
2352 4037 2487 4092 ὥστε
2522 4037 2694 4108 μάτην
2724 4034 2893 4091 ἔσται.
2954 4035 3066 4090 Οὐκ
3094 4031 3196 4109 ἄρα
3247 4032 3468 4089 δυνατὸν
3526 4034 3628 4102 τὴν
3686 4053 3865 4109 χωρι-

2216 4127 2345 4195 στήν
2404 4124 2587 4179 οὐσίαν
2651 4122 2924 4197 μηδεμίαν
2967 4120 3112 4198 ἔχειν
3148 4123 3415 4198 ἐνέργειαν
3448 4122 3625 4197 χωρὶς
3685 4122 3871 4195 σώμα-

2214 4236 2327 4277 τος.

2294 4497 2462 4553 Πάλιν
2521 4494 2702 4571 ἕτερος
2758 4498 2930 4552 κανὼν
2986 4498 3143 4559 οὗτος
3176 4540 3188 4552 .
3254 4501 3400 4552 [Ιᾶσα
3451 4496 3613 4551 οὐσία
3670 4494 3875 4571 ἔχουσα

2224 4585 2488 4662 ἐνέργειαν
2550 4588 2830 4662 χωριστήν
2882 4587 3176 4659 σώματος,
3224 4584 3276 4655 ἐξ
3319 4584 3559 4661 ἀνάγκης
3592 4584 3685 4639 καὶ
3737 4584 3873 4651 αὖτὴ

2225 4676 2475 4750 χωριστὴ
2537 4673 2681 4729 ἔσται
2741 4676 3017 4749 σώματος.
3077 4675 3143 4732 Ei’
3205 4671 3261 4729 δὲ
3319 4675 3396 4748 μὴ
3453 4673 3538 4745 εἴη
3598 4676 3874 4749 χωριστὴ⁹

2227 4758 2560 4836 συμϐήσεται
2594 4765 2655 4818 τὸ
2686 4763 2927 4819 αἷτιατὸν
2955 4767 3052 4819 τοῦ
3077 4761 3251 4818 αἷτίου
3294 4767 3539 4839 κρεῖττον
3568 4761 3728 4831 εἶναι,
3786 4764 3876 4816 καὶ

2225 4858 2321 4908 τοῦ
2397 4852 2709 4927 κρείττονος
2774 4854 2835 4907 τὸ
2902 4849 3315 4927 καταδεέστερον
3383 4857 3631 4926 κρεῖττον
3664 4871 3680 4886 ·
3744 4851 3877 4925 ὅπερ

2229 4940 2451 4997 ἄτοπον.
2510 4942 2624 4997 Ἀεὶ
2682 4942 2782 5017 γὰρ
2838 4939 2920 4998 δεῖ
2972 4942 3035 4997 τὸ
3089 4940 3267 4997 α’ίτιον
3320 4946 3562 5019 κρεῖττον
3606 4940 3746 4996 εἶναι
3781 4943 3880 4997 τοῦ

2227 5029 2494 5103 αἰτιατοῦ,
2526 5031 2720 5085 καὶτὸ
2774 5034 2843 5105 τῇ
2906 5030 3057 5109 φύσει
3113 5031 3398 5103 πρότερον·
3456 5027 3728 5085 ἀδύνατον
3782 5027 3881 5105 ἄρα

2229 5120 2494 5195 ἐνέργειαν
2528 5120 2808 5196 χωριστὴν
2855 5120 3131 5193 σώματος,
3196 5120 3273 5192 μή
3306 5119 3397 5174 ἀπ’
3435 5118 3623 5183 οὐσίας
3676 5119 3882 5196 προξρ-

2228 5219 2441 5284 χεσθαι,
2493 5208 2582 5263 καὶ
2614 5208 2781 5278 αὐτῆς
2812 5212 3117 5285 χωριστῆς.
3163 5210 3286 5266 Τῶν
3338 5206 3519 5264 τοίνυν
3574 5208 3880 5283 εἲρημὲνων

2227 5297 2492 5366 κανόνων,
2526 5297 2889 5373 χρησιμεύσει
2952 5297 3080 5372 ὑμῖν
3131 5298 3159 5351 6
3219 5298 3313 5370 μὲν
3373 5296 3599 5373 ὕστερος
3654 5296 3735 5359 εἷς
3792 5297 3882 5351 τὸν

2230 5386 2352 5462 περὶ
2402 5393 2501 5455 τῆς
2554 5384 2788 5461 λογικῆς
2842 5390 3029 5462 ψυχῆς
3082 5386 3271 5461 λόγον·
3331 5386 3361 5440 6
3406 5382 3464 5442 δὲ
3490 5386 3760 5461 πρότερος
3810 5384 3883 5445 εἷς

2229 5475 2319 5530 τὸν
2349 5474 2472 5549 περὶ
2502 5479 2607 5529 τῶν
2643 5473 2875 5533 λοιπῶν.
2933 5477 2995 5532 Ὁ
3055 5475 3149 5547 μὲν
3214 5474 3305 5529 οὗν
3339 5475 3461 5551 περὶ
3516 5480 3616 5544 τῆς
3650 5481 3882 5549 Λογικῆς

2232 5567 2417 5639 ψυχῆς
2452 5561 2559 5619 ἐστι
2591 5566 2863 5625 τοιοῦτος.
2899 5563 2961 5620 Εἰ
2995 5559 3241 5635 μηδεμία
3271 5563 3584 5639 ἆχώριστος
3630 5565 3884 5635 σώματος

2233 5650 2407 5721 οὐσία,
2438 5649 2552 5727 ἔχει
2584 5652 2866 5728 χωριστήν
2892 5654 2995 5722 τήν
3036 5652 3328 5729 ἐνέργειαν,
3386 5649 3633 5725 δείξομεν
3694 5649 3754 5708 ὃὶ
3800 5646 3885 5705 ἐπὶ

4013 120 4022 475 ι
