4060 6348
231 404 390 466 1039

1694 417 1796 478 DE
1842 419 2117 481 ΑΝΙΜΑ.

3482 427 3506 482 1
3517 423 3638 486 050

220 541 323 603 τῆς
352 539 535 612 ψυχῆς
571 539 852 614 χωριστὴν
883 537 1152 614 ἐνέργειαν
1182 545 1437 616 σώματος
1457 589 1470 614 ,
1503 550 1647 600 πᾶσα
1678 545 1870 625 ἀνάγκτ

1996 552 2307 619 actionem,
2339 559 2395 610 et
2423 554 2480 610 in
2513 555 2712 611 anima
2742 553 3129 628 separabilem
3177 555 3434 628 aliquam
3462 573 3495 610 τι
3525 550 3649 612 cori

224 623 317 678 καὶ
347 623 512 695 αὐτὴν
541 630 826 703 χωριστὴν
859 629 990 684 εἶναι
1020 673 1036 688 .
1088 632 1253 688 Ὅταν
1301 633 1482 689 τοίνυν
1517 639 1696 710 σκοπῇ
1756 623 1882 716 περὶ

219 717 334 767 τῶν
367 716 576 785 νοητῶν
606 718 641 786 ἡ
673 719 852 793 ψυχὴ,
910 719 1001 774 καὶ
1031 720 1128 784 τὰς
1155 721 1282 797 περὶ
1311 727 1446 778 Θεοῦ
1498 723 1711 789 ἐννοίας
1742 748 1882 802 προ-

221 802 538 878 χειρίζηται
574 824 586 837 ·
649 802 818 875 δῆλον
879 806 962 864 ὅτι
1023 813 1306 886 χωριστὴν
1367 814 1569 878 παντὸς
1629 816 1884 890 σώματος

223 891 347 970 ἔχει
399 898 498 966 τήν
555 896 848 974 ἐνέργειαν.
906 901 1146 975 Ὁμοίως
1201 905 1291 959 καὶ
1323 906 1447 961 ὅταν
1485 906 1678 978 ἑαυτὴν
1719 913 1879 984 ζητῇ’

225 989 478 1065 οὐδαμοῦ
533 996 636 1082 γὰρ
695 996 747 1050 ἐν
800 997 1018 1061 τούτοις
1076 999 1201 1056 οὐδὲ
1252 1009 1489 1080 συνεργῷ
1543 1013 1746 1082 χρῆται
1801 1011 1882 1079 τῷ

224 1083 473 1154 σώματι,
531 1081 659 1139 οὐδὲ
711 1084 845 1156 αὐτὴ
875 1087 997 1164 περὶ
1031 1089 1190 1162 σῶμα
1241 1089 1461 1168 ἐνεργεῖ,
1507 1081 1645 1150 ὥστε
1703 1097 1878 1166 πάντη

223 1172 562 1258 κεχώρισται
612 1175 866 1248 σώματος
924 1179 959 1247 ἡ
1008 1179 1234 1250 τοιαότη
1288 1180 1546 1258 ἑνὲργεια,
1596 1185 1686 1239 καὶ
1718 1184 1883 1255 αὐτῆς

223 1256 286 1314 δὲ
315 1265 415 1329 τῆς
446 1263 759 1338 φαντασίας.
821 1264 883 1319 Εἰ
934 1262 992 1320 δὲ
1036 1265 1275 1343 ἐνέργεια
1311 1256 1584 1346 χωριστή,
1645 1272 1694 1346 ἐξ
1754 1274 1879 1329 ἀνά-

222 1368 371 1440 γκης
401 1351 490 1440 καὶ
517 1352 550 1420 ἠ
585 1351 739 1406 οὐσία
769 1351 937 1423 αὐτῆς
969 1359 1219 1431 χωριστὴ
1261 1355 1430 1417 ἔσται.
1465 1361 1532 1417 Εἴ
1583 1358 1640 1416 δὲ
1704 1383 1880 1440 χωρι-

226 1437 332 1506 στὴ
364 1440 399 1507 ἠ
435 1439 616 1511 οὐσία,
644 1442 782 1496 κατᾶ
810 1447 984 1498 πᾶσαν
1017 1443 1279 1520 ἀνάγκην,
1325 1449 1416 1503 καὶ
1461 1447 1659 1513 ἀΐδιος·
1719 1437 1878 1508 τοῦτο

220 1527 334 1601 γὰρ
366 1532 564 1582 κοινῶς
620 1531 810 1594 πάντες
868 1531 1261 1610 ὁμολογοῦσιν,
1316 1535 1398 1592 ὅτι
1455 1542 1600 1594 πᾶσα
1629 1543 1876 1616 χωριστὴ

222 1620 328 1671 τοῦ
359 1615 612 1691 σώματος
645 1618 802 1675 οὐσία
860 1624 1112 1697 χωριστή
1159 1625 1247 1679 xui
1280 1623 1454 1690 ἀίδιός
1493 1627 1624 1687 ἐττι.
1659 1615 1877 1686 γΣκόπει

224 1706 362 1781 γὰρ,
392 1706 437 1761 εἷ
469 1711 719 1783 χωριστή
753 1709 908 1766 ούσία
943 1715 1019 1785 μή
1051 1711 1191 1769 ἐστιν
1220 1713 1414 1785 ἀΐδιος,
1451 1716 1597 1775 ἀλλὰ
1647 1723 1876 1796 γεννητή

226 1796 319 1884 καὶ
387 1796 622 1884 φθαρτή,
679 1799 806 1874 πρὶν
862 1799 1127 1876 γενέσθαι,
1173 1805 1208 1872 ἢ
1269 1803 1505 1876 ἠδύνατο
1543 1811 1809 1884 γενέσθαι,
1841 1809 1876 1881 ἢ

1996 658 2135 714 pore
2167 644 2454 699 actionem
2506 645 2812 700 ostendere
2852 661 3214 717 possumus;
3259 645 3500 701 omnino
3551 661 3648 701 ue-

1996 747 2158 788 cesse
2191 733 2365 788 fuerit
2411 733 2562 788 hanc
2599 750 2833 805 quoque
2880 733 3266 806 separabilem
3317 751 3466 790 esse.
3501 737 3643 790 Cum

1997 820 2181 892 igitur
2211 838 2301 876 res
2350 837 2448 876 eas
2482 837 2607 893 qua:
2658 821 2952 878 intellectu
2995 821 3412 894 praecipiuntur
3455 827 3514 878 et
3546 824 3644 879 Dei

1997 909 2262 965 notiones
2295 909 2405 965 sibi
2438 909 2710 982 proponit
2731 910 3074 978 anima,tum
3106 913 3395 967 actionem
3427 911 3641 968 habere

1995 998 2067 1053 ab
2095 997 2256 1054 omni
2305 1013 2549 1069 corpore
2592 1001 2880 1054 secretam
2933 999 3308 1056 manifestum
3358 1004 3469 1067 est,
3515 1005 3641 1056 tum

1995 1087 2170 1142 etiam
2202 1103 2335 1141 cum
2370 1087 2426 1142 in
2461 1103 2523 1142 se
2554 1088 2682 1158 ipsa
2704 1088 3008 1143 descendit
3036 1089 3475 1162 investigando;
3501 1093 3641 1146 tunc

1993 1176 2173 1245 enim,
2208 1192 2392 1246 neque
2424 1175 2750 1231 ministerio
2783 1175 2969 1231 utitur
2999 1177 3278 1250 corporis,
3302 1178 3640 1250 nequeipsa

1991 1267 2050 1322 iu
2083 1283 2298 1338 corpus
2329 1265 2472 1338 agit,
2503 1264 2584 1320 ita
2615 1271 2678 1320 ut
2707 1266 2946 1322 omnino
2979 1265 3054 1322 sit
3083 1283 3116 1321 a
3143 1282 3382 1338 corpore
3415 1273 3640 1323 semota

1991 1355 2283 1428 ejusmodi
2315 1355 2485 1422 actio,
2521 1356 2639 1410 imo
2670 1359 2726 1410 et
2757 1356 2828 1411 ab
2861 1357 3004 1428 ipsis
3035 1356 3277 1428 objectis
3305 1356 3631 1428 speciebus.

1991 1455 2049 1510 Si
2083 1458 2276 1510 autem
2328 1453 2480 1510 actio
2529 1458 2799 1526 separata
2828 1459 2936 1521 est,
2978 1453 3215 1510 omnino
3242 1455 3371 1524 ejus
3403 1470 3634 1526 quoque

1991 1543 2327 1600 substantia
2375 1541 2722 1614 separabilis
2771 1542 2901 1598 erit.
2933 1541 3032 1598 Sin
3065 1547 3258 1598 autem
3289 1541 3635 1612 separabilis

1990 1631 2591 1705 substantia,penitus
2625 1647 2862 1688 necesse
2891 1635 3075 1700 est,ut
3103 1629 3457 1688 immortalis
3490 1647 3636 1702 quo«

1989 1736 2104 1793 que
2125 1721 2290 1776 sit.ld
2316 1720 2472 1776 enim
2496 1720 2650 1792 apud
2674 1737 2877 1777 omnes
2898 1720 2955 1776 in
2981 1721 3250 1777 confesso
3271 1723 3380 1790 est,
3399 1736 3634 1777 omnem

1988 1827 2291 1883 acorpore
2345 1809 2730 1882 separabilem
2788 1809 3184 1866 substantiam
3240 1807 3632 1866 immorlalem

227 1883 334 1938 οὐκ
362 1881 619 1954 ἠδύνατο.
655 1885 721 1944 Ei‘
755 1889 848 1960 μὲν
879 1889 969 1944 οὗν
1002 1891 1078 1963 μὴ
1110 1889 1369 1964 ἠδύνατο,
1404 1895 1502 1951 οὐκ
1531 1881 1591 1952 ἂν
1646 1881 1870 1974 ἐγένετο·

265 1972 554 1990 ...ευ
794 1977 1070 1990 .....
1278 1981 1558 1990 -------
1785 1987 1795 1990 ,

1988 1881 2208 1973 pariter
2235 1881 2534 1957 esseNam
2563 1899 2794 1954 attende
2821 1915 2834 1954 :
2860 1899 2907 1954 si
2931 1897 3277 1970 separabilis
3300 1896 3633 1954 substantia

229 1973 291 2028 τὸ
323 1973 427 2050 γὰρ
459 1972 719 2031 ἀδύνατον
753 1977 850 2032 ούκ
896 1977 958 2033 ἂν
988 1977 1220 2055 ἐγένετο.
1276 1983 1338 2039 Εἰ
1373 1981 1428 2039 δὲ
1456 1972 1713 2059 ἠδύνατο,
1751 1987 1873 2044 ὑλι-

221 2063 298 2132 κὴ
353 2064 568 2126 πάντως
624 2068 688 2135 ἦν
723 2084 734 2097 ·
794 2071 954 2123 τοῦτο
982 2069 1107 2145 γὰρ,
1157 2072 1219 2126 τὸ
1271 2069 1527 2138 δύνασθαί
1553 2097 1685 2132 ποτε
1742 2080 1875 2134 εἶναι

220 2151 263 2237 ἢ
299 2152 376 2225 μὴ
410 2153 563 2210 εἶναι.
598 2154 662 2212 Εἰ
705 2153 763 2210 δὲ
818 2154 956 2212 ἅϋλα
1011 2158 1077 2212 τὰ
1127 2162 1375 2236 χωριστά
1426 2169 1528 2234 τῆς
1583 2164 1720 2237 ὕλης
1777 2167 1877 2222 οὐκ

219 2233 439 2296 ἔσονται
498 2240 558 2298 ἐκ
611 2248 709 2300 τοῦ
763 2241 986 2320 δυνάμει
1051 2233 1243 2312 εἰς’τό
1274 2233 1515 2328 ἐγεργεία
1561 2233 1716 2310 εἶναι·
1749 2254 1876 2312 ἀλλ’

222 2337 312 2394 ἀεὶ
371 2338 618 2431 ἐνεργείᾳ
665 2338 902 2416 ἔσονται,
949 2343 1040 2400 καὶ
1073 2342 1258 2410 ἄλλως
1316 2355 1420 2405 πᾶν
1474 2352 1538 2406 τὸ
1595 2354 1879 2431 φθειρόμε-

219 2447 342 2498 νον,
387 2429 526 2484 κατὰ
562 2426 657 2485 δύο
687 2431 926 2508 τρόπους
973 2434 1264 2511 φθείρεται,
1298 2439 1333 2510 ἢ
1387 2441 1480 2496 τὸν
1528 2426 1635 2497 τῶν
1693 2426 1876 2517 σωμά-

217 2537 337 2572 των
369 2521 439 2592 τῇ
475 2518 550 2581 εἷς
575 2519 641 2575 τὰ
669 2528 919 2597 στοιχεῖα
946 2522 1222 2598 ἀναλύσει,
1280 2528 1315 2598 ἢ
1373 2529 1463 2584 τὸν
1495 2535 1604 2585 τῶν
1661 2533 1784 2608 περὶ
1815 2536 1876 2590 τὸ

216 2611 385 2680 σῶμα
424 2603 895 2682 ἆποσϐεννυμὲνου
927 2615 1025 2667 τοῦ
1077 2611 1274 2687 εἴδους,
1329 2619 1400 2688 τῇ
1456 2603 1751 2694 ἆναρμονία
1778 2627 1874 2678 τοῦ

219 2695 611 2769 ὑποκειμένου,
664 2697 716 2752 ἐν
745 2699 791 2771 ᾧ
820 2701 883 2754 τὸ
915 2700 1050 2756 εἶναι
1094 2697 1233 2778 ἔχει.
1289 2710 1416 2761 Κατ’
1479 2706 1756 2785 οὐδέτερον
1818 2710 1874 2767 δὲ

215 2788 332 2838 τῶν
366 2783 670 2860 εθρημὲνων
704 2789 923 2862 τρόπων
955 2786 1229 2868 ἐνδέχεται
1275 2795 1542 2872 φθαρῆναι
1715 2816 1874 2876 Λογι-

213 2875 329 2942 κήν-
384 2877 593 2950 ψυχήν·
653 2876 944 2950 ἀσώματος
1002 2879 1106 2956 γάρ
1163 2880 1294 2952 ἐστι,
1352 2885 1441 2940 καὶ
1475 2887 1532 2941 τὸ
1590 2890 1723 2944 εἶναι
1755 2875 1870 2966 ἔχει

215 2962 328 3017 οὐκ
385 2962 438 3017 ἐν
491 2963 832 3040 ύποκειμένῳ
887 2968 1152 3041 σώματι,
1222 2969 1297 3034 ὠς
1349 2970 1612 3031 δέδεικται
1650 2995 1664 3010 ⁶
1735 2962 1872 3036 ὥστε

212 3049 394 3147 ἀΐδιος
443 3056 477 3124 ἡ
512 3051 716 3147 λργική
741 3059 922 3147 ψυχή.
977 3059 1099 3114 Ὅτι
1135 3055 1191 3115 δὲ
1220 3062 1254 3130 ἡ
1283 3058 1499 3138 ἄλογος,
1550 3066 1638 3121 καὶ
1773 3091 1871 3147 φυ-

211 3141 344 3210 τική
404 3147 499 3196 τοῦ
543 3142 594 3196 ἐν
629 3145 674 3216 ᾦ
709 3144 811 3199 εἰσι
850 3145 1104 3219 σώματος
1163 3149 1465 3225 ἀχώριστοί
1513 3154 1638 3225 εἶ’σι,
1700 3141 1869 3226 δῆλον

210 3227 275 3322 ἐκ
301 3235 403 3285 τοῦ
452 3230 652 3288 λοιποῦ
701 3235 948 3299 κανόνος.
999 3241 1168 3292 Πᾶσαι
1199 3239 1374 3295 τοίνυν
1407 3241 1580 3299 αὐτῶν
1611 3244 1864 3322 ἐνέργειαι

212 3316 269 3372 ἰν
304 3321 516 3392 σώματι
547 3322 635 3377 καὶ
669 3323 791 3400 περὶ
825 3326 988 3399 σῶμά
1039 3325 1162 3385 εἰσι.
1197 3328 1301 3386 Καὶ
1352 3332 1453 3406 γὰρ
1485 3334 1520 3401 ἡ
1580 3293 1865 3410 θρεπτιική,
1901 3293 1943 3359 C

207 3416 303 3506 καὶ
362 3417 645 3489 αὐξητικὴ,
679 3423 770 3477 καὶ
803 3427 1096 3497 γεννητική
1128 3427 1217 3482 καὶ
1257 3426 1309 3484 ἐν
1340 3430 1553 3504 σώματί
1605 3431 1726 3506 εἶσι,
1773 3436 1862 3490 καὶ

210 3501 306 3558 διὰ
367 3506 620 3578 σώματος
697 3509 1006 3587 ἐνεργοῦσι,
1064 3512 1152 3569 καί
1226 3519 1349 3592 περὶ
1408 3501 1664 3593 σώματαο
1712 3501 1866 3578 ⁷ὥστε

205 3599 323 3648 τῶν
356 3595 622 3668 σωμάτων
673 3598 999 3676 ἀχώριστοι.
1058 3605 1176 3660 Ἔτι
1232 3607 1338 3679 μὴν
1389 3608 1480 3663 καὶ
1513 3612 1541 3664 ὁ
1573 3612 1742 3684 θυμὸς
1775 3613 1862 3667 καὶ

204 3684 246 3774 ἡ
306 3679 585 3774 ἐπιθυμίαυ
637 3693 778 3743 κινεῖ
825 3689 928 3764 γὰρ
960 3692 988 3746 ὁ
1031 3693 1124 3766 μὶν
1178 3695 1240 3749 τὸ
1296 3679 1652 3774 περικάρδιονί
1704 3704 1862 3774 αἷμα,

205 3773 245 3840 ἠ
305 3768 362 3826 δὲ
417 3773 481 3827 τὸ
511 3773 658 3850 ἧπαρ
685 3775 918 3834 τοιῶσδε
946 3779 981 3850 ἢ
1015 3780 1247 3839 τοιῶσδε
1278 3768 1604 3858 διατίθησιν.
1637 3790 1721 3846 Ἐν
1756 3768 1861 3846 ea;

208 3879 344 3934 ματι
381 3861 475 3933 μὲν
507 3861 715 3919 οὖνκαὶ
758 3866 933 3936 αὗται,
984 3871 1074 3925 καὶ
1135 3869 1222 3926 διὰ
1271 3874 1542 3947 σώματος,
1593 3877 1682 3933 καὶ
1739 3882 1858 3955 περῖ

200 3948 460 4021 σώματα.
492 3951 555 4008 Ἠ
584 3951 684 4028 γὰρ
724 3953 1054 4029 βρωμάτων,
1105 3957 1141 4028 ἢ
1190 3963 1519 4035 χρημάτων,
1579 3968 1614 4036 ἤ
1674 3948 1863 4032 ἀπλως

199 4043 540 4109 σωματικῶν
570 4041 905 4117 πραγμάτων
955 4042 1128 4120 ὄρεξίς
1161 4046 1300 4103 ἐστιν
1332 4052 1366 4121 ἡ
1414 4049 1676 4125 ἐπιθυμία
1700 4075 1712 4086 ·
1772 4056 1860 4112 καὶ

201 4127 236 4180 ὁ
289 4127 486 4197 θυμὸς,
517 4128 592 4191 εἷς
620 4131 684 4184 τὸ
717 4131 1080 4203 ἀντιλυπῆσαι
1112 4136 1202 4190 τὸν
1232 4136 1304 4200 εἴς
1351 4161 1403 4194 τι
1460 4141 1670 4198 τούτων
1735 4142 1863 4218 βλά-

202 4217 404 4288 ψανταυ
437 4215 574 4272 ὥστε
606 4220 661 4273 αἱ
715 4218 976 4298 ἐνέργειαι
1039 4223 1246 4280 τούτων
1310 4227 1412 4282 ούκ
1451 4230 1574 4285 ἄνευ
1608 4215 1861 4305 σώματος

204 4302 554 4396 ἰξ-ᾅνᾶγκης
589 4328 601 4341 ·
664 4309 741 4370 εἷς
795 4308 848 4364 τί
910 4308 966 4366 δὶ
1027 4319 1383 4388 χωρισθεῖσαι
1438 4302 1708 4396 ἔνεργοῦσι
1744 4367 1757 4393 ,
1810 4323 1863 4377 τί

205 4391 519 4466 θρέψουσιν,
573 4396 609 4464 ἢ
661 4397 1009 4468 αὐξήσουσιν,
1069 4401 1452 4479 ἦγεν-θήσουσι
1478 4427 1492 4476 ;
1523 4391 1643 4463 τίνα
1684 4391 1751 4464 δὲν
1773 4412 1861 4466 καὶ

204 4479 710 4574 ἀντιλυπῄσουσινς
743 4486 900 4543 Ἀλλ’
956 4488 1085 4545 οὑδὲ
1141 4493 1178 4562 ἡ
1237 4490 1498 4568 ἐπιθυμία
1541 4497 1751 4574 ἰσχύσει
1808 4523 1862 4556 τι

205 4573 321 4624 τῶν
378 4567 580 4644 ἡδίων,
635 4578 742 4628 τῶν
797 4576 1090 4634 κινούντων
1151 4581 1321 4651 αὐτὴν
1355 4567 1432 4646 εἷς
1465 4567 1661 4660 ὄρεξιν*
1724 4588 1862 4644 ὥστε

1985 2008 2099 2047 non
2133 1994 2222 2046 est
2249 1989 2624 2055 immortalis,
2659 1989 2760 2045 scd
2792 1987 3182 2062 generationis
3213 1992 3270 2043 et
3297 1987 3628 2060 corruptio-

1985 2081 2077 2135 nis
2125 2095 2326 2151 capax,
2376 2081 2690 2150 antequam
2742 2079 2924 2144 tieret,
2955 2077 3037 2133 vel
3072 2076 3194 2132 fieri
3242 2080 3490 2150 poterat,
3535 2073 3626 2132 vel

1985 2185 2099 2225 non
2120 2171 2367 2240 poterat.
2401 2167 2459 2222 Si
2480 2183 2615 2239 ergo
2635 2183 2749 2222 non
2781 2170 3024 2239 poterat,
3053 2183 3357 2238 nunquam
3376 2165 3618 2222 fuisset:

1986 2266 2142 2337 quod
2163 2265 2321 2320 enim
2361 2264 2484 2320 fieri
2518 2281 2633 2321 non
2659 2269 2868 2335 potest,
2900 2280 3205 2336 nunquam
3232 2264 3407 2319 fuerit
3440 2279 3454 2321 :
3487 2266 3546 2318 at
3574 2262 3624 2318 si

1985 2359 2236 2427 poterat,
2267 2353 2440 2426 plane
2472 2353 2777 2409 materiata
2807 2357 2970 2420 erat;
3006 2353 3060 2406 id
3111 2351 3267 2407 enim
3319 2355 3408 2407 est
3455 2367 3628 2423 posse

1985 2459 2147 2513 esse;
2175 2450 2232 2500 et
2261 2460 2375 2499 non
2395 2459 2541 2498 esse.
2575 2443 2633 2497 Si
2656 2448 2853 2498 autem
2877 2441 3266 2497 immateriata
3288 2456 3402 2495 non
3432 2445 3628 2509 erunt,

1987 2551 2114 2608 quis
2146 2550 2180 2588 a
2209 2531 2454 2588 materia
2503 2532 2764 2604 separari
2813 2535 3083 2604 possunt,
3125 2547 3249 2585 non
3296 2530 3426 2586 ideo
3475 2531 3631 2602 quod

1986 2622 2177 2695 reipsa
2223 2639 2351 2678 esse
2382 2621 2644 2693 possint;
2677 2621 2780 2676 sed
2831 2620 3023 2692 reipsa
3071 2635 3303 2691 semper
3338 2623 3529 2674 erunt.
3564 2620 3632 2674 Et

1984 2711 2242 2780 aliunde,
2275 2709 2667 2782 quodcunque
2710 2709 3131 2781 corrumpitur,
3161 2707 3392 2764 duobus
3439 2708 3628 2765 modis

1985 2801 2432 2873 corrumpitur;
2466 2799 2550 2855 vel
2608 2815 2917 2872 corporum
2981 2798 3337 2854 resolutione
3393 2797 3452 2852 in
3508 2798 3629 2854 ele-

1987 2894 2204 2958 menta,
2238 2889 2326 2946 vel
2352 2889 2640 2944 exstincta
2664 2889 2849 2943 forma
2870 2904 3071 2943 eorum
3106 2904 3230 2960 quae
3254 2892 3391 2942 sunt
3423 2887 3482 2941 in
3511 2902 3631 2940 cor-

1985 3004 2141 3060 pore,
2165 2987 2360 3042 soluta
2391 3002 2599 3059 nempe
2631 2991 2687 3041 et
2717 2987 2953 3041 turbata
2984 2986 3113 3057 ejus
3144 2985 3391 3056 subjecti
3425 2985 3482 3038 in
3516 3000 3632 3055 quo

1983 3083 2091 3147 est,
2117 3076 2396 3148 temperie
2419 3082 2593 3148 atque
2632 3080 2939 3130 concentu.
2973 3079 3046 3128 At
3069 3079 3274 3129 neutro
3304 3073 3634 3145 corrumpi-

1982 3172 2080 3223 tur
2109 3167 2308 3222 anima
2341 3166 2583 3222 rationis
2616 3170 2840 3238 potens,
2875 3163 3091 3236 quippe
3122 3181 3248 3236 quas
3293 3162 3632 3235 incorporea

1981 3260 2090 3324 est,
2122 3255 2255 3311 etin
2281 3271 2520 3327 corpore
2542 3260 2817 3324 tanquam
2847 3253 2903 3308 in
2934 3253 3200 3324 subjecto
3224 3268 3340 3308 non
3381 3251 3628 3320 exsistit,

1983 3349 2049 3399 ut
2077 3347 2545 3401 demonstratum
2577 3348 2684 3398 est.
2722 3344 2922 3414 Itaque
2952 3348 3168 3397 aeterna
3187 3345 3276 3396 est
3305 3341 3504 3396 anima
3537 3357 3624 3394 ra-

1979 3433 2155 3489 tionis
2185 3449 2462 3505 compos:
2496 3433 2595 3487 sed
2629 3437 2686 3487 et
2715 3433 3107 3500 brutorum,et
3139 3431 3470 3502 plantarum
3503 3429 3628 3484 ani-

1977 3539 2159 3592 mam,
2193 3522 2266 3577 ab
2295 3539 2383 3587 eo,
2416 3521 2474 3576 in
2515 3538 2629 3592 quo
2680 3525 2838 3588 sunt,
2885 3521 3150 3591 subjecto
3201 3518 3460 3592 separari
3511 3535 3624 3572 non

1976 3626 2244 3683 posse,ex
2275 3610 2581 3681 posteriori
2612 3607 2814 3680 regula
2846 3607 3220 3678 manifestum
3255 3607 3370 3663 fiet.
3406 3607 3620 3662 Omnes

1974 3700 2154 3772 igitur
2184 3698 2419 3753 illarum
2471 3697 2726 3754 actiones
2760 3697 2815 3751 in
2848 3712 3088 3768 corpore
3118 3700 3174 3751 et
3220 3697 3373 3751 circa
3412 3711 3622 3766 corpus

1971 3793 2150 3856 sunt;
2183 3786 2356 3843 altrix
2388 3787 2568 3857 enim,
2601 3789 2656 3842 et
2687 3785 2934 3854 auctrix,
2968 3791 3023 3840 et
3069 3783 3421 3856 generatrix,
3453 3787 3510 3838 et
3559 3782 3618 3838 in

1971 3894 2209 3950 corpore
2241 3881 2401 3940 sunt,
2436 3881 2493 3930 et
2555 3892 2654 3946 per
2684 3891 2896 3946 corpus
2928 3880 3133 3946 agunt,
3185 3876 3243 3927 et
3289 3871 3444 3927 circa
3493 3887 3622 3927 cor-

1973 3983 2114 4039 pora
2145 3985 2156 4022 :
2193 3966 2270 4020 ita
2302 3982 2417 4020 non
2463 3969 2710 4036 possunt
2741 3981 2774 4017 a
2799 3962 3142 4034 corporibus
3196 3959 3478 4032 separari.
3528 3959 3622 4016 Ira

1974 4055 2170 4110 itidem
2204 4059 2260 4110 et
2290 4051 2906 4124 concupiscentiallla
2938 4051 3094 4104 enim
3125 4048 3498 4122 sanguinem,
3523 4049 3625 4119 qui

1971 4145 2126 4201 circa
2181 4161 2278 4198 cor
2335 4147 2444 4214 est,
2501 4147 2870 4198 commovet:
2905 4139 3005 4194 illa
3057 4140 3227 4210 jecur
3285 4137 3394 4194 hoc
3452 4137 3622 4194 illove

1973 4235 2146 4288 modo
2179 4231 2384 4287 afﬁcit:
2419 4231 2476 4286 in
2510 4246 2749 4302 corpore
2782 4229 2962 4301 igitur
2993 4227 3104 4283 illae
3135 4242 3369 4298 quoque
3401 4230 3624 4292 sunt,et

1973 4338 2073 4394 per
2122 4338 2355 4392 corpus,
2405 4326 2462 4376 et
2511 4321 2664 4375 circa
2712 4335 2976 4390 corpora.
3011 4316 3282 4372 Ciborum
3328 4315 3480 4372 enim
3533 4314 3622 4371 vel

1972 4409 2468 4484 pecuniarum,vel
2502 4410 2752 4481 denique
2784 4424 2977 4462 rerum
3010 4405 3270 4477 corporis
3291 4403 3624 4477 appetentia

1970 4504 2059 4557 est
2091 4501 2174 4556 vis
2206 4497 2700 4573 concupiscendi:
2734 4497 2994 4552 irascens
3025 4493 3482 4566 vero,cupiditas
3502 4493 3625 4548 viu-

1970 4589 2203 4645 dicandi
2225 4589 2284 4644 in
2301 4588 2566 4660 eum,qui
2585 4587 2643 4642 in
2665 4587 2912 4642 istorum
2935 4583 3132 4656 aliquo
3152 4583 3323 4639 nobis
3339 4580 3621 4638 olfecerit.

209 4658 394 4734 μάτην
454 4657 689 4730 ἔσονται,
722 4663 853 4742 ὅπερ
885 4667 1026 4724 ἐστὶν
1054 4667 1340 4727 ἀδύνατον·
1401 4657 1710 4753 ἀχώριστος
1757 4677 1858 4756 ἄρα

1981 4678 2183 4733 Harum
2210 4679 2406 4749 itaque
2427 4657 2685 4732 actiones
2709 4675 2837 4729 sine
2860 4689 3098 4744 corpore
3147 4687 3276 4729 esse
3301 4674 3621 4743 nequeunt,

204 4760 250 4829 ἡ
281 4757 450 4852 οὐσίαΔ
475 4759 763 4852 σωμάτων,
823 4763 875 4836 ἐξ
933 4768 1002 4836 ἧς
1061 4769 1114 4822 αἱ
1163 4773 1408 4827 τοιαῦται
1446 4775 1688 4850 πρόεισιν
1723 4775 1866 4852 ἐνέρ-

202 4865 378 4922 γειαι.
438 4845 597 4942 ’ᾼλλ’
625 4850 674 4904 εἴ
707 4853 801 4942 μὲν
858 4858 1054 4932 φυτική
1083 4861 1182 4912 τοῦ
1210 4862 1422 4936 παχέος
1459 4845 1601 4919 ἐστὶν
1655 4845 1865 4942 ἀχώρι-

207 4953 366 5024 στος,
415 4936 506 4991 καὶ
549 4941 934 5016 συμφθείρεται
967 4945 1138 5019 αὑτῷ·
1189 4948 1280 5003 καὶ
1329 4947 1498 5021 δῆλον
1529 4951 1580 5024 ἐξ
1608 4936 1865 5010 ὦνήεῖσιν

206 5025 270 5081 αἱ
313 5021 570 5099 δυνάμεις
602 5027 778 5102 αὗται,
828 5031 918 5087 καὶ
947 5031 999 5089 ἐν
1029 5041 1146 5099 τοῖς
1196 5043 1404 5116 φυτοῖς,
1463 5039 1514 5096 ἐν
1565 5021 1658 5106 ὀἷς
1712 5042 1872 5099 πνεύ-

210 5114 460 5206 ματιῖιὸνΔ
477 5120 637 5191 σῶμα
664 5117 726 5174 ού
787 5122 1089 5194 θεωρεῖται.
1132 5114 1436 5183 Δείκνυνται
1491 5128 1549 5186 δὲ
1589 5131 1679 5187 καὶ
1734 5133 1868 5206 μετὰ

204 5204 321 5296 τήνὲ
350 5201 531 5296 ἔξοξΟν
586 5214 689 5278 τῆς
736 5212 920 5287 ψυχῆς
967 5208 1044 5268 ἔτι
1094 5211 1444 5288 διαμὲνουσαι
1481 5220 1688 5296 βραχύν
1734 5201 1867 5277 *τινα

204 5291 419 5370 χρόνον
449 5291 502 5349 ἂν
530 5296 709 5370 τούτῳ
733 5302 814 5371 τῷ
842 5300 1078 5375 σώματι·
1122 5300 1317 5380 ὅνυχὲς
1360 5326 1420 5361 τε
1463 5291 1567 5382 γάρ
1590 5291 1701 5364 ’καὶ
1757 5311 1868 5386 τρί⁹

204 5400 314 5470 χες
360 5386 469 5470 Δτοῦ
525 5390 718 5459 νεκροῦ
774 5387 1030 5460 σώματος
1088 5388 1357 5462 αὔξονται.
1393 5394 1573 5451 Ἀλλὰ
1607 5399 1681 5470 μή
1735 5418 1868 5453 ποτε

207 5467 318 5562 οὐκ
349 5465 564 5562 ἀληρῂς
590 5474 625 5562 ,ὁ
674 5471 1046 5550 λόγοςιοῦτος
1073 5497 1086 5512 ⁸
1150 5478 1212 5534 ού
1263 5480 1366 5556 γὰρ
1425 5465 1678 5556 αὔξεται,
1718 5485 1866 5562 φασί,

205 5558 407 5624 ταῦτα,
465 5558 612 5614 ἀλλὰ
665 5565 988 5636 τηκομένων
1047 5567 1138 5621 καὶ
1200 5570 1537 5643 μειουμένῶν
1595 5558 1866 5650 τῶννπερὶ

207 5642 383 5730 αὐτὰς
415 5652 650 5722 σαρκῶν,
687 5651 898 5723 μᾶλλον
933 5653 1395 5730 ἀπογυμνοῦσθαι,
1427 5660 1514 5715 καὶ
1575 5659 1663 5716 διὰ
1705 5642 1867 5719 τοῦτο

209 5729 308 5788 καί
357 5734 525 5805 μείζω
573 5739 661 5793 καὶ
717 5740 997 5815 ηὐξημένα
1055 5741 1229 5801 δοκεῖν
1290 5748 1612 5826 φαίνεσθαι.
1692 5750 1871 5809 Ἀλλὰ

1975 4771 2034 4822 at
2065 4768 2122 4822 in
2144 4767 2281 4838 quid
2301 4772 2475 4836 agent
2501 4761 2813 4836 scjunctaa?
2839 4762 2979 4834 quid
3001 4759 3272 4824 alent,vel
3301 4761 3624 4832 augebunt,

1975 4863 2060 4919 vel
2091 4862 2482 4934 progiguent?
2512 4876 2684 4932 quem
2735 4856 3139 4913 ulciscentur?
3168 4857 3267 4912 sed
3303 4873 3492 4928 neque
3521 4871 3622 4910 cu-

1973 4951 2187 5024 piditas
2218 4950 2336 5006 ulla
2367 4968 2426 5004 re
2457 4950 2713 5022 potietur
2759 4963 2961 5002 earum
2995 4962 3121 5016 quae
3170 4944 3253 4998 illi
3294 4943 3619 5017 appetitum

1974 5044 2360 5096 commovent.
2397 5039 2638 5094 Frustra
2665 5036 2844 5108 igitur
2885 5039 3056 5090 erunt
3088 5050 3101 5089 :
3135 5033 3290 5104 quod
3324 5049 3464 5088 sane
3497 5029 3622 5086 fieri

1976 5129 2198 5202 nequit.
2231 5126 2496 5201 Separari
2525 5132 2678 5199 ergo
2709 5143 2743 5180 a
2773 5123 3114 5196 corporibus
3166 5139 3278 5178 non
3328 5125 3521 5193 potest
3550 5136 3622 5176 ea

1975 5218 2328 5286 substantia,
2351 5234 2420 5272 ex
2449 5235 2566 5289 qua
2609 5215 2756 5272 tales
2789 5214 3075 5286 prodeunt
3112 5211 3388 5266 actiones.
3425 5209 3536 5265 Sed
3569 5209 3620 5266 si

1974 5317 2248 5381 vegetaus
2278 5326 2310 5364 a
2341 5326 2538 5364 crasso
2586 5323 2825 5380 corpore
2874 5303 3104 5376 sejungi
3140 5319 3252 5358 non
3304 5305 3528 5374 potest;
3565 5305 3624 5356 et

1977 5416 2094 5453 una
2124 5415 2257 5452 cum
2283 5414 2349 5452 co
2381 5400 2812 5468 corrumpitur:
2861 5394 2918 5449 id
2947 5411 3015 5448 ex
3045 5391 3118 5448 iis
3157 5391 3378 5447 clarum
3412 5396 3521 5458 est,
3553 5407 3624 5446 ex

1975 5490 2192 5561 quibus
2223 5493 2362 5543 sunt
2393 5488 2476 5542 hae
2510 5485 3026 5558 potestates,etiam
3064 5483 3121 5538 in
3157 5481 3459 5555 plantis,in
3492 5482 3621 5553 qui-

1976 5581 2086 5635 bus
2114 5579 2374 5651 spiritale
2405 5595 2617 5650 corpus
2649 5593 2764 5631 non
2811 5574 3090 5629 cernitur.
3124 5573 3234 5629 Sed
3267 5581 3320 5628 et
3362 5577 3492 5644 post
3520 5587 3619 5627 ex-

1977 5685 2204 5724 cessum
2256 5669 2463 5724 animis
2513 5667 2751 5740 paulum
2800 5663 3083 5734 temporis
3113 5664 3172 5718 in
3223 5663 3332 5719 hoc
3380 5676 3619 5733 corpore

1979 5774 2214 5813 manere
2245 5758 2533 5813 videntur.
2567 5755 2803 5827 Ungues
2833 5753 2990 5808 enim
3021 5758 3077 5809 et
3109 5751 3208 5823 pili
3243 5750 3460 5807 mortui
3492 5765 3620 5805 cor-
