4010 6360
145 403 330 493 ιόδδ

1665 435 1769 496 DE
1812 433 2086 493 ANIMA.

3430 445 3586 504 1054

143 582 327 629 σεως,
389 562 591 633 ἀνῆκτο
651 565 734 633 ἂν,
796 565 887 621 καὶ
943 565 1040 622 οὐκ
1089 565 1150 624 ἄν
1180 573 1296 632 τοῖς
1330 569 1434 624 ὑπὸ
1463 570 1562 645 γῆν
1596 563 1802 621 δικαιω·

1935 564 2376 635 perturbatione
2405 573 2462 624 et
2491 570 2866 644 generatione
2897 570 3113 640 soluta,
3137 571 3383 629 dimissa
3412 581 3588 646 esset,

139 649 383 726 τηρίοις
415 650 760 727 παρεδίδοτο.
797 657 880 712 Τὰ
932 653 989 711 δὲ
1049 653 1412 734 δικαιωτήρια
1468 656 1824 736 ἐπιστρέφου-

148 760 246 792 σιν
310 740 480 810 αὑτὴν
540 743 676 817 πρὸς
729 745 970 815 ἑαυτὴν,
1040 741 1178 802 ὥστε
1234 746 1426 804 λοιπὸν
1485 750 1824 824 καταγνοῦσα

143 828 389 898 ἑαυτῆς,
438 829 615 904 οῒκείᾳ
661 833 811 908 ὁρμῇ
861 836 1218 911 καθαρθῆναι.
1280 836 1429 892 Δῦτὰ
1479 837 1572 912 μὶν
1627 835 1727 913 γὰρ
1758 834 1824 889 τὰ

143 915 528 994 δικαιωτήρια
559 920 656 976 οὒκ
695 921 877 999 ἀνάγει
929 923 1120 993 αΰτὴν,
1179 924 1326 982 ἀλλᾶ
1380 926 1644 1002 καθαίρειο
1701 936 1822 988 καθ·

143 1005 432 1082 αιρομένη
486 1005 544 1063 δὲ
592 1009 987 1090 ἐπιστρέφεται,
1048 1015 1137 1068 καὶ
1196 1014 1332 1086 αὐτὴ
1381 1016 1577 1086 ἑαυτὴν
1638 1015 1821 1089 ἀνέχει

142 1095 428 1170 γενέσεως
484 1097 890 1175 ἀπαλλαγεῖσα.
941 1102 1074 1158 Τότε
1130 1103 1307 1159 τοίνυν
1366 1104 1454 1160 καὶ
1501 1105 1592 1159 τὸν
1651 1103 1819 1176 θυμὸν

143 1184 248 1240 καὶ
274 1187 380 1256 τὴν
412 1185 703 1262 ἐπιθυμίαν
758 1190 1067 1248 ἀποτίθεται
1106 1193 1241 1267 μετᾶ
1270 1192 1467 1249 τούτου
1523 1197 1619 1248 τοῦ
1675 1193 1822 1270 ὀχή-

150 1295 387 1362 ματος,
421 1280 517 1331 τοῦ
572 1285 942 1348 πνευματικοῦ
1003 1278 1168 1362 λέγω·
1207 1282 1283 1345 ὡς
1315 1281 1448 1338 εἶναί
1483 1305 1534 1338 τι
1563 1282 1652 1338 καὶ
1689 1283 1823 1357 μετά

141 1368 324 1420 τοῦτο
357 1361 498 1422 ἄλλο
525 1389 578 1422 τι
611 1365 803 1428 ἆϊδίως
861 1369 1029 1440 αὐτῆς
1084 1361 1394 1445 ἐξημμένον
1443 1376 1603 1445 σῶμα
1659 1371 1819 1445 οὖρά·
1871 1398 1882 1402 -

142 1473 299 1520 νιον,
360 1452 450 1508 καὶ
508 1452 597 1512 διὰ
651 1461 812 1512 τοῦτο
841 1455 1040 1529 ἀΐδιον,
1071 1459 1161 1514 καὶ
1195 1459 1268 1523 ὥς
1320 1481 1498 1540 φασιν,
1544 1457 1820 1536 αὐγοειδὲς

143 1542 186 1612 ἢ
245 1540 579 1620 ἀστροειδὲς.
637 1547 761 1604 Τῶν
810 1546 910 1624 γὰρ
961 1545 1266 1624 έγκοσμίων
1329 1547 1490 1604 οὖσαν
1527 1594 1542 1622 ,
1615 1547 1815 1625 ἀνάγκη

144 1631 381 1694 πάντως
434 1629 581 1710 ἔχειν
639 1634 762 1690 τινὰ
808 1634 1044 1712 κλῆρον,
1077 1637 1134 1692 εν
1199 1636 1467 1710 διοικήσει
1505 1637 1668 1714 μέρος
1692 1633 1821 1692 ὄντα

142 1723 254 1774 τοῦ
284 1720 520 1796 κόσμου,
551 1722 640 1778 καὶ
673 1724 718 1778 εί
749 1723 830 1780 ἀεὶ
889 1725 1144 1798 ἀκίνητός
1193 1726 1328 1798 ἐστι,
1372 1727 1461 1783 καὶ
1516 1726 1597 1782 δεῖ
1650 1727 1815 1797 αὐτὴν

147 1808 423 1888 ἐνεργεῖν,
456 1808 541 1866 δεῖ
595 1811 760 1884 αὐτὴν
790 1811 938 1894 ἔχειν
971 1813 1163 1880 ἀϊδίως
1193 1815 1496 1892 ἐξημμένον
1527 1839 1579 1872 τι
1637 1821 1816 1889 σῶμα.

147 1899 346 2003 ἰΑλλὰ
371 1906 539 1959 ταῦτα
572 1904 668 1979 μὲν
704 1905 754 1960 οἱ
783 1903 1106 1976 Ἑλληνικοί
1175 1907 1266 1963 καὶ
1321 1907 1660 1964 Πλατωνικοὶ
1724 1913 1818 1985 μῦ·
1847 1937 1899 2003 Β

151 1991 267 2047 θοι.

231 2099 387 2171 Ὅτι,
428 2099 580 2178 φασὶ,
631 2105 729 2156 τοῦ
791 2101 885 2175 μὶν
941 2107 1312 2176 πνευματικοῦ
1366 2104 1617 2180 σώματος
1649 2105 1677 2160 ὁ
1727 2117 1816 2170 θυι

156 2188 267 2262 μὸς
317 2188 409 2244 καὶ
465 2191 501 2260 ἡ
549 2190 812 2266 ἕπιθυμία
868 2192 1172 2270 ἀχώριστα.
1231 2194 1408 2266 Δῆλον
1478 2191 1536 2252 δὲ
1587 2195 1672 2251 καὶ
1735 2196 1819 2251 ὅτι

154 2275 348 2354 ὥσπερ
394 2280 450 2336 αἱ
511 2280 731 2350 ζωτικαὶ
781 2280 836 2335 αἱ
895 2282 1172 2359 θρεπτικαὶ
1233 2285 1333 2352 τῆς
1390 2283 1598 2359 ἀλόγου
1659 2281 1817 2340 δυνά-

156 2386 331 2440 μεως,
390 2365 444 2423 έν
505 2373 584 2442 τῷ
637 2369 903 2443 πνεύματι
939 2367 1204 2448 ἵδρυνται,
1263 2372 1406 2428 οὕτω
1461 2374 1548 2428 καὶ
1593 2373 1647 2428 αἱ
1672 2395 1817 2451 γνω-

151 2454 361 2512 στικαί,
411 2456 474 2510 Εἰ
532 2457 634 2534 γὰρ
666 2458 720 2512 αἱ
780 2459 1000 2534 χείρους
1033 2461 1212 2516 αὐτῶν
1240 2461 1439 2517 τούτου
1469 2465 1567 2517 τοῦ
1607 2463 1817 2542 παχέος

151 2543 416 2615 σώματός
467 2544 570 2600 sic:
627 2547 920 2623 χωρισταὶ,
955 2546 1153 2621 πολλῷ
1182 2549 1396 2622 μᾶλλον
1427 2552 1479 2605 αἱ
1511 2549 1811 2626 κρείττους·

147 2632 435 2708 κρείττους
468 2632 526 2689 δὶ
582 2637 636 2690 αἱ
697 2638 1008 2714 γνωστικαὶ.
1057 2641 1318 2717 φαντασία
1377 2638 1526 2716 λέγω
1585 2641 1675 2696 καὶ
1729 2638 1814 2700 αἶ’-

149 2731 372 2808 σθησις.
432 2721 585 2784 Ἀλλ’
647 2724 692 2779 εί
750 2727 836 2784 καὶ
899 2725 952 2781 ἐν
1009 2726 1198 2804 ἐκείνῳ
1256 2722 1445 2808 ἔχουσι
1472 2729 1534 2785 τὸ
1565 2729 1702 2786 εἶναι
1759 2731 1815 2786 αἱ

149 2807 356 2886 ἄλογοι
387 2817 487 2882 τῆς
518 2817 705 2890 ψυχῆς
739 2811 1016 2890 δυνοὶμεις⁹
1073 2815 1202 2873 ἀλλ’
1259 2807 1351 2875 οὖν
1392 2821 1647 2896 φοιτῶσιν
1683 2818 1812 2896 ἴχνη

152 2900 284 2959 τινὰ
341 2901 431 2957 ἀπ’
490 2902 695 2962 ἐκείνου
749 2905 838 2958 καὶ
897 2904 986 2963 ἐπὶ
1040 2905 1104 2960 τὸ
1162 2905 1314 2986 παχὺ
1359 2911 1456 2962 τοῦ
1510 2909 1765 2983 σώματος
1797 2927 1810 2943 ⁸

157 2989 348 3063 ὥσπερ
405 2991 493 3048 καὶ
549 2992 653 3046 ἀπὸ
708 2997 804 3047 τοῦ
857 2998 951 3048 νοῦ
981 2991 1247 3073 ἐλέγομεν
1281 3001 1470 3076 φοιτᾷ-ι
1503 2995 1590 3052 ἐπὶ
1639 2998 1812 3062 πάσας

151 3079 252 3146 τᾶς
280 3079 465 3143 κοινὰς
519 3079 745 3144 ἐννοίας.
797 3084 916 3140 Ὀτι
974 3083 1073 3163 γὰρ
1129 3084 1420 3164 καὶμέχρι
1467 3085 1662 3142 τούτου
1713 3092 1812 3143 τοῦ

154 3169 418 3242 σώματος
449 3168 752 3250 ἐλλάμψεις
784 3177 1010 3250 φοιτῶσι
1042 3180 1142 3243 τῆς
1171 3172 1378 3251 ἂλόγου
1411 3181 1578 3249 ζωῆς,
1616 3173 1808 3247 δῆλονο

156 3257 185 3311 ὁ
249 3258 348 3331 μὶν
406 3260 506 3335 γὰρ
539 3261 709 3333 θυμὸς
742 3268 880 3316 κινεῖ
907 3262 970 3316 τὸ
999 3261 1350 3339 περικάρδιον
1385 3267 1544 3338 αἷμα,
1575 3265 1665 3321 καὶ
1727 3264 1810 3338 ζέ-

153 3366 238 3404 σιν
269 3348 392 3408 τινὰ
423 3347 586 3403 αὐτοῦ
617 3356 783 3409 ποιεῖ·
843 3353 878 3425 ἡ
911 3348 968 3406 δὲ
999 3351 1256 3425 ἐπιθυμία
1284 3353 1347 3408 τὸ
1378 3354 1525 3431 ἧπαρ
1582 3351 1810 3414 τοιῶσδι

151 3434 188 3504 ἢ
238 3434 471 3496 τοιῶσδι
511 3434 779 3508 διατίθησι
837 3440 972 3513 πρὸς
1029 3441 1122 3503 τὰς
1179 3441 1375 3512 ἑαυτῆς
1420 3445 1683 3519 κινήσεις.
1743 3445 1808 3501 Αἱ

151 3524 434 3596 αίσθήσεις
492 3547 549 3580 τε
605 3533 772 3582 πᾶσαι
826 3532 907 3605 τῷ
963 3527 1246 3610 ἐγκεφάλῳ
1304 3529 1706 3606 ἐλλάμπονταιο
1757 3533 1807 3606 ἐξ

150 3611 362 3668 ἐκείνου
419 3613 529 3700 γὰρ,
565 3613 652 3674 ἐπὶ
709 3615 776 3672 τὰ
805 3614 1136 3696 αἰσθητήρια
1167 3616 1255 3674 διᾶ
1299 3623 1407 3674 τῶν
1439 3625 1642 3698 νευρῶν
1674 3640 1808 3700 χορ-

151 3706 368 3778 ηγεῖται
427 3704 462 3774 ἡ
514 3699 743 3778 δύναμις
795 3707 830 3776 ἡ
890 3705 1210 3780 αἴσθητική·
1246 3708 1337 3764 καὶ
1367 3699 1804 3779 πεπονθότοςγτι,

151 3789 437 3878 dicis-1pc!
470 3789 794 3850 δεικνύουσι.
831 3797 940 3852 Τοῦ
992 3795 1098 3873 γὰρ
1143 3794 1490 3872 καλουμένου
1542 3801 1809 3878 μήνιγγος

153 3877 396 3955 φύλακος
443 3879 777 3946 ἐπιτεθέντος
812 3929 825 3954 ,
902 3883 946 3938 εἰ
1000 3880 1277 3962 έπισυμόῇ
1336 3907 1387 3940 τι
1438 3891 1520 3960 τῷ
1578 3890 1806 3964 μήνιγγι

153 3965 480 4038 ἀναίσθητον
513 3969 599 4023 καὶ
633 3968 888 4041 ἀκίνητον
919 3973 982 4026 τὸ
1017 3977 1156 4042 ζῶον
1202 3973 1422 4052 γίνεται.
1481 3977 1637 4036 Ἒστι
1667 3973 1724 4034 δὲ
1777 3977 1804 4031 ὁ

153 4055 380 4130 μήνιγξ,
438 4057 584 4128 ὑμίν
642 4077 724 4120 τις
774 4057 984 4116 σκέπων
1037 4060 1128 4116 τὸν
1185 4058 1512 4143 ἐγκέφαλον,
1568 4064 1657 4119 καὶ
1713 4087 1804 4120 νο-

147 4145 331 4200 τιαίου
388 4143 583 4221 μέρους
625 4146 996 4220 πεπονθότος,
1055 4150 1118 4204 τὸ
1180 4151 1278 4224 μὲν
1335 4150 1587 4230 ἀνωτέρω
1639 4153 1802 4232 μέρος

145 4236 247 4287 τοῦ
315 4232 577 4301 παθόντος
638 4234 900 4293 ἀπολαύει
962 4236 1264 4310 αἰσθήσεως
1296 4257 1312 4270 ⁸
1386 4241 1452 4295 τὰ
1524 4238 1582 4295 δὲ
1654 4245 1802 4299 κάτω

147 4319 441 4393 ἀναίσθητα
490 4323 715 4402 γίνεται,
777 4321 866 4380 διὰ
923 4325 984 4382 τὸ
1042 4328 1116 4401 μή
1146 4330 1510 4406 χορηγεῖσθαι
1568 4325 1644 4387 ἔτι
1697 4333 1803 4389 ἀπὸ

143 4408 248 4466 τοῖ’)
278 4409 580 4489 ἐγκεφάλου
609 4414 707 4483 τήν
739 4411 1092 4490 αἷσθητικήνξς1
1113 4413 1367 4491 δύναμιν,
1421 4423 1519 4475 τοῦ
1569 4419 1802 4496 ὀργάνου

146 4498 301 4577 λέγω
358 4497 424 4570 δὴ
483 4505 579 4558 τοῦ
631 4501 822 4578 νεύρου
880 4506 1237 4580 πεπονθότος,
1283 4506 1384 4564 Καὶ
1438 4507 1487 4567 εἲ
1532 4505 1709 4580 δεθείη
1746 4508 1802 4568 δὲ

143 4595 336 4665 νεῦρον
369 4589 554 4659 πάλιν,
588 4591 908 4664 ἀναίσθητον
947 4594 1044 4667 μὲν
1073 4595 1134 4649 τὸ
1191 4597 1338 4651 κάτω
1369 4596 1537 4674 μέρος
1574 4597 1799 4676 γίνεται,

1839 3313 1882 3380 C

1935 669 2123 725 neque
2167 655 2408 714 infernis
2459 659 2769 730 suppliciis
2819 659 3077 728 addicta,
3106 677 3232 732 quae
3278 661 3464 738 ipsam
3517 665 3587 720 ad

1933 759 1992 798 se
2042 750 2407 814 convertunt,
2441 753 2506 803 ut
2562 752 2748 804 semet
2799 748 3036 803 demum
3091 750 3222 823 ipsa
3272 751 3586 822 damnans,

1934 833 2168 904 propria
2214 835 2267 888 vi
2323 841 2626 908 purgetur.
2672 841 2819 892 Nam
2877 854 3056 910 pansa
3114 837 3226 894 illis
3285 857 3401 896 non
3453 858 3583 899 eam

1931 921 2163 994 tollunt,
2208 924 2308 980 sed
2359 931 2659 997 purgant:
2694 930 2941 998 purgata
2989 942 3122 982 vero
3165 927 3294 1001 ipsa
3341 946 3585 987 conver-

1931 1010 2098 1080 titur,
2131 1017 2187 1068 et
2216 1014 2345 1085 ipsa
2375 1031 2502 1070 sese
2553 1013 2767 1070 attollit
2806 1033 2840 1070 a
2887 1016 3266 1087 generatione
3316 1019 3584 1077 liberata.

1933 1101 2098 1156 Tune
2130 1100 2314 1172 igitur
2359 1110 2416 1159 et
2465 1105 2613 1158 iram
2664 1108 2721 1159 et
2771 1105 3152 1176 cupiditatem
3203 1107 3403 1178 abjicit
3448 1125 3584 1166 cum

1933 1189 2042 1245 hoc
2071 1191 2360 1261 vehiculo,
2396 1193 2644 1266 spiranti
2677 1194 2806 1249 dico
2854 1210 3114 1266 corpore,
3148 1199 3214 1250 ut
3258 1197 3337 1252 sit
3385 1203 3588 1272 postea

1929 1279 2087 1334 aliud
2123 1281 2554 1352 quodammodo
2599 1283 3024 1355 sempiternum
3075 1300 3143 1339 ex
3192 1284 3319 1357 ipsa
3364 1287 3585 1359 depen-

1931 1369 2077 1424 dens
2109 1385 2323 1442 oorpus
2351 1371 2614 1444 caeleste,
2648 1377 2825 1445 atque
2869 1373 3011 1428 adeo
3056 1377 3361 1440 aeternum,
3384 1380 3584 1450 atque,

1930 1460 1995 1512 ut
2022 1457 2370 1532 loquuntur,
2404 1460 2760 1533 pellucidum
2795 1465 2854 1517 et
2885 1461 3178 1518 sidereum
3215 1478 3229 1519 :
3262 1479 3397 1519 cum
3428 1465 3584 1522 enim

1930 1563 1960 1604 ο
1991 1565 2188 1604 rerum
2230 1553 2442 1606 natura
2493 1550 2588 1620 sit,
2623 1567 2860 1607 necesse
2907 1555 2998 1606 est
3043 1556 3262 1608 sortem
3295 1556 3351 1608 et
3381 1556 3584 1611 condi-

1928 1636 2150 1693 tionem
2196 1637 2455 1712 aliquam
2488 1639 2722 1706 habeat,
2755 1656 2955 1712 quam,
2988 1644 3055 1696 ut
3095 1643 3320 1712 partem
3355 1643 3584 1715 mundi,

1929 1725 2304 1783 administret
2349 1744 2363 1785 :
2415 1735 2472 1784 et
2523 1728 2570 1785 si
2621 1745 2855 1801 semper
2902 1729 3150 1784 immota
3198 1733 3306 1799 est,
3341 1746 3586 1804 eamque

1929 1831 2099 1887 agere
2131 1821 2377 1890 oportet,
2412 1834 2623 1891 corpus
2657 1817 2829 1874 etiam
2883 1817 3119 1891 aliquod
3152 1823 3438 1876 aeternum
3471 1820 3586 1878 sibi

1928 1905 2263 1962 devinctum
2297 1906 2510 1963 habeat
2541 1910 2785 1980 oportet.
2821 1907 2930 1963 Sed
2985 1907 3072 1963 hlB
3121 1913 3261 1964 sunt
3290 1910 3495 1965 Graecas
3528 1913 3583 1966 et

1928 1993 2236 2050 Platonicae
2267 1995 2500 2052 fabulae.

1999 2103 2148 2159 Iram
2183 2108 2238 2160 et
2269 2102 2650 2175 cupiditatem
2683 2121 2715 2160 a
2755 2104 3002 2179 spiritali
3044 2121 3280 2177 corpore
3326 2105 3584 2178 separari

1930 2206 2044 2246 non
2104 2208 2296 2264 posse,
2357 2191 2625 2248 nonnulli
2685 2193 3014 2252 afﬁrmant:
3071 2196 3130 2250 at
3186 2197 3412 2254 certum
3471 2199 3581 2266 est,

1929 2281 2429 2352 quemadmodum
2463 2280 2668 2338 vitales
2690 2287 2745 2337 et
2776 2281 3061 2338 auctrices
3093 2281 3241 2340 vires
3273 2283 3584 2345 irrationa-

1929 2367 2065 2430 bilis
2096 2369 2414 2441 facultatis,
2443 2369 2504 2426 in
2537 2370 2748 2448 spiritu
2795 2370 2919 2426 sitaa
2968 2376 3128 2439 sunt,
3162 2371 3246 2428 sic
3276 2372 3454 2430 etiam
3488 2388 3582 2432 co-

1926 2462 2298 2538 gnoscentes.
2331 2458 2386 2513 Si
2417 2459 2574 2516 enim
2608 2475 2736 2530 quae
2778 2464 2918 2515 sunt
2961 2460 3106 2533 ipsis
3139 2461 3477 2530 deteriores,
3509 2461 3583 2522 ab

1929 2539 2033 2601 hoc
2060 2563 2258 2603 crasso
2290 2564 2530 2620 corpore
2574 2547 2935 2624 separabiles
2966 2554 3126 2621 sunt,
3162 2549 3348 2606 multo
3395 2550 3584 2623 magis

1926 2637 2396 2708 prastantiores;
2457 2641 2516 2691 at
2573 2635 2887 2692 nobiliores
2942 2643 3084 2694 sunt
3136 2644 3582 2712 cognoscentes,

1925 2725 2258 2796 phantasia,
2294 2725 2446 2794 dico,
2487 2729 2543 2780 et
2595 2743 2828 2782 sensus.
2863 2727 2973 2781 Sed
3025 2726 3134 2782 etsi
3186 2727 3432 2784 rationis
3486 2743 3584 2784 ex-

1925 2819 2115 2888 pertes
2149 2815 2359 2870 animae
2390 2819 2731 2889 potestates,
2763 2815 2821 2868 in
2863 2814 2962 2870 illo
2993 2815 3212 2874 habent
3242 2822 3305 2872 ut
3335 2817 3474 2889 sint,
3507 2817 3580 2872 ab

1925 2902 2024 2959 illo
2058 2909 2249 2960 tamen
2294 2905 2351 2959 in
2403 2920 2669 2960 crassum
2719 2904 2828 2960 hoc
2857 2909 2914 2959 et
2945 2910 3313 2978 compactum
3365 2922 3578 2978 corpus

1923 2992 2169 3065 vestigia
2199 2994 2509 3066 prodeunt,
2537 2998 2599 3048 ut
2628 3010 2662 3048 a
2694 2997 2908 3062 mente,
2932 2994 2989 3049 in
3018 3010 3364 3051 communes
3397 2996 3580 3052 notio-

1923 3099 2027 3138 nes
2086 3082 2316 3158 prodire
2383 3083 2747 3140 dicebamus.
2808 3082 2890 3137 Ad
2951 3082 3060 3142 hoc
3124 3083 3278 3140 enim
3338 3101 3576 3161 corpus,

1922 3171 2240 3228 scintillam
2311 3173 2626 3245 quamdam
2683 3171 2810 3227 vitae
2870 3172 3215 3239 brutorum,
3277 3173 3576 3246 pervenire

1922 3265 2171 3316 constat.
2204 3261 2349 3316 Nam
2402 3261 2483 3315 ita
2537 3260 2886 3332 sanguinem
2939 3261 3097 3317 cordi
3148 3261 3574 3323 circumfusum

1923 3355 2138 3416 movet,
2187 3350 2441 3422 facitque
2494 3353 2557 3404 ut
2605 3349 3042 3422 quodammodo
3091 3349 3356 3408 ebulliat.
3406 3351 3577 3427 Cupi-

1921 3439 2074 3494 ditas
2107 3455 2263 3506 vero,
2287 3439 2456 3508 jecur
2505 3438 2613 3494 hoc
2653 3437 2736 3496 vel
2770 3438 2868 3496 illo
2901 3440 3073 3495 modo
3119 3440 3301 3500 afﬁcit
3331 3440 3403 3497 ad
3435 3458 3575 3500 suas

1921 3527 2230 3598 motiones,
2262 3533 2319 3583 et
2349 3527 2631 3604 disponit.
2662 3527 2731 3582 Et
2769 3545 2974 3583 omnes
3005 3545 3214 3585 sensus
3247 3529 3306 3589 in
3339 3529 3575 3588 cerebro

1919 3615 2281 3674 eluceseunt.
2314 3617 2397 3672 Ab
2426 3615 2524 3672 illo
2556 3616 2711 3671 enim
2745 3616 2804 3670 in
2838 3616 3233 3674 instrumenta
3262 3634 3572 3690 sensuum,

1919 3705 2208 3761 sentiendi
2241 3706 2326 3761 vis
2371 3722 2474 3780 per
2521 3721 2728 3760 nervos
2761 3704 3132 3773 diffunditur,
3166 3705 3275 3760 etsi
3325 3705 3572 3762 illzssum

1919 3811 2036 3850 non
2069 3795 2166 3864 sit,
2201 3799 2265 3849 ut
2295 3793 2508 3849 medici
2541 3793 2967 3851 demonstrant.
3001 3792 3145 3848 Cum
3178 3810 3311 3850 vero
3342 3793 3572 3850 involu-

1917 3900 2080 3938 crum
2116 3883 2352 3939 cerebro
2385 3900 2486 3941 seu
2517 3882 2885 3956 [membrana
2913 3881 3096 3938 veluti
3140 3887 3342 3941 custos
3389 3900 3570 3956 appo-

1915 3973 2029 4028 sita
2076 3973 2182 4042 sit;
2220 3973 2337 4028 haec
2386 3972 2433 4028 si
2486 3973 2625 4028 lzesa
2674 3971 2868 4036 fuerit,
2901 3988 3112 4027 sensus
3161 3972 3225 4027 fit
3270 3976 3327 4027 et
3376 3977 3572 4035 motus

1914 4078 2120 4136 expers
2161 4062 2400 4118 animal.
2437 4061 2533 4116 Est
2576 4064 2770 4116 autem
2824 4061 3060 4116 meninx
3109 4060 3381 4134 pellicula
3411 4079 3570 4139 quae-

1912 4151 2042 4206 dam
2094 4151 2398 4210 cerebrum
2458 4149 2761 4204 involvens
2821 4155 2878 4204 et
2937 4154 3268 4224 protegens,
3301 4151 3472 4222 cujus
3517 4150 3569 4206 si

1914 4240 2237 4311 posteriora
2268 4238 2533 4314 perculsa
2579 4238 2819 4308 fuerint,
2851 4255 2989 4312 pars
3022 4239 3262 4315 quidem
3312 4238 3571 4298 anterior

1913 4345 2154 4385 sensum
2188 4329 2417 4400 retinet,
2451 4333 2510 4383 at
2538 4327 2781 4383 inferior
2810 4327 3032 4383 amittit
3063 4345 3075 4382 :
3111 4329 3264 4402 quod
3300 4345 3412 4384 non
3448 4345 3568 4386 am-

1914 4417 2070 4490 plius
2109 4435 2141 4473 a
2195 4419 2431 4474 cerebro
2470 4417 2558 4472 vis
2609 4415 2899 4472 sentiendi
2951 4417 3380 4492 suppeditetur,
3429 4416 3567 4476 laeso

1912 4506 2191 4562 nimirum
2225 4511 2281 4562 et
2315 4506 2518 4562 all'ecto
2550 4505 2944 4563 instrumento
2977 4521 3188 4562 sensus
3222 4504 3324 4578 qui
3355 4521 3568 4561 nervus

1913 4601 2021 4651 est.
2056 4599 2124 4654 Et
2175 4612 2402 4659 rursus,
2435 4594 2484 4650 si
2533 4611 2748 4650 nervus
2792 4594 3103 4662 vinciatur,
3138 4611 3272 4664 pars
3322 4593 3564 4650 inferior

143 4681 214 4735 τὸ
241 4676 296 4734 δέ
352 4680 462 4735 ἂνω
517 4679 663 4753 μένει
695 4680 1030 4752 αἰσθητικόν.
1063 4681 1243 4752 Δῆλον
1276 4683 1367 4738 οὗν
1397 4682 1458 4740 ἐκ
1481 4689 1588 4740 τῶν
1649 4687 1798 4764 εἰρη-

1922 4700 2083 4740 sensu
2146 4685 2442 4757 privatur,
2505 4683 2564 4737 in
2625 4682 2928 4756 superiore
2986 4699 3196 4738 sensus
3254 4683 3423 4754 viget.
3486 4682 3566 4740 Ex

150 4767 348 4839 μένων,
381 4765 462 4820 δτι
492 4768 550 4820 τέ
582 4767 693 4821 ἐστι
725 4769 1088 4841 πνευματικὸν
1111 4775 1269 4844 σῶμα
1298 4771 1386 4826 καὶ
1418 4771 1612 4827 τούτου
1644 4773 1795 4850 ἀχώ-

147 4875 304 4932 ριστα
331 4854 498 4928 θυμὸς
529 4855 616 4911 καὶ
652 4854 938 4932 ἐπιθυμία.

220 5053 363 5122 Ὅτι,
417 5052 599 5132 φασὶν,
643 5055 679 5126 ἡ
730 5051 938 5125 εἶ’δησις
993 5055 1206 5132 τρίττήο
1261 5059 1296 5128 ἡ
1355 5058 1456 5136 γὰρ
1514 5055 1792 5132 ἐπιστήμη

145 5142 360 5218 λέγεται
405 5137 632 5210 εἷ’δησις,
666 5139 740 5208 ὥς
770 5163 930 5220 φησιν
966 5145 993 5199 ὁ
1027 5143 1254 5202 Πλάτων
1314 5143 1367 5204 ἓν
1416 5151 1496 5219 τῷ
1527 5143 1790 5204 Φαίδωνι.

141 5231 219 5286 Τὸ
247 5230 346 5309 γὰρ
397 5226 588 5288 εῗδὲναι
637 5230 797 5288 τοῦτό
846 5230 979 5302 ἐστι,
1012 5233 1074 5288 τὸ
1115 5229 1355 5294 λαϐόντα
1405 5257 1508 5293 που
1566 5236 1790 5310 ἐπιστή-

148 5342 260 5395 μην
288 5315 432 5401 ἔχειν
459 5320 550 5374 καὶ
597 5319 672 5393 μὴ
719 5314 1154 5394 ἀποϐεϐλῆσθαι,
1203 5325 1238 5396 ἢ
1288 5326 1322 5396 ἡ
1359 5323 1792 5403 ὀλοσχερεστέρα

139 5405 362 5487 γνῶσις,
411 5404 670 5480 ἢᾶπλῶς
709 5410 744 5480 ἠ
801 5410 1082 5487 κοινοτέρα
1131 5410 1220 5466 καὶ
1279 5411 1484 5470 τούτων
1542 5412 1792 5488 ἑκάτερον

143 5497 496 5575 περιέχουσα,
530 5495 603 5562 ὥς
633 5517 795 5572 φησιν
844 5498 1228 5574 Ἀριστοτέλης
1257 5497 1308 5555 ἐν
1352 5506 1469 5566 τοῖς
1516 5507 1787 5579 φυσικοῖς,

143 5583 327 5656 ἐπειδὴ
357 5589 420 5640 τὸ
451 5582 646 5640 εἰδέναι
677 5586 770 5641 καὶ
799 5587 861 5641 τὸ
921 5586 1232 5652 ἐπίστασθαι
1292 5590 1416 5665 περὶ
1474 5590 1645 5652 πάσας
1693 5591 1788 5653 τὰς

145 5676 469 5747 ἐπιστήμας.
531 5675 630 5729 Διὰ
682 5675 776 5747 μὲν
834 5677 938 5750 γὰρ
994 5681 1092 5732 τοῦ
1139 5674 1332 5733 εἰδέναι
1359 5680 1458 5750 τὴν
1505 5679 1782 5755 ὁλοσχερῆ

142 5771 337 5844 γνῶσιν
390 5765 664 5837 σημαίνει’
722 5761 811 5819 διὰ
855 5763 912 5821 δὲ
935 5770 1032 5820 τοῦ
1062 5765 1502 5837 έπίστασθαι·τὴν
1561 5764 1782 5846 ἀκριϐῆ,

1911 4775 1998 4828 his
2050 4773 2256 4844 liquet,
2287 4777 2440 4842 {esse
2479 4788 2694 4843 corpus
2737 4770 2975 4841 aliquod
3030 4771 3312 4843 spiritale,
3376 4776 3432 4826 et
3489 4771 3562 4825 ab

1907 4877 1996 4928 eo,
2041 4863 2385 4917 irascentem
2438 4866 2496 4915 et
2539 4858 3047 4930 concupiscentem
3097 4859 3388 4933 segregari
3445 4874 3558 4916 non

1905 4967 2097 5021 posse.

1974 5057 2202 5130 Triplex
2258 5055 2572 5130 quispiam,
2634 5054 2822 5126 aiunt,
2880 5053 3037 5112 notio
3095 5058 3184 5115 est
3240 5071 3253 5110 :
3314 5052 3559 5115 scientia

1902 5147 2060 5203 enim
2121 5145 2330 5205 notitia
2377 5144 2612 5211 dicitur,
2650 5149 2713 5200 ut
2770 5142 2851 5202 ait
2907 5143 2965 5199 in
3027 5142 3312 5204 Phaedone
3369 5141 3553 5200 Plato.

1901 5240 2048 5292 Nam
2099 5235 2247 5292 scire
2304 5239 2413 5299 est,
2465 5237 2777 5306 postquam
2838 5233 3139 5292 scientiam
3199 5232 3554 5305 susceperis,

1902 5342 2030 5383 eam
2065 5325 2314 5384 retinere
2363 5339 2466 5378 nec
2502 5323 2796 5388 amittere;
2828 5321 2919 5380 vel
2951 5320 3123 5396 plena.
3170 5329 3224 5377 et
3274 5338 3551 5378 consum-

1903 5420 2061 5470 mata
2091 5413 2366 5486 cognitio,
2389 5409 2474 5468 vel
2507 5409 2841 5469 communis
2863 5415 2920 5466 et
2949 5412 3257 5482 interjeota
3281 5411 3549 5482 quaedam

1902 5504 2106 5558 harum
2142 5508 2447 5570 utramque
2495 5498 2820 5570 continens,
2856 5504 2919 5556 ut
2956 5499 3161 5558 scribit
3207 5497 3551 5557 Aristoteles

1899 5593 1956 5648 in
1991 5591 2268 5665 physicis.
2292 5589 2438 5654 Quia
2467 5593 2626 5643 certo
2658 5587 2804 5642 scire
2836 5593 2894 5643 et
2924 5605 3292 5660 cognoscere,
3326 5589 3396 5644 ad
3429 5605 3548 5643 om-

1897 5699 2000 5738 nes
2031 5678 2309 5736 seientias
2341 5677 2655 5748 pertinent.
2683 5676 2827 5732 Nam
2861 5694 2962 5752 per
2993 5677 3156 5744 illud,
3186 5683 3341 5734 certo
3373 5677 3542 5741 scire,

1895 5771 2130 5844 plenam
2181 5769 2613 5840 perfectamque
2644 5765 3032 5838 cognitionem
3063 5767 3358 5839 significat
3391 5784 3406 5823 :
3439 5784 3542 5839 per
