4010 6360
419 302 572 362 1055

1789 271 2214 366 ΜιοΗΑΕιιε
2259 299 2530 364 PSELLI

3698 301 3851 361 1056

419 430 528 488 hoc
577 450 733 506 vero,
765 451 1134 508 cognoscere,
1168 440 1500 493 accuratam
1532 436 1620 493 vel
1668 452 1795 493 eam
1837 452 1966 508 quae
2001 434 2070 490 do

2201 432 2220 504 ἢ
2252 431 2351 502 την
2383 436 2582 495 κοινῶς
2617 430 2706 488 ἐπὶ
2737 431 2913 504 πάσης
2943 433 3196 509 γνώσεως
3229 431 3560 508 λεγομένην.
3605 429 3722 488 Καὶ
3775 427 3851 483 ἕνα

421 523 581 578 omni
614 525 948 598 cognitione
997 530 1336 598 usurpatur,
1375 526 1663 596 notitiam,
1697 531 1754 582 et
1801 525 1894 580 hic
1926 529 1982 580 et
2011 525 2071 579 in

421 610 646 668 altioris
678 613 1063 684 philosophia:
1095 616 1462 687 tractatione,
1496 615 1799 672 intellexit.

493 701 734 756 Duobus
765 703 979 769 modis,
1008 702 1250 772 alteram
1284 706 1467 760 altera
1497 705 1797 761 certiorem
1824 709 1881 759 et
1911 719 2075 758 accu-

423 785 696 846 ratiorem
749 791 1053 846 scientiam
1089 792 1397 864 diiudicari
1449 795 1705 848 affirmat
1735 791 2076 848 Aristoteles

424 882 492 936 dc
550 880 1055 937 demonstratione
1107 899 1119 937 :
1179 884 1389 955 primo,
1449 900 1580 939 cum
1641 901 1778 947 una,
1837 881 2078 938 alterius

423 969 714 1041 principia
746 970 950 1042 probat
991 977 1047 1026 et
1097 972 1480 1028 demonstrat.
1513 974 1604 1028 Sic
1655 973 1918 1045 physica,
1952 989 2079 1026 me-

423 1059 619 1113 dicina
649 1059 864 1115 certior
912 1065 1001 1115 est
1035 1079 1047 1115 :
1082 1062 1398 1132 geometria
1449 1061 1586 1118 item
1641 1061 2077 1118 machinatricc.

422 1148 801 1204 Arithmetica
853 1151 1098 1220 musice,
1130 1151 1202 1206 ob
1235 1168 1363 1206 eam
1417 1169 1655 1208 causam
1705 1152 2079 1224 exploratior-

425 1237 714 1309 Secundo,
740 1237 856 1293 alia
887 1243 976 1295 est
1005 1239 1120 1296 alia
1147 1241 1357 1295 certior
1388 1240 1632 1299 scientia
1652 1259 1778 1314 qua:
1812 1257 1928 1298 rem
1964 1259 2079 1297 non

426 1326 794 1384 materiatam
844 1328 1302 1401 contemplatur,
1341 1335 1400 1385 ut
1449 1331 1790 1403 geometria,
1823 1347 1918 1386 ars
1967 1348 2080 1386 nu-

427 1432 747 1488 merorum,
781 1421 838 1473 et
868 1416 1182 1490 theologia,
1215 1434 1318 1474 seu
1363 1419 1554 1490 prima
1583 1418 1976 1492 philosophia,
2009 1419 2082 1475 iis

427 1521 557 1576 quae
591 1505 646 1561 in
696 1505 871 1562 rebus
923 1506 1249 1562 materiatis
1298 1512 1680 1580 occupantur.
1713 1511 1900 1575 Quare
1949 1509 2082 1564 Ari-

430 1593 670 1650 stoteles
702 1594 758 1648 in
793 1594 1194 1666 metapbysica
1228 1612 1420 1652 rerum
1456 1614 1582 1669 quae
1615 1596 1912 1654 intellectu
1947 1613 2082 1668 per-

429 1683 750 1756 cipiuntur,
775 1683 1332 1756 contemplationem
1355 1691 1412 1741 et.
1435 1686 1773 1742 facillimam
1795 1692 1851 1742 et
1873 1687 2084 1742 difﬁci-

2179 524 2349 578 ταῦθα
2378 523 2469 578 καὶ
2501 522 2553 577 ἐν
2584 528 2701 584 τοῖς
2737 523 2870 597 μετά
2899 524 2962 579 τὰ
2993 523 3195 602 φυσικᾶ
3221 516 3553 597 παρέλαϐεν.

2253 704 2376 759 ’Ότι
2425 701 2590 780 φησὶν
2621 700 3010 778 Ἀριστοτέλης
3062 701 3114 756 έν
3171 705 3240 776 τῇ
3274 697 3663 772 ἀποδεικτικῇ,
3722 697 3852 752 κατᾶ

2186 790 2281 847 δύο
2339 791 2577 866 τρόπους
2632 790 2903 862 κρίνεσθαι
2952 789 3262 864 ἐπιστήμην
3323 788 3645 860 ἐπιστήμης
3701 788 3850 861 ship:-

2187 877 2464 954 ϐεστέραν.
2495 881 2623 936 Καθ’
2649 877 2740 935 ἕνα
2775 881 2868 954 μὲν
2901 878 3026 936 ὅταν
3059 883 3094 950 ἡ
3145 881 3299 955 ἑτέρα
3345 885 3447 948 τῆς
3504 877 3701 950 ἑτέρας
3765 875 3852 935 τες

2186 970 2359 1046 ἀρχάς
2389 967 2752 1038 ἀποδεικνύει,
2788 971 2904 1024 οἷον
2935 971 2970 1038 ἡ
3015 965 3349 1046 φυσιολογία
3395 968 3653 1039 ἰατρικῆς
3710 963 3854 1037 ἀκρεο

2187 1053 2429 1134 ϐεστέρα·
2489 1057 2748 1122 ὡσαύτως
2802 1058 2891 1112 καῖ
2949 1060 2984 1128 ἡ
3053 1055 3410 1134 γεωμετρία,
3499 1059 3852 1129 μηχανικῆς.

2189 1148 2287 1204 Διά
2342 1148 2441 1216 τὴν
2497 1147 2756 1218 τοιαύτην
2805 1146 2980 1202 αἰτίαν
3037 1141 3393 1222 ἀκριϐεστέρα
3450 1145 3544 1199 καὶ
3609 1143 3853 1216 ἀριθμη-

2129 1287 2143 1295 -
2187 1238 2313 1306 muil
2361 1237 2686 1310 ἁρμονικῆς.
2748 1237 2876 1294 Καθ’
2921 1233 3106 1311 ἕτερον
3167 1232 3225 1289 δὲ
3265 1233 3432 1309 λόγον
3493 1227 3854 1308 ἀκριϐεστέρα

2190 1326 2329 1382 ἐστὶν
2364 1326 2642 1399 ἐπιστήμη
2673 1326 3010 1399 ἐπιστήμης,
3069 1327 3104 1395 ἡ
3139 1322 3304 1380 ἄυλον
3367 1318 3578 1398 ἔχουσα
3604 1322 3672 1376 τὸ
3735 1321 3858 1374 ὕπο-

2189 1415 2462 1489 κείμενον,
2497 1416 2573 1476 ὡς
2609 1411 2941 1490 γεωμετρία,
2998 1412 3336 1488 ἀριθμητική
3389 1431 3448 1465 τε
3498 1408 3594 1463 καὶ
3660 1407 3850 1472 θεολο-

2189 1503 2299 1581 γία,
2352 1507 2459 1559 τῶν
2497 1497 2962 1575 ὑποϐαλλομένων
3021 1500 3088 1556 τὰ
3145 1497 3310 1556 ὖλικά
3368 1497 3732 1570 ὑποκείμενα.
3766 1495 3853 1550 Διό

2194 1615 2326 1669 φησι
2377 1593 2466 1647 καὶ
2525 1589 2915 1668 Ἀριστοτέλης
2971 1589 3024 1646 ἐν
3079 1595 3196 1650 τοῖς
3243 1589 3377 1662 μετά
3412 1588 3480 1642 τά
3510 1587 3744 1665 φυσικὰ,
3775 1585 3848 1639 ὅτι

2192 1686 2227 1753 ἡ
2257 1687 2363 1737 τῶν
2396 1685 2609 1750 νοητῶν
2652 1679 2850 1755 θεωρία
2908 1679 2996 1734 καὶ
3288 1676 3399 1732 ἐστὶ
3447 1675 3540 1732 καὶ
3603 1673 3850 1750 χαλεπή.

427 1771 542 1828 lem
569 1788 697 1828 esse
721 1773 1004 1841 affirmat;
1033 1773 1371 1830 facillimam
1400 1775 1804 1847 quidem,quia
1821 1777 1893 1831 de
1911 1777 2083 1832 rebus

2201 1772 2387 1843 Ῥᾴστη
2448 1771 2584 1844 μὲν,
2655 1767 2794 1824 διότι
2852 1768 2976 1845 περὶ
3039 1767 3285 1823 ἑστώτων
3341 1764 3453 1820 ἐστὶ
3507 1764 3850 1840 πραγμάτων

2269 1862 2282 1871 .
2331 1863 2344 1871 .
2386 1861 2398 1871 .
2475 1861 2488 1871 .
2589 1859 2601 1871 .
2770 1857 2784 1871 .
2851 1858 2863 1871 .
3204 1855 3216 1871 .
3442 1855 3456 1870 ς
3577 1855 3591 1869 .
3635 1855 3663 1871 ι.
3696 1859 3720 1868 ..
3799 1853 3812 1870 ε

431 1867 521 1919 est
551 1862 724 1918 statis
755 1866 809 1918 et
843 1862 993 1931 ﬁxis,
1027 1867 1084 1918 et
1115 1864 1318 1919 eodem
1351 1881 1584 1937 semper
1613 1865 1785 1922 modo
1815 1865 2086 1922 habenti-

433 1951 565 2008 bus.
599 1953 694 2007 Dei
727 1951 880 2007 enim
917 1969 1230 2024 rerumque
1261 1954 1593 2010 divinarum
1626 1955 1930 2012 immotam
1962 1971 2090 2012 esse

431 2041 852 2109 substantiam,
882 2042 1157 2098 virtutem
1207 2048 1262 2098 et
1311 2044 1622 2115 actionem,
1674 2043 2087 2116 planissimum

431 2135 538 2186 est.
573 2130 664 2186 Sic
697 2131 893 2203 itaque
926 2131 1204 2187 facillima
1239 2138 1346 2188 est.
1375 2131 1665 2205 Impedita
1691 2149 1828 2190 vero
1856 2139 1912 2189 et
1941 2134 2088 2189 diffi-

437 2219 588 2289 cilis,
636 2224 875 2292 propter
923 2224 1187 2275 nostram
1237 2221 1721 2278 imbecillitatem.
1756 2223 1878 2280 Non
1933 2221 2088 2277 enim

436 2309 576 2380 quia
608 2309 666 2362 in
692 2324 932 2381 corpore
957 2325 1188 2371 sumus.
1213 2315 1269 2365 et
1291 2311 1831 2382 perturbationibus
1857 2298 2092 2367 obnoxii

439 2399 509 2454 ad
543 2415 737 2452 rerum
792 2398 1122 2453 divinarum
1159 2398 1358 2455 lumen
1403 2401 1704 2456 attendere
1751 2417 2092 2473 possumus:

432 2486 609 2542 sicuti
648 2503 836 2559 neque
871 2491 1098 2542 noctuae
1129 2487 1308 2544 solem
1342 2489 1578 2560 intueri,

500 2575 662 2631 Plato
704 2576 1096 2632 immortalem
1159 2579 1416 2633 animam
1468 2596 1600 2633 cum
1654 2579 2090 2635 immortalibus

428 2665 667 2721 nomine
704 2669 930 2720 tantum
985 2667 1292 2721 convenire
1337 2667 1474 2743 inde
1505 2667 1745 2740 colligit,
1771 2670 1922 2740 quod
1958 2685 2088 2742 pro-

438 2754 558 2826 prie
589 2771 654 2809 ac
689 2771 788 2824 per
810 2770 871 2809 se
893 2753 1247 2823 immortale,
1273 2755 1532 2812 immotis
1557 2757 1635 2811 sit
1663 2761 1720 2812 et
1749 2757 2088 2813 substantia:

424 2848 480 2898 et
513 2843 764 2898 actionis
800 2861 812 2898 :
848 2847 908 2898 at
951 2843 1158 2898 animae
1212 2845 1452 2916 quidem
1504 2846 1894 2902 immortalem
1944 2848 2088 2903 sub-

427 2933 710 2987 stantiam
773 2933 1060 3005 agnoscit,
1114 2949 1225 2988 non
1281 2950 1412 2988 vero
1461 2934 1772 2992 actionem.
1806 2938 1890 2991 Ad
1951 2953 2085 2992 eum

425 3021 666 3075 modum
722 3036 813 3075 res
847 3023 1110 3077 cmlestes
1141 3039 1241 3078 seu
1285 3022 1459 3079 caelos
1492 3025 1727 3080 nomine
1777 3030 1946 3081 tenus
1976 3026 2086 3081 im-

427 3108 699 3165 mortales
749 3127 876 3166 esse
923 3111 1187 3167 dixeris:
1233 3117 1543 3168 mutantur
1590 3114 1771 3184 enim,
1805 3115 1913 3170 etsi
1966 3132 2079 3170 non

427 3199 783 3264 substantia,
811 3198 935 3255 loco
966 3207 1184 3256 tamen.

502 3288 727 3343 Animae
750 3289 1056 3344 verissima
1080 3290 1333 3361 cognitio
1357 3292 1426 3346 ad
1454 3292 1783 3348 universam
1818 3293 2074 3366 philoso-

428 3376 627 3449 phiam
661 3394 1012 3450 magnopere
1035 3380 1327 3450 conducit,
1351 3381 1422 3436 ad
1446 3379 1817 3454 disciplinam
1843 3399 2074 3438 morum

429 3465 559 3520 dico
601 3472 656 3521 et
699 3465 1053 3539 theologiam
1105 3485 1207 3523 seu
1259 3469 1506 3540 primam
1562 3469 1987 3544 philosophiam
2022 3476 2079 3526 et

434 3555 757 3629 physicam.
786 3556 867 3610 Ad
897 3557 1246 3622 doctrinam,
1273 3557 1624 3629 inquam,de
1647 3560 2080 3632 moribus,quia

432 3661 624 3700 mores
655 3661 793 3700 suos
843 3662 1010 3701 nemo
1053 3647 1438 3706 conl'ormare.
1474 3664 1660 3719 neque
1706 3653 1859 3704 recte
1907 3650 2078 3706 insti-

432 3739 595 3790 tuere
627 3739 836 3806 potest,
871 3735 983 3790 nisi
1016 3737 1112 3806 qui
1156 3736 1364 3791 animaa
1407 3736 1712 3792 facultates
1744 3744 2079 3811 perspectas

433 3823 726 3879 habuerit.
759 3825 843 3878 Ad
877 3825 1227 3897 theologiam
1261 3842 1416 3892 vero,
1443 3827 1582 3898 quia
1611 3827 1682 3882 de
1713 3834 1927 3898 mente,
1951 3846 2079 3901 qua:

431 3912 492 3967 in
527 3914 698 3969 nobis
746 3919 854 3982 est,
889 3913 1227 3985 quaerimus,
1261 3921 1318 3969 et
1348 3919 1668 3971 statuimus
1718 3934 1846 3974 esse
1892 3919 2078 3990 ipsum

435 4002 828 4056 immortalem
866 4020 878 4058 :
913 4002 1050 4074 quia
1078 4019 1211 4057 vero
1259 4019 1424 4058 mens
1473 4021 1668 4059 rerum
1718 4012 1807 4062 est
1851 4007 2081 4063 intelle-

437 4091 745 4157 ctualium,
799 4108 963 4147 mens
1011 4107 1211 4145 earum
1261 4096 1349 4147 est
1397 4109 1591 4149 rerum
1644 4111 1771 4166 quae
1821 4095 1973 4152 inter
2021 4112 2082 4152 se

439 4180 792 4234 referuntur.
822 4185 888 4232 At
934 4178 1245 4234 relatorum
1283 4197 1462 4235 unum
1498 4183 1596 4252 qui
1640 4185 1814 4249 novit,
1838 4188 1894 4240 et
1925 4184 2083 4241 aliud

444 4269 664 4322 noverit
699 4285 711 4321 :
747 4269 814 4321 ad
850 4265 1200 4339 theologiam
1242 4267 1424 4339 igitur
1455 4276 1673 4324 mentts
1705 4277 1919 4329 nostrae
1948 4291 2086 4330 con-

441 4354 717 4409 sideratio
750 4354 1068 4427 plurimum
1104 4356 1241 4410 facit
1273 4373 1285 4410 :
1321 4356 1506 4411 nihilo
1555 4359 1752 4414 minus
1781 4361 1848 4414 ad
1886 4361 2086 4434 physi-

443 4461 569 4500 cam
625 4461 638 4498 :
691 4443 983 4515 siquidem
1044 4444 1168 4513 eius
1227 4449 1316 4500 est
1372 4445 1442 4500 de
1499 4448 1839 4518 corporibus
1895 4465 2089 4522 agere,

2195 1862 2286 1916 καὶ
2321 1861 2402 1916 ἀεὶ
2460 1859 2716 1922 ὡσαύτως
2766 1857 3029 1936 ἐχόντων·
3083 1855 3352 1936 φανότατα
3395 1855 3501 1930 γὰρ
3531 1855 3603 1908 τὰ
3635 1855 3756 1908 θεῖα
3785 1853 3854 1913 ὡς

2197 1945 2554 2024 ἀμετάϐλητα
2609 1946 2901 2018 καθάπαξ,
2960 1948 3077 2001 κατ’
3136 1945 3318 2000 οὐσίαν
3350 1988 3364 2014 ,
3418 1942 3558 1998 κατά
3611 1939 3856 2014 δύναμιν,

2197 2042 2315 2097 κατ’
2349 2038 2637 2114 ἐνέργειαν.
2696 2037 2891 2109 Ῥᾴστη
2950 2036 3047 2108 μὲν
3099 2035 3192 2089 οὖν
3245 2030 3333 2088 διὰ
3379 2035 3564 2088 τοῦτο·
3635 2029 3856 2106 χαλεπῆ

2201 2127 2259 2184 δὲ
2309 2127 2397 2183 διὰ
2436 2129 2535 2196 τὴν
2589 2127 2862 2202 ἡμετέραν
2916 2124 3212 2180 ἀσθένειαν.
3273 2123 3346 2177 Οὐ
3385 2122 3486 2198 γὰρ
3530 2118 3860 2198 ἑξισχύομεν

2201 2217 2252 2274 ἐν
2287 2216 2643 2292 σώματι,καὶ
2705 2214 2965 2288 ἐμπαθεῖς
3019 2208 3188 2280 ὄντες,
3240 2211 3316 2273 εἷς
3370 2212 3432 2265 τὸ
3461 2209 3686 2265 ἐκείνων
3745 2212 3859 2284 Ῠῶς

2200 2306 2454 2363 ἀτενίσαι·
2491 2304 2620 2380 ὅπερ
2655 2305 2928 2380 πάσχουσι
2986 2302 3074 2357 καὶ
3133 2302 3187 2355 αἱ
3247 2296 3552 2375 νυκτερίδες
3585 2298 3728 2372 πρὸς
3774 2299 3860 2350 τὸν

2200 2394 2360 2466 ἥλιον
2377 2440 2389 2455 ,

2271 2578 2392 2633 Ὀτι
2455 2572 2680 2630 Πλάτων
2732 2570 2990 2636 ἀθάνατον
3041 2570 3243 2646 λέγων,
3300 2570 3401 2638 τήν
3457 2569 3674 2641 ψυχὴν,
3729 2565 3859 2629 cian

2198 2665 2376 2729 νάτοις
2407 2665 2706 2738 ὁμώνυμον
2758 2663 2889 2717 εἶναι
2921 2660 3191 2739 ἐπιφέρει·
3228 2657 3367 2713 διότι
3403 2659 3462 2712 τὸ
3499 2657 3594 2729 μὶν
3648 2655 3858 2730 κυρίως

2199 2755 2460 2810 ἀθάνατον
2500 2751 2591 2806 καὶ
2640 2751 2756 2807 κατ’
2807 2749 2996 2804 οὐσίαν
3055 2749 3144 2803 καὶ
3201 2747 3319 2801 κατ’
3377 2745 3649 2820 ἐνέργειαν
3714 2742 3856 2796 ἐστιν

2199 2837 2602 2916 ἀμετάϐλητον·
2653 2842 2752 2910 τήν
2816 2837 2874 2894 δὲ
2928 2839 3112 2913 ψυχὴν
3171 2838 3286 2891 κατ’
3345 2834 3527 2891 οὐσίαν
3578 2835 3677 2904 μὲν
3713 2829 3856 2886 οἶδεν

2196 2931 2481 3001 ἀθάνατον,
2543 2929 2722 2985 οὐκέτι
2756 2927 2813 2984 δὲ
2840 2929 2930 2984 καὶ
2981 2929 3098 2982 κατ’
3131 2925 3420 3003 ἐνέργειαν.
3481 2923 3676 2985 Οὕτως
3716 2919 3766 2975 δ’
3799 2923 3854 2974 ἂν

2199 3020 2372 3086 ε’ίποις
2395 3020 2485 3075 καὶ
2517 3020 2582 3074 τὰ
2609 3017 2831 3095 οὐράνια
2857 3017 3141 3078 ἀθανάτοις
3175 3015 3462 3088 ὁμώνυμα·
3511 3007 3853 3084 μεταϐάλλει

2195 3113 2299 3187 γάρ
2356 3111 2447 3165 καὶ
2501 3108 2657 3178 αύτά,
2709 3105 2760 3163 εἷ’
2804 3107 2894 3162 καὶ
2938 3107 3016 3180 μὴ
3075 3106 3192 3160 κατ’
3245 3103 3462 3174 οὐσίαν,
3525 3099 3676 3155 ἀλλά
3720 3100 3855 3153 κατᾶ

2112 3174 2154 3238 C
2194 3174 2381 3257 τόπον.

2256 3293 2378 3349 ’Ότι
2411 3292 2446 3360 ἡ
2479 3289 2602 3364 περὶ
2633 3291 2817 3364 ψυχῆς
2868 3282 3208 3356 ἀληθεστάτη
3239 3286 3434 3358 γνῶσις
3470 3325 3482 3348 ,
3544 3281 3687 3354 πρὸς
3743 3285 3850 3332 πὶ-

2187 3402 2278 3435 σαν
2339 3376 2663 3457 φιλοσοφίαν
2721 3371 3118 3450 συμϐάλλεται·
3172 3373 3307 3448 πρὸς
3368 3367 3426 3424 δὲ
3483 3370 3584 3437 τὴν
3640 3369 3840 3438 ἧθικῇν

2186 3467 2332 3546 λέγω
2361 3469 2449 3524 καὶ
2481 3469 2581 3537 τήν
2641 3463 2966 3540 Θεολογικὴν
3008 3463 3095 3518 καὶ
3129 3463 3226 3530 τὴν
3254 3461 3506 3537 φυσικήν.
3571 3458 3722 3533 Πρὸς
3755 3459 3845 3528 μὲν

2187 3560 2276 3614 οὗν
2305 3559 2405 3627 τὴν
2445 3557 2665 3629 ἠθικὴν,
2723 3554 2806 3610 ὅτι
2855 3550 3114 3608 ἀδύνατον
3156 3552 3303 3624 ἡμᾶς
3336 3549 3401 3603 τά
3432 3548 3643 3602 ἑαυτῶν
3676 3568 3842 3601 κατα·

2189 3649 2438 3704 σκευάσαι
2471 3644 2578 3716 ἤθη
2609 3647 2704 3706 τὰς
2737 3641 2992 3716 δυνάμεις
3019 3648 3121 3711 τῆς
3178 3642 3362 3714 ψυχῆς
3415 3638 3492 3710 μὴ
3553 3635 3840 3708 ἐπισκεψι.

2192 3737 2403 3811 μένους·
2450 3736 2585 3812 πρὸς
2628 3731 2685 3788 δὲ
2742 3729 3050 3807 θεολογίαν,
3102 3729 3184 3784 ὅτι
3237 3732 3504 3800 ζητοῦμεν
3568 3724 3700 3799 περὶ
3754 3727 3848 3778 τοῦ

2186 3831 2282 3882 νοῦ
2311 3830 2405 3880 τοῦ
2435 3827 2714 3900 χωριστοῦ
2744 3826 2844 3876 τοῦ
2874 3820 2926 3876 ἐν
2980 3823 3136 3893 ἡμῖν,
3195 3817 3279 3872 ὅτι
3327 3817 3414 3871 καὶ
3446 3815 3610 3878 αὐτὸς
3647 3815 3845 3878 ἀθάνα-

2187 3938 2298 3980 τος.
2332 3911 2554 3984 Ἐπειδὴ
2615 3910 2674 3967 δὲ
2731 3913 2760 3966 ὁ
2790 3915 2908 3972 νοῦς
2962 3914 3170 3980 νοητῶν
3205 3906 3338 3974 ἐστι,
3369 3909 3493 3967 νοῦς
3553 3909 3670 3959 τῶν
3705 3903 3838 3979 πρός

2189 4005 2240 4060 τί
2274 4005 2404 4061 ἐστι.
2454 4005 2578 4060 Τῶν
2609 3999 2666 4057 δὲ
2690 4000 2824 4077 πρός
2856 4019 2906 4054 τι
2939 3999 2966 4053 ὁ
2996 4001 3057 4053 τὸ
3080 3996 3131 4052 ἔν
3167 3993 3346 4062 εῗδὼς,
3405 3993 3495 4048 καὶ
3529 3994 3594 4047 τὸ
3641 3991 3841 4048 λοιπὸν

2193 4092 2412 4166 εἷ’σεται,
2465 4089 2634 4162 δῆλον
2669 4092 2751 4146 ὅτι
2777 4091 2811 4159 ἡ
2837 4085 3036 4163 θεωρία
3063 4090 3161 4140 τοῦ
3192 4085 3462 4158 ἡμετέρου
3492 4086 3590 4136 νοῦ
3619 4089 3715 4137 καὶ
3772 4081 3842 4141 εἷς

2193 4182 2473 4258 θεολογίαν
2535 4177 2747 4256 μεγάλα
2779 4171 3176 4250 συμϐάλλεται.
3225 4167 3545 4245 Συμϐάλλει
3598 4168 3658 4225 3‘s
3711 4174 3846 4242 ἡμῖν

2191 4275 2280 4329 καὶ
2313 4273 2451 4348 πρὸς
2479 4271 2578 4340 τὴν
2606 4268 2862 4342 φυσικήν.
2893 4264 2964 4322 Εἴ
2988 4285 3051 4340 γε
3079 4268 3310 4341 φυσικῆς
3344 4259 3438 4333 μέν
3472 4260 3616 4348 εστιν
3673 4258 3849 4334 ἔργον,

2195 4343 2414 4437 τόπερὶ
2445 4358 2716 4432 σωμάτων
2749 4353 3131 4430 διαλεχθῆναι,
3165 4351 3255 4406 καὶ
3284 4355 3392 4405 τῶν
3428 4345 3585 4404 εἱδῶν
3648 4349 3850 4414 αὐτῶν,

2197 4451 2288 4507 καὶ
2318 4435 2427 4506 τῶν
2459 4446 2762 4520 δυνάμεων·
2789 4448 2898 4500 τῶν
2933 4439 2990 4498 δὲ
3021 4441 3072 4497 ἐν
3106 4442 3351 4514 σώμασιν
3413 4435 3570 4494 εἰδῶν
3603 4439 3670 4492 τὸ
3730 4435 3854 4492 κάλ-

443 4535 632 4606 dcque
663 4549 864 4588 eorum
912 4549 1044 4587 cum
1080 4533 1303 4601 formis,
1335 4540 1461 4590 tum
1513 4535 1907 4594 facultatibus.
1941 4539 2083 4596 Nam

2202 4540 2386 4597 λιστον
2420 4540 2456 4608 ἡ
2488 4537 2641 4612 ψυχή
2653 4580 2666 4594 .

444 4623 761 4678 formarum
795 4622 1084 4690 omnium,
1118 4639 1246 4694 quas
1295 4623 1351 4678 in
1395 4625 1738 4697 corporibus
1766 4634 1926 4700 sunt,
1957 4630 2085 4700 pul-

438 4712 726 4768 cherrima
757 4717 847 4767 est
881 4711 1100 4768 anima.

512 4800 700 4865 Quare
730 4806 796 4856 ut
824 4800 894 4856 de
924 4799 1184 4873 reliquis,
1215 4802 1299 4856 sic
1337 4801 1408 4856 de
1439 4802 1635 4859 anima
1666 4821 1898 4878 quoque
1929 4823 2088 4880 quaa-

444 4892 692 4946 rendum
743 4896 854 4958 est,
898 4891 1195 4961 quodnam
1257 4891 1326 4946 ad
1385 4908 1572 4962 genus
1618 4897 1941 4952 revocanda
1988 4899 2086 4954 sit.

442 4980 690 5048 Quidam
724 4979 879 5036 enim
916 4980 985 5035 ad
1021 4980 1437 5052 substantiam,
1471 4981 1565 5036 alii
1600 4984 1670 5038 ad
1704 4987 2088 5056 quantitatem

443 5071 753 5134 reducunt,
803 5075 868 5124 ut
914 5068 1286 5152 Xenocrates.
1319 5069 1610 5126 Numerus
1658 5073 1832 5143 enim,
1878 5073 2091 5147 inquit,

443 5159 703 5231 seipsum
740 5174 997 5224 movens,
1019 5158 1217 5214 anima
1247 5164 1354 5214 est.
1385 5160 1498 5214 Alii
1528 5162 1596 5216 ad
1628 5161 1996 5234 qualitatem,
2032 5171 2096 5219 ut

445 5247 673 5313 medici,
697 5247 794 5318 qui
831 5265 935 5302 nos
958 5248 1214 5302 animam
1249 5265 1377 5303 esse
1397 5249 1619 5304 dicunt.
1647 5250 1870 5316 Quibus
1900 5269 2093 5307 annu-

442 5337 705 5392 morandi
756 5343 916 5407 sunt,
951 5337 1047 5409 qui
1103 5337 1275 5392 talem
1308 5339 1690 5394 entelechiam
1745 5340 1932 5411 ipsam
1966 5359 2094 5398 esse

440 5428 801 5484 existimant.
839 5429 950 5483 Alii
984 5429 1268 5485 rationem
1315 5430 1736 5488 elementorum
1787 5449 1914 5488 eam
1966 5451 2096 5490 esse

2268 4808 2391 4866 Ὅτι
2427 4801 2528 4875 δεῖ,
2561 4801 2715 4883 φησὶ,
2760 4800 3002 4877 καθάπερ
3031 4798 3121 4855 καὶ
3153 4797 3240 4853 ἐπὶ
3271 4795 3382 4853 τῶν
3442 4792 3652 4864 ἄλλων,
3717 4795 3852 4850 οὕτω

2196 4896 2286 4952 καὶ
2321 4896 2406 4950 ἐπὶ
2463 4901 2562 4964 τῆς
2627 4895 2812 4966 ψυχῆς
2842 4895 3092 4960 ζητῆσαι,
3146 4887 3251 4942 ὑπὸ
3282 4890 3441 4941 ποῖον
3472 4883 3626 4960 γένος
3689 4884 3848 4950 αὐτήν

2199 4986 2483 5059 ἀνάξομεν.
2543 4981 2639 5037 Καὶ
2696 4981 2797 5056 γὰρ
2855 4980 2907 5034 oi.
2970 4979 3066 5052 μὲτ
3125 4976 3293 5045 αὑτὴν
3350 4975 3453 5030 ὑπὸ
3509 4974 3608 5042 τήν
3669 4973 3849 5028 οὐσίαν

2199 5075 2507 5150 ἀνάγουσιν·
2570 5073 2622 5126 οἱ
2680 5068 2736 5125 δὶ
2796 5070 2900 5125 ὑπὸ
2928 5069 2991 5124 τὸ
3022 5067 3226 5123 ποσόν·
3283 5066 3356 5120 ὧν
3390 5062 3500 5119 ἐστι
3551 5063 3642 5118 καὶ
3684 5069 3846 5118 Ξενο-

2199 5167 2403 5240 κράτης
2433 5165 2529 5234 (2).
2597 5159 2841 5234 Αριθμὸς
2880 5159 2985 5234 γάρ
3043 5155 3176 5223 ἐστι,
3226 5153 3413 5232 φησὶν,
3471 5155 3507 5221 ἡ
3556 5155 3716 5227 ψυχῆ
3776 5173 3849 5206 κιο

2202 5259 2306 5310 νῶν
2342 5251 2549 5308 ἑαυτόν.
2585 5250 2648 5304 0i
2681 5246 2738 5303 δὲ
2793 5247 2896 5302 ὑπὸ
2933 5245 2996 5300 τὸ
3024 5245 3203 5314 ποιὸν,
3263 5244 3336 5297 ὧν
3398 5240 3503 5297 εἶσι
3531 5242 3623 5295 καὶ
3658 5241 3850 5317 ἰατροῄ

2202 5346 2351 5416 ἡμᾶς
2383 5344 2456 5412 (3)
2491 5341 2625 5395 εἶναι
2686 5335 2936 5414 λέγοντες
2967 5334 3158 5404 αὐτήν.
3214 5335 3470 5390 Τοιοῦτοι
3532 5327 3578 5384 δ’
3639 5330 3702 5384 ἄν
3764 5329 3850 5385 εἶεν

2203 5433 2294 5487 καὶ
2327 5433 2378 5486 oi
2437 5429 2780 5505 ἐντελέχειαν
2835 5425 3003 5493 αὐτην
3037 5421 3354 5496 νομίζοντες
3385 5438 3667 5488 τοιαστην,
3730 5416 3852 5475 Ἀλ-

537 5563 594 5636 ξ)
628 5562 683 5636 id
720 5559 1057 5636 Pythagora:
1092 5561 1285 5636 potius
1317 5561 1520 5616 tribuit
1554 5561 1870 5633 Gregorius
1901 5562 2202 5636 Nyssenus
2234 5563 2289 5618 in
2326 5562 2474 5617 libro
2505 5562 2581 5617 De
2609 5561 2831 5616 Anima.

537 5633 593 5706 3)
627 5631 778 5704 Lego
806 5631 945 5702 αἷμα
974 5633 1323 5700 sanguinem.
