4010 6360
161 430 318 489 1057

1632 424 1736 484 DE
1776 422 2053 486 ΔΝΙΜΔ.

3408 432 3565 497 1058

162 555 255 612 λοι
285 555 456 632 λόγον
490 555 659 626 αὐτὴν
685 560 793 611 τῶν
843 555 1133 631 στοιχείων
1157 554 1433 631 λέγουσιν,
1458 555 1510 609 οἳ
1543 550 1805 625 δηλονότι
1838 613 1844 625 ε

1961 554 2145 624 icunt,
2178 555 2277 627 qui
2308 572 2436 612 eam
2477 575 2687 631 nempe
2740 560 2798 616 in
2829 560 3144 619 relatorum
3176 565 3446 624 ordinem
3474 584 3569 624 eo-

167 648 273 702 sua
299 647 362 703 τὸ
390 646 529 722 πρός
584 667 639 701 τι
691 645 894 717 ταύτην
927 645 1206 723 ἀνάγουσι.
1253 645 1328 700 Τὸ
1357 645 1463 720 γὰρ
1524 641 1812 700 διπλάσιον

1958 648 2091 700 unt.
2125 643 2381 717 Duplum
2412 647 2567 702 enim
2600 653 2655 703 et
2686 649 3019 722 sextuplum
3055 651 3236 710 relata
3265 659 3424 711 sunt.
3454 656 3570 711 Du-

164 738 202 807 ἢ
257 735 520 809 ἡμιόλιον
572 740 679 791 τῶν
734 735 871 812 πρός
923 755 996 792 τι.
1056 728 1397 813 ’Δμφίόολον
1448 733 1541 788 οὗν
1572 733 1708 797 τέως
1752 730 1815 787 τὸ

166 826 347 901 γένος.
408 821 657 881 Ἐπειδὰν
710 821 769 880 δὲ
801 821 1045 898 εὕρωμεν
1109 822 1192 879 ὅτι
1244 821 1455 892 οὐσίαν,
1504 820 1667 877 πάλιν
1722 826 1819 891 ζη-

164 919 278 970 τεῖν
339 911 542 986 δεήσει,
574 914 805 989 πότερον
841 917 1004 987 σῶμα
1026 911 1063 982 ἢ
1096 912 1406 985 ἀσώματον,
1436 910 1526 966 καὶ
1556 910 1602 966 εἰ
1659 913 1821 983 σῶμα

166 1003 380 1061 ἁπλοῦν
432 1002 468 1072 ἢ
530 1001 797 1058 σύνθετον⁸
847 1001 939 1058 καὶ
997 1001 1041 1056 εί
1098 1001 1387 1075 ἀσώματον
1448 999 1722 1076 χωριστὸν
1782 996 1818 1067 ἢ

167 1092 503 1169 ἀχώριστον.
536 1093 632 1147 Καὶ
665 1091 894 1168 πότερον
933 1089 1033 1164 μία
1060 1089 1123 1146 ἐκ
1173 1091 1380 1163 ἑκάστῳ
1410 1090 1590 1165 ψυχὴ,
1619 1089 1655 1159 ἢ
1686 1085 1823 1143 πολ-

169 1182 287 1239 λαίο
341 1181 431 1237 καὶ
462 1180 514 1236 εἷ’
546 1180 665 1255 μία,
700 1177 988 1254 μονοειδὴς
1044 1181 1079 1250 ἢ
1119 1176 1531 1252 πολυδύναμος·
1591 1179 1679 1233 καὶ
1739 1175 1823 1239 τίς

167 1275 207 1342 ἡ
240 1275 352 1327 τῶν
382 1267 661 1345 δυνάμεων
694 1267 952 1348 διαφορὰ,
999 1268 1090 1325 καὶ
1121 1270 1167 1325 εί
1197 1267 1426 1325 πολλαί’
1460 1266 1687 1340 πότερον
1744 1269 1827 1337 τῷ

169 1361 398 1436 ἀριθμῷ
452 1358 682 1428 πολλαὶ,
742 1358 778 1428 ἢ
832 1358 924 1415 καὶ
978 1362 1060 1431 τῷ
1114 1355 1267 1413 εἷ’δει·
1328 1357 1555 1430 πότερον
1612 1354 1704 1411 καὶ
1746 1357 1827 1425 τῷ

166 1448 339 1524 γένει,
368 1447 404 1517 ἢ
457 1447 542 1504 οὗ.
569 1448 646 1503 Τά
673 1447 772 1523 γάρ
802 1451 883 1521 τῷ
912 1444 1043 1503 εῖδει
1099 1444 1442 1524 διαφέροντα,
1501 1443 1565 1499 οὐ
1608 1444 1823 1504 πάντως

170 1537 271 1594 καὶ
300 1542 380 1610 τῷ
398 1537 559 1613 γένει·
593 1538 667 1598 ὡς
697 1538 983 1612 ἅνθρωπος
1018 1535 1111 1591 καὶ
1137 1534 1328 1600 ἵππος.
1360 1535 1444 1593 Τά
1509 1532 1695 1607 μέντοι
1749 1533 1829 1602 τῷ

172 1627 322 1702 γένει
353 1623 675 1704 διαφέροντα
698 1669 713 1695 ,
770 1624 822 1699 ἐξ
853 1623 1091 1702 ἀνάγκης
1120 1624 1212 1679 καὶ
1240 1628 1320 1697 τῷ
1349 1620 1501 1696 εἴδει,
1538 1622 1614 1684 ὡς
1672 1620 1829 1685 λίθος

174 1716 274 1772 καὶ
307 1720 462 1785 ζῶον.
494 1719 669 1771 Ταῦτα
694 1715 877 1771 τοίνυν
909 1715 997 1769 καὶ
1033 1714 1243 1770 τούτων
1271 1710 1522 1781 πλείονα,
1572 1711 1707 1787 πρὸς
1764 1708 1828 1764 τὸ

176 1800 372 1861 λαϐεῖν
402 1805 493 1860 τὸν
526 1803 755 1881 ὁρισμὸν
773 1806 875 1869 τῆς
904 1806 1115 1880 ψυχῆς,
1153 1800 1437 1874 ζητητέον.

254 2002 374 2056 Ὀτι
405 1999 791 2077 Ἀριστοτέλης
825 2000 929 2056 ὑπὸ
960 1998 1217 2075 διαίρεσιν
1242 2000 1338 2055 τὸν
1398 1998 1564 2075 λόγον
1619 1997 1828 2075 ἀνάγων

174 2091 275 2145 τὸν
311 2089 431 2165 περὶ
460 2093 665 2166 ψυχῆς,
692 2089 880 2168 φησὶν,
911 2091 946 2161 ἢ
979 2087 1203 2163 δυνάμει
1235 2087 1378 2144 ἐστὶν
1418 2089 1453 2160 ἢ
1505 2085 1832 2163 ἐντελέχεια,

180 2179 302 2235 ἀντὶ
336 2179 430 2252 μὲν
460 2182 559 2234 τοῦ
603 2178 858 2252 σώματος
901 2179 1252 2254 χρησάμενος
1296 2182 1366 2252 τῇ
1412 2174 1660 2251 δυνάμει,
1719 2175 1836 2230 ἀντὶ

183 2266 250 2325 δὶ
272 2271 371 2323 τοῦ
427 2266 719 2342 ἀσώματος
759 2269 829 2343 τῇ
859 2265 1169 2343 ἐντελεχείᾳ
1196 2284 1210 2300 ·
1271 2267 1362 2322 καὶ
1409 2267 1515 2343 γὰρ
1567 2271 1676 2322 τῶν
1736 2286 1837 2320 σω-

191 2360 382 2433 μάτων
427 2357 495 2412 τά
537 2357 633 2431 μὲν
687 2356 740 2412 ἒν
798 2358 999 2431 γενέσει
1057 2356 1148 2412 καὶ
1206 2358 1381 2435 φθορᾷ
1427 2353 1652 2429 δυνάμει
1703 2352 1836 2424 ἐστὶ,

190 2447 284 2503 καὶ
315 2447 431 2503 κατ’
463 2444 652 2501 οὐσίαν
683 2446 773 2501 καὶ
802 2447 938 2501 κατὰ
966 2444 1255 2516 ποιότητα,
1285 2445 1376 2499 καὶ
1428 2445 1528 2514 τὴν
1555 2443 1615 2499 ἐκ
1669 2443 1839 2499 τόπου

187 2536 272 2598 εἷς
296 2536 466 2592 τόπον
502 2530 1072 2609 μεταϐολήν·δυνάμει
1114 2534 1210 2608 μὶν
1242 2535 1344 2608 γάρ
1375 2534 1533 2608 ἐσμεν
1562 2530 1839 2609 ἄνθρωποι

188 2626 247 2681 ἰν
303 2629 386 2698 τῷ
441 2624 710 2700 σπέρματι
761 2623 852 2679 καὶ
882 2623 935 2678 ἐν
964 2628 1045 2697 τῷ
1072 2620 1418 2696 καταμηνίῳ·
1476 2623 1564 2678 καὶ
1615 2620 1843 2695 δυνάμει

188 2711 387 2777 παῖδες
418 2709 592 2789 ὄντες,
646 2711 855 2789 ἔχομεν
876 2713 941 2768 τὸ
968 2717 1071 2768 τοῦ
1100 2709 1289 2789 ἀνδρὸς
1322 2710 1569 2789 μέγεθος.
1602 2711 1842 2785 Ὁμοίως

188 2804 283 2859 καὶ
314 2802 406 2859 ἐπὶ
434 2787 532 2858 to?)
559 2787 741 2857 ποιοῧσ
775 2799 1002 2877 δυνάμει
1030 2800 1236 2877 ψυχροὶ
1293 2802 1486 2878 θερμοὶ
1545 2797 1714 2872 ὄντες,
1753 2799 1844 2856 καὶ

191 2891 425 2965 δυνάμει
454 2890 753 2966 κινούμεθα
780 2893 1102 2965 καθήμενοι.
1133 2890 1214 2949 Τά
1245 2888 1302 2946 δέ
1329 2912 1389 2946 τε
1418 2890 1645 2966 οὐράνια
1674 2890 1726 2945 έν
1773 2888 1844 2957 τῆ

190 2980 337 3037 κατὰ
356 2982 525 3037 τόπον
563 2976 844 3055 μεταϐολῇ
878 2980 1045 3055 μόνον
1101 2974 1291 3056 ἔχουσι
1319 2984 1388 3055 τῇ
1416 2977 1660 3055 δυνάμει.
1693 2981 1848 3037 Ἀναο

185 3069 408 3127 τέλλων
460 3070 560 3145 γάρ
620 3071 649 3125 ὁ
706 3069 890 3139 ἥλιος,
930 3067 1156 3143 δυνάμει
1218 3074 1558 3146 μεσουρανεῖ’
1617 3069 1706 3125 καὶ
1758 3088 1849 3142 μευ

192 3164 476 3236 σουρανῶν
536 3156 760 3232 δυνάμει
819 3155 981 3214 δύνειο
1039 3159 1130 3214 καὶ
1187 3158 1272 3214 ἐπὶ
1303 3162 1405 3225 τῆς
1454 3156 1634 3229 ἄλλης
1682 3157 1849 3214 αὐτοῦ

189 3250 465 3321 κινήσεως
518 3248 609 3304 καὶ
663 3253 771 3304 τῶν
826 3246 1011 3304 ἄλλων
1056 3245 1314 3323 ἀστέρων,
1372 3248 1631 3312 ὡσαύτως
1687 3247 1739 3303 έν
1777 3250 1848 3322 τῇ

191 3340 341 3394 κατά
364 3339 535 3395 τόπον
568 3332 873 3412 μεταϐολῇ,
902 3338 966 3393 τὸ
996 3334 1222 3412 δύναμει
1253 3336 1365 3393 ἐστὶ
1401 3339 1645 3411 θεωρεῖν.
1672 3335 1852 3394 Ἀλλὰ

195 3427 254 3483 τί
284 3425 492 3498 δήποτε
542 3427 629 3483 ἐπὶ
685 3431 784 3483 τοῦ
833 3427 1086 3500 σώματος
1144 3426 1197 3482 ἒν
1246 3423 1471 3501 δυνάμει
1528 3426 1708 3498 τάξας,
1764 3425 1853 3482 ἐπὶ

198 3521 301 3572 τοῦ
351 3516 645 3591 ἀσωμάτου
703 3515 805 3571 οὐκ
873 3516 1014 3571 εἶπεν
1072 3513 1381 3591 ἐντελεχείᾳ
1438 3515 1575 3571 κατὰ
1631 3513 1852 3584 δοτικήν

199 3610 436 3678 πτῶσιν,
483 3602 613 3660 ἀλλ’
667 3603 1007 3680 ἐντελέχειαν
1036 3606 1154 3661 κατ’
1183 3604 1429 3675 sobriam;
1484 3604 1727 3680 Λέγομεν
1761 3606 1855 3660 οὖν

199 3697 290 3751 ὅτι
319 3691 459 3749 ἄλλο
490 3692 601 3749 ἐστὶ
633 3691 884 3769 δύναμις,
917 3692 1006 3749 καὶ
1038 3690 1179 3750 ἄλλο
1224 3692 1276 3749 ἐν
1310 3690 1557 3767 δυνάμει,
1590 3695 1678 3749 καὶ
1713 3692 1855 3749 ἄλλο

194 3781 538 3860 ἐντελέχεια,
586 3782 676 3839 καὶ
735 3780 877 3839 ἄλλο
934 3780 1264 3858 ἐντελεχείᾳ.
1318 3788 1382 3839 Ἡ
1444 3783 1538 3855 μὲν
1591 3782 1692 3859 γάρ
1745 3780 1852 3854 ὕλη

201 3874 392 3948 μόνως
449 3873 561 3928 ἐστὶ
619 3870 843 3947 δυνάμει
902 3874 1098 3945 πάντα,
1145 3873 1234 3928 καὶ
1267 3867 1379 3928 ἔστι
1431 3869 1678 3947 δυνάμει,
1710 3871 1855 3945 ἆνερ-

199 3964 333 4039 γείᾳ
364 3959 421 4017 δὶ
450 3959 625 4018 οὐδέν.
651 3962 722 4017 Τὸ
771 3959 830 4017 δὲ
870 3958 1009 4024 εἶδος
1061 3963 1240 4036 μόνως
1299 3959 1629 4038 έντελέχεια’
1688 3961 1749 4016 τὸ
1799 3957 1857 4017 δὲ

200 4052 261 4123 ἑξ
289 4049 431 4123 ὖλης
489 4051 580 4108 καὶ
637 4047 816 4114 εἴδους
844 4050 936 4107 καὶ
963 4049 1014 4107 ἦν
1043 4048 1292 4126 δυνάμει,
1324 4051 1486 4107 τοῦτό
1518 4050 1629 4107 ἔστι
1658 4050 1748 4107 καὶ
1773 4048 1854 4105 ἒν-

194 4140 498 4216 τελεχεέᾳ.
544 4142 911 4217 Συντρέχουσι
965 4142 1070 4218 γάρ
1128 4140 1303 4196 πάντα
1352 4145 1524 4196 ταῦτα
1572 4141 1707 4214 ἅμα·
1764 4139 1855 4195 καὶ

197 4230 343 4305 ὅπερ
402 4229 512 4285 ἐστὶ
543 4230 634 4285 καὶ
678 4230 729 4285 ἐν
773 4227 1021 4303 δυνάμει,
1046 4227 1211 4284 τοῦτὸ
1240 4229 1349 4285 ἐστι
1376 4227 1468 4284 καί
1523 4227 1855 4304 ἐντελεχείᾳ.

200 4321 309 4377 Καὶ
368 4319 470 4395 γάρ
520 4318 693 4375 πάντα
737 4320 805 4375 τὰ
852 4317 995 4391 ε’ίδη,
1030 4316 1255 4393 δυνάμει
1315 4317 1369 4374 ἐν
1421 4322 1492 4393 τῇ
1523 4317 1629 4393 ὕλῃ
1692 4317 1856 4390 ἔστὶν,

196 4410 333 4480 ἥτις
362 4410 494 4464 ποτε
553 4408 649 4482 μὶν
705 4412 891 4477 τοῦτο,
938 4408 1071 4464 ποτε
1119 4404 1178 4463 δὲ
1234 4408 1409 4463 έκεῖνο
1459 4406 1659 4483 γίνεται
1716 4407 1859 4479 ἔνερ-

196 4498 352 4575 Teia.
408 4501 519 4554 Νῦν
582 4499 677 4572 μὲν
728 4498 829 4575 γὰρ
870 4496 1155 4573 ἄνθρωπος
1215 4498 1347 4552 οὖσα
1377 4493 1626 4570 δυνάμει,
1658 4493 1861 4552 ἄλλοτε

194 4588 416 4665 γίνεται
460 4585 696 4664 ένεργείᾳ
744 4584 1048 4663 ἄνθρωπος’
1102 4583 1316 4661 μᾶλλον
1376 4582 1433 4640 δὲ
1458 4584 1571 4659 ἅμα
1618 4583 1857 4661 ἔχεικαὶ

1876 3290 1926 3362 C

1924 732 2089 789 bium
2119 732 2301 805 igitur
2341 738 2400 790 et
2444 740 2880 795 controversum
2930 747 3022 797 cst
3068 742 3197 813 ejus
3226 760 3434 817 genus.
3462 745 3574 802 Sed

1926 821 2027 878 ubi
2078 822 2477 881 invenerimus
2524 826 2914 900 substantiam
2960 846 3109 899 esse,
3159 850 3365 889 rursus
3415 851 3573 906 quae-

1926 909 2175 965 rendum
2206 909 2317 965 erit
2346 927 2417 967 an
2450 928 2661 983 corpus
2681 931 2751 968 an
2787 916 2913 972 sine
2945 935 3183 990 corpore
3210 963 3223 989 ,
3255 938 3330 976 an
3360 939 3576 995 corpus

1928 996 2200 1070 simplex,
2235 1015 2308 1054 an
2357 1002 2748 1074 compositum
2782 1021 2796 1059 :
2830 1004 2881 1060 si
2926 1005 3053 1063 sine
3082 1024 3339 1082 corpore,
3373 1029 3444 1067 an
3478 1028 3576 1069 se-

1930 1086 2230 1159 parabilis,
2264 1104 2337 1144 an
2392 1088 2840 1164 inseparabilis;
2892 1099 2972 1161 et,
3002 1096 3154 1154 sitne
3203 1116 3322 1156 una
3365 1101 3423 1157 in
3454 1101 3576 1158 sin-

1931 1176 2090 1249 gulis
2118 1178 2459 1249 corporibus
2507 1178 2727 1249 anima,
2759 1182 2845 1238 vel
2877 1183 3076 1257 plures
3106 1204 3118 1242 :
3149 1193 3207 1244 et
3237 1189 3285 1244 si
3320 1206 3435 1247 una
3465 1196 3576 1262 est,

1933 1282 2005 1321 an
2066 1266 2244 1323 unius
2300 1268 2536 1340 speciei,
2597 1270 2682 1326 vel
2742 1272 3130 1344 plurimarum
3189 1278 3576 1351 facultatum;

1935 1354 2230 1426 quodnam
2263 1356 2342 1412 sit
2368 1373 2573 1414 earum
2604 1359 2757 1416 inter
2802 1378 2863 1418 se
2905 1363 3221 1423 discrimen
3257 1385 3271 1424 :
3303 1372 3430 1425 tum
3461 1369 3584 1426 sint

1935 1459 2005 1498 ne
2037 1442 2235 1514 plures
2262 1444 2388 1513 hae;
2440 1463 2512 1502 an
2547 1465 2813 1518 numero,
2866 1469 2940 1509 an
2989 1456 3183 1526 specie
3231 1455 3429 1529 plures
3460 1476 3473 1514 :
3506 1475 3579 1514 an

1934 1545 2166 1604 genere,
2199 1549 2399 1591 necne.
2432 1535 2580 1592 Nam
2612 1555 2742 1610 qum
2769 1541 2963 1613 specie
2990 1543 3287 1609 ditferunt,
3320 1562 3436 1602 non
3458 1562 3581 1603 om-

1938 1620 2077 1676 nino
2105 1620 2280 1677 etiam
2329 1639 2577 1697 genere;
2631 1631 2695 1682 ut
2724 1628 2899 1686 homo
2942 1634 3000 1687 et
3045 1649 3254 1705 equus,
3286 1635 3421 1700 Quas
3450 1650 3584 1693 vero

1937 1724 2148 1781 genere
2186 1710 2483 1784 differunt,
2512 1716 2753 1774 omnino
2801 1722 2859 1775 et
2907 1721 3101 1793 specie
3131 1722 3486 1796 discrepant,
3522 1727 3588 1779 ut

1938 1796 2092 1870 lapis
2138 1803 2197 1855 et
2244 1800 2484 1857 animal.
2538 1804 2666 1860 Haec
2712 1809 2769 1861 et
2814 1806 2984 1879 plura
3030 1809 3102 1865 ad
3153 1809 3588 1884 percipiendam

1939 1886 2149 1942 animae
2180 1888 2600 1960 deﬁnitionem,
2631 1897 2946 1967 qumrenda
2973 1901 3134 1955 sunt.

2011 1995 2350 2053 Aristoteles
2406 1998 2867 2071 disputationem
2923 2005 2996 2061 de
3051 2006 3252 2063 anima
3297 2006 3588 2077 dividens,

1940 2082 2031 2139 vel
2064 2089 2370 2155 potestate,
2419 2086 2634 2160 inquit,
2679 2096 2786 2162 est,
2816 2091 2906 2149 vel
2953 2093 3041 2151 vis
3087 2111 3157 2151 ex
3204 2111 3267 2153 se
3300 2110 3589 2154 movens:

1945 2172 2044 2228 ubi
2080 2190 2181 2245 pro
2228 2191 2491 2247 corpore,
2524 2178 2689 2251 dixit,
2720 2186 3048 2253 potestate;
3095 2201 3197 2257 pro
3228 2185 3591 2257 incorporeo,

1947 2262 2035 2318 vis
2060 2279 2129 2318 ex
2158 2280 2221 2320 se
2252 2281 2491 2322 movens
2521 2284 2534 2322 :
2567 2284 2878 2341 corporum
2908 2271 3086 2340 enim,
3120 2273 3236 2331 alia
3264 2274 3322 2331 in
3353 2290 3595 2349 genera-

1946 2350 2103 2408 tione
2133 2357 2190 2408 et
2218 2356 2612 2428 corruptione,
2654 2364 2940 2430 potestate
2986 2367 3148 2434 sunt,
3176 2367 3234 2420 et
3268 2366 3594 2421 secundum

1949 2440 2342 2497 substantiam
2392 2448 2449 2499 et
2495 2446 2839 2517 qualitatem
2889 2453 2945 2504 et
2992 2452 3369 2509 mutationem
3411 2452 3597 2510 eloco

1950 2527 2008 2582 in
2040 2526 2268 2585 locum:
2293 2547 2424 2587 nam
2457 2538 2744 2605 potestate
2761 2552 2972 2595 sumus
2998 2540 3268 2598 homines
3293 2543 3350 2597 in
3375 2542 3601 2599 semine

1950 2621 2009 2673 et
2051 2623 2353 2675 menstruo
2387 2638 2401 2676 :
2435 2627 2654 2679 etcum
2707 2625 2870 2697 pueri
2902 2628 3113 2700 simus,
3145 2629 3250 2686 viri
3301 2631 3601 2705 magnitu-

1953 2705 2149 2764 dinem
2191 2714 2478 2780 potestate
2526 2712 2833 2771 habemus.
2885 2716 2946 2773 ln
2993 2718 3275 2790 qualitate
3306 2721 3602 2793 similiter,

1954 2812 2089 2852 cum
2123 2798 2317 2869 frigidi
2351 2816 2577 2869 sumus,
2604 2807 2891 2874 potestate
2921 2806 3117 2863 callidi
3142 2825 3351 2866 sumus
3373 2814 3429 2866 et
3449 2814 3606 2882 pote-

1954 2890 2105 2942 state
2129 2903 2450 2957 movemur,
2476 2907 2602 2946 cum
2628 2893 2923 2951 sedemus.
2947 2894 3082 2952 Coeli
3105 2902 3301 2954 autem
3326 2899 3395 2955 ad
3417 2899 3602 2955 solam

1955 2973 2067 3030 loci
2126 2977 2534 3048 mutationem,
2595 2985 2944 3053 potestatem
3006 2985 3241 3042 habent.
3292 2986 3390 3045 Sol
3446 2987 3604 3044 enim

1958 3065 2173 3136 oriens,
2207 3070 2488 3138 potestate
2536 3071 2767 3127 medius
2796 3077 2921 3142 est;
2974 3075 3217 3131 meridie
3258 3092 3413 3148 vero,
3448 3081 3607 3148 pote-

1960 3157 2109 3209 state
2137 3153 2349 3210 occidit
2379 3173 2393 3212 :
2429 3160 2486 3212 et
2516 3157 2574 3213 in
2625 3160 2847 3216 caeteris
2895 3162 3045 3235 ejus,
3079 3168 3134 3220 et
3164 3163 3413 3221 aliorum
3448 3166 3603 3222 side-

1961 3258 2094 3297 rum
2125 3244 2405 3311 motibus,
2438 3248 2685 3303 mutatio
2707 3250 2777 3304 ad
2810 3249 3022 3320 locum,
3044 3256 3331 3325 potestate
3362 3253 3611 3310 attendi-

1965 3336 2074 3388 tur.
2111 3333 2222 3388 Sed
2256 3350 2380 3400 cur,
2412 3351 2543 3390 cum
2576 3341 2876 3409 potestate,
2900 3356 3004 3411 pro
3033 3357 3274 3413 corpore
3296 3342 3609 3414 posuisset,

1960 3434 2067 3491 pro
2096 3420 2435 3493 ineorporeo
2468 3439 2582 3478 non
2619 3425 2786 3494 dixit,
2818 3427 3141 3485 entelechio
3167 3429 3227 3485 in
3259 3436 3419 3488 sexto
3449 3447 3613 3499 casu,

1962 3509 2063 3565 sed
2096 3510 2503 3583 entelechiam,
2526 3512 2585 3569 in
2617 3513 2818 3571 recto?
2846 3516 2993 3580 Quia
3015 3517 3298 3576 nimirum
3323 3520 3480 3577 aliud
3504 3524 3614 3587 est,

1964 3602 2243 3669 potestas,
2303 3598 2484 3669 aliud,
2543 3606 2865 3674 potestate;
2924 3611 2983 3661 et
3038 3607 3197 3663 aliud
3256 3607 3613 3677 entelechia,

1964 3684 2123 3747 aliud
2156 3686 2499 3745 entelechia.
2532 3690 2667 3745 Sola
2704 3692 2861 3748 enim
2911 3695 3176 3766 materia,
3208 3701 3299 3752 est
3330 3699 3619 3769 potestate

1966 3775 2185 3847 omnia,
2215 3780 2347 3832 actu
2379 3794 2512 3834 vero
2559 3780 2726 3836 nihil.
2779 3786 2851 3837 At
2879 3784 3087 3853 forma,
3118 3788 3300 3841 actus
3329 3789 3560 3841 tantum
3599 3799 3613 3839 :

1966 3866 2121 3936 quod
2153 3881 2285 3921 vero
2328 3882 2396 3922 ex
2444 3870 2690 3925 materia
2734 3875 2791 3927 et
2824 3872 3032 3941 forma,
3081 3875 3260 3930 etiam
3306 3876 3618 3948 potestate,

1967 3954 2112 4009 illud
2143 3958 2234 4010 est
2270 3961 2425 4011 actu.
2476 3957 2600 4013 Una
2629 3959 2787 4016 enim
2835 3960 2959 4018 haec
3006 3963 3203 4019 omnia
3233 3967 3619 4029 concurrunt,

1966 4049 2024 4100 et
2071 4044 2464 4119 quodcunque
2510 4052 2599 4103 est
2644 4047 2704 4104 in
2754 4053 3067 4122 potestate,
3110 4050 3258 4109 illud
3310 4053 3482 4110 etiam
3534 4055 3625 4108 est

1968 4138 2123 4191 actu.
2150 4133 2369 4192 Omnes
2396 4136 2552 4194 enim
2589 4137 2812 4208 formae,
2841 4140 3060 4198 virtute
3090 4147 3236 4199 sunt
3264 4142 3322 4199 in
3357 4141 3625 4208 materia,

1967 4241 2093 4295 quis
2147 4225 2320 4280 modo
2370 4224 2500 4293 hoc,
2555 4228 2728 4285 modo
2772 4228 2917 4286 illud
2953 4232 3018 4287 ﬁt
3069 4237 3225 4289 actu.
3271 4236 3438 4290 Nunc
3465 4231 3625 4290 enim

1969 4330 2100 4369 cum
2135 4313 2310 4369 homo
2341 4314 2418 4371 sit
2457 4321 2766 4388 potestate,
2798 4318 2945 4375 alias
2977 4320 3076 4377 fiet
3104 4321 3280 4378 homo
3311 4328 3445 4378 actu
3470 4337 3484 4376 :
3510 4321 3627 4378 imo

1969 4419 2102 4459 vero
2134 4402 2311 4459 habet
2343 4408 2407 4460 ut
2454 4405 2633 4461 simul
2664 4407 2741 4462 sit
2793 4413 3079 4480 potestate
3110 4416 3166 4466 et
3213 4416 3372 4468 actu.
3405 4409 3629 4483 Quippe

1970 4493 2249 4564 quoniam
2281 4511 2585 4567 nunquam
2619 4496 2808 4553 forma
2828 4503 3013 4567 vacat,
3045 4516 3179 4556 cum
3205 4500 3354 4557 hanc
3377 4500 3627 4557 formam

1970 4583 2251 4656 suscepit,
2285 4588 2417 4640 actu
2449 4586 2711 4656 quidem,
2740 4586 2850 4643 hoc
2869 4592 2983 4657 est,
3014 4589 3252 4657 virtute,
3275 4590 3460 4646 aliud.
3482 4588 3631 4654 Quia

199 4661 276 4733 τὸ
328 4661 554 4750 δυνάμει
591 4661 694 4731 *καὶ
750 4676 811 4730 τὸ
846 4661 1132 4753 ᾐένεργείᾳ.
1182 4672 1403 4744 Ἐπειδή
1449 4673 1551 4751 γὰρ
1602 4671 1844 4729 οὐδέποτε

1974 4671 2155 4744 igitur
2184 4672 2244 4727 in
2294 4672 2508 4744 quibus
2553 4679 2661 4745 est,
2712 4675 2944 4745 virtute,
2992 4677 3049 4732 in
3081 4678 3175 4734 his
3226 4683 3339 4747 est,
3372 4686 3426 4734 et
3473 4682 3634 4747 actu,

204 4768 327 4822 ἔστι
355 4766 534 4841 γυμνὴ
567 4762 764 4835 ε’ίδους,
815 4764 1023 4821 ἐκείνου
1060 4768 1156 4820 τοῦ
1215 4762 1416 4832 ε’ίδους,
1474 4762 1711 4840 ἐνεργείᾳ
1767 4763 1862 4836 μὲν

204 4856 307 4911 οὖν
362 4855 471 4909 ἑστι
527 4851 672 4927 τόδε,
722 4858 792 4929 τῇ
850 4851 1075 4929 δυνάμει
1106 4850 1164 4909 δὲ
1194 4851 1357 4910 ἄλλο.
1391 4853 1540 4910 Ἐπεῖ
1572 4850 1662 4907 οὖν
1697 4852 1748 4907 ἓν
1783 4854 1866 4915 οἷς

201 4944 276 5000 τὸ
335 4938 555 5016 δυνάμει
614 4941 780 5014 ἐστὶν,
837 4943 892 4998 έν
944 4942 1163 5007 τούτοις
1217 4942 1308 4998 καὶ
1365 4942 1428 4997 τὸ
1485 4941 1751 5018 ένεργείᾳ,
1796 4940 1870 5003 ὡς

206 5032 304 5089 Eni
362 5033 472 5087 τῶν
529 5029 732 5088 ἐνάλων
784 5028 999 5107 ε’ίρηται
1047 5030 1335 5106 σωμάτων’
1370 5031 1457 5086 ἐπὶ
1489 5028 1548 5085 δὲ
1569 5034 1677 5085 τῶν
1711 5029 1868 5094 θείων

209 5121 310 5177 καὶ
367 5119 671 5194 ἀσωμάτων
729 5120 830 5176 οὑκ
855 5115 969 5175 ἔστι
1019 5120 1082 5176 τὸ
1108 5116 1353 5194 δυνάμει·
1414 5117 1531 5174 ἐπεὶ
1566 5115 1707 5192 μηδέ
1736 5117 1867 5188 ὕλησ

210 5209 309 5267 καὶ
340 5206 429 5264 διὰ
450 5213 612 5265 τοῦτο
645 5205 775 5265 οὑδὶ
813 5208 876 5264 τὸ
938 5206 1199 5285 ἐνεργείᾳ.
1260 5208 1336 5262 Οὑ
1383 5207 1484 5284 γάρ
1538 5205 1673 5261 εἰσιν
1726 5206 1872 5280 ἔνερ-

210 5299 344 5376 γεὶᾳ
366 5295 491 5354 τόδε
532 5319 608 5366 τι,
667 5295 794 5354 ἀλλ’
844 5296 1236 5375 αὑτοενέργειαί
1269 5295 1402 5353 εἰσιν
1431 5291 1543 5367 ἤδη
1603 5290 1729 5350 ὄντα
1784 5316 1877 5351 κα-

1977 4760 2151 4816 sicuti
2182 4761 2253 4816 de
2292 4760 2616 4817 materiatis
2664 4764 3005 4835 corporibus
3055 4766 3279 4823 dictum
3314 4771 3407 4823 est
3437 4782 3451 4821 :
3484 4770 3545 4823 at
3576 4766 3635 4821 in

1977 4849 2193 4904 divinis
2222 4853 2279 4904 et
2304 4849 2702 4921 ,incorporeis,
2738 4851 2883 4908 nihil
2912 4857 3002 4908 est
3033 4854 3267 4924 virtute,
3299 4855 3440 4927 quia
3472 4854 3530 4909 in
3564 4853 3637 4909 iis

1979 4954 2168 5010 neque
2203 4938 2445 4994 materia
2494 4942 2621 5007 est;
2672 4940 2746 4995 ob
2777 4956 3025 5015 eamque
3073 4959 3197 4999 rem
3228 4960 3419 5016 neque
3450 4946 3579 4998 actu
3616 4955 3631 4996 :

1980 5043 2096 5082 non
2130 5027 2285 5083 enim
2317 5031 2450 5083 actu
2483 5031 2623 5083 sunt
2653 5026 2768 5084 tale
2797 5029 3127 5103 quippiam.
3160 5032 3269 5088 Sed
3304 5030 3418 5103 ipsi
3444 5033 3634 5098 actus,

1981 5118 2052 5173 ab
2084 5116 2245 5173 omni
2278 5116 2521 5174 materia
2569 5117 2719 5190 puri.
2768 5122 3083 5192 Propterea
3112 5138 3246 5178 cum
3299 5138 3334 5177 a
3364 5119 3635 5187 materia,

1981 5211 2039 5263 et
2066 5205 2391 5279 composita
2421 5211 2652 5277 natura,
2670 5206 3147 5283 immateriatam,
3167 5214 3224 5267 et
3248 5210 3376 5267 sine
3397 5222 3639 5283 corpore

1984 5300 2187 5352 contra
2208 5295 2491 5352 discernit
2519 5311 2533 5353 :
2569 5295 2754 5365 illam,
2785 5299 3267 5370 potestate,hanc
3292 5315 3451 5368 voce,
3482 5302 3642 5356 ente—

209 5389 358 5464 θαρᾶ
413 5388 535 5443 ἄνευ
592 5386 757 5459 ὕλης.
816 5386 914 5443 Διὰ
966 5390 1129 5443 τοῦτο
1160 5383 1609 5442 άντιδιαστέλλον
1654 5384 1727 5456 τῇ
1773 5383 1844 5440 ῧλ

1985 5385 2198 5451 lechia,
2232 5383 2608 5457 significavit.

210 5477 310 5533 καὶ
372 5476 607 5549 συνθέτῳ
636 5474 815 5555 φύσει,
872 5478 972 5547 τὴν
1040 5472 1209 5532 ἄῦλον
1267 5475 1360 5532 καὶ
1418 5472 1737 5548 ἀσώματον,
1800 5471 2038 5551 ἐσήμαινε
2118 5470 2209 5527 διὰ
2286 5476 2382 5526 τοῦ
2466 5468 2742 5546 δυνάμει·

214 5586 375 5643 χεια.

291 5675 421 5732 ’Ότι
450 5672 673 5731 δυνατὸν
706 5672 838 5753 φησί
866 5673 956 5730 καὶ
990 5676 1118 5749 μίαν
1151 5676 1339 5752 ψυχὴν
1371 5672 1460 5731 tu!
1515 5676 1613 5729 τοῦ
1670 5670 1875 5749 ἀνθρώ-

212 5785 330 5822 που
388 5764 562 5841 λέγειν
620 5761 711 5820 καὶ
739 5761 963 5828 πλείους
998 5782 1012 5796 ⁸
1053 5762 1278 5829 πλείους
1309 5764 1403 5840 μὶν
1455 5762 1537 5818 ὅτι
1587 5758 1873 5838 διαφέρου-

2831 5475 2931 5544 τὴν
3017 5472 3076 5532 δὲ
3132 5473 3223 5532 διὰ
3276 5481 3373 5533 τοῦ
3430 5472 3644 5531 ἐντελέα

2056 5678 2246 5731 Unam
2281 5688 2406 5729 esse
2439 5671 2495 5727 in
2530 5670 2769 5727 homine
2819 5672 3101 5748 animam,
3134 5681 3192 5734 et
3220 5676 3419 5750 plures
3447 5674 3642 5730 dicere

1984 5762 2123 5821 licet
2154 5781 2167 5820 :
2201 5761 2399 5836 plures
2419 5759 2679 5832 quidem,
2706 5759 2842 5831 quia
2872 5760 3025 5820 inter
3041 5782 3103 5822 se
3122 5765 3316 5839 specie
3341 5764 3638 5831 ditl'erunt,
