4060 6348
441 359 598 417 1059

1780 349 1829 407 Μ
1843 348 2023 407 IGHA
2036 345 2204 406 ELIS
2253 349 2339 409 PS
2352 351 2517 410 ELLl

3707 352 3869 415 1060

435 493 771 567 vegetatrix,
804 492 1135 559 brutorum,
1168 493 1225 543 et
1270 489 1533 545 humana
1562 493 1618 544 et
1649 506 1683 543 a
1714 503 1775 543 se
1808 501 2083 556 separan-

2202 506 2283 538 σιν
2313 484 2580 556 ἀλλήλων
2637 492 2716 561 τῷ
2777 486 2925 556 εἴδει,
2985 491 3019 557 ἡ
3054 490 3252 566 φυτικὴ
3285 489 3374 544 καὶ
3405 493 3440 560 ἡ
3472 488 3677 566 ἄλογος
3702 493 3793 546 καὶ
3827 495 3859 560 ἡ

435 588 550 639 tur.
584 578 770 639 Unam
802 593 953 645 vero,
988 580 1223 649 propter
1276 594 1475 633 earum
1539 580 1815 633 mutuum
1846 588 2091 631 concen-

440 676 567 727 tum
598 675 655 726 et
684 666 1153 725 consensionem.
1186 665 1333 721 Nam
1368 685 1399 723 a
1432 667 1675 731 ratione,
1711 665 1780 720 ad
1811 667 2090 735 vegetan-

439 763 579 829 tem,
606 758 863 815 actiones
913 756 1390 829 proficiscuntur,
1422 758 1479 811 et
1530 754 1739 810 harum
1790 757 1985 809 motus
2037 753 2093 806 et

438 846 585 919 vita,
620 846 905 902 rationem
945 845 1003 900 in
1055 862 1116 900 se
1149 843 1583 916 quodammodo
1632 842 2002 899 constituunt
2032 840 2092 895 et

437 935 745 991 adornant.
784 936 908 991 Una
940 932 1115 1004 igitur
1141 932 1315 989 etiam
1350 938 1439 988 est
1470 932 1728 987 hominis
1763 928 1978 986 anima.

515 1046 620 1114 Qui
656 1058 831 1100 unam
871 1040 1063 1114 specie
1095 1040 1349 1095 animam
1387 1040 1444 1095 in
1478 1040 1706 1095 cunctis
1729 1035 2087 1093 animalibus

436 1155 564 1197 esse
594 1136 819 1201 dicunt,
851 1135 1384 1202 temperamentum
1416 1146 1545 1184 eam
1578 1145 1707 1184 esse
1737 1130 2085 1194 autumant;

436 1244 572 1285 nam
602 1241 731 1281 eam
759 1220 828 1277 ad
863 1218 1230 1292 singulorum
1282 1219 1578 1290 propriam
1630 1220 2087 1287 temperaturam

435 1316 651 1376 mutari
682 1315 919 1369 dicunt:
944 1311 1097 1365 unde
1121 1308 1306 1364 multa
1330 1310 1585 1364 absurda
1608 1310 2084 1379 consequuntur:

434 1410 717 1482 primum,
776 1403 915 1473 quia
972 1400 1174 1455 ell‘ecta
1232 1398 1521 1453 nobiliora
1570 1397 1795 1452 faciunt
1851 1395 2085 1464 causis;

435 1514 648 1570 corpus
697 1492 853 1550 enim
903 1489 1258 1557 inanimum,
1291 1490 1500 1543 animae
1547 1503 1785 1542 causam
1820 1486 2081 1548 faciunt:

435 1582 715 1648 secundo,
748 1578 947 1633 vivens
995 1578 1131 1646 vita,
1166 1577 1475 1631 immotum
1522 1578 1810 1643 movente,
1844 1571 2085 1628 rationis

429 1689 636 1747 expers
681 1667 903 1725 ratione
937 1666 1199 1738 praedito,
1233 1662 1597 1728 antecellere,
1632 1666 1689 1718 et
1738 1672 1942 1716 cetera
1971 1662 2084 1716 huc

422 1759 688 1835 jusmodi
719 1754 1093 1813 incommoda
1124 1758 1531 1824 sequerentur.

501 1868 876 1925 Diversorum
927 1859 1274 1918 animalium
1325 1860 1553 1914 animas
1603 1857 1795 1929 specie
1852 1857 2083 1913 dill‘erre
2113 1860 2161 1924 Β

429 1961 629 2016 censet
672 1951 1029 2021 Aristoteles,
1060 1950 1197 2022 quia
1237 1965 1351 2004 non
1384 1952 1493 2017 est,
1525 1946 1736 2017 inquit,
1769 1962 2080 2002 commune

430 2064 617 2122 genus
647 2044 1004 2112 animarum,
1038 2055 1217 2111 quare
1250 2053 1352 2093 nee
1382 2052 1582 2091 earum
1615 2036 1948 2091 communis
1980 2037 2083 2091 de-

428 2135 614 2194 finitio
644 2132 767 2189 dari
804 2135 994 2204 potest
1040 2126 1540 2199 quemadmodum
1583 2122 1921 2180 animantis.
1958 2124 2082 2182 Non

427 2232 514 2284 est
564 2229 761 2281 autem
814 2234 1127 2276 commune
1175 2233 1360 2289 genus
1392 2215 1532 2286 quia
1565 2214 1619 2269 in
1672 2214 1788 2269 illis
1836 2215 1996 2287 prius
2028 2220 2086 2270 et

430 2312 723 2388 posterius
775 2306 1054 2376 cernitur,
1103 2306 1259 2377 quod
1311 2305 1368 2359 in
1419 2304 1491 2359 iis
1537 2320 1665 2360 esse
1704 2321 1819 2360 non
1872 2308 2082 2377 potest,

431 2423 559 2478 qua:
595 2400 706 2459 sub
737 2401 940 2457 eodem
973 2414 1185 2471 genere
1224 2396 1599 2453 continentur
1631 2413 1643 2451 :
1676 2395 1886 2451 deinde
1917 2412 2085 2467 vege-

431 2498 585 2564 tans,
618 2496 828 2547 natura
859 2490 1015 2561 prior
1058 2492 1166 2553 est,
1203 2485 1438 2557 reliquae
1475 2484 1859 2557 posteriores;
1894 2490 1952 2540 et
1974 2485 2085 2540 tol-

430 2582 499 2639 lit
531 2584 645 2639 ista
678 2578 956 2652 reliquas,
990 2594 1092 2632 nec
1143 2594 1259 2631 una
1292 2592 1423 2630 cum
1477 2574 1549 2629 iis
1582 2573 1828 2641 tollitur,
1863 2578 2085 2630 etcum

433 2673 548 2729 illis
579 2670 996 2736 introducitur,
1017 2672 1075 2723 at
1094 2684 1205 2721 non
1239 2683 1337 2722 eas
1370 2665 1615 2735 inducit,
1644 2666 1799 2735 quod
1822 2665 1952 2735 ejus
1974 2669 2086 2734 est,

433 2746 589 2837 quod
624 2768 837 2818 natura
886 2759 1047 2831 prius
1082 2762 1188 2812 est.
1228 2756 1333 2811 Ubi
1370 2755 1527 2810 enim
1577 2759 1667 2809 est
1703 2753 2086 2843 rationabilis,

432 2854 511 2911 ibi
544 2854 852 2908 brutorum
888 2854 942 2903 et
980 2846 1317 2919 plantarum
1350 2843 1546 2899 anima
1578 2849 1666 2899 est
1698 2860 1711 2899 :
1748 2850 1807 2900 at
1840 2862 1955 2900 non
1990 2845 2091 2900 ub1

430 2940 768 3015 vegetatrix,
804 2938 881 2994 ibi
914 2938 1087 2993 etiam
1126 2936 1359 3007 reliqua:
1392 2951 1403 2989 :
1440 2933 1528 2988 vel
1578 2933 1675 2988 ubi
1708 2933 2089 2990 irrationalis’

432 3030 511 3087 ibi
543 3034 599 3086 et
630 3026 873 3084 rationis
907 3030 1137 3098 potens.
1176 3025 1301 3078 Haec
1346 3022 1542 3095 itaque
1575 3026 1779 3077 natura
1812 3022 1972 3095 prior
2000 3028 2093 3079 est

437 3118 682 3175 rationis
723 3133 950 3189 expers.
977 3119 1033 3170 et
1082 3113 1277 3169 ablata
1306 3116 1629 3183 vegetante,
1662 3111 1842 3167 simul
1876 3116 1934 3167 et
1964 3110 2088 3167 alia

2202 572 2421 649 λογικὴ,
2483 576 2571 631 καὶ
2630 577 2962 653 χωρίζονται
3017 576 3308 649 ἀλλήλων.
3368 581 3510 637 Μίαν
3552 578 3612 636 δὲ
3642 577 3735 636 διὰ
3763 583 3864 650 τήν

2201 665 2514 743 συμφωνίαν
2542 667 2750 723 τούτων
2808 670 2895 723 καὶ
2939 669 3036 737 τὴν
3070 668 3428 743 συμπάθειαν.
3466 670 3566 726 Καὶ
3606 672 3711 746 γὰρ
3767 670 3859 725 καὶ

2201 751 2261 808 ἐκ
2287 759 2383 809 τοῦ
2415 753 2586 831 λόγου
2618 754 2881 834 ἐνέργειαι
2916 750 3253 815 διαϐαίνουσι
3289 759 3453 835 μέχρι
3483 766 3581 829 τῆς
3602 767 3861 835 φυτικῆς,

2198 842 2287 898 καὶ
2316 845 2369 898 αἱ
2398 846 2605 901 τούτων
2636 848 2873 919 κινήσεις
2907 849 2993 902 καὶ
3032 848 3188 919 ζωαὶ,
3222 849 3389 903 οἱονεί
3430 846 3859 905 συνδιατιθὲασιν

2200 931 2249 987 ἐν
2284 933 2471 997 αὐταῖς
2502 935 2592 990 τὸν
2621 931 2805 1013 λόγον.
2838 936 3047 991 Οὐκοῦν
3080 938 3170 992 καὶ
3206 939 3327 1011 μία.

2268 1042 2388 1098 Ὂτι
2420 1041 2472 1096 οἱ
2506 1041 2632 1115 μίαν
2675 1040 2924 1117 λέγοντες
2954 1044 3139 1119 ψυγήν
3170 1048 3247 1115 τῷ
3277 1041 3407 1099 εἷ’δει
3455 1045 3510 1099 ἐν
3557 1052 3685 1100 πᾶσι
3732 1052 3857 1107 τοῖς

2201 1131 2384 1201 ζώοις,
2446 1138 2634 1205 κρᾶσιν
2696 1132 2827 1187 εἶναι
2892 1130 3058 1203 αὐτὴν
3118 1130 3433 1204 δοξάζουσιν
3465 1153 3478 1166 ⁸
3530 1134 3860 1205 ἐξαλλάττε-

2197 1232 2317 1283 σοαι
2365 1220 2467 1296 γὰρ
2527 1222 2698 1292 αὐτὴν
2744 1222 2881 1297 πρὸς
2924 1224 3025 1291 τὴν
3076 1223 3127 1277 ἐν
3179 1221 3388 1278 ἑκάστω
3442 1221 3692 1290 ἰδιότητα
3755 1231 3859 1293 τῆς

2196 1310 2438 1382 κράσεως
2483 1310 2740 1365 τίθενται·
2774 1314 2857 1375 οἷς
2910 1305 3092 1366 ἕπεται
3152 1310 3341 1367 πολλᾶ
3391 1311 3585 1367 ἄτοπα·
3646 1310 3701 1367 ἔν
3761 1316 3858 1385 μὶν

2196 1399 2279 1453 ὃτι
2308 1400 2373 1453 τὰ
2402 1399 2638 1469 αἷτιατᾶ,
2674 1400 2907 1477 κρείττω
2938 1405 3156 1457 ποιοῦσι
3211 1407 3319 1456 τῶν
3356 1401 3558 1457 αἰτίων.
3615 1403 3691 1460 Τὸ
3752 1404 3855 1478 γὰρ

2196 1486 2407 1563 ἄψυχον
2441 1494 2599 1562 σῶμα
2628 1492 2817 1565 ψυχῆς
2846 1488 3020 1547 αἶ’τιον
3054 1496 3295 1550 ποιοῦσι.
3330 1492 3677 1567 Διότερον,τὸ
3708 1495 3850 1560 ζῶον

2192 1585 2294 1647 τῆς
2328 1583 2496 1647 ζωῆς,
2528 1577 2590 1633 τὸ
2619 1577 2875 1650 ἀκίνητον
2903 1584 2999 1637 τοῦ
3030 1585 3337 1653 κινητικοῦ,
3382 1582 3446 1636 τὸ
3488 1576 3689 1655 ἄλογον
3754 1585 3854 1634 τοῦ

2195 1666 2389 1742 λόγου,
2417 1668 2505 1722 καὶ
2538 1666 2637 1722 ὅσα
2665 1673 2908 1725 τοιαῦτα.

2258 1867 2379 1921 ’Ὁτι
2409 1864 2506 1925 τὰς
2536 1863 2588 1918 ἐν
2638 1870 2753 1926 τοῖς
2805 1862 3088 1943 διαφόροις
3145 1866 3303 1934 ζώοις
3354 1867 3537 1942 ψυχὰς
3590 1868 3848 1942 Ἀριστο-

2189 1950 2354 2023 τὲλης
2384 1949 2675 2030 διαφόρους
2710 1952 2841 2008 εἶναι
2868 1953 3014 2031 λέγει
3049 1959 3128 2026 τῷ
3158 1952 3314 2010 εἴδει.
3369 1958 3489 2012 ’Ὁτι
3522 1956 3686 2032 φησὶν
3744 1955 3855 2011 οὐκ

2193 2035 2301 2096 ἔστι
2333 2040 2511 2096 κοινὸν
2544 2041 2698 2117 γένος
2723 2046 2833 2097 τῶν
2864 2046 3083 2117 ψυχῶν,
3144 2042 3331 2120 διόπερ
3390 2040 3515 2099 οὗόὶ
3573 2042 3857 2120 ἐνδεχςττι

2190 2130 2282 2186 ἕνα
2311 2132 2491 2185 κοινὸν
2526 2130 2699 2185 αὐτῶν
2734 2131 2859 2205 ὅρον
2893 2131 3214 2193 ἀποδοῦναι.
3266 2132 3507 2208 καθάπερ
3548 2134 3720 2209 τυχὸν
3750 2136 3853 2188 τοῦ

2196 2222 2358 2289 ζώου.
2418 2220 2528 2274 Οὐκ
2559 2217 2669 2274 ἔστι
2731 2218 2788 2274 δὲ
2838 2222 3019 2276 κοινὸν
3052 2220 3226 2297 γένος,
3283 2220 3422 2277 διότι
3452 2221 3504 2277 ἐν
3538 2221 3724 2284 αὖταῖς
3784 2223 3851 2278 τὸ

2194 2310 2455 2383 πρότερον
2515 2308 2603 2363 καὶ
2638 2309 2700 2364 τὸ
2748 2308 2967 2387 ὕστερον
3025 2317 3328 2387 θεωρεῖται·
3389 2310 3520 2387 ὅπερ
3577 2310 3847 2367 ἀδύνατον

2193 2399 2244 2453 ἐν
2276 2404 2393 2462 τοῖς
2416 2397 2667 2453 τελοῦσιν
2697 2399 2799 2453 ὑπὸ
2827 2400 2889 2454 τὸ
2918 2401 3051 2456 αὐτὸ
3094 2403 3421 2477 καθορᾶσθαι
3476 2403 3655 2476 γὲνος.
3717 2401 3855 2458 Ἐν-

2193 2491 2359 2544 ταῦθα
2390 2485 2447 2542 δὲ
2476 2486 2737 2563 πρότερον
2771 2489 2865 2562 μὶν
2920 2492 2955 2560 ἡ
3025 2493 3223 2568 φυτιιιὴ
3256 2492 3325 2564 τῇ
3356 2490 3533 2569 φύσει,
3593 2488 3850 2565 δεύτερον

2196 2576 2253 2633 δὲ
2309 2578 2364 2631 αἱ
2423 2574 2633 2635 λοιπαί.
2695 2579 2794 2632 Καὶ
2854 2584 3158 2656 συναναιριῖ
3216 2579 3311 2652 μὶν
3362 2582 3460 2643 τὰς
3518 2579 3718 2650 ἄλλας,
3787 2579 3856 2635 οὗ

2198 2672 2590 2741 συναναιρεῖται
2620 2664 2678 2721 δὲ
2704 2666 2915 2738 αὐταῖς,
2960 2670 3049 2724 καὶ
3105 2670 3499 2748 ωνεισφὲρεται
3559 2669 3653 2742 μὲν
3704 2667 3858 2724 ὲκεί-

2194 2776 2332 2824 ναις,
2384 2754 2445 2810 οὐ
2501 2757 2829 2831 συνεισφέρει
2888 2754 2965 2827 at,
3026 2757 3158 2832 ὅπερ
3192 2755 3353 2826 ἴδιον,
3409 2763 3506 2813 τοῦ
3528 2757 3861 2833 φύστιπρο-

2196 2847 2376 2921 τέρου.
2431 2847 2607 2902 Ὂπου
2662 2847 2762 2919 γὰρ
2798 2847 2833 2915 ἡ
2869 2844 3093 2921 λογικὴ,
3126 2845 3238 2902 insi
3266 2846 3355 2903 καί
3385 2848 3419 2917 ἡ
3454 2845 3647 2923 ἄλογος
3675 2847 3778 2901 καὶ
3814 2846 3854 2918 ἡ

2200 2936 2420 3011 φυτική·
2474 2934 2535 2989 οὐ
2596 2933 2692 3007 μὲν
2752 2956 2835 2990 τοι
2868 2934 3006 2990 ὅπου
3062 2937 3096 3006 ἠ
3128 2936 3351 3015 φυτική,
3379 2936 3490 2992 ἐκεῖ
3515 2936 3603 2991 καὶ
3631 2937 3685 2990 αἱ
3722 2935 3859 2991 λοι-

2200 3024 2315 3079 παί·
2376 3025 2413 3093 ἢ
2473 3023 2610 3078 ὅπου
2660 3026 2694 3093 ἡ
2756 3022 2976 3101 ἄλογος,
3035 3025 3146 3081 ἇκεῖ
3201 3027 3356 3096 καὶή
3390 3025 3611 3101 λογική·
3645 3022 3865 3081 διὸκαὶ

2199 3114 2234 3183 ἠ
2280 3111 2483 3187 ἄλογος
2541 3112 2693 3187 φύσει
2747 3112 2984 3187 προτέρα
3030 3119 3129 3180 τῆς
3182 3113 3436 3191 λογικῆς
3496 3116 3583 3170 καὶ
3633 3115 3869 3190 haps-

434 3211 503 3263 de
535 3209 800 3279 subjecto
848 3205 1214 3261 auferuntur.
1264 3204 1366 3257 Est
1405 3201 1585 3273 igitur
1618 3201 1770 3256 inter
1798 3201 1950 3268 illas,
1987 3218 2083 3257 na-

2202 3206 2352 3266 θεῖσα
2404 3203 2693 3280 ἠφυτικὴ,
2743 3201 3046 3258 συνανεῖλεν
3108 3202 3167 3259 ὶκ
3213 3209 3310 3259 τοῦ
3370 3206 3729 3278 ὑποκειμένου
3764 3206 3867 3260 καὶ

434 3304 565 3353 tura
625 3297 786 3367 prius
844 3300 900 3349 et
952 3292 1244 3365 posterius
1288 3308 1300 3346 :
1347 3290 1591 3361 ideoque
1640 3291 1794 3362 quod
1844 3291 1915 3345 de
1968 3289 2085 3347 illis

433 3385 826 3442 communiter
848 3380 1082 3451 dicitur,
1117 3381 1224 3437 hoc
1242 3384 1330 3436 est
1348 3379 1566 3446 anima,
1591 3396 1704 3435 non
1738 3384 1827 3435 est
1853 3396 2040 3452 genus
2068 3397 2083 3437 :

431 3476 532 3532 sed
566 3492 704 3533 voce
735 3478 964 3529 tantum
989 3470 1387 3540 consentiunt,
1414 3473 1476 3523 ut
1504 3486 1631 3540 quae
1664 3470 1736 3524 ab
1769 3485 1908 3537 uno,
1932 3473 1990 3524 et
2010 3469 2083 3525 ad

432 3583 614 3622 unum
651 3566 1010 3621 referuntur.

498 3750 636 3801 Cum
670 3744 782 3799 tria
811 3743 930 3798 sint
960 3743 1017 3796 in
1051 3742 1226 3797 rebus
1259 3739 1535 3813 physicis,
1573 3739 1779 3803 forma,
1814 3738 2079 3805 materia,

429 3839 483 3891 et
515 3851 693 3889 causa
724 3849 825 3904 per
857 3847 1033 3904 quam
1088 3830 1276 3884 forma
1326 3832 1415 3884 est
1445 3828 1499 3881 in
1536 3826 1795 3894 materia,
1831 3827 1902 3881 ad
1937 3827 2080 3882 istas

2199 3292 2292 3353 τὰς
2327 3289 2545 3353 λοιπάς.
2599 3292 2757 3346 Ὥστε
2816 3289 2956 3346 ἐστὶν
2986 3290 3039 3346 ἐν
3098 3291 3285 3354 αὐταῖς
3341 3292 3403 3347 τὸ
3461 3292 3720 3367 πρότερον
3784 3298 3863 3367 τῇ

2197 3378 2351 3456 φύσει
2382 3378 2471 3434 καὶ
2527 3379 2589 3433 τὸ
2647 3379 2889 3454 ὕστερον.
2924 3383 3024 3435 Καὶ
3081 3378 3171 3436 διὰ
3198 3385 3360 3436 τοῦτο
3413 3382 3698 3442 τὸκοινῶς
3755 3381 3868 3437 εὗ·-

2196 3475 2314 3530 τοῖς
2373 3468 2844 3545 κατηγορούμενον
2906 3469 3009 3526 οὐκ
3046 3468 3158 3526 ἔστι
3212 3470 3385 3547 γένος,
3436 3472 3585 3526 τοῦτ’
3635 3464 3791 3524 ἔστιν
3824 3471 3865 3539 ἦ

2200 3560 2378 3632 ψυχὴ,
2437 3556 2564 3613 ἀλλ’
2596 3557 2867 3631 ὁμώνυμά
2897 3557 3037 3614 ἐστιν
3069 3557 3368 3629 ἀλλήλοις,
3400 3560 3475 3623 ὡς
3499 3558 3569 3614 τὰ
3613 3558 3699 3637 ἀφ’
3732 3559 3870 3621 δνὸς

2193 3647 2282 3701 καὶ
2315 3648 2451 3722 πρὸς
2473 3643 2553 3702 ἓν.

2261 3738 2387 3793 ’Ότι
2416 3740 2581 3809 τριῶν
2612 3731 2781 3791 ὄντων
2813 3742 2919 3793 τῶν
2951 3737 3005 3793 ἐν
3032 3744 3147 3800 τοῖς
3201 3744 3451 3816 φυσικοῖς
3505 3738 3860 3814 πράγμασιν,

2191 3823 2387 3897 εἴδους,
2421 3822 2560 3895 ὕλης
2600 3826 2689 3881 καὶ
2718 3833 2817 3897 τῆς
2849 3826 3025 3891 αἰτίας
3052 3830 3168 3883 καθ’
3225 3827 3291 3897 ἦν
3350 3828 3460 3883 ἆστι
3486 3829 3553 3882 τὸ
3584 3825 3729 3889 εἶδος
3799 3829 3856 3883 ἂν

430 3925 684 3994 quinque
714 3919 959 3975 docendi
982 3917 1083 3974 viae
1116 3916 1444 3990 pertinent;
1478 3915 1736 3988 physica,
1771 3932 1866 3970 ars
1897 3914 2079 3987 parti-

427 4008 665 4076 cularis,
695 4008 1022 4065 disserendi
1056 4005 1325 4070 facultas,
1354 4005 1778 4061 mathematica
1803 4009 1860 4059 et
1892 4004 2081 4076 prima

428 4098 823 4171 philosophia.
884 4095 1138 4167 Physica:
1190 4111 1359 4166 porro
1407 4093 1594 4149 estde
1638 4090 1757 4149 illis
1802 4092 2080 4151 omnibus

427 4206 620 4261 age-re,
665 4189 735 4244 de
788 4186 1050 4253 materia,
1103 4185 1368 4258 inquam,
1401 4189 1458 4240 et
1510 4186 1684 4241 rebus
1732 4190 1977 4251 naturae,
2010 4187 2080 4241 de

428 4278 614 4333 forma
662 4275 916 4346 denique
946 4274 1103 4330 etde
1135 4290 1315 4329 causa
1348 4290 1361 4328 :
1398 4278 1537 4347 puta
1577 4271 1855 4329 caelorum
1890 4278 2079 4329 mate-

429 4365 577 4421 riam
610 4382 724 4419 non
754 4380 883 4419 esse
903 4366 1152 4435 quatuor
1166 4363 1475 4431 elementa,
1501 4362 1601 4417 sed
1625 4362 1896 4434 quintum
1924 4361 2078 4417 aliud

429 4450 725 4526 quoddam
758 4470 990 4524 corpus.
1011 4453 1159 4507 Tum
1193 4469 1320 4524 quas
1352 4452 1429 4507 sit
1462 4452 1668 4520 forma,
1694 4467 1821 4507 esse
1843 4451 2080 4507 orbicu-

2188 3918 2255 3989 τῇ
2313 3914 2438 3989 ὕλῃ,
2497 3914 2871 3989 καταγίνονται
2925 3916 3052 3995 φασὶ
3081 3917 3205 3992 περὶ
3232 3922 3402 3972 ταῦτα
3462 3915 3684 3989 μὲθοδοι
3714 3917 3858 3972 πέν-

2187 4026 2265 4077 τε,
2319 4005 2353 4074 ἠ
2415 4006 2640 4082 φυσικὴ,
2690 4006 2723 4075 ἠ
2756 4008 2893 4061 κατὰ
2926 4008 3090 4082 μέρος
3144 4007 3336 4081 τέχνη,
3364 4007 3399 4075 ἡ
3433 4002 3780 4075 διαλεκτικὴ,
3817 4006 3854 4075 ἠ

2193 4094 2575 4167 μαθηματικὴ,
2634 4096 2669 4164 ἡ
2730 4095 2920 4169 πρώτη
2973 4092 3292 4173 φιλοσοφία.
3326 4096 3481 4152 Ἐστι
3513 4093 3572 4151 δὲ
3612 4103 3859 4174 φυσικῆς

2193 4184 2287 4256 μὲν
2342 4183 2466 4258 περὶ
2515 4184 2731 4238 πάντων
2790 4183 3092 4259 εἰρημένων
3156 4181 3518 4259 διαλεχθῆναι
3554 4204 3568 4219 ⁸
3639 4191 3739 4253 τῆς
3794 4204 3856 4240 τι

2190 4271 2327 4343 ὕλης
2358 4272 2526 4349 φημὶ,
2577 4276 2686 4327 τῶν
2717 4277 2956 4348 φυσικῶν
3001 4273 3363 4347 πραγμάτων,
3393 4273 3481 4327 καὶ
3510 4278 3609 4328 τοῦ
3664 4270 3850 4335 εἶ’δους

2189 4361 2275 4415 καὶ
2337 4368 2435 4431 τῆς
2483 4359 2676 4422 αἰτίας·
2731 4363 2848 4416 οἷον
2879 4360 2965 4416 ὅτι
3016 4366 3121 4416 τῶν
3155 4360 3420 4438 οὐρανίων
3454 4360 3586 4433 ὕλη,
3616 4362 3748 4438 οὐχὶ
3782 4363 3853 4418 τὰ

2189 4450 2419 4524 τέσσαρα
2477 4455 2746 4523 στοιχεῖα,
2809 4448 2956 4505 ἀλλὰ
3011 4450 3259 4524 πέμπτον
3299 4450 3480 4527 ’ἕτερον
3540 4452 3604 4506 τὸ
3638 4458 3845 4525 σῶμας

429 4542 598 4613 latos,
630 4546 688 4598 et
718 4558 821 4597 cur
854 4542 970 4597 haec
1016 4558 1215 4598 eorum
1267 4542 1456 4613 ﬁgura
1488 4540 1581 4596 sit.
1635 4540 1780 4605 Quia
1820 4540 2079 4611 capacis-

429 4629 581 4685 sima
614 4630 955 4701 ﬁgurarum,
992 4634 1080 4685 est
1113 4632 1168 4683 in
1222 4628 1394 4701 plano
1444 4625 1681 4699 quidem
1712 4626 1989 4693 circulus,
2022 4628 2081 4682 in

428 4716 634 4774 solidis
684 4735 815 4774 vero
862 4717 1095 4791 globus.
1147 4718 1537 4784 Quamobrem
1590 4717 1906 4773 rotundum
1952 4732 2082 4773 esse

430 4805 637 4864 coelum
682 4807 847 4864 Plato
898 4807 955 4863 in
990 4808 1206 4863 Timaeo
1257 4806 1455 4862 tradit.
1507 4806 1617 4861 Sed
1649 4810 1707 4860 et
1757 4804 2080 4861 naturalem

430 4897 630 4970 ﬁgurae
681 4894 806 4952 caeli
863 4913 1102 4952 causam
1164 4897 1330 4951 ail‘ert
1377 4893 1740 4949 Aristoteles.
1790 4896 1864 4949 Ei
1909 4897 2077 4963 enim,

430 4988 577 5058 quod
632 4990 839 5043 aeterno
894 4988 955 5041 in
1010 4987 1162 5039 motu
1220 4988 1342 5039 erat
1394 4984 1668 5054 futurum,
1727 4983 1856 5037 huic
1908 4984 2084 5039 motui

430 5092 735 5145 congruens
773 5074 955 5146 ﬁgura
1003 5072 1376 5128 conveniebat.
1430 5072 1538 5127 Sed
1589 5076 1645 5126 et
1694 5070 1980 5139 Plotinus,
2013 5088 2079 5128 ex

429 5180 629 5220 eorum
659 5182 785 5235 quae
818 5163 1013 5235 ipsum
1041 5166 1323 5218 anteeunt
1352 5160 1655 5217 atl‘eetione
1678 5166 1851 5233 atque
1875 5162 2080 5216 habitu

430 5252 558 5325 ejus
606 5253 686 5308 rei
736 5255 1023 5309 rationem
1078 5252 1317 5324 profert.
1379 5248 1525 5306 Nam
1584 5251 1845 5322 proxime
1902 5266 2083 5322 supra

430 5342 638 5397 oculum
700 5347 840 5398 sunt
896 5340 1294 5413 intelligentes
1353 5339 1698 5395 substantiis
1754 5339 2081 5395 :eii‘ectum

431 5436 649 5501 autem,
678 5430 937 5486 ﬁnitimae
962 5429 1073 5485 sibi
1106 5446 1294 5484 causae
1321 5426 1637 5483 assimilari
1667 5431 1732 5482 ut
1759 5426 2079 5499 plurimum

429 5521 676 5588 oportet,
710 5518 957 5590 ejusque
1004 5517 1323 5590 imaginem
1372 5520 1545 5587 atque
1578 5515 1960 5572 imitationem
1995 5533 2082 5572 re-

506 5698 583 5769 (4)
611 5695 756 5753 Vide
788 5697 1028 5753 Aristot.
1060 5698 1132 5753 De
1159 5698 1308 5753 caelo.

2190 4537 2363 4597 Πάλιν
2396 4556 2447 4593 τι
2478 4539 2541 4594 τὸ
2601 4535 2761 4607 εἶδος,
2812 4536 2897 4593 ὅτι
2958 4541 3215 4618 σφαιρικὰ
3245 4540 3336 4595 καὶ
3381 4537 3524 4595 διατί
3552 4542 3851 4620 σφαιρικὰ·

2190 4630 2273 4683 ὅτι
2326 4624 2890 4703 πολυχωρητότατον,
2945 4627 3000 4683 ἂν
3052 4626 3297 4701 ἇπιπὲὂῳ
3357 4629 3454 4702 μὶν
3504 4634 3611 4683 τῶν
3658 4628 3851 4685 ἓλλων

2190 4716 2492 4791 σχημάτων
2540 4717 2569 4770 ὁ
2626 4715 2849 4787 κύκλος,
2910 4717 2965 4772 ἓν
3023 4724 3262 4793 στερεοῖς
3320 4715 3380 4772 ὃὶ
3435 4718 3471 4789 ἦ
3518 4724 3736 4796 σφαῖρα,
3772 4722 3851 4782 ὡς

2188 4804 2278 4861 καὶ
2311 4806 2339 4859 ὁ
2376 4802 2625 4874 Πλάτων,
2679 4806 2730 4860 ἒν
2782 4806 3002 4879 Τιμαίῳ
3030 4803 3121 4861 διὰ
3166 4811 3327 4862 τοῦτο
3360 4807 3643 4885 σφαιρικὸν
3693 4808 3846 4883 Tut-

2189 4895 2308 4948 σθαι
2342 4894 2432 4947 τὸν
2494 4893 2719 4970 οὐρανὸν
2777 4892 3139 4951 ἀποδέδωκεν.
3194 4892 3532 4951 Ἀποδίδωσι
3584 4894 3643 4951 δὶ
3665 4897 3758 4951 ni
3814 4899 3847 4953 ὁ

2191 4978 2576 5059 Ἀριστοτέλης
2634 4986 2715 5055 (4)
2776 4986 3008 5060 φυσικὴν
3064 4984 3240 5039 αἰτίαν
3298 4983 3396 5039 τοῦ
3426 4989 3717 5061 σχήματος
3745 4988 3847 5042 τοῦ

2191 5072 2447 5147 οὐρανοῦ.
2523 5074 2610 5142 Τῷ
2678 5070 2780 5144 γὰρ
2846 5067 3010 5143 αἱδίῳ
3068 5071 3231 5141 φησὶν
3288 5071 3554 5145 ἆσομὲνφ.
3617 5073 3848 5131 Ἀποδὲδ

2192 5158 2324 5215 δωσι
2376 5156 2433 5213 δὶ
2488 5158 2578 5213 καὶ
2632 5160 2661 5215 ὁ
2693 5156 2975 5223 Πλωτῖνος
3031 5160 3208 5216 αἲτίαν
3268 5160 3327 5217 ἐκ
3378 5170 3479 5233 τῆς
3508 5164 3849 5238 '7}ch»

2190 5245 2306 5325 ἔχει
2358 5246 2423 5303 τὰ
2480 5248 2585 5323 πρὸ
2634 5249 2836 5323 αὑτοῦ.
2870 5255 3167 5327 [lpome
3208 5247 3267 5306 δέ
3296 5248 3430 5305 εἰσιν
3475 5252 3609 5329 ὑπὲρ
3636 5254 3706 5308 τὰ
3758 5256 3853 5309 οό-

2191 5340 2348 5419 ράνια
2377 5340 2431 5395 αἱ
2461 5341 2652 5413 νοηταὶ
2701 5341 2901 5399 οὑσίαι·
2935 5340 3020 5398 δεῖ
3074 5340 3133 5398 δὲ
3159 5342 3223 5399 τὸ
3281 5343 3516 5400 αἰτιατὸν
3576 5342 3661 5400 ὅτι
3712 5344 3851 5419 μὲλ-

2191 5426 2283 5485 λεν
2313 5429 2632 5503 ὡμοιῶσθαι
2664 5430 2743 5503 τῷ
2794 5438 3062 5508 προσεχεῖ
3093 5431 3276 5505 αἰτίῳ,
3307 5430 3396 5487 καί
3425 5432 3619 5489 τούτου
3665 5434 3850 5489 εἰκόνα

2189 5516 2280 5575 καὶ
2316 5516 2547 5595 μίμημα
2600 5518 2799 5598 φέρειν.
2835 5521 2932 5577 Διὰ
2958 5519 3120 5577 τοῧτο
3179 5522 3295 5591 οὗν,
3344 5521 3497 5600 φησὶ,
3542 5522 3733 5597 κύκλῳ
3759 5544 3851 5580 κι-
