4010 6360
469 398 494 455 1
505 398 622 459 063

1804 394 2223 460 MlCHAELlS
2269 394 2536 458 PSELLI

3730 399 3885 458 1064

463 546 577 585 non
629 527 819 585 solum
884 528 1189 584 materiata
1238 528 1412 601 norit,
1477 531 1576 586 sed
1618 529 1795 586 etiam
1835 530 2107 587 immate-

2227 527 2290 596 κὴ
2323 525 2385 581 οὗ
2422 525 2583 600 μόνον
2625 526 2691 580 τά
2740 522 2879 581 ἄῦλα
2937 521 3103 592 οἶδεν,
3153 521 3300 581 ἀλλὰ
3344 525 3433 580 καὶ
3485 529 3551 581 τά
3601 525 3887 597 ἔνυΛα,Ὀ

463 618 630 673 riata.
666 620 846 690 Atque
884 618 941 671 in
975 634 1033 674 re
1080 635 1194 673 non
1236 635 1446 690 parum
1493 619 1795 691 implicata
1844 618 1927 676 sic
1987 623 2106 675 sta-

464 707 598 775 tuit,
632 705 1039 761 rationabilem
1093 723 1204 761 non
1234 707 1425 763 solum
1463 726 1654 777 nosse,
1703 726 1831 780 qua
1888 727 1923 764 a
1981 724 2109 764 ma-

464 794 609 849 teria
639 798 861 849 secreta
882 798 1040 860 sunt,
1076 796 1174 850 sed
1200 795 1374 852 etiam
1408 799 1734 854 materiata.
1787 798 1895 864 Qui
1952 796 2109 853 enim

468 882 871 955 praestantiora
920 885 1107 955 novit,
1174 885 1465 942 deteriora
1524 887 1707 943 multo
1779 887 1985 957 magis.
2040 890 2112 943 At

468 972 861 1027 immateriata
891 974 1213 1046 cognoscit.
1247 975 1423 1031 Plane
1478 976 1657 1049 igitur
1696 982 1754 1033 et
1799 977 1891 1034 his
1947 977 2110 1049 igno-

466 1061 673 1117 biliora
706 1062 1121 1130 considerabit,
1172 1064 1282 1120 hoc
1314 1070 1405 1121 est
1460 1066 1785 1123 matcriata.
1845 1067 1903 1123 Si
1953 1066 2109 1122 enim

467 1168 655 1219 mens,
690 1170 815 1223 quae
844 1170 974 1208 cum
1026 1153 1247 1209 ratione
1270 1154 1522 1227 cognitio
1555 1160 1664 1222 est,
1725 1155 1849 1212 sola
1898 1156 2111 1211 imma-

468 1240 675 1295 teriata
720 1242 898 1312 novit,
938 1258 1126 1314 neque
1165 1248 1357 1299 tamen
1411 1244 1737 1314 materiata,
1794 1262 1956 1301 mens
2003 1245 2113 1301 erit

470 1330 907 1401 quodammodo
942 1348 1054 1386 non
1082 1348 1267 1389 mens.
1292 1334 1425 1396 Quae
1458 1335 1614 1389 enim
1659 1335 1968 1390 materiata
1997 1352 2111 1389 non

470 1419 777 1491 intelliget,
830 1420 939 1475 erit
988 1422 1044 1474 in
1098 1421 1243 1492 ipsis
1279 1439 1390 1477 non
1426 1441 1611 1479 mens.
1647 1424 1757 1479 Sed
1791 1425 2111 1480 absurdum

472 1511 581 1577 est,
608 1511 859 1563 mentem
885 1508 1080 1579 aliquo
1124 1516 1289 1581 pacto
1337 1512 1957 1581 amentemjesseznon
2005 1512 2114 1583 igi-

471 1599 568 1650 tur
608 1596 734 1651 sola
794 1597 1185 1654 immateriata
1226 1599 1405 1669 novit,
1467 1601 1565 1656 sed
1624 1600 1797 1656 etiam
1858 1601 2113 1656 materiae

474 1683 770 1741 immersa.
808 1687 935 1740 Haec
971 1686 1324 1744 Aristoteles.
1379 1690 1579 1760 Itaque
1636 1705 1730 1745 res
1778 1690 2117 1746 materiatae

474 1778 729 1831 mentem
763 1791 935 1830 nosse
961 1774 1097 1831 hinc
1115 1777 1445 1849 perspicere
1476 1778 1643 1835 licet:
1670 1778 1781 1834 nisi
1830 1778 1987 1836 enim
2047 1795 2116 1834 ex

2223 614 2325 690 γὰρ
2358 612 2517 677 εἰδὼς
2546 615 2615 669 τά
2656 613 2956 689 κρείττονα,
3001 611 3204 685 πολλῴ
3235 614 3402 670 πλέον
3443 616 3535 671 καὶ
3564 617 3635 671 τὰ
3656 619 3888 693 χείρονα

2217 699 2299 757 ἴδε
2327 702 2393 756 τά
2441 698 2602 759 ἅῦλα.
2657 704 2933 771 Σκοπήσει
2981 701 3199 763 πάντως
3252 704 3330 775 (5)
3382 702 3469 757 καὶ
3527 704 3595 758 τὰ
3647 706 3887 779 χείρονα

2217 794 2325 844 τῶν
2350 788 2530 845 ἀὺλων
2567 811 2579 824 ·
2614 790 2647 844 ἄ
2676 789 2787 844 ἐστι
2832 789 2899 844 τά
2945 782 3130 846 ἕνυλα.
3188 789 3256 847 Εἴ
3297 790 3400 867 γὰρ
3450 791 3479 844 6
3510 796 3640 854 νοῦς
3673 792 3709 847 ὅ
3742 791 3884 847 ἐστιν

2221 882 2254 947 ἡ
2284 878 2485 954 λογική
2515 883 2736 955 γνῶσις.
2791 880 2956 951 μόνον
3008 876 3123 933 οἶδε
3179 880 3245 934 τὰ
3293 878 3453 948 ἄῦλα,
3492 883 3567 954 μή
3622 881 3883 957 γινώσκει

2223 965 2280 1022 δέ
2311 967 2399 1023 καὶ
2429 969 2495 1024 τά
2525 966 2711 1038 ἔνυλα,
2760 966 2907 1023 ἔσται
2938 969 2965 1023 6
2994 972 3118 1032 νοῦς
3157 967 3290 1023 κατά
3327 990 3381 1023 τι
3428 969 3591 1032 ἄνους
3628 988 3642 1000 ·
3678 972 3753 1026 τὰ
3784 975 3883 1046 γὰρ

2222 1054 2385 1112 ἕνυλα
2432 1059 2505 1131 μὴ
2559 1062 2719 1130 νοῶν,
2770 1059 2931 1119 ἄνους
2989 1052 3134 1112 ἔσται
3186 1059 3303 1112 κατ’
3352 1058 3484 1113 αὐτά
3515 1078 3527 1092 ο
3575 1058 3737 1115 ἀλλὰ

2224 1143 2425 1201 ἄτοπον
2471 1146 2562 1201 τὸν
2621 1151 2744 1201 νοῦν
2799 1145 2933 1202 κατά
2977 1168 3028 1200 τι
3090 1144 3244 1203 ἄνουν
3282 1149 3441 1205 εἶναι.
3498 1149 3615 1204 Οὐκ
3680 1148 3789 1223 ἆρα
3825 1152 3889 1203 τὲ

2225 1235 2363 1292 ἄῦλα
2396 1231 2558 1309 μόνον
2593 1235 2755 1305 οἶδεν,
2809 1235 2957 1292 ἀλλά
2985 1237 3073 1291 καὶ
3122 1238 3190 1291 τά
3235 1233 3413 1295 ἕνυλα.
3450 1239 3547 1294 Καὶ
3578 1243 3763 1294 ταῦτα

2225 1327 2252 1379 6
2286 1325 2695 1397 Ἀριστοτέλης.
2756 1327 2876 1384 Ὀτι
2932 1324 2990 1381 δὲ
3037 1326 3126 1381 καὶ
3176 1327 3245 1381 τά
3293 1322 3452 1381 ἕνυλα
3500 1325 3656 1382 οἶδεν
3702 1330 3734 1383 6
3766 1334 3891 1389 νοῦς

2225 1415 2461 1471 ἐντεῦθεν
2514 1414 2625 1470 ἔστι
2683 1413 2935 1472 συνιδεῖν.
2989 1414 3058 1470 Εἴ
3100 1415 3200 1492 γὰρ
3256 1418 3330 1489 μή
3382 1417 3656 1487 ἠπίστατο
3707 1420 3779 1472 τὰ

2223 1504 2349 1579 υλα,
2397 1511 2516 1570 πῶς
2570 1504 2992 1582 ἐπιδιωρθοῦται
3042 1508 3142 1576 τήν
3194 1505 3463 1578 αἴσθησιν,
3517 1509 3744 1583 ὁρῶσαν
3776 1512 3887 1578 ¹τήν

2222 1594 2415 1664 κώπην
2448 1594 2499 1650 ἐν
2534 1592 2688 1649 ὕδατι
2722 1594 3121 1668 κεκλεισμένην,
3144 1596 3235 1649 καὶ
3276 1596 3366 1651 τὸν
3389 1594 3553 1665 ἥλιον
3580 1596 3849 1653 ποδιαῖον
3875 1621 3889 1663 ;

2224 1682 2413 1746 ἄλλως
2444 1706 2502 1739 τε
2533 1682 2591 1739 δὲ
2622 1682 2825 1760 ἔχομεν
2874 1683 3094 1753 κανόνα,
3126 1683 3209 1739 ὅτι
3261 1685 3325 1740 τὸ
3356 1685 3724 1759 ἐπιστάμενον
3775 1686 3893 1743 6m-

2225 1775 2393 1851 φοράν
2424 1776 2784 1849 πραγμάτων,
2817 1770 3017 1845 πολλῷ
3052 1772 3265 1846 μᾶλλον
3298 1773 3433 1829 αὐτὰ
3453 1773 3582 1831 τάδε
3621 1796 3636 1810 ⁸
3675 1780 3760 1851 (6)
3789 1779 3887 1843 τήν

471 1860 1007 1919 materiaconcreta
1061 1863 1256 1932 sciret,
1291 1866 1583 1938 quomodo
1636 1883 1878 1923 sensum
1937 1866 2112 1924 corri-

2227 1860 2484 1941 διαφορὰν
2512 1867 2619 1917 τῶν
2679 1861 2859 1917 ἀῢλων
2918 1863 3054 1937 πρὸς
3107 1862 3175 1917 τά
3222 1861 3406 1933 ἐνυλα,
3438 1862 3584 1919 οἶδεν
3643 1864 3752 1941 ἄρα
3798 1866 3888 1919 καὶ

2265 1951 2428 1968 ,νη
2535 1950 2846 1968 ..κηςυ
2935 1949 2958 1968 ν
3118 1951 3144 1968 ,ο
3256 1951 3280 1967 ν
3405 1952 3518 1968 ι,
3706 1956 3721 1968 .
3829 1960 3855 1968 -

472 1954 656 2021 geret,
710 1950 811 2022 qui
852 1968 1081 2007 remum
1123 1953 1277 2009 videt
1315 1955 1373 2008 in
1410 1971 1562 2025 aqua
1602 1956 1978 2027 fractum,{et
2021 1973 2114 2012 so-

470 2036 586 2093 lem
626 2039 816 2110 pedali
848 2041 1255 2113 magnitudine
1276 2043 1302 2097 ?
1332 2046 1678 2116 Quanquam
1706 2050 1762 2100 et
1802 2044 1918 2100 alia
1949 2045 2118 2101 nobis

475 2130 735 2200 suppetit
781 2130 1001 2202 regula,
1053 2132 1192 2202 quia
1240 2133 1395 2203 quod
1454 2150 1650 2189 rerum
1729 2133 2116 2191 differentiam

471 2217 651 2284 novit,
693 2234 784 2273 res
823 2220 984 2290 ipsas
1030 2219 1214 2275 multo
1265 2221 1474 2293 magis.
1534 2224 1606 2277 At
1663 2222 1980 2278 discrimen
2030 2238 2118 2279 eo-

471 2322 625 2372 rum,
674 2324 798 2377 quae
853 2308 979 2363 sine
1052 2310 1296 2365 materia
1344 2316 1504 2382 sunt,
1561 2328 1695 2367 cum
1773 2312 2115 2381 materiatis,

471 2395 679 2453 novit:
740 2414 876 2467 ergo
908 2402 964 2452 et
1016 2399 1346 2455 materiata.
1427 2400 1533 2456 Sed
1574 2400 1820 2458 fortasse
1878 2401 2113 2470 dixeris,

476 2483 674 2539 minus
699 2489 831 2554 apte
861 2486 993 2553 dici,
1030 2492 1278 2543 mentem
1332 2505 1424 2545 res
1472 2491 1755 2546 extrarias
1803 2492 1991 2560 scire;
2057 2491 2114 2546 id

478 2572 633 2628 enim
694 2591 904 2631 sensus
947 2581 1051 2642 est,
1094 2594 1185 2632 res
1236 2579 1572 2635 materiatas
1630 2586 1688 2635 et
1735 2580 2117 2652 particulares

478 2666 1191 2736 cognoscere:generales
1221 2669 1372 2723 enim
1423 2674 1678 2737 tantum,
1726 2678 1779 2725 el
1829 2687 1954 2741 quae
1994 2669 2117 2725 uni-

477 2769 655 2809 versa:
681 2759 843 2821 sunt,
878 2772 1041 2811 mens
1074 2758 1273 2812 novit:
1309 2775 1519 2815 sensus
1550 2764 1741 2816 autem
1790 2766 1882 2816 est
1943 2778 2116 2818 nosse

479 2843 824 2913 singularia,
851 2861 1095 2915 quaeque
1127 2851 1266 2900 sunt
1298 2848 1740 2903 materiata.Sed
1775 2850 2115 2921 responderi

473 2930 545 2984 ad
579 2930 684 2984 hoc
708 2934 921 3001 potest,
954 2936 1206 2987 mentem
1257 2934 1521 3004 subjecto
1581 2952 1756 2991 unum
1821 2953 1967 3007 esse,
2024 2956 2114 2993 ra-

476 3017 631 3072 tione
671 3036 803 3074 vero
858 3020 1170 3076 diversam.
1220 3026 1380 3079 Mens
1412 3024 1566 3079 enim
1606 3024 1695 3081 vel
1725 3044 1825 3098 per
1871 3042 1932 3082 so
1993 3033 2115 3082 tan-

473 3111 602 3161 tum
653 3109 896 3180 agitzet
956 3114 1112 3179 tunc,
1169 3128 1294 3181 qua:
1346 3112 1619 3169 universa
1676 3120 1815 3170 sunt
1882 3120 2113 3171 tantum

475 3197 670 3250 novit-
704 3198 791 3252 vel
823 3215 955 3253 cum
990 3216 1165 3255 sensu
1196 3208 1534 3273 operantur,
1568 3220 1633 3259 eo
1667 3221 1773 3259 usa
1830 3209 2107 3277 tanquam

2223 1953 2289 2006 τὰ
2316 1951 2498 2009 ἔνυλα.
2535 1950 2690 2009 Ἀλλ’
2736 1951 2873 2026 ἐρεῖς
2935 1949 3063 2016 ἴσως
3114 1951 3197 2007 ὅτι
3250 1951 3449 2008 ἄτοπόν
3501 1952 3615 2009 ἐστι
3666 1956 3731 2009 τὸ
3763 1960 3887 2009 νοῦν

2226 2042 2292 2096 τὰ
2348 2036 2447 2113 ἔξω
2502 2039 2696 2097 εἰδέναι
2733 2062 2745 2075 ·
2804 2044 2970 2096 ταῦτα
3024 2042 3125 2117 γάρ
3174 2040 3476 2113 αἰσθήσεώς
3536 2043 3654 2099 ἐστι
3703 2044 3772 2098 τὸ
3823 2046 3890 2099 τὲ

2227 2130 2389 2188 ἕνυλα
2416 2131 2504 2186 καὶ
2535 2131 2600 2186 τὰ
2647 2130 2782 2185 κατὰ
2835 2131 2998 2206 μέρος
3043 2132 3328 2205 γινώσκειν
3362 2151 3376 2166 ·
3427 2132 3454 2186 6
3490 2132 3583 2207 μὲν
3621 2133 3731 2209 γάρ
3758 2138 3889 2196 νοῦς

2222 2223 2285 2277 τὸ
2312 2220 2546 2276 καθόλου
2579 2217 2694 2276 οἶδε
2742 2219 2910 2292 μόνον
2945 2237 2957 2251 ⁸
2991 2227 3090 2289 τῆς
3143 2217 3200 2274 δὶ
3231 2219 3531 2291 αἶ’σθήσεώς
3560 2220 3680 2276 ἐστι
3711 2222 3780 2279 τὸ
3812 2221 3890 2277 εἰ-

2228 2309 2371 2366 δέναι
2431 2310 2644 2386 μερικᾶ,
2701 2307 2734 2363 ἄ
2787 2308 2907 2363 τινά
2956 2308 3093 2364 ἐστιν
3156 2307 3339 2365 ἔνυλα.
3402 2312 3552 2364 Ἐστι
3598 2308 3664 2365 δὲ
3716 2310 3890 2366 εἰπεῖν

2225 2401 2362 2475 πρὸς
2392 2403 2575 2455 τοῦτο.
2637 2396 2718 2452 ὅτὶ
2752 2399 2779 2453 6
2810 2402 2934 2459 νοῦς
2978 2397 3056 2470 τῷ
3109 2398 3202 2471 μὲν
3248 2399 3589 2472 ὑποκειμένῳ
3637 2402 3722 2462 εἷς
3752 2400 3891 2473 ἐστι,

2225 2494 2303 2561 τῷ
2334 2486 2390 2544 δὲ
2423 2486 2578 2563 λόγῳ
2637 2485 2918 2565 διάφορος.
2969 2492 3029 2545 Ὁ
3056 2488 3155 2562 γάρ
3186 2487 3368 2556 νοῦςῆ
3400 2490 3517 2552 καθ’
3548 2488 3745 2543 ἑαυτὸν
3788 2491 3888 2561 μό-

2224 2599 2314 2633 νον
2366 2577 2592 2653 ἐνεργεῖ,
2643 2576 2733 2631 καὶ
2790 2575 2913 2630 τότε
2959 2575 3021 2630 τὸ
3068 2575 3307 2640 καθόλου
3369 2578 3534 2649 μόνον
3583 2574 3735 2633 οἶδεν
3776 2599 3789 2610 ·
3850 2578 3886 2648 ἧ

2230 2668 2365 2741 μετὰ
2405 2666 2707 2737 αἰσθήσεως
2761 2664 2982 2740 ἐνεργεῖ,
3017 2663 3231 2742 ὀργάνῳ
3281 2664 3414 2739 αὐτῇ
3463 2669 3829 2742 κεχρημένος
3873 2687 3886 2698 ·

2224 2757 2312 2811 καὶ
2348 2757 2465 2811 τότε
2520 2756 2585 2809 τὰ
2633 2754 2795 2810 ἔνυλα
2851 2753 2942 2808 καὶ
3005 2755 3199 2828 μερικά
3248 2752 3414 2810 οἶδεν.
3458 2758 3667 2832 Ὠσπερ
3719 2760 3887 2833 γὰρὴ

2224 2846 2359 2916 αὐτῆ
2390 2845 2587 2913 εὐθεῖα,
2620 2849 2698 2917 τῷ
2753 2845 2846 2916 μὲν
2898 2842 3241 2917 ὑποκειμένῳ
3372 2843 3505 2915 αὐτή
3540 2844 3681 2917 ἐστι,
3714 2852 3798 2919 τῷ
3832 2845 3891 2902 εὶ

2226 2935 2375 3010 λόγῳ
2445 2933 2689 3012 ιάφορος.
2756 2935 2816 2990 Ἥ
2889 2932 2992 3006 γὰρ
3073 2936 3163 2986 νῦν
3228 2932 3408 2996 εὐθεῖα
3463 2936 3597 2989 οὖσα
3661 2932 3890 2991 δ’ίναται

2221 3023 2520 3093 κλασθῆναι
2551 3022 2640 3077 καὶ
2689 3021 3007 3095 ἐπικαμπής
3056 3022 3298 3095 γενέσθαι
3334 3041 3347 3054 ·
3384 3018 3526 3076 οὕτω
3558 3024 3653 3077 καὶ
3686 3024 3716 3077 6
3747 3030 3886 3087 νοῦς

2224 3114 2251 3167 6
2283 3112 2442 3174 αὐτός
2484 3112 2595 3166 ἐστι
2634 3115 2714 3183 τῷ
2765 3110 3103 3184 ὑποκειμένῳ
3138 3130 3150 3143 ⁸
3201 3107 3403 3165 ἄλλοτε
3451 3110 3634 3166 εὐθεῖα
3681 3113 3891 3169 ἀναλο-

2221 3207 2325 3278 γεῖ,
2360 3203 2387 3257 6
2446 3202 2534 3256 καὶ
2590 3206 2706 3265 καθ’
2768 3197 2956 3255 ἐαυτὸν
3018 3198 3222 3275 ἐνεργεῖ
3277 3200 3366 3254 καὶ
3415 3201 3480 3254 τά
3538 3201 3685 3256 ἆῦλα
3719 3200 3887 3275 οἶδεν,

473 3283 886 3353 instrumento,
915 3288 1113 3358 sicque
1148 3290 1451 3344 materiata
1479 3297 1535 3347 et
1585 3293 1962 3364 particularia
2008 3310 2106 3349 co-

2227 3273 2426 3348 άλλοτε
2493 3288 2549 3345 δὲ
2605 3288 2947 3363 κεκλασμένη
3005 3287 3202 3358 εὐθεῖα,
3291 3288 3750 3363 ἐπικαμπόμενος
3810 3297 3885 3365 (7)

471 3377 720 3445 gnoscit.
781 3376 1288 3439 Quemadmodum
1340 3380 1494 3435 enim
1541 3387 1697 3437 recta
1744 3384 1870 3454 ipsa
1934 3382 2110 3452 linea,

473 3464 737 3534 subjecto
768 3468 970 3521 eadem
1002 3471 1111 3532 est,
1144 3474 1203 3523 at
1225 3469 1445 3527 ratione
1476 3470 1743 3539 diversa;
1786 3489 1906 3544 quae
1952 3474 2107 3529 enim

473 3569 629 3608 nunc
672 3558 827 3609 recta
861 3560 970 3624 est,
1019 3555 1313 3614 incurvari
1361 3564 1416 3615 et
1483 3559 1702 3615 inﬂecti
1748 3566 1969 3635 potest:
2025 3563 2108 3618 sic

469 3640 641 3696 etiam
678 3659 843 3698 mens
869 3645 1068 3700 eadem
1101 3647 1494 3718 estsubjecto.
1548 3650 1723 3705 Recta
1766 3652 1904 3706 item
1946 3668 2110 3707 men-

468 3733 583 3787 tem
621 3738 1028 3805 repraesentat:
1058 3752 1184 3807 quae
1210 3753 1312 3809 per
1332 3755 1393 3793 se
1434 3740 1555 3811 agit
1585 3740 1733 3811 ipsa,
1788 3746 1844 3797 et
1897 3740 2110 3797 imma-

466 3821 674 3876 teriata
707 3823 862 3877 novit
886 3840 898 3877 :
921 3823 1216 3881 interdum
1267 3826 1584 3883 inﬂectitur
1634 3834 1827 3899 recta;
1858 3835 1911 3886 et
1945 3848 2111 3888 mens

466 3910 539 3965 ad
572 3912 1163 3981 sensuminﬂectitur,
1195 3932 1380 3988 eoque
1412 3934 1513 3989 pro
1545 3916 1935 3975 instrumento
1996 3920 2109 3975 uti-

464 4004 582 4067 tur,
613 4018 745 4056 cum
795 4003 1097 4059 materiata
1128 4005 1305 4060 novit.
1341 4006 1444 4061 Hic
1476 4007 1702 4078 primus
1754 4013 1841 4064 est
1898 4010 2111 4077 nodus,

466 4089 711 4162 ejusque
762 4091 994 4147 solutio.
1055 4094 1321 4150 Secunda
1378 4095 1700 4153 difficultas
1784 4115 1916 4153 cum
2002 4097 2112 4153 hac

470 4180 806 4251 sumptione
839 4182 1187 4254 proponitur
1216 4201 1234 4238 :
1268 4186 1421 4257 quod
1443 4204 1475 4242 a
1502 4191 1811 4259 potestate,
1857 4188 1922 4241 ﬁt
1954 4191 2113 4273 actu,

473 4268 714 4323 omnino
748 4275 1045 4328 mutatur:
1081 4277 1138 4327 at
1170 4274 1438 4343 mutatio,
1466 4276 1691 4331 affectio
1722 4280 1828 4331 est.
1881 4275 1981 4333 His
2030 4268 2113 4332 sic

473 4360 869 4431 prasumptis,
925 4360 1207 4433 reliquam
1281 4364 1689 4422 difﬁcultatem
1735 4364 1992 4435 subjicit.
2052 4366 2111 4422 Si

470 4462 639 4501 mens
671 4449 977 4505 materiata
1008 4453 1323 4523 cognoscit,
1350 4454 1571 4527 aliquid
1604 4455 1675 4511 ab
1707 4454 1778 4511 iis
1812 4454 2033 4527 patitur
2080 4472 2114 4510 a

468 4536 968 4609 cognitione,qua3
997 4545 1279 4612 potestate
1322 4544 1526 4615 fuerat,
1581 4546 1649 4600 ad
1717 4543 2111 4617 cognitionem

2218 3381 2353 3454 πρὸς
2410 3380 2511 3450 τήν
2569 3377 2836 3451 αἶ’σθήσιν,
2884 3378 2971 3433 καὶ
3034 3378 3259 3453 ὀργάνῳ
3312 3378 3448 3452 αὐτῇ
3502 3383 3888 3457 κεχρημένος,

2220 3469 2308 3525 ὅτε
2336 3469 2425 3524 καὶ
2453 3470 2519 3524 τὰ
2550 3465 2711 3524 ἔνυλα
2738 3465 2868 3524 οἶδε.
2923 3464 3098 3524 Τοῦτε
3148 3467 3241 3539 μὲν
3290 3465 3380 3522 οὖν
3408 3467 3520 3522 ἐστι
3554 3469 3617 3523 τὸ
3653 3476 3881 3543 πρῶτον

2220 3557 2421 3635 ἄπορον
2454 3557 2542 3613 καὶ
2572 3559 2606 3626 ἡ
2663 3554 2818 3618 λύσις
2872 3555 3056 3610 αὐτοῦ.
3091 3554 3344 3629 Δεύτερον
3395 3552 3624 3632 ἄπορον,
3683 3558 3746 3612 ὃν
3792 3562 3883 3614 καὶ

2221 3646 2421 3721 λῆμμα
2475 3641 2944 3723 προλαμϐάνεται,
3015 3648 3287 3711 τοιοῦτον,
3361 3643 3443 3700 ὅτι
3490 3647 3555 3699 τὸ
3616 3647 3733 3702 ἀπὸ
3782 3654 3880 3704 τοῦ

2221 3734 2444 3809 δυνάμει
2478 3734 2551 3797 εἷς
2589 3736 2651 3789 τὸ
2700 3732 2932 3810 ἐνεργείᾳ
2974 3732 3287 3807 γενόμενον,
3338 3733 3555 3796 πάντως
3598 3735 3880 3792 ἀλλοιεῦο

2217 3848 2330 3895 ται,
2386 3828 2420 3895 ἡ
2452 3822 2508 3879 δὲ
2553 3821 2852 3884 ἀλλοίωσις
2909 3822 3078 3883 πάθος
3130 3820 3260 3878 ἐστί.
3291 3826 3493 3877 Τοῦ-του
3524 3823 3884 3903 προληφθέν-

2218 3936 2311 3978 τος
2345 3913 2555 3988 πρόεισι
2588 3911 2779 3968 λοιπὸν
2811 3911 2873 3966 τὸ
2932 3908 3157 3986 ἄπορον.
3210 3910 3273 3965 Εἴ
3301 3913 3556 3984 γινώσκει
3588 3914 3616 3967 6
3650 3919 3787 3977 νοῦς
3819 3918 3882 3970 τὶ

2220 4000 2403 4072 ἕνυλα,
2437 4000 2605 4068 δῆλον
2640 4003 2725 4056 ὅτι
2754 4001 2954 4075 πάσχει
2997 4000 3089 4054 ὐπ’
3138 3998 3333 4071 αὐτῶν,
3366 4000 3472 4055 ἀπὸ
3501 4008 3604 4070 τῆς
3646 4000 3882 4078 δυνάμει

2219 4094 2469 4168 γνώσεως
2525 4090 2601 4153 εἷς
2646 4090 2745 4159 τὴν
2778 4087 3015 4166 ἐνεργείᾳ
3062 4092 3259 4163 γνῶσιν
3443 4090 3509 4144 Τὸ
3538 4088 3597 4145 δὲ
3628 4091 3747 4149 ἀπὸ
3786 4100 3883 4149 τοῦ

2224 4180 2446 4256 δυνάμει
2496 4180 2759 4256 ἀγόμενον
2808 4178 2884 4241 εἷς
2929 4176 2992 4233 τό
3043 4176 3276 4254 ἐνεργείᾳ
3322 4176 3676 4235 ἀλλοιοῦται.
3726 4183 3800 4237 T6
3834 4181 3886 4237 δὲ

2222 4269 2644 4344 ἀλλοιούμενον,
2693 4269 2914 4343 πάσχει.
2966 4267 3028 4325 Ὁ
3074 4270 3201 4329 νοῦς
3237 4265 3339 4342 ἄρα
3382 4269 3583 4343 πάσχει
3631 4270 3748 4326 ἀπὸ
3780 4278 3887 4328 τῶν

2223 4359 2427 4416 ἐνύλων
2464 4380 2475 4393 ·
2511 4359 2601 4414 καὶ
2641 4355 2827 4427 ἐπειδῆ
2879 4354 3033 4411 οὐδὲν
3077 4354 3137 4411 ἐκ
3164 4356 3261 4411 τοῦ
3294 4356 3608 4429 ἀνομοΰλου
3651 4365 3887 4439 πάσχει,

2225 4446 2396 4517 δῆλον
2428 4445 2531 4522 ἄρα
2560 4446 2643 4502 ὅτι
2677 4444 2921 4520 ὁμόϋλός
2963 4443 3104 4500 ἐστιν
3140 4446 3168 4499 6
3198 4449 3323 4509 νοῦς
3351 4452 3467 4508 τοῖς
3501 4445 3759 4512 ἐνῦλοις.
3794 4452 3887 4506 K12

2224 4533 2334 4591 ἔστι
2366 4536 2454 4591 καὶ
2486 4535 2646 4598 αὐτὸς
2692 4529 2880 4596 ἕνυλος
2933 4533 3022 4589 καὶ
3056 4534 3345 4612 ἄφθαρτος.
3390 4533 3539 4606 Αὕτη
3576 4538 3611 4606 ἡ
3648 4537 3885 4616 ἀπορία,

472 4629 605 4680 actu
648 4626 918 4683 deducta.
979 4629 1138 4693 Quod
1208 4649 1340 4688 vero
1400 4651 1433 4688 a
1475 4638 1761 4705 potestate
1822 4634 2112 4705 adjectum

2228 4626 2294 4696 ἦν
2321 4623 2707 4699 ἐπιλυσόμενοί
2754 4644 2953 4702 φαμεν,
2997 4624 3079 4678 ὅτι
3129 4628 3308 4686 κακῶς
3343 4624 3623 4699 εἴληπται,
3660 4628 3753 4683 ὅτι
3788 4634 3889 4685 ποῦ

470 4714 801 4783 deducitur,
866 4717 920 4771 id
978 4724 1259 4776 mutatur.
1319 4722 1481 4786 Quod
1525 4739 1657 4778 vero
1728 4726 2009 4789 mutatur,
2057 4722 2116 4780 id

470 4802 712 4872 patitur.
748 4804 894 4877 Ergo
921 4823 1084 4863 mens
1114 4826 1147 4864 a
1196 4810 1521 4866 materiatis
1564 4810 1806 4882 patitur,
1852 4814 1908 4866 et
1978 4811 2121 4883 quia

470 4890 617 4945 nihil
652 4893 767 4964 pati
798 4898 987 4965 potest
1011 4897 1081 4951 ab
1113 4900 1358 4969 eo,quod
1383 4898 1703 4955 dissimiles
1735 4903 2116 4971 estmaterias;

469 4978 712 5050 planum
738 4987 827 5037 est
853 4982 1050 5054 igitur,
1087 4990 1339 5039 mentem
1371 4986 1638 5054 ejusdem
1672 5004 1801 5042 esse
1861 4988 2117 5045 materie

470 5084 603 5122 cum
639 5071 985 5141 materiatis,
1008 5076 1066 5127 et
1122 5073 1387 5127 eamdem
1447 5089 1574 5129 esse
1635 5076 2002 5133 materiatam
2061 5081 2118 5133 et

467 5154 888 5231 incorruptam.
925 5160 1002 5215 Ea
1032 5165 1122 5216 est
1151 5161 1484 5232 difﬁcultas,
1507 5179 1685 5234 quam
1707 5163 2116 5238 dissolventes,

469 5244 721 5302 dicimus
772 5250 923 5305 male
973 5254 1344 5322 assumptum
1398 5267 1557 5320 esse,
1618 5252 1955 5327 ubicunque
2026 5260 2114 5312 est

469 5350 670 5405 agens,
706 5336 784 5391 ibi
826 5344 882 5393 et
930 5340 1084 5411 quod
1109 5340 1378 5411 patitur:
1430 5341 1485 5397 id
1537 5342 1689 5398 enim
1735 5343 1942 5400 falsum
2002 5348 2111 5401 est.

543 5514 618 5586 (5)
653 5514 893 5592 lliatum
927 5517 1011 5592 sic
1045 5518 1263 5592 replere
1292 5520 1508 5587 videor,
1544 5518 1667 5575 ἀλλ’
1702 5518 1812 5576 οἶδε
1832 5522 1896 5576 τά
1953 5521 2112 5582 ἄυλα.

475 5585 751 5654 Σκοπήσει
774 5586 863 5639 οὗν
883 5585 1117 5651 πάντωςξ

474 5728 487 5741 θ
544 5658 617 5729 (6)
649 5657 821 5784 liceat
850 5656 975 5713 ἀλλ’
1010 5662 1060 5713 oi
1087 5658 1140 5715 δὲ
1171 5664 1295 5731 τήν,
1328 5669 1462 5729 etc.,
1520 5669 1619 5719 aut
1651 5668 1949 5739 quidpiam
2003 5668 2112 5723 hu-

474 5743 665 5784 Iusmo
715 5747 749 5784 ι.

469 5743 749 5798 )usmocu.

2228 4720 2418 4770 ποιοῦν
2451 4715 2539 4769 καὶ
2571 4714 2770 4789 πάσχει
2808 4731 2821 4745 ·
2874 4712 3031 4773 οὗτος
3082 4711 3109 4765 ὁ
3160 4709 3328 4786 λόγος
3358 4710 3563 4787 ψευδής
3594 4714 3738 4772 ἐστι.
3762 4719 3891 4773 Τότι

2226 4805 2326 4881 γὰρ
2382 4805 2445 4860 τὸ
2501 4800 3078 4879 ποιοῦνῚάντιπάσχει,
3139 4801 3227 4856 ὅτε
3288 4802 3529 4873 ὁμόϋλον
3596 4800 3757 4861 ἔσται
3822 4812 3891 4879 τῷ

2227 4894 2515 4970 πάσχοντι.
2553 4888 2773 4961 Ἐπειδὴ
2807 4892 2898 4946 οὖν
2946 4891 2973 4945 6
3024 4894 3150 4953 νοῦς
3193 4890 3296 4945 οὐκ
3324 4889 3465 4945 ἔστιν
3489 4892 3751 4964 όμόϋλος
3781 4902 3893 4957 τοῖς

2228 4980 2463 5052 ἐνῦλοις,
2499 4981 2597 5036 οὐκ
2644 4982 2853 5057 ἀνάγκη
2905 4980 3137 5055 πάσχειν
3185 4978 3347 5033 αὐτὸν
3399 4979 3502 5035 ὐπὸ
3528 4986 3638 5037 τῶν
3678 4983 3891 5041 ἐνῦλων

2226 5074 2315 5127 ὅτε
2371 5071 2626 5147 γινώσκει
2697 5068 2849 5127 dmi.
2926 5072 3083 5124 110ιεῖ
3158 5069 3261 5143 γάρ
3293 5069 3382 5123 καὶ
3428 5071 3455 5124 6
3509 5066 3893 5152 δημιουργὸς,

2224 5158 2512 5238 εὐεργετῶν
2586 5163 2734 5231 ἡμᾶς
2766 5176 2778 5190 ·
2863 5157 2954 5213 καὶ
3028 5155 3181 5231 ὅμως
3266 5156 3366 5211 οὐκ
3426 5158 3743 5238 ἆντπάσχει
3809 5165 3893 5234 ὑφ’

2223 5252 2383 5324 ἡμῶν
2418 5269 2431 5283 ο
2468 5249 2605 5306 ὥστε
2634 5248 2812 5304 ἐκεῖνα
2863 5246 3001 5321 μόνα
3041 5250 3150 5300 τῶν
3195 5245 3497 5303 ποιούντων
3530 5247 3891 5330 ἀντιπάσχει,

2224 5338 2323 5395 ὅσα
2353 5337 2569 5414 ὁμόϋλά
2598 5337 2707 5394 ἐστι
2754 5341 2872 5399 τοῖς
2920 5336 3251 5411 πάσχουσιν.
3301 5337 3422 5393 Ὅτι
3461 5334 3611 5393 ’ἰδιόν
3648 5339 3771 5397 ἐστι
3820 5347 3892 5413 τῷ

2295 5522 2370 5591 (7)
2427 5524 2591 5577 Forte
2671 5518 3004 5591 legendum,
3064 5512 3153 5568 καὶ
3239 5515 3266 5569 ὁ
3325 5518 3472 5583 νοῦς,
3533 5514 3888 5589 ἐπικαμπτό-

2227 5612 2405 5663 μενον.

2294 5665 2370 5737 (8)
2400 5665 2653 5720 Subesse
2685 5666 2850 5735 puto,
2882 5658 3175 5735 ἀγομένην.
