4010 6360
124 346 285 408 1065

1613 345 1718 408 DE
1761 345 2037 408 ANIMA.

3382 345 3548 410 £066

120 477 236 542 νοῒ,
265 476 353 530 καὶ
383 475 448 530 16
487 477 555 549 τῇ
599 474 761 546 οὐσίᾳ
809 473 1063 550 ἒνιργεῖν.
1109 480 1215 532 Και
1263 475 1365 553 γὰρ
1397 477 1424 532 6
1451 475 1771 547 ὶπιστήμων

1890 479 2046 530 Tune
2099 475 2256 532 enim
2313 492 2495 550 agens
2533 480 2739 534 contra
2793 474 3036 549 patitur,
3097 491 3235 533 cum
3278 475 3545 547 ejusdem

123 567 251 621 οὕτε
281 565 554 637 ἐπιστήμη
594 563 761 637 μόνον
820 562 985 633 ἐστὶν,
1034 563 1155 619 οὕτε
1203 567 1380 640 ψυχὴ,
1415 563 1561 620 ἀλλὰ
1593 570 1776 638 κρᾶμα

123 656 179 726 ἑξ
219 652 539 728 ἀμφοτέρων
578 673 590 684 ·
652 652 923 728 σύγκειται
989 654 1093 729 γὰρ
1154 653 1214 710 ἐκ
1271 658 1457 729 ψυχῆς
1503 653 1592 708 καὶ
1654 653 1777 708 ἐπι-

126 747 368 816 στήμης,
397 744 484 798 καὶ
519 741 796 817 ἀναλογεῖ,
829 745 864 812 ή
920 744 1014 816 μὲν
1048 744 1201 818 ψυχὴ
1234 743 1359 818 ὕλῃ,
1389 747 1423 812 ἡ
1459 741 1515 798 δὲ
1546 742 1774 812 ἐπιστή-

129 856 208 906 μη
271 833 422 888 εἴδει.
484 833 581 887 Καὶ
661 829 849 902 ἐπειδὴ
919 831 1121 896 παντὸς
1175 853 1498 907 πραγματος
1561 830 1772 904 μᾶλλον

125 924 270 978 ἐστὶν
304 921 461 978 οὐσία
506 922 569 978 τὸ
600 918 742 984 εἶδος
789 928 889 990 τῆς
941 921 1080 992 ὕλης
1111 941 1122 954 ·
1157 922 1202 978 εἰ
1254 921 1468 996 μᾶλλον
1520 921 1679 977 οὐσία
1713 920 1776 974 τὸ

125 1011 272 1076 εἶδος
297 1019 396 1082 τῆς
432 1008 565 1079 ὕλης
599 1029 611 1041 ·
656 1012 780 1087 φασὶ
835 1007 891 1065 δὲ
936 1009 1210 1081 ’Έλληνες
1256 1012 1432 1086 ἀρχήν
1487 1016 1595 1065 τῶν
1628 1009 1773 1064 ὅλων

123 1103 281 1171 Θεὸν,
312 1101 400 1156 καὶ
434 1098 571 1170 ὕλην
602 1118 614 1130 ⁸
646 1100 739 1154 τὸν
771 1100 902 1155 Θεὸν
951 1101 1024 1162 ὡς
1066 1097 1214 1162 εἶδος
1248 1098 1503 1174 λέγοντες
1537 1119 1549 1130 ·
1585 1099 1773 1153 οὐσίαν

123 1191 231 1265 ἄρα
262 1190 388 1268 φασί
418 1191 510 1244 τὸν
544 1189 672 1244 Θεὸν
704 1195 804 1258 τῆς
856 1187 994 1258 ὕλης
1045 1187 1284 1262 μᾶλλον,
1325 1189 1412 1243 καὶ
1465 1187 1598 1242 αὐτὰ
1655 1184 1770 1256 εἶ’δη

118 1280 255 1335 Θεόν
283 1299 295 1311 ο
329 1277 478 1353 εἴπερ
512 1276 744 1351 οὐδεμία
776 1275 881 1348 ὕλη
931 1277 982 1332 ἐν
1021 1283 1137 1339 τοῖς
1170 1279 1317 1333 οὖσιν
1350 1275 1609 1346 ἀνείδεος,
1643 1275 1774 1350 ὅπερ

118 1370 198 1431 ὡς
260 1367 376 1425 λίαν
437 1363 622 1429 ἀσεϐὲς
679 1366 1055 1440 παραιτητέον
1096 1386 1108 1400 ·
1170 1366 1322 1422 οὐσία
1375 1365 1476 1442 ἄρα
1527 1365 1636 1421 ἰστὶ
1679 1369 1776 1420 τοῦ

116 1459 490 1529 ἐπιστήμονος
519 1459 554 1526 ἡ
589 1455 866 1527 ἐπιστήμη
902 1475 914 1486 ⁸
967 1456 1054 1510 καὶ
1110 1454 1158 1510 εἲ
1199 1457 1226 1510 6
1280 1455 1600 1528 ἐπιστήμων
1639 1454 1777 1509 κατὰ

113 1547 222 1615 τὴν
272 1545 579 1618 ἐπιστήμην
639 1543 869 1619 ἐνεργεῖ,
939 1541 1074 1614 αὕτη
1141 1541 1405 1600 δέδεικται
1477 1543 1631 1599 οὐσία
1680 1544 1775 1598 τοῦ

119 1634 497 1707 ιπιστήμονος
525 1631 676 1689 οὐσα.
737 1633 878 1688 Κατὰ
934 1637 1094 1688 τοῦτο
1153 1633 1255 1709 ἄρα
1303 1632 1517 1708 λέγεται
1562 1636 1629 1698 τῆ
1679 1631 1774 1687 οὐ-

121 1724 217 1795 σίᾳ
247 1723 501 1799 ἐνεργεῖν,
535 1721 622 1778 διὰ
669 1722 731 1777 τὸ
787 1725 886 1792 τὴν
933 1721 1240 1795 ἐπιστήμην
1292 1721 1475 1778 οὐσίαν
1511 1724 1646 1777 εἴναι
1675 1719 1772 1777 τοῦ

115 1813 514 1886 ἐπιστήμονος.
549 1809 688 1870 Οὕτι
741 1812 841 1885 γὰρ
891 1811 1028 1866 κατὰ
1077 1810 1139 1866 τό
1201 1809 1412 1883 ὑψηλὸν
1464 1811 1638 1867 ἐκεῖνο
1681 1812 1774 1866 καὶ

119 1902 430 1978 ἐπηρμένον
465 1903 728 1976 θεώρημα
781 1900 861 1956 ὅτι
918 1900 992 1963 ὡς
1052 1900 1140 1956 ἐπὶ
1199 1905 1354 1970 Θεοῦ,
1388 1903 1422 1970 ἡ
1462 1900 1598 1970 αὐτή
1630 1898 1772 1955 ἐστὶν

117 1991 372 2064 οὐσίατῇ
429 1989 709 2066 ἐνεργείᾳ·
771 1987 859 2044 ἐπὶ
916 1990 1019 2064 γὰρ
1076 1993 1186 2044 τῶν
1249 1993 1468 2065 ψυχῶν,
1529 1988 1619 2043 καὶ
1664 1992 1774 2043 τῶν

115 2079 303 2135 ἆύλων
334 2079 557 2147 οὐσιῶν,
613 2078 792 2154 χωρὶς
840 2084 939 2140 ταῖς
992 2079 1218 2153 πρώτης
1264 2077 1458 2145 αἷτιας,
1505 2077 1595 2132 καὶ
1623 2075 1779 2131 οὐσία

112 2169 229 2224 ἐστὶ
263 2168 351 2223 καὶ
384 2165 618 2240 δύααμις
661 2167 752 2221 καὶ
811 2165 1076 2242 ἐνάργεια.
1133 2169 1216 2241 Τῇ
1271 2167 1362 2221 οῦν
1414 2166 1572 2237 οὐσίᾳ
1612 2163 1774 2240 λὲγε-

110 2279 204 2313 ται
239 2255 490 2333 ἐνεργεῖν,
525 2253 614 2310 διὰ
641 2255 704 2310 τὸ
746 2256 844 2324 τήν
898 2254 1208 2328 ἐπιστήμην
1261 2255 1429 2310 οἷονεί
1461 2254 1644 2310 οὐσίαν
1680 2252 1776 2308 λὲο

115 2358 309 2422 γεσθαι
357 2349 459 2412 τῆς
503 2351 710 2419 ψυχῆς.
763 2345 858 2401 Ἐκ
900 2348 998 2399 τοῦ
1042 2344 1350 2418 κρείττονος
1399 2345 1489 2399 οὗν
1522 2343 1776 2417 ὠνόμασε

105 2437 204 2491 τὸν
228 2439 353 2490 νοῦν
433 2431 656 2502 Ἐπειδὴ
689 2435 791 2508 γὰρ
844 2437 911 2507 τῇ
961 2432 1205 2509 ἐνεργείᾳ
1262 2433 1472 2508 ἂνεργιῖ
1536 2434 1564 2488 6
1621 2436 1773 2494 νοῦς.

113 2526 207 2579 καὶ
264 2521 338 2578 ὢν
398 2523 640 2599 ὲνεργεια
699 2522 900 2597 ἆνεργεῖ
934 2540 946 2552 ’
999 2527 1248 2597 κρεῖττον
1312 2519 1370 2577 δὲ
1418 2521 1471 2577 ἰν
1523 2526 1682 2576 πᾶσιν
1737 2523 1772 2590 ἡ

116 2613 361 2689 ἆνὲργεια
389 2613 477 2667 καὶ
508 2614 544 2681 ἡ
579 2611 738 2667 οὐσία
762 2632 774 2645 ο
810 2608 899 2666 διὰ
951 2615 1114 2666 τοῦτο
1165 2608 1338 2675 θὲλων
1389 2609 1561 2666 εἰπεῖν
1592 2609 1675 2664 6'1:
1707 2613 1774 2675 τῆ

122 2703 367 2777 ἰνεργείᾳ
422 2706 648 2776 ῖνεργιῖ,
706 2701 820 2755 εἶπε
876 2704 944 2774 τῇ
1003 2700 1182 2772 οὐσίᾳ,
1243 2701 1317 2763 ὡς
1373 2699 1479 2755 ἀπὸ
1531 2698 1774 2774 κρείττο-

117 2813 238 2861 νος,
290 2791 472 2864 ὥσπερ
521 2790 626 2845 ἀπὸ
680 2810 870 2865 γινους
911 2788 1244 2863 τιμιωτέρου
1295 2790 1357 2843 τὸ
1415 2794 1520 2844 πᾶν
1570 2785 1773 2859 δηλού-

122 2901 287 2954 μενος
321 2899 334 2912 ο
390 2879 464 2940 ὡς
517 2881 741 2952 Τεῦκρε,
802 2877 936 2955 φίλη
1007 2875 1241 2952 κεφαλή.
1303 2877 1404 2933 Καὶ
1469 2881 1630 2932 τοῦτο
1685 2875 1774 2931 οῦν

119 2967 409 3044 ἁρμόττει,
455 2972 534 3039 τῷ
581 2966 826 3043 ἰνεργείᾳ
872 2971 950 3038 νῷ
1002 2971 1097 3022 τοῦ
1138 2966 1448 3043 ἀνθρώπου.
1502 2967 1779 3041 Ἐνὲργεια

108 3061 220 3135 γὰρ
254 3057 353 3125 ὣν,
395 3061 552 3111 νοεῖ³
611 3054 638 3111 6
686 3053 743 3111 δὶ
793 3057 1038 3132 θύραθεν,
1086 3055 1303 3111 αὐτόθεν
1353 3053 1596 3131 ἐνέργειά
1641 3053 1774 3126 ἐστι,

111 3148 209 3202 καὶ
237 3146 300 3200 16
324 3144 508 3221 τρίτον
555 3141 613 3200 δὲ
654 3139 879 3220 ἁρμόζει
932 3144 1101 3217 αὐτῷ,
1151 3142 1233 3199 6'1:
1284 3145 1312 3199 6
1351 3149 1475 3206 νοῦς
1507 3143 1587 3199 ἀεὶ
1634 3149 1769 3212 νοεῖ,

113 3237 233 3311 οὐχ
257 3235 334 3297 ὡς
361 3216 398 3289 ’ὁ
426 3216 707 3296 Ηλωτῖνος
730 3216 926 3306 -οἵεται,
977 3216 1060 3289 ὅτι
1112 3233 1191 3288 ἀεὶ
1241 3229 1532 3297 διαπαντὸς
1563 3233 1590 3286 6
1625 3231 1786 3297 αὐτὸς
1815 3216 1857 3284 C

108 3329 254 3380 νοεῖ.
289 3324 371 3380 Οὐ
401 3324 505 3399 γὰρ
545 3323 636 3377 τὸν
691 3319 782 3377 ἕνα
838 3327 948 3377 τῶν
1006 3323 1252 3398 ἀριθμῶν
1303 3326 1426 3376 νοῦν
1477 3321 1777 3396 λεγόμενον

110 3413 200 3468 ἀεὶ
235 3416 351 3466 νοεῖ
382 3431 394 3443 ·
431 3409 556 3467 ἀλλ’
598 3407 681 3466 ὅτι
724 3411 752 3466 6
795 3409 848 3466 ἐν
906 3408 1024 3484 ὅλῳ
1071 3414 1150 3482 τῷ
1195 3409 1389 3484 κόσμῳ
1438 3411 1782 3485 ἆνθρωπικὸς

111 3506 249 3566 νοῦς
273 3500 356 3556 ἀεὶ
385 3506 519 3557 νοεῖ.
569 3499 674 3555 Κᾶν
725 3501 826 3577 γὰρ
872 3499 978 3576 ἰγὼ
1027 3501 1100 3573 μὴ
1134 3504 1269 3568 νοῶ,
1318 3497 1444 3555 ἀλλ’
1484 3500 1574 3555 οὖν
1609 3497 1780 3562 ἄλλος

109 3595 239 3646 νοεῖ
267 3590 359 3645 καὶ
387 3593 457 3664 τῇ
490 3586 727 3665 διαδοχῇ
775 3589 976 3665 γίνεται
1018 3590 1082 3644 τὸ
1137 3589 1219 3644 ἀεί
1254 3607 1267 3619 ·
1296 3585 1388 3643 ’ίνα
1412 3589 1488 3661 μὴ
1522 3587 1780 3664 ἐπιλείψῃ

111 3683 150 3749 ἡ
187 3677 472 3752 ἔλλαμψις
503 3678 638 3754 πρὸς
664 3679 815 3750 ἡμᾶς
862 3679 897 3747 ἡ
949 3682 1046 3732 τοῦ
1091 3683 1245 3746 Θεοῦ,
1277 3675 1313 3747 ἤ
1346 3679 1425 3733 ἀεὶ
1454 3684 1596 3733 νοεῖν
1631 3677 1782 3754 λέγει

103 3791 230 3834 ται,
291 3764 483 3836 ἐπειδή
545 3767 624 3823 ἀεὶ
686 3764 907 3822 δύναται
980 3771 1146 3824 νοεῖν.
1206 3768 1269 3823 Ὁ
1327 3768 1430 3842 γὰρ
1489 3765 1632 3842 ἔχων
1690 3767 1782 3821 τὸν

101 3863 265 3927 νοῦν,
324 3855 379 3911 ἐν
439 3854 736 3928 οἱᾳδήποτε
801 3855 918 3932 ὥρᾳ
975 3854 1255 3933 βούλεται,
1309 3863 1444 3925 νοεῖ,
1491 3855 1672 3931 ὥσπερ
1701 3859 1780 3927 τῷ

99 3944 446 4020 ἀνθρωπίνῳ
487 3950 566 4017 νῷ
627 3950 788 4000 τοῦτο
850 3945 1105 4021 ὑπάρχει.
1155 3946 1217 4002 Ὁ
1254 3945 1354 4020 γὰρ
1398 3945 1618 4020 θύραθεν
1657 3949 1782 4005 νοῦς

104 4040 137 4092 6
175 4037 258 4097 εἷς
288 4036 426 4089 κατὰ
480 4034 737 4110 ἀριθμὸν,
784 4035 957 4088 πάντα
1003 4039 1138 4090 νοεῖ.
1193 4031 1373 4090 Ἀλλᾶ
1403 4039 1566 4089 ταῦτα
1597 4035 1694 4107 μὶν
1732 4031 1784 4088 ἐν

100 4124 366 4184 τούτοις.
397 4125 520 4180 Ὀτι
566 4123 619 4178 ἐν
670 4127 752 4196 τῷ
801 4122 874 4178 ivi
927 4124 1020 4196 μὲν
1071 4124 1362 4199 ἀνθρώπῳ,
1414 4123 1568 4202 φύσει
1597 4123 1660 4178 τὸ
1697 4121 1783 4178 δυ-

101 4216 285 4286 νάμῑι
309 4211 421 4267 ἰστὶ
450 4210 713 4287 πρότερον
757 4215 858 4266 τοῦ
902 4209 1141 4288 ὶνεργείᾳ
1174 4232 1185 4244 ·
1239 4211 1341 4266 οὐκ
1373 4210 1425 4266 ὲν
1471 4215 1551 4283 τῷ
1577 4209 1695 4283 ὅλῳ
1727 4207 1785 4265 δὶ

99 4303 319 4374 κόσμῳ
353 4321 364 4331 '
402 4299 452 4355 tv
479 4307 580 4376 γᾶρ
637 4305 718 4373 τῷ
773 4299 891 4372 ὅλῳ
938 4299 1150 4373 κόσμῳ,
1202 4299 1330 4378 φασί
1370 4320 1538 4367 τινες,
1570 4299 1631 4354 οὐ
1663 4296 1784 4354 δεύ-

99 4411 279 4467 τερον
311 4395 410 4445 τοῦ
446 4389 622 4446 ἄλλου
673 4385 797 4444 οὐδὶ
844 4388 1106 4465 πρότερον
1158 4386 1280 4444 οὔτε
1328 4389 1392 4444 τὸ
1431 4385 1651 4460 δυνάμει
1689 4391 1786 4443 τοῦ

100 4478 368 4555 ἐνεργείᾳ
403 4498 417 4512 ο
449 4477 572 4534 οὔτε
629 4479 691 4533 τὸ
746 4476 1004 4554 ἐνεργείᾳ,
1063 4482 1162 4534 τοῦ
1209 4476 1454 4550 δυνάμει.
1509 4477 1570 4534 Εἰ
1600 4478 1666 4552 γά
1703 4477 1785 4531 ἀί-

103 4570 242 4630 διος
296 4569 327 4623 ὁ
381 4568 586 4640 κόσμος
631 4567 766 4623 κατᾶ
810 4568 904 4622 τὸν
951 4567 1358 4641 Ἀριστοτέλην,
1413 4563 1567 4622 οὐδὲν
1606 4563 1786 4643 ἕτερον

102 4657 360 4732 θατέρου
409 4657 698 4731 πρότερον,
759 4655 883 4711 ἀλλ’
939 4656 1227 4732 ὁμόχρονά
1282 4658 1446 4712 ἐστιν.
1504 4657 1633 4714 Ὃτι
1689 4659 1782 4730 μὲν

100 4770 202 4804 τοι
241 4749 498 4822 χωρισθῇ
529 4746 559 4800 6
615 4750 742 4807 νοῦς
796 4765 885 4801 και
933 4744 1153 4821 γίνηται
1185 4744 1302 4800 κατ’
1333 4743 1624 4821 ἐνέργειαν,
1665 4745 1788 4800 τότε

102 4840 333 4916 γίνεται
377 4836 508 4910 ὅπερ
559 4835 693 4903 ἐστὶ,
744 4836 991 4890 τούτὲστι
1032 4833 1234 4906 κυρίως
1287 4839 1436 4897 νοῦς.
1472 4834 1570 4890 Καὶ
1625 4839 1786 4890 τοῦτο

111 4929 322 5002 μόνον,
358 4922 615 4980 ἀδύνατον
665 4927 740 4997 (8)
790 4923 879 4977 καὶ
941 4921 1136 4979 ἀίδιον.
1183 4925 1244 4981 Ἠ
1296 4921 1354 4978 δὲ
1400 4921 1602 5000 ἄλογος
1632 4925 1786 4998 ψυχὴ

105 5017 212 5072 καὶ
250 5016 285 5084 ἠ
319 5015 515 5092 φυτικὴ
555 5012 816 5076 ἀθάνατος
865 5012 982 5084 μὲν,
1027 5011 1126 5067 οὐκ
1177 5009 1354 5074 ἀίδιος
1389 5010 1465 5068 δέ.
1501 5012 1789 5074 Ἀθάνατος

109 5106 158 5162 δ’
200 5105 271 5158 ’ἀν
307 5101 521 5178 λέγεται
555 5100 650 5157 κᾶν
710 5102 921 5179 φθαρτή
971 5101 1059 5155 καὶ
1109 5101 1207 5156 οὐκ
1274 5099 1449 5165 ἀίδιος
1492 5100 1790 5172 δοξάζετὰι,

109 5190 326 5260 ἔπειδὴ
361 5191 422 5245 οὐ
453 5190 587 5245 καθὸ
614 5192 769 5265 ψυχὴ
819 5189 1114 5268 φθείρεται,
1148 5189 1290 5245 ἀλλὰ
1329 5192 1461 5254 καθὸ
1496 5192 1547 5245 ἐν
1581 5191 1794 5264 σώματι

108 5283 267 5340 ἔστι.
305 5281 401 5334 Διὸ
445 5280 534 5334 καὶ
578 5278 805 5334 Πλάτων
861 5278 1030 5354 λέγει,
1081 5283 1250 5333 πᾶσαν
1293 5282 1476 5355 ψυχὴν
1508 5279 1792 5348 ἀθάνατον,

106 5376 294 5428 τοῦτο
358 5367 529 5444 λέγων
579 5369 668 5422 καὶ
716 5367 801 5422 ἐπὶ
846 5374 1076 5437 φυτικῆς
1117 5367 1205 5422 καὶ
1256 5367 1342 5422 ἐπὶ
1389 5367 1613 5444 ἀλόγου.
1645 5374 1706 5423 Ἡ
1739 5365 1796 5423 δὲ

108 5462 237 5530 ῦΑη
270 5458 339 5513 τὸ
371 5457 653 5526 ἀνάπαλιν,
712 5453 892 5520 ἀῖδιος
952 5457 1070 5530 μὲν,
1132 5455 1230 5510 οὐκ
1275 5458 1532 5521 ἀθάνατος
1580 5456 1674 5511 δὲ’
1712 5455 1797 5512 διὸ

191 5659 316 5733 (8')
345 5655 494 5730 Lego
523 5653 813 5710 ἀθάνατον.

467 5785 728 5846 Paeon.
777 5785 890 5844 Gs.
937 5780 1170 5844 CXXII.

1885 569 1976 620 est
2001 565 2257 620 materiis
2317 583 2453 621 cum
2516 566 2792 638 patiente,
2856 566 3100 631 Quando
3174 565 3355 638 igitur
3381 582 3549 625 mens

1887 669 2000 708 non
2052 659 2146 710 est
2195 656 2464 727 ejusdem
2525 655 2786 710 materiai
2815 671 2949 710 cum
3008 655 3352 725 materiatis,
3397 655 3545 713 nihil

1887 759 2126 798 necesse
2155 749 2264 811 est,
2300 750 2364 800 ut
2421 745 2679 816 patiatur
2707 762 2741 798 a
2789 742 3137 813 materiatis,
3170 759 3306 800 cum
3350 761 3419 801 ea
3444 761 3544 802 co-

1885 831 2116 902 gnoscit
2143 849 2155 888 :
2190 833 2310 903 agit
2341 834 2498 888 enim
2533 833 2724 905 Opifex
2755 833 2909 889 Deus
2940 849 3073 888 cum
3102 833 3272 890 nobis
3303 834 3544 892 benefa-

1886 919 1984 986 cit,
2021 921 2164 975 nihil
2217 928 2414 978 tamen
2467 940 2501 976 a
2562 922 2733 977 nobis
2785 921 3040 977 vicissim
3080 922 3322 993 patitur.
3355 923 3545 988 Quare

1886 1009 1986 1064 illa
2016 1015 2241 1065 tantum
2291 1012 2528 1083 agentia
2578 1010 2827 1066 invicem
2877 1010 3203 1081 patiuntur,
3243 1027 3372 1084 quis
3403 1017 3546 1070 sunt

1886 1100 2150 1169 ejusdem
2211 1102 2470 1156 materiae
2519 1117 2653 1155 cum
2714 1099 3090 1171 patientibus.
3145 1100 3325 1156 Menti
3365 1101 3544 1158 etiam

1889 1188 2190 1259 proprium
2240 1193 2330 1244 est
2380 1194 2446 1244 ut
2496 1187 2834 1244 substantia
2884 1193 3058 1262 agat:
3119 1190 3314 1246 sciens
3363 1190 3546 1264 enim,

1889 1293 2076 1348 neque
2106 1277 2354 1333 scientia
2382 1281 2617 1333 tantum
2650 1284 2764 1345 est,
2797 1294 2987 1349 neque
3018 1280 3237 1347 anima,
3264 1280 3366 1336 sed
3396 1284 3544 1337 tem-

1888 1372 2294 1436 peramentum
2326 1383 2395 1422 ex
2433 1373 2686 1438 utroque
2711 1387 2726 1436 ;
2752 1383 2820 1422 ex
2849 1367 3050 1423 anima
3077 1369 3237 1423 enim
3273 1373 3330 1424 et
3351 1369 3548 1426 scien-

1887 1454 1965 1509 tia
1996 1453 2308 1522 coalescit;
2343 1459 2397 1510 et
2422 1456 2737 1526 respondet
2767 1455 3029 1510 materiai
3052 1456 3290 1527 quidem
3318 1457 3543 1527 anima,

1885 1543 2084 1598 forma
2114 1560 2247 1599 vero
2281 1539 2652 1599 scientiaJEt
2682 1544 2960 1615 quoniam
2991 1545 3050 1599 in
3084 1544 3244 1600 omni
3277 1546 3548 1604 reforma

1887 1634 2076 1705 magis
2106 1637 2197 1688 est
2227 1633 2581 1699 substantia,
2637 1648 2815 1704 quam
2877 1633 3162 1702 materia;
3213 1632 3264 1690 si
3305 1634 3540 1707 quidem

1886 1722 2072 1777 forma
2131 1721 2320 1792 magis
2377 1725 2467 1777 est
2523 1721 2880 1792 substantia,
2931 1738 3106 1792 quam
3161 1721 3444 1778 materia:
3485 1727 3547 1780 et

1887 1827 2082 1866 rerum
2114 1810 2379 1866 omnium
2407 1810 2764 1883 principium
2797 1815 2976 1867 Deum
3009 1810 3192 1867 (ἓνωοί
3224 1812 3547 1883 praedicant

1885 1904 1944 1956 et
1974 1900 2307 1969 materiam,
2325 1900 2505 1956 Deum
2529 1904 2812 1972 tanquam
2838 1901 3088 1956 formam
3113 1904 3500 1972 agnoscentes
3527 1919 3542 1960 :

1886 1989 2072 2045 Deum
2126 2005 2264 2061 ergo
2324 1988 2514 2062 magis
2569 2005 2699 2046 esse
2774 1989 3172 2046 substantiam
3231 2006 3410 2062 quam
3465 1991 3546 2048 sit

1888 2077 2158 2150 materia,
2193 2078 2399 2134 dicunt
2428 2083 2487 2134 et
2536 2079 2698 2150 ipsas
2747 2079 3114 2134 substantias
3173 2078 3358 2135 Deum
3391 2096 3546 2150 esse,

1887 2168 1938 2224 si
1969 2167 2206 2240 quidem
2240 2167 2404 2224 nulla
2436 2167 2687 2224 materia
2717 2168 2778 2223 in
2840 2168 3016 2224 rebus
3046 2171 3137 2224 est
3165 2167 3293 2224 sine
3336 2168 3544 2226 forma.

1887 2257 2051 2322 Quod
2084 2258 2301 2328 dogma
2331 2260 2396 2312 ut
2425 2257 2677 2329 impium
2709 2256 3109 2328 respuendum
3139 2261 3246 2312 est.
3280 2256 3549 2314 Essentia

1884 2346 2067 2418 igitur
2097 2345 2339 2402 scientis
2369 2349 2460 2402 est
2483 2345 2752 2403 scientia.
2787 2346 2855 2401 Et
2912 2345 2962 2403 si
2993 2345 3187 2402 sciens
3217 2346 3545 2402 secundum

1887 2433 2189 2492 scientiam
2220 2439 2519 2508 operatur,
2553 2441 2853 2491 ostensum
2875 2438 2966 2491 est
2993 2449 3122 2491 eam
3154 2435 3395 2491 scientia
3415 2450 3546 2493 esse

1887 2523 2226 2580 essentiam.
2262 2523 2480 2578 Idcirco
2513 2522 2697 2595 igitur
2741 2521 3001 2579 essentia
3044 2523 3274 2596 operari
3303 2523 3541 2594 dicitur,

1887 2613 2028 2684 quia
2057 2610 2301 2667 scientia
2349 2610 2610 2668 essentia
2658 2615 2747 2668 est
2795 2611 3078 2681 scientia;
3111 2627 3227 2668 non
3266 2611 3426 2668 enim
3454 2628 3544 2670 se-

1887 2701 2141 2757 cundum
2175 2717 2450 2773 magnam
2483 2704 2540 2756 et
2555 2699 2842 2757 excelsam
2867 2699 3031 2757 illam
3055 2701 3540 2774 propositionem,

1887 2795 2169 2861 tanquam
2195 2789 2254 2845 in
2287 2790 2426 2857 Deo,
2458 2790 2649 2860 ipsam
2696 2791 3093 2847 substantiam
3123 2795 3256 2848 actu
3288 2807 3452 2850 esse:
3479 2793 3540 2849 in

1888 2878 2105 2934 animis
2160 2878 2316 2934 enim
2371 2883 2430 2934 et
2487 2879 2732 2935 secretis
2790 2896 2825 2935 a
2872 2880 3124 2936 materia
3165 2878 3543 2948 substantiis,

1889 2970 2097 3039 praeter
2144 2967 2396 3038 primam
2447 2971 2775 3037 causam,et
2819 2968 3079 3024 essentia
3129 2972 3245 3038 est,
3273 2973 3332 3025 et
3381 2973 3544 3042 pote-

1889 3061 2032 3123 stas,
2066 3059 2123 3111 et
2174 3056 2344 3112 actio.
2402 3055 2672 3112 Essentia
2721 3073 2860 3130 ergo
2905 3073 3075 3129 agere
3133 3057 3370 3126 dicitur,
3403 3057 3544 3130 quia

1888 3145 2156 3212 scientia,
2187 3145 2359 3216 quasi
2390 3145 2649 3201 essentia
2695 3145 2916 3201 dicitur
2959 3146 3190 3202 animis.
3241 3147 3288 3202 A
3317 3146 3544 3219 potiore

1891 3233 2073 3305 igitur
2102 3239 2266 3305 parte
2310 3238 2566 3290 mentem
2616 3234 2974 3308 appellavit:
3022 3235 3161 3307 quia
3217 3235 3375 3292 enim
3407 3240 3542 3293 actu

1891 3323 2013 3379 sive
2041 3322 2302 3379 efficacia
2355 3328 2633 3395 operatur
2691 3341 2881 3391 mens,
2912 3328 2970 3380 et
3026 3340 3162 3380 cum
3223 3324 3304 3380 sit
3349 3328 3542 3398 actus,

1891 3417 2188 3484 operatur,
2220 3417 2456 3485 prastat
2485 3418 2683 3469 autem
2714 3413 2774 3469 in
2819 3414 3099 3470 omnibus
3127 3413 3278 3470 actio
3312 3419 3372 3472 et
3398 3415 3542 3472 sub-

1890 3502 2145 3568 stantia;
2178 3518 2308 3557 eam
2341 3502 2415 3558 ob
2447 3518 2592 3569 rem,
2633 3517 2768 3558 cum
2817 3503 3149 3574 signiﬁcare
3178 3503 3373 3572 vellet,
3405 3508 3542 3561 actu

1890 3595 2146 3646 mentem
2179 3607 2370 3663 agere,
2395 3590 2542 3646 dixit
2572 3591 2852 3662 essentia,
2884 3609 2919 3647 a
2951 3591 3161 3664 potiori
3191 3597 3474 3666 tanquam
3505 3610 3541 3649 a

1890 3696 2100 3754 genere
2149 3679 2552 3752 praestantiore
2598 3683 2788 3736 totum
2837 3681 3180 3753 designans,
3221 3686 3288 3738 ut
3343 3683 3541 3739 Teucer

1888 3768 2117 3824 charum
2146 3773 2336 3840 caput.
2369 3768 2488 3824 Hoc
2525 3768 2706 3840 igitur
2733 3769 3002 3824 convenit
3031 3770 3212 3825 menti
3240 3769 3538 3838 humanm,

1891 3875 2018 3930 quis
2049 3863 2216 3913 actus
2247 3861 2354 3913 est.
2401 3857 2546 3914 Cum
2596 3857 2753 3913 enim
2785 3863 2952 3914 actus
2985 3857 3082 3929 sit,
3132 3857 3446 3931 intelligit;
3481 3864 3543 3916 at

1891 3963 2019 4019 qua;
2053 3946 2214 4016 foris,
2247 3946 2380 4001 inde
2410 3951 2575 4002 actus
2607 3952 2716 4011 est,
2747 3951 2805 4002 et
2833 3946 3072 4002 tertium
3105 3946 3219 4017 ipsi
3251 3948 3545 4019 convenit,

1892 4035 2033 4107 quia
2061 4051 2230 4091 mens
2261 4051 2495 4107 semper
2525 4034 2826 4107 intelligit,
2861 4052 2976 4091 non
3009 4040 3074 4092 ut
3107 4035 3369 4094 Plotinus
3398 4037 3550 4094 arbi-

1889 4129 2100 4191 tratur,
2135 4125 2273 4196 quia
2303 4140 2557 4196 semper,
2591 4124 2650 4179 in
2697 4124 2997 4192 omnibus,
3029 4123 3389 4182 omnimodis
3419 4126 3548 4198 ipsa

1895 4213 2190 4286 intelligit.
2223 4213 2350 4269 Non
2381 4215 2538 4270 enim
2571 4230 2756 4269 unum
2790 4230 3194 4282 numerorum,
3249 4214 3351 4286 qui
3381 4231 3550 4271 mens

1893 4302 2134 4372 dicitur,
2160 4319 2394 4374 semper
2423 4302 2676 4374 cogitat:
2709 4302 2810 4358 sed
2843 4302 2983 4374 quia
3012 4302 3293 4372 humana,
3326 4321 3453 4376 qua:
3488 4304 3549 4360 in

1895 4391 2168 4448 universo
2201 4393 2423 4448 mundo
2455 4397 2546 4449 est
2593 4408 2782 4461 mens,
2828 4407 3058 4464 semper
3097 4391 3390 4464 intelligit.
3425 4391 3553 4448 Etsi
3625 4417 3640 4428 -

1895 4481 2053 4537 enim
2088 4496 2190 4551 ego
2221 4497 2336 4536 non
2385 4481 2597 4554 cogito,
2629 4481 2782 4537 alius
2832 4484 3030 4537 tamen
3060 4481 3300 4553 cogitat,
3332 4485 3388 4537 et
3418 4497 3553 4538 suo-

1821 4592 1866 4656 D
1896 4570 2160 4626 cessione
2191 4586 2258 4626 ao
2278 4569 2510 4626 vicibus
2532 4571 2597 4626 fit
2617 4569 2892 4642 cogitatio
2915 4569 3306 4626 intellectione
3335 4571 3552 4642 sempi-

1896 4663 2084 4726 terna,
2118 4675 2189 4714 ne
2225 4659 2320 4714 Dei
2346 4661 2500 4732 apud
2534 4675 2642 4716 nos
2673 4658 2954 4730 splendor
2982 4658 3240 4729 deficiat,
3270 4659 3373 4730 qui
3405 4675 3557 4716 sem-

1895 4765 1998 4821 per
2027 4746 2354 4820 intelligere
2386 4747 2624 4818 dicitur,
2657 4746 2798 4818 quia
2827 4762 3064 4818 semper
3091 4745 3421 4819 intelligere
3446 4764 3549 4820 po-

1895 4841 2048 4892 test:
2084 4835 2184 4907 qui
2216 4836 2375 4892 enim
2420 4843 2613 4892 mente
2643 4851 2746 4892 seu
2779 4833 3080 4891 intellectu
3131 4835 3411 4907 praditus
3440 4840 3552 4904 est,

1897 4925 2157 4997 qualibet
2183 4925 2327 4980 hora
2359 4925 2654 4996 intelligit.
2690 4924 2808 4980 Hoc
2839 4924 3038 4995 itaque
3067 4923 3340 4979 humanis
3373 4923 3558 4980 menti

1901 5015 2093 5070 inest:
2128 5029 2296 5069 mens
2327 5013 2486 5069 enim
2521 5030 2648 5084 quae
2699 5011 2862 5083 foris,
2912 5027 3159 5067 numero
3192 5028 3307 5066 una
3346 5026 3404 5068 et
3433 5011 3558 5066 sin-

1903 5101 2124 5174 gularis
2157 5103 2355 5157 omnia
2387 5100 2684 5173 intelligit.
2723 5101 2836 5158 Sed
2894 5101 2966 5156 de
3009 5099 3103 5156 his
3152 5100 3461 5157 hactenus.
3495 5104 3557 5156 In

1906 5208 2022 5246 uno
2055 5191 2313 5260 homine,
2346 5195 2632 5264 potestate
2689 5193 2921 5256 natura,
2956 5189 3120 5261 prius
3166 5194 3256 5245 est
3311 5193 3470 5255 actu,
3503 5194 3565 5245 at

1908 5298 2024 5336 non
2060 5281 2117 5334 in
2151 5284 2270 5335 toto
2295 5281 2515 5336 mundo
2541 5298 2553 5336 :
2582 5296 2714 5335 nam
2745 5280 2804 5334 in
2832 5283 2952 5335 toto
2979 5279 3296 5342 mundo,ut
3317 5279 3560 5351 quidam

1909 5369 2096 5436 aiunt,
2132 5385 2244 5424 non
2277 5375 2366 5425 est
2393 5369 2688 5441 posterius
2747 5367 2860 5424 alio
2891 5383 3082 5439 neque
3137 5367 3339 5439 prius;
3375 5384 3566 5441 neque

1909 5458 2062 5530 quod
2116 5463 2206 5512 est
2259 5462 2565 5531 potestate,
2610 5473 2677 5514 eo
2735 5457 2890 5530 quod
2946 5461 3116 5524 actu;
3173 5473 3362 5529 neque
3410 5457 3564 5529 quod

3165 5782 3244 5842 34
