4060 6348
490 332 651 400 ’106⁸1

1840 316 2257 391 moments
2304 314 2567 386 psam

3758 320 3907 380 {068

494 473 651 540 actu,
684 483 752 525 eo
795 467 951 540 quod
1007 467 1099 522 est
1149 466 1461 538 potestate.
1501 462 1561 520 Si
1620 462 1804 531 enim,
1834 465 1900 518 ut
1955 461 2144 518 sensit

2263 456 2284 512 Β
2332 457 2458 518 νοῦς
2493 452 2669 519 ἆῒδιος
2716 453 2950 528 λέγεται,
2996 454 3073 516 ὡς
3116 453 3209 508 καὶ
3257 450 3434 517 ἀΐδιος
3477 453 3567 508 καὶ
3612 453 3907 540 ἀθάνατος.

499 557 863 620 Aristoteles,
898 555 1157 611 mundus
1205 557 1294 608 est
1340 556 1614 622 aeternus,
1665 551 1864 607 nullus
1913 556 2001 607 est
2032 549 2144 606 alio

500 650 687 722 prius,
720 648 822 702 sed
854 645 1118 715 ejusdem
1140 642 1423 714 temporis
1446 636 1585 697 sunt
1614 642 1831 697 omnia.
1858 641 2001 696 Cum
2034 639 2143 711 igi-

495 743 597 793 tur
625 738 895 807 separata
927 748 1091 789 mens
1112 740 1165 787 et
1189 731 1513 786 secundum
1546 738 1739 786 actum
1773 730 1947 785 fuerit
1973 734 2145 783 :tunc

497 828 563 881 fit
591 826 647 880 id
683 823 837 896 quod
870 826 995 889 est;
1028 821 1137 877 hoc
1182 826 1270 875 est
1300 820 1538 892 propria
1582 835 1790 874 mens:
1840 818 2016 889 idque
2047 833 2143 872 so-

496 915 619 971 lum
650 921 706 970 et
737 910 1069 968 immortale
1099 914 1155 965 et
1184 915 1467 965 aeternum
1518 914 1623 964 est.
1661 910 1728 963 At
1759 908 1958 962 anima
2004 906 2143 961 bru-

496 1010 690 1061 torum
748 1006 805 1057 et
860 1001 1191 1073 plantarum
1251 1004 1531 1069 perpetua
1586 997 1846 1070 quidem,
1879 995 1983 1051 sed
2029 1012 2143 1050 non

497 1100 728 1150 eterna.
767 1090 1125 1147 Immortalis
1153 1105 1289 1145 vero
1320 1105 1422 1144 seu
1454 1092 1735 1159 perpetua
1766 1086 2001 1152 dicitur,
2034 1085 2142 1140 etsi

499 1181 897 1255 corruptibilis
946 1185 1003 1235 et
1057 1195 1171 1234 non
1232 1183 1449 1233 aeterna
1504 1181 1798 1242 censetur,
1856 1176 1997 1246 quia
2027 1192 2141 1230 non

499 1276 793 1345 quatenus
824 1269 1023 1326 anima
1051 1275 1137 1324 est
1168 1265 1585 1337 corrumpitur,
1620 1265 1720 1320 sed
1745 1269 2037 1337 quatenus
2056 1268 2147 1319 est

495 1362 555 1417 in
589 1374 864 1432 corpore:
913 1373 1094 1429 quare
1141 1361 1198 1412 et
1244 1355 1405 1410 Plato
1455 1369 1690 1409 omnem
1743 1352 2003 1408 animam
2035 1352 2146 1407 im-

497 1449 803 1506 mortalem
835 1448 1015 1502 dicit:
1079 1445 1232 1518 quod
1294 1444 1365 1499 de
1419 1446 1722 1515 vegetante
1774 1446 1830 1497 et
1861 1441 2147 1496 sentiente

498 1539 658 1594 dicit.
710 1539 754 1593 E
803 1536 1050 1605 diverso,
1108 1534 1353 1589 materia
1394 1537 1609 1587 aeterna
1640 1536 1747 1601 est,
1799 1534 1858 1585 at
1887 1547 2001 1584 non
2034 1530 2143 1584 im-

500 1626 765 1685 mortalis
793 1642 973 1698 quare
1004 1639 1172 1679 mens
1199 1625 1415 1678 aeterna
1445 1620 1681 1687 dicitur,
1715 1622 1779 1673 ut
1812 1622 1869 1674 et
1899 1618 2145 1672 immor-

496 1718 717 1775 talitas.
746 1714 840 1771 Ait
870 1718 1145 1786 praeterea
1176 1728 1207 1766 a
1241 1727 1417 1767 sensu
1438 1713 1494 1764 et
1523 1706 1911 1779 intelligentia
1935 1707 2146 1763 discre-

497 1822 637 1879 pare
666 1800 1215 1877 phantasiam,quia
1245 1800 1368 1855 haec
1399 1798 1703 1868 interjecta
1732 1800 1838 1865 est,
1873 1795 1985 1851 illaa
2006 1812 2142 1852 vero

493 1894 769 1966 utrinque
801 1908 863 1948 se
895 1891 1153 1946 habent:
1189 1906 1222 1944 a
1244 1904 1422 1944 sensu
1453 1886 1609 1940 enim
1638 1885 1957 1956 phantasia:
1990 1886 2144 1956 prin-

494 1983 715 2056 cipium
748 1985 839 2037 est
868 1998 881 2036 :
915 1979 1052 2034 huic
1104 1978 1263 2033 enim
1310 1992 1523 2031 sensus
1570 1974 1803 2029 initium
1855 1974 1976 2039 dat,
2009 1974 2145 2030 huic

494 2087 629 2127 vero
651 2068 1069 2139 intelligentiae.
1104 2065 1252 2121 Nam
1286 2068 1413 2120 sine
1446 2062 1776 2135 phantasia,
1808 2080 1922 2118 non
1957 2066 2149 2134 potest

497 2158 836 2215 intellectus
869 2170 1037 2227 agere
1060 2178 1074 2222 ;
1107 2154 1329 2223 hocque
1350 2156 1439 2207 est
1460 2151 1943 2223 phantaslm,cum
1968 2167 2145 2206 sensu

501 2254 560 2305 et
578 2247 876 2303 intellectu
896 2243 1233 2299 discrimen.
1258 2241 1561 2311 Opinionis
1586 2246 1861 2313 praeterea
1884 2250 1935 2296 et.
1960 2240 2144 2313 phan-

502 2337 667 2393 tasia:
703 2332 1091 2389 differentiam
1125 2330 1415 2404 proponit,
1449 2331 1587 2402 quia
1616 2330 1935 2385 informare
1978 2330 2148 2385 nobis

501 2440 636 2481 cum
668 2423 810 2479 libet
837 2427 895 2478 et
925 2420 1227 2494 quodlibet
1257 2436 1591 2492 possumus.
1639 2419 1840 2474 Trium
1872 2419 2029 2474 enim
2059 2418 2148 2475 vel

497 2512 705 2585 viginti
764 2510 1072 2566 cubituum
1134 2509 1430 2565 hominem
1478 2509 1733 2581 cogitare
1818 2512 1875 2563 et
1933 2509 2149 2580 fingere

498 2617 819 2675 possumus
838 2617 851 2667 ;
869 2604 992 2655 tum
1006 2603 1065 2655 et
1076 2598 1487 2671 tragelaphum
1503 2602 1562 2653 et
1584 2598 2147 2670 hippocentaurum:

498 2695 558 2749 at
581 2689 807 2761 Opinari
840 2705 967 2761 qua:
1017 2687 1178 2753 libet,
1230 2688 1403 2760 plane
1449 2703 1566 2742 non
1616 2702 1954 2758 possumus.
2001 2685 2146 2743 Nam

2252 547 2371 601 Ἔτι
2430 543 2563 622 φησέ
2610 542 2878 623 διαφέρειν
2934 544 3222 621 φαντασίαν
3273 543 3576 612 αἰσθήσεως
3627 540 3719 596 καὶ
3790 538 3908 595 δια-

2254 634 2424 704 νοίας,
2472 634 2607 697 καθὸ
2672 636 2706 702 ἡ
2766 633 2860 705 μὲν
2910 631 3045 705 μὲση
3099 632 3303 686 τούτων
3369 630 3505 700 ἐστὶ,
3546 630 3612 683 τὰ
3660 627 3721 684 δὲ
3785 630 3908 700 παρ’

2254 722 2479 798 ἑκάτερα
2513 738 2528 753 '
2576 719 2802 797 ἄρχεται
2857 721 2951 794 μὲν
3009 721 3110 795 γὰρ
3162 722 3197 790 ἡ
3255 719 3521 798 φαντασία
3548 718 3657 772 ἀπὸ
3683 724 3787 787 τῆς
3821 718 3901 771 αῗ-

2255 813 2497 882 σθήσεως
2527 830 2539 843 ·
2575 810 2752 887 ἀρχὰς
2811 811 2914 885 γὰρ
2961 812 2996 878 ἡ
3046 805 3294 880 αἶ’τθησις
3345 806 3536 863 δίδωσι
3580 812 3651 881 τῇ
3713 827 3907 885 φαντα-

2253 900 2342 971 σίᾳ
2374 918 2388 932 ⁶
2421 898 2596 969 ἐκείνη
2630 897 2688 954 δὲ
2714 902 2783 972 τῇ
2843 896 3054 969 διανοίᾳ
3100 897 3275 973 ἀρχὰς
3328 894 3569 953 δίδωσιν.
3600 898 3761 952 ’Ἄνευ
3808 896 3909 970 γὰρ

2255 988 2545 1066 φαντασίας
2592 987 2652 1042 ού
2713 984 2931 1041 δύναται
2971 989 3006 1055 ἡ
3045 983 3257 1040 διάνοια
3303 984 3609 1059 ἐνεργῆσαι.
3644 984 3752 1040 Καὶ
3783 983 3912 1037 ταύο

2252 1098 2320 1151 τῃ
2356 1074 2591 1153 διαφίρει
2647 1074 2909 1153 φαντασία
2956 1075 3259 1143 αὶσθήσεως
3316 1074 3403 1128 καὶ
3463 1071 3723 1136 διανοίας.
3774 1073 3912 1147 Πρὸς

2254 1165 2467 1227 τούτοις
2499 1164 2647 1239 λέγει
2680 1161 2841 1237 δόξης
2869 1165 2960 1218 καὶ
3001 1164 3294 1241 φαντασίας
3328 1160 3590 1240 διαφοράς
3624 1180 3637 1192 ·
3673 1161 3760 1216 ὅτι
3793 1182 3913 1239 φαν-

2250 1254 2509 1322 τασθῆναι
2550 1254 2645 1325 μὶν
2689 1251 2781 1307 ὅτε
2807 1252 2895 1307 καὶ
2927 1248 3159 1324 θὲλομεν
3190 1248 3483 1323 δυνάμεθα.
3520 1251 3619 1306 Καὶ
3655 1251 3765 1324 γὰρ
3797 1250 3911 1321 τρί-

2252 1362 2439 1417 πηχυν
2495 1341 2584 1396 καὶ
2639 1340 3012 1415 εἷκοσάπηχυν
3065 1336 3348 1413 ἄνθρωπον
3400 1338 3779 1417 φανταζόμεθα
3824 1337 3912 1392 καὶ

2255 1427 2530 1503 δυνάμεθα
2558 1426 2965 1484 ἀναπλάσασθαι
3007 1428 3094 1482 καὶ
3141 1426 3486 1504 τραγέλαφον
3529 1427 3620 1481 καὶ
3651 1427 3911 1481 ἱπποκέν-

2253 1538 2451 1593 ταυρον
2476 1563 2487 1573 .
2512 1515 2727 1590 δοξάσαι
2748 1514 2804 1571 δὲ
2828 1515 2861 1570 ἃ
2892 1514 3146 1588 θὲλομεν,
3175 1515 3237 1570 ού
3270 1515 3485 1579 πάντως
3514 1513 3811 1588 δύναμεθα,
3836 1516 3912 1571 Τὸ

2255 1609 2359 1683 γὰρ
2392 1605 2472 1668 δὶς
2504 1604 2599 1661 δύο
2626 1606 2796 1661 εἰπεῖν
2843 1606 2936 1679 μὶν
2986 1602 3111 1659 δέκα
3159 1602 3453 1678 δυνάμεθα,
3495 1601 3711 1677 δοξάσαι
3763 1601 3821 1658 δὲ
3851 1604 3910 1657 ού

2258 1693 2548 1768 δυνάμεθα,
2582 1695 2720 1751 ὥστε
2767 1697 2801 1764 ἠ
2856 1695 2950 1767 μὶν
3003 1694 3260 1771 φαντασία
3318 1693 3401 1769 ἐφ’
3430 1696 3590 1766 ἡμῖν,
3620 1695 3655 1761 ἡ
3692 1691 3752 1747 δὲ
3782 1690 3905 1763 δόξα

2257 1784 2357 1840 οὐκ
2384 1785 2465 1862 ἐφ’
2506 1787 2663 1858 ἡμῖν·
2724 1784 2789 1841 Εἴ
2841 1780 2897 1838 δὲ
2947 1781 3030 1838 δεῖ
3082 1782 3299 1853 ταληθῆ
3355 1782 3548 1848 εἰπεῖν,
3599 1780 3727 1836 οὐδὲ
3775 1803 3909 1859 φανο

2175 1846 2686 1951 Βτασίαιίῐιι›”ίήμῖν
2734 1872 2874 1927 ἰστιν
2910 1892 2922 1903 ο
2959 1874 2993 1941 ἡ
3044 1872 3146 1947 γὰρ
3178 1846 3229 1926 tv
3287 1846 3368 1944 τῷ
3424 1846 3701 1936 καθεύδειν
3770 1846 3911 1945 favo.

2259 1960 2415 2036 μάνη,
2449 1962 2552 2016 οὐκ
2580 1961 2661 2039 ἐφ’
2688 1963 2845 2034 ἡμῖν.
2879 1960 2955 2018 Οὐ
2996 1961 3097 2036 γὰρ
3144 1960 3175 2015 ἃ
3229 1959 3461 2033 θελομεν
3495 1959 3548 2015 tv
3570 1966 3687 2021 τοῖς
3717 1956 3910 2021 ὕπνοις

2255 2050 2629 2126 φανταζόμεθα
2680 2070 2694 2085 ο
2744 2051 2832 2105 καὶ
2882 2050 2934 2104 τί
2984 2048 3127 2126 λέγω
3181 2049 3233 2103 ἐν
3280 2054 3359 2119 τῷ
3407 2046 3730 2118 καθεύδεινς
3784 2047 3913 2104 ἀλλ’

2255 2136 2378 2194 οὕτε
2406 2145 2549 2193 πᾶσα
2598 2137 2649 2194 tv
2674 2143 2754 2211 τῷ
2800 2138 3172 2214 ἐγρηγορὰναι.
3234 2139 3363 2195 Ὅτε
3398 2139 3502 2213 γὰρ
3544 2139 3611 2192 τὰ
3659 2133 3790 2192 ὄντα
3839 2139 3913 2199 ὡς

2256 2223 2381 2281 ὄντα
2422 2226 2820 2305 φανταζόμεθα,
2878 2228 2941 2282 ού
3003 2225 3293 2299 δυνάμεθα,
3354 2226 3403 2281 εἴ
3463 2228 3538 2300 μή
3592 2227 3668 2290 ὡς
3696 2224 3911 2301 ἔχουσι,

2255 2316 2607 2394 φαντάζεσθαι
2667 2315 2821 2371 αὐτά.
2884 2318 3014 2373 Οἷον
3090 2316 3150 2369 τὸ
3234 2315 3530 2391 Σωκράτην
3586 2311 3642 2370 εἷ’
3692 2320 3914 2389 προθῶ-

2260 2425 2355 2477 μαι
2386 2406 2464 2477 (9)
2505 2403 2883 2481 φαντάζεσθαι,
2942 2402 3004 2459 οὗ
3062 2401 3337 2476 δυνάμεθα
3395 2404 3554 2459 αὐτὸν
3602 2410 3912 2481 φαντασθῆ-

2255 2514 2341 2548 ναι
2372 2494 2583 2548 ἀστεῖον
2613 2494 2703 2548 καὶ
2757 2491 2947 2548 λευκὸν
3015 2492 3104 2547 καὶ
3158 2496 3439 2565 κομῶντα,
3494 2491 3639 2548 ἀλλὰ
3693 2494 3917 2553 πάντως

2257 2580 2535 2661 φαλακρὸν
2585 2582 2675 2637 καὶ
2718 2580 2925 2654 μέλανα
2972 2582 3061 2635 καὶ
3106 2582 3471 2657 προγάστορα,
3506 2580 3645 2636 ὥστε
3683 2583 3717 2651 ἡ
3762 2582 3917 2657 ἀκρι-

2258 2666 2362 2740 ϐὴς
2395 2667 2627 2746 διαφορὰ
2657 2670 2792 2741 αὕτη
2816 2670 2979 2725 ἐστίν.

496 2780 591 2837 bis
623 2779 760 2849 duo,
792 2779 990 2834 decem
1024 2777 1213 2832 dicere
1245 2792 1605 2849 possumus:
1638 2775 1977 2831 existimare
2008 2782 2200 2833 autem
2236 2796 2351 2835 non
2386 2796 2726 2852 possumus,
2758 2784 2822 2835 ut
2867 2780 2927 2835 in
2960 2784 3159 2834 nostra
3209 2783 3494 2851 potestate
3538 2779 3615 2833 sit
3646 2777 3913 2849 phanta-

499 2869 610 2934 sia,
644 2883 757 2924 non
790 2866 926 2922 item
959 2865 1296 2937 opinio.Sed
1329 2864 1378 2919 si
1407 2880 1611 2921 verum
1632 2881 1924 2932 amamus,
1951 2881 2139 2937 neque
2161 2869 2346 2925 nostri
2376 2873 2467 2925 est
2487 2868 2713 2925 arbitrii
2737 2868 3086 2941 phantasia:
3121 2884 3257 2923 nam
3283 2885 3411 2938 qua:
3433 2868 3602 2923 nobis
3623 2868 3918 2923 eveniunt

501 2956 953 3020 dormientibus,
988 2970 1103 3010 non
1154 2959 1243 3010 eet
1274 2957 1484 3009 nostra
1533 2952 1801 3025 spontis;
1838 2970 1951 3009 non
2001 2955 2157 3011 enim
2188 2974 2311 3028 qua
2365 2957 2641 3014 volumus
2671 2974 2739 3014 ea
2784 2957 2842 3013 in
2878 2957 3103 3013 somnis
3158 2958 3587 3029 imaginamur:
3620 2956 3762 3028 quid
3800 2973 3911 3012 au-

500 3050 621 3103 tem
652 3045 710 3101 in
743 3043 1018 3102 somnis?
1042 3043 1145 3099 sed
1174 3058 1360 3113 neque
1389 3041 1771 3114 vigilantibus
1820 3043 2014 3113 nobis,
2048 3046 2242 3102 omnis
2288 3051 2377 3103 est
2401 3047 2463 3102 in
2496 3053 2700 3104 nostra
2743 3051 3028 3119 potestate
3081 3045 3431 3118 phantasia:
3466 3062 3597 3101 cum
3627 3045 3791 3101 enim
3827 3062 3913 3111 ea,

504 3150 636 3208 quae
665 3137 823 3203 sunt,
857 3138 921 3189 ut
952 3148 1082 3205 quae
1116 3136 1259 3188 sunt
1288 3131 1639 3201 cogitamus,
1674 3147 1791 3186 non
1826 3148 2166 3203 possumus,
2199 3134 2312 3191 nisi
2342 3140 2407 3191 ut
2435 3141 2577 3191 sunt
2604 3152 2672 3192 ea
2702 3136 2981 3208 cogitare.
3016 3133 3087 3191 Ut
3116 3134 3165 3189 si
3198 3134 3368 3190 nobis
3397 3138 3689 3189 Socratem
3721 3134 3915 3189 infor-

505 3239 761 3287 memus,
794 3219 1079 3294 lepidum,
1110 3220 1308 3276 album
1342 3224 1401 3275 et
1429 3218 1792 3275 comatulum
1825 3220 1997 3275 nobis
2030 3221 2225 3293 ipsum
2260 3224 2576 3280 informare
2607 3241 2721 3280 non
2784 3240 3124 3296 possumus,
3156 3225 3257 3278 sed
3306 3222 3560 3290 calvum,
3593 3224 3834 3293 nigrum
3867 3228 3919 3277 et

506 3313 684 3370 obeso
713 3315 933 3377 ventre,
969 3310 1122 3382 quod
1156 3314 1495 3365 accuratum
1531 3307 1850 3364 discrimen
1882 3314 1993 3365 est.

576 3405 719 3456 Cum
751 3400 809 3455 id
867 3415 1062 3469 omne,
1120 3398 1332 3470 inquit,
1384 3398 1541 3469 quod
1602 3402 1885 3466 movetur,
1920 3399 1976 3453 in
2025 3398 2148 3456 loco
2179 3404 2224 3469 C

503 3506 654 3561 esse,
684 3489 941 3545 afﬁrmat
968 3486 1330 3552 Aristoteles,
1358 3485 1569 3542 cmlum
1597 3486 1985 3542 inerrantium
2010 3488 2147 3543 stel-

500 3578 693 3636 larum
726 3576 943 3633 moveri
993 3577 1248 3645 fatetur;
1298 3579 1359 3631 at
1389 3574 1449 3630 in
1500 3574 1626 3631 loco
1658 3592 1786 3631 esse
1836 3581 2028 3648 negat,
2061 3575 2147 3632 vel

504 3668 644 3740 quia
674 3666 781 3723 etsi
816 3683 931 3721 non
976 3668 1191 3737 totum,
1242 3669 1307 3721 ut
1352 3668 1570 3730 totum,
1618 3665 1718 3721 sed
1769 3665 1909 3736 quia
1954 3670 2149 3736 partes

503 3756 692 3826 ipsius
723 3754 781 3810 in
817 3755 962 3822 loco,
997 3771 1111 3810 non
1157 3754 1297 3825 quia
1344 3758 1493 3809 natae
1524 3755 1646 3809 sint
1694 3770 1809 3809 non
1841 3753 2149 3819 contineri,

503 3845 603 3901 sed
633 3844 773 3916 quia
802 3860 983 3916 supra
1008 3843 1169 3915 ipsas
1192 3842 1420 3898 nullum
1443 3847 1533 3899 est
1553 3847 1856 3913 corpus,ut
1884 3848 1941 3899 et
1960 3847 2150 3898 totum

507 3950 638 3990 cum
670 3933 801 4006 ipso
828 3933 885 3988 in
918 3950 980 3989 se
1026 3933 1431 3988 concludatur.
1476 3937 1537 3987 In
1589 3933 1789 3988 anima
1838 3949 1972 3989 vero
2006 3933 2151 3990 nihil

506 4028 597 4080 est
626 4021 943 4093 ejusmodi,
974 4022 1073 4077 sed
1122 4022 1252 4092 ejus
1306 4028 1515 4077 natura
1560 4025 1668 4089 est,
1719 4038 1835 4077 non
1867 4023 2152 4079 contineri

506 4110 656 4168 loco.

576 4199 792 4256 Anima
821 4212 924 4271 per
978 4214 1040 4254 se
1096 4198 1343 4254 immota
1398 4202 1525 4254 est:
1581 4215 1651 4254 ex
1703 4199 1988 4256 accidenti
2019 4218 2153 4257 vero

506 4288 619 4345 dici
643 4287 831 4360 possit
850 4286 1106 4359 seipsam
1141 4303 1394 4354 movere,
1423 4286 1598 4358 idque
1620 4287 1743 4343 solo
1775 4295 1936 4345 motu
1962 4290 2033 4346 ad
2066 4289 2152 4346 lo-

506 4392 681 4434 cum:
710 4376 947 4445 quando
977 4375 1134 4431 enim
1181 4375 1307 4447 ipsa
1338 4392 1552 4448 corpus
1604 4383 1813 4445 movet,
1848 4384 1904 4434 et
1934 4379 1988 4433 in
2025 4379 2152 4451 ipso

506 4469 686 4523 sunt:
719 4482 845 4536 qua:
877 4469 1204 4532 moventur,
1231 4470 1387 4520 moto
1419 4482 1677 4538 corpore,
1705 4483 1837 4523 cum
1870 4484 1936 4523 eo
1963 4484 2151 4525 move-

506 4554 687 4611 bitur.
721 4556 925 4626 ltaque
954 4553 1281 4610 secundum
1334 4554 1609 4611 accidens
1640 4556 1891 4627 seipsam
1941 4562 2150 4626 movet,

507 4644 644 4718 quia
674 4660 904 4715 corpus,
936 4643 996 4699 in
1028 4660 1145 4716 quo
1175 4655 1303 4712 est;
1334 4649 1394 4700 at
1424 4661 1526 4715 per
1556 4661 1619 4702 se
1651 4652 1705 4701 et
1734 4662 1797 4701 se
1828 4649 2150 4703 secundum

509 4733 927 4800 substantiam,
978 4748 1167 4806 neque
1201 4737 1485 4802 movetur,
1538 4751 1725 4805 neque
1757 4738 1816 4790 in
1866 4735 1992 4791 loco
2026 4741 2151 4793 est:

510 4827 671 4879 motu
727 4821 906 4894 igitur
963 4822 1034 4879 ad
1089 4822 1284 4878 locum
1343 4839 1414 4878 ex
1468 4822 1752 4878 accidenti
1813 4840 2043 4881 movere
2092 4841 2155 4881 se

509 4912 705 4969 anima
734 4911 848 4968 dici
882 4916 1092 4984 potest,
1122 4911 1236 4967 alio
1262 4916 1538 4984 praeterea
1560 4911 1742 4968 nullo.
1776 4912 1977 4985 Neque
1997 4915 2151 4970 enim

511 5006 736 5059 mutato
766 5016 1008 5074 corpore
1055 5000 1425 5069 immutatur,
1459 5001 1560 5057 sed
1614 5017 1717 5057 nec
1748 5007 2014 5074 augetur,
2048 5020 2153 5061 nec

509 5090 819 5147 minuitur.

579 5179 892 5234 Brutorum
923 5182 981 5233 et
1010 5177 1346 5249 plantarum
1402 5178 1663 5234 animam
1696 5195 1928 5251 quoque
1973 5197 2154 5253 saepe-

506 5283 752 5323 numero
782 5272 949 5323 vocat
1004 5266 1367 5335 Aristoteles,
1399 5273 1456 5323 et
1498 5284 1631 5323 cum
1691 5268 1962 5324 rationali
1994 5286 2153 5326 com-

504 5353 834 5425 prehendit.
867 5354 1031 5425 Saepe
1060 5370 1194 5410 vero
1244 5356 1428 5411 solam
1473 5354 1625 5410 hanc
1673 5356 1931 5411 animam
1963 5363 2151 5423 vocat,

502 5444 797 5500 interdum
829 5443 1005 5499 etiam
1040 5449 1295 5499 mentem
1328 5444 1587 5501 animam
1616 5444 1892 5516 appellat,
1942 5463 2149 5502 rursus

581 5638 657 5709 (9)
690 5639 821 5712 Leg.
846 5639 1201 5714 προθώμεθα.

2332 3402 2455 3458 ’Ότι
2486 3422 2602 3464 πως
2633 3400 2786 3475 φησὶ,
2837 3398 3010 3475 λὲγων
3058 3395 3468 3475 Ἀριστοτέλης,
3510 3402 3613 3453 πᾶν
3640 3397 3704 3452 τὸ
3730 3396 3915 3453 κινού-

2261 3511 2421 3563 μενον
2455 3489 2506 3544 tv
2536 3491 2690 3563 τόπῳ
2719 3490 2811 3562 μὶν
2872 3488 3031 3561 εἶναι,
3088 3488 3249 3550 αὐτὸς
3308 3488 3406 3556 τήν
3467 3484 3708 3556 ἀπλανῆ,
3738 3508 3913 3542 κινουο

2264 3579 2431 3651 μὲνην
2465 3580 2560 3652 μὶν
2595 3577 2882 3654 ὁμολογεῖ,
2917 3571 2995 3631 ἔν’
3018 3577 3173 3649 τόπῳ
3200 3573 3259 3631 δὲ
3292 3576 3366 3650 μὴ
3402 3578 3538 3631 εἷναι
3577 3592 3590 3607 ·
3626 3572 3661 3644 ἤ
3697 3570 3783 3629 ὅτι
3818 3573 3908 3630 κᾶν

2263 3668 2338 3740 μὴ
2368 3663 2472 3737 ὅλη
2509 3668 2584 3731 ὡς
2612 3666 2740 3737 ὅλη,
2792 3664 2918 3721 ἀλλ’
2972 3661 3053 3719 ὅτι
3103 3665 3171 3720 τὰ
3224 3665 3360 3738 μέρη
3420 3662 3586 3733 αὐτῆς
3612 3662 3663 3718 tv
3706 3665 3865 3735 τόπῳ
3898 3682 3908 3694 ·

2260 3756 2371 3831 οὐχ
2398 3755 2480 3811 ὅτι
2506 3758 2709 3834 πὲφυκε
2752 3757 2827 3828 μὴ
2859 3754 3207 3831 περιέχεσθαί
3240 3776 3250 3785 ·
3286 3750 3416 3808 ἀλλ’
3447 3752 3530 3807 ὅτι
3564 3754 3637 3825 μὴ
3671 3752 3914 3809 ἐπέκεινα

2259 3845 2427 3915 αὐτῆς
2458 3846 2618 3918 σῶμά
2658 3845 2797 3900 ὶστιν
2833 3864 2846 3877 °
2873 3842 2965 3899 ἵνα
3003 3844 3091 3899 καὶ
3135 3843 3199 3899 τὸ
3244 3847 3346 3897 πᾶν
3386 3840 3521 3916 αύτῇ
3570 3842 3915 3917 περικοιλαί-

2260 3953 2415 4005 νηται
2447 3932 2498 3988 tv
2536 3932 2702 4005 αὐτῷ.
2745 3933 2867 3989 Ἐπὶ
2901 3931 2958 3988 δὲ
3014 3935 3200 4007 ψυχῆς
3251 3928 3405 3985 ούδὶν
3454 3930 3702 3985 τοιοῦτόν
3749 3930 3919 3997 ἐστιν,

2260 4021 2388 4079 ἀλλ’
2443 4025 2479 4092 ἡ
2537 4021 2691 4101 φύσις
2750 4021 2916 4091 αὐτῆς
2976 4021 3087 4075 ἐστι
3138 4020 3201 4075 τὸ
3252 4020 3329 4092 μὴ
3378 4018 3535 4091 τόπῳ
3583 4021 3916 4094 περιγράφει

2263 4113 2404 4169 σθαι,

2334 4201 2453 4258 Ὀτι
2503 4202 2537 4269 ἡ
2598 4200 2751 4275 ψυχή
2810 4198 2929 4253 καθ’
2982 4197 3176 4267 ἑαυτὴν
3238 4195 3492 4269 ἀκίνητός
3553 4194 3659 4252 ἐστι
3699 4216 3712 4228 ·
3780 4196 3917 4252 κατὶ

2265 4283 2611 4361 συμϐεϐηκὸς
2670 4285 2727 4342 δὶ
2776 4287 2971 4355 ἑαυτὴν
3032 4291 3196 4341 κινεῖν
3249 4285 3451 4361 λέγοιτ’
3503 4287 3563 4340 ἂν
3607 4303 3618 4316 '
3648 4286 3743 4339 καὶ
3797 4286 3917 4341 τότε

2268 4379 2436 4451 μόνην
2477 4378 2574 4447 τὴν
2628 4377 2762 4431 κατὰ
2810 4375 2976 4429 τύπον
3036 4376 3274 4446 κίνησιν.
3332 4371 3554 4445 Ἐπειδὴ
3615 4376 3722 4449 γὰρ
3784 4380 3923 4430 κινεῖ

2267 4468 2360 4541 μὶν
2393 4465 2526 4536 αὕτη
2558 4467 2619 4521 τὸ
2653 4470 2811 4538 σῶμ»
2840 4481 2853 4495 ⁸
2889 4460 2999 4519 ἔστι
3051 4461 3108 4519 δὲ
3162 4462 3212 4518 tv
3257 4463 3404 4536 αύτῷ
3450 4484 3750 4537 κινουμενα
3786 4486 3801 4499 ’
3838 4486 3918 4519 κι-

2262 4556 2528 4629 νουμὲνου
2578 4552 2635 4610 δδ
2707 4558 2804 4608 τοῦ
2880 4554 3135 4625 σώματος
3213 4553 3662 4627 συγκινηθήσεται
3723 4553 3918 4623 αὐτῷ·

2263 4643 2402 4699 ὥστε
2429 4645 2562 4698 κατὰ
2596 4637 2943 4715 συμϐεϐηκὸς
2995 4641 3189 4709 ἑαυτὴν
3236 4646 3371 4696 κινεῖ
3405 4659 3417 4671 ·
3449 4644 3527 4711 τῷ
3554 4640 3617 4695 τὸ
3648 4644 3840 4713 σῶμα,
3874 4642 3921 4697 tv

2263 4735 2308 4806 ᾦ
2338 4732 2448 4788 ἐστι
2492 4753 2502 4764 ·
2537 4734 2654 4795 καθ’
2685 4732 2878 4799 ἑαυτὴν
2936 4728 3013 4800 δὲ,
3066 4730 3153 4785 καὶ
3212 4733 3330 4784 κατ’
3378 4728 3562 4783 οὐσίαν
3590 4724 3719 4784 οὔτε
3748 4737 3918 4785 κινεῖ-

2261 4844 2371 4890 ται,
2406 4821 2526 4876 οὔτε
2574 4819 2625 4875 tv
2670 4821 2826 4892 τόπῳ
2852 4819 2986 4874 ἔστί.
3039 4819 3150 4886 Τὴν
3203 4818 3293 4872 οὗν
3342 4816 3477 4871 κατὰ
3503 4816 3670 4872 τόπον
3705 4818 3922 4889 κίνησιν

2264 4910 2465 4987 λίγοιτ⁹
2494 4907 2552 4963 ἄν
2590 4911 2755 4982 μόνον
2803 4914 2969 4963 κινεῖν
3024 4907 3218 4977 ἑαυτὴν
3267 4907 3301 4975 ἠ
3336 4908 3489 4983 ψυχὴ
3528 4906 3665 4961 κατὰ
3716 4903 3917 4981 συμεεο

2265 4994 2453 5071 ὅηκὸς,
2489 4996 2666 5066 ἄλλην
2701 4994 2758 5052 δὶ
2808 4994 3083 5069 οὐδεμίαν.
3146 4991 3284 5053 Οὔτε
3332 4994 3436 5070 γὰρ
3468 4993 3801 5051 ἀλλοιοῦται
3831 5000 3923 5052 τοῦ

2265 5087 2516 5162 σώματος
2547 5086 2977 5158 ἀλλοιολμὲνου,
3013 5081 3137 5139 οὕτε
3167 5084 3383 5157 αὔξεται
3413 5081 3449 5153 ἤ
3485 5088 3762 5155 μειοῦται,

2336 5185 2458 5234 ’Ότι
2514 5175 2792 5239 πολλάκις
2834 5176 2863 5229 δ
2925 5172 3294 5249 Αριστοτέλης
3350 5174 3537 5246 ψυχὴν
3584 5171 3775 5242 κ⁷λεῖι
3820 5175 3926 5247 ἅμα

2264 5267 2350 5321 καὶ
2376 5268 2471 5335 τήν
2530 5264 2732 5342 ἄλογον
2792 5265 2884 5320 καὶ
2941 5267 3040 5334 τήν
3100 5266 3352 5342 φυτικὴν,
3413 5258 3833 5337 συλλαμϐάνων
3862 5270 3925 5337 τῇ

2264 5354 2483 5433 λογικῇ.
2522 5354 2794 5417 Πολλάκις
2828 5353 2884 5410 δὲ
2916 5356 3080 5429 μόνον
3126 5354 3226 5423 τήν
3260 5352 3489 5427 λογικήν
3528 5371 3541 5384 ⁸
3601 5346 3712 5406 ἔσθ’
3745 5355 3842 5408 ὅτε
3866 5352 3921 5408 δὲ

2264 5448 2353 5500 καὶ
2385 5445 2543 5500 αὐτὸν
2591 5446 2684 5500 τὸν
2737 5449 2858 5498 νοῦν
2920 5446 3107 5519 ψυχὴν
3167 5441 3447 5515 ὀνομάζει,
3505 5440 3844 5514 ἐπονομάζει
3876 5440 3927 5496 εἰ
