4060 6348
99 386 263 450 1069

1587 380 1688 441 DE
1733 378 2015 440 ANIMA.

3378 387 3536 450 1070

100 516 274 574 πάλιν
304 514 621 587 ἰδιαζόντως
641 515 747 585 τὴν
770 516 956 592 ψυχὴν
985 515 1083 583 τήν
1109 510 1318 588 ἄλογον
1346 509 1435 567 καὶ
1491 513 1591 580 τὴν
1651 532 1756 586 φυ-

1879 511 2101 583 proprie
2149 512 2412 571 animam
2463 516 2870 574 irrationalem
2911 523 2970 574 et
3006 521 3376 591 vegetantem
3425 536 3535 578 no-

97 609 282 677 τικήν.
335 607 673 679 ΙῐοΑυσήμου
725 604 910 661 τοίνυν
956 610 1057 674 τῆς
1102 606 1290 679 ψυχῆς
1323 602 1467 678 παρὰ
1514 602 1764 676 Ἀριστο-

98 695 300 760 τέλους
353 690 800 769 λαμϐανομένης,
861 691 946 750 δεῖ
1001 694 1210 766 δκάστῳ
1257 689 1651 766 σημαινομένῳ
1701 690 1768 744 τὰ

99 784 282 840 οἰκεῖα
327 784 609 861 ἀφορίζειν
667 783 761 838 καὶ
812 784 1124 856 ἀπονέμειν·
1172 781 1262 837 καὶ
1315 781 1390 854 μὴ
1425 784 1646 855 συγχεῖν
1680 775 1770 832 διὰ

94 880 201 944 τῆς
261 874 591 948 ὁμωνυμίας
636 879 739 942 τῆς
793 874 980 948 φωνῆς
1026 871 1115 926 καὶ
1164 871 1272 926 τῶν
1318 867 1656 945 πραγμάτων
1705 868 1767 922 τὸ

101 961 438 1037 διῃρημένον
491 963 582 1017 καὶ
639 959 968 1037 ἀσύγχυτον.
1027 961 1232 1034 Ὥσπερ
1281 959 1382 1035 γὰρ
1420 958 1483 1012 τὸ
1529 955 1766 1033 ὑφαίνειν

98 1054 274 1128 τυχὸν
329 1056 428 1106 τοῦ
490 1053 636 1121 ζώου
693 1048 804 1105 ἐστί
855 1050 991 1106 κατὰ
1045 1050 1108 1104 τὸ
1169 1054 1348 1122 σῶμα·
1392 1046 1534 1101 οὕτω
1586 1045 1675 1100 καὶ
1706 1044 1768 1099 τὸ

103 1139 438 1196 διανοεῖσθαι
468 1145 566 1196 τοῦ
601 1141 743 1209 (dico
770 1139 882 1195 ἐστὶ
929 1141 1064 1194 κατᾶ
1093 1140 1305 1214 ψυχήν.
1338 1137 1431 1191 Διὸ
1480 1139 1577 1190 τοῦ
1627 1135 1769 1203 ζώου

100 1231 492 1308 φθειρομένου,
526 1226 680 1284 οὖδὶν
720 1227 929 1284 τούτων
980 1224 1086 1298 ἕξει
1133 1230 1168 1296 ἡ
1199 1227 1379 1301 ψυχὴ,
1411 1223 1545 1298 ἅπερ
1579 1222 1639 1278 ix
1667 1223 1768 1291 τῆς

104 1317 444 1392 συμπλοκῆς
482 1325 584 1388 τῆς
633 1319 769 1394 πρὸς
816 1319 879 1372 τὸ
910 1322 1070 1390 σῶμα
1101 1317 1240 1389 αὐτῇ
1273 1314 1572 1388 έπεγένετοσ
1629 1314 1770 1368 ὥστε

101 1406 235 1464 οὖδὶ
273 1406 628 1482 μνημονεύει.
670 1406 772 1464 Καὶ
819 1406 922 1482 γὰρ
971 1403 1198 1460 ἐνταῦθα
1247 1404 1342 1477 μὶν
1392 1401 1771 1479 παραῤῥέουσά

98 1499 250 1554 έστιν
293 1501 330 1567 ἡ
379 1501 574 1574 γνῶσις
617 1495 809 1566 αὐτῆς,
851 1494 940 1550 καὶ
993 1491 1160 1549 δεῖται
1218 1494 1445 1565 μνήμης
1482 1492 1558 1553 εἷς
1606 1512 1769 1546 κατο-

98 1589 220 1664 χὴν
251 1591 363 1642 τῶν
395 1585 770 1661 ἐγνωσμένων.
802 1584 951 1640 Μετᾶ
979 1581 1038 1639 δὶ
1060 1583 1123 1637 τὸ
1153 1586 1335 1656 σῶμα,
1395 1579 1486 1636 ἅτε
1532 1580 1766 1636 ἑστῶσαν

98 1676 315 1754 ἔχουσα
368 1677 468 1745 τὴν
528 1679 752 1751 γνῶσιν,
805 1673 894 1729 καὶ
950 1672 1133 1734 αὐτοῖς
1185 1665 1614 1747 προσϐάλλουσα
1653 1675 1770 1732 τοῖς

99 1767 418 1842 πράγμασι,
453 1766 677 1837 μνήμης
721 1761 783 1818 οὐ
815 1760 1006 1818 δεῖται·
1045 1762 1236 1835 μνήμη
1269 1759 1366 1836 γάρ
1400 1757 1543 1816 έστιν
1592 1761 1626 1829 ἡ
1657 1762 1765 1813 τῶν

103 1853 288 1911 πάλαι
319 1851 700 1929 ἐγνωσμένων.

179 1964 305 2015 Ὅτι
367 1959 528 2039 φησὶν
589 1956 996 2034 Ἀριστοτέλης,
1055 1957 1181 2011 ὅταν
1235 1955 1310 2028 μὴ
1353 1951 1555 2030 ἅρχῃὸ
1616 1952 1762 2021 νοῦς,

106 2049 262 2106 ἀλλὰ
304 2050 451 2124 παρὰ
502 2048 658 2125 φύσιν
705 2043 820 2122 ἔχει
853 2047 882 2101 ὁ
934 2043 1243 2122 ἄνθρωπος,
1272 2044 1397 2098 τότε
1425 2049 1526 2112 τῆς
1568 2041 1768 2112 τάξεως

105 2137 584 2214 ἀντιστραφείσης,
637 2131 856 2191 ἕπονται
902 2140 1022 2198 ταῖς
1071 2135 1291 2208 κράσεσι
1352 2137 1450 2187 τοῦ
1510 2133 1764 2205 σώματος

103 2229 166 2282 αἱ
195 2235 304 2297 τῆς
331 2230 518 2302 ψυχῆς
552 2222 825 2297 δυνάμεις.
857 2225 1020 2281 ’Όταν
1055 2220 1113 2278 δι
1157 2224 1184 2277 ὁ
1232 2225 1356 2286 νοῦς
1410 2221 1581 2297 ἄρχῃ,
1640 2219 1765 2274 τότε

101 2317 247 2372 κατὰ
276 2315 433 2394 φύσιν
462 2311 691 2391 ἔχοντος
717 2317 816 2369 τοῦ
843 2313 1154 2388 ἀνθρώπου,
1187 2310 1366 2366 οὐκέτι
1395 2315 1513 2372 ταῖς
1543 2311 1760 2383 κράσεσι

99 2411 205 2462 τοῦ
237 2405 496 2478 σώματος
535 2402 924 2467 ἀκολουθοῦσιν
980 2403 1034 2456 αἱ
1091 2405 1192 2467 τῆς
1243 2403 1428 2476 ψυχῆς
1481 2396 1758 2473 δυνάμεις,

99 2495 233 2553 ἀλλ’
267 2490 452 2550 ἕπεται
481 2497 550 2567 τῇ
581 2495 735 2568 ψυχῇ
765 2493 828 2547 τὸ
860 2495 1040 2564 σῶμα.

172 2605 300 2660 ὀτι
326 2601 426 2671 τὴν
458 2599 640 2656 Θαλοῦ
671 2595 826 2669 δόξαν
854 2597 975 2672 περὶ
1008 2599 1195 2672 ψυχῆς
1241 2593 1577 2670 ἀνατρέπων,
1610 2593 1760 2657 ὅστις

92 2685 254 2766 ἔλεγε
283 2689 444 2745 παντὶ
476 2689 687 2761 σώματι
725 2686 993 2761 μεμίχθαι
1041 2685 1141 2753 τήν
1191 2683 1378 2759 ψυχήν
1459 2683 1534 2744 ὡς
1566 2689 1756 2758 παρεῖ-

91 2801 184 2834 ναι
211 2784 375 2851 σῶμα
406 2777 678 2854 έμψυχον.
733 2779 955 2852 Πρῶτον
989 2776 1108 2848 μὶν,
1167 2772 1220 2828 τί
1270 2770 1336 2843 δή
1382 2794 1536 2844 ποτε,
1569 2773 1755 2851 φησὶν,

92 2868 160 2924 έν
193 2867 352 2924 παντὶ
385 2867 600 2941 σώματι
648 2864 814 2936 οὔσης
859 2867 1065 2939 ψυχῆς,
1113 2863 1182 2918 τὰ
1214 2862 1306 2935 μὶν
1340 2861 1448 2917 ἐστὶ
1505 2866 1635 2931 ζῶα,
1694 2863 1760 2915 τὰ

93 2955 159 3014 δὶ
221 2955 326 3026 οὕς
359 2957 493 3024 εἶτα,
527 2953 672 3011 διατί
696 2958 802 3009 τῶν
835 2951 1024 3008 ἁπλῶν
1084 2947 1240 3006 οΰὸὶν
1303 2951 1413 3006 έστι
1459 2954 1594 3020 ζῶον
1622 2969 1636 3020 ;
1667 2949 1757 3005 καί

93 3068 191 3102 τοι
251 3043 359 3102 ἔδει
397 3043 608 3118 μᾶλλον
667 3046 854 3100 ταῦτα.
915 3042 1005 3098 Ἐν
1050 3040 1151 3115 γὰρ
1191 3039 1322 3116 πυρὶ
1382 3041 1532 3109 οὖσα,
1583 3040 1669 3094 καὶ
1703 3037 1756 3093 ἐν

93 3135 245 3210 ἀέρι,
278 3134 370 3189 ἅτε
417 3130 819 3208 καθαρωτέροις
843 3130 937 3186 καὶ
968 3127 1484 3205 λεπτομερεστέροις
1510 3129 1755 3201 σώμασιν

1877 601 2087 658 minat.
2116 607 2259 658 Cum
2293 620 2429 676 ergo
2462 605 2776 678 multiplici
2809 607 2867 662 in
2901 608 3240 679 significatu
3271 610 3532 666 animam

1876 691 2127 763 accipiat
2157 692 2520 759 Aristoteles,
2553 694 2797 751 cuilibet
2835 696 3168 769 significato
3203 699 3359 770 quod
3396 715 3531 770 pro-

1877 781 2073 852 prium
2117 786 2228 850 est,
2261 782 2660 838 definiendum
2693 789 2752 839 et
2783 785 3228 842 attribuendum
3261 791 3350 843 est
3382 805 3395 844 :
3431 805 3532 844 ne-

1878 886 1993 942 que
2021 886 2252 938 vocum,
2289 871 2594 926 nominum
2629 876 2684 928 et
2719 889 2915 929 rerum
2950 873 3344 931 similitudine
3375 892 3534 932 com-

1881 957 2273 1029 miscendum,
2298 961 2454 1031 quod
2487 961 2806 1017 discretum
2838 967 2894 1018 et
2925 979 3041 1018 non
3074 965 3388 1020 confusum
3423 969 3534 1021 est.

1879 1046 2386 1110 Quemadmodum
2437 1049 2592 1104 enim
2651 1055 2862 1114 texere,
2916 1056 3076 1121 puta,
3120 1051 3398 1110 animalis
3447 1059 3538 1110 est

1880 1137 2209 1192 secundum
2267 1153 2528 1209 corpus:
2563 1139 2647 1195 sic
2695 1139 3050 1212 intelligere,
3103 1141 3377 1197 animalis
3425 1146 3535 1211 est,

1881 1242 1984 1297 per
2013 1225 2292 1281 animam.
2329 1228 2518 1292 Quare
2550 1226 2790 1283 animali
2827 1232 3123 1300 corrupto,
3157 1229 3306 1284 nihil
3337 1245 3538 1286 eorum

1880 1313 2118 1370 habebit
2164 1314 2383 1384 anima,
2417 1331 2542 1385 quae
2573 1331 2641 1371 ex
2671 1316 3089 1387 conjunctione
3119 1318 3382 1391 corporis
3433 1319 3537 1375 ha~

1878 1403 2073 1458 bebat.
2132 1403 2239 1458 Sed
2312 1419 2500 1476 neque
2569 1405 2861 1460 meminit.
2920 1405 3066 1462 Hinc
3129 1406 3289 1462 enim
3347 1407 3540 1465 afﬂuit

1879 1493 2008 1562 ejus
2057 1492 2332 1563 cognitio,
2366 1497 2424 1547 et
2475 1493 2758 1549 memoria
2804 1495 3050 1567 indiget,
3103 1496 3176 1551 ad
3228 1495 3539 1554 retinenda

1878 1595 2006 1651 qua:
2065 1580 2336 1652 cognovit
2382 1597 2395 1636 :
2443 1587 2504 1637 at
2565 1581 2764 1638 soluta
2817 1599 3076 1655 corpore,
3137 1588 3203 1640 ut
3258 1584 3534 1642 stabilem

1880 1668 2101 1724 habens
2132 1670 2526 1739 cognitionem
2577 1674 2634 1726 et
2680 1688 2773 1728 res
2820 1671 2984 1744 ipsas
3031 1673 3353 1745 attingens,
3387 1674 3535 1730 nihil

1876 1763 2006 1830 eget
2052 1760 2359 1830 memoria,
2403 1776 2540 1815 nam
2599 1765 2774 1816 antea
2822 1761 3192 1834 cognitorum
3250 1763 3536 1820 memoria

1875 1853 1985 1903 est.

1947 1955 2090 2010 Cum
2152 1971 2316 2011 mens
2379 1970 2496 2010 non
2554 1953 2829 2027 imperat,
2879 1954 2960 2012 ait
3014 1956 3379 2025 Aristoteles,
3432 1961 3533 2016 sed

1877 2047 2090 2116 praeter
2136 2048 2408 2100 naturam
2444 2061 2507 2100 se
2538 2043 2716 2100 habet
2742 2047 2940 2116 homo,
2972 2050 3113 2102 tunc
3148 2047 3354 2103 ordine
3403 2065 3535 2120 per-

1873 2147 2040 2188 verso
2100 2136 2568 2204 temperaturam
2625 2134 2888 2205 corporis
2941 2134 3152 2190 animae
3211 2141 3534 2206 potestates

1873 2225 2264 2278 assectantur.
2283 2224 2425 2276 Cum
2457 2237 2592 2278 vero
2626 2238 2795 2278 mens
2824 2222 3094 2295 imperat,
3119 2228 3262 2280 tunc
3292 2224 3531 2282 homine

1871 2311 2200 2366 secundum
2225 2315 2498 2367 naturam
2522 2311 2750 2381 affecto,
2768 2329 2884 2368 non
2903 2312 3022 2382 jam
3043 2313 3388 2385 temperiem
3409 2330 3530 2370 cor-

1871 2399 2028 2472 poris
2076 2403 2410 2472 sequuntur
2463 2400 2672 2456 anima
2723 2400 3051 2473 facultates,
3102 2403 3203 2458 sed
3265 2402 3525 2459 animam

1870 2507 2084 2563 corpus
2117 2492 2313 2564 ipsum
2347 2492 2637 2563 sequitur.

1939 2597 2200 2654 Thaletis
2248 2597 2456 2654 Milesii
2501 2598 2838 2671 opinionem
2885 2600 2958 2656 de
3005 2599 3201 2657 anima
3245 2601 3519 2659 convellit

1869 2687 1969 2759 qui
1996 2688 2156 2743 omni
2180 2686 2408 2759 corpori
2429 2704 2557 2743 esse
2585 2687 2912 2744 immistam
2936 2689 3195 2746 animam
3219 2706 3518 2748 commen-

1867 2781 1964 2832 tus
1992 2780 2101 2845 est,
2133 2780 2198 2831 ut
2242 2776 2320 2831 sit
2365 2792 2581 2848 corpus
2614 2776 2830 2833 vivens.
2869 2777 3133 2835 Primum
3179 2779 3361 2848 enim,
3392 2797 3518 2847 cur,

1868 2864 2083 2937 inquit,
2116 2880 2248 2919 cum
2281 2863 2342 2919 in
2375 2865 2536 2920 omni
2568 2882 2811 2938 corpore
2859 2865 2938 2921 sit
2992 2867 3211 2932 anima.
3241 2867 3363 2924 haec
3393 2868 3522 2924 ani-

1869 2954 2047 3010 malia
2074 2959 2237 3021 sunt,
2261 2953 2363 3009 illa
2395 2971 2508 3010 non
2543 2954 2718 3010 sunt?
2740 2955 2983 3023 Deinde,
3009 2972 3116 3011 cur
3142 2957 3374 3013 nullum
3410 2957 3527 3014 ele-

1869 3047 2200 3099 mentorum
2235 3043 2453 3098 animal
2487 3047 2616 3123 est?
2643 3044 2877 3100 tametsi
2906 3060 2976 3100 ea
3007 3045 3196 3117 magis
3227 3048 3534 3118 oportebat

1868 3131 2149 3188 animalia
2179 3148 2330 3188 esse.
2363 3131 2425 3188 Si
2457 3133 2611 3188 enim
2647 3133 2706 3188 in
2737 3133 2876 3206 igne
2920 3137 2979 3189 et
3029 3133 3087 3188 in
3137 3151 3269 3190 aere
3300 3136 3533 3207 fuisset,

93 3226 260 3291 οὖσα,
300 3222 516 3299 βέλτιον
544 3221 609 3277 ἃν
637 3220 721 3292 εἴη
753 3219 806 3276 έν
837 3218 1054 3284 τούτοις
1148 3221 1437 3295 ψυχὴ,τῶν
1472 3217 1754 3288 συνθέτων,

1879 3221 2085 3278 melius
2131 3221 2191 3277 in
2245 3221 2359 3289 his,
2394 3226 2595 3294 utpote
2646 3223 2948 3293 prioribus
3006 3227 3064 3279 et
3120 3224 3532 3282 subtilioribus

90 3315 226 3378 ὅθεν
257 3313 348 3368 καὶ
383 3311 594 3385 μᾶλλον
620 3307 990 3389 διαφαίνεσθαι
1018 3308 1214 3378 δαυτῆς
1242 3305 1480 3382 ὤφειλον
1514 3307 1567 3362 αἱ
1617 3306 1756 3381 ἐνέρ-

84 3423 265 3478 γειαι.
299 3401 403 3457 Καὶ
437 3397 672 3456 ἄλλαδὶ
699 3399 879 3456 πλείω
911 3398 1193 3454 συνεπάνει
1222 3402 1291 3472 τῇ
1328 3396 1602 3471 ὑπολήψει
1633 3395 1758 3451 ταύ-

85 3513 159 3566 τῃ
194 3490 440 3564 έπόμενα
468 3489 664 3545 ἄτοπα.

165 3670 298 3728 ’Ότι
352 3667 468 3722 ἐπεὶ
527 3664 754 3729 πλείους
791 3667 883 3722 καὶ
932 3664 1185 3745 διάφοροι
1229 3673 1330 3737 τῆς
1376 3670 1562 3742 ψυχῆς
1621 3665 1761 3741 ἀνέρ-

86 3780 270 3834 γειαι,
308 3759 462 3829 ζητεῖ
507 3758 534 3812 ὁ
580 3755 986 3830 Ἀριστοτέλης,
1036 3755 1264 3833 πότερον
1301 3760 1426 3829 μιᾶς
1458 3752 1622 3826 οὔσης
1669 3755 1761 3808 καὶ

87 3847 404 3921 ἀμερίστου
449 3852 549 3914 τῆς
600 3849 806 3922 ψυχῆς,
855 3845 970 3901 κατ’
1021 3845 1205 3901 ουσίαν
1236 3845 1296 3900 ὲκ
1323 3844 1525 3914 ταύτης
1554 3845 1609 3898 αὶ
1641 3841 1761 3899 διά-

91 3957 270 4014 φοροι
322 3933 578 4008 δυνάμεις
641 3936 732 3990 καὶ
776 3934 1036 4011 ἐνέργειαι
1080 3935 1468 4010 προέρχονταιο
1527 3933 1601 3994 ὡς
1659 3934 1758 4001 τήν

91 4025 277 4092 αὐτὴν
339 4023 468 4078 εἶναι
527 4025 643 4078 κατ’
694 4022 902 4093 οὐσίαν,
951 4024 1041 4079 καὶ
1097 4023 1329 4096 μίαντῷ
1376 4022 1617 4097 ἀριθμῷ,
1666 4022 1757 4076 καὶ

91 4114 430 4190 θρεπτικὴν,
478 4111 566 4166 καὶ
618 4113 935 4184 αὐξητικὴν,
984 4115 1075 4167 καὶ
1127 4113 1474 4187 γεννητικὴν,
1524 4111 1612 4165 καὶ
1662 4109 1757 4165 λο-

85 4203 284 4277 γικήν,
347 4201 436 4255 καί
495 4202 754 4274 θυμικὴν,
814 4202 904 4256 καὶ
949 4200 1378 4274 ἑπιθυμητικήν.
1440 4202 1541 4256 Καὶ
1595 4202 1756 4255 καθά-

84 4313 197 4367 πιρ
259 4293 299 4359 ἡ
333 4294 428 4345 τοῦ
459 4291 630 4364 πυρὸς
689 4289 843 4345 οὐσία
878 4290 982 4363 μία⁹
1019 4290 1105 4344 καὶ
1139 4290 1172 4360 ἠ
1218 4291 1356 4360 αὑτή
1394 4289 1551 4344 ἐστιν’
1584 4289 1636 4360 έξ
1690 4290 1758 4358 ἧς

85 4384 124 4450 ἠ
224 4380 492 4448 καυστική
575 4398 634 4433 τε
706 4378 794 4432 καὶ
881 4379 1199 4454 ξηραντικὴ,
1285 4379 1374 4432 καὶ
1456 4381 1754 4456 φωτιστική

83 4468 323 4546 πρόεισι
370 4463 592 4540 δύναμίς
639 4487 698 4522 τε
739 4466 828 4522 καὶ
876 4466 1137 4544 ἐνέργεια,
1167 4468 1203 4538 ἢ
1232 4488 1315 4529 τις
1345 4465 1492 4538 ἄλλη
1529 4465 1757 4540 δύναμις

85 4557 347 4634 ψυχικὴ,
401 4555 436 4624 ἢ
471 4557 698 4632 μεριστή
731 4555 869 4611 ἐστιν
895 4559 930 4626 ἡ
982 4557 1160 4632 ψυχὴ,
1217 4558 1307 4612 καὶ
1337 4557 1472 4611 κατὰ
1498 4553 1638 4612 ἄλλο
1666 4556 1755 4610 καὶ

1869 3311 2213 3382 corporibus
2274 3310 2518 3381 fuisset,
2569 3327 2743 3382 quam
2800 3310 2862 3366 in
2923 3312 3306 3384 compositis;
3372 3315 3529 3371 unde

1869 3399 2059 3471 ipsius
2109 3399 2375 3456 actiones
2425 3398 2643 3456 clarius
2673 3399 3020 3458 eluxissent.
3055 3401 3133 3458 Iis
3165 3402 3377 3459 deinde
3415 3403 3530 3460 alla

1869 3489 2164 3545 connectit
2191 3489 2453 3545 absurda
2482 3505 2660 3560 quam
2705 3489 2982 3561 plurima,
3013 3508 3139 3563 quae
3168 3508 3238 3547 ex
3267 3492 3527 3550 Thaletis

1871 3577 2146 3651 opinione
2177 3581 2531 3648 sequuntur.

1943 3670 2086 3723 Cum
2121 3665 2321 3722 multis
2373 3667 2494 3722 sint
2522 3670 2581 3722 et
2611 3665 2949 3723 differentes
2998 3667 3206 3724 animai
3253 3669 3514 3725 actiones

1873 3755 2081 3827 quierit
2129 3754 2500 3822 Aristoteles,
2523 3758 2723 3810 utrum
2755 3771 2889 3810 cum
2923 3772 3042 3810 una
3085 3755 3162 3812 sit
3190 3759 3247 3811 et
3276 3755 3531 3812 indivisa

1873 3845 2072 3902 anima
2102 3846 2427 3900 secundum
2477 3845 2899 3914 substantiam,
2933 3861 3002 3900 ex
3033 3844 3164 3916 ipsa
3193 3845 3532 3902 differentes

1872 3934 1984 3989 illae
2016 3938 2334 4005 potestates
2356 3937 2414 3989 et
2444 3934 2704 3989 actiones
2736 3933 3208 4006 proficiscantur,
3233 3939 3294 3990 ut
3327 3935 3531 3991 eadem

1870 4023 1949 4078 sit
1978 4023 2316 4078 substantia
2337 4027 2395 4078 et
2423 4038 2669 4078 numero
2694 4039 2830 4088 una,
2856 4021 3052 4088 altrix,
3085 4023 3330 4092 auctrix,
3357 4039 3530 4096 gene-

1869 4111 2069 4178 ratrix,
2096 4111 2419 4177 rationalis,
2443 4111 2707 4168 irascens
2736 4116 2791 4166 et
2822 4112 3246 4183 concupiscens
3273 4129 3286 4167 :
3311 4129 3521 4184 quem-

1871 4201 2188 4256 admodum
2239 4200 2394 4273 ignis
2433 4200 2766 4256 substantia
2810 4217 2929 4256 una
2975 4206 3032 4256 et
3080 4202 3281 4258 eadem
3314 4210 3422 4269 est,
3455 4218 3524 4258 ex

1869 4306 1986 4362 qua
2018 4289 2244 4354 urendi,
2270 4288 2602 4344 exsiccandi
2655 4293 2712 4345 et
2759 4287 3139 4346 illuminandi
3171 4291 3259 4346 vis
3290 4296 3348 4346 et
3378 4292 3529 4346 actio

1870 4382 2180 4451 promanat
2203 4395 2217 4434 :
2243 4377 2332 4434 vel
2363 4377 2478 4434 alia
2507 4383 2599 4434 cst
2649 4379 2858 4434 animae
2889 4382 3172 4451 potestas,
3197 4379 3285 4435 vel
3333 4380 3534 4435 anima

1868 4468 2048 4524 dividi
2084 4471 2294 4538 potest,
2322 4470 2379 4523 et
2426 4469 2754 4524 secundum
2807 4468 2981 4524 aliam
3014 4474 3073 4525 et
3108 4468 3284 4525 aliam
3337 4470 3530 4543 ipsius

1871 4560 2096 4630 partem
2130 4556 2407 4627 quaelibet
2441 4555 2652 4612 harum
2695 4558 3105 4629 operationum
3137 4559 3230 4614 fit.
3267 4559 3325 4614 ld
3362 4575 3538 4631 porro

89 4629 254 4704 ἀλλο
319 4644 510 4718 μόριον
543 4629 734 4713 ⁷αὐτῆς
795 4629 1003 4716 ἱκάστη
1058 4629 1168 4700 τῶν
1221 4644 1501 4721 ἐνεργειῶν
1556 4646 1762 4700 τούτων

1879 4629 2016 4702 dicit
2062 4646 2427 4717 Aristoteles,
2463 4663 2833 4718 nequaquam
2884 4647 2968 4702 illi
3022 4647 3298 4704 doctrinae
3332 4629 3534 4705 assen-

90 4737 342 4812 γίνεται.
378 4734 522 4804 Φησὶ
556 4730 614 4788 δὶ
643 4733 672 4786 ὁ
707 4731 1094 4807 Ἀριστοτέλης
1141 4735 1244 4789 οὐκ
1287 4733 1648 4809 ἀρεσκόμενος
1695 4738 1774 4805 τῷ

93 4823 375 4900 δόγματι,
436 4821 564 4878 ἀλλ’
613 4821 858 4896 ὶγκαλῶν
911 4827 993 4895 τῷ
1041 4825 1264 4896 Τιμαίῳ
1304 4825 1447 4897 παρᾶ
1503 4825 1569 4878 τὰ
1611 4824 1774 4896 μόρια

93 4917 206 4969 τοῦ
242 4913 505 4981 σώματος
535 4907 836 4988 διαιροῦντι
865 4913 957 4967 καί
986 4913 1088 4981 τήν
1135 4913 1345 4988 ψυχήν.
1383 4915 1485 4968 Καὶ
1517 4913 1620 4987 γὰρ
1654 4910 1771 4965 οὐδ’

98 5001 282 5062 αὐτὸς
321 4998 577 5075 βούλεται
638 4998 764 5072 μίαν
826 4999 1011 5056 οὐσίαν
1067 5001 1200 5055 εἶναι
1258 5008 1358 5070 τῆς
1411 5004 1618 5077 ψυχῆς.
1647 4999 1774 5056 ἀλλ’

93 5091 162 5146 lx
197 5087 485 5163 διαφόρων
520 5087 613 5159 μὶν
658 5087 856 5142 οὐσιῶν
913 5094 1225 5162 συγκεῖσθαι
1277 5089 1499 5158 ταύτην·
1561 5089 1774 5162 ἡνωμέο

93 5200 214 5234 νων
254 5174 315 5232 δέ
372 5174 651 5247 ἀλλήλαις
712 5177 800 5231 καὶ
861 5182 1104 5250 συνεχῶν
1138 5177 1332 5243 οὕτως,
1365 5179 1438 5239 ὡς
1475 5177 1600 5251 μίαν
1631 5178 1774 5252 γίνε-

93 5280 232 5333 σθαι
296 5264 472 5320 αὐτῶν
530 5266 863 5338 συμπάθειαν
901 5308 914 5321 .
974 5259 1242 5321 Διαϐαένει
1299 5267 1400 5341 γάρ
1456 5288 1508 5321 τι
1572 5269 1662 5323 καὶ
1716 5267 1776 5322 ἐκ

87 5361 199 5414 τοῦ
228 5353 408 5430 λόγου
441 5353 520 5416 είς
563 5354 631 5409 τὰ
677 5353 847 5425 πάθη,
895 5355 984 5409 καὶ
1035 5353 1087 5425 ἐξ
1139 5353 1355 5410 ἐκείνων
1408 5354 1482 5416 εἷς
1536 5358 1624 5410 τὸν
1677 5355 1770 5411 λό-

91 5466 224 5521 γον.
269 5443 404 5498 Τότε
450 5442 554 5518 γὰρ
587 5441 953 5518 ὑποτετάχθαι
1006 5445 1074 5498 τὰ
1123 5444 1295 5514 πάθη,
1340 5444 1430 5499 καὶ
1481 5442 1639 5498 εἷ’κειν
1693 5451 1773 5517 τῷ

97 5533 298 5608 λόγῳ,
325 5530 526 5587 ἄνωθεν
581 5531 642 5587 ἐκ
695 5538 797 5601 τῆς
852 5536 950 5587 τοῦ
994 5530 1166 5608 λόγου
1198 5531 1530 5606 συλλήψεως
1585 5533 1770 5596 αὐτοῖς

95 5625 332 5704 ἐφήκει.
382 5621 520 5679 Τότε
573 5621 712 5697 πρὸς
767 5623 861 5684 τὰς
917 5621 1121 5685 οἰκείας
1170 5622 1439 5698 ἐνεργείας
1484 5621 1772 5695 ἐμποδίζε-

97 5728 232 5782 σθαι
300 5711 394 5768 τὸν
426 5710 610 5788 λόγον,
671 5709 732 5768 ἐκ
785 5718 887 5783 τῆς
914 5713 1052 5791 πρὸς
1105 5715 1171 5770 τὰ
1201 5714 1344 5784 πάθη
1380 5713 1622 5791 σχέσεως
1681 5713 1773 5770 αὖ·

1884 4734 2058 4801 tiens,
2092 4735 2193 4788 sed
2245 4735 2528 4790 Timaeum
2579 4735 3033 4805 reprehendens,
3067 4736 3167 4808 qui
3216 4738 3289 4793 ad
3338 4742 3533 4809 partes

1883 4820 2144 4894 corporis
2189 4821 2445 4877 animam
2497 4838 2733 4894 quoque
2781 4822 3079 4879 dividebat
3112 4842 3125 4880 :
3158 4842 3294 4881 nam
3345 4843 3534 4898 neque

1882 4911 2007 4982 ipse
2038 4926 2217 4965 unam
2246 4926 2374 4966 esse
2394 4909 2520 4965 vult
2549 4910 2761 4966 anima;
2782 4911 3199 4983 substantiam,
3222 4914 3323 4969 sed
3354 4932 3423 4970 ex
3451 4917 3536 4972 di-

1884 4999 2066 5055 versis
2098 5015 2227 5055 eam
2281 4998 2631 5055 substantiis
2662 5005 2990 5056 concretam
3041 5018 3240 5057 verum
3287 5001 3442 5060 inter
3471 5021 3534 5061 se

1885 5088 2132 5158 coalitis,
2165 5093 2223 5144 et
2249 5087 2330 5144 ita
2361 5089 2812 5157 cohaerentibus,
2847 5094 2910 5143 ut
2939 5106 3057 5146 una
3095 5089 3175 5146 sit
3213 5107 3414 5147 earum
3451 5094 3533 5149 af-

1886 5179 2075 5234 fectio.
2108 5180 2153 5233 Α
2185 5177 2408 5235 ratione
2442 5181 2658 5251 quippe
2702 5178 2761 5234 in
2812 5178 2944 5234 illas
2997 5180 3353 5252 affectiones,
3379 5186 3435 5237 et
3464 5185 3535 5238 ab

1883 5267 2000 5323 illis
2043 5269 2100 5323 in
2136 5268 2421 5324 rationem
2465 5268 2686 5339 aliquid
2734 5269 2993 5324 transit:
3027 5269 3326 5326 interdum
3380 5273 3537 5328 enim

1884 5357 2452 5430 perturbationibus,
2471 5362 2533 5411 ut
2549 5358 2941 5428 subjiciantur
2961 5362 3018 5413 et
3038 5358 3249 5414 rationi
3274 5367 3538 5432 pareant,

1883 5464 1952 5503 ex
1982 5446 2229 5502 rationis
2267 5446 2790 5518 comprehensione
2839 5447 3054 5503 accidit.
3083 5466 3096 5505 :
3131 5448 3447 5521 aliquando
3478 5451 3537 5507 in

1885 5536 2010 5593 suis
2039 5535 2316 5608 operibus
2359 5535 2648 5591 rationem
2701 5536 2974 5609 impediri
3024 5553 3094 5593 ex
3142 5536 3347 5594 habitu
3379 5539 3539 5611 ipsa-

1886 5642 2012 5682 rum
2045 5629 2102 5681 et
2134 5641 2286 5682 nexu
2333 5640 2465 5681 cum
2509 5624 3082 5697 perturbationibus,
3107 5627 3409 5702 contingit.
3441 5629 3537 5685 Sic

1885 5716 2067 5791 igitur
2096 5715 2295 5774 anima
2317 5732 2436 5774 una
2459 5725 2545 5774 est
2582 5717 2936 5783 substantia,
2961 5720 3026 5773 ut
3045 5721 3102 5776 et
3128 5721 3317 5777 totum
3351 5719 3536 5778 homi-
