4060 6348
516 354 666 415 1071

1853 346 2277 409 MICHAELIS
2320 346 2593 408 PSELLI

3780 345 3936 405 i072

514 502 649 542 nem
682 486 859 542 unius
889 500 1020 541 esse
1049 482 1391 539 substantia;
1417 481 1691 550 dicimus,
1712 485 1770 537 et
1800 494 2167 553 quaecunque

2291 482 2387 531 τῶν
2420 477 2778 553 περιγίνεται.
2807 474 2997 540 Οὕτως
3048 479 3139 534 οὗν
3194 476 3289 552 μία
3336 476 3494 533 οὐσία
3538 480 3575 547 ἠ
3622 478 3808 552 ψυχὴ,
3865 476 3935 536 ὡς

516 594 586 633 ex
618 575 864 631 materia
911 578 968 629 et
1016 574 1205 627 forma
1234 575 1507 626 constant
1540 588 1552 625 :
1587 572 1725 643 quia
1775 571 1929 641 quod
1982 584 2171 640 neque

515 663 877 721 irrationalis
925 662 1125 716 anima
1173 662 1367 715 omnis
1426 660 1603 715 unius
1652 664 1743 715 est
1797 658 2172 722 substantiae,

516 752 773 809 ostendit
817 751 971 805 inter
1008 766 1071 805 se
1119 766 1271 820 saepe
1329 749 1618 803 dissidere
1678 747 2172 819 perturbationes,

515 842 661 897 iram
693 841 822 895 dico
871 848 924 894 et
954 839 1335 909 cupiditatem
1368 856 1380 892 :
1415 842 1473 892 at
1503 837 1649 891 nihil
1682 837 1892 891 horum
1928 839 2171 906 pugnat.

510 937 917 1002 Saepenumero
970 929 1155 999 igitur
1184 929 1255 982 ad
1290 928 1571 983 rationem
1622 926 1812 997 magis
1863 926 1949 979 ira
1997 926 2175 996 perti-

512 1025 631 1088 net,
666 1024 731 1075 ut
777 1019 828 1073 ei
891 1018 1126 1073 afﬁnior
1188 1020 1426 1088 propter
1485 1016 1894 1070 ambitionem.
1928 1012 2178 1069 Obsistit

514 1114 710 1165 autem
742 1112 799 1163 et
830 1106 1104 1162 renititur
1136 1104 1454 1176 cupiditas,
1490 1104 1628 1175 quia
1657 1104 1987 1158 secundum
2021 1101 2174 1157 acci-

513 1198 684 1267 dens,
730 1196 944 1267 inquit,
976 1195 1034 1249 in
1086 1193 1373 1249 similium
1427 1193 1684 1264 partium
1734 1196 1930 1263 partes
1979 1189 2176 1245 anima

514 1286 797 1343 dividitur
858 1303 870 1341 :
933 1285 1086 1356 quod
1157 1283 1316 1338 enim
1383 1283 1441 1336 in
1515 1297 1758 1353 corpore
1816 1280 2175 1344 dividantur,

515 1376 643 1443 ipsa
686 1388 919 1446 quoque
971 1389 1089 1427 una
1136 1370 1440 1439 dividitur,
1476 1375 1541 1425 ut
1588 1370 1645 1424 in
1701 1369 1921 1440 plantis
1973 1373 2029 1423 et
2084 1367 2176 1422 in-

519 1464 719 1521 sectis.

592 1567 953 1626 Irrationalis
985 1568 1181 1622 anima
1212 1570 1268 1621 et
1297 1573 1594 1636 vegetans,
1626 1564 1710 1619 vis
1742 1580 1809 1619 ex
1840 1581 1901 1619 se
1934 1579 2177 1618 movens

522 1660 783 1731 corporis
814 1658 928 1713 dici
964 1660 1174 1728 potest,
1208 1660 1273 1711 ut
1314 1656 1503 1711 forma
1550 1654 1608 1708 in
1661 1654 1925 1722 materia,
1958 1660 2013 1708 et
2042 1656 2176 1708 tan-

523 1765 703 1822 quam
736 1745 1071 1803 substantia
1114 1762 1221 1800 sua
1270 1745 1604 1814 subjectum
1656 1742 1988 1814 perficiens,
2019 1747 2077 1796 et
2106 1742 2177 1795 ab

522 1839 649 1909 ipso
680 1833 1117 1907 inseparabilis-
1152 1833 1334 1904 Cujus
1375 1832 1530 1888 enim
1562 1830 1835 1903 perfectio
1869 1831 1980 1885 erit
2006 1846 2176 1901 vege-

519 1933 657 1983 tans
706 1925 923 1991 anima,
964 1924 1012 1978 si
1067 1940 1101 1978 a
1149 1937 1391 1993 corpore
1443 1918 1791 1991 separetur?
1841 1918 2175 1974 Entelechia

520 2031 755 2089 quoque
814 2012 1119 2069 rationalis
1177 2011 1377 2067 anima
1432 2009 1547 2064 dici
1604 2013 1815 2080 potest,
1849 2025 1961 2063 non
2020 2007 2173 2077 quod

522 2105 856 2161 substantia
889 2101 1153 2172 perficiat
1192 2100 1549 2169 subjectum,
1584 2098 1681 2153 sed
1716 2098 1869 2169 quod
1900 2097 2126 2152 actione
2161 2114 2175 2152 :

524 2202 589 2251 ut
622 2194 980 2266 gubernator
1026 2206 1235 2245 navem
1286 2188 1515 2259 perﬁcit
1543 2192 1603 2242 et
1632 2188 1800 2258 regit,
1834 2203 1947 2257 qua
1995 2203 2056 2241 re
2103 2186 2175 2240 ab

522 2284 647 2352 ipso
678 2279 937 2351 separari
984 2282 1193 2350 potest.
1230 2277 1440 2333 Verum
1472 2281 1529 2332 et
1562 2276 1760 2347 aliquo
1793 2276 1966 2332 modo
1998 2275 2176 2331 ratio-

525 2372 677 2428 nalis
706 2371 883 2425 etiam
916 2367 1116 2423 anima
1158 2366 1275 2421 dici
1317 2370 1510 2437 potest
1539 2382 1572 2421 a
1602 2381 1843 2436 corpore
1873 2365 2177 2436 insepara-

524 2459 683 2528 bilis,
717 2474 835 2529 qua
860 2460 950 2512 est
996 2454 1341 2510 entelecbia.
1375 2454 1517 2510 Nam
1563 2453 1843 2520 actiones,
1879 2469 1982 2524 per
2030 2467 2177 2522 quas

523 2548 738 2606 animal
776 2546 1001 2618 perﬁcit
1050 2545 1247 2616 ipsum
1284 2560 1524 2600 movens
1572 2542 1681 2598 hoc
1713 2542 1798 2598 vel
1831 2542 1930 2597 illo
1982 2542 2177 2606 modo,

522 2638 699 2693 habet
736 2654 770 2692 a
812 2651 1051 2706 corpore
1104 2631 1529 2706 inseparabiles
1566 2650 1578 2687 :
1613 2632 1713 2687 ubi
1762 2632 1917 2687 enim
1951 2647 2020 2686 ex
2050 2632 2177 2702 ipso

521 2726 858 2795 excesserit,
895 2741 1008 2779 non
1057 2723 1149 2778 his
1198 2722 1457 2794 amplius
1500 2726 1717 2776 utetur.
1754 2721 1870 2777 Has
1922 2720 2078 2776 enim
2112 2736 2180 2774 ex

520 2818 726 2874 habitu
757 2815 828 2870 ad
880 2830 1117 2884 corpus,
1167 2811 1397 2866 habuit.
1433 2813 1635 2881 Itaque
1685 2811 1793 2865 hoc
1840 2816 2031 2881 pacto,
2063 2826 2181 2881 qua

521 2903 844 2962 entelechia
874 2907 982 2968 est,
1014 2902 1123 2957 hoc
1155 2900 1305 2968 dico,
1338 2901 1661 2955 secundum
1694 2900 1869 2955 hasce
1898 2899 2175 2964 actiones,

524 3014 560 3051 a
612 3009 853 3064 corpore
908 2989 1169 3061 separari
1228 3005 1345 3044 non
1404 2994 1615 3061 potest.
1677 2988 2179 3051 Quemadmodum

526 3081 958 3157 gubernatoris,
1002 3083 1067 3135 ut
1108 3078 1467 3150 gubernator
1514 3082 1625 3148 est,
1659 3078 1918 3134 actiones
1967 3094 2002 3133 a
2048 3076 2177 3132 navi

2280 569 2369 623 καὶ
2402 569 2494 623 τὸν
2526 567 2659 623 ὅλον
2702 569 2985 644 ἄνθρωπον
3036 574 3164 640 μιᾶς
3196 567 3329 624 εἶναί
3379 588 3550 640 φαμεν
3581 567 3803 634 οὐσίας,
3850 568 3933 620 καὶ

2282 657 2498 726 ἅπλῶς,
2554 660 2621 712 τὰ
2676 657 2727 731 te
2776 657 2915 728 ὕλης
2966 657 3057 713 καὶ
3107 655 3304 719 εἷ’δους·
3358 657 3473 712 ἐπεὶ
3508 656 3591 712 ὅτι
3622 677 3687 731 γε
3719 653 3850 710 οὐδε
3904 658 3934 723 ἠ

2284 744 2487 822 ἄλογος
2545 748 2698 823 ψυχὴ
2749 753 2895 802 πᾶσα
2936 752 3062 819 μιᾶς
3121 745 3260 801 ἐστιν
3323 745 3526 815 οὐσίας,
3584 742 3821 799 δεικνύει
3879 744 3937 798 τὸ

2288 837 2555 911 μάχεσθαι
2608 833 2883 906 ἅλλήλοις
2930 833 3203 897 πολλάκις
3259 835 3328 890 τὰ
3378 836 3546 904 πάθη,
3581 834 3761 905 θυμὸν
3794 831 3938 907 λέγω

2282 924 2373 979 καὶ
2420 924 2738 998 ἆπιθυμίαν’
2802 922 2958 980 οὐδὶν
3010 922 3068 980 δὲ
3124 924 3299 979 αὐτῶν
3351 926 3605 999 μάχεται.
3647 920 3939 980 Πολλάκις

2282 1018 2409 1089 γοῦν
2440 1016 2575 1088 πρὸς
2603 1018 2699 1068 τοῦ
2730 1009 2899 1089 λόγου
2934 1012 3148 1086 μᾶλλον
3180 1015 3209 1068 6
3239 1014 3431 1085 θυμὸς,
3468 1011 3679 1085 μᾶλλον
3711 1009 3941 1085 γίνεται,

2285 1103 2361 1165 ὡς
2392 1102 2799 1179 συγγενέστερος
2830 1100 2920 1157 διὰ
2972 1104 3034 1158 τὸ
3068 1100 3385 1181 φιλότιμον.
3444 1098 3725 1157 Ἀνθὲλκει
3788 1096 3851 1154 δὲ
3907 1102 3940 1167 ἡ

2284 1190 2562 1266 ἐπιθυμία.
2622 1195 2742 1249 ’Ὁτι
2779 1191 2918 1248 κατὰ
2963 1186 3334 1265 συμϐεϐηκὸς,
3390 1191 3571 1269 φησὶν,
3606 1191 3681 1251 εἱς
3744 1191 3944 1261 ὁμοιοα

2289 1289 2426 1357 μερῆ
2479 1279 2765 1357 διαιρεῖται
2821 1280 2958 1354 μὲρη
2991 1282 3027 1350 ὴ
3053 1282 3207 1356 ψυχή
3234 1300 3247 1315 ο
3279 1284 3358 1352 τῷ
3386 1283 3489 1356 γάρ
3518 1300 3604 1334 τοι
3636 1277 3688 1333 ὲν
3723 1283 3805 1349 τῷ
3834 1278 3944 1331 σώ-

2290 1391 2417 1442 ματι
2450 1367 2793 1446 διαιρεῖσθποι,
2840 1370 2931 1424 καὶ
2960 1369 3098 1439 αὐτὴ
3147 1366 3558 1446 συνδιαιρεῖται,
3590 1368 3665 1430 ὡς
3710 1366 3802 1422 ἐπὶ
3831 1371 3943 1421 τῶν

2288 1462 2466 1537 φυτῶν
2497 1458 2588 1514 καὶ
2614 1463 2719 1513 τῶν
2751 1456 3020 1532 ἐντόμων.

2356 1567 2481 1621 ’Ότι
2511 1567 2546 1635 ὴ
2583 1566 2677 1637 μὶν
2709 1563 2908 1641 ἄλογος
2937 1566 3091 1641 ψυχὴ
3122 1566 3209 1620 xvi
3251 1566 3286 1634 ὴ
3347 1565 3568 1643 φυτικὴ,
3627 1563 3946 1638 δντελᾶχεια

2288 1653 2487 1731 λέγοιτ’
2515 1652 2575 1708 ἂν
2600 1658 2697 1709 τοῦ
2727 1656 3001 1725 σώματος,
3033 1655 3108 1716 ὡς
3140 1651 3280 1716 εἶδος
3322 1652 3374 1708 ἰν
3408 1653 3538 1729 ὕλῃ,
3588 1652 3677 1707 καὶ
3716 1653 3794 1714 ὡς
3852 1652 3944 1707 οὐ·

2287 1744 2375 1816 σίᾳ
2400 1742 2685 1799 τελειοῦσα
2721 1745 2783 1799 τὸ
2842 1743 3218 1816 ὑποκείμενον,
3272 1744 3363 1798 καὶ
3404 1743 3715 1818 ἀχώριστος
3772 1741 3945 1816 ἀπάρ-

2286 1854 2464 1909 χουσα
2512 1833 2695 1888 αὐτοῦ.
2750 1833 2913 1897 Τίνος
2962 1831 3065 1908 γάρ
3128 1831 3273 1887 ἔσται
3314 1830 3595 1901 τελειότης
3646 1833 3679 1900 ὴ
3740 1831 3945 1903 φυτικὴ

2283 1925 2436 1998 ψυχὴ
2472 1927 2809 1998 χωρισθεῖσα
2854 1926 2953 1976 τοῦ
3001 1922 3297 1994 σώματος;
3356 1919 3704 1995 Ἐντελὲχεια
3759 1916 3820 1973 δὲ
3857 1919 3950 1971 καὶ

2282 2011 2317 2073 ὴ
2354 2008 2549 2085 λογικὴ
2577 2010 2731 2084 ψυχὴ
2766 2009 2963 2083 λέγοιτ’
2993 2006 3077 2075 ἂν,
3111 2007 3215 2083 οὐχ
3245 2007 3321 2070 ώς
3372 2011 3441 2082 τῇ
3473 2008 3631 2078 οὐσίᾳ
3658 2007 3950 2061 τελειοῦσα

2281 2100 2344 2153 τὸ
2402 2098 2779 2171 ὑποκείμενον,
2838 2097 2984 2154 ἀλλὰ
3037 2100 3105 2172 τῇ
3164 2097 3424 2173 ἰνεργείᾳ.
3482 2097 3580 2151 Καὶ
3632 2097 3707 2159 ὡς
3763 2098 3792 2152 6
3850 2118 3947 2150 κυ-

2286 2182 2555 2262 ϐερνήτης
2611 2190 2673 2243 τὸ
2723 2186 2921 2242 πλοῖον
2974 2184 3178 2242 τελειοῖ
3206 2184 3299 2241 καί
3352 2185 3551 2241 τάττει·
3586 2181 3673 2239 διὸ
3697 2183 3794 2241 καὶ
3831 2203 3947 2258 χω-

2287 2279 2439 2351 ριστή
2503 2275 2642 2333 ἔστιν
2703 2276 2888 2331 αὐτοῦ.
2951 2274 3179 2331 Δύναται
3213 2274 3307 2348 μιν
3342 2296 3426 2330 τοι
3476 2276 3613 2329 κατά
3658 2295 3787 2328 τινα
3816 2274 3946 2346 τρό⁶

2285 2386 2385 2421 πον
2420 2364 2670 2441 λέγεσθαι
2700 2366 2791 2421 καὶ
2839 2367 2874 2434 ὴ
2909 2362 3104 2440 λογικὴ
3135 2364 3288 2440 ψυχὴ
3321 2364 3635 2439 ἀχώριστος
3679 2362 3820 2417 εἶναι
3850 2367 3949 2417 τοῦ

2286 2456 2564 2527 σώματος,
2610 2454 2742 2509 med
2775 2454 2913 2509 ἐστιν
2967 2452 3296 2528 ἐντελέχεια.
3357 2454 3469 2513 Τὰς
3517 2452 3618 2527 γὰρ
3672 2450 3949 2526 ἐνεργείας

2287 2546 2405 2608 καθ’
2462 2542 2523 2609 ἃς
2575 2543 2781 2599 τελειοῖ
2836 2545 2898 2597 τὸ
2959 2548 3117 2614 ζῶον,
3175 2546 3398 2597 κινοῦσα
3449 2541 3579 2596 αὐτὸ
3606 2538 3853 2595 τοιῶσδε
3910 2541 3943 2608 ἧ

2286 2631 2536 2700 τοιῶσδε,
2579 2631 2905 2708 ἀχωρίστως
2962 2626 3077 2706 ἔχει
3132 2635 3228 2685 τοῦ
3287 2632 3565 2703 σώματος.
3623 2627 3953 2699 Ἐξελθοῦσα

2286 2725 2385 2797 γὰρ
2446 2722 2631 2789 αὑτοῦ,
2678 2722 2855 2776 οὐκετι
2908 2720 3105 2783 ταύτας
3161 2718 3458 2795 ἐνεργήσει·
3523 2720 3638 2795 εἶχε
3690 2720 3800 2795 γὰρ
3856 2719 3949 2773 :5-

2286 2812 2382 2873 τὰς
2412 2809 2472 2866 ἐκ
2502 2818 2600 2880 τῆς
2632 2811 2870 2887 σχέσεως
2900 2813 3001 2880 τῆς
3044 2810 3180 2885 πρὸς
3225 2810 3287 2864 τὸ
3339 2813 3517 2881 σῶμα’
3578 2807 3718 2863 ὣστε
3779 2808 3951 2879 ταύτῃ

2286 2902 2418 2955 καθὸ
2478 2899 2787 2975 ἐντελέχεια
2843 2899 2976 2972 ἔστι,
3009 2896 3155 2973 λέγω
3209 2896 3275 2968 δὴ
3325 2898 3458 2953 κατὰ
3485 2894 3646 2952 τάσδε
3668 2899 3771 2959 τὰς
3808 2897 3953 2972 ἆνερο

2286 2989 2457 3066 γείας,
2518 2989 2827 3065 ἀχώριστος
2882 2987 2941 3044 ἂν
2996 2987 3080 3059 εἷή
3141 2992 3236 3043 τοῦ
3289 2987 3559 3060 σώματος·
3622 2985 3816 3062 ὥσπερ
3868 2988 3953 3041 καί

2285 3083 2383 3134 τοῦ
2447 3073 2781 3154 κυϐερνήτου
2858 3077 2915 3132 αἱ
2978 3078 3055 3140 ὡς
3119 3072 3456 3153 κυϐερνήτου
3531 3074 3802 3151 ἐνεργειαι
3857 3080 3950 3130 τοῦ

525 3171 785 3245 separari
843 3186 958 3226 non
1016 3172 1302 3240 possunt,
1360 3172 1419 3223 et
1474 3172 1781 3239 separatur
1845 3167 2041 3223 homo.
2102 3169 2178 3221 Ut

2291 3165 2489 3222 πλοίου
2519 3166 2650 3223 είσὶν
2685 3168 3011 3243 ἀχώριστοι,
3054 3165 3145 3222 καὶ
3177 3166 3473 3242 χωρίζεται
3508 3166 3600 3239 μὶν
3660 3165 3687 3219 6
3735 3165 3951 3237 ἅνθρω-

525 3237 884 3333 gubernator
949 3237 1224 3329 quidem,
1282 3256 1390 3312 etsi
1458 3237 1630 3328 agat,
1697 3254 1877 3312 simul
1944 3272 1978 3311 a
2043 3254 2176 3310 navi

2291 3278 2409 3320 πος.
2439 3258 2528 3319 Ὧς
2565 3256 2659 3330 μὲν
2689 3237 2777 3312 τὸί
2815 3237 3279 3333 ’κυϐερνήτης-ὧν
3327 3254 3378 3310 ἂν
3429 3237 3666 3331 ἄνεργείᾳ
3717 3252 3847 3326 ἄμα
3895 3274 3949 3307 τε

525 3351 829 3421 sejunctas
894 3352 1019 3415 est,
1097 3350 1403 3419 corruptas
1468 3346 1645 3402 habet
1709 3345 2000 3417 ejusmodi
2074 3360 2173 3399 ac-

523 3439 737 3495 tiones.

593 3545 871 3601 Omnium
901 3542 1227 3615 vegetantis
1277 3543 1481 3598 animm
1523 3546 1881 3615 potestatum
1914 3540 2177 3598 nobilis-

523 3636 736 3692 simam
770 3634 939 3688 aiunt
983 3648 1111 3687 esse
1140 3631 1255 3686 vim
1306 3632 1649 3703 generandi,
1682 3632 2003 3687 secundam
2036 3648 2175 3686 auc-

520 3726 751 3793 tricem,
785 3722 1017 3777 tertiam
1050 3721 1315 3777 altricem
1345 3738 1357 3775 :
1384 3738 1521 3776 nam
1553 3722 1805 3793 speciem
1838 3737 2179 3776 conservare

525 3810 744 3868 altricis
776 3826 925 3881 opus
974 3813 1065 3863 est
1098 3826 1110 3863 :
1145 3808 1351 3863 tandiu
1400 3807 1555 3862 enim
1610 3807 1881 3873 vivimus,
1914 3807 2179 3877 quandiu

527 3901 761 3956 alimur.
793 3897 1085 3954 Auctricis
1126 3902 1321 3953 autem
1372 3900 1481 3963 est,
1513 3897 1584 3951 ad
1639 3898 1958 3967 perfectum
1989 3906 2038 3951 et
2076 3913 2177 3951 na-

528 3988 777 4045 turalem
813 3987 1056 4043 modum
1088 3985 1377 4041 deducere
1412 3986 1482 4040 ad
1517 4001 1692 4055 quem
1726 4001 1858 4040 cum
1892 3984 2182 4039 evaserint

529 4077 810 4135 animalia
840 4082 904 4145 ζει
954 4076 1187 4146 plantae,
1239 4074 1308 4128 ad
1359 4073 1917 4145 praestantissimum
1958 4078 2179 4128 natura:

530 4168 729 4232 ﬁnem,
780 4164 887 4220 hoc
938 4168 1046 4230 est,
1080 4163 1152 4217 ad
1208 4162 1528 4234 generandi
1579 4167 1947 4231 potestatem,
1977 4179 2178 4234 perve-

531 4259 764 4312 nerunt.
800 4254 855 4308 Is
884 4252 1042 4309 enim
1075 4254 1164 4306 est
1196 4256 1419 4306 naturae
1458 4250 1703 4306 ultimus
1734 4257 1791 4306 et
1821 4251 2180 4322 perfectissi-

532 4362 661 4400 mus
706 4359 921 4413 scopus
976 4344 1213 4412 propter
1259 4339 1601 4396 aeternitatis
1632 4340 2181 4409 et.immortalitatis

529 4435 589 4488 in
641 4430 858 4504 genitis
906 4428 1264 4485 animalibus
1322 4429 1727 4500 cupiditatem,
1770 4446 1896 4500 quae
1947 4446 2180 4486 succes-

529 4522 696 4579 sione
746 4523 1142 4589 comparatur.
1174 4518 1413 4573 Auctrix
1458 4519 1655 4590 itaque
1687 4519 2181 4587 rationembabct

2282 3347 2615 3423 κεχώρισται
2642 3353 2744 3416 τῆς
2767 3346 3017 3414 νεὼς,καὶ
3046 3345 3385 3424 ἐφθαρμὲνας
3411 3339 3529 3421 ἔχει
3558 3343 3654 3405 τὰς
3681 3342 3944 3405 τοιαύτας

2285 3433 2571 3489 ἐνεργείας.

2311 3455 2571 3512 νεργειας.

2356 3543 2479 3599 ’Ὁτι
2524 3539 2804 3617 κρείττων,
2858 3542 3035 3619 φασὶ,
3093 3544 3278 3595 πασῶν
3329 3543 3417 3596 καὶ
3470 3540 3777 3615 τιμιωτέρα
3836 3545 3942 3595 τῶν

2285 3638 2386 3700 τῆς
2418 3637 2650 3705 φυτικῆς
2716 3633 2903 3705 ψυχῆς
2959 3627 3237 3703 δυνάμεων
3282 3631 3317 3698 ὴ
3348 3631 3636 3704 γυνητική·
3689 3625 3943 3701 δεύτερον

2290 3718 2346 3774 δὲ
2394 3722 2428 3788 ἡ
2461 3719 2746 3792 αὐξητικὴ,
2798 3718 2887 3773 καὶ
2926 3718 3107 3794 τρίτον
3145 3721 3179 3787 ἡ
3222 3720 3507 3793 θρεπτική.
3538 3723 3644 3786 Τῆς
3692 3718 3793 3788 μὲν
3842 3718 3944 3791 γὰρ

2290 3810 2581 3885 θρεπτικῆς
2613 3806 2771 3884 ἔργον
2797 3807 2907 3862 ἕστὶ
2950 3808 3013 3861 τὸ
3066 3808 3253 3876 σώζειν
3312 3808 3374 3862 τὸ
3423 3804 3583 3869 εἶδος·
3620 3808 3793 3880 μέχρι
3840 3807 3945 3880 γὰρ

2286 3898 2549 3954 τοσούτου
2575 3896 2880 3971 σωζόμεθα,
2938 3894 3047 3959 ἓως
3104 3897 3161 3950 ἂν
3193 3897 3538 3974 τρεφώμεθα.
3600 3898 3716 3964 Τῆς
3750 3893 3813 3950 δὲ
3846 3896 3943 3949 1'3-

2288 3988 2532 4058 ξητικῆς,
2585 3984 2648 4039 τὸ
2696 3985 2772 4045 εἰς
2819 3983 2881 4037 τὸ
2928 3981 3138 4038 τέλειον
3188 3984 3273 4038 καὶ
3334 3984 3472 4038 κατὰ
3530 3984 3685 4060 φύσιν
3745 3984 3949 4058 μέτρον

2289 4074 2530 4151 ἀγαγεῖν,
2583 4072 2658 4137 είς
2704 4073 2732 4128 ὃ
2780 4071 3043 4148 γενόμενα
3070 4071 3135 4127 τά
3165 4092 3224 4127 τε
3256 4076 3367 4142 ζῶα
3414 4073 3505 4126 καὶ
3535 4071 3601 4126 τὰ
3632 4072 3797 4149 φυτὰ,
3859 4073 3949 4127 επὶ

2287 4164 2349 4218 τὸ
2406 4163 2821 4236 σκοπιμώτατον
2870 4167 2971 4230 τῆς
3031 4160 3239 4239 φύσεως
3295 4159 3477 4229 τέλος,
3520 4159 3668 4236 λέγω
3721 4158 3796 4231 δὴ
3850 4164 3948 4227 ti,»

2286 4252 2605 4326 γεννητικὴν
2666 4247 2913 4323 δύναμιν,
2972 4248 3321 4324 παρᾱγίνεται
3356 4294 3369 4307 .
3439 4246 3613 4311 Οὗτος
3682 4249 3788 4323 γὰρ
3851 4256 3949 4317 τῆς

2289 4339 2497 4419 φύσεως
2554 4340 2582 4393 6
2639 4336 3004 4400 τελικώτατος
3054 4338 3254 4400 σκοπὸς
3315 4335 3403 4393 διὰ
3456 4339 3555 4407 τὴν
3613 4334 3797 4415 ἔφεσιν
3851 4340 3949 4401 τῆς

2287 4429 2599 4500 ἀϊδιότητος
2627 4435 2727 4498 τῆς
2755 4428 3046 4489 ἀθανασίας
3074 4433 3190 4489 τοῖς
3241 4433 3520 4503 γεννητοῖς
3583 4428 3767 4498 ζώοις,
3835 4428 3949 4481 im-

2290 4523 2584 4591 σκευαστῆς
2614 4520 2684 4589 τῇ
2743 4515 2981 4593 διαδοχῇ
3034 4516 3346 4591 γενομένης·
3396 4516 3533 4571 ὣστε
3591 4518 3623 4583 ὴ
3688 4515 3789 4587 μὶν
3853 4516 3947 4569 αὖ·

534 4609 788 4667 materia:
846 4608 915 4663 ad
975 4608 1295 4679 generandi
1349 4608 1489 4678 vim,
1539 4609 1612 4663 ad
1672 4608 1987 4665 auctricem
2046 4626 2178 4665 vero

2291 4610 2481 4683 ξητικὴ
2541 4608 2673 4674 ὕλης
2703 4606 2889 4683 ἔπὲχει
2936 4605 3100 4683 λόγον
3134 4607 3269 4681 πρὸς
3299 4608 3397 4676 τὴν
3420 4606 3770 4681 γεννητικήν.
3810 4607 3953 4676 Πρὸς

534 4699 726 4757 altrix.

602 4789 687 4845 Ad
710 4784 1041 4843 Aristotelis
1074 4786 1362 4855 animum,
1388 4802 1554 4841 mens
1576 4786 1901 4842 entelechia
1924 4788 2184 4859 corporis

535 4879 648 4934 dici
696 4880 931 4950 potest:
968 4876 1215 4947 ideoque
1266 4876 1338 4929 ab
1386 4892 1452 4931 eo
1500 4876 1762 4947 separari
1812 4878 2033 4946 nequit,
2067 4894 2182 4932 non

535 4967 891 5035 substantia,
924 4982 1113 5035 neque
1144 4964 1419 5020 omnibus
1443 4965 1568 5020 suis
1599 4965 1955 5033 actionibus,
1978 4966 2078 5021 sed
2110 4966 2185 5022 iis

536 5064 965 5128 tantum,quas
1014 5071 1083 5109 ex
1122 5054 1322 5109 habitu
1366 5058 1425 5109 et
1476 5054 1781 5110 atl'ectione
1830 5056 1899 5110 ad
1948 5072 2183 5127 corpus,

535 5149 725 5203 habet.
760 5149 1017 5212 Quarum
1050 5144 1354 5215 praecipuae
1385 5148 1524 5198 sunt
1553 5144 1843 5213 etl'ectivaa,
1869 5143 1958 5199 hae
1987 5150 2182 5201 autem

532 5238 791 5292 actiones
825 5233 1083 5306 separari
1117 5250 1149 5288 a
1181 5249 1421 5305 corpore
1456 5249 1568 5287 non
1604 5239 1852 5303 possunt
1884 5252 1897 5289 :
1932 5251 2066 5289 nam
2100 5235 2183 5290 si-

538 5324 657 5381 mul
695 5341 761 5379 ac
793 5327 1136 5394 corruptum
1171 5328 1260 5377 est
1291 5339 1651 5395 corpus,una
1681 5340 1913 5395 quoque
1944 5330 2191 5395 pereunt

528 5415 613 5470 hae
648 5413 863 5469 mentis
895 5412 1178 5480 actiones,
1201 5429 1349 5483 quas
1378 5430 1447 5467 ex
1478 5412 1891 5483 conjunctione
1921 5415 2183 5486 corporis

528 5503 784 5559 habebat
818 5520 830 5557 :
864 5506 919 5557 et
948 5502 1447 5573 quemadmodum
1481 5503 1861 5573 gubernator,
1888 5504 1987 5575 qui
2022 5504 2184 5560 navis

529 5592 709 5648 motio
740 5596 852 5661 est,
886 5591 1025 5663 quia
1055 5608 1166 5646 non
1200 5595 1430 5647 tantum
1460 5592 1839 5663 gubernator,
1872 5593 1973 5649 sed
2005 5594 2181 5650 etiam

530 5682 700 5736 homo
732 5686 843 5749 est,
870 5685 926 5735 et
956 5697 1071 5751 qua
1104 5678 1277 5737 homo
1310 5685 1417 5751 est,
1453 5698 1700 5738 manens
1732 5686 1898 5739 actus
1931 5698 2032 5739 seu
2065 5700 2185 5739 mo-

2294 4696 2350 4754 δί
2377 4700 2475 4767 τὴν
2504 4698 2796 4767 αὐξητικὴν
2825 4697 2859 4766 ὴ
2894 4697 3181 4771 θρεπτική.

2360 4790 2483 4846 Ὃτι
2528 4788 2556 4842 6
2587 4790 2709 4848 νοῦς
2752 4785 2888 4840 κατὰ
2944 4782 3333 4861 Ἀριστοτέλην
3395 4781 3599 4838 δύναιτ’
3653 4784 3713 4837 ἂν
3745 4782 3953 4838 ἰντελέ-

2292 4896 2419 4954 χεια
2446 4881 2542 4931 τοῦ
2590 4876 2841 4947 σώματος
2887 4872 3156 4949 λέγεσθαι,
3198 4874 3287 4927 καὶ
3332 4872 3469 4928 κατὰ
3498 4876 3660 4926 τοῦτο
3717 4872 3933 4947 ἀχώριο

2294 4967 2417 5029 στός
2447 4967 2555 5021 ἔστι
2585 4968 2681 5020 τοῦ
2725 4964 3003 5037 σώματος,
3052 4961 3174 5018 οὔτε
3200 4966 3270 5036 τῇ
3329 4961 3506 5033 οὐσίᾳ,
3567 4958 3693 5016 οὔτε
3750 4963 3951 5021 πάσαις

2293 5054 2456 5110 αὐτοῦ
2511 5058 2630 5115 ταῖς
2690 5050 3007 5129 ἐνεργείαις.
3068 5049 3215 5105 ἀλλὰ
3251 5049 3497 5123 ταύταις,
3559 5046 3620 5111 ἃς
3674 5047 3836 5123 ’ίσχεὶ
3893 5048 3947 5101 ἐκ

2291 5147 2388 5214 τὴς
2447 5144 2682 5219 σχίσεως
2743 5148 2843 5211 τῆς
2875 5142 3009 5217 πρὸς
3037 5140 3099 5195 τὸ
3149 5144 3329 5213 σῶμα,
3386 5140 3459 5193 ὧν
3527 5136 3767 5211 μάλιστα
3818 5135 3943 5193 εἰσιν

2295 5236 2349 5289 αἱ
2405 5232 2730 5309 πρακτικαί.
2793 5231 2962 5286 Αὐται
3022 5227 3078 5285 δὲ
3150 5230 3410 5304 ἐνέργειαι
3467 5228 3781 5304 ἀχώριστοι
3848 5227 3949 5281 eis?

2292 5328 2389 5378 τοῦ
2450 5324 2748 5395 σώματος’
2808 5320 2921 5393 ἅμα
2992 5319 3093 5395 γὰρ
3152 5323 3231 5391 τῷ
3284 5324 3553 5395 φθαρῆναι
3627 5317 3691 5371 τὸ
3760 5318 3938 5389 σῶμα,

2294 5412 2713 5490 συμφθείρονται
2756 5410 2844 5464 καὶ
2878 5411 2931 5463 αί
2959 5412 3206 5464 τοίαὖται
3262 5411 3359 5462 τοῦ
3412 5411 3509 5462 νοῦ
3566 5406 3864 5481 ὲνὲργειαι,
3896 5408 3949 5464 ἃς

2296 5504 2356 5558 ὲκ
2400 5508 2499 5570 τῆς
2546 5501 2785 5576 σχέσεως
2842 5496 2972 5573 ἔσχε
3027 5501 3123 5552 τοῦ
3177 5496 3463 5568 σώματος.
3519 5494 3619 5550 Καὶ
3681 5494 3871 5571 ὥσπερ
3924 5496 3951 5548 6

2292 5587 2655 5667 κυϐερνήτης,
2716 5586 3029 5663 ὶντελεχεια
3086 5585 3159 5641 ὧν
3214 5592 3313 5655 τῆς
3369 5584 3526 5657 νεὼς,
3559 5581 3753 5653 ἐπειδὴ
3789 5582 3951 5652 δὴού

2300 5684 2460 5756 μόνον
2495 5674 2835 5755 κυϐερνήτης
2873 5676 3037 5748 ἔστὶν,
3086 5673 3233 5731 ἀλλὰ
3261 5676 3351 5730 καί
3413 5676 3441 5729 6
3504 5674 3823 5751 ἄνθρωπος,
3880 5675 3949 5735 ὁ(
