4060 6348
111 439 146 497 1
163 436 285 500 073

1608 436 1712 498 DE
1755 434 2037 496 ANIMA.

3393 443 3551 502 1074

108 566 176 625 δὲ
229 567 510 646 ἄνθρωπος
571 573 744 647 μόνων
796 571 1106 650 έντελὲχεια
1151 581 1252 646 τῆς
1292 573 1448 644 νεὼς,
1476 569 1644 643 ταύτῃ
1671 587 1762 622 και

1883 565 1958 623 tio
1989 566 2156 623 navis
2186 585 2200 624 :
2235 567 2320 625 sic
2351 569 2527 626 etiam
2582 571 2655 626 ab
2704 587 2770 627 eo
2818 587 2933 627 non
2967 573 3095 644 quit
3149 572 3434 644 separari,
3464 572 3547 629 ita

103 658 421 734 ἀχώριστός
481 659 643 716 έστιν·
680 661 823 717 οὕτω
881 663 970 718 καὶ
1030 666 1064 734 ἡ
1119 664 1364 740 ἡμετέρα
1419 660 1598 737 φυγὴ,
1631 655 1776 711 ἐντε-

103 746 309 822 λέχεια
368 749 498 805 οὖσα
549 756 650 808 τοῦ
705 753 984 825 σώματος,
1013 754 1184 828 ταύτῃ
1237 751 1362 808 ἄνευ
1393 751 1648 824 σώματος
1679 745 1779 800 οὐκ

112 835 181 891 ἂν
215 833 329 909 εἴη.
365 837 585 909 Ἐπειδή
619 838 674 897 δὶ
705 835 824 916 ἔχει
852 843 1003 904 τινὰς
1051 843 1141 897 καὶ
1195 842 1472 918 χωριστὰς
1521 839 1775 912 σώματος

101 925 407 1004 ἐνεργείας,
438 929 532 992 τὰς
581 932 702 1006 περὶ
749 936 858 986 τῶν
907 937 1119 1002 νοητῶν
1168 953 1336 1009 φημι,
1370 931 1446 993 εἷς
1479 929 1541 992 ’ὰς
1574 927 1638 982 οὐ
1675 923 1774 998 μό-

96 1037 196 1072 νον
249 1017 310 1072 06
354 1012 731 1092 συμϐάλλεται
787 1021 850 1075 τὸ
890 1025 1070 1094 σῶμα,
1104 1020 1251 1078 ἀλλά
1301 1020 1394 1076 καὶ
1457 1013 1772 1092 έμποδίζει·

97 1103 388 1182 πρόδηλον
421 1105 504 1163 ὅτι
538 1109 626 1163 καὶ
654 1110 754 1179 τήν
787 1109 971 1165 οὐσίαν
1002 1108 1107 1181 ἕξει
1137 1111 1422 1186 χωριστὴν
1476 1112 1603 1169 νοῦς
1651 1105 1776 1164 τότε

99 1195 243 1251 οὖσα
271 1199 358 1252 καὶ
389 1195 686 1274 λεγομένη,
719 1199 896 1254 οὐκέτι
933 1201 1027 1272 μέν
1057 1221 1148 1257 τοι
1181 1202 1334 1276 ψυχὴ
1383 1199 1429 1255 εἰ
1479 1199 1557 1272 μή
1612 1194 1770 1252 δυνά-

99 1305 236 1358 μει·
281 1287 461 1364 ὥσπερ
515 1287 604 1343 καί
661 1287 715 1344 έν
773 1291 988 1364 σώματι
1048 1292 1200 1360 οὖσα,
1253 1291 1315 1346 οὐ
1368 1287 1598 1363 δυνάμει
1660 1285 1771 1342 ἐστὶ

99 1394 263 1438 νους,

181 1484 307 1537 ’Ότι
366 1482 432 1538 τὰ
483 1488 616 1557 ζῶα,
675 1486 831 1563 φησὶ,
895 1485 1112 1562 μετέχει
1170 1493 1273 1556 τῆς
1340 1491 1634 1559 θρεπτικῆς
1681 1483 1770 1538 καὶ

112 1570 446 1643 αἶσθητικῆς
506 1569 824 1647 δυνάμεως·
886 1572 977 1630 διὰ
1034 1574 1092 1631 δὲ
1145 1577 1244 1647 τήν
1305 1576 1626 1646 αἰσθητικὴν
1683 1569 1772 1629 καὶ

92 1666 206 1730 τῆς
263 1659 572 1736 ὀρεκτικῆς,
622 1663 711 1718 καὶ
772 1664 1177 1734 κατασκευάζει,
1237 1663 1321 1720 ὅτι
1375 1663 1590 1725 πάντως
1648 1659 1773 1717 ἔνθα

97 1746 207 1826 κᾶν
271 1750 372 1822 μία
425 1748 674 1822 αἴσθησις
733 1751 788 1827 ᾖ,
849 1753 1052 1829 ἀνάγκη
1111 1755 1242 1810 εἶναι
1312 1752 1601 1826 ἐπιθυμίαν
1679 1750 1768 1806 καὶ

103 1834 313 1914 ὄρεξιν.
342 1840 441 1894 Διά
495 1845 656 1896 τοῦτο
703 1839 796 1896 οὖν
841 1843 910 1898 τὰ
958 1847 1070 1912 ζῶα
1109 1842 1354 1914 αἴσθησιν
1413 1837 1532 1917 ἔχει
1572 1842 1769 1896 πάντα·

1886 657 2062 713 etiam
2119 658 2355 714 animus
2403 664 2623 729 noster,
2654 662 2754 732 qui
2807 661 3016 716 anima;
3065 662 3245 716 motio
3293 666 3402 729 est,
3435 662 3544 718 hoc

1888 753 2056 820 pacto
2107 749 2233 804 sine
2287 766 2528 822 corpore
2557 766 2687 806 esse
2718 752 2942 822 nequit,
2975 752 3074 807 sed
3106 753 3382 822 quoniam
3433 752 3539 807 ali-

1887 853 2038 908 quas
2087 837 2264 894 habet
2295 856 2326 893 a
2360 855 2600 911 corpore
2632 839 2989 912 separabiles
3041 839 3320 907 actiones,
3347 841 3416 895 de
3447 857 3535 896 re-

1885 925 1997 981 bus
2030 926 2474 982 intellectilibus
2506 927 2752 1000 dico,ad
2787 946 2935 1001 quas
2967 946 3077 984 non
3104 930 3382 985 conducit
3410 946 3534 984 cor-

1886 1031 2018 1086 pus,
2043 1016 2143 1070 sed
2176 1032 2276 1072 eas
2297 1017 2473 1072 etiam
2506 1017 2772 1089 impedit,
2798 1018 3177 1074 manifestum
3199 1023 3290 1074 est
3320 1019 3536 1074 mentis

1885 1103 2276 1176 separabilem
2311 1105 2431 1162 fore
2481 1106 2896 1173 substantiam,
2931 1123 3058 1178 quae
3106 1112 3246 1163 tunc
3276 1111 3334 1164 et
3364 1125 3533 1164 mens

1883 1197 1995 1260 est,
2026 1199 2082 1248 et
2111 1193 2346 1262 dicitur,
2380 1198 2440 1251 at
2468 1212 2582 1250 non
2617 1195 2814 1251 anima
2841 1195 2955 1252 nili
2989 1200 3274 1268 potestate
3299 1213 3311 1253 :
3337 1213 3536 1269 quem-

1883 1281 2202 1339 admodum
2230 1284 2406 1340 etiam
2439 1301 2572 1340 cum
2607 1289 2696 1340 est
2727 1285 2784 1340 in
2817 1302 3077 1358 corpore,
3101 1302 3214 1342 non
3247 1291 3336 1343 est
3365 1303 3534 1342 mens

1883 1376 2190 1444 potestate.

1954 1479 2271 1545 Animalia,
2296 1479 2506 1552 inquit,
2531 1480 2723 1538 alendi
2747 1487 2802 1538 et
2833 1482 3120 1538 sentiendi
3141 1483 3260 1538 vim
3291 1483 3531 1550 habent,

1881 1571 1939 1624 et
1970 1585 2074 1640 per
2103 1569 2391 1625 sentiendi
2417 1575 2788 1642 potestatem,
2814 1571 2987 1628 etiam
3015 1572 3528 1643 appetendi.Quod

1881 1657 1965 1714 sic
1995 1659 2224 1729 probat,
2259 1660 2398 1731 quia
2429 1661 2524 1715 ubi
2555 1661 2640 1716 vel
2671 1678 2826 1716 unus
2856 1678 3068 1717 sensus
3100 1661 3295 1732 fuerit,
3323 1659 3402 1717 ibi
3433 1678 3529 1716 cu-

1881 1745 2182 1816 piditatem
2217 1751 2271 1801 et
2311 1748 2703 1818 appetentiam
2753 1765 2882 1805 esse
2913 1766 3150 1805 necesse
3197 1755 3308 1805 est.
3341 1751 3529 1816 Quare

1882 1834 2161 1890 animalia
2191 1836 2390 1892 omnia
2419 1853 2658 1893 sensum
2691 1838 2908 1894 habent
2933 1856 2946 1894 :
2971 1839 3029 1894 in
3061 1839 3339 1894 omnibus
3367 1839 3525 1894 enim

95 1927 158 1983 έν
220 1934 351 1983 πᾶσι
398 1930 503 2006 γάρ
553 1931 769 1992 πάντως
813 1930 954 1986 έστὶν
987 1933 1022 2001 ἡ
1056 1933 1188 2010 ἁφὴ,
1221 1929 1317 1987 κᾶν
1369 1933 1441 2005 μή
1491 1952 1574 1992 τις
1620 1927 1768 1998 ἄλλη

1883 1924 2122 1980 omnino
2147 1929 2236 1981 est
2262 1929 2476 1996 tactus,
2509 1926 2618 1982 etsi
2666 1927 2869 1983 nullus
2898 1928 2975 1983 sit
3005 1929 3157 1983 alius
3189 1945 3420 1984 sensus.
3455 1932 3527 1983 At

95 2021 217 2072 τῶν
281 2016 605 2090 αἰσθήσεων.
637 2021 699 2077 Ἠ
756 2017 813 2075 δέ
878 2019 1128 2090 αἴσθησις
1173 2026 1270 2076 τοῦ
1317 2018 1479 2090 ἡδέος
1528 2020 1617 2076 καὶ
1673 2023 1772 2075 τοῦ

103 2103 370 2181 λυπηροῦ
399 2103 892 2181 ἀντιλαμϐάνεται·
929 2108 1054 2174 ἔνθα
1103 2107 1170 2179 δὴ
1213 2110 1276 2165 τὸ
1319 2107 1446 2180 ἡδὺ,
1476 2109 1586 2164 ἐκεῖ
1638 2110 1772 2164 πάν-

100 2215 220 2257 τως
272 2196 361 2251 καὶ
417 2196 452 2267 ἠ
504 2195 765 2271 ἐπιθυμία
811 2198 902 2253 καὶ
963 2195 1160 2274 ὄρεξις.
1205 2200 1268 2256 Ἦ
1337 2201 1441 2274 γὰρ
1509 2197 1774 2272 ἐπιθυμία

99 2287 208 2339 τοῦ
266 2281 428 2354 ἡδέος
479 2283 623 2341 ἐστὶν
678 2283 853 2365 ἔφεσις
885 2306 897 2319 ·
958 2285 1124 2359 ἔνθεν,
1182 2287 1272 2343 καὶ
1324 2287 1391 2342 τὰ
1451 2282 1622 2361 μόνης
1675 2294 1773 2357 τῆς

106 2374 257 2444 ἁφῆς
293 2375 614 2449 μετέχοντα,
653 2376 884 2451 ὁρῶνται
926 2372 1258 2453 διαχεόμενα
1298 2375 1635 2452 προσιόντων
1666 2381 1773 2431 τῶν

102 2459 318 2532 ἡδέων·
355 2461 764 2537 συστελλόμενα
822 2462 900 2533 δὲ,
954 2464 1208 2542 λυπηροῦ
1266 2487 1413 2531 τινος
1459 2465 1772 2542 προσπελά·

106 2571 324 2613 σαντος.
356 2552 558 2628 Ὀρίζει
603 2551 662 2609 δὶ
709 2555 808 2624 τήν
852 2550 1050 2631 ὄρεξιν,
1100 2555 1382 2629 ἐπιθυμίᾳ,
1419 2561 1599 2629 θυμῷ,
1638 2557 1772 2631 βου-

104 2637 291 2712 λήσει·
332 2638 555 2698 ἕκαστον
613 2643 717 2719 γὰρ
773 2645 981 2698 τούτων
1040 2639 1214 2718 ὄρεξίς
1263 2646 1348 2709 τίς
1405 2645 1538 2702 ἐστι.
1590 2642 1772 2714 Δῆλον

96 2726 158 2784 δὶ
202 2729 286 2785 ὅτι
333 2730 484 2801 ἁπλῆ
541 2731 638 2804 μὶν
687 2728 861 2808 ὄρεξις
910 2737 989 2804 τῷ
1039 2733 1343 2806 αἰσθητικῷ
1373 2732 1564 2796 ἁπλῶς
1601 2735 1770 2810 ὑπάρ-

95 2839 286 2895 χουσα
317 2820 579 2898 φαίνεται.
614 2821 696 2878 Οὐ
751 2827 895 2877 πᾶσα
927 2819 984 2877 δὶ
1015 2817 1190 2895 ὄρεξις
1237 2823 1395 2879 παντὶ
1448 2824 1768 2896 αἱσθητικῷ“

101 2912 226 2970 τοῖς
279 2909 375 2980 μὲν
431 2909 530 2985 γὰρ
589 2910 690 2979 τὴν
749 2911 890 2988 ἁφὴν
953 2911 1122 2984 μόνην
1185 2909 1406 2988 ἔχουσιν
1441 2914 1475 2982 ἡ
1504 2915 1623 2967 κατ’
1649 2911 1768 2967 έπι-

107 2997 315 3070 θυμίαν
347 2995 580 3074 ὑπάρχει
614 2995 806 3075 ὄρεξις·
841 3007 958 3062 τοῖς
1011 2997 1069 3056 δὲ
1116 3000 1290 3064 πάσας
1328 3001 1421 3064 τὰς
1473 3000 1769 3072 αἰσθήσεις,

106 3087 201 3139 καὶ
231 3089 269 3155 ἠ
320 3089 456 3142 κατὰ
514 3087 709 3162 θυμόν.
741 3090 1008 3165 Ὀρῶνται
1054 3091 1156 3167 γὰρ
1204 3092 1272 3146 τὰ
1318 3095 1541 3147 τοιαῦτα
1596 3090 1772 3164 ἀμυν-

114 3177 245 3230 τικά
277 3171 424 3234 ὄντα.
457 3177 520 3234 Ἡ
552 3175 608 3232 δὲ
643 3177 909 3254 βούλησις
943 3181 1112 3253 μόνου
1143 3179 1258 3235 έστί
1282 3185 1380 3237 τοῦ
1411 3180 1602 3257 λόγου,
1634 3179 1773 3235 ὥστε

111 3264 430 3338 ὁμωνύμως
457 3267 491 3336 ἡ
526 3263 723 3340 ὄρεξις,
754 3268 846 3323 καὶ
875 3271 910 3339 ἡ
953 3267 1216 3343 ἐπιθυμία
1247 3268 1303 3325 δὶ
1352 3269 1630 3332 ὡσαύτως.
1666 3269 1766 3327 Καὶ

151 3318 172 3337 ,ν
201 3318 232 3319 η
465 3318 491 3336 .,
533 3318 548 3322 -
597 3318 723 3339 Ὗς,
756 3318 844 3323 --_-
883 3318 910 3339 -,
953 3318 1107 3334 -.--,,-
1167 3318 1216 3324 ,π
1250 3318 1302 3325 η
1354 3318 1630 3332 eum-..“
1666 3318 1766 3327 --ν-

102 3353 212 3430 γάρ
245 3357 281 3423 ἠ
317 3350 488 3430 ὄρεξις
540 3318 758 3432 λέγεται
814 3357 908 3430 μὲν
962 3358 1052 3412 καὶ
1100 3318 1320 3426 κοινῶς,
1353 3357 1441 3413 ἐπί
1487 3379 1545 3414 τε
1593 3361 1768 3431 θυμοῦ

1883 3351 2132 3423 demque
2186 3353 2479 3424 cupiditas
2524 3355 2919 3410 communiter
2970 3371 2984 3410 :

98 3442 194 3497 καὶ
259 3441 572 3516 ἐπιθυμίας,
603 3445 693 3500 καὶ
748 3449 847 3501 τοῦ
902 3445 1104 3523 λόγου·
1137 3445 1228 3502 καί
1283 3448 1388 3522 γὰρ
1444 3451 1553 3502 τῶν
1610 3449 1764 3503 θείων

99 3532 397 3607 ὀρέγεσθαί
457 3555 653 3611 φαμεν,
706 3533 796 3589 καὶ
872 3533 1183 3609 ἐπιστήμης
1254 3536 1554 3612 ὀρέγεσθαι.
1614 3539 1766 3594 Ἔστι

90 3619 156 3676 δὶ
185 3621 283 3676 καὶ
317 3618 634 3697 ἲδικώτερον
669 3623 937 3701 λεγομένη
983 3620 1182 3701 ὄρεξις,
1215 3625 1301 3681 έπὶ
1359 3631 1467 3681 τῶν
1527 3631 1767 3705 φυσικῶν

88 3711 397 3780 κινήσεων,
457 3709 1020 3786 ἀντιδιαστελλομένη
1075 3715 1212 3791 πρὸς
1271 3715 1363 3770 τὸν
1419 3712 1608 3791 λόγον.
1671 3717 1770 3770 Καὶ

90 3797 374 3872 έπιθυμία
432 3799 713 3872 ὡσαύτως,
741 3802 776 3870 ἡ
815 3800 909 3874 μὶν
969 3800 1081 3856 ἐστὶ
1133 3804 1316 3872 κοινὴ,
1348 3805 1384 3874 ἡ
1419 3801 1476 3859 δὶ
1524 3803 1766 3860 ἀντιδια-

99 3885 457 3962 στελλομένη
491 3888 627 3965 πρὸς
657 3889 848 3963 θυμὸν,
879 3889 967 3945 καὶ
996 3892 1088 3946 τὸν
1122 3890 1313 3968 λόγον.

167 3998 296 4050 Ὅτι
357 3996 421 4051 οὐ
473 3995 696 4072 λέγουσι
743 3997 807 4052 τὸ
857 4001 975 4075 φῶς
1025 4002 1224 4072 σῶμα·
1265 3999 1382 4056 έπεὶ
1432 3999 1490 4056 δὲ
1548 3998 1768 4078 λέγουσι

90 4105 248 4147 τινες
279 4085 344 4139 τὸ
377 4089 490 4163 φῶς
522 4089 683 4160 σῶμα
733 4087 890 4158 εἶναι,
925 4085 1144 4166 λέγουσι
1196 4089 1425 4169 σφαῖράν
1474 4111 1596 4146 τινα
1656 4111 1769 4168 φω-

87 4175 190 4238 τὸς
252 4171 502 4248 προϊέναι
560 4171 620 4229 ἐκ
675 4175 771 4229 τοῦ
830 4173 1017 4244 ἡλίου.
1067 4179 1215 4233 Ἐπεὶ
1279 4175 1336 4232 δέ
1382 4179 1473 4234 καὶ
1528 4179 1556 4234 6
1608 4177 1770 4249 ﬁlio;

91 4262 395 4340 σφαιρικός
429 4281 441 4294 ·
503 4261 615 4318 ἔστι
672 4261 729 4318 δὲ
786 4263 1072 4342 σφαιρικὸς
1119 4266 1208 4320 καὶ
1269 4267 1297 4322 ὁ
1355 4267 1460 4341 ἀήρ
1493 4288 1505 4302 ·
1564 4268 1766 4345 ἀνάγκη

85 4359 249 4408 πᾶσα
304 4353 404 4421 τήν
461 4357 559 4407 τοῦ
610 4353 790 4432 φωτὸς
824 4359 1052 4432 σφαῖραν
1086 4361 1384 4429 προϊοῦσαν
1417 4358 1554 4431 πρὸς
1598 4359 1768 4431 ἡμᾶς,

86 4443 125 4513 ἢ
163 4440 338 4495 ὠθεῖν
369 4442 467 4510 τήν
497 4447 724 4520 σφαῖραν
766 4445 863 4497 τοῦ
915 4443 1095 4519 ἀέρος·
1127 4445 1216 4500 καὶ
1265 4441 1408 4501 οὕτω
1450 4447 1542 4502 τὸν
1598 4447 1767 4502 τόπον

87 4532 279 4599 αὐτῆς
308 4525 1026 4611 καταλαϐοῦσανηφωτέζειν
1059 4535 1151 4589 τὸν
1199 4534 1324 4610 περῖ
1372 4537 1518 4607 ἡμᾶς
1573 4536 1767 4594 τόπον.

90 4620 161 4678 Εἰ
197 4615 639 4694 καταλαμϐάνει,
673 4619 822 4676 ἔσται
877 4621 1030 4676 κενὸν
1088 4622 1247 4698 ἀέρος
1302 4624 1364 4680 τὸ
1424 4625 1766 4704 πεφωτισμέ-

89 4731 191 4766 νον
252 4708 639 4786 ἡμισφαίριον,
701 4711 834 4786 ὅπερ
893 4708 1174 4770 ἀδύνατον.
1236 4712 1303 4767 Ei
1371 4712 1429 4769 δὲ
1481 4715 1556 4788 μὴ
1616 4714 1764 4781 ὠθεῖ,

91 4796 234 4854 οὐδὲ
293 4798 540 4875 φωτίζει,
602 4797 740 4855 ὥστε
802 4802 878 4874 μή
938 4801 1335 4876 ἀφικνούμενον
1395 4802 1472 4868 εἷς
1522 4807 1688 4877 ἡμᾶς·
1722 4804 1768 4859 εἱ

92 4885 157 4942 δὲ
192 4887 448 4962 χωρήσει
498 4884 569 4942 δι’
601 4886 789 4958 αὐτῆς,
824 4885 970 4944 ἔσται
1022 4893 1183 4962 σῶμα
1233 4888 1326 4946 διὰ
1377 4891 1630 4966 σώματος
1674 4913 1766 4946 κε-

94 4974 392 5052 χωρηκός·
419 4973 449 5030 ὅ
477 4996 532 5030 τι
561 4996 661 5051 περ
693 4973 976 5033 ἀδύνατον.
1018 4977 1085 5035 Ei‘
1139 4976 1196 5033 δὶ
1240 4977 1455 5053 λέξουσι
1502 5001 1659 5050 τινες,
1692 4981 1768 5043 ὡς

93 5063 254 5120 ἄλλο
286 5068 450 5138 σῶμα
506 5062 726 5120 δύναται
784 5073 1035 5142 χωρῆσαι
1087 5063 1176 5122 διὰ
1224 5069 1500 5142 σώματος·
1532 5069 1770 5144 μάλιστα

94 5155 202 5227 μὲν
233 5154 265 5208 ὁ
315 5152 480 5228 λόγος
521 5151 808 5216 ἀδύνατος.
840 5153 998 5213 Οὕτω
1047 5156 1153 5233 γὰρ
1195 5153 1444 5229 ἤμελλεν
1475 5160 1502 5214 ὁ
1543 5159 1772 5234 οὐρανὸς

88 5245 148 5300 ἐν
210 5243 438 5319 κέγχρῳ
510 5239 764 5296 δύνασθαι
846 5241 1115 5320 λέγεσθαι.
1176 5245 1406 5302 Ἔπειτα
1460 5247 1504 5302 εἷ
1559 5245 1648 5304 διὰ
1704 5248 1768 5304 τὸ

88 5331 276 5388 ἄυλον
301 5331 462 5401 εἶναι,
493 5327 716 5386 δύναται
746 5339 1001 5407 χωρῆσαι
1037 5329 1129 5388 διὰ
1177 5339 1276 5389 τοῦ
1321 5337 1595 5410 σώματος’
1629 5338 1770 5413 ἐκώ.

57 5439 268 5499 ’ρησεν
327 5417 388 5474 ἃν
443 5419 506 5474 οὐ
559 5419 726 5494 μόνον
795 5417 864 5475 δι’
913 5422 1092 5497 ἀέρος,
1126 5420 1276 5478 ἀλλὰ
1329 5424 1420 5480 καὶ
1478 5423 1546 5481 δι’
1594 5425 1768 5484 ἄλλου

93 5513 358 5567 ὁτουοῦν.
392 5509 487 5571 Τίς
545 5510 648 5585 γὰρ
706 5511 741 5579 ἡ
793 5509 1184 5586 ἀποκλήρωσις
1240 5510 1342 5581 εἷή,
1391 5512 1558 5571 ἄυλον
1611 5521 1770 5590 σῶμα

96 5599 197 5656 διὰ
227 5599 486 5671 σώματος
527 5598 662 5654 εἶναι
705 5603 950 5677 χωροῦν,
990 5601 1067 5674 μὴ
1119 5603 1212 5657 καὶ
1257 5599 1349 5658 διὰ
1405 5605 1601 5667 παντὸς
1650 5626 1769 5682 χω-

99 5695 220 5768 ρεῖν
246 5707 262 5758 ;
296 5687 436 5744 ὥστε
464 5683 571 5744 ἔδει
601 5689 692 5744 καὶ
729 5687 820 5745 διὰ
845 5694 954 5746 τῶν
984 5695 1214 5768 στερεῶν
1265 5693 1532 5767 σωμάτων
1586 5699 1774 5770 χωρῆ-

99 5802 197 5837 σαι
251 5778 317 5833 τὸ
367 5782 504 5858 φῶς·
541 5775 632 5834 διὰ
680 5785 784 5854 γῆς
836 5777 1002 5855 λέγω,
1041 5779 1133 5836 καὶ
1182 5785 1290 5855 τῷν
1341 5782 1569 5856 ὁμοίων.
1622 5783 1773 5840 Διατί

1881 2029 2094 2070 sensus
2115 2015 2451 2085 jucundum
2496 2021 2554 2071 et
2593 2016 2905 2072 molestum
2939 2018 3186 2089 percipit
3217 2035 3230 2072 :
3264 2017 3363 2072 ubi
3395 2034 3526 2072 vero

1874 2104 2232 2174 jucundum,
2260 2103 2340 2160 ibi
2371 2105 2665 2177 cupiditas
2695 2111 2752 2161 et
2781 2106 3117 2179 appetentia
3147 2107 3224 2162 sit
3251 2111 3479 2179 oportet
3513 2123 3525 2162 :

1883 2193 2174 2265 cupiditas
2195 2194 2348 2249 enim
2366 2194 2615 2266 jucundi
2639 2201 2729 2266 est
2752 2196 3048 2268 appetitus
3073 2212 3086 2250 :
3111 2200 3166 2251 et
3187 2212 3312 2267 quae
3335 2195 3527 2251 solum

1882 2281 2106 2338 habent
2153 2288 2372 2339 tactum
2433 2285 2732 2352 animalia,
2775 2285 3102 2341 diffundere
3151 2303 3212 2340 se
3260 2285 3534 2340 videntur

1883 2370 1932 2426 si
1955 2371 2223 2442 jucunda
2252 2375 2638 2443 accesserint;
2687 2374 2951 2430 contrahi
2985 2391 3119 2430 vero
3150 2373 3200 2430 si
3232 2373 3370 2446 quid
3406 2390 3532 2429 mo-

1881 2460 2016 2516 lesti
2049 2462 2500 2534 appropinquet.
2533 2464 2938 2535 Appetentiam
2966 2467 3162 2519 autem
3186 2461 3530 2535 cupiditate,

1882 2549 1969 2605 ira
2011 2556 2070 2606 et
2114 2550 2414 2607 voluntate
2473 2552 2707 2620 deﬁnit;
2749 2552 2959 2607 borum
3019 2553 3176 2607 enim
3230 2550 3534 2623 quodlibet

1882 2641 2218 2710 appetentia
2247 2645 2374 2696 est:
2409 2639 2657 2712 simplex
2703 2657 2838 2696 vero
2885 2641 3184 2712 appetitus
3215 2640 3273 2695 in
3306 2640 3530 2696 instru-

1882 2732 2080 2784 mento
2130 2728 2419 2785 sentiendi
2469 2747 2710 2802 prorsus
2769 2730 2965 2785 inesse
3013 2731 3263 2786 videtur.
3297 2732 3366 2785 At
3413 2746 3528 2786 non

1882 2817 2042 2872 omni
2075 2817 2298 2885 sensui,
2329 2819 2522 2874 omnis
2554 2819 2706 2874 inest
2736 2820 3054 2891 appetitus.
3089 2819 3166 2874 lis
3199 2819 3378 2889 enim,
3403 2835 3530 2890 quas

1882 2905 2070 2960 solum
2105 2905 2324 2962 habent
2371 2911 2618 2973 tactum,
2651 2909 2976 2964 secundum
3010 2908 3393 2980 cupiditatem
3427 2925 3529 2980 ap-

1883 2995 2103 3066 petitus
2134 2995 2308 3052 inest.
2341 2998 2413 3052 At
2462 3014 2590 3068 quae
2641 2995 2916 3053 omnibus
2966 2998 3240 3053 sensibus
3289 2998 3534 3069 praedita

1883 3089 2040 3153 sunt,
2076 3084 2148 3140 iis
2197 3085 2372 3141 etiam
2407 3087 2478 3141 ad
2512 3088 2659 3141 iram
2693 3085 3006 3158 propensio
3054 3091 3161 3143 est.
3196 3085 3323 3142 Haec
3373 3087 3532 3142 enim

1882 3174 1953 3228 ad
1998 3173 2404 3231 ulciscendum
2454 3180 2794 3248 comparata
2840 3176 3130 3231 videntur.
3164 3179 3236 3230 At
3265 3173 3535 3231 voluntas

1881 3262 2066 3318 solius
2097 3270 2185 3319 est
2226 3265 2490 3335 rationis,
2526 3270 2590 3320 ut
2636 3270 2693 3320 et
2739 3265 3036 3338 appetitus
3086 3265 3404 3337 aaquivoce,
3438 3265 3532 3319 iti-

3035 3355 3171 3410 item
3222 3355 3294 3411 de
3341 3355 3428 3410 ira
3478 3359 3536 3410 et

1878 3441 2328 3512 concupiscente
2355 3448 2413 3497 et
2445 3443 2668 3498 ratione
2698 3443 2916 3498 dicitur
2945 3444 3241 3515 appetitus
3267 3461 3280 3501 :
3305 3461 3442 3500 nam
3473 3448 3532 3500 et

1879 3527 2106 3584 divinas
2139 3547 2229 3586 res
2275 3531 2530 3586 dicimur
2576 3536 2867 3602 expetere,
2917 3537 3042 3587 tum
3094 3538 3153 3588 et
3198 3532 3528 3589 scientiam.

1877 3617 1985 3673 Sed
2020 3618 2251 3689 proprie
2289 3635 2355 3673 ac
2399 3635 2600 3690 presse
2631 3619 2820 3692 magis
2869 3620 3085 3676 dicitur
3133 3621 3428 3692 appetitus
3460 3623 3530 3676 de

1879 3707 2248 3764 naturalibus
2306 3709 2562 3764 motibus
2613 3709 2826 3766 rationi
2883 3711 3208 3781 oppositus.
3264 3709 3528 3781 Itemque

1879 3795 2172 3868 cupiditas
2203 3796 2319 3853 alia
2362 3797 2696 3854 communis
2736 3803 2845 3868 est,
2877 3798 2995 3854 alia
3043 3797 3320 3854 irascenti
3351 3801 3409 3853 et
3437 3814 3532 3853 ra-

1878 3885 2022 3942 tioni
2055 3886 2344 3958 opposita.

1951 3993 2163 4048 Lucem
2226 4011 2344 4049 non
2391 3999 2603 4050 vocant
2651 4010 2908 4066 corpus:
2957 3995 3097 4065 quia
3150 4010 3282 4049 vero
3338 3993 3530 4050 lucem

1880 4081 2146 4138 nonnulli
2177 4097 2391 4153 corpus
2441 4099 2570 4139 esse
2620 4083 2846 4154 dicunt,
2880 4083 3170 4156 sphaeram
3212 4084 3530 4156 quamdam

1880 4170 2127 4226 luminis
2158 4172 2295 4226 oriri
2329 4189 2398 4227 ex
2429 4171 2551 4228 sole
2583 4172 3178 4236 asserunt.Quoniam
3200 4189 3334 4229 vero
3357 4177 3416 4228 et
3445 4172 3531 4228 sol

1880 4262 2170 4317 rotundus
2213 4266 2322 4327 est,
2354 4267 2480 4317 tum
2530 4263 2707 4317 etiam
2740 4278 2858 4332 aer,
2882 4279 3122 4334 prorsus
3155 4279 3391 4318 necesse
3419 4266 3529 4330 est,

1879 4350 2171 4423 sphaeram
2206 4351 2476 4420 luminis,
2499 4368 2626 4422 quae
2657 4352 2728 4406 ad
2778 4369 2883 4407 nos
2913 4353 3092 4420 venit,
3116 4352 3202 4407 vel
3233 4351 3527 4424 sphaeram

1881 4442 2034 4496 aeris
2063 4440 2385 4512 expellere:
2411 4441 2612 4512 sicque
2642 4447 2922 4512 occupato
2962 4442 3091 4512 ejus
3122 4440 3246 4496 loco
3277 4442 3529 4497 circum-

1875 4529 2099 4600 jectum
2144 4530 2315 4585 nobis
2361 4529 2552 4585 locum
2601 4529 2956 4586 illuminare.
2989 4530 3051 4585 Si
3097 4535 3363 4602 occupat,
3397 4546 3529 4586 aere

1877 4635 2060 4674 vacua
2081 4620 2194 4674 erit
2215 4620 2459 4674 dimidia
2478 4619 2864 4691 sphaera,qua:
2884 4619 3220 4676 illuminata
3239 4624 3346 4688 est,
3371 4621 3528 4692 quod

1877 4709 2202 4764 absurdum
2239 4727 2252 4764 :
2286 4713 2345 4764 at
2374 4707 2423 4764 si
2455 4725 2568 4764 non
2601 4709 2860 4781 expellit,
2893 4725 3083 4781 neque
3123 4709 3262 4765 item
3302 4708 3528 4765 illumi-

1879 4802 2000 4867 nat,
2027 4802 2092 4852 ut
2122 4813 2251 4868 qua
2283 4797 2353 4852 ad
2388 4813 2494 4852 nos
2544 4803 2889 4868 perventura
2938 4815 3053 4853 non
3086 4798 3181 4854 sit.
3218 4803 3287 4854 At
3315 4798 3364 4853 si
3397 4815 3526 4855 eam

1878 4887 2230 4956 penetrabit,
2280 4902 2492 4955 corpus
2539 4903 2572 4939 a
2620 4902 2860 4957 corpore
2909 4887 3327 4958 penetrabitur,
3369 4889 3526 4959 quod

1879 4975 2003 5031 ﬁeri
2055 4991 2171 5030 non
2220 4978 2433 5046 potest.
2475 4975 2574 5030 Sin
2625 4991 2758 5029 vero
2805 4975 3002 5030 dicent
3045 4975 3221 5046 aliqui
3273 4993 3443 5048 posse
3493 4995 3527 5032 a

1877 5082 2119 5138 corpore
2166 5064 2458 5137 penetrari
2508 5080 2742 5135 corpus,
2776 5065 3271 5122 absurdissimum
3302 5066 3359 5120 id
3393 5083 3524 5138 pro-

1879 5160 2026 5214 fecto
2056 5158 2164 5210 est.
2214 5152 2310 5209 Sic
2340 5153 2496 5208 enim
2547 5157 2746 5222 posset
2791 5151 2850 5206 in
2901 5153 3047 5207 miiii
3081 5170 3262 5224 grano
3311 5154 3519 5210 cmlum

1879 5243 2184 5302 contineri.
2217 5241 2456 5306 Deinde,
2491 5241 2539 5294 si
2572 5242 2725 5310 quod
2774 5241 3028 5296 materiae
3062 5243 3138 5296 sit
3167 5259 3372 5313 expers
3402 5244 3521 5314 lux,

1878 5351 2092 5406 corpus
2139 5336 2444 5404 penetrare
2494 5334 2705 5401 potest,
2753 5335 3116 5400 penetrasset
3164 5347 3277 5384 non
3329 5332 3522 5387 solum

1880 5440 2092 5488 aerem,
2127 5422 2228 5478 sed
2261 5419 2419 5475 aliud
2453 5418 2759 5490 quodlibet
2805 5434 3020 5489 corpus
3051 5434 3064 5470 :
3101 5434 3234 5472 nam
3268 5435 3396 5488 quae
3425 5420 3527 5476 illa

1878 5511 2132 5570 conditio
2179 5515 2354 5575 esset,
2393 5512 2450 5562 et
2508 5507 2957 5562 immateriatum
3019 5522 3255 5577 corpus,
3314 5523 3526 5577 corpus

1879 5608 2230 5678 penetraret,
2282 5618 2388 5658 nec
2446 5617 2620 5656 omne
2667 5600 2922 5671 corpus?
2980 5601 3181 5671 Itaque
3237 5605 3527 5672 oporteret

1877 5695 2054 5750 etiam
2111 5693 2300 5748 lucem
2361 5690 2550 5747 solida
2607 5706 2842 5762 quoque
2899 5707 3142 5762 corpora
3198 5695 3522 5763 penetrare,

1877 5789 2096 5841 terram
2126 5781 2256 5838 dico
2293 5785 2354 5837 et
2400 5779 2638 5838 similia.
2669 5779 2884 5844 Quidni
2925 5796 3083 5853 ergo,
3117 5796 3249 5836 cum
3293 5780 3379 5835 sol
3411 5781 3522 5836 sub
