4060 6348
542 438 570 495 1
582 434 702 495 0'75

1885 414 2308 479 MICHAELIS
2356 415 2619 474 PSELLI

3826 411 3958 471 1076

545 576 705 627 terra
751 573 860 639 est,
890 584 1005 623 non
1056 582 1191 622 eum
1242 582 1424 639 supra
1470 569 1687 620 terram
1736 561 2026 623 videmus,
2066 554 2197 610 luce

2321 548 2405 605 οὖν
2431 553 2505 624 μή
2533 551 2621 605 καὶ
2659 550 2763 606 ὑπὸ
2789 551 2889 619 τήν
2921 554 3025 626 γῆν
3058 548 3213 613 ὄντος
3237 554 3335 605 τοῦ
3365 548 3530 621 ἡλίου
3561 552 3791 627 ὁρῶμεν
3845 552 3956 626 Mdg

552 667 766 715 terram
803 674 1037 729 quoque
1072 658 1448 727 penetrante?
1486 653 1726 721 Deinde,
1755 651 1802 705 si
1834 650 1932 704 lux
1962 662 2192 717 corpus,

552 765 740 805 aerem
775 764 989 819 corpus
1042 753 1325 817 penetret,
1362 744 1526 798 illum
1559 747 1822 813 oporteat
1869 737 2197 793 densiorem

552 844 608 893 et
654 838 999 893 crassiorem
1048 834 1195 901 ﬁeri,
1232 841 1434 889 contra
1482 848 1657 904 quam
1706 828 2084 900 experimur:
2118 829 2199 877 te-

2308 642 2407 709 τὴν
2462 646 2589 715 γῆν,
2637 644 2734 695 τοῦ
2787 642 2965 715 φωτὸς
3023 641 3112 696 καὶ
3170 639 3259 695 διὰ
3316 647 3417 710 τῆς
3470 648 3572 717 γῆς
3626 646 3959 716 χωροῦντος,

2310 731 2539 786 Ἔπειτα
2570 729 2620 783 εἷ’
2651 735 2808 803 σῶμα
2838 731 2896 784 ὃν
2926 732 2988 785 τὸ
3019 734 3154 808 φῶς,
3186 735 3365 806 χωρεῖ
3417 727 3505 785 διὰ
3554 731 3827 804 σώματος
3883 728 3961 783 τοῦ

2312 818 2490 894 ἀέρος,
2524 815 2630 874 ἔδει
2688 823 2777 874 καὶ
2822 821 2885 874 τὸ
2934 818 3063 875 ὅλον
3123 819 3450 894 πυκνότερον
3509 821 3597 874 καὶ
3657 821 3961 895 παχύτερον

552 926 725 983 nuior
756 925 911 981 enim
956 926 1022 979 ﬁt
1073 942 1168 979 aer
1218 923 1572 992 illustmtus,
1605 915 2107 992 quemadmodum
2155 911 2203 969 si

2321 908 2570 984 γίνεσθαι.
2611 912 2722 964 Νῦν
2784 906 2841 963 δὲ
2895 908 3207 964 τούναντίον
3242 928 3257 942 ’
3319 907 3834 985 λεπτομερέστερος
3880 907 3963 982 γὰρ

551 1032 767 1087 aquam
790 1019 949 1070 terra
978 1014 1193 1085 capiat,
1218 1018 1273 1068 et
1302 1011 1489 1081 major
1509 1011 1611 1065 fiat
1630 1026 1699 1064 ex
1729 1007 1995 1078 utrisque
2016 1004 2203 1069 locus,

551 1104 792 1160 omnino
843 1119 1080 1159 necesse
1129 1108 1220 1157 est
1267 1116 1482 1171 corpus
1531 1115 1601 1154 ex
1650 1097 1913 1167 utrisque
1962 1091 2204 1148 densius

551 1191 679 1248 fieri
712 1209 726 1248 :
759 1192 844 1247 sic
882 1208 1075 1247 aerem
1132 1206 1268 1246 cum
1327 1189 1427 1244 lux
1487 1186 1800 1243 accesserit
1858 1182 2200 1237 crassiorem

552 1280 681 1337 ﬁeri
712 1296 950 1337 necesse
979 1284 1070 1337 est
1100 1298 1113 1336 :
1151 1295 1308 1334 nunc
1355 1293 1488 1334 vero
1523 1275 1709 1331 multo
1757 1289 1928 1329 secus
1974 1270 2208 1326 tenuior

555 1370 713 1427 enim
741 1378 797 1426 et
826 1369 1099 1426 subtilior
1123 1370 1209 1424 fit.

626 1589 743 1665 (10)
775 1591 945 1646 Forte
973 1585 1063 1643 καὶ
1095 1588 1142 1642 εὶ
1168 1593 1265 1665 γῆ.

2314 997 2477 1074 ὁάὴρ
2536 998 2908 1075 φωτιζόμενος
2966 996 3193 1074 γίνεται,
3228 998 3409 1074 ὥσπερ
3466 998 3558 1053 καὶ
3619 997 3670 1053 ἐν
3731 1002 3813 1073 γῇ
3867 998 3964 1067 (10)

2318 1088 2560 1161 χωρήσει
2592 1084 2757 1162 ὕδωρ·
2790 1088 2877 1141 καὶ
2943 1088 3199 1159 μείζωνὸ
3241 1086 3292 1157 ἐξ
3351 1087 3555 1165 ἀμφοῖν
3614 1089 3837 1164 γίνεται
3889 1084 3965 1139 τό·
4032 1106 4037 1113 ί

2315 1197 2435 1247 πος,
2469 1178 2702 1250 Ἀνάγκη
2764 1182 2908 1231 πᾶσα
2961 1177 3022 1231 τὸ
3081 1176 3132 1246 ἐξ
3185 1177 3390 1249 ἀμφοῖν
3450 1181 3607 1249 σῶμα
3656 1175 3967 1252 παχύτερον

2316 1264 2573 1337 γίνεσθαι.
2608 1264 2767 1321 Οὕτω
2800 1261 2857 1319 δὶ
2910 1266 2997 1319 καὶ
3052 1265 3143 1319 τὸν
3202 1264 3333 1341 ἀέρα
3388 1265 3594 1341 ἀνάγκη
3657 1263 3969 1340 παχύτερον

2316 1356 2581 1429 γενέσθαι,
2640 1354 2933 1429 γενομένου
2983 1359 3081 1409 τοῦ
3138 1356 3359 1432 φωτός·
3393 1360 3483 1410 νῦν
3544 1353 3603 1410 δὶ
3659 1350 3971 1409 τούναντίον

2318 1441 2814 1518 λεπτομερέστερος
2841 1442 3068 1519 γίνεται.

2013 1930 2525 2030 ΨΗΜΩΥ

958 2139 1067 2190 ΟΤΙ
1104 2138 1192 2189 TA
1234 2136 1604 2191 KINHMATA
1642 2135 1774 2187 ΤΗΣ
1815 2132 2053 2184 ΨΥΧΠΣ
2094 2129 2377 2181 ΕΟΙΚΑΣΙ
2417 2125 2583 2181 ΤΑΙΣ
2623 2127 2751 2177 ΤΩΝ
2790 2126 3141 2180 ΟΥΡΔΝΙΩΝ
3180 2125 3542 2178 ΚΙΝΗΣΕΣΙ.

1976 2386 2552 2483 PSELLI

1152 2601 1342 2666 QUOD
1381 2598 1633 2656 ΑΝῙΜΑΞ
1671 2595 1917 2653 MOTUS
1955 2590 2430 2652 COELESTIBUS
2471 2588 2792 2646 MOTIBUS
2832 2588 3129 2646 SIMILES
3172 2589 3359 2646 SINT.

564 2910 684 2963 Τῶν
717 2907 1091 2982 πρωτοτύπων
1124 2907 1360 2983 οὐρανοῦ
1388 2904 1705 2977 κινημάτων

568 2996 667 3051 Καὶ
698 3001 804 3052 τῶν
837 2996 888 3053 έν
922 2998 1071 3069 αὐτῷ
1100 2999 1389 3074 προσφυῶν
1419 2995 1754 3067 παθημάτων

568 3084 741 3161 Εὕρῃς
772 3088 897 3162 παρ’
927 3088 1063 3160 ἡμῖν
1094 3084 1305 3147 εἰκόνας
1333 3082 1735 3160 κεκρυμμένας.

562 3180 617 3228 '0
648 3180 772 3238 νοῦς
804 3175 907 3251 γὰρ
942 3178 1126 3249 ἡμῶν,
1161 3177 1248 3229 οἵα
1280 3174 1532 3249 λαμπρὸς
1566 3172 1874 3251 φωσφόρος,

562 3266 664 3319 Τὸν
698 3264 859 3333 ἥλιόν
894 3287 1012 3329 πως
1041 3265 1287 3333 είκονίζει
1323 3262 1642 3341 πανσόφως·

566 3359 675 3423 Τῆς
709 3350 755 3407 δ’
783 3354 847 3408 αὗ
880 3353 1121 3424 σελήνης
1152 3353 1294 3409 ἐστὶν
1325 3355 1360 3423 ἡ
1392 3353 1544 3428 ψυχὴ
1577 3352 1764 3414 τύπος.

576 3442 619 3499 Ο
655 3443 749 3514 μὶν
782 3443 911 3518 γὰρ,
945 3442 1017 3503 ὡς
1047 3440 1362 3511 κάλλιστος,
1396 3442 1469 3503 ὡς
1501 3440 1723 3518 φωστὴρ
1758 3437 1944 3513 μέγας,

556 3528 720 3593 Ὁλος
757 3528 983 3607 διαυγής
1012 3530 1154 3586 ἐστιν
1188 3525 1629 3605 ἀστραπηϐόλοςο

562 3621 733 3696 Ψυχή
768 3618 846 3693 δὲ,
879 3625 1258 3697 προσπεσοῦσα
1290 3621 1544 3693 σώματος
1573 3618 1751 3687 φύσει,

559 3710 647 3780 Ἐξ
681 3708 937 3783 ἡμισείας
972 3711 1153 3787 ὥσπερ
1196 3711 1419 3784 αὐγάζει
1456 3709 1643 3782 μόνον.

562 3799 639 3855 Τὸ
671 3800 762 3871 μὶν
794 3798 916 3875 γὰρ,
950 3798 1026 3861 εἷς
1059 3797 1182 3854 νοῦν
1214 3802 1505 3875 προσφυῶς
1538 3794 1860 3872 ἀνηγμένον,

567 3888 759 3949 Φωτὸς
796 3886 1075 3964 μετέσχεν,
1114 3887 1295 3963 ὥσπερ
1324 3886 1383 3942 ἐκ
1410 3887 1631 3961 πρώτου
1668 3886 1835 3963 φάους
1861 3901 1874 3914 °

562 3977 633 4030 Τὸ
665 3973 710 4031 δ’
742 3975 806 4031 αὗ
838 3997 920 4052 γε,
952 3979 1090 4050 πρὸς
1122 3974 1371 4047 αἴσθησιν
1403 3975 1634 4048 ἐμπεσὸν
1663 3972 1831 4042 κᾶτω,

564 4064 664 4120 Καὶ
696 4066 875 4143 φωτὸς
907 4066 1185 4141 ἠμοίρησε
1216 4066 1301 4121 καὶ
1336 4064 1559 4125 σκότους
1592 4062 1769 4137 γέμει.

579 4155 623 4211 Ο
659 4155 752 4227 μὲν
784 4154 884 4229 γὰρ
917 4153 1189 4225 ἀκούτησε
1218 4158 1326 4209 τῶν
1356 4152 1466 4208 ἄνω
1498 4152 1704 4227 λόγων,

562 4232 719 4306 Βρύει
753 4231 968 4310 διαυγεῖ
994 4238 1304 4311 γνωστικιῖκ
1335 4230 1653 4306 λαμπηδόνι
1683 4253 1695 4266 ο

2244 2901 2291 2966 Β
2320 2898 2383 2954 Ἡ
2416 2894 2495 2964 δὲ,
2526 2897 2661 2973 πρὸς
2692 2896 2829 2973 αὖτῇ
2857 2902 2926 2972 τῇ
2960 2896 3085 2969 σκίᾷ
3112 2898 3423 2969 καθημένη,

2321 2988 2554 3043 Ἐκεῖθεν
2586 2987 2910 3062 ἠμαύρωσεν
2943 2988 3113 3057 αὐτῆς
3145 2987 3244 3056 τὴν
3278 2986 3433 3064 φύσιν

2324 3076 2421 3130 Καί
2446 3097 2562 3139 πως
2595 3074 2901 3146 σκοτώδης,
2934 3075 3145 3153 ἀχλύος
3174 3073 3560 3149 πεπλησμένη,

2322 3162 2738 3241 Ύποδραμοῦσα
2764 3167 2855 3220 τὸν
2887 3166 3084 3236 νοητὸν
3118 3165 3431 3243 φωσφόρον,

2324 3253 2591 3329 Συνέσχεν
2623 3253 2786 3310 αὐτοῦ
2813 3254 2909 3317 τὰς
2942 3252 3182 3330 διαυγεῖς
3214 3251 3528 3325 λαμπάδας.

2324 3342 2486 3397 Κάκεῖ
2517 3342 2612 3414 μέν
2646 3342 2757 3398 ἔστι
2780 3349 2875 3417 γῆ,
2907 3340 3138 3413 σελήνη,
3170 3336 3483 3420 φωσφόρος,

2323 3437 2492 3506 Ψυχή
2527 3430 2585 3486 δὶ
2611 3430 2701 3486 καὶ
2732 3432 2859 3507 σὰρξ
2892 3429 2999 3487 ὧδε
3026 3430 3117 3487 καὶ
3147 3436 3271 3493 νοῦς
3299 3430 3652 3508 προσφόρως.

2320 3521 2415 3576 Ἑν
2446 3516 2537 3574 οὗν
2570 3521 2705 3595 πρὸς
2728 3515 2782 3577 ἓν
2810 3542 2927 3583 πως
2957 3520 3182 3588 ἀντίθες,
3214 3516 3362 3589 πλὴν
3393 3517 3660 3593 εὐλόγως,

2323 3610 2465 3683 Πρὸς
2493 3606 2655 3678 ἥλιον
2688 3613 2835 3678 νοῦν,
2869 3614 3031 3683 σῶμα
3059 3608 3197 3685 πρὸς
3227 3615 3328 3684 γῆν
3361 3606 3615 3676 εὐθέτως,

2323 3696 2435 3765 Τὴν
2465 3699 2711 3772 ψυχικὴν
2742 3694 2799 3752 δὶ
2828 3698 2965 3772 πρὸς
2998 3696 3234 3769 σελήνην
3258 3696 3441 3753 οὐσίαν
3461 3717 3474 3731 ·

2324 3786 2384 3842 Ὁ
2420 3787 2515 3859 μὲν
2546 3788 2650 3862 γὰρ
2678 3785 3009 3862 αὐτόχρημα
3039 3786 3216 3862 φωτὸς
3246 3785 3401 3840 οὐσία
3424 3802 3438 3818 ο

2325 3875 2403 3931 Τὸ
2434 3878 2595 3947 σῶμα
2624 3874 3015 3948 λαμπρότητος
3044 3875 3401 3951 ἐστερημένον
3426 3894 3439 3907 ’

2325 3967 2493 4041 Ψυχή
2522 3962 2601 4035 δὲ,
2630 3967 2979 4041 τυγχάνουσα
3013 3967 3149 4039 μέση
3182 3970 3290 4022 τῶν
3324 3963 3440 4033 δύο,

2322 4055 2393 4109 Τὸ
2428 4056 2523 4127 μὲν
2553 4053 2775 4131 τέτευχε
2804 4056 3003 4133 φωτὸς,
3035 4056 3111 4117 ὡς
3141 4060 3237 4110 νοῦ
3266 4052 3524 4125 πλησίον,

2325 4144 2401 4201 Τὸ
2431 4140 2479 4198 δ’
2511 4144 2572 4198 οὐ
2600 4142 2872 4219 τέτευχεν,
2905 4143 3065 4220 ἐγγὺς
3096 4145 3231 4199 οὖσα
3259 4142 3549 4216 σωμάτων.

633 4411 1068 4468 Primitivorum
1111 4413 1239 4468 coeli
1274 4417 1568 4480 motuum,
1599 4416 1656 4467 et
1705 4428 1907 4466 earum
1941 4427 2069 4481 quas
2100 4410 2213 4482 ipsi
2249 4413 2291 4480 C
2330 4412 2658 4467 secundum
2691 4412 2998 4468 scientiam
3045 4411 3338 4480 claritate;
3387 4410 3571 4467 altera
3616 4427 3773 4473 vero,
3817 4412 3981 4481 juxta

562 4500 779 4556 innata:
811 4511 950 4557 sunt
984 4502 1351 4573 passionum,
1387 4502 1651 4557 invenias
1695 4501 1849 4571 apud
1883 4516 1988 4556 nos
2019 4516 2217 4555 recon-

563 4589 719 4646 ditas
750 4590 1058 4663 imagines.
1090 4592 1252 4648 Mens
1304 4593 1461 4649 enim
1496 4596 1721 4660 nostra,
1755 4594 1821 4645 ut
1871 4588 2219 4661 splendidus

562 4676 789 4748 lucifer,
816 4680 998 4738 solem
1045 4682 1300 4755 quodam
1335 4682 1507 4737 modo
1538 4676 1975 4751 sapientissimo
2008 4693 2217 4750 repre-

566 4773 779 4824 sentat.
814 4770 989 4826 Luna!
1020 4776 1218 4828 autem
1260 4776 1350 4827 est
1399 4775 1457 4825 et
1508 4768 1709 4824 anima
1756 4767 2214 4839 repraesentatio.

566 4856 672 4912 Ille
689 4859 945 4929 quidem,
964 4863 1028 4914 ut
1045 4860 1511 4932 pulcherrimum
1530 4862 1587 4914 et
1604 4873 1882 4930 magnum
1904 4855 2215 4923 luminare,

563 4947 748 5003 totius
779 4948 1129 5021 splendidus
1158 4952 1215 5004 et
1245 4946 1745 5021 fulgurajaciens.
1780 4945 1991 5001 Anima
2020 4950 2216 5001 autem

565 5052 695 5107 quas
717 5036 777 5091 in
801 5038 1063 5109 corporis
1086 5041 1359 5093 naturam
1401 5036 1627 5104 incidit,
1656 5040 1937 5107 tanquam
1973 5035 2219 5091 dimidia

564 5129 728 5194 parte
755 5129 984 5181 tantum
1009 5123 1299 5197 splendet.
1327 5126 1487 5191 Quod
1520 5126 1677 5181 enim
1708 5124 1768 5179 in
1798 5128 2055 5179 mentem
2086 5127 2219 5191 apte

563 5213 886 5269 adductum
927 5222 1033 5285 est,
1067 5214 1313 5271 luminis
1364 5222 1451 5270 est
1500 5214 1790 5286 particeps
1835 5218 2118 5283 tanquam
2151 5228 2219 5268 ex

564 5301 755 5372 prima
792 5303 949 5373 luce;
1001 5306 1155 5375 quod
1188 5308 1385 5361 autem
1416 5304 1489 5359 ad
1521 5320 1732 5359 sensus
1781 5303 1933 5357 infra
1981 5300 2217 5368 decidit,

566 5388 812 5448 luminis
853 5410 1053 5450 exsors
1082 5398 1193 5463 est,
1228 5397 1283 5449 et
1312 5392 1570 5449 tenebris
1594 5391 1848 5465 plenum.
1878 5390 2066 5447 Altera
2088 5390 2219 5462 qui-

570 5476 703 5533 dem
737 5479 925 5535 audiit
956 5497 1215 5554 superna
1242 5482 1419 5538 verba
1461 5485 1520 5537 et
1549 5482 1764 5537 referta
1791 5483 1883 5537 est
1910 5478 2221 5551 splendida

2330 4500 2519 4571 ipsam
2553 4502 2824 4556 umbram
2857 4503 3089 4569 sedens,
3122 4501 3259 4556 inde
3305 4499 3641 4557 obscuravit
3670 4515 3844 4554 suam
3874 4516 3978 4553 na.

2326 4594 2544 4645 turam.
2579 4591 2647 4645 Et
2695 4591 2950 4662 quodam
3000 4589 3174 4645 modo
3205 4589 3538 4649 tenebroso.
3588 4586 3845 4659 caligine
3888 4604 3975 4642 re-

2328 4677 2505 4751 pleta,
2536 4677 2971 4751 intelligibilem
3010 4677 3202 4735 lucem
3247 4682 3455 4750 praeter
3482 4692 3746 4743 currens,
3782 4676 3978 4747 splen-

2326 4767 2495 4823 didos
2541 4766 2711 4823 illum
2742 4768 2938 4825 radios
2969 4767 3301 4824 coarctavit.
3333 4767 3405 4822 Et
3452 4770 3544 4822 est
3591 4765 3835 4837 quidem
3866 4764 3976 4820 illi:

2325 4860 2502 4924 terra,
2544 4856 2705 4926 luna,
2739 4857 3042 4930 splendor,
3087 4856 3297 4913 anima;
3348 4854 3430 4912 ibi
3460 4870 3616 4917 vero,
3637 4859 3695 4910 et
3740 4870 3882 4910 caro
3926 4860 3977 4909 et

2327 4963 2495 5003 mens
2527 4946 2819 5004 similiter.
2852 4947 3043 5004 Unum
3091 4948 3274 5020 igitur
3319 4944 3487 5004 alteri
3516 4944 3775 5017 quodam
3812 4943 3977 4999 modo

2326 5035 2590 5107 opponit,
2622 5043 2896 5092 caeterum
2950 5036 3354 5108 probabiliter.
3384 5034 3506 5092 Soli
3535 5039 3823 5102 mentem,
3856 5049 3978 5089 cor~

2328 5141 2438 5196 pus
2469 5129 2657 5195 terras,
2681 5125 2997 5181 animalem
3029 5124 3429 5181 substantiam
3462 5124 3634 5179 lunas.
3659 5123 3833 5180 Mens
3861 5124 3980 5195 qni-

2326 5214 2457 5267 dem
2516 5213 2757 5269 omnino
2806 5213 2955 5269 lucis
3014 5214 3368 5279 substantia,
3410 5228 3625 5284 corpus
3672 5211 3976 5282 splendore

2328 5306 2513 5371 caret;
2549 5302 2748 5358 anima
2794 5318 2951 5371 vero,
2981 5301 3135 5358 inter
3175 5317 3245 5358 ea
3275 5301 3490 5370 media,
3524 5300 3725 5355 lumen
3774 5302 3978 5357 sortita

2330 5395 2395 5446 ut
2424 5392 2600 5447 menti
2636 5394 2987 5463 propinqua,
3014 5391 3255 5449 aliunde
3304 5406 3420 5448 non
3467 5389 3679 5447 sortita
3708 5397 3826 5460 est,
3856 5404 3973 5446 cum

2328 5480 2676 5552 corporibus
2700 5480 2891 5537 vicina
2917 5479 3019 5537 sit.
