4010 6360
121 461 276 520 lO'i'l
1215 459 1287 517 IN
1340 455 1953 518 PSYCHOGUNIAM
1998 454 2301 514 PLATON
2316 451 2406 511 IS.
3376 438 3537 499 1078

633 832 1037 963 ΤΟΥ
1184 829 2040 961 ΨΕΛΛΟΥ
2193 818 3037 953 ΜΙΧΑΗΛ

1767 1086 1883 1137 ΕΙΣ

346 1289 658 1385 ΤΗΝ
774 1284 1849 1385 ΨΥΧΟΓΟΝΙΑΝ
1980 1284 2283 1380 ΤΟΥ
2396 1280 3324 1381 ΠΛΑΤΩΝΟΣ.

662 1687 1997 1842 MICHAELIS
2172 1552 3021 1839 PSELLI

1523 1998 2150 2063 COMMENTARIUS

759 2229 895 2324 IN
968 2227 1975 2325 PSYCHOGONIAM
2051 2228 2916 2326 PLATONICAM.

1019 2445 1121 2518 (Ex
1150 2444 1404 2502 editione
1433 2444 1619 2502 Caroli
1648 2444 1948 2503 Guilielmi
1983 2447 2219 2518 Linder,
2252 2445 2662 2519 Upsaliensis.)

1420 2837 1980 2901 ARGUMENTUM
2024 2840 2255 2901 LIBRI.

209 3047 271 3103 In
306 3046 497 3118 prima
526 3049 689 3119 parte
718 3062 854 3102 cum
887 3045 958 3101 de
990 3044 1222 3100 duobus
1244 3042 1363 3100 illis
1396 3060 1589 3100 rerum
1622 3044 1941 3117 generibus
1972 3044 2332 3118 disputatur,
2355 3063 2605 3119 quorum
2637 3048 2888 3105 alterum
2922 3072 2949 3099 ‹‹
2983 3051 3074 3105 est
3103 3047 3553 3121 sempiternum,

134 3140 440 3202 constans,
473 3134 666 3191 omnis
697 3149 904 3207 expers
933 3131 1384 3197 vicissitudinis,
1419 3148 1523 3187 nec
1568 3149 1829 3204 unquam
1865 3138 2082 3203 ortum,
2111 3134 2385 3203 alterum,
2418 3136 2572 3209 quod
2604 3136 2779 3193 habet
2807 3154 2875 3193 ea
2904 3153 3032 3209 quis
3063 3137 3331 3208 subjecta
3362 3139 3555 3191 muta-

138 3226 324 3282 tionis
352 3223 746 3280 vicissitudini
778 3229 955 3295 atque
993 3227 1271 3295 generata
1320 3226 1460 3277 sunt
1485 3222 1593 3291 (a),
1629 3244 1657 3271 »
1689 3238 1757 3277 ex
1789 3223 2010 3295 quibus
2040 3225 2357 3295 generibus
2387 3225 2763 3298 componitur
2809 3226 3015 3283 animas
3067 3225 3398 3291 harmonia,
3427 3229 3554 3280 tum

139 3315 279 3370 inde
310 3315 382 3369 ab
414 3314 561 3385 ipsis
591 3313 714 3368 suis
764 3311 952 3367 initiis
982 3328 1051 3367 ea
1080 3311 1367 3383 repetitur
1412 3326 1794 3366 numerorum
1827 3313 2310 3384 proportionibus
2342 3315 2636 3372 declarata
2685 3333 2749 3372 ao
2798 3316 3092 3388 descripta
3124 3314 3451 3381 harmonia,
3484 3312 3558 3369 ad

137 3421 316 3475 quam
348 3408 467 3459 tota
516 3402 771 3475 exigitur
817 3401 1029 3457 animai
1078 3401 1392 3455 mundanae
1438 3399 1740 3455 fabricatio
1764 3401 1860 3471 (ὁ).
1893 3402 2129 3457 Accedit
2179 3403 2413 3460 inversa
2442 3406 2711 3476 quaedam
2760 3412 2937 3479 atque
2985 3406 3298 3461 immutata
3347 3405 3556 3460 harum

138 3509 339 3549 rerum
370 3490 773 3562 interpretatio
796 3491 892 3561 (c).
924 3492 987 3546 In
1034 3490 1292 3545 secunda
1335 3488 1707 3544 harmoniam
1739 3488 1902 3544 illam
1937 3489 2080 3545 solis
2130 3508 2511 3549 numerorum
2544 3494 3022 3567 preportionibus
3070 3493 3461 3567 persequitur.
3496 3494 3560 3549 In

137 3581 318 3638 tertia
349 3581 601 3636 duorum
633 3579 869 3635 illorum
921 3578 1175 3646 orbium,
1208 3576 1412 3633 circuli
1445 3577 1871 3649 aequinoctialis
1901 3579 2030 3634 dico
2077 3584 2134 3635 et
2178 3581 2423 3649 zodiaci,
2453 3582 2791 3656 descriptio,
2822 3584 2895 3640 ad
2942 3583 3232 3652 eamdem,
3268 3598 3446 3654 quam
3500 3580 3561 3636 in

136 3670 336 3745 prima
380 3674 543 3742 parte
598 3667 995 3740 allegoricam,
1030 3672 1095 3722 ut
1124 3667 1309 3734 aiunt,
1343 3667 1699 3722 sententiam
1746 3671 2028 3722 revocata.
2064 3672 2126 3723 In
2160 3676 2369 3740 quarta
2400 3672 2654 3744 denique
2707 3677 2869 3744 parte
2928 3670 3222 3728 semitonii
3279 3668 3555 3726 sumendi

132 3762 233 3817 lex
263 3764 322 3816 et
350 3759 553 3831 regula
599 3757 939 3814 constituta.
972 3756 1074 3812 His
1122 3756 1183 3811 in
1236 3756 1412 3811 rebus
1443 3754 1789 3811 enarrandis
1822 3755 2045 3811 Psellus
2075 3763 2370 3814 auctorem
2422 3765 2661 3817 secutus
2711 3766 2802 3817 est
2853 3761 3117 3818 Proclum
3168 3758 3556 3824 Diadocbum,

134 3848 563 3923 philosophum
605 3846 774 3901 illum
826 3845 979 3901 inter
1033 3844 1503 3917 Neoplatonicos,
1538 3845 1638 3916 qui
1692 3850 1993 3916 vocantur,
2025 3848 2401 3903 eminentem.
2434 3849 2576 3920 Ejus
2607 3850 2915 3905 sententiis
2967 3867 3069 3923 pro
3117 3848 3242 3904 suis
3288 3864 3559 3921 saepenu-

134 3955 306 3995 mero
355 3938 433 3993 ita
483 3953 629 3992 usus
679 3940 789 4003 est,
823 3939 887 3990 ut
938 3934 1140 3990 multis
1192 3933 1336 3989 locis
1386 3935 1516 4005 ipsa
1544 3934 1720 3990 verba
1770 3933 1959 3991 Procli
2016 3937 2452 3993 transcriberet.
2484 3938 2659 3995 Vides
2715 3939 2897 4011 igitur
2952 3938 3011 3994 in
3069 3938 3260 3994 Psello
3317 3952 3561 4009 prorsus

132 4028 414 4085 eamdem
446 4024 750 4082 Platonica;
801 4024 1046 4080 rationis
1096 4023 1598 4096 perturbationem
1630 4027 1688 4078 et
1722 4024 2150 4093 confusionem,
2185 4042 2363 4099 quam
2407 4029 2561 4101 apud
2595 4028 3043 4101 Neoplatonicos
3088 4026 3244 4097 illos,
3276 4026 3376 4100 qui
3425 4042 3561 4082 cum

130 4116 401 4175 Platonis
431 4115 759 4172 doctrinam
811 4115 878 4169 ad
928 4129 1172 4170 suarum
1202 4112 1576 4168 voluntatum
1610 4112 2060 4170 similitudinem
2097 4122 2453 4188 revocarent,
2484 4121 2609 4174 tum
2659 4119 2727 4174 ad
2781 4135 2868 4186 ea,
2903 4135 3029 4190 quae
3083 4115 3342 4173 Platonis
3372 4119 3562 4184 erant,

131 4204 493 4279 explicanda
539 4203 898 4260 adhibebant
943 4202 1121 4259 verba
1167 4200 1516 4269 Aristotelis,
1547 4202 1628 4257 ita
1668 4206 1733 4258 ut
1775 4202 1991 4259 mirum
2022 4204 2082 4261 in
2114 4209 2357 4263 modum
2404 4208 2605 4265 omnia
2650 4208 2803 4265 inter
2847 4224 2911 4265 se
2958 4211 3289 4281 permutata
3342 4205 3463 4263 sint
3507 4207 3568 4262 et

132 4314 440 4372 perversa.

214 4467 296 4609 (ag
324 4443 505 4522 l’sell-
540 4463 823 4537 Psyches.
858 4465 903 4531 I.
932 4466 961 4532 §
986 4464 1041 4520 3.
1979 4470 2054 4541 (ο)
2082 4469 2255 4526 Psell.
2292 4470 2576 4543 Psychog.
2610 4470 2652 4538 ι,
2685 4471 2715 4545 §
2749 4472 2816 4526 12
2846 4485 2977 4542 sqq.

216 4538 271 4609 (ὸ
332 4535 823 4609 Psell..Psyohog.
853 4541 904 4605 ι,
932 4538 960 4605 §
987 4536 1024 4591 5
1049 4551 1183 4607 sqq.

216 4535 295 4609 (ὁ)
332 4535 823 4610 Psell..Psyoho§.
853 4541 904 4605 ι,
932 4538 960 4605 §
987 4536 1024 4591 5
1049 4551 1183 4607 sqq.

1414 4920 2313 4998 COMMENTARIUS

788 5148 925 5244 IN
989 5145 1993 5244 PSYCHOGONIAM
2060 5143 2925 5240 PLATONICAM.

945 5539 1022 5599 ΑΖ
2728 5529 2768 5585 Ι.

233 5653 305 5711 α’.
338 5652 415 5710 Τὸ
477 5650 571 5723 μὶν
630 5645 924 5725 λεγόμενόν
984 5644 1151 5717 ἰστιν,
1183 5644 1265 5700 ὅτι
1322 5643 1384 5699 οὐ
1436 5642 1676 5716 μάτηνή
1707 5642 1816 5725 τῷν

2002 5640 2054 5695 1.
2081 5638 2310 5695 Dictum
2334 5633 2570 5707 quidem
2593 5634 2704 5696 est,
2731 5644 2845 5683 non
2868 5630 3087 5682 temere
3104 5620 3322 5679 anobis
3344 5618 3580 5721 concin-

149 5741 358 5822 ιφιξῆς
388 5710 571 5815 Min
626 5710 832 5814 ιῧέιέις
888 5737 1026 5811 ἡμῖν
1090 5710 1478 5810 μέμηχάνητᾷι
1534 5710 1632 5785 toﬁ
1685 5748 1732 5803 πι

1999 5734 2130 5789 itam
2158 5743 2288 5786 esse
2318 5728 2611 5801 perpetua
2635 5720 2705 5777 de
2737 5716 3018 5776 relatione
3041 5714 3113 5772 ad
3136 5710 3357 5785 aliquid
3381 5710 3582 5781 dispu-
