4060 6348
471 440 632 499 10⁵79

1821 425 2237 492 MICHAELIS
2282 426 2554 488 PSELLl

3732 428 3884 487 i080

462 574 708 630 tationis
727 571 1237 643 compositionem,
1251 571 1622 642 ostendique,
1638 585 1811 626 omne
1831 565 2119 636 augendo-

2236 579 2280 612 τι
2340 565 2511 614 ποσοῦ
2574 562 2667 633 (1),
2699 560 2787 615 καὶ
2849 558 3141 625 δείκνυται,
3174 558 3258 613 ὅτι
3293 561 3327 627 ἡ
3362 558 3548 630 ἷσότης
3610 562 3882 637 στοιχεῖόν

463 678 600 717 rum
631 662 689 717 in
724 661 986 716 numeris
1029 659 1294 715 habitum
1328 659 1684 732 principium
1718 656 2115 730 aequalitatem

464 767 615 817 esse,
650 754 958 821 propterea
988 750 1142 820 quod
1184 765 1252 803 ex
1284 748 1386 804 illa
1415 764 1620 803 omnes
1652 747 1889 802 habitus
1920 743 2118 800 oriun-

462 843 560 894 tur
580 839 652 893 ad
675 853 921 909 eamque
947 842 1269 893 extremam
1299 836 1701 905 resolvuntur;
1729 852 1856 906 qua;
1880 833 2118 905 quidem

463 927 728 984 deﬁnitio
762 926 1187 999 principiorum
1241 932 1349 995 est,
1382 927 1484 981 sed
1518 926 1721 981 utilem
1771 940 1899 979 eam
1954 922 2121 977 nobis

463 1033 595 1074 esse
624 1021 682 1072 et
713 1017 783 1071 ad
807 1016 938 1071 vita
969 1033 1142 1071 usum
1168 1021 1223 1072 et
1246 1017 1317 1071 ad
1351 1016 1537 1087 ipsius
1571 1013 1956 1087 philosophias
1982 1028 2120 1067 con-

462 1105 933 1178 templationem.
967 1107 1039 1160 At
1068 1106 1214 1171 haec,
1245 1104 1501 1176 inquies,
1531 1105 1948 1160 commentatio
1980 1102 2119 1173 quid

461 1194 738 1268 proﬁcit?
770 1194 889 1250 imo
911 1200 968 1250 et
996 1195 1067 1250 ad
1103 1194 1362 1249 Platonis
1386 1196 1457 1249 de
1487 1193 1696 1249 animae
1723 1192 2124 1265 procreatione

462 1285 795 1342 doctrinam
830 1288 889 1339 et
926 1284 998 1338 ad
1033 1282 1341 1339 intervalla
1388 1283 1732 1338 harmonica
1780 1281 2125 1354 exponenda

463 1378 523 1431 et
549 1373 919 1445 explicanda.
952 1372 1328 1428 Intervallum
1363 1377 1560 1428 autem
1594 1373 2003 1427 harmonicum
2036 1376 2126 1426 est

465 1479 501 1517 a
526 1478 669 1518 voce
720 1463 792 1517 ad
843 1469 1041 1517 vo‘cem
1096 1460 1364 1532 migratio
1414 1461 1588 1529 ictus,
1620 1462 1778 1516 velut
1807 1478 1841 1516 a
1872 1461 2123 1533 graviori

466 1552 540 1607 ad
572 1550 893 1607 acutiorem
923 1549 1010 1605 vel
1051 1567 1119 1605 ex
1163 1538 1475 1605 contr‘iirio.
1512 1551 1629 1606 Vox
1660 1550 1815 1605 enim
1850 1554 1934 1606 est
1967 1554 2126 1605 certa

470 1641 742 1713 quadam
800 1640 979 1695 unius
1029 1639 1257 1696 chordas
1304 1640 1676 1707 resonantia;
1724 1639 1824 1711 qui
1877 1655 2008 1693 vero
2065 1639 2125 1693 in

470 1729 698 1785 ratione
727 1729 909 1785 diesis
938 1728 1025 1785 vel
1059 1728 1356 1784 semitonii
1386 1728 1474 1784 vel
1514 1728 1636 1784 toni
1672 1746 1706 1783 a
1735 1728 1952 1784 chorda
1982 1745 2124 1800 qua-

471 1820 608 1873 dam
639 1818 894 1874 efﬁcitur
926 1820 994 1874 ad
1038 1818 1364 1890 proximam
1396 1817 1706 1886 transitus,
1735 1818 1854 1873 sive
1890 1818 1961 1874 ad
1994 1834 2124 1890 gra-

2230 648 2340 703 ἐστι
2384 654 2479 703 τοῦ
2536 651 2795 705 παντοίου
2849 654 2954 703 τῶν
3017 648 3067 702 ἐν
3121 650 3377 723 ἀριθμοῖς
3440 650 3682 723 σχέσεων
3743 649 3887 721 πλη-

2231 746 2461 813 θυσμοῦ,
2490 739 2627 795 διότι
2664 740 2714 810 ἐξ
2764 740 2930 809 αὐτῆς
2988 747 3154 795 πᾶσαι
3214 741 3267 793 αἱ
3322 742 3535 815 σχέσεις
3596 747 3886 814 γεννῶνται

2229 830 2317 883 καὶ
2378 831 2454 894 εἷς
2510 831 2676 898 αὐτὴν
2728 829 2961 905 ἐσχάτην
2996 826 3344 899 ἀναλύονται,
3377 830 3508 905 ὅπερ
3556 831 3684 905 ὅρος
3742 852 3885 886 στοι-

2233 918 2397 993 χείων
2460 918 2619 987 ἐστὶν,
2653 918 2798 974 ἀλλὰ
2854 919 2942 973 καὶ
2993 920 3129 995 πρὸς
3193 918 3616 994 πραγματειώδη
3652 923 3745 975 καὶ
3799 943 3887 998 φι-

2234 1006 2470 1084 λόσοφον
2531 1004 2697 1070 ὅντως
2755 1008 2979 1083 θεωρίαν
3040 1007 3371 1084 χρησιμεύει
3429 1011 3601 1082 ἡμῖν·
3654 1010 3776 1064 τίνα
3835 1008 3891 1065 δέ

2232 1098 2388 1172 εἰσιν,
2443 1099 2537 1156 Εἰς
2599 1098 2630 1152 ἃ
2682 1101 2817 1171 ἡμῖν
2875 1102 2909 1167 ἡ
2969 1103 3216 1168 παροῦσα
3281 1102 3604 1173 χρησιμεύει
3662 1100 3887 1175 θεωρία,

2236 1188 2454 1263 λέγεις;
2491 1185 2567 1250 εἵς
2598 1209 2655 1243 τε
2684 1190 2782 1256 τὴν
2820 1187 3109 1244 Πλάτωνος
3166 1188 3503 1262 ψυχογονίαν
3553 1190 3642 1243 καὶ
3689 1189 3769 1250 εἰς
3822 1191 3891 1244 τὰ

2236 1279 2505 1352 ἁρμονικὰ
2553 1275 2913 1347 διαστήματα.
2949 1278 3101 1332 Ἐστι
3155 1274 3210 1330 δὲ
3261 1278 3557 1351 ἁρμονικὸν
3615 1276 3894 1351 διάστημα

2234 1368 2268 1435 ἡ
2300 1368 2404 1420 ἀπὸ
2433 1366 2677 1441 φθόγγου
2729 1366 2802 1427 εἰς
2856 1366 3091 1442 φθόγγον
3153 1360 3442 1438 μετάϐασις
3498 1373 3596 1436 τῆς
3642 1366 3895 1441 πληγῆς,

2236 1459 2351 1510 οἷον
2409 1456 2515 1510 ἀπὸ
2562 1459 2657 1510 τοῦ
2713 1454 3009 1530 βαρυτέρου
3052 1454 3128 1516 εἷς
3158 1455 3219 1508 τὸ
3257 1454 3527 1526 ὀξύτερον,
3559 1455 3593 1524 ἢ
3642 1456 3705 1510 τὸ
3768 1456 3895 1509 ἀνά-

2234 1545 2423 1600 παλιν.
2466 1545 2710 1619 Φϐόγγος
2757 1546 2857 1619 γάρ
2909 1544 3044 1597 ἐστιν
3080 1546 3113 1613 ἡ
3146 1550 3244 1613 τῆς
3305 1550 3433 1615 μιᾶς
3490 1542 3703 1620 χορδῆς
3760 1548 3895 1600 ποιά

2234 1657 2316 1697 τις
2353 1633 2658 1709 ἀπήχησις.
2690 1638 2747 1687 Ἡ
2799 1630 2845 1687 δ’
2893 1632 2984 1686 ἀπ’
3015 1632 3187 1702 αὐτῆς
3218 1633 3351 1706 πρὸς
3394 1634 3491 1701 τὴν
3555 1632 3747 1711 ἐφεξῆς
3804 1634 3893 1688 καὶ

2238 1721 2493 1801 διάφορος
2554 1722 2689 1795 αὐτῇ
2749 1723 2884 1776 κατά
2944 1722 3283 1797 βαρύτηταῆ
3335 1721 3565 1792 ὀξῦτητα
3623 1722 3675 1775 ἒν
3738 1721 3894 1795 λόγῳ

2238 1811 2479 1886 διεσιαίῳ
2508 1811 2541 1880 ἢ
2574 1812 2916 1885 ἡμιτονιαίῳ
2955 1812 2989 1881 ἢ
3020 1812 3245 1882 τονιαίῳ
3279 1813 3600 1883 μετάστασις
3643 1809 3892 1867 καλεῖται

468 1907 633 1963 viora
662 1908 727 1963 fit
757 1908 877 1964 sive
921 1908 991 1963 ad
1034 1908 1319 1975 acutoria,
1350 1906 1719 1962 intervallum
1771 1907 2121 1979 appellatur,

2238 1900 2529 1975 διάστημα’
2562 1904 2624 1957 τὸ
2657 1900 2703 1956 δ’
2734 1900 2862 1956 αὐτὸ
2910 1902 3001 1955 καὶ
3051 1900 3339 1974 ἐμμέλεια.
3375 1903 3471 1958 Ἐκ
3526 1899 3583 1956 δὲ
3629 1906 3737 1955 τῶν
3795 1901 3896 1974 ἐμ-

472 1998 749 2068 idemque
803 1996 1152 2052 modulatio.
1187 1997 1269 2051 Ex
1320 1995 1825 2052 modulationibus
1872 2001 2129 2069 systema

472 2091 667 2144 ortum
703 2104 716 2142 :
750 2103 1003 2158 quarum
1049 2086 1287 2157 quidem
1320 2102 1389 2140 ex
1418 2086 1609 2141 tribus
1660 2087 1991 2156 conjunctis
2038 2086 2127 2140 in-

470 2174 777 2232 tervallum
821 2172 1267 2245 quaternarium
1321 2178 1555 2229 constat
1597 2174 2028 2246 (diatessaron),
2062 2190 2128 2230 ex

475 2269 731 2335 quatuor
787 2268 984 2319 autem
1036 2262 1375 2333 quinarium
1427 2262 1765 2335 (diapente),
1808 2280 2131 2335 eorumque

478 2352 644 2426 prius
674 2352 735 2407 in
776 2351 1115 2422 sequitertia
1166 2352 1390 2408 ratione
1421 2358 1707 2422 versatur,
1738 2353 1798 2407 in
1850 2353 2129 2425 sesquial-

479 2445 607 2496 tera
638 2440 931 2514 posterius
963 2457 977 2496 :
1012 2457 1138 2512 quae
1171 2442 1313 2513 ipsas
1344 2442 1544 2512 primae
1576 2447 1631 2497 et
1661 2442 1960 2514 simplices
1991 2460 2130 2498 con-

482 2531 767 2587 sonantiae
799 2530 1204 2603 (symphoniae)
1238 2532 1390 2603 apud
1425 2532 1682 2587 musicos
1716 2538 2031 2588 vocantur:
2065 2550 2133 2587 ex

484 2620 863 2691 quaternario
919 2624 1115 2675 autem
1150 2625 1207 2676 et
1237 2621 1508 2691 quinario
1556 2620 1864 2676 intervallo
1896 2638 2131 2693 compo-

483 2708 646 2765 nitur
675 2712 903 2780 septem
937 2725 1143 2763 vocum
1188 2708 1559 2763 intervallum
1592 2710 1943 2782 (diapason),
1977 2712 2130 2782 quod

477 2798 541 2854 in
602 2797 784 2870 dupla
840 2797 1067 2853 ratione
1124 2797 1403 2852 cernitur.
1439 2798 1731 2869 Quidquid
1792 2804 1918 2853 tum
1976 2801 2136 2856 vocis

473 2887 880 2944 convenientia
929 2892 1055 2942 tum
1106 2887 1423 2942 unisonum
1476 2893 1729 2958 systema
1784 2888 2132 2959 appellatur,

2244 1991 2474 2065 μελειῶν
2529 1994 2592 2046 τὸ
2649 1990 2917 2062 σύστημαο
2954 1989 3011 2045 ἐκ
3063 1995 3228 2063 τριῶν
3300 1990 3394 2062 μὲν
3448 1991 3510 2044 τὸ
3565 1988 3653 2045 διὰ
3711 1989 3777 2058 δ’,
3840 1990 3901 2044 ὲκ

2237 2081 2507 2157 τεσσάρων
2565 2078 2622 2135 δὲ
2680 2078 2768 2134 διὰ
2819 2086 2873 2149 ε’,
2902 2080 2990 2133 καὶ
3038 2080 3099 2134 τὸ
3151 2080 3246 2151 μὲν
3299 2076 3387 2133 διὰ
3434 2076 3475 2134 δ’
3505 2080 3556 2133 ἐν
3611 2080 3897 2156 ἐπιτρίτῳ,

2236 2172 2297 2225 τὸ
2331 2168 2388 2225 δὲ
2418 2168 2509 2224 διὰ
2535 2171 2571 2224 ε’
2601 2170 2653 2223 ἐν
2684 2168 2935 2242 ἡμιολίῳ
2968 2168 3121 2243 λόγῳ
3177 2168 3461 2239 συνεστὼς,
3493 2170 3548 2223 αἱ
3594 2167 3681 2224 καί
3740 2174 3900 2244 πρῶ-

2236 2282 2323 2315 ται
2356 2260 2443 2315 καὶ
2478 2257 2650 2313 ἁπλαῖ
2692 2258 3000 2336 συμφωνίαι
3047 2255 3343 2313 καλοῦνται
3394 2259 3541 2333 παρὰ
3581 2265 3697 2321 τοῖς
3753 2280 3895 2333 μου-

2243 2354 2438 2411 σικοῖς·
2476 2347 2535 2402 ἐκ
2566 2345 2621 2402 δὲ
2650 2351 2745 2402 τοῦ
2776 2344 2868 2401 διὰ
2898 2343 2941 2400 δ’
2982 2347 3070 2400 καὶ
3120 2343 3208 2399 διὰ
3240 2348 3276 2400 ε’
3307 2348 3340 2415 ἡ
3388 2343 3476 2400 διὰ
3533 2352 3717 2401 πασῶν
3776 2346 3904 2420 σύγ-

2240 2460 2433 2506 κειται,
2476 2438 2526 2492 ἐν
2590 2435 2895 2492 διπλασίενι
2956 2434 3105 2510 λόγῳ
3165 2437 3537 2509 θεωρουμένη,
3588 2439 3746 2499 ’Ἡτις
3806 2437 3900 2491 καὶ

2244 2528 2525 2605 ὁμοφωνία
2576 2526 2821 2581 καλεῖται
2871 2525 2959 2580 καὶ
3015 2525 3301 2603 ὁμόφωνον
3336 2527 3605 2599 σύστημα,
3642 2525 3899 2598 σύστημα

2244 2617 2302 2672 ἐκ
2354 2617 2703 2689 ἐνστημάτων
2867 2612 3036 2687 μέλος
3088 2612 3215 2689 ἔχον
3273 2615 3757 2688 κατακορέστατον,
3794 2615 3900 2670 Καὶ

2246 2707 2435 2785 ἐφεξῆς
2490 2706 2555 2759 τὰ
2604 2703 2773 2759 λοιπᾶ
2820 2706 3160 2777 συστήματα,
3189 2701 3281 2757 ’ἕνα
3333 2705 3407 2776 μὴ
3459 2704 3631 2759 πάντα
3680 2704 3898 2778 ἐπεξερ-

2246 2816 2457 2872 χωμαι,
2492 2793 2605 2848 ἐπεὶ
2638 2792 2761 2847 οὐδὲ
2791 2793 2913 2869 περὶ
2962 2792 3168 2847 τούτων
3220 2797 3309 2847 νῦν
3360 2792 3639 2867 πρόκειται
3691 2791 3898 2868 λέγειν,

2246 2884 2391 2942 ἀλλὰ
2422 2884 2545 2939 ὅσον
2580 2880 2906 2953 ἐνδείξασθαι
2938 2883 3004 2935 τὰ
3035 2879 3323 2957 λεγόμενα.

472 2980 736 3049 systema
765 2976 894 3031 sine
923 2974 1248 3031 obstaculis
1280 2974 1710 3046 (dissonantiis)
1742 2981 1848 3042 est,
1882 2976 2471 3047 sincerissimumque
2501 2978 2739 3029 cantum
2772 2972 2968 3027 habet.
3003 2972 3219 3027 Eodem
3252 2972 3421 3028 modo
3454 2970 3682 3045 reliqua
3709 2978 3899 3044 syste-

475 3069 656 3133 mata,
690 3081 761 3121 ne
793 3064 991 3121 omnia
1038 3080 1488 3137 persequamur,
1519 3065 1798 3136 quoniam
1834 3066 1906 3121 de
1936 3066 2042 3122 hac
2088 3084 2148 3126 re
2192 3083 2347 3124 nunc
2393 3064 2587 3120 dicere
2636 3062 2999 3135 propositum
3034 3078 3151 3117 non
3183 3065 3293 3130 est,
3328 3062 3427 3118 sed
3479 3061 3579 3122 ita.
3612 3069 3680 3117 ut
3706 3078 3797 3133 ea,
3829 3063 3901 3117 de

471 3154 691 3227 quibus
722 3154 943 3211 mentio
974 3158 1084 3223 est,
1118 3154 1612 3209 demonstremus.

535 3247 589 3298 2.
611 3244 1069 3315 Sesquitertium
1090 3242 1273 3315 igitur
1294 3241 1667 3297 intervallum
1696 3242 1751 3296 in
1772 3260 1983 3315 genere
2005 3245 2121 3302 dia.

2314 3244 2378 3318 β’.
2413 3237 2845 3314 Καταδιαιρεῖται
2898 3236 2988 3292 οὖν
3029 3238 3092 3292 τὸ
3144 3236 3415 3313 ἐπίτριτον
3469 3236 3522 3291 ιν
3576 3238 3671 3310 μὲν
3725 3235 3900 3293 διατο-

472 3332 668 3388 tonico
699 3331 1011 3403 (siquidem
1044 3330 1158 3386 tria
1189 3335 1328 3386 sunt
1360 3330 1828 3386 modulationum
1863 3350 2076 3403 genera
2108 3351 2122 3391 :

473 3420 951 3486 enharmonium,
986 3420 1248 3486 chroma,
1282 3419 1609 3491 diatonum)
1645 3420 1701 3474 in
1744 3422 2125 3478 semitonium

472 3510 876 3583 (semitonium
927 3514 1149 3577 autem,
1182 3510 1337 3580 quod
1385 3509 1621 3577 dicitur,
1655 3526 1770 3564 non
1806 3528 1935 3567 vere
1982 3512 2127 3567 illud

472 3600 709 3673 quidem
736 3599 1113 3656 semitonium
1151 3605 1259 3669 est,
1282 3600 1381 3654 sed
1414 3598 1642 3669 limma)
1668 3604 1845 3671 atque
1876 3601 1932 3655 in
1960 3606 2130 3658 tonos

469 3688 839 3760 dispertitur,
874 3689 956 3743 ita
1009 3694 1073 3742 ut
1104 3688 1162 3742 in
1206 3688 1587 3742 semitonium
1622 3695 1676 3742 et
1708 3690 1821 3744 duo
1855 3689 2129 3761 deinceps

467 3782 640 3834 tonos
689 3795 874 3848 genus
919 3778 1279 3833 diatonicum
1332 3776 1645 3832 dividatur.
1681 3778 1881 3833 Tonus
1931 3785 2127 3835 autem

465 3867 877 3939 sesquioctava
903 3866 1128 3921 ratione
1152 3870 1404 3932 constat,
1430 3866 1598 3936 isque
1630 3866 1687 3919 in
1723 3864 1865 3921 illud
1900 3865 2126 3939 limma,

466 3971 598 4027 quae
629 3955 869 4027 quidem
902 3957 1094 4010 minor
1115 3954 1237 4009 toni
1263 3953 1549 4025 particula
1571 3959 1679 4022 est,
1704 3958 1760 4009 et
1791 3960 2127 4026 apotomen,

463 4049 694 4116 quaeest
714 4042 1201 4114 major,discedit.
1223 4044 1283 4096 In
1304 4058 1517 4114 genere
1536 4048 1728 4098 autem
1746 4044 2127 4101 enharmonio

462 4132 520 4189 id
555 4133 745 4190 diesin
777 4137 834 4188 et
864 4131 1052 4188 diesin
1086 4137 1142 4186 et
1172 4132 1288 4185 duo
1327 4131 1503 4186 simul
1539 4148 1713 4187 sonos
1747 4132 2128 4203 (quaternarii

460 4219 780 4292 intervalli)
836 4220 982 4274 ratio
1034 4219 1408 4285 describitur,
1442 4218 1501 4273 in
1555 4221 1852 4276 chromate
1884 4237 2016 4277 vero
2066 4221 2125 4277 in

463 4308 843 4366 semitonium
867 4312 926 4363 et
942 4306 1327 4363 semitonium
1353 4313 1411 4363 et
1432 4309 1545 4363 tria
1576 4308 1754 4364 simul
1792 4309 2124 4366 semitonia.

536 4434 620 4560 (ίᾶ
647 4432 726 4489 Τὸ
767 4430 904 4515 πρός
946 4451 1000 4485 τι
1047 4428 1214 4484 ποσόν
1267 4431 1421 4516 idem
1474 4434 1590 4489 fere
1643 4450 1773 4489 esse
1817 4438 2005 4518 atque
2060 4434 2116 4490 id

536 4522 580 4560 ιο
688 4506 1013 4560 relattonem
1080 4504 1159 4559 ad
1223 4504 1436 4560 alzauzd
1499 4510 1666 4560 vocat
1724 4506 2116 4560 Ou1ntilianus

506 4504 620 4561 uod
688 4504 1013 4560 relationem
1080 4504 1159 4559 ad
1192 4504 1436 4574 aliquid
1499 4510 1666 4560 vocat
1724 4504 2121 4572 Quintilianus

465 4573 636 4649 (lnst.
670 4576 766 4632 0r.
795 4573 1229 4649 8,44,‘21),_vel,
1270 4573 1334 4630 ut
1382 4576 1575 4631 verius
1626 4578 1837 4649 dicam,
1890 4579 2120 4634 modum

467 4646 764 4704 relationis
792 4647 871 4703 ad
899 4646 1137 4720 aliquid,
1156 4652 1406 4720 apparet
1436 4665 1569 4703 cum
1591 4664 1671 4720 ex
1699 4648 1806 4704 hoc
1836 4649 1961 4705 loco
1993 4654 2117 4703 tum

470 4735 541 4775 ex
572 4720 757 4775 Procli
779 4718 1115 4792 Comment.
1151 4718 1525 4792 ini'l‘imaeum
1583 4719 1731 4792 Plat.
1764 4737 1895 4792 pag.
1927 4722 2116 4792 213v.

464 4792 550 4862 36A
588 4807 718 4862 sqq.
769 4790 882 4862 (ed.
918 4790 1296 4862 Basil.)15‘3/4)

466 4860 558 4937 ιιαζ
588 4857 1159 4937 γεωμετρικήν-αὐτὴν
1196 4857 1385 4937 ῥητέον
1426 4857 1830 4937 (ἰηι.“ψυχι’κῆ-ν
1880 4857 2113 4937 οὐσίαν),

466 4881 558 4916 και
588 4881 966 4988 γεωμετρκην
996 4881 1159 4928 αυτην
1196 4881 1385 4934 ρητεον
1426 4881 1830 4946 μηιηψυχικην
1880 4881 2113 4933 ουσιαν),

466 4930 612 4989 ἀλλὰ
641 4934 777 5007 ιιαθί
825 4954 917 4988 σον
967 4932 1305 5007 ἀριθμητική
1357 4932 1519 5007 ἔστιν,
1552 4929 1668 5007 ἐχει
1710 4935 1811 5007 Δκαὶ
1862 4936 1960 5003 τὴν
2022 4933 2118 5007 ἀρ-

469 5006 702 5078 μονικήν
759 5006 786 5059 ὁ
838 5008 900 5061 οὗ
956 5004 1074 5060 κατ’
1115 5004 1339 5058 οὐσίαν·
1386 5004 1446 5058 τὸ
1504 5004 1620 5079 γὰρ
1665 5004 1881 5074 πλῆθος
1935 5004 2113 5077 ἡρμο-

469 5077 660 5131 σιιὲνον
696 5028 833 5131 ἔστί⁴
858 5076 921 5131 τὸ
979 5075 1031 5130 ἐν
1094 5074 1229 5131 αὐτῆ
1288 5074 1377 5129 καὶ
1439 5075 1492 5129 ἐν
1549 5076 1727 5131 ταύτῶ
1774 5076 1834 5131 τό
1891 5098 1947 5131 τε
1994 5077 2115 5131 καθ’

464 5075 660 5168 σμένον
696 5075 807 5132 ἰστῖ
858 5076 921 5133 τὸ
979 5075 1031 5130 ἐν
1094 5075 1229 5146 αὐτῇ
1288 5075 1377 5129 καὶ
1439 5075 1727 5147 ἐν’ταύτῷ
1774 5076 1834 5131 τό
1891 5098 1947 5131 τε
1978 5075 2113 5140 ήδιαθ’

462 5150 594 5204 αυτὸ
641 5148 850 5225 καί-τὸ
899 5148 1036 5220 πρός
1072 5167 1149 5225 ⁸τι.
1200 5149 1366 5225 ποσὸν
1424 5146 1765 5225 συνείληφεν.
1827 5150 2113 5204 Caeterum

457 5238 527 5277 ex
574 5226 697 5276 tota
750 5221 876 5284 hac,
910 5219 1037 5292 quea
1070 5219 1155 5292 §Al
1193 5222 1544 5282 continetur.
1596 5219 1902 5275 verborum
1956 5237 2112 5276 com-

460 5293 730 5365 plexione
763 5290 1025 5365 apparet,
1061 5290 1308 5365 alterum
1357 5298 1489 5365 ante
1544 5293 1651 5365 hoc
1684 5310 1895 5365 opusa
1922 5292 2113 5365 Psello

457 5364 858 5435 conscriptum
910 5381 1054 5430 esse,
1086 5364 1143 5417 in
1188 5381 1302 5435 quo
1353 5364 1423 5418 de
1472 5364 1738 5418 relatione
1784 5364 1852 5419 ad
1899 5364 2115 5435 aliquid

457 5438 579 5491 sive
612 5437 681 5490 de
716 5436 1091 5508 proportione
1119 5435 1505 5506 quaerebatur.
1531 5435 1825 5508 Incertum
1857 5440 1971 5508 est,
1998 5439 2111 5490 rue.

459 5511 610 5578 ritus
641 5503 932 5576 ejusmodi
978 5509 1093 5561 fere
1138 5503 1307 5577 opus,
1341 5509 1494 5578 quod
1527 5506 1585 5561 in
1618 5503 1949 5576 Διδασκαλίᾳ
1977 5526 2109 5559 παν-

458 5574 697 5649 τοδαπῇ,
732 5574 1209 5649 ΙῇὺιιογΡεθΠὶθηο
1262 5574 1409 5648 (cap.
1454 5580 1543 5647 59,
1592 5596 1766 5649 supra
1818 5574 2108 5648 001.725),

456 5648 584 5725 Τίνι
615 5645 851 5725 διαφέρει
886 5648 1033 5725 ἀρχῇ
1065 5649 1154 5702 καὶ
1188 5645 1435 5723 στοιχεῖα
1457 5645 1819 5725 inscribitur,
1845 5668 1916 5706 an
1942 5645 2106 5725 aliud

457 5720 597 5777 huic
624 5719 837 5792 simile,
874 5719 1162 5793 quodaut
1190 5719 1489 5793 communi
1520 5719 1807 5793 librorum
1837 5721 2108 5793 antiquo-

457 5805 592 5847 rum
624 5789 830 5861 strage
849 5789 1088 5861 perierit
1127 5796 1230 5849 aut
1274 5791 1612 5849 etiamnunc
1642 5792 1703 5850 in
1732 5789 2107 5851 bibliothecis

455 5858 657 5919 lateat.
690 5860 931 5918 Lmnsa.

482 5876 657 5919 ιιοιι.
690 5876 931 5918 LINDIB.

1359 4765 1418 4845 Γ
1430 4765 1532 4865 ἱζᾶι
1583 4765 2120 4865 ὶρῖὀμῆζῧέὴῖίείρά
2151 4765 2196 4829 Ι)
2228 4765 2343 4847 ὧίῖ
2366 4765 2476 4862 ἐξὲξ
2492 4765 2702 4864 ῖῖριῖό

2239 3335 2375 3402 νικῷ
2404 3331 2545 3405 γὲνει
2581 3328 2723 3402 [τρία
2751 3330 2850 3403 γὰρ
2900 3327 2967 3381 τὰ
3016 3326 3310 3400 ἐναρμόνια
3358 3326 3514 3399 γένη,
3547 3325 3893 3400 ἐναρμόνιον,

2240 3426 2444 3496 χρῶμα
2474 3420 2561 3472 καὶ
2598 3414 2868 3488 διάτονον]
2901 3415 2979 3478 εἷς
3028 3415 3317 3488 ἡμιτόνιον
3348 3413 3479 3488 [ἔστι
3530 3413 3587 3470 δὲ
3624 3415 3687 3470 τὸ
3736 3415 3898 3491 λεγό-

2244 3530 2397 3582 μενον
2451 3506 2737 3579 ἡμιτόνιον
2790 3504 2850 3559 οὐ
2901 3505 3102 3581 κυρίως
3133 3505 3439 3577 ἡμιτόνιον,
3475 3502 3620 3560 ἀλλὰ
3660 3507 3898 3578 Αεῖμμα]

2237 3598 2327 3652 καὶ
2356 3599 2537 3668 τόνον,
2560 3594 2726 3671 ¹ἤγουν
2760 3593 2834 3655 εἷς
2867 3594 3154 3666 ἡμιτόνιον
3188 3595 3275 3647 καὶ
3312 3591 3408 3648 δύο
3459 3593 3651 3655 τόνους
3705 3593 3898 3671 ἐφεξῆς

2238 3687 2297 3741 τὸ
2348 3684 2648 3740 διατονικὸν
2724 3679 3032 3758 διαιρεῖται.
3078 3683 3137 3740 Ὁ
3196 3679 3253 3736 δὲ
3329 3683 3483 3743 τόνος
3532 3681 3584 3736 ἐν
3632 3681 3888 3757 ἐπογδόῳ

2239 3774 2541 3829 συνίσταται
2576 3770 2746 3847 λόγῳ,
2781 3770 2870 3825 διὰ
2897 3770 3059 3826 τοῦτο
3105 3769 3161 3826 δὲ
3193 3770 3291 3825 οὐκ
3320 3766 3431 3825 ἔστι
3478 3770 3539 3825 τὸ
3589 3769 3886 3845 λεγόμενον

2238 3860 2452 3936 λεῖμμα
2483 3864 2559 3935 (3)
2604 3858 2735 3937 ὅπερ
2786 3859 2893 3914 ἐστὶ
2947 3861 3011 3914 τὸ
3056 3857 3279 3915 ἔλαττον
3333 3866 3530 3933 τμῆμα
3560 3865 3657 3914 τοῦ
3705 3861 3888 3932 τόνου,

2235 3952 2324 4007 καὶ
2370 3954 2468 4021 τήν
2520 3950 2828 4021 ἀποτομὴν,
2863 3950 2994 4025 ὅπερ
3041 3948 3150 4003 ἐστὶ
3199 3949 3260 4003 τὸ
3314 3955 3519 4022 μεῖζον.
3552 3951 3644 4005 Ἐν
3704 3948 3763 4005 δὶ
3812 3955 3891 4021 τῷ

2236 4040 2541 4117 ἂναρμονίῳ
2591 4039 2667 4100 εἷς
2712 4036 2875 4093 δίεσιν
2928 4038 3017 4093 καὶ
3059 4036 3223 4093 δίεσιν
3281 4038 3373 4093 καὶ
3422 4036 3663 4094 δίτονονο
3716 4039 3769 4094 ἐν
3835 4037 3892 4094 δὲ

2233 4130 2312 4203 τῷ
2342 4131 2598 4206 χρώματι
2632 4127 2709 4189 εἷς
2743 4126 3028 4200 ἡμιτόνιον
3059 4127 3149 4182 καὶ
3181 4128 3467 4201 ἡμιτόνιον
3514 4128 3604 4183 καὶ
3658 4148 3889 4203 τριημι-

2234 4220 2407 4275 τόνιον
2438 4214 2862 4292 καταδιαιρεῖται
2891 4213 3080 4290 λόγος.

2302 4436 2381 4507 ('2)
2423 4432 2707 4507 ΣύστημαΔ
2732 4430 2813 4507 ἐκ*
2848 4430 3220 4507 ἐνστημάτων.
3275 4434 3419 4507 Haec,
3451 4434 3645 4507 verba,
3699 4451 3887 4507 quan-

2232 4504 2409 4577 quam
2451 4524 2564 4562 non
2598 4504 2745 4561 satis
2800 4504 3047 4577 intelligi
3108 4510 3375 4577 possunt,
3409 4505 3626 4562 habent
3681 4504 3884 4562 tamen

2231 4579 2522 4649 quomodo
2570 4577 2977 4649 restituantur.
3011 4578 3174 4643 Quod
3209 4578 3485 4649 (ostendit
3516 4595 3618 4634 vox
3666 4578 3769 4633 illa
3802 4577 3882 4633 ἐκ.

2230 4647 2445 4725 Quasi
2480 4648 2649 4725 Pselli
2700 4653 2875 4725 esset,
2910 4649 3167 4725 profecto
3198 4647 3248 4718 ἐξ
3280 4650 3652 4725 scriberetur.
3689 4650 3884 4713 Quid?

2228 4721 2278 4776 si
2310 4738 2343 4776 a
2374 4720 2612 4776 librario
2663 4720 2860 4844 aliquo
2902 4720 3205 4775 attenuata
3234 4724 3291 4775 et
3319 4722 3487 4793 quasi
3534 4722 3887 4778 detruncata

2229 4793 2339 4844 fuit
2366 4791 2468 4844 ita-
2506 4797 2569 4844 ut
2600 4808 2702 4844 nro
2778 4791 2903 4844 κτὸς
2947 4792 3194 4844 legenda
3225 4792 3341 4844 sit?
3373 4793 3487 4844 Enn
3518 4809 3650 4844 vero
3706 4796 3884 4844 credo

2229 4793 2339 4919 Ellt
2366 4791 2469 4862 ita,
2506 4797 2569 4847 ut
2600 4808 2702 4864 pro
2753 4791 2903 4853 ὶκτὸς
2947 4792 3194 4865 legenda
3225 4792 3302 4848 sit
3320 4791 3349 4848 ἶ
3373 4793 3487 4866 Ego
3518 4809 3650 4849 vero
3706 4796 3884 4851 credo

2276 4881 2468 4919 INDER.

2276 4881 2468 4920 INDER.

2299 4935 2375 5007 (3)
2418 4935 2514 4988 Διᾶ
2561 4936 2723 5008 τοῦτ-ο
2771 4963 2841 4974 -
2888 4928 3122 5005 λεῖμμα.
3181 4934 3393 4990 Mirum
3446 4942 3735 5008 quantum
3785 4937 3882 4994 hic

2226 5005 2539 5088 corruptus
2569 5010 2658 5088 est
2687 5005 2873 5088 locus,
2898 5005 3749 5088 cujus‘ernendandi_'quaadam
3784 5025 3880 5065 ra-

2227 5077 2305 5133 tio
2336 5076 2481 5159 inita
2526 5081 2617 5133 est
2667 5079 2737 5134 ab
2770 5092 2835 5159 eo
2885 5076 3009 5159 qui,
3042 5076 3298 5159 plurium
3349 5076 3657 5159 verborum
3710 5080 3881 5159 lacu-

2225 5165 2361 5204 nam
2422 5150 2515 5205 bic
2568 5165 2696 5204 esse
2755 5154 2938 5217 ratus,
2990 5150 3050 5202 in
3111 5150 3375 5217 margine
3431 5152 3558 5207 cod.
3612 5169 3719 5207 ms.
3764 5153 3877 5209 hoc

2222 5220 2405 5275 edidit
2433 5220 2864 5276 emendationis
2887 5219 3183 5290 specimen
3211 5239 3223 5277 :
3251 5219 3338 5276 διὰ
3366 5224 3527 5277 τοῦτο
3551 5219 3609 5276 δὲ
3630 5223 3732 5277 οὐκ
3762 5222 3877 5277 ἐστὶ

2224 5292 2391 5361 (forte
2427 5310 2438 5347 :
2474 5290 2781 5416 ﬂut'rdvzov)
2814 5289 2874 5344 τὸ
2904 5288 3203 5363 λεγόμενον
3240 5291 3454 5365 λεῖμμα
3498 5298 3643 5352 forte
3676 5313 3689 5351 :
3725 5294 3808 5349 ὅτι
3847 5298 3875 5350 ὁ

2224 5362 2373 5416 τόνος
2406 5360 2688 5416 διαιρεῖται
2732 5383 2754 5415 ε
2783 5383 2806 5416 ς
2847 5363 2908 5416 τὸ
2949 5360 3203 5416 λεῖμμαὶ.
3237 5364 3391 5416 ὅπερ.
3424 5373 3533 5416 etc-
3566 5370 3689 5416 Ona
3721 5369 3777 5416 in
3814 5386 3875 5416 re

2219 5360 2373 5424 τόνος
2406 5360 2688 5438 διαιρεῖται
2710 5360 2806 5438 ,εἰς
2847 5363 2908 5416 τὸ
2942 5360 3203 5438 λεῖμμα),
3237 5360 3391 5438 ὅπερ,
3424 5373 3533 5423 etc.
3566 5370 3689 5434 Qua
3721 5369 3778 5422 in
3814 5386 3875 5423 re

2220 5439 2417 5491 tamen
2450 5437 2603 5507 haud
2640 5436 2760 5491 scio
2811 5452 2883 5489 an
2929 5436 3094 5503 justo
3127 5436 3259 5507 plus
3309 5436 3504 5494 videre
3554 5440 3663 5493 sibi
3710 5441 3873 5495 visus

2221 5507 2300 5561 sit
2342 5509 2388 5562 is
2418 5510 2516 5579 qui
2561 5506 2678 5579 hoc
2726 5508 3065 5579 coniectura
3111 5506 3416 5566 assecutus
3447 5516 3554 5565 est.
3586 5510 3692 5579 Sed
3748 5512 3876 5566 ﬁeri

2261 5577 2668 5656 otugit,‘uthoc
2712 5579 2891 5656 modo
2942 5578 3231 5656 scriberet
3271 5581 3499 5656 Psellus
3532 5599 3546 5637 :
3580 5577 3871 5656 διαιρεῖται

2251 5647 2277 5702 ὲ
2308 5650 2464 5723 οὗτος
2497 5649 2570 5709 εἷς
2609 5650 2671 5703 τὸ
2706 5645 3034 5723 λεγόμενον,
3067 5655 3175 5706 etc.
3202 5654 3364 5718 Quod
3398 5658 3551 5709 certe
3581 5645 3871 5711 universae

2212 5722 2524 5799 verborum
2557 5722 3001 5799 continuationi
3028 5726 3366 5795 respondet,
3398 5740 3580 5799 quare
3609 5726 3677 5782 ad
3712 5725 3870 5783 hanc

2216 5793 2686 5851 emendationem
2741 5792 3182 5851 conversionem
3220 5792 3485 5855 nostram
3523 5813 3866 5856 accommo-

2215 5864 2357 5923 dare
2386 5880 2503 5923 non
2534 5863 2956 5924 dubitavimus.
2988 5863 3231 5926 LINDIR.
