4060 6348
218 417 369 481 1081

1322 416 1399 474 ΙΝ
1447 413 1998 475 PSYCHOGONIA
2012 415 2069 475 M
2113 417 2499 478 PLATONIS
2515 461 2527 474 .

3472 413 3629 474 1082

286 552 354 627 γ’.
407 549 503 611 Εἷς
561 553 729 604 ταῦτα
796 547 888 603 οὖν
964 547 1033 602 τὰ
1111 548 1377 622 ἁρμονικὰ
1443 545 1785 620 διαστήματα
1831 548 1867 616 ἡ

2053 549 2208 606 3.Δᾶ
2241 549 2344 607 illa
2374 551 2556 624 igitur
2583 549 2926 608 harmonica
2953 547 3263 606 intervalla
3291 545 3642 620 explicanda

221 636 453 712 μέθοδος
483 641 582 702 τῆς
647 637 906 712 εὑρέσεως
958 641 1066 690 τῶν
1124 634 1315 712 ἐφεξῆς
1373 634 1682 711 ἐπιμορίων
1742 656 1884 708 συμ-

216 723 483 783 ϐάλλεταί
517 725 717 802 λόγων
755 725 871 781 εἰπὲ
922 723 978 780 δὲ
1009 723 1372 797 διαστήματα,
1407 722 1534 779 ἀλλ’
1569 723 1630 778 ού
1680 725 1883 794 συστή-

220 838 385 891 ματα,
439 815 531 870 τίνα
586 817 685 884 τὴν
739 813 1266 889 στοιχειωδεστάτην
1319 815 1505 888 σχέσιν
1562 817 1669 868 τῶν
1730 811 1879 887 ἐναρ⁴

221 907 423 981 μοοίων
455 905 660 982 λόγων,
692 905 782 958 καὶ
831 903 883 974 ἐξ
914 906 986 957 ὧν
1047 901 1212 958 ἄλλαι
1274 907 1582 978 σύγκεινται
1645 901 1882 976 σχέσεις’

217 994 470 1070 δηλώσῃ.
505 994 597 1056 Εἰς
656 997 824 1048 ταῦτα
861 996 1012 1066 γοῦν,
1069 995 1143 1052 ὼς
1204 988 1441 1066 εἶ’ρηται,
1501 991 1592 1045 καὶ
1653 990 1729 1054 εἷς
1783 990 1882 1058 τήν

215 1089 315 1140 τοῦ
351 1083 648 1144 Πλάτωνος
689 1077 1063 1154 συμϐάλλεται
1117 1080 1476 1156 ψυχογονίαν.
1529 1085 1732 1152 Θεωρεῖ
1779 1078 1882 1153 γὰρ

218 1176 248 1229 6
281 1173 514 1230 Πλάτων
540 1171 592 1226 ἐν
624 1175 702 1242 τῷ
730 1169 942 1242 Τιμαίῳ
970 1174 1050 1241 τῷ
1082 1167 1330 1244 διαλόγῳ
1363 1171 1454 1238 ῐήν
1485 1169 1669 1244 ψυχὴν
1691 1166 1886 1228 ἁπλῶς

219 1261 281 1317 ἐκ
308 1266 410 1316 τοῦ
443 1259 784 1333 δημιουργοῦ
816 1257 1115 1333 γενομένην
1163 1264 1279 1326 νοῦ,
1313 1259 1401 1313 καὶ
1451 1259 1512 1313 ού
1564 1260 1701 1313 κατὰ
1748 1256 1882 1332 χρό-

218 1373 338 1423 νον,
390 1349 535 1405 ἀλλὰ
582 1349 698 1403 κατ’
745 1347 949 1402 οὐσίαν·
984 1349 1073 1402 καὶ
1125 1348 1229 1424 γὰρ
1279 1347 1332 1403 ἐν
1381 1353 1461 1420 τῷ
1521 1345 1747 1420 Φαίδρῳ
1805 1349 1883 1420 (4)

218 1442 514 1516 ἀγέννητον
561 1437 650 1492 καὶ
697 1437 1004 1513 ἀνώλεθρον
1055 1437 1222 1506 αύτήν
1273 1435 1562 1504 δείκνυται,
1595 1437 1731 1492 ὥστε
1781 1438 1880 1505 τὴν

216 1531 338 1584 κατ’
371 1527 558 1583 οὐσίαν
621 1527 789 1598 αὐτῆς
847 1527 952 1581 ἀπὸ
983 1531 1089 1581 τῶν
1121 1531 1333 1597 νοητῶν
1393 1525 1584 1580 αῗτίων
1641 1522 1878 1600 πάροδον

213 1620 418 1694 γένεσιν
471 1617 621 1692 λέγει
668 1624 770 1686 τῆς
825 1619 1033 1691 ψυχῆς.
1081 1619 1154 1688 (5)
1207 1622 1359 1670 Ἔστι
1408 1616 1508 1691 γὰρ
1555 1620 1664 1670 τῶν
1709 1611 1877 1669 ὄντων

217 1707 288 1762 τά
322 1709 416 1780 μὲν
449 1706 623 1774 νοητά
645 1705 734 1760 καὶ
766 1705 1024 1780 ἀγένητα,
1053 1705 1120 1759 τὰ
1147 1703 1204 1759 δὲ
1241 1704 1473 1774 αἴσθητᾶ
1519 1705 1606 1759 καὶ
1658 1705 1877 1778 γενητὰ,

216 1797 286 1852 τὰ
330 1794 388 1850 δὲ
434 1795 630 1869 μεταξὺ
676 1793 882 1849 τούτων
916 1794 1089 1863 νοητὰ
1115 1794 1206 1849 καὶ
1236 1794 1452 1870 γενητὰ.
1487 1795 1569 1851 Τὰ
1623 1796 1716 1866 μὲν
1775 1794 1878 1870 γάρ

220 1885 365 1940 ἐστιν
414 1885 676 1949 ἀσύνθετα
723 1884 896 1938 πάντα
946 1883 1035 1939 καὶ
1088 1883 1354 1958 ἀμέριστα
1417 1885 1506 1938 καὶ
1576 1881 1665 1938 διὰ
1718 1888 1878 1938 τοῦτο
1911 1925 1958 1990 Β

233 1975 246 1990 I
301 1974 311 1990 Ι
561 1978 577 1990 ι
645 1971 687 1990 ἢκ
795 1973 808 1990 Ι
854 1985 871 1990 Α
1089 1973 1103 1990 \
1363 1973 1376 1990 \
1505 1973 1518 1990 ἱ
1582 1970 1606 1990 δ
1644 1973 1657 1990 \
1785 1978 1806 1988 ν

221 1974 480 2050 ἀγένητα,
522 1978 589 2029 τὰ
641 1971 700 2028 δὲ
749 1973 974 2037 σύνθετα
1017 1973 1106 2028 καὶ
1162 1973 1387 2047 μεριστὰ
1431 1973 1520 2027 καὶ
1579 1970 1668 2028 διὰ
1715 1978 1878 2027 τοῦτο

220 2065 447 2140 γενητὰ,
478 2064 546 2118 τὰ
607 2061 665 2117 δὲ
723 2062 774 2116 ἐν
833 2063 984 2135 μέσῳ
1032 2061 1238 2117 τούτων
1295 2063 1462 2132 νοητά
1513 2063 1599 2117 καὶ
1658 2063 1879 2138 γενητὰ,

222 2153 492 2227 ἀμέριστα
548 2173 605 2206 τε
663 2148 791 2206 ὄντα
844 2151 936 2206 καὶ
992 2152 1215 2224 μεριστὰ
1265 2152 1364 2219 τὴν
1417 2151 1572 2228 φύσιν
1621 2150 1770 2207 ἀπλᾶ
1823 2173 1882 2207 τε

220 2243 314 2297 καὶ
367 2241 592 2306 σύνθετα
632 2241 834 2311 τρόπον
883 2237 1091 2316 ἕτερον.
1125 2239 1309 2310 ’Ἄλλη
1362 2239 1452 2294 οὖν
1494 2243 1529 2310 ἡ
1561 2239 1648 2295 ἐπὶ
1697 2245 1879 2317 ψυχῆς

215 2333 443 2407 γένεσις,
474 2330 565 2386 καὶ
620 2328 766 2401 ἄλλη
819 2333 852 2398 ἡ
904 2328 991 2384 ἐπὶ
1051 2336 1344 2402 σώματος·
1406 2332 1441 2399 ἡ
1499 2331 1594 2403 μὲν
1643 2331 1880 2406 προτέρα

216 2421 306 2475 καὶ
364 2416 723 2495 πρεσϐυτέρα,
774 2417 1178 2495 προσεχεστέρα
1225 2417 1325 2493 γάρ
1372 2418 1482 2473 ἐστι
1537 2424 1615 2490 τῷ
1666 2420 1874 2474 πάντων

216 2512 638 2585 Δημιουργῷ,ἠ
694 2506 752 2564 δὲ
811 2506 1033 2581 δευτέρα
1087 2509 1174 2563 καὶ
1231 2509 1487 2582 νεωτέρα,
1545 2508 1876 2584 πορῥιυτέρω

213 2598 318 2673 γάρ
369 2597 479 2652 ἐστι
536 2605 636 2668 τῆς
695 2603 823 2670 μιᾶς
881 2597 1076 2658 αἰτίας.
1113 2595 1237 2653 Οίδε
1286 2598 1386 2673 γὰρ
1449 2598 1476 2652 6
1525 2596 1754 2653 Πλάτων
1810 2599 1875 2654 ού

217 2688 383 2761 μόνον
445 2687 532 2742 ἐπὶ
597 2687 888 2760 σωμάτων,
951 2685 1098 2742 ἀλλὰ
1153 2688 1240 2742 καὶ
1291 2685 1378 2741 ἐπὶ
1436 2690 1627 2763 ψυχῶν
1687 2688 1873 2762 χώραν

215 2777 450 2853 ἔχουσαν
509 2777 606 2845 τήν
679 2776 909 2851 γένεσιν,
969 2776 1195 2831 καθόσον
1276 2774 1361 2830 καί
1439 2777 1592 2830 αὗται
1671 2777 1875 2852 χρόνου

224 2867 574 2940 μετέχουσιν·
601 2866 777 2927 καθὼς
823 2865 913 2920 καὶ
947 2864 998 2920 ἐν
1030 2870 1109 2937 τῷ
1140 2861 1362 2940 Φαίδρῳ
1392 2864 1521 2942 φησῖ
1557 2862 1645 2920 διὰ
1673 2869 1874 2940 χρόνου

227 2961 444 3019 θεᾶσθαι
475 2955 536 3010 τὸ
568 2955 625 3010 ’ὸν
688 2953 872 3017 αὐτάς.
907 2959 1056 3009 Πᾶσα
1101 2955 1202 3029 γὰρ
1252 2957 1286 3024 ἡ
1341 2949 1674 3027 μεταϐατική
1723 2955 1872 3026 κίνη-

221 3065 328 3111 σις,
361 3043 456 3098 κᾶν
516 3045 820 3117 ἀσωμάτων
879 3043 1019 3099 ἐστὶν
1079 3043 1281 3098 οὐσιῶν
1336 3043 1598 3119 ἐνέργεια,
1632 3050 1872 3114 συνεζευ-

215 3135 416 3208 γμένον
459 3132 576 3208 ἔχει
607 3134 699 3188 τὸν
731 3134 935 3209 χρόνον
985 3133 1144 3207 αὐτῇ·
1178 3132 1266 3187 καὶ
1325 3133 1427 3209 γὰρ
1454 3135 1488 3203 ἡ
1521 3135 1674 3209 ψυχή
1712 3155 1871 3206 μετα-

214 3216 453 3283 ϐατικῶς
477 3221 603 3282 τοὺς
634 3221 794 3297 ὅρους
823 3227 959 3291 νοεῖ,
992 3221 1082 3276 καὶ
1128 3223 1265 3276 κατά
1326 3223 1418 3295 μὲν
1473 3223 1565 3284 τὰς
1606 3222 1872 3298 ἐνεργείας

1995 639 2218 696 confert
2234 640 2858 714 superparticularium
2882 636 3327 712 proportionum
3349 636 3647 693 invenien-

1993 728 2200 784 darum
2225 730 2318 786 via
2340 736 2397 786 et
2418 731 2563 786 ratio
2615 729 2942 804 (intervalla
2963 729 3115 794 dico,
3150 744 3267 783 non
3298 731 3641 799 systemata,

1995 824 2059 872 ut
2073 818 2545 875 harmonicarum
2566 819 2855 875 rationum
2873 823 2930 874 et
2945 818 3179 873 habitus
3197 833 3373 889 quam
3388 814 3642 872 maxime

1993 905 2396 964 elementicius
2418 926 2484 965 ac
2504 909 2752 982 simplex
2772 907 3121 977 declaretur,
3137 914 3190 962 et
3213 913 3644 977 cognoscantur

1994 995 2034 1050 ii
2077 1013 2146 1052 ex
2195 998 2414 1069 quibus
2463 998 2648 1054 chteri
2697 997 2974 1070 [habitus]
3028 997 3368 1068 constant):
3417 995 3488 1050 ad
3538 994 3641 1050 illa

1993 1084 2176 1158 igitur
2206 1091 2264 1142 et
2286 1088 2358 1143 ad
2384 1087 2643 1144 Platonis
2668 1088 2738 1142 de
2760 1087 2968 1142 animm
2993 1083 3391 1158 procreatione
3421 1082 3642 1138 doctri-

1994 1192 2130 1230 nam
2145 1178 2161 1246 (
2170 1176 2651 1248 psychogoniam)
2665 1174 3070 1247 explicandam
3085 1171 3641 1230 confert.Enimvero

1995 1263 2155 1319 Plato
2186 1264 2283 1320 ille
2313 1265 2372 1320 in
2404 1265 2636 1338 dialogo
2686 1264 2786 1336 qui
2836 1263 3090 1320 Timaeus
3138 1261 3503 1328 inscribitur,
3555 1259 3642 1316 sic

1993 1355 2222 1420 statuit,
2244 1355 2502 1411 animam
2536 1374 2569 1411 a
2597 1362 2792 1411 mente
2823 1354 2924 1411 illa
2953 1354 3163 1426 opiﬁca
3191 1370 3387 1410 rerum
3417 1357 3476 1407 et
3504 1368 3641 1423 pro-

1992 1444 2267 1500 creatrice
2316 1445 2664 1516 simpliciter
2692 1450 2878 1501 ortam
2911 1460 3061 1510 esse,
3095 1459 3285 1515 neque
3313 1443 3370 1497 id
3417 1442 3489 1496 ab
3521 1457 3640 1496 uno

1989 1533 2273 1604 temporis
2303 1534 2660 1606 principatu,
2686 1534 2788 1590 sed
2820 1537 2889 1588 ad
2925 1532 3187 1589 essentiss
3210 1532 3494 1587 rationem
3531 1546 3544 1584 :
3579 1529 3640 1584 in

1992 1619 2232 1677 Phaadro
2253 1622 2411 1678 enim
2435 1622 2664 1695 dialogo
2692 1640 2807 1678 non
2831 1627 3086 1678 creatam
3111 1637 3238 1677 eam
3280 1636 3410 1675 esse
3443 1623 3639 1674 osten-

1990 1709 2076 1764 dit
2106 1727 2213 1766 nec
2264 1711 2778 1780 interituram,.ita
2826 1717 2891 1766 ut
2939 1727 3097 1777 eum,
3131 1710 3230 1782 qui
3263 1709 3332 1764 ad
3369 1707 3640 1764 essentia

1989 1800 2276 1856 rationem
2336 1802 2457 1868 ﬁat,
2517 1803 2727 1857 animas
2785 1817 2854 1856 ex
2913 1800 3109 1856 causis
3167 1795 3642 1869 intelligibilibus

1989 1904 2291 1960 egressum
2341 1891 2779 1962 generationem
2829 1890 3037 1945 animae
3079 1887 3389 1958 intelligat.
3424 1886 3639 1941 Eorum

1991 1977 2167 2046 enim,
2197 1997 2323 2050 quis
2367 1985 2526 2047 sunt,
2559 1979 2674 2035 alia
2712 1985 2772 2035 et
2820 1984 3014 2034 mente
3062 1975 3643 2048 comprehenduntur

1989 2084 2177 2140 neque
2201 2068 2321 2124 ullo
2339 2076 2616 2141 generata
2635 2073 2778 2125 sunt
2795 2067 3070 2135 ortu,alia
3086 2066 3362 2124 sensibus
3374 2065 3641 2135 subjecta

1989 2162 2130 2213 sunt
2149 2162 2206 2212 et
2234 2162 2428 2214 ortum
2461 2158 2702 2223 habent,
2737 2157 2854 2214 alia
2873 2158 3029 2213 inter
3053 2157 3170 2212 duo
3191 2155 3293 2210 illa
3311 2154 3476 2226 quasi
3511 2169 3636 2208 me-

1988 2246 2152 2302 dium
2182 2248 2441 2303 tenentia
2487 2253 2546 2303 et
2599 2245 2998 2318 intelligibilia
3045 2250 3184 2300 sunt
3238 2248 3296 2299 et
3337 2245 3632 2315 generata.

1987 2335 2202 2392 Eorum
2221 2338 2376 2393 enim
2398 2337 2610 2409 partim
2631 2353 2820 2410 neque
2837 2336 3153 2408 conjuncta
3170 2337 3312 2389 sunt
3337 2337 3396 2388 et
3425 2331 3635 2387 indivi-

1987 2426 2104 2481 dua
2121 2428 2193 2482 ob
2219 2443 2464 2499 eamque
2487 2444 2610 2483 rem
2652 2428 2780 2482 sine
2797 2430 2951 2492 ortu,
2986 2424 3198 2496 partim
3241 2422 3553 2493 conjuncta
3584 2425 3641 2476 et
3712 2448 3717 2453 -

1987 2515 2224 2571 dividua
2236 2533 2485 2588 eamque
2500 2517 2572 2572 ob
2588 2532 2824 2572 causam
2842 2519 3140 2587 generata;
3157 2513 3214 2567 in
3237 2511 3428 2566 medio
3441 2514 3636 2566 autem

1987 2603 2324 2660 consistunt
2343 2621 2571 2676 ea,qua3
2594 2610 2650 2661 et
2671 2603 3068 2674 intelligibilia
3083 2607 3224 2658 sunt
3244 2605 3302 2656 et
3325 2603 3476 2666 orta,
3508 2615 3636 2669 qua

1986 2696 2044 2747 et
2073 2692 2375 2749 individua
2405 2711 2513 2750 sua
2543 2699 2755 2749 natura
2784 2699 2927 2749 sunt
2950 2697 3008 2748 et
3039 2691 3298 2757 dividua,
3332 2705 3459 2760 qua:
3499 2701 3634 2742 cum

1986 2781 2281 2853 simplicia
2309 2787 2436 2838 tum
2469 2783 2628 2840 vario
2658 2783 2830 2839 modo
2861 2778 3345 2854 composita.A1ia
3373 2777 3556 2850 igitur
3576 2775 3636 2830 in

1985 2870 2184 2927 anima
2213 2876 2304 2927 est
2331 2872 2651 2944 generatio,
2683 2872 2798 2928 alia
2830 2872 2890 2927 in
2922 2887 3164 2942 corpore
3197 2886 3209 2926 :
3245 2885 3362 2925 una
3393 2865 3554 2940 prior
3581 2868 3640 2920 et

1985 2960 2302 3032 antiquior,
2337 2961 2556 3035 quippe
2587 2962 2824 3034 propior
2852 2961 3034 3033 hujus
3063 2956 3466 3015 universitatis
3495 2956 3632 3011 effe-

1983 3048 2340 3113 ctori,allera
2370 3055 2566 3106 autem
2599 3051 2886 3123 posterior
2914 3054 2973 3106 et
3003 3047 3313 3117 recentior,
3333 3049 3534 3118 utpote
3563 3044 3637 3099 ab

1985 3155 2102 3194 una
2132 3137 2229 3193 illa
2260 3155 2440 3196 causa
2469 3141 2767 3196 remotior.
2807 3144 2887 3196 Ac
2917 3139 3061 3194 vidit
3111 3154 3254 3194 sane
3304 3135 3484 3202 Plato,
3518 3150 3632 3189 non

1984 3227 2041 3281 in
2056 3243 2302 3300 corpora
2313 3229 2506 3285 solum
2519 3230 2723 3286 cadere
2736 3229 3193 3302 generationem,
3214 3225 3386 3283 sedin
3405 3224 3636 3280 animas

213 3309 422 3384 χρόνου
479 3309 808 3384 μετάληψιν,
838 3310 974 3364 κατά
1030 3308 1086 3365 δὲ
1140 3313 1239 3380 τήν
1303 3311 1482 3366 οὐσίαν
1541 3311 1698 3366 αἰῶνι
1744 3334 1867 3368 συν-

1985 3317 2180 3388 stiam,
2231 3323 2526 3390 quatenus
2572 3319 2714 3392 ipsis
2741 3300 3042 3391 temporis
3093 3317 3405 3390 participes
3461 3314 3626 3384 sint:

211 3399 482 3454 τέτακται.
525 3405 814 3473 Θεωρεῖται
845 3400 946 3475 γὰρ
986 3397 1038 3454 ἐν
1081 3404 1149 3473 τῇ
1204 3402 1359 3474 ψυχῇ
1409 3401 1570 3456 οὐσία
1623 3401 1713 3456 καὶ
1774 3399 1866 3457 δύ-

211 3509 376 3558 ναμις
435 3488 523 3542 καὶ
582 3487 844 3564 ἐνέργεια⁸
878 3488 968 3542 καὶ
1029 3483 1168 3542 ἔστιν
1227 3488 1358 3559 αὕτη
1413 3488 1473 3544 ἐκ
1527 3494 1636 3544 τῶν
1695 3495 1864 3566 γενῶν

206 3581 309 3630 τοῦ
337 3573 492 3638 ὄντος
525 3577 879 3652 συγκειμένη,
913 3576 1120 3646 οὐσίας,
1152 3575 1371 3650 ταύτοῦ,
1406 3580 1650 3655 θατέρου.

1978 3422 2105 3477 quis
2137 3409 2354 3464 eaedem
2386 3408 2444 3463 in
2477 3408 2719 3464 Phaedro
2752 3407 2983 3480 dialogo
3015 3424 3118 3479 per
3147 3412 3381 3478 tempus
3412 3399 3630 3459 intueri

1976 3495 2256 3551 dicuntur
2274 3491 2514 3568 id,qﬁod
2537 3497 2862 3553 est.0mnis
2875 3497 3029 3552 enim
3053 3495 3399 3553 transitivus
3413 3497 3634 3558 motus,

1975 3584 2207 3640 etiamsi
2238 3585 2298 3640 in
2345 3585 2802 3659 incorporalium
2835 3593 3108 3642 naturam
3161 3582 3474 3640 efﬁcientia
3522 3596 3629 3652 po-

213 3669 370 3724 situs
400 3669 498 3737 sit,
526 3684 724 3724 secum
759 3669 1140 3740 conjunctum
1174 3668 1352 3726 habet
1397 3675 1652 3744 tempus,
1688 3687 1944 3743 namque
1973 3673 2173 3731 anima
2217 3677 2578 3732 transeundo
2609 3675 2892 3732 terminos
2917 3674 3060 3744 (sibi
3091 3673 3458 3738 constitutos)
3489 3685 3627 3724 sen-

209 3757 306 3825 tit,
339 3764 397 3813 et
427 3758 475 3814 si
509 3759 579 3813 ad
613 3759 987 3815 efﬁcientiam
1013 3760 1156 3831 (sive
1187 3759 1434 3816 actionis
1461 3762 1790 3833 veritatem)
1821 3769 2178 3834 spectamus,
2210 3765 2508 3836 temporis
2526 3766 2866 3821 societatem
2896 3763 3149 3830 habet,si
3179 3763 3250 3817 ad
3283 3758 3628 3826 essentiam,

218 3847 508 3917 adjuncta
537 3848 846 3903 aeternitati
875 3851 1056 3904 est.ln
1090 3847 1288 3905 anima
1316 3850 1474 3906 enim
1505 3852 1765 3907 cernitur
1813 3853 2071 3908 essentia
2098 3857 2155 3909 et
2203 3855 2464 3925 potentia
2491 3855 2634 3924 (sive
2663 3855 2750 3910 vis
2781 3860 2958 3926 atque
3007 3851 3255 3922 indoles)
3281 3853 3338 3905 et
3367 3846 3626 3904 efﬁcien-

205 3935 316 4003 tia,
352 3951 418 3992 ac
443 3940 676 3993 constat
704 3937 824 3993 hac
854 3937 1087 4008 quidem
1120 3955 1188 3994 ex
1217 3938 1532 4010 generibus
1558 3940 1708 4011 ejus,
1740 3942 1896 4012 quod
1926 3946 2038 4010 est,
2071 3943 2356 4011 Essentia,
2391 3943 2627 4014 Eodem,
2659 3943 2878 3999 Altero.

286 4039 350 4099 δ’.
385 4040 564 4097 Ἀλλᾶ
591 4043 694 4119 γὰρ
724 4050 924 4121 τριφυῆ
955 4044 1052 4112 τὴν
1085 4051 1186 4113 τῆς
1217 4047 1402 4120 ψυχῆς
1431 4044 1621 4100 οὐσίαν
1656 4045 1685 4100 6
1719 4043 1867 4100 Πλά-

205 4151 322 4185 των
357 4131 477 4203 ὁρᾷ.
505 4129 684 4202 Ἄλλη
716 4131 815 4208 γάρ
848 4130 986 4186 ἐστιν
1027 4135 1062 4203 ἡ
1103 4132 1327 4209 ὕπαρξις
1355 4133 1546 4203 αύτῆς⁶
1577 4135 1668 4188 καὶ
1716 4131 1861 4206 ἄλλη

203 4219 450 4296 ἁρμονία
478 4222 513 4289 ἡ
548 4221 600 4275 ἐν
651 4220 810 4292 αὐτῇ,
845 4222 960 4284 καθ’
993 4222 1058 4290 ἢν
1107 4222 1169 4275 τὸ
1223 4219 1478 4285 οὐσιῶδες
1525 4222 1691 4292 αὐτῆς
1741 4245 1863 4278 συν-

201 4309 395 4384 έχεται
447 4307 680 4380 πλῆθος,
715 4307 840 4365 οὔτε
892 4316 1018 4382 μιᾶς
1072 4306 1238 4380 οὔσης
1278 4310 1484 4381 οὐσίας,
1530 4313 1604 4374 ὡς
1643 4314 1671 4367 ὁ
1718 4317 1863 4383 νοῦς,

199 4395 338 4454 οὕτε
367 4397 442 4462 είς
475 4399 695 4473 ἄπειρον
731 4396 1138 4474 διαιρουμένης,
1169 4400 1246 4462 ὡς
1295 4400 1358 4456 τὸ
1412 4405 1572 4475 σῶμα
1623 4402 1738 4475 μετ’
1768 4402 1862 4458 αύ-

2051 4049 2103 4103 4.
2136 4054 2213 4105 At
2243 4049 2400 4106 enim
2430 4049 2722 4122 triplicem
2769 4053 2939 4122 putat
2969 4046 3132 4102 Plato
3179 4043 3389 4101 animae
3433 4059 3628 4098 essen-

1976 4137 2142 4194 tiam.
2175 4138 2301 4194 Alia
2327 4144 2418 4195 est
2439 4137 2595 4194 enim
2619 4138 2948 4195 substantia
2969 4139 3117 4207 ejus,
3151 4134 3263 4190 alia
3295 4131 3624 4199 harmonia,

1975 4243 2091 4297 qua
2119 4227 2452 4285 essentialis
2482 4228 2612 4299 ejus
2644 4227 2962 4283 multitudo
2990 4223 3348 4280 continetur:
3367 4220 3626 4294 quando-

1975 4317 2215 4388 quidem
2247 4335 2354 4374 nec
2387 4335 2500 4374 una
2547 4322 2638 4373 est
2681 4316 2957 4383 essentia,
3005 4314 3160 4370 sicut
3207 4328 3398 4378 mens,
3430 4325 3536 4366 nec
3565 4309 3624 4364 in

1971 4405 2330 4464 immensum
2363 4407 2636 4476 discedit,
2671 4411 2734 4461 ut
2765 4422 2979 4478 corpus
3011 4407 3144 4477 post
3182 4401 3344 4458 illam
3375 4400 3439 4472 (i.
3470 4415 3521 4455 ο.
3555 4399 3626 4452 ab

196 4489 337 4558 τήν,
368 4487 494 4545 ἀλλ’
526 4488 603 4553 εἷς
642 4487 819 4544 πλείω
872 4489 966 4561 μὶν
1017 4486 1256 4559 οὐσιώδη
1308 4489 1472 4565 μέρη,
1505 4488 1556 4561 ἐξ
1604 4491 1678 4546 ὧν
1727 4491 1858 4561 ἐστι,

1985 4494 2074 4553 lla
2097 4499 2434 4568 secretum),
2467 4497 2570 4554 sed
2601 4496 2660 4551 in
2695 4495 2916 4568 plures,
2949 4511 3019 4550 ex
3049 4492 3266 4566 quibus
3313 4490 3400 4556 tit,
3431 4493 3630 4560 partes

199 4579 591 4652 πεπερασμένα
620 4575 677 4632 δὲ
705 4584 823 4642 καθ’
864 4579 1115 4653 ἀριθμὸν,
1166 4578 1240 4632 ὧν
1297 4578 1473 4634 πλείω
1530 4579 1664 4636 εἶναι
1724 4581 1863 4658 μέρη

201 4672 400 4743 ψυχῆς
453 4664 740 4737 ἀδύνατον,
776 4667 972 4740 μηκέτι
1020 4663 1304 4736 διαιρετῶν
1364 4663 1534 4725 ὄντων
1585 4669 1661 4733 εἰς
1719 4668 1866 4726 ἄλλα

277 4952 480 5028 (4)]Εν
523 4953 616 5028 τῷΔ
656 4946 900 5028 Φαίδρῳ.
944 4954 1254 5028 Perperam
1307 4956 1414 5012 hoc
1460 4953 1686 5028 Psellus
1738 4970 1751 5009 :
1802 4952 1862 5008 in

197 5025 457 5082 thdro
505 5025 734 5097 dialogo
780 5025 935 5082 enim
985 5025 1274 5097 Platoide
1323 5028 1522 5097 anima
1567 5027 1864 5097 disserens

200 5115 346 5169 pag.
377 5097 504 5191 245]ἶ
544 5097 629 5191 Ι).ἱῖ
664 5093 748 5191 sic
779 5097 1040 5191 loquitur
1073 5115 1086 5153 :
1121 5096 1182 5153 Et
1205 5097 1310 5191 γέρ
1341 5093 1546 5191 ’e'lc‘rog‘
1580 5096 1726 5191 ἀρχῙὴ
1778 5094 1862 5191 γί-

200 5117 346 5169 pag.
378 5117 504 5152 I640.
545 5117 629 5159 υ..
665 5117 748 5153 διο
779 5117 1040 5169 loquuur
1073 5117 1086 5153 :
1121 5117 1182 5153 ru
1205 5117 1310 5191 γαρ
1342 5117 1402 5153 εκ
1429 5119 1526 5153 του
1580 5117 1726 5227 αἱχιη
1778 5117 1862 5170 γι-

192 5188 415 5244 γνοιτο,
448 5167 658 5244 ούκμᾶν
702 5167 863 5244 ’ἀρχή
918 5168 1183 5244 γίγνοιτο.
1228 5167 1434 5244 Επειδή
1495 5167 1567 5244 δὲ
1634 5191 1667 5244 γ
1700 5166 1864 5244 νητόν

189 5235 345 5310 ίστι,
375 5235 463 5316 καὶ
525 5235 861 5316 ἀδιάφθόρόν
897 5235 1041 5316 ἀὖτὸμ
1089 5240 1294 5316 ἀνάγκη
1324 5235 1497 5316 μεῖναι,
1530 5243 1596 5297 Et
1721 5235 1860 5316 246..

195 5318 267 5386 ᾼ.
308 5311 460 5386 εῃἘξ
519 5310 773 5386 ἀνάγκης
814 5310 1080 5386 ἀγένητόν,
1131 5310 1214 5386 τί
1249 5310 1339 5368 καὶ
1399 5310 1667 5386 ἀθάνατον,
1706 5311 1862 5386 ψυχὴ

194 5384 258 5440 ἂν
290 5380 407 5452 εἴη.
445 5376 673 5458 marg
699 5376 757 5439 in
783 5376 1003 5458 Timaeo
1027 5385 1260 5458 dialogo
1290 5387 1413 5458 haec
1440 5386 1615 5458 verba
1656 5376 1863 5458 legari-—

199 5466 304 5532 tur
348 5473 476 5532 pag.
511 5457 600 5532 ξι.
732 5472 818 5532 s_q.
859 5472 871 5510 :
902 5454 1118 5532 P0610»!
1149 5453 1219 5511 δῗ
1236 5454 1676 5532 οὕτως-έχόγτων
1716 5453 1864 5532 ’ὀ-μο-

198 5524 566 5602 λογητέῦνμὲν
605 5525 697 5602 μζν
717 5524 862 5602 εἶναι
893 5527 954 5581 τὸ
985 5527 1125 5602 κατὰ
1151 5533 1320 5584 ταῦτα
1363 5524 1505 5592 εἶδός
1547 5524 1708 5602 ἔχονΔ
1740 5524 1864 5602 ἀγέ-

194 5595 378 5671 νητον
411 5597 499 5652 καὶ
531 5595 859 5668 ἀνώλεθρον.
885 5602 947 5654 In
984 5601 1138 5656 hunc
1168 5617 1420 5658 errorem
1451 5595 1866 5658 Psell'usind'u-

197 5679 342 5731 ctus
372 5676 462 5728 est
487 5671 559 5726 ab
590 5687 689 5743 eo,
713 5687 888 5740 quem
919 5677 1216 5730 auctorem
1249 5679 1486 5743 secutus
1516 5679 1625 5743 est,
1640 5672 1864 5739 Proclo,

196 5750 271 5804 ut
301 5745 366 5800 in
397 5743 552 5799 Tim.
582 5759 640 5815 p.
673 5742 798 5811 175,
821 5759 875 5799 v.
899 5743 1142 5817 303qq.,
1164 5744 1316 5802 Ἔστι
1349 5742 1710 5818 8t—inquit
1724 5743 1868 5817 γίνε-

1976 4588 2320 4644 essentiales
2351 4601 2856 4657 numerorumque
2886 4584 3110 4640 ratione
3140 4580 3472 4646 conclusas,
3503 4593 3628 4648 qua

1977 4677 2258 4747 quoniam
2282 4677 2540 4750 amplius
2557 4675 2739 4732 dividi
2756 4677 3457 4746 nequeunt,nequaquam
3479 4683 3628 4740 pau-

1975 4972 2057 5027 σις
2089 4951 2301 5027 έπὶιτῆς
2331 4955 2516 5027 ψυχῇν
2542 4949 2715 5027 οὐχ-ἡ
2764 4948 2900 5027 κατὰ
2946 4947 3176 5027 χρόῇνονς
3211 4944 3470 5027 ἀγένητον
3519 4945 3625 5027 γᾲρ

1972 5025 2061 5078 καὶ
2094 5017 2712 5097 ἀνώΛεθρὸνῖδειξενῖέν
2736 5017 3104 5097 Φαίδρῳ”τήν
3141 5017 3366 5097 ,ψυχήνέ
3408 5017 3615 5097 Ejusd.

2020 5039 2061 5078 ιε
2094 5039 2397 5097 ἀνώλεθρον
2427 5039 2618 5094 εοειξεν
2654 5039 2706 5076 εν
2736 5039 2962 5096 φαιορῳ
3005 5040 3104 5087 την
3153 5039 3366 5144 ξυχην.
3409 5039 3615 5084 mjusu.

2020 5098 2197 5170 ._172,
2233 5114 2283 5152 ν.
2315 5098 2543 5170 21βίιιιΣ
2579 5093 2672 5147 Διὸ
2718 5093 2807 5170 καὶ
2857 5093 2885 5146 ὁ
2939 5091 2991 5170 ἂν
3045 5088 3150 5170 Φμαί
3191 5109 3270 5165 ρῳ
3295 5087 3627 5170 ,Σωκρόζτης

1974 5115 2030 5223 ἓ.
2078 5115 2197 5167 ΙΙΖι,
2233 5115 2283 5152 ν.
2315 5115 2379 5151 Z1
2414 5115 2543 5170 sqq.
2579 5115 2672 5147 mo
2718 5115 2807 5146 και
2857 5115 2885 5146 0
2939 5115 2991 5146 ιν
3045 5115 3270 5165 Ψαιορῳ
3330 5115 3626 5161 Lamputh

2008 5167 2229 5245 γένητον
2291 5167 2460 5245 αὐτὴν
2509 5165 2620 5238 ἅμα
2667 5163 2756 5245 καὶ
2804 5163 3032 5245 γενητὴν
3083 5161 3196 5245 ἅμα
3223 5159 3312 5215 καὶ
3343 5157 3628 5245 αὐτοκίνη-

1973 5232 2067 5296 τόν
2110 5232 2645 5316 ἕΛεγεν.ΑΟὰδίθιιυφ
2706 5237 2781 5316 de
2819 5232 3259 5316 'universa‘hac
3308 5232 3513 5316 rencfr.
3554 5247 3627 5316 ea

1975 5331 2102 5387 quas
2131 5303 2286 5396 idem
2320 5312 2558 5396 Proeliis
2590 5310 2854 5396 disputat
2882 5309 2950 5396 in
2965 5303 3615 5396 .Timp.‘pag._6?.uv_._5_t

1973 5376 2042 5428 ἐ-
2069 5403 2124 5456 p.
2147 5386 2218 5441 73
2259 5402 2310 5439 v.
2347 5385 2436 5439 50.
2461 5382 2661 5454 Ejusd.
2687 5376 2779 5436 ib.
2805 5381 3006 5454 p.174.
3031 5397 3084 5435 ν.
3109 5376 3189 5433 51⁷
3218 5393 3349 5447 sqq.
3378 5376 3620 5430 Lmnss.

2048 5458 2118 5528 (5)
2152 5456 2288 5512 Inde
2312 5456 2385 5510 ab
2416 5455 2580 5511 initio
2610 5453 2786 5528 hujus
2803 5455 2830 5522 §
2849 5469 2918 5528 ea
2940 5469 3066 5523 quae
3089 5453 3229 5528 sunt
3258 5448 3410 5528 apud
3433 5444 3616 5502 Procl.

1974 5520 2198 5584 Comm.
2233 5529 2291 5582 in
2321 5527 2471 5583 Tim.
2506 5543 2563 5598 p.
2600 5520 2722 5598 175,
2754 5520 2913 5598 νξ32
2941 5520 3099 5596 sqq.,
3130 5522 3200 5578 ad
3249 5520 3489 5598 verbum
3522 5534 3618 5572 ex-

1973 5618 2175 5685 pressa
2207 5598 2430 5682 Psellus
2444 5593 2961 5685 “transcripsimjta
2994 5593 3208 5685 ut'pon
3235 5593 3417 5685 prius‘
3441 5605 3618 5685 quam

1974 5662 2034 5728 in
2067 5672 2401 5744 insequenti
2443 5671 2573 5740 §ab
2623 5662 2997 5744 his-verbis:
3026 5662 3146 5744 οἶδε
3191 5662 3315 5740 γᾶρ,
3363 5662 3498 5732 etc},
3529 5665 3622 5718 est

1979 5739 2241 5813 exorsus,
2273 5744 2365 5801 sui
2390 5739 2544 5814 juris
2575 5756 2703 5798 esse
2731 5739 2994 5815 incipiat.
3025 5739 3265 5798 Lmen.
