4060 6348
421 385 574 447 1083

1756 387 2172 448 MICHAELIS
2217 390 2486 452 PSELLl

3671 391 3835 447 1084

415 519 601 574 oiores
624 522 1020 591 possuntesse
1044 520 1252 573 animae
1277 521 1663 590 partes,quod
1684 520 1921 591 quidem
1954 537 2058 590 ap-

2188 523 2284 572 ιῶν
2344 525 2522 593 μερῶν
2576 520 2766 589 αὐτῆς,
2800 519 2873 582 ὡς
2933 517 3077 574 ἔσται
3129 516 3300 587 δῆλον
3333 517 3384 572 έν
3419 515 3676 592 διαιρέσει
3724 521 3834 572 τῶν

419 608 802 679 parebit,cum
830 608 1222 664 confectaerit
1247 608 1720 664 barmonicarum
1747 612 2066 681 proportio-

420 714 558 752 num
610 697 965 767 descriptio:
1003 697 1118 751 alia
1165 698 1420 766 denique
1469 700 1654 754 forma
1684 701 1811 770 ejus
1853 705 1979 765 est;
2012 703 2068 754 et

422 787 541 842 haec
567 787 766 841 omnia
795 787 946 840 inter
975 803 1036 841 se
1066 787 1180 840 alia
1207 787 1338 842 aliis
1371 789 1592 842 insunt.
1629 789 1770 842 Nam
1805 806 1936 843 cum
1969 807 2066 843 su-

422 876 679 931 bstantia
729 875 1170 931 multitudinem
1219 883 1350 948 apte
1396 880 1778 947 compositam
1815 879 2066 943 cohibet,

420 965 636 1036 quippe
655 982 781 1036 quae
803 981 907 1020 nec
925 982 1132 1036 expers
1154 965 1554 1021 multitudinis
1572 969 1780 1033 sit,nec
1799 968 2067 1022 multitu-

420 1054 615 1109 dinem
635 1054 948 1125 solam,sed
967 1072 1165 1110 secum
1180 1055 1371 1126 ipsam
1388 1057 1733 1112 concordem
1755 1058 2067 1125 contineat,

419 1149 545 1198 tum
581 1144 893 1198 harmonia
923 1149 977 1198 et
1011 1145 1140 1216 ipsa
1165 1145 1501 1201 essentialis
1533 1152 1642 1212 est,
1665 1163 1844 1219 capax
1879 1163 2072 1202 essen-

419 1233 513 1287 tite
533 1239 592 1288 et
623 1235 866 1287 formam
893 1233 1186 1289 efﬁciens:
1213 1251 1280 1288 ex
1311 1252 1428 1305 qua
1450 1235 1578 1306 ipsa
1608 1236 2066 1301 demonstratur,

425 1323 924 1393 quemadmodum
958 1327 1058 1376 aut
1108 1323 1428 1377 harmonia;
1471 1325 1893 1394 temperatione
1937 1338 2071 1377 con-

421 1411 680 1466 tineatur
710 1411 909 1466 anima
939 1416 1040 1466 aut
1072 1429 1184 1466 non
1209 1412 1596 1467 contineatur.
1620 1413 1881 1467 Primum
1910 1412 2068 1466 enim

426 1500 623 1554 anima
652 1500 710 1552 in
761 1500 1078 1554 essentiam
1127 1505 1181 1555 et
1222 1502 1542 1572 potentiam
1593 1506 1648 1555 et
1694 1501 2067 1556 efﬁcientiam

418 1588 686 1652 discedit,
738 1588 969 1655 deinde,
1005 1594 1071 1643 ut
1122 1589 1342 1644 dictum
1396 1595 1506 1654 est,
1540 1590 1596 1644 in
1649 1591 2068 1656 substantiam,

421 1677 790 1733 harmoniam
807 1682 861 1732 et
880 1679 1124 1733 formam
1151 1679 1557 1742 essentia,tum
1584 1695 1715 1733 vero
1735 1678 2072 1734 substantia

422 1767 483 1822 in
515 1769 858 1837 essentiam,
893 1769 1069 1837 idem,
1104 1769 1376 1825 alterum.
1405 1773 1593 1840 Atque
1646 1770 1767 1824 haec
1799 1771 2068 1842 quaedam

2177 611 2484 682 ἁρμονικῶν
2539 609 2717 685 λόγων
2764 611 2953 678 αὐτῆς.
2991 608 3086 662 Καὶ
3134 605 3274 661 ἂιλλο
3325 607 3386 661 τὸ
3431 604 3589 689 εἶδος.
3622 606 3792 675 αὐτῆς
3823 626 3835 637 ·

2177 698 2264 751 καὶ
2293 703 2467 752 πάντα
2496 703 2662 753 ταῦτα
2695 699 2744 752 ἐν
2778 697 3053 767 ἀλλήλοις
3086 697 3246 753 ἐστίν.
3280 698 3349 752 ἽΙ
3401 717 3458 750 τε
3504 696 3603 770 γὰρ
3657 696 3834 770 ὕπαρ-

2178 787 2256 856 ξις
2285 784 2397 862 ἔχει
2436 789 2551 858 μεθ’
2585 789 2776 856 ἑαυτῆς
2837 787 2897 840 τὸ
2948 787 3298 860 ἡρμοσμένον
3351 783 3584 852 πλῆθος,
3621 784 3685 838 οὐ
3733 788 3835 857 γάρ

2178 875 2318 930 ἔστιν
2379 875 2749 946 ἀπλήθυντος,
2810 875 2934 930 οὐδέ
2981 897 3042 948 γε
3101 873 3318 942 πλῆθος
3377 874 3540 944 μόνον
3607 871 3838 947 ἔχουσα,

2179 965 2482 1037 ἀνάρμονον
2538 963 2615 1032 δὲ,
2649 965 2737 1019 καὶ
2787 968 2820 1034 ἡ
2854 964 3084 1039 ἁρμονία
3143 961 3200 1016 δὶ
3258 960 3530 1032 οὐσιώδης
3585 961 3696 1016 isti
3744 961 3839 1015 καὶ

2178 1052 2335 1124 αὕτη,
2416 1055 2697 1122 συνεκτική
2773 1054 2863 1108 καὶ
2951 1050 3223 1113 εἶ’δοποιὸς
3297 1058 3399 1120 τῆς
3482 1051 3690 1120 οὐσίας,
3747 1051 3843 1128 ἀφ’

2177 1144 2242 1211 ἧς
2298 1143 2386 1196 καὶ
2447 1140 2734 1214 δείκνυται,
2769 1146 2887 1205 πῶς
2946 1142 3040 1215 μέν
3105 1141 3248 1196 ἐστιν
3308 1140 3539 1215 ἁρμονία
3587 1143 3837 1214 ἡψυχὴ,

2179 1235 2295 1292 πῶς
2353 1229 2406 1285 δὲ
2455 1229 2538 1288 οὔ.
2572 1235 2649 1301 (6)
2685 1237 2978 1304 Διαιρεῖται
3026 1232 3128 1304 γὰρ
3181 1233 3214 1298 ἡ
3247 1230 3401 1304 ψυχὴ
3460 1234 3675 1303 πρῶτον
3739 1230 3839 1301 μὲν

2180 1321 2254 1382 εἷς
2296 1321 2476 1376 οὐσίαν
2535 1321 2624 1374 καὶ
2671 1318 2898 1392 δύναμιν
2945 1319 3032 1373 καὶ
3088 1319 3392 1392 ἐνέργειαν·
3451 1321 3484 1386 ἡ
3544 1315 3600 1371 δὲ
3654 1317 3836 1385 οὐσία,

2180 1413 2256 1473 ὡς
2315 1409 2546 1486 εἴρηται,
2581 1409 2658 1472 εἷς
2717 1410 2963 1486 ὕπαρξιν,
3002 1408 3262 1484 ἁρμονίαν
3319 1410 3409 1462 καὶ
3467 1405 3715 1476 εἶδοςοή
3779 1404 3841 1461 δὶ

2179 1501 2403 1573 ὕπαρεις
2475 1499 2551 1562 εἷς
2632 1499 2837 1567 οὐσίαν,
2892 1499 3111 1566 ταύτὸν,
3173 1499 3417 1574 θάτερον.
3479 1496 3628 1566 Αὕτη
3690 1493 3748 1550 δὲ
3798 1498 3836 1565 ἡ

2181 1588 2412 1645 δοκοῦσα
2472 1587 2730 1665 διαίρεσις
2786 1596 2885 1658 τῆς
2945 1591 3130 1662 ψυχῆς
3189 1587 3292 1641 οὐκ
3365 1585 3477 1641 ἔστι
3549 1583 3837 1657 διαίρεσις,

2181 1679 2325 1734 ἀλλὰ
2355 1677 2636 1749 ἀνάλυσις,
2670 1679 2744 1740 ὡς
2778 1677 2884 1732 ἀπὸ
2930 1676 3184 1740 συνθέτου
3235 1683 3335 1746 τῆς
3393 1680 3577 1751 ψυχῆς
3636 1675 3714 1735 εἷς
3773 1675 3841 1728 τὰ

2182 1767 2328 1823 ἀπλᾶ
2378 1769 2505 1843 γένη
2565 1771 2662 1821 τοῦ
2737 1762 2892 1827 ὄντος
2950 1769 3340 1841 προχωροῦσα.
3401 1769 3574 1818 Ταῦτα
3623 1761 3714 1817 οὖν
3771 1763 3840 1816 τα

423 1857 591 1927 quasi
625 1857 834 1912 divisio
857 1858 1068 1914 animae
1090 1875 1204 1914 non
1230 1864 1320 1914 est
1339 1858 1548 1914 divisio
1572 1858 1673 1914 illa
1699 1859 2068 1931 quidem,sed

2188 1859 2305 1930 γένη
2337 1861 2434 1911 τοῦ
2493 1853 2648 1917 ὄντος
2692 1855 2952 1931 πρότερον
3008 1855 3101 1926 μέν
3157 1854 3299 1909 έστιν
3349 1853 3401 1908 έν
3445 1857 3562 1914 τοῖς
3616 1856 3840 1920 νοητοῖς

2251 1946 2264 1961 \
2331 1946 2344 1961 9
2550 1949 2574 1960 ν
2678 1941 2728 1961 Ἀ
2907 1941 2929 1961 ᾗ
2976 1942 2988 1961 Ι
3205 1940 3250 1961 εἴ
3317 1941 3330 1961 τ
3425 1945 3435 1961 Ι
3564 1946 3588 1956 θ
3670 1937 3806 1961 υ-Αη

420 1945 750 2018 explicatio,
784 1951 850 2001 ut
883 1964 1008 2018 quae
1041 1949 1114 2002 ab
1147 1948 1356 2003 animae
1386 1948 1809 2020 compositione
1840 1950 1910 2003 ad
1943 1949 2070 2019 ejus

420 2035 633 2106 ipsius,
667 2036 823 2106 quod
857 2041 1188 2107 est,genera
1219 2037 1514 2108 simplic.a
1547 2038 2071 2109 procedat.0uibus

422 2140 490 2179 ex
516 2126 831 2197 generibus
862 2127 1011 2195 ejus,
1046 2126 1200 2196 quod
1236 2130 1346 2190 est,
1382 2126 1634 2196 primum
1663 2127 1896 2197 quidem
1929 2145 2071 2183 con-

423 2214 583 2270 sistit
610 2214 669 2268 in
704 2215 1176 2286 intelligibilibus
1208 2220 1378 2285 atque
1409 2215 1813 2271 immobilibus
1847 2217 2069 2287 formis,

427 2302 672 2357 alterum
694 2303 749 2356 in
771 2303 1009 2363 animis,
1035 2303 1093 2357 in
1113 2303 1454 2374 corporibus
1468 2311 1662 2359 autem
1685 2310 2069 2376 postremum.

425 2393 612 2456 Quare
661 2390 818 2446 Plato
871 2392 928 2445 in
983 2392 1199 2447 Timaeo
1249 2408 1352 2447 suo
1406 2393 1664 2464 primum
1715 2394 1979 2465 quidem,
2011 2399 2076 2449 ut

427 2480 615 2551 ipsius
639 2485 727 2535 est
777 2481 1088 2550 sententia,
1121 2480 1247 2536 cceli
1280 2482 1563 2550 animam,
1599 2499 1772 2554 quam
1807 2485 2072 2539 eamdem

423 2570 682 2625 animam
715 2586 908 2625 rerum
971 2570 1372 2626 universitatis
1423 2571 1700 2643 appellat,
1735 2573 1872 2628 oriri
1905 2571 1986 2627 ait
2019 2572 2075 2627 in

423 2657 614 2729 prima
643 2674 923 2729 generum
959 2659 1230 2715 mistione
1262 2661 1434 2732 primi
1467 2661 1711 2716 crateris
1745 2677 1757 2715 :
1793 2665 2074 2716 craterem

423 2747 626 2803 dicens
646 2747 879 2802 vitalem
904 2747 1063 2802 illam
1088 2753 1143 2803 et
1165 2749 1618 2805 substantialem
1644 2767 1836 2804 rerum
1853 2749 2076 2821 opiﬁcis

425 2835 633 2891 animae
647 2836 733 2891 vel
748 2836 1019 2892 animalis
1039 2837 1167 2892 vita;
1186 2838 1504 2909 potentiam
1532 2859 1544 2906 ;
1573 2843 1702 2893 tum
1722 2855 1854 2894 vero
1876 2839 2079 2894 buma-

426 2940 561 2978 nam
619 2940 848 2995 quoque
881 2925 1140 2979 animam
1185 2926 1450 2995 generari
1501 2926 1776 2992 afﬁrmat,
1809 2925 2080 2981 videlicet

432 3011 638 3080 altera,
673 3017 736 3067 ut
761 3013 862 3078 ait,
897 3013 1171 3068 mistione
1205 3019 1614 3084 (procreatam)
1645 3032 1712 3071 ex
1744 3015 1949 3070 iisdem
1985 3032 2076 3087 ge-

439 3101 700 3168 neribus,
747 3103 903 3172 quod
951 3107 1059 3170 est,
1093 3103 1491 3158 inferioribus.
1528 3103 1642 3158 Hoc
1692 3106 1866 3159 modo
1921 3105 2075 3159 enim

429 3190 571 3245 dicit
604 3208 616 3244 :
652 3213 680 3241 «
715 3192 1043 3262 iterumque
1093 3192 1149 3246 in
1202 3197 1473 3247 eumdem
1520 3199 1824 3259 craterem,
1859 3193 1917 3247 in
1962 3211 2078 3265 quo

431 3280 829 3334 universitatis
886 3281 1144 3335 animam
1198 3285 1582 3353 temperatam
1634 3283 2077 3354 permiscuerat,
2111 3267 2153 3332 (ἶ

428 3368 752 3438 superioris
773 3369 1213 3439 temperationis
1236 3369 1515 3441 reliquias
1539 3370 1841 3426 miscendo
1863 3371 2081 3426 infudit

2177 1946 2266 1999 καὶ
2320 1946 2601 2014 ἀκινητοῖς
2651 1941 2867 2016 εἷ’δεσιν,
2903 1941 3150 2016 δεύτερον
3203 1940 3259 1997 δὲ
3313 1941 3365 1996 έν
3412 1945 3635 2016 ψυχαῖς,
3669 1937 3837 2013 ἔσχα-

2177 2056 2269 2090 τον
2309 2033 2365 2089 δὶ
2411 2034 2460 2088 έν
2510 2035 2777 2106 σώμασιν.
2815 2032 3023 2087 Γένεσιν
3074 2031 3164 2086 οὖν
3211 2033 3395 2106 ψυχῆς
3448 2032 3475 2084 ὁ
3523 2027 3752 2084 Πλάτων
3781 2025 3835 2080 ἂν

2178 2130 2256 2196 τῷ
2284 2124 2502 2197 Τιμαίῳ
2533 2128 2722 2198 πρῶτα
2757 2124 2851 2194 μὶν
2881 2129 2980 2190 τῆς
3018 2127 3115 2176 τοῦ
3166 2121 3395 2197 οὐρανοῦ
3445 2118 3588 2193 λέγει
3649 2123 3841 2192 ψυχῆς

2179 2215 2314 2268 κατᾶ
2369 2215 2431 2268 τὸ
2491 2215 2680 2268 ἑαυτοῦ
2740 2209 2942 2286 δόγμα,
3004 2213 3070 2280 ἣν
3130 2211 3214 2264 καὶ
3275 2213 3371 2263 τοῦ
3431 2208 3632 2268 παντὸς
3691 2206 3839 2282 λέγει

2181 2305 2388 2377 ψυχὴν,
2457 2301 2510 2356 ὲν
2562 2306 2641 2373 τῷ
2699 2301 2903 2374 πρώτῳ
2966 2301 3198 2373 μίγματι
3259 2302 3366 2352 τῶν
3424 2301 3592 2372 γενῶν
3655 2295 3709 2350 έν
3764 2293 3846 2366 τῷ

2181 2395 2432 2468 κρατῆριο
2465 2397 2710 2466 κρατῆρα
2770 2387 2943 2465 λέγων
2998 2391 3096 2456 τήν
3155 2388 3426 2461 ζωογόνον
3481 2386 3570 2440 καὶ
3603 2385 3844 2440 ὑποστα-

2182 2485 2343 2549 τικήν
2397 2487 2496 2549 τῆς
2543 2482 2729 2554 ψυχῆς
2761 2481 2794 2549 ἢ
2827 2482 3072 2553 ψυχικῆς
3130 2483 3274 2546 ζωῆς
3330 2480 3429 2530 τοῦ
3488 2477 3849 2550 Δημιουργοῦ

2186 2569 2456 2643 δύναμιν·
2520 2567 2766 2644 δεύτερον
2819 2565 2876 2622 δὶ
2926 2567 3013 2621 καὶ
3071 2568 3169 2635 τήν
3241 2565 3576 2640 ἀνθρωπείαν
3656 2563 3846 2637 ψυχὴν

2185 2661 2428 2735 γενέσθαι
2460 2655 2628 2734 λέγει,
2664 2657 2715 2711 ἐν
2747 2661 2826 2728 τῷ
2880 2654 3055 2728 λέγειν
3106 2654 3158 2708 έν
3201 2659 3280 2726 τῷ
3325 2651 3558 2728 δευτέρῳ
3603 2653 3845 2727 κράματι

2187 2749 2244 2802 έκ
2298 2753 2403 2803 τῶν
2466 2746 2638 2801 αὐτῶν
2702 2746 2795 2819 μὶν
2854 2749 3023 2819 γενῶν
3078 2748 3175 2798 τοῦ
3220 2739 3394 2814 ὄντος,
3425 2742 3729 2820 ὑφειμένων
3763 2737 3841 2797 δέ.

2190 2837 2345 2911 Λέγει
2375 2836 2472 2910 γὰρ
2508 2834 2700 2896 οὕτως·
2729 2833 2817 2888 καὶ
2867 2833 3031 2887 πάλιν
3093 2831 3177 2887 ἰπὶ
3237 2833 3329 2887 τὸν
3385 2830 3653 2906 πρότερον
3708 2849 3843 2902 κρα-

2186 2933 2347 3000 τῆρα,
2383 2924 2433 2980 ἐν
2468 2926 2512 2996 ᾦ
2546 2925 2645 2993 τήν
2687 2927 2782 2978 τοῦ
2833 2923 3033 2986 παντὸς
3081 2923 3268 2996 ψυχὴν
3319 2919 3511 2995 ἔμισγε
3563 2917 3846 2994 κεραννὺς,

2187 3016 2255 3069 τὰ
2283 3019 2389 3068 τῶν
2424 3013 2650 3076 πνόσθεν
2696 3009 2970 3065 ὑπόλοιπα
3028 3015 3312 3085 κατεχεῖτο
3366 3009 3578 3083 μίσγων
3634 3005 3844 3082 τρόπον

2194 3105 2288 3178 μέν
2341 3123 2462 3156 τινα
2519 3103 2608 3156 τὸν
2669 3101 2829 3154 αὐτὸν
2892 3099 3134 3174 ἀκήρατα
3193 3096 3248 3153 δὲ
3305 3097 3483 3153 οὐκέτι
3543 3096 3769 3172 (λέγων)
3813 3101 3843 3162 1·

2193 3193 2484 3266 (οάκήρατα
2517 3187 2572 3244 δὲ
2633 3189 2808 3243 οὐκέτι
2870 3188 3065 3262 λέγων,
3115 3189 3229 3242 ἀντὶ
3287 3191 3387 3241 τοῦ
3445 3183 3698 3257 ἄπροσπα
3755 3183 3845 3238 καὶ

2194 3279 2388 3348 ἀκλινῆ
2449 3279 2537 3332 καὶ
2597 3275 2935 3350 ἀμείλικτα·)
2996 3276 3140 3332 ἀλλὰ
3194 3277 3330 3351 πρὸς
3381 3275 3481 3343 τήν
3541 3292 3851 3346 γενεσιουρ-

2187 3371 2337 3444 γικὸν
2365 3367 2697 3422 ἀπονεύοντα
2736 3365 2913 3444 φύσιν.

429 3456 607 3526 (Deus
639 3461 928 3529 summus)
958 3460 1162 3514 eodem
1211 3459 1327 3514 fere
1377 3459 1545 3514 modo
1589 3464 1966 3532 temperatas,
2000 3461 2250 3515 necdum
2301 3458 2805 3545 tamen_sinceras
2840 3479 2866 3505 »
2899 3457 2949 3526 (α
2985 3455 3234 3510 necdum
3289 3459 3483 3508 tamen
3528 3451 3788 3507 sinceras
3824 3473 3843 3498 ι

430 3561 528 3600 eas
559 3546 882 3617 appellans,
917 3565 1030 3603 non
1059 3549 1344 3603 informes
1377 3548 1714 3620 [difﬁciles],
1768 3549 2122 3619 immobiles,
2157 3547 2603 3621 implacabiles),
2654 3547 2755 3602 sed
2803 3547 2874 3601 ad
2925 3545 3275 3618 genetricem
3324 3547 3627 3614 vergentes
3678 3547 3850 3595 natu-

431 3652 554 3690 ram
567 3677 580 3689 .

500 3743 553 3796 5.
586 3742 743 3796 Talis
773 3743 892 3798 fere
923 3745 1189 3800 universe
1221 3751 1277 3800 et
1332 3745 1732 3816 probabiliter,
1767 3749 1832 3801 ut
1882 3746 2084 3817 paucis

435 3848 555 3887 rem
588 3833 918 3903 expediam,
953 3833 1209 3889 Platonis
1243 3836 1522 3890 deﬁnitur
1573 3837 1643 3890 de
1693 3836 1903 3890 anima:
1947 3853 2081 3907 pro-

436 3922 730 3976 creatione
761 3923 1046 3978 doctrina.
1082 3924 1187 3989 Qui
1221 3941 1353 3978 cum
1389 3924 1562 3979 talem
1599 3925 1807 3979 animze
1844 3926 2082 3996 permiso

437 4011 655 4065 tionem
689 4016 1071 4082 temperatam
1123 4029 1252 4066 esse
1277 4013 1416 4067 dicit
1447 4032 1479 4067 a
1511 4019 1702 4069 mente
1733 4013 1834 4068 illa
1865 4015 2082 4081 divina,

441 4116 568 4170 quae
598 4099 853 4155 Alterius
886 4106 1179 4166 naturam,
1213 4119 1244 4155 a
1280 4102 1569 4168 mistione,
1609 4109 1670 4157 ut
1699 4104 1798 4168 ait,
1832 4104 2082 4159 alienam

442 4188 753 4259 (siquidem
778 4195 988 4244 natura
1011 4197 1138 4259 ejus
1162 4191 1230 4244 ad
1269 4190 1719 4246 discernendum
1743 4196 1799 4247 et
1821 4192 2084 4248 dividen-

443 4277 584 4330 dum
620 4276 891 4346 proclivis
915 4282 1005 4331 est
1025 4278 1097 4330 ab
1121 4294 1304 4348 eaque
1327 4295 1636 4349 processus
1687 4281 1765 4350 [et
1787 4282 1953 4350 quasi
1987 4297 2089 4351 per

445 4366 665 4435 gradus
691 4367 980 4434 quosdam
1031 4367 1424 4438 ascensiones]
1457 4385 1521 4423 ac
1568 4368 2088 4440 multiplicationes

445 4452 1227 4525 proﬁciscuntur),adjuncta
1251 4457 1667 4525 essentia,cum
1689 4459 1904 4513 Eodem
1929 4475 2087 4513 com-

447 4543 734 4599 miscebat
765 4550 822 4599 et
868 4563 936 4601 ex
979 4547 1167 4601 tribus
1217 4549 1427 4603 fecerat
1476 4565 1676 4614 unum,
1709 4555 1832 4604 tum
1883 4567 2089 4606 rursus

445 4632 638 4703 (quasi
666 4633 722 4687 in
757 4636 1012 4705 scenam]
1047 4635 1272 4691 inducit
1304 4638 1410 4692 hoc
1439 4641 1648 4693 totum.
1675 4639 1884 4694 Totum
1917 4639 2088 4708 illud,

448 4721 603 4792 quod
638 4721 972 4778 mistionem
1005 4726 1267 4789 vocabat,
1301 4725 1358 4780 in
1391 4743 1477 4792 ea,
1520 4743 1647 4797 qua:
1697 4727 1911 4798 decuit,
1946 4745 2089 4800 quo~

443 4823 572 4861 rum
606 4809 879 4879 quodque
912 4815 968 4864 et
1016 4827 1083 4866 ex
1132 4812 1333 4867 eodem
1386 4816 1443 4866 et
1493 4811 1674 4869 altero
1724 4819 1782 4868 et
1833 4816 2092 4871 essentia

444 4901 834 4968 temperatum
887 4905 1029 4966 erat,
1083 4900 1346 4954 membra
1391 4900 1610 4958 divisit.
1660 4925 1679 4951 α
1718 4904 1848 4958 Fuit
1892 4910 2090 4960 autem

444 4985 580 5040 talis
608 4985 708 5041 illa
741 4988 993 5058 partitio.
1030 4993 1216 5043 Unam
1268 4989 1553 5061 principio
1587 4997 1807 5062 partem
1842 4994 2095 5049 detraxit

445 5091 512 5128 ex
543 5079 665 5129 toto
701 5091 712 5130 :
750 5078 1070 5132 secundam
1113 5083 1308 5132 autem
1345 5079 1543 5149 prima:
1577 5081 1761 5151 partis
1794 5082 2037 5155 duplam
2075 5100 2088 5137 :

445 5163 653 5218 deinde
697 5166 959 5231 tertiam,
992 5183 1118 5237 quae
1173 5173 1327 5222 esset
1363 5171 1630 5226 secundae
1681 5172 2092 5243 sesquialtera,

448 5251 648 5322 prima:
679 5253 852 5322 tripla
885 5272 898 5308 :
931 5255 1142 5309 deinde
1171 5261 1464 5327 quartam,
1499 5274 1624 5328 quea
1673 5260 1944 5314 secunda:
1985 5260 2094 5314 du-

2267 3749 2321 3798 s‘.
2358 3741 2602 3805 Καθόλου
2639 3742 2732 3812 μὶν
2770 3738 2859 3793 οὖν
2893 3739 2981 3793 καὶ
3013 3737 3324 3816 έμφατικῶς
3367 3737 3440 3797 ὡς
3483 3735 3532 3789 έν
3587 3734 3847 3810 βραχέσιν

2195 3831 2389 3897 εἰπεῖν,
2442 3833 2476 3899 ἡ
2534 3829 2758 3899 τοιαύτη
2846 3832 2942 3882 τοῦ
2997 3825 3288 3886 Πλάτωνός
3347 3823 3458 3878 ἐστι
3516 3823 3849 3898 ψυχογονία.

2192 3923 2454 3978 Τοιοῦτον
2510 3918 2600 3972 οὖν
2659 3919 2720 3972 τὸ
2772 3921 2954 3992 κρᾶμα
3011 3923 3110 3984 τῆς
3167 3918 3352 3988 ψυχῆς
3425 3912 3590 3966 εἰπὼν
3654 3931 3849 3985 συγκεο

2196 4011 2453 4084 ρασθῆναι
2507 4007 2652 4084 παρᾶ
2693 4011 2788 4062 τοῦ
2838 4003 3178 4079 δημιουργοῦ
3231 4007 3346 4069 νοῦν
3401 4002 3692 4074 μιγνύντας
3746 4001 3848 4067 τὴν

2192 4103 2291 4152 τοῦ
2374 4098 2598 4172 θατέρου
2675 4097 2855 4173 φύσιν,
2918 4091 3238 4165 δύσμικτον,
3297 4090 3372 4152 ὥς
3445 4111 3626 4166 φησιν,
3687 4090 3852 4142 οὖσαν

2196 4185 2525 4261 (διακριτική
2588 4185 2690 4260 γὰρ
2749 4184 2837 4238 καὶ
2899 4180 3198 4256 διαιρετική
3257 4180 3344 4234 καὶ
3435 4175 3688 4252 προόδων
3759 4178 3850 4232 καὶ

2195 4274 2745 4347 πολλαπλασιασμῶν
2811 4273 2949 4326 έστιν
2999 4269 3146 4325 αἰτία
3195 4272 3229 4339 ἡ
3281 4269 3438 4347 φύσις
3495 4267 3706 4338 αὐτοῦ’)
3770 4270 3854 4337 τῷ

2195 4363 2374 4437 ταύτῷ
2436 4363 2571 4437 μετὰ
2614 4370 2713 4432 τῆς
2745 4361 2927 4423 οὐσίας
2959 4359 3049 4414 καὶ
3110 4359 3169 4413 έκ
3215 4362 3383 4432 τριῶν
3438 4357 3494 4411 ἓν
3552 4355 3857 4427 ποιησαμέ-

2195 4475 2313 4524 νου,
2347 4451 2530 4528 έπάγει
2562 4449 2725 4506 πάλιν
2760 4449 2887 4506 ὅλον
2919 4452 3102 4505 τοῦτο.
3135 4445 3265 4502 ὅλον
3309 4446 3372 4499 τὸ
3423 4446 3605 4521 μίγμα
3654 4443 3852 4519 λέγων’

2203 4542 2396 4616 μοίρας
2456 4541 2582 4602 ὅσας
2641 4543 2887 4615 προσῆκε
2947 4535 3227 4608 διένειμεν,
3282 4533 3510 4603 ἑκάστην
3567 4531 3624 4587 δὲ
3679 4528 3739 4587 ἔκ
3795 4553 3856 4586 τε

2197 4630 2394 4685 ταύτοῦ
2478 4629 2570 4684 καὶ
2655 4629 2881 4702 θατέρου
2935 4627 3025 4680 καὶ
3075 4627 3174 4694 τῆς
3234 4623 3419 4684 οὐσίας
3482 4621 3852 4696 μεμιγμένην.

2197 4722 2438 4796 ’Ήρχετο
2498 4716 2556 4773 δὲ
2613 4715 2837 4793 διαιρεῖν
2898 4712 3036 4770 ὧδεο
3085 4712 3208 4787 μίαν
3268 4712 3459 4790 ἀφεῖλε
3513 4713 3576 4766 τὸ
3633 4715 3854 4786 πρῶτον

2199 4809 2306 4863 ἀπὸ
2337 4807 2539 4869 παντὸς
2576 4812 2795 4881 μοῖραν,
2832 4804 2966 4878 μετὰ
3011 4800 3068 4858 δὲ
3115 4806 3282 4856 ταῦτα
3319 4801 3515 4878 ἀφῄρει
3560 4797 3853 4855 διπλασίαν

2198 4901 2423 4973 ταύτης,
2453 4901 2551 4969 τὴν
2605 4897 2662 4954 δέ
2693 4899 2756 4954 αὗ
2784 4897 2975 4974 τρίτην
3004 4894 3268 4968 ⁴ἡμιολίαν
3307 4895 3402 4966 μὶν
3451 4900 3552 4962 τῆς
3583 4890 3858 4968 δευτέρας,

2201 4989 2529 5067 τριπλασίαν
2562 4987 2619 5043 δὲ
2647 4995 2748 5057 τῆς
2780 4987 3027 5063 πρώτης,
3058 4985 3321 5058 τετάρτην
3369 4980 3426 5038 δὶ
3470 4988 3572 5051 τῆς
3604 4979 3857 5056 δευτέρας

2200 5079 2463 5156 τριπλῆν,
2514 5082 2768 5152 πέμπτην
2830 5073 2887 5130 Si
2943 5073 3178 5149 τριπλῆν
3235 5079 3343 5156 τῆς
3382 5070 3593 5142 τρίτης,
3649 5071 3750 5138 τὴν
3801 5067 3860 5123 δὶ

2201 5167 2362 5239 ἓκτην
2411 5175 2512 5237 τῆς
2563 5168 2790 5243 πρώτης
2847 5159 3241 5231 ὀκταπλασίαν,
3291 5155 3534 5234 ἑϐδόμην
3582 5157 3639 5214 δὶ
3695 5160 3860 5214 ἑπτα-

2202 5251 2703 5313 καιεικοσιπϐασίαν
2735 5260 2833 5323 τῆς
2862 5253 3108 5326 πρώτης.

447 5341 543 5411 pla
573 5349 729 5397 esset
761 5359 773 5396 :
809 5343 1095 5414 quintam,
1129 5361 1255 5416 quis
1289 5347 1467 5401 tertiae
1498 5348 1674 5420 tripla
1706 5365 1719 5403 :
1754 5354 1879 5405 tum
1914 5354 2136 5407 sextam
2167 5349 2464 5423 octuplam
2505 5349 2734 5421 prima,
2767 5349 3064 5418 postremo
3107 5342 3442 5414 septimam,
3475 5357 3601 5413 quis
3631 5343 3860 5412 septem

446 5435 504 5483 et
533 5429 738 5502 viginti
769 5433 1037 5504 partibus
1078 5436 1447 5493 antecederet
1477 5436 1694 5510 prima.
1732 5460 1760 5488 ››

633 5633 964 5715 ΠΔιιαιρεξται
1052 5628 1242 5715 γᾲρὛ.
1304 5634 1692 5715 προχωροῦσαε

1787 5636 2098 5706 Diuisione;
2205 5637 2486 5706 tanquam
2511 5633 2694 5706 invito
2714 5631 3363 5706 tribu‘tasessecenset,
3384 5625 3441 5681 id
3456 5643 3574 5706 suo
3595 5625 3858 5706 quodam

455 5695 603 5753 istas
632 5700 718 5753 vel
753 5695 948 5772 potius
979 5695 1374 5774 explicationis
1401 5695 1608 5760 eum
1639 5703 1689 5760 si
1723 5706 1854 5777 quis
1871 5705 2104 5766 Platon!
2204 5695 2346 5778 Juré
2363 5705 2554 5762 facere
2570 5703 2820 5761 videtur.
2852 5702 3111 5762 Profecto
3132 5699 3190 5757 in
3213 5699 3288 5757 iis
3318 5695 3432 5754 non
3456 5695 3861 5754 Plato'nismus
