  <div class='ocr_page' id='page_1' title='image "/cluster/home/n/w/nwhite01/storage/ocr_20150623/122/hvd.32044073502452/553.png"; bbox 0 0 4060 6348; ppageno 0'>
   <div class='ocr_carea' id='block_1_1' title="bbox 378 394 2013 480">
    <p class='ocr_par' dir='ltr' id='par_1_1' title="bbox 378 394 2013 471">
     <span class='ocr_line' id='line_1_1' title="bbox 378 394 2013 471; baseline 0.011 -18"><span class='ocrx_word' id='word_1_1' title='bbox 378 394 536 454; x_wconf 77' lang='grc'><strong>1087</strong></span> <span class='ocrx_word' id='word_1_2' title='bbox 1750 408 2013 471; x_wconf 78' lang='grc' dir='ltr'><strong>ΜΙΟΗΑ]</strong></span> 
     </span>
    </p>
   </div>
   <div class='ocr_carea' id='block_1_2' title="bbox 2127 394 3797 480">
    <p class='ocr_par' dir='ltr' id='par_1_2' title="bbox 2135 412 3797 480">
     <span class='ocr_line' id='line_1_2' title="bbox 2135 412 3797 480; baseline 0.004 -8"><span class='ocrx_word' id='word_1_3' title='bbox 2135 412 2176 472; x_wconf 82' lang='lat'><strong>8</strong></span> <span class='ocrx_word' id='word_1_4' title='bbox 2221 413 2492 475; x_wconf 83' lang='lat' dir='ltr'><strong>PSELLI</strong></span> <span class='ocrx_word' id='word_1_5' title='bbox 3635 419 3797 480; x_wconf 69' lang='lat'><strong>1088</strong></span> 
     </span>
    </p>
   </div>
   <div class='ocr_carea' id='block_1_3' title="bbox 379 523 2013 622">
    <p class='ocr_par' dir='ltr' id='par_1_3' title="bbox 379 523 2013 608">
     <span class='ocr_line' id='line_1_3' title="bbox 379 523 2013 608; baseline 0.012 -31"><span class='ocrx_word' id='word_1_6' title='bbox 379 523 916 597; x_wconf 82' lang='lat' dir='ltr'><strong>comprehenditur,</strong></span> <span class='ocrx_word' id='word_1_7' title='bbox 949 528 1201 599; x_wconf 82' lang='lat' dir='ltr'><strong>perfecte</strong></span> <span class='ocrx_word' id='word_1_8' title='bbox 1248 535 1445 590; x_wconf 91' lang='lat' dir='ltr'><strong>autem</strong></span> <span class='ocrx_word' id='word_1_9' title='bbox 1476 551 1510 591; x_wconf 91' lang='lat' dir='ltr'><strong>a</strong></span> <span class='ocrx_word' id='word_1_10' title='bbox 1539 537 1749 608; x_wconf 86' lang='lat' dir='ltr'><strong>prima.</strong></span> <span class='ocrx_word' id='word_1_11' title='bbox 1805 540 2013 604; x_wconf 79' lang='lat' dir='ltr'><strong>Quarta</strong></span> 
     </span>
    </p>
   </div>
   <div class='ocr_carea' id='block_1_4' title="bbox 2127 523 3801 622">
    <p class='ocr_par' dir='ltr' id='par_1_4' title="bbox 2142 539 3801 622">
     <span class='ocr_line' id='line_1_4' title="bbox 2142 539 3801 622; baseline 0.004 -28"><span class='ocrx_word' id='word_1_12' title='bbox 2142 539 2336 595; x_wconf 87' lang='grc' dir='ltr'>λοιπὸν</span> <span class='ocrx_word' id='word_1_13' title='bbox 2391 539 2544 603; x_wconf 78' lang='grc' dir='ltr'>ἰδίως</span> <span class='ocrx_word' id='word_1_14' title='bbox 2599 542 2908 617; x_wconf 74' lang='grc' dir='ltr'><strong>προστάτην</strong></span> <span class='ocrx_word' id='word_1_15' title='bbox 2980 544 3146 614; x_wconf 72' lang='grc' dir='ltr'>αὐτὴν</span> <span class='ocrx_word' id='word_1_16' title='bbox 3230 545 3608 622; x_wconf 78' lang='grc' dir='ltr'><strong>ἀποφαίνουσα</strong></span> <span class='ocrx_word' id='word_1_17' title='bbox 3687 552 3801 601; x_wconf 79' lang='grc' dir='ltr'><strong>τῶν</strong></span> 
     </span>
    </p>
   </div>
   <div class='ocr_carea' id='block_1_5' title="bbox 381 616 2013 709">
    <p class='ocr_par' dir='ltr' id='par_1_5' title="bbox 381 616 2013 700">
     <span class='ocr_line' id='line_1_5' title="bbox 381 616 2013 700; baseline 0.012 -34"><span class='ocrx_word' id='word_1_18' title='bbox 381 628 518 683; x_wconf 91' lang='lat' dir='ltr'><strong>pars</strong></span> <span class='ocrx_word' id='word_1_19' title='bbox 551 631 720 685; x_wconf 90' lang='lat' dir='ltr'><strong>porro</strong></span> <span class='ocrx_word' id='word_1_20' title='bbox 752 621 810 670; x_wconf 89' lang='lat' dir='ltr'><strong>et</strong></span> <span class='ocrx_word' id='word_1_21' title='bbox 859 616 1063 685; x_wconf 90' lang='lat' dir='ltr'><strong>quinta</strong></span> <span class='ocrx_word' id='word_1_22' title='bbox 1096 636 1157 674; x_wconf 88' lang='lat' dir='ltr'><strong>se</strong></span> <span class='ocrx_word' id='word_1_23' title='bbox 1188 620 1378 693; x_wconf 89' lang='lat' dir='ltr'><strong>ipsam</strong></span> <span class='ocrx_word' id='word_1_24' title='bbox 1433 629 1682 697; x_wconf 90' lang='lat' dir='ltr'><strong>utraque</strong></span> <span class='ocrx_word' id='word_1_25' title='bbox 1725 629 2013 700; x_wconf 65' lang='lat' dir='ltr'><strong>prasiden</strong></span> 
     </span>
    </p>
   </div>
   <div class='ocr_carea' id='block_1_6' title="bbox 2127 616 3801 709">
    <p class='ocr_par' dir='ltr' id='par_1_6' title="bbox 2150 627 3801 709">
     <span class='ocr_line' id='line_1_6' title="bbox 2150 627 3801 709; baseline 0.004 -25"><span class='ocrx_word' id='word_1_26' title='bbox 2150 627 2428 706; x_wconf 84' lang='grc' dir='ltr'>δευτέρων·</span> <span class='ocrx_word' id='word_1_27' title='bbox 2465 630 2632 686; x_wconf 71' lang='grc' dir='ltr'>αἰτίαι</span> <span class='ocrx_word' id='word_1_28' title='bbox 2663 634 2767 708; x_wconf 88' lang='grc' dir='ltr'><strong>γάρ</strong></span> <span class='ocrx_word' id='word_1_29' title='bbox 2800 633 2900 688; x_wconf 78' lang='grc' dir='ltr'>είσι</span> <span class='ocrx_word' id='word_1_30' title='bbox 2925 639 3032 688; x_wconf 90' lang='grc' dir='ltr'><strong>τῶν</strong></span> <span class='ocrx_word' id='word_1_31' title='bbox 3082 635 3382 708; x_wconf 83' lang='grc' dir='ltr'><strong>ἀσωμάτων</strong></span> <span class='ocrx_word' id='word_1_32' title='bbox 3439 640 3544 689; x_wconf 87' lang='grc' dir='ltr'><strong>τῶν</strong></span> <span class='ocrx_word' id='word_1_33' title='bbox 3609 636 3801 709; x_wconf 86' lang='grc' dir='ltr'>μέντοι</span> 
     </span>
    </p>
   </div>
   <div class='ocr_carea' id='block_1_7' title="bbox 380 704 2013 798">
    <p class='ocr_par' dir='ltr' id='par_1_7' title="bbox 380 704 2011 789">
     <span class='ocr_line' id='line_1_7' title="bbox 380 704 2011 789; baseline 0.011 -34"><span class='ocrx_word' id='word_1_34' title='bbox 380 706 721 758; x_wconf 62' lang='lat' dir='ltr'><strong>ceterarum</strong></span> <span class='ocrx_word' id='word_1_35' title='bbox 749 704 1184 780; x_wconf 79' lang='lat' dir='ltr'><strong>(posteriorum)</strong></span> <span class='ocrx_word' id='word_1_36' title='bbox 1209 712 1444 782; x_wconf 68' lang='lat' dir='ltr'><strong>praebet;</strong></span> <span class='ocrx_word' id='word_1_37' title='bbox 1469 732 1670 771; x_wconf 90' lang='lat' dir='ltr'><strong>eorum</strong></span> <span class='ocrx_word' id='word_1_38' title='bbox 1695 718 2011 789; x_wconf 83' lang='lat' dir='ltr'><strong>enim,quae</strong></span> 
     </span>
    </p>
   </div>
   <div class='ocr_carea' id='block_1_8' title="bbox 2127 704 3803 798">
    <p class='ocr_par' dir='ltr' id='par_1_8' title="bbox 2148 704 3803 798">
     <span class='ocr_line' id='line_1_8' title="bbox 2148 704 3803 798; baseline 0.004 -26"><span class='ocrx_word' id='word_1_39' title='bbox 2148 704 2364 792; x_wconf 80' lang='grc' dir='ltr'>σώμασι</span> <span class='ocrx_word' id='word_1_40' title='bbox 2419 723 2814 796; x_wconf 67' lang='grc' dir='ltr'>μεριζομένων,</span> <span class='ocrx_word' id='word_1_41' title='bbox 2861 723 3041 798; x_wconf 79' lang='grc' dir='ltr'>νοεραῖ</span> <span class='ocrx_word' id='word_1_42' title='bbox 3093 721 3149 778; x_wconf 68' lang='grc' dir='ltr'>δὲ</span> <span class='ocrx_word' id='word_1_43' title='bbox 3209 722 3452 779; x_wconf 74' lang='grc' dir='ltr'>ἐπίπεδοι</span> <span class='ocrx_word' id='word_1_44' title='bbox 3507 726 3660 779; x_wconf 80' lang='grc' dir='ltr'>οὖσαι</span> <span class='ocrx_word' id='word_1_45' title='bbox 3709 727 3803 779; x_wconf 75' lang='grc' dir='ltr'><strong>καὶ</strong></span> 
     </span>
    </p>
   </div>
   <div class='ocr_carea' id='block_1_9' title="bbox 380 790 2013 888">
    <p class='ocr_par' dir='ltr' id='par_1_9' title="bbox 380 790 2006 874">
     <span class='ocr_line' id='line_1_9' title="bbox 380 790 2006 874; baseline 0.01 -29"><span class='ocrx_word' id='word_1_46' title='bbox 380 790 487 846; x_wconf 89' lang='lat' dir='ltr'><strong>etsi</strong></span> <span class='ocrx_word' id='word_1_47' title='bbox 522 791 932 862; x_wconf 88' lang='lat' dir='ltr'><strong>incorporalia,</strong></span> <span class='ocrx_word' id='word_1_48' title='bbox 971 798 1209 868; x_wconf 88' lang='lat' dir='ltr'><strong>corpore</strong></span> <span class='ocrx_word' id='word_1_49' title='bbox 1258 801 1622 874; x_wconf 87' lang='lat' dir='ltr'><strong>dividuntur,</strong></span> <span class='ocrx_word' id='word_1_50' title='bbox 1667 823 1852 862; x_wconf 73' lang='lat' dir='ltr'><strong>causas</strong></span> <span class='ocrx_word' id='word_1_51' title='bbox 1898 825 2006 862; x_wconf 91' lang='lat' dir='ltr'><strong>sun</strong></span> 
     </span>
    </p>
   </div>
   <div class='ocr_carea' id='block_1_10' title="bbox 2127 790 3805 888">
    <p class='ocr_par' dir='ltr' id='par_1_10' title="bbox 2144 790 3805 888">
     <span class='ocr_line' id='line_1_10' title="bbox 2144 790 3805 888; baseline 0.004 -25"><span class='ocrx_word' id='word_1_52' title='bbox 2144 790 2627 885; x_wconf 67' lang='grc' dir='ltr'>τετραγωνικαὶ,η</span> <span class='ocrx_word' id='word_1_53' title='bbox 2694 811 2786 884; x_wconf 79' lang='grc' dir='ltr'><strong>μὶν</strong></span> <span class='ocrx_word' id='word_1_54' title='bbox 2845 790 2963 867; x_wconf 40' lang='grc' dir='ltr'>ἀπὸ.</span> <span class='ocrx_word' id='word_1_55' title='bbox 3010 821 3109 882; x_wconf 83' lang='grc' dir='ltr'><strong>τῆς</strong></span> <span class='ocrx_word' id='word_1_56' title='bbox 3171 812 3438 888; x_wconf 75' lang='grc' dir='ltr'><strong>δευτέρας,</strong></span> <span class='ocrx_word' id='word_1_57' title='bbox 3486 817 3519 883; x_wconf 78' lang='grc' dir='ltr'>ἡ</span> <span class='ocrx_word' id='word_1_58' title='bbox 3581 813 3638 869; x_wconf 73' lang='grc' dir='ltr'>δὲ</span> <span class='ocrx_word' id='word_1_59' title='bbox 3694 817 3805 870; x_wconf 79' lang='grc' dir='ltr'>ἀπὸ</span> 
     </span>
    </p>
   </div>
   <div class='ocr_carea' id='block_1_11' title="bbox 378 879 2013 978">
    <p class='ocr_par' dir='ltr' id='par_1_11' title="bbox 378 879 2013 966">
     <span class='ocr_line' id='line_1_11' title="bbox 378 879 2013 966; baseline 0.012 -34"><span class='ocrx_word' id='word_1_60' title='bbox 378 879 864 952; x_wconf 78' lang='lat' dir='ltr'><strong>intelligendique</strong></span> <span class='ocrx_word' id='word_1_61' title='bbox 913 884 965 938; x_wconf 92' lang='lat' dir='ltr'>vi</span> <span class='ocrx_word' id='word_1_62' title='bbox 999 888 1274 956; x_wconf 69' lang='lat' dir='ltr'><strong>praeditas,</strong></span> <span class='ocrx_word' id='word_1_63' title='bbox 1308 892 1517 962; x_wconf 69' lang='lat' dir='ltr'><strong>planae,</strong></span> <span class='ocrx_word' id='word_1_64' title='bbox 1561 897 1883 966; x_wconf 61' lang='lat' dir='ltr'><strong>quadrata),</strong></span> <span class='ocrx_word' id='word_1_65' title='bbox 1918 915 2013 952; x_wconf 70' lang='lat' dir='ltr'><strong>una</strong></span> 
     </span>
    </p>
   </div>
   <div class='ocr_carea' id='block_1_12' title="bbox 2127 879 3803 978">
    <p class='ocr_par' dir='ltr' id='par_1_12' title="bbox 2143 879 3803 978">
     <span class='ocr_line' id='line_1_12' title="bbox 2143 879 3803 978; baseline 0.004 -26"><span class='ocrx_word' id='word_1_66' title='bbox 2143 879 2247 965; x_wconf 77' lang='grc' dir='ltr'>τῆς</span> <span class='ocrx_word' id='word_1_67' title='bbox 2290 879 2479 973; x_wconf 79' lang='grc' dir='ltr'>τρίτης</span> <span class='ocrx_word' id='word_1_68' title='bbox 2543 901 2761 976; x_wconf 85' lang='grc' dir='ltr'>μοίρας,</span> <span class='ocrx_word' id='word_1_69' title='bbox 2791 909 2890 970; x_wconf 79' lang='grc' dir='ltr'><strong>τῆς</strong></span> <span class='ocrx_word' id='word_1_70' title='bbox 2948 900 3187 976; x_wconf 85' lang='grc' dir='ltr'>προόδου</span> <span class='ocrx_word' id='word_1_71' title='bbox 3243 903 3329 956; x_wconf 79' lang='grc' dir='ltr'><strong>καὶ</strong></span> <span class='ocrx_word' id='word_1_72' title='bbox 3391 905 3803 978; x_wconf 69' lang='grc' dir='ltr'>ἀπογεννῆσεως</span> 
     </span>
    </p>
   </div>
   <div class='ocr_carea' id='block_1_13' title="bbox 371 971 2031 1055">
    <p class='ocr_par' dir='ltr' id='par_1_13' title="bbox 371 971 2031 1055">
     <span class='ocr_line' id='line_1_13' title="bbox 371 971 2031 1055; baseline 0.01 -31"><span class='ocrx_word' id='word_1_73' title='bbox 371 984 440 1024; x_wconf 83' lang='lat' dir='ltr'><strong>ex</strong></span> <span class='ocrx_word' id='word_1_74' title='bbox 495 971 772 1037; x_wconf 90' lang='lat' dir='ltr'><strong>secunda,</strong></span> <span class='ocrx_word' id='word_1_75' title='bbox 808 972 989 1028; x_wconf 88' lang='lat' dir='ltr'><strong>altera</strong></span> <span class='ocrx_word' id='word_1_76' title='bbox 1046 990 1113 1030; x_wconf 80' lang='lat' dir='ltr'><strong>ex</strong></span> <span class='ocrx_word' id='word_1_77' title='bbox 1171 979 1345 1035; x_wconf 91' lang='lat' dir='ltr'><strong>tertia</strong></span> <span class='ocrx_word' id='word_1_78' title='bbox 1403 988 1557 1051; x_wconf 85' lang='lat' dir='ltr'><strong>nata,</strong></span> <span class='ocrx_word' id='word_1_79' title='bbox 1604 990 1810 1055; x_wconf 88' lang='lat' dir='ltr'><strong>quarta</strong></span> <span class='ocrx_word' id='word_1_80' title='bbox 1869 986 2031 1040; x_wconf 90' lang='lat' dir='ltr'><strong>enim</strong></span> 
     </span>
    </p>
   </div>
   <div class='ocr_carea' id='block_1_14' title="bbox 374 1065 2031 1137">
    <p class='ocr_par' dir='ltr' id='par_1_14' title="bbox 374 1065 2031 1137">
     <span class='ocr_line' id='line_1_14' title="bbox 374 1065 2031 1137; baseline 0.012 -26"><span class='ocrx_word' id='word_1_81' title='bbox 374 1073 689 1129; x_wconf 85' lang='lat' dir='ltr'><strong>progressu</strong></span> <span class='ocrx_word' id='word_1_82' title='bbox 741 1065 798 1116; x_wconf 89' lang='lat' dir='ltr'><strong>et</strong></span> <span class='ocrx_word' id='word_1_83' title='bbox 828 1068 992 1133; x_wconf 87' lang='lat' dir='ltr'><strong>partu</strong></span> <span class='ocrx_word' id='word_1_84' title='bbox 1047 1075 1371 1137; x_wconf 88' lang='lat' dir='ltr'><strong>procreata,</strong></span> <span class='ocrx_word' id='word_1_85' title='bbox 1406 1077 1558 1128; x_wconf 90' lang='lat' dir='ltr'><strong>retro</strong></span> <span class='ocrx_word' id='word_1_86' title='bbox 1591 1080 1788 1130; x_wconf 91' lang='lat' dir='ltr'><strong>autem</strong></span> <span class='ocrx_word' id='word_1_87' title='bbox 1835 1080 2031 1131; x_wconf 84' lang='lat' dir='ltr'><strong>reﬂec-</strong></span> 
     </span>
    </p>
   </div>
   <div class='ocr_carea' id='block_1_15' title="bbox 371 1149 2032 1235">
    <p class='ocr_par' dir='ltr' id='par_1_15' title="bbox 371 1149 2032 1235">
     <span class='ocr_line' id='line_1_15' title="bbox 371 1149 2032 1235; baseline 0.011 -34"><span class='ocrx_word' id='word_1_88' title='bbox 371 1149 548 1203; x_wconf 90' lang='lat' dir='ltr'><strong>tendo</strong></span> <span class='ocrx_word' id='word_1_89' title='bbox 575 1153 632 1204; x_wconf 89' lang='lat' dir='ltr'><strong>et</strong></span> <span class='ocrx_word' id='word_1_90' title='bbox 661 1157 1132 1211; x_wconf 90' lang='lat' dir='ltr'><strong>consummando</strong></span> <span class='ocrx_word' id='word_1_91' title='bbox 1164 1158 1374 1228; x_wconf 91' lang='lat' dir='ltr'><strong>quinta</strong></span> <span class='ocrx_word' id='word_1_92' title='bbox 1407 1177 1418 1214; x_wconf 92' lang='lat'><strong>:</strong></span> <span class='ocrx_word' id='word_1_93' title='bbox 1457 1167 1704 1234; x_wconf 87' lang='lat' dir='ltr'><strong>utraque</strong></span> <span class='ocrx_word' id='word_1_94' title='bbox 1727 1164 2032 1235; x_wconf 88' lang='lat' dir='ltr'><strong>plana,illa</strong></span> 
     </span>
    </p>
   </div>
   <div class='ocr_carea' id='block_1_16' title="bbox 374 1240 2027 1321">
    <p class='ocr_par' dir='ltr' id='par_1_16' title="bbox 374 1240 2027 1321">
     <span class='ocr_line' id='line_1_16' title="bbox 374 1240 2027 1321; baseline 0.011 -30"><span class='ocrx_word' id='word_1_95' title='bbox 374 1254 407 1291; x_wconf 91' lang='lat' dir='ltr'><strong>a</strong></span> <span class='ocrx_word' id='word_1_96' title='bbox 437 1240 697 1294; x_wconf 88' lang='lat' dir='ltr'><strong>secunda</strong></span> <span class='ocrx_word' id='word_1_97' title='bbox 729 1240 817 1295; x_wconf 90' lang='lat' dir='ltr'><strong>bis</strong></span> <span class='ocrx_word' id='word_1_98' title='bbox 851 1244 1224 1312; x_wconf 90' lang='lat' dir='ltr'><strong>producendo</strong></span> <span class='ocrx_word' id='word_1_99' title='bbox 1257 1251 1536 1321; x_wconf 83' lang='lat' dir='ltr'><strong>protecta,</strong></span> <span class='ocrx_word' id='word_1_100' title='bbox 1572 1252 1692 1308; x_wconf 75' lang='lat' dir='ltr'><strong>haec</strong></span> <span class='ocrx_word' id='word_1_101' title='bbox 1733 1259 1821 1309; x_wconf 87' lang='lat' dir='ltr'><strong>ter</strong></span> <span class='ocrx_word' id='word_1_102' title='bbox 1852 1271 1884 1308; x_wconf 91' lang='lat' dir='ltr'><strong>a</strong></span> <span class='ocrx_word' id='word_1_103' title='bbox 1915 1259 2027 1308; x_wconf 89' lang='lat' dir='ltr'><strong>ter-</strong></span> 
     </span>
    </p>
   </div>
   <div class='ocr_carea' id='block_1_17' title="bbox 370 1325 2026 1412">
    <p class='ocr_par' dir='ltr' id='par_1_17' title="bbox 370 1325 2026 1412">
     <span class='ocr_line' id='line_1_17' title="bbox 370 1325 2026 1412; baseline 0.011 -33"><span class='ocrx_word' id='word_1_104' title='bbox 370 1325 472 1381; x_wconf 90' lang='lat' dir='ltr'><strong>tia.</strong></span> <span class='ocrx_word' id='word_1_105' title='bbox 509 1330 697 1398; x_wconf 83' lang='lat' dir='ltr'><strong>Atque</strong></span> <span class='ocrx_word' id='word_1_106' title='bbox 729 1330 934 1402; x_wconf 87' lang='lat' dir='ltr'><strong>altera,</strong></span> <span class='ocrx_word' id='word_1_107' title='bbox 971 1339 1036 1388; x_wconf 86' lang='lat' dir='ltr'><strong>ut</strong></span> <span class='ocrx_word' id='word_1_108' title='bbox 1065 1335 1319 1402; x_wconf 90' lang='lat' dir='ltr'><strong>videtur,</strong></span> <span class='ocrx_word' id='word_1_109' title='bbox 1369 1340 1741 1411; x_wconf 81' lang='lat' dir='ltr'><strong>genitalium,</strong></span> <span class='ocrx_word' id='word_1_110' title='bbox 1797 1359 1923 1412; x_wconf 76' lang='lat' dir='ltr'><strong>quaa</strong></span> <span class='ocrx_word' id='word_1_111' title='bbox 1956 1343 2026 1397; x_wconf 87' lang='lat' dir='ltr'><strong>ad</strong></span> 
     </span>
    </p>
   </div>
   <div class='ocr_carea' id='block_1_18' title="bbox 370 1420 2027 1493">
    <p class='ocr_par' dir='ltr' id='par_1_18' title="bbox 370 1420 2027 1493">
     <span class='ocr_line' id='line_1_18' title="bbox 370 1420 2027 1493; baseline 0.009 -24"><span class='ocrx_word' id='word_1_112' title='bbox 370 1432 585 1488; x_wconf 91' lang='lat' dir='ltr'><strong>corpus</strong></span> <span class='ocrx_word' id='word_1_113' title='bbox 619 1420 931 1491; x_wconf 74' lang='lat' dir='ltr'><strong>pertinent,</strong></span> <span class='ocrx_word' id='word_1_114' title='bbox 986 1424 1405 1493; x_wconf 89' lang='lat' dir='ltr'><strong>particularum</strong></span> <span class='ocrx_word' id='word_1_115' title='bbox 1457 1429 1832 1485; x_wconf 89' lang='lat' dir='ltr'><strong>dividuarum</strong></span> <span class='ocrx_word' id='word_1_116' title='bbox 1869 1430 2027 1486; x_wconf 80' lang='lat' dir='ltr'><strong>ferax</strong></span> 
     </span>
    </p>
   </div>
   <div class='ocr_carea' id='block_1_19' title="bbox 368 1507 2024 1589">
    <p class='ocr_par' dir='ltr' id='par_1_19' title="bbox 368 1507 2024 1589">
     <span class='ocr_line' id='line_1_19' title="bbox 368 1507 2024 1589; baseline 0.011 -31"><span class='ocrx_word' id='word_1_117' title='bbox 368 1509 479 1574; x_wconf 90' lang='lat' dir='ltr'><strong>est,</strong></span> <span class='ocrx_word' id='word_1_118' title='bbox 513 1507 831 1579; x_wconf 88' lang='lat' dir='ltr'><strong>eademque</strong></span> <span class='ocrx_word' id='word_1_119' title='bbox 884 1517 1359 1583; x_wconf 87' lang='lat' dir='ltr'><strong>procreatricium</strong></span> <span class='ocrx_word' id='word_1_120' title='bbox 1417 1519 1627 1574; x_wconf 82' lang='lat' dir='ltr'><strong>fertilis</strong></span> <span class='ocrx_word' id='word_1_121' title='bbox 1677 1520 2024 1589; x_wconf 86' lang='lat' dir='ltr'><strong>formarum,</strong></span> 
     </span>
    </p>
   </div>
   <div class='ocr_carea' id='block_1_20' title="bbox 365 1603 2022 1675">
    <p class='ocr_par' dir='ltr' id='par_1_20' title="bbox 365 1603 2022 1675">
     <span class='ocr_line' id='line_1_20' title="bbox 365 1603 2022 1675; baseline 0.012 -29"><span class='ocrx_word' id='word_1_122' title='bbox 365 1610 493 1664; x_wconf 69' lang='lat' dir='ltr'><strong>quas</strong></span> <span class='ocrx_word' id='word_1_123' title='bbox 543 1613 884 1667; x_wconf 82' lang='lat' dir='ltr'><strong>processum</strong></span> <span class='ocrx_word' id='word_1_124' title='bbox 936 1603 1146 1658; x_wconf 67' lang='lat' dir='ltr'><strong>animae</strong></span> <span class='ocrx_word' id='word_1_125' title='bbox 1197 1606 1541 1675; x_wconf 85' lang='lat' dir='ltr'><strong>imitantur;</strong></span> <span class='ocrx_word' id='word_1_126' title='bbox 1595 1609 1776 1664; x_wconf 90' lang='lat' dir='ltr'><strong>altera</strong></span> <span class='ocrx_word' id='word_1_127' title='bbox 1828 1614 2022 1664; x_wconf 89' lang='lat' dir='ltr'><strong>autem</strong></span> 
     </span>
    </p>
   </div>
   <div class='ocr_carea' id='block_1_21' title="bbox 367 1690 2020 1769">
    <p class='ocr_par' dir='ltr' id='par_1_21' title="bbox 367 1690 2020 1769">
     <span class='ocr_line' id='line_1_21' title="bbox 367 1690 2020 1769; baseline 0.011 -32"><span class='ocrx_word' id='word_1_128' title='bbox 367 1700 594 1750; x_wconf 91' lang='lat' dir='ltr'><strong>earum,</strong></span> <span class='ocrx_word' id='word_1_129' title='bbox 632 1703 758 1757; x_wconf 66' lang='lat' dir='ltr'><strong>quae</strong></span> <span class='ocrx_word' id='word_1_130' title='bbox 789 1690 845 1744; x_wconf 91' lang='lat' dir='ltr'><strong>in</strong></span> <span class='ocrx_word' id='word_1_131' title='bbox 887 1707 1128 1763; x_wconf 88' lang='lat' dir='ltr'><strong>corpore</strong></span> <span class='ocrx_word' id='word_1_132' title='bbox 1159 1695 1409 1752; x_wconf 69' lang='lat' dir='ltr'><strong>dividua</strong></span> <span class='ocrx_word' id='word_1_133' title='bbox 1451 1702 1590 1753; x_wconf 87' lang='lat' dir='ltr'><strong>sunt</strong></span> <span class='ocrx_word' id='word_1_134' title='bbox 1619 1698 1728 1753; x_wconf 62' lang='lat' dir='ltr'><strong>illa;</strong></span> <span class='ocrx_word' id='word_1_135' title='bbox 1759 1699 2020 1769; x_wconf 89' lang='lat' dir='ltr'><strong>quidem,</strong></span> 
     </span>
    </p>
   </div>
   <div class='ocr_carea' id='block_1_22' title="bbox 369 1772 2022 1858">
    <p class='ocr_par' dir='ltr' id='par_1_22' title="bbox 369 1772 2022 1858">
     <span class='ocr_line' id='line_1_22' title="bbox 369 1772 2022 1858; baseline 0.01 -32"><span class='ocrx_word' id='word_1_136' title='bbox 369 1772 470 1827; x_wconf 84' lang='lat' dir='ltr'><strong>sed</strong></span> <span class='ocrx_word' id='word_1_137' title='bbox 504 1773 743 1847; x_wconf 86' lang='lat' dir='ltr'><strong>(mente)</strong></span> <span class='ocrx_word' id='word_1_138' title='bbox 776 1779 993 1852; x_wconf 82' lang='lat' dir='ltr'><strong>percipi</strong></span> <span class='ocrx_word' id='word_1_139' title='bbox 1028 1790 1300 1853; x_wconf 89' lang='lat' dir='ltr'><strong>possunt,</strong></span> <span class='ocrx_word' id='word_1_140' title='bbox 1321 1804 1638 1858; x_wconf 90' lang='lat' dir='ltr'><strong>procreans</strong></span> <span class='ocrx_word' id='word_1_141' title='bbox 1668 1793 1774 1852; x_wconf 89' lang='lat' dir='ltr'><strong>est,</strong></span> <span class='ocrx_word' id='word_1_142' title='bbox 1808 1793 1863 1842; x_wconf 90' lang='lat' dir='ltr'><strong>et</strong></span> <span class='ocrx_word' id='word_1_143' title='bbox 1895 1787 2022 1858; x_wconf 79' lang='lat' dir='ltr'><strong>qui-</strong></span> 
     </span>
    </p>
   </div>
   <div class='ocr_carea' id='block_1_23' title="bbox 369 1861 2019 1944">
    <p class='ocr_par' dir='ltr' id='par_1_23' title="bbox 369 1861 2019 1944">
     <span class='ocr_line' id='line_1_23' title="bbox 369 1861 2019 1944; baseline 0.008 -29"><span class='ocrx_word' id='word_1_144' title='bbox 369 1861 503 1916; x_wconf 87' lang='lat' dir='ltr'><strong>dem</strong></span> <span class='ocrx_word' id='word_1_145' title='bbox 553 1881 779 1932; x_wconf 88' lang='lat' dir='ltr'><strong>earum,</strong></span> <span class='ocrx_word' id='word_1_146' title='bbox 839 1886 968 1940; x_wconf 69' lang='lat' dir='ltr'><strong>qua:</strong></span> <span class='ocrx_word' id='word_1_147' title='bbox 1029 1889 1360 1944; x_wconf 81' lang='lat' dir='ltr'><strong>regressum</strong></span> <span class='ocrx_word' id='word_1_148' title='bbox 1418 1877 1625 1931; x_wconf 69' lang='lat' dir='ltr'><strong>animm</strong></span> <span class='ocrx_word' id='word_1_149' title='bbox 1690 1877 2019 1931; x_wconf 81' lang='lat' dir='ltr'><strong>imitantur.</strong></span> 
     </span>
    </p>
   </div>
   <div class='ocr_carea' id='block_1_24' title="bbox 368 1928 2100 2037">
    <p class='ocr_par' dir='ltr' id='par_1_24' title="bbox 368 1928 2100 2037">
     <span class='ocr_line' id='line_1_24' title="bbox 368 1928 2100 2037; baseline 0.01 -34"><span class='ocrx_word' id='word_1_150' title='bbox 368 1949 614 2007; x_wconf 88' lang='lat' dir='ltr'><strong>Omnem</strong></span> <span class='ocrx_word' id='word_1_151' title='bbox 637 1928 792 2011; x_wconf 86' lang='lat' dir='ltr'><strong>enim</strong></span> <span class='ocrx_word' id='word_1_152' title='bbox 827 1928 1219 2031; x_wconf 62' lang='lat' dir='ltr'><strong>cognitionem</strong></span> <span class='ocrx_word' id='word_1_153' title='bbox 1245 1965 1490 2020; x_wconf 75' lang='lat' dir='ltr'><strong>reflectit</strong></span> <span class='ocrx_word' id='word_1_154' title='bbox 1511 1967 1591 2035; x_wconf 92' lang='lat' dir='ltr'><strong>id,</strong></span> <span class='ocrx_word' id='word_1_155' title='bbox 1627 1966 1779 2037; x_wconf 88' lang='lat' dir='ltr'><strong>quod</strong></span> <span class='ocrx_word' id='word_1_156' title='bbox 1813 1982 2021 2035; x_wconf 89' lang='lat' dir='ltr'><strong>cogno-</strong></span> <span class='ocrx_word' id='word_1_157' title='bbox 2055 1928 2100 1991; x_wconf 77' lang='grc' dir='ltr'>Β</span> 
     </span>
    </p>
   </div>
   <div class='ocr_carea' id='block_1_25' title="bbox 363 2040 2018 2126">
    <p class='ocr_par' dir='ltr' id='par_1_25' title="bbox 363 2040 2018 2126">
     <span class='ocr_line' id='line_1_25' title="bbox 363 2040 2018 2126; baseline 0.01 -33"><span class='ocrx_word' id='word_1_158' title='bbox 363 2040 494 2106; x_wconf 83' lang='lat' dir='ltr'><strong>scit,</strong></span> <span class='ocrx_word' id='word_1_159' title='bbox 529 2043 598 2096; x_wconf 88' lang='lat' dir='ltr'><strong>ad</strong></span> <span class='ocrx_word' id='word_1_160' title='bbox 662 2044 742 2114; x_wconf 88' lang='lat' dir='ltr'><strong>id,</strong></span> <span class='ocrx_word' id='word_1_161' title='bbox 796 2049 948 2119; x_wconf 89' lang='lat' dir='ltr'><strong>quod</strong></span> <span class='ocrx_word' id='word_1_162' title='bbox 1001 2057 1091 2106; x_wconf 86' lang='lat' dir='ltr'><strong>est</strong></span> <span class='ocrx_word' id='word_1_163' title='bbox 1144 2054 1467 2124; x_wconf 80' lang='lat' dir='ltr'><strong>cognitum,</strong></span> <span class='ocrx_word' id='word_1_164' title='bbox 1517 2055 2018 2126; x_wconf 83' lang='lat' dir='ltr'><strong>quemadmodum</strong></span> 
     </span>
    </p>
   </div>
   <div class='ocr_carea' id='block_1_26' title="bbox 361 2130 2020 2209">
    <p class='ocr_par' dir='ltr' id='par_1_26' title="bbox 361 2130 2020 2209">
     <span class='ocr_line' id='line_1_26' title="bbox 361 2130 2020 2209; baseline 0.01 -28"><span class='ocrx_word' id='word_1_165' title='bbox 361 2130 555 2185; x_wconf 90' lang='lat' dir='ltr'><strong>omnis</strong></span> <span class='ocrx_word' id='word_1_166' title='bbox 577 2138 786 2190; x_wconf 87' lang='lat' dir='ltr'><strong>natura</strong></span> <span class='ocrx_word' id='word_1_167' title='bbox 803 2138 873 2191; x_wconf 88' lang='lat' dir='ltr'><strong>ad</strong></span> <span class='ocrx_word' id='word_1_168' title='bbox 916 2143 1317 2209; x_wconf 89' lang='lat' dir='ltr'><strong>generandum</strong></span> <span class='ocrx_word' id='word_1_169' title='bbox 1343 2147 1401 2198; x_wconf 84' lang='lat' dir='ltr'><strong>et</strong></span> <span class='ocrx_word' id='word_1_170' title='bbox 1425 2144 1494 2199; x_wconf 88' lang='lat' dir='ltr'><strong>ad</strong></span> <span class='ocrx_word' id='word_1_171' title='bbox 1522 2145 1794 2199; x_wconf 88' lang='lat' dir='ltr'><strong>deorsum</strong></span> <span class='ocrx_word' id='word_1_172' title='bbox 1817 2161 2020 2199; x_wconf 90' lang='lat' dir='ltr'><strong>versus</strong></span> 
     </span>
    </p>
   </div>
   <div class='ocr_carea' id='block_1_27' title="bbox 359 2221 2022 2305">
    <p class='ocr_par' dir='ltr' id='par_1_27' title="bbox 359 2221 2022 2305">
     <span class='ocr_line' id='line_1_27' title="bbox 359 2221 2022 2305; baseline 0.01 -33"><span class='ocrx_word' id='word_1_173' title='bbox 359 2221 794 2288; x_wconf 89' lang='lat' dir='ltr'><strong>procedendum</strong></span> <span class='ocrx_word' id='word_1_174' title='bbox 824 2244 1110 2298; x_wconf 88' lang='lat' dir='ltr'><strong>propensa</strong></span> <span class='ocrx_word' id='word_1_175' title='bbox 1127 2237 1237 2286; x_wconf 89' lang='lat' dir='ltr'><strong>est.</strong></span> <span class='ocrx_word' id='word_1_176' title='bbox 1274 2233 1447 2288; x_wconf 87' lang='lat' dir='ltr'><strong>Sexta</strong></span> <span class='ocrx_word' id='word_1_177' title='bbox 1469 2239 1665 2288; x_wconf 84' lang='lat' dir='ltr'><strong>autem</strong></span> <span class='ocrx_word' id='word_1_178' title='bbox 1692 2238 1748 2288; x_wconf 91' lang='lat' dir='ltr'><strong>et</strong></span> <span class='ocrx_word' id='word_1_179' title='bbox 1770 2234 2022 2305; x_wconf 87' lang='lat' dir='ltr'><strong>septima</strong></span> 
     </span>
    </p>
   </div>
   <div class='ocr_carea' id='block_1_28' title="bbox 361 2313 2020 2394">
    <p class='ocr_par' dir='ltr' id='par_1_28' title="bbox 361 2313 2020 2394">
     <span class='ocr_line' id='line_1_28' title="bbox 361 2313 2020 2394; baseline 0.009 -33"><span class='ocrx_word' id='word_1_180' title='bbox 361 2313 414 2362; x_wconf 90' lang='lat' dir='ltr'><strong>et</strong></span> <span class='ocrx_word' id='word_1_181' title='bbox 442 2324 751 2380; x_wconf 90' lang='lat' dir='ltr'><strong>corporum</strong></span> <span class='ocrx_word' id='word_1_182' title='bbox 776 2315 1041 2386; x_wconf 91' lang='lat' dir='ltr'><strong>ipsorum</strong></span> <span class='ocrx_word' id='word_1_183' title='bbox 1067 2324 1124 2374; x_wconf 92' lang='lat' dir='ltr'><strong>et</strong></span> <span class='ocrx_word' id='word_1_184' title='bbox 1163 2321 1485 2378; x_wconf 76' lang='lat' dir='ltr'><strong>solidorum</strong></span> <span class='ocrx_word' id='word_1_185' title='bbox 1529 2323 1774 2378; x_wconf 90' lang='lat' dir='ltr'><strong>molium</strong></span> <span class='ocrx_word' id='word_1_186' title='bbox 1804 2322 2020 2394; x_wconf 84' lang='lat' dir='ltr'><strong>princi-</strong></span> 
     </span>
    </p>
   </div>
   <div class='ocr_carea' id='block_1_29' title="bbox 366 2396 2022 2483">
    <p class='ocr_par' dir='ltr' id='par_1_29' title="bbox 366 2396 2022 2483">
     <span class='ocr_line' id='line_1_29' title="bbox 366 2396 2022 2483; baseline 0.01 -33"><span class='ocrx_word' id='word_1_187' title='bbox 366 2396 530 2468; x_wconf 80' lang='lat' dir='ltr'><strong>pales</strong></span> <span class='ocrx_word' id='word_1_188' title='bbox 588 2415 796 2457; x_wconf 90' lang='lat' dir='ltr'><strong>causas</strong></span> <span class='ocrx_word' id='word_1_189' title='bbox 829 2405 886 2459; x_wconf 90' lang='lat' dir='ltr'><strong>in</strong></span> <span class='ocrx_word' id='word_1_190' title='bbox 922 2424 982 2460; x_wconf 91' lang='lat' dir='ltr'><strong>se</strong></span> <span class='ocrx_word' id='word_1_191' title='bbox 1040 2410 1470 2479; x_wconf 69' lang='lat' dir='ltr'><strong>praeformant:</strong></span> <span class='ocrx_word' id='word_1_192' title='bbox 1534 2417 1706 2483; x_wconf 91' lang='lat' dir='ltr'><strong>atque</strong></span> <span class='ocrx_word' id='word_1_193' title='bbox 1763 2411 1823 2466; x_wconf 90' lang='lat' dir='ltr'><strong>hi</strong></span> <span class='ocrx_word' id='word_1_194' title='bbox 1882 2416 2022 2466; x_wconf 89' lang='lat' dir='ltr'><strong>sunt</strong></span> 
     </span>
    </p>
   </div>
   <div class='ocr_carea' id='block_1_30' title="bbox 362 2484 2020 2568">
    <p class='ocr_par' dir='ltr' id='par_1_30' title="bbox 362 2484 2020 2568">
     <span class='ocr_line' id='line_1_30' title="bbox 362 2484 2020 2568; baseline 0.01 -29"><span class='ocrx_word' id='word_1_195' title='bbox 362 2484 535 2540; x_wconf 85' lang='lat' dir='ltr'><strong>solidi</strong></span> <span class='ocrx_word' id='word_1_196' title='bbox 597 2493 847 2563; x_wconf 92' lang='lat' dir='ltr'><strong>numeri,</strong></span> <span class='ocrx_word' id='word_1_197' title='bbox 881 2495 1027 2550; x_wconf 84' lang='lat' dir='ltr'><strong>alter</strong></span> <span class='ocrx_word' id='word_1_198' title='bbox 1082 2514 1150 2553; x_wconf 84' lang='lat' dir='ltr'><strong>ex</strong></span> <span class='ocrx_word' id='word_1_199' title='bbox 1208 2501 1489 2568; x_wconf 88' lang='lat' dir='ltr'><strong>secunda,</strong></span> <span class='ocrx_word' id='word_1_200' title='bbox 1525 2501 1671 2556; x_wconf 81' lang='lat' dir='ltr'><strong>alter</strong></span> <span class='ocrx_word' id='word_1_201' title='bbox 1725 2517 1791 2556; x_wconf 85' lang='lat' dir='ltr'><strong>ex</strong></span> <span class='ocrx_word' id='word_1_202' title='bbox 1848 2500 2020 2556; x_wconf 89' lang='lat' dir='ltr'><strong>tertia</strong></span> 
     </span>
    </p>
   </div>
   <div class='ocr_carea' id='block_1_31' title="bbox 365 2573 2016 2662">
    <p class='ocr_par' dir='ltr' id='par_1_31' title="bbox 365 2573 2016 2662">
     <span class='ocr_line' id='line_1_31' title="bbox 365 2573 2016 2662; baseline 0.009 -34"><span class='ocrx_word' id='word_1_203' title='bbox 365 2573 578 2648; x_wconf 89' lang='lat' dir='ltr'><strong>(parte)</strong></span> <span class='ocrx_word' id='word_1_204' title='bbox 611 2579 818 2636; x_wconf 85' lang='lat' dir='ltr'><strong>factus.</strong></span> <span class='ocrx_word' id='word_1_205' title='bbox 853 2585 999 2649; x_wconf 86' lang='lat' dir='ltr'><strong>Quia</strong></span> <span class='ocrx_word' id='word_1_206' title='bbox 1046 2592 1239 2644; x_wconf 87' lang='lat' dir='ltr'><strong>autem</strong></span> <span class='ocrx_word' id='word_1_207' title='bbox 1284 2607 1369 2657; x_wconf 90' lang='lat' dir='ltr'><strong>ea,</strong></span> <span class='ocrx_word' id='word_1_208' title='bbox 1406 2607 1530 2662; x_wconf 73' lang='lat' dir='ltr'><strong>quae</strong></span> <span class='ocrx_word' id='word_1_209' title='bbox 1562 2595 1821 2646; x_wconf 80' lang='lat' dir='ltr'><strong>extrema</strong></span> <span class='ocrx_word' id='word_1_210' title='bbox 1856 2593 2016 2656; x_wconf 90' lang='lat' dir='ltr'><strong>sunt,</strong></span> 
     </span>
    </p>
   </div>
   <div class='ocr_carea' id='block_1_32' title="bbox 2145 987 3798 1068">
    <p class='ocr_par' dir='ltr' id='par_1_32' title="bbox 2145 987 3798 1068">
     <span class='ocr_line' id='line_1_32' title="bbox 2145 987 3798 1068; baseline 0.004 -27"><span class='ocrx_word' id='word_1_211' title='bbox 2145 989 2178 1056; x_wconf 83' lang='grc' dir='ltr'>ἠ</span> <span class='ocrx_word' id='word_1_212' title='bbox 2227 987 2482 1060; x_wconf 84' lang='grc' dir='ltr'>τετάρτη,</span> <span class='ocrx_word' id='word_1_213' title='bbox 2534 996 2635 1058; x_wconf 86' lang='grc' dir='ltr'><strong>τῆς</strong></span> <span class='ocrx_word' id='word_1_214' title='bbox 2701 987 2757 1043; x_wconf 76' lang='grc' dir='ltr'>δὲ</span> <span class='ocrx_word' id='word_1_215' title='bbox 2814 989 3143 1068; x_wconf 57' lang='grc' dir='ltr'>ἐπιστροφῆς</span> <span class='ocrx_word' id='word_1_216' title='bbox 3207 993 3293 1045; x_wconf 82' lang='grc' dir='ltr'><strong>καὶ</strong></span> <span class='ocrx_word' id='word_1_217' title='bbox 3371 991 3704 1055; x_wconf 81' lang='grc' dir='ltr'>τελειώσεως</span> <span class='ocrx_word' id='word_1_218' title='bbox 3762 996 3798 1062; x_wconf 80' lang='grc' dir='ltr'>ἡ</span> 
     </span>
    </p>
   </div>
   <div class='ocr_carea' id='block_1_33' title="bbox 2143 1075 3802 1156">
    <p class='ocr_par' dir='ltr' id='par_1_33' title="bbox 2143 1075 3802 1156">
     <span class='ocr_line' id='line_1_33' title="bbox 2143 1075 3802 1156; baseline 0.004 -26"><span class='ocrx_word' id='word_1_219' title='bbox 2143 1075 2402 1149; x_wconf 88' lang='grc' dir='ltr'>πέμπτη·</span> <span class='ocrx_word' id='word_1_220' title='bbox 2454 1076 2698 1133; x_wconf 82' lang='grc' dir='ltr'>ἐπίπεδοι</span> <span class='ocrx_word' id='word_1_221' title='bbox 2754 1079 2852 1153; x_wconf 81' lang='grc' dir='ltr'><strong>γὰρ</strong></span> <span class='ocrx_word' id='word_1_222' title='bbox 2907 1081 3232 1156; x_wconf 73' lang='grc' dir='ltr'>ἀμφότεραι,</span> <span class='ocrx_word' id='word_1_223' title='bbox 3283 1079 3408 1135; x_wconf 87' lang='grc' dir='ltr'>ἀλλ’</span> <span class='ocrx_word' id='word_1_224' title='bbox 3448 1084 3482 1151; x_wconf 80' lang='grc' dir='ltr'>ἡ</span> <span class='ocrx_word' id='word_1_225' title='bbox 3538 1083 3634 1155; x_wconf 76' lang='grc' dir='ltr'>μὲν</span> <span class='ocrx_word' id='word_1_226' title='bbox 3695 1083 3802 1136; x_wconf 85' lang='grc' dir='ltr'>ἀπὸ</span> 
     </span>
    </p>
   </div>
   <div class='ocr_carea' id='block_1_34' title="bbox 2140 1162 3802 1240">
    <p class='ocr_par' dir='ltr' id='par_1_34' title="bbox 2140 1162 3802 1240">
     <span class='ocr_line' id='line_1_34' title="bbox 2140 1162 3802 1240; baseline 0.003 -21"><span class='ocrx_word' id='word_1_227' title='bbox 2140 1171 2240 1233; x_wconf 81' lang='grc' dir='ltr'><strong>τῆς</strong></span> <span class='ocrx_word' id='word_1_228' title='bbox 2302 1162 2571 1240; x_wconf 75' lang='grc' dir='ltr'>δευτέρας,</span> <span class='ocrx_word' id='word_1_229' title='bbox 2619 1163 2702 1229; x_wconf 79' lang='grc' dir='ltr'><strong>δὶς</strong></span> <span class='ocrx_word' id='word_1_230' title='bbox 2763 1169 2853 1222; x_wconf 86' lang='grc' dir='ltr'>ἀπ’</span> <span class='ocrx_word' id='word_1_231' title='bbox 2911 1168 3079 1238; x_wconf 81' lang='grc' dir='ltr'>αὐτῆς</span> <span class='ocrx_word' id='word_1_232' title='bbox 3140 1169 3435 1238; x_wconf 84' lang='grc' dir='ltr'>ὑποστᾶσα,</span> <span class='ocrx_word' id='word_1_233' title='bbox 3494 1172 3526 1239; x_wconf 78' lang='grc' dir='ltr'>ἡ</span> <span class='ocrx_word' id='word_1_234' title='bbox 3588 1167 3644 1224; x_wconf 72' lang='grc' dir='ltr'>δὲ</span> <span class='ocrx_word' id='word_1_235' title='bbox 3694 1171 3802 1225; x_wconf 75' lang='grc' dir='ltr'><strong>ἀπὸ</strong></span> 
     </span>
    </p>
   </div>
   <div class='ocr_carea' id='block_1_35' title="bbox 2139 1255 3799 1332">
    <p class='ocr_par' dir='ltr' id='par_1_35' title="bbox 2139 1255 3799 1332">
     <span class='ocr_line' id='line_1_35' title="bbox 2139 1255 3799 1332; baseline 0.003 -25"><span class='ocrx_word' id='word_1_236' title='bbox 2139 1260 2241 1323; x_wconf 86' lang='grc' dir='ltr'><strong>τῆς</strong></span> <span class='ocrx_word' id='word_1_237' title='bbox 2273 1257 2462 1329; x_wconf 79' lang='grc' dir='ltr'>τρίτης</span> <span class='ocrx_word' id='word_1_238' title='bbox 2508 1256 2628 1329; x_wconf 87' lang='grc' dir='ltr'>τρὶς</span> <span class='ocrx_word' id='word_1_239' title='bbox 2669 1255 3033 1332; x_wconf 77' lang='grc' dir='ltr'>προελθοῦσα.</span> <span class='ocrx_word' id='word_1_240' title='bbox 3070 1258 3166 1312; x_wconf 82' lang='grc' dir='ltr'>Καὶ</span> <span class='ocrx_word' id='word_1_241' title='bbox 3211 1256 3383 1313; x_wconf 77' lang='grc' dir='ltr'>ἔοικεν</span> <span class='ocrx_word' id='word_1_242' title='bbox 3431 1258 3559 1313; x_wconf 77' lang='grc' dir='ltr'>εἶναι</span> <span class='ocrx_word' id='word_1_243' title='bbox 3609 1262 3642 1329; x_wconf 75' lang='grc' dir='ltr'><strong>ἡ</strong></span> <span class='ocrx_word' id='word_1_244' title='bbox 3704 1261 3799 1332; x_wconf 74' lang='grc' dir='ltr'><strong>μὶν</strong></span> 
     </span>
    </p>
   </div>
   <div class='ocr_carea' id='block_1_36' title="bbox 2140 1346 3799 1425">
    <p class='ocr_par' dir='ltr' id='par_1_36' title="bbox 2140 1346 3799 1425">
     <span class='ocr_line' id='line_1_36' title="bbox 2140 1346 3799 1425; baseline 0.005 -28"><span class='ocrx_word' id='word_1_245' title='bbox 2140 1346 2430 1418; x_wconf 71' lang='grc' dir='ltr'>γεννητική</span> <span class='ocrx_word' id='word_1_246' title='bbox 2485 1349 2595 1399; x_wconf 91' lang='grc' dir='ltr'><strong>τῶν</strong></span> <span class='ocrx_word' id='word_1_247' title='bbox 2658 1346 2780 1419; x_wconf 81' lang='grc' dir='ltr'>περὶ</span> <span class='ocrx_word' id='word_1_248' title='bbox 2811 1348 2875 1401; x_wconf 86' lang='grc' dir='ltr'>τὸ</span> <span class='ocrx_word' id='word_1_249' title='bbox 2907 1351 3065 1421; x_wconf 84' lang='grc' dir='ltr'>σῶμα</span> <span class='ocrx_word' id='word_1_250' title='bbox 3109 1353 3440 1421; x_wconf 80' lang='grc' dir='ltr'>γεννητικῶν</span> <span class='ocrx_word' id='word_1_251' title='bbox 3478 1350 3686 1425; x_wconf 88' lang='grc' dir='ltr'>μορίων</span> <span class='ocrx_word' id='word_1_252' title='bbox 3725 1354 3799 1422; x_wconf 49' lang='lat' dir='ltr'><strong>g8)</strong></span> 
     </span>
    </p>
   </div>
   <div class='ocr_carea' id='block_1_37' title="bbox 2143 1433 3796 1513">
    <p class='ocr_par' dir='ltr' id='par_1_37' title="bbox 2143 1433 3796 1513">
     <span class='ocr_line' id='line_1_37' title="bbox 2143 1433 3796 1513; baseline 0.004 -27"><span class='ocrx_word' id='word_1_253' title='bbox 2143 1437 2433 1508; x_wconf 77' lang='grc' dir='ltr'>μεριστῶν,</span> <span class='ocrx_word' id='word_1_254' title='bbox 2467 1433 2711 1509; x_wconf 83' lang='grc' dir='ltr'>γονίμων</span> <span class='ocrx_word' id='word_1_255' title='bbox 2766 1433 2823 1490; x_wconf 81' lang='grc' dir='ltr'>δὶ</span> <span class='ocrx_word' id='word_1_256' title='bbox 2860 1435 3010 1510; x_wconf 75' lang='grc' dir='ltr'>ὅμως</span> <span class='ocrx_word' id='word_1_257' title='bbox 3046 1434 3223 1509; x_wconf 73' lang='grc' dir='ltr'>εἱδῶν,</span> <span class='ocrx_word' id='word_1_258' title='bbox 3253 1439 3354 1506; x_wconf 78' lang='grc' dir='ltr'><strong>τήν</strong></span> <span class='ocrx_word' id='word_1_259' title='bbox 3403 1435 3637 1513; x_wconf 81' lang='grc' dir='ltr'>πρόοδον</span> <span class='ocrx_word' id='word_1_260' title='bbox 3703 1461 3796 1510; x_wconf 69' lang='grc' dir='ltr'><strong>μισ</strong></span> 
     </span>
    </p>
   </div>
   <div class='ocr_carea' id='block_1_38' title="bbox 2143 1523 3795 1601">
    <p class='ocr_par' dir='ltr' id='par_1_38' title="bbox 2143 1523 3795 1601">
     <span class='ocr_line' id='line_1_38' title="bbox 2143 1523 3795 1601; baseline 0.004 -26"><span class='ocrx_word' id='word_1_261' title='bbox 2143 1524 2429 1594; x_wconf 84' lang='grc' dir='ltr'>μουμένων</span> <span class='ocrx_word' id='word_1_262' title='bbox 2489 1527 2589 1588; x_wconf 80' lang='grc' dir='ltr'>τῆς</span> <span class='ocrx_word' id='word_1_263' title='bbox 2631 1527 2838 1600; x_wconf 79' lang='grc' dir='ltr'>ψυχῆς,</span> <span class='ocrx_word' id='word_1_264' title='bbox 2874 1528 2907 1595; x_wconf 82' lang='grc' dir='ltr'>ἡ</span> <span class='ocrx_word' id='word_1_265' title='bbox 2943 1523 2998 1580; x_wconf 71' lang='grc' dir='ltr'>δὲ</span> <span class='ocrx_word' id='word_1_266' title='bbox 3030 1531 3136 1580; x_wconf 90' lang='grc' dir='ltr'><strong>τῶν</strong></span> <span class='ocrx_word' id='word_1_267' title='bbox 3193 1526 3318 1601; x_wconf 85' lang='grc' dir='ltr'>περὶ</span> <span class='ocrx_word' id='word_1_268' title='bbox 3373 1527 3437 1580; x_wconf 89' lang='grc' dir='ltr'>τὸ</span> <span class='ocrx_word' id='word_1_269' title='bbox 3493 1531 3652 1600; x_wconf 87' lang='grc' dir='ltr'>σῶμα</span> <span class='ocrx_word' id='word_1_270' title='bbox 3705 1549 3795 1600; x_wconf 87' lang='grc' dir='ltr'>με-</span> 
     </span>
    </p>
   </div>
   <div class='ocr_carea' id='block_1_39' title="bbox 2139 1612 3801 1690">
    <p class='ocr_par' dir='ltr' id='par_1_39' title="bbox 2139 1612 3801 1690">
     <span class='ocr_line' id='line_1_39' title="bbox 2139 1612 3801 1690; baseline 0.004 -25"><span class='ocrx_word' id='word_1_271' title='bbox 2139 1615 2360 1686; x_wconf 90' lang='grc' dir='ltr'>ριστῶν,</span> <span class='ocrx_word' id='word_1_272' title='bbox 2394 1615 2759 1687; x_wconf 73' lang='grc' dir='ltr'>γνωριπικὴν</span> <span class='ocrx_word' id='word_1_273' title='bbox 2815 1612 2871 1668; x_wconf 72' lang='grc' dir='ltr'>δὲ</span> <span class='ocrx_word' id='word_1_274' title='bbox 2930 1612 3157 1689; x_wconf 81' lang='grc' dir='ltr'>δύναμιν</span> <span class='ocrx_word' id='word_1_275' title='bbox 3201 1615 3462 1690; x_wconf 71' lang='grc' dir='ltr'>ἇχόντων,</span> <span class='ocrx_word' id='word_1_276' title='bbox 3493 1617 3582 1670; x_wconf 83' lang='grc' dir='ltr'><strong>καὶ</strong></span> <span class='ocrx_word' id='word_1_277' title='bbox 3632 1617 3801 1690; x_wconf 70' lang='grc' dir='ltr'>ταύτῃ</span> 
     </span>
    </p>
   </div>
   <div class='ocr_carea' id='block_1_40' title="bbox 2140 1702 3554 1781">
    <p class='ocr_par' dir='ltr' id='par_1_40' title="bbox 2140 1702 3554 1781">
     <span class='ocr_line' id='line_1_40' title="bbox 2140 1702 3554 1781; baseline 0.003 -27"><span class='ocrx_word' id='word_1_278' title='bbox 2140 1702 2495 1773; x_wconf 76' lang='grc' dir='ltr'>μιμουμένων</span> <span class='ocrx_word' id='word_1_279' title='bbox 2553 1704 2616 1757; x_wconf 86' lang='grc' dir='ltr'><strong>τὸ</strong></span> <span class='ocrx_word' id='word_1_280' title='bbox 2671 1706 2769 1772; x_wconf 75' lang='grc' dir='ltr'><strong>τῆς</strong></span> <span class='ocrx_word' id='word_1_281' title='bbox 2843 1707 3028 1780; x_wconf 80' lang='grc' dir='ltr'>ψυχῆς</span> <span class='ocrx_word' id='word_1_282' title='bbox 3096 1705 3503 1781; x_wconf 71' lang='grc' dir='ltr'>έπιστρεπτικόν</span> <span class='ocrx_word' id='word_1_283' title='bbox 3542 1727 3554 1740; x_wconf 77' lang='grc' dir='ltr'><strong><em>ο</em></strong></span> 
     </span>
    </p>
   </div>
   <div class='ocr_carea' id='block_1_41' title="bbox 2136 1789 3792 1872">
    <p class='ocr_par' dir='ltr' id='par_1_41' title="bbox 2136 1789 3792 1872">
     <span class='ocr_line' id='line_1_41' title="bbox 2136 1789 3792 1872; baseline 0.004 -31"><span class='ocrx_word' id='word_1_284' title='bbox 2136 1789 2238 1864; x_wconf 82' lang='grc' dir='ltr'><strong>γὰρ</strong></span> <span class='ocrx_word' id='word_1_285' title='bbox 2270 1795 2469 1864; x_wconf 87' lang='grc' dir='ltr'>γνῶσιν</span> <span class='ocrx_word' id='word_1_286' title='bbox 2505 1791 2811 1872; x_wconf 67' lang='grc' dir='ltr'>ἐπιστρέφει</span> <span class='ocrx_word' id='word_1_287' title='bbox 2841 1795 2902 1849; x_wconf 86' lang='grc' dir='ltr'>τὸ</span> <span class='ocrx_word' id='word_1_288' title='bbox 2951 1798 3219 1869; x_wconf 85' lang='grc' dir='ltr'>γινῶσκον</span> <span class='ocrx_word' id='word_1_289' title='bbox 3272 1795 3348 1856; x_wconf 80' lang='grc' dir='ltr'>εἷς</span> <span class='ocrx_word' id='word_1_290' title='bbox 3404 1796 3466 1849; x_wconf 84' lang='grc' dir='ltr'>τὸ</span> <span class='ocrx_word' id='word_1_291' title='bbox 3523 1796 3792 1870; x_wconf 86' lang='grc' dir='ltr'>γνωστὸν,</span> 
     </span>
    </p>
   </div>
   <div class='ocr_carea' id='block_1_42' title="bbox 2137 1877 3795 1956">
    <p class='ocr_par' dir='ltr' id='par_1_42' title="bbox 2137 1877 3795 1956">
     <span class='ocr_line' id='line_1_42' title="bbox 2137 1877 3795 1956; baseline 0.004 -25"><span class='ocrx_word' id='word_1_292' title='bbox 2137 1877 2316 1951; x_wconf 81' lang='grc' dir='ltr'>ὥσπερ</span> <span class='ocrx_word' id='word_1_293' title='bbox 2368 1886 2510 1934; x_wconf 83' lang='grc' dir='ltr'>πᾶσα</span> <span class='ocrx_word' id='word_1_294' title='bbox 2560 1881 2714 1946; x_wconf 80' lang='grc' dir='ltr'>φύσις</span> <span class='ocrx_word' id='word_1_295' title='bbox 2765 1887 2952 1956; x_wconf 77' lang='grc' dir='ltr'>γεννᾷν</span> <span class='ocrx_word' id='word_1_296' title='bbox 3009 1882 3203 1952; x_wconf 68' lang='grc' dir='ltr'>ἐθέλει,</span> <span class='ocrx_word' id='word_1_297' title='bbox 3250 1883 3339 1937; x_wconf 84' lang='grc' dir='ltr'><strong>καὶ</strong></span> <span class='ocrx_word' id='word_1_298' title='bbox 3394 1883 3468 1948; x_wconf 77' lang='grc' dir='ltr'>εἷς</span> <span class='ocrx_word' id='word_1_299' title='bbox 3523 1885 3584 1938; x_wconf 86' lang='grc' dir='ltr'>τὸ</span> <span class='ocrx_word' id='word_1_300' title='bbox 3646 1887 3795 1940; x_wconf 82' lang='grc' dir='ltr'>κάτω</span> 
     </span>
    </p>
   </div>
   <div class='ocr_carea' id='block_1_43' title="bbox 2133 1969 3795 2046">
    <p class='ocr_par' dir='ltr' id='par_1_43' title="bbox 2133 1969 3795 2046">
     <span class='ocr_line' id='line_1_43' title="bbox 2133 1969 3795 2046; baseline 0.005 -26"><span class='ocrx_word' id='word_1_301' title='bbox 2133 1972 2405 2031; x_wconf 81' lang='grc' dir='ltr'>ποιεῖσθαι</span> <span class='ocrx_word' id='word_1_302' title='bbox 2449 1971 2547 2038; x_wconf 77' lang='grc' dir='ltr'><strong>την</strong></span> <span class='ocrx_word' id='word_1_303' title='bbox 2599 1970 2854 2045; x_wconf 88' lang='grc' dir='ltr'>πρόοδον.</span> <span class='ocrx_word' id='word_1_304' title='bbox 2886 1975 2945 2029; x_wconf 88' lang='lat' dir='ltr'><strong>‘H</strong></span> <span class='ocrx_word' id='word_1_305' title='bbox 2999 1969 3055 2027; x_wconf 69' lang='grc' dir='ltr'>δὲ</span> <span class='ocrx_word' id='word_1_306' title='bbox 3103 1970 3231 2043; x_wconf 76' lang='grc' dir='ltr'>ἕκτη</span> <span class='ocrx_word' id='word_1_307' title='bbox 3293 1973 3382 2028; x_wconf 86' lang='grc' dir='ltr'><strong>καὶ</strong></span> <span class='ocrx_word' id='word_1_308' title='bbox 3442 1969 3650 2046; x_wconf 72' lang='grc' dir='ltr'>ἑϐδόμη</span> <span class='ocrx_word' id='word_1_309' title='bbox 3704 1975 3795 2028; x_wconf 75' lang='grc' dir='ltr'><strong>καὶ</strong></span> 
     </span>
    </p>
   </div>
   <div class='ocr_carea' id='block_1_44' title="bbox 2134 2057 3788 2138">
    <p class='ocr_par' dir='ltr' id='par_1_44' title="bbox 2134 2057 3788 2138">
     <span class='ocr_line' id='line_1_44' title="bbox 2134 2057 3788 2138; baseline 0.004 -28"><span class='ocrx_word' id='word_1_310' title='bbox 2134 2057 2311 2110; x_wconf 81' lang='grc' dir='ltr'>αὐτῶν</span> <span class='ocrx_word' id='word_1_311' title='bbox 2369 2062 2477 2112; x_wconf 88' lang='grc' dir='ltr'><strong>τῶν</strong></span> <span class='ocrx_word' id='word_1_312' title='bbox 2533 2061 2802 2131; x_wconf 86' lang='grc' dir='ltr'>σωμάτων</span> <span class='ocrx_word' id='word_1_313' title='bbox 2851 2061 2941 2115; x_wconf 86' lang='grc' dir='ltr'><strong>καὶ</strong></span> <span class='ocrx_word' id='word_1_314' title='bbox 2992 2066 3101 2116; x_wconf 87' lang='grc' dir='ltr'><strong>τῶν</strong></span> <span class='ocrx_word' id='word_1_315' title='bbox 3160 2067 3386 2138; x_wconf 82' lang='grc' dir='ltr'>στερεῶν</span> <span class='ocrx_word' id='word_1_316' title='bbox 3449 2059 3629 2136; x_wconf 75' lang='grc' dir='ltr'>ὄγκων</span> <span class='ocrx_word' id='word_1_317' title='bbox 3687 2064 3788 2124; x_wconf 68' lang='grc' dir='ltr'><strong>τὰς</strong></span> 
     </span>
    </p>
   </div>
   <div class='ocr_carea' id='block_1_45' title="bbox 2130 2146 3793 2226">
    <p class='ocr_par' dir='ltr' id='par_1_45' title="bbox 2130 2146 3793 2226">
     <span class='ocr_line' id='line_1_45' title="bbox 2130 2146 3793 2226; baseline 0.005 -28"><span class='ocrx_word' id='word_1_318' title='bbox 2130 2146 2522 2221; x_wconf 74' lang='grc' dir='ltr'>πρωτουργοὺς</span> <span class='ocrx_word' id='word_1_319' title='bbox 2574 2148 2749 2211; x_wconf 75' lang='grc' dir='ltr'>αἶ’τίας</span> <span class='ocrx_word' id='word_1_320' title='bbox 2798 2149 2849 2204; x_wconf 84' lang='grc' dir='ltr'><strong>έν</strong></span> <span class='ocrx_word' id='word_1_321' title='bbox 2897 2149 3031 2223; x_wconf 82' lang='grc' dir='ltr'>αὐτῇ</span> <span class='ocrx_word' id='word_1_322' title='bbox 3082 2153 3521 2225; x_wconf 79' lang='grc' dir='ltr'>προϋποτίθεται.</span> <span class='ocrx_word' id='word_1_323' title='bbox 3570 2152 3793 2226; x_wconf 87' lang='grc' dir='ltr'>Στερεοί</span> 
     </span>
    </p>
   </div>
   <div class='ocr_carea' id='block_1_46' title="bbox 2134 2231 3786 2315">
    <p class='ocr_par' dir='ltr' id='par_1_46' title="bbox 2134 2231 3786 2315">
     <span class='ocr_line' id='line_1_46' title="bbox 2134 2231 3786 2315; baseline 0.005 -28"><span class='ocrx_word' id='word_1_324' title='bbox 2134 2231 2192 2288; x_wconf 71' lang='grc' dir='ltr'>δὲ</span> <span class='ocrx_word' id='word_1_325' title='bbox 2223 2232 2335 2289; x_wconf 57' lang='grc' dir='ltr'>οτίδε</span> <span class='ocrx_word' id='word_1_326' title='bbox 2369 2236 2419 2290; x_wconf 73' lang='grc' dir='ltr'>οἱ</span> <span class='ocrx_word' id='word_1_327' title='bbox 2460 2236 2712 2311; x_wconf 80' lang='grc' dir='ltr'>ἀριθμοὶ,</span> <span class='ocrx_word' id='word_1_328' title='bbox 2746 2240 2832 2294; x_wconf 82' lang='grc' dir='ltr'><strong>καὶ</strong></span> <span class='ocrx_word' id='word_1_329' title='bbox 2895 2241 2921 2294; x_wconf 86' lang='grc' dir='ltr'>ὁ</span> <span class='ocrx_word' id='word_1_330' title='bbox 2984 2240 3077 2312; x_wconf 79' lang='grc' dir='ltr'><strong>μὶν</strong></span> <span class='ocrx_word' id='word_1_331' title='bbox 3138 2241 3244 2295; x_wconf 83' lang='grc' dir='ltr'><strong>ἀπὸ</strong></span> <span class='ocrx_word' id='word_1_332' title='bbox 3299 2248 3399 2310; x_wconf 78' lang='grc' dir='ltr'><strong>τῆς</strong></span> <span class='ocrx_word' id='word_1_333' title='bbox 3456 2239 3725 2315; x_wconf 80' lang='grc' dir='ltr'>δευτέρας,</span> <span class='ocrx_word' id='word_1_334' title='bbox 3759 2242 3786 2295; x_wconf 82' lang='grc' dir='ltr'>ὁ</span> 
     </span>
    </p>
   </div>
   <div class='ocr_carea' id='block_1_47' title="bbox 3617 1713 3792 1760">
    <p class='ocr_par' dir='ltr' id='par_1_47' title="bbox 3617 1713 3792 1760">
     <span class='ocr_line' id='line_1_47' title="bbox 3617 1713 3792 1760; baseline -0.006 0"><span class='ocrx_word' id='word_1_335' title='bbox 3617 1713 3792 1760; x_wconf 78' lang='grc' dir='ltr'>πᾶσαν</span> 
     </span>
    </p>
   </div>
   <div class='ocr_carea' id='block_1_48' title="bbox 2131 2321 3788 2406">
    <p class='ocr_par' dir='ltr' id='par_1_48' title="bbox 2131 2321 3788 2406">
     <span class='ocr_line' id='line_1_48' title="bbox 2131 2321 3788 2406; baseline 0.004 -29"><span class='ocrx_word' id='word_1_336' title='bbox 2131 2321 2188 2378; x_wconf 81' lang='grc' dir='ltr'><strong>δὶ</strong></span> <span class='ocrx_word' id='word_1_337' title='bbox 2217 2323 2324 2378; x_wconf 86' lang='grc' dir='ltr'><strong>ἀπὸ</strong></span> <span class='ocrx_word' id='word_1_338' title='bbox 2376 2332 2475 2395; x_wconf 80' lang='grc' dir='ltr'><strong>τῆς</strong></span> <span class='ocrx_word' id='word_1_339' title='bbox 2525 2325 2736 2399; x_wconf 78' lang='grc' dir='ltr'>τρίτης.</span> <span class='ocrx_word' id='word_1_340' title='bbox 2774 2330 3143 2405; x_wconf 77' lang='grc' dir='ltr'>Ἐπιστρέφων</span> <span class='ocrx_word' id='word_1_341' title='bbox 3204 2327 3260 2384; x_wconf 71' lang='grc' dir='ltr'>δὲ</span> <span class='ocrx_word' id='word_1_342' title='bbox 3291 2330 3318 2384; x_wconf 86' lang='grc' dir='ltr'>ὁ</span> <span class='ocrx_word' id='word_1_343' title='bbox 3359 2329 3524 2406; x_wconf 87' lang='grc' dir='ltr'>λόγος</span> <span class='ocrx_word' id='word_1_344' title='bbox 3579 2330 3671 2385; x_wconf 82' lang='grc' dir='ltr'><strong>καὶ</strong></span> <span class='ocrx_word' id='word_1_345' title='bbox 3721 2330 3788 2384; x_wconf 72' lang='grc' dir='ltr'><strong>τὰ</strong></span> 
     </span>
    </p>
   </div>
   <div class='ocr_carea' id='block_1_49' title="bbox 2130 2410 3786 2493">
    <p class='ocr_par' dir='ltr' id='par_1_49' title="bbox 2130 2410 3786 2493">
     <span class='ocr_line' id='line_1_49' title="bbox 2130 2410 3786 2493; baseline 0.004 -27"><span class='ocrx_word' id='word_1_346' title='bbox 2130 2410 2331 2488; x_wconf 76' lang='grc' dir='ltr'>ἔσχατα</span> <span class='ocrx_word' id='word_1_347' title='bbox 2377 2414 2454 2476; x_wconf 75' lang='grc' dir='ltr'>εἷς</span> <span class='ocrx_word' id='word_1_348' title='bbox 2512 2417 2578 2470; x_wconf 80' lang='grc' dir='ltr'>τὰ</span> <span class='ocrx_word' id='word_1_349' title='bbox 2620 2422 2810 2492; x_wconf 85' lang='grc' dir='ltr'>πρῶτα</span> <span class='ocrx_word' id='word_1_350' title='bbox 2867 2419 2955 2472; x_wconf 76' lang='grc' dir='ltr'><strong>καὶ</strong></span> <span class='ocrx_word' id='word_1_351' title='bbox 3004 2418 3098 2473; x_wconf 79' lang='grc' dir='ltr'>τὰς</span> <span class='ocrx_word' id='word_1_352' title='bbox 3150 2419 3589 2493; x_wconf 85' lang='grc' dir='ltr'>ἀποπερατώσεις</span> <span class='ocrx_word' id='word_1_353' title='bbox 3627 2418 3786 2482; x_wconf 69' lang='grc' dir='ltr'>αὑτὰς</span> 
     </span>
    </p>
   </div>
   <div class='ocr_carea' id='block_1_50' title="bbox 2126 2503 3780 2582">
    <p class='ocr_par' dir='ltr' id='par_1_50' title="bbox 2126 2503 3780 2582">
     <span class='ocr_line' id='line_1_50' title="bbox 2126 2503 3780 2582; baseline 0.004 -27"><span class='ocrx_word' id='word_1_354' title='bbox 2126 2508 2226 2570; x_wconf 81' lang='grc' dir='ltr'><strong>τῆς</strong></span> <span class='ocrx_word' id='word_1_355' title='bbox 2259 2505 2443 2577; x_wconf 67' lang='grc' dir='ltr'>ψυχῆς</span> <span class='ocrx_word' id='word_1_356' title='bbox 2497 2503 2582 2559; x_wconf 81' lang='grc' dir='ltr'>ἐπὶ</span> <span class='ocrx_word' id='word_1_357' title='bbox 2634 2507 2732 2574; x_wconf 78' lang='grc' dir='ltr'><strong>τήν</strong></span> <span class='ocrx_word' id='word_1_358' title='bbox 2774 2506 3049 2582; x_wconf 78' lang='grc' dir='ltr'>ἀκρότητα</span> <span class='ocrx_word' id='word_1_359' title='bbox 3095 2507 3283 2577; x_wconf 78' lang='grc' dir='ltr'>αὐτῆς,</span> <span class='ocrx_word' id='word_1_360' title='bbox 3316 2510 3416 2577; x_wconf 73' lang='grc' dir='ltr'>τὴν</span> <span class='ocrx_word' id='word_1_361' title='bbox 3470 2510 3562 2581; x_wconf 78' lang='grc' dir='ltr'>μὲν</span> <span class='ocrx_word' id='word_1_362' title='bbox 3615 2508 3780 2562; x_wconf 84' lang='grc' dir='ltr'>ὀκτα-</span> 
     </span>
    </p>
   </div>
   <div class='ocr_carea' id='block_1_51' title="bbox 2128 2587 3776 2669">
    <p class='ocr_par' dir='ltr' id='par_1_51' title="bbox 2128 2587 3776 2669">
     <span class='ocr_line' id='line_1_51' title="bbox 2128 2587 3776 2669; baseline 0.005 -27"><span class='ocrx_word' id='word_1_363' title='bbox 2128 2587 2383 2659; x_wconf 89' lang='grc' dir='ltr'>πλασίαν,</span> <span class='ocrx_word' id='word_1_364' title='bbox 2436 2593 2537 2660; x_wconf 75' lang='grc' dir='ltr'>τὴν</span> <span class='ocrx_word' id='word_1_365' title='bbox 2583 2589 2640 2647; x_wconf 76' lang='grc' dir='ltr'>δὲ</span> <span class='ocrx_word' id='word_1_366' title='bbox 2697 2594 3330 2651; x_wconf 76' lang='grc' dir='ltr'>έπτακαιεικοσιπλασίαν</span> <span class='ocrx_word' id='word_1_367' title='bbox 3378 2603 3478 2666; x_wconf 83' lang='grc' dir='ltr'>τῆς</span> <span class='ocrx_word' id='word_1_368' title='bbox 3529 2598 3776 2669; x_wconf 86' lang='grc' dir='ltr'>πρώτης.</span> 
     </span>
    </p>
   </div>
   <div class='ocr_carea' id='block_1_52' title="bbox 366 2665 3778 2760">
    <p class='ocr_par' dir='ltr' id='par_1_52' title="bbox 366 2665 3778 2760">
     <span class='ocr_line' id='line_1_52' title="bbox 366 2665 3778 2760; baseline 0.007 -43"><span class='ocrx_word' id='word_1_369' title='bbox 366 2665 438 2718; x_wconf 89' lang='lat' dir='ltr'><strong>ad</strong></span> <span class='ocrx_word' id='word_1_370' title='bbox 497 2681 583 2735; x_wconf 88' lang='lat' dir='ltr'><strong>es,</strong></span> <span class='ocrx_word' id='word_1_371' title='bbox 644 2685 772 2740; x_wconf 82' lang='lat' dir='ltr'><strong>quae</strong></span> <span class='ocrx_word' id='word_1_372' title='bbox 830 2679 969 2728; x_wconf 90' lang='lat' dir='ltr'><strong>sunt</strong></span> <span class='ocrx_word' id='word_1_373' title='bbox 1027 2677 1246 2746; x_wconf 86' lang='lat' dir='ltr'><strong>prima,</strong></span> <span class='ocrx_word' id='word_1_374' title='bbox 1307 2679 1582 2750; x_wconf 90' lang='lat' dir='ltr'><strong>ipsasque</strong></span> <span class='ocrx_word' id='word_1_375' title='bbox 1658 2679 2055 2734; x_wconf 82' lang='lat' dir='ltr'><strong>extremitates</strong></span> <span class='ocrx_word' id='word_1_376' title='bbox 2128 2680 2336 2736; x_wconf 69' lang='lat' dir='ltr'><strong>animae</strong></span> <span class='ocrx_word' id='word_1_377' title='bbox 2409 2684 2480 2738; x_wconf 90' lang='lat' dir='ltr'><strong>ad</strong></span> <span class='ocrx_word' id='word_1_378' title='bbox 2556 2686 2685 2756; x_wconf 88' lang='lat' dir='ltr'><strong>ejus</strong></span> <span class='ocrx_word' id='word_1_379' title='bbox 2742 2687 2912 2758; x_wconf 89' lang='lat' dir='ltr'><strong>quasi</strong></span> <span class='ocrx_word' id='word_1_380' title='bbox 2984 2687 3208 2760; x_wconf 87' lang='lat' dir='ltr'><strong>apicem</strong></span> <span class='ocrx_word' id='word_1_381' title='bbox 3286 2665 3440 2744; x_wconf 86' lang='lat' dir='ltr'><strong>ratio</strong></span> <span class='ocrx_word' id='word_1_382' title='bbox 3504 2665 3778 2756; x_wconf 72' lang='lat' dir='ltr'><strong>reﬂectit,</strong></span> 
     </span>
    </p>
   </div>
   <div class='ocr_carea' id='block_1_53' title="bbox 366 2759 3777 2851">
    <p class='ocr_par' dir='ltr' id='par_1_53' title="bbox 366 2759 3777 2851">
     <span class='ocr_line' id='line_1_53' title="bbox 366 2759 3777 2851; baseline 0.009 -46"><span class='ocrx_word' id='word_1_383' title='bbox 366 2767 543 2810; x_wconf 87' lang='lat' dir='ltr'><strong>unam</strong></span> <span class='ocrx_word' id='word_1_384' title='bbox 590 2759 884 2830; x_wconf 87' lang='lat' dir='ltr'><strong>octuplam</strong></span> <span class='ocrx_word' id='word_1_385' title='bbox 933 2764 1134 2834; x_wconf 78' lang='lat' dir='ltr'><strong>primas</strong></span> <span class='ocrx_word' id='word_1_386' title='bbox 1179 2767 1362 2836; x_wconf 89' lang='lat' dir='ltr'><strong>dedit,</strong></span> <span class='ocrx_word' id='word_1_387' title='bbox 1421 2768 1666 2825; x_wconf 87' lang='lat' dir='ltr'><strong>alteram</strong></span> <span class='ocrx_word' id='word_1_388' title='bbox 1714 2768 1796 2824; x_wconf 87' lang='lat' dir='ltr'><strong>ita</strong></span> <span class='ocrx_word' id='word_1_389' title='bbox 1841 2768 2128 2835; x_wconf 82' lang='lat' dir='ltr'><strong>formavit,</strong></span> <span class='ocrx_word' id='word_1_390' title='bbox 2197 2774 2259 2826; x_wconf 86' lang='lat' dir='ltr'><strong>ut</strong></span> <span class='ocrx_word' id='word_1_391' title='bbox 2308 2777 2532 2844; x_wconf 89' lang='lat' dir='ltr'><strong>septem</strong></span> <span class='ocrx_word' id='word_1_392' title='bbox 2581 2781 2638 2831; x_wconf 92' lang='lat' dir='ltr'><strong>et</strong></span> <span class='ocrx_word' id='word_1_393' title='bbox 2681 2777 2887 2848; x_wconf 83' lang='lat' dir='ltr'><strong>viginti</strong></span> <span class='ocrx_word' id='word_1_394' title='bbox 2955 2759 3228 2851; x_wconf 85' lang='lat' dir='ltr'><strong>partibus</strong></span> <span class='ocrx_word' id='word_1_395' title='bbox 3280 2778 3480 2850; x_wconf 66' lang='lat' dir='ltr'><strong>prima:</strong></span> <span class='ocrx_word' id='word_1_396' title='bbox 3538 2782 3777 2834; x_wconf 82' lang='lat' dir='ltr'><strong>antece-</strong></span> 
     </span>
    </p>
   </div>
   <div class='ocr_carea' id='block_1_54' title="bbox 367 2841 548 2899">
    <p class='ocr_par' dir='ltr' id='par_1_54' title="bbox 367 2841 548 2899">
     <span class='ocr_line' id='line_1_54' title="bbox 367 2841 548 2899; baseline 0.017 -3"><span class='ocrx_word' id='word_1_397' title='bbox 367 2841 548 2899; x_wconf 89' lang='lat' dir='ltr'><strong>deret.</strong></span> 
     </span>
    </p>
   </div>
   <div class='ocr_carea' id='block_1_55' title="bbox 433 2959 2020 3044">
    <p class='ocr_par' dir='ltr' id='par_1_55' title="bbox 433 2959 2020 3044">
     <span class='ocr_line' id='line_1_55' title="bbox 433 2959 2020 3044; baseline 0.01 -32"><span class='ocrx_word' id='word_1_398' title='bbox 433 2959 487 3013; x_wconf 93' lang='lat'><strong>8.</strong></span> <span class='ocrx_word' id='word_1_399' title='bbox 514 2965 717 3033; x_wconf 83' lang='lat' dir='ltr'><strong>Itaque</strong></span> <span class='ocrx_word' id='word_1_400' title='bbox 740 2968 1103 3038; x_wconf 84' lang='lat' dir='ltr'><strong>septifariam</strong></span> <span class='ocrx_word' id='word_1_401' title='bbox 1139 2971 1326 3028; x_wconf 87' lang='lat' dir='ltr'><strong>divisa</strong></span> <span class='ocrx_word' id='word_1_402' title='bbox 1361 2977 1447 3028; x_wconf 91' lang='lat' dir='ltr'><strong>est</strong></span> <span class='ocrx_word' id='word_1_403' title='bbox 1477 2974 1733 3029; x_wconf 86' lang='lat' dir='ltr'><strong>essentia</strong></span> <span class='ocrx_word' id='word_1_404' title='bbox 1763 2972 2020 3044; x_wconf 89' lang='lat' dir='ltr'><strong>(natura)</strong></span> 
     </span>
    </p>
   </div>
   <div class='ocr_carea' id='block_1_56' title="bbox 373 3049 2020 3135">
    <p class='ocr_par' dir='ltr' id='par_1_56' title="bbox 373 3049 2020 3135">
     <span class='ocr_line' id='line_1_56' title="bbox 373 3049 2020 3135; baseline 0.011 -35"><span class='ocrx_word' id='word_1_405' title='bbox 373 3049 576 3120; x_wconf 88' lang='lat' dir='ltr'><strong>animi,</strong></span> <span class='ocrx_word' id='word_1_406' title='bbox 612 3070 865 3126; x_wconf 88' lang='lat' dir='ltr'><strong>namque</strong></span> <span class='ocrx_word' id='word_1_407' title='bbox 898 3075 1249 3130; x_wconf 88' lang='lat' dir='ltr'><strong>permanens</strong></span> <span class='ocrx_word' id='word_1_408' title='bbox 1282 3068 1372 3118; x_wconf 91' lang='lat' dir='ltr'><strong>est</strong></span> <span class='ocrx_word' id='word_1_409' title='bbox 1403 3069 1458 3118; x_wconf 88' lang='lat' dir='ltr'><strong>et</strong></span> <span class='ocrx_word' id='word_1_410' title='bbox 1489 3064 1808 3135; x_wconf 87' lang='lat' dir='ltr'><strong>procedens</strong></span> <span class='ocrx_word' id='word_1_411' title='bbox 1848 3067 1905 3118; x_wconf 90' lang='lat' dir='ltr'><strong>et</strong></span> <span class='ocrx_word' id='word_1_412' title='bbox 1936 3078 2020 3117; x_wconf 86' lang='lat' dir='ltr'><strong>re-</strong></span> 
     </span>
    </p>
   </div>
   <div class='ocr_carea' id='block_1_57' title="bbox 369 3139 2015 3223">
    <p class='ocr_par' dir='ltr' id='par_1_57' title="bbox 369 3139 2015 3223">
     <span class='ocr_line' id='line_1_57' title="bbox 369 3139 2015 3223; baseline 0.01 -32"><span class='ocrx_word' id='word_1_413' title='bbox 369 3139 657 3211; x_wconf 79' lang='lat' dir='ltr'><strong>grediens,</strong></span> <span class='ocrx_word' id='word_1_414' title='bbox 687 3149 744 3199; x_wconf 89' lang='lat' dir='ltr'><strong>et</strong></span> <span class='ocrx_word' id='word_1_415' title='bbox 775 3162 999 3216; x_wconf 90' lang='lat' dir='ltr'><strong>earum,</strong></span> <span class='ocrx_word' id='word_1_416' title='bbox 1037 3167 1162 3220; x_wconf 71' lang='lat' dir='ltr'><strong>quas</strong></span> <span class='ocrx_word' id='word_1_417' title='bbox 1195 3152 1253 3206; x_wconf 92' lang='lat' dir='ltr'><strong>in</strong></span> <span class='ocrx_word' id='word_1_418' title='bbox 1286 3169 1527 3223; x_wconf 90' lang='lat' dir='ltr'><strong>corpore</strong></span> <span class='ocrx_word' id='word_1_419' title='bbox 1556 3152 1803 3207; x_wconf 57' lang='lat' dir='ltr'><strong>dividua?</strong></span> <span class='ocrx_word' id='word_1_420' title='bbox 1857 3157 2015 3217; x_wconf 87' lang='lat' dir='ltr'><strong>sunt,</strong></span> 
     </span>
    </p>
   </div>
   <div class='ocr_carea' id='block_1_58' title="bbox 363 3230 2018 3313">
    <p class='ocr_par' dir='ltr' id='par_1_58' title="bbox 363 3230 2018 3313">
     <span class='ocr_line' id='line_1_58' title="bbox 363 3230 2018 3313; baseline 0.011 -34"><span class='ocrx_word' id='word_1_421' title='bbox 363 3230 755 3287; x_wconf 90' lang='lat' dir='ltr'><strong>essentiarum</strong></span> <span class='ocrx_word' id='word_1_422' title='bbox 781 3236 1163 3308; x_wconf 91' lang='lat' dir='ltr'><strong>ipsorumque</strong></span> <span class='ocrx_word' id='word_1_423' title='bbox 1184 3256 1497 3312; x_wconf 89' lang='lat' dir='ltr'><strong>corporum</strong></span> <span class='ocrx_word' id='word_1_424' title='bbox 1517 3241 1776 3296; x_wconf 78' lang='lat' dir='ltr'><strong>efﬁciens</strong></span> <span class='ocrx_word' id='word_1_425' title='bbox 1799 3257 2018 3313; x_wconf 85' lang='lat' dir='ltr'><strong>regres-</strong></span> 
     </span>
    </p>
   </div>
   <div class='ocr_carea' id='block_1_59' title="bbox 361 3325 2017 3401">
    <p class='ocr_par' dir='ltr' id='par_1_59' title="bbox 361 3325 2017 3401">
     <span class='ocr_line' id='line_1_59' title="bbox 361 3325 2017 3401; baseline 0.01 -32"><span class='ocrx_word' id='word_1_426' title='bbox 361 3333 491 3371; x_wconf 86' lang='lat' dir='ltr'><strong>sum</strong></span> <span class='ocrx_word' id='word_1_427' title='bbox 545 3325 601 3374; x_wconf 87' lang='lat' dir='ltr'><strong>et</strong></span> <span class='ocrx_word' id='word_1_428' title='bbox 657 3327 1120 3386; x_wconf 88' lang='lat' dir='ltr'><strong>conversionem.</strong></span> <span class='ocrx_word' id='word_1_429' title='bbox 1155 3335 1340 3401; x_wconf 89' lang='lat' dir='ltr'><strong>Super</strong></span> <span class='ocrx_word' id='word_1_430' title='bbox 1387 3331 1517 3397; x_wconf 91' lang='lat' dir='ltr'><strong>hoc,</strong></span> <span class='ocrx_word' id='word_1_431' title='bbox 1550 3331 1650 3399; x_wconf 92' lang='lat' dir='ltr'><strong>qui</strong></span> <span class='ocrx_word' id='word_1_432' title='bbox 1701 3332 1770 3386; x_wconf 91' lang='lat' dir='ltr'><strong>de</strong></span> <span class='ocrx_word' id='word_1_433' title='bbox 1821 3331 2017 3386; x_wconf 89' lang='lat' dir='ltr'><strong>anima</strong></span> 
     </span>
    </p>
   </div>
   <div class='ocr_carea' id='block_1_60' title="bbox 2199 2976 3779 3057">
    <p class='ocr_par' dir='ltr' id='par_1_60' title="bbox 2199 2976 3779 3057">
     <span class='ocr_line' id='line_1_60' title="bbox 2199 2976 3779 3057; baseline 0.005 -28"><span class='ocrx_word' id='word_1_434' title='bbox 2199 2980 2267 3043; x_wconf 84' lang='grc' dir='ltr'><strong>η’.</strong></span> <span class='ocrx_word' id='word_1_435' title='bbox 2293 2977 2397 3031; x_wconf 85' lang='grc' dir='ltr'><strong>Καὶ</strong></span> <span class='ocrx_word' id='word_1_436' title='bbox 2449 2976 2618 3041; x_wconf 79' lang='grc' dir='ltr'>οὕτως</span> <span class='ocrx_word' id='word_1_437' title='bbox 2678 2980 2989 3056; x_wconf 66' lang='grc' dir='ltr'>ἕπταμερής</span> <span class='ocrx_word' id='word_1_438' title='bbox 3029 2984 3063 3050; x_wconf 75' lang='grc' dir='ltr'>ἡ</span> <span class='ocrx_word' id='word_1_439' title='bbox 3097 2979 3250 3035; x_wconf 80' lang='grc' dir='ltr'>οὐσία</span> <span class='ocrx_word' id='word_1_440' title='bbox 3302 2989 3405 3050; x_wconf 86' lang='grc' dir='ltr'><strong>τῆς</strong></span> <span class='ocrx_word' id='word_1_441' title='bbox 3461 2985 3666 3057; x_wconf 75' lang='grc' dir='ltr'>ψυχῆς,</span> <span class='ocrx_word' id='word_1_442' title='bbox 3702 2984 3779 3044; x_wconf 81' lang='grc' dir='ltr'>ὡς</span> 
     </span>
    </p>
   </div>
   <div class='ocr_carea' id='block_1_61' title="bbox 2131 3064 3783 3148">
    <p class='ocr_par' dir='ltr' id='par_1_61' title="bbox 2131 3064 3783 3148">
     <span class='ocr_line' id='line_1_61' title="bbox 2131 3064 3783 3148; baseline 0.006 -32"><span class='ocrx_word' id='word_1_443' title='bbox 2131 3064 2363 3134; x_wconf 82' lang='grc' dir='ltr'>μένουσα</span> <span class='ocrx_word' id='word_1_444' title='bbox 2419 3066 2507 3121; x_wconf 83' lang='grc' dir='ltr'><strong>καὶ</strong></span> <span class='ocrx_word' id='word_1_445' title='bbox 2569 3073 2835 3143; x_wconf 66' lang='grc' dir='ltr'>προϊοῦσα</span> <span class='ocrx_word' id='word_1_446' title='bbox 2891 3070 2979 3124; x_wconf 85' lang='grc' dir='ltr'><strong>καὶ</strong></span> <span class='ocrx_word' id='word_1_447' title='bbox 3041 3069 3455 3148; x_wconf 74' lang='grc' dir='ltr'>ἐπιστρέφουσα,</span> <span class='ocrx_word' id='word_1_448' title='bbox 3493 3073 3582 3125; x_wconf 78' lang='grc' dir='ltr'><strong>καὶ</strong></span> <span class='ocrx_word' id='word_1_449' title='bbox 3637 3072 3783 3126; x_wconf 71' lang='grc' dir='ltr'>αἰτία</span> 
     </span>
    </p>
   </div>
   <div class='ocr_carea' id='block_1_62' title="bbox 2125 3152 3784 3238">
    <p class='ocr_par' dir='ltr' id='par_1_62' title="bbox 2125 3152 3784 3238">
     <span class='ocr_line' id='line_1_62' title="bbox 2125 3152 3784 3238; baseline 0.005 -31"><span class='ocrx_word' id='word_1_450' title='bbox 2125 3159 2224 3221; x_wconf 79' lang='grc' dir='ltr'>τῆς</span> <span class='ocrx_word' id='word_1_451' title='bbox 2255 3152 2494 3229; x_wconf 82' lang='grc' dir='ltr'>προόδου</span> <span class='ocrx_word' id='word_1_452' title='bbox 2524 3156 2612 3211; x_wconf 86' lang='grc' dir='ltr'><strong>καὶ</strong></span> <span class='ocrx_word' id='word_1_453' title='bbox 2643 3165 2744 3227; x_wconf 81' lang='grc' dir='ltr'><strong>τῆς</strong></span> <span class='ocrx_word' id='word_1_454' title='bbox 2782 3157 3114 3238; x_wconf 74' lang='grc' dir='ltr'>ἐπιστροφῆς</span> <span class='ocrx_word' id='word_1_455' title='bbox 3145 3165 3250 3214; x_wconf 90' lang='grc' dir='ltr'><strong>τῶν</strong></span> <span class='ocrx_word' id='word_1_456' title='bbox 3285 3161 3406 3235; x_wconf 88' lang='grc' dir='ltr'><strong>περί</strong></span> <span class='ocrx_word' id='word_1_457' title='bbox 3437 3160 3501 3214; x_wconf 86' lang='grc' dir='ltr'><strong>τά</strong></span> <span class='ocrx_word' id='word_1_458' title='bbox 3555 3162 3784 3232; x_wconf 86' lang='grc' dir='ltr'>σώματα</span> 
     </span>
    </p>
   </div>
   <div class='ocr_carea' id='block_1_63' title="bbox 2132 3245 3781 3324">
    <p class='ocr_par' dir='ltr' id='par_1_63' title="bbox 2132 3245 3781 3324">
     <span class='ocr_line' id='line_1_63' title="bbox 2132 3245 3781 3324; baseline 0.008 -30"><span class='ocrx_word' id='word_1_459' title='bbox 2132 3248 2397 3316; x_wconf 81' lang='grc' dir='ltr'>μεριστῶν</span> <span class='ocrx_word' id='word_1_460' title='bbox 2462 3245 2657 3300; x_wconf 77' lang='grc' dir='ltr'>οὐσιῶν</span> <span class='ocrx_word' id='word_1_461' title='bbox 2719 3247 2808 3301; x_wconf 85' lang='grc' dir='ltr'><strong>καὶ</strong></span> <span class='ocrx_word' id='word_1_462' title='bbox 2862 3253 2968 3302; x_wconf 88' lang='grc' dir='ltr'><strong>τῶν</strong></span> <span class='ocrx_word' id='word_1_463' title='bbox 3031 3251 3297 3321; x_wconf 75' lang='grc' dir='ltr'>σωμάτων</span> <span class='ocrx_word' id='word_1_464' title='bbox 3349 3249 3546 3305; x_wconf 81' lang='grc' dir='ltr'>αὐτῶν.</span> <span class='ocrx_word' id='word_1_465' title='bbox 3607 3249 3781 3324; x_wconf 74' lang='grc' dir='ltr'>Εἶχον</span> 
     </span>
    </p>
   </div>
   <div class='ocr_carea' id='block_1_64' title="bbox 2131 3330 3781 3413">
    <p class='ocr_par' dir='ltr' id='par_1_64' title="bbox 2131 3330 3781 3413">
     <span class='ocr_line' id='line_1_64' title="bbox 2131 3330 3781 3413; baseline 0.003 -28"><span class='ocrx_word' id='word_1_466' title='bbox 2131 3331 2225 3403; x_wconf 79' lang='grc' dir='ltr'>μὶν</span> <span class='ocrx_word' id='word_1_467' title='bbox 2261 3330 2351 3386; x_wconf 75' lang='grc' dir='ltr'><strong>οὖν</strong></span> <span class='ocrx_word' id='word_1_468' title='bbox 2384 3333 2569 3390; x_wconf 74' lang='grc' dir='ltr'>πολλὰ</span> <span class='ocrx_word' id='word_1_469' title='bbox 2599 3336 2688 3389; x_wconf 79' lang='grc' dir='ltr'><strong>καὶ</strong></span> <span class='ocrx_word' id='word_1_470' title='bbox 2721 3335 2862 3391; x_wconf 78' lang='grc' dir='ltr'>καλὰ</span> <span class='ocrx_word' id='word_1_471' title='bbox 2894 3336 3134 3410; x_wconf 83' lang='grc' dir='ltr'>θεάματα</span> <span class='ocrx_word' id='word_1_472' title='bbox 3174 3337 3346 3413; x_wconf 87' lang='grc' dir='ltr'>λέγειν</span> <span class='ocrx_word' id='word_1_473' title='bbox 3396 3337 3472 3401; x_wconf 87' lang='grc' dir='ltr'>εἷς</span> <span class='ocrx_word' id='word_1_474' title='bbox 3512 3337 3607 3392; x_wconf 76' lang='grc' dir='ltr'><strong>τόν</strong></span> <span class='ocrx_word' id='word_1_475' title='bbox 3656 3339 3781 3412; x_wconf 85' lang='grc' dir='ltr'>περὶ</span> 
     </span>
    </p>
   </div>
   <div class='ocr_carea' id='block_1_65' title="bbox 358 3401 2013 3499">
    <p class='ocr_par' dir='ltr' id='par_1_65' title="bbox 358 3405 2011 3491">
     <span class='ocr_line' id='line_1_65' title="bbox 358 3405 2011 3491; baseline 0.011 -33"><span class='ocrx_word' id='word_1_476' title='bbox 358 3409 469 3474; x_wconf 89' lang='lat' dir='ltr'><strong>est,</strong></span> <span class='ocrx_word' id='word_1_477' title='bbox 492 3405 617 3464; x_wconf 90' lang='lat' dir='ltr'><strong>loco</strong></span> <span class='ocrx_word' id='word_1_478' title='bbox 638 3409 897 3469; x_wconf 90' lang='lat' dir='ltr'><strong>Platonis</strong></span> <span class='ocrx_word' id='word_1_479' title='bbox 923 3416 1110 3472; x_wconf 88' lang='lat' dir='ltr'><strong>multa</strong></span> <span class='ocrx_word' id='word_1_480' title='bbox 1130 3435 1313 3490; x_wconf 89' lang='lat' dir='ltr'><strong>eaque</strong></span> <span class='ocrx_word' id='word_1_481' title='bbox 1331 3422 1596 3491; x_wconf 84' lang='lat' dir='ltr'><strong>jucunda</strong></span> <span class='ocrx_word' id='word_1_482' title='bbox 1618 3425 1674 3476; x_wconf 86' lang='lat' dir='ltr'><strong>et</strong></span> <span class='ocrx_word' id='word_1_483' title='bbox 1696 3419 2011 3489; x_wconf 83' lang='lat' dir='ltr'><strong>mirabilia,</strong></span> 
     </span>
    </p>
   </div>
   <div class='ocr_carea' id='block_1_66' title="bbox 2127 3401 3783 3499">
    <p class='ocr_par' dir='ltr' id='par_1_66' title="bbox 2127 3401 3783 3499">
     <span class='ocr_line' id='line_1_66' title="bbox 2127 3401 3783 3499; baseline 0.004 -25"><span class='ocrx_word' id='word_1_484' title='bbox 2127 3401 2310 3496; x_wconf 59' lang='grc' dir='ltr'>ψυχῆς</span> <span class='ocrx_word' id='word_1_485' title='bbox 2366 3419 2522 3477; x_wconf 85' lang='grc' dir='ltr'>τόνδε</span> <span class='ocrx_word' id='word_1_486' title='bbox 2577 3422 2674 3479; x_wconf 79' lang='grc' dir='ltr'>τοῦ</span> <span class='ocrx_word' id='word_1_487' title='bbox 2734 3424 3026 3486; x_wconf 81' lang='grc' dir='ltr'>Πλάτωνος</span> <span class='ocrx_word' id='word_1_488' title='bbox 3073 3426 3265 3493; x_wconf 88' lang='grc' dir='ltr'>τόπον,</span> <span class='ocrx_word' id='word_1_489' title='bbox 3298 3425 3344 3481; x_wconf 76' lang='grc' dir='ltr'>εἲ</span> <span class='ocrx_word' id='word_1_490' title='bbox 3394 3422 3477 3480; x_wconf 80' lang='grc' dir='ltr'><strong>δεῖ</strong></span> <span class='ocrx_word' id='word_1_491' title='bbox 3508 3447 3574 3499; x_wconf 88' lang='grc' dir='ltr'><strong>με</strong></span> <span class='ocrx_word' id='word_1_492' title='bbox 3603 3424 3783 3487; x_wconf 67' lang='grc' dir='ltr'>οὕτως</span> 
     </span>
    </p>
   </div>
   <div class='ocr_carea' id='block_1_67' title="bbox 360 3493 2009 3581">
    <p class='ocr_par' dir='ltr' id='par_1_67' title="bbox 360 3493 2009 3581">
     <span class='ocr_line' id='line_1_67' title="bbox 360 3493 2009 3581; baseline 0.011 -33"><span class='ocrx_word' id='word_1_493' title='bbox 360 3493 408 3548; x_wconf 90' lang='lat' dir='ltr'><strong>si</strong></span> <span class='ocrx_word' id='word_1_494' title='bbox 441 3495 550 3552; x_wconf 89' lang='lat' dir='ltr'><strong>hoc</strong></span> <span class='ocrx_word' id='word_1_495' title='bbox 585 3502 758 3557; x_wconf 91' lang='lat' dir='ltr'><strong>modo</strong></span> <span class='ocrx_word' id='word_1_496' title='bbox 785 3503 976 3560; x_wconf 89' lang='lat' dir='ltr'><strong>dicere</strong></span> <span class='ocrx_word' id='word_1_497' title='bbox 1012 3507 1157 3562; x_wconf 87' lang='lat' dir='ltr'><strong>mihi</strong></span> <span class='ocrx_word' id='word_1_498' title='bbox 1206 3508 1359 3577; x_wconf 90' lang='lat' dir='ltr'><strong>licet,</strong></span> <span class='ocrx_word' id='word_1_499' title='bbox 1394 3527 1426 3565; x_wconf 90' lang='grc' dir='ltr'><strong>ο</strong></span> <span class='ocrx_word' id='word_1_500' title='bbox 1460 3510 1607 3566; x_wconf 88' lang='lat' dir='ltr'><strong>mihi</strong></span> <span class='ocrx_word' id='word_1_501' title='bbox 1655 3510 1874 3581; x_wconf 89' lang='lat' dir='ltr'><strong>optima</strong></span> <span class='ocrx_word' id='word_1_502' title='bbox 1903 3512 2009 3566; x_wconf 92' lang='lat' dir='ltr'><strong>do-</strong></span> 
     </span>
    </p>
   </div>
   <div class='ocr_carea' id='block_1_68' title="bbox 360 3584 2010 3671">
    <p class='ocr_par' dir='ltr' id='par_1_68' title="bbox 360 3584 2010 3671">
     <span class='ocr_line' id='line_1_68' title="bbox 360 3584 2010 3671; baseline 0.012 -35"><span class='ocrx_word' id='word_1_503' title='bbox 360 3584 540 3652; x_wconf 88' lang='lat' dir='ltr'><strong>mina,</strong></span> <span class='ocrx_word' id='word_1_504' title='bbox 575 3604 708 3644; x_wconf 90' lang='lat' dir='ltr'><strong>cum</strong></span> <span class='ocrx_word' id='word_1_505' title='bbox 741 3591 871 3647; x_wconf 89' lang='lat' dir='ltr'><strong>aliis</strong></span> <span class='ocrx_word' id='word_1_506' title='bbox 895 3595 1072 3650; x_wconf 90' lang='lat' dir='ltr'><strong>rebus</strong></span> <span class='ocrx_word' id='word_1_507' title='bbox 1102 3600 1225 3652; x_wconf 91' lang='lat' dir='ltr'><strong>tum</strong></span> <span class='ocrx_word' id='word_1_508' title='bbox 1259 3597 1470 3653; x_wconf 89' lang='lat' dir='ltr'><strong>litteris</strong></span> <span class='ocrx_word' id='word_1_509' title='bbox 1494 3599 1809 3655; x_wconf 90' lang='lat' dir='ltr'><strong>reconditis</strong></span> <span class='ocrx_word' id='word_1_510' title='bbox 1832 3616 2010 3671; x_wconf 91' lang='lat' dir='ltr'><strong>quam</strong></span> 
     </span>
    </p>
   </div>
   <div class='ocr_carea' id='block_1_69' title="bbox 358 3675 2010 3758">
    <p class='ocr_par' dir='ltr' id='par_1_69' title="bbox 358 3675 2010 3758">
     <span class='ocr_line' id='line_1_69' title="bbox 358 3675 2010 3758; baseline 0.011 -32"><span class='ocrx_word' id='word_1_511' title='bbox 358 3675 612 3732; x_wconf 87' lang='lat' dir='ltr'><strong>maxime</strong></span> <span class='ocrx_word' id='word_1_512' title='bbox 661 3679 910 3750; x_wconf 85' lang='lat' dir='ltr'><strong>initiata,</strong></span> <span class='ocrx_word' id='word_1_513' title='bbox 963 3684 1184 3740; x_wconf 89' lang='lat' dir='ltr'><strong>dissere</strong></span> <span class='ocrx_word' id='word_1_514' title='bbox 1239 3703 1504 3758; x_wconf 88' lang='lat' dir='ltr'><strong>possum,</strong></span> <span class='ocrx_word' id='word_1_515' title='bbox 1538 3693 1834 3744; x_wconf 91' lang='lat' dir='ltr'><strong>auctorem</strong></span> <span class='ocrx_word' id='word_1_516' title='bbox 1871 3690 2010 3746; x_wconf 79' lang='lat' dir='ltr'><strong>Por-</strong></span> 
     </span>
    </p>
   </div>
   <div class='ocr_carea' id='block_1_70' title="bbox 356 3762 2008 3848">
    <p class='ocr_par' dir='ltr' id='par_1_70' title="bbox 356 3762 2008 3848">
     <span class='ocr_line' id='line_1_70' title="bbox 356 3762 2008 3848; baseline 0.011 -31"><span class='ocrx_word' id='word_1_517' title='bbox 356 3762 630 3834; x_wconf 81' lang='lat' dir='ltr'><strong>phyrium</strong></span> <span class='ocrx_word' id='word_1_518' title='bbox 664 3773 718 3823; x_wconf 89' lang='lat' dir='ltr'><strong>et</strong></span> <span class='ocrx_word' id='word_1_519' title='bbox 749 3771 1147 3830; x_wconf 89' lang='lat' dir='ltr'><strong>Jamblichum</strong></span> <span class='ocrx_word' id='word_1_520' title='bbox 1180 3781 1534 3848; x_wconf 70' lang='lat' dir='ltr'><strong>casterosque</strong></span> <span class='ocrx_word' id='word_1_521' title='bbox 1578 3777 2008 3835; x_wconf 88' lang='lat' dir='ltr'><strong>Platonicarum</strong></span> 
     </span>
    </p>
   </div>
   <div class='ocr_carea' id='block_1_71' title="bbox 356 3855 2008 3934">
    <p class='ocr_par' dir='ltr' id='par_1_71' title="bbox 356 3855 2008 3934">
     <span class='ocr_line' id='line_1_71' title="bbox 356 3855 2008 3934; baseline 0.013 -29"><span class='ocrx_word' id='word_1_522' title='bbox 356 3867 561 3909; x_wconf 85' lang='lat' dir='ltr'><strong>vocum</strong></span> <span class='ocrx_word' id='word_1_523' title='bbox 613 3855 1117 3934; x_wconf 83' lang='lat' dir='ltr'><strong>(motacillarum&#39;)</strong></span> <span class='ocrx_word' id='word_1_524' title='bbox 1149 3865 1322 3934; x_wconf 89' lang='lat' dir='ltr'><strong>quasi</strong></span> <span class='ocrx_word' id='word_1_525' title='bbox 1375 3866 1639 3922; x_wconf 83' lang='lat' dir='ltr'><strong>ﬁdicines</strong></span> <span class='ocrx_word' id='word_1_526' title='bbox 1671 3874 1911 3924; x_wconf 91' lang='lat' dir='ltr'><strong>secutus</strong></span> <span class='ocrx_word' id='word_1_527' title='bbox 1943 3887 2008 3925; x_wconf 91' lang='lat' dir='ltr'><strong>ac</strong></span> 
     </span>
    </p>
   </div>
   <div class='ocr_carea' id='block_1_72' title="bbox 360 3942 2005 4030">
    <p class='ocr_par' dir='ltr' id='par_1_72' title="bbox 360 3942 2005 4030">
     <span class='ocr_line' id='line_1_72' title="bbox 360 3942 2005 4030; baseline 0.013 -36"><span class='ocrx_word' id='word_1_528' title='bbox 360 3942 652 4015; x_wconf 61' lang='lat' dir='ltr'><strong>precipue</strong></span> <span class='ocrx_word' id='word_1_529' title='bbox 699 3947 959 4004; x_wconf 87' lang='lat' dir='ltr'><strong>divinum</strong></span> <span class='ocrx_word' id='word_1_530' title='bbox 1015 3950 1184 4006; x_wconf 91' lang='lat' dir='ltr'><strong>illum</strong></span> <span class='ocrx_word' id='word_1_531' title='bbox 1218 3970 1568 4010; x_wconf 90' lang='lat' dir='ltr'><strong>arcanorum</strong></span> <span class='ocrx_word' id='word_1_532' title='bbox 1607 3956 2005 4030; x_wconf 86' lang='lat' dir='ltr'><strong>interpretem.</strong></span> 
     </span>
    </p>
   </div>
   <div class='ocr_carea' id='block_1_73' title="bbox 357 4027 2004 4111">
    <p class='ocr_par' dir='ltr' id='par_1_73' title="bbox 357 4027 2004 4111">
     <span class='ocr_line' id='line_1_73' title="bbox 357 4027 2004 4111; baseline 0.014 -29"><span class='ocrx_word' id='word_1_533' title='bbox 357 4027 660 4087; x_wconf 89' lang='lat' dir='ltr'><strong>Musarum</strong></span> <span class='ocrx_word' id='word_1_534' title='bbox 687 4037 929 4094; x_wconf 89' lang='lat' dir='ltr'><strong>numine</strong></span> <span class='ocrx_word' id='word_1_535' title='bbox 961 4038 1250 4110; x_wconf 80' lang='lat' dir='ltr'><strong>afﬂatum,</strong></span> <span class='ocrx_word' id='word_1_536' title='bbox 1286 4043 1567 4100; x_wconf 89' lang='lat' dir='ltr'><strong>Proclum.</strong></span> <span class='ocrx_word' id='word_1_537' title='bbox 1589 4047 1870 4111; x_wconf 87' lang='lat' dir='ltr'><strong>Quoniam</strong></span> <span class='ocrx_word' id='word_1_538' title='bbox 1903 4066 2004 4104; x_wconf 91' lang='lat' dir='ltr'><strong>au-</strong></span> 
     </span>
    </p>
   </div>
   <div class='ocr_carea' id='block_1_74' title="bbox 353 4119 2003 4206">
    <p class='ocr_par' dir='ltr' id='par_1_74' title="bbox 353 4119 2003 4206">
     <span class='ocr_line' id='line_1_74' title="bbox 353 4119 2003 4206; baseline 0.014 -35"><span class='ocrx_word' id='word_1_539' title='bbox 353 4121 470 4173; x_wconf 89' lang='lat' dir='ltr'><strong>tem</strong></span> <span class='ocrx_word' id='word_1_540' title='bbox 501 4119 641 4176; x_wconf 89' lang='lat' dir='ltr'><strong>illud</strong></span> <span class='ocrx_word' id='word_1_541' title='bbox 678 4127 1021 4183; x_wconf 89' lang='lat' dir='ltr'><strong>mandatum</strong></span> <span class='ocrx_word' id='word_1_542' title='bbox 1059 4130 1200 4184; x_wconf 89' lang='lat' dir='ltr'><strong>mibi</strong></span> <span class='ocrx_word' id='word_1_543' title='bbox 1235 4147 1348 4186; x_wconf 91' lang='lat' dir='ltr'><strong>non</strong></span> <span class='ocrx_word' id='word_1_544' title='bbox 1370 4138 1476 4200; x_wconf 90' lang='lat' dir='ltr'><strong>est,</strong></span> <span class='ocrx_word' id='word_1_545' title='bbox 1503 4135 1752 4206; x_wconf 86' lang='lat' dir='ltr'><strong>sed(boo</strong></span> <span class='ocrx_word' id='word_1_546' title='bbox 1774 4142 2003 4194; x_wconf 85' lang='lat' dir='ltr'><strong>tantum</strong></span> 
     </span>
    </p>
   </div>
   <div class='ocr_carea' id='block_1_75' title="bbox 355 4220 2004 4290">
    <p class='ocr_par' dir='ltr' id='par_1_75' title="bbox 355 4220 2004 4290">
     <span class='ocr_line' id='line_1_75' title="bbox 355 4220 2004 4290; baseline 0.013 -28"><span class='ocrx_word' id='word_1_547' title='bbox 355 4223 726 4282; x_wconf 89' lang='lat' dir='ltr'><strong>concessum,</strong></span> <span class='ocrx_word' id='word_1_548' title='bbox 761 4220 1214 4290; x_wconf 85' lang='lat' dir='ltr'><strong>utexponerem)</strong></span> <span class='ocrx_word' id='word_1_549' title='bbox 1242 4222 1537 4289; x_wconf 90' lang='lat' dir='ltr'><strong>quomodo</strong></span> <span class='ocrx_word' id='word_1_550' title='bbox 1561 4223 1808 4281; x_wconf 89' lang='lat' dir='ltr'><strong>aliarum</strong></span> <span class='ocrx_word' id='word_1_551' title='bbox 1841 4227 2004 4282; x_wconf 79' lang='lat' dir='ltr'><strong>dein-</strong></span> 
     </span>
    </p>
   </div>
   <div class='ocr_carea' id='block_1_76' title="bbox 355 4301 2002 4383">
    <p class='ocr_par' dir='ltr' id='par_1_76' title="bbox 355 4301 2002 4383">
     <span class='ocr_line' id='line_1_76' title="bbox 355 4301 2002 4383; baseline 0.014 -33"><span class='ocrx_word' id='word_1_552' title='bbox 355 4311 489 4367; x_wconf 89' lang='lat' dir='ltr'><strong>ceps</strong></span> <span class='ocrx_word' id='word_1_553' title='bbox 512 4304 648 4370; x_wconf 83' lang='lat' dir='ltr'><strong>post</strong></span> <span class='ocrx_word' id='word_1_554' title='bbox 670 4301 815 4359; x_wconf 90' lang='lat' dir='ltr'><strong>alias</strong></span> <span class='ocrx_word' id='word_1_555' title='bbox 841 4305 900 4359; x_wconf 91' lang='lat' dir='ltr'><strong>in</strong></span> <span class='ocrx_word' id='word_1_556' title='bbox 926 4308 1185 4362; x_wconf 82' lang='lat' dir='ltr'><strong>numeris</strong></span> <span class='ocrx_word' id='word_1_557' title='bbox 1207 4310 1503 4366; x_wconf 83' lang='lat' dir='ltr'><strong>rationum</strong></span> <span class='ocrx_word' id='word_1_558' title='bbox 1541 4317 1901 4383; x_wconf 85' lang='lat' dir='ltr'><strong>computatio</strong></span> <span class='ocrx_word' id='word_1_559' title='bbox 1933 4319 2002 4373; x_wconf 89' lang='lat' dir='ltr'><strong>ad</strong></span> 
     </span>
    </p>
   </div>
   <div class='ocr_carea' id='block_1_77' title="bbox 353 4383 2004 4476">
    <p class='ocr_par' dir='ltr' id='par_1_77' title="bbox 353 4383 2004 4476">
     <span class='ocr_line' id='line_1_77' title="bbox 353 4383 2004 4476; baseline 0.015 -38"><span class='ocrx_word' id='word_1_560' title='bbox 353 4383 616 4443; x_wconf 90' lang='lat' dir='ltr'><strong>Platonis</strong></span> <span class='ocrx_word' id='word_1_561' title='bbox 639 4391 709 4445; x_wconf 91' lang='lat' dir='ltr'><strong>de</strong></span> <span class='ocrx_word' id='word_1_562' title='bbox 731 4394 939 4448; x_wconf 63' lang='lat' dir='ltr'><strong>anime</strong></span> <span class='ocrx_word' id='word_1_563' title='bbox 967 4398 1364 4464; x_wconf 87' lang='lat' dir='ltr'><strong>procreatione</strong></span> <span class='ocrx_word' id='word_1_564' title='bbox 1395 4400 1721 4458; x_wconf 87' lang='lat' dir='ltr'><strong>doctrinam</strong></span> <span class='ocrx_word' id='word_1_565' title='bbox 1759 4406 2004 4476; x_wconf 85' lang='lat' dir='ltr'><strong>adjuva-</strong></span> 
     </span>
    </p>
   </div>
   <div class='ocr_carea' id='block_1_78' title="bbox 354 4479 2003 4557">
    <p class='ocr_par' dir='ltr' id='par_1_78' title="bbox 354 4479 2003 4557">
     <span class='ocr_line' id='line_1_78' title="bbox 354 4479 2003 4557; baseline 0.015 -30"><span class='ocrx_word' id='word_1_566' title='bbox 354 4479 462 4543; x_wconf 91' lang='lat' dir='ltr'><strong>ret,</strong></span> <span class='ocrx_word' id='word_1_567' title='bbox 497 4491 621 4546; x_wconf 69' lang='lat' dir='ltr'><strong>qua:</strong></span> <span class='ocrx_word' id='word_1_568' title='bbox 655 4480 726 4533; x_wconf 91' lang='lat' dir='ltr'><strong>ad</strong></span> <span class='ocrx_word' id='word_1_569' title='bbox 761 4479 841 4548; x_wconf 89' lang='lat' dir='ltr'><strong>id,</strong></span> <span class='ocrx_word' id='word_1_570' title='bbox 863 4484 1018 4553; x_wconf 91' lang='lat' dir='ltr'><strong>quod</strong></span> <span class='ocrx_word' id='word_1_571' title='bbox 1052 4488 1420 4557; x_wconf 90' lang='lat' dir='ltr'><strong>propositum</strong></span> <span class='ocrx_word' id='word_1_572' title='bbox 1451 4494 1560 4555; x_wconf 93' lang='lat' dir='ltr'><strong>est,</strong></span> <span class='ocrx_word' id='word_1_573' title='bbox 1594 4491 2003 4552; x_wconf 88' lang='lat' dir='ltr'><strong>demonstran-</strong></span> 
     </span>
    </p>
   </div>
   <div class='ocr_carea' id='block_1_79' title="bbox 2123 3509 3785 3588">
    <p class='ocr_par' dir='ltr' id='par_1_79' title="bbox 2123 3509 3785 3588">
     <span class='ocr_line' id='line_1_79' title="bbox 2123 3509 3785 3588; baseline 0.004 -24"><span class='ocrx_word' id='word_1_574' title='bbox 2123 3509 2314 3584; x_wconf 74' lang='grc' dir='ltr'>εἰπεῖν,</span> <span class='ocrx_word' id='word_1_575' title='bbox 2350 3510 2393 3565; x_wconf 85' lang='grc' dir='ltr'>ὦ</span> <span class='ocrx_word' id='word_1_576' title='bbox 2449 3513 2711 3587; x_wconf 78' lang='grc' dir='ltr'>κρατίστη</span> <span class='ocrx_word' id='word_1_577' title='bbox 2775 3536 2869 3586; x_wconf 89' lang='grc' dir='ltr'><strong>μοι</strong></span> <span class='ocrx_word' id='word_1_578' title='bbox 2929 3512 3183 3570; x_wconf 87' lang='grc' dir='ltr'>δέσποινα</span> <span class='ocrx_word' id='word_1_579' title='bbox 3240 3518 3341 3588; x_wconf 87' lang='grc'><strong>(9),</strong></span> <span class='ocrx_word' id='word_1_580' title='bbox 3400 3515 3464 3570; x_wconf 88' lang='grc' dir='ltr'><strong>τά</strong></span> <span class='ocrx_word' id='word_1_581' title='bbox 3517 3536 3574 3569; x_wconf 85' lang='grc' dir='ltr'><strong>τε</strong></span> <span class='ocrx_word' id='word_1_582' title='bbox 3637 3513 3785 3570; x_wconf 78' lang='grc' dir='ltr'>ἄλλα</span> 
     </span>
    </p>
   </div>
   <div class='ocr_carea' id='block_1_80' title="bbox 2120 3603 3779 3683">
    <p class='ocr_par' dir='ltr' id='par_1_80' title="bbox 2120 3603 3779 3683">
     <span class='ocr_line' id='line_1_80' title="bbox 2120 3603 3779 3683; baseline 0.004 -26"><span class='ocrx_word' id='word_1_583' title='bbox 2120 3603 2208 3658; x_wconf 81' lang='grc' dir='ltr'><strong>καὶ</strong></span> <span class='ocrx_word' id='word_1_584' title='bbox 2266 3610 2376 3659; x_wconf 90' lang='grc' dir='ltr'><strong>τῶν</strong></span> <span class='ocrx_word' id='word_1_585' title='bbox 2437 3605 2488 3660; x_wconf 79' lang='grc' dir='ltr'><strong>έν</strong></span> <span class='ocrx_word' id='word_1_586' title='bbox 2551 3606 2886 3682; x_wconf 70' lang='grc' dir='ltr'>ἀπορρήτοις</span> <span class='ocrx_word' id='word_1_587' title='bbox 2973 3605 3314 3683; x_wconf 87' lang='grc' dir='ltr'>λεγομένων,</span> <span class='ocrx_word' id='word_1_588' title='bbox 3369 3607 3779 3664; x_wconf 83' lang='grc' dir='ltr'>έποπτικώτατε</span> 
     </span>
    </p>
   </div>
   <div class='ocr_carea' id='block_1_81' title="bbox 2122 3692 3774 3775">
    <p class='ocr_par' dir='ltr' id='par_1_81' title="bbox 2122 3692 3774 3775">
     <span class='ocr_line' id='line_1_81' title="bbox 2122 3692 3774 3775; baseline 0.002 -28"><span class='ocrx_word' id='word_1_589' title='bbox 2122 3694 2311 3768; x_wconf 77' lang='grc' dir='ltr'>Θεωρὶ,</span> <span class='ocrx_word' id='word_1_590' title='bbox 2364 3695 2630 3768; x_wconf 73' lang='grc' dir='ltr'>ἑπόμενος</span> <span class='ocrx_word' id='word_1_591' title='bbox 2697 3695 2993 3775; x_wconf 74' lang='grc' dir='ltr'>Πορφυρίῳ</span> <span class='ocrx_word' id='word_1_592' title='bbox 3049 3719 3108 3752; x_wconf 92' lang='grc' dir='ltr'><strong>τε</strong></span> <span class='ocrx_word' id='word_1_593' title='bbox 3163 3699 3253 3752; x_wconf 84' lang='grc' dir='ltr'><strong>καὶ</strong></span> <span class='ocrx_word' id='word_1_594' title='bbox 3314 3692 3628 3772; x_wconf 75' lang='grc' dir='ltr'>Ἰαμϐλίχῳ</span> <span class='ocrx_word' id='word_1_595' title='bbox 3682 3697 3774 3751; x_wconf 73' lang='grc' dir='ltr'><strong>καὶ</strong></span> 
     </span>
    </p>
   </div>
   <div class='ocr_carea' id='block_1_82' title="bbox 2118 3781 3775 3862">
    <p class='ocr_par' dir='ltr' id='par_1_82' title="bbox 2118 3781 3775 3862">
     <span class='ocr_line' id='line_1_82' title="bbox 2118 3781 3775 3862; baseline 0.001 -26"><span class='ocrx_word' id='word_1_596' title='bbox 2118 3789 2236 3846; x_wconf 84' lang='grc' dir='ltr'>τοῖς</span> <span class='ocrx_word' id='word_1_597' title='bbox 2294 3781 2514 3847; x_wconf 79' lang='grc' dir='ltr'>λοιποῖς</span> <span class='ocrx_word' id='word_1_598' title='bbox 2559 3789 2664 3839; x_wconf 91' lang='grc' dir='ltr'><strong>τῶν</strong></span> <span class='ocrx_word' id='word_1_599' title='bbox 2712 3783 3074 3841; x_wconf 86' lang='grc' dir='ltr'>Ηλατωνικῶν</span> <span class='ocrx_word' id='word_1_600' title='bbox 3120 3787 3324 3862; x_wconf 77' lang='grc' dir='ltr'>ἰύγγων</span> <span class='ocrx_word' id='word_1_601' title='bbox 3357 3808 3369 3820; x_wconf 66' lang='grc' dir='ltr'>υ</span> <span class='ocrx_word' id='word_1_602' title='bbox 3406 3786 3775 3861; x_wconf 79' lang='grc' dir='ltr'>όργανισταῖς,</span> 
     </span>
    </p>
   </div>
   <div class='ocr_carea' id='block_1_83' title="bbox 2120 3871 3776 3953">
    <p class='ocr_par' dir='ltr' id='par_1_83' title="bbox 2120 3871 3776 3953">
     <span class='ocr_line' id='line_1_83' title="bbox 2120 3871 3776 3953; baseline 0.001 -27"><span class='ocrx_word' id='word_1_603' title='bbox 2120 3871 2405 3948; x_wconf 75' lang='grc' dir='ltr'>ἐξαιρέτως</span> <span class='ocrx_word' id='word_1_604' title='bbox 2438 3871 2494 3928; x_wconf 78' lang='grc' dir='ltr'>δὲ</span> <span class='ocrx_word' id='word_1_605' title='bbox 2536 3879 2615 3946; x_wconf 80' lang='grc' dir='ltr'>τῷ</span> <span class='ocrx_word' id='word_1_606' title='bbox 2662 3874 3181 3953; x_wconf 78' lang='grc' dir='ltr'>ἐκφαντορικωτάτῳ</span> <span class='ocrx_word' id='word_1_607' title='bbox 3211 3875 3448 3951; x_wconf 85' lang='grc' dir='ltr'>Πρόκλῳ</span> <span class='ocrx_word' id='word_1_608' title='bbox 3495 3875 3584 3930; x_wconf 86' lang='grc' dir='ltr'><strong>καὶ</strong></span> <span class='ocrx_word' id='word_1_609' title='bbox 3639 3897 3776 3948; x_wconf 75' lang='grc' dir='ltr'>μου·</span> 
     </span>
    </p>
   </div>
   <div class='ocr_carea' id='block_1_84' title="bbox 2120 3961 3776 4038">
    <p class='ocr_par' dir='ltr' id='par_1_84' title="bbox 2120 3961 3776 4038">
     <span class='ocr_line' id='line_1_84' title="bbox 2120 3961 3776 4038; baseline 0.002 -23"><span class='ocrx_word' id='word_1_610' title='bbox 2120 3961 2405 4035; x_wconf 76' lang='grc' dir='ltr'>σολήπτῳ.</span> <span class='ocrx_word' id='word_1_611' title='bbox 2440 3961 2531 4018; x_wconf 83' lang='grc' dir='ltr'><strong>Ἀ)</strong></span> <span class='ocrx_word' id='word_1_612' title='bbox 2550 3962 2599 4018; x_wconf 89' lang='grc' dir='ltr'>λ’</span> <span class='ocrx_word' id='word_1_613' title='bbox 2630 3963 2849 4038; x_wconf 72' lang='grc' dir='ltr'>ἐπείπερ</span> <span class='ocrx_word' id='word_1_614' title='bbox 2907 3964 2966 4019; x_wconf 79' lang='grc' dir='ltr'>οὐ</span> <span class='ocrx_word' id='word_1_615' title='bbox 3015 3962 3178 4020; x_wconf 70' lang='grc' dir='ltr'>τοῦτο</span> <span class='ocrx_word' id='word_1_616' title='bbox 3228 3964 3608 4038; x_wconf 80' lang='grc' dir='ltr'>έπιτέτραπταί</span> <span class='ocrx_word' id='word_1_617' title='bbox 3658 3986 3776 4037; x_wconf 88' lang='grc' dir='ltr'>μοι,</span> 
     </span>
    </p>
   </div>
   <div class='ocr_carea' id='block_1_85' title="bbox 2117 4047 3773 4130">
    <p class='ocr_par' dir='ltr' id='par_1_85' title="bbox 2117 4047 3773 4130">
     <span class='ocr_line' id='line_1_85' title="bbox 2117 4047 3773 4130; baseline 0.001 -26"><span class='ocrx_word' id='word_1_618' title='bbox 2117 4047 2263 4105; x_wconf 84' lang='grc' dir='ltr'>ἀλλὰ</span> <span class='ocrx_word' id='word_1_619' title='bbox 2319 4055 2435 4112; x_wconf 91' lang='grc' dir='ltr'><strong>πῶς</strong></span> <span class='ocrx_word' id='word_1_620' title='bbox 2474 4053 2507 4121; x_wconf 83' lang='grc' dir='ltr'>ἡ</span> <span class='ocrx_word' id='word_1_621' title='bbox 2539 4056 2645 4106; x_wconf 88' lang='grc' dir='ltr'><strong>τῶν</strong></span> <span class='ocrx_word' id='word_1_622' title='bbox 2679 4053 2729 4107; x_wconf 76' lang='grc' dir='ltr'>ἐν</span> <span class='ocrx_word' id='word_1_623' title='bbox 2766 4054 3021 4129; x_wconf 82' lang='grc' dir='ltr'>ἀριθμοῖς</span> <span class='ocrx_word' id='word_1_624' title='bbox 3077 4053 3265 4130; x_wconf 66' lang='grc' dir='ltr'>ἐφεξῆς</span> <span class='ocrx_word' id='word_1_625' title='bbox 3320 4053 3500 4128; x_wconf 87' lang='grc' dir='ltr'>λόγων</span> <span class='ocrx_word' id='word_1_626' title='bbox 3564 4052 3773 4128; x_wconf 70' lang='grc' dir='ltr'>εὕρεσις</span> 
     </span>
    </p>
   </div>
   <div class='ocr_carea' id='block_1_86' title="bbox 2119 4139 3775 4218">
    <p class='ocr_par' dir='ltr' id='par_1_86' title="bbox 2119 4139 3775 4218">
     <span class='ocr_line' id='line_1_86' title="bbox 2119 4139 3775 4218; baseline 0.001 -24"><span class='ocrx_word' id='word_1_627' title='bbox 2119 4139 2195 4202; x_wconf 74' lang='grc' dir='ltr'><strong>εἷς</strong></span> <span class='ocrx_word' id='word_1_628' title='bbox 2249 4140 2348 4208; x_wconf 74' lang='grc' dir='ltr'>τὴν</span> <span class='ocrx_word' id='word_1_629' title='bbox 2409 4142 2703 4205; x_wconf 79' lang='grc' dir='ltr'>Πλάτωνος</span> <span class='ocrx_word' id='word_1_630' title='bbox 2759 4142 3085 4217; x_wconf 78' lang='grc' dir='ltr'>χρησιμεύει</span> <span class='ocrx_word' id='word_1_631' title='bbox 3146 4143 3503 4218; x_wconf 79' lang='grc' dir='ltr'>ψυχογονίαν,</span> <span class='ocrx_word' id='word_1_632' title='bbox 3553 4163 3775 4215; x_wconf 81' lang='grc' dir='ltr'>συμμε-</span> 
     </span>
    </p>
   </div>
   <div class='ocr_carea' id='block_1_87' title="bbox 2114 4227 3768 4306">
    <p class='ocr_par' dir='ltr' id='par_1_87' title="bbox 2114 4227 3768 4306">
     <span class='ocr_line' id='line_1_87' title="bbox 2114 4227 3768 4306; baseline -0.001 -23"><span class='ocrx_word' id='word_1_633' title='bbox 2114 4229 2479 4304; x_wconf 86' lang='grc' dir='ltr'>τρησάμενος,</span> <span class='ocrx_word' id='word_1_634' title='bbox 2535 4228 2734 4304; x_wconf 76' lang='grc' dir='ltr'>ὅσαπερ</span> <span class='ocrx_word' id='word_1_635' title='bbox 2785 4230 2940 4306; x_wconf 87' lang='grc' dir='ltr'>ἀρκεῖ</span> <span class='ocrx_word' id='word_1_636' title='bbox 3009 4231 3144 4305; x_wconf 90' lang='grc' dir='ltr'>πρὸς</span> <span class='ocrx_word' id='word_1_637' title='bbox 3219 4232 3317 4300; x_wconf 74' lang='grc' dir='ltr'>τὴν</span> <span class='ocrx_word' id='word_1_638' title='bbox 3393 4227 3613 4299; x_wconf 80' lang='grc' dir='ltr'>ἔνδειξιν</span> <span class='ocrx_word' id='word_1_639' title='bbox 3670 4234 3768 4284; x_wconf 75' lang='grc' dir='ltr'><strong>τοῦ</strong></span> 
     </span>
    </p>
   </div>
   <div class='ocr_carea' id='block_1_88' title="bbox 2115 4315 3767 4396">
    <p class='ocr_par' dir='ltr' id='par_1_88' title="bbox 2115 4315 3767 4396">
     <span class='ocr_line' id='line_1_88' title="bbox 2115 4315 3767 4396; baseline -0.001 -24"><span class='ocrx_word' id='word_1_640' title='bbox 2115 4319 2498 4390; x_wconf 84' lang='grc' dir='ltr'>προκειμένου,</span> <span class='ocrx_word' id='word_1_641' title='bbox 2570 4319 2852 4391; x_wconf 87' lang='grc' dir='ltr'>συντόμως</span> <span class='ocrx_word' id='word_1_642' title='bbox 2922 4317 3012 4372; x_wconf 84' lang='grc' dir='ltr'><strong>καὶ</strong></span> <span class='ocrx_word' id='word_1_643' title='bbox 3085 4315 3475 4396; x_wconf 76' lang='grc' dir='ltr'>κεφαλαιωδῶς</span> <span class='ocrx_word' id='word_1_644' title='bbox 3552 4317 3767 4393; x_wconf 77' lang='grc' dir='ltr'>εἷ’ρηκα.</span> 
     </span>
    </p>
   </div>
   <div class='ocr_carea' id='block_1_89' title="bbox 2115 4403 3767 4482">
    <p class='ocr_par' dir='ltr' id='par_1_89' title="bbox 2115 4403 3767 4482">
     <span class='ocr_line' id='line_1_89' title="bbox 2115 4403 3767 4482; baseline -0.001 -22"><span class='ocrx_word' id='word_1_645' title='bbox 2115 4405 2184 4464; x_wconf 71' lang='grc' dir='ltr'><strong>Εἴ</strong></span> <span class='ocrx_word' id='word_1_646' title='bbox 2214 4404 2270 4461; x_wconf 84' lang='grc' dir='ltr'><strong>δέ</strong></span> <span class='ocrx_word' id='word_1_647' title='bbox 2297 4427 2355 4480; x_wconf 92' lang='grc' dir='ltr'><strong>γε</strong></span> <span class='ocrx_word' id='word_1_648' title='bbox 2386 4407 2460 4480; x_wconf 80' lang='grc' dir='ltr'>μὴ</span> <span class='ocrx_word' id='word_1_649' title='bbox 2493 4407 2773 4482; x_wconf 84' lang='grc' dir='ltr'>περίεργόν</span> <span class='ocrx_word' id='word_1_650' title='bbox 2814 4406 2924 4462; x_wconf 72' lang='grc' dir='ltr'>έστι</span> <span class='ocrx_word' id='word_1_651' title='bbox 2973 4406 3062 4461; x_wconf 80' lang='grc' dir='ltr'><strong>καὶ</strong></span> <span class='ocrx_word' id='word_1_652' title='bbox 3112 4408 3391 4482; x_wconf 84' lang='grc' dir='ltr'>περισσὸν,</span> <span class='ocrx_word' id='word_1_653' title='bbox 3439 4403 3628 4467; x_wconf 83' lang='grc' dir='ltr'>ὂίλΛως</span> <span class='ocrx_word' id='word_1_654' title='bbox 3677 4406 3767 4460; x_wconf 86' lang='grc' dir='ltr'><strong>καὶ</strong></span> 
     </span>
    </p>
   </div>
   <div class='ocr_carea' id='block_1_90' title="bbox 2114 4493 3770 4572">
    <p class='ocr_par' dir='ltr' id='par_1_90' title="bbox 2114 4493 3770 4572">
     <span class='ocr_line' id='line_1_90' title="bbox 2114 4493 3770 4572; baseline -0.001 -22"><span class='ocrx_word' id='word_1_655' title='bbox 2114 4497 2246 4550; x_wconf 80' lang='grc' dir='ltr'>αὐτὸ</span> <span class='ocrx_word' id='word_1_656' title='bbox 2296 4496 2359 4550; x_wconf 85' lang='grc' dir='ltr'>τὸ</span> <span class='ocrx_word' id='word_1_657' title='bbox 2415 4493 2737 4572; x_wconf 80' lang='grc' dir='ltr'>διάγραμμα</span> <span class='ocrx_word' id='word_1_658' title='bbox 2797 4493 3144 4569; x_wconf 77' lang='grc' dir='ltr'>μεθοδεύσας,</span> <span class='ocrx_word' id='word_1_659' title='bbox 3205 4495 3507 4569; x_wconf 72' lang='grc' dir='ltr'>ἰκθήσομαί</span> <span class='ocrx_word' id='word_1_660' title='bbox 3561 4517 3646 4549; x_wconf 88' lang='grc' dir='ltr'><strong>σοι</strong></span> <span class='ocrx_word' id='word_1_661' title='bbox 3709 4494 3770 4550; x_wconf 75' lang='grc' dir='ltr'>ἐκ</span> 
     </span>
    </p>
   </div>
   <div class='ocr_carea' id='block_1_91' title="bbox 354 4561 2013 4660">
    <p class='ocr_par' dir='ltr' id='par_1_91' title="bbox 354 4561 2004 4656">
     <span class='ocr_line' id='line_1_91' title="bbox 354 4561 2004 4656; baseline 0.016 -40"><span class='ocrx_word' id='word_1_662' title='bbox 354 4561 494 4617; x_wconf 92' lang='lat' dir='ltr'><strong>dum</strong></span> <span class='ocrx_word' id='word_1_663' title='bbox 520 4567 879 4641; x_wconf 81' lang='lat' dir='ltr'><strong>sufﬁcerent,</strong></span> <span class='ocrx_word' id='word_1_664' title='bbox 910 4573 1162 4629; x_wconf 90' lang='lat' dir='ltr'><strong>breviter</strong></span> <span class='ocrx_word' id='word_1_665' title='bbox 1187 4581 1243 4630; x_wconf 89' lang='lat' dir='ltr'><strong>et</strong></span> <span class='ocrx_word' id='word_1_666' title='bbox 1266 4580 1632 4648; x_wconf 89' lang='lat' dir='ltr'><strong>summatim,</strong></span> <span class='ocrx_word' id='word_1_667' title='bbox 1665 4584 2004 4656; x_wconf 87' lang='lat' dir='ltr'><strong>complexus</strong></span> 
     </span>
    </p>
   </div>
   <div class='ocr_carea' id='block_1_92' title="bbox 2127 4561 3764 4660">
    <p class='ocr_par' dir='ltr' id='par_1_92' title="bbox 2127 4582 3764 4660">
     <span class='ocr_line' id='line_1_92' title="bbox 2127 4582 3764 4660; baseline -0.002 -20"><span class='ocrx_word' id='word_1_668' title='bbox 2127 4583 2207 4640; x_wconf 74' lang='grc' dir='ltr'>εοῦ</span> <span class='ocrx_word' id='word_1_669' title='bbox 2263 4585 2510 4660; x_wconf 86' lang='grc' dir='ltr'>τετράκις</span> <span class='ocrx_word' id='word_1_670' title='bbox 2565 4582 2654 4639; x_wconf 77' lang='grc' dir='ltr'><strong>διὰ</strong></span> <span class='ocrx_word' id='word_1_671' title='bbox 2712 4590 2896 4639; x_wconf 88' lang='grc' dir='ltr'>πασῶν</span> <span class='ocrx_word' id='word_1_672' title='bbox 2949 4585 3041 4640; x_wconf 82' lang='grc' dir='ltr'><strong>καὶ</strong></span> <span class='ocrx_word' id='word_1_673' title='bbox 3100 4583 3190 4639; x_wconf 80' lang='grc' dir='ltr'>διὰ</span> <span class='ocrx_word' id='word_1_674' title='bbox 3221 4587 3257 4638; x_wconf 85' lang='grc' dir='ltr'>ε’</span> <span class='ocrx_word' id='word_1_675' title='bbox 3287 4584 3376 4640; x_wconf 81' lang='grc' dir='ltr'><strong>καὶ</strong></span> <span class='ocrx_word' id='word_1_676' title='bbox 3424 4584 3585 4639; x_wconf 87' lang='grc' dir='ltr'>τόνου</span> <span class='ocrx_word' id='word_1_677' title='bbox 3641 4605 3764 4638; x_wconf 85' lang='grc' dir='ltr'>συν-</span> 
     </span>
    </p>
   </div>
   <div class='ocr_carea' id='block_1_93' title="bbox 355 4657 2002 4749">
    <p class='ocr_par' dir='ltr' id='par_1_93' title="bbox 355 4657 2002 4749">
     <span class='ocr_line' id='line_1_93' title="bbox 355 4657 2002 4749; baseline 0.016 -44"><span class='ocrx_word' id='word_1_678' title='bbox 355 4668 509 4708; x_wconf 89' lang='lat' dir='ltr'><strong>sum.</strong></span> <span class='ocrx_word' id='word_1_679' title='bbox 543 4657 706 4722; x_wconf 89' lang='lat' dir='ltr'><strong>Quod</strong></span> <span class='ocrx_word' id='word_1_680' title='bbox 741 4659 854 4715; x_wconf 86' lang='lat' dir='ltr'><strong>nisi</strong></span> <span class='ocrx_word' id='word_1_681' title='bbox 885 4662 1090 4719; x_wconf 87' lang='lat' dir='ltr'><strong>inutile</strong></span> <span class='ocrx_word' id='word_1_682' title='bbox 1120 4666 1230 4720; x_wconf 87' lang='lat' dir='ltr'><strong>erit</strong></span> <span class='ocrx_word' id='word_1_683' title='bbox 1263 4682 1330 4722; x_wconf 90' lang='lat' dir='ltr'><strong>ac</strong></span> <span class='ocrx_word' id='word_1_684' title='bbox 1361 4685 1880 4741; x_wconf 87' lang='lat' dir='ltr'><strong>supervacaneum,</strong></span> <span class='ocrx_word' id='word_1_685' title='bbox 1917 4676 2002 4749; x_wconf 91' lang='lat' dir='ltr'><strong>ip-</strong></span> 
     </span>
    </p>
   </div>
   <div class='ocr_carea' id='block_1_94' title="bbox 2113 4672 3769 4749">
    <p class='ocr_par' dir='ltr' id='par_1_94' title="bbox 2113 4672 3769 4749">
     <span class='ocr_line' id='line_1_94' title="bbox 2113 4672 3769 4749; baseline -0.001 -21"><span class='ocrx_word' id='word_1_686' title='bbox 2113 4673 2298 4736; x_wconf 85' lang='grc' dir='ltr'>εστώς.</span> <span class='ocrx_word' id='word_1_687' title='bbox 2338 4672 2515 4729; x_wconf 80' lang='grc' dir='ltr'>Ἀλλά</span> <span class='ocrx_word' id='word_1_688' title='bbox 2546 4672 2761 4749; x_wconf 77' lang='grc' dir='ltr'>ῥητέον,</span> <span class='ocrx_word' id='word_1_689' title='bbox 2795 4675 2919 4728; x_wconf 76' lang='grc' dir='ltr'>ὅσον</span> <span class='ocrx_word' id='word_1_690' title='bbox 2953 4676 3066 4728; x_wconf 80' lang='grc' dir='ltr'>οἷόν</span> <span class='ocrx_word' id='word_1_691' title='bbox 3098 4695 3157 4729; x_wconf 92' lang='grc' dir='ltr'><strong>τε</strong></span> <span class='ocrx_word' id='word_1_692' title='bbox 3185 4675 3321 4748; x_wconf 87' lang='grc' dir='ltr'>πρὸς</span> <span class='ocrx_word' id='word_1_693' title='bbox 3358 4676 3456 4744; x_wconf 70' lang='grc' dir='ltr'>τὴν</span> <span class='ocrx_word' id='word_1_694' title='bbox 3490 4678 3769 4748; x_wconf 73' lang='grc' dir='ltr'>παροῦσαν</span> 
     </span>
    </p>
   </div>
   <div class='ocr_carea' id='block_1_95' title="bbox 352 4744 2013 4839">
    <p class='ocr_par' dir='ltr' id='par_1_95' title="bbox 352 4744 2002 4836">
     <span class='ocr_line' id='line_1_95' title="bbox 352 4744 2002 4836; baseline 0.016 -40"><span class='ocrx_word' id='word_1_695' title='bbox 352 4744 477 4798; x_wconf 87' lang='lat' dir='ltr'><strong>sius</strong></span> <span class='ocrx_word' id='word_1_696' title='bbox 508 4749 738 4803; x_wconf 89' lang='lat' dir='ltr'><strong>tantum</strong></span> <span class='ocrx_word' id='word_1_697' title='bbox 773 4749 1221 4822; x_wconf 82' lang='lat' dir='ltr'><strong>diagrammatis</strong></span> <span class='ocrx_word' id='word_1_698' title='bbox 1253 4755 1348 4811; x_wconf 91' lang='lat' dir='ltr'><strong>via</strong></span> <span class='ocrx_word' id='word_1_699' title='bbox 1376 4774 1442 4813; x_wconf 90' lang='lat' dir='ltr'><strong>ac</strong></span> <span class='ocrx_word' id='word_1_700' title='bbox 1473 4759 1696 4816; x_wconf 87' lang='lat' dir='ltr'><strong>ratione</strong></span> <span class='ocrx_word' id='word_1_701' title='bbox 1734 4744 2002 4836; x_wconf 86' lang='lat' dir='ltr'><strong>dispositi</strong></span> 
     </span>
    </p>
   </div>
   <div class='ocr_carea' id='block_1_96' title="bbox 2127 4744 3768 4839">
    <p class='ocr_par' dir='ltr' id='par_1_96' title="bbox 2127 4744 3768 4839">
     <span class='ocr_line' id='line_1_96' title="bbox 2127 4744 3768 4839; baseline -0.001 -21"><span class='ocrx_word' id='word_1_702' title='bbox 2127 4763 2294 4839; x_wconf 67' lang='grc' dir='ltr'>Βρμήν</span> <span class='ocrx_word' id='word_1_703' title='bbox 2353 4767 2449 4817; x_wconf 77' lang='grc' dir='ltr'><strong>τοῦ</strong></span> <span class='ocrx_word' id='word_1_704' title='bbox 2497 4744 2619 4835; x_wconf 83' lang='grc' dir='ltr'>περὶ</span> <span class='ocrx_word' id='word_1_705' title='bbox 2672 4767 2782 4818; x_wconf 87' lang='grc' dir='ltr'><strong>τῶν</strong></span> <span class='ocrx_word' id='word_1_706' title='bbox 2841 4762 2894 4817; x_wconf 76' lang='grc' dir='ltr'><strong>έν</strong></span> <span class='ocrx_word' id='word_1_707' title='bbox 2948 4744 3261 4838; x_wconf 66' lang='grc' dir='ltr'>ψυχογονία</span> <span class='ocrx_word' id='word_1_708' title='bbox 3321 4767 3416 4817; x_wconf 78' lang='grc' dir='ltr'>τοῦ</span> <span class='ocrx_word' id='word_1_709' title='bbox 3473 4744 3768 4823; x_wconf 75' lang='grc' dir='ltr'>Πλάτωνος</span> 
     </span>
    </p>
   </div>
   <div class='ocr_carea' id='block_1_97' title="bbox 351 4829 2006 4917">
    <p class='ocr_par' dir='ltr' id='par_1_97' title="bbox 351 4829 2006 4917">
     <span class='ocr_line' id='line_1_97' title="bbox 351 4829 2006 4917; baseline 0.016 -33"><span class='ocrx_word' id='word_1_710' title='bbox 351 4829 805 4905; x_wconf 86' lang='lat' dir='ltr'><strong>descriptionem</strong></span> <span class='ocrx_word' id='word_1_711' title='bbox 829 4841 1395 4915; x_wconf 69' lang='lat' dir='ltr'><strong>enarrabimus,quae</strong></span> <span class='ocrx_word' id='word_1_712' title='bbox 1409 4851 1666 4917; x_wconf 89' lang='lat' dir='ltr'><strong>quatuor</strong></span> <span class='ocrx_word' id='word_1_713' title='bbox 1685 4851 2006 4912; x_wconf 90' lang='lat' dir='ltr'><strong>intervallis</strong></span> 
     </span>
    </p>
   </div>
   <div class='ocr_carea' id='block_1_98' title="bbox 350 4927 2004 5013">
    <p class='ocr_par' dir='ltr' id='par_1_98' title="bbox 350 4927 2004 5013">
     <span class='ocr_line' id='line_1_98' title="bbox 350 4927 2004 5013; baseline 0.014 -38"><span class='ocrx_word' id='word_1_714' title='bbox 350 4927 574 4993; x_wconf 86' lang='lat' dir='ltr'><strong>septem</strong></span> <span class='ocrx_word' id='word_1_715' title='bbox 600 4941 807 4982; x_wconf 92' lang='lat' dir='ltr'><strong>vocum</strong></span> <span class='ocrx_word' id='word_1_716' title='bbox 839 4929 1069 5000; x_wconf 87' lang='lat' dir='ltr'><strong>(quater</strong></span> <span class='ocrx_word' id='word_1_717' title='bbox 1091 4932 1399 5005; x_wconf 82' lang='lat' dir='ltr'><strong>diapason)</strong></span> <span class='ocrx_word' id='word_1_718' title='bbox 1422 4936 1810 5013; x_wconf 85' lang='lat' dir='ltr'><strong>quinarioque</strong></span> <span class='ocrx_word' id='word_1_719' title='bbox 1828 4943 2004 5000; x_wconf 88' lang='lat' dir='ltr'><strong>simul</strong></span> 
     </span>
    </p>
   </div>
   <div class='ocr_carea' id='block_1_99' title="bbox 349 5009 2004 5104">
    <p class='ocr_par' dir='ltr' id='par_1_99' title="bbox 349 5009 2004 5104">
     <span class='ocr_line' id='line_1_99' title="bbox 349 5009 2004 5104; baseline 0.016 -41"><span class='ocrx_word' id='word_1_720' title='bbox 349 5009 652 5069; x_wconf 89' lang='lat' dir='ltr'><strong>intervallo</strong></span> <span class='ocrx_word' id='word_1_721' title='bbox 695 5016 1012 5089; x_wconf 88' lang='lat' dir='ltr'><strong>(diapente)</strong></span> <span class='ocrx_word' id='word_1_722' title='bbox 1045 5025 1101 5074; x_wconf 92' lang='lat' dir='ltr'><strong>et</strong></span> <span class='ocrx_word' id='word_1_723' title='bbox 1127 5025 1263 5076; x_wconf 89' lang='lat' dir='ltr'><strong>tono</strong></span> <span class='ocrx_word' id='word_1_724' title='bbox 1295 5028 1543 5080; x_wconf 91' lang='lat' dir='ltr'><strong>constat.</strong></span> <span class='ocrx_word' id='word_1_725' title='bbox 1576 5026 1688 5083; x_wconf 90' lang='lat' dir='ltr'><strong>Sed</strong></span> <span class='ocrx_word' id='word_1_726' title='bbox 1715 5009 2004 5104; x_wconf 76' lang='lat' dir='ltr'><strong>dicamus,</strong></span> 
     </span>
    </p>
   </div>
   <div class='ocr_carea' id='block_1_100' title="bbox 349 5105 2005 5183">
    <p class='ocr_par' dir='ltr' id='par_1_100' title="bbox 349 5105 2005 5183">
     <span class='ocr_line' id='line_1_100' title="bbox 349 5105 2005 5183; baseline 0.014 -29"><span class='ocrx_word' id='word_1_727' title='bbox 349 5107 635 5168; x_wconf 89' lang='lat' dir='ltr'><strong>quantum</strong></span> <span class='ocrx_word' id='word_1_728' title='bbox 663 5105 899 5175; x_wconf 88' lang='lat' dir='ltr'><strong>quidem</strong></span> <span class='ocrx_word' id='word_1_729' title='bbox 922 5109 1210 5179; x_wconf 90' lang='lat' dir='ltr'><strong>(etquale)</strong></span> <span class='ocrx_word' id='word_1_730' title='bbox 1237 5111 1292 5165; x_wconf 90' lang='lat' dir='ltr'><strong>in</strong></span> <span class='ocrx_word' id='word_1_731' title='bbox 1319 5115 1689 5183; x_wconf 69' lang='lat' dir='ltr'><strong>praesentiam</strong></span> <span class='ocrx_word' id='word_1_732' title='bbox 1725 5120 1794 5175; x_wconf 92' lang='lat' dir='ltr'><strong>de</strong></span> <span class='ocrx_word' id='word_1_733' title='bbox 1825 5124 2005 5178; x_wconf 84' lang='lat' dir='ltr'><strong>ratio-</strong></span> 
     </span>
    </p>
   </div>
   <div class='ocr_carea' id='block_1_101' title="bbox 353 5187 2003 5279">
    <p class='ocr_par' dir='ltr' id='par_1_101' title="bbox 353 5187 2003 5279">
     <span class='ocr_line' id='line_1_101' title="bbox 353 5187 2003 5279; baseline 0.014 -35"><span class='ocrx_word' id='word_1_734' title='bbox 353 5187 528 5246; x_wconf 87' lang='lat' dir='ltr'><strong>nibus</strong></span> <span class='ocrx_word' id='word_1_735' title='bbox 561 5194 972 5267; x_wconf 87' lang='lat' dir='ltr'><strong>aritbmeticis,</strong></span> <span class='ocrx_word' id='word_1_736' title='bbox 1007 5215 1131 5269; x_wconf 71' lang='lat' dir='ltr'><strong>quae</strong></span> <span class='ocrx_word' id='word_1_737' title='bbox 1164 5204 1304 5255; x_wconf 89' lang='lat' dir='ltr'><strong>sunt</strong></span> <span class='ocrx_word' id='word_1_738' title='bbox 1330 5200 1388 5256; x_wconf 89' lang='lat' dir='ltr'><strong>in</strong></span> <span class='ocrx_word' id='word_1_739' title='bbox 1441 5203 1840 5279; x_wconf 87' lang='lat' dir='ltr'><strong>Psycbogonia</strong></span> <span class='ocrx_word' id='word_1_740' title='bbox 1871 5211 2003 5267; x_wconf 86' lang='lat' dir='ltr'><strong>Pla-</strong></span> 
     </span>
    </p>
   </div>
   <div class='ocr_carea' id='block_1_102' title="bbox 421 5352 1998 5478">
    <p class='ocr_par' dir='ltr' id='par_1_102' title="bbox 421 5352 1998 5478">
     <span class='ocr_line' id='line_1_102' title="bbox 421 5352 1998 5478; baseline 0.017 -75"><span class='ocrx_word' id='word_1_741' title='bbox 421 5352 509 5478; x_wconf 52' lang='grc' dir='ltr'><strong>(ΘΕι</strong></span> <span class='ocrx_word' id='word_1_742' title='bbox 531 5355 778 5428; x_wconf 89' lang='grc' dir='ltr'>Μορίων.</span> <span class='ocrx_word' id='word_1_743' title='bbox 814 5359 898 5414; x_wconf 87' lang='lat' dir='ltr'><strong>Cl.</strong></span> <span class='ocrx_word' id='word_1_744' title='bbox 955 5360 1232 5415; x_wconf 89' lang='lat' dir='ltr'><strong>Tennull.</strong></span> <span class='ocrx_word' id='word_1_745' title='bbox 1267 5363 1506 5448; x_wconf 27' lang='lat' dir='ltr'><strong>adnottx</strong></span> <span class='ocrx_word' id='word_1_746' title='bbox 1525 5368 1595 5422; x_wconf 90' lang='lat' dir='ltr'><strong>ad</strong></span> <span class='ocrx_word' id='word_1_747' title='bbox 1623 5369 1842 5452; x_wconf 71' lang='lat' dir='ltr'><strong>.Iambi.</strong></span> <span class='ocrx_word' id='word_1_748' title='bbox 1875 5374 1998 5429; x_wconf 88' lang='lat' dir='ltr'><strong>Nic.</strong></span> 
     </span>
     <span class='ocr_line' id='line_1_103' title="bbox 421 5430 1997 5478; baseline 0.002 -3"><span class='ocrx_word' id='word_1_749' title='bbox 421 5430 469 5476; x_wconf 74' lang='grc' dir='ltr'>ἰῐ</span> <span class='ocrx_word' id='word_1_750' title='bbox 523 5442 598 5478; x_wconf 89' lang='lat' dir='ltr'><strong>m.</strong></span> <span class='ocrx_word' id='word_1_751' title='bbox 634 5445 687 5478; x_wconf 90' lang='lat' dir='ltr'><strong>n.</strong></span> <span class='ocrx_word' id='word_1_752' title='bbox 728 5431 820 5478; x_wconf 79' lang='grc'><strong>141</strong></span> <span class='ocrx_word' id='word_1_753' title='bbox 860 5447 947 5478; x_wconf 68' lang='lat' dir='ltr'><strong>sn-</strong></span> <span class='ocrx_word' id='word_1_754' title='bbox 985 5455 1010 5478; x_wconf 78' lang='grc' dir='ltr'>ι(</span> <span class='ocrx_word' id='word_1_755' title='bbox 1045 5431 1396 5478; x_wconf 71' lang='grc' dir='ltr'>ΝΜηι-ιᾶιπη</span> <span class='ocrx_word' id='word_1_756' title='bbox 1435 5460 1453 5478; x_wconf 86' lang='lat'><strong>..</strong></span> <span class='ocrx_word' id='word_1_757' title='bbox 1491 5445 1682 5478; x_wconf 60' lang='lat' dir='ltr'><strong>mmni</strong></span> <span class='ocrx_word' id='word_1_758' title='bbox 1745 5465 1770 5478; x_wconf 59' lang='grc' dir='ltr'>ι.</span> <span class='ocrx_word' id='word_1_759' title='bbox 1809 5444 1997 5478; x_wconf 58' lang='grc' dir='ltr'><strong>..χωηη</strong></span> 
     </span>
    </p>
   </div>
   <div class='ocr_carea' id='block_1_103' title="bbox 345 5423 1997 5518">
    <p class='ocr_par' dir='ltr' id='par_1_103' title="bbox 345 5423 1997 5518">
     <span class='ocr_line' id='line_1_104' title="bbox 345 5423 1997 5518; baseline 0.014 -43"><span class='ocrx_word' id='word_1_760' title='bbox 345 5423 598 5518; x_wconf 54' lang='lat' dir='ltr'><strong>ALritth.</strong></span> <span class='ocrx_word' id='word_1_761' title='bbox 623 5423 687 5497; x_wconf 56' lang='lat' dir='ltr'><strong>&#39;p.</strong></span> <span class='ocrx_word' id='word_1_762' title='bbox 710 5431 822 5518; x_wconf 33' lang='lat' dir='ltr'><strong>Atil</strong></span> <span class='ocrx_word' id='word_1_763' title='bbox 860 5447 947 5518; x_wconf 60' lang='lat' dir='ltr'><strong>sq.</strong></span> <span class='ocrx_word' id='word_1_764' title='bbox 983 5455 1010 5514; x_wconf 56' lang='grc' dir='ltr'><strong>ε(</strong></span> <span class='ocrx_word' id='word_1_765' title='bbox 1045 5431 1402 5518; x_wconf 60' lang='grc' dir='ltr'>Ιξῐοῐοῐιᾱυω,</span> <span class='ocrx_word' id='word_1_766' title='bbox 1435 5423 1997 5518; x_wconf 17' lang='grc' dir='ltr'>ν’,ἱοςυὶμνῙ-μόριόν</span> 
     </span>
    </p>
   </div>
   <div class='ocr_carea' id='block_1_104' title="bbox 347 5495 2004 5589">
    <p class='ocr_par' dir='ltr' id='par_1_104' title="bbox 347 5495 2004 5589">
     <span class='ocr_line' id='line_1_105' title="bbox 347 5495 2004 5589; baseline 0.016 -43"><span class='ocrx_word' id='word_1_767' title='bbox 347 5495 418 5547; x_wconf 87' lang='lat' dir='ltr'><strong>ab</strong></span> <span class='ocrx_word' id='word_1_768' title='bbox 451 5495 839 5589; x_wconf 63' lang='lat' dir='ltr'><strong>aritbpieticis</strong></span> <span class='ocrx_word' id='word_1_769' title='bbox 884 5495 998 5589; x_wconf 53' lang='grc' dir='ltr'><strong>(ξίοὶ</strong></span> <span class='ocrx_word' id='word_1_770' title='bbox 1049 5504 1118 5557; x_wconf 90' lang='lat' dir='ltr'><strong>de</strong></span> <span class='ocrx_word' id='word_1_771' title='bbox 1165 5495 1704 5578; x_wconf 66' lang='lat' dir='ltr'><strong>superparticuiari,</strong></span> <span class='ocrx_word' id='word_1_772' title='bbox 1740 5495 2004 5589; x_wconf 49' lang='lat' dir='ltr'><strong>pé&#39;prir</strong></span> 
     </span>
    </p>
   </div>
   <div class='ocr_carea' id='block_1_105' title="bbox 346 5569 1148 5638">
    <p class='ocr_par' dir='ltr' id='par_1_105' title="bbox 346 5569 1148 5638">
     <span class='ocr_line' id='line_1_106' title="bbox 346 5569 1148 5638; baseline 0.014 -20"><span class='ocrx_word' id='word_1_773' title='bbox 346 5569 808 5638; x_wconf 86' lang='lat' dir='ltr'><strong>superpatiente.</strong></span> <span class='ocrx_word' id='word_1_774' title='bbox 847 5595 872 5622; x_wconf 83' lang='lat'>»</span> <span class='ocrx_word' id='word_1_775' title='bbox 908 5574 1148 5628; x_wconf 72' lang='lat' dir='ltr'><strong>Lmoea.</strong></span> 
     </span>
    </p>
   </div>
   <div class='ocr_carea' id='block_1_106' title="bbox 438 5637 2003 5723">
    <p class='ocr_par' dir='ltr' id='par_1_106' title="bbox 438 5637 2003 5723">
     <span class='ocr_line' id='line_1_107' title="bbox 438 5637 2003 5723; baseline 0.016 -33"><span class='ocrx_word' id='word_1_776' title='bbox 438 5639 494 5723; x_wconf 57' lang='grc' dir='ltr'><strong>εξ)</strong></span> <span class='ocrx_word' id='word_1_777' title='bbox 530 5637 857 5723; x_wconf 32' lang='grc' dir='ltr'>δέσποιναι.</span> <span class='ocrx_word' id='word_1_778' title='bbox 890 5645 1413 5723; x_wconf 76' lang='lat' dir='ltr'><strong>Signiﬁcatur_,___ut</strong></span> <span class='ocrx_word' id='word_1_779' title='bbox 1439 5720 1448 5723; x_wconf 91' lang='lat'>_</span> <span class='ocrx_word' id='word_1_780' title='bbox 1471 5651 1699 5723; x_wconf 89' lang='lat' dir='ltr'><strong>opinor,</strong></span> <span class='ocrx_word' id='word_1_781' title='bbox 1754 5657 2003 5715; x_wconf 89' lang='lat' dir='ltr'><strong>Eudocis</strong></span> 
     </span>
    </p>
   </div>
   <div class='ocr_carea' id='block_1_107' title="bbox 346 5705 2003 5802">
    <p class='ocr_par' dir='ltr' id='par_1_107' title="bbox 346 5705 2003 5802">
     <span class='ocr_line' id='line_1_108' title="bbox 346 5705 2003 5802; baseline 0.018 -42"><span class='ocrx_word' id='word_1_782' title='bbox 346 5705 758 5785; x_wconf 62' lang='lat' dir='ltr'><strong>(s.&#39;Eudoxia),</strong></span> <span class='ocrx_word' id='word_1_783' title='bbox 819 5705 1201 5774; x_wconf 68' lang='lat' dir='ltr'><strong>Consitantino</strong></span> <span class='ocrx_word' id='word_1_784' title='bbox 1257 5705 1386 5776; x_wconf 77' lang='lat' dir='ltr'>VIII</span> <span class='ocrx_word' id='word_1_785' title='bbox 1433 5705 2003 5802; x_wconf 42' lang='lat' dir='ltr'><strong>im‘peratbre—n&#39;ate&#39;,</strong></span> 
     </span>
    </p>
   </div>
   <div class='ocr_carea' id='block_1_108' title="bbox 2116 4850 3767 4928">
    <p class='ocr_par' dir='ltr' id='par_1_108' title="bbox 2116 4850 3767 4928">
     <span class='ocr_line' id='line_1_109' title="bbox 2116 4850 3767 4928; baseline 0.001 -21"><span class='ocrx_word' id='word_1_786' title='bbox 2116 4850 2470 4925; x_wconf 62' lang='grc' dir='ltr'>εἰλημμένων</span> <span class='ocrx_word' id='word_1_787' title='bbox 2530 4853 2902 4927; x_wconf 83' lang='grc' dir='ltr'>ἀριθμητικῶν</span> <span class='ocrx_word' id='word_1_788' title='bbox 2963 4851 3170 4926; x_wconf 88' lang='grc' dir='ltr'>λόγων,</span> <span class='ocrx_word' id='word_1_789' title='bbox 3219 4852 3343 4928; x_wconf 88' lang='grc' dir='ltr'>περί</span> <span class='ocrx_word' id='word_1_790' title='bbox 3399 4874 3457 4907; x_wconf 91' lang='grc' dir='ltr'><strong>τε</strong></span> <span class='ocrx_word' id='word_1_791' title='bbox 3512 4858 3618 4908; x_wconf 84' lang='grc' dir='ltr'><strong>τῶν</strong></span> <span class='ocrx_word' id='word_1_792' title='bbox 3667 4858 3767 4908; x_wconf 75' lang='grc' dir='ltr'><strong>τοῦ</strong></span> 
     </span>
    </p>
   </div>
   <div class='ocr_carea' id='block_1_109' title="bbox 2115 4937 3770 5014">
    <p class='ocr_par' dir='ltr' id='par_1_109' title="bbox 2115 4937 3770 5014">
     <span class='ocr_line' id='line_1_110' title="bbox 2115 4937 3770 5014; baseline -0.001 -18"><span class='ocrx_word' id='word_1_793' title='bbox 2115 4937 2538 4996; x_wconf 81' lang='grc' dir='ltr'>πολλαπλασίου</span> <span class='ocrx_word' id='word_1_794' title='bbox 2596 4940 2685 4995; x_wconf 82' lang='grc' dir='ltr'><strong>καὶ</strong></span> <span class='ocrx_word' id='word_1_795' title='bbox 2740 4944 2847 4995; x_wconf 89' lang='grc' dir='ltr'><strong>τῶν</strong></span> <span class='ocrx_word' id='word_1_796' title='bbox 2911 4942 3224 5014; x_wconf 82' lang='grc' dir='ltr'>μεσοτήτων</span> <span class='ocrx_word' id='word_1_797' title='bbox 3273 4945 3381 4994; x_wconf 89' lang='grc' dir='ltr'><strong>τῶν</strong></span> <span class='ocrx_word' id='word_1_798' title='bbox 3419 4942 3614 5014; x_wconf 75' lang='grc' dir='ltr'>μεταξὺ</span> <span class='ocrx_word' id='word_1_799' title='bbox 3642 4941 3770 4996; x_wconf 76' lang='grc' dir='ltr'>τού-</span> 
     </span>
    </p>
   </div>
   <div class='ocr_carea' id='block_1_110' title="bbox 2112 5027 3768 5104">
    <p class='ocr_par' dir='ltr' id='par_1_110' title="bbox 2112 5027 3768 5104">
     <span class='ocr_line' id='line_1_111' title="bbox 2112 5027 3768 5104; baseline -0.001 -18"><span class='ocrx_word' id='word_1_800' title='bbox 2112 5051 2246 5098; x_wconf 88' lang='grc' dir='ltr'>των,</span> <span class='ocrx_word' id='word_1_801' title='bbox 2287 5028 2410 5104; x_wconf 88' lang='grc' dir='ltr'>περὶ</span> <span class='ocrx_word' id='word_1_802' title='bbox 2457 5033 2565 5083; x_wconf 89' lang='grc' dir='ltr'><strong>τῶν</strong></span> <span class='ocrx_word' id='word_1_803' title='bbox 2619 5028 2906 5104; x_wconf 73' lang='grc' dir='ltr'>ἐπιτρίτων</span> <span class='ocrx_word' id='word_1_804' title='bbox 2953 5027 3042 5082; x_wconf 81' lang='grc' dir='ltr'><strong>καὶ</strong></span> <span class='ocrx_word' id='word_1_805' title='bbox 3082 5028 3360 5101; x_wconf 78' lang='grc' dir='ltr'>ἡμιολίων</span> <span class='ocrx_word' id='word_1_806' title='bbox 3399 5034 3505 5083; x_wconf 91' lang='grc' dir='ltr'><strong>τῶν</strong></span> <span class='ocrx_word' id='word_1_807' title='bbox 3549 5030 3599 5084; x_wconf 81' lang='grc' dir='ltr'>ἰν</span> <span class='ocrx_word' id='word_1_808' title='bbox 3648 5036 3768 5091; x_wconf 80' lang='grc' dir='ltr'>ταῖς</span> 
     </span>
    </p>
   </div>
   <div class='ocr_carea' id='block_1_111' title="bbox 2120 5115 3768 5194">
    <p class='ocr_par' dir='ltr' id='par_1_111' title="bbox 2120 5115 3768 5194">
     <span class='ocr_line' id='line_1_112' title="bbox 2120 5115 3768 5194; baseline 0 -20"><span class='ocrx_word' id='word_1_809' title='bbox 2120 5119 2406 5193; x_wconf 89' lang='grc' dir='ltr'>μεσότησιν</span> <span class='ocrx_word' id='word_1_810' title='bbox 2491 5118 2957 5194; x_wconf 82' lang='grc' dir='ltr'>ἀναφαινομένων,</span> <span class='ocrx_word' id='word_1_811' title='bbox 3018 5117 3142 5191; x_wconf 84' lang='grc' dir='ltr'>περὶ</span> <span class='ocrx_word' id='word_1_812' title='bbox 3200 5115 3475 5194; x_wconf 70' lang='grc' dir='ltr'>ἰπογδόων</span> <span class='ocrx_word' id='word_1_813' title='bbox 3535 5124 3640 5174; x_wconf 89' lang='grc' dir='ltr'><strong>τῶν</strong></span> <span class='ocrx_word' id='word_1_814' title='bbox 3698 5121 3768 5174; x_wconf 75' lang='grc' dir='ltr'>τὰ</span> 
     </span>
    </p>
   </div>
   <div class='ocr_carea' id='block_1_112' title="bbox 2118 5205 3765 5283">
    <p class='ocr_par' dir='ltr' id='par_1_112' title="bbox 2118 5205 3765 5283">
     <span class='ocr_line' id='line_1_113' title="bbox 2118 5205 3765 5283; baseline -0.001 -20"><span class='ocrx_word' id='word_1_815' title='bbox 2118 5205 2461 5280; x_wconf 76' lang='grc' dir='ltr'>διαστήματα</span> <span class='ocrx_word' id='word_1_816' title='bbox 2514 5205 3017 5283; x_wconf 83' lang='grc' dir='ltr'>συμπληρούντων,</span> <span class='ocrx_word' id='word_1_817' title='bbox 3067 5206 3192 5282; x_wconf 85' lang='grc' dir='ltr'>περὶ</span> <span class='ocrx_word' id='word_1_818' title='bbox 3249 5212 3350 5262; x_wconf 77' lang='grc' dir='ltr'><strong>τοῦ</strong></span> <span class='ocrx_word' id='word_1_819' title='bbox 3410 5207 3716 5282; x_wconf 87' lang='grc' dir='ltr'>λείμματος</span> <span class='ocrx_word' id='word_1_820' title='bbox 3752 5229 3765 5242; x_wconf 90' lang='grc'><strong>·</strong></span> 
     </span>
    </p>
   </div>
   <div class='ocr_carea' id='block_1_113' title="bbox 2114 5370 3771 5444">
    <p class='ocr_par' dir='ltr' id='par_1_113' title="bbox 2114 5370 3771 5444">
     <span class='ocr_line' id='line_1_114' title="bbox 2114 5370 3771 5444; baseline -0.001 -18"><span class='ocrx_word' id='word_1_821' title='bbox 2114 5388 2259 5426; x_wconf 88' lang='lat' dir='ltr'><strong>uxor</strong></span> <span class='ocrx_word' id='word_1_822' title='bbox 2305 5373 2557 5444; x_wconf 85' lang='lat' dir='ltr'><strong>duorum</strong></span> <span class='ocrx_word' id='word_1_823' title='bbox 2584 5371 2886 5444; x_wconf 78' lang='lat' dir='ltr'><strong>deinceps</strong></span> <span class='ocrx_word' id='word_1_824' title='bbox 2917 5370 3362 5444; x_wconf 24' lang='lat' dir='ltr'><strong>imperatorium,</strong></span> <span class='ocrx_word' id='word_1_825' title='bbox 3397 5372 3771 5428; x_wconf 88' lang='lat' dir='ltr'><strong>Constantini</strong></span> 
     </span>
    </p>
   </div>
   <div class='ocr_carea' id='block_1_114' title="bbox 2111 5443 3772 5515">
    <p class='ocr_par' dir='ltr' id='par_1_114' title="bbox 2111 5443 3772 5515">
     <span class='ocr_line' id='line_1_115' title="bbox 2111 5443 3772 5515; baseline -0.003 -15"><span class='ocrx_word' id='word_1_826' title='bbox 2111 5449 2286 5500; x_wconf 61' lang='lat' dir='ltr'><strong>Ducas</strong></span> <span class='ocrx_word' id='word_1_827' title='bbox 2342 5443 2828 5515; x_wconf 12' lang='lat' dir='ltr'><strong>(4059-1067)7et7</strong></span> <span class='ocrx_word' id='word_1_828' title='bbox 2898 5443 3145 5515; x_wconf 84' lang='lat' dir='ltr'><strong>Romani</strong></span> <span class='ocrx_word' id='word_1_829' title='bbox 3225 5443 3500 5512; x_wconf 82' lang='lat' dir='ltr'><strong>Diogenis</strong></span> <span class='ocrx_word' id='word_1_830' title='bbox 3577 5445 3772 5514; x_wconf 83' lang='grc'><strong>(1067-</strong></span> 
     </span>
    </p>
   </div>
   <div class='ocr_carea' id='block_1_115' title="bbox 2116 5514 3772 5588">
    <p class='ocr_par' dir='ltr' id='par_1_115' title="bbox 2116 5514 3772 5588">
     <span class='ocr_line' id='line_1_116' title="bbox 2116 5514 3772 5588; baseline 0 -18"><span class='ocrx_word' id='word_1_831' title='bbox 2116 5515 2296 5585; x_wconf 88' lang='grc'><strong>1071).</strong></span> <span class='ocrx_word' id='word_1_832' title='bbox 2329 5516 2424 5588; x_wconf 69' lang='grc' dir='ltr'><strong>ῼῖι·</strong></span> <span class='ocrx_word' id='word_1_833' title='bbox 2453 5533 2581 5588; x_wconf 70' lang='lat' dir='ltr'><strong>qua:</strong></span> <span class='ocrx_word' id='word_1_834' title='bbox 2613 5514 2692 5572; x_wconf 89' lang='lat' dir='ltr'><strong>de</strong></span> <span class='ocrx_word' id='word_1_835' title='bbox 2713 5514 2816 5588; x_wconf 84' lang='lat' dir='ltr'><strong>illa</strong></span> <span class='ocrx_word' id='word_1_836' title='bbox 2844 5519 3045 5588; x_wconf 81' lang='lat' dir='ltr'><strong>narrat</strong></span> <span class='ocrx_word' id='word_1_837' title='bbox 3073 5514 3312 5588; x_wconf 88' lang='lat' dir='ltr'><strong>Nicepb.</strong></span> <span class='ocrx_word' id='word_1_838' title='bbox 3349 5515 3581 5570; x_wconf 87' lang='lat' dir='ltr'><strong>Brienn.</strong></span> <span class='ocrx_word' id='word_1_839' title='bbox 3615 5516 3772 5570; x_wconf 87' lang='lat' dir='ltr'><strong>Com-</strong></span> 
     </span>
    </p>
   </div>
   <div class='ocr_carea' id='block_1_116' title="bbox 2111 5586 3770 5714">
    <p class='ocr_par' dir='ltr' id='par_1_116' title="bbox 2111 5586 3770 5714">
     <span class='ocr_line' id='line_1_117' title="bbox 2111 5586 3770 5714; baseline 0 -71"><span class='ocrx_word' id='word_1_840' title='bbox 2111 5586 2516 5714; x_wconf 46' lang='lat' dir='ltr'><strong>iéifit‘hllibﬁ,</strong></span> <span class='ocrx_word' id='word_1_841' title='bbox 2551 5604 2684 5660; x_wconf 87' lang='lat' dir='ltr'><strong>pag.</strong></span> <span class='ocrx_word' id='word_1_842' title='bbox 2746 5587 2834 5651; x_wconf 83' lang='grc'>43,</span> <span class='ocrx_word' id='word_1_843' title='bbox 2891 5586 2963 5640; x_wconf 87' lang='grc'>56</span> <span class='ocrx_word' id='word_1_844' title='bbox 3020 5601 3152 5658; x_wconf 92' lang='lat' dir='ltr'><strong>sqq.</strong></span> <span class='ocrx_word' id='word_1_845' title='bbox 3211 5586 3568 5658; x_wconf 63' lang='lat' dir='ltr'><strong>(Patrologiw</strong></span> <span class='ocrx_word' id='word_1_846' title='bbox 3628 5591 3770 5643; x_wconf 79' lang='lat' dir='ltr'><strong>tom.</strong></span> 
     </span>
    </p>
   </div>
  </div>
