4010 6360
220 391 383 454 {089
1334 384 1409 444 IN
1458 380 2071 444 PSYCHOGONIAM
2117 383 2524 449 PLATONIS.
3487 392 3646 454 1090

223 525 319 579 καὶ
350 522 451 599 γὰρ
478 521 541 577 τὸ
572 518 895 597 διάγραμμα
923 514 1007 573 δεῖ
1035 515 1249 573 πάντων
1278 513 1486 571 τούτων
1540 511 1676 569 εἶναι
1722 531 1880 587 περι-

2019 517 2183 588 onis,
2242 534 2593 591 cognoscere
2651 521 2919 590 intersit,
2979 524 3050 580 de
3106 526 3337 581 numeri
3396 529 3650 599 augendi

225 610 500 681 ληπτικὸν
528 609 618 665 καὶ
664 608 1177 663 καταπεπυκνῶσθαι
1224 604 1441 666 τούτοις
1497 607 1614 663 τοῖς
1669 600 1879 677 λόγοις.

2019 602 2321 661 ιιίίοηὶὺιιε
2387 606 2605 679 iisque,
2664 626 2790 681 qua
2849 610 3001 666 inter
3058 610 3189 668 illas
3250 614 3647 688 intercedunt,

222 703 343 760 Ἰνα
373 698 463 755 οὖν
494 698 546 754 έν
576 699 718 769 τάξει
771 694 1077 773 προΐωμεν,
1122 690 1380 767 λάϐωμεν
1411 696 1629 768 πρῶτον
1680 690 1733 745 έν
1763 695 1882 751 τοῖς

2019 692 2430 765 medietatibus,
2454 697 2523 752 de
2553 700 2948 770 sesquitertiis
2979 704 3036 756 et
3060 702 3491 774 sesquialteris,
3516 723 3646 777 quaa

227 790 339 845 ἀπὸ
368 786 604 863 μονάδος
653 787 910 861 ἀριθμοῖς
958 785 1083 848 τοὺς
1132 783 1462 861 λεγομένους
1490 781 1745 858 πρώτους
1777 779 1881 834 ὑπὸ

2019 799 2050 836 n
2086 783 2498 840 medietatibus
2542 794 2885 858 cernuntur,
2917 790 2988 845 de
3030 792 3474 862 sesquioctavis,
3509 796 3645 866 qui-

221 884 329 935 τοῦ
360 875 650 939 Πλάτωνος
683 874 911 950 λόγους.

2019 887 2103 927 ius
2160 873 2472 945 explentur
2526 875 2850 944 intervalla,
2909 879 2979 934 de
3036 879 3321 936 limmate.
3382 883 3645 956 Namque

229 971 600 1041 diagramma
631 974 687 1023 et
718 967 837 1022 haec
870 966 1068 1022 omnia
1108 963 1417 1036 complecti
1466 962 1641 1018 debet
1688 964 1747 1016 et
1794 959 2074 1032 compleri
2104 960 2499 1033 (condensari)
2530 964 2623 1020 his
2654 966 3002 1023 rationibus.
3033 968 3221 1031 Quare
3269 970 3547 1042 primum,
3584 978 3649 1028 ut

226 1059 435 1117 ordine
466 1058 741 1131 procedat
771 1055 975 1122 oratio,
1007 1055 1068 1111 in
1122 1054 1192 1109 iis
1246 1052 1527 1123 numeris,
1560 1049 1663 1122 qui
1693 1049 1764 1106 ab
1794 1049 2022 1106 unitate
2068 1055 2210 1107 sunt
2252 1053 2526 1124 proximi,
2559 1070 2681 1126 eas,
2713 1072 2843 1127 quae
2872 1073 2904 1112 a
2936 1057 3173 1114 Platone
3222 1067 3645 1131 memorantur,

232 1150 453 1221 primae
484 1148 741 1202 rationes
770 1161 1103 1201 sumamus.

304 1239 368 1301 θ’.
427 1235 720 1298 Ἐκκείσθω
778 1231 868 1288 οὖν
919 1230 987 1302 δὴ
1024 1230 1336 1306 μονὰς,καὶ
1365 1236 1569 1295 ταύτης
1628 1222 1890 1281 διπλασία

230 1324 389 1388 δυάς·
424 1326 535 1380 εἶτα
563 1323 740 1399 τριὰς,
770 1319 1010 1395 ήμιολία
1042 1321 1137 1395 μὶν
1163 1324 1265 1386 τῆς
1318 1315 1537 1385 δυάδος,
1593 1313 1892 1391 τριπλασία

231 1414 293 1471 δὶ
330 1422 429 1485 τῆς
464 1411 722 1488 μονάδος
756 1412 870 1468 εἶτα
922 1411 1137 1487 τετρὰς,
1197 1407 1457 1465 διπλασία
1511 1412 1610 1476 τῆς
1669 1400 1887 1488 δυάδος·

232 1506 351 1559 εἶτα
388 1484 595 1566 γέννεᾶς
664 1500 960 1577 τριπλασία
1018 1484 1131 1565 -τῆς
1194 1494 1455 1574 τριάδος·
1525 1495 1636 1549 εἶτα
1689 1484 1890 1568 ὀγδοὰς

233 1590 572 1649 όκταπλασία
624 1594 721 1661 τῆς
756 1588 1017 1664 μονάδος*
1059 1588 1148 1645 ἰπὶ
1198 1593 1330 1642 πᾶσι
1358 1583 1416 1641 δὶ
1447 1580 1658 1657 έϐδόμη
1725 1594 1894 1656 μοιρα

227 1680 847 1739 ἐπτακαιεικοσιπλασία
876 1687 975 1750 τῆς
1028 1674 1286 1752 μονάδος.
1349 1672 1500 1732 Ἀλλ’
1548 1671 1597 1727 εἲ
1629 1672 1723 1745 μὶν
1757 1670 1890 1752 άγρι

225 1772 442 1829 τούτων
497 1766 623 1841 ἔστη
676 1770 745 1826 τὰ
798 1774 895 1825 τοῦ
953 1767 1269 1835 Πλάτωνος,
1330 1761 1436 1819 ἔδει
1477 1759 1648 1837 μηδὶν
1679 1776 1895 1836 περιερ-

2069 1230 2123 1285 9.
2149 1230 2385 1287 Ponitor
2405 1233 2588 1305 igitur
2612 1234 2837 1303 unitas,
2858 1237 3106 1308 ejusque
3126 1237 3341 1310 duplus
3365 1256 3649 1296 numerus

2000 1319 2267 1376 binarius
2300 1338 2314 1377 :
2348 1322 2558 1379 deinde
2608 1325 2900 1381 ternarius
2953 1343 3258 1394 numerus,
3302 1329 3650 1400 sesquialter

2000 1408 2237 1480 binarii,
2262 1411 2508 1468 unitatis
2540 1412 2754 1485 triplus
2777 1430 2789 1470 :
2816 1419 2942 1471 tum
2975 1417 3406 1486 quaternarius,
3436 1418 3648 1473 binarii

1978 1497 2219 1568 _duplus
2263 1517 2276 1554 :
2325 1504 2449 1555 tum
2500 1503 2875 1571 novenarius,
2929 1504 3170 1559 ternarii
3215 1504 3431 1576 triplus
3466 1522 3479 1562 :
3520 1512 3645 1561 tum

2002 1588 2361 1659 octonarius,
2384 1590 2657 1661 octuplus
2682 1592 2926 1648 unitatis
2951 1610 2963 1647 :
2990 1598 3285 1665 postremo
3308 1600 3502 1650 autem
3528 1612 3655 1665 sep-

2000 1675 2149 1731 tima
2178 1693 2337 1749 pars,
2360 1695 2488 1750 qua:
2538 1685 2764 1752 septem
2796 1686 2853 1736 et
2881 1681 3090 1753 viginti
3145 1683 3408 1754 partibus
3440 1684 3650 1739 unitati

2004 1765 2313 1821 antecedit.
2347 1768 2498 1823 Tum
2545 1786 2680 1824 vero
2710 1770 2759 1825 si
2789 1770 2910 1826 haec
2956 1772 3240 1827 hactenus
3288 1771 3453 1828 Plato
3500 1777 3655 1829 esset

229 1862 485 1940 γάζεσοαι
543 1859 709 1916 πλέον
739 1905 751 1917 .
808 1855 1029 1929 Ἐπειδὴ
1109 1854 1167 1912 δὶ
1232 1852 1399 1941 αὐτὰς
1460 1855 1597 1924 ἡμῖν
1652 1867 1894 1920 παρακε-

2019 1860 2367 1925 Jersecutus,
2392 1856 2730 1914 elaborandi
2762 1859 3066 1931 diligentia
3088 1878 3199 1916 non
3226 1861 3482 1933 amplius
3503 1879 3653 1935 opus

234 1950 455 2007 λεύεται
502 1949 570 2005 τὰ
596 1946 858 2004 διπλάσια
904 1948 991 2002 καὶ
1044 1942 1341 2022 τριπλάσια
1384 1940 1726 2013 διαστήματα
1778 1940 1897 1998 ταῖς

230 2062 295 2096 τε
355 2040 742 2115 ἆριθμητικαῖς
794 2036 884 2092 καὶ
948 2037 1275 2111 ἀρμονικαῖς
1338 2031 1600 2113 μεσότησι
1660 2024 1897 2094 συνδεῖν,

238 2128 479 2205 μονάδος
519 2128 577 2186 δὶ
616 2129 717 2185 οὐκ
763 2125 872 2185 ἔστι
924 2126 1016 2183 καὶ
1063 2122 1260 2186 δυάδος
1307 2120 1502 2197 μεταξὺ
1549 2118 1746 2179 ταύτας
1799 2116 1895 2177 τὰς

241 2221 549 2293 μεσότητας
609 2220 782 2294 εὑρεῖν
820 2260 835 2286 ,
907 2215 1147 2287 ληπτέον
1199 2213 1321 2268 τινὰ
1377 2214 1596 2287 πρῶτον
1662 2207 1893 2283 ἀριθμὸν

234 2310 295 2371 ὅς
355 2308 648 2385 ἐλάχιστος
701 2304 774 2362 ὢν
834 2303 936 2377 ἔξει
992 2304 1168 2377 ἥμισυ
1220 2302 1311 2357 καὶ
1367 2298 1571 2375 τρίτον’
1607 2294 1893 2352 διπλάσιον

235 2400 343 2475 γὰρ
374 2404 479 2460 πᾶς
528 2397 760 2473 ἀριθμὸς
807 2394 956 2471 ἔχειν
987 2391 1228 2449 δύναται.
1290 2388 1559 2475 Εἰλήφθω
1609 2390 1738 2475 γοῦν
1772 2386 1800 2440 6
1832 2390 1898 2456 ς’,

238 2471 333 2543 καί
383 2471 580 2542 τούτου
641 2483 930 2546 διπλάσιος
984 2484 1012 2539 6
1047 2484 1139 2560 ιβ’,
1192 2481 1285 2536 τὸν
1341 2478 1498 2534 αὐτὸν
1534 2471 1677 2553 ἔχων
1710 2474 1897 2549 λόγον,

239 2577 304 2631 δν
361 2575 499 2651 πρὸς
558 2571 727 2629 δυάδα
788 2573 977 2647 μονάς.
1036 2571 1257 2629 Τούτων
1309 2565 1377 2637 δὴ
1407 2571 1515 2622 τῶν
1559 2562 1895 2639 έξαπλασίων

241 2650 481 2739 μονάδος
534 2664 624 2719 καὶ
657 2660 853 2727 δυάδος
889 2662 1046 2736 μέσοι
1088 2659 1492 2736 παρεντιοέντες
1549 2655 1579 2710 ὃ
1620 2675 1679 2710 τε
1709 2652 1759 2723 η’
1806 2650 1896 2706 καὶ

236 2756 285 2809 θ’
344 2755 437 2817 τὰς
498 2753 787 2828 εἰρημένας
843 2751 1143 2825 μεσότητας
1195 2744 1611 2804 ἀποδώσουσιν.
1669 2744 1729 2800 Ὀ
1801 2741 1895 2814 μὶν

241 2844 351 2919 γὰρ
408 2844 460 2910 η’
516 2847 696 2914 ταυτῷ
755 2840 904 2915 μέρει
977 2844 1082 2894 τῶν
1137 2836 1314 2913 ἄκρων
1386 2833 1637 2910 ὑπερέχει
1694 2852 1753 2887 τε
1803 2829 1895 2899 καὶ

246 2932 596 3008 ὑπερέχεται,
658 2929 790 3008 ὅπερ
838 2926 975 2986 ἴδιόν
1010 2928 1152 2985 ἐστιν
1213 2929 1515 3003 ἁρμονικῆς
1576 2919 1888 3008 ἀναλογίας·

241 3024 271 3078 6
307 3021 366 3077 δὲ
395 3006 569 3094 θ’άίσῳ
626 3021 721 3095 μὶν
764 3006 897 3094 -[τὸν
929 3020 993 3092 ς’]
1042 3019 1159 3073 κατ’
1191 3017 1420 3092 ἀριθμὸν
1458 3010 1735 3087 ὑπερέχει,
1788 3006 1897 3080 ’ίσῳ

2006 1950 2178 2001 esset.
2205 1946 2448 2011 Quando
2479 1952 2676 2002 autem
2715 1948 2842 2019 ipse
2873 1949 3040 2005 nobis
3074 1950 3355 2022 praecipit,
3378 1955 3443 2006 ut
3472 1950 3656 2022 dupla

2006 2039 2063 2090 et
2093 2034 2270 2106 tripla
2297 2035 2605 2091 intervalla
2652 2036 3039 2095 arithmeticis
3090 2044 3265 2111 atque
3296 2039 3655 2097 harmonicis

2007 2124 2424 2180 medietatibus
2470 2125 2836 2198 colligemus,
2870 2127 3009 2199 quia
3062 2128 3215 2185 inter
3264 2130 3549 2185 unitatem
3598 2135 3658 2187 et

2006 2213 2349 2270 dualitatem
2390 2214 2736 2272 medietates
2767 2216 2943 2272 nulla
2976 2216 3230 2288 interjici
3265 2223 3511 2289 possunt
3538 2219 3653 2291 pri-

2007 2318 2140 2357 mus
2170 2302 2387 2374 aliquis
2421 2320 2704 2360 numerus
2726 2306 3055 2361 sumendus
3078 2310 3188 2377 est,
3213 2307 3312 2378 qui
3343 2323 3521 2378 quam
3555 2308 3660 2363 mi-

2007 2392 2205 2447 nimus
2235 2392 2544 2448 dimidiam
2569 2397 2798 2465 partem
2822 2398 2995 2465 atque
3019 2396 3253 2451 tertiam
3278 2396 3525 2453 habeat:
3549 2400 3660 2453 du-

2006 2479 2163 2553 plam
2196 2480 2352 2537 enim
2386 2482 2578 2554 quivis
2609 2499 2893 2539 numerus
2926 2484 3122 2539 habet.
3152 2485 3436 2541 Sumatur
3480 2486 3661 2559 igitur

2005 2571 2040 2626 6
2070 2570 2377 2641 (senarius)
2401 2587 2682 2628 numerus
2712 2574 2957 2644 ejusque
2990 2574 3209 2646 duplus
3242 2576 3308 2631 12
3336 2575 3658 2648 (duodena-

2007 2660 2449 2732 rius),eamdem
2474 2661 2757 2718 rationem
2785 2663 3212 2734 habens,quam
3227 2680 3361 2720 cum
3379 2665 3661 2722 dualitate

2008 2751 2225 2805 unitas.
2243 2750 2305 2805 In
2332 2750 2521 2806 medio
2548 2750 2785 2807 illorum
2806 2768 3185 2808 numerorum
3207 2753 3489 2809 unitatem
3510 2760 3567 2811 et
3583 2756 3662 2810 bi-

2008 2840 2240 2894 narium
2255 2839 2443 2895 sexies
2460 2840 2886 2897 continentium
2909 2841 3238 2913 interpositi
3257 2843 3591 2900 octonarius
3608 2848 3666 2901 et

2009 2927 2359 2984 novenarius
2376 2945 2632 3001 eas,qua
2654 2930 2821 2985 dictae
2845 2936 3004 2998 sunt,
3022 2932 3369 2988 medietates
3390 2933 3647 2989 reddunt

2008 3017 2356 3076 Octonarius
2412 3018 2570 3074 enim
2618 3020 2821 3077 eadem
2880 3024 3043 3093 parte
3094 3025 3330 3092 praestat
3377 3022 3655 3079 extremis

2056 3173 2096 3222 θ’
2236 3167 2303 3244 ιβ’

2189 3268 2201 3285 ο
2274 3258 2303 3285 Δ.

2164 3293 2190 3335 Υ
2247 3296 2269 3335 Δ

245 3532 310 3590 ἢ
364 3533 704 3609 ὑπερέχεται,
738 3531 871 3606 ὅπερ
934 3528 1073 3587 ἴδιόν
1134 3529 1276 3585 ἐστιν
1335 3528 1705 3605 ἀριθμητικῆς
1741 3526 1900 3601 μεσό-

2019 3526 2335 3596 eademque
2356 3521 2691 3592 superatur,
2717 3516 2873 3588 quod
2897 3516 3137 3609 quidem
3161 3514 3514 3573 harmonicis
3539 3532 3672 3609 ρι-ο-

248 3644 448 3695 τητος.
487 3624 698 3697 Ἐξάκις
729 3621 831 3697 ἄρα
872 3624 972 3693 τὴν
1019 3618 1228 3695 μονάδα
1257 3620 1349 3676 καὶ
1383 3617 1553 3675 δυάδα
1583 3620 1909 3690 ποιήσαντες

250 3710 484 3789 εὕρομεν
528 3711 797 3787 ἀριθμοὺς
846 3712 941 3775 τὰς
992 3710 1278 3787 εἰρημένας
1328 3708 1757 3786 έπιδεχομένους
1819 3728 1914 3781 με·

252 3803 512 3873 σότητας.
563 3800 813 3874 Ὁμοίως
873 3798 930 3855 δὲ
985 3801 1075 3855 καὶ
1125 3801 1249 3862 τοὺς
1308 3798 1537 3861 λοιποὺς
1566 3803 1672 3853 τῶν
1724 3797 1776 3852 ἰν
1837 3801 1916 3869 τῷ

252 3891 647 3968 προειρημένῳ
705 3890 885 3965 στίχῳ
913 3894 1024 3945 τῶν
1058 3886 1358 3945 διπλασίων
1392 3888 1506 3961 ἅμα
1546 3885 1635 3943 καὶ
1682 3885 1915 3961 τριπλα-

248 3982 387 4037 σίων
437 3977 923 4051 έξαπλασιάσαντες
981 3979 1286 4054 εὖρήσομεν
1341 3976 1542 4050 ὅρους,
1604 3975 1698 4038 οὕς
1758 3972 1917 4045 δυνη-

251 4072 465 4143 σόμεθα
511 4073 879 4125 καταπυκνοῦν
931 4068 1318 4145 ἀριθμητικαῖς
1358 4087 1418 4122 τε
1443 4066 1532 4122 καὶ
1591 4067 1914 4140 ἁρμονικαῖς

250 4159 543 4235 μεσότησι.

2022 3613 2308 3688 portionis
2353 3608 2655 3683 proprium
2685 3610 2802 3672 est;
2837 3604 3191 3661 novenarius
3239 3608 3436 3660 autem
3468 3605 3671 3660 eodem

2024 3718 2270 3760 numero
2302 3696 2649 3769 (senarium)
2672 3699 2910 3767 prastat
2938 3710 3054 3765 quo
3085 3695 3142 3765 (a
3167 3693 3550 3765 duodenario)
3572 3710 3675 3748 su-

2026 3796 2283 3866 peratur,
2318 3787 2476 3862 quod
2510 3785 2749 3858 quidem
2781 3782 3168 3839 arithmetica:
3206 3787 3296 3838 est
3344 3781 3677 3837 medietatis

2025 3881 2351 3956 proprium.
2386 3876 2448 3933 Si
2497 3874 2683 3932 sexies
2716 3872 2898 3946 igitur
2947 3872 3233 3928 unitatem
3282 3876 3340 3928 et
3383 3872 3678 3928 binarium

2025 3968 2483 4042 sumpserimus,
2534 3979 2814 4020 numeros
2863 3960 3261 4017 invenerimus
3309 3962 3675 4028 medietates,

2026 4076 2175 4134 quas
2207 4057 2490 4121 diximus,
2522 4052 2876 4124 complexos.
2910 4049 3307 4120 Similiterque
3338 4050 3388 4106 si
3423 4050 3675 4121 reliquos

2027 4151 2087 4206 in
2145 4148 2294 4205 serie
2349 4144 2473 4212 illa,
2526 4158 2704 4214 quam
2762 4157 2943 4213 supra
2999 4140 3427 4208 enarravimus,
3467 4139 3681 4211 duplos

248 4228 586 4322 triplosque
616 4264 897 4304 numeros
928 4247 1119 4304 sexies
1144 4247 1601 4319 sumpserimus,
1635 4244 2003 4302 inveniemus
2035 4238 2344 4307 terminos,
2376 4250 2526 4307 quos
2566 4229 2956 4289 arithmetioie
2987 4234 3044 4287 et
3073 4228 3438 4286 harmonicis
3468 4229 3683 4286 medie-

246 4340 486 4398 tatibus
516 4338 881 4395 condensare
908 4337 1190 4410 (explere)
1218 4338 1563 4410 poterimus.

328 4428 379 4484 ι’.
441 4425 815 4501 Γεγονέτωσαν
885 4424 993 4480 ἀπὸ
1071 4425 1272 4486 παντὸς
1344 4428 1445 4480 τοῦ
1510 4420 1916 4501 προειρημένου

247 4515 449 4591 στίχου
502 4512 842 4586 έξαπλάσιοι.
903 4512 1150 4575 ’Ἄλλους
1210 4513 1475 4588 ἀριθμοὺς
1532 4512 1584 4568 έν
1612 4512 1754 4583 τάξει
1801 4511 1914 4565 θέν-

254 4626 369 4671 τες,
433 4604 596 4676 μόνον
647 4604 737 4657 τὸν
798 4600 875 4657 νδ⁷
929 4603 1035 4678 πρὸ
1090 4607 1187 4658 τοῦ
1250 4604 1346 4675 μη’
1378 4607 1549 4666 θεῖναι
1580 4601 1912 4680 ὀφείλοντες·

252 4698 451 4749 τοῦτον
506 4693 612 4768 γὰρ
662 4690 924 4767 πρότερον
983 4690 1102 4746 είπὶ
1156 4690 1478 4765 τριπλάσιον
1533 4695 1629 4745 τοῦ
1678 4690 1865 4765 τρίτου
1900 4708 1911 4721 °

261 4782 384 4855 μετ’
432 4780 635 4836 έκεῖνον
691 4777 748 4835 δὲ
800 4780 961 4835 αὐτὸν
1007 4783 1169 4853 ἡμεῖς
1226 4777 1435 4853 ἔθεμεν,
1465 4784 1545 4852 τῷ
1576 4778 1777 4849 πλήθει
1809 4781 1915 4832 τῶν

2098 4418 2187 4474 40.
2222 4415 2406 4472 Sunto
2427 4427 2497 4468 ex
2526 4413 2647 4467 tota
2674 4409 2803 4479 hac,
2830 4425 3008 4482 quam
3030 4424 3213 4481 supra
3235 4409 3512 4480 diximus,
3538 4408 3688 4466 serie

2029 4508 2217 4565 sexies
2266 4501 2489 4573 sumpti
2519 4498 2821 4573 (numeri).
2857 4497 3122 4570 Reliquis
3171 4498 3434 4554 numeris
3482 4499 3691 4554 ordine

2026 4592 2333 4669 dispositis
2363 4604 2705 4663 quanquam
2757 4586 2952 4645 solum
3004 4603 3319 4643 numerum
3347 4588 3421 4642 54
3449 4592 3587 4643 ante
3619 4588 3688 4642 48

2029 4699 2243 4759 ponere
2273 4679 2656 4744 debebamus,
2683 4676 2937 4748 priorem
2973 4675 3139 4731 illum
3164 4675 3321 4731 enim
3344 4675 3506 4734 dicas
3529 4675 3688 4732 tertii

2026 4773 2507 4846 triplum,tamen
2531 4769 2663 4838 post
2683 4765 2842 4821 hunc
2867 4764 3033 4820 illum
3053 4765 3686 4837 posuimus,unitatum

265 4852 518 4944 μονάδων
577 4868 883 4943 ἑπόμενοι,
938 4852 1144 4924 καὶού
1202 4873 1271 4944 τῇ
1322 4852 1723 4943 ἀπαριθμήσει,
1776 4868 1837 4935 ἣν
1894 4891 1900 4916 ι

2034 4858 2475 4919 multitudinem
2501 4854 2789 4925 (ordinem
2816 4852 3150 4924 seriemque
3173 4855 3579 4921 numerorum)
3604 4870 3689 4909 sev

261 4958 494 5018 Πλάτων
545 4958 864 5029 πεποίηται,
893 4965 1009 5021 τοῖς
1042 4958 1228 5035 λόγοις
1260 4958 1434 5014 αὐτῶν
1488 4956 1775 5030 ἑπόμενος,
1828 4955 1918 5011 καὶ

254 5048 495 5118 ὶνάλλᾶξ
568 5048 739 5110 τιθεὶς
814 5047 941 5110 τοὺς
1011 5045 1332 5112 διπλασίους
1390 5048 1475 5102 καὶ
1540 5045 1917 5121 τριπλασίους.

256 5136 477 5207 Μεταξὺ
534 5139 626 5209 μὶν
687 5136 779 5191 οὖν
832 5140 932 5190 τοῦ
983 5138 1024 5200 ς’
1055 5138 1140 5192 καὶ
1184 5141 1282 5191 τοῦ
1320 5137 1386 5212 ιβ’
1419 5136 1779 5209 ἐμπεσοῦνται
1813 5136 1841 5189 6
1872 5140 1921 5204 η’

249 5227 345 5281 καὶ
406 5228 473 5294 θ’,
538 5226 733 5298 μεταξὺ
793 5222 849 5280 δὲ
895 5230 992 5280 τοῦ
1026 5226 1097 5301 ιβ’
1146 5226 1235 5281 καὶ
1287 5222 1366 5279 κδ’
1398 5221 1691 5279 διπλασίου
1748 5224 1919 5299 ἁρμο-

248 5316 383 5385 νικὴ
419 5314 515 5388 μὶν
561 5314 796 5386 μεσότης
827 5315 854 5368 6
912 5315 997 5384 ις’,
1049 5313 1388 5389 ἀριθμητική
1424 5310 1481 5368 δὲ
1507 5314 1535 5367 6
1572 5319 1659 5383 ιη’·
1724 5310 1919 5386 μεταξὺ

256 5403 319 5461 δὶ
375 5408 472 5459 τοῦ
530 5400 821 5459 διπλασίου
871 5403 966 5457 τοῦ
1015 5400 1094 5458 κδ’
1146 5402 1235 5457 καὶ
1266 5408 1361 5457 τοῦ
1396 5402 1787 5479 μη¹ἀρμονική
1824 5399 1917 5472 μὲν

1655 5532 1717 5613 ιβ
1841 5541 1910 5605 ις’

1748 5636 1785 5683 δ’

1569 5864 1582 5883 ο
1860 5821 1901 5867 ’⁵.
1941 5860 1947 5865 “

2028 4951 2170 5019 cuti,
2187 4952 2366 5017 atque
2388 4962 2422 5001 a
2444 4942 2796 4999 numerandi
2821 4958 2985 4998 more
3013 4942 3383 4997 discedentes
3406 4941 3688 5010 Platonis,

2030 5039 2151 5112 qui,
2178 5036 2465 5092 rationem
2502 5047 2883 5088 numerorum
2916 5035 3178 5095 secutus,
3201 5029 3458 5086 alternos
3479 5030 3692 5101 duplos

2030 5134 2088 5185 et
2134 5125 2343 5198 triplos
2403 5120 2747 5178 collocabat.
2810 5121 3030 5175 Inter6
3062 5120 3243 5192 igitur
3280 5123 3338 5174 et
3388 5119 3458 5174 42
3512 5119 3691 5175 medii

2030 5215 2392 5275 intercedant
2422 5213 2455 5267 8
2487 5216 2542 5267 et
2570 5210 2605 5265 9
2638 5210 2868 5266 numeri
2902 5228 2915 5267 :
2949 5210 3101 5266 inter
3142 5210 3211 5265 l2
3254 5214 3311 5265 et
3357 5210 3427 5264 24
3477 5209 3691 5283 duplos

2030 5305 2375 5365 harmonica
2416 5300 2703 5357 medietas
2750 5299 2819 5355 46
2868 5306 2924 5356 et
2971 5299 3041 5357 48
3089 5298 3461 5356 arithmetica
3494 5316 3506 5355 :
3538 5298 3693 5355 inter

2033 5395 2245 5469 duplos
2293 5405 2574 5448 numeros
2602 5390 2673 5443 24
2709 5394 2766 5444 et
2808 5390 2875 5443 48
2914 5389 2983 5443 32
3020 5387 3363 5444 harmonica
3412 5387 3693 5446 medietas

2033 5548 2093 5600 ιη’
2235 5541 2306 5597 νιν
