  <div class='ocr_page' id='page_1' title='image "/cluster/home/n/w/nwhite01/storage/ocr_20150623/122/hvd.32044073502452/556.png"; bbox 0 0 4060 6348; ppageno 0'>
   <div class='ocr_carea' id='block_1_1' title="bbox 233 408 390 472">
    <p class='ocr_par' dir='ltr' id='par_1_1' title="bbox 233 408 390 472">
     <span class='ocr_line' id='line_1_1' title="bbox 233 408 390 472; baseline 0.006 -1"><span class='ocrx_word' id='word_1_1' title='bbox 233 408 390 472; x_wconf 81' lang='grc'>1093</span> 
     </span>
    </p>
   </div>
   <div class='ocr_carea' id='block_1_2' title="bbox 1329 405 2528 473">
    <p class='ocr_par' dir='ltr' id='par_1_2' title="bbox 1329 405 2528 473">
     <span class='ocr_line' id='line_1_2' title="bbox 1329 405 2528 473; baseline -0.006 0"><span class='ocrx_word' id='word_1_2' title='bbox 1329 412 1410 473; x_wconf 87' lang='lat' dir='ltr'><strong>IN</strong></span> <span class='ocrx_word' id='word_1_3' title='bbox 1454 405 2070 473; x_wconf 76' lang='lat' dir='ltr'><strong>PSYGHOGONIAM</strong></span> <span class='ocrx_word' id='word_1_4' title='bbox 2113 407 2260 466; x_wconf 74' lang='lat' dir='ltr'><strong>PLA</strong></span> <span class='ocrx_word' id='word_1_5' title='bbox 2273 408 2528 470; x_wconf 83' lang='lat' dir='ltr'><strong>TONIS.</strong></span> 
     </span>
    </p>
   </div>
   <div class='ocr_carea' id='block_1_3' title="bbox 3494 409 3653 470">
    <p class='ocr_par' dir='ltr' id='par_1_3' title="bbox 3494 409 3653 470">
     <span class='ocr_line' id='line_1_3' title="bbox 3494 409 3653 470; baseline 0 0"><span class='ocrx_word' id='word_1_6' title='bbox 3494 409 3653 470; x_wconf 63' lang='lat'>4098</span> 
     </span>
    </p>
   </div>
   <div class='ocr_carea' id='block_1_4' title="bbox 223 537 1903 618">
    <p class='ocr_par' dir='ltr' id='par_1_4' title="bbox 223 537 1880 618">
     <span class='ocr_line' id='line_1_4' title="bbox 223 537 1880 618; baseline -0.001 -23"><span class='ocrx_word' id='word_1_7' title='bbox 223 541 429 602; x_wconf 77' lang='grc' dir='ltr'>παντὸς</span> <span class='ocrx_word' id='word_1_8' title='bbox 484 539 584 614; x_wconf 78' lang='grc' dir='ltr'><strong>γὰρ</strong></span> <span class='ocrx_word' id='word_1_9' title='bbox 643 538 922 616; x_wconf 65' lang='grc' dir='ltr'>ἐπιτρίτου</span> <span class='ocrx_word' id='word_1_10' title='bbox 974 539 1071 597; x_wconf 78' lang='grc' dir='ltr'><strong>δύο</strong></span> <span class='ocrx_word' id='word_1_11' title='bbox 1126 538 1407 618; x_wconf 70' lang='grc' dir='ltr'>ἆπυγδόων</span> <span class='ocrx_word' id='word_1_12' title='bbox 1485 537 1880 618; x_wconf 68' lang='grc' dir='ltr'>ἀφαιρεθίντων</span> 
     </span>
    </p>
   </div>
   <div class='ocr_carea' id='block_1_5' title="bbox 2015 537 3654 618">
    <p class='ocr_par' dir='ltr' id='par_1_5' title="bbox 2015 540 3654 612">
     <span class='ocr_line' id='line_1_5' title="bbox 2015 540 3654 612; baseline 0.004 -18"><span class='ocrx_word' id='word_1_13' title='bbox 2015 543 2288 610; x_wconf 84' lang='lat' dir='ltr'><strong>mperest,</strong></span> <span class='ocrx_word' id='word_1_14' title='bbox 2322 557 2497 612; x_wconf 87' lang='lat' dir='ltr'><strong>quam</strong></span> <span class='ocrx_word' id='word_1_15' title='bbox 2544 540 2765 596; x_wconf 87' lang='lat' dir='ltr'><strong>habent</strong></span> <span class='ocrx_word' id='word_1_16' title='bbox 2791 541 2899 596; x_wconf 87' lang='lat'><strong>256</strong></span> <span class='ocrx_word' id='word_1_17' title='bbox 2937 557 3072 597; x_wconf 84' lang='lat' dir='ltr'><strong>eum</strong></span> <span class='ocrx_word' id='word_1_18' title='bbox 3103 541 3231 598; x_wconf 86' lang='lat'>243.</span> <span class='ocrx_word' id='word_1_19' title='bbox 3265 542 3346 598; x_wconf 78' lang='lat' dir='ltr'><strong>Ex</strong></span> <span class='ocrx_word' id='word_1_20' title='bbox 3376 543 3654 601; x_wconf 86' lang='lat' dir='ltr'><strong>universa</strong></span> 
     </span>
    </p>
   </div>
   <div class='ocr_carea' id='block_1_6' title="bbox 223 627 1874 706">
    <p class='ocr_par' dir='ltr' id='par_1_6' title="bbox 223 627 1874 706">
     <span class='ocr_line' id='line_1_6' title="bbox 223 627 1874 706; baseline -0.002 -22"><span class='ocrx_word' id='word_1_21' title='bbox 223 627 613 684; x_wconf 79' lang='grc' dir='ltr'>καταλείπεται</span> <span class='ocrx_word' id='word_1_22' title='bbox 645 630 675 684; x_wconf 88' lang='lat'><strong>6</strong></span> <span class='ocrx_word' id='word_1_23' title='bbox 703 633 799 684; x_wconf 88' lang='lat'><strong>106</strong></span> <span class='ocrx_word' id='word_1_24' title='bbox 851 627 1160 702; x_wconf 71' lang='grc' dir='ltr'><strong>λείμματος</strong></span> <span class='ocrx_word' id='word_1_25' title='bbox 1210 627 1402 706; x_wconf 81' lang='grc' dir='ltr'>λόγος.</span> <span class='ocrx_word' id='word_1_26' title='bbox 1445 628 1624 685; x_wconf 79' lang='grc' dir='ltr'>Ἀλλὰ</span> <span class='ocrx_word' id='word_1_27' title='bbox 1652 632 1750 682; x_wconf 93' lang='lat'><strong>106</strong></span> <span class='ocrx_word' id='word_1_28' title='bbox 1778 648 1874 690; x_wconf 84' lang='grc' dir='ltr'><strong>σνς</strong></span> 
     </span>
    </p>
   </div>
   <div class='ocr_carea' id='block_1_7' title="bbox 229 714 1888 793">
    <p class='ocr_par' dir='ltr' id='par_1_7' title="bbox 229 714 1888 793">
     <span class='ocr_line' id='line_1_7' title="bbox 229 714 1888 793; baseline -0.002 -20"><span class='ocrx_word' id='word_1_29' title='bbox 229 714 500 792; x_wconf 62' lang='grc' dir='ltr'>ἐπόγδοος</span> <span class='ocrx_word' id='word_1_30' title='bbox 549 719 575 771; x_wconf 97' lang='lat'><strong>6</strong></span> <span class='ocrx_word' id='word_1_31' title='bbox 619 724 764 787; x_wconf 87' lang='grc' dir='ltr'>σπη’,</span> <span class='ocrx_word' id='word_1_32' title='bbox 815 717 873 779; x_wconf 80' lang='grc' dir='ltr'>’ὸς</span> <span class='ocrx_word' id='word_1_33' title='bbox 918 720 1018 787; x_wconf 80' lang='grc' dir='ltr'>τὴν</span> <span class='ocrx_word' id='word_1_34' title='bbox 1075 719 1448 793; x_wconf 77' lang='grc' dir='ltr'>ἀριθμητικὴν</span> <span class='ocrx_word' id='word_1_35' title='bbox 1509 718 1673 786; x_wconf 82' lang='grc' dir='ltr'>σώζει</span> <span class='ocrx_word' id='word_1_36' title='bbox 1728 716 1888 789; x_wconf 82' lang='grc' dir='ltr'>μεσό-</span> 
     </span>
    </p>
   </div>
   <div class='ocr_carea' id='block_1_8' title="bbox 229 803 1886 884">
    <p class='ocr_par' dir='ltr' id='par_1_8' title="bbox 229 803 1886 884">
     <span class='ocr_line' id='line_1_8' title="bbox 229 803 1886 884; baseline 0 -24"><span class='ocrx_word' id='word_1_37' title='bbox 229 827 392 876; x_wconf 86' lang='grc' dir='ltr'>τητα,</span> <span class='ocrx_word' id='word_1_38' title='bbox 451 807 780 882; x_wconf 69' lang='grc' dir='ltr'><strong>τεταγμένος</strong></span> <span class='ocrx_word' id='word_1_39' title='bbox 855 808 1050 880; x_wconf 80' lang='grc' dir='ltr'>μεταξὺ</span> <span class='ocrx_word' id='word_1_40' title='bbox 1124 813 1221 864; x_wconf 90' lang='lat'><strong>106</strong></span> <span class='ocrx_word' id='word_1_41' title='bbox 1276 809 1392 884; x_wconf 79' lang='grc' dir='ltr'>ρςβ⁹</span> <span class='ocrx_word' id='word_1_42' title='bbox 1445 808 1536 862; x_wconf 87' lang='grc' dir='ltr'><strong>καὶ</strong></span> <span class='ocrx_word' id='word_1_43' title='bbox 1593 810 1689 860; x_wconf 84' lang='lat'><strong>106</strong></span> <span class='ocrx_word' id='word_1_44' title='bbox 1747 803 1886 874; x_wconf 85' lang='grc' dir='ltr'>τπδ’,</span> 
     </span>
    </p>
   </div>
   <div class='ocr_carea' id='block_1_9' title="bbox 233 893 1889 971">
    <p class='ocr_par' dir='ltr' id='par_1_9' title="bbox 233 893 1889 971">
     <span class='ocr_line' id='line_1_9' title="bbox 233 893 1889 971; baseline -0.001 -21"><span class='ocrx_word' id='word_1_45' title='bbox 233 897 375 970; x_wconf 81' lang='grc' dir='ltr'>πρὸς</span> <span class='ocrx_word' id='word_1_46' title='bbox 425 895 518 967; x_wconf 75' lang='grc' dir='ltr'>μὶν</span> <span class='ocrx_word' id='word_1_47' title='bbox 570 896 661 949; x_wconf 89' lang='grc' dir='ltr'>τὸν</span> <span class='ocrx_word' id='word_1_48' title='bbox 714 896 832 970; x_wconf 84' lang='grc' dir='ltr'>ρςβ¹</span> <span class='ocrx_word' id='word_1_49' title='bbox 871 897 963 950; x_wconf 87' lang='grc' dir='ltr'><strong>τὸν</strong></span> <span class='ocrx_word' id='word_1_50' title='bbox 1021 893 1307 952; x_wconf 84' lang='grc' dir='ltr'>διπλάσιον</span> <span class='ocrx_word' id='word_1_51' title='bbox 1363 895 1529 971; x_wconf 82' lang='grc' dir='ltr'><strong>Λόγον</strong></span> <span class='ocrx_word' id='word_1_52' title='bbox 1580 894 1889 961; x_wconf 78' lang='grc' dir='ltr'>ποιοῦντος,</span> 
     </span>
    </p>
   </div>
   <div class='ocr_carea' id='block_1_10' title="bbox 234 982 1890 1060">
    <p class='ocr_par' dir='ltr' id='par_1_10' title="bbox 234 982 1890 1060">
     <span class='ocr_line' id='line_1_10' title="bbox 234 982 1890 1060; baseline -0.001 -22"><span class='ocrx_word' id='word_1_53' title='bbox 234 985 376 1059; x_wconf 85' lang='grc' dir='ltr'>πρὸς</span> <span class='ocrx_word' id='word_1_54' title='bbox 409 982 466 1037; x_wconf 65' lang='grc' dir='ltr'>δὲ</span> <span class='ocrx_word' id='word_1_55' title='bbox 495 984 586 1038; x_wconf 89' lang='grc' dir='ltr'>τὸν</span> <span class='ocrx_word' id='word_1_56' title='bbox 638 985 764 1054; x_wconf 88' lang='grc' dir='ltr'>σπη’</span> <span class='ocrx_word' id='word_1_57' title='bbox 793 983 1090 1060; x_wconf 82' lang='grc' dir='ltr'>ἐπίτριτον.</span> <span class='ocrx_word' id='word_1_58' title='bbox 1126 985 1188 1042; x_wconf 84' lang='lat' dir='ltr'><strong>El</strong></span> <span class='ocrx_word' id='word_1_59' title='bbox 1234 985 1326 1058; x_wconf 77' lang='grc' dir='ltr'>μὲν</span> <span class='ocrx_word' id='word_1_60' title='bbox 1361 984 1452 1040; x_wconf 83' lang='lat' dir='ltr'>06v</span> <span class='ocrx_word' id='word_1_61' title='bbox 1487 982 1708 1039; x_wconf 85' lang='grc' dir='ltr'>δυνατὸν</span> <span class='ocrx_word' id='word_1_62' title='bbox 1751 984 1890 1038; x_wconf 84' lang='grc' dir='ltr'>ἀπο-</span> 
     </span>
    </p>
   </div>
   <div class='ocr_carea' id='block_1_11' title="bbox 237 1069 1888 1147">
    <p class='ocr_par' dir='ltr' id='par_1_11' title="bbox 237 1069 1888 1147">
     <span class='ocr_line' id='line_1_11' title="bbox 237 1069 1888 1147; baseline -0.001 -19"><span class='ocrx_word' id='word_1_63' title='bbox 237 1080 434 1142; x_wconf 79' lang='grc' dir='ltr'><strong>στῆσαι</strong></span> <span class='ocrx_word' id='word_1_64' title='bbox 486 1069 582 1126; x_wconf 72' lang='grc' dir='ltr'>δύο</span> <span class='ocrx_word' id='word_1_65' title='bbox 629 1070 926 1147; x_wconf 76' lang='grc' dir='ltr'>ἐπογδόους</span> <span class='ocrx_word' id='word_1_66' title='bbox 976 1075 1080 1128; x_wconf 83' lang='grc' dir='ltr'><strong>ἀπὸ</strong></span> <span class='ocrx_word' id='word_1_67' title='bbox 1124 1079 1219 1128; x_wconf 91' lang='lat'><strong>106</strong></span> <span class='ocrx_word' id='word_1_68' title='bbox 1277 1075 1424 1144; x_wconf 87' lang='grc' dir='ltr'>σπη’,</span> <span class='ocrx_word' id='word_1_69' title='bbox 1473 1072 1888 1128; x_wconf 80' lang='grc' dir='ltr'>κατεπυκνώσα·</span> 
     </span>
    </p>
   </div>
   <div class='ocr_carea' id='block_1_12' title="bbox 238 1159 1893 1238">
    <p class='ocr_par' dir='ltr' id='par_1_12' title="bbox 238 1159 1893 1238">
     <span class='ocr_line' id='line_1_12' title="bbox 238 1159 1893 1238; baseline -0.001 -23"><span class='ocrx_word' id='word_1_70' title='bbox 238 1182 338 1234; x_wconf 87' lang='grc' dir='ltr'><strong>μεν</strong></span> <span class='ocrx_word' id='word_1_71' title='bbox 373 1160 434 1215; x_wconf 80' lang='grc' dir='ltr'><strong>ἃν</strong></span> <span class='ocrx_word' id='word_1_72' title='bbox 467 1161 558 1214; x_wconf 83' lang='grc' dir='ltr'>καὶ</span> <span class='ocrx_word' id='word_1_73' title='bbox 605 1165 768 1216; x_wconf 76' lang='grc' dir='ltr'>τοῦτο</span> <span class='ocrx_word' id='word_1_74' title='bbox 822 1162 885 1216; x_wconf 88' lang='grc' dir='ltr'><strong>τὸ</strong></span> <span class='ocrx_word' id='word_1_75' title='bbox 936 1161 1206 1237; x_wconf 68' lang='grc' dir='ltr'>ἐπίτριτον</span> <span class='ocrx_word' id='word_1_76' title='bbox 1237 1167 1353 1224; x_wconf 89' lang='grc' dir='ltr'>τοῖς</span> <span class='ocrx_word' id='word_1_77' title='bbox 1400 1183 1459 1217; x_wconf 88' lang='grc' dir='ltr'><strong>τε</strong></span> <span class='ocrx_word' id='word_1_78' title='bbox 1488 1159 1772 1238; x_wconf 69' lang='grc' dir='ltr'>ἐπογδόοις</span> <span class='ocrx_word' id='word_1_79' title='bbox 1803 1160 1893 1215; x_wconf 86' lang='grc' dir='ltr'><strong>καὶ</strong></span> 
     </span>
    </p>
   </div>
   <div class='ocr_carea' id='block_1_13' title="bbox 228 1247 1892 1326">
    <p class='ocr_par' dir='ltr' id='par_1_13' title="bbox 228 1247 1892 1326">
     <span class='ocr_line' id='line_1_13' title="bbox 228 1247 1892 1326; baseline -0.001 -21"><span class='ocrx_word' id='word_1_80' title='bbox 228 1255 316 1322; x_wconf 82' lang='grc' dir='ltr'>τῷ</span> <span class='ocrx_word' id='word_1_81' title='bbox 359 1248 642 1322; x_wconf 77' lang='grc' dir='ltr'>λείμματι.</span> <span class='ocrx_word' id='word_1_82' title='bbox 701 1254 806 1304; x_wconf 77' lang='grc' dir='ltr'><strong>Νῦν</strong></span> <span class='ocrx_word' id='word_1_83' title='bbox 863 1247 921 1305; x_wconf 73' lang='grc' dir='ltr'>δὶ</span> <span class='ocrx_word' id='word_1_84' title='bbox 979 1252 1090 1326; x_wconf 82' lang='grc' dir='ltr'><strong>οὐχ</strong></span> <span class='ocrx_word' id='word_1_85' title='bbox 1145 1251 1345 1323; x_wconf 81' lang='grc' dir='ltr'>οἷόντε,</span> <span class='ocrx_word' id='word_1_86' title='bbox 1396 1251 1424 1306; x_wconf 86' lang='grc' dir='ltr'>ὀ</span> <span class='ocrx_word' id='word_1_87' title='bbox 1475 1251 1578 1326; x_wconf 75' lang='grc' dir='ltr'>γὰρ</span> <span class='ocrx_word' id='word_1_88' title='bbox 1629 1247 1892 1324; x_wconf 83' lang='grc' dir='ltr'>ἐπόγδοος</span> 
     </span>
    </p>
   </div>
   <div class='ocr_carea' id='block_1_14' title="bbox 232 1335 1894 1414">
    <p class='ocr_par' dir='ltr' id='par_1_14' title="bbox 232 1335 1894 1414">
     <span class='ocr_line' id='line_1_14' title="bbox 232 1335 1894 1414; baseline -0.002 -20"><span class='ocrx_word' id='word_1_89' title='bbox 232 1339 404 1394; x_wconf 77' lang='grc' dir='ltr'>αὐτοῦ</span> <span class='ocrx_word' id='word_1_90' title='bbox 430 1339 458 1393; x_wconf 80' lang='lat'><strong>6</strong></span> <span class='ocrx_word' id='word_1_91' title='bbox 488 1335 602 1392; x_wconf 73' lang='grc' dir='ltr'>ταδ’</span> <span class='ocrx_word' id='word_1_92' title='bbox 653 1335 850 1414; x_wconf 80' lang='grc' dir='ltr'>ὄγδοον</span> <span class='ocrx_word' id='word_1_93' title='bbox 901 1339 1003 1394; x_wconf 79' lang='grc' dir='ltr'>οὐκ</span> <span class='ocrx_word' id='word_1_94' title='bbox 1044 1337 1183 1414; x_wconf 83' lang='grc' dir='ltr'>ἔχει·</span> <span class='ocrx_word' id='word_1_95' title='bbox 1235 1336 1320 1395; x_wconf 88' lang='grc' dir='ltr'><strong>διὸ</strong></span> <span class='ocrx_word' id='word_1_96' title='bbox 1350 1341 1488 1412; x_wconf 86' lang='grc' dir='ltr'>πρὸς</span> <span class='ocrx_word' id='word_1_97' title='bbox 1536 1338 1694 1394; x_wconf 79' lang='grc' dir='ltr'>αὐτόν</span> <span class='ocrx_word' id='word_1_98' title='bbox 1730 1337 1894 1412; x_wconf 66' lang='grc' dir='ltr'>ἆπόγτ</span> 
     </span>
    </p>
   </div>
   <div class='ocr_carea' id='block_1_15' title="bbox 1999 627 3655 703">
    <p class='ocr_par' dir='ltr' id='par_1_15' title="bbox 1999 627 3655 703">
     <span class='ocr_line' id='line_1_15' title="bbox 1999 627 3655 703; baseline 0.003 -20"><span class='ocrx_word' id='word_1_99' title='bbox 1999 627 2155 683; x_wconf 91' lang='lat' dir='ltr'><strong>enim</strong></span> <span class='ocrx_word' id='word_1_100' title='bbox 2181 629 2558 700; x_wconf 85' lang='lat' dir='ltr'><strong>sesquitertia</strong></span> <span class='ocrx_word' id='word_1_101' title='bbox 2574 631 2816 696; x_wconf 76' lang='lat' dir='ltr'><strong>ratione,</strong></span> <span class='ocrx_word' id='word_1_102' title='bbox 2833 631 3064 686; x_wconf 87' lang='lat' dir='ltr'><strong>duabus</strong></span> <span class='ocrx_word' id='word_1_103' title='bbox 3082 631 3210 686; x_wconf 90' lang='lat' dir='ltr'><strong>dem</strong></span> <span class='ocrx_word' id='word_1_104' title='bbox 3221 633 3336 702; x_wconf 89' lang='lat' dir='ltr'><strong>ptis</strong></span> <span class='ocrx_word' id='word_1_105' title='bbox 3355 633 3655 703; x_wconf 86' lang='lat' dir='ltr'><strong>sesquioc-</strong></span> 
     </span>
    </p>
   </div>
   <div class='ocr_carea' id='block_1_16' title="bbox 1999 715 3656 790">
    <p class='ocr_par' dir='ltr' id='par_1_16' title="bbox 1999 715 3656 790">
     <span class='ocr_line' id='line_1_16' title="bbox 1999 715 3656 790; baseline 0.004 -20"><span class='ocrx_word' id='word_1_106' title='bbox 1999 715 2172 782; x_wconf 81' lang='lat' dir='ltr'><strong>tavis,</strong></span> <span class='ocrx_word' id='word_1_107' title='bbox 2203 716 2490 772; x_wconf 89' lang='lat' dir='ltr'><strong>limmatis</strong></span> <span class='ocrx_word' id='word_1_108' title='bbox 2512 717 2660 773; x_wconf 81' lang='lat' dir='ltr'><strong>ratio</strong></span> <span class='ocrx_word' id='word_1_109' title='bbox 2693 717 3067 790; x_wconf 83' lang='lat' dir='ltr'><strong>relinquitur.</strong></span> <span class='ocrx_word' id='word_1_110' title='bbox 3089 720 3265 790; x_wconf 81' lang='lat' dir='ltr'><strong>Atqui</strong></span> <span class='ocrx_word' id='word_1_111' title='bbox 3297 721 3527 776; x_wconf 90' lang='lat' dir='ltr'><strong>numeri</strong></span> <span class='ocrx_word' id='word_1_112' title='bbox 3548 723 3656 778; x_wconf 88' lang='lat'><strong>256</strong></span> 
     </span>
    </p>
   </div>
   <div class='ocr_carea' id='block_1_17' title="bbox 2000 804 3660 880">
    <p class='ocr_par' dir='ltr' id='par_1_17' title="bbox 2000 804 3660 880">
     <span class='ocr_line' id='line_1_17' title="bbox 2000 804 3660 880; baseline 0.003 -19"><span class='ocrx_word' id='word_1_113' title='bbox 2000 804 2444 875; x_wconf 88' lang='lat' dir='ltr'><strong>sesquiootavus</strong></span> <span class='ocrx_word' id='word_1_114' title='bbox 2483 813 2574 862; x_wconf 90' lang='lat' dir='ltr'><strong>est</strong></span> <span class='ocrx_word' id='word_1_115' title='bbox 2611 807 2738 873; x_wconf 79' lang='lat'>288,</span> <span class='ocrx_word' id='word_1_116' title='bbox 2770 807 2938 880; x_wconf 83' lang='lat' dir='ltr'><strong>isque</strong></span> <span class='ocrx_word' id='word_1_117' title='bbox 2970 808 3397 865; x_wconf 81' lang='lat' dir='ltr'><strong>arithmeticam</strong></span> <span class='ocrx_word' id='word_1_118' title='bbox 3433 811 3660 866; x_wconf 89' lang='lat' dir='ltr'><strong>medie-</strong></span> 
     </span>
    </p>
   </div>
   <div class='ocr_carea' id='block_1_18' title="bbox 2000 896 3658 969">
    <p class='ocr_par' dir='ltr' id='par_1_18' title="bbox 2000 896 3658 969">
     <span class='ocr_line' id='line_1_18' title="bbox 2000 896 3658 969; baseline 0.004 -21"><span class='ocrx_word' id='word_1_119' title='bbox 2000 897 2178 949; x_wconf 85' lang='lat' dir='ltr'><strong>tatem</strong></span> <span class='ocrx_word' id='word_1_120' title='bbox 2212 901 2407 951; x_wconf 82' lang='lat' dir='ltr'><strong>servat</strong></span> <span class='ocrx_word' id='word_1_121' title='bbox 2437 896 2590 952; x_wconf 86' lang='lat' dir='ltr'><strong>inter</strong></span> <span class='ocrx_word' id='word_1_122' title='bbox 2631 896 2728 950; x_wconf 82' lang='lat'><strong>492</strong></span> <span class='ocrx_word' id='word_1_123' title='bbox 2757 896 3080 953; x_wconf 87' lang='lat' dir='ltr'><strong>collocatus</strong></span> <span class='ocrx_word' id='word_1_124' title='bbox 3108 903 3166 953; x_wconf 91' lang='lat' dir='ltr'><strong>et</strong></span> <span class='ocrx_word' id='word_1_125' title='bbox 3193 899 3318 968; x_wconf 89' lang='lat'>384,</span> <span class='ocrx_word' id='word_1_126' title='bbox 3352 900 3454 969; x_wconf 85' lang='lat' dir='ltr'><strong>qui</strong></span> <span class='ocrx_word' id='word_1_127' title='bbox 3487 900 3658 955; x_wconf 89' lang='lat' dir='ltr'><strong>ratio-</strong></span> 
     </span>
    </p>
   </div>
   <div class='ocr_carea' id='block_1_19' title="bbox 2001 984 3657 1059">
    <p class='ocr_par' dir='ltr' id='par_1_19' title="bbox 2001 984 3657 1059">
     <span class='ocr_line' id='line_1_19' title="bbox 2001 984 3657 1059; baseline 0.004 -22"><span class='ocrx_word' id='word_1_128' title='bbox 2001 999 2136 1038; x_wconf 89' lang='lat' dir='ltr'><strong>nem</strong></span> <span class='ocrx_word' id='word_1_129' title='bbox 2169 984 2411 1055; x_wconf 87' lang='lat' dir='ltr'><strong>duplam</strong></span> <span class='ocrx_word' id='word_1_130' title='bbox 2441 985 2512 1040; x_wconf 91' lang='lat' dir='ltr'><strong>ad</strong></span> <span class='ocrx_word' id='word_1_131' title='bbox 2544 985 2650 1040; x_wconf 88' lang='lat'><strong>492</strong></span> <span class='ocrx_word' id='word_1_132' title='bbox 2683 985 2834 1051; x_wconf 84' lang='lat' dir='ltr'><strong>facit,</strong></span> <span class='ocrx_word' id='word_1_133' title='bbox 2872 987 2943 1041; x_wconf 91' lang='lat' dir='ltr'><strong>ad</strong></span> <span class='ocrx_word' id='word_1_134' title='bbox 2972 988 3078 1040; x_wconf 90' lang='lat'><strong>288</strong></span> <span class='ocrx_word' id='word_1_135' title='bbox 3113 988 3571 1059; x_wconf 88' lang='lat' dir='ltr'><strong>sesquitertiam.</strong></span> <span class='ocrx_word' id='word_1_136' title='bbox 3598 990 3657 1044; x_wconf 90' lang='lat' dir='ltr'><strong>Si</strong></span> 
     </span>
    </p>
   </div>
   <div class='ocr_carea' id='block_1_20' title="bbox 2001 1073 3658 1150">
    <p class='ocr_par' dir='ltr' id='par_1_20' title="bbox 2001 1073 3658 1150">
     <span class='ocr_line' id='line_1_20' title="bbox 2001 1073 3658 1150; baseline 0.005 -24"><span class='ocrx_word' id='word_1_137' title='bbox 2001 1088 2133 1129; x_wconf 88' lang='lat' dir='ltr'><strong>vero</strong></span> <span class='ocrx_word' id='word_1_138' title='bbox 2159 1074 2275 1128; x_wconf 91' lang='lat' dir='ltr'><strong>duo</strong></span> <span class='ocrx_word' id='word_1_139' title='bbox 2307 1073 2750 1146; x_wconf 87' lang='lat' dir='ltr'><strong>sesquioctavos</strong></span> <span class='ocrx_word' id='word_1_140' title='bbox 2773 1091 3015 1130; x_wconf 89' lang='lat' dir='ltr'><strong>numero</strong></span> <span class='ocrx_word' id='word_1_141' title='bbox 3036 1077 3142 1130; x_wconf 87' lang='lat'><strong>288</strong></span> <span class='ocrx_word' id='word_1_142' title='bbox 3175 1078 3425 1146; x_wconf 82' lang='lat' dir='ltr'><strong>adjicere</strong></span> <span class='ocrx_word' id='word_1_143' title='bbox 3457 1095 3658 1150; x_wconf 82' lang='lat' dir='ltr'><strong>posse-</strong></span> 
     </span>
    </p>
   </div>
   <div class='ocr_carea' id='block_1_21' title="bbox 2005 1165 3656 1236">
    <p class='ocr_par' dir='ltr' id='par_1_21' title="bbox 2005 1165 3656 1236">
     <span class='ocr_line' id='line_1_21' title="bbox 2005 1165 3656 1236; baseline 0.001 -15"><span class='ocrx_word' id='word_1_144' title='bbox 2005 1182 2160 1230; x_wconf 86' lang='lat' dir='ltr'><strong>mus,</strong></span> <span class='ocrx_word' id='word_1_145' title='bbox 2187 1165 2292 1219; x_wconf 91' lang='lat' dir='ltr'><strong>boc</strong></span> <span class='ocrx_word' id='word_1_146' title='bbox 2331 1180 2567 1235; x_wconf 89' lang='lat' dir='ltr'><strong>quoque</strong></span> <span class='ocrx_word' id='word_1_147' title='bbox 2605 1165 3050 1235; x_wconf 88' lang='lat' dir='ltr'><strong>sesquitertium</strong></span> <span class='ocrx_word' id='word_1_148' title='bbox 3078 1165 3501 1236; x_wconf 82' lang='lat' dir='ltr'><strong>(intervallum)</strong></span> <span class='ocrx_word' id='word_1_149' title='bbox 3532 1183 3656 1222; x_wconf 88' lang='lat' dir='ltr'><strong>ses-</strong></span> 
     </span>
    </p>
   </div>
   <div class='ocr_carea' id='block_1_22' title="bbox 2004 1250 3652 1326">
    <p class='ocr_par' dir='ltr' id='par_1_22' title="bbox 2004 1250 3652 1326">
     <span class='ocr_line' id='line_1_22' title="bbox 2004 1250 3652 1326; baseline 0.002 -19"><span class='ocrx_word' id='word_1_150' title='bbox 2004 1252 2328 1325; x_wconf 87' lang='lat' dir='ltr'><strong>quiootavis</strong></span> <span class='ocrx_word' id='word_1_151' title='bbox 2383 1250 2766 1324; x_wconf 81' lang='lat' dir='ltr'><strong>(intervallis)</strong></span> <span class='ocrx_word' id='word_1_152' title='bbox 2823 1257 2882 1307; x_wconf 90' lang='lat' dir='ltr'><strong>et</strong></span> <span class='ocrx_word' id='word_1_153' title='bbox 2934 1251 3200 1309; x_wconf 88' lang='lat' dir='ltr'><strong>limmate</strong></span> <span class='ocrx_word' id='word_1_154' title='bbox 3263 1253 3652 1326; x_wconf 82' lang='lat' dir='ltr'><strong>expleremus.</strong></span> 
     </span>
    </p>
   </div>
   <div class='ocr_carea' id='block_1_23' title="bbox 2001 1339 3657 1414">
    <p class='ocr_par' dir='ltr' id='par_1_23' title="bbox 2001 1339 3657 1414">
     <span class='ocr_line' id='line_1_23' title="bbox 2001 1339 3657 1414; baseline 0.002 -18"><span class='ocrx_word' id='word_1_155' title='bbox 2001 1342 2221 1398; x_wconf 86' lang='lat' dir='ltr'><strong>Verum</strong></span> <span class='ocrx_word' id='word_1_156' title='bbox 2261 1339 2369 1396; x_wconf 86' lang='lat' dir='ltr'><strong>huc</strong></span> <span class='ocrx_word' id='word_1_157' title='bbox 2417 1341 2542 1396; x_wconf 84' lang='lat' dir='ltr'><strong>ﬁeri</strong></span> <span class='ocrx_word' id='word_1_158' title='bbox 2597 1357 2712 1396; x_wconf 89' lang='lat' dir='ltr'><strong>non</strong></span> <span class='ocrx_word' id='word_1_159' title='bbox 2763 1345 2974 1412; x_wconf 90' lang='lat' dir='ltr'><strong>potest,</strong></span> <span class='ocrx_word' id='word_1_160' title='bbox 3026 1357 3161 1397; x_wconf 88' lang='lat' dir='ltr'><strong>nam</strong></span> <span class='ocrx_word' id='word_1_161' title='bbox 3212 1344 3657 1414; x_wconf 88' lang='lat' dir='ltr'><strong>sesquioctavus</strong></span> 
     </span>
    </p>
   </div>
   <div class='ocr_carea' id='block_1_24' title="bbox 233 1425 1903 1503">
    <p class='ocr_par' dir='ltr' id='par_1_24' title="bbox 233 1425 1892 1503">
     <span class='ocr_line' id='line_1_24' title="bbox 233 1425 1892 1503; baseline -0.002 -20"><span class='ocrx_word' id='word_1_162' title='bbox 233 1425 365 1483; x_wconf 86' lang='grc' dir='ltr'>δοον</span> <span class='ocrx_word' id='word_1_163' title='bbox 416 1427 652 1501; x_wconf 80' lang='grc' dir='ltr'>γίνεσθαι</span> <span class='ocrx_word' id='word_1_164' title='bbox 715 1426 877 1503; x_wconf 90' lang='grc' dir='ltr'>λόγον</span> <span class='ocrx_word' id='word_1_165' title='bbox 939 1426 1002 1482; x_wconf 79' lang='lat'><strong>06</strong></span> <span class='ocrx_word' id='word_1_166' title='bbox 1060 1425 1278 1484; x_wconf 87' lang='grc' dir='ltr'>δυνατὸν</span> <span class='ocrx_word' id='word_1_167' title='bbox 1332 1435 1448 1490; x_wconf 84' lang='grc' dir='ltr'>τοῖς</span> <span class='ocrx_word' id='word_1_168' title='bbox 1497 1426 1744 1502; x_wconf 73' lang='grc' dir='ltr'>ἄτμητον</span> <span class='ocrx_word' id='word_1_169' title='bbox 1792 1428 1892 1495; x_wconf 79' lang='grc' dir='ltr'><strong>τὴν</strong></span> 
     </span>
    </p>
   </div>
   <div class='ocr_carea' id='block_1_25' title="bbox 2015 1425 3661 1503">
    <p class='ocr_par' dir='ltr' id='par_1_25' title="bbox 2015 1430 3661 1503">
     <span class='ocr_line' id='line_1_25' title="bbox 2015 1430 3661 1503; baseline 0.001 -16"><span class='ocrx_word' id='word_1_170' title='bbox 2015 1432 2133 1502; x_wconf 74' lang='lat' dir='ltr'><strong>ejus</strong></span> <span class='ocrx_word' id='word_1_171' title='bbox 2162 1430 2270 1486; x_wconf 81' lang='lat'><strong>324</strong></span> <span class='ocrx_word' id='word_1_172' title='bbox 2295 1433 2561 1486; x_wconf 79' lang='lat' dir='ltr'><strong>octavam</strong></span> <span class='ocrx_word' id='word_1_173' title='bbox 2610 1433 2836 1502; x_wconf 88' lang='lat' dir='ltr'><strong>partem</strong></span> <span class='ocrx_word' id='word_1_174' title='bbox 2882 1447 2994 1485; x_wconf 92' lang='lat' dir='ltr'><strong>non</strong></span> <span class='ocrx_word' id='word_1_175' title='bbox 3044 1430 3251 1499; x_wconf 84' lang='lat' dir='ltr'><strong>habet;</strong></span> <span class='ocrx_word' id='word_1_176' title='bbox 3285 1433 3562 1503; x_wconf 85' lang='lat' dir='ltr'><strong>quocirca</strong></span> <span class='ocrx_word' id='word_1_177' title='bbox 3607 1433 3661 1489; x_wconf 97' lang='lat' dir='ltr'><strong>si</strong></span> 
     </span>
    </p>
   </div>
   <div class='ocr_carea' id='block_1_26' title="bbox 236 1512 1903 1594">
    <p class='ocr_par' dir='ltr' id='par_1_26' title="bbox 236 1512 1896 1594">
     <span class='ocr_line' id='line_1_26' title="bbox 236 1512 1896 1594; baseline -0.001 -22"><span class='ocrx_word' id='word_1_178' title='bbox 236 1515 449 1591; x_wconf 83' lang='grc' dir='ltr'>μονάδα</span> <span class='ocrx_word' id='word_1_179' title='bbox 505 1517 793 1594; x_wconf 76' lang='grc' dir='ltr'><strong>φυλάττειν</strong></span> <span class='ocrx_word' id='word_1_180' title='bbox 872 1519 934 1572; x_wconf 73' lang='grc' dir='ltr'>ἂν</span> <span class='ocrx_word' id='word_1_181' title='bbox 999 1515 1363 1593; x_wconf 71' lang='grc' dir='ltr'>βουλομὲνοις</span> <span class='ocrx_word' id='word_1_182' title='bbox 1429 1517 1490 1572; x_wconf 85' lang='grc' dir='ltr'>τὸ</span> <span class='ocrx_word' id='word_1_183' title='bbox 1547 1517 1648 1593; x_wconf 79' lang='grc' dir='ltr'><strong>γὰρ</strong></span> <span class='ocrx_word' id='word_1_184' title='bbox 1705 1512 1896 1591; x_wconf 77' lang='grc' dir='ltr'>ὄγδοον</span> 
     </span>
    </p>
   </div>
   <div class='ocr_carea' id='block_1_27' title="bbox 2015 1512 3660 1594">
    <p class='ocr_par' dir='ltr' id='par_1_27' title="bbox 2015 1519 3660 1593">
     <span class='ocr_line' id='line_1_27' title="bbox 2015 1519 3660 1593; baseline 0.001 -17"><span class='ocrx_word' id='word_1_185' title='bbox 2015 1519 2144 1593; x_wconf 82' lang='lat' dir='ltr'><strong>quis</strong></span> <span class='ocrx_word' id='word_1_186' title='bbox 2173 1519 2462 1591; x_wconf 80' lang='lat' dir='ltr'><strong>integram</strong></span> <span class='ocrx_word' id='word_1_187' title='bbox 2517 1534 2748 1574; x_wconf 87' lang='lat' dir='ltr'><strong>servare</strong></span> <span class='ocrx_word' id='word_1_188' title='bbox 2779 1519 2981 1590; x_wconf 88' lang='lat' dir='ltr'><strong>cupiat</strong></span> <span class='ocrx_word' id='word_1_189' title='bbox 3029 1521 3336 1586; x_wconf 88' lang='lat' dir='ltr'><strong>unitatem,</strong></span> <span class='ocrx_word' id='word_1_190' title='bbox 3365 1522 3434 1576; x_wconf 89' lang='lat' dir='ltr'><strong>ad</strong></span> <span class='ocrx_word' id='word_1_191' title='bbox 3491 1521 3660 1578; x_wconf 90' lang='lat' dir='ltr'><strong>illum</strong></span> 
     </span>
    </p>
   </div>
   <div class='ocr_carea' id='block_1_28' title="bbox 231 1603 1903 1682">
    <p class='ocr_par' dir='ltr' id='par_1_28' title="bbox 231 1603 1896 1680">
     <span class='ocr_line' id='line_1_28' title="bbox 231 1603 1896 1680; baseline -0.001 -20"><span class='ocrx_word' id='word_1_192' title='bbox 231 1607 404 1660; x_wconf 74' lang='grc' dir='ltr'>αὐτοῦ</span> <span class='ocrx_word' id='word_1_193' title='bbox 451 1605 613 1680; x_wconf 67' lang='grc' dir='ltr'>μᾶρος</span> <span class='ocrx_word' id='word_1_194' title='bbox 661 1605 796 1662; x_wconf 70' lang='grc' dir='ltr'>ἐστί.</span> <span class='ocrx_word' id='word_1_195' title='bbox 849 1605 1308 1669; x_wconf 85' lang='grc' dir='ltr'>Διπλασιάσαντες</span> <span class='ocrx_word' id='word_1_196' title='bbox 1359 1605 1448 1660; x_wconf 84' lang='grc' dir='ltr'>οὖν</span> <span class='ocrx_word' id='word_1_197' title='bbox 1495 1606 1652 1673; x_wconf 75' lang='grc' dir='ltr'>αὐτὰ,</span> <span class='ocrx_word' id='word_1_198' title='bbox 1698 1603 1790 1659; x_wconf 80' lang='grc' dir='ltr'>’ίνα</span> <span class='ocrx_word' id='word_1_199' title='bbox 1834 1604 1896 1659; x_wconf 86' lang='grc' dir='ltr'><strong>τὸ</strong></span> 
     </span>
    </p>
   </div>
   <div class='ocr_carea' id='block_1_29' title="bbox 2015 1603 3662 1682">
    <p class='ocr_par' dir='ltr' id='par_1_29' title="bbox 2015 1608 3662 1682">
     <span class='ocr_line' id='line_1_29' title="bbox 2015 1608 3662 1682; baseline 0.001 -18"><span class='ocrx_word' id='word_1_200' title='bbox 2015 1623 2322 1666; x_wconf 88' lang='lat' dir='ltr'><strong>numerum</strong></span> <span class='ocrx_word' id='word_1_201' title='bbox 2356 1608 2818 1679; x_wconf 82' lang='lat' dir='ltr'><strong>sesquioctavam</strong></span> <span class='ocrx_word' id='word_1_202' title='bbox 2855 1608 3139 1663; x_wconf 84' lang='lat' dir='ltr'><strong>rationem</strong></span> <span class='ocrx_word' id='word_1_203' title='bbox 3175 1610 3404 1666; x_wconf 74' lang='lat' dir='ltr'><strong>efficere</strong></span> <span class='ocrx_word' id='word_1_204' title='bbox 3433 1612 3662 1682; x_wconf 88' lang='lat' dir='ltr'><strong>nequit,</strong></span> 
     </span>
    </p>
   </div>
   <div class='ocr_carea' id='block_1_30' title="bbox 232 1688 1903 1772">
    <p class='ocr_par' dir='ltr' id='par_1_30' title="bbox 232 1688 1894 1772">
     <span class='ocr_line' id='line_1_30' title="bbox 232 1688 1894 1772; baseline -0.001 -23"><span class='ocrx_word' id='word_1_205' title='bbox 232 1695 415 1767; x_wconf 76' lang='grc' dir='ltr'>ἥμισυ</span> <span class='ocrx_word' id='word_1_206' title='bbox 447 1693 576 1750; x_wconf 78' lang='grc' dir='ltr'>ὅλον</span> <span class='ocrx_word' id='word_1_207' title='bbox 628 1697 952 1768; x_wconf 73' lang='grc' dir='ltr'>ποιήσωμεν</span> <span class='ocrx_word' id='word_1_208' title='bbox 997 1696 1085 1750; x_wconf 86' lang='grc' dir='ltr'><strong>καὶ</strong></span> <span class='ocrx_word' id='word_1_209' title='bbox 1129 1702 1351 1772; x_wconf 80' lang='grc' dir='ltr'>σχῶμεν</span> <span class='ocrx_word' id='word_1_210' title='bbox 1385 1695 1476 1750; x_wconf 82' lang='grc' dir='ltr'><strong>καὶ</strong></span> <span class='ocrx_word' id='word_1_211' title='bbox 1509 1695 1674 1749; x_wconf 77' lang='grc' dir='ltr'>αὐτοῦ</span> <span class='ocrx_word' id='word_1_212' title='bbox 1707 1688 1894 1749; x_wconf 75' lang='grc' dir='ltr'>λαϐεῖν</span> 
     </span>
    </p>
   </div>
   <div class='ocr_carea' id='block_1_31' title="bbox 2015 1688 3662 1772">
    <p class='ocr_par' dir='ltr' id='par_1_31' title="bbox 2015 1696 3662 1770">
     <span class='ocr_line' id='line_1_31' title="bbox 2015 1696 3662 1770; baseline 0.001 -16"><span class='ocrx_word' id='word_1_213' title='bbox 2015 1714 2146 1754; x_wconf 88' lang='lat' dir='ltr'><strong>nam</strong></span> <span class='ocrx_word' id='word_1_214' title='bbox 2175 1697 2432 1752; x_wconf 84' lang='lat' dir='ltr'><strong>fractura</strong></span> <span class='ocrx_word' id='word_1_215' title='bbox 2461 1697 2548 1766; x_wconf 91' lang='lat' dir='ltr'><strong>(ut</strong></span> <span class='ocrx_word' id='word_1_216' title='bbox 2578 1696 2767 1767; x_wconf 88' lang='lat' dir='ltr'><strong>aiunt)</strong></span> <span class='ocrx_word' id='word_1_217' title='bbox 2791 1702 2990 1752; x_wconf 88' lang='lat' dir='ltr'><strong>octava</strong></span> <span class='ocrx_word' id='word_1_218' title='bbox 3022 1699 3151 1767; x_wconf 83' lang='lat' dir='ltr'><strong>ejus</strong></span> <span class='ocrx_word' id='word_1_219' title='bbox 3179 1714 3316 1770; x_wconf 86' lang='lat' dir='ltr'><strong>pars</strong></span> <span class='ocrx_word' id='word_1_220' title='bbox 3340 1706 3450 1754; x_wconf 87' lang='lat' dir='ltr'><strong>est.</strong></span> <span class='ocrx_word' id='word_1_221' title='bbox 3474 1700 3662 1764; x_wconf 87' lang='lat' dir='ltr'><strong>Quare</strong></span> 
     </span>
    </p>
   </div>
   <div class='ocr_carea' id='block_1_32' title="bbox 235 1782 1903 1860">
    <p class='ocr_par' dir='ltr' id='par_1_32' title="bbox 235 1782 1898 1860">
     <span class='ocr_line' id='line_1_32' title="bbox 235 1782 1898 1860; baseline -0.002 -20"><span class='ocrx_word' id='word_1_222' title='bbox 235 1782 530 1860; x_wconf 68' lang='grc' dir='ltr'>ἰπόγδοον,</span> <span class='ocrx_word' id='word_1_223' title='bbox 577 1785 1096 1860; x_wconf 65' lang='grc' dir='ltr'><strong>ἀναγκασθησόμεθα</strong></span> <span class='ocrx_word' id='word_1_224' title='bbox 1136 1782 1223 1840; x_wconf 79' lang='grc' dir='ltr'><strong>διὰ</strong></span> <span class='ocrx_word' id='word_1_225' title='bbox 1269 1790 1432 1840; x_wconf 88' lang='lat'>10610</span> <span class='ocrx_word' id='word_1_226' title='bbox 1482 1784 1571 1839; x_wconf 84' lang='grc' dir='ltr'><strong>καὶ</strong></span> <span class='ocrx_word' id='word_1_227' title='bbox 1620 1784 1745 1846; x_wconf 88' lang='grc' dir='ltr'>τοὸς</span> <span class='ocrx_word' id='word_1_228' title='bbox 1793 1783 1898 1856; x_wconf 86' lang='grc' dir='ltr'>πρὸ</span> 
     </span>
    </p>
   </div>
   <div class='ocr_carea' id='block_1_33' title="bbox 2015 1782 3660 1860">
    <p class='ocr_par' dir='ltr' id='par_1_33' title="bbox 2015 1784 3660 1860">
     <span class='ocr_line' id='line_1_33' title="bbox 2015 1784 3660 1860; baseline 0.002 -18"><span class='ocrx_word' id='word_1_229' title='bbox 2015 1793 2074 1843; x_wconf 91' lang='lat' dir='ltr'><strong>ut</strong></span> <span class='ocrx_word' id='word_1_230' title='bbox 2103 1788 2234 1858; x_wconf 84' lang='lat' dir='ltr'><strong>ejus</strong></span> <span class='ocrx_word' id='word_1_231' title='bbox 2263 1790 2323 1840; x_wconf 88' lang='lat' dir='ltr'><strong>et</strong></span> <span class='ocrx_word' id='word_1_232' title='bbox 2343 1784 2590 1860; x_wconf 74' lang='lat' dir='ltr'><strong>dimidia</strong></span> <span class='ocrx_word' id='word_1_233' title='bbox 2620 1802 2756 1857; x_wconf 90' lang='lat' dir='ltr'><strong>pars</strong></span> <span class='ocrx_word' id='word_1_234' title='bbox 2779 1802 3066 1841; x_wconf 86' lang='lat' dir='ltr'><strong>numerus</strong></span> <span class='ocrx_word' id='word_1_235' title='bbox 3087 1786 3166 1842; x_wconf 90' lang='lat' dir='ltr'><strong>sit</strong></span> <span class='ocrx_word' id='word_1_236' title='bbox 3187 1787 3437 1858; x_wconf 82' lang='lat' dir='ltr'><strong>simplex</strong></span> <span class='ocrx_word' id='word_1_237' title='bbox 3459 1793 3516 1844; x_wconf 88' lang='lat' dir='ltr'><strong>et</strong></span> <span class='ocrx_word' id='word_1_238' title='bbox 3537 1804 3660 1845; x_wconf 88' lang='lat' dir='ltr'><strong>ses-</strong></span> 
     </span>
    </p>
   </div>
   <div class='ocr_carea' id='block_1_34' title="bbox 237 1847 1903 1977">
    <p class='ocr_par' dir='ltr' id='par_1_34' title="bbox 237 1871 1897 1977">
     <span class='ocr_line' id='line_1_34' title="bbox 237 1871 1897 1946; baseline -0.002 -18"><span class='ocrx_word' id='word_1_239' title='bbox 237 1873 412 1928; x_wconf 80' lang='grc' dir='ltr'><strong>αὐτοῦ</strong></span> <span class='ocrx_word' id='word_1_240' title='bbox 434 1871 787 1928; x_wconf 76' lang='grc' dir='ltr'><strong>διπλασιάσαι</strong></span> <span class='ocrx_word' id='word_1_241' title='bbox 819 1873 1026 1934; x_wconf 82' lang='grc' dir='ltr'>πάντας</span> <span class='ocrx_word' id='word_1_242' title='bbox 1056 1873 1145 1928; x_wconf 82' lang='grc' dir='ltr'><strong>καὶ</strong></span> <span class='ocrx_word' id='word_1_243' title='bbox 1175 1873 1302 1935; x_wconf 71' lang='grc' dir='ltr'>τοὺς</span> <span class='ocrx_word' id='word_1_244' title='bbox 1337 1875 1452 1946; x_wconf 87' lang='grc' dir='ltr'>μετ’</span> <span class='ocrx_word' id='word_1_245' title='bbox 1482 1872 1665 1930; x_wconf 81' lang='grc' dir='ltr'>αὐτόν.</span> <span class='ocrx_word' id='word_1_246' title='bbox 1711 1875 1897 1928; x_wconf 80' lang='grc' dir='ltr'>Ἔσται</span> 
     </span>
     <span class='ocr_line' id='line_1_35' title="bbox 295 1958 1878 1977; baseline 0 0"><span class='ocrx_word' id='word_1_247' title='bbox 295 1963 321 1977; x_wconf 67' lang='grc' dir='ltr'><em>ν</em></span> <span class='ocrx_word' id='word_1_248' title='bbox 395 1962 408 1977; x_wconf 65' lang='grc' dir='ltr'><strong>ς</strong></span> <span class='ocrx_word' id='word_1_249' title='bbox 483 1962 495 1977; x_wconf 87' lang='lat'><strong><em>\</em></strong></span> <span class='ocrx_word' id='word_1_250' title='bbox 573 1962 589 1977; x_wconf 60' lang='grc' dir='ltr'><strong>ς</strong></span> <span class='ocrx_word' id='word_1_251' title='bbox 723 1967 746 1977; x_wconf 60' lang='grc' dir='ltr'><strong>ο</strong></span> <span class='ocrx_word' id='word_1_252' title='bbox 857 1963 904 1977; x_wconf 64' lang='grc' dir='ltr'><strong>Λ.</strong></span> <span class='ocrx_word' id='word_1_253' title='bbox 957 1963 969 1977; x_wconf 77' lang='grc' dir='ltr'><strong>Ι</strong></span> <span class='ocrx_word' id='word_1_254' title='bbox 1087 1960 1124 1977; x_wconf 57' lang='grc' dir='ltr'><strong>Α,</strong></span> <span class='ocrx_word' id='word_1_255' title='bbox 1189 1963 1202 1976; x_wconf 64' lang='grc' dir='ltr'>θ</span> <span class='ocrx_word' id='word_1_256' title='bbox 1278 1963 1292 1977; x_wconf 82' lang='lat'><strong><em>\</em></strong></span> <span class='ocrx_word' id='word_1_257' title='bbox 1350 1960 1392 1977; x_wconf 52' lang='grc' dir='ltr'><strong>ἢκ</strong></span> <span class='ocrx_word' id='word_1_258' title='bbox 1501 1966 1525 1976; x_wconf 58' lang='grc' dir='ltr'>υ</span> <span class='ocrx_word' id='word_1_259' title='bbox 1660 1963 1671 1977; x_wconf 75' lang='grc' dir='ltr'><em>ο</em></span> <span class='ocrx_word' id='word_1_260' title='bbox 1704 1963 1717 1977; x_wconf 75' lang='grc' dir='ltr'><strong>ο</strong></span> <span class='ocrx_word' id='word_1_261' title='bbox 1791 1958 1810 1977; x_wconf 50' lang='grc' dir='ltr'><strong>λ</strong></span> <span class='ocrx_word' id='word_1_262' title='bbox 1835 1962 1878 1977; x_wconf 70' lang='lat' dir='ltr'><strong>nr</strong></span> 
     </span>
    </p>
   </div>
   <div class='ocr_carea' id='block_1_35' title="bbox 2015 1847 3660 1977">
    <p class='ocr_par' dir='ltr' id='par_1_35' title="bbox 2015 1847 3660 1948">
     <span class='ocr_line' id='line_1_36' title="bbox 2015 1847 3660 1948; baseline 0.002 -18"><span class='ocrx_word' id='word_1_263' title='bbox 2015 1876 2318 1948; x_wconf 88' lang='lat' dir='ltr'><strong>quioctava</strong></span> <span class='ocrx_word' id='word_1_264' title='bbox 2338 1847 2485 1930; x_wconf 73' lang='lat' dir='ltr'><strong>ratio</strong></span> <span class='ocrx_word' id='word_1_265' title='bbox 2506 1874 2658 1930; x_wconf 80' lang='lat' dir='ltr'><strong>efﬁci</strong></span> <span class='ocrx_word' id='word_1_266' title='bbox 2682 1874 2886 1946; x_wconf 87' lang='lat' dir='ltr'><strong>possit,</strong></span> <span class='ocrx_word' id='word_1_267' title='bbox 2907 1874 2956 1930; x_wconf 91' lang='lat' dir='ltr'><strong>si</strong></span> <span class='ocrx_word' id='word_1_268' title='bbox 2977 1891 3112 1931; x_wconf 90' lang='lat' dir='ltr'><strong>eum</strong></span> <span class='ocrx_word' id='word_1_269' title='bbox 3136 1876 3660 1947; x_wconf 87' lang='lat' dir='ltr'><strong>duplicaverimus,</strong></span> 
     </span>
    </p>
   </div>
   <div class='ocr_carea' id='block_1_36' title="bbox 258 1958 1898 2038">
    <p class='ocr_par' dir='ltr' id='par_1_36' title="bbox 258 1958 1898 2038">
     <span class='ocr_line' id='line_1_37' title="bbox 258 1958 1898 2038; baseline -0.001 -22"><span class='ocrx_word' id='word_1_270' title='bbox 258 1963 353 2016; x_wconf 80' lang='grc' dir='ltr'><strong>οὗν</strong></span> <span class='ocrx_word' id='word_1_271' title='bbox 385 1962 497 2017; x_wconf 84' lang='grc' dir='ltr'>ἀντὶ</span> <span class='ocrx_word' id='word_1_272' title='bbox 534 1962 627 2034; x_wconf 76' lang='grc' dir='ltr'>μὲν</span> <span class='ocrx_word' id='word_1_273' title='bbox 656 1967 751 2016; x_wconf 86' lang='lat'><strong>106</strong></span> <span class='ocrx_word' id='word_1_274' title='bbox 785 1963 904 2038; x_wconf 87' lang='grc' dir='ltr'>ρςβ’</span> <span class='ocrx_word' id='word_1_275' title='bbox 950 1963 978 2016; x_wconf 88' lang='lat'><strong>6</strong></span> <span class='ocrx_word' id='word_1_276' title='bbox 1007 1960 1143 2017; x_wconf 90' lang='grc' dir='ltr'>τπδ’·</span> <span class='ocrx_word' id='word_1_277' title='bbox 1177 1963 1294 2017; x_wconf 80' lang='grc' dir='ltr'>ἀντὶ</span> <span class='ocrx_word' id='word_1_278' title='bbox 1347 1960 1404 2017; x_wconf 73' lang='grc' dir='ltr'>δὲ</span> <span class='ocrx_word' id='word_1_279' title='bbox 1432 1966 1529 2016; x_wconf 82' lang='grc' dir='ltr'>τοῦ</span> <span class='ocrx_word' id='word_1_280' title='bbox 1570 1963 1671 2026; x_wconf 84' lang='grc' dir='ltr'>σις’</span> <span class='ocrx_word' id='word_1_281' title='bbox 1697 1963 1724 2016; x_wconf 88' lang='lat'><strong>6</strong></span> <span class='ocrx_word' id='word_1_282' title='bbox 1757 1958 1898 2036; x_wconf 87' lang='grc' dir='ltr'>υλβ’·</span> 
     </span>
    </p>
   </div>
   <div class='ocr_carea' id='block_1_37' title="bbox 257 2048 1904 2127">
    <p class='ocr_par' dir='ltr' id='par_1_37' title="bbox 257 2048 1904 2127">
     <span class='ocr_line' id='line_1_38' title="bbox 257 2048 1904 2127; baseline -0.001 -23"><span class='ocrx_word' id='word_1_283' title='bbox 257 2051 378 2104; x_wconf 74' lang='grc' dir='ltr'>ἀντὶ</span> <span class='ocrx_word' id='word_1_284' title='bbox 429 2048 485 2105; x_wconf 76' lang='grc' dir='ltr'>δὲ</span> <span class='ocrx_word' id='word_1_285' title='bbox 539 2054 636 2104; x_wconf 83' lang='grc' dir='ltr'><strong>τοῦ</strong></span> <span class='ocrx_word' id='word_1_286' title='bbox 685 2052 806 2124; x_wconf 89' lang='grc' dir='ltr'>σμγ’</span> <span class='ocrx_word' id='word_1_287' title='bbox 856 2053 884 2105; x_wconf 90' lang='lat'><strong>6</strong></span> <span class='ocrx_word' id='word_1_288' title='bbox 933 2052 1064 2114; x_wconf 90' lang='grc' dir='ltr'>υπς’·</span> <span class='ocrx_word' id='word_1_289' title='bbox 1120 2050 1236 2104; x_wconf 79' lang='grc' dir='ltr'>ἀντὶ</span> <span class='ocrx_word' id='word_1_290' title='bbox 1291 2048 1348 2105; x_wconf 78' lang='grc' dir='ltr'>δὶ</span> <span class='ocrx_word' id='word_1_291' title='bbox 1388 2054 1484 2105; x_wconf 80' lang='grc' dir='ltr'>τοῦ</span> <span class='ocrx_word' id='word_1_292' title='bbox 1545 2057 1646 2112; x_wconf 81' lang='grc' dir='ltr'>σνς’</span> <span class='ocrx_word' id='word_1_293' title='bbox 1696 2051 1723 2105; x_wconf 93' lang='lat'><strong>6</strong></span> <span class='ocrx_word' id='word_1_294' title='bbox 1772 2050 1904 2127; x_wconf 79' lang='grc' dir='ltr'>φιβ’·</span> 
     </span>
    </p>
   </div>
   <div class='ocr_carea' id='block_1_38' title="bbox 258 2136 1906 2222">
    <p class='ocr_par' dir='ltr' id='par_1_38' title="bbox 258 2136 1906 2222">
     <span class='ocr_line' id='line_1_39' title="bbox 258 2136 1906 2222; baseline -0.002 -27"><span class='ocrx_word' id='word_1_295' title='bbox 258 2139 377 2195; x_wconf 79' lang='grc' dir='ltr'>ἀντὶ</span> <span class='ocrx_word' id='word_1_296' title='bbox 410 2137 467 2194; x_wconf 76' lang='grc' dir='ltr'>δὲ</span> <span class='ocrx_word' id='word_1_297' title='bbox 493 2143 590 2195; x_wconf 86' lang='lat'><strong>106</strong></span> <span class='ocrx_word' id='word_1_298' title='bbox 620 2140 744 2209; x_wconf 89' lang='grc' dir='ltr'>σπη’</span> <span class='ocrx_word' id='word_1_299' title='bbox 775 2140 804 2193; x_wconf 92' lang='lat'><strong>6</strong></span> <span class='ocrx_word' id='word_1_300' title='bbox 835 2146 972 2217; x_wconf 55' lang='lat'>901’,</span> <span class='ocrx_word' id='word_1_301' title='bbox 1002 2140 1092 2193; x_wconf 84' lang='grc' dir='ltr'><strong>καὶ</strong></span> <span class='ocrx_word' id='word_1_302' title='bbox 1137 2139 1334 2193; x_wconf 70' lang='grc' dir='ltr'>τούτου</span> <span class='ocrx_word' id='word_1_303' title='bbox 1392 2136 1654 2214; x_wconf 82' lang='grc' dir='ltr'>ἐπόγδοος</span> <span class='ocrx_word' id='word_1_304' title='bbox 1684 2139 1712 2193; x_wconf 88' lang='grc' dir='ltr'>ὁ</span> <span class='ocrx_word' id='word_1_305' title='bbox 1745 2143 1906 2222; x_wconf 57' lang='grc' dir='ltr'>χμη⁴,</span> 
     </span>
    </p>
   </div>
   <div class='ocr_carea' id='block_1_39' title="bbox 238 2223 1929 2302">
    <p class='ocr_par' dir='ltr' id='par_1_39' title="bbox 238 2223 1929 2302">
     <span class='ocr_line' id='line_1_40' title="bbox 238 2223 1929 2302; baseline -0.002 -19"><span class='ocrx_word' id='word_1_306' title='bbox 238 2228 334 2285; x_wconf 84' lang='grc' dir='ltr'><strong>καὶ</strong></span> <span class='ocrx_word' id='word_1_307' title='bbox 365 2227 561 2282; x_wconf 71' lang='grc' dir='ltr'>τούτου</span> <span class='ocrx_word' id='word_1_308' title='bbox 608 2224 869 2302; x_wconf 70' lang='grc' dir='ltr'>ἐπόγδοος</span> <span class='ocrx_word' id='word_1_309' title='bbox 900 2227 926 2281; x_wconf 88' lang='lat'><strong>6</strong></span> <span class='ocrx_word' id='word_1_310' title='bbox 959 2229 1097 2302; x_wconf 79' lang='grc' dir='ltr'>ψκθ’“</span> <span class='ocrx_word' id='word_1_311' title='bbox 1135 2223 1320 2281; x_wconf 77' lang='grc' dir='ltr'>ἔπειτα</span> <span class='ocrx_word' id='word_1_312' title='bbox 1367 2227 1395 2282; x_wconf 91' lang='lat'><strong>6</strong></span> <span class='ocrx_word' id='word_1_313' title='bbox 1427 2231 1574 2300; x_wconf 79' lang='grc' dir='ltr'>ψξη’,</span> <span class='ocrx_word' id='word_1_314' title='bbox 1610 2224 1929 2288; x_wconf 84' lang='grc' dir='ltr'>διπλάσιος·</span> 
     </span>
    </p>
   </div>
   <div class='ocr_carea' id='block_1_40' title="bbox 241 2310 1906 2392">
    <p class='ocr_par' dir='ltr' id='par_1_40' title="bbox 241 2310 1906 2392">
     <span class='ocr_line' id='line_1_41' title="bbox 241 2310 1906 2392; baseline -0.001 -22"><span class='ocrx_word' id='word_1_315' title='bbox 241 2314 319 2370; x_wconf 80' lang='grc' dir='ltr'>ὢν</span> <span class='ocrx_word' id='word_1_316' title='bbox 350 2320 447 2371; x_wconf 92' lang='lat'><strong>106</strong></span> <span class='ocrx_word' id='word_1_317' title='bbox 477 2313 622 2383; x_wconf 86' lang='grc' dir='ltr'>τπδ’,</span> <span class='ocrx_word' id='word_1_318' title='bbox 653 2317 793 2392; x_wconf 85' lang='grc' dir='ltr'>πρὸς</span> <span class='ocrx_word' id='word_1_319' title='bbox 825 2313 882 2370; x_wconf 79' lang='grc' dir='ltr'>δὲ</span> <span class='ocrx_word' id='word_1_320' title='bbox 922 2316 1013 2370; x_wconf 85' lang='grc' dir='ltr'><strong>τὸν</strong></span> <span class='ocrx_word' id='word_1_321' title='bbox 1045 2312 1164 2388; x_wconf 82' lang='grc' dir='ltr'>ψκδ¹</span> <span class='ocrx_word' id='word_1_322' title='bbox 1211 2312 1374 2390; x_wconf 83' lang='grc' dir='ltr'>λόγον</span> <span class='ocrx_word' id='word_1_323' title='bbox 1426 2310 1571 2390; x_wconf 78' lang='grc' dir='ltr'><strong>ἔχων</strong></span> <span class='ocrx_word' id='word_1_324' title='bbox 1615 2320 1712 2370; x_wconf 86' lang='lat'><strong>106</strong></span> <span class='ocrx_word' id='word_1_325' title='bbox 1745 2312 1906 2389; x_wconf 82' lang='grc' dir='ltr'>λείμ-</span> 
     </span>
    </p>
   </div>
   <div class='ocr_carea' id='block_1_41' title="bbox 244 2401 1904 2478">
    <p class='ocr_par' dir='ltr' id='par_1_41' title="bbox 244 2401 1904 2478">
     <span class='ocr_line' id='line_1_42' title="bbox 244 2401 1904 2478; baseline -0.001 -18"><span class='ocrx_word' id='word_1_326' title='bbox 244 2425 442 2478; x_wconf 85' lang='grc' dir='ltr'>ματος.</span> <span class='ocrx_word' id='word_1_327' title='bbox 506 2404 603 2460; x_wconf 79' lang='grc' dir='ltr'>Καὶ</span> <span class='ocrx_word' id='word_1_328' title='bbox 662 2405 806 2460; x_wconf 77' lang='grc' dir='ltr'>οὕτω</span> <span class='ocrx_word' id='word_1_329' title='bbox 860 2401 926 2472; x_wconf 74' lang='grc' dir='ltr'>δὴ</span> <span class='ocrx_word' id='word_1_330' title='bbox 979 2403 1452 2478; x_wconf 77' lang='grc' dir='ltr'>συμπεπλήρωται</span> <span class='ocrx_word' id='word_1_331' title='bbox 1501 2404 1564 2458; x_wconf 91' lang='grc' dir='ltr'>τὸ</span> <span class='ocrx_word' id='word_1_332' title='bbox 1616 2401 1904 2460; x_wconf 87' lang='grc' dir='ltr'>διπλάσιον</span> 
     </span>
    </p>
   </div>
   <div class='ocr_carea' id='block_1_42' title="bbox 243 2490 1897 2570">
    <p class='ocr_par' dir='ltr' id='par_1_42' title="bbox 243 2490 1897 2570">
     <span class='ocr_line' id='line_1_43' title="bbox 243 2490 1897 2570; baseline -0.001 -21"><span class='ocrx_word' id='word_1_333' title='bbox 243 2490 523 2566; x_wconf 81' lang='grc' dir='ltr'>διάστημα</span> <span class='ocrx_word' id='word_1_334' title='bbox 564 2499 681 2556; x_wconf 85' lang='grc' dir='ltr'>τοῖς</span> <span class='ocrx_word' id='word_1_335' title='bbox 732 2515 789 2548; x_wconf 87' lang='grc' dir='ltr'><strong>τε</strong></span> <span class='ocrx_word' id='word_1_336' title='bbox 846 2493 1134 2566; x_wconf 77' lang='grc' dir='ltr'>ἡμιολίοις</span> <span class='ocrx_word' id='word_1_337' title='bbox 1185 2493 1274 2548; x_wconf 73' lang='grc' dir='ltr'>καί</span> <span class='ocrx_word' id='word_1_338' title='bbox 1325 2493 1619 2570; x_wconf 74' lang='grc' dir='ltr'>ἆπιτρίτοις</span> <span class='ocrx_word' id='word_1_339' title='bbox 1675 2494 1765 2549; x_wconf 87' lang='grc' dir='ltr'><strong>καὶ</strong></span> <span class='ocrx_word' id='word_1_340' title='bbox 1811 2494 1897 2547; x_wconf 42' lang='grc' dir='ltr'><strong>ἐπ.</strong></span> 
     </span>
    </p>
   </div>
   <div class='ocr_carea' id='block_1_43' title="bbox 242 2579 1903 2659">
    <p class='ocr_par' dir='ltr' id='par_1_43' title="bbox 242 2579 1903 2659">
     <span class='ocr_line' id='line_1_44' title="bbox 242 2579 1903 2659; baseline 0.002 -22"><span class='ocrx_word' id='word_1_341' title='bbox 242 2580 468 2658; x_wconf 83' lang='grc' dir='ltr'>ογδόοις</span> <span class='ocrx_word' id='word_1_342' title='bbox 508 2581 698 2658; x_wconf 84' lang='grc' dir='ltr'>λόγοις</span> <span class='ocrx_word' id='word_1_343' title='bbox 749 2582 802 2638; x_wconf 74' lang='grc' dir='ltr'>ἐν</span> <span class='ocrx_word' id='word_1_344' title='bbox 852 2579 1036 2637; x_wconf 81' lang='grc' dir='ltr'>τοῖσδε</span> <span class='ocrx_word' id='word_1_345' title='bbox 1081 2588 1200 2644; x_wconf 86' lang='grc' dir='ltr'>τοῖς</span> <span class='ocrx_word' id='word_1_346' title='bbox 1249 2582 1524 2656; x_wconf 80' lang='grc' dir='ltr'>ἀριθμοῖς’</span> <span class='ocrx_word' id='word_1_347' title='bbox 1572 2580 1714 2640; x_wconf 76' lang='grc' dir='ltr'>τπδ’.</span> <span class='ocrx_word' id='word_1_348' title='bbox 1761 2581 1903 2659; x_wconf 90' lang='grc' dir='ltr'>υλβ’.</span> 
     </span>
    </p>
   </div>
   <div class='ocr_carea' id='block_1_44' title="bbox 245 2672 1904 2749">
    <p class='ocr_par' dir='ltr' id='par_1_44' title="bbox 245 2672 1904 2749">
     <span class='ocr_line' id='line_1_45' title="bbox 245 2672 1904 2749; baseline 0.001 -25"><span class='ocrx_word' id='word_1_349' title='bbox 245 2674 388 2736; x_wconf 84' lang='grc' dir='ltr'>υπς’.</span> <span class='ocrx_word' id='word_1_350' title='bbox 421 2673 554 2749; x_wconf 78' lang='grc' dir='ltr'>φιβ’.</span> <span class='ocrx_word' id='word_1_351' title='bbox 607 2673 744 2748; x_wconf 62' lang='grc' dir='ltr'>φας’.</span> <span class='ocrx_word' id='word_1_352' title='bbox 799 2673 958 2747; x_wconf 84' lang='grc' dir='ltr'>χμη’.</span> <span class='ocrx_word' id='word_1_353' title='bbox 1009 2673 1150 2744; x_wconf 67' lang='grc' dir='ltr'>ψκθ’.</span> <span class='ocrx_word' id='word_1_354' title='bbox 1205 2673 1346 2745; x_wconf 77' lang='grc' dir='ltr'>ψξη’.</span> <span class='ocrx_word' id='word_1_355' title='bbox 1385 2672 1444 2728; x_wconf 81' lang='lat' dir='ltr'><strong>El</strong></span> <span class='ocrx_word' id='word_1_356' title='bbox 1478 2675 1569 2727; x_wconf 70' lang='grc' dir='ltr'>οὖν</span> <span class='ocrx_word' id='word_1_357' title='bbox 1615 2672 1904 2743; x_wconf 68' lang='grc' dir='ltr'>ἐθελήσαι-</span> 
     </span>
    </p>
   </div>
   <div class='ocr_carea' id='block_1_45' title="bbox 247 2757 1910 2839">
    <p class='ocr_par' dir='ltr' id='par_1_45' title="bbox 247 2757 1910 2839">
     <span class='ocr_line' id='line_1_46' title="bbox 247 2757 1910 2839; baseline -0.001 -24"><span class='ocrx_word' id='word_1_358' title='bbox 247 2781 344 2834; x_wconf 87' lang='grc' dir='ltr'><strong>μεν</strong></span> <span class='ocrx_word' id='word_1_359' title='bbox 377 2760 506 2815; x_wconf 80' lang='grc' dir='ltr'>ὅλον</span> <span class='ocrx_word' id='word_1_360' title='bbox 541 2759 946 2834; x_wconf 83' lang='grc' dir='ltr'>συμπληρῶσαι</span> <span class='ocrx_word' id='word_1_361' title='bbox 981 2760 1043 2814; x_wconf 87' lang='grc' dir='ltr'><strong>τὸ</strong></span> <span class='ocrx_word' id='word_1_362' title='bbox 1075 2757 1420 2835; x_wconf 76' lang='grc' dir='ltr'>διάγραμμα,</span> <span class='ocrx_word' id='word_1_363' title='bbox 1455 2759 1737 2833; x_wconf 69' lang='grc' dir='ltr'>ἕκθέμενοι</span> <span class='ocrx_word' id='word_1_364' title='bbox 1769 2761 1910 2839; x_wconf 80' lang='grc' dir='ltr'>γατᾷ</span> 
     </span>
    </p>
   </div>
   <div class='ocr_carea' id='block_1_46' title="bbox 245 2846 1904 2924">
    <p class='ocr_par' dir='ltr' id='par_1_46' title="bbox 245 2846 1904 2924">
     <span class='ocr_line' id='line_1_47' title="bbox 245 2846 1904 2924; baseline -0.001 -20"><span class='ocrx_word' id='word_1_365' title='bbox 245 2850 310 2904; x_wconf 86' lang='grc' dir='ltr'><strong>τὸ</strong></span> <span class='ocrx_word' id='word_1_366' title='bbox 344 2849 468 2920; x_wconf 74' lang='grc' dir='ltr'><strong>ἰξῆς</strong></span> <span class='ocrx_word' id='word_1_367' title='bbox 495 2849 608 2904; x_wconf 84' lang='grc' dir='ltr'>ἀντὶ</span> <span class='ocrx_word' id='word_1_368' title='bbox 646 2850 739 2922; x_wconf 78' lang='grc' dir='ltr'>μὲν</span> <span class='ocrx_word' id='word_1_369' title='bbox 792 2851 887 2917; x_wconf 69' lang='grc' dir='ltr'><strong>τῆς</strong></span> <span class='ocrx_word' id='word_1_370' title='bbox 937 2849 1160 2923; x_wconf 84' lang='grc' dir='ltr'>πρώτης</span> <span class='ocrx_word' id='word_1_371' title='bbox 1212 2849 1406 2924; x_wconf 81' lang='grc' dir='ltr'>μοίρας</span> <span class='ocrx_word' id='word_1_372' title='bbox 1450 2852 1541 2903; x_wconf 88' lang='grc' dir='ltr'><strong>τὸν</strong></span> <span class='ocrx_word' id='word_1_373' title='bbox 1591 2846 1734 2921; x_wconf 87' lang='grc' dir='ltr'>τμδ’·</span> <span class='ocrx_word' id='word_1_374' title='bbox 1788 2849 1904 2904; x_wconf 85' lang='grc' dir='ltr'>ἀντὶ</span> 
     </span>
    </p>
   </div>
   <div class='ocr_carea' id='block_1_47' title="bbox 245 2935 1902 3013">
    <p class='ocr_par' dir='ltr' id='par_1_47' title="bbox 245 2935 1902 3013">
     <span class='ocr_line' id='line_1_48' title="bbox 245 2935 1902 3013; baseline 0 -21"><span class='ocrx_word' id='word_1_375' title='bbox 245 2936 305 2992; x_wconf 68' lang='grc' dir='ltr'>δὲ</span> <span class='ocrx_word' id='word_1_376' title='bbox 335 2945 433 3009; x_wconf 82' lang='grc' dir='ltr'>τῆς</span> <span class='ocrx_word' id='word_1_377' title='bbox 467 2935 715 3012; x_wconf 65' lang='grc' dir='ltr'>δευτέρας</span> <span class='ocrx_word' id='word_1_378' title='bbox 759 2939 850 2991; x_wconf 87' lang='grc' dir='ltr'>τὸν</span> <span class='ocrx_word' id='word_1_379' title='bbox 1077 2938 1194 2992; x_wconf 79' lang='grc' dir='ltr'><strong>ἀντὶ</strong></span> <span class='ocrx_word' id='word_1_380' title='bbox 1225 2935 1282 2992; x_wconf 74' lang='grc' dir='ltr'>δὲ</span> <span class='ocrx_word' id='word_1_381' title='bbox 1310 2941 1412 3002; x_wconf 79' lang='grc' dir='ltr'><strong>τῆς</strong></span> <span class='ocrx_word' id='word_1_382' title='bbox 1459 2938 1648 3010; x_wconf 84' lang='grc' dir='ltr'>τρίτης</span> <span class='ocrx_word' id='word_1_383' title='bbox 1682 2939 1902 3013; x_wconf 78' lang='grc' dir='ltr'>μοίρας,</span> 
     </span>
    </p>
   </div>
   <div class='ocr_carea' id='block_1_48' title="bbox 245 3024 1904 3100">
    <p class='ocr_par' dir='ltr' id='par_1_48' title="bbox 245 3024 1904 3100">
     <span class='ocr_line' id='line_1_49' title="bbox 245 3024 1904 3100; baseline 0 -18"><span class='ocrx_word' id='word_1_384' title='bbox 245 3033 348 3096; x_wconf 81' lang='grc' dir='ltr'>τῆς</span> <span class='ocrx_word' id='word_1_385' title='bbox 396 3025 721 3098; x_wconf 73' lang='grc' dir='ltr'>τριπλασίας</span> <span class='ocrx_word' id='word_1_386' title='bbox 769 3033 870 3094; x_wconf 83' lang='grc' dir='ltr'><strong>τῆς</strong></span> <span class='ocrx_word' id='word_1_387' title='bbox 917 3026 1164 3100; x_wconf 82' lang='grc' dir='ltr'>πρώτης,</span> <span class='ocrx_word' id='word_1_388' title='bbox 1214 3025 1482 3099; x_wconf 76' lang='grc' dir='ltr'>ἡμιολίας</span> <span class='ocrx_word' id='word_1_389' title='bbox 1537 3024 1595 3081; x_wconf 73' lang='grc' dir='ltr'>δὶ</span> <span class='ocrx_word' id='word_1_390' title='bbox 1635 3034 1738 3096; x_wconf 75' lang='grc' dir='ltr'><strong>τῆς</strong></span> <span class='ocrx_word' id='word_1_391' title='bbox 1792 3025 1904 3082; x_wconf 87' lang='grc' dir='ltr'>δευ-</span> 
     </span>
    </p>
   </div>
   <div class='ocr_carea' id='block_1_49' title="bbox 248 3111 1906 3191">
    <p class='ocr_par' dir='ltr' id='par_1_49' title="bbox 248 3111 1906 3191">
     <span class='ocr_line' id='line_1_50' title="bbox 248 3111 1906 3191; baseline 0 -21"><span class='ocrx_word' id='word_1_392' title='bbox 248 3116 427 3189; x_wconf 79' lang='grc' dir='ltr'>τέρας,</span> <span class='ocrx_word' id='word_1_393' title='bbox 482 3117 574 3170; x_wconf 86' lang='grc' dir='ltr'><strong>τὸν</strong></span> <span class='ocrx_word' id='word_1_394' title='bbox 622 3115 807 3190; x_wconf 52' lang='grc' dir='ltr'>,αρνβλ</span> <span class='ocrx_word' id='word_1_395' title='bbox 865 3115 979 3169; x_wconf 77' lang='grc' dir='ltr'>ἂντί</span> <span class='ocrx_word' id='word_1_396' title='bbox 1011 3111 1069 3169; x_wconf 77' lang='grc' dir='ltr'>δὲ</span> <span class='ocrx_word' id='word_1_397' title='bbox 1124 3122 1224 3184; x_wconf 85' lang='grc' dir='ltr'>τῆς</span> <span class='ocrx_word' id='word_1_398' title='bbox 1274 3120 1563 3191; x_wconf 80' lang='grc' dir='ltr'>τετάρτης,</span> <span class='ocrx_word' id='word_1_399' title='bbox 1612 3112 1906 3178; x_wconf 83' lang='grc' dir='ltr'>διπλασίας</span> 
     </span>
    </p>
   </div>
   <div class='ocr_carea' id='block_1_50' title="bbox 242 3201 1903 3281">
    <p class='ocr_par' dir='ltr' id='par_1_50' title="bbox 242 3201 1903 3281">
     <span class='ocr_line' id='line_1_51' title="bbox 242 3201 1903 3281; baseline -0.001 -22"><span class='ocrx_word' id='word_1_400' title='bbox 242 3211 344 3273; x_wconf 83' lang='grc' dir='ltr'>τῆς</span> <span class='ocrx_word' id='word_1_401' title='bbox 375 3201 646 3277; x_wconf 66' lang='grc' dir='ltr'>δευτέρας,</span> <span class='ocrx_word' id='word_1_402' title='bbox 694 3204 789 3258; x_wconf 83' lang='grc' dir='ltr'>τὸν</span> <span class='ocrx_word' id='word_1_403' title='bbox 829 3202 1022 3281; x_wconf 44' lang='grc' dir='ltr'>,αφλςκ</span> <span class='ocrx_word' id='word_1_404' title='bbox 1060 3205 1174 3259; x_wconf 81' lang='grc' dir='ltr'>ἀντὶ</span> <span class='ocrx_word' id='word_1_405' title='bbox 1215 3202 1272 3259; x_wconf 69' lang='grc' dir='ltr'>δὲ</span> <span class='ocrx_word' id='word_1_406' title='bbox 1319 3211 1419 3274; x_wconf 85' lang='grc' dir='ltr'>τῆς</span> <span class='ocrx_word' id='word_1_407' title='bbox 1465 3204 1745 3276; x_wconf 76' lang='grc' dir='ltr'>πέμπτης,</span> <span class='ocrx_word' id='word_1_408' title='bbox 1802 3208 1903 3270; x_wconf 77' lang='grc' dir='ltr'>τῆς</span> 
     </span>
    </p>
   </div>
   <div class='ocr_carea' id='block_1_51' title="bbox 240 3289 1902 3368">
    <p class='ocr_par' dir='ltr' id='par_1_51' title="bbox 240 3289 1902 3368">
     <span class='ocr_line' id='line_1_52' title="bbox 240 3289 1902 3368; baseline 0.001 -21"><span class='ocrx_word' id='word_1_409' title='bbox 240 3291 574 3368; x_wconf 86' lang='grc' dir='ltr'>τριπλασίας</span> <span class='ocrx_word' id='word_1_410' title='bbox 600 3300 702 3361; x_wconf 80' lang='grc' dir='ltr'>τῆς</span> <span class='ocrx_word' id='word_1_411' title='bbox 731 3293 948 3368; x_wconf 89' lang='grc' dir='ltr'>τρίτης,</span> <span class='ocrx_word' id='word_1_412' title='bbox 979 3293 1072 3348; x_wconf 87' lang='grc' dir='ltr'>τὸν</span> <span class='ocrx_word' id='word_1_413' title='bbox 1116 3295 1298 3368; x_wconf 57' lang='grc' dir='ltr'>,γυνςό</span> <span class='ocrx_word' id='word_1_414' title='bbox 1331 3293 1447 3348; x_wconf 79' lang='grc' dir='ltr'>ἀντὶ</span> <span class='ocrx_word' id='word_1_415' title='bbox 1499 3291 1556 3348; x_wconf 67' lang='grc' dir='ltr'>δὲ</span> <span class='ocrx_word' id='word_1_416' title='bbox 1583 3300 1686 3362; x_wconf 82' lang='grc' dir='ltr'><strong>τῆς</strong></span> <span class='ocrx_word' id='word_1_417' title='bbox 1717 3289 1902 3364; x_wconf 77' lang='grc' dir='ltr'>ἕκτης,</span> 
     </span>
    </p>
   </div>
   <div class='ocr_carea' id='block_1_52' title="bbox 244 3380 1909 3458">
    <p class='ocr_par' dir='ltr' id='par_1_52' title="bbox 244 3380 1909 3458">
     <span class='ocr_line' id='line_1_53' title="bbox 244 3380 1909 3458; baseline 0 -22"><span class='ocrx_word' id='word_1_418' title='bbox 244 3382 280 3451; x_wconf 78' lang='grc' dir='ltr'>ἥ</span> <span class='ocrx_word' id='word_1_419' title='bbox 314 3381 456 3437; x_wconf 70' lang='grc' dir='ltr'>ἆστιν</span> <span class='ocrx_word' id='word_1_420' title='bbox 509 3380 853 3436; x_wconf 84' lang='grc' dir='ltr'>ὁκταπλασία</span> <span class='ocrx_word' id='word_1_421' title='bbox 901 3388 1001 3452; x_wconf 85' lang='grc' dir='ltr'>τῆς</span> <span class='ocrx_word' id='word_1_422' title='bbox 1048 3383 1300 3456; x_wconf 86' lang='grc' dir='ltr'>πρώτης,</span> <span class='ocrx_word' id='word_1_423' title='bbox 1359 3382 1449 3437; x_wconf 88' lang='grc' dir='ltr'><strong>τὸν</strong></span> <span class='ocrx_word' id='word_1_424' title='bbox 1501 3384 1659 3458; x_wconf 50' lang='grc' dir='ltr'>,γοβκ</span> <span class='ocrx_word' id='word_1_425' title='bbox 1695 3383 1809 3438; x_wconf 81' lang='grc' dir='ltr'>ἀντὶ</span> <span class='ocrx_word' id='word_1_426' title='bbox 1851 3380 1909 3450; x_wconf 67' lang='grc' dir='ltr'>δὶ</span> 
     </span>
    </p>
   </div>
   <div class='ocr_carea' id='block_1_53' title="bbox 242 3463 1909 3544">
    <p class='ocr_par' dir='ltr' id='par_1_53' title="bbox 242 3463 1909 3544">
     <span class='ocr_line' id='line_1_54' title="bbox 242 3463 1909 3544; baseline 0 -20"><span class='ocrx_word' id='word_1_427' title='bbox 242 3477 346 3539; x_wconf 80' lang='grc' dir='ltr'>τῆς</span> <span class='ocrx_word' id='word_1_428' title='bbox 397 3463 658 3542; x_wconf 66' lang='grc' dir='ltr'>ἑϐδόμης,</span> <span class='ocrx_word' id='word_1_429' title='bbox 691 3469 726 3538; x_wconf 76' lang='grc' dir='ltr'>ἦ</span> <span class='ocrx_word' id='word_1_430' title='bbox 762 3470 903 3524; x_wconf 87' lang='grc' dir='ltr'>ἐστιν</span> <span class='ocrx_word' id='word_1_431' title='bbox 959 3468 1570 3524; x_wconf 79' lang='grc' dir='ltr'>ἐπτακαιεικοσιπλασία</span> <span class='ocrx_word' id='word_1_432' title='bbox 1617 3477 1719 3539; x_wconf 83' lang='grc' dir='ltr'>τῆς</span> <span class='ocrx_word' id='word_1_433' title='bbox 1759 3470 1909 3544; x_wconf 90' lang='grc' dir='ltr'>πρώ-</span> 
     </span>
    </p>
   </div>
   <div class='ocr_carea' id='block_1_54' title="bbox 245 3555 1908 3631">
    <p class='ocr_par' dir='ltr' id='par_1_54' title="bbox 245 3555 1908 3631">
     <span class='ocr_line' id='line_1_55' title="bbox 245 3555 1908 3631; baseline -0.001 -17"><span class='ocrx_word' id='word_1_434' title='bbox 245 3579 373 3630; x_wconf 88' lang='grc' dir='ltr'>της,</span> <span class='ocrx_word' id='word_1_435' title='bbox 433 3558 523 3612; x_wconf 76' lang='grc' dir='ltr'><strong>τὸν</strong></span> <span class='ocrx_word' id='word_1_436' title='bbox 580 3559 758 3629; x_wconf 80' lang='grc' dir='ltr'><strong>Ιιτξη’·</strong></span> <span class='ocrx_word' id='word_1_437' title='bbox 812 3558 863 3612; x_wconf 81' lang='grc' dir='ltr'>εἷ’</span> <span class='ocrx_word' id='word_1_438' title='bbox 911 3559 1001 3612; x_wconf 82' lang='grc' dir='ltr'><strong>οὗν</strong></span> <span class='ocrx_word' id='word_1_439' title='bbox 1043 3556 1402 3631; x_wconf 77' lang='grc' dir='ltr'>ἐθελήσαιμεν</span> <span class='ocrx_word' id='word_1_440' title='bbox 1459 3555 1618 3613; x_wconf 83' lang='grc' dir='ltr'>τάσδε</span> <span class='ocrx_word' id='word_1_441' title='bbox 1671 3579 1908 3613; x_wconf 84' lang='grc' dir='ltr'>καταπυ-</span> 
     </span>
    </p>
   </div>
   <div class='ocr_carea' id='block_1_55' title="bbox 247 3646 1905 3723">
    <p class='ocr_par' dir='ltr' id='par_1_55' title="bbox 247 3646 1905 3723">
     <span class='ocr_line' id='line_1_56' title="bbox 247 3646 1905 3723; baseline 0 -21"><span class='ocrx_word' id='word_1_442' title='bbox 247 3651 454 3702; x_wconf 78' lang='grc' dir='ltr'>κνῶσαι</span> <span class='ocrx_word' id='word_1_443' title='bbox 513 3653 631 3711; x_wconf 86' lang='grc' dir='ltr'>ταῖς</span> <span class='ocrx_word' id='word_1_444' title='bbox 680 3646 1005 3723; x_wconf 80' lang='grc' dir='ltr'>ἀρμονικαῖς</span> <span class='ocrx_word' id='word_1_445' title='bbox 1043 3647 1133 3701; x_wconf 81' lang='grc' dir='ltr'><strong>καὶ</strong></span> <span class='ocrx_word' id='word_1_446' title='bbox 1167 3648 1553 3722; x_wconf 84' lang='grc' dir='ltr'>ἀριθμητικαῖς</span> <span class='ocrx_word' id='word_1_447' title='bbox 1590 3647 1905 3720; x_wconf 89' lang='grc' dir='ltr'>μεσότησιν,</span> 
     </span>
    </p>
   </div>
   <div class='ocr_carea' id='block_1_56' title="bbox 248 3733 1907 3812">
    <p class='ocr_par' dir='ltr' id='par_1_56' title="bbox 248 3733 1907 3812">
     <span class='ocr_line' id='line_1_57' title="bbox 248 3733 1907 3812; baseline 0.001 -23"><span class='ocrx_word' id='word_1_448' title='bbox 248 3736 308 3789; x_wconf 84' lang='grc' dir='ltr'>αἳ</span> <span class='ocrx_word' id='word_1_449' title='bbox 339 3740 718 3810; x_wconf 67' lang='grc' dir='ltr'>παρατεθεῖσαι</span> <span class='ocrx_word' id='word_1_450' title='bbox 762 3735 829 3790; x_wconf 88' lang='grc' dir='ltr'><strong>τά</strong></span> <span class='ocrx_word' id='word_1_451' title='bbox 874 3756 931 3790; x_wconf 83' lang='grc' dir='ltr'><strong>τε</strong></span> <span class='ocrx_word' id='word_1_452' title='bbox 980 3735 1218 3805; x_wconf 76' lang='grc' dir='ltr'>ἡμιόλια</span> <span class='ocrx_word' id='word_1_453' title='bbox 1269 3736 1355 3790; x_wconf 83' lang='grc' dir='ltr'><strong>καὶ</strong></span> <span class='ocrx_word' id='word_1_454' title='bbox 1410 3735 1654 3812; x_wconf 85' lang='grc' dir='ltr'>ἐπίτριτα</span> <span class='ocrx_word' id='word_1_455' title='bbox 1684 3733 1907 3806; x_wconf 80' lang='grc' dir='ltr'>διαστή-</span> 
     </span>
    </p>
   </div>
   <div class='ocr_carea' id='block_1_57' title="bbox 253 3820 1908 3897">
    <p class='ocr_par' dir='ltr' id='par_1_57' title="bbox 253 3820 1908 3897">
     <span class='ocr_line' id='line_1_58' title="bbox 253 3820 1908 3897; baseline 0 -21"><span class='ocrx_word' id='word_1_456' title='bbox 253 3843 399 3897; x_wconf 85' lang='grc' dir='ltr'>ματα</span> <span class='ocrx_word' id='word_1_457' title='bbox 454 3824 804 3891; x_wconf 74' lang='grc' dir='ltr'>ποιήσουσιν,</span> <span class='ocrx_word' id='word_1_458' title='bbox 863 3821 1072 3877; x_wconf 82' lang='grc' dir='ltr'>ἔσονται</span> <span class='ocrx_word' id='word_1_459' title='bbox 1139 3821 1334 3894; x_wconf 79' lang='grc' dir='ltr'>μεταξὺ</span> <span class='ocrx_word' id='word_1_460' title='bbox 1387 3827 1485 3877; x_wconf 88' lang='lat'><strong>106</strong></span> <span class='ocrx_word' id='word_1_461' title='bbox 1531 3844 1589 3877; x_wconf 84' lang='grc' dir='ltr'>τε</span> <span class='ocrx_word' id='word_1_462' title='bbox 1634 3820 1757 3878; x_wconf 87' lang='grc' dir='ltr'>τπδ’</span> <span class='ocrx_word' id='word_1_463' title='bbox 1818 3822 1908 3878; x_wconf 78' lang='grc' dir='ltr'>καί</span> 
     </span>
    </p>
   </div>
   <div class='ocr_carea' id='block_1_58' title="bbox 248 3908 1904 3988">
    <p class='ocr_par' dir='ltr' id='par_1_58' title="bbox 248 3908 1904 3988">
     <span class='ocr_line' id='line_1_59' title="bbox 248 3908 1904 3988; baseline 0 -23"><span class='ocrx_word' id='word_1_464' title='bbox 248 3915 351 3966; x_wconf 91' lang='lat'><strong>106</strong></span> <span class='ocrx_word' id='word_1_465' title='bbox 382 3910 505 3984; x_wconf 73' lang='grc' dir='ltr'>ψξη¹</span> <span class='ocrx_word' id='word_1_466' title='bbox 555 3908 846 3966; x_wconf 86' lang='grc' dir='ltr'>διπλασίου</span> <span class='ocrx_word' id='word_1_467' title='bbox 889 3911 917 3965; x_wconf 82' lang='grc' dir='ltr'><strong>δ</strong></span> <span class='ocrx_word' id='word_1_468' title='bbox 961 3933 1018 3966; x_wconf 84' lang='grc' dir='ltr'>τε</span> <span class='ocrx_word' id='word_1_469' title='bbox 1067 3912 1202 3988; x_wconf 80' lang='grc' dir='ltr'>φιβ’,</span> <span class='ocrx_word' id='word_1_470' title='bbox 1235 3915 1406 3965; x_wconf 83' lang='grc' dir='ltr'>ποιῶν</span> <span class='ocrx_word' id='word_1_471' title='bbox 1450 3912 1547 3980; x_wconf 73' lang='grc' dir='ltr'>τὴν</span> <span class='ocrx_word' id='word_1_472' title='bbox 1601 3913 1904 3987; x_wconf 79' lang='grc' dir='ltr'>ἁρμονικὴν</span> 
     </span>
    </p>
   </div>
   <div class='ocr_carea' id='block_1_59' title="bbox 251 3999 1908 4076">
    <p class='ocr_par' dir='ltr' id='par_1_59' title="bbox 251 3999 1908 4076">
     <span class='ocr_line' id='line_1_60' title="bbox 251 3999 1908 4076; baseline 0.001 -22"><span class='ocrx_word' id='word_1_473' title='bbox 251 3999 553 4074; x_wconf 85' lang='grc' dir='ltr'>μεσότητα,</span> <span class='ocrx_word' id='word_1_474' title='bbox 611 4000 700 4055; x_wconf 84' lang='grc' dir='ltr'><strong>καὶ</strong></span> <span class='ocrx_word' id='word_1_475' title='bbox 755 4002 783 4055; x_wconf 88' lang='lat'><strong>6</strong></span> <span class='ocrx_word' id='word_1_476' title='bbox 841 4002 956 4076; x_wconf 70' lang='grc' dir='ltr'>φος¹</span> <span class='ocrx_word' id='word_1_477' title='bbox 987 4004 1124 4073; x_wconf 92' lang='grc'>(11),</span> <span class='ocrx_word' id='word_1_478' title='bbox 1175 4001 1275 4069; x_wconf 79' lang='grc' dir='ltr'><strong>τήν</strong></span> <span class='ocrx_word' id='word_1_479' title='bbox 1325 3999 1696 4074; x_wconf 78' lang='grc' dir='ltr'>ἀριθμητικὴν</span> <span class='ocrx_word' id='word_1_480' title='bbox 1741 4001 1908 4073; x_wconf 82' lang='grc' dir='ltr'>μεσό-</span> 
     </span>
    </p>
   </div>
   <div class='ocr_carea' id='block_1_60' title="bbox 245 4085 1904 4165">
    <p class='ocr_par' dir='ltr' id='par_1_60' title="bbox 245 4085 1904 4165">
     <span class='ocr_line' id='line_1_61' title="bbox 245 4085 1904 4165; baseline 0 -22"><span class='ocrx_word' id='word_1_481' title='bbox 245 4109 391 4159; x_wconf 90' lang='grc' dir='ltr'>τητα</span> <span class='ocrx_word' id='word_1_482' title='bbox 445 4093 643 4146; x_wconf 83' lang='grc' dir='ltr'>ποιῶν.</span> <span class='ocrx_word' id='word_1_483' title='bbox 698 4089 762 4146; x_wconf 80' lang='grc' dir='ltr'><strong>Εἰ</strong></span> <span class='ocrx_word' id='word_1_484' title='bbox 822 4087 879 4143; x_wconf 75' lang='grc' dir='ltr'>δὲ</span> <span class='ocrx_word' id='word_1_485' title='bbox 934 4094 1030 4144; x_wconf 96' lang='lat'><strong>106</strong></span> <span class='ocrx_word' id='word_1_486' title='bbox 1100 4087 1428 4165; x_wconf 82' lang='grc' dir='ltr'>τριπλασίου</span> <span class='ocrx_word' id='word_1_487' title='bbox 1483 4085 1854 4162; x_wconf 72' lang='grc' dir='ltr'>διαστήματος</span> <span class='ocrx_word' id='word_1_488' title='bbox 1891 4133 1904 4158; x_wconf 92' lang='grc'><strong>,</strong></span> 
     </span>
    </p>
   </div>
   <div class='ocr_carea' id='block_1_61' title="bbox 248 4171 1908 4252">
    <p class='ocr_par' dir='ltr' id='par_1_61' title="bbox 248 4171 1908 4252">
     <span class='ocr_line' id='line_1_62' title="bbox 248 4171 1908 4252; baseline -0.001 -19"><span class='ocrx_word' id='word_1_489' title='bbox 248 4177 400 4252; x_wconf 70' lang='grc' dir='ltr'>λάγῳ</span> <span class='ocrx_word' id='word_1_490' title='bbox 432 4173 490 4232; x_wconf 77' lang='grc' dir='ltr'>δὲ</span> <span class='ocrx_word' id='word_1_491' title='bbox 534 4181 630 4232; x_wconf 79' lang='lat'><strong>106</strong></span> <span class='ocrx_word' id='word_1_492' title='bbox 659 4175 779 4232; x_wconf 85' lang='grc' dir='ltr'>τπδ’</span> <span class='ocrx_word' id='word_1_493' title='bbox 812 4177 900 4232; x_wconf 79' lang='grc' dir='ltr'><strong>καὶ</strong></span> <span class='ocrx_word' id='word_1_494' title='bbox 951 4181 1050 4232; x_wconf 86' lang='lat'><strong>106</strong></span> <span class='ocrx_word' id='word_1_495' title='bbox 1095 4178 1285 4252; x_wconf 52' lang='grc' dir='ltr'>,αρνβζ</span> <span class='ocrx_word' id='word_1_496' title='bbox 1319 4171 1587 4250; x_wconf 77' lang='grc' dir='ltr'>λάϐοιμιν</span> <span class='ocrx_word' id='word_1_497' title='bbox 1616 4177 1711 4240; x_wconf 79' lang='grc' dir='ltr'>τὰς</span> <span class='ocrx_word' id='word_1_498' title='bbox 1748 4176 1908 4250; x_wconf 85' lang='grc' dir='ltr'>μεσό-</span> 
     </span>
    </p>
   </div>
   <div class='ocr_carea' id='block_1_62' title="bbox 246 4260 1908 4341">
    <p class='ocr_par' dir='ltr' id='par_1_62' title="bbox 246 4260 1908 4341">
     <span class='ocr_line' id='line_1_63' title="bbox 246 4260 1908 4341; baseline 0.001 -22"><span class='ocrx_word' id='word_1_499' title='bbox 246 4260 507 4333; x_wconf 84' lang='grc' dir='ltr'>τητας,ὅ</span> <span class='ocrx_word' id='word_1_500' title='bbox 562 4267 659 4339; x_wconf 71' lang='grc' dir='ltr'>μὲν</span> <span class='ocrx_word' id='word_1_501' title='bbox 708 4287 824 4341; x_wconf 62' lang='lat' dir='ltr'><strong>(pec,</strong></span> <span class='ocrx_word' id='word_1_502' title='bbox 868 4267 1029 4334; x_wconf 82' lang='grc' dir='ltr'>σώζει</span> <span class='ocrx_word' id='word_1_503' title='bbox 1077 4267 1177 4335; x_wconf 86' lang='grc' dir='ltr'>τὴν</span> <span class='ocrx_word' id='word_1_504' title='bbox 1223 4265 1551 4338; x_wconf 73' lang='grc' dir='ltr'>ἁρμονικὴν,</span> <span class='ocrx_word' id='word_1_505' title='bbox 1599 4266 1672 4328; x_wconf 86' lang='grc' dir='ltr'>ὡς</span> <span class='ocrx_word' id='word_1_506' title='bbox 1727 4265 1778 4320; x_wconf 79' lang='grc' dir='ltr'>ἐν</span> <span class='ocrx_word' id='word_1_507' title='bbox 1831 4270 1908 4338; x_wconf 81' lang='grc' dir='ltr'>τῷ</span> 
     </span>
    </p>
   </div>
   <div class='ocr_carea' id='block_1_63' title="bbox 249 4350 1908 4427">
    <p class='ocr_par' dir='ltr' id='par_1_63' title="bbox 249 4350 1908 4427">
     <span class='ocr_line' id='line_1_64' title="bbox 249 4350 1908 4427; baseline 0.001 -20"><span class='ocrx_word' id='word_1_508' title='bbox 249 4350 533 4426; x_wconf 84' lang='grc' dir='ltr'>διπλασίῳ</span> <span class='ocrx_word' id='word_1_509' title='bbox 588 4356 688 4424; x_wconf 74' lang='grc' dir='ltr'><strong>τὴν</strong></span> <span class='ocrx_word' id='word_1_510' title='bbox 730 4355 1100 4426; x_wconf 76' lang='grc' dir='ltr'>ἀριθμητικὴν</span> <span class='ocrx_word' id='word_1_511' title='bbox 1159 4352 1481 4426; x_wconf 75' lang='grc' dir='ltr'>ἀναπλήρου</span> <span class='ocrx_word' id='word_1_512' title='bbox 1516 4398 1529 4423; x_wconf 95' lang='grc'><strong>,</strong></span> <span class='ocrx_word' id='word_1_513' title='bbox 1591 4354 1862 4427; x_wconf 86' lang='grc' dir='ltr'>μεσότητα</span> <span class='ocrx_word' id='word_1_514' title='bbox 1894 4401 1908 4424; x_wconf 94' lang='grc'><strong>,</strong></span> 
     </span>
    </p>
   </div>
   <div class='ocr_carea' id='block_1_64' title="bbox 248 4440 1908 4517">
    <p class='ocr_par' dir='ltr' id='par_1_64' title="bbox 248 4440 1908 4517">
     <span class='ocr_line' id='line_1_65' title="bbox 248 4440 1908 4517; baseline 0.001 -20"><span class='ocrx_word' id='word_1_515' title='bbox 248 4444 280 4497; x_wconf 79' lang='grc' dir='ltr'><strong>ὁ</strong></span> <span class='ocrx_word' id='word_1_516' title='bbox 317 4440 376 4496; x_wconf 70' lang='grc' dir='ltr'>δὲ</span> <span class='ocrx_word' id='word_1_517' title='bbox 408 4442 528 4515; x_wconf 79' lang='grc' dir='ltr'>ψξη⁹</span> <span class='ocrx_word' id='word_1_518' title='bbox 573 4444 674 4512; x_wconf 77' lang='grc' dir='ltr'><strong>τήν</strong></span> <span class='ocrx_word' id='word_1_519' title='bbox 719 4444 1110 4517; x_wconf 79' lang='grc' dir='ltr'>ἀριθμητικὴν,</span> <span class='ocrx_word' id='word_1_520' title='bbox 1141 4444 1200 4506; x_wconf 81' lang='grc' dir='ltr'>’ὀς</span> <span class='ocrx_word' id='word_1_521' title='bbox 1251 4443 1315 4512; x_wconf 74' lang='grc' dir='ltr'><strong>ἦν</strong></span> <span class='ocrx_word' id='word_1_522' title='bbox 1366 4443 1565 4516; x_wconf 84' lang='grc' dir='ltr'>μείζων</span> <span class='ocrx_word' id='word_1_523' title='bbox 1611 4441 1772 4513; x_wconf 74' lang='grc' dir='ltr'>ἄκρος</span> <span class='ocrx_word' id='word_1_524' title='bbox 1813 4448 1908 4498; x_wconf 88' lang='lat'><strong>106</strong></span> 
     </span>
    </p>
   </div>
   <div class='ocr_carea' id='block_1_65' title="bbox 249 4528 1905 4606">
    <p class='ocr_par' dir='ltr' id='par_1_65' title="bbox 249 4528 1905 4606">
     <span class='ocr_line' id='line_1_66' title="bbox 249 4528 1905 4606; baseline 0 -20"><span class='ocrx_word' id='word_1_525' title='bbox 249 4528 574 4587; x_wconf 82' lang='grc' dir='ltr'>διπλασίου.</span> <span class='ocrx_word' id='word_1_526' title='bbox 607 4529 778 4588; x_wconf 83' lang='grc' dir='ltr'>Ηάλιν</span> <span class='ocrx_word' id='word_1_527' title='bbox 813 4531 861 4586; x_wconf 72' lang='grc' dir='ltr'>εἴ</span> <span class='ocrx_word' id='word_1_528' title='bbox 903 4537 999 4586; x_wconf 80' lang='grc' dir='ltr'>τοῦ</span> <span class='ocrx_word' id='word_1_529' title='bbox 1051 4531 1301 4606; x_wconf 75' lang='grc' dir='ltr'>δευτέρου</span> <span class='ocrx_word' id='word_1_530' title='bbox 1351 4528 1643 4587; x_wconf 88' lang='grc' dir='ltr'>διπλασίου</span> <span class='ocrx_word' id='word_1_531' title='bbox 1682 4535 1776 4594; x_wconf 76' lang='grc' dir='ltr'><strong>τας</strong></span> <span class='ocrx_word' id='word_1_532' title='bbox 1812 4533 1905 4587; x_wconf 83' lang='grc' dir='ltr'><strong>αὐ-</strong></span> 
     </span>
    </p>
   </div>
   <div class='ocr_carea' id='block_1_66' title="bbox 2017 1963 3658 2037">
    <p class='ocr_par' dir='ltr' id='par_1_66' title="bbox 2017 1963 3658 2037">
     <span class='ocr_line' id='line_1_67' title="bbox 2017 1963 3658 2037; baseline 0 -17"><span class='ocrx_word' id='word_1_533' title='bbox 2017 1967 2088 2020; x_wconf 93' lang='lat' dir='ltr'><strong>ob</strong></span> <span class='ocrx_word' id='word_1_534' title='bbox 2119 1964 2385 2020; x_wconf 89' lang='lat' dir='ltr'><strong>eamdem</strong></span> <span class='ocrx_word' id='word_1_535' title='bbox 2417 1979 2656 2020; x_wconf 89' lang='lat' dir='ltr'><strong>causam</strong></span> <span class='ocrx_word' id='word_1_536' title='bbox 2684 1979 2804 2029; x_wconf 90' lang='lat' dir='ltr'><strong>eos,</strong></span> <span class='ocrx_word' id='word_1_537' title='bbox 2830 1963 2928 2035; x_wconf 91' lang='lat' dir='ltr'><strong>qui</strong></span> <span class='ocrx_word' id='word_1_538' title='bbox 2952 1968 3010 2018; x_wconf 89' lang='lat' dir='ltr'><strong>et</strong></span> <span class='ocrx_word' id='word_1_539' title='bbox 3037 1968 3169 2020; x_wconf 83' lang='lat' dir='ltr'><strong>ante</strong></span> <span class='ocrx_word' id='word_1_540' title='bbox 3199 1970 3338 2020; x_wconf 90' lang='lat' dir='ltr'><strong>sunt</strong></span> <span class='ocrx_word' id='word_1_541' title='bbox 3358 1969 3416 2020; x_wconf 93' lang='lat' dir='ltr'><strong>et</strong></span> <span class='ocrx_word' id='word_1_542' title='bbox 3435 1965 3536 2037; x_wconf 90' lang='lat' dir='ltr'><strong>qui</strong></span> <span class='ocrx_word' id='word_1_543' title='bbox 3569 1981 3658 2021; x_wconf 90' lang='lat' dir='ltr'><strong>se-</strong></span> 
     </span>
    </p>
   </div>
   <div class='ocr_carea' id='block_1_67' title="bbox 2018 2052 3666 2127">
    <p class='ocr_par' dir='ltr' id='par_1_67' title="bbox 2018 2052 3666 2127">
     <span class='ocr_line' id='line_1_68' title="bbox 2018 2052 3666 2127; baseline 0.001 -18"><span class='ocrx_word' id='word_1_544' title='bbox 2018 2057 2304 2126; x_wconf 88' lang='lat' dir='ltr'><strong>quuntur,</strong></span> <span class='ocrx_word' id='word_1_545' title='bbox 2327 2069 2532 2108; x_wconf 88' lang='lat' dir='ltr'><strong>omnes</strong></span> <span class='ocrx_word' id='word_1_546' title='bbox 2558 2052 2858 2125; x_wconf 90' lang='lat' dir='ltr'><strong>duplicare</strong></span> <span class='ocrx_word' id='word_1_547' title='bbox 2888 2069 3184 2124; x_wconf 83' lang='lat' dir='ltr'><strong>cogemur.</strong></span> <span class='ocrx_word' id='word_1_548' title='bbox 3212 2054 3318 2109; x_wconf 90' lang='lat' dir='ltr'><strong>Pro</strong></span> <span class='ocrx_word' id='word_1_549' title='bbox 3355 2055 3451 2108; x_wconf 75' lang='grc'>192</span> <span class='ocrx_word' id='word_1_550' title='bbox 3479 2054 3666 2127; x_wconf 80' lang='lat' dir='ltr'><strong>igitur</strong></span> 
     </span>
    </p>
   </div>
   <div class='ocr_carea' id='block_1_68' title="bbox 2018 2141 3663 2214">
    <p class='ocr_par' dir='ltr' id='par_1_68' title="bbox 2018 2141 3663 2214">
     <span class='ocr_line' id='line_1_69' title="bbox 2018 2141 3663 2214; baseline 0.001 -17"><span class='ocrx_word' id='word_1_551' title='bbox 2018 2144 2128 2198; x_wconf 89' lang='lat' dir='ltr'><strong>erit</strong></span> <span class='ocrx_word' id='word_1_552' title='bbox 2167 2142 2274 2196; x_wconf 89' lang='lat'><strong>384</strong></span> <span class='ocrx_word' id='word_1_553' title='bbox 2308 2157 2320 2196; x_wconf 88' lang='lat'><strong>:</strong></span> <span class='ocrx_word' id='word_1_554' title='bbox 2357 2158 2460 2212; x_wconf 89' lang='lat' dir='ltr'><strong>pro</strong></span> <span class='ocrx_word' id='word_1_555' title='bbox 2510 2141 2635 2207; x_wconf 89' lang='lat'>246,</span> <span class='ocrx_word' id='word_1_556' title='bbox 2685 2141 2792 2195; x_wconf 88' lang='lat'><strong>432</strong></span> <span class='ocrx_word' id='word_1_557' title='bbox 2826 2157 2838 2196; x_wconf 92' lang='lat'>:</span> <span class='ocrx_word' id='word_1_558' title='bbox 2874 2158 2976 2212; x_wconf 92' lang='lat' dir='ltr'><strong>pro</strong></span> <span class='ocrx_word' id='word_1_559' title='bbox 3023 2142 3151 2207; x_wconf 89' lang='lat'>243,</span> <span class='ocrx_word' id='word_1_560' title='bbox 3202 2142 3307 2196; x_wconf 93' lang='lat'><strong>486</strong></span> <span class='ocrx_word' id='word_1_561' title='bbox 3337 2161 3353 2196; x_wconf 92' lang='lat'><strong><em>:</em></strong></span> <span class='ocrx_word' id='word_1_562' title='bbox 3387 2159 3488 2214; x_wconf 92' lang='lat' dir='ltr'><strong>pro</strong></span> <span class='ocrx_word' id='word_1_563' title='bbox 3534 2143 3663 2213; x_wconf 88' lang='lat'>256,</span> 
     </span>
    </p>
   </div>
   <div class='ocr_carea' id='block_1_69' title="bbox 2015 2229 3663 2303">
    <p class='ocr_par' dir='ltr' id='par_1_69' title="bbox 2015 2229 3663 2303">
     <span class='ocr_line' id='line_1_70' title="bbox 2015 2229 3663 2303; baseline 0.001 -18"><span class='ocrx_word' id='word_1_564' title='bbox 2015 2233 2157 2286; x_wconf 79' lang='lat'><strong>512:</strong></span> <span class='ocrx_word' id='word_1_565' title='bbox 2194 2248 2295 2303; x_wconf 89' lang='lat' dir='ltr'><strong>pro</strong></span> <span class='ocrx_word' id='word_1_566' title='bbox 2325 2231 2451 2298; x_wconf 91' lang='lat'>288,</span> <span class='ocrx_word' id='word_1_567' title='bbox 2477 2231 2604 2296; x_wconf 88' lang='grc'>576,</span> <span class='ocrx_word' id='word_1_568' title='bbox 2637 2229 2882 2302; x_wconf 81' lang='lat' dir='ltr'><strong>ejusque</strong></span> <span class='ocrx_word' id='word_1_569' title='bbox 2911 2231 3352 2298; x_wconf 86' lang='lat' dir='ltr'><strong>sesquioctavus</strong></span> <span class='ocrx_word' id='word_1_570' title='bbox 3384 2247 3663 2288; x_wconf 89' lang='lat' dir='ltr'><strong>numerus</strong></span> 
     </span>
    </p>
   </div>
   <div class='ocr_carea' id='block_1_70' title="bbox 2014 2319 3662 2390">
    <p class='ocr_par' dir='ltr' id='par_1_70' title="bbox 2014 2319 3662 2390">
     <span class='ocr_line' id='line_1_71' title="bbox 2014 2319 3662 2390; baseline -0.001 -15"><span class='ocrx_word' id='word_1_571' title='bbox 2014 2320 2144 2387; x_wconf 72' lang='lat'>648,</span> <span class='ocrx_word' id='word_1_572' title='bbox 2204 2319 2503 2390; x_wconf 89' lang='lat' dir='ltr'><strong>hujusque</strong></span> <span class='ocrx_word' id='word_1_573' title='bbox 2557 2321 3002 2390; x_wconf 87' lang='lat' dir='ltr'><strong>sesquiootavus</strong></span> <span class='ocrx_word' id='word_1_574' title='bbox 3054 2319 3216 2374; x_wconf 86' lang='lat'><strong>729:</strong></span> <span class='ocrx_word' id='word_1_575' title='bbox 3269 2320 3478 2374; x_wconf 89' lang='lat' dir='ltr'><strong>deinde</strong></span> <span class='ocrx_word' id='word_1_576' title='bbox 3533 2321 3662 2390; x_wconf 92' lang='lat'>768,</span> 
     </span>
    </p>
   </div>
   <div class='ocr_carea' id='block_1_71' title="bbox 2018 2407 3664 2481">
    <p class='ocr_par' dir='ltr' id='par_1_71' title="bbox 2018 2407 3664 2481">
     <span class='ocr_line' id='line_1_72' title="bbox 2018 2407 3664 2481; baseline 0.001 -18"><span class='ocrx_word' id='word_1_577' title='bbox 2018 2408 2118 2481; x_wconf 87' lang='lat' dir='ltr'><strong>qui</strong></span> <span class='ocrx_word' id='word_1_578' title='bbox 2147 2407 2364 2479; x_wconf 90' lang='lat' dir='ltr'><strong>duplus</strong></span> <span class='ocrx_word' id='word_1_579' title='bbox 2392 2411 2482 2463; x_wconf 89' lang='lat' dir='ltr'><strong>est</strong></span> <span class='ocrx_word' id='word_1_580' title='bbox 2511 2408 2739 2462; x_wconf 88' lang='lat' dir='ltr'><strong>numeri</strong></span> <span class='ocrx_word' id='word_1_581' title='bbox 2771 2407 2898 2476; x_wconf 90' lang='lat'>384,</span> <span class='ocrx_word' id='word_1_582' title='bbox 2933 2411 2991 2462; x_wconf 92' lang='lat' dir='ltr'><strong>et</strong></span> <span class='ocrx_word' id='word_1_583' title='bbox 3019 2407 3091 2463; x_wconf 91' lang='lat' dir='ltr'><strong>ad</strong></span> <span class='ocrx_word' id='word_1_584' title='bbox 3121 2409 3231 2462; x_wconf 90' lang='lat'><strong>729</strong></span> <span class='ocrx_word' id='word_1_585' title='bbox 3257 2407 3544 2465; x_wconf 84' lang='lat' dir='ltr'><strong>limmatis</strong></span> <span class='ocrx_word' id='word_1_586' title='bbox 3573 2425 3664 2464; x_wconf 89' lang='lat' dir='ltr'><strong>ra-</strong></span> 
     </span>
    </p>
   </div>
   <div class='ocr_carea' id='block_1_72' title="bbox 2017 2496 3757 2570">
    <p class='ocr_par' dir='ltr' id='par_1_72' title="bbox 2017 2496 3757 2570">
     <span class='ocr_line' id='line_1_73' title="bbox 2017 2496 3757 2570; baseline -0.001 -16"><span class='ocrx_word' id='word_1_587' title='bbox 2017 2498 2234 2554; x_wconf 90' lang='lat' dir='ltr'><strong>tionem</strong></span> <span class='ocrx_word' id='word_1_588' title='bbox 2285 2497 2480 2552; x_wconf 85' lang='lat' dir='ltr'><strong>habet.</strong></span> <span class='ocrx_word' id='word_1_589' title='bbox 2515 2501 2698 2568; x_wconf 78' lang='lat' dir='ltr'><strong>Atque</strong></span> <span class='ocrx_word' id='word_1_590' title='bbox 2748 2496 2856 2552; x_wconf 90' lang='lat' dir='ltr'><strong>hoc</strong></span> <span class='ocrx_word' id='word_1_591' title='bbox 2904 2497 3142 2552; x_wconf 89' lang='lat' dir='ltr'><strong>demum</strong></span> <span class='ocrx_word' id='word_1_592' title='bbox 3194 2498 3366 2554; x_wconf 90' lang='lat' dir='ltr'><strong>modo</strong></span> <span class='ocrx_word' id='word_1_593' title='bbox 3415 2497 3665 2570; x_wconf 89' lang='lat' dir='ltr'><strong>duplum</strong></span> <span class='ocrx_word' id='word_1_594' title='bbox 3752 2556 3757 2562; x_wconf 61' lang='grc'><strong>,</strong></span> 
     </span>
    </p>
   </div>
   <div class='ocr_carea' id='block_1_73' title="bbox 2017 2585 3668 2656">
    <p class='ocr_par' dir='ltr' id='par_1_73' title="bbox 2017 2585 3668 2656">
     <span class='ocr_line' id='line_1_74' title="bbox 2017 2585 3668 2656; baseline 0.001 -14"><span class='ocrx_word' id='word_1_595' title='bbox 2017 2586 2390 2643; x_wconf 87' lang='lat' dir='ltr'><strong>intervallum</strong></span> <span class='ocrx_word' id='word_1_596' title='bbox 2421 2585 2826 2656; x_wconf 89' lang='lat' dir='ltr'><strong>sesquialteris</strong></span> <span class='ocrx_word' id='word_1_597' title='bbox 2847 2595 2901 2641; x_wconf 86' lang='lat' dir='ltr'><strong>el</strong></span> <span class='ocrx_word' id='word_1_598' title='bbox 2922 2585 3317 2656; x_wconf 89' lang='lat' dir='ltr'><strong>sesquitertiis</strong></span> <span class='ocrx_word' id='word_1_599' title='bbox 3341 2587 3668 2643; x_wconf 85' lang='lat' dir='ltr'><strong>rationibus</strong></span> 
     </span>
    </p>
   </div>
   <div class='ocr_carea' id='block_1_74' title="bbox 2019 2673 3670 2748">
    <p class='ocr_par' dir='ltr' id='par_1_74' title="bbox 2019 2673 3670 2748">
     <span class='ocr_line' id='line_1_75' title="bbox 2019 2673 3670 2748; baseline 0 -16"><span class='ocrx_word' id='word_1_600' title='bbox 2019 2693 2120 2748; x_wconf 91' lang='lat' dir='ltr'><strong>per</strong></span> <span class='ocrx_word' id='word_1_601' title='bbox 2151 2676 2254 2731; x_wconf 88' lang='lat' dir='ltr'><strong>bos</strong></span> <span class='ocrx_word' id='word_1_602' title='bbox 2285 2690 2564 2729; x_wconf 90' lang='lat' dir='ltr'><strong>numeros</strong></span> <span class='ocrx_word' id='word_1_603' title='bbox 2591 2673 2720 2738; x_wconf 86' lang='lat'>384,</span> <span class='ocrx_word' id='word_1_604' title='bbox 2751 2674 2877 2743; x_wconf 88' lang='lat'><strong>432,</strong></span> <span class='ocrx_word' id='word_1_605' title='bbox 2914 2675 3035 2743; x_wconf 88' lang='lat'>486,</span> <span class='ocrx_word' id='word_1_606' title='bbox 3067 2675 3194 2744; x_wconf 89' lang='lat'>543,</span> <span class='ocrx_word' id='word_1_607' title='bbox 3226 2675 3354 2746; x_wconf 87' lang='lat'>576,</span> <span class='ocrx_word' id='word_1_608' title='bbox 3384 2677 3512 2739; x_wconf 92' lang='lat'>648,</span> <span class='ocrx_word' id='word_1_609' title='bbox 3541 2676 3670 2741; x_wconf 87' lang='lat'>729,</span> 
     </span>
    </p>
   </div>
   <div class='ocr_carea' id='block_1_75' title="bbox 2012 2762 3671 2837">
    <p class='ocr_par' dir='ltr' id='par_1_75' title="bbox 2012 2762 3671 2837">
     <span class='ocr_line' id='line_1_76' title="bbox 2012 2762 3671 2837; baseline 0.001 -18"><span class='ocrx_word' id='word_1_610' title='bbox 2012 2766 2120 2821; x_wconf 91' lang='lat'>768</span> <span class='ocrx_word' id='word_1_611' title='bbox 2149 2763 2444 2837; x_wconf 86' lang='lat' dir='ltr'><strong>expletum</strong></span> <span class='ocrx_word' id='word_1_612' title='bbox 2495 2767 2604 2818; x_wconf 87' lang='lat' dir='ltr'><strong>est.</strong></span> <span class='ocrx_word' id='word_1_613' title='bbox 2640 2763 2841 2834; x_wconf 80' lang='lat' dir='ltr'><strong>Itaque</strong></span> <span class='ocrx_word' id='word_1_614' title='bbox 2873 2762 2920 2818; x_wconf 90' lang='lat' dir='ltr'><strong>si</strong></span> <span class='ocrx_word' id='word_1_615' title='bbox 2952 2767 3141 2818; x_wconf 88' lang='lat' dir='ltr'><strong>totum</strong></span> <span class='ocrx_word' id='word_1_616' title='bbox 3175 2764 3547 2836; x_wconf 87' lang='lat' dir='ltr'><strong>diagramma</strong></span> <span class='ocrx_word' id='word_1_617' title='bbox 3576 2782 3671 2820; x_wconf 83' lang='lat' dir='ltr'><strong>ex-</strong></span> 
     </span>
    </p>
   </div>
   <div class='ocr_carea' id='block_1_76' title="bbox 2016 2851 3672 2927">
    <p class='ocr_par' dir='ltr' id='par_1_76' title="bbox 2016 2851 3672 2927">
     <span class='ocr_line' id='line_1_77' title="bbox 2016 2851 3672 2927; baseline -0.002 -17"><span class='ocrx_word' id='word_1_618' title='bbox 2016 2854 2172 2927; x_wconf 89' lang='lat' dir='ltr'><strong>plere</strong></span> <span class='ocrx_word' id='word_1_619' title='bbox 2202 2853 2496 2924; x_wconf 88' lang='lat' dir='ltr'><strong>cupimus,</strong></span> <span class='ocrx_word' id='word_1_620' title='bbox 2531 2855 2847 2924; x_wconf 83' lang='lat' dir='ltr'><strong>postquam</strong></span> <span class='ocrx_word' id='word_1_621' title='bbox 2879 2851 3084 2906; x_wconf 90' lang='lat' dir='ltr'><strong>ordine</strong></span> <span class='ocrx_word' id='word_1_622' title='bbox 3133 2868 3236 2923; x_wconf 92' lang='lat' dir='ltr'><strong>pro</strong></span> <span class='ocrx_word' id='word_1_623' title='bbox 3289 2855 3479 2923; x_wconf 88' lang='lat' dir='ltr'><strong>prima</strong></span> <span class='ocrx_word' id='word_1_624' title='bbox 3509 2856 3672 2924; x_wconf 89' lang='lat' dir='ltr'><strong>parte</strong></span> 
     </span>
    </p>
   </div>
   <div class='ocr_carea' id='block_1_77' title="bbox 2016 2940 3666 3012">
    <p class='ocr_par' dir='ltr' id='par_1_77' title="bbox 2016 2940 3666 3012">
     <span class='ocr_line' id='line_1_78' title="bbox 2016 2940 3666 3012; baseline -0.001 -13"><span class='ocrx_word' id='word_1_625' title='bbox 2016 2959 2328 2999; x_wconf 84' lang='lat' dir='ltr'><strong>numerum</strong></span> <span class='ocrx_word' id='word_1_626' title='bbox 2360 2942 2465 2997; x_wconf 89' lang='lat'><strong>384</strong></span> <span class='ocrx_word' id='word_1_627' title='bbox 2501 2940 2946 3009; x_wconf 85' lang='lat' dir='ltr'><strong>substituimus,</strong></span> <span class='ocrx_word' id='word_1_628' title='bbox 2980 2957 3081 3011; x_wconf 91' lang='lat' dir='ltr'><strong>pro</strong></span> <span class='ocrx_word' id='word_1_629' title='bbox 3113 2942 3374 2996; x_wconf 90' lang='lat' dir='ltr'><strong>secunda</strong></span> <span class='ocrx_word' id='word_1_630' title='bbox 3401 2941 3528 3011; x_wconf 83' lang='lat'>768,</span> <span class='ocrx_word' id='word_1_631' title='bbox 3564 2959 3666 3012; x_wconf 89' lang='lat' dir='ltr'><strong>pro</strong></span> 
     </span>
    </p>
   </div>
   <div class='ocr_carea' id='block_1_78' title="bbox 2015 3029 3667 3103">
    <p class='ocr_par' dir='ltr' id='par_1_78' title="bbox 2015 3029 3667 3103">
     <span class='ocr_line' id='line_1_79' title="bbox 2015 3029 3667 3103; baseline -0.002 -15"><span class='ocrx_word' id='word_1_632' title='bbox 2015 3034 2189 3088; x_wconf 87' lang='lat' dir='ltr'><strong>tertia</strong></span> <span class='ocrx_word' id='word_1_633' title='bbox 2246 3036 2427 3103; x_wconf 88' lang='lat' dir='ltr'><strong>parte,</strong></span> <span class='ocrx_word' id='word_1_634' title='bbox 2491 3029 2667 3102; x_wconf 88' lang='lat' dir='ltr'><strong>tripla</strong></span> <span class='ocrx_word' id='word_1_635' title='bbox 2729 3029 2931 3102; x_wconf 63' lang='lat' dir='ltr'><strong>prima</strong></span> <span class='ocrx_word' id='word_1_636' title='bbox 2991 3029 3222 3100; x_wconf 90' lang='lat' dir='ltr'><strong>(partis)</strong></span> <span class='ocrx_word' id='word_1_637' title='bbox 3277 3031 3667 3102; x_wconf 73' lang='lat' dir='ltr'><strong>secundaeque</strong></span> 
     </span>
    </p>
   </div>
   <div class='ocr_carea' id='block_1_79' title="bbox 2013 3117 3664 3194">
    <p class='ocr_par' dir='ltr' id='par_1_79' title="bbox 2013 3117 3664 3194">
     <span class='ocr_line' id='line_1_80' title="bbox 2013 3117 3664 3194; baseline -0.002 -17"><span class='ocrx_word' id='word_1_638' title='bbox 2013 3121 2212 3194; x_wconf 77' lang='lat' dir='ltr'><strong>dupla,</strong></span> <span class='ocrx_word' id='word_1_639' title='bbox 2240 3120 2402 3175; x_wconf 88' lang='lat'>4452.</span> <span class='ocrx_word' id='word_1_640' title='bbox 2434 3135 2536 3190; x_wconf 89' lang='lat' dir='ltr'><strong>pro</strong></span> <span class='ocrx_word' id='word_1_641' title='bbox 2567 3122 2800 3190; x_wconf 90' lang='lat' dir='ltr'><strong>quarta,</strong></span> <span class='ocrx_word' id='word_1_642' title='bbox 2835 3119 3103 3174; x_wconf 67' lang='lat' dir='ltr'><strong>secundm</strong></span> <span class='ocrx_word' id='word_1_643' title='bbox 3136 3117 3334 3189; x_wconf 90' lang='lat' dir='ltr'><strong>dupla,</strong></span> <span class='ocrx_word' id='word_1_644' title='bbox 3368 3118 3527 3182; x_wconf 89' lang='lat'>4536,</span> <span class='ocrx_word' id='word_1_645' title='bbox 3563 3135 3664 3190; x_wconf 91' lang='lat' dir='ltr'><strong>pro</strong></span> 
     </span>
    </p>
   </div>
   <div class='ocr_carea' id='block_1_80' title="bbox 2018 3207 3668 3282">
    <p class='ocr_par' dir='ltr' id='par_1_80' title="bbox 2018 3207 3668 3282">
     <span class='ocr_line' id='line_1_81' title="bbox 2018 3207 3668 3282; baseline -0.002 -17"><span class='ocrx_word' id='word_1_646' title='bbox 2018 3211 2248 3282; x_wconf 90' lang='lat' dir='ltr'><strong>quinta,</strong></span> <span class='ocrx_word' id='word_1_647' title='bbox 2281 3208 2465 3264; x_wconf 83' lang='lat' dir='ltr'><strong>tertiae</strong></span> <span class='ocrx_word' id='word_1_648' title='bbox 2514 3207 2708 3279; x_wconf 87' lang='lat' dir='ltr'><strong>tripla,</strong></span> <span class='ocrx_word' id='word_1_649' title='bbox 2740 3207 2902 3273; x_wconf 88' lang='lat'>3456,</span> <span class='ocrx_word' id='word_1_650' title='bbox 2936 3223 3040 3279; x_wconf 90' lang='lat' dir='ltr'><strong>pro</strong></span> <span class='ocrx_word' id='word_1_651' title='bbox 3086 3212 3272 3276; x_wconf 80' lang='lat' dir='ltr'><strong>sexta,</strong></span> <span class='ocrx_word' id='word_1_652' title='bbox 3305 3223 3432 3277; x_wconf 71' lang='lat' dir='ltr'><strong>quea</strong></span> <span class='ocrx_word' id='word_1_653' title='bbox 3467 3207 3668 3277; x_wconf 65' lang='lat' dir='ltr'><strong>prima;</strong></span> 
     </span>
    </p>
   </div>
   <div class='ocr_carea' id='block_1_81' title="bbox 2019 3295 3677 3369">
    <p class='ocr_par' dir='ltr' id='par_1_81' title="bbox 2019 3295 3677 3369">
     <span class='ocr_line' id='line_1_82' title="bbox 2019 3295 3677 3369; baseline -0.001 -15"><span class='ocrx_word' id='word_1_654' title='bbox 2019 3297 2256 3369; x_wconf 89' lang='lat' dir='ltr'><strong>ootupla</strong></span> <span class='ocrx_word' id='word_1_655' title='bbox 2313 3300 2422 3364; x_wconf 89' lang='lat' dir='ltr'><strong>est,</strong></span> <span class='ocrx_word' id='word_1_656' title='bbox 2471 3296 2637 3364; x_wconf 88' lang='lat'><strong>3072,</strong></span> <span class='ocrx_word' id='word_1_657' title='bbox 2686 3312 2790 3368; x_wconf 92' lang='lat' dir='ltr'><strong>pro</strong></span> <span class='ocrx_word' id='word_1_658' title='bbox 2845 3295 3118 3367; x_wconf 88' lang='lat' dir='ltr'><strong>septima,</strong></span> <span class='ocrx_word' id='word_1_659' title='bbox 3159 3311 3286 3367; x_wconf 64' lang='lat' dir='ltr'><strong>quae</strong></span> <span class='ocrx_word' id='word_1_660' title='bbox 3345 3301 3568 3368; x_wconf 86' lang='lat' dir='ltr'><strong>septem</strong></span> <span class='ocrx_word' id='word_1_661' title='bbox 3619 3301 3677 3352; x_wconf 89' lang='lat' dir='ltr'><strong>et</strong></span> 
     </span>
    </p>
   </div>
   <div class='ocr_carea' id='block_1_82' title="bbox 2019 3384 3673 3458">
    <p class='ocr_par' dir='ltr' id='par_1_82' title="bbox 2019 3384 3673 3458">
     <span class='ocr_line' id='line_1_83' title="bbox 2019 3384 3673 3458; baseline -0.001 -16"><span class='ocrx_word' id='word_1_662' title='bbox 2019 3387 2222 3458; x_wconf 87' lang='lat' dir='ltr'><strong>viginti</strong></span> <span class='ocrx_word' id='word_1_663' title='bbox 2263 3385 2530 3458; x_wconf 88' lang='lat' dir='ltr'><strong>partibus</strong></span> <span class='ocrx_word' id='word_1_664' title='bbox 2582 3384 2874 3440; x_wconf 87' lang='lat' dir='ltr'><strong>antecedit</strong></span> <span class='ocrx_word' id='word_1_665' title='bbox 2922 3385 3197 3455; x_wconf 89' lang='lat' dir='ltr'><strong>primam,</strong></span> <span class='ocrx_word' id='word_1_666' title='bbox 3231 3385 3444 3440; x_wconf 88' lang='lat'>40368:</span> <span class='ocrx_word' id='word_1_667' title='bbox 3481 3385 3530 3440; x_wconf 89' lang='lat' dir='ltr'><strong>si</strong></span> <span class='ocrx_word' id='word_1_668' title='bbox 3564 3384 3673 3441; x_wconf 88' lang='lat' dir='ltr'><strong>has</strong></span> 
     </span>
    </p>
   </div>
   <div class='ocr_carea' id='block_1_83' title="bbox 2019 3473 3671 3548">
    <p class='ocr_par' dir='ltr' id='par_1_83' title="bbox 2019 3473 3671 3548">
     <span class='ocr_line' id='line_1_84' title="bbox 2019 3473 3671 3548; baseline -0.002 -17"><span class='ocrx_word' id='word_1_669' title='bbox 2019 3476 2200 3548; x_wconf 88' lang='lat' dir='ltr'><strong>igitur</strong></span> <span class='ocrx_word' id='word_1_670' title='bbox 2241 3473 2602 3530; x_wconf 88' lang='lat' dir='ltr'><strong>harmonicis</strong></span> <span class='ocrx_word' id='word_1_671' title='bbox 2631 3477 2689 3528; x_wconf 91' lang='lat' dir='ltr'><strong>et</strong></span> <span class='ocrx_word' id='word_1_672' title='bbox 2718 3473 3105 3528; x_wconf 88' lang='lat' dir='ltr'><strong>arithmeticis</strong></span> <span class='ocrx_word' id='word_1_673' title='bbox 3136 3473 3367 3545; x_wconf 82' lang='lat' dir='ltr'><strong>explere</strong></span> <span class='ocrx_word' id='word_1_674' title='bbox 3396 3474 3671 3546; x_wconf 89' lang='lat' dir='ltr'><strong>cupimus</strong></span> 
     </span>
    </p>
   </div>
   <div class='ocr_carea' id='block_1_84' title="bbox 2020 3561 3669 3634">
    <p class='ocr_par' dir='ltr' id='par_1_84' title="bbox 2020 3561 3669 3634">
     <span class='ocr_line' id='line_1_85' title="bbox 2020 3561 3669 3634; baseline -0.002 -15"><span class='ocrx_word' id='word_1_675' title='bbox 2020 3562 2454 3627; x_wconf 89' lang='lat' dir='ltr'><strong>medietatibus,</strong></span> <span class='ocrx_word' id='word_1_676' title='bbox 2477 3579 2606 3634; x_wconf 59' lang='lat' dir='ltr'><strong>quae</strong></span> <span class='ocrx_word' id='word_1_677' title='bbox 2630 3563 2910 3633; x_wconf 64' lang='lat' dir='ltr'><strong>appositae</strong></span> <span class='ocrx_word' id='word_1_678' title='bbox 2937 3561 3326 3632; x_wconf 89' lang='lat' dir='ltr'><strong>sesquialtera</strong></span> <span class='ocrx_word' id='word_1_679' title='bbox 3351 3566 3410 3618; x_wconf 92' lang='lat' dir='ltr'><strong>et</strong></span> <span class='ocrx_word' id='word_1_680' title='bbox 3439 3562 3669 3634; x_wconf 87' lang='lat' dir='ltr'><strong>sesqui-</strong></span> 
     </span>
    </p>
   </div>
   <div class='ocr_carea' id='block_1_85' title="bbox 2017 3650 3667 3722">
    <p class='ocr_par' dir='ltr' id='par_1_85' title="bbox 2017 3650 3667 3722">
     <span class='ocr_line' id='line_1_86' title="bbox 2017 3650 3667 3722; baseline -0.002 -12"><span class='ocrx_word' id='word_1_681' title='bbox 2017 3655 2192 3710; x_wconf 89' lang='lat' dir='ltr'><strong>tertia</strong></span> <span class='ocrx_word' id='word_1_682' title='bbox 2245 3651 2551 3708; x_wconf 88' lang='lat' dir='ltr'><strong>intervalla</strong></span> <span class='ocrx_word' id='word_1_683' title='bbox 2606 3650 2886 3718; x_wconf 82' lang='lat' dir='ltr'><strong>efficiant,</strong></span> <span class='ocrx_word' id='word_1_684' title='bbox 2928 3652 3082 3706; x_wconf 89' lang='lat' dir='ltr'><strong>inter</strong></span> <span class='ocrx_word' id='word_1_685' title='bbox 3136 3652 3240 3706; x_wconf 89' lang='lat'><strong>384</strong></span> <span class='ocrx_word' id='word_1_686' title='bbox 3300 3657 3356 3707; x_wconf 80' lang='lat' dir='ltr'><strong>et</strong></span> <span class='ocrx_word' id='word_1_687' title='bbox 3409 3651 3536 3722; x_wconf 87' lang='lat'>768,</span> <span class='ocrx_word' id='word_1_688' title='bbox 3570 3652 3667 3722; x_wconf 90' lang='lat' dir='ltr'><strong>qui</strong></span> 
     </span>
    </p>
   </div>
   <div class='ocr_carea' id='block_1_86' title="bbox 2019 3739 3671 3812">
    <p class='ocr_par' dir='ltr' id='par_1_86' title="bbox 2019 3739 3671 3812">
     <span class='ocr_line' id='line_1_87' title="bbox 2019 3739 3671 3812; baseline -0.002 -14"><span class='ocrx_word' id='word_1_689' title='bbox 2019 3743 2248 3798; x_wconf 89' lang='lat' dir='ltr'><strong>numeri</strong></span> <span class='ocrx_word' id='word_1_690' title='bbox 2300 3745 2440 3796; x_wconf 87' lang='lat' dir='ltr'><strong>sunt</strong></span> <span class='ocrx_word' id='word_1_691' title='bbox 2486 3739 2674 3812; x_wconf 67' lang='lat' dir='ltr'><strong>dupla:</strong></span> <span class='ocrx_word' id='word_1_692' title='bbox 2722 3739 2986 3810; x_wconf 87' lang='lat' dir='ltr'><strong>rationis,</strong></span> <span class='ocrx_word' id='word_1_693' title='bbox 3018 3740 3384 3796; x_wconf 84' lang='lat' dir='ltr'><strong>intercedant</strong></span> <span class='ocrx_word' id='word_1_694' title='bbox 3412 3739 3538 3810; x_wconf 83' lang='grc'>542,</span> <span class='ocrx_word' id='word_1_695' title='bbox 3568 3740 3671 3812; x_wconf 88' lang='lat' dir='ltr'><strong>qui</strong></span> 
     </span>
    </p>
   </div>
   <div class='ocr_carea' id='block_1_87' title="bbox 2018 3829 3669 3901">
    <p class='ocr_par' dir='ltr' id='par_1_87' title="bbox 2018 3829 3669 3901">
     <span class='ocr_line' id='line_1_88' title="bbox 2018 3829 3669 3901; baseline -0.002 -13"><span class='ocrx_word' id='word_1_696' title='bbox 2018 3831 2422 3888; x_wconf 89' lang='lat' dir='ltr'><strong>harmonicam</strong></span> <span class='ocrx_word' id='word_1_697' title='bbox 2455 3829 2592 3885; x_wconf 83' lang='lat' dir='ltr'><strong>facit</strong></span> <span class='ocrx_word' id='word_1_698' title='bbox 2637 3829 3034 3896; x_wconf 88' lang='lat' dir='ltr'><strong>medietatem,</strong></span> <span class='ocrx_word' id='word_1_699' title='bbox 3067 3835 3124 3885; x_wconf 88' lang='lat' dir='ltr'><strong>et</strong></span> <span class='ocrx_word' id='word_1_700' title='bbox 3153 3830 3226 3898; x_wconf 88' lang='lat' dir='ltr'><strong>is,</strong></span> <span class='ocrx_word' id='word_1_701' title='bbox 3260 3831 3358 3901; x_wconf 89' lang='lat' dir='ltr'><strong>qui</strong></span> <span class='ocrx_word' id='word_1_702' title='bbox 3391 3829 3669 3885; x_wconf 88' lang='lat' dir='ltr'><strong>arithme-</strong></span> 
     </span>
    </p>
   </div>
   <div class='ocr_carea' id='block_1_88' title="bbox 2018 3917 3672 3990">
    <p class='ocr_par' dir='ltr' id='par_1_88' title="bbox 2018 3917 3672 3990">
     <span class='ocr_line' id='line_1_89' title="bbox 2018 3917 3672 3990; baseline -0.002 -15"><span class='ocrx_word' id='word_1_703' title='bbox 2018 3920 2191 3976; x_wconf 88' lang='lat' dir='ltr'><strong>ticam</strong></span> <span class='ocrx_word' id='word_1_704' title='bbox 2253 3919 2627 3974; x_wconf 81' lang='lat' dir='ltr'><strong>medietatem</strong></span> <span class='ocrx_word' id='word_1_705' title='bbox 2681 3917 2882 3988; x_wconf 85' lang='lat' dir='ltr'><strong>efﬁcit,</strong></span> <span class='ocrx_word' id='word_1_706' title='bbox 2929 3917 3055 3973; x_wconf 85' lang='lat'>576.</span> <span class='ocrx_word' id='word_1_707' title='bbox 3111 3918 3214 3974; x_wconf 87' lang='lat' dir='ltr'><strong>Sin</strong></span> <span class='ocrx_word' id='word_1_708' title='bbox 3265 3923 3461 3974; x_wconf 86' lang='lat' dir='ltr'><strong>autem</strong></span> <span class='ocrx_word' id='word_1_709' title='bbox 3512 3917 3672 3990; x_wconf 90' lang='lat' dir='ltr'><strong>tripli</strong></span> 
     </span>
    </p>
   </div>
   <div class='ocr_carea' id='block_1_89' title="bbox 2017 4006 3669 4075">
    <p class='ocr_par' dir='ltr' id='par_1_89' title="bbox 2017 4006 3669 4075">
     <span class='ocr_line' id='line_1_90' title="bbox 2017 4006 3669 4075; baseline -0.002 -11"><span class='ocrx_word' id='word_1_710' title='bbox 2017 4007 2330 4075; x_wconf 89' lang='lat' dir='ltr'><strong>intervalli,</strong></span> <span class='ocrx_word' id='word_1_711' title='bbox 2361 4007 2466 4064; x_wconf 87' lang='lat'><strong>384</strong></span> <span class='ocrx_word' id='word_1_712' title='bbox 2524 4007 2652 4062; x_wconf 90' lang='lat' dir='ltr'><strong>dico</strong></span> <span class='ocrx_word' id='word_1_713' title='bbox 2699 4011 2756 4063; x_wconf 87' lang='lat' dir='ltr'><strong>et</strong></span> <span class='ocrx_word' id='word_1_714' title='bbox 2806 4006 2947 4062; x_wconf 88' lang='grc'>4452</span> <span class='ocrx_word' id='word_1_715' title='bbox 2996 4023 3400 4074; x_wconf 90' lang='lat' dir='ltr'><strong>numerorum,</strong></span> <span class='ocrx_word' id='word_1_716' title='bbox 3453 4007 3669 4063; x_wconf 88' lang='lat' dir='ltr'><strong>medie-</strong></span> 
     </span>
    </p>
   </div>
   <div class='ocr_carea' id='block_1_90' title="bbox 2017 4095 3672 4168">
    <p class='ocr_par' dir='ltr' id='par_1_90' title="bbox 2017 4095 3672 4168">
     <span class='ocr_line' id='line_1_91' title="bbox 2017 4095 3672 4168; baseline -0.002 -14"><span class='ocrx_word' id='word_1_717' title='bbox 2017 4103 2168 4154; x_wconf 85' lang='lat' dir='ltr'><strong>tates</strong></span> <span class='ocrx_word' id='word_1_718' title='bbox 2199 4096 2516 4163; x_wconf 87' lang='lat' dir='ltr'><strong>sumimus,</strong></span> <span class='ocrx_word' id='word_1_719' title='bbox 2548 4111 2831 4152; x_wconf 88' lang='lat' dir='ltr'><strong>numerus</strong></span> <span class='ocrx_word' id='word_1_720' title='bbox 2859 4096 2986 4163; x_wconf 76' lang='grc'>576,</span> <span class='ocrx_word' id='word_1_721' title='bbox 3012 4095 3112 4168; x_wconf 91' lang='lat' dir='ltr'><strong>qui</strong></span> <span class='ocrx_word' id='word_1_722' title='bbox 3144 4096 3203 4151; x_wconf 93' lang='lat' dir='ltr'><strong>in</strong></span> <span class='ocrx_word' id='word_1_723' title='bbox 3236 4095 3417 4168; x_wconf 89' lang='lat' dir='ltr'><strong>dupla</strong></span> <span class='ocrx_word' id='word_1_724' title='bbox 3449 4096 3672 4151; x_wconf 86' lang='lat' dir='ltr'><strong>ratione</strong></span> 
     </span>
    </p>
   </div>
   <div class='ocr_carea' id='block_1_91' title="bbox 2018 4184 3670 4255">
    <p class='ocr_par' dir='ltr' id='par_1_91' title="bbox 2018 4184 3670 4255">
     <span class='ocr_line' id='line_1_92' title="bbox 2018 4184 3670 4255; baseline -0.003 -12"><span class='ocrx_word' id='word_1_725' title='bbox 2018 4187 2444 4244; x_wconf 88' lang='lat' dir='ltr'><strong>arithmeticam</strong></span> <span class='ocrx_word' id='word_1_726' title='bbox 2491 4185 2864 4241; x_wconf 88' lang='lat' dir='ltr'><strong>medietatem</strong></span> <span class='ocrx_word' id='word_1_727' title='bbox 2917 4184 3216 4255; x_wconf 82' lang='lat' dir='ltr'><strong>implebat,</strong></span> <span class='ocrx_word' id='word_1_728' title='bbox 3266 4184 3670 4241; x_wconf 87' lang='lat' dir='ltr'><strong>harmonicam</strong></span> 
     </span>
    </p>
   </div>
   <div class='ocr_carea' id='block_1_92' title="bbox 2017 4273 3670 4342">
    <p class='ocr_par' dir='ltr' id='par_1_92' title="bbox 2017 4273 3670 4342">
     <span class='ocr_line' id='line_1_93' title="bbox 2017 4273 3670 4342; baseline -0.004 -9"><span class='ocrx_word' id='word_1_729' title='bbox 2017 4281 2216 4332; x_wconf 87' lang='lat' dir='ltr'><strong>tuetur</strong></span> <span class='ocrx_word' id='word_1_730' title='bbox 2264 4275 2659 4341; x_wconf 87' lang='lat' dir='ltr'><strong>medietatem,</strong></span> <span class='ocrx_word' id='word_1_731' title='bbox 2691 4273 3124 4328; x_wconf 84' lang='lat' dir='ltr'><strong>arithmeticam</strong></span> <span class='ocrx_word' id='word_1_732' title='bbox 3175 4278 3370 4328; x_wconf 90' lang='lat' dir='ltr'><strong>autem</strong></span> <span class='ocrx_word' id='word_1_733' title='bbox 3407 4274 3536 4342; x_wconf 83' lang='lat'>768,</span> <span class='ocrx_word' id='word_1_734' title='bbox 3569 4273 3670 4342; x_wconf 89' lang='lat' dir='ltr'><strong>qui</strong></span> 
     </span>
    </p>
   </div>
   <div class='ocr_carea' id='block_1_93' title="bbox 2019 4363 3673 4436">
    <p class='ocr_par' dir='ltr' id='par_1_93' title="bbox 2019 4363 3673 4436">
     <span class='ocr_line' id='line_1_94' title="bbox 2019 4363 3673 4436; baseline -0.002 -16"><span class='ocrx_word' id='word_1_735' title='bbox 2019 4365 2212 4436; x_wconf 67' lang='lat' dir='ltr'><strong>duplae</strong></span> <span class='ocrx_word' id='word_1_736' title='bbox 2262 4363 2507 4420; x_wconf 90' lang='lat' dir='ltr'><strong>rationis</strong></span> <span class='ocrx_word' id='word_1_737' title='bbox 2559 4364 2747 4434; x_wconf 89' lang='lat' dir='ltr'><strong>major</strong></span> <span class='ocrx_word' id='word_1_738' title='bbox 2795 4368 2918 4418; x_wconf 86' lang='lat' dir='ltr'><strong>erat</strong></span> <span class='ocrx_word' id='word_1_739' title='bbox 2967 4363 3305 4434; x_wconf 88' lang='lat' dir='ltr'><strong>(terminus)</strong></span> <span class='ocrx_word' id='word_1_740' title='bbox 3352 4367 3673 4418; x_wconf 68' lang='lat' dir='ltr'><strong>extremus.-</strong></span> 
     </span>
    </p>
   </div>
   <div class='ocr_carea' id='block_1_94' title="bbox 2019 4451 3673 4523">
    <p class='ocr_par' dir='ltr' id='par_1_94' title="bbox 2019 4451 3673 4523">
     <span class='ocr_line' id='line_1_95' title="bbox 2019 4451 3673 4523; baseline -0.003 -12"><span class='ocrx_word' id='word_1_741' title='bbox 2019 4455 2077 4511; x_wconf 89' lang='lat' dir='ltr'><strong>Si</strong></span> <span class='ocrx_word' id='word_1_742' title='bbox 2112 4471 2317 4510; x_wconf 86' lang='lat' dir='ltr'><strong>rursus</strong></span> <span class='ocrx_word' id='word_1_743' title='bbox 2353 4458 2589 4510; x_wconf 89' lang='lat' dir='ltr'><strong>easdem</strong></span> <span class='ocrx_word' id='word_1_744' title='bbox 2620 4452 2894 4508; x_wconf 89' lang='lat' dir='ltr'><strong>volumus</strong></span> <span class='ocrx_word' id='word_1_745' title='bbox 2945 4453 3214 4508; x_wconf 79' lang='lat' dir='ltr'><strong>secundae</strong></span> <span class='ocrx_word' id='word_1_746' title='bbox 3245 4451 3441 4523; x_wconf 75' lang='lat' dir='ltr'><strong>duplae</strong></span> <span class='ocrx_word' id='word_1_747' title='bbox 3492 4451 3673 4506; x_wconf 86' lang='lat' dir='ltr'><strong>ratio-</strong></span> 
     </span>
    </p>
   </div>
   <div class='ocr_carea' id='block_1_95' title="bbox 2020 4540 3675 4614">
    <p class='ocr_par' dir='ltr' id='par_1_95' title="bbox 2020 4540 3675 4614">
     <span class='ocr_line' id='line_1_96' title="bbox 2020 4540 3675 4614; baseline -0.002 -16"><span class='ocrx_word' id='word_1_748' title='bbox 2020 4544 2112 4600; x_wconf 90' lang='lat' dir='ltr'><strong>nis</strong></span> <span class='ocrx_word' id='word_1_749' title='bbox 2146 4544 2487 4599; x_wconf 86' lang='lat' dir='ltr'><strong>medietates</strong></span> <span class='ocrx_word' id='word_1_750' title='bbox 2516 4542 2774 4614; x_wconf 89' lang='lat' dir='ltr'><strong>assequi,</strong></span> <span class='ocrx_word' id='word_1_751' title='bbox 2805 4541 2958 4597; x_wconf 90' lang='lat' dir='ltr'><strong>inter</strong></span> <span class='ocrx_word' id='word_1_752' title='bbox 2983 4542 3092 4597; x_wconf 89' lang='lat'><strong>768</strong></span> <span class='ocrx_word' id='word_1_753' title='bbox 3113 4545 3169 4597; x_wconf 90' lang='lat' dir='ltr'><strong>et</strong></span> <span class='ocrx_word' id='word_1_754' title='bbox 3201 4541 3342 4597; x_wconf 89' lang='grc'>4536</span> <span class='ocrx_word' id='word_1_755' title='bbox 3372 4541 3503 4613; x_wconf 88' lang='lat' dir='ltr'><strong>(erit</strong></span> <span class='ocrx_word' id='word_1_756' title='bbox 3535 4540 3675 4596; x_wconf 84' lang='lat'>4024</span> 
     </span>
    </p>
   </div>
   <div class='ocr_carea' id='block_1_96' title="bbox 245 4614 1903 4697">
    <p class='ocr_par' dir='ltr' id='par_1_96' title="bbox 245 4614 1903 4692">
     <span class='ocr_line' id='line_1_97' title="bbox 245 4614 1903 4692; baseline 0.001 -18"><span class='ocrx_word' id='word_1_757' title='bbox 245 4618 350 4680; x_wconf 79' lang='grc' dir='ltr'>τὰς</span> <span class='ocrx_word' id='word_1_758' title='bbox 411 4618 714 4692; x_wconf 77' lang='grc' dir='ltr'>θελήσομεν</span> <span class='ocrx_word' id='word_1_759' title='bbox 778 4618 1081 4692; x_wconf 80' lang='grc' dir='ltr'>μεσότητας</span> <span class='ocrx_word' id='word_1_760' title='bbox 1146 4614 1372 4686; x_wconf 78' lang='grc' dir='ltr'>Λαϐεῖν,</span> <span class='ocrx_word' id='word_1_761' title='bbox 1432 4614 1642 4673; x_wconf 81' lang='grc' dir='ltr'>ἔσονται</span> <span class='ocrx_word' id='word_1_762' title='bbox 1715 4619 1903 4691; x_wconf 78' lang='grc' dir='ltr'>μεταξὺ</span> 
     </span>
    </p>
   </div>
   <div class='ocr_carea' id='block_1_97' title="bbox 2015 4614 3675 4697">
    <p class='ocr_par' dir='ltr' id='par_1_97' title="bbox 2021 4628 3675 4697">
     <span class='ocr_line' id='line_1_98' title="bbox 2021 4628 3675 4697; baseline -0.002 -9"><span class='ocrx_word' id='word_1_763' title='bbox 2021 4633 2364 4688; x_wconf 88' lang='lat' dir='ltr'><strong>harmonica</strong></span> <span class='ocrx_word' id='word_1_764' title='bbox 2422 4632 2729 4697; x_wconf 88' lang='lat' dir='ltr'><strong>medietas,</strong></span> <span class='ocrx_word' id='word_1_765' title='bbox 2789 4631 3162 4688; x_wconf 82' lang='lat' dir='ltr'><strong>arithmetica</strong></span> <span class='ocrx_word' id='word_1_766' title='bbox 3199 4631 3360 4686; x_wconf 89' lang='lat'>4452.</span> <span class='ocrx_word' id='word_1_767' title='bbox 3411 4630 3573 4694; x_wconf 88' lang='lat' dir='ltr'><strong>Quod</strong></span> <span class='ocrx_word' id='word_1_768' title='bbox 3625 4628 3675 4685; x_wconf 89' lang='lat' dir='ltr'><strong>si</strong></span> 
     </span>
    </p>
   </div>
   <div class='ocr_carea' id='block_1_98' title="bbox 244 4705 1906 4785">
    <p class='ocr_par' dir='ltr' id='par_1_98' title="bbox 244 4705 1906 4785">
     <span class='ocr_line' id='line_1_99' title="bbox 244 4705 1906 4785; baseline 0 -22"><span class='ocrx_word' id='word_1_769' title='bbox 244 4711 353 4764; x_wconf 77' lang='grc' dir='ltr'>τοῦ</span> <span class='ocrx_word' id='word_1_770' title='bbox 379 4729 440 4763; x_wconf 84' lang='grc' dir='ltr'>τε</span> <span class='ocrx_word' id='word_1_771' title='bbox 468 4707 590 4781; x_wconf 79' lang='grc' dir='ltr'>ψξη’</span> <span class='ocrx_word' id='word_1_772' title='bbox 635 4708 726 4762; x_wconf 82' lang='grc' dir='ltr'><strong>καὶ</strong></span> <span class='ocrx_word' id='word_1_773' title='bbox 773 4712 868 4762; x_wconf 87' lang='lat'><strong>106</strong></span> <span class='ocrx_word' id='word_1_774' title='bbox 917 4707 1083 4785; x_wconf 56' lang='lat'><strong>001:5</strong></span> <span class='ocrx_word' id='word_1_775' title='bbox 1110 4708 1137 4761; x_wconf 89' lang='lat'><strong>6</strong></span> <span class='ocrx_word' id='word_1_776' title='bbox 1189 4708 1283 4780; x_wconf 71' lang='grc' dir='ltr'>μὲν</span> <span class='ocrx_word' id='word_1_777' title='bbox 1335 4705 1460 4781; x_wconf 51' lang='grc' dir='ltr'>,ακδ’</span> <span class='ocrx_word' id='word_1_778' title='bbox 1511 4709 1782 4783; x_wconf 79' lang='grc' dir='ltr'>ἁρμονικὴ</span> <span class='ocrx_word' id='word_1_779' title='bbox 1821 4729 1906 4780; x_wconf 81' lang='grc' dir='ltr'>με·</span> 
     </span>
    </p>
   </div>
   <div class='ocr_carea' id='block_1_99' title="bbox 249 4793 1910 4872">
    <p class='ocr_par' dir='ltr' id='par_1_99' title="bbox 249 4793 1910 4872">
     <span class='ocr_line' id='line_1_100' title="bbox 249 4793 1910 4872; baseline -0.002 -20"><span class='ocrx_word' id='word_1_780' title='bbox 249 4797 447 4867; x_wconf 89' lang='grc' dir='ltr'>σότης,</span> <span class='ocrx_word' id='word_1_781' title='bbox 498 4798 526 4851; x_wconf 90' lang='lat'><strong>6</strong></span> <span class='ocrx_word' id='word_1_782' title='bbox 573 4793 635 4850; x_wconf 77' lang='grc' dir='ltr'>δὶ</span> <span class='ocrx_word' id='word_1_783' title='bbox 681 4798 847 4872; x_wconf 74' lang='grc' dir='ltr'><strong>Ιαρνβ⁰</strong></span> <span class='ocrx_word' id='word_1_784' title='bbox 891 4796 1251 4870; x_wconf 74' lang='grc' dir='ltr'>ἀριθμητικήο</span> <span class='ocrx_word' id='word_1_785' title='bbox 1306 4796 1367 4853; x_wconf 80' lang='grc' dir='ltr'><strong>Εἰ</strong></span> <span class='ocrx_word' id='word_1_786' title='bbox 1419 4794 1476 4851; x_wconf 76' lang='grc' dir='ltr'>δὲ</span> <span class='ocrx_word' id='word_1_787' title='bbox 1523 4797 1611 4850; x_wconf 81' lang='grc' dir='ltr'>καὶ</span> <span class='ocrx_word' id='word_1_788' title='bbox 1664 4793 1910 4871; x_wconf 75' lang='grc' dir='ltr'>δεύτερον</span> 
     </span>
    </p>
   </div>
   <div class='ocr_carea' id='block_1_100' title="bbox 329 5063 1909 5140">
    <p class='ocr_par' dir='ltr' id='par_1_100' title="bbox 329 5063 1909 5140">
     <span class='ocr_line' id='line_1_101' title="bbox 329 5063 1909 5140; baseline -0.001 -21"><span class='ocrx_word' id='word_1_789' title='bbox 329 5064 442 5136; x_wconf 92' lang='grc'>(11)</span> <span class='ocrx_word' id='word_1_790' title='bbox 473 5063 542 5119; x_wconf 85' lang='grc' dir='ltr'>’Ὀ</span> <span class='ocrx_word' id='word_1_791' title='bbox 593 5082 660 5117; x_wconf 77' lang='grc' dir='ltr'><strong>τε.</strong></span> <span class='ocrx_word' id='word_1_792' title='bbox 709 5064 888 5140; x_wconf 80' lang='grc' dir='ltr'>φιβ’...</span> <span class='ocrx_word' id='word_1_793' title='bbox 920 5063 1010 5116; x_wconf 81' lang='grc' dir='ltr'><strong>καὶ</strong></span> <span class='ocrx_word' id='word_1_794' title='bbox 1069 5063 1274 5140; x_wconf 9' lang='grc' dir='ltr'>ὁῄμφοςκ</span> <span class='ocrx_word' id='word_1_795' title='bbox 1333 5063 1744 5140; x_wconf 87' lang='lat' dir='ltr'><strong>ln__margine_</strong></span> <span class='ocrx_word' id='word_1_796' title='bbox 1781 5065 1909 5140; x_wconf 87' lang='lat' dir='ltr'><strong>cod.</strong></span> 
     </span>
    </p>
   </div>
   <div class='ocr_carea' id='block_1_101' title="bbox 252 5133 1908 5211">
    <p class='ocr_par' dir='ltr' id='par_1_101' title="bbox 252 5133 1908 5211">
     <span class='ocr_line' id='line_1_102' title="bbox 252 5133 1908 5211; baseline -0.002 -19"><span class='ocrx_word' id='word_1_797' title='bbox 252 5133 370 5211; x_wconf 65' lang='lat' dir='ltr'><strong>hoc</strong></span> <span class='ocrx_word' id='word_1_798' title='bbox 417 5133 785 5211; x_wconf 27' lang='lat' dir='ltr'><strong>au‘no‘tatl‘lmi</strong></span> <span class='ocrx_word' id='word_1_799' title='bbox 816 5140 1010 5211; x_wconf 67' lang='lat' dir='ltr'><strong>exstat</strong></span> <span class='ocrx_word' id='word_1_800' title='bbox 1038 5151 1060 5211; x_wconf 45' lang='grc' dir='ltr'>ε,</span> <span class='ocrx_word' id='word_1_801' title='bbox 1083 5133 1273 5208; x_wconf 65' lang='grc' dir='ltr'>¹Ο’γάρ</span> <span class='ocrx_word' id='word_1_802' title='bbox 1317 5133 1615 5211; x_wconf 20' lang='grc' dir='ltr'>φιβξμποιεῗ</span> <span class='ocrx_word' id='word_1_803' title='bbox 1643 5133 1788 5211; x_wconf 75' lang='grc' dir='ltr'>πρὸς</span> <span class='ocrx_word' id='word_1_804' title='bbox 1815 5135 1908 5211; x_wconf 60' lang='grc' dir='ltr'><strong>μξν</strong></span> 
     </span>
    </p>
   </div>
   <div class='ocr_carea' id='block_1_102' title="bbox 248 5200 1910 5280">
    <p class='ocr_par' dir='ltr' id='par_1_102' title="bbox 248 5200 1910 5280">
     <span class='ocr_line' id='line_1_103' title="bbox 248 5200 1910 5280; baseline -0.002 -19"><span class='ocrx_word' id='word_1_805' title='bbox 248 5208 352 5261; x_wconf 81' lang='grc' dir='ltr'>τὸν</span> <span class='ocrx_word' id='word_1_806' title='bbox 381 5203 625 5280; x_wconf 70' lang='grc' dir='ltr'>τπδ’τὸν</span> <span class='ocrx_word' id='word_1_807' title='bbox 669 5204 944 5280; x_wconf 64' lang='grc' dir='ltr'>ἐπίτριτον</span> <span class='ocrx_word' id='word_1_808' title='bbox 995 5200 1477 5280; x_wconf 40' lang='grc' dir='ltr'>λόγονξ-πρὸξδὶ</span> <span class='ocrx_word' id='word_1_809' title='bbox 1524 5206 1617 5280; x_wconf 77' lang='grc' dir='ltr'><strong>τὸν</strong></span> <span class='ocrx_word' id='word_1_810' title='bbox 1667 5200 1910 5280; x_wconf 13' lang='grc' dir='ltr'>,τὸν</span> 
     </span>
    </p>
   </div>
   <div class='ocr_carea' id='block_1_103' title="bbox 251 5274 1912 5354">
    <p class='ocr_par' dir='ltr' id='par_1_103' title="bbox 251 5274 1912 5354">
     <span class='ocr_line' id='line_1_104' title="bbox 251 5274 1912 5354; baseline 0.002 -27"><span class='ocrx_word' id='word_1_811' title='bbox 251 5276 637 5354; x_wconf 32' lang='grc' dir='ltr'>ἡμιόλιονηίξ</span> <span class='ocrx_word' id='word_1_812' title='bbox 678 5277 753 5354; x_wconf 55' lang='lat' dir='ltr'><strong>(Py</strong></span> <span class='ocrx_word' id='word_1_813' title='bbox 796 5274 1088 5354; x_wconf 54' lang='grc' dir='ltr'>’ςὸγκειταί</span> <span class='ocrx_word' id='word_1_814' title='bbox 1197 5274 1504 5354; x_wconf 42' lang='grc' dir='ltr'>διπλάσιος.</span> <span class='ocrx_word' id='word_1_815' title='bbox 1535 5279 1620 5331; x_wconf 79' lang='grc' dir='ltr'><strong>καὶ</strong></span> <span class='ocrx_word' id='word_1_816' title='bbox 1661 5274 1912 5354; x_wconf 40' lang='grc' dir='ltr'>ὅπερέ-χει</span> 
     </span>
    </p>
   </div>
   <div class='ocr_carea' id='block_1_104' title="bbox 251 5345 1912 5426">
    <p class='ocr_par' dir='ltr' id='par_1_104' title="bbox 251 5345 1912 5426">
     <span class='ocr_line' id='line_1_105' title="bbox 251 5345 1912 5426; baseline -0.001 -20"><span class='ocrx_word' id='word_1_817' title='bbox 251 5345 449 5426; x_wconf 56' lang='grc' dir='ltr'><strong>δίριβ’Δ</strong></span> <span class='ocrx_word' id='word_1_818' title='bbox 482 5352 579 5404; x_wconf 88' lang='lat'><strong>106</strong></span> <span class='ocrx_word' id='word_1_819' title='bbox 608 5345 726 5404; x_wconf 86' lang='grc' dir='ltr'>τπδ’</span> <span class='ocrx_word' id='word_1_820' title='bbox 778 5348 862 5426; x_wconf 67' lang='grc' dir='ltr'><strong>τῷΔ</strong></span> <span class='ocrx_word' id='word_1_821' title='bbox 889 5345 938 5426; x_wconf 69' lang='grc' dir='ltr'><strong>γ’</strong></span> <span class='ocrx_word' id='word_1_822' title='bbox 985 5349 1148 5426; x_wconf 76' lang='grc' dir='ltr'>αὐτοῦ</span> <span class='ocrx_word' id='word_1_823' title='bbox 1201 5350 1319 5426; x_wconf 64' lang='grc' dir='ltr'>μξν,</span> <span class='ocrx_word' id='word_1_824' title='bbox 1353 5347 1669 5426; x_wconf 59' lang='grc' dir='ltr'>ὑπερέχεται</span> <span class='ocrx_word' id='word_1_825' title='bbox 1810 5345 1912 5426; x_wconf 67' lang='grc' dir='ltr'><strong>ὕπὸ</strong></span> 
     </span>
    </p>
   </div>
   <div class='ocr_carea' id='block_1_105' title="bbox 250 5419 1911 5549">
    <p class='ocr_par' dir='ltr' id='par_1_105' title="bbox 250 5419 1911 5549">
     <span class='ocr_line' id='line_1_106' title="bbox 250 5419 1911 5549; baseline -0.001 -72"><span class='ocrx_word' id='word_1_826' title='bbox 250 5419 358 5479; x_wconf 85' lang='lat'><strong>106</strong></span> <span class='ocrx_word' id='word_1_827' title='bbox 541 5425 622 5512; x_wconf 58' lang='lat' dir='ltr'><strong>1g)</strong></span> <span class='ocrx_word' id='word_1_828' title='bbox 666 5424 764 5476; x_wconf 85' lang='lat'><strong>106</strong></span> <span class='ocrx_word' id='word_1_829' title='bbox 957 5423 1002 5498; x_wconf 87' lang='grc' dir='ltr'><strong>γ’</strong></span> <span class='ocrx_word' id='word_1_830' title='bbox 1053 5419 1225 5509; x_wconf 68' lang='grc' dir='ltr'>μέρει.</span> <span class='ocrx_word' id='word_1_831' title='bbox 1258 5422 1319 5478; x_wconf 73' lang='grc' dir='ltr'>Ὀ</span> <span class='ocrx_word' id='word_1_832' title='bbox 1368 5419 1424 5476; x_wconf 75' lang='grc' dir='ltr'>δὲ</span> <span class='ocrx_word' id='word_1_833' title='bbox 1455 5419 1586 5514; x_wconf 59' lang='grc' dir='ltr'>’(ρος</span> <span class='ocrx_word' id='word_1_834' title='bbox 1635 5422 1770 5510; x_wconf 63' lang='grc' dir='ltr'>πρρς</span> <span class='ocrx_word' id='word_1_835' title='bbox 1818 5423 1911 5513; x_wconf 69' lang='grc' dir='ltr'>μὲν</span> 
     </span>
     <span class='ocr_line' id='line_1_107' title="bbox 250 5489 1898 5549; baseline 0.001 0"><span class='ocrx_word' id='word_1_836' title='bbox 250 5494 352 5549; x_wconf 76' lang='grc' dir='ltr'>τὸν</span> <span class='ocrx_word' id='word_1_837' title='bbox 379 5491 484 5548; x_wconf 88' lang='grc' dir='ltr'><strong>τπδ</strong></span> <span class='ocrx_word' id='word_1_838' title='bbox 540 5513 631 5547; x_wconf 88' lang='grc' dir='ltr'><strong>τον</strong></span> <span class='ocrx_word' id='word_1_839' title='bbox 674 5493 812 5549; x_wconf 75' lang='grc' dir='ltr'>ἠμιό</span> <span class='ocrx_word' id='word_1_840' title='bbox 861 5514 939 5546; x_wconf 86' lang='grc' dir='ltr'><strong>ιον</strong></span> <span class='ocrx_word' id='word_1_841' title='bbox 991 5514 1135 5547; x_wconf 86' lang='grc' dir='ltr'>ποιει</span> <span class='ocrx_word' id='word_1_842' title='bbox 1179 5492 1368 5549; x_wconf 86' lang='grc' dir='ltr'>λόγον.</span> <span class='ocrx_word' id='word_1_843' title='bbox 1402 5512 1537 5549; x_wconf 76' lang='grc' dir='ltr'>προς</span> <span class='ocrx_word' id='word_1_844' title='bbox 1585 5489 1642 5546; x_wconf 66' lang='grc' dir='ltr'>δὲ</span> <span class='ocrx_word' id='word_1_845' title='bbox 1670 5515 1761 5547; x_wconf 86' lang='grc' dir='ltr'><strong>τον</strong></span> <span class='ocrx_word' id='word_1_846' title='bbox 1795 5495 1898 5549; x_wconf 63' lang='lat' dir='ltr'><strong>Mn</strong></span> 
     </span>
    </p>
   </div>
   <div class='ocr_carea' id='block_1_106' title="bbox 249 5489 1916 5582">
    <p class='ocr_par' dir='ltr' id='par_1_106' title="bbox 249 5489 1916 5582">
     <span class='ocr_line' id='line_1_108' title="bbox 249 5489 1916 5582; baseline -0.022 -32"><span class='ocrx_word' id='word_1_847' title='bbox 249 5494 352 5582; x_wconf 63' lang='lat' dir='ltr'>16v</span> <span class='ocrx_word' id='word_1_848' title='bbox 379 5489 498 5582; x_wconf 48' lang='grc' dir='ltr'>τῇδ’</span> <span class='ocrx_word' id='word_1_849' title='bbox 540 5489 631 5547; x_wconf 78' lang='grc' dir='ltr'>τὸν</span> <span class='ocrx_word' id='word_1_850' title='bbox 674 5489 939 5582; x_wconf 59' lang='grc' dir='ltr'>ἡμιόλιον</span> <span class='ocrx_word' id='word_1_851' title='bbox 970 5489 1136 5582; x_wconf 35' lang='lat' dir='ltr'><strong>lno-tsi</strong></span> <span class='ocrx_word' id='word_1_852' title='bbox 1179 5492 1368 5582; x_wconf 68' lang='grc' dir='ltr'>λόγον,</span> <span class='ocrx_word' id='word_1_853' title='bbox 1402 5489 1537 5582; x_wconf 68' lang='grc' dir='ltr'>πρὸς</span> <span class='ocrx_word' id='word_1_854' title='bbox 1585 5489 1642 5546; x_wconf 66' lang='grc' dir='ltr'>δὲ</span> <span class='ocrx_word' id='word_1_855' title='bbox 1670 5489 1916 5582; x_wconf 33' lang='grc' dir='ltr'>σξρνσῷξη.</span> 
     </span>
    </p>
   </div>
   <div class='ocr_carea' id='block_1_107' title="bbox 250 5565 1913 5642">
    <p class='ocr_par' dir='ltr' id='par_1_107' title="bbox 250 5565 1913 5642">
     <span class='ocr_line' id='line_1_109' title="bbox 250 5565 1913 5642; baseline -0.001 -21"><span class='ocrx_word' id='word_1_856' title='bbox 250 5566 354 5622; x_wconf 85' lang='grc' dir='ltr'><strong>τὸν</strong></span> <span class='ocrx_word' id='word_1_857' title='bbox 403 5565 678 5642; x_wconf 69' lang='grc' dir='ltr'>ἐπίτριτον</span> <span class='ocrx_word' id='word_1_858' title='bbox 721 5565 1128 5642; x_wconf 20' lang='grc' dir='ltr'>θάντιστρόεριυς,</span> <span class='ocrx_word' id='word_1_859' title='bbox 1181 5565 1271 5621; x_wconf 84' lang='grc' dir='ltr'><strong>καῖ</strong></span> <span class='ocrx_word' id='word_1_860' title='bbox 1324 5565 1577 5642; x_wconf 72' lang='grc' dir='ltr'>ὑπερέχει</span> <span class='ocrx_word' id='word_1_861' title='bbox 1611 5565 1913 5642; x_wconf 21' lang='grc' dir='ltr'>’καὶὲὑπερ-</span> 
     </span>
    </p>
   </div>
   <div class='ocr_carea' id='block_1_108' title="bbox 255 5636 1915 5724">
    <p class='ocr_par' dir='ltr' id='par_1_108' title="bbox 255 5636 1915 5724">
     <span class='ocr_line' id='line_1_110' title="bbox 255 5636 1915 5724; baseline 0.001 -29"><span class='ocrx_word' id='word_1_862' title='bbox 255 5640 467 5724; x_wconf 42' lang='lat' dir='ltr'><strong>ﬁxe-1a}.</strong></span> <span class='ocrx_word' id='word_1_863' title='bbox 511 5636 777 5724; x_wconf 66' lang='grc' dir='ltr'>ἱκατὲρευν</span> <span class='ocrx_word' id='word_1_864' title='bbox 837 5636 958 5724; x_wconf 50' lang='grc' dir='ltr'>τῶν.</span> <span class='ocrx_word' id='word_1_865' title='bbox 974 5636 1674 5724; x_wconf 36' lang='grc' dir='ltr'>,ξᾷκρώνὶημονάσινξξρςρζ</span> <span class='ocrx_word' id='word_1_866' title='bbox 1733 5637 1806 5724; x_wconf 74' lang='lat' dir='ltr'><strong>h._</strong></span> <span class='ocrx_word' id='word_1_867' title='bbox 1827 5636 1915 5724; x_wconf 53' lang='grc'>6.,</span> 
     </span>
    </p>
   </div>
   <div class='ocr_carea' id='block_1_109' title="bbox 259 5709 1921 5785">
    <p class='ocr_par' dir='ltr' id='par_1_109' title="bbox 259 5709 1921 5785">
     <span class='ocr_line' id='line_1_111' title="bbox 259 5709 1921 5785; baseline -0.001 -15"><span class='ocrx_word' id='word_1_868' title='bbox 259 5709 550 5770; x_wconf 72' lang='lat' dir='ltr'><strong>si&#39;Latine</strong></span> <span class='ocrx_word' id='word_1_869' title='bbox 580 5709 795 5769; x_wconf 82' lang='lat' dir='ltr'><strong>reddas</strong></span> <span class='ocrx_word' id='word_1_870' title='bbox 828 5729 842 5770; x_wconf 89' lang='lat'>:</span> <span class='ocrx_word' id='word_1_871' title='bbox 877 5735 904 5763; x_wconf 78' lang='grc' dir='ltr'>α</span> <span class='ocrx_word' id='word_1_872' title='bbox 927 5709 1036 5768; x_wconf 87' lang='grc'><strong>512</strong></span> <span class='ocrx_word' id='word_1_873' title='bbox 1073 5709 1147 5768; x_wconf 86' lang='lat' dir='ltr'><strong>ad</strong></span> <span class='ocrx_word' id='word_1_874' title='bbox 1175 5709 1279 5767; x_wconf 86' lang='lat'><strong>384</strong></span> <span class='ocrx_word' id='word_1_875' title='bbox 1306 5709 1748 5785; x_wconf 78' lang='lat' dir='ltr'><strong>sesquitertiam</strong></span> <span class='ocrx_word' id='word_1_876' title='bbox 1780 5711 1921 5768; x_wconf 81' lang='lat' dir='ltr'><strong>facit</strong></span> 
     </span>
    </p>
   </div>
   <div class='ocr_carea' id='block_1_110' title="bbox 2019 4717 3673 4793">
    <p class='ocr_par' dir='ltr' id='par_1_110' title="bbox 2019 4717 3673 4793">
     <span class='ocr_line' id='line_1_112' title="bbox 2019 4717 3673 4793; baseline -0.003 -16"><span class='ocrx_word' id='word_1_877' title='bbox 2019 4723 2344 4779; x_wconf 89' lang='lat' dir='ltr'><strong>secundum</strong></span> <span class='ocrx_word' id='word_1_878' title='bbox 2397 4719 2626 4793; x_wconf 85' lang='lat' dir='ltr'><strong>explere</strong></span> <span class='ocrx_word' id='word_1_879' title='bbox 2685 4721 2856 4776; x_wconf 90' lang='lat' dir='ltr'><strong>nobis</strong></span> <span class='ocrx_word' id='word_1_880' title='bbox 2904 4719 3047 4777; x_wconf 91' lang='lat' dir='ltr'><strong>libet</strong></span> <span class='ocrx_word' id='word_1_881' title='bbox 3097 4719 3341 4791; x_wconf 89' lang='lat' dir='ltr'><strong>triplum</strong></span> <span class='ocrx_word' id='word_1_882' title='bbox 3374 4717 3673 4787; x_wconf 88' lang='lat' dir='ltr'><strong>(interval-</strong></span> 
     </span>
    </p>
   </div>
   <div class='ocr_carea' id='block_1_111' title="bbox 2018 4805 3672 4881">
    <p class='ocr_par' dir='ltr' id='par_1_111' title="bbox 2018 4805 3672 4881">
     <span class='ocr_line' id='line_1_113' title="bbox 2018 4805 3672 4881; baseline -0.003 -15"><span class='ocrx_word' id='word_1_883' title='bbox 2018 4811 2186 4881; x_wconf 90' lang='lat' dir='ltr'><strong>lum),</strong></span> <span class='ocrx_word' id='word_1_884' title='bbox 2221 4811 2390 4881; x_wconf 86' lang='lat' dir='ltr'><strong>cujus</strong></span> <span class='ocrx_word' id='word_1_885' title='bbox 2438 4807 2674 4864; x_wconf 89' lang='lat' dir='ltr'><strong>termini</strong></span> <span class='ocrx_word' id='word_1_886' title='bbox 2729 4808 2862 4862; x_wconf 79' lang='grc'>4452</span> <span class='ocrx_word' id='word_1_887' title='bbox 2891 4813 2950 4864; x_wconf 91' lang='lat' dir='ltr'><strong>et</strong></span> <span class='ocrx_word' id='word_1_888' title='bbox 2989 4809 3130 4863; x_wconf 89' lang='lat'>3456</span> <span class='ocrx_word' id='word_1_889' title='bbox 3178 4813 3339 4879; x_wconf 89' lang='lat' dir='ltr'><strong>sunt,</strong></span> <span class='ocrx_word' id='word_1_890' title='bbox 3371 4805 3672 4864; x_wconf 90' lang='lat' dir='ltr'><strong>harmoni-</strong></span> 
     </span>
    </p>
   </div>
   <div class='ocr_carea' id='block_1_112' title="bbox 2023 5055 3675 5129">
    <p class='ocr_par' dir='ltr' id='par_1_112' title="bbox 2023 5055 3675 5129">
     <span class='ocr_line' id='line_1_114' title="bbox 2023 5055 3675 5129; baseline -0.005 -13"><span class='ocrx_word' id='word_1_891' title='bbox 2023 5060 2309 5116; x_wconf 90' lang='lat' dir='ltr'><strong>rationem</strong></span> <span class='ocrx_word' id='word_1_892' title='bbox 2359 5059 2490 5129; x_wconf 91' lang='grc'>(512</span> <span class='ocrx_word' id='word_1_893' title='bbox 2515 5073 2526 5112; x_wconf 90' lang='grc'>;</span> <span class='ocrx_word' id='word_1_894' title='bbox 2548 5057 2651 5112; x_wconf 85' lang='grc'><strong>384</strong></span> <span class='ocrx_word' id='word_1_895' title='bbox 2673 5057 2790 5110; x_wconf 87' lang='grc'>-4</span> <span class='ocrx_word' id='word_1_896' title='bbox 2816 5055 2930 5129; x_wconf 48' lang='grc'>93),</span> <span class='ocrx_word' id='word_1_897' title='bbox 2965 5056 3034 5111; x_wconf 92' lang='lat' dir='ltr'><strong>ad</strong></span> <span class='ocrx_word' id='word_1_898' title='bbox 3063 5056 3170 5111; x_wconf 92' lang='lat'><strong>768</strong></span> <span class='ocrx_word' id='word_1_899' title='bbox 3219 5055 3675 5129; x_wconf 84' lang='lat' dir='ltr'><strong>sesquialterum</strong></span> 
     </span>
    </p>
   </div>
   <div class='ocr_carea' id='block_1_113' title="bbox 2023 5127 3676 5205">
    <p class='ocr_par' dir='ltr' id='par_1_113' title="bbox 2023 5127 3676 5205">
     <span class='ocr_line' id='line_1_115' title="bbox 2023 5127 3676 5205; baseline -0.004 -18"><span class='ocrx_word' id='word_1_900' title='bbox 2023 5134 2150 5205; x_wconf 89' lang='lat'>(768</span> <span class='ocrx_word' id='word_1_901' title='bbox 2175 5149 2187 5187; x_wconf 90' lang='lat'><strong>:</strong></span> <span class='ocrx_word' id='word_1_902' title='bbox 2212 5127 2596 5205; x_wconf 67' lang='lat'><strong>512:3;2).</strong></span> <span class='ocrx_word' id='word_1_903' title='bbox 2630 5145 2696 5182; x_wconf 83' lang='lat' dir='ltr'><strong>ex</strong></span> <span class='ocrx_word' id='word_1_904' title='bbox 2727 5127 2946 5198; x_wconf 88' lang='lat' dir='ltr'><strong>quibus</strong></span> <span class='ocrx_word' id='word_1_905' title='bbox 2987 5133 3217 5205; x_wconf 70' lang='lat' dir='ltr'><strong>constat</strong></span> <span class='ocrx_word' id='word_1_906' title='bbox 3245 5129 3426 5205; x_wconf 72' lang='lat' dir='ltr'><strong>dupla</strong></span> <span class='ocrx_word' id='word_1_907' title='bbox 3459 5128 3676 5205; x_wconf 89' lang='lat' dir='ltr'><strong>(ratio).</strong></span> 
     </span>
    </p>
   </div>
   <div class='ocr_carea' id='block_1_114' title="bbox 2022 5200 3678 5270">
    <p class='ocr_par' dir='ltr' id='par_1_114' title="bbox 2022 5200 3678 5270">
     <span class='ocr_line' id='line_1_116' title="bbox 2022 5200 3678 5270; baseline -0.004 -10"><span class='ocrx_word' id='word_1_908' title='bbox 2022 5200 2102 5260; x_wconf 84' lang='grc' dir='ltr'>Ᾱο</span> <span class='ocrx_word' id='word_1_909' title='bbox 2132 5220 2416 5258; x_wconf 87' lang='lat' dir='ltr'><strong>numerus</strong></span> <span class='ocrx_word' id='word_1_910' title='bbox 2447 5202 2551 5254; x_wconf 83' lang='lat'><strong>412</strong></span> <span class='ocrx_word' id='word_1_911' title='bbox 2585 5205 2640 5253; x_wconf 89' lang='lat' dir='ltr'><strong>et</strong></span> <span class='ocrx_word' id='word_1_912' title='bbox 2672 5216 2979 5254; x_wconf 89' lang='lat' dir='ltr'><strong>numerum</strong></span> <span class='ocrx_word' id='word_1_913' title='bbox 3013 5200 3117 5255; x_wconf 85' lang='lat'><strong>384</strong></span> <span class='ocrx_word' id='word_1_914' title='bbox 3147 5200 3316 5254; x_wconf 86' lang='lat' dir='ltr'><strong>tertia</strong></span> <span class='ocrx_word' id='word_1_915' title='bbox 3347 5200 3474 5267; x_wconf 84' lang='lat' dir='ltr'><strong>ejus</strong></span> <span class='ocrx_word' id='word_1_916' title='bbox 3517 5203 3678 5270; x_wconf 87' lang='lat' dir='ltr'><strong>parte</strong></span> 
     </span>
    </p>
   </div>
   <div class='ocr_carea' id='block_1_115' title="bbox 2024 5271 3678 5400">
    <p class='ocr_par' dir='ltr' id='par_1_115' title="bbox 2024 5271 3678 5400">
     <span class='ocr_line' id='line_1_117' title="bbox 2024 5271 3675 5354; baseline -0.004 -22"><span class='ocrx_word' id='word_1_917' title='bbox 2024 5282 2262 5348; x_wconf 80' lang='lat' dir='ltr'><strong>superat</strong></span> <span class='ocrx_word' id='word_1_918' title='bbox 2292 5280 2348 5327; x_wconf 91' lang='lat' dir='ltr'><strong>et</strong></span> <span class='ocrx_word' id='word_1_919' title='bbox 2379 5290 2410 5326; x_wconf 91' lang='lat' dir='ltr'><strong>a</strong></span> <span class='ocrx_word' id='word_1_920' title='bbox 2438 5272 2544 5354; x_wconf 75' lang='lat'><strong>768</strong></span> <span class='ocrx_word' id='word_1_921' title='bbox 2577 5272 2748 5326; x_wconf 89' lang='lat' dir='ltr'><strong>tertia</strong></span> <span class='ocrx_word' id='word_1_922' title='bbox 2780 5279 2941 5353; x_wconf 76' lang='lat' dir='ltr'><strong>parte</strong></span> <span class='ocrx_word' id='word_1_923' title='bbox 2968 5277 3282 5353; x_wconf 86' lang='lat' dir='ltr'><strong>superatur</strong></span> <span class='ocrx_word' id='word_1_924' title='bbox 3307 5288 3319 5328; x_wconf 90' lang='lat'><strong>:</strong></span> <span class='ocrx_word' id='word_1_925' title='bbox 3342 5271 3449 5326; x_wconf 85' lang='lat'><strong>576</strong></span> <span class='ocrx_word' id='word_1_926' title='bbox 3478 5277 3675 5326; x_wconf 87' lang='lat' dir='ltr'><strong>autem</strong></span> 
     </span>
     <span class='ocr_line' id='line_1_118' title="bbox 2026 5343 3678 5400; baseline -0.003 0"><span class='ocrx_word' id='word_1_927' title='bbox 2026 5349 2097 5400; x_wconf 84' lang='lat' dir='ltr'><strong>ad</strong></span> <span class='ocrx_word' id='word_1_928' title='bbox 2139 5346 2243 5400; x_wconf 87' lang='lat'><strong>384</strong></span> <span class='ocrx_word' id='word_1_929' title='bbox 2291 5343 2738 5400; x_wconf 82' lang='lat' dir='ltr'><strong>sesqmalteram</strong></span> <span class='ocrx_word' id='word_1_930' title='bbox 2791 5344 2926 5398; x_wconf 77' lang='lat' dir='ltr'><strong>facit</strong></span> <span class='ocrx_word' id='word_1_931' title='bbox 2977 5352 3264 5398; x_wconf 81' lang='lat' dir='ltr'><strong>rationem</strong></span> <span class='ocrx_word' id='word_1_932' title='bbox 3295 5344 3678 5400; x_wconf 81' lang='lat'>(576:384:</span> 
     </span>
    </p>
   </div>
   <div class='ocr_carea' id='block_1_116' title="bbox 2024 5349 3678 5497">
    <p class='ocr_par' dir='ltr' id='par_1_116' title="bbox 2024 5349 3678 5497">
     <span class='ocr_line' id='line_1_119' title="bbox 2026 5349 3678 5416; baseline -0.004 -14"><span class='ocrx_word' id='word_1_933' title='bbox 2026 5349 2097 5402; x_wconf 87' lang='lat' dir='ltr'><strong>ad</strong></span> <span class='ocrx_word' id='word_1_934' title='bbox 2139 5349 2243 5400; x_wconf 86' lang='lat'><strong>384</strong></span> <span class='ocrx_word' id='word_1_935' title='bbox 2291 5349 2738 5416; x_wconf 86' lang='lat' dir='ltr'><strong>sesquialteram</strong></span> <span class='ocrx_word' id='word_1_936' title='bbox 2791 5349 2926 5398; x_wconf 84' lang='lat' dir='ltr'><strong>facit</strong></span> <span class='ocrx_word' id='word_1_937' title='bbox 2977 5349 3264 5398; x_wconf 82' lang='lat' dir='ltr'><strong>rationem</strong></span> <span class='ocrx_word' id='word_1_938' title='bbox 3295 5349 3678 5414; x_wconf 80' lang='lat'>(576:384:</span> 
     </span>
     <span class='ocr_line' id='line_1_120' title="bbox 2024 5414 3673 5497; baseline -0.003 -22"><span class='ocrx_word' id='word_1_939' title='bbox 2024 5421 2095 5475; x_wconf 86' lang='lat'>3:</span> <span class='ocrx_word' id='word_1_940' title='bbox 2124 5419 2203 5485; x_wconf 90' lang='lat'><strong>2),</strong></span> <span class='ocrx_word' id='word_1_941' title='bbox 2235 5417 2307 5497; x_wconf 88' lang='lat' dir='ltr'><strong>ad</strong></span> <span class='ocrx_word' id='word_1_942' title='bbox 2354 5417 2461 5471; x_wconf 87' lang='lat'><strong>768</strong></span> <span class='ocrx_word' id='word_1_943' title='bbox 2508 5415 2942 5497; x_wconf 27' lang='lat' dir='ltr'><strong>sesquite‘rtiam</strong></span> <span class='ocrx_word' id='word_1_944' title='bbox 2995 5416 3157 5497; x_wconf 79' lang='lat'>(576:</span> <span class='ocrx_word' id='word_1_945' title='bbox 3181 5416 3289 5471; x_wconf 90' lang='lat'><strong>768</strong></span> <span class='ocrx_word' id='word_1_946' title='bbox 3311 5418 3432 5497; x_wconf 78' lang='lat'>:3</span> <span class='ocrx_word' id='word_1_947' title='bbox 3457 5433 3469 5470; x_wconf 88' lang='lat'><strong>:</strong></span> <span class='ocrx_word' id='word_1_948' title='bbox 3496 5415 3550 5488; x_wconf 89' lang='lat'>4)</span> <span class='ocrx_word' id='word_1_949' title='bbox 3582 5414 3673 5470; x_wconf 89' lang='lat' dir='ltr'><strong>in-</strong></span> 
     </span>
    </p>
   </div>
   <div class='ocr_carea' id='block_1_117' title="bbox 2023 5493 3678 5560">
    <p class='ocr_par' dir='ltr' id='par_1_117' title="bbox 2023 5493 3678 5560">
     <span class='ocr_line' id='line_1_121' title="bbox 2023 5493 3678 5560; baseline -0.004 -14"><span class='ocrx_word' id='word_1_950' title='bbox 2023 5506 2208 5556; x_wconf 88' lang='lat' dir='ltr'><strong>verse,</strong></span> <span class='ocrx_word' id='word_1_951' title='bbox 2235 5495 2409 5560; x_wconf 89' lang='lat' dir='ltr'><strong>atque</strong></span> <span class='ocrx_word' id='word_1_952' title='bbox 2430 5493 3053 5560; x_wconf 12' lang='lat' dir='ltr'><strong>extremusiterminus</strong></span> <span class='ocrx_word' id='word_1_953' title='bbox 3087 5493 3332 5558; x_wconf 86' lang='lat' dir='ltr'><strong>uterque</strong></span> <span class='ocrx_word' id='word_1_954' title='bbox 3357 5494 3678 5558; x_wconf 89' lang='lat' dir='ltr'><strong>utrumque</strong></span> 
     </span>
    </p>
   </div>
   <div class='ocr_carea' id='block_1_118' title="bbox 2025 5559 3676 5633">
    <p class='ocr_par' dir='ltr' id='par_1_118' title="bbox 2025 5559 3676 5633">
     <span class='ocr_line' id='line_1_122' title="bbox 2025 5559 3676 5633; baseline -0.003 -15"><span class='ocrx_word' id='word_1_955' title='bbox 2025 5562 2274 5618; x_wconf 91' lang='lat' dir='ltr'><strong>invicem</strong></span> <span class='ocrx_word' id='word_1_956' title='bbox 2317 5559 2648 5616; x_wconf 85' lang='lat' dir='ltr'><strong>unitatibus</strong></span> <span class='ocrx_word' id='word_1_957' title='bbox 2697 5559 2800 5615; x_wconf 88' lang='grc'>192</span> <span class='ocrx_word' id='word_1_958' title='bbox 2848 5564 2905 5615; x_wconf 88' lang='lat' dir='ltr'><strong>st</strong></span> <span class='ocrx_word' id='word_1_959' title='bbox 2951 5563 3191 5632; x_wconf 88' lang='lat' dir='ltr'><strong>superat</strong></span> <span class='ocrx_word' id='word_1_960' title='bbox 3234 5565 3291 5615; x_wconf 91' lang='lat' dir='ltr'><strong>et</strong></span> <span class='ocrx_word' id='word_1_961' title='bbox 3341 5564 3676 5633; x_wconf 82' lang='lat' dir='ltr'><strong>superatur.</strong></span> 
     </span>
    </p>
   </div>
   <div class='ocr_carea' id='block_1_119' title="bbox 2027 5636 2273 5692">
    <p class='ocr_par' dir='ltr' id='par_1_119' title="bbox 2027 5636 2273 5692">
     <span class='ocr_line' id='line_1_123' title="bbox 2027 5636 2273 5692; baseline -0.008 0"><span class='ocrx_word' id='word_1_962' title='bbox 2027 5636 2273 5692; x_wconf 77' lang='lat' dir='ltr'><strong>LINDER.</strong></span> 
     </span>
    </p>
   </div>
  </div>
