4060 6348
490 390 642 453 1099

1824 388 2243 449 MICHAELIS
2288 388 2557 449 PSELLl

3751 389 3911 449 “00

483 528 1138 598 etcognoscat;eamque
1152 522 1223 577 ob
1240 538 1479 578 causam
1499 522 1880 579 scientiarum
1897 523 2141 595 species,

2272 518 2372 591 ;ἰδη
2404 525 2510 575 τῶν
2542 527 2795 596 γνωστῶν
2848 520 3254 592 ἐπιθολουνται,
3290 518 3479 576 διόλου
3524 520 3909 597 ἐνυπάρχοντα

486 633 614 687 quae
647 617 705 669 in
738 615 935 669 anima
964 612 1190 681 insunt,
1224 611 1463 667 omnino
1497 629 1613 667 non
1651 613 2092 684 perturbantur.

562 706 649 759 13.
683 703 953 758 Secunda
985 717 1141 772 pars,
1179 718 1303 772 quae
1339 706 1428 756 est
1458 702 1655 771 primae
1689 701 1890 773 dupla,
1948 706 2147 756 osten-

495 794 601 859 dit,
635 791 1152 858 animam,etiamsi
1186 808 1287 861 per
1318 806 1379 845 se
1410 791 1703 845 adunetur
1728 791 2014 845 eteadem
2048 790 2149 844 ﬁat

494 899 598 938 nec
630 881 903 953 prodiens
933 881 1011 935 sit
1041 885 1095 934 et
1127 879 1459 947 uniformis,
1494 881 1808 951 procedere
1841 884 2043 935 tamen
2095 885 2152 934 et

494 970 711 1026 mutari
741 970 1063 1025 secundum
1097 985 1187 1038 ea,
1221 985 1349 1039 quae
1398 974 1858 1040 cognoscuntur.
1919 970 2040 1032 Quo
2088 969 2148 1024 in

490 1077 701 1134 genere
731 1065 871 1114 sunt
899 1075 988 1122 ea,
1022 1075 1147 1129 quae
1176 1058 1235 1111 in
1266 1058 1644 1128 generatione
1676 1063 1815 1112 sunt
1846 1058 2056 1128 posita,
2091 1062 2147 1113 et

492 1151 563 1205 ad
599 1154 869 1204 naturam
902 1146 1142 1202 alterius
1175 1147 1492 1217 pertinent.
1517 1151 1635 1201 Hoc
1666 1151 1755 1201 est
1785 1145 1963 1217 enim,
1990 1147 2144 1217 quod

492 1234 2148 1308 ostenditduplum(intervallum).Quemadmodumenim

491 1328 549 1382 in
584 1329 705 1385 Uno
736 1327 890 1381 idem
925 1329 1081 1392 (nam
1114 1325 1223 1379 etsi
1257 1341 1370 1378 non
1404 1324 1664 1391 alteri,at
1694 1330 1900 1379 contra
1938 1340 2006 1378 ea
2037 1322 2151 1378 sibi

494 1433 738 1488 prorsus
768 1415 926 1470 idem
962 1414 1139 1484 [est]),
1174 1413 1259 1469 sic
1291 1414 1349 1467 in
1381 1414 1613 1469 duobus
1644 1413 1724 1480 id,
1759 1414 1913 1485 quod
1965 1413 2152 1468 diver-

495 1522 629 1561 sum
687 1503 983 1573 (alterum)
1045 1507 1152 1557 est.
1185 1501 1347 1564 Quod
1409 1501 1646 1572 quidem
1708 1519 1822 1556 non
1869 1518 1902 1556 a
1957 1502 2150 1572 seipse

499 1594 795 1649 diversum
830 1592 984 1663 (est),
1036 1592 1138 1646 sed
1196 1607 1229 1645 a
1278 1591 1507 1646 diverso
1557 1592 1883 1658 diversum,
1933 1590 2017 1645 ita
2064 1594 2150 1655 ut,

498 1682 730 1738 etiamsi
762 1697 879 1736 non
911 1680 1206 1735 discordet
1228 1697 1261 1734 a
1293 1680 1508 1751 seipse,
1542 1680 1613 1733 ab
1646 1678 1761 1734 alio
1794 1679 2101 1733 dissideat.

569 1774 658 1828 44.
691 1773 887 1827 Tertia
918 1788 1074 1841 pars,
1106 1788 1234 1842 quae
1262 1771 1410 1825 duas
1442 1770 1618 1825 habet
1669 1774 1727 1825 et
1778 1770 1847 1824 ad
1901 1769 2153 1840 primum

499 1867 557 1919 et
585 1864 657 1918 ad
690 1862 1010 1917 secundam
1040 1860 1314 1932 (partem)
1361 1858 1715 1929 (babituum)
1768 1859 2045 1928 rationes,
2099 1861 2155 1912 et

497 1952 699 2024 primaa
732 1951 908 2023 tripla
938 1954 1028 2005 est
1058 1951 1445 2021 secundaeque
1487 1947 1892 2019 sesquialtera,
1946 1948 2148 2019 cogni-

496 2040 716 2095 tionem
750 2038 941 2110 aperit
971 2039 1043 2093 ad
1074 2055 1141 2094 ea
1172 2039 1412 2094 omnino
1439 2039 1987 2110 pertinentem,que3
2019 2053 2152 2092 sen-

502 2129 698 2184 sibilia
746 2132 908 2193 sunt,
962 2144 1091 2197 quae
1137 2128 1374 2197 quidem
1427 2129 1533 2182 etsi
1586 2144 1689 2198 per
1735 2126 2152 2182 subsistentias

501 2220 589 2287 (ut
616 2216 727 2271 hac
756 2232 891 2271 voce
921 2215 1095 2283 ultar)
1119 2220 1408 2287 augentur
1440 2232 1573 2271 nam
1605 2215 1721 2270 tria
1751 2214 2153 2270 multitudinis

2082 2669 2343 2718 ‘v;;;/

506 2830 743 2885 initium
775 2829 929 2899 (est),
952 2826 1207 2899 simplici
1235 2830 1429 2882 tamen
1462 2830 1518 2882 et
1548 2827 1777 2884 sincera
1807 2830 2157 2901 cognitionis

507 2920 606 2991 (vi)
640 2924 817 2990 atque
847 2934 933 2984 eo,
967 2917 1123 2987 quod
1158 2916 1499 2971 universum
1531 2917 1766 2987 dicitur,
1800 2919 2155 2987 adunantur,

508 3013 566 3063 et
595 3023 727 3062 vero
760 3007 817 3060 in
854 3005 1043 3060 multa
1066 3005 1558 3076 (multitudinem)
1588 3023 1656 3061 ex
1706 3008 2159 3077 particularibus

511 3099 1018 3168 coguntur.Atque
1035 3093 1155 3148 haec
1174 3093 1407 3163 quidem
1436 3093 1619 3148 multa
1636 3100 1693 3147 et
1708 3095 1936 3150 diversa
1953 3098 2159 3167 (sunt),

507 3186 609 3241 sed
641 3184 896 3256 cognitio
928 3182 1028 3237 illa
1058 3187 1113 3236 et
1146 3180 1397 3252 simplex
1422 3189 1513 3237 est
1556 3200 1743 3253 neque
1792 3185 2041 3241 diversa.
2081 3187 2160 3240 Ac

506 3279 783 3346 praeterea
809 3270 1253 3340 sesquialteram
1281 3270 1457 3325 habet
1488 3273 1772 3326 rationem
1826 3274 1897 3327 ad
1946 3291 2158 3329 secun-

2253 613 2320 683 τῇ
2355 612 2533 685 ψυχῇ-

2333 706 2417 772 ιγ’.
2447 700 2508 755 Ἡ
2544 696 2765 774 δευτέρα
2807 706 2992 771 μοῖρα,
3050 698 3308 755 διπλασία
3355 707 3454 769 τῆς
3498 701 3722 774 πρώτης
3751 698 3907 765 οὖσα,

2257 784 2445 858 δηλοῖ,
2502 788 2583 841 ὅτι
2636 788 2685 842 εἴ
2726 788 2815 842 καὶ
2867 788 2918 843 ἐν
2981 789 3142 862 ἐαυτῇ
3194 790 3420 859 δνίζεται
3466 789 3553 843 καὶ
3599 788 3906 857 ταυτίζεται

2256 876 2345 929 καὶ
2386 876 2773 955 ὰνεκφοίτητὸς
2832 877 2939 932 ἐστι
2995 880 3083 933 καὶ
3132 875 3423 951 μονοειδὴς
3474 880 3507 947 ἡ
3556 880 3733 953 ψυχὴ,
3780 876 3911 931 ἀλλ’

2259 966 2347 1018 οὖν
2409 966 2738 1040 προέρχεται
2796 966 2885 1021 καὶ
2955 965 3301 1022 ποικίλλεται
3353 968 3489 1021 κατὰ
3544 968 3609 1021 τὰ
3665 968 3909 1041 γνωστὰ.

2259 1056 2441 1110 Ταῦτα
2472 1052 2536 1123 δὴ
2569 1057 2636 1108 τὰ
2667 1054 2717 1109 ἐι
2752 1057 2956 1130 γενέσει
3009 1057 3097 1110 καὶ
3146 1057 3214 1110 τὰ
3258 1062 3358 1124 τῆς
3404 1058 3627 1132 θατέρου
3669 1056 3912 1129 φύσεως.

2257 1146 2425 1196 Τοῦτο
2473 1144 2573 1218 γὰρ
2633 1141 2799 1213 δηλοῖ
2848 1145 2910 1198 τὸ
2964 1143 3273 1203 διπλάσιον.
3329 1152 3413 1207 Ὡς
3472 1146 3571 1220 γὰρ
3634 1145 3685 1199 έν
3717 1150 3799 1215 τῷ
3834 1144 3912 1198 ἐνὶ

2258 1230 2319 1284 τὸ
2376 1231 2565 1285 ταύτὸν
2631 1232 2699 1305 (εἰ
2754 1233 2857 1307 γὰρ
2920 1235 2996 1305 μὴ
3059 1232 3225 1307 ἑτέρῳ
3284 1233 3498 1302 ταύτὸν,
3558 1230 3679 1288 ἀλλ’
3734 1232 3804 1286 αὖ
3853 1254 3914 1307 γε

2260 1319 2425 1393 ἐαυτψ
2482 1322 2746 1394 πάντως),
2806 1321 2979 1386 οὕτως
3036 1322 3087 1377 ἐν
3144 1328 3262 1384 τοῖς
3309 1320 3425 1376 δυσῖ
3473 1322 3534 1376 τὸ
3576 1320 3759 1398 ἕτερον
3796 1339 3808 1351 ·
3849 1322 3914 1375 οὗ

2260 1410 2361 1483 γὰρ
2421 1410 2612 1463 ἑαυτοῦ
2659 1406 2864 1485 ἕτερον,
2912 1410 3039 1465 ἀλλ’
3083 1411 3267 1484 ἐτέρου
3317 1410 3494 1485 ἕτερον
3532 1432 3545 1445 ο
3609 1411 3767 1477 ὥστε,
3824 1412 3916 1465 καὶ

2260 1498 2397 1573 πρὸς
2446 1496 2603 1552 έαυτὸ
2659 1488 3013 1554 ἀστασίαστον
3067 1502 3250 1573 μένον,
3313 1501 3581 1569 στασιάζει
3640 1497 3920 1561 πολλάκις

2261 1587 2395 1660 πρὸς
2426 1584 2589 1643 ἀλλο.

2337 1761 2416 1819 ιδ’.
2451 1766 2512 1821 Ἠ
2562 1765 2719 1840 τρίτη
2758 1772 2945 1839 μοῖρα,
2998 1766 3094 1823 δύο
3144 1763 3346 1842 ἔχουσα
3402 1770 3616 1842 σχέσεις
3677 1767 3820 1838 πρός
3854 1789 3913 1822 τε

2259 1853 2358 1921 τὴν
2390 1854 2612 1927 πρώτην
2643 1854 2730 1909 καὶ
2760 1857 2895 1929 πρὸς
2941 1857 3040 1922 τήν
3094 1854 3366 1931 δευτέραν,
3409 1857 3497 1911 καὶ
3536 1859 3637 1925 τῆς
3680 1864 3916 1930 πρώτης

2261 1942 2393 1997 οὖσα
2421 1941 2737 2017 τριπλασία.
2769 1952 2869 2013 τῆς
2923 1942 2980 1999 δὲ
3029 1943 3279 2019 δευτέρας
3329 1943 3587 2017 ἡμιολία,
3624 1941 3791 2013 δηλοῖ
3816 1946 3917 2011 τήν

2264 2031 2339 2092 εἰς
2362 2032 2428 2085 τὰ
2466 2030 2696 2102 αἰσθητᾶ
2742 2032 2958 2095 παντως
3004 2039 3225 2107 γνῶσιν,
3270 2032 3404 2109 ἅπερ
3455 2033 3500 2087 εἰ
3550 2034 3639 2087 καὶ
3692 2031 3918 2103 πληθυ-

2261 2142 2441 2176 νονται
2499 2123 2634 2177 κατᾶ
2688 2124 2782 2186 τὰς
2844 2122 3183 2196 ὕποστάσεις,
3235 2127 3262 2180 ὁ
3312 2126 3412 2201 γὰρ
3473 2126 3596 2199 τρία
3662 2123 3922 2193 πλήθους

2265 2211 2433 2288 ἀρχὴ,
2468 2209 2595 2265 ἀλλ’
2627 2210 2717 2266 οὖν
2770 2212 3033 2283 ἐνίζονται
3092 2220 3169 2287 τῷ
3212 2214 3395 2287 ἐνιαίῳ
3450 2214 3538 2268 καὶ
3598 2212 3760 2285 ἁπλῷ
3820 2222 3925 2281 τῆς

2220 2479 2310 2565 Va-
2365 2518 2381 2562 .3

2282 2570 2437 2627 ςκν

2267 2850 2520 2903 γνωσεως
2576 2828 2666 2883 καὶ
2716 2831 2795 2899 τῷ
2846 2819 3105 2895 καθόλου,
3155 2826 3245 2880 καὶ
3307 2827 3439 2899 μετὰ
3494 2824 3561 2880 τὰ
3616 2824 3809 2880 πολλᾶ
3870 2824 3929 2881 ἐκ

2264 2923 2371 2973 τῶν
2436 2923 2669 2993 μερικῶν
2751 2918 3078 2990 συνάγεται·
3156 2917 3377 2970 κάκεῖνα
3444 2916 3537 2987 μὲν
3593 2914 3787 2970 πολλὰ
3835 2918 3928 2970 καὶ

2269 3004 2520 3084 διάφορα,
2577 3009 2610 3076 ἡ
2667 3003 2723 3059 δὲ
2769 3009 2968 3080 γνῶσις
3033 3002 3181 3073 ἁπλῆ
3241 3004 3330 3058 καὶ
3390 3001 3707 3080 ἀδιάφορος.
3769 3003 3927 3072 Πλὴν

2270 3094 2383 3170 ἔχει
2433 3096 2523 3149 καὶ
2580 3094 2717 3170 πρὸς
2772 3095 2871 3162 τὴν
2930 3090 3177 3165 δευτέραν
3237 3094 3328 3146 τὸν
3378 3091 3643 3166 ἡμιόλιον
3705 3092 3883 3168 λόγον
3915 3139 3929 3163 ,

2273 3184 2725 3261 ὑπεμφαίνοντος,
2760 3184 2937 3254 οἶμαι,
2963 3185 3058 3235 τοῦ
3090 3179 3277 3254 λόγου,
3302 3180 3382 3235 ὅτι
3417 3180 3461 3235 εἷ
3491 3181 3577 3236 κάξ
3610 3182 3671 3235 τὸ
3704 3180 3929 3252 πεπλη-

2269 3272 2528 3344 θυσμένον
2581 3272 2656 3335 εἰς
2702 3271 2765 3325 τὸ
2817 3269 3057 3325 καθόλου
3106 3270 3193 3324 καὶ
3245 3269 3445 3323 ἐνιαῖον
3498 3270 3735 3337 ἑνοῦται,
3796 3269 3929 3325 ἀλλ’

504 3366 636 3419 dam
672 3363 967 3434 (partem),
1002 3359 1400 3431 ostenditque,
1438 3366 1500 3413 ut
1531 3363 1758 3430 opinor,
1793 3364 1960 3431 ratio,
2007 3362 2153 3419 illud

2272 3359 2364 3415 οὖν
2396 3360 2486 3415 καὶ
2516 3360 2649 3415 αὐτὸ
2681 3360 2745 3413 τὰ
2788 3359 3242 3431 πεπληθυσμένον
3290 3358 3342 3428 ἐξ
3392 3358 3591 3413 ἐνιαίου
3641 3360 3933 3434 συνάγεται

508 3454 730 3524 ipsum,
764 3450 916 3521 quod
951 3453 1188 3504 auctum
1221 3454 1277 3503 et
1308 3447 1767 3519 multiplicatum
1801 3456 1908 3517 est,
1943 3452 2051 3507 etsi
2103 3454 2161 3507 in

507 3541 851 3596 universum
884 3537 1056 3594 simul
1100 3541 1158 3593 et
1209 3536 1461 3608 simplex
1508 3542 1815 3609 (tanquam
1867 3540 1925 3594 in
1978 3558 2161 3596 unum

512 3630 805 3701 quoddam
841 3628 1164 3695 redactum)
1183 3626 1583 3697 copuletur,ex
1599 3628 1852 3699 simplici
1880 3634 2073 3685 tamen
2092 3631 2163 3685 ad

512 3716 953 3774 multitudinem
987 3715 1181 3787 colligi
1215 3732 1227 3769 :
1261 3731 1330 3770 ex
1362 3714 1632 3785 pluribus
1664 3718 1821 3771 enim
1858 3734 2038 3772 unum
2075 3719 2162 3785 fit,

511 3824 580 3863 ex
611 3824 725 3862 uno
757 3823 910 3877 saepe
941 3805 1059 3860 haec
1092 3804 1260 3875 plura
1306 3803 1693 3872 (multitudo).
1744 3807 1828 3859 Ad
1879 3807 2162 3863 sensibile

509 3897 708 3967 igitur,
740 3895 891 3965 quod
942 3894 1203 3949 ostendit
1257 3893 1519 3947 secunda
1568 3910 1703 3964 pars
1752 3895 2165 3965 (sesquialtera

507 3985 610 4062 illa
657 3985 823 4050 ratio)
879 3982 1323 4037 multitudinem
1367 3982 1629 4053 apponit,
1682 4000 1859 4053 quam
1912 3987 2168 4040 ostendit

504 4073 695 4139 tertia,
732 4077 1049 4141 utrumque
1080 4075 1278 4126 autem
1309 4085 1378 4125 ex
1407 4087 1496 4138 eo,
1530 4071 1683 4141 quod
1720 4072 1951 4143 proprie
1983 4089 2167 4128 unum

497 4162 732 4230 dicitur,
766 4166 1175 4231 comparatum
1207 4164 1297 4214 est
1326 4160 1605 4230 (pendet).
1645 4161 1782 4224 Qua
1816 4161 1867 4215 si
1902 4163 1971 4215 ad
2008 4160 2166 4217 illius

495 4251 991 4322 comparationem
1044 4248 1198 4302 inter
1246 4265 1309 4303 se
1360 4253 1677 4303 censentur
1732 4252 1810 4319 (et
1860 4250 2166 4305 aastiman-

496 4343 637 4410 tur),
670 4337 948 4394 sensibile
982 4337 1125 4392 illud
1159 4335 1404 4406 simplex
1453 4338 1525 4391 ab
1583 4352 1670 4403 eo,
1721 4339 1875 4408 quod
1932 4340 2165 4410 proprie

508 4444 691 4482 unum
725 4425 1215 4496 dicitur,propius
1242 4425 1408 4479 abest
1434 4441 1612 4496 quam
1646 4425 1703 4481 id
1733 4427 1885 4495 quod
1918 4432 2155 4483 auctum

2273 3450 2347 3511 εἰς
2380 3449 2596 3517 πλῆθος
2630 3470 2639 3482 ·
2676 3449 2734 3503 ἐκ
2781 3448 2884 3523 γὰρ
2931 3446 3157 3503 πολλῶν
3210 3448 3471 3502 τοιούτων
3521 3448 3583 3501 τὸ
3641 3445 3719 3515 ἔν,
3750 3448 3847 3502 καὶ
3886 3450 3931 3518 ἐξ

2275 3539 2392 3602 ἑνὸς
2417 3543 2663 3593 τοιοῦτον
2696 3537 2969 3599 πολλάκις
3006 3538 3067 3592 τὸ
3098 3536 3335 3607 πλῆθος.
3370 3537 3493 3593 Ἑπῖ
3524 3538 3616 3591 οὖν
3644 3538 3709 3591 τὸ
3748 3538 3936 3607 αἰσθηο

2274 3628 2389 3694 τὸν,
2422 3623 2449 3681 ὅ
2483 3625 2702 3697 δηλοῖή
2738 3625 2957 3701 δευτέρα
2982 3631 3169 3702 μοῖρα,
3217 3627 3279 3681 τὸ
3325 3624 3539 3693 πλῆθος
3571 3626 3932 3699 παρίστησιν,

2277 3716 2304 3770 ὃ
2337 3714 2503 3786 δηλοῖ
2533 3719 2566 3785 ἡ
2616 3714 2796 3791 τρίτη,
2841 3717 3064 3790 ἑκάτερα
3112 3713 3169 3770 δὶ
3203 3720 3299 3769 τοῦ
3348 3715 3547 3790 κυρίως
3598 3716 3721 3777 hoc
3780 3716 3935 3788 ἐξήρ-

2276 3826 2486 3873 τηνται.
2548 3805 2735 3860 Αὐτῶν
2797 3806 2889 3877 μὲν
2963 3805 3098 3876 πρὸς
3151 3804 3321 3859 έκεῖνο
3390 3803 3822 3876 ἐξεταζομένων,
3877 3807 3935 3859 τὸ

2278 3891 2530 3961 αἰσθητὸν
2584 3893 2777 3946 ἑνιαῖον
2829 3891 3116 3968 ἐγγύτερόν
3171 3892 3278 3947 ἐστι
3328 3896 3429 3946 τοῦ
3475 3892 3682 3967 κυρίως
3741 3892 3859 3954 ἐνὸς
3900 3892 3933 3961 ἧ

2276 3981 2336 4034 τὸ
2387 3979 2860 4054 πεπληθυσμένον,
2909 3981 2983 4044 ὡς
3018 3982 3045 4035 ὁ
3096 3978 3382 4044 διπλάσιος
3432 3978 3517 4035 διὸ
3571 3986 3670 4034 τοῦ
3721 3980 3928 4049 ἐνὸς,ἧ

2278 4070 2305 4123 ὁ
2354 4066 2700 4142 τριπλάσιος.
2759 4071 2828 4123 Τὸ
2881 4070 2981 4145 γὰρ
3033 4068 3084 4123 ἐν
3146 4069 3427 4132 τοσούτοις
3482 4075 3693 4143 μεῖζον,
3733 4093 3931 4145 μακρι-

2278 4158 2413 4229 σμόν
2473 4160 2586 4229 (14)
2636 4180 2760 4212 τινα
2817 4158 3135 4235 ἐπεμφαίνιι
3190 4159 3282 4212 καὶ
3335 4155 3731 4234 ἀλλοτρίωσιν.
3786 4161 3936 4215 Αῶτὲ

2277 4244 2334 4301 δί
2360 4248 2494 4321 πρὸς
2550 4244 2774 4316 ἄλληλα
2823 4248 3217 4323 συγκρινόμενα
3266 4246 3486 4322 εὕρηται
3516 4247 3937 4323 συρεγγῦτερον⁹

2276 4336 2349 4396 ὡς
2407 4334 2455 4389 ἐν
2504 4334 2751 4407 ἡμιολίῳ
2825 4336 2951 4410 γὰρ,
3036 4337 3111 4399 ὡς
3183 4336 3464 4413 ἀμφότερα
3518 4337 3622 4391 ὑπὸ
3678 4338 3934 4407 αἴσθησιν

2276 4444 2425 4480 οντα.

510 4514 1086 4585 multiplicatumque
1118 4516 1226 4578 est,
1261 4511 1414 4566 sicut
1445 4512 1663 4583 duplus
1693 4514 2018 4586 (numerus)
2050 4516 2151 4570 uni
2184 4514 2420 4585 propior
2453 4518 2542 4569 est
2573 4531 2752 4586 quam
2788 4513 3024 4585 triplus.
3059 4515 3221 4581 Quod
3264 4514 3324 4569 in
3378 4513 3473 4569 isti
3519 4513 3677 4569 enim
3735 4519 3934 4587 majus

509 4610 618 4671 est,
650 4601 1039 4675 prolixitatem
1075 4601 1395 4671 quamdam
1427 4607 1485 4656 et
1515 4600 1929 4658 alienationem
1967 4621 2078 4675 prae
2110 4621 2173 4659 se
2202 4603 2332 4657 fert.
2386 4605 2542 4658 Inter
2587 4619 2648 4658 se
2698 4608 2893 4658 autem
2940 4608 3297 4675 comparata,
3352 4603 3626 4675 propiora
3674 4603 3930 4660 alterum

510 4690 677 4746 alteri
708 4706 833 4745 esse
863 4689 987 4744 visa
1018 4690 1289 4761 (reperta)
1321 4695 1491 4758 sunt;
1531 4707 1665 4746 nam
1698 4691 1858 4747 velut
1889 4693 1944 4747 in
1977 4690 2365 4764 sesquialtera
2396 4690 2685 4762 (ratione),
2719 4693 2801 4746 sic
2835 4697 3154 4763 utrumque
3186 4693 3295 4747 sub
3328 4707 3569 4747 sensum
3600 4694 3782 4748 cadit.

582 4782 667 4834 1:").
715 4780 933 4843 Quarta
982 4796 1139 4850 pars,
1191 4796 1318 4851 qua:
1368 4780 1640 4835 secundae
1689 4781 1870 4852 dupla
1921 4787 2029 4851 est,
2082 4786 2157 4847 et,
2195 4783 2240 4845 D

506 4876 708 4925 contra
738 4885 915 4923 unam
940 4867 1101 4923 illam
1126 4869 1588 4939 posita,planum
1613 4868 1789 4923 habet
1810 4870 2160 4941 quadrilate-

506 4976 659 5025 rum,
693 4957 1111 5029 cognitionem,
1148 4973 1271 5027 quae
1314 4962 1403 5011 est
1452 4957 1509 5011 in
1559 4957 1895 5026 latitudine,
1948 4961 2158 5030 aperit.

505 5050 696 5112 Quare
727 5048 799 5101 ab
832 5063 946 5101 uno
983 5045 1217 5109 recedit,
1243 5062 1378 5099 cum
1412 5045 1778 5117 longitudine
1810 5053 2006 5102 autem
2039 5048 2159 5104 sive

506 5136 787 5193 dualitate
819 5134 1427 5205 comparatur.0mnis
1459 5135 1614 5189 enim
1649 5136 2157 5208 cognitio,longis-

509 5227 657 5281 sime
688 5240 999 5296 progressa
1028 5238 1371 5294 quanquam
1404 5239 1472 5278 ex
1503 5240 1618 5278 uno
1650 5224 1884 5295 pendet,
1916 5225 2069 5281 sicut
2088 5242 2157 5280 ex

510 5315 732 5369 unitate
781 5312 974 5369 omnis
1025 5327 1331 5379 numerus,
1380 5327 1628 5383 eamque
1674 5314 1746 5368 ob
1796 5330 2036 5369 causam
2084 5314 2155 5369 ad

511 5418 693 5457 unum
722 5402 857 5474 plus
881 5399 1130 5472 pertinet
1154 5401 1555 5471 (accomodata
1583 5402 1652 5456 ad
1682 5418 1862 5457 unum
1884 5404 2016 5473 est),
2051 5419 2155 5458 ne-

509 5507 622 5561 que
646 5495 840 5546 tamen
868 5491 924 5544 in
962 5489 1389 5561 longitudinem
1420 5506 1561 5544 sane
1609 5491 1842 5561 crescit,
1892 5493 2032 5546 dum
2089 5509 2157 5547 ex

508 5581 730 5635 unitate
762 5579 996 5651 pendet.
1028 5578 1111 5633 Ab
1144 5576 1246 5633 illa
1276 5584 1470 5633 autem
1503 5578 1672 5650 quasi
1724 5580 1971 5635 dimissa
2020 5598 2155 5637 cum

2347 4785 2421 4834 ιε’.
2479 4780 2542 4835 Ἥ
2599 4780 2828 4853 τετάρτη
2913 4786 3100 4854 μοῖρα,
3181 4777 3440 4835 διπλασ.α
3513 4787 3612 4849 τῆς
3671 4778 3932 4855 δευτέρας

2271 4867 2422 4935 οὖσα,
2455 4867 2544 4921 καὶ
2598 4868 2732 4942 πρὸς
2780 4869 2878 4936 τὴν
2934 4868 3058 4939 μίαν
3121 4867 3489 4942 ἀντικειμένη,
3546 4868 3637 4922 καὶ
3683 4868 3797 4940 ἤδη
3848 4892 3936 4926 τε·

2269 4956 2606 5029 τραπλευρον
2666 4957 2727 5011 τὸ
2780 4954 3032 5011 ἐπίπεδον
3114 4956 3339 5032 ἔχουσα,
3408 4954 3573 5028 δηλοῖ
3629 4961 3728 5026 την
3791 4962 3932 5014 tati

2269 5044 2473 5106 πλάτος
2534 5046 2754 5120 γνῶσὶν.
2816 5046 2912 5099 Διὰ
2962 5050 3123 5100 τοῦτο
3183 5048 3288 5121 γὰρ
3346 5046 3439 5100 καὶ
3493 5051 3589 5100 τοῦ
3648 5046 3768 5109 ἐνὸς
3828 5052 3929 5121 μὲν

2268 5133 2576 5210 ἀφίσταται,
2607 5139 2687 5205 τῷ
2720 5136 2881 5207 μήκει
2931 5132 2989 5189 δὲ
3033 5133 3139 5189 εἴτε
3191 5135 3283 5189 οὖν
3328 5139 3394 5208 τῇ
3441 5132 3594 5189 δυάδι
3642 5135 3932 5208 ἀντεξετα-

2271 5229 2438 5290 ζεται.
2497 5227 2645 5276 Πᾶσα
2702 5222 2802 5299 γὰρ
2870 5227 3090 5298 γνῶσις,
3166 5222 3253 5277 ἐπὶ
3314 5226 3578 5295 μήκιστον
3629 5232 3929 5297 προϊοῦσα,

2268 5311 2505 5386 ἐξέχεται
2569 5312 2661 5385 μὲν
2715 5316 2811 5366 τοῦ
2880 5312 3021 5384 ἑνὸς,
3094 5313 3169 5374 ὡς
3227 5312 3315 5367 καὶ
3374 5319 3480 5373 πᾶς
3535 5313 3773 5389 ἀριθμὸς
3829 5325 3933 5384 τῆς

2272 5400 2525 5473 μονάδος,
2577 5400 2665 5455 καὶ
2714 5400 2851 5456 κατὰ
2891 5405 3052 5457 τοῦτο
3116 5400 3407 5475 ἐνικωτέρα
3463 5399 3627 5470 ἐστὶν,
3682 5402 3746 5456 οὖ
3817 5408 3925 5477 μὴν

2267 5488 2323 5545 δὲ
2360 5490 2448 5544 καὶ
2500 5490 2577 5552 εἰς
2624 5488 2833 5551 πλάτος
2896 5488 3230 5561 ἐπιδίδωσιν,
3292 5490 3396 5545 ἐστ’
3452 5489 3511 5544 ἂν
3572 5498 3674 5560 τῆς
3735 5493 3927 5555 livido;

2265 5579 2527 5655 ἐξέχεται,
2587 5581 2715 5635 Ὃτε
2771 5578 2827 5634 δὲ
2884 5579 3090 5651 ἐκείνης
3144 5582 3265 5634 οἷον
3320 5581 3561 5656 ἀφεμένη
3610 5578 3924 5656 ἐπικάμψει

577 5748 687 5820 (Μ)
719 5748 1063 5821 Μακρισμὸν.
1100 5751 1242 5817 Vox,
1278 5750 1469 5819 credo,
1503 5767 1534 5805 a
1570 5749 1750 5806 Psello
1782 5750 2039 5809 inventa.
2069 5752 2299 5812 Lmosn.
