4060 6348
120 382 288 441 “Oi

1253 388 1330 448 ΙΝ
1374 388 1988 451 PSYCHOGONIAM
2037 391 2448 452 PLATONIS.

3393 393 3583 453 1102·

112 511 213 564 καὶ
252 511 566 588 πλαγιάσει,
601 513 772 583 διπλῆ
803 538 887 580 τις
941 518 1014 580 ὡς
1060 518 1119 573 ἃν
1170 517 1467 594 ἐγγίγνεται
1509 524 1589 592 τῷ
1624 521 1760 593 μήκε

1901 522 2198 578 seinﬂexit
2220 528 2276 578 et
2297 523 2638 596 obliquavit,
2656 525 2872 596 duplex
2894 525 3328 596 quodammodo
3351 525 3548 596 (facta)

110 601 420 678 πρότερον,
455 603 568 659 εἶτα
613 607 702 660 καὶ
749 607 830 680 τῷ
881 607 1096 676 πλάτει,
1143 609 1231 662 καὶ
1283 605 1631 663 έπιπεδοῦται
1665 610 1779 663 οἷον

105 691 178 744 τὸ
245 697 516 766 γινῶσκον
570 695 706 750 κατὰ
753 697 814 751 τὸ
864 701 959 752 τοῦ
1020 700 1431 772 γινωσκομένου
1504 697 1779 767 ἐπίπεδον,

103 780 137 832 ’ὁ
171 776 353 850 δηλοῖ
380 781 602 838 ἐνταῦθα
648 787 682 854 ἡ
728 787 957 861 τετάρτη
991 792 1155 860 μοῖρα
1206 788 1344 862 πρὸς
1386 788 1483 856 τήν
1532 784 1780 864 δευτέραν

105 869 211 924 καὶ
254 869 425 942 μόνην
459 871 830 948 ἀντικειμένη.

197 1058 265 1113 ις’
293 1052 360 1110 Ἠ
391 1053 614 1126 πέμπτη
655 1059 845 1129 μοῖρα,
899 1054 1199 1130 τριπλασία
1243 1057 1343 1124 τῆς
1389 1055 1579 1131 τρίτης
1625 1057 1777 1130 οὖσα,

107 1141 211 1195 καὶ
251 1143 394 1213 μήτε
421 1142 558 1217 πρὸς
608 1144 707 1212 τὴν
753 1141 1001 1219 δευτέραν
1057 1147 1198 1218 μήτε
1244 1146 1382 1221 πρὸς
1423 1146 1521 1214 τήν
1553 1147 1776 1222 πρώτην

110 1229 500 1303 ἀντικειμένη,
550 1229 721 1303 δηλοῖ
760 1233 822 1288 τὸ
873 1238 980 1289 τῶν
1030 1235 1284 1310 γνώσεων
1333 1233 1500 1291 πολύ.
1552 1237 1780 1308 Ηυομήν

107 1321 228 1395 γὰρ
263 1325 371 1375 τῶν
402 1318 630 1376 πολλῶν
680 1321 747 1377 τὰ
794 1323 938 1397 τρία.
972 1321 1252 1388 Πολλάκις
1297 1321 1354 1379 δὲ
1399 1323 1586 1380 πολλὰ
1614 1326 1681 1379 τὰ
1713 1326 1775 1388 θ’·

105 1408 239 1464 ὅθεν
272 1410 361 1464 καὶ
402 1409 603 1482 μούσας
631 1412 674 1464 Θ⁹
704 1412 756 1466 οἱ
805 1413 1032 1483 ποιηταί
1077 1435 1257 1490 φασιν,
1291 1414 1456 1468 οἱονεὶ
1504 1410 1778 1475 πολλάκις

107 1498 341 1554 πολλ”
391 1498 454 1553 Τ“
498 1497 548 1530 ’“⁵·
679 1498 778 1555 λλ“
871 1499 896 1516 ”
1081 1503 1136 1536 “”
1223 1500 1298 1518 “’
1384 1500 1407 1518 ”
1573 1503 1586 1522 “
1668 1503 1681 1518 ’

133 1537 148 1552 .
280 1521 361 1560 ας.
434 1521 465 1553 α
494 1517 551 1554 οε
601 1521 672 1554 πο
757 1523 789 1555 α
835 1523 956 1556 ουτε
998 1522 1134 1578 προς
1183 1524 1246 1558 το
1275 1502 1329 1557 *εν
1381 1521 1498 1578 εχει
1527 1524 1626 1572 την
1656 1524 1780 1558 αντ⁹

107 1589 488 1660 εξέτασιν,ὡς
547 1586 676 1645 οὐδὲ
725 1589 788 1645 τὸ
847 1587 1104 1646 ἐπίπεδον
1161 1591 1195 1660 ἢ
1254 1591 1317 1646 τὸ
1367 1592 1582 1666 στερεὸν
1641 1593 1776 1668 πρὸς

103 1678 218 1744 τήν
278 1679 536 1753 στιγμὴν,
596 1673 720 1733 οὔτε
779 1680 873 1752 μὲν
932 1680 1072 1754 πρὸς
1123 1679 1190 1734 τὰ
1243 1677 1360 1751 δύο,
1424 1680 1604 1755 ὥσπερ
1653 1678 1779 1736 οὐδὶ

105 1765 270 1820 οἰκία
317 1766 456 1841 πρὸς
507 1766 786 1839 θεμέλιον,
837 1769 926 1822 καὶ
975 1767 1170 1824 πλοῖον
1227 1769 1362 1845 πρὸς
1419 1769 1632 1844 τρόπιν,
1686 1771 1774 1824 καὶ

104 1857 260 1909 ἅπαν
311 1855 449 1931 πρὸς
498 1854 702 1931 ἀρχήν
757 1855 986 1930 οὐδεμία
1030 1855 1088 1912 δὲ
1135 1858 1282 1933 ἀρχὴ
1338 1859 1606 1933 συγγενὴς
1656 1864 1775 1920 τοῖς

98 1943 357 2012 τέλεσιν,
389 1945 536 2020 ἀρχὴ
590 1942 647 1999 δὲ
694 1943 945 2016 πλήθους
992 1949 1026 2016 ἡ
1079 1944 1230 2018 δυάς,
1265 1947 1327 2001 οὐ
1359 1946 1595 2017 πλῆθος’
1627 1947 1772 2003 ἀλλὰ

98 2035 174 2088 τά
225 2032 416 2089 πολλὰ
459 2035 593 2110 πρὸς
645 2034 846 2091 πολλά.
882 2037 1043 2100 ’Ὀθεν
1075 2037 1103 2090 ὁ
1132 2038 1175 2100 0'
1205 2037 1341 2112 πρὸς
1388 2037 1478 2091 τὸν
1512 2038 1558 2112 γ’
1592 2036 1770 2107 ἐξετά-

103 2128 283 2193 ζεται,
315 2123 378 2178 τὸ
409 2121 623 2188 πλῆθος
655 2125 792 2198 πρὸς
831 2125 892 2179 τὸ
923 2123 1154 2194 πλῆθος,
1187 2125 1276 2179 καὶ
1319 2125 1640 2203 ὑπεμφαίνει
1671 2125 1763 2180 τὸν

97 2211 434 2288 τριπλάσιον
463 2212 600 2266 κατὰ
628 2211 773 2268 πολὺ
805 2212 1246 2286 πληθυνόμενος.

1888 611 2141 682 primum
2175 612 2541 667 multitudini
2572 617 2696 668 tum
2731 630 2864 669 vero
2905 614 3205 670 latitudini
3248 616 3418 687 quasi
3461 616 3547 671 in-

1891 701 2172 756 nascitur.
2197 705 2263 756 Et
2283 718 2415 756 vero
2437 701 2518 768 id,
2550 704 2699 772 quod
2723 703 3014 771 cognocit,
3033 702 3203 775 quasi
3220 703 3464 774 planum
3487 721 3549 761 se

1891 790 2029 845 facit
2063 791 2440 846 accomodate
2491 791 2563 846 ad
2614 792 2763 862 ejus,
2790 793 2944 862 quod
2993 793 3389 864 cognoscitur,
3419 793 3546 866 pla-

1890 894 2058 947 num,
2096 879 2252 948 quod
2287 878 2380 934 hic
2412 879 2669 935 ostendit
2699 883 2908 950 quarta
2957 896 3114 951 pars,
3147 897 3274 952 quis
3305 881 3545 952 quidem

1891 973 2096 1024 contra
2125 969 2445 1025 secundam
2467 973 2526 1025 et
2558 985 2736 1024 unam
2762 969 2924 1025 illam
2965 970 3158 1040 posita
3186 975 3295 1026 est.

1963 1058 2052 1113 16.
2084 1057 2304 1121 Quinta
2335 1075 2496 1130 pars,
2528 1058 2713 1114 tertias
2744 1058 2944 1130 tripla,
2980 1075 3170 1130 neque
3216 1063 3420 1116 contra
3447 1076 3541 1116 se-

1890 1148 2144 1202 cundam
2180 1163 2369 1220 neque
2385 1152 2588 1203 contra
2617 1147 2870 1218 primam
2901 1147 3110 1220 posita,
3141 1149 3542 1222 cognitionum

1891 1235 2331 1292 multitudinem
2350 1235 3120 1293 ostendit.Fundamentum
3140 1237 3295 1294 enim
3313 1254 3538 1305 eorum,

1890 1341 2016 1396 quae
2047 1324 2235 1380 multa
2267 1325 2667 1394 nominantur,
2701 1326 2812 1381 tria
2859 1330 3017 1382 sunt.
3070 1326 3292 1383 Pluries
3340 1331 3536 1383 autem

1891 1414 1960 1485 (ei
1987 1415 2330 1486 sumuntur)
2368 1416 2576 1485 multa,
2610 1431 2817 1470 novem
2841 1416 3248 1487 (efficiuntur).
3273 1416 3412 1472 Inde
3430 1433 3537 1472 no-

1889 1519 2016 1558 vem
2037 1503 2236 1559 Musae
2257 1502 2432 1558 veluti
2449 1503 2668 1576 pluries
2683 1504 2902 1560 multas
2924 1509 3103 1577 poeta
3117 1505 3309 1561 dicere
3325 1505 3536 1561 solent.

1890 1592 2068 1648 Multa
2083 1596 2276 1648 tamen
2295 1592 2517 1648 nullam
2537 1594 3033 1665 comparationem
3061 1610 3251 1665 neque
3273 1595 3344 1650 ad
3368 1611 3540 1651 unum

1891 1681 2300 1752 habent).sicut
2322 1698 2435 1736 non
2470 1682 2708 1754 planum
2729 1687 2831 1737 aut
2852 1681 3108 1738 solidum
3129 1684 3200 1739 ad
3227 1688 3538 1755 punctum,

1889 1786 2079 1842 neque
2105 1786 2238 1826 vero
2263 1771 2333 1824 ad
2362 1770 2658 1825 binarium
2683 1772 3534 1843 numerum,quemadmodum

1889 1875 2077 1930 neque
2117 1863 2220 1914 aut
2257 1859 2330 1914 ad
2373 1859 2828 1915 fundamentum
2874 1860 3100 1930 domus,
3135 1865 3237 1916 aut
3268 1860 3434 1917 navis
3459 1862 3532 1916 ad

1882 1947 2165 2017 carinam,
2207 1952 2310 2003 aut
2359 1947 2700 2002 universum
2750 1949 2821 2003 ad
2869 1948 3228 2020 principium
3280 1965 3293 2005 :
3342 1965 3532 2022 neque

1881 2037 2039 2092 enim
2099 2036 2288 2091 ullum
2337 2037 2694 2108 principium
2744 2037 3020 2093 extremis
3065 2041 3378 2110 cognatum
3419 2043 3531 2105 est,

1884 2141 2223 2198 quanquam
2254 2125 2650 2180 multitudinis
2685 2125 3065 2198 principium,
3103 2143 3218 2182 non
3252 2127 3494 2183 multitu
3517 2158 3529 2169 -

1881 2216 1980 2278 do,
2005 2215 2265 2270 dualitas
2286 2219 2414 2282 est;
2448 2215 2551 2271 sed
2584 2213 2772 2270 multa
2796 2215 3213 2286 (habentinter
3235 2233 3325 2284 ,se
3365 2233 3524 2272 com-

102 2303 526 2376 parationem).
561 2303 685 2367 Qua
714 2321 784 2360 ex
816 2320 876 2359 re
908 2321 1191 2360 numerus
1224 2306 1296 2360 IX
1323 2322 1457 2361 cum
1492 2309 1588 2372 Ill,
1625 2310 1688 2361 ut
1713 2305 2032 2362 multitudo
2063 2321 2196 2360 cum
2230 2302 2632 2372 multitudine,
2667 2309 3042 2376 comparatur
3070 2309 3129 2361 et
3161 2305 3219 2360 in
3253 2304 3525 2361 multitu-

101 2393 312 2448 dinem
341 2397 553 2449 auctus
583 2392 823 2466 triplum
856 2394 1219 2464 (numerum)
1249 2395 1500 2450 exhibet.

184 2485 269 2548 ιζ’
303 2481 366 2538 Ἠ
394 2479 525 2551 ἱκτη
581 2485 768 2555 μοῖρα,
821 2481 1158 2536 ὁκταπλασία
1204 2483 1305 2551 τῆς
1345 2485 1571 2554 πρώτης
1603 2483 1760 2550 οὖσα,

97 2568 359 2642 καὶπρὸς
391 2567 650 2643 οὐδεμίαν
700 2568 880 2643 ἑτέραν
931 2571 1030 2638 τήν
1085 2569 1269 2646 σχέσιν
1324 2567 1548 2646 ἔχουσα,
1597 2569 1764 2642 δηλοῖ

98 2660 204 2726 τὴν
259 2657 348 2712 ἐπὶ
400 2659 502 2726 τήν
540 2658 731 2733 τρίτην
783 2655 1056 2714 διάστασιν
1111 2661 1222 2732 (45)
1271 2665 1378 2715 τῶν
1425 2660 1758 2736 πραγμάτων

95 2751 329 2822 γνῶσιν,
367 2745 624 2814 δηλονότι
646 2749 745 2818 τήν
777 2747 853 2809 εἰς
887 2747 1105 2823 βάθοςῆ
1138 2750 1320 2823 πάχος
1348 2750 1381 2819 ἢ
1416 2749 1678 2822 ὕψοςΔιὰ
1697 2750 1761 2804 τὸ

101 2835 163 2891 δὲ
196 2835 429 2910 ἄσχετος
463 2834 595 2891 οὖσα
647 2838 784 2910 πρὸς
830 2839 926 2900 τὰς
971 2835 1166 2903 ἄλλοις,
1197 2842 1265 2912 τῇ
1307 2837 1496 2914 πρώτῃ
1525 2837 1757 2907 ἑνοῦται,

98 2927 136 2994 ἦ
172 2925 256 2979 ὅτι
291 2920 454 2987 κύϐος
483 2922 555 2979 ὢν
603 2925 675 2987 ὡς
707 2927 734 2979 ὁ
769 2928 885 2997 μετ’
933 2925 1115 2994 αὐτὸν,
1153 2926 1240 2980 καὶ
1286 2927 1391 2981 ἀπὸ
1429 2935 1528 2996 τῆς
1562 2924 1760 2990 δυάδος

98 3017 191 3070 καὶ
229 3013 487 3090 τετράδος
533 3015 820 3088 γινομένη,
875 3013 998 3070 οὔτε
1041 3016 1177 3090 πρὸς
1225 3014 1392 3084 αὐτην
1439 3016 1530 3070 τὸν
1571 3037 1760 3091 τετρα-

98 3103 394 3174 πλασίονά,
423 3100 544 3158 οὕτε
573 3105 709 3178 πρὸς
737 3106 834 3173 τήν
870 3104 1050 3179 ἑτέραν
1078 3104 1168 3158 τὸν
1227 3101 1551 3160 διπλασίονα
1581 3111 1758 3180 τηρεῖ,

101 3191 253 3248 ἀλλὰ
282 3193 370 3246 τὸν
410 3193 540 3267 πρὸς
569 3193 666 3261 τὴν
713 3193 937 3263 πρώτην
992 3191 1416 3260 ὁκταπλασίονα,
1457 3195 1558 3262 την
1604 3215 1758 3271 περι-

102 3282 342 3356 έχουσαν
400 3281 664 3343 κάκείνας.
727 3283 1067 3359 Ἐπιστρέφει
1127 3280 1184 3337 δὲ
1242 3284 1270 3337 ὁ
1325 3283 1490 3358 λόγος
1555 3283 1642 3337 καὶ
1694 3285 1762 3338 τά

101 3371 313 3446 ἔσχατα
370 3371 444 3433 είς
495 3372 563 3426 τά
609 3375 822 3446 πρῶτα,
864 3371 956 3426 ’ίνα
1007 3373 1083 3444 μή
1135 3371 1601 3447 ἀπεσχοινισμένα
1659 3375 1758 3428 ὦσι

97 3461 308 3522 τελέως
337 3464 432 3514 τοῦ
464 3461 706 3534 πρώτου,
734 3459 861 3516 ἀλλ’
903 3462 1046 3534 ὁμοῦ
1090 3466 1186 3516 τοῦ
1217 3466 1462 3536 γνωστοῦ
1493 3464 1527 3532 ἡ
1555 3466 1758 3537 γνῶσις

101 3543 605 3622 ἆντιλαμϐάνηται,
640 3549 685 3603 εἰ
735 3548 824 3603 καὶ
856 3548 1107 3612 ποικίλος
1140 3549 1303 3604 ἐστίν’
1340 3551 1368 3605 ὁ
1397 3550 1496 3624 γάρ
1529 3550 1758 3625 ἀριθμὸς

102 3644 327 3715 πρῶτος
392 3638 605 3713 στερεὸς
671 3637 760 3691 καὶ
841 3642 1058 3712 πρῶτος
1127 3639 1304 3701 ἰσάκις
1375 3636 1488 3700 ἴσος
1555 3637 1753 3699 ῒσάκις·

100 3729 196 3783 καὶ
229 3725 318 3782 διὰ
345 3731 505 3782 τοῦτο
537 3728 612 3788 ὡς
643 3731 860 3801 πρῶτος
887 3731 967 3800 τῷ
997 3727 1072 3781 ένὶ
1117 3727 1458 3798 συνάπτεται,
1493 3724 1752 3798 δηλονότι

100 3823 172 3893 τῇ
205 3817 399 3892 πρώτῃ
437 3815 622 3892 μοίρᾳ,
655 3815 848 3871 ἐκεῖθεν
874 3811 1018 3892 ἔχων
1045 3818 1144 3886 τὴν
1179 3816 1449 3872 σύστασιν.

181 3997 271 4067 ιη’.
303 3997 366 4051 Ἡ
399 3992 456 4050 δέ
499 3989 708 4068 ἑϐδόμη
758 3999 946 4070 μοῖρα,
996 3993 1605 4050 ἐπτακαιεικοσιπλασία
1651 4001 1752 4064 τῆς

100 4085 330 4162 πρώτης
355 4083 488 4139 οὖσα
516 4084 604 4138 καὶ
651 4081 898 4160 δεύτερος
950 4079 1115 4146 κύϐος
1157 4081 1291 4138 οὖσα
1341 4084 1553 4158 στερεὸς
1583 4087 1750 4138 ταῦτὰ

101 4181 182 4248 τῷ
239 4174 346 4250 πρὸ
400 4175 595 4228 τούτου
654 4172 904 4244 πέπονθε,
954 4173 1044 4227 καὶ
1101 4173 1164 4227 τὸ
1221 4172 1438 4242 πλῆθος
1495 4173 1589 4245 μὲν
1637 4177 1745 4228 τῶν

100 4264 356 4339 γνώσεων
416 4262 505 4317 καὶ
574 4263 676 4331 τήν
734 4261 810 4326 εἷς
881 4266 1025 4332 τρεῖς
1103 4258 1404 4323 διαστάσεις
1479 4256 1745 4331 ἐπιϐολὴν

101 4353 452 4427 παρίστησιν.
511 4345 848 4427 Ὑπερϐαίνει
909 4348 965 4405 δὲ
1013 4351 1102 4405 καὶ
1152 4349 1310 4414 οὗτος
1335 4350 1426 4406 τὸν
1457 4352 1503 4426 γ’
1533 4352 1622 4405 καὶ
1653 4353 1746 4406 τὸν

101 4452 167 4513 θ’,
198 4446 293 4496 τοῦ
340 4442 432 4513 μὲν
478 4438 864 4501 ἐννεαπλάσιος
911 4438 1006 4510 ὢν,
1037 4437 1133 4494 τοῧ
1179 4437 1236 4493 δὲ
1281 4438 1629 4515 τριπλάσιος,
1671 4441 1743 4494 ὧν

97 4534 162 4588 τὸ
226 4532 316 4603 μὲν
375 4527 698 4606 τριπλάσιον
757 4527 907 4592 ἐντὸς
961 4529 1028 4597 ἦν
1087 4527 1138 4583 ἐν
1192 4527 1417 4604 ἑτέροις,
1462 4530 1523 4584 τὸ
1579 4526 1635 4583 δὲ
1664 4527 1745 4584 ἐν·

1949 2486 2033 2539 17.
2067 2485 2238 2539 Sexta
2288 2499 2442 2554 pars,
2495 2482 2686 2554 prima
2734 2483 2993 2556 octupla,
3039 2500 3175 2539 cum
3224 2483 3385 2540 nulla
3415 2483 3530 2540 alia

1874 2572 2159 2628 rationem
2177 2571 2420 2638 habens,
2446 2587 2638 2626 rerum
2667 2573 3058 2643 cognitionem
3083 2573 3306 2628 indicat
3326 2573 3398 2628 ad
3413 2578 3530 2628 ter-

1872 2662 2014 2716 tiam
2041 2660 2472 2716 dimensionem
2496 2659 2939 2731 (progressam),
2965 2662 3036 2715 ad
3067 2662 3527 2732 profunditatem

1871 2749 2141 2806 videlicet
2187 2748 2274 2805 vel
2315 2748 2770 2804 crassitudinem
2801 2750 2890 2805 vel
2940 2749 3339 2807 altitudinem.
3376 2753 3527 2816 Quo-

1871 2839 2031 2895 niam
2064 2844 2285 2909 autem,
2312 2843 2512 2910 utpote
2535 2838 2607 2892 ad
2633 2837 2780 2892 alias
2813 2838 3098 2894 rationem
3133 2856 3246 2895 non
3280 2839 3528 2908 habens,

1871 2945 2004 2984 cum
2040 2929 2226 3000 prima
2255 2927 2803 2998 conjungitur,quia
2821 2927 3045 2982 scilicet
3067 2929 3252 2983 cubus
3274 2933 3382 2998 est,
3407 2929 3528 2984 sic-

1873 3023 1938 3072 ut
1967 3018 2228 3088 proxime
2271 3033 2552 3088 sequens,
2575 3022 2632 3071 et
2662 3033 2729 3070 ex
2753 3033 2997 3072 numero
3030 3017 3254 3072 binario
3289 3023 3347 3072 et
3373 3034 3522 3089 qua-

1870 3107 2124 3162 ternario
2158 3108 2245 3174 ﬁt,
2278 3122 2467 3177 neque
2507 3106 2578 3160 ad
2612 3104 2779 3160 illum
2803 3105 3196 3177 quadruplum
3228 3105 3520 3162 rationem

1873 3211 2061 3267 neque
2092 3195 2162 3249 ad
2187 3195 2343 3249 hunc
2373 3194 2616 3265 duplam
2650 3195 2939 3266 sequitur,
2970 3195 3070 3250 sed
3096 3211 3223 3249 eam
3248 3198 3520 3264 (tuetur),

1872 3301 2022 3355 quae,
2049 3285 2244 3355 prima:
2278 3282 2534 3353 octupla,
2559 3283 2664 3337 bas
2697 3300 2931 3355 quoque
2962 3284 3389 3356 complectitur.
3417 3285 3524 3340 Ra-

1871 3375 1949 3430 tio
1981 3377 2174 3429 autem
2200 3375 2270 3428 ad
2297 3373 2487 3444 prima
2513 3371 2752 3428 reflectit
2772 3378 3050 3442 extrema,
3085 3390 3158 3428 ne
3189 3391 3431 3445 prorsus
3449 3376 3523 3430 ab

1871 3480 1988 3518 uno
2021 3463 2287 3533 sejuncta
2316 3461 2455 3529 sint,
2499 3461 2622 3530 sed,
2685 3462 2916 3516 etiamsi
2974 3461 3138 3517 varia
3187 3463 3284 3530 sit,
3336 3480 3521 3518 unum

1869 3551 2038 3624 quasi
2062 3551 2119 3606 in
2153 3550 2345 3606 locum
2377 3550 2685 3605 scientiam
2714 3550 3183 3622 comprehendit.
3228 3552 3522 3608 Numerus

1865 3641 2020 3697 enim
2039 3641 2213 3712 (ejus)
2239 3637 2465 3694 solidus
2492 3638 2717 3710 primus
2742 3641 2940 3709 (est)et
2960 3637 3520 3712 aequaliteraaqualis

1866 3728 2188 3800 aequaliter,
2247 3729 2652 3796 quamobrem,
2706 3733 2770 3782 ut
2831 3743 2964 3782 cum
2999 3744 3116 3784 uno
3148 3726 3521 3784 connectitur

1864 3819 2118 3891 primus,
2170 3816 2272 3886 (sic
2321 3815 2442 3888 ille)
2475 3833 2607 3871 cum
2642 3815 2834 3887 prima
2863 3815 3090 3872 scilicet
3132 3821 3314 3889 parte,
3362 3819 3517 3874 unde

1863 3907 2345 3963 constitutionem
2379 3921 2548 3960 suam
2581 3905 2777 3961 habet.

1935 3997 2018 4051 18.
2054 3995 2316 4067 Septima
2349 4011 2507 4066 pars,
2533 4010 2659 4064 quae
2684 3996 2909 4065 septem
2936 3997 2994 4049 et
3013 3993 3218 4067 viginti
3248 3995 3516 4066 partibus

1861 4087 2112 4156 primam
2161 4087 2424 4156 praestat,
2473 4098 2719 4155 qumque
2760 4083 2906 4137 alter
2929 4083 3114 4139 cubus
3145 4083 3371 4140 solidus
3401 4089 3512 4152 est,

1857 4175 2060 4230 eodem
2092 4174 2285 4239 modo,
2319 4189 2434 4244 quo
2458 4171 2742 4244 proxima,
2768 4175 2858 4226 est
2888 4172 3114 4240 affecta,
3147 4176 3204 4227 et
3235 4171 3510 4229 multitu-

1858 4265 2053 4320 dinem
2105 4263 2510 4336 cognitionum
2541 4265 2598 4317 et
2639 4261 2698 4316 in
2730 4266 2848 4317 tres
2879 4260 3278 4316 dimensiones
3311 4277 3508 4318 acces-

1857 4354 2081 4410 sionem
2112 4353 2170 4406 in
2197 4351 2459 4407 medium
2490 4351 2728 4422 profert.
2757 4349 2993 4406 Excedit
3015 4366 3257 4421 quoque
3279 4351 3509 4422 (nume-

1857 4446 1983 4511 rus)
2026 4441 2122 4497 ille
2143 4440 2503 4512 (numerum)
2549 4439 2627 4495 III
2660 4444 2717 4495 et
2749 4438 2840 4509 IX,
2874 4441 2976 4494 uni
3005 4454 3210 4494 novem
3244 4439 3513 4510 partibus

1857 4536 2158 4604 prestane,
2184 4529 2351 4587 alteri
2373 4530 2584 4595 tribus,
2603 4544 2922 4600 eorumque
2943 4527 3016 4597 ie,
3039 4528 3138 4599 qui
3163 4527 3377 4601 triplus
3401 4535 3512 4596 est,

98 4619 424 4676 νεαπλάσιον
475 4619 562 4672 καὶ
616 4617 745 4673 αὐτὸ
793 4617 900 4672 ἀπὸ
941 4622 1038 4672 τοῦ
1069 4618 1112 4672 Θ⁸
1143 4619 1280 4692 πρὸς
1323 4619 1386 4672 τὸ
1417 4619 1462 4672 α’
1496 4619 1742 4688 σώζεται.

1883 4621 2085 4676 amdiu
2129 4617 2360 4674 iuestin
2395 4617 2661 4689 reliquis,
2704 4617 2804 4689 qui
2847 4634 2980 4672 vero
3006 4633 3212 4673 novem
3238 4618 3506 4689 partibus

100 4711 199 4765 Διά
225 4713 383 4763 τοῦτο
423 4708 485 4762 τὸ
534 4707 723 4783 «dego»
768 4708 858 4762 καὶ
905 4708 1116 4780 στερεὸν
1169 4705 1456 4762 έπταδικὸν
1505 4709 1532 4762 ὁ
1580 4705 1747 4782 λόγος

94 4802 258 4856 τά)εῶ
312 4803 393 4870 τῷ
446 4797 524 4852 ὲνὶ
602 4796 941 4869 συνάπτεται,
1000 4798 1089 4852 καὶ
1167 4793 1404 4874 ὑπερϐάς
1460 4797 1527 4852 τά
1588 4799 1742 4870 μέσα,

95 4887 346 4964 ἀναφέρει
397 4886 491 4948 τὰς
539 4887 870 4961 περατώσεις
917 4889 1018 4951 τῆς
1069 4889 1252 4961 ψυχῆς
1299 4885 1386 4941 ἐπὶ
1433 4887 1531 4954 τήν
1579 4886 1744 4962 ἀκρό-

95 4997 257 5048 τητα.

166 5196 279 5266 (15)
337 5192 842 5266 ΒοοιὴηΑῐιίιὴιη.
903 5192 1006 5249 lib.
1060 5211 1121 5257 ιι,
1173 5210 1224 5249 ο.
1263 5195 1443 5266 20(p.
1480 5196 1618 5250 1029
1649 5197 1740 5252 ed.

89 5264 268 5325 Basil.
299 5265 473 5332 1546.)
502 5286 526 5314 ι(
551 5265 734 5329 Sicut,
759 5264 1335 5337 inquit,longitudini
1362 5264 1742 5324 numerorum

92 5340 252 5396 aliud
288 5337 684 5403 intervallum,
709 5337 766 5391 id
809 5344 917 5404 est,
964 5338 1357 5409 superficiem,
1396 5345 1459 5394 ut
1491 5339 1743 5395 latitudo

92 5410 523 5478 ostenderetur,
547 5409 895 5478 adjecimus,
920 5411 1006 5465 ita
1036 5425 1184 5464 nunc
1214 5411 1530 5477 latitudini,
1553 5414 1746 5483 siquis

1862 4711 2050 4780 major
2079 4712 2190 4774 est,
2231 4711 2287 4762 et
2336 4707 2460 4778 ipse
2491 4723 2524 4761 a
2559 4721 2800 4761 numero
2852 4707 2932 4760 IX
2985 4706 3056 4761 ad
3091 4707 3113 4760 Ι
3147 4706 3507 4777 perducitur.

1858 4799 2048 4862 Quare
2072 4795 2216 4850 ratio
2240 4795 2540 4866 proposita
2564 4794 2645 4861 id,
2696 4795 2853 4864 quod
2879 4809 3052 4865 porro
3073 4798 3163 4850 est
3181 4795 3506 4866 (excurrit),

1856 4891 1912 4943 et
1942 4885 2196 4942 solidum
2230 4882 2595 4955 septemplex
2623 4899 2757 4938 cum
2793 4899 2908 4938 uno
2939 4882 3267 4954 conjungit,
3299 4899 3503 4954 eaque,

1856 4992 1982 5048 qua:
2035 4972 2230 5028 media
2268 4975 2426 5039 sunt,
2460 4976 2799 5043 trangressa
2846 4971 3248 5028 extremitates
3297 4971 3503 5027 animis

1853 5067 1924 5124 ad
1947 5078 2250 5121 summum
2283 5060 2586 5132 fastigium
2610 5060 2781 5117 tollit.

1853 5195 2029 5251 addat
2083 5208 2227 5260 eam,
2286 5206 2407 5262 quae
2464 5191 2614 5262 alia:
2672 5189 3106 5259 aliit-udo,alias
3162 5188 3496 5256 crassitudo,

1854 5268 1996 5324 alias
2007 5261 2361 5335 profunditas
2383 5261 2734 5334 appellatur,
2757 5262 3012 5320 solidum
3039 5262 3268 5319 numeri
3290 5278 3502 5334 corpus

1856 5334 2133 5409 explebit.
2174 5356 2200 5384 »
2236 5334 2484 5392 Lmnnn.
3215 5350 3223 5359 -
