4060 6348
162 419 322 481 1105

1286 418 1365 480 IN
1410 416 2031 483 PSYCHOGONIAM
2075 419 2482 483 PLATONIS.

3421 421 3580 484 H06

163 549 265 623 μὲν
312 546 444 604 ὅλον
492 545 899 624 συμπληρῶσαι
944 547 1289 626 διάγραμμα,
1340 548 1643 623 ἔκθήσομεν
1687 549 1824 604 κατᾶ
1852 553 1907 620 Α
1937 547 1995 605 αἱ
2023 551 2429 627 παρεντεθεῖσαι
2456 552 2525 607 τά
2550 571 2610 607 τε
2655 549 2894 626 ἡμιόλια
2936 550 3028 607 καὶ
3078 547 3329 625 ἐπίτριτα
3357 547 3586 623 δ.αστή-

163 639 232 694 τὸ
260 637 381 709 έξῆς
409 637 529 693 ἀντὶ
572 638 668 712 μὲν
710 645 811 709 τῆς
855 638 1084 713 πρώτης
1131 639 1326 715 μοίρας
1359 639 1453 694 τὸν
1500 635 1624 694 τπδ’
1655 654 1671 671 '
1703 637 1823 694 ἀντὶ

1938 660 2080 713 ματα
2124 641 2472 711 ποιήσουσιν,
2528 636 2759 711 ἔσονται,
2794 638 2888 696 ²ίνα
2940 640 3064 714 μίαν
3113 637 3224 716 ἐρῶ
3285 641 3578 713 μεσότητα,

173 726 237 784 δὲ
265 724 561 790 διπλασίας
605 725 809 798 ταύτης
857 729 950 783 τὸν
1000 728 1122 801 ψξη¹
1154 748 1169 762 °
1221 726 1340 785 ἀντὶ
1381 725 1439 783 δέ
1466 729 1563 798 τῆς
1589 725 1827 802 τριπλα-
1939 727 2135 802 μεταξὺ
2167 732 2265 784 τοῦ
2292 726 2416 784 τπδ’
2440 730 2528 785 καὶ
2574 730 2696 804 ψξη’
2742 726 3048 786 διπλασίων
3094 728 3126 785 6'
3151 749 3212 786 τε
3241 730 3374 807 φιβ’,
3405 733 3580 785 ποιῶν

161 818 287 880 σίας
324 818 419 890 μὲν
457 823 559 887 τῆς
604 816 833 893 πρώτης
881 815 1151 891 ἡμιολίας
1197 813 1257 872 δὲ
1305 824 1408 888 τῆς
1453 813 1702 891 δευτέρας
1731 817 1822 872 τὸν

161 906 319 983 ᾳρνβ¹
352 927 366 941 ·
414 907 528 961 ἀντὶ
581 904 640 961 δὲ
681 913 783 976 τῆς
828 907 1092 983 τετάρτης
1144 903 1438 969 διπλασίας
1490 913 1589 976 τῆς
1642 906 1690 982 β’
1728 908 1820 962 τὸν

160 993 326 1073 ᾆφλς¹
357 1014 372 1028 ο
404 994 524 1051 ἀντὶ
555 991 613 1051 δὲ
657 1001 759 1064 τῆς
815 995 1095 1069 μέμπτης,
1217 993 1330 1051 ἐστι
1356 993 1695 1069 τριπλασίων
1724 1000 1824 1065 τῆς

158 1085 405 1160 τρώτης,
453 1086 655 1160 ,γυνς’·
716 1083 834 1140 ἀντὶ
894 1080 953 1140 δὶ
1006 1090 1109 1154 τῆς
1165 1084 1400 1153 πέπτης,
1459 1082 1497 1154 ἤ
1557 1082 1669 1139 ίστι
1698 1103 1819 1160 τρι-

159 1170 414 1229 πλασίων
442 1176 545 1243 τῆς
573 1172 779 1249 τρίτθς,
807 1173 953 1248 γυνς¹
983 1189 999 1205 °
1031 1170 1149 1228 ἀντὶ
1178 1169 1236 1229 δὲ
1262 1179 1364 1243 τῆς
1393 1167 1574 1244 ἕκτης,
1607 1170 1643 1241 ἤ
1677 1170 1818 1228 ἰστιν

160 1261 547 1319 ὄκταπλασίων
595 1269 698 1333 τῆς
746 1266 994 1338 πρῶτης,
1051 1262 1146 1317 τὸν
1204 1263 1324 1338 γοβ¹
1361 1280 1375 1296 ο
1431 1261 1550 1317 ἀντὶ
1611 1258 1670 1317 δὲ
1719 1268 1822 1332 τῆς

158 1348 432 1425 ἑϐδόμης,
480 1350 517 1421 ἥ
569 1350 712 1408 ἐστιν
754 1349 1408 1407 ὲπτακαιεικοσιπλασίων
1452 1357 1552 1421 τῆς
1592 1352 1820 1425 πρώτης

154 1444 335 1519 ,ιτξηζ
384 1442 449 1500 Et
499 1439 547 1497 δ’
593 1440 685 1497 οὖν
741 1441 1111 1515 ἐθηλήσαιμεν
1159 1438 1354 1497 τούσδε
1398 1443 1815 1496 καταπυκνῶσαι

152 1538 280 1596 ταῖς
340 1533 666 1608 ἀρμονικαῖς
726 1530 820 1586 καὶ
880 1536 999 1593 ταῖς
1048 1530 1438 1604 ἂριθμητικαῖς
1496 1527 1812 1604 μεσότησιν,

970 1658 1022 1714 1"

341 1749 561 1826 Ἐτέρας
593 1747 953 1818 Πλατωνίιιῆς
980 1746 1220 1826 διανοίας
1249 1748 1504 1824 ἐξήγησις
1530 1746 1638 1804 ἀπὸ

852 1821 1110 1893 Τιμαίου.

234 1930 303 1988 α’.
334 1931 493 2003 Ἐρᾷς
528 1934 628 1998 τῆς
676 1926 1036 1998 Πλατωνικῆς
1086 1928 1393 2002 ἆκορέστως
1439 1927 1649 2002 πηγῆς.
1695 1926 1816 1980 Ἔτι

155 2020 265 2096 γάρ
295 2015 519 2093 πλήρης
559 2018 631 2072 ὥν
663 2019 761 2072 τοῦ
790 2016 1031 2089 νάματος
1079 2017 1169 2072 καὶ
1213 2013 1505 2091 ξπιχειλὴς
1536 2020 1637 2084 τῆς
1677 2012 1816 2069 ἐκεί-

158 2129 260 2163 νου
288 2105 498 2185 σοφίας,
532 2105 685 2170 αὖθις
714 2104 822 2160 άπὸ
850 2109 949 2172 τῆς
997 2104 1166 2161 αὐτοῦ
1214 2105 1378 2181 όρέγῃ
1408 2108 1553 2160 πιεῖν
1585 2122 1599 2137 ⁶
1634 2106 1815 2174 ζητεῖς

154 2197 283 2272 γὰρ,
314 2195 368 2252 τί
393 2216 525 2252 ποτε
569 2194 661 2250 καὶ
708 2193 876 2249 ταῦτά
918 2192 1028 2250 ἐστι
1062 2212 1077 2263 ;
1127 2218 1155 2247 ιι
1199 2194 1414 2264 ’ταύτην
1456 2193 1547 2248 οὖν
1595 2192 1695 2261 τήν
1728 2189 1815 2262 ξύ-

158 2307 368 2355 στασιν,
415 2282 540 2361 περὶ
586 2287 684 2339 τού
733 2288 1088 2360 Δημιουργοῦ
1137 2281 1308 2361 λίγων
1356 2283 1386 2339 6
1429 2279 1684 2349 Πλάτων,
1734 2276 1816 2335 δι-

158 2373 310 2445 πλῆν
357 2375 494 2429 κατᾶ
553 2379 731 2447 μῆκος
808 2373 1008 2449 σχίσας
1078 2372 1170 2428 καὶ
1231 2373 1393 2445 μέσον
1450 2370 1589 2447 πρὸς
1645 2368 1813 2443 μέσην

158 2463 416 2540 ἑκατέραν
449 2460 722 2534 ἀλληλοις
753 2462 864 2517 οῖον
900 2466 968 2538 χῖ
994 2457 1326 2538 προσϐαλὼν
1367 2457 1687 2536 καταντικρὺ
1716 2460 1818 2524 τῆς

157 2547 505 2630 προσϐολῆς,
560 2550 652 2607 καὶ
701 2549 752 2605 έν
826 2549 895 2626 τῇ
963 2549 1100 2605 κατά
1153 2548 1321 2605 ταύτὰ
1376 2548 1466 2604 καὶ
1525 2547 1577 2604 έν
1633 2546 1818 2620 ταύτῷ

158 2642 539 2717 περιαγομένῃ
585 2641 794 2711 κινήσει
846 2637 1001 2716 πέριξ
1052 2637 1212 2702 αύτᾶς
1273 2632 1429 2705 λάϐε,
1482 2637 1572 2692 καὶ
1624 2636 1688 2692 τὸ
1722 2635 1817 2710 μὶν

159 2730 402 2805 istum“)
420 2730 589 2807 φορὰν
630 2728 975 2807 ὲπηιρήμισεν
1028 2728 1162 2783 εἶναι
1205 2734 1303 2798 τῆς
1347 2725 1549 2783 ταύτοῦ
1578 2725 1815 2804 φύσεως,

155 2822 262 2890 τὴν
294 2816 341 2876 δ’
371 2819 522 2881 ἐντὸς
548 2824 649 2889 τῆς
679 2818 925 2893 θατέρου.
978 2819 1087 2887 Τὴν
1143 2817 1239 2890 μὲν
1291 2813 1358 2885 δὴ
1404 2814 1610 2886 ταύτης
1648 2812 1816 2870 πλευ-

158 2911 259 2985 ρὰν
301 2908 387 2965 ἐπὶ
442 2905 587 2979 δεξιά
631 2909 957 2983 περιήγαγε,
1004 2907 1103 2977 τὴν
1155 2903 1213 2961 δὲ
1261 2903 1481 2977 θατέραν
1531 2904 1671 2959 κατὰ
1709 2901 1823 2958 διά-

163 3018 362 3074 μετρον
406 2995 491 3053 ἐπ’
541 2996 815 3071 ἀριστερά.
867 2994 1073 3070 Κράτος
1121 2991 1326 3050 δέδωκε
1365 2997 1434 3069 τῇ
1481 2992 1681 3049 ταύτοῢ
1727 2992 1818 3048 καὶ

161 3086 364 3161 ὁμοίου
412 3090 722 3164 περιφορᾷ’
776 3085 902 3157 μίαν
960 3085 1062 3159 γὰρ
1119 3082 1286 3153 αύτήν
1338 3086 1598 3158 ἄσχιστον
1650 3077 1817 3153 εἷάσε,

156 3179 261 3247 τὴν
305 3173 365 3231 δὲ
416 3173 567 3237 ἱντὸς
614 3173 807 3250 σχίσας
854 3172 1064 3248 έξαχῶς
1116 3172 1252 3228 ἑπτὰ
1306 3169 1544 3233 κύκλυυς
1600 3168 1816 3231 ἀνίσους

158 3264 299 3321 κατᾶ
342 3266 446 3336 τὴν
500 3268 599 3320 τοῦ
656 3260 951 3319 διπλασίου
998 3261 1091 3317 καὶ
1147 3259 1478 3339 τριπλασίου
1537 3257 1812 3315 διάστασιν

162 3352 420 3425 ἑκάστην,
467 3352 641 3409 ούσῶν
692 3352 960 3425 ἑκατέρων
1003 3354 1197 3427 τριῶν,
1243 3349 1379 3405 κατᾶ
1421 3348 1674 3405 τάναντία
1723 3348 1818 3420 μὶν

159 3442 442 3513 ἀλλήλοις
488 3442 810 3516 προσέταξεν
864 3439 997 3495 ίέναι
1047 3438 1176 3502 τοὺς
1222 3436 1483 3508 κύκλους,
1534 3436 1729 3513 τάχιον
1760 3433 1819 3491 δὲ

159 3537 313 3607 τρεῖς
346 3532 440 3605 μέν
474 3530 687 3605 ὁμοίως
718 3529 774 3586 ἐν
831 3528 985 3606 λόγῳ
1035 3525 1093 3584 δὲ
1124 3526 1447 3607 φερομένας.
1478 3548 1507 3580 »
1540 3524 1689 3597 Αὕτη
1720 3524 1815 3599 μὲν

162 3624 202 3692 ἡ
235 3618 566 3690 Πλατωνική
596 3619 762 3691 λέξις.

240 3711 309 3787 β’.
363 3710 426 3767 Ἡ
482 3705 541 3765 δὶ
616 3708 876 3785 ἐξήγησις
908 3728 921 3742 ⁸
1000 3706 1545 3783 Κατακεκάμφθωσαν
1615 3702 1814 3768 εὐθεῖαι

160 3799 363 3868 οὕτως,
414 3799 553 3855 ὥστε
598 3798 735 3855 κατᾶ
781 3798 847 3853 τὰ
896 3799 1034 3874 ἄκρα
1088 3794 1254 3851 πάλιν
1310 3794 1687 3857 συνάπτεσθαι.
1726 3790 1815 3847 Γί-

158 3910 348 3945 νονται
380 3886 438 3944 δὶ
467 3886 564 3944 δύο
612 3886 830 3955 κύκλοι,
858 3888 949 3942 καὶ
999 3885 1207 3942 τούτων
1256 3883 1620 3959 γεγονέτωσαν
1654 3881 1683 3936 6
1718 3881 1813 3953 μὲν

156 3978 340 4049 ἐντὸς,
388 3979 418 4033 6
474 3976 533 4034 δὲ
578 3975 754 4042 ἐκτὸς,
804 3975 955 4048 λοξοὶ
1008 3975 1146 4050 πρὸς
1192 3970 1498 4043 ἀλλήλους.
1551 3968 1813 4028 Καλεῖται

154 4068 346 4124 τοίνυν
380 4068 409 4122 ὁ
450 4068 546 4140 μὲν
594 4066 792 4122 ταύτοῦ
839 4062 1066 4133 κύκλος,
1116 4062 1146 4118 6
1190 4059 1249 4117 δὲ
1278 4061 1504 4135 θατέρου
1539 4078 1552 4093 ’
1583 4058 1674 4114 καί
1703 4057 1814 4114 ἐστι
1848 4094 1853 4099 ν

158 4155 315 4230 παρὰ
373 4156 469 4228 μὶν
507 4156 601 4211 τὸν
674 4153 993 4230 ’ἰσημερινὸν
1056 4152 1085 4207 6
1130 4154 1352 4222 ταῦτοῦ,
1407 4147 1554 4223 παρὰ
1609 4146 1668 4203 δὲ
1719 4148 1814 4203 τὸν

162 4243 435 4316 ζωδιακὸν
458 4245 510 4316 [ὁ
557 4244 783 4319 θατέρου
825 4244 1020 4316 (18)]’
1065 4240 1127 4296 ού
1175 4240 1279 4315 γὰρ
1325 4238 1643 4313 ἱσημερινὸς
1678 4236 1815 4313 πρὸς

158 4335 339 4407 ἀρθεὶς
365 4335 553 4408 τέμνει
607 4335 701 4388 τὸν
752 4329 1043 4403 ζωδιακόν.
1091 4330 1168 4386 Τὸ
1214 4329 1309 4401 μὶν
1359 4325 1453 4382 οὖν
1505 4337 1817 4399 μαθηματι-

158 4424 289 4493 κὸν,
339 4424 415 4486 ὡς
469 4422 754 4497 συντόμως
814 4419 1007 4494 εἰπεῖν,
1054 4418 1181 4494 περὶ
1229 4420 1327 4473 τοῦ
1383 4417 1675 4491 σχήματος
1718 4419 1818 4481 τῆς

157 4518 355 4591 ψυχῆς
384 4510 633 4569 τοιοῦτόν
666 4511 801 4570 ἐστι.

1930 819 2033 887 τὴν
2061 816 2365 892 ἁρμονικὴν
2421 816 2715 891 μεσότητα,
2757 818 2847 874 καὶ
2897 819 2926 874 6
2972 818 3111 897 φος’,
3152 818 3253 887 τὴν
3282 818 3581 894 ἀριθμητιο

1929 908 2057 978 κήδ.
2087 910 2226 972 Ἴσθι
2260 905 2320 963 δὶ
2367 907 2457 963 καὶ
2503 911 2686 977 τοῦτο,
2732 908 2817 963 ὅτι
2871 904 3049 971 οὐδείς
3093 903 3381 984 έπιμόριος
3409 903 3580 983 λόγος

1930 994 2008 1058 είς
2061 995 2213 1061 ἴσους
2250 996 2538 1070 τέμνεσθαι
2595 993 2817 1051 δύναται
2852 1013 2866 1029 ⁸
2922 995 2987 1051 τὸ
3043 996 3134 1051 οὗν
3178 995 3467 1069 ἡμιτόνιον
3525 992 3578 1050 ἐν

1928 1083 2186 1158 ἀριθμοῖς
2217 1085 2320 1141 οὐκ
2361 1082 2473 1141 ἔστι
2520 1079 2706 1141 λαϐεῖν
2742 1102 2758 1116 ’
2809 1081 2939 1141 ἀλλ’
2997 1083 3050 1140 ἐν
3099 1085 3249 1159 μέσῳ
3296 1083 3581 1159 εὑρήσεται

1924 1177 2023 1229 τοῦ
2052 1174 2114 1243 ιζ’
2160 1173 2251 1230 καὶ
2294 1178 2392 1230 τοῦ
2453 1174 2518 1229 ια’
2564 1173 2733 1250 λόγου
2764 1193 2780 1209 ο
2839 1173 2930 1230 καί
2986 1173 3128 1230 ἐστιν
3175 1175 3205 1230 6
3264 1175 3327 1243 ιζ’
3378 1173 3579 1247 μείζων

1923 1265 2024 1317 τοῦ
2049 1260 2398 1336 καλουμένου
2449 1261 2780 1337 λείμματος,
2832 1263 2892 1326 ’ὸς
2935 1264 3003 1333 ἦν
3032 1261 3274 1319 ἐλάσσων
3302 1266 3400 1319 τοῦ
3425 1262 3581 1335 ἀκρι-

1926 1344 2040 1416 ϐως
2084 1352 2399 1426 ἡμιτονίου.
2452 1354 2514 1408 '11
2568 1353 2665 1426 μὶν
2710 1354 2800 1408 οὗν
2849 1351 3081 1430 κρύφιος
3134 1354 3236 1422 τῆς
3290 1350 3581 1409 Πλατωνι-

1924 1442 2029 1505 κῆς
2085 1441 2427 1519 ψυχογονίας
2471 1441 2733 1519 ἐξήγησις
2783 1438 2930 1514 ἄλλη
2964 1460 2979 1474 ⁸
3030 1444 3068 1512 ἡ
3116 1437 3176 1496 δὶ
3225 1441 3581 1516 μαθηματική

1925 1524 2086 1602 αὕτη.

2002 1747 2232 1806 Caetera
2260 1764 2333 1806 ea:
2357 1750 2556 1807 Timavo
2586 1751 2874 1809 Platonico
2901 1751 3177 1810 doctrinae
3205 1751 3507 1809 enarratio.

1996 1837 2047 1893 1.
2083 1836 2407 1894 lnsatiabili
2454 1838 2632 1896 fontis
2680 1839 2965 1897 Platonici
3014 1841 3305 1898 desiderio
3336 1839 3577 1897 teneris.

1924 1923 2069 1981 Nam
2091 1926 2506 1983 utetiamnunc
2529 1928 2959 2002 scaturiginum
2981 1930 3150 2003 copia
3170 1929 3364 1986 afﬂuis
3384 1928 3575 1984 abun-

1924 2014 2149 2086 dasque
2177 2012 2341 2071 illius
2371 2016 2683 2089 sapientia,
2719 2018 2805 2075 sic
2855 2020 3048 2076 denuo
3077 2035 3207 2076 eam
3236 2017 3573 2076 combibere

1924 2102 2111 2175 cupis.
2145 2104 2366 2170 Quaeris
2394 2104 2574 2174 enim,
2625 2106 2748 2161 htBO
2798 2123 3032 2180 quoque
3079 2108 3363 2182 quidnam
3395 2103 3563 2163 sint?

1924 2196 2004 2247 De
2034 2208 2227 2249 rerum
2255 2192 2514 2264 Opiﬁce;
2547 2215 2578 2245 ι(
2613 2195 2768 2251 llanc
2797 2196 2981 2267 igitur
3009 2213 3245 2253 omnem
3273 2226 3344 2237 —
3372 2194 3567 2267 inquit

1923 2280 2085 2337 Plato
2114 2313 2184 2323 —
2212 2282 2688 2353 conjunctionem
2712 2285 2948 2354 diffidit,
2998 2285 3204 2342 mediae
3249 2300 3569 2342 accommo-

1922 2370 2071 2426 dans
2101 2369 2355 2426 mediam
2386 2370 2444 2426 in
2476 2371 2730 2444 speciem
2752 2373 2958 2431 Graecas
2978 2373 3183 2431 littera:
3203 2375 3307 2430 Xe
3338 2374 3572 2445 regione

1925 2458 2331 2515 commissurae
2366 2477 2379 2515 :
2411 2476 2596 2533 eoque
2628 2468 2815 2530 motu,
2846 2463 3019 2534 cuius
3068 2462 3229 2520 orbis
3258 2463 3572 2535 semperin

1923 2547 2127 2604 eodem
2157 2554 2282 2603 erat
2309 2550 2631 2623 eodemque
2660 2552 2834 2607 modo
2883 2552 3169 2622 ciebatur,
3195 2552 3458 2625 undique
3487 2557 3578 2608 est

1924 2652 2024 2692 eas
2055 2636 2488 2708 circumplexus
2511 2655 2524 2695 ε
2545 2645 2603 2695 et
2623 2639 2907 2696 circulum
2932 2640 3183 2697 alterum
3205 2641 3575 2707 exteriorem,

1924 2725 2262 2782 interiorem
2295 2726 2546 2783 alterum
2578 2728 3092 2786 fecit.Exteriorem
3125 2729 3359 2803 quidem
3375 2730 3576 2786 orbem

1924 2814 2070 2871 dixit
2099 2831 2229 2871 esse
2259 2816 2526 2886 ejusdem
2561 2824 2804 2886 naturae,
2837 2819 3079 2875 alterius
3110 2824 3304 2875 autem
3338 2819 3546 2875 interio

1925 2920 2071 2973 rem,
2102 2902 2386 2977 illiusque
2417 2905 2572 2962 latus
2604 2905 2661 2963 in
2693 2908 2995 2965 dexteram
3029 2912 3253 2980 partem
3304 2907 3571 2978 detorsit,

1927 2993 2079 3050 hanc
2109 2993 2398 3067 (alteram)
2429 3015 2461 3052 a
2493 2998 2688 3054 media
2717 2997 2870 3055 linea
2912 2999 2984 3054 ad
3015 2997 3240 3055 laevam.
3271 2997 3573 3071 Principa-

1930 3087 2054 3139 tum
2086 3085 2248 3141 dedit
2275 3086 2542 3157 ejusdem
2575 3087 2941 3160 aaqualisque
2969 3087 3574 3145 circumvectioni.So-

1925 3172 2219 3230 lamillam
2240 3175 2398 3231 enim
2414 3175 2727 3232 indivisam
2750 3176 3355 3249 reliquit.lnteriorem
3377 3181 3575 3234 autem

1926 3277 2062 3318 cum
2093 3279 2283 3319 sexies
2314 3264 2374 3320 in
2405 3269 2629 3336 septem
2652 3265 2823 3322 orbes
2844 3266 3023 3339 duplo
3053 3271 3110 3323 et
3138 3265 3311 3340 triplo
3340 3282 3575 3339 quoque

1926 3350 2233 3407 intervallo
2248 3352 2516 3425 dispares
2530 3353 2998 3427 divisisset(nam
3015 3356 3130 3413 tria
3141 3361 3281 3413 sunt
3300 3356 3578 3427 utrinque

1926 3439 2279 3509 intervalla),
2311 3441 2622 3498 contrariis
2654 3442 2807 3499 inter
2832 3461 2895 3500 se
2941 3444 3214 3502 cursibus
3246 3445 3463 3502 moveri
3484 3462 3578 3502 or-

1927 3528 2026 3583 bes
2048 3527 2626 3601 jussit,celeriusque
2645 3532 3017 3599 tres,ratione
3038 3538 3234 3591 autem
3263 3533 3352 3606 (ac
3374 3550 3580 3589 nume-

1926 3618 2011 3687 ro)
2042 3634 2105 3673 se
2135 3622 2491 3674 moventes.»
2523 3618 2653 3675 Haec
2671 3620 2912 3692 quidem
2937 3623 3114 3678 verba
3143 3627 3285 3678 sunt
3312 3622 3576 3679 Platonis

1993 3710 2048 3761 2.
2080 3705 2211 3762 Jam
2242 3723 2376 3763 vero
2408 3709 2698 3765 enarratio
2725 3709 2868 3781 (haec
2915 3711 3028 3784 est)
3064 3727 3077 3766 :
3111 3712 3438 3769 Curvantor
3466 3711 3573 3783 igi-

1923 3800 2022 3852 tur
2049 3801 2218 3851 rectae
2248 3795 2461 3867 (lineae)
2492 3797 2594 3863 ita,
2627 3802 2691 3853 ut
2736 3798 3013 3855 extremis
3072 3800 3334 3871 partibus
3365 3816 3573 3856 rursus

1925 3889 2366 3951 connectentur,
2399 3885 2662 3958 ﬁantque
2692 3888 2811 3943 duo
2841 3887 3034 3956 orbes,
3082 3888 3384 3960 (quorum)
3418 3906 3574 3946 unus

1889 3973 2168 4030 interior
2207 3974 2364 4046 (est),
2417 3974 2564 4032 alter
2609 3975 2878 4047 exterior,
2928 3993 2997 4033 ex
3044 3977 3285 4050 obliquo
3328 3978 3482 4034 inter
3508 3995 3574 4035 se

1924 4061 2214 4119 collocati.
2250 4065 2453 4134 Itaque
2484 4064 2578 4119 hic
2606 4065 2872 4135 ejusdem
2904 4065 3066 4122 orbis
3098 4065 3455 4133 nominatur,
3486 4065 3572 4122 al-

1922 4151 2107 4207 terius
2138 4150 2254 4207 ille.
2292 4152 2686 4224 Ejusdemque
2707 4154 2804 4225 qui
2829 4156 3257 4224 vocaturjuxta
3283 4154 3569 4212 circulum

1922 4239 2389 4312 equinoctialem
2421 4241 2714 4311 est,juxta
2740 4243 3048 4300 zodiacum
3071 4244 3167 4317 [is,
3197 4243 3298 4317 qui
3329 4244 3572 4301 alterius

1924 4328 2298 4403 appellatur].
2332 4329 2533 4403 Neque
2562 4330 2720 4387 enim
2752 4333 3181 4404 mquinoctialis
3202 4332 3458 4390 circulus
3477 4350 3573 4390 zo-

1923 4419 2161 4476 diacum
2192 4418 2368 4475 rectis
2398 4419 2636 4489 angulis
2667 4425 2843 4478 secat.
2864 4420 2936 4478 Ut
2961 4422 3218 4479 breviter
3247 4422 3432 4496 igitur
3448 4438 3572 4479 rem

1928 4524 2268 4581 persequar,
2300 4506 2424 4564 haec
2456 4509 2574 4566 fere
2603 4513 2765 4578 sunt,
2796 4527 2925 4583 qua
2975 4528 3010 4568 a
3039 4510 3472 4570 Mathematicis
3503 4513 3575 4567 de

235 4581 383 4680 δρὸς
407 4600 465 4658 δὲ
490 4602 592 4672 τὴν
633 4600 878 4677 ψυχικὴν
912 4598 1099 4655 οὐσίαν
1130 4596 1225 4653 τὸν
1257 4593 1422 4673 λόγον
1454 4591 1808 4672 έπανάγοντὲς

1929 4598 2110 4654 forma
2139 4598 2353 4654 anima:
2372 4596 2489 4654 dici
2519 4581 2877 4671 possunt.Ad
2908 4600 3122 4659 animm
3149 4605 3347 4659 autem
3369 4616 3575 4683 essen-

236 5684 462 5765 (l_8)_[’9_
487 5683 755 5757 θατέροσ].
778 5682 920 5765 ,Ηῃφο
956 5682 1155 5765 verba,
1187 5698 1222 5765 ει
1253 5681 1421 5765 nobis
1454 5680 1709 5753 adjecta,
1738 5681 1837 5738 ita
1865 5683 1938 5738 ad
1970 5685 2322 5744 sententiam
2353 5682 2683 5743 necessaria
2710 5685 2871 5753 sunt,
2903 5686 2969 5739 ut
2996 5683 3283 5743 excidisse
3312 5702 3427 5743 non
3450 5686 3578 5743 sine

159 5751 463 5835 probabili
496 5751 675 5812 causa
704 5751 1025 5811 existimari
1054 5751 1302 5826 possint.
1340 5751 1580 5811 LmoEa.
