4060 6348
513 397 518 402 π
557 367 711 430 H07

1885 367 2308 431 MICHAELIS
2353 367 2626 430 PSELLI

3787 369 3965 431 Δ1168

551 499 695 556 tiam
726 501 776 556 si
797 500 1118 558 orationem
1144 502 1600 571 revocamus,sic
1623 501 2189 565 sentimus,animanc

2317 518 2514 573 φαμεν,
2556 498 2631 560 ὡς
2675 496 2848 561 πάσας
2896 498 2992 560 τὰς
3043 497 3350 570 ἐπιστήμας
3394 494 3676 561 οῧσιωδως
3723 499 3762 569 ἦ
3820 501 3963 573 ψυχή

552 606 755 646 revera
785 607 1016 646 omnem
1049 590 1497 663 disciplinarum
1521 593 1826 648 scientiam
1852 592 2195 662 anticipare,

553 680 660 751 (ut)
691 681 750 734 in
778 680 1098 752 geometria
1129 680 1519 753 integritatem
1555 682 1634 751 (id
1671 682 1822 753 quod
1874 683 1932 736 in
1963 681 2197 752 quanti-

550 772 669 823 tate
700 768 898 840 aliqua
928 770 1744 842 versatur),{iguram,lineam
1777 789 1790 840 ;
1825 771 1883 825 in
1918 770 2197 825 arithme-

551 857 669 912 tica
687 859 1044 931 (disciplina)
1068 859 1880 927 multitudinem,essentiales
1911 861 2196 915 unitates:

550 947 610 1001 in
639 947 981 1004 harmonica
1011 965 1392 1006 numerorum
1445 951 1701 1007 rationes
1736 966 1748 1005 :
1800 950 1862 1005 in
1915 948 2200 1021 sphaerion

549 1035 813 1107 duplices
847 1042 1066 1094 motus.

619 1125 897 1192 3,Animae
921 1126 1101 1199 igitur
1123 1128 1181 1183 in
1200 1127 1627 1200 longitudinem
1652 1127 1830 1184 sectio
1854 1143 2192 1200 processum

546 1213 769 1270 indicat
799 1214 1053 1288 desuper
1083 1234 1116 1272 a
1145 1232 1342 1272 rerum
1394 1217 1602 1288 cpifice
1651 1222 2008 1284 manantem,
2042 1216 2197 1271 unde

547 1306 680 1374 post
711 1320 888 1360 unam
917 1305 1044 1360 duae
1069 1306 1277 1361 animae
1299 1306 1918 1377 exoriuntur,quarum
1949 1310 2198 1376 utraque

545 1392 780 1448 easdem
813 1393 987 1448 habet
1016 1395 1454 1465 rationes,inter
1475 1411 1654 1468 seque
1680 1400 1736 1450 et
1758 1395 2198 1466 conjunguntur

546 1484 604 1536 et
633 1481 1079 1554 distinguuntur
1108 1487 1164 1538 et
1193 1483 1408 1540 centris
1438 1485 1749 1540 coharent.
1782 1485 1902 1539 Hoc
1932 1483 2090 1539 enim
2122 1483 2197 1538 si-

547 1569 789 1642 gnificat
817 1570 961 1627 illud
998 1595 1026 1622 ‹‹
1061 1572 1384 1645 mediaeque
1434 1574 1823 1628 accomodans
1855 1572 2131 1628 mediam.
2166 1594 2195 1622 »

550 1660 706 1725 Quas
731 1676 863 1715 cum
893 1659 953 1714 in
984 1661 1270 1717 circulum
1307 1662 1668 1732 rotundavit,
1701 1661 2066 1733 intelligendi
2119 1661 2198 1718 vi-

547 1747 816 1817 donatas,
872 1765 937 1805 eo
987 1767 1189 1817 cursu,
1225 1751 1324 1823 qui
1393 1767 1629 1823 semper
1702 1750 1760 1804 in
1828 1751 2032 1806 eodem
2082 1754 2192 1820 est,

2308 586 2618 664 προείληφε
2653 608 2665 622 ·
2697 589 2798 657 τὴν
2837 586 3172 662 γεωμετρίαν
3227 587 3363 642 κατὰ
3411 588 3510 656 την
3533 587 3806 657 ὁλότητα,
3839 589 3964 642 κατὰ

2306 677 2368 730 τὸ
2429 684 2646 751 σχῆμα,
2697 678 2835 732 κατὰ
2902 677 2996 738 τὰς
3067 676 3326 752 γραμμάς
3362 695 3374 708 ·
3432 678 3531 746 τὴν
3595 677 3966 752 ἀριθμητικὴ

2306 765 2443 820 κατᾶ
2484 767 2546 820 τὸ
2595 765 2830 835 πλῆθος,
2890 767 3026 820 κατᾶ
3074 768 3168 827 τὰς
3228 764 3512 828 οὐσιώόεις
3576 765 3626 820 ἐν
3673 765 3816 839 αὐτῇ
3872 788 3964 839 μοι

2307 852 2469 916 νάδας
2507 874 2518 886 ·
2549 855 2648 923 τὴν
2701 854 3006 928 ἁρμονικὴν
3053 855 3189 910 κατᾶ
3231 853 3360 918 τοὺς
3402 855 3599 931 λόγους
3637 860 3746 910 τῶν
3820 854 3964 928 rip-.9-

2311 947 2426 1016 μῶν
2473 964 2486 976 ι
2518 944 2616 1012 τὴν
2649 940 2705 998 δὲ
2753 944 3043 1022 σφαιρικὴν
3089 943 3224 999 κατᾶ
3268 944 3363 1006 τὰς
3416 941 3596 1006 διττὰς
3627 947 3962 1023 περιφορᾶς,

2375 1129 2439 1196 γ’.
2472 1123 2531 1178 Ἣ
2559 1120 2735 1176 τοίνυν
2780 1121 2916 1176 κατᾶ
2966 1127 3142 1196 μῆκος
3193 1118 3453 1197 διαίρεσις
3493 1129 3594 1192 τῆς
3637 1125 3833 1198 ψυχῆς
3864 1124 3961 1190 τῆν

2307 1208 2508 1265 ἄνωθεν
2567 1210 2672 1266 ἀπὸ
2729 1215 2826 1266 τοῦ
2898 1209 3246 1287 Δημιουργοιῖ
3304 1213 3643 1282 καθήκουσαν
3704 1211 3962 1288 ἐμοραίνει

2306 1296 2563 1374 πάροδον,
2611 1300 2699 1377 ἀφ’
2731 1300 2792 1354 οὗ
2842 1300 3243 1376 ἀπογεννῶνται
3290 1299 3463 1376 ψυχαὶ
3522 1297 3616 1354 δύο
3670 1301 3812 1374 μετὰ
3867 1301 3964 1368 τήν

2311 1387 2458 1460 μίαν⁹
2493 1389 2566 1442 ὧν
2609 1389 2831 1464 ἐκατέρα
2859 1388 2986 1451 τοὺς
3036 1387 3231 1450 αὐτοὺς
3278 1387 3394 1464 ἔχει
3445 1388 3662 1464 λόγους,
3689 1388 3786 1443 καὶ
3841 1411 3962 1444 συν-

2305 1475 2564 1532 άπτονται
2596 1475 2895 1548 ἀλλήλαις,
2944 1477 3035 1532 καὶ
3087 1475 3378 1552 διῄρηνται
3418 1477 3508 1532 ἀπ’
3540 1476 3845 1548 ἀλλήλων,
3878 1481 3962 1533 καὶ

2303 1563 2541 1634 ἤνωνται
2601 1572 2717 1629 τοῖς
2771 1568 2973 1621 ἑαυτῶν
3023 1565 3288 1642 κέντροις.
3353 1568 3526 1623 Τοῦτο
3576 1565 3675 1640 γάρ
3737 1567 3861 1621 ἐστι
3908 1569 3963 1621 τὸ

2303 1679 2334 1707 «
2378 1657 2547 1729 μέσην
2597 1656 2733 1732 πρὸς
2789 1657 2977 1730 μέσην.
3014 1679 3042 1706 ››
3081 1655 3182 1712 Καὶ
3233 1657 3573 1730 κατέκαμψεν
3603 1655 3768 1718 αὐτας
3805 1657 3837 1710 ὁ
3871 1653 3964 1725 δη-

2305 1745 2570 1822 μιουργὸς
2602 1745 2677 1807 εἷς
2727 1743 2953 1813 κύκλον,
3005 1745 3094 1800 καὶ
3142 1749 3211 1818 τῇ
3269 1745 3404 1800 κατὰ
3444 1745 3610 1799 ταύτά
3656 1746 3746 1800 καὶ
3802 1745 3857 1800 ἐν
3890 1751 3962 1815 τῷ

545 1837 868 1910 eodemque
915 1840 1087 1895 modo
1135 1840 1564 1912 circumagitur,
1612 1839 2036 1910 circumplexus
2082 1844 2189 1908 est,

2304 1835 2452 1906 αὐτῷ
2490 1834 2698 1904 κινήσει
2745 1829 3064 1908 περιέλαϐεν
3115 1833 3281 1896 αὐτας
3339 1834 3529 1908 νοερᾶς
3572 1836 3839 1904 ποιήσας,
3873 1836 3957 1888 καὶ

2365 1927 2390 1938 ν
2569 1921 2593 1940 δ
2633 1923 2643 1938 ἱ
2769 1923 2781 1940 ’
2863 1928 2884 1938 -ο
2971 1935 2986 1940 ,
3032 1923 3043 1940 Ι
3235 1925 3247 1938 1
3299 1923 3313 1940 ἲ
3360 1935 3376 1940 -
3419 1923 3432 1940 ἱ
3552 1925 3566 1940 \
3648 1920 3705 1940 δ’
3754 1921 3782 1940 ἢ
3895 1929 3922 1938 ρ

543 1927 780 1997 quando
811 1927 1127 2000 participes
1158 1947 1256 1984 eas
1307 1929 1442 1985 fecit
1490 1928 1702 1984 divinas
1751 1930 1966 1984 mentis
1997 1929 2189 1998 (ratio-

541 2015 677 2088 nis),
709 2017 1129 2089 transtulitque
1158 2017 1487 2073 animarum
1539 2017 1880 2073 dualitatem
1915 2019 1986 2074 ad
2018 2018 2186 2074 intel-

537 2103 851 2160 lectualem
882 2106 1228 2162 dualitatem
1261 2107 1517 2162 essentia
1547 2107 1620 2162 iis
1670 2110 2064 2178 praestantem,
2098 2107 2186 2162 ni-

541 2194 756 2249 mirum
808 2196 963 2266 quia,
1005 2195 1298 2267 siquidem
1349 2197 1564 2268 duplex
1603 2197 1876 2252 animalis
1923 2198 2043 2252 vita
2090 2197 2187 2264 sit,

539 2299 659 2337 una
688 2282 744 2337 in
773 2284 1118 2355 cogitatione
1150 2285 1362 2357 posita,
1395 2286 1579 2341 altera
1609 2287 1666 2340 in
1697 2286 2188 2358 opinatione,dum

540 2377 706 2426 rectae
738 2371 948 2443 (lineae)
996 2374 1348 2445 proveniunt
1388 2379 1445 2430 et
1494 2375 1551 2430 in
1603 2376 1774 2431 orbes
1822 2381 2185 2431 curvantur:

540 2460 746 2514 mediae
778 2465 971 2516 autem
1021 2464 1476 2519 accommodans
1524 2464 1780 2519 mediam
1829 2463 1929 2533 ita,
1983 2465 2191 2536 opinor

546 2548 830 2622 (dicitur),
865 2550 914 2605 si
947 2553 1018 2606 ad
1052 2569 1274 2623 ea,quaa
1308 2569 1409 2624 per
1439 2569 1501 2608 se
1533 2554 1724 2608 media
1758 2553 2075 2624 sunt,facta
2101 2559 2191 2609 est

544 2638 754 2693 anima;
785 2641 1142 2711 conjunctio.
1176 2642 1541 2697 Postremum
1577 2642 1732 2697 enim
1767 2643 1918 2712 ejus,
1951 2644 2106 2714 quod
2129 2643 2188 2698 in

541 2727 891 2799 cogitatione
908 2731 1164 2801 positum
1183 2734 1376 2800 est(:
1393 2732 1608 2787 mentis
1630 2730 2188 2804 intelligentiaeque),

541 2822 595 2870 et
626 2833 924 2873 summum
948 2819 1097 2890 ejus,
1140 2821 1294 2892 quod
1345 2819 1620 2890 opinione
1673 2820 2190 2891 comprehenditur

539 2904 782 2976 (opinati
805 2912 862 2962 et
882 2907 1287 2979 sensibilis),in
1313 2909 1503 2964 media
1529 2908 1741 2964 animae
1763 2910 2188 2981 compositione

537 3009 773 3066 semper
788 2999 1037 3062 est.Quw
1060 3015 1193 3054 vero
1214 3015 1281 3054 ex
1304 2999 1694 3054 commissura
1720 3003 1845 3053 orta
1866 3004 1955 3054 est
1978 3000 2184 3067 forma,

536 3081 600 3156 χὶ
632 3084 839 3156 dico,ei
872 3087 1118 3143 multam
1138 3104 1268 3142 cum
1295 3088 1494 3143 anima
1514 3088 1859 3142 afﬁnitatem
1893 3104 2023 3143 esse
2046 3089 2188 3144 dicit

539 3172 895 3245 Porphyrius
924 3175 1042 3231 ille.
1079 3177 1208 3231 Fuit
1237 3176 1417 3245 enim,
1453 3176 1666 3246 inquit,
1707 3177 1860 3246 apud
1889 3176 2186 3248 [Egyptios

2299 1927 2394 1977 νοῦ
2427 1921 2691 1996 μεταδοὺς
2725 1923 2912 1985 αὐταῖς
2966 1923 3112 1986 θείου
3160 1925 3250 1978 καὶ
3297 1923 3467 1987 ἐνθεὶς
3507 1925 3606 1992 τῆν
3646 1920 3823 1978 δύαδα
3855 1929 3958 1977 τῶν

2297 2015 2489 2087 ψυχῶν
2523 2012 2597 2075 εἷς
2633 2010 2800 2067 δυάδα
2848 2011 3035 2088 νοερὰν
3069 2013 3184 2067 κατ’
3224 2011 3406 2067 οὐσίαν
3441 2011 3614 2067 αὐτῶν
3647 2013 3956 2088 ὑπερέχον·

2299 2123 2392 2156 σαν
2427 2120 2439 2133 ·
2471 2103 2506 2170 ἦ
2541 2103 2622 2157 ὅτι
2655 2098 2840 2171 διττῆς
2885 2100 3052 2172 οῧσης
3095 2108 3196 2171 τῆς
3244 2105 3487 2177 ψυχικῆς
3523 2107 3689 2170 ζωῆς,
3719 2109 3829 2171 τῆς
3866 2104 3961 2175 μὲν

2299 2188 2674 2262 διανοητικῆς,
2728 2198 2829 2261 τῆς
2888 2188 2944 2246 δὲ
2996 2188 3334 2261 δοξαστικῆς,
3394 2188 3490 2245 δύο
3548 2191 3749 2246 εὐθεῖαι
3815 2212 3956 2267 προ-

2299 2281 2577 2357 έρχονται,
2627 2279 2718 2336 καὶ
2768 2279 2844 2342 εἷς
2899 2277 2992 2334 δύο
3034 2280 3510 2354 κατακάμπτονται
3560 2277 3804 2344 κύκλους
3839 2301 3854 2312 ·
3899 2283 3959 2336 τὸ

2299 2367 2356 2424 δὲ
2390 2371 2558 2443 μέσην
2591 2369 2729 2446 πρὸς
2781 2368 2947 2442 μέσην
2975 2365 3144 2444 ’τάχα
3193 2365 3275 2424 ὅτι
3320 2368 3455 2424 κατὰ
3483 2370 3548 2424 τὰ
3577 2367 3782 2441 κυρίως
3823 2370 3960 2442 μέσα

2297 2460 2570 2534 γὲγονενὴ
2605 2459 2810 2536 συναφή
2865 2465 2968 2528 τῆς
3015 2461 3221 2535 ψυχῆς,
3269 2464 3422 2513 ’Ἐστι
3473 2459 3573 2534 γὰρ
3620 2459 3686 2512 τὸ
3718 2457 3960 2534 ἔσχατον

2295 2553 2392 2604 τοῦ
2452 2546 2801 2618 διανοητικοῦ
2857 2547 2947 2603 καὶ
2995 2547 3057 2603 τὸ
3131 2547 3426 2623 ἀκρόρατον
3483 2551 3578 2601 τοῦ
3636 2544 3964 2620 δοξαστικοῦ

2302 2640 2437 2711 μετὰ
2465 2639 2642 2708 πάσης
2678 2644 2779 2706 τῆς
2828 2639 3071 2711 ψυχικῆς
3119 2637 3438 2699 συστάσεως.
3481 2636 3631 2692 Αὐτὸ
3682 2635 3743 2691 δὲ
3786 2640 3857 2692 τὸ
3910 2638 3966 2694 ἐκ

2296 2735 2398 2796 τῆς
2430 2722 2747 2802 προσϐολῆς
2797 2725 3089 2800 γενόμενον
3136 2733 3351 2800 σχῆμα,
3396 2725 3540 2804 φημὶ
3569 2723 3634 2794 δὴ
3666 2727 3732 2780 τὸ
3758 2733 3854 2802 χῖ,
3889 2729 3961 2788 ὡς

2297 2817 2392 2891 ὅγε
2423 2815 2731 2891 Πορφύριος
2776 2816 2998 2889 ἱστορεῖ,
3052 2813 3273 2884 πολλὴν
3326 2811 3637 2885 οἰκειότητα
3667 2811 3792 2890 ἔχει
3823 2817 3963 2890 πρὸς

2295 2907 2394 2975 τῆν
2427 2907 2611 2981 ψυχήν
2649 2925 2660 2936 ·
2695 2903 2958 2979 ἐτυγχανε
3006 2904 3132 2980 γὰρ,
3181 2904 3337 2982 φησὶ,
3383 2903 3530 2974 παρᾶ
3574 2910 3692 2966 τοῖς
3735 2906 3962 2980 A1797:-

2295 2996 2432 3059 τίοις
2449 2999 2699 3058 τοιοῦτος
2744 2994 3056 3069 χαρακτὴρ,
3105 2992 3384 3066 σύμλολον
3417 2995 3592 3069 φέρων
3623 3000 3726 3062 τῆς
3757 3015 3962 3068 κοσμεε

2296 3091 2399 3153 κῆς
2455 3088 2660 3159 ψυχῆς,
2744 3083 2944 3137 κύκλον
3027 3077 3540 3158 περιϐεϐλημένος·
3621 3082 3963 3156 ἐσημαίνετο

2303 3175 2398 3246 μὲν
2457 3173 2559 3247 γὰρ
2617 3171 2707 3227 διὰ
2765 3173 2859 3246 μὶν
2923 3176 3030 3227 τῶν
3105 3172 3326 3235 εὐθειῶν
3405 3175 3438 3241 ἡ
3495 3169 3748 3240 δυοειδῆς
3806 3170 3965 3228 δύνα-

539 3261 829 3332 ejusmodi
861 3263 1069 3334 forma,
1101 3265 1308 3319 animae
1360 3265 1672 3319 mundana“:
1725 3267 1920 3318 notam
1952 3280 2180 3335 gerens,

2304 3245 2393 3337 μις
2590 3245 2800 3337 ψυχῆς,
2858 3259 2947 3316 διὰ
3022 3258 3079 3316 δὲ
3150 3265 3247 3316 τοῦ
3298 3261 3502 3316 κύκλου
3559 3265 3594 3331 ἡ
3653 3261 3961 3334 pavos-Lai;

541 3349 668 3406 orbi
698 3351 1094 3408 circumdata:
1129 3355 1421 3426 rectisque
1445 3353 1664 3424 (lineis)
1688 3352 1956 3408 biformis
1978 3354 2185 3409 anima;

3921 3350 3961 3368 5‘

2309 3353 2421 3422 ζωὴ
2480 3351 2570 3407 καὶ
2618 3353 2652 3420 ἡ
2701 3351 2836 3405 κατά
2907 3349 3108 3404 κύκλον
3183 3351 3343 3426 νοερᾶ
3399 3350 3748 3427 ἐπιστροφή·
3813 3354 3852 3420 ἡ
3916 3350 3970 3405 δὲ

2302 3444 2438 3496 κατὰ
2484 3439 2650 3495 ταύτά
2704 3438 2793 3493 καὶ
2847 3437 2897 3492 ἕν
2974 3438 3155 3510 ταύτῷ
3209 3441 3576 3513 περιαγομένῃ
3651 3439 3876 3508 κίνησις
3934 3443 3965 3507 ἡ

543 3443 805 3512 potentia
835 3441 1303 3513 significabatur,
1337 3443 1475 3499 orbe
1506 3445 1703 3496 autem
1739 3441 2050 3498 uniformis
2071 3445 2192 3499 vita

545 3532 721 3600 atque
754 3529 1171 3588 intellectualis
1201 3530 1503 3588 conversio
1535 3529 1906 3586 orbiculatim
1940 3531 2146 3588 ﬂexilis
2180 3551 2193 3590 :

546 3623 742 3674 motus
773 3636 926 3686 vero,
959 3622 1059 3692 qui
1094 3622 1150 3676 in
1184 3623 1386 3677 eodem
1421 3635 1654 3691 semper
1682 3619 2003 3690 eodemque
2027 3624 2200 3678 modo

2306 3531 2469 3604 νοερὰ
2515 3528 2626 3584 ἐστι
2681 3527 2998 3603 περιφόράο
3060 3524 3195 3598 αὕτη
3248 3529 3348 3603 γὰρ
3401 3530 3649 3603 περιέχει
3702 3530 3807 3597 τὴν
3872 3533 3971 3601 ψ),

2314 3624 2422 3696 χήν
2459 3641 2472 3655 ·
2519 3619 2608 3674 καὶ
2657 3621 2692 3687 ἡ
2756 3618 2853 3692 μὲν
2917 3615 3204 3691 μονοειδής
3255 3617 3418 3687 ἐστιν,
3479 3621 3514 3687 ἡ
3575 3616 3633 3674 δὶ
3685 3615 3969 3689 δυοειέής.

2193 4223 2303 4330 ./‘\

2176 4305 2197 4358 l
2292 4305 2311 4358 ἱ
2543 4305 2577 4358 λ’

2176 4311 2197 4358 ,
2293 4307 2310 4350 ι,
2562 4315 2565 4326 ,

1914 4307 2180 4502 \./
2306 4357 2343 4464 Κλ
2371 4327 2565 4500 κί’]

2189 4513 2270 4524 om“
2285 4516 2294 4520 -

532 4585 745 4655 cietur,
800 4583 1215 4641 intellectualis
1262 4585 1364 4644 illa
1411 4591 1819 4651 circumvectio
1869 4601 1978 4662 est,
2047 4612 2174 4666 quae

2304 4594 2380 4648 (ai
2414 4597 2441 4650 ὁ
2501 4598 2594 4670 μὲν
2640 4592 2740 4668 ἔξω
2787 4603 2893 4654 τῶν
2951 4597 3169 4654 κύκλων
3225 4601 3253 4654 ὁ
3303 4596 3649 4668 διανοητικός
3681 4600 3831 4655 ἐστιν
3864 4622 3876 4633 ⁵
3909 4606 3938 4656 ξ,

531 4675 769 4747 quidem
803 4673 1061 4729 animam
1096 4677 1527 4746 complectitur.
1580 4686 1753 4740 Atera
1802 4691 1998 4741 autem
2046 4684 2179 4739 uni-

2304 4680 2348 4738 ἢ
2374 4684 2522 4749 ἐντὸς
2571 4688 2598 4741 ὁ
2659 4685 2989 4757 δοξαστικὸς.
3048 4689 3117 4742 Τὸ
3164 4687 3219 4743 δὶ
3269 4687 3597 4765 ἐπιφημίσαι
3663 4690 3834 4765 φάναι
3879 4695 3959 4762 μή

528 4763 735 4820 formis
763 4767 871 4830 est,
907 4762 1090 4818 altera
1121 4763 1498 4824 biformis.Ex
1529 4773 1772 4829 orbibus
1806 4780 1998 4830 autem
2024 4781 2180 4829 exle-

2304 4772 2433 4826 ὂέσιν
2464 4774 2730 4848 ὀνόματος
2760 4776 2930 4849 ψιλὴν
2979 4772 3284 4850 ὑπολάϐῃς,
3336 4775 3481 4831 ἀλλὰ
3523 4775 3824 4849 μετάδοσιν
3859 4778 3962 4833 '3"

526 4854 648 4909 rior
689 4853 760 4908 ad
826 4855 1080 4906 mentem
1149 4851 1719 4932 intelligentiamque
1785 4864 2055 4933 pertinet,
2107 4865 2178 4918 ad

2304 4864 2526 4934 ναμεων.
2569 4870 2655 4937 Τῷ
2691 4866 2782 4938 μὲν
2833 4866 2937 4941 γὰρ
2986 4862 3318 4936 διανοητικῴ
3359 4867 3419 4919 τὸ
3449 4868 3790 4921 ταυτοποιὸν
3824 4889 3838 4900 ·
3875 4875 3958 4937 τῷ

525 4943 926 5015 opinationem
959 4944 1157 4995 autem
1192 4941 1817 5006 interior.Nominandi
1851 4969 2048 5008 vocem
2072 4969 2178 5008 au-

2304 4949 2346 5006 Ξὲ
2401 4950 2701 5026 δοξαστικῷ
2751 4954 2812 5008 τὸ
2862 4955 3169 5028 ἒτεροποιὸν
3218 4955 3496 5027 ἀπένειμε.
3547 4955 3646 5008 Καὶ
3686 4956 3784 5010 ἐπὶ
3817 4960 3960 5011 τοῦ-

524 5037 643 5088 tem
674 5031 794 5087 noli
827 5033 1030 5102 putare
1057 5045 1278 5085 meram
1303 5035 1560 5094 nominis
1594 5039 2178 5112 impositionem,sed

2304 5061 2401 5102 τοις
2455 5042 2522 5096 τὰ
2581 5043 2674 5115 μὲν
2729 5042 2956 5117 κρείττω
3024 5043 3110 5096 καὶ
3175 5043 3417 5116 θειότερα
3467 5048 3587 5103 ταῖς
3636 5046 3956 5115 κρείττοσιν

523 5120 918 5192 potentiarum
982 5117 1376 5189 (largitionem
1434 5127 1509 5197 et)
1558 5129 2174 5199 communicationem,

521 5209 698 5265 Menti
732 5207 889 5264 enim
917 5205 1492 5296 7(intelligentiaeque)
1528 5217 1682 5274 idem
1720 5220 2174 5292 reprazsentandi

2304 5219 2348 5272 ῖὸ
2379 5217 2465 5274 ἐπὶ
2500 5217 2667 5290 δεξιὰ,
2713 5225 2792 5292 τῷ
2825 5217 2882 5273 δὲ
2935 5218 3142 5295 θατέρῳ
3197 5221 3265 5274 τὰ
3310 5221 3394 5274 ἐπ’
3449 5219 3706 5296 ἀριστερᾶ
3764 5222 3858 5275 καὶ
3889 5225 3954 5276 τὲ

519 5298 862 5353 facultatem
897 5295 1100 5368 Opifex
1131 5313 1324 5354 rerum
1361 5303 1927 5380 distribuit,opinato
1949 5325 2014 5364 ac
2041 5325 2178 5364 sen-

2304 5309 2383 5362 ιὶν
2413 5307 2731 5384 πλευρικὸν,
2759 5313 2828 5382 τῇ
2862 5305 2918 5363 δε
2947 5309 3009 5362 τὸ
3041 5305 3414 5384 διαμετρικὸν.

512 5385 669 5442 sibili
701 5385 978 5441 Alterum.
1015 5386 1265 5452 Accedit,
1299 5394 1453 5460 quod
1485 5411 1571 5461 ea,
1605 5413 1732 5468 quae
1765 5397 2006 5453 meliora
2039 5403 2177 5453 sunt
2205 5404 2263 5454 et
2293 5400 2599 5465 diviniora,
2634 5399 2976 5456 melioribus
3009 5400 3284 5470 potentiis
3317 5401 3549 5455 donavit
3583 5417 3596 5454 :
3627 5417 3765 5455 eam
3800 5403 3911 5466 (cir
3939 5433 3959 5444 -

516 5476 1025 5545 cumvectionem),
1059 5491 1184 5545 quae
1217 5477 1492 5547 Ejusdem
1524 5492 1784 5556 vocatur,
1809 5488 1866 5542 in
1900 5489 2160 5542 dextram
2187 5494 2411 5560 partem
2445 5489 2707 5558 ﬂexione,
2739 5489 2797 5543 in
2831 5489 3132 5545 sinistram
3168 5488 3413 5544 ﬂexione
3440 5488 3697 5543 Alterius
3731 5507 3747 5544 :
3785 5491 3944 5546 hanc

514 5561 745 5619 laterali
777 5563 1004 5634 (motu),
1038 5563 1199 5619 illam
1231 5569 1492 5625 centrali.

590 5651 642 5704 4.
671 5649 948 5705 Similiter
976 5651 1034 5704 in
1071 5667 1268 5708 rerum
1319 5658 1699 5719 universitate
1748 5665 2158 5722 circumvectio

516 5739 787 5796 inerrans
818 5737 1094 5795 omnibus
1135 5739 1194 5795 in
1243 5759 1422 5802 causa
1473 5754 1563 5806 est
1609 5768 1714 5808 cur
1742 5755 1944 5810 eodem
1978 5758 2154 5814 modo

2286 5129 2541 5202 ἀπονέμει
2597 5129 2883 5204 δυνάμεσιν
2941 5132 2969 5185 ὁ
3044 5132 3417 5206 Δημιουργὸς,
3484 5135 3555 5203 τῇ
3615 5131 3714 5203 μίν
3777 5136 3958 5204 ταύτῇ

2343 5663 2409 5721 δ’.
2443 5667 2660 5721 Ὀποῖον
2693 5664 2782 5719 καὶ
2813 5664 2864 5719 ἐν
2898 5670 2978 5736 τῷ
2994 5664 3150 5720 παντὶ
3171 5667 3204 5734 ἡ
3242 5665 3338 5738 μὲν
3361 5662 3607 5731 ἀπλανὴς
3629 5668 3731 5716 τοῦ
3758 5665 3944 5720 (Inui-

2265 5776 2370 5818 τως
2404 5755 2534 5810 εἶναι
2567 5761 2724 5809 πᾶσιν
2767 5753 2936 5822 αἰτία,
2990 5756 3043 5810 αἱ
3093 5752 3150 5810 δὲ
3197 5753 3552 5828 πλανώμεναι
3590 5756 3686 5807 τοῦ
3713 5750 3935 5812 cillere
