4060 6348
183 431 341 494 1109

1291 435 1372 494 lN
1416 434 2029 495 PSYCHOGONIAM
2076 436 2483 496 PLATONIS.

3430 436 3592 496 1110

180 559 391 624 ἄλλως.
448 563 524 618 Τὸ
584 560 641 618 δὲ
672 561 840 637 δεξιὸν
883 563 972 617 καὶ
1028 564 1090 618 τὸ
1149 564 1426 639 ἀριστερὸν
1462 563 1567 618 ἀπὸ
1616 566 1821 640 ψυχῆς·

1941 565 2082 631 sint,
2105 565 2372 638 (caeteras)
2392 569 2677 636 errantes,
2711 581 2816 620 cur
2833 565 3002 621 aliter
3033 564 3202 622 alias.
3228 565 3507 621 Dextrum
3533 571 3590 622 et

181 648 455 721 ίδιότητὲς
487 651 620 708 εἰσιν
653 651 938 714 οὐσιώδεις
970 653 1060 708 καὶ
1093 653 1295 715 εἶ’κόνες
1326 652 1546 723 ταύτης·
1615 654 1678 707 τὸ
1731 654 1824 726 μὲν

177 740 418 803 ἀπλανὶς
451 740 535 796 ἐπὶ
591 740 756 813 δεξιὰ,
801 742 864 798 τὸ
922 740 979 797 δὲ
1027 741 1386 815 πλανώμενον
1446 741 1530 797 ἐπ’
1574 741 1827 818 ἀριστερὰ

175 829 215 898 ἢ
253 829 464 903 μᾶλλον
494 831 559 885 τὸ
611 832 704 903 μὶν
730 835 848 900 νοῦ,
880 832 942 886 τὸ
983 828 1040 886 δὲ
1069 835 1255 906 ψυχῆς
1288 831 1469 887 εἰκών.
1498 833 1620 886 Ἀπ’
1656 832 1824 898 αὐτῆς

178 915 241 974 δὲ
288 926 390 988 τῆς
435 923 624 996 ψυχῆς
649 921 712 974 τὸ
747 920 840 993 μὶν
887 918 1054 991 δεξιόν
1105 919 1240 988 ἐστι,
1291 921 1354 974 τὸ
1385 921 1520 994 πρὸς
1561 921 1629 975 τὰ
1657 919 1826 990 νοητὰ

177 1007 574 1084 ἐστραμμένον
635 1010 698 1064 τὸ
757 1007 816 1064 δὲ
864 1009 1166 1085 ἀριστερὸν,
1214 1010 1278 1064 τὸ
1321 1010 1456 1085 πρὸς
1509 1007 1821 1082 ἐπιμέλειαν

172 1102 286 1152 τῶν
342 1098 638 1168 αἰσθητῶν.
687 1099 934 1172 Περιάγει
966 1096 1023 1152 δὲ
1054 1098 1234 1173 ὥσπερ
1265 1096 1318 1152 ἐν
1362 1097 1554 1170 κόσμῳ
1583 1099 1682 1166 τὴν
1727 1099 1820 1170 μὲν

173 1183 396 1256 ἀπλανῆ
454 1189 592 1241 κατὰ
659 1185 930 1261 πλευρὰν,
990 1188 1088 1256 τήν
1150 1185 1207 1242 δὲ
1264 1186 1628 1259 πλανωμένην
1688 1188 1823 1242 κατᾶ

174 1273 492 1348 διάμετρον,
525 1275 668 1331 οὕτω
701 1275 791 1331 καὶ
842 1275 894 1331 ἰν
952 1280 1020 1349 τῇ
1071 1279 1226 1352 ψυχῇ
1251 1277 1341 1331 τὸν
1375 1276 1469 1349 μὲν
1509 1275 1707 1331 ταύτοῦ
1727 1277 1821 1331 κό-

170 1361 312 1419 κλον
360 1366 496 1420 κατὰ
523 1364 786 1442 πλευρὰν,
840 1367 931 1421 τὸν
978 1364 1035 1420 δὲ
1073 1365 1300 1440 Οατέρου
1340 1367 1474 1420 κατὰ
1506 1364 1818 1442 διάμετρον.

171 1450 474 1526 Ἰδιώματα
504 1452 561 1510 δὲ
604 1460 705 1511 τοῦ
767 1455 862 1529 μὶν
896 1453 1190 1532 διαμέτρου
1241 1455 1304 1510 τὸ
1357 1454 1818 1532 πεπλαγισμὲνον,

167 1543 238 1597 τὸ
295 1541 522 1619 ἄλογον,
552 1546 613 1599 τὸ
663 1544 1084 1621 περιεχόμενον,
1115 1545 1178 1600 τὸ
1211 1541 1534 1620 διαιρετικὸν
1575 1549 1682 1599 τῶν
1709 1566 1820 1619 γω-

167 1636 331 1687 νιῶν⁶
390 1639 490 1701 τῆς
514 1630 571 1688 δὲ
617 1632 858 1709 πλευρᾶς
887 1634 948 1688 τὸ
978 1633 1369 1708 ἀπλαγίαστον,
1399 1633 1463 1688 τὸ
1524 1632 1712 1708 ῥητὸν,
1760 1635 1822 1689 τὸ

168 1721 514 1796 περικτικὸν,
566 1723 629 1777 τὸ
685 1723 1016 1778 συνεκτικόθ.
1062 1722 1305 1785 Εἰκότως
1338 1722 1488 1798 ἅραὸ
1543 1722 1636 1795 μὶν
1673 1721 1821 1798 λέγε-

167 1831 265 1864 ται
319 1810 669 1886 περιάγεσθαι
727 1812 864 1865 κατὰ
917 1810 1155 1886 πλευρὰν
1203 1812 1523 1886 ὁκρείττων
1578 1818 1679 1881 τῆς
1716 1814 1822 1885 ψυ-

1938 655 2247 711 sinistrum
2302 672 2371 711 ex
2419 655 2618 711 anima
2649 655 2967 727 (oriuntur)
2995 673 3006 710 :
3036 655 3209 727 (quae)
3241 655 3588 712 essentiales

1935 745 2063 815 ejus
2093 745 2478 818 proprietates
2509 749 2650 800 sunt
2685 751 2742 801 et
2773 743 3059 816 imagines
3087 760 3100 799 :
3129 745 3209 810 id,
3243 746 3401 816 quod
3433 745 3589 801 iner-

1936 851 2076 889 rans
2112 840 2221 902 est,
2256 835 2650 900 dextrorsum,
2684 834 2842 906 quod
2879 838 3074 890 autem
3102 849 3306 890 errans
3327 838 3417 891 est
3436 834 3587 891 sini-

1934 927 2223 979 strorsum
2258 924 2556 995 (vertens),
2600 923 2689 978 vel
2739 922 2936 994 potius
2985 921 3095 978 hoc
3148 923 3383 992 mentis,
3435 922 3583 979 illud

1933 1013 2142 1067 anima:
2173 1013 2370 1085 imago
2391 1017 2500 1068 est.
2528 1017 2604 1067 Ex
2623 1013 2751 1084 ipsa
2773 1017 2968 1067 autem
2993 1011 3192 1068 anima
3219 1012 3457 1083 (ortum)
3497 1017 3588 1068 est

1932 1102 2224 1167 dextrum,
2277 1102 2431 1174 quod
2469 1101 2708 1173 quidem
2758 1102 2830 1156 ad
2876 1100 3271 1174 intelligibilia
3318 1101 3583 1171 vertitur,

1932 1190 2242 1246 sinistrum
2275 1197 2475 1246 autem
2527 1191 2599 1247 ad
2659 1207 2862 1246 curam
2915 1189 3584 1246 sensibilium.8icutin

1932 1281 2153 1335 mundo
2185 1284 2540 1336 inerrantem
2576 1279 3164 1351 (circumvectionem)
3197 1284 3257 1334 in
3289 1279 3446 1335 latus
3477 1281 3586 1335 cir-

1931 1370 2210 1440 cumagit,
2247 1373 2540 1424 errantem
2566 1374 2762 1424 autem
2797 1370 2866 1424 ad
2903 1369 3157 1424 mediam
3181 1367 3397 1424 lineam
3423 1369 3582 1424 dire-

1929 1457 2034 1526 xit,
2068 1459 2152 1513 sic
2187 1457 2245 1513 in
2278 1459 2477 1515 anima
2507 1457 2705 1514 etiam.
2741 1459 3021 1529 Ejusdem
3069 1459 3268 1514 orbem
3309 1458 3371 1513 in
3403 1456 3579 1528 latus,

1931 1547 2003 1604 ad
2036 1547 2290 1603 mediam
2322 1547 2537 1604 lineam
2572 1552 2767 1604 autem
2792 1547 3066 1604 Alterius.
3086 1547 3282 1603 Media
3302 1546 3583 1603 lineaaau-

1931 1643 2045 1692 tem
2069 1637 2194 1708 (est)
2227 1637 2532 1708 proprium
2565 1637 2642 1706 id,
2673 1637 2828 1708 quod
2862 1635 3232 1708 obliquatum
3273 1641 3382 1704 est,
3417 1638 3575 1708 quod

1931 1731 2022 1783 est
2048 1725 2407 1793 irrationale,
2441 1726 2596 1796 quod
2648 1725 3073 1792 circumdatur,
3126 1726 3280 1798 quod
3330 1726 3579 1798 angulos

1931 1814 2158 1881 dividit,
2186 1814 2387 1869 lateris
2418 1819 2615 1870 autem
2640 1815 2721 1885 id,
2747 1817 2899 1886 quod
2930 1831 3046 1870 non
3079 1815 3446 1886 obliquatum
3463 1819 3576 1882 est,

172 1906 288 1974 χῆς
321 1904 436 1969 '...,
487 1901 515 1953 6
563 1897 621 1955 δὲ
665 1901 800 1954 κατὰ
830 1897 1147 1974 διάμετρον,
1205 1901 1279 1962 ὡς
1335 1897 1560 1973 προόδῳ
1607 1902 1817 1975 χαίρων

1934 1904 2088 1974 quod
2120 1908 2212 1959 est
2263 1902 2568 1970 rationale,
2602 1904 2759 1974 quod
2810 1903 3365 1976 comprehendendi,
3417 1905 3571 1976 quod

171 1989 269 2044 καὶ
322 1986 904 2063 πολλαπλασιασμοῖς.
962 1990 1038 2043 Τὰ
1091 1987 1148 2044 δὲ
1197 1989 1366 2045 λοιπά
1391 1997 1491 2058 τῆς
1523 1997 1821 2062 περικοπῆς

1934 1993 2269 2048 continendi
2299 1993 2412 2048 vim
2446 1991 2644 2048 habet.
2672 1993 2779 2048 Hic
2804 1992 3010 2049 melior
3034 1993 3216 2065 igitur
3235 1993 3440 2049 animas
3469 1993 3579 2065 [or-

171 2077 267 2132 ἐπὶ
323 2077 416 2150 μὲν
475 2081 581 2132 τῶν
635 2079 752 2133 κατ’
785 2077 1010 2152 οὐρανὸν
1043 2078 1356 2153 φερομένωε
1383 2077 1600 2133 κύκλων
1651 2076 1822 2133 εὐδια-

170 2187 390 2242 γνωστα
419 2167 508 2222 καὶ
568 2166 870 2239 ἐκκείμενα,
915 2167 1002 2222 ἐπὶ
1055 2164 1112 2221 δὲ
1157 2172 1265 2222 τῶν
1297 2170 1546 2242 ψυχικῶν
1608 2168 1822 2244 βαθείας

176 2253 350 2311 δεῖται
410 2256 626 2330 φρενός·
680 2253 796 2332 ἔχει
842 2257 945 2331 γὰρ
987 2259 1021 2326 ἡ
1072 2259 1224 2332 ψυγή
1272 2259 1361 2311 καὶ
1408 2259 1507 2326 τήν
1566 2256 1819 2331 μονοειδῆ

174 2341 407 2417 δύναμιν
458 2345 548 2400 καὶ
603 2347 702 2414 τήν
752 2343 1018 2416 πολυειδῆ
1054 2389 1070 2418 ,
1127 2345 1216 2401 καὶ
1279 2347 1306 2400 6
1364 2347 1564 2417 ταύτης
1619 2348 1820 2410 κύκλος

171 2436 422 2510 περιέχει
453 2435 547 2496 τὰς
575 2435 791 2490 πάντων
822 2435 1018 2504 αἰτίας,
1069 2434 1192 2491 ἀλλ’
1223 2433 1483 2511 ἄσχιστός
1514 2438 1646 2505 ἐστι,
1683 2435 1820 2492 διότι

169 2530 281 2578 πᾶν
305 2524 367 2578 τὸ
398 2521 612 2588 πλῆθος
642 2527 722 2595 τῷ
773 2521 956 2597 δεσμῷ
1002 2529 1278 2600 κρατεῖται
1325 2531 1426 2594 τῆς
1470 2524 1819 2596 ταυτότητος.

171 2612 238 2668 Ei.
272 2609 330 2667 δὲ
364 2615 440 2685 μὴ
471 2611 674 2675 πάντας
704 2612 830 2674 τοὺς
862 2611 1065 2688 λόγους
1101 2614 1197 2686 μία
1229 2608 1673 2686 παραλαμϐάνειν
1706 2614 1821 2669 ἐπι-

169 2701 349 2772 στολὴ
383 2699 599 2756 δύναται
629 2703 717 2756 καὶ
755 2706 922 2757 ταῦτα
975 2703 1208 2779 βραχεῖα
1251 2702 1342 2758 καὶ
1389 2703 1820 2777 ἐπιτετμημὲνη,

171 2791 468 2864 θαυμάζειν
530 2791 591 2846 οὐ
650 2793 786 2867 χρὴ
839 2789 963 2846 οὔτε
1015 2792 1118 2867 γὰρ
1180 2794 1365 2866 κυάθῳ
1424 2793 1707 2869 χωρηθείη
1761 2795 1820 2848 ἄν

170 2902 311 2938 ποτε
339 2880 400 2935 τὸ
431 2879 745 2936 ἀτλαντικὸν
787 2880 1048 2957 πέλαγος,
1109 2878 1230 2937 οὔτε
1290 2883 1472 2959 μέτρῳ
1528 2881 1824 2952 ἐπιστολῆς

170 2972 244 3027 τὰ
274 2969 473 3044 κρύφια
500 2976 598 3040 τῆς
629 2968 868 3025 ἀπλέτου
899 2971 1253 3042 Πλατωνικῆς
1291 2970 1547 3034 διανοίας.
1581 2974 1821 3047 ’Λγαπᾷν

175 3061 272 3115 οὖν
302 3061 441 3134 χρὴ,
473 3058 518 3114 εἰ
549 3058 637 3114 καί
666 3081 719 3114 τι
749 3064 856 3114 τῶν
890 3061 1015 3135 παρ’
1046 3059 1192 3133 αὐτῷ
1231 3058 1439 3116 ἀδύτων
1469 3067 1823 3118 κατοπτεῦσαι

176 3146 546 3222 δεδυνήμεθα.

1933 2081 2046 2154 his]
2075 2082 2136 2136 in
2166 2081 2343 2151 latus,
2379 2087 2566 2152 utpar
2603 2087 2713 2148 est,
2750 2081 2907 2138 ﬂecti
2938 2082 3172 2153 dicitur,
3204 2081 3302 2138 ille
3327 2098 3460 2138 vero
3491 2099 3578 2138 se-

1933 2171 2192 2226 cundum
2226 2175 2446 2226 rectam
2472 2170 2715 2238 lineam,
2749 2176 2816 2226 ut
2847 2172 2947 2243 qui
2980 2188 3256 2243 processu
3289 2176 3347 2228 et
3371 2172 3577 2228 multi-

1933 2259 2348 2331 plicationibus
2377 2261 2652 2332 gaudeat.
2703 2261 2921 2316 Caetera
2951 2262 3022 2316 de
3049 2261 3304 2317 sectione
3347 2261 3574 2317 orbium

1931 2349 1992 2404 in
2018 2349 2161 2404 ccelo
2189 2349 2540 2404 vertentium
2565 2349 2757 2405 facilia
2777 2351 2849 2405 ad
2872 2350 3337 2421 dignoscendum
3362 2354 3500 2406 sunt
3520 2356 3578 2406 et

1930 2438 2145 2510 (quasi)
2177 2439 2236 2492 in
2270 2438 2456 2494 medio
2517 2439 2707 2510 posita
2741 2456 2754 2494 :
2789 2439 2850 2494 in
2900 2440 2974 2494 iis
3031 2445 3225 2495 autem
3263 2439 3574 2511 (orbibus),

1933 2527 2033 2598 qui
2065 2529 2134 2582 ad
2167 2527 2428 2582 animam
2462 2528 2775 2598 pertinent,
2802 2527 2920 2582 alta
2941 2529 3195 2599 quadam
3213 2532 3407 2584 mente
3427 2545 3576 2600 opus

1931 2621 2058 2687 est;
2110 2617 2263 2671 inest
2291 2615 2448 2670 enim
2482 2616 2540 2671 in
2573 2616 2772 2672 anima
2803 2622 2929 2672 tum
2964 2616 3278 2673 uniformis
3319 2619 3578 2688 potentia

1932 2711 2058 2760 tum
2093 2703 2496 2776 multiformis,
2525 2705 2824 2777 hujusque
2868 2705 3034 2761 orbis
3065 2706 3334 2762 omnium
3367 2722 3575 2762 causas

1933 2795 2484 2867 complectitur,sed
2509 2796 2697 2851 scindi
2731 2797 2960 2868 nequit.
2994 2797 3183 2862 Quare
3213 2797 3407 2853 omnis
3431 2798 3577 2852 mul-

1934 2885 2121 2940 titudo
2150 2883 2382 2939 vinculo
2437 2885 2703 2955 ejusdem
2735 2885 2880 2957 (sive
2912 2884 3304 2955 indentitatis,
3364 2889 3428 2940 ut
3468 2885 3576 2940 hac

1933 2990 2071 3030 voce
2102 2973 2252 3038 utar)
2285 2972 2636 3029 continetur.
2671 2974 2796 3029 Non
2848 2973 3062 3029 mirum
3117 2978 3335 3044 autem,
3366 2973 3418 3028 si
3461 2989 3579 3029 una

1935 3061 2183 3135 epistola
2212 3078 2423 3117 causas
2455 3079 2520 3117 ac
2557 3063 2818 3118 rationes
2849 3079 3054 3118 omnes
3103 3061 3411 3133 complecti
3461 3079 3578 3118 non

1935 3157 2128 3225 potest
2158 3166 2346 3221 neque
2377 3149 2532 3205 enim
2588 3167 2850 3222 unquam
2891 3150 3135 3223 cyathus
3167 3150 3352 3206 maria
3376 3150 3578 3206 Atlan-

163 3242 312 3309 tica,
346 3256 536 3311 neque
564 3239 831 3309 ingentes
863 3239 996 3296 illas
1027 3242 1342 3297 reconditae
1381 3242 1661 3298 doctrinas
1686 3242 2002 3298 Platonicae
2023 3241 2222 3311 copias
2250 3238 2516 3311 epistola:
2542 3240 2752 3294 modus
2769 3241 2979 3312 capiat.
3004 3240 3192 3304 Quare
3209 3239 3580 3311 acquiescere

165 3329 254 3401 (in
285 3328 395 3384 hac
426 3330 504 3399 re)
531 3333 779 3400 oportet,
811 3329 860 3384 si
895 3329 1116 3401 aliquid
1149 3331 1278 3402 ejus
1309 3331 1630 3387 sacrarium
1663 3331 2045 3404 introspicere
2073 3327 2323 3384 licuerit.

959 3436 996 3481 A

263 3514 554 3590 Ἐξήγησις
585 3519 681 3569 τοῦ
724 3514 889 3570 αὐτοῦ
918 3513 1207 3591 τελευτέρα
1235 3521 1332 3573 τοῦ
1364 3516 1692 3592 λείμματος.

227 3605 296 3660 α’.
327 3602 388 3657 Τί
420 3603 553 3658 ποτέ
594 3601 704 3659 ἐστι
754 3604 990 3678 λεῖμμα,
1039 3606 1331 3679 ἠρώτηκας
1378 3608 1469 3662 καὶ
1501 3612 1619 3670 πῶς
1649 3604 1809 3662 ἔλατ-

143 3714 244 3748 τον
307 3698 404 3747 τοῦ
455 3695 748 3765 ἡμιτονίου
782 3693 946 3751 ἰστίν.
983 3693 1249 3772 Εἰλήφθω
1277 3694 1370 3751 οὖν
1403 3717 1488 3750 σοι
1519 3697 1748 3772 ἀριθμὸς
1783 3695 1810 3749 6

146 3779 357 3860 5191:"
400 3781 667 3856 ἐπόγδοος
707 3783 800 3856 μὶν
840 3783 1004 3838 αὐτοῦ
1033 3782 1236 3859 γίνεται
1294 3787 1321 3840 6
1379 3789 1562 3859 ἀψκψ
1611 3783 1812 3840 τούτου

149 3869 211 3926 δέ
263 3869 406 3926 ἐστιν
465 3869 730 3944 ἐπόγδοος
788 3873 816 3927 6
870 3871 1070 3946 6166',
1129 3874 1186 3936 ὅς
1240 3872 1410 3944 δῆλον
1444 3877 1526 3930 ὅτι
1557 3875 1693 3948 πρὸς
1720 3875 1812 3928 τὸν

143 3959 330 4038 μφλξ
382 3957 542 4035 λόγον
576 3959 676 4031 ἔξει
710 3959 965 4020 διτονίου.
1022 3964 1174 4018 Ἔστι
1209 3961 1266 4018 δὶ
1312 3967 1399 4020 καὶ
1466 3966 1493 4020 6
1539 3963 1812 4041 ἐπίτριτος

2697 3426 2791 3480 1V.

2170 3513 2427 3582 Eiusdem
2478 3514 2714 3570 ulterior
2739 3515 3009 3570 [immotis
3027 3515 3328 3572 enarratio.

1992 3607 2042 3660 1.
2079 3604 2310 3660 Limma
2341 3602 2482 3674 quid
2534 3605 2613 3657 sit
2660 3608 2997 3675 quantoque
3039 3603 3116 3658 sit
3165 3604 3368 3660 minus
3398 3619 3577 3674 quam

1924 3692 2330 3761 semitonium,
2363 3691 2760 3762 interrogasti.
2795 3690 3056 3746 Sumitor
3085 3691 3270 3763 igitur
3293 3707 3580 3748 numerus

1925 3785 2066 3841 1536
2117 3800 2130 3838 :
2184 3781 2627 3851 sesquioctavus
2678 3780 2806 3850 ejus
2840 3780 2906 3834 fit
2939 3781 3076 3834 1728
3110 3797 3122 3834 :
3159 3780 3342 3852 hujus
3381 3784 3579 3836 autem

1923 3873 2374 3945 sesquioctavus
2404 3869 2565 3934 1944,
2599 3885 2772 3940 quem
2807 3871 2876 3924 ad
2912 3869 3050 3924 1536
3094 3870 3345 3924 duorum
3397 3869 3576 3925 simul

1925 3969 2200 4021 tonorum
2239 3961 2526 4016 rationem
2558 3959 2772 4014 habere
2793 3963 3044 4014 constat.
3069 3965 3149 4015 Ac
3167 3958 3579 4029 sesquitertius

1639 4529 1676 4541 ά
1833 4515 1908 4602 -ἕὲ,
2062 4548 2117 4596 9.?
2285 4553 2346 4605 ίῖι

1860 4598 1907 4628 "‘
2090 4601 2128 4653 έῖ
2305 4611 2358 4657 ’ἐν

2083 4656 2125 4697 3.
2329 4667 2343 4695 ι

1403 4591 1830 5047 ‘J’QTJL‘FEPQI
1874 4954 2028 5019 τάνυ(
2089 4955 2247 5018 τόνος
2305 5000 2307 5002 ·

1485 5083 1494 5090 ’
1557 4991 1811 5146 τεᾉιοψ
1947 5061 2257 5199 δίτοκιεῗθλ

1623 5283 1879 5383 ﬁfty/ev
2010 5325 2074 5358 ./

172 5456 279 5507 τοῦ
338 5454 446 5506 τῶν
481 5449 654 5529 ,αφλιί
678 5453 706 5507 6
737 5458 844 5508 τῶν
877 5454 1048 5530 ,βμηἌ
1079 5457 1156 5511 Τὸ
1187 5453 1290 5532 ἄρα
1319 5456 1532 5530 λεῖμμα
1575 5452 1626 5508 ἐν
1679 5450 1821 5526 λόγιι

1941 5450 2174 5507 numeri
2207 5449 2344 5504 1536
2368 5462 2649 5503 numerus
2667 5444 2808 5499 2048
2833 5447 2944 5499 est.
2970 5442 3194 5499 Limma
3221 5442 3401 5515 igitur
3429 5443 3489 5497 in
3521 5458 3589 5532 ea

184 5540 305 5596 ἰστὶ
334 5545 443 5594 τῶν
475 5541 621 5616 ,βμτί
648 5543 784 5618 πρὸς
811 5543 877 5598 τὰ
907 5541 1110 5618 γαλμδᾌ
1148 5545 1300 5602 Ἀλλ’
1348 5545 1437 5601 ἐὰν
1479 5545 1566 5600 καὶ
1599 5547 1696 5598 τοῦ
1725 5547 1830 5596 τῶν

187 5626 362 5702 αλμδ’
390 5629 480 5684 τὸν
505 5628 764 5707 ἐπόγδοον
799 5627 1083 5706 λάϐωμεν,
1113 5631 1296 5707 ἕξομεν
1331 5635 1561 5708 ἀριθμὸν
1602 5633 1692 5688 τὸν
1724 5637 1832 5686 τῶν

185 5719 388 5793 ,βρπζ”
438 5721 528 5774 καί
560 5719 671 5774 ἐστι
725 5721 921 5793 μείζων
965 5722 992 5777 6
1042 5718 1208 5797 λόγος
1264 5725 1425 5779 ὁτῶν
1477 5725 1646 5798 ﬁpr
1697 5721 1833 5796 πρὸς

179 5809 254 5866 τὰ
281 5807 435 5884 ﬁla-11'
488 5814 586 5864 τοῦ
632 5814 736 5864 τῶν
768 5811 921 5886 ,βμτί
950 5811 1086 5886 πρὸς
1115 5809 1405 5886 τὰιαλμδἌ
1465 5814 1546 5870 Τὰ
1593 5813 1686 5885 μὲν
1734 5809 1834 5887 γὰρ

1945 5545 2034 5596 est
2063 5539 2308 5604 ratione,
2340 5554 2516 5609 quam
2567 5535 2639 5591 ad
2679 5533 2818 5589 1944
2875 5532 3094 5588 habent
3145 5533 3306 5587 2048.
3341 5532 3503 5598 Quod
3537 5529 3588 5584 si

1944 5630 2173 5685 numeri
2207 5645 2441 5700 quoque
2464 5626 2602 5680 1944
2634 5622 3100 5694 sesquioctavum
3130 5620 3585 5693 sumpserimus,

1947 5735 2259 5774 numerum
2289 5717 2429 5771 2587
2480 5713 2855 5770 habebimus.
2890 5713 2962 5765 Ac
2994 5710 3180 5780 major
3210 5709 3355 5766 ratio
3388 5713 3446 5764 et
3478 5725 3586 5763 nu-

1945 5808 2260 5866 meri2587
2316 5807 2387 5862 ad
2434 5804 2575 5860 2048
2622 5818 2802 5858 unam
2852 5799 3083 5856 numeri
3123 5799 3264 5853 2048
3310 5799 3382 5855 ad
3426 5797 3586 5854 1944.
