4060 6348
502 396 655 457 Hii

1832 341 2259 457 M'ICHAit‘LlS
2308 391 2577 453 PSELLI

3768 392 3921 451 1112

497 528 796 584 Numerus
835 524 990 580 enim
1037 524 1182 579 2082
1236 522 1370 595 plus
1400 524 1611 595 quinta
1640 530 1696 580 et
1726 524 1956 580 decima
1986 527 2139 594 parte

2262 521 2437 610 ,βρττζ⁹
2484 526 2589 575 τῶν
2624 521 2775 595 ,βμη’
2809 518 3018 593 μείζονι
3076 520 3171 592 μὲν
3228 519 3485 595 ὑπερέχει
3513 521 3549 589 ἢ
3597 523 3680 591 τῷ
3733 540 3920 575 πεντε,

503 617 619 682 sui,
640 615 837 670 minus
868 618 1061 668 autem
1095 619 1307 684 quarta
1326 618 1383 668 et
1415 612 1643 668 decima
1674 630 1986 669 numerum
2010 612 2149 667 2048

500 709 757 778 praestat.
807 702 1098 758 Numerus
1152 707 1347 756 autem
1378 702 1520 757 2048
1552 702 1683 771 plus
1716 702 2150 757 undevicesimo.

498 794 590 850 sui
610 798 774 864 parte
797 791 993 846 minus
1015 796 1209 847 autem
1227 798 1428 846 octava
1444 790 2144 861 etdecimalQitsuperat.

496 882 760 937 Prol’ecto
788 880 981 935 minor
1003 880 1162 934 tertii
1190 880 1309 934 toni
1336 879 1622 950 particula
1644 880 1702 934 in
1734 882 1970 935 diatono
1995 880 2146 933 intra

494 968 869 1026 intervallum
903 969 1346 1040 quaternarium
1377 969 1787 1040 (diatessaron)
1820 968 2147 1037 cohibetur,

504 1060 584 1114 ita
616 1065 681 1113 ut
708 1059 948 1113 modum
978 1057 1264 1113 limmatis
1299 1058 1612 1113 semitonio
1660 1060 1946 1113 minorem
1980 1057 2149 1129 (esse)

493 1146 761 1203 concludi
796 1147 1004 1216 possit,
1040 1147 1486 1217 quaternarium
1520 1152 1717 1201 autem
1775 1144 2147 1201 intervallum

500 1237 890 1303 diatessaron)
915 1240 1103 1291 totum
1128 1236 1357 1291 duobus
1385 1236 1563 1291 semis
1587 1237 1741 1291 tonis
1767 1235 1963 1290 minus
1996 1251 2143 1290 esse.

494 1326 565 1380 Et
592 1341 725 1379 vero
771 1324 1004 1379 numeri
1058 1326 1200 1378 2048
1231 1325 1302 1379 ad
1339 1326 1476 1378 1944
1526 1326 1675 1380 ratio
1724 1326 1925 1380 eadem
1961 1330 2050 1380 est
2079 1340 2146 1378 ac

494 1412 726 1469 numeri
755 1414 862 1467 256
892 1413 963 1468 ad
995 1414 1120 1468 243.
1146 1400 1349 1484 Νοᾳυο
1368 1430 1501 1468 vero
1528 1413 1587 1469 in
1611 1413 1868 1485 mquales
1892 1414 2146 1469 rationes

495 1504 644 1557 duas
671 1502 853 1556 dividi
876 1507 1073 1573 potest
1096 1508 1197 1556 aut
1228 1502 1673 1572 sesquioctavus
1695 1505 2025 1571 (numerus)
2046 1506 2146 1557 aut

495 1593 649 1648 alius
672 1591 803 1660 quis
845 1590 1627 1663 superparticulariszquam
1657 1592 1917 1663 proxime
1948 1596 2143 1646 autem

496 1680 753 1752 aequales
772 1680 969 1751 sesqui
990 1680 1055 1734 18
1085 1696 1369 1735 numerus
1391 1686 1447 1735 et
1468 1681 1669 1751 sesqui
1695 1682 1758 1735 17
1787 1680 2146 1751 sesquiocta-

494 1786 623 1825 varn
657 1770 942 1824 rationem
983 1768 1229 1825 faciunt.
1276 1770 1550 1825 Proindre
1573 1770 1949 1824 semitonium
1982 1769 2047 1823 ﬁt
2076 1785 2145 1823 ex

496 1858 691 1913 media
721 1858 976 1928 quadam
1013 1858 1165 1913 inter
1194 1857 1326 1912 illos
1359 1860 1603 1923 ratione,
1637 1858 1719 1913 ita
1741 1863 1805 1913 ut
1835 1860 2139 1928 majortra-

497 1947 578 2002 tio
604 1948 704 2014 sit)
757 1946 987 2001 numeri
1018 1946 1261 2017 [sesqui]
1322 1948 1388 2001 17
1424 1946 1617 2002 minor
1666 1947 2012 2017 sesquisexti
2044 1948 2145 2001 de-

498 2035 903 2090 cimi.Numeri
931 2042 1123 2090 autem
1165 2037 1270 2089 243
1295 2036 1424 2105 plus
1447 2053 1624 2106 quam
1649 2038 1901 2107 septima
1922 2035 2149 2090 decima

506 2124 798 2197 particula
822 2125 887 2180 13
908 2130 991 2180 est
1042 2125 1242 2179 minus
1267 2131 1462 2179 autem
1495 2142 1672 2196 quam
1721 2124 2052 2193 undecima,
2087 2128 2150 2179 ut

507 2214 557 2270 si
592 2212 1114 2284 00pulenturinter
1150 2230 1210 2268 se
1239 2213 1343 2267 243
1369 2217 1425 2267 et
1458 2213 1545 2279 13,
1582 2214 1841 2284 proxime
1871 2214 1930 2268 in
1963 2229 2031 2268 ea
2052 2230 2149 2267 ra-

502 2302 682 2373 tione,
727 2319 905 2373 quam
937 2303 1008 2357 ad
1038 2303 1144 2356 256
1176 2301 1352 2357 habet
1380 2303 1509 2369 243,
1540 2303 1916 2358 semitonium
1952 2302 2148 2357 consi—

503 2398 640 2449 stat.
673 2392 1087 2448 Demonstrata
1117 2396 1207 2447 est
1227 2397 1425 2447 autem
1454 2390 1741 2447 limmatis
1768 2392 1936 2458 ratio,
1969 2409 2147 2464 quam

500 2480 723 2537 habent
762 2482 869 2536 256
916 2481 986 2536 ad
1040 2481 1167 2547 243,
1227 2494 1285 2537 et
1315 2501 1348 2536 a
1386 2481 1695 2537 semitanio
1727 2481 1931 2537 limma
1961 2498 2029 2537 ea
2056 2498 2148 2537 ra-

498 2569 657 2627 tione
689 2571 902 2641 differt,
935 2586 1061 2641 quis
1096 2571 1327 2625 numeri
1354 2572 1462 2625 253
1492 2572 1563 2627 ad
1605 2573 1717 2627 256
1763 2576 1871 2638 est,
1922 2571 2149 2642 sesqui-

498 2665 701 2716 octava
729 2658 1079 2730 (viscesima)
1114 2665 1169 2715 et
1199 2660 1542 2716 centesima.

567 2786 622 2839 2.
647 2784 839 2840 Habes
857 2783 1060 2856 igitur,
1084 2785 1225 2857 quid
1250 2784 1437 2839 valeat
1461 2783 1684 2850 limma,
1716 2791 2051 2857 quantoque
2072 2784 2150 2840 sit

498 2872 695 2929 minus
720 2889 897 2944 quam
922 2872 1393 2937 semitonium,et
1414 2879 1700 2943 quantum
1727 2875 1903 2929 distet
1924 2876 1995 2929 ab
2019 2874 2147 2946 ipso

497 2960 825 3025 semitonio,
852 2967 909 3015 et
938 2960 1254 3032 (cognitum
1288 2960 1493 3029 habes)
1524 2962 1583 3015 in
1617 2962 1870 3032 azquales
1893 2963 2146 3017 rationes

497 3050 645 3105 duas
677 3049 859 3105 dividi
895 3066 1010 3105 non
1043 3066 1215 3120 posse
1246 3066 1431 3120 neque
1486 3051 1922 3121 sesquiotavam
1968 3053 2145 3107 ratio-

499 3156 635 3193 nem
680 3156 861 3209 neque
903 3139 1079 3193 aliam
1111 3138 1293 3193 ullam
1328 3140 1946 3210 superparticularem.
1981 3142 2142 3208 Quod

2257 605 2564 681 καιδεκάτῳ
2598 608 2778 663 αὐτῶν
2833 608 3006 684 μὲρει,
3044 606 3290 664 ἐλάττονι
3325 605 3381 662 δὲ
3424 607 3460 676 ἢ
3506 612 3586 680 τῷ
3633 629 3920 682 τεσσαρεσ-

2256 694 2581 771 καιδεκάτῳ·
2631 699 2699 752 τά
2730 695 2972 772 δὲ,βμη’
3037 701 3134 751 τοῦ
3165 693 3338 770 ,αλμδ’
3402 698 3608 771 μείζονι
3664 698 3765 768 μὲν
3822 700 3915 752 ὑπ-

2258 789 2376 861 έχει
2566 791 2645 859 τῷ
2706 784 3160 858 ἐννεακαιδεκάτῳ
3212 785 3376 840 αὐτοῦ
3427 787 3599 861 μέρει,
3662 786 3918 842 ἐλάττονι

2259 874 2315 929 δε
2370 880 2467 930 τοῦ
2530 878 2621 945 ιη’.
2686 876 2762 933 Τὸ
2797 873 3021 930 ἔλαττον
3057 876 3158 948 ἄρα
3187 878 3288 929 τοῦ
3316 873 3503 950 τρίτου
3528 876 3685 930 τόνου
3713 884 3918 947 τμῆμα

2258 964 2405 1026 ἐντὸς
2450 964 2785 1035 ἀπείληπται
2834 969 2930 1018 τοῦ
2980 961 3069 1018 διὰ
3116 966 3385 1038 τετσάρων
3414 966 3548 1040 πρὸς
3577 970 3659 1036 τῷ
3716 962 3913 1019 διατὸ-

2254 1075 2355 1125 νῳ,
2388 1052 2528 1107 ὥστε
2553 1055 2615 1107 τὸ
2647 1053 2742 1125 μὲν
2771 1057 2869 1107 τοῦ
2896 1050 3207 1125 λείμματος
3257 1053 3480 1126 μέγεοος
3521 1049 3745 1108 ἔλαττον
3781 1054 3920 1124 ἡμιο

2254 1139 2433 1195 τονίου
2484 1139 2822 1213 συνάγεσθαι,
2852 1139 2914 1193 τὸ
2946 1136 3004 1194 δὲ
3053 1138 3141 1194 διὰ
3186 1141 3460 1213 τεσσάρων
3513 1137 3645 1194 ὅλον
3680 1137 3914 1193 ἔλαττον

2262 1231 2305 1303 β’
2356 1230 2445 1284 καὶ
2504 1229 2677 1301 ἥμισυ
2745 1228 2945 1286 τόνων.
2982 1228 3079 1283 Καί
3137 1227 3249 1283 ἐστι
3301 1233 3409 1283 τῶν
3468 1229 3615 1303 ,βμῇ
3674 1227 3819 1300 πρὸς
3852 1229 3919 1282 τε

2255 1316 2432 1391 ,αλμδ’
2474 1316 2642 1391 λόγος
2677 1318 2704 1372 6
2758 1318 2919 1378 αὐτὸς
2946 1321 3025 1388 τῷ
3053 1322 3159 1371 τῶν
3197 1319 3302 1378 σνς’
3345 1318 3480 1393 πρὸς
3517 1317 3585 1371 τά
3613 1323 3764 1389 σμγ’.
3830 1317 3923 1376 Εἷς

2258 1404 2406 1468 ἴσους
2439 1404 2496 1461 δὲ
2519 1404 2614 1460 δύο
2663 1406 2858 1481 λόγους
2888 1403 3001 1460 οὗθ’
3050 1407 3077 1460 6
3118 1403 3404 1481 ἐπόγδοος,
3466 1402 3587 1460 οὔτε
3617 1404 3797 1467 ἄλλος
3830 1427 3917 1467 τις

2255 1492 2544 1569 διαιρεῖται
2600 1500 2708 1549 τῶν
2764 1493 3087 1569 ἐπιμορίων.
3138 1497 3275 1552 ’Ίσοι
3307 1492 3364 1550 δὲ
3414 1491 3629 1571 ἔγγιστα
3684 1499 3912 1549 ποιοῦσι

2255 1589 2423 1665 λόγον
2477 1592 2569 1645 τὸν
2622 1589 2908 1668 ἐπόγδοον,
2964 1592 2993 1646 ’ὁ
3051 1613 3109 1647 τε
3134 1591 3221 1646 ἐπὶ
3266 1592 3335 1661 ιη’
3367 1591 3457 1646 καὶ
3490 1592 3518 1645 6
3551 1590 3638 1646 ἐπὶ
3674 1593 3759 1660 ιζ’.
3794 1592 3919 1644 ’Υπ-

2254 1682 2413 1755 άρχει
2440 1685 2733 1755 τοιγαροῦν
2788 1682 2927 1735 κατὰ
2953 1681 3046 1735 τὸν
3078 1680 3277 1753 μεταξύ
3317 1701 3434 1743 πως
3478 1680 3686 1735 τούτων
3740 1678 3915 1753 λόγον

2249 1770 2311 1823 τὸ
2342 1770 2652 1842 ἡμιτόνιον,
2684 1771 2934 1825 τουτέστι
2963 1771 3053 1824 τὸν
3110 1769 3334 1842 μείζονα
3384 1771 3477 1841 μὲν
3509 1774 3605 1823 τοῦ
3636 1770 3714 1843 ιζ’,
3748 1767 3913 1823 ἐλάτ-

2249 1879 2379 1913 τονα
2409 1856 2467 1913 δὲ
2510 1863 2606 1914 τοῦ
2633 1856 3130 1916 ἐπιεκκαιδεκάτου.
3192 1860 3343 1915 Ἐστι
3399 1856 3456 1913 δί
3509 1858 3600 1912 καὶ
3643 1863 3755 1911 τῶν
3794 1859 3917 1934 σμγ’

2256 1947 2321 2001 τὰ
2384 1949 2440 2001 ιε’
2500 1953 2684 2020 μεῖζον
2748 1948 2843 2019 μὶν
2894 1948 3119 2023 μὲροςῆ
3175 1944 3649 2017 ἑπτακαιδέκατον,
3685 1944 3913 2000 ἔλαττον

2260 2033 2316 2090 δὲ
2379 2036 2406 2105 ’r)
2461 2038 2548 2104 ια’,
2608 2037 2746 2091 ὥστε
2804 2036 3161 2091 συντεθέντων
3224 2036 3397 2091 αὐτῶν
3453 2041 3551 2090 τοῦ
3576 2057 3633 2090 τε
3662 2037 3793 2109 σμγ’
3826 2039 3915 2090 καὶ

2255 2128 2352 2179 τοῦ
2386 2132 2441 2179 ιε’
2468 2124 2519 2179 ἐν
2549 2124 2704 2199 λόγῳ
2735 2125 2971 2201 γίνεσθαι
3009 2126 3072 2179 τὸ
3098 2126 3387 2197 ἡμιτόνιον
3431 2123 3655 2199 ἔγγιστα
3683 2122 3764 2195 τῷ
3808 2130 3915 2178 τῶν

2259 2214 2372 2281 σνη’
2401 2214 2535 2287 πρὸς
2593 2213 2661 2267 τά
2711 2213 2857 2287 σμγ’.
2902 2210 3159 2287 Ἐδείχθη
3205 2210 3381 2267 δὲκαὶ
3420 2216 3517 2266 τοῦ
3544 2210 3854 2285 λείμματος
3890 2214 3917 2266 6

2259 2299 2421 2376 λόγος
2452 2302 2479 2355 6
2508 2306 2613 2355 τῶν
2649 2303 2757 2365 σνς’
2787 2302 2924 2375 πρὸς
2955 2303 3022 2356 τά
3048 2302 3195 2377 σμγ’,
3227 2300 3319 2356 καὶ
3346 2306 3443 2356 τοῦ
3475 2300 3785 2373 λείμματος
3814 2303 3918 2374 ἆρα

2254 2391 2317 2445 τὸ
2346 2387 2633 2463 ἡμιτόνιον
2669 2388 2967 2462 διοίσειτῷ
2994 2396 3099 2446 τῶν
3134 2393 3246 2462 σνη’
3283 2388 3437 2466 λόγῳ
3482 2392 3620 2467 πρὸς
3664 2390 3734 2445 τά
3777 2392 3917 2459 σνς’,

2258 2478 2315 2540 ὅς
2346 2477 2486 2534 ἐστιν
2520 2476 3057 2554 ἐπιεκατοστόγδοος.

2334 2783 2396 2855 β’.
2431 2784 2620 2858 Ἔχεις
2685 2780 2776 2837 οὖν
2828 2780 3061 2847 ἐντεῦθεν
3092 2782 3145 2837 τί
3184 2802 3321 2836 ποτε
3348 2781 3411 2836 τὸ
3444 2780 3659 2855 λεῖμμα
3691 2780 3917 2836 δύναται

2256 2872 2343 2923 καί
2398 2875 2514 2933 πῶς
2563 2866 2785 2926 ἔλαττον
2831 2871 3119 2945 ἡμιτονίου
3178 2870 3311 2940 ἐστὶ,
3359 2870 3449 2925 καὶ
3502 2872 3606 2925 τίνι
3667 2869 3914 2949 διαφέρει

2262 2958 2428 3013 αὐτοῦ
2452 2963 2548 3013 τοῦ
2579 2960 2890 3031 ἡμιτονίου’
2918 2960 3005 3014 καὶ
3032 2960 3114 3014 δτι
3148 2960 3220 3021 εἷς
3235 2958 3389 3021 ’ίσους
3422 2958 3518 3014 δύο
3552 2958 3753 3035 λόγους
3788 2960 3916 3014 οὔτε

2258 3050 2285 3103 6
2311 3048 2575 3123 ἐπόγδοος
2630 3047 2751 3105 οὔτε
2782 3048 2954 3112 ἄλλος
3009 3072 3059 3105 τι
3119 3049 3403 3124 διαιρεῖται
3433 3055 3540 3105 τῶν
3574 3050 3912 3125 ἐπιμορίων.

2254 3138 2317 3192 Εἰ
2359 3136 2416 3193 δὲ,
2458 3139 2510 3193 τί
2560 3161 2645 3194 σοι
2696 3137 3122 3212 ἐλλελοίπαμεν,
3180 3139 3359 3214 ὥσπερ
3411 3138 3723 3200 ἐπιστείλας
3770 3144 3911 3212 ἡμῖν

495 3242 630 3281 vero
664 3227 861 3281 missis
885 3226 1095 3281 litteris
1127 3227 1269 3281 mihi
1308 3228 1594 3297 objecisd,
1627 3230 1779 3299 quod
1817 3230 2139 3299 praetermi-

2261 3225 2563 3297 ὠνείδισας,
2590 3229 2728 3302 πρὸς
2758 3230 2857 3296 τὴν
2913 3227 3174 3304 ἐξήγησαν
3231 3236 3331 3297 τῆς
3390 3228 3751 3294 Πλατωνικῆς
3806 3234 3912 3302 ψυ-

494 3315 745 3369 serimus
774 3315 1214 3385 nonnulla,qua3
1238 3316 2140 3387 adl’sychogoniamPlatonicam

493 3403 898 3474 explicandam
932 3405 1296 3474 adjuvarent,
1329 3422 1396 3459 ea
1434 3406 1537 3458 tibi
1582 3406 1760 3460 veluti
1793 3407 1988 3461 debita
2012 3408 2137 3478 jam

494 3488 738 3545 solvam.
772 3490 934 3553 Quod
970 3490 1129 3545 Plato
1188 3492 1341 3546 enim
1378 3491 1660 3546 distantia
1690 3492 1854 3563 dupli
1896 3502 1947 3548 et
1979 3494 2139 3565 tripli

490 3578 783 3634 intervalli
818 3596 1194 3650 unaquaque,
1227 3580 1365 3651 quia
1413 3586 1533 3635 tres
1574 3581 1851 3652 utrinque
1900 3582 2019 3636 sint
2046 3584 2136 3638 di-

491 3668 743 3735 stantia),
776 3668 1120 3724 scissionem
1156 3675 1378 3740 septem
1410 3669 1639 3726 illorum
1660 3670 1890 3725 orbium
1924 3672 2136 3726 factam

492 3773 621 3812 esse
670 3757 833 3825 dicit,
867 3775 1007 3813 sane
1040 3766 1129 3813 est
1159 3757 1324 3825 illud,
1359 3759 1407 3812 si
1464 3760 1531 3813 ad
1566 3760 1745 3814 verba
1776 3766 2135 3830 spectamus,

488 3846 583 3916 (ad
615 3845 1051 3918 explicandum)
1080 3848 1474 3915 subditticile;
1524 3854 1787 3903 attamen
1820 3849 2134 3919 signiﬁcat.

491 3935 775 3991 distantia
794 3954 1140 4007 unaquaque
1163 3938 1477 4008 duplorum
1509 3937 1942 4009 triplorumque
1965 3939 2138 3995 inter-

490 4023 804 4092 vallorum,
838 4043 963 4095 quae
981 4026 1219 4097 quidem
1242 4031 1408 4081 terna
1436 4026 1558 4082 sint
1589 4028 1669 4099 (in
1703 4033 1957 4098 quatuor
1977 4029 2134 4084 enim

491 4113 761 4169 terminis
819 4114 1113 4169 distantia:
1154 4116 1293 4183 tres)
1326 4115 1536 4171 factam
1585 4132 1715 4171 esse
1767 4116 2132 4185 scissionern,

493 4203 647 4273 quod
682 4202 835 4258 idem
870 4209 959 4258 est
987 4204 1501 4274 ac(si)secundum
1524 4203 2135 4275 longitudinem(facta

490 4306 558 4345 ea
589 4294 718 4346 esse
752 4290 1025 4360 dicatur),
1060 4298 1123 4346 ut
1158 4292 1219 4346 in
1254 4309 1608 4363 unoquoque
1642 4300 1864 4364 septem
1898 4294 2132 4350 illorum

491 4379 723 4433 orbium
783 4396 988 4435 omnes
1035 4380 1329 4435 distantias
1361 4386 1419 4435 et
1447 4382 1615 4436 orbes
1648 4398 1849 4436 omnes
1898 4382 2083 4438 insint
2116 4401 2129 4439 :

492 4484 737 4522 numero
751 4467 906 4523 enim
921 4468 1079 4539 dupli
1094 4468 1371 4539 triplique
1390 4469 1675 4524 intervalli
1692 4471 2130 4539 distantiarum,

494 4573 621 4628 quae
645 4556 882 4627 quidem
919 4573 1015 4612 sex
1052 4563 1213 4621 sunt,
1246 4558 1436 4613 sexies
1473 4559 1643 4613 orbes
1682 4558 1874 4614 scidit.
1909 4560 2132 4623 Quibus

492 4645 688 4701 animo
720 4647 1025 4719 praeceptis
1058 4647 1317 4702 animam
1350 4664 1545 4703 rerum
1578 4648 1999 4721 universitatis,
2032 4667 2127 4705 ra-

494 4734 683 4791 tiones
718 4735 1053 4807 babentem,
1088 4740 1225 4792 ante
1254 4736 1359 4791 has
1390 4737 1692 4809 (rationes)
1723 4744 1780 4791 et
1832 4738 2136 4795 universas

495 4825 699 4879 mundi
725 4826 1457 4897 partes,inerrantemdico
1479 4827 2133 4892 eterrantem,omnium

492 4914 551 4969 in
576 4916 795 4969 mundo
817 4916 1177 4970 versantium
1206 4916 1494 4986 (deorum)
1519 4917 1829 4971 essentiam
1852 4934 2136 4988 usurpare

492 5003 815 5059 statuimus
850 5022 862 5059 :
898 5021 1012 5075 quo
1043 5022 1112 5060 ex
1144 5022 1203 5059 re
1236 5004 1394 5059 orbis
1426 5006 1553 5075 ejus
1575 5005 1730 5076 quod
1764 5005 2015 5060 alterum
2036 5023 2134 5060 vo-

491 5101 681 5162 catur,
716 5094 936 5164 primas
963 5110 1168 5148 causas
1196 5094 1609 5164 procreatrices
1652 5098 1877 5165 septem
1904 5094 2132 5149 orbium

490 5181 549 5236 in
565 5200 624 5237 se
639 5182 902 5237 cohibuit
928 5183 1089 5245 Quod
1115 5182 1160 5237 si
1181 5200 1295 5237 non
1323 5182 1591 5237 essentia:
1616 5185 2134 5253 quoqueproprius

488 5271 728 5340 quidam
753 5271 940 5326 factus
962 5272 1034 5326 sit
1056 5271 1393 5339 orbis,sicut
1423 5271 1682 5341 ejusdem
1709 5276 1929 5325 naturis
1953 5272 2135 5342 (iden-

486 5359 764 5430 titatis)et
786 5359 1026 5414 diversae
1051 5360 1472 5429 (diversitatis).
1497 5360 1899 5423 defendemus,
1928 5361 1974 5413 si
2000 5362 2132 5428 quis

486 5448 689 5501 audire
710 5449 927 5520 cupiat,
950 5449 1157 5503 borum
1186 5466 1313 5503 esse
1336 5449 1789 5520 oppositionem,
1813 5448 2127 5501 essentiam

484 5542 679 5591 autem
699 5539 1199 5592 universzeanimaz
1216 5554 1587 5593 communem
1605 5554 1750 5591 esse.
1767 5536 1925 5590 illam
1944 5543 2130 5591 autem

482 5624 542 5677 in
577 5639 677 5679 sex
701 5626 940 5696 (partes)
960 5627 1305 5681 divisionem
1331 5627 1540 5681 animas
1566 5626 1784 5696 (quasi)
1803 5625 2133 5680 familiaris-

487 5711 701 5769 simam
731 5728 859 5769 csse
890 5715 1384 5787 Pythagoreorum
1412 5720 1501 5769 est
1530 5713 2126 5783 sententia,unitatem

2254 3317 2535 3391 χογονίας,
2594 3317 2755 3372 τοῦτό
2814 3338 2897 3372 σοι
2929 3322 3019 3371 νῦν
3054 3318 3235 3393 ὥσπερ
3265 3339 3318 3372 τι
3346 3317 3509 3392 χρέος
3543 3315 3908 3389 διαλυόμεοα.

2249 3406 2324 3461 Τὸ
2385 3406 2489 3480 γάρ
2544 3406 2681 3460 κατὰ
2736 3408 2833 3474 τήν
2887 3405 3176 3460 διπλασίου
3206 3406 3296 3460 καὶ
3320 3406 3647 3479 τριπλασίου
3680 3403 3911 3461 διάστα-

2250 3515 2332 3547 σιν
2389 3494 2678 3570 εἷ’ρημίνον
2735 3500 2815 3567 τῷ
2856 3496 3108 3550 Πλάτωνι
3141 3496 3368 3566 ἑκάστην
3400 3499 3505 3550 τῶν
3546 3492 3909 3563 διαστάσεων,

2249 3584 2424 3638 οὐσῶν
2479 3584 2745 3660 ἑκατέρων
2802 3590 2993 3660 τριῶν,
3041 3584 3317 3660 γεγονέναι
3385 3588 3485 3653 τὴν
3543 3584 3730 3660 σχίσιν
3791 3591 3902 3640 τῶν

2247 3672 2382 3727 ἑπτὰ
2435 3672 2676 3743 κύκλων,
2734 3672 2843 3729 ἔστι
2899 3675 3017 3747 μὲν,
3080 3674 3203 3728 ὅσον
3256 3694 3317 3748 γε
3374 3673 3511 3728 κατά
3563 3674 3667 3740 τὴν
3732 3672 3905 3746 λέξιν,

2249 3759 2645 3817 ὑποδύσκολον·
2707 3763 2957 3835 σημαίνει
3019 3760 3077 3818 δὲ
3108 3762 3279 3834 ὅμως,
3314 3762 3396 3817 ὅτι
3451 3764 3586 3817 κατὰ
3618 3759 3905 3817 διάστασιν

2245 3851 2475 3920 ἑκάστην
2531 3849 2827 3924 (διάστασις
2861 3855 2932 3921 1‘)
2991 3857 3098 3906 τῶν
3166 3850 3465 3906 διπλασίων
3520 3852 3610 3905 καί
3665 3852 3907 3923 τριπλα-

2244 3938 2374 3992 σίων
2432 3936 2782 4009 διαστάσεων,
2837 3939 3009 3993 οὐσῶν
3070 3939 3334 4013 ἑκατέρων
3385 3939 3552 4012 τριῶν
3684 3938 3738 3991 ὲν
3799 3940 3904 4013 γάρ

2242 4028 2520 4101 τέσσαρσιν
2583 4026 2733 4101 ὅροις
2794 4028 2847 4081 αἱ
2889 4025 3192 4088 διαστάσεις
3222 4032 3388 4100 τρεῖς
3442 4029 3475 4095 ἡ
3509 4026 3694 4100 σχίσις
3743 4028 3902 4101 γέγοο

2242 4136 2350 4184 νεν,
2382 4117 2409 4170 ’ὁ
2455 4114 2564 4169 ἐστι
2623 4121 2699 4187 τῷ
2765 4116 2902 4171 κατὰ
2952 4123 3127 4189 μῆκος
3177 4112 3495 4181 ταύτὸν,’ίν’
3548 4115 3763 4185 ἑκάστῳ
3793 4120 3902 4168 τῶν

2244 4204 2377 4259 ἑπτα
2405 4204 2623 4259 κύκλων
2657 4205 2846 4260 ἰνῶσιν
2880 4207 2933 4259 αἱ
2986 4202 3286 4266 διαστάσεις
3346 4207 3514 4257 πᾶσαι
3540 4203 3630 4256 καὶ
3690 4205 3752 4256 οἱ
3809 4204 3905 4257 λό-

2242 4315 2332 4367 γοι
2382 4294 2593 4355 πάντες*
2655 4296 2792 4348 κατὰ
2842 4293 2945 4368 γὰρ
2994 4295 3085 4348 τὸν
3134 4294 3362 4367 ἀριθμὸν
3415 4297 3522 4345 τῶν
3562 4297 3662 4346 τοῦ
3693 4288 3901 4346 διπλα-

2245 4382 2361 4436 σίου
2435 4381 2526 4436 καὶ
2579 4381 2907 4458 τριπλασίου
2958 4381 3282 4437 διαστάσεων
3451 4381 3626 4435 οὐσῶν
3681 4380 3900 4457 ἐξαχῶς

2241 4470 2367 4534 τοὺς
2415 4468 2653 4533 κύκλους
2704 4467 2880 4543 ἔτεμε.
2934 4472 3152 4527 Τούτων
3179 4469 3238 4526 δὲ
3269 4468 3766 4545 προειλημμὲνων,
3799 4492 3900 4548 ςφαε

2247 4560 2340 4631 μὲν
2378 4561 2428 4633 (6
2462 4557 2518 4614 δὲ
2575 4558 2740 4636 λόγος
2771 4559 3063 4628 ἐλληνικὸς
3096 4562 3153 4633 ῒ)
3181 4562 3280 4629 τήν
3312 4559 3408 4614 τοῦ
3453 4560 3653 4620 παντὸς
3682 4562 3903 4634 ψυχήν,

2165 4634 2208 4698 D
2242 4647 2437 4721 λόγους
2484 4646 2739 4723 ἔχουσαν,
2780 4648 2991 4704 πάντων
3039 4653 3174 4704 εἶναι
3227 4647 3532 4724 ἐγκοσμίων
3583 4645 3731 4722 ἔχειν
3793 4650 3902 4721 πρὸ

2244 4736 2450 4791 τούτων
2500 4738 2589 4791 καὶ
2635 4743 2742 4792 τῶν
2793 4737 2938 4793 ὅλων
2991 4742 3087 4793 τοῦ
3138 4736 3348 4809 κόσμου
3404 4734 3663 4809 μερίδων,
3725 4736 3904 4801 αὐτῆς

2247 4824 2394 4899 λέγω
2422 4833 2519 4895 τῆς
2570 4826 2846 4888 ἀπλανοῦς
2894 4826 2981 4881 καὶ
3034 4833 3136 4895 τῆς
3186 4825 3555 4897 πλανωμένης
3588 4825 3706 4888 ὅθεν
3746 4828 3777 4880 6
3813 4828 3905 4890 θά-

2243 4934 2400 4985 τερος
2458 4912 2662 4977 κύκλος
2720 4920 2827 4970 τῶν
2876 4916 3011 4970 ἑπτά
3083 4914 3301 4970 κύκλων
3359 4916 3457 4976 τάς
3500 4916 3902 4990 πρωτουργοὺς

2245 5002 2419 5066 αἶ’τίας
2450 5002 2500 5057 ὲν
2548 5004 2719 5075 ἑαυτῴ
2765 5004 3136 5081 περιείληφεν.
3200 5003 3265 5060 Εἴ
3297 5000 3355 5057 δὲ
3389 5004 3467 5075 μὴ
3509 5003 3598 5057 καὶ
3646 5009 3751 5071 τῆς
3816 5004 3904 5058 οὐ-

2246 5090 2359 5153 σίας
2391 5090 2529 5153 ἴδιός
2556 5113 2637 5153 τις
2680 5094 2872 5167 γέγονε
2902 5092 3129 5160 κύκλος,
3176 5093 3249 5154 ὡς
3282 5098 3380 5162 τῆς
3408 5092 3744 5159 ταύτότητος
3809 5095 3899 5147 καὶ

2242 5184 2340 5245 τῆς
2376 5179 2712 5254 ἑτερότητος,
2760 5177 3112 5254 διαλύσομεν,
3146 5177 3200 5235 εἷ’
3229 5201 3310 5241 τις
3344 5180 3592 5254 ἐρωτῴη,
3626 5178 3705 5233 ὅτι
3772 5182 3902 5236 τού⁵

2241 5291 2349 5324 των
2387 5268 2479 5341 μέν
2516 5268 2653 5324 ἐστιν
2689 5270 2977 5336 ἀντίθεσις,
3027 5273 3061 5338 ἡ
3096 5267 3153 5324 δὲ
3184 5268 3341 5324 οὐσία
3367 5270 3525 5337 κοινὴ
3575 5275 3673 5336 τῆς
3705 5270 3893 5341 πάσης

2244 5358 2354 5412 ἐστὶ
2397 5362 2601 5432 ψυχῆς.
2654 5361 2758 5426 Τὴν
2797 5356 2854 5412 δὲ
2904 5357 2979 5419 είς
3036 5356 3087 5429 ἓξ
3122 5355 3379 5433 διαίρεσιν
3441 5356 3787 5427 οἰκειοτάτην
3824 5360 3900 5413 εἴ-

2241 5469 2326 5500 ναι
2358 5449 2427 5517 τῇ
2451 5450 2603 5521 ψυχῇ
2638 5449 2664 5501 6
2708 5452 2815 5501 τῶν
2876 5445 3257 5522 Πυθαγορείων
3306 5444 3475 5519 λόγος
3526 5445 3710 5522 φησὶν,
3769 5448 3900 5502 ἐνά-

2244 5548 2403 5610 λογον
2448 5536 2749 5589 ταττόντων
2813 5535 3025 5608 σημείῳ
3076 5536 3169 5608 μὶν
3236 5532 3439 5607 μονάδα
3473 5577 3487 5602 ,
3544 5538 3783 5608 γραμμῇ
3836 5534 3892 5591 δὲ

2243 5620 2429 5691 δυάδα,
2462 5628 2540 5694 τῷ
2570 5620 2627 5677 δὲ
2658 5620 2900 5695 ἐπιπέδῳ
2926 5622 3141 5698 τριάδα,
3180 5628 3260 5696 τῷ
3292 5621 3348 5677 δὲ
3379 5622 3591 5695 σώματι
3636 5622 3896 5697 τετράδα,

2238 5715 2317 5785 τῷ
2351 5709 2408 5766 δὲ
2456 5712 2820 5785 πεποιωμὲνῳ
2865 5713 2966 5782 τήν
3016 5709 3270 5781 πεντάδα,
3317 5716 3397 5784 τῷ
3454 5708 3512 5767 δὲ
3562 5711 3898 5788 ἐψυχομὲνῳ
