4060 6348
246 410 408 476 1113

1352 421 1431 483 ΙΝ
1478 419 2097 484 PSYCHOGONIAM
2138 421 2552 486 PLATONIS.

3506 418 3663 481 11H

236 542 348 611 τὴν
378 540 557 614 ἑξάδα,
584 545 665 618 τῷ
694 542 754 601 δὲ
799 552 975 624 νοερῷ
1007 549 1111 619 τὴν
1159 546 1382 610 ἐπτάδα.
1414 551 1491 608 Τὸ
1523 552 1707 625 μεντοι
1741 549 1892 625 λειμ-

2020 560 2238 627 puncto
2269 558 2721 611 consentaneam
2754 552 3191 623 collocantium,
3241 551 3408 608 linea:
3465 556 3662 609 autem

246 651 331 704 μα
378 630 489 718 ἄνω
538 634 634 706 μὲν
682 642 781 705 τῆς
820 635 1118 708 ἐπιστολῆς
1163 640 1560 713 μαθηματικῶς
1596 638 1897 718 ἀπεδείχθη

245 741 359 775 σοι·
392 717 500 777 ἔστι
533 720 590 778 δὲ
613 724 704 779 καὶ
735 724 787 780 ἐν
817 730 898 799 τῷ
930 727 1089 783 παντὶ
1119 732 1389 785 τοιοῦτον.

2015 643 2524 713 (consentaneum)
2580 642 2876 698 binarium
2931 657 3268 706 numerum,
3334 641 3661 697 ternarium

2016 731 2215 803 plano,
2246 731 2474 803 corpori
2507 730 2967 803 quaternarium,
3000 729 3339 801 quinarium
3383 729 3457 799 ei,
3507 732 3662 801 quod

246 819 344 868 est
370 815 665 880 effectum,
698 816 773 885 ei,
805 819 963 890 quod
995 818 1326 876 animatum
1358 825 1471 888 est,
1502 821 1828 889 senarium,
1859 819 2244 877 intellectuali
2278 827 2473 876 autem
2505 821 2929 893 septenarium.
2964 819 3193 875 Limma
3217 836 3348 875 vero
3380 836 3563 890 supra
3601 819 3663 873 in

244 900 406 973 (hac)
433 903 683 974 epistola
714 907 1264 964 matbematicorum
1298 926 1459 965 more
1486 909 1594 964 tibi
1626 910 2094 966 demonstratum
2128 916 2237 966 est.
2272 910 2435 975 Quod
2466 908 2621 964 idem
2654 909 2713 963 in
2746 909 3017 964 universo
3049 909 3164 963 tale
3193 915 3301 964 est.

321 990 390 1064 γ’.
425 990 541 1069 Ἀφ’
570 992 800 1064 ἑκάστης
838 994 940 1070 γὰρ
982 999 1091 1050 τῶν
1137 1001 1377 1074 σφαιρῶν
1417 996 1711 1073 ἁπόρῥοιαί
1760 1018 1903 1061 τινες

243 1079 579 1150 καθήκουσιν
614 1081 691 1143 εἰς
720 1082 786 1136 τὰ
834 1083 936 1138 ὑπὸ
976 1090 1080 1160 γῆν
1124 1085 1216 1140 καὶ
1265 1085 1442 1140 αὐτῶν
1469 1091 1576 1141 τῶν
1610 1086 1901 1162 στοιχείων

244 1174 542 1252 συμμιγεῖς
571 1191 713 1234 τινες
768 1172 1131 1246 ὑποστάθμαι,
1169 1170 1315 1231 πολὺ
1366 1175 1463 1249 μὶν
1492 1176 1556 1231 τὸ
1585 1174 1903 1252 ταραχῶδες

240 1250 473 1330 ἔχουσαι
503 1259 594 1313 καὶ
625 1261 900 1316 σκοτεινὸν
947 1261 1040 1317 καὶ
1084 1260 1295 1336 ἕνυλον,
1327 1263 1642 1320 συντελοῦσι
1673 1262 1719 1319 δ’
1748 1264 1903 1338 ὅμως

240 1346 385 1420 πρὸς
414 1347 513 1416 τήν
569 1346 705 1419 ὅλην
757 1354 854 1405 τοῦ
903 1352 1115 1424 κόσμου
1170 1352 1419 1409 σύστασιν
1472 1353 1562 1409 καὶ
1609 1354 1899 1430 ἁρμονίαν.

241 1434 463 1490 Τούτων
507 1434 575 1507 δὴ
621 1439 720 1507 τήν
772 1439 945 1495 αἰτίαν
984 1440 1037 1495 ἐν
1063 1445 1133 1515 τῇ
1164 1440 1270 1517 ὅλῃ
1299 1445 1454 1518 ψυχῇ
1485 1444 1655 1505 τιθεὶς
1687 1445 1715 1498 ὁ
1747 1441 1900 1498 Πλά-

240 1544 378 1594 των,
411 1521 624 1600 λεῖμμα
667 1526 933 1599 κέκληκεν
965 1529 1154 1602 αὐτὴν,
1188 1531 1218 1586 ’ὸ
1249 1529 1316 1601 δὴ
1367 1539 1468 1602 τῆς
1522 1532 1759 1607 ἐσχάτης
1801 1530 1900 1610 φύ-

242 1613 383 1677 σεώς
429 1613 539 1670 ἐστι
594 1618 948 1690 σημαντικὸν.
999 1618 1098 1673 Καὶ
1148 1620 1177 1674 ὁ
1205 1624 1315 1675 τῶν
1338 1623 1533 1695 ψυχῶν
1584 1618 1643 1675 δὲ
1672 1624 1781 1695 (19)
1810 1619 1901 1677 λό-

242 1722 345 1776 γος
376 1703 514 1777 πρὸς
546 1704 616 1759 τὰ
664 1702 923 1778 δαιμόνια
976 1711 1087 1776 ζῶα
1114 1708 1207 1763 τὸν
1237 1713 1336 1764 τοῦ
1369 1708 1674 1783 Λείμματος
1714 1708 1899 1784 ἐπέχει

244 1788 442 1865 λόγον,
501 1792 591 1847 καὶ
646 1794 715 1849 τά
771 1796 989 1872 ἡρωικά
1044 1793 1103 1851 δὲ
1167 1796 1305 1871 πρὸς
1353 1797 1421 1853 τὰ
1496 1795 1752 1872 δαιμόνια
1807 1798 1898 1854 τὸν

242 1877 512 1953 ἐπόγδοον
546 1877 663 1957 ἔχει
697 1882 865 1959 λόγον
898 1869 987 1939 διὰ
1017 1886 1082 1940 τὸ
1113 1869 1384 1961 ἄχραντον
1417 1893 1516 1957 τῆς
1548 1869 1692 1957 ζωῆς
1736 1886 1899 1956 εἶδος,

239 1969 311 2022 τὰ
341 1965 399 2023 δὲ
425 1969 653 2025 πολλῶν
684 1964 808 2047 ἔχοι
857 1970 916 2027 ἂν
970 1974 1109 2050 πρὸς
1157 1974 1334 2030 ἐκεῖνα
1378 1976 1469 2031 τὸν
1517 1980 1614 2031 τοῦ
1655 1975 1897 2049 λείμμα-

2080 999 2133 1054 3.
2168 998 2247 1054 Ex
2280 1013 2632 1070 unoquoque
2663 997 2974 1068 globorum
3026 998 3097 1052 ad
3147 1013 3237 1063 ea,
3284 1014 3408 1068 qum
3461 997 3663 1053 subter

2010 1092 2227 1143 terram
2244 1087 2942 1157 sunt,deﬂuviaquasdam
2957 1084 3308 1141 delabuntur
3320 1086 3662 1141 commicta-

2011 1193 2127 1248 que
2155 1177 2420 1247 quaedam
2452 1192 2584 1232 cum
2618 1175 2767 1247 ipsis
2796 1174 3104 1230 elementis
3136 1175 3482 1241 sedimenta,
3533 1191 3660 1245 quae

2010 1266 2122 1321 etsi
2155 1265 2405 1321 multum
2438 1263 2763 1320 turbulenti
2787 1270 2843 1319 et
2858 1264 3094 1319 obscuri
3117 1271 3174 1319 et
3206 1263 3529 1319 materialis
3552 1263 3659 1318 ha-

2011 1354 2169 1422 bent,
2188 1355 2260 1409 ad
2285 1353 2618 1410 universam
2641 1358 2837 1409 tamen
2862 1353 3067 1408 mundi
3089 1352 3572 1424 compositionem
3603 1358 3660 1409 et

2010 1449 2359 1499 concentum
2390 1442 2715 1497 conferunt.
2752 1442 2969 1498 Horum
2997 1457 3138 1497 sane
3168 1457 3410 1496 causam
3441 1441 3501 1495 in
3525 1439 3655 1496 uni-

2008 1548 2179 1588 versa
2199 1533 2398 1587 anima
2418 1534 2668 1603 positam
2700 1531 2864 1587 Plato
2896 1530 3218 1587 nominavit
3246 1529 3471 1588 limma.
3501 1530 3656 1601 quod

2011 1621 2251 1693 quidem
2272 1626 2540 1677 extremis
2562 1627 2784 1676 naturae
2807 1620 3263 1692 signiticativum
3286 1626 3395 1674 est.
3428 1620 3498 1674 Et
3528 1635 3658 1674 vero

2009 1710 2342 1766 animarum
2376 1710 2524 1765 ratio
2555 1710 2625 1765 ad
2666 1709 2989 1765 daemonica
3036 1707 3319 1765 animalia
3366 1708 3654 1763 rationem

2007 1799 2294 1856 limmatis
2320 1801 2557 1872 praebet,
2590 1806 2765 1872 atque
2795 1799 3030 1855 heroica
3059 1799 3132 1854 ad
3163 1798 3487 1853 daemonica
3534 1812 3656 1852 ses-

2009 1890 2345 1961 quiotavam
2409 1888 2698 1944 rationem
2765 1904 2869 1960 per
2933 1904 3141 1960 puram
3206 1886 3336 1942 vitea
3396 1886 3653 1957 speciem

2007 1977 2335 2033 habent.Ad
2366 1976 2468 2032 illa
2495 1981 2692 2032 autem
2723 1993 2946 2047 ea,quae
2980 1974 3298 2031 multorum
3322 1980 3483 2042 sunt,
3516 1974 3655 2029 lim-

236 2077 358 2114 τος.
412 2064 566 2114 Ἔστι
624 2057 682 2115 δὲ
744 2061 833 2116 καὶ
889 2064 1083 2139 πρώτη
1144 2065 1559 2141 ἀρτιοπέρισσος
1618 2068 1653 2135 ἡ
1715 2067 1892 2142 ψυχή,

2006 2066 2182 2122 matis
2204 2064 2424 2121 habent
2448 2064 2962 2121 rationem.Prima
2984 2080 3217 2136 quoque
3230 2062 3448 2135 pariter
3464 2064 3658 2134 impar

244 2147 385 2219 μέση
438 2147 541 2224 γάρ
592 2147 705 2205 ἐστι
750 2155 860 2206 τῶν
908 2152 1127 2227 ἀμερῶν
1174 2153 1264 2209 καὶ
1309 2159 1418 2209 τῶν
1472 2160 1760 2229 μεριστῶν,
1820 2156 1892 2209 ὧν

236 2240 361 2299 τοῖς
393 2236 488 2308 μὲν
518 2238 584 2292 τὸ
631 2240 887 2315 περισσὸν
936 2240 1161 2311 οἰκεῖον,
1208 2247 1324 2305 τοῖς
1377 2240 1435 2297 δὲ
1477 2244 1541 2298 τὸ
1587 2242 1792 2319 ἄρτιον.
1822 2244 1893 2299 Τὸ

244 2321 304 2379 δὲ
350 2324 530 2403 φάναι,
591 2326 676 2382 ὅτι
733 2328 802 2384 τὰ
848 2328 1096 2406 ἐπίτριτα
1140 2330 1313 2386 πάντα
1369 2329 1777 2408 συνεπληροῦτο
1815 2338 1897 2407 τῷ

238 2418 343 2469 τοῦ
375 2413 649 2490 ἐπογδόου
677 2413 1008 2493 διαστήματι
1045 2421 1182 2492 μετὰ
1209 2425 1309 2475 τοῦ
1340 2419 1666 2495 λείμματος,
1700 2421 1896 2501 Epigoni-

240 2524 380 2571 νειν,
412 2503 494 2560 ὅτι
540 2509 650 2561 τῶν
696 2505 880 2583 λόγων
922 2509 978 2562 αἱ
1027 2510 1509 2585 ἀποπεραπτώσεις
1549 2511 1624 2573 εἷς
1658 2531 1893 2586 μερικω-

238 2592 404 2667 τέρας
460 2591 781 2658 ἀποστάσεις
848 2596 1168 2670 κατέληξαν.
1221 2598 1389 2653 Ἑπτὰ
1446 2595 1505 2654 δέ
1560 2598 1694 2654 εἴσιν
1751 2598 1892 2675 ὅροι.

242 2680 394 2735 Διότι
449 2683 619 2756 μέσην
671 2680 869 2760 ἔλαχεν
914 2687 950 2755 ἡ
1004 2687 1157 2761 ψυχὴ
1206 2690 1317 2741 τῶν
1363 2709 1422 2742 τε
1466 2687 1770 2764 ἀμερίστων
1802 2689 1893 2743 καὶ

239 2774 350 2825 τῶν
423 2777 715 2847 μεριστῶν,
768 2772 858 2829 καὶ
928 2772 1107 2830 ἐκεῖνα
1183 2775 1279 2849 μὲν
1332 2782 1577 2850 μιμεῖται
1637 2774 1728 2832 διὰ
1790 2785 1892 2847 τῆς

236 2855 462 2934 τριάδος
504 2864 614 2915 τῶν
666 2860 833 2936 ὅρων,
880 2867 1048 2918 ταῦτα
1090 2860 1149 2919 δὲ
1195 2863 1502 2942 προείληφε
1549 2863 1638 2921 διὰ
1680 2869 1780 2935 τῆς
1811 2888 1894 2921 τε·

234 2945 456 3021 τράδος,
489 2948 606 3004 ἐπεὶ
638 2950 727 3004 καὶ
755 2948 861 3020 ὅλη
897 2948 967 3007 δι’
1014 2950 1151 3024 ὅλης
1197 2953 1391 3023 εαυτῆς
1439 2957 1473 3024 ἡ
1523 2956 1700 3030 ψυχὴ,
1733 2950 1889 3012 ἐϐδο-

241 3040 448 3110 ματική
482 3037 647 3095 ἐστιν.
682 3039 746 3096 Εἰ
792 3041 894 3115 γὰρ
944 3041 1109 3115 μονὰς
1155 3042 1183 3096 ὁ
1234 3040 1630 3119 δημιουργικὸς
1676 3049 1820 3116 νοῦς,
1851 3048 1888 3115 ἡ

244 3123 302 3181 δὲ
330 3127 487 3202 ψυχὴ
538 3128 772 3203 πρώτως
820 3130 926 3184 ἀπὸ
972 3135 1068 3185 νοῦ
1116 3131 1384 3205 πρόεισιν,
1416 3128 1721 3206 ἑϐδομάδος
1773 3129 1889 3210 ἔχει

236 3213 406 3290 λόγον
435 3216 571 3285 πρὸς
603 3211 786 3272 αὐτόν·
820 3221 1057 3294 πατρικὴ
1102 3220 1204 3295 γὰρ
1249 3222 1339 3275 καὶ
1390 3222 1621 3298 ἀμήτωρ
1666 3225 1700 3291 ἡ
1733 3218 1888 3279 ἐϐδο-

239 3304 368 3377 μάς.
401 3307 526 3362 Τῶν
561 3302 620 3361 δὶ
672 3309 989 3379 μεσοτήτων
1038 3315 1204 3385 τριῶν
1255 3310 1431 3365 οὐσῶν
1464 3313 1498 3380 ἡ
1546 3311 1643 3384 μὲν
1673 3333 1887 3387 γεωμε-

233 3393 400 3468 τρική
427 3393 493 3449 τὸ
523 3392 783 3458 οὐσιῶδες
812 3417 932 3461 πως
960 3395 1142 3452 συνδεῖ
1166 3402 1274 3453 τῶν
1311 3401 1524 3474 ψυχῶν,
1558 3403 1593 3470 η
1626 3398 1683 3454 δὲ
1713 3403 1889 3475 ἁρμο-

236 3483 367 3551 νικὴ
397 3482 497 3551 τήν
546 3485 871 3555 ταυτότητα,
902 3488 938 3555 ἠ
972 3483 1030 3541 δὲ
1075 3486 1410 3562 ἀριθμητική
1444 3489 1540 3557 τήν
1574 3489 1884 3563 ἑτερότητα*

239 3570 332 3625 καὶ
365 3573 401 3641 ἡ
459 3572 553 3644 μὶν
599 3577 943 3650 γεωμετρική
993 3575 1247 3649 εὐνομίας
1298 3576 1480 3649 εἰκὼν,
1607 3575 1665 3632 δὲ
1713 3579 1886 3653 ἁρμο-

232 3660 363 3729 νική
412 3656 593 3733 δίκης,
622 3665 658 3732 ἡ
692 3659 752 3717 δὲ
792 3663 1130 3738 ἀριθμητική
1164 3666 1407 3740 εἰρήνης.
1448 3669 1636 3742 Ἔχεις
1670 3668 1760 3737 οὖν
1793 3666 1886 3722 αὐ-

229 3749 452 3824 τάρκως
481 3757 608 3827 παρ’
634 3753 821 3825 ἡμῶν,
853 3755 898 3807 ὧ
928 3753 1186 3832 φιλότης,
1218 3754 1262 3810 εἰ
1301 3757 1375 3828 μή
1406 3777 1491 3819 τις
1524 3755 1584 3811 ἂν
1617 3753 1761 3811 εἷ’ποι
1796 3756 1886 3811 καὶ

232 3837 551 3912 φιλοτίμως
580 3841 669 3894 καὶ
698 3846 967 3905 πεθιττῶς
996 3843 1108 3914 τὸν,
1139 3845 1262 3918 περὶ
1291 3845 1364 3898 ῶν
1397 3843 1883 3920 ὲζήτησας,λόγον.

2005 2155 2205 2210 anima
2229 2159 2339 2221 est,
2373 2154 2633 2209 medium
2657 2153 2812 2208 enim
2836 2154 2990 2209 inter
3013 2152 3249 2207 dividua
3270 2157 3328 2207 et
3351 2151 3657 2205 individua

2006 2243 2394 2312 tenetlocum,
2415 2259 2667 2315 quorum
2684 2241 2920 2313 quidem
2942 2240 3036 2297 his
3054 2239 3400 2296 familiarius
3420 2244 3510 2295 est
3526 2256 3652 2310 par,

2004 2331 2121 2389 illis
2143 2333 2524 2404 impar.Quod
2549 2348 2683 2387 vero
2706 2330 3049 2400 sequitertia
3074 2327 3428 2401 (intervalla)
3454 2328 3654 2384 omnia

2004 2422 2423 2494 sesquioctava
2454 2419 2748 2492 (rationis)
2785 2418 3093 2476 intervallo
3142 2424 3199 2473 et
3245 2418 3510 2473 limmate
3554 2433 3653 2473 ex-

2004 2509 2160 2583 pleta
2192 2526 2319 2566 esse
2350 2510 2648 2574 dicuntur,
2693 2508 2875 2580 (inde)
2924 2511 3186 2580 apparet,
3231 2506 3527 2563 rationum
3577 2506 3650 2561 ad

2002 2602 2179 2657 tinem
2197 2600 2611 2674 perductiones
2628 2601 2687 2654 in
2709 2598 3018 2653 divisiores
3036 2595 3348 2653 distantias
3363 2597 3651 2653 desinere.

2000 2691 2178 2761 Atqui
2209 2695 2434 2762 septem
2465 2695 2607 2745 sunt
2635 2686 2890 2743 termini.
2938 2687 3150 2742 Anima
3199 2687 3340 2757 quia
3387 2684 3648 2740 medium

2002 2778 2260 2834 obtinuit
2311 2777 2467 2834 inter
2522 2776 2763 2832 invidua
2819 2780 2878 2831 et
2923 2774 3188 2841 dividua,
3239 2790 3493 2845 quorum
3545 2773 3649 2830 illa

2000 2867 2270 2923 ternione
2319 2867 2708 2922 terminorum
2757 2864 3045 2931 imitatur,
3095 2861 3216 2918 haec
3264 2861 3654 2934 quaternione

2000 2954 2651 3027 anticipavit,quoniam
2684 2959 2807 3009 tota
2834 2958 2925 3009 est
2953 2969 3055 3024 per
3084 2968 3147 3008 se
3178 2957 3649 3023 totam,septem-

2002 3047 2132 3118 plex
2161 3050 2270 3101 est.
2296 3044 2445 3099 Nam
2478 3043 2527 3098 si
2561 3045 2757 3098 unitas
2788 3048 2878 3097 est
2925 3041 3120 3113 opifex
3164 3042 3405 3112 (rerum)
3459 3057 3646 3108 mens,

2000 3136 2196 3191 anima
2224 3140 2417 3188 autem
2452 3131 2619 3188 initio
2647 3149 2680 3187 a
2712 3137 2908 3187 mente
2938 3130 3346 3203 proliciscitur,
3395 3130 3465 3185 ad
3517 3146 3647 3187 eam

1998 3223 2310 3295 septenarii
2356 3223 2588 3277 numeri
2636 3220 2927 3276 rationum
2986 3219 3163 3275 habet
3214 3235 3227 3273 :
3280 3217 3649 3289 septenarius

1997 3313 2155 3367 enim
2179 3328 2464 3366 numerus
2485 3318 2542 3365 et
2554 3308 2896 3382 procreandi
2918 3319 3119 3380 potens
3137 3313 3229 3364 est
3251 3324 3438 3380 neque
3458 3314 3648 3364 matre

2001 3399 2558 3457 utitur.Medietates
2589 3392 2783 3453 autem
2815 3414 2951 3453 cum
2983 3398 3106 3453 sint
3136 3404 3273 3468 tres,
3291 3398 3647 3470 geometrica

1999 3488 2328 3562 (medietas)
2351 3486 2722 3543 essentialem
2748 3487 3016 3558 (partem)
3040 3487 3368 3543 animarum
3411 3486 3648 3557 copulat

1997 3583 2075 3650 (et
2105 3575 2440 3647 connectit),
2475 3575 2817 3630 harmonica
2846 3580 3045 3631 autem
3076 3576 3342 3631 eamdem
3375 3581 3644 3631 naturam

2000 3666 2434 3739 (identitatem),
2459 3665 2745 3720 diversam
2772 3664 3214 3736 (diversitatem)
3240 3670 3435 3719 autem
3463 3663 3646 3719 arith-

1998 3752 2597 3825 metica:geometrica
2619 3752 2948 3824 (medietas)
2972 3753 3268 3824 aequitatis
3290 3752 3645 3824 imago(est),

1990 3843 2237 3916 justitiae
2259 3841 2998 3910 harmonica,aritbmetica
3021 3841 3202 3912 pacis.
3222 3842 3467 3896 Abunde
3496 3844 3644 3896 satis

229 3946 396 4001 ergo,
429 3947 462 3985 ο
492 3930 735 3988 charum
768 3938 964 4005 caput,
996 3950 1065 3989 ac
1094 3951 1243 4007 pene
1274 3935 1520 3991 dixerim
1554 3936 1713 4009 large
1739 3942 1794 3991 et
1823 3934 2079 4008 copiose,
2109 3950 2177 3990 ex
2202 3933 2372 3989 nobis
2405 3931 2743 4004 (cognitam)
2772 3947 2998 4002 eorum,
3049 3932 3121 3987 de
3166 3929 3382 4002 quibus
3431 3929 3645 4002 quaesi-

228 4017 336 4079 sti.
368 4018 814 4091 explicationem
846 4021 1052 4078 babes.

450 4159 613 4244 Καὶ-ό
641 4164 1028 4244 τῶνυψυχῶν-
1051 4160 1225 4244 δὶς...
1276 4166 1392 4222 Hac
1438 4168 1510 4223 de
1566 4184 1626 4224 re
1685 4167 1878 4244 fusius

233 4234 419 4287 Procl.
454 4234 514 4289 in
544 4234 696 4291 Tim.
729 4234 837 4290 342
865 4234 951 4307 sq.
992 4236 1239 4302 Psellus,
1273 4244 1571 4295 auctorem
1605 4240 1878 4295 Proclum

229 4311 507 4386 secutus,
548 4323 782 4386 omnem
814 4309 1146 4386 animarum
1180 4309 1618 4386 multitudinem
1653 4311 1710 4367 in
1760 4319 1879 4367 tres

232 4380 435 4447 partes
453 4376 671 4446 divisit,
693 4395 762 4434 ex
782 4380 1001 4451 quibus
1023 4380 1216 4454 prima
1235 4388 1325 4438 est
1348 4381 1683 4439 divinarum
1713 4387 1875 4454 (θεῖαι

1986 4164 2221 4249 declat),
2284 4167 2468 4249 altera
2523 4158 3407 4249 daemon‘ic‘arumg(Scriptorum):
3464 4161 3642 4249 tertia

1990 4234 2392 4312 humanarum
2426 4237 2690 4312 (μερικαὶ,
2732 4234 3094 4312 ,ἀνθρωπεῐαα
3126 4234 3312 4312 Psell.
3345 4235 3565 4312 Psycb.
3599 4250 3640 4299 ι,

1990 4311 2017 4382 §
2047 4312 2124 4382 4).
2159 4305 2462 4366 Cazterum'
2497 4305 2601 4366 ct'r.
2651 4305 2855 4366 Zeller.
2882 4309 3093 4365 Gesch.
3125 4310 3224 4364 der
3251 4305 3475 4364 Philos.
3533 4306 3639 4362 der

2039 4383 2219 4439 riech.
2251 4399 2335 4453 III,
2366 4383 2632 4438 936-940.
2666 4382 2916 4439 Lmnza.

1821 4655 2062 4717 INDEX

846 4784 1056 4869 Vocem
1086 4807 1216 4869 qua:
1244 4807 1282 4849 a
1312 4788 1510 4850 Psello
1537 4799 1836 4869 usm'pata:
1866 4792 1928 4849 in
1956 4789 2140 4849 nullis
2169 4788 2360 4849 adhuc
2394 4789 2620 4869 Lexz'cz's
2648 4789 3052 4869 reperiuntur.

480 4864 621 4940 Quae
650 4864 759 4926 hoc
783 4867 953 4946 signa
983 4866 1068 4949 (ᾖ)
1096 4864 1316 4931 ὂιοιαιω
1344 4882 1499 4953 suat,
1531 4864 1744 4953 ραι·αᾶηῄ
1761 4870 2143 4953 sz’gmﬁcatio.
2176 4887 2307 4945 quae
2334 4878 2420 4927 est
2446 4868 2512 4928 in
2539 4870 2649 4929 hoc
2675 4864 2847 4949 opere
2880 4868 3207 4945 Pselliano,
3240 4869 3407 4953 apud

1329 4949 1561 5010 nullum
1588 4948 2103 5031 lexzrographum
2128 4957 2416 5009 annotata
2441 4957 2546 5008 est.

301 5085 361 5160 (j
394 5078 577 5160 ἕλκεος
607 5080 938 5160 (καὶᾉᾶριλως
968 5087 1077 5157 ὅτι)
1107 5089 1151 5157 Ι,
1182 5091 1210 5159 §
1244 5089 1356 5160 12.]

302 5152 699 5228 ᾆπλαγίαστός.
735 5158 834 5222 ΙΙΙ,
865 5161 894 5226 §
921 5160 974 5213 4.

301 5226 919 5302 ἀποκεκλχηρωμένως,
953 5234 997 5302 Ι,
1029 5232 1058 5300 §
1085 5231 1175 5289 12.

300 5305 334 5365 +
364 5298 644 5367 ἐκφάνειαέ
672 5298 773 5367 i,’§
802 5302 857 5356 6.

300 5361 718 5448 initium-.14

301 5437 620 5518 ἐπιδέκατος
637 5437 773 5518 *(καῖ
795 5437 1062 5518 ἕβδομοσ)
1093 5441 1203 5517 [ἐπι
1237 5444 1344 5518 ιζ’
1380 5445 1474 5513 ιν,
1505 5446 1534 5514 §
1565 5445 1617 5500 1.

303 5512 781 5590 ἐτιεκαστόγδοος.
816 5516 903 5579 ιν,
984 5517 1035 5590 1_._

301 5584 679 5659 ᾂπιενδέκατος
707 5586 819 5659 [ἐπι
855 5587 940 5659 ια’]
971 5585 1063 5654 ιν,
1098 5588 1126 5656 §
1162 5588 1206 5642 Ι.

304 5656 616 5721 ὶπταδικός’
652 5656 755 5728 Ι,’δ
782 5660 857 5714 6.‘

306 5737 338 5801 τ
373 5728 697 5809 ἑπτάλογος.
729 5736 774 5799 Ι,
802 5729 906 5800 §6.

1918 5092 1965 5158 Ῑ)
2069 5085 2402 5158 ζπταμερής.
2431 5089 2476 5151 Ι,
2509 5087 2610 5154 §6.

2069 5155 2400 5226 ἐτεροποιός.
2435 5162 2532 5223 ΙΙΙ,
2567 5157 2677 5226 §3.

2069 5175 2152 5212 ετε
2191 5175 2400 5217 οποιος.
2435 5175 2532 5223 ιιι,
2567 5175 2596 5226 9
2622 5175 2677 5212 ὅ.

2068 5235 2097 5297 1L
2131 5175 2305 5299 ἦρὸτι.
2339 5233 2379 5302 Ι,
2411 5227 2711 5302 δ51ςγΙΙΙ,
2743 5231 2771 5298 §
2803 5229 2859 5285 3.

2069 5299 2479 5427 μακρισμόςδῐ,
2573 5299 2660 5353 14.

2102 5373 2418 5427 ογανιστῆς.
2454 5377 2499 5427 I.
2533 5373 2561 5427 4
2589 5372 2645 5426 8.

2069 5372 2418 5460 ὄργανιστής.
2454 5373 2561 5497 μέ
2589 5372 2645 5426 8.

2065 5451 2095 5512 1
2128 5445 2295 5501 ποσόν
2325 5446 2407 5517 (το
2437 5462 2510 5517 πρ
2549 5462 2655 5517 ς-τι
2684 5441 2878 5517 ποσόν)
2908 5444 2954 5510 Ι,
2988 5446 3016 5513 §
3046 5446 3121 5515 1].

2061 5515 2407 5579 ταυτοποιός.
2441 5515 2544 5583 ΙΙἸ,
2574 5515 2603 5583 §
2631 5515 2683 5570 3.

2059 5587 2399 5664 τελειότερος.
2427 5587 2522 5664 ly,
2542 5586 2732 5664 inscr.

2064 5658 2410 5738 ιῦφίστὴμιι
2446 5663 2492 5730 1»
2524 5658 2633 5733 ἔτι
