4060 6348
295 353 453 416 1117

367 477 711 558 Ἑπταπόρου
745 483 921 559 σύρων
955 485 1091 542 κατᾶ
1124 486 1408 563 βαθμίδος,
1435 491 1496 558 ἣν
1527 487 1651 558 ὕπο,
1686 487 1865 554 δεινῆς

367 570 642 648 ’Δνάγκησ
673 573 862 647 θρόνος
891 573 1023 632 ἐστί.

293 661 402 714 Σὸν
433 660 533 735 γὰρ
566 664 640 735 (5)
674 661 888 737 ἀγγεῖον
923 671 1084 739 θῆρες
1113 666 1315 741 χθονὸς
1347 666 1684 737 οἰκήσουσιν.

294 751 388 819 Μὴ
422 749 483 803 σὺ
514 753 592 825 (6)
621 752 666 827 γ’
697 752 886 824 αὕξανε
909 754 1008 823 τήν
1039 754 1394 831 εἷμαρμένηνο

372 838 446 896 Οὐ
480 841 585 916 γὰρ
617 841 723 895 ἀπὸ
753 849 1022 918 πατρικῆς
1052 843 1232 919 ἀρχῆς
1265 845 1453 907 ἀτελές
1479 867 1529 901 τι
1563 842 1840 921 τροχᾶζει.

293 924 461 983 Ἀλλ’
493 927 592 982 οὐκ
621 926 922 1004 εἰσδέχεται
953 930 1138 998 κείνης
1168 932 1229 987 τὸ
1263 932 1437 988 θέλειν
1471 933 1730 1010 πατρικὸς
1760 937 1906 1001 νοῦς,

373 1016 586 1092 Μέχρις
621 1015 680 1072 ἂν
713 1017 903 1094 ἐξέλθῃ
937 1018 1140 1094 λήθης,
1172 1025 1260 1076 καὶ
1297 1022 1450 1098 ῥῆμα
1480 1021 1726 1098 λαλήσῃ,

365 1108 602 1179 Μνήμην
637 1108 718 1182 (7)
748 1106 1005 1182 ἐνθεμένη
1039 1117 1308 1185 πατρικοῦ
1341 1115 1686 1186 συνθήματος
1729 1114 1912 1186 ἁγνοῦ,

287 1196 416 1271 Χρή
477 1216 534 1250 σε
593 1193 839 1251 σπεύδειν
893 1199 1031 1272 πρὸς
1088 1200 1151 1254 τὸ
1202 1200 1359 1277 φάος,
1413 1202 1500 1256 καὶ
1549 1203 1686 1276 πρὸς
1747 1201 1948 1276 πατρὸς

1666 1290 1876 1366 [αὐγάς,

367 1393 553 1456 Ἔνθεν
587 1391 835 1470 ἐπέμφθη
866 1415 950 1448 σοι
979 1397 1132 1471 ψυχὴ
1166 1394 1340 1451 πολὺν
1377 1397 1642 1471 ἑσσαμένη
1674 1402 1821 1453 νοῦν.

285 1519 582 1591 subjacet,
629 1521 873 1578 trahens
933 1527 990 1579 te
1039 1524 1110 1579 de
1160 1524 1368 1580 limine
1414 1525 1667 1582 habente
1716 1529 1940 1598 septem

287 1613 544 1678 meatus,
579 1609 786 1666 subter
808 1613 963 1684 quod
998 1612 1274 1669 horrendi
1308 1615 1407 1670 fati
1441 1615 1610 1671 sedes
1640 1620 1747 1671 est.

359 1698 551 1753 Tuum
582 1700 738 1755 enim
771 1717 870 1755 vas
902 1701 1107 1758 bestia
1137 1707 1304 1758 terrae
1341 1703 1619 1760 incolent.

356 1786 441 1840 Tu
476 1804 646 1858 porro
673 1787 791 1843 noli
819 1788 936 1844 fato
961 1790 1098 1846 dare
1121 1792 1764 1864 incrementumzneque
1787 1791 1942 1848 enim

284 1891 322 1929 a
355 1875 699 1946 praefectura
733 1879 952 1932 summi
1005 1879 1106 1935 Dei
1159 1879 1567 1951 imperfectum
1618 1880 1758 1953 quid
1810 1897 1943 1952 pro-

291 1965 469 2019 cedit.

361 2055 574 2111 Atvero
596 2055 832 2114 animus
855 2062 1134 2130 paternus
1159 2058 1522 2115 voluntatem
1549 2059 1710 2115 illius
1731 2059 1944 2115 animas

285 2158 407 2198 non
419 2143 886 2215 admittit,donec
897 2146 1102 2202 exierit
1119 2148 1188 2203 ab
1205 2148 1578 2217 oblivione,et
1597 2150 1836 2204 verbum
1862 2150 1944 2204 di-

283 2233 743 2298 xerit,memoria
756 2243 959 2291 tenens
973 2241 1245 2291 sanctum
1260 2241 1568 2308 paternum
1584 2254 1706 2309 sym
1717 2236 1938 2294 bolum.

359 2320 800 2392 Properandum
837 2324 940 2380 tibi
971 2329 1061 2380 est
1090 2326 1160 2380 ad
1208 2325 1408 2380 lumen
1459 2331 1518 2382 et
1567 2325 1938 2398 splendorem

281 2407 498 2479 Patris,
531 2411 686 2467 unde
716 2411 901 2468 missa
931 2417 1020 2468 est
1063 2413 1284 2481 anima,
1337 2414 1585 2470 multam
1635 2415 1939 2486 complexa

285 2504 568 2555 mentem.

1173 357 1584 419 EXPOSITIO
1629 359 2165 426 OllACULORUM
2214 366 2852 431 CHALDAICORUM.

3561 374 3712 434 1118

1979 499 2035 564 Α
2065 495 2276 560 Αὐτοὺς
2306 495 2363 552 δὲ
2388 499 2466 571 (8)
2499 500 2644 573 χθὼν
2678 497 3028 574 κατοδύρεται
3064 500 3116 562 ἐς
3145 501 3305 555 τέκνα
3339 503 3558 577 μέχρις.

2062 590 2260 660 Ψυχῆς
2291 585 2586 662 ἐξωστῆρες
2615 589 2878 643 ἀνάπνοοι
2907 587 3126 644 ιδλυτοί
3153 590 3307 648 εἰσιν.

2059 677 2235 742 Λαιῆς
2271 673 2322 729 ἐν
2359 674 2582 750 λαγόσιν
2617 677 2826 748 κοίτης,
2862 677 3058 752 ἀρετῆς
3091 677 3224 734 πέλε
3249 681 3423 754 πηγὴ,

2057 761 2246 819 ’Ἑνδον
2281 763 2384 834 ὅλη
2423 765 2714 837 μίμνουσα,
2743 767 2806 820 τὸ
2837 767 3090 840 παρθένον
3124 770 3203 841 (9)
3236 768 3297 823 οὗ
3329 775 3599 844 προϊεῖσα.

2061 854 2228 926 Ψυχὴ
2265 854 2377 926 (40)
2409 855 2442 922 ἡ
2479 855 2732 928 μερόπων
2763 855 2880 918 θεὸν
2913 852 3053 929 ἅγξει
3087 878 3203 919 πως
3229 855 3280 918 ἐς
3310 858 3528 928 ἑαυτὴν,

2061 940 2227 998 Οὖδὶν
2266 941 2459 1012 θνητὸν
2491 937 2712 1018 ἔχουσα,
2747 941 2850 1013 ὅλη
2887 945 3062 1007 θεόθεν
3100 945 3448 1018 μεμέθυσται·

2053 1071 2058 1078 -
2131 1033 2422 1108 Ἁρμονίαν
2458 1033 2621 1108 αὐχιῖ
2647 1034 2772 1110 γὰρ,
2809 1035 2894 1111 ὑφ’
2990 1035 3122 1090 πέλε
3153 1041 3312 1108 σῶμα
3347 1037 3615 1113 βρότειον.

2061 1124 2211 1177 Ὀττι
2241 1124 2394 1198 ψυχὴ
2429 1125 2542 1196 (11)
2573 1128 2679 1199 πῦρ
2709 1121 2929 1196 δυνάμει
2961 1124 3166 1200 πατρὸς
3197 1126 3328 1179 οὖσα
3357 1127 3596 1203 φαεινὸν,

2131 1212 2424 1275 Ἀθάνατός
2452 1233 2511 1266 τε
2542 1214 2652 1284 (12)
2689 1211 2858 1285 μένει,
2888 1213 2977 1267 καὶ
3013 1216 3153 1282 ζωῆς
3188 1211 3436 1277 δεσπότις
3468 1215 3605 1284 ἐστὶ,

2132 1301 2231 1355 Καὶ
2264 1298 2409 1375 ἴσχει
2445 1303 2555 1373 (13)
2588 1301 2798 1374 κόσμου
2828 1299 3015 1357 πολλά
3040 1300 3389 1377 πληρώματα
3418 1303 3665 1362 κόλπων.

2061 1393 2306 1461 Ζήτησον
2337 1387 2685 1466 παράδεισον.

2126 1523 2294 1591 Ipsos
2324 1522 2478 1574 terra
2507 1518 2683 1574 deflet
2714 1535 2903 1590 usque
2930 1520 3000 1574 ad
3036 1519 3207 1576 filios.

2123 1607 2472 1680 Expulsores
2505 1608 3032 1680 animae,respirare
3063 1610 3517 1679 facientes,sunt
3547 1609 3706 1666 solu-

2055 1697 2225 1754 biles.

2124 1832 2391 1888 Sinistris
2422 1832 2480 1887 in
2513 1831 2690 1889 ilibus
2722 1833 2955 1903 cubilis,
2988 1835 3074 1890 vis
3104 1834 3341 1890 virtutis
3389 1836 3548 1891 intus
3595 1839 3704 1903 est,

1974 1956 2023 2020 Β
2056 1921 2218 1977 intus
2248 1926 2372 1977 tota
2402 1939 2670 1989 manens,
2701 1922 3092 1995 virginitatem
3128 1940 3242 1978 non
3275 1925 3612 1995 projiciens.

2126 2011 2340 2067 Anima
2369 2011 2677 2068 hominum
2707 2012 2892 2068 Deum
2923 2011 3300 2068 vehementer
3330 2013 3402 2066 ad
3445 2013 3702 2084 seipsam

2053 2102 2394 2172 conjunget,
2444 2101 2589 2156 nihil
2644 2102 2889 2157 mortale
2947 2101 3193 2169 habens,
3243 2107 3364 2157 tota
3422 2101 3703 2158 divinitus

2051 2191 2340 2247 inebriata
2367 2196 2457 2247 est
2489 2208 2502 2247 :
2537 2191 2907 2247 harmoniam
2941 2191 3097 2246 enim
3123 2193 3332 2263 jactat,
3366 2191 3424 2245 in
3457 2207 3574 2262 qua
3615 2198 3705 2247 est

2050 2281 2383 2337 humanum
2416 2297 2651 2352 corpus.

2118 2415 2401 2482 Quoniam
2427 2414 2623 2470 anima
2645 2414 2799 2486 ignis
2821 2420 2910 2470 est
2932 2414 3166 2469 lucidus
3189 2417 3471 2484 potestate
3496 2413 3697 2483 Patris,

2045 2509 2246 2561 manet
2274 2503 2712 2571 immortalis,et
2741 2504 2869 2558 vitae
2900 2509 2988 2558 est
3019 2503 3296 2558 domina:
3321 2508 3379 2557 et
3409 2501 3686 2574 quoniam

1527 2617 1824 2674 JOANNIS
1864 2619 2196 2677 OPSOPOEI
2235 2619 2468 2676 NOTJE.

284 2709 574 2781 ἅνθρωπός
605 2709 744 2766 ἐστιν
797 2712 824 2765 ὁ
875 2709 1164 2781 διδάσκων,
1213 2714 1303 2768 τὸν
1361 2714 1638 2769 ὑπνώοντα
1699 2712 1755 2769 δῖε
1801 2716 1930 2776 Θεὸς

284 2729 384 2773 ανθ
425 2729 574 2773 ωπος
605 2729 744 2766 εστιν
797 2729 824 2765 ο
875 2729 1164 2781 οιοασκων,
1213 2729 1303 2768 τον
1361 2729 1638 2769 υπνωοντα
1699 2729 1755 2769 σε
1801 2729 1927 2776 θεὸς

281 2783 354 2851 ἧς
387 2729 728 2858 ἕνεκάρπισιν
779 2783 976 2856 ἀλκῆς,
1011 2787 1136 2840 ὥστ’
1167 2787 1324 2840 αὐτὸν
1359 2787 1492 2840 εἶναι
1531 2787 1591 2841 τὸ
1647 2788 1927 2858 μανθάνειν

274 2875 336 2940 τε
381 2856 481 2946 ‘xxi
523 2856 876 2946 ju‘vl'z'vstw
910 2858 1000 2946 ’τὸ
1069 2858 1170 2934 γάρ
1233 2858 1558 2933 ἑγκαρπίσαι
1615 2856 1703 2912 καὶ
1764 2859 1930 2914 πλέον

282 2925 396 2980 ἐστὶ
457 2927 552 3004 τοῦ
602 2925 830 3004 δὶδξιξαι,
869 2931 925 2986 Id
959 2925 1219 2993 est.'«'Si
1254 2925 1388 3004 quis
1419 2949 1552 2988 vero
1583 2935 1780 3002 magni
1817 2950 1933 2988 mo-

290 3001 470 3074 menti
529 3018 657 3057 esse
690 3003 1020 3074 arbitretur
1076 3001 1431 3060 evectionem
1494 3005 1564 3058 ad
1608 3005 1932 3074 superiora,

287 3071 698 3143 imaginationi
731 3079 925 3128 autem
966 3075 1140 3128 tidem
1196 3093 1310 3130 non
1369 3075 1600 3143 habeat,
1660 3071 1934 3131 dubitans

292 3159 440 3217 num
473 3161 573 3214 per
601 3145 790 3216 ipsius
821 3146 1180 3217 consortium
1232 3150 1460 3202 beatam
1496 3147 1655 3201 illam
1690 3149 1934 3217 conjun-

289 3215 545 3290 ctionem
580 3217 814 3290 assequi
843 3215 1033 3284 liccat,
1054 3219 1102 3272 is
1124 3219 1324 3273 audiat
1351 3235 1517 3273 sacra
1546 3219 1782 3274 oracula
1798 3215 1935 3290 quae

290 3287 364 3344 de
385 3287 632 3361 diversis
652 3287 761 3343 viis
783 3291 1103 3361 proferunt.
1130 3290 1412 3360 Equidem
1437 3295 1568 3361 post
1589 3297 1769 3346 totam
1794 3287 1936 3345 euu-

289 3358 675 3434 merationem
702 3358 1161 3434 domesticorum
1190 3358 1607 3434 subsidiorumr
1641 3364 1713 3416 ad
1747 3363 1934 3417 subli-
1967 3369 2010 3434 ί]

293 3431 542 3486 miorem
586 3432 1047 3497 meditationem,
1092 3451 1191 3502 per
1229 3451 1402 3502 quam
1463 3433 1713 3488 facultas
1763 3435 1940 3488 datur

287 3518 496 3577 semen
525 3503 774 3577 interius
800 3503 1329 3575 ampliﬁcandi.His
1351 3505 1585 3577 quidem
1611 3506 1938 3577 (inquiunt)

284 3571 533 3647 luminis
588 3571 982 3645 cognitionem
1020 3577 1306 3647 doctrina
1361 3571 1936 3647 acquisitam‘dedit,

284 3643 436 3700 alios
467 3661 600 3700 vero
631 3643 806 3702 etiam
839 3646 1198 3704 dormientes
1230 3643 1523 3704 seminum
1551 3648 1786 3703 virtutis
1817 3665 1935 3704 suae

285 3717 607 3799 participes
639 3719 793 3799 fecit,
818 3720 1016 3799 _}Ii_de_s
1067 3725 1226 3799 υἱεῖ(
1257 3721 1502 3799 adverso
1522 3720 1940 3799 _d_istin_xerunt

283 3788 742 3863 disciplinarum
758 3789 1234 3863 telicitatem.Hic
1258 3792 1497 3863 quidem
1519 3789 1673 3846 inter
1691 3790 1936 3863 vigilan-

286 3859 701 3932 dumiaiunt),
733 3861 831 3917 ille
863 3879 995 3918 vero
1021 3863 1176 3918 inter
1204 3859 1617 3918 dormiendum
1648 3859 1933 3918 eruditur.

284 3932 838 4006 Atqui_vigilantem
870 3934 1044 4006 homo
1075 3941 1166 3991 est
1196 3935 1297 4006 qui
1345 3934 1531 3990 docet.
1558 3950 1571 3990 :
1624 3934 1936 3990 dormienti

284 4018 422 4076 vero
472 4003 626 4076 Deus
656 4020 798 4076 sua
853 4004 1090 4060 virtutis
1136 4003 1364 4062 semina
1417 4006 1698 4076 infundit,
1750 4007 1830 4061 ita
1873 4011 1938 4061 ut

282 4073 444 4128 idem
495 4075 571 4130 sit
609 4075 831 4132 discere
888 4081 945 4131 et
974 4078 1278 4147 consequi.
1311 4082 1452 4133 Nam
1486 4073 1713 4134 semina
1735 4078 1935 4132 indere

284 4150 342 4200 et
373 4147 539 4219 quasi
570 4147 920 4219 implantare
953 4148 1085 4218 plus
1117 4155 1207 4204 est
1237 4165 1414 4219 quam
1448 4149 1675 4204 docere.
1713 4172 1739 4198 ››
1773 4149 1936 4204 Unde

285 4217 671 4273 manifestum
699 4225 788 4274 est
817 4219 872 4272 id
900 4217 1053 4289 quod
1076 4217 1437 4290 Nicephorus
1459 4221 1529 4274 ad
1557 4220 1712 4274 hunc
1738 4220 1931 4276 locum

280 4293 548 4354 annotat,
581 4290 888 4360 Synesium
919 4291 1156 4346 oracula
1187 4292 1375 4346 multa
1401 4290 1632 4347 silentio
1665 4293 1932 4347 transiis-

282 4375 369 4425 se,
405 4360 763 4431 necintegra
793 4361 1094 4418 recitasse.

359 4433 433 4506 (5)
461 4429 563 4484 Σὸν
615 4429 740 4506 γᾷρ,
790 4438 898 4488 etc.
932 4433 1218 4506 Mastlius
1271 4431 1506 4506 Ficinurs
1547 4431 1648 4489 lib.
1679 4450 1791 4506 xvii
1856 4434 1930 4487 De

281 4502 1115 4575 animorum'immortalitate,
1150 4521 1276 4575 cap.
1305 4504 1410 4560 ult.
1442 4505 1754 4571 Zoroastri,
1787 4509 1850 4558 ut
1873 4509 1930 4560 et

278 4574 592 4648 sequentia
644 4575 920 4648 plurima,
977 4574 1303 4648 ascribit’et
1331 4578 1409 4630 ita
1468 4577 1924 4648 interpretatur:

279 4668 309 4696 κ
343 4645 538 4700 Tuum
571 4645 672 4700 vas
705 4647 900 4702 bestiae
934 4653 1100 4702 terrai
1133 4647 1417 4703 habitant.
1459 4669 1485 4696 ››

351 4718 429 4787 (7)
488 4715 709 4794 Μή-σξδ,
773 4723 901 4794 etc_._
933 4719 1092 4774 Idem
1145 4719 1439 4794 Marsilius
1486 4718 1587 4794 lib.
1634 4735 1758 4794 xiii,
1814 4736 1927 4794 non
1962 4732 2006 4794 D

281 4786 451 4861 longe
481 4790 552 4843 ab
577 4788 770 4861 initio.
797 4812 823 4861 «ς
856 4789 936 4843 Ne
967 4797 1027 4844 tu
1054 4808 1272 4861 augeas
1297 4793 1500 4856 fatum,
1527 4790 1736 4860 inquit;
1757 4793 1927 4860 quasi

281 4859 343 4914 in
378 4865 480 4933 tuo
507 4859 750 4933 arbitrio
780 4860 857 4914 sit
885 4863 1089 4917 cedere
1110 4859 1226 4916 fato
1251 4867 1426 4933 atque
1455 4879 1565 4916 non
1586 4859 1807 4915 cedere.
1836 4885 1863 4916 ο

349 4932 434 5055 (7)
467 4931 728 5002 Μνήμην,
791 4937 900 4986 etc.
962 4933 1129 4988 Hunc
1176 4931 1412 4988 versum
1471 4940 1527 4988 et
1583 4940 1930 5002 sequentem

370 5006 458 5055 ert
506 5003 744 5055 Ficinus
775 5004 874 5055 lib.
925 5021 958 5055 x
990 5005 1058 5055 de
1091 5003 1538 5055 immortalitate
1569 5005 1930 5055 animorum.

280 5003 458 5057 refert
506 5003 744 5059 Ficinus
775 5004 874 5058 lib.
925 5021 958 5057 x
990 5005 1058 5059 de
1091 5003 1538 5059 immortalitate
1569 5005 1930 5070 animorum,

279 5090 410 5146 cap.
440 5090 561 5142 vm,
583 5092 715 5130 cum
747 5074 854 5129 hac
879 5076 1356 5146 interpretatione
1384 5094 1397 5131 :
1427 5096 1451 5126 a
1480 5076 1929 5130 Ascendendum

274 5145 383 5218 tibi
414 5151 504 5199 est
549 5148 618 5201 ad
655 5146 871 5218 lumen
926 5145 1124 5218 ipsum
1171 5152 1228 5203 et
1272 5147 1462 5202 Patris
1488 5146 1707 5218 radios,
1770 5148 1931 5202 unde

276 5217 478 5340 iniusta
509 5216 728 5272 esttibi
779 5216 977 5274 anima
1032 5217 1220 5275 multo
1279 5218 1493 5275 mentis
1542 5217 1765 5272 lumine
1817 5219 1930 5274 cir-

278 5304 412 5340 cum
448 5304 571 5340 usa.
609 5310 637 5336 »

278 5304 571 5342 cuqusa.
609 5310 637 5336 ››

345 5359 423 5430 (8)
475 5353 802 5430 At’nobcﬁé,
863 5361 1206 5430 etc.,,Vetus
1269 5362 1452 5417 codex
1504 5358 1672 5430 regiae
1716 5358 1928 5416 biblio-

277 5425 460 5484 theca
491 5430 667 5486 habet
687 5425 718 5481 ἃ
741 5427 770 5482 ἃ
800 5427 924 5490 τοὺς
956 5426 1030 5483 δέ’
1065 5431 1340 5488 similiter
1390 5425 1632 5488 accentu
1690 5435 1923 5487 tantum

278 5506 526 5566 mutato,
561 5501 1253 5570 eruditioneprzestantis
1296 5503 1402 5560 viri
1461 5504 1923 5558 Sanctandreani

273 5573 574 5643 exemplar
605 5573 637 5625 ἆ
727 5571 853 5646 τοὺ-ς
880 5569 944 5646 ,δὲ
966 5575 1116 5645 χθὼν
1148 5581 1282 5645 etc.,
1315 5579 1632 5646 utrumque
1663 5571 1922 5646 σχετλια-

277 5647 475 5703 πικῶς
509 5652 587 5700 alt
617 5645 716 5710 ah,
749 5644 836 5700 vel
870 5644 1125 5700 heuheu.

346 5716 425 5787 (9)
457 5715 748 5788 Παρθένον.
812 5715 1049 5788 Reginae
1105 5715 1402 5789 exemplar
1449 5717 1624 5772 refert
1671 5715 1733 5768 τὸ
1786 5734 1925 5789 παρ·-

281 5783 455 5860 eam
484 5783 778 5860 «pegasea,
803 5783 1016 5860 contra
1039 5788 1210 5843 metri
1243 5783 1528 5860 regulam,
1580 5783 1920 5860 quanquam

274 5856 337 5915 id
368 5873 487 5916 non
518 5856 737 5932 ubique
765 5859 829 5914 in
859 5856 970 5916 hoc
991 5856 1720 5932 fragmento—observatum
1749 5856 1848 5916 sit.

2115 2720 2228 2790 (l0)
2291 2718 2483 2790 Ψυχή.
2545 2719 2686 2774 Tres
2750 2716 2857 2772 hos
2915 2733 3126 2790 versus
3181 2715 3386 2790 paucis
3443 2716 3697 2790 explicat

2045 2789 2340 2845 Marsilius
2386 2789 2490 2844 lib.
2545 2806 2668 2853 xm,
2730 2806 2858 2861 cap.
2916 2789 2968 2859 4,
3033 2789 3116 2843 ita
3175 2789 3476 2861 scribens:
3530 2789 3696 2861 «Qui

2043 2862 2419 2934 phantasiam
2454 2861 2577 2915 vult
2607 2859 2817 2928 silere,
2835 2877 2899 2915 ac
2930 2861 3106 2934 etiam
3131 2861 3390 2934 supremi
3424 2859 3696 2934 Numinis

2041 2931 2332 2990 desiderio
2366 2934 2642 3004 ﬂagrans,
2676 2933 2974 3004 consuetis
2998 2931 3238 3004 rationis
3262 2933 3544 2987 naturalis
3573 2933 3694 2986 dis-

2042 3007 2315 3061 cursibus
2371 3003 2485 3060 non
2545 3005 2809 3073 confidit,
2871 3003 2996 3058 sola
3048 3003 3188 3058 vivit
3238 3010 3460 3071 mente,
3503 3004 3695 3058 evadit

2041 3079 2310 3149 angelus,
2344 3082 2401 3132 et
2428 3081 2546 3132 toto
2583 3077 2738 3149 capit
2763 3082 2991 3149 pectore
3015 3075 3221 3129 Deum.
3250 3074 3691 3149 Haec_signiﬁc_at

2042 3147 2344 3205 Zoroastcr
2377 3167 2389 3204 :
2444 3147 2669 3202 Anima
2699 3147 3006 3202 hominum
3039 3152 3218 3202 Ι)ου;;ἰ
3252 3147 3687 3214 quodammodo

2045 3222 2337 3276 contrahit
2370 3221 2425 3272 in
2459 3220 2978 3290 seipsam,quando
3011 3217 3154 3271 nihil
3184 3221 3443 3272 retinens
3476 3225 3692 3273 morta-

2049 3296 2119 3358 le,
2154 3298 2276 3347 tota
2308 3291 2522 3346 divinis
2558 3291 2871 3346 haustibus
2901 3291 3243 3344 inebriatur.
3275 3295 3434 3344 Tunc
3461 3307 3693 3362 quoque

2049 3364 2302 3419 exsultat
2327 3364 2386 3416 in
2419 3363 2680 3433 corporis
2711 3362 3100 3417 harmoniam.
3142 3385 3162 3409 υ

2123 3434 2416 3507 (11)]Ὀττι
2449 3431 2626 3507 ψυχή.
2663 3435 2822 3507 Idem
2855 3434 3004 3507 libro
3039 3438 3093 3488 et
3125 3431 3312 3507 capite
3344 3431 3696 3507 dictis_ver-

2048 3524 2150 3560 sus
2182 3505 2405 3577 aliquot
2435 3503 2472 3560 e'
2495 3503 2880 3577 sequentibus
2912 3505 3028 3559 huc
3062 3504 3382 3559 translatos
3426 3503 3692 3558 ordinat:

2047 3612 2202 3685 Ὀττι
2232 3610 2385 3685 ψυχὴ
2421 3613 2523 3680 πῦρ
2559 3607 2782 3685 δυνάμει
2817 3611 3024 3685 Πατρός
3077 3609 3442 3685 οὗσαῖαεινὸν,

2050 3627 2202 3666 ⁷υττι
2232 3627 2385 3685 ψυχη
2421 3629 2523 3680 πυρ
2559 3627 2782 3682 ουναμει
2817 3627 2926 3663 tut
2967 3627 3024 3671 ος
3077 3627 3442 3681 ουσαφαεινον,

2045 3682 2304 3756 Ἡγιίσθω
2363 3685 2546 3756 ψυχῆς
2613 3682 2775 3757 βάθος
2834 3627 3111 3756 ἅμέοροτον
3147 3727 3160 3752 ,
3212 3682 3434 3754 ὄμματα
3493 3676 3687 3767 δ’ΐξῖρ-

3594 3769 3692 3804 οην

3594 3769 3656 3804 ογ

2045 3827 2208 3882 ΙῙάντ’
2241 3823 2530 3879 ἰκπέτασον
2565 3824 2696 3879 ἅνω.
3572 3755 3589 3824 [
3649 3783 3660 3821 Α

2047 3895 2202 3968 Μηδέ
2230 3897 2292 3952 τὸ
2323 3900 2420 3961 τῆς
2455 3895 2593 3965 ὕλης
2627 3889 2899 3952 σκύϐαλον
2929 3899 3162 3970 κρημνῷ
3189 3891 3550 3966 καταλείψης.

2046 4005 2108 4060 Id
2124 4005 2340 4071 est,illo
2355 4004 2690 4076 interprete:
2704 4003 3034 4076 «Quoniam
3050 4002 3248 4076 anima
3263 4018 3359 4076 per
3372 4001 3694 4076 potentiam

2044 4077 2232 4131 Patris
2262 4073 3257 4148 fit,ignis’splendidus,dominetur
3290 4074 3344 4128 in
3370 4079 3426 4127 te
3450 4073 3692 4148 immor-

2044 4149 2180 4203 talis
2209 4143 2839 4218 protunditas'animw,
2871 4143 2925 4202 et
2959 4146 3156 4203 oculos
3187 4161 3391 4218 omnes
3415 4160 3530 4198 una
3555 4143 3694 4199 tolle

2043 4219 2100 4274 in
2134 4217 2340 4274 altum.
2375 4220 2541 4276 'I‘unc
2577 4234 2764 4287 neque
2795 4221 2972 4273 etiam
3006 4217 3306 4273 materiale
3340 4217 3534 4286 ipsum
3565 4231 3689 4270 cor-

2042 4308 2153 4373 pus
2178 4290 2496 4363 przecipitio
2519 4289 2907 4373 derelinquas.
2935 4312 2962 4340 »
2997 4290 3200 4373 Ignem.
3217 4287 3476 4370 appellat
3497 4287 3688 4369 lucem

2042 4359 2256 4434 ipsam,
2290 4359 2408 4434 qua
2427 4363 2706 4434 exuberat
2737 4361 2890 4418 Deus
2923 4359 3210 4434 per'se,et
3233 4359 3430 4434 anima
3451 4375 3553 4434 per
3571 4359 3687 4413 vim

2042 4431 2537 4513 P‘atris'conve‘rsa
2567 4434 2627 4489 in
2677 4431 3241 4513 Patreml'abundat.‘
3266 4432 3334 4487 Et
3366 4431 3505 4503 quia
3538 4435 3688 4513 Deus

2038 4510 2128 4560 est
2157 4505 2288 4578 ipsa
2328 4506 2525 4561 unitas
2557 4521 2733 4578 super
2763 4510 3018 4578 mentem
3041 4509 3097 4560 et
3117 4507 3385 4578 centrum
3409 4505 3692 4578 essentia-

2041 4573 2380 4648 rum'super
2409 4573 2753 4642 essentiam,
2807 4577 3052 4644 ideoque
3086 4593 3200 4632 non
3234 4575 3438 4648 unitur
3469 4573 3554 4627 illi
3587 4589 3691 4644 per

2039 4646 2297 4727 mentem
2330 4649 2580 4727 proprie,
2608 4649 2710 4727 sed
2732 4663 2834 4718 per
2860 4648 3146 4727 unitatem
3179 4646 3408 4727 animae,
3442 4661 3580 4727 quae.
3599 4649 3690 4699 est

2041 4721 2254 4774 mentis
2304 4715 2500 4788 caput,
2561 4715 2948 4790 Centrumquc
2992 4719 3172 4774 totius
3203 4715 3686 4790 animae,idcirco

2041 4791 2182 4845 dicit
2209 4787 2548 4845 Zoroastcr:
2584 4790 2771 4844 Ducat
2826 4787 2882 4844 te
2937 4790 3144 4844 animae
3179 4789 3547 4860 profunditas
3577 4787 3686 4860 im-

2052 4862 2338 4930 mortalis,
2406 4862 2461 4915 id
2541 4867 2630 4914 est
2676 4861 2877 4932 unitas
2955 4861 3100 4932 ipsa,
3161 4859 3339 4932 quam
3389 4859 3692 4932 impressit

2047 4929 2344 5004 quondam
2389 4932 2542 4986 Deus
2591 4931 2805 4986 animae
2858 4929 3142 5004 tanquam
3180 4929 3445 5004 'unitatis
3475 4929 3686 5004 divinas

2043 5000 2451 5070 characterem,
2483 5020 2517 5056 a
2568 5018 2686 5071 qua
2711 5007 2770 5057 et
2801 5003 2868 5056 ad
2905 5000 3082 5072 quam
3115 5019 3322 5058 omnes
3353 5001 3478 5057 alia;
3533 5000 3686 5056 vires

2043 5074 2450 5146 animae,quasi
2482 5091 2515 5128 a
2545 5079 2742 5128 centro
2773 5078 2831 5128 et
2861 5075 2933 5129 ad
2965 5079 3232 5130 centrum
3256 5090 3460 5131 omnes
3483 5072 3687 5128 circuli

2041 5146 2208 5202 lineae
2240 5146 2531 5218 pendent._
2555 5167 2582 5194 ››

2113 5214 2565 5288 (12)”Αθάνατός
2597 5234 2674 5270 τε.
2709 5215 3011 5273 Marsilius
3058 5217 3162 5272 lib.
3211 5234 3266 5282 v,
3321 5222 3399 5288 De
3456 5214 3685 5271 animo-

2041 5287 2172 5344 rum
2207 5287 2668 5353 immortalitate,
2703 5304 2830 5359 cap.
2864 5304 2990 5342 x1v:
3023 5311 3050 5338 «
3084 5287 3439 5343 Immortalis
3467 5292 3686 5356 manet,

2040 5377 2106 5416 ac
2139 5363 2263 5415 vitae
2294 5361 2532 5415 domina
2562 5363 2652 5413 est
2680 5376 2692 5422 ;
2727 5375 2783 5429 q.
2821 5359 2877 5413 d.
2913 5359 3040 5414 ideo
3077 5359 3428 5414 immortalis
3460 5366 3678 5429 manet,

2038 5431 2176 5502 quia
2208 5432 2382 5486 habet
2429 5428 3065 5502 vitam__pedisequam,
3116 5430 3289 5484 sicuti
3329 5428 3683 5502 _sol__lucem,

2037 5499 2248 5558 crinita
2276 5519 2524 5558 comam.
2560 5523 2587 5549 ›ι
2619 5499 2763 5556 Vide
2795 5499 3009 5556 locum.
3042 5501 3218 5556 Docet
3247 5500 3402 5556 enim
3435 5499 3555 5553 illic
3588 5502 3680 5554 fu-

2036 5592 2117 5644 se,
2153 5575 2419 5644 animam
2443 5573 2621 5640 abire,
2660 5573 3004 5628 adveniente
3037 5582 3242 5639 morte,
3277 5588 3390 5626 non
3426 5570 3610 5644 perdi.

2105 5640 2216 5717 (13)
2249 5647 2346 5698 Καὶ
2395 5641 2562 5717 ἴσχει,
2608 5650 2720 5717 etc.
2780 5645 2938 5700 Idem
2991 5644 3092 5699 lib.
3149 5661 3223 5713 IV,
3271 5660 3398 5714 cap.
3428 5640 3680 5717 ultimo:

2038 5740 2059 5765 α
2097 5714 2354 5774 Profecto
2389 5714 2644 5772 animam
2683 5715 2873 5786 ipsam
2919 5733 3051 5772 esse
3095 5714 3532 5786 quodammodo
3563 5729 3685 5768 om-

2029 5788 2148 5859 nia,
2179 5791 2249 5844 de
2281 5805 2397 5859 qua
2423 5790 2745 5859 ,Zoroaster
2787 5787 2906 5842 ait:
2947 5789 3396 5859 ,Mundanorum
3441 5786 3682 5844 sinuum

2031 5857 2250 5917 multas
2276 5856 2673 5933 plenitudines
2701 5856 3171 5932 comprehendit.
3205 5880 3237 5910 δ)
