4060 6348
254 428 411 488 1121

320 558 690 633 Λαμπόμενον
719 559 1009 637 σκιρτηδὸν
1040 559 1176 616 ὅλου
1204 563 1340 617 κατὰ
1372 561 1558 636 βενθεα
1586 561 1820 634 κόσμου,

323 647 493 704 Κλῦθι
524 649 696 723 πυρὸς
724 650 826 720 τήν
855 652 1068 725 φωνήν.

252 731 521 810 Σύμϐολα
548 738 810 813 πατρικὸς
836 738 963 803 νόος
993 737 1261 816 ἐνὲσπειρε
1293 741 1405 811 (22)
1433 742 1552 802 ταῖς
1579 741 1806 813 ψυχαῖς.

253 826 506 882 Μάνθανε
532 829 643 900 (23)
669 827 731 882 τὸ
761 828 980 897 νοητὸν,
1014 827 1129 882 ἐπεὶ
1159 828 1290 882 νόου
1322 825 1423 898 ἔξω
1453 827 1707 902 ὑπάρχει.

248 915 404 970 ’Ἐστι
437 911 495 968 δὲ
519 917 634 988 (24)
664 912 731 986 δή
763 937 816 970 τι
841 918 1060 986 νοητὸν,
1093 915 1124 971 ὅ
1153 918 1264 992 χρή
1303 937 1360 970 σε
1390 920 1530 970 νοεῖν
1561 916 1686 971 νόου
1733 911 1903 971 ἄνθει.

246 1001 405 1058 Εἰσὶν
435 1004 606 1059 πάντα
634 1007 746 1078 (25)
779 1007 951 1082 πυρὸς
983 1005 1100 1068 ἐνὸς
1132 1005 1462 1083 ἐκγεγαῶταο

246 1091 426 1147 Πάντα
456 1095 570 1167 (26)
597 1093 700 1170 γὰρ
732 1093 1007 1168 ἐξετὲλησε
1035 1096 1248 1170 Πατὴρ,
1280 1095 1370 1150 καὶ
1400 1098 1478 1168 νῷ
1503 1091 1805 1170 παρέδωκε.

320 1259 380 1315 Si
407 1259 618 1332 sepius
637 1259 784 1316 mihi
810 1259 1046 1317 locutus
1070 1259 1250 1316 lueris
1272 1276 1516 1333 prorsus
1535 1258 1761 1315 videbis
1786 1274 1908 1315 me-

251 1347 628 1418 morabilem;
684 1365 877 1421 neque
913 1349 1068 1405 enim
1097 1349 1376 1416 caelestis,
1407 1364 1699 1420 curvaque
1739 1349 1913 1404 etde-

255 1454 402 1493 vexa
430 1443 674 1511 apparet
702 1439 964 1494 tunctibi
993 1438 1199 1495 moles.
1226 1438 1416 1494 Stellae
1439 1455 1554 1494 non
1577 1437 1912 1510 splendent,

254 1527 412 1582 lunae
445 1527 644 1584 lumen
675 1533 892 1584 tectum
948 1532 1058 1594 est,
1101 1532 1257 1584 terra
1295 1544 1409 1584 non
1462 1530 1598 1595 stat,
1629 1526 1914 1597 {videntur

261 1632 400 1672 vero
430 1618 627 1672 omnia
659 1633 784 1673 esse
816 1617 1086 1673 fulmina.

327 1705 408 1762 Ne
436 1706 729 1763 vocaveris
761 1705 1082 1779 imaginem
1113 1710 1335 1762 natura;
1367 1705 1556 1779 ipsius
1580 1705 1682 1762 Dei
1714 1721 1818 1779 per
1848 1721 1912 1761 se

256 1794 666 1867 conspicuam.

321 1882 596 1956 Undique
625 1883 880 1957 simplici
911 1885 1110 1941 amnio
1141 1883 1315 1940 tende
1344 1883 1607 1939 habenas
1642 1882 1815 1955 ignis.

316 1971 462 2028 Cum
497 1973 716 2029 videris
749 1973 973 2047 absque
996 1974 1184 2030 forma
1208 1989 1439 2029 sacrum
1461 1973 1656 2044 ignem
1683 1972 1903 2027 mican-

1112 427 1534 489 EXPOSITIO
1579 425 2118 488 ORACULORUM
2166 426 2805 489 (JHALDAICORUM.

3512 429 3666 488 1122

1935 562 1987 628 Α
2019 557 2284 637 Δευτέρῳ,
2307 560 2364 615 ὃν
2398 564 2614 635 πρῶτον
2642 557 2927 632 κληΐζεται
2957 561 3070 634 (27)
3100 555 3250 616 ἔθνεα
3287 557 3522 635 ἀνδρῶν.

2013 647 2322 720 Νοούμεναι
2356 650 2532 725 ἰυγγες
2561 649 2824 724 πατρόθεν
2852 651 3063 705 νοέουσι
3093 649 3182 704 καὶ
3213 647 3394 718 αὐταὶ,

2086 736 2323 800 Βουλαῖς
2354 738 2696 816 ἁφθὲγκτοισι
2727 737 3046 812 κινούμεναι
3080 740 3190 812 (28)
3223 736 3363 792 ὥστε
3391 745 3609 809 νοῆσαι,

2014 828 2080 880 ’Ὠ
2110 831 2228 889 πῶς
2257 825 2465 900 κόσμος
2494 821 2610 901 ἔχει
2636 827 2856 901 νοεροὺς
2887 827 3133 902 ἀνοχῆας
3162 828 3276 901 (29)
3308 827 3616 901 ἀκαμπεῖςῑ

2014 915 2237 971 Ἑαυτὸν
2274 915 2302 969 ὁ
2334 916 2522 990 Πατὴρ
2554 913 2818 989 ἥρπασεν

2086 1000 2218 1060 Οὐδ’
2244 1004 2296 1058 ἐν
2330 1005 2391 1078 ἑῇ
2418 1001 2643 1076 δυνάμει
2674 1008 2832 1079 νοερᾷ
2859 1003 3078 1066 κλείσας
3107 1001 3248 1059 ἴδιον
3280 1009 3408 1080 πῦρ.

2015 1094 2203 1170 Πατὴρ
2381 1092 2442 1148 οὐ
2470 1089 2638 1172 φόϐον
2667 1092 2979 1168 ἐνθρώσκει,
3011 1095 3181 1158 πειθὼ
3213 1091 3258 1148 δ’
3293 1092 3559 1170 ἐπιχεύει.

2094 1259 2196 1314 Est
2223 1275 2364 1314 sane
2395 1257 2674 1331 quiddam
2701 1257 3090 1331 intelligentia
3113 1259 3670 1333 perceptibile,quod

2023 1352 2251 1421 oportet
2280 1351 2337 1403 te
2364 1347 2692 1420 intelligere
2724 1349 2865 1404 ﬂore
2897 1348 3134 1404 mentis.

2093 1437 2303 1492 Omnia
2337 1440 2477 1492 sunt
2506 1437 2792 1508 producta
2829 1453 2898 1492 ex
2928 1454 3045 1492 uno
3071 1437 3207 1510 igne
3235 1455 3249 1494 :
3278 1438 3503 1510 quippe
3533 1455 3669 1495 cum

2022 1527 2222 1582 omnia
2253 1526 2421 1581 Pater
2444 1526 2770 1597 perfecerit,
2805 1531 2862 1580 et
2889 1525 3069 1581 menti
3115 1527 3424 1582 tradiderit
3461 1545 3670 1584 secun-

2023 1617 2131 1685 dae,
2163 1631 2339 1686 quam
2373 1617 2619 1688 primam
2653 1619 2864 1670 vocant
2895 1615 3166 1671 nationes
3196 1615 3526 1672 hominum.

2092 1704 2329 1776 Species
2360 1721 2487 1776 quae
2519 1709 2714 1759 mente
2757 1704 3164 1776 percipiuntur
3193 1710 3432 1778 paterna
3475 1711 3671 1762 mente

2021 1797 2307 1866 perceptae
2334 1800 2392 1848 et
2440 1794 2580 1865 ipsa“:
2607 1792 2962 1863 intelligunt,
3003 1793 3235 1849 consilii
3266 1794 3462 1850 tacitis
3496 1800 3668 1852 motas

1936 1909 1985 1976 Β
2024 1882 2486 1976 υῐᾼὶηῐθιιίεαξιι.

2083 1972 2127 2028 Ο
2161 1973 2453 2045 quomodo
2485 1972 2740 2027 mundus
2771 1971 2866 2027 hic
2890 1971 3070 2028 habet
3100 1977 3362 2030 rectores
3388 1973 3440 2029 vi
3491 1973 3667 2031 intel-

251 2062 376 2115 tem
407 2060 678 2118 saltando
708 2077 812 2134 per
833 2062 1124 2134 profunda
1144 2061 1328 2119 totius
1349 2059 1722 2132 mundi,audi
1745 2061 1900 2133 ignis
2008 2061 2226 2134 ligendi
2260 2062 2532 2133 praeditos
2562 2061 2662 2132 qui
2693 2077 2808 2116 non
2838 2061 3186 2119 ﬂectuntur!

257 2148 545 2206 sonitum.

320 2241 482 2294 Mens
513 2239 702 2313 ipsius
735 2239 838 2296 Dei
883 2239 1100 2297 indidit
1129 2240 1344 2296 animis
1394 2239 1700 2295 hominum
1734 2238 1906 2312 signa

253 2330 523 2398 paterna.

331 2418 571 2491 Percipe
603 2417 659 2474 id
694 2418 848 2490 quod
882 2422 1074 2491 potest
1121 2417 1418 2475 intellectu
1471 2417 1689 2490 percipi
1724 2435 1738 2475 :
1772 2434 1906 2474 nam

254 2515 352 2569 est
383 2514 547 2567 extra
576 2512 853 2564 mentem.

2084 2151 2359 2222 Seipsum
2393 2165 2665 2206 summus
2699 2167 2910 2221 parens
2941 2150 3097 2206 Deus
3127 2169 3160 2206 a
3191 2151 3434 2224 reliquis
3475 2153 3669 2208 omni-

2013 2241 2125 2295 bus
2157 2239 2481 2295 subduxit:
2516 2255 2705 2310 neque
2754 2238 2814 2294 in
2864 2255 2972 2294 sua
3018 2239 3279 2310 potentia
3343 2239 3669 2297 intellectili

2015 2327 2215 2401 ignem
2247 2344 2420 2383 suum
2453 2325 2716 2382 inclusit.

2092 2418 2259 2473 Pater
2289 2433 2405 2472 non
2437 2420 2665 2474 metum
2713 2416 3004 2488 immittit,
3037 2418 3140 2475 sed
3185 2418 3532 2490 obsequium
3581 2418 3670 2476 in-

2019 2505 2236 2562 fundit.

1493 2631 1798 2689 JOANNIS
1836 2629 2168 2690 OPSOPOEI
2205 2631 2433 2690 NOT/E.

325 2733 444 2803 (23)
474 2726 747 2792 Μᾶνθανε.
797 2729 1098 2803 Marsilius
1129 2729 1231 2786 lib.
1266 2747 1306 2800 ι,
1337 2730 1418 2803 De
1450 2731 1631 2803 anim.
1666 2731 1903 2787 immor-

256 2801 490 2862 talitate
543 2819 672 2874 cap.
703 2804 774 2858 6:
825 2824 855 2851 ‹‹
907 2801 1070 2858 Aliud
1108 2818 1272 2874 mens
1321 2802 1451 2870 crit,
1485 2802 1643 2858 aliud
1674 2803 1910 2859 veritas.

257 2877 428 2942 Quod
460 2874 545 2931 sic
569 2873 755 2946 aperit
774 2874 1079 2930 Zoroaster
1103 2891 1116 2930 :
1149 2873 1305 2930 Scito
1326 2874 1693 2947 intelligibile
1715 2875 1912 2947 ipsum

259 2964 396 3008 esse
425 2952 588 3002 extra
619 2951 895 3000 mentem.
928 2967 956 2994 ιι

336 3018 451 3089 (24)
480 3017 632 3089 ’Ἐστι
664 3013 742 3071 δὲ.
774 3016 932 3089 Idem
965 3015 1078 3089 lib.
1101 3033 1225 3086 xm,
1249 3033 1378 3089 cap.
1398 3017 1470 3072 5:
1506 3039 1534 3066 «
1570 3017 1670 3074 Est
1700 3016 1916 3072 intelli-

261 3087 444 3165 gibil_e
474 3088 692 3160 aliquid
717 3089 872 3165 quod
896 3087 1224 3165 intelligere
1249 3097 1302 3144 Ie
1319 3087 1547 3165 oportet
1567 3089 1914 3165 mentisﬂo-

263 3159 348 3220 re.
385 3159 608 3217 Florem
635 3159 850 3232 mentis
872 3159 1126 3232 appellat
1145 3159 1450 3232 Zoroaster
1477 3161 1674 3232 ipsum
1707 3160 1914 3216 anima!

264 3243 566 3304 centrum,
595 3231 1248 3304 quod‘Platonominat
1266 3231 1483 3287 mentis
1507 3231 1708 3304 caput.
1743 3253 1771 3283 »

337 3308 355 3376 (
397 3306 454 3375 5)
509 3300 658 3360 Εἱσῖν
694 3300 884 3376 πᾶντα.
937 3304 1096 3359 Idem
1153 3303 1250 3359 lib.
1317 3320 1380 3370 II,
1414 3300 1662 3376 capt—7:
1714 3326 1743 3353 «
1776 3303 1917 3376 Esse

2029 2734 2188 2805 ζεταε
2226 2733 2328 2783 πᾶν
2387 2728 2543 2805 γένος
2591 2726 2839 2805 ἀνδρῶν,Δ
2883 2734 2941 2786 et
2972 2730 3071 2805 ita
3119 2747 3350 2804 quoque
3406 2748 3670 2789 correxe-

2026 2807 2119 2858 rat
2159 2803 2553 2858 Ranconetus.
2603 2803 2711 2858 Sed
2768 2803 3060 2858 laborabit
3110 2819 3370 2870 carmen,
3424 2805 3538 2860 nisi
3587 2805 3672 2860 illi

2026 2875 2135 2948 hac
2193 2875 2418 2930 ratione
2474 2875 2830 2948 subvenias:
2887 2872 3133 2944 κληΐζετ’
3185 2875 3322 2929 ἅπαν
3381 2874 3540 2948 γένος
3585 2876 3670 2930 ἀν-

2026 2943 2204 3021 δρῷνμη
2242 2948 2490 3021 Recepta
2544 2946 2714 3021 lectio
2745 2943 3083 3021 tamennon
3139 2952 3232 3021 est
3260 2943 3668 3021 improbanda,

2097 3018 2212 3089 (28)
2239 3015 2586 3088 Κινούμεναι.
2619 3018 2835 3074 Marsi].
2895 3019 3128 3074 Ficinus
3175 3019 3277 3074 lib.
3314 3015 3450 3075 {De
3486 3021 3667 3076 anim.

2026 3089 2312 3162 immort..
2345 3106 2473 3162 cap.
2504 3090 2577 3146 5:
2616 3112 2638 3140 ε
2673 3090 2874 3160 Angeli
2907 3095 3162 3155 movent,
3196 3108 3308 3145 non
3344 3098 3668 3160 moventur;

2027 3163 2098 3216 de
2128 3161 2344 3232 quibus
2393 3165 2716 3226 Zoroaster,
2750 3163 3004 3218 Mundus
3034 3162 3213 3218 habet
3245 3163 3672 3219 intellectualcs

2027 3238 2283 3289 rectores
2314 3233 2669 3288 immobiles.
2704 3254 2732 3283 »

2098 3305 2212 3378 (29)
2247 3305 2544 3378 Ἀνοχῆας’
2597 3305 2754 3378 Idem
2806 3304 2907 3378 lib.
2949 3322 3027 3372 1v,
3076 3305 3306 3378 capti:
3358 3305 3670 3377 «Angelus

265 3375 468 3448 ipsum
503 3377 682 3448 rebus
708 3375 985 3448 omnibus
1016 3378 1131 3448 est_
1163 3391 1496 3430 commune.
1548 3375 1689 3448 Esse
1738 3375 1920 3448 igitur
1952 3378 1994 3444 α
2042 3375 2298 3432 animam
2330 3375 2451 3448 uno
2479 3375 2722 3439 excedit,
2754 3377 2909 3447 quod
2941 3375 3177 3433 manet}
3202 3377 3318 3432 Deo
3348 3375 3671 3443 cedit—uno,

266 3446 608 3519 ubicunque
638 3446 736 3515 sit,
764 3447 982 3518 pendet
1003 3463 1070 3501 ex
1101 3446 1234 3501 Deo.
1269 3448 1430 3512 Quod
1465 3447 1710 3519 mystice
1733 3447 1923 3518 tetigit

268 3518 612 3591 Zoroaster:
647 3519 853 3591 omnia
881 3522 1022 3573 sunt
1047 3534 1127 3591 ea,
1148 3534 1266 3572 uno
1295 3519 1429 3591 igne
1459 3518 1676 3591 genita:

341 3591 458 3662 (26)
482 3590 664 3645 Πάντα
683 3587 808 3662 γὰρ.
833 3591 1066 3662 Ficxnus
1092 3589 1195 3662 lib.
1220 3606 1298 3656 ιν,
1323 3587 1519 3662 capft
1545 3607 1557 3646 :
1594 3612 1623 3640 «
1653 3587 1922 3662 Essentia

267 3661 612 3735 angelOrum
638 3661 928 3735 principio
959 3661 1228 3735 informis
1258 3666 1348 3717 est
1378 3661 1830 3735 quodammodo,
1866 3665 1923 3715 et

265 3732 555 3806 tauquam
589 3732 884 3806 passivum
911 3733 1244 3806 subjectum
1277 3732 1572 3806 quoddam
1609 3732 1921 3803 exponitur

269 3807 343 3861 ad
376 3804 572 3861 actum
596 3804 984 3877 intelligendi,
1008 3809 1065 3860 et
1081 3805 1401 3877 formarum
1424 3805 1803 3877 idearumque
1826 3820 1919 3877 or-

267 3882 482 3949 natum,
509 3875 1062 3949 suscipieudum.De
1089 3893 1205 3949 quo
1232 3875 1538 3949 loroaster
1557 3877 1677 3949 ait:
1708 3875 1921 3949 ania

269 3947 728 4022 periecilpater,
773 3953 831 4004 et
861 3947 1323 4022 mentip’rznbuit
1353 3948 1644 4002 secundae.
1683 3969 1704 3995 ι
1742 3947 1919 4022 Porro

265 4015 494 4091 corrige
524 4015 823 4088 ἔξετέλὴσε,
857 4024 914 4074 et
943 4015 1134 4075 scribe
1162 4015 1481 4091 ἐξετέλεσσε.
1519 4023 1605 4075 Ita.
1661 4019 1818 4074 enim
1854 4018 1915 4073 in

263 4093 379 4149 hoc
411 4094 596 4163 verbo,
627 4091 911 4163 syllabam
946 4092 1280 4162 producunt
1317 4096 1520 4163 poetae,
1553 4107 1666 4146 non
1700 4091 1920 4146 vocalis

265 4162 468 4220 brevis
499 4161 557 4235 in
585 4161 822 4235 longam
857 4161 1206 4219 mutatione.

339 4236 454 4308 (27)
487 4229 805 4304 Κληΐζεὲαι.
858 4235 1105 4309 Regium
1167 4234 1466 4307 exemplar
1520 4234 1704 4291 habet
1752 4229 1917 4302 κληί-

2032 3449 2187 3518 quod
2222 3447 2530 3518 multiplex
2559 3452 2665 3502 est.
2702 3452 2853 3503 Deus
2876 3452 3070 3503 tamen
3096 3465 3199 3519 per
3218 3449 3524 3504 hocunum
3553 3449 3675 3505 abit

2032 3536 2210 3590 super
2239 3519 2437 3574 omnia
2469 3520 2538 3574 ad
2572 3519 2890 3574 infinitum.
2927 3520 3086 3584 Quod
3112 3521 3193 3575 ita
3218 3521 3430 3576 cecinit
3460 3521 3672 3576 Zoroa-

2031 3596 2186 3663 stcr:
2218 3595 2390 3645 Pat'er
2419 3607 2613 3663 pense
2642 3591 2836 3662 ipsum
2871 3593 3088 3663 rapuit,
3130 3608 3316 3661 neque
3371 3593 3431 3648 in
3480 3597 3674 3648 mente

2032 3662 2270 3734 quidem
2327 3661 2455 3734 quae
2504 3661 2688 3734 illum:
2729 3661 3020 3733 sequitur,
3078 3664 3376 3734 proprium
3435 3663 3677 3719 inclusit

2031 3736 2223 3861 igitrem
2253 3751 2268 3796 ;
2306 3733 2420 3804 »'q.
2454 3734 2534 3805 d.,
2569 3733 2795 3789 nullam
2825 3734 3002 3790 habet
3025 3751 3156 3790 cum
3190 3733 3426 3790 caeteris
3459 3751 3676 3806 compa-

2031 3825 2088 3861 ra
2125 3821 2338 3861 ionem.

2031 3821 2338 3862 rationem.

2101 3879 2211 3948 (30)
2247 3875 2432 3948 Πατὴρ
2483 3879 2593 3930 etc.
2619 3877 2778 3948 idem
2812 3875 2913 3932 lib.
2951 3893 3038 3943 III,
3072 3893 3200 3946 cap.
3234 3875 3338 3931 ult.
3367 3892 3379 3930 :
3415 3898 3442 3925 «
3465 3877 3520 3930 Si
3545 3876 3674 3932 ani-

2031 3965 2159 4004 mos
2183 3947 2656 4019 pulsat,quiaiilli
2683 3965 2918 4003 sursum
2945 3949 3339 4019 deorsumque
3371 3948 3547 4004 libere
3576 3965 3674 4003 vo-

2028 4013 2242 4076 lubiles
2275 4013 2439 4088 sunt,
2468 4018 2682 4091 pulsat,
2713 4025 2770 4075 et
2800 4020 3001 4085 libere,
3033 4021 3112 4075 ita
3144 4023 3208 4074 ut
3240 4013 3502 4087 alliciat;
3559 4037 3674 4076 non
3785 4013 3800 4026 ⁵

2031 4093 2245 4160 trahat,
2308 4109 2420 4146 non
2473 4099 2654 4164 cogat,
2689 4093 2785 4147 sed
2821 4093 3206 4164 persuadeat;
3236 4093 3388 4163 quod
3437 4093 3675 4147 Zoroas-

2031 4169 2120 4218 ter
2171 4163 2253 4218 ita
2311 4162 2597 4218 testatur:
2634 4162 2948 4221 Pater—non
2982 4163 3230 4219 incurrit
3255 4162 3513 4234 ’metum,
3571 4164 3674 4220 sed

2024 4234 2472 4307 persuasionem
2505 4234 2749 4291 inducit.
2789 4257 2817 4285 ››
