3984 6348
125 387 314 448 1125

1014 385 1435 446 EXPOSITIO
1480 383 2019 448 ORACULORUM
2063 383 2712 446 CHALDAICORUM.

3417 387 3574 447 1126

123 516 344 595 λόγιον
379 523 640 594 καθαῖρον
673 516 841 586 αὐτὴν
872 515 961 572 καὶ
1008 516 1290 594 ὁμόφρονα
1320 523 1387 592 τῇ
1420 517 1622 594 λογικῇ
1653 520 1809 591 ψυχῇ

1932 518 2112 572 ctrina
2145 515 2544 572 irrationalem
2562 515 2823 572 hominis
2852 515 3112 572 animam
3136 517 3278 573 facit
3298 518 3574 575 interitus

121 612 372 676 ποιοῦν,
401 608 479 669 εἰς
524 608 616 662 τὸν
674 604 920 661 ἐπέκεινα
973 614 1073 676 τῆς
1120 605 1357 677 σελήνης
1413 608 1502 661 τὸν
1551 607 1802 684 ἀμφιφαῆ

121 697 358 767 ταύτην
427 696 782 766 ἀποκαθιστᾷ.
865 694 960 748 Καὶ
1033 695 1101 750 τὰ
1181 696 1276 768 μὶν
1360 701 1466 750 τῶν
1521 693 1808 751 Χαλδαίων

129 785 426 860 δόγματα,
485 789 734 842 τοιαῦτα.
789 786 851 839 Oi
923 782 980 839 δὲ
1035 788 1134 848 τῆς
1193 780 1464 846 εὐσεϐείας
1529 784 1806 863 ὑφηγηταὶ

125 874 246 930 καὶ
279 880 384 929 τῶν
409 877 806 950 Χριστιανικῶν
857 870 1143 948 δογμάτων
1194 872 1469 952 ὑποφῆται
1512 875 1598 928 καὶ
1634 876 1807 947 κήρυ-

126 985 266 1036 κες,
319 961 562 1036 οὐδαμοῦ
604 964 702 1031 τήν
769 960 971 1037 ἄλογον
1047 963 1230 1038 ψυχὴν
1301 964 1602 1039 ἀνάγουσιν,
1664 961 1811 1017 ἀλλὰ

132 1054 364 1124 θνητὴν
398 1050 699 1128 διαρῥήδην
734 1051 1029 1124 ὁρίζονται,
1073 1051 1312 1127 ’Άλογον
1349 1049 1406 1106 δὲ
1427 1053 1610 1126 ψυχὴν
1646 1051 1812 1114 τίθεν-

128 1162 268 1210 ται,
327 1143 418 1197 τὸν
480 1141 649 1214 θυμὸν
703 1141 791 1196 καὶ
841 1141 939 1209 τήν
987 1139 1272 1213 ἐπιθυμίαν
1323 1142 1420 1210 τήν
1477 1141 1808 1216 ὀρεγομένην

125 1231 435 1306 γενέσεως.
467 1227 622 1284 Οὕτω
680 1234 814 1304 γοῦν
872 1231 900 1284 6
961 1229 1232 1294 Νυσσαεὺς
1286 1231 1591 1306 Γρηγόριος
1634 1229 1686 1284 ἐν
1734 1233 1814 1300 τῷ

132 1321 283 1396 περὶ
317 1323 502 1395 ψυχῆς
537 1317 691 1393 λόγῳ
718 1316 985 1392 διέξεισιν.

1920 606 2201 671 nesciam,
2235 621 2484 676 eamque
2508 621 2693 678 usque
2717 606 2790 660 ad
2813 605 3107 661 elementa
3137 607 3248 662 sub
3293 608 3432 663 luna
3457 608 3572 664 sita

1917 693 2180 763 extollit;
2200 699 2258 749 at
2281 693 2658 750 Chaldaicum
2684 694 2986 750 oraculum
3009 696 3300 766 expiatam
3323 695 3487 753 illam
3517 703 3576 754 et

1920 799 2052 838 cum
2085 783 2328 838 rationis
2361 783 2641 854 participe
2689 783 2888 838 anima
2918 785 3103 839 amice
3134 786 3569 857 conspirantem

1917 874 1976 926 in
2005 873 2301 944 regionem
2346 871 2498 926 hanc
2538 887 2668 943 quae
2699 872 2856 927 ultra
2899 871 3101 928 lunam
3151 877 3259 942 est,
3312 875 3572 947 undique

1920 959 2178 1016 lucidam
2194 959 2538 1016 transvehit.
2563 964 2752 1032 Atque
2773 959 2895 1016 haec
2921 961 3158 1033 quidem
3184 967 3326 1018 sunt
3346 968 3572 1020 statuta

1921 1049 2350 1105 Chaldaeorum.
2377 1049 2620 1104 Pietatis
2662 1065 2797 1104 vero
2823 1050 3093 1106 doctores
3124 1056 3181 1106 et
3220 1052 3576 1109 Christiano-

1923 1155 2056 1194 rum
2087 1139 2432 1212 dogmatum
2464 1138 2816 1210 interpretes
2839 1155 2904 1194 ac
2941 1156 3232 1210 precones
3275 1158 3570 1214 nusquam

1922 1227 2185 1284 locorum
2219 1230 2446 1282 brutam
2496 1227 2756 1283 animam
2812 1229 2883 1284 ad
2943 1229 3247 1300 superiora
3292 1231 3574 1299 educunt,

1924 1318 2025 1372 sed
2059 1322 2258 1388 aperte
2279 1316 2542 1372 interitui
2565 1317 2876 1372 obnoxiam
2909 1333 3039 1372 esse
3069 1319 3436 1390 profitentur.
3462 1324 3575 1374 Ha-

133 1411 303 1466 bent
333 1415 524 1466 autem
550 1427 652 1481 pro
673 1409 871 1465 anima
893 1409 1064 1465 bruta
1084 1410 1230 1465 iram
1255 1413 1312 1466 et
1340 1410 1720 1483 cupiditatem
1741 1405 2134 1481 generationis
2154 1405 2578 1477 appetitricem.
2599 1411 2788 1478 Atque
2810 1406 2892 1461 ita
2905 1408 3232 1464 enarrando
3249 1408 3581 1466 traditGre-

136 1500 365 1572 gorius
395 1499 697 1571 Nyssenus
728 1497 994 1554 oratione
1026 1500 1102 1554 De
1123 1501 1332 1554 anima.

232 1600 397 1674 Μηδὲ
464 1603 528 1658 τὸ
600 1610 699 1672 τῆς
760 1601 898 1673 ὕλης
989 1599 1258 1660 σκύϐαλον
1340 1609 1593 1680 κρημνῷ,
1647 1624 1811 1659 κατα-

1461 1676 1704 1751 [λείψῃς.

230 1781 406 1852 ’Ὑλης
440 1776 710 1837 σκύϐαλον
744 1803 876 1858 φησι
919 1783 982 1837 τὸ
1031 1781 1240 1860 λόγιον,
1289 1783 1352 1838 τὸ
1388 1788 1492 1838 τοῦ
1524 1784 1812 1857 ἀνθρώπου

2005 1601 2083 1657 Ne
2113 1616 2235 1657 vero
2264 1603 2514 1657 materie
2541 1603 2708 1674 faeces
2739 1603 2799 1657 in
2824 1604 3142 1675 praecipitio
3181 1604 3492 1676 relinquas.

1995 1779 2248 1834 Materia
2274 1779 2438 1836 faeces
2469 1778 2725 1851 appellat
2755 1779 3059 1837 oraculum
3078 1781 3339 1838 hominis
3362 1800 3578 1856 corpus

146 1877 329 1944 σῶμα
380 1885 443 1925 το
497 1869 558 1926 ἐκ
619 1871 891 1945 τεσσάρων
951 1874 1245 1947 στοιχείων
1307 1872 1654 1949 συγκείμενον
1702 1873 1814 1941 καὶ,

1932 1885 1956 1924 s
1985 1873 2241 1940 quatuor
2271 1868 2576 1924 elementis
2618 1871 3032 1942 compositum,
3064 1874 3122 1926 et
3153 1876 3436 1944 tanquam
3475 1874 3580 1929 do-

150 1961 351 2035 ὥσπερ
402 1959 454 2014 ἐν
502 1955 853 2021 διδασκαλίας
911 1959 1061 2036 λόγῳ
1112 1961 1202 2016 καὶ
1259 1963 1626 2038 παραινέσεως
1679 1961 1812 2038 φησί

151 2051 306 2121 πρὸς
330 2050 422 2104 τὸν
451 2045 862 2121 διδασκόμενον,
905 2048 987 2104 ὅτι
1037 2051 1131 2118 Μὴ
1178 2049 1342 2123 μόνον
1373 2053 1472 2120 τήν
1502 2053 1686 2125 ψυχήν
1720 2071 1815 2104 σου

150 2139 306 2215 πρὸς
351 2139 442 2193 τὸν
499 2138 626 2192 Θεὸν
676 2138 996 2213 μετεώριον,
1067 2139 1154 2193 καὶ
1210 2147 1308 2209 τῆς
1372 2140 1634 2215 βιωτικῆς
1687 2161 1818 2214 συγ-

156 2228 384 2303 χύσεως
431 2225 722 2302 ὑπερτέραν
783 2227 1040 2297 ποίησον,
1084 2226 1210 2283 ἀλλ’
1269 2227 1314 2283 εί
1375 2226 1621 2295 δυνατὸν,
1679 2226 1819 2301 μηδὲ

153 2317 300 2372 αὐτὸ
346 2319 407 2371 τὸ
466 2319 627 2388 σῶμα
679 2313 813 2390 ὅπερ
868 2314 1155 2394 ἠμφίεσαι,
1214 2317 1304 2372 καὶ
1357 2319 1488 2393 ὅπερ
1544 2311 1816 2372 σκύϐαλόν

154 2404 279 2460 ἐστι
306 2411 405 2474 τῆς
458 2403 618 2474 ὕλης,
670 2404 914 2460 τουτέστι
957 2403 1241 2480 πράγμαυι
1294 2405 1700 2482 ἀπεῤῥιμμὲνον
1728 2407 1818 2460 καὶ

153 2493 736 2572 καταπεφρονημένον,
785 2493 872 2548 καὶ
924 2492 1064 2564 ὕλης
1113 2494 1381 2570 παίγνιον,
1417 2495 1491 2557 εἷς
1538 2495 1631 2550 τὸν
1665 2496 1819 2570 περί-

154 2605 315 2660 γειον
357 2581 691 2658 καταλείπῃς
736 2582 970 2656 κόσμον.
1030 2585 1286 2659 Κρημνὸν
1335 2586 1437 2660 γάρ
1475 2585 1566 2640 τὸν
1597 2583 1821 2648 ἐνταῦθα

159 2673 340 2728 τόπον
371 2671 626 2744 ὀνομάζει
675 2673 740 2727 τὸ
770 2671 976 2748 Αόγιον.
1019 2675 1235 2728 Ὥσπεῶ
1265 2673 1368 2748 γὰρ
1401 2673 1506 2728 ἀπὸ
1547 2674 1821 2748 μετεώρου

157 2762 345 2818 τύπου
394 2766 488 2816 τοῦ
549 2761 801 2837 ούρανοῦ,
857 2763 891 2830 ἠ
954 2760 1110 2839 φύσις
1158 2765 1318 2834 ἡμῶν
1378 2761 1604 2826 ἐνταῦθα
1657 2783 1820 2816 κατα-

159 2851 551 2924 κρημνίζεται,
608 2855 861 2925 Παραινεῖ
913 2851 1031 2922 οὖν,
1085 2849 1175 2904 ’ἱνα
1229 2853 1318 2906 καὶ
1376 2850 1504 2905 αὐτὸ
1546 2852 1607 2905 τὸ
1639 2855 1817 2924 σῶμα.

166 2942 308 3013 ὅπερ
340 2940 504 3014 φησὶν
551 2937 689 3007 ὅλης
739 2933 1046 3007 σκύϐαλον,
1087 2941 1216 3014 πυρὶ
1266 2939 1392 3013 Θείῳ
1431 2937 1823 3010 ἐκδαπανήσω-

177 3049 305 3101 μεν,
361 3025 396 3096 ἤ
459 3025 899 3097 ἁπτλεπήναντες
974 3027 1050 3089 είς
1129 3027 1314 3104 αἶὀἑρα
1367 3028 1737 3103 κουφίσωμεν,
1786 3027 1821 3097 ἥ

172 3117 591 3192 μετιρασθῶμεν
645 3117 749 3171 ὑπὸ
797 3120 930 3171 Θεοῦ
988 3115 1064 3178 εἰς
1120 3112 1286 3172 τὸπον
1337 3115 1501 3172 ἄῦλον
1543 3118 1632 3172 καὶ
1680 3118 1823 3172 άσώ-

180 3226 353 3279 ματον
387 3225 398 3238 ’
521 3204 830 3278 ἰνσώματον
895 3207 1013 3278 μὲν,
1068 3205 1300 3282 αίθὲριον
1347 3205 1424 3277 δὲ,
1481 3205 1515 3276 ἥ
1572 3207 1821 3280 οὐράνιον

1925 1958 2106 2013 cendo
2150 1961 2208 2012 et
2249 1957 2607 2012 exhortando
2647 1959 3006 2030 discipulum
3039 1959 3364 2032 alloquitur
3398 1979 3410 2016 :
3445 1962 3570 2018 Non

1888 2121 1891 2124 _
1925 2045 2117 2102 solum
2141 2046 2399 2102 animam
2424 2051 2586 2101 tuam
2608 2047 2679 2101 ad
2707 2053 2887 2103 Deum
2910 2047 3154 2114 eleva,et
3175 2048 3378 2106 utviue
3398 2050 3578 2121 hujus

1924 2136 2128 2190 turbas
2153 2134 2592 2207 supereteflice,
2617 2135 2740 2202 sed,
2764 2137 2815 2192 si
2840 2137 2960 2191 fieri
2987 2142 3194 2208 potest,
3221 2155 3292 2193 ne
3334 2138 3574 2210 quidem

1927 2222 2121 2295 ipsum
2173 2240 2386 2296 corpus
2441 2239 2554 2295 quo
2586 2224 2842 2280 amictus
2899 2242 2983 2290 es,
3015 2228 3291 2298 quodque
3321 2228 3578 2283 materia:

1929 2312 2035 2368 faex
2066 2317 2157 2368 est
2187 2312 2430 2384 rejieula
2459 2320 2517 2368 et
2541 2312 2827 2386 neglecta,
2870 2318 2928 2370 et
2953 2315 3208 2371 materia:
3256 2315 3581 2385 ludicrum,

1926 2401 1986 2456 in
2010 2401 2272 2457 terrestri
2307 2401 2529 2456 mundo
2561 2401 2845 2475 relinque.
2894 2402 3291 2475 Praeeipitium
3323 2421 3582 2477 namque

1930 2490 2198 2545 nominat
2226 2489 2528 2545 oraculum
2561 2489 2758 2546 locum
2789 2491 2946 2546 hunc
2978 2491 3335 2548 inferiorem.
3362 2495 3406 2548 A
3438 2493 3578 2550 caelo

1927 2580 2086 2635 enim
2115 2583 2422 2650 tamquam
2446 2578 2573 2635 loco
2595 2579 2752 2636 edito
2783 2585 2997 2636 natura
3019 2585 3222 2636 nostra
3245 2580 3358 2638 huc
3381 2584 3580 2654 praeci-

1931 2669 2171 2740 pitatur.
2194 2669 2486 2723 Admonet
2515 2667 2717 2740 igitur,
2741 2673 2806 2724 ut
2834 2669 3105 2741 etipsum
3138 2687 3376 2743 corpus,
3417 2673 3573 2744 quod

1930 2773 2034 2829 per
2067 2757 2322 2812 materiae
2347 2757 2544 2812 faecem
2571 2757 2785 2824 innuit,
2811 2759 2944 2830 igne
2969 2759 3165 2814 divino
3188 2761 3576 2818 absumamus

1932 2851 1988 2901 et
2038 2861 2456 2918 expurgemus,
2481 2851 2582 2901 aut
2611 2847 3012 2902 decorticatim
3049 2849 3106 2901 in
3135 2849 3349 2904 aethera
3399 2849 3576 2906 eleve-

1933 2952 2087 3003 mus,
2121 2939 2221 2990 aut
2251 2951 2284 2990 a
2313 2935 2430 2990 Deo
2449 2951 2551 2990 ceu
2567 2940 3009 2991 transvasemur
3030 2935 3088 2990 in
3113 2936 3305 2992 locum
3323 2940 3578 2995 materias

1933 3029 1990 3080 et
2020 3024 2278 3095 corporis
2311 3029 2608 3095 expertem
2636 3042 2649 3092 ;
2679 3025 2767 3080 vel
2801 3041 3099 3097 corporem
3146 3041 3280 3081 eum
3314 3027 3577 3099 quidem,

1933 3114 2034 3169 sed
2058 3112 2845 3182 aethereum,velcmlestem,
2881 3130 3054 3184 quem
3102 3117 3400 3171 consecuti
3443 3123 3582 3172 sunt

1934 3189 2089 3258 Elias
2119 3201 2430 3258 Thesbites
2485 3207 2542 3257 et
2599 3208 2732 3258 ante
2793 3202 2948 3258 hunc
2997 3203 3216 3273 Enoch,
3264 3205 3336 3260 ab
3369 3222 3433 3260 ac
3464 3205 3582 3263 vita

176 3295 241 3349 οὗ
303 3292 367 3362 δή
424 3293 722 3369 τετύχηκεν
783 3293 813 3349 6'
869 3315 926 3348 τε
977 3290 1240 3366 Θεσϐίτης
1296 3295 1509 3368 Ἠλίας,
1567 3296 1656 3350 καὶ
1717 3296 1817 3370 πρὸ

1937 3292 1997 3347 in
2029 3292 2200 3364 longe
2223 3292 2568 3347 diviniorem
2588 3291 2978 3348 conditionem
3007 3291 3299 3360 translati,
3322 3295 3578 3351 materiae

167 3383 372 3438 τούτου
422 3383 625 3458 Ἑνὼχ,
679 3384 1050 3455 μετατεθὲντες
1098 3384 1204 3439 ἀπὸ
1251 3391 1351 3453 τῆς
1399 3383 1621 3440 ἐνταῦθα
1655 3390 1824 3456 ζωῆς,

169 3473 263 3526 καὶ
319 3472 394 3534 εἷς
453 3471 724 3547 θειοτέραν
786 3472 941 3544 ληξιν
1000 3472 1478 3543 ἀποκαθιστάντες,
1536 3474 1625 3529 καὶ
1683 3471 1824 3547 μηδὲ

169 3563 236 3616 τὸ
266 3568 366 3630 τῆς
399 3561 536 3631 ὕλης
580 3556 877 3628 σκύϐαλον,
917 3561 1042 3631 ἤτοι
1066 3564 1129 3617 τὸ
1170 3563 1374 3618 ἑαυτῶν
1405 3568 1561 3636 σῶμα
1593 3567 1824 3638 κρημνῷ

165 3650 587 3712 καταλιπόντες.
651 3652 913 3726 Κρημνὸς
975 3649 1031 3706 δέ
1076 3651 1240 3724 ἐστιν,
1274 3651 1453 3727 ὥσπερ
1502 3652 1820 3726 εἶ’ρήκαμεν,

170 3742 200 3795 ὁ
261 3741 540 3814 περίγειος
586 3740 780 3802 τόπος.
840 3741 918 3797 Τὸ
986 3739 1043 3795 δὶ
1093 3746 1339 3796 τοιοῦτον
1401 3739 1579 3817 δόγμα
1628 3742 1673 3797 εἰ
1731 3741 1819 3796 καὶ

166 3827 482 3900 θαυμαστόν
540 3827 651 3884 ἐστι
732 3828 822 3882 καὶ
907 3829 1195 3907 ὑπερφυὲς,
1263 3828 1391 3885 ἀλλ’
1450 3832 1552 3885 οὐκ
1601 3829 1688 3885 ἐπὶ
1741 3835 1821 3903 τῷ

161 3919 427 3990 ἡμετέρῳ
480 3915 794 3990 βουλήματι
824 3920 858 3986 ἡ
921 3915 1128 3988 δαπανή
1182 3924 1354 3973 κεῖται
1405 3924 1500 3974 τοῦ
1546 3921 1818 3992 σώματος,

161 4004 260 4058 καὶ
295 4005 328 4072 ἡ
362 4004 495 4077 πρὸς
528 4004 618 4057 τὸν
662 4003 930 4080 θειότερον
977 4004 1140 4059 τόπον
1183 4005 1392 4060 τούτων
1447 4008 1767 4079 μετάστασις
1804 4024 1817 4039 °

165 4094 346 4166 μόνης
401 4090 458 4147 δὲ
513 4095 610 4162 τῆς
669 4093 813 4156 θείας
878 4091 1113 4168 ἤρτηται
1170 4093 1232 4149 τὸ
1289 4096 1514 4169 πρᾶγμά
1569 4095 1818 4171 χάριτος,

158 4185 270 4252 τῆς
319 4187 397 4254 τῷ
436 4181 734 4257 ἀποῤῥήτῳ
777 4183 907 4257 πυρὶ
954 4185 1056 4252 τὴν
1105 4181 1242 4254 ὕλην
1293 4181 1678 4256 ἐκδαπανώσης
1725 4189 1821 4240 τοῦ

163 4272 448 4343 σώματος.
536 4271 624 4325 καὶ
710 4272 809 4340 τήν
916 4267 1148 4348 ἐμϐριθῆ
1235 4272 1324 4327 καὶ
1401 4271 1584 4348 γεώδη
1663 4275 1818 4352 φύσιν

161 4361 420 4435 ὀχήματι
452 4359 662 4434 πυρίνῳ
694 4358 1129 4433 μετεωριζούσης
1161 4358 1236 4422 εἷς
1261 4359 1509 4435 οὐρανόν.

239 4465 338 4534 Μὴ
372 4463 576 4540 ὶξάξης,
602 4462 692 4520 ’ίνα
725 4466 800 4539 μὴ
835 4465 946 4541 ἐξίῃ
979 4461 1183 4542 ἔχουσά
1209 4488 1284 4522 τι.

1935 3381 2285 3449 sedimento,
2329 3398 2436 3436 suo
2458 3397 2669 3452 nempe
2690 3380 2953 3452 ipsorum
2975 3397 3237 3452 corpore,
3264 3381 3323 3437 in
3357 3401 3580 3455 praaru-

1935 3469 2050 3542 ptis
2089 3469 2233 3526 locis
2282 3469 2520 3525 nomine
2551 3469 2851 3524 destituto.
2886 3470 2984 3525 Est
3014 3476 3212 3525 autem
3245 3477 3578 3544 praeruptus

1932 3559 2096 3613 locus
2155 3558 2657 3629 quemadmodum
2716 3557 3000 3625 diximus,
3054 3561 3214 3629 regio
3264 3563 3577 3616 terrestris.

1929 3649 2116 3716 Atque
2146 3647 2255 3702 hoc
2285 3647 2500 3719 dogma
2529 3646 2666 3702 licet
2696 3646 3043 3701 admirabile
3076 3648 3155 3702 sit
3185 3652 3242 3703 et
3274 3648 3585 3714 excellens,

1932 3753 2046 3792 non
2079 3740 2276 3790 tamen
2329 3737 2388 3790 in
2441 3741 2641 3791 nostra
2689 3735 2990 3790 voluntate
3035 3736 3150 3790 sita
3199 3741 3288 3792 est
3325 3739 3586 3808 corporis

1931 3825 2249 3881 illustratio
2280 3829 2337 3879 et
2367 3825 2438 3880 ad
2471 3824 2820 3880 diviniorom
2852 3823 3046 3879 locum
3099 3823 3428 3889 translatio,
3477 3827 3576 3880 sed

1930 3914 2146 3985 pendet
2204 3929 2297 3968 res
2329 3918 2452 3968 tota
2494 3929 2528 3967 a
2575 3912 2774 3967 divina
2805 3913 3018 3984 gratia,
3052 3917 3116 3967 ut
3147 3912 3269 3967 haec
3298 3912 3580 3969 ineffabili

1929 4003 2061 4074 igne
2093 4001 2352 4072 corporis
2383 4002 2688 4056 materiam
2725 4005 2952 4067 exurat,
3004 4004 3062 4056 et
3109 4008 3574 4074 praegravantem

1928 4095 2342 4162 terrenamque
2382 4094 2652 4146 naturam
2685 4089 2854 4162 igneo
2908 4089 3169 4146 vehiculo
3231 4091 3289 4145 in
3365 4091 3578 4148 coelum

1930 4178 2156 4235 evehat.

2000 4467 2076 4523 Ne
2103 4467 2296 4537 exigas
2330 4464 2614 4534 animam,
2642 4481 2713 4522 ne
2738 4468 2799 4522 in
2837 4467 3088 4524 exeundo
3135 4467 3340 4523 habens
3363 4467 3580 4540 aliquid

3104 4541 3491 4611 [periclz'tetun

237 4647 416 4702 Τοῦτο
447 4643 509 4699 τὸ
545 4642 732 4720 λόγιον
766 4643 855 4699 καί
906 4644 1188 4709 Ηλωτῖνος
1237 4645 1288 4700 ἐν
1341 4651 1421 4719 τῷ
1461 4647 1584 4722 περὶ
1616 4647 1817 4722 ἀλόγου

1998 4650 2116 4702 Hoc
2147 4645 2450 4702 oraculum
2486 4645 2661 4700 refert
2692 4644 2868 4700 etiam
2903 4645 3166 4701 Plotinus
3198 4647 3253 4700 in
3309 4647 3455 4701 libro
3507 4648 3577 4702 de

159 4734 449 4807 ἐξαγωγῆς
476 4733 708 4803 τίθησιν.
742 4733 885 4789 Ἐπὶ
918 4731 963 4787 δ’
1020 4735 1048 4788 6
1075 4733 1242 4808 λόγος
1290 4735 1603 4811 παραίνεσις
1653 4737 1815 4810 ὑπερ-

161 4824 312 4891 φυής
365 4843 423 4876 τε
469 4823 559 4876 καὶ
619 4822 988 4900 ὑπερήφανος.
1054 4825 1198 4894 Φησὶ
1257 4824 1358 4899 γὰρ
1413 4822 1552 4897 μηδέ
1608 4845 1660 4878 τι
1724 4826 1818 4879 τὸν

161 4912 457 4986 ἄνθρωπον
517 4913 987 4986 πραγματεύεσθαι
1044 4912 1168 4986 περί
1225 4915 1324 4982 τήν
1383 4913 1663 4988 ἐξαγωγήν
1716 4921 1816 4984 τῆς

159 5003 380 5074 ψυχῆς,
417 4997 556 5073 μηδὶ
579 5001 881 5078 φροντίζειν
909 5006 1024 5064 πῶς
1054 5001 1114 5057 ἄν
1147 5001 1354 5073 ἐξέλθοι
1385 5007 1482 5058 τοῦ
1513 5005 1767 5075 σώματος
1804 5023 1816 5036 ·

162 5087 318 5143 ἀλλὰ
363 5090 442 5160 τῷ
486 5093 696 5166 φυσικῷ
745 5087 895 5166 λόγῳ
949 5098 1049 5160 τῆς
1105 5088 1406 5154 διαλύσεως
1449 5098 1816 5168 παταχωρεῖν.

159 5177 318 5236 Αὐτὸ
369 5179 472 5252 γὰρ
525 5179 587 5233 τὸ
637 5177 974 5253 ἐμμέριμνον
1035 5180 1168 5234 εἶναί
1224 5201 1342 5235 τινα
1402 5181 1524 5253 περὶ
1566 5188 1667 5250 τῆς
1722 5186 1818 5236 τοῦ

161 5267 426 5337 σώματος
479 5265 709 5334 λύσεως,
761 5267 852 5322 καὶ
926 5275 1026 5338 τῆς
1102 5267 1339 5324 ἐντεῦθεν
1397 5269 1672 5347 ἐξαγωγῆς
1721 5270 1817 5338 τῆς

158 5360 377 5429 ψυχῆς,
431 5357 647 5431 μετάγει
701 5356 792 5410 τὸν
847 5361 971 5411 νοῦν
1021 5356 1128 5413 ἀπὸ
1175 5363 1282 5413 τῶν
1335 5359 1677 5434 κρειττόνων,
1727 5359 1818 5415 καὶ

164 5443 480 5518 ἀπασχολεῖ
509 5445 630 5518 περί
662 5445 760 5513 τήν
803 5447 1057 5516 τοιαύτην
1092 5445 1374 5525 φροντίδα,
1407 5443 1550 5504 ἔνθεν
1581 5470 1664 5503 τοι
1697 5447 1821 5504 οὐδὲ

163 5532 480 5608 καθαίρεται
533 5533 841 5588 τελεώτατα
880 5537 914 5604 ἡ
969 5539 1145 5611 ψυχή.
1192 5537 1664 5612 Ἀσχολουμὲνοις
1725 5536 1819 5592 οὗν

163 5625 308 5693 ἡμῖν
359 5623 482 5696 περὶ
541 5624 640 5691 τὴν
697 5621 976 5690 ἀνάλυσιν,
1032 5623 1119 5679 ἐάν
1177 5631 1473 5696 τηνικαῦτα
1521 5628 1549 5682 ὁ
1597 5626 1822 5692 θάνατος

166 5709 566 5787 παραγένηται,
626 5713 725 5768 οὐκ
812 5709 1069 5789 ἐλευθέρα
1145 5715 1476 5772 παντάπασιν
1538 5716 1727 5788 ἔξεισιν
1783 5719 1818 5788 ἡ

1927 4737 2136 4792 animm
2170 4733 2527 4790 irrationalis
2558 4734 2886 4789 eductione.
2935 4735 3036 4789 Est
3081 4740 3277 4791 autem
3330 4733 3577 4806 insignis

1927 4831 1984 4880 et
2015 4826 2211 4896 magni
2236 4824 2513 4879 momenti
2538 4823 2866 4878 exhortatio
2892 4839 2905 4878 :
2933 4824 3158 4878 homini
3192 4826 3470 4880 nimirum
3491 4826 3578 4880 ni-

1927 4915 2010 4970 hil
2041 4914 2368 4986 quidquam
2387 4911 2748 4967 moliendum
2773 4927 2900 4968 esse
2924 4913 2992 4968 de
3016 4913 3222 4968 animae
3245 4914 3572 4979 eductione,

1929 5019 2117 5074 neque
2138 5000 2615 5071 despisciendum
2640 5018 2754 5073 quo
2781 5007 2948 5072 pacto
2974 5001 3072 5055 illa
3092 5018 3121 5056 e
3145 5018 3382 5074 corpore
3407 5019 3571 5073 egre-

1928 5093 2154 5159 diatur;
2191 5091 2292 5147 sed
2318 5090 2618 5161 negotium
2647 5090 2898 5145 naturali
2931 5090 3336 5146 dissolutionis
3365 5092 3575 5147 rationi

1929 5179 2409 5256 permittendum.
2460 5179 2736 5234 Anxietas
2793 5179 2949 5234 enim
3007 5183 3065 5235 et
3123 5178 3456 5236 sollicitudo
3503 5181 3574 5236 de

1929 5271 2190 5343 corporis
2247 5268 2558 5335 solutione,
2610 5272 2668 5323 et
2710 5267 2917 5322 animae
2967 5284 3036 5322 ex
3084 5267 3184 5323 illo
3249 5269 3574 5341 eductione,

1931 5363 2189 5415 mentem
2223 5375 2258 5413 a
2290 5355 2634 5412 melioribus
2666 5355 3120 5428 cogitationibus
3153 5363 3377 5426 avocat,
3397 5363 3453 5414 et
3473 5375 3577 5414 cu-

1930 5450 2014 5504 ris
2044 5446 2336 5517 ejusmodi
2368 5449 2636 5516 occupat,
2662 5445 2816 5500 unde
2839 5445 3091 5516 perfecte
3113 5446 3311 5502 anima
3343 5446 3578 5519 purgari

1932 5537 2158 5610 nequit.
2183 5535 2238 5590 Si
2271 5534 2427 5590 enim
2453 5539 2592 5588 tunc
2621 5549 2779 5589 mors
2810 5533 2980 5588 nobis
3013 5534 3305 5606 adveniat,
3339 5537 3575 5608 quando

1930 5628 2089 5684 curis
2111 5627 2181 5681 de
2232 5621 2584 5678 resolutione
2623 5621 3056 5694 distringimur,
3088 5623 3284 5680 anima
3314 5641 3427 5681 non
3459 5627 3578 5682 exit

1931 5731 2173 5790 prorsus
2203 5711 2410 5783 libera,
2431 5711 2532 5768 sed
2557 5711 2815 5767 retinens
2855 5709 3077 5784 aliquid
3113 5713 3181 5769 de
3203 5713 3321 5770 vita
3345 5715 3573 5773 all'ecti-
