4056 6346
197 424 351 483 1129

1049 419 1467 482 EXPOSITIO
1511 417 2057 481 ORACULORUM
2105 417 2750 483 CHALDAlCORUM.

3447 420 3608 484 1130

190 545 337 628 ἔργῳ
392 549 647 627 ἀνάγκης.
709 551 982 620 τουτέστι,
1033 550 1095 605 τὸ
1123 555 1242 620 τῆς
1293 549 1532 621 σελήνης
1582 545 1845 625 εὔτροχον

1957 567 2169 623 semper
2213 553 2557 608 necessitatis
2602 568 2762 624 opere
2808 553 3007 618 currit,
3051 552 3159 609 hoc
3190 555 3298 619 est,
3331 568 3404 608 ne
3435 553 3607 612 anxie

189 641 402 714 κίνημα
452 640 530 712 μή
581 636 1054 713 πολυπραγμόνει·
1087 639 1274 716 τρέχει
1321 639 1424 715 γὰρ
1472 637 1606 708 αὕτη
1640 636 1702 692 ού
1758 635 1847 691 διὰ

192 729 275 798 σὲ,
307 727 433 784 ἀλλ’
466 728 571 784 ὑπὸ
619 728 932 804 κρείττονος
981 728 1219 804 ἀνάγκης
1278 726 1540 803 ἀγομένη.
1569 725 1847 801 Ἀστέριον

189 819 558 894 προπόρευμα
611 818 758 882 σέθεν
821 817 983 894 χάριν
1046 817 1145 871 οὐκ
1197 813 1493 891 έλοχεύθη,
1548 815 1848 883 τουτέστιν,

190 908 248 962 οἱ
280 906 695 982 προηγούμενοι
724 910 835 961 τῶν
879 903 1138 960 ἀπλανῶν
1189 905 1449 980 ἀστέρων,
1481 904 1517 974 ἢ
1547 909 1653 959 τῶν
1703 901 1850 958 πλα-

185 997 476 1068 νωμένων,
533 994 596 1050 ού
657 996 821 1071 χάριν
897 999 994 1049 σοῦ
1067 996 1168 1063 τήν
1258 995 1547 1050 ὑπόστασιν
1627 988 1847 1049 ἔλαϐον.

185 1083 418 1160 Αἴθριος
479 1083 712 1160 ὀρνίθων
769 1084 988 1159 ταρσὸς,
1039 1082 1271 1151 πλατὺς,
1317 1081 1379 1138 οὔ
1436 1083 1559 1138 ποτ’
1615 1081 1846 1153 ἀληθής.

183 1172 490 1241 τουτέστιν,
519 1174 556 1242 ἡ
591 1169 682 1227 διὰ
729 1177 838 1228 τῶν
890 1171 1202 1245 πετομένων
1258 1171 1484 1248 ὀρνίθων
1531 1171 1583 1226 ἐν
1620 1171 1700 1244 τῷ
1731 1171 1846 1248 ἀέρι

185 1260 386 1337 τέχνη,
415 1263 477 1331 ἣν
511 1257 580 1329 δὴ
609 1261 701 1315 καὶ
743 1260 1092 1329 οἰωνιστικὴν
1145 1260 1528 1334 ὀνομάζουσιν,
1562 1259 1660 1314 οὐκ
1705 1255 1847 1314 ἔστιν

185 1349 430 1422 ἀληθὴς,
489 1350 957 1426 περιεργαζομένη
1017 1351 1242 1420 πτήσεις
1289 1348 1484 1418 αὐτῶν,
1535 1350 1623 1404 καὶ
1681 1347 1848 1426 κλαγ-

185 1439 314 1514 γάς,
347 1439 437 1494 καὶ
489 1436 774 1512 καθέδρκς.
807 1439 1020 1514 Ταρσὸν
1077 1436 1134 1493 δὲ
1189 1435 1420 1506 πλατὺν,
1451 1439 1550 1506 τὴν
1598 1442 1704 1493 τῶν
1745 1459 1845 1492 πο-

189 1525 306 1583 δῶν
337 1528 511 1583 αὐτῶν
544 1526 693 1603 λέγει
730 1527 881 1603 βάσιν
932 1526 1192 1583 πλατεῖαν
1240 1525 1419 1598 οὖσαν,
1451 1525 1541 1582 διὰ
1594 1528 1693 1597 τὴν
1737 1532 1843 1584 τῶν

186 1614 481 1673 δακτύλων
537 1611 748 1672 ἔκτασιν
809 1613 1198 1693 διειργομένων
1255 1620 1334 1688 τῷ
1369 1615 1563 1690 μεταξὺ
1595 1613 1843 1692 δέρματι,

183 1706 293 1762 Καὶ
355 1710 552 1769 θυσιῶν
635 1703 967 1781 σπλάγχνων
1025 1725 1082 1760 τε
1151 1703 1340 1777 τομαὶ,
1396 1701 1510 1759 τάδ’
1563 1703 1847 1780 ἀθύρματα

180 1791 384 1865 πάντα,
442 1793 738 1863 τουτέστιν,
796 1797 832 1863 ἡ
901 1795 1092 1863 θυτικὴ
1151 1791 1467 1865 καλουμένη
1541 1792 1844 1866 ἐπιστήμη,

184 1881 361 1959 ἤγουν
411 1886 446 1954 ἡ
503 1881 590 1938 διὰ
634 1881 744 1938 τῶν
804 1884 1002 1936 θυσιῶν
1056 1886 1166 1937 τῶν
1229 1879 1545 1954 μελλόντων
1611 1886 1844 1952 ζητοῦσα

182 1973 288 2042 τήν
321 1973 645 2047 πρόγνωσιν,
679 1971 768 2027 καὶ
799 1973 835 2042 ἡ
869 1969 960 2026 8ιά
1000 1974 1177 2043 τομῆς
1220 1974 1329 2024 τῶν
1379 1968 1679 2046 σπλάγχων
1739 1974 1846 2024 τῶν

189 2059 546 2139 σφαζομένων
615 2060 846 2135 ἱερείων,
905 2059 1132 2132 παίγνιά
1187 2057 1321 2114 εἶσιν
1382 2059 1650 2133 ἄντικρυς.
1713 2060 1847 2131 Ἐμο

183 2156 425 2223 πορικῆς
501 2149 716 2218 ἀπάτης
791 2147 1140 2224 στηρίγματα
1172 2166 1185 2180 ·
1252 2146 1526 2202 τουτέστιν
1603 2146 1845 2225 ἀφορμαὶ

183 2236 418 2312 κέρδους
449 2236 762 2296 ἀπατειλαί.
796 2239 889 2307 Μὴ
936 2236 1116 2292 τοίνυν
1165 2235 1345 2314 (φησὶ)
1392 2234 1844 2311 πολυπραγμόνει

184 2325 250 2381 σὺ
289 2327 726 2400 μαθητευόμενος
777 2326 866 2380 ὑπ’
895 2325 1051 2398 ἐμοῦ,
1088 2322 1308 2397 μέλλων
1371 2320 1645 2395 εύσεϐείης
1700 2325 1843 2397 ἱερὸν

185 2413 515 2490 παράδεισον
575 2413 837 2488 ἀνοίγειν.
868 2414 1035 2489 Ἰερὸς
1093 2411 1150 2467 δὲ
1198 2410 1524 2484 παράδεισος
1572 2406 1844 2474 εὐσεϐείας

185 2506 328 2560 κατά
386 2500 712 2575 Χαλδαίους,
773 2503 882 2578 οὐχ
919 2503 979 2558 ὃν
1040 2505 1075 2573 ἡ
1134 2506 1230 2557 τοῦ
1305 2503 1578 2564 Μωυσέως
1651 2495 1846 2578 βίϐλος

181 2593 374 2672 φησὶν,
406 2591 532 2649 ἀλλ’
560 2594 589 2648 6
619 2591 826 2666 λειμὼν
858 2597 966 2647 τῶν
1020 2590 1378 2665 ὑψηλοτάτων
1423 2594 1686 2664 θεωριῶν,
1721 2586 1846 2644 ἔνθα

179 2682 252 2738 τὰ
306 2681 536 2738 ποικίλα
589 2686 696 2736 τῶν
757 2681 960 2756 ἀρετῶν
1023 2677 1236 2754 δένδρα,
1296 2678 1385 2734 καὶ
1442 2680 1505 2734 τὸ
1554 2677 1714 2749 ξύλον
1781 2680 1844 2734 τὸ

177 2771 483 2847 γνωστικὸν
538 2769 710 2826 καλοῦ
761 2770 852 2824 καὶ
905 2772 1178 2845 πονηροῦ,
1207 2768 1488 2824 τουτέστιν
1543 2770 1578 2837 ἡ
1639 2765 1848 2842 διακρι-

177 2861 312 2930 τικὴ
365 2859 649 2938 φρόνησις,
708 2861 743 2928 ἡ
799 2856 1081 2932 διαιροῦσα
1130 2859 1193 2913 τὸ
1249 2863 1495 2934 κρεῖττον
1571 2857 1678 2912 άπὸ
1746 2861 1844 2912 τοῦ

181 2951 469 3025 χείρονος’
501 2948 590 3004 καὶ
643 2949 707 3003 τὸ
763 2947 924 3019 ξύλον
981 2955 1084 3018 τῆς
1143 2945 1582 3016 ζωῆς,τουτέστι
1628 2947 1692 3000 τὸ
1741 2967 1842 3024 φυ-

183 3038 281 3093 τὸν
339 3044 441 3108 τῆς
498 3037 639 3102 θείας
697 3034 1028 3110 έλλαμψεως
1086 3042 1188 3104 τῆς
1258 3035 1716 3112 καρποφορούσης
1772 3039 1842 3109 τῇ

185 3128 348 3200 ψυχῇ
429 3127 571 3195 ζωὴν
638 3125 929 3201 ἱερωτέραν
1005 3123 1094 3179 καὶ
1157 3124 1458 3200 κρείττονα.
1519 3125 1606 3179 Ἐν
1663 3122 1844 3196 τούτῳ

182 3219 320 3288 γοῦν
346 3218 427 3286 τῷ
455 3211 768 3289 παραδείσῳ
797 3213 886 3269 καὶ
916 3213 1079 3290 ἀρετὴ
1130 3214 1220 3268 καὶ
1269 3214 1434 3290 σοφία
1469 3213 1558 3268 καὶ
1617 3211 1844 3285 εὐνομία

1958 641 2240 696 scrutaris
2272 643 2422 696 lunas
2441 639 2752 697 volubilem
2779 645 3027 709 motum,
3051 657 3164 696 non
3189 641 3345 696 enim
3368 645 3608 714 propter

1958 733 2015 784 te
2063 728 2248 785 currit
2295 729 2416 800 illa,
2466 729 2566 785 sed
2617 729 2877 801 agitatur
2914 746 2946 785 a
2976 729 3326 786 necessitate
3357 730 3603 800 potiore.

1959 818 2259 874 Steli'arum
2299 834 2622 890 progressus
2671 823 2768 874 tua
2814 835 2984 874 causa
3030 821 3210 890 factus
3257 833 3368 874 non
3396 827 3515 886 est;
3544 819 3604 875 id

1959 912 2069 974 est,
2095 906 2398 964 stellarum
2423 909 2602 964 duces
2627 924 2690 962 ac
2712 907 2986 979 preteeti,
3011 911 3129 961 tam
3155 908 3400 963 lixarum
3423 923 3603 979 quam

1958 997 2366 1064 erraticarum,
2393 995 2708 1052 essentiam
2734 996 2854 1051 sive
2875 995 3269 1052 substantiam
3292 1013 3461 1052 suam
3484 1012 3603 1053 non

1956 1084 2018 1140 in
2064 1087 2150 1142 tui
2183 1085 2431 1160 gratiam
2465 1085 2620 1140 nacti
2665 1088 2820 1141 sunt.
2859 1085 3139 1141 zEtheriae
3175 1087 3362 1140 avium
3395 1085 3604 1157 plantae

1958 1172 2084 1229 latae
2112 1190 2224 1230 non
2253 1181 2383 1229 sunt
2411 1189 2652 1241 veraces,
2685 1173 2741 1228 id
2775 1177 3009 1241 est,ars,
3044 1189 3113 1228 ex
3145 1173 3340 1229 avium
3379 1173 3439 1229 in
3472 1190 3603 1232 aere

1954 1262 2275 1319 volantium
2334 1264 2720 1335 inspectione,
2781 1280 2956 1336 quam
3014 1263 3188 1319 etiam
3262 1263 3603 1338 auguralem

1958 1351 2264 1407 scientiam
2299 1352 2632 1421 nominant,
2663 1353 2895 1409 curiose
2916 1352 3148 1408 illarum
3174 1352 3452 1423 volatum,
3475 1370 3608 1426 gar-

1956 1440 2163 1508 ritum,
2212 1444 2268 1495 et
2316 1441 2487 1496 sedes
2529 1442 2872 1508 observans,
2918 1457 3053 1496 vera
3099 1457 3207 1496 non
3259 1446 3368 1496 est.
3402 1442 3604 1497 Latam

1957 1533 2151 1584 autem
2204 1527 2466 1602 plantam
2500 1533 2686 1598 vocat,
2720 1529 3030 1585 dilatatum
3065 1529 3279 1600 pedum
3311 1545 3606 1601 gressum,

1956 1619 2028 1674 ob
2075 1617 2396 1690 digitorum
2449 1619 2850 1674 extensionem
2897 1623 3026 1674 cute
3057 1619 3210 1673 inter
3248 1618 3380 1674 illos
3411 1619 3608 1674 media

1956 1724 2132 1780 quam
2166 1707 2510 1781 longissime
2540 1708 2801 1765 diducta.
2837 1710 2901 1765 Et
2931 1709 3283 1764 victimarum
3312 1711 3609 1765 viscerum-

1954 1813 2059 1869 que
2102 1800 2387 1868 sectiones,
2427 1798 2539 1854 haec
2586 1799 2775 1854 omnia
2807 1798 3053 1854 ludibria
3083 1806 3244 1861 sunt;
3275 1798 3335 1853 id
3365 1802 3473 1866 est,
3509 1815 3604 1856 ars

1956 1885 2349 1953 sacrificandi,
2383 1891 2502 1941 tam
2528 1904 2596 1942 ea
2617 1904 2747 1958 quas
2769 1887 2966 1942 futura
2991 1903 3094 1959 per
3113 1887 3402 1954 victimas,
3427 1903 3604 1959 quam

1955 1989 2083 2044 quas
2106 1990 2208 2045 per
2227 1975 2517 2031 viscerum
2541 1980 2929 2030 mactatarum
2953 1975 3279 2031 hostiarum
3305 1977 3603 2033 dissectio-

1957 2078 2088 2117 nem
2121 2063 2388 2135 inquirit,
2421 2063 2735 2119 manifesta
2754 2065 2983 2120 ludicra
3004 2069 3161 2119 sunt.
3185 2066 3602 2134 Negotiatorum

1953 2153 2158 2206 erroris
2178 2152 2385 2223 fulcra,
2414 2153 2469 2207 id
2497 2158 2603 2220 est,
2629 2151 2773 2208 lucri
2801 2153 3182 2208 fraudulentae
3207 2155 3592 2224 captationes.

1954 2241 2035 2296 Ne
2066 2241 2247 2312 igitur
2268 2242 2393 2314 (ait)
2418 2247 2480 2297 tu
2506 2259 2644 2298 mem
2669 2242 2995 2314 disciplinze
3017 2243 3244 2297 traditae
3262 2242 3603 2298 istiusmodi

1955 2331 2183 2387 curiose
2216 2332 2535 2404 indagaris,
2569 2331 2618 2387 si
2652 2331 2892 2403 quidem
2926 2347 3156 2386 sacrum
3201 2331 3434 2403 pietatis
3465 2332 3604 2388 hor-

1954 2424 2083 2474 tum
2116 2419 2222 2474 tibi
2251 2424 2449 2490 patere
2479 2418 2642 2475 velis.
2678 2419 2775 2473 Est
2807 2423 2997 2473 autem
3032 2435 3196 2474 sacer
3218 2418 3449 2489 pietatis
3471 2419 3606 2475 hor-

1955 2513 2050 2564 tus
2082 2509 2202 2563 sive
2234 2508 2545 2580 paradisus
2577 2509 2902 2563 secundum
2937 2507 3260 2578 Chaldaeos,
3289 2525 3404 2564 non
3427 2524 3605 2579 quem

1957 2597 2169 2670 Moysis
2201 2596 2352 2651 liber
2382 2596 2682 2668 praedicat,
2715 2596 2816 2652 sed
2867 2595 3301 2652 altissimarum
3344 2602 3606 2653 contem-

1955 2684 2284 2757 plationum
2317 2689 2574 2756 pratum,
2608 2685 2665 2738 in
2697 2700 2812 2754 quo
2846 2689 2986 2740 sunt
3015 2685 3184 2738 varias
3205 2684 3486 2740 virtutum
3511 2701 3603 2740 ar-

1953 2775 2124 2829 bores
2172 2779 2229 2828 et
2275 2773 2502 2845 lignum
2554 2772 2908 2844 cognitionis
2955 2771 3095 2828 boni
3143 2778 3201 2827 et
3231 2772 3392 2837 mali,
3427 2774 3484 2828 id
3514 2777 3604 2829 est

1953 2862 2268 2934 prudentia
2315 2861 2712 2932 dijudicatrix,
2766 2862 2920 2917 bona
2949 2879 2982 2917 a
3025 2863 3215 2933 pravis
3243 2877 3598 2932 segregans;

1953 2951 2178 3024 lignum
2210 2951 2461 3021 denique
2494 2951 2644 3020 vitae,
2669 2952 2726 3005 id
2748 2956 2838 3006 est
2859 2950 3060 3022 planta
3083 2949 3491 3006 illustrationis
3512 2951 3602 3006 di-

1954 3041 2118 3111 vinae,
2168 3059 2295 3113 quis
2345 3042 2553 3096 animae
2605 3041 2860 3096 fructum
2911 3040 3222 3096 sanctioris
3253 3045 3310 3096 et
3341 3039 3602 3097 melioris

1955 3130 2086 3186 vitae
2135 3129 2424 3202 producit.
2477 3130 2538 3185 In
2572 3130 2680 3184 hoc
2710 3129 2891 3200 igitur
2921 3129 3192 3200 paradiso
3225 3134 3364 3183 sunt
3393 3129 3600 3196 virtus,

1953 3220 2243 3290 sapientia
2271 3225 2328 3274 et
2357 3218 2625 3290 aequitas.
2659 3222 2758 3273 Est
2788 3223 2984 3273 autem
3013 3217 3200 3272 virtus
3226 3234 3341 3271 una
3363 3218 3602 3288 quidem

185 3302 469 3381 φέρονται.
502 3303 654 3358 ’Ἐστι
709 3300 768 3357 δὶ
817 3303 1002 3374 ἀρετὴ,
1029 3301 1126 3374 μία
1185 3302 1280 3374 μὲν
1325 3304 1360 3370 ἠ
1394 3302 1608 3375 γενικὴ,
1634 3300 1838 3356 πολλαὶ

1956 3324 2184 3380 genere,
2225 3309 2324 3363 sed
2379 3308 2577 3379 plures
2626 3307 2817 3378 specie
2848 3307 3110 3361 diversae.
3144 3306 3445 3378 Sapientia
3469 3322 3602 3362 vero

185 3389 248 3445 δὲ
292 3391 349 3444 αἱ
405 3392 523 3446 κατ’
553 3388 670 3462 εἷ’δη
707 3388 1103 3467 διαιρούμεναι.
1137 3389 1316 3464 Σοφία
1368 3385 1425 3444 δέ
1471 3388 1611 3444 ἐστιν
1645 3392 1677 3458 ἡ
1708 3388 1840 3443 τού-

179 3502 295 3535 των
359 3480 607 3535 ἁπᾶντων
657 3481 998 3554 περιεκτική,
1057 3481 1124 3550 ἣν
1182 3480 1259 3540 ὡς
1313 3479 1454 3552 μόνα
1525 3475 1759 3554 ἅῤῥητον
1814 3479 1842 3533 6

184 3571 336 3633 θεῖος
364 3565 739 3644 προϐάλλεται
769 3573 917 3631 νοῦς.
947 3573 1063 3624 Τῶν
1094 3565 1161 3638 δὴ
1199 3567 1466 3622 τοιούτων
1514 3564 1841 3624 Χαλδαϊκῶν

181 3659 582 3734 παραινέσεων,
628 3659 696 3714 τὰ
755 3657 850 3731 μὶν
907 3655 1086 3712 πλείω
1160 3656 1250 3712 καὶ
1323 3660 1442 3718 ταῖς
1517 3657 1636 3711 καθ’
1695 3659 1844 3729 ἡμᾶς

186 3746 506 3824 εἰσηγήσεσι
531 3744 815 3818 κατάδηλά
846 3746 963 3808 πώς
993 3745 1116 3800 εἶσι·
1146 3745 1268 3801 τινὰ
1325 3742 1382 3800 δὲ
1426 3745 1515 3800 καὶ
1557 3744 1842 3815 ἠθέτηται.

181 3834 294 3891 Τοῦ
351 3837 452 3912 γὰρ
506 3837 626 3901 καθ’
653 3838 803 3910 ἡμᾶς
863 3832 1132 3910 δόγματος
1193 3831 1494 3911 διαρῥήδην
1545 3835 1847 3912 φάσκοντος

188 3919 287 3977 διὰ
311 3922 405 3977 τὸν
465 3920 748 3998 ἄνθρωπον
801 3923 901 3992 τήν
963 3921 1161 3995 ὁρατήν
1221 3928 1541 3996 γεγενῆσθαι
1588 3919 1783 3991 κτίσιν,
1815 3921 1844 3976 6

184 4007 470 4072 Χαλδαῖος
498 4011 592 4066 τὸν
623 4009 786 4088 λόγον
838 4010 900 4067 ού
947 4007 1342 4086 παραδέχεται,
1376 4008 1503 4066 ἀλλ’
1532 4007 1722 4073 ἀϊδίως
1763 4009 1844 4065 τί·

186 4102 340 4155 Θεται
397 4101 660 4164 κινεῖσθαί
712 4119 764 4154 τι
821 4101 938 4156 κατ’
968 4099 1222 4174 οὐρανὸν,
1255 4094 1396 4176 ἔργῳ
1448 4099 1703 4176 ἀνάγκης,
1737 4098 1845 4175 οὐχ

183 4185 362 4245 ἶνεκεν
395 4192 555 4262 ἡμῶν
569 4232 582 4246 .

186 4323 348 4414 algeo
379 4322 515 4414 [καὶ]
546 4321 978 4414 ψρχῆςῖόχετρὶρ,
1011 4318 1131 4414 ίξθεν
1230 4321 1334 4376 τίνι
1364 4319 1507 4414 τάξει

184 4398 419 4468 Σώματι
450 4393 709 4464 estates;
731 4393 995 4464 έπῖτάξιν
1026 4393 1145 4457 ἰθὺς
1180 4393 1524 4465 ἀναστήσεις,

298 4540 572 4615 .....Ἰερῷ
602 4533 759 4614 λόγῳ
787 4534 946 4615 ἔργον
977 4538 1202 4599 ένώσας.

1952 3412 2158 3452 omnes
2187 3397 2428 3452 virtutes
2460 3396 2519 3451 in
2550 3413 2614 3452 se
2643 3395 3073 3466 complectitur,
3107 3411 3283 3466 quam
3319 3401 3382 3451 ut
3411 3394 3601 3451 solam

1952 3484 2308 3542 inell'abilem
2342 3503 2510 3540 mens
2541 3483 2736 3539 divina
2770 3484 3006 3554 profert.
3040 3487 3229 3554 Atque
3249 3483 3602 3539 exhortatio-

1955 3592 2096 3630 num
2129 3575 2376 3630 istarum
2411 3573 2859 3629 Cbaldaicarum
2892 3589 3028 3643 pars
3068 3588 3282 3644 magna
3314 3573 3601 3643 quodam-

1956 3664 2126 3719 modo
2158 3679 2188 3718 e
2237 3667 2570 3718 nostrorum
2605 3660 2895 3716 institutis
2925 3665 3127 3732 aperta
3155 3665 3264 3730 est,
3297 3677 3434 3731 pars
3466 3677 3600 3717 vero

1956 3751 2103 3807 falsa
2123 3756 2180 3806 et
2199 3768 2268 3807 ex
2287 3751 2653 3806 ethnicorum
2678 3748 2942 3805 doctrina
2955 3750 3284 3821 desumpta.
3301 3749 3448 3804 Nam
3462 3765 3598 3806 cum

1956 3847 2158 3896 nostra
2177 3839 2439 3896 doctrina
2461 3838 2768 3894 manifeste
2780 3842 3339 3894 asseratcreaturam
3360 3854 3598 3894 omnem

1953 3929 2106 3985 visui
2149 3929 2474 4000 subjectam
2516 3927 2823 3983 hominum
2855 3943 3034 3983 causa
3062 3927 3359 3982 conditam
3392 3926 3596 3998 fuisse,

1953 4019 2258 4074 Cbaldaaus
2291 4018 2446 4073 istud
2479 4018 2720 4072 verbum
2752 4016 2993 4072 omnino
3025 4033 3142 4071 non
3183 4015 3466 4084 admittit,
3498 4017 3601 4072 sed

1955 4112 2235 4180 perpetuo
2265 4123 2440 4162 cursu
2471 4104 2730 4162 ccelestia
2756 4104 2892 4161 ferri
2923 4105 3104 4161 tradit
3122 4104 3176 4159 vi
3203 4103 3597 4177 necessitatis,

1955 4213 2071 4252 non
2103 4201 2339 4268 propter
2368 4211 2497 4251 nos.

1952 4329 2219 4385 Scrutare
2237 4327 2442 4383 animo:
2470 4329 2680 4397 rivum,
2714 4326 2859 4382 unde
2882 4330 2978 4382 aut
3002 4341 3106 4397 quo
3137 4326 3350 4383 ordine.

1955 4401 2184 4471 Corpori
2237 4401 2587 4454 mercenaria
2635 4415 2808 4471 opera
2855 4401 3106 4469 praestita
3158 4399 3234 4454 ad
3274 4399 3602 4467 dignitatem

3013 4473 3239 4538 [iterum
3271 4471 3529 4539 extollas,

1955 4544 2135 4599 Sacrae
2165 4545 2374 4599 rationi
2401 4558 2561 4614 opere
2587 4541 2866 4614 adjuncto.

258 4671 547 4741 Τουτέστι,
577 4674 727 4744 ζήτει
756 4673 855 4741 τὴν
887 4671 1066 4748 ἀρχῆν
1118 4678 1217 4740 τῆς
1259 4674 1468 4746 ψυχῆς,
1500 4670 1659 4725 πόθεν
1715 4691 1843 4745 παρ-

2032 4677 2147 4732 lloc
2177 4681 2290 4746 est,
2322 4692 2514 4746 qurere
2546 4675 2754 4729 anima:
2788 4673 3095 4745 originem,
3131 4675 3286 4729 unde
3321 4676 3607 4746 producta

183 4761 346 4838 ⁴οςχθη
401 4761 491 4816 καὶ
546 4758 832 4816 ἐδούλευσε
892 4761 1127 4833 σώματι,
1160 4759 1250 4815 καὶ
1301 4763 1420 4822 πῶς
1470 4759 1531 4814 ἂν
1584 4780 1669 4816 τις
1715 4758 1843 4814 ταύ-

183 4872 289 4922 την
323 4850 764 4923 ἀνακτησάμενος
809 4849 897 4904 καὶ
958 4847 1166 4926 έγείρας
1223 4845 1311 4904 διὰ
1366 4852 1474 4903 τῶν
1519 4845 1843 4903 τελεστικῶν

187 4937 389 5014 ἔργων,
419 4937 710 5014 παναγάγῃ
769 4938 888 5002 ὅθεν
946 4936 1200 5017 ἀφίκετο·
1236 4938 1370 5012 ἱερῷ
1426 4935 1575 5013 λόγῳ
1621 4934 1844 5000 ένώσαςο

185 5031 354 5082 τοῦτο
382 5023 440 5082 δὲ
486 5025 732 5082 τοιοῦτόν
790 5025 953 5084 ἐστιν.
983 5026 1149 5101 Ἱερός
1200 5026 1344 5081 ἑστιν
1392 5028 1528 5098 ἡμῖν
1581 5025 1609 5080 6
1657 5023 1846 5099 λόγος,

185 5118 224 5185 ἡ
257 5114 420 5190 νοερᾶ
469 5116 605 5184 ζωὴ,
642 5111 856 5187 μᾶλλον
890 5112 948 5170 δὲ
995 5116 1031 5184 ἡ
1097 5113 1415 5187 ὑψηλοτέρα
1471 5110 1697 5186 δύναμις
1747 5119 1846 5183 τῆς

184 5207 403 5280 ψυχῆς,
432 5205 492 5272 ἣν
544 5201 701 5266 ἄνθος
733 5207 830 5258 νοῦ
886 5202 939 5258 ἰν
996 5200 1204 5278 έτὲροις
1255 5200 1509 5276 ὀνομάζει
1540 5202 1602 5257 τὸ
1635 5200 1844 5277 λόγιον.

183 5290 356 5348 ’Δλλ⁸
387 5292 544 5354 οὗτος
577 5293 605 5347 6
648 5291 792 5368 ἱερὸς
837 5290 1002 5368 λόγος
1049 5288 1300 5348 ἀδονατεῖ
1345 5291 1435 5368 ἀφ’
1463 5291 1654 5346 ἑαυτοῦ
1711 5292 1848 5368 πρὸς

182 5383 290 5451 τήν
323 5380 667 5457 ὑψηλοτέραν
719 5381 1036 5457 ἀναγωγὴν,
1067 5381 1159 5436 καὶ
1208 5381 1346 5456 πρὸς
1397 5381 1497 5449 τὴν
1554 5384 1652 5435 τοῦ
1705 5380 1850 5444 θείου

184 5467 514 5547 περίληψιν.
549 5469 649 5528 Καὶ
682 5471 710 5525 6
746 5469 842 5543 μὶν
887 5477 988 5540 τῆς
1041 5465 1314 5534 εὐσεϐείας
1362 5467 1524 5544 λόγος
1573 5489 1850 5545 ’χειραγω-

185 5566 280 5636 γεῖ
332 5563 526 5614 τοῦτον
577 5559 716 5635 πρὸς
774 5559 928 5628 Θεὸν,
962 5555 1053 5614 διὰ
1097 5563 1207 5614 τῶν
1258 5557 1460 5621 έκεῖθεν
1495 5555 1849 5632 ἐλλάμψεων·

187 5651 220 5705 6
271 5644 332 5703 δὲ
374 5646 648 5710 Χαλδαῖος
701 5645 791 5702 διὰ
846 5649 947 5717 τῆς
1001 5645 1322 5712 τελεπικῆε
1375 5643 1704 5720 ἐπιστήμης.
1755 5653 1851 5703 Τε-

186 5737 418 5810 λεστικῆ
472 5734 532 5794 δὶ
587 5735 867 5812 έπιστήμη
921 5735 1087 5811 ἐστὶν,
1148 5738 1184 5808 ἠ
1238 5737 1354 5793 οἷον
1409 5732 1698 5793 τελειοῦσα
1755 5739 1855 5810 τήν

522 5869 784 5929 Ρλτιιοι.
839 5867 947 5927 Gn.
997 5865 1236 5926 CXXII.

1957 4765 2180 4836 corpori
2207 4763 2554 4830 inservierit,
2580 4768 2636 4817 et
2656 4778 2772 4833 quo
2796 4768 2963 4832 pacto
2986 4760 3087 4815 illa
3107 4778 3408 4817 sacrarum
3434 4779 3608 4819 caere-

1957 4854 2289 4909 moniarum
2323 4868 2492 4923 opere
2521 4850 2871 4917 refocillata,
2902 4849 3153 4906 lustrata
3184 4855 3361 4922 atque
3390 4857 3605 4922 erecta,

1956 4959 2022 5000 eo
2055 4943 2210 4998 unde
2247 4944 2483 4995 venerat
2505 4939 2702 4994 reduci
2727 4943 2926 5010 queat,
2949 4954 3103 4993 sacra
3125 4942 3342 4995 ratione
3363 4943 3607 5012 conjun-

1955 5036 2062 5088 cta.
2113 5031 2176 5085 Id
2223 5028 2381 5100 quod
2428 5027 2512 5082 ita
2558 5025 3005 5098 intelligendum
3037 5027 3218 5082 venit.
3252 5027 3428 5082 Sacra
3459 5026 3607 5083 ratio

1957 5120 2017 5175 in
2065 5117 2236 5174 nobis
2278 5121 2366 5172 est
2393 5115 2513 5170 vita
2541 5113 2838 5170 intellectu
2876 5115 3120 5187 prmdita
3151 5119 3252 5170 aut
3283 5115 3482 5186 potius
3513 5130 3611 5170 su-

1959 5223 2160 5282 prema
2186 5205 2396 5262 animae
2418 5203 2689 5268 facultas,
2712 5219 2892 5274 quam
2917 5203 3134 5259 mentis
3157 5203 3360 5259 florem
3386 5202 3608 5259 alicubi

1959 5296 2261 5354 oraculum
2292 5292 2570 5366 appellat.
2604 5291 2821 5348 Verum
2871 5307 3038 5348 sacra
3084 5291 3195 5348 ista
3227 5293 3374 5349 ratio
3403 5291 3610 5364 nequit

1959 5403 2064 5443 suo
2095 5385 2292 5456 opsiu
2324 5384 2501 5438 ductu
2535 5386 2593 5438 et
2623 5381 2889 5453 auspicio
2918 5381 2991 5437 ad
3023 5380 3327 5453 superiora
3347 5383 3610 5454 aspirare

1961 5481 2019 5532 et
2044 5491 2138 5531 res
2167 5473 2399 5530 divinas
2433 5471 2946 5544 comprehendere.
2993 5472 3179 5539 Atque
3210 5471 3442 5543 pietatis
3475 5470 3610 5543 qui-

1962 5565 2092 5620 dem
2123 5561 2464 5618 institutum
2497 5561 2567 5615 ad
2595 5566 2772 5616 Deum
2797 5558 2959 5614 illam
2985 5576 3158 5614 manu
3184 5560 3326 5615 dicit
3346 5575 3454 5632 ope
3475 5558 3612 5614 illu-

1963 5651 2357 5707 minationum
2411 5649 2532 5705 sive
2579 5648 3018 5704 institutionum
3050 5647 3278 5704 ccelitus
3307 5647 3612 5704 immissa-

1963 5757 2142 5813 rum;
2218 5739 2526 5796 Chaldaeus
2577 5755 2708 5796 vero
2765 5737 2944 5793 ritum
3002 5755 3068 5795 ac
3126 5737 3612 5796 ceremoniarum

3213 5867 3290 5928 36
