4056 6346
499 394 650 455 1131

1835 390 2252 452 MICHAELIS
2295 388 2561 451 PSELLI

3759 390 3905 450 1132

500 529 768 587 scientia.
821 532 957 595 Quae
1002 526 1251 583 scientia
1301 526 1526 583 rituum
1557 524 1849 582 initiatrix
1885 525 2143 581 animam

2272 524 2445 597 pax-qv
2498 518 2588 577 διὰ
2624 528 2726 592 τῆς
2766 526 2875 578 τῶν
2922 519 3132 586 ἐνταῦθ’
3166 520 3369 578 ὑλικῶν
3403 518 3706 595 δυνάμεως.
3736 520 3913 593 Τούτῳ

496 621 811 691 perfectam
864 618 1054 674 reddit
1097 634 1204 685 ope
1238 621 1295 674 et
1324 616 1585 690 potentia
1614 615 2005 673 materialium
2042 620 2154 670 ter-

499 710 798 764 restrium.
831 708 977 763 Huic
1004 709 1183 780 igitur
1214 707 1339 779 (ait)
1372 723 1551 763 sacrae
1581 706 1792 761 rationi
1834 721 1965 761 cum
1999 721 2148 776 opus

498 797 777 866 universi,
825 797 883 852 id
936 801 1026 854 est
1074 813 1210 853 cum
1261 813 1440 852 sacrae.
1492 795 1703 851 rationi
1750 795 1981 865 animae,
2026 794 2147 849 sive

496 885 887 957 praestantiori
941 886 1101 941 illius
1146 884 1408 941 facultati
1462 883 1946 940 caeremoniarum
1999 899 2148 955 opus

499 976 895 1045 conjunxeris.
928 976 998 1030 Et
1026 974 1339 1047 Gregorius
1371 973 1607 1045 quidem
1638 972 1968 1044 Theologus
1998 988 2028 1026 e
2051 988 2149 1027 no-

497 1065 656 1132 stris,
693 1066 917 1121 ratione
949 1069 1006 1120 et
1035 1063 1528 1135 contemplatione
1555 1061 1814 1118 animam
1849 1061 1921 1117 ad
1951 1060 2150 1116 divina

496 1155 706 1225 evehit,
756 1156 980 1211 ratione
1031 1171 1160 1225 quae
1190 1154 1250 1207 in
1280 1152 1450 1208 nobis
1482 1151 1877 1223 principatum
1924 1150 2150 1206 obtinet

494 1245 916 1316 intellectuque
946 1245 1190 1315 praedita
1220 1251 1330 1312 est,
1364 1242 1881 1313 contemplatione,
1905 1257 2033 1311 quae
2057 1256 2151 1295 su-

494 1351 673 1406 perne
701 1335 942 1389 veniens
976 1332 1338 1388 illuminatio
1369 1336 1479 1387 est.
1512 1330 1674 1386 Plato
1694 1346 1825 1386 vero
1848 1329 2074 1385 ratione
2094 1331 2152 1383 et

492 1424 792 1479 intellectu
824 1424 1143 1479 essentiam
1178 1420 1574 1494 generationis
1607 1423 1903 1490 expertem
1935 1418 2149 1490 princi-

497 1515 708 1585 pioque
731 1516 1025 1567 carentem
1050 1530 1082 1566 a
1106 1513 1275 1567 nobis
1298 1509 1714 1582 comprehendi
1732 1524 1902 1580 posse
1916 1508 2147 1564 statuit.

498 1606 570 1658 At
616 1602 921 1659 Chaldaeus
972 1600 1053 1656 ait
1102 1618 1216 1657 non
1267 1599 1435 1655 aliter
1484 1615 1589 1654 nos
1620 1600 1691 1654 ad
1727 1599 1908 1654 Deum
1942 1598 2149 1653 deduci

501 1708 692 1762 posse,
724 1690 837 1746 nisi
861 1690 1065 1745 animae
1090 1689 1425 1746 vehiculum
1450 1686 1855 1743 materialibus
1878 1701 2150 1743 caeremo-

2262 616 2415 686 γοῦν,
2450 613 2605 686 φησὶ,
2637 617 2715 685 τῷ
2772 613 2904 689 ἱερῷ
2960 610 3113 687 λόγῳ
3170 609 3329 688 ἔργον
3385 612 3610 685 ἱνώσας,
3671 612 3911 667 τουτέστι

2258 699 2497 776 συνάψας
2546 706 2627 774 τῷ
2678 702 2811 778 ἱερῷ
2852 701 3007 777 λόγῳ
3045 706 3147 767 τῆς
3188 705 3400 777 ψυχῆς,
3447 701 3570 770 ἤτοι
3618 706 3687 775 τῇ
3744 701 3914 774 xpute-

2254 811 2370 845 τονι
2432 788 2657 863 δυνάμει
2706 791 2766 847 τὸ
2817 798 2918 861 τῆς
2962 790 3189 862 τελετῆς
3241 789 3413 868 ἔργον.
3442 791 3548 847 Καὶ
3578 792 3609 845 6
3644 792 3745 863 μὶν
3807 792 3917 853 καθ’

2256 884 2406 955 ἡμᾶς
2459 879 2728 956 Θεολόγος
2776 880 3081 958 Γρηγόριος
3135 879 3284 956 λόγῳ
3325 881 3417 935 καὶ
3458 884 3527 955 τῇ
3568 882 3781 956 Θεωρία
3827 880 3918 946 τὴν

2259 972 2445 1046 ψυχὴν
2480 969 2663 1045 ἀνάγει
2713 971 2850 1046 πρὸς
2900 970 2969 1026 τὰ
3026 970 3294 1046 θειότερα’
3339 968 3489 1044 λόγῳ
3515 974 3594 1041 τῷ
3621 976 3745 1033 καθ’
3776 971 3922 1042 ἡμᾶς

2256 1064 2336 1132 τῷ
2381 1061 2700 1135 νοερωτὲρῳ
2745 1061 2836 1115 καὶ
2896 1058 3187 1135 κρείττονι,
3220 1058 3421 1137 θεωρίᾳ
3476 1063 3545 1132 τῇ
3594 1059 3729 1134 ὑπὲρ
3777 1061 3925 1131 ἡμᾶς

2261 1148 2561 1223 ἐλλάμψει.
2594 1150 2654 1206 Ὁ
2688 1146 2746 1203 δὲ
2772 1148 3000 1205 Πλάτων
3037 1147 3188 1225 λόγῳ
3215 1149 3305 1204 καὶ
3333 1150 3520 1219 νοήσει
3570 1147 3923 1225 πριληπτήν

2260 1241 2397 1311 ἡμῖν
2446 1240 2544 1306 τήν
2598 1238 2889 1313 ἀγέννητον
2941 1238 3125 1293 οὐσίαν
3177 1238 3415 1302 τίθεται·
3450 1239 3480 1293 6
3527 1234 3583 1293 δὲ
3640 1234 3926 1299 Χαλδαῖος

2263 1328 2361 1383 οὐκ
2406 1326 2591 1389 ἄλλως
2641 1327 2805 1405 φησὶν
2857 1328 3005 1400 ἡμᾶς
3054 1329 3342 1403 ἀνάγεσθαι
3390 1328 3527 1403 πρὸς
3557 1327 3707 1399 Θεὸν,
3743 1326 3799 1381 εἴ
3850 1327 3925 1398 μή

2261 1414 2652 1489 δυναμώσομεν
2698 1416 2760 1470 τὸ
2807 1423 2907 1486 τῆς
2964 1418 3148 1492 ψυχῆς
3205 1413 3400 1491 ὄχημα
3443 1413 3530 1470 διὰ
3570 1419 3680 1470 τῶν
3708 1414 3923 1470 ὑλικῶν

2257 1505 2512 1561 τελετῶν⁸
2554 1503 2723 1560 οἷέται
2782 1506 2885 1582 γὰρ
2942 1505 3287 1581 καθαίρεσθαι
3343 1506 3444 1575 τήν
3500 1506 3683 1580 ψυχὴν
3745 1503 3927 1566 λίθοις

2260 1596 2350 1650 καὶ
2400 1594 2558 1658 πόαις
2607 1595 2697 1651 καὶ
2746 1594 3007 1669 ἐπῳδαῖς,
3037 1595 3129 1651 καὶ
3170 1593 3431 1671 εὔτροχον
3480 1595 3611 1649 εἶναι
3652 1596 3800 1670 πρὸς
3824 1595 3927 1661 τήν

2263 1679 2537 1744 ἀνάϐασιν.

506 1782 620 1837 niis
669 1785 871 1852 aptum
924 1780 1240 1835 reddamus
1287 1783 1461 1850 atque
1492 1779 1799 1832 firmemus
1826 1796 1840 1845 ;
1878 1776 2198 1833 arbitratur
2228 1776 2382 1832 enim
2418 1776 2675 1831 animam
2709 1775 2910 1848 lignis,
2941 1775 3142 1832 herbis
3172 1780 3229 1831 et
3257 1774 3622 1831 carminibus
3652 1773 3927 1844 lustrari,

504 1870 929 1943 agilioremque
960 1870 1032 1924 ad
1064 1885 1376 1925 ascensum
1409 1866 1595 1923 reddi.

501 1998 578 2077 [tie
598 1998 857 2077 deorsum
886 2013 1098 2077 vergas,
1133 1997 1277 2050 locus
1296 1996 1612 2077 praeruptus
1638 1994 1698 2077 in
1718 1992 2155 2077 terrasubjacet',

2413 1985 2516 2077 [δὲι]
2559 1986 2921 2077 κάτωνέύσῃς,
2960 1985 3226 2077 κρημνός.
3264 1986 3400 2077 κατὰ
3453 1994 3564 2077 γεῆς
3617 1988 3928 2077 ξπόπξειται,

499 2071 577 2125 De
630 2069 890 2140 gradibus
952 2063 1172 2122 trahens
1221 2063 1426 2137 septem
1480 2066 1598 2120 vias
1647 2065 2017 2190 habsnlirbus,b
2060 2063 2159 2118 sub

1889 2152 1981 2190 oui
2024 2150 2089 2190 us

632 2137 647 2140 ⁷
1864 2137 2089 2208 [quibus

502 2213 849 2269 Necessitatis
878 2212 1083 2266 solium
1108 2217 1205 2265 est.

576 2334 893 2391 Oraculum
925 2334 1201 2389 admonet
1231 2332 1490 2388 animam
1527 2348 1656 2404 quae
1686 2349 1719 2387 a
1749 2332 1862 2387 Doo
1895 2329 2161 2403 proxima

509 2428 618 2495 est,
669 2428 734 2478 ut
783 2423 923 2478 huic
976 2422 1082 2477 soli
1131 2426 1255 2477 tota
1307 2425 1504 2477 mente
1533 2421 1843 2491 adhaereat,
1876 2435 2064 2491 neque
2090 2420 2159 2474 ad

511 2517 749 2568 terrena
780 2527 1017 2567 cursum
1058 2510 1315 2565 inﬂectat
1339 2527 1351 2565 :
1377 2511 1533 2581 quod
1556 2509 1888 2565 immensus
1911 2526 1942 2564 a
1963 2508 2079 2564 Deo
2100 2508 2159 2562 in

510 2607 728 2658 terram
752 2605 948 2672 pateat
966 2601 1182 2669 hiatus,
1208 2600 1306 2671 qui
1331 2602 1560 2655 animas
1584 2616 1685 2670 per
1707 2599 1913 2654 limina
1934 2602 2159 2669 septem

512 2691 821 2746 tramitum
849 2690 1140 2745 detrahat.
1172 2693 1320 2744 Sunt
1353 2695 1548 2743 autem
1573 2687 1778 2743 limina
1802 2692 2024 2759 septem
2050 2692 2163 2743 tra-

516 2781 749 2848 mitum,
784 2785 1011 2852 septem
1043 2779 1366 2835 errantium
1400 2778 1699 2833 stellarum
1741 2779 1933 2833 orbes.
1963 2776 2020 2830 Si
2054 2777 2162 2831 ita-

511 2884 624 2939 que
656 2884 907 2939 superne
939 2867 1212 2922 deorsum
1244 2866 1444 2921 anima
1478 2865 1790 2934 nutaverit,
1815 2881 1917 2936 per
1937 2869 2162 2936 septem

507 2956 743 3012 illardm
776 2957 945 3012 orbes
976 2956 1034 3010 in
1069 2961 1285 3010 terram
1317 2957 1554 3010 feretur.
1598 2955 1709 3009 Sed
1740 2953 1898 3009 istud
1940 2958 2164 3024 septem

514 3046 868 3102 circulorum
917 3045 1028 3101 iter
1058 3050 1342 3115 tanquam
1377 3061 1480 3115 per
1508 3044 1729 3115 gradus
1772 3044 2057 3114 quosdam
2092 3043 2162 3099 ad

516 3135 886 3191 necessitatis
917 3134 1133 3190 solium
1185 3133 1458 3188 deducit:
1496 3150 1610 3203 quo
1642 3148 1773 3187 cum
1808 3131 2005 3187 anima
2034 3148 2164 3203 per-

505 3226 749 3291 venerit,
798 3222 1122 3278 inevitabili
1190 3222 1399 3277 mundi
1432 3222 1648 3278 terreni
1688 3220 1975 3277 desiderio
2007 3225 2163 3277 tene-

512 3319 629 3369 tur.

736 3404 979 3458 Nomina
1013 3401 1251 3457 barbara
1280 3417 1567 3473 nunquam
1593 3401 1898 3455 mutaveris
1918 3417 1938 3456 :

590 3494 647 3549 Id
684 3497 794 3561 est,
845 3492 1090 3565 singulae
1138 3495 1340 3564 gentes
1374 3492 1595 3547 habent
1624 3491 1865 3547 nomina
1899 3492 2163 3562 quaedam

518 3582 797 3637 divinitus
829 3583 984 3648 data,
1017 3599 1140 3652 qua:
1172 3580 1577 3637 incredibilem
1609 3582 1722 3636 vim
1750 3581 1969 3636 habent
1990 3581 2047 3636 in
2071 3599 2164 3636 sa-

518 3672 651 3727 cris.
685 3672 767 3727 Ne
798 3671 977 3744 igitur
996 3671 1098 3726 illa
1118 3675 1441 3726 commutes
1465 3676 1565 3725 aut
1584 3671 1904 3726 transferas
1927 3671 1986 3725 in
2008 3673 2163 3725 Grae-

516 3778 716 3817 corum
766 3777 1115 3827 sermonem,
1170 3763 1234 3814 ut
1285 3765 1374 3815 est
1414 3776 1625 3814 nomen
1657 3758 1983 3831 Seraphim,
2015 3759 2163 3815 Che-

514 3852 729 3915 ruhim,
754 3849 1017 3915 Michael,
1043 3848 1295 3904 Gabriel.
1322 3848 1413 3903 Sic
1437 3849 1589 3904 enim
1607 3850 1778 3919 juxta
1794 3850 2160 3904 Hebraeorum

496 3939 823 3993 ‘dialectum
852 3937 1077 4009 prolata
1110 3936 1463 4008 singularem
1494 3941 1551 3991 et
1582 3936 1935 3993 ineffabilem
1967 3936 2164 3993 effica-

507 4026 657 4083 ciam
710 4029 765 4082 in
817 4042 1119 4082 sacrorum
1166 4024 1681 4081 administratione
1731 4026 1949 4081 habent
1996 4030 2055 4081 at
2101 4026 2160 4081 in

506 4117 704 4172 Graeca
736 4115 973 4171 nomina
1000 4119 1379 4184 commutata,
1411 4114 2051 4185 prorsusimbecillem.
2076 4116 2159 4170 Ad

508 4222 599 4259 me
645 4206 801 4276 quod
853 4204 1081 4269 attinet,
1132 4202 1535 4257 Chaldaeorum
1581 4220 1747 4259 sacra
1780 4204 2016 4260 omnino
2044 4220 2160 4259 non

506 4295 706 4364 probo,
737 4310 927 4364 neque
948 4293 1184 4347 illorum
1210 4292 1485 4346 doctrina:
1510 4293 1818 4349 assentior.
1844 4294 2160 4350 Vixautem

501 4382 719 4437 oraculi
754 4382 1176 4437 obscuritatem
1210 4380 1317 4435 tibi
1354 4381 1559 4436 retexi.

506 4496 735 4554 Mundus
789 4496 946 4551 habet
1002 4495 1400 4566 quadamtenus
1449 4499 1841 4552 sustentatores
1881 4499 2163 4556 intellectu

1370 4567 1655 4639 [prwdz'tos
1683 4573 1733 4624 et
1764 4570 2087 4627 immobiles.

578 4675 827 4732 Chaldaei
860 4679 1185 4747 posuerunt
1215 4674 1509 4746 potentias
1533 4674 1588 4729 in
1615 4677 1857 4744 mundo,
1883 4693 2030 4748 quas
2056 4695 2159 4734 no-

507 4767 812 4822 minarunt
862 4765 1065 4820 mundi
1115 4765 1296 4820 duces
1346 4764 1466 4819 sive
1498 4768 1769 4831 rectores,
1799 4766 1952 4837 quod
1986 4784 2160 4823 mun-

507 4858 649 4912 dum
685 4856 940 4911 motibus
972 4871 1106 4909 cum
1140 4853 1465 4926 providenti
1501 4870 1640 4910 cura
1663 4860 1890 4927 regant.
1916 4860 2031 4911 Has
2056 4856 2160 4928 igi-

506 4951 603 5003 tur
661 4945 952 5018 potentias
1018 4944 1140 4998 sive
1200 4942 1508 4999 facultates
1560 4943 1815 5016 appellat
1853 4945 2157 5001 oraculum

508 5039 953 5101 sustentatores,
977 5033 1131 5103 quod
1151 5032 1437 5086 mundum
1456 5032 1791 5087 universum
1806 5033 2156 5088 sustineant.

507 5128 694 5197 Atque
725 5122 1137 5179 immobilitale
1170 5121 1408 5192 quidem
1442 5120 1774 5177 declaratur
1804 5122 2039 5177 illarum
2072 5122 2159 5178 vis

508 5216 674 5269 ﬁrma
699 5231 761 5268 ac
785 5211 1039 5273 stabilis,
1072 5208 1500 5265 sustentatione
1530 5226 1663 5265 vero
1688 5210 1961 5266 custodite
1983 5217 2158 5284 atque

506 5300 963 5358 conservationis
979 5316 1138 5353 cura.
1156 5298 1303 5353 Istas
1318 5303 1511 5353 autem
1530 5299 1837 5355 facultates
1851 5300 2159 5373 designant

507 5407 608 5463 per
630 5390 784 5446 solas
808 5390 1165 5445 mundorum
1190 5403 1398 5443 causas
1418 5392 1473 5443 et
1495 5387 1990 5445 immobilitatem.
2009 5391 2158 5446 Sunt

2268 2057 2613 2137 Ἑπταπόρου
2682 2057 2858 2135 σύρων
2934 2057 3084 2115 κοίτιῖ
3126 2057 3414 2137 βαθμίδος,
3467 2057 3564 2135 ’ὑφ’
3617 2060 3679 2128 ἣν
3732 2062 3764 2114 6
3822 2057 3927 2131 τῆς

2270 2202 2534 2278 ’Δνάγχης
2563 2202 2755 2277 θρόνος
2780 2200 2944 2259 ἐστίν.

2340 2332 2455 2399 Τὴν
2517 2329 2653 2403 μετὰ
2700 2330 2830 2385 Θεὸν
2880 2328 3043 2384 οὖσαν
3098 2329 3281 2404 ψυχὴν
3331 2328 3393 2384 τὸ
3449 2325 3634 2404 λόγιον
3681 2333 3936 2393 νουθετεῖ

2271 2419 2457 2493 ἐκείνῳ
2496 2414 2646 2493 μόνῳ
2700 2417 2990 2495 προσέχειν
3034 2418 3125 2473 τὸν
3176 2422 3322 2487 νοῦν,
3356 2419 3442 2472 καὶ
3498 2420 3574 2490 μή
3615 2419 3767 2473 κάτω
3830 2420 3929 2487 τὴν

2274 2508 2447 2585 ῥοπὴν
2508 2510 2803 2563 ποιεῖσθαιο
2835 2505 3013 2571 πολὺς
3070 2509 3171 2584 γὰρ
3241 2508 3268 2561 6
3323 2508 3428 2562 ἀπὸ
3475 2511 3608 2563 Θεοῦ
3657 2508 3799 2562 κατᾶ
3828 2514 3931 2583 γῆν

2270 2598 2535 2671 κρημνὸς,
2563 2596 2737 2671 σύρων
2788 2597 2884 2659 τὰς
2934 2597 3113 2673 ψυχὰς
3166 2593 3255 2650 διὰ
3301 2603 3402 2665 τῆς
3449 2596 3760 2671 ἑπταπόρου
3799 2596 3931 2671 βαθ-

2276 2683 2454 2757 μίδος.
2486 2685 2828 2761 Ἑπτάπορός
2880 2682 2937 2740 δὲ
2998 2684 3217 2760 βαθμῖς,
3268 2685 3322 2739 αἱ
3369 2689 3479 2741 τῶν
3530 2684 3664 2740 Emi:
3710 2682 3932 2755 πλανηο

2270 2778 2378 2828 τῶν
2435 2775 2657 2852 σφαῖραι
2731 2774 2853 2833 εἰσι.
2907 2774 3153 2829 Νεύσασα
3209 2778 3336 2850 γοῦν
3398 2775 3599 2838 ἄνωθεν
3651 2775 3687 2842 ἡ
3747 2774 3933 2850 ψυχὴ,

2273 2864 2491 2940 φέρεται
2541 2862 2627 2917 ἐπὶ
2674 2870 2776 2939 γῆν
2826 2860 2915 2918 διὰ
2951 2867 3059 2919 τῶν
3106 2862 3240 2918 ἔπτά
3284 2864 3492 2918 τούτων
3546 2866 3824 2939 σφαιρῶν.
3872 2864 3931 2920 Ἠ

2275 2949 2332 3007 δὲ
2374 2957 2482 3007 τῶν
2533 2952 2668 3007 ἒπτά
2717 2950 2933 3007 κύκλων
2980 2952 3055 3014 ὡς
3106 2949 3196 3007 διὰ
3230 2948 3501 3027 βαθμίδος
3554 2948 3788 3012 κάθοδος
3848 2951 3935 3006 ἐπὶ

2273 3042 2364 3096 τὸν
2399 3043 2589 3116 θρόνον
2623 3039 2743 3117 ἄγει
2774 3048 2874 3111 τῆς
2899 3040 3161 3116 ἀνάγκης·
3195 3042 3257 3095 οὗ
3289 3037 3355 3109 δὴ
3405 3041 3669 3117 γενομένη
3702 3042 3739 3109 ἡ
3771 3044 3930 3117 ψυχή

2275 3130 2364 3185 τὸν
2397 3130 2668 3207 περίγειον
2700 3128 2906 3204 κόσμον
2939 3136 3124 3195 ποθεῖν
3154 3130 3529 3204 ἀναγκάζεται.

2488 3398 2765 3472 Ὀνόματα
2798 3397 2873 3471 (8)
2912 3391 3157 3472 βάρϐαρα
3190 3396 3264 3469 μή
3297 3398 3420 3452 ποτ’
3448 3393 3714 3472 ἆλλάξῃς.

2343 3488 2649 3559 Τουτὲστιν,
2718 3486 2850 3541 εἷ’σὶν
2935 3485 3180 3559 ὀνόματα
3248 3491 3375 3561 παρ’
3425 3485 3674 3549 ἑκάστοις
3758 3485 3932 3552 ἔθνεσι

2275 3573 2680 3652 θεοπαράδοτα,
2750 3573 2977 3648 δύναμιν
3056 3574 3107 3629 ἐν
3181 3579 3302 3636 ταῖς
3370 3574 3615 3637 τελεταῖς
3694 3574 3937 3653 ἄρρητον

2274 3663 2491 3741 ἔχοντα.
2526 3666 2620 3733 Μὴ
2654 3666 2745 3720 οὗν
2800 3666 2927 3737 μήτ’
2957 3661 3201 3738 ἀλλάξῃς
3230 3664 3368 3721 αὐτὰ
3418 3664 3495 3726 εἰς
3529 3665 3631 3734 τήν
3663 3664 3931 3734 Έλληνι.

2270 3756 2373 3824 κήν
2407 3751 2718 3809 διάλεκτον⁶
2751 3756 2866 3808 οἷον
2913 3753 2977 3808 τὸ
3023 3753 3318 3827 Σεραφεὶμ,
3347 3752 3435 3807 καὶ
3481 3753 3544 3808 τὸ
3593 3750 3933 3829 Χερουὸεἶμ,

2270 3844 2359 3898 καὶ
2389 3844 2452 3898 τὸ
2482 3842 2734 3918 Μιχαὴλ,
2765 3843 2855 3897 καὶ
2900 3842 2963 3897 τὸ
2994 3835 3262 3914 Γαϐριήλ.
3294 3840 3452 3899 Οὕτω
3502 3842 3599 3916 μὲν
3662 3840 3935 3919 λεγόμενα

2270 3932 2405 3990 κατᾶ
2460 3933 2557 4002 τὴν
2614 3927 2906 4004 Ἐϐραϊκήν
2983 3928 3292 3999 διάλεκτον,
3346 3929 3612 4007 ἰνὲργειαε
3686 3930 3745 3988 ἐν
3810 3940 3932 3994 ταῖς

2269 4022 2513 4085 τελεταῖς
2560 4018 2676 4097 ἔχει
2737 4018 2998 4097 ἄῤῥητον·
3033 4019 3361 4098 άμειφθὲντα
3413 4021 3469 4075 δὲ
3524 4018 3575 4075 ἐν
3630 4026 3753 4083 τοῖς
3811 4021 3935 4079 Ἕλ-

2272 4111 2518 4181 ληνικοῖς
2573 4109 2854 4182 ὀνόμασιν,
2887 4108 3105 4174 ἄσθενῆ.
3140 4109 3281 4183 Ἐγὼ
3331 4105 3388 4163 δὲ
3441 4108 3502 4164 οὐ
3547 4108 3644 4171 τὰς
3677 4109 3933 4167 Χαλδαϊ-

2269 4201 2365 4263 κᾶς
2398 4197 2632 4275 δέχομαι
2663 4198 2907 4270 τελετὰς,
2940 4196 3067 4253 οὔτε
3095 4202 3176 4271 τῷ
3224 4195 3457 4273 δόγματι
3512 4199 3654 4253 πᾶνυ
3702 4200 3934 4274 προσεῖ-

2269 4292 2449 4363 θεμαι.
2476 4287 2816 4363 Ἀνεκάλυψα
2875 4285 2933 4343 δέ
2974 4308 3059 4343 σοι
3114 4285 3277 4362 μόλις
3332 4290 3430 4343 τοῦ
3461 4286 3633 4364 λόγου
3660 4290 3765 4357 τήν
3796 4310 3933 4364 κρυ·

2273 4380 2526 4459 φιότητα.

2412 4497 2535 4556 Ιῐῶς
2564 4489 2680 4571 ἔχει
2707 4492 2915 4567 κόσμος
2947 4490 3170 4565 νοεροὺς
3210 4494 3451 4569 ἀνοχῆας
3491 4492 3793 4567 ἀκαμπεῖς.

2342 4672 2604 4745 Δυνάμεις
2658 4670 2710 4727 ὶν
2758 4675 2836 4743 τῷ
2881 4691 3076 4744 κοσμῳ
3127 4671 3179 4725 οἱ
3229 4667 3501 4728 Χαλδαῖοι
3546 4670 3814 4743 τίθενται,
3843 4671 3933 4727 καὶ

2269 4761 2546 4835 ὠνόμασεν
2600 4759 2762 4822 αὐτᾶς
2809 4758 3210 4836 κοσμαγωγοὺς
3251 4759 3326 4823 ὡς
3373 4761 3466 4816 τὸν
3503 4759 3710 4836 κόσμον
3773 4761 3939 4838 ἀγού-

2271 4872 2363 4913 σας
2422 4854 2814 4927 προνοητικαῖς
2866 4851 3131 4920 κινήσεσι.
3196 4848 3410 4912 Ταύτας
3467 4850 3560 4905 οὗν
3616 4850 3713 4912 τὰς
3771 4847 3935 4907 δυνά-

2272 4961 2393 5013 μεις
2432 4940 2677 5015 ἀνοχῆας
2708 4943 2868 4993 καλεῖ
2905 4938 2970 4993 τὸ
3000 4937 3215 5013 λόγιον,
3264 4939 3339 5001 ὡς
3368 4940 3464 4994 τὸν
3509 4936 3687 4994 πάντα
3718 4939 3932 5014 κόσμον

2268 5029 2565 5105 ἀνεχούσας
2596 5048 2608 5062 ο
2669 5032 2749 5100 τῷ
2810 5028 2902 5100 μὲν
2959 5027 3203 5100 ἀκαμπεῖ
3258 5032 3358 5093 τῆς
3430 5030 3691 5103 παθερᾶς
3754 5029 3933 5085 αὐτῶν

2269 5116 2612 5191 δηλουμένης
2643 5115 2943 5189 δυνάμεως
2975 5120 3056 5188 τῷ
3108 5113 3165 5171 δὲ
3223 5116 3489 5193 ἀνοχικῷ,
3522 5124 3622 5185 τῆς
3681 5138 3932 5196 φρουρη-

2264 5215 2443 5277 τικῆς.
2475 5206 2682 5270 Ταύτας
2742 5203 2798 5261 δὲ
2842 5205 2941 5267 τὰς
2993 5202 3264 5279 δυνάμεις,
3300 5202 3388 5260 διὰ
3450 5207 3624 5279 μόνης
3671 5212 3787 5263 τῶν
3834 5210 3929 5263 κό-

2268 5320 2418 5371 σμων
2452 5296 2627 5360 αῗτίας
2655 5296 2741 5351 καὶ
2779 5293 3035 5357 ἀκλινοῦς
3066 5293 3355 5370 ὁρίζονιαι.
3389 5294 3511 5350 Εἷσῖ
3556 5294 3615 5350 δὲ
3661 5298 3757 5351 καὶ
3813 5294 3934 5354 ’ἐτε-

2268 5409 2354 5465 ραι
2401 5384 2653 5462 δυνάμεις
2699 5384 2991 5461 λεγόμεναι
3041 5385 3168 5459 παρ’
3212 5383 3400 5447 αὐτοῖς
3453 5384 3755 5459 μείλικτοι,
3813 5390 3931 5442 οἷον

1746 5533 2045 5591 JOANNIS
2083 5533 2405 5591 OPSOPZEI
2442 5533 2675 5590 NOT/E.

578 5660 655 5729 (Β)
688 5657 977 5727 Ὀνόματα.
1004 5657 1201 5711 Refort
1225 5655 1526 5730 oraculum
1554 5673 1685 5713 cum
1718 5674 1827 5713 sua
1856 5657 2145 5730 interpre-

509 5728 729 5786 tatione
759 5730 1120 5801 Nicephorus
1151 5730 1208 5782 in
1230 5728 1469 5783 scholiis
1491 5730 1561 5783 ad
1580 5730 1887 5802 Synesium
1911 5728 2043 5803 pag.
2066 5732 2155 5787 96.
2194 5788 2199 5793 ,

2256 5658 2394 5733 Vide
2446 5672 2689 5733 quoque
2726 5654 3037 5733 eruditam
3068 5654 3199 5733 ejus
3259 5653 3714 5730 explicationem
3772 5660 3925 5733 apud

2268 5725 2601 5804 Origenem;
2632 5729 2734 5786 lib.
2767 5732 2972 5785 contra
3000 5725 3255 5785 Celsum.
