4056 6346
535 408 689 467 1135

536 540 575 596 0
608 540 764 597 homo
793 542 992 597 audaci
1017 558 1047 596 ε
1065 550 1271 598 natura
1299 544 1650 614 productum
1678 547 2004 617 artiﬁcium.

612 631 944 686 Artiﬁcium
976 632 1247 702 equidem
1280 633 1455 690 homo
1478 634 1716 703 dicitur,
1750 642 1955 708 utpote
1975 653 2187 693 arcana

541 726 596 776 et
626 720 952 776 incredibili
983 728 1107 776 arte
1138 740 1172 777 a
1202 722 1318 778 Deo
1349 729 1746 781 constructus.
1774 726 2055 781 Eumdem
2082 726 2186 781 bo-

541 811 757 866 minem
784 811 1038 883 appellat
1054 813 1361 869 oraculum
1391 816 1673 871 audacem
1700 821 2064 886 naturam,ut
2084 816 2185 887 qui

540 900 697 955 circa
727 917 819 955 res
850 899 1200 957 excellentes
1223 908 1504 971 versetur,
1540 906 1717 960 modo
1739 904 2044 960 stellarum
2061 921 2189 959 cur-

542 1003 675 1042 sum
716 986 1051 1056 dimetiens,
1087 990 1260 1045 modo
1308 990 1853 1061 supernaturalium
1904 991 2187 1063 potentia-

543 1093 675 1131 rum
706 1078 942 1133 ordines
973 1084 1242 1134 accurate
1271 1079 1599 1151 inquirens,
1634 1085 1807 1151 atque
1836 1082 1980 1136 adeo
2011 1079 2186 1135 etiam

544 1182 672 1236 quae
731 1166 899 1237 longe
946 1173 1108 1221 extra
1156 1168 1355 1223 orbem
1390 1169 1685 1224 caelestem
1739 1176 1879 1224 sunt
1927 1173 2188 1224 contem-

542 1254 733 1325 plans,
766 1260 823 1309 et
854 1257 924 1309 de
954 1255 1070 1310 Deo
1104 1257 1326 1327 aliquid
1360 1258 1650 1313 disserere
1681 1259 2062 1314 contendens.
2088 1256 2189 1312 Isti

542 1344 701 1398 enim
732 1344 913 1398 animi
942 1345 1430 1416 disquisitionum
1479 1352 1748 1417 conatus,
1781 1352 2000 1403 natura;
2048 1350 2189 1402 sunt

541 1433 909 1488 conﬁdentia.
941 1434 1263 1489 Audaciam
1286 1441 1483 1490 autem
1507 1435 1651 1490 dixit
1672 1441 1730 1490 et
1748 1436 2186 1500 conﬁdentiam,

540 1538 656 1577 non
692 1526 753 1577 ut
784 1521 1266 1594 calumniaretur,
1300 1525 1400 1579 sed
1431 1530 1496 1579 ut
1528 1529 1751 1579 naturae
1776 1528 2062 1596 impetum
2086 1524 2186 1580 de-

540 1615 791 1666 notaret.

540 1729 601 1783 In
634 1729 883 1785 sinistrae
913 1730 1131 1784 Hecates
1160 1729 1331 1784 ilibus
1362 1731 1503 1784 situs
1532 1737 1608 1785 est
1632 1732 1756 1800 Ion:
1786 1731 2032 1795 virtutis,

538 1802 689 1855 Intus
753 1806 897 1856 totus
952 1818 1203 1868 manens,
1266 1802 1646 1870 virginitatem
1694 1818 1982 1945 nunqutEm
2033 1801 2185 1857 desc-

1928 1889 2075 1929 rem.

614 1990 865 2047 Chaldaei
899 1991 1151 2046 Hecaten
1181 1990 1298 2045 deae
1329 1988 1455 2045 loco
1486 1988 1707 2045 habent
1746 2006 1872 2060 quae
1923 1989 2185 2045 medium

544 2081 809 2137 ordinem
841 2081 1039 2149 ducat,
1072 2086 1127 2134 et
1175 2079 1344 2149 quasi
1376 2082 1643 2133 centrum
1677 2078 1755 2133 sit
1784 2080 2049 2134 omnium
2084 2096 2186 2149 po-

542 2170 884 2225 tentiarum.
916 2168 978 2223 In
1012 2167 1231 2223 dextris
1259 2168 1386 2237 ejus
1418 2166 1684 2238 partibus
1717 2167 2006 2223 collocant
2056 2172 2186 2223 fon-

542 2263 659 2313 tem
695 2258 1050 2321 animarum,
1102 2256 1160 2311 in
1202 2255 1458 2311 sinistris
1486 2256 1703 2311 fontem
1746 2257 2033 2313 bonorum
2066 2257 2186 2313 sive

540 2346 824 2401 virtutum
860 2362 872 2399 :
906 2347 1187 2415 aiuntque
1218 2346 1551 2400 animarum
1585 2346 1823 2416 quidem
1861 2351 2079 2401 l‘ontem
2113 2347 2185 2402 ad

539 2435 1021 2506 propagationem
1054 2451 1181 2489 esse
1214 2434 1551 2505 proclivem,
1585 2438 1875 2490 virtutum
1910 2452 2041 2491 vero
2066 2436 2186 2490 fon-

536 2528 655 2578 tem
687 2524 841 2578 intra
873 2524 1117 2594 prepriae
1149 2524 1416 2578 essentiaa
1458 2523 1675 2579 limites
1706 2524 2023 2579 coercitum
2071 2541 2188 2580 ma-

538 2628 698 2680 nere,
732 2612 976 2684 virginis
1008 2613 1238 2667 intacta:
1274 2614 1462 2668 instar
1484 2614 1915 2684 incorruptum,
1939 2630 2189 2684 eamque

539 2718 716 2773 quam
738 2702 915 2757 habet
936 2702 1275 2757 ﬁrmitatem
1298 2708 1355 2757 et
1372 2702 1846 2757 immobilitatem
1871 2702 1942 2757 ab
1976 2701 2186 2773 impla-

539 2791 817 2847 cabilium
858 2789 1252 2861 potentiarum
1287 2790 1563 2846 facultate
1614 2791 1895 2862 adeptum
1948 2806 2098 2862 esse,
2132 2796 2190 2848 et

537 2879 810 2952 virginali
840 2897 984 2935 zona
1016 2880 1362 2936 accinctum.

541 2997 766 3067 Quando
794 2996 997 3052 videris
1026 2996 1225 3068 absque
1253 2998 1439 3067 forma
1466 2998 1876 3051 sacrosanctum
1907 2998 2094 3066 ignem

538 3072 829 3125 Lucentem
859 3068 1194 3125 exsultando
1225 3074 1397 3123 totum
1416 3083 1518 3139 per
1545 3069 1744 3124 mundi
1769 3068 2070 3141 profunda,

537 3140 682 3198 Audi
710 3143 862 3214 ignis
892 3156 1093 3196 vocem.

1869 414 2292 476 MlCHAELlS
2337 414 2605 476 PSELLI

2206 549 2260 614 Α

2216 1922 2263 1985 Β

3801 418 3938 478 1138

2423 548 2490 601 Ὤ
2517 546 2807 624 τολμηρᾶς
2836 545 2895 603 ix
2924 546 3157 626 φύσεως,
3189 544 3463 624 ἄνθρωπε,
3493 546 3807 623 τέχνασμα.

2365 635 2659 710 Τέχνασμα
2717 636 2810 709 μὶν
2859 637 2962 712 γὰρ
3020 637 3049 690 ὁ
3107 635 3416 711 ἅνθρωπος,
3474 637 3550 700 ὡς
3609 638 3765 710 παρά
3819 643 3940 693 Θεσῦ

2295 723 2591 799 ἀπορρήτῳ
2619 723 2787 799 τέχνῃ
2816 725 3100 797 συντεθεὶς,
3142 725 3429 801 τολμηρὰν
3462 722 3521 780 δε
3565 725 3727 800 φύσιν
3791 727 3935 783 αὐτὸν

2296 812 2547 887 ὠνόμασε
2585 813 2647 867 τὸ
2698 812 2907 888 λόγιον,
2959 814 3035 876 ὡς
3083 814 3150 869 τὰ
3192 814 3468 890 κρείττονα
3522 818 3940 891 περιεργαζόμε-

2296 922 2408 972 νον,
2454 902 2544 956 καὶ
2595 900 2799 977 δρόμον
2854 904 2947 977 μὲν
2974 903 3212 979 ἀστέρων
3262 908 3726 979 καταμετροῦντα,
3794 907 3942 979 ὑπερ-

2298 996 2444 1069 φυῶν
2479 988 2535 1046 δί
2568 990 2848 1065 δυνάμεων
2898 991 3071 1064 τάξεις
3110 988 3512 1067 διακριϐοὖντα,
3561 995 3653 1049 καὶ
3700 993 3945 1066 ἐξωτάτω

2295 1087 2395 1149 τῆς
2451 1080 2703 1155 οὐρανίου
2756 1080 2984 1158 σφαίρας
3036 1081 3455 1152 διασκοποῦντα,
3506 1083 3595 1139 καὶ
3645 1086 3770 1159 περὶ
3819 1089 3945 1140 Θεσῦ

2296 1190 2347 1222 τι
2380 1166 2557 1244 λέγειν
2594 1167 3011 1244 διατεινόμενον.
3063 1173 3134 1229 Αἱ
3187 1172 3287 1246 γὰρ
3346 1166 3598 1227 ἐπιϐολαὶ
3656 1173 3817 1227 αὗται
3844 1179 3943 1227 τῶν

2296 1261 2613 1330 νοημάτων,
2664 1256 2953 1333 τολμηρᾶς
3002 1261 3234 1337 φύσεως.
3292 1259 3371 1318 Οὐ
3430 1257 3699 1337 διασύρων
3759 1258 3821 1316 δὲ
3870 1260 3948 1315 έν-

2296 1348 2464 1401 ταῦθα
2485 1349 2583 1417 τήν
2612 1347 2824 1420 τόλμαν
2858 1347 3024 1418 εἶπεν,
3058 1346 3204 1404 ἀλλὰ
3232 1350 3357 1419 τήν-
3390 1349 3570 1423 ὀρμήν
3598 1357 3703 1419 τῆς
3732 1349 3941 1427 φύσεως

2295 1436 2523 1491 τέθεικεν
2534 1479 2547 1493 .

2295 1735 2468 1806 ᾼ-αιῇς
2499 1728 2810 1806 ἐν’-λαγόσιν
2838 1728 3293 1806 Ἑκάτηςᾳᾶρετῆς
3313 1729 3454 1806 Δπέλε
3482 1732 3659 1806 πηγὴ,

2293 1798 2489 1857 Ἕνδον
2533 1799 2638 1870 ὅλη
2671 1797 2939 1875 ’μένουσα
2971 1844 2986 1871 ,
3022 1797 3103 1858 ’τὸ
3131 1797 3443 1879 ’παρθένιον
3502 1797 3947 1949 (1⁷3)”ὀὶ3-προϊο

3726 1896 3869 1932 εισα.

3726 1896 3869 1932 εισα.

2365 1988 2479 2057 Τήν
2505 1987 2733 2060 Ἑκάτην
2766 1990 2817 2044 οἱ
2853 1987 3120 2045 Χαλδαῖοι
3147 1991 3264 2046 θεὸν
3292 1991 3564 2065 ὁρίζονται
3616 1991 3949 2064 μεσαιτάτην

2296 2074 2525 2152 ἄγουσαν
2580 2078 2750 2148 τάξιν,
2796 2078 2887 2133 καὶ
2933 2082 3047 2134 οἷον
3094 2080 3310 2155 κέντρον
3366 2075 3595 2156 ἔχουσαν
3645 2085 3755 2136 τῶν
3809 2081 3956 2137 ὅλῶν

2297 2163 2595 2238 δυνάμεων.
2638 2168 2741 2222 Καὶ
2796 2165 2846 2221 ἐν
2904 2168 2998 2241 μὲν
3036 2174 3154 2231 τοῖς
3197 2166 3392 2242 δεξιοῖς
3438 2169 3603 2240 αὐτῆς
3640 2168 3829 2244 μέρεσι
3874 2192 3955 2225 τις

2296 2257 2442 2319 θέασι
2480 2257 2581 2325 τὴν
2631 2258 2811 2330 πηγὴν
2855 2261 2962 2311 τῶν
3012 2261 3229 2333 ψυχῶνσ
3283 2257 3334 2313 έν
3378 2256 3435 2313 δὲ
3463 2264 3577 2321 τοῖς
3618 2259 3947 2333 ἀριστεροῖς,

2292 2345 2391 2411 τὴν
2423 2345 2606 2420 πηγήν
2631 2348 2737 2399 τῶν
2787 2346 3021 2421 ἀγαθῶν,
3070 2347 3158 2401 καί
3211 2368 3389 2423 φασιν,
3443 2346 3526 2402 ὅτι
3565 2350 3600 2417 ἡ
3649 2349 3743 2420 μὶν
3793 2350 3948 2422 πηγή

2293 2438 2401 2487 τῶν
2461 2433 2652 2509 ψυχῶν
2711 2429 2929 2506 ἕτοιμός
2986 2434 3125 2489 ἔστιν
3173 2434 3250 2499 εἷς
3272 2436 3368 2498 τὰς
3426 2435 3855 2511 ἀπογεννήσεις·
3915 2439 3949 2504 ἡ

2296 2519 2353 2575 δὲ
2384 2523 2533 2597 πηγὴ
2581 2526 2688 2576 τῶν
2722 2522 2923 2597 ἀρετῶν
2966 2523 3017 2577 έν
3069 2522 3221 2598 ὅροις
3274 2525 3422 2598 μένει
3483 2522 3628 2580 ἔνδον
3660 2532 3761 2595 τῆς
3806 2523 3950 2586 ἰδίας

2296 2610 2499 2680 οὐσίας,
2546 2611 2634 2666 καὶ
2681 2614 2798 2666 οἷον
2847 2613 3112 2687 παρθένος
3145 2612 3256 2667 έστὶ
3307 2613 3398 2668 καὶ
3425 2614 3651 2690 ἀμιγὴς,
3702 2615 3765 2670 τὸ
3822 2614 3950 2669 στά-

2297 2722 2460 2773 σιμον
2510 2705 2671 2755 τοῦτο
2712 2701 2802 2755 καὶ
2848 2701 3099 2773 ἀκίνητον
3146 2702 3252 2757 ἀπὸ
3297 2709 3397 2773 τῆς
3444 2706 3551 2758 τῶν
3610 2700 3951 2775 ἀμειλίκτων

2298 2784 2539 2844 λαϐοῦσα
2606 2787 2925 2863 δυνάμεως,
2992 2790 3083 2846 καὶ
3129 2796 3368 2866 ζωστῆρι
3408 2796 3751 2865 κοσμηθεῖσα
3812 2813 3949 2864 παρ-

2298 2883 2510 2951 θενικῷ.

2296 2993 2494 3072 Ἡνίκα
2517 2994 2728 3070 βλέψῃς
2763 2992 3377 3072 μορφῆς-ἄτερ-ξύίερον
3408 3015 3516 3072 πυρ

2297 3064 2681 3140 Λαμπόμενον
2752 3064 3044 3143 σκιρτηδὸν
3107 3064 3291 3123 ’ὅλον’
3355 3064 3496 3123 κατά
3582 3066 3770 3143 βὸνεξεα
3858 3070 3950 3126 κό-

2298 3207 2471 3273 Κλῦθι
2503 3209 2674 3284 πυρὸς
2704 3210 2913 3287 φωνήν.
3684 3141 3883 3214 [σμωὴ

612 3328 742 3398 Agit
770 3327 1072 3384 oraculum
1130 3327 1199 3382 de
1231 3326 1425 3381 divino
1467 3326 1601 3398 igne
1632 3344 1664 3383 a
1690 3326 1964 3398 plurimis
1994 3326 2179 3384 homi-

2368 3325 2497 3401 Περὶ
2526 3328 2623 3381 τοῦ
2669 3321 2955 3400 ὁρωμένου
3006 3322 3246 3389 πολλοῖς
3288 3329 3396 3381 τῶν
3450 3326 3753 3402 ἀνθρώπων
3802 3328 3951 3393 θείου

540 3417 717 3472 nibus
763 3421 1097 3488 conspecto,
1160 3421 1490 3487 monetque,
1524 3433 1616 3485 ne,
1652 3416 1701 3471 si
1746 3416 1879 3487 quis
1932 3415 2048 3472 tale
2096 3415 2186 3473 lu-

541 3524 677 3563 men
708 3512 866 3563 certa
895 3507 1095 3579 aliqua
1135 3507 1323 3562 forma
1370 3511 1428 3561 et
1472 3506 1657 3576 ﬁgura
1704 3512 2186 3577 repraesentatum

544 3598 757 3664 videat,
802 3597 938 3652 huic
997 3596 1242 3651 ulterius
1302 3597 1475 3651 fidem
1530 3596 1830 3665 adhibeat,
1882 3613 2071 3667 neque
2117 3596 2189 3651 il-

546 3689 664 3743 linc
723 3689 1004 3744 emissam
1066 3704 1263 3743 vocem
1341 3704 1444 3759 pro
1518 3688 1828 3742 verissima
1898 3688 2186 3759 excipiat.

550 3778 765 3834 Contra
814 3778 862 3833 si
922 3778 979 3831 id
1058 3779 1128 3832 ab
1189 3777 1349 3832 omni
1426 3778 1614 3832 forma
1669 3781 1725 3831 et
1798 3776 1986 3847 ﬁgura
2041 3776 2189 3832 libe-

552 3883 684 3921 rum
729 3866 880 3921 visui
924 3866 1222 3934 olferatur,
1279 3882 1395 3920 non
1449 3864 1791 3935 decipieris;
1853 3866 1954 3921 sed
2004 3868 2189 3936 quod-

545 3972 776 4027 cunque
823 3972 892 4011 ex
942 3954 1043 4009 illo
1097 3954 1577 4025 interrogaveris,
1622 3960 1776 4009 certo
1806 3971 2006 4009 verum
2057 3956 2187 4012 erit.

542 4044 893 4100 Nominatur
944 4048 1141 4098 autem
1194 4044 1305 4098 iste
1350 4043 1504 4114 ignis
1544 4050 1977 4113 sacrosanctus,
2032 4045 2186 4115 quod

540 4149 677 4188 cum
737 4135 943 4188 decore
1002 4148 1035 4186 a
1093 4131 1278 4186 sacris
1337 4131 1479 4186 viris
1534 4133 1612 4186 sit
1668 4136 2053 4203 conspectus,
2131 4137 2189 4189 et

537 4227 697 4276 totus
730 4221 866 4276 hinc
896 4220 1058 4274 illinc
1082 4220 1450 4287 subsultans,
1477 4236 1689 4291 magno
1723 4220 1934 4275 laetitiae
1964 4220 2187 4277 scilicet

538 4315 594 4365 et
636 4311 835 4381 gratias
868 4308 1107 4374 indicio,
1140 4325 1242 4379 per
1272 4310 1478 4363 mundi
1514 4311 1790 4364 abstrusa
1821 4310 2181 4380 apparuerit.

537 4400 615 4454 Ne
647 4401 918 4453 vocaveris
948 4400 1246 4467 imaginem
1276 4407 1494 4454 natura?
1522 4414 1620 4469 per
1639 4413 1696 4453 se
1722 4400 2090 4469 conspicuam.

612 4486 895 4558 Inspectio
929 4503 1030 4558 per
1055 4503 1117 4543 se
1148 4487 1383 4558 dicitur,
1419 4488 1654 4559 quando
1694 4487 1794 4558 qui
1838 4487 2017 4543 sacris
2068 4488 2183 4542 ini-

537 4578 719 4632 tiatus
776 4581 885 4647 est,
930 4576 1125 4653 divina
1182 4577 1338 4631 videt
1386 4576 1632 4630 lumina.
1670 4581 1741 4630 At
1795 4575 1842 4631 si
1892 4576 1987 4631 hic
2037 4575 2182 4631 nihil

2296 3415 2474 3480 φωτὸς
2519 3415 2580 3470 τὸ
2630 3413 2815 3491 λόγιον
2867 3411 3151 3487 διέξεισιν,
3217 3415 3292 3477 ὡς
3340 3414 3385 3470 εί
3438 3415 3530 3488 μὶν
3588 3415 3642 3471 ἐν
3697 3420 3950 3493 σχήματι

2295 3503 2384 3559 καὶ
2432 3507 2617 3577 μορφῇ
2666 3504 2809 3576 θεῴη
2858 3524 2942 3567 τις
2984 3503 3048 3557 τὸ
3091 3507 3342 3558 τοιοῦτον
3365 3509 3506 3577 φῶς,
3540 3504 3737 3578 μηκέτι
3768 3507 3951 3579 τούτῳ

2295 3588 2589 3667 προσχέτω
2635 3592 2725 3646 τὸν
2785 3596 2934 3661 νοῦν,
3003 3588 3145 3664 μηδὲ
3197 3593 3297 3661 τήν
3345 3590 3543 3657 ἐκεῖθεν
3585 3596 3952 3667 πεμπομένην

2299 3684 2483 3759 φωνην
2526 3680 2899 3753 ἀληθεστάτην
2924 3682 3223 3754 νομισάτω.
3256 3681 3316 3735 Εἰ
3351 3679 3409 3737 δέ
3432 3680 3546 3737 ’ίδοι
3574 3687 3741 3739 τοῦτο
3772 3686 3950 3762 ἀσχη-

2302 3772 2582 3844 μάτιστον,
2617 3770 2707 3825 καὶ
2760 3770 3085 3849 ἀμόρφωτον
3122 3814 3136 3841 ,
3193 3769 3592 3843 ἀνεξαπάτητος
3641 3770 3804 3827 Eatur
3862 3775 3950 3828 καὶ

2299 3857 2430 3933 ὅπερ
2484 3858 2545 3914 ἂν
2606 3858 2801 3915 ἐκεῖθεν
2854 3858 3177 3932 ἐρωτηθείη,
3229 3857 3428 3929 ἀληθές
3478 3858 3619 3915 ἐστιν
3668 3857 3949 3938 ἄντικρυς.

2300 3949 2517 4027 Εὐίερον
2573 3947 2631 4004 δὲ
2685 3949 2748 4004 τὸ
2774 3952 3022 4004 τοιοῦτον
3053 3953 3158 4023 πῦρ
3217 3948 3519 4022 ὠνόμασεν,
3578 3950 3657 4012 ὡς
3710 3950 3764 4006 ἐν
3795 3958 3951 4023 καλῷ

2296 4045 2412 4102 τοῖς
2461 4040 2627 4116 ἱεροῖς
2674 4035 2926 4114 ἀνδράσιν
2974 4037 3251 4112 ὁρώμενον
3308 4038 3399 4093 καὶ
3458 4037 3756 4116 σκιρτηδὶη
3819 4041 3951 4097 δλον

2295 4128 2746 4205 προφαινόμενον,
2789 4126 2914 4197 ἤτοι
2955 4127 3162 4201 ἰλαρῶς
3200 4126 3291 4182 καὶ
3333 4128 3661 4203 χαριέντως,
3696 4131 3843 4186 κατά
3890 4132 3951 4185 τὰ

2299 4219 2437 4293 βάθη
2468 4222 2565 4273 τοῦ
2596 4217 2826 4289 κόσμου.

2508 4397 2599 4466 Μὴ
2634 4394 2843 4474 φύσεως
2889 4393 3129 4472 καλέσῃς
3177 4392 3444 4451 αὗτοπτον
3483 4395 3729 4473 ἄγαλμα.

2363 4484 2608 4559 Αὐτοψία
2660 4484 2823 4555 έστῖν,
2869 4484 2992 4540 ὅταν
3045 4484 3207 4547 αὐτὸς
3260 4485 3288 4539 ὁ
3332 4483 3667 4559 τελούμενος
3716 4488 3788 4543 τά
3833 4491 3949 4545 θεῖα

2293 4579 2444 4652 φῶτα
2482 4575 2601 4650 ὁρᾷ.
2662 4573 2727 4631 Ei
2757 4572 2815 4629 δε
2870 4575 3025 4637 οὗτος
3056 4575 3151 4647 μὶν
3184 4571 3335 4629 οὗδὶν
3367 4574 3541 4650 ὁρῴη,
3575 4576 3605 4630 ὁ
3638 4574 3696 4631 δὲ
3729 4580 3836 4647 τὴν
3862 4600 3948 4634 τε·

538 4667 752 4733 videat,
804 4666 904 4722 sed
963 4665 1059 4721 ille
1105 4666 1205 4738 qui
1258 4682 1423 4721 sacra
1470 4664 1702 4720 ordinat
1760 4671 1936 4735 atque
1985 4666 2179 4737 dispo-

2300 4664 2453 4733 λετὴν
2497 4662 2863 4736 διατιθέμενος
2912 4662 3169 4718 αὐτοπτεῖ
3197 4685 3246 4719 τι
3280 4663 3630 4740 φαινόμενον,
3683 4664 3951 4723 ἐποπτεία

539 4758 644 4825 nit,
679 4760 975 4829 spectrum
1025 4756 1261 4827 aliquod
1317 4772 1418 4826 per
1472 4772 1534 4809 se
1577 4758 1940 4820 contueatur,
1975 4754 2031 4809 id
2077 4754 2186 4810 ini-

538 4846 667 4902 tiati
725 4851 991 4918 respectu
1054 4844 1518 4917 superinspectio
1579 4842 1929 4914 appellatur.
1962 4844 2183 4923 Notanf

537 4937 677 4992 dum
735 4941 932 4992 autem
991 4940 1080 4990 est
1133 4934 1449 5005 imaginem
1504 4932 1563 4988 in
1612 4932 1791 4989 sacris
1839 4934 2063 4989 evocari
2095 4950 2187 4989 so-

536 5025 727 5092 litam,
788 5029 983 5081 mente
1042 5021 1486 5095 perceptibilem
1547 5039 1676 5079 esse
1734 5023 1980 5091 debere,
2040 5027 2097 5078 et
2152 5040 2185 5078 a

535 5131 775 5186 corpore
829 5115 989 5170 omni
1040 5130 1280 5185 prorsus
1338 5111 1747 5184 separabilem.
1808 5116 2042 5167 Naturae
2085 5129 2184 5167 au-

536 5211 653 5261 tem
687 5205 870 5260 forma
898 5203 1016 5259 sive
1048 5203 1264 5274 imago,
1297 5220 1412 5258 non
1444 5206 1534 5258 est
1566 5201 1950 5273 undiquaque
1989 5205 2185 5258 mente

536 5294 957 5365 perceptibilis,
1012 5293 1149 5363 quia
1192 5296 1403 5347 natura
1455 5296 1518 5347 ut
1568 5290 1891 5363 plurimum
1936 5291 2183 5347 facultas

535 5388 623 5439 est
653 5400 961 5454 corporum
994 5381 1481 5437 administratrix.
1516 5381 1596 5437 Ne
1630 5382 1829 5453 igitur,
1870 5380 2087 5452 inquit,
2119 5380 2179 5435 in

2292 4757 2452 4808 τοῦτο
2484 4752 2620 4828 πρὸς
2649 4754 2742 4808 τὸν
2771 4751 3102 4826 τελούμενον
3138 4751 3376 4828 λέγεται.
3416 4758 3508 4808 Δεῖ
3538 4750 3594 4809 δὲ
3641 4756 3704 4811 τὸ
3751 4755 3953 4813 x1105-

2296 4863 2453 4914 μενον
2489 4840 2708 4917 ἄγαλμα
2738 4840 2789 4896 έν
2820 4846 2938 4903 ταῖς
2967 4839 3210 4905 τελεταῖς
3254 4843 3449 4912 νοητὸν
3497 4843 3653 4915 εἶναι,
3704 4848 3803 4901 καὶ
3854 4869 3953 4902 σω-

2295 4929 2479 5004 μάτων
2521 4931 2823 4987 παντάπασι
2872 4927 3168 5006 χωριστόν.
3214 4931 3284 4985 Τὸ
3316 4928 3373 4986 δὲ
3416 4938 3517 5003 τῆς
3559 4931 3782 5011 φύσεως
3823 4936 3955 5011 μόρ-

2292 5042 2459 5098 φωμα
2524 5021 2625 5075 οὐκ
2690 5014 2801 5076 ἔστι
2864 5022 3171 5075 παντάπασι
3225 5020 3463 5091 νοητόν·
3527 5024 3562 5091 ἡ
3629 5022 3737 5100 γὰρ
3796 5026 3952 5104 φύσις

2291 5113 2558 5184 σωμάτων
2604 5108 2742 5163 ἐστὶν
2780 5109 2854 5172 ὡς
2888 5107 3299 5164 ἐπιτοπλεῖστον
3352 5105 3665 5180 διοικητική
3700 5109 3952 5187 δύναμις·

2293 5201 2368 5274 μὴ
2422 5199 2511 5253 οὗν
2580 5196 2843 5273 καλέσῃς,
2892 5197 3078 5275 φησὶν,
3131 5195 3183 5251 ἐν
3230 5201 3349 5259 ταῖς
3388 5195 3637 5264 τελεταῖς
3675 5199 3950 5258 αὗτοπτον

2290 5288 2498 5367 φύσεως
2530 5286 2773 5364 ἄγαλμα.
2809 5286 3046 5344 Ἐποίσιι
3088 5285 3192 5362 γάρ
3220 5306 3305 5341 σοι
3338 5288 3457 5361 μεθ⁹
3486 5287 3678 5343 ἑαυτοῦ
3706 5296 3952 5368 φυσικῶν

2286 5376 2554 5454 τεττάρων
2592 5376 2753 5451 μόνον
2785 5374 3024 5446 πληθύν.

533 5473 718 5528 sacris
758 5471 1122 5528 caeremoniis
1170 5471 1418 5527 advoces
1472 5474 1697 5526 naturae
1737 5470 2057 5541 imaginem
2115 5486 2224 5525 sua
2262 5472 2469 5542 sponte
2501 5468 2901 5541 conspicuam.
2932 5466 3065 5522 Tibi
3094 5465 3255 5523 enim
3305 5465 3451 5523 nihil
3496 5482 3700 5527 secum
3756 5473 3954 5529 aﬂ’eret

534 5566 921 5633 praeterquam
954 5567 1205 5632 quatuor
1231 5558 1589 5615 naturalium
1614 5558 2040 5615 clementorum
2070 5558 2423 5630 congeriem.

1773 5657 2071 5715 JOANNIS
2111 5656 2429 5714 OPSOPZEI
2468 5655 2699 5713 NOTE.

604 5750 714 5821 (13)
746 5748 1063 5820 Παρθένιον.
1095 5748 1314 5805 Versus
1348 5748 1598 5820 requirit
1626 5746 1887 5822 παρθένον
1919 5763 2128 5819 genere
2159 5764 2179 5803 ι

2300 5764 2389 5819 ro,
2425 5750 2489 5803 ut
2518 5761 2721 5819 supra,
2754 5744 2911 5816 quod
2943 5742 3039 5801 vix
3058 5742 3201 5801 alibi
3231 5742 3509 5818 reperias.
