3984 6348
60 428 238 491 H37

937 433 1355 498 EXPOSITIO
1402 439 1942 504 ORACULORUM
1989 445 2634 509 CHALDAICORUM.

3331 452 3486 513 H38

64 563 119 619 Η
201 560 359 639 φύσις
423 563 597 618 πείθει
668 562 939 621 πιστεύειν
1041 566 1171 623 εἶναι
1253 565 1698 652 τοὺςμδαίμονα

1849 577 2056 635 Natura
2083 580 2298 650 suadet,
2330 589 2390 637 ut
2417 581 2704 637 credamus
2733 581 2922 652 genios
2947 589 3157 638 sanctos
3187 599 3319 639 esse.

1409 642 1652 718 [ἀγνούς.

53 705 170 759 Καὶ
251 706 320 761 τά
399 712 573 777 κακῆς
653 706 794 778 ’ὑλης
887 707 1271 785 βλαστήματα,
1347 705 1729 858 χριγιῖτὲλθκαὶ

1498 808 1530 841 σ
1602 807 1657 842 α.

1498 807 1657 842 συΛα.

137 881 271 958 Ούχ
299 881 383 938 ὅτι
415 883 551 955 αύτή
583 885 756 941 πείθει
787 885 972 957 τοῦτο,
1005 887 1131 946 ἀλλ’
1181 889 1265 946 ὅτι
1295 890 1591 964 κληθείσης
1622 894 1728 969 πρὸ

52 977 167 1040 τῆς
201 971 500 1048 παρουσίας
529 974 698 1044 αὐτῆς
732 975 910 1039 πολὺς
949 976 1161 1056 ἐπιρῥεῖ
1211 978 1482 1054 δαιμόνων
1535 982 1725 1057 χορὸς,

53 1059 154 1114 καί
210 1058 520 1124 πολυειδεῖς
574 1063 968 1141 προφαίνονται
1038 1070 1240 1146 μορφαὶ
1319 1067 1726 1142 δαιμονιώδεις,

54 1150 173 1204 ἀπὸ
229 1149 443 1205 πάντων
497 1152 592 1224 μὶν
636 1157 746 1207 τῶν
798 1156 1088 1230 στοιχείων
1135 1157 1566 1235 ἀνεγειρόμεναι,
1623 1160 1728 1216 ἀπὸ

52 1238 288 1294 πάντων
319 1237 378 1294 δὲ
404 1239 514 1296 τῶν
548 1244 726 1316 μερῶν
748 1247 845 1297 τοῦ
887 1243 1204 1316 σεληνιαίου
1256 1244 1466 1322 δρόμου
1518 1248 1727 1322 συγκεί-

57 1327 231 1400 μεναί
280 1348 340 1382 τε
382 1330 472 1383 καὶ
524 1329 899 1406 μεριζόμεναι·
947 1333 1038 1388 καὶ
1083 1333 1272 1410 ἱλαραὶ
1309 1337 1401 1391 καὶ
1444 1337 1726 1412 χαρίεσσαι

52 1414 347 1476 πολλάκις
378 1417 1022 1498 φαινόμεναι,φαντασίαν
1052 1425 1198 1486 τινὸς
1226 1425 1558 1502 ἀγαθότητος
1589 1427 1728 1502 πρὸς

51 1507 152 1562 τὸν
188 1504 528 1580 τελούμενον
559 1507 963 1583 ὑποκρίνονται.

134 1693 316 1783 ιξξυχῇ
350 1694 604 1783 μερόπων
637 1697 943 1783 Θεὸνηξῑγξει
975 1696 1299 1783 εἷςᾼὶαυτὴν,

54 1761 466 1842 ρύδέν”θνητὸχ
500 1763 727 1842 ἔχουσα,
763 1761 1254 1842 δληίμεμὲθυσται.

54 1835 367 1910 Ἁρμονίαν
401 1835 569 1914 αὕχέῖ
593 1839 719 1914 γὰρ,
756 1835 914 1916 ὑφ’”ᾔ’
939 1835 1071 1898 πέλε
1100 1847 1260 1917 σῶμα
1294 1844 1561 1920 βρότειον.

137 2024 224 2081 Τὸ
248 2028 417 2094 θεῖον,
477 2026 633 2102 φησί,
693 2030 799 2102 πῦρ
841 2029 877 2098 ἡ
937 2029 1091 2104 ψυχὴ
1151 2030 1390 2106 βιάζεται
1422 2030 1497 2095 είς
1529 2032 1723 2100 ἑαυτὴν

66 2114 262 2183 (τοῦτο
321 2114 425 2190 γάρ
483 2113 594 2169 ἐστι
649 2117 712 2171 τὸ
771 2115 987 2193 ἄγχειν)
1048 2116 1137 2174 διὰ
1190 2127 1288 2190 τῆς
1320 2120 1608 2184 ἀθανασίας
1637 2120 1728 2176 καὶ

64 2208 174 2271 τῆς
223 2201 599 2275 καθαρότητος
626 2247 640 2261 .
691 2205 821 2260 Τότε
867 2207 970 2282 γὰρ
1012 2205 1117 2279 δλη
1175 2208 1524 2281 μετίὲθυσται,
1570 2231 1728 2265 τουτ-

66 2291 210 2358 tm,
240 2289 552 2366 πληροῦται
581 2299 684 2363 τῆς
710 2293 1016 2369 κρείττονος
1048 2299 1192 2367 ζωῆς
1237 2298 1328 2353 καὶ
1377 2297 1728 2373 ἐλλάμψεως,

62 2379 159 2434 καὶ
207 2381 328 2434 οἷον
376 2379 639 2452 εξίσταται
692 2384 912 2454 ἑαυτῆς.
956 2387 1088 2442 Εἶτα
1116 2387 1253 2460 πρὸς
1301 2388 1472 2458 αὐτὴν
1504 2389 1532 2442 ὁ
1565 2387 1732 2462 λόγος

65 2469 266 2546 φησὶν,
317 2469 576 2543 ἁρμονίαν
629 2469 809 2547 αῧχει,
855 2475 1100 2529 τουτέστι
1147 2475 1413 2549 σεμνύνου
1469 2480 1538 2550 τῇ
1595 2477 1728 2550 ἀφείς

63 2562 150 2611 νεῖ
196 2557 292 2612 καὶ
341 2563 516 2634 νοητῇ
560 2558 828 2634 ἁρμονίᾳ,
874 2561 911 2637 ᾖ
961 2561 1294 2633 συνδεδεσαι,
1343 2565 1729 2640 ἀριθμητικοῖς

64 2641 269 2720 λόγοις
326 2646 416 2701 καὶ
478 2655 790 2721 μουσικοῖς.
858 2651 990 2706 Ὑπὸ
1055 2653 1222 2728 ταύτῃ
1275 2655 1376 2731 γὰρ
1433 2658 1502 2720 τῆ
1560 2642 1730 2729 νοητῇ

68 2733 315 2808 ἁρμονίᾳ
370 2736 462 2791 καὶ
507 2735 570 2793 τὸ
628 2738 876 2814 βρότειον
933 2741 1024 2796 καὶ
1089 2742 1337 2806 σύνθετον
1377 2743 1728 2819 συνηρμόσθη

69 2827 238 2896 σῶμα
307 2823 506 2890 ἰκεῖθεν
583 2824 1106 2903 ξπιχορηγουμὲνην
1183 2826 1313 2906 ἔχον
1378 2832 1478 2900 τήν
1539 2830 1730 2887 σύστα-

71 2932 183 2969 σιν.

72 3096 348 3174 Ἦγείσθω
431 3101 619 3177 ψυχῆς
706 3100 870 3179 βάθος
955 3097 1280 3180 ἄμϐροτον⁸
1366 3100 1591 3180 ὄμματα
1673 3103 1732 3162 δὶ

706 3100 870 3179 βάθος
955 3097 1238 3181 ἄμϐροτον
1267 3123 1280 3138 ⁸

1460 3179 1659 3252 [πάντα

431 3101 619 3177 ψυχῆς

73 3237 285 3316 Ἀρδην
313 3240 602 3298 ἔκπίτασον
628 3239 760 3302 ἄνω.

1758 1948 1805 2012 Β

1837 721 1905 776 ει
1930 738 2116 793 pravae
2144 727 2396 781 materiae
2425 726 2699 796 germina,
2730 726 2899 780 utilia
2925 733 2980 780 et
3010 726 3170 782 bona.

1839 899 1965 954 Non
2013 903 2170 972 quod
2221 903 2352 973 ipsa
2400 907 2614 958 natura
2661 903 2769 958 hoc
2819 903 3042 958 ratione
3090 905 3356 972 suadeat,
3387 908 3490 962 sed

1839 990 1995 1059 quod
2027 991 2076 1044 si
2108 992 2342 1061 quando
2375 991 2477 1046 illa
2523 997 2795 1046 evocetur
2848 997 2983 1047 ante
3013 993 3328 1048 adventum
3361 997 3491 1065 ejus

1840 1078 2117 1150 frequens
2148 1081 2486 1136 daemonum
2519 1086 2705 1136 coetus
2739 1080 2965 1147 afﬂuat,
2999 1086 3056 1135 et
3085 1081 3227 1136 varii
3260 1085 3493 1153 generis

1838 1166 2154 1238 formaeque
2186 1174 2418 1241 spectra
2446 1169 2806 1225 daamoniaca
2836 1175 3195 1240 praecurrant
3224 1176 3280 1227 et
3310 1188 3493 1244 appa-

1838 1261 2025 1320 reant,
2057 1257 2129 1311 ab
2160 1258 2438 1313 omnibus
2470 1257 2685 1329 partim
2714 1258 3022 1314 elementis
3052 1259 3322 1328 excitata,
3355 1277 3494 1332 par-

1836 1344 1943 1398 tim
1977 1344 2047 1399 ab
2079 1346 2353 1400 omnibus
2386 1345 2613 1402 lunaris
2663 1363 2874 1402 cursus
2922 1347 3288 1418 portionibus
3331 1365 3487 1404 com-

1838 1433 2027 1505 posita
2055 1440 2113 1489 et
2141 1434 2397 1490 discreta
2429 1451 2441 1490 :
2477 1435 2594 1490 imo
2626 1451 2760 1491 cum
2811 1435 3014 1492 laetitia
3041 1442 3098 1492 et
3126 1438 3315 1508 gratia
3344 1454 3488 1509 qua-

1835 1521 1971 1577 dam
2014 1523 2314 1578 blanditiae
2363 1525 2580 1596 saepius
2629 1526 2992 1580 occurrentia
3039 1525 3296 1597 speciem
3327 1527 3494 1582 boni-

1835 1611 1975 1666 tatis
2005 1611 2235 1667 initiato
2265 1613 2544 1682 praebent.

1835 1709 2342 1784 duimahominum
2367 1715 2555 1784 Deum
2584 1713 2644 1766 in
2684 1714 2924 1783 seipsum
2951 1715 3307 1784 constringet,

1836 1780 1898 1836 Si
1924 1781 2073 1836 nihil
2100 1782 2297 1837 caduci
2323 1783 2593 1851 obtinens,
2623 1789 2734 1839 tota
2764 1780 3048 1839 incbriata
3077 1789 3174 1839 cst.

1836 1854 2198 1908 Harmoniam
2253 1856 2401 1921 facta
2455 1871 2716 1926 namque,
2773 1857 2872 1911 sub
2929 1874 3037 1928 qua
3078 1857 3488 1999 corpus[vittalc

3309 1944 3364 1983 cs
3393 1970 3406 1982 .

1906 2021 2002 2078 Ait
2030 2023 2186 2094 quod
2217 2023 2416 2079 anima
2447 2023 2505 2078 in
2539 2023 2796 2095 seipsam
2839 2025 2893 2079 vi
2944 2024 3256 2096 compellat
3282 2025 3482 2097 ignem

1837 2112 2102 2168 divinum
2134 2112 2215 2183 (id
2247 2113 2401 2168 enim
2435 2113 2546 2168 sibi
2573 2113 2694 2168 vult
2720 2113 2781 2166 τὸ
2813 2112 3024 2187 ἄγχειν,
3063 2114 3484 2186 constringere)

1835 2201 2062 2257 ratione
2093 2201 2550 2257 immortalitatis
2583 2207 2637 2258 ct
2667 2202 2960 2273 puritatis.
2993 2203 3156 2258 Tunc
3185 2204 3341 2259 enim
3364 2208 3486 2260 tota

1839 2290 2129 2346 inebriato.
2153 2295 2264 2358 est,
2290 2291 2346 2346 id
2379 2296 2469 2347 est
2499 2291 2778 2364 impletur
2808 2293 3191 2364 prtestantiori
3214 2293 3330 2348 vita
3350 2298 3406 2349 et
3428 2293 3491 2348 i1-

1837 2379 2306 2448 luminatione,et
2327 2381 2496 2452 quasi
2515 2385 2677 2436 extra
2698 2381 2954 2454 seipsam
2974 2386 3258 2438 movetur.
3274 2382 3494 2439 Deinde

1838 2469 2030 2540 ipsam
2065 2469 2325 2525 animam
2369 2469 2689 2542 alloquitur
2739 2472 3044 2525 oraculum
3095 2471 3317 2542 dicens,
3352 2473 3490 2527 Har-

1838 2560 2085 2614 moniam
2106 2559 2280 2630 jacta,
2323 2558 2380 2612 id
2414 2563 2502 2614 est
2550 2558 2800 2631 gloriare
2849 2560 2919 2614 de
2951 2560 3205 2616 obscura
3235 2564 3292 2615 et
3321 2560 3491 2616 intel-

1839 2646 2051 2719 ligiblli
2082 2646 2617 2719 coagmentatione,
2649 2665 2765 2719 qua
2811 2647 3087 2721 colligata
3114 2665 3176 2704 es
3208 2649 3494 2704 arithme-

1840 2736 1972 2792 ticis
2004 2741 2060 2791 et
2092 2736 2335 2791 musicis
2386 2737 2880 2809 proportionibus.
2921 2738 3042 2792 Sub
3076 2737 3184 2793 hac
3213 2738 3370 2793 enim
3405 2739 3491 2792 in-

1838 2823 2132 2897 telligibili
2189 2825 2500 2881 harmonia
2549 2825 2725 2881 etiam
2775 2825 2948 2882 vitale
3003 2831 3061 2882 et
3108 2826 3494 2898 compositum

1839 2929 2054 2986 corpus
2093 2917 2568 2986 coagmentatum
2617 2922 2704 2971 est
2735 2918 3034 2971 structura
3080 2914 3243 2970 illinc
3273 2932 3494 2988 suppe-

1839 3003 2044 3060 ditata.

1837 3104 2222 3176 Principatum
2250 3107 2431 3160 tcncat
2472 3105 2672 3160 animae
2717 3104 3066 3176 profunditas
3093 3103 3284 3160 ditina
3315 3121 3334 3158 :
3363 3121 3492 3161 ocu-

2867 3176 2969 3247 [los
2999 3179 3182 3232 autem
3212 3192 3416 3233 omnes.

1840 3247 1902 3302 In
1931 3247 2108 3302 altum
2137 3262 2360 3301 sursum
2387 3247 2684 3302 extendito.

145 3313 354 3415 Ψυχῆς
405 3340 570 3417 βάθος
600 3343 654 3397 αἱ
683 3340 915 3417 τριπλαῖ
951 3341 1121 3410 αὐτῆς
1153 3342 1408 3418 δυνάμεις
1467 3344 1621 3403 είσίνο
1674 3369 1704 3402 α

1916 3344 2141 3400 Animas
2173 3344 2545 3416 profunditas
2597 3345 2794 3401 innuit
2840 3345 3102 3418 triplices
3135 3347 3264 3418 ejus
3296 3350 3496 3419 poten-

73 3427 288 3504 νοεραὶ,
340 3429 396 3483 αἱ
454 3426 818 3502 διανοητικαὶ,
867 3431 922 3486 αἱ
981 3429 1306 3503 δοξαστικαί’
1367 3429 1591 3508 ὄμματα
1649 3432 1730 3502 δὲ,

71 3517 128 3571 αἱ
177 3517 412 3592 τριπλαῖ
460 3519 636 3575 αὐτῶν
676 3519 974 3594 γνωστικαέ
1015 3520 1298 3596 ἰνὲργειαι.
1358 3524 1428 3578 Τὸ
1485 3524 1579 3598 μὲν
1629 3524 1729 3600 γὰρ

71 3600 233 3679 ὄμμα
283 3607 538 3682 γνώσεως
588 3603 892 3682 σύμϐολον*
944 3611 979 3680 ἡ
1015 3606 1072 3664 δὲ
1105 3611 1243 3680 ζωὴ,
1277 3610 1525 3687 όρίξεως.
1560 3613 1734 3668 ’Δνοι-

71 3692 252 3769 γὲσθω
303 3693 419 3767 οὖν,
453 3697 608 3773 φησὶ,
661 3697 726 3752 τὸ
772 3704 872 3768 τῆς
903 3701 1089 3774 ψυχῆς
1130 3697 1390 3755 ἀθάνατον
1427 3700 1610 3778 βάθος,
1642 3702 1730 3757 καὶ

71 3784 170 3845 τὰς
223 3784 525 3860 γνωστικάς
555 3807 639 3842 σοι
672 3783 926 3860 δυνάμεις
957 3785 1128 3864 ἄρδην
1159 3787 1446 3845 ἐκπέτασον
1479 3792 1608 3860 ἀνω,
1640 3791 1730 3846 καὶ

73 3868 212 3926 ὅλον
265 3873 482 3943 σαυτὸν,
527 3872 620 3930 ἵνα
674 3873 739 3930 τὰ
793 3873 1080 3950 ¹ίιμεδιιπὸν
1124 3875 1232 3952 ἕρῶ
1266 3880 1489 3951 μετάθες
1516 3877 1605 3935 ἐπὶ
1636 3880 1726 3935 τὸν

73 3959 302 4035 Κύριον.

172 4149 270 4218 Μὴ
305 4152 519 4223 πνεῦμα
551 4149 792 4226 μολύνῃς
827 4150 970 4226 μηδὲ
1003 4152 1235 4228 βαθύνῃς
1263 4153 1327 4210 τὸ
1358 4153 1631 4214 ἐπίπεδον.

141 4316 253 4373 Δύο
287 4321 524 4394 χιτῶνας
575 4317 892 4376 ἐπενδύουσι
943 4322 1042 4392 τήν
1097 4325 1283 4400 ψυχὴν
1334 4326 1385 4380 οἳ
1437 4321 1725 4382 Χαλδαῖοιο

67 4407 291 4462 καὶτὸν
347 4408 441 4481 μὲν
487 4413 854 4482 πνευματικὸν
904 4409 1214 4485 ὠνόμασαν,
1257 4413 1363 4468 ἀπὸ
1393 4418 1488 4468 τοῦ
1533 4414 1730 4486 αἴσθη-

66 4501 170 4552 τοῦ
228 4497 443 4570 κόσμου
501 4495 858 4576 ἑξυφανθὲντα
913 4500 1052 4575 αὐτῇ
1089 4522 1102 4536 ο
1179 4502 1271 4556 τὸν
1332 4500 1388 4557 δὲ
1444 4502 1726 4579 αὐγοειδῆ,

69 4585 282 4642 λεπτὸν
328 4585 418 4641 καὶ
467 4585 676 4665 ἀναφῆο
733 4587 895 4663 ὅνπερ
946 4587 1201 4645 ἐπίπεδον
1248 4591 1518 4666 ὠνόμασε.
1579 4597 1730 4665 Μήτε

1846 3434 1981 3503 tias,
2015 3451 2142 3505 quae
2174 3433 2233 3488 in
2256 3434 2577 3502 intellectu,
2603 3435 2952 3507 cogitatione
2985 3440 3043 3490 et
3073 3436 3344 3506 opinione
3374 3437 3499 3491 sita:

1847 3527 1988 3580 sunt
2024 3549 2038 3591 ;
2069 3522 2222 3579 oculi
2254 3539 2388 3579 vero
2421 3523 2681 3596 triplices
2733 3541 2936 3580 earum
2990 3525 3360 3596 operationes
3408 3543 3504 3581 co-

1847 3612 2164 3686 gnoscendi
2197 3613 2250 3667 vi
2282 3613 2574 3685 praeditas.
2602 3617 2704 3668 Est
2723 3614 2877 3668 enim
2914 3613 3120 3669 oculus
3152 3614 3501 3685 cognitionis

1847 3702 2106 3775 signum,
2139 3705 2204 3756 ut
2233 3708 2289 3757 et
2318 3701 2433 3757 vita
2483 3702 2882 3774 appetitionis.
2925 3702 3062 3756 Vult
3106 3703 3286 3774 igitur
3318 3707 3380 3758 ut
3411 3720 3500 3758 re-

1847 3796 2074 3847 seretur
2128 3790 2334 3846 anima:
2383 3791 2741 3847 immortalis
2791 3791 3183 3863 profunditas,
3235 3795 3291 3847 et
3348 3809 3496 3864 quas

1847 3880 2031 3937 habes
2061 3880 2112 3936 vi
2157 3880 2545 3952 cognoscendi
2595 3881 2862 3952 praeditas
2913 3881 3222 3953 potentias,
3255 3898 3494 3938 sursum

1849 3970 1908 4026 in
1933 3968 2119 4026 altum
2152 3970 2360 4036 eleves,
2392 3970 2509 4024 imo
2538 3969 2790 4042 teipsum
2825 3975 3038 4035 totum,
3063 3975 3128 4025 ut
3158 3974 3493 4026 nostrorum

1843 4059 2035 4116 verbis
2066 4063 2214 4127 utar,
2249 4060 2318 4114 ad
2351 4059 2665 4114 Dominum
2695 4060 3035 4116 transferas.

1844 4157 1921 4214 Nc
1964 4159 2223 4230 spiritum
2266 4160 2607 4230 coinquincs,
2657 4175 2833 4230 neque
2877 4159 3226 4229 superﬁciem
3263 4159 3326 4214 in
3365 4175 3492 4230 pro-

2911 4230 3172 4302 [fundum
3202 4247 3421 4302 augeas.

1914 4325 2414 4383 Chaldaaiduabus
2437 4326 2651 4380 tunicis
2675 4327 2934 4383 animam
2954 4326 3294 4396 induunt,et
3319 4344 3498 4382 unam

1846 4417 2079 4488 quidem
2116 4415 2485 4488 spiritualem
2512 4416 2961 4486 nominarunt,a
2988 4416 3252 4472 sensibili
3279 4417 3500 4472 mundo

1843 4505 1955 4577 ipsi
1990 4509 2339 4571 contextam,
2374 4506 2616 4561 alteram
2668 4523 2802 4561 vero
2835 4506 3224 4573 luciformem,
3265 4511 3498 4561 tenuem

1843 4599 1900 4649 et
1953 4594 2298 4664 intactilem,
2360 4612 2485 4666 quae
2548 4596 2891 4666 superficies
2943 4595 3036 4650 hic
3085 4598 3348 4651 vocatur.
3417 4595 3498 4650 Ne

72 4677 192 4746 οὗν,
252 4674 408 4752 φησί,
465 4675 557 4731 τὸν
608 4677 974 4749 πνευματικὸν
1030 4684 1244 4754 χιτῶνα
1290 4688 1390 4751 τῆς
1417 4685 1603 4758 ψυχῆς
1637 4704 1704 4756 μο

1849 4680 2042 4755 igitur,
2093 4682 2308 4754 inquit,
2361 4682 2726 4753 spiritualem
2783 4683 2991 4737 anima:
3042 4685 3308 4737 tunicam
3363 4683 3496 4737 affe-

73 4762 247 4837 λὸνῃς
306 4763 603 4838 ἀκαθαρσίᾳ
660 4767 867 4837 παθῶν,
932 4769 1070 4840 μήτε
1126 4769 1219 4824 τὸν
1271 4769 1526 4826 ἀπίπεδον
1563 4773 1736 4841 αὐτῆς

78 4852 322 4929 βαθύνῃς
377 4855 717 4929 προσθήκαις
771 4855 910 4910 τισὶν
965 4853 1182 4919 ὑλικαῖς
1225 4876 1239 4892 ·
1301 4858 1446 4914 ἀλλᾶ
1498 4861 1734 4934 τήρησον

74 4941 425 5087 ἀμφοτέρους
467 4941 555 4997 ἐπὶ
601 4948 701 5013 τῆς
733 4942 964 5023 φύσεως,
993 4946 1085 5000 τὸν
1136 4948 1230 5020 μὲν
1275 4948 1531 5025 καθαρὸν,
1556 4949 1647 5003 τὸν
1680 4945 1738 5004 δὲ

77 5032 108 5087 ἀ
155 5032 290 5087 moi.

155 5051 290 5109 αφη.

185 5229 330 5300 Ζήτη
339 5248 430 5284 σον
460 5227 806 5304 παράδεισον.

147 5323 483 5402 Παράδεισός
530 5325 642 5382 ἔστι
695 5325 1025 5399 Χαλδαϊκὸς,
1077 5336 1182 5394 πᾶς
1213 5333 1242 5387 ὁ
1298 5333 1421 5409 περὶ
1475 5335 1566 5388 τὸν
1625 5341 1732 5390 Πα-

70 5419 210 5490 τὲρα
268 5416 437 5490 χορὸς
493 5419 603 5472 τῶν
658 5417 814 5472 θείων
867 5414 1172 5494 δυνάμεων,
1228 5421 1318 5476 καὶ
1377 5422 1443 5477 τὰ
1497 5421 1736 5498 ἐμπύρια

74 5503 267 5574 κάλλη
317 5509 427 5560 τῶν
484 5501 898 5582 δημιουργικῶν
959 5513 1178 5583 πηγῶν·
1221 5513 1462 5582 ’Ἃνοιξις
1491 5509 1548 5566 δὶ
1571 5512 1736 5566 αὐτοῦ

80 5592 155 5649 δι’
213 5587 507 5663 εὐσεϐείας,
557 5595 592 5665 ἡ
656 5597 917 5668 μετουσία
957 5600 1066 5652 τῶν
1117 5599 1351 5673 ἀγαθῶν,
1400 5599 1629 5678 φλογίνη
1677 5597 1734 5655 δὲ

81 5681 351 5759 ῥομφαία,
410 5681 792 5755 ήάμείλιλτος
818 5689 934 5747 τοῖς
984 5685 1211 5757 ἀναξιως
1264 5690 1732 5764 προσερχομένοις

83 5771 342 5846 δύναμις.
401 5772 498 5827 Καὶ
571 5773 788 5836 τούτοις
832 5775 936 5849 μὶν
980 5773 1287 5832 κίκλεισται
1346 5775 1434 5834 διὰ
1477 5779 1577 5849 τὴν
1637 5779 1732 5834 ἆν-

1844 4777 2045 4827 ctuum
2079 4771 2458 4826 immunditia
2491 4772 2878 4837 contaminss,
2903 4788 3090 4841 neque
3121 4771 3490 4842 superficiem

1844 4859 2004 4916 illius
2035 4860 2454 4915 additamentis
2486 4860 2838 4929 quibusdam
2893 4859 3296 4916 materialibus
3326 4860 3383 4914 in
3414 4859 3492 4914 al-

1843 4948 2154 5004 titudinem
2188 4963 2516 5003 excrescere
2566 4947 2766 5016 facias,
2801 4948 2901 5003 sed
2951 4947 3156 5002 ambas
3188 4952 3253 5001 ut
3281 4951 3494 5002 natura

1845 5055 1954 5094 sua
1984 5053 2112 5093 sese
2141 5036 2359 5094 habent
2389 5052 2718 5105 conserves,
2743 5035 2894 5092 hanc
2924 5053 3156 5109 puram,
3182 5032 3345 5093 illam
3368 5034 3493 5091 nul-

1843 5127 1899 5184 lo
1931 5126 2121 5184 colore
2154 5125 2448 5182 infectam.

1989 5238 2187 5306 Quaere
2211 5235 2556 5309 paradisum.

1917 5337 2098 5392 Totus
2133 5321 2486 5391 divinarum
2543 5333 2934 5405 potentiarum
2994 5332 3208 5389 chorus
3265 5336 3497 5388 Patrem

1847 5424 2134 5494 ambiens,
2166 5428 2224 5480 et
2254 5423 2447 5495 ignitae
2471 5423 2940 5494 pulchritudines
2965 5421 3210 5476 fontium
3246 5421 3497 5492 publicis

1844 5514 2052 5570 oi'iiciis
2098 5514 2547 5579 destinatorum,
2582 5513 2888 5584 paradisus
2939 5511 3224 5566 ubaldeis
3254 5509 3489 5566 dicitur.

1841 5603 2074 5674 Apertio
2105 5607 2297 5657 autem
2331 5601 2491 5656 illius
2541 5619 2670 5672 qua:
2720 5602 2781 5654 ﬁt
2829 5600 3040 5671 pietate
3072 5600 3486 5668 intercedente,

1843 5698 1933 5747 est
1965 5693 2248 5746 bonorum
2297 5689 2492 5745 fruitio
2527 5707 2538 5743 :
2573 5689 2805 5762 gladius
2853 5705 2986 5744 vero
3020 5689 3348 5758 flammeus,
3380 5704 3486 5759 po-

1841 5781 2027 5839 tentia
2052 5780 2294 5852 indigne
2314 5779 2724 5837 accedentibus
2751 5777 3158 5851 implacabilis.
3183 5780 3372 5849 Atque
3393 5776 3485 5834 his
