4056 6346
462 380 621 443 1139

1810 368 2239 434 MICHAELIS
2282 367 2555 430 PSELLI

3734 371 3891 432 1140

465 512 709 586 quidem
743 509 1009 568 occlusus
1040 512 1148 576 est,
1183 508 1336 580 quod
1387 506 1582 567 idonei
1631 505 1911 577 illiusque
1940 500 2122 559 felici-

2268 497 2680 572 πιτηδειότηται
2715 505 2831 564 τοῖς
2863 497 2921 557 δὲ
2952 494 3221 559 εὖσεϐἐσιν
3254 498 3509 576 ἀνὲωγεν.
3548 498 3644 562 Εἰς
3677 501 3741 556 ’ὸν
3770 501 3889 556 ἂνα-

466 603 611 659 tatis
637 616 879 673 capaces
922 616 1037 654 non
1069 598 1229 665 sint;
1287 596 1399 669 piis
1434 600 1628 652 autem
1661 600 1838 669 patet.
1872 596 1934 649 In
1966 592 2125 647 hunc

2266 588 2499 649 είνονται
2529 597 2693 647 πᾶσαι
2726 593 2781 646 αἱ
2812 593 3128 666 θεουργικαὶ
3150 588 3355 666 ἀρεταί.

464 692 705 748 hortum
758 688 1121 745 contendunt
1171 702 1401 755 omnes,
1432 702 1561 757 quae
1610 684 1876 741 homines
1904 682 2021 739 Deo
2051 679 2125 736 si-

465 780 636 838 miles
666 778 939 843 reddunt,
967 776 1236 832 virtutes.

545 895 638 950 Vas
667 898 825 948 tuum
858 893 1187 948 habitabant
1219 892 1499 947 animalia
1530 893 1716 945 terrae.

537 993 650 1048 Vas
702 996 789 1048 est
838 992 968 1063 ipsa
1015 995 1422 1062 temperatura
1475 988 1683 1043 animae
1732 1003 1801 1041 ex
1830 984 2127 1057 composi-

466 1080 627 1137 tione
658 1084 820 1148 orta;
855 1078 1138 1135 animalia
1167 1078 1491 1146 terrestria,
1519 1077 1811 1131 daemones
1843 1074 1944 1145 qui
1975 1074 2129 1128 circa

465 1174 678 1227 terram
726 1172 1023 1225 oberrant.
1059 1170 1119 1223 In
1178 1172 1378 1223 nostra
1430 1166 1631 1238 itaque
1678 1164 1796 1219 vita
1825 1163 2129 1219 affectibus

466 1260 643 1331 plena
672 1257 967 1330 ejusmodi
1000 1256 1279 1312 animalia
1303 1257 1502 1311 sedem
1533 1272 1700 1309 suam
1736 1253 2127 1310 collocabunt.

469 1348 813 1404 Daemonum
846 1348 1001 1402 enim
1036 1345 1293 1402 essentia
1324 1345 1633 1400 affectibus
1655 1343 2001 1415 complicata
2020 1347 2129 1412 est,

470 1437 533 1493 in
564 1436 896 1507 iisdemque
925 1436 1123 1491 sedem
1148 1450 1318 1490 suam
1348 1434 1521 1488 ﬁxam
1548 1432 1764 1488 habent
1794 1436 1849 1487 et
1865 1431 2131 1487 ordinem

473 1525 861 1582 materialem.
897 1526 1028 1580 Ideo
1063 1524 1401 1596 quicunque
1434 1522 1738 1579 affectibus
1761 1522 1940 1577 dediti
1973 1523 2130 1591 sunt,

472 1616 841 1671 daemonibus
872 1615 1164 1670 cohaerent
1182 1618 1238 1668 et
1257 1612 1722 1684 agglutinantur.
1756 1610 1956 1665 Simile
1977 1610 2133 1666 enim

474 1704 657 1760 simili
689 1703 1017 1769 attrahunt,
1048 1702 1321 1758 movendi
1350 1701 1466 1757 vim
1500 1704 1675 1773 atque
1705 1698 2044 1755 facultatem
2068 1715 2138 1756 ex

475 1793 625 1866 ipsis
655 1793 960 1851 affectibus
993 1792 1313 1849 consecuti.

554 1891 614 1947 Si
642 1891 955 1947 extentteris
986 1892 1213 1961 igneam
1245 1896 1488 1943 mentem
1531 1887 1599 1943 ad
1625 1887 1849 1959 pietatis
1880 1901 2032 1957 opus,

552 1966 740 2021 Etiam
768 1960 1228 2033 ﬂuidum'corpus
1260 1960 1529 2015 servabis.

558 2062 622 2117 Id
654 2066 764 2126 est,
796 2062 845 2117 si
882 2066 1135 2115 mentem
1168 2064 1323 2113 tuam
1354 2057 1751 2114 illuminatam
1782 2057 1853 2114 ad
1886 2056 2145 2129 superio-

488 2168 553 2208 ra
582 2149 882 2217 extuleris,
917 2154 974 2204 et
1004 2148 1181 2203 divini
1215 2148 1365 2218 ignis
1397 2164 1545 2218 opus
1594 2148 1663 2202 ad
1699 2148 1931 2219 pietatis
1969 2162 2146 2218 opera

486 2240 744 2297 evexeris
776 2240 941 2310 (sunt
990 2243 1185 2294 autem
1238 2236 1522 2293 Chaldaeis
1573 2238 1806 2308 pietatis
1836 2253 2033 2309 opera,
2067 2236 2146 2289 ri-

486 2335 658 2387 tuum
691 2345 757 2383 ac
789 2326 1279 2383 cmremoniarum
1306 2325 1563 2381 rationes
1585 2327 1799 2398 certae),
1823 2342 1931 2382 non
1956 2324 2148 2381 solum

487 2418 747 2476 animam
783 2417 1088 2472 affectibus
1113 2415 1574 2487 insuperabilem
1598 2416 1825 2484 reddes;
1850 2417 1947 2471 sed
1975 2415 2151 2471 etiam

489 2523 703 2577 corpus
758 2511 925 2560 tuum
978 2504 1273 2560 salubrius
1326 2504 1563 2561 efficies.
1620 2505 1721 2559 Est
1751 2505 1906 2559 enim
1957 2508 2012 2559 et
2042 2504 2150 2560 hoc

490 2596 820 2668 saepissime
842 2612 988 2666 opus
1021 2594 1354 2649 divinarum
1380 2592 1869 2662 illustrationum,
1893 2593 2152 2664 corporis

491 2701 704 2757 nempe
737 2683 1041 2740 materiam
1074 2684 1407 2754 absumere,
1434 2688 1492 2738 et
1521 2688 1741 2739 naturae
1772 2699 1907 2739 eum
1940 2683 2157 2740 sanita-

490 2775 569 2832 tis
610 2773 879 2829 habitum
935 2773 1254 2844 acquirere,
1294 2776 1357 2827 ut
1405 2773 1650 2844 posthac
1696 2789 1801 2829 nec
1850 2772 2156 2829 affectibus

490 2880 600 2929 nec
634 2863 854 2920 morbis
886 2861 1029 2918 ullis
1060 2862 1433 2934 corripiatur.

500 2973 565 3027 At
596 2985 718 3026 vero
749 2986 778 3025 e
803 2969 1009 3042 ﬁnibus
1040 2972 1201 3025 terra,
1230 2968 1497 3024 exsiliunt
1527 2984 1690 3024 cane:
1718 2973 2029 3035 terrestres,

502 3115 621 3173 Non
650 3128 839 3169 verum
868 3113 1088 3184 signum
1117 3110 1330 3166 homini
1357 3114 1746 3166 monstrantes.

2170 1878 2229 1944 B.

2418 886 2521 941 Σόν
2556 887 2775 961 ἀγγεῖον
2810 889 2919 960 (14)
2948 892 3108 958 θῆρες
3140 886 3341 962 χθονὸς
3374 885 3713 956 οἰκήσουσιν.

2309 985 2554 1062 Ἀγγεῖον
2611 985 2703 1058 μὲν
2740 985 2851 1040 ἐστι
2904 984 2966 1039 τὸ
3009 984 3259 1039 σύνθετον
3318 991 3504 1060 κρᾶμα
3547 992 3650 1052 τῆς
3680 987 3890 1059 ψυχῆς·

2240 1080 2400 1149 Θῆρες
2431 1071 2487 1129 δὲ
2532 1075 2754 1149 χθονὸς,
2790 1075 2843 1129 οἱ
2872 1074 2995 1151 περὶ
3023 1075 3122 1149 γῆν
3153 1071 3574 1147 καλινδούμενοι
3618 1071 3893 1147 δαίμονες.

2240 1165 2354 1232 Τήν
2418 1164 2506 1218 οὗν
2566 1164 2707 1233 ζωὴν
2771 1167 2930 1236 ἡμῶν
2972 1163 3165 1239 πλήρη
3216 1164 3519 1239 γενομένην
3569 1168 3789 1231 παθῶν,
3850 1162 3897 1216 οἱ

2238 1251 2478 1307 τοιοῦτοι
2521 1260 2683 1330 θῆρες
2736 1253 3042 1323 οἰκήσουσι.
3081 1252 3186 1309 Καὶ
3231 1255 3337 1329 γὰρ
3386 1253 3649 1309 οὖσίωται
3681 1252 3735 1308 ἐν
3784 1258 3900 1312 τοῖς

2240 1340 2431 1397 πάθεσι
2462 1342 2528 1397 τὰ
2555 1347 2779 1398 τοιαῦτα
2808 1342 2963 1418 γένη,
3019 1343 3108 1397 καὶ
3138 1343 3237 1413 τὴν
3289 1339 3445 1418 ἓδραν
3499 1340 3614 1417 ἔχει
3662 1342 3758 1396 καὶ
3801 1343 3897 1410 τήν

2240 1433 2388 1502 τάξιν
2423 1431 2641 1501 ὑλικὴν,
2676 1430 2760 1487 διὸ
2791 1431 2880 1487 καὶ
2915 1433 2965 1487 οἱ
2999 1432 3261 1505 ἐμπαθεῖς
3292 1433 3427 1508 πρὸς
3453 1437 3621 1488 ταῦτα
3668 1430 3903 1507 συγκολ-

2244 1518 2473 1593 λῶνται,
2501 1526 2578 1594 τῷ
2608 1521 2788 1595 ὁμοίῳ
2816 1522 2879 1577 τὸ
2926 1521 3120 1595 ὅμοιον
3176 1519 3555 1600 ἐφελκόμενοι,
3602 1522 3899 1591 κινητικὴν

2246 1608 2470 1685 δύναμιν
2500 1608 2719 1687 ἔχοντες
2748 1610 2807 1667 ἐκ
2832 1609 2943 1669 τῶν
2974 1613 3182 1669 παθῶν.

3000 1886 3275 1961 Ἐκτείνας
3302 1885 3525 1961 πύρινον
3544 1889 3681 1961 ,νοῦν

2249 1962 2454 2037 Ἔργον
2482 1959 2564 2015 ἐπ’
2598 1954 2869 2030 εὐσεϐίης,
2904 1957 3121 2036 ρευστὸν
3151 1960 3240 2014 καὶ
3266 1954 3431 2033 σῶμα
3450 1958 3698 2021 σαώσεις.

2322 2059 2627 2128 Τουτέστιν,
2686 2056 2773 2113 ἐάν
2816 2056 3050 2132 ἐκτείνῃς
3096 2057 3188 2112 τὸν
3248 2056 3585 2134 φωτισθὲντα
3633 2075 3716 2110 σοι
3779 2058 3910 2109 νοῦν

2255 2147 2458 2213 ἄνωθεν
2515 2148 2605 2203 καὶ
2664 2153 2758 2202 τοῦ
2808 2146 2954 2212 θείου
3033 2147 3205 2221 πυρὸς
3263 2144 3415 2222 ἔργον
3478 2144 3770 2220 γενόμενον
3836 2143 3917 2205 εὶς

2255 2260 2320 2295 τα
2374 2245 2473 2307 τῆς
2534 2233 2800 2299 εὐσεϐείας
2880 2233 3012 2313 ἔργα
3078 2236 3236 2312 (ἔργα
3311 2233 3370 2292 δι
3439 2230 3709 2297 εὐσεϐείας
3765 2234 3925 2307 παρὰ

2257 2325 2578 2397 Χαλδαίοις,
2629 2328 2683 2382 αἱ
2741 2331 2851 2382 τῶν
2910 2326 3143 2382 τελετῶν
3200 2323 3468 2399 μέθοδοι),
3519 2324 3581 2380 οὗ
3615 2323 3785 2396 μόνον
3814 2323 3921 2389 τὴν

2258 2419 2440 2494 ψυχὴν
2474 2416 2753 2473 ἀνάλωτον
2786 2418 3035 2487 ποιήσεις
3080 2421 3195 2477 τοῖς
3240 2416 3481 2485 πάθεσιν,
3531 2411 3680 2469 ἀλλά
3715 2412 3814 2467 καὶ
3862 2412 3929 2466 τὸ

2261 2507 2420 2581 σῶμά
2450 2529 2546 2563 σου
2584 2506 2969 2581 ὑγιεινότερον.
3013 2508 3165 2563 Ἔστι
3198 2505 3302 2580 γὰρ
3330 2504 3421 2560 καὶ
3448 2508 3611 2559 τοῦτο
3639 2502 3924 2561 πολλάκις

2262 2592 2412 2673 ἔργον
2449 2602 2554 2651 τῶν
2592 2596 2747 2660 θείων
2782 2594 3130 2669 ὲλλάμψεων,
3173 2591 3471 2664 ἔκδαπανᾷν
3505 2593 3604 2661 τὴν
3650 2590 3789 2657 ὕλην
3817 2594 3921 2645 τοῦ

2264 2687 2541 2759 σώματος,
2568 2686 2655 2741 καὶ
2691 2686 2814 2761 ὑγιᾶ
2841 2687 2939 2755 τὴν
2974 2684 3129 2759 φύσιν
3160 2684 3598 2753 κατασκευάζειν,
3639 2680 3731 2736 καὶ
3769 2680 3919 2753 μήτε

2262 2777 2507 2846 πάθεσιν,
2543 2777 2681 2848 μήτε
2705 2774 2881 2837 νόσοις
2915 2772 3253 2839 ἁλίσκεσθαι.

2263 2975 2357 3032 Ἐκ
2415 2969 2461 3029 δ’
2516 2970 2617 3049 ἄρα
2686 2971 2909 3029 κόλπων
2988 2969 3145 3045 γαίης
3207 2968 3511 3041 θρώσκουσι
3578 2965 3732 3049 κύνες
3793 2965 3932 3041 χθό·

2264 3113 2337 3172 o”
2376 3117 2388 3138 ’
2430 3113 2489 3172 ’λ
2536 3040 2591 3171 at
2690 3122 2718 3133 -
2974 3040 3012 3129 ί
3104 3040 3107 3041 ν
3204 3110 3219 3133 ’
3692 3040 3855 3113 [mg

2309 3139 2370 3175 υτ
2420 3137 2451 3171 α
2496 3137 2528 3187 η
2598 3138 2621 3179 ς
2653 3136 2803 3188 σημα
2832 3114 3013 3192 βροτῳ
3044 3111 3363 3176 δεικνυντες.

568 3229 770 3284 Sermo
801 3230 891 3283 est
934 3228 1006 3282 de
1060 3226 1426 3283 daemonibus
1475 3225 1877 3284 materialibus
1911 3244 1923 3284 :
1958 3234 2012 3283 et
2041 3228 2145 3285 hos

2334 3234 2465 3309 Περὶ
2526 3231 2802 3307 δαιμόνων
2864 3230 3066 3287 ἑνύλων
3128 3232 3157 3285 6
3216 3228 3397 3305 λόγος⁴
3457 3225 3547 3282 καὶ
3598 3226 3765 3288 κύνας
3832 3227 3927 3298 μὲν

495 3334 670 3374 canes
719 3316 1005 3383 nominat,
1040 3316 1180 3387 quia
1229 3315 1562 3371 animarum
1613 3316 1918 3372 carnifices
1963 3323 2147 3375 sunt:

494 3409 802 3463 terrestres
842 3421 995 3475 vero,
1050 3406 1188 3476 quia
1236 3422 1266 3461 e
1314 3404 1457 3461 coelo
1505 3406 1860 3477 ceciderunt,
1916 3411 1972 3462 et
2002 3407 2155 3463 circa

498 3501 715 3552 terram
744 3495 1107 3551 volutantur.
1159 3494 1228 3550 Hi
1277 3495 1403 3566 (ait)
1437 3512 1467 3550 a
1500 3494 1710 3550 divina:
1739 3496 1869 3550 vitae
1903 3497 2154 3551 beatitu-

498 3584 635 3641 dine
661 3584 1005 3657 longissime
1046 3583 1247 3655 positi,
1278 3589 1335 3639 et
1384 3583 1765 3641 intellectuali
1796 3585 2155 3656 contempla-

499 3674 660 3730 tione
690 3673 979 3740 destituti,
1015 3675 1214 3727 f'utura
1250 3673 1596 3745 portendere
1644 3679 1961 3746 nequeunt.
1997 3674 2158 3730 Unde

504 3763 572 3819 fit
598 3768 663 3818 ut
692 3762 895 3818 omnia
924 3778 1053 3834 quae
1093 3762 1297 3817 dicunt
1342 3766 1445 3817 aut
1476 3766 1825 3833 monstrant,
1858 3763 2007 3818 falsa
2038 3763 2160 3818 sint

504 3857 564 3909 et
595 3853 758 3909 nulla
786 3851 1137 3908 certitudine
1166 3851 1427 3909 suffulta.
1479 3852 1588 3908 Per
1617 3853 1838 3909 formas
1874 3855 2031 3909 enim
2057 3870 2158 3910 en-

503 3942 588 3998 tia
616 3946 995 4014 cognoscunt.
1033 3944 1099 3997 At
1142 3941 1200 3996 id
1249 3942 1402 4013 quod
1437 3941 1713 3998 facultate
1742 3942 2046 4015 sigillatim
2080 3947 2156 4013 et,

507 4035 573 4087 ut
621 4032 704 4086 ita
759 4032 973 4099 dicam,
1035 4030 1477 4085 individualiter
1525 4031 1723 4087 futura
1770 4032 2159 4104 cognoscendi

506 4120 817 4193 praeditum
847 4126 956 4187 est,
993 4119 1315 4176 individuis
1365 4124 1424 4175 et
1474 4119 1794 4177 formarum
1824 4123 2161 4195 expertibus

498 4208 911 4281 intelligentiis
942 4208 1152 4263 utitur.

506 4308 716 4365 Omnia
746 4308 897 4362 enim
925 4307 1156 4377 perfecit
1187 4308 1379 4369 Pater,
1412 4311 1466 4361 et
1496 4309 1674 4363 menti
1701 4308 1934 4366 tradidit

505 4380 773 4437 Secunda?
802 4395 821 4433 :
853 4394 1018 4449 quam
1065 4379 1314 4449 primam
1359 4385 1514 4434 vocat
1562 4396 1727 4436 omne
1774 4398 1946 4524 g[enus
1983 4382 2162 4440 homi-

1816 4471 1969 4510 num.

578 4548 809 4607 Primus
851 4546 1156 4606 Trinitatis
1200 4551 1534 4613 Paternum
1569 4550 1901 4609 universam
1934 4560 2159 4611 creatu-

504 4653 631 4693 ram
663 4637 1041 4705 condidisset,
1072 4654 1203 4694 eam
1247 4639 1430 4696 menti
1462 4640 1704 4696 tradidit
1735 4656 1748 4697 :
1782 4658 1961 4713 quam
1994 4660 2157 4700 men~
2191 4613 2238 4679 Β

505 4730 625 4783 tem
657 4729 846 4783 totum
879 4744 1066 4800 genus
1115 4728 1466 4797 humanum,
1516 4734 1768 4802 paternae
1808 4731 2160 4790 excellentia

506 4816 802 4889 ignarum,
838 4818 1015 4873 Deum
1044 4818 1303 4889 primum
1347 4819 1682 4891 appellavit.
1717 4822 1784 4875 At
1824 4826 2026 4877 nostra
2055 4824 2157 4879 do-

505 4906 698 4963 ctrina
726 4908 1084 4965 contrarium
1110 4911 1268 4963 tenet
1299 4924 1313 4963 :
1348 4909 1501 4979 quod
1526 4909 1654 4980 ipsa
1676 4909 1863 4981 prima
1884 4914 2163 4983 mens,Fi-

502 4996 642 5063 lius,
678 4997 937 5067 inquam,
958 4996 1155 5073 magni
1180 4996 1389 5063 Patris,
1410 5013 1643 5054 omnem
1673 5005 2002 5056 creaturam
2027 5017 2160 5058 con-

500 5084 716 5139 diderit
746 5088 923 5156 atque
970 5086 1264 5157 operando
1314 5087 1642 5157 perfecerit.
1676 5088 1865 5155 ,Pater
1910 5091 2066 5146 enim
2100 5092 2157 5145 in

494 5171 766 5228 Mosaicis
796 5173 1038 5245 scriptis
1084 5173 1231 5230 Filio
1262 5173 1486 5231 indicat
1528 5178 1776 5233 formam
1810 5180 1934 5235 sive
1965 5180 2154 5235 ideam

496 5262 900 5332 productionis
946 5267 1353 5319 creaturarum
1390 5265 1615 5322 :Filius
1665 5284 1796 5323 vero
1845 5268 2159 5341 ipsiusmet

492 5356 762 5421 operator
791 5355 848 5407 et
877 5352 1147 5408 conditor
1177 5356 1267 5409 est
1287 5352 1481 5426 operis
1512 5356 1714 5413 creati.

2262 3324 2487 3385 τούτους
2545 3320 2725 3390 καλεῖ,
2780 3323 2855 3384 ὡς
2908 3318 3192 3394 τιμωροὺς
3245 3324 3352 3375 τῶν
3412 3320 3626 3392 ψυχῶν-
3664 3314 3928 3389 χθονίους

2264 3412 2321 3469 δὶ
2352 3416 2485 3487 (l5),
2541 3413 2616 3475 ὼς
2690 3412 2740 3481 ἒξ
2790 3409 3024 3485 οὐρανοῦ
3078 3407 3452 3475 πεπτωκότας,
3486 3404 3575 3460 καὶ
3623 3401 3924 3459 κυλινδου-

2269 3503 2464 3577 μένους
2511 3499 2633 3577 περὶ
2664 3501 2765 3569 τήν
2815 3501 2937 3576 γῆν.
2989 3499 3155 3556 Οὗτοι
3206 3501 3360 3573 γοῦν,
3412 3494 3565 3571 φησὶ,
3599 3490 3798 3569 πόρῥω
3828 3497 3931 3562 τῆς

2266 3593 2409 3658 θείας
2432 3591 2749 3666 τεταγμένοι
2786 3589 3047 3659 ζωῆς,καὶ
3079 3594 3180 3657 τῆς
3210 3590 3398 3663 νοερᾶς
3416 3583 3646 3659 θεωρίας
3678 3582 3933 3655 ἀπολιμ-

2264 3682 2585 3754 πανὸμενοι,
2617 3677 3014 3755 προσημαίνειν
3041 3678 3102 3732 τὸ
3139 3675 3342 3750 μέλλον
3378 3674 3440 3730 οὐ
3474 3672 3931 3729 δύνανται.”Οθεν

2265 3776 2367 3826 πᾶν
2400 3771 2429 3824 ’ὀ
2462 3768 2704 3844 λέγουσι,
2735 3764 2925 3841 ψευδὲς
2955 3765 3066 3822 ἐστι
3096 3764 3185 3821 καὶ
3218 3764 3601 3819 ἀνυπόστατονο
3641 3782 3933 3838 μορφωτι-

2265 3864 2375 3921 κῶς
2424 3858 2529 3934 γὰρ
2557 3858 2625 3911 τὰ
2656 3853 2785 3911 ὄντα
2814 3857 3169 3931 γινώσκουσι.
3224 3854 3295 3908 Τὸ
3342 3850 3399 3908 δὲ
3444 3856 3551 3907 τῶν
3606 3848 3930 3924 μελλόντων

2268 3948 2478 4010 ἑνιαίως
2506 3945 2806 4023 γνωστικὸν
2838 3944 3120 4021 ἆμερίοτις
3169 3945 3373 4022 χρῆται
3423 3940 3514 3996 καὶ
3570 3940 3934 4018 ἀμορφώτοις

2267 4039 2539 4108 νοήσεσιν.

2271 4315 2449 4401 [labra
2475 4310 2577 4389 γὰρ
2604 4309 2884 4401 ἐξετέλεσε
2903 4311 3123 4401 Πατὴρ,
3144 4310 3237 4401 καὶ
3265 4306 3340 4381 νῷ
3369 4304 3654 4401 παρέδωκε

2284 4380 2565 4461 Δευτὲρῲ²
2643 4380 2700 4441 δν
2774 4388 2993 4461 πρῶτον
3046 4380 3351 4454 "mirum
3427 4380 3529 4435 πᾶν
3608 4380 3796 4521 virga
3846 4380 3935 4434 ἂν·

3730 4472 3869 4521 ρων.

3730 4472 3842 4527 ρων
3852 4493 3869 4506 .

2338 4555 2447 4623 Τὴν
2510 4559 2681 4611 πᾶσαν
2739 4552 2909 4609 κτίσιν
2970 4550 3389 4627 δημιουργήσας
3453 4550 3482 4605 6
3542 4551 3646 4617 τῆς
3697 4546 3938 4623 Τριάόος

2267 4648 2486 4719 πρῶτος
2537 4643 2748 4718 Πατὴρ.
2808 4639 3091 4719 παρέδωκε
3151 4641 3353 4711 ταύτην
3412 4643 3492 4711 τῷ
3548 4642 3647 4709 νῷο
3700 4637 3762 4692 δν
3812 4658 3937 4692 τινα

2267 4739 2390 4790 νοῦν
2443 4734 2508 4789 τὸ
2557 4733 2766 4808 ξύμπαν
2816 4734 2973 4808 γένος
3020 4737 3126 4788 τῶν
3172 4728 3411 4805 ἀνδρῶν,
3463 4728 3787 4804 ἀγνοοῦντες
3832 4731 3933 4796 τήν

2265 4823 2532 4898 πατρικὴν
2587 4822 2889 4898 ὑπεροχὴν,
2941 4822 3070 4877 Θεὸν
3120 4825 3339 4895 πρῶτον
3387 4816 3639 4874 καλοῦσι.
3674 4814 3836 4884 Πλὴν
3874 4818 3933 4870 τὸ

2266 4913 2393 4985 παρ’
2440 4914 2577 4985 ἡμῖν
2629 4908 2811 4986 δόγμα
2841 4910 3096 4972 ἐναντίως
3124 4905 3267 4985 ἔχει,
3315 4908 3393 4970 ὡς
3444 4906 3608 4967 αὐτὸς
3650 4906 3679 4959 6
3710 4910 3933 4981 πρῶτος

2266 5005 2413 5071 νοῦς,
2461 5001 2489 5055 6
2525 5000 2648 5061 Υἱὸς
2678 5003 2776 5054 τοῦ
2833 4997 3072 5074 μεγάλου
3122 4997 3350 5069 Πατρὸς,
3379 4997 3477 5065 τὴν
3530 4992 3705 5049 κτίσιν
3760 5001 3935 5049 πᾶσαν

2266 5088 2734 5163 ὶδημιούργησεν.
2795 5089 2856 5145 Ὀ
2909 5089 3005 5161 μὲν
3053 5087 3156 5163 γάρ
3209 5086 3394 5161 Πατὴρ
3446 5082 3591 5160 λὲγει
3651 5085 3806 5159 παρὰ
3854 5088 3921 5156 τῇ

2266 5180 2535 5252 Μωσαϊκῇ
2572 5173 2751 5253 βίϐλῳ
2804 5178 2939 5253 πρὸς
2981 5178 3076 5232 τὸν
3122 5175 3246 5231 Υἶὸν
3294 5176 3393 5244 τὴν
3426 5170 3571 5230 ἰδίαν
3600 5179 3704 5242 τῆς
3766 5193 3934 5249 παρι-

2263 5276 2448 5346 γωγῆς
2478 5272 2586 5324 τῶν
2618 5265 2953 5339 κτισμάτων·
2990 5267 3018 5322 ὁ
3050 5263 3108 5322 δὲ
3135 5266 3260 5328 Υἱὸς
3308 5264 3608 5339 αὐτουργὸς
3638 5266 3743 5318 τοῦ
3774 5266 3938 5331 ποιή-

2273 5378 2439 5432 ματος
2468 5356 2727 5433 γίγνεται.

1737 5472 2041 5531 JOANNIS
2081 5474 2403 5533 OPSOPJEI
2443 5474 2677 5531 NOT/E.

565 5562 690 5644 (f4)
730 5562 832 5618 Σὸν
882 5566 1133 5644 ἀγγεῖον.
1203 5566 1359 5644 Hanc
1438 5572 1658 5627 oraculi
1722 5572 2145 5644 expositionem

494 5636 850 5712 y'erbotenus
881 5636 987 5692 suo
1013 5638 1412 5712 inASynesium
1449 5636 1870 5699 commentario
1903 5644 2149 5699 inseruit

495 5701 879 5776 Nicephorus,
912 5724 1045 5780 pag.
1076 5701 1200 5764 81Ϊ4.

2259 5576 2444 5703 11’95)
2496 5570 2761 5634 Χθονίους
2796 5568 2871 5627 δέ.
2929 5571 3072 5629 Vide
3124 5568 3437 5643 Nicephori
3494 5565 3729 5625 scholia
3790 5584 3921 5640 pag.
