4056 6346
177 417 331 479 ΗΜ

242 550 433 606 Ποιναῖ
463 551 718 626 μερόπων
748 551 1067 627 ἄγκτειραι.

250 640 316 694 Οἱ
349 639 442 713 μὶν
491 640 592 716 γὰρ
661 640 942 716 ἀναγωγαὶ
1003 639 1228 718 ἄγγελοι
1288 642 1548 716 ἀνάγουσι
1591 637 1686 702 τὰς
1741 639 1846 711 to-

174 730 284 807 χὰς
317 729 398 808 ἐφ’
429 728 654 793 ἑαυτοὺς
685 730 747 786 ἐκ
787 733 888 796 τῆς
937 730 1196 807 γενέσεως
1258 730 1642 809 ἐφελκόμενοι.
1671 729 1740 785 Αἱ
1789 724 1848 782 δὲ

176 818 390 887 ποιναὶ,
424 817 550 887 ἤτοι
605 819 660 874 αὶ
689 820 1066 895 τιμωρητικαὶ
1122 823 1230 875 τῶν
1279 817 1584 892 διδομένων
1635 816 1844 895 φύσεων

177 909 270 963 καὶ
336 909 595 984 βάσκανοι
659 912 769 964 τῶν
833 909 1196 985 ἀνθρωπίνων
1252 913 1471 986 ψυχῶν,
1529 905 1846 979 ένδεσμοῦσι

171 996 375 1059 ταύτας
405 1002 523 1060 τοῖς
573 996 786 1060 ὑλικοῖς
838 997 1056 1070 πάθεσι,
1087 998 1178 1054 καὶ
1219 1001 1335 1054 οἷον
1386 998 1722 1073 ἆπάγχουσι,
1757 995 1846 1050 καὶ

177 1083 246 1139 οὐ
293 1083 458 1158 μόνον
507 1085 636 1148 τοὺς
682 1091 790 1141 τῶν
840 1091 1028 1151 παθῶν
1061 1086 1296 1162 πλήρεις
1339 1085 1660 1156 αἰκίζονται,
1701 1082 1850 1139 ἀλλᾶ

173 1173 272 1229 καὶ
325 1172 454 1237 τοὺς
511 1174 588 1237 εἷς
635 1175 734 1244 τὴν
773 1173 944 1231 ἄυλον
993 1175 1176 1232 οὐσίαν
1227 1174 1724 1250 ἐπεστραμμένους⁶
1755 1172 1845 1228 καὶ

171 1263 283 1338 γὰρ
315 1262 405 1318 καὶ
439 1263 584 1318 οὗτοι
615 1263 822 1333 είςκτήν
873 1261 1012 1335 ὕλην
1063 1264 1158 1319 καὶ
1194 1265 1294 1334 τήν
1339 1264 1542 1340 γένεσιν
1596 1261 1846 1327 ἐλθόντες

176 1349 399 1407 δέονται
426 1359 524 1423 τῆς
551 1352 816 1424 τοιαύτης
863 1354 1196 1431 καθάρσεως.
1231 1352 1489 1418 Πολλοὺς
1546 1353 1649 1428 γὰρ
1705 1352 1845 1427 ὁρῶ-

180 1461 281 1515 μεν
338 1441 429 1498 καὶ
482 1447 592 1497 τῶν
646 1440 815 1506 ὁσίως
888 1444 976 1498 καὶ
1053 1447 1306 1517 καθαρῶς
1377 1438 1844 1514 πολιτευομένων,

173 1529 622 1605 ἀπροσδοκήτοις
654 1536 967 1611 συμφοραῖς
994 1531 1444 1609 περιπίπτοντας.

401 1705 668 1784 Σύμϐολα
693 1710 958 1785 πατρικὸς
987 1707 1112 1773 vobo;
1139 1704 1356 1786 ἔσπειρε
1386 1713 1615 1785 ψυχαῖς.

255 1800 462 1874 Ὠσπερ
493 1802 610 1872 (16)
666 1801 700 1868 ἡ
755 1797 1027 1869 Μωσαϊκή
1083 1793 1277 1874 βίϐλος
1329 1799 1447 1854 κατ’
1477 1797 1658 1853 εἰκόνα
1713 1797 1847 1850 Θεοῦ

180 1884 418 1942 πλάττει
473 1888 570 1942 τὸν
639 1888 948 1963 ἄνθρωπον,
999 1883 1142 1942 οὕτω
1191 1888 1280 1941 καὶ
1344 1887 1372 1941 ό
1430 1884 1704 1949 Χαλδαῖος
1751 1884 1843 1939 τὸν

180 1977 428 2046 ποιητὴν
471 1977 558 2032 καὶ
603 1977 811 2052 πατέρα
863 1979 962 2031 τοῦ
990 1977 1202 2050 κόσμου
1236 1975 1370 2051 φησὶ
1403 1970 1657 2048 σύμϐολα
1687 1973 1848 2050 ἐγκα-

181 2071 476 2141 τασπεῖραι
532 2071 653 2128 ταῖς
708 2069 916 2141 ψυχαῖς
971 2072 1075 2135 τῆς
1131 2066 1325 2121 εαυτοῦ
1381 2063 1680 2136 ἰδιότητος.
1739 2066 1845 2120 Καὶ

177 2157 286 2232 γὰρ
337 2155 442 2210 ἀπὸ
496 2160 604 2211 τῶν
677 2159 956 2230 πατρικῶν
1019 2156 1344 2228 σπερμάτων
1405 2153 1512 2228 οὐχ
1559 2155 1614 2208 αἱ
1672 2151 1845 2228 ψυχαὶ

188 2243 547 2320 μόναι,ἆλΛὰ
583 2245 674 2300 καὶ
724 2247 778 2300 αἱ
812 2245 1194 2321 ὑπιρκείμεναι
1241 2250 1406 2300 πᾶσαι
1453 2244 1627 2314 τάξεις
1679 2237 1846 2298 ἐϐλά-

185 2356 410 2406 στησαν.
445 2334 543 2390 Καὶ
576 2332 724 2391 ἄλλα
757 2336 852 2408 μὶν
892 2335 960 2390 τὰ
1017 2333 1071 2389 έν
1128 2335 1318 2396 αὐταῖς
1363 2339 1481 2395 ταῖς
1528 2333 1842 2404 ἀσωμάτοις

181 2422 438 2500 ὑπάρξεσι
486 2425 826 2496 συνθήματα,
886 2421 1192 2496 ἀσωμάτως
1241 2419 1368 2477 ὄντα
1423 2421 1512 2477 καὶ
1565 2418 1835 2479 ἐνοειῖῶςο

181 2510 335 2568 ἄλλα
362 2511 420 2568 δὲ
450 2512 502 2568 ἐν
535 2518 654 2576 τοῖς
685 2513 917 2586 κόσμοις
953 2513 1271 2584 συνθήματα
1317 2509 1406 2566 καὶ
1459 2505 1714 2583 σύμϐολά
1766 2509 1839 2564 εἰ·

180 2621 289 2672 σιν,
321 2603 377 2656 αἱ
435 2601 664 2678 ἄρρητοι
716 2607 816 2659 τοῦ
873 2605 1008 2658 Θεοῦ
1055 2597 1350 2672 ῗδιὸτητες,
1377 2601 1434 2655 αἱ
1461 2599 1550 2655 καὶ
1579 2603 1686 2654 τῶν
1719 2599 1839 2672 ἀρε-

178 2697 302 2747 τῶν·
325 2693 728 2768 ύπερκεέμεναι.

393 2781 494 2856 Βίῃ
524 2787 685 2855 σῶμα
715 2780 989 2838 λιπόντων
1021 2782 1195 2857 ψυχαὶ
1233 2781 1632 2855 καθαρώταται.

255 2869 331 2928 Εἴ
374 2891 458 2934 τις
517 2870 877 2946 εὐγνωμόνως
909 2870 1104 2926 ἀκούοι
1155 2875 1256 2926 τοῦ
1312 2870 1501 2946 ῥητοῦ,
1534 2869 1634 2924 οὐκ
1691 2865 1837 2923 ἐναν-

175 2961 434 3016 τιώσεται
465 2965 583 3023 τοῖς
613 2959 907 3035 ἡμετέροις
939 2957 1197 3034 δόγμασι.
1231 2960 1336 3017 Καὶ
1379 2959 1482 3034 γὰρ
1535 2959 1587 3013 οἱ
1645 2977 1837 3036 στεφα-

177 3055 326 3105 νῖται
383 3051 650 3126 μάρτυρες
711 3048 911 3126 βιαίοις
986 3048 1146 3105 «tam
1200 3049 1264 3104 τὸ
1317 3053 1477 3122 σῶμα
1561 3047 1837 3117 λιπόντες,

179 3140 420 3214 καθαρὰς
474 3138 570 3201 τὰς
623 3140 824 3194 ἑαυτῶν
900 3138 1080 3214 ψυχὰς
1135 3136 1499 3194 τετελέκασιν.
1560 3134 1716 3194 Ἀλλ’
1777 3134 1837 3190 οὐ

179 3227 345 3282 τοῦτό
375 3248 538 3304 φησιν
568 3229 598 3283 ὁ
634 3224 935 3299 Χαλδαῖος,
969 3226 1120 3283 ἀλλὰ·
1159 3225 1332 3282 πάντα
1387 3226 1560 3301 βίαιον
1613 3227 1839 3280 θάνατον

1044 418 1460 481 EXPOSITIO
1504 415 2052 480 ORACULORUM
2094 414 2743 477 CHALDAIGORUM.

1876 549 1932 615 Α

3450 427 3604 488 1142

2103 553 2294 604 Poena?
2323 549 2546 604 vincula
2575 556 2708 605 sunt
2731 551 2977 609 homines
2997 555 3461 627 constringentia.

2024 638 2172 693 Nam
2203 638 2578 696 subvectores
2610 641 2800 712 angeli
2833 644 3064 700 animas
3094 662 3128 700 a
3158 647 3352 716 prima
3374 649 3463 703 sui
3497 651 3607 706 ori-

1957 727 2090 801 gine
2119 731 2400 784 attrectas
2430 730 2501 784 ad
2537 746 2598 785 se
2629 730 2924 788 evehunt:
2958 738 3160 790 contra
3191 752 3372 806 poenae
3434 738 3601 794 ultri-

1957 833 2054 872 ces
2109 816 2387 872 nimirum
2433 822 2776 874 naturarum
2827 821 2997 876 nobis
3047 839 3483 897 concesseram,
3543 833 3600 883 et

1957 909 2249 962 tormenta
2304 905 2696 962 humanarum
2753 907 3107 980 animarum,
3198 915 3601 972 materialibus

1955 994 2090 1050 illas
2109 995 2412 1051 affectibus
2444 995 2720 1052 irretiunt
2751 1002 2807 1054 et
2837 1001 3010 1069 quasi
3054 1003 3450 1073 strangulant.
3483 1006 3600 1061 Nec

1955 1084 2148 1141 solum
2175 1085 2235 1139 in
2266 1084 2374 1140 hos
2403 1085 2648 1141 saeviunt
2678 1088 2779 1158 qui
2811 1089 3128 1145 affectuum
3159 1092 3350 1148 turbis
3377 1093 3606 1150 obsessi

1956 1174 2226 1242 sunt,sed
2259 1178 2315 1230 et
2335 1175 2395 1229 in
2425 1174 2558 1230 illos
2589 1177 2688 1247 qui
2712 1177 2783 1232 ad
2806 1177 3166 1235 abstractam
3201 1181 3274 1236 ab
3304 1183 3463 1239 omni
3487 1201 3609 1241 ma-

1955 1263 2103 1321 teria
2131 1264 2449 1320 essentiam
2473 1265 2738 1321 conversi
2761 1270 3081 1336 sunt:quod
3116 1269 3176 1324 hi
3208 1287 3442 1343 quoque
3469 1290 3606 1344 quo-

1955 1353 2113 1408 niam
2146 1352 2434 1424 progeniti
2466 1359 2626 1421 sunt,
2660 1359 2716 1410 et
2748 1356 3002 1411 materie
3025 1358 3602 1431 copulati,ejusmodi

1952 1441 2297 1498 lustratione
2327 1441 2874 1513 indigeant.Multos
2905 1446 3062 1501 enim
3096 1447 3272 1503 etiam
3305 1464 3373 1503 ex
3399 1449 3473 1504 iis
3499 1452 3599 1522 qui

1953 1534 2215 1587 sanctam
2245 1534 2304 1587 et
2331 1530 2619 1587 illibatam
2671 1531 2852 1589 vitam
2880 1535 3411 1608 egerunt,inopinis
3444 1540 3600 1595 cala-

1954 1620 2261 1676 mitatibus
2289 1620 2719 1678 circumventos
2747 1622 2931 1678 fuisse
2964 1625 3158 1680 videre
3187 1625 3345 1681 licet.

2179 1709 2346 1780 Signa
2376 1711 2576 1766 insevit
2602 1712 2898 1768 animabus
2927 1729 3081 1769 mens
3107 1718 3382 1783 paterna..

2027 1798 2536 1862 Quemadmodum
2570 1799 2720 1856 liber
2747 1801 2959 1873 Moysis
2988 1802 3290 1859 hominem
3338 1806 3409 1860 ad
3450 1805 3596 1861 ima-

1955 1887 2149 1959 ginem
2182 1886 2282 1942 Dei
2331 1889 2646 1944 formatum
2684 1890 2866 1947 fuisse
2909 1892 3071 1960 dicit,
3105 1893 3186 1948 ita
3223 1893 3398 1950 etiam
3429 1895 3600 1951 Chal-

1957 1977 2118 2033 daeus
2145 1977 2228 2033 ait
2252 1977 2617 2034 conditorem
2650 1982 2707 2034 et
2741 1981 2945 2035 mundi
2980 1987 3280 2053 parentem
3316 1985 3487 2055 signa
3533 2001 3600 2040 ac

1956 2071 2124 2123 notas
2153 2083 2273 2122 suae
2305 2066 2497 2139 ipsius
2524 2069 2900 2139 proprietatis
2923 2071 3238 2127 animabus
3289 2073 3596 2130 insevisse.

1953 2155 2182 2212 Etenim
2217 2171 2334 2210 non
2366 2156 2574 2212 animai
2597 2161 2828 2211 tantum
2863 2174 2892 2213 e
2943 2163 3184 2229 paterno
3217 2162 3440 2218 semine
3471 2179 3600 2233 prc-

1953 2245 2140 2300 ductss
2169 2250 2330 2315 sunt,
2390 2247 2494 2301 sed
2540 2262 2746 2303 omnes
2774 2247 3211 2304 etiam‘ordines
3269 2251 3597 2322 superiores

1953 2350 2123 2390 suam
2155 2335 2445 2407 originem
2477 2335 2613 2391 inde
2634 2336 2987 2393 habuerunt.
3014 2339 3120 2394 Sed
3155 2339 3213 2393 in
3248 2342 3597 2399 substantiis

1952 2422 2312 2496 incorporeis
2344 2423 2458 2478 alia
2487 2429 2628 2480 sunt
2658 2425 2849 2498 signa,
2899 2427 3240 2498 incorporea
3271 2415 3483 2502 nempe
3541 2437 3598 2486 et

1950 2511 2288 2579 individua;
2322 2512 2439 2568 alia
2467 2513 2608 2568 item
2631 2514 2692 2569 in
2724 2515 2962 2570 mundis
2986 2516 3156 2587 signa
3179 2521 3319 2572 sunt
3349 2522 3406 2573 et
3437 2536 3590 2591 sym-

1949 2599 2083 2656 bola
2113 2600 2597 2656 inenarrabilium
2630 2602 2730 2657 Dei
2764 2603 3212 2675 proprietatum,
3239 2606 3384 2677 ipsis
3414 2609 3587 2664 etiam

1949 2689 2268 2746 virtutibus
2299 2689 2470 2760 longe
2491 2690 2986 2748 excellentiorum.

2025 2780 2085 2835 Vi
2107 2795 2304 2850 corpus
2329 2780 2761 2850 relinquentium
2781 2784 2993 2839 animae
3019 2786 3146 2838 sunt
3176 2787 3512 2856 purissimae.

2021 2869 2128 2932 Qui
2167 2867 2388 2923 dictum
2449 2869 2608 2924 istud
2662 2885 2829 2942 aequa
2889 2875 3082 2927 mente
3156 2876 3600 2942 auscultaverit,

1948 2957 2208 3030 reperiet
2237 2957 2294 3012 id
2327 2964 2539 3013 nostra:
2569 2959 2841 3015 doctrinae
2872 2976 2988 3015 non
3021 2962 3335 3018 adversari.
3373 2967 3601 3022 Etenim

1963 3047 2222 3103 coronati
2282 3051 2567 3120 martyres
2626 3048 2728 3119 qui
2774 3049 3115 3106 afﬂictionis
3165 3055 3425 3123 tempore
3472 3071 3608 3111 cum

1963 3136 2225 3193 cruciatu
2257 3153 2468 3209 corpus
2499 3137 2880 3209 reliquerunt,
2907 3156 3047 3195 suas
3067 3140 3334 3211 ipsorum
3386 3144 3617 3201 animas

1964 3226 2300 3282 lustrarunt
2332 3231 2390 3282 et
2419 3243 2597 3298 puras
2628 3228 3036 3285 reddiderunt.
3065 3231 3137 3284 At
3192 3229 3303 3286 hoc
3333 3248 3449 3286 non
3499 3235 3621 3289 vult

178 3289 412 3372 inuivei'
438 3289 622 3388 διότι,
659 3316 848 3395 φησίν,
882 3289 935 3386 ἡ,
980 3317 1132 3392 ψυχὴ
1189 3289 1462 3378 ἐπιπόνως
1508 3313 1743 3369 λιποῦσα
1795 3313 1846 3368 τε

1970 3315 2298 3383 Chaldaeus,
2333 3289 2435 3372 sed
2466 3316 2666 3372 laudat
2697 3335 2929 3374 omnem
2978 3325 3225 3375 mortem
3279 3321 3616 3388 violentam,

183 3412 368 3481 σῶμα,
404 3405 760 3482 βδελύττεται·
788 3407 888 3476 τήν
919 3406 1146 3470 ἐνταῦθα
1199 3407 1367 3477 ζωὴν,
1399 3405 1488 3460 καὶ
1537 3410 1685 3478 μισεῖ
1747 3406 1848 3473 τὴν

183 3498 324 3574 πρὸς
383 3501 544 3552 τοῦτο
600 3497 956 3574 ἐπιστροφὴν,
992 3497 1084 3551 καὶ
1137 3494 1408 3572 χαίρουσα
1455 3495 1594 3568 πρὸς
1639 3493 1706 3548 τὰ
1743 3491 1856 3548 ἄνω

177 3591 378 3662 χωρεῖ.
415 3588 484 3642 Αἱ
518 3584 575 3642 δὲ
606 3585 658 3642 έν
689 3586 872 3648 νόσοις
915 3585 1032 3640 κατ’
1057 3583 1275 3640 ἔκλυσιν
1311 3589 1408 3639 τοῦ
1469 3587 1699 3654 ζωτικοῦ
1748 3584 1855 3637 σώ-

191 3695 364 3748 ματος
391 3672 764 3730 ἀπολιποῦσαι.
795 3674 890 3730 τὸν
946 3673 1088 3750 βίον,
1119 3673 1183 3728 ού
1243 3672 1393 3746 μάλα
1448 3693 1501 3728 τι
1563 3669 1852 3748 δυσχεραί-

185 3785 343 3820 νουσι
370 3765 470 3835 τήν
501 3764 636 3841 πρὸς
666 3767 830 3819 τοῦτο
873 3762 1050 3819 νεῦσεν
1075 3784 1135 3818 τε
1165 3763 1256 3818 καὶ
1289 3762 1487 3838 ῥοπήν.

187 3959 494 4037 Ὅτι-ψυχὴ
527 3963 636 4032 πῦρ
664 3960 801 4037 οὖσα
831 3958 1046 4037 φαεινὸν
1080 3954 1304 4037 δυνάμει
1336 3956 1570 4037 Πᾳτρρςι

190 4027 493 4098 Ἀθάνατός
513 4053 575 4088 τε
594 4027 786 4104 μ’μένει,
816 4027 907 4087 καὶ
942 4036 1089 4100 ζωῆς
1115 4027 1364 4104 δεσπότις
1393 4027 1506 4085 ἐστὶ

189 4104 298 4164 Καὶ
327 4104 444 4182 ἔχει
476 4102 674 4161 πολλὰ»
692 4102 1047 4181 πληρώματα
1073 4103 1320 4160 κόλπων.

269 4213 526 4288 Ἡψυχὴ
551 4210 718 4268 ἄϋλον
751 4210 886 4267 οὖσα
940 4211 1031 4266 καὶ
1083 4208 1372 4282 ἀσώματον
1421 4212 1551 4284 πῦρ,
1583 4204 1848 4270 συνθέτων

193 4300 343 4359 ὅλων
401 4301 491 4358 καὶ
533 4306 631 4357 τοῦ
685 4300 877 4356 ὑλικοῦ
922 4300 1177 4372 σώματος
1208 4297 1562 4371 ἐξῃρημένον,
1589 4295 1850 4357 ἀθάνατός

191 4390 362 4447 ἆστιν.
407 4391 484 4446 Ού
533 4390 633 4465 γὰρ
700 4386 1164 4465 ἐγκαταμέμικται
1221 4385 1358 4458 αὐτῇ
1416 4384 1602 4440 ὑλικόν
1658 4405 1713 4438 τι
1759 4385 1849 4439 καὶ

192 4476 648 4542 αοτῶδεςόὐδὶ
704 4477 954 4539 σύνθετός
999 4475 1164 4546 ἐστιν,
1214 4473 1307 4530 ’ἕνα
1366 4472 1596 4548 διαλυθῇ
1656 4473 1731 4536 εἷς
1783 4473 1850 4527 τὰ

192 4569 248 4640 ἐξ
307 4570 381 4624 ὧν
442 4570 716 4639 συνετέθη.
747 4569 900 4624 Ἔστι
960 4563 1017 4622 δὲ
1071 4566 1162 4621 καὶ
1218 4562 1469 4626 δεσπότις
1530 4569 1699 4634 ζωῆς,
1730 4568 1846 4624 τοῖς

1968 3421 2034 3462 eo
2055 3407 2210 3478 quod
2268 3406 2466 3461 anima
2523 3401 2646 3476 quas
2699 3422 2913 3478 corpus
2944 3424 3079 3463 cum
3122 3409 3320 3467 dolore
3377 3411 3614 3480 deserit,

1965 3495 2118 3551 hanc
2148 3493 2326 3549 vitam
2368 3494 2744 3550 abominetur
2790 3499 2847 3550 et
2919 3499 3422 3556 conversationem
3475 3517 3611 3556 cum

1966 3601 2205 3656 corpore
2234 3585 2588 3650 odit,contra
2609 3601 2741 3639 cum
2776 3585 2990 3656 gaudio
3013 3587 3083 3640 ad
3118 3589 3424 3658 superiora
3458 3606 3614 3645 revo-

1962 3673 2064 3728 lat.
2098 3677 2172 3727 At
2199 3688 2325 3742 qua
2358 3672 2417 3727 in
2451 3672 2673 3727 morbis
2704 3675 2910 3728 animae
2933 3690 3171 3745 corpore
3194 3675 3302 3731 hoc
3326 3679 3608 3733 naturali-

1963 3765 2052 3817 ter
2082 3760 2370 3817 dissoluto
2399 3761 2576 3816 vitam
2599 3761 3083 3833 relinquunt,non
3106 3765 3427 3820 admodum
3459 3783 3610 3838 aegro

1960 3851 2157 3907 ferunt
2185 3855 2396 3906 nutum
2429 3854 2487 3904 et
2518 3851 2972 3922 propensionem
3007 3853 3097 3906 sui
3132 3870 3266 3924 erga
3299 3871 3536 3926 corpus.

2069 3957 2211 4032 Quia
2238 3958 2430 4032 anima
2455 3957 2606 4024 ignis
2637 3960 2717 4011 est
2749 3956 2964 4032 lucidas
2991 3961 3238 4032 potentia
3267 3964 3464 4032 patris,

2066 4027 2521 4102 Immortalisqae
2539 4035 2742 4102 manet,
2774 4035 2824 4083 et
2852 4027 3231 4086 vitae—domina
3262 4027 3357 4102 est,

2066 4105 2133 4158 Et
2161 4100 2319 4155 habet
2349 4101 2531 4155 multa
2561 4101 2964 4172 complementa
2988 4103 3230 4158 sinuum.

2028 4207 2238 4263 Anima
2259 4223 2392 4262 cum
2416 4207 2496 4262 sit
2517 4206 2670 4278 ignis
2697 4206 2952 4262 materiae
2979 4207 3357 4280 corporisque
3379 4226 3607 4282 expers,

1957 4303 2013 4353 et
2041 4296 2115 4352 ab
2149 4295 2420 4351 universo
2451 4295 2910 4368 compositorum
2964 4312 3175 4368 genere
3205 4301 3262 4352 et
3317 4299 3606 4355 materiali

1955 4401 2194 4457 corpore
2224 4388 2513 4456 exempta,
2547 4383 2896 4440 immortalis
2927 4385 3200 4440 est.Nihil
3229 4387 3386 4442 enim
3421 4393 3603 4444 mate-

1958 4475 2054 4531 riae
2086 4477 2187 4530 aut
2209 4473 2480 4546 caliginis
2512 4473 2804 4546 particeps
2829 4473 2912 4529 illi
2945 4473 3276 4530 immistum
3304 4478 3604 4536 estzmulto

1958 4566 2155 4620 minus
2178 4563 2502 4634 composita
2531 4567 2639 4631 est,
2673 4567 2739 4618 ut
2762 4563 2819 4618 in
2853 4581 2921 4618 ea
2950 4579 3017 4619 ex
3040 4564 3254 4636 quibus
3286 4569 3605 4624 constituta

191 4663 406 4735 νεκροῖς
459 4659 602 4728 ζωὴν
662 4654 1074 4730 ἐπιλάμπουσαι.
1133 4656 1295 4730 Ἔχει
1361 4651 1418 4709 δὲ
1472 4653 1562 4708 καὶ
1618 4650 1845 4708 πολλῶν

1964 4655 2082 4724 Fuit,
2115 4652 2328 4708 resolvi
2386 4653 2593 4724 possit.
2653 4653 2752 4707 Est
2808 4657 3091 4723 praeterea
3147 4655 3280 4710 vitae
3339 4658 3601 4727 domina,

192 4748 550 4825 πληρώματα
602 4746 828 4802 κόλπων
864 4765 877 4778 ·
910 4745 1184 4800 τουτέστιν
1241 4741 1360 4818 ἔχει
1416 4739 1668 4815 δυνάμεις
1727 4741 1852 4794 ὑπο-

194 4837 446 4899 δεκτικάς
494 4842 595 4905 τῆς
641 4833 778 4907 ὅλης
817 4833 1258 4906 διακοσμήσεως⁵
1293 4829 1514 4886 δύναται
1560 4831 1661 4904 γὰρ
1717 4829 1853 4884 κατὰ

188 4930 291 4992 τὰς
320 4925 611 5006 διαφόρους
640 4926 830 5004 ἀρετὰς
861 4925 937 4990 εἷς
965 4925 1062 4987 τὰς
1091 4922 1386 5002 διαφόρους
1447 4921 1614 4990 ζώνας
1662 4919 1850 4995 ἐγκατ-

190 5022 372 5074 οικεῖν
392 5020 490 5073 τοῦ
520 5017 775 5093 ούρανοῦ.

341 5194 528 5269 Ηατήρ
563 5192 626 5248 οὐ
656 5186 823 5272 φόϐον
856 5189 1170 5268 ἐνθρώσκει,
1202 5190 1376 5246 πειθὼ
1409 5185 1455 5243 δ’
1482 5185 1712 5262 έπιχέει.

266 5280 572 5351 Τουτέστιν,
626 5279 708 5337 δτι
764 5281 827 5336 τὸ
888 5284 1030 5345 θεῖον
1087 5278 1187 5334 οὐκ
1246 5276 1359 5333 ἔστι
1406 5277 1708 5354 φριμάσσον
1767 5273 1856 5328 καὶ

190 5372 646 5450 ἄγανακτητικὸν,
681 5367 828 5426 ἀλλᾶ
879 5365 1054 5443 γλυκὺ
1099 5367 1188 5422 καὶ
1239 5364 1584 5441 γαληνιαῖον·
1619 5363 1738 5428 ὅθεν
1796 5361 1858 5417 οὗ

189 5456 374 5540 φόϐον
422 5460 642 5533 ἐμποιεῖ
687 5464 807 5520 ταῖς
857 5455 1245 5530 ὑποκειμέναις
1287 5454 1528 5530 φύσεσιν,
1558 5450 1858 5540 ἀλλὰ-πει-

1960 4746 2225 4798 mortuos
2256 4741 2385 4795 vita:
2417 4741 2595 4796 radiis
2634 4740 2960 4796 illustrans.
2995 4743 3180 4798 Habet
3208 4745 3384 4800 etiam
3419 4748 3602 4820 pluri-

1961 4845 2188 4885 morum
2223 4828 2460 4884 sinuum
2492 4828 2939 4899 complementa,
2964 4828 3020 4883 id
3045 4835 3133 4885 est
3152 4833 3377 4891 obtinet
3407 4843 3608 4908 poten-

1961 4919 2076 4974 tias
2108 4917 2498 4989 susceptrices
2530 4917 2711 4972 totius
2761 4916 3310 4990 administrationis,
3334 4925 3470 4994 quia
3502 4944 3605 4997 pro

1959 5007 2247 5062 virtutum
2279 5005 2615 5061 diversitate
2636 5005 2897 5060 diversas
2930 5023 3109 5063 zonas
3161 5008 3283 5066 sive
3332 5011 3462 5066 coin
3513 5032 3605 5070 re-

1963 5097 2165 5169 giones
2191 5093 2275 5150 illi
2308 5093 2639 5149 inhabitare
2669 5093 2821 5149 licet.

2035 5186 2176 5241 Deus
2203 5200 2313 5240 non
2336 5183 2518 5255 injicit
2548 5187 2775 5250 metum,
2806 5188 2906 5238 sed
2933 5185 3251 5257 obsequium
3270 5185 3536 5256 infundit.

2039 5274 2099 5328 Id
2123 5277 2229 5340 est,
2264 5272 2460 5328 divina
2486 5276 2699 5327 natura
2729 5288 2845 5327 non
2871 5273 3086 5340 tremit,
3123 5291 3309 5347 neque
3339 5275 3611 5350 indigna-

1965 5362 2169 5418 bunda
2201 5367 2313 5430 est,
2344 5363 2442 5418 sed
2478 5362 2678 5417 suavis
2711 5365 2768 5416 et
2797 5362 3136 5433 tranquilla.
3173 5364 3306 5421 Ideo
3338 5382 3454 5423 non
3499 5369 3609 5428 im-

1969 5450 2149 5506 mittit
2171 5455 2392 5505 metum
2425 5450 2710 5521 subjectis
2743 5450 3102 5518 naturis,sed
3133 5452 3376 5509 suadela
3397 5460 3454 5510 et
3475 5472 3607 5527 gra-

192 5535 292 5606 δοῖ
337 5549 427 5604 καὶ
477 5548 665 5626 χάριτι
712 5547 886 5602 πάντα
931 5544 1236 5625 ἐφέλκεται.
1270 5543 1334 5600 Εἰ
1380 5544 1481 5618 γὰρ
1528 5541 1596 5611 ἦν
1629 5535 1846 5618 φοϐερὸι

1967 5540 2052 5595 tia
2069 5540 2266 5594 omnia
2297 5540 2368 5594 ad
2399 5556 2462 5595 se
2492 5539 2692 5595 trahit.
2717 5540 2775 5594 Si
2809 5539 2962 5594 enim
3025 5541 3413 5599 formidabilis
3453 5550 3609 5601 esset

1435 5659 1737 5717 JOANNIS
1775 5656 2094 5714 OPSOP/EI
2135 5655 2366 5711 NOT/E.

271 5757 390 5832 (16)
418 5756 623 5829 ’Ὠσπερ
654 5759 763 5814 etc.
795 5759 864 5812 Et
892 5754 1014 5812 hinc
1044 5766 1280 5828 quoque
1309 5752 1670 5823 transcripta
1699 5752 1840 5807 sunt
1871 5765 1905 5805 a
1930 5745 2256 5820 Nicephoro
2278 5762 2412 5819 pag.
2449 5747 2550 5802 126
2579 5744 2719 5801 dicti
2750 5745 3173 5803 commentarii.
