4056 6346
442 394 599 455 1143

1772 390 2193 453 MICHAELIS
2240 390 2331 451 PS
2343 389 2512 450 ELLI

3703 388 3864 446 11ιι

442 531 502 584 et
533 527 956 594 minax,omnis
978 542 1171 583 rerum
1195 526 1336 583 ordo
1360 527 1586 582 dudum
1612 525 1823 582 fuisset
1844 524 2097 581 dissolu-

2225 519 2297 575 ιαὶ
2352 518 2735 592 ἀπειλητικὸν,
2764 518 2987 591 διελύθη
3047 517 3105 575 ἂν
3155 521 3191 589 ἡ
3249 523 3392 573 πᾶσα
3444 516 3589 588 τάξις
3638 520 3752 572 τῶν
3784 514 3868 571 ὅν·

443 622 564 683 tus,
596 633 731 672 cum
768 616 914 671 nihil
947 616 1025 671 sit
1055 616 1206 686 quod
1251 616 1379 685 eius
1435 616 1753 687 potentiam
1804 615 2099 671 sustinere

443 706 752 780 potuisset.
789 704 1106 776 Atqueista
1138 704 1426 760 sententia
1459 706 1891 776 quadamtenus
1923 722 1956 759 a
1999 720 2096 757 no-

444 796 587 852 stris
609 811 741 850 vera
800 800 1097 850 censetur.
1150 794 1307 850 Deus
1365 794 1519 850 enim
1564 792 1664 848 lux
1725 797 1815 848 est
1853 796 1911 847 et
1942 792 2098 863 ignis

443 899 799 941 consumens
831 883 1038 938 malos.
1078 883 1245 938 Minae
1270 887 1469 939 autem
1513 882 1613 937 Dei
1640 887 1694 936 et
1727 886 1915 937 terror
1960 883 2100 936 sunt

444 973 803 1029 intermissio
842 972 1051 1027 divinae
1112 989 1251 1045 erga
1295 990 1402 1028 nos
1434 970 1816 1043 benignitatis
1865 973 2101 1042 propter

442 1077 673 1134 pravam
702 1077 889 1117 rerum
914 1062 981 1117 ad
998 1061 1516 1116 ministrationem.

444 1161 615 1215 Pater
642 1161 885 1230 seipsum
915 1161 1125 1231 rapuit.

445 1232 521 1287 Ne
549 1228 767 1303 quidem
799 1249 856 1287 ιη
908 1228 1234 1286 intellectilz'
1287 1245 1389 1284 sua
1414 1230 1664 1301 potentia
1699 1230 1828 1295 igne
1864 1228 2100 1303 proprio

1729 1302 1990 1371 [inclusa

519 1402 751 1457 Oraculi
777 1401 870 1455 hic
900 1417 1111 1456 sensus
1143 1405 1252 1456 est:
1277 1415 1593 1472 supremus
1624 1400 1887 1454 omnium
1922 1398 2098 1464 Deus,

449 1490 551 1562 qui
583 1494 640 1544 et
663 1491 830 1544 Pater
861 1490 1055 1545 dictus
1088 1494 1319 1551 est,non
1354 1489 1543 1545 solum
1569 1488 1776 1558 primis
1804 1492 1859 1542 et
1890 1502 2101 1542 secun-

449 1579 543 1633 dis
575 1578 804 1633 naturis
834 1578 1171 1649 nostrisque
1189 1577 1631 1645 animabus,sed
1656 1576 1829 1630 etiam
1854 1576 2101 1646 proprias

451 1683 575 1723 suae
605 1668 875 1738 potentis:
900 1666 1157 1737 seipsum
1184 1668 1318 1721 fecit
1349 1664 2007 1735 incomprehensibilem
2048 1668 2105 1718 et

454 1755 1009 1827 imperceptibilem.
1048 1756 1313 1809 Potentia
1333 1754 1733 1810 autemPatris
1771 1758 1861 1809 est
1895 1752 2099 1808 Filius.

457 1845 625 1899 Pater
654 1845 832 1913 enim,
868 1844 1082 1915 inquit,
1117 1860 1179 1899 se
1202 1843 1501 1914 subripuit
1533 1844 1605 1898 ab
1661 1841 1821 1897 omni
1871 1846 2100 1897 natura.

454 1934 566 1989 Sed
624 1934 783 1987 istud
834 1934 1049 2005 dogma
1132 1934 1483 1987 Christianae
1555 1932 1687 1987 ﬁdei
1777 1946 2104 2002 congruum

461 2038 577 2079 non
611 2027 698 2077 est
723 2039 736 2077 :
765 2038 889 2091 quae
920 2023 1088 2077 docet
1119 2023 1175 2076 in
1199 2020 1340 2077 Filio
1373 2022 1599 2076 Patrem
1651 2024 1847 2076 exacte
1897 2036 2106 2091 reprae-

463 2116 758 2168 sentatum
816 2112 1092 2182 cognosci
1151 2128 1339 2181 posse,
1402 2110 1641 2181 perinde
1692 2126 1757 2165 ac
1786 2110 1996 2165 Filium
2043 2108 2105 2163 in

464 2201 632 2255 Patre
663 2217 675 2254 :
710 2204 885 2271 atque
917 2201 1062 2255 adeo
1094 2200 1283 2254 Patris
1316 2201 1632 2254 terminum
1655 2215 1783 2254 esse
1809 2198 2020 2253 Filium
2052 2201 2109 2252 et

462 2288 728 2343 divinum
760 2304 1088 2342 sermonem
1122 2292 1342 2342 naturae
1368 2288 1522 2343 vires
1544 2291 1943 2358 superantem.

462 2388 562 2441 Est
614 2375 964 2456 intelligz'bile
1020 2386 1315 2457 quoddam,
1364 2385 1507 2457 quod
1534 2388 1736 2439 mentis
1791 2386 1924 2453 ﬂore
1970 2400 2005 2438 α
2060 2391 2110 2438 te

1435 2457 1866 2529 [percipiendam
1895 2461 1998 2512 est.

531 2553 783 2608 Cuilibet
802 2554 882 2607 rei
906 2558 1097 2609 mente
1117 2553 1633 2624 comprehensibili
1654 2554 1982 2624 oppositam
2008 2569 2107 2622 po-

460 2642 704 2697 tentiam
738 2643 934 2696 anima
965 2642 1163 2709 habet,
1200 2649 1262 2698 ut
1292 2643 1674 2698 sensibilibus
1723 2658 1984 2707 sensum,
2018 2657 2110 2695 co-

459 2729 804 2800 gitabilibus
837 2732 1279 2799 cogitationem,
1313 2730 1789 2800 intelligibilibus
1822 2736 2102 2787 mentem.

458 2818 611 2874 Dicit
640 2819 838 2889 itaque
868 2818 1198 2885 Chaldaeus,
1225 2820 1378 2890 quod
1412 2820 1682 2890 quamvis
1712 2820 1865 2875 Deus
1888 2819 2107 2874 intelli-

459 2906 659 2979 gibilis
688 2908 989 2973 sit,mente
1010 2918 1203 2964 tamen
1221 2908 1633 2979 comprehendi
1654 2925 1768 2965 non
1794 2909 2106 2980 possit,sed

462 2995 588 3051 solo
613 2997 827 3051 mentis
859 2996 1019 3052 ﬂore.
1057 2996 1190 3052 Flos
1232 3004 1429 3052 autem
1462 2999 1678 3052 mentis
1700 3004 1788 3053 est
1845 2997 2107 3068 singula-

459 3084 545 3140 ris
567 3090 622 3139 et
656 3085 963 3140 individua
994 3086 1203 3141 animae
1238 3088 1516 3158 potentia.
1550 3086 1698 3153 Quia
1726 3086 1924 3159 itaque
1954 3091 2107 3144 Deus

460 3173 694 3244 proprie
714 3190 902 3230 unum
924 3178 1114 3245 est,ne
1145 3175 1373 3231 coneris
1395 3192 1530 3231 eum
1563 3182 1756 3230 mente
1787 3176 2105 3247 percipere,

2206 632 2340 678 των,
2379 608 2616 682 μηδενὸς
2682 611 2970 683 ὑπομεῖναι
3026 604 3322 682 δυναμένου
3376 609 3477 677 τὴν
3518 605 3726 661 ἐκείνου
3776 604 3865 661 δύ-

2205 719 2390 772 ναμιν.
2425 703 2599 757 Τοῦτο
2659 696 2717 753 δὲ
2771 700 2832 753 τὸ
2890 696 3073 774 δόγμα
3122 697 3181 753 ἐκ
3216 697 3413 771 μέρους
3445 694 3702 765 ἀληθεύει
3741 696 3865 765 παρ’

2206 790 2364 858 ἡμῖν.
2391 789 2451 846 Ὁ
2477 790 2579 865 γὰρ
2622 787 2752 852 Θεὸς
2794 789 2883 843 καὶ
2936 792 3051 866 φῶς
3111 786 3221 843 ἐστι
3270 785 3361 841 καὶ
3406 789 3511 861 πῦρ
3568 783 3869 839 καταναλί-

2208 898 2332 933 σκον
2383 876 2512 939 τοὺς
2564 876 2907 953 μοχθηρούς.
2941 875 3174 947 Ἀπειλή
3226 874 3284 930 δὲ
3329 878 3462 931 Θεοῦ
3520 874 3608 927 καὶ
3668 868 3867 951 φόϐος,

2205 969 2241 1037 ἠ
2276 964 2345 1021 δι’
2372 966 2686 1039 οἰκονομίαν
2719 968 2833 1041 (17)
2864 965 2974 1021 ἐστὶ
3016 966 3203 1042 σχέσις
3252 966 3352 1037 τῆς
3397 963 3538 1039 πρὸς
3583 964 3732 1035 ἡμᾶς
3771 964 3868 1017 αύ-

2204 1060 2301 1111 τοῦ
2333 1055 2663 1132 ἀγαθότητος
2678 1096 2692 1115 .

2203 1156 2276 1229 '0-
2296 1156 2480 1229 ματὴρ
2514 1154 2700 1229 aut?»
2728 1152 2989 1229 ἥρπασεν,

2208 1224 2337 1283 Οὐδ’
2367 1221 2511 1300 ἐν’έῇ
2544 1221 2781 1299 δυνάμεῖ
2798 1231 2956 1299 νοερᾶ
2976 1221 3204 1287 ’κλείσας
3236 1221 3373 1279 ἴδιον
3405 1228 3536 1298 πῦρ.

2281 1397 2340 1449 '0
2404 1396 2498 1469 μὶν
2556 1400 2682 1457 νοῦς
2740 1393 2932 1469 λογίου
2988 1398 3263 1462 τοιοῦτος,
3294 1394 3369 1455 ὡς
3426 1394 3454 1448 6
3504 1391 3590 1447 ἐπὶ
3645 1392 3871 1445 πάντων

2209 1485 2363 1552 Θεὸς,
2395 1486 2452 1546 ὃς
2483 1483 2542 1539 δὲ
2572 1483 2662 1539 καὶ
2693 1484 2881 1556 Πατὴρ
2936 1481 3280 1555 ὠνόμασται,
3319 1480 3700 1551 ἀκατάληπτον
3756 1481 3878 1534 ἑαυο

2207 1574 2299 1628 τὸν
2330 1578 2479 1627 ποιεῖ
2528 1572 2618 1627 καὶ
2676 1569 3075 1648 ἀπερίληπτον,
3109 1570 3171 1626 οὗ
3229 1571 3394 1644 μόνον
3447 1574 3568 1631 ταῖς
3621 1570 3874 1644 πρώταις

2210 1662 2301 1718 καὶ
2360 1659 2634 1738 δευτέραις
2691 1662 2880 1738 φύσεσι
2936 1661 3025 1717 καὶ
3082 1665 3204 1722 ταῖς
3274 1658 3567 1735 ἡμετέραις
3640 1661 3874 1733 ψυχαῖς,

2210 1746 2359 1805 ἀλλά
2394 1750 2483 1805 καὶ
2515 1748 2653 1821 αύτῇ
2678 1753 2748 1824 τῇ
2783 1748 2893 1821 ἰδίᾳ
2947 1746 3192 1822 δυνάμει.
3226 1747 3464 1821 Δύναμις
3512 1744 3571 1801 δὲ
3615 1750 3711 1801 τοῦ
3765 1751 3875 1800 [Iz-

2210 1838 2338 1912 τρὸς
2389 1840 2417 1893 6
2463 1839 2610 1901 Υἱός.
2642 1838 2866 1896 Ἑαυτὸν
2904 1838 3031 1914 γὰρ,
3087 1837 3273 1914 φησὶν,
3303 1836 3538 1906 ἥσπασεν
3594 1837 3622 1889 6
3677 1835 3873 1907 Πατήρ

2213 1926 2319 1981 ἀπὸ
2350 1927 2526 1996 πάσης
2557 1926 2790 2002 φύσεως.
2820 1926 2936 1986 Ούκ
2964 1923 3075 1981 ἔστι
3108 1923 3167 1980 δὲ
3201 1926 3263 1980 τὸ
3316 1922 3491 2000 δόγμα
3548 1921 3870 1997 ὀρθόδοξον.

2213 2017 2301 2069 Ἐν
2362 2019 2442 2088 τῷ
2497 2017 2606 2087 Υἱῷ
2654 2015 2759 2090 γὰρ
2815 2016 2942 2091 παρ’
2972 2017 3109 2087 ἡμῖν
3143 2015 3172 2070 6
3206 2014 3390 2089 Πατὴρ
3417 2011 3873 2089 δεδογμάτισται,

2217 2103 2398 2180 ὥσπερ
2427 2104 2517 2159 καὶ
2559 2106 2587 2159 6
2618 2105 2740 2166 Υἱὸς
2774 2103 2825 2160 ἰν
2852 2108 2933 2177 τῷ
2962 2102 3152 2178 Ηατρί.
3185 2102 3290 2159 Καὶ
3321 2101 3450 2178 ὅρος
3497 2106 3594 2157 τοῦ
3650 2100 3871 2175 Πατρὸς

2218 2195 2245 2248 ὁ
2278 2194 2400 2256 Υἱὸς
2432 2194 2522 2249 καὶ
2548 2196 2691 2257 θεῖος
2716 2192 2887 2269 λόγος
2919 2193 3218 2270 ὑπερφυής.

2394 2386 2549 2440 Ἕστι
2579 2404 2631 2437 τι
2660 2382 2855 2454 νοητὸν
2886 2382 2915 2437 ’ὁ
2942 2383 3054 2457 χρή
3088 2401 3145 2436 σε
3175 2385 3317 2436 νοεῖν
3344 2379 3473 2435 νόου
3504 2376 3668 2433 ἄνθει.

2286 2553 2349 2609 Ἠ
2409 2553 2561 2627 ψυχὴ
2614 2551 2821 2623 ἑκάστῳ
2878 2550 3156 2623 νοουμένῳ
3206 2548 3489 2625 πράγματι
3519 2543 3880 2615 κατάλληλον

2216 2636 2332 2715 ἔχει
2385 2642 2475 2697 καὶ
2530 2639 2756 2713 δύναμιν
2783 2661 2796 2675 ο
2829 2647 2947 2702 τοῖς
2982 2642 3077 2713 μὲν
3111 2638 3419 2707 αἰσθητοῖς,
3449 2634 3717 2705 αἴσθησιν,
3750 2640 3877 2695 τοῖς

2218 2728 2275 2785 δὲ
2322 2728 2655 2800 διανοητοῖς,
2688 2728 2948 2802 διάνοιαν,
2979 2734 3095 2792 τοῖς
3135 2724 3193 2783 δὲ
3238 2731 3481 2798 νοητοῖς,
3512 2729 3658 2782 νοῦν.
3692 2724 3874 2792 Φησξν

2218 2818 2307 2875 οῦν
2360 2821 2387 2874 6
2440 2817 2734 2890 Χαλδαῖος,
2768 2818 2850 2873 δτι
2883 2819 2927 2874 εἰ
2974 2817 3061 2873 καί
3092 2816 3288 2887 νοητόν
3321 2815 3462 2871 ἐστιν
3498 2815 3526 2869 6
3556 2814 3707 2885 Θεὸς,
3740 2810 3879 2867 ἀλλ’

2218 2906 2277 2962 οὐ
2306 2912 2388 2980 τῷ
2416 2908 2495 2978 νῷ
2527 2908 2636 2963 ἐστι
2671 2906 2905 2977 ληπτὸν,
2937 2904 3086 2963 ἀλλά
3141 2910 3220 2977 τῷ
3268 2903 3411 2960 ἄνθει
3439 2907 3537 2959 τοῦ
3587 2906 3705 2959 νοῦ.
3735 2904 3876 2957 Ἀν-

2216 2997 2308 3058 00¢
2366 2994 2423 3052 δὲ
2463 3001 2560 3052 τοῦ
2602 3001 2717 3067 νοῦ,
2749 2998 2782 3066 ἡ
2816 2996 2988 3051 ὲνιαία
3024 3002 3125 3065 τῆς
3174 2998 3359 3070 ψυχῆς
3405 2990 3655 3065 δύναμις.
3714 2990 3874 3047 Ἐπεὶ

2218 3080 2308 3137 οῦν
2342 3085 2369 3137 6
2420 3084 2547 3145 Θεὸς
2605 3082 2806 3157 κυρίως
2867 3082 3006 3137 ἐστὶν
3063 3081 3247 3155 ἓν,μή
3305 3081 3478 3157 πειρῶ
3537 3073 3873 3135 καταλαϐεῖν

2219 3170 2376 3226 αὐτὸν
2438 3169 2527 3226 διὰ
2581 3176 2678 3226 τοῦ
2729 3175 2843 3241 νοῦ,
2876 3168 3022 3227 ἀλλὰ
3072 3168 3162 3227 διὰ
3189 3177 3289 3240 τῆς
3324 3170 3530 3230 ὶνιαιας
3563 3166 3875 3240 δυνάμεως.

459 3263 563 3317 sed
588 3262 889 3317 individua
921 3264 1178 3333 potentia
1206 3281 1319 3335 qua
1346 3281 1529 3319 unum
1562 3264 2106 3335 cognoscitur.Nam

2225 3261 2297 3317 T6
2356 3260 2460 3335 γὰρ
2516 3261 2750 3335 πρώτως
2806 3259 2883 3328 ἓν,
2921 3260 3072 3333 μόνῳ
3126 3264 3206 3331 τῷ
3236 3260 3358 3334 παρ’
3384 3260 3520 3331 ἡμῖν
3551 3257 3626 3311 ἐνὶ
3658 3254 3873 3325 ληπτόν

461 3350 654 3422 primo
680 3356 736 3406 et
767 3368 870 3423 per
898 3368 959 3407 se
992 3369 1176 3407 unum
1220 3354 1346 3408 solo
1387 3354 1542 3424 quod
1569 3353 1628 3406 in
1661 3354 1829 3409 nobis
1852 3359 1942 3409 est
1992 3370 2109 3409 uno

459 3440 957 3509 comprehendere
1013 3440 1170 3507 licet,
1265 3458 1385 3498 non
1470 3442 1842 3514 cogitatione,
1926 3458 2113 3514 neque

462 3534 679 3583 mente.

464 3625 691 3682 Anime
722 3628 1066 3697 expulsores.
1124 3627 1285 3684 illam
1332 3631 1607 3700 respiraro
1645 3632 1934 3699 ludentes,
1980 3637 2111 3686 sunt

1555 3702 1755 3772 [solum
1781 3704 2001 3773 faciles.

534 3794 613 3850 Ne
646 3796 780 3865 quis
810 3796 966 3852 dicat
995 3812 1208 3868 cupere
1239 3813 1301 3852 se
1331 3797 1567 3867 quidem
1598 3801 1862 3855 animam
1896 3818 1929 3856 a
1986 3818 2113 3857 cor-

465 3899 605 3955 pore
634 3885 974 3954 dissolvere,
1006 3886 1105 3940 sed
1139 3902 1254 3940 non
1288 3889 1568 3957 posse,ait
1596 3890 2113 3959 oraculum,facul-

464 3978 616 4028 tates
635 3990 762 4043 quaa
794 3975 1051 4029 animam
1077 3990 1107 4025 θ
1138 3991 1414 4045 corporea
1445 3983 1651 4033 natura
1673 3978 1826 4035 foras
1847 3981 2110 4035 trahunt.

465 4076 713 4131 eamque
743 4078 777 4117 a
807 4063 964 4116 vitiis
997 4068 1052 4115 et
1096 4066 1375 4117 mrumnis
1420 4068 1477 4119 in
1527 4083 1766 4135 corpore
1825 4071 2114 4139 perpessis

466 4149 633 4220 quasi
668 4150 965 4221 respirare
1002 4152 1503 4224 laciunt,abruptu
1538 4155 1740 4212 faciles
1770 4157 1980 4226 esse,id
2003 4166 2112 4227 est,

464 4236 787 4309 illasipsas
822 4238 1130 4295 facultates
1169 4238 1404 4308 liberas,
1435 4258 1540 4299 nec
1596 4244 1669 4299 ab
1729 4244 1850 4301 ulla
1906 4250 2117 4302 natura

466 4327 766 4393 coercitas,
802 4344 868 4380 ea
903 4333 1193 4397 potestate
1218 4330 1430 4401 vigere,
1469 4338 1532 4386 ut
1563 4333 1818 4388 animam
1852 4352 1882 4389 e
1909 4351 2114 4405 corpo-

467 4414 584 4470 reis
616 4414 864 4470 vinculis
893 4432 1171 4488 generose
1201 4421 1520 4476 admodum
1557 4423 1828 4493 expedire
1860 4428 1917 4478 et
1974 4424 2115 4481 libe-

466 4518 599 4557 rare
628 4502 879 4558 valeant.

469 4593 693 4653 Oportet
723 4596 773 4647 te
791 4594 1058 4664 festinare
1083 4596 1153 4650 ad
1182 4596 1355 4652 lucem
1374 4602 1430 4652 et
1465 4600 1539 4652 ad
1559 4602 1735 4669 patris
1763 4601 1969 4669 radios,

478 4749 628 4808 Unde
659 4754 911 4809 immissa
930 4758 1035 4811 tibi
1054 4762 1131 4811 est
1174 4759 1368 4812 anima
1395 4759 1642 4829 plurima
1670 4772 1848 4819 mente
1894 4769 2110 4822 vestita.

546 4845 833 4908 Quoniam
865 4846 1057 4900 anima
1091 4863 1205 4900 non
1239 4847 1511 4902 asemine
1542 4852 1986 4908 subsistentiam
2017 4854 2115 4909 ha-

470 4929 589 4997 bet,
622 4946 727 4986 nec
758 4931 817 4986 in
851 4934 1142 5002 corporeis
1173 4939 1657 5005 temperamentis
1687 4941 1977 5013 consistit,
2010 4945 2111 4999 sed

470 5034 502 5073 e
530 5021 802 5091 supernis
832 5037 865 5076 a
895 5022 1011 5077 Deo
1042 5039 1212 5078 suam
1254 5027 1568 5082 essentiam
1610 5036 1780 5084 nacta
1831 5036 1939 5099 est,
1983 5031 2111 5088 ideo

469 5108 536 5162 ad
560 5108 713 5163 hunc
739 5125 1019 5165 conversa
1058 5112 1348 5181 respicere
1370 5124 1425 5171 et
1477 5118 1548 5171 ad
1610 5117 1870 5173 divinam
1920 5120 2110 5174 lucem

467 5196 677 5251 reverti
707 5199 897 5252 debet.
931 5199 1193 5255 Plurima
1242 5219 1496 5275 namque
1554 5212 1747 5261 mente
1788 5207 1995 5263 vestita
2051 5224 2107 5262 in

464 5283 585 5338 haec
610 5284 887 5341 inferiora
936 5288 1131 5345 venit:
1189 5290 1244 5345 id
1300 5297 1409 5357 est,
1443 5296 1702 5349 accincta
1722 5300 1779 5350 et
1828 5298 2112 5352 instructa

465 5370 577 5428 fuit
608 5390 642 5427 υ.
670 5375 838 5431 Patre
870 5381 927 5431 et
958 5383 1216 5434 creatore
1254 5383 1917 5440 commonefactionibus
1970 5384 2112 5439 divi-

2219 3350 2338 3411 πώς
2372 3348 2505 3419 ἐστι,
2536 3350 2624 3404 καὶ
2659 3346 2783 3405 οὔτε
2809 3347 3042 3421 διανοίᾳ,
3075 3344 3199 3404 οὔτε
3227 3353 3323 3421 νῷ.

2221 3636 2422 3706 Ψυχῆς
2454 3628 2751 3704 ἐξωστῆρες
2782 3629 3065 3696 ἀνάπνοες,
3098 3622 3316 3681 εῦλυτοι
3344 3623 3509 3681 εἰσιν.

2292 3803 2411 3857 Ἵνα
2443 3802 2517 3873 μή
2542 3820 2624 3861 τις
2650 3796 2824 3873 λέγοι,
2856 3796 2938 3852 ὅτι
2985 3793 3264 3869 Βούλομαι
3312 3794 3407 3868 μὲν
3468 3790 3742 3847 ἀπολῦσαι
3772 3790 3879 3859 τήν

2221 3890 2406 3964 ψυχὴν
2438 3893 2534 3943 τοῦ
2566 3888 2842 3959 σώματος,
2875 3885 2935 3941 οὐ
2981 3883 3211 3959 δύναμαι
3258 3881 3338 3956 δὲ,
3368 3881 3502 3961 φησὶ
3542 3881 3607 3936 τὸ
3654 3879 3879 3954 λόγιον,

2223 3977 2305 4033 ὅτι
2333 3979 2386 4032 αἱ
2418 3974 2711 4047 ἐξωθοῦσαι
2740 3975 2839 4044 τὴν
2873 3976 3057 4051 ψυχὴν
3094 3972 3348 4048 δυνάμεις
3398 3971 3507 4026 ἀπὸ
3537 3973 3637 4035 τῆς
3685 3989 3883 4040 σωμα-

2220 4069 2375 4136 τικῆς
2410 4065 2642 4144 φύσεως,
2672 4063 2763 4120 καὶ
2796 4066 2909 4120 οἷον
2944 4064 3194 4119 ἀναπνεῖν
3244 4062 3412 4130 αὐτὴν
3461 4062 3720 4114 ποιοῦσαι
3767 4056 3883 4111 ἀπὸ

2220 4161 2317 4212 τοῦ
2372 4143 2431 4210 ἐν
2470 4157 2684 4228 σώματι
2740 4154 2953 4229 μόχθου
3001 4152 3090 4208 καὶ
3142 4159 3242 4222 τῆς
3295 4148 3607 4215 κακώσεως,
3654 4143 3881 4201 εῦλυτοὶ

2225 4246 2348 4301 εἶσι·
2406 4244 2672 4312 τουτέστι,
2728 4243 2820 4298 καὶ
2879 4241 3033 4297 αὐταὶ
3093 4239 3371 4315 ἐλεύθεραι
3421 4237 3552 4294 εἰσιν
3604 4234 3661 4291 αἲ
3716 4232 3884 4289 δυνά-

2227 4355 2367 4408 μεις,
2432 4335 2507 4407 μὴ
2568 4332 2671 4387 ύπό
2736 4352 2881 4393 τινος
2941 4330 3254 4406 εἷργὸμεναι
3312 4328 3547 4407 φύσεως,
3607 4324 3697 4380 καὶ
3750 4325 3887 4378 ἀπο-

2225 4421 2385 4479 λῦσαι
2413 4421 2502 4476 καὶ
2531 4427 2632 4490 τῆς
2658 4422 2974 4493 σωματικῆς
3005 4417 3175 4490 πέδης
3220 4418 3322 4487 τὴν
3379 4416 3563 4491 ψυχὴν
3615 4412 3883 4488 γενναὶως

2228 4511 2376 4584 μάλα
2406 4508 2743 4580 δεδύνηνται.

2141 4623 2189 4687 D
2224 4602 2338 4676 Χρή
2399 4620 2453 4654 σε
2512 4597 2756 4654 σπεύδειν
2816 4598 2952 4673 πρὸς
3001 4599 3063 4653 τὸ
3120 4598 3255 4674 φάος
3310 4594 3403 4651 καὶ
3467 4594 3606 4687 πρὸς
3656 4596 3877 4681 ματρὸς

3589 4663 3800 4739 [αὐγὰς.

2222 4765 2408 4826 Ἔνθεν
2442 4759 2690 4839 ἐπέμφθη
2723 4780 2806 4815 σοι
2838 4760 2990 4833 ψυχὴ
3022 4755 3195 4813 πολὺν
3224 4755 3495 4830 ’ἑσσαμένη
3540 4759 3689 4811 νοῦν.

2294 4847 2514 4917 Ἐπειδὴ
2550 4852 2660 4923 (18)
2691 4847 2790 4903 οὐκ
2818 4847 2923 4903 ἀπὸ
2955 4848 3276 4919 σπερμάτων
3309 4848 3344 4916 ἡ
3378 4846 3532 4920 ψυχὴ
3579 4843 3679 4911 τήν
3742 4841 3878 4897 ἀπό-

2222 4960 2402 4994 στασιν
2481 4933 2709 5007 ἔλαϐεν,
2772 4933 2899 4992 οὐδέ
2992 4934 3044 4991 έν
3131 4938 3470 5008 σωματικαῖς
3559 4933 3878 5010 ὁφειστήκει

2221 5028 2493 5104 κράσεσιν,
2544 5025 2633 5081 καὶ
2692 5024 2891 5080 ἄνωθεν
2945 5024 3053 5079 ἀπὸ
3102 5028 3237 5079 Θεοῦ
3279 5025 3379 5091 τὴν
3440 5021 3663 5097 ὕπαρξιν
3722 5020 3883 5096 ἔσχε,

2220 5118 2356 5191 πρὸς
2432 5115 2634 5171 ἐκεῖνον
2707 5115 2797 5170 καὶ
2856 5112 3230 5188 ἐπεστράφθω,
3276 5110 3368 5166 καὶ
3419 5112 3557 5186 πρὸς
3609 5110 3672 5164 τὸ
3730 5115 3882 5173 θεῖον

2221 5210 2337 5280 φῶς
2369 5204 2593 5260 ποιείτω
2623 5205 2722 5272 τὴν
2772 5199 2983 5258 ἄνοδον.
3020 5200 3202 5257 Πολὺν
3246 5201 3350 5275 γὰρ
3400 5199 3669 5272 ἑσσαμένη
3727 5203 3883 5265 νοῦν,

2220 5293 2442 5349 ἐνταῦθα
2506 5292 2742 5361 κατῆλθε
2776 5311 2786 5323 ·
2828 5292 3126 5359 τουτέστιν,
3188 5286 3473 5344 ἐνεδύσατο
3549 5288 3695 5362 παρὰ
3780 5292 3884 5342 τοῦ

2221 5388 2455 5454 ποιητοῦ
2502 5382 2591 5437 καὶ
2641 5381 2851 5455 ΙΙατρὸς
2894 5379 3227 5455 ἀναμνήσεις
3279 5382 3387 5434 τῶν
3439 5375 3727 5451 θειοτέρων
3786 5372 3883 5434 λέ-

1690 5490 1995 5546 JOANNIS
2035 5492 2352 5549 ΟΡΞΟΡᾹΕΙ
2392 5492 2625 5548 ΝΟΤίΕ.

538 5566 652 5649 (⁸1.7)
685 5574 760 5620 Δι’
792 5568 1111 5649 οἰκονομίαν
1143 5582 1339 5644 posset
1366 5578 1530 5644 verti,
1565 5582 1624 5633 in
1666 5580 1860 5635 mundi
1902 5582 2101 5648 guber-

463 5642 715 5718 natione,
749 5648 814 5695 ut
839 5646 909 5697 ad
951 5642 1159 5718 Deum
1185 5648 1488 5716 referatur,
1519 5642 1637 5706 non
1689 5652 1759 5705 ad
1810 5642 2099 5718 homines,

457 5708 628 5778 juxta
657 5718 916 5769 nostram
947 5708 1504 5787 interpretationem.

2284 5582 2395 5654 (18)
2428 5576 2670 5654 Ἐπειδή.
2706 5576 2932 5654 Retulit
2957 5576 3077 5632 hac
3130 5575 3305 5654 Pselli
3361 5574 3540 5631 verba
3585 5573 3647 5628 in
3677 5588 3875 5654 suum

2212 5645 2701 5711 commentarium
2733 5648 3099 5723 Nicephorus
3129 5648 3240 5706 sub
3271 5648 3448 5705 tinem
3498 5660 3633 5721 pag.
3668 5645 3800 5702 126.
