4056 6346
226 394 383 455 1145

1083 394 1501 456 EXPOSlTlO
1546 395 1812 456 ORACU
1826 394 2091 455 LORUM
2137 392 2781 456 CHALDAICORUM.

3485 394 3640 454 “46

224 527 383 598 ξεων,
416 527 506 582 ὅτε
528 527 632 596 τὴν
651 526 878 582 ἱνταῦθα
907 521 1183 600 ἐλάμϐανε
1213 524 1464 594 κάθοδον,
1500 526 1644 590 ἔνθεν
1675 547 1761 582 τοι
1795 525 1866 581 ὃιὲ

1996 526 2180 582 nioris
2213 529 2391 583 sortis
2419 534 2594 600 atque
2624 528 3006 594 conditionis,
3040 545 3173 584 cum
3207 529 3369 585 illinc
3400 530 3514 586 huc
3535 531 3646 586 iter

218 619 331 671 τῶν
362 614 626 670 τοιούτων
657 614 1013 688 άναμνήσεων
1045 615 1212 670 πάλιν
1243 616 1414 670 έκεῖσε
1444 617 1735 672 ἐπάνεισιν.

295 793 416 849 Elei.
445 795 622 848 πάντα
647 793 760 856 ἑνὸς
791 795 1112 869 έκγεγαῶτα.

291 881 586 956 ’Πμέτερον
633 881 722 936 καὶ
781 882 984 951 ἀληθὲς
1042 883 1105 937 τὸ
1163 879 1360 957 δόγμα.
1421 883 1602 937 Πάντα
1652 881 1756 957 γὰρ
1811 883 1880 936 τὰ

220 967 372 1039 ὄντα,
423 971 489 1026 τά
542 990 602 1026 τε
658 972 828 1042 νοητά
879 971 967 1025 καὶ
1021 971 1293 1040 αἰσθητὰ,
1353 971 1458 1026 ἀπὸ
1521 972 1684 1044 μόνον
1743 975 1877 1025 Θεοῦ

215 1061 322 1130 τὴν
403 1059 693 1115 ὑπόστασιν
749 1055 989 1127 ἔλαϐον,
1053 1065 1144 1114 καί
1195 1060 1332 1134 πρὸς
1393 1059 1556 1132 μόνον
1607 1060 1738 1114 Θεὸν
1784 1060 1877 1114 ἒπ-

218 1150 536 1224 έστραπταιο
590 1150 658 1204 τὰ
721 1149 815 1221 μὶν
873 1145 1022 1217 ὄντα,
1085 1148 1262 1222 μόνως
1318 1146 1639 1210 οὐσιωδῶς·
1696 1149 1764 1203 τὰ
1822 1145 1880 1202 δὲ

216 1235 350 1294 ὄντα
391 1239 482 1294 καὶ
539 1243 714 1307 ζῶντα
761 1237 851 1292 καὶ
899 1241 1150 1306 νοοῦντα,
1182 1235 1466 1301 οὐσιωδῶς
1510 1237 1600 1292 καὶ
1635 1242 1877 1306 ζωτικῶς

214 1327 310 1382 καὶ
340 1331 562 1400 νοερῶς.
605 1328 724 1405 Ἀφ’
757 1326 871 1388 ἑνὸς
916 1327 1007 1381 οὖν
1039 1327 1212 1382 πάντα
1240 1326 1548 1403 γεγένηται,
1593 1325 1685 1380 καὶ
1739 1325 1879 1400 πρὸς

209 1411 270 1470 ἓν
304 1412 457 1480 αὖθις
487 1416 521 1485 ἡ
549 1414 758 1470 τούτων
787 1415 1066 1492 ἄναγωγή.
1087 1417 1417 1472 ’Ἄπταιστον
1448 1415 1540 1470 οὖν
1568 1414 1632 1468 τὸ
1663 1411 1880 1489 λόγιον,

208 1506 305 1559 καὶ
335 1502 549 1578 πλῆρες
578 1508 676 1560 τοῦ
706 1504 979 1579 ἡμετέρου
1007 1503 1298 1582 δόγματος.

1990 631 2165 670 suum
2198 615 2514 685 aﬁ'ectaret,
2546 623 2611 672 ut
2641 617 2851 673 merito
2882 617 3090 673 iisdem
3123 617 3367 674 monitis
3396 617 3644 674 incitata

1988 704 2126 759 hinc
2159 704 2300 760 illuc
2331 705 2520 760 redire
2551 707 2804 762 studeat.

2061 794 2270 849 Omnia
2299 797 2369 850 ab
2393 812 2505 848 uno
2536 797 2665 862 igne
2692 796 2958 866 producta
2983 805 3130 851 sunt.

2058 882 2282 954 Dogma
2310 900 2508 938 verum
2543 889 2718 940 estet
2757 885 3024 957 religioni
3068 889 3282 941 nostra:
3325 889 3637 940 consenta-

1987 987 2185 1026 neum.
2215 972 2425 1028 Omnia
2451 989 2706 1044 namque
2722 989 3087 1044 quaecunque
3111 974 3403 1043 sunt,sive
3421 977 3636 1034 mente.

1987 1061 2109 1115 sive
2140 1077 2317 1116 sensu
2370 1061 2800 1133 perceptibilia.
2851 1063 3166 1118 essentiam
3217 1079 3382 1118 suam
3433 1079 3466 1117 a
3512 1062 3638 1117 solo

1988 1149 2104 1205 Deo
2135 1155 2525 1223 acceperunt:
2559 1157 2616 1206 et
2647 1151 2718 1206 ad
2744 1151 2936 1206 solum
2969 1157 3148 1207 Deum
3175 1166 3454 1207 conversa
3475 1157 3635 1206 sunt.

1988 1254 2056 1294 ea
2085 1239 2324 1309 quidem
2360 1256 2490 1310 quae
2537 1241 2950 1295 tantummodo
2999 1244 3160 1306 sunt,
3207 1239 3636 1306 essentialiter;

1990 1343 2119 1399 qua:
2149 1344 2283 1384 vero
2316 1334 2456 1383 sunt
2484 1332 2542 1383 et
2572 1329 2793 1391 vivunt,
2818 1328 3208 1384 essentialiter
3237 1333 3296 1382 et
3340 1327 3635 1395 vitaliter;

1990 1420 2048 1472 et
2077 1433 2204 1487 quae
2235 1421 2376 1472 sunt
2407 1422 2466 1472 et
2494 1417 2696 1472 vivunt
2721 1418 2794 1489 (a)
2828 1421 2885 1472 et
2913 1415 3274 1488 intelligunt,
3315 1416 3641 1472 essentiall-

1990 1508 2098 1573 ter,
2131 1505 2387 1560 vitaliter
2416 1509 2472 1560 et
2504 1505 2992 1562 intellectualiter.
3028 1506 3116 1558 Ab
3160 1522 3276 1560 uno
3324 1504 3504 1576 igitur
3550 1507 3641 1561 est

210 1595 482 1652 omnium
530 1612 728 1653 rerum
789 1597 1116 1668 productio,
1167 1602 1224 1652 et
1280 1597 1352 1652 ad
1406 1611 1593 1652 unum
1652 1594 1869 1650 iterum
1931 1593 2165 1650 illarum
2232 1595 2516 1651 reductio.
2552 1600 2740 1668 Atque
2774 1596 2877 1651 hoc
2910 1596 3213 1651 oraculum
3271 1594 3432 1650 omni
3483 1597 3641 1649 caret

213 1685 695 1758 reprehensione,
728 1690 784 1741 et
816 1690 1015 1741 nostra
1038 1685 1304 1741 doctrina
1336 1686 1610 1741 refertum
1639 1687 1752 1739 est.

463 1773 536 1828 Ἀ
566 1776 696 1834 νοῦς
737 1770 904 1847 λέγει,
953 1777 1033 1844 τῷ
1068 1779 1212 1827 νοεῖν
1242 1769 1422 1842 δήπου
1454 1769 1624 1846 λέγει.

284 1861 476 1932 Ὅταν,
529 1861 711 1939 φησὶν,
769 1861 1001 1936 ἀκούσῃς
1035 1858 1457 1938 διηρθρωμένης
1487 1865 1671 1937 φωνῆς
1731 1856 1874 1913 ἄνων

214 1949 306 2004 οεν
352 1950 664 2025 βροντώσης
711 1948 768 2004 ἐκ
818 1949 1070 2026 ούρανοῦ,
1128 1952 1204 2022 μὴ
1257 1945 1539 2024 ὑπολάϐῃς
1584 1949 1661 2009 ὡς
1694 1949 1722 2002 6
1775 1949 1874 2017 τήν

215 2038 406 2115 φωνὴν
464 2038 664 2109 ταύτην
724 2038 874 2118 ἄφεές
929 2037 1164 2114 ἄγγελος
1229 2041 1264 2109 ἢ
1320 2039 1483 2110 Θεὸς,
1555 2041 1878 2114 προφορικῷ

217 2126 373 2204 λόγῳ
404 2128 812 2202 συνήρθμωσεν.
861 2125 989 2183 ἀλλ’
1032 2129 1234 2190 ἐκεῖνος
1269 2129 1364 2201 μὲν
1393 2127 1527 2182 κατᾶ
1553 2133 1651 2196 τῆν
1687 2126 1877 2180 ἑαυτοῦ

215 2214 377 2294 φύσιν
438 2215 745 2292 ἀμερίστως
801 2215 965 2288 μόνον
1015 2215 1221 2287 ἐνόησε,
1281 2215 1345 2270 σὺ
1398 2213 1476 2281 δὲ,
1537 2216 1610 2276 ὡς
1667 2211 1873 2284 ἠδύνω,

211 2303 452 2374 ἤκουσας
510 2308 607 2359 τοῦ
677 2307 956 2378 νοήματος
1037 2299 1390 2366 συλλαϐικῶς
1460 2303 1547 2358 καὶ
1601 2323 1874 2380 προφορι-

216 2414 356 2455 κως.
413 2401 596 2469 Ωσπερ
635 2393 739 2470 γὰρ
803 2395 831 2448 ὁ
881 2394 1010 2456 Θεὸς
1052 2392 1160 2448 τῶν
1189 2393 1474 2468 ἡμετέρων
1508 2397 1701 2466 φωνῶν
1733 2391 1876 2469 ἀφώ-

207 2502 323 2545 νως
377 2481 585 2550 ἀκούει,
643 2482 787 2537 οὕτω
843 2481 933 2537 καὶ
1003 2483 1032 2536 6
1088 2479 1373 2556 ἅνθρωπος
1427 2481 1520 2542 τὰς
1577 2484 1672 2534 τοῦ
1729 2477 1864 2535 Θεοῦ

205 2568 418 2633 ἱννοίας
450 2576 778 2650 φωνητικῶς
807 2569 1046 2647 δέχεται,
1064 2567 1288 2633 ἕκαστος
1315 2570 1495 2634 καθὼς
1517 2564 1631 2644 ἔχει
1665 2568 1872 2645 φύσεως

215 2657 454 2734 ένεθγῶν
465 2703 478 2716 .

1988 1772 2123 1841 Quae
2158 1789 2311 1828 mens
2343 1774 2608 1845 loquitur,
2641 1790 2706 1829 ea
2738 1775 2929 1846 utique
2970 1772 3330 1844 intelligendo
3370 1773 3634 1845 loquitur-

2057 1863 2323 1927 Quando,
2357 1862 2460 1930 ait,
2491 1879 2692 1918 vocem
2728 1863 3100 1918 articulatam
3137 1878 3390 1933 superne
3421 1878 3451 1917 e
3493 1859 3635 1916 coelo

1987 1949 2364 2006 detonantem
2407 1951 2720 2019 audiveris,
2769 1968 2840 2008 ne
2879 1951 3179 2007 existimes
3230 1950 3384 2022 quod
3433 1965 3631 2005 vocem

1987 2038 2150 2094 illam
2192 2041 2368 2096 edens
2411 2040 2531 2094 sive
2567 2039 2812 2112 angelus
2855 2041 2978 2096 sive
3018 2041 3172 2095 Deus
3216 2038 3318 2094 tali
3363 2055 3636 2094 sermone

1987 2127 2318 2199 protulerit,
2379 2129 2608 2200 qualem
2644 2145 2741 2184 ore
2799 2129 3123 2200 exprimere
3181 2127 3477 2183 solemus:
3530 2128 3632 2182 sed

1985 2218 2139 2286 quod
2174 2217 2226 2272 is
2257 2217 2486 2288 quidem
2537 2219 2865 2274 secundum
2916 2234 3084 2273 suam
3132 2218 3321 2288 ipsius
3360 2220 3658 2272 naturam'

1984 2305 2208 2375 absque
2237 2305 2356 2361 ulla
2389 2307 2674 2362 divisione
2706 2313 2900 2363 mente
2931 2311 3164 2363 tantum
3195 2323 3263 2362 ea
3291 2322 3416 2377 quae
3465 2305 3633 2360 audi-

1982 2393 2114 2448 visti
2148 2395 2476 2466 agitaverit,
2508 2401 2572 2452 tu
2605 2413 2738 2452 vero
2770 2415 2872 2470 pro
2895 2413 2964 2452 ea
2985 2413 3102 2468 qua
3125 2394 3308 2468 polles
3333 2393 3628 2464 facultate,

1981 2483 2194 2538 mentis
2226 2484 2502 2556 cogitata.
2530 2502 2643 2541 non
2685 2503 2856 2542 secus
2910 2503 2975 2541 ac
3033 2484 3290 2558 syllabas
3344 2488 3400 2540 et
3452 2483 3630 2538 verba

1980 2586 2076 2625 ore
2090 2571 2334 2643 prolata,
2353 2574 2554 2628 auditu
2578 2575 2926 2647 perceperis.
2945 2574 3452 2638 Quemadmodum
3471 2573 3626 2628 enim

1978 2658 2133 2714 Deus
2161 2677 2327 2716 voces
2352 2667 2587 2718 nostras
2617 2663 2852 2719 exaudit
2883 2665 3105 2735 absque
3160 2680 3365 2719 vocum
3415 2661 3630 2718 articu-

211 2749 456 2821 latione,
488 2751 571 2807 ita
600 2750 773 2807 etiam
811 2751 984 2806 homo
1016 2750 1223 2806 divine
1255 2751 1470 2806 mentis
1501 2748 1910 2818 conceptiones
1948 2751 2230 2820 tanquam
2263 2751 2505 2808 vocibus
2537 2769 2843 2825 expressas
2891 2754 3127 2826 excipit,
3160 2752 3426 2826 quolibet
3463 2751 3622 2807 scili-

212 2844 308 2895 cet
337 2855 441 2911 pro
475 2857 594 2896 sua;
625 2845 850 2895 natura;
883 2841 1106 2896 ratione
1133 2845 1190 2896 et
1218 2840 1540 2912 capacitate
1562 2841 1859 2911 operante.

330 2926 440 2984 Ἀεὶ
492 2926 686 2982 τούσδε
725 2928 878 3003 χθὼν
908 2927 1239 3002 κατωρύεται
1273 2927 1325 2989 ές
1352 2929 1512 2982 τέκνα
1545 2927 1762 3001 μέχρις.

291 3015 423 3092 Περὶ
477 3020 587 3072 τῶν
644 3016 816 3081 ἀθέων
878 3017 906 3072 6
963 3015 1127 3091 λόγος
1177 3015 1364 3094 φησὶν,
1423 3014 1506 3071 ὅτι
1569 3015 1734 3089 μέχρι
1763 3015 1870 3067 τῶν

221 3104 511 3180 ἀπογόνων
565 3103 821 3161 διατοίνει
869 3107 972 3174 τὴν
1003 3100 1228 3161 κὸλασιν
1278 3104 1463 3167 αὐτοῖς
1497 3107 1523 3158 ὁ
1571 3103 1718 3166 Θεὸς.
1767 3103 1870 3164 Τὰς

210 3194 318 3271 γὰρ
365 3194 730 3270 ὑποχθονίους
756 3193 1008 3256 κολάσεις
1055 3191 1513 3268 ὑποδεικνύμενον
1561 3194 1622 3246 τὸ
1656 3191 1870 3266 λόγιον,

2057 2929 2326 3000 Perpetuo
2346 2933 2404 2986 in
2426 2930 2522 2987 hos
2540 2934 2692 2988 terra
2710 2934 2902 2988 subtus
2923 2932 3102 2988 ululat
3123 2946 3292 3002 usque
3308 2929 3382 2986 ad
3405 2929 3625 2984 liberos-

2055 3016 2134 3072 De
2165 3018 2362 3089 impiis
2395 3037 2588 3076 sermo
2621 3025 2728 3089 est,
2764 3021 2918 3093 quod
2942 3037 3142 3076 eorum
3164 3017 3453 3090 supplicia
3473 3017 3628 3073 Deus

1982 3106 2159 3161 etiam
2209 3125 2394 3180 usque
2427 3110 2484 3164 in
2544 3115 2809 3182 posteros
2866 3111 3155 3166 extendat.
3217 3108 3364 3163 Nam
3425 3121 3628 3179 poenas

1947 3237 1952 3242 .
1983 3211 2132 3266 quas
2163 3198 2274 3251 sub
2305 3202 2461 3254 terra
2485 3199 2736 3254 subituri
2771 3203 2931 3262 sunt,
2977 3198 3247 3253 indicans
3297 3195 3625 3265 oraculum,

213 3282 453 3352 αὐτοὺς,
505 3284 673 3362 φησὶ,
732 3283 1108 3359 κατιυρύεται,
1167 3283 1484 3352 τουτέστιν,
1544 3281 1866 3354 έπιμυκᾶται

1989 3287 2040 3338 in
2072 3301 2179 3354 eos,
2213 3286 2426 3358 inquit,
2455 3288 2646 3344 subtus
2677 3289 2873 3356 ululat,
2909 3288 2966 3342 id
3027 3293 3117 3342 est
3163 3287 3445 3342 adversus
3494 3283 3626 3340 illos

215 3371 398 3434 ούτοῖς
429 3374 458 3427 6
511 3374 613 3428 61:6
641 3379 744 3449 γῆν
773 3373 964 3440 τόπος,
1013 3373 1102 3427 καὶ
1163 3374 1276 3427 οἷον
1337 3368 1635 3432 λεοντῶδες
1669 3369 1871 3444 έπηχεῖ

210 3457 462 3538 ὅρυγγα.
523 3463 616 3517 Διὸ
677 3463 766 3518 καὶ
820 3461 1070 3537 Πρόκλος
1132 3461 1305 3540 φησὶ.
1369 3466 1484 3515 Τῶν
1543 3462 1871 3536 συγγενικῶν

207 3555 408 3627 ψυχῶν
468 3553 724 3630 ὁμοφυής
779 3551 920 3606 ἐστὶν
978 3554 1013 3620 ἡ
1085 3551 1333 3622 σύνταξις
1365 3571 1378 3584 '
1433 3549 1520 3605 καὶ
1580 3551 1635 3604 αἱ
1698 3549 1868 3622 μήπω

207 3637 572 3696 ἀπολυθεῖσαι
633 3645 742 3695 τῶν
796 3646 897 3709 τῆς
955 3639 1172 3718 φύσεως
1225 3636 1438 3712 δεσμῶν
1489 3637 1540 3692 έν
1588 3642 1708 3699 τοῖς
1757 3640 1868 3690 τῶν

209 3729 494 3804 ὁμογενῶν
545 3729 869 3804 κατέχονται
928 3729 1158 3792 πάθεσι.
1228 3734 1319 3784 Δεῖ
1377 3728 1470 3782 οὗν
1526 3726 1614 3781 καὶ
1671 3725 1867 3788 ταύτας

208 3823 402 3894 τυχεῖν
454 3825 555 3888 τῆς
613 3817 750 3888 ὅλης
785 3815 965 3889 δίκης,
1013 3819 1103 3872 καὶ
1153 3816 1590 3887 άναπλησθείσας
1633 3813 1722 3870 διὰ
1767 3817 1865 3885 τήν

209 3908 442 3986 φυςικὴν
476 3908 788 3983 συγγένειαν
821 3911 928 3962 τῶν
967 3905 1284 3980 μιασμάτων
1317 3907 1652 3980 καθαρθῆναι
1701 3902 1867 3959 πάλιν

206 3995 266 4067 ἕξ
297 3996 478 4051 αὐτῶν
489 4039 503 4053 .

358 4175 451 4242 Μὴ
484 4174 816 4248 συναυξήοῃς
844 4174 944 4243 τήν
978 4173 1332 4250 εἱμαρμὲνην.

281 4260 638 4336 Βῖμαρμένην
689 4265 801 4337 (19)
857 4264 910 4318 οἱ
942 4265 1246 4341 σοφώτεροι
1290 4266 1400 4318 τῶν
1450 4259 1735 4332 Ἑλλήνων
1768 4261 1867 4330 τὴν

199 4351 366 4428 φύσιν
419 4353 852 4425 κατονομαζουσι
881 4371 894 4384 ·
953 4351 1168 4424 μᾶλλον
1216 4349 1273 4406 δὲ
1321 4352 1384 4406 τὸ
1431 4350 1710 4422 πλήρωμα
1755 4354 1862 4405 τῶν

199 4439 567 4515 έΑλάμψεων,
617 4441 689 4494 ὧν
739 4442 775 4509 ἡ
823 4445 930 4496 τῶν
963 4437 1132 4496 ὄντων
1165 4439 1320 4518 φύσις
1360 4437 1677 4513 εἰσδέχεται.
1713 4440 1863 4494 Ἔστι

200 4528 268 4586 δὲ
316 4529 549 4606 πρόνοια
602 4529 695 4601 μὲν
743 4531 777 4598 ἠ
837 4527 1037 4602 ἄμεσος
1081 4529 1189 4584 ἀπὸ
1235 4533 1333 4584 τοῦ
1396 4532 1525 4582 Θεοῦ
1574 4528 1862 4602 εὐεργεσία.

201 4618 518 4694 εἱμαρμένη
569 4616 648 4686 δὲ,
697 4621 730 4688 ἡ
785 4616 873 4672 διὰ
899 4626 998 4687 τῆς
1031 4622 1126 4672 τοῦ
1159 4617 1350 4691 εἰρμοῦ
1380 4621 1486 4671 τῶν
1529 4613 1693 4670 ὅντων
1728 4639 1862 4689 συμ-

198 4708 424 4778 πλοκῆς
470 4708 538 4762 τὰ
558 4708 798 4782 ἡμέτερα
825 4702 1162 4782 κυϐερνῶσα.
1202 4709 1303 4764 Καὶ
1341 4707 1445 4762 ὑπὸ
1475 4706 1734 4780 πρόνοιαν
1771 4706 1862 4777 μὲν

199 4795 456 4870 κείμεθα,
492 4795 616 4851 ὅταν
649 4800 852 4871 νοερῶς
884 4795 1207 4870 ένεργῶμεν·
1257 4795 1359 4849 61:6
1408 4795 1760 4868 εἱμαρμένην,
1808 4791 1865 4846 δὲ

197 4888 334 4942 ὅταν
362 4886 450 4940 καὶ
484 4890 836 4956 σωματικῶς.
873 4885 959 4953 Μή
988 4882 1080 4938 οὗν
1123 4885 1391 4958 αὐξήσῃς,
1440 4882 1594 4960 φησί,
1641 4883 1738 4948 τήν
1789 4883 1862 4934 εἱ-

201 4975 497 5051 μαρμένην
529 4979 728 5045 σαυτῷ,
760 4973 851 5027 καὶ
884 4974 1016 5049 ὑπὲρ
1051 4973 1250 5044 ταύτην
1284 4976 1464 5047 γενοῦ,
1495 4971 1586 5026 καὶ
1621 4969 1722 5025 ὐπό
1768 4969 1863 5042 μό-

193 5085 282 5136 νῳ
303 5068 422 5136 Θεῷ
451 5058 840 5136 κυϐερνήθητι.

272 5251 350 5306 Οὐ
380 5251 484 5326 γὰρ
517 5250 622 5304 ἀπὸ
667 5255 942 5325 Πατρικῆς
975 5250 1154 5326 ἀρχῆς
1196 5247 1382 5311 ἀτελές
1419 5270 1471 5304 τι
1503 5248 1786 5325 τροχάζει.

278 5418 479 5490 Πάντα,
539 5420 728 5494 φησὶν,
791 5419 818 5474 ὁ
873 5421 1060 5494 Πατὴρ
1117 5419 1345 5494 προάγει
1404 5417 1588 5474 τέλεια
1643 5421 1733 5474 καὶ
1764 5419 1859 5474 a6-

1985 3375 2176 3445 mugit
2204 3380 2262 3430 et
2290 3376 2549 3432 infremit
2579 3377 2742 3432 locus
2775 3378 3215 3444 subterraneus,
3247 3381 3304 3430 et
3345 3380 3625 3444 tanquam

1979 3461 2212 3518 leonino
2246 3465 2444 3535 rugitu
2477 3466 2782 3536 obstrepit.
2817 3465 3369 3536 QuaprOpteretiam
3393 3463 3626 3520 Proclus

1979 3550 2080 3618 ait,
2129 3557 2511 3623 cognatarum
2572 3553 2901 3608 animarum
2951 3567 3337 3624 congenerem
3393 3567 3628 3624 quoque

1980 3640 2100 3694 sive
2169 3641 2540 3696 consimilem
2592 3658 2722 3698 esse
2807 3643 3333 3714 compositionem;
3409 3655 3626 3711 easque

1979 3746 2103 3800 quae
2137 3730 2398 3784 nondum
2433 3736 2659 3785 natura:
2691 3729 2940 3786 vinculis
2973 3730 3250 3785 exsoluta:
3289 3734 3448 3796 sunt,
3483 3745 3623 3783 con-

1977 3818 2274 3874 similibus
2297 3835 2532 3891 quoque
2563 3820 2870 3876 affectibus
2940 3819 3272 3890 implicatas
3330 3817 3621 3873 distineri.

1977 3909 2253 3979 Oportere
2284 3909 2480 3979 itaque
2507 3913 2561 3962 et
2593 3909 2700 3964 has
2721 3925 2895 3964 omne
2915 3909 3272 3980 supplicium
3295 3907 3544 3979 explere,
3567 3909 3625 3962 et

1977 4012 2109 4050 cum
2131 3996 2206 4051 ob
2228 3995 2554 4052 naturalem
2573 3994 3455 4068 cognationeminquinamentis
3477 3994 3624 4052 infe-

1976 4095 2079 4140 ctae
2112 4089 2288 4155 atque
2319 4085 2540 4141 refertae
2572 4086 3011 4151 fuerint,denuo
3035 4086 3106 4140 ab
3128 4085 3246 4140 illis
3295 4083 3618 4155 repurgari.

2045 4175 2122 4229 Ne
2149 4175 2454 4230 adauxeris
2480 4181 2678 4244 fatum.

2045 4269 2247 4319 Fatum
2280 4263 2650 4336 appellarunt
2684 4264 3070 4336 sapientiores
3099 4262 3254 4318 inter
3276 4265 3506 4318 Graecos
3532 4261 3620 4332 ip-

1975 4370 2103 4410 sam
2181 4362 2473 4423 naluram,
2522 4353 2607 4408 vel
2659 4353 2857 4425 potius
2927 4350 3424 4424 complementum
3480 4349 3621 4404 illu-

1977 4443 2362 4498 minationum
2399 4459 2548 4514 quas
2580 4442 2804 4497 entium
2840 4447 3051 4497 natura
3099 4440 3324 4513 recipit.
3375 4440 3445 4495 Et
3488 4455 3621 4510 pro-

1973 4531 2231 4587 videntia
2261 4531 2498 4603 quidem
2539 4535 2628 4586 est
2674 4531 3016 4586 immediata
3046 4529 3148 4585 Dei
3197 4529 3618 4586 beneficentia:

1977 4621 2156 4674 fatum
2192 4637 2346 4687 vero,
2380 4621 2530 4692 quod
2566 4620 2924 4676 cnnnexione
2958 4625 3009 4674 et
3049 4619 3200 4673 serie
3247 4635 3444 4674 rerum
3493 4633 3620 4673 om-

1976 4708 2139 4764 nium
2171 4713 2404 4764 terrena
2430 4707 2735 4779 gubernat.
2787 4707 3147 4777 Subjicimur
3193 4712 3388 4763 autem
3436 4706 3625 4776 provi-

1974 4797 2366 4863 dentiae,cum
2423 4795 2901 4852 intellectualiter
2923 4811 3267 4866 operemur;
3330 4798 3444 4852 fato
3484 4812 3619 4852 vero

1974 4902 2107 4940 cum
2187 4886 2364 4940 etiam
2423 4884 2822 4956 corporaliter.
2884 4883 2966 4937 Ne
3021 4882 3201 4954 igitur
3246 4885 3372 4955 (ait)
3450 4889 3620 4939 tuum

1974 4975 2165 5045 ipsius
2249 4976 2434 5029 fatum
2513 4974 2802 5045 adaugere
2858 4972 3020 5038 velis,
3079 4971 3259 5041 idque
3319 4989 3618 5042 superare,

1973 5065 2074 5119 sed
2110 5063 2407 5120 committe
2430 5066 2487 5119 te
2517 5062 2702 5119 solius
2732 5061 2833 5118 Dei
2868 5060 3154 5118 voluntati
3202 5065 3375 5132 atque
3418 5060 3619 5115 mode-

1973 5153 2209 5210 rationi.

1972 5253 2090 5308 Non
2120 5253 2268 5307 enim
2301 5267 2335 5306 a
2361 5257 2590 5322 paterno
2615 5251 2903 5322 principio
2925 5249 3302 5320 imperfectum
3333 5246 3473 5389 quid:
3491 5262 3618 5373 itm)-

3381 5335 3438 5374 ce
3479 5336 3496 5373 ι
3529 5360 3542 5374 .

3381 5335 3473 5374 cea
3479 5335 3522 5373 ιι
3529 5360 3542 5374 .

2043 5420 2252 5477 Omnia
2301 5419 2430 5490 (ait)
2487 5419 2745 5490 perfecta
2787 5421 2845 5472 et
2892 5416 3156 5473 numeris
3183 5416 3458 5472 omnibus
3516 5433 3618 5488 pro

1478 5536 1507 5591 J
1519 5536 1781 5594 OANNIS
1805 5537 2123 5595 OPSOPIEI
2153 5535 2292 5592 NOT
2295 5535 2376 5590 1E.

281 5635 810 5710 (19)_Elpuppévnv.
841 5641 1022 5710 Istam
1056 5653 1291 5709 quoque
1314 5637 1420 5710 fati
1449 5635 1866 5710 descriptione:

1989 5639 2076 5710 inc
2107 5634 2402 5708 decerpsit
2423 5634 2578 5692 idem
2603 5633 2843 5707 Niceph.
2881 5647 3013 5706 pag.
3047 5631 3172 5690 MO.

286 5708 364 5780 (a)
394 5707 526 5764 Hec
555 5707 846 5768 in’Graeco
879 5707 1308 5782 desiderantur,
1343 5709 1590 5768 fortasse
1617 5707 1686 5766 ei:
1711 5707 2187 5766 bomoioteleuto.
