4056 6346
414 373 571 432 114Ἷ

1738 366 2163 427 MICHAELIS
2210 367 2481 428 PSELLI

3667 367 3835 428 1148

409 505 697 576 cujusque
728 501 930 557 ordine
962 504 1019 555 et
1049 498 1331 568 dignitate
1359 497 1630 554 absoluta
1658 498 1927 570 producit
1952 499 2053 554 Pa-

2180 498 2340 573 ιάρκη
2396 500 2533 553 κατὰ
2584 500 2684 569 τήν
2744 500 2943 554 ἑαυτῶν
3002 497 3172 569 τάξιν.
3230 499 3293 556 Ἥ
3349 494 3411 553 δὶ
3430 500 3543 553 τῶο
3588 497 3823 573 γενομέ-

408 599 537 651 ter:
562 592 660 648 sed
695 590 1027 664 genitorum
1060 587 1437 645 imbecillitas
1476 594 1534 644 et
1565 588 1836 644 remissio
1884 587 2062 642 rebus

410 683 707 740 interdum
759 679 1025 751 suggerit
1082 678 1371 733 defectum
1423 683 1481 733 et
1536 677 2058 743 imperfectionem.

410 774 620 829 Verum
656 774 823 824 Pater
867 769 1062 823 denuo
1121 771 1353 823 revocat
1413 768 1703 823 defectum
1750 768 1822 822 ad
1874 766 2061 839 perfe-

410 862 684 927 ctionem,
708 865 763 914 et
786 859 855 912 ad
882 857 972 912 sui
998 857 1414 913 sufﬁcientiam
1439 858 1741 911 convertit.
1760 855 2061 927 Ejusmodi

411 955 502 1007 est
558 948 712 1020 quod
790 947 1092 1019 apostolus
1138 947 1394 1001 Jacobus
1457 946 1685 1001 Domini
1772 946 1948 1001 frater
2002 946 2060 999 in

412 1037 683 1111 Epistolas
717 1053 836 1091 sua:
876 1036 1041 1089 initio
1076 1035 1195 1089 alta
1226 1051 1361 1090 voce
1392 1034 1831 1107 pronuntiavit:
1878 1034 2062 1089 Omne

412 1130 631 1184 donum
666 1126 986 1196 perfectum
1011 1141 1265 1195 superne
1295 1124 1601 1179 descendit
1631 1141 1666 1179 a
1698 1124 1861 1178 Patre
1884 1122 2058 1177 lumi-

414 1233 578 1273 num.
611 1214 766 1270 Nihil
796 1211 953 1269 enim
1007 1214 1415 1285 imperfectum
1448 1231 1480 1269 a
1538 1214 1788 1283 perfecto
1848 1212 2060 1283 prodit,

412 1304 735 1379 presertim
756 1320 889 1359 cum
919 1303 990 1357 ad
1025 1303 1079 1357 id
1107 1303 1263 1373 quod
1291 1304 1361 1357 ab
1385 1303 1510 1374 ipso
1530 1303 1719 1373 primo
1735 1300 2061 1356 effunditur

412 1392 720 1452 confestim
741 1392 1144 1461 recipiendum
1169 1392 1453 1447 fuerimus
1478 1390 1735 1463 prompti
1761 1395 1934 1461 atque
1958 1406 2061 1461 pa-

412 1484 550 1540 rati.

412 1582 513 1639 Sed
542 1595 655 1637 non
685 1579 931 1635 admittit
953 1580 1113 1634 illam
1132 1584 1371 1650 paterna
1400 1596 1572 1648 mens,
1607 1594 1884 1719 quousq[ue
1940 1578 2063 1704 ixi-

1836 1665 1942 1703 rerz
1978 1689 1989 1701 .

1836 1657 1989 1704 z'crz’t.

484 1753 644 1808 Mens
676 1756 920 1823 paterna
950 1766 1065 1806 non
1090 1749 1350 1805 admittit
1392 1748 1643 1820 impetus
1692 1746 2063 1803 voluntatum

416 1842 645 1910 animm,
688 1840 1036 1912 priusquam
1086 1838 1398 1894 excluserit
1435 1837 1788 1893 oblivionem
1838 1835 2067 1891 divitia-

415 1947 546 1988 rum
577 1948 609 1986 a
642 1931 809 1985 Patre
843 1928 1403 1985 muniﬁcentissimo
1452 1931 1852 1998 acceptarum,
1901 1929 1959 1981 et
2005 1924 2064 1979 in

416 2019 764 2077 memoriam
794 2018 1077 2075 revocarit
1108 2034 1303 2073 sacras
1335 2034 1484 2088 quas
1545 2017 1616 2071 ab
1676 2016 1804 2087 ipso
1860 2014 2070 2070 habuit

416 2114 696 2175 tesseras,
730 2124 1048 2179 vocemque
1074 2105 1346 2162 candoris
1398 2105 1651 2161 indicem
1712 2122 1841 2160 cum
1900 2105 2075 2159 ﬁrma

416 2199 819 2272 symbolorum
853 2197 1035 2269 patris
1066 2196 1350 2268 genitoris
1369 2196 1460 2250 sui
1488 2195 1774 2250 memoria
1826 2195 2067 2264 conjun-

419 2293 574 2346 ctam
605 2286 888 2345 emiserit.
922 2287 1025 2341 Est
1054 2286 1208 2341 enim
1265 2285 1462 2340 anima
1518 2300 1585 2339 ex
1638 2284 1820 2339 sacris
1874 2282 2068 2337 verbis

416 2383 475 2435 et
503 2377 716 2433 divinis
748 2375 1033 2444 symbolis
1052 2374 1375 2446 composita
1400 2390 1412 2428 :
1433 2389 1684 2444 quorum
1707 2371 1805 2427 illa
1828 2371 2066 2444 quidem

417 2468 825 2541 proﬂuxerunt
856 2482 889 2520 a
911 2464 1096 2520 sacris
1128 2464 1344 2530 formis,
1375 2464 1499 2518 haec
1530 2468 1725 2517 autem
1775 2480 1807 2517 a
1856 2459 2067 2515 divinis

418 2556 766 2613 unitatibus.
802 2558 867 2609 Et
897 2570 1105 2610 sumus
1136 2570 1277 2609 sane
1313 2554 1603 2621 imagines
1634 2566 1933 2608 sacrarum
1982 2565 2068 2604 es-

420 2646 768 2711 sentiarum,
804 2643 1123 2698 simulacra
1150 2659 1284 2697 vero
1317 2642 1752 2713 incognitorum
1776 2639 2065 2712 symbolo-

418 2751 575 2789 rum.
636 2734 733 2787 Est
791 2736 985 2787 autem
1063 2735 1120 2785 et
1175 2731 1283 2786 hoc
1328 2732 1479 2785 scitu
1530 2730 1798 2801 dignum,
1858 2744 2066 2799 quam-

418 2822 561 2877 libet
594 2821 855 2877 animam
890 2838 923 2875 a
976 2819 1235 2891 qualibet
1288 2818 1489 2873 anima
1547 2818 1741 2888 specie
1802 2817 2063 2872 differre:

424 2914 628 2982 totque
657 2926 786 2965 esse
819 2908 1151 2964 animarum
1180 2906 1427 2979 species,
1459 2911 1603 2977 quot
1630 2908 1770 2961 sunt
1800 2905 2029 2961 animae.

492 3016 716 3084 Quando
741 3016 1087 3088 conspexeris
1114 3015 1337 3085 genium
1368 3016 1689 3069 terrestrem
1710 3012 1979 3081 accedere,

484 3159 753 3228 Sacriﬁca
782 3158 1026 3229 lapidem
1050 3158 1361 3212 muizurim
1392 3155 1762 3212 inclamando.

2171 609 2273 641 νων
2324 587 2597 651 πολλάκις
2645 589 2885 653 ἀσθένεια
2933 590 3020 644 καὶ
3072 589 3253 667 ὕφεσις
3298 588 3668 663 παρυφίστησι
3726 588 3825 655 τήν

2171 672 2370 732 ἔνδειαν
2415 678 2599 741 αὐτοῖς
2642 678 2733 733 καὶ
2780 679 2843 731 τὸ
2888 676 3100 740 ἀτελὲς.
3154 676 3311 733 Ἀλλ’
3356 678 3384 731 ὁ
3437 678 3625 750 Πατὴρ
3659 674 3824 731 πᾶλιν

2172 766 2517 823 ἀνακαλεῖται
2574 768 2673 836 τὴν
2731 763 2936 822 ἔνδειαν
2993 768 3130 843 πρὸς
3182 768 3276 821 τὸν
3324 764 3679 837 τελειον,καῖ
3712 766 3825 820 ἐπι·

2173 856 2388 932 στρέφει
2418 858 2553 932 πρὸς
2594 855 2694 927 τῆν
2744 856 3088 932 αὐτάρκειαν.
3139 855 3395 910 Τοιοῦτόν
3449 854 3559 910 ἐστὶ
3586 856 3652 909 τὸ
3680 855 3828 930 παρᾶ

2171 951 2266 1001 τοῦ
2322 943 2633 1001 ἀποστόλου
2699 942 2961 1002 Ἰακώϐου
3018 950 3114 1001 τοῦ
3173 942 3413 1022 ἀδελφοῦ
3466 949 3565 999 τοῦ
3623 944 3827 1018 Κυρίου

2174 1038 2626 1114 ὶκπεφωνημένον
2671 1034 2723 1091 ἐν
2772 1036 3091 1111 προοιμίοις
3145 1042 3243 1105 τῆς
3292 1033 3589 1102 ἐπιστολῆς
3634 1035 3826 1088 αὐτοῦ·

2176 1130 2281 1181 Πᾶν
2316 1123 2550 1201 δώρημα
2592 1123 2798 1180 τέλειον
2852 1122 3047 1189 ἄνωθεν
3100 1125 3209 1180 ἐστι
3260 1117 3586 1178 καταϐαῖνον
3622 1122 3683 1177 ἐκ
3726 1127 3825 1177 τοῦ

2174 1216 2382 1289 Πατρὸς
2436 1220 2543 1269 τῶν
2605 1215 2841 1292 φώτων.
2898 1210 3066 1271 Οὑδὶν
3126 1214 3228 1289 γὰρ
3285 1210 3473 1274 ἀτελὲς
3527 1212 3677 1286 παρὰ
3730 1215 3828 1265 τοῦ

2170 1303 2381 1359 τελείου
2437 1302 2671 1377 πρόεισι,
2720 1302 2812 1357 καὶ
2876 1300 3111 1376 μάλιστα
3141 1301 3265 1357 ὅταν
3315 1300 3579 1376 τύχωμεν
3607 1301 3670 1355 τὸ
3700 1302 3833 1375 παρ’

2174 1392 2337 1449 αὑτοῦ
2389 1391 2622 1468 πρώτως
2692 1391 2951 1467 χεόμενον
3007 1391 3202 1447 αὐτίκα
3258 1387 3474 1463 ἕτοιμοι
3543 1389 3617 1451 εἰς
3677 1386 3828 1459 δέξα-

2173 1484 2322 1541 σθαι.

2175 1578 2324 1636 »Ελὶυ
2381 1580 2479 1633 οὐκ
2509 1576 2809 1653 εἰσδέχεται
2843 1577 3027 1647 κείνης
3060 1578 3321 1653 πατρικὸς
3349 1575 3739 1721 νοῦςΊξέξέρις
3767 1575 3831 1629 ’ἄν

3534 1669 3555 1703 ε
3589 1669 3613 1703 ε
3660 1660 3759 1721 θῃ.

3534 1660 3728 1723 ἐξέλθῃ
3744 1691 3759 1704 .

2247 1749 2324 1805 Οὔ
2372 1746 2734 1825 παραδέχεται
2786 1749 2812 1803 ὁ
2864 1749 3131 1823 Πατρικὸς
3190 1752 3317 1810 νοῦς
3361 1748 3458 1809 τὰς
3504 1750 3611 1801 τῶν
3662 1743 3832 1816 θελη-

2179 1838 2359 1913 μάτων
2386 1844 2487 1908 τῆς
2517 1841 2706 1912 ψυχῆς
2739 1839 2934 1915 ὁρμὰς,
2970 1836 3165 1913 μέχρις
3216 1837 3278 1891 ’ὰν
3323 1837 3458 1906 αὑτὴ
3502 1834 3833 1905 ἇπιλάθηται

2180 1929 2272 2001 μὲν
2321 1935 2421 1997 τῆς
2474 1926 2654 1998 λήθης
2677 1924 2752 1981 ὧν
2783 1926 3134 1998 πεπλούτηκε
3182 1926 3328 2002 παρᾶ
3367 1929 3465 1981 τοῦ
3511 1925 3833 1999 παναγάθου

2177 2018 2405 2093 Πατρὸς,
2454 2016 2588 2091 ἔλθῃ
2641 2014 2697 2071 δί
2739 2016 2816 2078 εἰς
2864 2016 3162 2089 ἀνάμνησιν
3212 2017 3285 2070 ὧν
3327 2010 3485 2090 ἔσχεν
3533 2014 3585 2084 ἐξ
3661 2014 3832 2067 αὐτοῦ

2176 2108 2335 2179 ἱερῶν
2407 2105 2763 2179 συνθημάτων
2801 2149 2814 2175 ,
2865 2106 2955 2159 καὶ
3006 2106 3195 2183 φωνὴν
3245 2105 3439 2184 ἀφήσει
3492 2104 3841 2179 εὐγνώμονι,

2180 2197 2404 2268 μνήμην
2456 2196 2647 2263 ἑαυτῆς
2704 2193 2961 2267 ἐνθεμὲνη
3012 2198 3118 2249 τῶν
3186 2198 3281 2249 τοῦ
3329 2193 3687 2268 γεννήσαντος
3743 2190 3840 2245 αὖ·

2176 2286 2275 2352 τήν
2329 2284 2531 2359 πατρὸς
2592 2278 2909 2355 συμϐόλων.
2974 2284 3214 2353 Συνέστη
3260 2283 3365 2358 γὰρ
3427 2284 3463 2352 ἡ
3509 2283 3665 2357 ψυχή
3726 2281 3836 2336 ἀπὸ

2174 2377 2282 2429 τῶν
2336 2375 2495 2447 ἱερῶν
2550 2371 2728 2447 λόγων
2779 2373 3006 2427 καὶτῶν
3058 2372 3213 2436 θείων
3264 2366 3583 2445 συμϐόλων·
3645 2368 3718 2424 ὧν
3779 2372 3835 2425 οἱ

2181 2463 2273 2535 μὲν
2310 2461 2442 2515 εἷ’σιν
2474 2461 2579 2516 ἀπὸ
2608 2466 2716 2517 τῶν
2750 2463 2910 2536 lt:va
2946 2458 3128 2529 εἰδῶν,
3164 2462 3216 2515 οἱ
3257 2458 3316 2515 δὲ
3345 2461 3449 2515 ἀπὸ
3499 2463 3607 2515 τῶν
3665 2458 3830 2515 θείων

2176 2549 2395 2607 ἰνάὂων.
2457 2551 2560 2607 Καὶ
2619 2548 2778 2624 ἐσμὲν
2831 2550 3034 2613 εῗκόνες
3082 2550 3179 2623 μὲν
3224 2555 3331 2605 τῶν
3380 2551 3541 2623 ἱερῶν
3601 2550 3833 2619 οὐσιῶν,

2177 2638 2464 2715 ἀγάλματα
2496 2637 2553 2694 δὲ
2583 2644 2690 2695 τῶν
2724 2640 3016 2716 ἀγνώστων
3048 2638 3428 2712 συνθημάτων.
3486 2643 3577 2693 Δεῖ
3633 2635 3692 2693 δὶ
3738 2637 3832 2692 καὶ

2174 2735 2335 2785 τοῦτο
2370 2726 2587 2796 εἰδέναι,
2616 2728 2690 2790 ὡς
2723 2734 2865 2783 πᾶσα
2894 2729 3049 2804 ψυχὴ
3081 2728 3257 2799 πάσης
3286 2731 3471 2803 ψυχῆς
3520 2728 3637 2783 κατ’
3689 2724 3832 2788 εἶδος

2178 2817 2446 2889 διέστηκε,
2497 2819 2584 2872 καὶ
2638 2818 2714 2879 ὡς
2764 2817 2882 2873 ὅσαι
2912 2819 3129 2894 Maxenti,
3172 2822 3408 2873 τοσαῦτα
3436 2819 3526 2872 καὶ
3559 2813 3679 2887 εἴδη
3719 2819 3834 2871 τῶν

2176 2912 2370 2983 ψυχῶν
2400 2907 2538 2962 ἐστιν
2550 2952 2562 2964 .

2175 3015 2366 3073 Ἣνίκα
2409 3016 2517 3089 (29)
2566 3011 2614 3068 δ’
2668 3011 2969 3090 ἐρχόμενον
3014 3011 3251 3088 δαίμονα
3306 3013 3629 3158 πρόσγειον[
3657 3011 3836 3086 ἀθρή-

2315 3157 2321 3158 ,
2363 3156 2368 3158 Α
2588 3154 2596 3158 _
2823 3156 2832 3158 θ
2962 3154 2978 3158 _
3635 3104 3759 3158 σῃς.

3635 3104 3759 3159 "TI"

2179 3158 2281 3216 Θὺε
2312 3156 2466 3222 λίθον
2505 3154 2783 3230 μνίζουριν
2819 3154 3092 3216 ἐπαυδῶν.

490 3268 790 3319 Dzemones
822 3264 976 3319 circa
1008 3267 1222 3318 terram
1278 3262 1613 3317 volutantes
1667 3266 1879 3318 natura
1926 3266 2066 3318 sunt

2250 3262 2481 3326 Ψευδεῖς
2551 3265 2643 3337 μὲν
2718 3264 2817 3332 τήν
2879 3263 3035 3341 φύσιν
3105 3263 3157 3317 οἱ
3210 3261 3492 3339 πρόσγειοι
3551 3258 3835 3333 δαίμονες,

424 3353 758 3422 mendaces,
792 3357 994 3424 utpote
1025 3350 1226 3423 procul
1260 3369 1292 3406 a
1342 3352 1541 3406 divina
1585 3351 1916 3423 cognitione
1971 3368 2065 3407 re-

424 3442 590 3511 moti,
624 3446 681 3497 et
711 3442 959 3497 materia
988 3440 1356 3497 tenebricosa
1403 3439 1651 3512 impleti.
1693 3441 1855 3505 Quod
1899 3440 1949 3497 si
2003 3458 2071 3497 ex

421 3531 516 3587 his
545 3547 745 3587 verum
775 3530 1030 3602 aliquem
1056 3545 1390 3587 sermonem
1422 3530 1625 3586 audire
1645 3529 1866 3601 cupias,
1908 3547 2071 3587 aram

420 3638 661 3694 appara,
685 3626 742 3676 et
771 3622 1034 3677 sacriﬁca
1059 3620 1315 3692 lapidem
1342 3619 1678 3674 muizurim.
1707 3619 1892 3675 Habet
1911 3621 2070 3676 enim

421 3709 516 3765 hic
550 3710 700 3781 lapis
729 3711 844 3764 vim
879 3709 1199 3765 advocandi
1240 3709 1521 3780 majorem
1572 3709 1918 3777 daemonem,
1970 3710 2071 3781 qui

419 3798 649 3856 occulta
681 3800 907 3854 ratione
937 3797 1229 3854 materiali
1263 3797 1432 3869 genio
1490 3796 1816 3869 applicatus
1875 3814 2071 3853 rerum

419 3889 838 3960 inquisitarum
872 3888 1175 3944 veritatem
1201 3887 1559 3953 insusurrat,
1586 3903 1761 3958 quam
1780 3886 1879 3942 ille
1901 3904 2071 3959 porro

418 3977 644 4033 homini
678 3976 1065 4044 interroganti
1099 3976 1338 4047 profert.
1372 3976 1601 4031 Iudicat
1631 3980 1825 4031 autem
1860 3992 2072 4032 nomen

416 4066 615 4138 ipsum
652 4083 766 4138 quo
798 4066 856 4121 in
884 4066 1296 4137 provocatione
1329 4065 1616 4119 utendum
1648 4068 1736 4120 est
1766 4081 1885 4119 una
1938 4081 2071 4121 cum

420 4155 637 4225 lapidis
667 4155 1117 4211 sacriﬁcatione.
1142 4155 1332 4225 Atque
1370 4153 1625 4210 Chaldaei
1657 4158 1928 4210 statuunt
1956 4156 2073 4210 daa-

426 4261 632 4300 monas
718 4245 1000 4314 quosdam
1062 4243 1268 4310 bonos,
1318 4245 1604 4314 quosdam
1665 4245 1852 4299 malos
1900 4260 2069 4300 esse:

426 4336 629 4388 nostra
708 4337 902 4388 autem
982 4330 1218 4403 pietatis
1291 4332 1558 4388 doctrina
1638 4348 1842 4389 omnes
1887 4332 2073 4389 malos

422 4420 789 4495 pronuntiat,
842 4424 906 4476 ut
962 4420 1061 4493 qui
1113 4420 1516 4493 prameditata
1572 4421 1893 4478 defectione
1973 4422 2073 4478 bo-

422 4512 670 4567 nitatem
750 4526 886 4566 cum
972 4508 1111 4565 vitio
1193 4514 1251 4565 et
1327 4508 1695 4581 malignitate
1752 4515 2075 4567 commuta-

425 4604 581 4656 runt.

492 4690 643 4746 Disce
670 4688 1024 4760 intelligibile
1049 4694 1210 4746 extra
1240 4693 1475 4743 mentem
1507 4702 1641 4744 esse.

496 4778 657 4834 Licet
686 4778 842 4834 enim
865 4778 1065 4834 omnia
1088 4782 1283 4833 mente
1306 4776 1733 4848 comprehensa
1752 4777 1891 4847 sint,
1915 4779 2070 4837 Deus

422 4871 620 4926 tamen
656 4868 915 4940 primum
942 4865 1314 4939 intelligibile
1346 4870 1507 4921 extra
1539 4871 1789 4924 mentem
1820 4869 2068 4927 exsistit.

420 4958 496 5015 At
524 4957 671 5013 illud
703 4962 865 5013 extra
894 4974 1009 5013 non
1046 4956 1308 5011 metiaris
1354 4955 1799 5013 intervallorum
1854 4957 2073 5015 distan-

424 5046 526 5116 tia,
614 5063 802 5119 neque
877 5046 1130 5117 accipias
1206 5044 1533 5099 secundum
1614 5045 2069 5103 intellectualem

423 5135 844 5204 diversitatem,
879 5135 977 5190 sed
1030 5133 1354 5189 secundum
1404 5133 1599 5189 solum
1640 5134 2068 5207 intelligibilem

423 5240 749 5293 excessum,
772 5229 828 5281 et
852 5221 1249 5279 subsistentia
1282 5221 1725 5293 proprietatem,
1762 5240 2070 5281 excessum

2098 4613 2145 4679 D

2179 3354 2269 3409 ἅτε
2298 3353 2487 3429 πόῤῥω
2518 3359 2618 3422 τῆς
2651 3352 2798 3416 θείας
2847 3352 3096 3427 γνώσεως
3148 3346 3318 3418 ὅντες,
3370 3349 3460 3405 καὶ
3510 3355 3610 3419 τῆς
3666 3348 3837 3423 ἀφεγ-

2178 3448 2310 3519 γοῦς
2370 3440 2509 3513 ὕλης
2542 3440 3046 3513 ἀναπεπλησμένοι.
3076 3440 3145 3497 Εἴ
3173 3437 3231 3495 δὶ
3281 3437 3469 3515 βούλει
3500 3438 3628 3513 παρ’
3657 3437 3829 3491 αὗτοῦ

2179 3532 2360 3603 ἀληθῆ
2403 3553 2524 3586 τινα
2574 3529 2818 3602 δέξασθαι
2869 3529 3033 3605 λόγον
3066 3577 3081 3603 ,
3130 3528 3501 3601 παρασκεύαζε
3551 3529 3838 3602 Θυτήριον,

2177 3623 2265 3678 καὶ
2302 3620 2394 3676 θὺε
2441 3619 2592 3676 λίθον
2641 3620 2948 3695 μνίζουριν.
2997 3621 3059 3678 Ὁ
3110 3616 3167 3673 δὲ
3199 3616 3353 3682 λίθος
3396 3615 3553 3680 οὗτος
3601 3614 3847 3689 δύναμιν

2180 3708 2294 3786 ἔχει
2353 3707 2733 3786 προκλητικήν
2777 3709 2963 3784 ὶτὲρου
3022 3708 3267 3782 μείζονος
3320 3704 3601 3779 δαίμονος,
3655 3705 3717 3766 ’ὸς
3765 3701 3838 3773 δὴ

2182 3800 2397 3878 ἀφανῶς
2462 3803 2541 3869 τῷ
2600 3796 2773 3869 ὑλικῷ
2822 3794 3042 3871 δαίμονι
3100 3796 3383 3873 προσιὼν,
3442 3796 3835 3871 προσφωνήσει

2178 3890 2278 3958 τὴν
2323 3892 2429 3942 τῶν
2490 3885 2861 3960 ἐρωτωμένων
2923 3884 3210 3956 ἀλήθειαν,
3266 3885 3329 3953 ἣν
3362 3881 3568 3947 ἐκεῖνος
3598 3882 3839 3957 ἀποκρι-

2178 3983 2348 4032 τεῖται
2392 3980 2471 4048 τῷ
2519 3976 2814 4050 ἐρωτῶντι.
2876 3976 3029 4051 Λὲγει
3063 3972 3121 4029 δὲ
3163 3972 3253 4029 καὶ
3307 3969 3481 4046 ὄνομα
3530 3971 3845 4047 προκλητι-

2179 4067 2273 4122 κὸν
2338 4066 2473 4138 μετὰ
2526 4072 2627 4134 τῆς
2682 4069 2779 4120 τοῦ
2839 4062 2995 4119 λίθου
3046 4062 3251 4128 θυσίας.
3307 4063 3369 4119 Ὁ
3431 4061 3525 4134 μὶν
3558 4057 3843 4123 Χαλδαῖός

2177 4178 2335 4221 τινας
2398 4157 2491 4228 μὲν
2534 4160 2641 4210 τῶν
2702 4152 2977 4227 δαιμόνων
3027 4153 3282 4228 ἀγαθοὺς,
3323 4150 3473 4212 τινὰς
3526 4147 3585 4204 δὶ
3636 4148 3841 4211 κακοὺς

2179 4245 2406 4311 τίθεται·
2442 4247 2471 4301 ὁ
2502 4243 2560 4300 δὲ
2588 4245 2856 4319 ἡμέτερος
2886 4237 3113 4311 εὐσεϐής
3154 4240 3317 4316 λόγος
3362 4240 3587 4309 πάντας,
3636 4237 3845 4301 κακοὺς

2182 4336 2440 4411 ὁρίζεται,
2473 4338 2531 4390 ἐκ
2580 4337 2977 4409 προαιρετικῶν
3023 4326 3444 4404 ἀποπτωμάτῶν
3490 4330 3589 4399 τὴν
3644 4327 3841 4383 κακίαν

2181 4424 2690 4499 ἀνταλλαξαμὲνους
2715 4429 2815 4492 τῆς
2844 4420 3202 4498 ἀγαθότητος.

2391 4690 2544 4755 Μάθε
2572 4691 2634 4746 τὸ
2661 4690 2883 4760 νοητὸν,
2916 4686 3031 4743 ἐπεὶ
3068 4684 3170 4757 ἔξω
3200 4684 3329 4740 νόου
3363 4684 3621 4760 ὑπάρχει.

2249 4781 2314 4839 Εἰ
2363 4782 2466 4857 γὰρ
2523 4781 2613 4853 καὶ
2661 4778 2835 4834 πάντα
2888 4782 2970 4850 τῷ
3026 4782 3107 4850 νῷ
3164 4772 3577 4852 περιείληπται,
3631 4772 3759 4831 ἀλλ’

2179 4872 2332 4939 Θεὸς,
2362 4872 2426 4926 τὸ
2474 4874 2691 4945 πρῶτον
2741 4868 2959 4937 νοητὸν,
2991 4860 3092 4938 ἔξω
3137 4868 3235 4921 τοῦ
3263 4866 3360 4919 νοῦ
3404 4864 3665 4938 ὑπάρχει,
3693 4864 3760 4919 τὸ
3792 4854 3841 4921 δ’

2180 4958 2302 5031 ἔξω,
2347 4960 2424 5033 μὴ
2468 4956 2914 5029 διαστηματικῶς
2942 4956 3164 5027 νοήσῃς,
3218 4949 3359 5025 μηδὶ
3388 4952 3508 5006 καθ’
3541 4952 3857 5027 ἑτερότητα»

2180 5048 2391 5123 νοεράν,
2450 5044 2596 5101 ἀλλὰ
2657 5044 2794 5099 κατὰ
2846 5042 3017 5116 μόνην
3071 5042 3170 5110 τὴν
3231 5040 3435 5109 νοητὴν
3495 5035 3855 5113 ὑπερϐολήν,

2180 5138 2267 5192 καὶ
2320 5137 2419 5205 τὴν
2491 5132 2744 5204 ἰδιότητα
2810 5138 2911 5201 τῆς
2978 5130 3276 5205 ὑπάρξεως,
3338 5132 3433 5183 νοῦ
3486 5130 3686 5190 παντὸς
3741 5128 3845 5184 ἐπ-

2181 5225 2357 5279 έκεινα
2412 5221 2594 5291 οὖσαν,
2657 5219 2726 5276 δι’
2786 5219 2848 5276 οὗ
2877 5221 2939 5275 τὸ
2969 5218 3285 5294 ὑπεροὺσιον
3319 5214 3609 5275 δείκνυται.
3642 5219 3704 5276 Ἠ
3736 5219 3843 5295 γὰρ

1698 5375 1999 5433 JOANNIS
2039 5378 2355 5435 OPSOPEI
2387 5377 2597 5433 NOTAE

503 5494 609 5560 (20)
638 5491 827 5547 Ἡνίκπι
856 5497 963 5547 etc.
1000 5492 1115 5546 Hoc
1166 5494 1518 5562 praeceptum
1583 5492 1876 5564 magicum
1938 5511 2070 5549 cum

425 5564 809 5637 explicatione
823 5564 1161 5637 suscitatur
1184 5566 1238 5637 in
1256 5564 1463 5637 iisdem
1481 5564 1786 5637 Nicephori
1803 5565 1873 5619 ad
1891 5565 2069 5637 Syne-

428 5634 583 5690 sium
607 5636 846 5690 scholiis
880 5636 1131 5705 ρδεσθϐ,
1173 5635 1295 5705 ubi
1336 5635 1501 5705 metri
1562 5634 1782 5691 ratione
1842 5634 2070 5694 servata

428 5652 583 5690 slum
607 5651 846 5690 scnoms
880 5654 948 5705 pa
999 5651 1131 5701 .uo,
1173 5651 1272 5689 UDI
1336 5651 1501 5688 mem
1562 5651 1782 5691 ratione
1842 5651 2069 5694 servata

426 5706 724 5774 scribitur,
756 5705 915 5773 ἡνίκα
945 5651 1177 5776 gelidove:
1203 5701 1249 5757 8’
1280 5702 1601 5777 ἐρχόμενον,
1629 5710 1738 5762 etc.
1773 5711 1829 5763 et
1867 5709 2069 5765 statim

2188 5495 2509 5567 μνήζουριν,
2541 5493 2613 5548 de
2639 5506 2756 5562 quo
2783 5489 2980 5567 lapide
3021 5489 3150 5567 vide
3207 5489 3455 5567 August.
3508 5487 3843 5567 _Steuchum

2177 5560 2433 5636 lib.‘v1u',
2462 5560 2536 5619 De
2552 5560 2792 5636 perenni
2818 5560 3176 5636 philosophia
3207 5576 3342 5636 cap.
3365 5560 3455 5636 _28,
3490 5560 3840 5636 ἀει-,ἀειρο-

2179 5654 2321 5693 num
2336 5630 2532 5694 autem
2549 5630 2833 5690 divisione
2855 5630 3181 5689 secundum
3206 5630 3526 5698 Chaldaeo.
3542 5630 3839 5704 Nicepho-

2178 5725 2310 5766 rum
2340 5710 2399 5766 in
2432 5706 2617 5765 schol.
2652 5720 2784 5780 pag.
2822 5705 2947 5762 117.
