4056 6346
286 415 452 477 ιω
1143 415 1242 476 EX
1256 413 1565 476 POSlTlO
1609 413 2154 475 OllACULORUM
2202 413 2844 478 CHALDAICORUM.
3544 411 3704 470 H50

284 573 450 630 οὐσία
500 570 703 644 ἐκείνη,
733 571 784 644 :6
843 574 967 634 νοῦς
1027 567 1167 626 ἐστιν
1229 571 1257 625 6
1313 570 1546 646 πρώτως
1599 569 1820 642 νοητὸς,
1879 570 1931 624 οἰ

2057 572 2302 645 inquam
2347 573 2520 647 longe
2549 573 2703 631 ultra
2751 589 2987 630 omnem
3038 574 3316 642 mentem,
3349 586 3466 642 quo
3497 583 3703 642 super-

285 661 433 718 ἒστιν
459 659 563 733 ’ἔξω
588 661 650 716 τὸ
680 657 1032 732 αὐτονόητονο
1066 659 1212 730 πλὴν
1243 660 1270 715 6
1300 660 1430 722 Θεὸς
1459 659 1548 714 καὶ
1602 663 1698 714 τοῦ
1745 664 1931 730 νοητοῐ

2057 662 2373 719 essentiale
2430 664 2888 720 demonstratur.
2931 662 3037 718 Illa
3089 662 3246 718 enim
3303 659 3560 717 essentia
3617 663 3706 714 est

282 753 380 809 καὶ
434 755 530 807 τοῦ
591 751 928 821 αὖτονοήτου
987 747 1251 808 ἐπέκεινα.
1287 750 1384 804 Καὶ
1439 746 1568 822 μηδ’
1622 748 1704 804 ὅτι
1747 750 1931 820 νοητὸη

2055 767 2223 808 mens
2255 753 2444 825 primo
2475 752 2884 825 intelligibilis,
2910 756 3070 809 extra
3100 768 3276 823 quam
3310 749 3495 822 gradu
3527 764 3703 819 supe-

285 842 464 897 ἒκεῖνο
526 840 588 895 τὸ
646 840 789 896 Θεῖόν
832 860 1029 917 φαμεν,
1065 837 1196 912 μηδ’
1239 838 1320 894 ὅτι
1371 838 1726 910 αὖτονόητον,
1758 841 1931 914 Κρεῖτ-

2054 841 2176 896 rius
2225 846 2315 897 est
2362 842 2556 914 ipsum
2588 858 2691 914 per
2721 858 2782 897 se
2814 839 3202 914 intelligibile.
3251 839 3433 895 Deum
3483 838 3700 909 excipe,

283 951 380 986 τον
413 930 515 1006 γὰρ
538 931 739 992 παντὸς
765 930 856 983 καὶ
891 929 1135 1005 ῥήματος
1177 930 1266 984 καὶ
1315 930 1612 1002 νοήματος,
1644 929 1719 990 ὡς
1766 929 1931 994 πάντ’(

2053 931 2153 1002 qui
2174 935 2229 986 et
2253 930 2620 1004 intelligibile
2642 935 2698 986 et
2719 930 2914 1003 ipsum
2935 947 3038 1003 per
3059 946 3119 986 se
3143 927 3509 1000 intelligibile
3533 927 3704 997 longe

285 1017 614 1088 ἀνεννόητον
656 1017 746 1072 καὶ
779 1018 1162 1095 ἀνὲκφραστον,
1193 1017 1284 1072 καὶ
1333 1021 1460 1092 σιγῇ
1497 1016 1707 1091 μᾶλλον
1762 1017 1931 1090 τιμώ·

2052 1021 2430 1076 transcendil.
2459 1020 2728 1076 Divinam
2760 1021 2915 1075 enim
2950 1019 3113 1074 illam
3145 1024 3416 1074 naturam
3449 1015 3702 1071 dicimus

287 1129 476 1182 μενον,
539 1107 574 1176 ἢ
633 1106 956 1180 θαυμασίαις
1033 1113 1239 1184 φωναῖς
1315 1107 1732 1180 σεμνυνόμενον.
1786 1109 1931 1164 Ἔστι

2053 1125 2242 1180 neque
2273 1109 2730 1183 intelligibilem,
2764 1126 2953 1180 neque
2994 1124 3097 1181 per
3142 1124 3204 1164 se
3251 1104 3700 1178 intelligibilem.

285 1198 395 1274 γὰρ
426 1198 514 1251 καὶ
546 1200 642 1252 τοῦ
680 1197 1030 1270 σεμνύνεσθαι
1087 1195 1451 1272 ὑψηλότερον,
1487 1198 1572 1252 καὶ
1628 1200 1724 1250 τοῦ
1765 1194 1940 1273 ἐκφω-

282 1288 514 1354 νεῖσθαι,
545 1284 634 1342 καί
662 1290 760 1341 τοῦ
792 1283 1111 1344 ἐννοεῖσθαι.

2050 1202 2297 1270 Superat
2340 1199 2496 1254 cnim
2543 1215 2716 1255 omne
2748 1197 2991 1253 verbum
3025 1200 3082 1252 et
3110 1194 3492 1262 intellectum,
3526 1191 3609 1248 ita
3637 1197 3703 1248 ut

2049 1303 2154 1342 nec
2189 1291 2382 1343 mente
2432 1287 2672 1359 percipi,
2707 1302 2812 1341 nec
2843 1285 3036 1341 verbis
3084 1282 3360 1357 explicari
3405 1282 3611 1354 possit,
3645 1285 3704 1337 et

285 1377 524 1434 silentio
555 1378 743 1450 magis
774 1376 1071 1448 honorari,
1103 1393 1279 1450 quam
1315 1377 1663 1434 venerandis
1693 1376 1935 1433 vocibus
1973 1377 2276 1449 praedicari
2316 1377 2542 1433 debeat.
2576 1374 2964 1432 Excellentior
2993 1374 3151 1431 enim
3183 1378 3269 1430 est
3297 1371 3456 1428 omni
3489 1370 3703 1444 praedi-

280 1467 537 1536 catione,
568 1466 896 1524 elocutione
927 1472 985 1523 et
1015 1467 1350 1524 intellectus
1381 1467 1920 1540 comprehensione.

278 1556 356 1614 At
460 1551 643 1631 ἴυγγες
745 1553 1080 1628 νοούμεναι,
1157 1553 1420 1630 πατρόθεν
1517 1555 1779 1645 νοὲουσι;
1853 1553 1942 1608 καὶ

1715 1646 1870 1682 αυται

281 1692 519 1752 Βουλῶν
553 1696 862 1775 ἀφθέγκτων
896 1697 1214 1772 κινούμεναι
1248 1698 1388 1755 ὥστε
1415 1705 1629 1769 νοῆσαι.
1693 1629 1711 1700 [

360 1805 426 1859 Δὶ
459 1805 643 1881 ἴυγγες
673 1808 790 1880 (21)
821 1803 1084 1879 δυνάμεις
1143 1805 1244 1861 εἰσί
1301 1827 1443 1869 τινες
1504 1805 1638 1880 μετὰ
1692 1806 1782 1861 τὸν
1829 1805 1940 1862 Ha-

279 1895 471 1969 τρικὸν
527 1895 688 1969 βυθὸν
748 1895 808 1949 ἐκ
875 1899 1042 1970 τριῶν
1118 1893 1354 1971 τριάδων
1433 1895 1820 1972 συγ-κείμεναι·
1881 1894 1941 1955 ἃς

2051 1556 2252 1624 Junges
2282 1555 2592 1620 intellectae,
2625 1571 2663 1610 a
2691 1559 2850 1625 patre
2876 1553 3243 1622 intelligunt:
3274 1555 3328 1607 et
3355 1551 3437 1606 Iw

2053 1620 2421 1683 ConIsiliorum
2474 1627 2626 1682 nihil
2679 1620 3002 1682 sonantium
3048 1620 3340 1681 moventur
3383 1620 3701 1764 utIintilti-

3474 1711 3582 1764 gan
3613 1735 3628 1749 .

3474 1711 3628 1765 9am.

2121 1805 2346 1879 Junges
2390 1809 2532 1862 sunt
2581 1805 2857 1879 potentia:
2907 1805 3177 1878 quaedam
3237 1801 3516 1876 proxima
3570 1804 3704 1873 post

2051 1894 2297 1951 fundum
2325 1900 2635 1968 paternum
2660 1911 2690 1950 e
2720 1895 2910 1951 tribus
2932 1893 3298 1950 trinitatibus
3320 1891 3658 1964 composita:
3686 1908 3699 1947 :

280 1988 492 2039 νοεῖται
549 1985 685 2039 κατὰ
735 1985 826 2040 τὸν
887 1987 1156 2059 ΙΙατρικὸν
1212 1990 1332 2040 νοῦν
1392 1987 1481 2041 τὸν
1513 1988 1611 2055 τήν
1642 1985 1815 2040 αἰτίαν
1846 1985 1931 2040 αὐ-

2049 2002 2196 2056 quas
2227 1985 2553 2058 intelligere
2605 1985 2686 2040 ait
2736 1999 2840 2054 per
2888 1992 3191 2056 paternam
3241 1987 3520 2052 mentem,
3571 1997 3699 2053 quas

281 2073 396 2128 τῶν
457 2069 701 2136 ἓνοιιδῶς
771 2074 821 2128 ἐν
877 2075 1051 2146 ἑαυτῷ
1107 2074 1578 2151 προστησάμενον.
1615 2077 1676 2132 Αἱ
1728 2072 1785 2130 δὲ
1820 2075 1942 2150 βου-

286 2160 383 2217 λαὶ
422 2166 518 2216 τοῦ
552 2163 761 2237 [πατρὸς
791 2161 881 2218 διὰ
899 2165 1000 2234 τὴν
1031 2165 1231 2234 νοητὴν
1269 2161 1579 2241 ὑπερϐολήν
1633 2166 1938 2242 ἄφθεγκτοι.

288 2252 376 2308 Τά
402 2247 459 2306 δὲ
486 2255 594 2306 τῶν
629 2251 973 2326 ἐξῃρημένων
1026 2255 1343 2326 συνθήματα
1397 2255 1556 2330 νοερά
1601 2254 1696 2308 κᾶν
1748 2262 1938 2323 νοῆται

282 2339 394 2395 ὑπὸ
451 2344 559 2396 τῶν
621 2338 910 2416 δευτέρων,
971 2343 1046 2404 ὡς
1107 2341 1379 2420 ἅφθεγκτα
1433 2349 1660 2412 νοεῖται,
1720 2343 1810 2398 καὶ
1864 2343 1938 2398 ὡς

273 2427 584 2503 ἐξῃρημένα
637 2434 746 2484 τῶν
796 2434 1010 2501 νοητῶν
1077 2429 1353 2504 προόδων.
1412 2433 1500 2494 Ὠς
1556 2432 1660 2508 γὰρ
1718 2433 1771 2486 αἱ
1829 2437 1937 2486 τῶν

272 2521 473 2594 ψυχῶν
532 2521 750 2591 νοήσεις
805 2517 902 2574 κᾶν
959 2524 1125 2575 νοῶσι
1175 2521 1272 2583 τὰς
1347 2521 1537 2597 νοερᾶς
1611 2522 1804 2591 τάξεις,
1865 2522 1938 2583 ὡς

275 2603 655 2679 ἀμεταϐάτους
685 2612 920 2681 νοοῦσιν,
955 2608 1099 2664 οὕτω
1151 2606 1240 2664 καί
1275 2611 1329 2664 αἱ
1378 2614 1484 2665 τῶν
1542 2615 1746 2685 νοερῶν
1795 2607 1935 2686 ἒνὲρο

271 2715 422 2771 γιιαι
477 2695 545 2752 τὰ
599 2699 761 2772 νοερὰ
835 2698 1153 2770 συνθήματα
1219 2702 1462 2770 νοοῦσαι,
1516 2698 1591 2762 ὡς
1666 2698 1937 2776 ἄφθεγκτα

271 2786 494 2839 νοοῦσιν
525 2782 580 2840 ἐν
614 2784 902 2860 ὓπάρξεσιν
937 2785 1274 2864 ὁφεστηκότα
1295 2786 1615 2862 ἀγνώστοις.

2051 2091 2290 2131 causam
2333 2075 2572 2130 illarum
2605 2074 2664 2130 in
2691 2073 2938 2129 unitatis
2978 2073 3164 2129 forma
3202 2071 3315 2128 sibi
3346 2072 3459 2144 ipsi
3491 2087 3702 2143 reprae-

2051 2169 2340 2220 sentatam
2371 2164 2624 2220 exhibet.
2657 2162 2915 2220 Consilia
2960 2167 3157 2219 autem
3205 2162 3395 2218 Patris
3424 2161 3496 2217 ob
3527 2159 3699 2216 intel-

2050 2252 2334 2324 ligibilem
2365 2252 2772 2309 excellentiam
2807 2252 3035 2309 nullum
3059 2267 3270 2308 sonum
3289 2252 3493 2308 edunt.
3519 2248 3700 2321 Atqui

2050 2344 2479 2399 abstractarum
2513 2359 2709 2398 rerum
2743 2347 2890 2399 notas
2934 2347 2991 2396 et
3025 2341 3196 2413 signa
3224 2339 3521 2396 intellectu
3554 2355 3700 2411 prae-

2049 2433 2171 2493 dita
2219 2433 2449 2488 etiamsi
2479 2450 2512 2487 a
2555 2433 2832 2488 secundis
2879 2432 2999 2487 sive
3048 2429 3425 2486 inferioribus
3479 2428 3704 2484 intelli-

2049 2527 2289 2594 guntur,
2321 2538 2389 2577 ea
2440 2526 2637 2577 tamen
2685 2525 2970 2593 tanquam
3023 2519 3171 2574 nihil
3205 2518 3480 2575 sonantia
3525 2523 3583 2574 et
3631 2518 3703 2573 ab

2048 2611 2208 2665 omni
2261 2609 2619 2682 intelligibili
2663 2626 2914 2665 excursu
2948 2613 3222 2681 separata
3272 2606 3704 2680 intelliguntur.

2052 2698 2126 2755 Ut
2157 2700 2313 2755 enim
2359 2715 2627 2755 amarum
2659 2698 3067 2771 intelligentiae
3101 2697 3236 2753 licet
3265 2697 3502 2753 ordines
3532 2695 3707 2752 intel-

2050 2789 2204 2845 lectu
2237 2789 2514 2862 praeditos
2547 2788 2908 2860 intelligunt,
2931 2804 3028 2844 eos
3051 2793 3246 2844 tamen
3279 2792 3343 2842 ut
3375 2784 3707 2842 immobiles

275 2873 623 2948 intelligunt
656 2891 670 2930 :
705 2877 790 2932 sic
821 2876 998 2932 etiam
1052 2875 1544 2933 intellectualium
1589 2877 1957 2950 operationes
1995 2876 2260 2950 symbola
2292 2877 2627 2935 intellectus
2658 2877 2892 2951 capacia
2939 2875 3353 2950 intelligentes,
3385 2891 3454 2931 ea
3480 2875 3706 2946 absque

281 2964 420 3020 soni
449 2965 766 3022 emissione
796 2965 1163 3039 intelligunt,
1195 2967 1254 3022 in
1287 2966 1643 3024 substantiis
1671 2966 1986 3041 incognitis
2017 2967 2424 3024 subsistentia.

1524 3113 1828 3170 JOANNIS
1867 3113 2184 3170 OPSOPEI
2225 3077 2454 3172 Nom.

353 3233 466 3306 (21)
499 3233 568 3310 at
601 3229 806 3310 ἴυγγες.
839 3233 1363 3310 BetinuiGrzecam
1397 3237 1710 3294 dictionem
1743 3241 1937 3308 iunges

275 3305 340 3361 in
373 3305 852 3384 versione,:quod
885 3323 954 3384 ea
984 3308 1192 3365 Latius
1237 3314 1407 3382 poeta
1436 3311 1590 3382 apud
1621 3305 1933 3384 Apuleium

274 3394 428 3435 usus
458 3378 546 3434 sit.
567 3378 630 3434 in
661 3378 756 3434 his
787 3379 1054 3435 versibus
1086 3395 1101 3436 :

419 3450 642 3507 Philtra
660 3453 858 3524 omnia
886 3452 1130 3524 undique
1157 3462 1364 3510 eruunt
1391 3471 1410 3509 :

418 3523 737 3595 dntipathes
763 3523 904 3577 illud
937 3523 1240 3595 quaeritur,

422 3593 682 3664 Trochili,
715 3596 929 3666 iunges,
946 3593 1152 3652 taenia

2190 3241 2485 3307 Radiculz,
2521 3239 2723 3306 herbas,
2758 3237 2992 3304 surculi,
3025 3239 3135 3292 etc.

2045 3313 2313 3368 Nominis
2366 3304 2651 3368 rationem
2710 3304 2768 3367 et
2823 3310 3314 3382 significationem
3363 3304 3492 3382 vide
3541 3305 3697 3382 apud

2045 3385 2281 3439 Pindari
2321 3390 2380 3439 et
2427 3383 2715 3439 Theocriti
2758 3377 3129 3445 scho'liastas,
3162 3379 3404 3435 Suidam
3454 3377 3593 3445 item
3641 3381 3701 3432 et

2044 3456 2439 3527 Nicephorum
2472 3457 2543 3510 ad
2577 3456 2700 3510 hanc
2732 3455 2959 3527 Synesii
2989 3443 3166 3509 verba
3201 3449 3254 3505 αἱ
3291 3448 3478 3523 μάγων
3515 3443 3696 3526 ἴυγγες

2043 3526 2220 3597 αὗται,
2255 3545 2384 3599 pag.
2411 3528 2503 3582 96.

1322 3937 1573 4035 ΤΟΥ
1649 3937 2069 4035 ΑΥΤΟΥ
2143 3937 2654 4035 ΨΕΛΛΟΥ

657 4137 951 4194 ΕΚΘΕΣΙΣ
994 4138 1443 4197 ΚΕΦΛΔΙΩΔΗΣ
1485 4141 1611 4195 ΚΑΙ
1652 4138 2019 4196 ΣΥΝΤΟΜΟΣ
2061 4139 2204 4196 ΤΩΝ
2245 4141 2436 4196 ΠΑΡΑ
2476 4139 2864 4196 ΧΑΛΔΑΙΟΙΣ
2909 4135 3306 4194 ΔΟΓΜΑΤΩΝ.

1447 4434 2012 4530 EJUSDEM
2079 4433 2520 4528 PSELLI

715 4643 1126 4706 SUMMARM
1181 4648 1273 4706 Εἰ*
1319 4646 1603 4706 BREVIS
1652 4645 2096 4707 DOGMATUM
2142 4643 2760 4706 CHALDAICORUM
2807 4643 3252 4704 EXPOSITIO.

347 4938 518 4997 Ἐπτά
596 4961 722 5016 φασι
791 4939 1136 5013 σωματικοὺς
1203 4941 1465 5015 κόσμους,
1520 4941 1784 5015 ἐμπόριον
1838 4938 1931 4997 ἕνα

2117 4941 2369 4998 Chaldaei
2419 4943 2691 4998 statuunt
2753 4944 2977 5012 septem
3047 4939 3300 4994 mundos
3367 4952 3696 5008 corporeos,

269 5031 367 5088 καὶ
426 5033 666 5104 πρῶτον,
695 5028 784 5083 καὶ
843 5035 990 5104 τρεῖς
1049 5031 1164 5102 μετ’
1196 5029 1354 5085 αὐτὸν
1406 5029 1699 5102 αἰθερίους,
1747 5028 1931 5085 ἔπειτα

264 5123 419 5198 τρεῖς
479 5117 736 5180 ὑλαίουςο
799 5117 872 5171 ὧν
934 5119 962 5172 6
1012 5112 1243 5194 ἔσχατος
1300 5121 1526 5194 χθόνιος
1583 5117 1789 5195 εἷ’ρηται
1838 5120 1926 5173 καὶ

267 5209 573 5284 μισοφαὴς,
605 5206 663 5269 ὅς
727 5205 870 5262 ἐστιν
905 5207 932 5260 6
983 5206 1086 5261 ὑπὸ
1147 5207 1385 5279 σελήνην
1444 5209 1632 5276 τόπος,
1667 5206 1810 5284 ἔχων
1876 5208 1926 5263 ἐν

262 5302 446 5370 δαυτῷ
498 5297 585 5351 καὶ
643 5296 742 5364 τήν
795 5295 934 5365 ὕλην
987 5295 1045 5349 ὃν
1097 5296 1327 5352 καλοῦσι
1366 5298 1546 5372 βυθόν.
1578 5298 1716 5352 Μίαν
1750 5299 1928 5373 ἀρχὴν

255 5394 377 5444 τῶν
405 5387 618 5442 πάντων
655 5383 964 5455 δοξάζουσι,
996 5385 1083 5439 καὶ
1119 5385 1174 5440 ἐν
1209 5386 1375 5455 αὐτὴν
1411 5388 1499 5442 καὶ
1551 5387 1748 5462 ἀγαθὸν
1801 5388 1931 5441 ἀπο-

259 5480 586 5555 γυμνοῦσιν.
646 5474 781 5530 Εἶτα
836 5472 1097 5549 πατρικόν
1155 5495 1278 5529 τινα
1319 5475 1482 5550 βυθὸν
1554 5470 1829 5547 σέϐονται,
1871 5475 1930 5530 ἐκ

260 5570 436 5642 τριῶν
485 5560 722 5642 τριάδων
784 5563 1160 5636 συγκείμενον.
1213 5565 1441 5635 Ἐκάστη
1495 5561 1552 5619 δὲ
1601 5565 1753 5640 τριὰς
1814 5563 1928 5641 ἔχει

268 5651 505 5728 πατέρα,
536 5650 788 5726 δύναμιν,
821 5651 911 5706 καὶ
967 5656 1110 5707 νοῦν.
1144 5653 1276 5708 Εἶτά
1321 5652 1462 5708 ἐστιν
1494 5657 1529 5724 ἡ
1561 5655 1732 5725 νοητὴ
1786 5652 1924 5729 ἴυγξ

277 5744 417 5819 μιτὰ
475 5740 533 5798 δὲ
589 5743 813 5813 ταύτην,
844 5742 897 5796 οἱ
957 5747 1231 5817 συνοχιῖς,
1271 5744 1300 5798 6
1350 5743 1638 5820 ἐμπύριος,
1698 5745 1727 5799 6
1783 5742 1927 5799 αἲθὲ-

2041 5033 2280 5104 igneum
2326 5047 2511 5086 unum
2543 5046 2798 5103 eumque
2845 5029 3128 5102 primum,
3179 5030 3314 5100 post
3361 5026 3519 5080 hunc
3576 5029 3698 5080 tres

2041 5121 2331 5189 aetherios,
2383 5119 2594 5175 deinde
2641 5123 2762 5176 tres
2810 5116 3145 5174 materiales
3178 5133 3192 5172 :
3227 5132 3258 5172 e
3287 5114 3508 5186 quibus
3557 5111 3693 5169 ulti-

2043 5228 2175 5267 mus
2227 5209 2520 5267 terrestris
2552 5209 2768 5264 dicitur
2798 5212 2856 5264 et
2886 5207 3036 5263 lucis
3077 5222 3232 5275 osor,
3264 5203 3366 5275 qui
3409 5203 3573 5258 locus
3602 5207 3694 5258 est

2040 5301 2244 5356 subter
2265 5299 2488 5366 lunam,
2512 5298 2568 5353 in
2593 5313 2721 5353 sese
2741 5299 2918 5352 etiam
2943 5295 3251 5351 materiam
3273 5291 3694 5363 complectens,

2041 5403 2217 5460 quem
2250 5389 2500 5442 fundum
2535 5386 2863 5443 nominant.
2889 5385 3141 5442 Unicum
3169 5382 3537 5438 arbitrantur
3565 5395 3694 5436 esse

2039 5492 2234 5533 rerum
2254 5477 2518 5533 omnium
2544 5475 2922 5549 principium,
2940 5475 3115 5547 idque
3136 5473 3489 5545 profitentur
3506 5483 3691 5526 unum

2038 5583 2168 5624 esse
2199 5571 2256 5623 et
2285 5567 2528 5624 bonum.
2567 5567 2782 5622 Deinde
2813 5564 3014 5620 colunt
3048 5568 3360 5635 paternum
3392 5560 3690 5632 quoddam

2037 5657 2286 5713 fundum
2317 5673 2386 5713 ex
2419 5656 2606 5713 tribus
2655 5653 3022 5712 trinitatibus
3073 5651 3487 5726 compositum.
3520 5651 3689 5716 Qua-

2037 5745 2180 5802 libet
2211 5750 2412 5803 autem
2462 5746 2693 5804 trinitas
2745 5745 2937 5802 habet
2973 5749 3222 5817 patrem,
3255 5739 3600 5814 potentiam,
3633 5741 3690 5797 et
