4056 6346
280 316 287 322 ’
383 349 524 411 ιιδι

1708 349 2137 413 MICHAELIS
2182 350 2454 414 PSELLI

3634 311 3811 413 usa

378 485 658 537 mentem.
694 486 902 539 Postea
932 483 1199 555 sequitur
1233 484 1383 555 junx
1423 487 1621 540 mente
1652 483 2033 556 comprehen-

2153 502 2291 557 ριος,
2332 483 2422 538 καὶ
2456 484 2484 538 ὁ
2519 481 2729 546 ὑλαῖος.
2763 485 2911 540 Μετὰ
2940 480 2997 539 δὲ
3043 480 3173 547 τοὺς
3213 486 3487 558 συνοχῆς,
3518 483 3569 537 οἳ
3605 481 3809 537 τιλιτ-

379 572 593 628 sibilis.
637 572 783 627 Huic
832 574 1083 645 proximi
1141 579 1281 628 sunt
1338 575 1693 630 mundorum
1756 578 2031 638 rectores,

383 661 615 733 igneus,
647 661 942 727 etherius,
975 669 1032 716 et
1071 662 1418 719 materialis.
1452 664 1593 719 Post
1642 668 1896 718 rectores
1925 678 2034 716 caa-

378 750 776 805 remoniarum
824 750 1140 822 principes.
1175 752 1277 807 His
1327 754 1656 808 succedunt
1685 750 2032 824 perennium

381 840 633 894 fontium
685 844 903 910 patres.
939 841 1034 911 qui
1072 845 1128 895 et
1159 843 1365 896 mundi
1399 844 1671 897 ductores
1723 841 2032 896 nominan-

380 932 495 996 tur,
520 945 769 1000 quorum
805 930 1034 996 primus
1075 930 1256 986 semel
1304 947 1483 1001 supra
1515 932 1706 986 dictus
1738 935 1828 985 est
1858 945 1870 982 :
1902 934 2035 1000 post

380 1032 555 1089 quem
609 1018 841 1082 Hecate,
879 1019 1090 1074 deinde
1135 1022 1185 1073 is
1218 1036 1391 1090 quem
1434 1021 1526 1075 bis
1555 1037 1735 1091 supra
1767 1017 2034 1073 nomina-

380 1106 576 1161 vimus
611 1124 623 1161 :
660 1106 730 1161 ab
765 1109 869 1163 hoc
901 1113 1039 1162 sunt
1081 1114 1199 1162 tres
1230 1108 1653 1181 implacabiles,
1683 1115 1739 1163 et
1768 1108 2031 1162 omnium

381 1194 630 1251 ultimus
679 1197 1029 1252 succinctor.
1080 1197 1448 1253 Venerantur
1499 1199 1672 1253 etiam
1735 1198 2030 1251 fontanam

380 1284 706 1341 trinitatem
760 1286 918 1353 ﬁdei,
948 1287 1211 1341 veritatis
1250 1293 1306 1342 et
1344 1288 1583 1341 amoris.
1615 1288 1848 1342 Ponunt
1895 1288 2032 1341 item

382 1372 567 1429 solem
620 1375 1059 1446 imperatorem,
1093 1382 1149 1429 et
1179 1393 1211 1430 a
1243 1378 1400 1431 fonte
1450 1376 1738 1430 materiali
1789 1375 2037 1430 archan-

382 1464 658 1589 gelicum,
720 1464 1016 1520 sensionis
1073 1466 1314 1533 fontem,
1364 1467 1669 1521 fontanum
1718 1465 2034 1536 judicium,

410 1551 730 1589 nlminnnm
768 1553 983 1589 Pnnfnm
1042 1554 1413 1589 unonnlnnnm
1470 1554 1681 1589 funium
1741 1553 2034 1589 ηι-ονιοηια-

410 1551 731 1608 ulmineum
767 1553 1009 1622 fontem,
1042 1554 1415 1624 speculorum
1469 1554 1705 1617 fontem,
1741 1553 2036 1609 characte-

382 1657 517 1697 rum
550 1642 769 1697 fontem
818 1642 1134 1714 incognitis
1169 1643 1351 1713 signis
1383 1648 1440 1698 et
1472 1643 1753 1715 symbolis
1803 1643 2035 1696 inrum-

380 1730 643 1799 bentem,
675 1735 730 1784 et
763 1730 1133 1786 summitates
1182 1732 1475 1799 fontanas,
1497 1731 1818 1803 Apollinis,
1852 1731 2033 1785 Osiri-

2141 570 2356 646 ἀρχαι·
2422 572 2558 645 μετὰ
2609 571 2665 628 δὲ
2724 574 2974 642 τούτους,
3035 574 3088 627 οἱ
3144 578 3373 648 πηγαῖοι
3435 572 3689 646 πατέρες,
3755 572 3812 624 οἱ

2140 660 2473 733 καλούμενοι
2531 664 2618 717 xui
2661 662 3052 737 κοσμαγωγοί·
3092 663 3165 716 ὧν
3225 664 3252 716 ὁ
3310 665 3526 737 πρῶτος
3582 662 3611 715 ὁ
3660 660 3810 729 ἅπαξ

2142 748 2386 804 ἐπέκεινα
2442 749 2754 825 λεγόμενος·
2824 754 2941 824 μεθ’
3000 752 3058 806 ὃν
3116 754 3151 821 ἡ
3211 749 3433 820 Ἑκάτη,
3467 751 3577 804 εἶτα
3629 749 3657 802 ὁ
3720 746 3812 809 δὶς

2142 838 2425 894 ἐπέκεινα·
2466 842 2582 914 μεθ’
2613 842 2669 895 ὃν
2728 846 2873 916 τρεῖς
2927 839 3277 913 ἀμείλικτον
3338 840 3429 895 xui
3483 836 3812 899 τελευταῖος

2144 928 2170 982 ὁ
2228 930 2527 998 ὑπεζωκός.
2589 925 2849 985 Σὲϐονται
2903 928 2962 985 δὲ
3018 929 3106 985 καὶ
3166 929 3401 1006 πηγαίαν
3452 926 3649 1003 τριάδα
3708 925 3810 981 πί-

2141 1038 2308 1079 στεως
2356 1018 2445 1072 καὶ
2495 1017 2753 1088 ἀληθείας
2796 1018 2884 1073 xui
2934 1016 3323 1095 ἕρωτος,Φασὶ
3373 1015 3431 1072 δὲ
3484 1017 3574 1071 xui
3632 1016 3809 1092 ἀρχι-

2144 1108 2235 1161 κὸν
2266 1104 2452 1174 ἥλιον,
2484 1106 2590 1162 ἀπὸ
2620 1114 2720 1177 τῆς
2755 1106 2947 1177 ὑλικῆς
3002 1114 3185 1183 πηγῆς
3234 1105 3326 1162 xui
3367 1104 3808 1181 ἆργαγγελικὸν,

2142 1196 2233 1250 καὶ
2292 1198 2475 1273 πηγὴν
2531 1195 2855 1267 αἰσθήσεως,
2887 1198 2977 1251 καὶ
3034 1196 3277 1272 πηγαίαν
3337 1195 3536 1271 κρίσιν,
3578 1194 3668 1249 καὶ
3719 1213 3810 1248 κι-

2146 1285 2357 1360 ραύνιον
2418 1287 2624 1361 πηγὴν,
2658 1286 2748 1340 xui
2807 1287 2987 1362 πηγὴν
3047 1284 3318 1360 διοπτρῶν
3370 1285 3459 1339 καὶ
3515 1284 3807 1360 χαρακτή·

2146 1392 2252 1447 ρων
2315 1375 2499 1449 πηγὴν
2562 1369 2981 1449 ἐπιϐατεύουσαν
3052 1380 3168 1437 τοῖς
3242 1374 3539 1449 ἀγνώστοις
3601 1374 3809 1441 συνθή-

2150 1483 2327 1535 μασι·
2408 1464 2497 1517 καὶ
2615 1463 2855 1540 πηγαίας
2955 1464 3257 1540 ἀκρότητας
3302 1506 3316 1533 ,
3390 1461 3755 1523 ’Λπόλλωνος
3792 1503 3811 1533 ,

2150 1548 2437 1626 Ὀσίριδος,
2501 1553 2725 1625 Ἑρμοῦ.
2784 1551 3000 1614 Ὑλικὰς
3067 1550 3125 1609 δὲ
3197 1553 3375 1627 πηγάς
3442 1572 3623 1627 φασιν,
3676 1550 3809 1605 xiv-

2146 1660 2291 1712 τρων
2352 1642 2442 1695 καὶ
2506 1642 2817 1716 στοιχείων,
2878 1644 2967 1697 καὶ
3025 1641 3246 1717 ὀνείρων
3292 1642 3489 1711 ζώνην,
3541 1639 3630 1694 καὶ
3684 1660 3807 1709 πη-

2146 1733 2305 1803 γαῖαν
2367 1731 2575 1804 ψυχήν.
2632 1730 2776 1785 Μετὰ
2837 1727 2894 1785 δὲ
2952 1731 3047 1793 τὰς
3098 1732 3280 1806 πηγὰς
3355 1730 3604 1804 λέγουσιν
3666 1729 3809 1783 εἶναι

386 1819 499 1884 dis,
535 1819 825 1882 Mercurii,
859 1820 1187 1875 Materialcs
1236 1838 1370 1876 vero
1419 1823 1609 1876 fontes
1658 1822 1862 1875 dicunt
1908 1836 2037 1875 esse

2153 1817 2343 1892 ἀρχάς.
2376 1819 2447 1873 Ai
2476 1819 2575 1893 γὰρ
2606 1818 2782 1893 πηγαὶ
2834 1820 3203 1896 ἆρχικώτεραι
3259 1823 3367 1874 τῶν
3412 1819 3601 1894 ἀρχῶν
3624 1838 3639 1853 ο
3684 1822 3804 1872 τῶν

386 1914 746 1975 centrorum,
790 1910 1217 1964 elementorum
1280 1915 1337 1965 et
1392 1910 1756 1965 somniorum
1808 1925 2035 1965 zonam.

389 1998 535 2053 Item
560 1998 819 2052 animam
845 1999 1175 2054 fontanam.
1198 2000 1475 2054 Fontibus
1498 2000 1863 2069 subjungunt
1887 1998 2041 2069 prin-

385 2087 537 2157 cipia
572 2103 583 2142 :
616 2089 769 2156 quod
806 2087 1112 2159 principiis
1155 2089 1485 2159 superiores
1518 2092 1576 2141 et
1605 2086 2040 2142 excellentiores

386 2176 506 2233 sint
562 2177 775 2232 fontes.
828 2176 1263 2248 Principiorum
1320 2180 1542 2231 autem!
1573 2176 1849 2231 animalia
1906 2192 2041 2247 pro-

386 2265 715 2321 creantium
766 2266 1083 2320 summitas
1130 2270 1375 2320 vocatur
1412 2265 1621 2320 Hecate
1669 2281 1683 2320 :
1736 2264 2039 2332 medietas,

388 2355 587 2410 anima
638 2354 974 2409 inchoativa
1011 2370 1024 2409 :
1068 2355 1429 2421 extremitas,
1461 2354 1649 2409 virtus
1692 2353 2039 2409 inchoativa.

391 2444 541 2499 Sunt
572 2443 725 2514 apud
760 2442 893 2498 illos
925 2460 1155 2514 quoque
1203 2444 1426 2499 Hecataa
1458 2440 1677 2510 ἄζωνοι,
1711 2460 1838 2513 quae
1869 2460 2045 2498 zonas

391 2550 505 2588 non
531 2532 772 2598 habent,
789 2536 854 2586 ut
874 2531 1189 2587 Chaldaica
1208 2528 1533 2605 τριεκδότις,
1553 2530 1832 2602 κωμάς,οΐ
1856 2528 2047 2585 ἐκκλυ-

388 2621 569 2689 anxii.
604 2621 692 2676 Dii
743 2626 940 2676 autem
994 2617 1193 2688 ἄζωνοι
1226 2622 1346 2676 illis
1395 2622 1677 2677 dicuntur
1723 2622 1961 2693 Sarapis
1991 2626 2048 2677 et

389 2709 682 2781 Dionysus
723 2710 843 2764 sive
886 2710 1150 2765 Bacchus
1177 2726 1189 2763 :
1219 2710 1468 2765 Osiridis
1514 2711 1655 2765 item
1690 2710 1842 2782 σειρά
1872 2712 2049 2783 (quasi

388 2798 457 2854 ad
485 2801 783 2869 geniorum
832 2801 1005 2854 series
1044 2801 1246 2853 catenae
1276 2815 1425 2853 more
1454 2802 1716 2865 connexa)
1748 2806 1805 2854 et
1835 2799 2048 2870 Apolli-

390 2888 482 2942 nis
515 2888 888 2958 appellantur
930 2884 1129 2953 ἅζωνοι
1164 2887 1241 2941 dii
1276 2887 1431 2957 quod
1464 2887 1729 2958 expedite
1758 2892 2050 2959 potestate

394 2993 503 3031 sua
534 2977 592 3031 in
625 2977 788 3032 zonis
819 2981 1091 3042 utuntur,
1115 2980 1173 3031 et
1196 2992 1375 3046 supra
1397 2976 1538 3031 deos
1561 2977 1912 3046 conspicuos
1942 2977 2052 3031 col-

399 3064 574 3119 locati
605 3070 764 3120 sunt.
787 3068 1016 3117 Ζωναῖοι
1047 3070 1249 3119 contra
1271 3064 1371 3135 qui
1393 3081 1573 3120 zonas
1601 3065 1838 3131 habent,
1870 3065 2051 3121 libere

395 3153 550 3208 circa
583 3153 708 3207 cceli
758 3170 931 3209 zonas
981 3152 1292 3209 volvuntur
1322 3156 1378 3209 et
1409 3153 1776 3225 gubernandi
1825 3171 2045 3211 munus

392 3243 636 3309 obeunt,
670 3241 889 3297 habent
937 3241 1092 3296 enim
1126 3241 1379 3297 Chaldaei
1431 3243 1672 3297 deorum
1706 3259 1893 3314 genus
1938 3245 2041 3299 Zo-

394 3346 606 3395 nmum,
632 3330 785 3402 quod
836 3331 1132 3386 sensibilis
1163 3332 1368 3386 mundi
1404 3335 1599 3402 partes
1640 3332 1951 3403 inhabitat,
1985 3337 2044 3389 et

395 3420 664 3491 regiones
694 3420 847 3473 circa
878 3419 1241 3474 materialem
1286 3420 1479 3475 locum
1513 3425 1667 3476 sorte
1697 3421 2043 3477 distributas

392 3508 595 3578 cingit.
622 3512 761 3563 Post
782 3525 959 3563 zonas
988 3512 1078 3563 est
1112 3508 1366 3564 circulus
1394 3526 1505 3564 non
1536 3526 1739 3564 errans
1760 3527 1860 3565 seu
1894 3512 2043 3565 ﬁxus

389 3602 615 3669 septem
663 3598 835 3653 orbes
864 3597 1281 3668 complectens,
1316 3598 1373 3652 in
1409 3598 1626 3670 quibus
1659 3599 1837 3654 stella:
1882 3604 2041 3655 sunt.

392 3687 568 3742 Porro
600 3687 754 3742 alius
783 3686 902 3742 illis
934 3693 1023 3741 est
1054 3688 1316 3742 mundus
1348 3687 1577 3751 solaris,
1601 3689 1839 3744 zetherio
1864 3689 2044 3745 fundo

390 3777 796 3843 subserviens;
860 3775 1014 3830 alius
1061 3777 1324 3839 Zonaeus,
1375 3792 1531 3831 unus
1562 3792 1592 3831 e
1623 3782 1865 3848 septem.
1907 3777 2045 3832 Ani-

392 3881 623 3919 marum
676 3864 1075 3919 humanarum
1126 3864 1420 3935 duplicem
1474 3870 1700 3936 ponunt
1748 3882 1983 3922 causam
2016 3883 2047 3922 θ

390 3954 550 4009 fonte
608 3954 849 4025 perenni
919 3959 1414 4024 promanantem,
1473 3958 1779 4024 paternam
1842 3971 2048 4025 nempe

390 4047 670 4108 mentem,
704 4047 761 4096 et
808 4043 1073 4097 animam
1126 4043 1450 4096 fontanam.
1485 4042 1684 4097 Prodit
1730 4048 1948 4111 autem,
1984 4048 2047 4099 ut

392 4132 479 4187 illi
531 4131 766 4195 volunt,
820 4130 1193 4202 particularis
1251 4131 1449 4184 anima
1497 4148 1529 4185 a
1576 4132 1836 4197 fontana,
1877 4134 2047 4203 juxta

397 4221 588 4275 Patris
608 4220 969 4275 voluntatem
999 4235 1010 4274 :
1038 4224 1095 4273 et
1116 4218 1293 4273 habet
1323 4219 1637 4275 essentiam
1660 4237 1761 4291 per
1782 4237 1844 4276 se
1874 4238 2046 4293 gene-

394 4313 583 4363 ratam
633 4313 689 4362 et
722 4308 1066 4362 animatum.
1098 4306 1348 4361 Aliunde
1388 4307 1545 4361 enim
1595 4325 1710 4363 non
1760 4315 2044 4366 movetur.

393 4396 537 4451 Nam
589 4397 660 4464 si,
694 4400 757 4449 ut
788 4396 844 4448 in
880 4395 1116 4450 oraculo
1150 4396 1355 4461 fertur,
1388 4394 1538 4466 ignis
1567 4397 1743 4452 divini
1794 4416 1930 4470 pars
1959 4404 2051 4455 est

393 4490 451 4540 et
480 4485 637 4554 ignis
668 4484 923 4549 lucidus,
958 4490 1133 4554 atque
1164 4488 1420 4555 paternas
1460 4486 1676 4541 mentis
1705 4493 2042 4559 conceptus,

2149 1904 2206 1961 δὲ
2266 1907 2551 1982 ζωογόνων
2609 1909 2822 1983 ἀρχῶν,
2854 1911 2888 1978 ἡ
2953 1910 3047 1982 μὶν
3085 1908 3564 1981 ἀκρότης,Έκάτη
3614 1905 3807 1961 καλεῖ⁹

2146 2016 2255 2053 ται,
2284 1998 2354 2052 'H
2398 1994 2453 2051 δὲ
2506 1996 2760 2069 μεσότης,
2788 1999 2940 2071 ψυχή
2990 1997 3219 2073 ἀρχική.
3251 1999 3314 2054 Ἠ
3375 1994 3434 2051 δὶ
3468 1995 3803 2071 περάτωσις,

2149 2084 2313 2160 ἀρετὴ
2364 2085 2591 2160 ἀρχική.
2634 2085 2756 2142 Εἰσὶ
2809 2084 2866 2140 δὲ
2923 2088 3050 2163 παρ’
3078 2087 3264 2147 αὐτοῖς
3313 2085 3400 2140 καὶ
3451 2083 3645 2155 ἄζωνοι
3678 2086 3802 2157 (22)

2149 2175 2391 2239 Ἑκάται,
2424 2175 2497 2236 ὡς
2551 2177 2585 2243 ἡ
2627 2173 2925 2250 τριεκδότις
2975 2177 3009 2245 ἡ
3053 2172 3361 2245 Χαλδαϊκὴ,
3392 2174 3481 2230 xui
3511 2177 3547 2243 ἠ
3577 2175 3798 2246 κωμὰς,

2151 2264 2239 2318 xui
2298 2266 2333 2333 ἡ
2387 2262 2735 2333 ἐκκλυστική.
2789 2265 3075 2333 Ἀζωνικοὶ
3137 2261 3195 2318 δὲ
3238 2264 3366 2339 παρ’
3421 2262 3607 2324 αὐτοῖς
3661 2262 3803 2327 θεοὶ,

2154 2352 2181 2405 ὁ
2240 2352 2501 2425 Σάραπις,
2561 2352 2647 2406 καὶ
2721 2352 2749 2406 ὁ
2793 2352 3046 2413 Διόνυσος
3134 2352 3223 2406 καὶ
3283 2355 3317 2421 ἡ
3368 2357 3466 2406 τοῦ
3524 2346 3805 2423 Ὀσίριδος

2155 2440 2307 2514 σιιρὰ
2353 2442 2486 2512 (23),
2518 2444 2607 2494 xui
2666 2442 2700 2509 ὴ
2740 2445 2836 2494 τοῦ
2894 2437 3273 2503 ’Δπόλλωνος.
3307 2443 3541 2510 Ἀζωνοι
3595 2437 3653 2494 δὲ
3701 2460 3811 2493 xu-

2154 2527 2375 2584 λοῦνται
2409 2530 2460 2582 oi
2516 2527 2753 2590 εὐλύτως
2795 2528 3251 2600 ἐνεξουσιάζοντες
3299 2535 3417 2592 ταῖς
3468 2530 3663 2598 ζώναις
3712 2528 3813 2582 καὶ

2160 2616 2574 2692 ὑπεριδρυμένοι
2633 2623 2738 2672 τῶν
2799 2619 3050 2695 ἐμφανῶν
3117 2624 3270 2682 θεῶν.
3323 2624 3553 2673 Ζιυναῑοι
3616 2615 3692 2685 δὲ,
3750 2620 3809 2672 οἱ

2152 2708 2246 2769 τὰς
2297 2706 2347 2761 ἐν
2398 2707 2607 2782 οὐρανῷ
2659 2708 2829 2776 ζώνας
2871 2706 3159 2769 ἀπολότως
3217 2706 3666 2784 περιελίττοντες,
3712 2705 3810 2760 xui

2153 2796 2221 2851 τὰ
2254 2793 2386 2870 τῇδε
2420 2794 2770 2858 διοικοῦντες.
2802 2801 2954 2852 Θιῖον
3013 2796 3114 2872 γὰρ
3168 2797 3323 2872 γένος
3377 2796 3489 2851 ἐστὶ
3550 2800 3677 2869 παρ’
3705 2795 3808 2849 αὖ·

2155 2891 2271 2947 τοῖς
2332 2890 2584 2954 ζωναῖον,
2633 2884 2696 2939 τὸ
2749 2886 3208 2959 κατανειμάμενον
3257 2885 3354 2947 τὰς
3407 2888 3504 2939 τοῦ
3544 2883 3809 2953 αἴσθητοῦ

2156 2976 2366 3047 κόσμου
2403 2972 2640 3050 μερίδας,
2674 2973 2764 3029 καὶ
2815 2975 3128 3047 ζωσάμινον
3175 2974 3270 3037 τὰς
3320 2974 3444 3048 περὶ
3491 2974 3583 3028 τὸν
3614 2970 3803 3027 ὑλαῖον

2156 3066 2324 3119 τόπον
2376 3061 2795 3139 διακληρώσεις.
2856 3063 3009 3120 Μετὰ
3073 3061 3131 3118 δὲ
3186 3063 3281 3127 τὰς
3348 3061 3518 3133 ζώνας
3576 3060 3716 3116 ἐστὶν
3776 3062 3806 3115 ὁ

2160 3152 2408 3223 ἀπλανὴς
2471 3151 2693 3224 κύκλος,
2753 3154 3027 3228 περιέχων
3069 3152 3165 3215 τὰς
3236 3152 3371 3207 ἕπτᾶ
3444 3149 3694 3229 σφαίρας,
3752 3148 3807 3205 ἂν

2155 3246 2241 3305 αἶς
2288 3243 2354 3298 τὰ
2403 3241 2590 3318 ἄστρα.
2624 3242 2728 3298 Καὶ
2780 3240 2951 3303 ἄλλος
2996 3243 3090 3313 μὲν
3133 3242 3259 3317 παρ’
3294 3240 3478 3303 αὐτοῖς
3520 3242 3549 3295 ὁ
3579 3238 3811 3309 ἡλιακὸς

2148 3332 2356 3405 κόσμος
2407 3336 2486 3403 τῷ
2530 3331 2756 3407 αἲθερίῳ
2809 3329 2956 3406 βάθει
2988 3327 3285 3385 δουλεύωνο
3336 3328 3507 3392 ἄλλος
3553 3326 3612 3384 δὲ
3640 3330 3670 3383 ὁ
3702 3333 3808 3396 ζω-

2151 3423 2426 3487 ναῖος,εἷς
2477 3418 2549 3474 ὣν
2589 3424 2698 3474 τῶν
2731 3420 2885 3473 ἑπτά.
2927 3422 3046 3473 Τῶν
3097 3415 3155 3473 δὲ
3203 3416 3557 3494 ἀνθρωπίνων
3608 3420 3808 3491 ψυχῶν

2153 3508 2298 3566 αἶίτια
2349 3507 2504 3564 διττά
2548 3513 2761 3583 πηγαῖα
2805 3506 3072 3571 τίθενται’
3104 3506 3198 3562 τόν
3246 3528 3305 3562 τε
3350 3507 3613 3580 πατρικὸν
3656 3510 3808 3569 νοῦν,

2152 3598 2243 3654 xui
2286 3600 2385 3667 τήν
2440 3597 2675 3672 πηγαίαν
2707 3597 2916 3671 ψυχήν.
2949 3596 3048 3651 Kui
3091 3597 3422 3671 προέρχεται
3476 3595 3571 3667 μὶν
3624 3593 3810 3654 αὐτοῖς

2153 3691 2188 3757 ἡ
2226 3688 2421 3763 μερικὴ
2490 3686 2597 3740 ἀπὸ
2641 3692 2741 3754 τῆς
2795 3684 3035 3760 πηγαίας
3082 3685 3221 3739 κατὰ
3262 3682 3526 3761 βούλησιν
3557 3687 3653 3738 τοῦ
3708 3704 3809 3737 πα-

2152 3778 2280 3850 τρός
2313 3796 2327 3810 ο
2362 3771 2478 3851 ἔχει
2531 3772 2587 3829 δὶ
2641 3776 2729 3829 xui
2775 3774 3064 3849 αὐτόγονον
3123 3774 3310 3829 ουσίαν
3358 3773 3449 3828 καὶ
3504 3771 3806 3840 αὐτόζωον.

2156 3866 2232 3924 Οὐ
2264 3867 2364 3941 γάρ
2419 3865 2558 3919 ἐστιν
2590 3865 2667 3925 ὡς
2711 3864 3107 3938 ὲτεροκίνητος.
3159 3862 3222 3917 Ei
3262 3862 3366 3938 γὰρ
3418 3864 3553 3916 κατὰ
3598 3862 3661 3916 τὸ
3717 3860 3809 3915 λό-

2156 3976 2274 4031 γιον
2308 3959 2473 4029 μοῖρα
2501 3957 2597 4007 τοῦ
2627 3953 2796 4027 πυρός
2827 3952 2936 4008 ἐστι
2966 3957 3064 4008 τοῦ
3095 3952 3238 4016 θείου
3294 3953 3384 4007 καὶ
3433 3956 3539 4025 πῦρ
3596 3950 3809 4028 φαεινὸν

2155 4044 2245 4099 xui
2294 4044 2472 4115 νόημα
2508 4041 2790 4115 πατρικὸν,
2833 4038 2975 4103 εἶδός
3026 4039 3167 4095 ἐστιν
3209 4037 3374 4095 ἅϋλον
3419 4039 3509 4095 καὶ
3567 4037 3808 4102 αὖθυπό-

2158 4152 2368 4187 στατον.
2411 4134 2670 4187 Τοιοῦτον
2700 4129 2800 4206 γὰρ
2831 4134 2933 4183 πᾶν
2973 4128 3035 4184 τὸ
3067 4133 3234 4196 θεῖον,
3260 4128 3324 4183 οὗ
3358 4129 3520 4203 μέρος
3547 4130 3581 4196 ἡ
3613 4128 3768 4201 ψυχή
3794 4144 3808 4159 ο

2156 4222 2246 4275 καὶ
2298 4221 2476 4275 πάντα
2524 4218 2680 4296 φασὶν
2742 4218 2875 4272 εἶναι
2925 4216 2976 4272 ἐν
3035 4217 3231 4290 ἑκάστῃ
3286 4216 3460 4292 ψυχῇ.
3511 4217 3637 4270 Καθ’
3691 4216 3811 4269 ἑκά-

2159 4331 2290 4379 στην
2351 4306 2409 4363 δὲ
2467 4305 2718 4377 ἰδιότητα
2774 4305 3046 4381 ἄγνωστον
3117 4305 3288 4380 ῥητοῦ
3342 4305 3432 4359 xui
3490 4301 3809 4379 ἀπορρήτου

2158 4400 2521 4470 συνθήματος·
2555 4397 2646 4451 xui
2696 4390 3119 4450 καταϐιϐάσουσι
3178 4391 3235 4449 δὲ
3282 4395 3381 4463 τὴν
3436 4393 3622 4467 ψυχὴν
3672 4389 3812 4445 πολ-

2157 4485 2312 4549 λάκις
2346 4487 2400 4541 ἐν
2431 4487 2510 4558 τῷ
2537 4486 2730 4558 κόσμῳ
2762 4482 2831 4539 δι’
2874 4483 3046 4546 αἰτίας
3103 4483 3343 4539 πολλάς·
3376 4482 3412 4551 ἢ
3468 4479 3557 4536 διὰ
3610 4500 3808 4555 πτερο-

393 4574 651 4646 prot‘ecto
682 4574 870 4628 forma
902 4576 990 4628 est
1022 4572 1282 4629 materiae
1307 4590 1513 4645 expers
1545 4578 1601 4630 et
1630 4591 1731 4646 per
1760 4593 1822 4631 se
1852 4577 2042 4633 subsi-

2163 4576 2353 4653 ρόησιν
2387 4578 2522 4648 (24),
2553 4574 2588 4643 ἢ
2623 4572 2711 4628 διὰ
2757 4570 3020 4649 βούλησιν
3075 4574 3369 4647 πατρικήν.
3401 4571 3690 4642 Δοξάζουσι
3752 4567 3809 4624 δὶ

394 4669 577 4720 stens.
606 4662 712 4717 Illa
744 4662 895 4715 enim
934 4663 1132 4717 omnia
1164 4679 1295 4717 cum
1326 4663 1521 4717 divina
1556 4668 1765 4719 natura
1795 4682 2054 4722 commu-

394 4753 615 4819 nicant,
649 4751 820 4820 cujus
852 4751 1145 4821 particula
1175 4756 1266 4805 est
1302 4752 1521 4806 anima.
1558 4752 1733 4806 Aiunt
1763 4754 1961 4810 omnia
1993 4756 2051 4811 in

393 4841 657 4913 qualibet
686 4840 886 4895 anima
915 4856 1066 4905 esse,
1093 4841 1193 4894 sed
1225 4844 1282 4894 et
1309 4840 1552 4895 cuilibet
1581 4840 2051 4913 inexplicabilem

393 4936 451 4986 et
483 4929 844 5002 incognitam
897 4929 1209 4983 fandorum
1244 4933 1300 4983 et
1330 4928 1705 4984 infandorum
1747 4930 2051 5003 signorum

2158 4666 2250 4720 τὸν
2310 4666 2519 4737 κόσμον
2578 4661 2752 4718 ἀίδιον
2812 4664 2901 4716 xui
2959 4664 3052 4725 τὰς
3096 4667 3203 4716 τῶν
3253 4660 3463 4734 ἄστρων
3494 4656 3805 4735 περιόδους

2158 4755 2250 4809 τὸν
2284 4751 2341 4809 δὲ
2389 4749 2521 4823 ᾅδην
2581 4749 2891 4826 πολλαχῶς
2939 4750 3380 4825 καταμερίζουσι.
3412 4748 3513 4804 Kui
3559 4752 3651 4803 νῦν
3707 4749 3803 4821 μὶν

2160 4843 2318 4898 αὐτὸν
2377 4841 2493 4905 θεὸν
2546 4840 2903 4911 ὀνομάζουσιν
2940 4839 3188 4914 ἀρχηγὸν
3238 4845 3336 4908 τῆς
3377 4836 3656 4914 περιγείου
3705 4834 3810 4906 λήο

2162 4934 2311 5005 ξεως·
2345 4935 2433 4985 νῦν
2494 4928 2553 4984 δὲ
2597 4930 2687 4984 τὸν
2739 4930 2841 4984 ὑπὸ
2887 4927 3122 4999 σελήνην
3171 4927 3338 4983 τόπον
3388 4927 3555 5005 φασίο
3594 4930 3687 4981 νῦν
3749 4923 3808 4980 δὲ

1633 5074 1935 5133 JOANNIS
1975 5078 2290 5136 OPSOPJEI
2332 5077 2561 5134 NOT/E.

464 5182 577 5254 (22)
606 5182 861 5249 Ἀζωνοι.
888 5181 1121 5254 Servius
1152 5180 1210 5235 in
1247 5179 1663 5254 illud/Egneid.
1698 5198 1802 5238 xu.
1841 5187 1895 5239 et
1939 5183 2049 5239 diis

389 5251 769 5309 coinmum’bu:
786 5270 944 5308 aras:
962 5275 989 5302 «
1007 5252 1080 5307 Ut
1101 5256 1298 5306 autem
1324 5251 1549 5307 altioris
1576 5252 1831 5307 scientias
1864 5254 2051 5310 homi-

390 5326 565 5380 nibus
602 5326 808 5396 placet,
830 5325 908 5379 dii
941 5339 1288 5396 communes
1319 5328 1459 5379 sunt
1490 5323 1591 5396 qui
1620 5323 1819 5391 ἅζωνοι
1851 5327 2051 5395 dicun-

389 5402 506 5465 tur,
550 5395 615 5452 id’
669 5396 898 5469 estqui
938 5395 1079 5452 certi
1139 5399 1327 5469 certas
1355 5412 1494 5469 _non
1546 5395 1770 5469 habent
1831 5406 2047 5469 partes,

392 5470 491 5523 sed
543 5465 893 5539 generaliter
923 5484 956 5522 a
1000 5467 1233 5522 cunctis
1283 5465 1578 5520 coluntur.
1614 5465 1845 5539 Ubique
1888 5465 2043 5524 enim

392 5556 490 5594 eos
537 5538 1099 5611 essemanifestum
1152 5545 1259 5601 est,
1296 5543 1360 5591 ut
1410 5543 1595 5592 mater
1634 5538 1841 5605 Deum,
1875 5543 2047 5611 cujus

395 5616 655 5682 potestas
684 5610 743 5665 in
771 5610 1051 5682 omnibus
1072 5611 1245 5682 zonis
1276 5614 1383 5682 est.
1417 5630 1444 5659 ››

466 5681 579 5751 (23)
624 5680 807 5754 Σιιρά.
861 5678 1024 5752 Σειρά
1067 5680 1223 5738 idem
1274 5681 1504 5736 videtur
1553 5679 1832 5737 denotare
1890 5683 2045 5754 quod

2159 5184 2384 5257 Synesii
2414 5180 2675 5257 σίῤῥαιον,
2716 5182 2889 5257 cujus
2927 5181 3419 5254 signiﬁcationem
3475 5180 3609 5236 vide
3650 5182 3806 5252 apud

2160 5254 2550 5326 Nicephorum
2584 5271 2715 5326 pag.
2745 5254 2870 5309 114.

2235 5318 2348 5397 (ἓξ)
2381 5318 2768 5399 Πτερορῦησιν.
2800 5324 3226 5399 _Scri_bcndum_
3249 5326 3341 5399 est
3386 5318 3805 5399 @spoéﬁﬁncty,

2158 5402 2216 5454 et
2244 5394 2352 5454 hoc
2377 5469 2387 5480 .
2411 5394 2498 5454 est
2529 5394 2565 5453 θ’
2586 5397 2846 5454 Platonis
2880 5395 3270 5519 philosophia
3318 5394 3671 5479 in.Pbiedro,
3707 5394 3808 5481 ubi

2158 5470 2439 5519 Adrastia;
2470 5470 2654 5519 leuem
2686 5474 2941 5519 exnomt.
2974 5467 3075 5519 Ἦν
3108 5464 3135 5519 δ
3210 5467 3448 5519 (mamtl
3480 5466 3805 5519 Bueuvnuuu

2158 5469 2439 5541 Adrastia:
2470 5470 2655 5541 legem
2686 5464 2941 5541 exponit.
2974 5467 3075 5541 ᾚν
3108 5464 3165 5541 ᾂὶ
3185 5465 3448 5541 _(in_quit)
3480 5466 3805 5541 βαρυνθεῖσα

2157 5540 2378 5615 ἡψυχὴ
2424 5534 2801 5614 πτερορρυήσῇ
2854 5559 2912 5593 τε
2966 5538 3056 5593 καὶ
3114 5534 3348 5605 ἐπὶήτὴν
3394 5534 3494 5611 γῆν
3544 5534 3699 5609 πέσῃ,
3750 5542 3807 5593 et

2156 5628 2287 5683 quae
2316 5617 2665 5684 sequuntur.
