4056 6346
270 398 432 458 1153

1171 398 1250 458 ΙΝ
1296 398 1676 461 MERCURH
1725 398 2225 460 TRISMEGISTI
2279 399 2775 463 l’lMANDitUM.

3527 399 3686 458 1154

258 530 366 597 τήν
420 526 746 602 μεσαιτάτην
773 531 872 582 τοῦ
895 525 1135 604 αἰθερίου
1183 527 1394 602 κόσμου
1422 528 1512 583 καὶ
1554 532 1651 583 τοῦ
1703 527 1914 583 ὑλαίου“
1949 537 1976 602 ,1

2035 531 2505 603 symbolorumve
2553 530 2988 603 proprietatem.
3045 527 3263 583 Volunt
3315 527 3571 584 animam
3625 529 3686 585 in

257 618 354 672 νῦν
390 615 447 672 δὲ
473 618 574 685 τήν
625 615 827 689 ἄλογον
871 619 1082 690 ψυχὴν,
1129 617 1220 670 καὶ
1271 617 1506 671 τιθέασιν
1543 617 1595 672 ἰν
1626 616 1761 691 αὐτῇ
1819 624 1917 686 τήν

261 705 526 780 λογικὴν,
561 705 660 759 οὐκ
689 698 994 772 οὖσιωδῶς,
1027 702 1175 759 ἆλλά
1223 711 1507 780 σχετικῶς,
1543 706 1669 761 ὅταν
1705 726 1924 778 συμπα-

255 799 372 859 θῶς
420 791 522 868 ἔχῃ
553 795 692 870 πρὸς
721 792 890 863 αὐτὴν
917 793 1007 849 καὶ
1058 789 1311 868 προϐάλῃ
1353 795 1444 849 τὸν
1478 796 1698 872 μερικὸν
1734 792 1916 871 λόγον.

256 881 430 946 ἰδέας
463 881 522 937 δὲ
549 883 858 956 νομίζουσι,
882 886 972 936 νῦν
1005 883 1100 956 μὲν
1141 882 1235 946 τὰς
1281 887 1378 937 τοῦ
1431 885 1641 959 Πατρὸς
1695 883 1920 954 ἐννοίάς,

253 976 354 1028 νῦν
417 970 474 1027 δὲ
523 970 652 1033 τοὺς
701 968 940 1026 καθόλου
991 969 1216 1046 λόγους,
1266 972 1354 1026 καὶ
1409 974 1666 1051 φυσικοὺς
1695 974 1783 1028 καὶ
1821 976 1922 1046 ψυ-

254 1059 461 1137 χικοὺς
488 1061 578 1115 καὶ
610 1059 860 1131 νοητοόςο
904 1063 994 1114 νῦν
1048 1058 1106 1114 δὶ
1145 1059 1242 1124 τὰς
1292 1059 1623 1137 ἑξηρημὲνας
1668 1067 1776 1117 τῶν
1832 1059 1922 1116 ὅν-

253 1154 373 1204 τῶν
424 1149 696 1224 ὑπάρξεις.
748 1147 893 1211 Τοὺς
948 1146 1008 1204 δὲ
1063 1149 1186 1226 περὶ
1250 1155 1485 1226 μαγειῶν
1542 1149 1743 1226 λόγους
1797 1173 1920 1206 συν-

259 1243 482 1294 ιστῶσιν
543 1237 650 1293 ἀπό
706 1258 765 1292 τε
820 1242 929 1293 τῶν
985 1237 1294 1313 ἀκροτάτων
1357 1237 1663 1313 δυνάμεων,
1705 1241 1810 1296 ἀπό
1862 1263 1922 1296 τε

252 1332 371 1383 τῶν
418 1327 712 1403 περιγείων
762 1324 932 1384 ὑλῶν.
983 1333 1254 1401 Συμπαθῆ
1289 1325 1346 1383 δὲ
1390 1329 1456 1384 τὰ
1485 1325 1595 1384 ἄνω
1625 1335 1741 1390 τοῖς
1772 1331 1921 1385 κάτω

255 1417 391 1493 φασὶ
440 1418 528 1472 καὶ
588 1414 826 1490 μάλιστα
869 1417 939 1472 τά
1005 1417 1106 1472 ὑπὸ
1154 1417 1428 1488 σελήνην.
1487 1420 1920 1475 Ἀποκαθιστῶσι

257 1504 327 1563 δὲ
379 1505 475 1570 τὰς
529 1507 711 1582 ψυχας
772 1506 908 1580 μετά
978 1507 1070 1561 τὸν
1145 1505 1442 1582 λεγόμενον
1505 1509 1728 1563 θάνατον
1788 1510 1923 1564 κατά

254 1597 333 1651 τὰ
390 1596 558 1672 μέτρα
609 1599 718 1650 τῶν
780 1594 997 1650 οἱκείων
1055 1596 1408 1672 καθάρσεων,
1485 1595 1539 1652 ἐν
1597 1594 1750 1660 ὅλοις
1802 1603 1920 1662 τοῖς

254 1688 361 1740 τοῦ
407 1684 618 1758 κόσμου
671 1683 878 1761 μέρεσι.
923 1685 1078 1746 Τινὰς
1148 1681 1205 1739 δὲ
1250 1685 1340 1740 καὶ
1381 1687 1512 1761 ὑπὲρ
1566 1687 1658 1742 τὸν
1712 1687 1919 1760 κόσμον

256 1769 691 1846 ἀναϐιϐάζουσι,
731 1774 823 1829 καὶ
897 1774 1058 1848 μέσας
1110 1774 1272 1838 αὐτὰς
1326 1773 1654 1851 διορίζονται
1703 1783 1811 1832 τῶν
1861 1799 1921 1834 τε

258 1861 573 1937 ἆμερίστων
629 1863 720 1918 καὶ
783 1867 1051 1938 μεριστῶν
1109 1862 1356 1941 φύσεων.
1428 1865 1642 1920 Τούτων
1702 1863 1759 1920 δὲ
1807 1872 1915 1921 τῶν
1954 1905 1999 1969 Β

267 1949 295 1969 ᾗ
428 1951 439 1969 1
657 1952 671 1969 \
779 1951 799 1969 λ
852 1951 864 1969 Ι
1047 1951 1058 1967 ἱ
1118 1954 1162 1969 In
1379 1952 1420 1969 I‘
1619 1955 1631 1969 \
1691 1952 1758 1969 ..ἢ
1794 1956 1804 1969 1

263 1949 555 2026 δογμάτων
613 1952 682 2007 τὰ
734 1951 914 2007 πλείω
972 1951 1062 2007 καὶ
1117 1952 1505 2025 Ἀριστοτέλης
1545 1955 1634 2008 καὶ
1690 1952 1918 2010 Πλάτων

264 2037 537 2111 ἐδίξαντο⁶
571 2041 624 2094 οἱ
657 2036 714 2095 δὶ
743 2041 865 2115 περὶ
900 2038 1181 2097 ΙΙλωτίνον
1215 2041 1302 2095 καὶ
1339 2036 1689 2118 ἸάμϐΛιχον,
1713 2044 1924 2120 Πορφύ-

2033 621 2324 676 mundum
2371 619 2602 676 demitti
2649 620 2722 675 ob
2772 617 2988 672 multas
3033 632 3266 687 causas,
3300 622 3402 672 aut
3449 625 3690 690 propter

2034 725 2356 780 pennarum
2386 709 2726 776 deﬂuvium,
2752 713 2851 762 aut
2883 713 3118 777 propter
3151 715 3454 777 paternam
3481 708 3688 763 volun-

2033 804 2232 853 tatem.
2261 799 2638 853 Arbitrantur
2681 796 2969 851 mundum
3020 800 3304 850 aeternum
3353 812 3503 864 esse,
3540 801 3692 852 utet

2031 888 2336 943 stellarum
2387 886 2821 943 conversiones.
2859 884 3168 939 Plutonem
3223 884 3344 940 sive
3391 885 3688 942 infernum

2031 975 2092 1030 in
2141 978 2330 1032 varias
2392 981 2590 1048 partes
2646 975 2938 1041 dividunt,
2972 988 3225 1043 eumque
3284 974 3453 1030 modo
3511 976 3688 1031 deum

2032 1063 2351 1136 appellant,
2385 1064 2611 1120 ordinis
2661 1061 2820 1118 illius
2853 1061 2955 1134 qui
2999 1061 3155 1117 circa
3201 1065 3415 1118 terram
3465 1067 3687 1120 sortem

2031 1171 2201 1209 suam
2246 1153 2522 1224 obtinuit,
2557 1153 2798 1218 ducem;
2849 1152 3024 1206 modo
3075 1151 3372 1222 regionem
3403 1152 3691 1208 subluna-

2032 1259 2154 1298 rem
2190 1259 2202 1297 :
2237 1243 2410 1298 modo
2453 1242 2678 1298 medias
2717 1241 2871 1296 inter
2909 1239 3208 1295 aetheriam
3239 1246 3296 1296 et
3325 1240 3688 1297 materialem

2033 1332 2322 1386 mundum
2355 1337 2549 1404 partes
2575 1331 2923 1396 obeuntem;
2954 1331 3126 1384 modo
3149 1320 3414 1384 animam
3441 1329 3688 1386 rationis

2029 1427 2323 1492 expertem
2348 1438 2361 1476 :
2389 1422 2447 1475 in
2479 1437 2547 1476 ea
2595 1417 2942 1475 rationalem
2994 1417 3254 1473 animam
3288 1418 3686 1485 constituunt,

2032 1526 2146 1564 non
2179 1509 2592 1576 essentialiter,
2617 1509 2717 1564 sed
2753 1507 3130 1580 proportione
3153 1507 3429 1577 quadam,
3454 1507 3688 1578 quando

2031 1599 2446 1655 convenienter
2475 1599 2546 1654 ad
2594 1597 2755 1653 illam
2806 1597 3013 1652 aﬂ'ecta
3061 1601 3170 1666 est,
3204 1595 3548 1667 particulari
3597 1611 3689 1650 ra-

2033 1687 2191 1744 tione
2224 1689 2502 1760 projecta.
2536 1688 2703 1743 ldeas
2752 1686 3044 1742 deﬁniunt
3087 1686 3264 1740 modo
3314 1702 3444 1741 esse
3495 1685 3690 1740 Patris

2032 1777 2493 1850 intelligentiae:
2529 1777 2700 1832 modo
2743 1773 3101 1830 universales
3132 1773 3408 1842 rationes,
3444 1778 3690 1830 natura-

2032 1865 2137 1935 les,
2172 1865 2459 1922 animales
2500 1870 2557 1921 et
2597 1863 2970 1921 intellectiles
3004 1880 3016 1918 :
3054 1863 3225 1919 modo
3257 1862 3622 1919 substantias
3654 1879 3690 1919 a

2033 1957 2211 2012 rebus
2245 1955 2392 2027 ipsis
2444 1955 2792 2010 abstractas.
2825 1957 3117 2009 Astruunt
3162 1968 3397 2008 omnem
3445 1953 3690 2024 magicae

2033 2045 2294 2101 scientia:
2346 2045 2630 2100 rationem
2681 2042 2878 2115 perﬁci
2927 2059 2960 2096 a
3013 2042 3264 2097 summis
3316 2041 3595 2114 potentiis
3635 2049 3692 2097 et

264 2128 387 2204 ριόν
425 2150 484 2185 τε
531 2128 622 2184 καὶ
681 2126 930 2204 Πρόκλον
973 2133 1101 2184 πᾶτι
1149 2129 1657 2202 κατηκολούθησαν,
1707 2131 1795 2186 καὶ
1846 2132 1924 2195 ὡς

2035 2134 2284 2190 terrenis
2307 2132 2593 2202 materiis,
2613 2130 3064 2187 familiaritatem
3089 2131 3229 2185 item
3257 2135 3315 2186 et
3344 2131 3691 2186 convenien-

263 2218 411 2282 θείας
439 2221 618 2295 φωνὰς
651 2216 1064 2292 ἀσυλλογίστως
1093 2222 1260 2273 ταῦτα
1292 2216 1560 2288 ἐδέξαντο.

2035 2224 2177 2280 tiam
2200 2222 2508 2294 superiora
2529 2238 2663 2278 cum
2689 2220 3065 2276 inferioribus
3096 2219 3332 2286 habere,
3364 2219 3690 2292 praesertim

265 2325 398 2382 qua
429 2310 538 2366 sub
570 2309 712 2365 luna
740 2316 902 2365 sunt.
936 2309 1236 2365 Collocant
1267 2311 1496 2365 animas
1547 2316 1679 2382 post
1711 2317 1981 2379 mortem,
2007 2314 2180 2384 juxta
2227 2310 2534 2367 modulum
2567 2315 2624 2366 et
2657 2325 2993 2365 mensuram
3029 2307 3448 2364 lustrationum
3483 2309 3691 2380 singu-

263 2399 343 2453 lis
374 2397 732 2454 familiarum
765 2402 824 2453 et
853 2398 1351 2469 convenientium,
1384 2399 1442 2453 in
1477 2399 1755 2456 omnibus
1787 2402 1989 2456 mundi
2023 2400 2328 2473 partibus:
2354 2399 2646 2471 quasdam
2679 2398 2854 2453 etiam
2890 2396 3045 2452 ultra
3075 2397 3365 2452 mundum
3397 2399 3690 2454 evehunt:

262 2503 486 2558 easque
515 2487 859 2544 discrimine
900 2487 1051 2543 facto
1083 2487 1141 2542 in
1174 2493 1414 2544 naturas
1445 2489 1715 2545 dividuas
1764 2495 1821 2545 et
1869 2491 2202 2546 individuas
2252 2493 2547 2561 separant.
2583 2491 2766 2559 Atque
2797 2487 2956 2543 Plato
2989 2487 3230 2558 quidem
3263 2492 3318 2542 et
3347 2487 3694 2544 Aristoteles

263 2577 468 2651 plures
498 2594 567 2633 ex
598 2576 962 2633 enumeratis
994 2577 1301 2649 opiniones
1334 2586 1677 2658 receperunt
1710 2597 1723 2635 :
1762 2578 2022 2636 Plotinus
2055 2597 2208 2646 vero,
2239 2579 2630 2648 Jamblichus,
2663 2577 3042 2649 Porphyrius,
3078 2576 3338 2644 Proclus,
3371 2593 3690 2650 eorumque

263 2664 546 2738 discipuli
583 2682 790 2722 omnes
841 2667 902 2722 in
955 2666 1295 2724 universum
1345 2669 1770 2740 approbarunt,
1804 2677 1861 2725 et
1891 2687 2006 2725 non
2057 2685 2229 2726 secus
2260 2686 2326 2724 ac
2356 2669 2585 2724 divinas
2613 2684 2782 2722 voces
2829 2667 3053 2737 absque
3101 2665 3221 2722 ullo
3270 2666 3606 2724 discrimine
3635 2671 3693 2723 et

265 2755 538 2812 examine
567 2755 957 2812 admiserunt.

1565 3120 2400 3218 ΤΟΥ’ΨΕΛΛΟΥ

1085 3339 1202 3393 ΕΙΣ
1243 3339 1376 3394 ΤΟΝ
1420 3339 1655 3395 ΕΡΜΟΥ
1692 3337 1828 3394 ΤΟΥ
1862 3335 2376 3394 ΤΡΙΣΜΕΓΙΣΤΟΥ
2419 3337 2889 3394 ΙΙΟΙΜΑΝΔΡΗΝ.

1904 3501 1975 3513 ...ο

1749 3624 2188 3720 PSELLI

1177 3835 1256 3896 IN
1303 3833 1684 3896 MERCURII
1729 3831 2229 3895 TRISMEGISTI
2277 3831 2777 3894 PIMANDRUM.

345 4203 560 4260 Ἔοικεν
614 4202 642 4257 ὀ
688 4200 824 4277 γόης
866 4199 1023 4262 οὗτος
1078 4203 1148 4273 τῇ
1195 4197 1307 4269 σείᾳ
1368 4197 1554 4275 Γρᾶφῇ
1603 4195 1666 4251 οὐ
1721 4195 1976 4276 παρίρ-(

2109 4197 2353 4254 Videtur
2381 4199 2710 4254 incantator
2741 4196 2839 4253 ille
2871 4213 2987 4253 non
3010 4197 3196 4253 obiter
3220 4197 3280 4252 in
3302 4197 3501 4254 divina
3529 4196 3687 4254 Scri-

263 4312 388 4367 γως
439 4289 804 4365 ὡμιληκέναι·
856 4284 976 4355 ὅθεν
1004 4288 1064 4343 ἐκ
1099 4286 1299 4358 ταύτης
1331 4287 1655 4362 ὁρμώμενος
1700 4289 1769 4360 τῇ
1801 4305 1926 4340 κοσ-

2037 4291 2212 4360 μοῖ-ο.
2241 4293 2506 4344 versatus
2527 4303 2685 4355 esse;
2711 4287 2866 4342 unde
2889 4302 2959 4342 ex
2988 4285 3087 4342 illa
3108 4285 3403 4358 profectus
3425 4287 3497 4342 de
3519 4303 3688 4342 mun-

269 4379 511 4452 μοποιίᾳ
556 4379 828 4455 ἂπιχειρεῖ
856 4421 869 4446 ,
930 4373 1070 4450 μηδὲ
1116 4373 1279 4436 αὐτὰς
1327 4373 1501 4429 ὀκνῶν
1550 4373 1644 4436 τὰς
1699 4375 1928 4430 Μωσαϊο

2038 4375 2097 4430 di
2128 4377 2421 4433 creatione
2470 4379 2705 4446 tractat,
2736 4393 2852 4432 non
2903 4375 3180 4431 dubitans
3219 4380 3427 4432 tenues
3475 4374 3692 4448 Moysis

264 4468 374 4530 κάς
417 4467 586 4539 λᾶξεις
613 4467 782 4542 ψιλὰς
833 4465 1004 4522 ἂνίοτε
1047 4464 1386 4540 ἀναγράφειν
1430 4463 1506 4526 ὡς
1559 4461 1648 4517 καὶ
1704 4463 1767 4518 τὸ
1797 4482 1928 4537 προ-

266 4557 519 4630 κείμενον
548 4555 712 4613 τοῦτο
746 4555 908 4632 ῥητὸν
965 4551 1117 4610 ὄλυψ
1175 4553 1238 4608 τὸ
1285 4553 1412 4626 γὰρ,
1477 4573 1498 4603 ε
1533 4553 1691 4608 Εἶπεν
1726 4553 1754 4606 ὁ
1777 4551 1925 4622 Θεὸς,

269 4645 555 4716 αὐξάνεσθε
584 4647 672 4700 καὶ
708 4643 1070 4716 πληθύνεσθε,
1103 4666 1132 4694 ››
1165 4645 1344 4718 σαφῶς
1375 4639 1432 4695 ἐκ
1479 4647 1581 4710 τῆς
1632 4646 1928 4710 Μωσαϊκῆς

268 4735 640 4808 κοσμοποιίας
698 4734 874 4789 ἰστίν.
935 4731 1008 4786 Οὐ
1062 4731 1170 4804 μὴν
1226 4731 1463 4803 ἐνέμεινε
1517 4725 1799 4790 παντελῶς
1856 4732 1925 4802 τῇ

268 4823 546 4895 ἁπλότητι
595 4825 685 4879 καὶ
740 4821 1024 4900 σαφηνείᾳ,
1070 4819 1159 4875 καὶ
1205 4823 1286 4892 τῷ
1323 4817 1467 4882 suos?
1515 4818 1601 4872 καὶ
1645 4815 1930 4892 εἰλικρινεῖ

268 4915 365 4970 καὶ
403 4909 548 4975 ὅλως
592 4909 822 4968 θεοειδεῖ
866 4915 966 4977 τῆς
1019 4915 1286 4988 Γραφῆς,
1318 4905 1448 4962 ἀλλ’
1496 4906 1570 4968 εἰς
1626 4906 1688 4961 τὸ
1735 4905 1925 4969 εἴωθὸς

273 5001 518 5078 ὑπερῥόη
572 5001 742 5067 πάθος
780 5005 899 5064 τοῖς
943 5003 1052 5054 τῶν
1107 4995 1392 5067 Ἑλλήνων
1443 5001 1655 5074 σοφοῖς,
1703 4993 1781 5058 εἷς
1829 4995 1927 5051 ἆλ-

274 5091 546 5166 ληγορίας
609 5090 701 5146 καὶ
750 5087 959 5151 πλάνας
1021 5088 1112 5142 καὶ
1151 5085 1430 5162 τερατείας
1480 5083 1539 5140 ἐκ
1585 5091 1684 5155 τῆς
1727 5083 1929 5147 εὐθείας

273 5179 407 5236 ὁδοῦ
455 5181 545 5236 καὶ
593 5179 870 5242 ἀπλανοῦς
919 5177 1242 5254 ἰκτραπεὶς,
1294 5176 1328 5246 ἢ
1383 5175 1486 5230 ὑπὸ
1537 5177 1633 5229 τοῦ
1693 5174 1932 5248 Ποιμάν-

273 5267 411 5346 δρου
454 5266 815 5330 συνελασθείς.
875 5266 988 5325 Οὐκ
1035 5263 1244 5336 ἄδηλον
1303 5261 1360 5318 δὲ
1416 5258 1562 5324 ὅστις
1608 5263 1674 5332 ἦν
1733 5264 1762 5317 ὁ
1819 5267 1926 5318 τῶν

269 5357 558 5430 Ἐλλήνων
619 5354 996 5433 Ηοιμάνδρης,
1047 5356 1076 5411 ὁ
1129 5354 1219 5409 καὶ
1271 5353 1400 5427 παρ’
1449 5354 1582 5425 ἡμῖν
1617 5352 1932 5428 κοσμοκράς

269 5468 389 5522 τωρ
440 5448 844 5522 ὀνομαζόμενος
887 5445 922 5515 ἢ
971 5449 1078 5500 τῶν
1128 5442 1334 5499 ἐκείνου
1375 5462 1476 5504 τις.
1511 5439 1768 5511 Κλὲπτης
1806 5441 1930 5517 γὰρ,

271 5537 466 5617 φησὶν,
500 5538 528 5593 ὁ
560 5532 822 5600 διάϐολος
866 5533 957 5589 καὶ
1002 5532 1358 5610 ἐκφερομυθεῖ
1399 5530 1473 5617 τά
1514 5527 1775 5617 ἡμέτερα,
1821 5530 1932 5617 οὐχ

264 5613 365 5682 ’ἶνα
413 5627 466 5681 οἱ
515 5624 721 5681 ἐκείνου
765 5623 1150 5696 μεταμάθωσιν
1197 5621 1298 5689 τὴν
1347 5613 1616 5686 ἀσέϐειαν,
1670 5615 1795 5672 ἀλλ’
1841 5616 1931 5673 ’ίνα

267 5721 393 5780 τοῖς
435 5722 537 5788 τῆς
583 5712 840 5784 ἀληθείας
872 5711 1078 5790 ῥήμασι
1127 5711 1218 5765 καὶ
1259 5709 1530 5783 νοήμασιν
1581 5707 1680 5778 τήν
1733 5707 1934 5764 ἑαυτῶν

2037 4481 2208 4521 voces
2241 4481 2668 4538 nonnunquam
2701 4464 3121 4534 transcribere;
3155 4469 3219 4520 ut
3249 4469 3306 4520 et
3334 4464 3458 4521 hzec
3489 4480 3693 4536 propo-

2038 4555 2153 4610 sita
2199 4556 2393 4611 verba.
2429 4554 2576 4610 Illud
2624 4557 2780 4610 enim
2811 4571 2823 4610 :
2849 4576 2877 4604 «
2915 4554 3066 4609 Dixit
3114 4559 3288 4622 Deus,
3329 4554 3584 4610 Crescite
3633 4556 3691 4608 et

2039 4642 2577 4714 multiplicamini»
2617 4645 2913 4699 evidenter
2959 4660 3029 4698 ex
3078 4643 3332 4698 Mosaica
3379 4641 3693 4698 creationis

2037 4730 2282 4787 historia
2313 4734 2521 4787 oritur.
2551 4732 2673 4788 Non
2699 4733 2937 4802 quidem
2971 4733 3163 4785 servat
3192 4731 3434 4786 omnino
3465 4729 3694 4802 simpli-

2036 4820 2277 4874 citatem
2317 4825 2374 4875 et
2414 4819 2883 4890 perspicuitatem
2917 4823 2975 4874 et
3003 4818 3377 4889 rapiditatem
3409 4825 3468 4875 et
3498 4819 3688 4874 since-

2039 4908 2271 4964 ritatem
2317 4913 2374 4963 et
2403 4909 2770 4963 divinitatem
2817 4907 3156 4978 Scriptura,
3191 4908 3292 4962 sed
3341 4908 3400 4962 in
3451 4906 3696 4962 solitum

2039 4995 2374 5052 Graecorum
2407 4996 2740 5066 sapientum
2775 5010 2998 5050 morem
3031 4994 3173 5061 abit,
3209 4993 3268 5048 in
3300 4992 3610 5066 allegorias
3639 4995 3698 5048 et

2037 5101 2266 5141 errores
2295 5089 2353 5140 et
2383 5089 2653 5156 portenta
2683 5100 2751 5139 ex
2783 5087 2939 5139 recta
2965 5088 3022 5138 et
3059 5098 3266 5138 secura
3293 5082 3387 5137 via
3414 5079 3694 5152 delapsus

2038 5175 2126 5232 vel
2159 5192 2193 5230 a
2224 5174 2567 5230 Poimandre
2598 5179 2856 5229 coactus.
2890 5172 3012 5227 Non
3059 5171 3344 5227 incertum
3377 5174 3573 5226 autem
3604 5171 3696 5225 est

2039 5263 2174 5335 quis
2224 5271 2378 5319 esset
2427 5262 2525 5318 ille
2575 5260 2909 5318 Graecorum
2966 5260 3355 5327 Pmmandres,
3385 5259 3540 5314 idem
3589 5256 3694 5329 qui

2040 5354 2196 5424 apud
2236 5369 2342 5407 nos
2375 5351 2579 5406 mundi
2615 5351 2896 5407 Dominus
2936 5351 3278 5405 nominatur
3309 5353 3410 5404 aut
3440 5364 3594 5403 unus
3625 5363 3696 5403 ex

2040 5443 2170 5513 ejus
2220 5439 2530 5496 ministris.
2565 5441 2681 5495 Fur
2730 5441 2913 5506 enim,
2947 5439 3160 5510 inquit,
3196 5441 3285 5494 est
3337 5435 3608 5493 diabolus
3639 5439 3698 5492 et

2043 5535 2276 5586 nostros
2325 5543 2626 5584 sermones
2656 5527 2917 5600 divulgat
2970 5543 3083 5582 non
3130 5532 3196 5581 ut
3242 5526 3373 5597 ejus
3420 5522 3698 5596 discipuli

2044 5617 2410 5690 impietatem
2446 5618 2773 5686 dediscant,
2809 5617 2907 5672 sed
2960 5619 3025 5671 nt
3069 5616 3330 5672 veritatis
3360 5615 3599 5671 vocibus
3641 5615 3702 5669 et

2045 5706 2352 5765 sententiis
2380 5723 2548 5764 suam
2600 5706 2964 5781 impietatem
2996 5709 3296 5773 ornantes,
3333 5701 3696 5779 persuasibi-
