3984 6348
145 419 314 479 um
1177 416 1281 477 DE
1323 416 1549 478 LOCIS
1597 368 1696 476 Er
1738 416 2174 478 NOMlNlBUS
2221 416 2552 476 ATTICIS.
3409 417 3565 477 uss

133 547 240 602 καὶ
296 550 376 618 τῷ
410 567 440 598 κ
474 549 721 622 Σφηττοῖ
747 545 958 621 γέγονα,
988 545 1077 600 καὶ
1109 544 1309 622 Θρίηζε
1337 545 1426 601 καὶ
1460 545 1706 622 Φαληροῖ

1999 546 2189 604 Thriaa
2245 551 2305 604 et
2333 546 2587 617 Phaleri,
2650 569 2678 597 «
2709 549 2766 603 et
2811 563 3050 604 rursum
3085 569 3108 599 ι
3169 546 3390 618 Spheto
3437 547 3564 604 abi-

136 636 244 691 καὶ
294 636 447 696 αὖθις
483 657 512 686 ι(
547 632 856 711 Σφηττόθεν
908 633 1104 707 ἀπῄειν
1133 635 1224 689 καὶ
1268 634 1615 707 Φαληρόθεν,
1649 659 1676 686 ››

2000 653 2056 692 m
2087 641 2145 692 et
2175 635 2440 705 Phalero,
2470 636 2640 708 quasi
2670 637 2866 692 divino
2901 637 3094 692 furore
3136 637 3468 709 corriperis,
3513 642 3569 694 et

138 745 254 801 περ
287 722 588 794 ἐνθουσιᾷς,
628 721 718 777 καὶ
751 721 874 778 λίαν
915 721 1064 797 ἔχεις
1097 722 1374 798 ἐρωτικῶς
1406 721 1552 779 δυοῖν
1587 723 1709 779 θατέ

1995 724 2085 781 lde
2115 730 2356 797 exoptas
2408 742 2478 782 ex
2523 725 2616 782 his
2659 726 2891 782 duobus
2945 742 3128 782 unum
3179 727 3441 797 assequi,
3481 727 3568 784 vel

135 819 366 889 τυχεῖν,
406 813 442 883 ἢ
477 816 725 890 Σφηττοῖ
766 813 1008 886 γενέσθαι
1055 812 1146 867 καὶ
1195 813 1547 890 Κηφισιάσιν,
1596 811 1632 882 ἢ
1685 834 1708 867 τ

1993 814 2126 870 ιῂείὶ
2156 815 2375 871 versari
2398 819 2456 870 et
2483 814 2789 887 Cephisize,
2815 815 2903 872 vel
2933 816 3004 871 de
3036 815 3131 871 his
3163 815 3306 872 locis
3344 816 3566 888 aliquid

137 907 263 959 τῶν
293 901 518 978 χωρίων
549 900 926 978 ἑναργέστερόν
955 923 1007 957 τι
1039 903 1248 975 μαθεῖν.

957 923 1007 957 τι
1039 903 1248 975 μαθεῖν.
1918 903 1977 958 in
2012 908 2252 960 extenso
2283 904 2530 960 discere.

224 1010 322 1064 Διὰ
349 1009 519 1064 ταῦτά
565 1029 651 1064 σοι
681 1007 788 1082 ἐγὼ
820 1005 879 1063 ἐκ
909 1007 1142 1064 πολλῶν
1178 1004 1408 1086 βιϐλίων
1443 1008 1797 1085 συνηγηοχὼι

1992 1009 2123 1066 Ideo
2154 1010 2259 1066 tibi
2290 1027 2357 1067 ea
2378 1011 2572 1067 scribo
2599 1026 2724 1082 quae
2746 1026 2816 1067 ex
2846 1009 3049 1066 multis
3079 1009 3247 1066 libris
3267 1010 3494 1085 collegi.

235 1098 343 1154 ἱοω
365 1095 544 1154 ταυτί.

136 1118 343 1176 γραφω
365 1118 544 1154 ταυτι.

223 1186 445 1262 Ηλευρά
497 1207 580 1248 τις
623 1182 839 1256 διῆκται
901 1193 1002 1256 τῆς
1061 1186 1319 1257 Ἀττικῆς
1378 1187 1470 1242 σὺν
1525 1191 1596 1262 τῇ
1629 1193 1707 1243 Me

2000 1188 2104 1244 Dra
2134 1189 2406 1261 quaedam
2451 1187 2708 1245 Atticam
2761 1204 2896 1244 cum
2949 1187 3241 1260 Megaride
3289 1189 3510 1261 trajicit
3539 1208 3573 1247 a

139 1274 262 1352 ρίδι
321 1275 428 1331 ἀπὸ
489 1273 718 1330 Σουνίου
780 1273 977 1351 μέχρις
1034 1277 1296 1349 Ἰσθμοῦ.
1353 1280 1614 1340 Ἐνταῦθα
1676 1296 1709 1329 κ

2002 1279 2095 1334 nio
2128 1296 2318 1351 usque
2343 1280 2415 1336 ad
2448 1279 2766 1335 Isthmum.
2801 1283 2963 1334 Tunc
3010 1279 3070 1332 in
3116 1277 3308 1334 medio
3343 1279 3574 1335 circiter

144 1366 328 1440 μέσην
377 1384 484 1420 που
542 1366 641 1434 τήν
669 1365 928 1434 τοιαύτην
957 1367 1222 1439 γραμμὴν
1253 1371 1370 1428 τοῖς
1403 1365 1480 1427 εἷς
1507 1367 1605 1435 τήν
1646 1364 1716 1419 πό

2000 1384 2028 1423 c
2077 1369 2325 1424 circuitu
2356 1369 2428 1424 iis
2459 1368 2561 1440 qui
2621 1369 2692 1424 ad
2746 1367 2946 1423 urbem
2997 1367 3274 1439 navigant
3320 1369 3572 1424 occurrit

139 1451 551 1510 καταπλέουσιν
615 1455 643 1508 ὁ
712 1452 996 1528 Πειραιεὺς
1040 1455 1295 1525 ἀπαντᾷ,
1362 1456 1424 1510 τὸ
1482 1449 1712 1529 περιϐόη

1997 1474 2194 1524 meus,
2245 1457 2472 1513 celeber
2521 1456 2954 1514 Atheniensum
3011 1461 3234 1527 portus.
3283 1457 3420 1513 Post
3474 1457 3570 1513 Pi-

138 1549 260 1600 τῶν
319 1541 627 1614 Ἀθηναίων
685 1541 943 1599 ὶπίνειον.
1003 1543 1152 1598 Μετᾶ
1211 1541 1270 1598 δὲ
1295 1545 1388 1599 τὸν
1424 1545 1711 1620 ΙῙειροιιει,⁴

2001 1563 2134 1602 eum
2163 1550 2384 1616 autem,
2417 1546 2744 1602 Phaleraeus
2783 1545 2963 1601 Vicus
2994 1545 3053 1600 in
3089 1544 3279 1600 vicina
3328 1563 3431 1602 ora
3487 1546 3570 1602 si-

141 1633 347 1706 ληρεῖς
405 1629 584 1707 δῆμος
643 1630 694 1686 ἂν
751 1635 820 1697 τῆ
879 1632 1068 1710 ἐφεξῆς
1125 1632 1368 1709 παραλίᾳ
1416 1633 1549 1688 ἐστί·
1583 1634 1698 1704 μεθ’

2002 1652 2017 1691 3
2047 1640 2177 1692 est:
2214 1641 2346 1707 post
2376 1652 2546 1707 quem
2579 1635 2946 1708 Anagyrasii.
3011 1634 3228 1690 Deinde
3275 1635 3575 1708 Anaphly-

139 1721 557 1798 Ἀναγυράσιοι.
590 1722 733 1776 Ἐἶτ’
807 1722 1195 1799 Ἀναφλύστιοι
1264 1724 1430 1799 μέχρι
1486 1729 1588 1792 τῆς
1645 1720 1712 1777 ἄκ

2007 1725 2020 1780 i
2056 1742 2243 1796 usque
2274 1726 2344 1781 ad
2379 1725 2804 1781 extremitatem
2836 1724 2998 1780 Sunii
3025 1725 3447 1796 pervenientes.
3475 1725 3577 1781 De-

139 1815 248 1867 τοῦ
279 1808 509 1866 Σουνίου
555 1807 860 1882 διήκοντες.
911 1813 1046 1867 Εἶτα
1075 1811 1140 1866 τὸ
1172 1811 1423 1883 Σούνιον,
1457 1810 1635 1884 δῆμος
1667 1812 1712 1872 ἀί

2001 1815 2060 1870 ie
2091 1814 2366 1882 Sunium,
2415 1813 2918 1870 celebratissimus
2965 1813 3150 1870 vicus.
3201 1814 3420 1870 Deinde
3451 1814 3574 1870 Ma-

149 1900 496 1974 λογώτατος·
555 1900 671 1973 μεθ’
729 1900 760 1955 ’ὁ
817 1900 1110 1969 Μαραθὼν,
1171 1898 1308 1956 ὅπου
1366 1899 1722 1971 Μιλτιάδης¹

1998 1903 2152 1972 thon,
2187 1904 2286 1959 ubi
2320 1902 2615 1971 Miltades,
2648 1903 2803 1975 regis
2849 1908 3166 1960 Persarum
3211 1904 3502 1960 exercitus
3539 1921 3571 1960 a

151 1991 299 2063 μετὰ
325 1987 555 2051 Δάτιδος
612 1992 710 2044 τοῦ
758 1987 968 2065 Πέρσου
999 1986 1254 2063 δυνάμεις
1307 1987 1474 2066 ἄρδην
1523 1987 1724 2068 διέφθει

1998 1993 2130 2048 itide
2183 1993 2393 2049 ductos
2442 1993 2711 2048 funditus
2742 1992 2971 2049 delevit.
3010 1997 3146 2049 Post
3174 1993 3571 2049 Marathonem

151 2077 312 2136 Μετὰ
368 2076 426 2132 δὲ
474 2079 800 2153 Μαραθῶνα,
844 2077 1206 2153 Τρικόρυθος’
1257 2082 1372 2134 εἶτα
1430 2081 1720 2154 Ῥαμνοῦς,

2000 2098 2054 2138 ro
2078 2081 2496 2156 Trycorythus,
2529 2082 2740 2139 deinde
2769 2081 3096 2153 Rhamnus,
3119 2083 3352 2139 Nemesi
3374 2099 3573 2140 conse-

153 2172 451 2242 Νεμέσεως
480 2169 625 2242 ἱερόν
637 2213 651 2227 .

570 2169 651 2227 όν.
1923 2174 2143 2227 oratus.

231 2261 358 2317 Τῶν
391 2256 450 2314 δὲ
505 2260 647 2334 ὁρῶν
703 2257 772 2314 τὰ
827 2257 1070 2332 ὀνόματα
1122 2258 1359 2333 μάλιστά
1415 2260 1525 2316 ἐστι
1565 2265 1804 2320 ταῦτασὸ

2001 2260 2282 2316 Montium
2315 2275 2454 2318 vera
2483 2260 2728 2318 nomina
2755 2261 2876 2316 haec
2908 2265 3047 2317 sunt
3099 2261 3410 2334 precipue,
3460 2261 3574 2335 Hy-

153 2349 484 2422 ’Υμηττὸςὸ
535 2346 838 2425 Βριλησσὸς
895 2349 924 2403 ὂ
975 2344 1350 2424 Λυκαϐηττὸς,
1405 2353 1440 2421 ἡ
1504 2352 1723 2428 Πάρνηο

2000 2354 2166 2421 attus,
2198 2350 2515 2419 Brilessus,
2551 2351 2922 2424 Lycabettus,
2951 2350 3301 2422 Parnethus,
3323 2351 3573 2424 Coryda-

154 2440 186 2495 ὁ
220 2435 567 2512 Κορυδαλός.

466 2438 567 2501 ιός.
1924 2438 2039 2495 ius.

225 2526 477 2600 Ποταμοὶ
537 2523 594 2582 δὲ
649 2527 701 2581 οἱ
763 2524 1226 2602 διωνομασμένοι,
1289 2530 1316 2584 ὁ
1376 2531 1675 2608 Κηφισσὸς,
1722 2534 1798 2589 κα¹

1998 2527 2174 2584 Fluvii
2205 2532 2398 2585 autem
2445 2528 2531 2584 sic
2561 2528 2964 2596 nominantur,
2999 2528 3287 2602 Cephisus
3344 2533 3401 2585 et
3443 2528 3571 2586 Ilis-

151 2617 183 2672 ὁ
246 2615 498 2686 Ἰλισσὸς,
569 2615 703 2692 ῥέων
758 2615 834 2678 εἷς
881 2618 982 2685 τήν
1014 2617 1281 2694 παραλίαν
1331 2617 1524 2676 ἐκτῶν
1556 2623 1685 2697 ὑπὲρ
1712 2645 1724 2669 ε

2001 2634 2045 2684 s,
2078 2617 2140 2672 in
2195 2618 2556 2674 maritimam
2609 2617 2906 2690 regionem
2955 2618 3147 2674 ﬂuens
3193 2636 3261 2674 ex
3308 2618 3574 2690 partibus

151 2708 369 2782 Ἀγρας
418 2705 508 2760 καὶ
563 2706 662 2760 τοῦ
721 2705 955 2760 Λυκείου
1017 2711 1218 2780 μερῶν,
1267 2707 1357 2763 καί
1402 2717 1502 2780 τῆς
1530 2719 1718 2787 πηγῆς

1998 2722 2049 2760 .ae
2082 2705 2235 2761 ultra
2249 2709 2460 2778 Agram
2479 2712 2535 2762 et
2564 2711 2812 2779 Lyceum
2836 2711 3000 2779 sunt,
3031 2711 3088 2762 et
3119 2723 3187 2763 ex
3212 2706 3370 2763 fonte
3395 2723 3571 2779 quem

153 2795 394 2869 ὕμνηκεν
428 2794 480 2850 ἐν
513 2792 740 2870 Φαίδρῳ
771 2794 1023 2851 Πλάτων.

1922 2793 1982 2848 in
2013 2793 2255 2851 thedro
2286 2794 2602 2851 celebravit
2636 2795 2815 2852 Plato.

231 2902 518 2976 Κάμψαντι
568 2900 626 2957 δὲ
679 2902 742 2957 τὸ
802 2901 1028 2958 Σούνιον
1093 2902 1226 2975 ἀκτή
1287 2903 1398 2960 ἐστι
1429 2906 1564 2983 πρὸς
1616 2905 1804 2985 ἄρκτον

1998 2901 2274 2958 Flectenti
2302 2919 2437 2958 vero
2461 2903 2533 2959 ab
2555 2902 2736 2959 Sunio
2778 2919 2879 2959 ora
2903 2906 2993 2958 est
3014 2903 3085 2959 ad
3111 2903 3571 2975 septentrionem

159 2991 594 3070 ἆμφιθάλαττος,
647 2993 806 3061 στενή
837 2991 901 3047 τὸ
949 2990 1188 3066 πρῶτον,
1239 2995 1351 3050 εἶτα
1381 2995 1457 3058 εἷς
1513 2999 1612 3068 τὴν
1651 3020 1732 3072 μει

1997 2990 2221 3063 rimque
2263 3008 2421 3048 mare
2456 2992 2700 3062 habens,
2738 2997 2991 3065 angusta
3045 2992 3325 3064 primum,
3359 2991 3570 3048 deinde

153 3101 313 3157 γαιον
369 3079 720 3138 πλατύνεται.
753 3079 832 3138 Τὸ
865 3077 922 3136 δὲ
953 3079 1146 3138 λοιπὸν
1178 3082 1239 3138 τὸ
1297 3084 1433 3160 πρὸς
1484 3081 1726 3162 ἄρκτονέ

2014 3079 2240 3136 medias
2271 3085 2458 3136 terras
2490 3086 2789 3152 protensa.
2821 3081 3040 3137 Caetera
3069 3098 3202 3137 vero
3235 3082 3306 3137 ad
3337 3085 3571 3154 septen-

157 3167 398 3243 πλευρὸν
465 3168 572 3225 ἀπὸ
638 3172 737 3239 τῆς
796 3169 1070 3245 Ὠροπίας,
1138 3170 1228 3228 ἐπὶ
1280 3169 1428 3229 δόσιν
1492 3183 1730 3252 παρατεῖε

2001 3185 2180 3225 onem
2213 3186 2316 3225 ora
2340 3169 2412 3226 ab
2443 3169 2657 3242 Oropia
2693 3171 2764 3226 ad
2794 3170 3151 3227 occidentem
3203 3169 3574 3244 protenditur

165 3258 336 3334 μέχρι
366 3265 466 3329 τῆς
499 3256 828 3335 Μεγαρίδος.

1846 3309 1886 3335 η
1927 3275 2116 3330 usque
2147 3259 2218 3314 ad
2249 3259 2569 3331 Megarida.

231 3346 596 3424 Ὕπέρκεινται
637 3345 694 3404 δέ
721 3351 822 3413 τῆς
855 3350 1107 3420 Ἀττικῆς
1138 3351 1192 3406 αῖ
1216 3351 1570 3426 Σκειρωνίδες
1597 3355 1804 3433 πέτραι.

2002 3347 2202 3403 Attica:
2233 3349 2678 3420 superaminent
2705 3347 3040 3406 Scironides
3086 3352 3281 3422 petrae.
3315 3348 3451 3405 Post
3478 3364 3575 3406 eas

160 3436 316 3496 Μετᾶ
342 3434 401 3494 δὲ
429 3436 626 3500 ταύτας
655 3435 791 3514 ἂκρα
838 3437 1118 3515 πρόκειται
1178 3441 1374 3515 Μινῴα
1421 3441 1733 3519 ὠνομασμέι

2003 3453 2057 3492 ro
2078 3436 2416 3508 praeminet
2435 3439 2905 3510 promontorium
2924 3438 3141 3495 Minoia
3158 3437 3576 3510 nomine,quod

157 3530 394 3582 ποιοῦσα
421 3527 513 3582 τὸν
543 3527 596 3581 ἐν
625 3530 695 3601 τῇ
726 3527 926 3600 Νισαίᾳ
957 3525 1172 3602 λιμένα.

1049 3530 1172 3586 ιένα.
1925 3524 2129 3581 Niseia:
2159 3530 2393 3597 portum
2426 3525 2622 3582 eificit.

231 3617 294 3672 Ἦ
326 3613 383 3671 δὶ
441 3615 640 3672 Νισαία
670 3615 902 3672 έπίνειόν
935 3615 1047 3672 ἐστι
1078 3622 1184 3674 τῶν
1216 3621 1501 3697 Μεγάρων,
1535 3623 1678 3678 ὀκτὼ
1725 3623 1804 3679 καῖ

2000 3614 2185 3671 Nisaee
2217 3632 2387 3687 porro
2418 3619 2622 3688 portus
2653 3615 3088 3688 Megarensium
3121 3619 3210 3672 est
3241 3615 3340 3688 qui
3373 3616 3573 3672 decem

159 3703 292 3760 δέκα
321 3701 562 3767 σταδίοις
596 3702 782 3780 διέχον
815 3713 914 3776 τῆς
944 3704 1183 3770 πόλεως.
1216 3709 1280 3766 Ἥ
1313 3707 1371 3765 δὲ
1397 3713 1638 3788 Μεγαρὶς
1662 3735 1729 3788 με

2015 3708 2142 3760 octo
2198 3703 2391 3760 stadia
2447 3705 2518 3760 ab
2549 3704 2692 3760 urbe
2748 3705 2947 3760 distat.
2982 3704 3232 3776 Megaris
3290 3708 3487 3761 autem
3520 3707 3579 3760 et

159 3794 255 3854 καὶ
290 3791 422 3864 αὕτη
457 3795 519 3852 οὐ
557 3795 793 3871 βραχεῖα
839 3803 940 3867 τῆς
983 3795 1222 3860 πόλεωςι
1277 3801 1312 3869 ἡ
1363 3801 1464 3877 γὰρ
1500 3802 1716 3874 Ἀττικῇ

2004 3810 2058 3849 5a
2089 3809 2223 3865 pars
2255 3793 2587 3865 reipublica:
2619 3811 2732 3849 non
2768 3793 3015 3878 minima
3050 3798 3140 3850 est
3171 3810 3184 3848 :
3214 3793 3400 3850 Attica
3421 3795 3577 3850 enim

160 3883 399 3942 παλαιὸν
430 3882 610 3938 Ἰωνία
636 3884 726 3939 καὶ
756 3885 865 3946 Ἰὰς
894 3883 1162 3943 ἐκαλεῖτο.

1933 3883 2260 3953 antiquitus
2289 3883 2464 3938 Jonia
2494 3887 2550 3938 et
2578 3882 2678 3938 Jas
2710 3881 3139 3955 appellabatur.

237 3973 311 4028 Τὸ
356 3970 412 4027 δὲ
471 3973 725 4050 Θριάσιον
773 3971 959 4030 πεδίον
1013 3974 1189 4053 ἀγχοῦ
1248 3982 1421 4033 κεῖται
1476 3987 1577 4051 τῆς
1631 3980 1810 4039 Ἐλευ-

2002 3971 2286 4029 Thriasus
2318 3989 2489 4044 porro
2521 3988 2765 4045 campus
2791 3989 2972 4045 prope
3005 3970 3242 4028 Eleusin
3262 3972 3439 4044 jacet.

168 4083 345 4120 σινος.

242 4083 345 4124 νος.

242 4150 530 4230 ῌρόκειται
608 4148 665 4208 δὲ
731 4152 837 4207 aut
888 4159 990 4223 τῆς
1057 4155 1284 4218 Νισαίας
1341 4155 1563 4213 πλέοντι
1617 4158 1670 4224 ἐς
1723 4163 1815 4231 τὴν

2020 4150 2050 4204 ti
2079 4148 2268 4205 Nisaee
2297 4151 2496 4204 autem
2519 4147 2578 4202 in
2611 4148 2866 4203 Atticam
2901 4146 3201 4220 naviganti
3251 4146 3593 4219 prmeminet

164 4242 429 4313 ’Δττικήν
475 4243 509 4312 ἡ
559 4239 834 4315 Σαλαμίς⁸
876 4239 929 4297 έν
983 4240 1040 4297 δὲ
1086 4247 1155 4318 τῇ
1187 4243 1430 4321 παραλίᾳ
1457 4251 1525 4322 τῇ
1554 4251 1737 4304 ma:

2017 4235 2253 4293 lamina.
2302 4242 2364 4292 In
2393 4254 2494 4292 ora
2524 4241 2721 4292 autem
2755 4236 3113 4293 Salaminica
3144 4237 3242 4292 siti
3275 4240 3414 4291 sunt
3444 4236 3590 4291 fines

163 4330 380 4404 λαμῖνα
425 4333 640 4387 κεῖσθαι
689 4325 977 4405 συμϐαίνει
1032 4331 1101 4387 τὰ
1157 4331 1280 4408 ὅρια
1315 4342 1418 4404 τῆς
1464 4357 1522 4390 τε
1583 4343 1736 4415 Μαγα

2012 4326 2258 4399 agaridis
2285 4330 2342 4382 et
2370 4326 2590 4382 Atticae.
2623 4326 2748 4382 Duo
2781 4344 2953 4398 porro
3005 4331 3235 4383 montes
3266 4329 3407 4381 sunt
3437 4340 3585 4397 quos

161 4427 275 4490 κῆς
303 4420 393 4475 καὶ
447 4423 547 4487 τῆς
607 4417 869 4483 ’Δτθίδος·
932 4421 1033 4496 ὅρη
1098 4418 1156 4477 δέ
1214 4421 1470 4498 εἷσιδύο,
1520 4426 1552 4480 ἃ
1598 4425 1826 4485 καλοῦσι
1934 4420 2146 4473 νοοιῐη
2173 4415 2425 4472 cornua-

164 4512 405 4568 Κιρατα.

283 4530 405 4566 ατα.

217 4510 375 4654 ﬁgite:
419 4596 582 4662 πόλις
611 4596 884 4670 Ἐλευσιν,
944 4597 996 4653 ἐν
1054 4597 1180 4674 ᾔτὸ
1211 4607 1310 4673 τῆς
1343 4605 1640 4679 Δήμητρος
1682 4606 1790 4684 ἱερὸ

2011 4594 2233 4651 Deinde
2265 4596 2406 4651 urbs
2437 4594 2666 4650 Eleusis
2691 4593 2751 4649 in
2801 4610 2918 4666 qua
2948 4594 3173 4651 Cereris
3210 4593 3498 4666 templum
3527 4595 3584 4648 et

160 4695 272 4760 τῆς
339 4686 674 4753 Ἐλευσινίας
751 4689 841 4743 καὶ
916 4688 944 4743 ὁ
1017 4690 1277 4762 μυστικὸς
1337 4695 1528 4765 σηκός.
1582 4694 1716 4751 Εἶτα

2021 4684 2187 4755 {stica
2233 4684 2382 4740 olea.
2439 4683 2658 4740 Deinde
2703 4683 2989 4739 Thriasus
3048 4701 3311 4754 campus.
3374 4682 3594 4739 Deinde

165 4775 425 4854 Θριάσιον
485 4773 692 4834 πεδίον.
753 4777 885 4833 Εἶτα
941 4778 976 4847 ἡ
1037 4778 1344 4853 Ψυτταλία,
1392 4781 1580 4852 νησίον
1623 4781 1738 4860 ἔρηι

2020 4771 2234 4844 yttalia,
2269 4770 2464 4827 insula
2512 4787 2691 4843 parva
2741 4772 2974 4826 deserta
3003 4775 3060 4826 et
3093 4776 3346 4842 petrosa,
3380 4775 3439 4826 et
3468 4770 3593 4826 Mu-

166 4862 468 4939 πετρῶδες,
512 4866 600 4920 καὶ
651 4868 687 4936 ἡ
719 4865 1032 4942 Μουνυχία,
1063 4868 1233 4932 τόπος
1283 4869 1474 4934 κοῖλος
1506 4872 1595 4927 καὶ
1631 4857 1739 4928 ὗπόπ

2015 4859 2167 4925 chia,
2198 4859 2365 4915 locus
2425 4876 2602 4915 cavus
2653 4865 2708 4914 et
2764 4861 3055 4915 sutl'ossus
3103 4861 3250 4916 ostio
3298 4875 3476 4931 parvo
3505 4857 3587 4913 in-

172 4976 282 5032 μος
337 4954 550 5027 στομίῳ
608 4959 790 5031 μικρῷ
845 4957 945 5025 τήν
997 4953 1208 5013 εἷ’σοδον
1263 4953 1431 5034 ἔχων.
1488 4960 1585 5016 Καὶ
1617 4962 1678 5017 τὸ
1732 4984 1745 5035 ι

2015 4964 2204 5004 essum
2266 4947 2548 5019 prmbens.
2610 4947 2679 5002 Et
2736 4947 3087 5019 antiquitus,
3160 4949 3398 5018 quidem
3452 4962 3588 5000 mu-

167 5043 409 5102 παλαιὸν
465 5042 798 5120 ἐτετείχιστο
857 5045 946 5099 καὶ
1002 5046 1328 5120 συνῴκιστο,
1388 5049 1600 5124 καὶτῷ
1655 5051 1740 5106 τείι

2019 5053 2058 5092 ,8.
2111 5039 2236 5092 erat
2292 5040 2351 5090 et
2405 5035 2626 5091 incolas
2686 5035 2953 5106 habebat,
2985 5039 3042 5091 et
3084 5035 3192 5091 hoc
3225 5051 3393 5090 muro
3427 5033 3592 5089 unie-

168 5132 354 5205 τούτῳ
400 5135 640 5202 συνῆπτο
691 5131 779 5188 καὶ
831 5133 898 5188 τὰ
953 5135 1135 5210 μακρά
1180 5137 1343 5212 τείχη
1402 5143 1512 5194 τῶν
1563 5142 1741 5212 Ἀθηνι

2018 5130 2153 5181 ntur
2207 5123 2365 5196 longi
2424 5125 2786 5180 Athenarum
2850 5125 3037 5180 muri.
3100 5125 3416 5181 Innumera
3485 5139 3591 5178 au-

170 5224 228 5279 o't
279 5221 336 5278 δὲ
382 5220 587 5278 πολλοὶ
647 5221 886 5295 πόλεμοι
941 5223 1004 5278 τὸ
1048 5229 1237 5300 τεῖχος
1287 5229 1619 5303 κατήρειψαν
1649 5231 1738 5285 καὶ

2013 5233 2054 5271 n
2109 5214 2262 5271 bella
2319 5231 2556 5270 murum
2619 5220 2953 5270 everterunt
2983 5220 3038 5269 et
3096 5213 3413 5285 Munychia
3455 5229 3586 5268 mu-

166 5316 275 5378 τῆς
333 5310 651 5387 Μουνυχίας
701 5305 898 5387 ἔρυμα,
955 5311 1046 5367 τόν
1108 5334 1166 5368 τε
1205 5316 1431 5389 Πειραιᾶ
1488 5302 1739 5375 συνέστειί

2017 5310 2294 5372 mentum,
2329 5303 2732 5375 Pirazeumque
2763 5303 2822 5358 in
2874 5320 3119 5376 parvum
3169 5302 3427 5374 spatium
3461 5318 3590 5357 con-

167 5401 250 5464 εἰς
302 5400 480 5477 βραχὺ
525 5401 615 5455 καὶ
685 5400 751 5454 τὰ
798 5399 980 5474 μακρὰ
1025 5401 1184 5478 τείχη
1233 5405 1593 5479 κατέσπασαν,
1653 5416 1740 5464 Aa:

2015 5398 2262 5462 ixerunt,
2305 5392 2632 5464 longosque
2685 5409 2889 5449 muros
2937 5393 3268 5448 diruerunt.
3328 5392 3588 5447 Lacedae-

168 5489 473 5562 δαιμονίων
536 5489 631 5561 μὲν
681 5486 1024 5545 καθελόντων
1077 5493 1363 5568 πρότερον,
1424 5478 1713 5570 Ῥωμαίων

2014 5482 2124 5538 Jnii
2175 5483 2340 5554 prius
2390 5498 2488 5537 eos
2538 5481 2900 5553 dejecerunt,
2953 5485 3011 5536 et
3059 5481 3271 5537 deinde
3317 5478 3587 5550 Romani,

169 5576 424 5654 ὕστερον,
474 5575 637 5646 ἡνίκα
690 5575 870 5640 Σύλας
935 5577 1372 5657 ἐκπολιορκήσας
1441 5583 1554 5640 εἷλε
1605 5585 1694 5640 καὶ
1736 5609 1742 5623 ·

2026 5573 2178 5628 ando
2210 5571 2363 5644 Sylla
2397 5570 2702 5627 obsidione
2733 5575 2968 5643 captum
3001 5570 3281 5627 Piraeeum
3324 5574 3380 5626 et
3407 5569 3591 5626 Athe-

172 5672 405 5740 Πειραιᾶ
451 5667 542 5722 καὶ
570 5665 635 5722 τὸ
665 5666 854 5725 "Am.

829 5694 854 5725 ι.
1941 5680 2047 5718 nas
2078 5661 2402 5732 occupavit.

253 5756 396 5814 Αὐτὸ
447 5753 503 5812 δὶ
557 5757 621 5812 τὸ
673 5756 838 5813 Ἀστυ
895 5756 1065 5833 πέτρα
1113 5758 1253 5816 ἐστὶν
1305 5761 1358 5817 ἐν
1401 5761 1573 5838 πεδίῳ
1621 5785 1826 5841 περιοι-

2014 5770 2147 5840 Ipsa
2169 5783 2302 5824 vero
2332 5767 2475 5823 urbs
2495 5772 2586 5824 est
2615 5783 2789 5839 rupes
2813 5765 2874 5822 in
2897 5783 3103 5840 campo
3126 5783 3466 5840 assurgens,
3488 5781 3587 5823 un-
