3984 6348
477 387 629 447 1159
1797 386 2219 449 MICHAELIS
2270 389 2538 449 PSELLI
3763 383 3899 444 H60

465 520 644 592 dique
668 519 941 576 domibus
962 519 1348 577 circumdata.
1374 522 1436 576 In
1468 521 1597 593 ipsa
1622 526 1815 577 autem
1849 537 1994 593 rupe
2024 538 2038 576 ε

2333 523 2466 592 μένη
2517 516 2724 591 κύκλῳ·
2786 516 2873 573 ἐπὶ
2933 514 2991 572 δὲ
3048 521 3116 591 τῇ
3174 518 3345 593 πέτρα
3400 515 3466 571 τὸ
3518 521 3633 585 τῆς
3683 515 3896 584 Ἀθηνῇ

467 610 735 667 Minerva:
777 609 1076 681 templum,
1110 611 1274 666 urbis
1306 612 1580 668 Praesidis
1613 612 1924 683 antiquum
1956 616 2040 666 te:

2316 609 2388 677 ὃν,
2449 608 2479 664 ὅ
2534 630 2593 663 τε
2648 608 2881 684 ἀρχαῖος
2939 608 3065 669 ναὸς
3125 607 3281 676 ὁτῆς
3334 602 3633 666 Πολιάδος
3694 602 3754 658 ἐν

466 702 717 773 plum,in
751 718 866 772 quo
890 702 1392 773 inexstinguibilis
1416 702 1732 775 lampas,et
1752 702 2039 758 Partheno

2320 698 2481 763 ῖεστος
2540 697 2768 776 λύχνος,
2822 699 2912 754 καὶ
2965 699 2993 752 6
3034 698 3342 770 Ιιαρθενὼν,
3392 696 3487 751 καὶ
3522 700 3561 765 ἡ
3620 695 3893 767 ἐλεφάντι-

463 797 519 845 et
548 791 805 844 eburnea
834 792 1108 860 Minerva,
1153 792 1450 861 egregium
1485 792 1703 848 Phidias
1753 809 1922 862 Opus.
1950 793 2018 845 Et

2372 791 2593 859 Ἀθηνᾶ,
2648 790 2710 843 τὸ
2761 788 2989 858 ἐξαίσιον
3038 792 3136 843 τοῦ
3170 784 3396 842 Φειδίου
3444 783 3649 860 ἔργον.
3687 783 3890 840 Καὶῗη

463 878 766 951 Hegesiam
800 878 857 933 in
883 882 1011 948 ejus
1035 881 1103 934 de
1120 882 1259 935 urbe
1291 881 1477 936 Libris
1501 881 1906 947 imiter,timeo
1928 896 1997 935 ne
2022 899 2036 934 π

2344 877 2436 932 τὸν
2496 877 2759 952 Ἡγησίαν
2822 875 2874 931 ἐν
2928 882 3047 937 τοῖς
3108 875 3231 951 περὶ
3283 882 3385 944 τῆς
3443 874 3687 934 πόλεως
3720 872 3888 946 λόγοις

457 967 1166 1038 dundemctpropositum
1193 985 1387 1024 meum
1409 970 1515 1025 hoc
1538 970 1825 1040 scriptum
1847 970 2030 1024 exced;

2314 969 2592 1039 ιήσωμαι,
2646 968 2791 1021 ἀκνῶ
2843 965 3181 1034 πλεονάζειν,
3242 965 3320 1037 μή
3372 957 3567 1036 συμϐῇ
3618 970 3736 1032 τῆς
3779 982 3887 1034 προ-

461 1057 623 1113 Unde
663 1058 876 1128 partim
909 1063 966 1112 et
1013 1059 1267 1129 sparsim
1300 1059 1489 1114 dicam
1527 1075 1541 1115 :
1582 1058 1733 1113 Illud
1775 1057 2034 1113 Leocoric

2314 1077 2415 1117 εως
2462 1056 2704 1110 ἐκπεσεῖν
2752 1056 2851 1124 τήν
2895 1057 3131 1132 γραφήν.
3182 1056 3334 1117 Ὀθεν
3381 1052 3527 1107 κατᾶ
3582 1051 3765 1126 μέρος
3813 1052 3886 1105 ui

458 1147 567 1202 hoc
597 1146 889 1201 Theseum
920 1164 932 1213 ;
963 1145 1043 1201 ibi
1076 1146 1418 1214 Marathon;
1468 1148 1585 1203 illic
1618 1148 1940 1217 Rhamnus,
1990 1146 2028 1200 il

2312 1143 2623 1217 ππασμένως
2682 1142 2827 1218 ἰρῶ·
2899 1142 3071 1198 ἐκεῖνο
3123 1142 3475 1215 Λεωκόριον·
3550 1145 3731 1194 τοῦτο
3791 1146 3885 1208 Θη-

458 1235 710 1301 Decelia,
743 1234 971 1289 celebre
992 1235 1551 1306 Pel0ponnesiorum
1576 1235 2031 1309 propugnacului

2311 1253 2375 1288 3v
2440 1238 2605 1287 τοῦτο
2680 1234 2983 1307 Μαραθών·
3072 1230 3246 1286 ἐκεῖνο
3323 1232 3637 1303 Ῥαμνοῦς·
3740 1227 3884 1282 τοῦτο

456 1323 601 1378 Hinc
626 1323 900 1393 Lyceum;
925 1322 1060 1377 hinc
1085 1324 1454 1396 Olympicum
1479 1325 1759 1380 stadium.
1781 1325 1864 1379 lbi
1888 1325 2029 1379 Acad

2311 1322 2495 1395 ιὲλεια,
2553 1323 2615 1377 τὸ
2671 1323 2961 1397 περιφανὲς
3015 1326 3121 1376 τῶν
3180 1318 3655 1388 Πελοποννησίων
3716 1320 3884 1393 ὁρμη-

459 1414 578 1467 mia
598 1418 653 1467 et
674 1412 1156 1483 phi1030phorum
1184 1414 1421 1483 horti,et
1444 1415 1757 1481 0deum,et
1791 1414 1956 1468 Varia
1974 1430 2032 1485 pc

2311 1430 2423 1463 ›ιον·
2484 1414 2645 1463 τοῦτο
2700 1407 2950 1463 Λύκειον·
3014 1408 3188 1463 ἐκεῖνο
3241 1408 3303 1463 τὸ
3344 1405 3718 1478 Ὀλυμπικὸν
3772 1406 3884 1460 στά-

456 1500 975 1569 ticus;etillustrcs
998 1501 1128 1569 vici,
1164 1503 1455 1573 Cephisia,
1488 1502 1767 1570 Phalerea,
1801 1502 2029 1573 Sphetti

2311 1517 2351 1550 ν’
2413 1497 2640 1552 ἐνταῦθα
2705 1500 2739 1566 ἡ
2773 1494 3089 1570 ’Δκαδημία
3136 1495 3225 1551 καὶ
3258 1497 3311 1551 οἱ
3366 1499 3549 1561 κῆποι
3582 1500 3703 1550 τῶν
3740 1492 3884 1569 φιλο-

456 1589 753 1661 CecrOpia,
799 1588 1102 1659 Cytherus,
1155 1591 1449 1662 Aphidna,
1500 1590 1748 1646 Eleusis.
1803 1592 1927 1645 Rrec
1968 1608 2029 1646 su

2309 1608 2416 1654 ιων,
2463 1587 2555 1640 καὶ
2612 1588 2674 1641 τὸ
2726 1584 2955 1664 ᾨδεῖον,
3000 1586 3089 1641 καὶ
3140 1589 3174 1655 ἡ
3209 1584 3442 1654 Ποικίλη
3478 1587 3644 1638 στοά·
3685 1584 3782 1638 καὶ
3839 1583 3882 1636 οἱ

455 1678 668 1734 veteris
685 1678 1012 1732 Academia:
1035 1678 1294 1748 vestigia,
1328 1679 1449 1733 haec
1471 1697 1650 1748 novae;
1682 1680 1879 1735 omnia
1903 1680 2028 1733 Mus

2309 1681 2525 1748 κιφανεῖς
2583 1673 2773 1749 δῆμοι,
2808 1678 2842 1745 ἡ
2876 1676 3137 1753 Κηφισία,
3169 1674 3235 1730 τὰ
3264 1672 3525 1747 Φάληρα,
3561 1676 3599 1743 ἡ
3644 1674 3882 1747 Σφηττὼ

454 1766 910 1841 spirant,omnia
931 1768 1317 1831 Gratias.Quae
1342 1769 1497 1823 enim
1523 1770 1579 1823 in
1595 1769 1826 1823 civitate
1848 1772 1988 1822 sunt
2008 1787 2027 1823 ε

2304 1765 2598 1839 Κεκροπία,
2649 1767 2683 1833 ἡ
2730 1765 2975 1837 Κύθηρος
3005 1807 3019 1833 ,
3070 1767 3104 1834 ἡ
3164 1760 3391 1841 Ἅφιδνα
3424 1804 3439 1829 ,
3501 1763 3540 1830 ἡ
3606 1762 3877 1821 Ἐλευσὲς·

454 1871 735 1913 canorum
761 1852 960 1921 ruinae,
1003 1854 1356 1911 illustriores
1398 1862 1537 1912 sunt
1564 1857 1710 1929 ipsis
1736 1856 2027 1911 civitatibt

2305 1859 2435 1929 iuva
2464 1859 2631 1909 ταῦτα
2677 1862 2777 1923 τῆς
2825 1850 3060 1915 παλαιᾶς
3121 1850 3486 1924 Ἀκαδημίας,
3552 1849 3749 1905 ἐκεῖνα
3788 1858 3878 1919 τῆς

454 1940 735 2015 νεωτέρας·
798 1939 968 1995 πάντα
1003 1947 1219 2014 μουσῶν
1250 1948 1389 2015 πνεῖ,
1417 1944 1591 1998 πάντα
1621 1942 1886 2018 χαρίτων.
1918 1942 1985 1996 τὰ
2014 1942 2116 2017 γὰρ
2149 1941 2201 1996 ἐν
2231 1944 2297 2014 τῇ
2326 1942 2486 1997 πόλει
2521 1942 2727 2017 ἐρείπια
2768 1948 2875 1996 τῶν
2926 1941 3255 2018 ἀπορρήτων
3301 1937 3376 1997 ἔτι
3428 1965 3871 2023 περιφανεσιιρι

456 2030 695 2091 πόλεων.

524 2126 596 2181 Ut
653 2132 850 2184 autem
912 2126 1099 2198 magis
1132 2141 1196 2179 ac
1254 2122 1443 2193 magis
1472 2123 1706 2178 civitate
1757 2122 1993 2188 fruaris,
2028 2121 2097 2176 ab

2306 2122 2394 2176 Ινα
2426 2117 2482 2174 δὲ
2514 2119 2599 2174 ἐπὶ
2630 2118 2798 2174 πλὲον
2856 2120 3253 2197 κατατρυφῲης
3302 2127 3402 2191 τῆς
3455 2122 3715 2191 πόλεως,
3774 2123 3875 2177 ἀπὸ

453 2232 554 2270 ora
584 2232 710 2287 quas
748 2217 1028 2271 Euboeum
1061 2214 1287 2283 spectat
1342 2212 1543 2266 Atticae
1593 2211 1928 2276 conserenti,
1977 2214 2026 2264 st

2300 2230 2305 2268 ς
2357 2210 2493 2284 πρὸς
2524 2205 2751 2264 Εὔϐοιαν
2804 2208 3076 2284 παραλίας
3129 2216 3230 2278 τῆς
3288 2215 3553 2285 συνεχοῦς
3609 2215 3690 2283 τῇ.
3753 2214 3873 2267 Ἀτ-

450 2304 555 2358 tim
587 2305 840 2359 occurrit
870 2305 1097 2374 Oropus
1128 2306 1184 2355 et
1214 2317 1380 2355 sacer
1410 2306 1611 2371 portus
1644 2317 1818 2371 quem
1862 2300 2023 2371 Delpl

2297 2302 2351 2372 ᾗ,
2412 2297 2563 2359 εὐθὺς
2620 2300 2646 2353 6
2704 2301 2939 2374 Ὡροπὸς
2969 2298 3272 2373 πρόκειται,
3323 2300 3413 2353 καὶ
3446 2302 3473 2353 ὁ
3506 2301 3661 2376 ἱερὸς
3698 2300 3870 2373 λιμὴν

451 2392 615 2448 nium
675 2397 903 2461 vocant,
963 2390 1115 2462 apud
1174 2405 1348 2459 quem
1403 2389 1648 2459 antiqua
1706 2392 1795 2444 est
1854 2389 2024 2443 Erelrl

2324 2386 2550 2442 καλοῦσι
2610 2385 2916 2465 Δελφίνιον,
2964 2389 3081 2442 καθ’
3137 2387 3194 2442 ὃν
3253 2390 3288 2457 ἡ
3348 2386 3563 2443 παλαιὰ
3593 2389 3866 2465 Ἐρέτρια.

448 2481 666 2537 Deinde
724 2480 989 2549 Delium,
1049 2477 1303 2549 Apollini
1371 2483 1819 2533 consecratum.
1898 2478 2017 2549 Neq

2293 2497 2339 2530 τα
2394 2478 2457 2530 τὸ
2518 2475 2761 2547 Δήλιον,
2820 2476 2881 2530 τὸ
2934 2476 3079 2550 ἱερὸν
3137 2479 3239 2530 τοῦ
3299 2475 3711 2541 Ἀπόλλωνος.
3774 2479 3866 2533 Καὶ

446 2570 651 2641 procul
702 2569 910 2641 ingens
968 2571 1171 2640 portus
1222 2583 1395 2638 quem
1444 2567 1809 2622 Profundum
1853 2567 2019 2622 Portu

2298 2565 2349 2619 >ἁ
2400 2569 2594 2620 τοῦτον
2644 2562 2816 2637 λιμὴν
2881 2564 3068 2639 μέγας,
3130 2562 3187 2618 ὅν
3246 2565 3473 2620 καλοῦσι
3528 2566 3718 2630 Βαθὺν
3780 2575 3871 2622 Λι-

444 2658 773 2714 nominant.
808 2658 1027 2714 Deinde
1072 2654 1259 2727 Aulis,
1311 2659 1581 2727 petrosus
1610 2655 1795 2712 locus.
1824 2656 1891 2710 Et
1920 2671 2017 2727 pro

2295 2675 2358 2710 να.
2418 2655 2533 2717 Εἴθ’
2589 2657 2623 2723 ἡ
2677 2652 2868 2724 Αὐλὶς,
2920 2650 3193 2729 πετρῶδες
3220 2653 3454 2729 χωρίον.
3488 2656 3588 2710 Καὶ
3623 2654 3868 2726 πλησίον

444 2748 722 2805 Euripus.

2207 2745 2235 2799 6
2266 2741 2526 2805 Εὔριπος.

513 2765 722 2819 iripus.

513 2841 589 2893 Et
618 2836 855 2909 quidem
881 2852 949 2891 ea
987 2840 1075 2891 est
1104 2851 1307 2890 versus
1330 2834 1607 2889 Euboeam
1639 2851 1742 2889 ora
1774 2833 2086 2889 maritima.

2290 2763 2527 2814 ιυριπος.

2290 2832 2374 2886 Καὶ
2416 2833 2450 2901 ἣ
2514 2831 2607 2904 μὶν
2667 2830 2910 2906 παραΛία
2962 2830 3187 2902 τοιαύτη
3247 2852 3329 2895 τις
3360 2835 3395 2902 ἡ
3429 2834 3568 2907 πρὸς
3600 2829 3863 2893 Εὔϐοιαν.

446 2926 509 2980 In
544 2924 757 2981 mediis
789 2930 984 2980 autem
1017 2923 1186 2978 terris
1215 2923 1286 2978 ab
1314 2922 1614 2978 occidente
1663 2926 1751 2977 est
1797 2922 2019 2977 Citbero

2348 2916 2395 2973 δ’
2448 2918 2500 2973 ἐν
2554 2923 2623 2993 τῇ
2686 2918 2969 2996 μεσογαίᾳ,
3029 2919 3135 2975 ἀπὸ
3189 2922 3287 2989 τῆς
3343 2920 3572 2996 ἑσπέρας
3605 2924 3633 2977 6
3670 2926 3865 2978 Κιθαι-

446 3016 518 3071 ad
570 3014 1032 3086 septentrionem
1085 3011 1471 3068 Phocensium
1514 3012 1676 3066 urbs.
1710 3016 1794 3066 Ex
1838 3010 2019 3065 Phoce

2287 3030 2333 3079 ν,
2382 3009 2520 3084 πρὸς
2565 3006 2623 3063 δὶ
2670 3007 2865 3083 ἄρκτον
2927 3011 2963 3079 ἠ
3009 3008 3246 3064 Φωκέων
3309 3008 3492 3072 πόλις.
3529 3012 3629 3069 Ἐκ
3662 3010 3728 3067 δὶ
3760 3018 3860 3067 τῶν

449 3102 613 3159 sibus
662 3107 860 3159 autem
918 3100 1220 3157 montibus
1279 3098 1450 3154 multi
1511 3099 1878 3155 descendunt
1910 3097 2022 3152 fluv

2288 3104 2471 3155 »κικῶν
2527 3100 2668 3176 ὁρῶν
2708 3096 2914 3155 πολλοὶ
2965 3100 3207 3173 ποταμοὶ
3254 3103 3675 3177 καταφέρονται,
3731 3104 3861 3158 ὧνὸ

446 3208 694 3263 quorum
720 3191 1009 3246 maximus
1038 3196 1125 3244 est
1154 3186 1538 3260 Chephissus.
1575 3186 1861 3242 Schmnus
1893 3191 2019 3241 aute

2290 3190 2474 3265 φισσὸς
2528 3190 2797 3265 μέγιστος.
2857 3189 2921 3246 Ἡ
2976 3186 3035 3243 δὲ
3094 3195 3325 3265 Σχοῖνος
3373 3192 3531 3265 χώρα
3585 3191 3703 3247 ἐστὶ
3762 3201 3861 3261 τῆς

443 3279 587 3335 urbe
647 3283 735 3334 est
788 3278 1225 3334 Thebanorum.
1276 3278 1416 3332 Eam
1496 3281 1690 3331 autem
1752 3276 2016 3347 praeterfll

2287 3272 2501 3346 ϐαϊκῆςο
2565 3277 2647 3353 ῥεῖ
2694 3273 2751 3331 δὶ
2807 3278 2894 3331 καὶ
2946 3278 3192 3349 ποταμὸς
3243 3274 3313 3333 δι’
3362 3277 3527 3348 αὐτῆς
3587 3285 3860 3356 Σχοινοῦς

441 3366 655 3424 ﬂuvius
710 3366 997 3423 Schaenus
1058 3366 1313 3421 nomine.
1366 3364 1639 3420 Citheron
1689 3369 1886 3419 autem
1920 3380 2014 3419 mo

2283 3366 2627 3439 ›μαζόμενος.
2704 3367 2763 3423 Ὀ
2831 3363 2889 3420 δὲ
2956 3368 3230 3441 Κιθαιρὼν
3292 3366 3421 3443 ὅρος
3478 3365 3730 3441 ὑψηλόν.
3797 3372 3856 3427 Ὁ

439 3456 703 3513 excelsus
761 3460 869 3511 est.
933 3456 1204 3510 Ismenus
1258 3454 1471 3509 ﬂuvius
1527 3458 1584 3509 et
1641 3456 1865 3525 Asopus
1899 3452 2012 3524 pla!

2286 3476 2384 3509 ατοι
2445 3456 2697 3526 Ἰσμηνὸς
2756 3455 3004 3528 ποταμὸς
3069 3458 3155 3510 καὶ
3216 3456 3245 3510 6
3302 3456 3553 3519 Ἀσωπὸς
3608 3454 3704 3511 διὰ
3761 3461 3859 3513 τοῦ

2286 3546 2315 3559 ιι
2458 3543 2496 3559 ιι
2750 3548 2775 3559 ~
2918 3545 2933 3559 \
3036 3548 3064 3559 ιι.
3175 3550 3203 3559 Α
3256 3539 3323 3559 0..
3467 3548 3481 3559 ι
3547 3542 3593 3559 αι
3678 3547 3730 3559 μ’

437 3546 579 3602 tiem
600 3562 723 3617 quea
756 3552 889 3600 ante
911 3544 1142 3600 Thebas
1163 3544 1319 3614 jacet
1337 3543 1759 3614 praeterﬂuunt.
1784 3542 1949 3597 Dirce
1982 3559 2010 3597 a

2284 3544 2387 3599 Βίου
2447 3543 2624 3620 ῥέουσι
2681 3548 2780 3599 τοῦ
2835 3545 2942 3620 πρὸ
2996 3548 3105 3600 τῶν
3170 3539 3402 3613 Θηϐῶν
3457 3548 3491 3615 ἡ
3543 3542 3605 3601 δὶ
3662 3547 3857 3621 Δίρκη,

440 3638 560 3692 tem
608 3635 739 3691 fons
786 3638 897 3690 est.
949 3634 1019 3689 Et
1064 3632 1338 3689 Citheron
1377 3649 1493 3688 non
1545 3632 1746 3704 procul
1793 3648 1826 3687 a
1872 3632 2013 3687 Thel

2283 3634 2369 3703 ςνη
2402 3632 2532 3690 ἔστί.
2588 3632 2687 3687 Καὶ
2718 3633 2746 3688 6
2778 3633 3047 3709 Κιθαιρὼν
3074 3632 3132 3688 οὐ
3161 3633 3352 3710 πόρρω
3382 3655 3488 3690 που
3516 3639 3627 3689 τῶν
3657 3630 3856 3706 Θηϐῶν

442 3724 665 3781 ﬁnitur.

2191 3721 2442 3793 τελευτᾷ.

509 3812 727 3871 Deinde
757 3812 900 3869 urbs
927 3812 1192 3884 Thespiae
1230 3827 1409 3883 prope
1439 3809 1776 3866 Heliconem
1827 3814 1884 3865 et
1929 3810 2082 3865 Cris-

2281 3812 2395 3867 Μεθ’
2452 3810 2484 3866 ἃ
2538 3812 2629 3866 καὶ
2678 3814 2711 3881 ἡ
2764 3810 2928 3875 πόλις
2957 3812 3011 3866 αἱ
3057 3812 3281 3868 Θεσπιαὶ
3311 3812 3554 3888 πρὸςτῷ
3587 3810 3854 3870 Ἑλικῶνι

438 3917 621 3958 sanum
652 3900 847 3958 sinum
875 3902 1051 3971 jacet.
1086 3901 1269 3969 PrOpe
1296 3899 1581 3970 Thespias
1625 3904 1820 3954 autem
1867 3904 1955 3954 est
1979 3904 2011 3950 Α

2287 3899 2511 3972 κειμένη
2570 3904 2650 3971 τῷ
2708 3900 2982 3975 Κρισσαίῳ
3038 3899 3255 3974 κόλπῳ.
3314 3904 3404 3958 ’Ev
3476 3899 3531 3956 δὲ
3580 3907 3709 3965 ταῖς
3766 3910 3856 3959 Θι-

439 4007 557 4057 cra,
586 3989 819 4046 Hesiodi
842 3988 1122 4061 patria,in
1154 3987 1448 4043 Heliconis
1472 3988 1696 4044 dextra.
1722 3986 1958 4043 Helicon
1989 4003 2012 4042 s

2282 3994 2379 4052 ιαῖς
2410 3988 2519 4044 ἐστι
2579 3989 2669 4044 καὶ
2701 3991 2735 4059 ἡ
2791 3993 3019 4066 ”Ασκρη,
3074 3992 3108 4059 ἡ
3164 3994 3261 4046 τοῦ
3318 3988 3574 4047 Ἡσιόδου
3636 3993 3855 4069 πατρὶς,

437 4084 554 4136 tem
586 4083 677 4135 est
704 4078 763 4133 in
795 4078 1066 4134 Phocide.
1099 4078 1309 4133 Portus
1341 4080 1537 4133 autem
1570 4076 1963 4148 Thespiorum
1998 4093 2010 4132 ι

2282 4075 2423 4148 δεξιᾷ
2468 4081 2564 4133 τοῦ
2596 4074 2912 4142 Ἑλικῶνος.
2970 4079 3027 4133 '0
3079 4075 3136 4133 δὲ
3182 4076 3418 4135 Ἑλικὼν
3466 4081 3712 4154 συνεχής
3752 4080 3855 4136 ἐστι

436 4172 670 4224 Creusa.
706 4167 838 4223 Post
865 4166 1146 4237 Thespias
1175 4182 1310 4221 vero
1342 4170 1430 4221 est
1460 4165 1829 4238 Mycalissus,
1866 4169 1922 4221 et
1948 4182 2009 4237 pr

2310 4163 2544 4222 Φωκίδι.
2592 4165 2846 4223 Επίνειον
2905 4164 2964 4221 δὲ
3014 4171 3121 4221 τῶν
3181 4172 3427 4223 Θεσπιῶν
3483 4170 3517 4237 ἡ
3581 4167 3851 4243 Κρέουσα.

435 4274 506 4329 pe
537 4255 878 4325 Eleutheraa,
930 4256 1071 4311 urbs
1120 4254 1486 4312 contermina
1534 4254 1996 4311 Atheniensibus

2279 4256 2345 4310 τὰ
2375 4252 2433 4310 δὶ
2487 4255 2579 4317 τὰς
2634 4255 2865 4318 Θεσπιὰς
2927 4258 2962 4325 ἡ
3020 4254 3407 4326 Μυκαλησσὸς,
3460 4256 3551 4312 καὶ
3613 4255 3852 4328 πλησίον

438 4345 681 4403 Beotiis.
2197 4347 2250 4401 αἱ
2299 4344 2634 4421 Ἐλεόθιραι,
2665 4342 2828 4408 πόλις
2860 4340 3172 4424 ἀμφίϐολος
3206 4345 3514 4417 Ἀθηναίοις
3560 4346 3656 4401 καὶ
3689 4350 3858 4405 Βοιω-

2193 4457 2337 4497 τοις.

509 4524 637 4580 Hzee
667 4524 737 4579 de
768 4520 1007 4578 Athenis
1036 4521 1345 4577 sufﬁciunt
1378 4521 1805 4578 Athenicnsum
1842 4521 2082 4579 fautori.

2278 4527 2449 4597 Ἀρκεῖ
2510 4526 2672 4578 ταῦεα
2745 4522 2870 4597 περὶ
2921 4524 3168 4593 Ἀθηνῶν
3241 4527 3323 4595 τῷ
3377 4526 3487 4579 τῶν
3541 4524 3851 4595 Ἀθηναίων

437 4614 552 4669 Nos
573 4614 730 4670 enim
762 4612 897 4685 plus
927 4611 1227 4668 effecimus
1249 4628 1428 4683 quam
1451 4627 1687 4667 eramus
1712 4611 1923 4683 rogati,
1949 4628 2010 4666 cu

2279 4616 2416 4686 ιπῇ,
2466 4613 2657 4681 Ἡμεῖς
2709 4612 2813 4687 γὰρ
2873 4609 3040 4666 πλέον
3092 4632 3146 4667 τι
3193 4616 3291 4666 τοῦ
3336 4610 3708 4687 ἐπιτάγματος
3760 4635 3852 4669 1r:-

436 4702 795 4758 mentionem
838 4701 1224 4757 habuerimus
1264 4702 1334 4756 de
1376 4700 1719 4773 regionibus
1750 4704 1808 4757 et
1840 4703 1909 4757 de
1943 4702 2009 4758 cii

2276 4703 2525 4775 ιήκαμεν,
2573 4699 2661 4755 καὶ
2688 4705 2795 4755 τῶν
2831 4704 3122 4778 προσεχῶν
3158 4698 3362 4773 ταύτης
3423 4699 3849 4781 ἐπιμνηφθὲντες

438 4790 659 4847 tatibus
690 4789 825 4845 huic
856 4790 987 4846 urbi
1020 4790 1249 4846 vicinis.
1436 4856 1453 4871 ’

1237 4830 1249 4844 .
1436 4856 1453 4871 ἱ
2197 4791 2420 4870 χωρίων
2451 4790 2542 4846 καὶ
2571 4787 2680 4845 πόλ
2690 4810 2809 4847 εων.
