4056 6346
162 377 334 438 1161

1682 392 2114 457 EPISTOL/E.

3436 419 3594 480 1162

205 523 2941 564 ________.__________________________________________________

1193 684 1682 783 MIXAHA
1761 690 2010 788 ΤΟΥ
2086 693 2592 794 ΨΕΛΛΟΥ

686 873 781 936 Εἷς
810 877 902 931 τὸν
930 877 1173 954 χαλκοῦν
1202 882 1376 939 ἵππον
1403 886 1494 941 τὸν
1522 885 1574 942 ἐν
1606 892 1686 960 τῷ
1713 887 2087 966 Ἱπποδρόμῳ,
2121 892 2353 970 ἀπῃωρη
2368 896 2527 968 μένον
2559 899 2650 954 τὸν
2680 898 2821 956 πόδα
2846 895 3064 977 ἔχοντα.

1536 1186 1916 1246 MICHAELIS
1959 1191 2205 1250 PSELLI

877 1335 943 1396 1n
973 1355 1205 1400 tersum
1237 1356 1471 1419 equum
1502 1339 1567 1400 in
1597 1341 2054 1422 Hippodromo,
2098 1347 2204 1426 qui
2238 1349 2463 1428 pedem
2495 1353 2849 1416 attollebat.

1295 1499 1607 1573 (BANDURI,
1636 1504 1935 1575 Imperium
1966 1506 2172 1563 Orient.
2209 1509 2259 1575 Ι,
2290 1510 2436 1582 178.)

220 1839 513 1906 ’Έμπνους
544 1836 571 1890 6
601 1834 845 1910 χαλκοῦς
869 1834 1041 1899 ’ἵππος
1073 1837 1231 1900 οὗτος
1263 1837 1320 1894 ὃν
1359 1837 1600 1914 βλέπεις,

222 1925 508 1997 Ἐμπνους
540 1922 763 1994 ἀληθῶς
791 1924 882 1980 καὶ
912 1926 1234 2005 φριμάζεται
1265 1929 1431 2004 τάχα.

223 2013 330 2067 Τὸν
365 2013 620 2088 πρόσθιον
656 2011 713 2069 δὲ
740 2019 930 2070 τοῦτον
966 2015 1186 2093 ἐξαίρων
1210 2015 1372 2086 πόδα,

222 2099 399 2158 Βαλεῖ
431 2123 486 2157 σε
515 2103 605 2157 καὶ
638 2099 756 2173 λὰξ,
792 2102 840 2158 εἲ
867 2103 1140 2179 παρέλθῃς
1169 2105 1404 2174 πλησίον
1434 2125 1449 2141 ⁸

225 2196 464 2264 Δραμεῖν
498 2193 748 2267 καθορμᾷ
781 2213 794 2226 ⁸
829 2195 1006 2262 στῆθι,
1043 2195 1118 2268 μὴ
1151 2196 1564 2273 προσσεγγίσῃς,

222 2367 452 2424 Μᾶλλον
487 2367 543 2425 δὲ
574 2375 756 2448 φεῦγε,
795 2373 871 2445 μὴ
905 2367 1075 2447 λάϐῃς
1105 2374 1168 2428 τὸ
1191 2378 1288 2428 τοῦ
1319 2373 1507 2450 λόγου.

1835 1854 1889 1919 Α
1991 1845 2185 1918 Spirat
2213 1862 2400 1904 aereus
2430 1847 2540 1905 iste
2570 1865 2779 1923 equus,
2812 1869 2987 1925 quem
3018 1856 3212 1912 cernis

1991 1937 2188 2008 Spirat
2219 1953 2436 2006 revera,
2471 1955 2538 1994 ac
2572 1940 2834 1998 fortassis
2865 1944 3145 2000 infremit.

1992 2024 2140 2088 Quin
2165 2029 2221 2081 et
2251 2028 2600 2085 anteriorem
2633 2032 2839 2102 pedem
2872 2032 3052 2090 istum
3081 2035 3356 2092 attollens

1989 2117 2070 2172 'l‘e
2099 2116 2256 2173 calce
2286 2119 2542 2192 impetet,
2577 2121 2624 2176 si
2655 2124 2893 2196 propius
2925 2128 3186 2183 accedas.

1985 2207 2070 2262 Ad
2101 2225 2339 2263 cursum
2363 2215 2451 2266 est
2469 2211 2746 2268 incitatus
2771 2233 2785 2282 ;
2811 2213 2954 2270 siste
2985 2231 3332 2290 ergo,neque
3356 2235 3564 2292 appro-

3249 2308 3519 2380 [pinques
3549 2327 3562 2377 ;

1984 2386 2098 2440 Aut
2125 2386 2319 2458 potius
2352 2387 2504 2460 fuge,
2538 2407 2609 2446 ne
2641 2392 2745 2447 tibi
2778 2393 2936 2450 dicta
2965 2394 3260 2450 eveniant.

145 2558 2925 2590 Μ

833 2751 1540 2884 ΜΙΧΑΗΛ

1682 2755 2029 2884 ΤΟΥ
2174 2758 2896 2892 ΨΕΛΛΟΥ

1496 3015 2216 3115 ΕΠΙΣΤΟΛΑΙ.

562 3398 1474 3526 MICHAELIS
1567 3393 2158 3522 PSELLI
2257 3395 3164 3528 EPISTOLAE.

162 3787 246 3842 A'.
306 3788 396 3856 Τῷ
469 3783 851 3863 μητροπολίτῃ
927 3785 1345 3863 Θεσσαλονξκης,
1419 3785 1498 3859 τῷ
1569 3785 1812 3863 γεγονότι

1945 3786 1968 3840 “.
2003 3784 2358 3856 Metropolitae
2394 3785 2803 3863 Thessalonicae,
2841 3787 2937 3863 qui
2962 3789 3140 3857 [actus
3185 3789 3264 3842 est
3293 3787 3574 3842 rhetorum

637 3856 900 3932 μα’ἷστωρι
931 3863 1039 3913 τῶν
1080 3857 1352 3934 ῥητόρων.

241 3960 412 4021 Οόδὶν
463 3964 492 4018 6
541 3961 749 4041 ῥήτωρ,
781 3963 865 4019 ὅτι
912 3967 986 4038 μὴ
1035 3966 1258 4040 γλῶσσα
1295 3965 1546 4039 λαμπρὰ,
1572 3965 1671 4038 ,κᾶν
1731 3963 1820 4018 λέ-

160 4075 256 4128 γῃ,
345 4051 441 4106 κᾶν
519 4055 722 4132 γράφῃ,
803 4053 899 4108 κᾶν
989 4051 1217 4128 παιδεύῃ
1325 4054 1643 4130 ῥητορικὴν,
1724 4052 1818 4107 κᾶν

161 4139 470 4219 φιλοσοφίᾳ
515 4143 605 4196 τὸν
655 4146 780 4196 νοῦν
825 4140 1042 4218 ἀσχολῇ
1078 4161 1091 4175 ⁸
1124 4146 1222 4212 τήν
1280 4141 1336 4198 δὲ
1399 4142 1646 4217 γλῶτταν
1702 4138 1825 4195 ταύ..

156 4251 264 4300 την
330 4228 433 4305 ἔχῃ
480 4251 539 4285 τε
591 4232 731 4303 ὁμοῦ
778 4231 868 4286 καὶ
899 4230 1146 4308 ἀφίησιν.
1181 4231 1277 4286 Καὶ
1337 4228 1425 4286 διὰ
1479 4235 1645 4285 ταῦτα
1703 4226 1826 4284 οὔτε

162 4319 465 4388 Ἀθηναῖος
521 4320 557 4389 ἢ
613 4319 958 4395 Σπαρτιάτης
1013 4319 1178 4388 ἐστὶν,
1231 4317 1377 4375 ἀλλά
1432 4318 1670 4390 πολίτης
1726 4325 1827 4388 τῆς

161 4407 524 4480 οἰκουμένης,
555 4409 645 4463 καὶ
696 4409 940 4485 ἀτεχνῶς
981 4408 1229 4484 ἀστραπὴ
1280 4410 1313 4480 ἢ
1376 4410 1574 4484 βροντὴ
1625 4429 1823 4463 παντα-

163 4495 310 4572 χόσε
367 4499 716 4573 περιηχοῦσά
769 4519 828 4553 τε
883 4499 974 4552 καὶ
1021 4497 1393 4570 ἐκλάμπουσα.
1428 4499 1505 4555 Οὐ
1565 4499 1665 4574 γὰρ
1722 4497 1827 4570 μό-

166 4606 271 4642 νον
321 4582 609 4658 ὶπιδημῶν
655 4587 790 4659 ἡμῖν
857 4594 958 4656 τῆς
1011 4588 1214 4662 τέχνης
1280 4587 1680 4662 μιταχειρίζεις
1725 4589 1824 4656 τήν

170 4671 473 4748 σάλπιγγα,
532 4674 677 4730 ἀλλὰ
734 4675 821 4730 καὶ
882 4673 1188 4748 ἀποδημῶν
1246 4675 1479 4747 τοξεύεις
1548 4675 1629 4753 ἐφ’
1678 4678 1826 4747 ἡμᾶς

163 4762 303 4825 τοὺς
363 4761 560 4839 λὸγους
621 4763 802 4838 ὥσπερ
859 4765 1010 4826 τινὰς
1055 4765 1272 4826 ὀϊστούς
1306 4782 1318 4796 ⁸
1358 4764 1446 4820 καὶ
1477 4765 1709 4836 τοξεύων
1769 4763 1830 4818 οὐ

169 4852 462 4923 πλήττεις,
504 4851 653 4908 ἀλλά
704 4853 928 4928 βάλλων
973 4851 1193 4924 ἡδύνεις
1227 4873 1238 4886 ·
1290 4856 1378 4910 καὶ
1430 4855 1491 4909 τὸ
1549 4856 1832 4932 φάρμακον

167 4946 276 4997 τοῦ
322 4939 520 5016 βέλους
553 4939 641 4996 διὰ
685 4941 864 5013 πάσης
915 4948 1076 5020 φοιτᾷ
1113 4950 1214 5012 τῆς
1254 4946 1461 5018 ψυχῆς.
1489 4943 1679 5006 Οὕτως
1737 4963 1832 4998 σου

169 5034 208 5101 ἡ
248 5027 394 5102 λέξις
425 5049 439 5062 ⁸
475 5029 646 5095 οὕτως
678 5032 705 5086 6
735 5035 864 5093 νοῦς
899 5050 912 5064 ⁸
955 5030 1128 5095 οὕτως
1177 5035 1212 5102 ἡ
1262 5032 1497 5108 ἂρμονία
1529 5052 1541 5065 ⁸
1578 5033 1720 5087 οὕτω
1771 5033 1833 5087 τὸ

2557 3861 2818 3928 magister
2843 3859 2942 3928 (1).

2001 3963 2149 4028 Quid
2181 3963 2338 4019 aliud
2373 3968 2567 4019 orator
2587 3964 2701 4020 nisi
2734 3965 2852 4019 sive
2881 3963 3307 4035 loquatur,sive
3334 3965 3574 4032 scribat,

1933 4055 2052 4110 sive
2073 4053 2420 4110 rhetoricam
2434 4051 3184 4126 doceat,sivephilosophise
3203 4059 3457 4110 mentem
3481 4072 3578 4127 ap-

1933 4143 2128 4215 plicet,
2159 4157 2394 4214 semper
2424 4159 2524 4214 per
2552 4142 2818 4214 linguam
2850 4143 3167 4214 operatur?
3198 4144 3356 4198 Hanc
3404 4160 3576 4217 porro

1935 4231 2010 4286 ob
2041 4247 2278 4286 causam
2312 4247 2428 4286 non
2458 4231 2831 4287 Atheniensis
2853 4237 2960 4298 est,
2982 4249 3097 4286 non
3129 4233 3576 4302 Spartiates,sed

1935 4318 2094 4374 orbis
2127 4317 2380 4374 universi
2406 4319 2547 4374 civis
2576 4320 2695 4387 est;
2729 4318 2900 4391 longe
2930 4319 3087 4374 enim
3136 4319 3369 4392 lateque
3419 4325 3584 4376 tonat

1937 4425 2003 4464 ac
2033 4407 2453 4480 fulgurat.Non
2485 4407 2640 4463 enim
2674 4407 2864 4464 solum
2897 4408 3243 4480 eloquentiae
3275 4426 3381 4464 nos
3413 4410 3584 4481 quasi

1935 4498 2080 4552 tuba
2109 4496 2426 4565 demulces,
2478 4497 2782 4553 nobiscum
2832 4513 3225 4566 conversans;
3263 4499 3364 4554 sed
3396 4516 3426 4554 e
3454 4498 3584 4554 lon-

1936 4587 2156 4658 ginquo
2186 4587 2362 4641 etiam
2396 4603 2696 4642 sermones
2727 4591 2860 4642 tuos
2889 4587 3134 4642 telorum
3169 4587 3358 4644 instar
3388 4588 3448 4642 in
3481 4605 3586 4642 nos

1931 4677 2107 4749 jacis,
2139 4676 2222 4731 ita
2251 4679 2448 4732 tamen
2481 4680 2544 4730 ut
2576 4693 2647 4731 ne
2677 4675 2945 4731 vulneres
2978 4677 3298 4745 auditores,
3335 4679 3451 4733 imo
3483 4679 3585 4732 de-

1941 4765 2412 4832 mulceas,totam
2437 4764 2694 4820 animam
2720 4781 2929 4819 vocum
2955 4764 3248 4822 illecebris
3269 4767 3586 4824 imbuendo

1940 4861 2070 4911 Haec
2100 4858 2191 4910 est
2213 4858 2424 4909 natura
2454 4853 2748 4919 dictionis,
2801 4855 3031 4924 mentis,
3083 4854 3443 4923 harmonia);
3478 4858 3588 4913 hoc

1943 4946 2115 5001 modo
2147 4941 2281 5015 styli
2304 4942 2618 5015 rhythmus
2642 4942 2941 5014 procedit;
2975 4943 3084 4998 hac
3115 4943 3342 4999 ratione
3373 4950 3587 5012 orator,

1943 5032 2172 5104 qualem
2206 5048 2520 5104 praesumo,
2557 5031 2832 5088 omnium'
2867 5036 2958 5086 est
3005 5032 3292 5104 gentium.
3346 5033 3429 5088 En
3464 5049 3590 5088 mea

173 5117 390 5182 κάλλος
447 5126 547 5189 τῆς
601 5121 848 5198 φράσεως
883 5139 894 5153 ⁸
928 5125 1176 5183 τοιοῦτος
1235 5122 1262 5176 6
1311 5121 1442 5196 ἐμὸς
1502 5120 1685 5197 ῥήτωρ
1741 5120 1828 5176 καὶ

1945 5122 2136 5190 Siren,
2169 5137 2351 5192 osque
2391 5119 2764 5190 melliﬂuum,
2813 5120 3077 5187 suadela,
3129 5122 3484 5188 necessitas;
3519 5138 3589 5178 en

178 5206 476 5282 πάνδημος
504 5174 651 5264 ’καέι
687 5205 858 5274 ὅντως
924 5208 1261 5283 δημαίτατος
1295 5232 1308 5245 ⁸
1342 5174 1588 5282 ,τοιαῦται
1631 5174 1665 5280 ἦ
1727 5210 1828 5284 ἐμὴ

1949 5227 2280 5268 animorum
2313 5209 2620 5280 illecebrae,
2653 5210 2938 5266 mentium
2987 5228 3157 5278 esca;
3206 5212 3594 5282 cogitatorum

179 5298 382 5373 Σειρὴν
415 5296 504 5353 καὶ
535 5299 597 5353 τὸ
633 5298 900 5377 μελιχρὸν
935 5301 1112 5373 στόμα
1143 5319 1155 5332 ⁸
1191 5303 1226 5370 ἡ
1259 5301 1430 5356 πειθώ
1465 5318 1478 5332 ⁸
1511 5303 1545 5370 ἡ
1601 5299 1832 5376 ἀνάγκη·

249 5481 331 5553 (1)
363 5483 522 5540 Hane
550 5483 854 5552 epistolam
887 5499 1020 5540 cum
1052 5484 1284 5542 duabus
1316 5483 1699 5553 sequentibus
1721 5482 1839 5538 edi-

174 5553 267 5610 dit
298 5553 456 5628 Frird.
489 5555 671 5612 Tafel.
703 5555 772 5611 V.
804 5560 862 5612 C.
899 5558 956 5612 in
989 5558 1327 5628 Appendice
1356 5553 1426 5613 ad
1455 5554 1830 5628 Dissertatio-

180 5641 319 5701 nem
363 5627 874 5701 def/tessalonica,
902 5627 1125 5701 eiusque
1183 5646 1334 5701 agro.
1405 5627 1832 5700 Metropolitum

177 5697 354 5754 illum
387 5700 457 5758 ad
493 5716 670 5775 quem
703 5699 908 5758 scribit
938 5697 1166 5757 Pséllus
1205 5697 1476 5760 eumdem
1509 5697 1640 5760 esse
1670 5704 1838 5774 putat

507 5831 772 5892 PATROL.
821 5831 934 5891 Gn.
979 5829 1219 5892 CXXII.

1951 5315 2361 5366 musa,vocum
2377 5298 2658 5367 suavitas;
2672 5298 3046 5372 voluptarum
3065 5299 3598 5375 medulla,Calliope

1948 5498 2084 5538 cum
2115 5480 2218 5537 illo
2251 5497 2464 5554 magno
2497 5479 2930 5554 Eustathioiqui
2953 5499 3105 5537 anno
3131 5483 3267 5539 1192
3287 5485 3599 5540 defunctus

1945 5559 2073 5623 est;
2109 5555 2267 5628 quod
2305 5553 3107 5628 cumuaetateAPsellipostri
3153 5572 3271 5628 non
3328 5557 3597 5628 quadrat.

1943 5627 2234 5757 Epistolas
2248 5627 2381 5684 4-12
2399 5626 2576 5683 edidit
2591 5625 3012 5684 Boissonadius
3029 5625 3595 5701 Norimbergm1838.

1996 5717 2110 5756 DIT.

1996 5717 2110 5756 DIT.

3202 5831 3276 5889 37
