4056 6346
458 446 618 508 1163

454 642 516 721 in
545 642 1048 728 Thessalia,longe
1065 655 1137 709 ab
1159 651 1401 707 Athenis
1426 669 1439 717 ;
1466 650 1621 704 idem
1646 649 1704 701 in
1725 650 1849 701 tota
1868 642 2105 711 Graecia,

457 770 635 825 super
666 744 1053 810 montibus,in
1086 740 1339 795 vallibus
1366 759 1378 803 ;
1411 739 1566 794 idem
1597 741 1753 792 terra
1805 732 2108 789 luxuriosa

458 847 513 897 et
536 822 598 895 in
629 837 752 893 solo
786 834 975 899 arido,
1010 828 1421 897 immutabilis,
1454 827 1673 897 ubique
1704 839 1975 889 sonorus,
2008 822 2104 875 de-

457 925 767 991 lectabilis,
801 922 1044 978 auribus
1081 917 1315 982 suavis;
1352 917 1505 970 idem
1540 912 1798 979 subtilis,
1832 910 2106 976 ﬂoridus;

459 1024 791 1099 pellucidus
814 1016 1291 1091 ideoqueclarus;
1307 1013 1666 1096 gravisidem
1689 1027 1753 1065 ac
1771 1009 2106 1075 vehemens,

462 1096 615 1171 acer.
645 1112 811 1167 Adde
842 1108 997 1180 quod
1030 1104 1226 1160 omnia
1250 1102 1581 1174 promiscue
1607 1102 1795 1154 movet
1827 1098 1900 1168 (id
1927 1096 2109 1151 dicta-

461 1220 597 1260 men
631 1202 871 1265 meum).
906 1197 973 1250 Et
1005 1210 1148 1249 sane
1179 1192 1277 1247 ubi
1311 1186 1982 1262 philosophatur,gravis
2013 1202 2110 1256 ap-

461 1294 663 1365 paret;
694 1304 824 1342 vere
856 1288 1053 1340 orator
1075 1282 1174 1337 ubi
1208 1278 1519 1351 magnifice
1551 1275 1677 1331 vult
1705 1274 2107 1365 loquiLSacer-

460 1364 617 1436 dotio
647 1373 954 1447 fungitur?
987 1388 1156 1427 nemo
1189 1371 1378 1440 magis
1410 1368 1684 1423 sacerdos
1726 1364 1847 1419 illo.
1880 1364 1959 1418 De
1991 1368 2112 1418 arte

456 1465 735 1524 disserit?
766 1462 971 1527 Verba,
1001 1474 1167 1512 voces
1218 1455 1388 1527 plane
1420 1453 1831 1509 convenientes
1884 1450 1943 1503 in
1992 1465 2113 1502 me-

456 1557 620 1611 dium
655 1552 891 1624 profert.
924 1548 1104 1602 Nemo
1136 1545 1265 1616 ipso
1317 1540 1792 1613 magniﬁcentior
1821 1538 2110 1602 laudator,

455 1642 816 1715 explanator,
852 1631 2113 1715 explorator,perscrutator,argumentator,

464 1712 550 1787 Tu
571 1729 809 1801 quidem
836 1731 1039 1780 caetera
1057 1721 1270 1776 habilis
1293 1736 1376 1785 es,
1401 1724 1457 1773 et
1487 1715 1749 1788 epistola:
1780 1719 1895 1768 tuae
1917 1712 2113 1767 dulce-

464 1820 599 1875 dine
627 1820 755 1889 ipsa
786 1813 1074 1870 dulciores
1108 1814 1290 1864 artem
1325 1809 1513 1878 ipsam
1561 1806 1838 1876 produnt.
1865 1802 2007 1856 Nam
2043 1801 2114 1856 ad

466 1903 860 1976 eloquentiam
896 1904 1109 1955 natura
1140 1911 1426 1969 perquam
1479 1892 1724 1948 fautrice
1750 1890 1957 1960 uteris,
1990 1907 2115 1961 quae

469 2012 572 2064 per
592 2011 656 2049 os
679 1996 847 2047 tuum
874 2006 1050 2061 quam
1075 1983 1556 2058 splendidissime
1591 1997 1859 2037 resonare
1882 1979 2024 2035 velle
2046 1979 2121 2034 vi-

471 2086 659 2139 detur.
694 2078 971 2151 Antiquis
1003 2077 1242 2148 quidem
1274 2072 1638 2143 temporibus
1662 2070 1923 2140 undique
1942 2072 2121 2124 terra-

473 2188 603 2227 rum
655 2172 712 2223 in
758 2166 1121 2222 Thessaliam
1171 2162 1542 2218 conﬂuerunt
1580 2160 1652 2214 ob
1694 2158 1839 2213 alias
1872 2174 2121 2225 causas;

473 2261 717 2335 posthac
747 2263 940 2313 autem
972 2256 1281 2327 plerosque
1313 2252 1393 2308 ibi
1426 2256 1811 2307 conventuros
1843 2249 2029 2304 sentio
2064 2254 2126 2302 ut

474 2356 532 2406 te
591 2350 932 2419 loquentem
989 2344 1255 2399 audiant.
1308 2340 1626 2397 Ambitioso
1674 2355 1813 2395 sane
1862 2339 1965 2393 tibi
1997 2354 2125 2393 esse

476 2436 773 2507 licet,quia
806 2434 962 2507 quod
994 2450 1063 2488 ex
1092 2449 1189 2488 ore
1219 2431 1348 2487 ﬂuit
1369 2436 1489 2496 tuo,
1511 2447 1626 2485 non
1661 2445 1904 2500 corpora
1934 2426 2124 2483 solum

476 2527 693 2597 tangit,
724 2525 825 2580 sed
858 2525 912 2578 in
946 2523 1203 2578 animam
1234 2520 1416 2575 intrat
1458 2526 1514 2575 et
1556 2519 1915 2589 voluptatem
1947 2520 2123 2583 creat,

481 2616 718 2683 exaltat,
748 2612 1025 2675 intendit,
1078 2610 1320 2675 relaxat,
1371 2607 1689 2678 perfundit,
1743 2606 1901 2660 acria
1931 2605 2123 2666 solvit.

481 2703 691 2759 retinet
720 2705 777 2755 et
806 2699 929 2753 vice
958 2713 1147 2752 versa.
1183 2696 1344 2761 Quod
1365 2696 1414 2749 si
1444 2692 1802 2747 Thessaliam
1836 2697 1995 2746 tuam
2018 2691 2123 2745 tibi

480 2789 737 2861 loquenti
763 2802 931 2841 aures
956 2786 1307 2855 prrebentem
1335 2783 1602 2847 hubes,te
1632 2784 1689 2835 et
1710 2780 1865 2833 illam
1894 2781 2123 2835 beatam

487 2881 651 2946 dico;
688 2883 762 2943 te,
796 2875 953 2946 quod
986 2872 1204 2929 dociles
1254 2870 1553 2926 auditores
1602 2868 1929 2936 inveneris;
1963 2868 2124 2923 illam

487 2968 641 3038 quod
674 2965 810 3020 talis
840 2963 987 3035 ipsis
1018 2960 1289 3016 sacerdos
1319 2975 1384 3013 ac
1406 2961 1601 3013 orator
1616 2956 1973 3028 obtigerit.8i
1994 2973 2126 3012 vero

487 3054 635 3111 nulli
666 3053 909 3109 semidei
932 3050 1226 3105 auditores
1249 3045 1753 3111 exstiterint,beati
1770 3046 1853 3099 sic
1870 3062 2124 3117 quoque.

486 3147 613 3201 Tua
630 3142 867 3214 quidem
891 3139 1161 3194 felicitate
1182 3136 1325 3190 nihil
1343 3134 1787 3207 perfectius-tibi
1810 3134 2127 3206 stylus,tibi

487 3227 1086 3297 satisdatio,deﬁnitio
1106 3225 1398 3281 contraria
1428 3240 1493 3279 ac
1524 3223 2129 3294 ratiocinati3,prcevia

485 3318 777 3374 institutio
807 3295 875 3372 ac
906 3314 1267 3379 constitutio,
1313 3314 1578 3369 idearum
1628 3312 1880 3383 denique
1930 3312 2122 3367 mistio

2242 3307 2519 3370 ἐπιτείνειν
2553 3335 2564 3346 ’

486 3408 593 3462 tibi
628 3411 834 3477 praisto
864 3403 1176 3461 sunt.Nam
1208 3402 1427 3458 Graecia
1449 3403 1538 3472 (ut
1554 3402 1827 3474 equidem
1863 3400 2133 3471 arbitror)

488 3502 686 3567 etquae
706 3495 970 3566 regiones
993 3492 1223 3548 Graeciae
1241 3493 1509 3560 adjacent
1536 3491 1824 3546 autetiam
1844 3490 2135 3559 objacent,

489 3595 669 3665 (sicut
699 3592 1021 3662 Ionia)jam
1046 3590 1185 3645 olim
1206 3591 1263 3644 in
1286 3589 1498 3644 litteris
1512 3587 2138 3644 eruditatuerat.Nunc

494 3688 688 3738 autem
715 3680 912 3735 omnia
937 3680 1008 3734 ad
1034 3676 2138 3748 monumentaantiqua,rudera,ruinas

495 3772 727 3826 redacta
758 3775 913 3825 sunt.
942 3768 1071 3824 Jam
1096 3769 1211 3823 scis
1233 3768 1373 3838 quid
1395 3766 1500 3821 tibi
1531 3766 1962 3830 faciendum,ne
1988 3764 2139 3819 scire

496 3862 663 3912 tuum
698 3862 913 3929 pereat.
968 3857 1224 3927 Loquere
1272 3873 1467 3911 coram
1518 3856 1687 3910 nobis
1740 3853 2137 3918 audientibus,

490 3946 765 4017 laqueum
798 3964 911 4002 non
945 3946 1308 4015 distendens,
1328 3949 1532 4018 guttur
1552 3946 1716 4014 justo
1748 3944 1996 3999 nimium
2020 3960 2136 3997 non

488 4036 805 4101 tendendo,
839 4041 1040 4106 pectus
1064 4052 1177 4089 non
1201 4034 1723 4105 comprimens,sed
1755 4034 2135 4105 grammatico

490 4123 837 4196 obloquens,
881 4124 1169 4194 nobisque
1214 4139 1385 4178 voces
1429 4122 1641 4179 litteris
1691 4127 2136 4195 repraesentatas

487 4213 641 4268 sicut
673 4230 775 4284 per
799 4212 1063 4268 canalem
1092 4211 1509 4268 advehens.Sic
1533 4229 1632 4267 cor
1654 4231 1751 4284 per
1782 4231 1958 4269 venas
1980 4214 2133 4269 calo-

484 4317 607 4356 rem
638 4302 743 4355 toti
794 4302 1021 4369 corpori
1069 4301 1461 4356 communicat
1497 4322 1510 4370 ;
1544 4302 1627 4357 sic
1676 4303 1857 4373 hepar
1908 4302 2135 4373 perilia

484 4389 831 4462 sanguinem
869 4388 1151 4444 membris
1186 4390 1400 4456 mittit;
1426 4390 1509 4445 sic
1541 4392 1844 4447 cerebrum
1878 4408 1977 4463 per
1999 4392 2131 4446 dor-

482 4494 615 4533 sum
649 4493 885 4531 sensum
928 4494 1305 4533 communem
1355 4479 1576 4550 ubique
1625 4480 2012 4537 disseminat:
2047 4479 2131 4536 sic

480 4566 581 4636 qui
605 4565 948 4635 Megalopoli
966 4583 1174 4635 aquam
1202 4565 1340 4622 alibi
1364 4568 1574 4623 ducere
1590 4568 2127 4636 debebant,fossam

1790 423 2215 485 MlCllAELIS
2265 425 2530 486 PSELLI

453 573 1046 651 philosopha,natura
1059 554 2073 651 immutabilisddemsaneszantii
2087 595 2099 608 .

2234 554 2275 608 τὸ
2304 557 2410 609 τῶν
2465 553 2702 631 καρδιῶν
2756 553 3058 629 θέλγητρον
3094 571 3107 584 ·

3715 423 3872 482 1164

3162 553 3225 607 τὸ
3280 556 3386 607 τῶν
3445 554 3638 628 ψυχῶν
3703 552 3874 624 θήρα-

2214 661 2341 715 τρον
2378 659 2391 674 ·
2425 645 2459 712 ἡ
2494 646 2685 700 Μοῦσα
2711 649 2817 698 τῶν
2851 642 3065 697 ἐννοιῶν
3100 661 3112 675 ·
3148 644 3182 709 ἡ
3242 640 3404 716 χάρις
3460 645 3568 695 τῶν
3626 639 3827 710 λέξεων
3861 658 3872 671 ⁸

2214 731 2277 785 τὸ
2333 730 2564 807 γλεῦκος
2618 736 2717 801 τῆς
2774 730 2981 802 ἡδονῆς
3016 749 3029 762 υ
3058 731 3091 797 ἡ
3128 728 3429 806 φιλόσοφος
3463 727 3760 799 Καλλιόπη
3796 747 3810 759 ⁸
3843 730 3874 796 ἧ

2218 816 2599 891 ἀμετάϐλητος
2655 822 2831 898 φύσις.
2884 823 2946 877 Ὁ
2994 818 3160 881 αὐτὸς
3212 818 3316 894 γὰρ
3384 818 3437 872 ἐν
3494 816 3875 888 Βυζαντίῳ,ἒν

2220 906 2506 979 Θεσσαλίᾳ,
2543 908 2737 985 πόῤῥω
2785 914 2890 963 τῶν
2945 910 3212 977 Ἀθηνῶν,
3244 908 3383 982 πρὸς
3440 907 3576 978 αὐτῇ
3636 909 3708 978 τῇ
3754 904 3879 959 Ἑλ-

2220 993 2369 1066 λάδι,
2418 996 2469 1050 έν
2513 996 2810 1074 γηλόφοις,
2860 997 2912 1051 ἐν
2958 993 3240 1072 γηπέδοις,
3292 993 3342 1049 έν
3391 996 3704 1072 τρυφώσαις
3764 994 3880 1067 χὼ-

2222 1105 2358 1159 ραις,
2393 1084 2444 1138 ἐν
2494 1085 2758 1159 αὐχμηρᾷ
2813 1089 2906 1161 γῇ,
2942 1085 3005 1139 οὐ
3069 1079 3428 1157 μεταϐάλλων
3461 1102 3475 1115 ο
3536 1083 3599 1137 οὐ
3659 1104 3879 1156 μετατι-

2222 1173 2445 1245 θέμενος
2481 1194 2493 1207 ·
2528 1173 2845 1249 ἁπανταχοῦ
2902 1170 3156 1248 εὕκροτος
3184 1192 3197 1205 ⁸
3250 1170 3519 1245 εῦμουσος
3550 1191 3563 1204 ’
3624 1169 3836 1246 εὖηχος
3868 1191 3880 1201 '

2220 1261 2502 1338 γλαφυρός
2536 1283 2549 1295 ·
2610 1262 2889 1337 ἀνθηρόςο
2948 1262 3082 1334 μετὰ
3148 1265 3244 1317 τοῦ
3330 1260 3590 1336 λαμπροῦ
3648 1263 3833 1338 σαφής
3867 1280 3880 1291 ·

2227 1351 2363 1422 μετά
2410 1356 2509 1405 τοῦ
2566 1355 2771 1428 σαφοῦς
2832 1351 3050 1423 σεμνὸς,
3085 1351 3173 1406 καὶ
3238 1350 3373 1423 μετὰ
3402 1350 3597 1404 τούτου
3654 1349 3884 1425 γοργός,

2222 1439 2312 1491 καὶ
2365 1440 2479 1510 μετ’
2537 1438 2741 1494 ἐκείνου
2802 1440 3077 1513 ἀκμαῖος’
3143 1442 3317 1494 πάντα
3390 1439 3550 1493 κινῶν
3639 1439 3884 1514 ἆμέσως,

2225 1537 2468 1609 ἐκμέσως
2511 1539 2777 1611 (τοιοῦτον
2837 1539 2937 1614 γὰρ
2993 1538 3056 1593 τὸ
3110 1536 3241 1610 ἐμὸν
3300 1535 3723 1612 σεμνολόγημα)
3761 1556 3773 1568 ·
3828 1535 3884 1589 ἂν

2226 1625 2544 1702 σοφιστεύῃ,
2577 1629 2772 1699 σεμνός
2809 1648 2821 1661 ·
2876 1625 2935 1681 ἃν
2996 1625 3257 1701 σεμνύνῃ,
3309 1625 3643 1703 ῥητορικός’
3692 1624 3755 1678 ἂν
3812 1626 3889 1678 ἱε-

2228 1714 2447 1789 ρατεύῃ,
2508 1713 2681 1778 δεινὸς
2750 1716 3020 1792 ἱερατικός
3055 1735 3068 1748 ·
3128 1716 3186 1769 ἃν
3268 1714 3602 1790 τεχνολογῇ,
3664 1713 3891 1787 εὑρετής

2227 1798 2457 1877 ἀκριϐὴς
2507 1808 2614 1857 τῶν
2671 1804 2809 1877 πρὸς
2871 1803 3139 1882 εὐφημίαν
3192 1804 3456 1881 ἀφορμῶν
3496 1823 3509 1836 ·
3565 1801 3891 1877 μεγαλήγο-

2232 1911 2326 1964 ρος
2382 1890 2663 1962 ἐπαινέτης
2694 1911 2705 1922 ·
2742 1891 3041 1967 ὑψηλογῶν
3092 1892 3158 1947 τὰ
3208 1899 3348 1970 σαφῆ
3386 1912 3399 1926 ·
3457 1890 3778 1969 σαφηνίζων
3828 1892 3893 1943 τα

2238 1977 2425 2051 ὑψηλά
2453 1978 2732 2053 μεθόδοις,
2764 1981 2909 2059 φημὶ
2948 1986 3149 2053 τομαῖς
3197 1979 3305 2033 τισὶ
3363 1979 3453 2034 καὶ
3505 1977 3783 2048 λειότησι.
3819 1979 3891 2031 Συ

2235 2066 2292 2122 δὶ
2338 2067 2516 2123 τᾶλλα
2566 2070 2658 2141 μὲν
2710 2068 2877 2131 καλός
2912 2090 2924 2102 ⁶
2976 2067 3103 2124 ἀλλ’
3154 2067 3493 2123 ἐπιστέλλων
3525 2101 3592 2109 ——
3630 2067 3892 2142 ὑπέρευγε

2231 2164 2332 2226 τῆς
2389 2157 2750 2233 γλυκύτητος.
2808 2163 2861 2211 '0
2927 2157 3028 2233 γὰρ
3105 2179 3189 2212 τοι
3266 2154 3681 2229 ἐπιστολιμαῖος
3754 2157 3895 2228 πρὸς

2234 2248 2381 2317 ἡμᾶς
2415 2245 2577 2321 λόγος
2615 2246 2913 2320 μονονουχὶ
2946 2247 3127 2323 φωνὴν
3161 2245 3406 2322 ἀφίησιν,
3448 2245 3531 2299 ὅτι
3575 2245 3733 2320 φωνή
3797 2250 3899 2312 τῆς

2232 2336 2432 2410 τέχνης
2465 2336 2548 2392 σύ.
2583 2335 2971 2409 Ηλεονέκτημα
3016 2336 3117 2409 γάρ
3177 2356 3261 2390 σοι
3308 2335 3511 2409 ὑπῆρξε
3562 2335 3695 2411 μέγα
3754 2334 3898 2407 πρὸς

2232 2422 2359 2486 τοὺς
2418 2425 2614 2497 Λόγους
2665 2426 2699 2493 ἡ
2756 2423 2936 2498 φύσις,
2965 2425 3103 2495 πρὸς
3151 2427 3314 2477 τοῦτο
3351 2420 3477 2483 ἴσως
3527 2423 3897 2497 γεγενημένη,

2229 2510 2321 2566 Ἵνα
2352 2533 2436 2566 σοι
2470 2514 2531 2567 τὸ
2561 2520 2659 2582 τῆς
2692 2514 2895 2587 τέχνης
2946 2512 3157 2585 ἀξίωμα
3201 2510 3583 2585 λαμπρότερον
3632 2510 3723 2565 καὶ
3786 2508 3903 2564 διαι-

2235 2598 2552 2676 φανέστερον
2603 2599 2845 2674 γένηται.
2908 2598 3084 2653 Πάλαι
3144 2600 3239 2672 μὲν
3330 2598 3420 2654 οὖν
3476 2599 3593 2652 καθ’
3648 2600 3900 2671 ἱστορίαν

2232 2695 2332 2757 τῆς
2389 2692 2486 2742 τοῦ
2541 2693 2733 2762 καιροῦ
2910 2685 3177 2749 ἐκδόσεως
3238 2689 3315 2760 (Υ)
3362 2686 3736 2761 ἁπανταχόθεν
3802 2694 3903 2755 τῆς

2237 2774 2559 2848 οἰκουμένης
2604 2776 2739 2850 πρὸς
2795 2776 2891 2843 τὴν
2948 2773 3238 2830 Θετταλίαν
3294 2776 3344 2829 οἱ
3377 2774 3605 2835 πλείους
3640 2773 3901 2852 έφοιτωνε

2235 2878 2323 2927 νῦν
2357 2871 2413 2927 δὲ
2439 2873 2695 2936 πλείονας
2723 2873 2875 2945 οἶμαι
2935 2871 3120 2937 αὐτόθι
3178 2870 3478 2948 βαδιεῖσθαι
3539 2872 3670 2927 κατὰ
3726 2872 3901 2929 κλέος

2235 2966 2341 3015 τῶν
2393 2966 2488 3015 τοῦ
2536 2966 2631 3017 σοῦ
2676 2962 2845 3038 λόγου
2898 2962 3198 3036 σταγόνων.
3229 2962 3331 3017 Καί
3391 2982 3448 3015 σε
3507 2962 3657 3033 οἶμαι
3716 2960 3895 3031 ζηλον

2235 3056 2420 3104 τυπεῖν
2470 3051 2559 3105 καὶ
2608 3052 2698 3104 τὸν
2750 3051 3014 3126 μάρτυρα,
3076 3049 3157 3104 ὅτι
3222 3051 3298 3123 μὴ
3382 3051 3648 3123 σωμάτων
3717 3049 3894 3122 μόνον

2238 3136 2527 3215 ἐφάπτεται
2560 3139 2732 3214 ῥεῦμα
2761 3140 2823 3194 τὸ
2857 3140 2971 3207 σὸν,⁵
3003 3137 3149 3193 ἀλλὰ
3204 3140 3292 3193 καὶ
3355 3138 3429 3200 εἷς
3488 3139 3671 3214 ψυχὴν
3706 3135 3896 3193 εἰσδό-

2237 3247 2336 3297 νει,
2368 3228 2458 3281 καὶ
2505 3227 2570 3281 τὰ
2621 3227 2807 3284 πολλὰ
2856 3232 3023 3283 ταῦτα
3055 3224 3273 3281 δοὸναται
3306 3224 3519 3295 ἡδύνειν
3556 3246 3568 3259 ·
3602 3227 3848 3301 ἐπαίρειν
3886 3249 3897 3260 ·

2624 3316 2798 3392 χαλᾷν
2836 3336 2847 3347 ·
2910 3314 3145 3391 διαχέειν
3202 3337 3213 3349 ·
3278 3313 3587 3390 δριμύττειν
3620 3335 3634 3347 '

2568 3404 2768 3473 τᾶλλα,
2822 3403 2920 3459 ὅσα
2972 3411 3068 3475 τῆς
3130 3404 3405 3459 ἀντιθέτου
3466 3402 3687 3479 μερίδος
3723 3402 3903 3471 ἐστίν,

3693 3315 3851 3370 λύειν
3885 3337 3897 3349 ο

2246 3402 2460 3478 ἐπέχειν
2497 3424 2509 3437 ’

2245 3501 2309 3555 El
2354 3503 2447 3574 μὲν
2483 3500 2571 3555 οὖν
2608 3504 2641 3570 ἡ
2788 3501 3052 3556 Θεσσαλία
3101 3500 3335 3571 ἐπήκοός
3392 3499 3500 3555 ἐστι
3557 3505 3665 3555 τῶν
3717 3500 3772 3555 ὲν
3828 3508 3906 3572 τῷ

2247 3594 2325 3660 σῷ
2382 3589 2535 3665 λόγῳ
2593 3591 2835 3665 ῥυθμῶν,
2892 3588 3055 3668 ἄμφω
3119 3590 3399 3665 μακαρίζω
3442 3596 3541 3658 τῆς
3590 3590 3854 3664 εὐτυχίας
3891 3608 3905 3621 ⁶

2247 3678 2303 3732 σὲ
2364 3679 2479 3751 μὲν,
2514 3678 2595 3733 ὅτι
2654 3677 2823 3754 ἔχεις,
2878 3678 2959 3757 ἐφ’
2999 3680 3079 3740 οἷς
3131 3677 3191 3732 ἂν
3250 3680 3349 3747 τὴν
3407 3675 3629 3750 δύναμιν
3693 3676 3904 3753 ἐνδείξῃ

2245 3771 2351 3821 τῶν
2409 3763 2585 3843 λόγων
2622 3768 2906 3829 ’ἐκείνους
2968 3766 3043 3839 δὲ,
3087 3767 3167 3821 ὅτι
3228 3766 3479 3821 τοιούτου
3536 3770 3906 3841 τετυχήκασιν

2246 3857 2433 3930 ἱερέως
2488 3857 2578 3911 καὶ
2634 3857 2883 3932 ῥήτορος.
2947 3856 3010 3911 El
3085 3854 3143 3911 δὲ
3215 3856 3437 3928 ἡμίονοι
3497 3856 3624 3931 παρ’
3684 3856 3908 3929 ἡμιθέῳ

2248 3945 2553 4018 ἑστήκασιν,
2614 3945 2863 4021 εὐτυχεῖς
2954 3946 3048 4018 μὶν
3109 3946 3259 4000 οὗτοι
3311 3946 3400 3999 καὶ
3456 3944 3648 4005 οὕτως.
3711 3945 3791 3999 Σὺ
3855 3944 3909 3999 δὲ

2246 4034 2555 4111 ἠτύχησας,
2588 4033 2638 4088 ἐν
2674 4037 2757 4097 οἷς
2790 4033 3127 4109 ηὐτύχησας·
3161 4035 3248 4088 καὶ
3287 4032 3457 4105 μάτην
3514 4033 3599 4086 σοὶ
3658 4034 3720 4087 τὸ
3756 4039 3911 4108 χρῶο

2250 4145 2325 4196 μα
2384 4122 2813 4196 διαμεμέληται,
2868 4124 2959 4178 καὶ
3023 4123 3086 4177 τὸ
3141 4124 3361 4178 πιθανὸν
3420 4128 3519 4191 τῆς
3572 4120 3907 4197 ἀπολογίας,

2243 4213 2390 4266 καὶὸ
2424 4211 2772 4287 ἀνθορισμός,
2805 4212 2896 4267 καὶ
2956 4214 2983 4266 ὁ
3036 4208 3433 4285 συλλογισμὸς,
3465 4210 3553 4263 καὶ
3614 4212 3649 4277 ἡ
3697 4230 3909 4283 προκαο

2240 4302 2516 4367 τάστασις,
2549 4301 2640 4355 καὶ
2694 4303 2727 4369 ἡ
2762 4300 3222 4364 κατάστασις,καὶ
3281 4301 3316 4366 ἡ
3379 4298 3522 4370 μίξις
3558 4302 3667 4351 τῶν
3721 4296 3909 4355 ἰδεῶν.

2242 4391 2303 4446 Ἣ
2357 4391 2461 4465 γὰρ
2514 4390 2716 4451 Ἑλλὰς
2777 4388 2938 4461 (ὥστε
3003 4389 3205 4459 οἶμαι),
3259 4388 3351 4441 καὶ
3424 4388 3523 4441 ὅσα
3592 4395 3909 4460 προσοικεῖκ.

2242 4474 2409 4554 ἔλαχε
2467 4482 2535 4543 τῇ
2568 4475 2796 4535 Ἑλλάδι
2861 4478 2999 4550 (τινὰ
3046 4473 3102 4531 δὲ
3153 4477 3239 4531 καὶ
3279 4476 3566 4546 ἀντοικεῖν,
3597 4476 3672 4536 ὡς
3704 4478 3739 4544 ἡ
3770 4476 3910 4548 ξύμ-

2239 4588 2383 4622 πασα
2415 4567 2636 4639 Ἰωνία),
2662 4565 2831 4621 πάλαι
2867 4567 2962 4637 μὶν
2998 4564 3083 4619 ἐπὶ
3112 4570 3231 4626 τοῖς
3265 4563 3454 4641 λόγοις
3490 4560 3908 4637 δεδημοσίευπο.

479 4656 785 4726 grandem,
822 4656 1271 4711 subterraneum
1322 4660 1495 4726 atque
1550 4657 1772 4711 aerium
1815 4657 1983 4727 quasi
2020 4657 2122 4712 ﬂu-

2236 4671 2341 4721 Νῦν
2397 4664 2453 4720 δὲ
2506 4665 2669 4740 μέχρι
2713 4673 2813 4734 τῆς
2860 4665 3105 4739 ἱστορίας
3158 4662 3713 4733 δστήκασι,κολωνοί
3768 4684 3911 4723 τινες

478 4745 637 4799 vium
670 4746 1141 4816 fecerunt.lgitur
1170 4752 1230 4801 tu
1266 4763 1496 4817 quoque
1529 4764 1629 4816 per
1658 4746 1883 4802 litteras
1914 4764 2127 4804 sermo-

477 4851 621 4889 num
641 4834 861 4889 ﬂuenta
888 4836 1056 4889 nobis
1073 4835 1320 4906 porrige,
1345 4835 1613 4905 propina,
1634 4835 1831 4907 irriga.
1856 4837 2125 4891 Summo-

474 4940 611 4995 pere
644 4926 845 4997 utique
868 4925 1081 4997 linguse
1108 4931 1219 4979 tuas
1244 4924 1591 4981 suavitatem
1614 4943 2125 4998 amo,morumque

472 5018 709 5070 tuorum
744 5031 950 5070 norma
983 5015 1040 5068 in
1075 5019 1267 5068 mente
1294 5029 1425 5069 mea
1450 5015 1705 5085 reposita
1726 5016 2126 5072 est.Dictionis

472 5116 586 5166 tum
617 5111 957 5181 exemplain
992 5110 1234 5165 auribus
1260 5111 1402 5166 mihi
1428 5117 1786 5177 resonant,et
1809 5114 2124 5169 harmoniae

472 5200 916 5270 perfectissimae
963 5199 1021 5252 in
1096 5204 1290 5254 mente
1348 5214 1477 5254 mea
1542 5200 1829 5256 residunt.
1884 5203 2124 5267 Quando

468 5289 711 5342 tandem
763 5292 818 5342 te
868 5304 1037 5359 apem
1093 5286 1373 5359 aspiciam
1398 5288 1425 5341 Ἰ
1492 5290 1725 5359 quando
1795 5291 2125 5348 alvearibus

468 5375 600 5431 istis
632 5375 873 5443 relictis,
909 5374 1151 5430 sublimi
1186 5374 1376 5431 volatu
1412 5376 1587 5432 hosce
1642 5382 1874 5433 nostros
1924 5379 2124 5435 hortos

468 5464 690 5520 invises
723 5470 780 5518 et
811 5464 1023 5519 florum
1074 5464 1342 5519 delibans
1397 5482 1585 5521 rorem
1636 5468 1748 5521 mel
1784 5468 1839 5522 in
1872 5467 2126 5524 alvearia

469 5553 801 5623 asportabis
821 5552 848 5606 ‘I
878 5553 957 5607 De
988 5560 1190 5607 caetero
1224 5569 1339 5607 non
1372 5559 1459 5609 est
1507 5556 1661 5625 quod
1714 5556 2021 5626 epistolam
2051 5560 2121 5612 ad

475 5656 581 5694 nos
611 5646 772 5694 tuam
807 5641 1191 5695 accusem.Tu
1213 5642 1283 5696 de
1305 5641 1693 5712 quibusinter
1717 5661 1823 5700 nos
1855 5647 2126 5702 convenit

472 5726 589 5782 noli
622 5726 908 5795 oblivisci,
930 5727 1147 5798 quippe
1168 5729 1505 5797 juramento
1534 5748 1655 5787 rem
1689 5733 2120 5791 roborastiJloc

2237 4752 2386 4819 ὅντες
2447 4756 2747 4827 μνημάτων
2808 4753 3266 4828 ἀρχαιοπρεπῶν,
3308 4749 3715 4824 ἐκλελειμμένα
3774 4752 3887 4825 ipsi

2235 4865 2353 4899 πια.
2381 4843 2547 4900 Οἶσθα
2605 4843 2810 4918 γοῦν,ὃ
2864 4844 3140 4911 ποιήσεις,
3197 4838 3289 4894 ’ίνα
3352 4841 3427 4911 μή
3493 4860 3588 4894 σου
3638 4842 3673 4908 ἡ
3741 4841 3906 4915 σοφία

2235 4933 2531 5003 ἀπόληται.
2564 4930 2697 5006 Λέγε
2743 4933 2866 5006 παρ’
2914 4932 3050 5001 ἡμῖν
3107 4934 3223 4991 τοῖς
3269 4926 3553 4997 ἀκούουσι,
3600 4927 3677 5001 μὴ
3732 4951 3903 4985 κατα,

2235 5022 2418 5077 τείνων
2448 5023 2536 5076 τὸν
2573 5020 2799 5097 βρόχον,
2833 5021 2909 5092 μὴ
2968 5018 3292 5092 ὑπερτείνων
3345 5018 3435 5071 τὸν
3488 5016 3767 5094 φάρυγγα,
3828 5021 3905 5090 μή

2239 5112 2551 5185 συμπιέζων
2597 5110 2689 5164 τὸν
2744 5107 2965 5184 θώρακα
2994 5126 3005 5139 ·
3040 5104 3166 5161 ἀλλ’
3206 5105 3556 5180 ὑπαγορεύων
3588 5111 3667 5176 τῷ
3724 5127 3908 5181 γραμ-

2240 5205 2418 5274 ματεῖ,
2448 5198 2538 5253 καὶ
2594 5194 2893 5272 κρουνηδὸν
2950 5199 3086 5268 ἡμῖν
3135 5193 3341 5269 ἐγχέων
3401 5194 3530 5256 τοὺς
3593 5193 3800 5271 λόγους
3850 5196 3899 5249 έν

2233 5290 2571 5365 γράμμασιν.
2606 5285 2764 5343 Οὕτω
2795 5306 2879 5339 τοι
2912 5284 3002 5339 καὶ
3034 5287 3068 5353 ἡ
3100 5280 3295 5356 καρδία
3345 5280 3433 5336 διά
3484 5304 3634 5344 τινος
3695 5284 3903 5359 ἆγγους

2236 5377 2298 5430 τὸ
2354 5376 2551 5450 θερμὸν
2605 5376 2840 5434 ἅπαντος
2896 5370 3240 5445 κατασπείρει
3301 5375 3400 5425 τοῦ
3460 5372 3721 5444 σώματος
3758 5391 3771 5403 ·
3818 5373 3907 5426 καὶ

2238 5465 2301 5520 τὸ
2358 5468 2503 5537 ἧπαρ
2559 5461 2647 5517 διὰ
2701 5469 2801 5530 τῆς
2858 5460 3055 5530 κοίλης
3111 5457 3421 5534 ἐποχετεύει
3474 5458 3539 5513 τὸ
3586 5462 3728 5530 αἷμα
3787 5468 3905 5519 τοῖς

2245 5555 2427 5629 μέρεσι
2463 5573 2475 5587 °
2510 5552 2598 5606 καὶ
2633 5552 2659 5607 ὁ
2690 5547 2986 5627 ἐγκέφαλος
3016 5546 3106 5603 διὰ
3132 5552 3230 5603 τοῦ
3262 5546 3520 5601 νωτιαίου
3567 5550 3666 5617 τήν
3716 5547 3908 5618 αἴσθῃ.

2238 5664 2317 5697 σιν
2367 5647 2618 5716 πανταχῆ
2673 5637 2859 5694 δίδωσι
2896 5658 2908 5671 '
2945 5640 3035 5693 καὶ
3064 5639 3115 5693 οἱ
3146 5636 3207 5691 τὸ
3238 5633 3385 5711 ὕδωρ
3436 5634 3611 5692 πάλαι
3659 5640 3730 5710 τῇ
3787 5639 3904 5695 ll:-

2236 5727 3122 5809 γαλοπόλειέφελκυσάμενοιτὴν
3176 5724 3420 5802 μεγάλην
3471 5722 3695 5781 ἔνταῦθα
3756 5724 3900 5799 ἀμί-
