4056 6346
491 456 644 521 1167

1831 430 2256 494 MICHAELIS
2302 428 2576 490 PSELLI

3762 434 3906 496 “68

490 585 926 661 sophismatum
958 586 1134 631 usum
1168 568 1405 643 penitus
1437 582 1707 624 recusare
1736 566 1826 622 fas
1866 582 1983 621 non
2034 566 2143 630 est,

2263 565 2612 634 κατασκευῆς,
2648 564 2747 620 οὐκ
2798 564 2900 621 οἶδ’
2941 564 3090 629 ὅπως
3137 566 3237 634 τὴν
3283 565 3509 639 ἀρίστην
3572 557 3908 643 ὁπερϐαίνεις

492 656 766 750 quamvis
788 685 904 741 quo
928 663 1279 738 profundius
1310 658 1443 731 quis
1471 656 1837 729 sophismata
1866 658 2146 721 sectatur,

496 793 562 831 eo
590 769 821 841 longius
853 766 924 820 ab
969 756 1289 834 episcopali
1329 755 1614 825 dignitate
1656 754 1921 809 recedere
1950 751 2148 807 videa-

492 870 611 918 tur.
647 862 718 914 At
742 861 804 911 tu
830 852 1069 925 quidem
1094 865 1209 903 non
1240 847 1290 901 is
1311 843 1526 899 videris
1550 842 1652 914 qui
1684 843 1976 911 majorum
2009 856 2149 895 con-

494 945 910 1007 suetudinibus
939 938 1251 1006 valedicas,
1286 950 1476 1005 neque
1507 938 1565 987 te
1596 948 1729 986 cum
1773 930 2150 986 Cretensibus

494 1036 862 1095 cretizissare
895 1028 1168 1096 dixerim,
1202 1027 1267 1078 ut
1298 1027 1387 1078 est
1417 1023 1477 1075 in
1512 1020 1843 1075 Proverbio.
1895 1023 1934 1071 E
1983 1020 2151 1075 Creta

494 1144 599 1200 ego
632 1140 748 1179 non
781 1136 937 1187 sum,
970 1133 1076 1172 nec
1109 1116 1335 1168 huncce
1369 1113 1646 1166 honorem
1681 1108 1898 1163 ambio.
1933 1108 2149 1163 Rheto-

494 1195 610 1272 rice
641 1228 777 1269 cum
810 1205 1160 1282 philosopho
1183 1201 1442 1273 loqueris
1465 1199 1610 1254 artis
1635 1206 1747 1253 tua;
1769 1198 1922 1252 haud
1960 1195 2151 1267 impe-

490 1305 624 1373 rito,
657 1302 758 1357 sed
811 1297 911 1372 qui
962 1289 1367 1367 philosophari
1419 1288 1615 1360 potius
1665 1303 1845 1359 quam
1895 1284 2152 1356 argutari

490 1393 649 1449 velit.
683 1390 758 1445 Ut
800 1402 972 1461 porro
1025 1380 1286 1455 epistolae
1334 1384 1448 1433 tuae
1496 1377 1864 1448 aliquantum
1910 1391 2151 1446 respon-

492 1485 686 1547 deam,
720 1477 819 1534 ubi
850 1480 906 1530 te
954 1489 1127 1529 omne
1176 1486 1315 1542 erga
1363 1485 1470 1523 nos
1521 1466 1784 1521 debitum
1837 1463 2153 1519 exsolvisse

494 1576 775 1627 autumas
808 1566 955 1621 scito
989 1562 1146 1634 quod
1178 1558 1444 1615 debitum
1478 1573 1592 1612 non
1627 1554 1802 1611 solvit
1831 1554 1931 1625 qui
1978 1553 2156 1609 comi-

492 1665 582 1715 ter
637 1654 972 1727 respondet,
1026 1654 1332 1722 pactorum
1385 1663 1516 1702 vero
1566 1662 1679 1700 non
1716 1642 2001 1698 meminit.
2037 1642 2155 1696 Hoc

498 1749 676 1803 ﬁdem
708 1744 982 1801 fraudare
1012 1744 1102 1796 est
1130 1737 1573 1807 amicitiamque
1604 1732 1822 1787 fallere.
1870 1731 1924 1785 Si
1975 1731 2155 1801 igitur

496 1836 641 1893 artis
672 1832 977 1890 rhetoricae
1005 1828 1255 1884 antistes
1295 1825 1575 1897 mysteria
1627 1821 1850 1877 adultis
1902 1819 2155 1875 revelare

496 1922 829 1997 praesumis,
864 1917 1279 1993 promissoque
1314 1913 1472 1967 haud
1506 1910 1762 1979 steteris,
1794 1911 2154 1981 adeptosque

500 2012 798 2081 fefelleris,
826 2024 1020 2067 nonne
1052 2011 1109 2062 te
1158 2001 1449 2060 mendacii
1500 1998 1789 2072 arguent?
1838 1998 1943 2054 Ubi
1993 1998 2150 2053 enim

498 2119 603 2175 pro
635 2106 759 2157 arte
812 2115 989 2171 quam
1040 2112 1159 2151 non
1206 2089 1460 2147 docuisti
1518 2089 1843 2144 mercedem
1896 2088 2151 2160 recipere

498 2208 682 2249 ausus
739 2207 826 2257 es,
875 2189 959 2244 tui
1008 2183 1232 2257 aliquid
1283 2180 1415 2236 aliis
1470 2178 2039 2235 communicaturum
2090 2192 2152 2232 es

497 2282 824 2354 professus.
864 2275 1045 2341 Quale
1096 2271 1421 2329 amicorum
1468 2268 1884 2323 commercium
1938 2265 2153 2337 putas?

496 2380 651 2435 Num
696 2377 917 2448 scripta
968 2372 1097 2428 sine
1144 2385 1346 2436 sensu,
1394 2367 1522 2423 sine
1567 2366 1810 2421 veritate
1853 2381 1953 2420 eos
2001 2364 2155 2419 inter

498 2466 1000 2524 communicatum
1033 2461 1142 2517 iri?
1171 2474 1314 2514 num
1345 2473 1496 2513 vana
1525 2455 1766 2511 nomina
1798 2454 2153 2510 instrumen-

499 2563 694 2613 torum
746 2569 1035 2611 caecorum
1084 2551 1274 2605 instar
1316 2546 1529 2618 jactari
1582 2545 1764 2601 reris?
1812 2544 1907 2598 Sic
1955 2544 2153 2598 Ixiona

499 2645 653 2717 apud
686 2644 1003 2699 Homerum
1031 2641 1186 2696 Juno
1218 2637 1462 2708 decepit.
1490 2635 1679 2705 Hujus
1711 2633 1867 2689 enim
1902 2632 2153 2703 pulchri-

503 2734 711 2790 tudine
759 2736 927 2804 capto
976 2731 1094 2785 Dea
1157 2728 1312 2783 nube
1373 2725 1759 2792 circumdata,
1809 2722 1900 2777 sui
1964 2721 2153 2793 ipsius

501 2823 888 2880 simulacrum
950 2817 1186 2874 obtulit.
1239 2820 1354 2887 Ego
1397 2829 1555 2881 vero,
1606 2812 1773 2866 crede
1821 2810 1989 2879 mihi,
2038 2828 2151 2866 non

500 2930 659 2983 sum,
709 2927 901 2982 neque
953 2924 1050 2963 ero
1100 2906 1299 2971 Ixion;
1353 2904 1623 2958 umbram
1682 2917 1787 2972 ego
1848 2917 2152 2971 nunquam

502 3018 608 3073 pro
641 3016 700 3055 re
730 2998 979 3055 habebo.
1016 2996 1149 3053 Ideo
1180 2994 1360 3049 etiam
1407 2996 1593 3047 artem
1644 2994 1807 3044 tuam
1849 2988 1966 3055 odi,
2017 2988 2156 3062 quia

499 3087 708 3161 puellae
732 3086 1006 3143 amabilis
1028 3086 1222 3154 imago
1248 3085 1488 3137 est.Non
1508 3095 1643 3135 vero
1665 3078 1723 3132 in
1759 3077 2003 3133 scientia
2025 3095 2155 3133 um-

499 3176 722 3241 bratili,
756 3176 855 3231 sed
888 3176 945 3230 in
978 3172 1246 3228 veritatis
1278 3171 1407 3225 luce
1438 3168 1800 3239 requiescere
1840 3166 1990 3222 volo.
2024 3166 2153 3223 Pla-

498 3266 657 3322 tonis
684 3279 917 3335 quoque
948 3260 1212 3332 sophista
1230 3276 1346 3314 non
1366 3258 1509 3312 mihi
1533 3255 1852 3328 placet,qui
1874 3256 1944 3309 ad
1964 3254 2153 3327 ipsius

503 3359 895 3430 Demiurgum
930 3354 1214 3411 libentius
1247 3370 1501 3411 recurro.
1537 3352 1617 3407 Ila
1656 3351 1802 3407 mihi
1834 3368 1975 3406 sane
2023 3369 2151 3423 per-

501 3465 746 3505 suasum
778 3452 868 3502 est
901 3462 914 3502 :
949 3445 998 3501 si
1032 3444 1175 3499 mihi
1207 3445 1360 3498 male
1408 3440 1607 3497 famati
1657 3441 2037 3513 Dobrysontis
2083 3442 2150 3513 (Ρ)

500 3539 628 3595 loco
643 3537 903 3610 Elysium
919 3551 1193 3607 campum
1210 3538 1511 3605 pratumve
1524 3530 1843 3602 asphodelo
1858 3532 2151 3587 consitum

505 3627 767 3695 offerres,
804 3630 1053 3698 putasne
1081 3640 1173 3679 me
1204 3623 1514 3677 nominum
1548 3619 1855 3691 splendore
1893 3624 2154 3691 captum,

508 3715 795 3771 delectum
819 3730 947 3770 esse
972 3712 1298 3769 facturum?
1329 3716 1413 3764 An
1441 3708 1663 3779 aliquid
1688 3709 1889 3779 magni
1910 3713 1965 3763 te
1986 3709 2154 3764 oﬂ‘er-

505 3821 566 3861 re
597 3804 819 3861 credis?
849 3804 964 3874 Ego
994 3819 1183 3874 neque
1214 3816 1387 3857 omne
1419 3803 1589 3855 tuum
1622 3798 2070 3865 monasterium,
2104 3799 2155 3854 si

508 3909 642 3948 cum
673 3891 875 3963 impiis
905 3894 1109 3961 staret,
1162 3896 1551 3960 acceptarem.
1607 3885 1757 3950 Quid
1805 3889 2001 3942 autem
2047 3886 2155 3941 tibi

497 3998 637 4038 cum
669 3980 1046 4054 possessione
1077 3976 1419 4035 commune?
1439 3976 1639 4031 Nonne
1672 3976 1832 4030 fraus
1855 3975 2054 4031 omnia
2102 3979 2159 4032 et

499 4070 875 4126 ludibrium?
905 4068 1203 4132 Quomodo
1234 4082 1366 4122 vero
1398 4064 1673 4137 episcopo
1704 4064 1950 4137 dignum
1995 4065 2154 4120 frau-

507 4161 639 4215 dem
670 4158 824 4215 hanc
855 4155 1409 4213 manifestissimam
1442 4154 1765 4210 excusare?
1794 4154 1940 4217 Quid
1966 4157 1987 4208 Ρ
2017 4158 2157 4211 tunc

503 4249 652 4304 adeo
684 4246 969 4312 liberalis,
1000 4263 1106 4318 ego
1137 4260 1271 4300 vero
1328 4243 1606 4299 sordidus
1663 4246 1720 4297 et
1750 4243 1990 4298 avarus?
2007 4243 2155 4299 Cedo

497 4346 605 4401 tibi
639 4362 767 4417 quae
798 4360 1052 4401 oceanus
1074 4342 1405 4399 Atlanticus
1437 4341 1642 4397 habet?
1669 4358 1794 4413 qua
1826 4342 1980 4398 circa
2008 4342 2155 4414 Hyr-

498 4435 729 4489 caniam
761 4438 820 4490 et
850 4450 1011 4489 mare
1041 4431 1315 4505 Caspium
1350 4431 1462 4487 sita
1493 4435 1664 4499 sunt;
1700 4432 1849 4487 adde
1897 4431 2154 4488 insulam

499 4522 753 4579 Thuletn
784 4527 842 4578 et
872 4523 1170 4593 regionem
1193 4526 1354 4577 extra
1377 4520 1773 4587 Phasidem,et
1791 4537 2156 4592 quaecunque

498 4610 672 4683 plaga
700 4610 1118 4679 meridionalis,
1155 4616 1311 4667 terra
1350 4609 1505 4665 intra
1553 4610 1703 4665 duos
1753 4610 1943 4680 polos,
1995 4609 2153 4680 regio

2257 650 2574 725 οἰκονομίαν
2637 655 2818 732 ὥσπερ
2875 657 2937 711 τὸ
2996 652 3244 710 λεκτικὸν
3331 652 3499 727 μόνον
3577 653 3749 730 μέρος
3814 661 3905 723 τῆς

2255 742 2459 818 τέχνης
2501 738 3145 821 διακριϐωσάμενος,τὸν
3195 741 3254 798 δὲ
3300 744 3683 818 πραγματικὸν
3746 743 3903 797 τύπον

2258 832 2577 905 ἠγνοηκώς.
2606 835 2745 910 Ἐγὼ
2779 832 2835 889 δὲ
2868 856 2951 889 σοι
2981 836 3042 889 τὸ
3074 834 3164 888 καὶ
3204 833 3327 908 περὶ
3382 833 3511 896 τοὺς
3567 831 3773 906 λόγους
3828 853 3908 886 σοι

2260 921 2503 998 φίζεσθαι
2537 920 2669 997 ἄχρι
2699 931 2799 993 τῆς
2830 924 3219 999 ἀρχιερατικῆς
3252 915 3453 995 δίδωμι
3509 920 3868 992 τελειότητος
3898 939 3908 952 '

2266 1019 2398 1091 μετᾶ
2427 1015 2484 1073 δὲ
2512 1025 2677 1074 ταῦτα
2706 1018 2830 1075 οὐδὶ
2853 1018 3105 1097 τεχνίτην
3142 1041 3198 1074 σε
3226 1023 3322 1073 τοῦ
3371 1017 3535 1094 λόγου
3595 1019 3915 1094 προσίεμαι,

2263 1105 2380 1161 οὐδ’
2413 1106 2462 1161 εἷ’
2496 1108 2682 1164 πολλὰ
2711 1108 2940 1183 κάμνοις
2991 1109 3283 1185 ἐπιχειρῶν
3324 1110 3719 1184 τεχνικώτατα.
3755 1110 3916 1165 ’Ὁσον

2258 1196 2359 1272 γὰρ
2415 1197 2489 1259 είς
2544 1201 2642 1267 τήν
2699 1202 3017 1274 σοφιστικὴν
3092 1193 3437 1271 ἐμϐαθύνεις,
3490 1203 3760 1253 τοσοῦτον
3827 1205 3924 1267 τῆς

2260 1285 2409 1361 ἱερᾶς
2443 1288 2695 1362 ἀποικίζῃ
2736 1287 3080 1366 φιλοσοφίας.
3111 1285 3293 1343 ’Λλλά
3334 1286 3395 1341 σύ
3458 1309 3552 1360 μοι
3604 1284 3790 1350 δοκεῖς
3851 1291 3921 1359 μή

2261 1375 2565 1452 ἀναχωρεῖν
2620 1376 2823 1441 ἐθέλειν
2872 1382 2978 1432 τῶν
3025 1377 3269 1453 ἀρχαίων
3311 1378 3458 1447 ἠθῶν
3496 1396 3510 1409 ·
3560 1376 3653 1431 καὶ
3714 1378 3823 1431 οὐκ
3872 1376 3926 1430 in

2261 1463 2495 1538 εἶ’ποιμι,
2529 1465 2610 1520 ὅτι
2642 1468 2777 1543 πρὸς
2810 1470 2999 1542 Κρῆτα
3024 1466 3297 1541 κρητίζεις
3328 1470 3511 1539 (τοῦτο
3572 1463 3640 1534 δὴ
3701 1468 3771 1519 τὸ
3828 1472 3926 1533 τῆς

2259 1555 2602 1630 παροιμίας).
2650 1557 2794 1631 Κρὴς
2852 1557 2952 1633 γὰρ
3002 1553 3116 1611 οὔτ’
3166 1555 3302 1629 εἰμὶ,
3355 1553 3467 1610 οὔτ’
3518 1555 3725 1619 ἐκεῖθεν
3791 1555 3923 1609 εἶναι

2265 1639 2632 1718 βεϐούλημαι.
2679 1647 2819 1721 Πρὸς
2880 1643 2937 1701 δὲ
2986 1643 3287 1722 φιλόσοφον
3336 1643 3675 1721 ῥητορεύεις,
3742 1642 3926 1698 εἰδότα

2265 1731 2358 1804 μὲν
2414 1734 2500 1787 καὶ
2560 1735 2657 1803 τήν
2720 1736 2818 1802 σὴν
2878 1735 3094 1811 τεχνην,
3129 1732 3452 1812 φιλοσοφεῖν
3496 1731 3553 1788 δὶ
3614 1730 3839 1807 μᾶλλον
3891 1734 3922 1800 ἧ

2261 1822 2595 1900 σοφιστεύειν
2655 1822 2925 1887 ἐθέλοντα.
2982 1825 3080 1878 Καὶ
3135 1822 3225 1878 ἵνα
3282 1844 3366 1879 σοι
3430 1822 3612 1899 βραχύ
3670 1845 3723 1877 τι
3788 1824 3927 1897 πρὸς

2184 1941 2231 2005 Β
2259 1913 2356 1980 τὴν
2392 1911 2685 1982 ἐπιστολὴν
2722 1911 3079 1986 διαλέξωμαι,
3114 1912 3164 1967 ἐν
3300 1914 3362 1966 τὸ
3422 1918 3525 1966 πᾶν
3584 1909 3927 1980 ἀπο-πεπλη-

2266 2003 2469 2077 ρῶσθαί
2501 2025 2583 2058 σοι
2612 2009 2710 2058 τοῦ
2740 2004 2876 2079 πρὸς
2927 2007 3074 2078 ἡμᾶς
3124 2002 3323 2079 χρέους
3380 2003 3594 2075 ᾠήθης,
3626 2002 3729 2057 οὐκ
3790 1998 3926 2067 ἔστι,

2263 2090 2573 2166 λογιωτάτη
2606 2094 2784 2168 ψυχὴ,
2817 2093 3015 2169 χρέους
3058 2090 3407 2168 ἐκπλήρωσις
3464 2092 3527 2169 τὸ
3580 2089 3777 2165 λόγοις
3834 2092 3926 2165 μὶν

2261 2183 2600 2237 κατατιθέναι
2631 2183 2725 2244 τὰς
2768 2184 3023 2259 χάριτας,
3054 2177 3234 2258 ἔργοις
3286 2179 3343 2236 δὲ
3396 2165 3575 2254 μηδήν
3636 2185 3745 2234 τῶν
3798 2178 3926 2235 διω-

2264 2271 2665 2347 μολογημένων
2719 2269 2948 2329 διδόναι.
3003 2272 3212 2342 Ἀπάτη
3264 2270 3365 2346 γὰρ
3435 2274 3593 2325 τοῦτο
3626 2289 3640 2301 ·
3700 2269 3801 2324 καὶ
3863 2270 3928 2323 οὗ

2262 2358 2448 2435 φιλίας
2507 2357 2773 2432 σύνδεσις,
2835 2359 2961 2415 ἀλλ’
3005 2360 3310 2434 ἀναίρεσις.
3361 2358 3558 2417 Ὀπύτε
3629 2364 3765 2433 γοῦν
3866 2358 3927 2412 συ

2259 2453 2356 2503 τοῦ
2416 2450 2715 2525 ῥητορικοῦ
2782 2449 3131 2521 προύκάθησο
3213 2450 3431 2522 θρόνου,
3485 2448 3530 2503 εἰ
3610 2447 3929 2523 ἐπηγγείλω

2264 2540 2357 2611 μὲν
2417 2540 2482 2592 τὰ
2531 2546 2629 2608 τῆς
2684 2539 2886 2614 τέχνης
2966 2538 3359 2594 ἀνακαλύπτειν
3420 2544 3539 2602 τοῖς
3595 2538 3931 2610 κυουμένοις

2262 2637 2492 2714 ἄρῥητα,
2526 2638 2639 2693 εἶτα
2688 2635 2744 2692 δὲ
2792 2642 2954 2692 τοῦτο
3007 2638 3100 2710 μὲν
3140 2637 3239 2692 οὐκ
3287 2637 3509 2707 ἐποίεις,
3556 2636 3927 2713 ἐργαστήριον

2263 2724 2320 2782 δὲ
2371 2748 2423 2781 τι
2486 2726 2771 2803 βαναυσίας
2828 2727 3043 2788 τούτοις
3095 2726 3383 2800 ἀνεώγνυς,
3437 2726 3539 2781 οὐκ
3586 2725 3647 2780 ἂν
3696 2726 3760 2780 σέ
3844 2748 3928 2785 τις

2262 2813 2628 2890 ψευδολογίας
2689 2814 2961 2890 ἐγράψατο
2988 2836 3001 2884 ;
3029 2815 3096 2870 Εἴ
3128 2814 3183 2870 δὲ
3233 2815 3433 2890 τέχνην
3485 2816 3578 2888 μὶν
3609 2818 3768 2887 ἡμᾶς
3834 2816 3931 2869 οὐκ

2265 2903 2582 2979 ἐπηγγείλω
2629 2900 2920 2971 διδάσκειν,
2975 2902 3101 2959 ἀλλ’
3150 2903 3239 2958 οὖν
3300 2906 3423 2979 παρ’
3457 2906 3614 2977 ἡμῶν
3673 2902 3931 2982 εἰλήφεις

2268 2995 2481 3066 μισθὸν,
2586 2990 2693 3065 (ίνα
2730 2996 2804 3067 μὴ
2839 2997 3112 3072 φορτικῶς
3164 2991 3335 3067 λέγω)
3366 2997 3463 3048 τοῦ
3508 2997 3605 3047 σοῦ
3644 3015 3698 3048 τι
3750 2995 3932 3069 11,501},-

2265 3103 2401 3156 ρησο
2460 3083 2725 3159 παρεχειν
2785 3080 2930 3155 ἐμοί.
2985 3082 3181 3140 Ὀποῖα
3232 3079 3290 3136 δὲ
3347 3084 3482 3157 πρὸς
3526 3079 3824 3152 ἀλλήλους
3881 3085 3929 3137 οἳ

2264 3170 2551 3249 φιλοῦντες
2602 3171 2820 3235 εἰώθασι
2893 3166 3287 3244 διαμείϐεσθαι,
3344 3173 3423 3245 ἆρ’
3465 3170 3566 3227 οἴει
3619 3173 3717 3234 τὰς
3792 3194 3927 3247 γρασ

2268 3262 2367 3339 φὰς
2438 3260 2841 3336 ἐκπεφευγέναι,
2916 3258 3121 3316 εἴδωλα
3195 3260 3527 3337 πραγμάτων
3608 3258 3925 3331 διδούςςῆ

2271 3348 2412 3423 μηδὲ
2458 3355 2643 3417 τοῦτο,
2677 3348 2801 3405 ἀλλ’
2845 3349 3085 3423 ὀνόματα
3132 3353 3463 3426 πραγμάτων
3516 3345 3716 3426 ἔρημα,
3752 3351 3927 3405 ὁποῖα

2263 3441 2314 3494 οἱ
2373 3439 2455 3493 σοὶ
2514 3436 2797 3513 σκινδαψοί
2852 3441 2943 3494 καὶ
3000 3441 3061 3494 τὸ
3132 3438 3590 3515 πολυθρύλλητον
3650 3438 3920 3514 βλίτυρις

2264 3536 2421 3594 Οὕτω
2479 3540 2609 3611 γοῦν
2663 3536 2753 3591 καὶ
2824 3537 2917 3591 τὸν
2976 3536 3169 3607 Ἰξίονα
3223 3539 3256 3606 ἠ
3310 3541 3407 3591 τοῦ
3462 3538 3712 3613 Ὀμήρου
3771 3540 3923 3613 ’Ἦρα

2263 3624 2560 3694 ἡπάτηκεν.
2596 3625 2746 3681 Ἐπεὶ
2805 3625 2906 3700 γὰρ
2954 3622 3063 3699 ’ἤρα
3107 3624 3310 3695 ταύτης
3357 3626 3385 3679 ὁ
3427 3624 3597 3700 ἥρως,
3628 3624 3925 3682 καταπλα-

2264 3713 2377 3787 γεὶς
2417 3714 2477 3767 τὸ
2528 3713 2739 3784 ἐκείνης
2776 3712 3006 3782 κάλλος,
3038 3716 3073 3783 ἡ
3106 3711 3164 3769 δὲ
3219 3711 3504 3791 νεφύδριόν
3551 3735 3605 3768 τι
3662 3735 3932 3789 περισπα-

2266 3802 2495 3874 σαμὲνη,
2580 3804 2668 3857 καὶ
2748 3803 2926 3875 τούτῳ
3012 3804 3206 3873 ἑαυτὴν
3266 3802 3541 3874 εἶκάσασα,
3603 3802 3789 3859 ἐδίδου
3853 3810 3929 3874 τῷ

2266 3891 2439 3961 Ἰξίονι
2496 3890 2735 3967 πάροδον
2795 3892 2964 3965 πυρὸς
3021 3893 3083 3946 τὸ
3142 3889 3398 3948 εἷ’δωλονζ
3450 3890 3605 3948 Ἀλλ’
3662 3890 3775 3966 ἐγώ
3824 3914 3931 3957 σοι,

2268 3978 2586 4056 λογιώτατε,
2622 3980 2793 4049 Ἰξίονι
2847 3978 2969 4035 οὕτε
3028 3976 3319 4054 εῗμὶ,οότε
3371 3976 3585 4053 ἔσομαι,
3640 3977 3767 4035 οὐδὲ
3832 3988 3933 4051 τῆς

2264 4072 2370 4122 τῶν
2421 4070 2759 4144 πραγμάτων
2821 4067 3007 4131 οὐσίας
3063 4068 3130 4123 τὰ
3205 4066 3411 4125 εἴδωλα
3484 4071 3927 4143 προτιμήσαιμι.

2267 4167 2364 4223 Διὰ
2390 4172 2557 4223 ταῦτα
2579 4172 2707 4245 γοῦν
2766 4167 2854 4223 καὶ
2900 4169 2998 4237 τὴν
3061 4168 3158 4236 σὴν
3214 4166 3413 4242 τέχνην
3476 4172 3642 4240 μισῶ,
3678 4169 3760 4223 δτι
3825 4190 3928 4223 πο-

2266 4263 2445 4326 θεινῆς
2504 4256 2614 4311 ἐστι
2670 4254 2859 4332 κορίου
2918 4253 3171 4312 ε’ίδωλον.
3225 4254 3326 4312 Καὶ
3376 4252 3499 4309 οὐδὲ
3556 4254 3610 4309 ἐν
3668 4260 3739 4329 τῇ
3804 4261 3929 4325 σκιᾷ

2263 4350 2359 4401 τοῦ
2390 4347 2716 4421 γράμματος
2745 4344 3112 4418 ἀναπαύομαι,
3149 4342 3276 4400 ἀλλ’
3307 4343 3360 4399 ἐν
3397 4349 3477 4417 τῷ
3506 4352 3606 4414 τῆς
3661 4345 3931 4415 ἀληθείας

2265 4434 2449 4512 φωτί·
2500 4432 2628 4489 ούδὶ
2682 4435 2772 4489 τὸν
2830 4438 2927 4489 τοῦ
2987 4431 3285 4495 Πλάτωνος
3342 4435 3608 4510 σοφιστὴν
3667 4434 3808 4488 κατά
3868 4432 3929 4487 τὸ

2262 4518 2717 4597 προϐεϐλημένον
2763 4529 2862 4592 τῆς
2937 4520 3132 4592 λέξεως
3194 4520 3451 4597 δέχομαι,
3506 4520 3634 4577 ἀλλ’
3693 4522 3773 4584 εἷς
3834 4525 3926 4577 τὸν

2264 4610 2470 4667 ἐκείνου
2530 4611 2872 4687 δημιουργὸν
2944 4611 3194 4688 ἀναφέρω
3264 4607 3530 4683 τοῦνομα.
3586 4610 3650 4667 Εἰ
3714 4608 3774 4665 δέ
3834 4633 3929 4684 μοι

499 4700 846 4772 antipodum
883 4707 1061 4758 tenet.
1096 4701 1454 4758 Charissime
1492 4699 1688 4769 frater,
1742 4698 1792 4753 si
1845 4698 2151 4769 promissis

2263 4700 2375 4756 ἀντὶ
2405 4705 2502 4756 τοῦ
2538 4684 2825 4779 δυσφήμονυ
2872 4684 3240 4772 Δοϐρόσοντος
3390 4700 3452 4754 τὸ
3503 4698 3763 4754 ’Δλύσιον
3824 4698 3933 4755 ἰδέα

498 4794 653 4847 stare
683 4791 741 4846 in
773 4792 969 4847 animo
1002 4792 1107 4848 tibi
1138 4795 1311 4858 est,re
1340 4804 1694 4860 vera,neque
1723 4786 2002 4844 inanibus
2027 4804 2148 4844 ver-

2263 4787 2386 4851 δους
2424 4787 2611 4844 πεδίον
2670 4791 2761 4844 καὶ
2816 4790 2907 4845 τὸν
2959 4786 3260 4867 ἀσφοδελὸν
3292 4786 3495 4844 ἐκεῖνον
3532 4785 3808 4861 λειμῶνα,
3846 4790 3930 4862 ἄρ’

497 4879 592 4936 bis
622 4896 730 4936 nos
763 4880 957 4937 adeas.
992 4880 1256 4938 Posthaec
1285 4883 1616 4935 Graecorum
1649 4876 1877 4934 fabulas
1930 4881 1987 4933 et
2034 4878 2146 4949 fig-

2263 4875 2316 4930 ἃν
2350 4875 2611 4951 ἐδεξάμην
2644 4878 2733 4933 καὶ
2791 4882 2979 4947 ταῦτα,
3008 4876 3282 4953 λαμπρῶν
3333 4872 3501 4931 ὄντων
3552 4882 3661 4931 τῶν
3728 4877 3931 4950 ὀνομά·

501 4972 701 5025 menta
734 4970 936 5026 inania
961 4970 1068 5026 tibi
1101 4968 1339 5041 largior.

2263 4987 2359 5020 των
2396 4986 2408 5035 ;
2441 4972 2513 5021 ’Ἡ
2564 4966 2626 5020 σὺ
2676 4967 2863 5039 ᾠήθης
2915 4965 2973 5021 ἂν
3007 4967 3269 5042 παρέχειν
3309 4965 3362 5020 τί
3395 4986 3489 5039 μοι
3545 4970 3653 5020 τῶν
3705 4965 3927 5031 δντων;

492 5055 693 5111 Ὁπότε
751 5054 808 5111 δε
863 5058 1057 5113 καὶτὸ
1114 5058 1205 5112 σὸν
1265 5057 1633 5130 μοναστήριυν
1690 5054 1823 5127 μετά
1865 5058 1971 5109 τῶν
2032 5053 2260 5110 ἀνοσίων
2310 5055 2634 5131 τεταγμένον
2670 5053 2781 5112 οὔτ’
2812 5051 2919 5111 ἔστι
2978 5076 3068 5110 και
3129 5052 3639 5128 δυσωνυμωτάτων,
3684 5053 3925 5128 ἑλοίμην

494 5143 554 5199 ἂν
608 5145 708 5213 τὴν
764 5143 968 5223 δωρεὰν
1027 5151 1115 5202 καί
1172 5148 1273 5216 τὴν
1334 5144 1656 5221 ἀνυπαρξίαν
1716 5148 1813 5199 τοῦ
1866 5146 2230 5220 πράγματος;
2291 5141 2495 5207 Ἣδὲως
2552 5141 2598 5198 δ’
2655 5146 2714 5198 ἄν
2774 5165 2871 5199 σου
2926 5141 3227 5217 πυθοίμην,
3283 5143 3337 5199 τί
3402 5141 3466 5214 δή
3529 5165 3615 5199 σοι
3673 5145 3768 5200 καὶ
3828 5152 3929 5213 τῆς

491 5234 736 5303 κτήσεως
795 5236 1173 5312 προσεγένετο,
1234 5233 1367 5307 ἐμοῦ
1425 5233 1501 5306 μὴ
1560 5230 2002 5307 προσειληφότος
2058 5232 2119 5286 τὸ
2171 5235 2417 5307 πρᾶγμα.
2480 5230 2552 5286 Οὐ
2610 5234 2673 5287 τὸ
2740 5237 2842 5287 πᾶν
2901 5231 3079 5303 ἀπάτη
3126 5232 3219 5286 καὶ
3276 5229 3452 5305 γὲλως
3506 5234 3595 5287 καὶ
3658 5238 3741 5304 τῷ
3800 5229 3923 5289 ὄντι

494 5321 684 5396 βαθεῖα
742 5325 1082 5400 φενάκη;Τὸ
1142 5321 1198 5378 δὲ
1256 5321 1346 5377 καὶ
1406 5320 1796 5398 ἀπολογεῖσθαι
1855 5322 1980 5396 περὶ
2037 5319 2178 5376 οὕτω
2238 5326 2437 5399 σαφοῦς
2496 5320 2793 5397 χλευασίας
2850 5321 2940 5377 καὶ
2996 5320 3297 5395 εἶρωνείας,
3330 5318 3570 5388 πηλίκον
3624 5342 3714 5375 τοι
3747 5320 3828 5381 εἷς
3862 5320 3923 5373 τὸ

494 5409 689 5483 μέτρον
744 5418 843 5480 τῆς
904 5410 1316 5488 ἀρχιερωσύνης
1374 5408 1560 5479 δοκεῖ;
1594 5409 1833 5485 Ἀρόὗν
1890 5410 1952 5464 σὺ
2010 5409 2103 5480 μὲν
2166 5409 2309 5465 οὕτω
2368 5407 2821 5487 φιλοτιμότατος,
2872 5409 2975 5485 ἐγὼ
3036 5406 3093 5463 δὲ
3139 5406 3512 5485 σμικρολόγος
3568 5411 3661 5463 καὶ
3717 5406 3923 5487 φειδωο

490 5495 635 5567 λόςς
698 5499 1134 5577 Ἀντιδωροῦμαι
1197 5499 1260 5571 δή
1334 5521 1440 5569 σοι,
1502 5494 1674 5554 ὁπόσα
1736 5500 1829 5572 μὲν
1892 5500 1918 5553 ὁ
1960 5500 2243 5571 Ἑσπέριος
2301 5498 2534 5561 ὠκεανὸς
2596 5496 2735 5574 ἔχει,
2782 5501 2959 5555 ὁπόσα
3017 5496 3074 5553 δὲ
3130 5497 3279 5561 ἐντὸς
3337 5496 3614 5573 Ὑρκανίας
3674 5498 3763 5553 καὶ
3824 5504 3925 5573 τῆς

489 5584 736 5649 Κασπίας
795 5588 1064 5661 θαλάττης
1121 5590 1253 5659 ἐστὶ,
1314 5588 1403 5643 καὶ
1461 5588 1560 5655 τὴν
1621 5587 1834 5658 Θούλην
1894 5588 1993 5656 τὴν
2048 5594 2234 5657 νῆσον,
2289 5588 2379 5643 καὶ
2435 5589 2503 5642 τὰ
2559 5588 2708 5651 ἐκτὸς
2761 5586 3019 5658 Φάσιδος,
3076 5590 3163 5642 καὶ
3226 5588 3398 5641 ὁπόσα
3455 5590 3489 5656 ἡ
3555 5580 3915 5661 μεσημϐρινή

487 5672 811 5753 περιείληφε
867 5686 961 5751 γῆ,
995 5680 1044 5748 ὅ,
1067 5701 1117 5733 τι
1181 5700 1239 5733 τε
1292 5677 1439 5739 ἐντὸς
1498 5675 1762 5751 ἑκατέρων
1816 5681 1923 5731 τῶν
1988 5676 2278 5753 ὀμφαλῶν,
2336 5678 2423 5732 καὶ
2485 5677 2551 5732 τὰ
2604 5683 2710 5732 τῶν
2774 5678 3035 5733 ἀντοίκων
3094 5676 3185 5731 καὶ
3244 5673 3538 5746 ἀντιδόξων
3601 5677 3915 5750 ξύμπαντα.

490 5759 727 5818 Φίλτατε
780 5762 1000 5839 ἀδελφὲ,
1061 5766 1328 5839 σύντομόν
1390 5780 1473 5819 σοι
1532 5763 1699 5840 λόγον
1754 5764 1860 5838 ἐρῶ
1895 5786 1907 5799 σ
1944 5767 1987 5821 εἰ
2054 5768 2149 5841 μὲν
2206 5765 2394 5843 βούλει
2456 5766 2522 5821 τὰ
2580 5768 2681 5836 τῆς
2739 5769 2874 5843 πρὸς
2936 5770 3083 5842 ἡμᾶς
3138 5764 3468 5843 ἐπαγγελίας
3526 5764 3806 5841 πληροῦν,
3863 5762 3917 5816 ἐν
