4056 6346
246 343 277 400 l
294 340 404 402 169
1739 334 1890 395 EPIE

2004 336 2169 395 lL/E.
3497 341 3656 401 1170

234 467 550 546 πράγμασιν
583 469 743 542 ἡμῖν,
772 465 919 523 ἀλλὰ
952 468 1029 541 μὴ
1062 465 1114 521 ἐν
1142 464 1368 540 ὀνόμασι
1402 463 1569 542 κόρου
1598 465 1700 533 τὴν
1733 462 1959 540 δωρεάν.
1995 464 2056 521 Εἰ
2089 461 2136 518 δ’
2167 463 2280 536 οὖν,
2315 471 2636 543 παραχωρῶ
2666 488 2751 523 σοι
2780 472 2942 524 τοῦτο
2997 471 3131 544 μετὰ
3170 472 3278 526 τῶν
3307 469 3654 545 Ἑλληνικῶν

223 558 422 633 μύθων
450 557 543 613 καὶ
567 554 919 632 ἀνυπάρκτων
943 555 1301 631 πλασμάτων.

2438 666 2529 722 ιν.
2566 667 2645 722 Ad
2676 669 2955 725 Caesarem
2990 669 3212 725 Ducam.

549 671 621 722 A'.
657 664 798 741 Πρὸς
821 665 912 720 τὸν
940 665 1183 743 Καίσαρα
1208 664 1298 720 τὸν
1332 662 1572 721 Δοόκαν’.
1914 666 1970 731 Α

303 754 524 811 Πίστευέ
582 776 701 829 μοι,
763 753 1028 829 ὑπέρτιμε
1104 751 1358 825 δέσποτα,
1417 754 1507 809 καὶ
1584 751 1718 828 ὑπὲρ
1789 755 1893 805 πᾶν

226 840 411 918 ὄνομα
472 843 564 899 καὶ
623 844 861 919 ἀξίωμα,
895 845 1085 921 μάγοι,
1113 841 1206 898 ’ἱνα
1253 842 1425 905 οὕτως
1482 840 1642 912 εἷ’πω,
1693 840 1782 895 καὶ
1843 839 1894 893 οἱ

221 933 429 1011 τρόποι
483 934 817 1011 τυγχάνουσι
876 935 965 988 καί
1023 934 1080 988 οἱ
1140 933 1300 1008 λόγοι
1350 953 1466 1003 σου,
1492 931 1581 986 καὶ
1634 928 1896 1007 ἀρρήτοις

234 1021 502 1097 δυνάμεσι
550 1024 651 1093 τήν
696 1020 835 1097 ἐμὴν
887 1024 1071 1099 ψυχὴν
1120 1019 1535 1095 καταθέλγουσι.
1589 1019 1685 1076 Καὶ
1730 1022 1893 1073 τοῦτο

226 1118 333 1185 ζῶ,
386 1113 415 1167 ’ὁ
470 1110 659 1188 βλέπω
709 1112 765 1167 σέ
797 1131 811 1146 ⁸
861 1113 949 1167 καὶ
1019 1112 1178 1167 τοῦτο
1236 1111 1506 1178 ἀναπνέω,
1550 1110 1579 1165 ’ὀ
1634 1112 1733 1174 τῆς
1792 1115 1891 1177 σῆς

225 1202 423 1257 ἀκούω
456 1208 638 1280 φωνῆς
674 1221 684 1235 ·
718 1200 809 1256 καὶ
837 1205 1000 1256 τοῦτο
1031 1200 1233 1277 χαίρω,
1266 1200 1295 1254 ’ὁ
1325 1204 1446 1261 τοῖς
1479 1202 1594 1259 σοῖς
1626 1196 1891 1272 ἐντυγχά-

224 1314 309 1346 νω
336 1290 648 1367 γράμμασι.
684 1290 813 1365 Περὶ
846 1290 908 1344 οὗ
958 1289 1025 1359 δὴ
1074 1290 1387 1364 ἠρώτησας,
1422 1286 1703 1362 συντόμως
1756 1286 1890 1340 ἀπο-

224 1380 491 1455 κρίνομαί
521 1400 604 1434 σοι
640 1398 653 1411 ⁸
690 1403 718 1431 ι(
762 1376 959 1441 Οὐδεὶς
1013 1382 1163 1453 ἡμᾶς
1207 1377 1569 1451 ἐμισθώσατο.
1605 1401 1633 1427 ››
1666 1371 1891 1430 Δὲδοικα

229 1469 293 1525 δὲ
322 1469 413 1524 ’ἱνα
444 1470 519 1543 μή
546 1469 637 1523 καὶ
665 1472 829 1523 τοῦτο
861 1468 1079 1523 ἀκούσω
1114 1488 1127 1501 ο
1166 1491 1193 1520 ιι
1227 1469 1459 1542 Ἑταῖρε,
1492 1470 1611 1529 πῶς
1639 1463 1889 1530 εῗσῆλθες

230 1583 263 1611 ι(
305 1557 432 1627 ὧδε,
496 1558 572 1631 μή
632 1555 777 1633 ἔχων
839 1554 1042 1630 ἔνδυμα
1092 1557 1316 1632 γάμους
1350 1581 1373 1611 ι
1438 1555 1518 1612 Οὐ
1557 1553 1660 1629 γὰρ
1694 1550 1811 1608 οἴδα
1842 1551 1887 1606 εἰ

230 1643 566 1721 ἀποδέχεται
635 1649 735 1717 τήν
804 1644 1100 1722 παρουσίαν
1161 1667 1266 1719 μου
1323 1645 1352 1700 ὁ
1404 1644 1677 1708 θειότατος
1722 1644 1887 1716 ἡμῶν

238 1734 499 1813 βασιλεύς
525 1754 537 1766 ’
570 1736 633 1790 τὸ
662 1736 766 1811 γάρ
798 1735 1092 1811 πρόσωπον
1128 1734 1292 1790 αὐτοῦ
1331 1733 1408 1793 εἷς
1452 1736 1601 1807 ἡμᾶς
1656 1731 1767 1806 οὐχ
1814 1731 1890 1795 ὡς

230 1827 369 1901 χθὲς
426 1824 515 1881 καὶ
571 1826 762 1902 τρίτην
819 1826 1051 1898 ἡμέραν.
1083 1822 1236 1894 Πλὴν
1292 1820 1550 1878 οὐδέποτε
1604 1819 1886 1882 παντελῶς

228 1916 640 1989 ἀποστήσομαι,
692 1911 790 1970 κᾶν
839 1913 1063 1989 ἐξελάσῃ
1118 1912 1328 1989 βιαίως,
1376 1911 1471 1967 κᾶν
1552 1911 1685 1985 μετὰ
1739 1907 1886 1981 πλη-

227 2009 368 2082 γῶν,
416 2003 512 2059 κᾶν
573 2004 690 2078 μεθ’
721 1998 927 2078 ὕϐρεων
962 2022 977 2037 ⁸
1032 2004 1109 2076 μὴ
1160 2001 1304 2057 οὕτω
1359 2001 1583 2077 μανείην
1636 1999 1787 2057 ποτέ.
1821 1998 1887 2056 Εἰ

228 2095 336 2172 γὰρ
382 2093 471 2149 καὶ
521 2094 660 2171 πρὸς
720 2092 817 2166 ἐμὲ
875 2092 1240 2168 ἀπόστροφος,
1290 2091 1438 2147 ἀλλὰ
1498 2090 1739 2167 χρηστὸς
1797 2089 1886 2144 καὶ

232 2182 649 2261 φιλάνθρωπος.
696 2179 898 2258 Αὔριον
962 2180 1052 2237 οὖν
1106 2182 1196 2236 καὶ
1249 2180 1564 2255 ἐλεύσομαι,
1611 2179 1700 2234 καὶ
1759 2179 1889 2233 ἀκο-

233 2271 438 2348 ρέστως
467 2270 870 2328 καταπολαύσω
908 2292 1005 2326 σου
1034 2276 1134 2341 τῆς
1165 2269 1305 2345 ἐμῆς
1340 2273 1527 2346 ψυχῆς
1570 2268 1660 2324 καὶ
1709 2269 1887 2337 πνοῆς

230 2360 325 2416 καὶ
360 2366 524 2431 ζωῆς.

850 2451 926 2507 Ε’.
966 2453 1054 2522 Τῷ
1091 2450 1265 2523 αὐτῷ.

310 2538 426 2596 Οὔκ
453 2536 564 2594 ἔστι
593 2559 677 2601 τις
704 2536 902 2612 ὅμοιός
952 2560 1060 2610 σοι,
1104 2536 1337 2594 δέσπυτα
1391 2536 1753 2614 χρηστότατε,
1796 2532 1890 2590 ’ίνα

234 2626 327 2682 καὶ
375 2631 535 2682 τοῦτο
590 2626 939 2704 θαρρούντως
982 2625 1222 2701 εἴποιμι,
1270 2622 1393 2683 οὔτε
1438 2628 1538 2697 τήν
1587 2626 1886 2695 καλλονήν,

238 2712 367 2770 οὔτε
419 2716 519 2785 τήν
574 2716 859 2794 φρόνησιν.
894 2716 1042 2792 Λέγω
1092 2714 1149 2771 δὲ
1195 2721 1378 2786 τοῦτο,
1427 2711 1779 2785 ἀποϐλέπων,
1813 2714 1890 2778 εἰς

235 2806 332 2860 τὸν
394 2806 594 2860 σκοπὸν
650 2809 758 2860 τῶν
813 2806 949 2881 πρὸς
1004 2805 1101 2879 ἰμέ
1156 2828 1253 2861 σου
1306 2805 1665 2883 γραμμάτων.
1713 2806 1889 2878 Ὁμοῦ

233 2914 297 2950 τε
325 2895 427 2971 γὰρ
457 2894 549 2949 καὶ
579 2896 713 2968 ἡμῖν
748 2894 825 2957 εἷς
868 2895 1214 2970 παραμυθίαν
1256 2894 1471 2951 ’ίστασαι
1525 2895 1615 2951 καὶ
1660 2899 1740 2967 τῷ
1792 2914 1887 2967 με-

236 2982 398 3061 γάλῳ
431 2981 645 3059 βασιλεῖ
673 2986 762 3039 καὶ
794 2982 1015 3062 ἀδελφῷ
1061 3006 1159 3040 σου
1207 2985 1309 3054 τὴν
1353 2986 1735 3061 προσήκουσαν
1778 2982 1887 3037 σώ-

245 3079 355 3144 ζεις
405 3072 706 3147 ὑπόληψιν,
756 3076 848 3128 καί
891 3073 1139 3150 συνάγεις
1184 3076 1284 3144 τήν
1347 3072 1485 3147 ἐμὴν
1528 3073 1754 3150 γνώμην
1814 3070 1889 3135 εἴς

234 3164 340 3232 τήν
386 3159 549 3239 ἄκραν
596 3160 803 3217 ἐκείνου
846 3163 1023 3218 πίστιν
1072 3184 1131 3219 τε
1176 3165 1266 3219 καὶ
1305 3161 1538 3228 διάθεσιν
1573 3182 1585 3194 ⁸
1623 3160 1754 3236 ὅπερ
1798 3160 1889 3215 καὶ

237 3254 313 3325 τῇ
364 3250 471 3325 ἰμῇ
520 3255 676 3327 ψυχῇ
722 3254 1087 3328 μαρτυρήσεις
1120 3252 1302 3315 αὐτός.
1362 3253 1465 3309 Καὶ
1523 3250 1707 3329 θάρρει
1765 3250 1889 3325 περὶ

237 3339 438 3397 τούτου
477 3359 490 3373 ·
526 3337 750 3415 ἕτοιμος
780 3341 884 3417 γὰρ
927 3342 1019 3396 καὶ
1074 3344 1174 3412 τήν
1216 3341 1354 3415 ἐμὴν
1401 3341 1544 3396 θύειν
1592 3341 1725 3416 ὑπὲρ
1770 3337 1893 3393 τού-

2077 753 2258 811 Crede
2291 754 2868 825 mihi,illustrissime
2898 758 3329 826 domine,0mne
3360 775 3573 815 nomen
3595 764 3656 816 et

2004 844 2352 917 dignitatem
2390 862 2658 918 superas,
2682 847 2897 920 magici
2929 851 2994 903 ut
3023 848 3106 903 ita
3135 847 3350 919 dicam,
3374 864 3567 905 mores
3597 852 3655 903 et

2002 950 2305 991 sermones
2330 935 2415 991 tui
2445 935 2911 1006 inveniuntur,et
2937 936 3221 992 indicibili
3247 937 3462 993 virtute
3492 952 3653 992 men-

2002 1026 2123 1077 tem
2157 1040 2347 1079 meam
2377 1023 2701 1080 incantant.
2744 1026 2909 1080 Tunc
2958 1026 3105 1095 vivo,
3155 1041 3288 1081 cum
3336 1031 3395 1080 te
3442 1025 3647 1094 video;

2002 1114 2145 1168 tunc
2166 1113 2411 1185 respiro,
2438 1131 2571 1170 cum
2595 1119 2758 1170 tuam
2779 1130 2978 1170 vocem
3005 1115 3200 1183 audio;
3228 1120 3367 1170 tunc
3399 1115 3647 1186 gaudeo,

2000 1217 2135 1256 cum
2170 1206 2302 1257 tuas
2330 1201 2556 1259 litteras
2589 1202 2843 1276 perlego.
2881 1204 2955 1259 De
2983 1220 3098 1275 quo
3150 1207 3345 1259 autem
3396 1202 3646 1260 interro-

1999 1289 2175 1361 gasti,
2210 1290 2463 1346 breviter
2486 1290 2593 1346 tibi
2627 1292 2950 1363 respondeo
2976 1310 2989 1348 :
3014 1315 3043 1342 «
3070 1292 3251 1349 Nemo
3284 1308 3391 1347 nos
3421 1292 3646 1346 condu-

1996 1379 2102 1435 xit.
2156 1402 2185 1429 ››
2235 1380 2429 1435 Timui
2487 1397 2621 1437 vero
2687 1398 2759 1438 ne
2823 1380 2969 1437 illud
3038 1398 3271 1454 quoque
3336 1380 3573 1436 audiam
3630 1396 3643 1434 :

1999 1491 2027 1519 «
2058 1468 2277 1536 Amice,
2311 1470 2602 1541 quomodo
2647 1469 2760 1526 huc
2801 1469 3057 1541 intrasti,
3114 1486 3230 1525 non
3276 1469 3501 1525 habens
3547 1486 3645 1524 ve-

1998 1562 2147 1614 stem
2181 1557 2550 1631 nuptialem?
2600 1582 2629 1609 »
2677 1560 2884 1615 Nescio
2933 1559 3092 1615 enim
3142 1575 3215 1612 an
3264 1557 3639 1629 praesentiam

1998 1665 2190 1704 meam
2236 1648 2483 1721 accipiat
2536 1649 2938 1706 divinissimus
2997 1652 3199 1705 noster
3254 1646 3574 1719 imperator
3626 1652 3640 1690 ε

1994 1737 2193 1793 vultus
2222 1738 2379 1794 enim
2428 1739 2557 1810 ejus
2600 1740 2672 1795 ad
2724 1756 2828 1795 nos
2877 1754 2992 1795 non
3043 1741 3107 1792 ut
3151 1734 3277 1792 heri
3327 1741 3385 1792 et
3424 1733 3643 1791 nudius

1996 1826 2228 1884 tertius.
2282 1832 2553 1884 Attamen
2600 1844 2903 1900 nunquam
2967 1825 3207 1883 omnino
3267 1824 3459 1894 abibo,
3506 1839 3642 1879 cum

1995 1915 2281 1972 violenter
2306 1917 2657 1990 abegeris,et
2677 1934 2809 1974 cum
2841 1915 3054 1990 plagis,
3086 1918 3144 1971 et
3171 1930 3305 1970 cum
3338 1915 3641 1969 contume-

1996 2004 2094 2061 liis
2127 2022 2139 2061 :
2171 2022 2243 2062 ne
2273 2007 2511 2077 quando
2541 2007 2625 2063 ita
2650 2006 2960 2062 insaniam.
2992 2005 3051 2061 Si
3082 2003 3238 2060 enim
3269 2020 3302 2059 a
3332 2018 3426 2058 me
3476 2017 3639 2057 aver-

1999 2096 2231 2164 sus,sed
2266 2095 2456 2152 bonus
2483 2100 2542 2153 et
2571 2095 2866 2168 benignus
2897 2111 2981 2152 es.
3014 2094 3154 2151 Cras
3182 2093 3366 2166 igitur
3392 2091 3642 2160 veniam,

1998 2190 2057 2241 et
2087 2184 2503 2242 insatiabiliter
2531 2186 2801 2258 perfruar
2828 2189 2907 2253 te,
2931 2183 3148 2240 mentis
3176 2184 3234 2239 et
3262 2180 3473 2237 animm
3504 2194 3647 2234 mea:

1994 2274 2138 2331 vita.

2664 2457 2732 2509 V.
2765 2453 2977 2510 Eidem.

2068 2542 2194 2599 Non
2216 2545 2305 2598 est
2320 2540 2536 2599 similis
2551 2542 2907 2615 tibi,optime
2925 2540 3186 2607 domine,
3206 2542 3271 2595 ut
3286 2537 3396 2594 hoc
3412 2536 3659 2593 fidenter

1998 2630 2409 2703 dicam,neque
2423 2631 2865 2703 pulchritudine
2878 2645 3068 2703 neque
3081 2626 3508 2701 prudentia.lta
3519 2642 3652 2681 vero

1994 2717 2223 2791 loquor,
2246 2721 2626 2777 considerans
2644 2720 2968 2792 objectumt
2988 2734 3200 2774 uarum
3223 2718 3294 2773 ad
3318 2730 3411 2772 me
3427 2714 3651 2770 littera-

1999 2809 2351 2866 rum.Simul
2381 2809 2536 2866 enim
2560 2815 2618 2866 et
2639 2810 2810 2867 nobis
2838 2806 3300 2866 consolationem
3321 2805 3569 2877 probes,
3591 2806 3652 2859 et

2001 2916 2215 2971 magno
2238 2898 2580 2972 imperatori
2602 2900 2770 2956 fratri
2793 2904 2894 2956 tuo
2915 2895 3359 2955 convenientem
3383 2908 3650 2949 reveren-

1999 2986 2143 3043 tiam
2166 3004 2385 3057 servas,
2404 2992 2462 3043 et
2483 2987 2761 3043 fiduciam
2784 3002 2974 3042 meam
3000 2983 3232 3041 inducis
3256 2983 3316 3037 in
3349 2996 3648 3037 summam

1999 3077 2127 3147 ejus
2150 3076 2328 3133 fidem
2352 3081 2410 3132 et
2430 3076 2915 3148 dispositionem;
2947 3074 3104 3147 quod
3135 3074 3263 3145 ipse
3294 3070 3473 3127 menti
3505 3085 3648 3125 meae

2002 3165 2393 3222 attestaberis.
2426 3166 2495 3221 Et
2523 3166 2677 3222 circa
2702 3164 2849 3221 illud
2882 3163 3157 3220 ﬁduciam
3190 3161 3361 3231 habe,
3414 3164 3653 3230 paratus

2002 3254 2159 3311 enim
2189 3272 2321 3312 sum
2350 3256 2421 3311 ad
2447 3272 2638 3311 meam
2662 3255 2851 3327 ipsius
2870 3255 3048 3310 vitam
3073 3269 3175 3326 pro
3197 3250 3297 3306 illo
3322 3248 3655 3305 sacriﬁcan-

2003 3344 2281 3400 dam.Sed
2301 3345 2455 3416 quod
2476 3344 2594 3399 dixi
2615 3344 2789 3416 hujus
2804 3360 2897 3400 me
2915 3344 3229 3416 pudet,per
3244 3353 3471 3396 sacram
3489 3341 3651 3392 tuam

240 3450 342 3484 του
385 3431 593 3505 ψυχήν.
625 3411 807 3502 ’Ᾰλλ’,
855 3411 993 3507 *ὅπερ
1043 3411 1212 3502 εἶπον,
1248 3411 1490 3487 *δέσποτα
1539 3452 1667 3505 μου,
1697 3411 1890 3484 ἀἰδοῦ-

2004 3432 2185 3489 vitam
2202 3411 2360 3503 juro.
2392 3433 2473 3489 Ne
2496 3434 2642 3490 forte
2664 3411 2757 3489 me
2778 3411 3094 3488 molestum
3117 3411 3369 3502 reputet,
3404 3442 3477 3482 ne
3504 3439 3656 3497 aegre

249 3539 349 3592 μαι
380 3537 395 3552 ο
430 3514 637 3592 ὄμνυμι
666 3522 766 3590 τὴν
812 3519 959 3598 ἱεράν
1004 3541 1101 3576 σου
1147 3524 1355 3597 ψυχήν.
1387 3523 1475 3592 Μή
1530 3541 1661 3576 ποτε
1708 3540 1896 3598 φορτι-

239 3608 341 3663 κόν
396 3628 463 3680 με
513 3607 809 3683 λογίζεται,
853 3610 889 3679 ἢ
937 3609 1037 3665 οὐκ
1082 3610 1359 3686 ἀρέσκεται
1408 3615 1526 3672 τοῖς
1558 3608 1744 3686 λόγοις
1792 3630 1896 3683 μου

232 3696 329 3752 καὶ
380 3701 450 3770 τῇ
492 3697 782 3770 παρουσίᾳ,
813 3720 902 3754 και
961 3697 1051 3754 διὰ
1104 3703 1271 3754 ταῦτα
1328 3697 1449 3755 οὔτε
1495 3696 1672 3769 ἡδέως
1725 3717 1894 3773 προσ-

235 3782 451 3859 ομιλεῖ,
483 3782 608 3841 οὔτε
660 3807 766 3859 μου
816 3786 1068 3862 ἀνέχεται
1116 3786 1395 3863 λέγοντος.
1445 3788 1650 3863 Ἐνάγει
1709 3785 1767 3842 δέ
1828 3807 1895 3860 με

236 3876 318 3939 είς
363 3876 453 3929 τὸν
503 3880 747 3932 τοιοῦτον
795 3879 994 3933 σκοπὸν
1044 3879 1079 3947 ἡ
1129 3878 1368 3954 προτέρα
1414 3876 1609 3932 τούτου
1649 3875 1784 3950 πρός
1826 3896 1895 3950 με

235 3962 480 4028 διάθεσις
549 3964 897 4038 ἁπλουστάτη
965 3967 1055 4022 καὶ
1127 3965 1616 4044 φιλανθρωποτάτη
1682 3967 1892 4042 τυγχά-

238 4074 430 4125 νουσα,
461 4054 551 4108 καὶ
604 4056 798 4128 μηκέτι
839 4060 931 4111 νῦν
980 4058 1043 4112 τὸ
1089 4056 1317 4127 σύνηθες
1366 4055 1567 4130 ἷ’δίωμα
1624 4056 1891 4125 σώζουσα.

237 4142 321 4200 Οὐ
351 4141 535 4199 τοίνυν
567 4149 740 4218 μισῶν
769 4144 830 4199 οὐ
873 4147 1280 4221 προσέρχομαι,
1312 4144 1439 4202 ἀλλ’
1484 4143 1808 4218 αἰδούμενος
1854 4145 1891 4216 ἢ

237 4226 609 4310 φοϐούμενος.
642 4233 865 4296 Ἀλλως
907 4254 966 4289 τε
1005 4236 1095 4290 καὶ
1146 4234 1445 4305 αὐτοτελής
1500 4234 1631 4305 ἐστι,
1679 4236 1766 4290 καὶ
1829 4234 1891 4290 οὐ

231 4319 412 4377 δεῖταί
459 4342 607 4384 τινος
665 4319 789 4378 οὔτε
843 4327 1013 4402 σοφοῦ
1062 4320 1185 4379 οὔτε
1240 4324 1581 4401 ἐμπειρικοῦ.
1630 4325 1776 4400 Ἐγὼ
1835 4323 1893 4380 δὲ

232 4408 526 4487 οὐδέτερον
563 4412 660 4485 μιν
691 4412 831 4485 εἶμι,
862 4414 1050 4475 πιστὸς
1080 4411 1139 4468 δὲ
1166 4412 1234 4469 τά
1258 4414 1391 4489 πρὸς
1446 4413 1573 4478 τοὺς
1631 4412 1891 4478 δεσπότας

231 4500 334 4556 καὶ
365 4497 607 4571 ἀληθὴς,
632 4500 721 4556 καὶ
753 4500 815 4556 οὐ
849 4498 1145 4575 δυνάμενος
1199 4504 1274 4572 μὴ
1327 4501 1625 4578 μεγαλῦναι
1674 4506 1890 4580 πράξεις

232 4589 536 4645 αὐθέντουο
584 4589 674 4644 καὶ
724 4590 753 4644 ὁ
805 4591 1011 4667 μακρὸς
1059 4590 1261 4667 χρόνος
1298 4596 1465 4647 ταῦτα
1506 4614 1599 4667 μοι
1657 4592 1891 4667 ἐμαρτύ-

233 4697 421 4755 ρησε·
455 4677 620 4734 πλέον
680 4676 737 4735 δέ
792 4700 843 4735 τι
899 4685 980 4754 τῷ
1041 4679 1257 4756 βασιλεῖ
1309 4681 1489 4755 τούτῳ
1540 4684 1892 4757 προστέθεικα

2006 3522 2154 3578 terat
2166 3522 2340 3579 verba
2356 3539 2484 3579 mea
2496 3526 2553 3579 et
2565 3522 2960 3595 praesentiam,
2984 3520 3183 3577 etideo
3196 3512 3656 3589 nequejucunde

2003 3627 2234 3667 mecum
2265 3610 2862 3684 colloquatur,neque
2892 3625 2987 3665 me
3014 3608 3306 3664 dicentem
3339 3603 3651 3661 sustineat.

2004 3702 2090 3757 Ad
2125 3700 2239 3758 talo
2269 3700 2587 3757 consilium
2620 3717 2715 3757 me
2766 3698 3011 3755 adducit
3058 3697 3217 3768 prior
3263 3695 3393 3766 ejus
3443 3692 3503 3747 in
3554 3704 3650 3746 me

2004 3787 2313 3859 dispositio
2346 3787 2703 3844 sinceritatis
2734 3791 2791 3842 et
2831 3783 3242 3841 benevolentiae
3289 3780 3482 3853 plena,
3533 3793 3652 3833 non

1993 3880 2122 3950 jam
2153 3879 2387 3935 solitam
2420 3895 2575 3934 nunc
2604 3878 2859 3934 indolem
2892 3874 3284 3932 servans.Non
3309 3872 3486 3944 igitur
3516 3884 3651 3925 cum

2002 3970 2135 4026 odio
2192 3969 2356 4035 adeo,
2407 3970 2508 4025 sed
2560 3984 2693 4025 cum
2743 3967 2966 4040 pudore
3013 3969 3071 4020 et
3119 3963 3347 4019 timore.
3398 3958 3651 4015 Aliunde

2001 4059 2179 4116 etiam
2212 4059 2323 4115 Sibi
2354 4058 2470 4131 ipsi
2500 4058 2742 4125 sufficit,
2774 4060 2833 4112 et
2859 4071 2975 4111 non
3007 4053 3231 4124 indiget
3257 4049 3509 4119 alicujus
3549 4063 3651 4103 ne-

2001 4166 2113 4220 que
2142 4148 2432 4221 sapientia
2460 4163 2651 4219 neque
2681 4144 3061 4218 experientia.
3093 4143 3209 4214 Ego
3257 4144 3453 4195 autem
3502 4133 3653 4191 nihil

2001 4239 2238 4310 quidem
2271 4255 2427 4305 sum,
2472 4238 2573 4294 sed
2625 4237 2683 4291 in
2724 4235 2818 4291 his
2869 4250 2996 4307 quas
3047 4233 3118 4288 ad
3168 4230 3440 4286 dominos
3487 4239 3648 4281 meos

2000 4332 2273 4400 spectant
2302 4325 2491 4382 fidelis
2513 4329 2571 4381 et
2590 4341 2788 4395 verus,
2815 4327 2874 4379 et
2904 4339 3021 4379 non
3054 4334 3299 4394 possum
3326 4332 3444 4373 non
3476 4311 3652 4370 extol-

2000 4415 2119 4474 lere
2150 4416 2411 4474 actiones
2458 4413 2778 4488 principis;
2828 4412 3192 4484 longumque
3242 4411 3479 4478 tempus
3526 4400 3655 4456 haec

2002 4507 2148 4563 mihi
2178 4510 2521 4563 attestatur:
2573 4503 2763 4576 magis
2794 4507 2991 4558 autem
3023 4499 3161 4555 huic
3188 4490 3530 4569 imperatori
3559 4488 3657 4545 ad-

2002 4596 2145 4653 haesi
2177 4601 2234 4653 et
2257 4594 2566 4652 adhaerebo
2595 4608 2852 4665 semper.
2884 4588 2946 4647 Si
2973 4605 3110 4646 vero
3160 4587 3243 4643 ita
3289 4600 3404 4640 non
3454 4594 3654 4653 parem

2002 4686 2145 4741 mihi
2167 4685 2615 4757 dispositionem
2644 4680 2905 4737 vicissim
2928 4678 3166 4751 praebet,
3201 4675 3259 4729 id
3281 4671 3473 4744 culpis
3503 4667 3653 4724 meis

233 4769 334 4825 καὶ
363 4770 660 4843 προσθήσω
689 4766 821 4844 ἄχρι
852 4769 1074 4835 παντός.
1107 4769 1170 4827 Εἰ
1208 4768 1254 4825 δ’
1285 4772 1441 4833 οὗτος
1496 4772 1557 4826 οὗ
1613 4773 1715 4840 τήν
1774 4769 1890 4843 ἴσην

2007 4775 2287 4829 attribuo.
2320 4771 2405 4826 Tu
2441 4786 2571 4826 vero
2604 4768 2750 4824 mihi
2782 4768 2866 4823 ita
2895 4780 3091 4822 serves
3120 4762 3209 4818 tui
3240 4760 3438 4817 fratris
3476 4759 3654 4814 bene-

230 4854 552 4915 ἀντιδίδωσί
606 4879 698 4931 μοι
749 4857 1008 4932 διάθεσιν,
1056 4865 1173 4922 ταῖς
1220 4860 1506 4936 ἁμαρτίαις
1568 4881 1673 4933 μου
1726 4865 1887 4916 τοῦτο

231 4947 556 5023 λογίζομαι.
610 4946 686 5002 Σὺ
744 4946 801 5003 δέ
859 4970 954 5021 μοι
1009 4947 1150 5003 οὕτω
1200 4949 1395 5019 σώζοις
1453 4949 1552 5019 τήν
1610 4949 1744 5021 πρὸς
1795 4950 1887 5005 τὸν

1998 4861 2333 4927 volentiam,
2368 4863 2425 4915 et
2448 4859 2506 4914 in
2532 4874 2624 4914 me
2647 4855 3071 4929 benignitatem
3094 4856 3154 4909 et
3172 4850 3531 4908 voluntatem
3560 4847 3659 4901 in-

2003 4947 2457 5022 comparabilem
2492 4946 2780 5016 moribus,
2812 4942 3189 5001 sermonibus
3220 4944 3277 4997 et
3307 4938 3557 4995 actibus.

234 5007 474 5113 ἆδέλιρόν
508 5033 743 5107 εὔνοιαν,
774 5007 869 5093 καί
898 5036 1041 5093 οὕτω
1069 5036 1159 5094 καί
1188 5007 1456 5113 τὴνσπρὸς
1487 5007 1584 5111 ἐμὲ
1614 5007 1891 5113 εόμένειαν
1924 5038 2015 5095 καὶ
2061 5007 2296 5102 διάθεσιν
2347 5032 2738 5110 ἀπαράμιλλον
2766 5007 2874 5089 ’καὶ
2920 5030 3148 5107 τρόποις
3194 5026 3286 5083 καὶ
3334 5023 3521 5100 λόγοις
3566 5007 3660 5074 xu?

234 5124 559 5204 πράγμασιν
570 5168 583 5183 .

868 5216 929 5287 ζ’.
962 5215 1059 5291 Τῷ
1090 5216 1256 5291 αὐτῷ.

307 5318 628 5403 Ὁλόιρωτὸν
660 5345 754 5379 σου
800 5338 899 5395 την
951 5324 1191 5397 σελήνην
1240 5323 1537 5397 ἀπέλαϐον,
1586 5325 1894 5401 ὑψηλότατε

234 5416 452 5487 Καῖσαρ
518 5415 606 5469 καὶ
679 5410 932 5472 δέσποτα.
965 5413 1334 5488 Ὀλολαμπής
1380 5418 1483 5494 γὰρ
1532 5416 1696 5485 αὐτὴν
1750 5414 1893 5491 ἐφώ-

228 5522 383 5558 τισεν
440 5501 603 5573 ἥλιος
645 5522 659 5535 ⁸
716 5503 835 5559 ὅθεν
913 5503 1001 5560 καὶ
1062 5524 1398 5583 περιαστραφ
1455 5506 1534 5569 εἰς
1594 5504 1895 5580 ἐμακάρισά

235 5613 338 5647 σου
365 5592 431 5648 τὸ
480 5596 614 5671 φῶς.
648 5592 710 5649 Ei
770 5590 847 5666 δὶ,
880 5591 960 5648 ἔτι
1014 5592 1289 5670 περίγειος
1348 5592 1443 5662 ὢν,
1476 5594 1618 5650 οὕτω
1654 5616 1748 5668 μοι
1800 5594 1895 5655 τάς

234 5680 462 5745 ἀκτῖνας
541 5681 822 5759 προχέεις,
902 5682 1184 5759 ὑπέργειος
1255 5684 1505 5760 γεγονὼς,
1559 5683 1720 5739 ποίαν
1798 5680 1897 5737 οὐκ

2652 5214 2748 5271 VI.
2791 5212 3002 5269 Eidem.

2071 5326 2279 5383 Totam
2313 5324 2572 5380 lucidam
2604 5327 2772 5378 tuam
2807 5319 3012 5375 lunam
3063 5314 3280 5387 accepi,
3332 5306 3665 5367 celsissimo

1999 5416 2193 5473 Caesar
2239 5418 2297 5470 et
2349 5411 2615 5481 domine;
2674 5409 2916 5466 omnino
2964 5406 3122 5463 enim
3170 5400 3489 5475 splendens
3535 5412 3665 5453 eam

2003 5505 2090 5561 sol
2121 5501 2665 5570 illuminavit,unde
2684 5499 2815 5556 luce
2836 5495 3228 5554 circumfusus
3256 5490 3457 5547 lumen
3486 5489 3657 5541 tuum

2002 5592 2281 5650 laudibus
2310 5590 2582 5649 extuli.Si
2607 5606 2762 5660 vero,
2795 5586 2987 5645 adhuc
3017 5580 3331 5651 terrestris,
3362 5578 3444 5633 ita
3473 5576 3530 5630 in
3564 5587 3658 5630 me

2007 5683 2205 5739 radios
2250 5681 2526 5748 eﬁ‘undis,
2573 5695 2757 5753 supra
2807 5682 3023 5734 terram
3070 5673 3298 5747 positus
3346 5664 3506 5743 quali
3558 5674 3655 5718 me
