  <div class='ocr_page' id='page_1' title='image "/cluster/home/n/w/nwhite01/storage/ocr_20150623/122/hvd.32044073502452/595.png"; bbox 0 0 4056 6346; ppageno 0'>
   <div class='ocr_carea' id='block_1_1' title="bbox 418 284 565 341">
    <p class='ocr_par' dir='ltr' id='par_1_1' title="bbox 418 284 565 341">
     <span class='ocr_line' id='line_1_1' title="bbox 418 284 565 341; baseline 0 -1"><span class='ocrx_word' id='word_1_1' title='bbox 418 284 565 341; x_wconf 87' lang='grc'><strong>1171</strong></span> 
     </span>
    </p>
   </div>
   <div class='ocr_carea' id='block_1_2' title="bbox 1755 274 2498 342">
    <p class='ocr_par' dir='ltr' id='par_1_2' title="bbox 1755 274 2498 342">
     <span class='ocr_line' id='line_1_2' title="bbox 1755 274 2498 342; baseline -0.011 -1"><span class='ocrx_word' id='word_1_2' title='bbox 1755 276 2182 342; x_wconf 80' lang='lat' dir='ltr'>MICHAELIS</span> <span class='ocrx_word' id='word_1_3' title='bbox 2228 274 2498 335; x_wconf 84' lang='lat' dir='ltr'>PSELLI</span> 
     </span>
    </p>
   </div>
   <div class='ocr_carea' id='block_1_3' title="bbox 3681 277 3837 336">
    <p class='ocr_par' dir='ltr' id='par_1_3' title="bbox 3681 277 3837 336">
     <span class='ocr_line' id='line_1_3' title="bbox 3681 277 3837 336; baseline 0.013 -2"><span class='ocrx_word' id='word_1_4' title='bbox 3681 277 3837 336; x_wconf 72' lang='grc' dir='ltr'><strong>11Ἱῖ</strong></span> 
     </span>
    </p>
   </div>
   <div class='ocr_carea' id='block_1_4' title="bbox 419 398 2084 484">
    <p class='ocr_par' dir='ltr' id='par_1_4' title="bbox 419 410 2065 484">
     <span class='ocr_line' id='line_1_4' title="bbox 419 410 2065 484; baseline 0.001 -18"><span class='ocrx_word' id='word_1_5' title='bbox 419 410 729 482; x_wconf 82' lang='lat' dir='ltr'>splendore</span> <span class='ocrx_word' id='word_1_6' title='bbox 758 428 871 468; x_wconf 89' lang='lat' dir='ltr'>non</span> <span class='ocrx_word' id='word_1_7' title='bbox 911 412 1277 469; x_wconf 85' lang='lat' dir='ltr'>illustrabis?</span> <span class='ocrx_word' id='word_1_8' title='bbox 1328 412 1561 484; x_wconf 90' lang='lat' dir='ltr'>qualem</span> <span class='ocrx_word' id='word_1_9' title='bbox 1612 428 1729 468; x_wconf 88' lang='lat' dir='ltr'>non</span> <span class='ocrx_word' id='word_1_10' title='bbox 1780 410 2065 483; x_wconf 76' lang='lat' dir='ltr'>fulgorem</span> 
     </span>
    </p>
   </div>
   <div class='ocr_carea' id='block_1_5' title="bbox 2202 398 3841 484">
    <p class='ocr_par' dir='ltr' id='par_1_5' title="bbox 2202 398 3841 480">
     <span class='ocr_line' id='line_1_5' title="bbox 2202 398 3841 480; baseline 0.001 -22"><span class='ocrx_word' id='word_1_11' title='bbox 2202 403 2534 476; x_wconf 76' lang='grc' dir='ltr'>ιποστίλψεις</span> <span class='ocrx_word' id='word_1_12' title='bbox 2619 422 2711 475; x_wconf 88' lang='grc' dir='ltr'>μοι</span> <span class='ocrx_word' id='word_1_13' title='bbox 2789 398 3031 475; x_wconf 74' lang='grc' dir='ltr'>αἴγληνς</span> <span class='ocrx_word' id='word_1_14' title='bbox 3092 402 3251 457; x_wconf 88' lang='grc' dir='ltr'>ποίαν</span> <span class='ocrx_word' id='word_1_15' title='bbox 3326 404 3425 458; x_wconf 78' lang='grc' dir='ltr'>οὐκ</span> <span class='ocrx_word' id='word_1_16' title='bbox 3500 402 3841 480; x_wconf 77' lang='grc' dir='ltr'>ἆπαυγάσεις</span> 
     </span>
    </p>
   </div>
   <div class='ocr_carea' id='block_1_6' title="bbox 422 499 2071 573">
    <p class='ocr_par' dir='ltr' id='par_1_6' title="bbox 422 499 2071 573">
     <span class='ocr_line' id='line_1_6' title="bbox 422 499 2071 573; baseline -0.001 -18"><span class='ocrx_word' id='word_1_17' title='bbox 422 501 961 557; x_wconf 88' lang='lat' dir='ltr'>immittes?Deinde</span> <span class='ocrx_word' id='word_1_18' title='bbox 992 503 1318 573; x_wconf 81' lang='lat' dir='ltr'>interrogas</span> <span class='ocrx_word' id='word_1_19' title='bbox 1350 503 1644 573; x_wconf 89' lang='lat' dir='ltr'>quomodo</span> <span class='ocrx_word' id='word_1_20' title='bbox 1672 518 1763 557; x_wconf 90' lang='lat' dir='ltr'>me</span> <span class='ocrx_word' id='word_1_21' title='bbox 1795 499 2071 556; x_wconf 80' lang='lat' dir='ltr'>habeam?</span> 
     </span>
    </p>
   </div>
   <div class='ocr_carea' id='block_1_7' title="bbox 430 589 2071 663">
    <p class='ocr_par' dir='ltr' id='par_1_7' title="bbox 430 589 2071 663">
     <span class='ocr_line' id='line_1_7' title="bbox 430 589 2071 663; baseline -0.001 -19"><span class='ocrx_word' id='word_1_22' title='bbox 430 591 534 646; x_wconf 91' lang='lat' dir='ltr'>hoc</span> <span class='ocrx_word' id='word_1_23' title='bbox 568 591 693 663; x_wconf 91' lang='lat' dir='ltr'>ipso</span> <span class='ocrx_word' id='word_1_24' title='bbox 722 589 908 646; x_wconf 89' lang='lat' dir='ltr'>solum</span> <span class='ocrx_word' id='word_1_25' title='bbox 943 591 1089 646; x_wconf 88' lang='lat' dir='ltr'>bene</span> <span class='ocrx_word' id='word_1_26' title='bbox 1122 593 1274 663; x_wconf 91' lang='lat' dir='ltr'>quod</span> <span class='ocrx_word' id='word_1_27' title='bbox 1311 609 1403 647; x_wconf 84' lang='lat' dir='ltr'>me</span> <span class='ocrx_word' id='word_1_28' title='bbox 1454 592 1802 663; x_wconf 79' lang='lat' dir='ltr'>interrogas,</span> <span class='ocrx_word' id='word_1_29' title='bbox 1851 590 1911 645; x_wconf 89' lang='lat' dir='ltr'>in</span> <span class='ocrx_word' id='word_1_30' title='bbox 1963 607 2071 644; x_wconf 71' lang='lat' dir='ltr'>cm-</span> 
     </span>
    </p>
   </div>
   <div class='ocr_carea' id='block_1_8' title="bbox 421 679 2076 752">
    <p class='ocr_par' dir='ltr' id='par_1_8' title="bbox 421 679 2076 752">
     <span class='ocr_line' id='line_1_8' title="bbox 421 679 2076 752; baseline -0.001 -18"><span class='ocrx_word' id='word_1_31' title='bbox 421 679 563 735; x_wconf 87' lang='lat' dir='ltr'>teris</span> <span class='ocrx_word' id='word_1_32' title='bbox 592 697 721 735; x_wconf 91' lang='lat' dir='ltr'>vero</span> <span class='ocrx_word' id='word_1_33' title='bbox 753 680 1177 751; x_wconf 83' lang='lat' dir='ltr'>Optime.Nemo</span> <span class='ocrx_word' id='word_1_34' title='bbox 1208 681 1367 736; x_wconf 91' lang='lat' dir='ltr'>enim</span> <span class='ocrx_word' id='word_1_35' title='bbox 1400 698 1506 736; x_wconf 91' lang='lat' dir='ltr'>nos</span> <span class='ocrx_word' id='word_1_36' title='bbox 1535 681 1859 752; x_wconf 79' lang='lat' dir='ltr'>interrogat</span> <span class='ocrx_word' id='word_1_37' title='bbox 1887 695 2076 751; x_wconf 90' lang='lat' dir='ltr'>neque</span> 
     </span>
    </p>
   </div>
   <div class='ocr_carea' id='block_1_9' title="bbox 424 768 2075 840">
    <p class='ocr_par' dir='ltr' id='par_1_9' title="bbox 424 768 2075 840">
     <span class='ocr_line' id='line_1_9' title="bbox 424 768 2075 840; baseline 0 -19"><span class='ocrx_word' id='word_1_38' title='bbox 424 768 495 822; x_wconf 93' lang='lat' dir='ltr'>de</span> <span class='ocrx_word' id='word_1_39' title='bbox 527 768 694 822; x_wconf 90' lang='lat' dir='ltr'>nobis</span> <span class='ocrx_word' id='word_1_40' title='bbox 721 770 905 822; x_wconf 85' lang='lat' dir='ltr'>curat.</span> <span class='ocrx_word' id='word_1_41' title='bbox 941 769 1031 835; x_wconf 87' lang='lat' dir='ltr'>Et,</span> <span class='ocrx_word' id='word_1_42' title='bbox 1064 785 1166 840; x_wconf 84' lang='lat' dir='ltr'>per</span> <span class='ocrx_word' id='word_1_43' title='bbox 1196 773 1360 825; x_wconf 90' lang='lat' dir='ltr'>tuum</span> <span class='ocrx_word' id='word_1_44' title='bbox 1395 786 1628 825; x_wconf 89' lang='lat' dir='ltr'>sacrum</span> <span class='ocrx_word' id='word_1_45' title='bbox 1673 774 1729 824; x_wconf 88' lang='lat' dir='ltr'>et</span> <span class='ocrx_word' id='word_1_46' title='bbox 1776 768 2075 839; x_wconf 82' lang='lat' dir='ltr'>augustis-</span> 
     </span>
    </p>
   </div>
   <div class='ocr_carea' id='block_1_10' title="bbox 423 856 2074 929">
    <p class='ocr_par' dir='ltr' id='par_1_10' title="bbox 423 856 2074 929">
     <span class='ocr_line' id='line_1_10' title="bbox 423 856 2074 929; baseline 0 -19"><span class='ocrx_word' id='word_1_47' title='bbox 423 856 639 911; x_wconf 86' lang='lat' dir='ltr'>simum</span> <span class='ocrx_word' id='word_1_48' title='bbox 671 860 868 928; x_wconf 79' lang='lat' dir='ltr'>caput,</span> <span class='ocrx_word' id='word_1_49' title='bbox 902 858 1064 912; x_wconf 89' lang='lat' dir='ltr'>nullo</span> <span class='ocrx_word' id='word_1_50' title='bbox 1096 858 1208 913; x_wconf 91' lang='lat' dir='ltr'>alio</span> <span class='ocrx_word' id='word_1_51' title='bbox 1259 875 1398 929; x_wconf 88' lang='lat' dir='ltr'>egeo</span> <span class='ocrx_word' id='word_1_52' title='bbox 1453 859 1565 913; x_wconf 85' lang='lat' dir='ltr'>nisi</span> <span class='ocrx_word' id='word_1_53' title='bbox 1617 863 1683 913; x_wconf 91' lang='lat' dir='ltr'>ut</span> <span class='ocrx_word' id='word_1_54' title='bbox 1732 858 2074 928; x_wconf 82' lang='lat' dir='ltr'>interroger.</span> 
     </span>
    </p>
   </div>
   <div class='ocr_carea' id='block_1_11' title="bbox 424 944 2073 1017">
    <p class='ocr_par' dir='ltr' id='par_1_11' title="bbox 424 944 2073 1017">
     <span class='ocr_line' id='line_1_11' title="bbox 424 944 2073 1017; baseline 0 -19"><span class='ocrx_word' id='word_1_55' title='bbox 424 945 533 999; x_wconf 90' lang='lat' dir='ltr'>Sed</span> <span class='ocrx_word' id='word_1_56' title='bbox 566 944 723 1000; x_wconf 83' lang='lat' dir='ltr'>istud</span> <span class='ocrx_word' id='word_1_57' title='bbox 754 962 986 1017; x_wconf 88' lang='lat' dir='ltr'>quoque</span> <span class='ocrx_word' id='word_1_58' title='bbox 1019 964 1052 1001; x_wconf 93' lang='lat' dir='ltr'>a</span> <span class='ocrx_word' id='word_1_59' title='bbox 1084 964 1173 1002; x_wconf 91' lang='lat' dir='ltr'>me</span> <span class='ocrx_word' id='word_1_60' title='bbox 1208 947 1536 1001; x_wconf 85' lang='lat' dir='ltr'>invidiosus</span> <span class='ocrx_word' id='word_1_61' title='bbox 1568 947 1791 1002; x_wconf 63' lang='lat' dir='ltr'>daemon</span> <span class='ocrx_word' id='word_1_62' title='bbox 1825 944 2073 1015; x_wconf 85' lang='lat' dir='ltr'>eripuit;</span> 
     </span>
    </p>
   </div>
   <div class='ocr_carea' id='block_1_12' title="bbox 423 1031 2077 1106">
    <p class='ocr_par' dir='ltr' id='par_1_12' title="bbox 423 1031 2077 1106">
     <span class='ocr_line' id='line_1_12' title="bbox 423 1031 2077 1106; baseline -0.001 -19"><span class='ocrx_word' id='word_1_63' title='bbox 423 1038 481 1087; x_wconf 89' lang='lat' dir='ltr'>et</span> <span class='ocrx_word' id='word_1_64' title='bbox 509 1032 624 1088; x_wconf 88' lang='lat' dir='ltr'>nisi</span> <span class='ocrx_word' id='word_1_65' title='bbox 655 1049 795 1088; x_wconf 89' lang='lat' dir='ltr'>aure</span> <span class='ocrx_word' id='word_1_66' title='bbox 842 1039 904 1089; x_wconf 90' lang='lat' dir='ltr'>tu</span> <span class='ocrx_word' id='word_1_67' title='bbox 956 1035 1086 1089; x_wconf 64' lang='lat' dir='ltr'>vita:</span> <span class='ocrx_word' id='word_1_68' title='bbox 1136 1051 1275 1090; x_wconf 60' lang='lat' dir='ltr'>meas</span> <span class='ocrx_word' id='word_1_69' title='bbox 1326 1035 1537 1089; x_wconf 85' lang='lat' dir='ltr'>libram</span> <span class='ocrx_word' id='word_1_70' title='bbox 1589 1037 1867 1106; x_wconf 67' lang='lat' dir='ltr'>aequaret,</span> <span class='ocrx_word' id='word_1_71' title='bbox 1920 1031 2077 1087; x_wconf 89' lang='lat' dir='ltr'>brevi</span> 
     </span>
    </p>
   </div>
   <div class='ocr_carea' id='block_1_13' title="bbox 425 1121 2078 1188">
    <p class='ocr_par' dir='ltr' id='par_1_13' title="bbox 425 1121 2078 1188">
     <span class='ocr_line' id='line_1_13' title="bbox 425 1121 2078 1188; baseline -0.001 -11"><span class='ocrx_word' id='word_1_72' title='bbox 425 1121 751 1177; x_wconf 82' lang='lat' dir='ltr'>habitasset</span> <span class='ocrx_word' id='word_1_73' title='bbox 780 1123 839 1177; x_wconf 91' lang='lat' dir='ltr'>in</span> <span class='ocrx_word' id='word_1_74' title='bbox 870 1123 1098 1179; x_wconf 81' lang='lat' dir='ltr'>inferno</span> <span class='ocrx_word' id='word_1_75' title='bbox 1132 1124 1330 1178; x_wconf 90' lang='lat' dir='ltr'>anima</span> <span class='ocrx_word' id='word_1_76' title='bbox 1364 1140 1529 1188; x_wconf 89' lang='lat' dir='ltr'>mea;</span> <span class='ocrx_word' id='word_1_77' title='bbox 1567 1124 1707 1178; x_wconf 87' lang='lat' dir='ltr'>adeo</span> <span class='ocrx_word' id='word_1_78' title='bbox 1740 1124 1934 1178; x_wconf 88' lang='lat' dir='ltr'>animo</span> <span class='ocrx_word' id='word_1_79' title='bbox 1976 1123 2078 1176; x_wconf 91' lang='lat' dir='ltr'>de-</span> 
     </span>
    </p>
   </div>
   <div class='ocr_carea' id='block_1_14' title="bbox 417 1211 2081 1283">
    <p class='ocr_par' dir='ltr' id='par_1_14' title="bbox 417 1211 2081 1283">
     <span class='ocr_line' id='line_1_14' title="bbox 417 1211 2081 1283; baseline 0 -19"><span class='ocrx_word' id='word_1_80' title='bbox 417 1211 610 1281; x_wconf 86' lang='lat' dir='ltr'>jectus</span> <span class='ocrx_word' id='word_1_81' title='bbox 642 1229 796 1277; x_wconf 89' lang='lat' dir='ltr'>sum,</span> <span class='ocrx_word' id='word_1_82' title='bbox 829 1213 972 1267; x_wconf 88' lang='lat' dir='ltr'>adeo</span> <span class='ocrx_word' id='word_1_83' title='bbox 1006 1214 1215 1267; x_wconf 80' lang='lat' dir='ltr'>anxius</span> <span class='ocrx_word' id='word_1_84' title='bbox 1248 1230 1402 1267; x_wconf 90' lang='lat' dir='ltr'>sum.</span> <span class='ocrx_word' id='word_1_85' title='bbox 1437 1213 1549 1268; x_wconf 88' lang='lat' dir='ltr'>Sed</span> <span class='ocrx_word' id='word_1_86' title='bbox 1586 1212 1791 1283; x_wconf 86' lang='lat' dir='ltr'>lingua</span> <span class='ocrx_word' id='word_1_87' title='bbox 1822 1216 1944 1279; x_wconf 82' lang='lat' dir='ltr'>tua,</span> <span class='ocrx_word' id='word_1_88' title='bbox 1980 1218 2081 1265; x_wconf 91' lang='lat' dir='ltr'>tua</span> 
     </span>
    </p>
   </div>
   <div class='ocr_carea' id='block_1_15' title="bbox 429 1300 2084 1370">
    <p class='ocr_par' dir='ltr' id='par_1_15' title="bbox 429 1300 2084 1370">
     <span class='ocr_line' id='line_1_15' title="bbox 429 1300 2084 1370; baseline 0 -17"><span class='ocrx_word' id='word_1_89' title='bbox 429 1315 618 1368; x_wconf 90' lang='lat' dir='ltr'>musa,</span> <span class='ocrx_word' id='word_1_90' title='bbox 651 1305 754 1354; x_wconf 88' lang='lat' dir='ltr'>tua</span> <span class='ocrx_word' id='word_1_91' title='bbox 784 1300 973 1367; x_wconf 89' lang='lat' dir='ltr'>Siren,</span> <span class='ocrx_word' id='word_1_92' title='bbox 1008 1305 1110 1356; x_wconf 86' lang='lat' dir='ltr'>tua</span> <span class='ocrx_word' id='word_1_93' title='bbox 1141 1301 1602 1368; x_wconf 85' lang='lat' dir='ltr'>incantamenta,</span> <span class='ocrx_word' id='word_1_94' title='bbox 1636 1300 1724 1355; x_wconf 90' lang='lat' dir='ltr'>tui</span> <span class='ocrx_word' id='word_1_95' title='bbox 1750 1300 1930 1370; x_wconf 88' lang='lat' dir='ltr'>sibili,</span> <span class='ocrx_word' id='word_1_96' title='bbox 1978 1304 2084 1354; x_wconf 88' lang='lat' dir='ltr'>tua</span> 
     </span>
    </p>
   </div>
   <div class='ocr_carea' id='block_1_16' title="bbox 426 1388 2081 1461">
    <p class='ocr_par' dir='ltr' id='par_1_16' title="bbox 426 1388 2081 1461">
     <span class='ocr_line' id='line_1_16' title="bbox 426 1388 2081 1461; baseline 0 -18"><span class='ocrx_word' id='word_1_97' title='bbox 426 1388 731 1458; x_wconf 89' lang='lat' dir='ltr'>persuasio</span> <span class='ocrx_word' id='word_1_98' title='bbox 763 1394 818 1444; x_wconf 89' lang='lat' dir='ltr'>et</span> <span class='ocrx_word' id='word_1_99' title='bbox 848 1390 1181 1461; x_wconf 87' lang='lat' dir='ltr'>eloquentia</span> <span class='ocrx_word' id='word_1_100' title='bbox 1213 1391 1464 1445; x_wconf 85' lang='lat' dir='ltr'>suadent</span> <span class='ocrx_word' id='word_1_101' title='bbox 1514 1406 1604 1445; x_wconf 87' lang='lat' dir='ltr'>me</span> <span class='ocrx_word' id='word_1_102' title='bbox 1667 1391 1880 1461; x_wconf 59' lang='lat' dir='ltr'>saepius</span> <span class='ocrx_word' id='word_1_103' title='bbox 1929 1389 2081 1443; x_wconf 92' lang='lat' dir='ltr'>bono</span> 
     </span>
    </p>
   </div>
   <div class='ocr_carea' id='block_1_17' title="bbox 431 1477 2084 1551">
    <p class='ocr_par' dir='ltr' id='par_1_17' title="bbox 431 1477 2084 1551">
     <span class='ocr_line' id='line_1_17' title="bbox 431 1477 2084 1551; baseline 0.001 -20"><span class='ocrx_word' id='word_1_104' title='bbox 431 1478 629 1532; x_wconf 89' lang='lat' dir='ltr'>animo</span> <span class='ocrx_word' id='word_1_105' title='bbox 677 1495 805 1533; x_wconf 91' lang='lat' dir='ltr'>esse</span> <span class='ocrx_word' id='word_1_106' title='bbox 852 1482 909 1533; x_wconf 90' lang='lat' dir='ltr'>et</span> <span class='ocrx_word' id='word_1_107' title='bbox 960 1478 1142 1534; x_wconf 60' lang='lat' dir='ltr'>latari</span> <span class='ocrx_word' id='word_1_108' title='bbox 1177 1497 1188 1533; x_wconf 93' lang='lat'>:</span> <span class='ocrx_word' id='word_1_109' title='bbox 1225 1482 1281 1534; x_wconf 88' lang='lat' dir='ltr'>et</span> <span class='ocrx_word' id='word_1_110' title='bbox 1314 1480 1539 1551; x_wconf 86' lang='lat' dir='ltr'>gaudeo</span> <span class='ocrx_word' id='word_1_111' title='bbox 1570 1478 1688 1533; x_wconf 85' lang='lat' dir='ltr'>tuis</span> <span class='ocrx_word' id='word_1_112' title='bbox 1720 1477 1932 1548; x_wconf 85' lang='lat' dir='ltr'>verbis,</span> <span class='ocrx_word' id='word_1_113' title='bbox 1966 1478 2084 1532; x_wconf 83' lang='lat' dir='ltr'>tuis</span> 
     </span>
    </p>
   </div>
   <div class='ocr_carea' id='block_1_18' title="bbox 433 1565 2084 1638">
    <p class='ocr_par' dir='ltr' id='par_1_18' title="bbox 433 1565 2084 1638">
     <span class='ocr_line' id='line_1_18' title="bbox 433 1565 2084 1638; baseline 0.001 -20"><span class='ocrx_word' id='word_1_114' title='bbox 433 1565 961 1633; x_wconf 81' lang='lat' dir='ltr'>exhortationibus,</span> <span class='ocrx_word' id='word_1_115' title='bbox 994 1567 1113 1622; x_wconf 87' lang='lat' dir='ltr'>tuis</span> <span class='ocrx_word' id='word_1_116' title='bbox 1165 1567 1222 1621; x_wconf 91' lang='lat' dir='ltr'>in</span> <span class='ocrx_word' id='word_1_117' title='bbox 1276 1583 1369 1622; x_wconf 90' lang='lat' dir='ltr'>me</span> <span class='ocrx_word' id='word_1_118' title='bbox 1418 1566 1922 1638; x_wconf 87' lang='lat' dir='ltr'>dispositionibus.</span> <span class='ocrx_word' id='word_1_119' title='bbox 1973 1566 2084 1621; x_wconf 89' lang='lat' dir='ltr'>Sed</span> 
     </span>
    </p>
   </div>
   <div class='ocr_carea' id='block_1_19' title="bbox 431 1653 2085 1727">
    <p class='ocr_par' dir='ltr' id='par_1_19' title="bbox 431 1653 2085 1727">
     <span class='ocr_line' id='line_1_19' title="bbox 431 1653 2085 1727; baseline 0 -18"><span class='ocrx_word' id='word_1_120' title='bbox 431 1669 522 1709; x_wconf 88' lang='lat' dir='ltr'>me</span> <span class='ocrx_word' id='word_1_121' title='bbox 557 1653 749 1709; x_wconf 88' lang='lat' dir='ltr'>dolere</span> <span class='ocrx_word' id='word_1_122' title='bbox 781 1654 928 1709; x_wconf 89' lang='lat' dir='ltr'>nihil</span> <span class='ocrx_word' id='word_1_123' title='bbox 962 1655 1365 1727; x_wconf 88' lang='lat' dir='ltr'>impossibile;</span> <span class='ocrx_word' id='word_1_124' title='bbox 1402 1660 1474 1723; x_wconf 44' lang='lat' dir='ltr'>,tu</span> <span class='ocrx_word' id='word_1_125' title='bbox 1522 1673 1656 1711; x_wconf 92' lang='lat' dir='ltr'>vero</span> <span class='ocrx_word' id='word_1_126' title='bbox 1704 1673 1776 1711; x_wconf 89' lang='lat' dir='ltr'>ne</span> <span class='ocrx_word' id='word_1_127' title='bbox 1824 1671 2085 1726; x_wconf 87' lang='lat' dir='ltr'>unquam</span> 
     </span>
    </p>
   </div>
   <div class='ocr_carea' id='block_1_20' title="bbox 2188 487 3846 566">
    <p class='ocr_par' dir='ltr' id='par_1_20' title="bbox 2188 487 3846 566">
     <span class='ocr_line' id='line_1_20' title="bbox 2188 487 3846 566; baseline 0.001 -20"><span class='ocrx_word' id='word_1_128' title='bbox 2188 492 2591 566; x_wconf 72' lang='grc' dir='ltr'>μαρμαρυγήνς</span> <span class='ocrx_word' id='word_1_129' title='bbox 2654 490 2781 544; x_wconf 72' lang='grc' dir='ltr'>Εἶτα</span> <span class='ocrx_word' id='word_1_130' title='bbox 2840 487 2906 559; x_wconf 73' lang='grc' dir='ltr'>δὴ</span> <span class='ocrx_word' id='word_1_131' title='bbox 2980 488 3184 565; x_wconf 77' lang='grc' dir='ltr'>ἐρωτᾷς</span> <span class='ocrx_word' id='word_1_132' title='bbox 3233 496 3352 553; x_wconf 80' lang='grc' dir='ltr'>πῶς</span> <span class='ocrx_word' id='word_1_133' title='bbox 3411 489 3657 566; x_wconf 73' lang='grc' dir='ltr'>ἔχοιμι;</span> <span class='ocrx_word' id='word_1_134' title='bbox 3716 493 3846 548; x_wconf 66' lang='grc' dir='ltr'>αὖτό</span> 
     </span>
    </p>
   </div>
   <div class='ocr_carea' id='block_1_21' title="bbox 2182 577 3849 654">
    <p class='ocr_par' dir='ltr' id='par_1_21' title="bbox 2182 577 3849 654">
     <span class='ocr_line' id='line_1_21' title="bbox 2182 577 3849 654; baseline 0 -19"><span class='ocrx_word' id='word_1_135' title='bbox 2182 585 2341 635; x_wconf 74' lang='grc' dir='ltr'>τοῦτο</span> <span class='ocrx_word' id='word_1_136' title='bbox 2379 580 2542 653; x_wconf 80' lang='grc' dir='ltr'>μόνον</span> <span class='ocrx_word' id='word_1_137' title='bbox 2574 577 2761 641; x_wconf 81' lang='grc' dir='ltr'>καλῶς</span> <span class='ocrx_word' id='word_1_138' title='bbox 2789 580 2871 634; x_wconf 78' lang='grc' dir='ltr'>ὅτι</span> <span class='ocrx_word' id='word_1_139' title='bbox 2920 600 2986 652; x_wconf 86' lang='grc' dir='ltr'>με</span> <span class='ocrx_word' id='word_1_140' title='bbox 3034 578 3261 654; x_wconf 77' lang='grc' dir='ltr'>ἐρωτᾷς,</span> <span class='ocrx_word' id='word_1_141' title='bbox 3292 580 3358 635; x_wconf 73' lang='grc' dir='ltr'>τὰ</span> <span class='ocrx_word' id='word_1_142' title='bbox 3399 577 3449 635; x_wconf 78' lang='grc' dir='ltr'>δ’</span> <span class='ocrx_word' id='word_1_143' title='bbox 3501 580 3645 637; x_wconf 68' lang='grc' dir='ltr'>ἄλλα</span> <span class='ocrx_word' id='word_1_144' title='bbox 3708 584 3849 637; x_wconf 60' lang='grc' dir='ltr'>πάνυ</span> 
     </span>
    </p>
   </div>
   <div class='ocr_carea' id='block_1_22' title="bbox 2184 665 3849 744">
    <p class='ocr_par' dir='ltr' id='par_1_22' title="bbox 2184 665 3849 744">
     <span class='ocr_line' id='line_1_22' title="bbox 2184 665 3849 744; baseline 0 -19"><span class='ocrx_word' id='word_1_145' title='bbox 2184 670 2390 731; x_wconf 80' lang='grc' dir='ltr'>καλῶς.</span> <span class='ocrx_word' id='word_1_146' title='bbox 2442 666 2636 731; x_wconf 76' lang='grc' dir='ltr'>Οὐδεὶς</span> <span class='ocrx_word' id='word_1_147' title='bbox 2702 668 2804 743; x_wconf 76' lang='grc' dir='ltr'>γὰρ</span> <span class='ocrx_word' id='word_1_148' title='bbox 2878 670 3041 741; x_wconf 69' lang='grc' dir='ltr'>ἡμῶν</span> <span class='ocrx_word' id='word_1_149' title='bbox 3120 665 3241 724; x_wconf 69' lang='grc' dir='ltr'>οὔτε</span> <span class='ocrx_word' id='word_1_150' title='bbox 3313 668 3659 744; x_wconf 70' lang='grc' dir='ltr'>πυνθᾶνεται,</span> <span class='ocrx_word' id='word_1_151' title='bbox 3727 669 3849 725; x_wconf 67' lang='grc' dir='ltr'>οὔτε</span> 
     </span>
    </p>
   </div>
   <div class='ocr_carea' id='block_1_23' title="bbox 2184 755 3846 834">
    <p class='ocr_par' dir='ltr' id='par_1_23' title="bbox 2184 755 3846 834">
     <span class='ocr_line' id='line_1_23' title="bbox 2184 755 3846 834; baseline -0.002 -20"><span class='ocrx_word' id='word_1_152' title='bbox 2184 757 2429 829; x_wconf 75' lang='grc' dir='ltr'>κήδεται.</span> <span class='ocrx_word' id='word_1_153' title='bbox 2478 760 2602 826; x_wconf 76' lang='grc' dir='ltr'>Καὶ,</span> <span class='ocrx_word' id='word_1_154' title='bbox 2666 759 2733 826; x_wconf 77' lang='grc' dir='ltr'>νὴ</span> <span class='ocrx_word' id='word_1_155' title='bbox 2785 760 2880 827; x_wconf 69' lang='grc' dir='ltr'>τὴν</span> <span class='ocrx_word' id='word_1_156' title='bbox 2933 759 3080 834; x_wconf 73' lang='grc' dir='ltr'>ἱεράν</span> <span class='ocrx_word' id='word_1_157' title='bbox 3142 780 3235 813; x_wconf 80' lang='grc' dir='ltr'>σου</span> <span class='ocrx_word' id='word_1_158' title='bbox 3294 760 3384 814; x_wconf 77' lang='grc' dir='ltr'>καὶ</span> <span class='ocrx_word' id='word_1_159' title='bbox 3446 755 3846 834; x_wconf 73' lang='grc' dir='ltr'>ὑπερσέϐαστον</span> 
     </span>
    </p>
   </div>
   <div class='ocr_carea' id='block_1_24' title="bbox 2186 845 3852 925">
    <p class='ocr_par' dir='ltr' id='par_1_24' title="bbox 2186 845 3852 925">
     <span class='ocr_line' id='line_1_24' title="bbox 2186 845 3852 925; baseline 0.002 -24"><span class='ocrx_word' id='word_1_160' title='bbox 2186 847 2451 924; x_wconf 67' lang='grc' dir='ltr'>κεφαλὴν,</span> <span class='ocrx_word' id='word_1_161' title='bbox 2486 845 2612 902; x_wconf 76' lang='grc' dir='ltr'>οὐδὲ</span> <span class='ocrx_word' id='word_1_162' title='bbox 2639 848 2821 923; x_wconf 71' lang='grc' dir='ltr'>ἐτέρου</span> <span class='ocrx_word' id='word_1_163' title='bbox 2851 850 2996 909; x_wconf 84' lang='grc' dir='ltr'>τινὸς</span> <span class='ocrx_word' id='word_1_164' title='bbox 3047 845 3240 919; x_wconf 87' lang='grc' dir='ltr'>δέομαι</span> <span class='ocrx_word' id='word_1_165' title='bbox 3299 849 3327 918; x_wconf 68' lang='grc' dir='ltr'>ἢ</span> <span class='ocrx_word' id='word_1_166' title='bbox 3378 852 3475 903; x_wconf 73' lang='grc' dir='ltr'>τοῦ</span> <span class='ocrx_word' id='word_1_167' title='bbox 3524 847 3852 925; x_wconf 75' lang='grc' dir='ltr'>ἐρωτᾶσθαι.</span> 
     </span>
    </p>
   </div>
   <div class='ocr_carea' id='block_1_25' title="bbox 2189 934 3851 1016">
    <p class='ocr_par' dir='ltr' id='par_1_25' title="bbox 2189 934 3851 1016">
     <span class='ocr_line' id='line_1_25' title="bbox 2189 934 3851 1016; baseline 0 -25"><span class='ocrx_word' id='word_1_168' title='bbox 2189 935 2365 992; x_wconf 80' lang='grc' dir='ltr'>Ἀλλὰ</span> <span class='ocrx_word' id='word_1_169' title='bbox 2413 936 2502 991; x_wconf 84' lang='grc' dir='ltr'>καὶ</span> <span class='ocrx_word' id='word_1_170' title='bbox 2558 935 2720 991; x_wconf 85' lang='grc' dir='ltr'>τουτό</span> <span class='ocrx_word' id='word_1_171' title='bbox 2773 956 2840 1009; x_wconf 74' lang='grc' dir='ltr'>με</span> <span class='ocrx_word' id='word_1_172' title='bbox 2889 938 2917 991; x_wconf 84' lang='grc' dir='ltr'>ὁ</span> <span class='ocrx_word' id='word_1_173' title='bbox 2971 938 3233 1010; x_wconf 72' lang='grc' dir='ltr'>βάσκανος</span> <span class='ocrx_word' id='word_1_174' title='bbox 3284 934 3497 1010; x_wconf 86' lang='grc' dir='ltr'>δαίμων</span> <span class='ocrx_word' id='word_1_175' title='bbox 3550 938 3851 1016; x_wconf 76' lang='grc' dir='ltr'>ἀφείλετο’</span> 
     </span>
    </p>
   </div>
   <div class='ocr_carea' id='block_1_26' title="bbox 2187 1023 3855 1102">
    <p class='ocr_par' dir='ltr' id='par_1_26' title="bbox 2187 1023 3855 1102">
     <span class='ocr_line' id='line_1_26' title="bbox 2187 1023 3855 1102; baseline -0.001 -22"><span class='ocrx_word' id='word_1_176' title='bbox 2187 1025 2301 1090; x_wconf 77' lang='grc' dir='ltr'>καὶ,</span> <span class='ocrx_word' id='word_1_177' title='bbox 2337 1025 2383 1079; x_wconf 74' lang='grc' dir='ltr'>εἷ</span> <span class='ocrx_word' id='word_1_178' title='bbox 2416 1025 2493 1097; x_wconf 74' lang='grc' dir='ltr'>μὴ</span> <span class='ocrx_word' id='word_1_179' title='bbox 2542 1027 2577 1093; x_wconf 71' lang='grc' dir='ltr'>ἡ</span> <span class='ocrx_word' id='word_1_180' title='bbox 2632 1026 2698 1093; x_wconf 74' lang='grc' dir='ltr'>σὴ</span> <span class='ocrx_word' id='word_1_181' title='bbox 2749 1032 2928 1101; x_wconf 77' lang='grc' dir='ltr'>χρυσῆ</span> <span class='ocrx_word' id='word_1_182' title='bbox 2975 1023 3237 1102; x_wconf 77' lang='grc' dir='ltr'>πλάστιγξ</span> <span class='ocrx_word' id='word_1_183' title='bbox 3287 1027 3379 1080; x_wconf 87' lang='grc' dir='ltr'>τὸν</span> <span class='ocrx_word' id='word_1_184' title='bbox 3428 1031 3526 1081; x_wconf 75' lang='grc' dir='ltr'>τοῦ</span> <span class='ocrx_word' id='word_1_185' title='bbox 3582 1026 3709 1102; x_wconf 84' lang='grc' dir='ltr'>βίου</span> <span class='ocrx_word' id='word_1_186' title='bbox 3748 1048 3855 1098; x_wconf 81' lang='grc' dir='ltr'>μου</span> 
     </span>
    </p>
   </div>
   <div class='ocr_carea' id='block_1_27' title="bbox 2193 1109 3853 1190">
    <p class='ocr_par' dir='ltr' id='par_1_27' title="bbox 2193 1109 3853 1190">
     <span class='ocr_line' id='line_1_27' title="bbox 2193 1109 3853 1190; baseline 0.001 -23"><span class='ocrx_word' id='word_1_187' title='bbox 2193 1115 2349 1188; x_wconf 88' lang='grc' dir='ltr'>ζυγὸν</span> <span class='ocrx_word' id='word_1_188' title='bbox 2407 1113 2575 1182; x_wconf 73' lang='grc' dir='ltr'>ἴσαζε,</span> <span class='ocrx_word' id='word_1_189' title='bbox 2608 1109 2937 1189; x_wconf 75' lang='grc' dir='ltr'>παραϐραχὺ</span> <span class='ocrx_word' id='word_1_190' title='bbox 2986 1115 3281 1190; x_wconf 81' lang='grc' dir='ltr'>παρῴκησε</span> <span class='ocrx_word' id='word_1_191' title='bbox 3323 1120 3404 1187; x_wconf 73' lang='grc' dir='ltr'>τῷ</span> <span class='ocrx_word' id='word_1_192' title='bbox 3454 1110 3554 1190; x_wconf 73' lang='grc' dir='ltr'>ᾅδῃ</span> <span class='ocrx_word' id='word_1_193' title='bbox 3605 1118 3639 1183; x_wconf 69' lang='grc' dir='ltr'>ἡ</span> <span class='ocrx_word' id='word_1_194' title='bbox 3693 1118 3853 1190; x_wconf 69' lang='grc' dir='ltr'>ψυχή</span> 
     </span>
    </p>
   </div>
   <div class='ocr_carea' id='block_1_28' title="bbox 2196 1200 3851 1276">
    <p class='ocr_par' dir='ltr' id='par_1_28' title="bbox 2196 1200 3851 1276">
     <span class='ocr_line' id='line_1_28' title="bbox 2196 1200 3851 1276; baseline 0.002 -22"><span class='ocrx_word' id='word_1_195' title='bbox 2196 1223 2299 1274; x_wconf 86' lang='grc' dir='ltr'>μου</span> <span class='ocrx_word' id='word_1_196' title='bbox 2336 1222 2346 1234; x_wconf 91' lang='grc'><strong>·</strong></span> <span class='ocrx_word' id='word_1_197' title='bbox 2382 1201 2560 1263; x_wconf 68' lang='grc' dir='ltr'>οὕτως</span> <span class='ocrx_word' id='word_1_198' title='bbox 2619 1203 2833 1275; x_wconf 75' lang='grc' dir='ltr'>ἀθυμῶ,</span> <span class='ocrx_word' id='word_1_199' title='bbox 2896 1201 3069 1265; x_wconf 76' lang='grc' dir='ltr'>οὕτως</span> <span class='ocrx_word' id='word_1_200' title='bbox 3130 1200 3421 1276; x_wconf 74' lang='grc' dir='ltr'>ἀδημονῶ.</span> <span class='ocrx_word' id='word_1_201' title='bbox 3478 1203 3634 1261; x_wconf 83' lang='grc' dir='ltr'>Ἀλλ’</span> <span class='ocrx_word' id='word_1_202' title='bbox 3678 1207 3717 1274; x_wconf 88' lang='grc' dir='ltr'>ἡ</span> <span class='ocrx_word' id='word_1_203' title='bbox 3786 1206 3851 1273; x_wconf 79' lang='grc' dir='ltr'>σὴ</span> 
     </span>
    </p>
   </div>
   <div class='ocr_carea' id='block_1_29' title="bbox 2192 1290 3856 1368">
    <p class='ocr_par' dir='ltr' id='par_1_29' title="bbox 2192 1290 3856 1368">
     <span class='ocr_line' id='line_1_29' title="bbox 2192 1290 3856 1368; baseline 0.002 -25"><span class='ocrx_word' id='word_1_204' title='bbox 2192 1290 2438 1364; x_wconf 82' lang='grc' dir='ltr'>γλῶσσα,</span> <span class='ocrx_word' id='word_1_205' title='bbox 2471 1293 2504 1359; x_wconf 85' lang='grc' dir='ltr'>ἡ</span> <span class='ocrx_word' id='word_1_206' title='bbox 2535 1292 2599 1359; x_wconf 80' lang='grc' dir='ltr'>σὴ</span> <span class='ocrx_word' id='word_1_207' title='bbox 2655 1295 2847 1363; x_wconf 79' lang='grc' dir='ltr'>μοῦσα,</span> <span class='ocrx_word' id='word_1_208' title='bbox 2882 1293 2916 1361; x_wconf 78' lang='grc' dir='ltr'><strong>ἡ</strong></span> <span class='ocrx_word' id='word_1_209' title='bbox 2961 1293 3025 1360; x_wconf 81' lang='grc' dir='ltr'>σή</span> <span class='ocrx_word' id='word_1_210' title='bbox 3071 1293 3279 1365; x_wconf 73' lang='grc' dir='ltr'>σειρὴν,</span> <span class='ocrx_word' id='word_1_211' title='bbox 3312 1293 3377 1347; x_wconf 82' lang='grc' dir='ltr'>τὰ</span> <span class='ocrx_word' id='word_1_212' title='bbox 3430 1294 3497 1346; x_wconf 80' lang='grc' dir='ltr'>σὰ</span> <span class='ocrx_word' id='word_1_213' title='bbox 3546 1292 3856 1368; x_wconf 72' lang='grc' dir='ltr'>θέλγητρα,</span> 
     </span>
    </p>
   </div>
   <div class='ocr_carea' id='block_1_30' title="bbox 2192 1379 3855 1457">
    <p class='ocr_par' dir='ltr' id='par_1_30' title="bbox 2192 1379 3855 1457">
     <span class='ocr_line' id='line_1_30' title="bbox 2192 1379 3855 1457; baseline 0.003 -25"><span class='ocrx_word' id='word_1_214' title='bbox 2192 1380 2247 1433; x_wconf 77' lang='lat' dir='ltr'>ui</span> <span class='ocrx_word' id='word_1_215' title='bbox 2280 1379 2365 1433; x_wconf 83' lang='grc' dir='ltr'>σαὶ</span> <span class='ocrx_word' id='word_1_216' title='bbox 2416 1379 2624 1454; x_wconf 79' lang='grc' dir='ltr'>ἷ¹υγγες,</span> <span class='ocrx_word' id='word_1_217' title='bbox 2655 1382 2689 1449; x_wconf 83' lang='grc' dir='ltr'>ἠ</span> <span class='ocrx_word' id='word_1_218' title='bbox 2752 1381 2818 1449; x_wconf 72' lang='grc' dir='ltr'>σὴ</span> <span class='ocrx_word' id='word_1_219' title='bbox 2881 1382 3177 1451; x_wconf 82' lang='grc' dir='ltr'>πιθανότης</span> <span class='ocrx_word' id='word_1_220' title='bbox 3228 1381 3317 1435; x_wconf 86' lang='grc' dir='ltr'>καὶ</span> <span class='ocrx_word' id='word_1_221' title='bbox 3366 1381 3669 1457; x_wconf 75' lang='grc' dir='ltr'>εὐγλωττία</span> <span class='ocrx_word' id='word_1_222' title='bbox 3733 1382 3855 1437; x_wconf 84' lang='grc' dir='ltr'>πεί-</span> 
     </span>
    </p>
   </div>
   <div class='ocr_carea' id='block_1_31' title="bbox 2197 1466 3859 1545">
    <p class='ocr_par' dir='ltr' id='par_1_31' title="bbox 2197 1466 3859 1545">
     <span class='ocr_line' id='line_1_31' title="bbox 2197 1466 3859 1545; baseline 0.002 -23"><span class='ocrx_word' id='word_1_223' title='bbox 2197 1480 2274 1532; x_wconf 88' lang='grc' dir='ltr'>θει</span> <span class='ocrx_word' id='word_1_224' title='bbox 2339 1489 2405 1541; x_wconf 89' lang='grc' dir='ltr'>με</span> <span class='ocrx_word' id='word_1_225' title='bbox 2461 1466 2731 1531; x_wconf 79' lang='grc' dir='ltr'>πολλᾶκις</span> <span class='ocrx_word' id='word_1_226' title='bbox 2786 1470 2874 1523; x_wconf 73' lang='grc' dir='ltr'>καὶ</span> <span class='ocrx_word' id='word_1_227' title='bbox 2935 1471 3185 1542; x_wconf 78' lang='grc' dir='ltr'>εὐθυμεῖν</span> <span class='ocrx_word' id='word_1_228' title='bbox 3246 1471 3335 1525; x_wconf 81' lang='grc' dir='ltr'>καὶ</span> <span class='ocrx_word' id='word_1_229' title='bbox 3392 1472 3679 1545; x_wconf 77' lang='grc' dir='ltr'>γάννυσθαι</span> <span class='ocrx_word' id='word_1_230' title='bbox 3715 1490 3731 1502; x_wconf 74' lang='grc'><strong>⁸</strong></span> <span class='ocrx_word' id='word_1_231' title='bbox 3766 1472 3859 1525; x_wconf 77' lang='grc' dir='ltr'>καὶ</span> 
     </span>
    </p>
   </div>
   <div class='ocr_carea' id='block_1_32' title="bbox 2196 1556 3862 1635">
    <p class='ocr_par' dir='ltr' id='par_1_32' title="bbox 2196 1556 3862 1635">
     <span class='ocr_line' id='line_1_32' title="bbox 2196 1556 3862 1635; baseline 0.002 -24"><span class='ocrx_word' id='word_1_232' title='bbox 2196 1557 2377 1632; x_wconf 87' lang='grc' dir='ltr'>χαίρω</span> <span class='ocrx_word' id='word_1_233' title='bbox 2412 1556 2496 1611; x_wconf 75' lang='grc' dir='ltr'>ἐπὶ</span> <span class='ocrx_word' id='word_1_234' title='bbox 2530 1563 2644 1619; x_wconf 91' lang='grc' dir='ltr'>τοῖς</span> <span class='ocrx_word' id='word_1_235' title='bbox 2688 1562 2804 1619; x_wconf 86' lang='grc' dir='ltr'>σοῖς</span> <span class='ocrx_word' id='word_1_236' title='bbox 2857 1556 3066 1633; x_wconf 80' lang='grc' dir='ltr'>λόγοις,</span> <span class='ocrx_word' id='word_1_237' title='bbox 3101 1558 3188 1613; x_wconf 76' lang='grc' dir='ltr'>ἐπὶ</span> <span class='ocrx_word' id='word_1_238' title='bbox 3228 1565 3351 1622; x_wconf 89' lang='grc' dir='ltr'>ταῖς</span> <span class='ocrx_word' id='word_1_239' title='bbox 3403 1566 3519 1620; x_wconf 87' lang='grc' dir='ltr'>σαῖς</span> <span class='ocrx_word' id='word_1_240' title='bbox 3569 1559 3862 1635; x_wconf 64' lang='grc' dir='ltr'>παρακλή-</span> 
     </span>
    </p>
   </div>
   <div class='ocr_carea' id='block_1_33' title="bbox 2198 1644 3841 1724">
    <p class='ocr_par' dir='ltr' id='par_1_33' title="bbox 2198 1644 3841 1724">
     <span class='ocr_line' id='line_1_33' title="bbox 2198 1644 3841 1724; baseline 0.001 -24"><span class='ocrx_word' id='word_1_241' title='bbox 2198 1668 2363 1719; x_wconf 80' lang='grc' dir='ltr'>σεσιν,</span> <span class='ocrx_word' id='word_1_242' title='bbox 2416 1644 2505 1700; x_wconf 68' lang='grc' dir='ltr'>ἐπὶ</span> <span class='ocrx_word' id='word_1_243' title='bbox 2577 1650 2697 1709; x_wconf 91' lang='grc' dir='ltr'>ταῖς</span> <span class='ocrx_word' id='word_1_244' title='bbox 2772 1652 2889 1709; x_wconf 84' lang='grc' dir='ltr'>σαῖς</span> <span class='ocrx_word' id='word_1_245' title='bbox 2963 1648 3100 1724; x_wconf 85' lang='grc' dir='ltr'>πρὸς</span> <span class='ocrx_word' id='word_1_246' title='bbox 3170 1647 3266 1722; x_wconf 75' lang='grc' dir='ltr'>ἐμὲ</span> <span class='ocrx_word' id='word_1_247' title='bbox 3324 1647 3637 1706; x_wconf 83' lang='grc' dir='ltr'>διαθέσεσιν.</span> <span class='ocrx_word' id='word_1_248' title='bbox 3691 1648 3841 1705; x_wconf 78' lang='grc' dir='ltr'>Ἀλλ</span> 
     </span>
    </p>
   </div>
   <div class='ocr_carea' id='block_1_34' title="bbox 432 1734 2084 1842">
    <p class='ocr_par' dir='ltr' id='par_1_34' title="bbox 432 1742 2084 1814">
     <span class='ocr_line' id='line_1_34' title="bbox 432 1742 2084 1814; baseline 0.002 -19"><span class='ocrx_word' id='word_1_249' title='bbox 432 1742 651 1809; x_wconf 89' lang='lat' dir='ltr'>doleas,</span> <span class='ocrx_word' id='word_1_250' title='bbox 685 1759 757 1798; x_wconf 85' lang='lat' dir='ltr'>ne</span> <span class='ocrx_word' id='word_1_251' title='bbox 786 1743 1017 1798; x_wconf 68' lang='lat' dir='ltr'>invidia:</span> <span class='ocrx_word' id='word_1_252' title='bbox 1052 1744 1165 1800; x_wconf 86' lang='lat' dir='ltr'>telo</span> <span class='ocrx_word' id='word_1_253' title='bbox 1198 1744 1447 1814; x_wconf 65' lang='lat' dir='ltr'>lmdaris,</span> <span class='ocrx_word' id='word_1_254' title='bbox 1474 1762 1544 1800; x_wconf 88' lang='lat' dir='ltr'>ne</span> <span class='ocrx_word' id='word_1_255' title='bbox 1577 1744 1853 1800; x_wconf 89' lang='lat' dir='ltr'>inimicus</span> <span class='ocrx_word' id='word_1_256' title='bbox 1885 1749 2084 1800; x_wconf 89' lang='lat' dir='ltr'>contra</span> 
     </span>
    </p>
   </div>
   <div class='ocr_carea' id='block_1_35' title="bbox 2202 1734 3860 1842">
    <p class='ocr_par' dir='ltr' id='par_1_35' title="bbox 2202 1734 3860 1813">
     <span class='ocr_line' id='line_1_35' title="bbox 2202 1734 3860 1813; baseline 0.002 -22"><span class='ocrx_word' id='word_1_257' title='bbox 2202 1736 2295 1809; x_wconf 64' lang='grc' dir='ltr'>ἐμὲ</span> <span class='ocrx_word' id='word_1_258' title='bbox 2330 1739 2422 1809; x_wconf 74' lang='grc' dir='ltr'>μὲν</span> <span class='ocrx_word' id='word_1_259' title='bbox 2458 1734 2743 1793; x_wconf 79' lang='grc' dir='ltr'>λυπεῖσθαι</span> <span class='ocrx_word' id='word_1_260' title='bbox 2807 1735 2957 1793; x_wconf 67' lang='grc' dir='ltr'>οὐδὲν</span> <span class='ocrx_word' id='word_1_261' title='bbox 3006 1738 3250 1801; x_wconf 80' lang='grc' dir='ltr'>ἀπεικός.</span> <span class='ocrx_word' id='word_1_262' title='bbox 3304 1738 3366 1794; x_wconf 74' lang='grc' dir='ltr'>σὺ</span> <span class='ocrx_word' id='word_1_263' title='bbox 3426 1737 3482 1794; x_wconf 56' lang='grc' dir='ltr'>δέ</span> <span class='ocrx_word' id='word_1_264' title='bbox 3541 1741 3616 1813; x_wconf 73' lang='grc' dir='ltr'>μή</span> <span class='ocrx_word' id='word_1_265' title='bbox 3666 1738 3860 1810; x_wconf 79' lang='grc' dir='ltr'>λυπη-</span> 
     </span>
    </p>
   </div>
   <div class='ocr_carea' id='block_1_36' title="bbox 432 1830 2085 1903">
    <p class='ocr_par' dir='ltr' id='par_1_36' title="bbox 432 1830 2085 1903">
     <span class='ocr_line' id='line_1_36' title="bbox 432 1830 2085 1903; baseline 0.001 -18"><span class='ocrx_word' id='word_1_266' title='bbox 432 1834 492 1885; x_wconf 87' lang='lat' dir='ltr'>te</span> <span class='ocrx_word' id='word_1_267' title='bbox 526 1830 852 1902; x_wconf 66' lang='lat' dir='ltr'>praevaleat.</span> <span class='ocrx_word' id='word_1_268' title='bbox 888 1833 947 1887; x_wconf 91' lang='lat' dir='ltr'>Si</span> <span class='ocrx_word' id='word_1_269' title='bbox 977 1832 1109 1903; x_wconf 87' lang='lat' dir='ltr'>quis</span> <span class='ocrx_word' id='word_1_270' title='bbox 1142 1838 1335 1888; x_wconf 88' lang='lat' dir='ltr'>autem</span> <span class='ocrx_word' id='word_1_271' title='bbox 1368 1838 1577 1888; x_wconf 87' lang='lat' dir='ltr'>ventus</span> <span class='ocrx_word' id='word_1_272' title='bbox 1620 1842 1779 1889; x_wconf 90' lang='lat' dir='ltr'>tuam</span> <span class='ocrx_word' id='word_1_273' title='bbox 1830 1841 2085 1888; x_wconf 81' lang='lat' dir='ltr'>mentem</span> 
     </span>
    </p>
   </div>
   <div class='ocr_carea' id='block_1_37' title="bbox 440 1919 2088 1989">
    <p class='ocr_par' dir='ltr' id='par_1_37' title="bbox 440 1919 2088 1989">
     <span class='ocr_line' id='line_1_37' title="bbox 440 1919 2088 1989; baseline 0.001 -16"><span class='ocrx_word' id='word_1_274' title='bbox 440 1919 755 1987; x_wconf 86' lang='lat' dir='ltr'>disturbat,</span> <span class='ocrx_word' id='word_1_275' title='bbox 791 1937 861 1975; x_wconf 89' lang='lat' dir='ltr'>ne</span> <span class='ocrx_word' id='word_1_276' title='bbox 896 1921 1159 1989; x_wconf 88' lang='lat' dir='ltr'>mireris;</span> <span class='ocrx_word' id='word_1_277' title='bbox 1204 1939 1337 1977; x_wconf 90' lang='lat' dir='ltr'>nam</span> <span class='ocrx_word' id='word_1_278' title='bbox 1389 1922 1698 1977; x_wconf 85' lang='lat' dir='ltr'>contrariis</span> <span class='ocrx_word' id='word_1_279' title='bbox 1751 1921 2088 1977; x_wconf 84' lang='lat' dir='ltr'>mutationi-</span> 
     </span>
    </p>
   </div>
   <div class='ocr_carea' id='block_1_38' title="bbox 436 2007 2089 2081">
    <p class='ocr_par' dir='ltr' id='par_1_38' title="bbox 436 2007 2089 2081">
     <span class='ocr_line' id='line_1_38' title="bbox 436 2007 2089 2081; baseline 0.001 -20"><span class='ocrx_word' id='word_1_280' title='bbox 436 2007 549 2062; x_wconf 88' lang='lat' dir='ltr'>bus</span> <span class='ocrx_word' id='word_1_281' title='bbox 579 2008 695 2063; x_wconf 91' lang='lat' dir='ltr'>vita</span> <span class='ocrx_word' id='word_1_282' title='bbox 724 2009 1069 2081; x_wconf 89' lang='lat' dir='ltr'>agitatur,et</span> <span class='ocrx_word' id='word_1_283' title='bbox 1098 2015 1323 2081; x_wconf 86' lang='lat' dir='ltr'>oportet</span> <span class='ocrx_word' id='word_1_284' title='bbox 1356 2012 1614 2081; x_wconf 90' lang='lat' dir='ltr'>primum</span> <span class='ocrx_word' id='word_1_285' title='bbox 1650 2027 1810 2066; x_wconf 89' lang='lat' dir='ltr'>mare</span> <span class='ocrx_word' id='word_1_286' title='bbox 1836 2010 2089 2077; x_wconf 88' lang='lat' dir='ltr'>misceri,</span> 
     </span>
    </p>
   </div>
   <div class='ocr_carea' id='block_1_39' title="bbox 440 2095 1897 2171">
    <p class='ocr_par' dir='ltr' id='par_1_39' title="bbox 440 2095 1897 2171">
     <span class='ocr_line' id='line_1_39' title="bbox 440 2095 1897 2171; baseline 0.003 -21"><span class='ocrx_word' id='word_1_287' title='bbox 440 2095 772 2168; x_wconf 89' lang='lat' dir='ltr'>deindeque</span> <span class='ocrx_word' id='word_1_288' title='bbox 802 2098 858 2152; x_wconf 93' lang='lat' dir='ltr'>in</span> <span class='ocrx_word' id='word_1_289' title='bbox 892 2099 1213 2171; x_wconf 83' lang='lat' dir='ltr'>zephyrum</span> <span class='ocrx_word' id='word_1_290' title='bbox 1246 2103 1651 2171; x_wconf 85' lang='lat' dir='ltr'>tempestatem</span> <span class='ocrx_word' id='word_1_291' title='bbox 1684 2100 1897 2156; x_wconf 91' lang='lat' dir='ltr'>sedari.</span> 
     </span>
    </p>
   </div>
   <div class='ocr_carea' id='block_1_40' title="bbox 524 2366 930 2424">
    <p class='ocr_par' dir='ltr' id='par_1_40' title="bbox 524 2366 930 2424">
     <span class='ocr_line' id='line_1_40' title="bbox 524 2366 930 2424; baseline 0.002 -2"><span class='ocrx_word' id='word_1_292' title='bbox 524 2366 650 2423; x_wconf 70' lang='lat' dir='ltr'>Haec</span> <span class='ocrx_word' id='word_1_293' title='bbox 681 2366 930 2424; x_wconf 82' lang='lat' dir='ltr'>Psellus.</span> 
     </span>
    </p>
   </div>
   <div class='ocr_carea' id='block_1_41' title="bbox 1087 2474 1464 2531">
    <p class='ocr_par' dir='ltr' id='par_1_41' title="bbox 1087 2474 1464 2531">
     <span class='ocr_line' id='line_1_41' title="bbox 1087 2474 1464 2531; baseline 0.005 -2"><span class='ocrx_word' id='word_1_294' title='bbox 1087 2474 1209 2530; x_wconf 86' lang='lat' dir='ltr'>VII.</span> <span class='ocrx_word' id='word_1_295' title='bbox 1245 2475 1464 2531; x_wconf 82' lang='lat' dir='ltr'>Eidem.</span> 
     </span>
    </p>
   </div>
   <div class='ocr_carea' id='block_1_42' title="bbox 526 2580 2098 2654">
    <p class='ocr_par' dir='ltr' id='par_1_42' title="bbox 526 2580 2098 2654">
     <span class='ocr_line' id='line_1_42' title="bbox 526 2580 2098 2654; baseline -0.001 -17"><span class='ocrx_word' id='word_1_296' title='bbox 526 2582 637 2637; x_wconf 92' lang='lat' dir='ltr'>Sed</span> <span class='ocrx_word' id='word_1_297' title='bbox 670 2585 800 2653; x_wconf 87' lang='lat' dir='ltr'>post</span> <span class='ocrx_word' id='word_1_298' title='bbox 830 2581 1047 2652; x_wconf 90' lang='lat' dir='ltr'>lances,</span> <span class='ocrx_word' id='word_1_299' title='bbox 1081 2581 1505 2654; x_wconf 84' lang='lat' dir='ltr'>gloriosissime</span> <span class='ocrx_word' id='word_1_300' title='bbox 1534 2580 1855 2653; x_wconf 89' lang='lat' dir='ltr'>imperator</span> <span class='ocrx_word' id='word_1_301' title='bbox 1882 2585 1941 2636; x_wconf 91' lang='lat' dir='ltr'>et</span> <span class='ocrx_word' id='word_1_302' title='bbox 1970 2598 2098 2636; x_wconf 87' lang='lat' dir='ltr'>ma-</span> 
     </span>
    </p>
   </div>
   <div class='ocr_carea' id='block_1_43' title="bbox 452 2669 2100 2743">
    <p class='ocr_par' dir='ltr' id='par_1_43' title="bbox 452 2669 2100 2743">
     <span class='ocr_line' id='line_1_43' title="bbox 452 2669 2100 2743; baseline 0.001 -19"><span class='ocrx_word' id='word_1_303' title='bbox 452 2669 609 2725; x_wconf 85' lang='lat' dir='ltr'>xime</span> <span class='ocrx_word' id='word_1_304' title='bbox 639 2672 830 2727; x_wconf 68' lang='lat' dir='ltr'>Caasar</span> <span class='ocrx_word' id='word_1_305' title='bbox 861 2670 1295 2743; x_wconf 88' lang='lat' dir='ltr'>dominansque</span> <span class='ocrx_word' id='word_1_306' title='bbox 1328 2687 1468 2726; x_wconf 71' lang='lat' dir='ltr'>mets</span> <span class='ocrx_word' id='word_1_307' title='bbox 1502 2670 1711 2725; x_wconf 82' lang='lat' dir='ltr'>animae</span> <span class='ocrx_word' id='word_1_308' title='bbox 1763 2674 1960 2742; x_wconf 89' lang='lat' dir='ltr'>caput,</span> <span class='ocrx_word' id='word_1_309' title='bbox 2009 2674 2100 2726; x_wconf 86' lang='lat' dir='ltr'>est</span> 
     </span>
    </p>
   </div>
   <div class='ocr_carea' id='block_1_44' title="bbox 450 2758 2098 2831">
    <p class='ocr_par' dir='ltr' id='par_1_44' title="bbox 450 2758 2098 2831">
     <span class='ocr_line' id='line_1_44' title="bbox 450 2758 2098 2831; baseline 0 -17"><span class='ocrx_word' id='word_1_310' title='bbox 450 2758 624 2815; x_wconf 86' lang='lat' dir='ltr'>etiam</span> <span class='ocrx_word' id='word_1_311' title='bbox 655 2760 880 2814; x_wconf 86' lang='lat' dir='ltr'>trutina</span> <span class='ocrx_word' id='word_1_312' title='bbox 911 2763 967 2815; x_wconf 90' lang='lat' dir='ltr'>et</span> <span class='ocrx_word' id='word_1_313' title='bbox 996 2762 1124 2830; x_wconf 84' lang='lat' dir='ltr'>ejus</span> <span class='ocrx_word' id='word_1_314' title='bbox 1157 2758 1378 2831; x_wconf 91' lang='lat' dir='ltr'>regula.</span> <span class='ocrx_word' id='word_1_315' title='bbox 1416 2758 1562 2822; x_wconf 86' lang='lat' dir='ltr'>Quid</span> <span class='ocrx_word' id='word_1_316' title='bbox 1596 2758 1797 2831; x_wconf 86' lang='lat' dir='ltr'>igitur,</span> <span class='ocrx_word' id='word_1_317' title='bbox 1831 2764 1895 2814; x_wconf 89' lang='lat' dir='ltr'>ut</span> <span class='ocrx_word' id='word_1_318' title='bbox 1932 2758 2098 2814; x_wconf 91' lang='lat' dir='ltr'>nobis</span> 
     </span>
    </p>
   </div>
   <div class='ocr_carea' id='block_1_45' title="bbox 447 2846 2098 2920">
    <p class='ocr_par' dir='ltr' id='par_1_45' title="bbox 447 2846 2098 2920">
     <span class='ocr_line' id='line_1_45' title="bbox 447 2846 2098 2920; baseline 0.001 -20"><span class='ocrx_word' id='word_1_319' title='bbox 447 2846 658 2903; x_wconf 89' lang='lat' dir='ltr'>libram</span> <span class='ocrx_word' id='word_1_320' title='bbox 692 2847 961 2920; x_wconf 89' lang='lat' dir='ltr'>impleas,</span> <span class='ocrx_word' id='word_1_321' title='bbox 996 2849 1287 2919; x_wconf 91' lang='lat' dir='ltr'>pecudum</span> <span class='ocrx_word' id='word_1_322' title='bbox 1321 2848 1628 2903; x_wconf 84' lang='lat' dir='ltr'>exhauries</span> <span class='ocrx_word' id='word_1_323' title='bbox 1661 2864 1951 2903; x_wconf 75' lang='lat' dir='ltr'>mammas</span> <span class='ocrx_word' id='word_1_324' title='bbox 1973 2848 1999 2901; x_wconf 78' lang='lat' dir='ltr'>‘I</span> <span class='ocrx_word' id='word_1_325' title='bbox 2027 2864 2098 2903; x_wconf 89' lang='lat' dir='ltr'>ne</span> 
     </span>
    </p>
   </div>
   <div class='ocr_carea' id='block_1_46' title="bbox 451 2936 2097 3004">
    <p class='ocr_par' dir='ltr' id='par_1_46' title="bbox 451 2936 2097 3004">
     <span class='ocr_line' id='line_1_46' title="bbox 451 2936 2097 3004; baseline 0.002 -15"><span class='ocrx_word' id='word_1_326' title='bbox 451 2940 539 3001; x_wconf 89' lang='lat' dir='ltr'>tu,</span> <span class='ocrx_word' id='word_1_327' title='bbox 575 2952 645 2990; x_wconf 91' lang='lat' dir='ltr'>ne</span> <span class='ocrx_word' id='word_1_328' title='bbox 680 2937 735 2989; x_wconf 91' lang='lat' dir='ltr'>in</span> <span class='ocrx_word' id='word_1_329' title='bbox 773 2953 880 2991; x_wconf 90' lang='lat' dir='ltr'>nos</span> <span class='ocrx_word' id='word_1_330' title='bbox 910 2941 1104 2991; x_wconf 90' lang='lat' dir='ltr'>tutum</span> <span class='ocrx_word' id='word_1_331' title='bbox 1137 2936 1284 2992; x_wconf 85' lang='lat' dir='ltr'>ovile</span> <span class='ocrx_word' id='word_1_332' title='bbox 1316 2936 1610 3004; x_wconf 83' lang='lat' dir='ltr'>exsicces;</span> <span class='ocrx_word' id='word_1_333' title='bbox 1642 2953 1734 3001; x_wconf 91' lang='lat' dir='ltr'>ne,</span> <span class='ocrx_word' id='word_1_334' title='bbox 1791 2942 1853 2990; x_wconf 87' lang='lat' dir='ltr'>ut</span> <span class='ocrx_word' id='word_1_335' title='bbox 1902 2937 2097 2994; x_wconf 88' lang='lat' dir='ltr'>lances</span> 
     </span>
    </p>
   </div>
   <div class='ocr_carea' id='block_1_47' title="bbox 447 3024 2095 3095">
    <p class='ocr_par' dir='ltr' id='par_1_47' title="bbox 447 3024 2095 3095">
     <span class='ocr_line' id='line_1_47' title="bbox 447 3024 2095 3095; baseline 0.004 -19"><span class='ocrx_word' id='word_1_336' title='bbox 447 3039 668 3092; x_wconf 72' lang='lat' dir='ltr'>aaques,</span> <span class='ocrx_word' id='word_1_337' title='bbox 702 3024 786 3077; x_wconf 88' lang='lat' dir='ltr'>illi</span> <span class='ocrx_word' id='word_1_338' title='bbox 817 3024 1134 3094; x_wconf 61' lang='lat' dir='ltr'>inaequales</span> <span class='ocrx_word' id='word_1_339' title='bbox 1165 3025 1385 3092; x_wconf 80' lang='lat' dir='ltr'>gratias</span> <span class='ocrx_word' id='word_1_340' title='bbox 1417 3025 1696 3095; x_wconf 56' lang='lat' dir='ltr'>praebeas,</span> <span class='ocrx_word' id='word_1_341' title='bbox 1734 3024 1899 3094; x_wconf 84' lang='lat' dir='ltr'>plura</span> <span class='ocrx_word' id='word_1_342' title='bbox 1928 3027 2095 3082; x_wconf 87' lang='lat' dir='ltr'>nobis</span> 
     </span>
    </p>
   </div>
   <div class='ocr_carea' id='block_1_48' title="bbox 2200 1824 3860 1904">
    <p class='ocr_par' dir='ltr' id='par_1_48' title="bbox 2200 1824 3860 1904">
     <span class='ocr_line' id='line_1_48' title="bbox 2200 1824 3860 1904; baseline 0.001 -25"><span class='ocrx_word' id='word_1_343' title='bbox 2200 1827 2297 1900; x_wconf 79' lang='grc' dir='ltr'>θῇς</span> <span class='ocrx_word' id='word_1_344' title='bbox 2326 1846 2478 1897; x_wconf 80' lang='grc' dir='ltr'>ποτε,</span> <span class='ocrx_word' id='word_1_345' title='bbox 2516 1824 2655 1899; x_wconf 73' lang='grc' dir='ltr'>μηδὲ</span> <span class='ocrx_word' id='word_1_346' title='bbox 2700 1824 2859 1900; x_wconf 81' lang='grc' dir='ltr'>βέλος</span> <span class='ocrx_word' id='word_1_347' title='bbox 2909 1829 3103 1901; x_wconf 71' lang='grc' dir='ltr'>ἅψαιτο</span> <span class='ocrx_word' id='word_1_348' title='bbox 3156 1828 3465 1904; x_wconf 80' lang='grc' dir='ltr'>βασκανίας,</span> <span class='ocrx_word' id='word_1_349' title='bbox 3502 1827 3642 1901; x_wconf 76' lang='grc' dir='ltr'>μηδὲ</span> <span class='ocrx_word' id='word_1_350' title='bbox 3686 1850 3860 1883; x_wconf 83' lang='grc' dir='ltr'>κατι-</span> 
     </span>
    </p>
   </div>
   <div class='ocr_carea' id='block_1_49' title="bbox 2200 1914 3855 1991">
    <p class='ocr_par' dir='ltr' id='par_1_49' title="bbox 2200 1914 3855 1991">
     <span class='ocr_line' id='line_1_49' title="bbox 2200 1914 3855 1991; baseline 0.001 -23"><span class='ocrx_word' id='word_1_351' title='bbox 2200 1915 2396 1990; x_wconf 70' lang='grc' dir='ltr'>σχύσαι</span> <span class='ocrx_word' id='word_1_352' title='bbox 2460 1936 2555 1969; x_wconf 87' lang='grc' dir='ltr'>σου</span> <span class='ocrx_word' id='word_1_353' title='bbox 2614 1916 2641 1969; x_wconf 88' lang='grc' dir='ltr'>ὁ</span> <span class='ocrx_word' id='word_1_354' title='bbox 2698 1914 2917 1991; x_wconf 78' lang='grc' dir='ltr'>ἐχθρός.</span> <span class='ocrx_word' id='word_1_355' title='bbox 2978 1916 3042 1972; x_wconf 74' lang='lat' dir='ltr'>Ei</span> <span class='ocrx_word' id='word_1_356' title='bbox 3103 1914 3159 1971; x_wconf 83' lang='grc' dir='ltr'>δέ</span> <span class='ocrx_word' id='word_1_357' title='bbox 3216 1916 3299 1979; x_wconf 88' lang='grc' dir='ltr'>τίς</span> <span class='ocrx_word' id='word_1_358' title='bbox 3353 1939 3449 1972; x_wconf 85' lang='grc' dir='ltr'>σου</span> <span class='ocrx_word' id='word_1_359' title='bbox 3508 1916 3855 1991; x_wconf 80' lang='grc' dir='ltr'>διακυμαίνει</span> 
     </span>
    </p>
   </div>
   <div class='ocr_carea' id='block_1_50' title="bbox 2200 2000 3857 2083">
    <p class='ocr_par' dir='ltr' id='par_1_50' title="bbox 2200 2000 3857 2083">
     <span class='ocr_line' id='line_1_50' title="bbox 2200 2000 3857 2083; baseline 0.002 -26"><span class='ocrx_word' id='word_1_360' title='bbox 2200 2000 2400 2076; x_wconf 73' lang='grc' dir='ltr'>ἄνεμος</span> <span class='ocrx_word' id='word_1_361' title='bbox 2461 2006 2559 2073; x_wconf 75' lang='grc' dir='ltr'>τήν</span> <span class='ocrx_word' id='word_1_362' title='bbox 2615 2007 2823 2079; x_wconf 73' lang='grc' dir='ltr'>ψυχὴν,</span> <span class='ocrx_word' id='word_1_363' title='bbox 2882 2007 2956 2079; x_wconf 76' lang='grc' dir='ltr'>μὴ</span> <span class='ocrx_word' id='word_1_364' title='bbox 3016 2004 3300 2082; x_wconf 70' lang='grc' dir='ltr'>θαυμάσῃς</span> <span class='ocrx_word' id='word_1_365' title='bbox 3331 2025 3343 2037; x_wconf 88' lang='grc'><strong>·</strong></span> <span class='ocrx_word' id='word_1_366' title='bbox 3393 2012 3511 2069; x_wconf 85' lang='grc' dir='ltr'>ταῖς</span> <span class='ocrx_word' id='word_1_367' title='bbox 3553 2008 3652 2083; x_wconf 71' lang='grc' dir='ltr'>γὰρ</span> <span class='ocrx_word' id='word_1_368' title='bbox 3700 2007 3857 2060; x_wconf 76' lang='grc' dir='ltr'>ἐναν-</span> 
     </span>
    </p>
   </div>
   <div class='ocr_carea' id='block_1_51' title="bbox 2199 2088 3855 2171">
    <p class='ocr_par' dir='ltr' id='par_1_51' title="bbox 2199 2088 3855 2171">
     <span class='ocr_line' id='line_1_51' title="bbox 2199 2088 3855 2171; baseline 0.001 -25"><span class='ocrx_word' id='word_1_369' title='bbox 2199 2092 2339 2155; x_wconf 84' lang='grc' dir='ltr'>τίαις</span> <span class='ocrx_word' id='word_1_370' title='bbox 2376 2088 2707 2165; x_wconf 76' lang='grc' dir='ltr'>μεταϐολαῖς</span> <span class='ocrx_word' id='word_1_371' title='bbox 2740 2095 2767 2148; x_wconf 97' lang='lat'>6</span> <span class='ocrx_word' id='word_1_372' title='bbox 2805 2092 2923 2169; x_wconf 87' lang='grc' dir='ltr'>βίος</span> <span class='ocrx_word' id='word_1_373' title='bbox 2949 2093 3287 2170; x_wconf 76' lang='grc' dir='ltr'>ταράττεται,</span> <span class='ocrx_word' id='word_1_374' title='bbox 3321 2096 3410 2150; x_wconf 82' lang='grc' dir='ltr'>καὶ</span> <span class='ocrx_word' id='word_1_375' title='bbox 3463 2093 3545 2150; x_wconf 80' lang='grc' dir='ltr'>δεῖ</span> <span class='ocrx_word' id='word_1_376' title='bbox 3584 2096 3855 2171; x_wconf 69' lang='grc' dir='ltr'>πρότερον</span> 
     </span>
    </p>
   </div>
   <div class='ocr_carea' id='block_1_52' title="bbox 2201 2180 3859 2260">
    <p class='ocr_par' dir='ltr' id='par_1_52' title="bbox 2201 2180 3859 2260">
     <span class='ocr_line' id='line_1_52' title="bbox 2201 2180 3859 2260; baseline 0.002 -25"><span class='ocrx_word' id='word_1_377' title='bbox 2201 2189 2528 2256; x_wconf 79' lang='grc' dir='ltr'>τιναχθῆναι</span> <span class='ocrx_word' id='word_1_378' title='bbox 2556 2183 2653 2250; x_wconf 79' lang='grc' dir='ltr'>τήν</span> <span class='ocrx_word' id='word_1_379' title='bbox 2688 2180 2983 2257; x_wconf 77' lang='grc' dir='ltr'>θᾶλασσαν,</span> <span class='ocrx_word' id='word_1_380' title='bbox 3014 2183 3111 2247; x_wconf 73' lang='grc' dir='ltr'>εἶθ’</span> <span class='ocrx_word' id='word_1_381' title='bbox 3140 2182 3312 2247; x_wconf 77' lang='grc' dir='ltr'>οὕτως</span> <span class='ocrx_word' id='word_1_382' title='bbox 3345 2191 3532 2255; x_wconf 83' lang='grc' dir='ltr'>στῆναι</span> <span class='ocrx_word' id='word_1_383' title='bbox 3576 2183 3651 2247; x_wconf 73' lang='grc' dir='ltr'>εἷς</span> <span class='ocrx_word' id='word_1_384' title='bbox 3684 2184 3859 2260; x_wconf 63' lang='grc' dir='ltr'>αὔραν</span> 
     </span>
    </p>
   </div>
   <div class='ocr_carea' id='block_1_53' title="bbox 2202 2268 2639 2347">
    <p class='ocr_par' dir='ltr' id='par_1_53' title="bbox 2202 2268 2639 2347">
     <span class='ocr_line' id='line_1_53' title="bbox 2202 2268 2639 2347; baseline 0.009 -23"><span class='ocrx_word' id='word_1_385' title='bbox 2202 2272 2300 2340; x_wconf 85' lang='grc' dir='ltr'>τήν</span> <span class='ocrx_word' id='word_1_386' title='bbox 2333 2268 2639 2347; x_wconf 85' lang='grc' dir='ltr'>καταιγίδα.</span> 
     </span>
    </p>
   </div>
   <div class='ocr_carea' id='block_1_54' title="bbox 2276 2356 2801 2422">
    <p class='ocr_par' dir='ltr' id='par_1_54' title="bbox 2276 2356 2801 2422">
     <span class='ocr_line' id='line_1_54' title="bbox 2276 2356 2801 2422; baseline 0.008 -11"><span class='ocrx_word' id='word_1_387' title='bbox 2276 2360 2333 2411; x_wconf 92' lang='grc' dir='ltr'>Ὁ</span> <span class='ocrx_word' id='word_1_388' title='bbox 2364 2356 2584 2422; x_wconf 83' lang='grc' dir='ltr'>Ψελλὸς</span> <span class='ocrx_word' id='word_1_389' title='bbox 2616 2363 2801 2415; x_wconf 78' lang='grc' dir='ltr'>ταῦτα.</span> 
     </span>
    </p>
   </div>
   <div class='ocr_carea' id='block_1_55' title="bbox 2836 2466 3223 2540">
    <p class='ocr_par' dir='ltr' id='par_1_55' title="bbox 2836 2466 3223 2540">
     <span class='ocr_line' id='line_1_55' title="bbox 2836 2466 3223 2540; baseline 0.008 -19"><span class='ocrx_word' id='word_1_390' title='bbox 2836 2472 2904 2523; x_wconf 90' lang='grc' dir='ltr'>Ζ’.</span> <span class='ocrx_word' id='word_1_391' title='bbox 2935 2470 3028 2540; x_wconf 78' lang='grc' dir='ltr'>Τῷ</span> <span class='ocrx_word' id='word_1_392' title='bbox 3057 2466 3223 2539; x_wconf 69' lang='grc' dir='ltr'>αὑτῷ.</span> 
     </span>
    </p>
   </div>
   <div class='ocr_carea' id='block_1_56' title="bbox 2280 2571 3865 2652">
    <p class='ocr_par' dir='ltr' id='par_1_56' title="bbox 2280 2571 3865 2652">
     <span class='ocr_line' id='line_1_56' title="bbox 2280 2571 3865 2652; baseline -0.001 -22"><span class='ocrx_word' id='word_1_393' title='bbox 2280 2571 2459 2630; x_wconf 77' lang='grc' dir='ltr'>Ἀλλὰ</span> <span class='ocrx_word' id='word_1_394' title='bbox 2502 2573 2635 2647; x_wconf 84' lang='grc' dir='ltr'>μετᾶ</span> <span class='ocrx_word' id='word_1_395' title='bbox 2697 2574 2793 2636; x_wconf 77' lang='grc' dir='ltr'>τὰς</span> <span class='ocrx_word' id='word_1_396' title='bbox 2853 2573 3211 2651; x_wconf 80' lang='grc' dir='ltr'>πλάστιγγας,</span> <span class='ocrx_word' id='word_1_397' title='bbox 3259 2576 3653 2652; x_wconf 68' lang='grc' dir='ltr'>φιλοτιμότατα</span> <span class='ocrx_word' id='word_1_398' title='bbox 3704 2575 3865 2649; x_wconf 80' lang='grc' dir='ltr'>βασι-</span> 
     </span>
    </p>
   </div>
   <div class='ocr_carea' id='block_1_57' title="bbox 2207 2661 3866 2739">
    <p class='ocr_par' dir='ltr' id='par_1_57' title="bbox 2207 2661 3866 2739">
     <span class='ocr_line' id='line_1_57' title="bbox 2207 2661 3866 2739; baseline 0 -22"><span class='ocrx_word' id='word_1_399' title='bbox 2207 2662 2322 2734; x_wconf 73' lang='grc' dir='ltr'>λεῦ,</span> <span class='ocrx_word' id='word_1_400' title='bbox 2355 2663 2447 2717; x_wconf 86' lang='grc' dir='ltr'>καὶ</span> <span class='ocrx_word' id='word_1_401' title='bbox 2509 2663 2728 2737; x_wconf 83' lang='grc' dir='ltr'>μέγιστε</span> <span class='ocrx_word' id='word_1_402' title='bbox 2783 2666 3013 2739; x_wconf 86' lang='grc' dir='ltr'>Καῖσαρ,</span> <span class='ocrx_word' id='word_1_403' title='bbox 3074 2663 3163 2717; x_wconf 84' lang='grc' dir='ltr'>καὶ</span> <span class='ocrx_word' id='word_1_404' title='bbox 3223 2661 3515 2731; x_wconf 83' lang='grc' dir='ltr'>δεσποτική</span> <span class='ocrx_word' id='word_1_405' title='bbox 3562 2671 3663 2733; x_wconf 78' lang='grc' dir='ltr'>τῆς</span> <span class='ocrx_word' id='word_1_406' title='bbox 3719 2663 3866 2736; x_wconf 77' lang='grc' dir='ltr'>ἐμῆς</span> 
     </span>
    </p>
   </div>
   <div class='ocr_carea' id='block_1_58' title="bbox 2206 2750 3867 2828">
    <p class='ocr_par' dir='ltr' id='par_1_58' title="bbox 2206 2750 3867 2828">
     <span class='ocr_line' id='line_1_58' title="bbox 2206 2750 3867 2828; baseline 0.001 -24"><span class='ocrx_word' id='word_1_407' title='bbox 2206 2754 2394 2826; x_wconf 81' lang='grc' dir='ltr'>ψυχῆς</span> <span class='ocrx_word' id='word_1_408' title='bbox 2416 2750 2650 2828; x_wconf 67' lang='grc' dir='ltr'>κεφαλή,</span> <span class='ocrx_word' id='word_1_409' title='bbox 2684 2750 2793 2806; x_wconf 77' lang='grc' dir='ltr'>ἔστι</span> <span class='ocrx_word' id='word_1_410' title='bbox 2825 2750 2915 2806; x_wconf 87' lang='grc' dir='ltr'>καὶ</span> <span class='ocrx_word' id='word_1_411' title='bbox 3011 2752 3245 2826; x_wconf 83' lang='grc' dir='ltr'>τρυτάνη</span> <span class='ocrx_word' id='word_1_412' title='bbox 3299 2752 3389 2806; x_wconf 85' lang='grc' dir='ltr'>καὶ</span> <span class='ocrx_word' id='word_1_413' title='bbox 3439 2752 3466 2806; x_wconf 92' lang='lat'>6</span> <span class='ocrx_word' id='word_1_414' title='bbox 3512 2752 3712 2823; x_wconf 74' lang='grc' dir='ltr'>ταύτης</span> <span class='ocrx_word' id='word_1_415' title='bbox 3760 2773 3867 2806; x_wconf 80' lang='lat' dir='ltr'>xu-</span> 
     </span>
    </p>
   </div>
   <div class='ocr_carea' id='block_1_59' title="bbox 2206 2837 3864 2916">
    <p class='ocr_par' dir='ltr' id='par_1_59' title="bbox 2206 2837 3864 2916">
     <span class='ocr_line' id='line_1_59' title="bbox 2206 2837 3864 2916; baseline 0.002 -23"><span class='ocrx_word' id='word_1_416' title='bbox 2206 2840 2335 2896; x_wconf 82' lang='grc' dir='ltr'>νών.</span> <span class='ocrx_word' id='word_1_417' title='bbox 2376 2839 2435 2893; x_wconf 86' lang='grc' dir='ltr'>Τί</span> <span class='ocrx_word' id='word_1_418' title='bbox 2483 2840 2597 2911; x_wconf 71' lang='grc' dir='ltr'>οὖν,</span> <span class='ocrx_word' id='word_1_419' title='bbox 2646 2837 2737 2893; x_wconf 71' lang='grc' dir='ltr'>’ἱνα</span> <span class='ocrx_word' id='word_1_420' title='bbox 2794 2838 3099 2915; x_wconf 82' lang='grc' dir='ltr'>πληρώσῃς</span> <span class='ocrx_word' id='word_1_421' title='bbox 3140 2842 3276 2913; x_wconf 79' lang='grc' dir='ltr'>ἡμῖν</span> <span class='ocrx_word' id='word_1_422' title='bbox 3324 2842 3415 2895; x_wconf 85' lang='grc' dir='ltr'>τὸν</span> <span class='ocrx_word' id='word_1_423' title='bbox 3475 2844 3655 2916; x_wconf 79' lang='grc' dir='ltr'>ζυγὸν,</span> <span class='ocrx_word' id='word_1_424' title='bbox 3709 2840 3864 2896; x_wconf 79' lang='grc' dir='ltr'>ἐκκε-</span> 
     </span>
    </p>
   </div>
   <div class='ocr_carea' id='block_1_60' title="bbox 2204 2928 3862 3003">
    <p class='ocr_par' dir='ltr' id='par_1_60' title="bbox 2204 2928 3862 3003">
     <span class='ocr_line' id='line_1_60' title="bbox 2204 2928 3862 3003; baseline 0.001 -21"><span class='ocrx_word' id='word_1_425' title='bbox 2204 2930 2402 2990; x_wconf 86' lang='grc' dir='ltr'>νώσαις</span> <span class='ocrx_word' id='word_1_426' title='bbox 2448 2933 2555 2983; x_wconf 82' lang='grc' dir='ltr'>τῶν</span> <span class='ocrx_word' id='word_1_427' title='bbox 2612 2930 2942 3001; x_wconf 79' lang='grc' dir='ltr'>θρεμμάτων</span> <span class='ocrx_word' id='word_1_428' title='bbox 2994 2928 3120 2991; x_wconf 79' lang='grc' dir='ltr'>τοὺς</span> <span class='ocrx_word' id='word_1_429' title='bbox 3176 2928 3449 3001; x_wconf 70' lang='grc' dir='ltr'>μαστοῦςς</span> <span class='ocrx_word' id='word_1_430' title='bbox 3505 2930 3581 3002; x_wconf 76' lang='grc' dir='ltr'>μὴ</span> <span class='ocrx_word' id='word_1_431' title='bbox 3642 2929 3706 2984; x_wconf 68' lang='grc' dir='ltr'>σύ</span> <span class='ocrx_word' id='word_1_432' title='bbox 3754 2951 3862 3003; x_wconf 82' lang='grc' dir='ltr'>γε·</span> 
     </span>
    </p>
   </div>
   <div class='ocr_carea' id='block_1_61' title="bbox 2209 3015 3863 3095">
    <p class='ocr_par' dir='ltr' id='par_1_61' title="bbox 2209 3015 3863 3095">
     <span class='ocr_line' id='line_1_61' title="bbox 2209 3015 3863 3095; baseline 0.001 -24"><span class='ocrx_word' id='word_1_433' title='bbox 2209 3015 2350 3090; x_wconf 72' lang='grc' dir='ltr'>μηδὲ</span> <span class='ocrx_word' id='word_1_434' title='bbox 2379 3016 2459 3095; x_wconf 66' lang='grc' dir='ltr'>ἐφ’</span> <span class='ocrx_word' id='word_1_435' title='bbox 2490 3021 2625 3091; x_wconf 75' lang='grc' dir='ltr'>ἡμῖν</span> <span class='ocrx_word' id='word_1_436' title='bbox 2660 3016 2936 3091; x_wconf 70' lang='grc' dir='ltr'>ἆποψύξῃς</span> <span class='ocrx_word' id='word_1_437' title='bbox 2966 3018 3028 3072; x_wconf 84' lang='grc' dir='ltr'>τὸ</span> <span class='ocrx_word' id='word_1_438' title='bbox 3057 3017 3320 3090; x_wconf 81' lang='grc' dir='ltr'>ποίμνιον</span> <span class='ocrx_word' id='word_1_439' title='bbox 3355 3039 3368 3051; x_wconf 90' lang='grc'><strong>·</strong></span> <span class='ocrx_word' id='word_1_440' title='bbox 3407 3015 3568 3091; x_wconf 65' lang='grc' dir='ltr'>μηδὲ,</span> <span class='ocrx_word' id='word_1_441' title='bbox 3594 3017 3689 3072; x_wconf 71' lang='grc' dir='ltr'>’ἱνα</span> <span class='ocrx_word' id='word_1_442' title='bbox 3736 3018 3863 3072; x_wconf 74' lang='grc' dir='ltr'>ἱσά-</span> 
     </span>
    </p>
   </div>
   <div class='ocr_carea' id='block_1_62' title="bbox 451 3107 2084 3205">
    <p class='ocr_par' dir='ltr' id='par_1_62' title="bbox 451 3111 2084 3185">
     <span class='ocr_line' id='line_1_62' title="bbox 451 3111 2084 3185; baseline 0.004 -21"><span class='ocrx_word' id='word_1_443' title='bbox 451 3111 815 3167; x_wconf 90' lang='lat' dir='ltr'>distribuens</span> <span class='ocrx_word' id='word_1_444' title='bbox 838 3118 895 3166; x_wconf 88' lang='lat' dir='ltr'>et</span> <span class='ocrx_word' id='word_1_445' title='bbox 921 3130 1026 3167; x_wconf 89' lang='lat' dir='ltr'>nos</span> <span class='ocrx_word' id='word_1_446' title='bbox 1048 3128 1225 3182; x_wconf 87' lang='lat' dir='ltr'>super</span> <span class='ocrx_word' id='word_1_447' title='bbox 1245 3129 1449 3167; x_wconf 90' lang='lat' dir='ltr'>omnes</span> <span class='ocrx_word' id='word_1_448' title='bbox 1472 3117 1760 3177; x_wconf 87' lang='lat' dir='ltr'>statuens,</span> <span class='ocrx_word' id='word_1_449' title='bbox 1777 3118 1838 3168; x_wconf 90' lang='lat' dir='ltr'>tu</span> <span class='ocrx_word' id='word_1_450' title='bbox 1864 3115 1960 3185; x_wconf 88' lang='lat' dir='ltr'>qui</span> <span class='ocrx_word' id='word_1_451' title='bbox 1996 3133 2084 3171; x_wconf 90' lang='lat' dir='ltr'>su-</span> 
     </span>
    </p>
   </div>
   <div class='ocr_carea' id='block_1_63' title="bbox 2202 3107 3862 3205">
    <p class='ocr_par' dir='ltr' id='par_1_63' title="bbox 2204 3107 3862 3181">
     <span class='ocr_line' id='line_1_63' title="bbox 2204 3107 3862 3181; baseline 0.001 -21"><span class='ocrx_word' id='word_1_452' title='bbox 2204 3129 2302 3181; x_wconf 78' lang='grc' dir='ltr'>σῃς</span> <span class='ocrx_word' id='word_1_453' title='bbox 2386 3108 2481 3167; x_wconf 75' lang='grc' dir='ltr'>τὰς</span> <span class='ocrx_word' id='word_1_454' title='bbox 2568 3107 2930 3181; x_wconf 77' lang='grc' dir='ltr'>πΛάστιγγας,</span> <span class='ocrx_word' id='word_1_455' title='bbox 2995 3107 3206 3170; x_wconf 83' lang='grc' dir='ltr'>ἀνίσους</span> <span class='ocrx_word' id='word_1_456' title='bbox 3259 3107 3407 3179; x_wconf 74' lang='grc' dir='ltr'>αὖτῷ</span> <span class='ocrx_word' id='word_1_457' title='bbox 3468 3110 3703 3181; x_wconf 70' lang='grc' dir='ltr'>ποιήσῃς</span> <span class='ocrx_word' id='word_1_458' title='bbox 3761 3110 3862 3169; x_wconf 73' lang='grc' dir='ltr'>τὰς</span> 
     </span>
    </p>
   </div>
   <div class='ocr_carea' id='block_1_64' title="bbox 451 3200 2093 3271">
    <p class='ocr_par' dir='ltr' id='par_1_64' title="bbox 451 3200 2093 3271">
     <span class='ocr_line' id='line_1_64' title="bbox 451 3200 2093 3271; baseline 0.004 -19"><span class='ocrx_word' id='word_1_459' title='bbox 451 3214 620 3269; x_wconf 90' lang='lat' dir='ltr'>peras</span> <span class='ocrx_word' id='word_1_460' title='bbox 644 3215 942 3254; x_wconf 84' lang='lat' dir='ltr'>sermones</span> <span class='ocrx_word' id='word_1_461' title='bbox 966 3204 1023 3254; x_wconf 87' lang='lat' dir='ltr'>et</span> <span class='ocrx_word' id='word_1_462' title='bbox 1044 3200 1232 3271; x_wconf 86' lang='lat' dir='ltr'>elogia</span> <span class='ocrx_word' id='word_1_463' title='bbox 1250 3217 1600 3271; x_wconf 75' lang='lat' dir='ltr'>omnemque</span> <span class='ocrx_word' id='word_1_464' title='bbox 1622 3201 1969 3258; x_wconf 88' lang='lat' dir='ltr'>rhetoricam</span> <span class='ocrx_word' id='word_1_465' title='bbox 2004 3222 2093 3259; x_wconf 92' lang='lat' dir='ltr'>ar-</span> 
     </span>
    </p>
   </div>
   <div class='ocr_carea' id='block_1_65' title="bbox 446 3286 2097 3364">
    <p class='ocr_par' dir='ltr' id='par_1_65' title="bbox 446 3286 2097 3364">
     <span class='ocr_line' id='line_1_65' title="bbox 446 3286 2097 3364; baseline 0.005 -23"><span class='ocrx_word' id='word_1_466' title='bbox 446 3291 565 3341; x_wconf 87' lang='lat' dir='ltr'>tem</span> <span class='ocrx_word' id='word_1_467' title='bbox 596 3292 654 3342; x_wconf 88' lang='lat' dir='ltr'>et</span> <span class='ocrx_word' id='word_1_468' title='bbox 682 3286 1042 3343; x_wconf 86' lang='lat' dir='ltr'>facultatem.</span> <span class='ocrx_word' id='word_1_469' title='bbox 1076 3289 1190 3360; x_wconf 89' lang='lat' dir='ltr'>Ego</span> <span class='ocrx_word' id='word_1_470' title='bbox 1222 3306 1353 3345; x_wconf 91' lang='lat' dir='ltr'>vero</span> <span class='ocrx_word' id='word_1_471' title='bbox 1386 3306 1542 3344; x_wconf 87' lang='lat' dir='ltr'>nunc</span> <span class='ocrx_word' id='word_1_472' title='bbox 1573 3291 1813 3362; x_wconf 84' lang='lat' dir='ltr'>cognovi</span> <span class='ocrx_word' id='word_1_473' title='bbox 1863 3294 2097 3364; x_wconf 86' lang='lat' dir='ltr'>sapiens</span> 
     </span>
    </p>
   </div>
   <div class='ocr_carea' id='block_1_66' title="bbox 444 3375 2095 3445">
    <p class='ocr_par' dir='ltr' id='par_1_66' title="bbox 444 3375 2095 3445">
     <span class='ocr_line' id='line_1_66' title="bbox 444 3375 2095 3445; baseline 0.006 -17"><span class='ocrx_word' id='word_1_474' title='bbox 444 3389 595 3443; x_wconf 88' lang='lat' dir='ltr'>esse,</span> <span class='ocrx_word' id='word_1_475' title='bbox 626 3375 763 3445; x_wconf 88' lang='lat' dir='ltr'>quia</span> <span class='ocrx_word' id='word_1_476' title='bbox 794 3380 957 3431; x_wconf 86' lang='lat' dir='ltr'>tuam</span> <span class='ocrx_word' id='word_1_477' title='bbox 993 3377 1136 3433; x_wconf 89' lang='lat' dir='ltr'>meis</span> <span class='ocrx_word' id='word_1_478' title='bbox 1182 3377 1557 3433; x_wconf 86' lang='lat' dir='ltr'>sermonibus</span> <span class='ocrx_word' id='word_1_479' title='bbox 1607 3379 1865 3434; x_wconf 87' lang='lat' dir='ltr'>animam</span> <span class='ocrx_word' id='word_1_480' title='bbox 1913 3398 2095 3438; x_wconf 91' lang='lat' dir='ltr'>aucu-</span> 
     </span>
    </p>
   </div>
   <div class='ocr_carea' id='block_1_67' title="bbox 446 3464 2095 3537">
    <p class='ocr_par' dir='ltr' id='par_1_67' title="bbox 446 3464 2095 3537">
     <span class='ocr_line' id='line_1_67' title="bbox 446 3464 2095 3537; baseline 0.007 -21"><span class='ocrx_word' id='word_1_481' title='bbox 446 3478 573 3532; x_wconf 89' lang='lat' dir='ltr'>por;</span> <span class='ocrx_word' id='word_1_482' title='bbox 603 3464 758 3518; x_wconf 90' lang='lat' dir='ltr'>unde</span> <span class='ocrx_word' id='word_1_483' title='bbox 787 3480 1067 3535; x_wconf 90' lang='lat' dir='ltr'>arrogans</span> <span class='ocrx_word' id='word_1_484' title='bbox 1094 3467 1331 3521; x_wconf 89' lang='lat' dir='ltr'>omnino</span> <span class='ocrx_word' id='word_1_485' title='bbox 1363 3466 1549 3521; x_wconf 86' lang='lat' dir='ltr'>factus</span> <span class='ocrx_word' id='word_1_486' title='bbox 1581 3483 1736 3537; x_wconf 88' lang='lat' dir='ltr'>sum,</span> <span class='ocrx_word' id='word_1_487' title='bbox 1759 3473 1814 3524; x_wconf 90' lang='lat' dir='ltr'>et</span> <span class='ocrx_word' id='word_1_488' title='bbox 1843 3469 2095 3527; x_wconf 85' lang='lat' dir='ltr'>frontem</span> 
     </span>
    </p>
   </div>
   <div class='ocr_carea' id='block_1_68' title="bbox 447 3550 2094 3627">
    <p class='ocr_par' dir='ltr' id='par_1_68' title="bbox 447 3550 2094 3627">
     <span class='ocr_line' id='line_1_68' title="bbox 447 3550 2094 3627; baseline 0.006 -22"><span class='ocrx_word' id='word_1_489' title='bbox 447 3550 687 3617; x_wconf 86' lang='lat' dir='ltr'>erexi,et</span> <span class='ocrx_word' id='word_1_490' title='bbox 717 3552 968 3607; x_wconf 89' lang='lat' dir='ltr'>summis</span> <span class='ocrx_word' id='word_1_491' title='bbox 1000 3553 1198 3624; x_wconf 87' lang='lat' dir='ltr'>digitis</span> <span class='ocrx_word' id='word_1_492' title='bbox 1231 3553 1507 3621; x_wconf 90' lang='lat' dir='ltr'>ambulo;</span> <span class='ocrx_word' id='word_1_493' title='bbox 1544 3559 1600 3609; x_wconf 91' lang='lat' dir='ltr'>et</span> <span class='ocrx_word' id='word_1_494' title='bbox 1630 3556 1679 3609; x_wconf 91' lang='lat' dir='ltr'>si</span> <span class='ocrx_word' id='word_1_495' title='bbox 1711 3556 1847 3627; x_wconf 88' lang='lat' dir='ltr'>quis</span> <span class='ocrx_word' id='word_1_496' title='bbox 1877 3575 1969 3613; x_wconf 91' lang='lat' dir='ltr'>me</span> <span class='ocrx_word' id='word_1_497' title='bbox 2000 3577 2094 3615; x_wconf 92' lang='lat' dir='ltr'>ro-</span> 
     </span>
    </p>
   </div>
   <div class='ocr_carea' id='block_1_69' title="bbox 443 3638 2097 3713">
    <p class='ocr_par' dir='ltr' id='par_1_69' title="bbox 443 3638 2097 3713">
     <span class='ocr_line' id='line_1_69' title="bbox 443 3638 2097 3713; baseline 0.007 -20"><span class='ocrx_word' id='word_1_498' title='bbox 443 3638 663 3708; x_wconf 87' lang='lat' dir='ltr'>gaverit</span> <span class='ocrx_word' id='word_1_499' title='bbox 696 3656 708 3692; x_wconf 88' lang='lat'><strong>:</strong></span> <span class='ocrx_word' id='word_1_500' title='bbox 739 3660 766 3689; x_wconf 83' lang='lat'><strong>«</strong></span> <span class='ocrx_word' id='word_1_501' title='bbox 790 3639 937 3703; x_wconf 90' lang='lat' dir='ltr'>Quid</span> <span class='ocrx_word' id='word_1_502' title='bbox 967 3657 1220 3712; x_wconf 90' lang='lat' dir='ltr'>unquam</span> <span class='ocrx_word' id='word_1_503' title='bbox 1252 3641 1479 3697; x_wconf 79' lang='lat' dir='ltr'>talia?et</span> <span class='ocrx_word' id='word_1_504' title='bbox 1507 3659 1774 3713; x_wconf 65' lang='lat' dir='ltr'>quaenam</span> <span class='ocrx_word' id='word_1_505' title='bbox 1801 3650 2097 3704; x_wconf 86' lang='lat' dir='ltr'>transmu-</span> 
     </span>
    </p>
   </div>
   <div class='ocr_carea' id='block_1_70' title="bbox 442 3723 2091 3804">
    <p class='ocr_par' dir='ltr' id='par_1_70' title="bbox 442 3723 2091 3804">
     <span class='ocr_line' id='line_1_70' title="bbox 442 3723 2091 3804; baseline 0.008 -27"><span class='ocrx_word' id='word_1_506' title='bbox 442 3723 586 3779; x_wconf 85' lang='lat' dir='ltr'>tatio</span> <span class='ocrx_word' id='word_1_507' title='bbox 617 3724 731 3780; x_wconf 83' lang='lat' dir='ltr'>ista</span> <span class='ocrx_word' id='word_1_508' title='bbox 771 3731 828 3780; x_wconf 92' lang='lat' dir='ltr'>et</span> <span class='ocrx_word' id='word_1_509' title='bbox 879 3743 1029 3781; x_wconf 88' lang='lat' dir='ltr'>nova</span> <span class='ocrx_word' id='word_1_510' title='bbox 1081 3729 1448 3800; x_wconf 87' lang='lat' dir='ltr'>arrogantia;</span> <span class='ocrx_word' id='word_1_511' title='bbox 1499 3731 1695 3785; x_wconf 89' lang='lat' dir='ltr'>statim</span> <span class='ocrx_word' id='word_1_512' title='bbox 1748 3736 2091 3804; x_wconf 83' lang='lat' dir='ltr'>respondeo,</span> 
     </span>
    </p>
   </div>
   <div class='ocr_carea' id='block_1_71' title="bbox 444 3811 2093 3890">
    <p class='ocr_par' dir='ltr' id='par_1_71' title="bbox 444 3811 2093 3890">
     <span class='ocr_line' id='line_1_71' title="bbox 444 3811 2093 3890; baseline 0.007 -24"><span class='ocrx_word' id='word_1_513' title='bbox 444 3811 584 3882; x_wconf 90' lang='lat' dir='ltr'>quia</span> <span class='ocrx_word' id='word_1_514' title='bbox 616 3829 708 3869; x_wconf 89' lang='lat' dir='ltr'>me</span> <span class='ocrx_word' id='word_1_515' title='bbox 740 3830 989 3887; x_wconf 87' lang='lat' dir='ltr'>magnus</span> <span class='ocrx_word' id='word_1_516' title='bbox 1022 3817 1211 3872; x_wconf 64' lang='lat' dir='ltr'>Caesar</span> <span class='ocrx_word' id='word_1_517' title='bbox 1242 3817 1522 3885; x_wconf 88' lang='lat' dir='ltr'>laudavit,</span> <span class='ocrx_word' id='word_1_518' title='bbox 1557 3819 1697 3890; x_wconf 89' lang='lat' dir='ltr'>quia</span> <span class='ocrx_word' id='word_1_519' title='bbox 1728 3822 1873 3877; x_wconf 90' lang='lat' dir='ltr'>meis</span> <span class='ocrx_word' id='word_1_520' title='bbox 1905 3824 2093 3879; x_wconf 87' lang='lat' dir='ltr'>verbis</span> 
     </span>
    </p>
   </div>
   <div class='ocr_carea' id='block_1_72' title="bbox 440 3899 2093 3981">
    <p class='ocr_par' dir='ltr' id='par_1_72' title="bbox 440 3899 2093 3981">
     <span class='ocr_line' id='line_1_72' title="bbox 440 3899 2093 3981; baseline 0.008 -27"><span class='ocrx_word' id='word_1_521' title='bbox 440 3899 567 3972; x_wconf 90' lang='lat' dir='ltr'>ipse</span> <span class='ocrx_word' id='word_1_522' title='bbox 598 3902 847 3973; x_wconf 90' lang='lat' dir='ltr'>capitur,</span> <span class='ocrx_word' id='word_1_523' title='bbox 883 3904 1042 3975; x_wconf 89' lang='lat' dir='ltr'>quia,</span> <span class='ocrx_word' id='word_1_524' title='bbox 1076 3907 1301 3962; x_wconf 65' lang='lat' dir='ltr'>caeteris</span> <span class='ocrx_word' id='word_1_525' title='bbox 1331 3908 1608 3963; x_wconf 89' lang='lat' dir='ltr'>omnibus</span> <span class='ocrx_word' id='word_1_526' title='bbox 1642 3911 1927 3981; x_wconf 89' lang='lat' dir='ltr'>superior,</span> <span class='ocrx_word' id='word_1_527' title='bbox 1964 3929 2093 3968; x_wconf 86' lang='lat' dir='ltr'>mea</span> 
     </span>
    </p>
   </div>
   <div class='ocr_carea' id='block_1_73' title="bbox 440 3992 2090 4065">
    <p class='ocr_par' dir='ltr' id='par_1_73' title="bbox 440 3992 2090 4065">
     <span class='ocr_line' id='line_1_73' title="bbox 440 3992 2090 4065; baseline 0.008 -23"><span class='ocrx_word' id='word_1_528' title='bbox 440 3993 732 4058; x_wconf 88' lang='lat' dir='ltr'>potestate</span> <span class='ocrx_word' id='word_1_529' title='bbox 762 3992 1036 4048; x_wconf 89' lang='lat' dir='ltr'>vincitur.</span> <span class='ocrx_word' id='word_1_530' title='bbox 1070 3994 1179 4049; x_wconf 90' lang='lat' dir='ltr'>Sed</span> <span class='ocrx_word' id='word_1_531' title='bbox 1211 4011 1282 4049; x_wconf 88' lang='lat' dir='ltr'>ne</span> <span class='ocrx_word' id='word_1_532' title='bbox 1324 3998 1558 4065; x_wconf 87' lang='lat' dir='ltr'>quando</span> <span class='ocrx_word' id='word_1_533' title='bbox 1606 3998 1717 4052; x_wconf 86' lang='lat' dir='ltr'>ista</span> <span class='ocrx_word' id='word_1_534' title='bbox 1770 3999 1965 4055; x_wconf 82' lang='lat' dir='ltr'>fucata</span> <span class='ocrx_word' id='word_1_535' title='bbox 2013 4002 2090 4055; x_wconf 86' lang='lat' dir='ltr'>vi-</span> 
     </span>
    </p>
   </div>
   <div class='ocr_carea' id='block_1_74' title="bbox 440 4076 2089 4157">
    <p class='ocr_par' dir='ltr' id='par_1_74' title="bbox 440 4076 2089 4157">
     <span class='ocr_line' id='line_1_74' title="bbox 440 4076 2089 4157; baseline 0.009 -27"><span class='ocrx_word' id='word_1_536' title='bbox 440 4076 690 4133; x_wconf 88' lang='lat' dir='ltr'>deantur</span> <span class='ocrx_word' id='word_1_537' title='bbox 738 4084 797 4133; x_wconf 91' lang='lat' dir='ltr'>et</span> <span class='ocrx_word' id='word_1_538' title='bbox 840 4081 1092 4136; x_wconf 83' lang='lat' dir='ltr'>mendax</span> <span class='ocrx_word' id='word_1_539' title='bbox 1143 4082 1361 4153; x_wconf 83' lang='lat' dir='ltr'>opinio,</span> <span class='ocrx_word' id='word_1_540' title='bbox 1409 4100 1515 4155; x_wconf 90' lang='lat' dir='ltr'>ego</span> <span class='ocrx_word' id='word_1_541' title='bbox 1546 4102 1699 4152; x_wconf 90' lang='lat' dir='ltr'>sum,</span> <span class='ocrx_word' id='word_1_542' title='bbox 1751 4088 1906 4157; x_wconf 91' lang='lat' dir='ltr'>quod</span> <span class='ocrx_word' id='word_1_543' title='bbox 1956 4106 2089 4145; x_wconf 88' lang='lat' dir='ltr'>sum</span> 
     </span>
    </p>
   </div>
   <div class='ocr_carea' id='block_1_75' title="bbox 438 4167 2088 4250">
    <p class='ocr_par' dir='ltr' id='par_1_75' title="bbox 438 4167 2088 4250">
     <span class='ocr_line' id='line_1_75' title="bbox 438 4167 2088 4250; baseline 0.01 -32"><span class='ocrx_word' id='word_1_544' title='bbox 438 4180 654 4235; x_wconf 88' lang='lat' dir='ltr'>revera,</span> <span class='ocrx_word' id='word_1_545' title='bbox 703 4167 983 4238; x_wconf 88' lang='lat' dir='ltr'>ignorans</span> <span class='ocrx_word' id='word_1_546' title='bbox 1038 4169 1235 4239; x_wconf 91' lang='lat' dir='ltr'>homo,</span> <span class='ocrx_word' id='word_1_547' title='bbox 1282 4184 1338 4225; x_wconf 82' lang='lat' dir='ltr'>et</span> <span class='ocrx_word' id='word_1_548' title='bbox 1402 4174 1491 4227; x_wconf 83' lang='lat' dir='ltr'>vix</span> <span class='ocrx_word' id='word_1_549' title='bbox 1553 4175 1813 4246; x_wconf 89' lang='lat' dir='ltr'>seipsum</span> <span class='ocrx_word' id='word_1_550' title='bbox 1875 4194 2088 4250; x_wconf 88' lang='lat' dir='ltr'>cogno-</span> 
     </span>
    </p>
   </div>
   <div class='ocr_carea' id='block_1_76' title="bbox 440 4268 633 4309">
    <p class='ocr_par' dir='ltr' id='par_1_76' title="bbox 440 4268 633 4309">
     <span class='ocr_line' id='line_1_76' title="bbox 440 4268 633 4309; baseline 0.016 -3"><span class='ocrx_word' id='word_1_551' title='bbox 440 4268 633 4309; x_wconf 75' lang='lat'>808118.</span> 
     </span>
    </p>
   </div>
   <div class='ocr_carea' id='block_1_77' title="bbox 512 4342 2088 4412">
    <p class='ocr_par' dir='ltr' id='par_1_77' title="bbox 512 4342 2088 4412">
     <span class='ocr_line' id='line_1_77' title="bbox 512 4342 2088 4412; baseline 0.011 -18"><span class='ocrx_word' id='word_1_552' title='bbox 512 4342 572 4395; x_wconf 92' lang='lat' dir='ltr'>Si</span> <span class='ocrx_word' id='word_1_553' title='bbox 602 4358 734 4397; x_wconf 90' lang='lat' dir='ltr'>vero</span> <span class='ocrx_word' id='word_1_554' title='bbox 768 4348 828 4398; x_wconf 91' lang='lat' dir='ltr'>tu</span> <span class='ocrx_word' id='word_1_555' title='bbox 863 4361 953 4399; x_wconf 90' lang='lat' dir='ltr'>me</span> <span class='ocrx_word' id='word_1_556' title='bbox 987 4346 1243 4412; x_wconf 87' lang='lat' dir='ltr'>miraris,</span> <span class='ocrx_word' id='word_1_557' title='bbox 1270 4348 1460 4404; x_wconf 87' lang='lat' dir='ltr'>dicam</span> <span class='ocrx_word' id='word_1_558' title='bbox 1490 4350 1593 4405; x_wconf 91' lang='lat' dir='ltr'>tibi</span> <span class='ocrx_word' id='word_1_559' title='bbox 1628 4368 1956 4409; x_wconf 87' lang='lat' dir='ltr'>sermonem</span> <span class='ocrx_word' id='word_1_560' title='bbox 1989 4371 2088 4411; x_wconf 86' lang='lat' dir='ltr'>ve-</span> 
     </span>
    </p>
   </div>
   <div class='ocr_carea' id='block_1_78' title="bbox 440 4429 2038 4509">
    <p class='ocr_par' dir='ltr' id='par_1_78' title="bbox 440 4429 2038 4509">
     <span class='ocr_line' id='line_1_78' title="bbox 440 4429 2038 4509; baseline 0.01 -26"><span class='ocrx_word' id='word_1_561' title='bbox 440 4429 723 4501; x_wconf 89' lang='lat' dir='ltr'>naticum,</span> <span class='ocrx_word' id='word_1_562' title='bbox 758 4448 932 4501; x_wconf 90' lang='lat' dir='ltr'>quem</span> <span class='ocrx_word' id='word_1_563' title='bbox 966 4434 1160 4489; x_wconf 89' lang='lat' dir='ltr'>nescio</span> <span class='ocrx_word' id='word_1_564' title='bbox 1191 4453 1263 4491; x_wconf 86' lang='lat' dir='ltr'>an</span> <span class='ocrx_word' id='word_1_565' title='bbox 1295 4442 1353 4491; x_wconf 91' lang='lat' dir='ltr'>et</span> <span class='ocrx_word' id='word_1_566' title='bbox 1380 4436 1507 4509; x_wconf 89' lang='lat' dir='ltr'>ipse</span> <span class='ocrx_word' id='word_1_567' title='bbox 1538 4439 2038 4500; x_wconf 89' lang='lat' dir='ltr'>animadverteris.</span> 
     </span>
    </p>
   </div>
   <div class='ocr_carea' id='block_1_79' title="bbox 2207 3194 3866 3272">
    <p class='ocr_par' dir='ltr' id='par_1_79' title="bbox 2207 3194 3866 3272">
     <span class='ocr_line' id='line_1_79' title="bbox 2207 3194 3866 3272; baseline 0.001 -23"><span class='ocrx_word' id='word_1_568' title='bbox 2207 3196 2456 3270; x_wconf 80' lang='grc' dir='ltr'>χάριτας,</span> <span class='ocrx_word' id='word_1_569' title='bbox 2490 3195 2553 3250; x_wconf 77' lang='grc' dir='ltr'>τὰ</span> <span class='ocrx_word' id='word_1_570' title='bbox 2583 3195 2760 3250; x_wconf 81' lang='grc' dir='ltr'>πλείω</span> <span class='ocrx_word' id='word_1_571' title='bbox 2790 3194 2969 3268; x_wconf 83' lang='grc' dir='ltr'>νέμων</span> <span class='ocrx_word' id='word_1_572' title='bbox 2997 3198 3133 3270; x_wconf 80' lang='grc' dir='ltr'>ἡμῖν</span> <span class='ocrx_word' id='word_1_573' title='bbox 3164 3196 3255 3251; x_wconf 84' lang='grc' dir='ltr'>καὶ</span> <span class='ocrx_word' id='word_1_574' title='bbox 3289 3197 3422 3272; x_wconf 69' lang='grc' dir='ltr'>ὑπὲρ</span> <span class='ocrx_word' id='word_1_575' title='bbox 3473 3195 3601 3258; x_wconf 77' lang='grc' dir='ltr'>τοὺς</span> <span class='ocrx_word' id='word_1_576' title='bbox 3653 3194 3866 3259; x_wconf 75' lang='grc' dir='ltr'>ἄλλους</span> 
     </span>
    </p>
   </div>
   <div class='ocr_carea' id='block_1_80' title="bbox 2205 3282 3863 3360">
    <p class='ocr_par' dir='ltr' id='par_1_80' title="bbox 2205 3282 3863 3360">
     <span class='ocr_line' id='line_1_80' title="bbox 2205 3282 3863 3360; baseline -0.001 -21"><span class='ocrx_word' id='word_1_577' title='bbox 2205 3285 2393 3351; x_wconf 82' lang='grc' dir='ltr'>τιθεὶς,</span> <span class='ocrx_word' id='word_1_578' title='bbox 2429 3286 2457 3339; x_wconf 89' lang='lat'>6</span> <span class='ocrx_word' id='word_1_579' title='bbox 2506 3288 2721 3339; x_wconf 72' lang='grc' dir='ltr'>παντων</span> <span class='ocrx_word' id='word_1_580' title='bbox 2766 3283 3012 3341; x_wconf 83' lang='grc' dir='ltr'>ἐπέκεινα</span> <span class='ocrx_word' id='word_1_581' title='bbox 3059 3285 3151 3339; x_wconf 86' lang='grc' dir='ltr'>καὶ</span> <span class='ocrx_word' id='word_1_582' title='bbox 3199 3282 3383 3360; x_wconf 76' lang='grc' dir='ltr'>λόγων</span> <span class='ocrx_word' id='word_1_583' title='bbox 3432 3286 3517 3340; x_wconf 82' lang='grc' dir='ltr'>καὶ</span> <span class='ocrx_word' id='word_1_584' title='bbox 3570 3285 3863 3359; x_wconf 78' lang='grc' dir='ltr'>ἐγκωμίων</span> 
     </span>
    </p>
   </div>
   <div class='ocr_carea' id='block_1_81' title="bbox 2205 3371 3863 3449">
    <p class='ocr_par' dir='ltr' id='par_1_81' title="bbox 2205 3371 3863 3449">
     <span class='ocr_line' id='line_1_81' title="bbox 2205 3371 3863 3449; baseline 0 -20"><span class='ocrx_word' id='word_1_585' title='bbox 2205 3375 2295 3430; x_wconf 80' lang='grc' dir='ltr'>καὶ</span> <span class='ocrx_word' id='word_1_586' title='bbox 2344 3374 2543 3449; x_wconf 80' lang='grc' dir='ltr'>τέχνης</span> <span class='ocrx_word' id='word_1_587' title='bbox 2604 3374 2901 3449; x_wconf 71' lang='grc' dir='ltr'>ῥητορικῆς</span> <span class='ocrx_word' id='word_1_588' title='bbox 2952 3374 3041 3429; x_wconf 81' lang='grc' dir='ltr'>καὶ</span> <span class='ocrx_word' id='word_1_589' title='bbox 3096 3371 3402 3448; x_wconf 82' lang='grc' dir='ltr'>δυναμεως.</span> <span class='ocrx_word' id='word_1_590' title='bbox 3449 3375 3597 3449; x_wconf 81' lang='grc' dir='ltr'>Ἐγὼ</span> <span class='ocrx_word' id='word_1_591' title='bbox 3658 3372 3716 3428; x_wconf 80' lang='grc' dir='ltr'>δὲ</span> <span class='ocrx_word' id='word_1_592' title='bbox 3770 3380 3863 3429; x_wconf 76' lang='grc' dir='ltr'>νῦν</span> 
     </span>
    </p>
   </div>
   <div class='ocr_carea' id='block_1_82' title="bbox 2204 3460 3865 3541">
    <p class='ocr_par' dir='ltr' id='par_1_82' title="bbox 2204 3460 3865 3541">
     <span class='ocr_line' id='line_1_82' title="bbox 2204 3460 3865 3541; baseline -0.001 -23"><span class='ocrx_word' id='word_1_593' title='bbox 2204 3460 2370 3540; x_wconf 79' lang='grc' dir='ltr'>ἔγνων</span> <span class='ocrx_word' id='word_1_594' title='bbox 2423 3465 2554 3518; x_wconf 72' lang='grc' dir='ltr'>εἶναι</span> <span class='ocrx_word' id='word_1_595' title='bbox 2605 3464 2792 3541; x_wconf 76' lang='grc' dir='ltr'>σοφὸς,</span> <span class='ocrx_word' id='word_1_596' title='bbox 2827 3462 2910 3518; x_wconf 81' lang='grc' dir='ltr'>ὅτι</span> <span class='ocrx_word' id='word_1_597' title='bbox 2960 3485 3054 3519; x_wconf 88' lang='grc' dir='ltr'>σου</span> <span class='ocrx_word' id='word_1_598' title='bbox 3097 3470 3215 3528; x_wconf 86' lang='grc' dir='ltr'>τοῖς</span> <span class='ocrx_word' id='word_1_599' title='bbox 3262 3463 3421 3537; x_wconf 81' lang='grc' dir='ltr'>έμοῖς</span> <span class='ocrx_word' id='word_1_600' title='bbox 3475 3462 3660 3539; x_wconf 83' lang='grc' dir='ltr'>λόγοις</span> <span class='ocrx_word' id='word_1_601' title='bbox 3709 3465 3865 3536; x_wconf 77' lang='grc' dir='ltr'>θηρῶ</span> 
     </span>
    </p>
   </div>
   <div class='ocr_carea' id='block_1_83' title="bbox 2202 3548 3864 3628">
    <p class='ocr_par' dir='ltr' id='par_1_83' title="bbox 2202 3548 3864 3628">
     <span class='ocr_line' id='line_1_83' title="bbox 2202 3548 3864 3628; baseline -0.001 -21"><span class='ocrx_word' id='word_1_602' title='bbox 2202 3555 2300 3623; x_wconf 70' lang='grc' dir='ltr'>τὴν</span> <span class='ocrx_word' id='word_1_603' title='bbox 2326 3555 2534 3627; x_wconf 68' lang='grc' dir='ltr'>ψυχήν·</span> <span class='ocrx_word' id='word_1_604' title='bbox 2570 3552 2688 3616; x_wconf 78' lang='grc' dir='ltr'>ὅθεν</span> <span class='ocrx_word' id='word_1_605' title='bbox 2739 3551 2934 3627; x_wconf 81' lang='grc' dir='ltr'>ἀθρόον</span> <span class='ocrx_word' id='word_1_606' title='bbox 2991 3548 3222 3626; x_wconf 77' lang='grc' dir='ltr'>σοϐαρὸς</span> <span class='ocrx_word' id='word_1_607' title='bbox 3268 3550 3485 3628; x_wconf 78' lang='grc' dir='ltr'>γέγονα,</span> <span class='ocrx_word' id='word_1_608' title='bbox 3516 3552 3606 3606; x_wconf 80' lang='lat' dir='ltr'>xui</span> <span class='ocrx_word' id='word_1_609' title='bbox 3653 3548 3864 3606; x_wconf 78' lang='grc' dir='ltr'>ἔσπακα</span> 
     </span>
    </p>
   </div>
   <div class='ocr_carea' id='block_1_84' title="bbox 2202 3638 3859 3719">
    <p class='ocr_par' dir='ltr' id='par_1_84' title="bbox 2202 3638 3859 3719">
     <span class='ocr_line' id='line_1_84' title="bbox 2202 3638 3859 3719; baseline 0 -24"><span class='ocrx_word' id='word_1_610' title='bbox 2202 3644 2301 3709; x_wconf 85' lang='grc' dir='ltr'>τήν</span> <span class='ocrx_word' id='word_1_611' title='bbox 2352 3642 2540 3719; x_wconf 70' lang='grc' dir='ltr'>ὀφρῦν,</span> <span class='ocrx_word' id='word_1_612' title='bbox 2594 3640 2684 3695; x_wconf 82' lang='grc' dir='ltr'>καὶ</span> <span class='ocrx_word' id='word_1_613' title='bbox 2736 3639 2819 3695; x_wconf 76' lang='grc' dir='ltr'>ἐπ’</span> <span class='ocrx_word' id='word_1_614' title='bbox 2863 3638 3023 3717; x_wconf 70' lang='grc' dir='ltr'>ἄκρον</span> <span class='ocrx_word' id='word_1_615' title='bbox 3101 3638 3304 3715; x_wconf 80' lang='grc' dir='ltr'>βαδίζω</span> <span class='ocrx_word' id='word_1_616' title='bbox 3379 3638 3660 3696; x_wconf 66' lang='grc' dir='ltr'>δακτύλων</span> <span class='ocrx_word' id='word_1_617' title='bbox 3693 3660 3705 3672; x_wconf 92' lang='grc'><strong>·</strong></span> <span class='ocrx_word' id='word_1_618' title='bbox 3761 3642 3859 3695; x_wconf 67' lang='grc' dir='ltr'>κᾶν</span> 
     </span>
    </p>
   </div>
   <div class='ocr_carea' id='block_1_85' title="bbox 2207 3725 3862 3804">
    <p class='ocr_par' dir='ltr' id='par_1_85' title="bbox 2207 3725 3862 3804">
     <span class='ocr_line' id='line_1_85' title="bbox 2207 3725 3862 3804; baseline -0.001 -20"><span class='ocrx_word' id='word_1_619' title='bbox 2207 3732 2273 3802; x_wconf 86' lang='grc' dir='ltr'>μέ</span> <span class='ocrx_word' id='word_1_620' title='bbox 2324 3750 2408 3791; x_wconf 89' lang='grc' dir='ltr'>τις</span> <span class='ocrx_word' id='word_1_621' title='bbox 2456 3725 2638 3804; x_wconf 77' lang='grc' dir='ltr'>ἔρηται</span> <span class='ocrx_word' id='word_1_622' title='bbox 2671 3747 2685 3761; x_wconf 90' lang='grc'>·</span> <span class='ocrx_word' id='word_1_623' title='bbox 2742 3754 2770 3779; x_wconf 90' lang='grc'><em>‹‹</em></span> <span class='ocrx_word' id='word_1_624' title='bbox 2814 3728 2878 3784; x_wconf 85' lang='grc' dir='ltr'>Τί</span> <span class='ocrx_word' id='word_1_625' title='bbox 2929 3749 3061 3783; x_wconf 90' lang='grc' dir='ltr'>ποτε</span> <span class='ocrx_word' id='word_1_626' title='bbox 3106 3734 3312 3797; x_wconf 80' lang='grc' dir='ltr'>ταῦτα;</span> <span class='ocrx_word' id='word_1_627' title='bbox 3345 3729 3435 3784; x_wconf 78' lang='grc' dir='ltr'>καὶ</span> <span class='ocrx_word' id='word_1_628' title='bbox 3482 3729 3562 3790; x_wconf 87' lang='grc' dir='ltr'>τίς</span> <span class='ocrx_word' id='word_1_629' title='bbox 3611 3729 3639 3782; x_wconf 88' lang='lat'>6</span> <span class='ocrx_word' id='word_1_630' title='bbox 3691 3750 3862 3801; x_wconf 78' lang='grc' dir='ltr'>μετα-</span> 
     </span>
    </p>
   </div>
   <div class='ocr_carea' id='block_1_86' title="bbox 2203 3814 3858 3894">
    <p class='ocr_par' dir='ltr' id='par_1_86' title="bbox 2203 3814 3858 3894">
     <span class='ocr_line' id='line_1_86' title="bbox 2203 3814 3858 3894; baseline -0.002 -20"><span class='ocrx_word' id='word_1_631' title='bbox 2203 3818 2594 3894; x_wconf 78' lang='grc' dir='ltr'>σχηματισμὸς</span> <span class='ocrx_word' id='word_1_632' title='bbox 2626 3818 2713 3873; x_wconf 80' lang='grc' dir='ltr'>καὶ</span> <span class='ocrx_word' id='word_1_633' title='bbox 2746 3820 2780 3887; x_wconf 76' lang='grc' dir='ltr'>ἡ</span> <span class='ocrx_word' id='word_1_634' title='bbox 2814 3819 2970 3886; x_wconf 78' lang='grc' dir='ltr'>καινὴ</span> <span class='ocrx_word' id='word_1_635' title='bbox 3004 3814 3263 3893; x_wconf 59' lang='lat' dir='ltr'>Emme-rc;</span> <span class='ocrx_word' id='word_1_636' title='bbox 3300 3842 3327 3867; x_wconf 84' lang='grc'>››</span> <span class='ocrx_word' id='word_1_637' title='bbox 3380 3818 3539 3882; x_wconf 72' lang='grc' dir='ltr'>εὐθὺς</span> <span class='ocrx_word' id='word_1_638' title='bbox 3592 3816 3858 3894; x_wconf 73' lang='grc' dir='ltr'>ἐπιφέρω,</span> 
     </span>
    </p>
   </div>
   <div class='ocr_carea' id='block_1_87' title="bbox 2201 3904 3860 3984">
    <p class='ocr_par' dir='ltr' id='par_1_87' title="bbox 2201 3904 3860 3984">
     <span class='ocr_line' id='line_1_87' title="bbox 2201 3904 3860 3984; baseline -0.001 -21"><span class='ocrx_word' id='word_1_639' title='bbox 2201 3908 2282 3963; x_wconf 77' lang='grc' dir='ltr'>ὅτι</span> <span class='ocrx_word' id='word_1_640' title='bbox 2332 3929 2399 3982; x_wconf 86' lang='grc' dir='ltr'>με</span> <span class='ocrx_word' id='word_1_641' title='bbox 2446 3909 2472 3961; x_wconf 89' lang='grc' dir='ltr'>ὁ</span> <span class='ocrx_word' id='word_1_642' title='bbox 2517 3909 2679 3984; x_wconf 86' lang='grc' dir='ltr'>μέγας</span> <span class='ocrx_word' id='word_1_643' title='bbox 2732 3912 2935 3982; x_wconf 81' lang='grc' dir='ltr'>Καῖσαρ</span> <span class='ocrx_word' id='word_1_644' title='bbox 2987 3905 3265 3981; x_wconf 74' lang='grc' dir='ltr'>ἐπῄνεσεν,</span> <span class='ocrx_word' id='word_1_645' title='bbox 3302 3908 3385 3962; x_wconf 78' lang='grc' dir='ltr'>ὅτι</span> <span class='ocrx_word' id='word_1_646' title='bbox 3438 3928 3543 3980; x_wconf 87' lang='grc' dir='ltr'>μου</span> <span class='ocrx_word' id='word_1_647' title='bbox 3592 3912 3712 3970; x_wconf 84' lang='grc' dir='ltr'>τοῖς</span> <span class='ocrx_word' id='word_1_648' title='bbox 3762 3904 3860 3961; x_wconf 74' lang='grc' dir='ltr'>λό-</span> 
     </span>
    </p>
   </div>
   <div class='ocr_carea' id='block_1_88' title="bbox 2199 3993 3858 4074">
    <p class='ocr_par' dir='ltr' id='par_1_88' title="bbox 2199 3993 3858 4074">
     <span class='ocr_line' id='line_1_88' title="bbox 2199 3993 3858 4074; baseline -0.002 -22"><span class='ocrx_word' id='word_1_649' title='bbox 2199 4020 2319 4074; x_wconf 86' lang='grc' dir='ltr'>γοις</span> <span class='ocrx_word' id='word_1_650' title='bbox 2368 3998 2528 4059; x_wconf 79' lang='grc' dir='ltr'>οὗτος</span> <span class='ocrx_word' id='word_1_651' title='bbox 2572 3996 2834 4067; x_wconf 72' lang='grc' dir='ltr'>ἑάλωκεν,</span> <span class='ocrx_word' id='word_1_652' title='bbox 2867 3998 2973 4068; x_wconf 84' lang='grc' dir='ltr'>δτι,</span> <span class='ocrx_word' id='word_1_653' title='bbox 3013 4000 3121 4049; x_wconf 80' lang='grc' dir='ltr'>τῶν</span> <span class='ocrx_word' id='word_1_654' title='bbox 3179 3993 3365 4050; x_wconf 83' lang='grc' dir='ltr'>ἄλλων</span> <span class='ocrx_word' id='word_1_655' title='bbox 3412 3996 3706 4072; x_wconf 79' lang='grc' dir='ltr'>ὑπέρτερος</span> <span class='ocrx_word' id='word_1_656' title='bbox 3758 3996 3858 4068; x_wconf 81' lang='grc' dir='ltr'>ὢν,</span> 
     </span>
    </p>
   </div>
   <div class='ocr_carea' id='block_1_89' title="bbox 2196 4081 3859 4159">
    <p class='ocr_par' dir='ltr' id='par_1_89' title="bbox 2196 4081 3859 4159">
     <span class='ocr_line' id='line_1_89' title="bbox 2196 4081 3859 4159; baseline -0.002 -18"><span class='ocrx_word' id='word_1_657' title='bbox 2196 4093 2296 4155; x_wconf 81' lang='grc' dir='ltr'>τῆς</span> <span class='ocrx_word' id='word_1_658' title='bbox 2340 4085 2477 4159; x_wconf 76' lang='grc' dir='ltr'>ἐμῆς</span> <span class='ocrx_word' id='word_1_659' title='bbox 2526 4087 2754 4155; x_wconf 73' lang='grc' dir='ltr'>ἡττᾶται</span> <span class='ocrx_word' id='word_1_660' title='bbox 2820 4081 3125 4157; x_wconf 80' lang='grc' dir='ltr'>δυνάμεως.</span> <span class='ocrx_word' id='word_1_661' title='bbox 3178 4081 3354 4140; x_wconf 74' lang='grc' dir='ltr'>Ἀλλὰ</span> <span class='ocrx_word' id='word_1_662' title='bbox 3410 4085 3485 4156; x_wconf 74' lang='grc' dir='ltr'>μή</span> <span class='ocrx_word' id='word_1_663' title='bbox 3533 4104 3667 4139; x_wconf 83' lang='grc' dir='ltr'>ποτε</span> <span class='ocrx_word' id='word_1_664' title='bbox 3716 4106 3859 4157; x_wconf 83' lang='grc' dir='ltr'>κομ-</span> 
     </span>
    </p>
   </div>
   <div class='ocr_carea' id='block_1_90' title="bbox 2199 4170 3858 4250">
    <p class='ocr_par' dir='ltr' id='par_1_90' title="bbox 2199 4170 3858 4250">
     <span class='ocr_line' id='line_1_90' title="bbox 2199 4170 3858 4250; baseline -0.001 -21"><span class='ocrx_word' id='word_1_665' title='bbox 2199 4176 2324 4250; x_wconf 64' lang='lat' dir='ltr'>quia</span> <span class='ocrx_word' id='word_1_666' title='bbox 2370 4180 2536 4229; x_wconf 79' lang='grc' dir='ltr'>ταῦτα</span> <span class='ocrx_word' id='word_1_667' title='bbox 2583 4173 2671 4229; x_wconf 81' lang='grc' dir='ltr'>καὶ</span> <span class='ocrx_word' id='word_1_668' title='bbox 2735 4171 2962 4248; x_wconf 73' lang='grc' dir='ltr'>ψευδὴς,</span> <span class='ocrx_word' id='word_1_669' title='bbox 3012 4171 3217 4245; x_wconf 76' lang='grc' dir='ltr'>οἰήσις,</span> <span class='ocrx_word' id='word_1_670' title='bbox 3262 4172 3369 4249; x_wconf 79' lang='grc' dir='ltr'>ἐγὼ</span> <span class='ocrx_word' id='word_1_671' title='bbox 3428 4170 3484 4227; x_wconf 78' lang='grc' dir='ltr'><strong>δέ</strong></span> <span class='ocrx_word' id='word_1_672' title='bbox 3550 4172 3663 4246; x_wconf 82' lang='grc' dir='ltr'>είμι</span> <span class='ocrx_word' id='word_1_673' title='bbox 3725 4172 3858 4249; x_wconf 75' lang='grc' dir='ltr'>ὅπερ</span> 
     </span>
    </p>
   </div>
   <div class='ocr_carea' id='block_1_91' title="bbox 2199 4260 3858 4339">
    <p class='ocr_par' dir='ltr' id='par_1_91' title="bbox 2199 4260 3858 4339">
     <span class='ocr_line' id='line_1_91' title="bbox 2199 4260 3858 4339; baseline 0 -20"><span class='ocrx_word' id='word_1_674' title='bbox 2199 4265 2334 4338; x_wconf 75' lang='grc' dir='ltr'>εἰμὶ,</span> <span class='ocrx_word' id='word_1_675' title='bbox 2391 4264 2604 4337; x_wconf 68' lang='grc' dir='ltr'>ἀμαθὴς</span> <span class='ocrx_word' id='word_1_676' title='bbox 2655 4265 2936 4339; x_wconf 80' lang='grc' dir='ltr'>ἅνθρωπος</span> <span class='ocrx_word' id='word_1_677' title='bbox 2999 4263 3088 4317; x_wconf 87' lang='grc' dir='ltr'>καὶ</span> <span class='ocrx_word' id='word_1_678' title='bbox 3138 4260 3300 4334; x_wconf 87' lang='grc' dir='ltr'>μόλις</span> <span class='ocrx_word' id='word_1_679' title='bbox 3348 4263 3536 4317; x_wconf 67' lang='grc' dir='ltr'>ἑαυτὸν</span> <span class='ocrx_word' id='word_1_680' title='bbox 3582 4261 3858 4337; x_wconf 73' lang='grc' dir='ltr'>ἐπιγνούς.</span> 
     </span>
    </p>
   </div>
   <div class='ocr_carea' id='block_1_92' title="bbox 2268 4348 3855 4426">
    <p class='ocr_par' dir='ltr' id='par_1_92' title="bbox 2268 4348 3855 4426">
     <span class='ocr_line' id='line_1_92' title="bbox 2268 4348 3855 4426; baseline -0.002 -17"><span class='ocrx_word' id='word_1_681' title='bbox 2268 4354 2332 4410; x_wconf 81' lang='lat' dir='ltr'>Ei</span> <span class='ocrx_word' id='word_1_682' title='bbox 2366 4350 2423 4408; x_wconf 74' lang='grc' dir='ltr'>δὲ</span> <span class='ocrx_word' id='word_1_683' title='bbox 2473 4354 2764 4425; x_wconf 72' lang='grc' dir='ltr'>θαυμάζεις</span> <span class='ocrx_word' id='word_1_684' title='bbox 2817 4373 2884 4424; x_wconf 88' lang='grc' dir='ltr'>με</span> <span class='ocrx_word' id='word_1_685' title='bbox 2930 4350 3015 4420; x_wconf 77' lang='grc' dir='ltr'>σὺ,</span> <span class='ocrx_word' id='word_1_686' title='bbox 3048 4348 3155 4426; x_wconf 81' lang='grc' dir='ltr'>ἐρῶ</span> <span class='ocrx_word' id='word_1_687' title='bbox 3206 4372 3289 4405; x_wconf 87' lang='grc' dir='ltr'>σοι</span> <span class='ocrx_word' id='word_1_688' title='bbox 3340 4348 3503 4426; x_wconf 83' lang='grc' dir='ltr'>λόγον</span> <span class='ocrx_word' id='word_1_689' title='bbox 3557 4351 3855 4426; x_wconf 68' lang='grc' dir='ltr'>θηρατικὼ</span> 
     </span>
    </p>
   </div>
   <div class='ocr_carea' id='block_1_93' title="bbox 2195 4439 3315 4510">
    <p class='ocr_par' dir='ltr' id='par_1_93' title="bbox 2195 4439 3315 4510">
     <span class='ocr_line' id='line_1_93' title="bbox 2195 4439 3315 4510; baseline -0.004 -13"><span class='ocrx_word' id='word_1_690' title='bbox 2195 4444 2252 4497; x_wconf 86' lang='grc' dir='ltr'>’ὀν</span> <span class='ocrx_word' id='word_1_691' title='bbox 2288 4443 2387 4497; x_wconf 83' lang='grc' dir='ltr'>οὐκ</span> <span class='ocrx_word' id='word_1_692' title='bbox 2419 4439 2539 4497; x_wconf 78' lang='grc' dir='ltr'>οἶδα</span> <span class='ocrx_word' id='word_1_693' title='bbox 2571 4442 2614 4495; x_wconf 83' lang='grc' dir='ltr'>εί</span> <span class='ocrx_word' id='word_1_694' title='bbox 2646 4441 2735 4495; x_wconf 88' lang='grc' dir='ltr'>καὶ</span> <span class='ocrx_word' id='word_1_695' title='bbox 2764 4439 2926 4501; x_wconf 79' lang='grc' dir='ltr'>αὐτὸς</span> <span class='ocrx_word' id='word_1_696' title='bbox 2964 4439 3315 4510; x_wconf 79' lang='grc' dir='ltr'>κατενόησας.</span> 
     </span>
    </p>
   </div>
   <div class='ocr_carea' id='block_1_94' title="bbox 511 4507 2084 4604">
    <p class='ocr_par' dir='ltr' id='par_1_94' title="bbox 511 4507 2084 4602">
     <span class='ocr_line' id='line_1_94' title="bbox 511 4507 2084 4602; baseline 0.009 -29"><span class='ocrx_word' id='word_1_697' title='bbox 511 4517 817 4586; x_wconf 89' lang='lat' dir='ltr'>Noctuam,</span> <span class='ocrx_word' id='word_1_698' title='bbox 862 4520 1157 4578; x_wconf 90' lang='lat' dir='ltr'>volucrem</span> <span class='ocrx_word' id='word_1_699' title='bbox 1190 4507 1687 4582; x_wconf 20' lang='lat' dir='ltr'>deform‘issimum</span> <span class='ocrx_word' id='word_1_700' title='bbox 1725 4534 1780 4584; x_wconf 92' lang='lat' dir='ltr'>et</span> <span class='ocrx_word' id='word_1_701' title='bbox 1811 4531 2084 4602; x_wconf 84' lang='lat' dir='ltr'>turpissi-</span> 
     </span>
    </p>
   </div>
   <div class='ocr_carea' id='block_1_95' title="bbox 2202 4507 3851 4604">
    <p class='ocr_par' dir='ltr' id='par_1_95' title="bbox 2266 4525 3851 4604">
     <span class='ocr_line' id='line_1_95' title="bbox 2266 4525 3851 4604; baseline -0.003 -18"><span class='ocrx_word' id='word_1_702' title='bbox 2266 4532 2378 4599; x_wconf 79' lang='grc' dir='ltr'>Τὴν</span> <span class='ocrx_word' id='word_1_703' title='bbox 2412 4534 2625 4604; x_wconf 70' lang='grc' dir='ltr'>γλαῦκα</span> <span class='ocrx_word' id='word_1_704' title='bbox 2668 4531 2729 4584; x_wconf 84' lang='grc' dir='ltr'>τὸ</span> <span class='ocrx_word' id='word_1_705' title='bbox 2763 4525 2971 4602; x_wconf 70' lang='grc' dir='ltr'>ὄρνεον,</span> <span class='ocrx_word' id='word_1_706' title='bbox 3003 4528 3065 4583; x_wconf 89' lang='grc' dir='ltr'>τὸ</span> <span class='ocrx_word' id='word_1_707' title='bbox 3116 4528 3515 4603; x_wconf 72' lang='grc' dir='ltr'>ἀμορφώτατον</span> <span class='ocrx_word' id='word_1_708' title='bbox 3569 4532 3710 4596; x_wconf 81' lang='grc' dir='ltr'>ζῶον</span> <span class='ocrx_word' id='word_1_709' title='bbox 3764 4528 3851 4582; x_wconf 80' lang='lat' dir='ltr'>xui</span> 
     </span>
    </p>
   </div>
   <div class='ocr_carea' id='block_1_96' title="bbox 444 4611 2083 4686">
    <p class='ocr_par' dir='ltr' id='par_1_96' title="bbox 444 4611 2083 4686">
     <span class='ocr_line' id='line_1_96' title="bbox 444 4611 2083 4686; baseline 0.011 -27"><span class='ocrx_word' id='word_1_710' title='bbox 444 4622 607 4660; x_wconf 91' lang='lat' dir='ltr'>mum</span> <span class='ocrx_word' id='word_1_711' title='bbox 641 4613 901 4679; x_wconf 89' lang='lat' dir='ltr'>aspectu,</span> <span class='ocrx_word' id='word_1_712' title='bbox 938 4611 1184 4666; x_wconf 90' lang='lat' dir='ltr'>miratur</span> <span class='ocrx_word' id='word_1_713' title='bbox 1215 4614 1431 4685; x_wconf 89' lang='lat' dir='ltr'>aquila,</span> <span class='ocrx_word' id='word_1_714' title='bbox 1465 4622 1520 4671; x_wconf 88' lang='lat' dir='ltr'>et</span> <span class='ocrx_word' id='word_1_715' title='bbox 1550 4616 1843 4686; x_wconf 89' lang='lat' dir='ltr'>circumit,</span> <span class='ocrx_word' id='word_1_716' title='bbox 1875 4626 1931 4674; x_wconf 93' lang='lat' dir='ltr'>et</span> <span class='ocrx_word' id='word_1_717' title='bbox 1959 4625 2083 4676; x_wconf 89' lang='lat' dir='ltr'>stu-</span> 
     </span>
    </p>
   </div>
   <div class='ocr_carea' id='block_1_97' title="bbox 433 4694 2083 4774">
    <p class='ocr_par' dir='ltr' id='par_1_97' title="bbox 433 4694 2083 4774">
     <span class='ocr_line' id='line_1_97' title="bbox 433 4694 2083 4774; baseline 0.011 -28"><span class='ocrx_word' id='word_1_718' title='bbox 433 4694 873 4763; x_wconf 90' lang='lat' dir='ltr'>pensintuetur,</span> <span class='ocrx_word' id='word_1_719' title='bbox 897 4698 1053 4753; x_wconf 89' lang='lat' dir='ltr'>velut</span> <span class='ocrx_word' id='word_1_720' title='bbox 1070 4704 1339 4757; x_wconf 83' lang='lat' dir='ltr'>naturam</span> <span class='ocrx_word' id='word_1_721' title='bbox 1361 4706 1677 4774; x_wconf 81' lang='lat' dir='ltr'>quamdam</span> <span class='ocrx_word' id='word_1_722' title='bbox 1694 4706 2083 4765; x_wconf 89' lang='lat' dir='ltr'>admiratione</span> 
     </span>
    </p>
   </div>
   <div class='ocr_carea' id='block_1_98' title="bbox 432 4780 2082 4861">
    <p class='ocr_par' dir='ltr' id='par_1_98' title="bbox 432 4780 2082 4861">
     <span class='ocr_line' id='line_1_98' title="bbox 432 4780 2082 4861; baseline 0.012 -27"><span class='ocrx_word' id='word_1_723' title='bbox 432 4780 803 4850; x_wconf 89' lang='lat' dir='ltr'>dignam.Sed</span> <span class='ocrx_word' id='word_1_724' title='bbox 827 4786 907 4841; x_wconf 89' lang='lat' dir='ltr'>ita</span> <span class='ocrx_word' id='word_1_725' title='bbox 940 4787 1174 4859; x_wconf 89' lang='lat' dir='ltr'>quidem</span> <span class='ocrx_word' id='word_1_726' title='bbox 1210 4790 1427 4861; x_wconf 89' lang='lat' dir='ltr'>aquila,</span> <span class='ocrx_word' id='word_1_727' title='bbox 1463 4798 1677 4848; x_wconf 90' lang='lat' dir='ltr'>noctua</span> <span class='ocrx_word' id='word_1_728' title='bbox 1709 4799 1901 4849; x_wconf 89' lang='lat' dir='ltr'>autem</span> <span class='ocrx_word' id='word_1_729' title='bbox 1935 4798 2082 4853; x_wconf 91' lang='lat' dir='ltr'>nihil</span> 
     </span>
    </p>
   </div>
   <div class='ocr_carea' id='block_1_99' title="bbox 430 4870 2084 4955">
    <p class='ocr_par' dir='ltr' id='par_1_99' title="bbox 430 4870 2084 4955">
     <span class='ocr_line' id='line_1_99' title="bbox 430 4870 2084 4955; baseline 0.01 -31"><span class='ocrx_word' id='word_1_730' title='bbox 430 4870 629 4926; x_wconf 89' lang='lat' dir='ltr'>minus</span> <span class='ocrx_word' id='word_1_731' title='bbox 664 4874 945 4931; x_wconf 86' lang='lat' dir='ltr'>deformis</span> <span class='ocrx_word' id='word_1_732' title='bbox 976 4881 1085 4932; x_wconf 88' lang='lat' dir='ltr'>est.</span> <span class='ocrx_word' id='word_1_733' title='bbox 1117 4881 1320 4934; x_wconf 90' lang='lat' dir='ltr'>Nonne</span> <span class='ocrx_word' id='word_1_734' title='bbox 1354 4880 1535 4952; x_wconf 90' lang='lat' dir='ltr'>igitur</span> <span class='ocrx_word' id='word_1_735' title='bbox 1565 4898 1626 4936; x_wconf 90' lang='lat' dir='ltr'>es</span> <span class='ocrx_word' id='word_1_736' title='bbox 1656 4886 1718 4936; x_wconf 86' lang='lat' dir='ltr'>tu</span> <span class='ocrx_word' id='word_1_737' title='bbox 1751 4885 1949 4955; x_wconf 90' lang='lat' dir='ltr'>aquila</span> <span class='ocrx_word' id='word_1_738' title='bbox 1996 4904 2084 4942; x_wconf 86' lang='lat' dir='ltr'>ro-</span> 
     </span>
    </p>
   </div>
   <div class='ocr_carea' id='block_1_100' title="bbox 426 4958 2083 5037">
    <p class='ocr_par' dir='ltr' id='par_1_100' title="bbox 426 4958 2083 5037">
     <span class='ocr_line' id='line_1_100' title="bbox 426 4958 2083 5037; baseline 0.011 -25"><span class='ocrx_word' id='word_1_739' title='bbox 426 4958 569 5015; x_wconf 88' lang='lat' dir='ltr'>bore</span> <span class='ocrx_word' id='word_1_740' title='bbox 593 4964 648 5016; x_wconf 90' lang='lat' dir='ltr'>et</span> <span class='ocrx_word' id='word_1_741' title='bbox 670 4968 978 5034; x_wconf 88' lang='lat' dir='ltr'>potestate,</span> <span class='ocrx_word' id='word_1_742' title='bbox 1012 4982 1117 5037; x_wconf 85' lang='lat' dir='ltr'>ego</span> <span class='ocrx_word' id='word_1_743' title='bbox 1141 4971 1337 5023; x_wconf 88' lang='lat' dir='ltr'>autem</span> <span class='ocrx_word' id='word_1_744' title='bbox 1362 4969 1582 5025; x_wconf 88' lang='lat' dir='ltr'>animal</span> <span class='ocrx_word' id='word_1_745' title='bbox 1603 4971 1855 5029; x_wconf 87' lang='lat' dir='ltr'>informe</span> <span class='ocrx_word' id='word_1_746' title='bbox 1875 4978 1932 5029; x_wconf 86' lang='lat' dir='ltr'>et</span> <span class='ocrx_word' id='word_1_747' title='bbox 1960 4979 2083 5031; x_wconf 85' lang='lat' dir='ltr'>arte</span> 
     </span>
    </p>
   </div>
   <div class='ocr_carea' id='block_1_101' title="bbox 424 5051 675 5119">
    <p class='ocr_par' dir='ltr' id='par_1_101' title="bbox 424 5051 675 5119">
     <span class='ocr_line' id='line_1_101' title="bbox 424 5051 675 5119; baseline 0.02 -19"><span class='ocrx_word' id='word_1_748' title='bbox 424 5060 631 5119; x_wconf 85' lang='lat' dir='ltr'>expers</span> <span class='ocrx_word' id='word_1_749' title='bbox 648 5051 675 5105; x_wconf 74' lang='lat' dir='ltr'>‘I</span> 
     </span>
    </p>
   </div>
   <div class='ocr_carea' id='block_1_102' title="bbox 499 5138 2075 5223">
    <p class='ocr_par' dir='ltr' id='par_1_102' title="bbox 499 5138 2075 5223">
     <span class='ocr_line' id='line_1_102' title="bbox 499 5138 2075 5223; baseline 0.011 -33"><span class='ocrx_word' id='word_1_750' title='bbox 499 5138 715 5195; x_wconf 90' lang='lat' dir='ltr'>Deinde</span> <span class='ocrx_word' id='word_1_751' title='bbox 741 5147 961 5198; x_wconf 90' lang='lat' dir='ltr'>veteres</span> <span class='ocrx_word' id='word_1_752' title='bbox 986 5144 1280 5215; x_wconf 90' lang='lat' dir='ltr'>sapientes</span> <span class='ocrx_word' id='word_1_753' title='bbox 1306 5148 1583 5204; x_wconf 90' lang='lat' dir='ltr'>admirari</span> <span class='ocrx_word' id='word_1_754' title='bbox 1601 5150 2075 5223; x_wconf 69' lang='lat' dir='ltr'>praetermittens,</span> 
     </span>
    </p>
   </div>
   <div class='ocr_carea' id='block_1_103' title="bbox 420 5230 2076 5302">
    <p class='ocr_par' dir='ltr' id='par_1_103' title="bbox 420 5230 2076 5302">
     <span class='ocr_line' id='line_1_103' title="bbox 420 5230 2076 5302; baseline 0.011 -25"><span class='ocrx_word' id='word_1_755' title='bbox 420 5237 515 5278; x_wconf 89' lang='lat' dir='ltr'>me</span> <span class='ocrx_word' id='word_1_756' title='bbox 545 5230 602 5279; x_wconf 89' lang='lat' dir='ltr'>et</span> <span class='ocrx_word' id='word_1_757' title='bbox 629 5244 757 5283; x_wconf 89' lang='lat' dir='ltr'>mea</span> <span class='ocrx_word' id='word_1_758' title='bbox 785 5231 1005 5302; x_wconf 86' lang='lat' dir='ltr'>scripta</span> <span class='ocrx_word' id='word_1_759' title='bbox 1036 5232 1201 5288; x_wconf 90' lang='lat' dir='ltr'>colis.</span> <span class='ocrx_word' id='word_1_760' title='bbox 1248 5236 1393 5299; x_wconf 89' lang='lat' dir='ltr'>Quid</span> <span class='ocrx_word' id='word_1_761' title='bbox 1445 5237 1581 5292; x_wconf 89' lang='lat' dir='ltr'>boni</span> <span class='ocrx_word' id='word_1_762' title='bbox 1636 5243 1833 5294; x_wconf 90' lang='lat' dir='ltr'>autem</span> <span class='ocrx_word' id='word_1_763' title='bbox 1882 5239 1939 5295; x_wconf 92' lang='lat' dir='ltr'>in</span> <span class='ocrx_word' id='word_1_764' title='bbox 1994 5241 2076 5297; x_wconf 92' lang='lat' dir='ltr'>eis</span> 
     </span>
    </p>
   </div>
   <div class='ocr_carea' id='block_1_104' title="bbox 416 5307 2073 5393">
    <p class='ocr_par' dir='ltr' id='par_1_104' title="bbox 416 5307 2073 5393">
     <span class='ocr_line' id='line_1_104' title="bbox 416 5307 2073 5393; baseline 0.014 -31"><span class='ocrx_word' id='word_1_765' title='bbox 416 5307 619 5365; x_wconf 80' lang='lat' dir='ltr'>inest?</span> <span class='ocrx_word' id='word_1_766' title='bbox 651 5317 792 5385; x_wconf 90' lang='lat' dir='ltr'>quid</span> <span class='ocrx_word' id='word_1_767' title='bbox 825 5319 1102 5389; x_wconf 85' lang='lat' dir='ltr'>pulchri?</span> <span class='ocrx_word' id='word_1_768' title='bbox 1133 5322 1273 5393; x_wconf 92' lang='lat' dir='ltr'>quid</span> <span class='ocrx_word' id='word_1_769' title='bbox 1308 5326 1583 5381; x_wconf 84' lang='lat' dir='ltr'>venusti?</span> <span class='ocrx_word' id='word_1_770' title='bbox 1614 5328 1713 5383; x_wconf 86' lang='lat' dir='ltr'>sed</span> <span class='ocrx_word' id='word_1_771' title='bbox 1742 5328 1932 5384; x_wconf 90' lang='lat' dir='ltr'>dicam</span> <span class='ocrx_word' id='word_1_772' title='bbox 1968 5330 2073 5385; x_wconf 88' lang='lat' dir='ltr'>tibi</span> 
     </span>
    </p>
   </div>
   <div class='ocr_carea' id='block_1_105' title="bbox 417 5396 1919 5484">
    <p class='ocr_par' dir='ltr' id='par_1_105' title="bbox 417 5396 1919 5484">
     <span class='ocr_line' id='line_1_105' title="bbox 417 5396 1919 5484; baseline 0.015 -34"><span class='ocrx_word' id='word_1_773' title='bbox 417 5396 601 5455; x_wconf 87' lang='lat' dir='ltr'>alium</span> <span class='ocrx_word' id='word_1_774' title='bbox 636 5419 963 5463; x_wconf 89' lang='lat' dir='ltr'>sermonem</span> <span class='ocrx_word' id='word_1_775' title='bbox 997 5411 1066 5463; x_wconf 92' lang='lat' dir='ltr'>ad</span> <span class='ocrx_word' id='word_1_776' title='bbox 1102 5428 1208 5466; x_wconf 88' lang='lat' dir='ltr'>nos</span> <span class='ocrx_word' id='word_1_777' title='bbox 1242 5414 1427 5484; x_wconf 85' lang='lat' dir='ltr'>magis</span> <span class='ocrx_word' id='word_1_778' title='bbox 1458 5416 1919 5473; x_wconf 87' lang='lat' dir='ltr'>convenientem.</span> 
     </span>
    </p>
   </div>
   <div class='ocr_carea' id='block_1_106' title="bbox 487 5490 2070 5578">
    <p class='ocr_par' dir='ltr' id='par_1_106' title="bbox 487 5490 2070 5578">
     <span class='ocr_line' id='line_1_106' title="bbox 487 5490 2070 5578; baseline 0.014 -36"><span class='ocrx_word' id='word_1_779' title='bbox 487 5490 629 5556; x_wconf 87' lang='lat' dir='ltr'>Apis</span> <span class='ocrx_word' id='word_1_780' title='bbox 662 5492 918 5562; x_wconf 88' lang='lat' dir='ltr'>primum</span> <span class='ocrx_word' id='word_1_781' title='bbox 952 5514 982 5552; x_wconf 93' lang='lat' dir='ltr'>e</span> <span class='ocrx_word' id='word_1_782' title='bbox 1013 5497 1256 5555; x_wconf 90' lang='lat' dir='ltr'>ﬂoribus</span> <span class='ocrx_word' id='word_1_783' title='bbox 1288 5501 1403 5557; x_wconf 89' lang='lat' dir='ltr'>mel</span> <span class='ocrx_word' id='word_1_784' title='bbox 1428 5503 1708 5578; x_wconf 89' lang='lat' dir='ltr'>colligens</span> <span class='ocrx_word' id='word_1_785' title='bbox 1732 5523 1925 5562; x_wconf 87' lang='lat' dir='ltr'>rosam</span> <span class='ocrx_word' id='word_1_786' title='bbox 1945 5509 2070 5578; x_wconf 85' lang='lat' dir='ltr'>qui-</span> 
     </span>
    </p>
   </div>
   <div class='ocr_carea' id='block_1_107' title="bbox 416 5575 2060 5667">
    <p class='ocr_par' dir='ltr' id='par_1_107' title="bbox 416 5575 2060 5667">
     <span class='ocr_line' id='line_1_107' title="bbox 416 5575 2060 5667; baseline 0.015 -40"><span class='ocrx_word' id='word_1_787' title='bbox 416 5575 544 5628; x_wconf 89' lang='lat' dir='ltr'>dem</span> <span class='ocrx_word' id='word_1_788' title='bbox 582 5583 1013 5652; x_wconf 71' lang='lat' dir='ltr'>prmtcrvolitat,</span> <span class='ocrx_word' id='word_1_789' title='bbox 1051 5587 1231 5644; x_wconf 88' lang='lat' dir='ltr'>mittit</span> <span class='ocrx_word' id='word_1_790' title='bbox 1278 5595 1473 5647; x_wconf 89' lang='lat' dir='ltr'>autem</span> <span class='ocrx_word' id='word_1_791' title='bbox 1526 5575 1795 5667; x_wconf 72' lang='lat' dir='ltr'>ocellum,</span> <span class='ocrx_word' id='word_1_792' title='bbox 1845 5575 2060 5665; x_wconf 73' lang='lat' dir='ltr'>lilium,</span> 
     </span>
    </p>
   </div>
   <div class='ocr_carea' id='block_1_108' title="bbox 2195 4615 3852 4691">
    <p class='ocr_par' dir='ltr' id='par_1_108' title="bbox 2195 4615 3852 4691">
     <span class='ocr_line' id='line_1_108' title="bbox 2195 4615 3852 4691; baseline -0.002 -18"><span class='ocrx_word' id='word_1_793' title='bbox 2195 4616 2618 4687; x_wconf 81' lang='grc' dir='ltr'>ἀκαλλέστατον,</span> <span class='ocrx_word' id='word_1_794' title='bbox 2680 4617 2941 4691; x_wconf 71' lang='grc' dir='ltr'>θαυμάζει</span> <span class='ocrx_word' id='word_1_795' title='bbox 3010 4617 3037 4670; x_wconf 87' lang='lat'>6</span> <span class='ocrx_word' id='word_1_796' title='bbox 3111 4617 3263 4679; x_wconf 83' lang='grc' dir='ltr'>ἀετὸς</span> <span class='ocrx_word' id='word_1_797' title='bbox 3338 4616 3429 4670; x_wconf 84' lang='grc' dir='ltr'>καὶ</span> <span class='ocrx_word' id='word_1_798' title='bbox 3498 4615 3852 4691; x_wconf 74' lang='grc' dir='ltr'>περιίπταται</span> 
     </span>
    </p>
   </div>
   <div class='ocr_carea' id='block_1_109' title="bbox 2191 4704 3851 4783">
    <p class='ocr_par' dir='ltr' id='par_1_109' title="bbox 2191 4704 3851 4783">
     <span class='ocr_line' id='line_1_109' title="bbox 2191 4704 3851 4783; baseline -0.002 -21"><span class='ocrx_word' id='word_1_799' title='bbox 2191 4708 2415 4779; x_wconf 75' lang='grc' dir='ltr'>ταύτην,</span> <span class='ocrx_word' id='word_1_800' title='bbox 2462 4708 2551 4761; x_wconf 86' lang='lat' dir='ltr'>xui</span> <span class='ocrx_word' id='word_1_801' title='bbox 2600 4708 2866 4781; x_wconf 86' lang='grc' dir='ltr'>περιέπει,</span> <span class='ocrx_word' id='word_1_802' title='bbox 2907 4705 2995 4760; x_wconf 83' lang='grc' dir='ltr'>καὶ</span> <span class='ocrx_word' id='word_1_803' title='bbox 3047 4704 3301 4775; x_wconf 77' lang='grc' dir='ltr'>τέθηπεν,</span> <span class='ocrx_word' id='word_1_804' title='bbox 3337 4704 3517 4778; x_wconf 81' lang='grc' dir='ltr'>ὥσπερ</span> <span class='ocrx_word' id='word_1_805' title='bbox 3576 4706 3700 4759; x_wconf 70' lang='grc' dir='ltr'>τινὰ</span> <span class='ocrx_word' id='word_1_806' title='bbox 3749 4706 3851 4783; x_wconf 62' lang='grc' dir='ltr'>φυ-</span> 
     </span>
    </p>
   </div>
   <div class='ocr_carea' id='block_1_110' title="bbox 2196 4792 3848 4868">
    <p class='ocr_par' dir='ltr' id='par_1_110' title="bbox 2196 4792 3848 4868">
     <span class='ocr_line' id='line_1_110' title="bbox 2196 4792 3848 4868; baseline -0.001 -19"><span class='ocrx_word' id='word_1_807' title='bbox 2196 4818 2276 4850; x_wconf 88' lang='grc' dir='ltr'>σιν</span> <span class='ocrx_word' id='word_1_808' title='bbox 2312 4796 2457 4867; x_wconf 81' lang='grc' dir='ltr'>ἆξίαν</span> <span class='ocrx_word' id='word_1_809' title='bbox 2504 4796 2797 4868; x_wconf 73' lang='grc' dir='ltr'>Θαύματος.</span> <span class='ocrx_word' id='word_1_810' title='bbox 2833 4792 2992 4849; x_wconf 83' lang='grc' dir='ltr'>Ἀλλ’</span> <span class='ocrx_word' id='word_1_811' title='bbox 3024 4796 3051 4848; x_wconf 92' lang='lat'>6</span> <span class='ocrx_word' id='word_1_812' title='bbox 3105 4794 3199 4866; x_wconf 77' lang='grc' dir='ltr'>μὲν</span> <span class='ocrx_word' id='word_1_813' title='bbox 3253 4793 3404 4855; x_wconf 82' lang='grc' dir='ltr'>ἀετὸς</span> <span class='ocrx_word' id='word_1_814' title='bbox 3452 4793 3625 4855; x_wconf 66' lang='grc' dir='ltr'>οὕτως</span> <span class='ocrx_word' id='word_1_815' title='bbox 3658 4814 3671 4826; x_wconf 91' lang='grc'><strong>·</strong></span> <span class='ocrx_word' id='word_1_816' title='bbox 3703 4796 3741 4863; x_wconf 81' lang='grc' dir='ltr'>ἠ</span> <span class='ocrx_word' id='word_1_817' title='bbox 3795 4792 3848 4848; x_wconf 75' lang='grc' dir='ltr'>δὲ</span> 
     </span>
    </p>
   </div>
   <div class='ocr_carea' id='block_1_111' title="bbox 2194 4880 3847 4960">
    <p class='ocr_par' dir='ltr' id='par_1_111' title="bbox 2194 4880 3847 4960">
     <span class='ocr_line' id='line_1_111' title="bbox 2194 4880 3847 4960; baseline -0.003 -20"><span class='ocrx_word' id='word_1_818' title='bbox 2194 4883 2348 4940; x_wconf 74' lang='grc' dir='ltr'>οὐδὲν</span> <span class='ocrx_word' id='word_1_819' title='bbox 2382 4888 2541 4953; x_wconf 74' lang='grc' dir='ltr'>ἧττον</span> <span class='ocrx_word' id='word_1_820' title='bbox 2574 4882 2742 4960; x_wconf 80' lang='grc' dir='ltr'>γλαύξ</span> <span class='ocrx_word' id='word_1_821' title='bbox 2774 4882 2885 4938; x_wconf 83' lang='grc' dir='ltr'>ἐστι</span> <span class='ocrx_word' id='word_1_822' title='bbox 2913 4880 3187 4952; x_wconf 77' lang='grc' dir='ltr'>δυσειδής.</span> <span class='ocrx_word' id='word_1_823' title='bbox 3223 4884 3315 4953; x_wconf 76' lang='grc' dir='ltr'>Μή</span> <span class='ocrx_word' id='word_1_824' title='bbox 3350 4903 3481 4937; x_wconf 84' lang='grc' dir='ltr'>ποτε</span> <span class='ocrx_word' id='word_1_825' title='bbox 3506 4880 3597 4936; x_wconf 72' lang='grc' dir='ltr'>οὖν</span> <span class='ocrx_word' id='word_1_826' title='bbox 3653 4882 3716 4935; x_wconf 73' lang='grc' dir='ltr'>σὺ</span> <span class='ocrx_word' id='word_1_827' title='bbox 3754 4884 3847 4953; x_wconf 66' lang='grc' dir='ltr'>μὲν</span> 
     </span>
    </p>
   </div>
   <div class='ocr_carea' id='block_1_112' title="bbox 2194 4967 3847 5047">
    <p class='ocr_par' dir='ltr' id='par_1_112' title="bbox 2194 4967 3847 5047">
     <span class='ocr_line' id='line_1_112' title="bbox 2194 4967 3847 5047; baseline -0.002 -20"><span class='ocrx_word' id='word_1_828' title='bbox 2194 4974 2345 5035; x_wconf 86' lang='grc' dir='ltr'>ἀετὸς</span> <span class='ocrx_word' id='word_1_829' title='bbox 2376 4974 2475 5043; x_wconf 70' lang='grc' dir='ltr'>τήν</span> <span class='ocrx_word' id='word_1_830' title='bbox 2511 4971 2671 5047; x_wconf 72' lang='grc' dir='ltr'>ἲσχὺν</span> <span class='ocrx_word' id='word_1_831' title='bbox 2701 4973 2788 5027; x_wconf 86' lang='lat' dir='ltr'>xui</span> <span class='ocrx_word' id='word_1_832' title='bbox 2822 4972 2920 5041; x_wconf 75' lang='grc' dir='ltr'>τήν</span> <span class='ocrx_word' id='word_1_833' title='bbox 2956 4968 3330 5047; x_wconf 73' lang='grc' dir='ltr'>δύναμιν,ἒγὼ</span> <span class='ocrx_word' id='word_1_834' title='bbox 3354 4967 3411 5025; x_wconf 73' lang='grc' dir='ltr'>δὲ</span> <span class='ocrx_word' id='word_1_835' title='bbox 3436 4974 3571 5038; x_wconf 80' lang='grc' dir='ltr'>ζῶον</span> <span class='ocrx_word' id='word_1_836' title='bbox 3606 4967 3847 5031; x_wconf 74' lang='grc' dir='ltr'>ἀκαλλὲς</span> 
     </span>
    </p>
   </div>
   <div class='ocr_carea' id='block_1_113' title="bbox 2188 5060 2661 5137">
    <p class='ocr_par' dir='ltr' id='par_1_113' title="bbox 2188 5060 2661 5137">
     <span class='ocr_line' id='line_1_113' title="bbox 2188 5060 2661 5137; baseline -0.004 -20"><span class='ocrx_word' id='word_1_837' title='bbox 2188 5084 2247 5117; x_wconf 87' lang='grc' dir='ltr'>τε</span> <span class='ocrx_word' id='word_1_838' title='bbox 2277 5062 2365 5117; x_wconf 86' lang='lat' dir='ltr'>xui</span> <span class='ocrx_word' id='word_1_839' title='bbox 2398 5060 2620 5137; x_wconf 81' lang='grc' dir='ltr'>ἄτεχνον</span> <span class='ocrx_word' id='word_1_840' title='bbox 2648 5081 2661 5131; x_wconf 87' lang='lat'><strong>;</strong></span> 
     </span>
    </p>
   </div>
   <div class='ocr_carea' id='block_1_114' title="bbox 2262 5145 3845 5228">
    <p class='ocr_par' dir='ltr' id='par_1_114' title="bbox 2262 5145 3845 5228">
     <span class='ocr_line' id='line_1_114' title="bbox 2262 5145 3845 5228; baseline -0.004 -21"><span class='ocrx_word' id='word_1_841' title='bbox 2262 5151 2392 5207; x_wconf 75' lang='grc' dir='ltr'>Εἶτα</span> <span class='ocrx_word' id='word_1_842' title='bbox 2452 5149 2518 5220; x_wconf 80' lang='grc' dir='ltr'>δὴ</span> <span class='ocrx_word' id='word_1_843' title='bbox 2579 5150 2732 5228; x_wconf 72' lang='grc' dir='ltr'>ἀφεὶς</span> <span class='ocrx_word' id='word_1_844' title='bbox 2782 5150 2908 5211; x_wconf 71' lang='grc' dir='ltr'>τοὺς</span> <span class='ocrx_word' id='word_1_845' title='bbox 2968 5147 3235 5211; x_wconf 65' lang='grc' dir='ltr'>παλαιοὺς</span> <span class='ocrx_word' id='word_1_846' title='bbox 3275 5146 3566 5221; x_wconf 78' lang='grc' dir='ltr'>Θαυμάζειν</span> <span class='ocrx_word' id='word_1_847' title='bbox 3621 5145 3845 5223; x_wconf 66' lang='grc' dir='ltr'>σοφοὺς,</span> 
     </span>
    </p>
   </div>
   <div class='ocr_carea' id='block_1_115' title="bbox 2189 5233 3841 5313">
    <p class='ocr_par' dir='ltr' id='par_1_115' title="bbox 2189 5233 3841 5313">
     <span class='ocr_line' id='line_1_115' title="bbox 2189 5233 3841 5313; baseline -0.003 -20"><span class='ocrx_word' id='word_1_848' title='bbox 2189 5239 2285 5313; x_wconf 74' lang='grc' dir='ltr'><strong>ἐμὶ</strong></span> <span class='ocrx_word' id='word_1_849' title='bbox 2314 5240 2403 5295; x_wconf 85' lang='grc' dir='ltr'>καὶ</span> <span class='ocrx_word' id='word_1_850' title='bbox 2434 5240 2500 5294; x_wconf 69' lang='grc' dir='ltr'>τὰ</span> <span class='ocrx_word' id='word_1_851' title='bbox 2531 5238 2635 5312; x_wconf 80' lang='grc' dir='ltr'>έμὰ</span> <span class='ocrx_word' id='word_1_852' title='bbox 2665 5237 2938 5313; x_wconf 86' lang='grc' dir='ltr'>περιέπεις</span> <span class='ocrx_word' id='word_1_853' title='bbox 2971 5239 3390 5312; x_wconf 79' lang='grc' dir='ltr'>συγγράμματα.</span> <span class='ocrx_word' id='word_1_854' title='bbox 3434 5237 3494 5290; x_wconf 87' lang='grc' dir='ltr'>Τί</span> <span class='ocrx_word' id='word_1_855' title='bbox 3558 5233 3617 5290; x_wconf 72' lang='grc' dir='ltr'>δὲ</span> <span class='ocrx_word' id='word_1_856' title='bbox 3673 5233 3841 5289; x_wconf 79' lang='grc' dir='ltr'>καλὸν</span> 
     </span>
    </p>
   </div>
   <div class='ocr_carea' id='block_1_116' title="bbox 2188 5321 3842 5403">
    <p class='ocr_par' dir='ltr' id='par_1_116' title="bbox 2188 5321 3842 5403">
     <span class='ocr_line' id='line_1_116' title="bbox 2188 5321 3842 5403; baseline -0.003 -21"><span class='ocrx_word' id='word_1_857' title='bbox 2188 5327 2240 5382; x_wconf 82' lang='grc' dir='ltr'>ἐν</span> <span class='ocrx_word' id='word_1_858' title='bbox 2272 5327 2486 5389; x_wconf 81' lang='grc' dir='ltr'>τούτοις</span> <span class='ocrx_word' id='word_1_859' title='bbox 2514 5348 2527 5397; x_wconf 86' lang='grc'>;</span> <span class='ocrx_word' id='word_1_860' title='bbox 2560 5330 2609 5383; x_wconf 83' lang='grc' dir='ltr'>τί</span> <span class='ocrx_word' id='word_1_861' title='bbox 2658 5325 2714 5382; x_wconf 75' lang='grc' dir='ltr'>δὲ</span> <span class='ocrx_word' id='word_1_862' title='bbox 2762 5332 2963 5403; x_wconf 85' lang='grc' dir='ltr'>ὡραῖον</span> <span class='ocrx_word' id='word_1_863' title='bbox 2992 5346 3004 5395; x_wconf 91' lang='grc'><strong>;</strong></span> <span class='ocrx_word' id='word_1_864' title='bbox 3036 5326 3089 5380; x_wconf 85' lang='grc' dir='ltr'>τί</span> <span class='ocrx_word' id='word_1_865' title='bbox 3134 5322 3191 5379; x_wconf 78' lang='grc' dir='ltr'>δὶ</span> <span class='ocrx_word' id='word_1_866' title='bbox 3236 5324 3466 5397; x_wconf 84' lang='grc' dir='ltr'>ἀνθηρόν</span> <span class='ocrx_word' id='word_1_867' title='bbox 3494 5343 3506 5392; x_wconf 90' lang='grc'><strong>;</strong></span> <span class='ocrx_word' id='word_1_868' title='bbox 3545 5321 3707 5379; x_wconf 74' lang='grc' dir='ltr'>Ἀλλ’</span> <span class='ocrx_word' id='word_1_869' title='bbox 3737 5323 3842 5398; x_wconf 80' lang='grc' dir='ltr'>ἐρῶ</span> 
     </span>
    </p>
   </div>
   <div class='ocr_carea' id='block_1_117' title="bbox 2185 5412 3526 5491">
    <p class='ocr_par' dir='ltr' id='par_1_117' title="bbox 2185 5412 3526 5491">
     <span class='ocr_line' id='line_1_117' title="bbox 2185 5412 3526 5491; baseline -0.001 -22"><span class='ocrx_word' id='word_1_870' title='bbox 2185 5438 2269 5471; x_wconf 85' lang='grc' dir='ltr'>σοι</span> <span class='ocrx_word' id='word_1_871' title='bbox 2301 5419 2387 5471; x_wconf 86' lang='lat' dir='ltr'>xui</span> <span class='ocrx_word' id='word_1_872' title='bbox 2420 5417 2585 5491; x_wconf 88' lang='grc' dir='ltr'>λόγον</span> <span class='ocrx_word' id='word_1_873' title='bbox 2620 5414 2798 5491; x_wconf 76' lang='grc' dir='ltr'>ἕτερον</span> <span class='ocrx_word' id='word_1_874' title='bbox 2826 5416 2961 5490; x_wconf 90' lang='grc' dir='ltr'>πρὸς</span> <span class='ocrx_word' id='word_1_875' title='bbox 2994 5418 3143 5487; x_wconf 79' lang='grc' dir='ltr'>ἡμᾶς</span> <span class='ocrx_word' id='word_1_876' title='bbox 3176 5412 3526 5468; x_wconf 73' lang='grc' dir='ltr'>οἲκειότατον.</span> 
     </span>
    </p>
   </div>
   <div class='ocr_carea' id='block_1_118' title="bbox 2253 5498 3836 5580">
    <p class='ocr_par' dir='ltr' id='par_1_118' title="bbox 2253 5498 3836 5580">
     <span class='ocr_line' id='line_1_118' title="bbox 2253 5498 3836 5580; baseline -0.007 -18"><span class='ocrx_word' id='word_1_877' title='bbox 2253 5508 2316 5562; x_wconf 85' lang='grc' dir='ltr'><strong>Ἡ</strong></span> <span class='ocrx_word' id='word_1_878' title='bbox 2380 5505 2611 5578; x_wconf 88' lang='grc' dir='ltr'>μέλισσα</span> <span class='ocrx_word' id='word_1_879' title='bbox 2666 5505 2763 5567; x_wconf 83' lang='grc' dir='ltr'>τὰς</span> <span class='ocrx_word' id='word_1_880' title='bbox 2806 5504 2980 5580; x_wconf 80' lang='grc' dir='ltr'>ἀρχὰς</span> <span class='ocrx_word' id='word_1_881' title='bbox 3030 5501 3405 5577; x_wconf 78' lang='grc' dir='ltr'>ἁνθολογοῢσα</span> <span class='ocrx_word' id='word_1_882' title='bbox 3444 5503 3541 5555; x_wconf 79' lang='grc' dir='ltr'>τοῦ</span> <span class='ocrx_word' id='word_1_883' title='bbox 3594 5498 3836 5573; x_wconf 79' lang='grc' dir='ltr'>μέλιτος,</span> 
     </span>
    </p>
   </div>
   <div class='ocr_carea' id='block_1_119' title="bbox 2180 5586 3832 5671">
    <p class='ocr_par' dir='ltr' id='par_1_119' title="bbox 2180 5586 3832 5671">
     <span class='ocr_line' id='line_1_119' title="bbox 2180 5586 3832 5671; baseline -0.007 -20"><span class='ocrx_word' id='word_1_884' title='bbox 2180 5596 2509 5671; x_wconf 79' lang='grc' dir='ltr'>παρίπταται</span> <span class='ocrx_word' id='word_1_885' title='bbox 2558 5595 2653 5669; x_wconf 68' lang='grc' dir='ltr'>μὲν</span> <span class='ocrx_word' id='word_1_886' title='bbox 2703 5594 2764 5648; x_wconf 83' lang='grc' dir='ltr'>τὸ</span> <span class='ocrx_word' id='word_1_887' title='bbox 2816 5590 2997 5669; x_wconf 69' lang='grc' dir='ltr'>ῥόδον,</span> <span class='ocrx_word' id='word_1_888' title='bbox 3030 5590 3256 5667; x_wconf 73' lang='grc' dir='ltr'>παρίησι</span> <span class='ocrx_word' id='word_1_889' title='bbox 3289 5588 3346 5645; x_wconf 70' lang='grc' dir='ltr'>δὶ</span> <span class='ocrx_word' id='word_1_890' title='bbox 3387 5591 3449 5646; x_wconf 86' lang='grc' dir='ltr'>τὸ</span> <span class='ocrx_word' id='word_1_891' title='bbox 3492 5586 3581 5643; x_wconf 56' lang='grc' dir='ltr'>*ίον</span> <span class='ocrx_word' id='word_1_892' title='bbox 3622 5587 3714 5643; x_wconf 84' lang='lat' dir='ltr'>xui</span> <span class='ocrx_word' id='word_1_893' title='bbox 3773 5586 3832 5641; x_wconf 79' lang='grc' dir='ltr'>τὸ</span> 
     </span>
    </p>
   </div>
  </div>
