4056 6346
482 351 632 410 H75

1809 347 2232 409 MICHAELIS
2276 348 2551 408 PSELLI

3732 358 3891 415 M76

475 492 533 544 et
558 482 1140 543 conciliabant.Talis
1161 486 1216 537 et
1245 484 1305 537 tu
1330 482 1610 538 inveniris
1638 498 1805 538 meus
1837 483 2125 555 interpres

2252 502 2404 552 ματα,
2467 482 2758 557 ἐξηγοῦντο
2817 480 2905 537 καὶ
2965 479 3337 555 συνεϐίϐαζον,
3390 491 3651 551 Τοιοῦτος
3692 486 3751 543 δὲ
3798 489 3887 543 καὶ

476 582 531 632 et
561 574 791 631 divinus
826 574 1015 644 reipsa
1050 570 1495 627 Themistocles.
1545 573 1663 643 Ego
1713 571 1951 644 quidem
1995 590 2123 627 mea

478 666 714 721 oracula
762 664 986 734 ignoro,
1042 667 1102 715 tu
1152 677 1286 716 vero
1330 679 1397 717 ea
1438 661 1746 733 intelligis,
1796 662 2024 718 extollis
2068 671 2125 718 et

478 771 675 810 eorum
707 752 938 805 miraris
971 750 1473 822 pulchritudinem
1501 754 1557 805 et
1579 749 2010 818 subtilitatem;
2044 751 2126 804 ita

478 849 538 899 ut
568 844 805 897 timeam
842 858 914 896 ne
945 845 1161 896 sortem
1193 840 1450 896 Narcissi
1484 840 1766 911 experiar.

544 1020 855 1077 Narcissus
887 1020 1228 1075 adolescens
1250 1024 1374 1074 erat
1396 1019 1557 1075 molli
1589 1020 1781 1075 nitens
1807 1019 2127 1090 pulchritu-

476 1111 631 1176 dine,
666 1112 764 1166 sed
798 1110 1051 1165 maxime
1083 1109 1333 1181 simplex
1358 1116 1412 1164 et
1442 1110 1663 1180 absque
1702 1108 1861 1164 omni
1894 1107 2124 1164 subtili-

475 1204 617 1256 tate.
668 1200 935 1267 Quadam
986 1200 1079 1253 die
1128 1199 1199 1253 ad
1258 1215 1545 1270 aquarum
1599 1200 1818 1254 fontem
1866 1198 2123 1263 veniens,

475 1306 648 1345 suum
680 1290 868 1361 ipsius
896 1289 1123 1344 vultum
1157 1288 1731 1344 intuetur.Ncsciens
1764 1292 1958 1343 autem
1996 1302 2125 1342 esse

473 1379 693 1450 proprii
725 1379 985 1449 corporis
1019 1380 1291 1449 ﬁguram,
1324 1395 1523 1433 amore
1556 1378 1788 1450 capitur
1817 1379 1942 1447 eius
1971 1376 2126 1447 quod

476 1470 680 1534 cernit,
715 1473 770 1522 et
798 1468 1095 1522 existimat
1124 1467 1558 1523 adolescentem
1610 1483 1737 1522 esse
1783 1483 1984 1522 verum
2018 1465 2127 1520 sub

479 1573 627 1626 aqua
656 1555 956 1611 latentem.
990 1557 1115 1611 Non
1146 1557 1326 1629 igitur
1354 1557 1491 1611 hinc
1524 1557 1686 1624 abiit,
1712 1557 1811 1611 sed
1846 1556 2127 1610 intuendo

477 1651 749 1701 mortuus
794 1651 913 1711 est;
984 1652 1253 1716 terraque
1299 1646 1455 1701 hunc
1524 1647 1802 1701 miserata
1850 1646 2051 1700 ﬁorem
2099 1661 2130 1699 e

477 1735 712 1808 proprio
769 1735 902 1790 sinu
955 1736 1155 1789 eduxit
1201 1738 1468 1806 ejusdem
1528 1736 1805 1790 nominis.
1842 1736 1922 1791 Ne
1954 1734 2132 1805 igitur

475 1824 601 1897 ipse
632 1841 873 1880 cernens
908 1842 1098 1880 meam
1151 1826 1508 1896 sapientiam
1559 1826 1615 1878 in
1670 1825 1907 1895 scriptis
1961 1830 2023 1878 ut
2070 1825 2127 1878 in
2163 1856 2209 1920 B

476 1914 736 1987 speculo,
773 1931 971 1969 amore
1005 1915 1122 1969 mei
1156 1914 1338 1968 nimio
1371 1916 1573 1985 capiar
1603 1919 1659 1968 et
1682 1931 1812 1969 mea
1834 1915 1889 1968 in
1924 1914 2133 1969 umbra

478 2006 795 2076 exspirem.

548 2094 661 2149 Sed
692 2094 937 2148 conﬁde.
974 2092 1131 2147 Ixion
1164 2096 1455 2147 Junonem
1492 2092 1809 2159 amabat,et
1839 2092 1950 2147 sibi
1972 2092 2131 2147 illius

476 2182 535 2238 in
565 2188 751 2238 mente
776 2182 1029 2253 efﬁgiem
1062 2183 1312 2253 ﬁngens,
1346 2180 1597 2237 osculari
1629 2182 1741 2237 sibi
1774 2182 2082 2239 videbatur
2116 2199 2128 2236 :

478 2275 736 2345 quadam
766 2287 899 2325 vero
932 2272 1023 2325 dic
1054 2271 1244 2341 ipsam
1278 2288 1544 2336 cernens,
1578 2271 2129 2342 seipsumjinsimu-

476 2360 618 2415 lavit
637 2369 916 2429 tanquam
941 2360 1439 2415 deformissimam
1455 2360 1707 2431 efﬁgiem
1731 2362 2126 2432 efﬁngcntem.

479 2451 546 2504 Et
576 2465 681 2520 ego
714 2448 912 2519 igitur,
944 2449 1176 2518 quando
1211 2453 1373 2504 tuam
1408 2449 1653 2521 inspicio
1676 2450 2128 2522 magnanimita-

477 2542 595 2592 tem
626 2542 684 2592 et
712 2536 1040 2608 ingenium,
1092 2555 1281 2593 meam
1336 2540 1585 2610 ﬁguram
1635 2540 1933 2605 deserens,
1965 2544 2128 2594 tuam

477 2626 979 2697 pulchritudinem
1011 2628 1307 2697 admiror;
1344 2630 1511 2699 quasi
1537 2629 1676 2683 olim
1696 2634 1863 2683 tuum
1889 2645 2126 2684 caseum

475 2715 745 2781 miratus,
779 2732 934 2771 nunc
965 2722 1099 2771 ante
1130 2717 1407 2786 butyrum
1442 2722 1667 2789 stupeo.

547 2806 693 2861 Cum
728 2806 966 2876 regibus
998 2810 1195 2861 autem
1227 2806 1391 2860 nulla
1421 2806 1565 2861 mihi
1612 2808 1823 2879 cupido
1876 2807 2127 2863 multum

476 2895 884 2965 colloquendi;
916 2899 1153 2965 propter
1178 2900 1233 2951 te
1263 2911 1396 2951 vero
1445 2896 1517 2951 ad
1546 2902 1817 2967 quartam
1852 2898 2128 2970 paginam

482 2986 792 3055 attingam.

553 3078 680 3129 Ilaec
712 3090 893 3131 servae
924 3078 1038 3130 tua:
1072 3092 1308 3131 manus.

1139 3192 1228 3246 IX.
1253 3191 1461 3260 Eidem,

551 3290 762 3354 Quales
793 3294 926 3359 tuae,
980 3307 1011 3344 0
1060 3290 1269 3361 Caesar,
1322 3290 1704 3362 cogitationes
1738 3291 1749 3344 !
1784 3291 1980 3362 qualia
2008 3297 2125 3349 tuae

482 3380 699 3436 mentis
733 3379 979 3435 consilia
1008 3379 1019 3434 l
1045 3380 1191 3435 duas
1214 3381 1361 3436 meis
1385 3381 1643 3435 fontibus
1665 3381 1948 3452 aperuisti
1969 3382 2129 3437 ﬁstu-

486 3469 592 3537 las,
625 3474 691 3524 ut
721 3468 866 3524 mihi
909 3486 1130 3541 aquam
1180 3473 1362 3524 totam
1413 3470 1763 3538 etIunderes,
1820 3476 1883 3525 ut
1932 3488 2128 3527 meum

476 3562 665 3613 totum
699 3558 1039 3614 exhaurires
1082 3561 1396 3613 ﬂuentum.
1452 3558 1670 3614 Deinde
1720 3576 1859 3614 num
1894 3560 2132 3631 ignoras

487 3664 581 3702 me
610 3647 1027 3703 inexhaustum
1059 3648 1273 3703 habere
1306 3648 1546 3714 fontem,
1579 3653 1635 3702 et
1657 3654 1943 3719 quantum
1977 3650 2135 3721 sugi-

484 3740 599 3804 tur,
632 3741 860 3791 tantum
887 3736 1011 3791 vias
1045 3736 1255 3807 aperiri
1287 3741 1343 3791 et
1371 3753 1546 3791 venas
1576 3736 1807 3792 dilatari
1840 3741 1911 3793 ab
1943 3740 2131 3794 abun-

486 3824 809 3880 dantiorem
828 3842 857 3879 e
880 3826 1110 3896 gurgite
1132 3824 1541 3895 proﬂuentiam
1565 3826 1592 3878 ‘I
1613 3825 1742 3881 Scio
1772 3832 1827 3882 te
1857 3827 2131 3883 subtilem

486 3931 614 3969 csse
641 3918 698 3969 et
728 3915 801 3970 ad
824 3930 1059 3969 omnem
1083 3914 1355 3967 virtutem
1378 3917 1572 3984 aptus,
1596 3913 1855 3986 velleque
1887 3917 2137 3972 occulta-

486 4010 604 4059 tam
636 4004 695 4058 in
748 4020 839 4057 me
888 4002 1271 4073 margaritam
1321 4018 1573 4070 sumere,
1620 4008 1685 4058 ut
1730 4004 1892 4059 illam
1943 4006 2000 4059 in
2035 4010 2134 4060 tuo

489 4095 821 4149 diademate
853 4090 1175 4160 insculpas.
1213 4091 1300 4144 'l‘u
1332 4107 1465 4147 vero
1500 4092 1644 4147 mihi
1679 4110 1792 4148 non
1826 4094 2135 4161 unam,sed

492 4183 707 4239 multas
732 4182 859 4251 jam
904 4179 1250 4249 subripuisti
1280 4197 1293 4247 ;
1328 4183 1609 4250 majorem
1654 4188 1846 4237 autem
1902 4183 2134 4251 harum,

490 4276 546 4327 et
578 4270 768 4325 colore
796 4267 1310 4333 candidissimam,
1361 4269 1662 4341 ﬁguraque
1714 4272 2137 4343 praestantissi-

494 4377 651 4415 mam
702 4375 818 4413 non
866 4356 1361 4427 comprehendere
1430 4360 1669 4429 poteris.
1740 4362 1931 4415 llabeo
1982 4359 2137 4414 enim

492 4466 621 4504 eam
654 4448 712 4502 in
747 4447 961 4502 mentis
995 4447 1149 4515 sinu,
1202 4465 1316 4517 quo
1369 4465 1483 4503 non
1537 4454 1841 4519 penetrant
1888 4450 2139 4504 furentis

495 4554 728 4593 manus.
762 4536 909 4599 Quid
961 4553 1051 4590 me
1101 4535 1436 4609 ubicunque
1484 4538 1881 4604 circuscribis,
1940 4543 1995 4593 et
2024 4538 2140 4593 cir-

2232 570 2295 624 σὺ
2342 571 2628 646 τυγχάνεις
2672 573 2699 626 ὁ
2731 572 2861 645 ἐμὸς
2892 572 3161 646 ἑρμηνεὺς
3204 576 3293 630 καὶ
3328 582 3472 640 θεῖος
3521 582 3599 649 τῷ
3644 578 3762 632 ὄντι
3794 585 3885 633 Θε-

2237 658 2558 732 μιστοκλῆς.
2606 661 2767 736 Κάγὼ
2815 663 2907 734 μὲν
2956 663 3083 727 τοὺς
3132 663 3297 737 ἐμοὺς
3346 666 3635 741 χρησμοὺς
3684 668 3883 743 ἀγνοῶ,

2236 748 2297 802 σὺ
2330 747 2385 803 δὲ
2417 746 2713 826 ἑξακριϐεῖς
2736 753 2983 825 τούτους,
3032 753 3121 808 καὶ
3171 754 3567 831 ὑψηλολογεῖς,
3619 757 3708 811 καὶ
3770 770 3888 820 θαυ-

2240 838 2424 910 μάζεις
2483 841 2569 894 καὶ
2628 845 2724 895 τοῦ
2780 840 3021 906 κάλλους
3075 843 3163 897 καὶ
3216 851 3317 913 τῆς
3370 843 3713 917 δεινότητος·
3752 847 3885 901 ὥστε

2238 925 2456 983 δέδοικα
2489 931 2564 1001 μὴ
2600 930 2755 985 πάθω
2784 932 2845 986 τὸ
2875 936 2969 986 105
3002 933 3327 1008 Ναρκίσσου.

2306 1019 2368 1074 Ὀ
2446 1020 2743 1093 Νάρκισσος
2807 1023 3084 1095 μειράκιον
3159 1024 3225 1092 ἦν
3309 1022 3503 1080 κάλλει
3574 1022 3889 1097 διαλάμποι.

2239 1102 2411 1180 ἁδρῷ,
2441 1106 2854 1164 ἁπλοϊκώτατον
2912 1107 2969 1165 δὲ
3018 1111 3108 1166 καὶ
3158 1110 3470 1183 δεινότητος
3498 1114 3681 1185 πάσης
3718 1114 3887 1177 ἐκτός.

2240 1197 2342 1252 Καί
2372 1218 2503 1251 ποτε
2535 1198 2671 1272 πρὸς
2701 1201 2885 1275 πηγήν
2948 1197 3151 1255 ὑδάτων
3209 1199 3391 1271 ἐλθὸν,
3446 1204 3508 1258 τὸ
3570 1204 3777 1258 ἐαυτοῦ
3826 1205 3892 1257 5v-

2239 1285 2547 1360 οπτρίζεται
2605 1287 2938 1363 πρόσωπον.
2990 1289 3294 1363 Ἢγνοτ,κὸς
3343 1287 3399 1345 δὲ
3454 1293 3537 1345 ὅτι
3594 1296 3695 1346 105
3757 1289 3890 1346 ἰδίου

2239 1375 2492 1447 σώματός
2524 1376 2662 1430 ἐστιν
2712 1379 2746 1445 ἡ
2809 1378 2951 1447 σκιά,
3010 1372 3186 1451 ἔρωτα
3244 1374 3512 1451 λαμϐάνει
3544 1385 3645 1435 105
3679 1382 3889 1457 ὁρωμέ-

2237 1478 2353 1521 νου,
2412 1466 2502 1519 καὶ
2564 1466 2717 1537 ᾠήθη
2780 1466 2861 1521 ὅτι
2923 1468 3200 1539 μειράκιόν
3231 1468 3369 1523 ἐστιν
3420 1468 3626 1540 ἀληθὲς
3652 1474 3888 1536 κρυπτό-

2243 1576 2400 1627 μενον
2465 1556 2566 1609 ὑπὸ
2596 1559 2695 1620 τῆς
2725 1563 2929 1631 πηγῆς.
2993 1556 3070 1614 Ού
3126 1557 3305 1612 τοίνυν
3365 1558 3564 1623 ἐκεῖθεν
3605 1560 3890 1637 ἀφίστατο,

2238 1642 2364 1699 ἀλλ’
2423 1646 2561 1719 ὁρῶν
2621 1644 2914 1717 ἐτεθνήκει.
2950 1645 3045 1700 Καὶ
3108 1649 3143 1717 ἡ
3203 1650 3279 1722 γῆ
3334 1652 3523 1703 τοῦτον
3554 1649 3890 1721 οἰκτείρασα,

2241 1732 2394 1795 ἄνθος
2455 1731 2513 1787 ἐκ
2564 1738 2669 1787 τῶν
2731 1734 2944 1788 οἰκείων
2997 1734 3241 1809 Λαγόνων
3299 1736 3502 1813 ἀφῆκεν
3562 1739 3890 1811 ὁμώνυμον.

2240 1824 2327 1891 MT‘,
2386 1822 2563 1876 τοίνυν
2623 1822 2710 1877 καὶ
2760 1822 2919 1887 αὐτὸς
2952 1822 3168 1897 βλέπων
3194 1827 3294 1894 τὴν
3330 1825 3468 1897 ἐμὴν
3502 1828 3698 1905 σοφίαν
3730 1828 3808 1888 ὡς
3841 1827 3889 1881 ἐν

2243 1911 2529 1985 κατόπτρῳ
2574 1918 2688 1973 τοῖς
2730 1914 3076 1988 γράμμασιν,
3124 1910 3298 1989 ἔρωτα
3357 1912 3587 1992 σφοδρὸν
3653 1915 3892 1989 ἐμαυτοῦ

2243 1996 2471 2072 λάϐοιμι
2502 2000 2592 2055 καὶ
2621 2004 2688 2075 τῇ
2723 2000 2829 2075 ἐμῇ
2862 2000 3177 2076 ἐναποψύξω
3210 2008 3352 2074 σκιᾷ.

2315 2089 2493 2144 Ἀλλά
2571 2089 2775 2166 θάρρει.
2848 2092 2909 2147 Ὀ
2981 2092 3152 2161 Ἰξίων
3208 2092 3317 2166 ἤρα
3380 2100 3479 2162 τῆς
3531 2096 3725 2168 Ἥρας,
3779 2096 3892 2164 καὶ,

2240 2178 2492 2234 πλάττων
2572 2178 2627 2234 ἐν
2684 2183 2753 2252 τῇ
2811 2182 2965 2255 ψυχῇ
3020 2181 3082 2234 τὸ
3141 2181 3349 2252 ἐκείνης
3409 2180 3657 2250 εἴδωλον,
3714 2182 3892 2237 ἐδόκει

2238 2273 2400 2323 10510
2449 2268 2794 2337 ἀσπάζεσθαι·
2858 2266 2988 2323 ἰδὼν
3048 2266 3105 2323 δέ
3145 2291 3277 2325 ποτε
3327 2270 3554 2340 ταύτην,
3612 2270 3893 2346 ἐμέμφετο

2241 2355 2425 2411 ἑαυτὸν
2502 2357 2575 2418 ὡς
2648 2356 3042 2434 ἀμορφώτατον
3112 2359 3553 2415 ἀναπλάττοντος
3628 2359 3890 2417 εἴδωλον.

2240 2446 2401 2520 Κάγὼ
2430 2444 2632 2517 τοίνυν,
2666 2444 2790 2500 ὅταν
2820 2446 2896 2508 εἷς
2956 2448 3018 2501 τὸ
3067 2449 3157 2501 σὸν
3220 2448 3558 2524 μεγαλοφυὲς
3584 2444 3893 2503 ἀποϐλέπω

2238 2534 2329 2588 καὶ
2387 2532 2709 2611 περιδέξιον,
2762 2537 2862 2605 τὴν
2898 2535 3033 2609 ἐμὴν
3084 2536 3511 2609 καταλιμπάνων
3575 2538 3755 2607 σκιὰν,
3796 2540 3896 2606 τήν

2242 2624 2338 2692 σὴν
2372 2621 2572 2700 ἄγαμαι
2604 2624 2933 2699 ὡραιότητα·
2964 2626 3145 2700 ὥσπερ
3177 2624 3243 2696 δὴ
3263 2626 3433 2682 πάλαι
3469 2628 3764 2701 θαυμάζων
3798 2650 3895 2682 σου

2236 2713 2365 2774 τοὺς
2394 2714 2609 2789 τυροὺς,
2641 2718 2733 2768 νῦν
2769 2716 3148 2790 ὑπερηγάσοην
3172 2717 3233 2770 τὸ
3271 2716 3555 2790 βούτυρον.

2308 2808 2436 2865 Τοῖς
2481 2800 2537 2856 δέ
2587 2824 2649 2877 γε
2699 2804 3015 2879 ἀνακτόροις
3065 2801 3127 2858 οὕ
3186 2827 3281 2877 μοι
3337 2802 3547 2874 σπουδή
3601 2801 3896 2879 παραϐάλο

2241 2891 2355 2947 λειν
2410 2897 2648 2954 πυκνῶς·
2708 2890 2796 2947 διὰ
2850 2890 2907 2948 δὲ
2966 2894 3023 2948 σε
3074 2897 3210 2949 κατά
3254 2897 3354 2965 την
3410 2892 3641 2971 τετράδα
3685 2896 3887 2972 ἀφίξο-

2243 3002 2357 3052 μαι.

2307 3074 2415 3139 Τῆς
2448 3066 2708 3141 δουλικῆς
2740 3072 2830 3126 καὶ
2859 3073 3025 3127 ταῦτα
3057 3074 3265 3149 χειρός.

2861 3190 2934 3245 Θ’.
2959 3190 3053 3261 Τῷ
3082 3187 3247 3262 αὐτῷ.

2311 3287 2413 3342 Οἷα
2441 3307 2560 3353 σου,
2616 3292 2838 3360 Καῖσαρ,
2893 3286 2960 3342 τά
2989 3286 3377 3361 ἐνθυμήματαί
3428 3289 3515 3343 οἷα
3547 3286 3603 3343 δὲ
3644 3291 3712 3343 1i
3746 3290 3889 3365 βιου⁸

2239 3372 2483 3447 λεύματα
2528 3382 2626 3443 τῆς
2667 3377 2887 3450 ψυχῆςί
2941 3375 3043 3430 Δύο
3093 3397 3185 3449 μοι
3215 3382 3333 3438 ταῖς
3365 3383 3571 3451 πηγαῖς
3625 3376 3890 3447 ἐξέτεινας

2241 3464 2483 3538 ἀγωγὰς,
2537 3462 2629 3517 ’ίνα
2690 3486 2793 3536 μου
2837 3463 2965 3519 ὅλον
3019 3465 3326 3542 ἐκφορήσῃς
3364 3466 3425 3520 τὸ
3457 3464 3624 3540 ὕδωρ,
3654 3464 3739 3520 i'va
3777 3489 3888 3539 μου

2240 3558 2411 3607 πᾶσαν
2481 3551 2851 3628 ἐκδαπανήσῃς
2918 3555 3017 3623 τὴν
3094 3555 3304 3629 βρύσιν.
3370 3556 3499 3610 Εἶτα
3549 3552 3616 3623 δὴ
3675 3555 3899 3629 ἀγνοεῖς

2243 3641 2324 3696 ὅτι
2370 3642 2635 3696 ἀκένωτον
2679 3641 2793 3718 ἔχω
2845 3644 2906 3698 τὸ
2940 3645 3131 3718 ῥεῦμα,
3160 3644 3273 3715 καὶ,
3306 3644 3429 3698 ὅσον
3482 3642 3539 3697 ἂν
3597 3642 3902 3713 ἐκθηλάζοι

2241 3752 2343 3799 τις,
2400 3735 2654 3785 τοσοῦτον
2712 3731 2839 3794 τοὺς
2871 3732 3075 3807 πόρους
3106 3732 3407 3804 ἀναστομοῖ
3451 3732 3663 3795 καὶτὰς
3692 3729 3905 3806 φλέϐας

2245 3818 2451 3894 εὖρύνει
2506 3822 2641 3895 πρὸς
2688 3821 2787 3889 τὴν
2852 3820 2912 3875 ὲκ
2959 3822 3158 3895 βάθους
3216 3822 3537 3898 ἀπορῥοήνς
3618 3818 3755 3878 Οἶδα
3819 3823 3904 3877 δτι

2246 3906 2414 3970 δεινὸς
2470 3910 2519 3963 εί
2564 3911 2654 3964 καὶ
2704 3910 2838 3985 πρὸς
2896 3916 3068 3964 πᾶσαν
3126 3910 3321 3984 ἀρετὴν
3380 3907 3684 3984 περιδέξιος
3719 3954 3734 3977 ,
3814 3910 3905 3964 καὶ

2250 3996 2434 4072 βούλει
2499 3998 2591 4052 τὸν
2651 3997 3083 4074 ἐγκεκρυμμένον
3142 4020 3237 4071 μοι
3299 3996 3636 4073 μαργαρίτην
3684 3992 3903 4063 λαϐεῖν,

2240 4086 2314 4141 'iv’
2369 4086 2681 4163 εγκολάψῃς
2713 4092 2905 4142 τοῦτον
2938 4087 3024 4142 ἐπὶ
3056 4091 3151 4141 105
3206 4091 3302 4141 σοῦ
3344 4084 3704 4158 διαδήματος.
3741 4086 3822 4140 Σὺ
3852 4085 3906 4140 δέ

2251 4198 2343 4249 μοι
2389 4175 2514 4231 οὐδὲ
2555 4177 2668 4244 ἓνα,
2727 4175 2873 4231 ἀλλᾶ
2930 4176 3176 4238 πολλοὺς
3230 4174 3339 4246 ἤδη
3386 4175 3682 4252 κέκλοφας*
3714 4177 3814 4230 τὸν
3853 4173 3907 4230 δὲ

2248 4288 2310 4340 γε
2376 4267 2593 4339 μείζονα
2643 4266 2871 4339 τούτων,
2926 4266 3015 4320 καὶ
3070 4264 3395 4321 λευκότατον
3454 4265 3549 4338 μὶν
3608 4263 3691 4335 τῷ
3742 4266 3907 4339 χρώ-

2254 4376 2379 4428 ματι
2412 4354 2854 4432 περιφερέστατον
2908 4352 2965 4409 Si
3006 4359 3085 4426 τῷ
3132 4357 3403 4430 σχήματι,
3445 4353 3506 4408 οὐ
3556 4350 3767 4426 δυνήσῃ
3819 4375 3911 4407 πε-

2251 4439 2518 4519 ριλαϐεῖν.
2570 4446 2728 4518 "Exue
2777 4444 2876 4519 γὰρ
2925 4448 3113 4498 τοῦτον
3175 4443 3225 4497 ἐν
3281 4448 3397 4504 τοῖς
3452 4445 3720 4517 ψυχικοῖς
3768 4441 3906 4495 κόλ-

2252 4554 2401 4602 ποις,
2460 4533 2521 4587 οὗ
2566 4534 2641 4605 μὴ
2706 4534 2991 4609 φθάνουσιν
3049 4533 3103 4586 αἱ
3151 4538 3333 4607 χεῖρες
3388 4536 3484 4585 105
3541 4529 3907 4592 κλέπτοντος.

495 4626 785 4681 cumfodis
818 4624 1227 4681 circulariter?
1258 4626 1610 4681 inviolabilis
1636 4644 1767 4681 sum
1788 4628 1843 4681 in
1869 4627 2131 4682 doctrina

2252 4622 2311 4676 Τί
2362 4643 2427 4695 με
2492 4622 2847 4695 περικυκλιῖς
2904 4623 3189 4693 πάντοθεν,
3246 4619 3334 4676 καὶ
3392 4619 3770 4695 περιορύττεις
3814 4619 3910 4674 κύ·

492 4715 793 4769 thesauro.
827 4714 1119 4777 Quantum
1153 4732 1182 4769 e
1215 4719 1386 4785 puteo
1418 4714 1813 4781 hauris,tanto
1844 4715 2143 4787 copiosius

496 4806 786 4860 ﬂuentum
818 4804 1022 4869 efﬁcis,
1047 4803 1269 4859 Eximia
1299 4808 1492 4859 autem
1526 4810 1629 4859 tua
1659 4804 1795 4859 turti
1829 4805 2058 4877 peritia.

570 5074 665 5131 Sol
698 5072 955 5129 naturali
989 5070 1202 5126 virtute
1233 5076 1290 5126 et
1324 5071 1603 5129 facultate
1636 5074 2036 5129 calidissimus
2058 5077 2146 5129 est

498 5167 787 5220 extractor
819 5160 1084 5217 humoris
1118 5160 1556 5217 immensitatis.
1593 5163 1809 5217 Idcirco
1846 5164 1900 5217 in
1930 5180 2058 5217 vere
2091 5166 2149 5217 et

499 5258 697 5307 aestate
728 5250 897 5306 nobis
927 5250 1312 5321 propinquior
1342 5251 1529 5307 factus
1580 5250 1819 5305 attrahit
1869 5252 2144 5306 arborum

501 5342 828 5401 humorem.
860 5343 916 5393 et
962 5338 1292 5394 fructiferas
1341 5338 1472 5394 illas
1520 5340 1733 5395 efﬁcit:
1788 5356 1901 5395 non
1948 5345 2144 5395 autem

503 5430 727 5497 delegat
779 5428 930 5483 luna:
972 5429 1238 5483 eamdem
1287 5428 1641 5484 facultatem.
1692 5430 1777 5484 Tu
1832 5445 1967 5483 vero
2004 5426 2144 5482 mihi

505 5535 670 5572 meus
716 5517 799 5571 sol
854 5523 1017 5571 tuam
1069 5519 1269 5572 lunam
1320 5518 1737 5589 circumegisti,
1788 5522 1843 5572 et
1879 5519 2055 5588 jubcs
2088 5521 2151 5571 ut

504 5608 727 5678 aliquid
761 5608 938 5663 ctiam
973 5609 1103 5679 ipsa
1132 5626 1162 5665 e
1196 5626 1321 5664 meo
1352 5611 1508 5664 fonte
1538 5609 1788 5665 hauriat.
1824 5608 1970 5674 Quid
2004 5606 2149 5661 mihi

507 5711 716 5750 caseus
747 5700 804 5750 et
834 5695 1110 5768 butyrum
1133 5698 1159 5751 ?
1189 5698 1467 5753 illecebrae
1508 5702 1647 5753 sunt
1694 5698 1804 5753 ista
1851 5702 1909 5752 et
1956 5696 2151 5752 viscus

2253 4710 2432 4766 κλωσε
2458 4730 2471 4781 ;
2506 4708 2705 4772 ἄσυλός
2739 4709 2850 4783 εἷ’μι
2876 4712 2965 4765 τὸν
2993 4713 3091 4779 τῆς
3119 4711 3366 4785 γνώσεως
3411 4708 3705 4783 θησαυρόν.
3741 4711 3907 4764 Ὅσον

2255 4800 2530 4877 ἀπαρύττῃ
2582 4804 2680 4855 τοῦ
2750 4797 2999 4877 φρέατος,
3066 4802 3322 4853 τοσοῦτον
3402 4796 3821 4871 πλουσιώτερον
3882 4799 3908 4849 ὁ

2255 4894 2399 4962 νᾶμα
2454 4895 2650 4951 ποιεῖς.
2708 4890 3011 4966 Ὑπερφυὴς
3065 4886 3121 4943 δέ
3180 4909 3274 4942 σου
3329 4888 3415 4942 καὶ
3478 4889 3512 4955 ἡ
3560 4893 3663 4956 τῆς
3689 4885 3913 4954 κλοπῆς

2250 4976 2444 5052 τέχνη.

2327 5067 2382 5117 Ὁ
2422 5065 2584 5134 ἥλιος
2636 5069 2834 5143 φυσικῇ
2882 5061 3104 5138 δυνάμει
3154 5064 3243 5120 καὶ
3294 5064 3577 5140 περιουσία
3637 5066 3912 5138 θερμότα-

2255 5176 2347 5218 τος
2386 5154 2634 5219 ἐλκτικός
2692 5154 2799 5209 ἐστι
2857 5158 2955 5223 τῆς
2984 5154 3033 5210 ἐν
3084 5159 3162 5227 τῷ
3222 5154 3371 5229 βάθει
3426 5154 3756 5229 ὑγρότητος.
3820 5154 3913 5207 ,ιιά

2254 5248 2420 5298 ταῦτα
2447 5242 2602 5319 ἔαρος
2648 5246 2737 5297 καὶ
2788 5246 2977 5319 θέρους
3026 5242 3345 5314 πλησιάζων
3394 5244 3529 5314 ἡμῖν
3564 5239 3789 5295 ἀνέλκει
3820 5244 3912 5305 τήν

2259 5333 2310 5387 ἐν
2385 5338 2498 5395 τοῖς
2577 5329 2818 5408 δένδροις
2884 5330 3091 5406 ἰκμάδα
3164 5333 3253 5386 καὶ
3312 5326 3552 5407 ἔγκαρπα
3592 5330 3661 5383 τά
3718 5328 3913 5401 δένδρα

2258 5428 2423 5477 ποιεῖ·
2486 5422 2546 5476 οὐ
2609 5423 2715 5494 μὴν
2749 5421 3018 5476 ἐπιτάσσει
3069 5422 3157 5476 καὶ
3186 5426 3255 5494 τῇ
3289 5420 3491 5494 σελήνῃ
3521 5420 3624 5486 τὴν
3652 5419 3915 5487 τοιαύτην

2262 5512 2275 5529 η
2324 5512 2333 5531 ι
2649 5511 2658 5525 ς
2948 5513 2959 5526 .
3003 5510 3015 5527 ς
3077 5512 3088 5525 .
3182 5510 3207 5527 ρ.
3460 5509 3473 5524 ς
3568 5509 3579 5523 ι
3722 5510 3735 5525 .

2259 5532 2551 5586 ενεργειαν.
2602 5518 2675 5565 Συ
2708 5510 2763 5565 δέ
2815 5532 2905 5584 μοι
2940 5530 2968 5565 0
3000 5532 3130 5583 εμος
3176 5508 3342 5579 ηλιος
3389 5531 3476 5563 και
3523 5529 3623 5576 την
3675 5528 3779 5575 σην
3824 5528 3914 5561 πεο

2262 5601 2546 5677 ριέστησας
2604 5598 2858 5672 σελήνην,
2908 5601 2995 5655 καὶ
3055 5600 3360 5676 ἐπιτρέπεις
3412 5596 3506 5652 ’ἕνα
3564 5618 3619 5652 τι
3650 5597 3743 5651 καί
3779 5597 3911 5662 αὖτὴ

2262 5690 2366 5745 ἀπὸ
2410 5696 2511 5759 τῆς
2542 5689 2679 5763 ἐμῆς
2711 5696 2896 5764 πηγῆς
2944 5688 3274 5764 ἀπαρύηται.
3331 5688 3390 5742 Τί
3451 5707 3545 5759 μοι
3601 5687 3695 5742 τὸν
3749 5689 3913 5763 τυρὸν
