4056 6346
195 424 224 480 1
240 423 350 481 177

1694 419 2123 482 EPISTOL/E.

3452 429 3608 488 M78

191 557 290 610 καὶ
342 555 404 610 τὸ
463 554 768 630 βούτυρον;
830 551 1173 627 δελεάσματα
1242 557 1410 608 ταῦτα
1465 553 1553 608 ani
1608 553 1709 624 ἷξοὶ
1760 555 1850 609 καὶ

1967 562 2020 615 et
2050 559 2218 627 retia,
2250 563 2314 615 ut
2344 575 2436 616 me
2466 563 2656 617 totum
2686 560 2886 634 capias
2915 564 2972 617 et
3001 561 3119 617 tuis
3144 561 3373 634 laqueis
3419 563 3607 620 invol-

195 646 368 719 πάγαι
430 643 597 716 εἰσὶν⁹
653 641 745 696 ’ἱνα
804 664 869 715 με
926 641 1056 697 ὅλον
1116 644 1363 717 θηράσῃς
1420 643 1507 698 καὶ
1559 649 1672 704 τοῖς
1730 649 1844 704 σοῖς

194 734 556 811 περισφίγξῃς
617 729 880 803 δικτύοις,
938 732 973 801 ἢ
1041 734 1223 808 ὥσπερ
1283 732 1440 806 ἰχθύν
1499 732 1847 807 ὑπεξαγαγὼν

194 827 296 892 τῆς
358 819 652 892 Θαλάσσης,
711 821 746 890 ἢ
800 820 980 896 ὥσπερ
1034 823 1234 892 πτηνὸν
1299 821 1358 876 ἐκ
1384 826 1480 875 τοῦ
1505 821 1661 895 ἀέρος
1694 841 1850 876 κατε-

195 912 422 987 νεγκών.
485 910 607 966 Ἐπὶ
664 909 791 974 τοὺς
844 907 1074 986 ἄρκτους
1132 909 1220 965 καὶ
1277 910 1404 973 τοὺς
1437 907 1732 986 παρδάλεις
1779 914 1848 985 τῇ

198 1003 472 1076 θηρατικῇ
527 1000 697 1074 τέχνῃ
756 1021 852 1054 σου
907 1005 1054 1076 χρῶ·
1113 999 1210 1072 ἐμὲ
1270 999 1326 1054 δὲ
1385 1001 1485 1055 οὐκ
1541 999 1599 1055 ἃν
1656 996 1848 1062 λάϐοις

193 1091 349 1159 ποτὲ,
408 1086 533 1144 οὐδὲ
593 1086 992 1164 διασπαράξεις,
1056 1086 1178 1144 οὕτε
1203 1089 1375 1160 κυσὶν,
1431 1086 1553 1143 οὔτε
1606 1086 1846 1164 δόρασιν.

192 1183 311 1234 Ἵνα
354 1175 412 1232 δὲ
470 1199 556 1232 σοι
582 1177 818 1249 τάληθὲς
853 1181 980 1255 ἐρῶ*
1039 1178 1169 1240 ὅλος
1221 1177 1330 1253 ἐγώ
1390 1199 1473 1234 σοι
1519 1181 1847 1254 τεθήραμαι,

192 1267 284 1320 καί
337 1288 404 1340 με
452 1264 597 1343 ἔχεις
659 1266 710 1321 ἐν
768 1271 886 1329 ταῖς
948 1269 1159 1341 χερσὶν,
1210 1265 1461 1342 ἔμψυχον
1493 1268 1581 1322 καὶ
1612 1266 1718 1337 ἡδὺ
1751 1269 1847 1338 θή-

195 1375 368 1430 ραμα,
420 1357 509 1412 καὶ
543 1355 776 1418 λεαίνεις
835 1356 886 1410 ἐν
942 1363 1061 1418 τοῖς
1119 1354 1326 1425 ὀδοῦσι,
1381 1355 1596 1430 μᾶλλον
1630 1355 1685 1412 δὲ
1718 1355 1845 1411 ὅλον

195 1445 250 1500 ἐν
282 1449 350 1518 τῇ
397 1450 550 1521 ψυχῇ
604 1467 701 1500 σου
760 1445 1111 1521 συνείληφας.
1178 1446 1244 1504 Τί
1303 1448 1404 1523 γὰρ
1463 1447 1735 1522 ἀθήρατόν
1765 1469 1850 1501 σοι

191 1539 304 1590 τῶν
365 1534 510 1608 ἐμῶν
573 1533 844 1611 πέφυκεν;
904 1538 938 1604 ἡ
998 1537 1193 1610 ψυχής
1242 1538 1316 1608 μή
1376 1540 1537 1590 τοῦτο
1569 1534 1847 1597 εἷ’ποιτις’

195 1624 347 1680 ἀλλὰ
400 1622 711 1701 διαρῥαγείη
767 1623 1146 1698 ψευδόμενοςο
1195 1629 1230 1695 ἡ
1269 1625 1531 1700 γλῶσσα;
1590 1624 1709 1681 ἰδού
1764 1647 1847 1680 σοι

195 1713 400 1784 ταύτην
462 1714 684 1769 ἐκτείνω
751 1715 804 1768 ἒν
854 1714 1059 1790 λόγοις,
1123 1714 1174 1769 ἐν
1233 1713 1565 1783 ἐπιστολαῖς,
1627 1714 1678 1770 ἐν
1723 1737 1849 1789 συγ-

193 1802 536 1878 γράμμασιν·
600 1803 645 1858 si
707 1800 763 1858 δὲ
820 1803 1029 1878 βούλει,
1062 1805 1148 1858 καὶ
1201 1804 1363 1878 τὲμνε
1409 1806 1496 1859 καὶ
1560 1806 1851 1880 σπάραττε·

1956 647 2173 720 vas,vel
2206 654 2272 703 ut
2301 649 2525 721 piscem
2557 667 2586 706 e
2618 649 2766 706 mari
2797 652 3079 717 educens,
3101 651 3187 706 vel
3223 656 3286 706 ut
3315 651 3610 708 volucrem

1958 752 2028 792 ex
2049 753 2181 793 aere
2203 737 2594 794 dimittens.In
2621 755 2790 795 ursos
2811 743 2866 794 et
2891 738 3210 810 pantheras
3234 740 3612 796 tuavenatica

1960 831 2082 882 arte
2104 832 2301 896 utere;
2335 844 2424 883 me
2445 833 2640 884 autem
2668 845 2971 900 nunquam
3009 828 3202 901 capies
3227 833 3282 884 et
3303 846 3608 900 nunquam

1959 916 2311 972 dilacerabis
2333 934 2523 988 neque
2542 918 2790 973 canibus
2814 934 3003 988 neque
3027 917 3258 973 telis.Ut
3287 923 3483 974 autem
3503 918 3613 973 tibi

1958 1022 2092 1061 vera
2123 1007 2345 1075 dicam;
2379 1010 2540 1062 totus
2573 1023 2678 1078 ego
2710 1023 2744 1062 a
2772 1011 2827 1062 te
2859 1010 3068 1078 captus
3098 1023 3254 1076 sum,
3300 1011 3358 1062 et
3405 1024 3499 1062 me
3551 1007 3610 1062 in

1960 1095 2235 1150 manibus
2264 1095 2468 1163 habes,
2492 1096 2782 1150 viventem
2817 1100 2873 1150 et
2893 1095 3222 1166 jucundam
3254 1097 3532 1167 pmdam,
3559 1101 3618 1150 et

1959 1183 2236 1240 dentibus
2262 1183 2536 1251 dilanias,
2564 1184 2684 1240 imo
2727 1201 2863 1240 vero
2911 1189 3102 1240 totum
3153 1184 3212 1239 in
3264 1190 3458 1241 mente
3509 1190 3611 1240 tua

1960 1273 2432 1344 comprehendis.
2464 1274 2611 1337 Quid
2645 1275 2800 1329 enim
2835 1289 3100 1330 meorum
3135 1273 3242 1328 tibi
3276 1291 3393 1329 non
3447 1273 3617 1329 facile

1960 1366 2132 1430 captu
2165 1367 2357 1434 potest
2386 1362 2560 1418 esse?
2592 1379 2664 1417 an
2700 1366 2907 1418 mens?
2936 1379 3008 1417 ne
3037 1361 3172 1434 quis
3201 1362 3259 1417 id
3293 1364 3471 1433 dicat,
3514 1364 3612 1418 sed

1961 1450 2154 1520 potius
2184 1451 2592 1523 disrumpatur
2641 1452 3013 1520 mentiendo;
3066 1469 3139 1506 an
3182 1451 3436 1523 lingua?
3484 1467 3616 1507 ecce

1962 1538 2065 1594 tibi
2095 1539 2256 1594 illam
2289 1539 2517 1612 praebeo
2547 1540 2607 1595 in
2634 1539 2846 1608 verbis,
2879 1539 3169 1612 epistolis,
3204 1540 3440 1611 scriptis
3494 1556 3508 1595 :
3565 1539 3616 1594 si

1961 1645 2094 1684 vero
2127 1628 2290 1697 velis,
2329 1629 2480 1684 hanc
2513 1645 2645 1685 seca
2675 1635 2732 1685 et
2761 1629 3017 1684 dilacera
3050 1646 3063 1683 :
3099 1647 3171 1684 an
3206 1629 3462 1684 manus?
3513 1629 3616 1684 sed

1960 1718 2068 1773 tibi
2101 1718 2521 1773 ministrabant
2547 1723 2604 1774 et
2630 1717 2756 1773 istae
2790 1717 3047 1790 plurima
3077 1721 3136 1774 et
3165 1719 3421 1773 maxima
3443 1733 3616 1773 enco-

1964 1807 2114 1876 mia;
2149 1824 2220 1862 an
2249 1807 2475 1879 pedes?
2505 1808 2607 1863 sed
2639 1809 2920 1879 insequar
2948 1811 3006 1863 te
3038 1823 3389 1878 quocunque
3418 1807 3616 1863 volue-

195 1894 250 1946 αἱ
310 1898 534 1968 χεῖρες;
615 1891 760 1948 ἀλλὰ
836 1891 1222 1964 διακονήσουσί
1291 1915 1374 1949 σοι
1428 1894 1516 1950 καὶ
1575 1894 1731 1949 αὗται
1788 1895 1852 1948 τὰ

273 1980 334 2000 “
363 1983 375 1998 \
513 1983 526 2000 ς
719 1979 760 2000 I‘
865 1981 880 2000 ν
985 1984 995 2000 1
1203 1984 1215 2000 α
1310 1982 1356 2000 IK
1503 1983 1616 2000 ’ἷκε
1653 1980 1701 2000 ’11
1841 1984 1852 2000 Ι

1967 1898 2064 1963 ris,
2098 1898 2158 1953 in
2191 1897 2460 1965 collibus,
2492 1897 2550 1952 in
2586 1898 2800 1969 planis,
2835 1899 2894 1952 in
2926 1896 3268 1953 summitate
3301 1896 3617 1959 montium,

273 1980 375 2037 λλι
513 1983 526 2002 ε
719 1979 772 2036 ιλ
865 1981 880 2000 ν
985 1984 995 2002 ρ
1121 2002 1132 2016 _
1203 1984 1217 2024 τ
1310 1982 1356 2002 ιλ
1444 2003 1454 2014 ⁸
1503 1983 1545 2002 μ
1603 1980 1677 2015 ,τι
1841 1984 1852 2002 ρ

194 2003 267 2036 πο
354 2004 386 2036 α
442 2004 528 2037 και
595 2003 736 2057 μεγα
778 2005 810 2037 α
861 2003 1113 2058 εγκωμια
1169 2005 1221 2037 ο.
1253 2003 1414 2046 ποοες
1445 2029 1457 2054 ,
1494 1984 1600 2039 αλλ
1651 1988 1852 2058 εψομαι

195 2092 282 2126 σοι
343 2070 452 2143 ὅπη
513 2093 595 2126 σοι
649 2069 946 2148 βουλητὸν,
1002 2073 1053 2126 ἐν
1082 2071 1367 2150 γελόφοις,
1402 2072 1452 2127 ἐν
1483 2071 1765 2149 γηπέὃοις,
1798 2072 1848 2127 ἐν

193 2160 379 2234 ὕψεσιν
442 2161 606 2235 ὀρῶν,
660 2159 712 2214 ἐν
777 2161 966 2236 βάθεσι
1023 2163 1148 2236 γῆς.
1209 2161 1398 2224 Οὕτως
1446 2159 1592 2238 ἔχεις
1626 2183 1690 2236 με
1723 2162 1851 2218 ὅλον

194 2245 407 2307 λαϐών.
449 2249 605 2306 Ἀλλ’
655 2249 754 2325 ὅρα
815 2252 890 2323 μὴ
952 2249 1264 2323 πλεονεξίαν
1307 2253 1334 2306 ὁ
1387 2249 1726 2313 δικαιότατος
1758 2250 1852 2326 ἐγ-

192 2336 431 2411 κληθῇς.
495 2339 746 2411 Σήμερον
806 2337 909 2412 γὰρ
960 2340 994 2406 ἡ
1056 2337 1390 2413 Καισάρισσά
1450 2360 1516 2410 με
1557 2341 1850 2413 τεθήρακεν

198 2427 383 2502 ὥσπερ
444 2424 654 2481 δελέατι
727 2431 876 2502 τυρῷ
934 2429 1024 2480 καὶ
1087 2428 1379 2501 ἀρτιπαγεῖ
1422 2427 1690 2501 γάλακτι.
1755 2429 1851 2482 Καὶ

197 2516 306 2591 γὰρ
369 2521 624 2591 θηρῶμαι
684 2515 902 2577 τούτοις
963 2516 1036 2577 ὡς
1089 2514 1314 2587 ἀληθῶς
1364 2517 1453 2570 καὶ
1487 2515 1680 2590 λίχνος
1737 2517 1852 2590 εἷμὶ

194 2605 260 2658 τὸ
321 2605 539 2679 βρῶμα,
593 2603 706 2673 καὶ,
739 2605 898 2674 ἡνίκα
951 2603 1053 2659 ἷίδω
1077 2606 1139 2659 τὸ
1169 2607 1473 2682 γνώρισμα,
1509 2605 1664 2669 εὐθὺς
1695 2626 1847 2680 περι-

199 2693 380 2769 χαίνω
429 2694 519 2748 καὶ
584 2694 646 2748 τὸ
697 2695 987 2768 ἄγκιστρον
1036 2694 1340 2770 περιπείρει
1394 2715 1461 2766 με
1515 2695 1604 2750 καὶ
1658 2696 1855 2772 ἀναρτᾷ

201 2805 270 2856 με
317 2781 378 2837 ἐκ
402 2787 498 2837 τοῦ
549 2781 776 2855 λαιμοῦ.
830 2784 922 2852 Μὴ
976 2783 1155 2838 τοίνυν
1222 2805 1326 2856 μου
1375 2781 1734 2859 διασπαράξῃς
1759 2786 1851 2840 τὸν

201 2869 394 2944 λόγον,
452 2869 487 2938 ἢ
554 2867 772 2943 μᾶλλον
837 2871 912 2944 μή
974 2870 1294 2950 σφετερίσῃς
1347 2869 1484 2943 ὅλην
1537 2874 1634 2942 τήν
1665 2875 1850 2947 ἄγραν·

199 2958 353 3014 ἀλλὰ
383 2956 626 3023 διὲλεσθέ
679 2981 774 3033 μοι
802 2961 901 3029 τὴν
933 2963 1101 3034 θήραν
1149 2957 1470 3040 ἀμφότεροι.
1525 2962 1621 3016 Καὶ
1655 2961 1716 3017 σὺ
1758 2964 1852 3036 μὶν

193 3049 414 3114 καὶτῆς
447 3047 653 3112 ἐννοίας
699 3049 972 3126 ἀπογεύσῃ
1024 3051 1112 3105 καὶ
1156 3055 1256 3117 τῆς
1305 3051 1524 3122 λέξεως’
1580 3055 1649 3125 τῇ
1707 3049 1763 3107 δὲ
1792 3074 1855 3129 γε

196 3135 308 3210 ἐμῇ
341 3133 617 3194 δεσπότιδι
664 3136 960 3211 μεταδίδου
1014 3143 1120 3193 τῶν
1180 3142 1278 3209 τῆς
1319 3139 1619 3210 ἐπιπολῆς
1650 3141 1857 3215 νοημά-

194 3247 330 3295 των,
387 3226 478 3281 ἳνα
539 3249 630 3301 μοι
662 3228 753 3282 καὶ
785 3227 919 3298 αὕτη
960 3229 1205 3304 μετάσχῃ
1233 3235 1333 3299 τῆς
1363 3234 1471 3284 τῶν
1504 3228 1686 3306 λόγων
1716 3228 1851 3306 γλυ-

1961 1988 2021 2042 in
2053 1992 2218 2042 terras
2247 1987 2607 2060 gurgitibus.
2643 1987 2728 2043 Ita
2757 1991 2947 2042 totum
2981 2003 3074 2041 me
3123 1989 3361 2057 captum
3413 1984 3616 2040 habes.

1960 2076 2073 2131 Sed
2139 2093 2277 2132 cave
2335 2094 2408 2132 ne
2461 2077 2717 2132 avaritiae
2776 2075 3156 2146 justissimus
3221 2073 3606 2130 insimuleris.

1962 2165 2144 2221 Hodie
2214 2167 2369 2220 enim
2420 2165 2735 2220 Caesarissa
2787 2181 2876 2220 me
2924 2169 3133 2220 venata
3197 2169 3285 2219 est
3333 2169 3615 2234 tanquam

1962 2254 2240 2309 illecebra
2304 2271 2472 2310 caseo
2522 2261 2578 2310 et
2627 2271 2828 2310 recens
2891 2270 3096 2326 presso
3161 2252 3331 2308 lacte.
3382 2252 3616 2308 Etenim

1963 2349 2170 2415 captus
2201 2359 2330 2399 sum
2364 2343 2496 2399 istis
2529 2349 2814 2409 revera,et
2849 2342 3054 2398 avidus
3087 2359 3218 2397 sum
3249 2342 3624 2410 ciborum,'_et

1963 2438 2031 2487 ut
2059 2433 2226 2488 video
2259 2450 2380 2488 rem
2413 2433 2716 2501 eximiam,
2747 2433 2949 2487 statim
2983 2449 3082 2488 ore
3111 2431 3274 2486 inhio
3300 2437 3357 2486 et
3405 2431 3620 2486 hamus

1965 2539 2058 2577 me
2089 2523 2300 2594 pungit
2329 2527 2386 2577 et
2415 2527 2653 2594 gutture
2681 2538 3039 2593 suspensum
3073 2525 3248 2576 tenet.
3302 2525 3386 2575 Ne
3440 2519 3625 2593 igitur

1965 2627 2160 2666 meum
2195 2627 2523 2667 sermonem
2558 2610 2866 2677 dilaceres,
2889 2609 2978 2666 vel
3007 2610 3202 2682 potius
3236 2626 3308 2664 ne
3356 2611 3613 2681 praedam

1963 2705 2149 2756 totam
2181 2704 2344 2755 tuam
2378 2699 2578 2768 facias;
2609 2701 2710 2756 sed
2742 2699 2887 2755 mihi
2920 2701 3094 2755 ambo
3125 2699 3495 2755 venationem
3532 2699 3616 2753 di-

1964 2789 2258 2845 vidite.Tu
2290 2790 2530 2861 quidem
2563 2789 2916 2861 coigtatione
2964 2794 3021 2844 et
3067 2788 3321 2843 dictione
3369 2786 3616 2854 frueris;

1963 2895 2105 2934 mea:
2139 2884 2332 2935 autem
2367 2879 2614 2934 domina
2646 2879 2840 2934 tribue
2870 2878 3130 2950 epistolae
3163 2876 3509 2942 sententias,
3556 2879 3622 2929 ut

1965 2967 2110 3023 mihi
2140 2974 2198 3023 et
2229 2968 2358 3040 ipsa
2389 2969 2684 3039 particeps
2725 2968 2828 3022 liat
2878 2981 3217 3021 sermonum
3273 2963 3618 3030 suavitatis;

1963 3062 2022 3112 et
2041 3056 2357 3128 voluptatis
2379 3058 2568 3127 gratia
2590 3055 2806 3127 saepius
2830 3071 2922 3110 me
2956 3053 3155 3108 venari
3191 3050 3351 3107 velit.
3384 3051 3622 3106 Gaudeo

1964 3147 2123 3202 enim
2154 3162 2290 3202 eum
2322 3162 2424 3201 vos
2452 3159 2545 3200 me
2574 3149 2901 3214 venantur;
2933 3159 3036 3199 vos
3060 3142 3218 3198 enim
3242 3140 3417 3197 verba
3442 3156 3624 3196 vacua

1965 3239 2022 3290 et
2050 3234 2309 3290 volantia
2337 3234 2396 3288 in
2430 3232 2708 3289 manibus
2739 3232 2991 3301 habetis,
3023 3247 3130 3303 ego
3160 3246 3292 3285 vero
3341 3230 3621 3302 butyrum

195 3316 453 3386 κύτητος’
512 3317 600 3370 καὶ
649 3320 751 3382 τῆς
807 3315 1013 3388 ἡδονῆς
1068 3317 1225 3373 ’ἑνεκα
1265 3318 1540 3381 πολλάκις
1589 3340 1657 3393 με
1686 3322 1853 3394 θηρᾷν
1888 3307 1930 3374 C
1971 3328 2027 3378 et
2056 3340 2279 3380 caseos.

204 3403 489 3480 βούλοιτο.
525 3406 712 3480 Χαίρω
744 3406 844 3481 γαρ
879 3408 1202 3484 θηρώμενος
1231 3415 1358 3484 παρ’
1393 3411 1565 3484 ὑμῶν·
1603 3410 1758 3483 ὑμεῖς
1784 3410 1882 3485 γὰρ
1925 3409 2123 3486 λόγους
2156 3411 2348 3473 κενοὺς
2380 3410 2468 3465 καὶ
2500 3410 2823 3485 πτερόεντας
2855 3407 2905 3464 ἐν
2937 3412 3055 3470 ταῖς
3089 3407 3275 3482 χερσὶν
3300 3403 3474 3483 ἔχετε,
3509 3406 3614 3482 ἐγὼ

201 3492 263 3549 δὲ
299 3493 539 3570 βούτυρα
569 3495 660 3550 καὶ
690 3497 908 3571 τυρούς.

833 3623 887 3676 1'.
923 3625 1017 3694 Τῷ
1048 3624 1222 3696 αὐτῷ.

276 3708 577 3784 Ἕγραψας,
633 3711 678 3766 εἷ
731 3709 819 3765 καὶ
874 3713 950 3784 μὴ
1011 3715 1080 3784 τῇ
1115 3713 1286 3788 χειρὶ,
1320 3711 1466 3768 ἀλλᾶ
1491 3717 1560 3787 τῇ
1593 3717 1771 3790 ψυχῇ.
1798 3716 1854 3767 '0

248 3798 301 3820 λ,
567 3801 580 3818 η
748 3801 759 3818 .
1059 3802 1072 3820 ε
1145 3802 1158 3820 ,
1266 3797 1333 3820 ρ..
1465 3802 1482 3820 ν.
1640 3804 1650 3820 ι
1811 3804 1824 3820 ς

199 3798 307 3873 γὰρ
341 3801 625 3876 χαρακτήρ
656 3801 938 3876 γνώριμος
982 3802 1074 3855 καὶ
1134 3797 1377 3878 ἀκριϐῶς
1438 3802 1752 3876 εἰκασμένος
1781 3804 1856 3865 εἷς

199 3887 267 3940 τὸ
298 3888 679 3960 πρωτότυπον.

274 3977 411 4031 Εἶτα
471 3976 522 4031 ἐν
577 3982 656 4048 τῷ
711 3978 786 4050 μὴ
822 3976 1196 4049 ἐμπιπλᾶσθαί
1227 4001 1284 4034 σε
1311 3983 1419 4033 τῶν
1450 3977 1595 4047 ἐμῶν
1647 3978 1854 4056 λόγῶν,

202 4062 350 4138 μηδὲ
405 4068 750 4141 κορέννυσθαι
799 4074 900 4136 τῆς
951 4067 1181 4138 τούτων,
1242 4068 1315 4130 ὡς
1359 4068 1603 4146 γράφεις.
1652 4067 1857 4145 γλυκύ-

193 4175 388 4224 τητος,
441 4155 596 4209 αὐτοὶ
645 4159 940 4228 καθιοῦμεν
999 4155 1450 4232 ἀνθολογοῦντες,
1503 4159 1617 4227 ἀεὶ,
1674 4159 1854 4234 ὥσπερ

196 4244 254 4298 αἱ
314 4241 588 4316 μέλισσαι,
639 4247 856 4314 χαίτην
914 4250 1012 4300 τοῦ
1064 4245 1292 4318 μέλιτος
1345 4247 1594 4323 ἐργασίαν
1643 4247 1854 4325 ἐξεργα-

200 4333 448 4405 ζόμενον
487 4331 613 4388 ἀλλ’
641 4333 686 4388 εἷ
717 4335 807 4388 καὶ
910 4334 1150 4398 θάλασσα
1177 4337 1275 4391 οὐκ
1324 4333 1465 4390 ἔστιν
1499 4335 1854 4410 ἐμπιπλαμὲα-

197 4443 296 4492 νη,
329 4422 467 4476 κατὰ
507 4422 601 4477 τὸν
649 4422 908 4497 εἰρηκότα
957 4425 1144 4503 σοφὸν,
1198 4429 1413 4482 πάντων
1451 4431 1561 4480 τῶν
1591 4432 1850 4500 ποταμῶν

199 4511 283 4572 εἷς
317 4511 482 4580 αὑτήν
518 4511 1001 4588 ἀπερρευγομὲνων
1035 4515 1100 4568 τὰ
1145 4513 1405 4589 ῥεύματα,
1455 4513 1582 4570 ἀλλ’
1614 4516 1718 4570 ἀπὸ
1746 4521 1853 4570 τῶν

199 4600 350 4676 ὀρῶν
386 4600 464 4654 ἀεὶ
496 4607 788 4675 προχεῖται
818 4603 886 4656 τὰ
917 4603 1128 4675 νάματα
1174 4604 1349 4658 καὶτὸ
1378 4611 1477 4673 τῆς
1513 4604 1673 4680 ὑγρᾶς
1725 4605 1851 4659 ἀκό-

201 4709 398 4765 ρεστον
431 4689 539 4764 οὐχ
569 4690 691 4759 ἱστᾷ
717 4695 827 4745 τῶν
857 4696 1119 4764 ποταμῶν
1147 4693 1248 4761 τήν
1279 4694 1468 4768 φοράν.

280 4778 351 4834 Οἱ
411 4779 504 4850 μὲν
564 4778 654 4832 οὗν
720 4780 1004 4850 Ἀθηναῖοι
1066 4781 1236 4835 πάλαι
1306 4782 1408 4836 ὑπὸ
1475 4786 1572 4836 τοῦ
1640 4781 1861 4856 Δαρείου

199 4867 346 4921 κατὰ
416 4868 514 4936 τὴν
588 4865 809 4941 ἤπειρον
873 4867 1314 4943 πολεμούμενοι,
1373 4871 1461 4925 καὶ
1521 4870 1862 4934 ἀνθίστασθαι

200 4956 347 5031 πρὸς
396 4955 491 5019 τὰς
549 4954 806 5031 χιλιάδας
861 4956 1064 5013 ἐκείνου
1108 4959 1196 5013 καὶ
1233 4957 1499 5035 μυριάδας
1534 4960 1609 5033 μή
1645 4959 1860 5035 ἐξισχύ-

204 5065 383 5114 οντες,
441 5044 731 5100 ὰπὲνευσαν
787 5045 863 5108 εἷς
921 5048 1020 5116 τὴν
1055 5046 1353 5119 θάλασσαν,
1409 5049 1496 5104 καὶ
1529 5048 1680 5104 ναυσὶ
1717 5068 1860 5125 χρη-

202 5136 438 5206 σάμενοι
479 5135 578 5202 τήν
635 5135 906 5210 σωτηρίαν
953 5134 1265 5194 διαπόντιον
1326 5134 1580 5212 εὕραντοσ
1643 5137 1746 5213 ἐγὼ
1805 5135 1862 5192 δὲ

202 5224 318 5278 ποῦ
363 5223 561 5300 φύγω;
607 5229 706 5278 ποῖ
751 5223 1044 5298 τράπωμαι
1076 5247 1090 5296 ;
1122 5229 1382 5291 πάντοθεν
1441 5228 1632 5303 πάγαι,
1667 5226 1863 5282 πάντο-

204 5315 298 5366 θεν
367 5314 629 5388 Οήρατρα.
691 5311 962 5369 Ἐκκλίνω
1015 5316 1153 5391 πρὸς
1193 5320 1329 5392 γῆν·
1390 5315 1518 5372 ἀλλ’
1586 5316 1740 5378 εὐθύς
1795 5337 1861 5389 με

202 5404 439 5475 Θηρᾶται
487 5402 553 5456 τὰ
604 5401 861 5478 βούτυρα,
924 5403 1218 5477 ἀποτέμνει
1285 5427 1377 5479 μοι
1409 5407 1508 5473 τήν
1545 5402 1668 5459 ὁδὸν
1699 5405 1766 5460 τά
1796 5405 1862 5459 σὰ

294 5490 305 5508 ι
574 5491 587 5508 ς
804 5488 842 5510 r‘
1025 5497 1042 5516 ,ν
1134 5491 1157 5510 κ
1215 5495 1223 5510 ι
1463 5495 1476 5510 κ
1619 5494 1629 5512 I

202 5511 444 5563 ποιμνια
500 5511 590 5544 και
653 5491 919 5563 βουκοΛια
955 5538 966 5548 .
1047 5499 1323 5568 Εκοραμω
1381 5514 1517 5569 προς
1570 5492 1858 5556 θαλασσαν·

207 5578 361 5635 ἀλλὰ
412 5574 570 5653 βαϐαὶ
602 5586 703 5648 τῆς
754 5584 862 5633 τῶν
920 5580 1124 5656 ἰχθύων
1180 5589 1346 5661 φορᾶς
1376 5585 1387 5639 !
1422 5583 1580 5645 αὐτός
1612 5603 1705 5656 μοι
1734 5582 1859 5638 τού-

205 5689 320 5723 των
383 5668 411 5721 ὁ
467 5669 752 5742 κράτιστος
786 5667 991 5740 ἀπαντᾷ
1018 5668 1276 5745 τύραννος
1305 5672 1395 5727 καὶ
1457 5669 1575 5726 δυσὶ
1634 5670 1862 5734 κύκλοις

209 5749 613 5830 περιλαμϐάνει
677 5753 948 5831 μεῶσπερ
980 5756 1090 5813 τισὶ
1139 5760 1324 5836 κέρασι
1371 5765 1468 5817 τοῦ
1524 5757 1666 5816 ἷδίου
1698 5781 1857 5837 στρα-

2624 3629 2698 3682 Χ.
2733 3625 2943 3680 Eidem.

2035 3717 2354 3791 Scripsisti,
2387 3717 2438 3774 si
2476 3735 2592 3774 non
2641 3724 2746 3772 tua
2795 3730 2996 3780 manu,
3046 3716 3200 3768 certe
3250 3716 3353 3766 tua
3401 3714 3617 3781 mente,

1965 3809 2264 3882 exemplar
2293 3807 2449 3865 enim
2482 3808 2644 3864 nosci
2674 3805 2842 3862 facile
2875 3809 2966 3860 est
2995 3808 3053 3858 et
3101 3801 3367 3873 apprime
3416 3817 3478 3856 se
3527 3816 3618 3854 re-

1966 3899 2077 3954 fert
2106 3899 2178 3954 ad
2212 3903 2607 3971 prototypum.

2036 3987 2257 4043 Deinde
2286 4003 2352 4043 eo
2384 3987 2540 4059 quod
2575 4002 2686 4041 non
2721 3983 2941 4039 nostris
2973 3979 3346 4038 sermonibus
3376 3977 3620 4049 implea-

1967 4076 2069 4146 ris,
2105 4093 2293 4148 neque
2322 4075 2553 4132 satieris
2598 4073 2860 4144 illorum,
2909 4075 2974 4126 ut
3021 4068 3255 4135 scribis,
3307 4066 3616 4130 suavitate,

1966 4183 2072 4220 nos
2097 4165 2395 4237 pergimus
2418 4165 2590 4219 ﬂores
2611 4179 2845 4234 semper
2866 4160 3231 4229 colligentes,
3263 4155 3422 4210 velut
3454 4170 3620 4224 apes,

1965 4261 2021 4310 et
2051 4253 2241 4309 mellis
2273 4252 2640 4309 fabricationi
2674 4255 2968 4307 vacantes.
3001 4247 3112 4304 Sed
3146 4244 3257 4301 etsi
3289 4259 3449 4299 mare
3499 4259 3614 4297 non

1963 4344 2276 4417 impletum
2309 4344 2576 4414 sit,juxta
2601 4340 2889 4413 sapientis
2920 4338 3168 4401 dictum,
3201 4332 3478 4390 omnibus
3510 4336 3622 4387 ﬂu-

1964 4434 2226 4490 minibus
2256 4433 2316 4488 in
2351 4431 2496 4488 illud
2532 4431 2830 4487 undarum
2861 4429 3083 4484 ﬂuenta
3113 4421 3541 4491 deferentibus,
3586 4437 3617 4475 e

1963 4524 2264 4579 montibus
2279 4527 2474 4579 autem
2489 4535 2722 4592 semper
2733 4519 2931 4575 eﬁ'und
2942 4515 3404 4578 unturfontes,et
3418 4510 3624 4566 humo-
3681 4558 3687 4562 .

1963 4612 2332 4668 risinsatiata
2353 4610 2598 4667 aviditas
2609 4626 2724 4664 non
2744 4607 2964 4664 detinet
2978 4605 3292 4661 ﬂuminum
3307 4600 3595 4656 tributum
3610 4639 3623 4652 .

1891 4700 1936 4764 D
2035 4700 2421 4755 Athenienses
2484 4698 2668 4769 igitur
2737 4695 2879 4751 olim
2950 4694 3062 4750 sub
3129 4691 3301 4746 Dario
3367 4688 3427 4742 in
3483 4703 3628 4742 con-

1971 4789 2192 4842 tinente
2223 4786 2534 4848 bellantes,
2567 4789 2624 4840 et
2656 4782 2930 4839 resistere
2958 4785 3045 4835 tot
3095 4778 3358 4833 millibus
3405 4780 3464 4832 et
3498 4790 3624 4843 my-

1975 4875 2242 4930 riadibus
2301 4874 2602 4946 copiarum
2657 4874 2786 4943 ejus
2840 4887 2956 4925 non
3004 4866 3286 4936 valentes,
3338 4866 3410 4920 ad
3464 4877 3626 4918 mare

1971 4963 2410 5018 declinaverunt
2439 4968 2498 5018 et
2527 4962 2779 5017 navibus
2807 4962 3040 5014 utentes
3073 4955 3324 5012 salutem
3356 4953 3415 5007 in
3450 4949 3625 5006 undis

1971 5051 2320 5108 invenerunt
2355 5067 2368 5106 :
2403 5067 2509 5124 ego
2540 5067 2669 5106 vero
2703 5066 2818 5121 quo
2851 5045 3108 5120 fugiam?
3127 5060 3241 5116 quo
3276 5057 3367 5096 me
3397 5037 3627 5094 vertar?

1972 5141 2191 5212 ubique
2213 5139 2430 5212 laquei,
2455 5139 2673 5211 ubique
2695 5136 2944 5192 insidiae.
2976 5135 3059 5190 Ad
3083 5138 3300 5188 terram
3327 5127 3622 5199 confugio;

1970 5232 2072 5287 sed
2104 5230 2305 5287 statim
2340 5245 2432 5285 me
2463 5233 2712 5284 venatur
2741 5227 3045 5296 butyrum,
3076 5222 3230 5277 viam
3283 5216 3429 5272 mihi
3477 5233 3624 5288 prae-

1971 5319 2222 5375 cludunt
2250 5324 2362 5373 tuae
2394 5334 2602 5390 greges
2632 5323 2689 5371 et
2715 5315 2992 5387 pecudes.
3023 5312 3107 5367 Ad
3139 5325 3297 5366 mare
3346 5321 3623 5373 recurro;

1957 5410 2097 5474 sed,
2131 5426 2163 5462 ο
2192 5407 2442 5480 piscium
2476 5402 2798 5476 impetum!
2833 5403 2957 5474 ipse
2989 5400 3133 5457 mihi
3179 5393 3630 5471 potentissimus

1972 5513 2070 5551 rex
2106 5494 2343 5551 illorum
2393 5490 2649 5548 occurrit
2696 5495 2754 5547 et
2804 5490 3036 5545 duobus
3086 5484 3328 5542 orbibus
3373 5498 3468 5536 me
3517 5481 3631 5534 cir-

1971 5585 2213 5640 cumdat
2242 5589 2525 5654 tanquam
2559 5581 2650 5636 sui
2683 5580 2971 5635 exercitus
2993 5571 3427 5633 cornibus.Scis
3450 5567 3633 5640 igitur

1971 5675 2111 5745 quid
2161 5674 2412 5728 faciam?
2455 5670 2538 5724 Ad
2591 5686 2728 5724 aera
2771 5666 2977 5723 volabo
3028 5671 3087 5721 et
3138 5662 3357 5721 aethera
3402 5657 3632 5714 habebo

1973 5762 2399 5830 auxiliatorem;
2433 5775 2548 5814 non
2582 5757 2740 5814 enim
2772 5772 3084 5830 passerum
3115 5755 3320 5810 contra
3349 5764 3442 5804 me
3470 5759 3629 5803 nunc
