4056 6346
473 313 625 375 1179

1806 320 2224 386 MIGHAELIS
2269 319 2538 381 PSELL]

3722 319 3881 379 1180

474 450 657 509 aciem
709 454 1031 523 ordinabis,
1084 473 1218 512 nam
1272 456 1417 515 istos
1462 458 1686 516 detinet
1735 458 2106 533 quadraginta

2236 452 2525 525 τεύματος.
2559 450 2722 507 Οἶσθα
2752 450 2842 506 οὖν
2875 451 2903 505 ’ὁ
2934 452 3185 521 ποιήσω;
3217 452 3497 524 πτήσομαι
3556 450 3695 526 πρὸς
3752 450 3881 523 ἀέρα

473 541 701 597 dierum
736 543 1127 600 intervallum.

544 809 671 865 Hac
702 825 877 866 servae
909 816 1021 867 tua:
1054 814 1289 885 mentis,
1323 814 1370 870 si
1404 833 1519 871 non
1552 833 1780 872 manus.

1117 933 1213 982 Xl.
1250 930 1466 986 Eidem.

540 1023 657 1094 Ego
690 1024 923 1094 quidem
955 1026 1290 1095 timueram,
1324 1031 1575 1086 maxime
1602 1031 1813 1098 Caesar,
1849 1046 2113 1086 mearum

471 1110 855 1182 epistolarum
886 1115 1104 1172 formas
1134 1118 1463 1188 ostendere,
1494 1120 1913 1175 erubesceham
1963 1120 2117 1176 enim

469 1199 685 1269 dehis,
734 1206 1013 1274 tanquam
1066 1222 1181 1260 non
1232 1206 1585 1263 habentibus
1631 1208 1959 1264 naturalem
2013 1224 2117 1263 nec

470 1289 837 1347 adscititiam
867 1292 1388 1364 pulchritudinem.
1420 1297 1566 1351 Cum
1632 1300 1828 1353 autem
1875 1297 1936 1352 in
1987 1297 2117 1352 illas

469 1382 670 1433 contra
702 1397 867 1452 spem
900 1383 1214 1453 adamasti,
1248 1388 1305 1440 et
1353 1386 1496 1440 mihi
1535 1387 1774 1443 suasisti
1826 1392 1891 1441 ut
1938 1403 2117 1442 novas

468 1467 702 1523 ederem
734 1469 1049 1540 fetus,ecce
1080 1472 1187 1527 tibi
1219 1473 1412 1544 palam
1447 1477 1726 1547 pudorem
1749 1492 1982 1531 omnem
2014 1477 2116 1531 de-

471 1571 645 1626 pono,
678 1562 737 1612 et
768 1558 1268 1629 pulchritudinem
1302 1568 1550 1632 ostento,
1583 1568 1640 1619 et
1666 1564 1826 1619 velut
1856 1565 2117 1620 medicus

472 1660 641 1714 pavo,
672 1645 769 1701 ille
796 1646 1033 1718 elegans
1064 1656 1121 1704 et
1150 1650 1459 1707 familiaris
1492 1652 1880 1717 volucris,tibi
1912 1670 2115 1708 earum

468 1733 718 1789 formam
749 1738 1013 1807 expando
1045 1740 1449 1810 spectandam,
1483 1745 1558 1807 et,
1594 1745 1657 1795 ut
1687 1742 1948 1807 vides,ad
1981 1747 2114 1796 tuas

2226 541 2315 597 καὶ
2346 542 2437 596 τὸν
2471 542 2657 616 καιρὸν
2688 538 2788 610 ἔξω
2821 540 3138 616 σύμμαχον’
3191 538 3251 595 οὐ
3299 539 3396 616 γὰρ
3442 540 3531 595 καὶ
3582 540 3876 617 προυθοῦς

2228 633 2348 695 καθ’
2377 634 2534 705 ἡμῶν
2570 630 2971 705 ἐκστρατεύσεις
3000 635 3111 685 νῦν’
3148 628 3331 705 ἐπέχει
3370 631 3473 706 γὰρ
3522 633 3557 699 ἡ
3610 651 3876 706 τεσσαρα-

2227 723 2394 790 κονθή
2407 741 2572 795 μέρος
2601 720 2828 781 τούτους
2868 716 3141 794 περίοδος.

2300 811 2411 878 Τῆς
2443 805 2705 877 δουλικῆς
2732 812 2899 862 ταῦτα
2928 810 3137 881 ψυχῆς,
3170 805 3216 861 εἰ
3245 806 3334 860 καὶ
3368 807 3444 878 μή
3476 806 3687 882 χειρός.

2902 928 2989 995 Τῷ
3030 922 3196 994 αὐτῷ.

2305 1023 2446 1098 Ἐγὼ
2481 1024 2574 1095 μὶν
2610 1020 2855 1090 ἐδεδίειν,
2890 1023 3110 1095 μέγιστε
3161 1026 3386 1094 Καῖσαρ,
3433 1023 3529 1082 τὰς
3573 1025 3684 1075 τῶν
3719 1024 3877 1093 ἡμῶν

2231 1110 2534 1166 ἐπιστολῶν
2589 1108 2993 1187 παραδεικνύειν
3058 1114 3306 1187 μορφάς’
3388 1110 3723 1184 ἠσχυνόμην
3781 1110 3877 1184 γὰρ

2235 1200 2366 1275 ὑπὲρ
2417 1200 2647 1268 τούτων,
2707 1200 2780 1261 ὡς
2842 1200 2917 1271 μὴ
2967 1197 3212 1272 ἐχουσῶν
3248 1202 3387 1271 μήτε
3415 1198 3639 1275 φυσικὸν
3668 1197 3876 1258 κάλλος

2234 1291 2371 1361 μήτε
2448 1288 2759 1359 ἐπίκτητον.
2833 1288 2983 1345 Ἐπεὶ
3042 1286 3100 1342 δὲ
3153 1286 3214 1341 σὺ
3272 1287 3480 1341 τούτων
3535 1286 3877 1349 ἀνελπίστως

2228 1378 2493 1451 ἠράσθης,
2553 1378 2642 1431 καί
2704 1398 2769 1449 με
2800 1378 3058 1438 πέπεικας
3105 1376 3251 1431 καλὰ
3281 1376 3477 1431 τίκτειν
3537 1378 3875 1450 γεννήματα,

2229 1464 2348 1521 ἰδού
2397 1487 2480 1520 σοι
2510 1463 2809 1542 προδήλως
2867 1465 3410 1539 ἀπηναισχύντημαι,
3466 1466 3555 1519 καὶ
3599 1466 3706 1532 τὴν
3741 1463 3878 1538 ὥραν

2229 1553 2627 1631 παραδεικνύω,
2660 1556 2746 1609 καὶ
2779 1553 2957 1629 ὥσπερ
2991 1556 3018 1608 ὁ
3077 1552 3309 1627 μηδικὸς
3355 1555 3523 1622 ταὼς,
3582 1558 3751 1608 τοῦτο
3814 1552 3873 1622 δὴ

2225 1646 2287 1699 τὸ
2318 1641 2620 1721 φιλόκαλον
2673 1648 2807 1712 ζῶον
2858 1643 2947 1698 καὶ
3007 1642 3252 1712 σύνηθες,
3311 1643 3571 1719 θεατρίζω
3608 1664 3695 1697 σοι
3750 1643 3877 1697 τού-

2226 1754 2333 1787 των
2365 1734 2462 1801 τῆν
2515 1734 2846 1807 ὡραιότητα,
2877 1733 2991 1801 καὶ,
3023 1733 3097 1796 ὡς
3127 1735 3277 1807 ὁρᾷς,
3327 1732 3413 1787 ἐπὶ
3443 1738 3558 1794 ταῖς
3606 1738 3732 1793 σαῖς
3790 1732 3877 1795 θύ-

469 1820 621 1878 fores
651 1824 820 1879 adsto
853 1842 964 1881 non
998 1832 1240 1884 vocatus
1264 1845 1451 1901 neque
1474 1831 1800 1885 mercedem
1821 1846 1962 1887 mea:
1990 1830 2106 1903 pul-

2228 1840 2339 1896 ραις
2391 1826 2721 1897 προϋπαντῶ
2776 1822 2915 1895 μήτε
2959 1821 3322 1896 καλούμενος,
3358 1823 3495 1895 μήτε
3528 1821 3724 1894 μισθὸν
3780 1827 3876 1889 τῆς

467 1910 823 1969 chritudinis
857 1915 1171 1987 excipiens.

540 2000 832 2073 Salomon,
867 2003 1047 2073 igitur
1078 2005 1185 2061 hos
1217 2023 1363 2077 quos
1416 2024 1529 2063 non
1581 2008 1847 2064 invitavit
1895 2010 2116 2066 amicos

468 2105 571 2160 per
601 2090 1183 2163 circumspectionem
1217 2096 1459 2151 simulat
1487 2098 1545 2151 in
1580 2098 1953 2154 familiarium
1986 2116 2120 2155 cono

469 2178 814 2235 suetudines
845 2184 903 2236 et
932 2180 1223 2252 colloquia
1251 2184 1639 2254 introducere,
1673 2202 1744 2243 ne
1786 2189 2114 2245 satietatem

470 2279 674 2321 eorum
705 2270 1166 2325 conversationis
1196 2273 1413 2342 experti
1458 2275 1687 2330 oderint
1737 2292 1749 2331 :
1797 2293 1934 2349 ergo
1982 2292 2114 2333 vero

469 2355 829 2411 contrarium
862 2356 1049 2414 facere
1082 2361 1234 2426 novi,
1267 2361 1537 2418 dilectam
1570 2364 1894 2437 tibiﬂmagis
1926 2382 2115 2422 meam

464 2442 965 2515 pulchritudinem
992 2450 1312 2506 ostendens
1361 2469 1463 2524 per
1511 2455 2008 2525 perseverantiam
2060 2460 2117 2511 et

466 2532 658 2601 magis
688 2534 973 2605 cupitam.

533 2619 681 2677 Nam
712 2620 808 2678 ille
836 2623 1101 2691 Proteus,
1132 2628 1220 2683 vir
1247 2628 1332 2684 vel
1364 2630 1797 2702 daamon,quem
1828 2636 2114 2689 Homerus

464 2709 679 2765 format
711 2715 768 2766 et
808 2715 1212 2784 transformat,
1263 2718 1572 2791 multiplex
1619 2726 1742 2776 erat
1787 2726 1845 2777 et
1896 2722 2113 2779 formas

462 2800 917 2869 permutabat,et
948 2819 1103 2857 nunc
1135 2803 1221 2859 leo
1254 2804 1438 2861 oculis
1469 2808 1907 2873 ostendebatur,
1956 2825 2114 2863 nunc

462 2903 723 2958 serpens,
786 2906 940 2945 nunc
980 2909 1104 2958 sus,
1138 2893 1315 2965 ignis,
1349 2895 1543 2964 arbor,
1575 2897 1723 2967 lapis
1754 2902 1811 2951 et
1842 2898 2059 2952 ferrum
2094 2914 2107 2953 :

462 2991 569 3046 ego
592 2993 723 3031 vero
756 2978 861 3033 tibi
897 2981 953 3034 in
992 2981 1244 3038 terarum
1276 2987 1518 3039 naturas
1550 3002 1663 3039 non
1721 2987 2109 3042 transforma-

462 3062 783 3138 bor,neque
814 3072 1051 3139 stupore
1084 3070 1395 3141 percellam
1429 3072 1913 3143 pbantasmatum
1948 3074 2108 3131 inso-

460 3152 565 3207 lita
599 3155 907 3225 varietate;
941 3159 1037 3214 sed
1073 3158 1407 3216 citharistas
1437 3160 1733 3218 imitabor.

533 3330 678 3397 Quid
705 3337 899 3389 autem
926 3335 1024 3390 isti
1055 3336 1305 3392 faciunt?
1324 3341 1559 3410 quando
1582 3340 1845 3397 sentiunt
1866 3342 2108 3399 audien-

458 3424 545 3474 tes
580 3421 831 3477 melodia
861 3424 1128 3493 satiatos,
1162 3427 1412 3483 chordas
1462 3430 1805 3498 immutant,
1862 3429 2108 3488 calamis

472 3507 605 3564 illas
625 3509 1328 3583 ﬂcctentes,variantes,et
1349 3516 1604 3573 diversas
1631 3518 1970 3576 harmoniae
1999 3520 2109 3577 eli-

460 3595 698 3669 cientes,
733 3604 797 3655 ut
827 3618 931 3673 per
978 3601 1152 3659 talem
1202 3605 1584 3662 variationem
1633 3612 1688 3662 et
1736 3608 2107 3664 inﬂexionem

460 3686 1056 3763 musicaeivoluptatis
1106 3693 1309 3751 avidos
1356 3696 1652 3752 auditores
1700 3696 1971 3753 habeant.
2024 3698 2107 3753 Ita

458 3772 641 3845 igitur
669 3781 724 3831 et
762 3794 867 3851 ego
919 3780 1021 3835 tibi
1078 3798 1233 3839 meos
1284 3801 1583 3841 sermones
1634 3785 1889 3842 variabo.
1939 3787 2106 3843 Nunc

455 3863 693 3933 quidem
729 3865 942 3923 hilares
976 3867 1107 3925 illos
1141 3871 1245 3926 tibi
1281 3874 1740 3944 praebebo,nuno
1770 3892 1903 3932 vero
1936 3876 2104 3931 vehe-

456 3957 718 4022 mentes;
755 3971 908 4011 nunc
936 3959 1213 4015 remissos
1244 3966 1301 4015 et
1332 3961 1562 4031 molles,
1595 3979 1750 4017 nunc
1789 3980 2105 4034 generosos

455 4043 511 4094 et
542 4040 741 4109 fortes,
775 4044 860 4099 vel
896 4044 1067 4102 aliam
1102 4049 1356 4120 denique
1386 4051 1639 4123 speciem
1673 4051 1976 4108 habentes.

529 4313 812 4365 Homerus
858 4312 1077 4384 quippe
1102 4314 1383 4386 hoplitem
1416 4317 1691 4385 laudans,
1738 4319 1795 4375 id
1829 4320 2105 4375 laudibus

456 4396 839 4466 adiicit,scire
867 4417 1001 4455 cum
1034 4402 1349 4459 immutare
1382 4405 1649 4477 clypeum
1683 4425 1839 4463 nunc
1871 4409 1938 4463 ad
1973 4408 2106 4464 dex-

451 4488 790 4556 tram,nunc
823 4489 894 4543 ad
928 4489 1371 4565 sinislram.Ego
1405 4500 1598 4551 autem
1634 4513 1823 4552 meam
1846 4503 2102 4553 armatu-

454 4591 911 4643 ram,sermones
943 4579 1165 4636 scilicet
1196 4598 1377 4650 meos,
1399 4600 1513 4639 non
1548 4584 1605 4638 in
1639 4583 1818 4640 latera
1848 4590 2101 4658 tantum,

451 4664 552 4718 sed
584 4663 643 4719 in
680 4664 881 4723 faciem
913 4673 969 4723 et
998 4669 1058 4725 in
1102 4674 1264 4744 tergo
1316 4672 1663 4728 immutabo.
1717 4673 1841 4729 Non
1892 4675 2104 4731 unicus

450 4757 539 4807 est
570 4754 880 4811 verborum
914 4758 1291 4833 color,neque
1320 4762 1507 4833 figura
1531 4762 1840 4829 unica;sed
1875 4769 2103 4819 utrum-

452 4856 564 4911 que
594 4842 899 4916 multiplex
930 4850 986 4902 et
1015 4848 1277 4915 varium;
1311 4853 1367 4903 et
1414 4849 1513 4921 qui
1562 4866 1763 4906 eorum
1815 4860 2103 4924 tempera-

451 4936 649 4985 menta
680 4936 735 4987 et
759 4934 1076 5003 juncturas
1108 4936 1300 4991 noscit
1327 4936 1716 4994 multiformia
1738 4941 2104 4996 amatoribus

448 5018 746 5075 exhibebit
775 5024 1266 5094 spectacula.Vidi
1302 5044 1403 5096 ego
1436 5027 1575 5083 olim
1612 5029 1866 5099 puellam
1899 5030 1957 5084 in
1982 5031 2107 5085 tha-

447 5105 601 5163 lamo
667 5110 854 5165 forma
907 5113 1143 5183 propria
1193 5115 1487 5186 decoram,
1540 5123 1598 5171 et
1646 5118 1926 5188 adjuncta
1976 5119 2105 5189 pul-

449 5194 783 5253 chritudine
840 5206 1143 5269 ornatam;
1196 5203 1389 5274 prima
1454 5206 1613 5261 enim
1683 5208 1776 5262 die
1842 5224 2107 5279 purpura

449 5282 602 5338 hanc
634 5287 884 5342 ornabat
948 5293 1004 5344 et
1070 5308 1247 5347 aurea
1312 5294 1475 5355 vitta,
1546 5300 1603 5349 et
1676 5296 1878 5350 tunica
1951 5295 2105 5350 vario

455 5370 665 5427 ﬂorum
734 5376 926 5432 colore
985 5378 1181 5434 nitens
1233 5385 1289 5435 et
1333 5382 1515 5437 fascia
1572 5384 1883 5455 pectoralis
1951 5383 2106 5438 elec-

451 5459 639 5530 trina;
676 5463 774 5518 sed
814 5464 896 5519 illi
927 5468 1195 5524 assidens
1241 5470 1401 5525 brevi
1451 5478 1937 5527 ornamentorum
1993 5471 2107 5526 ful-

452 5549 719 5619 gentium
795 5553 922 5609 visu
1000 5555 1243 5612 satiatus
1322 5575 1474 5615 sum.
1556 5561 1827 5616 Secunda
1909 5564 2107 5616 autem

452 5634 545 5690 die
576 5642 849 5695 ornatum
892 5641 1240 5712 immutans,
1292 5651 1349 5702 et
1398 5652 1606 5705 aurata
1652 5650 1850 5705 tunica
1900 5648 2111 5705 induta

2224 1910 2367 1986 ὥρας
2400 1906 2606 1967 λαϐών.

2294 2001 2355 2058 Ὀ
2417 2001 2510 2072 μὲν
2561 2001 2651 2054 οὖν
2722 2000 2991 2074 Σολομῶν
3018 2007 3133 2062 τοῖς
3162 1998 3524 2071 αὐτοκλήτοις
3552 2005 3664 2055 τῶν
3699 1999 3875 2076 φέλων

2226 2087 2296 2143 δι’
2325 2084 2607 2150 εὐλαϐείας
2663 2096 2899 2144 ποιεῖται
2930 2089 3025 2151 τὰς
3057 2090 3132 2151 είς
3186 2089 3313 2151 τους
3343 2091 3589 2159 συνήθεις
3628 2086 3875 2149 εἰσόδους

2224 2178 2312 2232 καί
2370 2179 2713 2249 ἀπαντήσεις,
2769 2176 2862 2232 ’ίνα
2923 2180 3023 2252 μὴ,
3080 2180 3242 2254 κόρον
3283 2179 3458 2233 αὐτῶν
3495 2186 3595 2248 τῆς
3646 2177 3875 2251 ὁμιλίας

2225 2262 2519 2335 λαϐόντες,
2584 2269 2925 2339 μισήσωσιν·
2988 2268 3093 2344 ἐγὼ
3155 2266 3211 2322 δὶ
3267 2268 3570 2323 τούναντίον
3618 2270 3873 2337 ποιήσειν

2224 2354 2507 2433 διέγνωκα,
2540 2356 2938 2431 ἰρασμιώτερόν
2968 2379 3051 2411 σοι
3082 2359 3143 2412 τὸ
3184 2356 3312 2429 ἐμὸν
3365 2355 3572 2419 κάλλος
3633 2354 3876 2411 ἐπιδεικ-

2223 2445 2365 2500 νόειν
2395 2446 2485 2500 διὰ
2511 2452 2611 2515 τῆς
2641 2447 2921 2521 συνεχείας
2944 2446 3033 2501 καὶ
3064 2448 3439 2521 ποθεινότερον
3530 2496 3537 2502 ,

2294 2623 2354 2679 Ὁ
2415 2623 2508 2694 μὲν
2566 2623 2666 2697 γὰρ
2714 2622 2963 2699 Πρωτεὺς
3022 2621 3244 2691 ἐκεῖνος,
3299 2623 3435 2696 ἀνὴρ
3474 2623 3509 2691 ἢ
3544 2618 3781 2693 δαίμων,
3816 2623 3872 2674 ὃν

2222 2712 2475 2787 ’Όμηρος
2524 2711 2751 2767 πλάττει
2808 2712 2897 2766 καὶ
2957 2711 3340 2785 μεταπλάττει,
3402 2707 3751 2771 παντοδαπὸς
3805 2710 3870 2777 ἦν

2221 2800 2309 2854 καὶ
2374 2798 2717 2873 μετήλλαττε
2764 2800 2858 2862 τάς
2909 2802 3143 2878 μορφὰς,
3176 2800 3264 2854 καὶ
3323 2805 3412 2854 νῦν
3450 2801 3543 2871 μὶν
3577 2797 3714 2852 Λέων
3751 2804 3873 2859 τοῖς

2222 2890 2422 2963 ὁρῶσιν
2481 2887 2773 2959 ἐδείκνυτο,
2830 2894 2923 2943 νῦν
2973 2887 3030 2944 δὲ
3084 2890 3226 2964 ὄφις,
3258 2893 3351 2943 νῦν
3383 2886 3442 2943 δὲ
3465 2893 3578 2957 σῦς,
3610 2890 3697 2941 καὶ
3734 2892 3871 2961 πῦρ,

2220 2978 2312 3032 καὶ
2346 2975 2583 3053 δένδρον,
2639 2979 2729 3033 καὶ
2781 2979 2957 3047 λίθος,
3016 2978 3105 3033 καὶ
3165 2976 3405 3052 σίδηρος⁹
3450 2977 3553 3054 ἐγὼ
3586 2974 3642 3031 δέ
3672 2997 3760 3030 σοι
3798 2976 3875 3036 εἷς

2225 3067 2318 3140 μὲν
2351 3066 2643 3142 Θηριώδεις
2673 3067 2856 3145 φύσεις
2887 3067 2948 3122 οὐ
2979 3063 3382 3141 μεταϐήσομαι,
3434 3064 3559 3121 οὐδε
3606 3064 3875 3135 ἐκπλήξω

2140 3194 2183 3260 C
2222 3159 2290 3229 τῇ
2320 3160 2428 3209 τῶν
2481 3159 2874 3235 φαντασμάτων
2926 3156 3229 3226 καινότητι·
3282 3154 3428 3211 ἀλλὰ
3454 3154 3579 3217 τοὺς
3611 3154 3735 3229 περὶ
3768 3156 3872 3223 τῆν

2222 3245 2443 3320 κιθάραν
2482 3248 2823 3319 μιμήσομαι.

2287 3333 2346 3387 Τί
2418 3332 2475 3388 δὶ
2547 3336 2698 3389 οὗτοι
2766 3332 3005 3410 δρῶσιν;

2218 3423 2511 3485 ἀκούοντας
2540 3424 2964 3500 κορεννυμένους
3019 3428 3115 3479 τοῦ
3170 3423 3391 3497 μέλους,
3452 3418 3870 3497 μεταϐάλλουσι

2214 3512 2309 3573 τὰς
2369 3510 2598 3588 χορδάς,
2664 3513 2981 3591 στρέφοντες
3045 3514 3206 3568 αὐτας
3268 3518 3385 3574 τοῖς
3426 3512 3719 3582 καλάμοις,
3773 3513 3868 3565 καὶ

2220 3601 2671 3679 μεταστρέφοντες
2746 3604 2835 3656 καὶ
2908 3600 3165 3663 ποικίλας
3226 3603 3489 3674 ἁρμονίας
3550 3602 3870 3675 μεταχειρί-

2220 3694 2421 3759 ζοντες,
2478 3693 2569 3745 ἳνα
2623 3690 2711 3746 διὰ
2767 3699 2866 3761 τῆς
2930 3692 3186 3762 τοιαύτης
3247 3690 3599 3765 μεταλλαγῆς
3654 3711 3711 3744 τε
3771 3690 3865 3743 καὶ

2220 3775 2563 3851 μεταϐάσεως)
2619 3779 2943 3857 ἇκορέστους
2989 3788 3087 3851 τῆς
3151 3787 3416 3853 μουσικῆς
3466 3777 3677 3849 ἡδονῆς
3732 3784 3867 3841 τοῦς

3084 3332 3297 3391 ἐπειδὰν
3376 3332 3666 3399 αἴσθῶνται
3730 3331 3871 3394 τους

2215 3869 2479 3940 ἀκροατὰς
2532 3865 2757 3944 ἔχωσιν.
2815 3870 2967 3925 Οὕτω
3014 3875 3143 3945 γοῦν
3183 3870 3337 3944 κάγώ
3369 3890 3452 3923 σοι
3508 3871 3869 3941 μεταποιήσω

2212 3956 2339 4017 τοὺς
2401 3957 2564 4031 ἐμοὺς
2626 3958 2849 4034 λόγους.
2909 3959 3014 4014 Καὶ
3074 3962 3162 4013 νῦν
3222 3959 3316 4030 μὶν
3379 3956 3602 4033 ἱλαροὺς
3631 3958 3870 4018 τούτους

2214 4047 2426 4120 παρέξω
2455 4048 2562 4117 σοὶ,
2602 4049 2691 4101 νῧν
2726 4044 2784 4103 δέ
2815 4048 3124 4117 συντόνους,
3155 4048 3245 4102 καὶ
3277 4051 3368 4100 νῦν
3402 4048 3496 4119 μὶν
3556 4041 3869 4118 ἀναϐεϐλη-

2219 4136 2411 4206 μένους
2440 4136 2528 4190 καῖ
2565 4135 2869 4207 μαλακοὺς,
2899 4141 2987 4191 νῦν
3023 4135 3079 4191 δὲ
3109 4136 3387 4212 γενναίους
3434 4136 3521 4189 καὶ
3575 4136 3868 4211 ἰσχυροὺς,

2213 4228 2299 4277 νῦν
2334 4222 2389 4279 δὲ
2420 4222 2596 4296 ἄλλην
2634 4228 2847 4303 μορφὴν
2882 4225 3131 4302 ἔχοντας.

2282 4314 2344 4371 Ὀ
2405 4318 2535 4389 γοῦν
2596 4316 2842 4390 Όμηρος
2915 4316 3147 4385 ὁπλίτην
3220 4314 3448 4369 ἐπαινῶν
3520 4312 3711 4389 ἄνδρα,
3774 4319 3870 4369 καὶ

2212 4407 2372 4458 τοῦτο
2439 4409 2555 4465 τοῖς
2607 4403 2842 4468 ἐπαίνοις
2901 4404 3276 4479 προστίθησιν,
3332 4404 3414 4458 ὅτι
3474 4402 3585 4458 οἶδε
3640 4425 3868 4475 μετακι-

2212 4497 2319 4545 νεῖν
2373 4493 2471 4561 τὴν
2532 4491 2731 4547 ἀσπίδα
2777 4498 2867 4547 νῦν
2932 4496 3023 4565 μὲν
3084 4493 3159 4557 εἷς
3216 4490 3380 4563 δεξιὰ,
3413 4497 3501 4546 νῦν
3563 4491 3620 4547 δὲ
3670 4492 3745 4554 εἷς
3780 4494 3870 4547 εὖ-

2216 4581 2424 4652 ώνυμα.
2459 4582 2599 4657 Ἐγὼ
2632 4578 2688 4635 δὲ
2716 4581 2777 4635 τὸ
2808 4580 2938 4654 ἐμὸν
2968 4581 3139 4637 ὅπλον
3164 4582 3292 4645 τοὺς
3322 4581 3523 4656 λόγους
3548 4582 3647 4636 οὐκ
3679 4581 3768 4636 ἐπὶ
3799 4583 3867 4636 τὰ

2216 4666 2422 4744 πλάγια
2452 4665 2640 4742 μόνον,
2673 4668 2817 4725 ἀλλὰ
2846 4671 2934 4724 καὶ
2955 4670 3257 4744 ἔμπροσθεν
3288 4675 3744 4747 μεταχειριοῦμαι
3775 4674 3865 4725 καῖ

2216 4754 2454 4821 ὄπισθεν.
2516 4759 2638 4833 Οὐχ
2682 4756 2735 4813 ἓν
2784 4757 2891 4814 ἐστι
2939 4761 3001 4814 τὸ
3042 4763 3146 4814 τῶν
3180 4758 3361 4834 λόγων
3392 4765 3617 4835 χρῶμα,
3681 4760 3777 4814 οὐέ
3830 4764 3865 4829 ῆ

2219 4848 2401 4923 μορφή
2439 4847 2555 4919 μία·
2589 4844 2717 4901 ἀλλ’
2766 4849 2931 4922 ἄμφω
2962 4845 3278 4903 παντοδαπὰ
3316 4848 3406 4902 καὶ
3436 4848 3684 4903 ποικίλαι
3714 4850 3807 4903 καὶ
3840 4852 3867 4902 ὸ

2213 4934 2309 4997 τὰς
2353 4936 2566 5009 κράσεις
2608 4936 2696 4990 καὶ
2748 4936 3014 4999 συνθέσεις
3059 4937 3266 4991 τούτων
3320 4934 3477 4999 εῗδὼς
3524 4935 3869 5015 πολύμορφα

2218 5022 2371 5096 δείξει
2402 5030 2519 5087 τοῖς
2550 5024 2796 5098 ἐρασταῖς
2825 5026 2889 5079 τὰ
2921 5027 3179 5099 θεάματα.

2288 5110 2445 5168 Εἶδον
2492 5112 2601 5186 ἐγώ
2656 5134 2787 5168 ποτε
2844 5113 3057 5191 νύμφην
3113 5114 3196 5169 ἐπὶ
3256 5112 3528 5176 παστάδος
3588 5113 3679 5168 καὶ
3723 5115 3868 5188 ὥρας

2217 5198 2274 5255 εὖ
2327 5195 2558 5275 ἔχουσαν
2590 5201 2677 5255 καὶ
2742 5206 2821 5273 τῷ
2852 5200 3163 5275 ἐπιποιήτῳ
3190 5200 3385 5257 κάλλει
3436 5204 3865 5275 κεκοσμημένην

2218 5288 2508 5361 λαμπρῶς
2560 5290 2647 5343 καὶ
2678 5292 2780 5359 τήν
2805 5310 2867 5364 γε
2896 5291 3119 5363 πρώτην
3152 5292 3361 5365 ἡμέραν
3421 5289 3679 5367 πορφύρα
3735 5291 3866 5346 71'3-

2215 5400 2314 5448 την
2369 5378 2585 5451 ἐκόσμει
2642 5379 2731 5433 καὶ
2788 5388 2966 5455 χρυσῆ
2999 5381 3198 5451 ταινία,
3230 5381 3319 5435 καὶ
3379 5380 3592 5453 ἰπωμὶς
3654 5380 3869 5452 {Emit}:-

2218 5467 2387 5539 σμένη
2424 5468 2618 5539 κόσμῳ
2666 5465 2992 5540 παντοδαπῷ
3029 5470 3118 5523 καὶ
3146 5472 3181 5540 ἡ
3216 5467 3574 5542 στηθοδεσμῖς
3605 5467 3868 5542 ἠλεκτρί-

2217 5574 2323 5625 νηο
2403 5553 2529 5609 ἀλλ’
2591 5552 2935 5631 ἐνδιατρίψας
2998 5558 3175 5634 βραχύ
3233 5579 3285 5613 τι
3342 5562 3457 5619 τοῖς
3510 5559 3867 5635 φαινομένοις

2220 5643 2529 5718 ὡραϊσμοῖς
2586 5642 2872 5719 ἐκορέσθην
2929 5643 3080 5703 ἰδών.
3130 5643 3303 5705 Ἀλλὰ
3356 5648 3456 5719 τήν
3506 5667 3569 5723 γε
3610 5643 3864 5724 δευτέραν
