3984 6348
57 367 109 424 1
133 365 256 426 181
1595 365 1749 427 ΕΡΙΕ

1873 365 2032 427 ιΙλιΕ.
3361 367 3517 429 “82

57 500 316 576 ἡμέραν
356 493 736 571 μεταϐαλοῦσα
763 499 854 552 τὸν
885 497 1092 572 κόσμον
1135 498 1224 553 καὶ
1274 505 1560 576 χρυσοϋφῆ
1605 497 1749 569 ἐσθῆ·

1881 518 2088 557 rursus
2149 502 2474 572 alliciebat;
2543 503 2716 559 tertia
2791 515 3029 574 quoque
3101 501 3398 571 similiter,
3463 505 3525 559 et

59 610 172 643 τα
205 585 572 656 ἐπενδυθεῖσα,
604 585 769 644 πάλιν
799 586 967 663 ἐθήρα
1000 606 1012 619 ⁸
1044 588 1136 642 καὶ
1181 588 1280 656 τὴν
1331 587 1519 663 τρίτην
1567 588 1739 651 οὕτως

1877 591 2189 662 (ιυοτιοςεθι
2211 591 2669 663 pulchritudinis
2685 591 2928 647 satietas
2948 607 3064 646 non
3089 591 3391 647 erat.Sunt
3412 591 3520 663 igi-

59 679 194 733 καὶ
226 679 326 746 τήν
355 677 616 752 τετάρτην
654 699 665 710 ·
700 677 787 732 καὶ
821 677 888 744 ἧν
941 675 1230 751 ἀκόρεστον
1283 677 1346 731 τὸ
1389 675 1581 734 καλόν.
1614 678 1749 734 Είσὶπ

1874 685 1970 734 tur
1999 679 2176 734 etiam
2208 680 2589 750 mihi,Caasar,
2613 679 2857 735 armilla
2889 677 3249 752 spirituales,
3282 685 3522 752 torques

63 766 197 822 οὗν
258 767 448 839 κάμοὶ,
504 772 728 842 Καῖσαρ,
761 761 992 821 ἐλλόϐια
1051 763 1249 842 λογικᾶ
1303 766 1392 821 καὶ
1449 763 1749 842 περιδέραια

1875 767 2322 840 intellectuales,
2357 774 2414 825 et
2444 770 2576 826 colli
2608 775 2666 825 et
2697 769 2951 841 pectoris
2981 773 3246 824 ornatus.
3281 770 3341 825 Si
3381 786 3522 826 auro

65 858 381 932 ’γνωστικᾶ
409 856 500 912 καὶ
549 854 976 933 περιτραχήλιοι
1027 858 1227 930 κόσμοι
1282 856 1373 911 κοὶ
1432 856 1759 927 ἐπιστγςθιοι.

67 948 210 1002 Κᾶν
243 949 509 1020 κορεσθῇς
537 950 634 1001 τοῦ
680 949 912 1021 χρυσοῦ,
943 947 1364 1021 παραγυμνώσω
1419 943 1473 1001 τί
1522 966 1607 1001 σοι
1665 950 1762 1001 τοῦ

69 1034 517 1113 ἠλεκτρώδους.
549 1035 613 1091 Εἰ
645 1032 702 1091 δὶ
730 1034 821 1091 καὶ
851 1033 1047 1090 τούτου
1077 1034 1357 1110 πλησθῇς,
1387 1033 1502 1112 ἔχω
1536 1035 1758 1115 σαπφεί-

71 1147 255 1200 ρους,
312 1125 400 1181 καὶ
474 1123 783 1194 ὑακίνθους,
840 1125 930 1180 καὶ
989 1124 1175 1188 λίθους
1230 1123 1445 1200 ἐτέρους
1499 1123 1763 1181 παντοδα-

68 1214 264 1285 ποὺς,
289 1214 380 1270 καὶ
409 1215 508 1281 τήν
536 1215 866 1292 χροιὰν,καί
889 1216 988 1284 τήν
1023 1212 1273 1289 δύναμιν.
1306 1213 1428 1286 Καὶ,
1462 1215 1535 1276 ὡς
1565 1211 1760 1284 ἔοικεν,

75 1303 230 1360 οὔτε
279 1304 341 1359 σὺ
388 1302 687 1380 πλησθήσῃ
744 1305 876 1360 ποτὲ
923 1309 1020 1359 τοῦ
1052 1303 1198 1379 ἐρᾷν,
1231 1300 1354 1360 οὔτε
1384 1303 1488 1379 ἐγὼ
1517 1301 1760 1367 κάλλους

70 1392 369 1469 ἀπορήσω
398 1393 488 1448 καὶ
521 1391 846 1464 ἐπιδείξεως.

682 1510 786 1566 ΙΒ’.
816 1511 910 1581 Τῷ
943 1507 1188 1582 Καίσαρι.

174 1605 551 1682 Εὗτυχὲστατε
605 1609 854 1683 Καῖσαρο
885 1611 1052 1662 τοῦτο
1100 1607 1206 1681 γὰρ
1250 1603 1316 1677 δή
1368 1627 1454 1662 σοι
1482 1610 1580 1676 τῆς
1640 1607 1764 1664 ἐπι-

83 1695 311 1765 στολῆς
342 1694 478 1752 ἔστω
507 1697 825 1773 προοίμιον.
853 1696 1262 1771 Εὖτυχέστατον
1296 1693 1355 1751 δέ
1401 1717 1458 1752 σε
1505 1697 1650 1775 φημὶ
1700 1697 1761 1752 οὐ

87 1785 251 1841 διότι
287 1787 452 1859 μόνον
483 1793 580 1855 τῆς
607 1789 704 1840 τοῦ
736 1785 999 1862 Καίσαρος
1033 1785 1181 1856 ἀξίας
1227 1784 1535 1862 τετύχηκας
1580 1790 1764 1860 (τοῦτο

1873 858 2124 913 satiatus
2191 875 2274 927 es,
2329 859 2612 914 exhibebo
2670 857 2779 913 tibi
2847 857 3068 930 aliquid
3148 875 3218 914 ex
3287 858 3521 916 electro.

1871 950 1930 1006 Si
1963 965 2096 1005 vero
2129 970 2196 1008 co
2227 965 2462 1023 quoque
2492 947 2748 1004 lassatus
2799 947 2999 1015 fueris,
3050 947 3234 1004 habeo
3287 947 3522 1021 sapphi-

1872 1060 1989 1110 ros,
2024 1042 2371 1117 hyacinthos
2391 1044 2448 1095 et
2467 1038 2695 1112 lapides
2717 1036 2862 1094 alios
2883 1037 3076 1093 varios
3099 1037 3288 1093 colorc
3318 1044 3375 1094 et
3402 1039 3520 1094 vir-

1873 1135 2020 1190 tute.
2055 1133 2144 1203 Et,
2176 1137 2242 1188 ut
2271 1131 2524 1198 videtur,
2558 1143 2750 1199 neque
2779 1131 2835 1182 te
2866 1126 3105 1182 satietas
3134 1143 3394 1198 unquam
3435 1128 3520 1184 vi-

1873 1222 2046 1277 dendi
2083 1219 2413 1295 occupabit,
2448 1232 2638 1289 neque
2669 1231 2762 1272 me
2791 1214 3249 1287 pulchritudinis
3275 1221 3330 1272 et
3361 1215 3522 1272 exhi-

1870 1311 2111 1367 bitionis
2144 1307 2490 1382 indigentia.

2519 1513 2642 1568 XII.
2681 1513 2905 1569 Caesari

1945 1615 2314 1672 Felicissime
2343 1615 2569 1680 Caesar;
2605 1611 2663 1666 id
2698 1610 2854 1666 enim
2888 1609 2997 1665 tibi
3028 1609 3286 1681 epistolae
3313 1612 3520 1682 fprooa-

1874 1705 2060 1761 mium
2092 1705 2189 1760 sit.
2226 1702 2657 1760 Felicissimum
2689 1704 2886 1756 autem
2917 1703 2973 1755 te
3002 1699 3132 1755 dico
3165 1715 3278 1754 non
3326 1699 3520 1755 solum

1873 1794 2013 1867 quia
2043 1791 2285 1850 Caesaris
2315 1791 2660 1863 dignitatem
2694 1790 2946 1860 adeptus
2977 1787 3060 1844 sis
3095 1788 3225 1858 (hoc
3266 1804 3521 1860 namque

86 1874 216 1949 γὰρ
245 1875 337 1929 καὶ
368 1872 605 1936 πολλοῖς
637 1872 838 1938 ἄλλοις
869 1868 1203 1947 συμϐέϐηκε,
1231 1875 1317 1930 καὶ
1349 1874 1409 1930 οἷ’
1446 1897 1506 1950 γε
1549 1875 1749 1931 πλείου

1877 1889 1932 1940 et
1962 1883 2164 1938 multis
2196 1880 2328 1937 aliis
2360 1880 2606 1952 contigit
2635 1879 2735 1950 qui
2769 1877 2966 1949 plures
2993 1896 3027 1934 a
3060 1877 3334 1934 felicitate
3363 1877 3520 1933 defe-

91 1969 213 2031 ’τῆς
244 1962 497 2040 εὐτυχίας
527 1961 1012 2039 διημαρτήκασιν),
1045 1962 1172 2019 ἀλλ’
1201 1963 1283 2018 ὅτι
1331 1964 1478 2041 παρὰ
1504 1969 1600 2020 τοῦ
1629 1963 1768 2021 καλ-

104 2049 308 2107 λίστου
340 2051 608 2128 βασιλέως
640 2052 730 2107 καὶ
769 2049 1008 2127 ἀδελφοῦ
1059 2051 1136 2116 εἰς
1179 2053 1278 2121 τήν
1333 2052 1594 2129 μεγίστην
1638 2055 1767 2110 ταύ-

103 2161 216 2211 την
248 2142 552 2218 ἀνηνέχθης
599 2142 908 2217 περιωπήν,
939 2141 998 2204 ’ὸς
1045 2137 1136 2212 δὴ,
1166 2141 1398 2218 προνοίᾳ
1425 2164 1484 2198 τε
1527 2148 1596 2218 τῇ
1654 2142 1766 2200 ἅνω

103 2230 436 2303 κινούμενος
460 2231 550 2286 καὶ
583 2232 716 2304 μετὰ
747 2231 1015 2306 λογισμοῦ
1061 2231 1290 2306 κρίσεως
1341 2231 1513 2287 πάντα
1568 2239 1764 2304 ποιῶν,

100 2319 376 2375 κοινωνόν
422 2341 478 2375 σε
523 2325 620 2376 τοῦ
671 2320 902 2394 κρότους
951 2324 1148 2396 μικροῦ
1198 2318 1307 2375 δεῖν
1367 2320 1418 2392 ἐξ
1463 2320 1765 2397 ἀδελφικῆς

104 2408 326 2471 εὐνοίας
372 2410 660 2482 πεποίηκα.
708 2408 1058 2486 Προσκείσθω
1115 2409 1219 2486 γὰρ
1275 2414 1344 2484 τῇ
1402 2412 1632 2487 προνοίᾳ
1675 2413 1764 2468 καὶ

97 2501 178 2570 τῇ
207 2502 306 2553 τοῦ
337 2499 611 2573 λογισμοῦ
638 2499 812 2574 κρίσει
843 2497 932 2554 καὶ
961 2499 1024 2553 τὸ
1053 2497 1161 2554 ἀπὸ
1210 2506 1313 2569 τῆς
1365 2501 1605 2576 σχέσεως
1637 2502 1766 2579 φίλ-

96 2607 262 2662 τρον.
297 2586 466 2644 Πάλιν
519 2587 610 2643 οὖν
657 2589 758 2657 τήν
805 2589 1030 2664 πρώτην
1064 2609 1148 2643 σοι
1208 2591 1396 2664 φωνὴν
1447 2588 1764 2668 ἐπιφθέγξοι

108 2696 234 2749 μαι·
270 2676 628 2753 εὐτυχέστατε
658 2683 864 2753 Καῖσαρ
885 2695 898 2708 ·
931 2680 1228 2753 προσθήσω
1259 2675 1317 2734 δὲ
1339 2680 1426 2733 καὶ
1461 2678 1767 2756 λογιώτατε

104 2765 204 2819 καὶ
265 2767 540 2844 σοφώτατε
571 2785 586 2800 ⁸
620 2764 784 2845 ὂίμφω
838 2766 942 2842 γὰρ
1001 2768 1114 2842 ὁρῶ
1170 2767 1318 2841 παρὰ
1366 2767 1450 2823 σοὶ
1503 2769 1638 2843 μετὰ
1663 2777 1763 2841 τῆς

110 2854 370 2931 εὐτυχίας
397 2857 496 2925 τήν
528 2855 717 2934 σοφίαν
749 2854 839 2910 καὶ
868 2858 969 2926 τὴν
1001 2854 1322 2932 λογιότητα.

186 2944 284 2998 Καὶ
341 2947 415 3018 μή
479 2966 546 3017 με
607 2940 888 3018 ὑπολάϐῃς
945 2943 1157 3000 κόλακά
1218 2944 1548 3017 τηλικοῦτον
1608 2949 1762 3019 εἶναι,

112 3033 334 3104 μᾶλλον
377 3031 435 3087 δὲ
462 3033 646 3106 ἀμαθῆ
681 3033 986 3106 ἐπαινέτην,
1021 3033 1104 3088 ὅτι
1132 3034 1284 3110 ἀφείς
1314 3034 1399 3090 ἐπὶ
1453 3043 1571 3099 τοῖς
1602 3059 1764 3112 στρα-

101 3123 422 3195 τηγήμασιν
464 3121 820 3196 ἐγκωμιάζειν
867 3144 942 3191 σε,
991 3122 1081 3178 καὶ
1135 3125 1216 3186 οἷς
1257 3123 1427 3180 πάλαι
1477 3127 1766 3202 κατώρθω-

1877 1972 2127 2043 cerunt),
2155 1971 2256 2026 sed
2290 1969 2427 2040 quia
2457 1971 2528 2024 ab
2573 1969 2796 2040 optimo
2845 1967 3195 2040 imperatore
3243 1972 3300 2022 et
3348 1967 3524 2023 fratre

1876 2062 1948 2118 ad
1993 2061 2103 2117 hoc
2135 2061 2455 2115 maximum
2490 2057 2787 2129 fastigium
2819 2056 3079 2113 elevatus
3109 2057 3215 2123 sis,
3246 2058 3346 2128 qui
3379 2072 3521 2112 sane

1877 2149 2252 2222 praevidentia
2282 2147 2500 2204 caelesti
2532 2147 2820 2202 adductus
2845 2151 2902 2201 et
2930 2163 3064 2201 cum
3098 2147 3343 2201 rationis
3366 2145 3524 2215 judi-

1876 2240 1964 2294 cio
1990 2239 2188 2294 omnia
2212 2253 2393 2309 agens
2425 2234 2767 2308 participem
2799 2239 2855 2290 te
2885 2235 3139 2306 imperii,
3171 2239 3270 2290 aut
3307 2250 3518 2305 parum

1876 2328 2062 2395 abest,
2097 2327 2350 2381 fraterna
2380 2323 2781 2380 benevolentia
2809 2323 3016 2378 eﬂ'ecit.
3049 2323 3314 2378 Addatur
3360 2323 3520 2378 enim

1876 2414 2247 2486 providentia:
2279 2418 2336 2469 et
2368 2412 2612 2468 rationis
2634 2411 2863 2483 judicio
2893 2410 3162 2467 amicitiae
3183 2412 3357 2466 etiam
3381 2410 3523 2466 inci-

1875 2509 2226 2560 tamentum.
2253 2506 2467 2559 Iterum
2501 2517 2638 2574 ergo
2668 2501 2924 2572 priorem
2956 2500 3062 2555 tibi
3093 2516 3291 2556 vocem
3323 2515 3525 2572 expro-

1879 2610 2058 2663 mam,
2079 2591 2414 2648 felicissime
2443 2594 2650 2657 Czesar;
2685 2587 2958 2659 adjiciam
2987 2592 3207 2658 autem,
3243 2586 3523 2659 eloquen-

1877 2681 2101 2738 tissime
2130 2685 2186 2738 et
2218 2679 2652 2753 sapientissime
2685 2696 2698 2734 :
2733 2681 3052 2749 utrumque
3083 2678 3241 2733 enim
3272 2678 3430 2750 apud
3469 2682 3525 2734 te

1873 2771 2039 2828 video
2069 2787 2199 2826 cum
2236 2768 2531 2835 felicitate,
2565 2766 2916 2840 sapientiam
2942 2771 3000 2822 ct
3029 2765 3447 2838 eloquentiam.

1945 2954 2012 3005 Et
2043 2967 2116 3005 ne
2149 2965 2241 3004 me
2273 2947 2593 3019 suspiceris
2625 2946 2986 3002 adulatorem
3015 2944 3190 3000 talem
3221 2960 3371 3014 esse,
3412 2961 3521 3016 po-

1872 3039 1994 3094 tius
2022 3054 2156 3093 vero
2188 3037 2526 3108 imperitum
2559 3035 2945 3103 laudatorem,
2997 3033 3134 3102 quia
3181 3033 3422 3088 mittens
3465 3038 3520 3087 te

1875 3129 1945 3184 de
1973 3127 2200 3183 bellicis
2251 3125 2767 3197 slrategematibus
2817 3123 3153 3195 praedicare,
3203 3127 3260 3178 et
3306 3122 3378 3178 de
3427 3122 3520 3178 his

103 3231 208 3271 κας
241 3210 326 3264 καὶ
357 3215 444 3264 νῦν
475 3213 784 3284 κατορθοῖς,
817 3212 915 3280 τὴν
945 3212 1050 3267 ἀπὸ
1098 3217 1195 3267 τοῦ
1245 3210 1413 3289 λόγου
1471 3236 1554 3270 σοι
1589 3216 1749 3293 εὐφη-

161 3297 172 3314 .
427 3299 436 3314 .
648 3301 660 3314 .
817 3298 836 3314 κ
1017 3303 1029 3314 .
1176 3301 1188 3314 ,
1469 3305 1481 3314 .
1608 3305 1620 3314 .

1876 3233 2002 3288 quae
2046 3216 2186 3271 olim
2243 3217 2388 3270 bene
2448 3213 2620 3286 egisti
2674 3219 2730 3269 et
2791 3229 2947 3268 nunc
3006 3211 3155 3283 agis,
3215 3230 3248 3266 a
3305 3211 3519 3268 litteris

107 3297 238 3370 μίαν
269 3299 549 3374 προσάγω,
586 3301 724 3371 μήτε
753 3298 1188 3378 φιλοσοφήσαντί
1219 3323 1353 3358 ποτε
1406 3305 1546 3376 μήτε
1595 3305 1759 3380 ῥητο-

103 3387 376 3461 ρεύσαντι.
408 3388 535 3464 Οὐχ
567 3388 739 3451 οὕτως
780 3389 1010 3462 ἐμαυτὸν
1063 3390 1257 3447 άπατῶ
1293 3411 1305 3423 ’
1349 3391 1476 3448 ἀλλ’
1522 3391 1646 3449 οὔτε
1703 3394 1761 3448 σὲ

98 3476 306 3545 ἁπατᾷν
343 3475 638 3549 βούλομαι.
671 3478 732 3535 Ὀ
769 3477 868 3554 γάρ
901 3500 984 3534 σοι
1029 3481 1151 3555 περὶ
1196 3479 1325 3545 τοὺς
1369 3478 1574 3556 λόγους
1625 3480 1760 3556 ἔρως

95 3565 191 3618 καὶ
236 3567 270 3634 ἡ
322 3565 586 3638 ἐπιθυμία
632 3573 732 3637 τῆς
771 3568 1019 3642 γνώσεως
1065 3568 1155 3624 καὶ
1201 3570 1264 3625 τὸ
1303 3569 1504 3626 ἐθέλειν
1567 3570 1759 3647 λόγοις

95 3659 290 3731 σοφοῖς
343 3654 578 3727 ὁμιλεῖν,
607 3651 670 3710 τό
712 3677 770 3712 τε
821 3655 1103 3732 θέλγεσθαι
1152 3657 1347 3714 κάλλει
1405 3661 1759 3736 συγγραμμάο

93 3764 210 3797 των
255 3743 343 3798 καὶ
396 3743 700 3800 ἐπιστολῶν
751 3749 964 3822 χάρισι,
1006 3745 1207 3820 ταύτην
1269 3769 1354 3803 σοι
1411 3750 1510 3819 τήν
1566 3749 1753 3829 σοφίαν

94 3842 532 3912 προσμαρτυρεῖ.

173 3929 300 3988 Τοῖς
330 3923 425 3997 μίν
475 3925 565 3979 οὗν
624 3923 884 3988 παλαιοῖς
940 3924 1164 3989 ἐκείνοις
1225 3928 1486 4003 Καίσαρσι
1535 3929 1599 3984 τὸ
1655 3936 1757 4000 τῆς

97 4013 378 4089 εὐτυχίας,
411 4009 585 4086 ὄνομα
646 4016 848 4089 μέχρις
909 4015 1084 4071 αὐτῶν
1142 4017 1231 4087 ἦν,
1291 4018 1381 4072 καὶ
1440 4015 1617 4081 οὐδεὶς
1647 4023 1754 4074 τῶν

97 4108 284 4180 σοφῶν
318 4101 391 4158 δι’
417 4102 651 4166 ἐκείνους
711 4104 980 4180 εὐτύχησε
1011 4124 1025 4138 ⁶
1059 4109 1126 4179 τῇ
1183 4103 1240 4160 δὲ
1284 4110 1350 4179 σῇ
1413 4106 1753 4183 μεγαλοπρε-

88 4194 222 4263 πείᾳ
253 4192 434 4268 ὥσπερ
467 4191 633 4262 ἡλίου
665 4199 781 4271 φῶς
826 4196 862 4264 ἡ
904 4193 1102 4263 κλῆσις
1143 4194 1352 4270 ἐγένετο
1385 4215 1399 4229 ·
1434 4197 1524 4250 καὶ
1581 4197 1638 4260 ὃς
1682 4195 1753 4253 δι’

87 4281 153 4335 ἄν
202 4302 287 4335 σοι
328 4280 608 4356 πλησιάσῃ
658 4281 811 4346 εὐθὺς
859 4282 1096 4358 εὐτυχεῖ.
1133 4283 1230 4338 Καὶ
1287 4283 1483 4340 τούτου
1545 4286 1749 4362 μαρτύ-

86 4391 210 4443 ριον
244 4370 402 4433 αὐτὸς
435 4376 653 4445 πρῶτος
681 4371 811 4446 ἐγώ.
846 4371 1022 4427 Πάλαι
1086 4373 1180 4444 μὶν
1212 4372 1314 4448 γάσ
1345 4372 1434 4429 ἐπὶ
1482 4379 1603 4438 τοῖς
1651 4373 1751 4431 λό-

83 4477 208 4530 γοις
241 4455 629 4530 ἐθαυμαζόμτ,ν
663 4477 676 4490 ’
708 4461 799 4512 νῦν
834 4455 892 4514 δὲ
923 4457 1008 4513 ἐπὶ
1039 4463 1106 4534 τῇ
1141 4463 1207 4534 σῇ
1240 4459 1400 4539 φιλίᾳ
1449 4448 1747 4535 εὐδόκιμος

87 4541 140 4596 ἐν
176 4549 306 4597 πᾶσι
337 4543 635 4620 γεγένημαι
669 4563 681 4576 ·
716 4547 899 4601 καινὸν
931 4546 1035 4622 γάρ
1085 4568 1142 4602 σε
1191 4553 1298 4602 τῶν
1359 4548 1506 4621 ἐμῶν
1561 4548 1744 4626 λόγων

1872 3305 2222 3377 applausum
2247 3304 2354 3359 tibi
2378 3303 2685 3374 atl‘ero,qui
2708 3319 2894 3374 neque
2917 3300 3296 3374 philosophiae
3329 3317 3520 3372 neque

1869 3394 2210 3466 elequentite
2242 3394 2481 3448 deditus
2510 3391 2693 3447 fuisti.
2728 3392 2852 3447 Non
2885 3392 2968 3446 ita
3007 3397 3222 3446 memet
3269 3390 3514 3461 decipio,

1869 3485 1969 3538 sed
2005 3500 2193 3554 neque
2223 3487 2279 3537 te
2319 3483 2587 3553 decipere
2639 3480 2787 3536 volo.
2829 3480 2974 3536 Nam
3020 3496 3187 3535 amor
3231 3479 3329 3535 ille
3376 3485 3515 3534 tuus

1869 3567 2196 3626 litterarum
2228 3575 2285 3625 et
2313 3569 2590 3625 doctrina;
2622 3569 2912 3634 studium,
2945 3573 3000 3622 et
3030 3567 3176 3624 velle
3221 3568 3518 3639 sapientes

1868 3661 2020 3716 inter
2050 3675 2353 3715 sermones
2385 3658 2738 3723 conversari,
2769 3662 2826 3714 et
2853 3657 3127 3712 delectari
3159 3658 3515 3727 scriptorum

1866 3749 2308 3823 pulchritudine
2369 3753 2426 3804 et
2482 3746 2861 3820 epistolarum
2923 3745 3134 3818 gratia,
3191 3745 3295 3800 tibi
3365 3744 3513 3800 hunc

1866 3839 2060 3895 inesse
2092 3838 2443 3911 sapientiam
2477 3841 2851 3893 attestantur.

1937 3929 2241 3984 Veteribus
2270 3926 2508 3999 quidem
2543 3925 2719 3998 igitur
2751 3924 2881 3980 istis
2911 3923 3234 3980 Caesaribus
3269 3922 3510 3978 felicita-

1865 4015 1942 4070 tis
1974 4031 2185 4070 nomen
2219 4030 2396 4086 penes
2429 4029 2527 4068 eos
2567 4012 2696 4078 fuit,
2747 4012 2848 4068 sed
2897 4010 3095 4066 nullus
3149 4011 3506 4082 sapientium

1865 4122 1967 4177 per
1997 4123 2095 4160 eos
2119 4105 2389 4160 felicitate
2423 4121 2567 4160 usus
2596 4110 2684 4157 cst
2715 4121 2728 4158 ε
2762 4109 2874 4158 tua:
2907 4108 3102 4159 autem
3132 4102 3506 4176 magniﬁcen-

1863 4194 1956 4250 tia:
1989 4201 2054 4248 ut
2084 4194 2278 4249 lumen
2312 4193 2420 4249 soli
2449 4193 2568 4248 haec
2596 4191 2908 4264 appellatio
2952 4192 3252 4261 convenit;
3298 4197 3354 4247 et
3402 4191 3504 4263 qui

1862 4284 1933 4338 ad
1984 4288 2040 4338 te
2097 4283 2410 4339 accesserit
2467 4282 2666 4338 statim
2724 4281 2998 4338 felicitate
3026 4280 3261 4338 fruitur.
3316 4281 3506 4352 Hujus

1861 4388 2095 4444 quoque
2125 4371 2291 4426 testis
2321 4370 2447 4444 ipse
2478 4371 2706 4443 primus
2737 4386 2842 4443 ego
2873 4387 3027 4426 sum.
3059 4369 3209 4426 Olim
3254 4385 3510 4442 namque

1861 4465 2099 4533 propter
2130 4476 2431 4517 sermones
2481 4461 2927 4516 admirationem
2981 4476 3298 4529 moveram,
3350 4475 3507 4514 nunc

1858 4567 1993 4606 vero
2026 4557 2264 4623 propter
2292 4555 2456 4606 tuam
2487 4549 2806 4606 amicitiam
2837 4551 3097 4607 famosus
3120 4549 3274 4622 apud
3302 4565 3508 4605 omnes

89 4631 376 4703 ἐπαινέτην
437 4632 715 4709 εὐτύχηκα
748 4654 761 4668 '
795 4636 883 4690 καὶ
937 4636 1173 4708 μάλιστα
1222 4635 1328 4706 ὅτι,
1358 4637 1485 4700 τοὺς
1540 4635 1749 4703 ἄλλους

1873 4639 2048 4694 :‘actus
2083 4655 2483 4695 διιιηξῐιονυω
2518 4639 2675 4693 enim
2711 4655 2977 4694 meorum
3009 4655 3350 4695 sermonum
3382 4636 3505 4692 lau-

89 4718 292 4799 σοφοῦς
321 4721 473 4799 ἀφεὶς
503 4720 728 4793 (πολλοὶ
785 4720 842 4778 δὲ
899 4721 1028 4786 ἴσως
1089 4724 1219 4780 εἶ’σὶν
1281 4725 1416 4800 ἐμοῦ
1481 4727 1745 4792 καλλίους

84 4815 179 4864 καῖ
219 4809 597 4886 ὑψηλότεροι),
632 4810 694 4867 σὺ
726 4809 783 4867 δὲ
815 4812 1006 4889 βούλει
1036 4818 1144 4869 τῶν
1172 4814 1316 4888 ἐμῶν
1355 4815 1536 4889 μόνων
1589 4817 1744 4892 χαρί-

84 4920 192 4954 των
249 4905 607 4975 κατατρυφᾷν,
670 4903 784 4973 καὶ,
853 4903 946 4965 τὰς
994 4901 1344 4968 ὡκεανίτιδας
1395 4909 1504 4960 τῶν
1571 4904 1743 4961 πάλαι

82 4992 269 5064 σοφῶν
297 4987 613 5044 καταλιπὼν
647 4990 846 5064 πηγὰς,
877 4993 938 5046 τὸ
985 4992 1116 5065 ἐμὸν
1172 4992 1541 5070 Αεπτόρῥυτον
1593 4992 1739 5072 ὕδωρ

79 5076 220 5151 ἀρύῃ
246 5078 336 5132 καὶ
369 5075 568 5152 χανδὸν
601 5078 821 5156 ἐμφορῇ
852 5101 957 5154 μου
989 5085 1088 5136 τοῦ
1119 5081 1376 5156 νάματος.

151 5165 310 5221 Ἀλλ’
331 5165 438 5242 ἐγὼ
475 5168 568 5240 μὲν
619 5166 706 5222 ἐπὶ
754 5189 838 5223 σοι
885 5169 1099 5246 εὐτυχῶ
1151 5173 1240 5226 καὶ
1303 5170 1444 5246 μέγα
1503 5178 1687 5249 φρονῶ
1720 5191 1734 5208 ’

76 5257 159 5309 σοὶ
222 5253 268 5310 δ’
298 5255 400 5332 ἄρα
452 5255 533 5319 τίς
586 5254 797 5331 δαίμων
847 5253 1132 5330 ἐϐάσκηνε,
1163 5258 1252 5315 καί
1300 5260 1555 5334 νοήματά
1607 5283 1730 5317 τινα

77 5341 456 5407 δυσελπιστίας
511 5348 679 5419 μεστά
733 5351 802 5421 τῇ
857 5351 1010 5424 ψυχῆ
1071 5371 1168 5404 σου
1235 5348 1580 5427 παρέφθειρε,
1643 5351 1732 5405 καὶ

79 5431 382 5512 ὑπείληφας
431 5433 512 5489 δτι
563 5456 647 5490 σοι
698 5437 726 5491 ὁ
769 5433 1125 5515 ἀδελφὸς,’ίν’
1156 5437 1328 5500 οὕτως
1381 5438 1593 5512 εἴποιμι
1641 5439 1733 5494 καὶ

74 5524 280 5599 πατὴρ,
336 5522 621 5594 ἠλάττωσε
679 5547 763 5581 σοι
820 5527 920 5596 τήν
991 5531 1216 5605 πρώτην
1283 5527 1582 5603 εὐμένειαν,
1641 5528 1730 5584 καὶ

83 5615 248 5687 μέχρι
301 5617 408 5668 τῶν
464 5615 804 5688 παρασήμων
881 5620 980 5683 τῆς
1055 5617 1312 5694 εὐτυχίας
1383 5617 1728 5694 προαγαγὼν,

81 5711 177 5772 τῆς
226 5703 360 5778 πρὸς
407 5704 466 5760 si
514 5703 721 5768 εὐνοίας
771 5704 1088 5781 ἐπαύσατο,
1121 5709 1244 5768 Τίνι
1289 5711 1416 5784 γοῦν
1464 5705 1550 5763 ἐπὶ
1603 5711 1730 5770 ταῖς

1857 4729 2119 4784 datorem
2156 4727 2400 4784 feliciter
2429 4729 2677 4799 adeptus
2708 4733 2940 4796 sum;et
2971 4727 3292 4799 praesertim
3323 4727 3502 4796 quod,

1857 4816 2002 4872 alios
2044 4817 2338 4887 sapienles
2371 4815 2821 4886 praetermittens
2865 4815 3064 4882 (multi
3111 4823 3308 4870 autem
3358 4816 3504 4868 forte

1855 4913 1995 4961 sunt
2016 4922 2105 4961 me
2128 4906 2399 4960 meliores
2421 4911 2478 4959 et
2499 4903 2986 4975 sublimiores),tu
3001 4904 3087 4960 vis
3112 4906 3253 4959 meis
3275 4907 3502 4958 tantum

1853 4992 2153 5066 leporibus
2184 4992 2481 5057 delectari,
2509 4999 2564 5047 et
2599 4992 2916 5048 Oceanicos
2962 4998 3222 5047 veterum
3271 4988 3504 5061 sapien-

1851 5083 1994 5137 tium
2025 5083 2214 5138 fontes
2245 5079 3028 5152 relinquens,tenuissimam
3063 5094 3252 5135 meam
3283 5092 3499 5148 aquam

1851 5169 2054 5225 hauris
2087 5175 2142 5225 et
2173 5186 2270 5225 ore
2302 5169 2487 5224 hianti
2521 5185 2650 5224 meo
2680 5186 2749 5224 ex
2781 5168 2968 5223 rivulo
2999 5165 3332 5223 inebriaris.

1920 5261 2030 5316 Sed
2055 5275 2160 5332 ego
2183 5259 2418 5330 quidem
2444 5258 2513 5313 de
2536 5261 2588 5312 te
2605 5257 2747 5312 mihi
2774 5257 3038 5329 gratulor
3057 5254 3496 5327 etglorior,Tibi

1847 5350 2002 5408 enim
2023 5350 2157 5422 quis
2177 5350 2403 5405 daemon
2422 5347 2724 5416 invidit,et
2741 5347 3194 5421 cogitationibus
3217 5347 3496 5419 despera-

1847 5441 2004 5495 tione
2037 5437 2225 5510 plenis
2252 5443 2506 5493 mentem
2542 5441 2699 5492 luam
2735 5437 3015 5509 corrupit,
3039 5442 3100 5491 ut
3131 5434 3500 5492 arbitrareris

1844 5534 2007 5586 tuum
2029 5529 2457 5598 fratrem,etuta
2475 5527 2661 5583 dicam
2683 5533 2929 5600 patrem,
2949 5526 3322 5583 imminuisse
3340 5525 3496 5598 prio-

1843 5635 1966 5674 rem
1988 5618 2044 5674 in
2062 5622 2118 5674 te
2132 5617 2578 5690 benignitatem,
2600 5616 2738 5672 etad
2757 5615 3051 5672 felicitatis
3069 5614 3369 5688 fastigium
3391 5615 3496 5670 ad-

1842 5708 1874 5763 d
1886 5711 2148 5765 ucentem
2160 5703 2646 5774 ,benevolentiam
2658 5704 2717 5761 in
2736 5710 2789 5762 te
2802 5704 3299 5779 deposuisse?Quo
3315 5703 3501 5778 igitur
