4056 6346
502 367 651 429 1183

1827 365 2249 426 MICHAELIS
2294 366 2386 426 PS
2399 366 2566 425 ELLI

3759 364 3923 424 1184

499 500 569 556 de
601 500 796 556 fratris
826 497 1077 571 egregiis
1106 496 1345 553 dotibus
1376 500 1524 552 teste
1556 496 1718 552 utar?
1745 512 1918 567 quem
1952 496 2134 552 alium

2271 498 2344 549 σοῦ
2394 491 2632 570 ἀδελφοῦ
2681 492 2980 556 καλλοναῖς
3033 496 3265 567 μάρτυρι
3316 495 3638 568 χρήσομαις
3688 492 3822 548 τίνα
3869 490 3922 546 δὲ

498 591 789 662 proferam
823 605 997 643 sacrae
1030 586 1191 641 illius
1220 586 1427 642 animm
1459 586 1902 641 veracissimum
1925 584 2145 641 descri-

496 684 723 750 ptorem
748 682 770 732 9
799 676 972 732 Solus
1002 676 1129 747 ipse
1162 676 1441 743 sufﬁcies,
1496 676 1595 747 qui
1652 680 1784 731 ante
1833 675 2145 746 imperium

495 768 683 822 virum
717 766 863 820 mihi
895 781 1046 836 saepe
1079 765 1479 837 depinxisti,et
1510 769 1641 836 post
1672 764 1985 836 imperium
2008 764 2149 819 talia

496 855 666 910 nobis
696 853 930 909 locutus
961 870 1024 909 es
1057 871 1072 909 :
1106 877 1134 905 ‹‹
1170 858 1374 910 Nonne
1407 854 1541 909 talis
1568 854 1751 908 frater
1778 858 1866 909 est
1913 852 2145 924 qualem

496 943 607 998 tibi
638 959 771 998 eum
805 942 1093 1015 descripsi
1124 948 1179 999 et
1206 942 1487 998 veraciter
1516 942 1778 1015 depinxi?
1798 964 1825 992 »
1859 943 2147 998 Memento

496 1031 756 1104 epistola:
788 1049 855 1087 ex
884 1033 1103 1087 Edessa
1131 1037 1188 1087 et
1217 1048 1555 1088 sermonum
1580 1030 2148 1103 posteriorum.Quid

498 1126 691 1178 autem
727 1120 831 1176 tali
864 1121 1062 1192 plures
1092 1137 1277 1176 annos
1306 1121 1364 1175 in
1414 1122 1626 1176 virtute
1675 1126 2053 1176 conversatus
2095 1123 2152 1174 et

497 1211 557 1265 in
588 1227 794 1266 omnes
818 1210 1111 1282 benignus
1141 1215 1197 1265 et
1229 1209 1821 1266 benevolentissimus
1848 1210 2057 1275 factus,
2090 1207 2149 1262 in

495 1304 555 1356 te
584 1299 709 1356 solo
742 1300 1077 1355 immutavit
1106 1299 1323 1355 mentis
1355 1300 1779 1371 ingenuitatem
1799 1300 1826 1354 ?
1858 1300 1939 1353 Ne
1968 1299 2025 1353 id
2060 1315 2149 1353 ar-

499 1389 754 1457 bitreris,
788 1389 1007 1460 optime
1029 1390 1283 1445 virorum
1308 1390 1659 1446 omnium.Si
1684 1389 1837 1444 enim
1867 1405 1958 1443 me
1980 1391 2151 1458 putas

500 1478 562 1533 in
597 1477 851 1533 animam
886 1479 1174 1549 inspicere
1205 1495 1377 1549 posse
1404 1484 1461 1532 et
1482 1478 1709 1532 occulta
1730 1483 1786 1532 et
1809 1478 2154 1532 abscondita

504 1583 746 1623 noscere
779 1566 1036 1633 solertia,
1069 1568 1175 1621 tibi
1210 1584 1375 1622 mens
1405 1567 1563 1621 illius
1590 1568 1868 1633 adhaeret,
1900 1567 2151 1621 benevo-

502 1656 684 1715 lentia
713 1656 773 1711 in
799 1661 853 1712 te
884 1658 1172 1713 asseritur
1200 1661 1257 1711 et
1288 1662 1535 1729 augetur
1558 1655 1994 1728 benignitas.’l‘u
2020 1672 2151 1710 vero

507 1746 703 1801 noscis
730 1746 941 1801 melius
975 1763 1152 1818 quam
1184 1762 1289 1818 ego
1318 1751 1487 1801 tuum
1519 1746 1759 1800 fratrem
1791 1762 1904 1801 non
1938 1744 2154 1799 habere

501 1836 821 1892 adulatorie
840 1835 1179 1906 indolem,et
1198 1836 1638 1905 amicitiamque
1656 1835 2151 1905 concordiamque

508 1942 623 1981 non
654 1925 712 1980 in
736 1942 835 1981 ore
864 1925 1292 1995 clamitare,sed
1320 1926 1377 1980 in
1401 1930 1595 1979 mente
1617 1924 2148 1980 abscondere.Nam

506 2015 799 2072 labiorum
828 2015 1013 2086 elogia
1041 2015 1260 2086 linquit
1288 2014 1426 2069 viris
1458 2013 1723 2069 delicatis
1754 2018 1811 2069 et
1840 2013 2151 2085 obsequio-

514 2106 634 2173 sis;
681 2105 803 2176 ipse
856 2109 1051 2161 autem
1111 2104 1423 2175 antiquum
1477 2120 1846 2159 summorum
1904 2102 2163 2157 virorum

513 2213 736 2251 morem
773 2196 1039 2251 imitatur
1072 2202 1128 2250 et
1164 2195 1426 2261 sublimi,
1462 2194 1687 2266 judicio
1723 2195 2004 2267 prmditus
2037 2201 2154 2249 est:

514 2285 757 2340 minime
805 2283 865 2339 in
925 2284 1141 2339 amicos
1204 2284 1476 2339 intonare
1531 2282 1755 2352 volens,
1801 2282 2160 2355 tranquillus

510 2379 600 2429 est
621 2378 676 2428 et
699 2378 1252 2444 serenus,tanquam
1275 2372 1498 2445 zephiri
1520 2390 1664 2428 aura
1684 2373 1742 2428 in
1766 2374 1996 2429 animos
2020 2372 2163 2427 ami-

513 2478 711 2517 corum
737 2462 992 2533 spirans.
1013 2462 1101 2517 Me
1125 2462 1308 2534 igitur
1327 2479 1481 2534 sepe
1512 2462 1742 2534 decepit
1774 2479 1889 2518 non
1920 2478 2161 2516 currens

512 2552 583 2607 ad
617 2557 1018 2607 accurrentem
1052 2568 1241 2623 neque
1268 2552 1525 2607 suaviter
1571 2550 1970 2623 amplectens;
2021 2555 2162 2604 tunc

515 2641 692 2696 etiam
724 2657 817 2695 res
848 2640 994 2695 mihi
1026 2646 1401 2713 contemptus
1430 2641 1759 2707 videbatur,
1792 2641 2001 2696 deinde
2031 2656 2162 2695 vero

515 2729 673 2785 brevi
707 2728 874 2785 illum
904 2734 1243 2801 penetrans,
1295 2732 1494 2802 potius
1548 2735 1753 2801 expeto
1810 2734 1874 2785 ut
1920 2729 1979 2784 in
2028 2745 2162 2786 sen-

510 2818 695 2875 tentia
724 2825 1052 2891 perseveret
1084 2836 1261 2890 quam
1298 2825 1359 2874 ut
1391 2836 1615 2875 morem
1649 2823 1859 2874 mutet.

2258 585 2428 640 ἄλλον
2492 579 2877 659 προϐαλοῦμαι
2924 591 3022 655 τῆς
3071 587 3216 659 ἱερᾶς
3266 583 3472 638 ἐκείνου
3521 587 3713 660 ψυχῆς
3786 584 3924 637 συνί-

2260 696 2427 749 στορα
2476 670 2898 750 ἁκριϐἑστατονς
2952 674 3192 748 ἀρκέσεις
3268 674 3432 746 μόνος
3491 674 3670 744 αὐτὸς,
3724 675 3790 737 ὃς
3834 675 3919 726 καὶ

2257 765 2364 837 πρὸ
2393 769 2490 819 τοῦ
2522 765 2753 839 κράτους
2783 766 2877 819 τὸν
2909 762 3075 839 ἄνδρα
3135 785 3226 837 μοι
3274 761 3545 825 πολλάκις
3594 764 3920 837 ὑπεζωγρά-

2260 874 2459 932 φησας,
2514 855 2603 908 καὶ
2669 855 2802 927 μετὰ
2860 855 2922 908 τὸ
2990 855 3187 927 κράτος
3256 857 3480 908 τοιαῦτα
3549 854 3691 929 πρὸς
3769 855 3919 924 ἡμᾶς

2260 943 2523 1021 ἐφθέγγου
2556 962 2570 976 ·
2609 967 2636 995 κ
2667 945 2784 1019 Ἆρ’
2827 942 2955 1018 οὐχὶ
3002 946 3252 1004 τοιοῦτος
3303 944 3330 997 ὁ
3382 940 3617 1008 ἁδελφὸς
3665 942 3790 996 οἷόν
3838 962 3920 995 σοι

2265 1036 2509 1087 «τοῦτον
2547 1033 2797 1107 ἱστόρουν
2848 1032 2937 1086 καὶ
2990 1028 3228 1107 ἀκριϐῶς
3270 1028 3544 1109 ἔγραφονς
3582 1056 3609 1081 ››
3643 1032 3923 1102 Ἀναμνή-

2262 1122 2419 1192 σθητί
2474 1144 2566 1195 μοι
2613 1122 2702 1176 καὶ
2749 1126 2846 1176 τοῦ
2902 1121 2952 1192 ἐξ
3004 1120 3259 1191 Ἐδέσσης
3292 1121 3615 1197 γράμματος
3664 1122 3761 1175 καὶ
3810 1126 3918 1174 τῶν

2266 1212 2398 1284 μετά
2443 1216 2609 1265 ταῦτα
2654 1209 2859 1286 λόγων.
2911 1211 2974 1267 Τί
3028 1208 3085 1264 δὲ
3139 1211 3167 1265 ὁ
3222 1210 3456 1284 τοσαύτῃ
3508 1209 3594 1263 ἐπὶ
3659 1207 3920 1264 πλείοσιν

2261 1299 2402 1355 ἔτεσι
2433 1301 2747 1377 συντραφεὶς
2798 1300 2962 1376 ἀρετῇ
3013 1299 3102 1354 καὶ
3135 1305 3296 1353 πᾶσιν
3342 1296 3582 1367 ἐπιεικὴς
3630 1298 3723 1351 καὶ
3775 1318 3920 1373 χρη·

2263 1389 2517 1451 στότατος
2545 1390 2808 1465 γεγονὼς,
2842 1389 2930 1443 ἐπὶ
2983 1389 3065 1443 σοὶ
3110 1388 3262 1461 μόνῳ
3323 1387 3630 1460 μετήλλαξε
3675 1390 3781 1455 τήν
3838 1386 3921 1441 εὐ-

2260 1478 2465 1554 γένειαν
2510 1486 2609 1548 τῆς
2654 1482 2879 1553 ψυχῆςς
2932 1480 3007 1551 μὴ
3066 1482 3226 1532 τοῦτο
3273 1475 3413 1545 οἷόυ,
3458 1476 3725 1532 κάλλιστε
3787 1475 3919 1529 πάν-

2261 1589 2368 1621 των
2414 1565 2645 1643 ἀνδρῶν.
2685 1567 2743 1623 Εἰ
2802 1568 2906 1642 γάρ
2968 1587 3035 1640 με
3091 1565 3190 1621 οῗει
3249 1565 3325 1627 εἷς
3381 1568 3564 1640 ψυχὴν
3599 1565 3919 1640 παρακύψαι

2265 1655 2562 1729 δυνάμενον
2590 1658 2676 1711 καὶ
2726 1657 2927 1734 κρύφια
2978 1661 3163 1729 μαθεῖν
3212 1655 3301 1710 καὶ
3356 1654 3641 1730 ἀπόρρητα
3685 1655 3919 1729 γνώμης

2266 1746 2507 1816 ὀξύτητι,
2538 1744 2909 1820 ἐνεστήρικταί
2940 1766 3027 1800 σοι
3075 1747 3108 1815 ἡ
3159 1744 3363 1799 ἐκείνου
3401 1744 3593 1819 γνώμη
3651 1744 3743 1798 καὶ
3795 1764 3925 1817 προ-

2262 1835 2493 1899 τέθειταί
2549 1856 2633 1890 σἰι
2688 1836 2750 1890 τὸ
2808 1832 2989 1889 εὔνουν
3046 1835 3138 1889 καὶ
3187 1834 3416 1905 ηὔξηται
3535 1833 3814 1906 εὐμένεια.
3847 1834 3922 1885 ΣΞ)

2263 1923 2319 1979 δὲ
2369 1921 2518 1988 οἶδας
2566 1924 2700 1997 ἐμοῦ
2747 1922 2977 1979 κάλλιον
3029 1924 3121 1978 τὸν
3170 1924 3259 1977 σὸν
3310 1921 3543 1999 ἀδελφὸν
3584 1922 3671 1977 ὅτι
3725 1921 3926 1978 ἀκολά-

2268 2034 2454 2069 κευτον
2510 2011 2626 2089 ἔχει
2677 2014 2739 2067 τὸ
2789 2014 2947 2082 ἦθος,
2978 2014 3067 2067 καὶ
3116 2013 3214 2081 τήν
3262 2010 3445 2090 φιλίαν
3490 2012 3580 2067 καὶ
3621 2013 3722 2080 τήν
3774 2012 3929 2085 εὐμέ-

2269 2123 2411 2156 νειαν
2464 2101 2563 2157 οὐκ
2610 2100 2660 2155 ἐν
2714 2106 2783 2175 τῇ
2839 2100 3062 2176 γλώσσῃ
3093 2101 3362 2174 σαλπίζει,
3396 2100 3525 2159 ἀλλ’
3554 2101 3606 2157 ὲν
3665 2106 3735 2175 τῇ
3770 2105 3925 2175 ψυχῇ

2270 2191 2651 2262 κατακρύπτει.
2702 2193 2808 2260 Τὴν
2858 2192 2962 2267 γὰρ
3014 2192 3066 2246 ἐν
3138 2190 3381 2267 χείλεσιν
3435 2193 3708 2269 εὐφημίαν
3774 2211 3928 2265 περι-

2272 2282 2455 2356 ἐργοις
2516 2281 2718 2357 ἀφῆκεν
2788 2278 3008 2353 ἀνδράσι
3052 2281 3141 2335 καὶ
3196 2280 3583 2354 εὐτραπέλοις·
3644 2281 3820 2340 αὐτὸς
3878 2278 3934 2333 δὲ

2269 2370 2332 2424 τὸ
2387 2371 2615 2444 ἀρχαῖον
2670 2375 2777 2424 τῶν
2846 2370 3113 2444 μεγίστων
3164 2367 3370 2443 ἀνδρῶν
3431 2369 3743 2443 μεμίμηται
3800 2370 3937 2436 ἦθος

2270 2460 2360 2513 καὶ
2393 2457 2725 2537 ὑψηλόφρων
2769 2460 2896 2533 ἄγαν
2950 2458 3102 2514 ἐστί’
3140 2461 3369 2533 βροντᾷν
3430 2456 3487 2513 δὲ
3540 2458 3744 2527 ἥκιστα
3801 2460 3933 2532 πρὸς

2270 2548 2397 2610 τοὺς
2430 2547 2621 2626 φίλους
2658 2545 3017 2624 βουλόμενος,
3052 2548 3197 2610 λεῖος
3248 2548 3357 2603 ἐστὶ
3402 2548 3492 2603 καὶ
3543 2547 3802 2618 ἀκύμων,
3838 2547 3934 2601 ὥς·

2271 2658 2369 2711 περ
2406 2637 2635 2711 ζεφύρου
2681 2642 2893 2711 πνεῦμα
2934 2644 3052 2700 ταῖς
3089 2643 3195 2692 τῶν
3255 2638 3601 2715 φιλουμένων
3655 2636 3925 2691 ἐπιπνέων

2272 2731 2497 2802 ψυχαῖς.
2531 2729 2663 2801 Ἐμὲ
2701 2732 2828 2802 γοῦν
2856 2725 3129 2791 πολλάκις
3170 2727 3417 2797 ήπάτησε
3470 2728 3545 2800 μὴ
3606 2724 3933 2798 συνδραμὼν

2272 2814 2677 2891 προσδραμόντι
2714 2815 2855 2890 μηδὲ
2882 2815 3059 2887 ἡδέως
3091 2816 3569 2889 κατασπασάμενος
3604 2835 3617 2847 ’
3661 2817 3755 2870 καὶ
3816 2816 3933 2869 τότε

518 2906 614 2979 μὲν
644 2906 943 2981 παρόρασιν
977 2904 1320 2979 ἐλογισάμην
1350 2906 1415 2960 τὸ
1446 2912 1675 2981 πρᾶγμα
1710 2924 1721 2935 ·
1752 2906 1864 2960 εἶτα
1895 2902 1984 2976 δὴ,
2016 2900 2335 2982 καταϐραχὺ
2368 2906 2568 2966 συνιεὶς
2617 2905 2845 2975 ἐκείνου,
2882 2906 3094 2981 μᾶλλον
3143 2905 3386 2977 ἐπιζητῶ
3432 2912 3533 2975 τῆς
3583 2905 3822 2981 γνώμης
3875 2906 3930 2957 τὸ

511 2995 735 3065 σύνηθες
764 2994 800 3063 ἢ
831 2998 929 3064 τὴν
961 2998 1058 3050 τοῦ
1088 2992 1259 3063 ἤθους
1292 2992 1674 3069 μεταλλαγήν.

583 3119 737 3176 Talis
768 3126 855 3177 est
886 3126 1117 3189 mente;
1152 3125 1209 3176 et
1232 3121 1514 3177 scientem
1547 3126 1603 3176 te
1632 3120 1779 3176 illud
1811 3137 1917 3177 cur
1958 3136 2169 3177 mmror

513 3208 757 3276 invadit,
787 3226 916 3265 cum
953 3215 1220 3281 oporteat
1251 3212 1450 3282 potius
1497 3209 1802 3283 complecti
1852 3226 2058 3281 puram
2114 3216 2168 3267 et

517 3299 809 3353 sinceram
835 3298 1207 3370 imperatoris
1237 3298 1536 3355 indolem?

587 3388 706 3459 Ego
738 3387 918 3459 igitur
946 3388 1057 3459 ipsi
1080 3393 1244 3444 tuam
1268 3388 1533 3461 relegens
1554 3387 2161 3461 epistolam,videbam

517 3476 810 3546 quomodo
842 3476 963 3533 haec
994 3478 1229 3549 quidem
1262 3478 1652 3547 subriderent,
1684 3477 1784 3532 illa
1823 3493 1957 3533 vero
2004 3476 2159 3533 dele-

518 3568 764 3621 ctarent.
799 3565 943 3621 Cum
972 3572 1168 3623 autem
1199 3568 1450 3639 legerem
1484 3566 1564 3622 illi
1598 3567 1950 3623 monachum
1982 3571 2038 3621 et
2078 3566 2165 3621 in-

503 3659 733 3726 tegram
766 3654 1173 3723 mutationem,
1208 3674 1415 3727 parum
1448 3657 1636 3712 abfuit
1681 3656 1821 3728 quin
1874 3656 2161 3728 lacryma-

511 3748 692 3815 retur,
726 3743 839 3799 nisi
871 3761 905 3799 a
950 3762 1037 3800 me
1086 3746 1409 3817 impeditus
1459 3745 1686 3813 fuisset,
1742 3749 1797 3800 et
1846 3760 2053 3817 parum
2104 3748 2161 3799 te

508 3831 827 3889 incusaret.
863 3834 944 3889 De
974 3834 1285 3890 Antiochia
1316 3833 1646 3907 apologiam
1679 3834 1949 3902 faciebat,
1992 3834 2159 3904 jura-

509 3927 705 3978 menta
755 3923 975 3978 addens
1027 3924 1183 3994 quod
1234 3940 1349 3979 non
1396 3925 1561 3993 juxta
1610 3928 1772 3978 tuam
1823 3922 2158 3994 opinionem

507 4011 851 4067 mandatum
882 4011 1069 4067 latum
1102 4013 1403 4080 fuerit,sed
1439 4017 1503 4067 ut
1532 4017 1907 4085 cognosceret
1936 4010 2157 4082 aliquid

506 4115 575 4154 ex
604 4104 659 4156 te
689 4117 893 4156 eorum
944 4118 1072 4171 quze
1119 4100 1219 4157 ille
1268 4101 1496 4157 occulta
1549 4101 1737 4174 magis
1784 4105 1971 4156 erant.
2024 4102 2157 4167 Quas

504 4189 633 4244 visa
662 4195 801 4245 sunt
831 4190 939 4245 tibi
972 4191 1293 4261 conspicua
1324 4190 1493 4263 signa
1524 4192 1674 4247 dixit
1704 4207 1833 4247 esse
1873 4205 2155 4246 sensuum

504 4295 623 4332 sua:
670 4278 886 4334 mentis
937 4278 1311 4348 eximiorum,
1362 4280 1625 4350 sincerae,
1676 4281 1940 4351 inquam,
1996 4278 2054 4332 in
2102 4283 2157 4333 te

500 4366 931 4437 dispositionis,
972 4367 1245 4423 fraterna)
1290 4368 1726 4436 benevolentia,
1783 4368 1842 4422 in
1887 4367 2155 4423 eamdem

500 4453 859 4510 voluntatem
885 4456 1295 4512 unanimitatis
1321 4462 1378 4512 et
1397 4456 2160 4528 concordiae,quibusaddu-

504 4548 636 4599 ctus
666 4548 721 4599 te
753 4544 813 4598 in
846 4544 1077 4617 imperii
1106 4546 1394 4602 vestibulo
1428 4546 1632 4603 statuit
1681 4551 1738 4602 et
1788 4563 2003 4619 magna
2050 4546 2156 4601 tibi

500 4648 606 4704 per
635 4631 865 4690 minora
893 4633 1192 4692 indicavit.

575 4811 633 4866 Si
664 4811 846 4885 igitur
876 4813 1171 4870 sincerum
1208 4831 1300 4871 me
1332 4815 1588 4870 amicum
1619 4816 1858 4885 reputas
1888 4816 1945 4869 et
1972 4812 2152 4868 veris-

2336 4813 2395 4870 Ei
2446 4811 2538 4867 οῦν
2612 4811 2971 4887 ἀνυπόκριτόν
3036 4832 3102 4884 με

502 4899 746 4970 simum,
780 4907 837 4958 et
867 4904 1135 4976 apprime
1185 4906 1301 4958 scis
1352 4918 1444 4957 me
1499 4902 1673 4957 fidem
1723 4919 1837 4958 non
1891 4902 2164 4959 fraudare

501 5007 607 5046 nec
640 4992 989 5062 amicitiam,
1022 4992 1198 5047 talem
1233 4990 1334 5046 tibi
1385 4991 1626 5048 fratrem
1675 4992 1918 5063 conjice,
1970 4990 2163 5064 qualis

502 5096 808 5151 nunquam
841 5080 993 5136 alius
1029 5082 1207 5135 frater
1236 5079 1295 5134 in
1329 5079 1588 5135 amicitia
1617 5086 1673 5136 et
1704 5081 1937 5137 sincera
1964 5080 2164 5136 volun-

500 5173 624 5225 tate
655 5170 784 5225 fuit.

578 5259 826 5314 Omnem
864 5258 1045 5330 igitur
1075 5258 1270 5315 luctus
1311 5262 1658 5330 praetextum
1708 5275 1775 5314 ex
1825 5258 2020 5314 animo
2065 5274 2161 5313 ex-

505 5347 754 5420 pellens.
786 5346 1020 5403 dulcem
1048 5363 1214 5421 spem
1245 5348 1505 5421 concipe;
1554 5353 1610 5404 et
1659 5348 1885 5404 conﬁde
1936 5347 1993 5402 in
2046 5348 2161 5402 fra-

504 5440 654 5492 trem
686 5443 853 5493 tuum
887 5443 945 5494 et
974 5440 1306 5495 dominum.
1340 5438 1406 5493 Et
1435 5439 1483 5493 si
1517 5438 1658 5510 quid
1694 5440 1909 5510 saepius
1960 5440 2163 5492 contra

506 5525 871 5583 voluntatem
904 5528 1134 5593 accidit,
1160 5528 1216 5582 id
1252 5533 1459 5600 reputa
1490 5544 1557 5583 ex
1587 5525 1878 5599 imperiali
1911 5523 2162 5579 admini-

516 5614 819 5681 stratione,
854 5620 910 5669 et
942 5617 1138 5686 potius
1168 5616 1267 5672 Dei
1303 5615 1663 5688 providentia
1693 5614 2013 5686 provenire.
2056 5612 2164 5667 Per

513 5706 679 5756 tuum
712 5719 945 5758 sacrum
979 5710 1173 5776 caput,
1204 5705 1507 5760 felicitates
1553 5704 1822 5759 maxima
1870 5704 2160 5774 guberna-

2346 3121 2611 3185 Τοιοῦτός
2662 3122 2772 3177 ἐστι
2830 3123 2929 3191 τήν
2987 3124 3195 3197 ψυχήν.
3247 3120 3344 3175 Καὶ
3398 3118 3565 3175 εἲδότι
3619 3140 3706 3173 σοι
3770 3125 3932 3174 τοῦτο

2277 3207 2367 3263 διὰ
2411 3209 2464 3264 τί
2512 3210 2839 3284 προσπίπτει
2897 3210 3036 3279 ἀνία,
3071 3208 3189 3264 δεον
3227 3208 3440 3282 μᾶλλον
3489 3209 3826 3277 ἀσπάζεσθαι
3878 3210 3931 3261 τὸ

2274 3300 2508 3373 καθαρὸν
2536 3300 2625 3353 καὶ
2656 3298 2931 3354 ἄπλαστον
2958 3303 3053 3353 τοῦ
3089 3298 3357 3374 βασιλέως
3392 3296 3593 3371 ἰδίωμα
3622 3315 3635 3365 ;

2346 3390 2545 3464 ’¹Εγωγ’
2576 3389 2666 3442 οῦν
2698 3388 2843 3460 αὐτῷ
2887 3390 2986 3458 τὴν
3042 3390 3139 3457 σήν
3188 3386 3646 3463 ὑπαναγινώσκων
3704 3385 3926 3441 {1:13:0-

2274 3475 2376 3546 λήν
2432 3478 2616 3552 ἑώρων
2660 3477 2807 3539 ὅπως
2855 3478 2921 3532 τὰ
2975 3478 3071 3550 μὶν
3114 3474 3289 3546 ἡδέως
3338 3472 3715 3552 προσεμειδῖα,
3747 3476 3823 3529 τά
3878 3474 3929 3530 δὲ

2271 3566 2579 3642 ἱλαρύνετο.
2638 3570 2763 3620 ’Ὀτε
2835 3564 2892 3621 δὲ
2964 3565 3263 3641 ἐπανὲγνων
3331 3566 3474 3637 αὐτῷ
3528 3566 3617 3619 τὸν
3678 3566 3925 3639 μοναχὸν

2270 3656 2358 3710 καὶ
2415 3657 2513 3725 τὴν
2571 3655 2769 3731 ἀθρόαν
2830 3653 3149 3725 ἀλλοίωσιν,
3186 3659 3383 3730 μικροῦ
3423 3652 3530 3709 δεῖν
3590 3655 3680 3707 καῖ
3736 3652 3921 3726 ἐξεδά-

2268 3765 2482 3817 κρυσεν,
2518 3744 2562 3798 εἷ
2596 3742 2651 3799 δὲ
2680 3747 2755 3817 μή
2794 3765 2887 3818 μοι
2920 3742 3139 3820 ἄχθοιο,
3172 3742 3259 3798 καί
3314 3743 3493 3820 βραχύ
3538 3743 3591 3798 τί
3640 3764 3735 3796 σου
3796 3765 3920 3797 κατ-

2271 3834 2574 3907 εμέμψατο.
2632 3832 3022 3908 Ἀπελογίσατο
3083 3831 3140 3888 δὲ
3195 3833 3284 3887 καὶ
3359 3833 3481 3908 περί
3554 3838 3652 3900 τῆς
3713 3833 3922 3886 Ἀντιο-

2270 3923 2443 3997 χείας,
2494 3922 2689 3993 ὅρκους
2749 3922 3019 3998 ἀρρήτους
3073 3922 3326 3993 προσθεὶς
3372 3922 3454 3976 ὅτι
3509 3922 3585 3994 μὴ
3634 3922 3775 3975 κατὰ
3832 3922 3923 3981 τὰς

2272 4013 2364 4075 σᾶς
2426 4011 2731 4085 ὑπολήψεις
2788 4016 2821 4081 ἡ
2882 4012 3173 4085 πρόσταξις
3244 4012 3486 4085 γέγονεν,
3545 4008 3672 4064 ἀλλ’
3721 4008 3819 4064 ’ἕνα
3874 4033 3920 4064 τι

2268 4102 2421 4178 γνοίη
2484 4102 2628 4177 παρά
2681 4106 2776 4155 σοῦ
2826 4105 2935 4155 τῶν
2993 4099 3165 4155 ἐκεῖσε
3213 4098 3689 4175 άπορῥητοτὲρων.
3735 4100 3815 4151 Τά
3872 4098 3923 4152 δὲ

2270 4190 2566 4267 φαινόμενά
2622 4212 2706 4245 σοι
2765 4190 3063 4265 παράσημα
3121 4194 3325 4261 σημεῖα
3372 4184 3567 4265 ἔφησεν
3616 4190 3754 4241 εἶναι
3814 4192 3920 4241 τῶν

2270 4278 2322 4333 ἐν
2373 4283 2441 4353 τῇ
2498 4283 2652 4353 ψυχῇ
2708 4281 3072 4353 παρασήμων,
3134 4279 3276 4355 φημὶ
3355 4273 3421 4343 δὴ
3498 4282 3601 4344 τῆς
3669 4276 3809 4348 πρὸς
3872 4277 3921 4328 σὲ

2265 4370 2500 4443 καθαρᾶς
2552 4366 2859 4435 διαθέσεως,
2915 4374 3017 4436 τῆς
3090 4363 3390 4444 ἀδελφικῆς
3466 4365 3769 4437 εὐμενείας,
3825 4372 3920 4432 τῆς

2268 4457 2345 4521 εἷς
2398 4459 2459 4513 τὸ
2514 4457 2643 4512 αὐτὸ
2691 4454 2908 4529 θέλημα
2954 4456 3255 4529 συμπνοίας
3305 4475 3363 4509 τε
3428 4454 3517 4507 καὶ
3569 4453 3919 4523 συννεύσεως,

2266 4546 2353 4621 ἀφ’
2410 4547 2482 4600 ὧν
2540 4545 2864 4618 κινούμενος
2921 4542 2972 4598 ἐν
3055 4544 3350 4619 προθύροις
3429 4563 3485 4596 σε
3538 4546 3638 4595 τοῦ
3693 4541 3921 4615 κράτους

2266 4634 2457 4706 ἔστησε
2486 4654 2499 4667 ·
2533 4634 2623 4689 καὶ
2671 4635 2739 4689 τὰ
2786 4632 2997 4710 μεγάλα
3047 4633 3135 4687 διά
3178 4635 3286 4687 τῶν
3338 4631 3674 4706 μικροτέρων
3718 4630 3915 4706 ἐχαραο

2262 4727 2537 4797 κτήρισεν.

3162 4810 3320 4887 φίλον
3379 4804 3788 4882 ὑπολαμϐάνεις
3835 4810 3917 4863 καῖ

2272 4900 2658 4973 ἀληθέστατον,
2714 4900 2803 4956 καὶ
2883 4895 3123 4976 ἀκριϐῶς
3180 4896 3329 4962 οἶδας
3396 4899 3469 4959 ὡς
3525 4898 3590 4952 οὐ
3646 4896 3914 4971 ψεύδομαι

2271 4991 2450 5046 πίστιν
2480 4988 2605 5045 οὐδὲ
2636 4990 3109 5066 φιλίαν,τοιοῦτόν
3142 5010 3225 5043 σοι
3246 4989 3336 5043 τὸν
3370 4984 3605 5064 ἀδελφὸν
3638 4986 3914 5053 ἐπίστασο,

2272 5082 2459 5134 ὁποῖον
2496 5080 2597 5134 οὐκ
2628 5077 2800 5142 ἄλλος
2825 5077 3034 5153 ἐγένετο
3066 5076 3141 5139 εἷς
3174 5076 3357 5155 φιλίαν
3391 5072 3626 5152 ἀδελφὸς
3649 5074 3743 5129 καὶ
3777 5076 3918 5147 ἀκριο

2272 5164 2533 5238 ϐεστάτην
2564 5166 2821 5224 διάθεσιν.

2344 5260 2521 5309 Πᾶσαν
2583 5252 2675 5309 οῦν
2751 5254 2933 5324 λύπης
3004 5254 3256 5309 ὑπόθεσιν
3310 5248 3605 5308 ἀποϐαλὼν
3650 5260 3756 5322 τῆς

2271 5350 2404 5419 χῆς,
2459 5342 2741 5418 γλυκείαις
2801 5340 2983 5397 ἐλπίσι
3043 5342 3254 5411 σύνεσο,
3311 5344 3402 5397 καί
3458 5341 3639 5417 θάρρει
3702 5342 3791 5396 ἐπὶ
3846 5348 3915 5413 τῷ

2270 5430 2492 5509 ἀδελφῷ
2546 5432 2636 5486 καὶ
2694 5430 2944 5507 δεσπότῃ,
2988 5431 3092 5487 Κᾶν
3138 5431 3193 5486 εἷ’
3240 5432 3291 5486 τί
3342 5453 3426 5486 σοι
3482 5429 3761 5493 πολλάκις
3816 5436 3910 5485 τῶν

2271 5516 2595 5592 ἀϐουλήτων
2630 5521 2940 5597 συμπίπτῃ,
2973 5520 3293 5595 οἷκονομίαν
3337 5524 3495 5573 τοῦτο
3543 5516 3713 5594 δέχου
3771 5522 3912 5594 βασι-

2272 5608 2437 5680 λικήν
2492 5610 2582 5664 καὶ
2644 5610 2880 5682 μάλιστα
2937 5614 3072 5665 Θεοῦ
3122 5609 3401 5685 πρόνοιαν.
3456 5609 3542 5677 Νὴ
3594 5609 3695 5676 τὴν
3770 5612 3908 5681 ἱεράν

2270 5720 2365 5755 σου
2388 5700 2489 5774 γὰρ
2520 5698 2786 5777 κεφαλὴν,
2820 5700 2875 5754 αἱ
2908 5699 3155 5773 μέγισται
3204 5702 3310 5753 τῶν
3356 5697 3624 5772 εὐτυχιῶν
3682 5694 3909 5772 ἀκυϐέρ-
