4056 6346
180 466 341 526 “35
631 418 636 422 ’
1633 454 2142 518 FRAGMENTA.
3437 462 3591 530 “se

179 615 341 667 νητοι
377 591 626 668 μείνασαι
653 589 785 654 τοὺς
830 589 1198 664 κεκτημένους
1249 587 1522 652 πολλάκις
1567 608 1778 644 καταπο

1992 588 2114 644 lone
2144 588 2437 645 destituta
2466 589 2681 662 saepius
2712 608 3086 665 possessores
3133 613 3275 654 suos
3323 599 3383 655 in
3434 617 3594 658 mare

178 684 411 754 τέξουσι.
446 687 536 738 Δεῖ
588 681 688 758 γὰρ
754 682 890 753 ἡμῖν
939 684 1055 742 τοῖς
1107 678 1158 734 ἐν
1206 682 1284 751 τῷ
1335 679 1440 753 βίῳ
1471 677 1780 754 εὗροοῦσικ

1991 682 2246 750 iergunt.
2280 678 2441 752 Opus
2472 683 2561 735 est
2589 681 2745 737 enim
2779 683 2947 739 nobis
2977 684 3036 739 in
3067 685 3184 741 vita
3213 687 3461 745 feliciter
3491 692 3593 748 de-

189 771 516 849 φερομένοις
573 769 879 832 ἀπταίστως
953 767 1042 822 καὶ
1099 766 1333 843 χαλινοῦ
1384 766 1530 828 τινὸς
1585 764 1791 842 κατέχο·

1992 766 2228 823 entibus
2257 771 2314 824 et
2344 767 2472 824 sine
2503 768 2826 826 offensione
2873 774 3247 831 currentibus
3293 777 3455 834 freno
3485 780 3594 835 sli-

182 884 280 925 τος
309 863 403 923 τὰς
433 858 670 934 ἀλόγους
709 858 884 933 ὁρμὰς
913 858 1000 912 καὶ
1031 858 1132 926 τήν
1184 855 1464 932 λεωφόρον
1516 853 1652 910 ἷέναι
1711 876 1784 910 πα

1994 874 2066 912 uo
2099 862 2297 914 motus
2328 874 2538 930 pravos
2585 858 2884 917 detinente
2912 866 2970 917 et
2996 862 3089 919 via
3118 868 3418 922 communi
3469 887 3591 926 am-

187 949 462 1012 δεύοντος.

1954 946 2157 1003 bulere
2188 948 2455 1004 docente.

261 1043 349 1096 ’Ev
409 1038 629 1100 τούτοις
679 1039 770 1092 οὖν
820 1058 913 1110 μοι
967 1035 1283 1114 φιλοσοφῶν
1328 1033 1541 1112 φαίνου,
1572 1031 1661 1088 καὶ
1706 1033 1842 1102 ἅπαξ

2025 1037 2087 1091 In
2120 1035 2213 1092 his
2244 1037 2419 1108 igitur
2469 1037 2615 1092 mihi
2663 1037 3067 1112 philosOphari
3114 1043 3388 1117 videaris,
3419 1051 3478 1102 et
3505 1065 3593 1104 se-

185 1131 378 1185 σαυτὸν
434 1129 689 1204 στηρίξας
748 1126 830 1182 ἐπ’
888 1124 1165 1204 ἅσφαλοῦς
1240 1121 1534 1201 κρηπῖδος,
1591 1129 1690 1192 τῆς
1746 1144 1787 1176 τι

1996 1124 2069 1180 ιοι
2103 1143 2168 1181 ac
2195 1127 2332 1181 tein
2360 1129 2489 1182 tuta
2519 1126 2647 1182 basi
2679 1127 3106 1200 obﬁrmaveris,
3141 1133 3510 1207 imperatoris
3543 1142 3598 1194 et

192 1217 463 1296 βασιλέως
519 1215 609 1272 καί
669 1213 906 1294 ἀδελφοῦ
961 1216 1099 1290 πρὸς
1155 1215 1212 1269 σὲ
1262 1211 1572 1282 διαθέσεως,
1603 1211 1794 1285 ἀκύμαη

1998 1214 2154 1269 atris
2185 1213 2243 1270 in
2272 1219 2329 1271 te
2357 1215 2772 1284 voluntate,ne
2805 1221 3352 1291 supervenientibus
3384 1225 3600 1299 cogita-

181 1330 279 1371 τος
305 1302 394 1363 ἔσο
424 1311 542 1369 τοῖς
576 1306 907 1380 ἐμπίπτουσι
941 1304 1258 1380 λογισμοῖς.

1956 1302 2220 1358 tionibus
2250 1320 2512 1375 unquam
2546 1304 2893 1363 molesteris.

186 1490 591 1518 π

1362 1627 1970 1720 MICHAELIS
2030 1629 2429 1720 PSELLI

1703 1822 2100 1864 PRAGMENTUM

599 1915 610 1930 .
699 1969 791 2027 EX
820 1965 1178 2026 ORATIONE
1215 1963 1523 2020 NONDUM
1563 1961 1775 2018 EDITA
1815 1961 1908 2016 AD
1948 1944 2510 2020 CONSTANTINUM
2550 1965 3082 2027 MONOMACHUM.

847 2125 1036 2200 (Apud
1070 2129 1318 2180 Leonem
1349 2119 1628 2177 Allatium
1660 2120 1735 2175 De
1764 2117 1982 2190 templis
2000 2117 2315 2176 Graecorum
2345 2123 2768 2196 recentioribus,
2801 2141 2860 2198 p.
2894 2127 2948 2182 3.

269 2497 284 2510 .
319 2497 332 2510 .
370 2495 383 2509 .
420 2497 433 2509 .
471 2493 483 2507 .
519 2448 679 2507 Ἀλλ’
711 2449 775 2504 οὐ
818 2445 992 2518 πάντη
1022 2446 1298 2525 τερφθήσῃ
1334 2447 1454 2504 τοῖς
1503 2439 1840 2520 ἀφθαλμοῖς,

2020 2442 2130 2498 Sed
2164 2459 2279 2499 non
2311 2445 2475 2502 omni
2503 2461 2572 2501 ex
2609 2451 2773 2518 parte
2805 2449 3207 2524 delectaberis,
3241 2471 3346 2510 nec
3377 2455 3437 2511 in
3469 2471 3600 2511 om-

191 2538 313 2597 οὐδ¹
341 2539 424 2617 ἐφ’
472 2535 627 2600 ὅλοις
675 2535 1115 2612 προσμειδιάσεις
1152 2554 1164 2568 ⁸
1212 2538 1328 2595 τοῖς
1391 2530 1693 2608 ὁρωμένοις
1739 2530 1790 2602 ἐξ

2009 2531 2142 2587 ibus
2169 2531 2508 2591 visibilibus
2539 2537 2861 2608 gaudebis;
2894 2541 3169 2597 excitabit
3196 2544 3354 2600 enim
3401 2549 3456 2600 te
3487 2561 3604 2602 me-

188 2636 343 2708 γερεῖ
370 2630 474 2704 γάρ
506 2649 562 2683 σε
597 2626 765 2702 μέσης
795 2626 985 2687 νυκτὸς
1016 2625 1043 2679 ὁ
1072 2621 1265 2679 κώδων
1317 2623 1344 2676 ὁ
1395 2622 1562 2697 ἱερὸς,
1593 2621 1685 2675 καὶ
1731 2640 1790 2675 το

2005 2621 2059 2675 is.
2082 2627 2249 2677 nocte
2278 2638 2509 2679 sacrum
2531 2624 2998 2684 tintinnabulum
3021 2634 3078 2686 et
3099 2632 3281 2688 sacris
3302 2633 3604 2691 incumbes

193 2720 362 2784 θείοις
389 2716 780 2790 ὲνστηλωθήσῃ
805 2713 1074 2792 ἆόάφεσιν.
1964 2709 2336 2782 pavimentis.

1157 2914 3605 2958 Μ

1561 3048 1952 3109 MICHAELIS
1992 3048 2238 3105 PSELLI

465 3212 546 3267 Ex
572 3208 749 3267 variis
779 3205 1081 3282 opusculis
1112 3203 1355 3263 ineditis
1386 3204 1714 3279 fragmenta
1742 3201 1814 3258 ab
1845 3201 2034 3259 Leone
2065 3200 2269 3259 Allatio
2298 3202 2710 3265 Dissertationi
2745 3210 2818 3268 de
2848 3211 3021 3269 Pselli
3053 3213 3296 3273 inserta.

1888 3383 1959 3397 .—

282 3535 564 3609 Epilaphii
587 3536 785 3591 matris
814 3536 1147 3606 fragmenta.
1179 3531 1324 3587 Vide
1354 3543 1538 3601 supra
1559 3525 1669 3584 col.
1693 3525 1818 3580 490.
1841 3553 1910 3566 —
1929 3525 2317 3596 Fragmentum
2342 3528 2526 3586 libelli
2543 3533 2611 3588 de
2633 3533 3074 3594 admirabilibus
3097 3539 3449 3596 lectionibus.
3473 3539 3607 3595 Vid.

203 3626 302 3687 col
332 3626 454 3683 491.
487 3656 556 3668 -
584 3626 922 3683 Ρνοωηιίιιτη
953 3623 1090 3680 libri
1113 3620 1470 3680 medicinalis
1514 3616 1585 3673 ad
1617 3616 1805 3672 Conslc

1514 3616 1585 3673 ad
1617 3616 2045 3672 Constantinum
2076 3617 2629 3691 Porphyrogenitum.
2663 3624 2809 3681 Vide
2850 3626 2958 3682 col.
2991 3628 3116 3684 523.
