4056 6346
474 512 3132 550 W

1458 703 2879 907 APPENDIX

673 1026 941 1184 AD
1072 1028 1706 1187 ΟΡΕΒΑ
1844 1029 2884 1195 MICHAELIS
3016 1032 3670 1195 PSELLI

1755 1460 2585 1565 ANONYMI

1071 1674 1233 1769 DE
1331 1674 2421 1789 ANTIQUITATIBUS
2516 1677 3266 1775 CPOLITANIS

1620 1868 1814 1925 LIBRI
1853 1871 2011 1925 SIVE
2051 1872 2325 1928 PARTES
2367 1872 2719 1936 QUATUOR.

1423 2022 1587 2093 (Ans.
1628 2024 1917 2091 BANDURI,
1966 2026 2268 2097 Imperium
2313 2026 2611 2089 Orientale,
2655 2029 2798 2082 tom.
2832 2027 2912 2098 Ι.)

530 2334 798 2391 Auctoris
828 2334 1036 2389 harum
1067 2333 1373 2406 Originum
1402 2335 1506 2390 CP.
1541 2351 1752 2391 nomen
1783 2334 2121 2409 ignoratur;
2158 2337 2257 2393 sed
2287 2337 2397 2392 sub
2428 2336 2624 2393 Alexio
2673 2338 2967 2393 Comneno
3026 2355 3162 2393 eum
3210 2338 3426 2394 vixisse
3472 2354 3542 2394 ex
3572 2338 3795 2395 iambis
3827 2338 3885 2393 in

464 2425 653 2480 fronte
686 2422 890 2494 positis
918 2422 1235 2495 Alexioque
1264 2424 1603 2496 imperatori
1635 2425 1993 2497 nuncupatis
2022 2425 2326 2498 arguitur;
2360 2442 2428 2481 ex
2460 2425 2676 2497 quibus
2707 2426 2884 2481 etiam
2918 2426 3261 2498 scriptorem
3287 2433 3556 2483 nostrum
3580 2427 3885 2483 exstitisse

463 2512 828 2584 professione
858 2511 1214 2567 monachum
1248 2511 1416 2568 facile
1446 2515 1764 2583 crederem,
1796 2515 1937 2569 dum
1969 2513 2049 2569 ibi
2078 2513 2342 2568 Alexium
2393 2513 2663 2585 pluribus
2707 2512 2910 2569 laudat
2938 2532 2972 2570 a
3002 2514 3408 2571 muniﬁcentia
3436 2520 3494 2571 et
3522 2514 3885 2571 liberalitate

460 2602 519 2657 in
554 2601 873 2657 monachos
903 2602 1001 2673 (a).
1036 2602 1337 2659 Trecentis
1367 2603 1548 2675 igitur
1576 2608 1633 2659 et
1663 2604 2092 2676 quinquaginta
2123 2603 2355 2659 circiter
2386 2603 2553 2658 annis
2584 2604 2871 2659 Codinum
2904 2608 3070 2660 etate
3100 2606 3301 2676 praeit;
3332 2605 3432 2675 qui
3465 2604 3666 2676 procul
3695 2605 3883 2659 dubio

460 2691 738 2764 pleraque
769 2708 836 2746 ex
868 2696 1069 2746 nostro
1100 2692 1383 2763 scriptore
1414 2693 1631 2761 hausit;
1666 2694 1724 2747 in
1758 2693 1963 2749 multis
1989 2710 2123 2748 vero
2154 2693 2225 2748 ab
2297 2710 2362 2748 eo
2386 2694 2698 2763 discrepat;
2726 2710 2915 2765 neque
2946 2694 3003 2748 in
3030 2694 3415 2750 describenda
3438 2694 3579 2749 urbe
3600 2696 3881 2750 eumdem

463 2781 724 2837 ordinem
757 2783 968 2835 servat.
1004 2780 1265 2837 Codinus
1297 2782 1515 2853 quippe
1548 2782 1709 2837 nullo
1733 2782 1937 2838 ordine
1967 2786 2195 2838 servato
2226 2782 2391 2838 urbis
2420 2784 2522 2837 ΟΡ.
2556 2783 2802 2838 aedificia
2833 2787 3117 2848 recenset,
3148 2783 3328 2838 situm
3361 2799 3473 2838 non
3508 2782 3817 2855 assignat;
3854 2798 3885 2836 e

462 2870 751 2926 contrario
782 2885 916 2924 vero
945 2870 1286 2941 Anonymus
1319 2874 1516 2925 noster
1547 2871 1752 2925 urbem
1786 2876 1904 2926 tres
1936 2871 1994 2925 in
2030 2876 2225 2943 partes
2259 2871 2636 2925 distributum
2688 2871 2891 2926 ordine
2932 2871 3244 2937 describit;
3295 2876 3352 2927 et
3395 2873 3584 2943 primo
3634 2872 3883 2942 quidem

457 2958 607 3014 libro
669 2958 917 3030 primam
980 2958 1140 3012 urbis
1191 2962 1416 3029 partem
1467 2960 1566 3030 qui
1618 2959 1935 3031 incipiebat
1986 2977 2020 3015 a
2073 2959 2288 3032 palatio
2336 2959 2597 3026 Chalces,
2630 2966 2686 3016 et
2717 2978 2748 3015 a
2782 2960 2963 3017 millio
2996 2978 3185 3032 usque
3216 2962 3286 3017 ad
3330 2966 3554 3033 portam
3587 2963 3882 3029 Auream;

462 3049 612 3104 libro
644 3048 900 3102 secundo
933 3047 1171 3102 alteram
1207 3051 1430 3118 partem
1463 3065 1589 3119 quas
1631 3049 1946 3120 incipiebat
1974 3068 2006 3105 a
2034 3049 2467 3118 Tzicanisterio,
2521 3051 2882 3122 Ilodegelriaa
2933 3050 3200 3117 ecclesia,
3248 3056 3306 3107 et
3351 3050 3653 3123 Manganis
3684 3067 3885 3122 usque

463 3139 534 3194 ad
569 3136 998 3201 Blanchernas;
1033 3136 1183 3192 libro
1212 3138 1382 3193 tertio
1414 3143 1637 3209 partem
1670 3140 1922 3206 tertiam,
1947 3157 2076 3211 quas
2102 3140 2419 3211 incipiebat
2442 3140 2513 3195 ab
2545 3139 2729 3195 altera
2760 3144 2925 3212 parte
2956 3141 3014 3197 S.
3047 3141 3254 3213 Sergii,
3288 3144 3346 3196 et
3375 3139 3608 3213 palatiis
3626 3140 3887 3212 Sophia-

464 3227 558 3281 nis
592 3242 777 3296 usque
808 3226 876 3280 ad
913 3242 1113 3281 muros
1142 3226 1533 3283 occidentales
1579 3231 1921 3299 Magnarum
1974 3229 2301 3284 Portarum.
2338 3230 2477 3283 Item
2501 3230 2703 3284 eodem
2738 3229 2847 3285 hoc
2878 3229 3026 3285 libro
3061 3232 3181 3301 agit
3209 3230 3282 3286 de
3313 3230 3549 3302 palatiis
3580 3236 3638 3285 et
3667 3246 3883 3286 mona-

463 3317 660 3371 steriis
691 3315 1049 3370 suburbanis
1084 3333 1096 3370 :
1130 3317 1201 3370 de
1246 3317 1617 3372 monasteriis
1651 3319 1948 3381 Peraticis,
1984 3323 2040 3372 et
2070 3320 2141 3374 de
2171 3319 2549 3374 monasteriis
2580 3324 2746 3374 trans
2769 3320 3003 3374 fretum.
3028 3320 3199 3375 Libro
3231 3320 3481 3391 denique
3510 3324 3716 3391 quarto
3752 3320 3887 3392 agit

466 3410 810 3476 Anonymus
840 3409 1042 3458 noster
1073 3404 1143 3459 de
1174 3408 1471 3458 structura
1501 3404 1640 3459 aedis
1673 3405 2002 3476 Sophianaa,
2036 3422 2163 3474 qum
2212 3406 2271 3460 in
2324 3405 2525 3461 multis
2558 3407 2788 3461 diversa
2818 3407 2889 3461 ab
2921 3407 3097 3461 editis
3148 3414 3407 3479 apparet.
3440 3408 3649 3463 Varias
3678 3412 3885 3462 autem

463 3493 743 3548 lectiones
775 3491 1108 3563 plerasque,
1142 3509 1271 3563 quae
1302 3492 1357 3547 in
1392 3493 1844 3549 Commentariis
1875 3494 2095 3549 nostris
2126 3494 2437 3559 habentur,
2469 3495 2922 3565 suppeditarunt
2977 3496 3156 3550 codex
3187 3495 3404 3567 Regius
3436 3513 3599 3551 num.
3651 3496 3886 3551 3058.3.

462 3583 659 3654 (quem
690 3584 745 3635 2.
774 3580 1141 3652 appellamus
1173 3582 1243 3636 ad
1278 3581 1670 3647 differentiam
1701 3582 1931 3638 Codicis
1963 3583 2119 3647 Regii
2151 3599 2314 3638 num.
2349 3583 2569 3638 3028.4.
2604 3599 2672 3638 ex
2721 3600 2836 3654 quo
2891 3588 3144 3654 quatuor
3174 3584 3394 3655 primos
3445 3585 3883 3656 Antiquitatum

463 3672 644 3739 libros
675 3669 1115 3741 exscripsimus,
1148 3673 1205 3725 et
1236 3687 1411 3742 quem
1444 3671 1486 3725 Ι.
1523 3674 1822 3739 vocamus)
1856 3676 1914 3726 et
1941 3672 2135 3726 Codex
2156 3671 2523 3728 Colbertinus
2547 3689 2710 3727 num.
2734 3672 2897 3728 3607.
2923 3672 3120 3746 Stylus
3144 3677 3339 3729 autem
3372 3673 3659 3746 Anonymi
3682 3675 3880 3729 nostri

465 3763 557 3814 est
585 3759 782 3814 varius
812 3763 871 3813 et
899 3758 1220 3828 inaequalis,
1254 3762 1453 3830 utpote
1486 3758 1582 3828 qui
1616 3775 1763 3829 opus
1793 3776 1994 3824 suum,
2020 3764 2083 3814 ut
2116 3760 2386 3825 arbitror,
2419 3776 2487 3814 ex
2517 3760 2764 3816 diversis
2808 3761 3195 3833 scriptoribus
3242 3761 3546 3833 Originum
3598 3778 3701 3816 seu
3756 3770 3884 3817 An-

459 3847 804 3919 tiquitatum
820 3847 1683 3918 Constantinopolitanarum,et
1703 3864 1769 3903 ex
1795 3847 1928 3903 allis
1950 3848 2367 3904 Chronicorum
2395 3849 2779 3921 scriptoribus
2797 3849 2894 3921 qui
2919 3854 3052 3905 ante
3073 3850 3267 3922 ipsum
3294 3850 3886 3919 floruerunt,consar-

464 3937 682 3992 cinavit
703 3954 805 4007 pro
832 3953 987 3992 more
1020 3940 1323 3992 auctorum
1358 3935 1518 3991 illius
1541 3936 1664 3993 aevi.
1690 3937 1964 3993 Hauserit
1984 3937 2168 4010 igitur
2189 3954 2255 3993 ex
2279 3940 2564 4009 opusculo
2598 3938 2867 4008 Hesychii
2914 3938 3147 4003 Milesii,
3172 3940 3329 4010 quod
3369 3939 3713 3995 inscribitur
3744 3940 3883 4013 Πιρὶ

462 4028 571 4078 τῶν
599 4025 865 4097 πατρίων,
897 4026 1019 4080 sive
1048 4027 1122 4080 De
1149 4026 1458 4093 originibus
1492 4026 1596 4080 ΕΡ.
1630 4031 1687 4079 et
1716 4042 1783 4079 ex
1815 4024 1994 4081 altero
2041 4026 2305 4095 ejusdem
2340 4027 2495 4081 tituli
2549 4033 2606 4082 et
2644 4028 2977 4099 argumenti
3009 4026 3317 4099 opusculo,
3350 4033 3585 4083 auctore
3614 4027 3885 4083 Christo-

465 4115 627 4184 doro,
666 4114 918 4169 Pasnisci
956 4113 1093 4179 filio,
1128 4114 1421 4184 Coptensi,
1456 4132 1630 4186 quem
1685 4116 1926 4170 laudant
1954 4116 2162 4171 Suidas
2191 4122 2247 4172 et
2279 4117 2534 4172 Eudocia
2564 4122 2832 4188 Augusta
2877 4116 2935 4172 in
2986 4118 3175 4186 Ioniis,
3210 4133 3383 4189 opere
3412 4134 3523 4173 ms.
3558 4134 3592 4171 a
3622 4118 3799 4173 nobis
3828 4119 3884 4172 in

464 4202 912 4257 Commentariis
942 4218 1091 4272 saepe
1121 4202 1316 4256 citato.
1351 4203 1641 4258 Fortassis
1672 4208 1727 4258 et
1760 4220 1827 4259 ex
1857 4203 1988 4259 aliis
2019 4205 2282 4275 ejusdem
2316 4205 2647 4275 argumenti
2681 4205 3093 4276 scriptoribus,
3126 4205 3228 4275 qui
3259 4205 3519 4260 citantur
3550 4222 3585 4259 a
3615 4206 3887 4277 Porphy-

464 4292 730 4362 rogenito
762 4291 865 4345 lib.
900 4308 939 4345 ιι
970 4292 1043 4345 De
1070 4292 1235 4346 them.
1266 4308 1392 4362 cap.
1428 4294 1493 4346 12
1526 4308 1539 4346 :
1577 4294 1851 4349 Praeterea
1902 4310 1971 4349 ex
2025 4298 2261 4351 auctore
2309 4294 2580 4349 (thronici
2629 4293 3025 4361 Alexandrini,
3077 4294 3452 4366 Theophane,
3503 4294 3767 4351 Cedreno
3819 4313 3886 4351 ac

464 4378 711 4449 reliquis
742 4378 1002 4433 historiae
1033 4379 1362 4451 Byzantina:
1391 4380 1799 4452 scriptoribus.
1833 4382 2118 4437 Caeterum
2149 4399 2319 4438 voces
2352 4382 2775 4453 peculiares,ac
2808 4383 3050 4454 phrases
3083 4382 3299 4453 quibus
3321 4384 3505 4437 utitur
3535 4385 3886 4457 Anonymus

467 4472 688 4536 noster,
722 4467 779 4521 in
812 4465 1260 4523 Commentariis
1293 4468 1651 4524 adnotantur
1680 4470 1803 4524 suis
1836 4469 1979 4526 locis
2012 4476 2066 4525 et
2096 4470 2580 4543 explicantur(b).

531 4654 598 4713 (α)
632 4650 871 4716 casimiri
894 4650 1093 4716 _Oudini
1127 4656 1458 4716 argumenta,
1492 4653 1686 4714 quibus
1718 4654 1843 4702 istas
1882 4655 2238 4716 Antiquitates
2268 4653 2512 4705 Michaeli
2536 4655 2700 4704 Psello
2734 4653 3006 4704 vindicare
3036 4654 3208 4705 voluit
3237 4654 3290 4703 iu
3324 4655 3460 4705 libro
3499 4654 3572 4703 De
3605 4656 3882 4716 scriptori-

472 4712 943 4781 busgecclejsz'asticis,
969 4712 1522 4781 tom._ll,"gudn;odu‘m'
1543 4716 1746 4765 incerta
1779 4730 1895 4767 esse
1927 4731 1989 4767 ac
2017 4712 2218 4767 lubrica
2248 4718 2439 4779 probat
2464 4719 2574 4781 ipse
2606 4717 2904 4767 Baudurius
2947 4717 3001 4766 in
3033 4718 3349 4767 Praefatione
3378 4719 3443 4767 ad
3476 4722 3589 4767 tom
3636 4712 3886 4768 lNumr‘b

470 4779 664 4823 malum
695 4777 1082 4835 imperatorum,
1110 4778 1268 4836 Paris,
1296 4779 1414 4825 1⁸718
1446 4777 1535 4825 fol.

532 4839 605 4900 (ὁ)
629 4838 798 4889 Adest
826 4837 1035 4908 Lector,
1066 4841 1107 4887 si
1136 4840 1297 4908 lubet.
1328 4840 1503 4898 ipsum
1535 4838 1791 4908 Bandurii
1814 4855 1974 4908 opus;
2003 4840 2261 4908 his_enim
2292 4842 2703 4899 commentariis,
2728 4855 2885 4904 quam
2908 4855 3003 4905 per
3019 4848 3100 4893 est
3120 4842 3508 4904 diﬂ'usioribus,
3536 4856 3665 4893 nam
3693 4858 3789 4907 per
3812 4844 3887 4893 in-

470 4904 678 4964 tegrum
709 4903 956 4952 maximas
976 4902 1163 4952 formes
1185 4901 1435 4952 volumen
1464 4901 1850 4965 exspietentur,
1883 4904 2058 4954 locum
2078 4904 2203 4954 dare
2227 4918 2337 4953 non
2368 4918 2670 4967 possumus.
