4056 6346
166 443 342 504 1189

1215 437 1318 500 DE
1363 439 2030 511 ANTIQUI'I‘ATlBUS
2077 450 2560 517 CPOLITANIS.

3435 463 3594 527 1190

173 596 2948 629 ————-—-————-————————————__.____________

1357 746 2422 916 ΑΝΟΝῩΜΙ

860 1003 1025 1100 DE
1091 1004 2118 1118 ANTIQUITATIBUS
2193 1017 2918 1119 CPOLITANIS

1597 1209 1828 1268 LIBER
1880 1210 2177 1275 PRIMUS

553 1354 671 1428 Qui
697 1354 920 1434 incipit
943 1372 982 1416 a
1010 1353 1246 1434 palatio
1275 1354 1537 1418 Chalces
1566 1361 1628 1419 et
1658 1375 1696 1420 a
1727 1358 2041 1437 Milliario,
2075 1381 2149 1425 ac
2183 1367 2489 1449 pertingit
2517 1370 2598 1432 ad
2630 1377 2878 1454 portam
2913 1376 3212 1442 Auream.

364 1679 713 1738 INCIPIUNT
744 1679 884 1737 CUM
916 1680 1050 1736 DEO
1094 1679 1296 1736 URBIS
1332 1679 1652 1749 ANTIQUI-

895 1751 1130 1807 TATES.

174 1861 306 1925 Quo
339 1863 508 1932 pacto
541 1857 801 1914 occultos
832 1857 1073 1930 laqueos
1104 1858 1368 1930 evasisti,

172 1950 250 2005 Et
282 1964 474 2019 quaem
507 1947 804 2020 sapienter
831 1964 930 2004 eos
961 1947 1018 2002 in
1048 1947 1240 2003 lucem
1273 1947 1560 2004 eduxistil

173 2037 308 2091 Nisi
337 2035 496 2092 enim
529 2036 656 2104 bos,
681 2035 795 2091 Deo
827 2036 1162 2106 adjuvante,
1193 2037 1580 2108 explorasses.

179 2130 311 2184 Non
344 2125 610 2181 hostium
640 2123 1022 2196 supercilium
1055 2126 1392 2197 dejecisses,
1427 2143 1459 2183 o
1491 2127 1831 2200 imperator.

180 2215 270 2271 Ad
305 2231 583 2288 suprema
610 2215 956 2285 conscende,
985 2214 1301 2271 virtutibus
1330 2222 1672 2285 coronatus;

184 2303 327 2360 Illas
367 2304 664 2373 enimjam
693 2302 832 2359 olim
863 2307 1056 2359 tecum
1089 2309 1422 2378 pugnantes
1455 2306 1708 2378 obtines,

181 2393 320 2448 Haec
352 2392 663 2465 praevalida
691 2409 857 2448 arma
884 2391 943 2447 in
978 2392 1194 2464 preliis
1224 2399 1441 2465 gestas,

180 2481 587 2550 Prudentiam,
620 2480 1044 2550 fortitudinem,
1077 2484 1546 2555 temperantiam.

177 2571 513 2637 Justitiam,
540 2571 785 2642 ipsaque
817 2587 933 2626 una
962 2573 1334 2643 conjunctae.

178 2661 284 2715 Dei
320 2661 598 2715 mandata
630 2675 890 2731 servans,
939 2677 972 2715 ο
1003 2660 1344 2733 imperator,

177 2750 550 2816 Mansuetus,
585 2747 846 2819 humilis,
882 2765 947 2804 ac
981 2748 1169 2806 facilis
1200 2767 1436 2808 accessu
1467 2769 1552 2820 es,

176 2838 592 2909 Omnibusque
619 2842 675 2892 te
706 2837 1014 2893 monachis
1044 2840 1328 2911 expandis

176 2931 414 2998 Eosque
445 2925 740 2998 supremis
771 2927 1114 2983 muneribus
1146 2928 1319 2984 ditas.

179 3019 376 3082 Quare
405 3020 463 3072 te
493 3015 764 3071 Christus
799 3015 986 3087 magis
1019 3017 1325 3090 magisque
1355 3025 1718 3076 remunerat.

177 3106 337 3162 Dum
372 3109 425 3160 te
439 3105 712 3177 protegit,
735 3109 1046 3177 servatque
1067 3107 1364 3180 in'pugnis
1386 3125 1519 3164 cum
1534 3108 1826 3178 hostibus,

178 3201 268 3250 Ac
300 3209 398 3248 eos
429 3195 628 3250 dexter
655 3193 764 3249 tibi
796 3193 1030 3264 penitus
1053 3194 1113 3249 in
1140 3195 1334 3266 fugam
1360 3197 1552 3253 vertit.

179 3283 469 3339 Ceterum
492 3283 551 3338 in
584 3283 928 3338 memoriam
961 3289 1324 3355 perpetuam,
1356 3302 1388 3341 ο
1419 3285 1760 3358 imperator,

183 3373 448 3429 Tuorum
483 3377 832 3444 tropaeorum
865 3372 1029 3428 nullo
1061 3378 1320 3446 tempore
1351 3373 1689 3444 delendam,

179 3461 428 3527 Domus,
461 3460 696 3532 templa,
730 3466 984 3526 statuas,
1018 3463 1487 3536 mceniorumque
1521 3463 1675 3519 situs

179 3550 467 3624 Byzantii,
500 3551 560 3605 in
593 3567 778 3606 unum
810 3556 1079 3606 accurate
1111 3551 1376 3623 collecta,

175 3638 310 3693 Tibi
346 3637 536 3694 Alexio
567 3639 864 3696 Comneno
893 3639 1232 3712 imperatori
1269 3642 1467 3698 oti‘ero.

1861 1683 1916 1752 Α

1945 1685 2154 1742 ΑΡΧΕΙ
2213 1693 2343 1742 ΣΥΝ
2401 1695 2531 1770 ΘΕῼ
2581 1695 2744 1770 ΑΓῙῼ
2800 1697 2896 1752 ΤΑ
2959 1699 3216 1759 HATPIA
3272 1705 3414 1761 ΤΗΣ
3471 1711 3597 1765 ΠΟ-

2661 1771 2866 1825 ΛΕΩΣ.

2015 1863 2080 1954 ’ᾨ
2112 1868 2229 1929 πῶς
2263 1865 2533 1939 μετῆλθες
2562 1869 2659 1934 τὰς
2685 1871 3063 1948 κεκρυμμένας
3091 1880 3295 1954 πάγας,

1942 1951 2048 2040 Καὶ
2083 1957 2201 2017 πῶς
2229 1960 2407 2033 σοφῶς
2439 1954 2635 2033 ἤγαγες
2665 1958 2827 2024 αὐτὰς
2859 1963 2937 2026 εἰς
2969 1965 3138 2040 φάοςι

1945 2039 2005 2095 Εἰ
2043 2042 2118 2112 μὴ
2148 2044 2257 2117 γὰρ
2289 2043 2448 2107 αὐτὸς
2478 2044 2537 2101 ἐκ
2565 2053 2700 2103 Θεοῦ
2731 2039 3079 2111 ἐπεσκέπτου.

1944 2127 2058 2184 Οὐκ
2085 2127 2144 2184 ἃν
2176 2130 2423 2195 καθεῖλες
2454 2131 2730 2210 δυσμενῶν
2762 2139 2952 2218 ὀφρῦν,
2987 2142 3173 2216 μὲδον,

1944 2218 2122 2292 Χώρει
2154 2222 2269 2275 κατ’
2298 2219 2476 2298 ἄκρων
2509 2226 2722 2302 ἀρεταῖς
2753 2229 3079 2304 ἐστεμμένος
3114 2253 3128 2267 ⁸

1942 2307 2133 2381 Ἔχεις
2160 2310 2264 2384 γὰρ
2295 2311 2458 2374 αὐτὰς
2489 2317 2889 2393 συμμαχούσας
2919 2342 3002 2376 σοι
3033 2324 3229 2395 πάλαι,

1942 2395 2160 2488 ’Όπλον
2191 2402 2443 2488 κραταιὸν
2479 2401 2614 2466 εἶδες
2644 2405 2695 2460 ἐν
2733 2409 2942 2484 μάχαις
2986 2412 3238 2488 [φέρειν.]

1947 2486 2246 2558 Φρόνησιν,
2281 2487 2525 2566 ἀνδρείαν
2554 2514 2634 2564 τε,
2665 2495 2754 2550 καί
2789 2486 3170 2576 σωφροσύνην,

1945 2576 2300 2647 Δικαιοσύνην
2311 2621 2326 2648 ,
2359 2585 2780 2658 συνεζευγμένας
2810 2587 3033 2660 ταύτας,

1945 2668 2078 2718 Θεοῦ
2107 2663 2394 2740 φυλάττων
2429 2667 2677 2742 ἐντολὰς,
2711 2675 3075 2755 αὐτοκράτορ,

1946 2753 2146 2825 Πραῢς,
2175 2755 2452 2829 ταπεινὸς,
2480 2761 2570 2815 καὶ
2599 2762 2844 2837 γαληνὸς
2874 2753 3181 2844 τυγχάνεις,

1945 2847 2227 2915 Συμπᾶσιν
2256 2844 2458 2912 ἁπλοῖς
2488 2851 2682 2906 σαυτὸν
2717 2859 2836 2916 τοῖς
2873 2860 3258 2931 μονοτρόποις,

1943 2931 2050 2987 Καὶ
2079 2931 2467 2996 πλουτοποιεῖς
2498 2935 2727 3014 δωρεαῖς
2755 2944 3094 3018 ὑπερτάτως.

1863 3043 1911 3107 Β
1941 3022 2100 3084 ’Όθεν
2134 3042 2190 3075 σε
2219 3025 2458 3098 Χριστὸς
2489 3025 2864 3101 ἀνταμείϐεται
2894 3031 3062 3090 πλέον

1944 3115 2188 3180 Σκέπων,
2223 3111 2508 3186 φυλάττων
2543 3116 2594 3172 ἐν
2628 3117 2829 3184 πάλαις
2864 3121 3140 3197 ἐναντίων,

1942 3200 2004 3254 T’
2037 3198 2230 3262 αὐτοὺς
2262 3205 2549 3276 τροπώσας
2580 3203 2752 3278 δεξιὸς
2781 3209 3125 3289 ὁλοτρόπως.

1943 3289 2185 3362 Μνήμην
2221 3288 2415 3347 λοιπὸν
2446 3292 2715 3353 ἄπαυστον
2749 3299 2800 3354 ἐν
2840 3288 2966 3377 βίω,
2997 3303 3142 3378 ἄναξ,

1942 3379 2061 3472 Τῶν
2095 3383 2199 3432 σῶν
2231 3382 2528 3472 τροπαίων,
2563 3387 2639 3458 μή
2678 3398 3034 3464 μαρανθεῖσαν
3067 3392 3276 3472 χρόνῳ.

1943 3464 2165 3534 Οἴκους,
2197 3468 2375 3536 ναοὺς,
2411 3472 2617 3543 στήλας
2644 3497 2724 3548 τε,
2754 3480 2846 3533 καὶ
2875 3464 3306 3558 τειχῶνὶδὲσενις,

1943 3555 2034 3643 Ἐς
2062 3555 2121 3643 ἓν
2149 3559 2386 3632 συνάψας
2419 3558 2657 3636 ἀκριϐῶς
2692 3555 3005 3643 Βυζαντίου,

1943 3641 2174 3716 Ἀλεξίῳ
2208 3643 2424 3716 μὲδοντι
2455 3655 2728 3726 Κομνηνῷ
2757 3656 2926 3732 φέρω.

744 3768 829 3820 De
857 3767 1118 3837 Byzantii
1154 3765 1466 3839 conditore,
1515 3766 1683 3842 deque
1713 3767 1958 3839 ejusdem
1988 3769 2140 3825 urbis
2177 3787 2461 3831 murorum
2490 3778 2601 3834 situ
2637 3783 2802 3853 atque
2828 3764 3030 3853 formo.

253 3871 569 3926 Sciendum
602 3874 712 3935 est,
744 3871 1082 3943 Byzantium
1132 3873 1398 3945 Byzantis
1435 3875 1591 3947 regis
1625 3875 1830 3932 urbem

179 3960 390 4026 fuisse,
432 3959 604 4030 cujus
627 3958 843 4030 palatia
868 3960 927 4014 in
955 3961 1225 4032 Acropoli
1249 3967 1434 4018 erant.
1458 3963 1565 4020 Ubi
1591 3969 1648 4020 et
1675 3964 1818 4022 Jovi:

1947 3962 2215 4033 Βύζαντος
2273 3968 2557 4041 βασιλέως,
2590 3973 2756 4050 οὗπερ
2805 3978 2873 4031 τὰ
2929 3977 3166 4036 παλάτνα
3221 3983 3356 4054 ἦσαν

177 4047 473 4120 templum
508 4047 647 4103 olim
681 4048 967 4119 exstabat,
998 4065 1066 4103 ex
1096 4065 1210 4120 quo
1236 4057 1556 4124 supersunt
1579 4069 1834 4109 marmo-

177 4141 266 4196 rei
304 4139 554 4196 fornices
607 4139 947 4212 ingentibus
979 4139 1108 4196 fulti
1138 4140 1470 4210 columnis;
1524 4144 1622 4200 ubi
1652 4143 1829 4200 etiam

174 4228 344 4285 Jovis
378 4246 442 4284 ac
474 4228 710 4284 Saturni
740 4229 912 4300 signa
942 4229 1310 4302 reperiuntur
1344 4248 1357 4286 ε
1383 4231 1594 4304 priscis
1617 4233 1832 4306 quippe

179 4333 316 4372 mos
346 4321 470 4372 erat
499 4317 557 4371 in
593 4317 829 4372 urbium
862 4318 1095 4374 arcibus
1122 4336 1260 4376 suas
1299 4321 1504 4376 domos
1536 4321 1622 4378 vel
1665 4322 1828 4395 pala-

178 4403 270 4460 tia
294 4411 610 4460 exstruere.
638 4405 758 4460 Sub
781 4409 1032 4476 Byzante
1054 4407 1255 4478 igitur,
1291 4409 1373 4464 uti
1413 4409 1708 4482 hodieque
1739 4411 1831 4466 in-

177 4492 440 4564 cipiebat
470 4509 678 4548 murus
708 4511 743 4549 a
771 4493 920 4548 turri
954 4495 1320 4567 Acropoleos,
1362 4502 1419 4553 et
1451 4501 1730 4571 pergebat
1760 4500 1832 4554 ad

176 4580 397 4636 turrim
432 4598 617 4652 usque
646 4583 921 4653 Eugenii:
949 4583 1083 4638 inde
1112 4585 1469 4641 ascendebat
1498 4588 1567 4640 ad
1611 4588 1830 4643 Strate-

177 4670 461 4742 gium,et
518 4671 1004 4742 progrediebatur
1034 4673 1104 4726 ad
1163 4672 1459 4730 Achilleas
1519 4676 1830 4731 Thermas.

175 4759 448 4813 Porticus
480 4775 614 4813 vero
668 4757 881 4813 Urbicii
933 4760 1108 4827 dicta,
1162 4776 1288 4832 quas
1350 4763 1566 4818 ibidem
1619 4769 1834 4832 exstat,

175 4850 352 4917 porta
382 4846 675 4902 terrestris
733 4846 1182 4918 Byzantinorum
1219 4855 1362 4905 erat.
1398 4851 1540 4906 Hinc
1572 4852 1630 4906 in
1663 4853 1834 4908 Chal-

174 4937 444 5004 copratia
480 4935 757 4990 tendebat
789 4952 1016 5005 murus,
1048 4943 1103 4992 et
1134 4954 1322 5009 usque
1354 4941 1426 4994 ad
1469 4939 1829 5008 Milliarium,

191 5022 302 5077 ubi
336 5023 522 5079 altera
554 5028 676 5079 erat
737 5029 906 5096 porta
952 5027 1266 5084 terrestris.
1317 5029 1458 5084 Inde
1488 5030 1838 5102 procedebat

175 5111 254 5166 ad
283 5111 507 5167 tortiles
539 5111 846 5168 columnas
870 5112 1423 5185 szcalariorum,et
1448 5118 1837 5176 descendebat

178 5201 254 5257 ad
288 5203 501 5274 Topos,
534 5206 590 5258 et
647 5219 855 5258 rursus
907 5205 1253 5261 deﬂectebat
1309 5221 1411 5277 per
1459 5207 1749 5281 Mangana
1780 5214 1836 5266 et

173 5289 467 5347 Thermas
499 5291 876 5360 Arcadianas,
908 5297 1083 5365 atque
1114 5295 1195 5350 ita
1223 5295 1463 5351 demum
1505 5299 1834 5354 reverteba-

175 5385 280 5435 tur
310 5379 368 5434 in
401 5380 756 5452 Acropolim.
790 5381 974 5437 Totus
1007 5387 1202 5438 autem
1237 5401 1456 5439 munus
1499 5385 1703 5457 viginti
1741 5403 1832 5442 se-

175 5473 338 5541 ptem
370 5468 633 5523 turribus
664 5469 992 5525 instructus
1023 5476 1166 5527 erat.
1203 5476 1334 5528 Hac
1366 5472 1549 5546 igitur
1576 5479 1703 5531 erat
1734 5491 1833 5529 ur-

179 5564 276 5621 bis
308 5564 501 5619 forma
530 5564 639 5621 sub
673 5564 936 5636 Byzante.

1865 4458 1907 4524 C

2015 3877 2137 3951 Χρή
2193 3878 2474 3951 γινώσκειν
2535 3883 2616 3940 ὅτι
2668 3885 2731 3940 τὸ
2791 3891 3078 3958 Βυζάντιον
3124 3892 3290 3959 πόλις
3347 3900 3414 3968 ἦν
3472 3905 3590 3960 τοῦ.

3415 3985 3469 4043 ἐν
3527 3993 3594 4064 τῇ

1945 4053 2296 4153 Ἀκροπόλειί
2349 4059 2444 4153 ’οῳ
2469 4057 2530 4153 δὲ
2581 4059 2633 4116 ἐν
2694 4063 2830 4131 αὐτῆ
2891 4069 3018 4130 ναὸς
3070 4070 3287 4149 ὑπῆρχε
3334 4053 3594 4153 πρότερον

1941 4146 2038 4239 τοῦ
2086 4144 2243 4239 ΔΔιὸς,
2278 4143 2328 4219 ἐξ
2384 4148 2444 4201 οὗ
2504 4142 2621 4239 ἔχει
2679 4155 2775 4216 τὰς
2825 4142 3450 4239 μαρμαρίνουςηάψίόας
3503 4142 3600 4231 τὰς

1943 4229 2167 4305 ὕπερθεν
2226 4239 2333 4289 τῶν
2396 4236 2653 4313 μεγάλων
2713 4244 2934 4314 κιόνων,
2991 4248 3040 4301 οἷ
3124 4251 3432 4329 ὑπάρχουσι
3501 4261 3598 4312 τοῦ

1945 4319 2069 4383 Διὸς
2124 4321 2214 4375 καὶ
2260 4328 2358 4378 τοῦ
2407 4327 2614 4402 Κρόνου
2660 4332 2713 4384 αἱ
2762 4331 2956 4402 στῆλαι
2996 4354 3007 4366 ⁰
3060 4334 3131 4392 δι’
3161 4319 3244 4394 ὧν.
3275 4319 3432 4418 ’ἔχειν
3481 4339 3601 4410 ἔθος

1942 4414 2058 4471 τοῖς
2104 4408 2365 4476 παλαιοῖς
2416 4415 2492 4477 εἰς
2539 4417 2635 4480 τὰς
2686 4421 3016 4494 ἀκροπόλεις
3065 4425 3266 4498 κτίζειν
3316 4408 3417 4495 τὰς
3475 4408 3596 4489 tuo;

1940 4501 2048 4550 τῶν
2084 4497 2281 4569 οἷκίας,
2312 4499 2437 4571 ἤτοι
2469 4506 2534 4559 τὰ
2574 4506 2833 4567 παλάτια.
2871 4517 3112 4590 ’Ήρχετο
3167 4497 3224 4572 δὲ
3277 4520 3338 4575 τὸ
3388 4528 3595 4598 τεῖχος,

1941 4587 2081 4640 καθὰ
2137 4587 2227 4642 γαί
2280 4594 2388 4662 νῦν,
2450 4592 2537 4648 ἐπὶ
2603 4601 2698 4651 τοῦ
2755 4599 3024 4669 Βύζαντος
3077 4605 3184 4661 ἀπὸ
3238 4613 3334 4664 τοῦ
3391 4587 3599 4686 πύργου

1941 4681 2041 4743 τῆς
2084 4675 2494 4750 Ἀκροπόλεως,
2541 4684 2629 4737 καὶ
2687 4683 2948 4763 διήρχετο
2999 4690 3074 4753 εἷς
3122 4695 3214 4749 τὸν
3272 4702 3370 4750 τοῦ
3425 4675 3597 4774 Eii-ye-

1941 4761 2061 4862 νῑου
2104 4763 2344 4862 ἐπύργον,
2386 4769 2492 4862 ⁵καὶ
2555 4761 3027 4851 ἀνέϐαινεήμὲχρι
3084 4781 3178 4834 τοῦ
3235 4761 3598 4862 Στρατηγίου,

1943 4851 2056 4946 καὶῌ
2355 4854 2552 4946 εἶ’ςᾼτὸ
2609 4865 2704 4914 τοῦ
2763 4849 3075 4937 Ἀχιλλέως
3134 4849 3388 4946 λουτρόν.
3419 4849 3481 4932 ’11
3541 4849 3598 4932 δέ

1945 4937 2146 5037 ἐκεῖσεμ
2170 4941 2318 5037 ἁψὶς,
2367 4945 2420 5037 ἡ-
2463 4943 2737 5037 λεγομένη
2785 4956 2882 5004 τοῦ
2951 4937 3476 5037 Ούρϐικίουξπόρτα
3533 4966 3601 5034 ἧν

1947 5033 2179 5103 χερσαῖα
2231 5034 2338 5083 τῶν
2391 5034 2718 5110 Βυζαντίων,
2766 5039 2855 5094 καὶ
2907 5037 3181 5100 ἀνέϐαινεν
3225 5046 3303 5112 εἷς
3348 5033 3415 5104 τά
3451 5033 3599 5109 Χαλ-

1945 5121 2245 5207 κοπρατεῖα
2272 5118 2335 5173 τὸ
2362 5127 2549 5198 τεῖχος
2595 5121 2700 5190 ἕως
2741 5131 2839 5182 τοῦ
2883 5127 3178 5207 λεγομένου
3235 5135 3464 5196 Μιλίου.
3499 5143 3598 5199 Ἠν

1947 5201 2004 5260 δὶ
2049 5206 2263 5262 κάκεῖσε
2309 5208 2483 5286 πόρτα
2531 5217 2638 5268 τῶν
2690 5201 2992 5286 Βυζαντίων
3048 5230 3276 5298 χερσαῖα
3305 5244 3318 5258 ⁸
3371 5227 3463 5283 καὶ
3517 5227 3598 5286 δι-

1945 5295 2156 5368 ήρχετο
2202 5295 2278 5392 εἰς
2321 5297 2448 5360 τοὺς
2489 5297 2757 5366 πλεκτοὺς
2805 5306 2988 5372 κίονας
3183 5312 3598 5392 Τζυκαλαρίων,

1945 5382 2032 5474 καὶ
2093 5379 2403 5440 κατέϐαινεν
2461 5387 2536 5450 εἰς
2593 5391 2830 5465 Τόπους,
2885 5395 2974 5450 καὶ
3050 5379 3368 5474 ἀπέκαμπτε
3430 5379 3597 5462 ἐτάλιᾴ

1948 5465 2036 5572 διὰ
2088 5473 2192 5523 τῶν
2255 5473 2562 5549 Μαγγάνων
2635 5481 2723 5535 καὶ
2783 5482 3172 5560 Ἀρκαδιανῶν,
3226 5490 3316 5546 καὶ
3374 5489 3596 5572 ἔφθασεν

1948 5554 2025 5659 εἰς
2052 5557 2152 5624 τὴν
2186 5558 2539 5659 ’.ιξκρόπολιψ
2574 5568 2706 5659 Εἶχε
2749 5567 2813 5659 Δδὶ
2847 5554 3110 5649 ’πύργους
3156 5554 3219 5633 τὸ
3251 5578 3379 5635 ὅλον
3411 5554 3602 5659 τεῖχος

1947 5644 2274 5706 εἰκοσιεπτά.
2311 5651 2412 5744 Καὶ
2443 5653 2668 5744 τοιαύτη
2707 5657 2800 5731 μὶν
2833 5660 2900 5730 ἦν
3035 5662 3122 5720 ἐπὶ
3176 5671 3273 5724 τοῦ
3321 5644 3595 5744 Βύζαντος

1949 5751 2059 5808 σχη
2070 5739 2416 5818 ματογραφία
2443 5747 2544 5812 τῆς
2572 5742 2811 5811 πόλεως.
