4056 6346
497 387 648 449 1191

1452 376 1847 445 APPENDIX
1887 386 1989 445 AD
2037 380 2501 446 MlCHAELEM
2542 384 2937 448 PSELLUM.

3755 376 3909 445 1192

507 522 572 579 Ἠ
608 518 665 577 δὲ
716 518 870 596 ἒτέρα
913 514 1391 596 σχηματογραφία,
1430 519 1491 588 ἢν
1539 517 1862 573 συντέθεικεν
1909 519 1937 573 6
1988 518 2121 593 μέγα

2234 518 2454 586 ,Αιιενα
2514 520 2670 576 urbis
2716 536 2749 576 a
2798 520 3156 596 Constantiao
3213 517 3402 596 Dixin
3446 521 3627 577 aliam
3669 526 3907 595 formam

1103 595 1525 652 Κωνσταντῖνος.

556 702 867 780 Προσὲθηκε
895 698 1075 754 τοίνυν
1106 697 1169 752 τὸ
1199 702 1387 772 τεῖχος
1418 698 1522 752 ἀπὸ
1577 702 1674 752 τοῦ
1732 696 1993 770 Εὖγενίου
2047 695 2140 769 μὲο

484 813 579 868 χρι
637 797 733 846 τοῦ
783 789 967 864 Ἀγίου
1010 786 1324 853 Ἀντωνίου,
1359 787 1464 841 ἀπὸ
1524 785 1582 841 δὲ
1638 791 1744 841 τῶν
1787 786 1977 841 Τόπων
2033 783 2138 847 ἕως

478 889 581 950 τῆς
622 878 805 955 Ἀγίας
839 877 1106 934 Θεοτόκου
1154 882 1255 946 τῆς
1297 871 1545 945 Ῥάὸδου,
1586 878 1675 930 καὶ
1732 872 2003 930 ἀνέϐαινεν
2064 873 2140 936 εἷς

474 969 536 1024 τὸ
582 968 946 1039 Ἐξωκιόνιον,
998 967 1084 1021 καὶ
1153 967 1215 1020 τὸ
1286 970 1542 1040 χερσαῖον
1606 970 1815 1041 τεῖχος,
1877 964 1982 1019 ἀπὸ
2043 967 2138 1018 τοῦ

475 1057 684 1115 Μιλίου
715 1078 727 1091 ·
763 1059 850 1112 καὶ
888 1054 1094 1132 ἤρχετο
1132 1056 1298 1130 μέχρι
1332 1062 1433 1123 τῆς
1480 1051 1718 1117 παλαιᾶς
1776 1054 1985 1129 πόρτης
2041 1057 2138 1108 τοῦ

479 1144 827 1223 Προδρόμου,
862 1146 1077 1214 καὶτῆς
1114 1151 1285 1217 μονῆς
1316 1148 1412 1198 τοῦ
1445 1144 1568 1198 Δίου
1600 1145 1690 1199 καὶ
1731 1151 1828 1213 τῆς
1862 1143 2137 1216 Εἷκασίας,

470 1236 561 1291 καὶ
608 1235 869 1311 διήρχετο
927 1254 1088 1310 μιχρι
1142 1240 1242 1303 τῆς
1296 1234 1502 1301 Βώνου,
1545 1235 1633 1288 καὶ
1683 1233 1759 1295 εἷς
1802 1234 1892 1287 τὸν
1944 1237 2133 1309 ’Ἀγιον

470 1324 758 1395 Μανουήλ,
796 1319 975 1380 Σαϐἲελ
1007 1324 1096 1379 καὶ
1130 1322 1386 1397 Ἰσμαὴλ,
1420 1321 1470 1376 ἐν
1501 1323 1546 1395 ᾧ
1589 1320 1744 1396 τόπῳ
1798 1321 2133 1398 ἀνῃρέθησαν

472 1416 623 1471 οὗτοι
672 1415 723 1468 οἳ
775 1415 921 1489 ἅγιοι
959 1433 971 1446 '
1006 1412 1099 1467 καὶ
1150 1410 1418 1487 διήρχετο
1469 1411 1545 1473 εἷς
1589 1413 1655 1466 τὰ
1697 1411 2014 1487 Ἃρματίου,
2046 1410 2135 1465 καὶ

477 1505 646 1579 μέχρι
678 1507 775 1558 τοῦ
804 1501 996 1577 Ἀγίου
1023 1500 1340 1570 Ἀντωνίου,
1366 1502 1455 1555 καὶ
1489 1497 1729 1574 ἔκαμπτε
1762 1500 1839 1562 εἷς
1887 1500 1976 1555 τὸν
2034 1504 2135 1555 τοῦ

478 1592 756 1669 Εὐγενίου.
793 1594 1053 1667 Διήρκεσε
1086 1588 1141 1646 δὲ
1170 1590 1231 1646 τὸ
1262 1596 1449 1666 τεῖχος
1483 1587 1573 1660 ἔτη
1619 1589 1760 1667 ρλβ’,
1796 1587 1925 1644 δέκα
1980 1590 2134 1664 βασι-

468 1679 606 1736 λέων
640 1680 1248 1758 αὐτοκρατορησάντων.
1283 1680 1432 1751 Αὕτη
1483 1684 1579 1735 τοῦ
1630 1676 1887 1755 Μεγάλου
1949 1681 2135 1735 Κωνσ-

471 1770 718 1826 ταντίνου
748 1772 782 1841 ἡ
817 1790 924 1845 σχη
937 1771 1303 1848 ματογραφία.

2777 591 3025 648 deductae
3064 588 3389 663 descriptio.

2324 699 2565 754 Addidit
2593 699 2773 772 igitur
2812 715 3049 754 murum
3098 698 3170 754 ab
3217 698 3461 770 Eugenii
3521 702 3669 756 turri
3722 704 3800 758 ad
3844 704 3905 760 Β.

2248 788 2566 844 Antonium
2627 805 2837 861 usque,
2886 792 2945 843 et
2997 804 3030 842 a
3086 787 3265 859 Topis
3316 789 3385 843 ad
3448 790 3505 846 S.
3566 791 3669 846 Dei
3729 794 3903 848 Geni-

2247 877 2453 932 tricem
2488 877 2717 933 Rhabdi
2749 878 3001 946 dictam;
3038 893 3368 948 murusque
3417 881 3717 936 terrestris
3770 898 3903 953 pro-

2247 969 2453 1021 tensus
2482 970 2571 1021 est
2600 984 2635 1021 a
2665 966 2936 1022 Milliario
2961 966 3033 1020 ad
3058 965 3497 1034 Hexocionium,
3531 973 3588 1024 et
3621 971 3904 1042 pergebat

2249 1056 2318 1110 ad
2348 1059 2599 1110 veterem
2652 1056 3037 1111 Precursoris
3087 1059 3340 1126 portam,
3372 1060 3429 1111 et
3480 1058 3551 1113 ad
3605 1064 3905 1115 monaste-

2249 1144 2402 1199 rium
2435 1143 2521 1199 Dii
2542 1148 2598 1200 et
2624 1145 2820 1201 Icasize
2845 1162 2857 1200 :
2884 1145 3020 1200 inde
3041 1144 3321 1199 tendebat
3351 1160 3537 1217 usque
3569 1148 3643 1202 ad
3676 1148 3906 1204 Cister-

2248 1250 2385 1288 nam
2417 1234 2582 1305 Boni,
2614 1238 2671 1289 et
2693 1235 2764 1290 ad
2798 1235 3046 1290 Sanctos
3070 1232 3327 1301 Manuel,
3352 1234 3523 1290 Sabel
3562 1253 3630 1291 ac
3662 1236 3903 1307 lsmael,

2245 1322 2345 1378 ubi
2377 1322 2488 1394 ipsi
2510 1323 2699 1379 sancti
2732 1323 2909 1380 occisi
2940 1323 3140 1379 fuere:
3176 1322 3313 1378 hinc
3363 1324 3642 1396 vergebat
3693 1327 3768 1381 ad
3824 1326 3907 1381 lo-

2247 1428 2377 1467 cum
2427 1412 2713 1468 Harmatii
2766 1415 3193 1484 nuncupatum;
3244 1415 3303 1468 et
3350 1413 3420 1468 ad
3472 1414 3532 1469 S.
3564 1414 3902 1471 Antonium

2247 1517 2451 1572 usque,
2486 1502 2944 1574 deﬂectebatque
2975 1503 3048 1557 ad
3093 1500 3339 1573 Eugenii
3370 1501 3601 1558 turrim.
3658 1503 3905 1559 Duravit

2247 1595 2441 1647 autem
2470 1590 2565 1645 hic
2599 1607 2807 1647 murus
2837 1607 3023 1647 annos
3070 1607 3285 1658 cxxxu,
3327 1591 3527 1647 decem
3573 1591 3901 1665 imperato-

2245 1697 2375 1736 rum
2408 1685 2691 1752 tempore.
2725 1680 2976 1751 Hecest
3008 1681 3174 1737 urbis
3207 1680 3395 1736 forma
3442 1681 3552 1737 sub
3604 1681 3901 1738 Constan-

2244 1768 2368 1824 tino
2401 1768 2631 1840 Magno.

592 1893 706 1960 Quo
735 1908 880 1948 anno
908 1893 1038 1947 urbs
1070 1889 1571 1961 Constantinopolis
1600 1897 1773 1960 carpta
1802 1890 1876 1944 sit
1905 1888 2191 1959 mdiﬁcari,
2223 1903 2392 1960 quove
2411 1903 2595 1944 mense
2612 1888 2886 1945 celebrata
2909 1888 3023 1944 sint
3043 1887 3284 1961 ejusdem
3306 1888 3461 1945 urbis
3478 1891 3740 1946 encwnia.

536 2001 667 2075 Χρή
731 1998 788 2055 δὲ
838 1997 1036 2056 εὶδὲναι
1090 2001 1194 2071 δτι,
1226 1999 1303 2071 τῷ
1349 1996 1886 2073 πεντακισχιλιοστῴ
1916 1996 2121 2053 όκτακο

2317 1996 2630 2054 Sciendum
2669 2001 2780 2067 est,
2813 2015 2965 2054 anno
2990 1998 3194 2054 mundi
3227 1998 3544 2072 quinquies
3574 1998 3898 2057 millesimo

474 2094 674 2161 σιοστῷ
704 2110 1011 2164 τριακοστῳ
1040 2090 1279 2161 τετάρτῳ
1311 2085 1415 2142 ἔτει
1446 2091 1541 2142 τοῦ
1573 2087 1809 2160 κόσμου,
1837 2092 1915 2160 τῷ
1964 2087 2132 2164 τρίτῳ

473 2177 603 2248 μηνὶ
633 2184 733 2247 τῆς
774 2175 1227 2253 κρισκαιδεκάτης
1275 2176 1669 2249 ἐπινεμήσεως,
1705 2174 1756 2230 ἐν
1809 2174 1991 2252 ἡμέρᾳ
2046 2197 2130 2230 τε·

472 2266 641 2341 τάρτῃ
670 2272 767 2321 τοῦ
799 2261 1111 2341 Νοεμϐρίου
1146 2265 1339 2338 μηνὸς,
1372 2262 1524 2327 ὄντος
1582 2270 1677 2319 τοῦ
1733 2264 1899 2335 ἡλίου
1953 2264 2028 2327 εἰς
2068 2265 2128 2320 τὸ

468 2353 565 2410 τοῧ
622 2351 853 2427 Τοξότου
896 2352 1124 2424 ξώδιονθ
1160 2354 1466 2431 ὡροσκόπει
1524 2355 1627 2432 γὰρ
1686 2361 1990 2430 Καρκῖνος·
2050 2359 2131 2427 τῷ

469 2445 673 2519 πρώτῳ
730 2438 833 2498 ἔτει
885 2450 983 2513 τῆς
1044 2441 1428 2514 διακοσιοστῆς
1494 2439 1913 2516 ἑϐδομηκοστῆς
1967 2441 2129 2514 ἕκτης

469 2530 870 2605 Ὀλυμπιάδος,
919 2533 1184 2605 ἐπήξαντο
1227 2533 1353 2596 τοὺς
1405 2532 1691 2607 θεμελίους
1740 2538 1847 2589 τῶν
1894 2531 2126 2589 δυτικῶν

462 2627 666 2697 τειχῶν
696 2629 796 2692 τῆς
829 2624 1460 2687 Κωνσταντινουπόλεως
1492 2643 1504 2656 ·
1538 2625 1620 2678 καὶ
1684 2623 1734 2678 ἐν
1792 2622 1942 2677 ἐννέα
1990 2624 2126 2696 μησὶ

463 2712 526 2767 τό
557 2734 615 2768 τε
645 2718 899 2789 χερσαῖον
952 2734 1041 2768 και
1091 2712 1357 2789 παράλιον
1406 2719 1614 2788 τεῖχος,
1671 2714 1805 2785 μετὰ
1855 2711 2123 2768 πλείστων

469 2798 1091 2875 οἷκοδομημάτων,τῶν
1146 2801 1197 2856 ἒν
1242 2806 1311 2876 τῇ
1361 2800 1520 2856 πόλει
1584 2798 1932 2874 δομηθὲντων
1988 2801 2126 2855 ἀπα-

472 2890 769 2967 ρτίσαντες,
797 2896 867 2967 τῇ
918 2894 983 2946 ια’
1014 2895 1109 2946 τοῦ
1168 2890 1350 2948 Μαΐου
1406 2891 1599 2965 μηνὸς,
1631 2891 1697 2945 τὰ
1752 2889 1988 2966 ἐγκαίνια
2026 2896 2127 2959 τῆς

468 2979 685 3043 πόλεως
742 2980 949 3058 γέγονε,
1009 2979 1099 3036 καὶ
1184 2979 1603 3057 προσηγορεύθη
1688 2981 2124 3037 Κωνσταντινού-

473 3068 659 3131 πολις,

2248 2086 2735 2158 octingentesimo
2795 2087 3091 2144 tricesimo
3151 2092 3400 2159 quarto,
3456 2087 3627 2144 tertio
3688 2104 3899 2144 mense

2244 2175 2703 2247 quartaedecimzs
2748 2175 3118 2241 Indictionis,
3171 2176 3484 2233 Novembri
3527 2193 3747 2247 mense,
3796 2177 3899 2233 die

2241 2269 2469 2337 quarta,
2504 2282 2638 2324 cum
2690 2264 2780 2321 sol
2829 2266 2889 2321 in
2947 2264 3248 2338 Sagittarii
3307 2265 3477 2339 signo
3529 2270 3900 2331 versaretur,

2239 2355 2459 2411 Cancro
2490 2354 2939 2428 horoscopante,
2971 2354 3162 2427 primo
3214 2371 3369 2411 anno
3414 2372 3655 2413 ccum:
3692 2354 3903 2429 Olym-

2239 2442 2453 2516 piadis,
2489 2444 2874 2501 fundamenta
2904 2460 3210 2500 murorum
3242 2443 3695 2501 occidentalium
3723 2444 3889 2501 Con-

2239 2533 2702 2606 stantinopoleos
2730 2535 2893 2606 jacta
2925 2534 3109 2590 fuisse
3146 2552 3159 2592 :
3192 2550 3445 2606 cumque
3476 2550 3681 2590 novem
3712 2551 3892 2591 men-

2235 2623 2420 2693 sibus,
2455 2624 2819 2680 maritimum
2849 2628 2908 2680 et
2936 2628 3272 2681 terrestrem
3296 2641 3559 2695 murum,
3586 2640 3717 2681 cum
3752 2624 3897 2682 aliis

2236 2714 2477 2770 urbanis
2498 2713 2757 2770 aediﬁciis
2788 2714 3202 2786 absolvissent,
3234 2715 3555 2773 undecemo
3586 2714 3738 2781 Maii,
3779 2731 3893 2771 en-

2236 2803 2418 2858 caenis.
2447 2803 2610 2860 urbis
2639 2803 2929 2861 celebrata
2957 2820 3110 2871 esse,
3140 2804 3309 2877 eique
3339 2803 3889 2877 Constantinopolis

2235 2907 2447 2948 nomen
2485 2892 2861 2965 impositum.

462 3190 538 3244 De
567 3191 754 3245 statua
781 3189 1130 3247 Constantini
1157 3192 1223 3246 Μ.
1257 3208 1376 3262 qua
1404 3192 1495 3247 die
1514 3192 1666 3247 urbis
1685 3192 1871 3248 natali
1900 3194 1961 3249 in
2002 3189 2429 3263 Hippodromum
2460 3190 2857 3263 deducebatur.
2892 3191 2966 3247 De
2994 3191 3065 3246 iis
3094 3191 3193 3261 qui
3219 3206 3335 3245 una
3363 3205 3488 3245 cum
3516 3189 3894 3249 Constantino

786 3263 980 3317 urbem
1035 3264 1138 3319 ΟΡ.
1164 3263 1515 3335 aediﬁcarunt
1531 3284 1555 3330 ,-
1584 3281 1649 3320 ac
1681 3266 1753 3321 de
1790 3262 2087 3337 pracipuis
2116 3262 2373 3333 aediﬁciis
2409 3262 2477 3317 ab
2507 3263 2692 3319 eodem
2723 3264 2961 3335 Augusto
2990 3264 3051 3318 in
3073 3263 3208 3319 urbe
3234 3263 3514 3319 excitatis.

538 3365 661 3423 Ἐπὶ
709 3363 767 3421 δὶ
813 3370 881 3441 τῇ
928 3372 1035 3423 τῶν
1090 3369 1365 3445 ἐγχαινίων
1420 3368 1601 3446 ἡμέρᾳ
1644 3369 1964 3445 προσέταξεν
2025 3368 2111 3424 ἐπὶ

2296 3369 2615 3426 Constituit
2645 3374 2843 3428 autem
2876 3374 2942 3427 ut
2972 3369 3363 3443 imposterum
3412 3370 3729 3442 quotannis
3783 3371 3889 3428 die

460 3454 599 3517 τοὺς·
650 3454 841 3533 ἐφεξῆς
903 3457 1159 3532 χρόνους,
1213 3459 1311 3527 τὴν
1385 3458 1547 3514 αὐτοῦ
1602 3458 1811 3531 στήλην
1866 3461 2109 3535 ὁρᾶσθαι,

465 3543 599 3616 μετᾶ
679 3551 777 3613 τῆς
863 3544 1171 3620 εἶθισμένης
1251 3552 1440 3621 τιμῆς,
1496 3550 1743 3605 Ἱππικοῦ
1819 3549 2111 3624 ἀγομένου,

457 3638 576 3694 τοῖς
622 3636 759 3689 κατὰ
805 3635 990 3710 καιρὸν
1048 3636 1451 3711 βασιλεύουσιν,
1495 3634 1663 3693 ὄντων
1711 3638 1800 3693 καὶ
1848 3643 1955 3693 τῶν
2014 3635 2111 3708 δη-

464 3726 669 3795 μοτῶν,
703 3724 790 3778 καὶ
854 3723 1177 3801 ἀνέρχεσθαι
1238 3727 1403 3803 μέχρι
1457 3732 1553 3783 τοῦ
1600 3727 1891 3801 στάματος.
1941 3731 2115 3782 Ταῦτα

460 3809 713 3886 ἐπράχθη
745 3816 823 3884 τῷ
877 3810 1165 3887 δωδεκάτῳ
1219 3813 1322 3871 ἔτει
1371 3823 1471 3885 τῆς
1537 3817 1809 3890 βασιλείας
1864 3820 1961 3872 τοῦ
2004 3822 2111 3872 Με-

460 3898 633 3975 γάλου
712 3902 1146 3970 Κωνσταντίνου,
1198 3906 1654 3978 συμπραττόντων
1715 3908 1799 3961 καὶ
1864 3903 2111 3961 συνευδο-

459 3987 698 4045 κούντων
745 3990 821 4052 εἷς
869 3993 970 4061 τὴν
1017 3991 1318 4066 οἰκοδομήν
1362 4001 1463 4064 τῆς
1514 3997 1918 4073 θεοφρουρήτου
1965 3998 2113 4052 Κων-

461 4077 1006 4141 σταντινουπόλεως·
1070 4080 1324 4158 Εὐφρατᾶ
1376 4081 1436 4137 τέ
1502 4106 1645 4160 φημι
1702 4088 1799 4139 τοῦ
1852 4104 2113 4159 παρακοι-

461 4166 719 4239 μωμένου
779 4169 867 4222 καὶ
922 4169 1243 4245 Οὐροικίου,
1298 4172 1384 4226 καὶ
1448 4170 1737 4247 Ὀλυϐρίου
1794 4178 1890 4229 τεῦ
1949 4195 2115 4250 πραι-

574 4254 585 4275 Ι
758 4257 769 4277 9
863 4254 925 4275 δι
1199 4259 1211 4276 \
1340 4260 1352 4279 ν
1546 4267 1554 4281 ρ
1799 4262 1813 4279 \
2049 4265 2061 4279 ι

456 4275 704 4323 ποσιτου,
776 4263 1038 4331 Ισιοωρου
1124 4279 1214 4312 και
1286 4263 1644 4336 Ευστοργιου,
1726 4284 1814 4317 και
1882 4262 2111 4339 Μιχαηλ

457 4339 983 4420 πρωτοϐεστιαρίου,
1042 4346 1370 4424 ἀμφοτέρων
1446 4351 1763 4428 πατρικίων,
1823 4353 1912 4407 καὶ
1970 4354 2115 4410 Ὀνο-

456 4432 681 4507 ταρσίου
714 4432 980 4509 ἐπάρχου,
1012 4436 1191 4500 καθὼς
1237 4438 1543 4514 ἱστοροῦσιν
1593 4440 1623 4495 6'
1667 4463 1726 4497 τε
1776 4441 2113 4517 Εὐτυχιανὸς

457 4522 839 4597 γραμματικὸς
900 4524 927 4577 6
986 4535 1486 4602 προτοασηκρῆτις,
1547 4530 1637 4584 καὶ
1709 4531 1736 4584 6
1820 4532 2115 4605 συμπαρὼν

454 4616 534 4682 τῷ
586 4605 872 4685 παραϐάτῃ
930 4612 1215 4687 Ἰουλιανῷ
1276 4616 1326 4672 ἐν
1380 4617 1623 4693 Περσίδι,
1673 4618 1979 4693 Εὐτρόπιός
2033 4640 2115 4682 τις

456 4700 484 4753 6
563 4700 828 4776 σοφιστὴς
930 4703 1021 4755 καὶ
1112 4702 1579 4785 ἐπιστολογράφος
1662 4709 2110 4779 Κωνσταντίνου,

454 4786 711 4859 Τρώϊλος
770 4790 798 4843 6
859 4789 1067 4867 ῥήτωρ,
1102 4794 1130 4846 6
1178 4793 1395 4860 πολλὰς
1438 4797 1615 4872 ἀρχὰς
1670 4796 1919 4861 διανύσας
1983 4802 2116 4872 μετὰ

457 4873 643 4946 δόξης,
702 4878 792 4931 καὶ
853 4878 1116 4954 Ἠσύχιος
1169 4883 1196 4935 6
1249 4884 1619 4962 ταχυγράφος.
1680 4888 1843 4944 Οὗτοι
1919 4891 2111 4951 πάντες

460 4964 642 5028 θεαταὶ
700 4967 789 5021 καὶ
851 4968 1158 5043 συνίστορες
1211 4973 1463 5046 γεγόνασι
1524 4980 1629 5030 τῶν
1680 4978 1803 5032 τότε
1843 4979 2114 5053 πραχθὲν-

451 5075 560 5109 των
622 5051 884 5130 ἀκριϐῶς.
921 5058 1005 5111 Ἐν
1059 5055 1115 5113 δὲ
1164 5064 1242 5133 τῷ
1294 5059 1585 5137 δωδεκᾶτῳ
1625 5060 1728 5120 ἔτει
1795 5073 1894 5136 τῆς
1952 5067 2114 5122 αὐτοῦ

459 5141 743 5219 βασιλείας
796 5144 1074 5216 ἐποίησεν,
1126 5147 1199 5211 ὠς
1260 5148 1496 5226 εἷ’ρηται,
1561 5153 1779 5226 μείζονα
1852 5157 1948 5225 τὴν
2010 5156 2116 5212 Βύ-

458 5236 648 5300 ζαντος
699 5231 864 5288 πόλιν
902 5251 914 5266 ⁸
970 5228 1144 5291 ἔκτισε
1203 5234 1259 5292 δὲ
1304 5240 1394 5293 καὶ
1449 5241 1517 5297 τὰ
1581 5242 1837 5317 παλάτια,
1887 5244 1953 5299 τὰ
2008 5245 2113 5299 ἀπό

450 5341 508 5374 τε
580 5329 679 5391 τῆς
756 5321 1001 5397 Χαλκῆς,
1059 5326 1148 5380 καὶ
1231 5332 1337 5383 τῶν
1401 5328 1774 5402 Ἑξκουόίτων,
1844 5334 1931 5388 καὶ
2004 5340 2110 5390 τῶν

458 5408 736 5485 Σχολῶν·
798 5413 887 5467 καὶ
947 5414 1071 5468 ναὸν
1133 5415 1413 5493 ἀνήγειρεν
1493 5420 1661 5476 ἐκεῖσε
1728 5427 1834 5477 τῶν
1912 5425 2111 5499 Ἁγίων

456 5498 831 5570 Ἀποστόλων,
862 5504 955 5557 καὶ
1010 5504 1109 5571 τήν
1165 5502 1326 5560 θόλον
1371 5514 1471 5577 τῆς
1508 5508 1909 5588 Ἑπταλύχνου,
1941 5498 1997 5581 ἠν
2025 5514 2113 5566 καὶ

464 5586 630 5662 μέχρι
676 5592 774 5642 τοῦ
820 5594 910 5644 νῦν
974 5592 1204 5661 σώζεται
1255 5590 1448 5651 ἔσωθεν
1502 5603 1609 5653 τῶν
1682 5586 1917 5675 Σχολῶν
1954 5619 1965 5632 '
2025 5600 2112 5656 καὶ

448 5676 511 5731 τὸ
549 5671 942 5749 Τριϐουνάλιον
992 5682 1080 5735 καὶ
1131 5684 1195 5736 τὰ
1246 5688 1335 5740 νῦν
1401 5671 1778 5762 ὀνομαζόμενα
1832 5688 2091 5766 Νούμερα

2222 3459 2387 3515 urbis
2419 3460 2623 3531 natali,
2657 3464 2854 3518 statua
2885 3459 3076 3534 ipsius
3097 3476 3233 3516 cum
3255 3459 3427 3517 solito
3452 3460 3695 3531 honore,
3718 3459 3889 3518 ludis

2222 3551 2604 3623 circensibus,
2625 3551 2965 3625 imperatori
2986 3551 3321 3626 populoque
3342 3553 3415 3608 ad
3442 3551 3705 3608 tribunal
3727 3551 3801 3607 Hi
3810 3570 3883 3625 p-

2222 3641 2488 3714 podromi
2523 3642 2841 3713 spectanda
2862 3646 3305 3715 proponeretur.
3339 3641 3469 3698 Hac
3516 3641 3879 3699 duodecimo

2221 3744 2377 3783 anno
2407 3727 2638 3800 imperii
2672 3729 3042 3785 Constantini
3082 3729 3279 3802 Magni
3321 3730 3477 3785 facta
3505 3733 3666 3797 sunt,
3704 3730 3883 3802 adju-

2220 3817 2496 3874 vantibus
2540 3817 2601 3874 in
2658 3822 2957 3875 structura
3007 3817 3619 3890 Constantinopoleos,
3666 3818 3877 3876 divino

2222 3906 2495 3979 praesidio
2528 3907 2790 3977 munitae,
2848 3907 3148 3980 Euphrate
3197 3907 3551 3973 accubitore,
3611 3907 3880 3979 Urbicio,

2223 3999 2280 4051 et
2310 3994 2542 4066 Olybrio
2575 3995 2906 4068 praeposito,
2937 3996 3159 4052 Isidoro
3200 4000 3259 4051 et
3292 3994 3612 4067 Eustorgio,
3646 4011 3716 4051 ac
3764 3995 3880 4051 Mi-

2222 4084 2418 4140 chaele
2457 4085 2647 4157 primo
2681 4085 2974 4153 vestiario,
3010 4090 3259 4156 utroque
3292 4084 3559 4157 patricio,
3585 4088 3643 4141 et
3672 4084 3878 4140 Ilonoo

2225 4174 2403 4229 tarsio
2433 4175 2742 4245 praefecto;
2785 4175 3285 4246 quemadmodum
3340 4174 3637 4230 memorize
3689 4175 3884 4230 tradi-

2223 4262 2438 4317 derunt
2512 4262 2912 4334 Eutychianus
2995 4262 3422 4335 grammaticus
3500 4279 3535 4318 ι
3623 4263 3884 4318 secretis

2223 4352 2473 4424 primus,
2510 4354 2567 4406 et
2596 4352 2913 4423 Eutropius
2965 4350 3206 4423 quidam
3268 4350 3559 4422 sophista,
3619 4350 3722 4422 qui
3771 4352 3890 4406 fuit

2224 4440 2604 4497 Constantino
2655 4440 2725 4497 ab
2776 4440 3062 4514 epistolis,
3112 4456 3178 4495 ac
3226 4439 3461 4495 Juliano
3489 4441 3790 4512 Apostata:
3826 4441 3887 4495 in

2223 4529 2458 4587 Perside
2518 4546 2637 4586 una
2674 4530 2897 4600 adfuit;
2950 4528 3183 4586 Troilus
3229 4528 3452 4597 rethor,
3502 4529 3605 4600 qui
3658 4528 3889 4583 multos

2225 4619 2603 4691 magistratus
2624 4636 2758 4676 cum
2790 4619 2977 4691 gloria
3004 4620 3207 4691 gessit,
3243 4623 3301 4673 et
3340 4616 3668 4689 Hesychius
3712 4622 3892 4673 nota-

2223 4709 2367 4765 rius.
2392 4708 2461 4764 IIi
2482 4724 2687 4764 omnes
2708 4712 3065 4781 spectatores
3086 4712 3141 4762 et
3164 4707 3420 4763 accurati
3442 4711 3625 4762 testes
3646 4722 3888 4775 eorum,

2225 4815 2352 4869 quas
2410 4802 2551 4854 tunc
2610 4798 2763 4853 facta
2818 4801 2977 4865 sunt,
3038 4797 3407 4852 exstiterunt.
3456 4797 3625 4851 Anno
3676 4800 3886 4851 autem

2224 4887 2569 4944 duodecimo
2622 4886 2853 4959 imperii
2909 4885 3002 4941 sui
3056 4884 3381 4957 ampliavit,
3414 4887 3477 4939 ut
3506 4882 3737 4939 dictum
3770 4889 3885 4954 est,

2223 4977 2646 5033 Constantinus
2698 4975 2969 5048 Byzantia
3022 4975 3251 5042 urbem,
3302 4971 3737 5045 aedificavitque
3786 4990 3890 5046 pa-

2223 5065 2386 5136 latia,
2418 5084 2452 5121 a
2482 5065 2713 5136 Chalce,
2748 5066 2819 5122 ab
2852 5065 3177 5133 Excubitis,
3199 5069 3257 5121 et
3279 5081 3312 5121 a
3333 5061 3562 5120 Scholis
3587 5077 3602 5117 :
3628 5062 3891 5118 ibidem-

2224 5174 2337 5230 que
2359 5158 2460 5213 SS.
2486 5156 2902 5231 Apostolorum
2945 5157 3235 5230 templum
3289 5154 3596 5222 exstruxit,
3627 5158 3687 5209 et
3719 5156 3886 5226 Hep-

2222 5246 2483 5320 talychni
2514 5247 2765 5318 tholum,
2789 5247 2887 5319 qui
2916 5263 3106 5320 usque
3138 5245 3332 5302 adhuc
3357 5245 3517 5300 intus
3546 5244 3608 5299 in
3648 5243 3887 5300 Scbolis

2225 5341 2527 5394 servatur:
2556 5342 2832 5409 praeterea
2860 5336 3141 5404 tribunal,
3170 5340 3229 5392 et
3259 5352 3386 5408 quea
3418 5349 3574 5389 nunc
3613 5332 3887 5389 Numera

2225 5425 2598 5498 appellantur
2627 5442 2875 5500 quaeque
2904 5426 3164 5498 ejusdem
3191 5423 3395 5497 palatii
3430 5426 3571 5479 sunt
3598 5421 3889 5494 :insuper

2223 5516 2589 5589 undeviginti
2620 5517 2926 5584 Accubita,
2965 5521 3021 5572 et
3048 5514 3427 5587 Stepsimum,
3455 5510 3883 5584 templumque

2223 5608 2280 5660 S.
2338 5605 2640 5676 Stephani,
2698 5622 2814 5678 quo
2847 5605 3117 5661 cubiculo
3168 5604 3415 5660 hiberno
3446 5604 3720 5672 tempore
3752 5605 3881 5655 ute-

2224 5694 2416 5750 batur.
2478 5695 2774 5751 Exstruxit
2803 5711 3039 5767 quoque
3074 5693 3488 5765 Magnauram,
3534 5696 3595 5746 et
3638 5688 3882 5747 Domini
