3984 6348
80 384 122 442 1
144 383 280 443 193
1251 382 1615 446 ΑΝΟΝῩΜΙ
1659 382 1750 442 ΑΝ

1871 381 2244 454 )UITATES
2289 386 2414 446 ΟΡ.
3383 387 3538 453 1194

69 515 192 567 καὶ
228 533 367 568 αυτα
419 513 497 576 εἲς
540 515 610 569 τὰ
658 513 794 570 αὐτὰ
841 512 1104 588 παλάτια,
1154 515 1242 569 καὶ
1285 513 1354 570 τὰ
1401 511 1750 569 ἐννεακαίδεκα

1889 515 2200 588 templum.
2230 516 2522 574 IErarium
2553 517 2694 574 item
2753 518 3059 590 publicum
3110 523 3167 575 et
3224 519 3541 592 privatum,

73 597 466 672 Ἀκκούϐιτα,
523 604 610 657 καὶ
688 603 750 658 τὸ
812 605 1110 678 Στὲψιμον,
1167 604 1256 659 καὶ
1315 605 1405 658 τὸν
1477 604 1606 658 ναὸν
1680 623 1750 656 τοι

1886 603 2263 670 Vestiarium,
2296 607 2593 662 Caballam
2628 613 2686 662 et
2715 608 2913 680 Sigma
2945 626 3011 664 ac
3036 609 3247 664 Oatum
3282 610 3546 681 proxime

77 691 308 766 Ἀγίου
368 692 664 770 Στεφάνου,
725 693 889 768 ὅνπερ
974 693 1090 769 εἶχε
1138 694 1457 768 χειμονικὸν
1515 696 1750 747 κοιτῶνα

1885 693 2192 748 ecclesiam
2226 694 2468 763 Novam,
2494 701 2552 750 et
2582 701 2786 751 caetera
2819 714 3000 767 usque
3033 699 3102 752 ad
3138 703 3368 764 portam
3410 699 3543 755 Fer-

81 783 401 856 Ἀνηγειρε
480 779 538 836 δὲ
607 781 696 836 καὶ
762 783 864 850 τὴν
943 781 1296 856 Μαγναόραν,
1349 781 1438 836 καὶ
1509 782 1608 849 τήν
1681 801 1750 834 τοε

1886 799 2069 847 ream,
2093 787 2150 837 et
2181 784 2400 854 palatia
2421 785 2492 838 ad
2525 783 2842 840 Geranium
2894 802 3077 856 usque
3105 804 3117 842 :
3142 790 3270 841 tum
3292 787 3542 860 Chryso-

89 874 317 943 Κυρίου
398 869 735 940 ἐκκλησίαν,
786 869 879 925 καὶ
948 872 1204 938 Γενικὸν,
1259 870 1348 925 καὶ
1419 870 1478 923 τὸ
1542 866 1773 941 Ἰδικὸν,

86 960 204 1014 καὶ
268 959 332 1013 τὸ
385 960 721 1033 Βεστιάριον,
754 959 844 1013 καὶ
879 960 969 1014 τὸν
1005 954 1322 1030 Καϐαλλᾶν,
1355 959 1443 1013 καὶ
1475 951 1780 1033 τὸ’Σίγμα,-

85 1049 204 1102 καὶ
273 1049 336 1102 τὸ
395 1049 615 1119 Ὠατον,
672 1048 735 1102 τὸ
792 1049 930 1122 πρὸς
983 1050 1084 1117 τὴν
1158 1047 1290 1102 Νέαν
1362 1047 1631 1120 κείμενον,
1687 1046 1775 1100 καὶ

95 1129 288 1212 μέχρι
319 1143 422 1206 τῆς
453 1136 871 1210 ὀνομαζομένης
906 1133 1146 1211 Σιδηρᾶς
1178 1137 1408 1208 πόρτης,
1441 1138 1528 1191 καὶ
1582 1137 1649 1191 τὰ
1678 1156 1776 1189 πα-

91 1225 280 1281 λάτια
316 1226 484 1300 μέχρι
533 1229 632 1280 τοῦ
692 1223 968 1300 Γερανίου,
998 1226 1088 1280 καὶ
1144 1227 1206 1280 τὸ
1238 1219 1651 1300 Χρυσόκλαϐον,
1682 1224 1772 1278 καὶ

94 1315 177 1369 τὸ
215 1315 358 1390 μέγα
389 1312 620 1390 λουτρὸν
674 1319 771 1370 τοῦ
828 1314 1187 1388 Οἶκονομίου,
1225 1316 1287 1369 τὸ
1344 1313 1649 1383 πλησιάζον
1701 1312 1775 1374 εἷς

87 1405 172 1460 τὸ
222 1406 704 1480 Τζυκανιστήριον,
737 1400 868 1480 ἔχον
902 1404 1124 1474 ἐνθήκας
1168 1403 1320 1475 ἑπτὰ,
1351 1402 1440 1458 καί
1485 1404 1644 1465 στοᾶς
1681 1405 1769 1478 ιβ’·

87 1495 197 1548 καὶ
251 1488 540 1566 κόλυμϐον
611 1492 874 1570 εὐμεγέθη
937 1490 1196 1563 ἔνζωδοψ
1242 1491 1332 1547 καὶ
1385 1493 1440 1546 αἱ
1497 1493 1590 1563 μὲν
1641 1493 1774 1548 ἔπτὰ

94 1583 367 1652 ἆνθῆκαι,
429 1581 506 1644 εἷς
559 1582 863 1654 ἀνάμνησιν
922 1587 1030 1638 τῶν
1082 1583 1121 1651 ζ’
1168 1579 1460 1651 πλανητῶν
1511 1581 1771 1657 ἀστέρων·

89 1673 164 1727 αἱ
224 1669 285 1726 δὲ
345 1671 416 1747 ιβ’
446 1670 601 1726 στοαὶ
659 1676 769 1726 τῶν
834 1672 904 1748 ιβ’
940 1675 1126 1744 μηνῶν
1165 1672 1261 1733 τὰς
1315 1672 1530 1746 κράσεις
1557 1668 1768 1741 Ἱσαζον,

94 1760 247 1834 ὅπερ
305 1757 396 1814 οὖν
454 1761 598 1829 ἦπτε
659 1762 828 1835 μέχρι
885 1764 982 1814 τοῦ
1034 1759 1303 1836 βασιλέως
1365 1763 1539 1834 Κυροῦ
1597 1765 1769 1830 Νικη-

97 1849 287 1927 φόρου
339 1853 439 1904 τοῦ
499 1855 697 1904 Φωκᾶ·
733 1849 760 1904 ὀ
821 1846 878 1904 δὲ
933 1847 1224 1904 κατέλυσεο
1257 1847 1513 1918 Ἰωάννης
1571 1849 1768 1920 Τζιμί-

110 1959 278 2010 σκης,
309 1937 400 1993 καὶ
460 1937 521 1993 lx
573 1944 673 2008 τῆς
728 1937 924 1993 τούτου
982 1937 1121 2009 ὕλης
1173 1932 1346 1993 ἔκτισε
1391 1939 1490 2007 τὴν
1525 1936 1773 2008 Χαλκήν,

103 2026 244 2092 ἔνθα
286 2026 376 2082 καὶ
426 2026 622 2101 ἐτάφη.
676 2025 1022 2100 Βουλόμενος
1078 2025 1134 2081 δὲ
1189 2028 1388 2096 κτίζειν
1448 2027 1537 2082 καὶ
1596 2029 1769 2082 Ἰππι-

100 2118 206 2172 κὸν
241 2117 377 2172 κατὰ
409 2116 644 2190 μίμησιν
675 2123 777 2185 τῆς
805 2117 1050 2189 Ῥώμης,
1085 2116 1204 2192 εὗρε
1231 2117 1293 2171 τὸ
1340 2120 1441 2170 τοῦ
1499 2110 1769 2193 Σεϐήρου,

109 2205 208 2260 καὶ
267 2204 652 2280 ἀνεπλήρωσεν
709 2204 861 2275 αὐτὸ,
918 2203 1085 2282 ἤγουν
1133 2205 1196 2260 τὸ
1276 2203 1332 2259 ’ὲν
1415 2204 1578 2280 μέρος
1661 2210 1766 2260 τῶν

110 2292 423 2370 βαθμίδων,
457 2294 546 2349 καὶ
603 2298 712 2348 τῶν
759 2292 855 2349 δύο
911 2295 1247 2370 περιπάτων,
1277 2294 1367 2349 καὶ
1423 2294 1767 2369 καγκὲλλων,

105 2383 207 2439 καὶ
264 2381 424 2438 αὺτὸν
476 2384 568 2438 τὸν
623 2380 1055 2460 Σφενδῶνα,καὶ
1111 2383 1240 2445 τοὺς
1296 2391 1647 2459 καμπτῆρας,
1680 2384 1768 2439 καὶ

102 2473 243 2534 τοὺς
300 2469 529 2545 δήμους.
565 2476 742 2528 Πάντα
795 2470 852 2528 δὶ
907 2473 973 2527 τὰ
1024 2472 1499 2548 χαλκουργήματα
1555 2473 1647 2527 καὶ
1702 2473 1770 2528 τά

103 2563 275 2633 ξόανα
335 2560 393 2618 lx
449 2559 723 2640 διαφόρων
802 2566 944 2616 ναῶν
1028 2564 1115 2616 καὶ
1195 2561 1409 2618 πόλεων
1489 2561 1765 2638 ἀθροίσας,

99 2647 325 2718 ἔστησεν
386 2650 520 2706 αὐτὰ
576 2651 653 2714 εἷς
710 2651 920 2724 κόσμον
979 2657 1078 2720 τῆς
1132 2651 1377 2713 πόλεως·
1413 2650 1624 2724 ὁμοίως
1676 2651 1765 2705 καὶ

95 2739 237 2802 τοὺς
289 2739 472 2801 κίονας
560 2744 658 2794 τοῦ
715 2740 1053 2814 περιπάτου⁶
1116 2739 1360 2795 ἐπάτωσε
1427 2738 1484 2794 δὲ
1540 2739 1766 2802 τούτους

106 2829 251 2902 μετᾶ
328 2836 603 2904 συγ-κοπῆς
635 2875 650 2901 ,
725 2829 816 2883 καὶ
898 2827 1202 2884 ἐπετὲλεσεν
1289 2828 1418 2884 αὐτὸ
1452 2873 1469 2900 ,
1545 2832 1761 2905 πρῶτον

101 2918 348 2987 ποιήσας
376 2916 465 2971 καὶ
497 2917 722 2971 ἱππικὸν
775 2917 977 2990 ἀγῶνα.
1011 2917 1071 2972 Ὁ
1118 2913 1175 2970 δὶ
1219 2910 1362 2990 ἔχων
1421 2915 1548 2977 τοὺς
1616 2915 1763 2989 ὀρνι-

101 3006 258 3070 θίους
309 3003 480 3070 πόδας
530 3004 681 3081 ἤχθη
736 3004 844 3060 ἀπὸ
909 3011 1008 3074 τῆς
1078 3003 1327 3080 μεγάλης
1373 3005 1759 3080 Ἀντιοχείαςο

1885 872 2112 926 clavum
2130 874 2477 928 ethalneum
2513 890 2793 945 magnum
2823 876 3180 942 OEconomii,
3210 877 3540 945 proximum

1884 961 2329 1032 szcanisterio,
2386 964 2538 1032 quod
2571 968 2799 1034 septem
2843 965 3211 1034 receptacula
3259 965 3535 1034 habebat,

1883 1055 1939 1104 et
1969 1050 2274 1105 duodecim
2319 1052 2604 1120 porticus,
2665 1056 2722 1106 et
2769 1051 3201 1123 amplissimam
3245 1054 3535 1124 piscinam

1885 1137 2088 1209 figuris
2119 1140 2421 1194 variatam.
2455 1144 2522 1194 Et
2580 1145 2806 1211 septem
2872 1142 3110 1211 quidem
3167 1133 3538 1214 receptacula

1882 1227 1940 1281 in
1985 1229 2327 1282 memoriam
2360 1234 2585 1300 septem
2619 1229 2986 1300 planetarum
3014 1247 3028 1284 :
3063 1231 3370 1287 duodecim
3403 1249 3536 1288 vero

1885 1317 2164 1387 porticus,
2184 1318 2492 1372 duodecim
2517 1319 2808 1373 mensium
2836 1325 3304 1390 temperamenta
3342 1338 3533 1392 eaqua-

1883 1406 2231 1477 bant;quod
2281 1407 2600 1477 permansit
2649 1425 2836 1479 usque
2867 1409 2936 1463 ad
2973 1414 3236 1479 tempora
3295 1408 3522 1464 domini

1883 1494 2252 1563 imperatoris
2283 1494 2593 1566 Nicephori
2623 1496 2843 1550 Phocw.
2874 1497 3134 1552 Joannes
3163 1514 3299 1552 vero
3350 1497 3523 1552 Zimi-

1882 1599 2010 1637 sees
2068 1582 2212 1637 illud
2273 1585 2500 1652 evertit,
2551 1590 2608 1639 et
2664 1602 2732 1639 ex
2783 1585 2914 1656 ipsa
2977 1585 3222 1641 materia
3279 1585 3530 1642 Chalcen

1881 1672 2158 1731 condidit.
2193 1672 2250 1725 in
2285 1689 2401 1743 qua
2426 1677 2483 1726 et
2513 1673 2782 1744 sepultus
2813 1679 2920 1730 est.
2954 1679 3240 1730 Caeterum
3291 1675 3535 1745 cupiens

1879 1760 2057 1816 etiam
2114 1762 2532 1817 Constantinus
2598 1763 2827 1818 Circum
2907 1765 2977 1818 ad
3038 1765 3226 1819 instar
3288 1764 3532 1820 Romani

1881 1849 2190 1916 aediﬁcare,
2224 1865 2382 1917 eum,
2432 1866 2605 1922 quem
2654 1852 2900 1908 Severus
2938 1853 3348 1924 imperfectum
3397 1852 3530 1908 reli-

1884 1943 2112 2010 querat,
2138 1939 2264 2009 ipse
2296 1939 2582 2000 absolvit;
2617 1957 2791 1996 unam
2827 1957 3037 2012 nempe
3059 1943 3352 2013 graduum
3390 1958 3528 2013 par-

1878 2031 2018 2095 tem,
2052 2044 2117 2083 ac
2149 2029 2397 2083 duarum
2430 2029 2758 2100 porticuum
2794 2035 2852 2086 et
2905 2029 3323 2098 cancellorum,
3377 2047 3526 2102 pra:-

1880 2121 2034 2172 terea
2081 2117 2276 2188 ipsum
2355 2117 2781 2188 sphendonem,
2829 2119 3013 2175 ﬂexus
3072 2135 3174 2175 seu
3233 2125 3422 2175 metas
3467 2123 3526 2176 et

1881 2205 2196 2261 factionum
2266 2207 2457 2262 sedes.
2517 2209 2726 2264 Omnia
2765 2213 2962 2264 autem
3022 2226 3180 2265 aenea
3229 2209 3400 2281 signa
3457 2225 3524 2265 ac

1877 2294 2196 2350 simulacra
2226 2312 2294 2350 ex
2322 2296 2499 2351 variis
2529 2296 2766 2368 templis
2794 2303 2851 2353 et
2894 2297 3228 2354 civitatibus
3285 2297 3530 2353 collecta

1878 2384 1949 2439 ad
1981 2390 2255 2439 ornatum
2289 2386 2454 2440 urbis
2503 2387 2722 2441 erexit:
2785 2386 3059 2442 similiter
3115 2391 3173 2442 et
3220 2386 3528 2441 columnas

1878 2472 2226 2540 ambulacri,
2259 2491 2407 2544 quas
2438 2475 2656 2530 crustis
2683 2475 2929 2544 ornavit,
2963 2492 3029 2531 ac
3061 2475 3216 2531 edito
3266 2475 3529 2548 primum

1875 2563 2130 2633 equestri
2162 2564 2499 2629 certamine,
2532 2580 2680 2634 opus
2732 2565 2992 2636 perfecit.
3053 2565 3269 2620 Verum
3329 2568 3529 2620 statua

1875 2667 2003 2723 quas
2035 2652 2211 2720 pedes
2245 2651 2431 2708 alatos
2464 2653 2658 2721 habet,
2693 2652 2888 2708 delata
2931 2654 3041 2708 fuit
3088 2670 3118 2708 e
3158 2670 3375 2726 magna
3404 2659 3526 2708 An-

1874 2740 2112 2810 tiochia,
2145 2746 2201 2796 et
2231 2741 2695 2812 Bellerophontis
2717 2748 2830 2808 est,
2892 2743 2992 2814 qui
3034 2743 3152 2798 illic
3201 2743 3523 2799 colebatur.

1873 2831 2157 2886 Ceterum
2191 2831 2262 2886 de
2278 2830 2522 2902 reliquis
2545 2831 2775 2902 statuis,
2804 2841 2948 2903 quot
2971 2837 3028 2887 et
3049 2831 3252 2900 quales
3275 2849 3355 2888 eae
3375 2832 3523 2899 sint,

1873 2925 1930 2974 et
1959 2920 2114 2974 unde
2144 2919 2420 2992 quaslibet
2449 2921 2690 2985 venerit,
2714 2927 2770 2976 et
2802 2937 2982 2992 quare
3016 2922 3232 2977 fuerint
3287 2924 3516 2986 erectae,

1873 3011 2168 3079 postremo
2192 3010 2445 3064 breviter
2475 3009 2761 3065 dicemus.

101 3090 227 3149 ἔστι
259 3092 316 3150 δὶ
345 3097 373 3150 6
402 3092 881 3171 Βελλεροφόντης·
921 3094 1012 3148 καὶ
1039 3093 1209 3149 ἰκεῖσε
1239 3088 1491 3149 ἐσέϐοντο
1523 3094 1700 3150 αὐτόν.
1735 3095 1944 3151 Ὂποσα
1976 3092 2034 3149 δὲ
2074 3097 2163 3150 καὶ
2194 3095 2338 3151 ἄλλα
2368 3096 2681 3172 ἀγάλματα,
2713 3097 2801 3151 καὶ
2853 3097 3002 3152 ἅτινό
3059 3095 3184 3165 εἷ’σι,
3216 3096 3306 3151 καὶ
3355 3095 3514 3150 πόθεν

95 3183 298 3253 ἥκασιν
328 3181 575 3252 ἕκαστον,
607 3183 697 3237 καὶ
729 3179 870 3238 διατί
902 3181 1311 3255 ὶστηλώθησαν,
1344 3179 1574 3258 ἔσχατον
1609 3182 1964 3259 λεπτομερῶς
1996 3183 2247 3258 ἰροῦμεν.

100 3348 186 3399 De
215 3346 452 3415 quatuor
482 3344 742 3400 Romanis
764 3342 1067 3415 magistris,
1101 3349 1154 3397 et
1169 3346 1297 3415 octo
1325 3343 1606 3415 patriciis,
1639 3357 1769 3412 quos
1790 3344 1958 3398 Roma
1990 3342 2516 3415 Constantinopolim
2564 3343 2754 3399 eduxit
2806 3345 3194 3400 Constantinus
3240 3345 3508 3413 Magnus;

209 3413 355 3471 aede
383 3415 633 3485 (adiﬁciis
663 3415 732 3470 ab
762 3414 957 3470 iisdem
986 3416 1045 3469 in
1076 3413 1269 3469 eadem
1300 3414 1436 3469 urbe
1456 3415 1566 3472 ΟΡ.
1607 3417 1868 3470 excitatis
1893 3433 1904 3470 :
1935 3431 2148 3471 necnon
2179 3416 2252 3471 de
2273 3413 2528 3488 Scythica
2562 3415 2908 3471 Constantini
2932 3417 2999 3471 Μ.
3033 3416 3400 3488 expeditione

175 3561 408 3618 Μὲλλων
460 3561 552 3618 οὖν
613 3565 640 3618 6
697 3561 872 3638 Μίγας
931 3568 1331 3628 Κωνσταντῖνος
1373 3563 1594 3633 οίκῆσαι
1653 3565 1750 3632 τὴν

1936 3569 2076 3621 Cum
2110 3566 2291 3638 igitur
2321 3567 2525 3622 urbem
2559 3583 2727 3623 suam
2789 3566 3039 3623 habitari
3090 3566 3514 3622 Constantinus

96 3651 266 3708 πόλιν
325 3652 510 3721 αὐτοῦ,
574 3650 788 3723 μᾶλλον
868 3649 924 3706 δὲ
994 3651 1123 3714 τοὺς
1178 3653 1485 3726 Ῥωμαίους
1552 3651 1626 3714 είς
1692 3653 1755 3706 τὸ

98 3741 395 3810 Βυζάντιον
478 3747 881 3817 κατακρατῆσαι
911 3786 924 3810 ,
985 3736 1176 3796 ἔλαϐεν
1255 3741 1306 3812 te
1391 3742 1569 3796 αὐτῶν
1644 3746 1750 3796 τῶν

86 3821 378 3902 Ῥωμαίων
463 3830 529 3884 τὰ
610 3828 818 3885 τούτων
913 3827 1253 3899 δακτυλίδα,
1329 3830 1445 3890 ἑνὸς
1527 3828 1752 3884 ἑκάστου

89 3917 274 3991 ἰδίως,
306 3920 397 3974 καὶ
447 3917 760 3974 ἀπέστειλεν
821 3917 1021 3981 αὐτοὺς
1076 3918 1151 3981 εἷς
1206 3920 1298 3974 τὸν
1367 3916 1593 3994 βασιλέα
1641 3923 1748 3973 τῶν

91 4012 313 4084 Περσῶν
376 4003 624 4084 Σάϐαρον
657 4025 671 4040 ⁸
735 4006 787 4078 ἔξ
841 4009 915 4062 ὧν
967 4008 1020 4062 οἱ
1074 4008 1169 4080 μὶν
1223 4007 1474 4082 τέσσαρες
1527 4007 1753 4084 ἐτύγχα-

85 4118 184 4152 νον
251 4098 556 4172 μάγιστροι·
589 4097 858 4169 Ῥωμαῖοι
914 4093 971 4151 δὲ
1018 4095 1047 4151 6'
1092 4118 1151 4152 τε
1201 4094 1399 4169 Ἀδὰμ.
1454 4098 1482 4151 6
1530 4098 1749 4169 Πρωτά-

85 4207 236 4250 σιος,
292 4187 320 4241 6
369 4184 686 4258 Φιλόξενος,
737 4185 824 4239 καὶ
889 4186 916 4240 6
977 4181 1286 4259 Σκόμϐρος,
1320 4186 1410 4240 καὶ
1470 4185 1747 4261 πατρίκιοι

85 4275 262 4338 ὀκτὼ,
289 4275 317 4329 6
366 4269 602 4350 Πρόϐος,
637 4275 665 4328 6
714 4279 1004 4348 Δομνῖνος,
1039 4272 1372 4336 Σαλούστιος
1404 4275 1432 4329 6
1480 4269 1745 4350 ἔπαρχος,

80 4361 372 4425 Μόδεστος
429 4363 518 4418 καὶ
589 4364 616 4418 6
675 4357 980 4434 Εὔϐουλος,
1011 4364 1039 4418 6
1093 4369 1334 4438 Δαρεῖος,
1369 4365 1396 4418 6
1446 4367 1684 4439 Μαῦρος,
1717 4364 1745 4418 6

81 4449 350 4514 Ῥοδανός
386 4471 398 4484 ·
458 4450 653 4513 οἷ’τινες
723 4451 1159 4523 ἐξαπεστάλησαν
1196 4495 1209 4518 ,
1273 4452 1407 4525 μετά
1483 4451 1744 4508 πλείστου

87 4545 326 4616 στρατοῦ
382 4541 708 4611 ποιήσαντες
797 4540 848 4596 ἂν
936 4539 1150 4614 Περσίδι
1237 4548 1411 4614 μῆνας
1464 4549 1548 4610 ις’,
1600 4545 1628 4597 6
1689 4541 1744 4597 δὲ

88 4630 286 4705 Μὲγας
329 4633 732 4693 Κωνσταντῖνος
781 4629 1112 4693 ἀποστείλας
1163 4630 1238 4692 εἷς
1268 4631 1488 4703 Ῥώμην
1547 4630 1744 4687 ἀνελά-

90 4715 227 4774 ϐετο
279 4719 370 4780 τὰς
427 4724 684 4793 γυναῖκας
737 4717 950 4773 αὐτῶν·
988 4719 1040 4772 οἱ
1105 4716 1162 4774 δὲ
1219 4719 1501 4782 σταλέντες
1551 4718 1743 4791 ἐκεῖσε,

90 4807 380 4871 ἐθεάσαντο
434 4808 524 4861 καὶ
583 4806 710 4871 τοὺς
763 4807 966 4872 τόπους
1040 4807 1152 4869 ἑνὸς
1209 4808 1455 4877 ἑκάστου,
1511 4813 1616 4861 ποῦ
1687 4829 1745 4862 τε

89 4902 299 4952 κεῖνται
354 4896 443 4950 καὶ
506 4896 690 4959 ὅπως·
745 4897 928 4970 ἑτέρας
983 4896 1069 4951 ἐπὶ
1120 4896 1249 4960 τοὺς
1307 4895 1588 4973 αἰγιαλοὺς
1646 4903 1745 4965 τῆς

92 4985 390 5056 θαλάσσης,
440 4983 614 5047 ἄλλας
701 4984 789 5040 ἐπὶ
870 4985 999 5047 τοὺς
1088 4985 1349 5060 ἠπείρους
1434 4986 1691 5047 ὡσαύτως
1727 5003 1739 5015 ·

95 5076 380 5130 ἐθεάσαντο
411 5071 588 5129 δὲκαὶ
635 5073 731 5136 τὰς
775 5072 1020 5142 ἀνόδους,
1053 5076 1107 5128 αἳ
1157 5075 1293 5143 ἦσαν
1340 5072 1742 5150 κοχλιοειδεῖς·

89 5163 189 5220 καὶ
222 5158 473 5225 λαϐόντες
504 5164 600 5224 τὰς
633 5161 899 5241 φαμιλίας
930 5167 1036 5218 τῶν
1086 5165 1293 5218 τούτων
1341 5162 1744 5238 συγκλητικῶν,

90 5251 328 5321 ἀνῆλθον
361 5251 450 5308 liti
480 5253 542 5307 τὸ
566 5253 882 5320 Βυζάντιον,
905 5252 994 5306 καὶ
1026 5249 1237 5307 ἔκτισαν
1266 5251 1432 5324 ὅμοια
1460 5253 1746 5324 κτίσματα,

94 5344 186 5397 καὶ
251 5340 498 5396 ἐκάθισαν
551 5339 723 5395 ἐκεῖσε
765 5340 861 5400 τὰς
922 5339 1188 5417 φαμιλίας
1237 5340 1435 5396 αὐτῶν.
1469 5338 1751 5402 Ἐλθόντες

118 5430 220 5486 οὖν
273 5429 330 5484 ἐκ
388 5426 650 5507 Περσίδος
712 5429 846 5501 μετά
904 5429 1058 5498 νίκης
1120 5429 1384 5503 μεγάληςς
1431 5424 1758 5484 ἆνελάϐοντο

99 5522 196 5576 καὶ
251 5518 424 5573 πάκτα
479 5516 803 5590 κεντηνάριᾶ
852 5518 971 5588 τξε’.
1026 5515 1272 5590 Ἐδέξατο
1333 5517 1424 5574 οὖν
1475 5517 1667 5579 αὐτοὺς
1726 5519 1754 5572 6

105 5606 362 5684 βασιλεὺς
440 5607 708 5679 ἆσμίνως,
796 5606 887 5660 καὶ
971 5609 1207 5677 ποιήσας
1288 5606 1553 5682 εὐωχίαν,
1612 5608 1753 5662 εἶπεν

107 5699 297 5759 αὐτοῖς
329 5715 342 5729 ⁸
404 5697 597 5754 Θίλετε
652 5693 908 5760 ἀπελθεῖν
996 5695 1073 5761 εἰς
1127 5696 1388 5771 Ῥώμην;
1450 5694 1758 5771 δοκιμάζων

425 5829 692 5891 Panos.
739 5828 853 5891 Gn.
897 5825 1140 5891 CXXII.

1866 3655 2134 3728 Magnus,
2197 3657 2314 3711 imo
2374 3657 2572 3729 potius
2645 3661 2938 3712 Romanos
2991 3655 3251 3728 Byzantii
3309 3655 3511 3710 sedem

1865 3745 2095 3816 imperii
2138 3744 2352 3800 habere
2404 3745 2595 3813 vellet,
2657 3747 2948 3815 cujusque
2999 3744 3208 3800 horum
3261 3743 3513 3799 annulos

1864 3834 2105 3905 accepit,
2139 3833 2417 3906 misitque
2447 3833 2608 3904 ipsos
2634 3838 2839 3889 contra
2869 3839 3144 3905 Saporem
3200 3833 3509 3888 Persarum

1862 3938 2082 3994 regem,
2116 3938 2367 3993 quorum
2399 3926 2652 3992 quatuor
2680 3921 2942 3992 magistri
2975 3927 3176 3976 erant:
3239 3921 3504 3988 Romani,

1860 4009 2126 4065 videlicet
2153 4012 2359 4076 Adam,
2395 4011 2717 4077 Protasius,
2745 4010 3117 4073 Philoxenus.
3150 4008 3503 4078 Scombrus;

1859 4104 1987 4154 octo
2039 4116 2171 4155 vero
2229 4099 2479 4172 patricii,
2569 4099 2790 4154 Probus
2849 4117 3079 4169 nempe,
3150 4098 3499 4166 Domninus,

1928 4187 2221 4244 Salustius
2253 4190 2578 4260 prafectus,
2602 4189 2924 4248 Modestus.
2957 4187 3244 4256 Eubulus,
3292 4186 3505 4242 Darius

1856 4281 2091 4332 Maurus
2123 4293 2188 4332 ac
2222 4278 2562 4342 Rhodanus,
2597 4278 2698 4349 qui
2750 4293 2883 4332 cum
2930 4276 3268 4348 ingentibus
3320 4275 3506 4346 copiis

1855 4367 1914 4420 in
1973 4367 2401 4438 expeditionem
2431 4367 2623 4435 missi,
2657 4367 2714 4420 in
2749 4366 2986 4422 Perside
3013 4365 3308 4420 sexdecim
3341 4381 3506 4420 nien-

1855 4472 1949 4512 ses
1982 4456 2329 4512 commorati
2355 4463 2514 4511 sunt.
2541 4460 2768 4512 Interea
2790 4455 3210 4510 Constantinus
3231 4459 3506 4525 Magnus,

1856 4545 2056 4601 missis
2112 4546 2352 4600 Romam
2406 4545 2629 4615 legatis,
2664 4561 2863 4601 eorum
2915 4560 3124 4600 uxores
3166 4541 3496 4599 accersivit.

1853 4637 2140 4690 Caeterum
2171 4635 2345 4705 legati
2377 4635 2581 4690 sedulo
2632 4637 3019 4688 observarunt
3074 4632 3268 4687 locum
3296 4631 3508 4686 situm-

1855 4738 1969 4793 que
2000 4723 2322 4792 cujusque;
2349 4738 2447 4777 eas
2479 4721 2747 4777 videlicet
2792 4721 2998 4775 domos
3031 4737 3157 4790 qua:
3215 4720 3287 4774 ad
3347 4735 3510 4774 oram

1856 4811 2037 4864 maris
2064 4813 2253 4878 erant,
2281 4815 2338 4864 et
2361 4827 2460 4864 eas
2487 4826 2613 4879 quae
2642 4809 2712 4862 ad
2744 4809 3142 4862 continentem
3171 4825 3184 4874 ;
3246 4806 3509 4876 itemque

1854 4897 2238 4968 contemplati
2283 4903 2422 4952 sunt
2467 4897 2659 4952 scalas
2717 4913 2843 4966 quae
2874 4902 3040 4950 erant
3095 4894 3368 4950 cochleas.
3405 4903 3506 4948 As-

1856 4987 2114 5057 sumptis
2148 4986 2325 5055 igitur
2384 4985 2627 5040 familiis
2657 4984 2864 5040 horum
2897 4989 3259 5048 senatorum,
3286 4982 3508 5054 Byzan-

1856 5075 2003 5130 tium
2035 5074 2355 5142 redierunt,
2393 5075 2587 5144 ibique
2638 5073 2819 5128 simili
2853 5074 3041 5128 forma
3092 5071 3336 5127 aediﬁcia
3367 5086 3510 5124 con-

1859 5169 2223 5232 struxerunt,
2267 5180 2592 5235 eorumque
2642 5162 2886 5219 familiis
2930 5161 3220 5217 dederunt
3265 5159 3504 5214 inhabi-

1857 5255 2062 5311 tanda.
2101 5254 2246 5310 Cum
2279 5253 2480 5324 itaque
2511 5253 2766 5324 acceptis
2792 5251 3070 5307 trecentis
3121 5254 3177 5305 et
3207 5247 3513 5320 sexaginta

1861 5343 2123 5414 quinque
2176 5341 2526 5396 centenariis
2595 5340 2825 5405 tributi,
2884 5356 2913 5394 e
2965 5338 3200 5394 Perside
3266 5338 3512 5392 victores

1863 5431 2197 5497 rediissent,
2229 5430 2547 5500 imperator
2591 5446 2690 5486 eos
2745 5429 2954 5484 lubens
3014 5425 3257 5496 excepit,
3317 5442 3383 5481 ac
3441 5425 3513 5481 ad

1864 5521 2194 5577 convivium
2281 5518 2580 5588 admissis,
2642 5517 2983 5589 explorandi
3040 5515 3251 5586 gratia,
3322 5513 3518 5585 inquit

1867 5611 2020 5666 illis:
2062 5631 2082 5658 α
2149 5607 2448 5678 Numquid
2527 5606 2742 5662 abituri
2820 5604 2961 5659 estis
3007 5605 3248 5660 Romam
3292 5602 3372 5657 in
3405 5603 3516 5658 Re-

1872 5699 2235 5771 sponderunt
2284 5697 2392 5766 illi,
2427 5718 2455 5749 «
2522 5697 2688 5753 Haud
2753 5699 2887 5751 ante
2943 5694 3093 5752 duos
3158 5708 3391 5751 menses
3447 5707 3516 5750 eo
3579 5728 3590 5737 -

3115 5824 3195 5885 38
