4056 6346
522 372 703 465 ἰιθε

1503 349 1903 454 ΑρρΕΝῡιΧ
1948 390 2049 451 AD
2098 390 2561 452 MICHAELEM
2605 392 3001 457 PSELLUM.

3817 400 3957 460 “96

544 551 901 596 reversuros.
932 555 962 587 »
995 534 1147 590 Tum
1176 530 1517 604 imperator,
1560 547 1582 578 ι
1641 527 1914 599 Vespere,
1972 525 2187 598 inquit,

2310 521 2521 586 αὐτούς.
2552 525 2620 582 Οἱ
2647 522 2706 581 δὲ
2735 524 2934 605 ἔφησαν
2970 530 3047 604 μή
3080 532 3360 589 κατελθεῖν
3397 534 3560 609 μέχρι
3595 530 3691 588 δύο
3749 536 3958 606 μηνῶν·

545 627 696 685 dabo
723 623 890 682 vobis
922 623 1075 679 aedes
1103 624 1353 677 vestras.
1392 641 1421 669 »
1459 620 1819 689 Praeceperat
1877 614 2034 671 enim
2087 614 2197 670 Eu-

544 715 741 790 phrati
772 710 1097 770 accubitori
1128 726 1258 776 suo,
1289 708 1390 781 qui
1450 706 1870 780 imperatorem
1918 702 2199 761 Christia-

549 820 693 861 num
750 803 985 869 fecerat,
1046 803 1111 855 ut
1168 796 1494 869 unicuique
1566 811 1735 851 suam
1796 794 2037 849 domum
2069 793 2199 849 red-

546 895 708 950 deret
736 906 871 947 cum
905 888 1154 945 familia.
1189 887 1279 944 llli
1336 886 1518 959 igitur
1572 888 1639 941 ut
1694 884 1969 939 viderunt
2022 883 2197 951 ostia,

545 980 691 1040 atria
719 985 777 1037 et
802 979 990 1036 scalas
1020 977 1145 1051 pari
1178 976 1297 1033 situ
1358 975 1572 1048 posita,
1633 988 1971 1029 mensuram
2034 973 2197 1037 item,

540 1072 793 1128 formam
823 1085 890 1124 ac
921 1067 1318 1134 altitudinem,
1350 1064 1705 1136 penitusque
1755 1063 2031 1118 universa
2084 1065 2198 1117 Bo-

540 1159 736 1217 manis
766 1156 1007 1225 similia,
1041 1155 1330 1230 putabant
1361 1171 1423 1210 se
1485 1170 1585 1226 per
1640 1152 2013 1224 phantasiam
2072 1167 2200 1207 esse

539 1250 778 1307 Romae:
860 1246 960 1303 ubi
1014 1261 1147 1302 vero
1202 1249 1261 1299 et
1318 1241 1575 1299 familias
1632 1259 1769 1298 suas
1826 1242 2199 1313 invenerunt,

539 1339 922 1410 Obstupuere.
957 1334 1069 1392 Sed
1103 1338 1423 1406 postquam
1470 1348 1570 1389 eas
1623 1332 2084 1404 interrogarunt,
2144 1335 2201 1388 et

541 1427 629 1485 uti
687 1443 779 1483 res
839 1428 1002 1497 gesta
1059 1427 1237 1494 esset,
1298 1425 1569 1477 accurate
1626 1422 2011 1492 edidicerunt,
2069 1426 2196 1477 tum

542 1519 782 1574 demum
817 1513 1215 1582 crediderunt,
1257 1530 1373 1567 non
1406 1528 1536 1567 esse
1563 1510 1938 1583 phantasiam
1995 1527 2196 1567 verum

540 1604 914 1677 imperatoris
944 1602 1343 1674 prudentiam,
1375 1600 1476 1673 qui
1506 1600 1595 1655 vel
1619 1600 1830 1657 invitos
1852 1601 2195 1673 Byzantium

540 1694 869 1751 inhabitare
900 1689 1205 1762 coegisset.
1269 1690 1416 1745 Loca
1470 1693 1671 1746 autem
1729 1705 1798 1746 ex
1856 1690 2195 1748 nominibus

538 1785 804 1858 ipsorum
836 1780 1216 1837 denominata
1244 1782 1404 1836 sunt.

2312 613 2340 667 ὁ
2392 610 2448 668 δὲ
2504 611 2761 689 βασιλεὺς
2816 615 2940 696 ἔφη·
3001 621 3208 697 ’Λπόψε
3267 619 3383 699 ἔχω
3444 621 3629 678 δοῦναι
3686 622 3818 695 ὑμῖν
3880 621 3962 681 τὶς

2312 701 2490 765 οῒκίας
2551 704 2725 777 ὑμῶν.
2757 706 3068 781 Προστάξας
3122 709 3214 766 οὖν
3249 712 3508 789 Εὐφράτῃ
3565 716 3645 784 τῷ
3704 732 3961 777 παρακοι-

2315 792 2555 867 μωμένῳ
2587 792 2751 849 αὐτοῦ
2777 796 2927 860 δστις
2983 798 3073 853 καὶ
3132 799 3357 872 ἐποίησε
3412 802 3504 856 τὸν
3550 799 3785 876 βασιλέα
3842 806 3961 873 Χρε-

2311 882 2545 950 στιανὸν,
2605 881 2897 940 ἀποδοῦναι
2972 887 3047 942 ἑνὶ
3106 890 3312 963 ἑκάστῳ
3377 890 3581 945 τούτων
3658 889 3757 944 τὸν
3829 890 3959 942 οἶκον

2311 969 2474 1025 αὐτοῦ
2510 973 2643 1044 μετὰ
2674 974 2891 1047 ὀψικίου
2932 975 3121 1036 αὐτοῦ.
3157 980 3223 1037 Οἱ
3273 977 3355 1053 δὲ,
3386 980 3459 1042 ὡς
3504 977 3643 1034 εἶδον
3686 978 3825 1039 τοὺς
3875 1000 3965 1031 π)-

2311 1058 2509 1131 λῶνας,
2553 1062 2643 1116 καὶ
2692 1063 2788 1125 τὰς
2836 1064 3025 1134 αὐλὰς,
3061 1068 3149 1122 καὶ
3199 1071 3296 1131 τὰς
3348 1066 3580 1130 ἀνόδους
3639 1069 3885 1141 ὁμοίως,
3914 1068 3969 1121 τί

2314 1148 2481 1224 μέτρα
2541 1147 2620 1219 δὲ,
2647 1151 2737 1206 καὶ
2790 1154 2857 1208 τὰ
2910 1158 3195 1230 σχήματα,
3237 1156 3425 1213 καὶτὰ
3481 1156 3614 1231 ὕψη,
3646 1157 3747 1211 καὶ
3802 1158 3968 1210 πάντι

2311 1237 2502 1303 ἁπλῶς
2541 1242 2629 1294 οἷα
2686 1242 2754 1296 τὰ
2809 1240 2860 1297 ἐν
2910 1247 2978 1318 τῇ
3010 1242 3433 1322 ⁸Ρώμῃ,ἓδοξαν
3489 1246 3624 1302 εἶναι
3672 1246 3729 1300 ἐν
3785 1267 3973 1321 φαντα-

2310 1326 2397 1398 σίᾳ
2455 1327 2533 1392 εἲς
2576 1330 2675 1397 τὴν
2707 1331 2946 1404 Ῥώμην.
2984 1333 3247 1410 Εὐρόντες
3305 1333 3363 1390 δὲ
3414 1336 3502 1390 καὶ
3552 1334 3651 1399 τὰς
3702 1333 3975 1412 φαμιλίις

2308 1415 2481 1472 αὐτῶν
2518 1464 2533 1489 ,
2601 1416 2973 1496 ἐξεπλάγησαν
3013 1467 3025 1479 .
3093 1424 3498 1500 Ἐρωτήσαντες
3583 1422 3641 1480 δὲ
3725 1424 3929 1488 ταύτας
3957 1471 3970 1496 ,

2305 1505 2395 1561 καὶ
2460 1507 2716 1580 μαθόντες
2774 1506 3061 1586 ἀκριϐῶς,
3115 1513 3241 1568 τότε
3315 1512 3665 1585 ἐπίστευσαν,
3728 1514 3811 1578 ὡς
3881 1518 3971 1569 οὐκ

2306 1592 2417 1651 ἔστι
2476 1599 2780 1674 φάντασμα,
2830 1599 2978 1656 ἀλλὰ
3049 1601 3312 1680 φρόνησις
3377 1608 3473 1658 τοῦ
3532 1601 3835 1680 βασιλέως,
3896 1604 3969 1657 ὅτι

2305 1684 2393 1739 καὶ
2453 1682 2675 1749 ἄκοντας
2732 1688 2931 1751 αὐτοὺς
2986 1689 3036 1745 ἐν
3096 1696 3177 1764 τῷ
3235 1692 3507 1766 Βυζαντίῳ
3551 1692 3854 1763 ἐνώκησεν.
3887 1695 3973 1748 Ἕκ

2306 1770 2363 1829 δὶ
2416 1778 2523 1830 τῶν
2588 1775 2873 1851 ὀνομάτων
2944 1778 3119 1834 αὐτῶν
3194 1778 3480 1859 εἰλήφασιν
3544 1781 3595 1836 οἳ
3655 1783 3824 1836 τόποι
3884 1784 3971 1843 τὰς

2160 1894 2185 1906 υ
2225 1903 2274 1968 Β
2302 1864 2698 1941 προσηγορίας.

609 1978 965 2038 Philoxenus
997 1978 1315 2034 cisternam
1348 1976 1696 2034 construxit.

612 2069 839 2125 Probus
897 2065 1285 2123 Praecursoris
1345 2066 1611 2122 condidit
1668 2064 1979 2138 templum,
2039 2070 2195 2139 quod

542 2158 966 2217 Constantinus
1035 2154 1375 2213 Caballinus
1426 2154 1486 2210 in
1545 2153 1815 2211 fabrilem
1875 2156 2195 2230 officinam,

544 2248 713 2307 Probi
743 2248 917 2304 hodie
942 2246 1179 2314 dictam,
1212 2244 1481 2300 mutavit.

617 2336 949 2394 Domninus
980 2339 1176 2391 autem
1199 2333 1259 2389 in
1278 2336 1467 2391 tractu
1492 2332 1781 2389 Mauriani
1803 2334 2045 2391 domum
2063 2337 2191 2393 aedi-

542 2426 760 2495 ﬁcavit,
790 2426 849 2481 in
883 2441 998 2497 quo
1031 2422 1403 2479 inhabitabat
1431 2423 1799 2496 Agricolaus.

606 2515 819 2574 Darius
848 2513 1120 2571 excitavit
1150 2514 1331 2569 eadem
1360 2512 1647 2568 Canatisae
1682 2514 1881 2569 uxoris
1915 2514 2121 2572 Scleri.

604 2610 845 2663 Maurus
877 2604 1059 2659 eadem
1091 2601 1399 2658 exstruixit
1425 2601 1681 2658 Bellonae
1710 2601 1952 2658 dictam.
2000 2623 2007 2628 ·

602 2694 923 2751 Rhodanus
956 2690 1221 2748 condidit
1261 2691 1440 2746 aedem
1491 2707 1721 2748 sacram
1782 2691 2042 2763 Deiparae
2089 2709 2188 2749 co-

529 2784 937 2859 gnominatam
968 2779 1024 2835 ἐν
1058 2778 1310 2851 οὐρανοῖς
1339 2796 1443 2835 seu
1476 2779 1536 2835 in
1569 2779 1727 2836 caelis
1754 2798 1768 2848 ;
1802 2797 1934 2852 quae
1964 2786 2049 2837 est
2066 2781 2189 2838 Ma-

530 2890 741 2931 ωοοω.

602 2960 923 3019 Sallustius
962 2960 1206 3015 domum
1266 2957 1595 3028 aedificavit,
1652 2974 1779 3029 quas
1841 2960 2186 3034 Condomyti

534 3050 888 3124 appellatur.

606 3139 906 3195 Modestus
918 3137 1100 3194 adem
1117 3136 1447 3193 construxit
1464 3136 1533 3191 ad
1550 3136 1648 3192 SS.
1669 3136 2003 3209 Apostolos,
2020 3137 2188 3194 Lam-

536 3228 1033 3302 prinuncupatam
1051 3242 1201 3297 ;quaa
1219 3225 1542 3281 etiamnum
1560 3224 1715 3281 idem
1733 3242 1945 3282 nomen
1962 3227 2189 3284 retinet.

603 3423 870 3481 Eubulus
900 3422 1014 3478 tria
1043 3420 1307 3477 condidit
1338 3420 1489 3477 atria
1530 3432 1585 3477 et
1617 3426 1872 3494 quatuor
1902 3423 2186 3495 porticus,

530 3514 761 3573 scilicet
807 3510 1003 3569 tholos
1060 3510 1441 3582 enchoregos,
1501 3527 1535 3567 a
1582 3510 1799 3583 palatio
1853 3513 1924 3567 ad
1983 3528 2185 3569 muros

529 3620 722 3676 usque
750 3605 1097 3669 terrestres;
1132 3616 1381 3671 quarum
1407 3617 1524 3655 una
1556 3599 1877 3674 incipiebat
1906 3617 1939 3656 a
1969 3602 2183 3674 szoa-

529 3693 795 3761 nisterio,
855 3690 1187 3763 Manganis,
1244 3688 1540 3761 Acropoli,
1594 3693 1651 3744 et
1694 3693 1857 3745 turre
1914 3689 2184 3761 Eugenii,

530 3787 587 3839 et
616 3780 980 3855 pertingebat
1008 3780 1080 3834 ad
1126 3778 1185 3835 S.
1240 3777 1560 3833 Antonium
1629 3794 1853 3850 usque:
1914 3777 2095 3834 altera
2153 3796 2187 3834 a

530 3871 793 3944 Daphne,
869 3867 1285 3940 Sophianoque
1344 3871 1541 3938 portu,
1601 3870 1658 3921 et
1705 3865 2188 3937 progrediebatur

532 3976 722 4033 usque
752 3959 823 4015 ad
881 3955 1186 4014 ecclesiam
1246 3955 1349 4011 Dei
1407 3954 1721 4011 Genitricis
1781 3960 2183 4026 nuncupatam

534 4049 868 4106 Rhabdum.
904 4045 1160 4117 Reliqua:
1190 4060 1323 4099 vero
1354 4044 1481 4098 dum
1543 4044 1801 4116 porticus
1859 4061 1892 4100 a
1949 4042 2180 4110 Chalce,

482 4118 489 4126 ’
535 4137 696 4195 Milio
730 4141 789 4192 et
842 4135 985 4190 Foro
1039 4134 1111 4188 ad
1170 4133 1432 4188 Taurum
1484 4148 1692 4203 usque,
1753 4136 1811 4188 et
1864 4134 2072 4189 Bovem
2130 4136 2187 4188 et

536 4224 911 4284 Exocionium
934 4223 1129 4295 ipsum
1161 4222 1501 4277 tendebant.
1535 4221 1726 4293 Supra
1783 4222 2044 4294 porticus
2077 4240 2183 4279 au-

532 4319 651 4372 tem
682 4312 1025 4371 ambulacra
1053 4313 1240 4378 erant,
1272 4309 1466 4380 lapide
1515 4310 1801 4381 quadrato
1863 4315 2071 4378 strata,
2129 4315 2186 4367 et

532 4407 738 4461 statuae
788 4416 955 4457 aeneae
1013 4400 1337 4454 innumerae
1395 4398 1466 4454 ad
1517 4401 1933 4455 ornamentum
1994 4400 2182 4457 urbis.

529 4494 816 4552 Praeterea
845 4488 1114 4545 ofﬁcinas
1146 4486 1419 4543 terrarias
1452 4487 1735 4556 condidit,
1795 4493 1853 4544 et
1900 4490 2185 4561 aquaedu-

530 4586 659 4639 ctus
691 4597 760 4637 ex
804 4578 1079 4650 Bulgaria
1134 4577 1194 4632 in
1252 4577 1476 4632 urbem.
1538 4576 1697 4632 Fecit
1734 4577 1911 4633 etiam
1953 4577 2182 4636 cloacas

2376 1973 2434 2029 '0
2468 1971 2760 2044 Φιλόξενος
2791 1969 2966 2030 ἔκτισε
2996 1975 3323 2053 κινστέρναν.

2377 2061 2433 2116 Ὀ
2493 2057 2706 2136 Πρόϐος
2760 2063 3010 2139 ἀνήγειρε
3064 2066 3157 2121 τὸν
3231 2067 3354 2121 ναὸν
3433 2070 3530 2122 τοῦ
3605 2064 3961 2144 Προδρόμοο,

2306 2147 2468 2226 ὅνπερ
2516 2146 2819 2217 Καϐαλῖνος
2864 2151 3121 2226 ἐποίησεν
3173 2153 3510 2232 ἐργοδόσιον,
3540 2157 3603 2212 τὸ
3664 2156 3961 2231 λεγόμενον

2302 2244 2390 2293 νῦν
2425 2235 2663 2315 Πρόϐου.

2373 2330 2431 2386 Ὀ
2464 2326 2521 2384 δὲ
2579 2335 2853 2405 Δομνῖνος
2908 2328 3115 2388 ’ἔκτισεν
3168 2338 3317 2389 οἷκον
3378 2335 3455 2397 εἷς
3502 2335 3567 2390 τὰ
3626 2337 3964 2410 Μαυριανοῦ,

2304 2416 2467 2493 ὅνπερ
2500 2418 2644 2495 εἶχεν
2675 2420 2703 2474 ὁ
2736 2420 3126 2497 Ἀγρικόλαος.

2373 2508 2435 2564 Ὀ
2495 2514 2716 2584 Δαρεῖος
2769 2506 2945 2565 ἔκτισε
2999 2513 3092 2567 τὸν
3152 2512 3298 2567 οἶκον
3338 2520 3437 2583 τῆς
3503 2511 3820 2585 Κανατίσης
3876 2520 3963 2569 τοῖν

2304 2594 2588 2672 Σκληροῦ,

2371 2686 2431 2743 Ὀ
2463 2687 2685 2761 Μαῦρος
2728 2680 2899 2742 ἔκτισε
2929 2689 3019 2743 τὸν
3056 2688 3226 2757 οἶκον,
3245 2690 3304 2753 ’ὀς
3332 2688 3577 2745 καλεῖται
3607 2695 3705 2745 τοῦ
3729 2689 3960 2747 Βελονᾶ.

2372 2773 2433 2830 Ὀ
2464 2771 2715 2837 Ῥοδανὸς
2774 2770 2949 2831 ἔκτισε
3005 2777 3099 2831 τὸν
3159 2778 3329 2851 οἷκον⁹
3361 2779 3421 2842 ὃς
3476 2776 3724 2833 καλεῖται
3789 2780 3862 2833 τὰ
3915 2779 3959 2833 ἰν

2302 2859 2570 2937 οὐρανοῖς·
2606 2860 2716 2919 ἔστι
2751 2862 2807 2919 δὲ
2834 2872 2933 2935 τῆς
2966 2867 3253 2940 Μαμὲνης.

2370 2952 2430 3007 Ὀ
2490 2949 2826 3015 Σαλούστιος
2886 2950 3089 3009 ἔκτισεν
3168 2954 3338 3026 οἶκον,
3394 2956 3453 3018 ὃς
3535 2953 3791 3012 καλεῖται
3872 2960 3959 3011 τοῦ

2300 3035 2673 3113 Κονδομύτου.

2368 3127 2424 3181 Ὀ
2484 3124 2758 3192 Μόδεστος
2846 3127 3049 3186 ἔκτισεν
3141 3130 3286 3187 οἶκον
3374 3130 3453 3194 εἰς
3528 3131 3656 3194 τοὺς
3733 3133 3960 3209 Ἀγίους

2299 3214 2689 3287 Ἀποστόλους,
2720 3218 2812 3274 τὸν
2846 3217 3148 3295 λεγόμενον
3177 3224 3272 3276 τοῦ
3322 3226 3610 3297 Λαμπροᾷ
3654 3222 3850 3286 καθὼς
3880 3224 3960 3278 καὶ

2300 3308 2389 3359 νῦν
2423 3304 2691 3363 καλεῖται.

2365 3414 2425 3470 Ὀ
2457 3408 2741 3476 Εὔϐουλος
2770 3410 2947 3471 ἔκτισε
2995 3422 3142 3491 τρεῖς
3188 3415 3475 3479 πυλῶνας’
3511 3412 3685 3472 ἔκτισε
3744 3415 3812 3472 δὲ
3872 3420 3953 3473 καὶ

2292 3500 2553 3579 τίσσαραε
2613 3498 2888 3576 ἐμϐόλους
2944 3506 3050 3560 ἀπὸ
3105 3510 3203 3561 τοῦ
3262 3505 3542 3565 Παλατίου
3621 3505 3793 3582 μέχρι
3857 3513 3956 3563 τῶν

2294 3591 2564 3668 χερσαίων
2618 3598 2842 3669 τειχῶν,
2884 3593 3228 3670 ἐγχορήγους
3277 3594 3495 3659 θόλους·
3531 3596 3604 3649 ὧν
3653 3596 3681 3650 ὀ
3726 3596 3812 3658 εἶς
3865 3594 3959 3669 ἦρ·

2294 3698 2424 3755 χετο
2478 3681 2584 3736 άπὸ
2640 3685 2738 3736 τοῦ
2796 3683 3288 3759 Τζυκανιστηρίου,
3318 3684 3409 3737 καὶ
3466 3688 3572 3738 τῶν
3629 3684 3959 3760 Μαγγάνων,

2293 3770 2382 3824 καὶ
2438 3777 2538 3840 τῆς
2571 3771 2978 3847 Ἀκροπόλεως,
3010 3772 3100 3829 καὶ
3158 3778 3255 3829 τοῦ
3312 3772 3597 3848 Εὖγενίου,
3643 3772 3730 3828 καὶ
3800 3772 3957 3848 διήρ-

2294 3879 2425 3935 χετο
2509 3860 2679 3937 μέχρι
2759 3866 2858 3916 τοῦ
2924 3863 3113 3939 ’Λγίου
3172 3862 3489 3918 Ἀντωνίου.
3550 3864 3610 3919 Ὀ
3670 3859 3716 3916 δ’
3770 3860 3958 3940 ἕτερος

2292 3945 2500 4024 ἤρχετο
2559 3950 2663 4004 ἀπὸ
2725 3957 2960 4028 Δαφνῆς,
3011 3951 3099 4005 καὶ
3158 3956 3266 4006 τῶν
3325 3956 3567 4029 Σοφιῶν,
3629 3952 3802 4027 μέχρι
3862 3961 3956 4022 τῆς

2297 4032 2528 4092 Ράϐδου·
2565 4039 2616 4092 οἱ
2667 4036 2712 4093 δ’
2744 4035 2920 4115 ἕτεροι
2967 4038 3063 4095 δύο
3093 4034 3325 4113 ἕμϐολοι
3388 4041 3492 4095 ἀπὸ
3548 4047 3649 4110 τῆς
3702 4041 3956 4112 Χαλκῆς,

2290 4125 2393 4181 ικαὶ
2422 4130 2519 4181 τοῦ
2566 4127 2792 4198 Μιλίου,
2824 4127 2912 4182 καὶ
2955 4132 3052 4183 τοῦ
3097 4129 3301 4203 Φόρου,
3348 4130 3513 4205 μὶχρι
3562 4133 3661 4184 τοῦ
3712 4128 3955 4205 Ταύρου,

2291 4214 2381 4269 καὶ
2427 4220 2524 4270 τοῦ
2571 4218 2726 4286 Βοὸς,
2760 4216 2850 4271 καὶ
2899 4222 2997 4271 τοῦ
3029 4216 3374 4289 Ἐξωκιονίου
3408 4216 3594 4274 αὐτοῦ.
3626 4216 3858 4274 Ἐπάνω
3907 4218 3957 4273 δὲ

2290 4308 2398 4359 τῶν
2453 4301 2708 4378 ἐμϐόλων
2755 4306 3044 4384 περίπατοι
3091 4306 3377 4363 πλακωτοὶ
3431 4305 3657 4378 λίθινοι,
3689 4308 3781 4361 καὶ
3834 4316 3956 4377 στῆ-

2293 4392 2383 4449 λαι
2442 4393 2647 4470 χαλκαὶ
2706 4393 2942 4471 ἄπειροι,
3002 4396 3081 4458 εἷς
3132 4393 3493 4469 διακόσμησιν
3553 4402 3654 4465 τῆς
3715 4396 3955 4458 πόλεως.

2292 4484 2502 4539 Ἐκτισε
2560 4481 2616 4538 δὲ
2663 4484 2751 4538 καὶ
2799 4483 2929 4546 τοὺς
2984 4482 3270 4557 μυδρῶνας
3317 4484 3406 4539 καὶ
3456 4484 3727 4561 ἀγωγοὺς,
3761 4483 3841 4540 δι’
3889 4489 3953 4542 ὧν

2290 4573 2351 4627 τὸ
2385 4569 2531 4648 ὕδωρ
2563 4570 2844 4651 ἐκφέρεται
2894 4574 2999 4628 άπὸ
3051 4572 3417 4649 Βουλγαρίας.
3450 4574 3713 4644 Ἐποίησε
3760 4572 3825 4629 δὶ
3874 4577 3953 4630 καῖ

529 4671 889 4742 enoboregas
910 4668 1115 4724 subter
1163 4665 1495 4722 universam
1526 4666 1731 4722 urbem
1792 4670 2184 4738 transeuntes,

2310 4660 2417 4723 τοὺς
2463 4656 2733 4737 καράϐους
2790 4662 3135 4739 ἐγχορήγους
3196 4662 3281 4718 ἐπὶ
3346 4668 3518 4718 πᾶσαν
3574 4664 3675 4739 τήν
3763 4663 3952 4730 πόλιν,

530 4763 833 4833 aequantes
855 4755 1249 4829 profunditate
1306 4753 1678 4811 altitudinem
1728 4753 2083 4827 porticuum,
2116 4774 2188 4814 ne

530 4866 602 4907 ex
629 4849 830 4905 faetore
862 4846 997 4902 inde
1030 4842 1405 4917 proveniente
1438 4842 1626 4898 morbi
1650 4842 2058 4915 gignerentur,
2082 4847 2183 4901 sed

531 4938 726 4998 omnis
756 4936 958 4993 fmtida
986 4933 1262 4991 colluvies
1290 4949 1399 5005 per
1448 4948 1546 4988 eas
1577 4931 1637 4987 in
1682 4949 1842 4989 mare
1878 4933 2182 4990 deﬂueret.

530 5029 664 5086 Haec
695 5027 897 5100 igitur,
932 5028 997 5080 ut
1025 5024 1250 5080 dictum
1280 5025 1391 5089 est,
1424 5021 1496 5077 ab
1556 5022 1788 5077 Urbicio
1848 5023 2182 5095 praeposito,

531 5116 810 5176 Sallustio
843 5115 1131 5188 praefecto,
1160 5111 1505 5182 caeterisque
1562 5111 1798 5166 condita
1845 5116 2003 5168 sunt.
2066 5115 2184 5168 Im-

530 5211 765 5280 perator
794 5208 990 5261 autem
1024 5200 1312 5259 sexcentis
1343 5199 1471 5256 auri
1510 5200 1861 5256 centenariis
1918 5202 1988 5257 ad
2049 5219 2181 5274 por-

527 5294 1109 5368 ticus,aquzeductus
1139 5295 1197 5347 et
1238 5305 1438 5347 muros
1496 5290 1888 5346 exstruendos
1936 5291 2179 5359 relictis,

527 5387 654 5459 ipse
685 5386 963 5443 adversus
1017 5380 1263 5455 Scythas
1322 5380 1640 5436 exercitum
1682 5380 1905 5449 eduxit,
1963 5383 2179 5455 quibus

525 5475 885 5548 subjugatis,
962 5473 1139 5529 urbes
1217 5469 1483 5527 condidit
1560 5470 1990 5541 Persthiabam,
2080 5473 2174 5528 Di-

523 5569 733 5631 stram,
783 5562 1119 5621 Pliscubam
1206 5563 1263 5616 ct
1312 5559 1737 5616 Constantiam.
1798 5559 1929 5617 Haec
1986 5562 2175 5634 spatio

524 5655 779 5711 duorum
829 5667 1120 5709 annorum
1179 5653 1238 5707 et
1291 5648 1556 5716 dimidio,
1618 5654 1860 5706 curante
1916 5650 2173 5722 Hermia,

532 5742 819 5799 mdiﬁcata
848 5742 1029 5799 fuere.
1065 5744 1346 5796 Praeterea
1394 5738 1679 5794 exstruxit
1733 5741 1941 5807 aedem,
1998 5740 2173 5813 vulgo

2299 4754 2475 4830 βαθεῖς
2520 4759 2599 4827 τῷ
2643 4753 2762 4829 ὕψει
2818 4754 2943 4811 ὅσον
2990 4759 3097 4810 τῶν
3151 4750 3432 4829 ἐμϐόλων,
3468 4752 3643 4810 διὰτὸ
3699 4758 3777 4829 μὴ
3827 4759 3951 4811 εἶναι

2295 4841 2560 4899 δυσωδίαν
2607 4844 2749 4913 τινὰ,
2796 4845 2886 4899 καὶ
2944 4843 3291 4916 ἐνσκήπτωσι
3344 4843 3494 4899 νόσοι
3551 4842 3792 4915 πολλαὶ,
3855 4845 3946 4901 ἀλ)

2294 4932 2368 4994 εἷς
2396 4932 2458 4987 τὸ
2486 4933 2647 5008 βάθος
2680 4930 2989 5009 διέρχεσθαι
3038 4934 3133 4995 τὰς
3185 4929 3446 4995 δυσώδεις
3495 4932 3650 5004 ὕλας,
3682 4934 3776 4987 καὶ
3836 4954 3953 4989 κατ·

2293 5020 2545 5097 ἔρχεσθαι
2602 5022 2677 5084 εἷς
2735 5023 2835 5092 τήν
2894 5019 3187 5086 θάλασσαν.
3246 5026 3425 5077 Ταῦτα
3475 5019 3531 5076 δὲ
3607 5020 3951 5093 ἐκτίσθησαν,

2292 5110 2365 5172 ὡς
2430 5108 2661 5185 εἷ’ρηται,
2706 5112 2855 5185 παρὰ
2922 5106 3231 5183 Οὖρϐικίου
3273 5115 3372 5166 τοῦ
3428 5110 3822 5186 πραιποσίτου,
3869 5112 3949 5166 καῖ

2292 5197 2634 5254 Σαλουστίου
2704 5199 2970 5275 ἐπάρχου,
3014 5200 3105 5255 καὶ
3175 5203 3283 5255 τῶν
3336 5200 3571 5269 λοιπῶν,
3631 5199 3946 5255 καταλιπὼν

2289 5289 2473 5352 αὐτοῖς
2542 5292 2864 5366 κεντηνάρια
2938 5290 3172 5366 χρυσίου
3245 5290 3516 5363 ἑξακόσια,
3577 5289 3652 5346 εἷς
3714 5312 3774 5346 τε
3830 5292 3949 5350 τοὺς

2289 5375 2585 5452 ἐμϐόλους,
2632 5380 2758 5442 τοὺς
2806 5380 3083 5455 ἀγωγοὺς,
3133 5380 3221 5435 καὶ
3267 5379 3333 5434 τά
3370 5380 3531 5455 τείχη
3560 5398 3574 5412 ·
3629 5378 3843 5444 εκεῖνος
3897 5379 3947 5433 δὲ

2286 5468 2497 5540 ἐκίνησε
2553 5469 2690 5524 κατὰ
2748 5470 3109 5537 Σκυθῶν,καὶ
3169 5468 3457 5540 ὑποτάξας,
3502 5467 3725 5539 αὖτοὺς,
3775 5467 3943 5524 ἔκτισε

2285 5558 2478 5622 πόλεις
2536 5558 2708 5614 ἐκεῖσε
2761 5560 2861 5629 τήν
2934 5553 3310 5635 Περσθλάϐαν,
3366 5558 3459 5612 καὶ
3532 5560 3635 5627 τὴν
3698 5558 3939 5633 Aie-cem,

2283 5648 2372 5704 καὶ
2427 5650 2526 5718 τήν
2585 5643 2959 5718 ΙΙλισκοόϐαν,
3019 5648 3108 5703 καὶ
3165 5650 3267 5718 τὴν
3317 5646 3713 5704 Κωνσταντίαν.
3767 5653 3940 5703 Ταῦτα

2282 5737 2596 5810 ἐκτίσθησαν
2683 5737 2759 5801 είς
2829 5738 3067 5813 χρόνους
3140 5734 3236 5795 δύο
3307 5736 3483 5812 ἥμισυ
3557 5737 3662 5793 ἀπὸ
3759 5744 3938 5813 emi;
