4056 6346
172 385 332 456 119³7

1293 395 1663 461 ΔΝΟΝῩΜῘ
1705 392 2293 467 AN'l‘IQUITATES
2339 394 2457 458 CP.

3434 397 3593 462 H98

167 525 451 602 Ἑρμείου.
506 532 743 601 ’Ἐκ-εισι,
800 526 858 584 δὲ
908 529 997 584 καὶ
1027 530 1094 585 τὰ
1125 528 1447 603 Ἀρματίου,
1489 528 1540 582 ἂν
1571 529 1618 601 ᾧ
1642 529 1741 599 τήν
1771 549 1811 582 τι

1940 526 2156 583 dictam
2188 525 2497 593 Harmatii,
2525 526 2585 582 in
2618 543 2735 599 qua
2762 530 2981 584 cortem
3016 528 3231 601 posuit,
3264 544 3595 603 currusque

159 614 369 691 κόρτην
440 612 623 688 ἔπηξε,
688 617 779 672 καὶ
854 617 920 671 τὰ
994 617 1208 694 ἅρματα
1280 619 1486 682 τέθεικε
1553 618 1687 692 μετὰ
1761 617 1825 671 τὸ

166 703 429 777 ὑποτάξαι
484 706 614 769 τοὺς
673 705 1042 777 Βυζοντίους.
1102 708 1196 769 Εἷς
1255 705 1312 762 δὲ
1366 708 1429 763 τὸ
1487 702 1663 780 ὄνομα
1716 710 1823 761 τῶν

156 798 331 870 τριῶν
380 794 544 850 αὐτοῦ
588 796 720 851 υἱῶν
775 794 950 851 ἔκτισε
997 798 1064 851 τὰ
1091 794 1362 865 Παλάτια,
1393 797 1459 852 τὰ
1510 796 1827 869 καλούμενα

160 884 668 955 Κωνσταντινιανᾶ,
748 884 840 940 καὶ
922 888 991 941 τὰ
1074 886 1343 962 λεγόμενα
1427 888 1495 941 τὰ
1572 889 1821 943 Κῶνστα.

161 975 338 1046 "Enr;
369 971 426 1029 δί
455 974 543 1030 καὶ
575 975 603 1029 6
635 975 784 1037 οἶκος
812 979 909 1030 τοῦ
940 969 1257 1045 Τουϐάκης,
1277 975 1489 1030 καὶτοῦ
1522 970 1821 1049 Ἰϐηρίτζη,

159 1061 317 1127 ὅστις
346 1062 589 1119 καλεῖται
620 1068 717 1119 τοῦ
750 1064 1169 1141 Ἀκροπολίτου.
1196 1063 1337 1128 Τοὺς
1367 1062 1424 1119 δὲ
1452 1064 1728 1134 ναοὺς,καὶ
1759 1063 1826 1117 τά

160 1150 339 1207 λοιπὰ
370 1151 467 1208 ὅσα
520 1152 803 1228 ἀνήγειρεν
861 1154 889 1208 6
923 1152 1109 1229 Μέγας
1149 1158 1573 1225 Κωνσταντῖνος,
1601 1152 1821 1228 ὕστερον

152 1239 243 1304 εἷς
269 1243 335 1297 τά
365 1242 494 1319 Περὶ
512 1241 820 1315 κτισμάτων
844 1240 1104 1317 ἐροῦμεν,

1941 614 2172 682 locavit,
2234 632 2365 671 cum
2418 616 2763 688 Byzantinos
2813 617 3214 689 subjugasset.
3264 619 3311 673 A
3360 619 3598 676 nomine

1937 709 2132 761 autem
2204 704 2385 760 trium
2418 705 2672 761 ﬁliorum
2706 706 2969 761 condidit
2997 707 3235 778 palatia,
3268 724 3398 779 quas
3443 707 3594 764 Con-

1938 794 2302 851 stantiniana
2333 799 2390 850 et
2420 794 2755 850 Constantis
2784 802 3225 867 nuncupantur.
3258 798 3597 854 Construxit

1936 885 2074 940 item
2108 886 2350 940 domum
2381 884 2648 951 Tubacae,
2668 888 2725 940 et
2755 884 3032 955 Iberitzaa,
3051 885 3397 958 Acropolitae
3425 903 3595 943 voca-

1936 974 2373 1031 tam.Ca3terum
2408 974 2479 1030 de
2504 973 2743 1047 templis
2774 977 2832 1030 et
2860 974 3128 1047 reliquis,
3152 991 3277 1047 quae
3307 980 3594 1032 Constan-

1935 1063 2098 1121 tinus
2126 1067 2375 1134 Magnus
2407 1062 2735 1131 aediﬁcavit,
2769 1067 2973 1136 postea
3002 1063 3062 1119 in
3092 1061 3241 1121 libro
3289 1066 3364 1122 De
3407 1065 3595 1135 aediﬁ-

1932 1154 2038 1209 ciis
2066 1152 2280 1209 dicturi
2313 1168 2540 1208 sumus.

156 1406 239 1462 De
268 1407 435 1464 terra
463 1410 636 1475 motu,
667 1421 773 1478 quo
802 1407 953 1463 muri
982 1408 1135 1463 urbis
1168 1405 1271 1462 ΟΡ.
1321 1406 1419 1461 sub
1472 1404 1761 1531 Theodosii;
1799 1403 2027 1532 Iunium:
2065 1404 2246 1530 eversi
2288 1407 2539 1475 fuerunt,
2590 1404 2645 1457 et
2691 1402 2954 1475 quomodo
3001 1404 3071 1460 ab
3119 1403 3304 1462 eodem
3352 1407 3593 1476 Augusto

1650 1493 1738 1532 ms
1764 1491 1901 1531 aura
1930 1491 1950 1530 ι
1977 1491 2063 1530 sm
2097 1515 2110 1529 .

1650 1491 1950 1533 instaurat:
1977 1491 2110 1530 ειπι.

226 1602 286 1654 '0
335 1597 393 1655 δὶ
437 1601 651 1675 Μικρὸς
698 1598 988 1663 Θεοδόσιος
1042 1600 1118 1666 εἷς
1163 1601 1253 1657 τὸν
1302 1600 1551 1675 πέμπτον
1613 1598 1812 1676 χρόνον

145 1695 259 1759 τῆς
318 1686 483 1744 αὐτοῦ
535 1688 845 1765 βασιλείας,
907 1694 1132 1764 σεισμοῦ
1190 1690 1503 1766 γεγονότος,
1564 1688 1656 1744 καὶ
1706 1693 1814 1743 τῶν

138 1782 358 1853 τειχῶν
416 1778 864 1835 καταπιπτόντων
901 1824 915 1850 ,
974 1777 1062 1835 διὰ
1116 1780 1180 1835 τὸ
1237 1779 1363 1843 τοὺς
1442 1776 1817 1853 Ἀμαληκίτας

140 1865 283 1929 τοὺς
345 1868 797 1944 Χατζιντζαρίους
856 1868 1073 1939 οἰκῆσαι
1134 1869 1187 1924 ἐν
1214 1873 1282 1944 τῇ
1314 1867 1499 1939 πόλει,
1529 1869 1618 1923 καὶ
1655 1867 1819 1944 βλασ-

142 1958 408 2034 φημῆσαι
469 1955 718 2035 σφοδρῶς
749 1957 825 2021 εἴς
848 1960 913 2014 τὸ
945 1960 1268 2035 Τρισάγιον,
1323 1960 1565 2030 ποιήσας
1599 1958 1625 2013 ὁ
1656 1956 1817 2018 αὐτὸς

1997 1597 2362 1654 Theodosius
2412 1614 2548 1654 vero
2606 1596 2820 1654 Junior
2866 1598 3074 1671 quinto
3127 1598 3361 1673 imperii
3412 1617 3589 1670 anno,

1928 1704 2061 1743 cum
2087 1691 2255 1743 terrae
2278 1690 2443 1743 motu
2468 1685 2622 1742 muri
2654 1686 3109 1760 collaberentur,
3141 1705 3207 1745 eo
3234 1691 3389 1762 quod
3420 1692 3593 1747 Ama-

1927 1776 2114 1832 lecitas
2171 1775 2581 1832 Chatzintzarii
2629 1775 2691 1831 in
2745 1777 2889 1833 urbe
2947 1777 3301 1848 habitarent,
3352 1783 3410 1836 et
3464 1780 3589 1838 bla-

1928 1867 2176 1938 sphema
2219 1865 2377 1922 dicta
2426 1865 2487 1922 in
2510 1865 2850 1938 Trisagium
2887 1867 3274 1937 effunderent,
3307 1886 3510 1942 preces
3532 1874 3590 1928 et

1928 1956 2391 2029 supplicationes
2450 1956 2510 2011 in
2571 1957 2790 2029 Campo
2859 1958 3201 2016 Tribunalis
3270 1977 3388 2017 una
3453 1974 3584 2018 cum

152 2033 416 2122 βασιλεὺς
488 2033 694 2102 ἱκεσίαν
761 2047 849 2103 καὶ
924 2033 1081 2117 λιτὴν
1138 2033 1221 2112 εἰς
1276 2049 1368 2104 τὸν
1437 2047 1660 2121 Κάμπον
1718 2050 1811 2102 τοῦ

1930 2046 2268 2119 patriarcha
2297 2045 2501 2103 Proclo
2534 2063 2600 2102 ac
2627 2047 2901 2103 universo
2933 2047 3147 2121 populo
3180 2049 3439 2106 instituit
3472 2066 3485 2106 :
3519 2068 3586 2107 ac

146 2129 553 2210 Τριϐουναλίου
615 2136 749 2210 μετὰ
821 2134 917 2191 τοῦ
974 2136 1319 2213 πατριάρχου
1394 2135 1648 2213 Πρόκλου
1722 2135 1811 2191 καὶ

138 2224 351 2287 Εαντὸς
404 2229 499 2280 τοῦ
554 2222 715 2281 λαοῦ*
774 2227 864 2281 καὶ
915 2227 1012 2299 τὸ,
1066 2226 1230 2301 Κύριε
1277 2226 1528 2297 ἇλὲησον,
1577 2225 1813 2301 κραζόν-

140 2316 284 2369 των·
332 2313 409 2369 ἔτι
465 2316 681 2370 πάντων
744 2315 998 2391 ὁρώντων
1042 2317 1270 2392 ἡρπάγη
1315 2313 1533 2372 παιδίον
1586 2315 1663 2379 εἷς
1716 2316 1809 2370 τὸν

142 2403 304 2477 ἆὲρα,
356 2404 447 2458 καὶ
507 2401 739 2473 ἤκουσεν
796 2404 1050 2482 ἀγγέλων
1102 2403 1495 2480 μελῳδούντων
1560 2405 1649 2460 καὶ
1699 2405 1805 2478 ὑμ-

142 2491 416 2550 νούντων.
477 2494 664 2569 Ἄγιος
721 2495 749 2548 6
801 2494 953 2563 Θεὸς,
1008 2492 1162 2570 ἅγιος
1222 2495 1470 2573 ἰσχυρὸς,
1500 2496 1650 2571 ἅγιος
1679 2492 1807 2559 ἂθά-

146 2602 339 2650 νατος,
403 2580 629 2653 ἐλᾶησον
679 2585 850 2656 ἡμᾶς.
909 2586 1024 2641 Τοῦ
1078 2581 1298 2639 παιδίου
1348 2584 1731 2652 κατελθόντος,
1781 2585 1808 2637 6

147 2670 288 2733 λαὸς
338 2669 606 2744 ἐμελῴδει
664 2671 858 2743 οὕτως,
909 2673 998 2728 καὶ
1049 2672 1175 2745 ἔστη
1228 2676 1256 2729 6
1311 2673 1553 2748 σεισμός.
1590 2676 1689 2728 Καὶ
1722 2670 1811 2728 διὰ

142 2764 320 2816 ταῦτα
372 2760 590 2831 ἐξέωσεν
650 2762 678 2817 6
729 2760 985 2837 βασιλεὺς
1059 2763 1261 2825 πάντας
1314 2762 1441 2825 τοὺς
1499 2762 1807 2841 αἱρετικοὺς

145 2848 214 2905 ἐκ
264 2852 364 2920 τῆς
422 2850 659 2921 πόλεως,
722 2851 812 2905 καὶ
869 2852 935 2905 τά
1001 2851 1163 2928 τείχη
1232 2847 1476 2923 ἐξέϐαλεν
1555 2853 1661 2907 ἀπὸ
1712 2855 1808 2906 τοῦ

146 2938 509 3011 Ἐξωκιονίου
562 2942 727 3016 μεχρι
780 2947 879 3010 τῆς
936 2941 1190 3018 χρυσίας’
1244 2942 1293 3016 ἐξ
1346 2941 1412 2998 οὗ
1451 2944 1539 2997 καὶ
1598 2941 1806 3014 στήλην

150 3027 325 3085 αὐτοῦ
373 3027 588 3100 ἕστήσεν
654 3025 870 3084 ὄπισθεν
936 3035 1042 3085 τῶν
1086 3029 1426 3109 ἐλεράντων·
1478 3030 1569 3086 καὶ
1628 3026 1808 3086 ἀνεϐί-

149 3112 288 3173 ϐασε
353 3119 443 3174 καὶ
518 3119 579 3173 τὸ
648 3118 915 3195 παράλιον
985 3124 1210 3195 τεῖχος,
1271 3120 1376 3176 ἀπὸ
1428 3124 1526 3191 τῆς
1582 3118 1807 3176 Ῥαύδου

152 3205 328 3283 μέχρι
383 3210 483 3279 τῆς
533 3207 800 3281 Χρυσίας,
850 3210 955 3264 άπὸ
1001 3213 1098 3265 τοῦ
1154 3210 1339 3286 Ἀγίου
1398 3210 1690 3268 Ἀντωνίου
1744 3210 1812 3265 τὰ

141 3298 456 3372 Ἀρματίου
506 3298 673 3374 μέχρι
721 3295 1054 3374 Βλαχερνῶν
1084 3299 1173 3354 καὶ
1217 3301 1384 3376 μέχρι
1413 3303 1514 3370 τῆς
1546 3299 1806 3375 Χρυσίας.

1928 2136 2072 2191 dum
2121 2138 2290 2208 Kyrie
2347 2138 2556 2192 εἰθίσθη
2610 2141 2941 2208 cantarent,
2986 2137 3269 2211 puerulus
3317 2140 3582 2211 quidam,

1925 2228 2155 2284 cunctis
2214 2227 2571 2298 videntibus,
2636 2226 2696 2282 in
2755 2244 2948 2284 aerem
3019 2229 3298 2302 abreptus
3362 2230 3588 2289 audivit

1925 2317 2166 2390 angelos
2225 2321 2503 2373 canentes
2561 2333 2572 2372 :
2624 2316 2861 2373 Sanctus
2917 2319 3081 2390 Deus,
3129 2323 3351 2376 sanctus
3403 2320 3585 2393 fortis,

1920 2414 2140 2463 sanctus
2170 2405 2538 2471 immortalis,
2572 2422 2833 2463 miserere
2867 2408 3026 2464 nobis
3076 2426 3090 2464 :
3142 2424 3323 2481 puero
3370 2409 3587 2466 iterum
3623 2482 3633 2491 δ

1925 2498 1985 2552 in
2042 2501 2260 2552 terram
2309 2495 2594 2564 demisso,
2644 2494 2900 2567 populus
2932 2497 3005 2553 ad
3036 2498 3310 2554 eumdem
3343 2500 3587 2557 modum

1920 2584 2156 2651 cecinit,
2188 2583 2505 2655 desilitque
2534 2588 2699 2639 terrea
2748 2588 2947 2641 motus
2997 2602 3011 2641 :
3067 2591 3427 2661 quapropter
3473 2588 3585 2645 im-

1920 2678 2152 2747 perator
2172 2691 2377 2730 omnes
2417 2672 2728 2729 haereticos
2749 2690 2819 2729 ex
2844 2675 2989 2731 urbe
3029 2676 3221 2748 ejecit,
3257 2693 3579 2750 murosque

1920 2765 1994 2820 ab
2042 2763 2352 2820 Exocionio
2398 2763 2468 2818 ad
2502 2766 2733 2835 portam
2767 2764 3013 2820 Auream
3048 2781 3237 2837 usque
3284 2766 3530 2838 protulit
3561 2788 3576 2828 :

1921 2872 2103 2927 quare
2131 2855 2307 2911 etiam
2333 2872 2483 2929 pone
2506 2854 2854 2927 elephantos
2884 2855 3059 2913 isthic
3096 2856 3411 2915 collocatos
3455 2862 3578 2915 sta-

1921 2948 2083 2999 tuam
2117 2961 2287 3001 suam
2310 2944 2511 3001 erexit.
2544 2943 2832 3001 Praeterea
2862 2948 2918 3001 et
2942 2962 3181 3002 murum
3212 2947 3578 3004 maritimum

1921 3050 1953 3088 a
1989 3033 2226 3090 Rhabdo
2260 3034 2332 3090 ad
2369 3037 2599 3105 portam
2628 3035 2880 3090 Auream
2913 3036 3193 3105 extendit,
3243 3038 3301 3092 et
3349 3052 3384 3093 a
3431 3036 3578 3094 San-

1922 3126 2015 3178 cto
2042 3122 2317 3189 Antonio,
2352 3122 2639 3179 Harmatii
2666 3123 2840 3190 dicto,
2876 3140 3064 3196 usque
3094 3125 3166 3180 ad
3198 3123 3576 3196 Blachernas,

1920 3214 1977 3268 et
2008 3212 2079 3267 ad
2113 3216 2341 3285 portam
2364 3217 2783 3269 Auream.Duai
2814 3218 3009 3270 autem
3041 3214 3325 3271 factiones
3356 3215 3578 3288 populi,

1920 3300 1992 3355 ab
2048 3300 2176 3373 ipso
2234 3301 2591 3373 imperatore
2645 3302 2974 3360 Theodosio
3024 3302 3077 3360 ei
3124 3303 3206 3360 rei
3253 3304 3577 3373 destinata,

144 3386 221 3443 Οἱ
254 3381 311 3440 δὲ
358 3382 454 3441 δύο
500 3384 669 3461 δῆμοι
720 3384 929 3443 ἔκτισαν
983 3389 1053 3443 τὰ
1102 3387 1264 3464 τείχη
1315 3390 1442 3464 παρ’
1491 3388 1654 3444 αὐτοῦ
1712 3392 1809 3444 τοῦ

1928 3407 2130 3447 muros
2161 3391 2308 3449 istos
2338 3392 2750 3459 condiderunt,
2783 3391 2870 3447 uti
2900 3392 2960 3449 in
3009 3392 3160 3451 libro
3208 3394 3285 3451 De
3328 3395 3583 3467 adiﬁciis

148 3473 425 3551 βασιλέως
484 3473 771 3532 Θεοδοσίου
830 3475 1155 3553 ὄρισθὲντες,
1204 3478 1384 3541 καθὼς
1426 3478 1503 3542 εἷς
1556 3480 1623 3534 τά
1674 3477 1805 3554 Περὶ

141 3565 465 3638 κτισμάτων
500 3563 751 3642 ἐροῦμεν.

613 3657 750 3731 Ηερὶ
774 3659 872 3711 τοῦ
902 3654 1345 3731 Αὐγουστιῶνος.

221 3745 300 3817 Τῇ
357 3742 581 3820 πέμπτῃ
635 3748 734 3799 τοῦ
790 3740 1132 3822 Ὀκτωϐρίου
1210 3746 1383 3820 μηνὸς
1440 3746 1697 3824 ἐχόρευον
1756 3748 1808 3804 οἱ

144 3829 511 3909 ῥεγεονάρχαι
542 3832 594 3887 ὲν
652 3834 733 3906 τῷ
790 3833 1087 3907 Γουστείῳ,
1136 3832 1302 3910 ἤγουν
1360 3840 1439 3908 τῷ
1482 3836 1807 3911 ὀψοπωλίῳ,

140 3920 227 3982 εἷς
276 3921 373 3989 τὴν
439 3923 609 3995 τιμὴν
658 3926 755 3977 τοῦ
802 3923 937 3979 κατὰ
1004 3923 1095 3978 τὸν
1148 3925 1336 4000 καιρὸν
1397 3924 1600 3980 ἐκεῖνον
1658 3928 1808 4001 βασι-

140 4009 429 4071 λευόντος·
490 4011 548 4065 ὃν
600 4011 651 4066 οἳ
713 4008 925 4067 ἰδιῶται
984 4011 1365 4087 Αὔγουστιωνα
1414 4014 1697 4084 ἐκάλεσαν,
1754 4015 1806 4071 ἐν

135 4098 191 4172 ᾧ
220 4101 314 4154 καὶ
344 4099 553 4172 στήλην
578 4094 768 4172 ἔστησε
800 4107 1201 4164 Κωνσταντῖνος
1245 4109 1346 4172 τῆς
1382 4104 1589 4179 μητρὸς
1619 4104 1804 4159 αὐτοῦ’

136 4187 234 4244 διὸ
289 4189 379 4243 καὶ
430 4188 749 4263 ἐπωνόμασε
796 4191 887 4245 τὸ]
939 4190 1105 4246 τόπον
1158 4191 1571 4268 Αὖγουστιῶνα,
1619 4195 1806 4269 ἅτερον

139 4278 476 4335 Γουστείονα
506 4277 763 4355 λὲγομεν.

137 4385 279 4462 Περὶ
322 4390 418 4441 τοῦ
471 4386 642 4463 αὐτοῦ
698 4385 1156 4463 Αὐγουστιῷ-νορ
1225 4386 1371 4463 διατί
1433 4393 1663 4463 σφαῖραν
1715 4388 1806 4444 καὶ

403 4459 630 4533 σταυρὸν
662 4457 874 4535 κρατῶν
904 4459 985 4536 ἐφ’
1015 4457 1190 4515 ’ίππου
1221 4457 1553 4531 ἐστήλωται.

220 4563 284 4621 Ὁ
316 4564 496 4639 Μέγας
554 4564 933 4628 Ἰουστινιανὸς
985 4566 1172 4627 κτίσας
1222 4566 1322 4634 τὴν
1368 4565 1555 4640 Ἀγίαν
1604 4565 1804 4643 Σοφίαν

137 4652 381 4723 ἐκάθηρε
436 4652 535 4721 τὴν
594 4651 766 4722 αὐλὴν
800 4696 813 4723 ,
887 4653 978 4709 καὶ
1057 4653 1424 4730 ἐμαρμάρωσε
1487 4654 1685 4725 ταύτην
1744 4655 1806 4708 τὸ

136 4739 412 4819 πρότερον
465 4741 625 4796 οὖσαν
678 4746 985 4815 Γουστεῖον,
1044 4743 1118 4805 ὡς
1179 4739 1412 4817 εἷ’ρηται,
1469 4740 1636 4817 ἤγουν
1671 4743 1807 4816 ὀψο·
1840 4780 1886 4844 D

138 4828 385 4887 πώλιον.
429 4830 522 4886 Διὸ
553 4830 642 4886 καὶ
694 4830 886 4903 ἔστησε
930 4832 1020 4887 καὶ
1068 4832 1167 4901 τὴν
1221 4830 1411 4887 ἐαυτοῦ
1454 4830 1664 4902 στήλην
1716 4827 1807 4909 ἔφ-

143 4940 319 4975 ιππον
368 4919 457 4975 ἐπὶ
486 4925 583 4976 τοῦ
613 4922 820 4983 κίονος·
871 4921 959 4976 καὶ
1012 4925 1081 4996 τῇ
1119 4921 1213 4995 μὶν
1248 4922 1502 4997 ἀριστερᾷ
1540 4920 1687 4997 χειρὶ
1716 4918 1807 4993 φί-

142 5030 228 5085 ρει
262 5014 512 5087 σφαῖραν,
564 5012 795 5086 σταυροῦ
839 5010 1224 5087 ἐμπεπηγότος
1276 5010 1326 5065 ἐν
1357 5010 1493 5085 αὐτῇ
1521 5031 1532 5043 ·
1590 5011 1672 5065 ὅτι
1722 5006 1812 5063 διὰ

140 5105 248 5169 τῆς
299 5097 376 5161 είς
429 5100 656 5175 σταυρὸν
708 5099 942 5164 πίστεως
980 5102 1078 5170 τῆς
1126 5106 1232 5175 γῆς
1284 5099 1497 5171 ἀπάσης
1548 5098 1813 5177 ἐγκρατὴς

141 5188 358 5266 γέγονε.
407 5194 620 5265 Σφαῖρα
685 5189 782 5263 μὶν
832 5191 935 5266 γὰρ
980 5191 1014 5259 ἠ
1068 5197 1165 5266 γῆ,
1216 5188 1305 5245 διὰ
1358 5190 1419 5245 τὸ
1468 5186 1810 5267 σφαιροειδὲς

141 5282 245 5334 τοῦ
296 5277 466 5349 αὐτῆς
518 5280 830 5355 σχήματοςο
881 5280 1062 5343 πίστις
1117 5276 1174 5334 δὲ
1203 5280 1230 5334 6
1262 5279 1488 5354 σταυρὸς
1521 5276 1609 5334 διὰ
1632 5279 1724 5334 τὸν
1757 5277 1808 5333 ἐν

145 5367 303 5438 αὐτῷ
361 5366 792 5441 προσηλωθέντα
838 5368 999 5443 σαρκί
1058 5369 1226 5423 Θεόν-
1286 5368 1382 5435 τὴν
1437 5365 1609 5437 δεξιάν
1651 5373 1813 5442 χεῖρα

139 5456 542 5530 ἰνατεταμὲνην
609 5454 842 5534 ἔχουσαν
914 5458 1050 5513 κατᾶ
1112 5455 1417 5525 ἀνατολάς,
1482 5456 1567 5510 καὶ
1631 5460 1811 5511 στάσιν

144 5551 258 5603 τῶν
322 5548 546 5624 Περσῶν
605 5548 1007 5623 σημαίνουσαν,
1060 5546 1149 5602 καὶ
1207 5547 1282 5621 μὴ
1341 5540 1674 5620 μεταϐαίνειν
1726 5545 1813 5601 ἐπὶ

150 5645 254 5709 τῆς
313 5637 629 5712 Ῥωμαϊκῆς
696 5642 836 5714 γῆς,
900 5635 988 5693 διὰ
1043 5643 1143 5708 τῆς
1200 5634 1506 5699 ἀνατάσεως
1572 5635 1661 5692 καὶ
1710 5636 1814 5693 ἀπ-

150 5728 340 5792 ώσεως
411 5733 511 5800 τῆς
581 5727 772 5807 χειρὸς
829 5727 1014 5806 βοῶν·
1081 5731 1280 5799 Στῆτε,
1332 5725 1557 5802 Πέρσαι,
1600 5723 1689 5783 καὶ
1738 5728 1813 5802 μή

1922 3483 2212 3539 dicemus.

2512 3661 2587 3716 De
2614 3660 2973 3732 Augustione.

1990 3744 2205 3812 Quinta
2233 3746 2329 3802 die
2363 3747 2583 3802 mensis
2616 3746 2905 3816 Octobris,
2958 3747 3217 3821 prafecti
3264 3749 3575 3823 regionum

1919 3836 2082 3894 urbis
2108 3835 2166 3891 in
2194 3836 2432 3902 Gusteo,
2481 3852 2587 3891 seu
2638 3836 2760 3891 foro
2806 3837 3050 3906 cibario,
3100 3838 3345 3896 choreas
3392 3839 3575 3897 duce-

1918 3927 2064 3983 bant
2095 3926 2152 3981 in
2183 3925 2468 3981 honorem
2494 3924 2869 3997 imperatoris
2899 3925 3062 3983 illius
3092 3927 3577 4000 temporis;quem

1915 4015 2110 4071 locum
2144 4013 2351 4087 vulgus
2381 4012 2803 4086 Augustionem
2837 4014 3093 4086 appellat
3123 4031 3137 4072 :
3164 4031 3279 4088 quo
3311 4015 3484 4073 etiam
3514 4016 3577 4073 in

1919 4104 2044 4160 loco
2070 4101 2429 4173 suae_matris
2453 4107 2716 4159 statuam
2740 4102 3167 4159 Constantinus
3196 4104 3379 4160 erexit
3411 4120 3425 4160 :
3460 4120 3580 4177 qua

1918 4195 1989 4248 de
2020 4209 2081 4247 re
2114 4192 2307 4249 locum
2340 4190 2511 4247 illum
2546 4192 2923 4263 Augustiona
2941 4192 3187 4264 vocavit;
3222 4209 3399 4267 quem
3430 4192 3577 4251 alias

1917 4282 2260 4338 Gustionem
2294 4279 2685 4353 appellamus.

1917 4391 1993 4445 De
2021 4389 2199 4445 eodem
2233 4389 2599 4457 Augustione.
2630 4389 2817 4458 Quare
2839 4391 3110 4461 equestris
3133 4394 3327 4448 statua
3351 4390 3577 4463 globum

2318 4462 2367 4515 et
2396 4475 2615 4517 crucem
2648 4464 2838 4517 tenens
2865 4468 3045 4519 erecta
3072 4463 3169 4518 sit.

1988 4567 2133 4622 Cum
2164 4566 2542 4622 Justinianus
2571 4570 2817 4639 Magnus
2861 4566 3150 4639 templum
3193 4568 3417 4625 Sanctis
3468 4568 3579 4626 So-

1918 4656 2068 4729 phiae
2099 4654 2466 4726 aediﬁcasset,
2499 4656 2846 4729 expurgavit
2868 4655 3045 4712 etiam
3078 4673 3296 4729 aream,
3327 4674 3579 4732 eamque

1920 4744 2313 4801 marmoribus
2371 4745 2687 4814 exornavit,
2749 4760 2883 4800 cum
2932 4748 3104 4801 antea
3152 4746 3461 4818 Gusteum,
3512 4752 3579 4805 ut

1921 4834 2143 4889 dictum
2176 4836 2285 4897 est,
2319 4846 2420 4888 seu
2470 4832 2663 4888 forum
2714 4833 3003 4889 cibarium
3056 4839 3213 4892 esset
3264 4852 3278 4892 :
3326 4836 3578 4911 ideoque

1920 4928 2183 4980 statuam
2216 4938 2383 4977 suam
2415 4926 2745 4993 equestrem
2796 4923 2877 4979 ibi
2928 4921 3217 4980 columna
3268 4925 3574 5000 imposuit,

1921 5031 2048 5087 quae
2100 5010 2344 5067 sinistra
2391 5027 2569 5066 manu
2620 5010 2862 5084 globum
2911 5016 3095 5082 tenet,
3145 5014 3240 5069 cui
3285 5031 3427 5070 crux
3474 5033 3575 5073 su-

1922 5102 2205 5177 perinfixa
2234 5102 2346 5170 est,
2396 5099 2671 5172 quoniam
2723 5101 2796 5156 ob
2836 5100 3012 5157 ﬁdem
3056 5100 3117 5159 in
3166 5119 3401 5160 crucem
3447 5105 3577 5161 uni-

1922 5192 2072 5251 versi
2122 5195 2409 5247 terrarum
2461 5188 2622 5245 orbis
2669 5189 2988 5261 imperium
3022 5192 3271 5264 adeptus
3302 5196 3413 5250 est.
3445 5193 3575 5251 Glo-

1921 5283 2033 5339 bus
2061 5280 2217 5338 enim
2250 5283 2466 5335 terram
2500 5276 2893 5353 signiﬁcat,ob
2926 5280 3054 5351 ejus
3088 5282 3284 5354 figura:
3318 5283 3579 5340 rotundi-

1922 5375 2137 5436 tatem;
2172 5369 2347 5425 ﬁdem
2382 5384 2518 5424 vero
2551 5385 2713 5426 crux.
2764 5368 2903 5441 quia
2951 5368 3106 5425 Deus
3154 5370 3214 5426 in
3267 5387 3441 5428 carne
3488 5371 3575 5429 illi

1924 5461 2035 5517 fuit
2064 5459 2294 5529 afﬁxus;
2321 5460 2617 5515 dexteram
2649 5462 2847 5515 autem
2882 5474 3123 5514 manum
3150 5476 3355 5517 versus
3384 5461 3575 5518 orien-

1924 5554 2043 5605 tem
2100 5554 2400 5605 extensam
2459 5548 2655 5618 habet,
2714 5548 3031 5605 Persarum
3095 5549 3423 5622 irruptione
3481 5550 3574 5606 in-

1925 5654 2135 5710 nuens,
2168 5654 2387 5712 eosque
2415 5637 2753 5699 extensione
2782 5641 2840 5698 et
2869 5637 3131 5712 ﬁrepulsu
3180 5655 3392 5698 manus
3443 5655 3577 5715 pro-

1926 5727 2147 5787 vincias
2176 5727 2472 5786 Romanos
2504 5729 2777 5788 invadere
2818 5732 3042 5803 vetans,
3091 5728 3185 5789 his
3232 5727 3403 5803 quasi
3446 5745 3577 5789 ver-
