4056 6346
548 416 704 478 1199

1502 412 1895 471 APPENDIX
1938 413 2041 470 AD
2089 411 2548 471 MICHAELEM
2596 408 2987 472 PSELLUM.

3810 410 3957 469 1200

547 548 642 604 bis
690 563 707 605 :
757 547 940 609 State,
990 549 1199 611 Perse,
1258 559 1364 599 nec
1420 542 1666 598 ulterius
1723 542 2189 616 progrediminl:

2312 540 2502 613 πρόσω
2555 546 2809 615 χωρεῖτε⁸
2880 539 2941 594 οὐ
2996 539 3099 613 γὰρ
3159 537 3389 593 συνοίσει
3424 540 3575 611 ὑμῖν,
3606 540 3718 596 Τὸν
3750 538 3847 594 οὖν
3878 543 3955 594 αὖ·

548 652 738 708 neque
767 634 922 691 enim
954 633 1241 688 conducet
1276 632 1466 689 vobis.
1509 636 1713 687 Fertur
1754 636 1951 702 itaque
1998 631 2193 702 ipsum

546 725 946 782 Justinianum
978 724 1048 777 de
1080 723 1255 777 rebus
1286 738 1321 775 a
1364 720 1642 776 Belisario
1696 722 1878 791 gestis
1926 721 2195 775 inflatum

543 815 743 869 animo
774 812 976 867 fuisse.
1012 812 1110 865 Hic
1140 810 1342 879 itaque
1375 810 1686 865 Belisarius
1736 817 1942 865 contra
1990 810 2197 864 Persas

545 910 604 959 et
625 900 881 973 reliquas
902 901 1157 956 Orientis
1181 900 1450 954 nationes
1473 900 1544 953 ab
1568 900 1917 969 imperatore
1945 898 2196 969 legatus,

543 1007 679 1046 cum
710 1005 917 1045 omnes
946 988 1319 1057 debellasset,
1344 988 1415 1041 ad
1448 988 1910 1058 oppugnandum
1945 987 2196 1041 Gelime-

545 1095 667 1135 rem
701 1079 921 1133 missus
952 1078 1065 1132 fuit
1085 1078 1155 1131 ad
1190 1077 1603 1131 Mauritaniam
1638 1094 1650 1131 :
1686 1075 1819 1131 istic
1852 1077 2197 1130 observante

540 1174 599 1223 et
627 1172 1023 1223 commeatum
1056 1166 1483 1220 intercludente
1514 1164 1801 1234 Pharano,
1828 1165 1886 1219 in
1921 1180 2195 1235 magnam

543 1257 821 1313 frumenti
853 1254 1160 1327 penuriam
1194 1256 1494 1322 conjectus
1523 1263 1610 1308 est
1635 1254 1928 1321 Gelimer;
1962 1254 2101 1323 quia
2135 1253 2194 1306 in

543 1344 895 1402 Mauritania
952 1345 1315 1399 frumentum
1386 1359 1500 1396 non
1556 1343 1791 1408 seritur,
1853 1343 1954 1397 sed
2016 1342 2196 1397 coctis

542 1433 721 1505 olyris
749 1438 1087 1488 vescuntur.
1120 1432 1269 1485 Tum
1296 1430 1393 1485 ille
1425 1431 1625 1485 missis
1677 1431 1886 1485 litteris
1940 1430 2198 1501 postulat

540 1524 612 1577 ab
638 1522 1010 1592 imperatore,
1044 1527 1107 1574 ut
1137 1520 1248 1574 sibi
1283 1535 1515 1590 panem,
1549 1520 1857 1590 spongiam
1903 1525 1959 1573 et
2008 1520 2196 1573 citha-

539 1628 662 1665 ram
697 1610 1077 1665 transmittat.
1125 1609 1381 1678 Stupens
1428 1608 1606 1678 igitur
1654 1608 1973 1678 imperator
2022 1625 2055 1663 a
2105 1614 2195 1662 ta-

538 1699 781 1755 bellario
842 1698 1198 1765 sciscitatur,
1252 1714 1357 1752 cur
1411 1696 1523 1752 ista
1582 1702 1820 1768 peteret.
1872 1697 2196 1768 Respondit

537 1788 637 1843 ille
668 1804 681 1843 :
718 1789 933 1843 Panem
968 1786 1360 1857 scilicet,quia
1388 1786 1583 1840 cibum
1613 1786 2192 1857 expetit;spongiam,

2304 629 2395 683 τὸν
2449 629 2821 687 Ἰουστινιανὸν
2867 627 3082 703 λέγεται
3138 625 3436 701 ἐπαρθῆναι
3484 634 3602 689 τοῖς
3653 634 3759 682 to?»
3814 630 3958 686 Βελεο

2308 718 2496 792 σαρίου
2543 717 2910 792 εὐτυχήμασιν
2948 760 2960 772 .
3009 714 3179 775 Οὗτος
3232 713 3323 768 οὖν
3380 714 3597 779 σταλεὶς
3655 718 3799 769 κατὰ
3866 723 3955 771 τῶ.

2310 811 2525 877 Περσῶν
2558 807 2647 860 καὶ
2676 812 2783 860 τῶν
2828 805 3034 861 λοιπῶν
3080 809 3189 859 τῶν
3219 806 3316 873 τῆς
3351 805 3656 873 ’Δνατολῆς
3692 809 3849 881 παρὰ
3878 812 3961 860 τοῦ

2312 894 2621 968 βασιλέως,
2668 897 2757 949 καὶ
2812 895 3012 956 πάντας
3062 895 3663 969 κατατροπωσάμενος,
3726 896 3821 949 καὶ
3882 903 3962 949 Γι·

2310 982 2506 1059 λίμερα
2552 991 2817 1057 κρατῆσαι
2884 981 3194 1038 ἀπέστειλεν
3248 982 3404 1037 αὐτὸν
3454 982 3533 1045 εἰς
3592 986 3963 1055 Μαυρουσίαν,

2306 1072 2475 1127 huic:
2522 1078 2804 1145 τηρεῖσθαι
2845 1072 2949 1126 ὐπὸ
3003 1076 3099 1126 τοῦ
3149 1076 3325 1145 Φαρᾶ,
3379 1072 3437 1133 ὅς
3471 1072 3545 1133 εἷς
3580 1070 3838 1147 μεγάλην
3892 1073 3960 1127 ἓν.

2307 1158 2449 1215 δειαν
2510 1160 2673 1233 ἄρτου
2726 1162 2969 1236 γεγονὼς
3023 1158 3113 1215 διὰ
3158 1162 3221 1215 τὸ
3270 1162 3345 1231 μὴ
3410 1160 3460 1215 ἐν
3532 1167 3614 1233 τῷ
3662 1162 3831 1234 τόπῳ
3876 1170 3965 1231 τῆς

2308 1250 2653 1323 Μαυρουσίοις
2682 1256 2829 1304 σῖτον
2878 1252 3252 1325 γεωργεῖσθαι,
3306 1249 3431 1304 ἀλλ’
3479 1250 3637 1325 ἑφθὸν
3694 1252 3801 1313 τὰς
3845 1252 3964 1306 6);}-

2307 1358 2401 1411 ρας
2452 1341 2733 1407 σιτεῖσθαι,
2785 1337 2981 1414 ἔγραψε
3026 1344 3105 1409 τῷ
3153 1336 3367 1411 βασιλεῖ
3412 1338 3622 1393 στεῖλαι
3673 1340 3833 1412 αὐτῷ
3878 1343 3966 1415 ἄρα

2303 1447 2394 1480 τον
2444 1425 2532 1481 καί
2582 1426 2817 1502 σπόγγον
2873 1427 2961 1480 καὶ
3003 1428 3251 1501 κιθάραν.
3301 1428 3362 1482 Ὁ
3416 1424 3474 1481 δὲ
3530 1425 3840 1502 ἐκπλαγεὶς
3883 1428 3964 1483 ἐπὶ

2303 1516 2540 1583 τούτοις,
2592 1514 2756 1588 ἤρετο
2801 1517 2892 1569 τὸν
2946 1514 3234 1570 ἐπιστολέα
3281 1514 3432 1577 τίνος
3484 1516 3647 1591 χάριν
3682 1516 3857 1572 ταῦτά
3909 1540 3963 1589 γε
4036 1548 4037 1551 η

2306 1604 2570 1673 ἐπιζητεῖ.
2629 1606 2728 1660 Καὶ
2779 1605 3003 1676 ἐξεῖπεν,
3056 1604 3137 1659 ὅτι
3188 1602 3344 1679 ἄρτον
3398 1605 3519 1677 μὶν,
3571 1603 3662 1660 διὰ
3709 1608 3779 1661 τὸ
3812 1606 3965 1660 αὐτο-ι

2307 1692 2583 1764 ἐπιθυμεῖν
2635 1713 2692 1747 τι
2741 1692 2829 1746 καὶ
2878 1697 3092 1769 φαγεῖνδ
3128 1692 3385 1767 σπόγγον,
3434 1690 3613 1747 διὰτὸ
3657 1693 3849 1748 λούειν
3909 1696 3963 1747 τὸ

2305 1782 2440 1835 ἅπαν
2474 1780 2637 1835 αὐτοῦ
2687 1786 2847 1854 σῶμα
2900 1782 3001 1835 ὑπὸ
3056 1786 3162 1835 τῶν
3218 1778 3485 1855 δακρύωψ
3543 1782 3645 1849 τήν
3702 1780 3766 1835 δὲ
3818 1784 3965 1845 κιθά-

540 1883 605 1931 ut
634 1893 847 1949 corpus
878 1880 1064 1931 totum
1098 1875 1374 1947 lacrymis
1404 1875 1602 1931 abluat
1635 1892 1647 1929 :
1682 1875 1990 1943 citharam,
2026 1879 2090 1929 ut
2134 1876 2188 1928 in

2307 1890 2422 1944 ραν,
2488 1868 2577 1923 διὰ
2636 1871 2697 1924 τὸ
2746 1872 3176 1945 παραμυθεῖσθαι
3223 1870 3397 1941 ἑαυτῷ
3444 1875 3561 1931 ταῖς
3616 1878 3957 1948 συμφοραῖς.

540 1965 975 2021 calamitatibus
1027 1965 1137 2021 sibi
1185 1965 1392 2019 solatio
1443 1965 1536 2018 sit.
1591 1965 1756 2019 Tunc
1806 1963 2193 2019 admiratione

539 2054 905 2126 stupefactus
937 2055 1258 2125 imperator
1300 2054 1596 2123 postulata
1627 2053 1789 2108 misit
1841 2068 1853 2107 :
1890 2053 2019 2107 ideo
2068 2069 2190 2108 ere-

537 2149 669 2199 ctus
717 2144 913 2198 animo
959 2143 1337 2197 Justiuianus
1385 2148 1718 2211 equestrem
1770 2140 1881 2196 sibi
1936 2145 2191 2197 statuam

540 2232 826 2288 columnas
858 2231 1160 2302 imposuit.
1206 2231 1318 2285 Sed
1369 2235 1573 2302 postea
1621 2230 1842 2286 invidia
1894 2235 2088 2286 motus
2132 2232 2191 2286 in

539 2320 1023 2376 strenuissimum
1090 2321 1299 2374 ducem
1373 2319 1737 2387 Belisarium,
1811 2320 1923 2391 ipsi
1993 2319 2193 2375 oculos

538 2407 1087 2478 eﬁ‘odit,jussitque
1126 2408 1327 2463 sedere
1376 2424 1512 2464 eum
1560 2409 1630 2463 ad
1684 2408 1852 2463 Lauri
1904 2413 2193 2464 monaste-

539 2496 857 2564 rium,dato
889 2496 1125 2551 vasculo
1157 2502 1432 2562 testaceo,
1465 2502 1528 2552 ut
1558 2497 1658 2569 qui
1690 2497 1821 2552 illac
1853 2497 2189 2563 transirent,

544 2582 783 2640 obolum
814 2583 874 2639 in
905 2583 1051 2640 illud
1085 2585 1462 2655 conjicerent.

716 2696 801 2747 Dc
827 2693 1026 2747 statuis
1054 2708 1173 2761 quae
1204 2693 1263 2746 in
1294 2692 1491 2748 Chalce
1518 2697 1719 2750 erecta:
1747 2696 2019 2748 visuntur.

614 2787 678 2836 In
709 2779 921 2836 Cbalce
950 2782 1234 2852 proxime,
1286 2783 1454 2852 quasi
1505 2787 1642 2837 ante
1686 2782 1886 2852 palatii
1933 2783 2195 2838 ambula-

543 2886 731 2935 crum,
764 2868 995 2940 inclytaa
1024 2868 1343 2924 Pulcheriae
1374 2875 1565 2925 erecta
1594 2876 1684 2925 est
1708 2875 1907 2925 statua
1958 2888 1970 2925 :
2019 2872 2192 2926 Zeno-

543 2958 637 3014 nis
664 2958 804 3013 item
836 2962 893 3013 et
920 2958 1206 3012 Ariadnes
1240 2973 1253 3013 :
1290 2958 1505 3012 ibidem
1559 2964 1834 3029 praeterea
1882 2960 2006 3014 aliae
2062 2962 2192 3015 duae

545 3047 845 3118 pedestres
878 3050 1109 3101 exstant
1139 3062 1318 3117 super
1367 3046 1700 3101 columnam
1747 3048 2039 3117 exiguam,
2089 3048 2190 3104 Se-

544 3135 722 3189 cundi
781 3134 1114 3205 philosophi
1179 3135 1451 3189 distichis
1519 3140 1755 3191 ornatm.
1817 3138 1897 3191 Ex
1948 3138 2190 3192 adverso

545 3239 718 3279 arcus
748 3223 1011 3293 ejusdem
1043 3222 1284 3279 Chalces
1323 3224 1595 3279 visuntur
1641 3226 1832 3297 capita
1880 3226 1995 3280 duo
2045 3226 2185 3281 Gor-

543 3326 789 3381 gonum,
853 3310 998 3365 facie
1078 3309 1369 3381 muliebri,
1429 3328 1497 3366 ac
1566 3328 1707 3366 auro
1775 3313 2048 3367 obducta.
2110 3313 2184 3367 Ex

540 3397 760 3468 templo
803 3403 1001 3453 autem
1054 3397 1248 3452 Diana
1301 3398 1562 3470 Ephesiae
1610 3404 1738 3453 octo
1768 3403 1971 3453 statuae
2004 3399 2190 3455 allata

540 3486 799 3554 fuerunt,
835 3503 1086 3558 quarum
1119 3494 1372 3559 quatuor
1409 3487 1467 3542 in
1501 3488 1742 3559 palatio,
1792 3490 1947 3559 quod
1990 3494 2081 3545 est
2130 3489 2192 3544 in

542 3576 777 3647 regione
805 3575 1003 3643 Tauri,
1037 3576 1331 3631 collocatae
1366 3581 1525 3644 sunt,
1560 3576 1929 3633 Constantini
1960 3593 2190 3650 nempe,

536 3663 985 3733 Juliani,uxoris
1017 3681 1082 3719 ac
1114 3666 1310 3720 fratris
1341 3666 1468 3735 ejus
1498 3666 1650 3723 Galli
1684 3684 1696 3721 :
1724 3666 1964 3736 reliquae
1994 3673 2189 3722 autem

542 3756 797 3824 quatuor
858 3752 1061 3824 positu
1119 3759 1259 3807 sunt
1302 3754 1361 3807 in
1408 3754 1650 3809 sinistra
1708 3760 1871 3824 parte
1931 3754 2189 3811 Chalces.

540 3840 761 3897 Ibidem
795 3846 852 3896 et
880 3858 1017 3897 crux
1051 3858 1085 3898 a
1113 3841 1450 3897 Justiniano
1483 3844 1673 3913 posita
1713 3843 1841 3909 fuit,
1892 3850 1948 3898 et
1995 3849 2192 3899 statua

538 3930 809 3987 inaurata
864 3930 1143 3999 Belisarii,
1194 3935 1251 3985 et
1294 3936 1487 3986 statua
1534 3931 1749 3986 Tiberii
1783 3933 2025 3989 Thracis
2057 3933 2191 3989 Gib-

539 4020 687 4087 bosi,
738 4022 796 4074 et
833 4019 1047 4074 Justiui
1108 4020 1281 4091 primi
1338 4022 1525 4075 forma
1585 4021 1931 4090 macilenta;
1984 4028 2192 4079 statuae

538 4106 679 4164 item
712 4109 841 4179 ejus
872 4112 1254 4180 cognatorum
1287 4114 1532 4179 septem,
1583 4110 1709 4164 aliae
1760 4127 1828 4166 ex
1878 4128 2187 4175 marmore,

540 4197 667 4251 aliae
699 4214 766 4253 ex
795 4214 904 4252 aere
937 4198 1119 4251 factae.
1154 4199 1437 4253 Praeterea
1467 4200 1616 4253 duos
1651 4198 1780 4255 illos
1832 4218 2034 4270 equos,
2089 4202 2187 4272 qui

540 4301 721 4354 supra
748 4288 1085 4355 Gorgonum
1118 4285 1313 4356 capita
1341 4285 1399 4339 in
1433 4292 1568 4342 ante
1617 4288 1773 4343 dicto
1821 4305 1957 4343 arcu
2010 4295 2187 4358 stant,

536 4368 909 4424 Justinianus
963 4371 1185 4425 Sanctae
1243 4372 1468 4443 Sophia}
1525 4376 1812 4440 conditor,
1872 4392 1939 4430 ex
1996 4376 2187 4431 Dianai

537 4457 841 4528 Ephesiuze
872 4458 1088 4529 templo
1124 4460 1263 4516 illuc
1292 4462 1614 4527 transtulit,
1648 4468 1704 4517 et
1734 4481 1913 4535 supra
1961 4465 2188 4521 colum-

538 4562 676 4602 nam
709 4547 910 4614 erexit,
947 4564 1016 4602 ne
1047 4549 1181 4619 equi
1237 4550 1671 4621 pulchritudine
1719 4552 1975 4623 impares
2027 4554 2187 4610 vide-

2320 1962 2363 2015 Ο
2432 1957 2487 2013 δὲ
2559 1958 2810 2033 βασιλεὺς
2869 1959 3159 2033 ἐκπλαγεὶς
3219 1959 3307 2011 καὶ
3366 1958 3686 2031 θαυμάσας,
3755 1957 3961 2015 ἔστειλε

2300 2049 2478 2119 τούτῳ
2542 2050 2609 2103 τὰ
2677 2048 2984 2118 αἰτηθέντα.
3046 2048 3142 2101 Διὰ
3200 2052 3368 2101 ταῦτα
3424 2049 3515 2102 οὖν
3574 2050 3958 2109 Ἰουστινιπς

2303 2136 2553 2212 ἐπαρθεὶς
2609 2136 2688 2213 ἐφ’
2740 2136 2909 2191 ’ίππον
2973 2138 3156 2191 ἑαυτὸν
3204 2134 3420 2207 ἔστησεν
3480 2137 3565 2191 ἐπῖ
3616 2139 3842 2200 κίονοςο
3906 2141 3959 2198 ὃς

2303 2227 2519 2299 ὕστερον
2572 2228 2843 2303 φθονήσας
2903 2225 2980 2297 τῷ
3037 2225 3251 2301 ῥηθέντι
3312 2228 3812 2301 στρατηγικωτάτῳ
3864 2232 3959 2285 Βι-

2304 2312 2553 2388 λισαρίῳ,
2606 2314 2832 2389 ἐξώρυξε
2886 2314 3083 2369 τούτου
3112 2314 3238 2375 τοὺς
3275 2314 3613 2391 ὀφθαλμοὺς,
3646 2316 3737 2369 καὶ
3799 2338 3961 2387 προσ·

2302 2404 2449 2473 ἐταξι
2475 2408 2671 2457 τοῦτον
2720 2411 3043 2472 καθεσθῆναι
3080 2402 3158 2465 εἷς
3187 2404 3254 2458 τὰ
3284 2402 3518 2479 Λαύρου,
3552 2405 3643 2458 καί
3675 2403 3959 2460 ἐπιδοῦναι

2300 2492 2447 2564 αὐτῴ
2501 2498 2687 2557 σκεῦος
2732 2494 3071 2569 ὀστράκινον,
3114 2494 3204 2548 καὶ
3256 2493 3591 2569 ἐπιῤῥίπτειν
3624 2496 3789 2568 αὐτῷ
3840 2500 3961 2556 τοὺς

2303 2581 2671 2656 δερχομὲνους
2706 2578 2934 2638 ὀϐολόν.

2442 2690 2571 2765 Περὶ
2601 2696 2708 2744 τῶν
2740 2690 2956 2760 στηλῶν
2991 2689 3067 2752 εἰς
3099 2693 3196 2759 τήν
3230 2690 3448 2759 Χαλχήν
3483 2691 3821 2765 ἱσταμένων.

2371 2780 2493 2835 ’Ὁτι
2527 2778 2576 2832 ἐν
2609 2783 2677 2852 τῇ
2725 2784 2913 2852 Χαλκῇ
2966 2779 3226 2849 πλησίον,
3291 2779 3629 2855 Ηουλχερίας
3680 2788 3793 2850 τῆς
3853 2783 3960 2837 ἀοι-

2301 2864 2502 2938 δίμου,
2559 2867 2634 2927 ὡς
2692 2868 2826 2941 πρὸς
2879 2869 2971 2921 τὸν
3028 2868 3318 2941 περίπατον
3378 2873 3477 2921 τοῦ
3535 2867 3821 2925 παλατίου
3884 2873 3962 2924 ἀνα

2300 2956 2501 3029 ηγὲρθη
2564 2954 2741 3026 στήλη
2802 2956 2935 3026 αὕτη
2974 2977 2984 2987 ·
3046 2957 3303 3019 ὡσαύτως
3379 2958 3465 3011 καὶ
3538 2957 3813 3032 Ἀριάδνη
3876 2961 3957 3014 καὶ

2301 3045 2510 3112 Ζήνων.
2570 3050 2831 3098 ’Ἱστανται
2891 3044 2979 3098 καὶ
3027 3042 3202 3117 ἕτεραι
3260 3042 3357 3099 δύο
3414 3044 3605 3115 στῆλαι
3641 3049 3813 3115 πεζαὶ
3880 3049 3957 3103 ﬁt?

2298 3132 2477 3193 κίονος
2526 3132 2777 3207 βραχέως
2812 3175 2825 3200 ,
2878 3132 3088 3207 ἐλεγεῖα
3145 3131 3371 3208 ἔχουσαι
3428 3133 3733 3190 Σεκούνδου
3807 3137 3957 3211 φίλι»

2302 3219 2502 3297 σόφου’
2554 3220 2804 3296 ἀντικρὺς
2867 3219 2922 3275 δὲ
2970 3228 3070 3290 τῆς
3121 3222 3347 3292 Χαλκῆς
3394 3220 3583 3295 ἀψίδος
3634 3230 3960 3299 Γοργονοειο

2304 3306 2412 3370 δεῖς
2461 3308 2691 3385 κεφαλαὶ
2757 3307 2852 3365 δύο
2900 3306 3281 3388 χρυσέμϐαφοι
3332 3318 3602 3387 γυνακεῖαι
3631 3331 3643 3343 ·
3696 3312 3956 3391 ἤχθησαν

2302 3395 2366 3452 δα
2391 3398 2495 3451 ἀπὸ
2552 3399 2779 3475 Ἐφέσου
2826 3397 2885 3453 ἐκ
2931 3404 3027 3453 τοῦ
3076 3405 3205 3453 ναοῦ
3236 3404 3334 3465 τῆς
3386 3398 3702 3475 Ἀρτέμιδος
3761 3406 3957 3473 στῆλιιἶ

2303 3485 2466 3540 ὀκτώ*
2530 3486 2617 3540 καὶ
2650 3488 2704 3540 αἱ
2760 3488 2854 3559 μὲν
2886 3488 3137 3561 τεσσαρες
3183 3487 3234 3542 ἰν
3293 3494 3410 3551 τοῖς
3450 3494 3545 3543 τοῦ
3590 3490 3826 3565 Ταύρου
3885 3498 3960 3565 μὲι

2302 3594 2468 3646 ρεσιν,
2524 3572 2577 3629 ἐν
2630 3580 2747 3637 τοῖς
2778 3574 3067 3637 παλατίοις
3114 3580 3604 3651 προεπεπήγεισαν,
3670 3581 3961 3635 Κωνσταν-

2298 3663 2488 3732 τίνου,
2537 3665 2626 3718 καὶ
2681 3663 3019 3733 Ἰοιδλιανοῦ,
3072 3672 3157 3719 καὶ
3208 3672 3307 3734 τῆς
3354 3668 3603 3740 γυναικὸς
3640 3712 3655 3736 ,
3704 3672 3807 3723 καὶ
3874 3671 3959 3724 τοῦ

2301 3750 2539 3828 ἀδελφοῦ
2600 3752 2760 3807 αὐτοῦ
2812 3752 3052 3809 Γάλλου·
3089 3756 3140 3807 αἱ
3188 3752 3244 3809 δὶ
3273 3756 3522 3828 τέσσαρες
3572 3755 3623 3810 ἐν
3678 3764 3811 3820 τοῖς
3872 3767 3959 3827 τῆς

2299 3838 2522 3906 Χαλκῆς
2582 3840 2882 3913 εὐωνύμοις
2933 3844 3179 3917 μέρεσιν,
3243 3839 3367 3897 ἔνθα
3414 3845 3503 3897 καὶ
3562 3848 3805 3916 σταυρὸς
3864 3849 3956 3902 ὑπὸ

2299 3929 2681 3984 Ἰουστινιανοῦ
2759 3929 3058 4005 ἐπεπήγει,
3136 3933 3225 3985 καὶ
3300 3930 3475 4001 στήλη
3554 3931 3955 4012 χρυσέμϐαφος

2301 4016 2623 4091 Βελισαρίου
2676 4018 2764 4072 καὶ
2813 4014 3060 4094 Τιϐερίου
3118 4024 3214 4074 τοῦ
3263 4018 3659 4090 Κουρτοειδοῦς
3715 4028 3955 4097 Θρᾳκὸς,

2298 4106 2386 4160 καὶ
2434 4112 2531 4161 τοῦ
2578 4108 2865 4162 Ἰουστίνου
2916 4113 3011 4162 τοῦ
3044 4112 3265 4182 πρώτου
3299 4107 3642 4178 λεπτοιιδὴς,
3693 4114 3795 4166 καῖ
3858 4120 3952 4168 τῶν

2302 4200 2571 4269 συγγενῶν
2622 4194 2785 4250 αὐτοῦ
2833 4194 3031 4265 στῆλαι
3083 4198 3255 4265 ἑπτὰ,
3316 4198 3368 4252 αἶ
3421 4200 3518 4271 μὶν
3570 4200 3676 4254 ἀπὸ
3732 4206 3954 4278 μαρμαο

2300 4304 2432 4358 ρων,
2502 4285 2553 4337 αἱ
2604 4282 2661 4337 δὲ
2708 4284 2934 4359 χαλκαῖ.
2998 4286 3093 4340 Καὶ
3149 4287 3200 4339 οἱ
3252 4282 3347 4341 δύο
3392 4284 3555 4341 ’ἵπποι
3606 4286 3796 4345 ἐπάνω
3856 4298 3953 4345 τῶν

2299 4370 2665 4446 Γοργονειδῶν
2718 4374 2991 4446 ἱστάμεν-ιι
3033 4374 3083 4429 ἐν
3134 4378 3202 4446 τῇ
3252 4372 3426 4448 ἀψίδι,
3458 4376 3545 4430 καὶ
3580 4378 3738 4432 οὗτοι
3767 4379 3830 4435 lx
3868 4389 3955 4447 τῆς

2299 4458 2619 4535 ’Λρτὲμιδος
2668 4462 2772 4515 ἀπὸ
2822 4464 3046 4540 Ἐφέσου
3098 4460 3347 4538 ἤχθησαν
3402 4465 3503 4518 ὑπὸ
3565 4468 3953 4524 Ἰουστινιανοῦ

2295 4554 2391 4603 τοῦ
2422 4550 2698 4612 κτίσαντος
2730 4552 2830 4619 τὴν
2861 4552 3049 4625 Ἀγίαν
3084 4552 3309 4629 Σοφίαν⁸
3341 4555 3429 4607 καὶ
3456 4553 3772 4623 ἑστῆλωσεν
3803 4560 3949 4617 αὐτὰ.

535 4639 740 4689 rentur
772 4651 784 4689 :
819 4640 874 4690 et
905 4652 1136 4691 crucem
1166 4638 1385 4692 ibidem
1418 4640 1635 4709 posuit,
1672 4645 1735 4694 ut
1783 4640 2012 4696 lirmius
2061 4648 2185 4698 sta-

2302 4636 2388 4693 διὰ
2416 4640 2477 4693 τὸ
2512 4640 2587 4711 μὴ
2619 4637 2946 4709 ἆντιζηλοῦν
2997 4639 3264 4710 ἀλλήλων
3290 4641 3417 4703 τοὺς
3457 4640 3687 4704 ἵππους·
3743 4648 3950 4717 ὁμοῖως

535 4726 646 4778 ret.
679 4723 899 4778 Ibidem
934 4725 1152 4795 pariter
1182 4726 1431 4797 ingentis
1466 4726 1638 4782 molis
1684 4745 1830 4784 aerea
1886 4729 2186 4786 Maximini

535 4815 731 4867 statua
757 4813 945 4883 posita
962 4815 1475 4882 cernitur,uecnon
1501 4822 1710 4873 statuae
1736 4819 1919 4875 totius
1949 4820 2187 4876 familiae

534 4901 845 4957 Theodosii
878 4918 1035 4957 nunc
1064 4902 1242 4957 etiam
1275 4910 1614 4974 supersunt.

1047 5010 1123 5063 De
1149 5011 1353 5064 statuis
1383 5010 1669 5066 Mauricii.

600 5094 661 5149 In
707 5094 918 5151 Chalce
970 5096 1242 5150 visuntur
1297 5098 1474 5153 etiam
1532 5106 1740 5155 statuae
1804 5101 2067 5157 Mauricii
2117 5120 2183 5159 ac

528 5183 747 5252 uxoris,
799 5184 1243 5256 liberorumque
1301 5189 1453 5255 ejus,
1504 5189 1575 5242 ab
1626 5190 1826 5243 eodem
1875 5192 2181 5262 Mauricio,

526 5273 801 5328 manibus
827 5274 1105 5343 extensis,
1138 5290 1319 5346 supra
1348 5276 1562 5331 Christi
1595 5276 1913 5348 imaginem
1944 5286 2180 5349 erectae;

523 5359 763 5430 reliqua
793 5378 928 5416 vero
981 5367 1186 5418 statuas
1231 5363 1350 5418 illic
1394 5364 1707 5431 collocatae,
1760 5384 1827 5422 ex
1874 5373 2029 5424 terra
2081 5373 2182 5425 At-

522 5448 639 5504 tica
668 5450 931 5506 deducta:
966 5456 1106 5506 sunt
1140 5469 1152 5506 :
1187 5453 1338 5507 inter
1365 5470 1510 5524 quas
1542 5472 1659 5509 una
1710 5462 1800 5510 est
1840 5456 2178 5529 philosophi

523 5536 856 5607 cujusdam,
916 5546 982 5593 ut
1053 5542 1230 5595 tradit
1307 5543 1600 5613 Ligurius.
1660 5544 1969 5614 Postquam
2041 5563 2175 5603 vero

524 5624 841 5681 Mauricius
875 5644 908 5683 a
940 5628 1129 5683 Phoca
1175 5633 1422 5700 tyranno
1469 5632 1812 5688 interiectus
1865 5636 1995 5701 fuit,
2049 5635 2173 5692 dia-

522 5721 704 5769 conus
734 5714 976 5784 quidam
1010 5718 1247 5772 nomine
1275 5721 1513 5788 Acatus,
1548 5737 1702 5775 unus
1743 5739 1809 5777 ex
1862 5724 2172 5779 sectatori-

2294 4727 2383 4780 καὶ
2413 4728 2503 4780 τὸν
2539 4729 2763 4800 σταυρὸν
2795 4725 2884 4781 διά
2913 4729 2973 4782 τὸ
2998 4725 3230 4803 ἑδραῖον*
3289 4730 3375 4784 καὶ
3411 4731 3723 4803 Μαξιμῖνου
3769 4735 3943 4803 στήλη

2294 4814 2478 4890 χαλκῆ
2513 4815 2563 4870 ἐν
2595 4814 2774 4877 αὐτοῖς
2827 4815 3043 4871 ἵσταται
3099 4817 3398 4893 βαρυτάτη,
3452 4816 3575 4873 ἔνθα
3625 4824 3721 4874 νῦν
3770 4826 3864 4877 καὲ
3896 4826 3948 4877 τὸ

2290 4902 2443 4979 γένος
2477 4904 2612 4958 ἅπαν
2644 4902 2930 4959 Θεοδοσίου
2965 4906 3218 4980 ὑπάρχει.

2612 5008 2739 5083 Περὶ
2772 5014 2875 5064 τῶν
2914 5008 3130 5079 στηλῶν
3170 5014 3267 5065 τοῦ
3307 5014 3634 5086 Μαυρικίου.

2362 5097 2464 5151 Καὶ
2503 5102 2597 5151 τοῦ
2646 5099 2967 5172 Μαυρικίου,
3013 5101 3101 5153 καὶ
3152 5106 3252 5168 τῆς
3302 5102 3557 5174 γυναικὸς
3615 5103 3811 5175 αὐτοῦ,
3868 5110 3947 5160 ιιαέ

2287 5191 2394 5239 τῶν
2444 5186 2665 5241 τέκνων.
2720 5188 2809 5243 Ἐν
2844 5188 2943 5261 γὰρ
2992 5191 3059 5261 τῇ
3102 5189 3294 5261 ΧαΑκῇ
3331 5186 3579 5245 ἵστανται
3616 5193 3669 5245 αἱ
3704 5201 3945 5250 τοιαῦται

2290 5273 2487 5341 στῆλαι
2544 5280 2640 5329 τοῦ
2691 5274 3037 5350 Μαυρικίου,
3092 5273 3293 5340 ἄνωθεν
3342 5283 3441 5345 τῆς
3493 5276 3826 5354 θεανδριχῆς
3886 5283 3947 5337 si-

2287 5362 2443 5424 κόνος
2498 5368 2594 5417 τοῦ
2647 5366 2825 5432 Ἰησοῦ
2876 5364 2963 5418 ὑπ’
3035 5364 3198 5419 αὐτοῦ
3256 5374 3802 5436 κατασκευασθεῖσαι,
3866 5372 3941 5425 xz‘:

2288 5451 2628 5524 ὶκτιταμὶναι
2676 5458 2793 5514 ταῖς
2845 5452 3055 5527 χερσίν,
3106 5454 3173 5509 Αἱ
3221 5450 3278 5508 6t
3321 5453 3513 5509 λοιπαὶ
3569 5456 3630 5511 ἐκ
3678 5462 3784 5526 τῆς
3844 5466 3941 5513 τῶν

2285 5542 2589 5609 Ἀθηναίων
2645 5542 2807 5611 ἥκασι
2869 5549 3011 5615 γῆς·
3087 5541 3388 5621 φιλοσόφου
3448 5541 3505 5598 δὲ
3564 5567 3727 5621 φασιν
3792 5550 3937 5609 εἶναι,

2283 5632 2355 5692 ὡς
2406 5629 2553 5705 λέγει
2604 5632 2693 5685 καὶ
2754 5632 2782 5684 ὁ
2838 5631 3119 5706 Λιγύριος.
3174 5633 3323 5689 Μετὰ
3368 5632 3433 5687 τὸ
3478 5642 3750 5709 σφαγῆναι
3801 5641 3936 5710 παρᾶ

2282 5724 2377 5774 τοῦ
2405 5719 2667 5795 τυράννου
2701 5724 2868 5775 Φωκᾶ
2900 5720 3224 5795 Μαυρίκιον,
3273 5723 3351 5785 εἷς
3396 5742 3480 5785 τις
3530 5720 3787 5791 διάκονος
3832 5732 3929 5781 τῶν
