4056 6346
118 391 290 450 1901

1264 395 1621 455 ANONYM]
1669 393 2252 464 AN'I‘IOUITATES
2299 395 2417 452 ΟΡ.

3395 389 3552 449 1203

123 521 392 590 μαθητῶν
455 520 729 597 Εὐτυχίου
780 527 877 580 τοῦ
936 525 1210 598 αἱρετικοῦ
1266 526 1492 598 ὀνόματι
1531 528 1784 594 Ἄκατος,

1903 525 2013 580 bus
2071 524 2346 595 Eutychis
2406 523 2680 590 haeretici,
2742 523 2946 578 videns
3003 522 3182 578 victos
3240 521 3552 594 magistros

120 605 269 662 ἰδὼν
334 611 665 680 ἡττηθέντας
735 613 864 674 τοὺς
941 615 1062 688 περὶ
1139 615 1304 670 αὐτοῦ
1375 611 1780 681 διδασκάλους,

118 698 381 759 κάκεῖνος
439 697 771 774 ἀποδράσας,
812 699 1079 758 κατέλαϐε
1127 706 1355 780 κάστρον
1415 725 1466 758 τι
1514 703 1785 773 καλούμε-

118 807 222 838 νον
283 789 614 858 Σεραπίωνα·
646 795 807 845 τοῦτο
841 789 898 846 δὲ
928 792 1215 868 ἰτύγχανεν
1268 793 1324 848 ὅν
1366 792 1417 848 ἔν
1474 798 1582 848 τῶν
1641 791 1787 866 παρὰ

129 878 370 950 Πέρσαις
419 944 422 946 γ
472 877 722 953 ῥηγίων.
799 882 1144 953 Καταμηνύει
1222 880 1279 937 δὲ
1364 883 1628 956 Περιττίῳ
1707 885 1786 952 τῷ

123 967 474 1041 φρουράρχῳ
529 970 595 1022 τὰ
639 975 739 1037 τῆς
794 971 1061 1034 ἀσθενείας
1121 977 1230 1026 τῶν
1285 973 1336 1026 ὲν
1369 977 1436 1042 τῇ
1471 968 1787 1039 Χαλκηδόνι

121 1054 452 1124 οἰκούντων,
513 1058 790 1130 προσθεὶς,
839 1058 920 1113 ὅτι
981 1061 1094 1131 ἁμα
1152 1065 1232 1132 τῷ
1259 1055 1582 1116 καταλαϐεῖν
1627 1059 1784 1112 αὐτὸν

118 1143 363 1204 τούτους
409 1146 810 1220 χειρώσεσθαι,
861 1148 949 1202 καὶ
1002 1145 1139 1218 δῆτα
1189 1149 1418 1222 ἀμενητὶ
1464 1147 1786 1224 στρατεύσας

121 1233 156 1285 ὁ
233 1232 418 1307 ῥηθεὶς
485 1235 736 1308 Πέρσης,
795 1236 884 1290 καὶ
942 1236 1086 1313 ἔχων
1151 1240 1492 1314 στρατιωτῶν
1553 1233 1790 1309 ἐϐδομή-

117 1341 298 1375 κοντα
353 1320 636 1397 χιλιάδας,
695 1321 1104 1397 καταλαμϐάνει
1166 1329 1266 1396 τὴν
1328 1323 1671 1396 Χαλκηδόνα·
1735 1325 1787 1378 οὶ

123 1407 190 1464 δὲ
253 1410 420 1481 μόλις
481 1408 708 1487 ἴσχυσαν
740 1410 1016 1488 διαφυγεῖν
1079 1415 1154 1476 εἰς
1208 1411 1785 1472 Κωνσταντινούπολιν

125 1499 271 1572 μετὰ
325 1503 432 1553 τῶν
489 1500 684 1572 τιμίων
743 1499 1014 1575 λειψάνων
1074 1511 1174 1574 τῆς
1235 1505 1393 1579 ἁγίας
1449 1503 1782 1581 Εὐφημίας,

125 1587 270 1660 ὑπὲρ
325 1588 392 1655 ἧς
441 1589 504 1643 τὸ
551 1588 718 1645 πλίον
779 1589 1104 1661 ἐσπούδαζεν
1165 1595 1192 1648 6
1250 1590 1526 1667 προδότης
1583 1592 1673 1646 καὶ
1703 1591 1790 1645 ἀν-

126 1676 280 1752 ίερος
327 1677 582 1747 ”Ακατος,
632 1677 807 1740 θέλων
864 1681 1062 1752 ἀμῦναι
1119 1682 1311 1750 αὐτὴν,
1373 1679 1511 1736 διότι
1541 1680 1667 1741 τοὺς
1701 1681 1789 1734 αἱ·

125 1765 332 1839 ρέσεως
365 1764 539 1819 αὐτῶν
589 1766 796 1839 τόμους
853 1768 1213 1844 κατῄσχυνεν,
1270 1771 1383 1842 ἅμα
1415 1767 1495 1838 δὲ,
1526 1771 1616 1823 καὶ
1649 1764 1788 1823 διότι

122 1852 194 1906 οὗ
256 1856 616 1929 συνεχωρήθη
676 1855 944 1931 Εύτύχιον
1008 1859 1099 1912 τὸν
1161 1859 1339 1932 ἀτυχῆ
1399 1859 1499 1926 τὴν
1529 1857 1787 1926 τοιαύτην

124 1941 428 2016 εὐτυχῆσαι
483 1943 824 2016 μητρόπολιν
865 1987 877 1999 .
938 1944 1379 2017 Λεηλατήσαντες
1433 1944 1489 2001 δὲ
1543 1946 1668 2001 τότε
1723 1946 1789 2000 τὰ

128 2030 308 2084 ἐκεῖσε
353 2030 526 2086 πάντα
575 2033 626 2086 οἱ
689 2033 908 2106 Πέρσαι,
966 2029 1160 2090 ἔλαϐον
1210 2037 1296 2090 καὶ
1339 2037 1402 2090 τὸ
1445 2036 1788 2110 χρυσὲγκαυ-

129 2139 258 2172 στον
311 2114 529 2194 ἄγαλμα
556 2125 653 2174 τοῦ
699 2120 892 2177 Ἡλίου
940 2123 1088 2193 θεοῦ,
1134 2127 1230 2176 τοῦ
1279 2122 1583 2198 λεγομένου
1643 2122 1785 2198 Κρό-

127 2227 248 2276 νου,
299 2207 388 2261 καὶ
445 2207 726 2284 ἀπήγαγον
788 2209 865 2274 εἷς
913 2210 1136 2286 Περσίαν
1169 2255 1182 2280 ,
1244 2212 1332 2266 καὶ
1388 2211 1650 2284 ἐτίμησαν
1710 2212 1786 2274 ὡς

126 2296 277 2351 θεόν.

448 2385 579 2460 Περὶ
619 2392 714 2441 τοῦ
745 2391 864 2448 πῶς
895 2386 1103 2459 ἐκλήθη
1141 2386 1471 2464 Αὔγουστος.

199 2475 257 2527 Ὁ
310 2472 615 2550 Αὔγουστος
676 2477 704 2530 6
757 2476 1069 2538 Ὀκταούϊος
1128 2477 1417 2552 Αὐγούστῳ
1453 2478 1586 2550 μηνὶ
1645 2480 1786 2533 ὑπά-

119 2583 303 2634 τευσε,
359 2565 445 2618 καὶ
519 2563 770 2637 ἐτίμησεν
830 2565 1011 2634 αὐτὸν,
1076 2565 1350 2637 Σεξτίλιον
1409 2568 1470 2621 τὸ
1519 2569 1782 2642 πρότερον

121 2651 445 2726 λεγόμενον,
498 2653 587 2707 καὶ
641 2652 920 2726 ὠνόμασεν
953 2654 1114 2710 αὐτὸν
1172 2653 1494 2730 Αὔγουστον·
1539 2655 1590 2709 ἐν
1636 2657 1786 2728 αὐτῷ

122 2739 186 2794 δὲ
242 2738 561 2811 ἐτελεύτησε
618 2746 696 2813 τῷ
758 2743 890 2814 μηνὶ
941 2748 1020 2813 τῷ
1078 2745 1141 2807 ιϐ’
1201 2743 1399 2817 ἡμέρᾳ.
1457 2745 1548 2816 Τῴ
1589 2741 1646 2798 δὶ
1681 2751 1783 2800 Σι-

119 2824 417 2904 πτεμϐρίῳ
479 2830 607 2902 μηνὶ
661 2829 925 2904 ἐγεννήθη
980 2831 1057 2894 εἷς
1110 2833 1204 2894 τὰς
1246 2835 1348 2908 κγ’,
1398 2833 1486 2888 καὶ
1547 2833 1782 2903 ἐνίκησεν

125 2919 442 2983 Ἀντώνιον,
476 2920 562 2972 καὶ
624 2919 826 2994 ἤρξατο
877 2928 974 2989 τῆς
1029 2923 1354 2996 μοναρχίας,
1387 2923 1477 2976 καὶ
1529 2922 1780 2994 ἐτίμησεν

123 3007 288 3060 αὐτὸν
335 3006 577 3083 ἄρχοντα
609 3007 989 3076 Ἰνδικτιὼνος,
1023 3006 1145 3076 ἤτοι
1194 3012 1368 3086 ἀρχὴν
1406 3011 1630 3085 χρόνου’
1665 3012 1784 3074 ὅθεν

128 3091 503 3171 Σεπτὲμϐριος
533 3097 839 3170 τετίμηται.

416 3294 542 3365 Περί
571 3297 678 3347 τῶν
702 3293 1002 3368 Νουμὲρων
1032 3294 1118 3348 καὶ
1149 3301 1248 3363 τῆς
1283 3294 1522 3363 Χαλκῆς.

196 3381 270 3434 Τὰ
299 3380 557 3456 Νούμερα
585 3381 676 3436 καὶ
705 3384 803 3451 τὴν
836 3382 1062 3451 Χαλκὴν
1092 3383 1120 3436 ὁ
1151 3382 1327 3459 Μέγας
1379 3387 1780 3444 Κωνσταντῖνος

123 3463 323 3522 ἕκτην
351 3469 444 3522 καὶ
477 3466 565 3523 διὰ
594 3471 656 3525 τὸ
705 3471 834 3524 εἶναι
864 3470 1019 3545 ἀργὰ,
1057 3470 1309 3542 ἐποίησεν
1340 3471 1474 3526 αὐτὰ
1531 3471 1779 3548 φυλακὴν

126 3557 156 3610 ὁ
191 3556 533 3632 Ἡράκλειος,
564 3560 652 3613 καὶ
678 3559 730 3613 οἱ
745 3560 995 3630 καθεξῆς.

125 3752 262 3828 Περί
319 3761 419 3822 τῆς
476 3753 694 3829 χαλκῆς
755 3753 986 3846 στήλης,
1052 3759 1150 3822 τῆς
1205 3753 1496 3828 ἷσταμένης
1551 3753 1624 3815 είς
1680 3753 1781 3822 τήν

849 3843 1054 3896 «fe/ww.

203 3915 322 3967 ’Ότι
373 3913 422 3966 ἐν
459 3913 730 3988 λεγομένῃ
781 3913 977 3989 Χαλκῇ
1033 3913 1207 3988 στήλῃ
1266 3913 1450 3988 χαλκή
1511 3914 1601 3982 ἦν,
1661 3911 1783 3982 ἥτις

124 4001 254 4070 ἔστη
309 4003 454 4075 παρὰ
510 4008 608 4057 τοῦ
665 4004 923 4079 Μεγάλου
976 4003 1403 4072 Κωνσταντίνου,
1451 4007 1546 4056 τοῦ
1585 4001 1782 4073 Κυρίου

123 4094 292 4164 ἡμῶν
325 4093 508 4161 Ἰησοῦ
559 4093 794 4166 Χριστοῦ
842 4093 1118 4168 τυγχάνει.
1168 4094 1229 4149 Ὁ
1261 4089 1316 4146 δὲ
1349 4092 1496 4146 Λέων
1527 4091 1554 4144 ὁ
1601 4096 1781 4164 πατῆρ

119 4185 224 4235 τοῦ
299 4176 606 4236 Καϐαλίνου
678 4181 878 4252 ταύτην
959 4184 1283 4257 κατήγαγεν·
1341 4185 1376 4250 ἡ
1439 4179 1498 4237 δὶ
1545 4187 1635 4236 νῦν
1695 4179 1786 4236 διὰ

121 4268 386 4347 ψηφίδων
421 4272 671 4344 ὁρωμένη
707 4270 888 4338 εἰκὼν,
924 4270 1181 4332 ὡσαύτως
1214 4270 1377 4326 ἐστίν.
1413 4272 1781 4345 Ἀνιστορήθη

122 4359 184 4413 δὲ
214 4359 364 4432 παρὰ
396 4359 635 4434 Εἰρήνης
661 4361 761 4428 τῆς
791 4359 1097 4430 Ἀθηναίας,
1126 4357 1178 4429 ἐξ
1227 4358 1292 4427 ἧς
1339 4360 1474 4434 γυνή
1522 4358 1784 4435 αἱμορῥο-

119 4451 258 4501 οῦσα
292 4446 438 4517 ἰάθηο
472 4448 560 4502 καί
591 4446 747 4520 ἕτερα
774 4449 864 4501 οὗν
899 4446 1084 4503 πολλὰ
1130 4446 1378 4520 θαύματα
1429 4446 1782 4504 ἐπετελοῦντο

122 4535 202 4596 εἰς
227 4535 293 4589 τὸ
323 4530 500 4608 ὄνομα
525 4540 622 4591 τοῦ
653 4537 912 4611 Χριστοῦ.

1896 631 2057 678 suos,
2093 621 2150 668 et
2195 615 2321 684 ipse
2370 613 2627 685 profugit
2679 613 2749 666 ad
2800 610 3111 666 castellum
3164 614 3550 681 cognomento

1897 702 2255 774 Serapionis,
2291 704 2445 773 quod
2480 702 2658 756 situm
2692 707 2818 755 erat
2846 699 2906 754 in
2939 699 3176 771 regione
3219 699 3550 771 Persarum,

1897 797 2071 862 atque
2101 792 2301 847 statim
2357 790 2594 846 Perittio
2643 789 2916 862 praefecto
2967 787 3326 858 praesidiario
3360 788 3552 860 signi-

1899 880 2094 935 ﬁcavit
2123 879 2488 934 debilitatem
2533 879 2746 934 civium
2793 875 3376 943 Chalcedonensium,
3411 877 3553 932 sub-

1891 971 2154 1042 jungens
2204 971 2466 1042 insuper,
2503 969 2697 1040 ipsum
2753 969 2941 1041 primo
2972 968 3194 1039 impetu
3247 967 3415 1024 facile
3453 984 3552 1024 eos

1899 1061 2220 1131 subjugare
2279 1076 2472 1131 posse.
2521 1060 2709 1124 Quare
2767 1058 3139 1129 supradictus
3195 1057 3369 1112 Persa
3425 1056 3554 1112 sine

1901 1165 2064 1203 mora
2123 1166 2184 1204 se
2242 1166 2374 1202 cum
2433 1147 2809 1220 septuaginta
2847 1145 3110 1202 millibus
3167 1145 3427 1201 militum
3485 1145 3548 1201 in

1895 1240 2047 1293 viam
2099 1238 2280 1305 dedit,
2313 1243 2592 1307 tantaque
2639 1236 2934 1291 celeritate
2977 1235 3191 1290 invasit
3231 1233 3551 1291 Chalcedo-

1900 1343 2056 1388 nem.
2090 1331 2155 1380 ut
2185 1326 2412 1381 civibus
2452 1326 2546 1380 vix
2595 1327 2740 1380 satis
2793 1324 3223 1395 relinqueretur
3267 1323 3552 1395 temporis

1898 1417 1966 1470 ad
2023 1415 2498 1470 transferendum
2560 1413 2841 1484 reliquias
2924 1416 3141 1467 sanctae
3215 1411 3550 1484 Euphemim

1899 1502 2494 1574 Constantinopolim,
2525 1519 2558 1557 a
2591 1502 2807 1572 quibus
2863 1500 3157 1572 imprimis
3202 1501 3422 1572 impius
3453 1499 3554 1556 ille

1903 1593 2169 1664 proditor
2219 1595 2434 1648 Acatus
2495 1591 2683 1646 ultum
2745 1591 2829 1646 ire
2888 1589 3207 1646 festinabat
3263 1589 3552 1646 haereseos

1902 1682 2278 1753 Eutychianae
2326 1679 2562 1752 scriptis
2592 1681 2820 1734 illatam
2862 1679 3275 1750 ignominiam,
3308 1682 3365 1733 et
3395 1678 3551 1749 quod

1900 1771 2262 1825 infortunato
2293 1768 2538 1841 Eutychi
2588 1768 2762 1822 istam
2818 1766 3191 1838 metrOpolim
3233 1767 3553 1821 concedere

1903 1861 2232 1914 noluerant.
2267 1859 2424 1913 Inter
2473 1863 2680 1912 caetera
2723 1873 2850 1927 quae
2883 1861 3022 1911 tunc
3051 1855 3333 1927 temporis
3362 1855 3550 1910 Persas

1901 1950 2213 2020 praedando
2265 1947 2662 2014 abstulerunt,
2717 1947 2830 2002 fuit
2861 1962 3095 2018 quoque
3121 1961 3366 2001 aureum
3398 1944 3546 2000 illud

1897 2046 1954 2094 et
1983 2043 2262 2094 encausto
2293 2037 2656 2093 elaboratum
2686 2036 2922 2108 signum
2951 2035 3125 2104 Solis,
3145 2033 3542 2106 cognominati

1895 2127 2093 2196 Croni,
2147 2128 2302 2198 quod
2334 2127 2393 2181 in
2442 2125 2742 2182 Persidem
2787 2126 3104 2180 deductum
3155 2141 3258 2196 pro
3307 2124 3414 2180 deo
3445 2139 3544 2179 co-

1893 2216 2075 2272 luere.

2107 2395 2216 2450 Cur
2244 2396 2518 2466 Augustus
2546 2395 2750 2450 mensis
2779 2395 2860 2449 sic
2887 2392 3202 2464 appellatus
3225 2393 3333 2463 ξείτ.

1963 2485 2265 2555 Augustus
2292 2483 2568 2538 Octavius
2605 2499 2806 2538 mense
2830 2484 3093 2553 Augusto
3119 2481 3375 2553 primum
3407 2497 3550 2537 con-

1894 2571 2158 2627 sulatum
2190 2571 2327 2626 iniit
2358 2588 2370 2626 :
2405 2587 2524 2641 qua
2571 2571 2643 2625 de
2691 2587 2872 2626 causa
2919 2569 3078 2625 hunc
3126 2585 3414 2640 mensem,
3445 2567 3550 2641 qui

1892 2658 2122 2715 Sextilis
2173 2665 2344 2714 antea
2389 2662 2730 2722 vocabatur,
2775 2674 2911 2713 cum
2962 2659 3022 2712 in
3076 2658 3296 2714 honore
3344 2657 3550 2714 haberi

1894 2748 2088 2813 vellet,
2124 2753 2459 2818 Augustum
2515 2747 2896 2818 nuncupavit.
2931 2747 3146 2802 Eodem
3196 2762 3420 2812 mense,
3453 2745 3550 2802 die

1894 2837 2331 2893 undevicesima
2362 2840 2608 2891 mortem
2664 2836 2828 2891 obiit.
2863 2835 2966 2890 Die
3017 2840 3214 2891 autem
3268 2833 3549 2890 vicesima

1891 2927 2066 2981 tertia
2134 2925 2501 2998 Septembris
2560 2932 2734 2980 natus
2791 2930 2900 2990 est,
2959 2925 3284 2993 eodemque
3344 2938 3546 2978 mense

1896 3015 2142 3070 Antonio
2174 3015 2400 3070 devicto
2446 3013 2608 3069 solus
2654 3014 2965 3083 imperium
3019 3012 3298 3079 obtinuit,
3329 3011 3544 3066 idcirco

1889 3105 2111 3162 dictum
2175 3119 2438 3158 mensem
2497 3103 2898 3173 Septembrem
2951 3102 3168 3156 honore
3211 3100 3427 3169 affecit,
3487 3103 3545 3154 et

1889 3199 1954 3248 ut
1986 3193 2232 3248 Indictio
2263 3193 2334 3246 ab
2365 3209 2430 3247 eo
2463 3190 2700 3246 initium
2734 3194 2994 3246 sumeret
3024 3188 3255 3245 statuit.

2371 3300 2443 3353 De
2471 3299 2722 3353 Numeri:
2749 3300 2799 3352 et
2831 3296 3056 3352 Chalce.

1962 3387 2216 3443 Numera
2247 3391 2304 3442 et
2332 3386 2577 3442 Chalcen
2629 3384 3053 3441 Constantinus
3080 3385 3330 3456 Magnus
3357 3381 3545 3440 adifi-

1893 3477 2042 3532 cavit
2076 3495 2088 3532 :
2123 3478 2220 3531 sed
2257 3475 2535 3546 quoniam
2588 3473 2733 3527 nulli
2770 3474 2902 3528 usui
2957 3476 3146 3540 erant,
3202 3473 3334 3528 ideo
3361 3476 3545 3527 Hera-

1892 3565 2019 3620 clus
2051 3569 2106 3619 et
2163 3562 2370 3632 reliqui
2423 3562 2700 3632 deinceps
2750 3561 3133 3631 imperatores
3162 3559 3321 3616 eain
3352 3574 3545 3616 carce-

1892 3669 2014 3708 rem
2047 3653 2374 3708 mutarunt.

2104 3759 2178 3812 De
2207 3765 2392 3812 statua
2418 3771 2578 3813 aenea
2608 3769 2734 3828 qua:
2764 3757 2822 3809 in
2849 3761 3012 3826 porta
3039 3755 3159 3810 sita
3183 3757 3323 3810 erat.

1963 3921 2023 3973 In
2057 3916 2266 3973 Chalce
2313 3919 2507 3972 statua
2538 3929 2694 3969 (enea
2723 3918 2868 3977 erat,
2905 3929 3084 3986 quam
3119 3911 3542 3968 Constantinus

1892 4011 2135 4078 Magnus
2183 4005 2386 4070 erexit,
2413 4003 2665 4074 efﬁgiem
2728 4003 2953 4058 Domini
2988 4001 3174 4057 nostri
3203 4000 3345 4056 Jesu
3375 3999 3540 4055 Chri-

1893 4096 1965 4151 sti
2021 4098 2488 4166 repraasentans:
2525 4093 2676 4146 hanc
2725 4108 2859 4146 vero
2908 4092 3019 4146 Leo
3067 4088 3350 4146 Caballini
3379 4093 3546 4161 pater

1892 4183 2114 4240 evertit.
2149 4185 2283 4248 Quae
2333 4186 2528 4236 autem
2561 4179 2782 4234 Christi
2812 4179 3004 4250 imago
3048 4177 3221 4234 hodie
3250 4176 3371 4232 illic
3402 4175 3542 4232 visi-

1894 4277 1991 4326 tur
2045 4268 2262 4324 musivi
2319 4268 2537 4340 operis,
2598 4269 2669 4322 ab
2731 4270 2896 4322 Irene
2949 4266 3295 4321 Atheniensi
3351 4263 3547 4336 posita

1893 4365 1982 4416 est
2015 4378 2027 4415 :
2063 4361 2232 4430 cujus
2260 4357 2537 4429 imaginis
2567 4372 2676 4428 ope
2707 4354 3168 4410 haemorrhoiesa
3197 4357 3401 4409 curata
3431 4358 3545 4422 est,

1896 4448 2197 4519 multaque
2228 4447 2340 4502 alia
2371 4447 2430 4500 in
2460 4446 2695 4500 nomine
2725 4443 2942 4500 Christi
2989 4444 3146 4500 edita
3194 4445 3337 4499 sunt
3365 4442 3542 4498 mira-

1895 4537 2047 4592 cula.

401 4680 512 4735 Cur
543 4681 734 4735 urbem
757 4681 1086 4749 describam,
1117 4697 1238 4736 eam
1267 4685 1383 4736 tres
1414 4683 1474 4737 in
1501 4685 1682 4752 partes
1708 4682 1956 4752 dividat,
1984 4687 2038 4735 et
2067 4695 2102 4734 α
2129 4695 2369 4750 quonam
2398 4679 2514 4733 loco
2543 4677 2802 4748 quaelibet
2829 4691 2960 4747 pars
2990 4675 3241 4745 incipiat.

200 4801 396 4860 ’[στέον
449 4804 563 4872 οὗν,
612 4798 696 4858 ὅτι
745 4801 1032 4878 δυσεύρετα
1078 4798 1207 4858 ὄντα
1235 4803 1301 4858 τὰ
1328 4808 1551 4859 τοιαῦτα
1583 4802 1671 4857 διὰ
1717 4804 1780 4859 τὸ

1960 4803 2277 4859 Sciendum
2329 4802 2511 4873 igitur
2559 4805 2667 4866 est,
2725 4800 2867 4863 haec,
2918 4813 3053 4853 cum
3104 4813 3254 4869 egre
3303 4798 3544 4871 reperiri

126 4891 508 4966 συγκεχυμένα
551 4892 708 4960 εἶναι,
778 4889 1004 4967 διῃσέθη
1058 4891 1134 4954 si;
1179 4892 1302 4968 τρία
1350 4894 1511 4967 μέρη.
1565 4891 1662 4949 Καὶ
1719 4892 1782 4947 τὸ

129 4982 228 5053 μὶν
258 4983 478 5052 πρῶτον
531 4981 758 5055 ἄρχεται
809 4981 913 5034 ἀπὸ
951 4984 1048 5034 τοῦ
1080 4979 1346 5036 παλατίου
1395 4987 1493 5050 τῆς
1540 4978 1783 5049 Χαλκῆς,

122 5070 213 5124 καί
259 5074 360 5123 τοῦ
412 5067 614 5126 Μιλίου
669 5067 834 5144 μέχρι
883 5075 981 5138 τῆς
1031 5069 1304 5145 Χρυσίαςο
1369 5071 1430 5124 τὸ
1493 5068 1552 5125 δὶ
1599 5065 1781 5143 ἕτερον

124 5158 234 5212 ἀπὸ
303 5161 401 5211 τοῦ
463 5157 954 5232 Τζυγκανιστηρίου
988 5203 1002 5228 ,
1059 5165 1159 5226 τῆς
1219 5155 1622 5233 Ὁδηγητρίας,
1677 5161 1786 5212 τῶν

123 5245 452 5320 Μαγγάνων,
523 5246 690 5322 μέχρι
734 5245 1090 5320 Βλαχερνῶν·
1146 5247 1208 5300 τὸ
1268 5243 1325 5300 δὶ
1379 5247 1561 5320 τρίτον
1625 5244 1788 5318 μέρος

123 5335 233 5390 ἀπὸ
285 5339 384 5389 τοῦ
416 5336 601 5408 ὶτέρου
657 5336 876 5410 μάρους,
927 5338 1024 5388 τοῦ
1057 5333 1242 5408 Ἀγίου
1296 5335 1530 5411 Σεργίου
1560 5335 1782 5388 καὶτῶν

129 5428 377 5502 Σοφιῶν.
428 5425 524 5478 Καὶ
574 5425 602 5478 6
645 5422 982 5497 βουλόμενος
1013 5423 1184 5497 εὑρεῖν
1219 5446 1295 5496 τι,
1323 5423 1386 5479 ού
1419 5422 1782 5499 δυσχεραίνει,

129 5511 258 5568 ἀλλ’
289 5512 486 5574 εὐθᾶως
520 5513 735 5584 εὑρήσει
764 5513 828 5566 τὸ
861 5511 1216 5583 ζητούμενον.
1488 5525 1498 5535 ·

413 5601 542 5676 Περὶ
575 5601 639 5656 τὰ
667 5598 907 5656 παλάτια
933 5603 1031 5654 τοῦ
1080 5599 1502 5662 Βουκολὲοντος.

206 5691 283 5747 Τὰ
334 5688 575 5746 παλάτια
627 5694 726 5746 τοῦ
800 5687 1200 5752 Βουκολὲοντος
1238 5735 1253 5760 ,
1302 5691 1372 5744 τὰ
1436 5687 1636 5744 ἄνωθεν
1687 5692 1787 5744 τοῦ

1894 4896 2156 4964 possent,
2214 4895 2413 4961 utpote
2475 4890 2736 4951 confusa,
2800 4887 2858 4940 in
2921 4894 3036 4940 tres
3105 4890 3300 4956 partes
3357 4887 3547 4942 divisa

1897 4982 2078 5037 fuisse
2101 4999 2114 5046 ;
2145 4995 2395 5050 quarum
2422 4978 2612 5049 prima
2635 4975 2953 5046 incipiebat
2979 4991 3012 5029 a
3035 4973 3254 5046 palatio
3275 4973 3541 5043 Chalces,

1894 5073 1951 5124 et
1975 5086 2009 5124 a
2039 5067 2332 5131 Milliario,
2368 5082 2552 5137 usque
2583 5067 2650 5120 ad
2709 5068 2934 5136 portam
2977 5063 3266 5130 Auream;
3299 5061 3483 5118 altera
3511 5079 3548 5118 a

1895 5156 2378 5224 Tzincanisterio,
2413 5155 2774 5225 Hodegetriae
2823 5151 3086 5216 ecclesia,
3117 5155 3174 5206 et
3216 5149 3546 5222 Manganis,

1897 5263 2086 5316 usque
2133 5247 2204 5301 ad
2257 5245 2691 5308 Blanchernas;
2740 5243 2914 5296 tertia
2961 5242 3198 5295 demum
3245 5240 3319 5294 ab
3366 5238 3551 5295 altera

1897 5342 2079 5405 parte,
2115 5333 2342 5389 scilicet
2364 5333 2434 5388 ab
2475 5334 2595 5387 aede
2618 5333 2676 5386 S.
2699 5330 2905 5399 Sergii,
2931 5335 2988 5383 et
3020 5334 3188 5400 portu
3233 5327 3546 5398 Sophiano.

1896 5425 1981 5479 Ita
2013 5427 2080 5479 ut
2111 5423 2211 5493 qui
2265 5421 2488 5493 aliquid
2544 5421 2805 5474 invenire
2854 5417 3119 5484 voluerit,
3154 5433 3271 5472 non
3302 5416 3546 5486 laboret,

1897 5513 1998 5567 sed
2033 5510 2235 5567 statim
2271 5510 2522 5581 reperiat
2551 5508 2708 5579 quod
2732 5505 2960 5576 quaerit.

2359 5601 2434 5654 De
2461 5599 2701 5667 palatiis
2743 5595 3082 5651 Bucoleonia.

1969 5689 2190 5746 Palatia
2217 5686 2564 5745 Bucoleonis
2587 5688 2948 5756 nuncupata,
2973 5700 3101 5759 quas
3134 5681 3324 5739 muris
3341 5680 3544 5740 immi-
