  <div class='ocr_page' id='page_1' title='image "/cluster/home/n/w/nwhite01/storage/ocr_20150623/122/hvd.32044073502452/611.png"; bbox 0 0 4056 6346; ppageno 0'>
   <div class='ocr_carea' id='block_1_1' title="bbox 481 411 637 476">
    <p class='ocr_par' dir='ltr' id='par_1_1' title="bbox 481 411 637 476">
     <span class='ocr_line' id='line_1_1' title="bbox 481 411 637 476; baseline 0.032 -5"><span class='ocrx_word' id='word_1_1' title='bbox 481 411 637 476; x_wconf 75' lang='grc'>1103</span> 
     </span>
    </p>
   </div>
   <div class='ocr_carea' id='block_1_2' title="bbox 1425 409 2909 473">
    <p class='ocr_par' dir='ltr' id='par_1_2' title="bbox 1425 409 2909 473">
     <span class='ocr_line' id='line_1_2' title="bbox 1425 409 2909 473; baseline 0 -3"><span class='ocrx_word' id='word_1_2' title='bbox 1425 410 1820 471; x_wconf 84' lang='lat' dir='ltr'>APPENDlX</span> <span class='ocrx_word' id='word_1_3' title='bbox 1866 411 1966 470; x_wconf 87' lang='lat' dir='ltr'>AD</span> <span class='ocrx_word' id='word_1_4' title='bbox 2014 409 2475 471; x_wconf 84' lang='lat' dir='ltr'>MICHAELEM</span> <span class='ocrx_word' id='word_1_5' title='bbox 2522 411 2909 473; x_wconf 84' lang='lat' dir='ltr'>PSELLUM.</span> 
     </span>
    </p>
   </div>
   <div class='ocr_carea' id='block_1_3' title="bbox 3744 408 3897 468">
    <p class='ocr_par' dir='ltr' id='par_1_3' title="bbox 3744 408 3897 468">
     <span class='ocr_line' id='line_1_3' title="bbox 3744 408 3897 468; baseline -0.013 0"><span class='ocrx_word' id='word_1_6' title='bbox 3744 408 3897 468; x_wconf 76' lang='grc' dir='ltr'>12οι</span> 
     </span>
    </p>
   </div>
   <div class='ocr_carea' id='block_1_4' title="bbox 480 535 2130 616">
    <p class='ocr_par' dir='ltr' id='par_1_4' title="bbox 480 541 2129 616">
     <span class='ocr_line' id='line_1_4' title="bbox 480 541 2129 616; baseline -0.004 -16"><span class='ocrx_word' id='word_1_7' title='bbox 480 549 637 616; x_wconf 87' lang='lat' dir='ltr'>nent,</span> <span class='ocrx_word' id='word_1_8' title='bbox 673 543 1035 600; x_wconf 86' lang='lat' dir='ltr'>Theodosius</span> <span class='ocrx_word' id='word_1_9' title='bbox 1077 543 1284 598; x_wconf 89' lang='lat' dir='ltr'>Junior</span> <span class='ocrx_word' id='word_1_10' title='bbox 1333 542 1614 598; x_wconf 75' lang='lat' dir='ltr'>condidit.</span> <span class='ocrx_word' id='word_1_11' title='bbox 1659 541 1993 597; x_wconf 86' lang='lat' dir='ltr'>Marcianus</span> <span class='ocrx_word' id='word_1_12' title='bbox 2023 557 2129 594; x_wconf 92' lang='lat' dir='ltr'>au-</span> 
     </span>
    </p>
   </div>
   <div class='ocr_carea' id='block_1_5' title="bbox 2251 535 3897 616">
    <p class='ocr_par' dir='ltr' id='par_1_5' title="bbox 2251 535 3897 615">
     <span class='ocr_line' id='line_1_5' title="bbox 2251 535 3897 615; baseline -0.001 -22"><span class='ocrx_word' id='word_1_13' title='bbox 2251 540 2463 615; x_wconf 80' lang='grc' dir='ltr'>τείχους</span> <span class='ocrx_word' id='word_1_14' title='bbox 2495 535 2829 615; x_wconf 68' lang='grc' dir='ltr'>παριξᾶϐαλε</span> <span class='ocrx_word' id='word_1_15' title='bbox 2853 537 3140 601; x_wconf 81' lang='grc' dir='ltr'>Θεοδόσιος</span> <span class='ocrx_word' id='word_1_16' title='bbox 3175 541 3202 594; x_wconf 86' lang='grc' dir='ltr'>ὁ</span> <span class='ocrx_word' id='word_1_17' title='bbox 3234 539 3464 611; x_wconf 80' lang='grc' dir='ltr'>Μικρός.</span> <span class='ocrx_word' id='word_1_18' title='bbox 3527 539 3585 596; x_wconf 85' lang='grc' dir='ltr'>Ὀ</span> <span class='ocrx_word' id='word_1_19' title='bbox 3639 535 3701 592; x_wconf 75' lang='grc' dir='ltr'>δὲ</span> <span class='ocrx_word' id='word_1_20' title='bbox 3750 543 3897 610; x_wconf 75' lang='grc' dir='ltr'>Μαρ-</span> 
     </span>
    </p>
   </div>
   <div class='ocr_carea' id='block_1_6' title="bbox 479 629 2126 704">
    <p class='ocr_par' dir='ltr' id='par_1_6' title="bbox 479 629 2126 704">
     <span class='ocr_line' id='line_1_6' title="bbox 479 629 2126 704; baseline -0.002 -16"><span class='ocrx_word' id='word_1_21' title='bbox 479 637 600 688; x_wconf 88' lang='lat' dir='ltr'>tem</span> <span class='ocrx_word' id='word_1_22' title='bbox 626 630 946 688; x_wconf 83' lang='lat' dir='ltr'>triclinium</span> <span class='ocrx_word' id='word_1_23' title='bbox 977 632 1280 699; x_wconf 76' lang='lat' dir='ltr'>exstruxit,</span> <span class='ocrx_word' id='word_1_24' title='bbox 1310 632 1464 704; x_wconf 90' lang='lat' dir='ltr'>quod</span> <span class='ocrx_word' id='word_1_25' title='bbox 1489 629 1837 687; x_wconf 89' lang='lat' dir='ltr'>Triclinium</span> <span class='ocrx_word' id='word_1_26' title='bbox 1868 637 2126 685; x_wconf 83' lang='lat' dir='ltr'>Aureum</span> 
     </span>
    </p>
   </div>
   <div class='ocr_carea' id='block_1_7' title="bbox 480 720 830 794">
    <p class='ocr_par' dir='ltr' id='par_1_7' title="bbox 480 720 830 794">
     <span class='ocr_line' id='line_1_7' title="bbox 480 720 830 794; baseline -0.003 -17"><span class='ocrx_word' id='word_1_27' title='bbox 480 720 830 794; x_wconf 75' lang='lat' dir='ltr'>appellatur.</span> 
     </span>
    </p>
   </div>
   <div class='ocr_carea' id='block_1_8' title="bbox 964 811 1632 882">
    <p class='ocr_par' dir='ltr' id='par_1_8' title="bbox 964 811 1632 882">
     <span class='ocr_line' id='line_1_8' title="bbox 964 811 1632 882; baseline -0.001 -17"><span class='ocrx_word' id='word_1_28' title='bbox 964 812 1040 866; x_wconf 74' lang='lat' dir='ltr'>De</span> <span class='ocrx_word' id='word_1_29' title='bbox 1065 811 1278 882; x_wconf 70' lang='lat' dir='ltr'>palatio</span> <span class='ocrx_word' id='word_1_30' title='bbox 1307 811 1632 881; x_wconf 66' lang='lat' dir='ltr'>Quaesieris.</span> 
     </span>
    </p>
   </div>
   <div class='ocr_carea' id='block_1_9' title="bbox 547 897 2132 972">
    <p class='ocr_par' dir='ltr' id='par_1_9' title="bbox 547 897 2132 972">
     <span class='ocr_line' id='line_1_9' title="bbox 547 897 2132 972; baseline -0.002 -18"><span class='ocrx_word' id='word_1_31' title='bbox 547 897 768 955; x_wconf 88' lang='lat' dir='ltr'>Palatia</span> <span class='ocrx_word' id='word_1_32' title='bbox 812 900 1127 964; x_wconf 65' lang='lat' dir='ltr'>Questoris</span> <span class='ocrx_word' id='word_1_33' title='bbox 1176 901 1249 955; x_wconf 88' lang='lat' dir='ltr'>ad</span> <span class='ocrx_word' id='word_1_34' title='bbox 1299 899 1765 972; x_wconf 87' lang='lat' dir='ltr'>Hippodromum</span> <span class='ocrx_word' id='word_1_35' title='bbox 1797 897 2132 954; x_wconf 87' lang='lat' dir='ltr'>Constanti-</span> 
     </span>
    </p>
   </div>
   <div class='ocr_carea' id='block_1_10' title="bbox 475 987 1249 1060">
    <p class='ocr_par' dir='ltr' id='par_1_10' title="bbox 475 987 1249 1060">
     <span class='ocr_line' id='line_1_10' title="bbox 475 987 1249 1060; baseline 0.001 -17"><span class='ocrx_word' id='word_1_36' title='bbox 475 1003 588 1044; x_wconf 89' lang='lat' dir='ltr'>nus</span> <span class='ocrx_word' id='word_1_37' title='bbox 620 987 871 1060; x_wconf 87' lang='lat' dir='ltr'>Magnus</span> <span class='ocrx_word' id='word_1_38' title='bbox 895 988 1249 1045; x_wconf 79' lang='lat' dir='ltr'>construxit.</span> 
     </span>
    </p>
   </div>
   <div class='ocr_carea' id='block_1_11' title="bbox 1119 1096 1478 1168">
    <p class='ocr_par' dir='ltr' id='par_1_11' title="bbox 1119 1096 1478 1168">
     <span class='ocr_line' id='line_1_11' title="bbox 1119 1096 1478 1168; baseline -0.006 -17"><span class='ocrx_word' id='word_1_39' title='bbox 1119 1100 1201 1151; x_wconf 84' lang='lat' dir='ltr'>De</span> <span class='ocrx_word' id='word_1_40' title='bbox 1228 1096 1478 1168; x_wconf 80' lang='lat' dir='ltr'>Daphne.</span> 
     </span>
    </p>
   </div>
   <div class='ocr_carea' id='block_1_12' title="bbox 547 1178 2134 1256">
    <p class='ocr_par' dir='ltr' id='par_1_12' title="bbox 547 1178 2134 1256">
     <span class='ocr_line' id='line_1_12' title="bbox 547 1178 2134 1256; baseline -0.005 -16"><span class='ocrx_word' id='word_1_41' title='bbox 547 1183 911 1240; x_wconf 88' lang='lat' dir='ltr'>Suburbium</span> <span class='ocrx_word' id='word_1_42' title='bbox 942 1178 1215 1256; x_wconf 83' lang='lat' dir='ltr'>Daphnes</span> <span class='ocrx_word' id='word_1_43' title='bbox 1247 1185 1331 1240; x_wconf 91' lang='lat' dir='ltr'>sic</span> <span class='ocrx_word' id='word_1_44' title='bbox 1362 1184 1584 1240; x_wconf 90' lang='lat' dir='ltr'>dictum</span> <span class='ocrx_word' id='word_1_45' title='bbox 1618 1188 1725 1253; x_wconf 82' lang='lat' dir='ltr'>est,</span> <span class='ocrx_word' id='word_1_46' title='bbox 1747 1183 1904 1254; x_wconf 91' lang='lat' dir='ltr'>quod</span> <span class='ocrx_word' id='word_1_47' title='bbox 1939 1184 2134 1236; x_wconf 86' lang='lat' dir='ltr'>statua</span> 
     </span>
    </p>
   </div>
   <div class='ocr_carea' id='block_1_13' title="bbox 481 1267 2135 1346">
    <p class='ocr_par' dir='ltr' id='par_1_13' title="bbox 481 1267 2135 1346">
     <span class='ocr_line' id='line_1_13' title="bbox 481 1267 2135 1346; baseline -0.002 -18"><span class='ocrx_word' id='word_1_48' title='bbox 481 1272 564 1328; x_wconf 89' lang='lat' dir='ltr'>ibi</span> <span class='ocrx_word' id='word_1_49' title='bbox 595 1273 884 1329; x_wconf 85' lang='lat' dir='ltr'>collocata</span> <span class='ocrx_word' id='word_1_50' title='bbox 913 1282 1085 1343; x_wconf 83' lang='lat' dir='ltr'>esset,</span> <span class='ocrx_word' id='word_1_51' title='bbox 1120 1291 1247 1346; x_wconf 56' lang='lat' dir='ltr'>quis</span> <span class='ocrx_word' id='word_1_52' title='bbox 1279 1274 1523 1344; x_wconf 82' lang='lat' dir='ltr'>Daphne</span> <span class='ocrx_word' id='word_1_53' title='bbox 1554 1267 1976 1344; x_wconf 71' lang='lat' dir='ltr'>appellabatur.</span> <span class='ocrx_word' id='word_1_54' title='bbox 2004 1275 2135 1341; x_wconf 87' lang='lat' dir='ltr'>Ipsa</span> 
     </span>
    </p>
   </div>
   <div class='ocr_carea' id='block_1_14' title="bbox 479 1361 2131 1428">
    <p class='ocr_par' dir='ltr' id='par_1_14' title="bbox 479 1361 2131 1428">
     <span class='ocr_line' id='line_1_14' title="bbox 479 1361 2131 1428; baseline -0.005 -10"><span class='ocrx_word' id='word_1_55' title='bbox 479 1366 673 1418; x_wconf 85' lang='lat' dir='ltr'>autem</span> <span class='ocrx_word' id='word_1_56' title='bbox 709 1363 895 1418; x_wconf 83' lang='lat' dir='ltr'>Roma</span> <span class='ocrx_word' id='word_1_57' title='bbox 942 1363 1136 1419; x_wconf 88' lang='lat' dir='ltr'>delata</span> <span class='ocrx_word' id='word_1_58' title='bbox 1186 1364 1318 1428; x_wconf 85' lang='lat' dir='ltr'>fuit,</span> <span class='ocrx_word' id='word_1_59' title='bbox 1351 1369 1406 1418; x_wconf 87' lang='lat' dir='ltr'>et</span> <span class='ocrx_word' id='word_1_60' title='bbox 1460 1363 1582 1418; x_wconf 92' lang='lat' dir='ltr'>illic</span> <span class='ocrx_word' id='word_1_61' title='bbox 1632 1361 1936 1418; x_wconf 83' lang='lat' dir='ltr'>oraculum</span> <span class='ocrx_word' id='word_1_62' title='bbox 1988 1363 2131 1414; x_wconf 85' lang='lat' dir='ltr'>erat.</span> 
     </span>
    </p>
   </div>
   <div class='ocr_carea' id='block_1_15' title="bbox 479 1452 2135 1509">
    <p class='ocr_par' dir='ltr' id='par_1_15' title="bbox 479 1452 2135 1509">
     <span class='ocr_line' id='line_1_15' title="bbox 479 1452 2135 1509; baseline -0.003 0"><span class='ocrx_word' id='word_1_63' title='bbox 479 1455 766 1509; x_wconf 68' lang='lat' dir='ltr'>Caeterum</span> <span class='ocrx_word' id='word_1_64' title='bbox 799 1469 1000 1509; x_wconf 81' lang='lat' dir='ltr'>mense</span> <span class='ocrx_word' id='word_1_65' title='bbox 1028 1454 1307 1509; x_wconf 84' lang='lat' dir='ltr'>Januario</span> <span class='ocrx_word' id='word_1_66' title='bbox 1339 1454 1571 1509; x_wconf 85' lang='lat' dir='ltr'>laureas</span> <span class='ocrx_word' id='word_1_67' title='bbox 1621 1468 1864 1508; x_wconf 84' lang='lat' dir='ltr'>coronas</span> <span class='ocrx_word' id='word_1_68' title='bbox 1895 1452 1975 1506; x_wconf 87' lang='lat' dir='ltr'>ibi</span> <span class='ocrx_word' id='word_1_69' title='bbox 2009 1467 2135 1504; x_wconf 88' lang='lat' dir='ltr'>ma-</span> 
     </span>
    </p>
   </div>
   <div class='ocr_carea' id='block_1_16' title="bbox 480 1541 1177 1614">
    <p class='ocr_par' dir='ltr' id='par_1_16' title="bbox 480 1541 1177 1614">
     <span class='ocr_line' id='line_1_16' title="bbox 480 1541 1177 1614; baseline -0.003 -18"><span class='ocrx_word' id='word_1_70' title='bbox 480 1541 761 1612; x_wconf 82' lang='lat' dir='ltr'>gistratus</span> <span class='ocrx_word' id='word_1_71' title='bbox 791 1541 1177 1614; x_wconf 83' lang='lat' dir='ltr'>accipiebant.</span> 
     </span>
    </p>
   </div>
   <div class='ocr_carea' id='block_1_17' title="bbox 1051 1633 1542 1704">
    <p class='ocr_par' dir='ltr' id='par_1_17' title="bbox 1051 1633 1542 1704">
     <span class='ocr_line' id='line_1_17' title="bbox 1051 1633 1542 1704; baseline -0.002 -17"><span class='ocrx_word' id='word_1_72' title='bbox 1051 1637 1128 1687; x_wconf 76' lang='lat' dir='ltr'>De</span> <span class='ocrx_word' id='word_1_73' title='bbox 1159 1633 1542 1704; x_wconf 74' lang='lat' dir='ltr'>Ih&#39;ppodromo.</span> 
     </span>
    </p>
   </div>
   <div class='ocr_carea' id='block_1_18' title="bbox 554 1718 2132 1791">
    <p class='ocr_par' dir='ltr' id='par_1_18' title="bbox 554 1718 2132 1791">
     <span class='ocr_line' id='line_1_18' title="bbox 554 1718 2132 1791; baseline 0.002 -19"><span class='ocrx_word' id='word_1_74' title='bbox 554 1718 990 1791; x_wconf 86' lang='lat' dir='ltr'>Hippodromus</span> <span class='ocrx_word' id='word_1_75' title='bbox 1023 1736 1091 1775; x_wconf 84' lang='lat' dir='ltr'>ex</span> <span class='ocrx_word' id='word_1_76' title='bbox 1113 1737 1179 1775; x_wconf 92' lang='lat' dir='ltr'>eo</span> <span class='ocrx_word' id='word_1_77' title='bbox 1226 1737 1438 1776; x_wconf 86' lang='lat' dir='ltr'>nomen</span> <span class='ocrx_word' id='word_1_78' title='bbox 1475 1720 1649 1775; x_wconf 86' lang='lat' dir='ltr'>habet</span> <span class='ocrx_word' id='word_1_79' title='bbox 1678 1720 1832 1790; x_wconf 89' lang='lat' dir='ltr'>quod</span> <span class='ocrx_word' id='word_1_80' title='bbox 1867 1737 1898 1774; x_wconf 91' lang='lat' dir='ltr'>a</span> <span class='ocrx_word' id='word_1_81' title='bbox 1928 1725 2132 1775; x_wconf 87' lang='lat' dir='ltr'>sancto</span> 
     </span>
    </p>
   </div>
   <div class='ocr_carea' id='block_1_19' title="bbox 483 1806 2129 1880">
    <p class='ocr_par' dir='ltr' id='par_1_19' title="bbox 483 1806 2129 1880">
     <span class='ocr_line' id='line_1_19' title="bbox 483 1806 2129 1880; baseline 0 -18"><span class='ocrx_word' id='word_1_82' title='bbox 483 1806 865 1864; x_wconf 81' lang='lat' dir='ltr'>Constantino</span> <span class='ocrx_word' id='word_1_83' title='bbox 923 1825 1112 1880; x_wconf 88' lang='lat' dir='ltr'>usque</span> <span class='ocrx_word' id='word_1_84' title='bbox 1165 1810 1234 1864; x_wconf 88' lang='lat' dir='ltr'>ad</span> <span class='ocrx_word' id='word_1_85' title='bbox 1298 1813 1522 1865; x_wconf 88' lang='lat' dir='ltr'>Irenem</span> <span class='ocrx_word' id='word_1_86' title='bbox 1576 1807 1990 1863; x_wconf 86' lang='lat' dir='ltr'>Atheniensem</span> <span class='ocrx_word' id='word_1_87' title='bbox 2053 1809 2129 1862; x_wconf 89' lang='lat' dir='ltr'>ibi</span> 
     </span>
    </p>
   </div>
   <div class='ocr_carea' id='block_1_20' title="bbox 2240 626 3896 704">
    <p class='ocr_par' dir='ltr' id='par_1_20' title="bbox 2240 626 3896 704">
     <span class='ocr_line' id='line_1_20' title="bbox 2240 626 3896 704; baseline -0.003 -20"><span class='ocrx_word' id='word_1_88' title='bbox 2240 633 2424 692; x_wconf 82' lang='grc' dir='ltr'>κιανὸς</span> <span class='ocrx_word' id='word_1_89' title='bbox 2484 629 2706 698; x_wconf 72' lang='grc' dir='ltr'>ἐποίησε</span> <span class='ocrx_word' id='word_1_90' title='bbox 2775 626 3098 704; x_wconf 75' lang='grc' dir='ltr'>Τρίκλινον,</span> <span class='ocrx_word' id='word_1_91' title='bbox 3177 631 3235 692; x_wconf 78' lang='grc' dir='ltr'>ὃς</span> <span class='ocrx_word' id='word_1_92' title='bbox 3290 627 3538 684; x_wconf 68' lang='grc' dir='ltr'>καλεῖται</span> <span class='ocrx_word' id='word_1_93' title='bbox 3599 628 3896 702; x_wconf 75' lang='grc' dir='ltr'>Χρυσοτρέ-</span> 
     </span>
    </p>
   </div>
   <div class='ocr_carea' id='block_1_21' title="bbox 2242 716 2457 780">
    <p class='ocr_par' dir='ltr' id='par_1_21' title="bbox 2242 716 2457 780">
     <span class='ocr_line' id='line_1_21' title="bbox 2242 716 2457 780; baseline 0.014 -8"><span class='ocrx_word' id='word_1_94' title='bbox 2242 716 2457 780; x_wconf 87' lang='grc' dir='ltr'>κλινος.</span> 
     </span>
    </p>
   </div>
   <div class='ocr_carea' id='block_1_22' title="bbox 2733 807 3406 884">
    <p class='ocr_par' dir='ltr' id='par_1_22' title="bbox 2733 807 3406 884">
     <span class='ocr_line' id='line_1_22' title="bbox 2733 807 3406 884; baseline 0.003 -22"><span class='ocrx_word' id='word_1_95' title='bbox 2733 807 2860 884; x_wconf 73' lang='grc' dir='ltr'>Περὶ</span> <span class='ocrx_word' id='word_1_96' title='bbox 2904 813 2999 864; x_wconf 82' lang='grc' dir='ltr'>τοῦ</span> <span class='ocrx_word' id='word_1_97' title='bbox 3030 809 3406 884; x_wconf 78' lang='grc' dir='ltr'>Κοιαίστορος.</span> 
     </span>
    </p>
   </div>
   <div class='ocr_carea' id='block_1_23' title="bbox 2313 895 3900 971">
    <p class='ocr_par' dir='ltr' id='par_1_23' title="bbox 2313 895 3900 971">
     <span class='ocr_line' id='line_1_23' title="bbox 2313 895 3900 971; baseline 0 -23"><span class='ocrx_word' id='word_1_98' title='bbox 2313 896 2386 948; x_wconf 74' lang='grc' dir='ltr'>Τὰ</span> <span class='ocrx_word' id='word_1_99' title='bbox 2416 895 2654 951; x_wconf 77' lang='grc' dir='ltr'>παλάτια</span> <span class='ocrx_word' id='word_1_100' title='bbox 2685 896 3033 971; x_wconf 81' lang='grc' dir='ltr'>Κοιαίστορος</span> <span class='ocrx_word' id='word_1_101' title='bbox 3060 902 3158 953; x_wconf 79' lang='grc' dir='ltr'>τοῦ</span> <span class='ocrx_word' id='word_1_102' title='bbox 3190 899 3437 954; x_wconf 75' lang='grc' dir='ltr'>Ἱππικοῦ</span> <span class='ocrx_word' id='word_1_103' title='bbox 3468 896 3495 950; x_wconf 86' lang='grc' dir='ltr'>ό</span> <span class='ocrx_word' id='word_1_104' title='bbox 3543 896 3719 969; x_wconf 72' lang='grc' dir='ltr'>μέγας</span> <span class='ocrx_word' id='word_1_105' title='bbox 3751 902 3900 949; x_wconf 77' lang='grc' dir='ltr'>Κων-</span> 
     </span>
    </p>
   </div>
   <div class='ocr_carea' id='block_1_24' title="bbox 2244 986 2826 1060">
    <p class='ocr_par' dir='ltr' id='par_1_24' title="bbox 2244 986 2826 1060">
     <span class='ocr_line' id='line_1_24' title="bbox 2244 986 2826 1060; baseline 0.009 -23"><span class='ocrx_word' id='word_1_106' title='bbox 2244 990 2518 1046; x_wconf 80' lang='grc' dir='ltr'>σταντῖνος</span> <span class='ocrx_word' id='word_1_107' title='bbox 2554 986 2826 1060; x_wconf 79' lang='grc' dir='ltr'>ἀνήγειρε.</span> 
     </span>
    </p>
   </div>
   <div class='ocr_carea' id='block_1_25' title="bbox 2803 1095 3321 1170">
    <p class='ocr_par' dir='ltr' id='par_1_25' title="bbox 2803 1095 3321 1170">
     <span class='ocr_line' id='line_1_25' title="bbox 2803 1095 3321 1170; baseline 0.006 -24"><span class='ocrx_word' id='word_1_108' title='bbox 2803 1095 2932 1167; x_wconf 84' lang='grc' dir='ltr'>Περὶ</span> <span class='ocrx_word' id='word_1_109' title='bbox 2961 1101 3059 1164; x_wconf 79' lang='grc' dir='ltr'>τῆς</span> <span class='ocrx_word' id='word_1_110' title='bbox 3090 1096 3321 1170; x_wconf 71' lang='grc' dir='ltr'>Δάφνης.</span> 
     </span>
    </p>
   </div>
   <div class='ocr_carea' id='block_1_26' title="bbox 2315 1179 3902 1258">
    <p class='ocr_par' dir='ltr' id='par_1_26' title="bbox 2315 1179 3902 1258">
     <span class='ocr_line' id='line_1_26' title="bbox 2315 1179 3902 1258; baseline -0.002 -24"><span class='ocrx_word' id='word_1_111' title='bbox 2315 1181 2493 1258; x_wconf 73' lang='grc' dir='ltr'>Δάφνη</span> <span class='ocrx_word' id='word_1_112' title='bbox 2552 1181 2609 1234; x_wconf 75' lang='grc' dir='ltr'>δὲ</span> <span class='ocrx_word' id='word_1_113' title='bbox 2660 1179 2866 1251; x_wconf 69' lang='grc' dir='ltr'>ἐκλήθη</span> <span class='ocrx_word' id='word_1_114' title='bbox 2930 1180 3017 1236; x_wconf 78' lang='grc' dir='ltr'>διὰ</span> <span class='ocrx_word' id='word_1_115' title='bbox 3068 1183 3129 1237; x_wconf 83' lang='grc' dir='ltr'>τὸ</span> <span class='ocrx_word' id='word_1_116' title='bbox 3170 1182 3418 1236; x_wconf 64' lang='grc' dir='ltr'>ἵστασθαι</span> <span class='ocrx_word' id='word_1_117' title='bbox 3460 1181 3632 1236; x_wconf 80' lang='grc' dir='ltr'>ἐκεῖσε</span> <span class='ocrx_word' id='word_1_118' title='bbox 3689 1179 3902 1249; x_wconf 66' lang='grc' dir='ltr'>στήλην</span> 
     </span>
    </p>
   </div>
   <div class='ocr_carea' id='block_1_27' title="bbox 2243 1265 3903 1347">
    <p class='ocr_par' dir='ltr' id='par_1_27' title="bbox 2243 1265 3903 1347">
     <span class='ocr_line' id='line_1_27' title="bbox 2243 1265 3903 1347; baseline 0.003 -25"><span class='ocrx_word' id='word_1_119' title='bbox 2243 1265 2419 1341; x_wconf 68' lang='grc' dir='ltr'>ὄνομα</span> <span class='ocrx_word' id='word_1_120' title='bbox 2471 1271 2733 1345; x_wconf 71' lang='grc' dir='ltr'>φέρουσαν</span> <span class='ocrx_word' id='word_1_121' title='bbox 2795 1271 3049 1346; x_wconf 66' lang='grc' dir='ltr'>Δάφνης,</span> <span class='ocrx_word' id='word_1_122' title='bbox 3101 1272 3221 1341; x_wconf 66' lang='grc' dir='ltr'>ἥτις</span> <span class='ocrx_word' id='word_1_123' title='bbox 3269 1271 3420 1347; x_wconf 68' lang='grc' dir='ltr'>ἤχθη</span> <span class='ocrx_word' id='word_1_124' title='bbox 3483 1272 3586 1325; x_wconf 79' lang='grc' dir='ltr'>ἀπὸ</span> <span class='ocrx_word' id='word_1_125' title='bbox 3645 1271 3903 1339; x_wconf 71' lang='grc' dir='ltr'>Ῥώμης.</span> 
     </span>
    </p>
   </div>
   <div class='ocr_carea' id='block_1_28' title="bbox 2245 1359 3903 1437">
    <p class='ocr_par' dir='ltr' id='par_1_28' title="bbox 2245 1359 3903 1437">
     <span class='ocr_line' id='line_1_28' title="bbox 2245 1359 3903 1437; baseline -0.001 -25"><span class='ocrx_word' id='word_1_126' title='bbox 2245 1361 2380 1412; x_wconf 76' lang='grc' dir='ltr'>ὅπου</span> <span class='ocrx_word' id='word_1_127' title='bbox 2412 1359 2497 1413; x_wconf 73' lang='grc' dir='ltr'>καὶ</span> <span class='ocrx_word' id='word_1_128' title='bbox 2535 1366 2776 1432; x_wconf 84' lang='grc' dir='ltr'>μαντεῖον</span> <span class='ocrx_word' id='word_1_129' title='bbox 2812 1362 2900 1429; x_wconf 71' lang='grc' dir='ltr'>ἦν·</span> <span class='ocrx_word' id='word_1_130' title='bbox 2936 1361 3108 1416; x_wconf 79' lang='grc' dir='ltr'>ἐκεῖσε</span> <span class='ocrx_word' id='word_1_131' title='bbox 3137 1363 3235 1437; x_wconf 76' lang='grc' dir='ltr'>γὰρ</span> <span class='ocrx_word' id='word_1_132' title='bbox 3284 1362 3374 1415; x_wconf 80' lang='grc' dir='ltr'>καὶ</span> <span class='ocrx_word' id='word_1_133' title='bbox 3414 1361 3540 1421; x_wconf 64' lang='grc' dir='ltr'>τοὺς</span> <span class='ocrx_word' id='word_1_134' title='bbox 3604 1360 3903 1436; x_wconf 52' lang='grc' dir='ltr'>στερρὰνους</span> 
     </span>
    </p>
   </div>
   <div class='ocr_carea' id='block_1_29' title="bbox 2246 1446 3905 1526">
    <p class='ocr_par' dir='ltr' id='par_1_29' title="bbox 2246 1446 3905 1526">
     <span class='ocr_line' id='line_1_29' title="bbox 2246 1446 3905 1526; baseline -0.001 -24"><span class='ocrx_word' id='word_1_135' title='bbox 2246 1456 2339 1517; x_wconf 78' lang='grc' dir='ltr'>τῆς</span> <span class='ocrx_word' id='word_1_136' title='bbox 2372 1447 2596 1526; x_wconf 71' lang='grc' dir='ltr'>ὃιοὶφνης</span> <span class='ocrx_word' id='word_1_137' title='bbox 2628 1451 2680 1503; x_wconf 71' lang='grc' dir='ltr'>οἱ</span> <span class='ocrx_word' id='word_1_138' title='bbox 2712 1451 2972 1526; x_wconf 71' lang='grc' dir='ltr'>ἄρχοντες</span> <span class='ocrx_word' id='word_1_139' title='bbox 3004 1446 3313 1523; x_wconf 66' lang='grc' dir='ltr'>ἐλάμϐανον</span> <span class='ocrx_word' id='word_1_140' title='bbox 3340 1450 3474 1504; x_wconf 82' lang='grc' dir='ltr'>κατᾶ</span> <span class='ocrx_word' id='word_1_141' title='bbox 3525 1451 3619 1503; x_wconf 80' lang='grc' dir='ltr'>τὸν</span> <span class='ocrx_word' id='word_1_142' title='bbox 3657 1449 3905 1503; x_wconf 65' lang='grc' dir='ltr'>Ἰανουάο</span> 
     </span>
    </p>
   </div>
   <div class='ocr_carea' id='block_1_30' title="bbox 2245 1541 2561 1612">
    <p class='ocr_par' dir='ltr' id='par_1_30' title="bbox 2245 1541 2561 1612">
     <span class='ocr_line' id='line_1_30' title="bbox 2245 1541 2561 1612; baseline 0.006 -20"><span class='ocrx_word' id='word_1_143' title='bbox 2245 1559 2359 1612; x_wconf 89' lang='grc' dir='ltr'>ριον</span> <span class='ocrx_word' id='word_1_144' title='bbox 2398 1541 2561 1611; x_wconf 72' lang='grc' dir='ltr'>μῆνα.</span> 
     </span>
    </p>
   </div>
   <div class='ocr_carea' id='block_1_31' title="bbox 2707 1627 3428 1703">
    <p class='ocr_par' dir='ltr' id='par_1_31' title="bbox 2707 1627 3428 1703">
     <span class='ocr_line' id='line_1_31' title="bbox 2707 1627 3428 1703; baseline 0 -20"><span class='ocrx_word' id='word_1_145' title='bbox 2707 1631 2832 1703; x_wconf 84' lang='grc' dir='ltr'>Περὶ</span> <span class='ocrx_word' id='word_1_146' title='bbox 2882 1634 2979 1684; x_wconf 83' lang='grc' dir='ltr'>τοῦ</span> <span class='ocrx_word' id='word_1_147' title='bbox 3036 1627 3428 1702; x_wconf 80' lang='grc' dir='ltr'>’1πποδρόμου.</span> 
     </span>
    </p>
   </div>
   <div class='ocr_carea' id='block_1_32' title="bbox 2313 1716 3908 1792">
    <p class='ocr_par' dir='ltr' id='par_1_32' title="bbox 2313 1716 3908 1792">
     <span class='ocr_line' id='line_1_32' title="bbox 2313 1716 3908 1792; baseline 0.011 -17"><span class='ocrx_word' id='word_1_148' title='bbox 2313 1716 2462 1776; x_wconf 71' lang='grc' dir='ltr'>Ὁδὲ</span> <span class='ocrx_word' id='word_1_149' title='bbox 2517 1717 2884 1792; x_wconf 77' lang='grc' dir='ltr'>Ἰππόδρομος</span> <span class='ocrx_word' id='word_1_150' title='bbox 2933 1717 3165 1789; x_wconf 64' lang='grc' dir='ltr'>ἐκλήθη,</span> <span class='ocrx_word' id='word_1_151' title='bbox 3227 1717 3365 1773; x_wconf 75' lang='grc' dir='ltr'>διότι</span> <span class='ocrx_word' id='word_1_152' title='bbox 3427 1716 3530 1772; x_wconf 74' lang='grc' dir='ltr'>ἀπὸ</span> <span class='ocrx_word' id='word_1_153' title='bbox 3590 1721 3690 1771; x_wconf 72' lang='grc' dir='ltr'>τοῦ</span> <span class='ocrx_word' id='word_1_154' title='bbox 3745 1716 3908 1789; x_wconf 59' lang='lat' dir='ltr'>dra-&quot;iw</span> 
     </span>
    </p>
   </div>
   <div class='ocr_carea' id='block_1_33' title="bbox 2244 1805 3908 1882">
    <p class='ocr_par' dir='ltr' id='par_1_33' title="bbox 2244 1805 3908 1882">
     <span class='ocr_line' id='line_1_33' title="bbox 2244 1805 3908 1882; baseline -0.003 -20"><span class='ocrx_word' id='word_1_155' title='bbox 2244 1808 2644 1862; x_wconf 80' lang='grc' dir='ltr'>Κωνσταντίνου</span> <span class='ocrx_word' id='word_1_156' title='bbox 2675 1806 2780 1869; x_wconf 73' lang='grc' dir='ltr'>ἓως</span> <span class='ocrx_word' id='word_1_157' title='bbox 2810 1816 2909 1877; x_wconf 76' lang='grc' dir='ltr'>τῆς</span> <span class='ocrx_word' id='word_1_158' title='bbox 2943 1809 3181 1882; x_wconf 70' lang='grc' dir='ltr'>Εἰρήνης</span> <span class='ocrx_word' id='word_1_159' title='bbox 3232 1815 3332 1876; x_wconf 82' lang='grc' dir='ltr'>τῆς</span> <span class='ocrx_word' id='word_1_160' title='bbox 3380 1807 3677 1876; x_wconf 72' lang='grc' dir='ltr'>Ἀθηναίας</span> <span class='ocrx_word' id='word_1_161' title='bbox 3733 1805 3908 1859; x_wconf 76' lang='grc' dir='ltr'>ἐκεῖσε</span> 
     </span>
    </p>
   </div>
   <div class='ocr_carea' id='block_1_34' title="bbox 481 1893 2130 1978">
    <p class='ocr_par' dir='ltr' id='par_1_34' title="bbox 481 1896 2128 1970">
     <span class='ocr_line' id='line_1_34' title="bbox 481 1896 2128 1970; baseline 0.001 -19"><span class='ocrx_word' id='word_1_162' title='bbox 481 1896 752 1968; x_wconf 86' lang='lat' dir='ltr'>privatim</span> <span class='ocrx_word' id='word_1_163' title='bbox 805 1897 1190 1969; x_wconf 86' lang='lat' dir='ltr'>imperatores</span> <span class='ocrx_word' id='word_1_164' title='bbox 1238 1916 1447 1954; x_wconf 91' lang='lat' dir='ltr'>currus</span> <span class='ocrx_word' id='word_1_165' title='bbox 1501 1898 1812 1970; x_wconf 83' lang='lat' dir='ltr'>agitarent.</span> <span class='ocrx_word' id='word_1_166' title='bbox 1847 1897 2128 1952; x_wconf 70' lang='lat' dir='ltr'>Caeterum</span> 
     </span>
    </p>
   </div>
   <div class='ocr_carea' id='block_1_35' title="bbox 2251 1893 3906 1978">
    <p class='ocr_par' dir='ltr' id='par_1_35' title="bbox 2251 1893 3906 1972">
     <span class='ocr_line' id='line_1_35' title="bbox 2251 1893 3906 1972; baseline -0.003 -21"><span class='ocrx_word' id='word_1_167' title='bbox 2251 1895 2478 1951; x_wconf 66' lang='grc' dir='ltr'>ιατιὸίαν</span> <span class='ocrx_word' id='word_1_168' title='bbox 2513 1895 2599 1951; x_wconf 82' lang='grc' dir='ltr'>ἐπὶ</span> <span class='ocrx_word' id='word_1_169' title='bbox 2632 1897 2871 1972; x_wconf 80' lang='grc' dir='ltr'>ἅρματος</span> <span class='ocrx_word' id='word_1_170' title='bbox 2901 1894 3126 1972; x_wconf 77' lang='grc' dir='ltr'>ἔτρεχον</span> <span class='ocrx_word' id='word_1_171' title='bbox 3159 1899 3210 1952; x_wconf 75' lang='grc' dir='ltr'>οἱ</span> <span class='ocrx_word' id='word_1_172' title='bbox 3247 1898 3514 1972; x_wconf 67' lang='grc' dir='ltr'>βασιλεῖς.</span> <span class='ocrx_word' id='word_1_173' title='bbox 3546 1897 3608 1952; x_wconf 79' lang='grc' dir='ltr'>Ὀ</span> <span class='ocrx_word' id='word_1_174' title='bbox 3643 1893 3705 1948; x_wconf 75' lang='grc' dir='ltr'>δὲ</span> <span class='ocrx_word' id='word_1_175' title='bbox 3734 1896 3906 1951; x_wconf 63' lang='grc' dir='ltr'>ἰο-δσ-</span> 
     </span>
    </p>
   </div>
   <div class='ocr_carea' id='block_1_36' title="bbox 481 1984 1601 2044">
    <p class='ocr_par' dir='ltr' id='par_1_36' title="bbox 481 1984 1601 2044">
     <span class='ocr_line' id='line_1_36' title="bbox 481 1984 1601 2044; baseline -0.001 -3"><span class='ocrx_word' id='word_1_176' title='bbox 481 1984 854 2044; x_wconf 88' lang='lat' dir='ltr'>Justinianus</span> <span class='ocrx_word' id='word_1_177' title='bbox 885 1987 1236 2043; x_wconf 87' lang='lat' dir='ltr'>Lausiacum</span> <span class='ocrx_word' id='word_1_178' title='bbox 1272 1987 1601 2043; x_wconf 79' lang='lat' dir='ltr'>aediﬁcavit.</span> 
     </span>
    </p>
   </div>
   <div class='ocr_carea' id='block_1_37' title="bbox 947 2097 1670 2151">
    <p class='ocr_par' dir='ltr' id='par_1_37' title="bbox 947 2097 1670 2151">
     <span class='ocr_line' id='line_1_37' title="bbox 947 2097 1670 2151; baseline -0.003 0"><span class='ocrx_word' id='word_1_179' title='bbox 947 2097 1021 2151; x_wconf 77' lang='lat' dir='ltr'>De</span> <span class='ocrx_word' id='word_1_180' title='bbox 1051 2098 1304 2151; x_wconf 72' lang='lat' dir='ltr'>Fortunae</span> <span class='ocrx_word' id='word_1_181' title='bbox 1347 2097 1670 2150; x_wconf 72' lang='lat' dir='ltr'>simulacro.</span> 
     </span>
    </p>
   </div>
   <div class='ocr_carea' id='block_1_38' title="bbox 555 2183 2134 2256">
    <p class='ocr_par' dir='ltr' id='par_1_38' title="bbox 555 2183 2134 2256">
     <span class='ocr_line' id='line_1_38' title="bbox 555 2183 2134 2256; baseline 0.001 -18"><span class='ocrx_word' id='word_1_182' title='bbox 555 2183 949 2240; x_wconf 87' lang='lat' dir='ltr'>Simulacrum</span> <span class='ocrx_word' id='word_1_183' title='bbox 983 2185 1442 2256; x_wconf 76' lang='lat' dir='ltr'>Fortunae,quod</span> <span class='ocrx_word' id='word_1_184' title='bbox 1473 2188 1659 2239; x_wconf 80' lang='lat' dir='ltr'>Roma</span> <span class='ocrx_word' id='word_1_185' title='bbox 1688 2201 1721 2238; x_wconf 91' lang='lat' dir='ltr'>a</span> <span class='ocrx_word' id='word_1_186' title='bbox 1750 2183 2134 2239; x_wconf 83' lang='lat' dir='ltr'>Constantino</span> 
     </span>
    </p>
   </div>
   <div class='ocr_carea' id='block_1_39' title="bbox 483 2273 2137 2345">
    <p class='ocr_par' dir='ltr' id='par_1_39' title="bbox 483 2273 2137 2345">
     <span class='ocr_line' id='line_1_39' title="bbox 483 2273 2137 2345; baseline 0 -17"><span class='ocrx_word' id='word_1_187' title='bbox 483 2275 691 2344; x_wconf 87' lang='lat' dir='ltr'>Magno</span> <span class='ocrx_word' id='word_1_188' title='bbox 723 2274 1029 2328; x_wconf 90' lang='lat' dir='ltr'>advectum</span> <span class='ocrx_word' id='word_1_189' title='bbox 1085 2275 1215 2344; x_wconf 83' lang='lat' dir='ltr'>fuit,</span> <span class='ocrx_word' id='word_1_190' title='bbox 1249 2275 1559 2344; x_wconf 86' lang='lat' dir='ltr'>stabatque</span> <span class='ocrx_word' id='word_1_191' title='bbox 1607 2290 1787 2345; x_wconf 89' lang='lat' dir='ltr'>supra</span> <span class='ocrx_word' id='word_1_192' title='bbox 1817 2273 2016 2344; x_wconf 90' lang='lat' dir='ltr'>palatii</span> <span class='ocrx_word' id='word_1_193' title='bbox 2051 2291 2137 2328; x_wconf 88' lang='lat' dir='ltr'>ar-</span> 
     </span>
    </p>
   </div>
   <div class='ocr_carea' id='block_1_40' title="bbox 485 2361 1319 2431">
    <p class='ocr_par' dir='ltr' id='par_1_40' title="bbox 485 2361 1319 2431">
     <span class='ocr_line' id='line_1_40' title="bbox 485 2361 1319 2431; baseline 0.001 -14"><span class='ocrx_word' id='word_1_194' title='bbox 485 2378 644 2431; x_wconf 91' lang='lat' dir='ltr'>cum,</span> <span class='ocrx_word' id='word_1_195' title='bbox 676 2361 995 2418; x_wconf 85' lang='lat' dir='ltr'>Mauricius</span> <span class='ocrx_word' id='word_1_196' title='bbox 1025 2363 1319 2419; x_wconf 82' lang='lat' dir='ltr'>contrivit.</span> 
     </span>
    </p>
   </div>
   <div class='ocr_carea' id='block_1_41' title="bbox 1089 2542 1526 2613">
    <p class='ocr_par' dir='ltr' id='par_1_41' title="bbox 1089 2542 1526 2613">
     <span class='ocr_line' id='line_1_41' title="bbox 1089 2542 1526 2613; baseline -0.002 -16"><span class='ocrx_word' id='word_1_197' title='bbox 1089 2546 1170 2597; x_wconf 83' lang='lat' dir='ltr'>De</span> <span class='ocrx_word' id='word_1_198' title='bbox 1207 2542 1526 2613; x_wconf 81' lang='lat' dir='ltr'>Magnaura.</span> 
     </span>
    </p>
   </div>
   <div class='ocr_carea' id='block_1_42' title="bbox 552 2629 2134 2700">
    <p class='ocr_par' dir='ltr' id='par_1_42' title="bbox 552 2629 2134 2700">
     <span class='ocr_line' id='line_1_42' title="bbox 552 2629 2134 2700; baseline 0.001 -17"><span class='ocrx_word' id='word_1_199' title='bbox 552 2631 758 2684; x_wconf 85' lang='lat' dir='ltr'>Fertur</span> <span class='ocrx_word' id='word_1_200' title='bbox 802 2630 1182 2686; x_wconf 87' lang='lat' dir='ltr'>Anastasinm</span> <span class='ocrx_word' id='word_1_201' title='bbox 1247 2632 1540 2700; x_wconf 89' lang='lat' dir='ltr'>Dicorum,</span> <span class='ocrx_word' id='word_1_202' title='bbox 1574 2648 1708 2687; x_wconf 92' lang='lat' dir='ltr'>cum</span> <span class='ocrx_word' id='word_1_203' title='bbox 1769 2631 1826 2685; x_wconf 89' lang='lat' dir='ltr'>in</span> <span class='ocrx_word' id='word_1_204' title='bbox 1877 2629 2134 2685; x_wconf 86' lang='lat' dir='ltr'>triclinio</span> 
     </span>
    </p>
   </div>
   <div class='ocr_carea' id='block_1_43' title="bbox 481 2717 2132 2792">
    <p class='ocr_par' dir='ltr' id='par_1_43' title="bbox 481 2717 2132 2792">
     <span class='ocr_line' id='line_1_43' title="bbox 481 2717 2132 2792; baseline -0.001 -18"><span class='ocrx_word' id='word_1_205' title='bbox 481 2717 853 2774; x_wconf 87' lang='lat' dir='ltr'>Constantini</span> <span class='ocrx_word' id='word_1_206' title='bbox 885 2719 1101 2789; x_wconf 87' lang='lat' dir='ltr'>Magni,</span> <span class='ocrx_word' id='word_1_207' title='bbox 1135 2719 1458 2792; x_wconf 85' lang='lat' dir='ltr'>Magnaura</span> <span class='ocrx_word' id='word_1_208' title='bbox 1511 2719 1685 2790; x_wconf 90' lang='lat' dir='ltr'>dicto,</span> <span class='ocrx_word' id='word_1_209' title='bbox 1721 2734 1872 2773; x_wconf 89' lang='lat' dir='ltr'>anno</span> <span class='ocrx_word' id='word_1_210' title='bbox 1903 2718 2132 2790; x_wconf 90' lang='lat' dir='ltr'>imperii</span> 
     </span>
    </p>
   </div>
   <div class='ocr_carea' id='block_1_44' title="bbox 483 2805 2132 2880">
    <p class='ocr_par' dir='ltr' id='par_1_44' title="bbox 483 2805 2132 2880">
     <span class='ocr_line' id='line_1_44' title="bbox 483 2805 2132 2880; baseline -0.001 -17"><span class='ocrx_word' id='word_1_211' title='bbox 483 2806 575 2863; x_wconf 87' lang='lat' dir='ltr'>sui</span> <span class='ocrx_word' id='word_1_212' title='bbox 607 2805 881 2863; x_wconf 89' lang='lat' dir='ltr'>vicesimo</span> <span class='ocrx_word' id='word_1_213' title='bbox 931 2807 1199 2878; x_wconf 88' lang='lat' dir='ltr'>septimo,</span> <span class='ocrx_word' id='word_1_214' title='bbox 1233 2825 1434 2864; x_wconf 86' lang='lat' dir='ltr'>mense</span> <span class='ocrx_word' id='word_1_215' title='bbox 1463 2815 1671 2880; x_wconf 88' lang='lat' dir='ltr'>quarto</span> <span class='ocrx_word' id='word_1_216' title='bbox 1712 2808 2132 2875; x_wconf 89' lang='lat' dir='ltr'>deambularet,</span> 
     </span>
    </p>
   </div>
   <div class='ocr_carea' id='block_1_45' title="bbox 483 2895 2131 2969">
    <p class='ocr_par' dir='ltr' id='par_1_45' title="bbox 483 2895 2131 2969">
     <span class='ocr_line' id='line_1_45' title="bbox 483 2895 2131 2969; baseline 0 -18"><span class='ocrx_word' id='word_1_217' title='bbox 483 2895 818 2969; x_wconf 84' lang='lat' dir='ltr'>fulguribus</span> <span class='ocrx_word' id='word_1_218' title='bbox 849 2901 906 2953; x_wconf 89' lang='lat' dir='ltr'>et</span> <span class='ocrx_word' id='word_1_219' title='bbox 954 2898 1232 2953; x_wconf 89' lang='lat' dir='ltr'>tonitruis</span> <span class='ocrx_word' id='word_1_220' title='bbox 1263 2898 1417 2952; x_wconf 89' lang='lat' dir='ltr'>circa</span> <span class='ocrx_word' id='word_1_221' title='bbox 1449 2897 1733 2968; x_wconf 88' lang='lat' dir='ltr'>palatium</span> <span class='ocrx_word' id='word_1_222' title='bbox 1769 2896 1962 2966; x_wconf 88' lang='lat' dir='ltr'>editis,</span> <span class='ocrx_word' id='word_1_223' title='bbox 1999 2913 2131 2952; x_wconf 89' lang='lat' dir='ltr'>cum</span> 
     </span>
    </p>
   </div>
   <div class='ocr_carea' id='block_1_46' title="bbox 483 2985 2136 3058">
    <p class='ocr_par' dir='ltr' id='par_1_46' title="bbox 483 2985 2136 3058">
     <span class='ocr_line' id='line_1_46' title="bbox 483 2985 2136 3058; baseline 0 -18"><span class='ocrx_word' id='word_1_224' title='bbox 483 2986 842 3042; x_wconf 85' lang='lat' dir='ltr'>consternati</span> <span class='ocrx_word' id='word_1_225' title='bbox 874 3003 1080 3042; x_wconf 88' lang='lat' dir='ltr'>omnes</span> <span class='ocrx_word' id='word_1_226' title='bbox 1112 2985 1265 3042; x_wconf 90' lang='lat' dir='ltr'>ultro</span> <span class='ocrx_word' id='word_1_227' title='bbox 1312 2986 1574 3058; x_wconf 87' lang='lat' dir='ltr'>citroque</span> <span class='ocrx_word' id='word_1_228' title='bbox 1607 2987 1894 3057; x_wconf 80' lang='lat' dir='ltr'>fugerent,</span> <span class='ocrx_word' id='word_1_229' title='bbox 1928 2986 1999 3040; x_wconf 91' lang='lat' dir='ltr'>ad</span> <span class='ocrx_word' id='word_1_230' title='bbox 2031 3002 2136 3040; x_wconf 91' lang='lat' dir='ltr'>cu-</span> 
     </span>
    </p>
   </div>
   <div class='ocr_carea' id='block_1_47' title="bbox 483 3074 2132 3148">
    <p class='ocr_par' dir='ltr' id='par_1_47' title="bbox 483 3074 2132 3148">
     <span class='ocr_line' id='line_1_47' title="bbox 483 3074 2132 3148; baseline 0 -19"><span class='ocrx_word' id='word_1_231' title='bbox 483 3074 747 3131; x_wconf 88' lang='lat' dir='ltr'>biculum</span> <span class='ocrx_word' id='word_1_232' title='bbox 807 3075 1044 3148; x_wconf 88' lang='lat' dir='ltr'>aliquod</span> <span class='ocrx_word' id='word_1_233' title='bbox 1103 3077 1174 3131; x_wconf 92' lang='lat' dir='ltr'>ab</span> <span class='ocrx_word' id='word_1_234' title='bbox 1233 3093 1294 3130; x_wconf 85' lang='lat' dir='ltr'>se</span> <span class='ocrx_word' id='word_1_235' title='bbox 1353 3077 1707 3130; x_wconf 65' lang='lat' dir='ltr'>aediﬁcatum</span> <span class='ocrx_word' id='word_1_236' title='bbox 1779 3076 2132 3146; x_wconf 86' lang='lat' dir='ltr'>confugisse,</span> 
     </span>
    </p>
   </div>
   <div class='ocr_carea' id='block_1_48' title="bbox 483 3163 2131 3235">
    <p class='ocr_par' dir='ltr' id='par_1_48' title="bbox 483 3163 2131 3235">
     <span class='ocr_line' id='line_1_48' title="bbox 483 3163 2131 3235; baseline 0 -17"><span class='ocrx_word' id='word_1_237' title='bbox 483 3168 662 3234; x_wconf 89' lang='lat' dir='ltr'>atque</span> <span class='ocrx_word' id='word_1_238' title='bbox 690 3163 769 3218; x_wconf 89' lang='lat' dir='ltr'>ibi</span> <span class='ocrx_word' id='word_1_239' title='bbox 803 3164 890 3219; x_wconf 91' lang='lat' dir='ltr'>ira</span> <span class='ocrx_word' id='word_1_240' title='bbox 920 3164 1021 3220; x_wconf 91' lang='lat' dir='ltr'>Dei</span> <span class='ocrx_word' id='word_1_241' title='bbox 1053 3164 1466 3234; x_wconf 86' lang='lat' dir='ltr'>interceptum,</span> <span class='ocrx_word' id='word_1_242' title='bbox 1501 3169 1798 3218; x_wconf 89' lang='lat' dir='ltr'>mortuum</span> <span class='ocrx_word' id='word_1_243' title='bbox 1833 3169 2131 3235; x_wconf 89' lang='lat' dir='ltr'>repertum</span> 
     </span>
    </p>
   </div>
   <div class='ocr_carea' id='block_1_49' title="bbox 2242 1983 3162 2047">
    <p class='ocr_par' dir='ltr' id='par_1_49' title="bbox 2242 1983 3162 2047">
     <span class='ocr_line' id='line_1_49' title="bbox 2242 1983 3162 2047; baseline 0.002 -8"><span class='ocrx_word' id='word_1_244' title='bbox 2242 1987 2478 2047; x_wconf 87' lang='grc' dir='ltr'>τινιανὸς</span> <span class='ocrx_word' id='word_1_245' title='bbox 2509 1983 2684 2040; x_wconf 76' lang='grc' dir='ltr'>ἔκτισε</span> <span class='ocrx_word' id='word_1_246' title='bbox 2711 1986 2801 2039; x_wconf 83' lang='grc' dir='ltr'>τὸν</span> <span class='ocrx_word' id='word_1_247' title='bbox 2840 1984 3162 2041; x_wconf 67' lang='grc' dir='ltr'>Λαυσιακόν.</span> 
     </span>
    </p>
   </div>
   <div class='ocr_carea' id='block_1_50' title="bbox 2876 2091 3258 2167">
    <p class='ocr_par' dir='ltr' id='par_1_50' title="bbox 2876 2091 3258 2167">
     <span class='ocr_line' id='line_1_50' title="bbox 2876 2091 3258 2167; baseline 0.003 -20"><span class='ocrx_word' id='word_1_248' title='bbox 2876 2091 3004 2166; x_wconf 80' lang='grc' dir='ltr'>Περὶ</span> <span class='ocrx_word' id='word_1_249' title='bbox 3052 2091 3258 2167; x_wconf 73' lang='grc' dir='ltr'>Τύχης.</span> 
     </span>
    </p>
   </div>
   <div class='ocr_carea' id='block_1_51' title="bbox 2315 2178 3908 2258">
    <p class='ocr_par' dir='ltr' id='par_1_51' title="bbox 2315 2178 3908 2258">
     <span class='ocr_line' id='line_1_51' title="bbox 2315 2178 3908 2258; baseline -0.004 -19"><span class='ocrx_word' id='word_1_250' title='bbox 2315 2184 2376 2239; x_wconf 73' lang='grc' dir='ltr'><strong>ἸΙ</strong></span> <span class='ocrx_word' id='word_1_251' title='bbox 2429 2179 2485 2236; x_wconf 62' lang='lat' dir='ltr'>Si</span> <span class='ocrx_word' id='word_1_252' title='bbox 2530 2181 2674 2256; x_wconf 75' lang='grc' dir='ltr'>τύχη</span> <span class='ocrx_word' id='word_1_253' title='bbox 2718 2183 2781 2236; x_wconf 89' lang='grc' dir='ltr'>τὸ</span> <span class='ocrx_word' id='word_1_254' title='bbox 2832 2178 3052 2258; x_wconf 69' lang='grc' dir='ltr'>ἄγαλμα</span> <span class='ocrx_word' id='word_1_255' title='bbox 3105 2180 3248 2256; x_wconf 69' lang='grc' dir='ltr'>ἤχθη</span> <span class='ocrx_word' id='word_1_256' title='bbox 3294 2182 3440 2256; x_wconf 81' lang='grc' dir='ltr'>παρὰ</span> <span class='ocrx_word' id='word_1_257' title='bbox 3494 2185 3590 2235; x_wconf 68' lang='grc' dir='ltr'>τοῦ</span> <span class='ocrx_word' id='word_1_258' title='bbox 3641 2179 3908 2254; x_wconf 71' lang='grc' dir='ltr'>Μεγάλου</span> 
     </span>
    </p>
   </div>
   <div class='ocr_carea' id='block_1_52' title="bbox 2247 2269 3908 2345">
    <p class='ocr_par' dir='ltr' id='par_1_52' title="bbox 2247 2269 3908 2345">
     <span class='ocr_line' id='line_1_52' title="bbox 2247 2269 3908 2345; baseline -0.003 -20"><span class='ocrx_word' id='word_1_259' title='bbox 2247 2271 2648 2325; x_wconf 76' lang='grc' dir='ltr'>Κωνσταντίνου</span> <span class='ocrx_word' id='word_1_260' title='bbox 2701 2272 2804 2326; x_wconf 82' lang='grc' dir='ltr'>ἀπὸ</span> <span class='ocrx_word' id='word_1_261' title='bbox 2861 2273 3103 2344; x_wconf 80' lang='grc' dir='ltr'>Ῥώμης,</span> <span class='ocrx_word' id='word_1_262' title='bbox 3156 2270 3287 2345; x_wconf 68' lang='grc' dir='ltr'>ὅπερ</span> <span class='ocrx_word' id='word_1_263' title='bbox 3331 2269 3511 2324; x_wconf 56' lang='grc' dir='ltr'>ἵστατο</span> <span class='ocrx_word' id='word_1_264' title='bbox 3563 2269 3748 2322; x_wconf 72' lang='grc' dir='ltr'>ἐπάνω</span> <span class='ocrx_word' id='word_1_265' title='bbox 3809 2270 3908 2334; x_wconf 71' lang='grc' dir='ltr'>τῆς</span> 
     </span>
    </p>
   </div>
   <div class='ocr_carea' id='block_1_53' title="bbox 2246 2357 3910 2435">
    <p class='ocr_par' dir='ltr' id='par_1_53' title="bbox 2246 2357 3910 2435">
     <span class='ocr_line' id='line_1_53' title="bbox 2246 2357 3910 2435; baseline -0.003 -20"><span class='ocrx_word' id='word_1_266' title='bbox 2246 2359 2433 2435; x_wconf 71' lang='grc' dir='ltr'>ἀψίδος</span> <span class='ocrx_word' id='word_1_267' title='bbox 2482 2365 2579 2415; x_wconf 76' lang='grc' dir='ltr'>τοῦ</span> <span class='ocrx_word' id='word_1_268' title='bbox 2628 2360 2920 2430; x_wconf 74' lang='grc' dir='ltr'>παλατίου,</span> <span class='ocrx_word' id='word_1_269' title='bbox 2972 2362 2998 2415; x_wconf 85' lang='grc' dir='ltr'>ὁ</span> <span class='ocrx_word' id='word_1_270' title='bbox 3033 2359 3089 2415; x_wconf 71' lang='grc' dir='ltr'><strong>δί</strong></span> <span class='ocrx_word' id='word_1_271' title='bbox 3123 2359 3380 2435; x_wconf 74' lang='grc' dir='ltr'>βασιλεὺς</span> <span class='ocrx_word' id='word_1_272' title='bbox 3414 2360 3723 2434; x_wconf 74' lang='grc' dir='ltr'>Μαυρίκιος</span> <span class='ocrx_word' id='word_1_273' title='bbox 3757 2357 3910 2410; x_wconf 72' lang='grc' dir='ltr'>συνέ-</span> 
     </span>
    </p>
   </div>
   <div class='ocr_carea' id='block_1_54' title="bbox 2242 2450 2623 2526">
    <p class='ocr_par' dir='ltr' id='par_1_54' title="bbox 2242 2450 2623 2526">
     <span class='ocr_line' id='line_1_54' title="bbox 2242 2450 2623 2526; baseline 0.008 -22"><span class='ocrx_word' id='word_1_274' title='bbox 2242 2454 2429 2526; x_wconf 84' lang='grc' dir='ltr'>τριψεν</span> <span class='ocrx_word' id='word_1_275' title='bbox 2473 2450 2623 2507; x_wconf 76' lang='grc' dir='ltr'>αὑτό.</span> 
     </span>
    </p>
   </div>
   <div class='ocr_carea' id='block_1_55' title="bbox 2815 2539 3316 2614">
    <p class='ocr_par' dir='ltr' id='par_1_55' title="bbox 2815 2539 3316 2614">
     <span class='ocr_line' id='line_1_55' title="bbox 2815 2539 3316 2614; baseline 0.002 -20"><span class='ocrx_word' id='word_1_276' title='bbox 2815 2540 2942 2614; x_wconf 83' lang='grc' dir='ltr'>Περὶ</span> <span class='ocrx_word' id='word_1_277' title='bbox 2976 2539 3316 2614; x_wconf 81' lang='grc' dir='ltr'>Μαγναόρας.</span> 
     </span>
    </p>
   </div>
   <div class='ocr_carea' id='block_1_56' title="bbox 2318 2622 3909 2702">
    <p class='ocr_par' dir='ltr' id='par_1_56' title="bbox 2318 2622 3909 2702">
     <span class='ocr_line' id='line_1_56' title="bbox 2318 2622 3909 2702; baseline -0.005 -18"><span class='ocrx_word' id='word_1_278' title='bbox 2318 2629 2534 2701; x_wconf 73' lang='grc' dir='ltr'>Λέγεται</span> <span class='ocrx_word' id='word_1_279' title='bbox 2590 2627 2702 2697; x_wconf 75' lang='grc' dir='ltr'>οὖν,</span> <span class='ocrx_word' id='word_1_280' title='bbox 2755 2627 2838 2681; x_wconf 80' lang='grc' dir='ltr'>ὅτι</span> <span class='ocrx_word' id='word_1_281' title='bbox 2899 2629 2926 2680; x_wconf 87' lang='grc' dir='ltr'>ὁ</span> <span class='ocrx_word' id='word_1_282' title='bbox 2970 2626 3261 2702; x_wconf 81' lang='grc' dir='ltr'>Τρίκλινος</span> <span class='ocrx_word' id='word_1_283' title='bbox 3293 2631 3387 2680; x_wconf 66' lang='grc' dir='ltr'>τοῦ</span> <span class='ocrx_word' id='word_1_284' title='bbox 3431 2622 3685 2698; x_wconf 77' lang='grc' dir='ltr'>Μεγάλου</span> <span class='ocrx_word' id='word_1_285' title='bbox 3754 2631 3909 2678; x_wconf 81' lang='grc' dir='ltr'>Κων-</span> 
     </span>
    </p>
   </div>
   <div class='ocr_carea' id='block_1_57' title="bbox 2246 2712 3908 2790">
    <p class='ocr_par' dir='ltr' id='par_1_57' title="bbox 2246 2712 3908 2790">
     <span class='ocr_line' id='line_1_57' title="bbox 2246 2712 3908 2790; baseline -0.003 -20"><span class='ocrx_word' id='word_1_286' title='bbox 2246 2715 2524 2771; x_wconf 85' lang='grc' dir='ltr'>σταντίνου</span> <span class='ocrx_word' id='word_1_287' title='bbox 2578 2718 2610 2784; x_wconf 75' lang='grc' dir='ltr'>ἡ</span> <span class='ocrx_word' id='word_1_288' title='bbox 2675 2717 2990 2790; x_wconf 58' lang='grc' dir='ltr'>Βίαγναῦρα,</span> <span class='ocrx_word' id='word_1_289' title='bbox 3024 2719 3449 2790; x_wconf 81' lang='grc' dir='ltr'>περιπατοῦντος</span> <span class='ocrx_word' id='word_1_290' title='bbox 3484 2712 3535 2767; x_wconf 79' lang='grc' dir='ltr'>ὲν</span> <span class='ocrx_word' id='word_1_291' title='bbox 3568 2712 3710 2784; x_wconf 80' lang='grc' dir='ltr'>αὖτῇ</span> <span class='ocrx_word' id='word_1_292' title='bbox 3778 2733 3908 2767; x_wconf 75' lang='grc' dir='ltr'>ποτε</span> 
     </span>
    </p>
   </div>
   <div class='ocr_carea' id='block_1_58' title="bbox 2243 2800 3905 2880">
    <p class='ocr_par' dir='ltr' id='par_1_58' title="bbox 2243 2800 3905 2880">
     <span class='ocr_line' id='line_1_58' title="bbox 2243 2800 3905 2880; baseline -0.005 -19"><span class='ocrx_word' id='word_1_293' title='bbox 2243 2805 2590 2862; x_wconf 84' lang='grc' dir='ltr'>Ἀναστασίου</span> <span class='ocrx_word' id='word_1_294' title='bbox 2640 2808 2739 2857; x_wconf 78' lang='grc' dir='ltr'>τοῦ</span> <span class='ocrx_word' id='word_1_295' title='bbox 2794 2800 3048 2880; x_wconf 84' lang='grc' dir='ltr'>Δικόρου,</span> <span class='ocrx_word' id='word_1_296' title='bbox 3099 2809 3177 2876; x_wconf 79' lang='grc' dir='ltr'>τῷ</span> <span class='ocrx_word' id='word_1_297' title='bbox 3224 2805 3302 2872; x_wconf 88' lang='grc' dir='ltr'>κζ’</span> <span class='ocrx_word' id='word_1_298' title='bbox 3347 2805 3448 2872; x_wconf 74' lang='grc' dir='ltr'>τῆς</span> <span class='ocrx_word' id='word_1_299' title='bbox 3517 2802 3678 2856; x_wconf 70' lang='grc' dir='ltr'>αὐτοῦ</span> <span class='ocrx_word' id='word_1_300' title='bbox 3751 2804 3905 2875; x_wconf 80' lang='grc' dir='ltr'>βασι-</span> 
     </span>
    </p>
   </div>
   <div class='ocr_carea' id='block_1_59' title="bbox 2245 2890 3907 2968">
    <p class='ocr_par' dir='ltr' id='par_1_59' title="bbox 2245 2890 3907 2968">
     <span class='ocr_line' id='line_1_59' title="bbox 2245 2890 3907 2968; baseline -0.004 -19"><span class='ocrx_word' id='word_1_301' title='bbox 2245 2896 2416 2965; x_wconf 80' lang='grc' dir='ltr'>λείας,</span> <span class='ocrx_word' id='word_1_302' title='bbox 2475 2894 2562 2948; x_wconf 80' lang='grc' dir='ltr'>κοιὶ</span> <span class='ocrx_word' id='word_1_303' title='bbox 2631 2891 2873 2968; x_wconf 72' lang='grc' dir='ltr'>τετάρτῳ</span> <span class='ocrx_word' id='word_1_304' title='bbox 2939 2893 3094 2966; x_wconf 75' lang='grc' dir='ltr'>μηνὶ,</span> <span class='ocrx_word' id='word_1_305' title='bbox 3169 2893 3387 2968; x_wconf 82' lang='grc' dir='ltr'>βρονταὶ</span> <span class='ocrx_word' id='word_1_306' title='bbox 3465 2891 3554 2945; x_wconf 78' lang='grc' dir='ltr'>καὶ</span> <span class='ocrx_word' id='word_1_307' title='bbox 3627 2890 3907 2965; x_wconf 73' lang='grc' dir='ltr'>ἀστραπαὶ</span> 
     </span>
    </p>
   </div>
   <div class='ocr_carea' id='block_1_60' title="bbox 2241 2977 3908 3060">
    <p class='ocr_par' dir='ltr' id='par_1_60' title="bbox 2241 2977 3908 3060">
     <span class='ocr_line' id='line_1_60' title="bbox 2241 2977 3908 3060; baseline -0.005 -22"><span class='ocrx_word' id='word_1_308' title='bbox 2241 2983 2488 3060; x_wconf 76' lang='grc' dir='ltr'>γεγόνασι</span> <span class='ocrx_word' id='word_1_309' title='bbox 2547 2983 2683 3055; x_wconf 83' lang='grc' dir='ltr'>πρὸς</span> <span class='ocrx_word' id='word_1_310' title='bbox 2741 2983 2802 3036; x_wconf 84' lang='grc' dir='ltr'>τὸ</span> <span class='ocrx_word' id='word_1_311' title='bbox 2857 2981 3142 3037; x_wconf 70' lang='grc' dir='ltr'>παλάτιοψ</span> <span class='ocrx_word' id='word_1_312' title='bbox 3195 2982 3406 3036; x_wconf 78' lang='grc' dir='ltr'>πάντων</span> <span class='ocrx_word' id='word_1_313' title='bbox 3439 2978 3496 3035; x_wconf 71' lang='grc' dir='ltr'>δὲ</span> <span class='ocrx_word' id='word_1_314' title='bbox 3545 2977 3908 3052; x_wconf 69' lang='grc' dir='ltr'>ἆδημονούνο</span> 
     </span>
    </p>
   </div>
   <div class='ocr_carea' id='block_1_61' title="bbox 2239 3069 3907 3149">
    <p class='ocr_par' dir='ltr' id='par_1_61' title="bbox 2239 3069 3907 3149">
     <span class='ocr_line' id='line_1_61' title="bbox 2239 3069 3907 3149; baseline -0.004 -21"><span class='ocrx_word' id='word_1_315' title='bbox 2239 3095 2370 3140; x_wconf 81' lang='grc' dir='ltr'>των,</span> <span class='ocrx_word' id='word_1_316' title='bbox 2425 3074 2509 3127; x_wconf 74' lang='grc' dir='ltr'>καὶ</span> <span class='ocrx_word' id='word_1_317' title='bbox 2565 3071 2867 3149; x_wconf 75' lang='grc' dir='ltr'>φευγόντων</span> <span class='ocrx_word' id='word_1_318' title='bbox 2915 3072 3018 3126; x_wconf 88' lang='grc' dir='ltr'>ἀπὸ</span> <span class='ocrx_word' id='word_1_319' title='bbox 3066 3071 3238 3126; x_wconf 75' lang='grc' dir='ltr'>τόπου</span> <span class='ocrx_word' id='word_1_320' title='bbox 3283 3071 3358 3132; x_wconf 68' lang='grc' dir='ltr'>εἷς</span> <span class='ocrx_word' id='word_1_321' title='bbox 3387 3071 3574 3137; x_wconf 81' lang='grc' dir='ltr'>τόπον,</span> <span class='ocrx_word' id='word_1_322' title='bbox 3602 3070 3693 3123; x_wconf 76' lang='grc' dir='ltr'>καὶ</span> <span class='ocrx_word' id='word_1_323' title='bbox 3735 3069 3907 3122; x_wconf 73' lang='grc' dir='ltr'>αὖτοῦ</span> 
     </span>
    </p>
   </div>
   <div class='ocr_carea' id='block_1_62' title="bbox 2243 3156 3908 3236">
    <p class='ocr_par' dir='ltr' id='par_1_62' title="bbox 2243 3156 3908 3236">
     <span class='ocr_line' id='line_1_62' title="bbox 2243 3156 3908 3236; baseline -0.006 -20"><span class='ocrx_word' id='word_1_324' title='bbox 2243 3159 2300 3216; x_wconf 76' lang='grc' dir='ltr'>δὲ</span> <span class='ocrx_word' id='word_1_325' title='bbox 2329 3166 2423 3216; x_wconf 74' lang='grc' dir='ltr'>τοῦ</span> <span class='ocrx_word' id='word_1_326' title='bbox 2454 3159 2719 3236; x_wconf 70' lang='grc' dir='ltr'>βασιλέως</span> <span class='ocrx_word' id='word_1_327' title='bbox 2758 3160 3052 3236; x_wconf 68' lang='grc' dir='ltr'>φεύγοντος</span> <span class='ocrx_word' id='word_1_328' title='bbox 3101 3159 3151 3213; x_wconf 84' lang='grc' dir='ltr'>ἐν</span> <span class='ocrx_word' id='word_1_329' title='bbox 3211 3159 3287 3213; x_wconf 73' lang='grc' dir='ltr'>ἑνὶ</span> <span class='ocrx_word' id='word_1_330' title='bbox 3342 3163 3447 3213; x_wconf 79' lang='grc' dir='ltr'>τῶν</span> <span class='ocrx_word' id='word_1_331' title='bbox 3498 3156 3908 3222; x_wconf 71' lang='grc' dir='ltr'>κοιτωνίσκων,</span> 
     </span>
    </p>
   </div>
   <div class='ocr_carea' id='block_1_63' title="bbox 480 3243 2130 3349">
    <p class='ocr_par' dir='ltr' id='par_1_63' title="bbox 480 3251 2130 3319">
     <span class='ocr_line' id='line_1_63' title="bbox 480 3251 2130 3319; baseline 0 -13"><span class='ocrx_word' id='word_1_332' title='bbox 480 3267 629 3306; x_wconf 87' lang='lat' dir='ltr'>esse.</span> <span class='ocrx_word' id='word_1_333' title='bbox 662 3255 914 3307; x_wconf 86' lang='lat' dir='ltr'>Narrant</span> <span class='ocrx_word' id='word_1_334' title='bbox 957 3257 1176 3319; x_wconf 88' lang='lat' dir='ltr'>autem,</span> <span class='ocrx_word' id='word_1_335' title='bbox 1228 3269 1384 3318; x_wconf 89' lang='lat' dir='ltr'>eum,</span> <span class='ocrx_word' id='word_1_336' title='bbox 1436 3269 1570 3306; x_wconf 91' lang='lat' dir='ltr'>cum</span> <span class='ocrx_word' id='word_1_337' title='bbox 1622 3253 1678 3306; x_wconf 93' lang='lat' dir='ltr'>in</span> <span class='ocrx_word' id='word_1_338' title='bbox 1735 3251 1979 3307; x_wconf 85' lang='lat' dir='ltr'>ecclesia</span> <span class='ocrx_word' id='word_1_339' title='bbox 2033 3253 2130 3306; x_wconf 84' lang='lat' dir='ltr'>SS.</span> 
     </span>
    </p>
   </div>
   <div class='ocr_carea' id='block_1_64' title="bbox 2251 3243 3909 3349">
    <p class='ocr_par' dir='ltr' id='par_1_64' title="bbox 2251 3243 3909 3322">
     <span class='ocr_line' id='line_1_64' title="bbox 2251 3243 3909 3322; baseline -0.004 -17"><span class='ocrx_word' id='word_1_340' title='bbox 2251 3253 2318 3306; x_wconf 80' lang='grc' dir='ltr'>ὧν</span> <span class='ocrx_word' id='word_1_341' title='bbox 2373 3249 2564 3318; x_wconf 76' lang='grc' dir='ltr'>ἔκτισε,</span> <span class='ocrx_word' id='word_1_342' title='bbox 2606 3250 2691 3303; x_wconf 85' lang='grc' dir='ltr'>καὶ</span> <span class='ocrx_word' id='word_1_343' title='bbox 2725 3243 2924 3318; x_wconf 71' lang='grc' dir='ltr'>κατέϐη</span> <span class='ocrx_word' id='word_1_344' title='bbox 2958 3247 3127 3302; x_wconf 71' lang='grc' dir='ltr'>ἱκεῖσε</span> <span class='ocrx_word' id='word_1_345' title='bbox 3152 3251 3186 3317; x_wconf 82' lang='grc' dir='ltr'>ἡ</span> <span class='ocrx_word' id='word_1_346' title='bbox 3221 3249 3359 3322; x_wconf 81' lang='grc' dir='ltr'>ὁργὴ</span> <span class='ocrx_word' id='word_1_347' title='bbox 3402 3251 3497 3302; x_wconf 75' lang='grc' dir='ltr'>τοῦ</span> <span class='ocrx_word' id='word_1_348' title='bbox 3542 3251 3694 3312; x_wconf 66' lang='grc' dir='ltr'>Θεοῦ,</span> <span class='ocrx_word' id='word_1_349' title='bbox 3769 3246 3909 3300; x_wconf 75' lang='grc' dir='ltr'>ὥστε</span> 
     </span>
    </p>
   </div>
   <div class='ocr_carea' id='block_1_65' title="bbox 478 3340 2133 3413">
    <p class='ocr_par' dir='ltr' id='par_1_65' title="bbox 478 3340 2133 3413">
     <span class='ocr_line' id='line_1_65' title="bbox 478 3340 2133 3413; baseline 0.001 -18"><span class='ocrx_word' id='word_1_350' title='bbox 478 3340 893 3411; x_wconf 86' lang='lat' dir='ltr'>Apostolorum</span> <span class='ocrx_word' id='word_1_351' title='bbox 917 3341 1182 3413; x_wconf 88' lang='lat' dir='ltr'>sepultus</span> <span class='ocrx_word' id='word_1_352' title='bbox 1215 3341 1729 3413; x_wconf 86' lang='lat' dir='ltr'>fuisset,postridie</span> <span class='ocrx_word' id='word_1_353' title='bbox 1758 3341 2133 3408; x_wconf 85' lang='lat' dir='ltr'>exclamasse,</span> 
     </span>
    </p>
   </div>
   <div class='ocr_carea' id='block_1_66' title="bbox 480 3429 2134 3502">
    <p class='ocr_par' dir='ltr' id='par_1_66' title="bbox 480 3429 2134 3502">
     <span class='ocr_line' id='line_1_66' title="bbox 480 3429 2134 3502; baseline 0.001 -19"><span class='ocrx_word' id='word_1_354' title='bbox 480 3429 864 3495; x_wconf 88' lang='lat' dir='ltr'>Miseremini,</span> <span class='ocrx_word' id='word_1_355' title='bbox 918 3431 1300 3498; x_wconf 87' lang='lat' dir='ltr'>miseremini,</span> <span class='ocrx_word' id='word_1_356' title='bbox 1334 3436 1391 3485; x_wconf 89' lang='lat' dir='ltr'>et</span> <span class='ocrx_word' id='word_1_357' title='bbox 1420 3431 1660 3501; x_wconf 90' lang='lat' dir='ltr'>aperite.</span> <span class='ocrx_word' id='word_1_358' title='bbox 1705 3430 2134 3502; x_wconf 81' lang='lat' dir='ltr'>Respondenti-</span> 
     </span>
    </p>
   </div>
   <div class='ocr_carea' id='block_1_67' title="bbox 479 3516 2131 3591">
    <p class='ocr_par' dir='ltr' id='par_1_67' title="bbox 479 3516 2131 3591">
     <span class='ocr_line' id='line_1_67' title="bbox 479 3516 2131 3591; baseline 0 -19"><span class='ocrx_word' id='word_1_359' title='bbox 479 3516 592 3573; x_wconf 89' lang='lat' dir='ltr'>bus</span> <span class='ocrx_word' id='word_1_360' title='bbox 620 3533 754 3574; x_wconf 85' lang='lat' dir='ltr'>vsro</span> <span class='ocrx_word' id='word_1_361' title='bbox 803 3520 1169 3586; x_wconf 85' lang='lat' dir='ltr'>custodibus,</span> <span class='ocrx_word' id='word_1_362' title='bbox 1195 3521 1322 3591; x_wconf 82' lang='lat' dir='ltr'>jam</span> <span class='ocrx_word' id='word_1_363' title='bbox 1374 3519 1552 3574; x_wconf 87' lang='lat' dir='ltr'>alium</span> <span class='ocrx_word' id='word_1_364' title='bbox 1607 3519 1917 3591; x_wconf 89' lang='lat' dir='ltr'>imperare,</span> <span class='ocrx_word' id='word_1_365' title='bbox 1953 3518 2131 3583; x_wconf 87' lang='lat' dir='ltr'>Nihil,</span> 
     </span>
    </p>
   </div>
   <div class='ocr_carea' id='block_1_68' title="bbox 477 3606 2132 3678">
    <p class='ocr_par' dir='ltr' id='par_1_68' title="bbox 477 3606 2132 3678">
     <span class='ocr_line' id='line_1_68' title="bbox 477 3606 2132 3678; baseline 0.001 -17"><span class='ocrx_word' id='word_1_366' title='bbox 477 3606 693 3678; x_wconf 87' lang='lat' dir='ltr'>inquit,</span> <span class='ocrx_word' id='word_1_367' title='bbox 746 3624 888 3662; x_wconf 90' lang='lat' dir='ltr'>curo</span> <span class='ocrx_word' id='word_1_368' title='bbox 923 3627 934 3664; x_wconf 91' lang='lat'>:</span> <span class='ocrx_word' id='word_1_369' title='bbox 971 3609 1029 3662; x_wconf 91' lang='lat' dir='ltr'>in</span> <span class='ocrx_word' id='word_1_370' title='bbox 1064 3609 1490 3664; x_wconf 88' lang='lat' dir='ltr'>monasterium</span> <span class='ocrx_word' id='word_1_371' title='bbox 1541 3624 1632 3663; x_wconf 89' lang='lat' dir='ltr'>me</span> <span class='ocrx_word' id='word_1_372' title='bbox 1683 3608 1978 3675; x_wconf 88' lang='lat' dir='ltr'>abducite,</span> <span class='ocrx_word' id='word_1_373' title='bbox 2008 3624 2132 3663; x_wconf 89' lang='lat' dir='ltr'>me-</span> 
     </span>
    </p>
   </div>
   <div class='ocr_carea' id='block_1_69' title="bbox 481 3696 2136 3767">
    <p class='ocr_par' dir='ltr' id='par_1_69' title="bbox 481 3696 2136 3767">
     <span class='ocr_line' id='line_1_69' title="bbox 481 3696 2136 3767; baseline 0 -17"><span class='ocrx_word' id='word_1_374' title='bbox 481 3711 595 3766; x_wconf 88' lang='lat' dir='ltr'>que</span> <span class='ocrx_word' id='word_1_375' title='bbox 651 3696 1006 3753; x_wconf 86' lang='lat' dir='ltr'>monachum</span> <span class='ocrx_word' id='word_1_376' title='bbox 1068 3697 1257 3752; x_wconf 87' lang='lat' dir='ltr'>facite.</span> <span class='ocrx_word' id='word_1_377' title='bbox 1293 3697 1378 3751; x_wconf 93' lang='lat' dir='ltr'>Illi</span> <span class='ocrx_word' id='word_1_378' title='bbox 1439 3713 1572 3752; x_wconf 91' lang='lat' dir='ltr'>vero</span> <span class='ocrx_word' id='word_1_379' title='bbox 1634 3697 1712 3751; x_wconf 91' lang='lat' dir='ltr'>ibi</span> <span class='ocrx_word' id='word_1_380' title='bbox 1771 3697 2136 3767; x_wconf 86' lang='lat' dir='ltr'>reliquerunt</span> 
     </span>
    </p>
   </div>
   <div class='ocr_carea' id='block_1_70' title="bbox 480 3784 2132 3858">
    <p class='ocr_par' dir='ltr' id='par_1_70' title="bbox 480 3784 2132 3858">
     <span class='ocr_line' id='line_1_70' title="bbox 480 3784 2132 3858; baseline -0.001 -19"><span class='ocrx_word' id='word_1_381' title='bbox 480 3800 637 3839; x_wconf 87' lang='lat' dir='ltr'>eum.</span> <span class='ocrx_word' id='word_1_382' title='bbox 672 3785 888 3840; x_wconf 90' lang='lat' dir='ltr'>Ferunt</span> <span class='ocrx_word' id='word_1_383' title='bbox 920 3791 1114 3840; x_wconf 89' lang='lat' dir='ltr'>autem</span> <span class='ocrx_word' id='word_1_384' title='bbox 1150 3786 1450 3858; x_wconf 89' lang='lat' dir='ltr'>aliquanto</span> <span class='ocrx_word' id='word_1_385' title='bbox 1484 3790 1616 3857; x_wconf 91' lang='lat' dir='ltr'>post</span> <span class='ocrx_word' id='word_1_386' title='bbox 1647 3790 1907 3855; x_wconf 89' lang='lat' dir='ltr'>tempore</span> <span class='ocrx_word' id='word_1_387' title='bbox 1937 3784 2132 3855; x_wconf 83' lang='lat' dir='ltr'>sepul-</span> 
     </span>
    </p>
   </div>
   <div class='ocr_carea' id='block_1_71' title="bbox 479 3873 2129 3946">
    <p class='ocr_par' dir='ltr' id='par_1_71' title="bbox 479 3873 2129 3946">
     <span class='ocr_line' id='line_1_71' title="bbox 479 3873 2129 3946; baseline 0 -19"><span class='ocrx_word' id='word_1_388' title='bbox 479 3887 646 3928; x_wconf 90' lang='lat' dir='ltr'>crum</span> <span class='ocrx_word' id='word_1_389' title='bbox 693 3875 823 3943; x_wconf 88' lang='lat' dir='ltr'>ejus</span> <span class='ocrx_word' id='word_1_390' title='bbox 870 3879 1142 3945; x_wconf 84' lang='lat' dir='ltr'>apertum</span> <span class='ocrx_word' id='word_1_391' title='bbox 1197 3875 1402 3943; x_wconf 86' lang='lat' dir='ltr'>fuisse,</span> <span class='ocrx_word' id='word_1_392' title='bbox 1453 3875 1877 3946; x_wconf 87' lang='lat' dir='ltr'>inventumque</span> <span class='ocrx_word' id='word_1_393' title='bbox 1934 3873 2129 3944; x_wconf 88' lang='lat' dir='ltr'>ipsum</span> 
     </span>
    </p>
   </div>
   <div class='ocr_carea' id='block_1_72' title="bbox 480 3961 2133 4036">
    <p class='ocr_par' dir='ltr' id='par_1_72' title="bbox 480 3961 2133 4036">
     <span class='ocr_line' id='line_1_72' title="bbox 480 3961 2133 4036; baseline 0.001 -20"><span class='ocrx_word' id='word_1_394' title='bbox 480 3961 719 4017; x_wconf 88' lang='lat' dir='ltr'>brachia</span> <span class='ocrx_word' id='word_1_395' title='bbox 748 3979 860 4017; x_wconf 89' lang='lat' dir='ltr'>sua</span> <span class='ocrx_word' id='word_1_396' title='bbox 887 3968 942 4017; x_wconf 91' lang='lat' dir='ltr'>et</span> <span class='ocrx_word' id='word_1_397' title='bbox 974 3962 1192 4036; x_wconf 86' lang='lat' dir='ltr'>caligas</span> <span class='ocrx_word' id='word_1_398' title='bbox 1225 3980 1376 4036; x_wconf 87' lang='lat' dir='ltr'>quas</span> <span class='ocrx_word' id='word_1_399' title='bbox 1405 3963 1673 4035; x_wconf 86' lang='lat' dir='ltr'>gestabat</span> <span class='ocrx_word' id='word_1_400' title='bbox 1707 3963 2133 4030; x_wconf 89' lang='lat' dir='ltr'>comedentem,</span> 
     </span>
    </p>
   </div>
   <div class='ocr_carea' id='block_1_73' title="bbox 478 4050 2131 4123">
    <p class='ocr_par' dir='ltr' id='par_1_73' title="bbox 478 4050 2131 4123">
     <span class='ocr_line' id='line_1_73' title="bbox 478 4050 2131 4123; baseline 0.001 -19"><span class='ocrx_word' id='word_1_401' title='bbox 478 4050 597 4106; x_wconf 85' lang='lat' dir='ltr'>alta</span> <span class='ocrx_word' id='word_1_402' title='bbox 646 4065 782 4106; x_wconf 89' lang='lat' dir='ltr'>voce</span> <span class='ocrx_word' id='word_1_403' title='bbox 829 4051 1134 4123; x_wconf 88' lang='lat' dir='ltr'>clamasse,</span> <span class='ocrx_word' id='word_1_404' title='bbox 1168 4052 1212 4107; x_wconf 89' lang='grc' dir='ltr'>Ο</span> <span class='ocrx_word' id='word_1_405' title='bbox 1245 4053 1437 4117; x_wconf 88' lang='lat' dir='ltr'>Mana,</span> <span class='ocrx_word' id='word_1_406' title='bbox 1489 4069 1631 4108; x_wconf 85' lang='lat' dir='ltr'>aura</span> <span class='ocrx_word' id='word_1_407' title='bbox 1684 4067 1896 4122; x_wconf 91' lang='lat' dir='ltr'>pereo:</span> <span class='ocrx_word' id='word_1_408' title='bbox 1956 4068 2131 4122; x_wconf 88' lang='lat' dir='ltr'>quam</span> 
     </span>
    </p>
   </div>
   <div class='ocr_carea' id='block_1_74' title="bbox 476 4141 2129 4211">
    <p class='ocr_par' dir='ltr' id='par_1_74' title="bbox 476 4141 2129 4211">
     <span class='ocr_line' id='line_1_74' title="bbox 476 4141 2129 4211; baseline 0.001 -17"><span class='ocrx_word' id='word_1_409' title='bbox 476 4154 678 4195; x_wconf 87' lang='lat' dir='ltr'>vocem</span> <span class='ocrx_word' id='word_1_410' title='bbox 711 4155 988 4211; x_wconf 83' lang='lat' dir='ltr'>excepere</span> <span class='ocrx_word' id='word_1_411' title='bbox 1037 4142 1278 4211; x_wconf 87' lang='lat' dir='ltr'>quidam</span> <span class='ocrx_word' id='word_1_412' title='bbox 1312 4157 1379 4195; x_wconf 87' lang='lat' dir='ltr'>ex</span> <span class='ocrx_word' id='word_1_413' title='bbox 1411 4141 1748 4196; x_wconf 89' lang='lat' dir='ltr'>domesticis</span> <span class='ocrx_word' id='word_1_414' title='bbox 1784 4141 1930 4196; x_wconf 89' lang='lat' dir='ltr'>suis.</span> <span class='ocrx_word' id='word_1_415' title='bbox 1967 4141 2129 4196; x_wconf 89' lang='lat' dir='ltr'>Ideo-</span> 
     </span>
    </p>
   </div>
   <div class='ocr_carea' id='block_1_75' title="bbox 479 4227 2131 4301">
    <p class='ocr_par' dir='ltr' id='par_1_75' title="bbox 479 4227 2131 4301">
     <span class='ocr_line' id='line_1_75' title="bbox 479 4227 2131 4301; baseline 0.001 -20"><span class='ocrx_word' id='word_1_416' title='bbox 479 4243 592 4298; x_wconf 87' lang='lat' dir='ltr'>que</span> <span class='ocrx_word' id='word_1_417' title='bbox 621 4227 945 4283; x_wconf 85' lang='lat' dir='ltr'>triclinium</span> <span class='ocrx_word' id='word_1_418' title='bbox 978 4230 1106 4299; x_wconf 89' lang='lat' dir='ltr'>ejus</span> <span class='ocrx_word' id='word_1_419' title='bbox 1136 4229 1476 4300; x_wconf 89' lang='lat' dir='ltr'>Magnaura,</span> <span class='ocrx_word' id='word_1_420' title='bbox 1511 4247 1543 4285; x_wconf 92' lang='lat' dir='ltr'>a</span> <span class='ocrx_word' id='word_1_421' title='bbox 1570 4234 1739 4284; x_wconf 85' lang='lat' dir='ltr'>Mana</span> <span class='ocrx_word' id='word_1_422' title='bbox 1769 4234 1826 4285; x_wconf 87' lang='lat' dir='ltr'>et</span> <span class='ocrx_word' id='word_1_423' title='bbox 1867 4230 1939 4285; x_wconf 89' lang='lat' dir='ltr'>ab</span> <span class='ocrx_word' id='word_1_424' title='bbox 1981 4229 2131 4301; x_wconf 85' lang='lat' dir='ltr'>igni-</span> 
     </span>
    </p>
   </div>
   <div class='ocr_carea' id='block_1_76' title="bbox 478 4319 1182 4386">
    <p class='ocr_par' dir='ltr' id='par_1_76' title="bbox 478 4319 1182 4386">
     <span class='ocr_line' id='line_1_76' title="bbox 478 4319 1182 4386; baseline 0.001 -16"><span class='ocrx_word' id='word_1_425' title='bbox 478 4319 542 4371; x_wconf 86' lang='lat' dir='ltr'>ta</span> <span class='ocrx_word' id='word_1_426' title='bbox 571 4332 736 4386; x_wconf 91' lang='lat' dir='ltr'>aura,</span> <span class='ocrx_word' id='word_1_427' title='bbox 760 4322 1041 4381; x_wconf 85' lang='lat' dir='ltr'>vocatum</span> <span class='ocrx_word' id='word_1_428' title='bbox 1074 4320 1182 4372; x_wconf 89' lang='lat' dir='ltr'>est.</span> 
     </span>
    </p>
   </div>
   <div class='ocr_carea' id='block_1_77' title="bbox 677 4493 1940 4568">
    <p class='ocr_par' dir='ltr' id='par_1_77' title="bbox 677 4493 1940 4568">
     <span class='ocr_line' id='line_1_77' title="bbox 677 4493 1940 4568; baseline 0.003 -21"><span class='ocrx_word' id='word_1_429' title='bbox 677 4493 749 4548; x_wconf 84' lang='lat' dir='ltr'>De</span> <span class='ocrx_word' id='word_1_430' title='bbox 776 4494 977 4564; x_wconf 74' lang='lat' dir='ltr'>templo</span> <span class='ocrx_word' id='word_1_431' title='bbox 1008 4494 1329 4561; x_wconf 77' lang='lat' dir='ltr'>Salvatoris,</span> <span class='ocrx_word' id='word_1_432' title='bbox 1357 4496 1496 4568; x_wconf 87' lang='lat' dir='ltr'>quod</span> <span class='ocrx_word' id='word_1_433' title='bbox 1521 4500 1599 4551; x_wconf 77' lang='lat' dir='ltr'>est</span> <span class='ocrx_word' id='word_1_434' title='bbox 1632 4498 1689 4551; x_wconf 77' lang='lat' dir='ltr'>in</span> <span class='ocrx_word' id='word_1_435' title='bbox 1723 4495 1940 4552; x_wconf 71' lang='lat' dir='ltr'>ChaIee.</span> 
     </span>
    </p>
   </div>
   <div class='ocr_carea' id='block_1_78' title="bbox 551 4581 2132 4654">
    <p class='ocr_par' dir='ltr' id='par_1_78' title="bbox 551 4581 2132 4654">
     <span class='ocr_line' id='line_1_78' title="bbox 551 4581 2132 4654; baseline 0.003 -18"><span class='ocrx_word' id='word_1_436' title='bbox 551 4581 857 4654; x_wconf 89' lang='lat' dir='ltr'>Templum</span> <span class='ocrx_word' id='word_1_437' title='bbox 886 4582 1205 4639; x_wconf 89' lang='lat' dir='ltr'>Salvatoris</span> <span class='ocrx_word' id='word_1_438' title='bbox 1254 4584 1312 4639; x_wconf 90' lang='lat' dir='ltr'>in</span> <span class='ocrx_word' id='word_1_439' title='bbox 1363 4585 1581 4640; x_wconf 89' lang='lat' dir='ltr'>Chalce</span> <span class='ocrx_word' id='word_1_440' title='bbox 1612 4585 1879 4641; x_wconf 85' lang='lat' dir='ltr'>excitavit</span> <span class='ocrx_word' id='word_1_441' title='bbox 1922 4586 2132 4641; x_wconf 82' lang='lat' dir='ltr'>Roma-</span> 
     </span>
    </p>
   </div>
   <div class='ocr_carea' id='block_1_79' title="bbox 2247 3334 3910 3417">
    <p class='ocr_par' dir='ltr' id='par_1_79' title="bbox 2247 3334 3910 3417">
     <span class='ocr_line' id='line_1_79' title="bbox 2247 3334 3910 3417; baseline -0.004 -23"><span class='ocrx_word' id='word_1_442' title='bbox 2247 3337 2533 3417; x_wconf 74' lang='grc' dir='ltr'>αἷφνιόίως</span> <span class='ocrx_word' id='word_1_443' title='bbox 2590 3337 2867 3412; x_wconf 78' lang='grc' dir='ltr'>εὑρεθῆναι</span> <span class='ocrx_word' id='word_1_444' title='bbox 2925 3336 3132 3413; x_wconf 82' lang='grc' dir='ltr'>νεκρόν.</span> <span class='ocrx_word' id='word_1_445' title='bbox 3185 3335 3323 3391; x_wconf 82' lang='grc' dir='ltr'>Φασί</span> <span class='ocrx_word' id='word_1_446' title='bbox 3356 3334 3412 3390; x_wconf 77' lang='grc' dir='ltr'>δὲ</span> <span class='ocrx_word' id='word_1_447' title='bbox 3442 3335 3596 3390; x_wconf 72' lang='grc' dir='ltr'>αὐτὸν</span> <span class='ocrx_word' id='word_1_448' title='bbox 3655 3335 3808 3406; x_wconf 79' lang='grc' dir='ltr'>μετὰ</span> <span class='ocrx_word' id='word_1_449' title='bbox 3853 3336 3910 3388; x_wconf 71' lang='grc' dir='ltr'>τὸ</span> 
     </span>
    </p>
   </div>
   <div class='ocr_carea' id='block_1_80' title="bbox 2243 3420 3910 3503">
    <p class='ocr_par' dir='ltr' id='par_1_80' title="bbox 2243 3420 3910 3503">
     <span class='ocr_line' id='line_1_80' title="bbox 2243 3420 3910 3503; baseline -0.005 -19"><span class='ocrx_word' id='word_1_450' title='bbox 2243 3432 2472 3503; x_wconf 77' lang='grc' dir='ltr'>ταφῆναι</span> <span class='ocrx_word' id='word_1_451' title='bbox 2535 3427 2609 3488; x_wconf 79' lang='grc' dir='ltr'>εἷς</span> <span class='ocrx_word' id='word_1_452' title='bbox 2667 3426 2794 3490; x_wconf 73' lang='grc' dir='ltr'>τοὺς</span> <span class='ocrx_word' id='word_1_453' title='bbox 2843 3427 3060 3502; x_wconf 80' lang='grc' dir='ltr'>Ἃγίους</span> <span class='ocrx_word' id='word_1_454' title='bbox 3112 3420 3522 3492; x_wconf 84' lang='grc' dir='ltr'>Ἀποστόλους,</span> <span class='ocrx_word' id='word_1_455' title='bbox 3584 3425 3910 3496; x_wconf 50' lang='grc' dir='ltr'>μεθημᾷεαν</span> 
     </span>
    </p>
   </div>
   <div class='ocr_carea' id='block_1_81' title="bbox 2250 3513 3904 3591">
    <p class='ocr_par' dir='ltr' id='par_1_81' title="bbox 2250 3513 3904 3591">
     <span class='ocr_line' id='line_1_81' title="bbox 2250 3513 3904 3591; baseline -0.002 -22"><span class='ocrx_word' id='word_1_456' title='bbox 2250 3519 2401 3591; x_wconf 79' lang='grc' dir='ltr'>βοᾷν·</span> <span class='ocrx_word' id='word_1_457' title='bbox 2490 3515 2785 3585; x_wconf 74' lang='grc' dir='ltr'>Ελεήσατε,</span> <span class='ocrx_word' id='word_1_458' title='bbox 2882 3514 3158 3584; x_wconf 73' lang='grc' dir='ltr'>ἐλεήσατε,</span> <span class='ocrx_word' id='word_1_459' title='bbox 3242 3514 3332 3569; x_wconf 79' lang='grc' dir='ltr'>γαὶ</span> <span class='ocrx_word' id='word_1_460' title='bbox 3421 3513 3685 3583; x_wconf 78' lang='grc' dir='ltr'>ἀνοίξατε.</span> <span class='ocrx_word' id='word_1_461' title='bbox 3786 3518 3904 3565; x_wconf 76' lang='grc' dir='ltr'>Τῶν</span> 
     </span>
    </p>
   </div>
   <div class='ocr_carea' id='block_1_82' title="bbox 2249 3595 3902 3678">
    <p class='ocr_par' dir='ltr' id='par_1_82' title="bbox 2249 3595 3902 3678">
     <span class='ocr_line' id='line_1_82' title="bbox 2249 3595 3902 3678; baseline -0.003 -20"><span class='ocrx_word' id='word_1_462' title='bbox 2249 3604 2646 3678; x_wconf 75' lang='grc' dir='ltr'>μνημοραλίων</span> <span class='ocrx_word' id='word_1_463' title='bbox 2710 3601 2767 3657; x_wconf 70' lang='grc' dir='ltr'>δὲ</span> <span class='ocrx_word' id='word_1_464' title='bbox 2818 3602 3078 3658; x_wconf 81' lang='grc' dir='ltr'>εἰπόντων</span> <span class='ocrx_word' id='word_1_465' title='bbox 3113 3603 3197 3656; x_wconf 74' lang='grc' dir='ltr'>ὃτι</span> <span class='ocrx_word' id='word_1_466' title='bbox 3228 3600 3396 3663; x_wconf 63' lang='grc' dir='ltr'>ἄλλος</span> <span class='ocrx_word' id='word_1_467' title='bbox 3435 3600 3735 3676; x_wconf 71' lang='grc' dir='ltr'>βασιλεύει,</span> <span class='ocrx_word' id='word_1_468' title='bbox 3773 3595 3902 3676; x_wconf 58' lang='grc' dir='ltr'>ἔφη*</span> 
     </span>
    </p>
   </div>
   <div class='ocr_carea' id='block_1_83' title="bbox 2243 3688 3904 3767">
    <p class='ocr_par' dir='ltr' id='par_1_83' title="bbox 2243 3688 3904 3767">
     <span class='ocr_line' id='line_1_83' title="bbox 2243 3688 3904 3767; baseline -0.004 -20"><span class='ocrx_word' id='word_1_469' title='bbox 2243 3693 2404 3749; x_wconf 73' lang='grc' dir='ltr'>Οὐδέν</span> <span class='ocrx_word' id='word_1_470' title='bbox 2428 3715 2519 3767; x_wconf 89' lang='grc' dir='ltr'>μοι</span> <span class='ocrx_word' id='word_1_471' title='bbox 2581 3691 2755 3764; x_wconf 73' lang='grc' dir='ltr'>μέλει,</span> <span class='ocrx_word' id='word_1_472' title='bbox 2809 3692 2882 3754; x_wconf 77' lang='grc' dir='ltr'>εἰς</span> <span class='ocrx_word' id='word_1_473' title='bbox 2953 3694 3310 3766; x_wconf 77' lang='grc' dir='ltr'>μοναστήριον</span> <span class='ocrx_word' id='word_1_474' title='bbox 3376 3690 3601 3765; x_wconf 78' lang='grc' dir='ltr'>ὑπάγετέ</span> <span class='ocrx_word' id='word_1_475' title='bbox 3659 3709 3750 3763; x_wconf 84' lang='grc' dir='ltr'>με,</span> <span class='ocrx_word' id='word_1_476' title='bbox 3816 3688 3904 3743; x_wconf 78' lang='grc' dir='ltr'>καέ</span> 
     </span>
    </p>
   </div>
   <div class='ocr_carea' id='block_1_84' title="bbox 2243 3777 3903 3855">
    <p class='ocr_par' dir='ltr' id='par_1_84' title="bbox 2243 3777 3903 3855">
     <span class='ocr_line' id='line_1_84' title="bbox 2243 3777 3903 3855; baseline -0.006 -17"><span class='ocrx_word' id='word_1_477' title='bbox 2243 3786 2507 3852; x_wconf 69' lang='grc' dir='ltr'>ποιήσατε</span> <span class='ocrx_word' id='word_1_478' title='bbox 2569 3803 2634 3853; x_wconf 84' lang='grc' dir='ltr'>με</span> <span class='ocrx_word' id='word_1_479' title='bbox 2698 3781 2962 3855; x_wconf 88' lang='grc' dir='ltr'>μοναχόν.</span> <span class='ocrx_word' id='word_1_480' title='bbox 3005 3783 3066 3834; x_wconf 74' lang='grc' dir='ltr'>Οἱ</span> <span class='ocrx_word' id='word_1_481' title='bbox 3127 3778 3183 3835; x_wconf 72' lang='grc' dir='ltr'>δὲ</span> <span class='ocrx_word' id='word_1_482' title='bbox 3238 3777 3414 3834; x_wconf 61' lang='grc' dir='ltr'>εἴασαν</span> <span class='ocrx_word' id='word_1_483' title='bbox 3450 3779 3633 3834; x_wconf 74' lang='grc' dir='ltr'>αὐτόν.</span> <span class='ocrx_word' id='word_1_484' title='bbox 3669 3777 3903 3852; x_wconf 68' lang='grc' dir='ltr'>Λέγεται</span> 
     </span>
    </p>
   </div>
   <div class='ocr_carea' id='block_1_85' title="bbox 2247 3870 3900 3947">
    <p class='ocr_par' dir='ltr' id='par_1_85' title="bbox 2247 3870 3900 3947">
     <span class='ocr_line' id='line_1_85' title="bbox 2247 3870 3900 3947; baseline -0.004 -18"><span class='ocrx_word' id='word_1_485' title='bbox 2247 3873 2378 3947; x_wconf 79' lang='grc' dir='ltr'>μετά</span> <span class='ocrx_word' id='word_1_486' title='bbox 2424 3894 2542 3926; x_wconf 84' lang='grc' dir='ltr'>τινα</span> <span class='ocrx_word' id='word_1_487' title='bbox 2600 3873 2799 3947; x_wconf 84' lang='grc' dir='ltr'>χρόνον</span> <span class='ocrx_word' id='word_1_488' title='bbox 2853 3872 2914 3925; x_wconf 88' lang='grc' dir='ltr'>τὸ</span> <span class='ocrx_word' id='word_1_489' title='bbox 2972 3878 3163 3944; x_wconf 82' lang='grc' dir='ltr'>μνῆμα</span> <span class='ocrx_word' id='word_1_490' title='bbox 3218 3871 3384 3925; x_wconf 60' lang='grc' dir='ltr'>αὖ»νοῦ</span> <span class='ocrx_word' id='word_1_491' title='bbox 3441 3870 3758 3944; x_wconf 77' lang='grc' dir='ltr'>ἀνοιγῆναι,</span> <span class='ocrx_word' id='word_1_492' title='bbox 3814 3871 3900 3922; x_wconf 73' lang='grc' dir='ltr'>καὶ</span> 
     </span>
    </p>
   </div>
   <div class='ocr_carea' id='block_1_86' title="bbox 2243 3960 3902 4039">
    <p class='ocr_par' dir='ltr' id='par_1_86' title="bbox 2243 3960 3902 4039">
     <span class='ocr_line' id='line_1_86' title="bbox 2243 3960 3902 4039; baseline -0.005 -21"><span class='ocrx_word' id='word_1_493' title='bbox 2243 3963 2522 4039; x_wconf 75' lang='grc' dir='ltr'>εὑρεθῆναι</span> <span class='ocrx_word' id='word_1_494' title='bbox 2556 3962 2714 4016; x_wconf 76' lang='grc' dir='ltr'>αὐτὸν</span> <span class='ocrx_word' id='word_1_495' title='bbox 2743 3961 2981 4039; x_wconf 73' lang='grc' dir='ltr'>φαγόντα</span> <span class='ocrx_word' id='word_1_496' title='bbox 3010 3961 3136 4023; x_wconf 78' lang='grc' dir='ltr'>τοὺς</span> <span class='ocrx_word' id='word_1_497' title='bbox 3167 3961 3462 4036; x_wconf 72' lang='grc' dir='ltr'>βραχίονας</span> <span class='ocrx_word' id='word_1_498' title='bbox 3495 3960 3680 4028; x_wconf 75' lang='grc' dir='ltr'>αὐτοῦ,</span> <span class='ocrx_word' id='word_1_499' title='bbox 3707 3960 3808 4012; x_wconf 75' lang='grc' dir='ltr'>καὶ</span> <span class='ocrx_word' id='word_1_500' title='bbox 3841 3960 3902 4012; x_wconf 72' lang='lat' dir='ltr'>ti</span> 
     </span>
    </p>
   </div>
   <div class='ocr_carea' id='block_1_87' title="bbox 2241 4047 3906 4128">
    <p class='ocr_par' dir='ltr' id='par_1_87' title="bbox 2241 4047 3906 4128">
     <span class='ocr_line' id='line_1_87' title="bbox 2241 4047 3906 4128; baseline -0.004 -21"><span class='ocrx_word' id='word_1_501' title='bbox 2241 4052 2499 4127; x_wconf 75' lang='grc' dir='ltr'>καληγια,</span> <span class='ocrx_word' id='word_1_502' title='bbox 2531 4049 2562 4104; x_wconf 81' lang='grc' dir='ltr'>ἃ</span> <span class='ocrx_word' id='word_1_503' title='bbox 2593 4049 2791 4128; x_wconf 69' lang='grc' dir='ltr'>ἐφόρει·</span> <span class='ocrx_word' id='word_1_504' title='bbox 2824 4048 3009 4125; x_wconf 77' lang='grc' dir='ltr'>ἔκραξε</span> <span class='ocrx_word' id='word_1_505' title='bbox 3041 4047 3098 4104; x_wconf 73' lang='grc' dir='ltr'>δὲ</span> <span class='ocrx_word' id='word_1_506' title='bbox 3141 4048 3413 4123; x_wconf 74' lang='grc' dir='ltr'>μεγάλως·</span> <span class='ocrx_word' id='word_1_507' title='bbox 3468 4051 3533 4102; x_wconf 82' lang='grc' dir='ltr'>Ὤ</span> <span class='ocrx_word' id='word_1_508' title='bbox 3579 4048 3764 4115; x_wconf 65' lang='lat' dir='ltr'>Mdu,</span> <span class='ocrx_word' id='word_1_509' title='bbox 3802 4047 3906 4100; x_wconf 73' lang='grc' dir='ltr'>ὑπό</span> 
     </span>
    </p>
   </div>
   <div class='ocr_carea' id='block_1_88' title="bbox 2239 4133 3902 4214">
    <p class='ocr_par' dir='ltr' id='par_1_88' title="bbox 2239 4133 3902 4214">
     <span class='ocr_line' id='line_1_88' title="bbox 2239 4133 3902 4214; baseline -0.005 -18"><span class='ocrx_word' id='word_1_510' title='bbox 2239 4148 2338 4210; x_wconf 76' lang='grc' dir='ltr'>τῆς</span> <span class='ocrx_word' id='word_1_511' title='bbox 2371 4138 2533 4213; x_wconf 67' lang='grc' dir='ltr'>αὔρας</span> <span class='ocrx_word' id='word_1_512' title='bbox 2566 4138 2904 4211; x_wconf 77' lang='grc' dir='ltr'>ἀπόλλυμαι.</span> <span class='ocrx_word' id='word_1_513' title='bbox 2941 4145 3049 4207; x_wconf 82' lang='grc' dir='ltr'>Τῆς</span> <span class='ocrx_word' id='word_1_514' title='bbox 3091 4135 3148 4192; x_wconf 78' lang='grc' dir='ltr'>δὲ</span> <span class='ocrx_word' id='word_1_515' title='bbox 3177 4145 3361 4214; x_wconf 70' lang='grc' dir='ltr'>φωνῆς</span> <span class='ocrx_word' id='word_1_516' title='bbox 3403 4136 3604 4205; x_wconf 70' lang='grc' dir='ltr'>ταύτης</span> <span class='ocrx_word' id='word_1_517' title='bbox 3656 4133 3902 4204; x_wconf 66' lang='grc' dir='ltr'>ἤκουσαν</span> 
     </span>
    </p>
   </div>
   <div class='ocr_carea' id='block_1_89' title="bbox 2241 4224 3902 4303">
    <p class='ocr_par' dir='ltr' id='par_1_89' title="bbox 2241 4224 3902 4303">
     <span class='ocr_line' id='line_1_89' title="bbox 2241 4224 3902 4303; baseline -0.004 -18"><span class='ocrx_word' id='word_1_518' title='bbox 2241 4251 2380 4293; x_wconf 63' lang='grc' dir='ltr'>ττνες</span> <span class='ocrx_word' id='word_1_519' title='bbox 2402 4234 2508 4284; x_wconf 83' lang='grc' dir='ltr'>τῶν</span> <span class='ocrx_word' id='word_1_520' title='bbox 2569 4229 2863 4303; x_wconf 77' lang='grc' dir='ltr'>ἀνθρώπων</span> <span class='ocrx_word' id='word_1_521' title='bbox 2923 4227 3107 4297; x_wconf 75' lang='grc' dir='ltr'>αὐτοῦ,</span> <span class='ocrx_word' id='word_1_522' title='bbox 3142 4227 3230 4282; x_wconf 75' lang='grc' dir='ltr'>καὶ</span> <span class='ocrx_word' id='word_1_523' title='bbox 3265 4224 3353 4281; x_wconf 72' lang='grc' dir='ltr'>διὰ</span> <span class='ocrx_word' id='word_1_524' title='bbox 3389 4231 3551 4281; x_wconf 72' lang='grc' dir='ltr'>τοῦτο</span> <span class='ocrx_word' id='word_1_525' title='bbox 3602 4224 3822 4295; x_wconf 72' lang='grc' dir='ltr'>ἐκλήθη</span> <span class='ocrx_word' id='word_1_526' title='bbox 3876 4227 3902 4279; x_wconf 78' lang='grc' dir='ltr'>ὁ</span> 
     </span>
    </p>
   </div>
   <div class='ocr_carea' id='block_1_90' title="bbox 2240 4313 3907 4394">
    <p class='ocr_par' dir='ltr' id='par_1_90' title="bbox 2240 4313 3907 4394">
     <span class='ocr_line' id='line_1_90' title="bbox 2240 4313 3907 4394; baseline -0.004 -21"><span class='ocrx_word' id='word_1_527' title='bbox 2240 4317 2524 4394; x_wconf 83' lang='grc' dir='ltr'>Τρίκλινος</span> <span class='ocrx_word' id='word_1_528' title='bbox 2557 4317 2720 4372; x_wconf 78' lang='grc' dir='ltr'>αὐτοῦ</span> <span class='ocrx_word' id='word_1_529' title='bbox 2769 4320 3083 4393; x_wconf 76' lang='grc' dir='ltr'>Μαγναῦρα,</span> <span class='ocrx_word' id='word_1_530' title='bbox 3123 4317 3229 4371; x_wconf 84' lang='grc' dir='ltr'>ἀπὸ</span> <span class='ocrx_word' id='word_1_531' title='bbox 3259 4322 3366 4371; x_wconf 80' lang='grc' dir='ltr'>τῶν</span> <span class='ocrx_word' id='word_1_532' title='bbox 3408 4313 3562 4371; x_wconf 74' lang='grc' dir='ltr'>Μάνα</span> <span class='ocrx_word' id='word_1_533' title='bbox 3609 4315 3703 4369; x_wconf 78' lang='grc' dir='ltr'>καὶ</span> <span class='ocrx_word' id='word_1_534' title='bbox 3769 4313 3907 4388; x_wconf 73' lang='grc' dir='ltr'>αὖρα</span> 
     </span>
    </p>
   </div>
   <div class='ocr_carea' id='block_1_91' title="bbox 2239 4406 2554 4482">
    <p class='ocr_par' dir='ltr' id='par_1_91' title="bbox 2239 4406 2554 4482">
     <span class='ocr_line' id='line_1_91' title="bbox 2239 4406 2554 4482; baseline 0.006 -20"><span class='ocrx_word' id='word_1_535' title='bbox 2239 4413 2335 4462; x_wconf 74' lang='grc' dir='ltr'>τοῦ</span> <span class='ocrx_word' id='word_1_536' title='bbox 2365 4406 2554 4482; x_wconf 81' lang='grc' dir='ltr'>πυρός.</span> 
     </span>
    </p>
   </div>
   <div class='ocr_carea' id='block_1_92' title="bbox 2598 4492 3533 4571">
    <p class='ocr_par' dir='ltr' id='par_1_92' title="bbox 2598 4492 3533 4571">
     <span class='ocr_line' id='line_1_92' title="bbox 2598 4492 3533 4571; baseline 0.001 -23"><span class='ocrx_word' id='word_1_537' title='bbox 2598 4497 2728 4571; x_wconf 81' lang='grc' dir='ltr'>Περὶ</span> <span class='ocrx_word' id='word_1_538' title='bbox 2760 4495 2849 4549; x_wconf 89' lang='grc' dir='ltr'>τὸν</span> <span class='ocrx_word' id='word_1_539' title='bbox 2887 4499 3121 4570; x_wconf 75' lang='grc' dir='ltr'>Σωτῆρα</span> <span class='ocrx_word' id='word_1_540' title='bbox 3161 4502 3260 4564; x_wconf 79' lang='grc' dir='ltr'>τῆς</span> <span class='ocrx_word' id='word_1_541' title='bbox 3293 4492 3533 4563; x_wconf 77' lang='grc' dir='ltr'>Χαλκῆς.</span> 
     </span>
    </p>
   </div>
   <div class='ocr_carea' id='block_1_93' title="bbox 2312 4582 3899 4658">
    <p class='ocr_par' dir='ltr' id='par_1_93' title="bbox 2312 4582 3899 4658">
     <span class='ocr_line' id='line_1_93' title="bbox 2312 4582 3899 4658; baseline -0.004 -16"><span class='ocrx_word' id='word_1_542' title='bbox 2312 4586 2415 4642; x_wconf 88' lang='grc' dir='ltr'>Τὸν</span> <span class='ocrx_word' id='word_1_543' title='bbox 2472 4583 2527 4639; x_wconf 75' lang='grc' dir='ltr'>δὲ</span> <span class='ocrx_word' id='word_1_544' title='bbox 2586 4591 2817 4658; x_wconf 74' lang='grc' dir='ltr'>Σωτῆρα</span> <span class='ocrx_word' id='word_1_545' title='bbox 2874 4583 2950 4646; x_wconf 72' lang='grc' dir='ltr'>εἷς</span> <span class='ocrx_word' id='word_1_546' title='bbox 3006 4585 3106 4653; x_wconf 81' lang='grc' dir='ltr'>τήν</span> <span class='ocrx_word' id='word_1_547' title='bbox 3165 4582 3389 4651; x_wconf 82' lang='grc' dir='ltr'>Χαλκὴν</span> <span class='ocrx_word' id='word_1_548' title='bbox 3452 4584 3705 4658; x_wconf 74' lang='grc' dir='ltr'>ἀνήγειρε</span> <span class='ocrx_word' id='word_1_549' title='bbox 3765 4585 3899 4636; x_wconf 81' lang='grc' dir='ltr'>Ῥω-</span> 
     </span>
    </p>
   </div>
   <div class='ocr_carea' id='block_1_94' title="bbox 481 4650 2130 4748">
    <p class='ocr_par' dir='ltr' id='par_1_94' title="bbox 481 4671 2130 4746">
     <span class='ocr_line' id='line_1_94' title="bbox 481 4671 2130 4746; baseline 0.002 -21"><span class='ocrx_word' id='word_1_550' title='bbox 481 4687 594 4726; x_wconf 90' lang='lat' dir='ltr'>nus</span> <span class='ocrx_word' id='word_1_551' title='bbox 624 4671 840 4740; x_wconf 89' lang='lat' dir='ltr'>senior,</span> <span class='ocrx_word' id='word_1_552' title='bbox 874 4671 1064 4742; x_wconf 88' lang='lat' dir='ltr'>altari,</span> <span class='ocrx_word' id='word_1_553' title='bbox 1105 4689 1220 4746; x_wconf 92' lang='lat' dir='ltr'>quo</span> <span class='ocrx_word' id='word_1_554' title='bbox 1270 4678 1437 4745; x_wconf 91' lang='lat' dir='ltr'>pacto</span> <span class='ocrx_word' id='word_1_555' title='bbox 1464 4675 1587 4744; x_wconf 83' lang='lat' dir='ltr'>jam</span> <span class='ocrx_word' id='word_1_556' title='bbox 1641 4673 1866 4743; x_wconf 85' lang='lat' dir='ltr'>visitur,</span> <span class='ocrx_word' id='word_1_557' title='bbox 1902 4675 2130 4730; x_wconf 89' lang='lat' dir='ltr'>duabus</span> 
     </span>
    </p>
   </div>
   <div class='ocr_carea' id='block_1_95' title="bbox 2251 4650 3895 4748">
    <p class='ocr_par' dir='ltr' id='par_1_95' title="bbox 2251 4669 3895 4748">
     <span class='ocr_line' id='line_1_95' title="bbox 2251 4669 3895 4748; baseline -0.004 -20"><span class='ocrx_word' id='word_1_558' title='bbox 2251 4675 2408 4747; x_wconf 79' lang='grc' dir='ltr'>μανὸς</span> <span class='ocrx_word' id='word_1_559' title='bbox 2468 4674 2494 4727; x_wconf 88' lang='grc' dir='ltr'>ὁ</span> <span class='ocrx_word' id='word_1_560' title='bbox 2545 4672 2714 4748; x_wconf 69' lang='grc' dir='ltr'>γέρων</span> <span class='ocrx_word' id='word_1_561' title='bbox 2765 4673 2867 4727; x_wconf 84' lang='grc' dir='ltr'>ὑπὸ</span> <span class='ocrx_word' id='word_1_562' title='bbox 2897 4672 3192 4748; x_wconf 76' lang='grc' dir='ltr'>στυρακίων</span> <span class='ocrx_word' id='word_1_563' title='bbox 3253 4675 3460 4745; x_wconf 78' lang='grc' dir='ltr'>μικρῶν</span> <span class='ocrx_word' id='word_1_564' title='bbox 3521 4669 3639 4739; x_wconf 70' lang='grc' dir='ltr'>δύο,</span> <span class='ocrx_word' id='word_1_565' title='bbox 3677 4672 3752 4731; x_wconf 80' lang='grc' dir='ltr'>ὡς</span> <span class='ocrx_word' id='word_1_566' title='bbox 3786 4669 3895 4725; x_wconf 76' lang='grc' dir='ltr'>ἔστι</span> 
     </span>
    </p>
   </div>
   <div class='ocr_carea' id='block_1_96' title="bbox 481 4758 2129 4819">
    <p class='ocr_par' dir='ltr' id='par_1_96' title="bbox 481 4758 2129 4819">
     <span class='ocr_line' id='line_1_96' title="bbox 481 4758 2129 4819; baseline 0.003 -5"><span class='ocrx_word' id='word_1_567' title='bbox 481 4758 810 4816; x_wconf 88' lang='lat' dir='ltr'>columellis</span> <span class='ocrx_word' id='word_1_568' title='bbox 851 4759 1141 4817; x_wconf 88' lang='lat' dir='ltr'>instructo</span> <span class='ocrx_word' id='word_1_569' title='bbox 1178 4780 1190 4816; x_wconf 89' lang='lat'>:</span> <span class='ocrx_word' id='word_1_570' title='bbox 1225 4762 1515 4818; x_wconf 85' lang='lat' dir='ltr'>institutis</span> <span class='ocrx_word' id='word_1_571' title='bbox 1573 4762 1786 4818; x_wconf 87' lang='lat' dir='ltr'>ibidem</span> <span class='ocrx_word' id='word_1_572' title='bbox 1823 4763 2129 4819; x_wconf 80' lang='lat' dir='ltr'>duodecim</span> 
     </span>
    </p>
   </div>
   <div class='ocr_carea' id='block_1_97' title="bbox 479 4846 2129 4921">
    <p class='ocr_par' dir='ltr' id='par_1_97' title="bbox 479 4846 2129 4921">
     <span class='ocr_line' id='line_1_97' title="bbox 479 4846 2129 4921; baseline 0.003 -19"><span class='ocrx_word' id='word_1_573' title='bbox 479 4846 726 4905; x_wconf 89' lang='lat' dir='ltr'>clericis.</span> <span class='ocrx_word' id='word_1_574' title='bbox 774 4851 1031 4905; x_wconf 87' lang='lat' dir='ltr'>Joannes</span> <span class='ocrx_word' id='word_1_575' title='bbox 1068 4867 1202 4906; x_wconf 87' lang='lat' dir='ltr'>vero</span> <span class='ocrx_word' id='word_1_576' title='bbox 1249 4853 1521 4906; x_wconf 87' lang='lat' dir='ltr'>Zimisces</span> <span class='ocrx_word' id='word_1_577' title='bbox 1575 4853 1766 4921; x_wconf 89' lang='lat' dir='ltr'>ipsum</span> <span class='ocrx_word' id='word_1_578' title='bbox 1819 4852 2129 4907; x_wconf 88' lang='lat' dir='ltr'>dilatatum</span> 
     </span>
    </p>
   </div>
   <div class='ocr_carea' id='block_1_98' title="bbox 475 4939 2132 5012">
    <p class='ocr_par' dir='ltr' id='par_1_98' title="bbox 475 4939 2132 5012">
     <span class='ocr_line' id='line_1_98' title="bbox 475 4939 2132 5012; baseline 0.003 -21"><span class='ocrx_word' id='word_1_579' title='bbox 475 4940 533 4991; x_wconf 89' lang='lat' dir='ltr'>et</span> <span class='ocrx_word' id='word_1_580' title='bbox 564 4939 804 4993; x_wconf 86' lang='lat' dir='ltr'>auctum</span> <span class='ocrx_word' id='word_1_581' title='bbox 836 4955 978 4994; x_wconf 90' lang='lat' dir='ltr'>auro</span> <span class='ocrx_word' id='word_1_582' title='bbox 1023 4945 1080 4994; x_wconf 89' lang='lat' dir='ltr'>et</span> <span class='ocrx_word' id='word_1_583' title='bbox 1112 4944 1354 5011; x_wconf 83' lang='lat' dir='ltr'>argento</span> <span class='ocrx_word' id='word_1_584' title='bbox 1404 4942 1723 5008; x_wconf 82' lang='lat' dir='ltr'>exornavit,</span> <span class='ocrx_word' id='word_1_585' title='bbox 1773 4957 1838 4995; x_wconf 90' lang='lat' dir='ltr'>ac</span> <span class='ocrx_word' id='word_1_586' title='bbox 1893 4940 2132 5012; x_wconf 84' lang='lat' dir='ltr'>triginta</span> 
     </span>
    </p>
   </div>
   <div class='ocr_carea' id='block_1_99' title="bbox 473 5025 2130 5101">
    <p class='ocr_par' dir='ltr' id='par_1_99' title="bbox 473 5025 2130 5101">
     <span class='ocr_line' id='line_1_99' title="bbox 473 5025 2130 5101; baseline 0.004 -21"><span class='ocrx_word' id='word_1_587' title='bbox 473 5041 574 5081; x_wconf 87' lang='lat' dir='ltr'>sex</span> <span class='ocrx_word' id='word_1_588' title='bbox 621 5025 862 5082; x_wconf 85' lang='lat' dir='ltr'>clericos</span> <span class='ocrx_word' id='word_1_589' title='bbox 909 5029 1252 5098; x_wconf 85' lang='lat' dir='ltr'>constituit;</span> <span class='ocrx_word' id='word_1_590' title='bbox 1289 5031 1507 5101; x_wconf 89' lang='lat' dir='ltr'>quibus</span> <span class='ocrx_word' id='word_1_591' title='bbox 1552 5030 1868 5085; x_wconf 87' lang='lat' dir='ltr'>destinavit</span> <span class='ocrx_word' id='word_1_592' title='bbox 1897 5031 2130 5101; x_wconf 88' lang='lat' dir='ltr'>pensio-</span> 
     </span>
    </p>
   </div>
   <div class='ocr_carea' id='block_1_100' title="bbox 474 5117 2124 5191">
    <p class='ocr_par' dir='ltr' id='par_1_100' title="bbox 474 5117 2124 5191">
     <span class='ocr_line' id='line_1_100' title="bbox 474 5117 2124 5191; baseline 0.003 -22"><span class='ocrx_word' id='word_1_593' title='bbox 474 5130 578 5170; x_wconf 88' lang='lat' dir='ltr'>nes</span> <span class='ocrx_word' id='word_1_594' title='bbox 608 5118 665 5170; x_wconf 90' lang='lat' dir='ltr'>et</span> <span class='ocrx_word' id='word_1_595' title='bbox 689 5131 976 5186; x_wconf 88' lang='lat' dir='ltr'>annonas,</span> <span class='ocrx_word' id='word_1_596' title='bbox 1008 5117 1382 5189; x_wconf 85' lang='lat' dir='ltr'>singulisque</span> <span class='ocrx_word' id='word_1_597' title='bbox 1435 5119 1797 5174; x_wconf 88' lang='lat' dir='ltr'>numismata</span> <span class='ocrx_word' id='word_1_598' title='bbox 1839 5119 2078 5191; x_wconf 87' lang='lat' dir='ltr'>triginta</span> <span class='ocrx_word' id='word_1_599' title='bbox 2113 5136 2124 5174; x_wconf 92' lang='lat'><strong>:</strong></span> 
     </span>
    </p>
   </div>
   <div class='ocr_carea' id='block_1_101' title="bbox 469 5207 2126 5279">
    <p class='ocr_par' dir='ltr' id='par_1_101' title="bbox 469 5207 2126 5279">
     <span class='ocr_line' id='line_1_101' title="bbox 469 5207 2126 5279; baseline 0.003 -21"><span class='ocrx_word' id='word_1_600' title='bbox 469 5219 639 5259; x_wconf 82' lang='lat' dir='ltr'>sacra</span> <span class='ocrx_word' id='word_1_601' title='bbox 669 5208 867 5260; x_wconf 88' lang='lat' dir='ltr'>autem</span> <span class='ocrx_word' id='word_1_602' title='bbox 900 5221 1060 5274; x_wconf 86' lang='lat' dir='ltr'>vasa,</span> <span class='ocrx_word' id='word_1_603' title='bbox 1101 5223 1367 5277; x_wconf 88' lang='lat' dir='ltr'>coronas,</span> <span class='ocrx_word' id='word_1_604' title='bbox 1402 5211 1652 5279; x_wconf 84' lang='lat' dir='ltr'>sceptra,</span> <span class='ocrx_word' id='word_1_605' title='bbox 1685 5207 2126 5277; x_wconf 85' lang='lat' dir='ltr'>discos,cande-</span> 
     </span>
    </p>
   </div>
   <div class='ocr_carea' id='block_1_102' title="bbox 471 5290 2126 5368">
    <p class='ocr_par' dir='ltr' id='par_1_102' title="bbox 471 5290 2126 5368">
     <span class='ocr_line' id='line_1_102' title="bbox 471 5290 2126 5368; baseline 0.003 -22"><span class='ocrx_word' id='word_1_606' title='bbox 471 5290 658 5362; x_wconf 87' lang='lat' dir='ltr'>labra,</span> <span class='ocrx_word' id='word_1_607' title='bbox 693 5297 882 5349; x_wconf 89' lang='lat' dir='ltr'>vestes</span> <span class='ocrx_word' id='word_1_608' title='bbox 912 5299 970 5349; x_wconf 90' lang='lat' dir='ltr'>et</span> <span class='ocrx_word' id='word_1_609' title='bbox 1013 5294 1365 5351; x_wconf 89' lang='lat' dir='ltr'>indumenta</span> <span class='ocrx_word' id='word_1_610' title='bbox 1414 5296 1813 5367; x_wconf 87' lang='lat' dir='ltr'>imperatoria,</span> <span class='ocrx_word' id='word_1_611' title='bbox 1847 5313 1976 5368; x_wconf 62' lang='lat' dir='ltr'>quae</span> <span class='ocrx_word' id='word_1_612' title='bbox 2006 5296 2126 5353; x_wconf 89' lang='lat' dir='ltr'>sin-</span> 
     </span>
    </p>
   </div>
   <div class='ocr_carea' id='block_1_103' title="bbox 472 5379 2126 5457">
    <p class='ocr_par' dir='ltr' id='par_1_103' title="bbox 472 5379 2126 5457">
     <span class='ocr_line' id='line_1_103' title="bbox 472 5379 2126 5457; baseline 0.004 -23"><span class='ocrx_word' id='word_1_613' title='bbox 472 5379 664 5450; x_wconf 86' lang='lat' dir='ltr'>gulari</span> <span class='ocrx_word' id='word_1_614' title='bbox 688 5381 822 5452; x_wconf 91' lang='lat' dir='ltr'>jure</span> <span class='ocrx_word' id='word_1_615' title='bbox 857 5383 1217 5454; x_wconf 90' lang='lat' dir='ltr'>possidebat,</span> <span class='ocrx_word' id='word_1_616' title='bbox 1250 5385 1467 5457; x_wconf 90' lang='lat' dir='ltr'>templo</span> <span class='ocrx_word' id='word_1_617' title='bbox 1519 5385 1776 5441; x_wconf 87' lang='lat' dir='ltr'>donavit.</span> <span class='ocrx_word' id='word_1_618' title='bbox 1811 5383 2126 5440; x_wconf 87' lang='lat' dir='ltr'>Similiter-</span> 
     </span>
    </p>
   </div>
   <div class='ocr_carea' id='block_1_104' title="bbox 473 5469 2126 5546">
    <p class='ocr_par' dir='ltr' id='par_1_104' title="bbox 473 5469 2126 5546">
     <span class='ocr_line' id='line_1_104' title="bbox 473 5469 2126 5546; baseline 0.004 -24"><span class='ocrx_word' id='word_1_619' title='bbox 473 5484 586 5539; x_wconf 89' lang='lat' dir='ltr'>que</span> <span class='ocrx_word' id='word_1_620' title='bbox 642 5469 969 5527; x_wconf 90' lang='lat' dir='ltr'>immobilia</span> <span class='ocrx_word' id='word_1_621' title='bbox 1030 5473 1184 5529; x_wconf 89' lang='lat' dir='ltr'>bona</span> <span class='ocrx_word' id='word_1_622' title='bbox 1235 5491 1343 5529; x_wconf 89' lang='lat' dir='ltr'>sua</span> <span class='ocrx_word' id='word_1_623' title='bbox 1402 5474 1515 5546; x_wconf 89' lang='lat' dir='ltr'>ipsi</span> <span class='ocrx_word' id='word_1_624' title='bbox 1575 5473 1957 5530; x_wconf 89' lang='lat' dir='ltr'>consecravit.</span> <span class='ocrx_word' id='word_1_625' title='bbox 2004 5475 2126 5540; x_wconf 84' lang='lat' dir='ltr'>Quo</span> 
     </span>
    </p>
   </div>
   <div class='ocr_carea' id='block_1_105' title="bbox 475 5556 2127 5633">
    <p class='ocr_par' dir='ltr' id='par_1_105' title="bbox 475 5556 2127 5633">
     <span class='ocr_line' id='line_1_105' title="bbox 475 5556 2127 5633; baseline 0.003 -22"><span class='ocrx_word' id='word_1_626' title='bbox 475 5556 651 5612; x_wconf 88' lang='lat' dir='ltr'>etiam</span> <span class='ocrx_word' id='word_1_627' title='bbox 684 5574 753 5613; x_wconf 85' lang='lat' dir='ltr'>ex</span> <span class='ocrx_word' id='word_1_628' title='bbox 796 5558 1005 5615; x_wconf 87' lang='lat' dir='ltr'>bellica</span> <span class='ocrx_word' id='word_1_629' title='bbox 1029 5562 1396 5633; x_wconf 85' lang='lat' dir='ltr'>expeditione</span> <span class='ocrx_word' id='word_1_630' title='bbox 1437 5564 1648 5618; x_wconf 89' lang='lat' dir='ltr'>detulit</span> <span class='ocrx_word' id='word_1_631' title='bbox 1675 5580 1900 5619; x_wconf 88' lang='lat' dir='ltr'>sacram</span> <span class='ocrx_word' id='word_1_632' title='bbox 1935 5562 2127 5617; x_wconf 88' lang='lat' dir='ltr'>cruci-</span> 
     </span>
    </p>
   </div>
   <div class='ocr_carea' id='block_1_106' title="bbox 477 5643 2128 5724">
    <p class='ocr_par' dir='ltr' id='par_1_106' title="bbox 477 5643 2128 5724">
     <span class='ocr_line' id='line_1_106' title="bbox 477 5643 2128 5724; baseline 0.006 -27"><span class='ocrx_word' id='word_1_633' title='bbox 477 5643 574 5698; x_wconf 83' lang='lat' dir='ltr'>ﬂxi</span> <span class='ocrx_word' id='word_1_634' title='bbox 613 5645 830 5701; x_wconf 88' lang='lat' dir='ltr'>Christi</span> <span class='ocrx_word' id='word_1_635' title='bbox 870 5647 1248 5720; x_wconf 80' lang='lat' dir='ltr'>Berytensem</span> <span class='ocrx_word' id='word_1_636' title='bbox 1289 5652 1626 5724; x_wconf 87' lang='lat' dir='ltr'>imaginem,</span> <span class='ocrx_word' id='word_1_637' title='bbox 1657 5657 1714 5709; x_wconf 88' lang='lat' dir='ltr'>et</span> <span class='ocrx_word' id='word_1_638' title='bbox 1738 5656 1941 5710; x_wconf 87' lang='lat' dir='ltr'>sancta</span> <span class='ocrx_word' id='word_1_639' title='bbox 1971 5651 2128 5708; x_wconf 84' lang='lat' dir='ltr'>Chri-</span> 
     </span>
    </p>
   </div>
   <div class='ocr_carea' id='block_1_107' title="bbox 476 5729 2124 5814">
    <p class='ocr_par' dir='ltr' id='par_1_107' title="bbox 476 5729 2124 5814">
     <span class='ocr_line' id='line_1_107' title="bbox 476 5729 2124 5814; baseline 0.008 -29"><span class='ocrx_word' id='word_1_640' title='bbox 476 5731 552 5786; x_wconf 77' lang='lat' dir='ltr'>sti</span> <span class='ocrx_word' id='word_1_641' title='bbox 573 5737 630 5788; x_wconf 80' lang='lat' dir='ltr'>et</span> <span class='ocrx_word' id='word_1_642' title='bbox 657 5729 760 5788; x_wconf 83' lang='lat' dir='ltr'>Dei</span> <span class='ocrx_word' id='word_1_643' title='bbox 791 5734 979 5791; x_wconf 79' lang='lat' dir='ltr'>nostri</span> <span class='ocrx_word' id='word_1_644' title='bbox 1026 5737 1316 5810; x_wconf 72' lang='lat' dir='ltr'>laudatis,</span> <span class='ocrx_word' id='word_1_645' title='bbox 1343 5738 1404 5796; x_wconf 89' lang='lat' dir='ltr'>in</span> <span class='ocrx_word' id='word_1_646' title='bbox 1436 5738 1608 5798; x_wconf 85' lang='lat' dir='ltr'>theca</span> <span class='ocrx_word' id='word_1_647' title='bbox 1652 5757 1795 5798; x_wconf 87' lang='lat' dir='ltr'>auro</span> <span class='ocrx_word' id='word_1_648' title='bbox 1823 5747 1880 5798; x_wconf 87' lang='lat' dir='ltr'>et</span> <span class='ocrx_word' id='word_1_649' title='bbox 1909 5741 2124 5814; x_wconf 87' lang='lat' dir='ltr'>pretio-</span> 
     </span>
    </p>
   </div>
   <div class='ocr_carea' id='block_1_108' title="bbox 2242 4760 3898 4841">
    <p class='ocr_par' dir='ltr' id='par_1_108' title="bbox 2242 4760 3898 4841">
     <span class='ocr_line' id='line_1_108' title="bbox 2242 4760 3898 4841; baseline -0.003 -23"><span class='ocrx_word' id='word_1_650' title='bbox 2242 4763 2590 4841; x_wconf 79' lang='grc' dir='ltr'>φαινόμενον,</span> <span class='ocrx_word' id='word_1_651' title='bbox 2640 4762 2701 4816; x_wconf 82' lang='grc' dir='ltr'>τὸ</span> <span class='ocrx_word' id='word_1_652' title='bbox 2735 4764 3138 4836; x_wconf 74' lang='grc' dir='ltr'>θυσιαστήριον,</span> <span class='ocrx_word' id='word_1_653' title='bbox 3190 4762 3420 4830; x_wconf 72' lang='grc' dir='ltr'>ποιήσας</span> <span class='ocrx_word' id='word_1_654' title='bbox 3450 4761 3541 4814; x_wconf 83' lang='grc' dir='ltr'>καὶ</span> <span class='ocrx_word' id='word_1_655' title='bbox 3588 4760 3898 4834; x_wconf 71' lang='grc' dir='ltr'>κληρικους</span> 
     </span>
    </p>
   </div>
   <div class='ocr_carea' id='block_1_109' title="bbox 2244 4847 3892 4928">
    <p class='ocr_par' dir='ltr' id='par_1_109' title="bbox 2244 4847 3892 4928">
     <span class='ocr_line' id='line_1_109' title="bbox 2244 4847 3892 4928; baseline -0.012 -9"><span class='ocrx_word' id='word_1_656' title='bbox 2244 4853 2400 4928; x_wconf 76' lang='grc' dir='ltr'>ιβ’-Ὀ</span> <span class='ocrx_word' id='word_1_657' title='bbox 2432 4848 2488 4906; x_wconf 59' lang='grc' dir='ltr'>δὲ</span> <span class='ocrx_word' id='word_1_658' title='bbox 2519 4850 2770 4920; x_wconf 75' lang='grc' dir='ltr'>Ἰωάννης</span> <span class='ocrx_word' id='word_1_659' title='bbox 2805 4851 2832 4904; x_wconf 86' lang='grc' dir='ltr'>ὁ</span> <span class='ocrx_word' id='word_1_660' title='bbox 2858 4851 3167 4923; x_wconf 85' lang='grc' dir='ltr'>Τζιμίσκης</span> <span class='ocrx_word' id='word_1_661' title='bbox 3199 4847 3462 4904; x_wconf 77' lang='grc' dir='ltr'>ἐπλάτυνε</span> <span class='ocrx_word' id='word_1_662' title='bbox 3491 4849 3580 4903; x_wconf 75' lang='grc' dir='ltr'>καὶ</span> <span class='ocrx_word' id='word_1_663' title='bbox 3614 4849 3892 4924; x_wconf 61' lang='grc' dir='ltr'>ἀνήγειρεν</span> 
     </span>
    </p>
   </div>
   <div class='ocr_carea' id='block_1_110' title="bbox 2242 4937 3891 5016">
    <p class='ocr_par' dir='ltr' id='par_1_110' title="bbox 2242 4937 3891 5016">
     <span class='ocr_line' id='line_1_110' title="bbox 2242 4937 3891 5016; baseline -0.002 -20"><span class='ocrx_word' id='word_1_664' title='bbox 2242 4941 2403 4996; x_wconf 76' lang='grc' dir='ltr'>αὑτὸν</span> <span class='ocrx_word' id='word_1_665' title='bbox 2462 4939 2737 5003; x_wconf 85' lang='grc' dir='ltr'>καλλύνας</span> <span class='ocrx_word' id='word_1_666' title='bbox 2800 4939 2859 4994; x_wconf 83' lang='grc' dir='ltr'>ἐκ</span> <span class='ocrx_word' id='word_1_667' title='bbox 2915 4941 3149 5016; x_wconf 77' lang='grc' dir='ltr'>’χρυσίου</span> <span class='ocrx_word' id='word_1_668' title='bbox 3205 4939 3293 4993; x_wconf 82' lang='grc' dir='ltr'>καὶ</span> <span class='ocrx_word' id='word_1_669' title='bbox 3351 4937 3590 5012; x_wconf 79' lang='grc' dir='ltr'>ἀὸγύρου</span> <span class='ocrx_word' id='word_1_670' title='bbox 3650 4937 3891 4993; x_wconf 70' lang='grc' dir='ltr'>πολλοῦ-</span> 
     </span>
    </p>
   </div>
   <div class='ocr_carea' id='block_1_111' title="bbox 2239 5026 3895 5104">
    <p class='ocr_par' dir='ltr' id='par_1_111' title="bbox 2239 5026 3895 5104">
     <span class='ocr_line' id='line_1_111' title="bbox 2239 5026 3895 5104; baseline -0.002 -20"><span class='ocrx_word' id='word_1_671' title='bbox 2239 5029 2463 5099; x_wconf 78' lang='grc' dir='ltr'>ἐποίησε</span> <span class='ocrx_word' id='word_1_672' title='bbox 2495 5027 2552 5084; x_wconf 73' lang='grc' dir='ltr'>δὲ</span> <span class='ocrx_word' id='word_1_673' title='bbox 2577 5027 2666 5083; x_wconf 84' lang='grc' dir='ltr'>καὶ</span> <span class='ocrx_word' id='word_1_674' title='bbox 2697 5027 2999 5104; x_wconf 73' lang='grc' dir='ltr'>κληρικοὺς</span> <span class='ocrx_word' id='word_1_675' title='bbox 3042 5027 3145 5097; x_wconf 82' lang='grc' dir='ltr'>λς’,</span> <span class='ocrx_word' id='word_1_676' title='bbox 3173 5027 3340 5090; x_wconf 84' lang='grc' dir='ltr'>τιθεὶς</span> <span class='ocrx_word' id='word_1_677' title='bbox 3378 5026 3560 5087; x_wconf 76' lang='grc' dir='ltr'>αὐτοῖς</span> <span class='ocrx_word' id='word_1_678' title='bbox 3587 5027 3676 5081; x_wconf 78' lang='grc' dir='ltr'>καὶ</span> <span class='ocrx_word' id='word_1_679' title='bbox 3730 5027 3895 5102; x_wconf 72' lang='grc' dir='ltr'>ῥογας</span> 
     </span>
    </p>
   </div>
   <div class='ocr_carea' id='block_1_112' title="bbox 2239 5113 3896 5190">
    <p class='ocr_par' dir='ltr' id='par_1_112' title="bbox 2239 5113 3896 5190">
     <span class='ocr_line' id='line_1_112' title="bbox 2239 5113 3896 5190; baseline -0.004 -17"><span class='ocrx_word' id='word_1_680' title='bbox 2239 5118 2326 5174; x_wconf 83' lang='grc' dir='ltr'>καὶ</span> <span class='ocrx_word' id='word_1_681' title='bbox 2360 5119 2608 5185; x_wconf 84' lang='grc' dir='ltr'>ἀννόνας,</span> <span class='ocrx_word' id='word_1_682' title='bbox 2657 5116 2744 5171; x_wconf 78' lang='grc' dir='ltr'>καὶ</span> <span class='ocrx_word' id='word_1_683' title='bbox 2775 5116 2874 5170; x_wconf 83' lang='grc' dir='ltr'><strong>ἀνὰ</strong></span> <span class='ocrx_word' id='word_1_684' title='bbox 2909 5114 3264 5189; x_wconf 78' lang='grc' dir='ltr'>νομισμάτων</span> <span class='ocrx_word' id='word_1_685' title='bbox 3311 5115 3378 5170; x_wconf 85' lang='grc' dir='ltr'>λ’⁶</span> <span class='ocrx_word' id='word_1_686' title='bbox 3424 5115 3491 5170; x_wconf 78' lang='grc' dir='ltr'>τὰ</span> <span class='ocrx_word' id='word_1_687' title='bbox 3520 5113 3578 5169; x_wconf 73' lang='grc' dir='ltr'>δὲ</span> <span class='ocrx_word' id='word_1_688' title='bbox 3607 5115 3751 5190; x_wconf 67' lang='grc' dir='ltr'>ἱερὰ,</span> <span class='ocrx_word' id='word_1_689' title='bbox 3809 5115 3896 5170; x_wconf 73' lang='grc' dir='ltr'>καὶ</span> 
     </span>
    </p>
   </div>
   <div class='ocr_carea' id='block_1_113' title="bbox 2237 5202 3886 5280">
    <p class='ocr_par' dir='ltr' id='par_1_113' title="bbox 2237 5202 3886 5280">
     <span class='ocr_line' id='line_1_113' title="bbox 2237 5202 3886 5280; baseline -0.002 -18"><span class='ocrx_word' id='word_1_690' title='bbox 2237 5207 2302 5262; x_wconf 76' lang='grc' dir='ltr'>τὰ</span> <span class='ocrx_word' id='word_1_691' title='bbox 2360 5207 2663 5280; x_wconf 77' lang='grc' dir='ltr'>στὲμματα,</span> <span class='ocrx_word' id='word_1_692' title='bbox 2714 5207 2805 5260; x_wconf 84' lang='grc' dir='ltr'>καὶ</span> <span class='ocrx_word' id='word_1_693' title='bbox 2861 5206 2927 5259; x_wconf 81' lang='grc' dir='ltr'>τὰ</span> <span class='ocrx_word' id='word_1_694' title='bbox 2984 5212 3254 5280; x_wconf 81' lang='grc' dir='ltr'>σκῆπτρα,</span> <span class='ocrx_word' id='word_1_695' title='bbox 3313 5204 3401 5258; x_wconf 78' lang='grc' dir='ltr'>καὶ</span> <span class='ocrx_word' id='word_1_696' title='bbox 3455 5204 3580 5265; x_wconf 73' lang='grc' dir='ltr'>τοὺς</span> <span class='ocrx_word' id='word_1_697' title='bbox 3639 5202 3886 5270; x_wconf 70' lang='grc' dir='ltr'>δίσκους,</span> 
     </span>
    </p>
   </div>
   <div class='ocr_carea' id='block_1_114' title="bbox 2237 5293 3896 5370">
    <p class='ocr_par' dir='ltr' id='par_1_114' title="bbox 2237 5293 3896 5370">
     <span class='ocr_line' id='line_1_114' title="bbox 2237 5293 3896 5370; baseline -0.003 -19"><span class='ocrx_word' id='word_1_698' title='bbox 2237 5297 2326 5352; x_wconf 75' lang='grc' dir='ltr'>καὶ</span> <span class='ocrx_word' id='word_1_699' title='bbox 2369 5297 2464 5358; x_wconf 80' lang='grc' dir='ltr'>τὰς</span> <span class='ocrx_word' id='word_1_700' title='bbox 2525 5293 2778 5370; x_wconf 80' lang='grc' dir='ltr'>λυχνίας,</span> <span class='ocrx_word' id='word_1_701' title='bbox 2837 5295 2926 5348; x_wconf 87' lang='grc' dir='ltr'>καὶ</span> <span class='ocrx_word' id='word_1_702' title='bbox 2977 5296 3074 5358; x_wconf 81' lang='grc' dir='ltr'>τὰς</span> <span class='ocrx_word' id='word_1_703' title='bbox 3125 5293 3374 5362; x_wconf 75' lang='grc' dir='ltr'>ἐσθῆτας,</span> <span class='ocrx_word' id='word_1_704' title='bbox 3407 5293 3496 5348; x_wconf 77' lang='grc' dir='ltr'>καί</span> <span class='ocrx_word' id='word_1_705' title='bbox 3523 5295 3592 5347; x_wconf 69' lang='grc' dir='ltr'>τὰ</span> <span class='ocrx_word' id='word_1_706' title='bbox 3619 5293 3806 5368; x_wconf 68' lang='grc' dir='ltr'>ἄμφια</span> <span class='ocrx_word' id='word_1_707' title='bbox 3833 5295 3896 5348; x_wconf 74' lang='grc' dir='ltr'>τὲ</span> 
     </span>
    </p>
   </div>
   <div class='ocr_carea' id='block_1_115' title="bbox 2241 5379 3891 5462">
    <p class='ocr_par' dir='ltr' id='par_1_115' title="bbox 2241 5379 3891 5462">
     <span class='ocr_line' id='line_1_115' title="bbox 2241 5379 3891 5462; baseline -0.003 -21"><span class='ocrx_word' id='word_1_708' title='bbox 2241 5384 2517 5462; x_wconf 76' lang='grc' dir='ltr'>βασιλικὰ,</span> <span class='ocrx_word' id='word_1_709' title='bbox 2577 5382 2855 5454; x_wconf 81' lang='grc' dir='ltr'>ἷδιόκτητα</span> <span class='ocrx_word' id='word_1_710' title='bbox 2913 5382 3077 5439; x_wconf 76' lang='grc' dir='ltr'>αὐτοῦ</span> <span class='ocrx_word' id='word_1_711' title='bbox 3135 5379 3287 5455; x_wconf 79' lang='grc' dir='ltr'>ὄντα,</span> <span class='ocrx_word' id='word_1_712' title='bbox 3333 5383 3702 5457; x_wconf 77' lang='grc' dir='ltr'>ἀπεχαρίσατο</span> <span class='ocrx_word' id='word_1_713' title='bbox 3755 5383 3891 5458; x_wconf 78' lang='grc' dir='ltr'>πρὸς</span> 
     </span>
    </p>
   </div>
   <div class='ocr_carea' id='block_1_116' title="bbox 2233 5471 3892 5541">
    <p class='ocr_par' dir='ltr' id='par_1_116' title="bbox 2233 5471 3892 5541">
     <span class='ocr_line' id='line_1_116' title="bbox 2233 5471 3892 5541; baseline -0.003 -12"><span class='ocrx_word' id='word_1_714' title='bbox 2233 5476 2324 5529; x_wconf 84' lang='grc' dir='ltr'>τὸν</span> <span class='ocrx_word' id='word_1_715' title='bbox 2381 5475 2527 5530; x_wconf 83' lang='grc' dir='ltr'>ναόν·</span> <span class='ocrx_word' id='word_1_716' title='bbox 2582 5472 2836 5533; x_wconf 76' lang='grc' dir='ltr'>ὡσαύτως</span> <span class='ocrx_word' id='word_1_717' title='bbox 2890 5473 2981 5527; x_wconf 86' lang='grc' dir='ltr'>καὶ</span> <span class='ocrx_word' id='word_1_718' title='bbox 3030 5472 3097 5527; x_wconf 77' lang='grc' dir='ltr'>τὰ</span> <span class='ocrx_word' id='word_1_719' title='bbox 3144 5471 3371 5541; x_wconf 80' lang='grc' dir='ltr'>ἀκίνητα</span> <span class='ocrx_word' id='word_1_720' title='bbox 3427 5472 3592 5526; x_wconf 64' lang='grc' dir='ltr'>αὑτοῦ</span> <span class='ocrx_word' id='word_1_721' title='bbox 3635 5474 3892 5541; x_wconf 66' lang='grc' dir='ltr'>κτήματα</span> 
     </span>
    </p>
   </div>
   <div class='ocr_carea' id='block_1_117' title="bbox 2236 5557 3885 5638">
    <p class='ocr_par' dir='ltr' id='par_1_117' title="bbox 2236 5557 3885 5638">
     <span class='ocr_line' id='line_1_117' title="bbox 2236 5557 3885 5638; baseline -0.004 -20"><span class='ocrx_word' id='word_1_722' title='bbox 2236 5565 2570 5638; x_wconf 74' lang='grc' dir='ltr'>ἐπεκύρωσεν</span> <span class='ocrx_word' id='word_1_723' title='bbox 2620 5561 2789 5633; x_wconf 75' lang='grc' dir='ltr'>αὐτῷ,</span> <span class='ocrx_word' id='word_1_724' title='bbox 2840 5560 2890 5617; x_wconf 73' lang='grc' dir='ltr'>ἰν</span> <span class='ocrx_word' id='word_1_725' title='bbox 2937 5562 2982 5632; x_wconf 80' lang='grc' dir='ltr'>ᾧ</span> <span class='ocrx_word' id='word_1_726' title='bbox 3039 5561 3145 5616; x_wconf 83' lang='grc' dir='ltr'>ἀπὸ</span> <span class='ocrx_word' id='word_1_727' title='bbox 3194 5565 3290 5614; x_wconf 79' lang='grc' dir='ltr'>τοῦ</span> <span class='ocrx_word' id='word_1_728' title='bbox 3335 5557 3603 5630; x_wconf 77' lang='grc' dir='ltr'>ταξειδίου</span> <span class='ocrx_word' id='word_1_729' title='bbox 3665 5561 3885 5636; x_wconf 44' lang='lat' dir='ltr'>seiras-co</span> 
     </span>
    </p>
   </div>
   <div class='ocr_carea' id='block_1_118' title="bbox 2231 5647 3883 5727">
    <p class='ocr_par' dir='ltr' id='par_1_118' title="bbox 2231 5647 3883 5727">
     <span class='ocr_line' id='line_1_118' title="bbox 2231 5647 3883 5727; baseline -0.004 -19"><span class='ocrx_word' id='word_1_730' title='bbox 2231 5655 2332 5723; x_wconf 79' lang='grc' dir='ltr'>τήν</span> <span class='ocrx_word' id='word_1_731' title='bbox 2361 5651 2543 5727; x_wconf 80' lang='grc' dir='ltr'>τιμίαν</span> <span class='ocrx_word' id='word_1_732' title='bbox 2601 5648 2781 5705; x_wconf 72' lang='grc' dir='ltr'>εἰκόνα</span> <span class='ocrx_word' id='word_1_733' title='bbox 2809 5656 2908 5719; x_wconf 82' lang='grc' dir='ltr'>τῆς</span> <span class='ocrx_word' id='word_1_734' title='bbox 2958 5649 3113 5724; x_wconf 84' lang='grc' dir='ltr'>ἆγίας</span> <span class='ocrx_word' id='word_1_735' title='bbox 3162 5647 3512 5724; x_wconf 86' lang='grc' dir='ltr'>σταυρώσεως</span> <span class='ocrx_word' id='word_1_736' title='bbox 3551 5655 3652 5717; x_wconf 73' lang='grc' dir='ltr'>τῆς</span> <span class='ocrx_word' id='word_1_737' title='bbox 3711 5648 3762 5702; x_wconf 75' lang='grc' dir='ltr'>ἐν</span> <span class='ocrx_word' id='word_1_738' title='bbox 3818 5650 3883 5718; x_wconf 74' lang='grc' dir='ltr'>τῇ</span> 
     </span>
    </p>
   </div>
   <div class='ocr_carea' id='block_1_119' title="bbox 2233 5735 3884 5816">
    <p class='ocr_par' dir='ltr' id='par_1_119' title="bbox 2233 5735 3884 5816">
     <span class='ocr_line' id='line_1_119' title="bbox 2233 5735 3884 5816; baseline -0.005 -18"><span class='ocrx_word' id='word_1_739' title='bbox 2233 5742 2482 5816; x_wconf 79' lang='grc' dir='ltr'>Βηρυτῷ,</span> <span class='ocrx_word' id='word_1_740' title='bbox 2531 5738 2621 5795; x_wconf 88' lang='grc' dir='ltr'>καὶ</span> <span class='ocrx_word' id='word_1_741' title='bbox 2650 5737 2717 5794; x_wconf 80' lang='grc' dir='ltr'>τὰ</span> <span class='ocrx_word' id='word_1_742' title='bbox 2757 5739 2882 5814; x_wconf 75' lang='grc' dir='ltr'>ἅγια</span> <span class='ocrx_word' id='word_1_743' title='bbox 2913 5735 3177 5794; x_wconf 81' lang='grc' dir='ltr'>σανδάλια</span> <span class='ocrx_word' id='word_1_744' title='bbox 3205 5741 3303 5793; x_wconf 77' lang='grc' dir='ltr'>τοῦ</span> <span class='ocrx_word' id='word_1_745' title='bbox 3345 5739 3580 5812; x_wconf 79' lang='grc' dir='ltr'>Χριστοῦ</span> <span class='ocrx_word' id='word_1_746' title='bbox 3608 5735 3700 5791; x_wconf 83' lang='grc' dir='ltr'>καὶ</span> <span class='ocrx_word' id='word_1_747' title='bbox 3749 5739 3884 5791; x_wconf 70' lang='grc' dir='ltr'>Θεοῦ</span> 
     </span>
    </p>
   </div>
  </div>
