4056 6346
134 383 311 458 12οὔ

1287 375 1652 440 ANONYMI
1697 375 2282 447 ANTIQUITATES
2327 381 2443 442 ΟΡ.

3415 382 3577 445 1206

127 515 314 587 ἡμῶν
346 511 397 568 iv
431 510 708 575 ποικιλοις
739 531 1019 589 χρυσίοις,
1049 509 1140 566 καὶ
1170 507 1260 565 διὰ
1289 508 1454 564 λίθων
1483 503 1798 584 κιϐουρίοις

1927 508 2008 564 sis
2038 509 2257 583 lapillis
2288 518 2512 570 ornata.
2547 515 2701 569 Fecit
2725 515 2863 570 item
2896 515 2975 570 ibi
3017 513 3352 588 sepulcrum
3396 530 3575 572 suum

125 602 435 673 Ἐποίησεν
467 599 560 656 οὖν
593 601 681 656 καὶ
719 603 782 656 τὸ
836 601 1024 656 ἑαυτοῦ
1076 607 1266 674 μνῆμα
1322 597 1493 654 ἐκεῖσε
1552 597 1796 674 ὀΛόχρυ-

125 712 238 746 σον
273 690 408 764 μετὰ
435 691 778 767 χυμεύσεως,
809 687 862 744 iv
890 690 936 763 ᾧ
960 688 1050 744 καὶ
1082 688 1260 760 irier].

129 798 280 874 Περὶ
372 802 480 853 τῶν
577 796 796 868 στηλῶν
859 800 1006 924 uti)?
1109 795 1408 869 ἱσταμένων
1506 792 1614 849 ἅνω
1701 797 1799 849 τοῦ

917 889 932 922 ι
1000 888 1084 924 ου.

917 888 1084 924 ιΛιου.

217 963 307 1016 ’Ev
366 957 424 1014 δὲ
492 961 562 1034 τῇ
611 956 832 1035 καμάρᾳ
875 961 972 1014 τοῦ
1021 955 1223 1013 Μιλίου
1271 955 1469 1026 στῆλαι
1520 958 1801 1030 Κωνσταν-

122 1049 296 1104 τίνου
348 1047 436 1103 οιαὶ
483 1045 710 1119 Ἐλὲνης
767 1047 918 1102 εἰσίν.
976 1049 1137 1110 Ἔνθα
1188 1044 1275 1100 καὶ
1330 1045 1557 1122 σταυρὸς
1611 1045 1799 1118 ὁρᾶται

127 1138 282 1211 πρὸς
325 1134 599 1206 ἀνατολὴν
658 1135 1059 1212 βασταζόμενος
1118 1135 1206 1189 ὑπ’
1265 1135 1465 1190 αύτῶνσ
1533 1133 1692 1208 μέσον
1745 1131 1802 1188 δὲ

134 1232 243 1282 τοῦ
278 1228 564 1302 σταυροῦὴ
596 1225 748 1302 Τύχη
776 1233 876 1296 τῆς
923 1223 1160 1292 πόλεως,
1202 1223 1333 1300 ὅπερ
1384 1224 1493 1280 ἐστῖ
1541 1226 1799 1295 κατήνιον

128 1315 504 1390 κλειδόμενον
545 1314 636 1371 καὶ
689 1314 1167 1391 ἐστοιχειωμένον,
1223 1317 1319 1370 τοῦ
1371 1313 1569 1376 παντὸς
1627 1309 1804 1376 εἴδους

125 1405 474 1477 ἆνελλιπῶς,
505 1405 593 1460 καὶ
623 1404 778 1476 νίκην
807 1405 942 1460 κατὰ
1001 1409 1214 1459 παντων
1270 1407 1378 1458 τῶν
1432 1403 1594 1457 ἐθνῶν
1643 1403 1804 1478 φὶρον

125 1500 237 1550 τοῦ
276 1498 472 1570 μηκὲτι
503 1493 736 1572 ῗσχύειν,
769 1495 804 1565 ἢ
861 1492 1217 1569 προσεγγίσαι
1249 1493 1283 1564 ἢ
1333 1495 1676 1568 προσψαῦσαι
1731 1493 1801 1565 τῇ

130 1581 307 1640 πόλει
333 1588 523 1658 ταῦτα,
555 1583 701 1641 ἀλλά
756 1582 947 1661 «(spem
997 1581 1315 1659 ἀπέχεσθαι,
1346 1581 1436 1638 καὶ
1490 1583 1804 1637 ὑπονοστεῖν

131 1675 218 1737 ὡς
281 1675 593 1748 ἠττωμένα.
628 1675 714 1731 Ἐν
756 1673 908 1746 αὐτῷ
954 1670 1012 1727 δὲ
1059 1677 1138 1746 τῷ
1174 1671 1360 1745 Μιλίῳ
1391 1671 1586 1742 στῆλαι
1613 1669 1804 1725 ’ίστανο

132 1785 231 1820 ται
281 1768 454 1839 τρεῖς,
488 1762 690 1842 Σοφίας
743 1769 842 1833 τῆς
890 1761 1143 1840 γυναικὸς
1176 1760 1468 1817 Ἰουστίνου
1513 1764 1613 1816 τοῦ
1664 1767 1802 1834 Θρᾳ-

132 1853 264 1922 κὸς,
322 1851 411 1908 καὶ
452 1847 714 1926 ’Δραϐίας
767 1859 868 1923 τῆς
924 1851 1194 1927 θυγατρὸς
1249 1849 1449 1920 αὐτῶν,
1505 1849 1596 1904 καὶ
1649 1848 1802 1925 εελι-
1834 1885 1882 1950 Β

133 1964 240 2014 νης
273 1943 495 2017 ἀνεψιᾶς
523 1942 715 2000 αὐτῶν.

487 2033 616 2106 Περὶ
646 2038 749 2101 τῆς
785 2029 996 2102 στήλης
1024 2031 1121 2085 τοῦ
1152 2028 1462 2087 Θεοδοσίου.

214 2123 303 2179 Ἐν
341 2125 422 2193 τῷ
457 2120 744 2197 λεγομένῳ
775 2119 967 2193 Μιλιῳ
1016 2117 1305 2175 Θεοδοσίου
1358 2118 1534 2190 στήλη
1586 2116 1802 2174 ἵσταται

137 2211 225 2288 ἐφ’
251 2208 428 2265 ’ίππου
459 2208 696 2286 χαλκοῦ,
729 2209 822 2264 καὶ
851 2210 901 2264 ἐν
934 2212 1003 2283 τῇ
1053 2209 1200 2284 χειρὶ
1246 2207 1410 2264 αὐτοῦ
1461 2205 1639 2280 μῆλον
1675 2228 1803 2284 κρα-

137 2301 388 2367 τοῦντος,
421 2298 480 2366 ἢν
510 2295 800 2372 ἀναγείρας
831 2296 1113 2370 σιτηρὲσια
1139 2295 1326 2351 πολλά
1370 2293 1570 2351 δέδωκε
1595 2300 1713 2355 τοῖς
1747 2294 1797 2350 iv

135 2389 211 2458 τῇ
233 2385 418 2441 πόλει.
456 2387 523 2444 Οἳ
568 2383 625 2441 δὲ
653 2385 850 2454 κίονες,
881 2387 971 2440 καὶ
1029 2385 1081 2439 οἱ
1134 2382 1438 2454 ποδίοσκοι,
1471 2383 1560 2439 καὶ
1611 2384 1661 2438 οἱ
1690 2388 1798 2439 τῶν

141 2473 549 2549 Ἀρτοπωλιων
609 2475 818 2547 ὁμοίως
865 2473 954 2529 καὶ
1027 2478 1134 2528 τῶν
1204 2471 1650 2548 Τζυκκαλαρίων,
1709 2474 1796 2529 καὶ

135 2570 245 2632 τῆς
287 2561 512 2631 Χαλκῆς
571 2557 788 2638 ἔχουσιν
847 2562 1086 2636 ἱστορίας
1137 2559 1372 2630 πολλὰς,
1429 2560 1490 2624 ἃς
1562 2563 1590 2617 ὁ
1639 2561 1800 2626 αὐτὸς

137 2651 421 2715 καλλύνας
453 2651 477 2707 ἐ
482 2651 786 2728 χρύσωσιν.

539 2831 668 2904 Περὶ
695 2834 793 2886 τοῦ
823 2833 954 2884 ναοῦ
982 2833 1079 2884 τοῦ
1110 2827 1404 2906 Θεολόγου.

217 2922 417 2982 Φωιιὰς
445 2921 472 2974 ὁ
505 2921 760 2994 τύραννος
796 2917 998 2974 ἔκτισεν
1030 2918 1088 2974 ἐκ
1140 2919 1352 2995 βάθρων
1393 2919 1482 2973 τὸν
1531 2919 1658 2975 ναὸν
1701 2925 1798 2976 τοῦ

141 3009 309 3086 ἁγίου
343 3015 511 3064 Φωκᾶ
535 3008 587 3064 ἒν
619 3015 699 3082 τῷ
731 3007 938 3081 Μιλίῳ,
968 3010 1136 3081 μήπω
1169 3007 1261 3062 οῦν
1296 3008 1581 3087 ὀροφώσας
1610 3005 1796 3065 αὐτόν*

142 3099 323 3155 ἐκεῖσε
372 3099 472 3174 γὰρ
529 3099 597 3168 ἦν
645 3099 680 3168 ἠ
730 3095 952 3171 ἀλλαγὴ
1010 3101 1117 3152 τῶν
1176 3096 1505 3174 κοντούρων,
1563 3100 1679 3153 καθ’
1737 3099 1794 3154 ὃν

135 3189 311 3244 τόπον
369 3189 743 3259 ήντξοκόπησε
797 3189 865 3242 τά
919 3186 1207 3263 κόντουρα,
1267 3189 1355 3242 ὅτε
1399 3187 1488 3243 καὶ
1551 3187 1797 3266 μαγκλα-

140 3274 293 3341 ϐίοις
325 3277 525 3356 ἐτυᾶφθη
561 3278 705 3352 παρά
743 3277 1047 3353 Μαυρικίου
1103 3281 1204 3332 τοῦ
1263 3276 1556 3353 βασιλέως,
1585 3276 1800 3354 τολμήο

144 3389 344 3432 σαντος
396 3372 492 3423 τοῦ
540 3367 708 3422 αὐτοῦ
754 3372 923 3422 Φωκᾶ
962 3365 1012 3422 iv
1066 3371 1147 3438 τῷ
1190 3368 1370 3440 κὸντῳ
1414 3368 1577 3422 αὐτοῦ
1634 3389 1806 3445 προσ-

145 3455 314 3526 δῆσαι
364 3457 424 3512 τὸ
481 3456 785 3527 πιττάκιον,
819 3453 952 3532 ὅπερ
1015 3455 1122 3510 ἀπὸ
1179 3451 1589 3532 Λογγοϐαρδίας
1637 3455 1808 3512 ἐλθὼν

145 3544 334 3622 ἔφερε,
385 3551 484 3600 τοῦ
553 3549 784 3621 στρατοῦ
861 3543 1062 3608 ἐκεῖθεν
1134 3544 1558 3608 ἀποστείλαντος
1616 3551 1807 3602 τοῦτον

148 3633 245 3690 διὰ
292 3637 392 3704 τὴν
437 3633 601 3710 ῥόγαν
652 3634 850 3691 αὐτῶν.
897 3635 1000 3689 Καὶ
1057 3632 1352 3708 ἐγκαλέσας
1395 3634 1447 3690 iv
1493 3634 1808 3711 ἡμέρᾳΊπ-

147 3721 489 3798 ποδρομίου,
524 3723 605 3778 ὅτι
669 3723 825 3786 οὗτος
882 3723 1056 3799 εὑρὼν
1092 3719 1275 3778 ἄδειαν
1326 3723 1413 3779 καί
1465 3719 1803 3799 ἀναλαϐόμε-

146 3833 247 3873 νος
305 3812 370 3866 τὰ
417 3811 684 3886 κόντουρα
740 3810 1070 3886 ὑπεχώρησε
1103 3830 1116 3843 ⁸
1167 3811 1234 3866 τὰ
1287 3809 1344 3866 δὶ
1390 3813 1808 3888 καταλειφθέντα

146 3900 423 3971 ἀντζίσας,
450 3897 718 3968 κατῆλθεν
752 3897 857 3963 ἕως
907 3893 1316 3976 Λογγοϐαρδίαν
1373 3898 1450 3956 ἔτι
1507 3903 1602 3965 τὰς
1655 3900 1803 3974 πλη-

138 3993 246 4065 γάς
291 3988 458 4066 ῧχωψ
494 3987 583 4045 διὰ
629 3993 790 4044 τοῦτο
838 3987 938 4064 γὰρ
978 3991 1326 4065 προετιμήθη
1362 3990 1438 4054 εἷς
1483 3991 1583 4059 τὴν
1648 3992 1805 4068 βασι-

138 4078 302 4134 λείαν
359 4081 504 4155 παρᾶ
557 4083 656 4134 τοῦ
717 4081 968 4152 στρατοῦ.
998 4078 1148 4135 Μετά
1205 4078 1296 4134 οὖν
1327 4078 1389 4134 τὸ
1422 4077 1661 4134 ἀνελθεῖν
1715 4080 1804 4136 καὶ

143 4166 494 4244 βασιλεῦσαι,
553 4163 771 4238 ἔστησεν
842 4167 955 4222 ἐκεῖ
1020 4164 1116 4223 δύο
1188 4166 1394 4231 ’ίππους
1479 4168 1805 4245 κοντούρους

139 4255 705 4329 ἠντζωκοπημὲνους,
756 4256 846 4310 καὶ
899 4255 1122 4330 βωμοὺς
1174 4255 1416 4322 λιθίνους
1459 4255 1806 4333 τετραδικοὺς

140 4344 409 4421 σύνεγγυς
476 4350 572 4400 τοῦ
628 4343 808 4421 Ἀγίου
885 4349 1090 4412 Φωκᾶ,
1148 4346 1206 4400 ’ὸν
1284 4345 1444 4410 αὐτὸς
1526 4345 1800 4423 ἀνήγειρε,

140 4434 405 4490 Διίππιον
455 4434 620 4490 αὐτὸν
661 4433 970 4506 ὀνομάσας·
1024 4433 1195 4489 ὶκεῖσε
1251 4434 1352 4511 γὰρ
1407 4434 1497 4489 καὶ
1543 4434 1802 4513 τέσσαρας

138 4525 360 4588 εἷκόνας
437 4522 496 4579 ἐκ
579 4519 833 4601 ψηφίδων
927 4527 1187 4598 χρυσῶν,
1237 4523 1638 4580 Κωνσταντίνου
1711 4524 1801 4581 καὶ

1903 602 2094 656 totum
2153 616 2222 656 ex
2293 620 2436 659 auro
2507 604 2852 676 conflatum,
2912 603 2974 660 in
3047 621 3163 677 quo
3222 611 3278 660 et
3334 604 3574 677 positus

1913 693 2026 748 est.

2149 805 2226 860 De
2254 804 2453 860 statuis
2481 817 2607 876 quae
2633 807 2765 859 sunt
2790 819 2958 877 super
2985 803 3336 860 miliarium.

1987 966 2049 1019 In
2083 965 2308 1022 tornice
2338 963 2592 1022 Miniarii
2623 964 2987 1021 Constantini
3011 981 3076 1020 ac
3097 965 3325 1022 Helena
3363 966 3568 1020 statum

1909 1052 2239 1124 eriguntur.
2277 1055 2500 1110 Ibidem
2532 1054 2710 1109 etiam
2744 1055 2814 1109 ad
2850 1053 3133 1110 orientem
3167 1052 3378 1110 visitur
3404 1069 3567 1120 crux,

1911 1157 2085 1212 quam
2121 1142 2233 1214 ipsi
2266 1147 2521 1216 gestant.
2559 1143 2623 1198 In
2656 1142 2848 1199 medio
2879 1146 3076 1198 autem
3108 1141 3298 1199 crucis
3321 1145 3412 1200 est
3453 1143 3570 1198 for-

1910 1235 2055 1287 tuna
2103 1231 2289 1303 urbis,
2340 1231 2564 1288 scilicet
2619 1235 2824 1288 catena
2874 1231 3077 1290 clausa
3123 1235 3299 1305 atque
3346 1230 3573 1305 magico

1912 1326 2276 1391 consecrata,
2309 1321 2469 1378 omni
2503 1321 2824 1394 figurarum
2877 1338 3088 1394 genere
3139 1321 3450 1390 instructa,
3509 1324 3574 1377 ut

1914 1409 2053 1465 urbs
2086 1410 2354 1466 omnium
2387 1410 2651 1482 gentium
2684 1411 2890 1467 victrix
2920 1416 3094 1478 esset,
3119 1416 3176 1467 et
3205 1411 3278 1467 ab
3311 1410 3572 1467 hostium

1914 1499 2361 1557 incursionibus
2404 1500 2609 1568 libera,
2659 1500 2739 1555 ita
2788 1505 2853 1556 ut
2897 1518 3026 1557 eam
3079 1518 3186 1556 nec
3229 1501 3412 1568 adire,
3465 1517 3569 1556 nec

1913 1587 2120 1644 laedere
2149 1593 2413 1661 possent,
2465 1590 2565 1646 sed
2618 1589 2817 1644 statim
2871 1589 3043 1663 quasi
3083 1589 3269 1657 victae,
3319 1593 3569 1645 retroce-

1913 1681 2136 1736 derent.
2171 1683 2234 1737 In
2265 1680 2468 1736 eodem
2494 1679 2765 1737 Milliario
2797 1680 2999 1753 posita
3044 1680 3318 1737 visuntur
3359 1683 3568 1735 statuae

1912 1773 2055 1826 tres.
2133 1768 2364 1841 Sophia;
2441 1768 2666 1825 scilicet
2735 1769 2935 1825 uxoris
2991 1768 3228 1840 {Justini
3298 1767 3566 1837 Thracis,

1911 1857 2134 1914 Arabiae
2194 1856 2314 1913 ﬁlio
2366 1874 2588 1924 eorum,
2660 1875 2726 1914 ac
2789 1857 3132 1915 eorumdem
3195 1858 3389 1930 neptis
3454 1857 3563 1914 He-

1912 1947 2074 2004 lenas.

2426 2037 2500 2093 De
2527 2039 2710 2092 statua
2740 2036 3042 2094 Theodosii.

1981 2125 2045 2180 In
2077 2125 2231 2181 dicto
2262 2123 2532 2181 Milliario
2563 2125 2846 2182 collocata
2893 2130 2982 2181 est
3030 2131 3226 2182 statua
3270 2125 3563 2198 equestris

1908 2213 2217 2271 Theodosii
2250 2230 2320 2270 ex
2348 2231 2481 2284 aere,
2513 2231 2694 2271 manu
2726 2230 2969 2288 pomum
3003 2213 3278 2283 tenentis;
3297 2213 3355 2269 in
3387 2215 3561 2286 cujus

1909 2303 2276 2360 dedicatione
2332 2320 2624 2362 annonam
2697 2302 3096 2376 largissimam
3165 2301 3380 2376 populo
3437 2303 3565 2376 ipse

1909 2391 2234 2448 distribuit.
2293 2391 2591 2449 Columnae
2651 2399 2848 2449 autem
2906 2381 3036 2465 quae
3094 2391 3212 2448 illic
3267 2392 3565 2460 visuntur,

1909 2496 2044 2537 cum
2076 2481 2204 2538 suis
2235 2481 2434 2554 spiris,
2467 2481 2804 2554 pariterque
2834 2481 2946 2536 illis
2985 2481 3045 2537 in
3092 2481 3415 2555 Artopoliis
3461 2498 3566 2554 po-

1911 2571 2055 2642 site,
2090 2588 2315 2628 necnon
2346 2571 2472 2627 aliae
2504 2570 2976 2644 szcalariorum
3009 2574 3068 2628 et
3098 2588 3226 2644 quas
3258 2571 3320 2628 in
3359 2570 3568 2628 Chalco

1909 2665 2159 2731 exstant,
2193 2658 2413 2714 multas
2444 2659 2746 2715 continent
2796 2658 3072 2716 historias
3121 2675 3270 2731 quas
3318 2659 3444 2733 ipse
3491 2658 3564 2715 ad

1909 2753 2181 2805 ornatum
2215 2747 2525 2804 inauravit.

2431 2838 2504 2893 De
2528 2837 2724 2908 tempto
2755 2837 3028 2906 Theologi.

1979 2926 2202 2982 Phocus
2231 2929 2519 2999 tyrannus
2550 2925 2836 2998 templum
2870 2925 3066 2982 Sancti
3097 2925 3294 2982 Phocea
3339 2943 3373 2981 a
3423 2925 3558 2981 fun-

1907 3015 2202 3071 damentis
2231 3016 2518 3071 exstruxit
2546 3015 2605 3070 in
2639 3014 2927 3082 Milliario,
2961 3014 3060 3070 sed
3093 3015 3317 3086 absque
3346 3030 3556 3070 conca-

1909 3105 2246 3161 meratione.
2274 3104 2420 3160 Nam
2446 3104 2566 3160 illic
2595 3109 2721 3161 erat
2751 3103 3001 3160 mutatio
3031 3120 3314 3176 equorum
3347 3119 3558 3160 cursus

1915 3194 2278 3266 publici,quo
2299 3193 2356 3249 in
2383 3194 2508 3250 loco
2532 3211 2738 3250 nervos
2759 3209 3047 3266 equorum
3072 3192 3302 3260 incidit,
3335 3193 3585 3268 quando

1919 3283 1992 3339 ab
2048 3282 2401 3354 imperatore
2461 3281 2741 3338 Mauricio
2800 3281 3006 3339 baculo
3082 3270 3400 3355 percussus
3465 3287 3578 3352 est,

1921 3376 2222 3445 prepterea
2255 3372 2409 3443 quod
2442 3371 2770 3443 epistolam,
2823 3388 3000 3442 quam
3047 3387 3116 3428 ex
3169 3371 3578 3446 Longobardis

1922 3461 1993 3517 ab
2026 3460 2282 3516 exercitu
2316 3459 2594 3532 stipendii
2629 3460 2867 3532 petendi
2897 3477 3075 3516 causa
3105 3460 3350 3529 missus,
3377 3461 3582 3518 aﬂ‘ere-

1918 3550 2041 3620 bat,
2073 3549 2286 3612 lanceae
2335 3548 2576 3621 alligare
2621 3565 2803 3604 ausus
2851 3553 3025 3605 esset.
3081 3553 3392 3622 Postquam
3438 3567 3576 3606 vero

1917 3639 2011 3695 die
2061 3638 2438 3711 Hippodromi
2491 3642 2849 3709 conquestus
2896 3642 3072 3708 esset,
3128 3643 3369 3710 accepta
3415 3639 3577 3695 rede-

1918 3726 2062 3783 undi
2094 3727 2388 3797 facultate,
2421 3727 2690 3784 adductis
2724 3727 2889 3798 equis
2919 3727 3212 3783 discessit.
3246 3727 3324 3783 Iis
3374 3731 3571 3784 autem

1917 3816 2016 3888 qui
2047 3816 2265 3872 residui
2297 3823 2463 3872 erant
2502 3817 2812 3883 enervatis,
2862 3817 2921 3871 in
2970 3814 3441 3888 Longobardiam
3469 3832 3573 3872 ve-

1919 3906 2027 3977 nit,
2059 3921 2192 3962 cum
2227 3906 2417 3962 adhuc
2451 3905 2760 3979 plagarum
2807 3905 3026 3961 vibices
3076 3909 3402 3973 manerent,
3454 3922 3574 3978 qua

1917 3995 1990 4052 de
2036 4011 2218 4052 causa
2264 3997 2337 4052 ab
2385 3994 2641 4052 exercitu
2697 3996 2768 4050 ad
2813 3993 3128 4067 imperium
3178 3997 3414 4050 evectus
3457 3998 3567 4051 est.

1917 4088 2118 4155 Itaque
2165 4100 2434 4140 reversus
2482 4088 2538 4139 et
2586 4083 2836 4155 imperio
2887 4083 3129 4154 potitus,
3185 4082 3336 4140 duos
3383 4100 3568 4157 equos

1913 4177 2220 4230 enervatus
2250 4173 2332 4228 ibi
2370 4172 2696 4238 constituit,
2747 4189 2998 4246 arasque
3029 4171 3367 4244 [quadratas
3415 4171 3567 4246 lapi-

1914 4263 2053 4319 deas
2084 4279 2262 4335 prope
2292 4263 2577 4335 templum
2609 4266 2664 4318 S.
2701 4261 2902 4318 Phoce
2935 4279 2968 4318 a
3015 4278 3079 4318 se
3126 4263 3455 4331 conditum,
3508 4267 3568 4320 et

1911 4348 2104 4405 locum
2129 4349 2428 4422 Diippium
2451 4348 3026 4405 nominavit.Ibidem
3050 4365 3281 4421 quoque
3311 4355 3566 4422 quatuor

1913 4437 2201 4512 imagines
2227 4437 2594 4495 Constantini
2628 4441 2687 4494 et
2718 4438 2942 4495 Helenae
2974 4455 3043 4495 ex
3072 4438 3268 4496 aureis
3305 4439 3565 4498 tessellis

1912 4528 2181 4584 confecit.
2214 4531 2497 4585 Caeterum
2529 4528 2831 4585 Heraclius
2880 4528 2980 4584 ubi
3029 4528 3089 4584 in
3145 4529 3353 4586 urbem
3406 4530 3569 4587 venit

132 4613 365 4684 Ἑλένης
450 4611 758 4687 ἱστόρησεν.
818 4613 880 4669 Ὁ
941 4608 998 4665 δὲ
1062 4610 1380 4687 Ἡράκλειος
1443 4610 1659 4682 ἐλθὼν,
1709 4615 1795 4669 καὶ

1917 4621 1967 4672 st
1993 4617 2308 4689 imperium
2342 4617 2626 4689 suscepit,
2659 4621 2717 4672 et
2745 4616 2998 4672 Phocam
3031 4616 3324 4674 ulciscens
3345 4617 3407 4674 in
3438 4617 3562 4675 foro

141 4704 450 4779 κρατήσας,
501 4702 593 4757 καὶ
648 4702 739 4756 τὸν
795 4700 993 4756 Φωκάν
1053 4702 1394 4777 τιμωρήσας,
1443 4700 1534 4756 καὶ
1598 4700 1796 4766 καύσας

134 4793 193 4848 ἐν
226 4796 298 4865 τῇ
339 4796 436 4846 τοῦ
485 4792 620 4853 Βοὸς
660 4792 854 4865 ἀγορᾷ,
887 4788 1112 4863 ἐτίμησε
1147 4790 1239 4845 τὸν
1279 4790 1429 4861 ναὸν,
1460 4791 1551 4846 καὶ
1602 4791 1799 4847 σκεπά-

139 4903 240 4944 σας
273 4880 432 4936 αύτὸν
464 4879 554 4935 καὶ
600 4865 972 4953 μετονομάσας
1005 4877 1084 4941 είς
1122 4879 1183 4935 τὸ
1231 4883 1325 4934 τοῦ
1365 4879 1517 4956 ἁγίου
1563 4880 1798 4936 ἀποστό-

135 4971 247 5027 λου
279 4971 369 5026 καὶ
403 4968 788 5045 εὐαγγελιστοῦ
819 4969 1071 5026 Ἰωάννου
1095 4973 1190 5024 τοῦ
1216 4968 1493 5047 Θεολόγου
1528 4967 1725 5046 ὄνομα.

322 5087 452 5163 Περὶ
483 5089 580 5141 τοῦ
611 5083 768 5159 ἁγίου
799 5081 1090 5160 Θεοδώρου
1121 5089 1218 5142 τοῦ
1252 5085 1598 5164 Σφωρακίου.

209 5185 314 5240 ’Τὸν
363 5185 517 5259 ἅγιον
565 5179 842 5256 Θεόδωρον
909 5182 1001 5237 τὸν
1072 5182 1417 5262 Σφωρακίου,
1472 5185 1794 5263 Σφωράκιος

134 5273 425 5347 πατρίκιος
457 5269 659 5328 ἔκτισεν
692 5271 744 5326 iv
773 5276 892 5334 τοῖς
925 5269 1152 5346 χρόνοις
1183 5271 1472 5346 Ἀρκαδίου
1521 5275 1608 5329 καὶ
1661 5281 1797 5330 Θεο-

138 5363 328 5420 δοσίου
373 5364 493 5417 υἱοῦ
539 5361 726 5416 αὐτοῦ.
777 5361 996 5418 Ἑκτισε
1043 5359 1100 5416 δὲ
1149 5358 1243 5417 ἕνα
1280 5364 1436 5418 πισὸν
1470 5364 1667 5438 μέρους
1694 5368 1796 5433 τῆς

138 5451 436 5520 ἐκκλησίας
506 5455 615 5506 τῶν
688 5447 1147 5525 κατηχουμὲνων,
1205 5452 1294 5506 καὶ
1384 5452 1610 5516 ἀπέθετο
1679 5472 1796 5508 κεν-

134 5540 372 5616 τηνάρια
423 5539 652 5616 χρυσίου
700 5539 827 5615 τρία
861 5559 872 5572 ·
906 5537 998 5593 καὶ
1053 5537 1337 5615 παρῆλθον
1399 5541 1592 5617 χρόνοι
1627 5540 1746 5616 ρλγ¹
1777 5559 1793 5575 ο

139 5631 194 5688 iv
246 5631 348 5707 γὰρ
397 5635 512 5691 τοῖς
560 5629 785 5704 χρόνοις
824 5632 922 5684 τοῦ
977 5629 1282 5706 Μαυρικίου
1327 5629 1595 5700 ἐπεκαύθη
1633 5629 1796 5706 μέρος

133 5741 192 5777 τι
219 5723 320 5776 τοῦ
347 5723 480 5775 ναοῦ
510 5719 599 5775 καὶ
629 5714 1034 5792 ἀνῳκοδομήθη
1067 5719 1216 5792 παρ’,
1258 5717 1444 5790 αὐτοῦ,
1475 5719 1660 5792 κτίσας
1705 5717 1796 5775 καί

1906 4704 2076 4760 Bovis
2107 4705 2364 4761 ﬂammis
2397 4706 2641 4773 exussit,
2674 4705 2961 4778 templum
2997 4705 3144 4762 illud
3178 4706 3425 4777 ornavit,
3477 4712 3563 4764 te-

1906 4797 2116 4866 ctoque
2145 4793 2393 4864 operuit,
2427 4797 2483 4849 et
2512 4798 2870 4851 commutato
2902 4795 3160 4866 nomine,
3191 4801 3396 4853 sancto
3427 4814 3565 4872 apo-

1906 4881 2055 4938 stolo
2084 4885 2143 4939 et
2172 4881 2539 4954 evangelista:
2581 4882 2795 4938 Joanni
2846 4884 3195 4957 cognomine
3243 4885 3562 4960 Theologo,

1906 4970 2138 5028 dicavit.

2181 5087 2255 5143 De
2280 5089 2464 5142 sancto
2501 5085 2767 5144 Theodoro
2796 5085 3092 5158 Sphoracii
3116 5089 3304 5148 dicto.‘

1979 5185 2260 5242 Sanctum
2338 5181 2706 5238 Theodorum
2793 5182 3096 5254 Sphoracii
3169 5187 3559 5260 appellatum,

1905 5273 2263 5347 Sphoracius
2295 5271 2579 5344 patricius
2612 5269 2895 5341 condidit,
2928 5273 3296 5344 temporibus
3325 5278 3562 5336 Arcadii

1905 5380 1974 5421 ac
2025 5363 2130 5419 ﬁlii
2187 5364 2316 5435 ejus
2375 5360 2707 5417 Theodosii.
2765 5360 3063 5416 Exstruxit
3119 5363 3257 5419 item
3317 5366 3554 5438 pinsum

1905 5469 2092 5512 unum
2132 5451 2191 5508 in
2238 5451 2339 5508 illa
2388 5455 2548 5524 parte
2603 5447 2860 5506 ecclesiae
2915 5466 3047 5521 quae
3103 5452 3557 5514 catechumeno-

1908 5559 2038 5598 rum
2089 5546 2197 5610 est,
2245 5558 2312 5597 ac
2357 5540 2480 5595 auri
2533 5537 2867 5595 centenaria
2916 5539 3030 5595 tria
3085 5538 3205 5594 illic
3261 5541 3559 5613 deposuit.

1904 5631 2134 5703 Elapsis
2165 5635 2361 5689 autem
2395 5629 2567 5687 annis
2597 5631 2835 5685 centum
2869 5628 3109 5702 triginta
3137 5629 3561 5705 tribus,templi

1905 5737 2044 5794 pars
2075 5721 2345 5793 quedam
2375 5720 2487 5778 sub
2519 5716 2804 5776 Mauricio
2834 5717 3241 5792 conﬂagravit,
3271 5723 3330 5779 et
3358 5719 3430 5780 ab
3461 5737 3560 5780 eo-
