4056 6346
471 408 501 465 1
512 405 627 467 207

1419 403 1817 466 APPENDIX
1859 407 1961 464 AD
2008 404 2470 467 MICHAELEM
2519 405 2903 470 PSELLUM.

3740 404 3891 465 12m

477 538 613 592 dem
639 540 968 591 restaurata
989 539 1097 601 est;
1119 552 1233 605 qua
1254 538 1572 591 oratorium
1608 554 1837 607 quoque
1868 538 1927 591 S.
1961 537 2131 597 Geor_

2253 535 2531 609 ιύκτήριον
2564 541 2665 591 τοῦ
2698 536 2882 612 ’Δγίου
2916 537 3208 612 Γεωργίου.
3246 536 3367 592 Ἐπὶ
3408 532 3467 589 δὲ
3496 538 3596 599 τῆς
3633 533 3897 607 αὐτοκρα-

475 629 553 699 gii
587 627 889 683 exstruxit.
930 630 1255 697 lmperante
1293 635 1483 682 autem
1521 629 1708 683 Leone
1742 629 1932 682 Basilii
1989 626 2128 697 tilio,

477 718 782 772 Romanus
816 716 1057 786 quidam
1094 717 1298 771 orandi
1343 734 1521 772 causa
1569 717 1791 788 templa
1842 716 2005 771 urbis
2051 717 2135 770 in-

473 808 695 871 visens,
785 804 1198 861 animadvertit
1284 806 1495 860 litteris
1581 805 1804 860 Latinis
1885 805 2130 859 incisum

476 895 732 966 lapidem
788 896 847 948 in
908 895 1077 964 pinso
1132 912 1143 948 :
1200 894 1413 960 quibus
1471 896 1739 964 perlectis
1802 894 2135 965 imperatori

477 999 688 1039 aurum
710 984 1124 1039 absconditum
1150 983 1448 1037 indicavit.
1486 984 1747 1048 Quicum
1774 1000 1838 1038 eo
1882 983 2139 1037 misisset

476 1088 542 1128 ac
575 1071 913 1143 depositum
946 1073 1291 1140 accepisset,
1325 1072 1520 1142 ipsum
1576 1073 1632 1126 in
1686 1074 1949 1127 ordinem
2002 1072 2135 1125 illu-

478 1163 690 1218 strium
716 1162 1097 1234 allegit,datis
1120 1163 1234 1233 ipsi
1256 1164 1315 1217 in
1342 1166 1671 1219 mercedem
1705 1165 1944 1231 triginta
1973 1164 2137 1219 libris

481 1256 726 1307 monetae
756 1254 1019 1323 signatae.
1056 1253 1339 1306 Excitavit
1389 1253 1526 1308 item
1580 1255 1737 1308 idem
1786 1255 2137 1325 Sphoracius

482 1342 875 1396 Prmcursoris
914 1347 1193 1409 statuam,
1224 1358 1351 1411 qua:
1377 1342 1433 1396 in
1466 1344 1686 1398 concha
1719 1344 1921 1415 templi
1946 1330 2139 1398 Sancti

478 1430 825 1486 Theudorici
858 1436 1049 1484 erecta
1080 1435 1187 1485 est.

1133 1521 1206 1573 De
1240 1522 1530 1590 Octagono.

554 1608 950 1663 Tetradisium
987 1608 1349 1679 Octagonum
1378 1617 1465 1665 est
1517 1610 1682 1675 illud,
1743 1612 1799 1664 in
1851 1627 1966 1680 quo
2010 1615 2137 1665 octo

480 1700 649 1751 erant
708 1696 993 1766 porticus,
1055 1696 1173 1751 sive
1232 1698 1358 1752 loca
1418 1706 1842 1752 concamerata.
1904 1697 2026 1752 Illic
2088 1708 2139 1751 et

482 1785 746 1839 doctores
770 1786 1034 1839 omnium
1056 1787 1430 1841 scientiarum
1449 1789 2139 1857 commorabantur,quos

483 1889 715 1943 semper
737 1874 1125 1946 imperatores
1148 1877 1205 1930 in
1229 1876 1540 1930 consilium
1567 1878 1635 1930 ad
1649 1876 2137 1945 hibebant,neque

484 1962 805 2033 quidquam
837 1964 963 2017 sine
1010 1963 1129 2018 illis
1188 1966 1457 2035 agebant.
1513 1965 1589 2018 Ex
1630 1965 1838 2018 horum
1891 1980 2134 2018 numero

483 2051 817 2121 patriarcha
848 2056 898 2105 et
934 2053 1187 2122 episcopi
1220 2053 1584 2107 creabantur.
1631 2053 1895 2108 Proxime
1939 2059 2133 2107 autem

482 2140 788 2195 basilicam
820 2146 963 2206 erat,
1000 2142 1349 2211 duravitque
1383 2141 1846 2212 quadringentos
1886 2146 1941 2195 et
1993 2158 2131 2211 qua-

478 2229 808 2284 tuordecim
843 2246 1029 2283 annos
1064 2245 1255 2299 usque
1290 2230 1359 2284 ad
1414 2229 1705 2284 decimum
1755 2246 1976 2285 annum
2026 2230 2134 2283 im-

480 2317 623 2386 perii
658 2316 859 2372 Leonis
915 2319 1121 2385 Isauri,
1173 2318 1361 2389 patris
1413 2317 1781 2374 Constantini
1830 2316 2133 2374 Caballini.

483 2404 583 2459 Hic
615 2406 772 2459 enim
806 2405 997 2460 divina
1032 2406 1293 2478 privatus
1325 2408 1532 2479 gratia,
1569 2412 1743 2479 atque
1781 2425 1846 2463 ea
1901 2407 2135 2479 penitus

479 2491 787 2564 spoliatus,
822 2510 954 2548 cum
993 2496 1264 2551 monachi
1302 2497 1511 2552 stolido
1544 2498 1671 2568 ejus
1720 2496 1992 2551 instituto
2044 2508 2135 2550 as'

478 2582 683 2637 sentiri
738 2582 978 2651 nollent,
1035 2585 1219 2639 iratus
1272 2591 1570 2640 sarmenta
1610 2586 1894 2657 lignaque
1944 2584 2136 2655 colligi

470 2671 677 2740 jussit,
707 2674 1155 2744 combussitque
1189 2676 1505 2729 aedificium
1546 2675 1787 2745 illud,ac
1818 2673 2134 2741 sexdecim,

476 2760 576 2832 qui
608 2760 729 2816 illic
762 2766 948 2829 erant,
985 2763 1327 2818 monachos.

1162 2872 1233 2924 De
1265 2871 1456 2924 Lauso.

547 2956 830 3011 Lausiaca
862 2957 1073 3011 domus
1104 2963 1229 3011 erat
1260 2959 1434 3013 Lausi
1470 2958 1694 3029 patricii
1728 2964 1785 3013 et
1817 2960 2131 3029 praepositi,

480 3045 580 3115 qui
613 3045 830 3099 multos
860 3047 1045 3114 gessit
1075 3046 1855 3117 magistratus,magnosque
1888 3049 2133 3117 adeptus

480 3137 569 3186 est
600 3132 872 3199 honores,
925 3133 1036 3187 sub
1086 3134 1336 3187 Arcadio
1380 3134 1693 3189 Theodosii
1748 3135 1942 3205 Magni
1990 3135 2129 3189 ﬁlio.

480 3219 794 3275 Exornavit
824 3226 1018 3275 autem
1056 3221 1222 3276 istam
1259 3223 1498 3276 domum
1534 3222 1708 3277 variis
1743 3224 2131 3293 pretiosisque

476 3308 799 3363 columellis
829 3315 884 3363 et
943 3311 1362 3366 marmoribus.
1413 3312 1695 3366 Ceterum
1753 3312 1873 3367 haec
1920 3313 2131 3366 domus

475 3414 592 3451 una
622 3403 742 3451 erat
774 3414 841 3452 ex
872 3397 1177 3452 duodecim
1214 3398 1581 3453 Constantini
1634 3400 1851 3471 Magni,
1904 3401 1961 3454 in
2013 3417 2129 3470 qua

476 3485 687 3558 aquilae
736 3485 999 3556 lapidem,
1054 3495 1109 3539 et
1162 3487 1390 3556 phiala},
1442 3494 1498 3542 et
1568 3490 1807 3559 gradus,
1858 3495 1913 3543 et
1962 3490 2132 3544 bases

476 3575 791 3643 quadratae,
826 3576 895 3628 ad
932 3581 1204 3629 m'nutum
1240 3577 1403 3631 urbis
1436 3583 1594 3631 stant
1625 3578 1693 3631 ad
1747 3578 1895 3633 hanc
1946 3594 2133 3648 usque

472 3663 648 3718 diem.
726 3664 991 3718 Proxime
1067 3672 1263 3719 autem
1332 3664 1579 3720 Milliarii
1659 3683 1857 3721 arcum
1937 3672 2129 3721 exsta-

480 3752 580 3806 bat
638 3756 834 3807 statua
904 3755 1195 3824 equestris
1254 3755 1491 3825 Trajani
1553 3759 1609 3808 et
1665 3756 1975 3810 Theodosii
2030 3756 2131 3810 Ju-

478 3841 680 3896 nioris.

1171 3934 1245 3986 De
1280 3936 1435 3988 Foro.

546 4019 758 4073 Forum
811 4021 881 4074 ad
929 4020 1139 4075 Oceani
1170 4020 1577 4077 simitationem
1627 4023 1894 4078 circulari
1946 4024 2132 4079 forma

474 4097 775 4163 conditum
810 4110 938 4163 fuit.
973 4109 1195 4165 Ibidem
1231 4110 1596 4181 horologium
1633 4130 1881 4182 aeneum,
1933 4112 2129 4184 Cyzico

471 4197 818 4263 deductum,
863 4196 1210 4252 collocatum
1243 4204 1387 4253 erat.

593 4286 669 4339 De
697 4287 899 4339 statui:
930 4286 989 4337 in
1020 4302 1153 4340 arcu
1182 4302 1413 4342 camerae
1444 4290 1573 4343 Fari
1598 4290 2004 4347 assistentibus.

545 4459 611 4514 In
644 4475 780 4514 arcu
814 4476 1055 4515 camerae
1088 4463 1214 4517 Fori
1263 4464 1463 4533 positis
1508 4464 1787 4521 visuntur
1834 4469 1961 4521 duae
2007 4473 2130 4522 sta-

470 4548 838 4617 tuaa,Helenae
862 4549 1085 4606 scilicet
1110 4558 1167 4607 et
1194 4553 1652 4621 Constantini,et
1686 4556 1739 4609 in
1774 4573 1973 4610 earum
2010 4573 2129 4611 me-

2240 624 2424 699 τορίας
2459 626 2685 687 Λέοντος
2717 624 2811 679 τοῦ
2842 626 2961 679 υἱοῦ
3016 623 3301 682 Βασιλείου
3349 622 3591 687 ἀνελθὼν
3625 624 3899 693 Ῥωμαῖός

2242 733 2325 774 τις
2382 718 2479 766 τοῦ
2539 712 2783 786 εὔξασθαι
2842 714 2917 777 εἲς
2970 714 3098 777 τοὺς
3153 712 3314 777 ναοὺς
3368 720 3468 781 τῆς
3520 710 3766 777 πόλεως,
3802 708 3901 764 εἶδε

2243 803 2487 874 Ῥωμαῖα
2517 806 2815 877 γράμματα
2846 804 3030 858 λίθινα
3059 803 3239 859 ἐπάνω
3279 806 3375 858 τοῦ
3426 806 3641 869 πινσοῦ,
3676 800 3770 855 καὶ
3815 797 3907 853 δῦ-

2244 913 2403 962 ναμιν
2438 893 2615 947 αὐτῶν
2647 894 2803 965 γνοὺς
2844 893 3103 968 ἐγνώρισε
3130 897 3211 964 τῷ
3263 890 3478 965 βασιλεῖ
3526 893 3725 945 Λέοντι
3782 891 3907 959 περί

2247 981 2477 1053 χρυσίου
2524 983 2691 1053 τινὸς,
2742 982 2829 1036 καὶ
2882 980 3217 1051 στείλαντος,
3250 981 3337 1035 καὶ
3383 974 3909 1050 ἀναλαμϐανομὲνοο

2245 1074 2431 1135 ταῦτα,
2478 1070 2726 1141 ἐποίησεν
2778 1072 2938 1125 αὐτὸν
2984 1070 3381 1143 Ἰλλοόστριον,
3433 1066 3561 1130 δοὺς
3614 1066 3767 1139 αὖτῷ
3826 1066 3907 1119 καῖ

2248 1157 2507 1232 χάραγμα
2560 1159 2745 1234 λίτρας
2780 1159 2845 1216 λ’.
2878 1161 3157 1233 Ἀνήγειρε
3208 1156 3265 1213 δὶ
3314 1160 3341 1213 ὁ
3380 1157 3537 1218 αὐτὸς
3584 1156 3913 1231 Σφωράκιος

2246 1249 2335 1300 καί
2368 1249 2456 1301 τὸν
2492 1246 2838 1322 Ιίρόδρομον,
2870 1250 2960 1303 τὸν
2992 1248 3066 1310 εἷς
3098 1250 3197 1317 τήν
3222 1248 3433 1322 κόγχην
3480 1251 3579 1300 τοῦ
3629 1250 3769 1299 ναοῦ
3820 1248 3912 1297 τοῦ

2249 1335 2430 1411 Ἀγίου
2464 1334 2747 1411 Θεοδώρου
2778 1338 3130 1412 τυγχάνοντα.

2734 1513 2861 1587 Περί
2900 1519 2995 1570 τοῦ
3037 1515 3403 1587 Ὀκταγώνου.

2318 1603 2387 1656 Τὸ
2446 1601 2503 1658 δὲ
2560 1601 2898 1678 Τετραδίσιον
2955 1604 3267 1677 ὀκτάγωνόν
3320 1601 3460 1657 ἔστιν
3508 1600 3586 1661 εἷς
3634 1599 3665 1653 ὅ
3696 1598 3913 1654 ἵσταντο

2249 1693 2397 1746 στοαὶ
2447 1691 2609 1763 ὀκτὼ,
2640 1692 2812 1766 ἤγουν
2871 1691 3252 1768 καμαροειδεῖς
3302 1693 3483 1759 τόποι,
3516 1690 3605 1744 καὶ
3654 1687 3913 1743 διδάσκα-

2250 1781 2337 1837 λοι
2370 1780 2537 1835 ἐκεῖσε
2566 1781 2863 1857 ἐτύγχανον
2916 1781 3337 1855 οῗκουμενικῶν,
3370 1780 3458 1834 καὶ
3504 1780 3554 1832 οἱ
3600 1778 3741 1832 κατᾶ
3789 1799 3912 1831 και-

2171 1910 2215 1973 B
2250 1870 2375 1943 ροῦς
2440 1872 2682 1944 βασιλεῖς
2727 1877 2845 1932 τοῖς
2890 1870 3061 1925 ἐκεῖσε
3117 1867 3469 1929 διδασκάλοις
3518 1863 3906 1931 ἐϐουλεύοντο,

2320 1959 2331 1973 .
2410 1957 2480 1973 μ..
2573 1958 2593 1973 ν
2998 1960 3009 1973 .
3147 1959 3158 1973 .
3209 1964 3235 1973 -
3334 1957 3380 1973 ...
3449 1958 3475 1973 .-
3610 1956 3620 1973 .
3888 1956 3901 1973 .

2246 1959 2334 2013 καὶ
2368 1957 2518 2013 οὐδὲν
2570 1958 2828 2033 ἔπραττον
2869 1960 3044 2035 χωρὶς
3100 1957 3381 2027 αὐτῶν,ἰξ
3436 1958 3510 2012 ὧν
3564 1956 3758 2032 γέγονε
3816 1956 3903 2009 καὶ

2247 2050 2596 2124 πατριάρχης
2646 2048 2733 2103 καὶ
2790 2048 3093 2104 ἐπίσκοποι.
3138 2047 3377 2117 Πλησίον
3428 2044 3485 2100 δὶ
3523 2052 3623 2113 τῆς
3687 2043 3907 2119 βασιλιο

2245 2140 2345 2201 κῆς
2392 2137 2477 2206 ἦν,
2511 2138 2599 2191 καὶ
2651 2134 2929 2212 διήρκεσεν
2992 2133 3084 2207 ἔτη
3146 2134 3267 2207 υιδ’,
3305 2135 3468 2210 μέχρι
3519 2138 3617 2189 τοῦ
3669 2132 3904 2188 δεκάτου

2247 2225 2449 2300 χρόνου
2508 2226 2739 2287 Λέοντος
2794 2230 2889 2279 τοῦ
2957 2229 3307 2300 Συρογενοῦς,
3365 2227 3461 2277 τοῦ
3531 2224 3737 2296 πατρὸς
3804 2227 3906 2276 τοῦ

2246 2309 2573 2370 Καϐαλίνου.
2622 2316 2976 2388 Περιτραπεὶς
3038 2311 3095 2368 δὲ
3143 2316 3242 2377 τῆς
3302 2312 3446 2373 Θείας
3507 2312 3764 2386 χάριτος,
3814 2310 3906 2364 καὶ

2244 2404 2443 2473 ταύτης
2471 2403 2798 2479 γυμνωθεὶς,
2834 2401 2921 2457 διὰ
2958 2404 3020 2458 τὸ
3065 2403 3141 2475 μὴ
3188 2406 3568 2478 συγκοινωνεῖν
3616 2399 3749 2461 τοὺς
3806 2421 3909 2471 μο-

2244 2491 2445 2567 ναχοῦς
2472 2496 2541 2565 τῇ
2578 2492 2776 2563 ματαίᾳ
2808 2493 2970 2547 αὐτοῦ
3014 2492 3273 2562 ἐνστάσει,
3306 2492 3481 2561 θυμοῦ
3532 2486 3587 2543 δί
3635 2486 3912 2557 πλησθεὶς

2246 2581 2333 2635 καὶ
2420 2582 2659 2657 φρύγανα
2742 2584 3041 2654 προστάξας
3126 2580 3479 2653 ἀθροισθῆναι
3564 2578 3652 2631 καὶ
3748 2575 3905 2648 ξύλα,

2244 2671 2565 2724 κατέκαυσεν
2622 2670 2836 2733 αὐτοὺς,
2894 2670 2983 2723 καὶ
3042 2668 3165 2730 τοὺς
3226 2668 3391 2723 ἐκεῖσε
3449 2663 3605 2727 ὄντας
3666 2662 3798 2718 δέκα

2249 2758 2546 2833 μοναχοός.

2796 2865 2923 2937 Περὶ
2961 2869 3057 2919 τοῦ
3099 2864 3331 2919 Λαύσου.

2316 2956 2399 3011 Τὰ
2433 2951 2489 3008 δὶ
2522 2953 2734 3008 Λαῦσου
2766 2955 2911 3014 οἶκος
2940 2955 3007 3022 ἧν
3041 2953 3253 3008 Λαύσου
3293 2952 3583 3025 πατρικίου
3608 2949 3696 3003 καὶ
3730 2969 3907 3021 πραι-

2243 3042 2492 3109 ποσίτου,
2529 3045 2673 3105 ὅστις
2726 3042 2898 3118 ἀρχὰς
2938 3041 3152 3104 πολλὰς
3197 3043 3284 3096 καὶ
3337 3038 3491 3110 δόξας
3541 3037 3796 3108 διήνυσεν
3852 3037 3902 3091 ἐν

2240 3137 2355 3193 τοῖς
2390 3134 2615 3207 χρόνοις
2649 3130 2936 3206 Ἀρκαδίου
2966 3136 3064 3186 τοῦ
3094 3132 3213 3186 υἱοῦ
3243 3134 3341 3184 τοῦ
3390 3125 3645 3202 Μεγάλου
3689 3123 3907 3181 Θεοδο-

2244 3220 2382 3276 σίου.
2419 3222 2725 3292 Ἐκόσμησε
2755 3218 2811 3274 δε
2842 3220 3001 3275 αὐτὸν
3032 3218 3120 3274 διὰ
3150 3218 3420 3274 ποικίλων
3454 3217 3543 3271 καὶ
3574 3212 3905 3270 πολυτελῶν

2247 3314 2458 3382 μικρῶν
2489 3309 2684 3363 κιόνων
2739 3310 2827 3364 καὶ
2878 3310 3197 3384 μαρμάρων.
3230 3309 3293 3364 Ὀ
3343 3304 3401 3361 δὲ
3450 3309 3699 3366 τοιοῦτος
3750 3304 3907 3362 οἶκος

2242 3398 2301 3451 ἐκ
2330 3402 2434 3451 τῶν
2466 3395 2676 3453 δώδεκα
2707 3396 2870 3453 οἶκων
2905 3397 3164 3474 ἐτύγχανε
3206 3402 3302 3451 τοῦ
3333 3394 3589 3470 Μεγάλου
3622 3397 3907 3450 Κωνσταν-

2239 3487 2412 3552 τίνου,
2446 3486 2498 3540 ἐν
2531 3488 2576 3558 ᾧ
2607 3488 2696 3540 καὶ
2726 3487 2873 3542 ἀετοὶ
2907 3487 3131 3557 λίθινοι,
3161 3488 3248 3541 καὶ
3290 3485 3502 3563 φιάλαι,
3534 3485 3620 3538 καὶ
3672 3482 3906 3557 βαθμοὶ,

2240 3575 2328 3628 καὶ
2379 3575 2560 3649 βωμοὶ
2616 3578 2967 3650 τετράγωνοι,
3002 3575 3077 3639 είς
3125 3572 3485 3646 διακόσμησιν
3528 3576 3626 3637 τῆς
3677 3570 3904 3631 πόλεως

2241 3663 2522 3734 ἱστάμεναι
2557 3662 2723 3738 μέχρι
2772 3671 2872 3734 τῆς
2921 3666 3181 3737 σήμερον.
3219 3661 3463 3733 Πλησίον
3512 3659 3569 3716 δὲ
3622 3668 3719 3729 τῆς
3779 3661 3906 3733 ἀψί·

2242 3749 2332 3805 δος
2361 3757 2457 3805 τοῦ
2491 3750 2695 3809 Μιλίου
2739 3750 2913 3823 στήλη
2966 3749 3200 3830 ἔφιππος
3254 3750 3436 3807 ἵστατο
3482 3752 3754 3825 Τραϊανοῦ
3812 3751 3898 3804 καὶ

2241 3837 2533 3894 Θεοδοσίου
2562 3844 2659 3894 τοῦ
2692 3843 2928 3915 Μικροῦ.

2812 3929 2941 4003 Περὶ
2980 3934 3077 3984 τοῦ
3119 3928 3321 4005 Φόρου.

2312 4019 2372 4075 Ὀ
2400 4015 2456 4072 δὲ
2490 4018 2666 4093 Φόρος
2702 4018 2777 4079 εἷς
2814 4018 3051 4090 μίμησιν
3093 4022 3190 4072 τοῦ
3223 4019 3475 4072 Ὠκεανοῦ
3528 4015 3742 4085 ἐκτίσθη
3802 4037 3898 4068 κυ-

2240 4104 2530 4175 κλοειδγςς·
2586 4108 2672 4160 καὶ
2733 4105 3039 4181 ὡρολόγιον
3098 4105 3267 4162 ἰκεῖσι
3318 4107 3383 4173 ἦν
3435 4102 3703 4180 χαλκοῦν,
3764 4103 3901 4177 ὅπερ

2243 4194 2423 4272 ἔφερεν
2458 4196 2563 4249 ἀπὸ
2596 4195 2847 4263 Κυζίκου.

2243 4285 2371 4359 Περὶ
2423 4290 2531 4339 τῶν
2584 4287 2802 4355 στηλῶν
2846 4289 2954 4339 τῶν
3004 4285 3307 4357 ἱσταμένων
3369 4283 3421 4339 ἐν
3472 4286 3540 4356 τῇ
3595 4277 3749 4355 ἇψίδι
3803 4287 3903 4349 τῆς

2749 4374 2997 4447 καμάρας
3036 4372 3133 4428 τοῦ
3174 4373 3377 4443 Φόρου.

2310 4464 2429 4516 ’Ὁτι
2461 4462 2512 4516 ἐν
2562 4466 2631 4535 τῇ
2683 4460 2837 4537 attat
2886 4470 2985 4532 τῆς
3026 4464 3276 4539 καμάρας
3322 4467 3419 4518 τοῦ
3473 4460 3649 4535 Φόροι
3714 4457 3902 4514 ἵσταν-

2239 4572 2325 4604 ται
2360 4548 2453 4605 δόο
2505 4550 2700 4620 στῆλαι
2732 4550 2955 4621 Ἑλένης
3003 4551 3093 4605 καὶ
3141 4551 3569 4616 Κωνσταντίνου,
3600 4550 3692 4602 καὶ
3738 4569 3897 4601 σταυ-

474 4636 571 4692 dio
600 4654 765 4701 crux,
793 4638 885 4692 cui
921 4640 1266 4711 inscriptum
1322 4650 1411 4696 est
1445 4660 1457 4697 :
1494 4644 1641 4700 Unus
1689 4644 1942 4709 Sanctus,
1992 4662 2132 4700 unus

2253 4642 2333 4703 »ὸς
2393 4640 2553 4711 μέσον
2604 4641 2783 4694 αὐτῶν
2840 4641 3079 4717 γράφων.
3140 4642 3232 4702 Εἷς
3306 4642 3477 4715 ἅγιος,
3536 4637 3611 4701 εἷς
3679 4636 3897 4709 Κύριος,

475 4728 761 4795 Dominus,
792 4728 947 4782 Iesus
981 4729 1223 4784 Christus
1253 4735 1309 4785 in
1340 4733 1519 4800 gloria
1555 4734 1647 4787 Dei
1679 4735 1887 4797 Patris,
1941 4737 2126 4790 Amen.

474 4816 693 4871 Ibidem
748 4817 975 4887 pariter
1036 4824 1268 4875 exstant
1320 4821 1447 4875 duae
1508 4822 1850 4893 angelorum
1922 4829 2129 4879 statuae

480 4903 668 4959 alatis.

628 5012 704 5065 De
733 5027 895 5066 cruce
926 5014 984 5065 in
1012 5015 1464 5082 septentrionalis
1492 5024 1650 5084 parte
1678 5016 1968 5072 collocata.

546 5100 606 5153 In
641 5099 1085 5169 septentrionali
1115 5107 1277 5171 parte
1309 5103 1434 5156 Fori
1469 5105 1732 5159 exstabat
1761 5122 1921 5173 crux,
1945 5106 2133 5161 instar

477 5185 638 5241 illius
671 5204 846 5258 quam
902 5187 1327 5244 Constantinus
1378 5190 1624 5261 Magnus
1670 5193 1727 5247 in
1773 5194 1917 5248 coelo
1964 5194 2130 5263 vidit,

472 5291 617 5331 auro
662 5276 1001 5344 obductam,
1056 5278 1366 5333 habentem
1420 5281 1479 5333 in
1530 5283 1996 5338 extremitatibus
2045 5299 2129 5337 ro-

470 5363 674 5418 tundis
732 5363 979 5420 malum.
1048 5366 1186 5420 Hinc
1243 5366 1379 5423 inde
1437 5374 1559 5424 tam
1619 5370 1742 5439 ipse
1793 5387 1967 5441 quam
2024 5371 2129 5425 ﬁlii

473 5452 602 5521 ejus
661 5469 803 5508 auro
858 5454 1093 5509 obducti
1158 5456 1226 5510 ad
1289 5456 1398 5512 hoc
1457 5473 1645 5530 usque
1706 5464 1939 5531 tempus
2004 5476 2127 5515 cer-

478 5543 725 5595 nuntur.

682 5629 760 5682 De
781 5628 997 5685 duabus
1024 5633 1276 5689 crucibas
1306 5650 1431 5706 quae
1457 5636 1720 5705 depositae
1745 5646 1920 5694 erant.

552 5714 615 5769 In
644 5714 910 5771 inferiori
940 5724 1105 5789 parte
1155 5721 1444 5779 columnae
1490 5723 1620 5781 Fori
1667 5726 1941 5798 depositas
1984 5730 2125 5784 sunt

2241 4733 2447 4798 Ἰησοῦς
2508 4729 2737 4803 Χριστὸς
2796 4728 2872 4791 εἷς
2955 4728 3108 4800 δόξαν
3192 4733 3326 4785 Θεοῦ
3402 4727 3633 4801 Πατρὸς.
3695 4726 3894 4797 Ἀμην.

2242 4818 2347 4873 Καὶ
2381 4815 2475 4872 δύο
2506 4815 2876 4893 ταχυδρόμων
2909 4818 3120 4891 ὁμοίως
3153 4816 3349 4883 στῆλαι
3382 4820 3697 4891 πτερωτῶν.

2394 5013 2523 5085 Περὶ
2562 5018 2660 5067 τοῦ
2701 5018 2932 5089 σταυροῦ
2969 5017 3066 5069 τοῦ
3108 5012 3159 5069 ἐν
3199 5017 3279 5084 τῷ
3322 5010 3521 5087 βορείῳ
3565 5012 3740 5083 μέρει.

2314 5106 2434 5155 Ὅτι
2484 5100 2573 5155 ἐπὶ
2630 5103 2694 5156 τὸ
2756 5102 2968 5176 βόρειον
3048 5101 3212 5177 μέρος
3283 5103 3381 5156 τοῦ
3461 5099 3645 5173 Φόρου
3708 5097 3893 5153 ἵστατο

2240 5192 2466 5266 σταυρὸς
2527 5191 2600 5253 ὡς
2667 5188 2800 5245 εἶδεν
2871 5191 3027 5246 αὐτὸν
3084 5195 3480 5251 Κωνσταντῖνος
3541 5189 3568 5241 ὁ
3615 5189 3791 5262 Μέγας
3844 5186 3891 5240 ἐν

2239 5285 2318 5351 τῷ
2368 5280 2580 5353 οὐρανῷ
2651 5275 3044 5356 χρυσέμϐαφον
3102 5280 3194 5335 καὶ
3254 5278 3304 5334 ἐν
3360 5284 3479 5339 τοῖς
3531 5276 3895 5349 ἀκρωτηρίοις

2241 5367 2607 5443 στρογγύλοις
2644 5368 2847 5440 μῆλον.
2882 5371 3071 5427 Ἔνθεν
3097 5370 3187 5426 καὶ
3219 5368 3328 5423 υἱοὶ
3371 5365 3533 5422 αὐτοῦ
3558 5367 3893 5439 καθορῶνται

2239 5452 2621 5533 χρυσᾶμϐαφοι
2657 5458 2823 5533 μέχρι
2856 5456 2952 5513 τοῦ
2976 5462 3090 5512 νῦν’

2442 5638 2570 5712 Περὶ
2602 5641 2712 5691 τῶν
2741 5633 2838 5691 δύο
2871 5640 3112 5713 σταυρῶν
3144 5640 3252 5691 τῶν
3290 5633 3678 5709 κεχωσμένων.

2307 5727 2425 5782 Ὅτι
2486 5726 2725 5790 κάτωθεν
2776 5728 2875 5781 τοῦ
2932 5724 3109 5788 κίονος
3161 5728 3265 5781 τοῦ
3322 5722 3507 5799 Φόρου
3544 5717 3882 5797 κεχωσμένοι
