3984 6348
124 410 310 471 1209

1289 407 1647 471 ANONYMI
1690 408 2278 482 ANTIOUITATES
2321 411 2441 472 ΟΡ.

3403 407 3562 468 1210

93 539 267 597 εἶσὶν
304 540 454 594 οὗτοι
508 536 687 595 οἳ“δόο
718 542 961 615 σταυροὶ,
993 539 1083 595 καὶ
1110 538 1174 595 τό
1219 538 1392 614 βίκιον
1440 542 1538 594 τοῦ
1590 539 1785 614 μόρου,

1916 543 2030 597 luas
2059 542 2172 597 illis
2202 560 2425 611 cruces,
2450 550 2508 599 et
2538 542 2811 598 urceolus
2839 542 3058 598 vitreus
3097 539 3406 613 unguenti,
3439 556 3554 611 quo

103 627 171 699 ᾧ
236 626 512 701 ἠλείψατο
571 630 600 683 ὁ
658 631 893 701 Ἰησους,
951 629 1041 684 καὶ
1124 626 1316 682 πολλὰ
1390 626 1791 705 σημειοφορικὰ

1925 637 2182 686 nunctus
2214 632 2322 687 fuit
2350 633 2611 698 Jesus,et
2641 630 2829 687 multa
2853 630 2967 686 alia
2997 629 3558 701 admiranda,quaa

106 715 294 790 ἕτερα
319 719 536 780 τιθέντα
570 719 664 790 μὲν
697 719 845 793 παρά
898 722 993 773 τοῦ
1052 716 1307 793 Μεγάλου
1366 716 1788 787 Κωνσταντίιιου,

100 806 532 882 ἁσφαλισθέντα
564 804 621 861 δὲ
646 809 789 881 παρὰ
818 811 915 862 τοῦ
944 805 1197 883 Μεγάλου
1228 803 1540 864 Θεοδοσίου.

562 913 691 989 Περὶ
721 918 817 969 τοῦ
848 912 1089 987 ἅρματος
1122 912 1343 971 Ἠλίου.

195 1006 323 1057 Ὀτι
372 1004 435 1057 τὸ
486 1004 633 1075 ἅρμα
664 1001 856 1060 Ἠλίου
907 1003 960 1057 ἐν
1008 1004 1255 1079 τίτρασιν
1300 1001 1497 1064 ’ἱπποις
1546 1000 1794 1075 πυρίνοις

109 1091 456 1164 ἱπταμένοις
486 1093 632 1167 παρά
662 1088 757 1145 δύο
802 1090 1019 1161 στηλῶν
1052 1089 1281 1146 ἔκπαλαι
1316 1092 1563 1167 ὑπῆρχεν
1610 1089 1662 1145 ἐν
1716 1094 1794 1161 τῷ

114 1176 317 1255 ὡρείῳ
348 1178 553 1253 Μιλίῳ.
589 1181 753 1243 Ἐνθα
798 1178 1113 1251 εὐώημίσθη
1165 1185 1569 1241 Κωνσταντῖνος
1616 1178 1666 1234 ἐν
1713 1183 1793 1249 τῷ

114 1277 349 1338 νικῆσαι
408 1269 692 1337 Ἀζώτιον.
748 1269 1073 1343 Κατενεχθὲν
1145 1266 1202 1323 δὲ
1268 1269 1329 1323 τὸ
1397 1267 1543 1343 ἅρμα
1610 1267 1660 1323 ιν
1718 1272 1796 1338 τῷ

114 1356 535 1432 Ἰπποδρομίῳ,
568 1355 1049 1435 δορυφορούμενον
1084 1356 1369 1427 στηλίδιον
1423 1358 1615 1432 μικρὸν
1665 1376 1795 1410 κατ-

120 1448 431 1517 εσκευάσθη
510 1450 658 1522 παρὰ
735 1446 1141 1501 Κωνσταντίνου
1219 1446 1320 1500 ὑπὸ
1377 1443 1569 1502 Ἠλίου
1642 1443 1799 1527 φερός

126 1556 329 1608 μενον,
359 1535 519 1611 Τύχη
581 1542 681 1605 τῆς
740 1535 957 1597 πόλεως
1011 1534 1089 1597 εἷς
1135 1535 1197 1590 τὸ
1246 1534 1423 1608 στάμα
1472 1534 1665 1607 εἰσῄει,
1707 1533 1795 1587 και

128 1624 472 1702 στεφανωθὶν
533 1624 704 1698 ἑξῂει⁸
740 1623 947 1688 ἐτίθετο
993 1621 1050 1678 δὲ
1098 1622 1148 1678 ἐν
1198 1628 1279 1696 τῷ
1332 1623 1548 1696 Σενάτῳ
1596 1624 1797 1697 ἑορτῶν

129 1712 405 1767 ἐπιουσῶν
432 1712 521 1767 καὶ
555 1712 807 1787 γενεσίων
833 1720 935 1781 τῆς
973 1711 1190 1774 πόλεως
1237 1711 1582 1784 τελουμένων
1611 1731 1623 1743 ·
1658 1709 1797 1765 διότι

137 1801 197 1857 δὲ
231 1801 317 1856 ἐπὶ
351 1800 595 1879 κεφαλῆς
647 1803 872 1875 σταυρὸν
926 1801 1095 1876 εἶχεν,
1129 1802 1186 1856 ’ὀν
1241 1801 1469 1876 ἐχάραξε
1519 1804 1796 1857 Κωνσταν-

1899 721 2289 776 Constantino
2318 726 2527 794 Magno
2557 721 2637 775 ibi
2678 720 2986 784 collocata,
3041 718 3414 775 Theodosius
3442 722 3560 775 Ma-

1903 826 2053 881 gnus
2085 810 2313 866 firmius
2344 810 2667 867 consistere
2698 811 2853 866 iecit.

2503 918 2572 972 De
2600 932 2771 971 curru
2798 916 2966 971 Solis.

1977 1007 2040 1061 ln
2074 1022 2251 1061 aureo
2280 1005 2553 1061 Milliario
2576 1006 2703 1075 jam
2749 1005 2887 1060 inde
2916 1006 2990 1059 ab
3038 1002 3300 1075 antiquis
3330 1007 3556 1076 tempo-

1904 1090 2071 1146 ribus
2100 1107 2310 1147 currus
2333 1090 2479 1148 solis
2500 1092 2769 1147 trahente
2789 1090 3074 1162 quadriga
3096 1106 3384 1162 equorum
3406 1079 3562 1162 ignei

1904 1178 2115 1234 coloris
2140 1180 2310 1251 quasi
2341 1179 2669 1235 volantium
2700 1196 2735 1235 a
2764 1179 2996 1235 duabus
3015 1178 3309 1235 columnis
3333 1179 3560 1235 viseba-

1904 1274 2044 1323 tur:
2079 1268 2179 1323 ubi
2201 1268 2626 1323 Constantinus
2660 1274 2969 1339 postquam
3009 1269 3276 1323 Azotium
3322 1266 3560 1337 vicerat,

1908 1358 2117 1412 faustis
2166 1357 2693 1413 acclamationibus
2740 1363 3021 1429 exceptus
3068 1363 3177 1413 est.
3222 1355 3329 1413 Ubi
3363 1362 3559 1412 autem

1907 1461 2116 1501 currus
2148 1445 2247 1500 ille
2276 1446 2336 1500 in
2371 1446 2834 1518 Hippodromum
2884 1447 3172 1501 deductus
3220 1446 3352 1515 fuit,
3385 1461 3563 1517 parva

1908 1538 2108 1589 statua
2138 1534 2429 1589 fortunam
2485 1533 2648 1590 urbis
2690 1535 2947 1591 referens
2978 1534 3050 1590 ab
3098 1534 3226 1606 ipso
3273 1537 3562 1589 Constan-

1907 1623 2031 1678 tino
2063 1622 2327 1679 confecta
2355 1628 2465 1693 est,
2509 1640 2639 1695 quis
2669 1641 2703 1679 a
2752 1623 2876 1680 sole
2922 1627 3150 1696 gestata
3196 1623 3269 1678 ad
3300 1621 3561 1678 tribunal

1910 1711 2293 1782 Hippodrmni
2323 1712 2669 1778 ducebatur,
2702 1712 2960 1784 indeque
2998 1716 3278 1767 coronata
3325 1709 3559 1766 exibat:

1914 1800 2242 1871 ponebatur
2274 1806 2468 1855 autem
2502 1801 2559 1855 in
2612 1807 2821 1857 senatu
2868 1818 3004 1856 cum
3051 1799 3359 1856 celebritas
3388 1799 3560 1854 Nata-

136 1897 331 1952 τῖνος.
388 1890 688 1952 Ἰουλιανὸς
773 1890 904 1944 αὐτὸ
980 1890 1163 1964 βόθρῳ
1245 1892 1577 1965 κατέχωσιν.
1636 1892 1793 1953 Ἔνθα

1916 1887 2053 1944 lium
2086 1889 2247 1945 urbis
2275 1889 2630 1946 immineret.
2672 1890 2819 1955 Quia
2866 1907 2999 1946 vero
3030 1889 3209 1962 capiti
3265 1891 3397 1960 ejus
3428 1904 3560 1944 cru-

142 1987 369 2053 "Apeioc
430 1980 518 2034 τὸν
571 1976 825 2053 ἔγθιστον
876 1980 1101 2033 Θάνατον
1154 1979 1259 2033 ἀπὸ
1299 1983 1400 2043 τῆς
1432 1978 1676 2050 καμάρας
1704 1984 1799 2033 τοῦ

148 2068 337 2141 Φόρου
387 2072 484 2123 τοῦ
545 2067 780 2123 Σινάτου
833 2065 1134 2134 ἀπίδωκεν,
1167 2071 1273 2122 ποῦ
1321 2069 1406 2122 καὶ
1443 2069 1494 2121 οἱ
1523 2068 1799 2143 παρερχό-

150 2157 305 2228 μὲνοι
365 2156 494 2233 οὖρα
550 2160 638 2211 καί
696 2158 874 2231 κόπρα
929 2155 1137 2218 ἆτίθουν
1209 2154 1354 2228 αὐτῷ
1417 2160 1497 2229 τῷ
1564 2156 1800 2231 ἐχθίστῳ

150 2244 375 2320 Ἀρείῳ.

700 2423 829 2498 Περὶ
858 2427 955 2478 τοῦ
989 2424 1244 2479 Σενάτου.

219 2514 337 2565 Ὅτι
366 2512 426 2565 τὸ
458 2511 711 2579 Σινάτον,
743 2513 819 2575 ὡς
849 2513 900 2566 οἱ
945 2513 1038 2585 μὶν
1090 2512 1366 2587 λέγουσιν,
1408 2510 1459 2581 ἐξ
1508 2510 1684 2586 ἀρχῆς
1730 2511 1796 2579 ἦν

140 2601 256 2655 τῶν
309 2597 661 2655 κωδικὲλλων
721 2599 1136 2675 φυλακτήριον·
1197 2599 1366 2655 ἐκεῖσε
1422 2600 1524 2675 γὰρ
1573 2601 1625 2653 οἱ
1684 2602 1794 2657 Ila-

139 2685 684 2763 τρίκιοιᾶλάμϐανον
736 2688 1031 2758 αὖτοὺς,ἰν
1087 2690 1133 2761 ᾧ
1189 2710 1248 2745 τε
1305 2689 1393 2743 καὶ
1447 2687 1794 2764 Καλλίστρα-

142 2798 242 2839 τος
296 2782 511 2853 πρῶτον
564 2779 662 2847 τήν
726 2778 873 2849 ἀξίαν
925 2784 1023 2834 τοῦ
1083 2779 1287 2834 ὑπάτου
1334 2776 1505 2833 ἐκεῖσε
1559 2776 1793 2849 ἰδᾶξατο,

144 2871 250 2921 τοῦ
281 2864 459 2939 δήμου
492 2868 804 2942 κράξαντος,
838 2865 1251 2942 Καλλίστρατος
1286 2866 1521 2940 εὐτυχής
1566 2866 1655 2921 καὶ
1716 2865 1795 2928 εἷς

145 2954 290 3010 ἄλλο
349 2956 645 3031 προκόψεν
703 2958 731 3011 ὁ
790 2953 848 3011 δὲ
906 2954 1165 3033 φοϐηθεὶς
1223 2957 1529 3033 προσέφυγε
1583 2959 1651 3029 τῇ
1707 2954 1793 3011 ἰκ-

142 3043 366 3115 κλησίᾳ.
426 3051 829 3107 Κωνσταντῖνος
889 3041 947 3099 δὲ
1000 3043 1314 3117 ἐξωμόσατο
1385 3046 1460 3117 μὴ
1540 3041 1794 3115 ἀδικῆσαι

146 3133 329 3189 αὐτόν.
378 3134 439 3191 Ὁ
496 3130 553 3188 δὲ
613 3135 688 3207 μὴ
757 3133 1129 3208 ἀνασχόμενος
1188 3132 1577 3209 ἐχειροτονήθη
1626 3154 1794 3210 πρεσο

144 3217 385 3297 ϐότερος,
417 3223 530 3277 εἶτα
568 3221 888 3285 ἆπίσκοπος.

148 3327 275 3402 Περὶ
323 3333 419 3383 τοῦ
466 3330 709 3393 τεθέντος
761 3329 1062 3472 στοιχξξρυ,
1093 3330 1180 3384 καὶ
1212 3332 1309 3384 τοῦ
1341 3328 1544 3402 Φόρου,
1576 3329 1666 3384 καὶ
1695 3336 1793 3399 τῆς

847 3422 910 3455 στ
992 3423 1083 3471 ης.

847 3422 1083 3471 στηΛης.

224 3490 461 3553 Κάτωθεν
497 3486 554 3545 δὲ
581 3494 680 3545 τοῦ
716 3488 899 3553 κίονος
926 3494 1024 3545 τοῦ
1073 3489 1258 3563 Φόρου
1300 3488 1453 3561 ὶτέθη
1506 3490 1595 3545 καὶ
1645 3487 1794 3544 Παλ-

147 3575 333 3632 λάδιον
384 3580 683 3655 στοιχεῖον,
716 3579 806 3633 καὶ
848 3576 1003 3651 ἕτεροι
1048 3576 1236 3633 πολλὰ
1281 3580 1703 3654 σημειοφορικά.
1733 3579 1795 3636 Ὀ

146 3663 208 3721 δὶ
252 3666 451 3730 κύκλος
498 3672 595 3723 τοῦ
644 3667 827 3742 Φόρου
871 3665 961 3722 ἐπὶ
1001 3672 1066 3722 τὸ
1114 3663 1229 3721 ἴσον
1286 3673 1384 3736 τῆς
1440 3664 1637 3729 ποδέας
1698 3668 1793 3739 τῆς

146 3754 346 3830 κόρτης
390 3761 487 3811 τοῦ
535 3755 791 3831 Μεγάλου
827 3756 1254 3825 Κωνσταντίνου,
1287 3756 1348 3824 ἢν
1396 3755 1553 3819 αὐτὸς
1601 3751 1792 3827 ἔπηξεν

146 3844 240 3898 ὅτε
294 3844 518 3908 ἀνῆλθεν
574 3845 680 3899 άπὸ
727 3846 967 3918 Ῥώμης.
1000 3846 1067 3903 Οἱ
1128 3842 1185 3899 δί
1242 3843 1337 3900 δύο
1392 3842 1791 3920 σιγματοειδεῖς

146 3926 381 4004 ἔμϐολοι
410 3932 705 4009 ἐτύγχανον
737 3936 861 3990 τότε
892 3932 1118 3990 σταῦλοι
1150 3929 1391 4011 γόρωθεν
1426 3939 1523 3990 τοῦ
1569 3934 1790 4009 κόρτης.

144 4022 210 4078 Ὀ
261 4019 318 4076 δὲ
370 4018 737 4098 περίϐλεπτος
794 4024 951 4085 οὗτος
1007 4024 1167 4090 κίων,
1220 4023 1310 4077 καὶ
1364 4025 1398 4092 ἡ
1459 4023 1637 4094 στήλη
1695 4027 1793 4077 τοῦ

148 4108 524 4181 Ἀπόλλωνος,
579 4109 690 4168 ἔστι
742 4117 840 4168 τοῦ
905 4110 1160 4187 Μεγάλου
1244 4112 1676 4181 Κωνσταντίνου,
1734 4113 1795 4180 ἢν

146 4194 363 4269 ἔστησεν
398 4200 552 4262 οὗτος
586 4197 739 4272 δίκην
784 4198 975 4270 ἡλίου,
1004 4200 1173 4265 τιθεὶς
1223 4199 1274 4256 ἂν
1323 4204 1393 4275 τῇ
1440 4198 1651 4280 κεφαλῇ
1700 4199 1794 4255 αὖ·

143 4291 245 4343 τοῦ
297 4289 421 4353 τοὺς
474 4289 650 4359 ⁴ἥλους
699 4290 759 4345 ἐκ
803 4295 912 4345 τῶν
957 4294 1054 4345 τοῦ
1083 4292 1320 4366 Χριστοῦ
1352 4287 1509 4361 δίκην
1542 4288 1793 4359 ἀκτίνων,

146 4378 224 4438 ὡς
253 4375 412 4446 ἥλιος
438 4384 556 4444 τοῖς
584 4379 842 4442 πολίταις
875 4376 1197 4452 ἂκλάμπων.

148 4483 278 4559 Περὶ
306 4489 410 4540 τῶν
440 4485 701 4573 τεθίντων
725 4485 988 4577 ’ἡνιόχων
1038 4484 1089 4573 ἦν
1139 4489 1219 4575 τῇ)
1263 4486 1501 4559 Σενάτῳ,
1532 4486 1621 4540 καὶ
1669 4486 1795 4563 περὶ

564 4579 671 4613 των
707 4580 721 4612 ι
756 4580 994 4636 κοφινων
1021 4579 1129 4613 των
1161 4577 1363 4632 αρτων.

1911 1993 2037 2033 cem
2069 1978 2322 2049 insculpi
2354 1978 2775 2035 Constantinus
2804 1978 3407 2045 curaverat,Julianus
3427 1993 3558 2034 eam

1910 2066 1969 2121 in
2001 2068 2223 2123 foveam
2254 2068 2465 2139 conjici
2490 2069 2675 2139 jussit
2704 2085 2717 2124 :
2754 2069 2854 2124 ubi
2882 2069 3058 2124 Arius
3087 2070 3147 2123 in
3179 2083 3411 2123 camera
3429 2066 3561 2123 Fori

1908 2162 2150 2212 senatus
2179 2157 2538 2213 teterrimam
2590 2162 2838 2213 mortem
2887 2157 3037 2213 obiit
3085 2173 3099 2212 :
3145 2162 3321 2228 atque
3352 2172 3420 2212 eo
3445 2154 3560 2212 loci

1908 2246 2010 2315 qui
2058 2246 2433 2316 praeteribant
2478 2248 2711 2303 urinam
2772 2251 2830 2302 et
2878 2251 3136 2303 stercora
3182 2244 3558 2301 odiosissimo

1906 2336 2045 2389 Ario
2066 2334 2457 2406 deponebant.

2565 2425 2637 2480 De
2665 2423 2892 2480 Senatu.

1975 2513 2039 2566 In
2069 2512 2309 2581 Senatu,
2344 2517 2405 2568 ut
2436 2512 2681 2583 quidam
2711 2513 2976 2579 tradunt,
3010 2511 3266 2568 codicilli
3294 2510 3558 2583 antiqui-

1905 2604 2003 2655 tus
2034 2602 2525 2657 asservabantur:
2562 2602 2643 2656 ibi
2674 2602 2833 2658 enim
2883 2600 3118 2657 Patricii
3167 2616 3268 2657 eos
3314 2600 3560 2673 accipie-

1904 2689 2067 2753 bant,
2101 2689 2197 2745 ubi
2230 2688 2599 2746 Callistratus
2640 2690 2893 2762 primum
2944 2690 3290 2761 dignitatem
3340 2706 3557 2745 consu-

1903 2778 2085 2835 larem
2124 2780 2406 2852 suscepit,
2456 2779 2819 2836 acclamante
2860 2779 3076 2852 populo
3118 2797 3132 2835 :
3182 2779 3557 2837 Callistratus

1906 2872 2139 2926 fortuna
2168 2871 2397 2925 favente
2424 2869 2668 2941 insuper
2691 2869 2764 2925 ad
2814 2868 2973 2925 aliud
3026 2868 3379 2941 provehatur
3410 2885 3424 2924 :
3458 2867 3558 2924 ille

1904 2974 2039 3013 vero
2067 2957 2414 3030 perterritus
2444 2960 2516 3015 ad
2549 2958 2856 3015 ecclesiam
2890 2958 3172 3031 confugit,
3201 2962 3259 3013 et
3286 2956 3556 3029 quamvis

1903 3047 2327 3104 Constantinus
2350 3049 2580 3118 juraret
2609 3064 2671 3103 se
2704 3048 2926 3103 nullam
2963 3047 3015 3103 ei
3046 3047 3323 3119 injuriam
3355 3046 3553 3102 illatu-

1905 3155 2055 3210 rum,
2089 3144 2284 3195 tamen
2316 3138 2412 3195 ille
2446 3139 2643 3195 minus
2674 3140 2883 3210 ildens,
2935 3138 3195 3212 primum
3228 3138 3556 3211 presbyter,

1904 3228 2117 3284 deinde
2145 3227 2459 3300 episcopus
2488 3234 2720 3285 creatus
2750 3233 2859 3284 est.

2064 3335 2140 3390 De
2166 3334 2420 3391 Palladio
2447 3335 2710 3406 deposito,
2739 3335 2807 3391 de
2837 3340 2978 3393 Foro
3008 3345 3061 3392 et
3088 3335 3155 3393 de
3182 3340 3393 3393 statua.

1970 3493 2184 3548 Subter
2214 3492 2345 3549 Fori
2374 3492 2713 3550 columnam
2737 3493 3091 3563 Palladium,
3137 3499 3195 3552 et
3225 3494 3411 3552 multa
3442 3494 3561 3551 alia

1902 3582 2488 3653 admiranda'posita
2534 3583 2795 3639 fuerunt.
2859 3584 3154 3640 Circuitus
3203 3589 3401 3640 autem
3449 3583 3557 3639 fori

1902 3676 2105 3727 tantus
2133 3675 2243 3737 est,
2274 3675 2534 3741 quantus
2562 3672 2672 3728 fuit
2698 3673 2959 3729 ambitus
3010 3672 3243 3728 tentorii
3276 3672 3557 3729 Constan-

1902 3757 2009 3813 tini
2037 3758 2251 3832 Magni,
2277 3760 2433 3831 quod
2467 3760 2648 3817 Roma
2690 3760 3033 3833 Byzantium
3092 3760 3331 3817 veniens
3384 3760 3556 3817 isthic

1902 3847 2125 3904 fixerat.
2174 3846 2310 3902 Duo
2362 3853 2559 3904 autem
2625 3848 2741 3904 illas
2803 3849 3222 3905 semirotundo
3292 3850 3555 3922 porticus

1901 3940 2045 3992 tunc
2073 3936 2357 4008 temporis
2387 3936 2624 3994 stabula
2652 3943 2843 4008 erant,
2870 3938 3026 3995 circa
3054 3939 3399 3995 tentorium.
3429 3938 3557 3995 οω-

1903 4029 2094 4081 terum
2142 4024 2393 4097 insignis
2444 4025 2545 4081 illa
2593 4026 2874 4083 columna
2921 4032 2980 4084 et
3023 4032 3222 4084 statua
3266 4026 3555 4100 Apollinis

1901 4120 1992 4170 est
2020 4114 2389 4171 Constantini
2422 4115 2640 4188 Magni,
2673 4133 2852 4189 quam
2883 4116 3011 4189 ipse
3039 4117 3230 4173 instar
3258 4116 3405 4173 solis
3433 4132 3553 4174 ere-

1904 4205 2008 4273 xit,
2052 4202 2249 4259 inﬁxis
2296 4204 2475 4276 capiti
2522 4206 2672 4276 ejus,
2740 4206 3040 4262 radiorum
3107 4205 3319 4276 instar,
3372 4205 3555 4261 clavis

1903 4291 2197 4364 passionis
2249 4292 2487 4365 Christi,
2520 4300 2587 4350 ut
2636 4293 2814 4350 veluti
2859 4294 2946 4351 sol
2997 4295 3225 4353 civibus
3271 4294 3397 4352 suis
3425 4294 3552 4351 elu-

1904 4389 2077 4439 θοι-οι.

1903 4490 1978 4545 De
2003 4492 2198 4546 statui:
2223 4492 2706 4562 aurigarumque
2731 4495 2791 4548 in
2816 4493 3029 4549 Senatu
3061 4493 3346 4552 collocatae
3374 4499 3557 4561 erant,

2184 4578 2249 4618 ac
2274 4562 2341 4618 de
2369 4563 2553 4619 dcem
2591 4565 2968 4636 reliquiarum
2997 4566 3269 4637 cophinis.

224 4648 306 4703 Ἐν
361 4645 418 4701 δὲ
457 4652 537 4719 τῷ
569 4647 787 4720 Σενάτῳ
817 4648 1151 4719 άπετὲθησαν
1184 4648 1237 4703 οἱ
1275 4646 1499 4722 ἡνίοχοι
1537 4645 1587 4701 ἰν
1642 4648 1784 4717 ζευξο

1976 4652 2041 4704 In
2091 4651 2311 4706 Senatu
2360 4656 2567 4707 erectae
2617 4658 2758 4707 sunt
2805 4653 3145 4724 aurigarum
3194 4653 3557 4710 Circensium

155 4730 335 4794 ίπποις
378 4732 431 4787 ἐν
482 4739 562 4806 τῷ
604 4734 989 4811 ἀστρονομικῷ
1037 4734 1273 4811 ὀργάνῳ,
1303 4730 1431 4789 ’ἐνθα
1475 4740 1575 4803 τῆς
1603 4734 1793 4805 Ἀρτε-

150 4820 306 4897 μιδος
335 4822 424 4878 καὶ
454 4830 553 4893 τῆς
584 4822 912 4901 ’Δφροδίτης
938 4822 1155 4879 ’ίσταται
1210 4820 1413 4893 στήλη,
1441 4822 1493 4877 ἐν
1539 4827 1623 4883 αἶς
1672 4842 1794 4876 σκυ·

141 4910 334 4974 τάλαις
387 4911 795 4989 ἀπεκεφαλίσθη
857 4913 961 4968 ὑπὸ
1010 4914 1301 4987 Ἀρειανῶν
1349 4908 1639 4985 ’Δρκάδιος
1694 4911 1793 4984 ἀρε

148 4998 460 5075 χιδιάκονος
512 5006 612 5068 τῆς
640 5002 824 5077 Ἀγίας
877 5002 1242 5076 Εἰρήνης.οἱ
1299 5000 1357 5057 δδ
1412 4997 1540 5055 δέκα
1580 5001 1791 5079 κόφινοι

144 5094 251 5144 τῶν
310 5091 776 5166 περισσευμάτων,
809 5088 935 5147 δέκα
994 5090 1087 5162 ἔτη
1149 5090 1203 5147 ἂν
1258 5094 1339 5163 τῷ
1388 5089 1643 5163 παλατίῳ
1697 5093 1793 5145 τοῦ

149 5182 375 5235 Σινάτου
421 5180 760 5236 κατίκειντο’
798 5182 934 5254 μετὰ
991 5178 1050 5237 δὶ
1098 5184 1266 5237 ταῦτα
1315 5179 1419 5237 ὑπὸ
1474 5180 1573 5250 τὴν
1640 5179 1791 5255 βάσιν

143 5272 240 5324 τοῦ
268 5268 449 5333 κίονος
477 5272 927 5346 κατεχώσθησαν.

1904 4743 2111 4793 statue
2141 4738 2202 4794 in
2234 4755 2455 4811 organo
2484 4741 2903 4807 astronomico,
2936 4742 3038 4795 ubi
3069 4742 3245 4798 etiam
3278 4741 3476 4797 Dianae
3498 4744 3559 4797 et

1904 4825 2140 4882 Veneris
2168 4831 2408 4884 statuas:
2443 4826 2514 4882 ad
2547 4844 2694 4899 quas
2719 4830 3005 4884 Arcadius
3025 4828 3478 4885 archidiaconus
3494 4829 3551 4884 S.

1903 4917 2084 4971 Irenm
2113 4916 2186 4971 ab
2217 4916 2457 4972 Arianis
2489 4914 2690 4989 ﬂagris
2719 4917 2950 4974 occisus
2969 4924 3077 4975 est.
3110 4918 3322 4974 Decem
3354 4922 3553 4974 autem

1903 5004 2141 5075 cophini
2170 5004 2556 5076 reliquiarum
2587 5007 2786 5062 decem
2819 5007 2990 5063 annis
3032 5006 3093 5062 in
3124 5005 3342 5079 palatio
3373 5006 3555 5062 Sena-

1903 5098 2000 5149 tus
2021 5094 2340 5165 jacuerunt
2366 5112 2380 5163 ;
2414 5098 2619 5166 postea
2646 5112 2778 5151 vero
2809 5096 2881 5153 ad
2912 5096 3104 5153 basim
3126 5094 3412 5152 columnas
3430 5096 3552 5151 suf-

1903 5182 2045 5238 fossi
2076 5182 2258 5241 fuere.

805 5419 885 5472 De
914 5416 1115 5470 statuis
1144 5428 1273 5487 qua
1300 5414 1437 5469 olim
1468 5414 1530 5469 in
1558 5428 1770 5482 magna
1796 5415 2023 5471 ecclesia
2048 5419 2226 5473 aanta
2246 5418 2450 5491 Sophia
2479 5420 2677 5475 eum
2703 5421 2885 5473 erant.

220 5541 304 5597 Ἐν
345 5537 402 5595 δὶ
447 5528 515 5614 τῇ
571 5538 781 5615 μεγάλῃ
836 5539 1119 5612 ἰκκλησίᾳ,
1147 5542 1218 5614 τῇ
1266 5542 1355 5594 νῦν
1410 5537 1791 5614 ὀνομαζομένῃ

147 5632 184 5699 ἡ
238 5627 391 5706 Ἀγία
446 5628 644 5708 Σοφία,
702 5630 903 5700 στῆλαι
953 5627 1172 5685 ’ίσταντο
1240 5632 1373 5699 aut,
1430 5628 1488 5684 αἱ
1542 5625 1793 5692 πλείονες

147 5715 353 5778 τούτων
404 5713 729 5794 Ἑλληνικαὶ
790 5718 1044 5796 ὑπῆρχον
1065 5734 1079 5753 ο
1130 5714 1327 5781 αἵτινες
1374 5716 1435 5775 εκ
1494 5719 1604 5774 τῶν
1657 5713 1797 5774 πολ·

1975 5543 2038 5599 ln
2070 5560 2285 5617 magna
2308 5544 2576 5615 ecclesia,
2610 5562 2737 5617 qua:
2778 5545 2903 5615 jam
2957 5542 3291 5615 appellatur
3343 5545 3557 5600 Sancta

1905 5630 2123 5703 Sophia
2151 5638 2355 5691 erecta
2378 5638 2552 5692 erant
2591 5632 3035 5708 quadringenta
3075 5631 3284 5705 viginti
3326 5635 3553 5704 septem

1903 5722 2146 5791 statua,
2213 5737 2465 5794 quarum
2556 5720 2846 5794 pleraeque
2936 5718 3145 5777 Greca
3218 5721 3418 5788 erant;
3485 5733 3555 5774 ex
