4056 6346
391 398 541 456 1211
590 404 593 407 ’

1357 402 1755 461 APPENDIX
1803 404 1907 461 AD
1952 399 2417 463 MICHAELEM
2459 401 2851 464 PSELLUM.

3650 393 3825 454 iii!

392 545 644 599 quarum
689 547 932 587 numero
980 531 1104 585 ista:
1151 537 1321 587 erant
1394 531 1553 588 Jovis
1616 534 1862 600 scilicet,
1912 534 2041 589 Cari

2169 535 2266 587 Κῶν
2311 532 2588 608 ὑπῆρχον,
2616 536 2713 587 τοῦ
2762 553 2819 588 τε
2879 529 3023 598 Διὸς,
3055 528 3146 585 καὶ
3205 526 3381 602 Κάρου
3427 529 3527 582 τοῦ
3582 524 3827 598 πατρὸς,

393 619 599 691 patris,
650 619 1013 690 Diocletiani,
1064 621 1371 676 duodecim
1437 622 1742 693 signorum
1792 622 2042 693 Zodiaci,

385 708 581 774 Lunai,
632 708 893 764 Veneris.
948 709 1180 765 Arcturi
1228 709 1439 766 sideris
1506 712 1740 767 duabus
1794 710 2042 767 Persicis

386 796 677 853 columnis
730 796 886 863 fulti,
937 797 1057 853 Poli
1110 799 1421 870 Australis,
1462 816 1527 855 ac
1573 801 1893 857 sacerdotis
1933 800 2042 855 Mi-

386 902 578 942 nervas
608 886 881 943 habentis
913 904 946 942 a
991 887 1173 944 latere
1231 889 1443 945 Iridem
1495 889 1621 945 sine
1672 889 2046 961 philosophia

384 975 827 1031 vaticinantem.
899 976 1370 1033 Christianorum
1440 979 1580 1034 item
1651 984 1878 1035 statuas
1927 995 2043 1033 non

386 1080 605 1134 paucas
654 1064 955 1122 exstitisse
1006 1069 1222 1134 ferunt,
1275 1084 1343 1123 ex
1394 1068 1604 1123 multis
1662 1085 1798 1123 vero
1852 1083 2047 1140 paucae

388 1154 801 1210 enumerandis
835 1160 996 1221 sunt,
1030 1154 1398 1213 Constantini
1432 1157 1656 1229 Magni,
1687 1156 2046 1226 Constantis,

392 1240 562 1311 Galli,
616 1243 951 1312 Theodosii,
1022 1244 1268 1312 Juliani,
1338 1247 1642 1303 Theodosii
1700 1247 1942 1302 alterius
1990 1248 2048 1301 et

388 1332 620 1387 Arcadii
652 1331 756 1387 ﬁlii
790 1334 942 1404 ejus,
975 1351 1041 1390 ac
1089 1334 1431 1406 Serapionis
1477 1335 1736 1391 consulis
1769 1352 1782 1391 :
1819 1336 2045 1390 Helenae

389 1420 531 1476 item
564 1421 773 1478 matris
814 1423 1185 1479 Constantini
1241 1429 1356 1480 tres
1408 1441 1423 1482 :
1474 1442 1591 1480 una
1642 1425 2046 1497 porphyretica

390 1509 730 1582 margaritis
762 1512 1083 1568 distincta:
1119 1513 1302 1569 altera
1330 1529 1397 1569 ex
1447 1513 1704 1570 tessellis
1754 1514 2048 1586 argenteis

393 1616 570 1671 super
616 1599 954 1657 columnam
1004 1619 1212 1658 aeream
1275 1619 1289 1656 :
1340 1604 1512 1659 tertia
1576 1619 1712 1659 vero
1770 1604 2045 1671 eburnea,

396 1704 575 1759 quam
624 1689 821 1761 posuit
866 1690 1089 1762 Cyprus
1139 1692 1356 1749 rhetor.
1421 1692 1647 1755 Quibus
1694 1708 1796 1763 per
1844 1690 2046 1747 urbem

398 1777 680 1850 dispersis
709 1779 1085 1836 Justinianus
1116 1781 1230 1836 ﬁde
1261 1786 1320 1837 et
1349 1783 1545 1837 studio
1604 1780 1788 1837 multo
1819 1797 2048 1851 permo-

396 1872 516 1937 tus,
548 1867 984 1939 amplissimum
1014 1868 1301 1941 templum
1352 1870 1641 1927 excitavit.
1691 1870 1746 1925 Si
1780 1871 1883 1941 qui
1914 1886 2048 1925 vero

399 1955 611 2012 horum
643 1958 838 2028 periti,
872 1959 1078 2015 urbem
1110 1959 1451 2031 explorandi
1476 1977 1656 2016 causa
1684 1964 2049 2031 percurrent,

398 2062 515 2102 non
546 2062 765 2118 paucas
795 2063 997 2105 earum
1030 2048 1340 2121 reperient.

418 2337 495 2387 De
551 2335 747 2388 statuas
806 2348 930 2404 qum
978 2334 1263 2460 collocata;
1310 2344 1470 2391 erant
1535 2336 1594 2390 in
1648 2336 1877 2391 dextera
1931 2332 2057 2389 Fari

1137 2422 1240 2460 var
1268 2420 1313 2460 ε.

1135 2420 1313 2475 parte.

478 2494 540 2547 In
577 2493 811 2548 dextera
848 2493 969 2547 Fori
1003 2498 1165 2564 parte
1210 2496 1280 2550 ad
1329 2495 1611 2552 orientem
1656 2500 1862 2553 statua:
1910 2497 2054 2551 duo-

408 2580 595 2637 decim
630 2596 698 2637 ex
750 2599 1041 2638 marmore
1092 2583 1498 2656 porphyretico
1543 2587 1871 2653 exstabant,
1922 2585 2058 2641 toti-

406 2670 660 2741 demque
688 2671 918 2729 Sirenes
949 2688 1091 2727 auro
1122 2673 1408 2742 obductae,
1441 2690 1590 2744 quas
1629 2674 1843 2747 vulgus
1872 2689 2056 2746 equos

405 2759 666 2816 marinos
697 2764 883 2816 vocat.
918 2761 1085 2817 Nunc
1117 2766 1312 2817 autem
1341 2767 1566 2833 septem
1606 2764 1890 2819 duntaxat
1918 2779 2059 2819 con-

406 2849 800 2920 spiciuntur:
860 2866 1114 2920 quarum
1183 2859 1298 2907 tres
1364 2852 1518 2922 apud
1581 2852 1637 2907 S.
1706 2853 2056 2909 Mamantem

404 2939 607 3010 positas
663 2942 822 2994 sunt.
877 2940 1104 2995 Caeteras
1179 2942 1387 2995 statua
1464 2940 1789 2996 etiamnum
1851 2957 2056 3013 super-

403 3029 563 3081 sunt.

2152 620 2242 674 xui
2275 618 2690 691 Διοκλητιανοῦ,
2725 621 2816 675 xui
2844 620 2911 675 τὰ
2941 616 3152 673 δώδεκα
3185 614 3372 687 ζώδια,
3404 616 3440 685 ἦ
3472 636 3530 670 τε
3590 613 3829 681 Σελιιςνιι⁸

2153 712 2241 766 xui
2294 715 2328 781 ἡ
2393 710 2718 791 Ἀφροδίτη,
2779 714 2870 767 καὶ
2928 713 2955 766 6
3014 707 3343 785 Ἀρκτοῦρος
3422 708 3621 780 ἀστὴρ,
3677 706 3835 778 παρὰ

2155 798 2251 855 δύο
2311 807 2588 877 Περσικῶν
2645 801 2865 872 στηλῶν
2931 800 3356 875 βασταζόμενος,
3389 796 3476 852 καὶ
3537 798 3565 851 6
3614 796 3835 854 Νότιος

2154 890 2358 959 Πόλος,
2410 892 2499 945 καὶ
2552 894 2586 961 ἡ
2637 891 2807 967 ἱέρεια
2852 899 2951 961 τῆς
2980 892 3236 959 Ἀθηνᾶς,
3271 888 3375 943 ἀπὸ
3420 891 3517 941 τοῦ
3571 885 3835 957 πλευροῦ

2153 981 2250 1048 τὴν
2297 981 2427 1055 Ἰριν
2482 979 2838 1057 ἀφιλοσόφως
2910 978 3273 1053 μαντεύουσαν
3330 974 3553 1052 ἔχουσα.
3604 976 3710 1032 Ἐκ
3772 971 3832 1027 δὶ

2152 1074 2259 1124 τῶν
2320 1074 2657 1144 Χριστιανῶν
2731 1069 2829 1123 οὐκ
2908 1068 3088 1142 ὀλίγαι
3174 1068 3297 1141 μὲν⁴
3344 1066 3418 1129 ὡς
3480 1064 3677 1118 εἶπον·
3735 1062 3833 1116 xui

2156 1156 2274 1213 δέον
2332 1159 2391 1212 ἐκ
2444 1162 2552 1213 τῶν
2606 1156 2834 1213 πολλῶν
2897 1157 3085 1234 ὀλίγας
3145 1157 3353 1212 εἰπεῖν’
3414 1152 3832 1209 Κωνσταντίνου

2153 1254 2250 1302 τοῦ
2305 1248 2584 1323 Μεγάλου,
2628 1248 2715 1302 καὶ
2774 1249 3151 1318 Κώνσταντος,
3201 1245 3288 1300 xui
3344 1241 3581 1315 Γάλλου,
3614 1239 3831 1297 8:030-

2157 1338 2276 1391 σίου
2328 1358 2384 1391 τε
2435 1338 2526 1392 xui
2587 1336 2913 1406 Ἰουλιανοῦ,
2969 1336 3059 1391 xui
3116 1332 3412 1391 Θεοδοσίου
3454 1337 3551 1387 τοῦ
3604 1332 3829 1406 ἑτέρου,

2156 1426 2245 1480 xui
2306 1425 2593 1500 Ἀρχαδξου
2647 1427 2769 1480 υἱοῦ
2822 1424 2985 1480 αὐτοῦ
3021 1470 3035 1494 ,
3094 1424 3184 1478 καὶ
3264 1423 3598 1497 Σεραπίονος
3682 1419 3827 1475 fmi-

2155 1536 2273 1585 του,
2333 1514 2421 1569 καὶ
2480 1514 2703 1584 Ἑλένης
2767 1515 2972 1586 μητρὸς
3054 1511 3455 1570 Κωνσταντίνου
3521 1515 3673 1586 τρεῖς
3709 1529 3723 1541 °
3790 1512 3828 1577 ἡ

2160 1605 2254 1677 μὶν
2291 1604 2389 1676 μία
2446 1602 2701 1680 πορφύρα
2760 1599 2849 1657 διὰ
2909 1601 3242 1678 μαργάρων·
3307 1602 3342 1669 ἡ
3406 1596 3464 1654 δὲ
3521 1598 3679 1673 έτέρα
3737 1594 3830 1650 διὰ

2157 1691 2409 1770 ψηφίδων
2473 1694 2718 1767 ἀργυρῶν
2760 1690 2811 1745 ἐν
2871 1696 2951 1763 τῷ
3009 1690 3209 1767 χαλκῷ
3261 1690 3425 1759 κίονι,
3457 1687 3543 1741 xui
3597 1689 3632 1756 ἡ
3669 1684 3831 1753 ἄλλη

2158 1779 2541 1861 ἐλεφαντώδης
2618 1780 2838 1857 Κύπρου
2916 1780 3149 1857 ῥήτορος
3207 1776 3660 1854 προσενέγκαντος
3694 1795 3707 1807 ·
3767 1774 3833 1835 ἃς

2159 1871 2537 1932 Ἰουστινιανὸς
2593 1870 2817 1946 μερίσας
2872 1867 2923 1923 ἐν
2987 1872 3054 1941 τῇ
3125 1866 3286 1923 πόλει
3360 1866 3485 1943 ναὸν
3567 1868 3830 1938 μὲγιτσον

2158 1960 2413 2036 ἀνήγειρε
2471 1959 2606 2031 μετὰ
2663 1959 2898 2019 πίστεως
2956 1956 3045 2012 xui
3102 1956 3274 2020 πόθου
3332 1952 3549 2010 πολλοῦ
3584 1971 3597 1985 ·
3647 1954 3702 2006 οἳ
3772 1950 3832 2005 δὲ

2159 2048 2546 2124 πεπειράμενοι
2640 2052 2747 2103 τῶν
2844 2045 3261 2123 προειρημένων
3300 2086 3315 2112 ,
3391 2042 3829 2117 περιερχόμενοι

2158 2140 2255 2209 τὴν
2314 2136 2515 2206 πόλιν,
2575 2137 2666 2191 xui
2728 2140 3013 2207 ζητοῦντες
3073 2134 3276 2206 αὐτὰς,
3338 2132 3656 2206 εὑρήσουσιν
3723 2130 3834 2184 οὒκ

2163 2227 2373 2303 ὀλίγας.

2164 2334 2293 2411 Περὶ
2335 2338 2442 2389 τῶν
2494 2332 2708 2404 στηλῶν
2758 2336 2865 2388 τῶν
2887 2331 3225 2411 ῌὶσταμένων
3257 2328 3310 2384 έν
3337 2333 3416 2400 τῷ
3459 2325 3617 2399 δεξιῷ
3663 2325 3835 2400 μέρει

2818 2408 2916 2458 τοῦ
2949 2404 3153 2478 Φόρου.

2238 2500 2322 2550 Ἐν
2375 2491 2431 2549 δὲ
2478 2498 2557 2565 τῷ
2603 2491 2761 2565 δεξιῷ
2796 2492 2945 2567 μέρει
2975 2495 3071 2547 τοῦ
3127 2491 3309 2565 Φόρου
3366 2492 3463 2543 τοῦ
3519 2484 3832 2553 ἀνατολῆς,

2166 2582 2408 2656 ἐδέξαντο
2465 2580 2669 2652 στήλας
2726 2586 3006 2659 πορφυρᾶς
3069 2577 3160 2634 διὰ
3218 2579 3519 2653 μαρμάρων
3582 2576 3670 2650 ιβ’,
3733 2576 3832 2628 xui

2168 2679 2421 2748 σειρῆνας
2477 2669 2707 2741 δώδεκα,
2768 2669 2983 2733 ἅστινας
3069 2670 3122 2723 οἱ
3206 2666 3411 2721 πολλοὶ
3470 2664 3669 2725 ἵππους
3731 2675 3834 2726 θα-

2168 2761 2421 2824 λασσίους
2479 2760 2755 2817 καλοῦσι’
2812 2752 3194 2835 χρυσέμϐαφοι
3248 2754 3305 2811 δὶ
3360 2756 3513 2825 ἦσαν.
3584 2752 3705 2808 Ἐπὶ
3776 2750 3838 2806 δὲ

2166 2854 2327 2925 ἡμῶν
2356 2850 2490 2906 έπτᾶ
2526 2851 2685 2923 μόναι
2742 2851 3103 2923 καθορῶνται·
3145 2846 3239 2907 τὰς
3302 2841 3358 2900 δὶ
3412 2849 3557 2920 τρεῖς
3610 2842 3659 2913 ἐξ
3725 2841 3835 2895 αὖ·

2164 2946 2271 2997 τῶν
2319 2940 2370 2996 έν
2423 2945 2541 3004 τοῖς
2595 2943 2691 2994 τοῦ
2720 2936 2915 3013 Ἀγίου
2970 2938 3262 3010 Μάμαντος
3326 2931 3538 3008 μέρεσιν
3596 2929 3836 2999 ἔθηκαν,

2164 3032 2253 3086 καὶ
2282 3030 2337 3085 αἱ
2369 3028 2561 3084 λοιπαὶ
2595 3026 2794 3098 στῆλαι
2826 3027 3117 3095 σώζονται.

997 3135 1072 3190 De
1100 3134 1399 3190 simulacro
1424 3149 1571 3192 aereo
1599 3137 1853 3193 Fortunae
1881 3137 2054 3208 urbis,
2086 3139 2227 3209 quod
2256 3141 2315 3192 in
2344 3138 2605 3195 orientali
2637 3138 2768 3194 Fari
2796 3152 2930 3193 arcu
2957 3133 3227 3189 exstabat.

481 3232 738 3287 Fortuna
771 3232 933 3288 urbis
964 3250 1122 3288 aenea
1152 3250 1285 3288 cum
1319 3234 1580 3308 calyptra
1625 3236 1816 3308 posita
1846 3240 1969 3292 erat
1997 3237 2056 3292 in
2088 3239 2132 3305 C

406 3319 674 3376 orientali
723 3337 858 3376 arcu
901 3321 1032 3391 fori,
1072 3323 1244 3393 cujus
1289 3340 1524 3392 manus,
1589 3329 1654 3380 ut
1709 3326 1894 3392 aiunt,
1946 3327 2051 3381 Mi-

405 3409 569 3465 chael
620 3409 939 3482 Rhangabe
1003 3411 1299 3481 amputari
1359 3413 1557 3483 jussit,
1624 3429 1695 3469 ne
1774 3414 2054 3470 factiones

404 3497 605 3571 populi
653 3504 857 3556 contra
903 3499 1287 3572 imperatores
1338 3501 1645 3574 quidpiam
1698 3502 1889 3559 moliri
1923 3519 2056 3574 pos-

408 3592 556 3644 sent.

406 3695 481 3749 De
532 3711 690 3751 cruce
752 3696 907 3768 cujus
966 3698 1256 3768 inscriptio
1313 3703 1414 3769 est,
1486 3698 1745 3766 Sanctus,
1815 3705 2057 3770 sanctus,

1112 3778 1352 3825 sanctus.

476 3852 788 3909 Sciendum
820 3858 931 3922 est,
964 3872 1223 3922 crucem,
1271 3857 1333 3910 in
1382 3855 1551 3926 cujus
1584 3855 1776 3911 medio
1823 3856 2059 3929 legitur,

404 3946 670 4012 Sanctus,
701 3947 968 4014 sanctus,
1001 3950 1264 4014 sanctus,
1299 3962 1333 4000 a
1364 3944 1610 4016 prmeide
1655 3945 1778 4000 Fori
1828 3946 2061 4002 dedica-

406 4034 526 4085 tam
560 4047 690 4087 esse
723 4048 736 4085 :
773 4032 873 4087 ubi
901 4033 1081 4088 etiam
1112 4035 1363 4090 duorum
1406 4033 1748 4105 angelorum
1781 4038 1838 4089 et
1872 4034 2063 4107 ipsius

407 4119 779 4175 Constantini
820 4125 877 4176 et
924 4121 1151 4179 Helene
1202 4127 1430 4190 statuas,
1482 4140 1516 4178 a
1566 4123 1786 4180 dextris
1835 4128 1891 4180 et
1916 4124 2063 4179 sini-

410 4208 546 4262 stris
596 4213 991 4265 asservantur.
1043 4216 1110 4267 In
1158 4211 1428 4268 orientali
1501 4216 1695 4267 autem
1745 4230 1880 4269 arcu
1934 4213 2062 4269 Fori

414 4294 905 4368 Constantiniani,
938 4315 1081 4355 crux
1109 4304 1199 4355 est
1227 4304 1467 4373 argento
1517 4301 1793 4371 obducta,
1842 4303 2065 4359 habens

415 4384 473 4437 in
503 4386 977 4444 extremitatibus
1009 4390 1279 4445 rotundis
1328 4389 1574 4458 malum,
1616 4408 1794 4463 quam
1844 4392 2062 4447 ibidem

413 4471 838 4530 Constantinus
866 4478 1069 4547 erexit,
1102 4494 1218 4550 qua
1247 4479 1438 4534 forma
1484 4478 1649 4535 illam
1694 4481 1753 4535 in
1804 4480 1947 4535 caelo
1976 4479 2065 4534 vi-

411 4561 601 4617 derat.
634 4561 679 4616 li
710 4578 844 4618 vero
875 4564 975 4636 qui
1006 4565 1261 4621 inaurati
1292 4566 1759 4639 conspiciuntur,
1800 4568 1906 4623 filii
1936 4569 2065 4639 ejus
2096 4604 2143 4669 Β

410 4655 571 4707 sunt.
604 4650 864 4722 Itemque
888 4654 948 4708 in
980 4654 1239 4711 sinistris
1270 4656 1537 4728 partibus
1561 4655 1844 4713 terribilis
1876 4656 2068 4729 posita

408 4743 533 4794 erat
564 4738 893 4811 elephantis
941 4747 1155 4815 statua,
1206 4761 1385 4817 prope
1434 4745 1751 4802 maximam
1785 4749 2064 4815 statuam,

410 4828 509 4882 ubi
544 4828 811 4885 mirabile
842 4833 1240 4903 spectaculum
1270 4834 1504 4889 accidit.
1528 4835 1673 4889 Nam
1704 4838 1873 4890 terris
1903 4840 2064 4890 motu

407 4918 577 4983 facto,
602 4917 839 4990 elephas
869 4921 1166 4993 collapsus
1198 4927 1309 4993 est,
1343 4939 1408 4978 ac
1462 4939 1617 4978 unus
1668 4924 2066 4995 posteriorum

411 5007 537 5077 ejus
565 5009 778 5079 pedum
809 5010 1101 5067 eﬁ'ractus.
1149 5011 1412 5067 Praefecti
1442 5028 1577 5067 vero
1610 5013 1894 5084 Taxeotae,
1917 5029 2067 5085 quos

411 5096 591 5151 moris
619 5102 742 5152 erat
772 5098 964 5154 forum
996 5101 1315 5169 custodire,
1365 5105 1740 5158 accurrentes
1788 5102 2064 5174 elephan-

407 5187 526 5241 tem
558 5192 885 5254 erexerunt,
918 5205 985 5245 ac
1015 5190 1277 5262 corporis
1309 5190 1553 5246 humani
1583 5191 1795 5264 integri
1819 5196 2066 5263 utraque

406 5290 541 5328 ossa
572 5274 947 5346 invenerunt,
981 5282 1038 5334 et
1064 5277 1339 5335 tabellam
1374 5277 1468 5335 cui
1515 5278 1863 5351 inscriptum
1891 5286 2017 5337 erat
2048 5307 2062 5339 :

407 5363 447 5416 A
507 5363 707 5419 Venere
755 5366 968 5437 virgine
1020 5374 1207 5423 sancta
1249 5384 1319 5423 ne
1367 5372 1583 5424 mortua
1632 5369 1850 5440 quidem
1878 5372 2063 5443 sejun-

404 5468 525 5520 gor.
561 5454 876 5511 Praefectus
910 5461 1105 5513 autem
1138 5457 1375 5529 signum
1408 5456 1553 5513 illud
1598 5459 1798 5515 aerario
1830 5460 2065 5532 publico

408 5540 614 5596 intulit
660 5542 721 5597 in
770 5560 1047 5603 nummos
1094 5546 1504 5619 redigendum.
1552 5547 1763 5603 Prester
1794 5549 2066 5620 superius

411 5634 759 5698 memorata,
810 5633 1109 5691 visebatur
1154 5652 1391 5707 porcus,
1459 5636 1862 5693 multitudinis
1915 5642 2064 5695 stre-

409 5716 600 5786 pitum
653 5718 969 5793 denotans,
1026 5728 1084 5778 et
1158 5722 1421 5794 proxime
1496 5725 1655 5782 nuda
1715 5728 1932 5795 statua,
1989 5726 2068 5783 si-

2240 3236 2301 3292 Ἥ
2358 3232 2415 3289 δὶ
2472 3234 2627 3308 Τύχη
2684 3240 2783 3302 τῆς
2843 3230 3058 3294 πόλεως
3119 3230 3305 3306 χαλκή
3362 3230 3496 3302 μετὰ
3550 3223 3835 3301 μοδιόΑου

2156 3321 2346 3379 ’ἰστατο
2404 3323 2453 3377 ἐν
2513 3326 2581 3396 τῇ
2641 3320 2941 3395 ἀνατολικῇ
2995 3317 3284 3394 ἀψίδι,ἣν,
3318 3314 3539 3395 ἔφησαν.
3577 3313 3829 3389 Μιχαὴλ

2165 3415 2193 3469 6
2252 3407 2515 3488 Ῥαγγαὸὶ
2567 3416 3059 3486 χειροκοπηθῆναι,
3095 3406 3184 3463 διὰ
3232 3409 3295 3462 τὸ
3356 3408 3430 3479 μὴ
3491 3404 3697 3479 ἰσχύειν
3754 3403 3831 3458 τὰ

2170 3500 2235 3573 δη
2248 3500 2445 3575 μοτικδι
2480 3501 2616 3577 μέρη
2648 3500 2783 3554 κατά
2810 3502 2918 3553 τῶν
2948 3496 3281 3572 ἀνακτόρων.

2168 3697 2302 3765 Ηερὶ
2356 3702 2454 3753 τοῦ
2533 3700 2763 3772 σταυροῦ
2822 3700 2939 3820 τοῦἅ
2990 3695 3318 3772 γράφοντοςο
3377 3693 3592 3766 “Αγιος,
3651 3690 3840 3763 ἅγιος,

2939 3787 3075 3820 νιος.

2939 3787 3075 3840 γιος.

2243 3859 2456 3926 Ἰστέον,
2491 3856 2573 3913 ὅτι
2607 3858 2635 3911 ὁ
2668 3856 2895 3931 σταυρὸς
2921 3857 2947 3910 ὖ
2978 3847 3405 3927 μεσοσυλλαϐῶν
3436 3848 3524 3905 καὶ
3556 3849 3835 3923 ἀναγινω-

2171 3947 2455 4020 σκόμενος,
2486 3950 2695 4022 Ἄγιος,
2739 3946 2909 4021 ἅγιος,
2953 3945 3131 4019 ἅγιος,
3173 3943 3319 4016 παρὰ
3357 3944 3454 3995 τοῦ
3502 3959 3833 4014 πρωτοσταο

2170 4041 2393 4098 τοῦντος
2423 4040 2502 4108 τῷ
2548 4035 2715 4108 Φόρῳ
2764 4032 3124 4109 ἀνηγορεύθη·
3159 4029 3303 4093 ἔνθεν
3361 4027 3451 4083 xui
3506 4025 3603 4081 δύο
3653 4048 3840 4103 ταχυ-

2173 4124 2421 4203 δρόμων,
2458 4126 2545 4179 xui
2602 4123 2768 4178 αὐτοῦ
2824 4126 2923 4177 τοῦ
2974 4119 3401 4189 Κωνσταντίνου,
3454 4117 3545 4171 xui
3601 4115 3845 4186 Ἑλένης

2172 4213 2232 4269 ἐκ
2261 4204 2449 4284 δεξιῶν
2480 4213 2570 4267 xui
2621 4210 2673 4282 ἐξ
2726 4210 3022 4283 εὐωνύμων
3063 4210 3329 4277 σώζονται
3374 4204 3592 4275 στῆλαι.
3623 4204 3713 4265 Εἲς
3781 4202 3851 4260 δὲ

2170 4304 2269 4372 τὴν
2332 4299 2659 4368 ἆνατολιγήν
2718 4296 2885 4372 ἆψίδα
2935 4302 3032 4352 τοῦ
3092 4297 3588 4351 Κωνσταννινιακοῦ
3645 4294 3846 4367 Φόρου

2174 4391 2401 4464 σταυρὸς
2468 4385 2980 4465 ἀργυρέμπλαστος,
3030 4386 3116 4440 xui
3178 4384 3229 4439 ἐν
3287 4385 3406 4446 τοὶς
3466 4382 3847 4457 ἀκρωτηρίοις

2174 4477 2531 4555 στρογγύλοις
2566 4476 2768 4551 μῆλον,
2803 4476 2853 4531 έν
2888 4473 3034 4547 αύτῷ
3082 4479 3161 4545 τῷ
3209 4473 3364 4545 τόπῳ
3417 4470 3687 4547 ἀνηγέρθη
3726 4471 3845 4526 ὑπὸ

2175 4568 2599 4639 Κωνσταντίνου,
2660 4567 2733 4628 ὡς
2801 4564 3054 4629 ἐθεάσατο
3125 4560 3281 4617 αὐτὸν
3344 4559 3396 4615 έν
3455 4564 3535 4631 τῷ
3590 4560 3840 4634 οὐρανῷ.

2174 4659 2241 4717 Οἱ
2300 4655 2357 4711 δὲ
2409 4651 2793 4733 χρυσέμϐαφοι
2850 4653 2960 4708 υἱοὶ
3013 4653 3179 4707 αὐτοῦ
3235 4650 3337 4705 εἶσι
3388 4650 3481 4703 xui
3538 4647 3842 4721 ἐλέφαντος

2173 4746 2349 4817 στήλη
2397 4744 2588 4801 ’ἕστατο
2644 4739 2851 4822 φοϐερὰ
2880 4740 2935 4797 έν
2964 4746 3082 4805 τοῖς
3113 4738 3416 4813 εὐωνύμοις
3446 4738 3629 4813 μέρεσι
3686 4733 3839 4805 πλη-

2174 4837 2290 4890 σίον
2337 4839 2436 4901 τῆς
2512 4832 2756 4911 μεγάλης
2833 4829 3043 4902 στήλης
3078 4849 3092 4863 ·
3156 4828 3281 4893 ἔνθα
3354 4825 3443 4883 xui
3523 4823 3834 4903 παράδοξον

2174 4922 2445 4979 έδείκνυτο
2493 4922 2686 4996 θέαμα·
2722 4924 2950 4994 σεισμοῦ
3006 4920 3109 4995 γὰρ
3167 4918 3464 4993 γενομένου
3520 4914 3611 4970 xui
3673 4913 3843 4975 αὐτὸς

2174 5013 2448 5082 πέπτωκε,
2482 5018 2576 5067 καῖ
2633 5008 2890 5069 ἀπώλετο
2948 5008 3041 5064 τὸν
3098 5003 3193 5062 ἵνα
3248 5002 3392 5062 πόδα
3448 5005 3540 5060 τὸν
3595 5000 3842 5098 ὄπισθεν,

2176 5103 2227 5157 οἱ
2261 5099 2318 5156 δὲ
2348 5105 2444 5156 τοῦ
2474 5100 2721 5177 ἐπάρχου
2746 5101 3006 5171 ταξεῶται
3039 5092 3179 5169 (ἔθος
3206 5093 3307 5169 γὰρ
3336 5094 3430 5148 τὸν
3481 5092 3663 5168 Φόρον
3710 5111 3822 5165 παρ

2175 5191 2348 5246 αὐτῶν
2448 5189 2835 5268 φυλάττεσθαι)
2921 5182 3348 5261 συνδραμοῦντες
3426 5179 3651 5257 ἤγειραν
3731 5182 3828 5235 τὸν

2176 5279 2459 5358 ἐλέφαντα,
2492 5278 2583 5333 xui
2638 5279 2790 5349 εὗρον
2851 5274 3049 5331 ἔσωθεν
3107 5273 3271 5328 αὐτοῦ
3320 5273 3388 5327 τὰ
3442 5271 3574 5325 ὀστᾶ
3619 5271 3835 5344 ἀνθρώ-

2174 5389 2279 5423 που
2310 5367 2589 5446 ἂμφότερα
2614 5368 2748 5421 δΛου
2778 5368 2874 5420 τοῦ
2906 5364 3180 5436 σώματος,
3212 5361 3302 5416 καὶ
3348 5358 3534 5430 πυξίον
3602 5360 3827 5432 μικρὸν,

2176 5457 2237 5511 οὗ
2294 5454 2344 5511 ἐν
2402 5460 2472 5529 τῇ
2539 5454 2751 5534 κεφαλῇ
2828 5449 3102 5528 ἔγραψεν·
3165 5446 3492 5528 Ἀφροδίτης
3565 5449 3839 5522 παρθένου

2176 5545 2322 5620 ἲερᾶς
2400 5542 2526 5600 οὐδὲ
2585 5547 2821 5609 θανοῦσα
2876 5540 3213 5617 χωρίζομαι.
3269 5542 3439 5613 Ὅπερ
3484 5538 3528 5594 ‘6
3581 5534 3830 5612 ιπαρχος

2172 5638 2252 5706 τῷ
2282 5631 2539 5707 δημοσίῳ
2594 5634 2929 5709 προσέθηκεν
2985 5629 3060 5691 εἷς
3106 5627 3325 5701 νουμία.
3358 5628 3489 5689 Τοῖς
3532 5622 3839 5702 προαναδε-

2180 5719 2480 5795 δηλωκόσι,
2512 5722 2604 5779 καὶ
2659 5725 2855 5797 χοῖρος
2905 5716 3095 5785 ’ἕστατο
3141 5716 3426 5791 σημαίνων
3454 5717 3555 5787 τὴν
3589 5715 3836 5793 κραυγὴν
