4056 6346
216 423 381 485 1213

1350 418 1713 484 ANONYMI
1759 400 2345 490 ANTIQUITATES
2388 417 2507 480 cp.

3478 416 3636 477 42M

208 559 315 621 τῆς
373 551 730 630 πανηγύρεως
762 571 775 586 ο
823 550 912 607 καὶ
968 552 1150 628 γυμνὴ
1210 548 1468 613 ὡσαύτως
1528 548 1707 622 στήλη
1769 568 1867 619 ση-

1983 547 2271 621 gniﬁcans
2303 547 2731 619 impudentiam
2772 563 2977 604 eorum
3025 546 3129 619 qui
3161 550 3367 603 eruunt
3407 552 3468 604 et
3495 565 3638 606 ven-

220 641 486 716 μαίνουσα
539 642 600 696 τὸ
658 639 1014 718 ἀναίσχυντον
1073 645 1180 697 τῶν
1238 662 1299 696 τε
1353 634 1724 718 ἀγοραζόντων
1780 637 1869 692 καὶ

216 728 559 786 πωλούντων
571 772 583 786 .

218 840 352 912 Περὶ
408 842 506 893 τοῦ
565 838 949 913 Συστηματίου
984 883 998 909 ,
1060 842 1158 913 τοῦ
1233 839 1285 893 έν
1343 842 1425 910 τῷ
1482 838 1649 913 Φόρῳ
1712 836 1872 909 μέσον

890 911 1209 983 ἱσταμένου.

294 998 675 1072 Συστημάτιον
754 996 812 1053 δὲ
873 1000 1035 1072 μέσον
1094 1003 1192 1055 τοῦ
1252 999 1436 1072 Φόρου
1490 993 1723 1066 ἕνζωδον
1785 994 1873 1050 ἐπὶ

212 1088 419 1143 κιόνων
469 1088 775 1162 ἱστάμενον,
806 1088 896 1143 καὶ
955 1086 1007 1142 ἐν
1055 1088 1201 1161 αὖτῷ
1241 1084 1448 1158 δηλοῦν
1487 1087 1584 1148 τὰς
1637 1084 1876 1159 ἱστορίας

208 1180 324 1231 τῶν
379 1175 697 1249 μελλόντων
757 1175 1004 1252 ἐσχάτως
1058 1176 1295 1252 γίνεσθαι
1356 1174 1442 1230 ἐπὶ
1476 1174 1645 1247 ταύτᾳ
1672 1177 1742 1248 τῇ
1773 1172 1877 1228 πό-

215 1262 307 1320 λει
342 1285 356 1299 ο
405 1267 457 1319 οἱ
517 1262 574 1319 δὲ
639 1261 971 1334 στηλωτικοὶ
1029 1269 1137 1320 τῶν
1197 1262 1651 1337 ἀποτελεσμάτων
1708 1266 1875 1317 ταῦτα

209 1357 395 1409 πάντα
453 1354 712 1409 συνίασιν.
760 1352 1082 1424 εἘστήλωσε
1133 1351 1191 1409 δὲ
1220 1354 1357 1409 αὐτά
1402 1351 1776 1414 Ἀπολλώνιος
1843 1352 1871 1406 ὁ

213 1442 457 1505 Τυανεὺς
487 1441 859 1518 παρακληθεὶς
888 1442 1034 1517 παρὰ
1064 1441 1467 1497 Κωνσταντίνου
1491 1446 1587 1495 τοῦ
1619 1440 1874 1516 Μεγάλου

204 1533 307 1588 καί
339 1532 598 1597 εἰσελθὼν
632 1531 983 1607 ἐστοιχείωσε
1011 1532 1077 1587 τὰ
1108 1531 1346 1605 ὀνόματα
1382 1539 1482 1602 τῆς
1534 1530 1872 1605 ἐπικρατείας

201 1620 319 1686 ἓως
346 1623 541 1685 τέλους
576 1621 808 1679 αἰώνων.

209 1730 350 1803 Περὶ
380 1733 479 1784 τοῦ
508 1733 624 1791 πῶς
655 1726 831 1803 ἔκτισε
874 1729 975 1803 τὴν
1006 1725 1192 1794 πόλιν,
1211 1727 1313 1803 *ὅτε
1352 1725 1544 1803 ἐξῆλθε
1577 1726 1710 1801 μετά
1762 1730 1871 1781 τῶν

583 1795 1001 1876 μεγιστάνων-ἒν
1031 1804 1111 1872 τῷ
1141 1800 1307 1876 Φόρῳ
1337 1795 1515 1869 πεζός.

288 1892 414 1947 ’Ὁτι
473 1886 694 1963 μέλλων
725 1888 901 1944 κτίσαι
929 1889 1028 1957 τήν
1064 1888 1225 1944 πόλιν
1256 1889 1283 1942 6
1339 1889 1526 1963 Μέγας
1580 1893 1873 1943 Κωνσταν-
1906 1926 1951 1991 Β

204 1985 390 2048 τῖνος,
435 1980 525 2033 καὶ
558 1976 794 2056 ὀφείλων
840 1977 1005 2048 παῖξαι
1065 1978 1127 2032 τὸ
1158 1974 1434 2050 θεμέλιον,
1493 1976 1582 2031 καὶ
1639 1973 1870 2049 κατεμέ-

206 2089 413 2145 τρησεν
472 2066 680 2139 αὐτὴν,
754 2067 919 2136 πεζὸς
974 2066 1205 2137 ἐξελθὼν
1261 2066 1395 2139 μετὰ
1447 2070 1556 2121 τῶν
1619 2066 1870 2143 μεγιστά-

203 2179 322 2213 των
372 2156 557 2227 αὐτοῦ,
587 2155 678 2211 καὶ
737 2153 911 2210 ὶλθὼν
968 2154 1043 2217 εἱς
1093 2156 1184 2210 τὸν
1220 2155 1422 2229 Φόρον,
1456 2156 1603 2210 εἶπον
1637 2154 1783 2227 αὐτῷ
1818 2154 1870 2208 οἱ

206 2243 499 2322 ἄρχοντες
565 2246 716 2301 Ποίει
776 2245 934 2306 τέλος
983 2250 1080 2314 τορ
1134 2244 1374 2321 τείχους,
1408 2242 1660 2302 δέσποτα.
1696 2245 1869 2298 Ἐκεῖ-

212 2357 311 2398 νος
371 2333 427 2390 δὲ
478 2330 603 2412 ἔφη’
662 2334 805 2409 Οὐχὶ
850 2333 954 2395 ἕως
1007 2332 1069 2389 οὗ
1137 2338 1236 2408 στῇ
1295 2334 1323 2388 6
1369 2333 1690 2409 προάῦωγὸς
1740 2353 1869 2406 μου,

209 2424 396 2480 ἐκεῖσε
452 2423 757 2500 πληρώσω.
818 2423 996 2505 Μόνος
1024 2423 1124 2499 γὰρ
1173 2422 1329 2487 οὗτος
1376 2422 1519 2498 έώρα
1557 2424 1647 2478 τὸν
1707 2419 1867 2497 ἅγγε-

207 2512 339 2569 λον.
400 2511 680 2576 Ἀπελθὼν
709 2509 766 2567 δὶ
800 2512 965 2588 μέχρι
1019 2515 1117 2566 τοῦ
1166 2510 1512 2583 Ἐξωκιονίου
1541 2511 1700 2581 πεζὸς
1737 2510 1871 2585 μετά

211 2603 403 2673 πάσης
432 2606 533 2674 τῇς
593 2600 931 2677 συγκλήτου,
990 2601 1163 2657 ἐκεῖσε
1194 2598 1251 2656 δὲ
1309 2598 1438 2657 ἰδὼν
1489 2603 1580 2657 τὸν
1642 2599 1870 2676 ἄγγελον

206 2692 322 2761 τήν
383 2690 651 2768 ῥομφαίαν
705 2690 869 2745 αὐτοῦ
924 2692 1173 2763 πήξαντα
1205 2733 1219 2757 ,
1286 2690 1377 2745 καὶ
1439 2690 1710 2764 μηνύοντα
1762 2686 1866 2753 ἕως

205 2781 330 2837 ἐκεῖ
387 2783 579 2854 στῇναι
636 2779 819 2849 αὐτὸν,
873 2780 963 2835 καὶ
1021 2778 1111 2835 διὰ
1164 2784 1326 2835 τοῦτο
1382 2778 1572 2853 ἔπηξεν
1640 2778 1753 2834 ἐκεῖ
1804 2779 1866 2834 τὸ

205 2874 429 2943 τεῖχοςο

680 2959 807 3033 Περὶ
858 2960 954 3012 τοῦ
999 2956 1403 3033 ’Λρτοπωλίου.

282 3067 376 3121 Ἐν
408 3061 463 3119 δὲ
490 3069 611 3127 τοῖς
672 3063 1068 3135 Ἀρτοπωλίοις
1125 3066 1354 3140 κυνάρια
1415 3059 1633 3136 ἔστησεν
1694 3062 1869 3120 εἷ’κοσε

201 3160 502 3231 περιφερῆ,
544 3152 635 3207 καὶ
658 3158 895 3221 ταῶνας,
919 3154 1009 3208 καὶ
1069 3152 1276 3224 ἀετοὺς,
1332 3153 1421 3208 καὶ
1482 3152 1718 3223 λεαίνας,
1778 3152 1867 3208 καί

203 3247 383 3317 κριῶν
439 3244 609 3318 κάρας
642 3286 657 3312 ,
726 3243 817 3297 καὶ
878 3245 1193 3317 στρουθῶν,
1251 3243 1342 3297 καὶ
1399 3243 1655 3318 κορώνης
1688 3285 1702 3311 ,
1774 3243 1863 3297 καὶ

200 3331 492 3407 τρυγόνος,
549 3331 639 3387 καὶ
692 3330 892 3407 γαλῆς,
949 3332 1040 3387 καὶ
1093 3329 1406 3405 δαμάλεως,
1465 3331 1555 3387 καὶ
1596 3330 1863 3408 Γοργόνας

206 3418 334 3493 δύο,
367 3421 491 3494 μίαν
528 3422 622 3495 μὲν
691 3420 751 3475 ἐκ
806 3419 1016 3492 δεξιῶν,
1048 3422 1136 3476 καὶ
1199 3419 1381 3495 ἱτέραν
1442 3420 1494 3491 ἐξ
1552 3420 1867 3494 εὐωνύμων,

200 3515 328 3565 κατ’
384 3508 509 3584 ὑψιν
539 3509 841 3587 ἀμφότεραι
895 3508 1217 3585 βλέπουσαι,
1271 3510 1377 3565 ἀπὸ
1431 3511 1732 3585 μαρμάρων
1779 3509 1870 3585 ἐγ-

204 3597 615 3674 γεγλυμμέναι,
663 3599 754 3653 καὶ
810 3598 1019 3674 χοίρων
1061 3598 1282 3673 ἀγέλας.
1341 3602 1580 3657 Ἱσταντο
1612 3596 1669 3654 δὶ
1702 3599 1867 3674 μέχρι

209 3688 493 3757 Ζήνωνος.
556 3684 802 3758 Γαληνὸς
832 3684 890 3742 δέ
913 3708 996 3750 τις
1029 3687 1213 3764 ἰατρὸς
1244 3687 1333 3743 καὶ
1363 3687 1663 3767 φιλόσοφος
1697 3688 1867 3762 ὑπάρ-

199 3797 351 3852 χων,
402 3776 573 3831 ἐκεῖσε
627 3777 959 3852 παραιωθεὶς
1012 3775 1127 3839 τὰς
1167 3778 1434 3853 Γοργόνας
1480 3775 1659 3855 ἔλεγεν
1717 3778 1868 3852 ἱερο-

207 3864 482 3942 γλυφικά,
513 3863 602 3919 καὶ
654 3864 1020 3941 ἀστρονομικὰ
1046 3869 1153 3920 τῶν
1209 3864 1548 3938 μελλόντων,
1608 3863 1869 3936 δηλώσασ

207 3954 310 4015 τὰς
344 3954 588 4030 ἱστορίας
636 3956 809 4016 πάσας
861 3953 954 4008 σὺν
998 3959 1113 4016 τοῖς
1177 3952 1404 4027 ὀνόμασι
1459 3953 1866 4010 Κωνσταντίνου

202 4046 311 4097 τοῦ
370 4040 630 4117 Μεγάλου
686 4041 1038 4104 τυπώσαντος
1084 4045 1270 4098 ταῦτα.
1332 4044 1441 4099 Τοῦ
1499 4038 1558 4097 δὲ
1613 4040 1866 4113 Γαληνοῦ

203 4131 301 4187 ἰπὶ
362 4129 630 4186 πλείστων
690 4132 1097 4206 συχνάσαντος,
1157 4130 1247 4185 καὶ
1302 4137 1420 4194 τοῖς
1480 4130 1867 4207 ἀναγνώσμασι

202 4219 559 4295 προσχόντος
592 4261 607 4287 ,
675 4219 743 4274 τὰ
825 4218 1101 4293 μέλλοντα
1152 4214 1462 4293 συμϐαίνειν
1519 4224 1598 4293 τῷ
1656 4222 1865 4292 Ζήνωνι

202 4309 361 4385 παρά
436 4307 674 4385 Βηρίνης
749 4307 996 4371 εἷπόντος
1049 4308 1139 4364 καὶ
1204 4309 1577 4385 γελάσαντος’
1650 4308 1864 4367 Καλλί-

206 4396 443 4473 στρατός
500 4417 583 4460 τις
641 4398 900 4475 συρφετὸς
926 4398 1184 4472 κάπημος
1239 4402 1308 4473 τῇ
1339 4400 1533 4475 τέχνῃ,
1589 4400 1723 4473 μετὰ
1766 4401 1867 4469 τήν

207 4483 476 4541 ἐπάνοδον
523 4487 775 4557 Ζήνωνος
796 4524 815 4555 ,
849 4481 1136 4543 διαϐάλλει
1166 4486 1258 4541 τὸν
1292 4484 1562 4557 Γαληνόν*
1601 4488 1629 4542 6
1661 4484 1720 4542 δὲ
1760 4489 1865 4559 Ζή-

203 4598 320 4631 νων
349 4579 540 4631 τοῦτον
576 4576 854 4650 ἄνῃρήκει,
884 4577 1014 4650 ὅπερ
1048 4573 1302 4651 λέγουσιν
1336 4574 1467 4631 εἶναι
1498 4575 1722 4648 ἀληθές·
1773 4578 1862 4632 καὶ

1985 638 2153 693 dunt

2206 833 2281 888 De
2307 847 2573 905 compage
2602 846 2726 905 quae
2750 834 2930 889 stabat
2960 834 3021 889 in
3049 832 3227 889 medio
3253 834 3396 890 Fari.

2056 992 2121 1048 In
2154 992 2348 1049 medio
2381 991 2511 1050 Fori
2543 1008 2858 1066 compages
2907 994 3180 1065 quaedam
3208 993 3390 1051 variis
3421 994 3640 1051 distin-

1985 1087 2078 1138 cta
2108 1081 2339 1156 ﬁguris,
2367 1081 2782 1153 columnisque
2829 1082 2978 1137 fulta
3022 1082 3342 1155 visebatur,
3377 1099 3503 1156 qua
3537 1100 3632 1141 res

1985 1170 2115 1228 urbi
2163 1170 2480 1244 aliquando
2532 1175 2841 1227 eventuras
2888 1170 3186 1227 indicabat
3227 1189 3242 1228 :
3284 1172 3386 1244 qui
3435 1177 3634 1230 autem

1987 1258 2504 1331 apotelesmaticen
2574 1263 2869 1330 exercent,
2928 1258 3052 1316 haec
3117 1260 3317 1316 omnia
3382 1265 3624 1320 norunt.

1985 1348 2267 1404 Caaterum
2318 1348 2439 1404 base
2464 1347 2813 1419 Apollonius
2842 1349 3112 1421 Tyaneus
3140 1350 3345 1419 erexit,
3378 1350 3633 1408 accersi-

1983 1442 2078 1493 tus
2133 1454 2168 1493 a
2224 1437 2610 1493 Constantino
2678 1437 2911 1509 Magno,
2970 1438 3161 1511 iisque
3219 1439 3457 1496 nomina
3525 1439 3639 1495 im.

1985 1530 2322 1599 peratorum
2381 1541 2570 1599 usque
2627 1527 2700 1584 ad
2767 1526 3114 1583 smculorum
3169 1527 3347 1585 finem
3404 1528 3636 1584 inscul-

1985 1615 2122 1687 psit.

1986 1722 2263 1791 Quomodo
2294 1722 2484 1797 urbem
2533 1721 2851 1797 aediﬁcavit,
2884 1723 3106 1797 quando
3150 1740 3264 1780 una
3293 1739 3419 1781 cum
3446 1739 3641 1797 proce-

2408 1794 2566 1850 ribus
2593 1796 2794 1850 Forum
2822 1795 2988 1867 pedes
3016 1796 3178 1852 adiit.

2054 1884 2198 1940 Cum
2225 1881 2399 1939 vellet
2419 1883 2623 1941 urbem
2653 1884 2903 1940 condere
2917 1884 3340 1942 Constantinus
3364 1886 3636 1958 Magnus,

1980 1991 2047 2031 ac
2077 1976 2463 2031 fundamenta
2502 1976 2720 2047 jacere,
2756 1992 3000 2033 mensus
3031 1980 3123 2033 est
3151 1975 3369 2050 ipsam,
3399 1991 3638 2048 unaque

1979 2081 2113 2120 cum
2144 2065 2486 2137 proceribus
2518 2063 2645 2122 suis
2693 2066 2870 2137 pedes
2918 2065 3078 2134 exiit,
3112 2069 3287 2139 atque
3317 2067 3390 2122 ad
3422 2067 3633 2123 Forum

1978 2152 2284 2226 processit,
2346 2170 2461 2226 quo
2522 2154 2622 2210 ubi
2672 2162 3014 2228 perventum
3061 2154 3193 2227 fuit,
3248 2155 3532 2229 inquiunt
3576 2155 3633 2212 ei

1978 2257 2266 2314 proceres,
2299 2242 2426 2314 Hic,
2458 2243 2717 2313 domine,
2744 2259 2914 2300 muro
2943 2247 3135 2301 statue
3162 2243 3508 2301 terminum.
3530 2242 3636 2299 Ille

1976 2347 2111 2388 vero
2142 2331 2447 2404 respondit
2475 2347 2490 2387 :
2522 2332 2676 2402 Non,
2727 2333 2844 2390 nisi
2874 2334 2927 2389 is
2956 2334 3060 2405 qui
3090 2347 3184 2389 me
3215 2333 3489 2405 praecedit
3516 2333 3633 2388 du-

1977 2425 2104 2476 ctor
2131 2420 2479 2477 constiterit.
2514 2422 2693 2478 linem
2724 2421 2957 2479 faciam.
2982 2422 3157 2479 Solus
3184 2422 3342 2478 enim
3371 2421 3501 2495 ipse
3525 2437 3629 2479 an-

1976 2510 2171 2582 gelum
2200 2511 2456 2568 videbat.
2501 2511 2855 2585 Progressus
2903 2513 3089 2585 igitur
3135 2514 3315 2584 pedes
3345 2530 3482 2570 cum
3510 2516 3634 2569 toto

1978 2605 2184 2656 senatu
2235 2615 2426 2673 usque
2473 2600 2545 2657 ad
2591 2600 2993 2672 Exocionium,
3022 2602 3171 2658 vidit
3217 2601 3299 2659 ibi
3331 2602 3633 2676 angelum,

1978 2688 2168 2746 deﬁxa
2194 2689 2254 2746 in
2305 2695 2524 2747 terram
2574 2690 2931 2763 rhompbaaa,
2963 2690 3237 2749 stationis
3285 2692 3521 2748 initium
3552 2692 3639 2750 fa-

1978 2794 2105 2835 cere
2157 2794 2171 2836 :
2223 2796 2407 2852 quare
2447 2779 2575 2852 ipse
2621 2795 2856 2852 quoque
2907 2779 2991 2838 ibi
3040 2780 3325 2850 substitit,
3357 2784 3417 2837 et
3453 2780 3635 2837 ﬁnem

1979 2884 2151 2925 muro
2181 2868 2412 2926 statuit.

2601 2964 2679 3016 De
2706 2960 3003 3031 Artopoli'o.

2051 3069 2113 3122 In
2143 3065 2466 3139 Artopoliis
2518 3066 2763 3123 catellos
2817 3065 3024 3139 viginti
3083 3063 3530 3137 circumposuit,
3581 3068 3641 3121 et

1978 3170 2257 3228 pavones,
2291 3155 2543 3229 aquilas,
2578 3156 2811 3224 leaenas,
2836 3153 3088 3211 arietum
3118 3154 3335 3227 capita,
3360 3157 3419 3209 et
3440 3169 3638 3226 passe-

1978 3260 2134 3313 rum,
2166 3244 2419 3301 cornicis
2451 3244 2613 3314 item,
2642 3244 2917 3313 turturis,
2953 3242 3082 3300 felis
3121 3248 3179 3300 et
3208 3242 3458 3315 bucula,
3487 3242 3638 3300 Gor-

1978 3349 2160 3406 gones
2190 3334 2358 3401 duas,
2383 3332 2561 3389 aliam
2592 3350 2626 3389 a
2656 3332 2897 3403 dextris,
2913 3331 3147 3406 aliamla
3170 3332 3455 3404 sinistris,
3489 3331 3638 3389 facie

1978 3421 2091 3478 sibi
2123 3421 2374 3477 invicem
2414 3421 2695 3477 obversus
2722 3436 2790 3476 ex
2820 3420 3218 3477 marmoribus
3250 3419 3538 3492 scalptas,
3569 3434 3637 3474 ac

1977 3511 2214 3567 demum
2259 3525 2572 3582 porcorum
2621 3524 2849 3582 greges.
2882 3508 3271 3565 Perstiterunt
3299 3512 3500 3564 autem
3532 3523 3640 3563 us-

1977 3615 2093 3674 que
2121 3599 2193 3656 ad
2244 3599 2558 3655 Zenonem.
2610 3598 2895 3653 Castorum
2928 3597 3186 3654 Galenus
3234 3597 3478 3670 quidam
3511 3612 3636 3652 me-

1975 3688 2145 3744 dicus
2173 3690 2231 3744 et
2259 3685 2650 3760 philosophus
2680 3684 2828 3741 istac
2874 3690 3085 3758 praeter
3110 3689 3414 3758 Gorgonas
3443 3689 3637 3741 trans-

1976 3776 2125 3848 iens,
2172 3775 2614 3849 hieroglyphica
2660 3789 2793 3831 esse
2837 3774 3003 3845 dixit,
3033 3773 3230 3846 iisque
3275 3773 3631 3830 astronomi-

1976 3881 2112 3921 cum
2178 3863 2362 3920 futuri
2440 3862 2793 3936 praesagium
2880 3861 3192 3932 contineri,
3268 3866 3327 3918 et
3389 3865 3639 3919 cunctas

1976 3953 2303 4011 declaravit
2347 3952 2627 4010 historias
2684 3969 2819 4009 cum
2869 3952 3212 4010 nominibus
3261 3950 3633 4009 Constantini

1976 4043 2193 4116 Magni,
2225 4042 2323 4114 qui
2353 4041 2456 4099 illa
2478 4042 2805 4100 efﬂuxerat.
2832 4044 2979 4099 Cum
3009 4047 3208 4099 autem
3230 4040 3354 4099 hac
3374 4039 3636 4098 Galenus

1974 4134 2340 4205 frequentius
2377 4137 2731 4202 enarrasset,
2781 4137 2840 4190 et
2869 4133 3106 4190 lectioni
3155 4149 3361 4190 eorum
3392 4131 3633 4190 insiste-

1976 4227 2084 4290 ret,
2145 4237 2331 4294 eaque
2390 4237 2519 4294 quae
2570 4222 2785 4278 Zenoni
2844 4221 3066 4278 Verius
3122 4237 3302 4295 opera
3354 4225 3638 4279 eventura

1974 4315 2164 4383 erant,
2196 4309 2589 4384 praedixisset,
2615 4314 2672 4365 et
2704 4312 2762 4365 in
2796 4309 2982 4366 risum
3015 4313 3464 4384 prorumperet;
3497 4308 3627 4366 Ca1-

1974 4401 2243 4458 listratus
2301 4398 2544 4471 quidam
2602 4398 2775 4455 homo
2837 4398 3007 4455 nihili
3062 4400 3165 4473 qui
3212 4399 3635 4474 cauponariam

1976 4491 2305 4557 exercebat,
2337 4493 2472 4563 post
2499 4489 2749 4546 Zenonis
2778 4488 3035 4546 reditum
3069 4489 3359 4548 Galenum
3394 4506 3636 4548 accusa-

1974 4579 2077 4649 vit,
2110 4580 2261 4635 Zeno
2294 4583 2494 4636 autem
2525 4578 2723 4651 ipsum
2747 4579 3081 4635 interfecit:
3110 4580 3265 4651 quod
3297 4580 3474 4637 etiam
3503 4593 3640 4635 vere

204 4666 317 4740 γὰρ
351 4664 406 4718 αἱ
429 4664 619 4741 ἀγέλαι
648 4665 753 4718 τῶν
790 4663 1002 4740 χοίρων
1043 4661 1399 4741 διερχόμεναι
1440 4662 1615 4720 ἐκεῖσε
1650 4664 1740 4728 εἷς
1770 4665 1863 4720 τὸν

1983 4667 2294 4742 contigisse
2322 4668 2543 4724 dicunt.
2588 4667 2838 4738 Ideoque
2866 4683 3183 4739 porcorum
3211 4683 3417 4740 greges
3446 4667 3638 4724 istbao

204 4752 632 4828 Ἀρτοτυριανὸν
649 4753 815 4807 τόπον
851 4751 1012 4825 μέσον
1036 4758 1139 4822 τῆς
1168 4754 1436 4830 καμάρας,
1484 4754 1601 4809 ὅθεν
1647 4754 1865 4830 ἀνέρχε-

202 4863 323 4910 ται,
350 4840 600 4897 ’ίστανται
630 4842 795 4911 ἔνεοὶ,
840 4841 931 4896 καὶ
964 4842 1027 4897 οὐ
1057 4839 1304 4897 δύνανται
1341 4842 1733 4919 παρέρχεσθαι,
1773 4843 1863 4898 ὅτε

205 4934 263 4987 οἱ
297 4927 612 5007 χοιροδέται
640 4931 693 4984 οἱ
721 4928 952 4994 τούτους
983 4928 1323 5004 ἐλαύνοντες,
1363 4930 1574 5006 τύψωσι
1613 4930 1862 5003 τούτους,

200 5021 299 5076 καὶ
327 5019 452 5075 τότε
510 5018 853 5092 μεθίστανται
878 5038 891 5053 ⁸
944 5021 1109 5091 ἡνίκα
1149 5021 1253 5096 γὰρ
1297 5023 1451 5096 ψυχῇ
1483 5022 1622 5095 αἷμα
1653 5020 1866 5096 ὀλίγον,

204 5108 424 5183 ἀθρόως
457 5108 603 5185 ὁρμᾷ
632 5109 667 5179 ἡ
699 5106 891 5184 ἀγέλη.

376 5288 505 5366 Περὶ
528 5289 626 5343 τοῦ
657 5286 909 5365 σταυρίου
936 5285 1035 5344 τοῦ
1064 5285 1359 5365 ἱδρυμένου
1389 5289 1478 5347 ἰπὶ
1502 5289 1702 5354 κίονος.

279 5397 361 5453 Τὸ
392 5392 448 5450 δι
487 5394 735 5469 σταυρίον
764 5395 825 5450 τὸ
880 5392 1167 5470 ἴδρύμενον
1230 5396 1317 5453 ἐπὶ
1371 5398 1554 5461 κίονος
1619 5394 1860 5467 πλησίον

198 5490 318 5541 τῶν
363 5483 753 5559 Ἀρτοπωλίων
809 5481 860 5537 ἐν
913 5488 982 5559 τῇ
1033 5484 1388 5563 λιθοστρώτῳ
1418 5486 1560 5562 αὐλῇ
1593 5486 1860 5563 ἀνηγέρθη

200 5575 355 5650 παρὰ
398 5572 799 5628 Κωνσταντίνου
859 5577 956 5628 τοῦ
1018 5574 1276 5653 Μεγάλου
1309 5618 1325 5647 ,
1386 5574 1475 5631 ὅτε
1554 5575 1767 5648 ικτίσθη
1825 5578 1861 5647 ἡ

200 5662 405 5727 πόλις.
453 5663 545 5728 Εἷς
596 5660 654 5718 ὃὶ
708 5663 772 5719 τὸ
829 5662 1063 5719 παλαιὸν
1115 5664 1305 5745 ἔφερον
1365 5666 1537 5723 δκεῖσε
1584 5664 1711 5728 τοὺς
1763 5663 1862 5721 ’ίπ-

202 5774 349 5821 πους
372 5752 638 5834 ἑκατέρων
696 5757 809 5814 τῶν
867 5759 1047 5834 μερῶν
1086 5756 1334 5833 ἡνίοχοι,
1381 5756 1474 5814 καὶ
1529 5754 1861 5838 εὐφημίζον-

1970 4761 2350 4815 transeuntes
2378 4757 2450 4811 ad
2479 4755 2921 4826 Artotyrianum
2972 4754 3169 4811 locum
3200 4756 3262 4810 in
3292 4756 3487 4812 medio
3517 4756 3634 4812 for-

1974 4846 2122 4902 uicis
2153 4846 2306 4901 unde
2337 4843 2698 4911 ascenditur,
2724 4842 2893 4914 quasi
2927 4842 3153 4917 stupidi
3179 4844 3520 4901 consistunt
3539 4860 3635 4900 ne-

1974 4950 2089 5008 que
2145 4933 2303 4989 ultra
2350 4931 2624 5005 progredi
2671 4936 2922 5003 possunt
2965 4948 2980 4988 :
3032 4933 3220 4989 donec
3278 4950 3314 4990 a
3369 4931 3635 4989 subulcis

1971 5022 2281 5093 verberati,
2358 5034 2626 5094 gressum
2698 5024 2935 5076 movent
2993 5038 3008 5077 :
3064 5021 3269 5078 statim
3344 5020 3501 5076 enim
3566 5033 3635 5075 ac

1975 5112 2285 5189 paululum
2342 5108 2654 5184 sanguinis
2708 5108 2921 5180 efﬂuit,
2970 5125 3107 5167 cum
3156 5109 3383 5182 impetu
3430 5123 3636 5182 proce-

2017 5208 2146 5260 unt.

2017 5208 2146 5260 unt.

1975 5205 2011 5261 ά
2288 5292 2365 5347 De
2393 5304 2555 5346 cruce
2583 5303 2753 5360 supra
2780 5288 3103 5345 columnam
3130 5296 3329 5345 necta.

2050 5406 2290 5458 Crucem
2321 5394 2664 5454 collocatam
2698 5412 2879 5468 supra
2907 5394 3245 5453 columnam
3278 5396 3516 5468 propter
3534 5394 3635 5451 Ar-

1977 5490 2198 5564 topolia
2240 5489 2300 5545 in
2336 5485 2485 5543 atrio
2514 5483 2816 5558 lapidibus
2866 5488 3048 5542 strato
3079 5484 3262 5540 erexit
3304 5482 3634 5541 Constanti-

1975 5598 2088 5637 nus
2113 5579 2384 5652 Magnus,
2408 5574 2646 5648 quando
2679 5574 2886 5629 urbem
2918 5573 3201 5631 condidit.
3233 5572 3507 5645 Antiquis
3528 5589 3631 5629 au-

1969 5674 2088 5726 tem
2118 5666 2481 5740 temporibus
2513 5663 2827 5735 utriusque
2849 5661 3119 5720 factionis
3179 5662 3398 5736 aurigas
3447 5676 3631 5734 equos

1968 5757 2050 5816 ibi
2072 5756 2457 5832 agitabant,et
2479 5753 2869 5810 acclamantes
2890 5751 3146 5825 aiebant,
3173 5752 3368 5812 Cruci:
3378 5748 3632 5826 polentia
