3984 6348
176 422 361 479 121⁸7

1336 418 1667 480 ΑΝΟΝΥΜ
1679 419 1701 477 l
1745 417 2325 490 ANTIQUITA’I‘ES
2370 419 2485 479 ΟΡ.

3460 415 3618 475 1218

172 570 363 604 κονον
419 550 734 623 ὑπάρχοντα
792 549 959 604 οῗκεῖν
1018 548 1215 611 έκεῖςε·
1250 547 1397 603 ἀλλὰ
1451 549 1537 603 καὶ
1571 550 1607 618 ἡ
1640 544 1849 621 ἀδελφή

2008 550 2250 605 iaconus
2280 549 2360 605 ibi
2392 549 2706 617 habitaret,
2746 553 2803 604 et
2845 564 3013 605 soror
3057 548 3187 620 ejus
3215 546 3432 604 ibidem
3461 551 3619 604 esset

171 643 291 692 τοῦ
324 638 673 713 πατριάρχου
706 636 1018 693 διακόνισσα
1042 640 1131 708 ἦν.

784 746 869 802 Τὰ
909 747 1270 822 Κουράτορος.

269 836 358 891 Τὰ
406 833 746 909 Κουράτορος
796 832 1111 905 ἐκτίσθησαν
1164 833 1215 889 έν
1260 839 1377 896 τοῖς
1420 832 1646 909 χρόνοις
1698 832 1858 907 Βηρί-

1967 638 2320 694 diaconissa.

2387 745 2461 799 De
2493 744 2692 815 templo
2722 747 3005 801 σαν-αεσνὼ
3034 743 3198 800 dicto.

2040 831 2346 904 Templum
2383 835 2730 903 cognomine
2758 833 3053 889 Curatoris
3103 834 3407 890 conditum
3439 834 3622 890 fuisse

184 945 301 993 νης
362 929 463 991 τῆς
514 923 788 998 γυναικὸς,
842 921 1079 997 λέγεται,
1111 924 1207 978 τοῦ
1266 920 1638 995 Λεομακέλου.
1674 921 1771 975 Καὶ
1832 921 1853 975 ὁ

2007 926 2155 975 artur
2183 928 2445 993 tempore
2484 921 2702 977 Verinaa
2755 923 2952 978 uxoris
2984 922 3191 978 Leonis
3226 922 3454 977 Maecia:
3481 940 3495 990 ;
3524 940 3622 978 cu-

183 1010 486 1085 κουράτωρ
519 1010 682 1065 αὐτοῦ
733 1011 1049 1084 παρίσταται
1110 1012 1187 1074 εἰς
1236 1011 1495 1085 ὁμοίωμα
1541 1014 1637 1064 τοῦ
1687 1011 1853 1088 τάφου

2007 1027 2064 1065 λε
2096 1014 2330 1065 curator
2350 1010 2580 1081 praafuit
2609 1015 2917 1066 structuras
2951 1016 3016 1066 ut
3045 1011 3115 1067 ad
3148 1010 3335 1067 instar
3363 1011 3620 1086 sepulcri

182 1105 294 1154 τοῦ
330 1100 549 1176 Κυρίου.

683 1189 816 1265 Ηερὶ
855 1194 953 1244 τοῦ
985 1186 1382 1264 Φιλαδελφίου.

268 1275 345 1332 Τὸ
392 1275 448 1333 δὲ
495 1275 840 1350 καλούμενον
884 1275 1279 1355 Φιλαδέλφιον,
1314 1276 1423 1332 υἱοί
1471 1277 1573 1331 εἶσι
1617 1279 1713 1332 τοῖ’)
1757 1281 1863 1332 Με-

184 1364 376 1440 γάλου
422 1364 788 1422 Κωνταντίου.
857 1368 988 1423 "Ovs
1044 1364 1102 1421 δέ
1157 1364 1501 1436 ἐτελεύτησεν
1557 1366 1862 1433 οὖτος,τοῦ

186 1456 548 1510 Κωνταντίου
578 1451 732 1517 ὄντος
766 1456 818 1510 ἰν
850 1461 969 1517 τοῖς
999 1463 1099 1526 τῆς
1133 1454 1432 1521 Ἀνατολῆς
1482 1455 1687 1531 μέρεσι,
1719 1454 1862 1510 Κών-

191 1565 431 1606 σταντος
487 1544 592 1599 ἀπὸ
647 1544 860 1608 Δύσεως
916 1544 1003 1599 καὶ
1056 1543 1275 1600 Γάλλου
1324 1542 1639 1620 έρχομένων
1694 1545 1861 1615 συνή-

193 1645 417 1711 φθησαν
474 1632 664 1702 ἐκεῖσε,
696 1635 782 1687 καὶ
847 1635 1177 1702 ἀσπάζονται
1238 1632 1545 1703 ἀλλήλους.
1604 1632 1727 1709 Οὐχ
1777 1632 1861 1687 ὅτι

194 1722 319 1777 his?
378 1723 749 1797 συνήφθησαν,
808 1720 955 1778 ἀλλά
1021 1726 1121 1787 τῆς
1177 1723 1411 1791 ὑπαντῆς
1460 1721 1633 1777 αὐτῶν
1693 1720 1863 1777 έκεῖσε

195 1809 710 1881 ἀναστηλωθείσης.
764 1812 851 1873 Ὠς
908 1808 1147 1885 δεύτεραί
1206 1832 1385 1889 φασιν,
1441 1812 1524 1865 ὅτι
1575 1810 1639 1865 τὸ
1690 1809 1863 1865 Φιλα-

190 1897 426 1976 δέλφιον
484 1898 535 1953 έν
598 1899 644 1971 ᾦ
698 1897 807 1953 ἐστι
867 1899 1184 1975 βοῤῥείοθεν
1225 1896 1460 1973 ἀψίδιον,
1492 1898 1861 1975 προτείχισμα

186 1989 291 2060 ἦν,
321 1988 411 2042 καὶ
469 1991 645 2062 πόρτα
702 1994 935 2064 χερσαῖα
989 1993 1099 2043 τῶν
1160 1986 1411 2043 παλαιῶν
1472 1989 1574 2043 ὑπὸ
1631 1988 1857 2065 Κάρπου

190 2080 708 2133 κατασκευασθεῖσα.
744 2078 888 2131 Ἐκεῖ
931 2075 1020 2132 οὗν
1048 2075 1237 2132 ἵστατο
1285 2080 1320 2147 ἡ
1360 2076 1537 2149 στήλη
1596 2081 1694 2132 τοῦ
1747 2076 1857 2132 Φό-

196 2186 323 2241 ρου,
354 2168 415 2235 ἦν
458 2166 533 2227 εἷς
573 2164 851 2241 καροόχαν
884 2164 1113 2241 ἤνεγκαν
1160 2166 1265 2220 ἀπὸ
1312 2170 1410 2221 τοῦ
1459 2163 1855 2242 Φιλαδελφίου.

190 2257 287 2319 Ὠς
317 2253 375 2309 δὲ
428 2255 458 2310 ὁ
497 2254 918 2329 Διακρινόμενος
974 2254 1147 2329 λέγει,
1180 2255 1291 2309 διπὰ
1346 2258 1446 2320 τῆς
1508 2254 1856 2330 Μαγναόρας,

195 2346 236 2413 ἠ
272 2344 324 2398 έν
369 2347 449 2415 τῷ
506 2343 673 2419 Φόρῳ
728 2348 943 2407 τεθεῖσα
993 2342 1196 2414 στήλη,
1231 2347 1266 2413 ἡ
1309 2342 1524 2407 πολλὰς
1579 2340 1859 2417 ὑμνῳδίας

197 2432 467 2507 δεξαμένη
515 2432 590 2494 εἰς
632 2432 809 2507 τύχην
852 2435 951 2501 τῆς
1017 2431 1233 2497 πόλεως
1285 2434 1665 2509 προσεκυνήθη
1714 2432 1861 2509 παρᾶ

201 2522 442 2588 πάντων,
475 2520 751 2593 ὗψωθεῖσα
781 2518 832 2573 ἐν
867 2524 947 2592 τῷ
994 2519 1155 2591 κίονι,
1185 2524 1282 2575 τοῦ
1340 2520 1526 2594 ἱερέως
1581 2520 1713 2593 μετὰ
1756 2528 1856 2590 τῆς

204 2612 369 2679 λιτῆς
428 2608 851 2681 παρεστηκότος,
912 2608 999 2663 καὶ
1070 2611 1204 2682 μετὰ
1257 2616 1519 2685 κραυγῆς,
1576 2611 1639 2665 τὸ
1691 2609 1859 2685 Κύριε

202 2698 433 2769 ἐλέησον
496 2698 768 2773 βοῶντοςι
800 2696 1145 2760 έκατοντάκις
1179 2742 1193 2768 ,
1252 2700 1342 2754 καὶ
1411 2696 1610 2763 ἄνωθεν
1689 2697 1859 2753 ἐκεῖσε

204 2787 295 2844 ἐπὶ
353 2788 454 2857 τὴν
511 2785 754 2864 κεφαλὴν
812 2791 909 2841 τοῦ
975 2786 1156 2850 κίονος
1230 2785 1418 2842 πολλὰ
1500 2785 1855 2859 έτελέσθησαν

202 2875 487 2950 Θαυμαστὰ
528 2875 615 2929 καὶ
666 2872 964 2947 παράδοξα,
1006 2878 1092 2931 καὶ
1153 2878 1452 2953 πανήγυρις
1506 2876 1630 2952 περὶ
1660 2876 1857 2931 τούτου

202 2967 395 3043 γέγονε
471 2966 1050 3040 τεσσαρακονθήμερος
1086 3009 1098 3033 ,
1154 2965 1243 3020 καὶ
1322 2966 1602 3036 σιτηρέσια
1669 2963 1859 3020 πολλὰ

206 3055 451 3113 ἰδίδοντο
479 3055 625 3131 παρὰ
662 3052 759 3110 τοῦ
795 3054 1084 3130 βασιλέως.
1117 3060 1193 3129 Τῇ
1244 3052 1302 3110 δέ
1359 3054 1613 3127 ἰπαῦριον
1671 3054 1860 3131 γέγονε

204 3148 267 3203 τὸ
343 3144 611 3220 γενέθλιον
694 3151 793 3213 τῆς
869 3142 1087 3207 πόλεως
1123 3189 1136 3212 ,
1195 3144 1285 3199 καὶ
1373 3146 1508 3220 μέγα
1580 3142 1860 3220 Ἱπποδρό-

207 3236 330 3310 μίον
366 3254 379 3269 ⁸
442 3233 531 3289 ὅτε
587 3234 676 3288 καὶ
734 3234 769 3302 ἡ
828 3233 994 3296 πόλις
1056 3235 1452 3307 μετωνομάσθη
1523 3239 1855 3289 Κωνσταντι-

201 3322 483 3385 νούπολις.

210 3434 339 3509 Περὶ
414 3441 559 3509 τοῦ*
587 3433 851 3509 ὄντος-Αίν
910 3432 1055 3503 αἱ)τῷ
1128 3433 1396 3509 σταυροῦ,
1424 3449 1558 3509 ῃκαι.
1597 3433 1703 3509 τῶν
1746 3426 1856 3509 ,δύο

278 3500 407 3561 υἱῶν
465 3507 563 3564 τοῦ
622 3505 872 3584 Μεγάλου
927 3500 1350 3574 Κωνσταντίνου,
1381 3504 1489 3555 τῶν
1542 3500 1629 3555 ἐπὶ
1662 3500 1857 3576 θρόνου

269 3581 640 3653 καθεζομένων
651 3622 664 3635 .

277 3685 383 3741 Τὸν
417 3683 475 3740 δὶ
505 3686 580 3750 εἰς
606 3687 669 3741 τὸ
702 3680 1074 3760 Φιλαδέλφιον
1118 3676 1247 3735 ὄντα
1292 3679 1521 3753 σταυρὸν
1570 3679 1855 3750 ἀνέστησεν

206 3774 234 3827 ὁ
292 3775 470 3849 Μέγας
538 3779 940 3833 Κωνσταντῖνος
1012 3770 1099 3824 ἐπὶ
1174 3768 1377 3838 κίονος,
1436 3769 1859 3844 κεχρυσωμένον

205 3859 294 3916 διὰ
351 3862 517 3926 λίθων
573 3865 660 3918 καὶ
729 3860 924 3926 ὑέλων,
951 3860 1085 3914 κατὰ
1135 3858 1225 3913 τὸν
1282 3854 1605 3931 σταυροειδῆ
1662 3856 1857 3927 τόπον,

202 3951 261 4006 ’όν
316 3949 448 4006 εἶδεν
491 3952 542 4006 έν
594 3956 674 4023 τῷ
726 3951 959 4026 οὐρανῷ,
990 3946 1080 4003 καὶ
1139 3949 1234 4000 τοῦ
1275 3945 1457 4009 κίονος
1511 3943 1711 3999 ἐκείνου
1760 3948 1858 4000 τοῦ

205 4044 508 4116 πορφυροῦ.
571 4039 829 4109 Ἐποίησε
886 4036 1091 4108 στήλας
1143 4040 1249 4090 τῶν
1320 4036 1451 4089 υἱῶν
1523 4032 1709 4106 αὐτοῦ,
1766 4033 1855 4089 καὶ

208 4129 541 4184 ἀνετύπωσεν
598 4129 683 4184 ἐπὶ
739 4128 932 4204 θρόνου
987 4127 1331 4195 καθέζεσθαι*
1382 4122 1607 4193 ἐποίησε
1664 4120 1721 4177 δὶ
1767 4122 1857 4177 καὶ

206 4216 300 4272 τόν
353 4217 507 4271 κίονα
563 4216 767 4271 ἐκεῖνον
836 4214 1078 4288 ἱστορίας
1146 4213 1422 4287 περιέχειν
1500 4212 1596 4273 τὰς
1651 4210 1858 4267 τούτων

206 4302 471 4375 ἰνζώδους
501 4348 515 4373 ,
571 4306 658 4360 καὶ
734 4306 1031 4381 γράμματα
1113 4304 1363 4373 Ῥωμαῖα
1436 4306 1544 4355 τῶν
1609 4299 1855 4376 έσχάτως

209 4395 521 4469 μελλόντων
582 4395 843 4470 γίνεσθαι.
890 4397 1134 4449 ’Ἱσταντο
1193 4389 1249 4445 δὶ
1302 4389 1554 4465 ἀντικρὺς
1600 4395 1709 4444 τῶν
1760 4387 1856 4446 δύο

204 4486 337 4540 υἱῶν
383 4485 573 4550 αὐτοῦ,
604 4488 710 4538 τῶν
765 4483 853 4538 ἐπὶ
915 4482 1130 4558 θρόνοις
1179 4480 1578 4553 καθεζομένων,
1609 4480 1696 4534 καὶ
1746 4482 1855 4534 τῶν

205 4572 392 4629 ἄλλων
421 4578 528 4628 τῶν
559 4573 973 4646 ἀσπαζομένων.

621 4679 747 4755 Περί
780 4680 842 4733 τὸ
872 4673 1173 4753 λεγόμενον
1197 4672 1425 4732 Μόδιον.

278 4771 396 4827 Ὅτι
451 4768 513 4823 τὸ
561 4766 856 4844 λεγόμενον
908 4763 1142 4833 Μόδιον,
1167 4762 1474 4838 ὡρολόγιον
1531 4762 1623 4831 ἦν,
1677 4760 1849 4837 ἤγουν

202 4859 266 4913 τὸ
318 4854 510 4930 ἴξαμον
567 4861 665 4912 τοῦ
723 4853 940 4929 μοδίου.
993 4856 1231 4912 ’Ἱσταται
1288 4856 1448 4907 τοῦτο
1519 4850 1698 4906 έπάνω
1752 4858 1854 4921 τῆς

198 4946 442 5021 καμάρας
513 4948 611 5014 τῆς
685 4949 796 5000 τῶν
854 4946 1289 5017 Ἀμαστριανῶν,
1352 4940 1512 5014 μέσον
1582 4944 1691 4995 τῶν
1754 4938 1850 4995 δύο

198 5039 397 5113 χειρῶν
499 5033 1036 5089 κατασκευασθέντων
1147 5031 1250 5085 ὑπὸ
1354 5026 1846 5084 Οὐιιλεντινιανοῐὶ⁸

206 5123 296 5180 διὰ
345 5128 505 5178 τοῦτο
563 5121 652 5176 καὶ
712 5121 812 5188 τὴν
873 5120 1082 5193 Λαμίαν
1126 5120 1258 5174 εἶναι
1289 5117 1449 5193 έγγὺς
1479 5116 1662 5173 αὐτοῦ.
1694 5122 1849 5172 Ὑπο-

204 5212 348 5268 κάτω
406 5209 463 5266 δὶ
509 5209 559 5264 έν
609 5214 689 5281 τῷ
742 5208 863 5279 εἷλή
878 5230 1004 5281 ματι
1040 5212 1142 5263 τῶν
1172 5212 1375 5283 χειρῶν
1408 5205 1641 5281 ἱστορίαι
1675 5205 1806 5260 εἰσίν
1836 5223 1850 5236 ·

206 5304 260 5357 οἱ
318 5298 371 5355 δε
428 5298 816 5373 πεπειραμένοι
877 5298 1198 5372 εὑρήσουσιν
1255 5295 1439 5357 αὐτάς.
1496 5297 1741 5370 ’Ὡρισται
1796 5291 1853 5349 δὶ

197 5393 262 5447 τὸ
321 5386 509 5463 μόδιον
585 5386 900 5460 κούμουλον
958 5385 1397 5460 πιπράσκεσθαι·
1459 5384 1535 5445 εἴς
1603 5380 1660 5437 δὲ
1741 5387 1849 5437 τῶν

198 5480 452 5554 ἐμπόρων
512 5477 755 5552 πέπρακέ
806 5497 913 5530 τινι
967 5475 1118 5531 σίτου
1192 5472 1376 5551 ῥίγλον
1434 5473 1525 5528 τὸν
1607 5468 1798 5544 μόδιον
1835 5493 1848 5505 ο

199 5568 359 5645 γνοὺς
419 5564 477 5621 δὲ
531 5570 692 5621 τοῦτο
744 5567 771 5619 ὁ
831 5562 1105 5640 βασιλεὺς,
1138 5559 1301 5637 ἔκοψε
1356 5561 1450 5623 τὰς
1519 5558 1613 5616 δύο
1659 5565 1850 5636 χεῖρας

198 5658 382 5725 αὐτοῦ,
442 5656 529 5710 καὶ
604 5655 977 5724 ἀνεστήλωσεν
1039 5653 1286 5725 ὁρᾶσθαι,
1348 5651 1554 5725 ὁμοίως
1611 5649 1700 5704 καὶ
1756 5651 1849 5706 τὸν

198 5743 410 5822 μόδιον,
441 5745 500 5807 ὃς
533 5742 902 5819 έχρημάτισεν
935 5740 1261 5818 ὡρολόγιον.

1890 1922 1937 1988 Β

1883 3282 1927 3349 C

1889 4658 1932 4722 D

1968 1097 2182 1155 Christi
2217 1099 2399 1155 fieret.

2529 1194 2608 1245 De
2641 1189 3057 1261 Philadelphia.

2040 1277 2103 1333 Id
2134 1279 2289 1350 quod
2320 1278 2796 1350 Philadelphium
2849 1277 3199 1349 appellatur,
3234 1282 3439 1334 statua
3483 1281 3625 1335 sunt

1970 1364 2225 1421 ﬁliorum
2255 1367 2630 1423 Constantini
2657 1366 2873 1438 Magni.
2906 1368 3223 1438 Postquam
3256 1367 3414 1424 enim
3434 1367 3563 1439 ipse
3594 1383 3625 1424 e

1968 1455 2111 1512 vivis
2141 1458 2411 1525 excessit,
2445 1458 2825 1513 Constantius
2854 1475 2989 1513 cum
3024 1459 3080 1512 in
3117 1460 3384 1529 partibus
3413 1458 3624 1514 Orien-

1968 1543 2046 1600 tis
2083 1550 2260 1615 esset,
2310 1548 2598 1603 Constans
2647 1563 2781 1603 vero
2814 1564 2931 1602 una
2985 1563 3119 1602 cum
3151 1547 3312 1602 Gallo
3362 1547 3434 1602 ab
3467 1546 3624 1603 Occi-

1970 1632 2140 1689 dente
2186 1635 2465 1704 venisset,
2498 1634 2697 1690 hocin
2742 1634 2868 1690 loco
2919 1635 3219 1705 conjuncti
3267 1651 3331 1690 se
3358 1634 3623 1704 ,invicem

1970 1719 2393 1777 salutaverunt.
2446 1722 2567 1779 Non
2600 1722 2757 1778 enim
2805 1723 2885 1778 ita
2930 1728 3309 1795 nuncupatur
3352 1724 3507 1795 quod
3542 1722 3625 1779 ibi

1968 1812 2367 1879 convenerint,
2391 1813 2492 1868 sed
2525 1813 2806 1885 quoniam
2841 1812 3017 1884 primi
3046 1829 3249 1869 eorum
3272 1829 3624 1887 congressus

1968 1899 2207 1971 signum
2238 1899 2413 1957 isthic
2443 1904 2699 1956 erectum
2725 1901 2951 1957 est.A1ii
2982 1918 3115 1957 vero
3142 1905 3401 1969 narrant,
3429 1901 3616 1957 Phila-

1967 1986 2293 2059 delphium,
2330 1988 2431 2045 ubi
2464 1988 2740 2060 parvulus
2771 1992 2844 2045 ab
2869 1990 3158 2063 Aquilone
3187 1990 3399 2047 visitur
3418 2007 3614 2061 arcus,

1967 2077 2287 2149 antiquitus
2333 2080 2845 2152 propugnaculum
2897 2080 3101 2151 fuisse,
3131 2085 3478 2153 portamque
3504 2085 3624 2137 ter-

1966 2170 2212 2222 restrem
2243 2168 2550 2240 antiquam
2582 2186 2616 2224 a
2644 2169 2788 2225 Caro
2816 2174 3203 2225 exstructam.
3225 2169 3344 2225 Hoc
3367 2169 3623 2241 igiturin

1966 2254 2090 2311 loco
2115 2256 2311 2312 stabat
2341 2257 2481 2312 olim
2514 2256 2621 2313 fori
2655 2262 2872 2326 statua,
2904 2274 3032 2329 quae
3060 2274 3234 2313 curru
3268 2258 3405 2314 inde
3432 2257 3626 2315 fuerat

1966 2349 2289 2415 exportata.
2324 2345 2398 2401 Ut
2424 2353 2621 2402 autem
2654 2346 2946 2403 Haasitans
2977 2347 3178 2416 tradit,
3222 2364 3256 2403 a
3304 2352 3625 2419 Magnaura

1967 2431 2162 2487 delata
2192 2434 2302 2488 fuit
2332 2438 2527 2489 statua
2569 2435 2625 2489 in
2662 2435 2807 2491 Foro
2857 2434 3070 2506 posita,
3104 2452 3230 2507 quae
3263 2433 3467 2491 multis
3498 2436 3625 2492 lau-

1967 2520 2142 2576 dibus
2187 2522 2498 2591 celehrata,
2532 2528 2596 2578 ut
2644 2524 2879 2579 fortuna
2925 2524 3092 2580 urbis
3139 2524 3499 2581 adorabatur
3549 2525 3623 2581 ab

1968 2608 2267 2675 omnibus,
2320 2610 2607 2665 columna;
2658 2610 2955 2683 imposita,
2989 2612 3293 2667 sacerdote
3342 2616 3624 2684 praesente

1967 2712 2102 2751 cum
2133 2696 2566 2769 supplicatione
2609 2703 2667 2753 et
2698 2698 2916 2755 centies
2948 2698 3262 2770 clamante,
3292 2701 3462 2771 Kyris
3488 2700 3622 2757 elei-

1965 2799 2085 2851 son,
2118 2801 2184 2840 ac
2214 2802 2395 2858 supra
2439 2786 2769 2859 capitulum
2799 2788 2931 2860 ejus
2960 2787 3245 2843 columnae
3276 2787 3626 2844 admiranda

1967 2874 2235 2945 quaedam
2287 2880 2344 2930 et
2391 2877 2684 2948 stupenda
2732 2876 2890 2933 edita
2938 2877 3195 2942 fuerunt,
3246 2875 3622 2948 solemneque

1969 2958 2183 3019 fastum
2212 2968 2366 3020 totos
2414 2965 2809 3038 quadraginta
2856 2966 2983 3022 dies
3031 2970 3228 3021 actum
3277 2965 3409 3033 fuit,
3442 2971 3621 3038 atque

1967 3050 2094 3123 ipse
2122 3052 2444 3125 imperator
2472 3054 2768 3127 c0piosam
2818 3071 3111 3111 annonam
3142 3054 3466 3111 distribuit.
3499 3055 3621 3113 Ce-

1967 3146 2158 3197 terum
2190 3143 2473 3214 postridie
2501 3143 2732 3199 Natalia
2761 3144 2926 3200 urbis
2956 3143 3247 3200 celebrata
3276 3149 3437 3212 sunt,
3462 3160 3623 3217 mag-

1967 3230 2147 3301 nique
2177 3231 2476 3289 Circenses
2507 3235 2643 3297 acti,
2676 3250 2743 3289 ac
2774 3233 2915 3289 urbs
2944 3249 3011 3290 eo
3043 3234 3172 3305 ipso
3202 3233 3297 3290 die
3326 3234 3620 3306 appellata

1969 3320 2080 3376 fuit
2107 3321 2673 3393 Constantinopolis.

1966 3428 2038 3482 De
2064 3444 2223 3501 crjuce
2252 3430 2309 3482 in
2343 3428 2744 3501 Philadelphia
2772 3432 3064 3497 collocata,
3097 3448 3163 3486 ac
3183 3432 3399 3488 duabus
3426 3434 3624 3489 statuis

2103 3499 2351 3569 ﬁliorum
2383 3499 2727 3557 Constantini
2754 3503 2822 3558 Μ.
2855 3502 3058 3559 throno
3092 3504 3476 3560 insidentibus.

2035 3674 2276 3732 Crucem
2310 3694 2451 3733 auro
2482 3678 2794 3734 obductam
2845 3680 3096 3750 gemmis
3138 3679 3416 3751 vitrisque
3443 3698 3623 3737 orna-

1964 3770 2107 3835 tam,
2142 3782 2268 3837 quaa
2318 3766 2375 3821 in
2434 3765 2840 3839 Philadelphia
2888 3768 3149 3824 cernitur
3175 3768 3464 3824 columns
3500 3769 3617 3824 im-

1966 3856 2177 3929 posita,
2243 3856 2665 3913 Constantinus
2722 3856 2972 3929 Magnus
3037 3858 3239 3929 erexit,
3298 3859 3369 3915 ad
3428 3858 3622 3915 crucis

1964 3961 2143 4016 quam
2174 3945 2232 3999 in
2264 3945 2408 4002 caelo
2439 3945 2667 4001 viderat
2693 3951 2751 4001 et
2783 3945 3071 4003 columnis
3104 3946 3265 4003 illius
3298 3946 3620 4021 porphyre-

1963 4038 2092 4092 ticaa
2146 4036 2416 4091 formam.
2474 4039 2711 4091 Statuas
2767 4036 2987 4109 pariter
3041 4036 3183 4093 filiis
3239 4038 3366 4093 suis
3418 4038 3622 4110 posuit

1962 4124 2173 4181 throno
2221 4124 2589 4181 insidentes:
2623 4125 2761 4180 item
2814 4124 3151 4181 columnam
3208 4125 3367 4182 illam
3426 4126 3619 4183 hiero-

1964 4213 2255 4286 glyphicis
2314 4214 2470 4269 notis
2528 4214 2931 4287 Romanisque
2989 4213 3199 4270 litteris
3250 4214 3624 4287 inscriptam,

1964 4320 2090 4375 quas
2120 4320 2317 4359 rerum
2342 4304 2663 4358 novissima
2692 4303 2991 4371 exhibent,
3012 4304 3306 4360 excitavit.
3331 4305 3620 4361 Caeterum

1965 4407 1995 4447 e
2030 4390 2264 4463 regione
2297 4390 2554 4446 ﬁliorum
2586 4392 2953 4448 Constantini
2986 4392 3197 4463 Magni,
3231 4393 3331 4466 qui
3367 4394 3425 4449 in
3458 4393 3620 4450 thro-

1964 4482 2057 4537 nis
2098 4482 2323 4551 sedent,
2357 4482 2595 4537 stabant
2645 4486 2850 4538 statuis
2893 4500 3092 4539 eorum
3144 4484 3243 4556 qui
3276 4500 3339 4539 se
3369 4484 3617 4540 invicem

1964 4587 2056 4626 am
2067 4569 2422 4643 plectuntur.

2642 4682 2715 4735 De
2745 4682 2938 4738 Modio.

2032 4767 2294 4823 Modium
2327 4768 2478 4838 quod
2512 4772 2744 4836 vocant,
2783 4768 3153 4841 horologium
3187 4774 3330 4839 erat,
3364 4770 3451 4826 vel
3481 4788 3617 4827 exa-

1962 4872 2093 4911 men
2128 4855 2307 4910 modii
2353 4855 2706 4911 collocatum
2758 4873 2939 4929 supra
2982 4858 3490 4915 Amastrianorum
3522 4876 3618 4915 ar-

1962 4943 2299 5013 cum,inter
2329 4943 2477 4998 duas
2527 4959 2741 5000 manus
2785 4960 2818 4999 a
2848 4943 3256 5003 Valentiniano
3309 4950 3615 5003 construc-

1961 5035 2131 5098 tum;
2180 5047 2360 5102 quare
2402 5031 2539 5087 huic
2590 5032 2922 5103 proximum
2976 5037 3067 5089 est
3096 5034 3328 5103 signum
3382 5033 3614 5090 Lamia.

1963 5120 2118 5176 Infra
2148 5125 2340 5175 autem
2366 5120 2421 5174 in
2446 5119 2741 5176 volumine
2764 5137 3047 5176 manuum
3072 5122 3329 5178 historiis
3356 5123 3617 5195 incripta

1962 5212 2121 5272 sunt,
2155 5225 2299 5279 quas
2334 5208 2487 5264 facili
2514 5209 2743 5281 negotio
2766 5210 2934 5281 periti
2967 5212 3308 5282 percipient.
3334 5211 3618 5268 Ceterum

1964 5297 2090 5369 lege
2121 5296 2412 5352 sancitum
2457 5298 2591 5361 fuit,
2627 5302 2689 5352 ut
2728 5297 2960 5353 modius
3010 5299 3308 5356 cumulate
3341 5301 3619 5356 vendere-

1963 5390 2079 5441 tur.
2115 5385 2401 5440 Mercator
2432 5401 2563 5441 vero
2595 5387 2837 5458 quidam
2889 5391 3092 5443 contra
3125 5388 3385 5445 edictum
3420 5390 3491 5444 ad
3527 5404 3620 5445 re-

1962 5474 2163 5548 gulam
2215 5472 2389 5529 alicui
2448 5475 2735 5531 vendidit.
2787 5477 2946 5540 Quod
3003 5479 3099 5534 ubi
3159 5479 3483 5552 imperator
3530 5494 3619 5535 re-

1962 5562 2150 5631 scivit,
2212 5579 2421 5618 manus
2477 5562 2562 5619 illi
2624 5566 2919 5636 amputari
2971 5568 3174 5639 jussit,
3227 5586 3442 5643 easque
3501 5587 3620 5627 una

1961 5650 2192 5724 publice
2224 5651 2368 5724 erigi
2399 5652 2625 5709 curavit
2656 5670 2789 5710 cum
2846 5656 3063 5725 modio,
3096 5658 3196 5732 qui
3229 5663 3351 5715 erat
3382 5658 3616 5717 horolo-

1958 5756 2152 5814 gnum.
