4056 6346
454 362 607 423 1219

892 495 967 547 De
994 494 1190 549 eodem
1221 492 1391 549 Medio
1421 493 1656 548 clarius.

522 583 777 639 Manaim
811 584 1116 654 praefectus
1149 583 1408 637 militum
1440 598 1576 637 cum
1624 582 1869 653 Scythas
1912 578 2105 635 debel-

453 671 654 739 lasset,
688 675 945 728 statuam
996 671 1211 726 meruit
1261 672 1331 726 ad
1379 671 1748 742 horologium
1784 676 1847 726 ut
1878 673 2107 737 vocant,

455 761 555 817 ubi
600 760 884 816 columnae
934 764 1115 826 stant,
1160 764 1219 815 et
1269 778 1437 815 arcus
1488 765 1611 815 erat
1663 765 1797 815 ante
1842 761 2104 824 domum,

456 870 582 926 quae
642 858 1021 923 nuncupatur
1072 852 1290 907 Crateri
1327 870 1339 908 :
1376 852 1591 907 ibidem
1642 856 1829 907 exstat
1879 850 2104 905 Modius

454 958 651 998 aeneus
678 958 778 998 seu
812 940 1181 1014 horologium
1214 958 1280 997 ac
1329 943 1455 997 duae
1491 959 1701 998 manus
1733 958 1889 997 arere
1923 940 2104 995 hastae

446 1031 655 1088 inﬁxae.
693 1037 887 1103 Neque
920 1031 1029 1086 hoc
1061 1030 1292 1086 silentio
1344 1032 1812 1103 praetereundum
1844 1033 1949 1099 est,
1984 1029 2107 1084 Mo-

447 1122 611 1177 dium
644 1122 755 1176 sub
784 1120 1197 1177 Valentiniano
1219 1126 1510 1177 statutum
1541 1122 1752 1189 fuisse;
1775 1126 1917 1176 tunc
1948 1120 2105 1175 enim

445 1210 708 1283 primum
770 1211 951 1267 modii
1030 1227 1174 1266 usus
1258 1210 1923 1283 Constantinopolitanis
1979 1224 2107 1264 esse

443 1301 638 1373 ccspit.
671 1304 861 1372 Atque
892 1300 1021 1357 ideo
1053 1316 1187 1356 cum
1219 1301 1448 1373 argenti
1482 1301 1738 1373 pretium
1773 1298 2107 1356 constituis-

440 1395 548 1462 set,
582 1394 928 1463 argenteum
957 1391 1045 1460 :ab
1081 1391 1245 1446 initio
1294 1390 1585 1446 numisma
1614 1406 1962 1462 percussum
1995 1393 2102 1460 est,

442 1484 510 1536 ut
536 1480 848 1552 perspicue
905 1480 1162 1536 declarat
1209 1481 1633 1536 Theodoretus.
1667 1480 1948 1537 Caeterum
1981 1496 2104 1534 ma-

444 1586 555 1625 nus
588 1585 746 1625 (areae
778 1568 994 1625 idcirco
1028 1573 1166 1624 tunc
1221 1586 1401 1641 supra
1450 1569 1712 1625 modium
1746 1571 1946 1641 positae
1982 1568 2102 1623 fue-

441 1675 527 1730 re,
558 1659 713 1731 quod
746 1675 880 1713 cum
924 1658 1241 1729 imperator
1271 1660 1396 1730 lege
1429 1659 1741 1726 sanxisset,
1778 1663 1841 1713 ut
1872 1657 2104 1712 modius

440 1746 722 1802 frumenti
753 1746 1052 1802 cumulate
1100 1748 1473 1817 venderetur,
1506 1763 1696 1819 neque
1739 1745 1945 1801 edictis
1977 1745 2101 1800 suis

440 1836 723 1930 obsistere
768 1851 1130 1930 quamquam
1184 1836 1675 1930 vellet,_quidam,
1710 1834 1923 1908 spretis
1945 1834 2098 1930 legi-
2132 1865 2180 1930 B

436 1925 570 1993 bus,
603 1941 738 1981 cum
771 1926 843 1981 ad
875 1926 1137 1997 regulam
1167 1925 1552 1995 vendidisset,
1588 1941 1801 1980 manus
1825 1923 2098 1995 perdidit.

434 2015 597 2071 Unde
630 2032 839 2071 manus
888 2014 997 2070 illa:
1043 2020 1303 2088 utrisque
1353 2020 1471 2069 tam
1506 2014 1886 2070 vendentium
1922 2030 2099 2084 quam

435 2105 759 2160 ementium
806 2106 1120 2161 eﬂ'ormataa
1172 2110 1331 2173 sunt,
1384 2110 1449 2160 ut
1475 2104 1790 2160 cumulatis
1822 2104 2095 2159 frumenti

436 2194 653 2251 modiis
710 2200 1034 2251 uterentur.
1086 2196 1307 2250 Ibidem
1360 2211 1539 2267 supra
1588 2211 1791 2250 arcum
1832 2194 2096 2263 ejusdem

434 2283 832 2340 Valentiniani
867 2288 1065 2339 statua
1094 2284 1462 2355 Lerigebatur,
1496 2283 1829 2354 examen‘in
1863 2284 2097 2337 dextera

432 2376 663 2429 tenens.
695 2374 782 2427 Ad
819 2376 1047 2443 pactam
1070 2390 1201 2429 vero
1227 2372 1533 2445 pecuniam
1565 2372 1904 2429 solvendam
1940 2371 2095 2428 abla-

431 2466 494 2519 ta
525 2467 633 2532 est,
667 2461 806 2533 quia
837 2466 1111 2533 argentea
1141 2467 1285 2517 erat.

1024 2571 1099 2624 De
1127 2571 1493 2626 Amastriano.

507 2660 571 2714 In
602 2657 712 2715 hoc
744 2658 867 2715 loco
914 2661 1285 2715 Amastriano
1336 2661 1491 2715 dicto
1524 2659 1725 2731 positis
1769 2664 2091 2714 cernuntur

432 2746 578 2805 solis
602 2748 661 2802 in
695 2764 870 2803 curru
921 2764 1272 2815 marmoreo,
1307 2752 1363 2803 et
1396 2747 1656 2804 Herculis
1689 2747 2088 2804 recumbentis

431 2840 641 2893 statua
676 2854 689 2893 :
724 2837 865 2893 item
898 2838 1227 2893 testudines
1257 2854 1391 2891 cum
1426 2837 1650 2904 avibus,
1685 2837 2088 2908 draconesque

429 2925 791 2997 quindecim,
825 2931 882 2981 et
912 2931 1107 2982 statua
1156 2940 1487 2981 marmorea
1518 2925 1742 2980 domini
1774 2926 2085 2996 cujusdam

431 3032 501 3071 ex
530 3016 930 3091 Paphlagonia
976 3018 1240 3085 advecta,
1289 3022 1463 3087 atque
1494 3015 1676 3072 altera
1707 3020 1904 3071 statua
1935 3016 2085 3071 servi

430 3119 499 3160 ex
528 3107 899 3163 Amastriana
947 3106 1183 3178 regione
1231 3105 1484 3177 oriundi,
1538 3105 1708 3160 urina
1746 3111 1803 3159 et
1832 3109 2086 3161 stercore

430 3194 660 3251 obruta.
712 3200 993 3252 Gestarum
1046 3201 1295 3267 utraque
1345 3198 1539 3250 statua
1587 3195 1790 3251 eodem
1849 3196 1908 3250 in
1956 3193 2082 3251 loco

426 3284 793 3340 daemonibus
824 3288 1014 3341 erecta
1063 3284 1191 3339 fuit.
1244 3284 1465 3340 Ibidem
1498 3283 1945 3340 columellarum
1992 3300 2083 3340 or-

425 3376 768 3429 namentum
868 3375 1058 3430 forma
1148 3372 1552 3431 semirotunda
1625 3378 1884 3430 erectum
1974 3378 2082 3429 est.

425 3461 512 3516 Ibi
570 3462 727 3518 enim
784 3463 1079 3521 daemones
1159 3480 1441 3536 apparere
1501 3479 1654 3537 saepe
1714 3464 2086 3520 animadver-

422 3567 563 3607 sum
591 3555 702 3609 est.

1114 3647 1195 3699 De
1222 3645 1381 3698 Bove.

496 3734 558 3786 In
611 3731 735 3788 loco
784 3736 1122 3804 nuncupata
1174 3733 1322 3788 Bove
1362 3735 1657 3787 exstructa
1702 3734 1834 3787 erat
1884 3731 2087 3787 fornax

417 3819 674 3893 ingentis
715 3820 912 3892 molis,
965 3821 1171 3877 bubuli
1220 3822 1429 3893 capitis
1460 3823 1709 3893 ﬁguram
1757 3836 1991 3893 gerens,
2026 3820 2083 3875 in

417 3926 534 3981 qua
562 3914 620 3966 et
650 3910 899 3967 malefici
932 3911 1221 3983 supplicio
1265 3911 1713 3977 afﬁciebantur;
1767 3909 1867 3964 ubi
1903 3909 2083 3964 etiam

412 3998 689 4056 Julianus
732 3999 945 4055 multos
995 4001 1187 4072 specie
1238 4000 1533 4056 variorum
1585 3999 1876 4055 scelerum
1925 4014 2083 4053 com-

416 4087 626 4144 bussit.
654 4089 1129 4160 Repraascntabat
1160 4094 1356 4144 autem
1388 4088 1489 4143 illa
1520 4089 1725 4144 fornax
1761 4088 1925 4143 bovis
1945 4087 2084 4157 ﬁgu-

419 4192 569 4242 ram,
620 4182 861 4248 eratque
913 4178 1171 4233 maxima
1216 4178 1389 4245 visu;
1441 4178 1511 4231 ad
1568 4178 1739 4248 cujus
1787 4175 2086 4248 exemplar

420 4268 632 4323 similis
664 4269 767 4323 bos
809 4270 868 4323 in
918 4268 1123 4324 Neorio
1168 4272 1502 4324 exstructus
1550 4272 1656 4323 est.
1712 4269 1942 4340 Integra
1976 4285 2084 4323 au-

420 4360 540 4411 tem
575 4358 775 4411 fornax
820 4358 1149 4428 permansit
1202 4373 1388 4429 usque
1419 4358 1489 4411 ad
1535 4357 1807 4412 Pbocam.
1841 4359 1923 4413 Ab
1966 4358 2077 4412 He-

420 4444 600 4501 raclio
632 4462 802 4516 porro
855 4447 914 4501 in
967 4446 1110 4502 foles
1156 4447 1407 4503 conﬂata
1454 4451 1561 4503 est.
1620 4450 1681 4502 In
1712 4448 1916 4503 eodem
1952 4446 2084 4501 loco

418 4550 588 4589 areus
620 4535 795 4589 erecti
826 4539 1014 4604 erant,
1058 4535 1283 4592 similes
1334 4536 1473 4603 illis,
1508 4537 1607 4608 qui
1640 4536 1699 4591 in
1748 4535 2083 4607 Xerolopho

1421 361 1824 422 APPENDIX
1865 360 1967 421 AD
2011 360 2474 423 MICHAELEM
2518 361 2908 425 PSELLUM.

2139 496 2188 560 A

3723 364 3876 425 1230

2632 490 2760 566 Περὶ
2790 489 2887 547 τοῦ
2916 492 3083 549 αὐτοῦ
3113 496 3455 572 σαφέστερον.

2291 582 2515 654 Μαναῖμ
2563 582 2864 657 στρατηγὸς
2914 583 3047 655 μετὰ
3090 584 3151 638 τὸ
3201 588 3414 654 νικῆσαι
3477 586 3690 649 Σκύθας
3744 587 3877 639 κατέι

2218 668 2437 741 κράτος,
2472 669 2648 746 στήλῃ
2707 671 2915 742 ἠξιώθη
2970 674 3267 745 τιμηθῆναι
3326 674 3377 729 ἐν
3424 679 3501 747 τῷ
3545 674 3874 747 καλουμένῳ

2218 759 2432 833 Ὠρείῳ.
2484 762 2648 824 Ἔνθα
2695 758 2937 817 ’ίστανται
2995 762 3169 823 κίονες
3228 765 3311 818 καὶ
3392 764 3517 838 ἁψὶς
3591 766 3657 833 ἦν
3736 766 3873 839 πρὸς

2216 848 2306 901 τὸν
2369 848 2514 903 οἶκον
2569 850 2659 904 τὸν
2724 846 3016 925 λεγόμενον
3090 854 3408 928 Κρατεροῦ’
3471 853 3591 908 ἔνθα
3656 853 3871 909 ἵσταται

2216 934 2303 987 καὶ
2336 936 2363 989 ὁ
2396 935 2607 1010 χαλκὸς
2642 934 2871 1009 Μόδιος,
2904 939 2996 992 καὶ
3034 940 3096 995 τὸ
3144 946 3370 1015 Ὡρεῖον,
3397 941 3484 995 καὶ
3540 939 3635 995 δύο
3686 949 3872 1017 χεῖρες

2216 1030 2426 1099 χαλκαῖ
2477 1025 2561 1080 ἐπὶ
2623 1027 2872 1083 ἀκόντου.
2904 1029 3009 1083 Τὸν
3067 1025 3123 1087 δὲ
3174 1027 3381 1086 Μόδιον
3444 1029 3560 1085 δίον
3619 1031 3729 1086 ἐστέ
3798 1036 3873 1104 μὴ

2215 1112 2589 1189 παραδραμεῖν
2621 1118 2793 1189 ἡμᾶς,
2823 1118 2905 1172 δτι
2957 1116 3046 1172 ἐπὶ
3093 1117 3538 1175 Οὐαλεντινιανοῦ
3592 1119 3874 1190 ἐτυπώθη.

2214 1203 2350 1259 Τότε
2400 1206 2498 1280 γὰρ
2558 1204 2647 1259 καὶ
2707 1206 2955 1281 ἀρχηγὸν
3014 1205 3228 1265 Μοδίου
3274 1214 3383 1264 τῶν
3432 1208 3482 1264 ἐν
3534 1217 3877 1265 Κωνσταντι-

2213 1292 2474 1349 νουπόλει
2523 1295 2816 1349 οἰκούντων
2874 1297 3238 1372 ἀνηρευνήθη.
3291 1299 3388 1354 Διὰ
3432 1303 3593 1354 τοῦτο
3634 1305 3735 1355 τοῦ
3786 1302 3876 1375 ἀρ-

2215 1387 2383 1457 γυροῦ
2438 1384 2809 1457 τυπώσαντες,
2868 1383 3098 1462 ἄργυρος
3160 1385 3217 1442 δὲ
3289 1387 3540 1460 ἰτυπώθη
3612 1390 3875 1465 ἀπαρχήν

2214 1471 2274 1524 τὸ
2304 1465 2570 1545 νόμισμα.
2601 1477 2779 1528 Τοῦτο
2813 1472 2869 1529 δὲ
2897 1476 2987 1529 καὶ
3040 1472 3393 1551 Θεοδώρητος
3443 1476 3697 1557 διασαφεῖ
3742 1499 3873 1551 τρα-

2214 1560 2455 1636 νότερον.
2507 1563 2574 1618 Αἱ
2626 1560 2682 1617 δὲ
2730 1562 2939 1638 χαλκαῖ
2984 1570 3165 1641 χεῖρες
3210 1564 3390 1621 ἔκτοτε
3452 1566 3653 1623 ἄνωθεν
3700 1588 3871 1644 προσ-

2216 1652 2567 1721 ετοπώθησαν
2603 1671 2615 1683 ·
2667 1657 2769 1706 τοῦ
2830 1652 3099 1729 βασιλέως
3157 1656 3217 1710 τὸ
3288 1655 3599 1729 κούμουλον
3659 1655 3871 1715 Μόδιον

2212 1742 2698 1815 νομοθετήσαντος,
2732 1744 2821 1796 καὶ
2875 1750 2950 1816 μὴ
3000 1744 3238 1819 ἀντερεῖν
3280 1751 3395 1809 τοῖς
3450 1746 3614 1800 αὑτοῦ
3674 1747 3872 1819 νόμοις

2212 1830 2646 1905 προστάξαντος,
2710 1834 2787 1894 εἷς
2848 1834 2910 1887 ἐκ
2968 1833 3175 1888 τούτων
3239 1832 3481 1911 παριδὼν
3536 1838 3636 1905 τὴν
3700 1838 3872 1911 πρόσο

2209 1923 2379 1993 ταξιν,
2429 1921 2517 1975 καὶ
2579 1919 2770 1996 ῥίγλον
2829 1921 3117 1993 πωλήσας,
3168 1925 3263 1986 τὰς
3305 1931 3493 2001 χεῖρας
3548 1926 3869 1981 ἀπώλεσεν·

2212 2009 2330 2073 ὅθεν
2389 2010 2477 2064 καὶ
2539 2010 2890 2081 ἐτυπώθησαν
2951 2015 3006 2067 αἱ
3062 2019 3243 2090 χεῖρες
3301 2020 3415 2076 τοῖς
3494 2011 3870 2089 λαμϐάνουσι,

2209 2100 2297 2152 καὶ
2354 2106 2470 2161 τοῖς
2532 2097 2770 2154 διδοῦσιν
2828 2101 3152 2176 ἀμφότεραι,
3190 2105 3324 2177 μετᾶ
3380 2109 3488 2158 τῶν
3539 2106 3867 2180 σιτηρεσίων

2208 2188 2492 2261 κοῦμουλα
2553 2187 2791 2243 δίδοσθαι
2854 2191 2917 2245 τὰ
2978 2189 3159 2263 μόδια.
3207 2195 3374 2249 Ἔνθα
3426 2194 3513 2248 καὶ
3574 2196 3609 2263 ἡ
3669 2195 3869 2249 τούτου

2208 2276 2383 2348 στήλη
2430 2275 2618 2333 ’ἕστατο
2674 2278 2750 2340 εἰς
2803 2281 2903 2348 τὴν
2961 2279 3147 2354 actae,
3199 2276 3394 2355 ἔξαιμον
3461 2282 3511 2337 ἐν
3552 2279 3649 2358 ’τῇ
3725 2281 3871 2353 δεξιᾷ

2206 2366 2352 2442 χειρὶ
2405 2369 2729 2442 κατέχουσα.
2788 2369 3037 2445 Ἠρπάγη
3103 2369 3161 2426 δὲ
3221 2370 3298 2433 εἷς
3377 2374 3581 2427 πάκτον
3648 2371 3743 2428 διὰ
3805 2376 3867 2427 τὸ

2204 2456 2437 2532 ἀργυρᾶν
2468 2458 2779 2532 τυγχάνειν.

2664 2565 2793 2641 Περὶ
2822 2571 2918 2620 τοῦ
2951 2568 3371 2642 Ἀμαστριανοῦ.

2270 2656 2358 2710 Ἐν
2408 2658 2487 2726 τῷ
2538 2652 2691 2727 τόπῳ
2738 2659 2834 2709 τοῦ
2868 2656 3291 2732 Ἀμαστριανοῦ,
3325 2656 3485 2727 ἥλιος
3535 2656 3755 2713 ’ίσταται
3812 2660 3861 2715 ὲν

2202 2744 2373 2815 αὐτῷ,
2458 2742 2537 2821 ἐφ’
2624 2745 2865 2819 ἅρματος
2958 2747 3303 2823 μαρμαρίνου
3381 2746 3714 2818 στηλωθεὶς,
3776 2750 3864 2804 καὶ

2198 2830 2474 2907 Ἡρακλῆς
2505 2833 2874 2905 ἀνακείμενος,
2913 2836 3000 2889 καὶ
3033 2835 3273 2911 χελῶναι
3306 2836 3474 2892 ἐκεῖσε
3528 2839 3663 2910 μετᾶ
3717 2838 3862 2912 ὀρνίο

2197 2923 2325 2993 θων,
2357 2921 2445 2975 καὶ
2496 2918 2777 2997 δρακαιναι
2815 2929 2893 2993 ιε’,
2942 2923 3030 2977 καὶ
3079 2925 3416 3001 μαρμάρινος
3470 2927 3647 2997 στήλη
3698 2929 3854 2981 ἱστα-

2200 3009 2358 3084 μὲνη,
2416 3012 2641 3085 ἀχθεῖσα
2698 3010 2803 3066 ἀπὸ
2866 3014 3055 3088 χώρας
3134 3012 3519 3090 Παφλαγονίας
3587 3013 3856 3070 δεσπότου

2194 3100 2362 3169 τινὸς,
2421 3100 2509 3153 καὶ
2562 3101 2718 3174 ἒυέρα
2764 3101 3090 3177 κεχωσμὲνη
3146 3102 3196 3157 ἰν
3237 3105 3308 3174 τῇ
3355 3104 3563 3178 κόπρῳ,
3596 3107 3684 3159 καὶ
3744 3112 3865 3167 τοῖς

2200 3187 2405 3265 οὔροις,
2438 3186 2638 3244 δούλου
2693 3194 2789 3243 τοῦ
2848 3190 2905 3245 ἐκ
2957 3192 3147 3265 χώρας
3202 3191 3584 3268 Ἀμάστριδος.
3649 3195 3858 3249 Ἐκεῖσι

2200 3276 2258 3333 δὲ
2288 3278 2338 3333 ἐν
2373 3278 2518 3350 αὐτῷ
2568 3279 2644 3351 τᾷ
2693 3278 2847 3353 τόπῳ
2886 3278 3137 3351 ἐτυπώθη
3198 3287 3314 3343 τοῖς
3370 3279 3620 3355 δαίμοσιν
3679 3284 3863 3359 ἀμφό-

2193 3389 2341 3445 τερα.
2410 3368 2516 3423 Καὶ
2576 3368 2931 3439 ἀνεστηλώθη
2998 3369 3193 3425 ἐκεῖθεν
3276 3371 3366 3426 καὶ
3450 3370 3862 3445 καλλωπισμὸς

2196 3458 2417 3512 κιονίων
2486 3456 2887 3533 σιγματοειδῶς
2954 3461 3370 3535 ἀνεγερθέντων.
3432 3462 3711 3536 Ἐγένοντο
3803 3461 3860 3517 δὲ

2196 3546 2367 3602 ἐκεῖσε
2398 3544 2673 3621 δαιμόνων
2709 3548 3010 3604 ἐπιστασίαι
3042 3548 3279 3607 πολλαί.

2796 3638 2928 3714 Περῖ
2956 3643 3053 3693 τοῦ
3085 3638 3241 3701 Βοός.

2269 3726 2359 3788 Εἰς
2392 3723 2450 3781 δὶ
2478 3727 2569 3781 τὸν
2600 3724 2939 3800 καλούμενον
3000 3732 3139 3783 Βοῦν
3178 3728 3408 3801 κάμινος
3453 3731 3521 3798 ἦν
3570 3732 3858 3807 παμμεγέ-

2196 3817 2294 3884 θης
2355 3815 2666 3889 ἰκτισμένη,
2727 3818 2858 3893 βοὸς
2919 3815 3122 3892 ἔχουσα
3171 3818 3437 3895 κεφαλὴν,
3472 3819 3596 3883 ἔνθα
3646 3820 3738 3874 καὶ
3803 3821 3860 3873 οἱ

2198 3910 2496 3981 κακοῦργοι
2546 3904 2956 3981 ἐτιμωροῦντο,
3009 3907 3144 3962 ὅπου
3220 3910 3309 3962 καὶ
3362 3908 3660 3970 Ἰουλιανὸς
3715 3931 3862 3985 προ-

2198 3996 2353 4072 φάσει
2408 3993 2709 4050 καταδίκων
2765 3994 3013 4060 πολλοὺς
3070 3996 3121 4052 ἂν
3177 3998 3325 4070 αὐτῷ
3379 3999 3718 4054 κατέκαυσεν.
3758 4002 3860 4055 Ἦν

2197 4082 2254 4139 δὲ
2308 4087 2341 4154 ἡ
2393 4085 2622 4157 κάμινος
2688 4086 2815 4161 βοὸς
2865 4085 3035 4149 τόπος
3091 4089 3603 4163 παμμεγεϐεστάτου
3653 4089 3863 4160 θεάμα-

2193 4194 2309 4241 τος,
2345 4174 2405 4227 οὗ
2462 4174 2599 4228 κατὰ
2652 4173 2887 4247 μίμησιν
2942 4175 3031 4230 καὶ
3067 4174 3117 4230 ἰν
3150 4180 3227 4247 τῷ
3262 4177 3489 4251 Νεωρίῳ
3548 4178 3676 4252 βοῦς
3736 4177 3862 4231 ἐτυ-

2197 4264 2381 4333 πώθη.
2414 4265 2511 4320 Ἠν
2548 4260 2666 4333 δὲή
2727 4265 2959 4336 κάμινος
3010 4260 3114 4326 ἕως
3169 4270 3357 4321 Φωκᾶ.
3390 4266 3516 4319 Ὑπὸ
3575 4263 3633 4320 δὶ
3683 4267 3859 4341 Ἡρα-

2198 4351 2387 4407 κλείου
2439 4350 2717 4427 ἐχωνεύθη
2780 4350 2936 4428 λόγῳ
3014 4354 3250 4432 φόλεων.
3312 4356 3399 4411 Ἐν
3459 4354 3604 4426 αὐτῷ
3665 4353 3719 4408 δὲ
3780 4360 3859 4427 τῷ

2196 4442 2351 4514 τόπῳ
2382 4438 2569 4515 ἀψίδες
2601 4441 2792 4514 ὅμοιαι
2820 4448 2899 4517 τῷ
2930 4443 3268 4521 Ξηρολόφῳ,
3300 4440 3524 4519 ἔχουσαι
3565 4442 3859 4518 ἀγάλματα

2197 4528 2403 4602 πολλὰ,
2435 4531 2524 4584 καὶ
2552 4530 2795 4607 ἱστορίας
2824 4530 3057 4595 λιθίνας.
3089 4534 3157 4591 Ol.
3190 4530 3245 4587 δὶ
3276 4530 3627 4609 διερχόμενοι
3685 4534 3860 4608 εὑρή-

421 4627 784 4695 spectantur,
818 4628 877 4679 et
906 4599 1208 4680 continent
1255 4599 1568 4681 simulacra
1596 4629 1652 4680 et
1684 4599 2083 4680 historias-la-

2213 4642 2377 4675 νουσιν
2392 4599 2398 4602 ﬁ
2415 4620 2514 4675 οὐκ
2543 4599 2730 4696 ὀλίγα.

421 4712 659 4784 pidibus
690 4712 1036 4785 insculptas.
1069 4716 1176 4782 Qui
1211 4731 1342 4771 vero
1389 4714 1577 4771 isthac
1608 4714 2086 4792 pertransibunt,

421 4817 537 4857 non
570 4818 759 4874 pauca
784 4804 1099 4876 reperient.

816 4953 845 4974 .
1008 4895 1082 4949 De
1111 4895 1269 4949 Petri
1296 4898 1494 4949 tractu.

491 4981 554 5036 In
588 4980 741 5036 Petri
774 4986 960 5037 tractu
1014 4983 1226 5038 domus
1275 4987 1401 5039 erat
1442 4981 1593 5037 Petri
1644 4982 1874 5055 patricii
1908 4982 2087 5038 Justi-

421 5068 581 5125 niani
614 5070 809 5142 Magni
852 5074 1139 5143 tempore.
1184 5071 1285 5127 Ille
1334 5087 1467 5127 vero
1498 5071 1672 5128 etiam
1705 5071 1995 5143 templum
2029 5076 2086 5127 et

417 5160 817 5231 gerocomium
850 5160 1136 5216 condidit.

1026 5254 1105 5305 De
1135 5250 1462 5305 Exocz’onio.

486 5338 690 5390 Statua
720 5334 779 5390 in
822 5337 1135 5394 Exocionio
1187 5354 1364 5408 super
1414 5336 1748 5393 columnam
1786 5335 2080 5408 exiguam,

418 5423 890 5494 Septentrionem
921 5444 1146 5498 versus,
1180 5431 1372 5482 erecta
1403 5426 1532 5496 fuit,
1559 5444 1683 5498 quaa
1708 5426 2079 5488 Constantini

420 5512 528 5569 filii
560 5515 781 5582 Irenes,
812 5520 1202 5588 cognomento
1234 5515 1398 5584 Caeci,
1430 5521 1575 5573 erat.

1096 5624 1166 5679 De
1196 5622 1408 5679 eodem.

491 5706 868 5765 Exooionium
920 5710 1212 5769 terrestris
1260 5728 1466 5769 murus
1515 5715 1659 5782 erat,
1712 5728 1886 5785 quem
1924 5714 2077 5770 Con-

2825 4889 2955 4964 Περῖ
2994 4887 3219 4964 Πᾶτρου.

2267 4979 2366 5034 Τὰ.
2407 4977 2612 5053 Πέτρου
2672 4968 2821 5039 οἶκος»
2879 4978 2945 5046 ἦν
3014 4980 3220 5053 Πέτρου
3294 4980 3583 5054 πατρικίου
3633 4979 3684 5033 ἐν
3737 4986 3856 5042 τοῖς

2197 5066 2421 5142 χρόνοις
2479 5068 2861 5121 Ἰουστινιανοῦ
2924 5072 3021 5122 τοῦ
3098 5068 3398 5144 Μεγάλου·
3463 5069 3717 5145 ἀνήγειρε
3799 5067 3855 5123 δὲ

2194 5155 2285 5210 τόν
2316 5176 2373 5211 τε
2401 5156 2524 5211 ναὸν
2558 5157 2649 5211 καὶ
2677 5157 2738 5211 τὸ
2766 5162 3157 5231 γηροκομεῖον.

2614 5246 2745 5321 Περὶ
2774 5249 2881 5299 τῶν
2912 5250 3013 5299 τοῦ
3046 5246 3417 5317 Ἐξωκιονίου.

2262 5336 2323 5391 Ἠ
2378 5332 2435 5388 δὲ
2488 5334 2751 5407 ἰσταμένη
2813 5332 2992 5405 στήλη
3068 5334 3143 5397 εἷς
3216 5337 3278 5391 τὸ
3339 5336 3681 5406 Ἐξωκιόνιον
3759 5336 3847 5391 ἐπὶ

2199 5424 2449 5499 βραχέως
2506 5423 2713 5495 κίονος,
2770 5424 2908 5477 κατὰ
2962 5424 3023 5477 τὸ
3092 5424 3315 5501 βόρῥιον
3378 5426 3563 5498 μέρος,
3628 5426 3847 5501 ὑπῆρχε

2196 5512 2599 5568 Κωνσταντίνου
2628 5517 2723 5568 τοῦ
2752 5512 2991 5591 Τυφλοῦ,
3023 5518 3120 5568 τοῦ
3153 5516 3273 5569 υἱοῦ
3303 5514 3566 5589 Εἰρήνης.

2769 5620 2900 5694 Περὶ
2929 5624 3026 5677 τοῦ
3059 5622 3247 5678 αὐτοῦ.

2260 5711 2331 5767 Τὸ
2363 5708 2419 5767 δὲ
2451 5711 2796 5787 Ἐεωκιόνιον
2840 5712 2906 5783 ἦν
2955 5716 3210 5788 χερσαῖον
3240 5708 3633 5787 .τεῖχος,νδπιρ
3696 5708 3842 5767 ἔκτι-
