4056 6346
251 385 412 448 1921

1384 374 1751 440 ANONYMI
1797 375 2380 448 ANTIQUI'I‘ATES
2421 377 2542 440 CP.

3513 378 3671 439 1222

249 536 342 571 σίν
371 515 402 571 6
432 512 608 590 Μέγας
637 515 1049 576 Κωνσταντῖνος
1073 528 1088 542 ο
1125 469 1390 584 ’διήρκεσε
1421 504 1479 562 Si
1526 507 1760 582 χρόνους
1792 502 1903 581 λβ⁸,

2034 505 2313 563 ιιειιίὶῐιυε
2363 507 2607 579 Magnus
2654 507 2966 565 ediﬂeavit
2995 525 3010 566 :
3041 509 3271 580 integer
3316 512 3511 566 autem
3545 525 3672 580 per-

255 606 424 680 μέχρι
453 605 552 672 τῆς
599 601 877 677 βασιλείας
926 596 1215 655 Θεοδοσίου
1266 602 1363 653 τοῦ
1397 599 1630 670 Μικροῦ,
1665 597 1899 667 ’Έξωθεν

253 693 316 750 ὃὶ
349 692 530 748 ἵστατο
560 691 693 746 κίων
749 688 892 766 ἔχων
950 688 1160 762 στήλην
1207 691 1305 743 τοῦ
1354 686 1540 756 αὐτοῦ,
1587 685 1676 740 καὶ
1705 685 1903 739 τούτου

253 785 420 859 χάριν
453 783 665 856 Λέγεται
716 779 1066 850 Ἐξωκιόνον,
1119 775 1208 832 διὰ
1253 780 1347 832 τοῦ
1393 772 1494 846 ἔξω
1538 779 1635 830 τοῦ
1682 773 1902 850 τείχους

256 870 526 926 ἵστασθαι.
586 874 756 925 Ἦσαν
809 866 866 923 δὲ
905 867 1017 923 ἐκεῖ
1063 864 1263 936 στῆλαι
1309 861 1564 919 πολλαί·
1621 864 1906 936 συνέτριψε

251 958 314 1014 Si
360 959 555 1019 ταύτας
607 959 635 1012 6
688 955 940 1030 βασιλεὺς
991 953 1327 1030 Μαυρίκιος,
1378 954 1500 1010 Ὀτι
1552 951 1629 1014 εἷς
1681 951 1777 1015 τὰς
1806 955 1896 1006 νῦν

255 1047 567 1121 σωζομὲνας
597 1045 780 1110 κίονας
822 1045 1062 1100 ἵστανται
1115 1045 1170 1099 αἱ
1224 1043 1330 1098 ἀπὸ
1384 1040 1618 1112 Κυζίκου
1651 1039 1905 1098 ἐλθοῦσαι

256 1136 479 1208 στῆλαι.

759 1312 894 1387 Περὶ
923 1317 1020 1369 τοῦ
1049 1309 1411 1388 Ξηρολόφου.

332 1407 418 1463 Ἐν
449 1409 530 1478 τῷ
586 1403 929 1480 Ξηρολόφῳ,
981 1401 1174 1479 πρώην
1231 1399 1416 1476 Θὲαμά
1455 1403 1598 1463 τινες
1656 1399 1910 1472 ἐκάλουν,

257 1494 313 1550 ἐν
374 1494 518 1565 αὐτῷ
571 1491 800 1569 κοχλίαι
861 1493 957 1559 ις“,
1023 1491 1114 1546 καὶ
1171 1491 1424 1552 σύνθετος
1474 1495 1762 1564 νΑριιτεμας,
1822 1489 1912 1545 καὶ

257 1583 415 1660 ἔτερα
469 1580 614 1637 ἄλλα
674 1582 752 1646 είς
806 1582 906 1644 τὰς
977 1578 1176 1655 ἀψίδας
1209 1601 1222 1614 ·
1302 1578 1530 1656 ἔσχατον
1587 1576 1644 1634 δὲ
1701 1577 1910 1650 ἐκλήθη

258 1672 442 1745 Φόρος
469 1668 844 1740 Θεοδοσιακὸς,
893 1671 984 1725 καὶ
1035 1672 1104 1739 ἦν
1156 1671 1324 1745 μέχρι
1372 1668 1782 1727 Κωνσταντίνου
1813 1674 1914 1726 τοῦ

263 1758 642 1838 Κοπρωνύμου
653 1803 666 1816 .

772 1938 876 2015 Ιερὶ
905 1942 1003 1994 τοῦ
1042 1935 1415 2013 Τετραπόλου.

341 2029 416 2087 Τὸ
449 2025 505 2084 δὲ
545 2026 844 2104 λὲγόμενον
886 2025 1253 2103 Τέτράπυλον,
1305 2031 1528 2102 πρῶτον
1579 2022 1915 2102 Τετράϐιλον

266 2117 512 2194 ἓλέγετο,
570 2117 702 2193 ὅπερ
758 2114 1036 2193 διήρκεσεν
1110 2113 1201 2187 ἔτη
1263 2116 1356 2191 ρξ’,
1419 2117 1588 2193 μεχρι
1645 2118 1913 2187 Ζήνωνος.

264 2209 370 2264 Ἥν
430 2204 488 2262 δὲ
542 2205 711 2261 ἰκεῖσε
770 2200 1141 2260 Κουϐούκλιον
1195 2203 1374 2260 ἐπάνω
1432 2201 1628 2260 κιόνων
1690 2205 1793 2261 ὑπὸ
1821 2209 1918 2260 τοῦ

264 2295 522 2372 Μεγάλου
576 2295 982 2350 Κωνσταντίνου
1041 2295 1274 2364 κτισθὲν,
1339 2295 1458 2348 καθ’
1507 2295 1772 2368 αμοίωσιν
1814 2302 1916 2364 τῆς

259 2385 508 2458 Ῥώμης.
565 2385 663 2439 Καὶ
721 2383 810 2440 ὅτε
867 2405 944 2447 εις
996 2383 1260 2458 συγγενὴς
1322 2383 1614 2459 βασιλέως,
1665 2381 1702 2454 ἤ
1756 2384 1918 2447 αὐτὸς

267 2475 526 2542 ἀπέθανε,
577 2467 994 2549 παρελάμϐανεν
1063 2472 1096 2542 ἠ
1153 2473 1434 2549 Αὐγοῦστα
1478 2472 1570 2528 καὶ
1618 2473 1671 2528 οἱ
1721 2494 1913 2550 συγγε-

262 2568 375 2625 νεῖς
421 2567 517 2617 τοῦ
565 2566 856 2626 τεθνεῶτος
929 2559 1222 2636 βασιλέως,
1282 2582 1372 2616 και
1425 2560 1684 2636 ἐθρήνουν
1746 2561 1917 2618 ἆκεῖσι

262 2653 358 2707 τὸν
411 2650 779 2722 τελευήσαντα
828 2645 1025 2715 ἔσωθεν
1072 2654 1168 2705 τοῦ
1223 2644 1620 2723 Κουϐουκλίου,
1671 2650 1760 2705 καὶ
1813 2653 1915 2706 ἀπ-

265 2740 427 2796 ἐλυον
457 2741 526 2796 τά
558 2738 704 2816 βῆλα
733 2741 870 2815 πρὸς
913 2741 975 2795 τὸ
1027 2740 1102 2813 μὴ
1142 2739 1478 2816 εἷσὲρχεσθαι
1522 2737 1558 2809 ἤ
1590 2739 1912 2796 κατωπτεύ-

266 2851 345 2885 ειν
397 2829 590 2891 αὐτούς
646 2850 786 2897 τινα,
839 2828 930 2884 καὶ
1000 2825 1241 2884 κατιδίαν
1313 2827 1606 2885 ἐκόπτοντο
1663 2829 1913 2906 οῗμωγάς

269 2915 509 2996 σφοδρὰς
540 2918 629 2973 καὶ
675 2919 908 2993 θρήνους
958 2916 1284 2991 ποιούμευοι
1333 2914 1437 2980 ἕως
1482 2917 1637 2994 ὡρῶν
1693 2917 1743 2989 ἐξ
1779 2939 1792 2953 ο
1826 2919 1916 2973 καὶ

267 3003 458 3062 ἔκτοτε
485 3001 790 3080 ἐλάμϐανον
825 3005 917 3062 τὰν
966 3006 1340 3083 ἀποιχόμενον
1378 3006 1543 3082 μέχρι
1574 3011 1680 3061 τῶν
1717 3007 1915 3084 Ἀγίων

269 3093 652 3168 ’Δποστόλων,
681 3097 769 3152 καὶ
803 3093 1058 3167 ἐκήδευον
1093 3096 1276 3152 αὐτόν.

340 3363 474 3439 Ηερὶ
502 3371 603 3434 τῆς
635 3362 931 3437 ἱσταμένης
968 3364 1174 3434 στήκὴς
1203 3362 1278 3425 είς
1305 3361 1368 3418 τὸ
1400 3361 1598 3437 Σίγμα.

340 3455 403 3510 Ἦ
443 3449 501 3508 δὲ
559 3453 824 3526 ἱσταμένη
883 3450 1061 3524 στήλη
1118 3451 1194 3514 είς
1239 3453 1303 3508 τὸ
1363 3452 1545 3527 Σίγμα
1601 3452 1690 3508 ἰπὶ
1739 3451 1920 3515 κίονος

274 3543 507 3618 ὑπάρχει
537 3539 829 3598 Θεοδοσίου
874 3546 973 3596 τοῦ
1016 3545 1252 3617 Μικροῢ,
1299 3545 1396 3596 τοῦ
1450 3543 1573 3596 υἱοῦ
1603 3539 1918 3618 Ἀρκαδίου,

267 3629 338 3700 ἥν
393 3630 642 3706 ἀνήγειρε
681 3628 996 3708 Χρυσάφιος
1041 3629 1325 3705 εὐνοῦχος,
1377 3630 1406 3685 6
1453 3635 1701 3704 Τζουμᾶς
1741 3631 1769 3686 6
1816 3651 1920 3684 πα-

272 3718 715 3794 ρακοιμώμενος.

695 3824 822 3900 Περὶ
865 3829 962 3880 τοῦ
995 3824 1182 3902 Ἀγίου
1210 3824 1504 3904 Στεφάνου.

343 3914 445 3970 Τὸν
479 3912 536 3969 δὲ
588 3917 779 3992 ’Ἀγιον
841 3915 1134 3992 Στέφανον,
1189 3915 1280 3970 τὸν
1343 3911 1472 3970 ὄντα
1529 3914 1764 3984 πλησίον
1821 3919 1922 3970 τοῦ

275 4004 550 4080 Σίγματος
608 4005 636 4058 6
693 4003 860 4079 μέγας
920 4011 1318 4067 Κωνσταντῐνος
1377 4004 1684 4080 ἀνήγειρεν,
1742 4006 1799 4059 Ὀ
1866 4002 1924 4059 δὶ

273 4095 426 4149 Λᾶων
477 4093 504 4147 6
569 4093 823 4169 βασιλεὺς
900 4092 1122 4163 ἔποίησε
1190 4094 1404 4168 μικρὸν,
1475 4094 1566 4148 καὶ
1623 4094 1722 4164 τήν
1782 4092 1920 4166 ὕλην

269 4189 443 4239 πᾶσαν
501 4187 608 4237 τῶν
663 4187 882 4259 χρυσῶν
959 4180 1193 4257 ἀψίδων,
1252 4181 1670 4240 πολυποικίλων
1732 4181 1922 4256 λίθων,

267 4273 361 4327 καὶ
421 4269 606 4334 κίονας
653 4270 877 4336 ἀπέθετο
936 4272 1013 4335 είς
1066 4271 1197 4333 τοὺς
1253 4272 1476 4347 Ἃγίους
1533 4272 1926 4344 Ἀποστόλους,

266 4361 360 4416 καὶ
421 4359 547 4415 ναὸν
607 4361 856 4435 ἀνήγειρε
932 4359 1060 4423 τοὺς
1145 4359 1356 4437 Ἃγίους
1428 4362 1657 4426 Ηάντας.
1717 4364 1926 4420 Ἐκεῖσε

2014 595 2249 652 duravit
2280 613 2466 652 annos
2521 597 2762 669 triginta
2812 597 2986 664 duos,
3017 599 3089 654 ad
3122 597 3439 670 imperium
3486 615 3670 671 usque

2014 684 2330 741 Theodosii
2386 685 2672 742 Junioris.
2726 686 2902 743 Extra
2950 703 3086 743 eum
3145 687 3338 743 stabat
3392 687 3671 744 columna

2015 791 2151 830 cum
2173 774 2439 845 ejusdem
2457 774 2823 830 Constantini
2847 780 3080 843 statua;
3116 775 3362 847 ideoque
3393 777 3558 834 locus
3584 778 3669 849 ip-

2017 879 2079 917 se
2110 862 2487 920 Exocionium
2522 863 2635 919 fuit
2663 863 3016 936 appellatus,
3053 865 3194 936 quia
3230 870 3392 921 extra
3428 883 3666 922 murum

2017 955 2160 1007 erat.
2196 956 2480 1008 Praeterea
2508 951 2628 1008 illic
2659 958 2718 1009 et
2745 952 2870 1008 aliis
2905 955 3104 1010 multa
3135 958 3346 1012 statuas
3374 954 3666 1013 collocatas

2017 1044 2206 1107 erant,
2239 1057 2388 1112 quas
2435 1057 2643 1098 omnes
2673 1041 2957 1113 confregit
3007 1043 3344 1101 Mauricius.
3379 1043 3665 1100 Caeterum

2017 1128 2332 1201 columnis,
2358 1147 2484 1202 qua
2508 1130 2796 1188 hactenus
2828 1136 3171 1204 supersunt,
3204 1133 3494 1206 impositis
3529 1137 3669 1190 sunt

2019 1223 2223 1277 statua
2253 1237 2323 1276 ex
2351 1221 2496 1278 urbe
2525 1220 2729 1294 Cyzico
2762 1225 3100 1295 exportata.

2631 1312 2707 1367 De
2735 1311 3054 1384 Xerolopho.

2093 1399 2159 1454 In
2189 1399 2536 1471 Xerolopho,
2570 1417 2748 1471 quem
2782 1401 2947 1472 prius
2996 1401 3280 1472 Theama,
3312 1417 3417 1459 seu
3448 1405 3674 1474 specta-

2021 1488 2220 1544 culum
2253 1488 2491 1560 quidam
2542 1490 2848 1559 vocabant,
2881 1491 3121 1546 stabant
3167 1489 3415 1547 cochleae
3463 1492 3673 1547 sexde-

2021 1579 2157 1649 cim,
2188 1581 2245 1634 et
2292 1577 2487 1634 Dianas
2518 1582 2714 1635 statua
2758 1581 3082 1652 composita
3129 1596 3195 1636 ac
3242 1578 3359 1635 alia
3406 1581 3673 1652 quaedam

2024 1683 2204 1738 super
2232 1683 2421 1724 arcus.
2459 1669 2723 1724 Tandem
2773 1685 2908 1725 vero
2959 1668 3292 1743 appellatus
3343 1673 3432 1726 est
3461 1670 3674 1726 Forum

2026 1757 2516 1827 Theodosiacum,
2567 1758 2919 1831 duravitque
2963 1759 3036 1815 ad
3070 1757 3528 1816 Constantinum
3567 1764 3678 1814 Co-

1947 1877 1997 1945 B
2029 1862 2400 1919 pronymum.

2634 1938 2710 1992 De
2757 1938 3073 2010 Tetrapylo.

2097 2025 2160 2082 Id
2195 2025 2350 2097 quod
2384 2041 2539 2080 nunc
2567 2025 2942 2098 Tetrapylum
2975 2025 3362 2098 appellamus,
3382 2025 3548 2097 prius
3579 2027 3682 2083 Te-

2027 2113 2302 2169 travilum
2355 2113 2680 2184 dicebatur,
2712 2115 3062 2181 duravitque
3116 2131 3300 2170 annos
3350 2119 3588 2170 centum
3620 2119 3679 2172 et

2028 2202 2326 2274 sexaginta
2383 2218 2570 2273 usque
2628 2203 2698 2257 ad
2756 2202 3005 2258 Zenonis
3063 2202 3402 2274 imperium.
3453 2203 3680 2260 Ibidem

2029 2291 2370 2346 cubiculum
2428 2295 2552 2346 erat
2608 2291 2902 2347 columnis
2961 2289 3353 2361 suﬂ‘ultum,a
3391 2292 3678 2349 Constan-

2027 2380 2150 2436 tino
2182 2381 2393 2452 Magno
2425 2383 2812 2449 exstructum,
2832 2381 2904 2438 ad
2937 2380 3186 2436 formam
3217 2379 3377 2436 illius
3409 2381 3563 2452 quod
3593 2384 3683 2437 est

2030 2470 2246 2526 Romae.
2275 2469 2345 2524 Et
2375 2469 2612 2542 quando
2645 2468 2861 2540 aliquis
2893 2485 2961 2526 ex
2992 2469 3447 2540 consanguineis
3495 2469 3681 2541 imps-

2027 2559 2260 2630 ratoris,
2292 2560 2380 2617 vel
2413 2561 2536 2632 ipse
2586 2561 2904 2632 imperator
2955 2560 3297 2629 decedebat,
3331 2560 3462 2633 ipsa
3491 2561 3683 2632 Augu-

2029 2655 2119 2706 sta
2151 2667 2268 2706 una
2313 2666 2447 2705 cum
2496 2648 2958 2720 consanguineis
3007 2649 3267 2705 defuncti
3307 2648 3682 2721 imperatoris

2029 2741 2342 2809 antequam
2387 2738 2564 2794 funus
2611 2737 2937 2802 efferretur,
2971 2737 3210 2810 lugebat
3257 2741 3560 2793 mortuum
3591 2736 3681 2792 in-

2025 2832 2117 2884 tra
2148 2827 2508 2894 cubiculum,
2542 2827 2816 2883 obductis
2845 2827 3012 2896 velis,
3047 2842 3118 2883 ne
3152 2827 3286 2900 quis
3318 2825 3544 2899 ingredi
3579 2829 3682 2883 aut

2029 2917 2180 2972 intro
2229 2917 2452 2989 spicere
2500 2919 2734 2988 posset;
2788 2915 2872 2971 ita
2919 2915 3192 2988 privatim
3240 2915 3320 2969 ibi
3375 2913 3677 2987 planctum

2029 3008 2301 3080 agebant,
2343 3023 2588 3079 magnos
2638 3006 2894 3079 gemitus
2942 3011 3118 3078 atque
3149 3007 3322 3062 ﬂetus
3372 3022 3559 3078 usque
3607 3007 3680 3062 ad

2030 3112 2132 3153 sex
2160 3096 2440 3152 horarum
2471 3096 2730 3168 spatium
2761 3097 3021 3164 edentes,
3053 3095 3262 3152 exinde
3290 3095 3468 3152 funus
3499 3094 3681 3152 comi-

2029 3186 2308 3242 tabantur
2336 3186 2408 3241 ad
2439 3185 2726 3257 templum
2777 3186 2873 3242 SS.
2907 3185 3348 3258 Apostolorum,
3380 3201 3446 3242 ac
3473 3185 3555 3242 ibi
3586 3201 3682 3241 ca-

1951 3254 1994 3321 ο
2033 3275 2208 3331 daver
2228 3254 2609 3347 sepeliebant.

2350 3368 2423 3423 De
2448 3371 2660 3424 statuta
2692 3382 2816 3439 quae
2844 3369 2906 3425 in
2936 3369 3122 3439 Sigma
3156 3371 3358 3425 exstat.

2101 3453 2165 3506 In
2197 3452 2425 3523 porticu
2457 3453 2550 3508 cui
2605 3469 2818 3509 nomen
2865 3453 3069 3526 Sigma
3123 3453 3440 3511 Theodosii
3483 3457 3682 3510 statua

2028 3539 2309 3609 Junioris,
2365 3541 2467 3596 ﬁlii
2499 3541 2735 3598 Arcadii
2785 3541 3073 3599 columnae
3123 3543 3401 3615 imposita
3445 3542 3679 3612 visitur,

2031 3645 2209 3700 quam
2267 3629 2449 3686 erexit
2499 3630 2900 3704 Chrysaphius
2967 3632 3278 3688 eunuchus
3333 3631 3681 3704 cognomine

2032 3723 2268 3786 Zumas,
2302 3720 2622 3777 accubitor.

2555 3827 2630 3882 De
2656 3827 2843 3882 sancto
2870 3824 3165 3898 Stephano.

2105 3918 2303 3974 Edam
2355 3920 2411 3970 S.
2453 3915 2737 3987 Stephani
2786 3931 2965 3988 prope
3014 3915 3218 3987 Sigma
3263 3915 3685 3974 Constantinus

2034 4008 2284 4079 Magnus
2332 4004 2638 4062 exstruxit.
2691 4007 3016 4077 Imperator
3044 4021 3178 4061 vero
3227 4007 3339 4062 Leo
3370 4007 3444 4063 ad
3492 4005 3683 4062 mino-

2035 4113 2158 4154 rem
2191 4098 2436 4154 i‘ormam
2469 4096 2715 4170 redegit,
2746 4112 3101 4168 omnemque
3131 4097 3439 4153 materiam
3480 4113 3550 4153 ex
3580 4113 3683 4151 au-

2034 4187 2150 4243 reis
2183 4187 2439 4244 arcubus
2468 4191 2526 4243 et
2553 4187 2700 4242 varii
2729 4185 2942 4243 coloris
2971 4186 3358 4258 lapidibus,et
3382 4185 3687 4244 columnas

2034 4277 2106 4333 ad
2138 4277 2238 4334 SS.
2273 4277 2581 4349 Apostolos
2612 4275 2941 4344 transtulit,
2993 4280 3052 4332 et
3079 4276 3367 4350 templum
3408 4274 3686 4332 Omnium

2035 4369 2383 4425 Sanctorum
2429 4367 2708 4423 condidit.
2758 4367 2984 4424 Ibidem
3034 4383 3173 4424 vero
3222 4367 3502 4441 depositae
3549 4368 3690 4423 sunt

268 4448 332 4506 δὲ
351 4454 525 4505 κεῖται
556 4449 645 4505 καὶ
678 4452 705 4506 6
738 4449 886 4512 ὅσιος
917 4449 1120 4510 Ἰσαάκ.

2036 4457 2299 4531 reliquiae
2331 4459 2389 4514 S.
2423 4457 2648 4514 Isaacii.

815 4557 944 4632 Περὶ
973 4560 1070 4611 τοῦ
1097 4554 1385 4614 Στουδίου.

2699 4565 2776 4620 De
2801 4563 3013 4622 Studia.

344 4646 424 4701 Τά
455 4642 513 4700 δὲ
544 4642 807 4700 Στουδίου
861 4613 1035 4699 ἔκτισε
1093 4643 1357 4708 Στούδιος
1400 4646 1686 4722 πατρίκιος
1726 4647 1777 4702 ἐν
1809 4656 1914 4712 τοῖς

2107 4655 2299 4712 Studii
2329 4653 2754 4710 monasterium
2786 4613 3032 4710 Studius
3066 4654 3349 4726 patricius
3381 4653 3688 4712 adiﬁcavit

271 4734 502 4812 χρόνοις
549 4739 648 4790 τοῦ
702 4733 1085 4807 Λευμακὲλου,
1138 4732 1190 4789 ἐν
1253 4735 1297 4807 ᾧ
1354 4734 1740 4812 προσεκόρωσε
1794 4741 1914 4812 κτή-

2037 4749 2300 4816 tempors
2386 4743 2592 4824 Leonis
2669 4741 2920 4810 Macelas,
2992 4741 3385 4816 plurimisque
3481 4743 3689 4800 ditavit

278 4844 424 4901 ματα
451 4823 657 4894 πολλὰ,
688 4823 778 4879 καὶ
808 4827 1026 4900 πρῶτον
1062 4823 1336 4901 μοναχοὺς
1366 4824 1614 4896 ἐποίησε.

2039 4831 2538 4906 possessionibus,
2582 4823 2655 4885 ac
2714 4831 2943 4902 primus
3001 4831 3082 4886 ibi
3143 4833 3464 4890 monachos
3520 4834 3690 4890 insti-

683 5003 814 5078 Περὶ
841 5006 936 5058 τοῦ
961 5001 1147 5078 Ἀγίου
1175 5001 1510 5077 Διομήδους.
2039 4927 2170 4978 tum

344 5093 443 5147 Τὸν
477 5089 536 5147 δὲ
562 5094 755 5167 ’Ἃγιον
789 5088 1071 5164 Διομηδήν
1122 5089 1330 5148 ἔκτισεν
1375 5093 1402 5148 6
1435 5093 1616 5170 Μάγας
1646 5101 1914 5152 Κωνσταν-

2109 5097 2524 5155 Monasterium
2559 5098 2744 5154 sancti
2790 5098 3084 5154 Diomedis
3117 5097 3378 5155 condidit
3407 5098 3693 5154 Constan-

267 5187 425 5245 τῖνος
457 5199 472 5214 ·
508 5182 536 5237 6
595 5178 653 5237 δὲ
700 5178 984 5243 Βασίλειος
1031 5181 1064 5235 ά
1119 5178 1382 5237 Μακεδὼν
1413 5180 1670 5259 ἀνήγειρε
1711 5188 1910 5242 τοῦτον

2041 5190 2202 5247 tinus
2249 5189 2531 5262 Magnus;
2566 5187 2819 5244 Basilius
2850 5205 2982 5244 vero
3033 5189 3266 5244 Macedo
3321 5189 3694 5253 restauravit,

270 5271 364 5327 καὶ
429 5268 797 5340 ἐκαλλώπισε,
855 5269 947 5324 καὶ
994 5270 1363 5346 ἀπεχαρίσατο
1411 5274 1666 5346 κτήματα
1723 5272 1910 5331 πολλὰ

2045 5277 2388 5350 ornavitque
2433 5294 2498 5333 ac
2530 5275 2739 5332 multis
2771 5276 3250 5349 possessionibus
3298 5275 3698 5348 locupletavit,

275 5361 369 5419 διὰ
389 5379 453 5419 τ’)
481 5362 578 5432 τήν
613 5359 871 5418 ὀπτασίαν
903 5366 1005 5431 τῆς
1037 5355 1317 5426 ϐασιλείας
1340 5361 1516 5419 ἐκεῖσε
1546 5361 1702 5422 ἰδεῖν.

2044 5384 2110 5424 eo
2144 5367 2298 5440 quod
2333 5365 2454 5420 illic
2485 5364 2792 5421 oraculum
2846 5366 2917 5420 de
2950 5366 3146 5420 futuro
3179 5365 3428 5437 imperio
3458 5381 3701 5438 accepe-

2047 5460 2156 5512 rat.

274 5560 409 5635 Περὶ
497 5563 605 5614 τῶν
689 5557 1039 5634 Ἐλεφάντων
1111 5561 1256 5635 ⁸τῑιῖιν
1333 5559 1635 5634 ἱσταμένων
1731 5559 1914 5618 ἅνωθε·

2048 5563 2122 5619 De
2151 5559 2583 5633 Elephantorum
2611 5559 2811 5615 statui:
2847 5575 3029 5635 supra
3072 5566 3292 5633 portam
3333 5561 3571 5617 Auream
3596 5577 3700 5632 po-

799 5630 902 5700 τῆς
927 5633 1152 5704 Χρυσῆς
1179 5630 1411 5707 πόρτης.
1461 5630 1471 5634 ⁷

2246 5630 2262 5633 ’
2803 5633 2950 5688 sitis.

352 5721 425 5778 Al
455 5718 513 5778 δὲ
539 5719 736 5792 στῆλαι
765 5721 874 5776 τῶν
931 5716 1278 5799 Ἐλεφάντων
1327 5723 1427 5792 τῆς
1472 5726 1697 5798 Χρυσῆς
1728 5720 1903 5800 πόρτη

2123 5723 2339 5784 Statum
2370 5720 2816 5796 elephantorum
2849 5724 3026 5798 porte
3056 5723 3256 5780 Aureae
3283 5721 3534 5781 advecta
3561 5725 3702 5782 sunt

2561 5011 2635 5065 De
2661 5017 2853 5064 sancto
2883 5008 3174 5065 Diomede.
