  <div class='ocr_page' id='page_1' title='image "/cluster/home/n/w/nwhite01/storage/ocr_20150623/122/hvd.32044073502452/621.png"; bbox 0 0 4056 6346; ppageno 0'>
   <div class='ocr_carea' id='block_1_1' title="bbox 477 358 632 417">
    <p class='ocr_par' dir='ltr' id='par_1_1' title="bbox 477 358 632 417">
     <span class='ocr_line' id='line_1_1' title="bbox 477 358 632 417; baseline -0.006 0"><span class='ocrx_word' id='word_1_1' title='bbox 477 358 632 417; x_wconf 73' lang='lat' dir='ltr'><strong>i223</strong></span> 
     </span>
    </p>
   </div>
   <div class='ocr_carea' id='block_1_2' title="bbox 1437 354 2936 418">
    <p class='ocr_par' dir='ltr' id='par_1_2' title="bbox 1437 354 2936 418">
     <span class='ocr_line' id='line_1_2' title="bbox 1437 354 2936 418; baseline 0.001 -3"><span class='ocrx_word' id='word_1_2' title='bbox 1437 355 1834 417; x_wconf 79' lang='lat' dir='ltr'><strong>APPENDIX</strong></span> <span class='ocrx_word' id='word_1_3' title='bbox 1881 355 1985 415; x_wconf 84' lang='lat' dir='ltr'><strong>AD</strong></span> <span class='ocrx_word' id='word_1_4' title='bbox 2030 354 2499 417; x_wconf 79' lang='lat' dir='ltr'><strong>MICHAELEM</strong></span> <span class='ocrx_word' id='word_1_5' title='bbox 2540 356 2936 418; x_wconf 81' lang='lat' dir='ltr'><strong>PSELLUM.</strong></span> 
     </span>
    </p>
   </div>
   <div class='ocr_carea' id='block_1_3' title="bbox 3738 363 3898 422">
    <p class='ocr_par' dir='ltr' id='par_1_3' title="bbox 3738 363 3898 422">
     <span class='ocr_line' id='line_1_3' title="bbox 3738 363 3898 422; baseline 0.013 -2"><span class='ocrx_word' id='word_1_6' title='bbox 3738 363 3898 422; x_wconf 66' lang='lat'><strong>{224</strong></span> 
     </span>
    </p>
   </div>
   <div class='ocr_carea' id='block_1_4' title="bbox 472 485 2108 564">
    <p class='ocr_par' dir='ltr' id='par_1_4' title="bbox 472 487 2108 558">
     <span class='ocr_line' id='line_1_4' title="bbox 472 487 2108 558; baseline -0.002 -12"><span class='ocrx_word' id='word_1_7' title='bbox 472 489 718 546; x_wconf 82' lang='lat' dir='ltr'><strong>Athenis</strong></span> <span class='ocrx_word' id='word_1_8' title='bbox 763 505 832 543; x_wconf 83' lang='lat' dir='ltr'><strong>ex</strong></span> <span class='ocrx_word' id='word_1_9' title='bbox 877 487 1095 558; x_wconf 85' lang='lat' dir='ltr'><strong>templo</strong></span> <span class='ocrx_word' id='word_1_10' title='bbox 1142 487 1363 553; x_wconf 81' lang='lat' dir='ltr'><strong>Martis,</strong></span> <span class='ocrx_word' id='word_1_11' title='bbox 1398 504 1430 541; x_wconf 91' lang='lat' dir='ltr'><strong>a</strong></span> <span class='ocrx_word' id='word_1_12' title='bbox 1478 487 1806 543; x_wconf 89' lang='lat' dir='ltr'><strong>Theodosio</strong></span> <span class='ocrx_word' id='word_1_13' title='bbox 1852 487 2108 554; x_wconf 76' lang='lat' dir='ltr'><strong>Juniore,</strong></span> 
     </span>
    </p>
   </div>
   <div class='ocr_carea' id='block_1_5' title="bbox 2223 485 3899 564">
    <p class='ocr_par' dir='ltr' id='par_1_5' title="bbox 2232 485 3899 564">
     <span class='ocr_line' id='line_1_5' title="bbox 2232 485 3899 564; baseline 0.005 -25"><span class='ocrx_word' id='word_1_14' title='bbox 2232 485 2487 562; x_wconf 76' lang='grc' dir='ltr'><strong>ἤχθησαν</strong></span> <span class='ocrx_word' id='word_1_15' title='bbox 2521 487 2581 541; x_wconf 79' lang='grc' dir='ltr'><strong>έκ</strong></span> <span class='ocrx_word' id='word_1_16' title='bbox 2608 490 2707 541; x_wconf 77' lang='grc' dir='ltr'><strong>τοῦ</strong></span> <span class='ocrx_word' id='word_1_17' title='bbox 2762 489 2890 541; x_wconf 77' lang='grc' dir='ltr'>ναοῦ</span> <span class='ocrx_word' id='word_1_18' title='bbox 2941 489 3038 542; x_wconf 77' lang='grc' dir='ltr'><strong>τοῦ</strong></span> <span class='ocrx_word' id='word_1_19' title='bbox 3089 490 3300 563; x_wconf 75' lang='grc' dir='ltr'>’Ἄρεως</span> <span class='ocrx_word' id='word_1_20' title='bbox 3331 489 3435 542; x_wconf 75' lang='grc' dir='ltr'><strong>ἀπὸ</strong></span> <span class='ocrx_word' id='word_1_21' title='bbox 3475 489 3716 559; x_wconf 80' lang='grc' dir='ltr'>Ἀθηνῶν</span> <span class='ocrx_word' id='word_1_22' title='bbox 3750 494 3899 564; x_wconf 55' lang='grc' dir='ltr'>παρα</span> 
     </span>
    </p>
   </div>
   <div class='ocr_carea' id='block_1_6' title="bbox 471 576 2120 652">
    <p class='ocr_par' dir='ltr' id='par_1_6' title="bbox 471 576 2120 652">
     <span class='ocr_line' id='line_1_6' title="bbox 471 576 2120 652; baseline -0.002 -17"><span class='ocrx_word' id='word_1_23' title='bbox 471 581 573 652; x_wconf 87' lang='lat' dir='ltr'><strong>qui</strong></span> <span class='ocrx_word' id='word_1_24' title='bbox 627 594 862 634; x_wconf 89' lang='lat' dir='ltr'><strong>murum</strong></span> <span class='ocrx_word' id='word_1_25' title='bbox 919 580 1251 632; x_wconf 78' lang='lat' dir='ltr'><strong>terrestrem</strong></span> <span class='ocrx_word' id='word_1_26' title='bbox 1289 578 1358 632; x_wconf 92' lang='lat' dir='ltr'><strong>ad</strong></span> <span class='ocrx_word' id='word_1_27' title='bbox 1411 576 1764 633; x_wconf 87' lang='lat' dir='ltr'><strong>Blachernas</strong></span> <span class='ocrx_word' id='word_1_28' title='bbox 1808 594 1994 647; x_wconf 91' lang='lat' dir='ltr'><strong>usque</strong></span> <span class='ocrx_word' id='word_1_29' title='bbox 2023 593 2120 632; x_wconf 84' lang='lat' dir='ltr'><strong>ex-</strong></span> 
     </span>
    </p>
   </div>
   <div class='ocr_carea' id='block_1_7' title="bbox 470 666 2123 739">
    <p class='ocr_par' dir='ltr' id='par_1_7' title="bbox 470 666 2123 739">
     <span class='ocr_line' id='line_1_7' title="bbox 470 666 2123 739; baseline -0.003 -13"><span class='ocrx_word' id='word_1_30' title='bbox 470 669 700 736; x_wconf 84' lang='lat' dir='ltr'><strong>struxit,</strong></span> <span class='ocrx_word' id='word_1_31' title='bbox 762 667 913 720; x_wconf 89' lang='lat' dir='ltr'><strong>intra</strong></span> <span class='ocrx_word' id='word_1_32' title='bbox 974 666 1278 739; x_wconf 81' lang='lat' dir='ltr'><strong>sexaginta</strong></span> <span class='ocrx_word' id='word_1_33' title='bbox 1337 666 1564 722; x_wconf 91' lang='lat' dir='ltr'><strong>dierum</strong></span> <span class='ocrx_word' id='word_1_34' title='bbox 1625 667 1904 738; x_wconf 85' lang='lat' dir='ltr'><strong>spatium,</strong></span> <span class='ocrx_word' id='word_1_35' title='bbox 1947 684 2123 738; x_wconf 81' lang='lat' dir='ltr'><strong>opera</strong></span> 
     </span>
    </p>
   </div>
   <div class='ocr_carea' id='block_1_8' title="bbox 468 754 2122 826">
    <p class='ocr_par' dir='ltr' id='par_1_8' title="bbox 468 754 2122 826">
     <span class='ocr_line' id='line_1_8' title="bbox 468 754 2122 826; baseline -0.002 -12"><span class='ocrx_word' id='word_1_36' title='bbox 468 761 716 814; x_wconf 90' lang='lat' dir='ltr'><strong>duarum</strong></span> <span class='ocrx_word' id='word_1_37' title='bbox 753 754 1067 810; x_wconf 79' lang='lat' dir='ltr'><strong>factionum</strong></span> <span class='ocrx_word' id='word_1_38' title='bbox 1103 755 1326 826; x_wconf 85' lang='lat' dir='ltr'><strong>populi,</strong></span> <span class='ocrx_word' id='word_1_39' title='bbox 1360 773 1485 826; x_wconf 67' lang='lat' dir='ltr'><strong>quae</strong></span> <span class='ocrx_word' id='word_1_40' title='bbox 1529 755 1773 826; x_wconf 45' lang='lat' dir='ltr'><strong>singulas</strong></span> <span class='ocrx_word' id='word_1_41' title='bbox 1827 759 1956 810; x_wconf 90' lang='lat' dir='ltr'><strong>octo</strong></span> <span class='ocrx_word' id='word_1_42' title='bbox 1989 755 2122 810; x_wconf 87' lang='lat' dir='ltr'><strong>mil-</strong></span> 
     </span>
    </p>
   </div>
   <div class='ocr_carea' id='block_1_9' title="bbox 467 844 2119 916">
    <p class='ocr_par' dir='ltr' id='par_1_9' title="bbox 467 844 2119 916">
     <span class='ocr_line' id='line_1_9' title="bbox 467 844 2119 916; baseline -0.002 -14"><span class='ocrx_word' id='word_1_43' title='bbox 467 848 544 902; x_wconf 85' lang='lat' dir='ltr'><strong>lia</strong></span> <span class='ocrx_word' id='word_1_44' title='bbox 589 845 892 901; x_wconf 88' lang='lat' dir='ltr'><strong>hominum</strong></span> <span class='ocrx_word' id='word_1_45' title='bbox 926 845 1325 899; x_wconf 83' lang='lat' dir='ltr'><strong>continebant.</strong></span> <span class='ocrx_word' id='word_1_46' title='bbox 1376 845 1603 899; x_wconf 69' lang='lat' dir='ltr'><strong>Venetze</strong></span> <span class='ocrx_word' id='word_1_47' title='bbox 1634 845 1871 916; x_wconf 83' lang='lat' dir='ltr'><strong>quidem</strong></span> <span class='ocrx_word' id='word_1_48' title='bbox 1920 844 2119 900; x_wconf 87' lang='lat' dir='ltr'><strong>factio-</strong></span> 
     </span>
    </p>
   </div>
   <div class='ocr_carea' id='block_1_10' title="bbox 468 933 2118 1008">
    <p class='ocr_par' dir='ltr' id='par_1_10' title="bbox 468 933 2118 1008">
     <span class='ocr_line' id='line_1_10' title="bbox 468 933 2118 1008; baseline -0.002 -17"><span class='ocrx_word' id='word_1_49' title='bbox 468 936 562 992; x_wconf 86' lang='lat' dir='ltr'><strong>nis</strong></span> <span class='ocrx_word' id='word_1_50' title='bbox 593 935 903 1008; x_wconf 69' lang='lat' dir='ltr'><strong>prafectus</strong></span> <span class='ocrx_word' id='word_1_51' title='bbox 953 937 1078 988; x_wconf 89' lang='lat' dir='ltr'><strong>erat</strong></span> <span class='ocrx_word' id='word_1_52' title='bbox 1108 933 1432 1004; x_wconf 87' lang='lat' dir='ltr'><strong>Magdalas,</strong></span> <span class='ocrx_word' id='word_1_53' title='bbox 1491 934 1744 988; x_wconf 71' lang='lat' dir='ltr'><strong>Prasinaa</strong></span> <span class='ocrx_word' id='word_1_54' title='bbox 1776 949 1909 988; x_wconf 91' lang='lat' dir='ltr'><strong>vero</strong></span> <span class='ocrx_word' id='word_1_55' title='bbox 1941 933 2118 988; x_wconf 89' lang='lat' dir='ltr'><strong>Char-</strong></span> 
     </span>
    </p>
   </div>
   <div class='ocr_carea' id='block_1_11' title="bbox 466 1023 2121 1094">
    <p class='ocr_par' dir='ltr' id='par_1_11' title="bbox 466 1023 2121 1094">
     <span class='ocr_line' id='line_1_11' title="bbox 466 1023 2121 1094; baseline -0.002 -13"><span class='ocrx_word' id='word_1_56' title='bbox 466 1025 584 1081; x_wconf 84' lang='lat' dir='ltr'><strong>sias</strong></span> <span class='ocrx_word' id='word_1_57' title='bbox 615 1025 744 1094; x_wconf 90' lang='lat' dir='ltr'><strong>ejus</strong></span> <span class='ocrx_word' id='word_1_58' title='bbox 775 1023 992 1088; x_wconf 84' lang='lat' dir='ltr'><strong>frater;</strong></span> <span class='ocrx_word' id='word_1_59' title='bbox 1021 1023 1390 1094; x_wconf 88' lang='lat' dir='ltr'><strong>jungebatur</strong></span> <span class='ocrx_word' id='word_1_60' title='bbox 1440 1027 1634 1078; x_wconf 90' lang='lat' dir='ltr'><strong>autem</strong></span> <span class='ocrx_word' id='word_1_61' title='bbox 1667 1029 1919 1094; x_wconf 82' lang='lat' dir='ltr'><strong>utraque</strong></span> <span class='ocrx_word' id='word_1_62' title='bbox 1948 1023 2121 1078; x_wconf 87' lang='lat' dir='ltr'><strong>factio</strong></span> 
     </span>
    </p>
   </div>
   <div class='ocr_carea' id='block_1_12' title="bbox 466 1111 2121 1185">
    <p class='ocr_par' dir='ltr' id='par_1_12' title="bbox 466 1111 2121 1185">
     <span class='ocr_line' id='line_1_12' title="bbox 466 1111 2121 1185; baseline -0.002 -15"><span class='ocrx_word' id='word_1_63' title='bbox 466 1115 526 1170; x_wconf 91' lang='lat' dir='ltr'><strong>in</strong></span> <span class='ocrx_word' id='word_1_64' title='bbox 559 1117 723 1185; x_wconf 71' lang='lat' dir='ltr'><strong>porta</strong></span> <span class='ocrx_word' id='word_1_65' title='bbox 754 1113 912 1167; x_wconf 90' lang='lat' dir='ltr'><strong>dicta</strong></span> <span class='ocrx_word' id='word_1_66' title='bbox 945 1112 1302 1182; x_wconf 79' lang='lat' dir='ltr'><strong>Myriandra,</strong></span> <span class='ocrx_word' id='word_1_67' title='bbox 1329 1129 1456 1183; x_wconf 72' lang='lat' dir='ltr'><strong>quae</strong></span> <span class='ocrx_word' id='word_1_68' title='bbox 1488 1111 1635 1167; x_wconf 90' lang='lat' dir='ltr'><strong>alias</strong></span> <span class='ocrx_word' id='word_1_69' title='bbox 1666 1112 1992 1184; x_wconf 83' lang='lat' dir='ltr'><strong>Polyandra</strong></span> <span class='ocrx_word' id='word_1_70' title='bbox 2026 1129 2121 1185; x_wconf 85' lang='lat' dir='ltr'><strong>ap-</strong></span> 
     </span>
    </p>
   </div>
   <div class='ocr_carea' id='block_1_13' title="bbox 465 1201 2118 1275">
    <p class='ocr_par' dir='ltr' id='par_1_13' title="bbox 465 1201 2118 1275">
     <span class='ocr_line' id='line_1_13' title="bbox 465 1201 2118 1275; baseline -0.001 -17"><span class='ocrx_word' id='word_1_71' title='bbox 465 1203 816 1275; x_wconf 88' lang='lat' dir='ltr'><strong>pellabatur,</strong></span> <span class='ocrx_word' id='word_1_72' title='bbox 852 1201 1009 1272; x_wconf 89' lang='lat' dir='ltr'><strong>quod</strong></span> <span class='ocrx_word' id='word_1_73' title='bbox 1039 1202 1221 1256; x_wconf 75' lang='lat' dir='ltr'><strong>ambae</strong></span> <span class='ocrx_word' id='word_1_74' title='bbox 1255 1201 1534 1256; x_wconf 80' lang='lat' dir='ltr'><strong>factiones</strong></span> <span class='ocrx_word' id='word_1_75' title='bbox 1564 1201 1642 1256; x_wconf 90' lang='lat' dir='ltr'><strong>ibi</strong></span> <span class='ocrx_word' id='word_1_76' title='bbox 1685 1201 2118 1272; x_wconf 87' lang='lat' dir='ltr'><strong>copularentur.</strong></span> 
     </span>
    </p>
   </div>
   <div class='ocr_carea' id='block_1_14' title="bbox 464 1289 2120 1362">
    <p class='ocr_par' dir='ltr' id='par_1_14' title="bbox 464 1289 2120 1362">
     <span class='ocr_line' id='line_1_14' title="bbox 464 1289 2120 1362; baseline -0.001 -15"><span class='ocrx_word' id='word_1_77' title='bbox 464 1291 727 1362; x_wconf 59' lang='lat' dir='ltr'><strong>Reliquae</strong></span> <span class='ocrx_word' id='word_1_78' title='bbox 759 1307 891 1346; x_wconf 89' lang='lat' dir='ltr'><strong>vero</strong></span> <span class='ocrx_word' id='word_1_79' title='bbox 932 1293 1161 1359; x_wconf 68' lang='lat' dir='ltr'><strong>statuas,</strong></span> <span class='ocrx_word' id='word_1_80' title='bbox 1215 1307 1342 1361; x_wconf 68' lang='lat' dir='ltr'><strong>quas</strong></span> <span class='ocrx_word' id='word_1_81' title='bbox 1376 1289 1432 1344; x_wconf 91' lang='lat' dir='ltr'><strong>in</strong></span> <span class='ocrx_word' id='word_1_82' title='bbox 1486 1295 1652 1362; x_wconf 88' lang='lat' dir='ltr'><strong>porta</strong></span> <span class='ocrx_word' id='word_1_83' title='bbox 1699 1293 1886 1346; x_wconf 85' lang='lat' dir='ltr'><strong>Aurea</strong></span> <span class='ocrx_word' id='word_1_84' title='bbox 1915 1291 2120 1346; x_wconf 87' lang='lat' dir='ltr'><strong>visun-</strong></span> 
     </span>
    </p>
   </div>
   <div class='ocr_carea' id='block_1_15' title="bbox 463 1377 2120 1451">
    <p class='ocr_par' dir='ltr' id='par_1_15' title="bbox 463 1377 2120 1451">
     <span class='ocr_line' id='line_1_15' title="bbox 463 1377 2120 1451; baseline 0 -15"><span class='ocrx_word' id='word_1_85' title='bbox 463 1385 582 1451; x_wconf 85' lang='lat' dir='ltr'><strong>tur,</strong></span> <span class='ocrx_word' id='word_1_86' title='bbox 617 1383 819 1437; x_wconf 74' lang='lat' dir='ltr'><strong>erectze</strong></span> <span class='ocrx_word' id='word_1_87' title='bbox 873 1380 1032 1435; x_wconf 81' lang='lat' dir='ltr'><strong>fuere</strong></span> <span class='ocrx_word' id='word_1_88' title='bbox 1066 1397 1099 1434; x_wconf 91' lang='lat' dir='ltr'><strong>a</strong></span> <span class='ocrx_word' id='word_1_89' title='bbox 1128 1377 1338 1450; x_wconf 86' lang='lat' dir='ltr'><strong>Vigilio</strong></span> <span class='ocrx_word' id='word_1_90' title='bbox 1383 1379 1572 1451; x_wconf 88' lang='lat' dir='ltr'><strong>primo</strong></span> <span class='ocrx_word' id='word_1_91' title='bbox 1603 1397 1635 1434; x_wconf 91' lang='lat' dir='ltr'><strong>a</strong></span> <span class='ocrx_word' id='word_1_92' title='bbox 1667 1381 1906 1435; x_wconf 80' lang='lat' dir='ltr'><strong>secretis</strong></span> <span class='ocrx_word' id='word_1_93' title='bbox 1939 1385 1994 1436; x_wconf 88' lang='lat' dir='ltr'><strong>et</strong></span> <span class='ocrx_word' id='word_1_94' title='bbox 2023 1398 2120 1436; x_wconf 86' lang='lat' dir='ltr'><strong>as-</strong></span> 
     </span>
    </p>
   </div>
   <div class='ocr_carea' id='block_1_16' title="bbox 463 1469 2119 1541">
    <p class='ocr_par' dir='ltr' id='par_1_16' title="bbox 463 1469 2119 1541">
     <span class='ocr_line' id='line_1_16' title="bbox 463 1469 2119 1541; baseline -0.002 -14"><span class='ocrx_word' id='word_1_95' title='bbox 463 1475 774 1537; x_wconf 91' lang='lat' dir='ltr'><strong>tronomo;</strong></span> <span class='ocrx_word' id='word_1_96' title='bbox 809 1486 923 1523; x_wconf 87' lang='lat' dir='ltr'><strong>una</strong></span> <span class='ocrx_word' id='word_1_97' title='bbox 971 1485 1102 1523; x_wconf 90' lang='lat' dir='ltr'><strong>cum</strong></span> <span class='ocrx_word' id='word_1_98' title='bbox 1156 1473 1352 1524; x_wconf 86' lang='lat' dir='ltr'><strong>statua</strong></span> <span class='ocrx_word' id='word_1_99' title='bbox 1404 1471 1530 1539; x_wconf 84' lang='lat' dir='ltr'><strong>ejus</strong></span> <span class='ocrx_word' id='word_1_100' title='bbox 1578 1469 1774 1524; x_wconf 85' lang='lat' dir='ltr'><strong>uxoris</strong></span> <span class='ocrx_word' id='word_1_101' title='bbox 1824 1474 2119 1541; x_wconf 86' lang='lat' dir='ltr'><strong>coronata,</strong></span> 
     </span>
    </p>
   </div>
   <div class='ocr_carea' id='block_1_17' title="bbox 459 1558 2118 1630">
    <p class='ocr_par' dir='ltr' id='par_1_17' title="bbox 459 1558 2118 1630">
     <span class='ocr_line' id='line_1_17' title="bbox 459 1558 2118 1630; baseline -0.001 -14"><span class='ocrx_word' id='word_1_102' title='bbox 459 1559 825 1616; x_wconf 85' lang='lat' dir='ltr'><strong>extrinsecus</strong></span> <span class='ocrx_word' id='word_1_103' title='bbox 857 1562 1069 1627; x_wconf 84' lang='lat' dir='ltr'><strong>stante,</strong></span> <span class='ocrx_word' id='word_1_104' title='bbox 1105 1575 1236 1629; x_wconf 69' lang='lat' dir='ltr'><strong>quae</strong></span> <span class='ocrx_word' id='word_1_105' title='bbox 1271 1558 1432 1613; x_wconf 87' lang='lat' dir='ltr'><strong>urbis</strong></span> <span class='ocrx_word' id='word_1_106' title='bbox 1464 1559 1714 1630; x_wconf 83' lang='lat' dir='ltr'><strong>ﬁguram</strong></span> <span class='ocrx_word' id='word_1_107' title='bbox 1748 1560 1943 1613; x_wconf 83' lang='lat' dir='ltr'><strong>refert.</strong></span> <span class='ocrx_word' id='word_1_108' title='bbox 1975 1560 2118 1614; x_wconf 71' lang='lat' dir='ltr'><strong>Prae-</strong></span> 
     </span>
    </p>
   </div>
   <div class='ocr_carea' id='block_1_18' title="bbox 461 1647 2116 1719">
    <p class='ocr_par' dir='ltr' id='par_1_18' title="bbox 461 1647 2116 1719">
     <span class='ocr_line' id='line_1_18' title="bbox 461 1647 2116 1719; baseline -0.001 -15"><span class='ocrx_word' id='word_1_109' title='bbox 461 1656 616 1704; x_wconf 87' lang='lat' dir='ltr'><strong>terea</strong></span> <span class='ocrx_word' id='word_1_110' title='bbox 648 1647 921 1719; x_wconf 87' lang='lat' dir='ltr'><strong>superius</strong></span> <span class='ocrx_word' id='word_1_111' title='bbox 974 1647 1340 1719; x_wconf 86' lang='lat' dir='ltr'><strong>inferiusque</strong></span> <span class='ocrx_word' id='word_1_112' title='bbox 1387 1654 1528 1702; x_wconf 89' lang='lat' dir='ltr'><strong>sunt</strong></span> <span class='ocrx_word' id='word_1_113' title='bbox 1579 1647 1692 1702; x_wconf 90' lang='lat' dir='ltr'><strong>alia</strong></span> <span class='ocrx_word' id='word_1_114' title='bbox 1737 1649 2006 1718; x_wconf 73' lang='lat' dir='ltr'><strong>quaedam</strong></span> <span class='ocrx_word' id='word_1_115' title='bbox 2042 1649 2116 1702; x_wconf 86' lang='lat' dir='ltr'><strong>si-</strong></span> 
     </span>
    </p>
   </div>
   <div class='ocr_carea' id='block_1_19' title="bbox 461 1735 2120 1808">
    <p class='ocr_par' dir='ltr' id='par_1_19' title="bbox 461 1735 2120 1808">
     <span class='ocr_line' id='line_1_19' title="bbox 461 1735 2120 1808; baseline -0.002 -15"><span class='ocrx_word' id='word_1_116' title='bbox 461 1737 722 1793; x_wconf 89' lang='lat' dir='ltr'><strong>mulacra</strong></span> <span class='ocrx_word' id='word_1_117' title='bbox 771 1753 900 1808; x_wconf 62' lang='lat' dir='ltr'><strong>quae</strong></span> <span class='ocrx_word' id='word_1_118' title='bbox 931 1737 1138 1808; x_wconf 83' lang='lat' dir='ltr'><strong>peritis</strong></span> <span class='ocrx_word' id='word_1_119' title='bbox 1194 1737 1611 1793; x_wconf 85' lang='lat' dir='ltr'><strong>accuratiorem</strong></span> <span class='ocrx_word' id='word_1_120' title='bbox 1661 1735 1930 1791; x_wconf 88' lang='lat' dir='ltr'><strong>notitiam</strong></span> <span class='ocrx_word' id='word_1_121' title='bbox 1982 1754 2120 1808; x_wconf 69' lang='lat' dir='ltr'><strong>prae-</strong></span> 
     </span>
    </p>
   </div>
   <div class='ocr_carea' id='block_1_20' title="bbox 458 1826 880 1899">
    <p class='ocr_par' dir='ltr' id='par_1_20' title="bbox 458 1826 880 1899">
     <span class='ocr_line' id='line_1_20' title="bbox 458 1826 880 1899; baseline 0 -17"><span class='ocrx_word' id='word_1_122' title='bbox 458 1827 596 1882; x_wconf 87' lang='lat' dir='ltr'><strong>bere</strong></span> <span class='ocrx_word' id='word_1_123' title='bbox 627 1826 880 1899; x_wconf 78' lang='lat' dir='ltr'><strong>possint.</strong></span> 
     </span>
    </p>
   </div>
   <div class='ocr_carea' id='block_1_21' title="bbox 2231 573 3888 655">
    <p class='ocr_par' dir='ltr' id='par_1_21' title="bbox 2231 573 3888 655">
     <span class='ocr_line' id='line_1_21' title="bbox 2231 573 3888 655; baseline 0.001 -25"><span class='ocrx_word' id='word_1_124' title='bbox 2231 573 2521 630; x_wconf 80' lang='grc' dir='ltr'><strong>Θεοδοσίου</strong></span> <span class='ocrx_word' id='word_1_125' title='bbox 2576 579 2672 629; x_wconf 76' lang='grc' dir='ltr'><strong>τοῦ</strong></span> <span class='ocrx_word' id='word_1_126' title='bbox 2731 579 2961 652; x_wconf 79' lang='grc' dir='ltr'>Μικροῦ.</span> <span class='ocrx_word' id='word_1_127' title='bbox 3021 580 3120 630; x_wconf 77' lang='grc' dir='ltr'><strong>τοῦ</strong></span> <span class='ocrx_word' id='word_1_128' title='bbox 3171 578 3456 639; x_wconf 77' lang='grc' dir='ltr'><strong>κτίσαντος</strong></span> <span class='ocrx_word' id='word_1_129' title='bbox 3506 580 3568 632; x_wconf 83' lang='grc' dir='ltr'>τὸ</span> <span class='ocrx_word' id='word_1_130' title='bbox 3625 587 3888 655; x_wconf 75' lang='grc' dir='ltr'>χερσαῖον</span> 
     </span>
    </p>
   </div>
   <div class='ocr_carea' id='block_1_22' title="bbox 2237 663 3894 740">
    <p class='ocr_par' dir='ltr' id='par_1_22' title="bbox 2237 663 3894 740">
     <span class='ocr_line' id='line_1_22' title="bbox 2237 663 3894 740; baseline 0.002 -22"><span class='ocrx_word' id='word_1_131' title='bbox 2237 664 2424 738; x_wconf 83' lang='grc' dir='ltr'>τεῖχὸς</span> <span class='ocrx_word' id='word_1_132' title='bbox 2491 663 2655 738; x_wconf 83' lang='grc' dir='ltr'>μέχρι</span> <span class='ocrx_word' id='word_1_133' title='bbox 2705 669 2812 718; x_wconf 80' lang='grc' dir='ltr'><strong>τῶν</strong></span> <span class='ocrx_word' id='word_1_134' title='bbox 2886 663 3208 739; x_wconf 82' lang='grc' dir='ltr'>Βλαχερνῶν</span> <span class='ocrx_word' id='word_1_135' title='bbox 3245 683 3258 696; x_wconf 82' lang='grc'><strong><em>⁸</em></strong></span> <span class='ocrx_word' id='word_1_136' title='bbox 3347 665 3476 740; x_wconf 76' lang='grc' dir='ltr'>ὅπερ</span> <span class='ocrx_word' id='word_1_137' title='bbox 3538 666 3742 722; x_wconf 79' lang='grc' dir='ltr'>ἔκτισεν</span> <span class='ocrx_word' id='word_1_138' title='bbox 3818 671 3894 731; x_wconf 77' lang='grc' dir='ltr'>εἷς</span> 
     </span>
    </p>
   </div>
   <div class='ocr_carea' id='block_1_23' title="bbox 2231 751 3896 829">
    <p class='ocr_par' dir='ltr' id='par_1_23' title="bbox 2231 751 3896 829">
     <span class='ocr_line' id='line_1_23' title="bbox 2231 751 3896 829; baseline 0.003 -23"><span class='ocrx_word' id='word_1_139' title='bbox 2231 753 2488 822; x_wconf 69' lang='grc' dir='ltr'>ἑξήκοντα</span> <span class='ocrx_word' id='word_1_140' title='bbox 2543 751 2774 825; x_wconf 75' lang='grc' dir='ltr'>ἡμέρας,</span> <span class='ocrx_word' id='word_1_141' title='bbox 2865 751 3104 827; x_wconf 73' lang='grc' dir='ltr'>ἐχόντων</span> <span class='ocrx_word' id='word_1_142' title='bbox 3189 757 3296 807; x_wconf 79' lang='grc' dir='ltr'><strong>τῶν</strong></span> <span class='ocrx_word' id='word_1_143' title='bbox 3379 752 3474 808; x_wconf 70' lang='grc' dir='ltr'><strong>δύο</strong></span> <span class='ocrx_word' id='word_1_144' title='bbox 3543 761 3725 829; x_wconf 81' lang='grc' dir='ltr'>μερῶν</span> <span class='ocrx_word' id='word_1_145' title='bbox 3785 763 3896 811; x_wconf 73' lang='grc' dir='ltr'><strong>τῶν</strong></span> 
     </span>
    </p>
   </div>
   <div class='ocr_carea' id='block_1_24' title="bbox 2233 838 3896 919">
    <p class='ocr_par' dir='ltr' id='par_1_24' title="bbox 2233 838 3896 919">
     <span class='ocr_line' id='line_1_24' title="bbox 2233 838 3896 919; baseline 0.003 -24"><span class='ocrx_word' id='word_1_146' title='bbox 2233 839 2426 914; x_wconf 78' lang='grc' dir='ltr'>δήμιον</span> <span class='ocrx_word' id='word_1_147' title='bbox 2463 840 2561 896; x_wconf 77' lang='grc' dir='ltr'><strong>ἆνᾶ</strong></span> <span class='ocrx_word' id='word_1_148' title='bbox 2590 838 2850 916; x_wconf 77' lang='grc' dir='ltr'>χιλιάδας</span> <span class='ocrx_word' id='word_1_149' title='bbox 2880 841 3045 911; x_wconf 82' lang='grc' dir='ltr'>ὀκτὼ,</span> <span class='ocrx_word' id='word_1_150' title='bbox 3090 839 3259 896; x_wconf 74' lang='grc' dir='ltr'>ὄντων</span> <span class='ocrx_word' id='word_1_151' title='bbox 3295 839 3590 918; x_wconf 72' lang='grc' dir='ltr'><strong>δημάρχου</strong></span> <span class='ocrx_word' id='word_1_152' title='bbox 3622 844 3896 919; x_wconf 74' lang='grc' dir='ltr'>Μαγδαλᾶ</span> 
     </span>
    </p>
   </div>
   <div class='ocr_carea' id='block_1_25' title="bbox 2235 929 3895 1008">
    <p class='ocr_par' dir='ltr' id='par_1_25' title="bbox 2235 929 3895 1008">
     <span class='ocr_line' id='line_1_25' title="bbox 2235 929 3895 1008; baseline 0.002 -24"><span class='ocrx_word' id='word_1_153' title='bbox 2235 931 2432 1004; x_wconf 86' lang='grc' dir='ltr'>μέρους</span> <span class='ocrx_word' id='word_1_154' title='bbox 2499 934 2606 983; x_wconf 79' lang='grc' dir='ltr'><strong>τῶν</strong></span> <span class='ocrx_word' id='word_1_155' title='bbox 2665 933 2915 1000; x_wconf 84' lang='grc' dir='ltr'>Βενετῶν,</span> <span class='ocrx_word' id='word_1_156' title='bbox 2973 931 3059 984; x_wconf 77' lang='grc' dir='ltr'><strong>καὶ</strong></span> <span class='ocrx_word' id='word_1_157' title='bbox 3125 932 3364 1005; x_wconf 78' lang='grc' dir='ltr'>Χαρσίου</span> <span class='ocrx_word' id='word_1_158' title='bbox 3421 929 3662 1008; x_wconf 73' lang='grc' dir='ltr'>ἀδελφοῦ</span> <span class='ocrx_word' id='word_1_159' title='bbox 3724 936 3895 988; x_wconf 61' lang='grc' dir='ltr'>αὐτοῦ</span> 
     </span>
    </p>
   </div>
   <div class='ocr_carea' id='block_1_26' title="bbox 2235 1019 3894 1096">
    <p class='ocr_par' dir='ltr' id='par_1_26' title="bbox 2235 1019 3894 1096">
     <span class='ocr_line' id='line_1_26' title="bbox 2235 1019 3894 1096; baseline -0.003 -23"><span class='ocrx_word' id='word_1_160' title='bbox 2235 1019 2429 1092; x_wconf 82' lang='grc' dir='ltr'>μέρους</span> <span class='ocrx_word' id='word_1_161' title='bbox 2475 1023 2582 1073; x_wconf 81' lang='grc' dir='ltr'><strong>τῶν</strong></span> <span class='ocrx_word' id='word_1_162' title='bbox 2634 1019 2938 1092; x_wconf 85' lang='grc' dir='ltr'>Πρασίνων·</span> <span class='ocrx_word' id='word_1_163' title='bbox 2985 1019 3072 1072; x_wconf 76' lang='grc' dir='ltr'><strong>καὶ</strong></span> <span class='ocrx_word' id='word_1_164' title='bbox 3119 1020 3306 1088; x_wconf 76' lang='grc' dir='ltr'>ἠνώθη</span> <span class='ocrx_word' id='word_1_165' title='bbox 3368 1019 3442 1081; x_wconf 57' lang='grc' dir='ltr'><strong>εἵς</strong></span> <span class='ocrx_word' id='word_1_166' title='bbox 3481 1021 3580 1087; x_wconf 74' lang='grc' dir='ltr'>τὴν</span> <span class='ocrx_word' id='word_1_167' title='bbox 3643 1025 3894 1096; x_wconf 59' lang='lat' dir='ltr'><strong>Magiam-</strong></span> 
     </span>
    </p>
   </div>
   <div class='ocr_carea' id='block_1_27' title="bbox 2231 1106 3647 1184">
    <p class='ocr_par' dir='ltr' id='par_1_27' title="bbox 2231 1106 3647 1184">
     <span class='ocr_line' id='line_1_27' title="bbox 2231 1106 3647 1184; baseline -0.001 -21"><span class='ocrx_word' id='word_1_168' title='bbox 2231 1106 2359 1183; x_wconf 87' lang='grc' dir='ltr'>δρον</span> <span class='ocrx_word' id='word_1_169' title='bbox 2411 1107 2618 1184; x_wconf 79' lang='grc' dir='ltr'>πόρτήν</span> <span class='ocrx_word' id='word_1_170' title='bbox 2685 1110 2784 1177; x_wconf 77' lang='grc' dir='ltr'>τὴν</span> <span class='ocrx_word' id='word_1_171' title='bbox 2846 1108 3187 1180; x_wconf 76' lang='grc' dir='ltr'><strong>καλουμένην</strong></span> <span class='ocrx_word' id='word_1_172' title='bbox 3249 1108 3597 1184; x_wconf 72' lang='grc' dir='ltr'>Πολῦανδρον</span> <span class='ocrx_word' id='word_1_173' title='bbox 3635 1133 3647 1143; x_wconf 93' lang='grc'><strong>·</strong></span> 
     </span>
    </p>
   </div>
   <div class='ocr_carea' id='block_1_28' title="bbox 2230 1195 3890 1273">
    <p class='ocr_par' dir='ltr' id='par_1_28' title="bbox 2230 1195 3890 1273">
     <span class='ocr_line' id='line_1_28' title="bbox 2230 1195 3890 1273; baseline 0.002 -21"><span class='ocrx_word' id='word_1_174' title='bbox 2230 1198 2331 1273; x_wconf 78' lang='grc' dir='ltr'>γὰρ</span> <span class='ocrx_word' id='word_1_175' title='bbox 2364 1197 2570 1268; x_wconf 74' lang='grc' dir='ltr'>ἐκλήθη</span> <span class='ocrx_word' id='word_1_176' title='bbox 2607 1195 2695 1253; x_wconf 81' lang='grc' dir='ltr'><strong>διὰ</strong></span> <span class='ocrx_word' id='word_1_177' title='bbox 2722 1198 2783 1252; x_wconf 84' lang='grc' dir='ltr'><strong>τὸ</strong></span> <span class='ocrx_word' id='word_1_178' title='bbox 2832 1197 2899 1252; x_wconf 79' lang='grc' dir='ltr'><strong>τὰ</strong></span> <span class='ocrx_word' id='word_1_179' title='bbox 2945 1197 3226 1273; x_wconf 78' lang='grc' dir='ltr'>ἀμφότερα</span> <span class='ocrx_word' id='word_1_180' title='bbox 3289 1199 3426 1272; x_wconf 83' lang='grc' dir='ltr'>μέρη</span> <span class='ocrx_word' id='word_1_181' title='bbox 3474 1199 3645 1255; x_wconf 79' lang='grc' dir='ltr'><strong>ἐκεῖσε</strong></span> <span class='ocrx_word' id='word_1_182' title='bbox 3677 1200 3890 1270; x_wconf 83' lang='grc' dir='ltr'>ἐνωθῆ-</span> 
     </span>
    </p>
   </div>
   <div class='ocr_carea' id='block_1_29' title="bbox 2229 1287 3891 1362">
    <p class='ocr_par' dir='ltr' id='par_1_29' title="bbox 2229 1287 3891 1362">
     <span class='ocr_line' id='line_1_29' title="bbox 2229 1287 3891 1362; baseline 0.001 -21"><span class='ocrx_word' id='word_1_183' title='bbox 2229 1310 2333 1346; x_wconf 86' lang='grc' dir='ltr'>ναι.</span> <span class='ocrx_word' id='word_1_184' title='bbox 2423 1289 2492 1344; x_wconf 78' lang='grc' dir='ltr'>Αἱ</span> <span class='ocrx_word' id='word_1_185' title='bbox 2545 1287 2602 1343; x_wconf 74' lang='grc' dir='ltr'>δὲ</span> <span class='ocrx_word' id='word_1_186' title='bbox 2674 1287 2863 1343; x_wconf 86' lang='grc' dir='ltr'>λοιπαὶ</span> <span class='ocrx_word' id='word_1_187' title='bbox 2921 1288 3118 1358; x_wconf 81' lang='grc' dir='ltr'>στῆλαι</span> <span class='ocrx_word' id='word_1_188' title='bbox 3183 1290 3238 1343; x_wconf 74' lang='grc' dir='ltr'>αἱ</span> <span class='ocrx_word' id='word_1_189' title='bbox 3315 1290 3596 1362; x_wconf 74' lang='grc' dir='ltr'>ἱστάμεναι</span> <span class='ocrx_word' id='word_1_190' title='bbox 3647 1291 3726 1352; x_wconf 70' lang='grc' dir='ltr'>εἷς</span> <span class='ocrx_word' id='word_1_191' title='bbox 3787 1295 3891 1361; x_wconf 74' lang='grc' dir='ltr'>τὴν</span> 
     </span>
    </p>
   </div>
   <div class='ocr_carea' id='block_1_30' title="bbox 2230 1374 3892 1455">
    <p class='ocr_par' dir='ltr' id='par_1_30' title="bbox 2230 1374 3892 1455">
     <span class='ocr_line' id='line_1_30' title="bbox 2230 1374 3892 1455; baseline 0.001 -21"><span class='ocrx_word' id='word_1_192' title='bbox 2230 1375 2466 1454; x_wconf 82' lang='grc' dir='ltr'>Χρυσίαν</span> <span class='ocrx_word' id='word_1_193' title='bbox 2526 1374 2690 1446; x_wconf 70' lang='grc' dir='ltr'>ἤκασι</span> <span class='ocrx_word' id='word_1_194' title='bbox 2787 1379 2931 1453; x_wconf 76' lang='grc' dir='ltr'>παρὰ</span> <span class='ocrx_word' id='word_1_195' title='bbox 3011 1376 3284 1453; x_wconf 81' lang='grc' dir='ltr'>Βιγηλίου</span> <span class='ocrx_word' id='word_1_196' title='bbox 3371 1383 3892 1455; x_wconf 69' lang='grc' dir='ltr'>πρωτοασηκρνςτου</span> 
     </span>
    </p>
   </div>
   <div class='ocr_carea' id='block_1_31' title="bbox 2229 1466 3890 1544">
    <p class='ocr_par' dir='ltr' id='par_1_31' title="bbox 2229 1466 3890 1544">
     <span class='ocr_line' id='line_1_31' title="bbox 2229 1466 3890 1544; baseline 0.002 -22"><span class='ocrx_word' id='word_1_197' title='bbox 2229 1467 2317 1522; x_wconf 87' lang='grc' dir='ltr'><strong>καὶ</strong></span> <span class='ocrx_word' id='word_1_198' title='bbox 2367 1466 2732 1542; x_wconf 83' lang='grc' dir='ltr'>ἆστρονόμου,</span> <span class='ocrx_word' id='word_1_199' title='bbox 2769 1468 2901 1540; x_wconf 85' lang='grc' dir='ltr'><strong>μετά</strong></span> <span class='ocrx_word' id='word_1_200' title='bbox 2957 1468 3044 1522; x_wconf 80' lang='grc' dir='ltr'><strong>καὶ</strong></span> <span class='ocrx_word' id='word_1_201' title='bbox 3092 1474 3192 1536; x_wconf 80' lang='grc' dir='ltr'><strong>τῆς</strong></span> <span class='ocrx_word' id='word_1_202' title='bbox 3241 1470 3496 1544; x_wconf 79' lang='grc' dir='ltr'>γυναικὸς</span> <span class='ocrx_word' id='word_1_203' title='bbox 3539 1470 3708 1525; x_wconf 71' lang='grc' dir='ltr'>αὐτοῦ</span> <span class='ocrx_word' id='word_1_204' title='bbox 3760 1476 3890 1540; x_wconf 62' lang='grc' dir='ltr'>στή-</span> 
     </span>
    </p>
   </div>
   <div class='ocr_carea' id='block_1_32' title="bbox 2231 1554 3887 1633">
    <p class='ocr_par' dir='ltr' id='par_1_32' title="bbox 2231 1554 3887 1633">
     <span class='ocr_line' id='line_1_32' title="bbox 2231 1554 3887 1633; baseline 0.002 -23"><span class='ocrx_word' id='word_1_205' title='bbox 2231 1555 2354 1625; x_wconf 87' lang='grc' dir='ltr'>λης,</span> <span class='ocrx_word' id='word_1_206' title='bbox 2386 1563 2487 1625; x_wconf 82' lang='grc' dir='ltr'><strong>τῆς</strong></span> <span class='ocrx_word' id='word_1_207' title='bbox 2517 1554 2705 1626; x_wconf 79' lang='grc' dir='ltr'>ἔξωθεν</span> <span class='ocrx_word' id='word_1_208' title='bbox 2737 1557 3058 1629; x_wconf 73' lang='grc' dir='ltr'>ἱσταμένης,</span> <span class='ocrx_word' id='word_1_209' title='bbox 3109 1557 3197 1610; x_wconf 77' lang='grc' dir='ltr'><strong>καὶ</strong></span> <span class='ocrx_word' id='word_1_210' title='bbox 3238 1557 3578 1633; x_wconf 68' lang='grc' dir='ltr'>κατεχούσης</span> <span class='ocrx_word' id='word_1_211' title='bbox 3626 1560 3723 1613; x_wconf 86' lang='grc' dir='ltr'>τὸν</span> <span class='ocrx_word' id='word_1_212' title='bbox 3764 1562 3887 1614; x_wconf 76' lang='grc' dir='ltr'>στέ-</span> 
     </span>
    </p>
   </div>
   <div class='ocr_carea' id='block_1_33' title="bbox 2230 1644 3886 1720">
    <p class='ocr_par' dir='ltr' id='par_1_33' title="bbox 2230 1644 3886 1720">
     <span class='ocr_line' id='line_1_33' title="bbox 2230 1644 3886 1720; baseline 0.002 -21"><span class='ocrx_word' id='word_1_213' title='bbox 2230 1667 2388 1720; x_wconf 78' lang='grc' dir='ltr'>φανον</span> <span class='ocrx_word' id='word_1_214' title='bbox 2450 1644 2524 1700; x_wconf 81' lang='grc' dir='ltr'>εἷς</span> <span class='ocrx_word' id='word_1_215' title='bbox 2573 1644 2742 1700; x_wconf 79' lang='grc' dir='ltr'>τύπον</span> <span class='ocrx_word' id='word_1_216' title='bbox 2791 1649 2890 1710; x_wconf 77' lang='grc' dir='ltr'>τῆς</span> <span class='ocrx_word' id='word_1_217' title='bbox 2939 1644 3177 1708; x_wconf 87' lang='grc' dir='ltr'>πόλεως.</span> <span class='ocrx_word' id='word_1_218' title='bbox 3233 1649 3469 1703; x_wconf 75' lang='grc' dir='ltr'>’Ἁνωθεν</span> <span class='ocrx_word' id='word_1_219' title='bbox 3520 1645 3578 1702; x_wconf 64' lang='grc' dir='ltr'><strong>δέ</strong></span> <span class='ocrx_word' id='word_1_220' title='bbox 3633 1650 3727 1701; x_wconf 81' lang='grc' dir='ltr'>καὶ</span> <span class='ocrx_word' id='word_1_221' title='bbox 3786 1649 3886 1702; x_wconf 70' lang='grc' dir='ltr'><strong>κὰ-</strong></span> 
     </span>
    </p>
   </div>
   <div class='ocr_carea' id='block_1_34' title="bbox 2227 1732 3888 1808">
    <p class='ocr_par' dir='ltr' id='par_1_34' title="bbox 2227 1732 3888 1808">
     <span class='ocr_line' id='line_1_34' title="bbox 2227 1732 3888 1808; baseline 0.002 -21"><span class='ocrx_word' id='word_1_222' title='bbox 2227 1733 2396 1797; x_wconf 77' lang='grc' dir='ltr'>τωθέν</span> <span class='ocrx_word' id='word_1_223' title='bbox 2457 1734 2558 1788; x_wconf 81' lang='grc' dir='ltr'>εἶσι</span> <span class='ocrx_word' id='word_1_224' title='bbox 2616 1734 2705 1787; x_wconf 78' lang='grc' dir='ltr'><strong>καὶ</strong></span> <span class='ocrx_word' id='word_1_225' title='bbox 2765 1732 2934 1788; x_wconf 80' lang='grc' dir='ltr'>λοιπὰ</span> <span class='ocrx_word' id='word_1_226' title='bbox 2992 1735 3174 1804; x_wconf 78' lang='grc' dir='ltr'>ξόανα,</span> <span class='ocrx_word' id='word_1_227' title='bbox 3233 1737 3384 1790; x_wconf 77' lang='grc' dir='ltr'>ἅτινα</span> <span class='ocrx_word' id='word_1_228' title='bbox 3441 1738 3703 1808; x_wconf 73' lang='grc' dir='ltr'>σημαίνει</span> <span class='ocrx_word' id='word_1_229' title='bbox 3761 1744 3888 1799; x_wconf 79' lang='grc' dir='ltr'>τοῖς</span> 
     </span>
    </p>
   </div>
   <div class='ocr_carea' id='block_1_35' title="bbox 3713 1111 3895 1175">
    <p class='ocr_par' dir='ltr' id='par_1_35' title="bbox 3713 1111 3895 1175">
     <span class='ocr_line' id='line_1_35' title="bbox 3713 1111 3895 1175; baseline 0.005 -9"><span class='ocrx_word' id='word_1_230' title='bbox 3713 1111 3895 1175; x_wconf 61' lang='grc' dir='ltr'>οὕτως</span> 
     </span>
    </p>
   </div>
   <div class='ocr_carea' id='block_1_36' title="bbox 2230 1818 3124 1898">
    <p class='ocr_par' dir='ltr' id='par_1_36' title="bbox 2230 1818 3124 1898">
     <span class='ocr_line' id='line_1_36' title="bbox 2230 1818 3124 1898; baseline 0.004 -20"><span class='ocrx_word' id='word_1_231' title='bbox 2230 1825 2640 1898; x_wconf 69' lang='grc' dir='ltr'>πεπειραμένοις</span> <span class='ocrx_word' id='word_1_232' title='bbox 2674 1825 2771 1898; x_wconf 82' lang='grc' dir='ltr'>ἀκρ</span> <span class='ocrx_word' id='word_1_233' title='bbox 2783 1818 2871 1893; x_wconf 83' lang='grc' dir='ltr'><strong>ι6ἧ</strong></span> <span class='ocrx_word' id='word_1_234' title='bbox 2903 1825 3099 1898; x_wconf 83' lang='grc' dir='ltr'>γνῶσιν</span> <span class='ocrx_word' id='word_1_235' title='bbox 3111 1868 3124 1882; x_wconf 92' lang='grc'><strong>.</strong></span> 
     </span>
    </p>
   </div>
   <div class='ocr_carea' id='block_1_37' title="bbox 1622 2135 2718 2303">
    <p class='ocr_par' dir='ltr' id='par_1_37' title="bbox 1622 2135 2718 2303">
     <span class='ocr_line' id='line_1_37' title="bbox 1622 2135 2718 2303; baseline 0.001 -4"><span class='ocrx_word' id='word_1_236' title='bbox 1622 2135 2718 2303; x_wconf 84' lang='grc' dir='ltr'><strong>ΑΝΟΝΥΜΙ</strong></span> 
     </span>
    </p>
   </div>
   <div class='ocr_carea' id='block_1_38' title="bbox 1081 2444 3251 2561">
    <p class='ocr_par' dir='ltr' id='par_1_38' title="bbox 1081 2444 3251 2561">
     <span class='ocr_line' id='line_1_38' title="bbox 1081 2444 3251 2561; baseline 0 -23"><span class='ocrx_word' id='word_1_237' title='bbox 1081 2444 1242 2539; x_wconf 90' lang='lat' dir='ltr'><strong>DE</strong></span> <span class='ocrx_word' id='word_1_238' title='bbox 1332 2446 2418 2561; x_wconf 89' lang='lat' dir='ltr'><strong>ANTIQUITATIBUS</strong></span> <span class='ocrx_word' id='word_1_239' title='bbox 2499 2445 3251 2543; x_wconf 87' lang='lat' dir='ltr'><strong>CPOLITANIS</strong></span> 
     </span>
    </p>
   </div>
   <div class='ocr_carea' id='block_1_39' title="bbox 1829 2631 2632 2731">
    <p class='ocr_par' dir='ltr' id='par_1_39' title="bbox 1829 2631 2632 2731">
     <span class='ocr_line' id='line_1_39' title="bbox 1829 2631 2632 2731; baseline -0.001 -1"><span class='ocrx_word' id='word_1_240' title='bbox 1829 2671 2058 2730; x_wconf 83' lang='lat' dir='ltr'><strong>LIBER</strong></span> <span class='ocrx_word' id='word_1_241' title='bbox 2099 2668 2500 2731; x_wconf 84' lang='lat' dir='ltr'><strong>SECUNDUS</strong></span> <span class='ocrx_word' id='word_1_242' title='bbox 2610 2631 2632 2649; x_wconf 55' lang='grc'><strong>“</strong></span> 
     </span>
    </p>
   </div>
   <div class='ocr_carea' id='block_1_40' title="bbox 617 2823 3705 2910">
    <p class='ocr_par' dir='ltr' id='par_1_40' title="bbox 617 2823 3705 2910">
     <span class='ocr_line' id='line_1_40' title="bbox 617 2823 3705 2910; baseline 0 -26"><span class='ocrx_word' id='word_1_243' title='bbox 617 2823 733 2896; x_wconf 90' lang='lat' dir='ltr'><strong>Qui</strong></span> <span class='ocrx_word' id='word_1_244' title='bbox 765 2823 983 2906; x_wconf 88' lang='lat' dir='ltr'><strong>incipit</strong></span> <span class='ocrx_word' id='word_1_245' title='bbox 1014 2845 1049 2886; x_wconf 89' lang='lat' dir='ltr'><strong>a</strong></span> <span class='ocrx_word' id='word_1_246' title='bbox 1077 2829 1562 2906; x_wconf 86' lang='lat' dir='ltr'><strong>szcanisterio,</strong></span> <span class='ocrx_word' id='word_1_247' title='bbox 1594 2831 1992 2910; x_wconf 68' lang='lat' dir='ltr'><strong>Hodegetriae</strong></span> <span class='ocrx_word' id='word_1_248' title='bbox 2025 2829 2284 2891; x_wconf 81' lang='lat' dir='ltr'><strong>ecclesia</strong></span> <span class='ocrx_word' id='word_1_249' title='bbox 2313 2836 2373 2890; x_wconf 87' lang='lat' dir='ltr'><strong>et</strong></span> <span class='ocrx_word' id='word_1_250' title='bbox 2403 2829 2725 2908; x_wconf 85' lang='lat' dir='ltr'><strong>Manganis</strong></span> <span class='ocrx_word' id='word_1_251' title='bbox 2756 2847 2827 2889; x_wconf 90' lang='lat' dir='ltr'><strong>ac</strong></span> <span class='ocrx_word' id='word_1_252' title='bbox 2862 2829 3161 2908; x_wconf 76' lang='lat' dir='ltr'><strong>pertingit</strong></span> <span class='ocrx_word' id='word_1_253' title='bbox 3193 2827 3267 2886; x_wconf 81' lang='lat' dir='ltr'><strong>ad</strong></span> <span class='ocrx_word' id='word_1_254' title='bbox 3302 2826 3705 2886; x_wconf 85' lang='lat' dir='ltr'><strong>Blachernas.</strong></span> 
     </span>
    </p>
   </div>
   <div class='ocr_carea' id='block_1_41' title="bbox 451 3176 2108 3251">
    <p class='ocr_par' dir='ltr' id='par_1_41' title="bbox 451 3176 2108 3244">
     <span class='ocr_line' id='line_1_41' title="bbox 451 3176 2108 3244; baseline 0.004 -14"><span class='ocrx_word' id='word_1_255' title='bbox 451 3176 722 3232; x_wconf 75' lang='lat' dir='ltr'><strong><em>INI&#39;I‘IUM</em></strong></span> <span class='ocrx_word' id='word_1_256' title='bbox 756 3177 1097 3234; x_wconf 69' lang='grc' dir='ltr'>δεσυινοΑε</span> <span class='ocrx_word' id='word_1_257' title='bbox 1135 3179 1393 3244; x_wconf 81' lang='lat' dir='ltr'><strong>PARTIS,</strong></span> <span class='ocrx_word' id='word_1_258' title='bbox 1433 3181 1566 3237; x_wconf 68' lang='grc' dir='ltr'>εει]</span> <span class='ocrx_word' id='word_1_259' title='bbox 1619 3181 1703 3235; x_wconf 86' lang='lat' dir='ltr'><strong>DE</strong></span> <span class='ocrx_word' id='word_1_260' title='bbox 1764 3181 2108 3237; x_wconf 81' lang='lat' dir='ltr'><strong>TZYCANIS-</strong></span> 
     </span>
    </p>
   </div>
   <div class='ocr_carea' id='block_1_42' title="bbox 2223 3176 3808 3251">
    <p class='ocr_par' dir='ltr' id='par_1_42' title="bbox 2292 3179 3808 3241">
     <span class='ocr_line' id='line_1_42' title="bbox 2292 3179 3808 3241; baseline -0.001 -7"><span class='ocrx_word' id='word_1_261' title='bbox 2292 3180 2480 3235; x_wconf 85' lang='grc' dir='ltr'><strong>ΑΡΧΗ</strong></span> <span class='ocrx_word' id='word_1_262' title='bbox 2510 3182 2632 3231; x_wconf 82' lang='grc' dir='ltr'><strong>ΤΟΥ</strong></span> <span class='ocrx_word' id='word_1_263' title='bbox 2683 3179 3052 3241; x_wconf 80' lang='grc' dir='ltr'><strong>ΔΕΤΤΕΡΟΥ,</strong></span> <span class='ocrx_word' id='word_1_264' title='bbox 3087 3179 3254 3234; x_wconf 87' lang='grc' dir='ltr'><strong>ΗΤΟῐ</strong></span> <span class='ocrx_word' id='word_1_265' title='bbox 3283 3179 3436 3234; x_wconf 80' lang='grc' dir='ltr'><strong>ΠΕΡΙ</strong></span> <span class='ocrx_word' id='word_1_266' title='bbox 3479 3180 3610 3234; x_wconf 81' lang='grc' dir='ltr'><strong>ΤΟΥ</strong></span> <span class='ocrx_word' id='word_1_267' title='bbox 3637 3180 3808 3233; x_wconf 79' lang='grc' dir='ltr'><strong>ΤΖΥ-</strong></span> 
     </span>
    </p>
   </div>
   <div class='ocr_carea' id='block_1_43' title="bbox 919 3251 1631 3323">
    <p class='ocr_par' dir='ltr' id='par_1_43' title="bbox 919 3251 1631 3323">
     <span class='ocr_line' id='line_1_43' title="bbox 919 3251 1631 3323; baseline 0.001 -19"><span class='ocrx_word' id='word_1_268' title='bbox 919 3251 1126 3306; x_wconf 71' lang='lat' dir='ltr'><strong>ramo</strong></span> <span class='ocrx_word' id='word_1_269' title='bbox 1165 3251 1250 3305; x_wconf 83' lang='lat' dir='ltr'><strong>AC</strong></span> <span class='ocrx_word' id='word_1_270' title='bbox 1290 3251 1631 3323; x_wconf 77' lang='lat' dir='ltr'><strong>RELIQUIS.</strong></span> 
     </span>
    </p>
   </div>
   <div class='ocr_carea' id='block_1_44' title="bbox 526 3352 2102 3433">
    <p class='ocr_par' dir='ltr' id='par_1_44' title="bbox 526 3352 2102 3433">
     <span class='ocr_line' id='line_1_44' title="bbox 526 3352 2102 3433; baseline 0.005 -27"><span class='ocrx_word' id='word_1_271' title='bbox 526 3352 704 3407; x_wconf 69' lang='lat' dir='ltr'><strong>Portaa</strong></span> <span class='ocrx_word' id='word_1_272' title='bbox 763 3369 921 3409; x_wconf 61' lang='lat' dir='ltr'><strong>arere</strong></span> <span class='ocrx_word' id='word_1_273' title='bbox 971 3372 1098 3427; x_wconf 70' lang='lat' dir='ltr'><strong>quea</strong></span> <span class='ocrx_word' id='word_1_274' title='bbox 1158 3356 1214 3411; x_wconf 76' lang='lat' dir='ltr'><strong>in</strong></span> <span class='ocrx_word' id='word_1_275' title='bbox 1275 3358 1642 3430; x_wconf 87' lang='lat' dir='ltr'><strong>Tricymbalo</strong></span> <span class='ocrx_word' id='word_1_276' title='bbox 1691 3358 2102 3433; x_wconf 85' lang='lat' dir='ltr'><strong>szcanislerii</strong></span> 
     </span>
    </p>
   </div>
   <div class='ocr_carea' id='block_1_45' title="bbox 453 3443 2102 3521">
    <p class='ocr_par' dir='ltr' id='par_1_45' title="bbox 453 3443 2102 3521">
     <span class='ocr_line' id='line_1_45' title="bbox 453 3443 2102 3521; baseline 0.003 -23"><span class='ocrx_word' id='word_1_277' title='bbox 453 3444 710 3513; x_wconf 86' lang='lat' dir='ltr'><strong>stabant,</strong></span> <span class='ocrx_word' id='word_1_278' title='bbox 745 3461 777 3498; x_wconf 91' lang='lat' dir='ltr'><strong>a</strong></span> <span class='ocrx_word' id='word_1_279' title='bbox 807 3443 1024 3500; x_wconf 87' lang='lat' dir='ltr'><strong>Basilio</strong></span> <span class='ocrx_word' id='word_1_280' title='bbox 1073 3445 1426 3518; x_wconf 89' lang='lat' dir='ltr'><strong>imperatore</strong></span> <span class='ocrx_word' id='word_1_281' title='bbox 1475 3465 1542 3503; x_wconf 85' lang='lat' dir='ltr'><strong>ex</strong></span> <span class='ocrx_word' id='word_1_282' title='bbox 1599 3449 1924 3521; x_wconf 87' lang='lat' dir='ltr'><strong>porticibus</strong></span> <span class='ocrx_word' id='word_1_283' title='bbox 1974 3449 2102 3504; x_wconf 85' lang='lat' dir='ltr'><strong>Fori</strong></span> 
     </span>
    </p>
   </div>
   <div class='ocr_carea' id='block_1_46' title="bbox 453 3532 2099 3611">
    <p class='ocr_par' dir='ltr' id='par_1_46' title="bbox 453 3532 2099 3611">
     <span class='ocr_line' id='line_1_46' title="bbox 453 3532 2099 3611; baseline 0.005 -24"><span class='ocrx_word' id='word_1_284' title='bbox 453 3533 776 3605; x_wconf 89' lang='lat' dir='ltr'><strong>nuncupati</strong></span> <span class='ocrx_word' id='word_1_285' title='bbox 833 3537 941 3586; x_wconf 83' lang='grc' dir='ltr'><strong>τῶν</strong></span> <span class='ocrx_word' id='word_1_286' title='bbox 995 3532 1357 3611; x_wconf 85' lang='grc' dir='ltr'>Χαλιναρίων,</span> <span class='ocrx_word' id='word_1_287' title='bbox 1403 3537 1462 3593; x_wconf 92' lang='lat' dir='ltr'><strong>in</strong></span> <span class='ocrx_word' id='word_1_288' title='bbox 1519 3537 1824 3595; x_wconf 87' lang='lat' dir='ltr'><strong>ecclesiam</strong></span> <span class='ocrx_word' id='word_1_289' title='bbox 1883 3539 2099 3595; x_wconf 87' lang='lat' dir='ltr'><strong>Novam</strong></span> 
     </span>
    </p>
   </div>
   <div class='ocr_carea' id='block_1_47' title="bbox 455 3621 2103 3700">
    <p class='ocr_par' dir='ltr' id='par_1_47' title="bbox 455 3621 2103 3700">
     <span class='ocr_line' id='line_1_47' title="bbox 455 3621 2103 3700; baseline 0.005 -25"><span class='ocrx_word' id='word_1_290' title='bbox 455 3621 720 3677; x_wconf 66' lang='lat' dir='ltr'><strong>deducta</strong></span> <span class='ocrx_word' id='word_1_291' title='bbox 774 3623 980 3678; x_wconf 86' lang='lat' dir='ltr'><strong>fuere:</strong></span> <span class='ocrx_word' id='word_1_292' title='bbox 1045 3625 1246 3696; x_wconf 61' lang='lat' dir='ltr'><strong>positas</strong></span> <span class='ocrx_word' id='word_1_293' title='bbox 1305 3632 1499 3682; x_wconf 90' lang='lat' dir='ltr'><strong>autem</strong></span> <span class='ocrx_word' id='word_1_294' title='bbox 1561 3627 1725 3700; x_wconf 87' lang='lat' dir='ltr'><strong>prius</strong></span> <span class='ocrx_word' id='word_1_295' title='bbox 1783 3628 2013 3684; x_wconf 82' lang='lat' dir='ltr'><strong>fuerant</strong></span> <span class='ocrx_word' id='word_1_296' title='bbox 2070 3646 2103 3684; x_wconf 91' lang='lat' dir='ltr'><strong>a</strong></span> 
     </span>
    </p>
   </div>
   <div class='ocr_carea' id='block_1_48' title="bbox 450 3709 2100 3788">
    <p class='ocr_par' dir='ltr' id='par_1_48' title="bbox 450 3709 2100 3788">
     <span class='ocr_line' id='line_1_48' title="bbox 450 3709 2100 3788; baseline 0.005 -25"><span class='ocrx_word' id='word_1_297' title='bbox 450 3709 833 3767; x_wconf 85' lang='lat' dir='ltr'><strong>Constantino</strong></span> <span class='ocrx_word' id='word_1_298' title='bbox 894 3714 1101 3786; x_wconf 84' lang='lat' dir='ltr'><strong>Magno</strong></span> <span class='ocrx_word' id='word_1_299' title='bbox 1151 3733 1181 3768; x_wconf 82' lang='grc' dir='ltr'>ο</span> <span class='ocrx_word' id='word_1_300' title='bbox 1230 3716 1464 3788; x_wconf 88' lang='lat' dir='ltr'><strong>regione</strong></span> <span class='ocrx_word' id='word_1_301' title='bbox 1521 3723 1791 3773; x_wconf 84' lang='lat' dir='ltr'><strong>Senatus.</strong></span> <span class='ocrx_word' id='word_1_302' title='bbox 1830 3721 1961 3787; x_wconf 83' lang='lat' dir='ltr'><strong>Has,</strong></span> <span class='ocrx_word' id='word_1_303' title='bbox 2012 3719 2100 3772; x_wconf 91' lang='lat' dir='ltr'><strong>in-</strong></span> 
     </span>
    </p>
   </div>
   <div class='ocr_carea' id='block_1_49' title="bbox 449 3801 2101 3878">
    <p class='ocr_par' dir='ltr' id='par_1_49' title="bbox 449 3801 2101 3878">
     <span class='ocr_line' id='line_1_49' title="bbox 449 3801 2101 3878; baseline 0.006 -25"><span class='ocrx_word' id='word_1_304' title='bbox 449 3814 651 3870; x_wconf 85' lang='lat' dir='ltr'><strong>quam,</strong></span> <span class='ocrx_word' id='word_1_305' title='bbox 686 3801 939 3856; x_wconf 89' lang='lat' dir='ltr'><strong>Basilius</strong></span> <span class='ocrx_word' id='word_1_306' title='bbox 971 3807 1264 3859; x_wconf 82' lang='lat' dir='ltr'><strong>exstructa</strong></span> <span class='ocrx_word' id='word_1_307' title='bbox 1292 3805 1447 3860; x_wconf 88' lang='lat' dir='ltr'><strong>Nova</strong></span> <span class='ocrx_word' id='word_1_308' title='bbox 1474 3807 1736 3874; x_wconf 87' lang='lat' dir='ltr'><strong>ecclesia,</strong></span> <span class='ocrx_word' id='word_1_309' title='bbox 1769 3812 2101 3878; x_wconf 85' lang='lat' dir='ltr'><strong>exportatas</strong></span> 
     </span>
    </p>
   </div>
   <div class='ocr_carea' id='block_1_50' title="bbox 447 3888 924 3948">
    <p class='ocr_par' dir='ltr' id='par_1_50' title="bbox 447 3888 924 3948">
     <span class='ocr_line' id='line_1_50' title="bbox 447 3888 924 3948; baseline 0.006 -3"><span class='ocrx_word' id='word_1_310' title='bbox 447 3888 643 3946; x_wconf 87' lang='lat' dir='ltr'><strong>isthuc</strong></span> <span class='ocrx_word' id='word_1_311' title='bbox 676 3892 924 3948; x_wconf 82' lang='lat' dir='ltr'><strong>advexit.</strong></span> 
     </span>
    </p>
   </div>
   <div class='ocr_carea' id='block_1_51' title="bbox 1127 3984 1415 4040">
    <p class='ocr_par' dir='ltr' id='par_1_51' title="bbox 1127 3984 1415 4040">
     <span class='ocr_line' id='line_1_51' title="bbox 1127 3984 1415 4040; baseline 0.003 -2"><span class='ocrx_word' id='word_1_312' title='bbox 1127 3985 1197 4040; x_wconf 66' lang='lat' dir='ltr'><strong>De</strong></span> <span class='ocrx_word' id='word_1_313' title='bbox 1230 3984 1415 4040; x_wconf 81' lang='lat' dir='ltr'><strong>eodem</strong></span> 
     </span>
    </p>
   </div>
   <div class='ocr_carea' id='block_1_52' title="bbox 517 4070 2098 4143">
    <p class='ocr_par' dir='ltr' id='par_1_52' title="bbox 517 4070 2098 4143">
     <span class='ocr_line' id='line_1_52' title="bbox 517 4070 2098 4143; baseline 0.004 -20"><span class='ocrx_word' id='word_1_314' title='bbox 517 4070 1017 4142; x_wconf 80' lang='lat' dir='ltr'><strong>szcanisterium</strong></span> <span class='ocrx_word' id='word_1_315' title='bbox 1079 4073 1342 4128; x_wconf 90' lang='lat' dir='ltr'><strong>condidit</strong></span> <span class='ocrx_word' id='word_1_316' title='bbox 1398 4074 1769 4130; x_wconf 84' lang='lat' dir='ltr'><strong>Theodosius</strong></span> <span class='ocrx_word' id='word_1_317' title='bbox 1826 4075 2035 4130; x_wconf 87' lang='lat' dir='ltr'><strong>Junior</strong></span> <span class='ocrx_word' id='word_1_318' title='bbox 2085 4094 2098 4143; x_wconf 91' lang='lat'><strong>;</strong></span> 
     </span>
    </p>
   </div>
   <div class='ocr_carea' id='block_1_53' title="bbox 444 4157 2098 4230">
    <p class='ocr_par' dir='ltr' id='par_1_53' title="bbox 444 4157 2098 4230">
     <span class='ocr_line' id='line_1_53' title="bbox 444 4157 2098 4230; baseline 0.004 -18"><span class='ocrx_word' id='word_1_319' title='bbox 444 4157 774 4213; x_wconf 90' lang='lat' dir='ltr'><strong>Trullatum</strong></span> <span class='ocrx_word' id='word_1_320' title='bbox 807 4174 938 4214; x_wconf 90' lang='lat' dir='ltr'><strong>vero</strong></span> <span class='ocrx_word' id='word_1_321' title='bbox 970 4160 1268 4215; x_wconf 87' lang='lat' dir='ltr'><strong>stabulum</strong></span> <span class='ocrx_word' id='word_1_322' title='bbox 1321 4162 1576 4230; x_wconf 85' lang='lat' dir='ltr'><strong>pretioso</strong></span> <span class='ocrx_word' id='word_1_323' title='bbox 1610 4180 1901 4218; x_wconf 89' lang='lat' dir='ltr'><strong>marmore</strong></span> <span class='ocrx_word' id='word_1_324' title='bbox 1931 4181 2098 4218; x_wconf 87' lang='lat' dir='ltr'><strong>exor-</strong></span> 
     </span>
    </p>
   </div>
   <div class='ocr_carea' id='block_1_54' title="bbox 445 4247 2100 4320">
    <p class='ocr_par' dir='ltr' id='par_1_54' title="bbox 445 4247 2100 4320">
     <span class='ocr_line' id='line_1_54' title="bbox 445 4247 2100 4320; baseline 0.005 -20"><span class='ocrx_word' id='word_1_325' title='bbox 445 4251 650 4301; x_wconf 88' lang='lat' dir='ltr'><strong>natum</strong></span> <span class='ocrx_word' id='word_1_326' title='bbox 684 4247 909 4302; x_wconf 89' lang='lat' dir='ltr'><strong>addidit</strong></span> <span class='ocrx_word' id='word_1_327' title='bbox 955 4248 1200 4304; x_wconf 81' lang='lat' dir='ltr'><strong>Michael</strong></span> <span class='ocrx_word' id='word_1_328' title='bbox 1252 4250 1560 4320; x_wconf 82' lang='lat' dir='ltr'><strong>Theophili</strong></span> <span class='ocrx_word' id='word_1_329' title='bbox 1616 4251 1814 4319; x_wconf 84' lang='lat' dir='ltr'><strong>filius;</strong></span> <span class='ocrx_word' id='word_1_330' title='bbox 1850 4253 2100 4308; x_wconf 81' lang='lat' dir='ltr'><strong>Basilius</strong></span> 
     </span>
    </p>
   </div>
   <div class='ocr_carea' id='block_1_55' title="bbox 443 4336 2097 4410">
    <p class='ocr_par' dir='ltr' id='par_1_55' title="bbox 443 4336 2097 4410">
     <span class='ocr_line' id='line_1_55' title="bbox 443 4336 2097 4410; baseline 0.005 -22"><span class='ocrx_word' id='word_1_331' title='bbox 443 4351 574 4390; x_wconf 89' lang='lat' dir='ltr'><strong>vero</strong></span> <span class='ocrx_word' id='word_1_332' title='bbox 633 4336 864 4390; x_wconf 83' lang='lat' dir='ltr'><strong>Macede</strong></span> <span class='ocrx_word' id='word_1_333' title='bbox 921 4337 1421 4408; x_wconf 85' lang='lat' dir='ltr'><strong>szcanisterium</strong></span> <span class='ocrx_word' id='word_1_334' title='bbox 1481 4340 1803 4410; x_wconf 88' lang='lat' dir='ltr'><strong>ampliavit.</strong></span> <span class='ocrx_word' id='word_1_335' title='bbox 1851 4342 2097 4397; x_wconf 90' lang='lat' dir='ltr'><strong>Demum</strong></span> 
     </span>
    </p>
   </div>
   <div class='ocr_carea' id='block_1_56' title="bbox 442 4423 2097 4501">
    <p class='ocr_par' dir='ltr' id='par_1_56' title="bbox 442 4423 2097 4501">
     <span class='ocr_line' id='line_1_56' title="bbox 442 4423 2097 4501; baseline 0.005 -25"><span class='ocrx_word' id='word_1_336' title='bbox 442 4423 662 4477; x_wconf 90' lang='lat' dir='ltr'><strong>nostris</strong></span> <span class='ocrx_word' id='word_1_337' title='bbox 709 4425 1072 4496; x_wconf 89' lang='lat' dir='ltr'><strong>temporibus</strong></span> <span class='ocrx_word' id='word_1_338' title='bbox 1103 4427 1532 4482; x_wconf 87' lang='lat' dir='ltr'><strong>Constantinus</strong></span> <span class='ocrx_word' id='word_1_339' title='bbox 1585 4429 1776 4484; x_wconf 91' lang='lat' dir='ltr'><strong>Ducas</strong></span> <span class='ocrx_word' id='word_1_340' title='bbox 1822 4447 1936 4501; x_wconf 63' lang='lat' dir='ltr'><strong>pre</strong></span> <span class='ocrx_word' id='word_1_341' title='bbox 1968 4430 2097 4485; x_wconf 89' lang='lat' dir='ltr'><strong>aliis</strong></span> 
     </span>
    </p>
   </div>
   <div class='ocr_carea' id='block_1_57' title="bbox 442 4510 2165 4620">
    <p class='ocr_par' dir='ltr' id='par_1_57' title="bbox 442 4510 2165 4620">
     <span class='ocr_line' id='line_1_57' title="bbox 442 4510 2165 4620; baseline 0.006 -56"><span class='ocrx_word' id='word_1_342' title='bbox 442 4510 719 4566; x_wconf 91' lang='lat' dir='ltr'><strong>omnibus</strong></span> <span class='ocrx_word' id='word_1_343' title='bbox 777 4513 1076 4582; x_wconf 85' lang='lat' dir='ltr'><strong>adauxit;</strong></span> <span class='ocrx_word' id='word_1_344' title='bbox 1140 4531 1275 4571; x_wconf 91' lang='lat' dir='ltr'><strong>nam</strong></span> <span class='ocrx_word' id='word_1_345' title='bbox 1357 4533 1636 4588; x_wconf 88' lang='lat' dir='ltr'><strong>magnum</strong></span> <span class='ocrx_word' id='word_1_346' title='bbox 1719 4518 2165 4620; x_wconf 75' lang='lat' dir='ltr'><strong>Triclinium,c</strong></span> 
     </span>
     <span class='ocr_line' id='line_1_58' title="bbox 442 4598 1899 4620; baseline 0 0"><span class='ocrx_word' id='word_1_347' title='bbox 442 4598 898 4620; x_wconf 43' lang='lat' dir='ltr'><strong>&quot;2___J__‘.___-</strong></span> <span class='ocrx_word' id='word_1_348' title='bbox 949 4618 1000 4620; x_wconf 36' lang='grc' dir='ltr'><strong>γ-</strong></span> <span class='ocrx_word' id='word_1_349' title='bbox 1048 4619 1057 4620; x_wconf 32' lang='grc' dir='ltr'><em>κ</em></span> <span class='ocrx_word' id='word_1_350' title='bbox 1113 4603 1124 4620; x_wconf 84' lang='grc'><strong>1</strong></span> <span class='ocrx_word' id='word_1_351' title='bbox 1155 4603 1166 4620; x_wconf 72' lang='lat'><strong>9</strong></span> <span class='ocrx_word' id='word_1_352' title='bbox 1250 4603 1264 4620; x_wconf 73' lang='lat'><strong>1</strong></span> <span class='ocrx_word' id='word_1_353' title='bbox 1733 4610 1742 4620; x_wconf 74' lang='grc' dir='ltr'>ι</span> <span class='ocrx_word' id='word_1_354' title='bbox 1868 4607 1899 4620; x_wconf 74' lang='grc' dir='ltr'><strong>ι-</strong></span> 
     </span>
    </p>
   </div>
   <div class='ocr_carea' id='block_1_58' title="bbox 442 4598 1926 4672">
    <p class='ocr_par' dir='ltr' id='par_1_58' title="bbox 442 4598 1926 4672">
     <span class='ocr_line' id='line_1_59' title="bbox 442 4598 1926 4672; baseline 0.007 -19"><span class='ocrx_word' id='word_1_355' title='bbox 442 4598 906 4672; x_wconf 83' lang='lat' dir='ltr'><strong>Hippodromum</strong></span> <span class='ocrx_word' id='word_1_356' title='bbox 941 4618 1003 4656; x_wconf 90' lang='lat' dir='ltr'><strong>ac</strong></span> <span class='ocrx_word' id='word_1_357' title='bbox 1037 4603 1372 4659; x_wconf 88' lang='lat' dir='ltr'><strong>cubiculum</strong></span> <span class='ocrx_word' id='word_1_358' title='bbox 1408 4622 1592 4661; x_wconf 85' lang='lat' dir='ltr'><strong>unum</strong></span> <span class='ocrx_word' id='word_1_359' title='bbox 1625 4607 1926 4663; x_wconf 83' lang='lat' dir='ltr'><strong>exstruxit.</strong></span> 
     </span>
    </p>
   </div>
   <div class='ocr_carea' id='block_1_59' title="bbox 805 4780 1728 4852">
    <p class='ocr_par' dir='ltr' id='par_1_59' title="bbox 805 4780 1728 4852">
     <span class='ocr_line' id='line_1_60' title="bbox 805 4780 1728 4852; baseline 0.003 -18"><span class='ocrx_word' id='word_1_360' title='bbox 805 4784 886 4834; x_wconf 83' lang='lat' dir='ltr'><strong>De</strong></span> <span class='ocrx_word' id='word_1_361' title='bbox 912 4780 1098 4836; x_wconf 84' lang='lat' dir='ltr'><strong>eodem</strong></span> <span class='ocrx_word' id='word_1_362' title='bbox 1127 4784 1422 4852; x_wconf 76' lang='lat' dir='ltr'><strong>peregrina</strong></span> <span class='ocrx_word' id='word_1_363' title='bbox 1449 4784 1728 4838; x_wconf 80' lang='lat' dir='ltr'><strong>narratio.</strong></span> 
     </span>
    </p>
   </div>
   <div class='ocr_carea' id='block_1_60' title="bbox 515 4866 2101 4942">
    <p class='ocr_par' dir='ltr' id='par_1_60' title="bbox 515 4866 2101 4942">
     <span class='ocr_line' id='line_1_61' title="bbox 515 4866 2101 4942; baseline 0.003 -20"><span class='ocrx_word' id='word_1_364' title='bbox 515 4866 712 4923; x_wconf 84' lang='lat' dir='ltr'><strong>Iconio</strong></span> <span class='ocrx_word' id='word_1_365' title='bbox 745 4867 937 4924; x_wconf 88' lang='lat' dir='ltr'><strong>Persei</strong></span> <span class='ocrx_word' id='word_1_366' title='bbox 970 4874 1025 4923; x_wconf 90' lang='lat' dir='ltr'><strong>et</strong></span> <span class='ocrx_word' id='word_1_367' title='bbox 1085 4871 1462 4926; x_wconf 63' lang='lat' dir='ltr'><strong>Andromedae</strong></span> <span class='ocrx_word' id='word_1_368' title='bbox 1515 4871 1668 4942; x_wconf 91' lang='lat' dir='ltr'><strong>regis</strong></span> <span class='ocrx_word' id='word_1_369' title='bbox 1709 4871 1840 4926; x_wconf 69' lang='lat' dir='ltr'><strong>ﬁliae</strong></span> <span class='ocrx_word' id='word_1_370' title='bbox 1895 4876 2101 4927; x_wconf 75' lang='lat' dir='ltr'><strong>statuae</strong></span> 
     </span>
    </p>
   </div>
   <div class='ocr_carea' id='block_1_61' title="bbox 443 4956 2101 5032">
    <p class='ocr_par' dir='ltr' id='par_1_61' title="bbox 443 4956 2101 5032">
     <span class='ocr_line' id='line_1_62' title="bbox 443 4956 2101 5032; baseline 0.003 -22"><span class='ocrx_word' id='word_1_371' title='bbox 443 4956 709 5012; x_wconf 69' lang='lat' dir='ltr'><strong>deducta:</strong></span> <span class='ocrx_word' id='word_1_372' title='bbox 742 4962 902 5012; x_wconf 87' lang='lat' dir='ltr'><strong>sunt.</strong></span> <span class='ocrx_word' id='word_1_373' title='bbox 938 4957 1084 5024; x_wconf 91' lang='lat' dir='ltr'><strong>Illic,</strong></span> <span class='ocrx_word' id='word_1_374' title='bbox 1120 4964 1183 5014; x_wconf 90' lang='lat' dir='ltr'><strong>ut</strong></span> <span class='ocrx_word' id='word_1_375' title='bbox 1233 4960 1441 5014; x_wconf 62' lang='lat' dir='ltr'><strong>fabula</strong></span> <span class='ocrx_word' id='word_1_376' title='bbox 1494 4960 1827 5032; x_wconf 82' lang='lat' dir='ltr'><strong>perhibent,</strong></span> <span class='ocrx_word' id='word_1_377' title='bbox 1862 4961 2101 5015; x_wconf 89' lang='lat' dir='ltr'><strong>draconi</strong></span> 
     </span>
    </p>
   </div>
   <div class='ocr_carea' id='block_1_62' title="bbox 442 5045 2102 5119">
    <p class='ocr_par' dir='ltr' id='par_1_62' title="bbox 442 5045 2102 5119">
     <span class='ocr_line' id='line_1_63' title="bbox 442 5045 2102 5119; baseline 0.002 -19"><span class='ocrx_word' id='word_1_378' title='bbox 442 5045 502 5100; x_wconf 91' lang='lat' dir='ltr'><strong>in</strong></span> <span class='ocrx_word' id='word_1_379' title='bbox 539 5045 798 5102; x_wconf 86' lang='lat' dir='ltr'><strong>latibulis</strong></span> <span class='ocrx_word' id='word_1_380' title='bbox 836 5047 1050 5118; x_wconf 88' lang='lat' dir='ltr'><strong>agenti,</strong></span> <span class='ocrx_word' id='word_1_381' title='bbox 1085 5064 1188 5119; x_wconf 92' lang='lat' dir='ltr'><strong>pro</strong></span> <span class='ocrx_word' id='word_1_382' title='bbox 1238 5048 1470 5104; x_wconf 81' lang='lat' dir='ltr'><strong>victima</strong></span> <span class='ocrx_word' id='word_1_383' title='bbox 1523 5050 1681 5119; x_wconf 75' lang='lat' dir='ltr'><strong>virgo</strong></span> <span class='ocrx_word' id='word_1_384' title='bbox 1727 5051 1920 5105; x_wconf 74' lang='lat' dir='ltr'><strong>offerri</strong></span> <span class='ocrx_word' id='word_1_385' title='bbox 1964 5067 2102 5104; x_wconf 91' lang='lat' dir='ltr'><strong>con-</strong></span> 
     </span>
    </p>
   </div>
   <div class='ocr_carea' id='block_1_63' title="bbox 445 5137 2102 5194">
    <p class='ocr_par' dir='ltr' id='par_1_63' title="bbox 445 5137 2102 5194">
     <span class='ocr_line' id='line_1_64' title="bbox 445 5137 2102 5194; baseline 0.003 -5"><span class='ocrx_word' id='word_1_386' title='bbox 445 5139 738 5189; x_wconf 87' lang='lat' dir='ltr'><strong>sueverat.</strong></span> <span class='ocrx_word' id='word_1_387' title='bbox 773 5140 912 5190; x_wconf 86' lang='lat' dir='ltr'><strong>Cum</strong></span> <span class='ocrx_word' id='word_1_388' title='bbox 949 5139 1142 5190; x_wconf 87' lang='lat' dir='ltr'><strong>autem</strong></span> <span class='ocrx_word' id='word_1_389' title='bbox 1180 5137 1553 5192; x_wconf 83' lang='lat' dir='ltr'><strong>Andromeda</strong></span> <span class='ocrx_word' id='word_1_390' title='bbox 1582 5138 1830 5194; x_wconf 90' lang='lat' dir='ltr'><strong>vinculis</strong></span> <span class='ocrx_word' id='word_1_391' title='bbox 1861 5139 2102 5194; x_wconf 89' lang='lat' dir='ltr'><strong>astricta</strong></span> 
     </span>
    </p>
   </div>
   <div class='ocr_carea' id='block_1_64' title="bbox 447 5223 2102 5289">
    <p class='ocr_par' dir='ltr' id='par_1_64' title="bbox 447 5223 2102 5289">
     <span class='ocr_line' id='line_1_65' title="bbox 447 5223 2102 5289; baseline 0.003 -11"><span class='ocrx_word' id='word_1_392' title='bbox 447 5223 521 5278; x_wconf 89' lang='lat' dir='ltr'><strong>ab</strong></span> <span class='ocrx_word' id='word_1_393' title='bbox 554 5239 619 5279; x_wconf 90' lang='lat' dir='ltr'><strong>eo</strong></span> <span class='ocrx_word' id='word_1_394' title='bbox 651 5224 987 5280; x_wconf 81' lang='lat' dir='ltr'><strong>devoranda</strong></span> <span class='ocrx_word' id='word_1_395' title='bbox 1021 5229 1197 5289; x_wconf 87' lang='lat' dir='ltr'><strong>esset,</strong></span> <span class='ocrx_word' id='word_1_396' title='bbox 1232 5225 1476 5282; x_wconf 87' lang='lat' dir='ltr'><strong>Perseus</strong></span> <span class='ocrx_word' id='word_1_397' title='bbox 1529 5227 1672 5282; x_wconf 90' lang='lat' dir='ltr'><strong>istac</strong></span> <span class='ocrx_word' id='word_1_398' title='bbox 1725 5227 1833 5282; x_wconf 89' lang='lat' dir='ltr'><strong>iter</strong></span> <span class='ocrx_word' id='word_1_399' title='bbox 1877 5227 2102 5284; x_wconf 88' lang='lat' dir='ltr'><strong>habens</strong></span> 
     </span>
    </p>
   </div>
   <div class='ocr_carea' id='block_1_65' title="bbox 446 5311 2098 5388">
    <p class='ocr_par' dir='ltr' id='par_1_65' title="bbox 446 5311 2098 5388">
     <span class='ocr_line' id='line_1_66' title="bbox 446 5311 2098 5388; baseline 0.005 -23"><span class='ocrx_word' id='word_1_400' title='bbox 446 5311 682 5367; x_wconf 84' lang='lat' dir='ltr'><strong>ﬂentem</strong></span> <span class='ocrx_word' id='word_1_401' title='bbox 745 5313 1021 5368; x_wconf 87' lang='lat' dir='ltr'><strong>feminam</strong></span> <span class='ocrx_word' id='word_1_402' title='bbox 1085 5313 1629 5388; x_wconf 84' lang='lat' dir='ltr'><strong>sciscitatur:ipsa</strong></span> <span class='ocrx_word' id='word_1_403' title='bbox 1687 5333 1803 5372; x_wconf 92' lang='lat' dir='ltr'><strong>rem</strong></span> <span class='ocrx_word' id='word_1_404' title='bbox 1865 5333 2098 5373; x_wconf 90' lang='lat' dir='ltr'><strong>omnem</strong></span> 
     </span>
    </p>
   </div>
   <div class='ocr_carea' id='block_1_66' title="bbox 443 5401 2101 5478">
    <p class='ocr_par' dir='ltr' id='par_1_66' title="bbox 443 5401 2101 5478">
     <span class='ocr_line' id='line_1_67' title="bbox 443 5401 2101 5478; baseline 0.003 -21"><span class='ocrx_word' id='word_1_405' title='bbox 443 5401 752 5457; x_wconf 82' lang='lat' dir='ltr'><strong>enarravit.</strong></span> <span class='ocrx_word' id='word_1_406' title='bbox 794 5401 897 5457; x_wconf 86' lang='lat' dir='ltr'><strong>Ille</strong></span> <span class='ocrx_word' id='word_1_407' title='bbox 956 5407 1149 5458; x_wconf 89' lang='lat' dir='ltr'><strong>autem</strong></span> <span class='ocrx_word' id='word_1_408' title='bbox 1212 5404 1563 5470; x_wconf 83' lang='lat' dir='ltr'><strong>consistens,</strong></span> <span class='ocrx_word' id='word_1_409' title='bbox 1625 5422 1757 5460; x_wconf 78' lang='lat' dir='ltr'><strong>cum</strong></span> <span class='ocrx_word' id='word_1_410' title='bbox 1818 5408 2101 5478; x_wconf 87' lang='lat' dir='ltr'><strong>Gorgonis</strong></span> 
     </span>
    </p>
   </div>
   <div class='ocr_carea' id='block_1_67' title="bbox 441 5490 2101 5566">
    <p class='ocr_par' dir='ltr' id='par_1_67' title="bbox 441 5490 2101 5566">
     <span class='ocr_line' id='line_1_68' title="bbox 441 5490 2101 5566; baseline 0.002 -20"><span class='ocrx_word' id='word_1_411' title='bbox 441 5490 652 5563; x_wconf 87' lang='lat' dir='ltr'><strong>capitis</strong></span> <span class='ocrx_word' id='word_1_412' title='bbox 693 5491 812 5546; x_wconf 88' lang='lat' dir='ltr'><strong>vim</strong></span> <span class='ocrx_word' id='word_1_413' title='bbox 839 5493 964 5563; x_wconf 90' lang='lat' dir='ltr'><strong>jam</strong></span> <span class='ocrx_word' id='word_1_414' title='bbox 1016 5498 1290 5564; x_wconf 83' lang='lat' dir='ltr'><strong>expertus</strong></span> <span class='ocrx_word' id='word_1_415' title='bbox 1322 5500 1498 5566; x_wconf 87' lang='lat' dir='ltr'><strong>esset,</strong></span> <span class='ocrx_word' id='word_1_416' title='bbox 1532 5511 1700 5550; x_wconf 88' lang='lat' dir='ltr'><strong>versa</strong></span> <span class='ocrx_word' id='word_1_417' title='bbox 1751 5499 1902 5550; x_wconf 87' lang='lat' dir='ltr'><strong>retro</strong></span> <span class='ocrx_word' id='word_1_418' title='bbox 1956 5496 2101 5551; x_wconf 85' lang='lat' dir='ltr'><strong>facie</strong></span> 
     </span>
    </p>
   </div>
   <div class='ocr_carea' id='block_1_68' title="bbox 442 5579 2099 5657">
    <p class='ocr_par' dir='ltr' id='par_1_68' title="bbox 442 5579 2099 5657">
     <span class='ocr_line' id='line_1_69' title="bbox 442 5579 2099 5657; baseline 0.004 -23"><span class='ocrx_word' id='word_1_419' title='bbox 442 5579 777 5635; x_wconf 88' lang='lat' dir='ltr'><strong>lethifsrum</strong></span> <span class='ocrx_word' id='word_1_420' title='bbox 807 5581 1030 5636; x_wconf 88' lang='lat' dir='ltr'><strong>vultum</strong></span> <span class='ocrx_word' id='word_1_421' title='bbox 1060 5582 1265 5637; x_wconf 69' lang='lat' dir='ltr'><strong>bellua:</strong></span> <span class='ocrx_word' id='word_1_422' title='bbox 1301 5585 1668 5639; x_wconf 88' lang='lat' dir='ltr'><strong>monstravit.</strong></span> <span class='ocrx_word' id='word_1_423' title='bbox 1703 5585 1824 5648; x_wconf 88' lang='lat' dir='ltr'><strong>Quo</strong></span> <span class='ocrx_word' id='word_1_424' title='bbox 1857 5601 2099 5657; x_wconf 89' lang='lat' dir='ltr'><strong>conspe-</strong></span> 
     </span>
    </p>
   </div>
   <div class='ocr_carea' id='block_1_69' title="bbox 441 5669 2102 5746">
    <p class='ocr_par' dir='ltr' id='par_1_69' title="bbox 441 5669 2102 5746">
     <span class='ocr_line' id='line_1_70' title="bbox 441 5669 2102 5746; baseline 0.004 -23"><span class='ocrx_word' id='word_1_425' title='bbox 441 5671 534 5724; x_wconf 85' lang='lat' dir='ltr'><strong>cto</strong></span> <span class='ocrx_word' id='word_1_426' title='bbox 563 5669 740 5724; x_wconf 88' lang='lat' dir='ltr'><strong>draco</strong></span> <span class='ocrx_word' id='word_1_427' title='bbox 791 5670 1116 5727; x_wconf 84' lang='lat' dir='ltr'><strong>exstinctus</strong></span> <span class='ocrx_word' id='word_1_428' title='bbox 1165 5675 1275 5728; x_wconf 86' lang='lat' dir='ltr'><strong>est.</strong></span> <span class='ocrx_word' id='word_1_429' title='bbox 1323 5673 1574 5746; x_wconf 89' lang='lat' dir='ltr'><strong>Ideoque</strong></span> <span class='ocrx_word' id='word_1_430' title='bbox 1606 5673 1770 5743; x_wconf 80' lang='lat' dir='ltr'><strong>urbs,</strong></span> <span class='ocrx_word' id='word_1_431' title='bbox 1805 5677 1868 5729; x_wconf 89' lang='lat' dir='ltr'><strong>ut</strong></span> <span class='ocrx_word' id='word_1_432' title='bbox 1899 5678 2102 5730; x_wconf 86' lang='lat' dir='ltr'><strong>narrat</strong></span> 
     </span>
    </p>
   </div>
   <div class='ocr_carea' id='block_1_70' title="bbox 2475 3251 3590 3306">
    <p class='ocr_par' dir='ltr' id='par_1_70' title="bbox 2475 3251 3590 3306">
     <span class='ocr_line' id='line_1_71' title="bbox 2475 3251 3590 3306; baseline 0.001 -3"><span class='ocrx_word' id='word_1_433' title='bbox 2475 3253 2950 3306; x_wconf 80' lang='grc' dir='ltr'><strong>ΚΑΝΙΣΤΗΡΙυΥ</strong></span> <span class='ocrx_word' id='word_1_434' title='bbox 2984 3253 3095 3305; x_wconf 81' lang='grc' dir='ltr'><strong>ΚΑΙ</strong></span> <span class='ocrx_word' id='word_1_435' title='bbox 3124 3252 3264 3305; x_wconf 80' lang='grc' dir='ltr'><strong>ΤΩΝ</strong></span> <span class='ocrx_word' id='word_1_436' title='bbox 3304 3251 3590 3305; x_wconf 82' lang='grc' dir='ltr'><strong>ΚΟΙΗΩΝ.</strong></span> 
     </span>
    </p>
   </div>
   <div class='ocr_carea' id='block_1_71' title="bbox 2286 3353 3879 3431">
    <p class='ocr_par' dir='ltr' id='par_1_71' title="bbox 2286 3353 3879 3431">
     <span class='ocr_line' id='line_1_72' title="bbox 2286 3353 3879 3431; baseline -0.002 -20"><span class='ocrx_word' id='word_1_437' title='bbox 2286 3358 2346 3412; x_wconf 68' lang='lat' dir='ltr'><strong>At</strong></span> <span class='ocrx_word' id='word_1_438' title='bbox 2396 3355 2602 3431; x_wconf 85' lang='grc' dir='ltr'>χαλκαὶ</span> <span class='ocrx_word' id='word_1_439' title='bbox 2655 3353 2847 3427; x_wconf 67' lang='grc' dir='ltr'>πύλαι,</span> <span class='ocrx_word' id='word_1_440' title='bbox 2888 3356 2942 3410; x_wconf 72' lang='grc' dir='ltr'>αὶ</span> <span class='ocrx_word' id='word_1_441' title='bbox 2989 3355 3268 3426; x_wconf 72' lang='grc' dir='ltr'>ἴστάμεναι</span> <span class='ocrx_word' id='word_1_442' title='bbox 3322 3355 3397 3416; x_wconf 79' lang='grc' dir='ltr'><strong>εἷς</strong></span> <span class='ocrx_word' id='word_1_443' title='bbox 3465 3356 3560 3422; x_wconf 73' lang='grc' dir='ltr'>τὴν</span> <span class='ocrx_word' id='word_1_444' title='bbox 3614 3355 3879 3428; x_wconf 72' lang='grc' dir='ltr'>Τρικύμ-</span> 
     </span>
    </p>
   </div>
   <div class='ocr_carea' id='block_1_72' title="bbox 2213 3439 3878 3518">
    <p class='ocr_par' dir='ltr' id='par_1_72' title="bbox 2213 3439 3878 3518">
     <span class='ocr_line' id='line_1_73' title="bbox 2213 3439 3878 3518; baseline 0 -20"><span class='ocrx_word' id='word_1_445' title='bbox 2213 3439 2382 3498; x_wconf 76' lang='grc' dir='ltr'>ϐαλον</span> <span class='ocrx_word' id='word_1_446' title='bbox 2453 3449 2550 3498; x_wconf 74' lang='grc' dir='ltr'><strong>τοῦ</strong></span> <span class='ocrx_word' id='word_1_447' title='bbox 2623 3443 3099 3518; x_wconf 81' lang='grc' dir='ltr'>Τζυκανιστηρίου,</span> <span class='ocrx_word' id='word_1_448' title='bbox 3177 3444 3322 3516; x_wconf 85' lang='grc' dir='ltr'><strong>παρά</strong></span> <span class='ocrx_word' id='word_1_449' title='bbox 3396 3441 3679 3499; x_wconf 83' lang='grc' dir='ltr'>Βασιλείου</span> <span class='ocrx_word' id='word_1_450' title='bbox 3773 3449 3878 3498; x_wconf 63' lang='grc' dir='ltr'><strong>τοῦ</strong></span> 
     </span>
    </p>
   </div>
   <div class='ocr_carea' id='block_1_73' title="bbox 2212 3526 3877 3605">
    <p class='ocr_par' dir='ltr' id='par_1_73' title="bbox 2212 3526 3877 3605">
     <span class='ocr_line' id='line_1_74' title="bbox 2212 3526 3877 3605; baseline 0.001 -20"><span class='ocrx_word' id='word_1_451' title='bbox 2212 3527 2480 3593; x_wconf 72' lang='grc' dir='ltr'>ϐασιλέως</span> <span class='ocrx_word' id='word_1_452' title='bbox 2530 3531 2840 3605; x_wconf 78' lang='grc' dir='ltr'>ἐπήρθησαν</span> <span class='ocrx_word' id='word_1_453' title='bbox 2898 3532 3003 3586; x_wconf 80' lang='grc' dir='ltr'>ἀπὸ</span> <span class='ocrx_word' id='word_1_454' title='bbox 3059 3535 3166 3586; x_wconf 84' lang='grc' dir='ltr'>τῶν</span> <span class='ocrx_word' id='word_1_455' title='bbox 3228 3526 3482 3604; x_wconf 69' lang='grc' dir='ltr'>ἐμϐόλων</span> <span class='ocrx_word' id='word_1_456' title='bbox 3535 3535 3628 3585; x_wconf 79' lang='grc' dir='ltr'><strong>τοῦ</strong></span> <span class='ocrx_word' id='word_1_457' title='bbox 3671 3532 3877 3605; x_wconf 80' lang='grc' dir='ltr'>Φόρου</span> 
     </span>
    </p>
   </div>
   <div class='ocr_carea' id='block_1_74' title="bbox 2208 3619 3876 3697">
    <p class='ocr_par' dir='ltr' id='par_1_74' title="bbox 2208 3619 3876 3697">
     <span class='ocr_line' id='line_1_75' title="bbox 2208 3619 3876 3697; baseline 0 -21"><span class='ocrx_word' id='word_1_458' title='bbox 2208 3626 2314 3676; x_wconf 81' lang='grc' dir='ltr'>τῶν</span> <span class='ocrx_word' id='word_1_459' title='bbox 2358 3619 2694 3697; x_wconf 89' lang='grc' dir='ltr'>Χαλιναρίων</span> <span class='ocrx_word' id='word_1_460' title='bbox 2732 3640 2743 3652; x_wconf 93' lang='grc'>·</span> <span class='ocrx_word' id='word_1_461' title='bbox 2803 3620 3099 3690; x_wconf 75' lang='grc' dir='ltr'>έστᾶθησαν</span> <span class='ocrx_word' id='word_1_462' title='bbox 3157 3619 3213 3675; x_wconf 75' lang='grc' dir='ltr'><strong>δέ</strong></span> <span class='ocrx_word' id='word_1_463' title='bbox 3262 3623 3407 3693; x_wconf 84' lang='grc' dir='ltr'>παρὰ</span> <span class='ocrx_word' id='word_1_464' title='bbox 3454 3624 3548 3674; x_wconf 81' lang='grc' dir='ltr'>τοῦ</span> <span class='ocrx_word' id='word_1_465' title='bbox 3595 3620 3876 3694; x_wconf 74' lang='grc' dir='ltr'>Μεγάλου</span> 
     </span>
    </p>
   </div>
   <div class='ocr_carea' id='block_1_75' title="bbox 2212 3705 3871 3785">
    <p class='ocr_par' dir='ltr' id='par_1_75' title="bbox 2212 3705 3871 3785">
     <span class='ocr_line' id='line_1_76' title="bbox 2212 3705 3871 3785; baseline -0.003 -20"><span class='ocrx_word' id='word_1_466' title='bbox 2212 3710 2616 3766; x_wconf 83' lang='grc' dir='ltr'>Κωνσταντίνου</span> <span class='ocrx_word' id='word_1_467' title='bbox 2674 3709 2893 3785; x_wconf 82' lang='grc' dir='ltr'>ἀντικρὺ</span> <span class='ocrx_word' id='word_1_468' title='bbox 2941 3715 3037 3764; x_wconf 78' lang='grc' dir='ltr'><strong>τοῦ</strong></span> <span class='ocrx_word' id='word_1_469' title='bbox 3084 3710 3316 3764; x_wconf 77' lang='grc' dir='ltr'>Σενάτου</span> <span class='ocrx_word' id='word_1_470' title='bbox 3351 3729 3361 3741; x_wconf 93' lang='grc'><strong>·</strong></span> <span class='ocrx_word' id='word_1_471' title='bbox 3420 3709 3602 3770; x_wconf 80' lang='grc' dir='ltr'>κτίσας</span> <span class='ocrx_word' id='word_1_472' title='bbox 3647 3705 3706 3762; x_wconf 64' lang='grc' dir='ltr'><strong>δέ</strong></span> <span class='ocrx_word' id='word_1_473' title='bbox 3763 3713 3871 3778; x_wconf 76' lang='grc' dir='ltr'><strong>τήν</strong></span> 
     </span>
    </p>
   </div>
   <div class='ocr_carea' id='block_1_76' title="bbox 2211 3797 3376 3873">
    <p class='ocr_par' dir='ltr' id='par_1_76' title="bbox 2211 3797 3376 3873">
     <span class='ocr_line' id='line_1_77' title="bbox 2211 3797 3376 3873; baseline 0 -19"><span class='ocrx_word' id='word_1_474' title='bbox 2211 3801 2368 3872; x_wconf 83' lang='grc' dir='ltr'>Νέαν,</span> <span class='ocrx_word' id='word_1_475' title='bbox 2399 3798 2565 3872; x_wconf 78' lang='grc' dir='ltr'>ἐπῆρε</span> <span class='ocrx_word' id='word_1_476' title='bbox 2594 3798 2790 3861; x_wconf 79' lang='grc' dir='ltr'>ταύτας</span> <span class='ocrx_word' id='word_1_477' title='bbox 2822 3799 2912 3854; x_wconf 88' lang='grc' dir='ltr'>καὶ</span> <span class='ocrx_word' id='word_1_478' title='bbox 2945 3798 3152 3873; x_wconf 75' lang='grc' dir='ltr'>ἀπῆγεν</span> <span class='ocrx_word' id='word_1_479' title='bbox 3185 3797 3376 3854; x_wconf 79' lang='grc' dir='ltr'>έκεῖσε.</span> 
     </span>
    </p>
   </div>
   <div class='ocr_carea' id='block_1_77' title="bbox 2793 3975 3271 4052">
    <p class='ocr_par' dir='ltr' id='par_1_77' title="bbox 2793 3975 3271 4052">
     <span class='ocr_line' id='line_1_78' title="bbox 2793 3975 3271 4052; baseline -0.002 -20"><span class='ocrx_word' id='word_1_480' title='bbox 2793 3975 2926 4052; x_wconf 82' lang='grc' dir='ltr'>Περὶ</span> <span class='ocrx_word' id='word_1_481' title='bbox 2960 3980 3057 4031; x_wconf 76' lang='grc' dir='ltr'><strong>τοῦ</strong></span> <span class='ocrx_word' id='word_1_482' title='bbox 3087 3975 3271 4032; x_wconf 77' lang='grc' dir='ltr'>αὐτοῦ.</span> 
     </span>
    </p>
   </div>
   <div class='ocr_carea' id='block_1_78' title="bbox 2278 4063 3878 4140">
    <p class='ocr_par' dir='ltr' id='par_1_78' title="bbox 2278 4063 3878 4140">
     <span class='ocr_line' id='line_1_79' title="bbox 2278 4063 3878 4140; baseline 0 -19"><span class='ocrx_word' id='word_1_483' title='bbox 2278 4067 2352 4122; x_wconf 89' lang='grc' dir='ltr'><strong>Τὸ</strong></span> <span class='ocrx_word' id='word_1_484' title='bbox 2386 4064 2442 4120; x_wconf 69' lang='grc' dir='ltr'><strong>δέ</strong></span> <span class='ocrx_word' id='word_1_485' title='bbox 2483 4067 2935 4140; x_wconf 75' lang='grc' dir='ltr'>Τζυκανιστηριον</span> <span class='ocrx_word' id='word_1_486' title='bbox 2995 4063 3169 4120; x_wconf 72' lang='grc' dir='ltr'>ἔκτισε</span> <span class='ocrx_word' id='word_1_487' title='bbox 3227 4064 3514 4128; x_wconf 84' lang='grc' dir='ltr'>Θεοδόσιος</span> <span class='ocrx_word' id='word_1_488' title='bbox 3568 4068 3594 4120; x_wconf 89' lang='grc' dir='ltr'><strong>ὁ</strong></span> <span class='ocrx_word' id='word_1_489' title='bbox 3629 4068 3878 4139; x_wconf 70' lang='grc' dir='ltr'>Μικρὸς.</span> 
     </span>
    </p>
   </div>
   <div class='ocr_carea' id='block_1_79' title="bbox 2209 4151 3881 4230">
    <p class='ocr_par' dir='ltr' id='par_1_79' title="bbox 2209 4151 3881 4230">
     <span class='ocr_line' id='line_1_80' title="bbox 2209 4151 3881 4230; baseline -0.001 -18"><span class='ocrx_word' id='word_1_490' title='bbox 2209 4155 2316 4212; x_wconf 89' lang='grc' dir='ltr'><strong>Τὸν</strong></span> <span class='ocrx_word' id='word_1_491' title='bbox 2351 4151 2407 4208; x_wconf 78' lang='grc' dir='ltr'>δὶ</span> <span class='ocrx_word' id='word_1_492' title='bbox 2426 4153 2751 4229; x_wconf 87' lang='grc' dir='ltr'>Τρουλωτὸν</span> <span class='ocrx_word' id='word_1_493' title='bbox 2783 4153 3011 4209; x_wconf 77' lang='grc' dir='ltr'>σταῦλον</span> <span class='ocrx_word' id='word_1_494' title='bbox 3063 4151 3237 4209; x_wconf 81' lang='grc' dir='ltr'>ἔκτισε</span> <span class='ocrx_word' id='word_1_495' title='bbox 3264 4153 3494 4230; x_wconf 71' lang='grc' dir='ltr'>Μιχαὴλ</span> <span class='ocrx_word' id='word_1_496' title='bbox 3529 4155 3556 4208; x_wconf 85' lang='grc' dir='ltr'>ὁ</span> <span class='ocrx_word' id='word_1_497' title='bbox 3587 4155 3704 4216; x_wconf 72' lang='grc' dir='ltr'>υἱὸς</span> <span class='ocrx_word' id='word_1_498' title='bbox 3741 4163 3881 4210; x_wconf 75' lang='grc' dir='ltr'>Θεοο</span> 
     </span>
    </p>
   </div>
   <div class='ocr_carea' id='block_1_80' title="bbox 2209 4242 3885 4320">
    <p class='ocr_par' dir='ltr' id='par_1_80' title="bbox 2209 4242 3885 4320">
     <span class='ocr_line' id='line_1_81' title="bbox 2209 4242 3885 4320; baseline 0.002 -24"><span class='ocrx_word' id='word_1_499' title='bbox 2209 4244 2393 4320; x_wconf 82' lang='grc' dir='ltr'>φίλου,</span> <span class='ocrx_word' id='word_1_500' title='bbox 2426 4242 2708 4316; x_wconf 84' lang='grc' dir='ltr'>κόσμήσας</span> <span class='ocrx_word' id='word_1_501' title='bbox 2750 4242 2934 4313; x_wconf 80' lang='grc' dir='ltr'>αὐτὸν,</span> <span class='ocrx_word' id='word_1_502' title='bbox 2985 4244 3072 4298; x_wconf 86' lang='grc' dir='ltr'><strong>καὶ</strong></span> <span class='ocrx_word' id='word_1_503' title='bbox 3127 4245 3500 4316; x_wconf 86' lang='grc' dir='ltr'>μαρμαρώσας</span> <span class='ocrx_word' id='word_1_504' title='bbox 3523 4242 3885 4305; x_wconf 76' lang='grc' dir='ltr'>πολυτελῶς.</span> 
     </span>
    </p>
   </div>
   <div class='ocr_carea' id='block_1_81' title="bbox 2207 4328 3880 4408">
    <p class='ocr_par' dir='ltr' id='par_1_81' title="bbox 2207 4328 3880 4408">
     <span class='ocr_line' id='line_1_82' title="bbox 2207 4328 3880 4408; baseline -0.002 -18"><span class='ocrx_word' id='word_1_505' title='bbox 2207 4335 2266 4390; x_wconf 90' lang='grc' dir='ltr'>Ὁ</span> <span class='ocrx_word' id='word_1_506' title='bbox 2317 4330 2372 4388; x_wconf 79' lang='grc' dir='ltr'><strong>δέ</strong></span> <span class='ocrx_word' id='word_1_507' title='bbox 2413 4332 2702 4394; x_wconf 81' lang='grc' dir='ltr'>Βασίλειος</span> <span class='ocrx_word' id='word_1_508' title='bbox 2753 4333 2781 4386; x_wconf 84' lang='grc' dir='ltr'>ὁ</span> <span class='ocrx_word' id='word_1_509' title='bbox 2834 4330 3101 4388; x_wconf 85' lang='grc' dir='ltr'>Μακεδὼν</span> <span class='ocrx_word' id='word_1_510' title='bbox 3153 4328 3481 4408; x_wconf 79' lang='grc' dir='ltr'>παρεξέὸαλε</span> <span class='ocrx_word' id='word_1_511' title='bbox 3540 4333 3602 4386; x_wconf 86' lang='grc' dir='ltr'>τὸ</span> <span class='ocrx_word' id='word_1_512' title='bbox 3655 4338 3880 4401; x_wconf 78' lang='grc' dir='ltr'>Τζυκαο</span> 
     </span>
    </p>
   </div>
   <div class='ocr_carea' id='block_1_82' title="bbox 2206 4418 3878 4496">
    <p class='ocr_par' dir='ltr' id='par_1_82' title="bbox 2206 4418 3878 4496">
     <span class='ocr_line' id='line_1_83' title="bbox 2206 4418 3878 4496; baseline 0 -22"><span class='ocrx_word' id='word_1_513' title='bbox 2206 4423 2482 4496; x_wconf 80' lang='grc' dir='ltr'>νιστήριον</span> <span class='ocrx_word' id='word_1_514' title='bbox 2541 4421 2631 4475; x_wconf 86' lang='grc' dir='ltr'><strong>καὶ</strong></span> <span class='ocrx_word' id='word_1_515' title='bbox 2711 4418 3028 4478; x_wconf 77' lang='grc' dir='ltr'>ἐπλάτυνεν.</span> <span class='ocrx_word' id='word_1_516' title='bbox 3107 4427 3192 4476; x_wconf 87' lang='grc' dir='ltr'>Ἐν</span> <span class='ocrx_word' id='word_1_517' title='bbox 3272 4418 3328 4476; x_wconf 72' lang='grc' dir='ltr'>δὲ</span> <span class='ocrx_word' id='word_1_518' title='bbox 3385 4426 3502 4484; x_wconf 84' lang='grc' dir='ltr'>τοῖς</span> <span class='ocrx_word' id='word_1_519' title='bbox 3567 4421 3878 4494; x_wconf 73' lang='grc' dir='ltr'>ἡμετέροις</span> 
     </span>
    </p>
   </div>
   <div class='ocr_carea' id='block_1_83' title="bbox 2208 4508 3879 4586">
    <p class='ocr_par' dir='ltr' id='par_1_83' title="bbox 2208 4508 3879 4586">
     <span class='ocr_line' id='line_1_84' title="bbox 2208 4508 3879 4586; baseline 0 -22"><span class='ocrx_word' id='word_1_520' title='bbox 2208 4508 2433 4586; x_wconf 83' lang='grc' dir='ltr'>χρόνοις</span> <span class='ocrx_word' id='word_1_521' title='bbox 2493 4509 2685 4564; x_wconf 77' lang='grc' dir='ltr'>πλεῖον</span> <span class='ocrx_word' id='word_1_522' title='bbox 2757 4509 2960 4564; x_wconf 78' lang='grc' dir='ltr'>τούτων</span> <span class='ocrx_word' id='word_1_523' title='bbox 3041 4508 3302 4565; x_wconf 78' lang='grc' dir='ltr'>έπλάτυνε</span> <span class='ocrx_word' id='word_1_524' title='bbox 3374 4514 3786 4570; x_wconf 73' lang='grc' dir='ltr'>Κωνσνσντῖνος</span> <span class='ocrx_word' id='word_1_525' title='bbox 3852 4513 3879 4564; x_wconf 82' lang='grc'>6</span> 
     </span>
    </p>
   </div>
   <div class='ocr_carea' id='block_1_84' title="bbox 2206 4594 3872 4672">
    <p class='ocr_par' dir='ltr' id='par_1_84' title="bbox 2206 4594 3872 4672">
     <span class='ocr_line' id='line_1_85' title="bbox 2206 4594 3872 4672; baseline 0.001 -22"><span class='ocrx_word' id='word_1_526' title='bbox 2206 4601 2433 4664; x_wconf 83' lang='grc' dir='ltr'>Δοῦκας,</span> <span class='ocrx_word' id='word_1_527' title='bbox 2491 4596 2672 4656; x_wconf 82' lang='grc' dir='ltr'>κτίσας</span> <span class='ocrx_word' id='word_1_528' title='bbox 2729 4597 2816 4650; x_wconf 87' lang='grc' dir='ltr'><strong>καὶ</strong></span> <span class='ocrx_word' id='word_1_529' title='bbox 2878 4595 2967 4650; x_wconf 85' lang='grc' dir='ltr'><strong>τὸν</strong></span> <span class='ocrx_word' id='word_1_530' title='bbox 3033 4597 3195 4672; x_wconf 82' lang='grc' dir='ltr'>μέγαν</span> <span class='ocrx_word' id='word_1_531' title='bbox 3255 4594 3570 4672; x_wconf 85' lang='grc' dir='ltr'>Τρίκλινον,</span> <span class='ocrx_word' id='word_1_532' title='bbox 3601 4598 3692 4652; x_wconf 86' lang='grc' dir='ltr'><strong>τὸν</strong></span> <span class='ocrx_word' id='word_1_533' title='bbox 3750 4600 3872 4654; x_wconf 78' lang='grc' dir='ltr'><strong>Ἱπ-</strong></span> 
     </span>
    </p>
   </div>
   <div class='ocr_carea' id='block_1_85' title="bbox 2209 4681 3249 4760">
    <p class='ocr_par' dir='ltr' id='par_1_85' title="bbox 2209 4681 3249 4760">
     <span class='ocr_line' id='line_1_86' title="bbox 2209 4681 3249 4760; baseline -0.001 -19"><span class='ocrx_word' id='word_1_534' title='bbox 2209 4683 2512 4760; x_wconf 83' lang='grc' dir='ltr'>πόδρομον,</span> <span class='ocrx_word' id='word_1_535' title='bbox 2543 4685 2741 4739; x_wconf 79' lang='grc' dir='ltr'>καὶτὸν</span> <span class='ocrx_word' id='word_1_536' title='bbox 2774 4681 2866 4739; x_wconf 64' lang='grc' dir='ltr'>ἵνα</span> <span class='ocrx_word' id='word_1_537' title='bbox 2892 4681 3249 4742; x_wconf 72' lang='grc' dir='ltr'>κούϐουκλον.</span> 
     </span>
    </p>
   </div>
   <div class='ocr_carea' id='block_1_86' title="bbox 2558 4772 3503 4852">
    <p class='ocr_par' dir='ltr' id='par_1_86' title="bbox 2558 4772 3503 4852">
     <span class='ocr_line' id='line_1_87' title="bbox 2558 4772 3503 4852; baseline 0.004 -24"><span class='ocrx_word' id='word_1_538' title='bbox 2558 4772 2687 4848; x_wconf 83' lang='grc' dir='ltr'>Περὶ</span> <span class='ocrx_word' id='word_1_539' title='bbox 2713 4778 2809 4828; x_wconf 77' lang='grc' dir='ltr'><strong>τοῦ</strong></span> <span class='ocrx_word' id='word_1_540' title='bbox 2841 4773 3005 4829; x_wconf 71' lang='grc' dir='ltr'>αὐτοῦ</span> <span class='ocrx_word' id='word_1_541' title='bbox 3053 4774 3330 4852; x_wconf 68' lang='grc' dir='ltr'>ἀφηλησις</span> <span class='ocrx_word' id='word_1_542' title='bbox 3362 4774 3503 4846; x_wconf 81' lang='grc' dir='ltr'>ξένη.</span> 
     </span>
    </p>
   </div>
   <div class='ocr_carea' id='block_1_87' title="bbox 2279 4861 3872 4938">
    <p class='ocr_par' dir='ltr' id='par_1_87' title="bbox 2279 4861 3872 4938">
     <span class='ocr_line' id='line_1_88' title="bbox 2279 4861 3872 4938; baseline 0.001 -20"><span class='ocrx_word' id='word_1_543' title='bbox 2279 4866 2374 4921; x_wconf 83' lang='grc' dir='ltr'>Ἐκ</span> <span class='ocrx_word' id='word_1_544' title='bbox 2421 4869 2519 4932; x_wconf 84' lang='grc' dir='ltr'><strong>τῆς</strong></span> <span class='ocrx_word' id='word_1_545' title='bbox 2582 4861 2819 4918; x_wconf 87' lang='grc' dir='ltr'>Ἰκονίων</span> <span class='ocrx_word' id='word_1_546' title='bbox 2898 4863 3115 4926; x_wconf 79' lang='grc' dir='ltr'>πόλεως</span> <span class='ocrx_word' id='word_1_547' title='bbox 3187 4863 3431 4938; x_wconf 82' lang='grc' dir='ltr'>Περσέως</span> <span class='ocrx_word' id='word_1_548' title='bbox 3493 4865 3709 4932; x_wconf 73' lang='grc' dir='ltr'>στῆλαι,</span> <span class='ocrx_word' id='word_1_549' title='bbox 3777 4870 3872 4920; x_wconf 76' lang='grc' dir='ltr'><strong>καὶ</strong></span> 
     </span>
    </p>
   </div>
   <div class='ocr_carea' id='block_1_88' title="bbox 2211 4949 3870 5028">
    <p class='ocr_par' dir='ltr' id='par_1_88' title="bbox 2211 4949 3870 5028">
     <span class='ocr_line' id='line_1_89' title="bbox 2211 4949 3870 5028; baseline 0.002 -23"><span class='ocrx_word' id='word_1_550' title='bbox 2211 4949 2600 5028; x_wconf 82' lang='grc' dir='ltr'>Ἀνδρομέδης,</span> <span class='ocrx_word' id='word_1_551' title='bbox 2660 4953 2921 5026; x_wconf 84' lang='grc' dir='ltr'>θυγατρὸς</span> <span class='ocrx_word' id='word_1_552' title='bbox 2999 4951 3310 5027; x_wconf 81' lang='grc' dir='ltr'>βασιλικῆς,</span> <span class='ocrx_word' id='word_1_553' title='bbox 3380 4951 3595 5022; x_wconf 70' lang='grc' dir='ltr'>ἤκασιν.</span> <span class='ocrx_word' id='word_1_554' title='bbox 3656 4955 3748 5015; x_wconf 81' lang='grc' dir='ltr'>Ὡς</span> <span class='ocrx_word' id='word_1_555' title='bbox 3818 4957 3870 5008; x_wconf 78' lang='grc' dir='ltr'>οἱ</span> 
     </span>
    </p>
   </div>
   <div class='ocr_carea' id='block_1_89' title="bbox 2214 5036 3872 5119">
    <p class='ocr_par' dir='ltr' id='par_1_89' title="bbox 2214 5036 3872 5119">
     <span class='ocr_line' id='line_1_90' title="bbox 2214 5036 3872 5119; baseline 0.001 -25"><span class='ocrx_word' id='word_1_556' title='bbox 2214 5039 2374 5114; x_wconf 71' lang='grc' dir='ltr'>μῦθοί</span> <span class='ocrx_word' id='word_1_557' title='bbox 2433 5060 2581 5114; x_wconf 79' lang='grc' dir='ltr'>φασι,</span> <span class='ocrx_word' id='word_1_558' title='bbox 2643 5036 2852 5094; x_wconf 72' lang='grc' dir='ltr'>ἐδίδουν</span> <span class='ocrx_word' id='word_1_559' title='bbox 2910 5041 3091 5103; x_wconf 83' lang='grc' dir='ltr'>θυσίαν</span> <span class='ocrx_word' id='word_1_560' title='bbox 3149 5046 3227 5112; x_wconf 78' lang='grc' dir='ltr'>τῷ</span> <span class='ocrx_word' id='word_1_561' title='bbox 3282 5040 3451 5096; x_wconf 84' lang='grc' dir='ltr'>ἐκεῖσε</span> <span class='ocrx_word' id='word_1_562' title='bbox 3499 5040 3872 5119; x_wconf 70' lang='grc' dir='ltr'>έμφολεύοντι</span> 
     </span>
    </p>
   </div>
   <div class='ocr_carea' id='block_1_90' title="bbox 2212 5129 3872 5206">
    <p class='ocr_par' dir='ltr' id='par_1_90' title="bbox 2212 5129 3872 5206">
     <span class='ocr_line' id='line_1_91' title="bbox 2212 5129 3872 5206; baseline 0.001 -22"><span class='ocrx_word' id='word_1_563' title='bbox 2212 5129 2677 5203; x_wconf 84' lang='grc' dir='ltr'>δράκοντι,κόρην</span> <span class='ocrx_word' id='word_1_564' title='bbox 2733 5131 2995 5204; x_wconf 78' lang='grc' dir='ltr'>παρθένον</span> <span class='ocrx_word' id='word_1_565' title='bbox 3031 5147 3044 5162; x_wconf 84' lang='grc'>⁶</span> <span class='ocrx_word' id='word_1_566' title='bbox 3096 5129 3231 5200; x_wconf 75' lang='grc' dir='ltr'>αὕτη</span> <span class='ocrx_word' id='word_1_567' title='bbox 3288 5131 3390 5206; x_wconf 64' lang='grc' dir='ltr'><strong>γὰρ</strong></span> <span class='ocrx_word' id='word_1_568' title='bbox 3441 5134 3504 5200; x_wconf 72' lang='grc' dir='ltr'><strong>ἧν</strong></span> <span class='ocrx_word' id='word_1_569' title='bbox 3539 5135 3572 5200; x_wconf 82' lang='grc' dir='ltr'>ἠ</span> <span class='ocrx_word' id='word_1_570' title='bbox 3605 5134 3872 5200; x_wconf 71' lang='grc' dir='ltr'>συνήθεια</span> 
     </span>
    </p>
   </div>
   <div class='ocr_carea' id='block_1_91' title="bbox 2208 5217 3872 5293">
    <p class='ocr_par' dir='ltr' id='par_1_91' title="bbox 2208 5217 3872 5293">
     <span class='ocr_line' id='line_1_92' title="bbox 2208 5217 3872 5293; baseline 0.002 -19"><span class='ocrx_word' id='word_1_571' title='bbox 2208 5224 2286 5292; x_wconf 79' lang='grc' dir='ltr'>τῷ</span> <span class='ocrx_word' id='word_1_572' title='bbox 2318 5217 2513 5292; x_wconf 81' lang='grc' dir='ltr'>θηρίῳ,</span> <span class='ocrx_word' id='word_1_573' title='bbox 2549 5218 2637 5271; x_wconf 77' lang='grc' dir='ltr'><strong>ὅτε</strong></span> <span class='ocrx_word' id='word_1_574' title='bbox 2667 5218 2755 5271; x_wconf 87' lang='grc' dir='ltr'><strong>καὶ</strong></span> <span class='ocrx_word' id='word_1_575' title='bbox 2799 5217 3139 5293; x_wconf 79' lang='grc' dir='ltr'>Ἀνδρομέδα</span> <span class='ocrx_word' id='word_1_576' title='bbox 3198 5217 3410 5274; x_wconf 83' lang='grc' dir='ltr'>δεθεῖσα</span> <span class='ocrx_word' id='word_1_577' title='bbox 3461 5218 3662 5292; x_wconf 79' lang='grc' dir='ltr'>ἔμελλε</span> <span class='ocrx_word' id='word_1_578' title='bbox 3720 5221 3872 5293; x_wconf 77' lang='grc' dir='ltr'>τῷδε</span> 
     </span>
    </p>
   </div>
   <div class='ocr_carea' id='block_1_92' title="bbox 2215 5307 3870 5385">
    <p class='ocr_par' dir='ltr' id='par_1_92' title="bbox 2215 5307 3870 5385">
     <span class='ocr_line' id='line_1_93' title="bbox 2215 5307 3870 5385; baseline 0.002 -23"><span class='ocrx_word' id='word_1_579' title='bbox 2215 5307 2348 5385; x_wconf 78' lang='grc' dir='ltr'>βορὰ</span> <span class='ocrx_word' id='word_1_580' title='bbox 2388 5307 2656 5381; x_wconf 79' lang='grc' dir='ltr'>γενέσθαι.</span> <span class='ocrx_word' id='word_1_581' title='bbox 2716 5308 2777 5364; x_wconf 75' lang='grc' dir='ltr'><strong>Ὀ</strong></span> <span class='ocrx_word' id='word_1_582' title='bbox 2835 5311 2964 5382; x_wconf 75' lang='grc' dir='ltr'>γοῦν</span> <span class='ocrx_word' id='word_1_583' title='bbox 3015 5308 3249 5384; x_wconf 77' lang='grc' dir='ltr'>Περσεὺς</span> <span class='ocrx_word' id='word_1_584' title='bbox 3308 5308 3480 5363; x_wconf 80' lang='grc' dir='ltr'>έκεῖσε</span> <span class='ocrx_word' id='word_1_585' title='bbox 3527 5307 3704 5372; x_wconf 78' lang='grc' dir='ltr'>έλθὼν</span> <span class='ocrx_word' id='word_1_586' title='bbox 3761 5312 3870 5365; x_wconf 73' lang='grc' dir='ltr'>πύ-</span> 
     </span>
    </p>
   </div>
   <div class='ocr_carea' id='block_1_93' title="bbox 2210 5393 3873 5471">
    <p class='ocr_par' dir='ltr' id='par_1_93' title="bbox 2210 5393 3873 5471">
     <span class='ocr_line' id='line_1_94' title="bbox 2210 5393 3873 5471; baseline 0.002 -19"><span class='ocrx_word' id='word_1_587' title='bbox 2210 5400 2354 5452; x_wconf 87' lang='grc' dir='ltr'>θεται</span> <span class='ocrx_word' id='word_1_588' title='bbox 2383 5393 2685 5465; x_wconf 78' lang='grc' dir='ltr'>κλαιούσης</span> <span class='ocrx_word' id='word_1_589' title='bbox 2733 5403 2834 5465; x_wconf 79' lang='grc' dir='ltr'><strong>τῆς</strong></span> <span class='ocrx_word' id='word_1_590' title='bbox 2883 5397 3138 5471; x_wconf 85' lang='grc' dir='ltr'>γυναικός</span> <span class='ocrx_word' id='word_1_591' title='bbox 3170 5418 3182 5429; x_wconf 86' lang='grc'><strong>·</strong></span> <span class='ocrx_word' id='word_1_592' title='bbox 3235 5400 3269 5466; x_wconf 75' lang='grc' dir='ltr'><strong>ἡ</strong></span> <span class='ocrx_word' id='word_1_593' title='bbox 3325 5395 3380 5452; x_wconf 72' lang='grc' dir='ltr'>δὲ</span> <span class='ocrx_word' id='word_1_594' title='bbox 3425 5400 3487 5452; x_wconf 90' lang='grc' dir='ltr'>τὸ</span> <span class='ocrx_word' id='word_1_595' title='bbox 3532 5394 3747 5469; x_wconf 67' lang='grc' dir='ltr'>συμὸἀν</span> <span class='ocrx_word' id='word_1_596' title='bbox 3785 5399 3873 5470; x_wconf 68' lang='grc' dir='ltr'><strong>ἑξ·</strong></span> 
     </span>
    </p>
   </div>
   <div class='ocr_carea' id='block_1_94' title="bbox 2210 5481 3868 5562">
    <p class='ocr_par' dir='ltr' id='par_1_94' title="bbox 2210 5481 3868 5562">
     <span class='ocr_line' id='line_1_95' title="bbox 2210 5481 3868 5562; baseline 0.001 -23"><span class='ocrx_word' id='word_1_597' title='bbox 2210 5487 2473 5560; x_wconf 70' lang='grc' dir='ltr'>ηγησατο.</span> <span class='ocrx_word' id='word_1_598' title='bbox 2507 5485 2616 5540; x_wconf 76' lang='grc' dir='ltr'>Τοῦ</span> <span class='ocrx_word' id='word_1_599' title='bbox 2671 5481 2725 5539; x_wconf 69' lang='grc' dir='ltr'>δὲ</span> <span class='ocrx_word' id='word_1_600' title='bbox 2780 5488 3124 5558; x_wconf 82' lang='grc' dir='ltr'>καθιστάτον,</span> <span class='ocrx_word' id='word_1_601' title='bbox 3179 5486 3455 5562; x_wconf 85' lang='grc' dir='ltr'>Γοργόνης</span> <span class='ocrx_word' id='word_1_602' title='bbox 3502 5487 3750 5561; x_wconf 68' lang='grc' dir='ltr'>κεφαλήν</span> <span class='ocrx_word' id='word_1_603' title='bbox 3816 5489 3868 5542; x_wconf 81' lang='grc' dir='ltr'>ἐν</span> 
     </span>
    </p>
   </div>
   <div class='ocr_carea' id='block_1_95' title="bbox 2208 5572 3866 5653">
    <p class='ocr_par' dir='ltr' id='par_1_95' title="bbox 2208 5572 3866 5653">
     <span class='ocr_line' id='line_1_96' title="bbox 2208 5572 3866 5653; baseline 0.001 -23"><span class='ocrx_word' id='word_1_604' title='bbox 2208 5576 2366 5651; x_wconf 77' lang='grc' dir='ltr'>πείρᾳ</span> <span class='ocrx_word' id='word_1_605' title='bbox 2415 5572 2766 5648; x_wconf 79' lang='grc' dir='ltr'>κατέχοντος,</span> <span class='ocrx_word' id='word_1_606' title='bbox 2844 5576 3225 5653; x_wconf 73' lang='grc' dir='ltr'>ὀπισσοφανῶς</span> <span class='ocrx_word' id='word_1_607' title='bbox 3293 5577 3563 5653; x_wconf 72' lang='grc' dir='ltr'>στραφεὶς,</span> <span class='ocrx_word' id='word_1_608' title='bbox 3623 5573 3866 5631; x_wconf 71' lang='grc' dir='ltr'>δείκνυσι</span> 
     </span>
    </p>
   </div>
   <div class='ocr_carea' id='block_1_96' title="bbox 2207 5659 3865 5743">
    <p class='ocr_par' dir='ltr' id='par_1_96' title="bbox 2207 5659 3865 5743">
     <span class='ocr_line' id='line_1_97' title="bbox 2207 5659 3865 5743; baseline -0.001 -21"><span class='ocrx_word' id='word_1_609' title='bbox 2207 5671 2286 5740; x_wconf 79' lang='grc' dir='ltr'>τῷ</span> <span class='ocrx_word' id='word_1_610' title='bbox 2317 5665 2495 5740; x_wconf 81' lang='grc' dir='ltr'>θηρίῳ</span> <span class='ocrx_word' id='word_1_611' title='bbox 2519 5663 2580 5718; x_wconf 88' lang='grc' dir='ltr'><strong>τὸ</strong></span> <span class='ocrx_word' id='word_1_612' title='bbox 2613 5659 2979 5740; x_wconf 79' lang='grc' dir='ltr'>δηλητήριον,</span> <span class='ocrx_word' id='word_1_613' title='bbox 3031 5664 3095 5735; x_wconf 77' lang='grc' dir='ltr'>ἤν</span> <span class='ocrx_word' id='word_1_614' title='bbox 3133 5663 3262 5720; x_wconf 83' lang='grc' dir='ltr'>ἰδὼν</span> <span class='ocrx_word' id='word_1_615' title='bbox 3286 5665 3346 5720; x_wconf 88' lang='grc' dir='ltr'><strong>τὸ</strong></span> <span class='ocrx_word' id='word_1_616' title='bbox 3379 5665 3566 5743; x_wconf 78' lang='grc' dir='ltr'>θηρίον</span> <span class='ocrx_word' id='word_1_617' title='bbox 3601 5665 3865 5740; x_wconf 69' lang='grc' dir='ltr'>ἀπέψυξε,</span> 
     </span>
    </p>
   </div>
  </div>
