3984 6348
67 454 105 512 1
119 455 244 514 225

1223 451 1587 516 ANONYMI
1632 455 2214 526 ANTIQUITATES
2259 457 2376 517 ΟΡ.

3347 453 3507 515 1226

66 584 176 638 καὶ
214 581 306 639 διὰ
333 589 494 640 τοῦτο
524 583 734 656 ικλήθη
794 587 829 655 ἡ
889 586 1052 648 πόλις
1084 585 1230 660 παρὰ
1261 582 1590 662 Φιλοδώρου
1645 597 1739 639 Λο-

1881 587 2209 644 >hilod0rus
2265 587 2530 660 Logista,
2590 586 2854 643 Iconium
2917 589 3119 644 vocata
3173 589 3291 656 est,
3349 587 3506 658 quod

62 672 274 747 γίστου
326 672 576 742 Ἰκόνιον,
608 671 696 728 διὰ
722 675 786 728 τὸ
813 675 904 729 τὸν
938 674 1140 749 Περσὲς
1193 672 1360 744 δεῖξαι
1410 675 1510 742 τὴν
1568 671 1750 728 εἰκόνα

67 762 262 816 ἐκεῖσε
318 769 418 832 τῆς
480 762 788 839 Γοργόνης.
847 766 946 820 Ἠν
1026 760 1083 818 δὶ
1136 767 1206 837 τῇ
1263 762 1423 818 πόλει
1481 759 1744 836 πρότερον

70 846 270 924 ὄνομα
305 857 557 906 Λαναεῖαο
610 849 793 906 ἔπειτα
836 850 1086 923 ἐπλήσθη
1138 849 1466 928 θρηνῳδίας,
1515 851 1606 904 καὶ
1665 845 1752 903 οὕ-

65 961 195 1001 τως
255 939 464 1011 ἐκλήθη
517 947 749 1014 Θρῆνος.
792 941 956 995 Ἔνθα
1010 941 1102 995 καὶ
1151 939 1443 1010 ἰτελειώθη
1497 939 1525 993 6
1583 938 1749 999 αὐτὸς

71 1027 324 1103 Περσεὺς
373 1028 465 1083 σὺν
495 1031 566 1101 τῇ
595 1026 954 1103 Ἀνδρομέδῃο
1012 1027 1193 1084 ἐπάνω
1226 1026 1283 1084 δὶ
1310 1035 1412 1097 τῆς
1440 1025 1623 1097 πύλης
1651 1028 1750 1094 τῆς

69 1117 307 1172 πόλεως
339 1117 630 1189 ἐστηλώθη
663 1117 965 1195 ἀμφότερα.
1016 1119 1086 1174 A't
1132 1116 1191 1173 δὶ
1241 1121 1485 1172 τοιαῦται
1549 1115 1748 1186 στῆλαι

65 1205 278 1274 ἧκασιν
331 1204 417 1261 ἰπὶ
464 1205 896 1274 Κωνσταντίνου,
931 1207 1067 1279 μετᾶ
1123 1207 1186 1260 τὸ
1220 1205 1587 1280 πληρωθῆναι
1646 1204 1748 1272 τήν

67 1296 427 1370 Ἀντιοχέων
462 1293 779 1366 ικκλησίαν,
830 1294 920 1350 καὶ
953 1294 1004 1350 ἰν
1050 1299 1131 1367 τῷ
1174 1293 1401 1370 μεγάλῳ
1461 1300 1750 1348 Κωνστοιν-

61 1383 231 1438 τίνου
288 1383 506 1458 λουτρῷ
576 1378 844 1456 ἔστησαν,
923 1381 1159 1451 πλησίον
1223 1387 1324 1438 τοῦ
1380 1388 1748 1453 Τζυκανιστη-

67 1473 230 1548 ρίου.

682 1561 813 1638 Περὶ
843 1568 943 1632 τῆς
974 1562 1134 1624 Νέας.

148 1651 262 1718 Τὴν
289 1647 346 1705 δὲ
375 1650 516 1707 Νέαν
545 1647 742 1720 ἔκτισε,
774 1650 863 1705 καὶ
895 1654 994 1705 τοῦ
1047 1650 1231 1722 Φόρου
1281 1651 1380 1718 τήν
1429 1648 1749 1725 Ὑπεραγίαν

76 1738 380 1808 Θιοτόκον,
428 1739 614 1794 καὶτὰ
658 1741 872 1812 Τζήρου
927 1739 1016 1794 καὶ
1071 1739 1162 1794 τὸν
1220 1741 1410 1812 ’Ἁγιον
1458 1734 1747 1811 Διομήδην

76 1827 381 1891 Βασίλειος
410 1830 438 1884 6
471 1826 753 1885 Μακεδών.

631 1934 758 2010 Περὶ
788 1936 896 1990 τών
943 1933 1213 2012 Ὀδηγῶν.

153 2027 280 2082 ’Ότι
334 2023 464 2086 τοὺς
513 2022 780 2099 Ὀδηγοὺς
841 2020 1016 2080 ἔκτισε
1072 2023 1309 2098 Μιχαὴλ
1367 2025 1394 2078 6
1449 2022 1751 2098 ἀναιρεθεὶς

77 2113 192 2168 ὑπὸ
243 2113 552 2181 Βασιλείου,
586 2112 847 2189 πρότερον
901 2113 1049 2167 οἶκον
1103 2112 1436 2189 ὑπάρχοντα.
1502 2111 1604 2168 Καὶ
1659 2131 1750 2164 τυ-

77 2201 240 2278 φλῶν
272 2201 500 2257 πολλῶν
558 2205 627 2276 τῇ
660 2201 834 2257 ἐκεῖσε
865 2197 999 2276 οὔσῃ
1060 2205 1216 2276 πηγῇ
1274 2199 1612 2276 βλεψάντων,
1660 2213 1750 2266 καὶ

74 2290 281 2365 ἓτάρων
313 2290 546 2346 πολλῶν
590 2291 880 2364 θαυμάτων
929 2288 1256 2366 γεγονότων,
1316 2287 1526 2360 ἐκλήθη
1585 2285 1751 2359 Ὀδη-

73 2379 214 2453 γός.

483 2558 612 2634 Περὶ
640 2562 738 2613 τοῦ
768 2557 1069 2630 Ζευξίππου
1095 2555 1352 2634 λουτροῦ.

152 2649 218 2704 Ὁ
267 2645 326 2702 6‘s
396 2645 695 2720 Ζεύξιππος
741 2647 804 2701 τὸ
855 2645 1088 2722 λουτρὸν
1149 2646 1253 2700 ὑπὸ
1313 2641 1557 2721 Ζεϐήρου
1601 2664 1751 2701 κατε.

81 2737 380 2806 σκευάσθη,
429 2737 520 2790 καὶ
579 2735 938 2811 ἐστοιχειώθη
1000 2735 1257 2798 ἅπτεσθαι
1296 2735 1430 2808 μετὰ
1475 2730 1752 2804 κανδήλας

86 2822 346 2893 ὑαλίνης,
375 2824 436 2878 τὸ
469 2821 526 2879 δὲ
555 2820 702 2900 ὕδωρ
727 2824 862 2893 ζὲειν
911 2821 1188 2902 σφοδρῶς,
1238 2824 1328 2877 καὶ
1355 2823 1446 2877 τὸν
1481 2821 1610 2898 ἆὲρα
1653 2825 1751 2877 τοῦ

86 2914 350 2988 λουτροῦ.
403 2909 714 2989 Ἀλόγιστοι
775 2909 832 2967 δι
884 2933 1028 2976 τινες
1085 2911 1334 2974 ίλθόντες
1390 2911 1751 2988 κατίστρεψαν

89 3000 280 3057 τοῦτο·
316 3000 360 3055 ὦ
390 3007 490 3071 τῆς
523 3000 724 3074 ζημίας
752 3002 764 3056 ί

198 3110 323 3183 Περὶ
358 3115 458 3178 τῆς
490 3108 786 3181 ἱσταμένης
816 3109 1026 3178 στήλης
1057 3109 1108 3162 ἓν
1139 3112 1218 3179 τῷ
1249 3105 1635 3182 ’Δρμαμέντῳ.

159 3199 220 3253 Ἢ
273 3193 330 3251 δὲ
376 3195 636 3268 ἱσταμένη
699 3195 876 3267 στήλη
938 3195 990 3250 ἐν
1047 3201 1122 3268 τῷ
1181 3194 1544 3272 Ἀρμαμὲντῳ
1576 3201 1747 3250 Φωκᾶ

1859 677 2105 733 Perseus
2136 678 2216 732 ibi
2249 676 2535 749 Gorgonis
2575 677 2744 732 icena
2776 675 3208 732 monstraverit.
3243 675 3507 732 Priscum

1857 782 1994 821 vero
2054 766 2218 821 urbis
2277 781 2490 821 nomen
2545 770 2674 820 erat
2737 765 3006 821 Danaeia.
3059 763 3319 836 Denique
3375 765 3513 835 quia

1859 855 2384 911 lamentationibus
2440 854 2659 926 repleta
2717 858 2860 924 erat,
2892 854 3164 910 Threnus
3209 853 3511 926 cognomi-

1861 948 1998 999 nata
2057 944 2183 999 fuit.
2230 944 2290 999 In
2354 946 2463 1000 hac
2521 943 2667 999 urbe
2726 947 2974 999 Perseus
3029 946 3087 998 et
3141 943 3510 998 Andromeda

1859 1033 2036 1088 vitam
2092 1037 2442 1104 exegerunt,
2492 1032 2650 1087 unde
2707 1032 3012 1086 amborum
3063 1035 3268 1087 statue
3327 1035 3506 1103 porta

1860 1120 2020 1177 urbis
2081 1121 2371 1192 impositas
2430 1125 2592 1176 sunt.
2642 1120 2741 1175 Ha:
2794 1136 2930 1175 vero
2977 1124 3183 1176 statue
3240 1125 3506 1192 tempore

1858 1210 2222 1266 Constantini
2290 1210 2541 1266 advecta:
2610 1212 2784 1277 sunt,
2857 1213 3165 1280 postquam
3233 1207 3508 1265 absoluta

1858 1298 1969 1353 fuit
2015 1298 2261 1354 ecclesia
2316 1297 2836 1364 Antiochenorum,
2885 1313 2950 1352 ac
3003 1297 3064 1352 in
3114 1313 3329 1370 magno
3376 1296 3509 1354 bal-

1859 1403 1966 1442 neo
2021 1387 2386 1443 Constantini
2442 1402 2622 1459 prope
2668 1384 3166 1458 szcanisterium
3212 1385 3507 1444 collocatis

1858 1481 2018 1532 sunt.

2418 1566 2493 1620 De
2520 1565 2753 1620 ecclesia
2780 1563 2950 1620 Nova.

1927 1653 2249 1710 Ecclesiam
2298 1653 2537 1720 Novam,
2570 1653 2754 1710 tndem
2805 1652 3204 1709 Sanctissima
3257 1652 3512 1726 Deipare

1857 1744 1918 1800 in
1970 1745 2133 1813 Foro,
2167 1741 2469 1799 ecclesiam
2521 1743 2580 1799 S.
2613 1742 2918 1800 Michaelis
2965 1743 3130 1799 Tzeri
3177 1742 3396 1800 dictam
3447 1759 3514 1799 ac

1856 1839 1914 1891 Β.
1949 1833 2284 1889 Diomedem
2316 1832 2581 1888 condidit
2609 1831 2865 1888 Basilius
2897 1831 3154 1889 Macedo.

2002 1941 2075 1996 De
2116 1941 2342 1997 ecclesia
2375 1940 2621 2012 Deiparae
2652 1939 2997 2009 Hodcgorum
3027 1941 3367 2011 cognomine.

1931 2029 2237 2100 Templum
2296 2028 2356 2084 S.
2410 2027 2662 2100 Deiparas
2713 2027 3081 2101 Hodegorum
3133 2028 3358 2084 dictum
3413 2045 3512 2084 ex-

1861 2118 2077 2174 struxit
2119 2117 2390 2187 Michael,
2427 2133 2598 2188 quem
2659 2116 2914 2173 Basilius
2963 2117 3274 2174 interfecit.
3324 2121 3515 2175 Antea

1858 2223 1992 2262 vero
2033 2207 2184 2262 mdes
2235 2205 2347 2260 fuit
2377 2204 2772 2277 complurium
2822 2221 3129 2273 caecorum,
3162 2205 3264 2278 qui
3294 2224 3328 2262 a
3355 2207 3514 2264 fonte

1860 2296 1988 2366 ejus
2021 2294 2129 2350 loci
2162 2294 2351 2350 visum
2385 2299 2743 2365 receperant,
2775 2298 2834 2349 et
2872 2293 3010 2364 quia
3042 2294 3156 2350 alia
3185 2294 3374 2351 multa
3403 2295 3513 2350 mi-

1860 2383 2058 2439 racula
2089 2383 2306 2438 ibidem
2348 2381 2504 2438 edita
2544 2387 2708 2452 sunt,
2743 2381 2873 2438 ideo
2905 2382 3178 2456 Hodegus
3207 2400 3514 2457 nuncupa-

1858 2476 1984 2526 tum
2017 2472 2145 2527 fuit.

2369 2561 2441 2615 De
2473 2561 2674 2615 Balnea
2703 2560 2994 2631 Zeuxippi.

1930 2649 2207 2722 Zeuxippi
2265 2647 2544 2704 balneum
2599 2653 2846 2704 Severus
2903 2647 3238 2718 aediﬁcavit,
3279 2653 3339 2704 et
3391 2652 3518 2706 arte

1859 2739 2114 2810 quadam
2149 2738 2228 2793 ita
2257 2737 2556 2806 instruxit,
2585 2741 2652 2792 ut
2679 2736 2881 2792 vitreis
2912 2736 3171 2794 lucernis
3200 2738 3516 2794 succende-

1859 2832 2020 2882 retur
2051 2845 2064 2882 :
2097 2843 2167 2883 ex
2195 2843 2379 2898 eoque
2411 2843 2566 2898 aqua
2607 2825 3033 2882 ferventissime
3061 2825 3354 2897 ebulliret,
3385 2841 3513 2882 aer-

1858 2931 1969 2984 que
1999 2913 2194 2970 balnei
2245 2914 2552 2970 caleﬁeret.
2586 2913 2650 2969 Id
2683 2917 2878 2969 autem
2929 2913 3129 2970 stolidi
3177 2915 3375 2971 nescio
3407 2912 3510 2985 qui

1859 3003 2156 3060 venientes
2186 3007 2553 3075 everterunt;
2587 3019 2620 3059 ο
2649 3001 3104 3058 detrimentum!

2021 3111 2096 3166 De
2123 3112 2304 3165 statua
2333 3123 2457 3180 quae
2487 3111 2545 3163 in
2576 3110 2926 3164 Armamcnlo
2953 3108 3216 3165 collocata
3243 3113 3344 3165 est.

1927 3199 2134 3254 Statua
2177 3214 2304 3268 quae
2335 3197 2394 3251 in
2426 3199 2803 3252 Armamento
2843 3196 3053 3252 visitur
3084 3195 3288 3252 Ριιοοω
3319 3200 3407 3252 est
3439 3213 3512 3253 ex

85 3291 188 3341 τοῦ
264 3285 598 3361 στρατιώτου
668 3284 756 3339 ἐπὶ
832 3289 930 3339 τοῦ
1012 3282 1302 3360 βασιλέως,
1379 3285 1467 3338 καὶ
1546 3283 1598 3338 ὲν
1665 3288 1744 3357 τῷ

91 3369 217 3388 ...η
374 3370 397 3388 ,ι
589 3371 942 3388 -..χι
1108 3372 1226 3388 ...
1395 3371 1663 3388 ...ς

1881 3287 2047 3343 nilitc
2105 3285 2496 3358 imperatoris,
2549 3303 2724 3356 quam
2790 3285 2916 3357 ipse
2971 3285 3222 3358 septimo
3277 3284 3513 3357 imperii

89 3369 313 3446 ἑϐδόμῳ
372 3370 476 3428 ἴτει
551 3380 651 3442 τῆς
729 3371 1006 3448 βασιλείας
1064 3372 1230 3428 αὐτοῦ
1286 3372 1411 3446 περὶ
1462 3372 1524 3426 τὸ
1579 3371 1742 3434 τὲλος

1881 3377 1948 3430 ,ui
1983 3391 2136 3430 anno
2169 3374 2451 3430 columnae
2483 3373 2709 3445 imponi
2741 3374 3005 3441 curavit;
3040 3372 3512 3430 duodevicesimo

86 3459 402 3531 σπουδάζων
432 3462 721 3537 ἀναγαγεῖν
756 3461 922 3531 αὐτὴν
952 3459 1004 3515 ἐν
1032 3466 1110 3534 τῶ
1138 3463 1403 3516 κτισθὲντι
1433 3460 1598 3527 κίονι,
1649 3461 1739 3514 καὶ

89 3553 228 3624 μετᾶ
253 3551 316 3606 16
345 3551 628 3627 ἀναγαγεῖν
682 3549 848 3620 αὐτὴν
914 3551 984 3619 ιη’
1041 3549 1445 3626 περιελθουσῶν
1495 3552 1740 3624 ἡμερων,

84 3639 394 3716 κατηνέχθη
454 3643 554 3705 τῆς
608 3637 908 3713 βασιλείας.
960 3638 1099 3696 Τότε
1147 3636 1204 3693 δὶ
1233 3640 1301 3708 ἦν
1334 3640 1361 3694 6
1400 3639 1681 3709 Συκεώτης
1711 3639 1740 3693 6

92 3727 269 3788 ὅσιος.

465 3814 598 3890 Περὶ
627 3819 734 3869 τῶν
765 3813 1120 3888 καλουμένων
1149 3815 1372 3872 Τόπων.

159 3906 230 3963 Οἱ
289 3902 345 3959 δὲ
403 3902 696 3980 λεγόμενοι
749 3904 949 3973 Τόποι,
1007 3905 1059 3958 οἱ
1119 3903 1356 3974 πλησίον
1415 3908 1512 3958 τοῦ
1559 3903 1740 3978 Ἀγίου

81 3994 360 4069 Λαζάρου,
417 3989 506 4047 διὰ
551 3997 712 4048 τοῦτο
770 3990 1076 4063 ἐκλήθησαν
1130 3992 1320 4054 οὕτως’
1387 3988 1551 4048 ὁπότε
1608 3992 1742 4048 ἑπα-

83 4085 250 4152 νέστη
303 4080 628 4143 Βασιλίσκος
691 4079 1047 4158 ὃρουγγάριος
1111 4082 1202 4136 καὶ
1260 4083 1570 4156 πατρίκιος,
1630 4083 1741 4152 Ζή-

85 4192 226 4225 νωνι
282 4173 361 4240 τῷ
431 4167 693 4244 βασιλεῖ,
746 4167 981 4245 δευτέρῳ
1037 4167 1143 4225 ἔτει
1194 4171 1284 4225 καὶ
1344 4167 1552 4242 δεκάτῳ
1608 4169 1741 4242 μηνὶ

84 4267 193 4329 τῆς
251 4256 532 4334 βασιλείας
585 4257 772 4330 αὐτοῦ,
829 4258 919 4312 καὶ
963 4256 1175 4329 ἐδίωξεν
1208 4258 1390 4331 αὐτὸν,
1439 4259 1526 4313 καὶ
1584 4257 1740 4333 ἐκράη

83 4367 224 4418 τησε
272 4344 597 4408 Βασιλίσκος
644 4353 744 4416 τῆς
806 4346 1085 4422 βασιλείας
1136 4345 1228 4418 ἔτη
1280 4343 1395 4406 δύο.
1455 4345 1742 4422 Ὑποστρὲ-

86 4441 198 4510 ψας
252 4433 309 4489 δὲ
345 4435 372 4489 6
430 4437 613 4504 Ζήνων
652 4436 787 4508 μετὰ
835 4433 1141 4497 δυναστείας
1200 4439 1428 4510 στρατοῦ
1485 4436 1591 4490 ἀπὸ
1643 4442 1744 4505 τῆς

91 4523 344 4599 μεγάλης
389 4525 736 4598 ’Δντιοχείας
780 4523 870 4579 καὶ
903 4522 1074 4588 ἐλθὼν
1113 4524 1248 4597 μετᾶ
1286 4530 1536 4599 ταραχῆς
1567 4523 1618 4578 ὲν
1672 4527 1741 4597 τῇ

87 4611 276 4668 πόλει·
334 4609 572 4686 προδοὺς
628 4612 928 4687 Ἀρμάτιος
980 4612 1072 4666 τὸν
1133 4613 1484 4688 στρατὸντοῦ
1517 4610 1741 4668 Βασιλί-

1853 3469 2048 3520 autem
2083 3463 2177 3518 die
2207 3462 2278 3517 ab
2307 3467 2500 3518 erecta
2535 3465 2735 3517 statua
2767 3461 3011 3533 imperio
3059 3461 3314 3533 pellitur.
3334 3460 3509 3516 Vive-

1850 3553 1949 3608 bat
1980 3557 2118 3608 tunc
2150 3551 2432 3622 temporis
2466 3551 2524 3606 S.
2558 3550 2901 3607 Theodorus
2937 3551 3202 3622 Syceota.

2376 3817 2449 3871 Dc
2483 3817 2639 3885 Topis
2668 3819 2730 3870 ut
2757 3821 2974 3872 vocant.

1923 3904 2066 3975 Topi
2109 3903 2370 3975 proxime
2418 3905 2476 3960 S.
2512 3903 2822 3972 Lazarum,
2853 3909 3162 3977 propterea
3211 3904 3296 3962 ita
3343 3922 3501 3962 nun-

1850 3992 2045 4065 cupati
2098 3998 2258 4064 sunt,
2291 3994 2447 4064 quod
2501 4010 2636 4049 cum
2687 3992 3006 4049 Basiliscus
3052 3994 3412 4067 drungarius
3443 3999 3504 4051 et

1851 4080 2136 4152 patricius
2193 4081 2503 4138 defecisset
2557 4081 2630 4137 ab
2689 4081 3043 4154 imperatore
3098 4083 3349 4154 Zenone,
3410 4083 3504 4155 ip-

1852 4185 2102 4240 sumque
2155 4169 2380 4225 decimo
2437 4186 2639 4226 mense
2695 4175 2830 4242 post
2885 4171 3213 4228 secundum
3273 4169 3506 4242 imperii

1852 4274 2072 4312 annum
2131 4257 2277 4313 solio
2336 4258 2731 4326 deturbasset,
2788 4259 2914 4332 ipse
2972 4259 3292 4316 Basiliscus
3340 4259 3507 4316 bien-

1852 4347 2018 4402 nium
2050 4346 2297 4419 imperio
2340 4347 2564 4419 potitus
2611 4351 2720 4404 est.
2755 4347 2856 4404 His
2909 4348 3129 4406 exactis
3171 4350 3322 4406 Zeno
3373 4365 3510 4406 cum

1851 4435 2192 4508 ingentibus
2259 4435 2440 4508 copiis
2498 4454 2532 4491 a
2602 4453 2818 4509 magna
2885 4437 3192 4494 Antiochia
3255 4437 3510 4504 rediens,

1851 4524 2423 4597 Constantinopolim
2486 4541 2619 4580 cum
2703 4526 2865 4581 omni
2939 4524 3149 4582 bellico
3226 4530 3512 4599 apparatu

1852 4612 2033 4669 venit.
2068 4619 2211 4668 Cum
2248 4617 2444 4668 autem
2474 4614 2776 4669 Armatius
2807 4614 3023 4669 Zenoni
3053 4615 3319 4680 studens,
3353 4630 3515 4670 exer-

91 4721 250 4772 σκου,
283 4704 496 4775 φρονῶν
527 4700 595 4754 τὰ
643 4704 740 4755 τοῦ
787 4702 1061 4771 Ζήνωνος,
1117 4697 1282 4776 ἔφυγε
1330 4702 1358 4756 6
1421 4701 1743 4762 Βασιλίσκος

1881 4702 2040 4756 :itum
2093 4701 2362 4756 Basilisci
2408 4701 2787 4772 prodidisset,
2833 4701 3156 4756 Basiliscus
3206 4718 3324 4757 una
3373 4716 3509 4757 cum

1513 4789 1589 4852 εἰς
1647 4792 1745 4859 τὴν

91 4792 196 4845 σὺν
240 4792 308 4862 τῇ
375 4789 590 4865 γυναικὶ
652 4788 741 4844 καὶ
812 4795 928 4852 τοῖς
982 4789 1192 4852 τεκνοις
1263 4790 1429 4845 αὐτοῦ

91 4878 281 4955 Ἁγίαν
337 4878 578 4953 Εἰρήνην
617 4879 717 4947 τὴν
774 4876 1051 4936 παλαιάν.
1108 4879 1168 4936 Ὀ
1227 4875 1285 4933 δὲ
1342 4880 1526 4948 Ζήνων
1585 4877 1749 4953 ὥρισε

89 4968 306 5044 γίνεσθε
361 4967 528 5021 τόπον
607 4967 891 5042 κριτηρίου
925 5009 939 5036 ,
995 4967 1086 5021 καὶ
1157 4966 1383 5040 θρόνους
1447 4971 1544 5022 τοῦ
1599 4966 1748 5041 ἱεροῦ

86 5055 400 5132 καταλόγου
431 5101 446 5124 ,
504 5056 596 5110 καὶ
645 5061 746 5124 τῆς
807 5054 1121 5130 συγκλήτου
1155 5097 1169 5123 ,
1236 5055 1327 5109 καὶ
1384 5057 1745 5119 καθεσθὲντων

86 5146 261 5200 ἐκεῖσε
344 5143 558 5198 πάντων
594 5185 610 5212 ,
687 5141 1001 5198 κατεδίκασε
1064 5143 1159 5199 τὸν
1237 5143 1583 5215 Βασιλίσκον,
1657 5159 1747 5213 καὶ

85 5233 338 5306 ἐξώρισεν
411 5231 571 5287 αὐτὸν
658 5232 734 5296 εἷς
806 5231 1016 5307 Λίμνας
1099 5233 1262 5309 γὼρά
1364 5230 1746 5296 Καππαδοκίας

85 5319 290 5377 ἰσωθεν
351 5318 678 5376 καστελλίου
714 5365 728 5379 .
777 5326 888 5391 Τῆς
939 5320 996 5376 δὶ
1043 5321 1207 5397 θύρας
1255 5321 1586 5397 σφραγείσης
1641 5321 1748 5376 ἀπὸ

91 5408 287 5482 λιμοῦ,
335 5410 422 5463 καὶ
458 5407 646 5483 δίψης,
687 5410 778 5465 καὶ
811 5410 1025 5486 ψύχους
1070 5407 1388 5483 παρέδωκαν
1419 5411 1515 5473 τὰς
1543 5410 1746 5465 ἑαυτῶν

90 5496 299 5573 ψυχάς.
353 5500 451 5553 Καὶ
528 5497 725 5553 τούτου
800 5498 961 5575 χάριν
1039 5497 1351 5570 ἐκλήθησαν
1404 5498 1602 5565 Τόποι,
1661 5495 1750 5552 διὰ

85 5587 220 5648 τοὺς
248 5587 599 5652 καθεσθέντας
622 5589 811 5661 κριτὰς
858 5588 1030 5644 ἰκεῖσε
1058 5589 1145 5644 καὶ
1179 5590 1365 5662 ἱερεῖς.
1397 5589 1662 5666 Ἕφθανον
1692 5584 1749 5642 δὲ

92 5675 293 5732 ἐκεῖθεν
324 5678 393 5730 τὰ
420 5677 692 5750 κτίσματα
719 5680 827 5731 τῶν
855 5676 1156 5751 Τρικλίνων
1188 5677 1336 5747 παρὰ
1361 5680 1458 5732 τοῦ
1488 5673 1746 5752 Μεγάλου

97 5766 510 5822 Κωνσταντίνου
539 5765 838 5823 κτισθᾶντα.

420 5897 683 5958 ΡΑτεοι..
737 5896 847 5958 Gn.
896 5893 1134 5957 CXXII.

1856 4806 2032 4844 uxore
2062 4794 2120 4845 et
2149 4788 2352 4844 liberis
2400 4789 2460 4842 in
2509 4787 2816 4842 ecclesiam
2866 4787 3169 4859 antiquam
3221 4788 3279 4844 S.
3315 4791 3512 4845 Irenes

1856 4879 1994 4949 fuga
2025 4893 2087 4932 se
2120 4877 2357 4948 recepit.
2389 4877 2540 4930 Zeno
2589 4879 2784 4930 autem
2825 4875 3010 4945 jussit
3039 4875 3166 4930 tieri
3197 4875 3326 4933 loca
3347 4875 3511 4948 judi-

1856 4965 2058 5034 ciaria,
2088 4969 2145 5020 et
2195 4966 2362 5020 sedes
2413 4963 2567 5019 clero
2615 4967 2671 5019 et
2718 4963 2983 5032 senatui;
3029 4979 3096 5018 ac
3153 4963 3254 5019 ubi
3306 4979 3512 5020 omnes

1855 5053 2286 5120 consedissent,
2319 5053 2733 5109 condemnavit
2774 5051 3146 5121 Basiliscum,
3180 5055 3237 5108 et
3266 5052 3326 5108 in
3358 5052 3510 5108 Lim-

1857 5161 1965 5200 nas
2015 5142 2210 5198 locum
2260 5141 2644 5214 Cappadociae
2697 5140 2977 5213 relegavit
3025 5145 3084 5196 et
3131 5139 3371 5197 castello
3420 5140 3511 5196 in-

1857 5231 2053 5301 clusit,
2085 5235 2260 5304 atque
2309 5230 2578 5286 obserato
2618 5230 2792 5298 ostio,
2824 5230 2909 5285 sic
2959 5229 3056 5285 ille
3105 5229 3281 5300 fame,
3314 5229 3414 5286 siti
3443 5246 3512 5286 ao

1857 5322 2072 5393 frigore
2102 5338 2222 5376 una
2251 5337 2386 5376 cum
2442 5336 2616 5375 uxore
2648 5335 2714 5374 ac
2754 5318 2955 5374 liberis
3004 5318 3330 5374 exstinctus
3361 5318 3511 5375 inte-

1857 5411 1974 5466 riit.
2007 5409 2090 5464 Ob
2123 5409 2281 5464 hunc
2329 5408 2512 5480 igitur
2541 5408 2816 5480 judicum
2846 5423 2912 5463 ac
2953 5407 3325 5463 sacerdotum
3372 5423 3510 5464 con-

1857 5514 2111 5564 sessum,
2165 5498 2327 5553 locus
2386 5495 2484 5553 ille
2528 5497 2826 5569 Toperum
2880 5512 3091 5552 nomen
3141 5500 3349 5552 nactus
3397 5499 3507 5553 est.

1855 5589 1934 5644 E0
1967 5602 2152 5659 usque
2175 5602 2306 5642 vero
2337 5585 2747 5658 pertingebant
2776 5583 3034 5641 triclinia
3064 5601 3098 5641 a
3126 5584 3510 5642 Constantino

1853 5680 2064 5749 Magno
2093 5678 2414 5731 exstructa.

3108 5890 3187 5950 39
