4056 6346
528 420 552 477 1
565 417 683 478 237

1069 550 1141 606 De
1167 551 1366 605 Sancto
1401 552 1634 607 Lazaro.

595 638 903 710 Templum
935 643 991 692 S.
1028 639 1218 694 Lazari
1250 639 1561 695 fundatum
1593 644 1680 695 est
1723 656 1756 694 a
1798 638 2011 695 Basilio
2044 639 2166 693 Ma-

520 728 760 797 cedone,
795 727 949 794 quod
982 726 1191 782 deinde
1231 728 1339 783 Leo
1389 729 1516 798 ejus
1566 727 1724 783 ﬁlius
1773 729 1831 783 in
1884 729 2164 798 majorem

518 818 767 872 formam
798 816 1051 882 reduxit,
1086 814 1477 887 plurimisque
1508 816 1983 888 possessionibus
2012 816 2167 871 dita—

514 904 616 973 vit,
647 920 713 960 ac
746 905 1169 960 monasterium
1217 905 1623 961 cunuchorum
1676 904 1827 961 fecit.
1860 906 1936 961 Eo
1987 906 2165 960 etiam

513 1009 582 1050 ex
613 994 799 1065 Cypro
831 992 1109 1065 reliquias
1141 994 1196 1049 S.
1237 993 1445 1063 Lazari,
1466 999 1521 1049 et
1551 1011 1619 1049 ex
1649 994 1919 1066 Bithynia
1950 998 2169 1050 sanctae

514 1081 710 1139 Maria
742 1082 1170 1154 unguentiferaz
1205 1083 1529 1138 transtulit.

1030 1351 1105 1406 De
1133 1351 1341 1407 Sancto
1372 1352 1667 1407 Demetrio.

590 1440 787 1495 Sancti
817 1440 1093 1494 Demetrii
1142 1440 1323 1493 aedem
1358 1455 1484 1510 quas
1537 1456 1716 1511 supra
1749 1455 1951 1494 muros
1983 1442 2174 1505 exstat,

517 1529 737 1584 Bardas
805 1531 992 1583 Caesar
1057 1528 1395 1595 edificavit,
1450 1529 1775 1583 avunculus
1844 1527 2167 1593 Michaelis,

517 1632 690 1686 quem
724 1616 1015 1672 interfecit
1044 1616 1298 1672 Basilius
1342 1619 1497 1689 apud
1542 1618 1601 1673 S.
1637 1618 2014 1685 Mamantem,
2040 1618 2167 1688 jam

517 1710 691 1762 antea
719 1705 846 1777 ipso
878 1705 1119 1772 Caesare,
1154 1707 1294 1762 dum
1336 1724 1452 1762 una
1481 1724 1614 1761 cum
1656 1706 1939 1762 Michaele
1969 1705 2166 1762 Orien-

513 1796 691 1853 talem
729 1796 1159 1868 expeditionem
1211 1797 1558 1868 susciperet,
1595 1796 1974 1852 membratim
2023 1812 2165 1852 con-

1484 419 1888 480 APPENDlX
1932 420 2035 481 AD
2080 418 2545 499 MlGHAELEM
2586 420 2983 483 PSELLUM.

2197 553 2253 621 Α
2710 553 2837 627 Περὶ
2871 556 2971 609 τοῦ
3005 549 3192 629 ’Δγίου
3231 553 3503 628 Λαζάρου.

3781 425 3929 487 1228

2346 641 2403 693 '0
2463 637 2522 694 δὶ
2586 642 2777 715 Ἀγιος
2836 640 3082 716 Λάζαρος
3157 640 3373 714 ἰκτίσθη
3448 643 3545 716 μὶν
3621 643 3771 720 παρὰ
3839 650 3932 699 τοῦ

2275 725 2606 798 Μακεδόνος,
2653 725 2873 803 ὕστερον
2927 727 2986 785 δὶ
3030 732 3176 804 παρὰ
3224 731 3454 794 Λέοντος
3483 736 3581 787 τοῦ
3616 734 3737 788 υἱοῦ
3769 734 3931 788 αὐτοῦ

2275 815 2610 889 ἐπλατύνθη,
2661 818 3149 894 ἀποχαρισαμὲνου
3179 818 3231 874 ἐν
3277 825 3359 893 τῷ
3383 821 3619 895 τοιούτῳ
3641 827 3758 893 ναῷ
3804 826 3933 892 κτήο

2278 926 2423 978 ματα
2452 904 2658 980 πολλὰ,
2689 909 2779 963 καὶ
2811 906 2888 971 εἷς
2935 907 3215 984 εὐνούχων
3252 910 3421 983 μονὴν
3448 911 3649 983 ταύτην
3702 913 3933 967 hom-

2276 994 2531 1066 ἑστησεν.
2574 998 2770 1074 Ἕφερε
2836 994 2894 1053 δὶ
2941 998 3048 1054 ἀπὸ
3097 998 3319 1074 Κύπρου
3370 1001 3461 1055 καὶ
3513 1000 3583 1055 τὰ
3638 1003 3771 1076 ἅγια
3825 1000 3935 1057 λεί-

2276 1086 2419 1157 ψανα
2465 1090 2561 1140 τοῦ
2630 1086 2788 1161 ἁγίου
2858 1088 3155 1162 Λαζάρου,
3210 1088 3301 1143 καί
3359 1089 3465 1144 ἀπὸ
3518 1089 3766 1153 Βιθυνίας
3837 1093 3936 1158 τῆς

2277 1172 2436 1247 ἁγίας
2494 1174 2701 1249 Μαρίας
2758 1182 2858 1246 τῆς
2922 1178 3241 1255 μυροφόρου
3273 1219 3288 1247 ,
3341 1178 3431 1235 καὶ
3484 1178 3705 1235 ἆπὶθετο
3763 1178 3939 1235 huic:

2278 1282 2465 1321 ταυτα.

2670 1354 2802 1429 Περὶ
2832 1358 2932 1410 τοῦ
2967 1354 3156 1430 Ἀγίου
3187 1357 3532 1431 Δημητρίου.

2350 1443 2456 1497 Τὸν
2491 1440 2547 1496 δὲ
2589 1443 2743 1516 ἅγιον
2803 1444 3119 1516 Δημήτριον
3165 1444 3256 1499 τὸν
3308 1442 3505 1508 ἄνωθεν
3558 1449 3657 1499 τοῦ
3714 1446 3939 1521 τείχους

2280 1524 2428 1601 ὅντα,
2487 1526 2661 1585 ἔκτισε
2699 1528 2908 1607 Βάρδας
2941 1533 3236 1608 ὁΚαῖσαρ,
3293 1534 3322 1587 6
3380 1535 3523 1596 θεῖος
3573 1532 3672 1588 τοῦ
3732 1536 3944 1609 ἀναιρε-

2279 1620 2459 1682 θέντος
2517 1617 2745 1694 Μιχαὴλ
2803 1622 2953 1696 παρὰ
3008 1621 3296 1677 Βασιλείου
3324 1622 3399 1684 εἷς
3452 1624 3546 1678 τὸν
3576 1624 3780 1698 ’Ἁγιύν
3821 1626 3942 1681 Μά-

2281 1729 2474 1781 μαντα,
2504 1710 2593 1763 καὶ
2625 1709 2793 1763 αὐτοῦ
2822 1714 2918 1764 τοῦ
2962 1710 3230 1786 Καίσαρος
3259 1713 3661 1776 γατακοπέντος
3713 1710 3940 1785 ἔξωθεν,

2276 1796 2365 1853 ὅτε
2398 1798 2531 1871 μετὰ
2550 1802 2646 1852 τοῦ
2677 1797 2909 1873 Μιχαὴλ
2946 1798 3269 1870 συνεξῆλθεν
3322 1802 3399 1863 εὶς
3444 1803 3541 1870 τὴν
3594 1801 3938 1876 ’Δνατολὴν,

511 1888 630 1943 ciso
663 1887 722 1943 in
767 1893 1085 1960 conspectu
1135 1888 1441 1945 Michaelis
1472 1905 1541 1944 ex
1572 1904 1771 1944 sorore
1819 1906 1928 1945 sua
1957 1889 2149 1960 geniti

511 1974 612 2001 Π-..
628 1976 715 2001 ει...
738 1974 951 2001 -..:.......
985 1978 1103 2001 -.μ-ι
1127 1975 1336 2001 ηκκριηιι.
1366 1974 1680 2001 ΓῐἹιεηλᾹΑ-...ι
1720 1978 1987 2001 Δηι-..ηηιι-ι
2038 1990 2149 2001 κη...

2278 1884 2516 1959 μεληδὸν
2551 1886 2782 1942 ἐνώπιον
2817 1887 3044 1963 Μιχαὴλ
3072 1893 3171 1944 τοῦ
3204 1891 3422 1963 ἀνεψιοῦ
3452 1889 3639 1947 αὐτοῦ.
3672 1890 3935 1968 Αδελφὸς

2272 1976 2368 2001 _-.‘._
2405 1975 2693 2001 1...’_-..--.,.-_.
2725 1977 2743 2001 3
2783 1973 2990 2001 h_’._§___
3022 1984 3119 2001 -9,
3160 1977 3216 2001 Δ)
3268 1998 3282 2001 ᾼ
3307 1978 3385 2001 ’7,
3450 2000 3457 2001 κ
3491 1985 3545 2001 Λ.
3568 2000 3573 2001 ,
3598 1977 3623 2001 δ
3648 1978 3661 1999 Ι
3688 1999 3701 2001 μ
3878 1988 3907 1999 ο

509 1974 715 2029 Frater
736 1974 953 2047 quippe
982 1978 1107 2030 erat
1126 1975 1339 2030 Bardas
1366 1974 1681 2030 Theodore
1710 1978 2009 2045 Augustae,
2036 1990 2149 2045 qua

2271 1976 2372 2051 γὰρ
2404 1975 2693 2051 ἐνόγχανεν
2721 1977 2749 2031 6
2783 1973 2991 2050 Βάρδας
3018 1984 3120 2047 τῆς
3145 1977 3461 2052 Αὐγούστης
3488 1977 3803 2054 Θεοδώρας,
3834 1988 3939 2050 τῆς

507 2068 697 2120 mater
726 2068 850 2119 erat
880 2063 1205 2119 Michaelis.

905 2171 996 2225 De
1022 2170 1220 2241 templo
1253 2169 1392 2225 Stiri
1420 2174 1754 2241 nuncupata.

579 2260 893 2333 Templum
916 2258 1416 2329 Archangelorum
1441 2258 1580 2315 Stiri
1602 2258 1844 2324 dictum,
1860 2276 1892 2313 a
1919 2258 2163 2315 muliere

512 2351 769 2423 quadam
810 2349 1021 2419 sterili,
1051 2364 1178 2421 quaa
1228 2354 1353 2406 erat
1401 2350 1667 2422 patricia,
1700 2366 2025 2422 cognomen
2058 2351 2158 2405 ob-

510 2440 706 2507 tinuit,
757 2443 814 2494 et
867 2440 979 2494 fuit
1032 2443 1295 2511 tempore
1354 2440 1563 2496 Leonis
1623 2438 1851 2496 Macelm
1914 2456 2159 2511 parvum

512 2528 854 2585 oratorium.
886 2529 1074 2601 Igitur
1101 2547 1135 2586 a
1165 2530 1413 2587 muliere
1435 2546 1647 2586 nomen
1681 2530 1908 2596 habuit,
1932 2548 1965 2585 a
1988 2531 2159 2601 cujus

511 2618 673 2674 obitu
707 2636 740 2673 a
768 2619 1203 2691 septuagesimo
1236 2620 1436 2690 quinto
1486 2636 1641 2675 anno
1695 2636 1946 2691 magnus
1975 2619 2158 2675 Justi-

509 2708 725 2763 nianus
758 2724 982 2781 magnae
1015 2708 1270 2765 ecclesias
1300 2710 1568 2764 conditor
1596 2709 1676 2764 ibi
1705 2708 1993 2781 templum
2024 2709 2159 2764 sedi-

509 2796 725 2853 ficavit.
761 2798 828 2852 At
856 2796 1094 2869 templis
1125 2801 1291 2852 terra
1325 2804 1487 2853 motu
1519 2797 1817 2869 collapsis,
1849 2797 1994 2853 illud
2029 2801 2160 2869 post

509 2903 697 2942 annos
729 2890 1018 2942 trecentos
1049 2891 1108 2941 et
1140 2886 1382 2959 triginta
1425 2892 1554 2942 octo
1585 2886 1885 2942 renovavit
1912 2886 2159 2942 Basilius

508 2976 768 3045 Macedo,
823 2976 921 3048 qui
971 2976 1216 3048 insuper
1263 2975 1520 3031 ablatam
1572 2994 1605 3031 a
1652 2976 1939 3048 Strategio
1991 2976 2158 3047 phia-

508 3064 627 3121 lam
657 3082 883 3121 anaeam
933 3065 1073 3121 illuc
1100 3065 1423 3121 transtulit.
1458 3066 1528 3121 Et
1566 3071 1707 3121 tunc
1754 3081 2022 3121 eversum
2071 3070 2161 3121 est

509 3154 747 3226 signum
779 3154 924 3211 illud
969 3155 1196 3226 magice
1245 3160 1673 3223 consecratum,
1724 3154 2070 3223 maximum,
2103 3157 2160 3209 et

510 3259 628 3315 pra:
694 3243 917 3299 caeteris
983 3244 1411 3313 necessarium,
1470 3242 1743 3299 videlicet
1808 3242 2160 3314 Conopionis

2273 2066 2487 2141 μητρὸς
2517 2064 2681 2119 αὐτοῦ
2717 2064 2974 2141 Μιγαήλ.

2735 2170 2863 2244 Περὶ
2892 2176 2989 2227 τοῦ
3033 2172 3260 2247 Στείρου
3309 2178 3469 2231 ναοῦ.

2341 2263 2460 2315 Ὅτι
2487 2262 2517 2316 6
2549 2266 2773 2336 Στεῖρος
2801 2262 2927 2324 ναὸς
2974 2266 3082 2318 τῶν
3131 2261 3526 2338 ’Δρχαγγὲλων
3580 2263 3691 2320 ἀπὸ
3721 2264 3940 2339 στείρας

2270 2349 2528 2424 γυναικὸς
2575 2343 2737 2404 ἔλαϐε
2784 2350 2882 2419 τὴν
2935 2350 3333 2425 προσηγορίαν,
3382 2350 3673 2426 πατρικίας
3738 2352 3931 2423 οὔσης·

2269 2437 2359 2492 καὶ
2392 2437 2443 2492 ἐν
2474 2442 2594 2499 τοῖς
2627 2438 2852 2512 χρόνοις
2901 2438 3133 2500 Λέοντος
3180 2443 3276 2493 τοῦ
3329 2438 3587 2497 Μακέλου
3640 2440 3935 2518 εὖκτήριον

2272 2526 2465 2601 μικρὸν
2516 2527 2601 2597 ἦν.
2638 2524 2776 2581 Ἀπὸ
2817 2523 2875 2580 δὶ
2918 2533 3021 2596 τῆς
3050 2528 3309 2603 γυναικὸς
3340 2527 3636 2601 ὠνομάσθη
3665 2530 3697 2584 6
3728 2530 3926 2597 τόπος,

2267 2615 2356 2670 καὶ
2405 2613 2832 2685 τελευτησάσης,
2890 2612 3118 2685 διῆλθον
3170 2615 3364 2691 χρόνοι
3414 2619 3504 2686 ot’,
3558 2616 3651 2673 καὶ
3698 2618 3925 2689 ἐκτίσθη

2267 2705 2295 2758 ὁ
2345 2705 2472 2766 ναὸς
2525 2703 2672 2779 παρὰ
2709 2706 3094 2761 Ἰουστιτιανοῦ
3149 2709 3248 2760 τοῦ
3303 2705 3604 2782 Μεγάλου,
3652 2711 3759 2762 τοῦ
3806 2710 3926 2763 κτί-

2267 2813 2458 2869 στορος
2505 2799 2606 2862 τῆς
2658 2790 2923 2867 Μεγάλης
2982 2791 3295 2865 ἐκκλησίας.
3354 2795 3810 2867 Συμπωθέντων
3874 2794 3927 2851 δὲ

2263 2885 2374 2937 τῶν
2402 2885 2545 2936 ναῶν
2583 2882 2686 2937 ὑπὸ
2732 2886 2829 2935 τοῦ
2879 2887 3105 2955 σεισμοῦ
3154 2884 3289 2956 μετὰ
3336 2883 3570 2957 χρόνους
3620 2882 3772 2956 τλη’,
3836 2885 3929 2939 ἅν-

2267 2971 2525 3025 εκαίνισεν
2577 2969 2738 3025 αὐτὸν
2787 2969 3070 3033 Βασίλειος
3120 2973 3149 3026 6
3194 2969 3478 3042 Μακεδὼν,
3528 2968 3675 3035 ὅστις
3736 2976 3827 3029 καὶ
3875 2974 3934 3030 ἐκ

2264 3062 2365 3114 τοῦ
2416 3058 2757 3133 Στρατηγίου
2801 3057 2933 3135 ἄρας
2976 3061 3075 3129 τὴν
3129 3059 3332 3139 φιάλην
3379 3062 3481 3131 τὴν
3536 3060 3785 3138 χαλκῆν,
3842 3062 3930 3118 τὲ-

2267 3159 2439 3212 θεικεν
2498 3146 2663 3217 αὐτὴν
2723 3148 2938 3217 ἐκεῖσε,
2994 3148 3083 3204 καὶ
3152 3154 3451 3217 τηνικαῦτα
3506 3148 3799 3225 παρελύθη
3864 3154 3925 3207 τὸ

2270 3234 2524 3309 μέγιστόν
2577 3256 2636 3291 τε
2679 3234 2768 3289 καὶ
2831 3236 3252 3311 ἀναγκαιότατον
3314 3241 3419 3291 τῶν
3478 3236 3529 3291 ἐν
3578 3241 3648 3311 τῇ
3708 3238 3879 3294 πόλει
3914 3282 3927 3309 ,

511 3348 652 3388 cum
684 3331 925 3402 muscis,
961 3332 1269 3401 culicibus,
1300 3332 1616 3404 pulicibus,
1662 3332 1994 3400 cimicibus,
2026 3349 2149 3403 quae

2266 3320 2526 3395 δηλονότι
2556 3328 2651 3379 τοῦ
2678 3345 2737 3380 τε
2765 3325 3154 3396 Κωνωπίονος,
3184 3325 3274 3381 καὶ
3302 3330 3410 3381 τῶν
3448 3331 3642 3399 μυιῶν,
3666 3330 3763 3382 καὶ
3822 3333 3929 3383 τῶν

514 3421 587 3477 ab
620 3420 793 3478 anuis
824 3422 1096 3478 ducentis
1146 3422 1523 3494 septuaginta
1569 3421 1628 3476 in
1681 3421 1824 3478 urbe
1854 3438 1969 3477 non
2002 3437 2160 3477 com-

515 3514 858 3582 paruerunt.

1125 3601 1199 3657 De
1228 3602 1461 3671 Mangan
1470 3602 1536 3655 is.

577 3690 867 3762 Mangana
915 3688 1338 3744 Constantinus
1397 3689 1646 3760 Magnus
1695 3688 2002 3744 aediﬁcavit
2050 3705 2153 3760 pro

503 3777 756 3832 ofﬁcinis
788 3777 1204 3848 imperatoriis.
1242 3776 1407 3831 Dicta
1438 3782 1631 3831 autem
1674 3780 1813 3831 sunt
1843 3780 2151 3847 Mangana,

500 3866 655 3938 quod
685 3865 806 3922 illic
837 3866 1096 3938 reposita
1126 3870 1326 3921 essent
1362 3867 1563 3921 omnia
1602 3865 1998 3921 instrumenta
2030 3864 2149 3920 bel-

492 3954 628 4023 lica,
658 3958 716 4011 et
745 3954 1000 4011 materias
1032 3954 1403 4025 mechanicas,
1436 3959 1494 4010 et
1524 3959 1843 4026 apparatus
1877 3970 2148 4009 necessa-

492 4044 617 4100 rius
646 4044 719 4100 ad
753 4045 1151 4116 oppugnanda
1181 4044 1418 4100 moenia.

1129 4152 1205 4205 De
1241 4150 1505 4222 Cynegio.

564 4242 629 4295 In
660 4239 856 4295 locum
905 4243 1309 4309 nuncupatum
1339 4238 1660 4310 Cynegium
1711 4237 1851 4293 olim
1892 4238 2144 4294 violenta

493 4332 682 4383 morte
713 4327 995 4399 perempti
1040 4326 1523 4398 projiciebantur,
1557 4343 1741 4399 eoque
1774 4327 1831 4382 in
1864 4327 1989 4382 loco
2021 4331 2139 4383 sta-

493 4420 608 4472 tua:
640 4417 908 4488 quaedam
932 4415 1291 4471 visebantur.
1315 4415 1438 4470 Huc
1469 4415 1812 4472 Theodorus
1843 4417 2142 4487 Anagnos-

480 4506 583 4560 "tes
614 4521 749 4560 cum
794 4503 1051 4559 Himerio
1082 4503 1447 4560 Chartulario
1497 4506 1811 4574 profectus,
1845 4505 1989 4559 vidit
2018 4509 2137 4560 sta-

493 4598 654 4650 tuam
688 4593 938 4663 brevem,
972 4594 1074 4648 sed
1105 4593 1270 4648 valde
1316 4593 1509 4648 latam.
1561 4593 1650 4648 Me
1691 4596 1910 4663 autem,
1944 4594 2139 4665 inquit

2268 3411 2533 3486 ἑμπίδων,
2563 3411 2652 3469 καὶ
2683 3411 2936 3487 ψόλλων,
2964 3415 3054 3470 καὶ
3093 3414 3364 3488 κωρίὸων,
3396 3415 3656 3493 πρότερον
3686 3417 3931 3491 χρόνους

2268 3504 2344 3557 σο¹
2379 3504 2454 3577 μὴ
2486 3498 2658 3558 ὄντων
2691 3500 2743 3558 ἐν
2774 3507 2844 3577 τῇ
2875 3501 3060 3559 πόλει.

2833 3591 2965 3667 Περὶ
3006 3594 3344 3669 ¹Μαγγιιινῶν.

2336 3681 2417 3737 Τὰ
2473 3678 2530 3735 δὶ
2586 3682 2845 3755 Μάγγανα
2910 3682 2938 3735 ὁ
3007 3682 3187 3757 Μὲγας
3265 3687 3665 3745 Κωνσταντῖνος
3744 3682 3925 3739 ἔκτισε

2261 3769 2410 3845 λόγῳ
2438 3774 2545 3824 τῶν
2603 3768 2903 3845 βασιλικῶν
2965 3768 3314 3847 ἐργοδοσίων.
3375 3770 3616 3842 Ἐκλήθη
3668 3770 3732 3827 δὲ
3768 3776 3923 3848 Μάγσ

2255 3880 2392 3933 γανα
2416 3856 2505 3913 διὰ
2553 3861 2615 3914 τὸ
2646 3859 2711 3914 τὰ
2744 3860 3000 3936 μάγγανα
3030 3859 3210 3931 πάσης
3237 3868 3339 3931 τῆς
3384 3861 3624 3930 πόλεως,
3670 3860 3771 3917 καῖ
3824 3866 3923 3927 τὰς

2257 3948 2567 4023 μηχανικὰς
2600 3947 2735 4013 ὕλας
2788 3948 2961 4004 ἐκεῖσε
3009 3949 3352 4023 ἀποκεῖσθαι,
3409 3949 3501 4005 καὶ
3546 3951 3612 4006 τὰ
3649 3953 3796 4025 πρὸς
3828 3955 3923 4021 τὴν

2251 4036 2618 4113 τειχομαχίαν
2651 4037 2843 4109 σκεύη.

2751 4146 2886 4220 Περὶ
2925 4148 3033 4200 τῶν
3083 4147 3400 4220 Κυνηγίων.

2321 4234 2411 4290 Ἐτ
2452 4231 2509 4287 δὲ
2562 4234 2643 4306 τῷ
2695 4235 2852 4307 τόπῳ
2908 4238 2987 4307 τῷ
3034 4234 3367 4308 καλουμὺῳ
3422 4236 3697 4309 Κυνήγιον
3767 4235 3914 4313 ἰρρί-

2244 4342 2447 4377 πτοντο
2478 4328 2695 4397 πρῶτον
2738 4325 2790 4377 οἱ
2841 4323 3179 4399 βιοθάνατοι.
3228 4329 3397 4380 Ἦσαν
3440 4322 3499 4379 δὲ
3526 4344 3666 4385 τινες
3731 4324 3913 4381 huic:

2244 4411 2465 4476 στῆλαι.
2536 4410 2823 4476 Ἀπελθὼν
2880 4409 2940 4466 Si:
2992 4409 3275 4487 Θεόδωρος
3324 4413 3703 4487 ’Δναγνώστης
3793 4417 3913 4486 μετ’

2253 4500 2475 4576 Ιμερίου
2527 4499 2968 4577 Χαρτουλαρίου,
3028 4498 3161 4556 εἶδεν
3222 4501 3391 4558 ἐκεῖσε
3443 4500 3653 4573 στήλην
3698 4505 3905 4579 μικρὰν

2242 4594 2321 4661 τῷ
2380 4591 2563 4662 μήκει,
2624 4589 2713 4644 καὶ
2775 4588 3038 4645 πλατεῖαν
3097 4589 3254 4646 πάνυ.
3308 4592 3479 4663 Ἐμοῦ
3529 4588 3610 4661 δὲ,
3657 4593 3832 4666 φησὶν
3882 4594 3909 4645 6

489 4682 855 4751 Theodorus,
871 4683 1221 4753 admirante,
1237 4682 1615 4754 interrogavit
1632 4682 1921 4737 Himerius
1944 4687 2003 4737 et
2022 4682 2143 4754 ipse

2266 4676 2552 4755 3:68wpoc,
2611 4680 3014 4752 θαυμάζοντος,
3074 4679 3175 4758 ἔφη
3237 4681 3267 4734 6
3318 4680 3555 4755 Ἱμέριος
3601 4679 3692 4734 καὶ
3745 4681 3908 4741 αὐτὸς

490 4773 903 4843 mirabundus,
957 4772 1227 4843 quisnam
1278 4771 1595 4844 Cynegium
1653 4770 1954 4827 condidit?
2004 4776 2131 4827 tum

488 4877 590 4933 ego
624 4878 637 4916 :
670 4860 1024 4917 Maximinus
1072 4860 1377 4929 exstruxit,
1412 4859 1691 4915 Aristides
1725 4876 1860 4915 vero
1906 4861 2132 4916 dimen—

486 4967 590 5007 sus
620 4954 709 5007 est
741 4966 755 5006 :
788 4954 847 5006 et
877 4950 1147 5022 protinus
1179 4954 1375 5006 statua
1405 4948 1505 5003 illa
1536 4950 1777 5020 delapsa
1806 4948 2131 5005 Himerium

484 5038 796 5113 oppressit.
832 5039 977 5094 Mihi
1008 5055 1140 5094 vero
1172 5055 1305 5094 cum
1351 5038 1421 5093 ad
1464 5038 1754 5109 templum
1787 5040 2131 5109 perterritus

481 5128 789 5201 fugissem,
809 5131 867 5183 et
888 5129 1043 5199 quod
1067 5127 1374 5195 acciderat,
1396 5127 1753 5194 nuntiarem,
1773 5143 1943 5183 nemo
1967 5127 2128 5200 prius

483 5217 760 5285 credidit,
821 5234 998 5289 quam
1066 5233 1186 5272 rem
1244 5216 1631 5287 jurejurando
1697 5216 2124 5273 confirmarem.

480 5303 722 5376 Aliquot
749 5303 931 5377 igitur
960 5321 1027 5360 ex
1058 5304 1339 5377 perempti
1365 5302 1626 5375 cognatis
1654 5306 1710 5358 et
1738 5303 2127 5360 familiaribus

481 5392 856 5464 imperatoris
905 5408 1136 5449 mecum
1183 5392 1254 5447 ad
1288 5390 1609 5464 Cynegium
1646 5398 2040 5465 perrexerunt,
2072 5398 2128 5449 et

481 5486 797 5553 antequam
858 5482 928 5537 ad
987 5480 1094 5538 viri
1155 5481 1402 5536 cadaver
1457 5480 1868 5549 accessissent,
1923 5485 2126 5537 statuae

478 5586 680 5626 casum
727 5570 999 5627 admirati
1054 5574 1212 5626 sunt.
1248 5570 1532 5627 Caeterum
1580 5571 1837 5626 Joannes
1884 5571 2125 5642 quidam

477 5658 870 5730 philosophus
915 5659 1081 5726 dixit,
1116 5676 1178 5716 se
1218 5658 1699 5731 deprehendisse,
1730 5660 1853 5715 fore
1885 5664 1950 5716 ut
1980 5677 2129 5732 prte-

475 5745 670 5802 clarus
720 5747 961 5817 quidam
1008 5747 1096 5801 vir
1136 5746 1249 5803 isto
1299 5748 1467 5819 signo
1516 5747 1968 5819 opprimeretur.
2008 5748 2130 5812 Quo

2239 4770 2557 4840 θαυμάζων,
2638 4770 2829 4832 ’Όστις
2910 4770 2940 4823 6
3013 4768 3201 4831 κτίσας
3258 4770 3323 4824 τὸ
3382 4767 3648 4845 Κυνήγιόν
3706 4770 3909 4825 ἑστινξ

2239 4858 2411 4930 Ἐμοῦ
2458 4853 2515 4911 δὲ
2565 4855 2847 4929 εἰπόντος,
2904 4858 3210 4931 Μαξιμῖνος
3252 4859 3281 4913 6
3328 4859 3541 4925 κτίσας,
3596 4860 3687 4911 καί
3752 4860 3909 4933 Ἀρι-

2239 4943 2455 5015 στείδης
2507 4946 2535 4999 ὁ
2584 4947 3017 5021 καταμετρήσας,
3079 4945 3319 5022 παρωθὺ
3376 4951 3554 5001 πεσεῖν
3610 4946 3709 5014 τὴν
3773 4950 3903 5018 στή-

2240 5032 2382 5105 λην,
2440 5034 2532 5089 καὶ
2602 5039 2825 5109 κροῦσαι
2882 5034 2975 5091 τὸν
3048 5036 3330 5111 Ἱμὲριον,
3386 5035 3477 5091 καὶ
3540 5034 3675 5108 μετὰ
3730 5040 3901 5090 ταῦτα

2237 5128 2571 5188 θανατῶσαι.
2624 5124 2727 5180 Καὶ
2782 5118 3121 5199 φοϐηθέντος
3173 5144 3300 5198 μου,
3351 5125 3442 5180 καὶ
3489 5124 3629 5199 πρὸς
3674 5124 3781 5191 τὴν
3823 5124 3902 5179 bt-

2236 5212 2467 5284 κλησίαν
2518 5214 2787 5291 φυγόντος
2810 5214 2900 5268 καὶ
2931 5210 3410 5291 καταγγέλλοντος
3436 5214 3505 5267 τὰ
3552 5215 3894 5287 πραχθὲντα,

2235 5302 2415 5365 οὐδείς
2477 5324 2570 5375 μοι
2625 5300 2932 5358 ἐπίστευσεν
2968 5347 2983 5375 ,
3057 5302 3163 5365 ἓως
3220 5301 3282 5358 ἃν
3342 5300 3527 5379 ὅρκοις
3582 5300 3715 5357 αὐτὸ
3780 5298 3895 5357 66:-

2235 5386 2459 5449 ϐαίωσα.
2519 5392 2581 5446 Οἱ
2641 5389 2734 5447 οὖν
2793 5392 2988 5448 οἰκεῖοι
3042 5396 3142 5447 τοῦ
3180 5391 3623 5463 τελευτήσαντος,
3686 5392 3783 5447 καὶ
3842 5391 3891 5445 οἱ

2234 5480 2387 5555 φίλοι
2443 5483 2540 5535 τοῦ
2613 5480 2881 5556 βασιλέως
2938 5481 3032 5536 σὺν
3089 5480 3215 5555 ἐμοὶ
3273 5480 3639 5557 επορεύθησαν
3699 5480 3761 5535 δν
3814 5484 3892 5549 «εὖ

2235 5570 2491 5646 Κυνηγίῳ
2517 5570 2608 5625 καὶ
2666 5572 2770 5646 πρὸ
2826 5574 2923 5626 τοῦ
2981 5575 3062 5644 τῷ
3082 5572 3341 5645 πτώματι
3396 5574 3493 5625 τοῦ
3544 5566 3744 5643 ἀνδρὸς
3802 5567 3888 5644 ιτ.

2235 5659 2408 5735 γίσαι,
2460 5661 2524 5714 τὸ
2581 5664 2781 5734 πτῶμα
2825 5667 2927 5731 τῆς
2984 5660 3197 5732 στήλης
3245 5658 3571 5733 ἐθαύμαζον.
3630 5658 3891 5729 Ἰωᾶννττς

2241 5746 2299 5804 δι
2324 5770 2407 5812 τις
2464 5747 2764 5827 φιλόσοφός
2794 5770 2979 5828 φησιν,
3035 5751 3118 5807 ὅτι
3176 5750 3326 5825 εὗρεν
3382 5747 3488 5806 ὑπὸ
3532 5745 3733 5804 τούτου
3790 5748 3886 5802 τοό
