4056 6346
155 445 186 502 1
196 446 314 504 220

1287 445 1650 506 ANONYMI
1695 445 2279 530 ANTlOUlTA'l‘ES
2324 446 2441 509 cr.

3409 449 3568 512 1230

156 570 358 640 ζωδίου
391 570 602 643 ἔνδοξον
659 571 826 650 ἄνδρα
854 572 1278 646 τεθνηξόμενον,
1313 574 1401 651 ὑφ’
1431 573 1493 629 06
1543 571 1811 628 Φιλιππι-

1947 580 2225 646 :omperto
2265 575 2631 648 Philippicus
2676 581 3016 651 imperator,
3048 579 3193 636 illud
3241 579 3478 652 signum
3508 579 3569 635 in

154 661 252 723 κὸς
311 662 340 714 6
406 659 658 736 βασιλεὺς
727 661 1204 741 πληροφορηθεὶς,
1265 660 1513 716 ἐκέλευσε
1566 659 1628 715 16
1687 660 1816 715 αὐτὸ

158 746 358 818 ζώδιον
400 749 451 804 ἐν
483 749 634 823 αὐτῷ
658 756 745 823 τῷ
771 752 926 823 τόπῳ
955 752 1399 826 καταχωσθῆναι.

546 840 675 916 Περὶ
706 846 813 896 τῶν
845 838 1166 917 γιγαντείων
1210 838 1432 894 ὀστέων.

229 930 354 986 ’Ὁτι
414 926 467 982 ἐν
512 934 590 1001 τῷ
637 934 750 1001 ναῷ
799 933 896 984 τοῦ
930 927 1119 1004 Ἀγίου
1156 932 1338 998 Μηνᾶ,
1365 926 1418 981 ἐν
1449 930 1517 1000 τῇ
1548 925 1818 1002 Ἀκροπό-

155 1014 267 1084 λει,
321 1014 538 1093 ὄρυγμα
587 1017 804 1094 εὑρέθη,
856 1013 945 1072 ὅτε
992 1015 1359 1093 ἐκαθαρίζετο,
1407 1016 1498 1070 καὶ
1551 1014 1682 1069 ὀστᾶ
1724 1015 1821 1068 άν-

155 1105 394 1180 θρώπων
473 1107 738 1182 γιγάντων
813 1105 890 1168 εἷς
951 1103 1196 1177 πλῆθος,
1251 1103 1405 1160 ἅτινα
1489 1104 1815 1176 θεασάμενος

154 1194 512 1259 Ἀναστάσιος
568 1195 596 1249 6
661 1191 939 1270 βασιλεὺς,
987 1194 1064 1257 εἷς
1123 1194 1187 1249 τὸ
1246 1193 1517 1250 Παλάτιον
1567 1190 1817 1248 κατέθετο

157 1280 244 1344 οἷς
273 1285 457 1357 θαῦμα
489 1281 744 1354 ἐξαίσιον.

690 1371 822 1449 Περὶ
853 1370 950 1427 106
981 1371 1295 1428 Πιττακίου.

233 1461 354 1517 ’Ότι
425 1461 454 1514 6
513 1459 815 1537 λεγόμενος
901 1459 1216 1530 Πιττάκιος,
1275 1458 1454 1529 στήλη
1543 1455 1596 1513 ἐν
1675 1457 1821 1529 αὐτῷ

149 1547 348 1604 ἵστατο
406 1554 502 1604 τοῦ
561 1549 807 1627 μεγάλου
847 1551 1078 1613 Λέοντος
1134 1552 1232 1605 106
1275 1546 1548 1615 Μακὲλου,
1579 1549 1646 1617 ἣν
1695 1547 1822 1617 ἀνή-

156 1657 336 1713 γειρεν
375 1637 645 1715 Εὐφημία
693 1640 728 1709 ἠ
777 1637 979 1694 τούτου
1026 1637 1224 1714 γνησία
1271 1634 1503 1714 ἀδελφὴ,
1536 1634 1619 1691 ὅτι
1673 1637 1820 1697 οἶκος

157 1725 229 1794 ἦν
289 1725 464 1782 ἐκεῖσε
521 1727 715 1797 αὐτῆς,
767 1728 858 1782 καὶ
937 1727 1134 1802 ἑκάστῃ
1195 1721 1460 1798 ὲϐδομάδι
1518 1724 1594 1786 εἷς
1651 1722 1820 1792 αὐτὴν

161 1814 452 1891 ἆπήρχετο
485 1816 514 1871 6
557 1815 816 1892 βασιλεὺς
864 1817 1039 1888 Λέων,
1072 1814 1163 1872 διὰ
1206 1816 1268 1870 τὸ
1319 1816 1450 1870 εἶναι
1500 1813 1664 1884 αὐτὴν
1715 1812 1821 1867 σώ-

151 1923 341 1981 φρονα
396 1905 485 1960 καὶ
542 1906 830 1980 παρθένον.
864 1905 962 1960 Καὶ
1019 1906 1070 1960 οἱ
1129 1901 1482 1978 ἀδικούμενοι
1512 1901 1611 1972 ἤτε
1663 1900 1824 1957 πολι-

155 1993 310 2048 τικοὶ
359 1994 487 2061 εἶεν,
517 1990 616 2065 ἤτε
664 1993 972 2068 θεματικοῖ’,
1004 1994 1039 2064 ἢ
1096 1993 1185 2049 καὶ
1234 1993 1339 2048 ἀπὸ
1387 1991 1566 2063 πάσης
1608 1997 1710 2061 τῆς
1741 1989 1823 2044 οἷ’-

169 2083 464 2154 κουμὲνης,
499 2081 671 2138 ἐκεῖσε
725 2082 802 2145 εἲς
860 2083 956 2148 τὰς
1011 2079 1277 2159 βαθμίδας
1333 2085 1430 2137 τοῦ
1479 2079 1658 2142 κίονος
1715 2077 1821 2133 ἐτί-

173 2173 300 2227 θουν
348 2171 416 2226 τὰ
469 2170 727 2226 πιττάκια
775 2171 974 2244 αὐτῶν,
1007 2169 1394 2251 φυλασσόντων
1441 2169 1578 2224 αὐτὰ
1623 2167 1823 2238 ταξεω-

168 2265 279 2316 τῶν
309 2280 322 2295 ο
371 2261 460 2317 καὶ
510 2263 711 2316 ὁπόταν
745 2259 954 2338 ἤρχετο
985 2263 1013 2317 6
1049 2259 1328 2338 βασιλεὺς,
1360 2257 1602 2314 ἐδίδοντο
1649 2257 1822 2329 αὐτῷ,

168 2351 260 2405 καὶ
306 2351 435 2426 παρ’
489 2349 642 2412 εὐθὺς
690 2346 992 2425 ἐλάμϐανεν
1045 2348 1220 2406 ἐκεῖσε
1257 2347 1480 2411 ἕκαστος
1525 2348 1624 2416 τὴν
1667 2345 1822 2426 λύσιν

167 2439 358 2496 αὐτοῦ.
389 2417 514 2494 ἱὈτε
569 2437 626 2494 δὶ
662 2441 731 2508 ἦν
876 2438 1130 2515 βασιλεὺς
1171 2437 1225 2493 ἐν
1269 2442 1348 2510 τῷ
1397 2435 1650 2509 παλατίῳ
1705 2417 1824 2490 καθ’

167 2528 399 2598 ἑκάστην
453 2526 686 2602 πρωίαν,
736 2526 976 2601 ἔπεμπεν
1021 2529 1050 2582 6
1113 2525 1366 2602 βασιλεὺς
1424 2520 1822 2598 ὲϐδομαδάριόν

163 2637 311 2686 τινα,
366 2617 453 2671 καὶ
504 2611 843 2690 ἐλαμϐάνετο
890 2617 997 2672 ἀπὸ
1042 2621 1150 2672 τῶν
1197 2615 1479 2685 ταξεωτὼν
1518 2613 1586 2669 τὰ
1634 2611 1825 2688 ῥιπτό-

167 2726 306 2779 μενα
359 2701 585 2776 δεητικᾶ
640 2704 916 2772 πιττάκια,
948 2704 1038 2760 καὶ
1096 2703 1266 2760 ἐποίει
1325 2704 1354 2757 6
1415 2700 1674 2779 βασιλεὺς
1729 2702 1823 2761 τὰς

165 2793 351 2855 λύσεις
378 2793 594 2856 καὶτὰς
646 2793 943 2869 ἀποφάσεις
991 2797 1100 2847 τῶν
1147 2791 1470 2859 πιττακίων,
1504 2790 1595 2845 καὶ
1646 2787 1825 2845 ἐδίδου

165 2883 286 2936 καθ’
345 2882 571 2952 ἑκάστην
624 2887 742 2945 τοῖς
799 2877 1225 2954 ἑϐδομαδαρίοις
1300 2879 1391 2934 καὶ
1477 2879 1824 2938 κοιτωνίταις

166 2971 357 3040 αὐτοῦ,
387 2970 476 3026 καὶ
507 2970 789 3046 ἀπήγαγον
819 2971 955 3046 πρὸς
985 2972 1087 3041 τὴν
1136 2968 1310 3038 αὐλὴν
1360 2970 1460 3024 106
1512 2967 1822 3037 Ηιττακίου,

168 3061 263 3115 καὶ
318 3057 526 3115 ἐδίδουν
589 3060 738 3115 οὗτοι
806 3065 924 3122 τοῖς
992 3057 1350 3137 φυλάσσουσι,
1402 3057 1644 3112 κάκεῖνοι
1707 3060 1823 3117 τοῖς

172 3146 479 3222 δεομένοις.
511 3148 604 3203 Διὸ
633 3148 724 3204 καὶ
755 3149 807 3203 οἱ
868 3147 1166 3220 μέλλοντες
1218 3145 1540 3209 διοικεῖσθαι
1589 3145 1823 3219 ταχέως,

171 3239 405 3314 ἑσπέρας
451 3236 657 3301 ἐτίθουν
700 3237 798 3299 τὰς
847 3234 1078 3307 δεήσεις,
1109 3236 1202 3291 καὶ
1245 3239 1314 3309 τῇ
1365 3233 1619 3310 ἐπαύριον
1655 3232 1826 3305 ἐλάμ-

1853 1953 1901 2018 Β

1927 663 2130 719 eodem
2164 663 2290 720 loco
2323 673 2475 720 terra
2502 666 2672 723 obrui
2696 668 2902 737 jussit.

2425 843 2502 897 De
2527 845 2820 914 gigantum
2848 846 3077 902 ossibus.

2001 928 2145 984 Cum
2205 929 2452 986 ecclesia
2512 933 2569 988 S.
2623 933 2800 990 Mente
2860 934 2918 988 in
2973 935 3242 1006 Acropoli
3299 950 3579 1007 purgare-

1929 1020 2046 1083 tur,
2089 1022 2319 1090 reperta
2371 1024 2461 1076 est
2511 1019 2592 1075 ibi
2643 1021 2802 1077 fossa
2849 1022 3156 1094 gigantum
3203 1023 3437 1078 ossibus
3488 1039 3578 1078 re-

1930 1104 2106 1176 pleta,
2167 1123 2297 1177 qua:
2357 1107 2454 1164 ubi
2509 1107 2830 1180 imperator
2885 1109 3233 1167 Anastasius
3287 1111 3457 1180 vidit,
3517 1110 3579 1168 in

1929 1192 2216 1266 palatium
2252 1201 2314 1252 ut
2344 1196 2572 1270 insigne
2621 1197 3020 1270 spectaculum
3061 1199 3364 1256 transferri
3413 1216 3579 1256 cura-

1927 1281 2029 1338 vit.

2566 1377 2641 1432 De
2679 1377 2937 1434 Pittacio.

2003 1465 2066 1517 In
2116 1462 2243 1518 loco
2297 1469 2635 1536 nuncupato
2673 1465 2938 1534 Pittacio,
2971 1466 3168 1539 magni
3201 1466 3410 1524 Leonis
3456 1469 3577 1523 Ma-

1932 1549 2062 1605 celli
2112 1551 2410 1607 visebatur
2458 1557 2674 1624 statua,
2709 1570 2887 1626 quam
2945 1560 3207 1611 erexerat
3253 1554 3580 1628 Euphemia

1931 1655 2215 1712 germana
2260 1640 2390 1711 ejus
2439 1658 2634 1709 soror,
2687 1643 2843 1714 quod
2893 1641 2974 1698 ibi
3026 1644 3266 1699 domum
3315 1643 3578 1717 haberet,

1932 1727 2302 1800 singulisque
2333 1729 2720 1787 hebdomadis
2765 1731 2836 1786 ad
2869 1748 2998 1787 eam
3047 1732 3366 1804 imperator
3393 1734 3580 1789 venti-

1931 1821 2100 1888 taret,
2122 1817 2262 1888 quia
2287 1822 2626 1892 temperans
2647 1820 2966 1876 admodum
2989 1825 3132 1892 erat,
3156 1826 3215 1877 et
3237 1827 3580 1894 perpetuam

1932 1904 2326 1977 virginitatem
2378 1909 2667 1964 servabat.
2702 1910 3001 1980 Quotquot
3048 1907 3226 1981 igitur
3264 1909 3482 1980 injuria
3507 1910 3580 1967 ab

1932 1993 2064 2050 aliis
2113 1994 2305 2051 affecti
2348 2001 2538 2063 erant,
2569 1997 2658 2052 vel
2709 1997 2884 2063 cives,
2916 1998 3006 2053 vel
3053 1998 3459 2069 provinciales,
3491 1997 3581 2055 vel

1932 2098 2001 2138 ex
2030 2099 2384 2156 quacunque
2434 2083 2549 2140 alia
2595 2084 2756 2142 orbis
2804 2089 2988 2157 parte,
3021 2084 3248 2143 libellos
3277 2103 3417 2142 suos
3447 2103 3581 2159 gra-

1933 2171 2107 2228 dibus
2166 2174 2294 2244 ejus
2352 2173 2638 2229 columnaa
2698 2175 3080 2247 reponebant,
3139 2176 3580 2233 asservantibus

1933 2260 2078 2317 illos
2127 2261 2581 2333 apparitoribus,
2613 2279 2648 2318 a
2686 2262 2906 2335 quibus
2963 2267 3164 2336 postea
3219 2262 3581 2336 imperatori,

1934 2349 2088 2406 istuc
2135 2349 2412 2417 venienti,
2443 2350 2858 2422 offerebantur,
2910 2356 2968 2408 et
3017 2351 3339 2424 accipiebat
3385 2352 3467 2408 ibi
3514 2369 3585 2409 ex

1934 2441 2195 2510 tempore
2240 2437 2491 2509 quilibet
2530 2439 2636 2510 jus
2684 2457 2884 2495 suum.
2921 2441 3166 2506 Quando
3197 2457 3330 2497 vero
3379 2440 3438 2496 in
3485 2457 3586 2513 pa-

1932 2525 2074 2582 latio
2137 2527 2616 2582 commorabatur
2679 2527 3019 2599 imperator,
3079 2529 3340 2600 quotidie
3395 2529 3587 2602 primo

1935 2630 2108 2670 mane
2134 2615 2405 2671 mittebat
2433 2631 2504 2671 ex
2534 2615 3012 2673 hebdomadariis
3044 2617 3303 2688 aliquem
3335 2619 3406 2673 ad
3441 2616 3591 2674 reci-

1936 2703 2181 2776 piendos
2213 2720 2246 2758 a
2276 2704 2572 2774 praedictis
2605 2702 2896 2759 ministris
2927 2703 3158 2761 oblatos
3188 2705 3417 2762 libellos
3447 2723 3587 2778 sup-

1937 2792 2140 2864 plices,
2167 2792 2238 2848 ad
2270 2809 2418 2864 quos
2448 2792 2574 2864 ipse
2616 2793 2890 2848 continuo
2937 2791 3347 2866 respondebat,
3380 2799 3439 2849 et
3469 2811 3592 2852 res-

1938 2881 2253 2952 ponsiones
2318 2897 2422 2952 per
2486 2881 2976 2937 hebdomadarios
3033 2898 3134 2938 seu
3195 2881 3588 2938 cubicularios

1938 2969 2272 3025 remittebat
2300 2970 2372 3025 ad
2415 2969 2610 3025 aulam
2646 2970 2872 3026 Pittacii
2907 2969 3281 3043 appellatam,
3318 2970 3586 3027 custodi-

1938 3059 2047 3114 bus
2079 3057 2496 3124 rcstituendas,
2516 3059 2618 3130 qui
2641 3058 3011 3132 supplicibus
3033 3057 3375 3115 reddebant.
3397 3061 3586 3125 Quare

1936 3146 2037 3218 qui
2069 3148 2181 3202 cito
2213 3147 2326 3202 sibi
2374 3147 2649 3203 satisﬁeri
2698 3147 3031 3219 cupiebant,
3064 3164 3305 3221 vespere
3335 3147 3455 3203 illic
3485 3148 3586 3204 de-

1939 3235 2234 3306 ponebant
2255 3235 2552 3308 supplices
2575 3235 2825 3303 libellos,
2849 3241 2907 3292 et
2928 3235 3205 3308 postridie
3231 3236 3586 3294 sententiam

170 3312 334 3382 ϐανον
391 3327 455 3381 τὸ
509 3326 698 3404 πέρας.
732 3327 829 3381 Καὶ
887 3324 1059 3388 οὕτως
1107 3324 1316 3395 ἐκλήθη
1350 3325 1378 3379 6
1407 3324 1576 3385 τόπος
1631 3320 1823 3378 Πιττά-

1947 3323 2324 3395 accipiebant.
2358 3323 2504 3380 Hinc
2535 3323 2700 3381 locus
2747 3324 2847 3380 ille
2897 3324 3175 3382 Pittacius
3206 3330 3588 3399 nuncupatus

167 3436 318 3478 κιος.

715 3503 846 3579 Περὶ
873 3504 940 3558 τά
967 3497 1280 3560 Εὐϐούλου.

243 3595 368 3651 ’Ότι
398 3591 466 3648 τὰ
509 3587 800 3650 Εὐϐούλου
846 3588 1050 3648 ἔκτισεν
1101 3586 1385 3652 Εὔϐουλος
1434 3587 1716 3664 πατρίκιος
1774 3584 1824 3640 ἐν

166 3687 292 3744 τοῖς
345 3681 570 3758 χρόνοις
601 3681 894 3740 Ἰουστίνου
928 3686 1024 3736 τοῦ
1069 3679 1295 3754 Θρᾳκόςο
1329 3680 1478 3741 οἶκος
1523 3678 1626 3753 γὰρ
1664 3675 1828 3731 αὐτοῦ

168 3772 263 3840 ἦν.

613 3858 746 3935 Περῖ
773 3863 870 3914 106
901 3860 1082 3916 Ὀσ.ου
1116 3857 1384 3931 Σαμψών.

246 3947 355 4005 Τὸν
387 3945 444 4003 δὲ
472 3949 659 4005 ’Ὀσιον
695 3948 936 4022 Σαμψὼν
969 3946 1173 4002 ἔκτισεν
1214 3947 1242 4001 6
1274 3946 1437 4007 αὐτὸς
1487 3943 1658 4011 ὅσιος,
1689 3963 1826 4019 προ-

170 4040 355 4113 τροπῇ
402 4041 499 4092 τοῦ
551 4037 792 4113 μεγάλου
824 4038 1237 4092 Ἰουστινιανοῦι
1271 4034 1442 4090 ἐκεῖσε
1477 4032 1579 4108 γὰρ
1627 4031 1753 4102 ἲάθη
1799 4032 1828 4086 6

176 4124 461 4202 βασιλεύς.

589 4213 720 4290 Περὶ
749 4218 847 4269 106
881 4211 1069 4288 Ἀγίου
1099 4211 1413 4290 Τρύφωνος.

238 4304 307 4360 ,Ὁ
357 4299 416 4357 ὃὶ
469 4299 772 4377 Ἰσίδωρος,
819 4303 848 4358 ὁ
896 4305 995 4356 106
1057 4296 1348 4359 Εὐϐούλου
1430 4296 1682 4376 ἀδελφὸς,
1736 4299 1828 4354 τὸν

169 4393 366 4447 ἐαυτοῦ
420 4391 567 4447 οἶκον
627 4393 862 4463 ποιήσας
918 4391 1065 4457 ναὸν,
1114 4384 1290 4445 ἔκτισε
1346 4391 1435 4444 καὶ
1481 4390 1572 4444 τὸν
1631 4390 1827 4464 ’Ἀγιον

168 4480 465 4558 Τρύφωνα,
499 4480 843 4554 ἐπικυρώσας
874 4478 966 4533 καὶ
996 4480 1252 4551 κτήματα
1282 4476 1484 4533 πολλά.

708 4585 840 4662 Περὶ
869 4587 938 4642 τὰ
970 4584 1296 4660 Προτασίου.

1939 3412 2069 3467 fuit.

2341 3504 2412 3558 De
2442 3502 2778 3558 xenodochio
2807 3502 2995 3557 Eubili
3023 3502 3187 3560 dicto.

2009 3589 2452 3646 Xenodochium
2485 3589 2694 3645 Eubuli
2733 3595 3146 3660 nuncupatum
3177 3589 3443 3648 condidit
3469 3592 3588 3647 Eu-

1940 3677 2118 3734 bulus
2153 3678 2456 3750 patricius,
2505 3685 2772 3751 tempore
2817 3680 3037 3736 Justini
3067 3679 3340 3750 Thracis;
3373 3680 3588 3737 domus

1939 3767 2154 3838 quippe
2185 3768 2312 3838 ejus
2345 3766 2562 3822 ibidem
2596 3771 2741 3823 erat.

2437 3861 2514 3912 De
2541 3856 2750 3912 Sancto
2775 3859 3095 3929 Sampsone.

2008 3944 2447 4001 Xenodochium
2502 3947 2841 4016 Sampsonis
2898 3945 3286 4018 appellatum,
3334 3943 3586 4018 ipsemet

1939 4033 1998 4089 S.
2030 4037 2315 4104 Sampson
2349 4032 2632 4104 condidit,
2675 4033 2932 4105 impulsu
2978 4031 3301 4090 Justiniani
3349 4031 3584 4106 magni;

1939 4122 2218 4193 quoniam
2250 4121 2329 4176 ibi
2362 4125 2608 4178 sanatus
2638 4121 2750 4176 fuit
2782 4122 2937 4178 idem
2967 4121 3309 4193 imperator.
3565 4118 3567 4120 ’

2444 4212 2518 4267 De
2547 4210 2744 4267 Sancto
2777 4210 3074 4283 Tryphon-6.

2011 4299 2272 4356 Isidorus
2303 4298 2513 4354 Eubuli
2552 4299 2732 4355 frater
2777 4299 2952 4356 domo
3001 4316 3111 4355 sua
3156 4299 3218 4354 in
3263 4298 3586 4356 Ecclesiam

1940 4405 2219 4446 conversa
2243 4389 2521 4444 Sanctum
2544 4387 2913 4460 Tryphonem
2938 4386 3244 4458 exstruxit,
3266 4387 3590 4460 multisque

1942 4477 2419 4550 possessionibus
2451 4475 2845 4549 locupletavit.

2567 4585 2644 4640 De
2683 4586 2959 4641 Protasio.

244 4678 305 4732 Ὀ
358 4675 454 4748 μὶν
499 4674 668 4738 τόπος
724 4674 822 4730 106
881 4668 1183 4748 Οὐρϐικίου
1237 4672 1443 4744 ἐκλήθη
1504 4671 1825 4748 Προτασίου.

2010 4674 2198 4730 Locus
2248 4673 2438 4730 dictus
2489 4672 2730 4738 Urbicii,
2781 4673 2920 4728 olim
2971 4671 3216 4727 Protasii
3255 4672 3589 4728 vocabatur.

170 4765 238 4821 Ἡ
293 4761 350 4818 δὲ
403 4764 664 4826 Θεοτόκος
699 4765 726 4817 6
756 4763 880 4824 ναὸς
939 4762 1103 4818 αὐτοῦ
1155 4761 1374 4832 ἐκτίσθη
1427 4762 1574 4835 παρὰ
1604 4759 1831 4817 Ἰουστί-

172 4874 271 4909 νου
307 4851 602 4927 βασιλέως,
633 4856 728 4907 106
759 4849 950 4927 ἀνδρὸς
979 4857 1080 4921 τῆς
1113 4846 1453 4921 Λωϐῆς,ἀπὸ
1481 4847 1835 4925 Κουροπαλά-

168 4965 307 5011 των,
366 4947 464 4998 106
493 4944 877 5001 Ἰουστινιανοῦ
933 4945 1030 4997 106
1086 4939 1344 5017 Μεγάλου
1390 4935 1541 5001 ὄντος
1589 4939 1832 5013 ἀνεψιοῦ,

177 5031 511 5097 διελθόντων
548 5033 760 5109 χρόνων
791 5034 889 5090 σν’.

717 5141 844 5214 Περὶ
877 5137 947 5194 τὰ
976 5131 1290 5212 Οὐρόικίου.

252 5229 377 5287 ’Ότι
427 5228 496 5284 τὰ
551 5223 850 5304 Οὐρὸικίου
895 5231 935 5297 ’ἡ
995 5227 1256 5288 Θεοτόκος
1325 5224 1472 5299 παρὰ
1545 5217 1836 5298 Οὐρϐικίου

174 5316 472 5391 πατρικίου
548 5315 725 5372 ἄλλου
803 5315 1046 5387 ἐκτίσθη,
1106 5314 1196 5369 καὶ
1275 5310 1654 5388 στρατηλάτου
1737 5317 1837 5380 τῆς

173 5405 487 5474 Ἀνατολῆς
563 5400 888 5481 Βαρϐάτου,
944 5400 1333 5481 ἱστορήσαντος
1382 5403 1448 5456 τὰ
1501 5399 1838 5477 στρατηγικᾶ

176 5495 232 5552 ἐν
278 5500 399 5558 τοῖς
449 5495 677 5570 χρόνοις
721 5493 1076 5552 ’Δναστασίου
1121 5497 1220 5548 106
1267 5491 1518 5566 Δικόρου,
1568 5489 1702 5562 μετά
1753 5490 1839 5562 ρπ¹

182 5585 426 5662 χρόνους
454 5588 551 5640 τοῦ
580 5591 865 5654 κτισθῆναι
905 5585 1004 5654 τὴν
1049 5578 1645 5638 Κωνσταντινούπολιν.
1677 5578 1738 5634 Ὀ
1783 5573 1841 5631 δὲ

180 5675 336 5738 οἶκος
392 5674 560 5730 αὐτοῦ
618 5671 692 5729 εἷς
751 5673 821 5728 τὰ
877 5671 1128 5746 Χαμένου
1172 5671 1261 5740 ἦν,
1293 5668 1383 5725 καὶ
1440 5663 1624 5742 ἕτερος
1673 5663 1839 5720 αὐτοῦ

183 5763 339 5828 οἶκος
367 5762 446 5826 είς
473 5763 538 5820 τὸ
570 5764 931 5842 Στρατήγιον·

1942 4764 2252 4835 Templum
2276 4769 2470 4819 autem
2494 4762 2776 4834 Deiparaa,
2803 4763 3008 4818 eodem
3039 4762 3097 4816 in
3121 4760 3267 4831 loco,
3289 4761 3591 4817 conditum

1941 4857 2030 4908 est
2066 4869 2098 4906 a
2125 4852 2361 4907 Justino
2383 4850 2727 4922 Curopalate
2758 4851 3127 4922 imperatore,
3150 4849 3360 4904 marito
3385 4850 3593 4917 Lobes,

1941 4939 2266 4996 Justiniani
2300 4941 2499 5011 magni
2524 4939 2746 4996 sororis
2766 4938 2907 5007 ﬁlio,
2941 4942 3074 5010 post
3095 4953 3281 4993 annos
3312 4937 3597 4992 ducentos

1944 5028 2401 5102 quinquaginta.

2171 5137 2252 5189 De
2283 5132 2485 5203 templo
2515 5133 2766 5205 Deiparae
2797 5132 3126 5205 cognomine
3158 5129 3383 5189 Urbicii.

2014 5221 2328 5293 Templum
2379 5223 2435 5278 S.
2489 5223 2746 5293 Deiparaa
2799 5220 3027 5277 Urbicii
3085 5217 3442 5292 appellatum
3495 5231 3598 5272 ex-

1945 5312 2161 5369 struxit
2205 5310 2358 5366 alius
2407 5311 2650 5382 quidam
2685 5310 2961 5366 Urbicius
3015 5307 3296 5380 patricius
3325 5309 3382 5360 et
3410 5304 3596 5378 magi-

1947 5407 2066 5458 ster
2116 5400 2373 5456 militum
2403 5399 2654 5456 Orientis
2685 5397 2939 5468 Barbati,
2974 5397 3079 5468 qui
3127 5397 3197 5451 de
3245 5411 3306 5450 re
3351 5392 3597 5449 militari

1947 5489 2212 5563 scripsit,
2277 5494 2536 5559 tempore
2599 5486 2892 5544 Anastasii
2963 5485 3178 5553 Dicori,
3237 5487 3471 5538 centum
3537 5485 3597 5538 et

1948 5580 2246 5651 octoginta
2275 5577 2447 5634 annis
2494 5581 2630 5649 post
2666 5575 2965 5634 conditam
3005 5569 3595 5644 Constantinopolim.

1947 5669 2169 5725 Domus
2199 5667 2329 5738 ejus
2361 5682 2480 5722 una
2517 5669 2644 5724 erat
2689 5665 2751 5722 in
2781 5663 3098 5735 Ghameno,
3133 5660 3314 5718 altera
3342 5659 3404 5717 in
3435 5659 3600 5716 Stra-

1948 5756 2124 5830 tegio.
