4056 6346
526 452 680 515 1231

1151 580 1225 634 De
1249 580 1547 649 Strategio.

588 667 900 728 Alexandri
949 667 1288 724 Macedonis
1338 672 1534 723 statua
1562 667 1619 721 in
1653 665 1944 738 Strategio
1992 681 2174 736 supra

519 776 795 834 magnam
863 757 1199 815 columnam
1270 761 1463 813 erecta
1522 756 1752 823 visitur,
1812 772 1941 826 quzc
2009 756 2173 827 prius

518 846 860 920 Chrysopoli
910 846 1140 916 stabat;
1173 845 1331 917 quod
1363 844 1443 900 ibi
1493 842 1770 899 exercitui
1820 859 1926 897 suo
1957 842 2174 912 duplex

518 936 882 1009 stipendium
913 951 1029 991 uno
1058 936 1266 990 eodem
1312 939 1575 1006 tempore
1605 930 1948 1005 erogavcrit.
1983 932 2173 995 Quare

518 1025 663 1081 urbs
708 1023 809 1081 illa
838 1041 873 1080 a
904 1022 1319 1080 Macedonibus
1378 1026 1718 1094 nuncupata
1768 1020 1879 1075 fuit
1925 1019 2172 1091 Chryso-

515 1113 692 1188 polis,
724 1130 757 1169 a
788 1111 1001 1185 populo
1032 1128 1165 1168 vero
1199 1110 1569 1183 strategium.
1604 1109 1787 1164 Annis
1820 1114 2014 1164 autem
2051 1124 2174 1163 sex-

514 1202 703 1259 centis
752 1201 1143 1274 quadraginta
1175 1204 1233 1255 et
1263 1205 1415 1268 octo,
1460 1203 1771 1271 postquam
1823 1197 1945 1252 haec
1977 1202 2172 1251 statua

514 1290 858 1364 Cbrysopoli
888 1299 1082 1347 erecta
1132 1289 1244 1344 fuit
1297 1306 1330 1343 a
1379 1288 1568 1360 plebe,
1601 1285 2169 1358 Constantinopolim

510 1396 641 1437 eam
698 1378 1086 1451 transportari
1144 1379 1368 1434 curavit
1408 1377 1832 1433 Constantinus
1889 1378 2169 1457 Magnus;

509 1469 833 1540 eodemque
863 1467 923 1523 in
954 1466 1078 1522 loco
1126 1470 1361 1539 propter
1395 1464 1700 1537 planitiem
1756 1463 1975 1518 milites
2007 1479 2171 1518 exer-

508 1557 625 1613 ceri
648 1556 936 1613 solebant.
963 1554 1240 1611 Monolith
1254 1570 1351 1609 um
1375 1554 1597 1609 ibidem
1623 1551 1997 1620 collocatum,
2022 1552 2170 1623 frag.

508 1650 779 1700 mentum
828 1648 955 1700 erat
1007 1642 1190 1710 illius,
1221 1644 1376 1714 quod
1410 1641 1469 1697 in
1504 1640 1907 1712 Hippodromo
1958 1643 2168 1708 exstat,

510 1732 777 1789 Delatum
830 1737 1027 1787 autem
1079 1735 1170 1787 est
1217 1730 1490 1801 Athenis,
1538 1729 1649 1784 sub
1697 1728 2024 1785 Theodosio
2065 1728 2169 1784 Ju-

508 1823 694 1891 niore,
724 1839 756 1878 a
788 1820 988 1878 l‘roclo
1011 1820 1276 1893 patricio.
1303 1820 1515 1875 Eodem
1540 1818 1598 1873 in
1622 1817 1913 1889 Strategio
1942 1817 2167 1889 positus

1472 446 1867 507 APPENDIX
1913 447 2015 506 AD
2065 444 2524 506 MICHAELEM
2571 447 2959 510 PSELLUM.

2203 576 2258 642 Α
2782 574 2911 649 Περὶ
2941 578 3036 629 τοῦ
3070 575 3433 650 Στρατηγίου.

3794 452 3937 511 1232

2353 666 2473 717 ’Ότι
2526 662 2589 718 τυ
2647 661 2985 737 καλούμενον
3049 665 3409 740 Στρατήγιον,
3463 669 3498 735 ἡ
3558 666 3737 739 στήλη
3808 667 3939 723 ἐστὶν

2283 748 2637 827 Ἀλεξάνδρου
2680 757 2779 806 τοῦ
2830 749 3169 821 Μακεδόνος,
3214 755 3249 822 ἡ
3295 754 3351 808 ἐν
3392 759 3469 826 τῷ
3518 753 3745 831 μεγάλῳ
3804 758 3937 812 κίονι

2280 839 2568 913 ἱσταμένη,
2626 840 2715 895 καὶ
2768 839 2959 896 ἵστατο
3013 846 3236 915 πρῶτον
3296 842 3372 904 εἰς
3427 840 3806 919 Χρυσόπολιν,
3866 846 3937 901 ὅτι

2278 928 2371 982 τὸν
2404 929 2630 1001 στρατὸν
2676 929 2841 984 αὐτοῦ
2872 928 3042 985 ἰκεῖσε
3091 929 3339 1006 ἐρόγευσε
3384 928 3588 1002 διπλῆν
3636 933 3813 1008 ῥόγαν
3860 937 3937 989 τὸν

2279 1012 2372 1070 ἕνα
2402 1017 2623 1092 χρόνον*
2659 1015 2747 1073 διὰ
2774 1023 2935 1073 τοῦτο
2967 1017 3174 1089 ἐκλήθη
3233 1021 3297 1075 τὸ
3345 1016 3519 1094 ὄνομα
3567 1028 3667 1089 τῆς
3722 1023 3939 1085 πόλεως

2280 1106 2427 1181 παρὰ
2455 1111 2559 1161 τῶν
2592 1105 2915 1162 Μακεδόνων
2956 1108 3325 1184 Χρυσόπολις.
3359 1110 3437 1166 Τὸ
3488 1107 3547 1164 δὶ
3598 1115 3937 1190 Στρατήγιον

2281 1191 2575 1266 ὠνομάσθη
2625 1196 2772 1272 παρᾶ
2816 1201 2913 1250 τοῦ
2956 1195 3115 1251 λαοῖν
3149 1196 3452 1273 Ἀνηγὲρθη
3486 1198 3519 1267 ὴ
3555 1198 3733 1270 στήλη
3798 1203 3939 1275 παρᾶ

2278 1286 2375 1337 τοῦ
2435 1280 2679 1353 πλήθους
2737 1288 2836 1338 τοῦ
2892 1284 3029 1340 λαοῦ
3090 1285 3189 1340 ἆνὰ
3237 1290 3348 1340 τῶν
3402 1285 3724 1361 χμη¹ἐτῶν.
3772 1291 3841 1347 Ὀ
3891 1288 3939 1345 δὶ

2281 1369 2459 1445 Μέγας
2518 1373 2921 1435 Κωνσταντῖνος
2980 1368 3162 1451 ἔφερεν
3224 1373 3390 1442 αὐτὴν
3452 1373 3528 1438 εἷς
3588 1376 3686 1445 τὴν
3746 1377 3936 1435 πόλιν.

2282 1460 2487 1515 Ἐκεῖσε
2517 1456 2574 1515 δὶ
2620 1458 3088 1535 ἁπεδοκιμάζοντο
3136 1464 3186 1517 οἱ
3234 1468 3582 1539 στρατιῶται,
3615 1467 3701 1519 ὅτι
3746 1464 3935 1522 πεδίον

2280 1549 2345 1617 ἦν
2380 1548 2624 1611 ὁτόπος.
2658 1550 2735 1606 Τὸ
2794 1548 2852 1605 δὶ
2910 1552 3242 1620 Μονόλιθον,
3299 1553 3361 1606 τὸ
3417 1553 3707 1626 ἱστάμενον
3764 1553 3939 1611 ἐκεῖσε

2279 1636 2584 1711 ἂπόκομμα
2640 1643 2736 1694 τοῦ
2793 1640 3086 1713 ἱσταμένου
3143 1640 3222 1702 εἷς
3275 1641 3338 1695 τὸ
3393 1639 3787 1716 Ἱπποδρόμιον
3849 1646 3935 1713 ἦν.

2278 1726 2411 1782 Ἠκε
2468 1723 2525 1780 δὲ
2583 1726 2689 1782 ἀπὸ
2721 1728 2964 1797 Ἀθηνῶν
3018 1728 3166 1805 παρὰ
3229 1729 3481 1801 Πρόκλου
3532 1731 3830 1807 πατρικίου
3887 1734 3935 1789 ἐν

2276 1818 2393 1875 τοῖς
2450 1816 2676 1889 χρόνοις
2730 1819 2827 1869 τοῦ
2887 1821 3084 1891 μικροῦ
3141 1814 3698 1876 Θεοδοσίου.”1στατο
3753 1819 3812 1876 δὶ
3862 1821 3935 1885 είς

508 1915 634 1968 erat
680 1910 918 1984 Tripus,
953 1908 1404 1981 praeteritarum,
1440 1907 1818 1980 praesentium
1851 1911 1905 1962 et
1936 1908 2144 1962 futura

2274 1900 2365 1955 τὸν
2400 1902 2560 1957 αὐτὸν
2591 1902 2759 1958 τόπον
2790 1903 2853 1958 τὸ
2896 1907 3258 1981 Στρατήγιον,
3288 1906 3377 1962 καὶ
3424 1907 3454 1963 6
3495 1909 3736 1984 Τρίπους
3783 1907 3936 1986 ἔχων

507 2016 640 2056 rum
674 2015 869 2055 rerum
919 1997 1189 2054 notitiam
1223 1997 1533 2052 continens
1568 2012 1581 2051 :
1615 1996 1752 2051 item
1784 1994 1961 2051 Polus
2004 2000 2155 2050 Aus-

504 2088 694 2159 tralia,
751 2091 810 2144 et
859 2088 1092 2143 catinus
1147 2085 1499 2151 Tricaccabi,
1544 2085 1646 2157 qui
1697 2086 1855 2156 jacet
1910 2085 1969 2139 in
2026 2084 2154 2140 loco

503 2177 666 2250 szri
696 2177 883 2244 dicto;
931 2177 983 2231 is
1039 2175 1195 2231 enim
1248 2191 1351 2245 pro
1400 2173 1637 2229 oraculo
1685 2177 1857 2229 erat:
1891 2173 2153 2245 proxime

502 2271 723 2331 autem,
756 2264 921 2321 urbis
966 2264 1227 2319 Fortuna
1256 2262 1579 2334 visebatur;
1612 2279 1739 2334 quae
1783 2262 1982 2317 omnia
2012 2267 2149 2317 Bar-

501 2355 607 2411 das
635 2353 829 2410 Caesar
866 2350 1167 2407 Michaelis
1215 2350 1565 2419 avunculus,
1597 2350 1813 2422 partim
1854 2349 2037 2405 alium
2089 2350 2148 2406 in

499 2443 695 2498 locum
723 2440 1113 2513 transportari
1144 2440 1388 2511 curavit,
1422 2439 1636 2512 partim
1669 2439 1955 2510 confregit
1985 2455 2147 2494 com-

499 2530 848 2602 minuitque.

1022 2620 1098 2675 Da
1120 2633 1294 2690 parvo
1324 2617 1619 2687 Strategio.

570 2709 633 2764 In
673 2723 848 2780 parvo
887 2706 1175 2779 Strategio
1226 2711 1415 2763 exstat
1464 2704 1674 2761 Leonis
1724 2704 1973 2761 Macella)
2022 2710 2146 2762 sta-

498 2802 627 2855 tua.

1061 2885 1137 2940 De
1169 2883 1585 2955 Chalcopratiis.

570 2980 636 3032 In
680 2972 1102 3046 Chalcopratiis
1151 2990 1186 3028 a
1231 2972 1617 3028 Constantino
1656 2972 1866 3044 Magno
1916 2971 2141 3028 habita-

498 3066 638 3121 runt
665 3062 875 3130 Judaei,
912 3077 1099 3117 annos
1146 3064 1380 3117 centum
1432 3065 1490 3115 et
1538 3059 1778 3131 triginta
1806 3063 1974 3126 duos,
2007 3077 2139 3116 ven-

493 3152 827 3224 debantque
855 3150 935 3205 ibi
965 3154 1301 3205 teramenta.
1333 3147 1698 3203 Theodosius
1730 3164 1861 3204 vero
1911 3150 2139 3216 Junior,

2269 1990 2335 2045 τὰ
2381 1991 2781 2068 παρῳχηκότα,
2825 1995 2892 2048 τὰ
2942 1993 3209 2050 ἐνεστῶτα
3254 1996 3345 2050 καὶ
3392 1996 3459 2051 τὰ
3510 1997 3814 2072 μέλλοντα,
3844 2002 3933 2057 καί

2265 2078 2293 2133 6
2323 2078 2503 2142 νότιος
2533 2079 2708 2143 πόλος
2732 2081 2824 2136 καὶ
2854 2084 2889 2151 ὴ
2932 2080 3132 2153 λεκᾶνη
3172 2082 3269 2138 τοῦ
3313 2082 3722 2160 Τρικακκάϐου,
3754 2091 3790 2157 ἡ
3844 2110 3926 2145 τε·

2262 2168 2411 2223 θεῖσα
2438 2168 2514 2231 είς
2536 2171 2602 2223 τὰ
2629 2168 2853 2245 Τζύρου.
2889 2170 2980 2232 Εἷς
3012 2178 3259 2244 μαντεῖον
3287 2174 3356 2241 ἦν
3389 2175 3417 2229 6
3445 2174 3634 2238 τόπος.
3670 2174 3921 2247 Πλησίον

2262 2253 2319 2310 δὲ
2348 2255 2519 2312 ἰκεῖσε
2548 2258 2615 2327 ἧν
2656 2258 2745 2313 καὶ
2784 2261 2819 2329 ὴ
2869 2259 3029 2335 Τύχη
3073 2267 3173 2331 τῆς
3218 2261 3453 2324 πόλεως.
3487 2265 3548 2321 Ὀ
3600 2261 3657 2319 δὶ
3703 2265 3924 2342 Βάρδας

2260 2345 2288 2399 6
2321 2351 2549 2422 Καῖσαρ,
2582 2348 2610 2401 6
2660 2352 2804 2411 θεῖος
2854 2348 3107 2425 Μιχαὴλ,
3163 2350 3441 2424 μετέθηκε,
3476 2352 3566 2407 καὶ
3613 2354 3923 2430 παρέλυσεν

2258 2432 2411 2503 αὐτὰ,
2445 2435 2532 2489 καὶ
2566 2435 2867 2511 συνέτριψε.

2642 2614 2771 2690 ΙΙερὶ
2801 2619 2896 2671 τοῦ
2930 2620 3128 2693 μικροῦ
3160 2620 3521 2694 Στρατηγίου.

2324 2701 2385 2757 Ὁ
2415 2698 2473 2755 δὲ
2505 2703 2697 2778 μικρὸς
2729 2706 3072 2779 Στρατήγιος
3103 2704 3334 2782 ὑπάρχει
3382 2710 3560 2780 στήλη
3620 2715 3721 2766 τοῦ
3770 2720 3917 2768 Λεω-

2257 2787 2523 2862 μακίλου.

2692 2882 2820 2956 Περὶ
2852 2886 2959 2936 τῶν
2993 2881 3178 2938 Χαλκο
3189 2884 3448 2959 πρατείων
3460 2930 3473 2943 .

2320 2966 2440 3024 Ὃτι
2491 2968 2560 3023 τὰ
2601 2966 2914 3042 καλούμενα
2976 2968 3423 3047 Χαλκοπρατεῖα,
3485 2976 3757 3054 πρότερον
3805 2981 3913 3035 ἀπὸ

2249 3058 2350 3108 τοῦ
2427 3062 2830 3112 Κωνσταντινου
2895 3064 2991 3114 τοῦ
3056 3058 3313 3136 Μεγάλου
3375 3065 3624 3119 κατοικία
3682 3068 3753 3135 ἦν
3804 3074 3911 3122 τῶν

2251 3139 2553 3200 Ἰουδαίων.
2611 3147 2777 3202 Ἦσαν
2841 3144 2899 3201 δὶ
2955 3146 3127 3203 ἐκεῖσε
3185 3150 3421 3224 χρόνους
3479 3151 3602 3228 ρλβ’
3648 3156 3743 3208 καὶ
3796 3155 3909 3211 επί-

491 3238 579 3296 eis
618 3240 755 3295 inde
800 3237 1081 3309 expulsis,
1111 3235 1303 3292 locum
1351 3236 1704 3309 repurgavit,
1738 3254 1803 3292 ac
1852 3238 2136 3309 templum

2261 3250 2488 3306 πρασκον
2518 3231 2690 3288 ἐκεῖσε
2716 3234 2783 3288 τὰ
2828 3234 3196 3310 χαλκώματα.
3231 3239 3291 3294 Ὁ
3339 3236 3397 3294 δὶ
3448 3241 3655 3315 Μικρὸς
3706 3242 3911 3298 Θεοδὸ-

491 3328 550 3385 S.
579 3328 839 3400 Deiparce
888 3326 1187 3394 condidit;
1220 3326 1371 3396 quod
1405 3329 1569 3381 terra:
1620 3329 1779 3381 motu
1811 3325 2135 3397 collapsum

488 3415 863 3473 resedificavit
887 3414 1184 3483 Justinus,
1208 3414 1303 3484 qui
1338 3430 1406 3469 ex
1428 3413 1775 3484 Curopalata
1802 3414 2020 3484 potitus
2049 3421 2139 3472 cst

486 3503 755 3577 imperio,
794 3521 862 3561 ac
909 3503 1153 3575 insuper
1209 3502 1683 3574 possessionibus
1734 3500 2138 3560 immobilibus

486 3593 886 3668 locupletavit.

688 3775 765 3830 De
789 3787 944 3829 sacro
977 3769 1285 3827 Conditorio
1316 3768 1455 3839 quod
1483 3768 1683 3824 ibidem
1712 3771 1933 3826 visitur.

562 3864 808 3921 Sacrum
830 3858 1233 3918 Conditorium
1257 3857 1316 3912 in
1339 3855 1760 3928 Chalcopratiis
1779 3858 2051 3917 Justinus
2076 3866 2135 3917 et

489 3951 711 4024 Sophia
766 3947 1176 4014 condiderunt,
1228 3943 1514 4016 templum
1565 3944 2005 4005 remdiﬁcantes.
2047 3951 2131 4005 Ibi

486 4039 772 4097 lectorum
839 4036 1030 4094 officio
1097 4035 1493 4106 fungebantur
1548 4032 1794 4089 Michael
1856 4036 2132 4108 Rangabc

483 4127 834 4201 Curopalata
863 4130 1178 4196 antequam
1218 4120 1466 4193 imperio
1500 4121 1804 4193 potiretur,
1827 4128 1884 4178 et
1915 4125 2131 4182 Bardas

481 4218 693 4285 Caesar,
745 4211 1043 4273 Michaelis
1090 4209 1441 4277 avunculus,
1474 4214 1532 4265 et
1559 4209 1892 4283 complures
1941 4215 2126 4287 magi-

475 4306 586 4364 stri
635 4322 649 4362 :
700 4304 1026 4375 eodemque
1073 4301 1133 4355 in
1184 4298 1309 4354 loco
1359 4297 1623 4370 deposita
1670 4299 1831 4369 jacet
1876 4319 2019 4358 zona
2069 4307 2127 4359 et

472 4394 652 4450 vestis
709 4389 1095 4450 sanctissimas
1142 4387 1422 4460 Deiparae.
1476 4386 1784 4443 Maforium
1837 4394 2030 4446 autem
2064 4391 2121 4446 in

472 4478 856 4539 Blanchernis
885 4479 1241 4534 asservatur.

1014 4585 1089 4640 De
1116 4582 1317 4639 Sancto
1346 4582 1574 4641 Iacobo.

2252 3339 2367 3380 σιος
2426 3318 2646 3390 ἰξὶωσεν
2695 3322 2889 3385 αὐτοὺς
2946 3323 3170 3394 ἐκεῖθεν,
3221 3328 3312 3380 καὶ
3355 3328 3753 3403 ἀνακαθαρίσας
3816 3334 3908 3388 τὸν

2244 3405 2495 3463 τοιοῦτον
2548 3409 2739 3479 τόπον,
2772 3412 2899 3466 ναὸν
2954 3419 3055 3482 τῆς
3100 3416 3456 3488 Θεομήτορος
3487 3417 3766 3492 ἀνήγειρε,
3803 3422 3907 3477 ὑπὸ

2247 3502 2474 3569 σεισμοῦ
2503 3500 2895 3573 συμπτωθὲντα
2933 3501 3226 3565 Ἰουστῖνος
3286 3505 3314 3559 6
3370 3505 3474 3561 ἀπὸ
3531 3509 3906 3581 Κουροπαλά-

2243 3607 2349 3641 των
2405 3585 2563 3641 αὐτὸν
2626 3588 2897 3665 ἀνήγειρε,
2954 3591 3043 3645 καὶ
3096 3591 3329 3664 ἀκίνητα
3382 3596 3636 3667 κτήματα
3693 3597 3908 3654 ἀπεκύ-

2243 3693 2404 3749 ρωσε.

2595 3766 2726 3842 Περὶ
2755 3770 2855 3832 τῆς
2887 3767 2939 3823 ἐν
2970 3767 3106 3843 αὐτῇ
3140 3770 3295 3845 ἁγίας
3340 3776 3533 3848 Σοροῦ.

2311 3852 2423 3920 Τὴν
2460 3849 2517 3907 δὶ
2565 3853 2713 3930 ἁγίαν
2767 3854 2939 3929 Σορὸν
2982 3855 3060 3919 είς
3105 3857 3173 3912 τὰ
3218 3857 3637 3937 Χαλκοπρατεῖα
3664 3864 3903 3921 ’Ῑουστῖ-

2239 3959 2327 4001 νος
2372 3941 2461 3995 καὶ
2513 3941 2686 4020 Σοφία
2733 3940 2925 4015 ἔκτισε,
2957 3946 3045 4000 καὶ
3093 3947 3183 4001 τὸν
3234 3948 3360 4003 ναὸν
3421 3948 3901 4025 ἀνοικοδομήσαν-

2238 4048 2343 4091 τες.
2398 4032 2606 4088 Έκεῖσε
2661 4034 2726 4101 ἦν
2814 4035 3198 4109 ἀναγινώσκων
3256 4037 3488 4112 Μιχαὴλ
3539 4040 3566 4093 6
3625 4039 3899 4118 Ῥαγγαὸὶ

2236 4120 2325 4173 καὶ
2374 4119 2807 4195 Κουροπαλάτης
2857 4123 2963 4198 πρὸ
3010 4127 3106 4177 τοῦ
3149 4124 3484 4199 βασιλεῦσαι,
3526 4129 3612 4183 καὶ
3674 4130 3899 4205 Βάρδας

2238 4210 2266 4262 ὁ
2320 4209 2466 4271 θεῖος
2523 4209 2776 4285 Μιχαὴλ,
2809 4210 2900 4265 καὶ
2948 4210 3155 4267 πολλοὶ
3208 4212 3316 4267 τῶν
3378 4216 3718 4291 μαγίστρων·
3756 4216 3899 4275 ὅπου

2235 4296 2323 4351 καὶ
2384 4299 2730 4369 ἁπόκειταιὴ
2779 4300 2923 4371 ζώνη
2982 4302 3071 4355 καὶ
3131 4302 3166 4371 ἡ
3225 4300 3388 4372 ὶσθὴς
3435 4310 3534 4373 τῆς
3596 4305 3901 4385 ὑπεραγίας

2233 4385 2521 4446 Θεοτόκου.
2551 4391 2621 4443 Τὸ
2653 4385 2710 4443 δὶ
2741 4390 2892 4463 ἅγιον
2928 4389 3195 4468 μαφόριον
3229 4396 3399 4447 κεῖται
3430 4391 3479 4447 ἐν
3519 4393 3897 4472 Βλαχέρναις.

2655 4583 2784 4658 Περὶ
2813 4587 2911 4638 τοῦ
2941 4584 3127 4661 Ἀγίου
3159 4581 3442 4645 Ἰακώϐου.

539 4674 851 4748 Templum
878 4677 937 4732 8.
968 4671 1170 4729 Jacobi
1222 4671 1376 4726 idem
1429 4669 1745 4741 imperator
1791 4671 2121 4756 aediﬁcavit,

2303 4670 2585 4748 Ἀνήγειρε
2640 4668 2697 4727 δὲ
2732 4652 2843 4727 ’καὶ
2917 4652 3029 4727 τὸν.
3068 4676 3262 4748 ’Ἃγιον
3318 4670 3573 4733 Ἰάκωϐον
3632 4678 3659 4732 6
3722 4680 3893 4745 αὗτὸς

466 4780 534 4821 ac
573 4765 633 4821 in
681 4780 846 4821 sacro
912 4759 1238 4818 conditorio
1308 4762 1647 4814 sanctorum
1707 4760 2112 4817 Innocentium

460 4853 744 4927 reliquias
774 4851 1057 4925 reposuit,
1090 4848 1232 4904 item
1266 4845 1558 4903 Simeonis
1588 4847 1945 4917 Theodochi,
1980 4865 2111 4921 pro.

457 4942 651 5014 pheta
704 4940 1015 5009 Zacharias,
1068 4940 1126 4993 et
1171 4934 1375 4991 Jacobi
1426 4935 1623 4990 fratris
1670 4936 1911 4992 Christi.
1963 4938 2108 4994 Prae-

452 5034 615 5087 terea
645 5030 705 5087 in
735 5029 978 5087 sinistra
1022 5028 1186 5097 parte
1228 5023 1381 5079 sacri
1418 5022 1727 5079 conditorii
1774 5031 2108 5083 asservatur

452 5133 622 5176 coma
672 5123 732 5175 Β.
790 5115 1034 5175 Joannis
1098 5111 1517 5178 Praecursoris;
1586 5111 1647 5166 in
1703 5112 1907 5168 dextra
1969 5131 2102 5172 vero

446 5213 615 5280 parte
644 5211 983 5265 sanctarum
1026 5201 1343 5259 mulierum
1394 5200 1941 5272 unguentiferarum
1973 5219 2097 5260 cor-

443 5311 611 5369 pora.

1082 5399 1158 5454 De
1200 5397 1451 5453 basilica.

2229 4758 2506 4834 βασιλεὺς,
2560 4760 2647 4815 καὶ
2706 4762 2996 4832 κατέθηκεν
3057 4760 3109 4816 ἐν
3161 4766 3230 4837 τῇ
3312 4768 3470 4840 Σορῷ
3536 4771 3643 4822 τῶν
3708 4770 3887 4845 ἁγίων

2219 4847 2449 4919 Νηπίων
2517 4849 2581 4903 τὰ
2650 4848 2896 4924 λείψανα,
2950 4850 3040 4905 καὶ
3098 4855 3194 4906 τοῦ
3270 4852 3421 4929 ἁγίου
3484 4856 3713 4926 Συμεὼν
3789 4867 3887 4916 τοῦ

2219 4934 2519 5011 Θεοδόχου,
2578 4937 2667 4992 καὶ
2723 4942 2820 4994 τοῦ
2879 4937 3031 5013 ἁγίου
3091 4942 3377 5019 προφήτου
3431 4945 3727 5019 Ζαχαρίου,
3794 4950 3884 5004 καὶ

2211 5028 2309 5078 τοῦ
2367 5026 2522 5100 ἁγίου
2556 5023 2822 5083 Ἰακώϐου
2881 5032 2980 5082 τοῦ
3033 5025 3387 5105 ἆδελφοθᾶου·
3419 5030 3509 5085 καὶ
3543 5030 3595 5087 ἰν
3644 5038 3716 5107 τῇ
3754 5036 3884 5111 ἁγίᾳ

2213 5118 2396 5188 Σορῷ,
2455 5114 2507 5170 ἐν
2578 5115 2845 5190 εὐωνύμῳ
2937 5118 3038 5190 μὶν
3120 5122 3217 5172 τοῦ
3273 5118 3430 5193 ἁγίου
3464 5121 3718 5178 Ἰωάννου
3782 5132 3879 5181 τοῦ

2208 5199 2536 5290 Προδρόμου
2564 5205 2657 5267 τὰς
2683 5204 2900 5281 τρίχας,
2933 5204 2985 5261 ἰν
3021 5202 3167 5276 δεξιᾷ
3197 5203 3255 5261 δὲ
3295 5212 3403 5263 τῶν
3455 5208 3623 5284 ἁγίων
3687 5234 3876 5290 μυρο-

2206 5289 2387 5366 φόρων
2420 5298 2718 5367 γυναικῶν.

2721 5401 2847 5477 Περὶ
2878 5408 2978 5472 τῆς
3003 5399 3327 5473 Βασιλικῆς,

2268 5486 2362 5549 Εἲς
2418 5484 2475 5542 δὲ
2521 5490 2610 5545 τὸν
2654 5497 2757 5561 τῆς
2789 5488 3087 5560 Βασιλικῆς
3118 5491 3478 5571 χρυσόροφων
3524 5496 3699 5552 ὀπίσω
3763 5507 3867 5556 τοῦ

512 5491 578 5548 In
610 5508 677 5549 ea
706 5495 869 5565 parte
900 5489 1089 5562 ipsius
1120 5484 1377 5542 basilice
1406 5499 1555 5556 pone
1586 5484 1923 5556 Miliarium,
1960 5503 2085 5557 qua:

435 5594 615 5637 aureo
644 5579 907 5653 laqueari
930 5582 1134 5651 operta
1162 5582 1268 5644 est,
1283 5573 1477 5629 stabat
1498 5576 1697 5629 statua
1714 5573 1899 5630 virilis
1920 5573 2085 5630 inau-

2261 5574 2423 5647 ιλίου,
2455 5577 2523 5647 ἧν
2570 5577 2945 5656 ἂνδροείκελον
3004 5577 3231 5655 ἄγαλμα
3278 5579 3694 5663 χρυσέμϐαφον,
3730 5586 3862 5646 ἔνθα

432 5671 586 5739 rata,
609 5669 710 5725 ubi
739 5670 919 5725 etiam
948 5665 1248 5723 visebatur
1286 5662 1569 5719 Examum
1612 5661 1863 5718 Heraclii
1892 5662 2080 5737 impe-

2312 5667 2375 5721 τὸ
2406 5668 2642 5743 Ἕξαμον
2672 5670 2999 5747 Ἡρακλείου
3059 5676 3158 5727 τοῦ
3220 5671 3510 5748 βασιλέως,
3537 5661 3626 5731 καὶ
3681 5701 3857 5753 γονυ-

432 5755 669 5824 ntoris,
686 5771 752 5813 ιο
772 5754 1079 5827 genuﬂsxa
1095 5752 1127 5809 J
1136 5749 1418 5808 ustiniani
1448 5751 1685 5821 tyranni
1712 5753 1929 5809 statua.
1951 5749 2076 5812 Illic

2266 5756 2373 5818 ινὶς
2406 5757 2790 5817 Ἰουστινιανοὸ
2843 5765 2941 5817 τοῦ
2990 5763 3273 5839 τυράννου.
3305 5763 3452 5822 Ἐκεῖ
3505 5767 3534 5820 ὁ
3582 5749 3853 5841 Τερδελις
