4056 6346
167 351 332 414 1233

1312 357 1670 419 ANONYMI
1714 359 2301 432 ANTIQUITATES
2347 363 2466 422 GP.

3428 361 3586 422 1234

153 477 581 556 ἰδημηγὸρησεν
618 502 631 516 ·
675 481 728 538 ἂν
779 487 862 548 οἷς
921 485 1114 565 ἇλὲφας
1195 484 1386 542 ⁹ίστατο
1465 489 1811 563 παμμεγέθης

1932 495 1991 547 et
2018 491 2280 549 Terbelis
2326 493 2711 550 concionatus
2759 497 2867 550 est.
2901 493 3044 549 Item
3093 493 3298 549 eodem
3345 491 3407 548 in
3454 492 3582 550 loco

162 569 276 624 ὑπὸ
351 565 600 648 Σεϐήρου
655 575 1172 649 κατεσκευασμένος.
1224 578 1391 652 Ὄρος
1450 574 1508 632 δὲ
1558 576 1625 646 ἦν
1685 577 1820 653 πρὸς

155 663 264 712 τοῦ
327 660 526 735 μέρους
552 665 662 716 τῶν
693 657 1040 737 ἀναϐαθμῶν,
1073 660 1202 728 ἔνθα
1228 665 1295 734 ἦν
1331 665 1423 720 καὶ
1473 663 1655 742 σχολή
1717 688 1819 744 φυ-

159 744 476 803 λαττόντων
508 751 606 820 τὴν
637 750 822 807 πόλιν.
859 753 1056 824 Ἔμενε
1115 749 1172 808 δὶ
1220 753 1392 809 ἐκεῖσε
1448 754 1822 831 ἀργυροκόπος

158 835 430 901 ἰναντίοις
483 843 664 915 ζυγοῖς
719 841 818 910 τὴν
899 840 1093 914 πράσιν
1169 842 1524 916 ποιούμενος,
1576 845 1663 898 καὶ
1721 848 1819 898 τοῦ

159 925 474 999 οἷκήματος
523 928 692 983 αὐτοῦ
740 929 1141 1005 πορθουμένου,
1173 930 1392 1002 ἠπείλει
1430 937 1510 1005 τῷ
1556 933 1646 988 τὸν
1693 930 1818 988 ἰλί-

155 1035 335 1092 φαντα
367 1014 688 1093 φυλάττοντι
739 1017 989 1092 θάνατον,
1021 1018 1066 1074 εἰ
1113 1021 1190 1093 μὴ
1237 1025 1429 1076 τοῦτον
1477 1025 1816 1098 κρατήσειεν.

147 1105 220 1162 Ὀ
252 1101 309 1158 δὲ
359 1105 675 1179 θηροκόμος
725 1107 826 1162 οὐκ
877 1105 1137 1176 ἕνεδίδου,
1171 1109 1228 1164 ’ὸν
1281 1110 1542 1176 φονεύσας
1594 1111 1621 1165 6
1662 1117 1815 1188 ζυγο-

152 1190 413 1265 πλάστης
474 1191 677 1250 δέδωκε
727 1196 892 1271 βορὰν
936 1195 1017 1270 τῷ
1070 1196 1346 1273 ἐλέφαντι.
1392 1200 1461 1254 Τὸ
1512 1197 1570 1255 δὲ
1627 1200 1812 1275 θηρίον

157 1281 449 1345 ἀτίθασσον
485 1280 567 1354 ὃν,
602 1283 690 1338 καὶ
718 1285 877 1340 αὺτὸν
911 1284 1112 1340 ἀνεῖλε·
1145 1286 1235 1341 καὶ
1280 1288 1308 1342 ὁ
1354 1283 1597 1365 Σεϐἤρος
1652 1288 1813 1344 ἀκού-

1931 584 2161 636 erectus
2192 586 2316 637 erat
2347 599 2381 638 a
2409 583 2616 638 Severo
2649 582 2887 655 elephas
2932 581 3190 654 ingentis
3221 581 3584 654 magnitudi-

1931 668 2044 724 dis.
2079 669 2214 726 Erat
2242 674 2437 725 autem
2470 670 2635 726 collis
2681 675 2817 727 ante
2862 675 3086 742 partem
3135 670 3450 744 graduum,
3482 670 3585 727 ubi

1930 761 1987 812 et
2037 757 2242 814 schola
2290 759 2603 814 custodum
2662 759 2828 815 urbis
2887 758 3228 815 excubabat.
3274 759 3587 815 Habitabat

1930 846 2105 902 etiam
2141 847 2219 902 ibi
2252 849 2620 920 argentarius
2652 848 2752 920 qui
2791 848 3061 904 lancibus
3099 847 3320 920 iniquis
3349 848 3409 902 in
3441 864 3582 905 ven-

1928 934 2122 991 dendo
2155 935 2451 1003 utebatur,
2485 937 2655 1008 cujus
2683 936 2921 992 ofﬁcina
2966 953 3101 992 cum
3149 936 3222 992 ab
3270 936 3583 1008 elephanto

1930 1025 2389 1094 subverteretur,
2424 1029 2670 1080 mortem
2725 1024 2820 1080 ille
2855 1024 3270 1080 interminatus
3316 1028 3408 1080 est
3452 1025 3581 1095 ejus

1928 1112 2182 1178 custodi,
2217 1113 2328 1168 nisi
2364 1111 2620 1168 belluam
2655 1112 2972 1169 cohiberet.
3007 1113 3349 1186 Magistrum
3382 1117 3579 1169 autem

1925 1199 2244 1273 elephanti,
2266 1218 2398 1256 cum
2433 1201 2622 1257 minas
2647 1201 2834 1273 ipsius
2859 1200 3265 1268 tloccil‘aceret,
3289 1201 3581 1258 interfecit

1925 1288 2112 1346 falsus
2145 1289 2243 1346 ille
2273 1289 2582 1362 libripens,
2615 1293 2671 1346 et
2701 1289 3014 1362 elephanto
3043 1290 3439 1346 devorandum
3472 1291 3578 1346 ob-

153 1390 255 1430 σας
285 1375 366 1442 τῷ
397 1371 576 1447 θηρίῳ
607 1372 792 1436 θυσίας
825 1371 1072 1448 ἤνεγκεν.
1107 1375 1194 1432 Ἐν
1223 1375 1370 1449 αὐτῷ
1425 1375 1482 1432 δὶ
1533 1381 1615 1450 τῷ
1659 1378 1811 1450 τόπῳ

1932 1378 2080 1448 iecit.
2115 1378 2316 1434 Bellua
2339 1395 2470 1434 vero
2502 1380 2751 1435 necdum
2785 1379 3044 1434 cicurata
3074 1379 3270 1451 ipsum
3302 1395 3422 1435 una
3450 1395 3581 1435 sus-

150 1457 430 1532 παρευθῦς
494 1459 808 1532 άνετυπώθη
857 1463 920 1516 τό
970 1483 1029 1516 τε
1079 1462 1266 1538 θηρίον
1293 1465 1380 1519 καὶ
1415 1465 1442 1519 ὁ
1474 1464 1812 1538 θηροκόμοςο

150 1548 325 1610 Ἔνθα
379 1547 471 1602 καὶ
520 1548 802 1624 Ἡρακλῆς
855 1548 1176 1626 ἒλατρεύθη,
1210 1551 1427 1616 πολλὰς
1485 1555 1669 1617 θυσίας
1725 1552 1810 1609 δε-

150 1633 412 1708 ξάμενος,
453 1637 510 1699 ὃς
564 1636 618 1692 ἐν
671 1643 754 1711 τῷ
806 1636 1186 1716 Ἰπποδρομίῳ
1244 1641 1522 1714 μετετέθη.
1574 1644 1693 1699 Ἐπὶ
1756 1640 1814 1700 δὲ

147 1722 459 1780 Ἰουλιανοῦ
521 1726 786 1783 ὑπατικοῦ
844 1729 950 1783 ἀπὸ
978 1729 1201 1802 Ῥώμης
1227 1729 1391 1800 ἦλθεν
1446 1731 1533 1786 ἐπὶ
1588 1732 1651 1788 τὸ
1707 1735 1812 1790 Βυ-

155 1811 392 1883 ζάντιον·
430 1813 666 1892 εΐσήχθη
701 1814 758 1872 δὲ
790 1817 924 1891 μετᾶ
953 1817 1170 1890 στηλῶν
1215 1817 1362 1880 δέκα.

310 2081 441 2159 Περὶ
473 2083 540 2138 τὰ
573 2083 876 2160 Πατρικίας
905 2087 1005 2154 τῆς
1039 2086 1332 2163 ὑπεραγίας
1360 2085 1646 2146 Θεοτόκου.

220 2170 320 2234 Εἰς
357 2171 448 2226 τὸν
497 2173 624 2227 ναὸν
678 2180 780 2242 τῆς
824 2175 1092 2229 Θεοτόκου
1135 2175 1204 2230 τὰ
1245 2176 1559 2252 Πατρικίας,
1587 2172 1805 2233 ὄπισθεν

144 2267 250 2329 τῆς
288 2260 444 2337 ἁγίας
478 2260 700 2336 Σοφίας,
734 2263 786 2316 οἱ
820 2261 1065 2337 βασιλεῖς
1091 2261 1336 2340 ἤρχοντο
1368 2264 1455 2320 ἐπὶ
1495 2271 1614 2328 ταῖς
1643 2286 1807 2342 προε-

145 2347 361 2403 λεύσεσι
418 2349 552 2422 μετᾶ
598 2354 706 2405 τῶν
760 2348 1080 2422 δεσποινῶν,
1126 2353 1214 2408 ὅτε
1263 2348 1503 2427 ἔμελλον
1551 2354 1804 2421 ἀπελθεῖν

143 2437 227 2499 εἷς
257 2438 355 2506 τὴν
417 2437 566 2512 ἁγίαν
618 2440 845 2517 Σοφίαν·
875 2440 1024 2503 οἶκος
1082 2441 1184 2518 γὰρ
1242 2443 1308 2512 ἦν
1360 2443 1532 2499 ἐκεῖσε
1569 2444 1807 2508 κτισθεὶς

140 2525 295 2601 παρὰ
348 2531 446 2581 τοῦ
499 2525 758 2602 Μεγάλου
815 2532 1340 2588 Κωνσταντίνου.Αἱ
1396 2529 1454 2587 δὲ
1503 2532 1804 2608 πατρίκιαι,

140 2615 200 2669 αἱ
264 2615 495 2689 Ζωσταὶ,
552 2617 688 2690 [καὶ]
741 2617 792 2671 οἱ
841 2618 1118 2693 πατρίκιοι
1169 2618 1340 2674 ἐκεῖσε
1394 2623 1803 2696 προσήρχοντο,

138 2704 238 2758 καὶ
272 2701 561 2773 ἤλλασσον
592 2705 685 2760 τὸν
721 2704 947 2781 βασιλέα
975 2708 1063 2762 καὶ
1095 2709 1196 2777 τήν
1223 2705 1506 2764 δέσποιναν
1538 2710 1672 2782 μετᾶ
1715 2709 1804 2766 καὶ

146 2795 262 2846 τῶν
296 2792 694 2866 πραιποσίτων.

673 2883 803 2956 Περί
831 2886 930 2938 τοῦ
959 2883 1289 2957 Βοσπορίου.

213 2971 341 3025 ’Ὁτι
382 2969 446 3024 τὸ
502 2971 834 3045 Βοσπόριον,
884 2972 1065 3034 καθώς
1121 2995 1284 3046 φησιν
1334 2970 1591 3044 Ἰωάννης
1623 2975 1650 3029 6
1681 2976 1806 3032 Ἀν-

135 3057 394 3132 τιοχεὺς,
428 3056 517 3112 ὅτε
547 3057 721 3128 Βύζας
751 3056 926 3115 ἔκτισε
952 3061 1014 3114 τὸ
1046 3060 1361 3131 Βυζάντιον,
1399 3063 1528 3138 βοῦν
1560 3064 1804 3118 ἀπέστει-

138 3145 240 3202 λεν
275 3146 382 3200 ἀπὸ
407 3151 504 3201 τοῦ
546 3148 917 3226 Προσφορίου,
948 3149 1040 3204 καὶ
1088 3147 1332 3216 ἀπῆλθεν
1381 3150 1456 3213 εἷς
1515 3153 1802 3227 Χρυσόπο-

1924 1465 2081 1522 tulit.
2115 1468 2276 1532 Quod
2311 1467 2410 1522 ubi
2441 1466 2676 1523 rescivit
2720 1467 2966 1524 Severus
3012 1465 3322 1539 elephanto
3352 1466 3576 1523 sacriﬁ-

1923 1556 2098 1621 cavit,
2130 1560 2185 1611 et
2214 1555 2273 1611 in
2307 1556 2509 1612 eodem
2551 1557 2672 1612 loco
2716 1555 2904 1628 ipsius
2936 1554 3142 1612 bellum
3173 1557 3418 1627 ejusque
3449 1569 3574 1611 ma-

1921 1641 2092 1715 gistri
2160 1647 2388 1700 statuas
2445 1645 2645 1700 erexit.
2704 1643 2927 1700 Ibidem
2995 1660 3232 1716 quoque
3297 1641 3576 1700 Hercules

1923 1731 2130 1788 multis
2161 1733 2468 1789 sacriﬁciis
2509 1732 2830 1800 colebatur,
2865 1732 2966 1805 qui
2997 1736 3203 1806 postea
3245 1732 3306 1787 in
3355 1731 3575 1804 Hippo-

1840 1821 2194 1921 Bdromum
2256 1822 2576 1878 translatus
2633 1827 2759 1890 est;
2816 1821 3052 1878 Juliano
3105 1820 3263 1921 enim
3331 1819 3574 1876 consule

1919 1910 2106 1966 Roma
2126 1910 2469 1983 Byzantium
2492 1911 2770 1968 advectus
2793 1909 3037 1967 fuituna
3058 1926 3192 1967 cum
3212 1908 3343 1966 aliis
3368 1910 3569 1965 decem

1917 1999 2154 2055 statuis.

2057 2089 2132 2144 De
2162 2088 2364 2160 templo
2393 2087 2451 2145 S.
2489 2089 2751 2161 Deipara?
2795 2090 3058 2146 Patricia
3084 2094 3424 2159 nuncupata.

1989 2177 2052 2232 In
2103 2176 2410 2234 ecclesiam
2459 2179 2520 2235 S.
2562 2177 2821 2251 Deiparis
2877 2177 3226 2251 cognomine
3282 2173 3565 2242 Patricia,

1916 2281 2044 2336 qua
2077 2270 2168 2324 est
2197 2282 2346 2338 pone
2379 2267 2437 2322 S.
2470 2266 2700 2339 Sophim
2733 2265 3063 2332 ecclesiam,
3092 2265 3476 2338 imperatores
3505 2271 3565 2322 et

1916 2357 2179 2425 augustas
2208 2353 2375 2410 ibant
2419 2355 2866 2426 processionum
2915 2370 3095 2410 causa
3139 2369 3272 2408 cum
3303 2353 3376 2409 ad
3406 2353 3560 2409 San-

1915 2446 2066 2496 ctam
2097 2442 2374 2514 Sophiam
2405 2442 2544 2498 ituri
2567 2447 2791 2512 essent;
2816 2442 3032 2499 etenim
3064 2442 3275 2497 domus
3301 2441 3382 2497 ibi
3412 2444 3558 2512 erat,

1915 2547 2091 2602 quam
2124 2532 2546 2587 Constantinus
2576 2534 2822 2604 Magnus
2853 2534 3238 2588 exstruxerat.
3259 2533 3385 2585 Huc
3411 2544 3570 2585 acce-

1914 2618 2134 2675 debant
2181 2620 2459 2692 patriciae,
2490 2621 2672 2676 Zostaa
2702 2636 2769 2676 ac
2800 2619 3031 2691 patricii
3064 2636 3181 2674 una
3229 2635 3364 2675 cum
3414 2633 3566 2689 prie-

1915 2707 2146 2778 positis,
2179 2725 2245 2764 ac
2277 2707 2614 2781 imperatori
2647 2713 2704 2764 et
2743 2711 3005 2778 augusta
3038 2706 3352 2762 mutatoria
3382 2703 3570 2778 porri-

1914 2794 2150 2866 gebant.

2443 2886 2521 2941 De
2549 2886 2810 2956 Bosporio
2836 2887 3026 2956 portu.

1987 2973 2306 3045 Bosporius
2374 2979 2578 3046 portus
2643 2974 2727 3028 ita
2791 2975 3200 3045 nuncupatur,
3259 2975 3325 3027 ut
3377 2970 3579 3044 inquit

1915 3060 2172 3117 Joannes
2219 3063 2638 3132 Antiochenus,
2672 3063 2850 3134 quod,
2883 3061 3122 3134 quando
3153 3060 3335 3132 Byzas
3375 3059 3577 3116 condi-

1921 3151 2006 3206 dit
2052 3150 2418 3223 Byzantium,
2452 3151 2657 3208 bovem
2717 3149 2892 3206 solvit
2947 3168 2981 3204 ιι
3038 3149 3165 3206 loco
3220 3147 3578 3222 Prosphorio

141 3233 261 3303 λιν,
317 3234 408 3289 καὶ
465 3216 637 3298 οὕτως
702 3216 909 3308 ἐκλήθη
981 3238 1300 3314 Βοσπόριον.
1356 3241 1501 3294 Ἐκεῖ
1556 3216 1614 3295 έὶ
1670 3239 1809 3296 ἐπω-

1932 3216 2118 3308 dicto;
2140 3240 2244 3310 qui
2299 3216 2556 3294 tranavit
2611 3237 3020 3312 Chrysopolim
3082 3253 3292 3309 usque,
3341 3216 3401 3293 et
3449 3235 3583 3294 ideo

141 3321 348 3378 λοῦντο
383 3323 436 3378 οἱ
472 3323 595 3399 βόες
623 3324 712 3379 καὶ
765 3323 843 3387 εἰς
873 3326 936 3380 τὸ
989 3325 1371 3401 σιγματοειδὶς
1417 3333 1606 3404 τεῖχος
1651 3330 1811 3406 μέχρι

1932 3327 2212 3398 angustiis
2275 3327 2386 3382 illis
2439 3327 2616 3382 maris
2664 3327 3012 3400 Bosporium
3053 3325 3445 3399 appellantur.
3495 3324 3583 3382 Ibi

144 3415 249 3466 τοῦ
305 3411 706 3487 Κοπρωνύμου,
770 3415 1006 3477 Ἐκεῖνος
1064 3415 1253 3491 ὥρισεν
1315 3416 1392 3480 εἷς
1457 3416 1548 3472 τὸν
1601 3419 1811 3495 Ταῦρον

1932 3415 2084 3470 enim
2113 3419 2171 3470 et
2201 3415 2258 3470 in
2291 3415 2392 3470 illa
2423 3415 2578 3470 muri
2610 3421 2775 3487 parte
2808 3433 2936 3488 quae
2966 3419 3060 3472 est
3102 3415 3174 3470 ad
3217 3414 3466 3487 ﬁguram
3496 3413 3581 3471 si-

146 3499 479 3559 πωλεῖσθαι.

1932 3518 2061 3574 gma
2111 3507 2472 3571 constructa,
2512 3503 2690 3558 boves
2739 3504 3160 3570 vendebantur,
3194 3503 3350 3575 quod
3400 3501 3578 3558 etiam

1924 3589 2107 3646 moris
2138 3590 2248 3645 fuit
2290 3606 2478 3662 usque
2517 3591 2587 3645 ad
2620 3590 3073 3646 Constantinum
3106 3590 3574 3662 Copronymum;

1925 3677 2025 3750 qui
2058 3678 2386 3746 constituit,
2420 3682 2485 3733 ut
2512 3679 2570 3732 in
2601 3679 2793 3734 Tauro
2823 3679 3234 3734 venderentur.

2244 3767 2322 3822 De
2348 3766 2820 3839 orphanolrophio
2850 3766 3038 3822 Sancti
3064 3763 3261 3821 Pauli.

1995 3854 2566 3928 OrphanotrOphium
2616 3855 2675 3911 S.
2717 3854 2883 3910 Pauli
2936 3853 3210 3910 Justinus
3258 3857 3318 3910 et
3363 3853 3580 3926 Sophia

1922 3944 2266 4012 condidere;
2303 3943 2580 3999 similiter
2621 3948 2679 3998 et
2725 3944 3006 3999 Sanctum
3056 3941 3343 4014 Zoticum,
3369 3946 3428 3998 et
3455 3946 3574 3999 sta-

1923 4036 2163 4087 tuerunt
2219 4032 2298 4087 ibi
2359 4031 2662 4087 mutilatos
2700 4031 2918 4103 quibus
2972 4030 3256 4088 alimenta
3311 4031 3574 4104 prmbue-

1922 4127 2081 4177 runt.
2117 4121 2350 4176 Praefuit
2399 4125 2595 4176 autem
2629 4120 2874 4176 aediﬁcio
2927 4125 2985 4176 et
3029 4120 3260 4176 Zoticus
3310 4123 3576 4193 protove-

1919 4209 2186 4265 stiarius.

277 3766 410 3842 Περὶ
440 3771 538 3822 τοῦ
567 3768 759 3844 Ἀγίου
793 3768 1014 3827 Παύλου
1043 3775 1140 3826 τοῦ
1173 3769 1686 3849 Ὀρφανοτροφείου.

226 3855 336 3912 Τὸν
372 3853 429 3911 δὲ
459 3860 653 3933 ’Άγιον
686 3855 904 3914 Παῦλον
933 3861 997 3915 τὸ
1017 3861 1506 3937 Ὁρφανοτροφεῖον
1534 3861 1811 3936 ἀνήγειρεν

143 3944 444 4009 ἰουστίνος
517 3947 607 4001 καὶ
689 3945 911 4024 Σοφίαο
973 3948 1232 4012 ὡσαύτως
1303 3949 1396 4002 καὶ
1471 3949 1560 4003 τὸν
1623 3951 1811 4006 Ὅσιον

140 4033 407 4102 Ζωτικὸν,
466 4034 556 4089 καὶ
631 4033 912 4090 ἰτύπωσαν
991 4035 1354 4091 ἀναπαύεσθαι
1409 4038 1536 4099 τοὺς
1597 4032 1816 4103 λωϐοὺς

140 4120 340 4190 ἰκεῖσε,
399 4122 490 4177 καὶ
553 4124 838 4198 σιτηρέσια
890 4119 1208 4196 λαμϐάνειν.
1244 4127 1548 4196 Παρίστατο
1589 4123 1647 4181 δὶ
1704 4131 1813 4180 Zu-

137 4210 296 4271 τικὸς
330 4211 358 4264 6
388 4206 894 4286 πρωτοϐεστιάριος
928 4211 1090 4268 αὐτοῦ
1118 4219 1236 4276 τοῖς
1264 4213 1576 4286 κτίσμασιν.

705 4301 836 4376 Περὶ
865 4305 964 4356 τοῦ
995 4301 1264 4377 Νεωρίου.

2490 4299 2563 4354 De
2584 4302 2749 4371 portu
2783 4299 3006 4354 Neorio.

213 4387 408 4457 Ὀτιὴ
453 4389 728 4464 λεγομένη
789 4387 959 4462 λίμνη
1018 4394 1116 4445 τοῦ
1174 4390 1418 4465 Νεωρίου
1475 4391 1603 4466 βοῦν
1663 4393 1807 4468 εἶχεν

1989 4389 2052 4443 In
2085 4389 2256 4458 portu
2306 4391 2649 4459 nuncupato
2697 4387 2908 4444 Neorio
2942 4387 3048 4442 bos
3078 4403 3274 4442 aeneus
3315 4385 3572 4458 ingentis

134 4476 435 4548 ἱστάμενον
503 4475 749 4551 χαλκοῦν
807 4478 1163 4552 παμμεγέθη.
1217 4478 1440 4553 Κράζειν
1501 4475 1559 4534 δὶ
1618 4474 1804 4556 ἔλεγον

1932 4473 2092 4531 molis
2121 4475 2340 4544 stabat,
2371 4491 2544 4548 quem
2579 4475 2762 4532 semel
2793 4476 2853 4531 in
2883 4492 3040 4532 anno
3069 4473 3312 4531 solitum
3345 4473 3574 4546 mugire

143 4565 308 4618 αὑτὸν
344 4565 419 4626 ὼς
455 4564 584 4639 βοῦν
617 4564 742 4638 μίαν
781 4569 875 4620 νοῦ
906 4564 1180 4636 ἐνιαυτοῦ,
1211 4568 1300 4620 καὶ
1348 4566 1589 4642 γίνεσθαι
1634 4568 1807 4642 παρά-

1932 4563 2134 4629 ierunt,
2168 4568 2227 4619 et
2274 4564 2479 4619 eodem
2530 4563 2624 4620 die
2684 4563 2821 4619 mali
2872 4563 3014 4635 quid
3071 4561 3204 4618 urbi
3266 4561 3571 4618 accidisse.

145 4652 355 4724 πτωμᾶ
398 4672 450 4706 τι
504 4650 556 4706 ἓν
625 4656 692 4727 τῇ
757 4653 940 4727 ὴμίρᾳ
1006 4652 1205 4728 ἐκείνῃ.
1246 4655 1633 4729 Ἐστοιχείωσε
1672 4652 1730 4709 δὲ
1777 4656 1806 4710 6

1932 4653 2204 4707 Eumdem
2239 4657 2434 4708 autem
2482 4657 2716 4723 portum
2750 4651 2996 4723 magicis
3027 4650 3338 4722 praestigiis
3369 4667 3571 4707 conse-

146 4739 313 4801 αὐτὸς
347 4740 559 4809 Κόνων,
593 4740 645 4796 ἐν
679 4743 724 4814 ᾦ
753 4741 842 4797 καὶ
874 4739 1044 4817 ἄγορα
1070 4746 1179 4796 τῶν
1211 4739 1517 4796 θαλασσίων
1551 4741 1809 4816 ἐμπόρων

1932 4743 2102 4796 :ravit
2133 4740 2259 4813 ipse
2289 4740 2517 4806 Conon;
2551 4741 2610 4794 in
2643 4756 2760 4811 quo
2792 4745 2849 4794 et
2879 4738 3316 4793 maritimorum
3349 4753 3571 4794 merca-

139 4829 207 4883 τὸ
257 4828 527 4905 πρότερον
572 4831 681 4899 ἦν·
719 4830 806 4884 ἰπὶ
856 4827 913 4885 δὶ
943 4831 1238 4885 Ἰουστίνου
1287 4830 1540 4903 μετετέθη
1586 4830 1664 4892 εἲς
1713 4831 1805 4885 τὸν

1932 4836 2115 4884 torum
2149 4834 2320 4884 antea
2372 4829 2560 4884 forum
2595 4831 2722 4882 erat
2755 4843 2768 4882 :
2799 4825 3035 4881 Justino
3066 4840 3201 4880 vero
3248 4823 3576 4897 imperante

141 4913 456 4974 Ἰουλιανοῦ
487 4915 704 4990 λιμένα.

1932 4918 1980 4972 in
2011 4915 2230 4971 Juliani
2264 4921 2499 4986 portum
2532 4913 2884 4970 translatum
2918 4917 3028 4969 est.

461 5023 591 5098 Περῖ
624 5023 694 5078 τὰ
719 5027 816 5078 τοῦ
847 5022 1137 5088 Βασιλίδος
1169 5025 1500 5100 καλούμενα.

2323 5014 2396 5069 De
2430 5012 2696 5068 Basilidis
2723 5021 2904 5068 tractu
2933 5028 2998 5067 ac
3025 5010 3157 5067 καθ.

223 5111 301 5166 Τὰ
350 5108 408 5166 δὲ
463 5109 782 5181 Βασιλίδος,
826 5112 976 5176 οἶκος
1020 5114 1086 5184 ἧν
1137 5112 1462 5176 Βασιλίδους
1519 5115 1809 5191 πατρικίου

144 5199 239 5255 καὶ
270 5199 616 5275 κοιαίστορος
645 5203 743 5255 τοῦ
774 5200 1030 5278 Μεγάλου
1057 5204 1458 5258 Ἰουστινιανοῦ.

1989 5105 2240 5160 Tractus
2287 5101 2562 5158 Basilidis
2619 5101 2837 5172 dictus,
2869 5101 3082 5156 domus
3131 5101 3257 5156 erat
3303 5094 3580 5154 Basilidis

1920 5190 2151 5266 patricii
2186 5195 2244 5246 et
2275 5189 2586 5261 quaestoris
2616 5187 2942 5245 Justiniani
2975 5187 3190 5258 Magni.

2515 5307 2588 5360 De
2628 5303 2974 5360 Arcadianis.

1995 5393 2307 5450 Ecclesium
2341 5393 2399 5448 S.
2430 5392 2680 5448 Joannis
2722 5391 3059 5447 Arcadiana‘.
3096 5392 3362 5446 vocatam
3395 5385 3584 5442 aedifi-

1922 5483 2072 5538 cavit
2097 5481 2401 5548 Arcadius,
2419 5480 2521 5552 qui
2541 5497 2641 5536 sex
2663 5479 2847 5536 millia
2869 5479 3084 5536 civium
3110 5478 3179 5532 ad
3203 5475 3580 5548 obsequium,

1921 5573 1977 5627 id
2012 5578 2122 5640 est,
2156 5573 2226 5627 ad
2278 5571 2711 5642 processionem
2765 5572 2898 5641 post
2929 5567 3215 5623 stationes
3264 5565 3387 5620 fieri
3437 5562 3578 5620 soli-

1923 5667 2072 5730 tam,
2106 5659 2217 5716 sibi
2266 5659 2745 5731 adlcgit,eosque
2792 5655 3148 5713 Arcadianos
3194 5651 3577 5726 nuncupavit:

637 5306 769 5380 Περὶ
799 5311 907 5362 τῶν
940 5306 1334 5383 Ἀρκαδιανῶν.

213 5396 339 5450 Ὀτι
419 5394 448 5448 ὁ
499 5395 689 5469 ’Ἄγιος
757 5396 1020 5466 Ἰωάννης
1095 5397 1152 5451 αἱ
1214 5393 1600 5472 Ἀρκαδιαναῖ,
1667 5397 1814 5472 παρὰ

158 5479 446 5557 Αρκαδίου
483 5483 726 5553 ἐκτίσθη,
760 5482 1146 5558 ἐπιλεξαμένου
1184 5485 1273 5539 καὶ
1325 5483 1384 5540 ἐκ
1426 5489 1532 5540 τῶν
1565 5483 1811 5541 πολιτῶν

142 5569 411 5647 χιλιάδας
467 5571 522 5642 ἓξ
583 5570 662 5634 εἷς
715 5570 930 5645 ὀψίκιον
982 5571 1166 5641 αὐτοῦ,
1197 5570 1365 5649 ἤγουν
1427 5574 1502 5636 εἶς
1555 5573 1622 5628 τά
1677 5573 1810 5650 πρό-

132 5681 327 5728 κενσα,
359 5660 389 5715 ’ὁ
422 5660 542 5716 ἐστι
577 5660 714 5734 μετὰ
743 5662 1048 5736 στασίματα
1076 5683 1089 5697 ·
1123 5659 1343 5717 ἐκάλεσε
1374 5659 1430 5716 δὶ
1458 5659 1654 5723 αὐτοὺς
1685 5663 1811 5737 Ἀρ-
