4056 6346
1448 328 1843 390 APPENDIX
1889 330 1991 389 AD
2042 322 2511 388 MICHAELEM
2552 323 2944 389 PSELLUM.

3731 321 3890 384 1236

476 458 720 516 Summo
754 457 969 532 quippe
1000 475 1197 515 amore
1242 462 1299 515 et
1345 460 1729 517 beneﬁcentia
1759 460 1891 516 illos
1921 474 2119 532 prose-

2242 453 2565 517 εαδιανούςθ
2640 454 2778 510 πάνυ
2863 456 2965 530 γὰρ
3044 453 3216 532 ἐφίλει
3282 457 3371 510 καὶ
3444 452 3710 529 εὐεργέτει
3800 453 3888 508 αὖ·

477 326 506 385 1
519 326 633 388 235

478 548 788 621 quebatur.

606 656 682 711 De
708 654 947 710 Ecclesia
984 654 1079 710 SS.
1115 654 1326 713 Cosmae
1354 658 1404 711 et
1434 657 1694 713 Πατιιὶαηί
1732 656 1991 713 Basilisci

1131 736 1469 797 nuncupata.

547 814 649 870 SS.
681 812 902 869 Cosmae
929 817 985 869 et
1012 814 1280 870 Damiani
1315 815 1577 884 ecclesia,
1603 833 1729 888 qua:
1760 821 1849 872 est
1878 816 1934 871 in
1968 816 2126 873 Basi-

472 902 602 960 lisci
635 903 847 967 tractu,
881 919 914 958 a
939 903 1173 960 Justino
1218 908 1273 959 et
1304 905 1522 977 Sophia
1552 905 1785 961 condita
1816 909 1924 961 est.
1959 904 2123 959 Basi-

471 991 598 1048 lisci
630 1008 765 1048 vero
797 994 1011 1048 domus
1054 992 1338 1049 aediﬁcata
1368 999 1457 1049 est
1487 1011 1519 1049 a
1551 994 1833 1049 Basilisco
1883 992 2121 1066 patricio

471 1098 538 1139 ac
588 1080 833 1153 vigilum
886 1081 1172 1151 przefecto,
1204 1081 1433 1137 Verinae
1482 1082 1869 1154 imperatricis
1922 1084 2120 1153 fratre,

470 1172 571 1244 qui
604 1175 806 1243 postea
823 1171 1091 1227 eamdem
1116 1171 1357 1225 domum
1392 1171 1447 1225 in
1474 1171 1693 1243 palatia
1719 1172 1985 1227 mutavit.
2011 1177 2121 1227 Pa-

465 1259 609 1317 latia
629 1264 825 1316 autem
845 1258 1143 1331 Sophiana
1164 1260 1449 1314 exstruxit
1467 1260 1781 1315 Mauricius
1806 1260 2124 1331 imperator

470 1365 575 1422 pro
604 1347 915 1405 Anastasia
945 1364 1116 1403 socru
1148 1364 1254 1403 sua
1286 1364 1349 1402 ac
1376 1349 1613 1404 Tiberii.
1637 1352 1776 1404 Post
1807 1366 1993 1405 annos
2026 1367 2123 1405 auo

469 1440 591 1494 tem
618 1437 824 1509 viginti
867 1440 1093 1509 septem
1131 1436 1429 1492 Heraclius
1460 1438 1579 1492 dux
1608 1438 1917 1506 exercitus,
1954 1444 2123 1494 ante-

475 1541 653 1598 quam
686 1526 1023 1597 imperaret,
1056 1525 1136 1579 ibi
1168 1525 1457 1581 habitavit
1487 1530 1619 1598 post
1648 1528 1964 1582 Anastasis:
1994 1527 2123 1582 obi-

474 1617 638 1683 tum;
670 1613 995 1688 plurimum
1027 1614 1183 1669 enim
1233 1616 1345 1671 isto
1378 1615 1502 1671 loco
1533 1615 1952 1685 delectabatur,
1986 1617 2123 1687 quia

472 1702 557 1759 ibi
589 1701 908 1758 revelatum
930 1703 981 1757 ei
1012 1703 1220 1771 fuerat,
1246 1703 1366 1758 fore
1392 1708 1455 1757 ut
1474 1703 1787 1775 imperium
1811 1704 2118 1760 obtineret.

470 1792 791 1865 Postquam
834 1806 967 1848 vero
1015 1792 1086 1847 ad
1136 1791 1417 1847 thronum
1475 1796 1706 1849 evectus
1763 1798 1870 1861 est,
1906 1810 2120 1852 nomen
2152 1821 2198 1886 Β

470 1896 648 1937 suum
680 1884 736 1935 et
766 1879 870 1935 ﬁlii
901 1880 993 1936 sui
1024 1882 1094 1936 ad
1127 1898 1365 1936 murum
1399 1882 1648 1936 describi
1680 1882 1925 1937 curavit.

1000 1989 1076 2045 De
1104 1988 1299 2044 Sancto
1335 1989 1586 2045 Platone.

536 2075 843 2148 Templum
869 2080 925 2130 8.
958 2076 1223 2132 Platonis
1253 2078 1541 2133 exstruxit
1568 2080 1920 2136 Anastasius
1953 2080 2121 2137 Dico-

470 2181 574 2221 rus
613 2165 726 2220 sub
775 2164 1129 2237 principium
1180 2166 1415 2234 septimi
1462 2166 1585 2221 aevi.
1618 2167 1934 2224 Columnas
1985 2185 2122 2225 vero

470 2254 673 2309 decem
716 2252 1051 2324 insculptas
1081 2253 1504 2310 Thessalonica
1552 2256 1816 2325 advexit;
1870 2274 2121 2330 quarum

473 2346 604 2398 octo
635 2345 845 2397 ornant
893 2341 1089 2413 ipsum
1141 2342 1460 2415 templum;
1495 2345 1625 2401 duae
1683 2350 1878 2402 autem
1930 2364 1962 2401 a
2010 2351 2120 2403 Ro-

474 2445 650 2487 mano
681 2428 910 2486 seniore
950 2430 1010 2486 in
1042 2429 1259 2503 templo
1300 2431 1617 2489 Salvatoris
1648 2433 1887 2491 Chalccs
1919 2440 2122 2491 erectae

476 2521 639 2575 sunt.

1116 2610 1192 2665 De
1220 2611 1482 2681 Digisteo.

544 2698 609 2752 In
639 2696 765 2752 loco
796 2695 1054 2769 Digisteo
1085 2704 1425 2770 nuucupato
1452 2700 1578 2755 dum
1612 2700 1890 2756 factiones
1922 2701 2123 2773 papuli

472 2786 613 2843 olim
645 2786 1196 2858 congregabantur:
1231 2787 1407 2860 idque
1436 2788 1657 2843 factum
1689 2794 1777 2843 est
1807 2805 1910 2860 per
1941 2806 2124 2845 annos

471 2874 850 2947 quingentos.
881 2874 1109 2930 Accidit
1152 2879 1371 2941 autem,
1405 2893 1540 2931 cum
1589 2877 1895 2932 Theodora
1940 2879 2121 2934 Theo-

468 2962 617 3033 phili
658 2978 805 3018 uxor
849 2965 1085 3018 uterum
1132 2967 1371 3035 gestans
1421 2963 1775 3019 Blachernas
1820 2965 2027 3033 adiret,
2060 2970 2125 3021 ut

472 3066 664 3122 equus
694 3052 825 3120 ejus
856 3050 916 3107 in
948 3052 1178 3123 porticu
1210 3056 1345 3107 ante
1378 3052 1713 3107 narthecem
1748 3054 1973 3125 templi,
2002 3071 2123 3110 cor-

469 3142 667 3196 rueret
698 3155 711 3193 :
746 3155 813 3194 ac
863 3138 1136 3195 similiter
1168 3140 1227 3195 in
1260 3140 1450 3195 reditu
1502 3141 1703 3197 eodem
1737 3142 1795 3196 in
1830 3142 1953 3198 loco
1988 3159 2122 3213 pro-

469 3226 767 3283 laberetur
794 3242 807 3283 :
841 3242 1023 3298 quare
1052 3242 1121 3283 ex
1151 3226 1500 3285 revelatione
1530 3228 1817 3302 templum
1851 3231 1909 3286 S.
1942 3232 2122 3286 Annae

478 3314 776 3373 excitavit.

1118 3494 1194 3549 De
1219 3492 1490 3549 Mariano.

551 3582 615 3636 In
646 3579 773 3637 loco
804 3581 1215 3653 cognominato
1255 3583 1559 3638 Mauriano
1591 3583 1910 3639 Mauricius
1941 3583 2126 3658 impe-

474 3672 637 3725 rator
664 3685 800 3727 cum
827 3669 1020 3727 adhuc
1041 3675 1196 3727 esset
1225 3671 1507 3743 patricius
1530 3676 1587 3728 et
1606 3688 1801 3727 comes
1829 3673 2124 3728 excubito-

474 3773 631 3825 rum,
664 3757 996 3828 habitabat;
1032 3759 1167 3815 dein
1217 3776 1350 3815 vero
1382 3758 1481 3813 ubi
1514 3759 1825 3831 imperium
1878 3761 2126 3832 adeptus

473 3849 583 3915 est,
616 3845 903 3904 Mauriani
936 3864 1147 3903 nomen
1181 3846 1344 3903 locus
1378 3846 1473 3903 ille
1503 3847 1778 3904 obtinuit.

697 3956 774 4011 De
797 3954 999 4025 templo
1027 3957 1243 4010 Sancta
1272 3955 1582 4011 Anastasim
1612 3959 1897 4012 Romanae.

542 4041 857 4114 Templum
887 4042 1109 4098 Sancta:
1159 4042 1477 4098 Anastasiw
1529 4043 1826 4114 Romanae,
1858 4044 2012 4113 quod
2066 4043 2122 4098 in

472 4130 777 4187 Mauriano
826 4130 1056 4194 visitur,
1089 4134 1330 4185 sanctus
1378 4130 1712 4186 Marcianus
1762 4132 2028 4186 condidit
2058 4148 2127 4187 ex

475 4218 695 4274 divitiis
744 4218 1001 4289 Asparis,
1055 4234 1230 4289 quem
1286 4219 1397 4273 Leo
1444 4219 1666 4273 Macela
1713 4218 2034 4287 interfecit;
2072 4222 2129 4275 et

474 4322 609 4362 cum
640 4306 838 4378 ipsum
887 4304 1179 4376 templum
1222 4311 1522 4362 exstruere
1552 4305 1725 4363 vellet
1771 4307 1927 4364 idem
1960 4323 2126 4363 sanc-

473 4398 594 4462 tus,
628 4395 686 4449 in
720 4394 846 4449 loco
877 4394 1098 4466 Psipba
1128 4400 1469 4466 nuncupato
1501 4395 1597 4450 ubi
1627 4396 1765 4451 olim
1796 4396 2127 4453 vendeban-

474 4487 574 4538 tur
609 4482 878 4551 tessellae,
913 4482 1103 4538 solum
1134 4483 1366 4539 duobus
1406 4484 1833 4540 numismatum
1864 4484 2126 4541 millibus

472 4571 636 4637 emit,
686 4586 753 4627 eo
810 4571 966 4642 quod
1024 4571 1188 4627 locus
1247 4573 1519 4645 impurus
1576 4580 1753 4638 esset,
1812 4578 1987 4645 atque
2045 4574 2124 4629 ibi

472 4660 663 4716 sancti
730 4659 990 4732 Gregorii
1062 4659 1341 4733 Theologi
1403 4663 1827 4717 commentaria
1892 4662 2130 4717 inventa

473 4751 692 4818 essent,
725 4748 785 4802 in
816 4749 1034 4819 quibus
1066 4753 1201 4803 ante
1232 4765 1418 4805 annos
1457 4753 1692 4805 centum
1728 4748 1810 4805 ita
1840 4751 2126 4822 scriptum

473 4838 664 4893 fuerat
695 4853 709 4893 :
744 4838 897 4893 Bene
928 4838 1061 4892 novi
1097 4838 1215 4893 fore
1245 4837 1579 4908 aliquando,
1607 4844 1669 4893 ut
1699 4838 1808 4894 hoc
1839 4838 2125 4911 templum

474 4928 669 4999 majus
700 4930 758 4981 et
786 4926 1091 4996 pulchrius
1135 4930 1465 4983 renovetur.
1499 4926 1631 4982 Haec
1680 4928 1827 4982 mihi
1876 4928 2128 4999 Spiritus

473 5019 716 5071 sanctus
747 5015 1031 5087 praedicit.
1055 5020 1338 5071 Praeterea
1362 5016 1607 5072 ecclesia
1638 5017 1859 5072 Sanctae
1889 5018 2132 5072 Anasta-

473 5104 572 5160 siaa
604 5104 769 5176 prius
818 5118 1059 5176 parvum
1092 5105 1412 5160 oratorium
1462 5109 1607 5170 erat,
1639 5109 1694 5161 et
1727 5104 1920 5177 ligneo
1950 5104 2127 5162 trullo

468 5196 714 5264 tectum,
747 5197 948 5264 postea
991 5209 1123 5248 vero
1156 5192 1407 5248 Basilius
1439 5193 1762 5264 imperator
1810 5209 1985 5248 aureo
2039 5193 2127 5249 la-

472 5281 677 5354 queari
706 5296 836 5336 eam
881 5279 1129 5352 operuit.
1166 5285 1307 5335 Itcm
1359 5281 1605 5337 ecclesia
1654 5283 1878 5338 Sanctae
1931 5282 2126 5338 Irenes

473 5371 546 5426 ad
592 5370 838 5426 Perama
869 5370 940 5425 ab
973 5370 1225 5441 ipsemet
1257 5376 1459 5426 sancto
1506 5373 1795 5427 Marciano
1829 5376 2127 5427 exstructa

473 5459 601 5513 fuit.
653 5459 935 5514 (laterum
1006 5464 1247 5514 sanctus
1306 5459 1618 5531 Gregorius
1678 5460 2008 5532 Thcologus
2065 5460 2123 5514 in

473 5548 679 5603 eodem
710 5548 927 5618 templo
959 5548 1310 5604 orthodoxos
1346 5549 1565 5616 docuit,
1601 5566 1731 5604 cum
1767 5549 1961 5605 adhuc
1991 5565 2123 5604 ora-

470 5634 695 5690 torium
753 5639 927 5691 esset.
963 5636 1068 5699 Qui
1123 5642 1318 5692 autem
1379 5638 1495 5692 ista
1553 5642 1751 5694 narrat
1806 5637 2122 5695 Anastasin

2229 545 2377 608 τούς.

2356 635 2482 707 Περῖ
2516 634 2622 688 τῶν
2648 633 2850 709 Ἀγίων
2884 631 3222 709 Ἀναργύρων
3249 637 3359 687 τῶν
3390 630 3750 690 Βασιλίσκου.

2302 812 2367 869 Οἱ
2427 808 2484 866 δὶ
2541 814 2723 889 ’Ἀγιοι
2770 810 3111 887 Ἀνάργυροι,
3150 812 3201 867 οἱ
3260 809 3409 873 ὄντες
3465 810 3543 874 εἴς
3597 812 3667 865 τὰ
3729 818 3889 865 Βασι-

2233 899 2446 969 λίσκου,
2476 899 2790 971 ἐκτίσθησαν
2820 901 2924 955 ὑπὸ
2955 901 3250 956 Ἰουστίνου
3290 901 3381 955 καὶ
3432 899 3657 976 Σοφίας.
3690 902 3774 954 Τὰ
3837 898 3893 954 δι

2232 987 2563 1043 Βασιλίσκου
2621 988 2941 1059 ὶκτίσθησαν
2990 989 3134 1064 παρὰ
3186 986 3516 1045 Βασιλίσκου
3590 989 3891 1063 πατρικίου

2230 1076 2319 1130 καὶ
2375 1074 2734 1152 δρουγγαρίου
2792 1084 2890 1146 τῆς
2944 1075 3168 1152 βίγλης,
3217 1075 3455 1155 ἀδελφοῦ
3485 1078 3728 1151 Βηρίνης
3788 1084 3890 1145 τῆς

2237 1164 2553 1241 βασιλίδοςο
2591 1166 2809 1237 ἐποίησε
2865 1164 2922 1221 δὲ
2968 1167 3064 1221 τὸν
3115 1168 3257 1222 οἶκον
3306 1167 3469 1222 αὐτοῦ
3516 1168 3784 1222 παλάτια.
3816 1167 3893 1219 Τὰ

2234 1252 2291 1309 δὲ
2346 1254 2585 1310 παλάτια
2641 1260 2746 1309 τῶν
2810 1256 3023 1333 Σοφιῶν
3083 1255 3330 1332 ἀνήγειρε
3379 1254 3685 1328 Μαυρίκιος
3729 1257 3760 1309 6
3800 1257 3891 1328 βα-

2234 1342 2414 1405 σιλεὺς
2472 1341 2548 1405 εἷς
2606 1340 2777 1417 ὄνομα
2825 1343 3177 1405 Ἀναστασίας
3232 1350 3490 1419 πενθερᾶς
3546 1344 3735 1411 αὐτοῦ,
3798 1343 3890 1397 καὶ

2232 1427 2507 1507 Τιϐερίου.
2543 1434 2695 1489 Μετὰ
2737 1430 2794 1488 δὲ
2833 1434 3069 1509 χρόνους
3114 1436 3193 1503 κζ’
3239 1432 3559 1508 Ἡράκλειος
3608 1434 3888 1508 πρά-τωρ,

2232 1521 2336 1595 πρὸ
2385 1525 2482 1575 τοῦ
2535 1521 3004 1597 βασιλεῦσαι,τήν
3058 1521 3331 1577 κατοικίαν
3393 1521 3561 1577 ἐκεῖσε
3616 1520 3888 1591 ἕποιεῖτο,

2237 1611 2368 1683 μετᾶ
2424 1611 2486 1665 τὸ
2546 1616 2791 1674 τεθνᾶναι
2848 1612 2949 1681 τήν
3010 1610 3553 1667 Ἀναστασίανοπάνυ
3608 1610 3713 1685 γὰρ
3778 1610 3894 1686 lci-

2232 1697 2316 1753 λει
2368 1699 2571 1769 αὐτὴν,
2615 1700 2704 1754 καὶ
2761 1699 2931 1755 ἐκεῖσε
2986 1700 3340 1778 ἀπεκαλύφθη
3402 1700 3527 1775 περὶ
3572 1706 3674 1769 τῆς
3730 1700 3892 1774 βασι-

2232 1786 2379 1850 λείας
2410 1788 2595 1846 αὐτοῦ.
2616 1788 2763 1843 Μετὰ
2795 1786 2851 1844 δὲ
2879 1790 2941 1844 τὸ
2972 1797 3260 1864 κρατῆσαι,
3292 1790 3547 1864 ἱστόρησε
3592 1788 3657 1843 τὸ
3707 1783 3891 1861 ὄνομα

2232 1876 2394 1931 αὐτοῦ
2424 1897 2481 1931 τε
2510 1876 2600 1931 καὶ
2630 1882 2727 1932 τοῦ
2754 1879 2873 1932 υἱοῦ
2902 1878 3065 1932 αὐτοῦ
3097 1879 3170 1940 εἲς
3198 1879 3259 1933 τὸ
3289 1883 3496 1953 τεῖχος.

2627 1983 2755 2059 Περὶ
2787 1988 2881 2038 τοῦ
2913 1985 3103 2059 Ἀγίου
3132 1985 3454 2047 Πλάτωνος.

2300 2073 2422 2129 ’Ὁτι
2476 2072 2568 2127 τὸν
2624 2079 2815 2147 ’Ἀγιον
2874 2072 3139 2147 ῌλάτωνα
3201 2074 3475 2149 ἀνήγειρεν
3528 2072 3893 2134 Ἀνασ-τάσιος

2233 2160 2260 2214 ὁ
2294 2158 2543 2235 Δίκορος,
2589 2159 2959 2235 ἰναρχομένου
3016 2166 3112 2216 τοῦ
3171 2156 3412 2235 ἑϐδόμου
3471 2162 3695 2224 αἰῶνος.
3745 2162 3892 2222 Τοῦς

2234 2246 2291 2304 δὲ
2319 2247 2503 2313 κίονας
2530 2248 2655 2311 τοὺς
2690 2246 2836 2319 δὲκα,
2867 2248 2997 2312 τοὺς
3043 2247 3309 2323 ἰνζώδους
3365 2247 3544 2328 ἔφερεν
3596 2250 3706 2304 ἀπὸ
3764 2258 3898 2305 8::-

2234 2336 2551 2409 σαλονίκηςο
2586 2338 2636 2392 οἱ
2698 2339 2791 2411 μὶν
2840 2339 2984 2393 ὀκτὼ
3029 2336 3272 2393 ἵστανται
3324 2338 3376 2393 ἂν
3434 2343 3512 2412 τῷ
3573 2344 3709 2409 ναῷ,
3743 2341 3797 2393 οἱ
3841 2336 3895 2392 δὲ

2234 2423 2329 2480 δύο
2360 2424 2611 2498 ἐτέθησαν
2647 2426 2697 2481 ἐν
2747 2431 2817 2501 τῇ
2863 2427 3055 2502 Χαλκῇ
3116 2428 3264 2505 παρὰ
3314 2428 3599 2501 Ῥωμανοῦ
3645 2428 3745 2481 τοῦ
3802 2428 3895 2502 γέ-

2235 2535 2443 2590 ροντος.

2746 2605 2877 2680 Περὶ
2906 2609 3015 2659 τῶν
3049 2603 3366 2681 Διγιστίων.

2302 2696 2421 2747 ’Ότι
2455 2695 2483 2748 6
2512 2692 2850 2766 καλούμενος
2884 2694 3163 2769 Διγιστεὺς
3194 2695 3438 2769 ἅθροισις
3468 2695 3535 2763 ἦν
3561 2695 3623 2747 τὸ
3652 2693 3887 2749 παλαιὸν

2230 2783 2337 2837 τῶν
2386 2780 2481 2836 δύο
2543 2787 2744 2857 μερῶν,
2776 2788 2882 2837 τῶν
2943 2779 3258 2855 δημοτικῶν
3314 2778 3599 2858 συλλόγων
3637 2801 3651 2813 ’
3718 2781 3891 2837 ἐκεῖσε

2232 2872 2607 2945 ἡθροίζοντο’
2680 2869 2932 2944 διήρκεσε
3018 2868 3074 2927 δδ
3156 2871 3391 2945 χρόνους
3471 2872 3889 2932 πεντακοσίους.

2234 2958 2492 3036 Θεοδώρα
2540 2956 2597 3014 δὲ
2650 2962 2683 3028 ἡ
2743 2965 2840 3013 τοῦ
2898 2958 3165 3039 Θεοφίλου
3220 2960 3357 3035 γυνὴ
3418 2958 3781 3035 ἆπεργομὲνη
3840 2958 3889 3013 ὲν

2234 3048 2575 3124 Βλαχὲρναις
2633 3047 2934 3119 ὡλίσθησεν
2996 3050 3024 3103 6
3075 3047 3248 3111 ’ἵππος
3321 3046 3487 3118 αὐτῆς
3551 3046 3602 3101 ἐν
3659 3053 3743 3120 τῷ
3796 3049 3892 3120 ἒμ-

2237 3131 2413 3208 6όλῳ,
2444 3140 2519 3207 τῷ
2552 3132 2664 3190 ὄντι
2696 3137 2834 3211 πρὸς
2858 3137 2946 3191 τὸν
2976 3137 3220 3211 νάρθηκα
3247 3140 3343 3191 τοῦ
3388 3140 3537 3205 ναοῦ,
3572 3135 3662 3191 καῖ
3724 3135 3891 3191 πάλιν

2237 3224 2493 3286 ὡσαύτως
2528 3226 2934 3304 ὑποστρέφουσα
2977 3225 3051 3286 εἰς
3082 3226 3174 3280 τὸν
3230 3224 3387 3280 αὐτὸν
3435 3224 3601 3278 τόπον
3652 3223 3895 3292 ὠλίσθη-
4018 3196 4021 3323 ί

2237 3334 2342 3381 σεν,
2377 3310 2541 3383 οὔσης
2572 3313 2737 3384 αὐτῆς
2769 3312 2979 3389 ἐγκύου·
3012 3314 3099 3368 καὶ
3136 3311 3600 3393 ἀποκαλυφθεῖσα,
3634 3312 3897 3387 ἀνήγειρε

2234 3404 2326 3456 τὸν
2360 3403 2483 3456 ναὸν
2516 3405 2614 3470 τῆς
2645 3403 2828 3479 Ἀγίας
2856 3404 3076 3472 Ἀννης.

2752 3491 2883 3567 Περῖ
2912 3491 2979 3547 τὰ
3016 3493 3357 3567 Μαυριανοῦ.

2306 3583 2430 3637 ’Ότι
2467 3581 2533 3634 τὰ
2561 3584 2894 3655 Μαυριανοῦ,
2928 3575 3082 3642 ὄντος
3129 3579 3413 3651 πατρικίου
3443 3578 3754 3653 Μαυρικίου
3803 3583 3897 3633 τοῦ

2240 3665 2508 3742 βασιλέως
2570 3668 2659 3722 καὶ
2690 3654 3049 3739 γέξκουόίτου,
3084 3665 3255 3724 ἐκεῖσε
3317 3667 3385 3735 ἦν
3423 3667 3450 3720 6
3494 3664 3640 3725 οἶκος
3702 3664 3894 3721 αὐτοῦ.

2240 3757 2384 3813 Μετὰ
2416 3753 2472 3811 δὲ
2500 3757 2561 3811 τὸ
2604 3755 2921 3828 βασιλεῦσαι
2972 3754 3159 3825 αὐτὸν,
3191 3754 3484 3829 ὠνομάσθη
3530 3754 3559 3819 6
3612 3752 3793 3818 τόπος
3830 3754 3897 3808 τα

2236 3758 2289 3813 Μ
2363 3757 2373 3771 ι
2416 3753 2461 3810 8‘
2538 3757 2552 3774 \
2802 3760 2825 3771 υ
3016 3754 3030 3771 9
3078 3755 3092 3773 ε
3208 3754 3224 3776 ἳ
3364 3754 3375 3774 Ι
3772 3777 3793 3790 ⁸
3830 3754 3885 3789 ,⁵

2295 3778 2384 3810 ετα
2449 3778 2472 3811 ε
2500 3778 2561 3811 το
2604 3755 2921 3828 βασιλευσαι
2972 3776 3159 3825 αυτον,
3191 3756 3484 3830 ωνομασθη
3530 3754 3559 3819 6
3612 3752 3793 3818 τόπο,
3842 3776 3897 3808 ..α

2235 3848 2566 3921 Μαυριανοῦ.
3120 3916 3121 3919 η

2415 3950 2543 4028 Περὶ
2573 3957 2673 4019 τῆς
2702 3950 2882 4024 Ἀγίας
2905 3949 3249 4013 Ἀναστασίας
3277 3956 3377 4019 τῆς
3406 3949 3709 4023 Ῥωμαίας.

2306 4041 2429 4096 ’Ότι
2486 4040 2577 4093 τὸν
2625 4040 2752 4095 ναὸν
2805 4042 2904 4108 τῆς
2983 4039 3136 4117 ἁγίας
3198 4038 3545 4103 Ἀναστασίας
3602 4045 3709 4107 τῆς
3770 4041 3898 4094 Ῥω-

2242 4126 2423 4199 μαίας,
2480 4129 2571 4182 τὸν
2632 4123 2760 4182 ὄντα
2817 4127 2893 4190 εἲς
2964 4129 3031 4184 τὰ
3105 4132 3439 4204 Μαυριανοῦ,
3498 4129 3825 4203 Μαρκιανὸς
3873 4130 3897 4183 6

2242 4214 2385 4259 gain!
2444 4214 2647 4259 ἕψησιν
2706 4219 2761 4259 ἓν
2818 4220 2915 4259 ητιῗὶ
2972 4216 3217 4259 ulmi-rm;
3265 4219 3543 4259 "mrrannr
3589 4216 3899 4259 ἆναιςίιιῆἑν-

2237 4214 2385 4277 ὅσιος
2444 4214 2647 4271 ἔκτισεν
2706 4219 2765 4271 ὲκ
2818 4220 2915 4273 τοῦ
2972 4216 3217 4273 πλούτου
3265 4219 3543 4288 ’Λσπαρος
3589 4216 3899 4291 ἆναιρεθένο

2233 4326 2329 4366 τος
2356 4306 2501 4381 παρὰ
2529 4306 2759 4369 Λέοντος
2807 4310 2904 4360 τοῦ
2953 4305 3227 4363 Matt/too.
3261 4302 3528 4383 Ὀφείλων
3563 4301 3621 4358 δὲ
3654 4305 3687 4358 6
3744 4306 3896 4366 ὅσιος

2232 4398 2413 4451 κτῖσαι
2473 4393 2631 4449 αὐτὸν
2675 4396 2749 4455 εἷς
2796 4394 2863 4448 τὰ
2909 4397 3087 4469 ψηφᾶ,
3122 4392 3173 4449 ἐν
3226 4394 3307 4457 οῖς
3352 4395 3407 4447 αἱ
3456 4389 3695 4465 ψηφῖδες
3752 4394 3895 4451 ἐπω-

2238 4480 2456 4547 λοῦντο,
2514 4482 2762 4553 ὠνήσατο
2816 4483 2908 4537 τὸν
2956 4482 3123 4538 τόπον
3175 4484 3251 4544 εἱς
3310 4482 3615 4555 νομίσματα
3676 4483 3754 4556 β’,
3812 4482 3894 4538 διὰ

2235 4572 2297 4626 τὸ
2354 4571 2482 4625 εἶναι
2537 4572 2629 4626 τὸν
2686 4571 2852 4627 τόπον
2916 4572 3177 4646 μυσαρὸν,
3208 4570 3298 4625 καὶ
3334 4568 3425 4625 διὰ
3477 4570 3540 4625 τὸ
3597 4570 3890 4646 εὑρεθηναι

2239 4660 2607 4733 ὑπομνήματα
2652 4659 2824 4715 ἐκεῖσε
2876 4664 2972 4714 τοῦ
3028 4660 3184 4734 ἁγίου
3241 4657 3545 4735 Γρηγορίου
3594 4662 3698 4713 τοῦ
3764 4668 3890 4715 Θεο-

2239 4748 2432 4823 λόγου,
2493 4748 2599 4825 πρὸ
2658 4747 2789 4805 ἐτῶν
2851 4755 2895 4822 ρ’
2941 4749 3215 4825 γράφοντα
3292 4747 3465 4809 οὕτως
3502 4764 3517 4778 ⁸
3576 4748 3890 4804 Ἀνακαινι-

2239 4839 2489 4907 σθήσεται
2541 4838 2567 4891 6
2620 4838 2747 4899 ναὸς
2806 4838 2962 4901 οὗτος
3018 4837 3093 4899 εἷς
3148 4834 3357 4898 κάλλος
3400 4836 3490 4892 καὶ
3545 4837 3808 4911 μέγεθος,
3842 4838 3889 4892 εὗ

2239 4924 2374 4980 οἶδα·
2409 4923 2536 4980 τάδε
2595 4923 2744 5001 λέγει
2797 4946 2888 5000 μοι
2940 4927 3002 4981 τὸ
3061 4926 3280 4999 Πνεῦμα
3337 4926 3397 4979 τὸ
3458 4926 3658 4999 ἅγιον·
3690 4927 3891 5001 πρώην

2238 5016 2522 5089 εὐκτήριον
2586 5015 2777 5091 μικρὸν
2824 5011 2880 5069 ὅν
2932 5031 2945 5043 ⁸
3009 5015 3225 5089 ὑπῆρχε
3282 5011 3339 5069 δὲ
3394 5012 3815 5087 ξυλότρουλλος
3862 5017 3891 5080 ἡ

2235 5100 2392 5175 Ἀγία
2450 5104 2789 5159 Ἀναστασία’
2825 5103 2852 5157 6
2911 5101 2968 5159 δὶ
3028 5100 3282 5178 βασιλεὺς
3332 5099 3622 5173 Βασίλειος
3670 5100 3895 5157 Euxim-

2237 5212 2321 5245 σεν
2396 5190 2562 5259 αὐτὴν
2639 5188 2727 5245 διὰ
2802 5190 3003 5269 ὀρόφου
3076 5194 3322 5265 χρυσοῦ·
3382 5188 3590 5262 ὁμοίως
3640 5188 3737 5243 καὶ
3802 5193 3893 5258 τήν

2235 5278 2419 5353 Ἀγίαν
2480 5278 2717 5354 Εἰρήνην
2774 5279 2837 5333 τὸ
2897 5279 3121 5351 Περαμα
3172 5280 3199 5332 6
3242 5278 3397 5339 αὐτὸς
3428 5278 3575 5337 ὅσιος
3635 5280 3888 5347 Μαρκια-

2234 5369 2323 5427 νὸς
2383 5369 2687 5442 ἀνήγειρεν.
2721 5369 2780 5425 Ὁ
2834 5364 2892 5421 δὲ
2950 5369 3101 5442 ἅγιος
3162 5367 3466 5443 Γρηγόριος
3526 5368 3553 5419 6
3611 5364 3887 5441 Θεολὸγυς

2236 5454 2505 5511 ἐδίδασκεν
2562 5456 2613 5509 ἐν
2666 5461 2745 5527 τῷ
2796 5458 2942 5528 αὐτῷ
2998 5460 3109 5527 ναῷ
3158 5455 3284 5518 τοὺς
3316 5451 3657 5530 ὀρθοδόξους,
3690 5457 3887 5523 εὐκτηι
4010 5466 4011 5553 γ

2236 5546 2339 5620 ρίῳ
2418 5543 2548 5618 οὔσῃ
2617 5548 2684 5618 τῇ
2760 5544 3040 5615 ἐκκλησίᾳ.
3101 5544 3413 5601 ’Λνάστασιν
3470 5540 3527 5597 δὲ
3581 5544 3792 5613 ταύτην
3857 5548 3881 5597 ὁ

2233 5637 2461 5710 ἱστορῶν
2520 5653 2682 5712 φησιν
2740 5633 3120 5707 ὀνομάζεσθαι,
3170 5634 3206 5705 ἢ
3267 5631 3353 5688 διὰ
3408 5632 3505 5701 τὴν
3554 5638 3654 5703 τῆς
3716 5632 3881 5706 ὀρθῆς
