4056 6346
180 347 344 409 1231

1324 352 1686 416 ΑΝΟΝΥΜΙ
1728 352 2313 426 ANTIQUITATES
2357 355 2476 416 ΟΡ.

3455 349 3617 413 1238

177 478 422 544 πίστεως
472 481 781 552 ἀνάστασιν,
813 484 851 556 ἢ
900 481 991 538 διὰ
1033 483 1098 539 τὸ
1142 488 1370 560 γυναῖκα
1413 484 1690 560 ἐγκύμονα
1737 505 1822 540 πε⁴

1951 491 2215 542 vocatam
2261 487 2442 544 fuisse
2471 487 2645 554 dicit;
2678 486 2799 544 sive
2849 487 3086 558 propter
3130 485 3300 540 rectas
3331 481 3466 538 ﬁdei
3516 484 3612 540 in-

179 573 380 626 σοῦσαν
448 570 806 644 τελευτῆσαι,
854 579 1046 644 κοινῆς
1099 570 1158 629 δὶ
1210 575 1316 630 ὑπὸ
1371 578 1478 630 τῶν
1539 571 1845 652 ὀρθοδόξων

176 659 476 736 γενομένης
507 661 680 737 εὐχῆς
711 661 928 732 ἀνέστη.

622 858 756 935 Περὶ
784 859 886 925 τῆς
914 856 1106 936 Ἀγίας
1135 857 1405 935 Εῗρήνης.

249 955 316 1012 Ἦ
362 957 556 1031 πρώην
611 954 668 1012 δὲ
717 955 983 1028 ἐκκλησία
1032 959 1067 1028 ἡ
1096 957 1253 1034 Ἀγία
1301 959 1511 1034 Είρήνη
1558 957 1842 1017 είδωλεῖον

175 1043 448 1120 ὑπῆρχεν.
501 1047 787 1126 Ἀνήγειρε
840 1045 899 1102 δὶ
943 1048 972 1101 6
1017 1047 1180 1110 αὐτὸς
1237 1045 1386 1110 ὅσιος
1436 1049 1524 1102 καὶ
1574 1049 1638 1103 τὸ
1686 1069 1843 1103 νοσο-

166 1139 424 1207 κομεῖον,
450 1135 513 1189 τὸ
542 1133 595 1190 έν
628 1138 697 1210 τῇ
727 1135 888 1210 ’Δγίᾳ
914 1135 1123 1214 Εΐρήνῃ
1149 1130 1230 1193 ὅν.

339 1242 468 1316 Περί
497 1243 596 1296 τοῦ
625 1245 756 1296 ναοῦ
785 1247 889 1312 τῆς
920 1241 1188 1300 Θεοτόκου
1220 1242 1283 1298 τὸ
1314 1239 1668 1316 Καραόίτζιν.

245 1336 320 1393 Τὸ
374 1333 431 1392 δε
479 1333 810 1413 Καραϐίτζιν
849 1340 950 1411 τήν
1005 1339 1296 1416 ὑπεραγίαν
1349 1341 1614 1396 Θεοτόκον
1669 1338 1844 1396 ἔκτισε

169 1423 412 1500 Μιχαὴλ
468 1425 498 1480 6
559 1426 862 1502 ἀναιρεθεὶς
932 1428 1037 1485 ὑπὸ
1110 1427 1422 1489 Βασιλείου.
1485 1429 1729 1501 Ἐκλήθη
1786 1427 1844 1486 δὶ

167 1512 349 1575 οὕτως
399 1511 489 1568 διὰ
535 1516 793 1586 τοιαύτην
847 1515 1045 1576 αἰτίαν.
1099 1519 1258 1591 Χήρα
1307 1519 1447 1593 γυνὴ
1495 1519 1562 1587 ἦν
1607 1517 1660 1573 έν
1723 1524 1841 1582 τοῖς

168 1599 405 1676 χρόνοις
464 1601 734 1678 Θεοφίλου
788 1609 886 1660 τοῦ
937 1607 1142 1682 πατρὸς
1188 1606 1380 1676 αὐτοῦ,
1412 1609 1440 1662 6
1498 1605 1555 1662 δὶ
1604 1608 1841 1682 πραιπό-

172 1710 334 1770 σιτος
383 1695 482 1747 τοῦ
539 1691 811 1772 θεοφίλου
869 1694 1100 1770 ὀνόματι
1160 1698 1496 1776 Νικηφόρος,
1557 1698 1843 1776 ἀφήρπασε

1955 575 2400 647 staurationem,
2435 577 2552 633 sive
2584 575 2744 648 quia,
2779 591 2914 630 cum
2947 571 3210 645 collapsa
3241 571 3456 628 mulier
3488 576 3612 630 ute-

1954 680 2086 720 rum
2125 670 2364 735 gestans
2412 663 2699 720 exstincta
2747 666 2921 730 esset,
2955 659 3376 718 communibus
3406 659 3610 716 ortho-

1953 752 2240 809 doxorum
2272 752 2546 826 precibus
2579 751 2804 808 revixit.

2528 863 2612 915 De
2639 866 2831 914 sancta
2859 859 3036 914 Irene.
3106 921 3112 926 ,

2024 958 2282 1014 Ecclesia
2304 959 2529 1015 Sancta
2552 962 2750 1014 Irenes
2772 959 2946 1012 antea
2973 954 3270 1011 idolorum
3303 951 3612 1008 delubrum

1953 1051 2099 1101 erat.
2132 1047 2292 1102 Idem
2325 1051 2522 1102 autem
2569 1050 2810 1102 sanctus
2859 1043 3192 1100 Marcianus
3240 1041 3524 1098 exstruxit
3553 1045 3611 1097 et

1953 1137 2382 1205 nosocomium,
2415 1137 2571 1208 quod
2620 1136 2771 1207 apud
2808 1135 3085 1190 Sanctam
3116 1137 3342 1188 Ireuem
3374 1131 3605 1188 visitur-

2076 1247 2157 1299 De
2187 1245 2431 1300 Ecclesia
2457 1244 2513 1300 S.
2548 1245 2794 1315 Deiparm
2828 1241 3143 1299 Carabitzin
3175 1240 3469 1312 appellata.

2022 1341 2343 1398 Ecclesiam
2375 1340 2766 1398 sanctissime
2808 1340 3090 1412 Deiparas,
3114 1355 3241 1411 quas
3277 1336 3602 1393 Carabitzin

1949 1436 2214 1500 vocatur,
2239 1431 2490 1488 Michael
2524 1448 2696 1502 quem
2721 1429 2974 1486 Basilius
3007 1428 3297 1484 interfecit
3318 1426 3599 1483 condidit.

1950 1521 2085 1576 Haec
2126 1535 2262 1576 vero
2309 1518 2804 1576 denominationis
2857 1535 3035 1575 causa
3081 1517 3212 1572 fuit.
3245 1517 3380 1571 Erat
3425 1514 3602 1570 vidua

1950 1611 2219 1680 quaedam
2271 1609 2383 1664 sub
2429 1608 2751 1681 Theophilo
2784 1608 3048 1679 ejusdem
3082 1605 3380 1661 Michaelis
3410 1609 3598 1678 patre,

1950 1700 2122 1770 cujus
2177 1699 2462 1771 grandem
2520 1699 2818 1754 triremem
2867 1695 2923 1751 vi
2979 1695 3273 1767 eripuerat
3328 1693 3594 1764 ejusdem

166 1777 522 1854 κουμπάρίαν
577 1788 677 1851 τῆς
734 1783 915 1856 χήρας
976 1783 1280 1862 εὐμεγέθη·
1335 1785 1457 1854 ἥτις
1508 1784 1822 1863 πολλαχόσε

1947 1787 2255 1859 Theophili
2313 1787 2687 1859 praepositus,
2740 1785 2972 1842 nomine
3027 1783 3411 1855 Nicephorus.
3461 1781 3594 1837 Haec

167 1865 430 1940 δεηθεῖσα
476 1869 746 1949 Θεοφίλου
789 1876 888 1944 τοῦ
943 1871 1234 1948 βασιλέως,
1275 1871 1458 1946 ἔμενεν
1517 1873 1822 1949 ἀδιοίκητος

1938 1892 2069 1932 vero
2102 1876 2278 1934 vidua
2323 1892 2459 1932 eum
2510 1876 2725 1949 saepius
2756 1892 2826 1932 ea
2854 1875 2924 1931 de
2956 1891 3018 1931 re
3050 1874 3123 1931 ad
3173 1873 3587 1944 imperatorem

166 1953 264 2014 διὰ
314 1957 376 2014 τὸ
424 1957 733 2024 κωλύεσθαι
765 1959 868 2016 ὑπὸ
891 1965 988 2016 τοῦ
1037 1961 1202 2017 αὐτοῦ
1232 1962 1616 2040 πραιποσίτου.
1647 1967 1710 2024 Ἡ
1768 1965 1827 2024 δὶ

163 2047 514 2121 ἀπορήσασα,
575 2048 912 2125 παρεκάλεσέ
966 2071 1114 2113 τινας
1166 2055 1276 2106 τῶν
1327 2058 1671 2129 παιγνιωτῶν
1727 2061 1825 2112 τοῦ

162 2132 583 2211 Ἱπποδρομίου,
639 2138 729 2193 καὶ
791 2139 1097 2216 ὑπέσχοντο
1155 2139 1292 2215 αὐτῇ
1360 2139 1449 2197 διά
1502 2163 1649 2206 τινος
1714 2166 1824 2218 μη-

161 2230 344 2301 χανῆς
412 2221 785 2296 διοικηθῆναι.
841 2230 1174 2300 Ποιήσαντες
1236 2227 1294 2284 δὲ
1352 2231 1403 2285 οἱ
1470 2230 1623 2287 αὐτοὶ
1697 2254 1826 2288 παι-

161 2318 395 2388 γνιῶται
421 2315 770 2388 κουμπαρίαν
807 2318 1005 2392 μικρὰν
1037 2317 1088 2374 έν
1140 2319 1387 2393 σχήματι
1431 2318 1632 2376 πλοίου
1694 2321 1826 2396 μετὰ

162 2402 431 2479 ἇρμένου,
473 2404 564 2460 καὶ
623 2405 800 2468 θέντες
858 2407 1029 2477 αὐτὴν
1090 2405 1179 2464 ἐπὶ
1239 2407 1451 2481 ἁμάξης
1509 2411 1645 2482 μετὰ
1695 2431 1824 2484 τρο-

160 2496 310 2568 χῶν,
366 2493 662 2568 γενομένου
740 2495 998 2568 ἱππικοῦ,
1045 2491 1275 2566 ἔστησαν
1353 2494 1655 2574 ἔμπροσθεν
1727 2505 1824 2556 τοῦ

165 2578 460 2654 βασιλικοῦ
547 2582 819 2658 στάματος
888 2589 1190 2662 φωνοῦντες
1267 2583 1541 2659 ἀλλήλοις
1577 2606 1590 2622 ·
1633 2590 1774 2647 Χάνε
1807 2636 1820 2663 ,

159 2669 395 2724 κατάπιε
467 2671 628 2732 αὐτό.
677 2677 784 2728 Τοῦ
857 2671 915 2729 δὲ
985 2673 1406 2750 ἀντιλέγοντοςο
1465 2676 1538 2732 Οὐ
1589 2675 1823 2752 δύναμαι

155 2762 327 2813 τοῦτο
370 2767 642 2829 ποιῆσαι·
701 2760 860 2816 πάλιν
914 2760 1015 2840 ἔφη
1066 2764 1094 2817 6
1124 2760 1331 2838 έτερος,
1363 2763 1446 2818 ὅτι
1472 2766 1533 2822 Ὀ
1587 2769 1822 2840 πραιπό-

156 2867 313 2910 σιτος
361 2848 674 2927 Νικηφόρος
719 2853 820 2915 τῆς
878 2853 1060 2926 χήρας
1107 2853 1171 2906 τὸ
1216 2849 1413 2908 πλοῖον
1470 2855 1638 2930 γέμον
1695 2877 1822 2910 κατ-

155 2935 280 2992 έπιε
314 2979 329 3004 ,
368 2937 457 2992 καὶ
538 2937 601 2994 σὺ
685 2939 786 2996 οὐκ
867 2938 1077 3017 ἴσχύεις
1139 2947 1324 3019 φαγεῖν
1381 2947 1596 3012 τοῦτο;
1645 2947 1824 3002 Ταῦτα

153 3024 385 3080 ἐποίουν
415 3027 506 3081 καὶ
559 3025 748 3102 ἔλεγον
795 3028 934 3104 πρὸς
990 3027 1053 3084 τὰ
1113 3035 1420 3108 φανερῶσαι
1469 3037 1548 3104 τῷ
1611 3033 1826 3107 βασιλεῖ

153 3115 286 3189 περὶ
338 3119 434 3171 τοῦ
493 3110 738 3190 καράϐου
785 3124 886 3188 τῆς
945 3119 1224 3194 γυναικός.
1284 3118 1384 3175 Καὶ
1440 3120 1601 3197 γνοὺς
1655 3127 1824 3180 ταῦτα

155 3201 831 3298 οβαᾳσιλεὺςμήρώτησεν,
864 3207 1180 3298 άκμὴν-οὐκ
1229 3205 1511 3298 έδιοικήθη
1554 3214 1589 3282 ἡ
1649 3215 1820 3298 χήρα.
1854 3233 1896 3298 C

157 3292 223 3346 Ἡ
280 3289 338 3346 δὲ
386 3293 523 3368 γυνὴ
575 3292 953 3368 παρισταμένη
1005 3293 1268 3364 πλησίον,
1300 3296 1390 3352 καὶ
1444 3298 1682 3353 πεσοῦσα
1736 3297 1822 3354 ἐπὶ

155 3379 478 3455 πρόσωπον,
529 3377 705 3437 ἐδέετο
753 3386 852 3438 τοῦ
905 3381 1174 3458 βασιλέως
1231 3384 1606 3455 ἐκδικηθῆναι.
1648 3388 1708 3444 Ὀ
1767 3385 1824 3444 δὶ

161 3467 422 3542 βασιλεὺς
471 3468 607 3524 πάνυ
652 3468 920 3541 λυπηθεὶς
967 3469 1058 3526 καί
1122 3470 1394 3548 ὀργισθεὶς
1453 3472 1674 3529 ἐκάλεσε
1727 3476 1818 3530 τὸν

159 3555 470 3632 Μυγιᾶριον
505 3557 800 3634 λεγόμενον
833 3559 926 3616 τὸν
959 3555 1207 3637 ἔπαρχον
1241 3561 1466 3635 ὀνόματι
1517 3559 1820 3637 Θεόδωρον,

156 3645 253 3700 καὶ
309 3643 518 3702 κελεύει
574 3646 903 3718 ἀποτεθῆναι
963 3647 1096 3720 ξύλα
1167 3651 1257 3705 καὶ
1335 3651 1574 3729 φρύγανα
1638 3651 1690 3708 ἐν
1748 3657 1818 3728 τῇ

163 3732 442 3812 Σφενδόνῃ
474 3779 488 3806 ,
551 3735 641 3792 καὶ
702 3733 1067 3794 συλλαϐέσθαι
1122 3739 1214 3794 τὸν
1269 3740 1627 3815 πραιπόσιτον
1661 3787 1675 3812 ,
1728 3745 1817 3799 καὶ

159 3828 359 3881 καῦσαι
413 3826 548 3899 μετᾶ
592 3831 692 3896 τῆς
740 3824 944 3897 στολῆς
993 3826 1181 3897 αὐτοῦ,
1229 3829 1258 3884 ’ὀ
1295 3829 1385 3884 καὶ
1435 3833 1680 3906 παραυτᾶ
1727 3833 1817 3908 γέ-

154 3934 310 3988 γονε,
367 3913 454 3969 καὶ
512 3916 547 3984 ἡ
603 3915 742 3990 γυνή
802 3911 1047 3972 ἀπέλαϐε
1109 3917 1172 3972 τὸ
1233 3915 1396 3986 ἴδιον,
1453 3921 1544 3974 καὶ
1604 3919 1662 3975 ἐκ
1719 3929 1819 3992 τῆς

158 4004 516 4065 ὑποστάσεως
545 4002 711 4058 αὐτοῦ
755 4002 854 4061 οὐκ
902 4003 1082 4082 ὀλίγα.
1120 4006 1218 4061 Διὰ
1275 4004 1332 4062 δὶ
1378 4009 1440 4062 τὸ
1497 4011 1814 4083 καταμένειν

151 4091 330 4146 ἐκεῖσε
359 4090 438 4154 εἲς
478 4093 568 4148 τὸν
620 4092 728 4149 ἀπὸ
756 4088 1046 4171 Βαρϐάρου
1074 4095 1220 4152 οἶκον
1251 4100 1348 4151 τοῦ
1379 4099 1690 4173 Μαυριανοῦ
1715 4102 1813 4170 τήν

149 4186 410 4258 γυναῖκα,
437 4179 660 4246 έκᾶΛεςε
690 4177 1044 4258 Καραϐίτζιν.

150 4383 288 4458 Περὶ
364 4391 463 4454 τῆς
541 4387 728 4463 Ἀγίας
813 4387 1058 4464 Εἰρήνης
1130 4395 1233 4458 τῆς
1290 4386 1528 4454 παλαιᾶς
1578 4391 1642 4446 τὸ
1709 4398 1816 4447 Πα-

809 4479 873 4536 τρ
885 4464 1152 4536 ιαρχεῖον.

1934 1966 2154 2022 frustra
2184 1965 2530 2038 appellaret,
2558 1964 2912 2038 impediente
2941 1979 3065 2020 eam
3092 1961 3220 2034 ipso
3250 1961 3585 2034 prmposito,

1935 2073 2006 2112 ne
2028 2056 2130 2126 jus
2161 2071 2337 2110 suum
2368 2059 2569 2112 contra
2605 2053 2804 2126 ipsum
2834 2053 3139 2120 obtineret,
3174 2051 3408 2108 tandem
3441 2066 3581 2106 con-

1934 2143 2050 2200 silii
2082 2143 2251 2216 inops
2283 2145 2355 2200 ad
2379 2143 2761 2216 Hippodromi
2796 2143 3010 2198 mimos
3040 2139 3307 2207 recurrit,
3333 2138 3417 2194 illi
3449 2155 3583 2194 vero

1934 2249 2057 2289 rem
2117 2249 2180 2288 se
2245 2237 2367 2288 arte
2433 2232 2688 2304 quadam
2756 2234 3099 2303 peracturos
3165 2227 3583 2302 promiserunt.

1933 2321 2330 2394 Itaque-facta
2377 2337 2554 2394 prava
2612 2319 2836 2376 triremi
2885 2334 3018 2374 cum
3068 2317 3310 2373 carbaso
3366 2315 3587 2390 navigii

1933 2411 2182 2467 formam
2213 2410 2545 2478 exhibente,
2578 2425 2706 2465 eam
2751 2407 2950 2464 currui
2984 2407 3125 2463 rotis
3155 2406 3442 2462 instructo
3473 2405 3589 2460 im-

1933 2500 2211 2572 positam,
2270 2515 2405 2555 cum
2464 2497 2588 2554 ludi
2636 2497 2941 2554 Circenses
2999 2499 3336 2568 agerentur,
3389 2510 3586 2551 coram

1931 2587 2310 2660 imperatoria
2341 2588 2479 2643 sede
2524 2586 2907 2653 collocarunt,
2941 2586 3189 2641 invicem
3239 2583 3588 2650 clamantes,

1932 2676 2105 2749 Aperi
2136 2693 2222 2745 os,
2255 2681 2313 2732 et
2360 2675 2585 2748 degluti
2630 2675 2818 2732 illam.
2852 2675 3118 2746 Cumque
3145 2673 3292 2730 alter
3322 2689 3384 2730 se
3413 2673 3473 2730 id
3505 2674 3590 2730 fa-

1932 2784 2059 2823 cere
2089 2783 2262 2839 posse
2315 2771 2577 2838 negaret,
2612 2782 2820 2821 rursus
2857 2763 2955 2820 ille
2985 2781 2998 2820 :
3031 2763 3392 2835 Nicephorus
3441 2778 3587 2835 pm-

1933 2856 2161 2928 positus
2191 2861 2468 2910 onustam
2501 2855 2687 2909 vidum
2720 2853 3020 2909 triremem
3051 2851 3341 2925 deglutire
3372 2852 3585 2925 potuit,

1932 2952 1986 3001 et
2014 2950 2075 3000 tu
2111 2961 2181 2999 ne
2217 2944 2503 3000 lantillam
2547 2942 2824 3015 quidem?
2867 2942 2998 2997 Haec
3048 2945 3296 3014 egerunt
3325 2958 3392 2996 ac
3421 2940 3585 2997 dixe-

1932 3037 2071 3089 runt
2103 3038 2166 3088 ut
2195 3033 2607 3104 imperatorem
2640 3032 2710 3086 de
2739 3031 2924 3086 viduas
2957 3031 3168 3086 carabo
3206 3029 3324 3086 sive
3355 3029 3581 3086 triremi

1932 3124 2234 3180 certiorem
2268 3123 2542 3179 facerent.
2567 3122 2703 3186 Quas
2736 3121 2834 3177 ubi
2867 3119 3099 3176 rescivit
3129 3119 3469 3194 imperator,
3499 3119 3585 3174 in-

1932 3211 2267 3284 terrogavit,
2303 3228 2374 3265 an
2427 3209 2684 3266 nondum
2711 3209 2812 3280 jus
2853 3223 3028 3264 suum
3058 3206 3232 3262 viciua
3281 3205 3384 3261 illa
3431 3205 3585 3262 obti-

1938 3300 2206 3356 nuisset?
2239 3299 2449 3355 Mulier
2486 3303 2680 3354 autem
2728 3296 2989 3369 proxime
3036 3300 3260 3366 astans,
3292 3311 3469 3368 super
3500 3295 3588 3351 fa-

1933 3390 2078 3445 ciem
2122 3389 2394 3460 prolapsa
2444 3386 2726 3443 ultionem
2781 3386 2854 3442 ab
2905 3385 3259 3458 imperatore
3308 3383 3587 3458 postulat.

1932 3481 2260 3550 Imperator
2308 3493 2442 3532 vero
2484 3475 2653 3531 valde
2685 3478 2954 3540 mcestus,
2988 3478 3047 3529 et
3093 3475 3165 3529 ad
3218 3473 3590 3533 iracundiam

1931 3571 2278 3641 provocatus
2318 3567 2561 3622 advocat
2589 3563 2964 3619 Theodorum
2998 3564 3341 3636 praefectum
3372 3578 3588 3634 cogno-

1931 3658 2088 3713 mine
2117 3653 2462 3728 Mygiarium
2497 3670 2562 3709 ac
2585 3652 2776 3724 jubet,
2809 3657 2875 3707 ut
2904 3650 3066 3724 ligna
3097 3669 3161 3707 ac
3189 3655 3491 3708 sarmenta
3521 3650 3580 3705 in

1929 3745 2272 3817 sphendone
2315 3747 2611 3815 congerat,
2645 3741 3256 3812 comprehensumque
3303 3739 3580 3811 praeposi-

1927 3839 2053 3890 tum
2086 3833 2208 3906 igni
2241 3834 2494 3889 traderet
2537 3831 2800 3886 vestibus
2853 3829 3158 3897 indutum;
3209 3829 3367 3902 quod
3416 3826 3582 3884 nulla

1926 3923 2274 3996 interposita
2292 3938 2458 3977 mora
2481 3925 2776 3993 peractum
2797 3923 2885 3974 est
2902 3936 2914 3972 :
2932 3918 3257 3989 mulierque
3276 3917 3576 3989 propriam

1926 4030 2131 4069 navem
2165 4012 2404 4084 recepit,
2437 4027 2504 4066 ac
2543 4011 2784 4081 insuper
2813 4025 2882 4064 ex
2911 4008 3081 4064 bonis
3129 4007 3427 4079 praepositi
3459 4025 3575 4063 non

1925 4121 2134 4176 pauca.
2166 4106 2442 4158 Caeterum
2476 4101 2614 4156 inde
2643 4116 2770 4155 eam
2813 4099 2995 4153 eadem
3026 4096 3354 4153 Carabitzin
3385 4096 3580 4170 appel-

1924 4191 2083 4261 lavit,
2114 4192 2268 4264 quod
2303 4189 2516 4246 mulier
2566 4188 2668 4244 illa
2708 4187 3202 4260 ibidempdomum
3248 4185 3484 4242 Barbari
3517 4185 3576 4242 in

1921 4281 2206 4338 Mauriani
2237 4286 2430 4336 tractu
2461 4279 2774 4335 habitaret.

1994 4404 2073 4455 De
2099 4397 2335 4454 ecclesia
2366 4397 2587 4453 Sancta?
2617 4399 2805 4452 [renes
2835 4396 3066 4523 (tuaique
3089 4391 3506 4449 Patriarchium
3532 4448 3536 4451 _

2571 4483 2834 4523 nuncuna
2861 4483 2915 4522 a.

2571 4483 2915 4539 nuncupata.

225 4563 515 4664 ’Δνήγειρξ
554 4559 614 4618 δι
657 4565 756 4664 τὴν
808 4564 992 4640 Ἁγίαν
1028 4564 1268 4664 Εἰρήνην
1311 4567 1410 4636 τὴν
1453 4567 1690 4624 παλαιὰν
1748 4572 1810 4627 τὸ

1990 4575 2310 4632 Ecclesiam
2333 4575 2637 4645 antiquam
2667 4573 2890 4628 Sancta
2923 4573 3118 4628 [renes
3142 4569 3572 4628 Patriarohium

153 4653 559 4727 ΙΙατριαρχεῖον
591 4697 607 4721 ,
657 4652 748 4708 καὶ
819 4655 918 4722 τήν
985 4653 1177 4728 Ἀγίαν
1261 4657 1512 4734 Σοφίαν,
1569 4658 1659 4712 καὶ
1714 4661 1805 4715 τὸν

174 4742 344 4813 Αγιον
403 4739 752 4814 Ἀγαθόνικον
783 4787 800 4812 ,
858 4743 949 4797 καὶ
1015 4741 1108 4796 τὸν
1159 4744 1348 4819 ’Άγιον
1401 4744 1647 4801 Ἀκάκιον
1715 4747 1809 4803 τὸν

147 4825 394 4897 πλησίον
452 4832 560 4883 τῶν
619 4828 938 4902 οῗκημάτων
991 4835 1091 4886 τοῦ
1148 4829 1406 4906 Μεγάλου
1462 4835 1807 4889 Κωνσταντί-

148 4935 270 4977 νος.
305 4914 449 4977 Τοὺς
497 4914 556 4972 δὶ
602 4917 824 4992 Ἁγίους
857 4917 1231 4982 Ἀποστόλους
1281 4917 1483 4977 ἔκτισεν
1533 4924 1568 4991 ἡ
1621 4925 1804 5000 μήτηρ

151 5001 321 5057 αὐτοῦ
377 5001 571 5076 Ἑλένη
649 5005 744 5060 σὺν
835 5008 1032 5080 αὐτῷ,
1090 5006 1358 5083 δρομικὴν
1436 5009 1754 5087 ξυλόστεγον
1791 5055 1804 5070 .

152 5090 420 5160 Ἐποίησε
475 5090 534 5148 δὶ
578 5094 670 5148 καὶ
727 5094 820 5149 σὺν
879 5095 1028 5169 αὐτῷ
1069 5097 1434 5170 μνημοθέσιον
1491 5105 1599 5157 τῶν
1653 5101 1804 5176 βασι-

151 5176 324 5253 λέων,
357 5178 409 5236 έν
451 5181 497 5253 ᾧ
522 5184 610 5237 καὶ
646 5181 806 5245 αύτὸς
834 5181 1012 5254 ἐτέθη.
1161 5185 1166 5188 ’

677 5389 809 5462 Περὶ
837 5387 907 5444 τὰ
945 5395 1278 5466 Καρπιανοῦ.

223 5489 464 5578 ’Ὀτιλτὰ
514 5497 824 5568 Καρπιανοῦ
909 5497 1164 5575 ἀνήγειρε
1231 5501 1540 5574 Καρπιανὸς
1611 5523 1804 5578 πατρι-

147 5597 294 5667 κιος,
355 5576 406 5634 ἂν
483 5586 606 5645 τοῖς
680 5584 907 5659 χρόνοις
993 5589 1422 5662 Κωνσταντίνου,
1472 5590 1591 5644 υἱοῦ
1639 5576 1803 5667 Ἡρα-

145 5665 362 5739 κλείου,
385 5672 484 5725 τοῦ
519 5673 885 5745 Πωγωνάτου.

1917 4664 2298 4736 appellatam,
2329 4664 2467 4718 item
2519 4661 2809 4733 templum
2853 4665 3078 4718 Sancta
3123 4658 3355 4730 Sophia:
3405 4666 3463 4716 et
3507 4660 3567 4714 S.

1915 4752 2286 4824 Agathonici,
2331 4768 2557 4806 necnon
2588 4754 2644 4804 S.
2679 4750 2896 4818 Acacii,
2931 4747 3085 4817 quod
3125 4747 3388 4818 proxime
3416 4748 3569 4805 aedes

1919 4840 2435 4896 Constantinianas
2491 4839 2722 4900 visitur,
2783 4837 2908 4908 ipse
2963 4836 3135 4890 divus
3191 4852 3259 4892 ao
3314 4852 3568 4909 magnus

1918 4927 2340 4985 Constantinus
2379 4926 2674 4983 excitavit.
2706 4925 3014 4995 Templum
3044 4939 3178 4979 vero
3219 4925 3578 4981 Sanctorum

1919 5017 2329 5089 Apostolorum
2382 5032 2500 5070 una
2557 5031 2690 5070 cum
2750 5014 2877 5086 ipso
2927 5016 3117 5068 mater
3174 5013 3300 5082 ejus
3355 5011 3570 5069 Helena

1918 5107 2224 5175 exstruxit,
2261 5107 2450 5161 forma
2493 5103 2745 5176 oblonga
2775 5106 2832 5158 et
2859 5105 3009 5158 tecto
3057 5100 3247 5172 ligneo
3277 5104 3570 5171 opertum.

1917 5196 2060 5252 Item
2109 5197 2559 5250 monumentum
2612 5192 3060 5264 imperatorum,
3092 5190 3151 5244 in
3201 5205 3318 5260 quo
3350 5192 3409 5244 et
3445 5188 3574 5262 ipsa

1918 5283 2190 5338 conditus
2220 5287 2330 5337 est.

2130 5400 2206 5453 Dc
2232 5396 2351 5455 aede
2384 5412 2476 5453 seu
2506 5403 2688 5452 tractu
2714 5394 2987 5465 στιν·ρίαηί
3013 5393 3354 5463 cognomine.

1985 5504 2187 5560 ZEdem
2234 5519 2335 5560 seu
2375 5505 2628 5558 tractum
2681 5499 2949 5572 Carpiani
3000 5498 3199 5554 condit
3245 5497 3567 5570 Carpianus

1912 5592 2216 5666 patricius,
2266 5597 2528 5663 tempore
2558 5588 2928 5647 Constantini
2979 5586 3276 5658 Pogonati,
3316 5585 3562 5643 Heraclii

1913 5681 2038 5738 filii.
