4056 6346
453 329 616 391 1239

810 462 885 516 De
910 461 1139 517 ecclesia
1168 478 1288 533 qua
1318 464 1478 520 Bassi
1508 472 1749 520 vocatur.

528 549 851 606 Ecclesium
901 550 1250 621 cognomine
1299 552 1485 621 Bassi,
1536 554 1757 610 Bassus
1806 552 2109 625 patricius,

458 656 597 697 cum
646 640 857 694 domus
904 638 1094 709 ipsius
1154 640 1233 694 ibi
1296 646 1471 712 esset,
1534 642 1797 698 condidit
1852 647 2111 712 tempore

457 727 783 786 Iustiniani
824 726 1039 798 Magni.
1073 728 1221 783 Huic
1261 729 1564 801 indignata
1595 730 1901 787 Theodore
1930 731 2111 801 impe-

458 816 671 873 ratoris
707 832 851 872 uxor
880 815 1097 871 chorda
1140 824 1320 890 caput
1360 820 1486 889 ejus
1536 820 1860 889 constringi
1902 820 2109 890 jussit,

457 906 541 963 ita
571 909 635 961 ut
664 905 817 961 oculi
849 907 978 976 ejus
1008 906 1318 962 exilicrint.

994 1085 1067 1138 Dc
1097 1085 1299 1141 Sancto
1326 1088 1588 1143 Artemio.

526 1172 837 1244 Templum
871 1172 929 1228 S.
962 1173 1204 1229 Joannis
1235 1175 1618 1231 Przecursoris
1657 1176 1938 1232 condidit.
1976 1177 2113 1230 Ana-

455 1263 678 1319 stasius
746 1262 992 1317 Dicorus
1060 1261 1432 1320 Silentiarius
1500 1265 1918 1336 Dyrrachinos.
1987 1264 2112 1320 Illic

454 1351 638 1419 enim,
678 1366 810 1406 cum
842 1350 1068 1421 primus
1101 1368 1133 1405 a
1165 1353 1404 1408 secretis
1437 1353 1630 1408 adhuc
1671 1358 1846 1417 esset,
1880 1352 2111 1408 habita-

453 1440 579 1497 bat.
612 1440 934 1511 Postquam
966 1455 1101 1495 vero
1145 1439 1403 1512 reliquiae
1453 1442 1511 1496 8.
1546 1441 1788 1497 Artemii
1821 1458 1886 1496 eo
1916 1447 2109 1496 trans-

456 1528 589 1584 latae
649 1529 886 1585 {uerunt
943 1544 1154 1584 nomen
1209 1529 1268 1584 S.
1321 1531 1565 1585 Artemii
1617 1531 1905 1602 templum
1964 1530 2107 1585 illud

460 1616 737 1674 obtinuit.

623 1730 701 1781 De
729 1725 931 1797 templo
961 1726 1016 1782 S.
1048 1727 1303 1797 Procopii
1335 1726 1587 1784 Chelone?
1614 1728 1952 1797 nuncupata.

531 1885 597 1941 In
637 1886 843 1941 eodem
893 1886 1114 1959 templo
1162 1887 1360 1943 Sancti
1416 1886 1675 1959 ProcOpii
1707 1886 1976 1942 Chelones
2005 1901 2105 1941 co-

455 1974 799 2048 gnominato
839 1975 1150 2045 cujusdam
1202 1976 1457 2032 eunuchi
1491 1980 1689 2031 statua
1736 1979 1928 2031 erecta
1976 1974 2104 2042 fuit,

1396 331 1792 394 APPENDlX
1835 336 1939 393 AD
1986 331 2444 394 MICHAELEM
2491 331 2878 395 PSELLUM.

2136 464 2189 530 A

2139 1833 2188 1897 Β

3721 333 3882 393 1240

2773 462 2905 537 Περὶ
2933 464 3039 516 τῶν
3073 459 3309 519 Βάσσου.

2292 550 2357 604 ΤΚ
2414 548 2461 605 δῖ
2585 553 2592 563 ¹
2790 551 2804 570 9
3604 572 3626 588 ρ
3691 550 3708 567 9
3822 549 3875 567 ἧι

2336 572 2367 604 α
2448 571 2470 605 ε
2518 557 2729 607 Βασσου
2780 553 3028 627 ανήγειρε
3075 550 3282 613 Βάσσος
3340 550 3649 627 πατρίκιος,
3686 570 3885 619 ens-.01,

2221 640 2372 701 οἶκος
2430 639 2595 694 αὐτοῦ
2646 640 2735 709 ἦν,
2770 639 2820 694 ἐν
2869 644 2990 701 τοῖς
3035 640 3261 714 χρόνοις
3300 644 3397 693 τοῦ
3444 639 3704 713 Μεγάλου
3741 641 3886 696 Ἰου-

2222 733 2510 784 στινιανοῦ.
2540 727 2632 792 Εἷς
2680 727 2879 805 ἔχθραν
2931 727 3163 792 ἐλθοῦσα
3215 729 3328 802 μετ’
3375 729 3543 783 αὐτοῦ
3590 734 3684 783 τοῦ
3742 729 3883 785 Βάσ-

2222 836 2316 868 σου
2344 813 2596 892 Θεοδώρα
2625 819 2659 885 ἡ
2690 817 2825 891 γυνὴ
2888 815 3159 892 βασιλέως
3204 814 3416 893 ἔσφιγξε
3461 818 3562 886 τὴν
3625 815 3880 891 κεφαλῇ

2221 902 2384 958 αὐτοῦ
2463 904 2595 977 μετᾶ
2671 902 2910 983 κόρδας,
2968 906 3056 960 καὶ
3136 903 3472 976 ἐξεπήδησαν
3548 907 3600 961 οἱ
3676 906 3882 960 τούτου

2222 991 2523 1070 ὀφθαλμοί.

2636 1083 2765 1157 Περὶ
2794 1086 2892 1137 τοῦ
2922 1080 3107 1157 ’Λγίου
3139 1082 3448 1158 Ἀρτεμίου.

2290 1171 2389 1224 Τὸν
2453 1167 2509 1224 δὲ
2564 1171 2688 1224 ναὸν
2746 1174 2843 1224 τοῦ
2901 1168 3233 1246 Προδρόμου
3290 1170 3566 1246 ἀνήγειρεν
3617 1172 3884 1229 Ἀναστᾶ-

2222 1280 2336 1321 σιος
2388 1260 2415 1313 6
2465 1259 2714 1335 Δίκορος,
2749 1260 2777 1314 6
2822 1255 2928 1314 ἀττὸ
2961 1258 3340 1336 σελεντιαρίων
3394 1260 3421 1314 ὁ
3482 1260 3842 1336 Δυρέαχίτης
3870 1282 3881 1291 ·

2222 1344 2374 1409 ὄντος
2422 1348 2521 1424 γὰρ
2566 1347 2729 1402 αὐτοῦ
2786 1352 3264 1423 πρωτοασεκρῆτις
3322 1346 3490 1403 ἐκεῖσε
3539 1347 3692 1420 ᾤκει.
3727 1350 3885 1405 Μετᾶ

2222 1434 2279 1491 δὶ
2307 1437 2369 1490 τὸ
2412 1440 2742 1508 κομισθῆναι
2798 1438 2861 1491 τὸ
2919 1435 3174 1511 λείψανον
3234 1442 3329 1491 τοῦ
3370 1438 3529 1511 ἁγίου
3562 1439 3881 1512 Ἀρτεμέου,

2221 1525 2513 1598 ὠνομάσθη
2548 1526 2576 1579 6
2607 1526 2729 1587 ναὸς
2757 1529 2854 1580 τοῦ
2886 1526 3200 1601 Ἀρτεμίου.

2219 1721 2349 1797 Ηερὶ
2433 1726 2529 1777 τοῦ
2602 1726 2733 1777 ναοῦ
2803 1728 2899 1778 τοῦ
2926 1722 3143 1850 λ’ᾼγίου
3225 1721 3535 1798 Προκοπίου
3601 1728 3703 1790 τῆς
3776 1728 3881 1777 xc-

2967 1816 3132 1850 ωνης.

2967 1816 3132 1864 ωνης.

2286 1885 2408 1939 ’Ότι
2440 1881 2491 1937 ἐν
2522 1887 2602 1955 τῷ
2632 1883 2781 1956 αὐτῷ
2826 1888 2942 1956 ναῷ
2983 1890 3085 1953 τῆς
3134 1880 3420 1953 Χελώνης,
3454 1885 3634 1953 στήλη
3683 1881 3883 1937 ’ἕστατο

2216 1972 2482 2047 εὐνούχου
2532 1973 2705 2044 τινὸς,
2842 1972 2892 2027 ἐν
2951 1977 3031 2044 τῷ
3080 1974 3265 2043 στήθει
3323 1969 3550 2048 ἐγράφη·
3583 1973 3640 2025 '0
3702 1992 3875 2044 μετα-

454 2064 516 2120 in
562 2065 735 2135 cujus
783 2068 1015 2136 pectore
1054 2064 1404 2136 inscriptum
1437 2068 1564 2121 erat
1598 2081 1611 2118 :
1648 2066 1903 2135 Quisquis
1947 2065 2107 2132 signa

2239 2060 2380 2123 ῖιθεῖς
2441 2060 2691 2134 θεμάτια,
2748 2064 2825 2133 τῷ
2878 2062 3071 2137 βρόχῳ
3123 2058 3513 2130 παραδοθήτω.
3560 2064 3656 2115 Ἦν
3714 2058 3773 2114 δὲ
3835 2063 3870 2128 ἦ

450 2154 661 2225 magica
705 2161 1016 2209 consecrata
1066 2154 1186 2208 loco
1227 2154 1477 2220 moverit,
1514 2154 1707 2225 laqueo
1751 2156 2103 2225 prae/ocetur.

451 2242 590 2298 Erat
619 2246 816 2297 autem
863 2244 1055 2297 statua
1085 2240 1345 2296 Platonis
1395 2241 1763 2308 cubicularii,
1798 2242 1897 2311 qui
1946 2241 2105 2296 Basi-

452 2328 583 2387 lisci
632 2328 1004 2401 imperatoris
1052 2328 1419 2401 temporibus
1449 2329 1617 2385 vivus
1668 2328 1831 2386 arsit.
1865 2327 2107 2401 Cognati

452 2435 590 2475 vero
622 2419 750 2489 ejus
782 2418 854 2473 ab
904 2418 1255 2490 imperatore
1286 2418 1603 2490 petierunt,
1635 2423 1700 2474 ut
1746 2419 1971 2475 Platoni
2008 2436 2109 2474 eu-

456 2506 652 2562 nucho
683 2508 883 2561 statua
914 2510 1249 2578 poneretur.
1279 2506 1381 2563 Ille
1418 2524 1553 2563 vero
1596 2507 1753 2563 haud
1786 2507 2108 2580 prohibuit.

456 2594 743 2650 Caeterum
767 2610 900 2649 cum
932 2594 1218 2666 templum
1250 2596 1310 2651 S.
1345 2595 1605 2667 Procopii
1639 2595 2108 2665 reaedificaretur,

456 2684 519 2739 in
559 2682 1020 2755 Hippodromum
1076 2687 1273 2739 statua
1322 2683 1424 2739 illa
1470 2685 1756 2740 translata
1802 2690 1908 2739 est.
1942 2685 2111 2739 [Edes

452 2788 589 2828 vero
620 2772 813 2845 ipsius
841 2772 1096 2828 eunuchi
1126 2773 1196 2828 ad
1230 2772 1576 2829 hodiernam
1610 2790 1798 2845 usque
1830 2774 1983 2828 diem
2019 2790 2113 2829 su-

453 2866 703 2935 persunt
730 2861 791 2916 in
822 2859 1094 2917 Chelone.

620 2970 695 3024 De
725 2975 913 3024 sancto
941 2969 1225 3038 Procopio,
1258 2971 1307 3023 et
1341 2967 1536 3024 Sancto
1574 2968 1939 3041 Meerphane.

521 3126 840 3183 Ecclesiam
882 3132 943 3182 S.
974 3127 1242 3199 Proc0pii
1294 3128 1352 3182 in
1402 3126 1675 3197 Chelone,
1708 3132 1764 3182 et
1811 3132 1866 3183 S.
1898 3131 2108 3184 Metro-

451 3215 668 3289 phanis
717 3215 980 3271 condidit
1016 3216 1443 3271 Constantinus
1489 3217 1772 3287 Magnus;
1825 3217 2107 3272 Sanctum

451 3320 591 3362 vero
673 3304 946 3359 Acacium
1013 3306 1255 3360 Carvam
1342 3311 1743 3377 nuncupatam
1827 3307 2111 3361 exstruxit

456 3394 641 3451 frater
693 3391 942 3449 Charisii
1005 3392 1254 3464 patricii,
1308 3399 1570 3465 tempore
1626 3394 1843 3450 Justini
1903 3399 1959 3449 et
2014 3396 2107 3450 Ti-

455 3481 631 3540 berii.

833 3576 912 3628 De
942 3571 1137 3627 Sancto
1166 3571 1427 3643 Procopio
1461 3571 1739 3628 Chelonae.

530 3661 589 3717 S.
623 3660 968 3733 Procopium
999 3660 1059 3714 in
1091 3658 1364 3728 Chelone,
1397 3669 1449 3716 et
1478 3660 1890 3732 Heptascalum
1925 3662 2111 3716 aedifi-

456 3749 1044 3807 cavitCanstantinus
1066 3753 1332 3821 Magnus.
1348 3748 1718 3804 Justinianus
1741 3767 1872 3805 vero
1890 3750 2110 3805 Sanctae

456 3838 684 3910 SOphize
718 3840 986 3895 conditor
1025 3838 1312 3910 templum
1364 3839 1509 3893 illud
1563 3838 1796 3893 nomine
1827 3844 1881 3893 8.
1921 3840 2110 3894 Αοειοίἱ

454 3927 741 4003 appellari
770 3928 976 3983 voluit.

1039 4017 1113 4070 De
1143 4016 1530 4087 Mesomphalo.

528 4104 968 4178 Mesomphalus
1018 4104 1076 4159 in
1128 4106 1320 4160 medio
1371 4109 1594 4177 septem
1660 4106 1823 4160 urbis
1875 4106 2109 4162 collium

448 4195 609 4267 jacet
658 4212 671 4250 :
724 4200 844 4250 tres
900 4194 1126 4250 scilicet
1180 4194 1252 4247 ab
1314 4198 1560 4265 utraque
1620 4199 1783 4264 parte
1840 4200 1999 4260 sunt,
2058 4200 2111 4251 et

454 4283 613 4339 inter
659 4288 941 4354 utrosque
990 4281 1466 4353 Mesomphalus,
1520 4283 1766 4353 ideoque
1818 4283 1901 4339 sic
1946 4301 2113 4339 voca-

465 4374 587 4427 tus.

637 4459 714 4515 De
740 4462 926 4514 sancto
955 4459 1213 4529 Procopio
1245 4457 1574 4513 Condalium
1605 4464 1936 4531 nuncupalo.

530 4546 841 4619 Templum
902 4547 964 4602 S.
1026 4546 1290 4617 Procopii
1340 4547 1694 4602 Condulium
1756 4549 2109 4620 appellatum
2148 4549 2191 4613 D

394 4688 397 4689 ν
459 4637 600 4693 inde
630 4652 844 4692 nomen
876 4634 1122 4708 accepit,
1153 4637 1308 4707 quod
1339 4635 1763 4692 Constantinus
1790 4638 2108 4694 Justiniani

459 4723 818 4783 Rhinotmeti
862 4728 1027 4797 pater
1068 4723 1217 4779 istac
1249 4724 1543 4780 transiens
1594 4726 1933 4798 cmspitante
1964 4743 2114 4798 equo

463 4812 760 4886 collapsus
791 4812 889 4869 sit.

773 4903 844 4957 De
875 4901 1074 4957 Sancto
1104 4902 1316 4957 Joanne
1347 4901 1625 4956 Cinthelia
1656 4903 1819 4958 dicto.

533 4991 842 5065 Templum
891 4991 950 5046 S.
983 4989 1229 5046 Joannis
1276 4988 1567 5045 Cinthelia
1616 4991 2117 5062 cognominatum,

460 5081 599 5138 inde
633 5096 847 5136 nomen
881 5079 1179 5150 accepisse
1212 5079 1429 5145 ferunt,
1463 5080 1615 5148 quod
1661 5079 1741 5133 ibi
1782 5080 1941 5151 parvi
1973 5071 2117 5137 cluvi

2217 2148 2392 2220 στήλη
2462 2148 2757 2212 Πλάτωνος
2796 2145 3284 2223 κουϐικουλαρίου,
3338 2150 3396 2211 ὃς
3446 2149 3497 2203 ἐν
3547 2155 3667 2211 ταῖς
3726 2150 3875 2221 ἡμέ-

2218 2258 2336 2314 ραις
2368 2236 2638 2313 βασιλέως
2681 2242 2777 2293 τοῦ
2825 2236 3158 2295 Βασιλίσκου
3207 2237 3571 2313 πυρίκαυστος
3620 2239 3873 2314 γέγονεν.

2218 2328 2280 2381 Ol
2308 2325 2364 2381 δὲ
2391 2333 2491 2396 τῆς
2522 2333 2703 2403 γενεᾶς
2758 2327 2921 2382 αὐτοῦ
2975 2327 3245 2402 ᾐτήσαντο
3300 2328 3389 2381 τὸν
3455 2325 3683 2402 βασιλέα
3740 2329 3880 2397 στή-

2219 2413 2325 2485 λην
2357 2418 2521 2470 Θεῖναι
2551 2420 2629 2486 τῷ
2679 2415 2930 2491 εὐνούχῳ
2977 2414 3252 2470 Πλάτωνα
3287 2417 3315 2470 6
3366 2412 3421 2469 δὲ
3460 2415 3560 2469 οὐκ
3609 2413 3877 2471 ἐκώλυεν.

2220 2506 2308 2561 Ἐν
2343 2501 2399 2558 δὲ
2427 2508 2509 2576 τῷ
2537 2503 2913 2573 ἆνακτίζεσθαι
2943 2505 3034 2559 τὸν
3067 2504 3193 2558 ναὸν
3239 2508 3337 2558 τοῦ
3367 2503 3577 2578 Ἀγίου,
3614 2504 3875 2577 μετετέθη

2221 2594 2297 2654 εἷς
2344 2593 2407 2647 τὸ
2449 2590 2837 2669 Ἰπποδρόμιον
2865 2614 2877 2628 ·
2907 2593 2959 2647 οἱ
3007 2590 3064 2647 δὲ
3111 2593 3250 2647 οἶκοι
3280 2597 3377 2647 τοῦ
3408 2594 3576 2647 αὐτοῦ
3608 2592 3880 2669 εὐνούχου

2221 2682 2485 2750 σώζονται
2511 2681 2617 2743 ἕως
2646 2688 2745 2751 τῆς
2776 2684 3015 2757 σήμερον
3051 2680 3103 2736 ἐν
3233 2679 3483 2756 Χελώνῃ.

2220 2967 2349 3042 Περὶ
2403 2971 2501 3021 τοῦ
2557 2964 2745 3041 Ἀγίου
2800 2966 3143 3042 Προκοπίου,
3198 2967 3286 3020 καὶ
3345 2969 3441 3020 τοῦ
3507 2967 3701 3041 ’Λγίου
3758 2972 3878 3035 Μη-

2882 3037 3203 3114 τροφάνους.

2293 3127 2397 3183 Τὸν
2451 3124 2507 3181 δὲ
2552 3129 2739 3202 ’Ἀγιον
2800 3126 3110 3201 ΙΙροκόπιον
3167 3126 3267 3194 τήν
3318 3125 3607 3195 Χελώνην,
3637 3126 3733 3179 καὶ
3785 3127 3877 3179 τὸν

2222 3217 2416 3291 ’Ἂγιον
2470 3216 2841 3293 Μητροφάνην
2896 3210 3100 3271 ἔκτισεν
3132 3216 3160 3269 6
3195 3214 3380 3289 Μέγας
3430 3221 3875 3279 Κωνσταντῖνος’

2218 3306 2308 3360 τὸν
2362 3302 2419 3359 δὲ
2469 3305 2618 3380 ἅγιον
2652 3304 2899 3360 Ἀκάκιον
2945 3305 3042 3373 τὴν
3095 3304 3312 3378 Καρύαν
3346 3301 3547 3358 ἔκτισεν
3580 3305 3608 3358 6
3638 3302 3877 3378 ἀδελφὸς

2218 3393 2484 3469 Χαρισίου
2542 3393 2855 3466 πατρικίου,
2890 3392 2941 3445 ἐν
2997 3398 3112 3454 τοῖς
3171 3392 3396 3469 χρόνοις
3434 3392 3737 3449 Ἰουστῖνου
3789 3393 3877 3447 καὶ

2218 3477 2496 3558 Τιϐερίου.

2419 3569 2545 3645 Περῖ
2577 3574 2673 3625 τοῦ
2701 3570 2885 3645 Ἀγίου
2915 3569 3228 3645 Προκοπίου
3260 3576 3359 3639 τῆς
3392 3568 3674 3640 Χελώνης.

2290 3663 2413 3717 Ὅτι
2470 3661 2568 3727 τήν
2630 3660 2883 3728 Χελώνην
2916 3659 3006 3713 τὸν
3039 3662 3234 3732 ’Ἃγιον
3265 3659 3600 3734 Προκὸπιον,
3634 3659 3727 3712 καὶ
3788 3661 3877 3713 τὸν

2220 3746 2588 3806 Ἑπτάσκαλον
2649 3748 2676 3801 6
2732 3747 2919 3823 Μέγας
2978 3753 3381 3808 Κωνσταντῖνος
3450 3747 3768 3821 ἀνήγειρεν.
3826 3750 3881 3800 '0

2222 3836 2689 3898 δὲ’ἰουστινιανὸς
2750 3838 2777 3891 6
2823 3835 3058 3911 κτίστωρ
3113 3838 3211 3905 τῆς
3267 3833 3525 3911 Μεγάλης
3580 3835 3881 3905 ἐκκλησίας

2222 3925 2443 3982 ἐκάλεσε
2471 3926 2561 3980 τὸν
2594 3925 2745 3995 ναὸν,
2776 3926 2931 4000 ἅγιον
2966 3926 3246 3980 Ἀκάκιον.

2706 4014 2835 4088 Περὶ
2863 4018 2958 4067 τοῦ
2992 4014 3139 4069 Μεσο
3150 4011 3388 4090 μφάλου.

2292 4105 2416 4161 ’Ότι
2468 4102 2532 4157 τὸ
2590 4100 2881 4178 λεγόμενον
2935 4100 3302 4178 Μεσὸμφαλον
3384 4102 3545 4172 μέσον
3598 4101 3711 4154 ἐστῖ
3778 4106 3882 4154 τῶν

2224 4192 2357 4248 ἒπτᾶ
2415 4190 2621 4269 λόφων,
2654 4190 2819 4265 ἤγουν
2879 4193 2913 4259 ἡ
2971 4190 3068 4263 μία
3122 4194 3288 4265 μοῖρα
3326 4196 3426 4258 τῆς
3477 4188 3701 4251 πόλεως
3771 4189 3881 4264 ἔχει

2223 4287 2367 4353 τρεῖς
2424 4276 2653 4358 λόφους,
2692 4281 2780 4335 καὶ
2840 4281 2874 4348 ἡ
2935 4279 3110 4350 ἑτέρα,
3168 4283 3312 4352 τρεῖς
3350 4296 3362 4308 ⁸
3398 4277 3485 4332 καὶ
3544 4276 3709 4351 μέσοιν
3778 4279 3884 4333 ἐστὶ

2222 4375 2383 4424 τοῦτο
2419 4389 2430 4401 ⁶
2468 4367 2556 4423 διὰ
2583 4367 2743 4423 τοῦτο
2775 4367 2981 4438 ἐκλήθη
3002 4366 3411 4444 ,Μεσόμφαλον.

2422 4459 2553 4533 Περὶ
2579 4462 2673 4512 τοῦ
2702 4455 2885 4531 Ἃγίοο
2918 4456 3229 4529 Προκοπίου
3258 4457 3321 4511 τὸ
3351 4452 3681 4511 Κονδύλιον.

2292 4551 2410 4603 Ὅτι
2442 4547 2504 4601 τὸ
2558 4543 2864 4601 Κονδύλιον
2912 4546 2940 4599 6
2982 4548 3170 4619 ’Ἄγιος
3209 4543 3539 4617 Προκόπιος,
3572 4540 3665 4598 διὰ
3720 4549 3885 4599 τοῦτο

2227 4634 2435 4706 ἐκλήθη
2497 4634 2693 4702 οὕτως,
2724 4633 2806 4688 ὅτι
2859 4631 3217 4707 διερχόμενος
3269 4635 3670 4695 Κωνσταντῖνος
3720 4634 3752 4687 ὁ
3783 4654 3883 4686 πα-

2222 4727 2326 4799 τὴρ
2378 4726 2759 4778 Ἰουστινιανοῦ
2805 4726 2901 4776 τοῦ
2948 4723 3307 4795 Ῥινοτμήτου
3365 4719 3537 4775 ἐκεῖσε
3593 4718 3882 4776 ἐκονδύ).;-

2226 4835 2313 4869 σεν
2347 4814 2375 4868 6
2398 4812 2572 4874 ’ἱππος
2604 4811 2790 4881 αὐτοῦ,
2817 4810 2906 4866 καὶ
2938 4808 3145 4866 ἔπεσεν.

2470 4900 2599 4972 Περὶ
2629 4904 2725 4953 τοῦ
2756 4900 2944 4974 Ἀγίου
2974 4896 3227 4954 Ἰωάννου
3257 4897 3322 4955 τὰ
3351 4895 3639 4968 Κινθήλια.

2297 4992 2421 5048 ’Ότι
2475 4990 2543 5044 τὰ
2596 4986 2868 5063 λεγόμενα
2925 4987 3194 5059 Κινθήλια
3247 4987 3340 5041 τὸν
3389 4989 3577 5060 Ἃγιον
3626 4985 3883 5054 Ἰωάννην

2230 5080 2501 5154 λέγουσιν,
2533 5080 2616 5132 δτι
2676 5076 2847 5138 οὕτως
2905 5076 3141 5146 ἐκλήθη,
3174 5073 3262 5130 διὰ
3308 5076 3371 5129 τὸ
3427 5076 3651 5146 κάμνειν
3709 5074 3887 5129 ἐκεῖσε

462 5168 776 5241 affigendis
825 5182 1115 5239 equorum
1169 5166 1347 5222 soleis
1395 5167 1767 5221 cudercntur.
1822 5168 2112 5237 Ejusmodi

2239 5171 2296 5224 τὰ
2357 5167 2523 5243 μικρᾶ
2573 5166 2772 5244 καρφία
2839 5165 2904 5220 τὰ
2978 5159 3398 5237 καϐαλλαρικὰ,
3459 5165 3591 5239 ἅπερ
3663 5163 3885 5239 λέγουσι

463 5259 622 5314 enim
656 5256 804 5313 clavi
838 5255 1120 5311 cintbelia
1149 5258 1454 5311 vocantur.

2232 5255 2523 5327 Κινθήλια.

699 5373 773 5428 De
802 5372 1002 5444 templo
1033 5371 1128 5427 SS.
1162 5371 1542 5441 Quadraginta
1569 5371 1639 5427 ad
1673 5371 1930 5427 Thermas
1964 5375 2495 5440 Conslanlim’anas,
2528 5388 2736 5429 necnon
2764 5371 2828 5428 de
2857 5370 3105 5428 Ecclesia
3136 5372 3326 5428 Sancti
3355 5370 3638 5441 Stephani.

539 5469 851 5542 Templum
898 5474 1243 5526 Sanctorum
1277 5470 1698 5543 Quadraginta,
1732 5471 1887 5541 quod
1921 5476 2009 5527 est
2050 5475 2119 5528 ad

466 5558 750 5615 Thermas
794 5558 1310 5615 Constantinianas
1358 5560 1709 5615 Anastasius
1758 5563 1813 5614 et
1864 5560 2123 5617 Ariadna

469 5646 852 5703 ωάἱίὶοιι-υηι.
873 5646 1189 5718 Postquam
1223 5664 1355 5703 vero
1398 5649 1649 5704 advectae
1678 5653 1817 5703 sunt
1862 5648 2119 5721 reliquia

2304 5473 2425 5528 ’Ότι
2457 5469 2548 5524 τὸν
2606 5468 2729 5523 ναὸν
2785 5468 2875 5522 τὸν
2932 5464 3059 5523 ὄντα
3110 5466 3186 5531 εἰς
3229 5464 3726 5527 Κωνσταντινιανᾶς
3779 5470 3887 5520 τῶν

2230 5560 2425 5634 Ἀγίων
2500 5558 2592 5629 Μ’,
2652 5557 2998 5618 Ἀναστάσιος
3067 5556 3155 5610 καὶ
3218 5551 3474 5629 Ἀριάδνη
3542 5554 3836 5629 ἀνήγειρεν
3871 5595 3885 5608 .

2231 5650 2383 5706 Μετὰ
2439 5644 2495 5702 δὶ
2551 5646 2615 5701 τὸ
2664 5643 2839 5702 ἐλθεῖν
2885 5646 2947 5701 τὸ
3005 5644 3260 5720 λείψανον
3318 5646 3414 5698 τοῦ
3463 5640 3616 5719 ἁγίου
3665 5661 3885 5716 πρωτο-
