4056 6346
192 358 350 418 i241

1327 363 1692 427 ANONYMI
1737 365 2320 438 ANTIQUITATES
2368 369 2486 428 CP.

3458 367 3612 426 1.342

194 489 476 564 μάρτυρος
530 489 825 565 Στεφάνου,
859 492 1150 568 ἀνήγειραν
1205 491 1386 572 ἰτερον
1449 497 1642 572 μικρὸν
1695 498 1842 569 ναὸν,

1965 502 2014 554 Β.
2048 499 2327 572 Stephani
2376 499 2838 574 protomartyris,
2875 498 3122 554 alterum
3173 513 3415 569 parvum
3461 501 3610 553 tem-

188 577 288 632 καὶ
320 576 606 651 ὠνόμασαν
636 579 820 649 αὐτὸν,
841 583 1029 656 Ἀγιον
1063 583 1358 660 Στέφανον.

671 758 804 834 Περὶ
834 763 931 814 τοῦ
961 761 1370 836 Δεξιοκράτους.

269 846 346 899 Ti
403 845 786 920 Δεξιοκράτους
865 849 1015 912 οἶκας
1069 851 1135 919 ἦν
1198 851 1580 929 Δεξιοκράτους
1653 873 1851 929 πατρι-

187 930 340 1000 κίου,
371 931 423 986 ἐν
448 938 565 994 τοῖς
596 933 819 1009 χρόνοις
844 933 1132 991 Θεοδοσίου
1178 943 1274 993 τοῦ
1310 938 1546 1016 δ1ικροῦ,
1576 939 1626 996 ἐν
1674 942 1720 1014 ᾧ
1761 942 1850 996 καὶ

190 1019 501 1093 Μαυρίκιος
530 1028 900 1096 γηροκομεῖον
956 1025 1204 1101 ἀνήγειρε
1251 1027 1343 1082 σὺν
1384 1035 1502 1091 τοῖς
1561 1024 1849 1102 ἐμϐόλοις.

184 1110 292 1164 Ἠν
353 1105 410 1162 δέ
465 1108 574 1163 ἐκεῖ
619 1111 768 1173 οἶκος
806 1118 1117 1188 Καρπιανοῦ
1147 1117 1461 1192 πατρικίου,
1493 1118 1582 1171 καὶ
1643 1117 1692 1190 ἐξ
1756 1117 1850 1172 αὖ·

181 1202 288 1251 τοῦ
321 1195 545 1275 εἴληφεν
575 1200 603 1253 6
629 1199 797 1262 τόπος
826 1204 924 1271 τὴν
971 1206 1339 1281 προσηγορίαν
1375 1212 1704 1283 Καρπιανοῦ.

834 1382 963 1457 Περὶ
998 1382 1196 1459 Κύρου.

256 1463 338 1520 Τὰ
396 1462 452 1519 δὶ
529 1466 710 1542 Κύρου
784 1471 886 1538 τήν
945 1472 1262 1548 ’Υπεραγίαν
1331 1475 1594 1530 Θεοτόκον
1673 1471 1848 1530 ἔκτισε

186 1550 370 1628 Κύρος
413 1552 680 1630 ἔπαρχος,
713 1557 742 1610 6
787 1559 875 1612 καὶ
916 1560 1315 1635 παριστάμενος
1359 1562 1434 1624 εἷς
1477 1563 1537 1618 τὸ
1587 1569 1844 1638 χερσαῖον

181 1645 405 1726 τεῖχος,
440 1641 525 1697 ἐπὶ
585 1642 876 1700 Θεοδοσίου
930 1651 1027 1702 τοῦ
1085 1650 1322 1724 Μικροῦ,
1376 1654 1682 1726 κραξάντων
1737 1656 1844 1706 τῶν

188 1725 415 1800 δήμων·
447 1730 530 1785 ὅτι
599 1732 772 1809 Κύρος
829 1735 919 1789 καὶ
973 1735 1050 1798 είς
1107 1736 1248 1792 ἄλλο
1304 1725 1514 1807 κινήσει
1560 1740 1650 1794 καὶ
1709 1761 1848 1816 προ-

185 1816 376 1891 κόψει.
430 1819 528 1932 K‘a’i
587 1823 877 1932 φθονηθεὶς
953 1823 1205 1897 ἐποίησεν
1280 1826 1438 1883 αὐτὸν
1499 1831 1528 1884 6
1591 1827 1843 1904 βασιλεὺς
1877 1868 1923 1932 Β

194 1907 618 1984 μητροπολίτην
649 1911 725 1974 είς
757 1910 1038 1987 Σμύρνην.

820 2107 835 2127 \
907 2109 920 2126 ε
1215 2110 1225 2128 Ι

701 2112 837 2181 Ηερι
867 2129 930 2162 το
962 2110 1328 2181 Κοντοσκαλη.

265 2193 390 2249 ’Ὁτι
447 2193 509 2247 τὸ
580 2194 932 2268 Κοντοσκάλη
987 2201 1022 2268 ἡ
1081 2201 1257 2274 πόρτα
1312 2203 1418 2256 ἀπὸ
1477 2202 1847 2278 Ἀγαλλιανοῦ

187 2283 549 2358 τουρμάρχου
600 2285 1003 2359 παρισταμένου
1037 2330 1051 2355 ,
1104 2290 1192 2343 ὅτε
1267 2288 1504 2360 ἐκτίζετο
1569 2294 1597 2347 6
1651 2294 1846 2366 λιμήν.

186 2369 475 2425 Ἐκαλεῖτο
536 2368 594 2426 δὲ
649 2371 856 2438 ἐκεῖνος
912 2378 1294 2448 ΚοντοσκέΛη,
1353 2380 1442 2434 καὶ
1521 2379 1610 2435 διὰ
1685 2386 1847 2437 τοῦτο

187 2455 400 2529 ἐκλήθη
435 2460 631 2524 οὕτως.

547 2568 676 2642 Περὶ
703 2575 800 2623 τοῦ
826 2571 1053 2641 ξενῶνος
1082 2578 1182 2628 τοῦ
1213 2574 1483 2653 Θεοφίλου

259 2654 348 2708 Ἐν
404 2659 482 2727 τῷ
536 2656 864 2732 καλουμένῳ
921 2660 1190 2737 Ζεύγματι
1250 2662 1433 2719 ἐπάνω
1491 2670 1587 2720 τοῦ
1650 2665 1845 2742 λόφου,

193 2741 328 2832 ᾇπερ
381 2745 570 2820 ὁρᾶται
630 2744 865 2818 εὔμηκες
922 2749 1153 2824 κτίσμας
1181 2760 1538 2828 νοσοκομεῖον
1591 2756 1681 2828 ἦν,
1715 2741 1846 2832 ὅπερ

193 2830 482 2908 ἀνήγειρεν
543 2835 570 2888 6
616 2835 795 2910 Μέγας
849 2844 1254 2904 Κωνσταντῖνος
1312 2843 1390 2905 είς
1443 2849 1718 2918 πορνεῖον.
1751 2830 1849 2900 1‘s-

191 2940 318 2995 γονε
377 2918 436 2975 δὲ
484 2923 573 2976 καὶ
630 2925 776 2986 οἶκος
831 2925 1112 3002 Ἰσιδώρου
1167 2931 1477 3006 πατρικίου,
1508 2934 1617 2988 εἶτα
1681 2957 1846 3008 μονα-

197 3010 425 3084 στήριον
483 3016 940 3086 γυναικεῖονοκαὶ
1002 3017 1030 3070 6
1087 3017 1352 3093 Θεόφιλος
1411 3020 1663 3092 ἐποίησεν
1717 3023 1846 3078 αὐτὸ

196 3100 421 3170 ξενῶνα.
454 3101 666 3155 Ἵστατο
699 3099 754 3155 δὶ
802 3101 980 3174 στήλη
1035 3103 1122 3160 ἐπὶ
1173 3105 1422 3164 κλωστοῦ
1467 3109 1652 3173 κίονος
1705 3109 1846 3176 λιθί-

191 3205 290 3240 νου
337 3191 435 3255 τῆς
465 3186 806 3265 Ἀφροδίτης·
838 3197 947 3246 τῶν
997 3190 1054 3248 δέ
1098 3192 1343 3250 πολιτῶν
1389 3197 1560 3253 ἐκεῖσε
1611 3200 1848 3275 ἀπερχο-

197 3275 374 3344 μένων
406 3276 495 3330 καὶ
529 3275 776 3350 ἐρώντων
821 3281 1072 3352 σονουσίᾳ
1130 3283 1346 3351 ζώντων
1395 3286 1491 3348 τὰς
1551 3286 1723 3342 ἐκεῖσε
1771 3289 1848 3344 oi-

193 3361 395 3450 κούσας
435 3364 745 3440 μαχλάδας.
777 3369 1011 3439 Ἔξωθεν
1059 3371 1156 3426 τοῦ
1204 3373 1368 3428 αὐτοῦ
1418 3375 1525 3450 οὐχ
1573 3376 1847 3450 εὑρίσκετο

189 3446 373 3526 ἕτερον
427 3461 711 3525 πορνεῖον.
746 3456 849 3512 Καὶ
906 3459 1043 3526 ἦσαν
1100 3455 1370 3537 διάχωροι
1402 3446 1538 3538 προς
1562 3446 1689 3526 τους
1737 3466 1848 3520 κίο-

189 3560 282 3601 νας
344 3542 479 3612 μετά
533 3542 827 3618 κρικελίων
883 3546 973 3602 κκὶ
1031 3549 1318 3624 κουρτίων,
1367 3550 1456 3606 καὶ
1541 3551 1714 3618 οῧτως
1792 3556 1848 3609 οἱ

193 3627 370 3715 ἐκεῖσε
420 3629 470 3684 ἐν
522 3632 724 3703 ἀσωτίᾳ
773 3631 922 3697 ὅντες
976 3637 1065 3690 καὶ
1120 3637 1346 3713 ἐρῶντες
1405 3639 1714 3715 ἐτέρποντο.
1746 3646 1849 3700 Ἦν

194 3714 254 3771 ὃὶ
313 3716 490 3789 στήλη
549 3725 659 3775 τῶν
717 3721 770 3776 ἐν
833 3721 1111 3799 ὑπολήψει
1162 3726 1336 3781 οὐσῶν
1371 3714 1618 3806 καθαρῶν
1671 3753 1851 3807 γυναι-

193 3810 305 3860 κῶν
364 3811 471 3861 τῶν
528 3829 588 3863 τε
646 3813 924 3880 παρθένων
984 3814 1074 3868 καὶ
1137 3817 1236 3887 μή,
1268 3815 1549 3873 πλουσίων
1609 3841 1669 3875 τε
1707 3821 1849 3894 ὁμοῦ

193 3896 287 3950 καὶ
332 3898 600 3966 πενήτων.
632 3898 731 3953 Καὶ
781 3899 867 3954 ἐάν
915 3921 1000 3965 τις
1046 3900 1230 3957 ἔλυσεν
1265 3905 1456 3960 αὐτῶν
1503 3909 1600 3976 τὴν
1651 3911 1849 3983 παρθε-

193 3983 338 4050 νίαν,
369 3984 458 4038 καὶ
518 3986 595 4058 μή
659 3985 1014 4060 βουλομένων
1067 3989 1392 4066 ὁμολογεῖν,
1423 3988 1610 4070 ἔλεγον
1668 3996 1852 4060 αὐταῖς

197 4073 250 4162 ei
281 4077 462 4162 γονεῖς
504 4073 593 4162 καὶ
631 4075 683 4128 οἱ
715 4075 891 4152 φίλοιο
921 4076 1284 4152 Ἀπέλθωμεν
1315 4079 1392 4145 είς
1418 4081 1481 4136 τὸ
1525 4089 1624 4152 τῆς
1657 4085 1850 4162 Ἀφρο-

196 4158 351 4230 δίτης
421 4158 662 4235 ἄγαλμα,
721 4165 808 4218 καὶ
866 4164 917 4219 εἷ’
970 4167 1177 4241 καθαρά
1233 4169 1298 4237 εἷ,
1355 4167 1666 4246 ἐλεγχθήσῃ
1731 4158 1854 4228 ’ἐκεῖ

193 4249 344 4322 παρὰ
387 4256 487 4318 τῆς
539 4248 773 4321 στήλης.
806 4253 904 4306 Καὶ
953 4252 1042 4309 ὅτε
1089 4253 1444 4326 ἐπλησίαζον,
1495 4259 1545 4312 εἶ’
1595 4261 1689 4333 μὶν
1743 4258 1851 4335 ἅμ-

195 4358 425 4410 εμπτος,
487 4335 750 4411 διήρχετο
811 4335 1171 4412 ἅϐλαϐής’ἡ
1234 4341 1292 4398 δὲ
1347 4343 1680 4422 ἐφθαρμένη,
1733 4348 1849 4403 ἐπι-

196 4425 388 4496 στασίᾳ
445 4425 615 4502 ἀθρόᾳ
666 4427 960 4497 ἐσηκοῦντο
989 4431 1056 4484 τά
1103 4430 1295 4502 ἱμάτια
1345 4433 1534 4506 αὐτῆς,
1567 4436 1656 4490 καὶ
1715 4434 1848 4492 ἐδεί-

195 4534 324 4600 κνυε
351 4515 413 4568 τὸ
459 4514 652 4582 ἑαυτῆς
700 4513 933 4572 αἰδοῖον.
962 4517 1205 4590 Ὁμοίως
1261 4515 1318 4574 δὲ
1372 4522 1460 4576 καὶ
1513 4524 1568 4577 αἱ
1623 4519 1847 4600 ἔχουσαι

198 4598 416 4678 ἄνδρας,
473 4601 559 4657 ἐὰν
626 4600 898 4678 λαθραίως
959 4589 1343 4682 ἐμοιχεύοντο,
1400 4614 1561 4664 τοῦτο
1619 4589 1709 4666 καὶ
1767 4612 1848 4667 ἐπ’
1883 4589 1926 4652 D

200 4690 388 4752 αὐταῖς
449 4689 674 4766 ἐγίνετο,
707 4693 796 4745 καὶ
851 4693 1023 4755 οὕτως
1081 4694 1431 4772 ἀπηλέγχετο
1471 4700 1558 4752 καὶ
1609 4698 1846 4773 ἐθαύμα·

201 4785 292 4849 ζον
352 4780 566 4848 πάντες,
623 4779 713 4834 καὶ
785 4779 1060 4836 ἐπίστευον
1137 4787 1204 4856 τῇ
1279 4785 1544 4861 γενομένῃ
1624 4787 1851 4863 πορνείᾳ

201 4867 421 4924 ἐκείνων
477 4871 775 4937 τηνικαῦτα
831 4868 1250 4943 ὁμολογουσῶν.
1301 4873 1362 4928 Ἠ
1423 4870 1480 4927 δὲ
1529 4875 1664 4948 γυνή
1714 4875 1849 4929 Ἰιιυο

199 4955 382 5012 στίνου
431 4959 528 5009 τοῦ
584 4955 690 5010 ἀπὸ
735 4956 1164 5033 κουροπαλᾶτων
1225 4959 1507 5034 συνέτριψε
1573 4961 1669 5029 τήν
1721 4965 1848 5032 στή-

199 5044 327 5115 λην,
359 5041 446 5098 διὰ
473 5045 536 5098 τὸ
578 5045 668 5099 καὶ
697 5052 797 5114 τῆς
841 5045 1010 5124 αὐτῆς
1062 5043 1270 5102 αἱδοῖον
1329 5055 1555 5124 φανῆναι
1619 5069 1849 5124 μοιχευ-

198 5136 391 5202 σάσης,
453 5130 818 5207 διερχομένης
863 5123 946 5208 ἐφ’
995 5134 1155 5208 ἵππῳ
1213 5123 1410 5206 ἐκεῖκε,
1457 5137 1547 5191 καὶ
1608 5123 1848 5212 (impio-

199 5223 365 5295 μένης
418 5220 470 5274 ἐν
519 5221 600 5291 τῷ
646 5220 879 5294 λούματι
911 5226 1016 5276 τῶν
1051 5221 1406 5298 Βλαχερνῶν,
1440 5220 1655 5300 ὄμϐρου
1712 5225 1849 5298 ἐξαι-

196 5312 317 5366 σίου
391 5309 712 5384 γενομένου,
769 5309 857 5363 καὶ
933 5311 1008 5381 μή
1071 5307 1372 5384 δυναμένης
1431 5310 1518 5368 διὰ
1574 5313 1848 5385 Θαλάσσης

193 5399 396 5465 ταύτης
428 5397 478 5452 ἐν
512 5402 628 5458 τοῖς
667 5395 972 5473 βασιλικοῖς
1007 5395 1284 5473 δρόμωσιν
1318 5401 1430 5455 ἐκεῖ
1455 5399 1729 5466 ἀπελθεῖν.

717 5574 850 5646 Περὶ
879 5580 977 5630 τοῦ
1008 5576 1335 5652 Ζεύγματος.

268 5667 340 5720 Τὸ
389 5663 448 5721 δὲ
485 5669 576 5719 νῦν
627 5662 966 5738 καλούμενον
1005 5669 1224 5743 Ζεῦγμα
1272 5664 1481 5738 ὶκλήθη
1535 5665 1727 5738 οὕτως’
1761 5670 1850 5746 ἀφ’

1958 587 2121 661 plum
2155 593 2585 657 exstruxerunt,
2613 605 2680 644 ac
2710 587 3097 661 appellatione
3128 586 3327 643 Sancti
3358 587 3610 659 Stepha-

1959 676 2019 732 ni
2051 678 2370 733 donarunt.

2457 769 2527 822 De
2557 768 2899 825 Deciocratis
2931 771 3128 822 tractu.

2033 855 2092 910 In
2127 854 2251 911 loco
2281 855 2644 912 Dexiocratis
2689 856 2872 925 dicto,
2904 856 3116 910 domus
3148 857 3272 908 erat
3302 853 3616 909 Dexiocra-

1959 943 2036 998 tis
2085 944 2337 1015 patricii,
2389 949 2651 1016 tempore
2697 943 3011 1000 Theodosii
3055 941 3337 998 Junioris.
3391 942 3608 997 Ibidem

1960 1032 2367 1088 Gerocomium
2401 1049 2518 1088 una
2567 1049 2700 1088 cum
2752 1032 3075 1104 porticibus
3128 1029 3444 1086 Mauricius
3477 1046 3607 1085 exs-

1958 1121 2161 1176 truxit.
2213 1125 2496 1176 Praeterea
2543 1122 2746 1176 eodem
2799 1122 2856 1175 in
2890 1120 3013 1175 loco
3062 1124 3188 1175 erat
3232 1119 3441 1173 domus
3471 1120 3607 1174 Car-

1960 1209 2119 1282 piani
2153 1210 2404 1284 patricii,
2457 1228 2488 1264 a
2539 1227 2655 1282 quo
2705 1210 2865 1265 locus
2921 1208 3019 1263 ille
3077 1207 3346 1278 Carpiani
3392 1224 3605 1263 nomen

1959 1300 2199 1369 accepit.

2134 1389 2211 1442 De
2238 1388 2465 1444 ecclesia
2503 1388 2560 1442 S.
2585 1388 2835 1459 Deiparze
2866 1387 2996 1458 Cyri
3023 1386 3430 1459 cognominata.

2030 1475 2346 1532 Ecclesiam
2397 1475 2785 1532 Sanctissimis
2834 1476 3090 1546 Deipara:
3137 1475 3268 1547 Cyri
3302 1489 3610 1545 nuncupa-

1956 1566 2076 1618 tam
2106 1564 2416 1620 aediﬁcavit
2444 1566 2626 1638 Cyrus
2657 1565 3102 1636 prafeclus,qui
3133 1580 3269 1619 cum
3302 1567 3610 1619 structura

1955 1652 2109 1708 muri
2143 1653 2436 1709 terrestris
2485 1654 2597 1709 sub
2646 1653 2974 1709 Theodosio
3023 1652 3263 1708 Juniore
3312 1656 3606 1724 praesset,

1955 1740 2156 1812 populi
2196 1741 2644 1797 acclamationes
2692 1741 2931 1808 meruit,
2981 1740 3251 1807 dicentis,
3283 1741 3406 1796 fore
3440 1743 3506 1796 ut
3534 1741 3608 1797 ad

1955 1830 2239 1901 majorem
2288 1829 2702 1902 proveheretur
2749 1829 3096 1902 dignitatem
3151 1830 3355 1901 Cyrus.
3389 1829 3514 1894 Qua
3542 1829 3615 1885 de

1959 1933 2020 1972 re
2050 1917 2272 1974 invidia
2321 1923 2518 1976 motus
2567 1919 2886 1991 imperator
2933 1919 3130 1992 ipsum
3179 1916 3610 1990 metropolitem

1959 2006 2221 2079 Smyrnae
2255 2007 2408 2063 leoit.

2293 2116 2366 2169 De
2389 2120 2550 2186 porta
2577 2116 2905 2185 cognomine
2939 2114 3266 2171 Contoscale.

2028 2203 2201 2257 Porta
2233 2219 2358 2274 quae
2408 2203 2746 2259 Coutoscale
2791 2202 3142 2275 appellatur,
3195 2203 3268 2257 ab
3303 2199 3606 2274 Agalliano

1957 2291 2309 2359 Tumarcha,
2352 2291 2450 2362 qui
2489 2297 2795 2348 structura:
2840 2296 3043 2364 portus
3093 2294 3358 2362 praeerat,
3391 2305 3606 2345 nomen

1959 2379 2215 2451 accepit;
2266 2382 2580 2436 vocabatur
2620 2381 2776 2436 enim
2830 2381 2955 2452 ipse
2999 2379 3358 2446 Contoscele,
3390 2377 3606 2434 idcirco

1957 2473 2010 2524 et
2045 2473 2210 2540 porta
2238 2468 2318 2523 ita
2347 2470 2761 2541 cognominata
2788 2469 2922 2524 fuit.

2393 2576 2466 2630 De
2492 2576 2831 2631 xenodochio
2863 2574 3162 2645 Theophili.

2029 2665 2091 2718 In
2123 2661 2246 2718 loco
2273 2668 2610 2735 nuncupato
2641 2668 2953 2736 Zeugmate
2976 2679 3154 2733 supra
3185 2661 3416 2727 collem,
3449 2661 3606 2732 quod

1957 2767 2113 2806 nunc
2157 2751 2506 2824 prolongum
2559 2751 2764 2807 visitur
2813 2751 3148 2818 aedilicium,
3199 2749 3603 2806 nosocomium

1957 2844 2099 2906 erat,
2132 2845 2493 2896 exstructum
2547 2840 2686 2896 olim
2737 2859 2770 2896 a
2816 2840 3202 2895 Constantino
3250 2843 3458 2910 Magno
3499 2855 3602 2910 pro

1956 2927 2245 3000 lupanari.
2301 2929 2546 3000 Fuitque
2595 2933 2795 3001 postea
2845 2929 3056 2984 domus
3105 2927 3309 2982 Isidori
3351 2926 3604 2997 patricii,

1957 3034 2024 3072 ac
2053 3017 2186 3072 dein
2211 3018 2632 3073 monasterium
2663 3016 2997 3072 mulierum.
3023 3013 3382 3086 Theophilus
3404 3018 3598 3068 autem

1958 3104 2128 3160 vertit
2157 3105 2300 3160 illud
2334 3106 2391 3160 in
2423 3105 2870 3161 xenodocbium.
2905 3105 3220 3174 Stabatque
3250 3102 3466 3157 ibidem
3501 3119 3602 3157 su-

1959 3209 2063 3264 pra
2092 3192 2425 3249 columnam
2478 3195 2764 3266 lapideam
2820 3193 3071 3249 torlilem
3102 3191 3339 3248 Veneris
3371 3194 3601 3246 statua:

1957 3281 2110 3336 cives
2143 3287 2338 3337 autem
2378 3283 2516 3337 illuc
2549 3283 2958 3338 convenientes
2989 3297 3056 3336 ac
3083 3285 3392 3346 amatores,
3424 3295 3603 3334 mere-

1954 3370 2130 3425 trices
2179 3371 2353 3425 isthic
2400 3371 2732 3426 habitantes
2780 3372 2850 3426 ad
2900 3370 3274 3426 concubitum
3319 3369 3602 3434 adibant;

1958 3463 2164 3531 praeter
2194 3459 2301 3514 hoc
2351 3461 2565 3531 quippe
2613 3459 2862 3531 lupanar
2893 3459 3120 3514 nullum
3174 3457 3333 3513 aliud
3367 3457 3426 3511 in
3461 3456 3604 3510 urbe

1955 3545 2382 3602 inveniebatur.
2428 3548 2612 3618 Igitur
2661 3548 2863 3603 eodem
2914 3547 2972 3602 in
3024 3547 3148 3601 loco
3198 3546 3269 3600 ad
3301 3544 3606 3599 columnas

1958 3635 2265 3690 exstabant
2321 3636 2498 3702 cella},
2554 3635 2827 3690 cancellis
2886 3641 2943 3690 et
2999 3635 3239 3690 cortinis
3293 3632 3606 3700 distinctae,

1959 3723 2113 3777 intra
2145 3740 2293 3794 quas
2323 3730 2589 3779 amantes
2621 3723 2848 3778 libidini
2879 3741 2945 3779 ac
2986 3721 3267 3792 voluptati
3299 3719 3606 3775 vacabant.

1958 3815 2088 3866 Hec
2129 3811 2372 3882 insuper
2413 3817 2610 3866 statua
2642 3811 2772 3865 usui
2807 3816 2929 3866 erat
2960 3811 3028 3865 ad
3062 3809 3374 3864 mulierum
3406 3811 3464 3862 et
3494 3807 3606 3860 vir-

1959 3900 2187 3973 ginum,
2248 3901 2492 3955 divitum
2543 3902 2878 3971 inopumve,
2932 3916 3058 3970 qua:
3102 3898 3159 3952 in
3207 3895 3605 3968 suspicionem

1958 3992 2255 4055 venerant,
2315 3989 2658 4059 pudicitiam
2711 3988 3094 4058 probandam.
3144 3986 3203 4042 Si
3252 3985 3386 4056 quis
3449 3985 3605 4039 enim

1959 4078 2044 4134 eis
2072 4076 2465 4149 virginitatem
2502 4077 2836 4148 eripuisset,
2856 4075 3000 4147 ipsis
3029 4073 3356 4145 virginibus
3387 4074 3606 4128 factum

1960 4166 2336 4237 negantibus,
2371 4170 2643 4236 parentes
2675 4169 2731 4219 et
2761 4165 2932 4220 amici
2965 4163 3237 4218 dicebant
3269 4179 3282 4216 :
3314 4163 3609 4217 Adeamus

1958 4253 2201 4310 Veneris
2244 4259 2526 4324 statuam,
2557 4257 2614 4308 et
2660 4253 2766 4308 illa
2794 4253 3083 4308 castitatis
3132 4257 3245 4306 tum
3278 4248 3606 4322 periculum

1962 4343 2150 4398 faciet.
2189 4341 2305 4398 Ubi
2335 4358 2467 4398 vero
2510 4341 2650 4397 illuc
2692 4347 3078 4410 accesserant,
3112 4340 3159 4396 si
3189 4339 3372 4410 culpae
3402 4353 3607 4409 expers

1958 4438 2100 4499 erat,
2136 4432 2319 4488 illaesa
2365 4431 2796 4504 pertransibat;
2850 4431 2938 4486 sin
2989 4434 3184 4484 autem
3215 4427 3419 4483 vitiata
3462 4429 3608 4492 erat,

1959 4522 2153 4576 subito
2185 4522 2442 4592 quodam
2476 4521 2926 4590 impetu,vcstcs
2953 4520 3082 4588 ejus
3106 4516 3606 4588 discerpebantur,

1959 4627 2024 4664 ac
2055 4611 2328 4680 pudenda
2357 4609 2722 4664 ostendebat.
2761 4608 2916 4662 Idem
2953 4608 3234 4662 uxoribus
3265 4603 3610 4660 adulteratis

1959 4698 2353 4770 contingebat,
2411 4698 2736 4766 eodemque
2796 4696 3013 4748 indicio
3081 4693 3604 4749 convincebantur.

1963 4786 2105 4839 Huic
2161 4785 2390 4838 violata:
2444 4783 2736 4854 pudicitia:
2815 4781 3153 4837 testimonio
3211 4796 3417 4835 omnes
3470 4796 3604 4834 cum

1960 4888 2195 4928 summa
2243 4871 2626 4926 admiratione
2676 4871 2848 4925 [idem
2903 4871 3219 4936 habebant,
3271 4869 3416 4938 ipsis
3465 4869 3602 4922 item

1960 4961 2182 5016 factum
2214 4976 2328 5015 non
2362 4958 2516 5012 ultra
2561 4957 2932 5028 negantibus.
2987 4957 3138 5012 Uxor
3166 4964 3359 5009 autem
3391 4953 3607 5008 Justini

1959 5049 2316 5118 Curopalataa
2347 5050 2606 5100 statuam
2653 5047 2802 5100 hanc
2853 5046 3162 5114 confregit,
3193 5060 3258 5099 eo
3291 5043 3446 5113 quod
3481 5043 3610 5112 ipsa

1959 5153 2212 5209 quoque,
2245 5135 2553 5192 denudatis
2592 5133 2882 5206 pudendis
2933 5133 3205 5189 adulterii
3236 5130 3609 5187 convincere-

1959 5230 2076 5296 tur,
2110 5243 2243 5281 cum
2275 5242 2425 5296 equo
2457 5223 2590 5279 illac
2621 5223 2901 5278 transiret
2923 5224 2993 5278 ad
3028 5222 3302 5277 balneum
3342 5218 3607 5274 Blacher-

1961 5331 2210 5382 narum;
2269 5317 2482 5368 etenim
2543 5311 2684 5366 adeo
2744 5311 2952 5380 ingens
3003 5312 3189 5366 fuerat
3235 5307 3489 5381 procella
3547 5314 3608 5363 ut

1962 5404 2106 5458 mari
2143 5401 2524 5458 dromonibus
2557 5399 2951 5470 imperatoriis
2999 5415 3065 5454 eo
3098 5403 3460 5453 transmeare
3491 5413 3606 5451 non

1961 5496 2174 5562 posset.

2573 5579 2646 5633 De
2675 5577 2991 5645 Zeugmate.

2034 5671 2218 5725 Locus
2250 5668 2348 5739 qui
2375 5683 2528 5721 nunc
2552 5667 2808 5738 Zeugma
2839 5669 3235 5738 nuncupatur,
3266 5681 3332 5720 ex
3363 5680 3428 5720 eo
3459 5668 3608 5720 tem-
