4056 6346
461 343 620 406 “l3

1418 337 1818 400 APPENDIX
1864 337 1968 397 AD
2011 333 2478 400 MIGHAELEM
2520 334 2916 400 PSELLUM.

3716 340 3867 400 aeu

460 494 602 552 pore
632 491 953 547 cognomen
986 475 1093 530 hoc
1138 472 1382 545 accepit,
1414 488 1529 543 quo
1560 472 1618 528 S.
1651 469 1933 542 Stephani
1966 485 2102 540 pro-

2231 464 2293 522 ἴτ’
2322 465 2653 539 ἀνεκομίσθη
2684 468 2747 524 τὸ
2795 465 3047 541 λείψανον
3105 472 3204 524 τοῦ
3260 468 3418 544 ἁγίου
3468 471 3865 543 πρωτομάρτυ-

459 565 800 637 tomartyris
832 562 1090 633 reliquias
1122 560 1310 617 allatae
1364 564 1523 616 sunt.
1575 561 1652 615 Eo
1707 559 1864 615 enim
1896 558 1955 613 in
1984 557 2109 613 loco

466 655 638 711 mulae
669 654 862 709 currui
889 654 1107 723 juncta
1140 655 1298 717 sunt,
1333 668 1460 722 qua;
1493 667 1592 705 eas
1624 650 1696 704 ad
1728 649 1990 704 thermas
2013 664 2111 703 us-

465 761 578 817 que
609 741 1124 799 Constantinianas
1153 744 1454 796 vexerunt.

725 851 794 904 De
825 848 1024 918 templo
1055 847 1379 902 Sanctorum
1411 847 1852 917 Anargyrorum,

937 919 1080 989 quod
1111 922 1195 974 est
1225 921 1284 973 in
1314 920 1627 988 Zeugmate.

530 1008 840 1081 Templum
872 1009 1220 1064 Sanctorum
1248 1009 1678 1079 Anargyrorum
1710 1007 1856 1075 quod
1883 1005 1940 1060 in
1968 1006 2112 1059 Zeu-

455 1106 647 1173 gmate
678 1099 860 1153 situm
912 1097 1189 1163 cernitur,
1245 1097 1547 1151 conditum
1582 1100 1672 1150 est
1700 1113 1732 1150 a
1775 1093 1977 1148 Proclo
2006 1111 2110 1165 pa-

449 1188 705 1244 triarcha
753 1184 1426 1254 ConstantinOpolitano,
1460 1182 1748 1254 discipulo
1781 1181 1980 1253 magni
2009 1182 2108 1237 Jo-

451 1276 621 1332 annis
654 1275 1076 1346 Chrysostomi,
1108 1278 1164 1328 et
1197 1272 1538 1327 moumenici
1570 1271 1934 1342 patriarchae,
1963 1275 2109 1326 tem-

453 1383 591 1438 pore
613 1364 929 1420 Theodosii
963 1363 1252 1420 Junioris.

936 1455 1011 1508 De
1035 1452 1234 1518 templo
1263 1452 1444 1506 sancti
1474 1451 1632 1506 Eliae.

526 1542 832 1615 Templum
863 1546 920 1596 S.
970 1540 1123 1607 Eliae,
1158 1541 1312 1610 quod
1364 1542 1552 1594 exstat
1599 1539 1657 1592 in
1699 1537 1823 1593 loco
1872 1538 2104 1592 Petrion

455 1635 814 1703 nuncupato,
849 1629 1058 1685 scholae
1096 1629 1471 1700 legionesque
1499 1626 1744 1682 Zenonis
1774 1643 1842 1680 ex
1872 1626 2105 1682 Perside

452 1721 685 1777 reducis
719 1719 928 1775 collata
961 1735 1180 1790 magna
1230 1717 1356 1774 auri
1406 1733 1660 1785 summa,
1691 1716 1819 1787 ipso
1851 1716 2103 1786 impera-

447 1814 574 1866 tore
601 1810 878 1877 instante,
902 1825 968 1863 ac
1000 1824 1118 1862 una
1145 1824 1279 1862 cum
1311 1807 1565 1862 Ariadne
1596 1808 1653 1860 in
1687 1808 1909 1876 partem
1934 1821 2101 1859 sum-

447 1902 658 1970 ptuum
691 1898 980 1962 veniente,
1012 1899 1426 1952 exstruxerunt
1455 1894 1928 1965 amplissimum;
1963 1909 2106 1963 quo-

449 1988 608 2043 niam
642 1987 788 2059 ipsis
822 1987 879 2042 S.
913 1985 1070 2041 Elias
1102 1985 1158 2038 in
1193 1984 1405 2039 castris
1436 1986 1806 2053 apparuerat.

671 2095 744 2148 De
775 2093 971 2148 Sancta
1001 2091 1324 2162 Euphemia
1355 2092 1677 2159 cognomine
1705 2095 1893 2145 Petra.

523 2187 578 2237 S.
613 2182 1026 2254 Euphemiam,
1059 2197 1186 2251 quis
1237 2181 1407 2234 Petra
1435 2183 1833 2249 nuncupatur,
1866 2182 2109 2234 Anasta-

449 2271 576 2328 sius
608 2272 852 2326 Dicorus
884 2275 939 2325 et
970 2269 1226 2324 Ariadna
1257 2268 1666 2324 condiderunt.

876 2380 959 2430 De
988 2375 1292 2446 gerocomio
1325 2374 1678 2445 Geragathae.

517 2464 922 2521 Gerocomium
949 2464 1287 2535 Geragatha:
1307 2463 1614 2518 aedificavit
1645 2462 1866 2534 Agatha
1888 2461 2101 2527 vetula,

444 2554 595 2611 Petri
633 2552 864 2624 patricii
897 2552 1019 2608 ﬁlia
1051 2553 1217 2623 longe
1247 2551 1668 2623 pulcherrima,
1701 2567 1764 2605 ac
1794 2550 1914 2604 illic
1946 2550 2107 2604 habi-

443 2644 626 2699 tabat.
656 2643 748 2696 Sic
779 2647 973 2696 autem
1008 2641 1303 2713 appellata
1356 2642 1488 2711 fuit,
1521 2658 1587 2696 eo
1619 2641 1771 2709 quod
1803 2639 2104 2710 virginita-

445 2738 563 2788 tem
597 2747 762 2786 suam
793 2732 893 2785 diu
937 2730 1223 2785 illibatam
1277 2730 1627 2796 servaverit;
1685 2729 2104 2784 Constantinus

447 2837 582 2876 vero
613 2821 1015 2890 Copronymus
1065 2819 1213 2873 hanc
1262 2817 1498 2873 violavit
1548 2817 1867 2888 multisque
1899 2817 2106 2872 ditavit

449 2909 682 2980 opibus.
734 2911 919 2973 Quare
964 2923 1096 2961 cum
1136 2905 1571 2961 celebrarentur
1617 2905 1740 2960 ludi
1772 2906 2099 2977 icircenses,

446 2997 788 3052 acclamavit
837 2997 885 3051 ei
945 2995 1198 3067 populus
1237 2994 1554 3066 :Agatham
1592 2995 1712 3062 jam
1763 2995 1999 3050 vetulam
2045 3004 2103 3050 tu

439 3087 733 3141 renovasti.
797 3085 1084 3140 Caeterum
1144 3084 1274 3154 ipsa
1328 3084 1665 3139 clanculum
1723 3083 1815 3154 pie
1865 3088 2102 3140 sanctas

440 3175 729 3244 imagines
760 3173 1005 3228 colebat.
1055 3172 1342 3228 Absoluto
1376 3176 1572 3227 autem
1605 3173 1957 3244 gerocomio,
1990 3174 2102 3228 im-

446 3263 579 3334 pius
623 3262 721 3317 ille
769 3266 1171 3333 Copronymus
1221 3261 1281 3315 in
1331 3277 1518 3316 unum
1567 3260 1843 3318 collectas
1895 3277 2101 3318 omnes

452 3356 690 3408 sanctas
721 3351 1010 3422 imagines
1038 3350 1254 3405 ibidem
1279 3349 1400 3422 igni
1431 3349 1692 3405 tradidit.

448 3549 524 3603 De
551 3547 754 3602 statuis
805 3561 935 3617 qua!
980 3546 1232 3618 proxime
1282 3547 1517 3600 Taurum
1562 3553 1749 3601 erecte
1780 3551 2101 3601 cernuntur.

521 3707 700 3777 Prope
726 3706 1042 3762 Theodosii
1063 3706 1527 3778 Magnistatuam
1560 3705 1619 3759 in
1650 3706 1884 3777 regione
1905 3707 2102 3776 Tauri,

445 3797 504 3852 in
537 3795 798 3851 inferiori
834 3799 996 3866 parte
1048 3795 1203 3849 infra
1248 3794 1607 3862 columnam,
1642 3793 1933 3850 collocatae
1965 3800 2105 3850 sunt

449 3888 752 3955 equestres
786 3887 992 3938 statuae
1025 3882 1254 3937 Arcadii
1288 3899 1352 3937 ac
1389 3882 1702 3937 Theodosii
1734 3882 1834 3936 filii
1867 3885 2016 3953 ejus,
2049 3887 2106 3938 et

450 3972 716 4027 Adriani.
770 3973 975 4027 Statua
1025 3975 1222 4026 autem
1273 3971 1530 4026 colorata
1579 3987 1705 4042 quae
1738 3971 1796 4025 in
1829 3971 2103 4043 Zeuxippi

450 4061 699 4116 thermis
729 4060 841 4115 sita
870 4061 1106 4129 visitur,
1152 4058 1462 4131 Philippici
1494 4063 1581 4114 est
1631 4059 1910 4130 principis
1937 4076 2105 4114 man-

456 4149 803 4205 suetissimi.

842 4241 919 4291 De
951 4237 1063 4291 loco
1095 4236 1365 4289 Harmatz‘z
1396 4245 1730 4306 nuncupata.

524 4330 708 4381 Locus
734 4324 834 4395 qui
865 4323 1149 4378 Harmatii
1181 4322 1531 4393 appellatur,
1564 4324 1776 4379 domus
1806 4329 1929 4380 erat
1958 4329 2104 4380 Har-

454 4414 614 4468 matil
657 4413 969 4482 cujusdam
1022 4411 1313 4482 magistri,
1363 4415 1627 4482 tempore
1676 4413 1920 4468 Zenonis
1955 4431 1967 4469 :
2003 4414 2105 4484 qui

2223 575 2316 630 ρος
2367 554 2662 633 Στεφάνου,
2707 556 2878 612 ικεῖσε
2925 556 3256 632 ἰζιόχθησαν
3316 556 3541 630 μοῦλαι,
3589 560 3679 613 καὶ
3734 559 3865 630 ἦρξεν

2219 645 2280 699 τὸ
2308 648 2468 718 σῶμα
2496 649 2593 699 τοῦ
2622 645 2779 720 ἁγίου
2808 642 2914 708 ἕως
2943 652 3474 704 Κωνσταντινιανῶν.

2469 840 2602 917 Περὶ
2629 845 2738 897 τῶν
2762 843 2814 899 ιν
2843 842 2992 915 αὐτῷ
3018 841 3220 918 ’Δγίων
3246 841 3618 918 Ἀναργύρων.

2292 1002 2358 1060 Οἱ
2410 999 2467 1058 δὶ
2513 1005 2694 1080 ’Ἀγιοι
2729 1001 3068 1079 ’Δνόίργυροι,
3096 1005 3149 1061 οἱ
3207 999 3358 1066 ὅντες
3409 1003 3484 1065 ε’ίς
3525 1003 3591 1059 τὸ
3635 1006 3877 1076 Ζεῦγμα,

2221 1091 2535 1162 ἐκτίσθησαν
2594 1094 2740 1165 παρὰ
2799 1091 3055 1168 Πρόκλου
3122 1094 3468 1169 πατριάρχου
3531 1095 3876 1149 Κωνσταντι-

2217 1177 2552 1251 νουπὸλεως,
2585 1183 2833 1254 μαθητοῦ
2875 1186 2973 1238 τοῦ
3022 1180 3267 1257 μεγάλου
3299 1181 3552 1239 Ἰωάννου
3597 1185 3699 1235 τοῦ
3741 1181 3879 1252 Χρυ-

2218 1267 2510 1340 σοστόμου,
2541 1267 2635 1322 καὶ
2668 1267 3054 1340 οῗκουμενικοῦ
3083 1266 3449 1344 πατριάρχου,
3484 1267 3536 1322 ἐν
3568 1274 3687 1328 τοῖς
3736 1268 3871 1342 χρό-

2213 1379 2330 1419 νοις
2357 1354 2647 1411 Θεοδοσίου
2671 1362 2767 1411 τοῦ
2797 1360 3030 1430 Μικροῦ.

2677 1447 2808 1522 Περὶ
2837 1452 2936 1503 τοῦ
2964 1447 3148 1521 ’Δγίου
3177 1446 3392 1505 Ἠλίου.

2285 1536 2391 1593 Τὸν
2447 1533 2504 1589 δὲ
2555 1536 2706 1610 ἅγιον
2757 1535 2970 1604 Ἠλίαν,
3028 1538 3118 1592 τὸν
3175 1534 3301 1592 ὄντα
3355 1535 3430 1598 εἰς
3488 1536 3552 1591 τὸ
3617 1534 3873 1607 Πὲτριον,

2214 1622 2517 1679 συνᾶδωκαν
2563 1627 2618 1678 αἱ
2668 1623 2869 1699 σχολαὶ
2927 1626 3016 1680 καὶ
3063 1626 3132 1681 τὰ
3159 1627 3406 1698 τάγματα
3441 1625 3670 1700 ’χρυσίον
3705 1621 3875 1688 πολὺ,

2218 1714 2653 1788 ὑποστρέψαντος
2705 1715 2956 1783 Ζήνωνος
3009 1714 3114 1769 ἀπὸ
3163 1713 3411 1788 Περσίας,
3450 1714 3539 1768 καὶ
3591 1711 3879 1782 δεηθέντος

2213 1803 2425 1858 αὐτοῦ·
2491 1800 2720 1859 δέδωκεν
2784 1803 2969 1865 αὐτοῖς
3027 1800 3340 1877 συνδρομὴν
3405 1803 3538 1875 μετᾶ
3612 1801 3708 1857 καὶ
3771 1809 3877 1869 τῆς

2216 1889 2504 1966 Ἀριάδνης
2552 1891 2783 1963 ὁμοίως,
2813 1893 2901 1945 καὶ
2953 1893 3237 1967 ἆνήγειραν
3292 1891 3449 1947 αὐτὸν
3506 1892 3674 1964 μεγαν
3727 1891 3872 1963 ναὸν,

2218 1979 2357 2034 διότι
2388 1981 2710 2057 ἀνεφάνησεν
2746 1979 2906 2034 αὐτὸν
2938 1979 2988 2034 ἐν
3019 1985 3099 2052 τῷ
3128 1978 3402 2053 ταξειδίῳ.

2447 2087 2577 2160 Περὶ
2607 2093 2706 2154 τῆς
2737 2085 2920 2162 Ἀγίας
2952 2086 3240 2163 Εὐφημίας
3269 2090 3369 2151 τῆς
3400 2085 3632 2161 Πέτρας.

2289 2177 2404 2244 Τὴν
2457 2172 2514 2230 δὲ
2565 2174 2744 2251 Ἀγίαν
2819 2174 3110 2253 Εὖφημίαν
3166 2176 3265 2244 τήν
3325 2175 3531 2250 Πάτραν
3591 2173 3874 2250 ἀνήγειρεν

2216 2264 2561 2326 Ἀναστάσιος
2593 2266 2620 2318 ὁ
2653 2263 2878 2339 Δίκορος
2910 2265 3000 2318 καὶ
3035 2261 3319 2338 ’Λριάδνη.

2473 2369 2602 2445 Περὶ
2634 2374 2731 2423 τοῦ
2759 2369 3130 2444 γηροκομείου
3159 2369 3226 2424 τὰ
3251 2368 3600 2444 Γηραγάθης.

2286 2461 2368 2516 Τὰ
2426 2457 2482 2514 δὲ
2529 2461 2850 2534 Γηραγᾶθης
2906 2459 2971 2514 τὸ
3019 2465 3390 2535 γηροκομεῖον
3438 2461 3648 2535 Πέτρου
3679 2481 3878 2532 πατρι-

2213 2548 2336 2604 κίου
2391 2550 2626 2625 θυγάτηρ
2676 2545 2915 2621 τοῦνομα
2947 2547 3371 2623 Ἀγάθη,γραῦς
3423 2548 3738 2622 ὡραιοτάτη
3797 2553 3872 2618 τῷ

2215 2637 2344 2695 εἴδει
2403 2636 2630 2715 σφόδρα,
2689 2637 2942 2713 ἀνήγειρε
2994 2641 3156 2692 τοῦτο
3187 2656 3199 2668 ·
3235 2637 3352 2710 εἶχε
3411 2633 3468 2690 δὲ
3523 2635 3657 2690 αὐτὸ
3697 2637 3868 2692 οἶκον.

2211 2729 2456 2798 Ἐκλήθη
2521 2724 2578 2782 δὶ
2637 2725 2830 2797 οὕτως,
2865 2723 2954 2783 διὰ
2999 2725 3062 2780 τὸ
3114 2723 3402 2804 φυλάσσειν
3453 2726 3551 2794 τὴν
3583 2727 3875 2800 παρθενίαν

2209 2815 2381 2885 αὐτῆς
2436 2816 2664 2890 χρόνους
2723 2814 2821 2870 οὐκ
2869 2814 3118 2888 ὀλίγους.
3146 2815 3206 2870 Ὀ
3259 2819 3668 2876 Κωνσταντῖνος
3698 2816 3728 2869 ὁ
3761 2817 3868 2872 Κο-

2211 2907 2507 2980 πρώνυμος
2558 2902 2774 2982 ἓφθειρε
2812 2903 3038 2974 ταύτην,
3091 2900 3218 2964 δοὺς
3274 2903 3412 2976 αὐτῇ
3468 2901 3708 2958 πλοῦτον
3770 2925 3868 2958 που

2215 2995 2331 3053 λύν.
2363 2996 2610 3052 Ἱππικοῦ
2667 2993 2723 3048 δὲ
2772 2994 3092 3068 γενομένου,
3143 2988 3354 3068 ἔκραξεν
3414 2993 3441 3047 ὁ
3499 2990 3696 3064 δῆμος“
3751 2995 3870 3047 Ὀτι

2209 3085 2413 3158 Ἀγάθη
2500 3083 2756 3158 ἐγήρασε,
2807 3081 2869 3137 σὺ
2955 3079 3013 3138 δὶ
3093 3081 3294 3152 ταύτην
3383 3082 3705 3141 ἆνενὲωσας.
3769 3084 3869 3136 Ἦν

2212 3171 2272 3229 δὶ
2301 3171 2354 3226 ἐν
2383 3176 2463 3243 τῷ
2496 3176 2720 3244 κρυπτῷ
2771 3166 3042 3243 σεϐομένη
3100 3169 3198 3232 τὰς
3256 3168 3408 3244 ἁγίας
3455 3170 3665 3230 εἰκόνας
3709 3172 3870 3245 6900-

2213 3259 2407 3334 δόξως.
2461 3258 2860 3336 Ηληρωθὲντος
2919 3255 2976 3317 δὶ
3030 3263 3130 3314 τοῦ
3197 3258 3569 3334 γηροκομείου
3621 3259 3651 3313 ὁ
3711 3259 3867 3330 μισό-

2213 3370 2438 3425 χριστος
2499 3349 2875 3424 Κοπρώνυμος
2931 3346 3184 3423 ἀθροίσας
3261 3347 3360 3403 τὰς
3437 3347 3589 3422 ἁγίας
3652 3348 3863 3409 εἰκόνας

2210 3436 2530 3517 κατέφλεξεν
2565 3437 2757 3497 ἐκεῖσε.

2319 3545 2450 3619 Περῖ
2504 3549 2613 3600 τῶν
2669 3544 2908 3619 στηλῶν,
2942 3547 3057 3619 τῶν,
3111 3541 3347 3614 πλησίον
3407 3548 3502 3598 τοῦ
3549 3542 3763 3617 Ταύρου

2869 3616 3198 3687 ἱστάμενων.

2283 3705 2527 3776 Πλησίον
2588 3703 2646 3759 δὲ
2691 3711 2793 3774 τῆς
2843 3703 3054 3774 στήλης
3105 3700 3395 3759 Θεοδοσίου
3442 3709 3537 3758 1:06
3587 3704 3868 3778 Μεγάλου,

2213 3792 2502 3870 Ἀρκαδίου
2552 3792 2641 3849 καὶ
2695 3790 2988 3850 Θεοδοσίου
3017 3796 3115 3847 τοῦ
3155 3793 3276 3846 υἱοῦ
3308 3792 3492 3865 αὐτοῦ,
3524 3793 3612 3846 καὶ
3645 3793 3870 3869 Ἀδρια-

2212 3888 2330 3952 νοῦ,
2364 3882 2665 3960 ἀμφότεροι
2699 3877 2924 3958 ἔφιπποι
2969 3879 3215 3936 ’ίστανται
3261 3879 3312 3936 ἐν
3357 3887 3474 3944 τοῖς
3519 3885 3614 3936 τοῦ
3659 3884 3872 3959 Ταύρου

2218 3974 2400 4047 μέρεσι
2457 3971 2694 4041 πλησίον
2750 3975 2847 4026 τοῦ
2903 3969 3084 4033 κίονος
3125 3971 3386 4033 κάτωθεν.
3437 3972 3503 4026 Ἠ
3563 3968 3620 4026 δὶ
3679 3971 3729 4026 ἂν
3793 3978 3872 4044 τῷ

2214 4061 2495 4133 Ζευξίππῳ
2553 4059 2772 4134 λουτρῷ
2847 4058 3109 4132 ἱσταμένη
3185 4058 3361 4129 στήλη
3421 4058 3480 4114 ὲκ
3531 4062 3874 4135 χρωμάτων,

2210 4148 2563 4208 Φιλιππικοῦ
2593 4146 2706 4204 ἐστι
2733 4151 2830 4203 τοῦ
2859 4147 3192 4223 πραοτάτου.

2735 4236 2868 4312 Περὶ
2901 4241 3001 4292 1:06
3023 4235 3341 4310 Ἀρματίου.

2282 4327 2356 4382 Τὰ
2415 4324 2472 4382 δὶ
2527 4325 2823 4401 ’Δρματίου
2886 4325 3037 4387 οἶκος
3094 4326 3160 4394 ἦν
3213 4324 3510 4399 Ἀρματίου
3563 4327 3714 4390 τινὸς
3775 4349 3876 4400 μα-

2214 4415 2437 4491 γίστρου
2482 4413 2533 4468 ἐν
2583 4419 2701 4476 τοῖς
2763 4413 2991 4488 χρόνοις
3041 4415 3312 4485 Ζήνωνος,
3346 4412 3439 4468 τοῦ
3500 4412 3873 4489 προδόσαντος

458 4517 589 4555 cum
622 4499 940 4556 exercitum
973 4499 1236 4554 Basilisci
1264 4499 1637 4570 prodidisset,
1661 4503 1828 4571 jussu
1859 4503 2102 4558 Zenonis

2231 4505 2305 4560 τὸν
2362 4503 2584 4578 στρατὸν
2640 4503 2729 4557 τὸν
2793 4503 2896 4556 ὑπὸ
2961 4501 3316 4572 Βασιλίσκου,
3374 4502 3759 4577 ἀναιρεθέντος
3819 4503 3875 4558 ix

453 4590 800 4645 interfectus
833 4592 941 4655 est,
970 4589 1028 4642 in
1061 4587 1299 4643 cochlea
1322 4604 1438 4660 qua
1469 4589 1808 4644 ascenditur
1832 4592 1902 4645 ad
1931 4592 2102 4647 tribu-

2231 4576 2537 4667 προτροπῆς
2571 4593 2822 4661 Ζήνωνος
2854 4590 2931 4651 είς
2971 4591 3064 4645 τὸν
3118 4587 3366 4664 Κοχλίαν
3424 4576 3513 4644 τὸν
3575 4590 3874 4666 ἐρχόμενον

457 4677 552 4733 nal
590 4677 990 4748 Hippodromi.

643 4786 718 4839 De
748 4785 945 4840 Sancto
982 4783 1406 4854 TheOphanone,
1430 4800 1554 4856 quae
1581 4791 1765 4841 exstat
1787 4787 1933 4857 apud

1007 4857 1229 4912 Sancto:
1259 4862 1295 4911 Α
1304 4857 1554 4927 postolos.

530 4944 846 5000 Ecclesiam
903 4945 960 4999 S.
1010 4945 1480 5016 Theophanonis,
1524 4963 1648 5017 quae
1699 4948 1904 5004 visitur
1951 4953 2111 5004 extra

452 5041 702 5089 veterem
739 5035 1107 5089 monumenti
1131 5036 1514 5103 testudinem,
1533 5037 1796 5093 condidit
1827 5039 2108 5094 Constan-

452 5122 613 5177 tinus
648 5121 1208 5193 Porphyrogenitus,
1243 5123 1398 5179 ﬁlius
1433 5125 1640 5179 Leonis
1671 5125 1987 5196 Sapientis.

731 5211 807 5265 De
838 5212 1071 5266 ecclesia
1102 5212 1155 5266 S.
1190 5213 1361 5267 Marci
1386 5229 1552 5284 prope
1583 5215 1838 5268 Taurum.

528 5299 843 5355 Ecclesiam
879 5299 937 5354 S.
970 5300 1146 5355 Marci
1197 5318 1372 5373 prope
1419 5303 1678 5358 Taurum
1711 5304 1899 5374 primo
1932 5303 2109 5359 Theo-

459 5388 658 5444 dosius
691 5389 940 5460 Magnus
974 5406 1105 5444 cum
1134 5390 1308 5445 trullo
1341 5391 1533 5462 ligneo
1565 5393 1864 5448 exstruxit.
1902 5393 2111 5449 Postea

453 5481 624 5532 terrae
655 5481 815 5532 motu
851 5477 1167 5549 collapsam
1194 5480 1561 5535 remdiﬁcavn
1584 5481 1883 5537 Romanus
1914 5482 2110 5537 senior

457 5566 803 5635 cognomine
835 5566 1196 5639 Lacapenus.

2220 4682 2271 4736 ἰν
2302 4685 2382 4753 τῷ
2413 4679 2707 4754 καθίσματι
2735 4683 2833 4735 τοῦ
2862 4676 3278 4752 Ἱπποδρομίου.

2221 4788 2351 4864 Περὶ
2383 4792 2483 4854 τῆς
2510 4785 2694 4862 εΑγίας
2726 4782 3342 4914 Θεορὲγτιέἓτὶῑςουιέῧσης
3385 4784 3464 4847 είς
3507 4785 3635 4849 τοὺς
3665 4788 3872 4863 Ἀγίους

2907 4878 3237 4916 ποστοΑους.

2290 4949 2402 5016 Τὴν
2437 4945 2494 5002 δὲ
2526 4949 2704 5022 Ἀγίαν
2756 4948 3036 5025 Θεοφανώ,
3067 4948 3165 5015 τήν
3225 4940 3418 5017 ἔξωθεν
3479 4953 3577 5015 τῆς
3637 4946 3874 5008 παλαιᾶς

2219 5037 2430 5111 κόγχης
2511 5040 2608 5091 τοῦ
2690 5034 3083 5109 μνημοθεσίου,
3143 5034 3400 5108 ἀνήγειρε
3484 5042 3881 5096 Κωνσταντῖνος

2221 5122 2754 5200 Πορφυρογὲννητος,
2789 5126 2817 5179 ὁ
2849 5124 2963 5185 υἱὸς
2993 5121 3231 5185 Λέοντος
3263 5127 3359 5178 τοῦ
3401 5129 3605 5190 Σοφοῦ.

2423 5213 2555 5289 Περὶ
2587 5218 2686 5268 τοῦ
2717 5213 2899 5289 Ἀγίου
2929 5213 3156 5287 Μάρκου
3195 5216 3293 5267 τοῦ
3335 5211 3410 5274 εἶς
3441 5215 3669 5286 Ταῦρον.

2287 5304 2347 5358 Ὀ
2402 5304 2598 5376 ’Ἀγιος
2652 5302 2892 5377 Μάρκος,
2953 5303 2982 5355 ὁ
3038 5298 3278 5370 πλησίον
3347 5305 3444 5356 τοῦ
3493 5301 3736 5376 Ταύρου,
3792 5302 3879 5359 ιχ-

2217 5389 2418 5460 κλησία
2495 5393 2559 5458 ἦν
2653 5389 2868 5466 μεγάλη
2957 5387 3387 5465 ξυλότρουλλσς,
3446 5392 3724 5446 κτισθεῖσα
3785 5393 3878 5447 ὑπὸ

2218 5476 2509 5534 Θεοδοσίου
2581 5484 2675 5533 τοῦ
2745 5476 3021 5552 Μεγάλου.
3084 5478 3212 5533 Εἶτα
3291 5479 3395 5532 ὑπὸ
3460 5485 3686 5552 σεισμοῦ
3761 5503 3878 5535 κστ-

2219 5570 2529 5643 ενεχθεῖσαν
2607 5568 2889 5644 ἀνήγειρεν
2965 5567 3134 5638 αὐτὴν
3205 5568 3480 5640 Ῥωμανὸς
3537 5569 3564 5622 ὁ
3615 5571 3793 5645 γᾶρων
3851 5573 3874 5624 ὁ

2216 5657 2541 5731 Λακαπηνός
2553 5700 2564 5716 .

4011 1253 4021 1274 η
