4056 6346
222 392 259 451 1
270 393 389 452 245

1359 396 1726 458 ΑΝΟΝῩΜῙ
1769 393 2350 468 ANTIQUITATES
2395 394 2508 456 GP.

3479 398 3507 456 1
3521 397 3639 458 Ωιϐ

216 528 310 580 De
336 539 482 582 aereo
507 524 693 582 culice
721 535 772 582 et
796 526 934 583 aliis
963 529 1202 598 insectis,
1235 543 1362 600 quae
1394 531 1462 586 ab
1492 529 1785 600 Apollonio
1813 530 2019 612 Tyaneo
2047 529 2260 653 magtice
2297 529 2635 596 consecrata,
2681 541 2858 596 supra
2910 525 3331 584 Occidentalem
3365 528 3534 583 Tauri
3555 545 3650 583 ar-

1674 617 1799 655 cum
1828 609 2004 656 nauta
2034 615 2169 654 eran
2198 641 2211 654 .

1674 617 1799 655 cum
1827 615 2004 670 ροειια
2034 615 2211 654 erant.

298 709 546 775 Χαλκοῦς
605 709 662 768 δὲ
707 714 932 789 κώνωψ,
989 713 1078 769 καὶ
1140 721 1294 790 μυῖα,
1353 715 1445 770 καὶ
1503 713 1651 771 ἄλλα
1705 715 1857 791 μικρό

2057 717 2264 773 JEreus
2294 714 2459 771 culex
2487 720 2545 772 et
2575 731 2778 771 musca
2816 719 2872 771 et
2903 715 3019 770 alia
3068 731 3240 787 parva
3292 716 3522 774 insecta
3567 721 3640 775 ab

221 799 441 877 ζωύφια
514 800 693 856 ἐπάνω
772 809 873 872 τῆς
954 800 1176 875 δυτικῆς
1252 802 1446 880 ἁψῖδος
1508 810 1604 860 τοῦ
1669 804 1857 881 Ταύροι

1989 804 2334 879 Appollonio
2365 805 2594 878 Tyaneo
2625 804 2851 877 magice
2894 809 3234 860 consecrata
3263 823 3444 877 supra
3472 807 3636 864 Occi-

218 886 442 945 i’c-tavro
479 936 493 961 ,
573 889 1002 966 ἒστοιχειωμὲνα
1081 892 1227 969 παρά
1309 891 1697 950 Ἀπολλωνίου
1779 897 1877 948 τοῦ

212 979 492 1041 Τυανέως.
554 979 652 1034 Καὶ
707 975 814 1044 ’ἕως
873 980 967 1052 μὲν
1029 981 1119 1036 οὗν
1147 980 1390 1054 ἵσταντο,
1423 982 1523 1038 οὐκ
1547 981 1776 1052 ἐφοίτων
1806 984 1876 1055 τῇ

214 1065 386 1122 πόλει
447 1072 624 1140 μυῖαι,
674 1067 709 1137 ἢ
769 1068 996 1143 ψύλλοι,
1053 1069 1089 1139 ἢ
1121 1070 1402 1134 κώνωπες.
1434 1073 1496 1129 Ὁ
1531 1069 1588 1126 δὶ
1621 1069 1874 1147 βασιλεὺς

213 1153 510 1218 Βασίλειος
563 1154 613 1228 ἒξ
675 1156 874 1219 οἰκείας
926 1157 1142 1235 ἀγνοίας
1190 1163 1470 1237 κατήγαγε
1497 1160 1586 1216 καὶ
1618 1151 1875 1238 ἠφάνισεν

214 1243 378 1300 αὐτά.

1988 893 2279 950 dentalem
2308 894 2484 950 Tauri
2513 910 2713 950 arcum
2745 893 2935 964 posita
2981 896 3166 950 erant.
3225 893 3496 959 Quandiu
3528 913 3633 952 au-

1987 990 2104 1039 tem
2151 983 2252 1039 illa
2299 989 2747 1055 permanserunt
2789 981 3037 1055 integra,
3087 999 3192 1038 nec
3252 1000 3493 1056 muscas,
3525 1002 3630 1042 nec

1984 1072 2230 1145 pulices,
2283 1089 2387 1126 nec
2411 1071 2628 1127 culices
2650 1073 2857 1126 urbem
2883 1070 3494 1128 intrarunt.Cmterum
3519 1073 3630 1129 im-

1985 1165 2216 1235 perator
2262 1159 2514 1216 Basilius
2562 1160 2799 1216 Macedo
2849 1175 2916 1215 ex
2963 1160 3296 1232 ignorantia
3325 1178 3392 1217 ea
3419 1160 3635 1233 dejecit

1985 1253 2160 1320 atque
2190 1249 2498 1321 confregit.

833 1394 909 1448 De
935 1394 1200 1460 cisterna,
1228 1396 1534 1465 gerocomio
1561 1409 1627 1449 ac
1657 1394 1871 1462 balneo,
1902 1409 2024 1465 qua:
2048 1395 2107 1448 in
2139 1393 2252 1450 loco
2279 1391 2377 1446 τοδ
2406 1392 2577 1465 Κριοῦ
2603 1391 2744 1449 dicto
2773 1394 3014 1449 miunt.

283 1503 399 1573 Τὴν
431 1501 489 1559 δὲ
517 1505 827 1580 κινστὲρναν
860 1504 935 1566 εἷς
959 1503 1026 1560 τὰ
1052 1510 1148 1560 τοῦ
1183 1510 1348 1584 Κριοῦ
1383 1505 1473 1560 καὶ
1519 1505 1583 1560 τὸ
1628 1525 1870 1581 γηροκο-

212 1593 400 1664 μεῖον,
428 1591 520 1646 καὶ
549 1593 610 1647 τὸ
641 1591 826 1666 λοῦμα
855 1587 1032 1648 ἔκτισε
1064 1594 1335 1673 Στέφανος
1362 1594 1868 1671 παρακοιμώμενος

212 1681 532 1756 Μαυρικίου
566 1679 860 1758 βασιλέως,
894 1682 1030 1756 μετᾶ
1060 1683 1295 1758 χρόνους
1351 1685 1440 1758 ιβ’·
1473 1684 1563 1740 καὶ
1592 1685 1685 1740 τὸν
1720 1689 1868 1739 οἷκον

211 1769 386 1825 αύτοῦ
415 1775 541 1827 ναὸν
575 1773 846 1848 ἀνήγειρε.

730 1951 861 2026 Περὶ
912 1950 981 2006 τὰ
1024 1947 1362 2025 Βιγλεντίας.

2049 1506 2376 1562 Cisternam
2410 1521 2540 1577 qua;
2568 1510 2659 1561 est
2687 1505 2746 1560 in
2777 1503 2902 1562 loco
2925 1523 3022 1558 του
3056 1502 3228 1578 Κριού
3275 1519 3377 1561 seu
3411 1505 3627 1562 Arietis

1981 1598 2337 1667 nuncupato,
2371 1594 2768 1667 gerocomium
2789 1594 2930 1650 item
2960 1609 3024 1648 ac
3057 1593 3328 1648 balneum
3363 1593 3628 1649 condidit

1979 1684 2316 1756 Stephanus
2347 1683 2609 1738 Mauricii
2639 1683 3039 1740 cubicularius
3076 1688 3210 1755 post
3258 1698 3446 1738 annos
3477 1682 3629 1737 duo-

1979 1773 2192 1828 decim.
2221 1773 2500 1828 Praeterea
2529 1772 2770 1828 domum
2803 1789 2972 1828 suam
3021 1772 3081 1827 in
3137 1769 3444 1828 ecclesiam
3477 1778 3631 1827 com;

1977 1861 2241 1918 mutavit.

2095 1951 2169 2006 De
2199 1951 2404 2023 templo
2429 1949 2486 2006 S.
2521 1951 2776 2021 Procopii
2802 1951 3125 2020 cognomine
3160 1949 3492 2017 Vigilantiae.

280 2037 345 2094 Ὀ
397 2039 586 2113 ’Ἄγιος
669 2037 976 2114 Προκόπιος
1056 2039 1123 2093 τὰ
1191 2037 1531 2114 Βιγλεντίας,
1611 2038 1691 2101 είς
1771 2039 1857 2094 τὸν

2042 2040 2353 2112 Templum
2394 2039 2452 2094 S.
2502 2038 2766 2110 ProcOpii
2810 2037 3138 2110 Vigilantia
3188 2041 3616 2108 nuncupatum,

202 2129 438 2200 Ταῦρον,
496 2124 736 2182 παλάτια
791 2127 925 2196 ἦσαν
982 2128 1261 2191 κτισθέντα
1307 2127 1576 2203 παρᾶτοῦ
1607 2127 1861 2202 Μεγάλου

207 2219 621 2270 Ἰουστινιανοῖν
683 2217 712 2270 ὁ
743 2213 802 2270 δὲ
848 2217 976 2279 ναὸς
1012 2218 1232 2292 ὑπῆρχε
1289 2221 1385 2271 τοῦ
1409 2215 1696 2272 παλατίου.
1735 2219 1862 2272 Ὑπὸ

209 2300 273 2358 δὶ
323 2308 422 2358 τοῦ
495 2302 829 2380 ἐμπρησμοῦ
904 2305 1264 2380 ἀφανισθέντα
1338 2304 1532 2360 νεωστὶ
1589 2303 1863 2379 ἀνῳκοδο-

207 2394 391 2466 μήθη.
425 2393 718 2449 Ἀντωνίνα
750 2391 808 2449 δὲ
831 2396 866 2464 ἡ
899 2396 1033 2470 γυνή
1066 2400 1164 2449 τοῦ
1188 2393 1508 2471 Βελισαρίου
1542 2394 1866 2472 μαγίστρου,

207 2482 394 2550 ζωστή
441 2480 509 2550 ἦν
552 2480 834 2558 Θεοδώρας
879 2485 977 2551 τῆς
1019 2484 1272 2559 γυναικὸς
1322 2489 1724 2553 Ἰουστινιανοῦ,
1771 2486 1864 2540 καὶ

211 2570 353 2643 μετὰ
380 2571 441 2625 τὸ
473 2575 742 2646 χηρεῦσαι
791 2571 1028 2628 ἐποιεῖτο
1074 2574 1174 2642 τὴν
1220 2573 1541 2644 κατοίκησιν
1586 2575 1721 2646 μετά
1761 2576 1862 2643 τῆς

206 2655 529 2734 Βιγλεντίας
553 2660 643 2714 καὶ
675 2661 965 2716 συναινέσει
995 2660 1164 2731 αὐτῆς
1203 2659 1542 2735 ᾠκοδομήθη
1590 2663 1618 2718 ὁ
1672 2663 1864 2738 Ἄγιος

206 2742 539 2820 Προκόπιος.

415 2852 544 2930 Ηερὶ
568 2859 678 2910 τῶν
711 2857 878 2927 Ἀνθη
894 2856 1019 2930 μίου
1051 2856 1290 2927 πλησίον
1318 2861 1416 2912 τοῦ
1445 2858 1652 2933 Κύρου.

271 3014 350 3067 Τὰ
380 3010 435 3068 δὲ
481 3015 777 3089 Ἀνθημίου
810 3017 958 3078 οἶκος
988 3017 1054 3085 ἧν
1094 3017 1259 3072 αὐτοῦ
1321 3016 1617 3093 μαγίστρου
1675 3013 1851 3089 ὄντος,

204 3100 258 3155 ἐν
290 3108 408 3164 τοῖς
461 3103 685 3178 χρόνοις
744 3108 1061 3181 Μαρκιανοῦ
1090 3109 1186 3160 τοῦ
1237 3103 1529 3180 βασιλέως,
1589 3105 1648 3167 ὃς
1707 3101 1852 3160 ἔστε-

196 3193 300 3263 ψεν
355 3191 516 3246 αὐτὸν
550 3237 564 3262 ,
624 3191 878 3257 δεδωκὼς
925 3193 1072 3266 αύτῷ
1127 3195 1227 3263 τήν
1282 3194 1508 3268 πρώτην
1577 3193 1849 3270 θυγατέρα

195 3276 386 3333 αὐτοῦ.

717 3371 846 3444 Περὶ
876 3375 984 3426 τῶν
1015 3375 1113 3426 τοῦ
1145 3369 1328 3428 Γαΐνᾶ.

276 3453 384 3510 Καὶ
415 3457 481 3511 τὰ
512 3463 696 3526 Γαϊνα,
750 3460 897 3522 οἶκος
942 3462 1008 3528 ἦν
1039 3457 1324 3535 πατρικίου
1351 3463 1449 3514 τοῦ
1485 3461 1849 3534 τυραννήσαν-

202 3561 304 3604 τος
333 3543 408 3606 εἷς
432 3546 504 3600 τὰ
530 3551 760 3620 Θρᾳκῷα
793 3548 955 3620 μίρη,
1002 3547 1053 3602 ἐν
1106 3554 1223 3611 τοῖς
1265 3548 1488 3624 χρόνοις
1538 3546 1856 3625 ³Δρκαδίου,

198 3630 295 3685 καὶ
330 3633 626 3710 σφαγέντος
657 3635 848 3690 ἐκεῖσε.

740 3812 872 3888 Περὶ
911 3813 979 3867 τὰ
1017 3813 1285 3887 Μεγεθίας
1298 3853 1310 3873 .

269 3901 352 3957 Τὰ
383 3897 440 3954 δὲ
464 3902 731 3976 Μεγεθίας
782 3903 1021 3976 Μεγὲθια
1070 3899 1324 3957 δέσποινα
1345 3901 1620 3978 ἀνήγειρεν
1651 3904 1703 3959 ἐν
1734 3909 1854 3966 τοῖς

196 3988 431 4064 χρόνοις
460 3984 710 4064 Τιϐερίου
737 3994 835 4044 τοῦ
865 3991 1090 4065 Θρᾳκός.

588 4078 716 4154 Περὶ
745 4081 844 4133 τοῦ
883 4079 1070 4154 Ἀγίου
1103 4077 1471 4136 Πολυεύκτου.

273 4168 378 4222 Τὸν
423 4164 480 4221 δὲ
527 4168 718 4242 Ἀγιον
769 4167 1112 4224 Πολύευκτον
1159 4170 1438 4246 ἀνήγειρεν
1489 4169 1763 4240 Ἰουλιανή
1813 4173 1849 4242 ἡ

191 4258 438 4332 θυγάτηρ
487 4255 938 4313 Ούαλεντινεανοῦ
966 4262 1066 4314 τοῦ
1122 4258 1407 4335 κτίστορος
1461 4264 1558 4315 τοῦ
1606 4261 1850 4336 ἀγωγοῢ.

193 4340 377 4400 ἔκτισε
409 4342 465 4398 δὲ
493 4349 682 4400 τοῦτον
714 4345 790 4407 εἷς
822 4346 1058 4420 χρόνους
1101 4346 1386 4424 τέσσαρας,
1432 4352 1542 4404 τῶν
1585 4355 1849 4424 τεχνιτῶν

191 4433 306 4487 ἀπὸ
335 4432 553 4502 Ῥώμης
604 4430 899 4496 ἐλθόντων.
931 4433 1343 4515 Γυναικαδελφή
1387 4435 1444 4492 δὶ
1493 4437 1559 4506 ἦν
1608 4436 1704 4494 τοῦ
1745 4441 1852 4496 Με-

191 4519 372 4598 γάλου
402 4518 718 4577 Θεοδοσίου.

1973 2130 2124 2200 quod
2155 2130 2329 2184 situm
2362 2131 2421 2184 in
2454 2130 2646 2184 Tauro
2675 2127 2906 2195 visitur,
2940 2125 3154 2198 palatia
3197 2125 3334 2182 olim
3386 2129 3554 2182 erant
3583 2141 3618 2182 a

1970 2218 2303 2274 Justiniano
2332 2222 2536 2290 Magno
2575 2219 2932 2273 constructa.
2982 2216 3100 2271 Hoc
3151 2230 3281 2270 vero
3325 2213 3613 2286 templum

1971 2306 2171 2378 palatii
2203 2312 2344 2362 erat.
2377 2306 2489 2362 Sed
2521 2305 2642 2361 haec
2667 2305 2801 2377 igne
2831 2305 3147 2376 absumpta
3175 2319 3363 2375 nuper
3392 2307 3617 2360 restau-

1974 2401 2099 2452 rata
2128 2400 2288 2451 sunt.
2323 2394 2608 2450 Antonina
2637 2411 2806 2466 porro
2842 2410 2986 2449 uxor
3015 2391 3275 2448 Celisarii
3324 2391 3614 2463 magistri,

1971 2484 2233 2541 vestitrix
2279 2489 2401 2540 erat
2447 2483 2764 2541 Theodorae
2809 2483 3006 2538 uxoris
3053 2480 3373 2537 Justiniani
3414 2498 3428 2536 :
3480 2495 3608 2550 qua

1971 2591 2104 2630 cum
2134 2573 2312 2630 vidua
2350 2573 2686 2641 mansisset,
2719 2571 2895 2626 isthic
2943 2570 3249 2626 habitabat
3288 2585 3423 2626 cum
3453 2568 3614 2641 Vigi-

1969 2661 2170 2732 lautia,
2193 2662 2364 2734 cujus
2395 2677 2576 2717 suasu
2618 2664 2914 2716 exstructa
2959 2664 3051 2715 est
3095 2657 3340 2715 ecclesia
3387 2659 3445 2714 S.
3479 2662 3616 2714 Pro-

1969 2751 2139 2822 copii.

2092 2859 2166 2914 De
2189 2858 2476 2914 Anthemii
2496 2860 2678 2912 tractu
2706 2872 2773 2912 ac
2799 2855 2919 2913 aede
2947 2869 3074 2926 qua
3099 2857 3218 2910 erat
3246 2854 3498 2925 proxime

2353 2931 2602 3000 Deiparaa
2630 2928 2806 2985 edem
2835 2928 2968 3000 Cyri
2994 2927 3219 2982 dictam.

2035 3017 2424 3073 Anthemiana
2453 3019 2666 3073 domus
2696 3022 2822 3073 erat
2869 3015 3186 3079 Anthemii,
3236 3028 3369 3068 cum
3421 3011 3614 3068 adhuc

1966 3107 2244 3179 magister
2295 3111 2468 3174 esset,
2518 3111 2781 3178 tempore
2849 3102 3130 3159 Marciani
3197 3101 3608 3173 imperatoris;

1963 3212 2135 3268 quem
2161 3196 2288 3268 ipse
2317 3196 2669 3264 Marcianus,
2699 3195 2836 3249 data
2866 3193 2916 3248 ei
2966 3192 3024 3248 in
3070 3207 3308 3247 uxorem
3354 3189 3476 3246 ﬁlia
3503 3206 3611 3245 sua

1961 3285 2368 3356 primogenita,
2403 3284 2721 3340 coronavit.

2545 3377 2627 3428 De
2655 3371 2850 3428 Gainae
2875 3371 3050 3426 domo.

2038 3467 2219 3519 Locus
2268 3461 2366 3531 qui
2414 3461 2609 3517 Gaines
2669 3460 2904 3530 dicitur,
2950 3459 3164 3514 domus
3211 3464 3334 3514 erat
3379 3456 3610 3530 patricii

1964 3553 2089 3622 ejus
2119 3549 2396 3612 nominis,
2430 3550 2529 3621 qui
2562 3554 2821 3620 tempore
2855 3547 3087 3603 Arcadii
3127 3549 3437 3618 imperium
3470 3547 3610 3604 aﬁ‘e-

1964 3639 2142 3696 ctavit
2170 3641 2228 3694 in
2259 3638 2528 3710 partibus
2575 3635 2860 3705 Thracia,
2904 3640 3084 3709 atque
3129 3635 3348 3691 ibidem
3380 3635 3606 3692 occisus

1964 3733 2073 3785 est.

2459 3815 2532 3871 De
2558 3813 2832 3886 Negethiae
2859 3813 3110 3884 aediﬁcio.

2032 3905 2362 3962 IEdiﬁcium
2384 3904 2684 3978 Megetihe
2699 3903 2809 3960 sub
2829 3903 3061 3959 Tiberio
3082 3901 3306 3958 Thrace
3322 3918 3355 3956 a
3371 3900 3611 3956 domina

1961 3995 2249 4068 Megethio
2281 3995 2578 4051 conditum
2613 3999 2715 4050 est.

2471 4085 2544 4140 De
2574 4083 2775 4139 Sancto
2807 4083 3119 4153 Polyeucto.

2031 4173 2346 4230 Ecclesiam
2375 4172 2569 4228 Sancii
2601 4171 2893 4244 Polyeucti
2933 4169 3166 4226 Juliana
3197 4169 3316 4224 filia
3345 4167 3604 4225 Valenti-

1960 4264 2146 4330 niani,
2179 4263 2560 4334 aqusaductus
2591 4259 2930 4327 conditoris,
2951 4259 3257 4314 aedificavit
3284 4257 3441 4314 intra
3465 4274 3606 4330 qua-

1960 4353 2096 4406 tuor
2125 4367 2331 4418 annos,
2365 4348 2620 4405 evocatis
2653 4348 2836 4403 Roma
2857 4346 3214 4402 architectis.
3246 4345 3380 4402 Fuit
3408 4349 3604 4402 autem

1961 4438 2085 4495 haec
2114 4438 2351 4495 Juliana
2381 4453 2547 4493 soror
2576 4436 2774 4492 uxoris
2805 4435 3116 4491 Theodosii
3147 4435 3362 4507 Magni.

1185 4671 1270 4724 De
1297 4668 1534 4728 ecclesia
1563 4671 1659 4729 SS.
1687 4672 1934 4744 Deiparae
1961 4673 2259 4745 Ponolyles
2286 4675 2628 4744 nuncupata.

270 4778 336 4834 Ἢ
367 4777 655 4853 Ὑπεραγία
687 4777 952 4843 Θεοτόκος
979 4782 1014 4849 ἡ
1058 4778 1376 4851 Ιῐονολύτης
1405 4781 1616 4854 ἐκλήθη
1651 4782 1844 4854 οὕτως,

192 4865 282 4920 ὅτι
315 4864 527 4927 πολλὰς
561 4865 724 4928 ἰάσεις
750 4863 922 4922 ἐκεῖσε
970 4866 1233 4938 ἰπετιλει,
1262 4870 1349 4934 καὶ
1385 4871 1544 4926 πόνοι
1573 4876 1681 4926 τῶν
1709 4870 1847 4927 πολ-

196 4954 316 5010 λῶν
349 4951 592 5012 ἰλύοντο.

503 5060 628 5135 Περὶ
663 5067 761 5131 τῆς
789 5063 1054 5118 Θεοτόκου
1078 5063 1144 5119 τὰ
1175 5061 1542 5141 Ἀρεοϐίνδου.

271 5149 384 5217 Τήν
411 5148 725 5226 ’Υπεραγίαν
759 5149 1048 5223 Θεοτόκον,
1080 5152 1146 5208 τὰ
1186 5150 1564 5230 Ἀρεοϐίνδου,
1594 5153 1848 5229 ἀνήγειρε

195 5238 404 5312 Πέτρος
491 5237 786 5313 μάγιστρος
862 5239 950 5294 καὶ
1037 5243 1513 5317 Κουροπαλάτης,
1610 5240 1845 5321 ἀδελφὸς

192 5325 521 5400 Μαυρικίου.
580 5327 642 5383 Ὀ
701 5323 759 5380 δὲ
814 5322 1177 5401 Ἀρεόϐινδος,
1211 5328 1277 5385 δι’
1306 5331 1366 5386 ’ὃν
1395 5328 1589 5386 ἓλαϐεν
1678 5331 1845 5396 τόπος

189 5415 296 5483 τήν
357 5413 749 5490 προσηγορίαν,
805 5413 856 5468 ἐν
886 5420 1003 5478 τοῖς
1035 5417 1259 5491 χρόνοις
1313 5422 1378 5488 ἦν
1429 5419 1722 5474 Ἰουστίνου
1753 5425 1848 5475 τοῦ

192 5503 408 5577 Θρᾳκὸς
439 5507 535 5557 τοῦ
568 5502 878 5577 κρατίστου,
927 5503 1017 5558 καὶ
1072 5507 1099 5560 ὁ
1133 5507 1280 5569 οἶκος
1324 5507 1487 5562 αὐτοῦ
1534 5509 1598 5578 ἧν
1655 5508 1845 5568 ἐκεῖσε.

192 5589 346 5647 Μετᾶ
375 5591 462 5668 ίιβ⁸
487 5592 722 5666 χρόνους
753 5591 842 5646 ἀπ’
872 5591 1078 5649 ἂκείνου
1106 5599 1200 5650 τοῦ
1233 5593 1598 5674 Ἀρεοϐίνδου,
1630 5596 1845 5671 ἐκτίσθη

193 5681 230 5750 ἦ
263 5699 324 5734 τε
354 5677 618 5752 ἆκκλησία
646 5681 734 5735 καὶ
766 5680 829 5736 τὸ
861 5679 1065 5756 λοῦμα.

2029 4786 2286 4842 Ecclesia
2314 4786 2406 4840 SS.
2441 4785 2692 4856 Deiparss
2735 4782 3040 4856 Ponolytes
3072 4782 3152 4837 ita
3180 4781 3602 4853 vocatur,quod

1959 4874 2128 4929 multi
2161 4873 2279 4928 illic
2317 4873 2568 4929 sanitate
2607 4877 2950 4943 recuperata
2989 4889 3024 4928 a
3068 4871 3248 4927 variis
3296 4870 3518 4926 morbis
3547 4873 3606 4924 et

1955 4961 2345 5033 languoribus
2371 4961 2779 5015 liberarentur.

2115 5068 2189 5122 De
2217 5064 2458 5121 ecclesia
2492 5066 2744 5136 Deipara:
2787 5065 3082 5120 Areobindi
3108 5072 3450 5138 nuncupata.

2031 5155 2348 5212 Ecclesium
2397 5151 2786 5209 sanctissimae
2837 5151 3095 5224 Deiparie
3145 5153 3462 5210 Areobindi
3509 5169 3607 5208 co-

1957 5243 2232 5315 gnomine
2280 5243 2486 5297 Petrus
2540 5239 2844 5311 magister,
2894 5245 2952 5295 et
3000 5243 3370 5312 Curcpalata,
3421 5242 3602 5297 frater

1959 5331 2219 5388 Mauricii
2252 5330 2531 5387 condidit.
2567 5328 2927 5384 Areobindus
2960 5333 3179 5395 autem,
3211 5348 3240 5383 a
3273 5346 3388 5400 quo
3437 5330 3603 5386 locus

1959 5422 2055 5476 ille
2086 5418 2398 5476 Areobindi
2430 5418 2624 5473 dictus
2655 5421 2764 5485 est,
2799 5417 2906 5472 sub
2955 5417 3190 5472 Justino
3241 5417 3466 5474 Thrace
3497 5436 3604 5490 po-

1957 5511 2288 5568 tentissimo
2321 5509 2539 5577 floruit,
2565 5507 2889 5578 eodemque
2913 5508 2970 5562 in
3007 5507 3132 5561 loco
3156 5506 3395 5561 domum
3420 5508 3604 5564 habe-

1959 5603 2074 5657 bat.
2102 5606 2376 5656 Caaterum
2410 5598 2582 5654 annis
2625 5598 2946 5669 nonaginta
2992 5597 3222 5653 duobus
3267 5613 3299 5651 a
3345 5601 3606 5669 tempore

1956 5689 2289 5761 Areobindi,
2322 5688 2568 5746 ecclesia
2592 5686 2829 5744 condita
2856 5691 2946 5744 est
2965 5702 3030 5745 ac
3061 5684 3354 5742 balneum.
