3984 6348
432 341 590 399 1247

680 474 755 529 De
782 475 970 529 sancta
1000 473 1290 528 Anastasia
1318 473 1822 547 Pharmacolytria.

500 651 757 707 Ecclesia
787 650 1173 707 S.Anastasiae
1204 650 1717 733 Pharmacolytrize
1740 651 1974 707 condita
1993 655 2082 706 est

432 741 505 796 ab
538 739 843 796 Anastasio
876 738 1082 795 Dicoro
1114 754 1180 794 eo
1214 739 1269 793 in
1303 739 1451 810 loco,
1484 739 1585 794 ubi
1634 744 1805 795 antea
1852 738 2079 811 patricii

431 829 735 898 cujusdam
769 828 1104 883 Pharmacae
1140 828 1463 898 nuncupati
1495 828 1707 884 domus
1739 829 2025 884 exstabat.

712 937 787 990 De
819 936 930 991 loco
960 936 1344 1005 cognominata
1374 936 1794 990 Leomacellum.

502 1029 689 1080 Locus
716 1028 957 1079 vocatus
1006 1023 1436 1078 Leomacellum
1489 1024 1623 1078 inde
1672 1039 1882 1079 nomen
1916 1039 2082 1079 acce-

433 1113 539 1186 pit,
574 1114 730 1183 quod
765 1112 842 1167 ibi
877 1112 1018 1167 olim
1073 1113 1184 1167 Leo
1217 1128 1466 1182 magnus
1521 1112 1839 1184 imperator
1884 1128 2085 1167 carnes

432 1202 778 1257 vendiderit.
813 1201 964 1256 Uxor
994 1200 1168 1255 etiam
1200 1200 1328 1271 ejus
1359 1200 1607 1255 chordas
1636 1201 1967 1271 torquebat.

616 1381 687 1436 De
714 1380 945 1434 ecclesia
972 1380 1225 1449 Dciparaz
1258 1378 1539 1434 Curatorz's
1568 1381 1903 1449 nuncupata.

517 1468 776 1524 Ecclesia
804 1468 1063 1539 Deiparze
1095 1467 1393 1522 Curatoris
1416 1466 1761 1539 cognomine
1790 1470 2086 1521 exstructa

440 1558 551 1614 fuit
590 1557 698 1612 sub
729 1556 944 1611 Verina
971 1555 1179 1613 Leonis
1224 1555 1452 1611 Macelse
1497 1572 1719 1622 uxore;
1751 1560 1807 1610 et
1855 1559 2088 1611 curator

437 1645 676 1717 quidam
709 1644 1000 1714 ejusdem,
1035 1648 1343 1699 structurae
1376 1644 1626 1715 praefuit,
1652 1660 1766 1715 quo
1798 1644 1869 1698 ad
1904 1644 2089 1699 instar

438 1733 695 1806 sepulcri
726 1733 963 1788 Domini
996 1733 1180 1787 ﬁeret.

984 1827 1063 1877 De
1094 1821 1546 1876 Christocamera.

510 1913 593 1967 Ad
617 1911 1144 1967 Christocameram
1172 1911 1382 1966 domus
1412 1913 1535 1965 erat
1586 1908 1839 1965 Moselis.
1871 1909 2093 1965 Pariter

440 2005 499 2057 et
526 2001 742 2056 Christi
772 1999 967 2071 imago
999 1998 1258 2071 proxime
1292 2002 1348 2054 S.
1379 1998 1655 2053 Acacium
1684 1998 1915 2069 depicta
1944 2002 2090 2070 erat,

441 2093 498 2145 et
527 2089 660 2144 ideo
691 2088 778 2143 sic
809 2096 1208 2158 nuncupatur.

774 2196 845 2251 De
876 2202 1079 2250 sancta
1108 2195 1265 2248 Anna
1296 2192 1447 2248 dicta
1480 2193 1761 2248 Deuteron.

513 2287 576 2341 In
624 2285 749 2339 loco
811 2281 1223 2353 cognominato
1271 2284 1514 2336 Deuteru
1579 2280 1903 2337 Justiniani
1950 2282 2091 2336 Rhi-

444 2374 689 2429 notmeti
720 2376 917 2427 statua
948 2376 1093 2435 erat,
1146 2387 1323 2442 quam
1376 2374 1576 2442 postea
1618 2369 1838 2425 Bardas
1882 2371 2090 2441 Caesar,

445 2459 746 2515 Michaelis
776 2457 1105 2513 avunculus
1128 2458 1336 2529 dejecit
1361 2458 2096 2530 confregitque,Nuncupa-

446 2552 539 2603 tus
571 2551 764 2603 autem
797 2551 885 2602 est
908 2546 1071 2602 locus
1101 2547 1392 2603 Deuteron
1426 2546 1604 2617 hujus
1635 2548 1715 2601 rei
1745 2546 1953 2619 gratia.
1985 2547 2093 2602 Ju-

446 2635 739 2691 stinianus
768 2635 1181 2691 Rhinotmetus
1210 2652 1243 2690 a
1276 2635 1508 2691 Leontio
1550 2635 1794 2707 patricio
1827 2635 1882 2689 in
1916 2634 2092 2690 Cher-

447 2740 648 2781 sonem
682 2723 971 2796 relegatus
1014 2725 1143 2790 fuit,
1196 2724 1296 2779 ubi
1348 2741 1480 2779 cum
1530 2724 1729 2779 decem
1778 2724 2095 2780 mansisset

451 2830 658 2882 annos,
689 2813 1201 2884 profugittandem
1253 2813 1323 2867 ad
1371 2812 1657 2867 Terbelim
1712 2812 2092 2883 Bulgarorum

448 2903 902 2976 principem,qui
937 2902 1116 2956 filiam
1149 2917 1317 2957 suam
1340 2902 1705 2957 Theodoram
1740 2901 1848 2972 ipsi
1882 2902 1939 2955 in
1961 2918 2095 2957 uxo-

449 3012 569 3051 rem
617 2996 797 3062 dedit,
846 2998 903 3049 et
952 2994 1191 3064 insuper
1240 2992 1573 3063 quindecim
1623 2992 1807 3047 millia
1839 2992 2093 3047 militum

449 3082 939 3148 subministravit,
973 3099 1103 3136 cum
1137 3082 1350 3153 quibus
1390 3081 1957 3153 Constantinopolim
1992 3098 2093 3153 pe-

1388 341 1783 403 APPENDIX
1824 342 1928 402 AD
1976 341 2439 403 MlCHAELEM
2482 342 2875 406 PSELLUM.

2104 474 2160 541 Α

3742 339 3896 399 1218

2279 472 2407 546 Περὶ
2463 480 2563 543 τῆς
2614 472 2801 549 Ἀγίας
2847 472 3197 601 Ἀνασῗασίας
3229 480 3330 543 τῆς
3379 470 3820 549 Φαρμακολυο

2937 566 2999 601 το
3030 566 3113 601 ας.

2937 566 3113 619 τριας.

2263 650 2379 719 Τῆν
2440 648 2497 705 δὲ
2549 651 2728 726 Ἀγίαν
2789 652 3135 709 Ἀναστασίαν
3188 653 3289 720 τήν
3350 648 3891 725 Φαρμακολιιτρὲτν

2190 731 2393 793 ἔκτισεν
2423 740 2767 801 ’Λναστάσιος
2800 741 2826 796 ὁ
2859 740 3106 813 Δίκορος’
3157 740 3420 816 πρότερον
3477 738 3538 794 δὲ
3600 738 3786 799 οἶκος
3837 739 3893 801 fw

2188 846 2335 889 τινος
2364 827 2652 901 πατρικίου
2684 834 2954 903 Φαρμακᾶ
2985 827 3305 904 λεγομένου.

2653 935 2783 1010 Περὶ
2830 939 2926 990 τοῦ
2964 934 3394 1008 Λεωμακὲλλου.

2262 1024 2331 1077 Τὸ
2366 1021 2423 1077 δὲ
2453 1022 2852 1097 Λεωμάκελλον
2882 1022 3127 1079 καλεῖται
3160 1023 3218 1079 ἐκ
3273 1028 3373 1079 τοῦ
3423 1021 3663 1078 πωλεῖν
3720 1023 3897 1078 ἐκεῖσε

2191 1111 2281 1166 τὸν
2326 1113 2499 1186 Μέγαν
2538 1113 2745 1168 Λέοντα
2794 1112 2889 1167 τὸν
2936 1110 3161 1186 βασιλέα
3204 1113 3423 1187 κρέατα·
3487 1113 3587 1166 καὶ
3650 1115 3694 1178 ἡ
3762 1112 3897 1164 τονὶο

2192 1221 2289 1255 του
2320 1202 2458 1276 γυνή
2488 1199 2681 1256 ἔπλεκε
2707 1200 2803 1265 τὰς
2833 1198 3062 1276 χορδάς.
3098 1202 3190 1255 Ἐκ
3218 1201 3414 1255 τούτου
3453 1200 3549 1255 οὖν
3583 1198 3831 1269 ἐκλήθη
3869 1206 3887 1252 ﬁ

2193 1288 2362 1352 τόπος
2394 1288 2593 1352 οὕτως.

2690 1379 2821 1454 Περὶ
2868 1378 2936 1434 τὰ
2980 1378 3340 1455 Κουράτορος.

2264 1468 2338 1521 Τὰ
2381 1464 2720 1543 Κυυράτοροε
2771 1467 3086 1538 ἐκτίσθησαν
3147 1467 3199 1521 ἐν
3252 1472 3367 1528 τοῖς
3420 1466 3677 1542 χρόνοις
3716 1469 3891 1541 Βηρζ-

2195 1581 2309 1630 νης,
2340 1565 2439 1627 τῆς
2468 1560 2720 1635 γυναικὸς
2764 1562 2860 1612 τοῦ
2918 1556 3345 1631 Λεωμακὲλλου’
3409 1558 3505 1610 καὶ
3558 1558 3590 1609 ὁ
3656 1557 3890 1629 [(0'in-

2194 1668 2307 1722 τωρ
2338 1648 2505 1717 αὐτῆς
2535 1649 2857 1720 παρίσταται
2900 1646 2976 1709 εἷς
3031 1648 3093 1701 τὸ
3126 1646 3387 1719 ὁμοίωμα
3414 1649 3517 1699 τοῦ
3553 1646 3759 1724 τάςρου
3792 1650 3887 1699 το]

2197 1737 2417 1811 Κυρίου.

2643 1825 2772 1900 Περὶ
2800 1830 2897 1880 τοῦ
2928 1824 3397 1899 Χριστοκαμάρου.

2270 1914 2366 1976 Εἲς
2400 1911 2457 1968 δὲ
2486 1914 2547 1968 τὸ
2577 1912 3024 1990 Χριστοκάμαρον
3054 1914 3124 1982 ἦν
3150 1915 3178 1968 ὁ
3228 1912 3376 1974 οἶκος
3423 1916 3528 1967 τοῦ
3582 1910 3885 1981 Minonis.

2200 2006 2298 2059 Ἦν
2329 2003 2416 2057 καὶ
2471 2004 2499 2056 ὁ
2544 2003 2776 2077 Χριστὸς
2822 2000 3200 2077 ἱστορισμὲνος
3245 1999 3489 2071 πλησίον
3538 2004 3645 2055 τοῦ
3678 2000 3881 2074 Ἀγίου

2201 2091 2478 2161 Ἀκακίου,
2506 2090 2595 2145 καὶ
2627 2088 2715 2145 διὰ
2743 2094 2903 2145 τοῦτο
2935 2088 3107 2151 οὕτως
3142 2088 3376 2160 ἐκλήθη.

2464 2198 2595 2272 Περὶ
2626 2204 2726 2267 τῆς
2756 2196 2940 2271 Ἀγίας
2973 2201 3174 2267 ’Ἀννης
3202 2196 3264 2250 τὸ
3310 2194 3596 2269 Δεῦτερον.

2272 2290 2393 2345 ’Ότι
2423 2287 2498 2349 εἰς
2529 2287 2592 2341 τὸ
2644 2285 2938 2361 λεγόμενον
2970 2284 3224 2360 Δεύτερον
3273 2283 3326 2340 ἑν
3361 2285 3442 2356 τῷ
3492 2284 3643 2339 κίονι
3690 2283 3879 2353 στήλη

2196 2378 2385 2434 ἵστατο
2434 2377 2818 2432 Ἰουστινιανοῦ
2872 2372 2969 2429 τοῖ’)
3013 2374 3412 2446 Ῥινοτμήτου·
3468 2375 3574 2441 τὴν
3626 2371 3689 2427 δὲ
3750 2375 3882 2439 wn}

2202 2466 2305 2535 λην
2362 2466 2630 2538 κατήγαγε
2695 2459 2908 2536 Βάρδας
2965 2463 2994 2516 ὁ
3054 2467 3277 2537 Καῖσαρ,
3337 2461 3365 2515 ὁ
3420 2466 3569 2524 θεῖος
3596 2458 3871 2537 Μιχαὴλ,

2199 2556 2289 2609 καὶ
2344 2553 2651 2625 συνέτριψεν
2711 2551 2900 2621 αὐτήν.
2962 2552 3205 2620 Ἐκλήθη
3266 2547 3325 2605 δὶ
3373 2550 3661 2622 Δεύτερον,
3728 2547 3874 2605 διότι

2202 2642 2474 2717 ἐξόριστος
2517 2640 2732 2715 γὲγονεν
2766 2641 2795 2694 ὁ
2823 2639 2987 2701 αὐτὸς
3035 2639 3409 2700 ’[ουστινιανὸς
3471 2639 3551 2699 εἷς
3600 2641 3875 2713 Xerse-En:

2200 2731 2348 2806 παρὰ
2403 2730 2662 2785 Λεοντίου
2710 2728 3019 2804 πατρικίου³
3082 2730 3313 2798 ποιήσαν
3346 2724 3403 2781 δὲ
3458 2726 3574 2782 ἐκεῖ
3621 2728 3875 2801 χρόνους

2203 2818 2349 2889 δέκα,
2404 2819 2493 2873 καὶ
2553 2821 2695 2895 φυγῇ
2736 2817 3110 2892 χρησάμενος,
3166 2814 3408 2880 ἀπῆλθεν
3468 2815 3547 2877 εἲς
3605 2816 3704 2870 τὸν
3738 2816 3872 2888 Τέρ-

2203 2905 2355 2964 6ελιν
2396 2910 2502 2963 τῶν
2555 2905 2889 2979 Βουλγάρων
2941 2905 3213 2979 ἀρχηγὸν,
3270 2904 3361 2958 καὶ
3419 2904 3594 2978 ἤγαγὲ
3646 2925 3711 2959 τε
3771 2906 3871 2972 τήν

2201 2998 2365 3053 αὐτοῦ
2423 2996 2686 3071 θυγατέρα
2744 2992 2973 3065 ὀνόματι
3030 2990 3335 3064 Θεοδώραν,
3393 2992 3483 3046 καὶ
3538 2989 3673 3053 δοὺς
3720 2992 3869 3061 αὖτῷ

2201 3082 2461 3162 χιλιάδας
2522 3085 2579 3138 ιε’
2630 3082 2787 3151 λαὸν,
2819 3082 2909 3136 καὶ
2941 3080 3116 3145 ἐλθὼν
3145 3079 3197 3134 ἐν
3248 3084 3317 3154 τῇ
3344 3078 3506 3134 πόλει
3537 3079 3627 3134 καὶ
3670 3083 3751 3153 μὴ
3786 3078 3867 3133 δε-

443 3173 577 3239 tiit;
612 3172 710 3226 sed
746 3186 875 3225 cum
910 3170 1062 3225 cives
1093 3187 1224 3224 eum
1260 3169 1513 3241 recipere
1546 3169 1786 3238 nollent,
1815 3170 2095 3225 simulata

2257 3175 2357 3236 θεὶς
2416 3172 2563 3246 παρὰ
2617 3176 2725 3226 τῶν
2784 3169 2928 3233 ἐντὸς
2989 3169 3286 3225 οἰκούντων
3320 3213 3336 3239 ,
3400 3170 3739 3242 ὑπέστρεψεν
3796 3168 3871 3228 εἷς

450 3262 608 3331 fuga,
643 3262 712 3314 ad
761 3265 984 3330 portam
1038 3276 1164 3329 quas
1218 3259 1472 3328 Antiqua
1519 3259 1733 3313 dicitur
1762 3276 1825 3313 se
1855 3260 2091 3329 recepit,

449 3366 515 3405 ac
544 3349 680 3403 inde
712 3366 811 3421 per
840 3349 1250 3418 aquaeductum
1288 3349 1489 3401 urbem
1514 3346 1691 3402 subiit
1715 3349 1882 3417 juxta
1905 3348 2093 3403 basim

454 3436 760 3504 columnae,
794 3453 921 3507 quae
968 3440 1056 3491 est
1083 3437 1237 3491 intra
1275 3437 1513 3505 urbem;
1543 3452 1610 3491 ac
1658 3437 1902 3508 imperio
1944 3436 2097 3508 poti-

454 3532 552 3580 tur
583 3545 597 3593 ;
631 3530 688 3578 et
716 3526 801 3579 sic
832 3526 995 3580 locus
1025 3523 1119 3578 ille
1169 3525 1616 3595 cognominatus
1646 3523 1753 3579 fuit
1784 3524 2097 3581 Deuteron.

454 3616 649 3685 quue
677 3618 939 3684 tempore
971 3612 1258 3683 templum
1289 3613 1513 3668 Sancta:
1558 3619 1738 3667 Annae
1772 3613 2098 3681 aediﬁcavit,

454 3703 733 3774 quoniam
768 3701 930 3757 uxori
966 3702 1154 3773 ipsius
1185 3701 1433 3771 gravida:
1456 3706 1658 3757 sancta
1690 3701 1785 3756 illa
1807 3702 2099 3773 apparuit.

454 3791 734 3846 Caeterum
773 3790 1084 3844 maforium
1117 3806 1183 3844 ac
1211 3806 1423 3860 corpus
1445 3790 1708 3860 ejusdem
1743 3790 2103 3860 sunctaaipso

458 3881 782 3952 imperante
810 3880 866 3933 in
901 3880 1105 3933 urbem
1140 3877 1332 3933 delata
1358 3883 1521 3935 sunt.

1006 3970 1075 4022 De
1107 3967 1382 4039 Chrysoba
1393 3967 1562 4022 (ante.

530 4056 1064 4128 Chrysobalantum
1097 4057 1310 4111 domus
1340 4060 1466 4110 erat
1512 4053 1733 4110 Nicolai
1788 4055 2012 4127 patricii
2045 4071 2110 4110 ac

460 4145 831 4201 orientalium
882 4144 1216 4210 domestici,
1265 4161 1440 4213 quam
1478 4143 1573 4199 ille
1624 4144 1681 4198 in
1734 4145 1848 4199 duo
1892 4146 2112 4215 templa

461 4234 729 4298 mutavit,
762 4234 819 4289 S.
870 4230 1204 4302 archangeli
1258 4231 1555 4287 Michaelis
1607 4238 1664 4287 et
1712 4232 2112 4288 Panteleemo-

462 4324 577 4378 nis.
610 4324 754 4378 Nam
808 4323 937 4392 ipso
970 4322 1029 4375 in
1080 4321 1289 4376 castris
1340 4325 1759 4387 commorante,
1812 4338 1955 4376 uxor
1985 4324 2112 4392 ejus

464 4412 537 4466 ab
606 4409 720 4465 alio
790 4410 1047 4481 quodam
1119 4409 1584 4464 adulterabatur.
1672 4412 1796 4474 Qua
1878 4411 1948 4464 de
2031 4426 2112 4479 re,

466 4515 600 4553 cum
653 4498 708 4551 in
764 4498 966 4551 urbem
1021 4497 1315 4565 rediisset,
1381 4498 1594 4551 certior
1660 4498 1845 4552 factus
1913 4498 2117 4553 ambos

2202 3266 2301 3333 τὴν
2359 3260 2595 3317 παλαιὰν
2646 3260 2875 3335 πόρταν,
2921 3260 3012 3313 καὶ
3062 3257 3320 3321 εἰσελθὼν
3373 3259 3627 3312 ἀπεκεῖσε
3662 3258 3747 3321 εἷς
3777 3260 3865 3310 τὸν

2204 3352 2417 3430 ἀγωγὸν
2482 3349 2701 3421 ἐξῆλθεν
2753 3348 2829 3411 εἲς
2864 3348 2927 3402 τὸ
2978 3346 3230 3419 θεμέλιον
3286 3350 3381 3401 τοῦ
3433 3345 3621 3406 κίονος
3668 3344 3866 3399 ἔσωθεν

2203 3446 2304 3508 τῆς
2362 3438 2600 3506 πόλεως,
2658 3438 2747 3493 καὶ
2804 3435 3068 3509 ἐκράτησο
3126 3436 3224 3503 τήν
3280 3432 3584 3510 βασιλείαν,
3628 3435 3726 3487 καὶ
3771 3432 3868 3487 0-3-

2207 3553 2315 3594 τως
2343 3528 2549 3599 ἐκλήθη
2578 3528 2606 3581 ὁ
2662 3524 2828 3588 τόπος
2857 3524 2920 3580 τὰ
2953 3524 3227 3600 Δεύτερονο
3278 3522 3367 3577 καὶ
3413 3522 3536 3576 τότε
3584 3522 3679 3576 τὸν
3743 3523 3862 3575 vas.

2209 3623 2307 3685 τῆς
2340 3618 2493 3694 ἁγίας
2540 3616 2818 3692 ἀνήγειρεν
2861 3616 3086 3683 Ἀννης,
3138 3614 3221 3666 ὅτι
3272 3607 3463 3686 ἔγκυος
3506 3611 3574 3678 ἦν
3633 3613 3671 3679 ἡ
3734 3613 3870 3684 γυνὴ

2211 3706 2398 3776 αὖτοῦ,
2448 3704 2537 3760 καὶ
2592 3704 2849 3773 ὠπτάνθη
2900 3703 3039 3774 αὐτῇ
3071 3704 3105 3770 ἡ
3157 3700 3303 3775 ἁγία·
3361 3698 3506 3755 ἀλλὰ
3543 3698 3638 3753 καὶ
3667 3700 3737 3753 τὸ
3768 3705 3875 3753 Μα-

2214 3796 2402 3874 φόριον
2430 3793 2520 3849 καὶ
2559 3794 2621 3847 τὸ
2652 3796 2811 3865 σῶμα
2841 3792 3012 3859 αὐτῆς
3042 3789 3126 3844 ἐπ’
3162 3788 3325 3844 αὐτοῦ
3377 3786 3631 3852 εἷσῆλθεν
3667 3786 3749 3848 εἷς
3780 3788 3871 3851 τήν

2215 3883 2403 3942 πόλιν.

2643 3970 2769 4043 Περὶ
2819 3971 2916 4022 τοῦ
2965 3961 3439 4041 Χρυσοϐαλάντου.

2287 4059 2366 4117 Τὸ
2397 4056 2454 4114 δὲ
2481 4052 2936 4135 Χρυσοὸάλαντον
2992 4054 3145 4115 οἶκος
3200 4055 3266 4122 ἦν
3300 4051 3585 4109 Νικολάου
3619 4049 3879 4124 δομεστὲο

2219 4168 2318 4201 κου
2346 4142 2780 4214 τῆςἋνατολῆς
2830 4143 2920 4196 καὶ
2973 4140 3284 4215 πατρικίου,
3343 4140 3400 4193 ’ὀν
3454 4140 3751 4212 ἀνήγειρεν
3814 4138 3879 4196 εἷς

2222 4232 2380 4295 ναοὺς
2441 4230 2580 4303 δύο,
2641 4235 2738 4284 τοῦ
2804 4230 3280 4304 ’Δρχιστρατήγου
3357 4226 3445 4281 καὶ
3518 4231 3620 4281 τοῦ
3693 4227 3879 4300 Ἀγίου

2223 4318 2720 4392 Παντελεήμονος.
2792 4318 3157 4390 Χρονίσαντος
3231 4313 3287 4370 δὶ
3358 4315 3409 4369 ἐν
3463 4318 3541 4386 τῷ
3605 4312 3881 4385 ταξειδῖῳ,

2221 4409 2526 4483 ’ἐμοιχεύθη
2576 4410 2611 4476 ἠ
2670 4407 2804 4480 γυνή
2867 4402 3055 4472 αὐτου,
3091 4404 3177 4459 καὶ
3216 4402 3475 4466 εἰσελθὼν
3513 4401 3562 4456 ἐν
3704 4401 3884 4465 πόλει,

2225 4498 2315 4553 καὶ
2350 4497 2533 4569 μαθὼν
2581 4500 2743 4550 τοῦτο
2775 4492 3043 4548 ἑκοίτασεν
3098 4492 3460 4569 ἀμφοτέρους,
3492 4491 3583 4544 καὶ
3640 4488 3882 4562 μεληέὸν

463 4587 521 4641 in
558 4586 708 4641 lecto
736 4584 1056 4641 collocatos
1090 4558 1445 4640 articulatim
1491 4586 1696 4640 secuit.
1730 4586 1985 4641 Tandem
2033 4604 2092 4641 re

2257 4585 2424 4647 ίῦτοὺς
2451 4586 2766 4656 κατέκοψεν.
2822 4585 3094 4655 ’Ἐσχατον
3129 4577 3185 4634 δὲ
3218 4580 3291 4641 εἷς
3337 4576 3543 4634 ἔννοιαν
3574 4578 3759 4642 ἐλθὼν
3802 4582 3888 4631 τοῦ

471 4675 809 4731 cordatione
841 4679 896 4728 et
929 4679 1085 4728 metu
1121 4673 1731 4743 extremijudicii,duo
1756 4673 1875 4727 haec
1906 4674 2125 4746 templa

469 4763 779 4819 exstruxit.
814 4762 956 4817 Cum
990 4780 1144 4827 vero,
1180 4762 1451 4817 absoluta
1493 4763 1617 4832 jam
1661 4763 1776 4818 fere
1806 4766 2121 4831 structura,

467 4853 541 4908 ob
596 4852 857 4924 pecuniae
902 4868 1197 4906 summam
1248 4855 1581 4921 angeretur,
1638 4853 1913 4923 apparuit
1963 4852 2013 4906 ei
2065 4852 2122 4906 in

472 4958 684 4998 somno
716 4940 961 5013 angelus
999 4940 1225 4995 Domini
1262 4939 1463 4994 dicens
1496 4955 1510 4993 :
1544 4940 1651 4995 Abi
1684 4941 1738 4995 in
1781 4940 1975 4996 locum
2024 4939 2125 5011 qui

473 5034 563 5086 est
594 5030 901 5102 proximus
931 5030 1172 5100 Asparis
1201 5029 1488 5093 cisternae,
1521 5033 1577 5083 et
1607 5029 1866 5084 invenies
1896 5045 2125 5085 crume-

473 5134 613 5172 nam
648 5122 882 5171 centum
918 5116 1044 5170 auri
1086 5116 1266 5170 libras
1314 5115 1735 5171 continentem.
1784 5116 1945 5179 Quod
1990 5133 2123 5171 cum

472 5205 813 5273 invenisset,
849 5204 1041 5260 locum
1076 5204 1239 5258 illum
1264 5205 1348 5258 sic
1379 5205 1759 5275 nuncupavit.

887 5294 1281 5348 Monasterium
1305 5294 1715 5348 Festinationis.

548 5382 994 5449 Monasterium,
1030 5384 1185 5452 quod
1210 5381 1657 5453 cognominatur
1690 5382 2121 5450 Festinationis,

478 5473 795 5529 adiﬁcavit
824 5472 1063 5528 domina
1094 5474 1255 5526 Anna
1295 5471 1500 5525 Leonis
1549 5471 1733 5525 Isauri
1784 5488 1945 5526 uxor.
1977 5472 2122 5527 Cum

477 5562 631 5618 enim
665 5566 1047 5617 reverteretur
1070 5578 1137 5615 ex
1166 5559 1507 5615 Blachernis
1538 5560 1857 5630 gravida,et
1889 5560 2124 5631 parien-

480 5652 535 5705 di
584 5652 831 5706 instaret
875 5655 1133 5720 tempus,
1191 5649 1457 5719 ingressa
1513 5648 1755 5703 domum
1811 5650 2121 5720 cujusdam

2233 4670 2466 4750 φοϐεροῦ
2514 4671 2820 4749 κριτηρίου,
2872 4668 3118 4745 ἀνήγειρε
3165 4667 3291 4729 τοὺς
3331 4667 3518 4728 ναούς.
3560 4667 3777 4723 Ἐλθὼν
3839 4665 3885 4719 EE

2234 4765 2308 4827 εἷς
2338 4765 2401 4818 τὸ
2429 4761 2591 4823 τέλος
2617 4765 2715 4816 τοῦ
2762 4760 3063 4832 κτίσματος
3091 4758 3179 4812 καὶ
3228 4754 3521 4830 ἀδημονῶν
3575 4752 3666 4809 διὰ
3719 4757 3886 4810 ποσὸ-

2231 4872 2370 4923 τητα
2400 4849 2651 4927 χρυσίου,
2715 4848 2869 4924 ὤφθη
2923 4847 3074 4918 αὐτῷ
3124 4846 3240 4900 κατ’
3292 4840 3422 4919 ὄναρ
3472 4840 3711 4917 ἄγγελος
3784 4849 3885 4898 Ηυ-

2237 4939 2379 5017 ρίου,
2409 4937 2498 4994 καί
2530 4939 2670 4992 εἶπεν
2700 4937 2871 5007 αὐτῷ·
2904 4932 3140 4992 ’Ἃπελθε
3178 4933 3257 4994 εἷς
3285 4935 3378 4986 τὸν
3426 4931 3597 4986 τόπον
3652 4930 3888 5001 πλησίον

2232 5033 2331 5095 τῆς
2390 5030 2665 5102 Ἀσπαρος
2738 5025 3054 5098 κινστέρνης
3101 5022 3189 5076 καὶ
3259 5020 3505 5095 εὑρήσεις
3561 5019 3885 5095 βαλλάντιον

2236 5113 2366 5193 ἔχον
2396 5115 2625 5192 χρυσίου
2685 5112 2873 5189 λίτρας
2936 5113 3000 5188 ρ’.
3035 5111 3139 5168 Καὶ
3188 5110 3359 5185 εὖρὼν
3394 5108 3526 5163 αὐτὸ
3569 5107 3755 5163 ἐκάλει
3808 5109 3889 5161 τὸν

2231 5206 2398 5262 τόπον
2432 5203 2628 5265 οὕτως.

2691 5291 2753 5346 Ἣ
2796 5290 2933 5363 μονὴ
2981 5292 3087 5342 τῶν
3140 5284 3416 5355 Σπουδῆς.

2302 5383 2378 5436 Τὰ
2409 5380 2676 5455 λεγόμενα
2739 5375 2989 5447 Σπουδῆς
3040 5379 3075 5446 ἠ
3114 5376 3273 5449 μονὴ,
3343 5378 3507 5431 Ἅννα
3537 5375 3571 5442 ἠ
3635 5371 3884 5427 δέσποινα

2232 5471 2434 5541 ταύτην
2491 5469 2802 5544 ἀνήγειρεν,
2850 5470 2884 5536 ἡ
2934 5466 3069 5542 γυνή
3128 5463 3355 5527 Λέοντος
3382 5467 3477 5518 τοῦ
3528 5468 3882 5537 Συρογενοῦς·

2234 5557 2572 5637 στρεφομένη
2651 5557 2757 5611 ἀπὸ
2826 5554 3157 5630 Βλαχερνῶν
3227 5553 3359 5607 οὖσα
3419 5552 3609 5626 ἔγκυος
3663 5551 3740 5613 εἷς
3794 5552 3875 5605 τὸν

2232 5647 2418 5724 καιρὸν
2465 5651 2562 5701 τοῦ
2613 5650 2785 5702 τεκεῖν
2840 5643 3028 5715 αὐτὴν,
3085 5643 3173 5696 καὶ
3230 5639 3544 5696 εἴσελθοῦσα
3596 5639 3674 5701 εἷς
3737 5640 3873 5694 οἶκόν
