4056 6346
177 447 342 507 1249

1309 441 1675 506 ΑΝΟΝΥΜΙ
1720 441 2302 513 ANTIQUI'I‘ATES
2343 441 2465 506 ΟΡ.

3435 451 3596 512 1250

173 595 330 636 τινος
403 571 899 649 πρωτοσπαθαρίου
975 567 1172 628 ἔτεκεν.
1234 571 1492 643 Ἐποίητε
1557 569 1614 625 δὲ
1669 569 1832 625 αὐτὸν

1985 572 2407 645 rotospatbarii
2426 574 2806 646 peperit;dom
2817 593 3075 648 numque
3091 578 3151 633 in
3172 583 3596 640 monasterium

182 665 384 736 μονὴν,
414 661 505 717 καὶ
558 661 908 735 ἰπωνόμασεν
964 660 1130 732 αὐτὴν
1185 659 1462 731 Σπουδῆς,
1496 657 1587 715 διὰ
1630 661 1694 714 τὸ
1751 659 1840 714 ἰπ-

1951 677 2178 717 versam
2211 662 2625 718 Festinationis
2654 663 2948 736 appellare
2979 666 3179 734 voluit,
3203 670 3276 724 ob
3309 671 3600 728 accelera-

180 752 351 827 είγειν
394 751 560 821 αὐτὴν
605 750 773 806 ἐκεῖσε
821 751 911 805 τὸν
961 750 1205 821 τοκετὸν,
1235 750 1325 804 καὶ
1365 751 1442 823 μή
1492 750 1735 828 φθάσασα
1767 746 1843 812 είς

1985 766 2075 804 um
2109 753 2687 821 partum,antequam
2721 753 2790 807 ad
2825 752 3104 825 palatium
3138 760 3439 828 pervenire
3471 778 3606 832 pos-

179 842 246 896 τὸ
283 840 569 897 παλάτιον.
603 844 822 898 "Exue:
853 837 910 896 δὲ
938 839 1030 895 καὶ
1059 840 1124 894 τὰ
1153 844 1374 910 ’¹Αννης.

1949 843 2057 894 set.
2091 842 2372 894 Praeterea
2398 837 2687 912 templum
2717 846 2772 895 S.
2807 843 2984 897 Annis
3015 845 3288 906 concidit.

1041 975 1120 1026 De
1147 971 1454 1042 gerocomio
1490 969 1693 1034 Severi,
1727 983 1791 1022 ac
1819 967 2021 1038 templo
2051 966 2121 1021 ab
2148 966 2270 1035 ejus
2298 981 2470 1021 uxore
2500 967 2736 1023 condito.

258 1062 503 1141 Σέϐηρος
582 1066 864 1142 πατρίκιος
949 1067 977 1121 ὸ
1053 1064 1489 1144 ἀδελφοποιητὸς
1575 1061 1843 1139 βασιλέως

181 1157 562 1227 Κώνσταντος,
621 1160 717 1210 τοῦ
798 1154 1028 1230 ἒγγόνου
1080 1153 1429 1230 Ἡρακλείου,
1477 1158 1575 1209 τοῦ
1640 1154 1843 1227 ἀναιρε-

185 1246 374 1308 θὲντος
432 1245 482 1299 ἐν
552 1249 632 1317 τῷ
694 1243 970 1319 βαλανείῳ
1022 1241 1275 1306 Σικελίας
1307 1263 1319 1277 ⁸
1382 1239 1556 1298 ἔκτισε
1604 1240 1661 1297 δὲ
1716 1241 1847 1296 αὐτὸ

183 1341 582 1407 γηροκομεῖον,
615 1330 753 1387 διότι
808 1333 956 1394 οἶκος
1004 1334 1073 1402 ἦν
1122 1331 1287 1387 αὐτοῦ
1320 1351 1334 1365 ο
1376 1333 1463 1386 καὶ
1498 1334 1532 1401 ἡ
1571 1332 1706 1405 γυνὴ
1753 1329 1846 1384 αὖ-

186 1427 289 1477 τοῦ
344 1424 467 1477 ναὸν
526 1422 806 1497 ἀνήγειρε,
839 1419 975 1477 διότι
1041 1421 1174 1494 μετά
1227 1422 1289 1476 τὸ
1341 1427 1610 1499 σφαγῆναι
1660 1419 1712 1474 ἐν
1767 1426 1851 1473 Σι·

181 1511 347 1582 κελίᾳ
399 1511 490 1566 τὸν
549 1509 794 1586 βασιλέα,
851 1509 1055 1572 ἐκεῖνος
1107 1509 1307 1587 ὲπὰρας
1385 1511 1475 1564 τὸν
1535 1508 1846 1581 Ῥωμαϊκὸν

187 1597 392 1654 στόλον
418 1599 648 1665 ἀνῆλθεν
671 1597 777 1662 ἓως
806 1603 903 1654 τοῦ
935 1599 1218 1659 Φοίνικος.

584 1706 647 1762 Ἠ
682 1706 819 1778 μονὴ
850 1708 950 1760 τοῦ
977 1703 1434 1781 Μητροπολίτου.

261 1796 382 1848 ’Ὁτι
440 1794 507 1846 τὰ
563 1792 1000 1869 Μητροπολίτου
1065 1793 1164 1861 τήν
1246 1794 1414 1864 μονὴν
1469 1791 1852 1851 Ἰουστινιανὸς

2025 1064 2275 1120 Severus
2323 1065 2625 1135 patricius,
2677 1067 2854 1121 frater
2900 1069 3204 1139 adoptivus
3256 1074 3597 1132 Constantis

1955 1153 2346 1225 imperatoris,
2381 1156 2479 1224 qui
2514 1171 2694 1226 nepos
2725 1154 2975 1211 Heraclii
3010 1159 3140 1228 fuit,
3193 1164 3249 1215 et
3294 1162 3351 1216 in
3404 1163 3606 1219 Sicilia

1957 1243 2013 1298 in
2038 1242 2245 1298 balneo
2267 1244 2500 1299 occisus
2522 1248 2629 1310 est,
2664 1244 2926 1299 condidit
2958 1245 3153 1316 ipsum
3180 1251 3606 1322 gerocomium,

1957 1330 2091 1399 quia
2113 1330 2326 1386 ibidem
2346 1332 2556 1386 domus
2571 1332 2758 1403 ipsius
2773 1334 3202 1406 exstabat.Ejus
3224 1353 3451 1410 queque
3465 1356 3611 1396 uxor

1955 1417 2243 1490 templum
2276 1420 2604 1475 azdiﬁcavit.
2656 1422 2880 1476 Etenim
2927 1423 3358 1494 imperatorein
3409 1428 3610 1486 Sicilia

1958 1507 2284 1576 interiecto,
2302 1509 2550 1579 ipsemet
2569 1514 2802 1580 sumpta
2827 1510 3089 1568 Romana
3110 1513 3296 1570 classe
3318 1517 3388 1571 ad
3413 1516 3604 1574 locum

1961 1613 2146 1669 usque
2175 1597 2466 1654 Phcsnicis
2499 1604 2903 1672 nuncupatum
2941 1603 3222 1674 pervenit.

2378 1707 2778 1760 Monasterium
2806 1707 3163 1779 Metropolitae
3177 1750 3190 1764 .

2032 1791 2448 1848 Monasterium
2483 1795 2829 1865 cognomine
2869 1798 3251 1868 Metropolim
3307 1802 3608 1860 conditum

190 1877 424 1937 ἔκτισεν.
457 1879 702 1952 Ἐκλήθη
739 1879 796 1936 δὲ
844 1881 1037 1950 οὕτως,
1071 1879 1152 1936 ὅτι
1207 1881 1357 1944 οἶκος
1403 1881 1470 1950 ἦν
1519 1881 1691 1935 ἐκεῖσε
1738 1882 1854 1949 Μη-

242 1991 249 1992 ,
375 1969 396 1992 Ἰ
419 1970 453 1992 ιγ
654 1965 674 1992 Ι
697 1990 704 1992 ξ

1985 1885 2050 1936 :st
2096 1898 2130 1936 a
2175 1881 2531 1938 Justiniano.
2595 1883 2678 1938 Ita
2709 1900 2842 1940 vero
2877 1893 3281 1957 nuncupatum
3315 1894 3424 1958 est,
3457 1893 3609 1964 quod

1986 1970 2175 1992 ι.ξ.¹Ι...Δ
2222 1970 2426 1992 1-“---
2462 1975 2707 1992 -__1_._-1
2749 1974 2971 1992 ,μεηκῃγ
3008 1991 3039 1992 ρ
3085 1975 3138 1992 ιι
3182 1981 3192 1992 ι
3348 1977 3408 1992 «ιο.

189 1969 530 2046 τροπολίτου
558 1965 729 2032 τινός.

444 2077 571 2150 Περὶ
607 2083 706 2146 τῆς
738 2075 923 2151 Ἀγίας
949 2077 1244 2154 Εὐφημίας
1273 2077 1334 2130 τὸ
1367 2074 1610 2150 Πετρίον.

275 2167 384 2234 Τὴν
417 2163 474 2220 δὲ
501 2164 676 2239 Ἀγίαν
737 2163 1024 2240 Εὗφημίαν
1069 2165 1132 2218 τὸ
1180 2163 1427 2241 Πετρίον,
1459 2165 1549 2217 καὶ
1599 2162 1852 2237 λουτρὸν,

200 2251 491 2315 Βασίλειος
551 2254 833 2330 ἀνήγειρεν
889 2255 916 2308 ὁ
972 2252 1242 2328 βασιλεὺς,
1272 2252 1362 2307 καὶ
1418 2254 1513 2314 τὰς
1566 2251 1856 2328 θυγατέρας

198 2339 366 2396 αὐτοῦ
396 2340 566 2396 ἐκεῖσε
598 2343 868 2419 ἀπέκειρε.

740 2432 868 2506 Περὶ
898 2438 964 2502 τῆ
976 2453 999 2494 ς
1033 2429 1322 2493 Πλατείας.

268 2521 392 2577 Ὅτι
442 2520 470 2574 ὁ
524 2522 718 2596 ’Λγιος
767 2517 984 2582 Ἡσαΐας
1023 2520 1114 2574 καὶ
1161 2520 1486 2594 Λαυρέντιος
1534 2517 1854 2590 ἐκτίσθησαν

194 2609 346 2682 παρὰ
373 2612 687 2680 Μαρκιανοῦ
725 2608 816 2662 καὶ
870 2606 1233 2683 Πουλχερίας.
1266 2609 1342 2666 Τὸ
1393 2605 1450 2663 δὶ
1495 2608 1648 2684 ἅγιον
1695 2612 1857 2682 σῶμα

192 2702 293 2753 τοῦ
325 2699 610 2776 προφήτου
639 2697 765 2764 ἧκεν
797 2697 902 2752 ἀπὸ
932 2694 1318 2772 Ἰερουσαλήμ.

730 2803 860 2880 Περὶ
891 2808 988 2859 τοῦ
1008 2803 1329 2878 Ἀντιόχου.

269 2892 347 2947 Τὰ
399 2891 456 2947 δὲ
504 2893 798 2969 Ἀντιόχου
875 2893 1023 2956 οἶκος
1089 2893 1156 2962 ἦν
1215 2890 1504 2966 Ἀντιόχου
1567 2911 1859 2968 πατρικιου

200 2982 292 3036 καὶ
353 2983 718 3055 πραιποσίτου
776 2982 864 3036 καὶ
913 2979 1180 3058 βαϊοόλου
1223 2978 1520 3038 Θεοδοσίου
1564 2985 1660 3036 τοῦ
1719 2982 1862 3055 βασι·

203 3071 368 3142 λέως,
410 3069 624 3135 πολλὰς
653 3072 829 3146 ἀρχὰς
877 3068 1225 3135 διανόσαντος
1274 3070 1326 3126 ἐν
1373 3073 1443 3144 τῇ
1494 3067 1623 3145 δόξῃ
1673 3070 1856 3125 αὐτοῦ.

207 3157 483 3223 Πλούσιός
532 3158 588 3214 δὲ
647 3158 853 3238 σφόδρα
926 3155 1243 3235 γενόμενος,
1302 3160 1528 3235 πτωχὸς
1613 3159 1857 3229 τέθνηκε,

1962 1970 2180 2025 ibidem
2217 1970 2428 2026 domus
2459 1975 2712 2027 exstaret
2739 1974 3050 2042 cujusdam
3085 1975 3484 2050 Metropolitae.

2230 2082 2310 2132 De
2339 2076 2538 2133 Sancta
2567 2080 2874 2148 Euphemia
2902 2081 3123 2137 Petrion
3155 2083 3328 2140 dicta.

2035 2167 2310 2222 Sanctam
2345 2165 2726 2238 Euphemiam
2750 2170 3097 2238 cognomine
3130 2172 3454 2240 Petrion.et
3484 2176 3608 2232 bal-

1963 2270 2140 2310 neum
2172 2252 2453 2309 Basilium
2485 2254 2802 2327 imperator
2827 2258 3112 2328 condidit,
3163 2278 3228 2316 ac
3273 2262 3423 2320 filias
3469 2282 3608 2321 suas

1964 2341 2184 2399 ibidem
2215 2343 2492 2398 totondit.

2630 2439 2709 2489 De
2739 2435 2952 2491 Plalea.

2036 2521 2316 2578 Sanctum
2350 2520 2657 2591 Isaiam,ac
2689 2523 3066 2580 Laurentium
3095 2527 3457 2586 miiﬁcarunt
3478 2536 3613 2588 Mar-

1966 2609 2170 2666 cianus
2199 2615 2255 2666 et
2285 2610 2608 2666 Pulcheria.
2636 2613 2857 2684 Corpus
2891 2617 3085 2669 autem
3121 2617 3286 2672 Isaia
3315 2619 3612 2691 prophetis

1965 2699 2367 2771 Hierosolyma
2397 2699 2659 2754 delatum
2694 2700 2822 2755 fuit.

2449 2809 2528 2860 De
2559 2805 2670 2860 loco
2698 2806 2948 2862 Antiochi
2974 2807 3138 2864 dicto.

2038 2891 2099 2946 In
2131 2891 2256 2948 loco
2287 2893 2560 2948 Antiochi
2593 2899 2820 2962 vocato,
2855 2896 3066 2952 domus
3096 2897 3395 2955 visebatur
3419 2903 3614 2959 Antio-

1969 2979 2062 3036 chi
2092 2979 2321 3052 patricii
2352 2985 2409 3036 et
2438 2982 2752 3053 praepositi,
2779 2983 2877 3054 qui
2908 2983 3146 3054 bajulus
3177 2987 3286 3042 fuit
3312 2990 3616 3047 Theodosii

1967 3069 2362 3139 imperatoris,
2395 3075 2452 3124 et
2483 3069 2674 3125 multa
2702 3086 2835 3125 cum
2868 3069 3041 3127 laude
3075 3072 3356 3144 plurimos
3399 3079 3613 3150 magis-

1966 3160 2157 3212 tratus
2185 3159 2388 3228 gessit.
2422 3158 2525 3213 Hic
2570 3163 2766 3214 autem
2813 3159 2922 3215 etsi
2975 3162 3246 3218 maximis
3293 3165 3619 3224 abundaret

205 3244 297 3302 διὰ
363 3249 426 3302 τὸ
502 3245 684 3303 ἄδικον
756 3249 844 3303 καὶ
923 3243 1184 3322 ἐπιϐαρὸν
1260 3253 1390 3303 πᾶσι
1445 3249 1688 3325 γενέσθαι
1765 3247 1854 3302 καὶ

209 3333 295 3356 δι.

1985 3245 2206 3314 iivitiis,
2241 3251 2495 3302 attamen
2529 3246 2702 3319 inops
2733 3248 2998 3317 decessit,
3031 3266 3098 3306 eo
3127 3253 3281 3323 quod
3331 3255 3616 3330 injustas,

1985 3335 2122 3356 .---ε
2180 3335 2229 3356 ,Δ
2265 3332 2534 3356 ,......ει.---
2569 3334 2757 3356 .__‘--£_
2794 3351 2852 3356 _-
2889 3336 3141 3356 1L--_j,,1,
3199 3343 3210 3356 ι

207 3333 416 3393 δόλιον.

645 3427 777 3501 Περὶ
807 3427 870 3480 τὸ
903 3425 1141 3482 Παλαιὸν
1173 3425 1420 3503 Πετρίον.

275 3517 402 3571 ’Ὁτι
445 3515 504 3568 τὸ
554 3512 792 3569 Παλαιὸν
843 3513 1069 3590 ΙΙετρίον
1107 3516 1254 3577 οἶκος
1304 3515 1370 3584 ἧν
1414 3514 1622 3590 Πέτρου
1673 3535 1862 3589 πατρι-

203 3603 320 3658 κίον
367 3603 418 3658 ὲν
458 3607 575 3668 τοῖς
620 3603 844 3679 χρόνοις
886 3607 983 3658 τοῦ
1036 3602 1298 3680 Μεγάλου
1329 3604 1736 3675 Ἰουοτινιανοῦ,
1769 3602 1860 3658 καὶ

204 3687 392 3767 ἔλεγον
441 3691 600 3746 αὐτὸν
657 3691 1042 3767 Βαρσαμιανὸν
1095 3693 1186 3747 τὸν
1249 3691 1450 3767 Σύρον,
1497 3692 1590 3748 τὸν
1648 3690 1863 3754 πολλὰς

204 3779 383 3857 ἀρχὰς
415 3778 733 3836 διανύσαντα
760 3780 813 3835 ἐν
843 3785 912 3856 τῇ
941 3778 1068 3856 δόξῃ
1101 3780 1290 3838 αὐτοῦ.

707 3958 841 4032 Περὶ
872 3963 978 4014 τῶν
1011 3958 1356 4032 Βλαχερνῶν.

281 4047 382 4102 Τὸν
436 4048 562 4102 ναὸν
612 4048 702 4102 τὸν
754 4047 918 4122 μεγαν
985 4050 1092 4100 τῶν
1149 4045 1504 4121 Βλαχερνῶν,
1557 4047 1866 4124 Μαρκιανὸς

205 4137 294 4191 καὶ
358 4133 704 4212 Πουλχερία,
761 4139 796 4206 ἡ
853 4134 1049 4190 τούτου
1124 4137 1283 4209 γυνή,
1343 4136 1620 4211 ἀνήγειρεν
1680 4135 1863 4206 αὐτόν,

204 4226 492 4297 κοσμήσας
538 4223 627 4278 διὰ
666 4223 988 4279 πολυτελῶν
1026 4223 1350 4301 μαρμάρων.
1382 4224 1610 4300 Βλάχνα
1647 4225 1750 4300 γὰρ
1795 4225 1862 4294 ἦν

205 4312 258 4369 ἒν
316 4317 398 4385 τῷ
442 4313 590 4386 αὐτῷ
635 4313 814 4386 τόπῳ,
862 4313 953 4368 καὶ
1007 4312 1300 4383 ἐκόπησαν,
1352 4315 1446 4368 εἶθ’
1487 4313 1658 4378 οὕτως
1715 4313 1862 4368 ἰκτί-

204 4404 306 4472 σθη
342 4403 372 4456 ό
421 4403 566 4464 ναός.
618 4402 654 4472 ἢ
701 4401 785 4457 ὅτι
839 4401 1040 4464 λάκκος
1082 4403 1149 4471 ἧν
1198 4403 1226 4457 ὁ
1267 4403 1435 4466 τόπος
1481 4404 1569 4458 καί
1620 4424 1751 4459 ποτε
1789 4402 1865 4458 ἐν·

202 4489 587 4560 αποκληθὲντα
653 4489 905 4546 λακὲντια
971 4490 1334 4565 ἧγρεύθησαν,
1393 4491 1483 4546 καὶ
1559 4489 1649 4546 διὰ
1701 4497 1863 4548 τοῦτο

204 4576 419 4650 ἐκλήθη
455 4577 741 4654 Βλαχέρνα
770 4579 859 4634 καὶ
911 4585 1232 4656 Λακαῖρναι,
1265 4578 1354 4634 διά
1396 4581 1460 4634 τὸ
1508 4580 1637 4635 εἶναι
1677 4577 1866 4635 πολλὰ

205 4663 402 4726 ὕδατα.

704 4755 835 4832 Περὶ
863 4757 960 4824 τῆς
989 4755 1143 4830 ἁγίας
1175 4759 1375 4833 Σοροῦ.

280 4843 394 4913 Τὴν
450 4841 507 4900 δὲ
549 4845 708 4920 ἁγίαν
746 4844 916 4918 Σορὸν
949 4842 1224 4918 ἀνήγειρεν
1252 4843 1280 4898 ὸ
1309 4841 1690 4918 Λεομακέλης,
1723 4843 1860 4899 διότι

208 4931 262 4987 ἐν
321 4938 442 4995 τοῖς
512 4935 740 5010 χρόνοις
808 4931 972 4987 αὑτοῦ
1029 4929 1196 5009 ἐφάνη
1251 4933 1286 5002 ἡ
1357 4933 1474 4997 θεία
1532 4932 1717 5003 ἐσθής,
1774 4933 1864 4988 καὶ

209 5018 370 5095 ἴχνη,
410 5023 500 5076 καὶ
530 5022 716 5079 πολλά
746 5023 875 5097 ἅγια
903 5020 1152 5094 Θαύματα
1177 5023 1399 5097 γέγονεν
1433 5021 1510 5086 εἷς
1538 5020 1718 5084 τέλος.

641 5200 771 5275 Περὶ
797 5205 893 5254 τοῦ
924 5199 1083 5276 ἁγίου
1117 5199 1427 5273 Λούματος.

276 5289 496 5344 Ἔκτισε
549 5285 606 5343 δὲ
661 5289 752 5343 καὶ
828 5289 894 5342 τὸ
969 5291 1162 5361 Λοῢμα
1234 5287 1326 5342 καί
1392 5287 1700 5364 ἐπεκύρωσε
1772 5288 1862 5344 καὶ

204 5377 463 5448 κτήματα
519 5375 724 5446 πολλὰ,
755 5378 843 5431 καὶ
897 5375 1086 5446 σκεύη,
1143 5376 1234 5431 καὶ
1284 5375 1568 5450 κειμήλια.
1602 5377 1747 5447 ’Έξω
1806 5375 1863 5432 δὲ

201 5467 309 5534 τῆς
368 5464 573 5542 πόρτας
642 5465 952 5542 ἐτύγχανεν.
1006 5465 1136 5520 Ὑπὸ
1216 5462 1273 5520 δὲ
1329 5463 1650 5541 Ἡρακλείου
1708 5487 1863 5542 περι-

205 5550 487 5626 εκλείσθη,
531 5556 834 5630 γινομένων
884 5555 1058 5610 ἐκεῖσε
1109 5554 1398 5629 θαυμάτων
1441 5554 1531 5610 καὶ
1585 5555 1858 5610 ὀπτασιῶν

206 5641 438 5699 πολλῶν
469 5651 570 5715 τῆς
599 5644 748 5720 ἁγίας
781 5643 1070 5702 Θεοτόκου.

1968 3335 2146 3402 esset,
2176 3335 2232 3388 et
2261 3332 2536 3387 omnibus
2566 3334 2759 3404 gravis
2791 3351 2855 3390 ac
2887 3336 3312 3396 fraudulentus.

2210 3421 2286 3475 De
2315 3421 2549 3491 aediﬁcio
2581 3428 2906 3494 nuncupata
2942 3427 3096 3482 Vetus
3125 3430 3374 3485 Parion.

2040 3508 2370 3564 Edificium
2395 3509 2548 3580 quod
2575 3511 2907 3582 appellatur
2929 3514 3109 3572 Vetus
3131 3518 3381 3586 Petrion,
3409 3520 3620 3577 domus

1971 3602 2096 3653 erat
2123 3597 2275 3652 Petri
2309 3597 2536 3669 patricii
2567 3602 2832 3671 tempore
2882 3602 3202 3660 Justiniani
3249 3607 3466 3679 Magni,
3517 3610 3619 3682 qui

1971 3686 2178 3742 Petrus
2222 3686 2756 3758 cognominabatur
2813 3689 3226 3749 Barsamianus
3276 3696 3482 3768 Syrus,
3533 3699 3622 3754 vir

1972 3790 2208 3831 summa
2247 3791 2381 3830 cum
2440 3773 2614 3831 laude
2668 3775 2940 3848 plurimis
2990 3780 3437 3852 magistratibus
3488 3802 3620 3857 per-

1975 3864 2237 3920 functus.

2559 3955 2636 4009 De
2663 3954 3020 4011 Bina/cernis.

2044 4045 2249 4113 Magna
2305 4042 2552 4098 ecclesia
2607 4043 3065 4102 Blachernarum
3124 4050 3364 4105 condita
3429 4053 3540 4108 fuit
3589 4071 3622 4109 a

1974 4129 2270 4185 Marciano
2299 4135 2355 4186 et
2382 4130 2690 4187 Pulcheria
2721 4133 2849 4203 ejus
2882 4150 3080 4205 uxore,
3100 4153 3166 4191 ac
3196 4138 3373 4194 variis
3405 4143 3462 4195 et
3489 4157 3620 4213 pre-

1974 4218 2143 4275 tiosis
2176 4220 2570 4276 marmoribus
2601 4227 2898 4278 exornata.
2936 4224 3122 4280 Locus
3153 4226 3310 4281 enim
3357 4228 3453 4283 ille
3495 4233 3620 4285 erat

1974 4307 2243 4364 silicibus
2275 4310 2792 4380 consitus,quibus
2822 4312 3062 4367 remotis
3093 4313 3302 4370 deinde
3333 4317 3619 4389 templum

1973 4397 2106 4453 istic
2137 4403 2538 4454 constructum
2569 4403 2691 4468 est;
2739 4399 2829 4456 vel
2881 4401 3021 4472 quia
3058 4419 3124 4458 eo
3172 4403 3231 4459 in
3281 4403 3409 4460 loco
3457 4405 3623 4463 lacus

1974 4491 2119 4559 erat,
2150 4503 2215 4542 ac
2245 4487 2435 4560 pisces
2486 4486 2739 4544 lacentia
2786 4490 2924 4544 dicti
2975 4490 3392 4563 capiebantur;
3437 4498 3494 4550 et
3541 4495 3625 4551 id-

1975 4576 2129 4632 circo
2161 4575 2233 4631 ob
2264 4576 2705 4632 multitudinem
2738 4593 3027 4648 aquarum
3061 4578 3376 4637 Blacberna
3407 4587 3464 4638 et
3513 4585 3620 4640 La-

1892 4656 1940 4720 D
1973 4680 2174 4720 caernae
2207 4664 2600 4736 appellantur.

2478 4754 2556 4808 De
2583 4769 2747 4809 sacro
2780 4753 3113 4811 Conditorio.

2052 4843 2298 4895 Sacrum
2350 4841 2758 4896 Conditorium
2818 4842 3128 4900 mdiﬁcavit
3180 4845 3292 4903 Leo
3352 4849 3628 4922 Macelas,

1974 4927 2253 5000 quoniam
2283 4927 2411 4999 ipso
2442 4929 2765 5001 imperante
2796 4935 3024 5002 reperta
3053 4937 3142 4989 est
3171 4935 3368 4993 divina
3409 4941 3624 5013 vestis;

1973 5016 2313 5088 ibidemque
2344 5017 2532 5074 multa
2560 5019 2732 5091 signa
2764 5036 2828 5074 ac
2861 5021 3128 5094 prodigia
3159 5029 3438 5097 perpetuo
3491 5031 3624 5086 ede-

1974 5105 2209 5161 bantur.

2540 5199 2614 5253 De
2641 5214 2796 5255 sacro
2817 5199 3046 5255 Balnea.
3095 5237 3097 5239 ι

2044 5285 2287 5340 Sacrum
2323 5285 2604 5341 Balneum
2634 5287 2705 5341 ab
2736 5287 2940 5342 eodem
2989 5286 3340 5360 imperatore
3389 5297 3621 5352 exstru-

1973 5376 2133 5428 ctum
2203 5372 2337 5442 fuit,
2397 5373 2718 5446 multisque
2787 5375 3285 5447 possessionibus,
3340 5382 3498 5439 vasis
3558 5402 3625 5442 ac

1972 5461 2219 5518 cimeliis
2252 5463 2812 5520 ditatum.Balneum
2845 5462 2954 5519 hoc
2985 5463 3125 5519 olim
3155 5471 3280 5522 erat
3308 5475 3470 5528 extra
3500 5491 3628 5546 por-

1971 5554 2325 5623 tamzpostea
2373 5568 2506 5607 vero
2556 5552 2628 5608 ab
2677 5551 2942 5608 Heraclio
2992 5569 3163 5609 muro
3215 5555 3468 5617 cinctum
3513 5569 3624 5632 est,

1971 5639 2127 5712 quod
2161 5639 2379 5696 ibidem
2405 5641 2594 5698 multa
2623 5639 2908 5698 miracula
2936 5641 3270 5720 ederentur,
3318 5652 3376 5706 et
3422 5657 3628 5711 sancta

1971 5728 2230 5802 Deipara
2257 5730 2596 5804 frequenter
2624 5733 2955 5804 appareret.
