4056 6346
490 383 641 445 HM

1443 376 1840 437 APPENDIX
1886 375 1992 435 AD
2039 374 2497 437 MICHAELEM
2540 374 2929 439 PSELLUM.

3748 386 3903 447 ηδε

1244 540 1317 594 De
1345 554 1502 595 sacro
1532 538 1723 594 balneo
1753 535 2191 594 Blachernarum
2217 554 2252 592 a
2280 536 2493 594 Basilio
2520 540 2749 596 laniare
2779 540 3129 611 uadi/inata.

555 668 799 721 Sacrum
831 657 1104 713 balneum
1141 655 1594 711 Blachernarum
1627 653 1878 709 Basilius
1904 653 2093 709 Junim

2204 697 2217 719 ι
2317 656 2434 707 Τῶν
2468 652 2797 728 Βλαχερνῶν
2826 654 2888 708 τὸ
2920 654 3074 729 ἅγιον
3126 659 3319 729 Λοῦμα
3368 658 3395 711 ὁ
3440 656 3562 720 νέος
3614 658 3901 721 Βασίλειος

486 750 830 823 cognomine
858 745 1129 813 Pulcher,
1183 744 1338 800 [ilius
1390 744 1634 799 Romani
1682 742 1943 797 Junioris
1996 747 2132 797 Por-

2244 740 2271 795 δ
2328 740 2648 816 εὐσχήμων,
2682 743 2797 805 υἱὸς
2830 744 3113 817 Ῥωμανοῦ
3175 748 3271 799 τοῦ
3330 745 3452 800 νέου
3514 751 3902 824 Πορφυρογενο

491 836 861 912 phyrogeniti
922 836 1150 900 evertit,
1185 833 1672 904 readiﬁcavitque
1703 848 1769 887 ac
1795 848 1937 887 auro
1986 830 2091 886 illu

2240 834 2427 903 νήτου,
2485 830 2754 906 παρέλυσε
2809 832 2899 886 καὶ
2957 832 3209 909 ἀνήγειρε
3265 834 3481 904 νεωστὶ,
3536 835 3903 898 καλλωπῖσας

482 929 855 998 exornans,in
890 927 1284 999 pulchriorem
1322 930 1378 980 et
1430 924 1829 997 augustiorem
1880 923 2093 978 format

2240 919 2329 974 καὶ
2386 921 2677 995 χρυσώσας
2732 922 3152 997 προκριτότερον
3206 924 3385 999 παρ”ὀ
3431 926 3520 996 ἦν,
3554 927 3648 979 καὶ
3695 926 3747 996 ἐξ
3809 929 3901 1002 ἆρ-

481 1018 728 1091 redegit,
761 1017 979 1074 additis
1026 1015 1231 1071 multis
1281 1014 1664 1090 imaginibus,
1714 1029 1780 1069 ac
1827 1012 2016 1084 signis
2064 1029 2093 1068 e

2240 1008 2430 1085 ¹γυρίου
2488 1010 2577 1063 καὶ
2636 1008 2866 1084 χρυσίου
2921 1009 3143 1065 πολλοῦ
3203 1011 3425 1068 εἷκόνισε
3499 1015 3590 1068 καὶ
3670 1018 3897 1070 natur}-

481 1125 625 1166 auro
654 1112 715 1164 et
743 1110 1005 1179 argento.

2242 1119 2352 1171 σμη
2361 1118 2445 1153 σεν
2478 1096 2637 1153 αὐτόν
2649 1140 2661 1155 .

1713 1457 2640 1623 ΑΝΟΝΥΜΙ

790 1775 997 1902 DE
1094 1770 2486 1930 ANTIQUITATIBUS
2574 1773 3557 1907 CPOLITANIS

1853 2026 2085 2086 LIBER
2128 2025 2486 2088 TERTIUS.

864 2191 1014 2261 Qua
1047 2188 1260 2267 incipit
1290 2188 1370 2248 ab
1399 2188 1597 2249 altera
1628 2194 1804 2266 parte
1833 2188 1900 2248 S.
1934 2149 2136 2263 Sergii
2167 2192 2229 2247 et
2256 2185 2503 2265 palatiis
2535 2185 2880 2265 Sophianil
2912 2205 3105 2266 usque
3137 2187 3213 2248 ad
3248 2205 3459 2247 muros

1569 2283 1984 2347 occidentales
2015 2285 2378 2361 Magnarum
2412 2286 2763 2344 Portarnm.

2130 2474 2201 2488 —

461 2635 548 2689 DE
586 2634 813 2689 TERTIA
852 2634 1092 2700 PARTE,
1124 2634 1208 2687 ET
1233 2632 1319 2687 DE
1350 2631 1623 2687 STATUIS
1664 2630 1820 2697 QUzE
1858 2630 1935 2685 IN
1969 2629 2093 2683 HIP‘

2217 2632 2373 2683 ΠΕΡΙ
2412 2632 2535 2681 ΤΟΥ
2572 2629 2831 2685 ΕΤΕΡΟΥ
2866 2628 3169 2696 ΜΕΡΟΥΣ,
3213 2629 3330 2685 ΚΑΙ
3373 2631 3528 2685 ΠΕΡΙ
3569 2634 3711 2685 ΤΩΝ
3751 2635 3885 2684 ΤΟΥ

879 2703 1202 2761 PODROMO
1245 2702 1677 2759 VISEBANTUR.

529 2848 747 2904 Statua
778 2845 1226 2918 quamplurima
1258 2846 1437 2901 Roma
1466 2844 1669 2899 delata
1743 2843 1924 2909 fuere,
1978 2857 2105 2911 qua

456 2936 518 2991 in
551 2936 947 3008 Hippodromo
977 2938 1184 2990 erectae
1215 2937 1388 2999 sunt;
1423 2932 1482 2986 in
1516 2930 1724 3003 primis
1751 2946 1885 2985 vero
1938 2945 2105 2985 sexa-

457 3023 642 3096 ginta,
675 3024 735 3079 in
769 3024 988 3096 quibus
1017 3022 1267 3093 Augusti
1313 3021 1521 3076 visitur
1563 3024 1776 3075 statua.
1832 3018 2103 3073 Plurima

456 3112 632 3167 etiam
667 3111 1003 3168 Nicomedia
1036 3111 1302 3166 deducta
1332 3117 1501 3177 sunt;
1550 3126 1618 3164 ex
1656 3108 1728 3163 iis
1776 3124 1910 3162 vero
1961 3106 2103 3162 levis

464 3198 813 3255 Diocletiani
867 3204 1065 3255 statua
1098 3199 1405 3269 hucusque
1458 3197 1518 3252 in
1562 3196 1955 3268 Hippodromo
1999 3212 2101 3250 su-

454 3289 669 3355 perest,
704 3301 831 3355 qua
863 3286 936 3342 ad
970 3284 1231 3341 medium
1264 3282 1637 3356 imperatoris
1666 3280 1928 3338 tribunal
1959 3286 2099 3337 stat.

452 3373 737 3429 Praeterea
767 3389 1043 3445 magnam
1071 3378 1402 3430 statuarum
1432 3372 1657 3443 copiam
1679 3368 2101 3427 Constantinus

449 3462 700 3535 Magnus
729 3462 943 3520 deferri
974 3462 1201 3519 curavit
1228 3460 1489 3531 Athenis,
1539 3459 1761 3533 Cyzico,
1811 3459 2095 3528 Casarea,

450 3550 769 3617 Trallibus,
799 3552 1105 3622 Sardibus,
1138 3550 1423 3620 Sebastia,
1454 3548 1689 3615 Satalis,
1728 3552 1785 3603 et
1836 3547 2095 3617 Chaldia,

452 3640 761 3697 Antiochia
795 3656 1029 3712 magna,
1060 3657 1130 3697 ex
1172 3640 1379 3712 Cypro,
1429 3642 1616 3708 Crela,
1662 3635 1886 3701 Rhodo,
1932 3636 2093 3707 Chio,

448 3728 678 3800 Attalis,
710 3729 946 3802 Tyanis,
978 3730 1195 3799 Iconio,
1236 3729 1425 3785 Nicaa
1468 3726 1771 3799 Bithynia,
1804 3728 1862 3782 et
1891 3740 1958 3781 ex
2005 3725 2095 3781 Si-

446 3816 602 3885 cilia,
653 3818 1050 3890 omnibusque
1100 3817 1231 3873 aliis
1278 3824 1399 3873 tam
1448 3816 1867 3885 Orientalibus,
1917 3830 2093 3886 quam

445 3904 918 3962 Occidentalibus
941 3906 1281 3977 urbibus,ac
1303 3905 1619 3978 provinciis
1640 3921 1769 3977 qua
1798 3921 1905 3959 sua
1935 3920 2090 3975 qua-

2634 2700 3102 2756 ΙΠΗΟΔΡΟΜΙΟΥ
3142 2704 3438 2754 ΣΤΗΛΩΝ.

2284 2841 2408 2897 ’Ὁτι
2491 2840 2596 2895 ἀπὸ
2675 2838 2898 2914 Ῥώμης
2987 2838 3175 2896 πολλὰ
3249 2842 3561 2916 ἠνέχθησαν
3635 2838 3877 2909 εἴδωλα,

2210 2927 2367 2982 ἅτινα
2416 2926 2668 2999 ἐτέθησαν
2723 2928 2774 2983 έν
2832 2933 2912 3001 τῷ
2970 2925 3368 3003 Ἱπποδρομίῳθ
3402 2927 3691 3004 ἐξαιρέτως
3744 2931 3873 3000 ἒξήο

2212 3034 2396 3084 κοντα,
2421 3014 2471 3071 ἐν
2505 3019 2589 3079 οἷς
2636 3016 2726 3072 καὶ
2768 3018 2829 3073 τὸ
2876 3020 2973 3071 τοῦ
3011 3016 3347 3092 Αὐγούστου.
3380 3017 3516 3071 ’Δπὸ
3579 3014 3638 3071 δὶ
3702 3023 3877 3073 Nixo-

2212 3101 2444 3177 μηδείας
2501 3104 2698 3175 στῆλαι
2739 3103 2947 3160 πολλαὶ
3000 3105 3215 3175 ἧκασιν,
3250 3104 3368 3168 ὅθεν
3426 3105 3516 3159 καὶ
3581 3110 3681 3160 τοῦ
3744 3116 3873 3161 Διο-

2209 3190 2507 3261 κλητιανοῦ
2535 3198 2625 3248 νῦν
2658 3192 2886 3263 σώζεται
2915 3193 3210 3271 ἐπίκουφος
3262 3193 3415 3265 οὖσα,
3449 3193 3724 3267 ἀναμέσον
3772 3200 3877 3250 τοῦ

2207 3282 2539 3355 καθίσματος
2595 3283 2856 3355 ἰσταμένη
2927 3286 3023 3337 τοῦ
3087 3280 3397 3358 βασιλικοῦ.
3452 3282 3701 3354 Ὁμοίως
3764 3285 3876 3339 ἀπὸ

2206 3373 2470 3442 Ἀθηνῶν,
2530 3371 2620 3425 καὶ
2667 3370 2773 3426 ἀπὸ
2830 3370 3059 3440 Κυζίκου
3118 3370 3209 3426 καὶ
3267 3371 3626 3445 Καισαρείας,
3681 3372 3875 3446 Τραλ-

2208 3456 2345 3529 λης,
2401 3459 2491 3514 καὶ
2551 3456 2809 3535 Σάρδης,
2856 3459 2947 3514 καὶ
3000 3454 3365 3531 Σεϐαστείας,
3422 3459 3512 3513 καὶ
3573 3459 3876 3527 Σατάλων,

2204 3549 2293 3604 καὶ
2348 3548 2652 3623 Χαλδείας,
2709 3550 2800 3604 καὶ
2857 3548 2962 3604 ἀπὸ
3016 3549 3359 3624 Ἀντιοχείας
3423 3552 3523 3620 τῇς
3587 3549 3875 3624 μεγάλης,

2204 3638 2293 3692 καὶ
2350 3640 2588 3713 Κύπρου,
2648 3638 2737 3693 καὶ
2808 3639 3057 3712 Κρήτης,
3116 3637 3207 3692 καὶ
3262 3635 3476 3705 Ῥόδου,
3534 3639 3627 3691 καὶ
3708 3639 3872 3707 Χίου,

2203 3727 2289 3781 καὶ
2342 3725 2651 3797 Ἀτταλίας,
2703 3728 2789 3781 καὶ
2841 3728 3089 3799 Τυάνων,
3119 3725 3210 3780 καὶ
3250 3726 3503 3793 Ἰκονίου,
3547 3727 3638 3780 καὶ
3692 3732 3873 3791 Βιθυο

2202 3819 2311 3870 νῶν
2343 3815 2591 3886 Νικαίας,
2624 3816 2713 3870 καὶ
2757 3814 3031 3881 Σικελίας,
3061 3815 3155 3869 καὶ
3204 3815 3309 3869 ἀπὸ
3357 3819 3541 3869 πασῶν
3586 3819 3699 3868 τῶν
3760 3817 3870 3871 πό-

2203 3902 2345 3959 λεων
2404 3903 2725 3975 Ἀνατολῆς,
2791 3906 2881 3959 καὶ
2942 3901 3167 3975 δύσεως,
3226 3903 3318 3958 καὶ
3389 3904 3635 3975 θεμάτων
3694 3904 3872 3973 ἧκασι

442 4009 568 4065 qua
601 3994 661 4049 in
694 3994 822 4051 basi
848 3999 1074 4065 erecta,
1106 4012 1172 4051 ac
1200 3994 1493 4051 collocata
1525 3995 1780 4063 fuerunt,
1813 3996 1879 4048 ut
1916 3991 2085 4064 periti

2204 3988 2450 4071 διάφοραι
2508 3990 2707 4063 στῆλαι
2754 3992 2899 4068 παρᾶ
2943 3996 3040 4047 τοῦ
3072 3989 3333 4067 Μεγάλου
3394 3990 3814 4047 Κωνσταντίνου
3852 4013 3865 4023 ·

439 4081 542 4153 qui
574 4081 778 4138 isthac
809 4082 1073 4155 legerent
1102 4083 1313 4139 ultimo
1346 4084 1677 4138 futurarum
1707 4097 1903 4137 rerum
1936 4079 2089 4136 veri-

439 4172 619 4224 tatem
652 4168 940 4225 ediscant.
973 4173 1254 4225 Caterum
1282 4170 1479 4225 Diana
1528 4174 1724 4226 statua
1770 4169 1830 4224 in
1877 4168 2087 4239 Hippo-

440 4255 645 4311 dromo
678 4256 961 4313 collocata
992 4257 1220 4327 visitur,
1255 4258 1353 4313 ubi
1384 4257 1693 4330 palestrita
1723 4261 2085 4313 exercentur.

438 4345 701 4408 Quatuor
738 4363 873 4402 vero
923 4347 1176 4402 inaurati
1227 4348 1359 4416 equi
1410 4348 1510 4419 qui
1562 4364 1742 4419 supra
1797 4346 2086 4403 cancellos

436 4432 763 4504 eriguntur,
795 4450 865 4490 ex
894 4434 1035 4489 Chio
1068 4435 1291 4491 advecti
1323 4440 1461 4492 sunt
1490 4436 1602 4491 sub
1631 4435 1959 4492 Theodosio
1987 4435 2087 4491 Ju-

436 4519 615 4578 niore.
652 4522 715 4577 In
750 4521 1093 4579 ambulacro
1124 4524 1375 4579 duarum
1409 4524 1727 4580 factionum
1782 4530 2084 4595 equestres

432 4614 641 4665 statua
675 4612 909 4666 stabant
938 4616 995 4666 et
1026 4612 1343 4683 pedestres,
1378 4612 2080 4683 Gratiani,Valentiniani,

433 4698 840 4767 Theodosii,ut
871 4704 928 4755 et
957 4699 1279 4757 Firmiliani
1311 4700 1718 4771 gibbosi,risus
1749 4702 2081 4758 concitandi

431 4787 641 4860 gratia.
674 4792 754 4843 Ex
784 4788 1015 4845 duabus
1046 4788 1431 4861 Hippodromi
1462 4790 1675 4846 statuis
1706 4807 1957 4862 quarum
1992 4791 2077 4847 al-

430 4879 555 4933 tera
586 4877 813 4934 belluas
844 4877 1244 4950 gignit,altera
1272 4878 1543 4935 homines
1572 4880 1815 4935 devorat
1846 4897 1859 4936 :
1892 4879 2081 4952 prima

428 4965 668 5036 quidem
719 4966 1122 5022 Justinianum
1173 4971 1491 5040 tyrannum
1540 4968 1798 5039 denotat,
1847 4972 1905 5025 et
1951 4985 2078 5041 qua

2198 4081 2254 4135 αἳ
2285 4082 2376 4136 καὶ
2406 4080 2660 4152 ἐτέθησαν
2688 4080 2776 4137 καὶ
2821 4078 3229 4152 έστηλώθησαν,
3258 4078 3350 4134 ἵνα
3397 4082 3447 4134 οἱ
3500 4077 3872 4155 διερχόμενοι

2194 4174 2363 4226 ταῦτα
2425 4169 2514 4224 καὶ
2588 4169 2979 4244 πεπειραμένοι
3052 4166 3222 4245 ἔχωσι
3279 4169 3342 4223 τὸ
3413 4166 3691 4238 ἀλάθητον
3750 4174 3869 4243 τῶν

2197 4257 2463 4335 ἐσχάτων.
2496 4264 2604 4329 Τῆς
2632 4256 2691 4313 δὶ
2721 4254 3044 4332 ’Δρτέμιδυς
3088 4259 3123 4328 ἡ
3174 4256 3350 4328 στήλη
3406 4254 3457 4311 ἐν
3510 4260 3589 4329 τῷ
3619 4258 3870 4331 Ἱππικῷ

2196 4348 2361 4418 ἐστιν,
2391 4342 2517 4412 ἔνθα
2574 4348 2624 4403 oi.
2679 4344 3001 4409 παλαίοντες
3061 4343 3476 4420 δοκιμάζονται.
3508 4346 3574 4402 Ol
3626 4342 3685 4399 δὲ
3733 4348 3865 4402 τέσ-

2194 4456 2350 4510 σαρες
2377 4437 2788 4512 κεχρυσωμένοι
2814 4433 3000 4504 ἵπποι,
3035 4436 3087 4489 ol
3130 4434 3356 4507 ὕπερθεν
3388 4438 3495 4489 τῶν
3524 4433 3861 4507 καγκέλλων

2192 4526 2488 4603 ὁρώμενοι,
2537 4526 2598 4582 ἐκ
2649 4533 2750 4597 τῆς
2804 4524 2941 4582 Χίου
2994 4524 3188 4595 ἥκασιν
3249 4523 3339 4578 ἐπὶ
3396 4520 3692 4579 Θεοδοσίου
3756 4531 3863 4580 τοῦ

2195 4621 2412 4691 μικροῦ·
2447 4617 2501 4671 αἱ
2534 4613 2591 4670 δὲ
2622 4615 2673 4670 ἐν
2720 4620 2802 4687 τῷ
2848 4614 3133 4690 περιπάτῳ
3162 4618 3267 4667 τῶν
3311 4610 3405 4666 δύο
3458 4618 3630 4688 μερῶν
3684 4609 3862 4690 ἔφιπε

2189 4725 2284 4760 ποι
2342 4703 2539 4774 στῆλαι
2595 4705 2683 4759 καὶ
2758 4702 2938 4773 πεζαὶ,
3011 4705 3329 4778 Γρατιανοῦ,
3378 4703 3464 4756 καὶ
3544 4698 3861 4757 Οὐαλεντί-

2187 4798 2397 4862 νιανοῢ,
2430 4792 2516 4849 ναὶ
2554 4790 2866 4865 Θεοδοσίου,
2906 4791 2991 4846 καὶ
3055 4794 3152 4844 τοῦ
3209 4793 3410 4865 κυρτοῦ
3442 4787 3857 4865 Φιρμιλιανοῦ,

2186 4882 2323 4956 πρὸς
2368 4881 2581 4959 γέλωτα
2636 4878 2883 4951 ἔστησαν.
2930 4880 2998 4938 Al
3052 4876 3111 4933 δὲ
3175 4879 3439 4951 γεννῶσαι
3497 4885 3687 4951 θῆρας,
3757 4881 3860 4936 καὶ

2187 4969 2458 5033 ἐσθίουσαι
2515 4968 2835 5047 ἀνθρώπους
2910 4967 2960 5022 ἐν
3036 4971 3115 5040 τῷ
3170 4964 3590 5041 Ἱπποδρομίῳ’
3640 4968 3672 5034 ἡ
3748 4971 3858 5040 μὲν

426 5059 771 5126 recuperato
801 5054 1051 5127 imperio
1085 5057 1297 5128 gessit;
1333 5057 1515 5113 altera
1534 5074 1671 5113 vero
1702 5075 1827 5129 qua
1876 5058 2075 5115 navim

2204 5058 2290 5125 ιία
2347 5057 2489 5113 ἐστὶν
2520 5060 2900 5115 Ἰουστινιανοῦ
2950 5058 3048 5110 τοῦ
3107 5055 3393 5129 τυράννου,
3435 5052 3678 5124 δηλοῦσα
3742 5058 3854 5125 τήν

426 5144 757 5216 appositam
790 5142 989 5211 habet,
1025 5148 1091 5200 ut
1120 5144 1302 5217 aliqui
1333 5146 1571 5217 quidem
1610 5146 1833 5215 volunt,
1884 5148 2076 5220 Scylla

2207 5149 2425 5221 στορίαν
2483 5152 2592 5202 τῶν
2652 5144 2913 5222 δευτέρων
2970 5144 3140 5199 αὐτοῦ
3191 5142 3473 5218 πράξεων·
3509 5145 3543 5211 ἡ
3574 5139 3633 5197 Et
3661 5142 3857 5218 ἱτὲρα,

422 5231 813 5303 est,homines
834 5250 868 5289 a
890 5233 1182 5306 Charybdi
1208 5235 1549 5291 accedentes
1572 5236 1877 5305 devorans;
1898 5242 2075 5309 atque

2204 5257 2236 5291 :v
2264 5235 2301 5311 ᾖ
2329 5235 2523 5292 πλοῖον
2561 5237 2818 5311 ὑπάρχει,
2852 5234 2904 5289 ol
2938 5232 3033 5307 μὶν
3086 5230 3363 5306 λέγουσιν,
3395 5230 3479 5286 ὅτι
3526 5234 3561 5300 ἡ
3613 5232 3855 5288 Σκύλλα

423 5318 522 5415 ille
553 5337 727 5392 quem
761 5323 951 5395 capite
983 5322 1341 5395 prehensum
1375 5324 1824 5397 tenet,Ulyssem
1861 5326 2070 5395 refert;

2204 5327 2349 5397 ιστὶν,
2382 5328 2417 5396 ἡ
2444 5326 2506 5381 ἐκ
2533 5332 2635 5395 τῆς
2666 5319 2993 5398 Χαρύϐδεως
3021 5320 3273 5415 ἐσθίουσα
3302 5319 3430 5382 τοὺς
3472 5320 3806 5395 ἀνθρώπους
3834 5344 3850 5357 ο

419 5407 519 5464 alii
549 5427 684 5467 vero
718 5414 1171 5483 putant,terram
1205 5418 1261 5469 et
1290 5429 1450 5470 mare
1482 5418 1826 5487 septemque
1857 5415 2071 5472 saecula

2204 5414 2271 5470 ιαί
2330 5414 2472 5471 ἐστιν
2524 5411 2833 5483 Ὀδυσσεὺς,
2889 5411 2947 5466 ὃν
3008 5408 3228 5483 κατέχει
3288 5410 3348 5465 ἐκ
3410 5417 3511 5478 τῆς
3567 5419 3857 5487 κορυφῆς.

417 5513 546 5556 esse
579 5515 708 5571 qua
741 5500 1019 5557 devorant
1061 5518 1127 5557 ac
1178 5504 1549 5559 devorantur.
1598 5508 1860 5561 Statuam
1911 5505 2067 5562 sella

2204 5507 2393 5581 Ετεροι
2445 5503 2502 5560 Si
2552 5503 2832 5580 λέγουσιν,
2863 5500 2945 5557 ὅτι
2994 5501 3030 5568 ἡ
3081 5504 3179 5575 γῆ,
3213 5499 3303 5553 καὶ
3353 5502 3388 5568 ἡ
3439 5498 3702 5573 θάλασσα,
3747 5503 3849 5556 καὶ

412 5585 797 5658 insidentem,
852 5589 950 5647 alii
1005 5590 1282 5648 Verinam
1329 5609 1567 5649 uxorem
1614 5592 1824 5651 Leonis
1868 5593 2065 5666 Magni

2208 5594 2228 5646 ἱ
2286 5594 2418 5647 ἑπτὰ
2465 5593 2656 5654 αἶῶνές
2707 5591 2840 5646 εἰσιν
2895 5590 2947 5644 οἱ
2978 5586 3247 5650 ἐσθίοντες
3290 5586 3380 5642 καὶ
3412 5586 3750 5662 ἐσθιόμενοι.
3780 5591 3847 5645 Ἡ

413 5690 544 5731 esse
578 5676 766 5742 aiunt,
816 5676 916 5731 alii
967 5677 1307 5747 Minervam,
1355 5696 1425 5736 ex
1467 5682 1687 5738 Gracia
1733 5682 2060 5742 advectam.

2206 5682 2234 5737 ὶ
2287 5679 2618 5755 καθεζομένη
2681 5678 2757 5742 εἷς
2814 5680 2878 5735 τὸ
2925 5674 3167 5747 σελλίον,
3200 5677 3256 5730 οἱ
3310 5677 3405 5748 μὶν
3439 5677 3685 5752 Βηρίνην
3732 5681 3841 5748 τὴν
