3984 6348
68 444 264 508 1253
1241 437 1607 501 ΑΝΟΝΥΜΙ
1653 437 2240 511 ΑΝΤΙΟΠΙΤΑΤΕΒ
2284 444 2403 504 GP.
3372 449 3533 511 1264

63 579 343 651 γυναῖκα
397 576 495 628 τοῦ
560 573 820 648 Μεγάλου
879 572 1112 635 Λίοντος
1144 589 1156 602 ⁸
1235 566 1402 625 ἄλλοι
1483 566 1541 624 δι
1610 589 1767 649 φασιν

1890 575 2097 644 Hyaeno
2150 590 2282 631 vero
2334 591 2403 632 ex
2450 592 2666 649 magna
2710 576 3021 634 Antiochia
3068 595 3100 633 a
3148 578 3527 638 Constantino

62 666 344 735 Ἀθηνᾶν
394 663 445 733 ἐξ
492 659 760 723 Ἑλλάδος
819 657 1102 724 ιλθοῦσαν.
1159 660 1224 716 Ἡ
1285 657 1343 714 δὲ
1384 662 1573 714 Ὕαινα
1606 658 1757 734 ἤχθη

1890 660 2088 731 Magno
2116 663 2369 719 deducta
2400 670 2508 719 est.
2541 665 2825 720 Caeterum
2860 665 3087 737 reliqua
3118 668 3287 739 signa
3312 671 3528 741 omnia,

65 754 199 809 ἀπὸ
268 760 376 822 τῆς
436 750 684 826 μεγάλης
740 750 1082 824 Ἀντιοχείας
1155 749 1302 822 παρὰ
1356 753 1454 803 τοῦ
1507 746 1765 824 Μεγάλου

1890 766 2007 820 iure
2037 750 2091 804 in
2130 752 2521 823 Hippodromo
2551 755 2823 810 visuntur
2842 758 2959 811 tam
2983 756 3172 811 virilia
3192 772 3370 828 quam
3405 773 3529 814 mu-

66 841 542 898 Κωνσταντίνου.
588 841 664 895 Τὰ
693 838 751 894 δὲ
781 839 953 894 λοιπὰ
989 835 1282 913 ἀγάλματα
1337 841 1435 892 τοῦ
1490 838 1762 903 Ἱππικοῦ,

1890 838 2105 904 Liebria,
2137 844 2193 895 et
2221 842 2393 896 varia;
2426 859 2708 913 equorum
2741 849 2968 909 statuas,
3000 850 3058 900 et
3087 848 3377 901 metarum
3428 860 3529 903 ‘co-

62 934 149 987 τά
180 952 251 987 τε
284 930 545 1007 ἆῤῥενικᾶ
573 929 671 984 κπὶ
700 930 768 983 τὰ
794 927 1015 999 θήλεια,
1072 926 1167 981 καί
1206 928 1259 982 οἱ
1298 924 1550 1004 διάφοροι
1576 924 1763 999 ἵπποι,

1890 945 2089 983 .umnae
2120 929 2366 1003 lapideae
2397 937 2572 1003 atque
2602 949 2779 1003 ansas,
2810 950 3132 1006 earumque
3163 936 3404 993 obelisci
3452 954 3526 993 a3-

64 1020 181 1075 καὶ
245 1023 365 1075 τῶν
420 1020 761 1092 καμπνήρων
816 1017 869 1071 οἱ
926 1016 1127 1085 κίονες,
1160 1016 1212 1071 οἳ
1267 1036 1327 1071 τε
1368 1015 1567 1080 λίθινοι
1592 1016 1682 1070 καὶ
1713 1016 1766 1069 οἱ

1890 1017 1982 1085 rei,
2009 1024 2068 1073 et
2099 1021 2407 1076 monolithi
2436 1022 2775 1094 sculpturis,
2826 1028 2883 1077 et
2929 1028 3137 1080 statuae
3186 1026 3525 1097 aurigarum

68 1107 341 1185 χαλκοῖ,
387 1107 479 1162 καὶ
515 1108 569 1162 οὶ
602 1101 880 1162 ὀϐελίσκοι
911 1110 1016 1160 τῶν
1058 1106 1399 1180 καμπτήρων
1451 1105 1503 1159 οἱ
1534 1101 1764 1179 χαλκοὶ,

1890 1124 2011 1163 :um
2043 1124 2245 1165 earum
2277 1111 2523 1167 basibus
2548 1111 2836 1183 figuratis,
2871 1117 2926 1167 et
2965 1114 3253 1184 porticum
3302 1116 3527 1171 colum-

68 1198 182 1252 καὶ
218 1198 284 1252 αἱ
320 1198 553 1272 ἱστορίαι
580 1200 680 1250 τοῦ
705 1193 1116 1269 μονολίθου,καὶ
1146 1194 1202 1249 αἱ
1228 1194 1601 1268 ἠνιοχευτικαὶ
1636 1198 1766 1263 στῆ-

1890 1214 1963 1252 nae
1993 1214 2124 1255 cum
2159 1201 2284 1255 suis
2316 1200 2594 1272 capitulis
2625 1206 2682 1256 et
2712 1202 2924 1277 spiris;
2964 1202 3103 1259 item
3148 1202 3248 1259 ille
3291 1221 3417 1276 quae
3465 1205 3525 1261 in

75 1287 188 1343 λαι
225 1286 331 1341 σὺν
359 1290 478 1348 ταῖς
513 1284 727 1361 βάσεσιν
756 1284 936 1340 αὐτῶν
982 1288 1102 1345 ταῖς
1150 1282 1469 1359 ἰνιστόροις,
1519 1282 1609 1336 καὶ
1655 1284 1763 1336 τῶν

1890 1286 2217 1356 sphendone
2246 1289 2781 1356 visuntur,necnon
2816 1290 3024 1346 mediae
3053 1291 3251 1348 icones
3283 1297 3339 1349 et
3367 1309 3527 1349 com-

73 1377 426 1451 ’περιπάτων
454 1375 506 1429 οἱ
532 1376 708 1437 κίονες
738 1373 829 1428 σὺν
882 1378 1001 1435 ταῖς
1052 1369 1317 1451 κεφαλαῖς
1359 1372 1451 1426 καὶ
1482 1368 1765 1433 ποδίσκοις

1890 1391 2055 1447 pages
2085 1385 2138 1433 et
2167 1378 2365 1447 solea;
2399 1378 2520 1434 hac
2551 1380 2817 1451 inquam,
2850 1381 3052 1436 omnia
3100 1383 3255 1438 unde
3303 1399 3369 1439 eo
3419 1385 3526 1439 ad-

78 1465 316 1534 αὖτῶν,
362 1465 452 1519 καὶ
482 1467 592 1518 τῶν
640 1462 693 1517 ἐν
745 1466 821 1534 νῷ
873 1456 1160 1539 Σφενδόνι,
1203 1460 1295 1516 καὶ
1349 1464 1469 1523 τοῖς
1524 1460 1764 1530 στήθεσι,

1890 1469 2040 1520 vecta
2069 1467 2306 1531 fuerint,
2336 1468 2655 1538 ascriptum
2693 1470 3001 1540 reperitur.
3037 1470 3362 1528 Praesertim
3392 1488 3528 1531 vero

71 1554 182 1609 καὶ
252 1552 661 1627 συστιματίοις,
718 1550 808 1607 καὶ
870 1551 1109 1624 σολεοῖς,
1166 1549 1257 1605 καὶ
1288 1548 1504 1621 ἁπλῶς,
1548 1548 1764 1618 ὁπόθεν,

1890 1554 1937 1608 in
1970 1555 2157 1626 portis
2187 1556 2350 1611 aereis
2381 1572 2585 1612 omnes
2616 1557 3069 1628 conspiciuntur
3094 1558 3353 1615 historias
3385 1561 3531 1617 ulti-

75 1644 279 1698 ἰκεῖσε
339 1642 642 1717 εὑρίσκεται
714 1642 893 1717 γραφή
923 1682 935 1696 .
1018 1640 1151 1695 Κατ’
1212 1637 1481 1712 ἐξαίρετον
1542 1636 1619 1701 είς
1672 1636 1767 1697 τὰς

1890 1660 2110 1699 morum
2141 1645 2553 1718 dierum,quas
2572 1646 2652 1701 ibi
2675 1648 2885 1703 statuit
2900 1647 3247 1719 Apollonius
3265 1651 3533 1722 Tyaneus

78 1731 325 1808 χαλκὰς
385 1729 581 1802 πύλας,
639 1734 747 1784 τῶν
805 1726 1051 1803 ἐσχάτων
1103 1729 1327 1803 ἡμερῶν
1380 1728 1469 1782 καὶ
1500 1731 1605 1780 τῶν
1642 1725 1767 1798 μελ-

1890 1732 1936 1786 in
1969 1734 2389 1806 sempiternam
2421 1739 2479 1790 et
2508 1735 2884 1792 indelebilem
2917 1753 3114 1793 rerum
3144 1754 3273 1809 qua;
3321 1740 3534 1796 futura

82 1820 322 1878 λόντων
355 1820 461 1875 εἶσὶ
490 1824 655 1874 πᾶσαι
696 1819 751 1873 αἱ
778 1817 1032 1895 ἱστορίαι,
1081 1814 1141 1879 ἃς
1173 1814 1525 1887 ἐστηλώσατο
1555 1812 1731 1872 Ἀπολ
1752 1845 1767 1855 ο

1890 1826 2039 1892 sunt,
2074 1823 2444 1880 memoriam.
2479 1823 2767 1880 Similiter
2797 1824 2923 1896 ipse
2956 1841 3060 1897 per
3084 1830 3270 1882 totam
3322 1828 3531 1884 urbem

84 1908 319 1974 λώνιος
348 1911 377 1965 ὁ
409 1908 642 1970 Τυανεὺς
673 1908 750 1972 εἰς
782 1909 1010 1982 μνήμην
1040 1910 1146 1961 τῶν
1182 1905 1646 1982 ἐντυγχανόντων,
1680 1901 1767 1958 διὰ

1890 1915 2106 1968 statuas
2138 1911 2360 1984 magica
2392 1919 2764 1969 consecratas
2793 1914 2992 1981 erexit,
3027 1919 3085 1970 et
3113 1916 3215 1986 qui
3262 1916 3529 1987 ejusdem

86 2001 163 2057 τὸ
198 1995 587 2073 ἆνεξάλειπτον
643 1997 799 2053 εἶναι.
834 1997 1071 2070 Ὁμοίως
1101 1995 1190 2051 καὶ
1221 1994 1309 2051 ἐπὶ
1336 1995 1510 2065 πάσης
1538 2000 1636 2064 τῆς
1666 1992 1765 2048 πό-

90 2086 252 2151 λεως
288 2088 356 2143 τὰ
386 2086 680 2163 ἀγάλματα
709 2085 1150 2161 ὶστοιχειώσατο.
1184 2085 1251 2142 Οἱ
1284 2082 1342 2140 δὶ
1365 2081 1583 2159 ἔχοντες
1616 2080 1768 2137 δοκι-

94 2179 217 2251 μὴν
252 2181 366 2233 τῶν
396 2176 753 2247 στηλωτικῶν
784 2171 1239 2249 ἀποτελεσμάτων
1270 2174 1565 2246 εὑρήσουσι
1595 2174 1769 2227 πάντα

92 2265 568 2339 ἀληθῆ.⁹ομοίως
602 2263 658 2320 δὲ
689 2263 779 2319 καὶ
812 2265 863 2319 οἱ
886 2260 1140 2339 τρίποδες
1172 2260 1455 2341 Δελφικῶν
1479 2255 1765 2317 κακκάϐων

91 2356 193 2410 καὶ
226 2355 289 2409 αἱ
315 2351 543 2433 ἔφιπποι
576 2353 772 2423 στῆλαι
802 2352 1068 2431 γράφουσι
1101 2349 1169 2406 δι’
1198 2353 1261 2422 ἢν
1294 2351 1470 2406 αἰτίαν
1516 2346 1765 2422 ἔστησαν,

90 2445 196 2500 καὶ
227 2445 286 2499 τί
318 2442 700 2517 σημαίνουσιν.

88 2578 236 2657 Περὶ
280 2582 383 2645 τῆς
415 2576 627 2649 στήλης
664 2582 763 2647 τῆς
795 2576 1099 2657 ᾳίσταμξνης
1152 2576 1227 2637 εἷς
1275 2576 1338 2630 τὸ
1370 2576 1657 2649 στυράκιον
1690 2571 1768 2635 εἷς

749 2650 849 2719 τὴν
884 2646 1123 2717 Φιάλην.

171 2759 244 2813 Ἡ
287 2755 347 2811 δὲ
378 2755 555 2827 στήλη
589 2753 851 2827 ἰσταμένη
886 2753 961 2817 εἰς
988 2754 1048 2809 τὸ
1080 2753 1368 2827 στυράκιον
1398 2751 1476 2814 εἷς
1506 2753 1607 2821 τήν
1639 2753 1769 2807 Φιά-

100 2846 214 2916 λην
274 2849 375 2901 τοῦ
423 2842 838 2918 Ἱπποδρομίου,
876 2846 911 2913 ἡ
970 2841 1158 2918 χαλκῆ
1216 2840 1303 2895 καὶ
1362 2838 1765 2915 γυναικοειδής,

104 2935 354 3010 Εἰρήνης
385 2933 495 2989 εστὶ
526 2940 625 3003 τῆς
654 2933 969 3003 Ἀθηναίας,
1002 2934 1063 3000 ἢν
1093 2931 1343 3007 ἀνήγειρε
1363 2936 1768 2992 Κωνσταντῖνος

104 3025 137 3081 6
168 3024 291 3086 οίὸς
322 3022 490 3093 αὐτῆς
518 3021 596 3086 εἷς
623 3020 905 3096 θεραπείαν
936 3019 1159 3092 ταύτης.

568 3139 701 3214 Περὶ
730 3141 827 3192 τοῦ
856 3134 1039 3212 Ἀγίου
1071 3135 1322 3213 Σεργίου.

181 3246 266 3302 Ti
296 3243 354 3301 δὶ
382 3240 510 3299 ὄντα
538 3243 809 3317 κτίσματα
840 3242 1106 3319 εὐμεγέθη
1144 3243 1219 3305 εἷς
1262 3243 1355 3298 τὸν
1415 3243 1601 3319 Ἀγιον
1632 3243 1768 3317 Σὲρ-

103 3356 255 3413 γιον,
289 3336 436 3397 οἶκος
466 3334 532 3404 ἢν
562 3338 660 3389 τοῦ
693 3330 957 3408 Μεγάλου
986 3336 1390 3403 Ἰουστινιανοῦ,
1420 3327 1574 3393 ὄντος
1603 3330 1767 3386 αὐτοῦ

106 3422 430 3499 πατρικίου.

469 3546 600 3623 Περί
628 3552 737 3603 τῶν
767 3546 1132 3621 καλουμένων
1163 3547 1412 3621 Νεκρῶν.

186 3657 249 3713 Ἦ
290 3653 347 3711 δὶ
401 3654 715 3728 καλουμένη
770 3656 976 3731 Νεκρὰ,
1023 3654 1091 3709 τὰ
1137 3654 1367 3726 σώματα
1413 3656 1523 3708 τῶν
1553 3651 1767 3727 ἀναιρε-

110 3747 314 3801 θέντων
371 3744 459 3801 ἐπὶ
514 3749 611 3800 τοῦ
668 3742 833 3800 αὐτοῦ
888 3745 1275 3802 Ἰουστινιανοῦ
1334 3741 1386 3797 ἐν
1446 3742 1526 3814 τῷ
1583 3743 1768 3799 Ἱππο-

113 3833 354 3908 δρομίῳ,
384 3833 632 3905 ἇτὲθησαν
669 3832 862 3901 ἰκεῖσε,
924 3830 1013 3887 διὰ⁵
1067 3833 1130 3887 τὸ
1164 3833 1240 3905 μὴ
1276 3836 1481 3906 χωρεῖν
1513 3829 1768 3906 ἀλλαχοῦ

116 3923 287 3995 Θάψαι
312 3922 463 3977 αὐτά·
497 3923 765 3999 ἀπέφραξε
794 3919 853 3977 δὲ
881 3920 947 3976 τὰ
976 3918 1177 3975 σκάλια
1221 3919 1328 3974 ἀπὸ
1352 3924 1449 3975 τοῦ
1477 3918 1766 3993 πρωτοθύ-

119 4033 221 4087 ρου
265 4013 429 4087 μέχρι
476 4016 574 4066 τοῦ
622 4010 1028 4086 Καμελαύχου,
1075 4010 1164 4065 καὶ
1219 4007 1392 4071 οὕτως
1442 4007 1653 4073 ἐτίθουν
1705 4008 1771 4063 τὰ

115 4099 281 4175 νεκρὰ
307 4101 556 4174 σώματα.

183 4226 312 4302 Περὶ
340 4229 446 4281 τῶν
477 4223 689 4280 λοιπῶν
723 4223 942 4296 στηλῶν
976 4228 1084 4278 τῶν
1116 4223 1168 4279 ἰν
1192 4228 1277 4296 τῷ
1310 4220 1709 4298 Ἰπποδρομίῳ.

196 4333 281 4390 Ἐν
326 4336 404 4404 τῷ
460 4333 661 4406 ἅρματι
728 4330 806 4393 είς
860 4329 988 4386 τοὺς
1046 4328 1316 4394 πλεκτοὺς
1378 4331 1563 4392 κίονας
1616 4328 1670 4383 ἐν
1698 4334 1768 4403 τῇ

120 4411 395 4497 λεγόμίνῃ
465 4420 740 4492 Νεολαίᾳ,
818 4419 1027 4475 ίσταται
1102 4418 1282 4490 στήλη
1357 4418 1635 4494 γυναικεία
1678 4420 1769 4473 καὶ

127 4510 315 4588 βωμὸς
364 4511 498 4582 μετὰ
553 4508 862 4585 μοσχαρίου
897 4555 912 4582 ,
963 4507 1015 4563 ἂν
1066 4510 1149 4571 οἷς
1204 4506 1294 4562 καὶ
1346 4506 1513 4561 ’ίπποι
1568 4527 1769 4582 χρυσο-

125 4599 358 4672 λαμπεῖς
414 4596 476 4652 δ’·
545 4598 635 4652 καὶ
686 4598 775 4652 ἐπὶ
844 4595 1037 4674 δίφρου
1096 4594 1442 4675 διφρηλάτης
1498 4598 1771 4672 γυναικὸς,

127 4690 185 4744 ὲν
236 4688 298 4761 τῇ
344 4685 487 4759 δεξιᾷ
537 4688 685 4762 χειρὶ
742 4672 1083 4762 κατεχούσης
1132 4672 1414 4756 στηλίδιόν
1440 4706 1516 4755 τι,
1547 4682 1771 4761 ἀγαλμα
1800 4672 1849 4737 D

132 4775 412 4851 διατρίχον
488 4780 671 4831 τοῦτο.
751 4776 818 4831 Οἱ
899 4774 994 4846 μὲν
1060 4771 1305 4849 λέγουσι,
1364 4773 1769 4828 Κωνσταντίνου

133 4866 455 4934 κατασκευὴν
506 4866 606 4933 τὴν
669 4864 835 4934 ζεῦξιν
890 4861 1081 4936 μόνην,
1140 4863 1240 4932 τὴν
1300 4859 1357 4916 δὲ
1414 4859 1616 4930 λοιπὴν
1674 4861 1769 4937 ἆρ-

138 4974 292 5031 χαιαν
338 4955 510 5023 εἶναι,
562 4953 652 5007 καὶ
706 4948 880 5026 Δμηδὶν
939 4952 1085 5025 παρὰ
1141 4950 1547 5009 Κωνσταντίνου
1607 4971 1769 5006 κατα-

134 5048 499 5112 σκευασθῆναι·
546 5040 652 5103 ’ἕως
698 5041 799 5117 γὰρ
848 5037 1137 5096 Θεοδοσίου
1182 5044 1280 5095 τοῦ
1312 5040 1574 5116 Μεγάλου
1599 5038 1772 5112 θέαμα

135 5132 278 5205 παρὰ
331 5129 587 5191 πολίταις
663 5127 881 5205 γέγονεν
954 5128 1006 5183 ἐν
1081 5132 1163 5201 τῷ
1219 5125 1616 5202 Ἱπποδρομίῳ,
1674 5128 1775 5182 ἀνὰ

135 5223 310 5294 κηρῶν
356 5216 565 5274 λευκῶν
610 5217 702 5273 καὶ
741 5215 1048 5293 χλαμύδιον
1074 5221 1376 5295 φοροῦντας
1424 5217 1627 5280 πάντας
1658 5216 1770 5271 sic-

139 5310 379 5384 ἄρχεσθαι
408 5310 509 5378 τὴν
577 5307 745 5377 αὐτὴν
798 5305 1009 5377 στήλην
1067 5305 1247 5362 ἆπάνω
1300 5306 1545 5382 ἅρματος
1599 5304 1772 5381 ἤγουν

141 5398 428 5473 καρούχας,
473 5394 577 5459 ἕως
628 5401 729 5451 τοῦ
775 5397 1051 5469 στάματος
1105 5394 1215 5449 ἀπὸ
1272 5397 1381 5448 τῶν
1434 5392 1771 5471 καγκιλλωψ

143 5491 291 5542 τοῦτο
340 5483 400 5541 δὲ
453 5484 754 5557 ὲξετιλουν,
809 5484 900 5540 ὅτε
955 5485 1019 5539 τὸ
1070 5482 1345 5560 γενέθλιον
1402 5490 1501 5553 τῆς
1557 5479 1775 5545 πόλεως

146 5573 433 5632 ἐπετελέετο
457 5618 471 5633 .
530 5577 734 5631 Ἐκεῖσε
779 5571 837 5631 δὲ
890 5571 1129 5645 ινζώὸης
1172 5571 1458 5643 ιστηλιῖωη
1517 5570 1594 5635 εἰς
1647 5571 1775 5635 τοὺς

150 5668 317 5728 κίονας
374 5666 403 5720 ὁ
461 5662 665 5739 Ἀδὰμ,
712 5663 806 5721 καὶ
862 5666 899 5735 ἡ
958 5660 1093 5734 Εὕα,
1149 5665 1243 5718 καὶ
1298 5665 1334 5733 ἡ
1366 5661 1626 5734 Εύθηνία,
1686 5663 1777 5717 καὶ

154 5758 185 5811 ὁ
238 5754 418 5827 Λιμός.

1875 1999 2107 2073 generis
2131 2000 2622 2073 apotelesmatum
2645 2002 2915 2074 peritiam
2933 2003 3379 2072 habent,omnia
3394 2022 3531 2063 vera

1877 2090 2337 2162 deprehendant.
2371 2091 2651 2147 Praeterea
2680 2107 2911 2163 quoque
2947 2092 3009 2147 in
3028 2092 3360 2163 tripodibus
3391 2093 3528 2149 Del-

1877 2177 2185 2250 phicorum
2216 2180 2566 2235 cacaborum
2598 2196 2663 2235 ac
2693 2179 2904 2235 statuis
2924 2182 3298 2253 equestribus
3324 2182 3529 2239 inscri-

1877 2272 2043 2340 ptum
2077 2272 2188 2337 est,
2221 2269 2395 2340 cujus
2424 2269 2507 2325 rei
2538 2268 2728 2341 gratia
2767 2268 3044 2325 collocata
3090 2269 3229 2341 sint,
3279 2276 3336 2328 et
3383 2271 3522 2344 quid

1878 2356 2231 2429 significent.

1878 2578 1950 2635 De
1968 2583 2153 2634 statua
2172 2593 2291 2649 quae
2318 2578 2625 2635 columella
2652 2578 2901 2634 insidens
2930 2580 3171 2651 erigitur
3200 2582 3264 2636 in
3296 2582 3522 2639 Phiala.

1947 2756 2155 2812 Statua
2186 2755 2491 2812 muliebris
2520 2772 2701 2827 aenea,
2734 2773 2860 2828 quae
2892 2754 3213 2813 columella
3243 2758 3523 2831 imposita

1874 2844 2082 2901 visitur
2123 2845 2184 2900 in
2230 2845 2611 2917 Hippodromi
2661 2845 2883 2912 Phiala,
2935 2847 3113 2902 Irenze
3160 2848 3363 2903 Atticae
3410 2853 3521 2918 est,

1875 2950 2052 3006 quam
2085 2934 2146 2990 in
2178 2934 2457 2991 honorem
2488 2935 2617 3006 ejus
2645 2935 3067 2992 Constantinus
3109 2936 3268 2993 ﬁlius
3318 2938 3520 2993 erexit.

2428 3141 2502 3196 De
2529 3139 2729 3196 Sancto
2758 3139 2972 3211 Sergio.

1952 3247 2155 3317 Magna
2182 3246 2285 3302 illa
2313 3246 2579 3315 adificia,
2614 3262 2741 3319 qum
2771 3262 2975 3302 versus
3004 3247 3201 3303 Sancti
3231 3247 3417 3321 Sergii
3450 3265 3527 3304 ω-

1878 3335 2012 3391 dem
2035 3338 2453 3405 cernuntur,ea
2476 3339 2617 3390 sunt
2638 3335 2696 3390 in
2729 3336 2947 3407 quibus
2978 3336 3527 3410 habitavitMagnus

1875 3423 2248 3481 Justinianus
2278 3429 2405 3479 tum
2438 3423 2745 3496 patricius.

2334 3550 2405 3605 De
2429 3549 2544 3605 loco
2573 3550 2745 3605 Neora
2771 3560 3117 3622 nuncupata.

1950 3659 2013 3712 In
2045 3655 2190 3723 loco,
2223 3654 2325 3727 qui
2356 3655 2541 3711 Neora
2593 3653 2945 3726 appellatur,
2999 3658 3284 3713 cadavera
3324 3673 3529 3715 eorum

1879 3745 1979 3818 qui
2013 3746 2126 3801 sub
2156 3746 2357 3801 eodem
2382 3744 2718 3801 Justiniano
2749 3745 2885 3801 caesi
2925 3746 3157 3801 fuerant
3204 3747 3262 3801 in
3314 3747 3531 3818 Hippo-

1879 3833 2379 3907 dromo,deposita
2409 3838 2570 3899 sunt,
2586 3848 2653 3889 eo
2682 3834 2838 3904 quod
2873 3833 3013 3888 alibi
3045 3850 3112 3889 ea
3144 3833 3379 3905 sepeliri
3410 3852 3527 3892 non

1879 3928 2141 3996 possent.
2174 3921 2476 3978 Obstruxit
2504 3922 2661 3977 enim
2696 3921 2886 3977 scalas
2914 3922 2989 3977 ab
3035 3922 3306 3978 exteriori
3359 3928 3529 3996 porta

1879 4013 1952 4068 ad
1977 4011 2423 4080 Camelaucum;
2454 4014 2515 4067 et
2542 4010 2622 4067 ita
2650 4010 2929 4067 cadevera
2957 4010 3037 4067 ibi
3068 4013 3528 4084 reponebantur.

1941 4229 2016 4283 De
2044 4227 2273 4299 reliquis
2301 4226 2498 4281 statuis
2526 4239 2651 4297 quae
2675 4226 2737 4280 in
2768 4224 3140 4297 Hippodromo
3169 4226 3464 4283 habentur.

1889 4356 1896 4362 ·
1951 4339 2015 4392 In
2061 4335 2290 4390 Neolasa
2346 4350 2527 4405 supra
2570 4332 2875 4388 columnas
2924 4330 3149 4388 tortiles
3198 4338 3389 4390 erecta
3441 4338 3532 4391 est

1880 4423 2188 4481 muliebris
2217 4428 2415 4480 statua
2444 4422 2640 4477 currui
2672 4421 2958 4489 insidens,
3010 4425 3069 4477 et
3116 4438 3217 4478 ara
3265 4439 3398 4478 cum
3444 4423 3531 4478 vi-

1878 4512 2002 4569 tulo
2033 4529 2046 4567 :
2080 4512 2181 4567 ubi
2210 4512 2387 4567 etiam
2435 4512 2568 4583 equi
2613 4526 2755 4565 auro
2809 4509 3099 4581 fulgentes
3150 4515 3425 4583 quatuor,
3474 4516 3534 4567 et

1879 4600 1939 4658 in
1984 4600 2149 4668 sella,
2201 4600 2402 4670 auriga
2449 4597 2716 4653 mulieris
2774 4598 3011 4654 dextera
3059 4598 3349 4670 gestantis
3397 4616 3530 4671 par-

1878 4707 2031 4758 vam,
2074 4689 2365 4745 currentis
2412 4688 2620 4753 forma,
2668 4687 2942 4741 staluam.
2994 4686 3278 4742 Nonnulli
3325 4686 3531 4743 volunt

1882 4782 2000 4836 haec
2031 4780 2315 4834 duntaxat
2344 4775 2526 4831 fuisse
2558 4792 2591 4830 a
2618 4774 3000 4829 Constantino
3033 4774 3245 4846 Magno
3289 4776 3531 4846 juncta;

1880 4867 2105 4937 reliqua
2132 4882 2265 4921 vero
2297 4863 2558 4935 antiqua,
2592 4878 2697 4916 nec
2727 4878 2761 4916 a
2807 4862 3196 4918 Constantino
3246 4864 3532 4919 confecta.

1880 4956 2164 5011 Caeterum
2195 4966 2376 5022 usque
2407 4951 2477 5005 ad
2506 4949 2902 5006 Theodosium
2954 4965 3237 5020 magnum
3290 4950 3403 5005 fuit
3451 4950 3533 5006 oi-

1877 5044 2052 5100 vibus
2081 5042 2139 5097 in
2189 5040 2587 5113 Hippodromo
2635 5037 3061 5111 spectaculum,
3111 5039 3331 5110 quippe
3380 5037 3533 5095 albis

1880 5149 2087 5189 omnes
2116 5130 2307 5187 induti
2337 5128 2748 5201 chlamydibus
2776 5128 2864 5184 vel
2896 5128 3060 5184 lienis
3085 5132 3344 5184 statuam
3366 5127 3531 5183 illam

1882 5222 2081 5279 currui
2110 5221 2232 5276 sive
2275 5234 2525 5274 carruca
2576 5217 2917 5289 impositam
2966 5232 3100 5272 cum
3149 5216 3333 5273 cereis
3380 5216 3531 5273 albis

1884 5309 2252 5367 deducebant
2300 5325 2334 5363 a
2383 5305 2663 5363 cancellis
2710 5308 2781 5362 ad
2838 5306 3051 5362 solium
3084 5306 3530 5377 imperatorium

1884 5416 2096 5471 usque.
2119 5397 2238 5453 Hoc
2270 5401 2465 5452 autem
2494 5397 2617 5451 fieri
2646 5394 2871 5451 solebat
2901 5394 3219 5467 quotannis
3249 5394 3343 5450 die
3373 5393 3536 5451 urbis

1885 5487 2087 5545 natali.
2140 5486 2423 5542 Prmterea
2466 5485 2685 5541 ibidem
2736 5501 2915 5556 supra
2980 5483 3284 5539 columnas
3335 5485 3536 5555 posita

1887 5578 2047 5633 fuere
2089 5578 2293 5632 statue
2341 5574 2552 5631 Adami
2599 5578 2657 5630 et
2702 5574 2851 5643 Evaa,
2893 5573 3305 5644 Prosperitatis
3334 5589 3401 5629 ao
3426 5572 3538 5629 Fa-

1888 5665 2025 5723 mis.
