4056 6346
483 410 639 470 I255

1198 606 1409 661 dromo.

553 716 860 788 Templum
901 715 960 769 S.
1009 712 1361 785 Euphemizs,
1414 713 1569 783 quod
1622 710 1681 765 in
1731 710 2128 782 Hippodromo

480 807 757 873 cernitur,
803 802 1222 859 Constantinus
1271 806 1515 873 Magnus
1564 800 1869 869 exstruxit,
1900 802 1958 855 et
2004 815 2133 871 pre-

480 897 632 953 tiosa
660 894 960 950 exornavit
991 892 1255 947 materia.
1287 891 1503 945 Verum
1556 894 1687 962 post
1735 888 2129 959 quadringen-

478 996 569 1045 tos
599 988 840 1059 triginta
869 990 927 1041 et
954 990 1080 1041 octo
1125 1001 1312 1039 annos
1364 984 1781 1039 Constantinus
1837 982 2129 1052 Coprony-

482 1095 613 1134 mus
645 1077 979 1146 imperator,
1015 1073 1227 1127 Christi
1259 1089 1325 1127 ac
1355 1072 1456 1127 Dei
1490 1072 1697 1140 hostis,
1736 1070 1878 1124 illud
1929 1070 1985 1123 in
2039 1086 2130 1122 ar-

481 1163 936 1221 mamentarium
970 1166 1026 1216 et
1058 1160 1497 1231 sterquilinium
1532 1158 1833 1231 publicum
1860 1156 2129 1222 mutavit,

480 1260 536 1309 et
566 1252 844 1323 reliquias
895 1249 1040 1304 heu!
1096 1252 1313 1304 sancta:
1366 1248 1699 1318 Euphemizs
1750 1264 1883 1301 cum
1936 1244 2127 1301 loculo

479 1344 538 1398 in
590 1340 946 1413 profundum
1005 1338 1185 1392 maris
1248 1338 1506 1408 projecit.
1563 1337 1697 1391 Post
1757 1353 1941 1391 annos
1994 1350 2127 1390 vero

478 1430 721 1503 triginta
768 1446 869 1485 sex
916 1429 1077 1482 Irene
1124 1426 1393 1497 piissima
1445 1430 1710 1498 Augusta
1760 1424 2129 1479 Atheniensis

479 1519 589 1574 hoc
640 1514 927 1587 templum
980 1512 1368 1580 reaadificavit,
1428 1518 1486 1568 et
1536 1512 1811 1583 reliquias
1872 1520 2129 1582 repertas

481 1624 547 1662 eo
578 1607 791 1661 iterum
823 1601 1143 1658 transtulit.

528 1727 607 1778 De
636 1721 836 1790 templo
865 1722 923 1774 s.
956 1718 1193 1775 Joannis
1221 1718 1589 1771 Praecursorz's
1621 1715 1718 1771 Illi
1744 1726 2083 1786 nuncupata.

553 1831 615 1883 In
646 1826 773 1882 loco
820 1824 1232 1897 cognominato
1286 1822 1394 1888 Illi,
1449 1822 1548 1876 ubi
1603 1825 1792 1876 exstat
1838 1822 2125 1894 templum

1436 402 1833 462 APPENDIX
1880 402 1983 461 AD
2030 402 2495 463 MICHAELEM
2541 403 2927 464 PSELLUM.

478 544 553 597 De
582 540 778 611 templo
808 538 1015 593 Sanctae
1054 535 1389 611 Euphemus,
1423 550 1550 606 quas
1595 538 1775 589 exstat
1824 533 1884 587 in
1931 533 2121 604 Hippo-

2246 532 2374 607 Περὶ
2453 539 2554 602 τῆς
2616 531 2806 609 ’Δγίας
2886 530 3175 611 Εὐφημίας
3251 539 3349 601 τῆς
3423 532 3475 587 ἐν
3547 534 3630 603 τῷ

3745 406 3895 464 1256

3718 534 3894 591 Ἰππο-

2951 600 3187 678 δ’ρομίῳ.

2309 711 2408 765 Τὸν
2484 708 2541 765 δὲ
2602 710 2726 764 ναὸν
2808 717 2909 780 τῆς
2984 708 3141 784 ἁγίας
3199 711 3492 787 Εὗφημίας
3550 719 3653 780 τῆς
3714 711 3769 765 ἂν
3824 717 3897 782 τῷ

2240 797 2618 875 Ἱπποδρομίῳ
2676 799 2703 853 6
2757 799 2938 875 Μὲγας
2989 804 3387 861 Κωνσταντῖνος
3443 800 3720 875 ἀνήγειρε,
3777 820 3897 853 xos-

2245 890 2421 960 μήσιος
2466 886 2624 943 αὐτὸν
2660 885 2750 941 διὰ
2806 884 3146 949 πολυτελοῦς
3178 886 3339 958 ὕλης,
3392 885 3511 954 υλη⁷
3558 885 3619 942 δὶ
3676 888 3893 962 χρόνων

2239 974 2643 1049 παρελθόντων,
2680 971 2934 1037 ἐλθόντος
2964 979 3060 1029 τοῦ
3102 977 3356 1048 μισοθέου
3387 976 3475 1030 καὶ
3525 977 3897 1051 μισοχρίστου

2244 1062 2510 1141 βασιλέως
2561 1064 2938 1140 Κοπρωνύμου
2991 1065 3439 1135 Κωνσταντίνου,
3492 1064 3755 1135 ἐποίησεν
3813 1067 3901 1119 αὖε

2237 1156 2329 1209 τὸν
2385 1154 2731 1228 Ἀρμαμέντα
2787 1154 2875 1207 καὶ
2933 1155 3313 1228 κοπροθέσιον,
3373 1153 3460 1208 καὶ
3513 1155 3575 1209 τὸ
3637 1152 3895 1227 λείψανον

2238 1250 2335 1313 τῆς
2366 1242 2522 1317 ἁγίας
2583 1241 2900 1317 Εὐφημίας,
2952 1245 3083 1320 φεῦί
3141 1242 3233 1296 σὺν
3289 1247 3356 1316 τῇ
3406 1241 3635 1317 λάρνακι
3679 1244 3760 1306 εἷς
3808 1245 3895 1299 τὸν

2244 1334 2401 1409 βυθὸν
2460 1338 2559 1401 τῆς
2617 1330 2893 1403 θαλάσσης
2955 1328 3171 1407 ἕρῥιψεν
3206 1373 3219 1385 .
3289 1332 3436 1386 Μετά
3494 1329 3551 1385 δὲ
3605 1333 3897 1407 τριάκοντα

2236 1419 2288 1494 ἕξ
2357 1421 2589 1497 χρόνους
2665 1420 2873 1495 Εἰρήνη
2951 1422 2986 1489 ἡ
3057 1415 3411 1490 εὐσεϐεστάτη
3488 1420 3785 1495 Αὐγούστα
3861 1424 3893 1489 ἡ

2239 1509 2513 1581 Ἀθηναία,
2544 1514 2734 1565 τοῦτον
2767 1508 2932 1563 πάλιν
2966 1506 3381 1582 ἀνῳκοδόμησε,
3413 1508 3503 1563 καὶ
3540 1510 3603 1563 τὸ
3636 1510 3896 1583 λείψανον

2239 1597 2467 1673 εὑροῦσα
2496 1593 2672 1676 ἔφερε.

2559 1713 2687 1788 Περὶ
2721 1718 2817 1768 τοῦ
2867 1712 3193 1788 Προδρόμου
3229 1718 3320 1767 τοῦ
3351 1712 3566 1769 Ἵλλου.

2306 1824 2427 1878 ’Ὁτι
2496 1820 2561 1874 τὰ
2637 1818 2903 1894 λεγόμενα
2971 1817 3161 1874 ’Ῑλλου
3236 1820 3264 1874 δ
3324 1817 3670 1895 Πρὸδρομοςν

481 1918 540 1973 S.
572 1914 838 1987 {Joannis
891 1912 1295 1981 Praecursoris,
1347 1911 1486 1966 olim
1539 1911 1667 1965 fons
1716 1916 1857 1977 erat,
1908 1911 1967 1965 in
2018 1929 2121 1984 quc

2239 1909 2515 1985 ιτύγχανε,
2601 1908 2690 1963 καὶ
2769 1908 3115 1983 ἐνεμφώλευε
3200 1906 3409 1982 δράκων
3490 1910 3891 1983 παμμεγέθης.

479 2006 653 2062 draco
684 2004 893 2074 ingens
926 2001 1224 2066 latitabat;
1258 1999 1376 2053 illic
1407 2004 1531 2053 tum
1577 2003 1632 2054 et
1678 2000 1949 2053 aerarium
2010 2001 2125 2056 im-

480 2093 695 2167 periale
725 2096 870 2157 erat,
906 2098 960 2144 et
990 2088 1209 2143 multos
1240 2086 1374 2142 illac
1407 2092 1778 2142 transeuntes
1809 2088 1984 2144 draco
2025 2090 2128 2145 de—

478 2183 735 2239 vorabat.
771 2181 1022 2236 Sanctus
1052 2194 1184 2232 vero
1222 2175 1497 2247 Hypatius
1549 2193 1679 2230 cum
1732 2192 1798 2231 eo
1845 2178 2125 2233 accessis-

478 2277 588 2342 set,
623 2286 730 2327 suo
775 2267 1003 2332 baculo,
1054 2266 1113 2320 in
1167 2266 1335 2335 cujus
1384 2265 1502 2320 ima
1550 2270 1712 2335 parte
1761 2264 1906 2320 clavi
1956 2267 2125 2321 ferrei

480 2360 635 2415 afﬁxi
669 2361 853 2425 erant,
883 2355 1032 2411 facto
1064 2353 1250 2408 crucis
1283 2355 1473 2425 signo,
1524 2354 1834 2409 draconem
1887 2371 2125 2426 percus-

477 2449 553 2504 sit
597 2464 663 2502 ac
712 2443 1023 2510 interfecit,
1078 2443 1213 2497 hinc
1262 2442 1695 2513 apprehensum
1747 2442 1807 2497 in
1861 2444 2122 2499 medium

476 2538 667 2593 forum
697 2550 831 2591 eum
865 2537 1164 2589 mortuum
1211 2531 1475 2603 projecit,
1528 2548 1593 2586 ac
1648 2530 1767 2602 igni
1815 2532 2059 2586 tradidit
2105 2548 2119 2587 :

474 2629 532 2681 et
563 2624 778 2680 idcirco
810 2621 975 2678 locus
1019 2620 1116 2676 ille
1166 2619 1281 2676 tale
1330 2637 1542 2675 nomen
1592 2619 1872 2687 obtinuit,
1924 2620 2010 2676 vel
2051 2622 2121 2675 ab

476 2713 580 2771 Illo
614 2711 915 2783 magistro,
948 2709 1049 2781 qui
1090 2709 1403 2780 imperium
1436 2709 1821 2778 atfectaverat,
1874 2709 2123 2766 ibidem-

480 2818 593 2875 que
621 2800 945 2857 habitabat.

877 2912 952 2966 De
980 2910 1166 2966 eodem
1194 2907 1403 2979 templo
1429 2907 1528 2963 Illi
1557 2909 1718 2965 dicto.

544 3009 851 3081 Templum
884 3008 942 3063 S.
971 3005 1215 3063 Joannis
1246 3004 1648 3075 Praecursoris,
1684 3004 1770 3059 Illi
1815 3022 2119 3078 nuncupa-

475 3104 624 3169 tum,
675 3099 886 3153 domus
930 3095 1151 3151 exstitit
1196 3094 1282 3149 Illi
1336 3092 1622 3164 magistri,
1678 3094 1775 3165 qui
1828 3094 2119 3165 prmclaris

480 3186 800 3255 multisque
834 3187 1071 3240 functus
1102 3188 1191 3238 est
1217 3182 1606 3253 dignitatibus
1639 3183 1749 3237 sub
1782 3183 1965 3239 Leone
1997 3184 2117 3238 Ma-

2245 2000 2451 2052 Έκεῖσε
2509 1996 2565 2052 δὲ
2621 1998 2684 2069 ᾖν
2744 1998 2833 2051 καὶ
2863 2003 3085 2069 ταμεῖον
3152 1995 3456 2072 βασιλικὸν,
3511 1997 3600 2051 καὶ
3641 1996 3897 2059 πολλοὺς

2238 2089 2265 2141 6
2325 2084 2535 2162 δράκων
2596 2086 2800 2155 ἤσθιεν.
2864 2087 2923 2143 Ὀ
2981 2084 3039 2139 δὲ
3098 2088 3247 2160 ἅγιος
3275 2086 3522 2148 Ὑπάτιος
3566 2086 3737 2141 ἐκεῖσε
3796 2108 3898 2141 πα-

2238 2175 2592 2252 ραγενόμενος
2654 2176 2785 2248 μετὰ
2846 2182 2943 2244 τῆς
3007 2170 3207 2250 ῥάϐδου
3237 2175 3401 2229 αὐτοῦ
3447 2174 3688 2249 ἔχούσης
3715 2177 3896 2229 κάτωο

2236 2266 2319 2318 θεν
2376 2263 2548 2334 ἥλους
2609 2260 2889 2337 σιδηροῦς,
2949 2264 3037 2317 καὶ
3099 2264 3391 2339 σφραγίσας
3415 2263 3505 2317 καὶ
3532 2263 3765 2338 κρούσας
3796 2265 3889 2317 τὸν

2235 2350 2498 2427 δράκοντα
2532 2399 2546 2422 ,
2590 2352 2850 2426 άπὲψυξεν
2889 2395 2902 2421 ,
2962 2352 3049 2407 καὶ
3108 2348 3289 2407 λαϐὼν
3347 2353 3503 2407 αὐτὸν
3566 2353 3725 2425 μέσον
3788 2357 3889 2406 τοῦ

2234 2441 2415 2516 Φόρου
2446 2438 2721 2515 προῦθηκε
2751 2441 2960 2510 νεκρὸν,
2998 2441 3087 2495 καὶ
3136 2436 3355 2495 ἔκαυσεν
3399 2440 3586 2498 αὐτόν.
3646 2441 3745 2495 Καὶ
3801 2440 3889 2495 ἐπὶ

2230 2530 2407 2585 τούτω
2457 2530 2751 2603 ὠνομάσθη
2812 2530 2839 2583 6
2901 2530 3067 2591 τόπος
3122 2528 3316 2599 οὕτως,
3375 2529 3463 2583 καὶ
3533 2530 3639 2583 ἀπὸ
3694 2529 3890 2584 Ἵλλου

2236 2619 2539 2695 μαγίστρου
2584 2620 3037 2693 τυραννήσαντος,
3070 2618 3159 2673 καὶ
3191 2616 3359 2673 ἐκεῖσε
3393 2617 3698 2686 οἰκοῦντος,

2708 2909 2842 2978 Περῖ
2867 2908 2963 2959 τοῦ
2992 2902 3155 2958 αὐτοῦ
3181 2902 3391 2960 Ἲλλου.

2296 3012 2417 3066 Ὀτι
2470 3009 2535 3064 τὰ
2579 3007 2893 3083 καλούμενα
2949 3008 3137 3065 Ἰλλου
3198 3011 3226 3064 6
3284 3012 3477 3084 ’Ἄγιος
3529 3009 3795 3078 Ἰωάννης
3864 3012 3892 3065 6

2228 3096 2571 3173 Πρόδρομος,
2649 3098 2796 3161 οἶκος
2871 3099 2937 3168 ἦν
3008 3097 3201 3155 Ἵλλου
3276 3097 3594 3174 μαγίστρου,
3653 3097 3883 3161 πολλὰς

2227 3186 2400 3262 ἀρχὰς
2453 3184 2796 3250 διανόσαντος
2852 3188 2984 3260 μετᾶ
3040 3186 3258 3258 πολλῆς
3285 3186 3443 3257 δόξης
3502 3187 3553 3241 ἐν
3586 3193 3708 3249 τοῖς
3742 3189 3885 3263 χρό-

476 3275 599 3330 cela
656 3278 713 3329 et
758 3274 1003 3328 Zenone.
1054 3272 1214 3327 Idem
1270 3270 1411 3325 Illus
1461 3270 1769 3341 imperium
1813 3273 2113 3338 affectans,

2239 3297 2342 3340 θοις
2395 3280 2490 3330 τοῦ
2549 3275 2902 3350 Λεομακὲλου
2950 3276 3037 3331 καὶ
3094 3280 3367 3347 Ζήνωνος.
3425 3262 3781 3351 Τυραννήσας
3835 3274 3893 3330 δὶ

480 3362 738 3417 collectis
770 3379 837 3416 ex
871 3358 1082 3431 populo
1115 3359 1487 3430 septuaginta
1518 3358 1677 3414 mille
1718 3360 2008 3415 militibus
2059 3361 2117 3415 in

474 3450 782 3507 Antiochia
836 3465 1049 3521 magna
1104 3448 1164 3502 in
1221 3448 1508 3502 Zenonem
1562 3448 1913 3517 insurrexit;
1968 3450 2118 3504 Zeno

476 3557 612 3597 vero
646 3540 929 3595 adversus
959 3554 1092 3593 eum
1127 3538 1363 3592 fratrem
1399 3553 1572 3591 suum
1628 3537 1953 3609 Longinum
1996 3555 2117 3593 ma-

475 3630 729 3702 gistrum
780 3627 943 3682 misit
991 3642 1122 3681 cum
1178 3641 1389 3696 magna
1440 3625 1695 3680 militum
1726 3644 1922 3681 manu.
1956 3627 2120 3682 Com-

475 3717 658 3773 misso
708 3721 903 3772 autem
954 3714 1150 3787 prmlio
1200 3730 1379 3785 prope
1430 3730 1703 3785 magnam
1752 3715 2118 3771 Antiochiam

468 3807 657 3861 victus
687 3810 776 3861 est
808 3804 1122 3876 Longinus,
1157 3807 1213 3858 et
1239 3802 1333 3857 vix
1363 3801 1546 3869 solus,
1605 3802 1874 3858 universo
1930 3803 2120 3860 deleto

471 3895 751 3961 exercitu,
786 3892 1153 3948 Antiochiam
1186 3908 1249 3946 se
1280 3892 1513 3962 recepit,
1550 3891 1655 3946 Illo
1690 3890 1918 3947 viribus
1949 3891 2119 3966 longe

474 3983 775 4055 superiore
833 3981 1166 4037 exsistente.
1217 3979 1431 4035 Verum
1483 3980 1633 4035 Zeno
1682 3980 1970 4037 Joannem
2019 3999 2119 4053 pa-

471 4072 732 4141 tricium,
766 4069 1107 4142 cognomine
1142 4069 1418 4133 Curvum,
1452 4086 1582 4123 cum
1619 4086 1829 4141 magno
1878 4072 2120 4142 Scytha-

474 4177 603 4215 rum
635 4164 691 4215 et
737 4158 1119 4214 Macedonum
1172 4173 1348 4210 manu
1402 4157 1458 4210 in
1501 4156 1824 4212 Seleuciam
1879 4157 2117 4230 legavit,

473 4248 672 4319 ibique
729 4251 994 4302 conserto
1047 4244 1262 4315 prmlio,
1312 4244 1454 4298 Illus
1502 4261 1636 4299 cum
1687 4246 1810 4301 suis
1859 4247 2120 4305 devictus

472 4340 575 4390 est.
612 4335 722 4390 Sed
754 4334 887 4404 fuga
916 4333 975 4387 in
1007 4332 1298 4403 quoddam
1331 4331 1633 4386 castellum
1667 4332 1901 4404 elapsus
1932 4352 1965 4390 a
1995 4337 2119 4392 suis

473 4422 809 4478 domesticis
838 4421 1049 4475 Joanni
1079 4419 1363 4491 proditur,
1398 4437 1430 4474 a
1462 4436 1575 4490 quo
1624 4425 1680 4475 et
1729 4422 1936 4493 reliqui
1992 4425 2120 4495 ejus

473 4512 651 4566 duces
683 4508 1092 4581 comprehensi
1127 4506 1515 4579 decollatique
1566 4513 1723 4564 sunt.
1784 4514 2119 4583 Horumque

2229 3366 2257 3419 6
2305 3365 2466 3425 αὐτὸς
2522 3364 2731 3432 Ἵλλος,
2795 3365 2883 3419 καὶ
2934 3364 3070 3421 λαοῦ
3114 3364 3369 3439 ἀθροίσας
3417 3366 3459 3419 o'
3506 3362 3771 3439 χιλιάδας
3809 3364 3889 3427 εἷς

2231 3454 2578 3527 Ἀντιόχειαν
2616 3454 2713 3522 τὴν
2750 3452 2991 3529 μεγάλην
3042 3454 3177 3509 κατὰ
3205 3458 3301 3508 τοῦ
3354 3456 3604 3523 Ζήνωνος
3633 3454 3894 3526 ἀντῇρεν,

2230 3544 2284 3595 Ὀ
2343 3539 2399 3595 δὲ
2458 3543 2643 3611 Ζήνων
2703 3541 3028 3605 ἀποστείλας
3089 3543 3353 3616 Λογγίνον
3425 3540 3727 3617 μάγιστρον
3788 3544 3882 3597 τὸν

2230 3627 2461 3707 ἀδελφὸν
2513 3631 2678 3684 αὐτοῦ
2731 3630 2865 3703 μετᾶ
2895 3628 3140 3701 πλήθους
3193 3636 3555 3706 στρατιωτῶν,
3605 3633 3698 3684 καὶ
3753 3652 3895 3703 συμο

2229 3714 2404 3788 ϐολῆς
2435 3719 2685 3791 πολέμου
2714 3720 3011 3793 γενομένης
3062 3720 3271 3789 ἡττήθη
3330 3718 3589 3794 Δογγίνος
3639 3718 3887 3789 πλησίον

2230 3806 2569 3881 Ἀντιοχείας
2611 3810 2711 3876 τῆς
2765 3806 3043 3881 μεγάλης,
3092 3806 3183 3860 καὶ
3241 3805 3405 3880 μόλις
3448 3808 3611 3879 μόνος
3643 3804 3889 3877 διεσώθη

2230 3897 2282 3951 ἰν
2336 3899 2405 3969 τῇ
2459 3897 2795 3970 Ἀντιοχείᾳ,
2828 3900 2922 3949 τοῦ
2954 3894 3091 3949 λαοῦ
3142 3895 3303 3950 αὐτοῦ
3360 3897 3555 3956 παντὸς
3614 3917 3896 3973 κατασφαο

2228 3986 2435 4060 γέντος·
2488 3984 2577 4038 καὶ
2627 3981 3098 4039 κατεδυνάστει-σεν
3158 3983 3348 4045 ’Ίλλος
3406 3981 3637 4061 σφόδρα.
3700 3986 3766 4041 Ὀ
3834 3983 3894 4039 δὶ

2232 4076 2408 4144 Ζήνων
2441 4070 2753 4127 ἀπέστειλεν
2801 4074 3054 4143 Ἰωάννην
3108 4074 3419 4147 πατρίκιον,
3473 4074 3563 4127 τὸν
3628 4072 3894 4147 ἐπιλεγό⁹

2233 4183 2392 4234 μενον
2469 4160 2670 4237 Κυρτὸν
2706 4203 2719 4228 ,
2796 4162 2930 4233 μετᾶ
2996 4162 3217 4215 Σκυθῶν
3288 4161 3377 4215 καὶ
3437 4158 3773 4217 Μακεδόνων
3837 4161 3890 4216 ἓν

2232 4249 2517 4320 Σελευκίᾳ.
2560 4251 2648 4305 καὶ
2709 4245 3082 4323 συμϐαλόντες
3141 4248 3412 4323 πόλεμον,
3460 4251 3784 4319 ἡττήθησαν
3841 4251 3893 4305 οἱ

2228 4343 2324 4393 τοῦ
2385 4337 2578 4413 μέρους
2631 4342 2726 4392 τοῦ
2783 4335 2997 4408 ”ΙλΛου,
3052 4338 3143 4393 καὶ
3206 4340 3387 4415 φυγὼν
3449 4336 3637 4400 Ἴλλος
3671 4335 3729 4391 ἓν
3784 4361 3891 4393 τινι

2229 4426 2474 4503 φρουρίῳ
2521 4423 2795 4500 παρεδόθη
2861 4426 2963 4480 ὑπὸ
2996 4430 3104 4480 σῶν
3138 4426 3352 4480 οἰκείων
3388 4426 3549 4481 αὐτοῦ
3583 4427 3895 4501 ἀνθρώπων

2228 4516 2365 4590 πρὸς
2398 4513 2773 4584 Ἰωάννην,καὶ
2807 4509 3220 4587 συλλαϐόμενος
3248 4515 3375 4578 τοὺς
3407 4512 3685 4591 ἄρχοντας
3723 4516 3896 4570 αὑτοῦ

474 4599 765 4671 capitibus
799 4615 915 4653 una
944 4614 1077 4653 cum
1130 4597 1320 4668 capite
1370 4596 1456 4650 Illi
1508 4597 1684 4653 hastae
1730 4598 1924 4655 inﬁxis
1970 4602 2116 4657 Con-

2239 4604 2365 4676 μετά
2391 4609 2489 4672 τῆς
2520 4602 2717 4657 τούτου
2748 4602 2913 4680 κάρας
2939 4602 3230 4679 εἰσήγαγεν
3264 4603 3339 4665 εἷς
3369 4605 3895 4658 Κωνσταντινοῦπο-

474 4688 923 4759 stantinopolim
957 4685 1286 4757 ingreditur
1313 4686 1586 4741 Joannes.
1622 4688 1901 4743 Caeterum
1934 4688 2120 4761 impe-

474 4777 621 4833 ravit
652 4775 793 4831 Illus
825 4792 1056 4831 menses
1084 4775 1549 4846 quatuordccim.

783 4892 856 4946 De
886 4891 1000 4947 loco
1028 4899 1343 4961 nuncupata
1374 4891 1805 4947 Phocolisthum.

546 5001 759 5055 Locum
808 4997 1285 5069 cognominatum
1339 4996 1777 5053 Phocolisthum
1829 4998 1964 5054 inde
2012 5017 2119 5055 no-

478 5104 612 5145 men
683 5086 981 5158 accepisse
1049 5085 1350 5141 contendit
1401 5084 1739 5140 Panodorus
1793 5086 2116 5159 Egyptius,

472 5178 651 5249 quod,
688 5192 822 5231 eum
856 5174 1080 5230 Phocas
1112 5173 1434 5245 imperator
1483 5173 1614 5228 illac
1656 5190 1806 5245 equo
1851 5174 2117 5233 insidens

471 5265 875 5338 pertransiret,
908 5279 1096 5334 equus
1141 5263 1269 5333 ejus
1316 5261 1395 5316 ibi
1450 5261 1819 5332 cespitaverit
1864 5266 1921 5317 et
1970 5266 2116 5319 ceci-

471 5354 643 5423 derit,
676 5357 739 5409 ut
768 5352 850 5408 ait
880 5352 1221 5407 Panodorus
1246 5351 1580 5422 Egyptius;
1613 5352 1954 5408 Theodorus
1983 5369 2119 5410 vero

469 5442 779 5498 Thebanus
811 5440 1198 5513 philosophus
1231 5439 1365 5494 inde
1395 5456 1606 5496 nomen
1641 5440 1967 5497 obtinuisse
2011 5460 2118 5514 pu-

470 5532 573 5596 lat,
607 5530 759 5601 quod
792 5546 926 5584 cum
958 5531 1092 5584 ante
1130 5529 1576 5583 Constantinum
1627 5528 1903 5599 Magnum
1953 5529 2119 5587 locus

469 5618 567 5674 ille
597 5622 760 5675 extra
792 5618 997 5674 urbem
1030 5622 1206 5685 esset,
1241 5616 1564 5689 multisque
1596 5616 1998 5688 frequentatus
2027 5618 2118 5675 la-

463 5706 756 5772 tronibus,
790 5706 890 5776 qui
917 5706 1208 5777 plurimos
1241 5705 1590 5777 Byzantinos
1622 5705 1777 5763 cives
1809 5707 2117 5765 interfece-

2228 4689 2340 4761 λιν,
2373 4689 2460 4746 ἐπὶ
2518 4688 2719 4765 δόρατα
2758 4692 2854 4755 τὰς
2899 4691 3136 4769 κεφαλὰς
3178 4694 3378 4768 φέρων.
3410 4693 3777 4767 Ἑτυράννησε
3838 4690 3895 4746 εὶ

2225 4778 2409 4842 Ἵλλος
2446 4786 2621 4853 μῆνας
2655 4776 2741 4837 ιδ’.

2548 4895 2678 4969 Περὶ
2707 4895 2770 4950 τὸ
2799 4894 3136 4969 καλούμενον
3176 4894 3557 4959 Φωκόλισθον.

2296 5005 2415 5056 Ὅτι
2476 5002 2541 5056 τὸ
2572 4999 2869 5077 λεγόμενον
2916 5000 3284 5078 φωκόλισθον,
3318 4996 3551 5079 ἔφιππος
3583 4999 3832 5077 βαδίζων
3864 5004 3892 5057 6

2230 5095 2425 5151 Φωκᾶς
2488 5089 2764 5165 βασιλεὺς,
2840 5090 3145 5161 ὠλίσθησεν
3206 5093 3234 5145 6
3297 5090 3469 5152 'imtoc
3542 5092 3707 5147 αὐτοῦ
3798 5092 3890 5145 καὶ

2228 5176 2402 5234 ἔπεσε⁶
2453 5179 2544 5232 καὶ
2576 5176 2665 5233 διὰ
2689 5183 2849 5246 τοῦτο
2882 5179 3089 5250 ἐκλήθη
3124 5178 3506 5248 Φωκόλισθον,
3539 5178 3714 5239 καθώς
3754 5202 3893 5256 φησι

2226 5264 2605 5340 Πανόδωροςὸ
2663 5266 2985 5343 Αἲγύπτιοςο
3024 5271 3051 5323 ὁ
3113 5266 3171 5322 δὲ
3218 5266 3501 5344 Θεόδωρος
3551 5270 3580 5323 6
3635 5263 3895 5336 Θηϐαῖος

2229 5354 2531 5433 φιλόσοφος
2560 5354 2659 5422 ὣν,
2689 5356 2795 5431 πρὸ
2836 5360 2935 5412 τοῦ
2983 5358 3236 5431 Μεγάλου
3285 5356 3690 5412 Κωνσταντίνου
3754 5358 3895 5432 φησῖ

2232 5442 2423 5515 ἔξωθεν
2454 5451 2554 5513 τῆς
2585 5443 2802 5507 πόλεως
2848 5445 3138 5517 Βύζαντος,
3202 5444 3395 5518 λῃσταὶ
3448 5444 3653 5501 πολλοὶ
3712 5444 3894 5518 ὁτι-ἦρ’

2228 5553 2353 5608 χον,
2382 5534 2470 5587 καὶ
2503 5532 2751 5595 πολλοὺς
2798 5534 3120 5603 Βυζαντίους
3175 5533 3411 5591 ἀνεῖλον.
3472 5535 3531 5591 Ὀ
3590 5530 3648 5587 δὶ
3702 5534 3895 5607 Μέγας

2229 5627 2631 5684 Κωνσταντῖνος
2705 5622 2840 5694 μετὰ
2909 5624 2970 5677 τὸ
3037 5623 3306 5697 πορθῆσαι
3382 5622 3472 5677 καὶ
3544 5622 3717 5677 κτίσαι
3784 5625 3887 5689 τὴν

2227 5708 2412 5781 πόλιν,
2474 5712 2658 5785 μαθὼν
2710 5711 2833 5787 περὶ
2882 5715 2989 5766 τῶν
3048 5708 3261 5784 λῃστῶν
3320 5712 3409 5765 καὶ
3460 5705 3887 5783 συλλαϐόμενος
