3984 6348
91 405 130 462 1
143 403 266 462 25¹Ι

1248 394 1609 458 ANONYMI
1651 393 2240 466 ANTIQUITATES
2287 396 2407 458 GP.

3370 402 3528 463 1258

87 531 306 594 αὐτοὺς
350 530 519 587 ἕκεῖσε
565 525 888 606 ἐφοῦλκισεν
935 525 1152 589 αὐτούς.
1205 528 1303 582 Διὰ
1346 531 1508 582 τοῦτο
1559 522 1754 595 ἐκλήθῖ

1880 529 2031 595 rant,
2108 528 2533 586 Constantinus
2582 529 2834 601 Magnus
2885 529 3204 588 destructis
3233 533 3529 592 veteribus

87 623 163 676 τὸ
199 619 384 694 ὄνομα
411 623 507 674 τοῦ
535 616 706 672 τόπου
739 615 1192 686 Φουλκόκηστον.

1881 615 2050 671 urbis
2080 617 2364 689 aediliciis,
2396 619 2681 691 novisque
2731 618 3016 687 excitatis,
3047 620 3146 676 ubi
3178 637 3299 678 rem
3346 625 3527 680 resci-

77 713 181 768 vit
245 711 508 768 latrones
567 709 731 782 ipsos
788 707 1245 780 comprehensos
1304 707 1451 764 inibi
1510 705 1694 762 furcis
1739 703 1946 761 afﬁxit.
1997 708 2123 770 Qua
2172 707 2241 762 de
2291 724 2350 763 re
2399 707 2562 764 locus
2593 707 2690 764 ille
2721 713 3102 782 nuncupatus
3133 711 3245 766 fuit
3272 711 3526 770 Phulco-

77 802 344 859 lestum.

167 906 306 978 Περί
391 905 460 960 τὰ
535 901 802 977 λεγόμενα
868 901 1150 978 ΔΚοντάριιλι

817 973 1024 1046 Θὲκλην
1039 1018 1050 1032 .

167 1067 300 1124 ’Ότι
355 1066 423 1120 τά
479 1062 749 1139 λεγόμενα
823 1065 1117 1138 Κοντάρια,
1169 1064 1196 1117 6
1256 1064 1406 1140 ἅγιος
1463 1064 1760 1137 Γεώργιος,

83 1156 186 1210 ὅτε
220 1155 390 1224 ἦλθεν
425 1153 453 1208 ὁ
509 1150 764 1228 βασιλεὺς
812 1151 1028 1226 Θρᾴκης
1079 1152 1217 1228 πρὸς
1263 1151 1528 1220 Βύζαντα,
1560 1147 1758 1223 ἔκοψαν

84 1245 146 1300 οἱ
180 1244 450 1314 Βόζαντες
483 1241 543 1298 ὲκ
571 1246 680 1298 τῶν
731 1241 901 1296 ἐκεῖσε
936 1240 1119 1296 τόπων
1158 1241 1436 1315 κοντάρια,
1467 1239 1556 1294 καὶ
1589 1239 1760 1301 οὕτως

85 1333 314 1404 ἐκλήθη
367 1334 395 1388 6
451 1331 620 1396 τόπος
671 1330 962 1406 Κοντάρια.
1032 1331 1092 1388 Ὁ
1153 1327 1210 1384 δὶ
1262 1329 1425 1405 μέγας
1482 1335 1760 1386 Κωνσταν-

79 1429 247 1486 τῖνος
303 1422 584 1498 ἀνήγειρεν
641 1418 810 1474 ἐκεῖσε
885 1420 1012 1474 ναὸν
1076 1417 1178 1485 τῆς
1236 1417 1522 1475 Θεοτόκου.
1582 1418 1644 1474 Ὀ
1702 1414 1758 1471 δὶ

83 1514 394 1572 Ἰουστῖνος
453 1512 482 1565 6
549 1507 1204 1586 Πρωτοκουροπαλάτης,
1263 1509 1290 1562 6
1358 1507 1495 1578 ἀνὴρ
1557 1506 1756 1584 Σοφίας

77 1609 196 1671 τῆς
259 1595 473 1670 Λοόῆς,
517 1598 592 1662 εἷς
649 1598 858 1663 κάλλος
908 1599 998 1653 καὶ
1062 1597 1290 1674 μέγεθος
1349 1595 1613 1652 ἰπλάτυνε
1661 1596 1752 1651 τὸν

79 1695 348 1746 τοιοῦνον
405 1688 554 1762 ναὸν⁹
612 1688 702 1744 καὶ
772 1687 1094 1762 ἐπωνόμασε
1166 1690 1356 1744 τοῦτον
1413 1693 1513 1757 τῆς
1571 1685 1755 1762 Ἀγίας

87 1778 341 1851 Θέκλης.

1233 903 1308 966 εἱς
1392 904 1492 973 τὴν
1575 900 1758 976 Ἀγίαν

84 1887 228 1964 Περὶ
290 1893 392 1957 τῆς
425 1892 599 1960 μονῆς
679 1889 776 1971 106
820 1883 1054 1971 vhicla“
1091 1883 1321 1960 Σεργίου
1381 1885 1472 1939 καὶ
1532 1883 1756 1958 Βάκχου
1792 1906 1840 1971 Β

711 1957 777 2013 τά
820 1954 1149 2032 Ὀρμίσδου.

163 2052 294 2107 Ὀτι
339 2047 406 2104 τᾶ
453 2045 770 2120 καλούμενα
818 2043 1138 2122 Ὀρμίσδου,
1197 2046 1370 2119 λιμήν
1428 2047 1494 2114 ἦν
1545 2045 1760 2118 μικρὸς,

88 2137 144 2194 ἰν
209 2139 256 2211 ᾧ
316 2139 343 2192 6
415 2137 582 2212 μὲγας
653 2136 1034 2198 Ἰουστινιανὸς
1100 2134 1439 2211 ἐχρημάτισε
1503 2137 1759 2205 κοιτῶνα,

87 2225 185 2282 καί
247 2225 502 2298 ὠνόμασε
557 2225 781 2302 Σέργιον
859 2224 948 2280 καὶ
1028 2225 1270 2299 Βάκχον.
1338 2221 1613 2284 Ὡσαύτως
1670 2221 1759 2276 καὶ

73 2314 268 2390 ἕτερον
302 2315 426 2369 ναὸν
457 2319 564 2370 τῶν
601 2315 766 2390 ἁγίων
801 2313 1174 2381 Ἀποστόλων,
1223 2309 1310 2368 ὅτε
1359 2313 1448 2367 τὸν
1513 2311 1756 2388 χρισμὸν

87 2399 292 2460 ἔλαϐεν
329 2405 586 2459 ὑποκάτω
619 2409 724 2460 τῶν
781 2401 1088 2481 βαθμίδων,
1148 2402 1238 2458 ὅτε
1284 2401 1372 2458 καὶ
1403 2403 1500 2472 τὴν
1545 2403 1755 2479 σφαγὴν

87 2493 172 2558 εἷς
234 2493 478 2549 Ἱππικὸν
530 2492 724 2551 ἐποίει.
779 2492 1024 2564 Ἐκλήθη
1088 2490 1146 2548 δὲ
1203 2491 1507 2549 Ἰουλιανοῦ
1564 2493 1756 2565 λιμὴν,

84 2583 177 2639 ὅτι
214 2584 244 2638 6
276 2583 466 2646 κτίσας
497 2580 672 2645 οὕτως
695 2579 964 2640 ἅκαλεῖτο.

647 2689 778 2763 Περὶ
802 2693 904 2744 106
936 2696 1217 2746 Βουκινου.

167 2779 249 2834 Τὸ
311 2777 568 2834 Βοόκινον
616 2779 678 2833 τὸ
718 2777 976 2852 παλαιὸν,
1037 2777 1330 2855 σάλπιγγες
1382 2778 1517 2847 ἦσαν
1573 2777 1753 2834 ἐπάνω

83 2871 191 2923 106
225 2867 453 2942 τείχους
481 2887 492 2899 ·
545 2867 606 2922 τὸ
660 2864 718 2922 δὶ
762 2872 951 2942 τεῖχος
1008 2865 1262 2922 ὑποκάτω
1306 2869 1371 2936 ἦν
1425 2865 1754 2942 συριγγῶδες

90 2959 336 3029 κοῦφον.
385 2955 485 3010 Καὶ
545 2953 634 3010 ὅτε
687 2955 754 3024 ἧν
814 2957 970 3020 νότος
1023 2953 1059 3024 ἤ
1123 2955 1346 3033 βορῥάς,
1406 2953 1656 3034 σφοδρῶς
1695 2955 1754 3012 ἐκ

86 3049 202 3098 τῶν
266 3045 523 3117 κυμάτων
574 3050 672 3114 τῆς
729 3042 1003 3116 θαλάσσης
1062 3043 1497 3120 ἀποκρουούσης,
1549 3044 1749 3100 ἐκεῖθεν

97 3134 384 3208 ἀνήρχετο
444 3132 620 3209 βίαιον
673 3138 886 3207 πνεῦμα
947 3133 1035 3189 καὶ
1079 3137 1188 3208 ἧχε
1241 3131 1538 3207 μελῳδίαν,
1592 3132 1748 3206 δίκην

95 3229 373 3296 σειρῆνος,
404 3222 494 3276 καὶ
540 3220 822 3297 ἀντέλεγεν
873 3223 900 3277 6
947 3220 1127 3297 ἕτερος
1171 3222 1375 3298 πύργος
1417 3224 1445 3278 6
1476 3221 1748 3297 ἄντικρυς.

89 3314 223 3366 Ὅτε
278 3309 336 3366 δὲ
391 3308 558 3380 ἤθελε
631 3319 848 3382 κινῆσαι
933 3313 1236 3387 Ῥωμαϊκὸς
1333 3312 1550 3381 στόλος,

92 3400 446 3475 ἡθροίζοντο,
477 3401 570 3455 καὶ
611 3402 746 3456 κατά
781 3401 871 3456 τὸν
920 3402 1066 3478 ἦχον
1110 3406 1217 3457 τῶν
1268 3402 1494 3477 πύργων
1528 3401 1750 3458 ἐσάλπι-

87 3495 182 3558 ζον
212 3490 266 3544 αἱ
298 3497 448 3560 νῆες,
479 3491 566 3545 καὶ
597 3489 822 3545 ἐκίνουν.

495 3687 620 3763 Περὶ
652 3693 752 3756 τῆς
787 3685 989 3766 Σοφίας
1017 3686 1111 3742 τὸν
1137 3685 1358 3760 λιμένα.

161 3776 264 3830 Τὸν
344 3773 540 3850 λιμένα
614 3784 714 3846 τῆς
792 3777 994 3856 Σοφίας
1057 3778 1348 3841 Ἰουστῖνος
1404 3774 1609 3835 ἔκτισεν
1677 3778 1752 3855 εἷς

88 3865 394 3941 πρόσωπον
442 3873 542 3934 τῆς
587 3867 845 3941 γυναικὸς
891 3867 1058 3921 αὐτοῦ
1106 3867 1336 3944 Σοφίας.
1398 3869 1510 3942 Πρὸ
1560 3866 1617 3924 δὲ
1653 3875 1750 3925 106

86 3955 378 4022 κτισθῆναι
433 3954 526 4008 τὸν
584 3953 784 4027 λιμένα
857 3953 1074 4030 ὑπῆρχε
1152 3955 1282 4010 στοᾶ
1355 3955 1749 4033 καμαροειδής,

89 4042 160 4111 ἦν
227 4038 433 4097 ἔκτισεν
485 4044 513 4098 6
572 4045 755 4119 Μέγας
812 4046 1232 4113 Κωνσταντῖνος,
1290 4045 1378 4099 καὶ
1438 4046 1748 4122 ἀνήρχοντο

89 4133 144 4187 οἱ
208 4129 523 4209 φιλόσοφοι,
557 4130 608 4186 οἳ
638 4153 694 4186 τε
724 4127 955 4204 Θηϐαῖοι
997 4132 1084 4188 καὶ
1116 4135 1421 4202 Ἀθηναῖοι,
1450 4136 1539 4189 καὶ
1571 4133 1746 4191 διελέ-

83 4241 254 4297 γοντο
298 4221 432 4292 μετά
477 4225 585 4275 τῶν
637 4219 881 4276 πολιτῶν
931 4220 1246 4300 φιλοσόφων
1284 4241 1295 4255 ·
1351 4223 1440 4278 καὶ
1497 4223 1748 4300 διήρκεσε

82 4315 255 4366 τοῦτο
316 4310 471 4384 μὲκρι
530 4315 627 4365 106
705 4312 1018 4380 Ἰουστίνου,
1095 4311 1183 4366 καὶ
1258 4313 1488 4368 πάντοτε
1559 4314 1748 4369 ἐνίκων

80 4401 134 4455 οἱ
189 4397 416 4456 δυτικοί.
470 4399 593 4456 Ἐπὶ
646 4397 703 4454 δὲ
751 4399 1044 4456 Ἰουστίνου
1093 4402 1437 4471 ἡττηθέντες.
1488 4400 1746 4459 οὐδέποτε

80 4489 331 4556 ἀνῆλθον
386 4487 549 4564 μέχρι
617 4492 715 4554 τῆς
794 4492 1057 4565 σήμερον.
1125 4493 1348 4547 ’Ἑκτοτε
1421 4489 1746 4556 διελθόντων

77 4577 332 4654 χρόνων,
378 4577 584 4652 ἐγένετο
635 4579 836 4657 Σοφίαν
880 4580 980 4648 τήν
1039 4579 1345 4656 Αὐγοόσταν
1386 4579 1633 4636 ’ίστασθαι
1667 4583 1742 4644 εἱς

1643 3312 1754 3368 ἐκεῖ
1785 3283 1826 3350 C

2001 904 2075 958 De
2104 903 2216 958 loco
2246 905 2344 975 qui
2372 904 2689 976 appellatur
2712 905 3002 976 AContarz’a
3033 906 3104 961 ad
3131 915 3386 965 sanctam

2554 974 2840 1032 Theclam.

1941 1063 2128 1119 Locus
2177 1063 2450 1120 Contaria
2499 1065 2714 1131 dictus,
2770 1065 2889 1121 sive
2920 1066 3172 1122 Sanctus
3204 1069 3514 1141 Georgius,

1868 1149 2005 1206 inde
2033 1168 2245 1208 nomen
2269 1153 2516 1225 accepit,
2551 1154 2730 1224 quod,
2763 1169 2899 1209 cum
2923 1154 3184 1210 Thraciae
3218 1171 3315 1212 rex
3342 1175 3517 1232 expe-

1869 1238 2154 1296 ditionem
2186 1247 2390 1298 contra
2448 1246 2760 1314 Byzantem
2816 1244 3198 1315 suscepisset,
3255 1248 3521 1320 Byzantii

1867 1328 2002 1384 inde
2057 1329 2254 1386 hastas
2303 1331 2641 1387 exciderint.
2694 1332 3116 1389 Constantinus
3169 1340 3364 1392 autem
3400 1354 3520 1393 ma-

1866 1434 2020 1490 gnus
2052 1419 2338 1492 templum
2371 1420 2451 1475 ibi
2482 1420 2708 1492 Virgini
2741 1421 2998 1493 Deiparae
3031 1425 3337 1494 exstruxit,
3363 1426 3518 1497 quod

1868 1513 2070 1580 postea
2098 1509 2371 1565 Justinus
2404 1509 2975 1582 Protocuropalates,
3023 1511 3238 1582 conjux
3291 1515 3519 1586 Sophia:

1869 1598 2050 1653 Lobes
2081 1598 2386 1670 ampliavit
2435 1599 2874 1671 exornavitque,
2908 1615 2974 1656 ac
3023 1601 3243 1656 Sancta:
3292 1601 3520 1659 Theclas

1867 1685 2259 1758 appellatione
2290 1688 2547 1744 donavit.

1990 1885 2064 1940 De
2090 1885 2429 1942 monasterio
2460 1885 2515 1940 S.
2548 1885 2739 1955 Sergii
2765 1892 2819 1941 et
2847 1887 3050 1943 Bacchi
3077 1902 3397 1958 cognomine

2534 1958 2856 2013 Ilormisdz.

1945 2047 2130 2102 Locus
2162 2046 2352 2102 dictus
2384 2047 2728 2117 Hormisdm,
2760 2064 2974 2119 parvus
3023 2052 3148 2104 erat
3196 2057 3418 2121 porlus,
3454 2048 3513 2105 in

1873 2153 1988 2209 quo
2034 2136 2410 2192 Justinianus
2457 2153 2708 2209 magnus
2759 2137 3181 2194 monasterium
3230 2138 3516 2194 exstruxit

1871 2226 2108 2282 nomine
2140 2225 2326 2298 Sergii
2361 2234 2412 2281 et
2446 2226 2692 2292 Bacchi;
2728 2230 2784 2281 et
2813 2225 3100 2298 templum
3153 2228 3370 2299 pariter
3411 2229 3512 2284 SS.

1869 2315 2288 2388 apostolorum,
2321 2333 2387 2372 eo
2411 2317 2566 2388 quod
2599 2315 2813 2372 ibidem
2846 2316 3048 2372 subter
3075 2317 3295 2390 gradus
3341 2317 3515 2374 inun-

1867 2413 1999 2464 ctus
2032 2407 2160 2474 fuit,
2188 2425 2321 2463 cum
2355 2412 2606 2480 stragem
2658 2408 2718 2462 in
2771 2406 3162 2480 Hippodromo
3211 2407 3514 2464 edidisset.

1868 2497 2149 2554 Praeterea
2191 2496 2524 2569 appellatus
2570 2497 2681 2552 fuit
2716 2495 2940 2552 Juliani
2973 2501 3200 2569 portus,
3234 2498 3515 2569 quoniam

1866 2586 1951 2642 sic
1981 2587 2110 2657 ejus
2140 2586 2407 2642 conditor
2433 2589 2824 2659 nuncupatur.

2305 2695 2385 2750 De
2417 2693 2528 2749 loco
2565 2692 2714 2749 dicto
2747 2695 3063 2750 Buccinum.

1935 2785 1998 2838 In
2029 2781 2156 2838 loco
2187 2786 2526 2854 nuncupato
2557 2783 2900 2852 Buccinum,
2951 2781 3089 2838 olim
3149 2799 3330 2856 supra
3378 2801 3512 2840 mu-

1863 2889 1995 2928 rum
2028 2872 2294 2928 Buccinae
2325 2871 2720 2942 exstabant,et
2750 2872 2904 2926 muri
2926 2871 3045 2928 ima
3076 2889 3212 2944 pars
3243 2874 3511 2929 adinstar

1863 2961 2068 3017 ﬁstulae
2100 2978 2353 3017 concava
2382 2966 2526 3017 erat.
2579 2965 2720 3016 Cum
2761 2977 2892 3016 vero
2942 2966 3141 3017 auster
3184 2961 3272 3017 vel
3303 2963 3512 3018 boreas

1862 3049 2266 3104 vehementius
2297 3048 2483 3115 ﬂaret,
2529 3065 2598 3104 ex
2648 3047 2927 3104 ﬂuctibus
2969 3051 3149 3104 maris
3206 3065 3272 3106 eo
3324 3049 3510 3106 allisis

1863 3137 2108 3210 spiritus
2157 3139 2469 3193 vehemens
2527 3137 2900 3200 ascendebat,
2953 3153 3017 3192 ac
3069 3138 3282 3194 sirenis
3316 3139 3501 3195 instar

1865 3228 2071 3283 edebat
2129 3232 2502 3295 concentum,
2562 3226 2992 3298 resonabatque
3049 3227 3269 3298 pariter
3325 3227 3508 3284 altera

1864 3317 2045 3372 turris
2073 3317 2362 3389 opposita.
2397 3315 2539 3372 Cum
2571 3332 2703 3372 vero
2734 3315 2929 3386 aliquo
2980 3317 3310 3388 profectura
3357 3323 3513 3374 esset

1865 3407 2128 3462 Romana
2158 3405 2386 3474 classis,
2420 3405 2560 3460 illuc
2589 3406 3079 3476 congregabatur,
3108 3411 3167 3462 et
3186 3407 3359 3478 juxta
3387 3411 3511 3463 tur-

1864 3495 2017 3550 rium
2049 3511 2261 3550 sonum
2294 3494 2352 3548 in
2397 3494 2646 3550 navibus
2699 3509 2932 3566 quoque
2981 3495 3126 3550 tuba
3171 3496 3512 3564 cauebatur,

1863 3589 2040 3656 atque
2071 3584 2154 3640 ita
2195 3583 2628 3640 discedebatur.

2395 3691 2471 3746 De
2495 3698 2665 3762 portu
2692 3689 2990 3760 Sophiano.

1934 3782 2171 3837 Portum
2205 3778 2570 3852 Sophianum
2606 3779 2870 3835 condidit
2913 3779 3191 3836 Justinus
3239 3781 3510 3854 conjugis

1858 3889 1977 3928 sua:
2008 3870 2237 3942 Sophim
2271 3869 2526 3926 nomine.
2557 3871 2887 3940 Antequam
2931 3885 3066 3925 vero
3108 3874 3346 3942 portum
3407 3887 3506 3927 ex-

1860 3961 2186 4029 struxisset,
2219 3962 2345 4014 erat
2402 3957 2482 4013 ibi
2541 3957 2760 4012 fornice
2817 3957 3101 4013 instructa
3171 3959 3431 4030 porticus
3482 3978 3516 4016 a

1860 4047 2242 4103 Constantino
2277 4062 2489 4118 magno
2540 4046 2847 4115 mdificata,
2881 4045 2938 4101 in
2973 4063 3147 4118 quam
3182 4047 3515 4120 philosophi

1858 4138 2117 4194 Thebani
2153 4136 2376 4209 pariter
2427 4153 2492 4191 ac
2544 4136 2935 4192 Athenienses
2989 4136 3411 4192 conveniebant
3441 4139 3513 4193 ad

1857 4227 2268 4282 disserendum
2301 4241 2433 4280 cum
2493 4225 2864 4297 philosophis
2913 4227 3510 4299 Constantinopolita-

1858 4316 1984 4384 nis;
2020 4315 2174 4388 quod
2209 4330 2396 4386 usque
2427 4314 2499 4368 ad
2530 4313 2751 4368 Justini
2802 4319 3068 4386 tempora
3122 4315 3340 4371 factum
3398 4322 3509 4385 est,

1855 4422 2086 4477 semper
2139 4403 2440 4459 victoriam
2517 4403 2961 4474 reportantibus
3023 4403 3509 4478 occidentalibus,

1855 4497 1954 4567 qui
2013 4494 2196 4550 semel
2231 4494 2341 4549 sub
2371 4492 2608 4547 Justino
2639 4491 2802 4558 victi,
2857 4509 3160 4565 nunquam
3194 4501 3396 4567 postea
3434 4497 3507 4552 ad

1855 4586 2210 4640 hodiernum
2278 4600 2468 4654 usque
2521 4582 2676 4638 diem
2734 4583 2949 4638 reversi
3008 4588 3166 4640 sunt.
3225 4584 3505 4640 Caeterum

77 4670 186 4724 τὸν
217 4664 446 4736 ἡλιακὸν
479 4672 574 4722 106
606 4665 896 4736 παλατίου,
946 4669 1035 4724 καὶ
1085 4670 1266 4744 ὁρῶσα
1312 4671 1377 4724 τὰ
1407 4669 1576 4726 πλοῖα
1607 4672 1738 4726 κλυε

1867 4674 2089 4745 aliquot
2147 4673 2470 4742 interjectis
2533 4672 2704 4725 annis
2738 4671 2968 4736 accidit,
3005 4676 3069 4725 ut
3100 4677 3262 4727 stans
3295 4673 3513 4744 Sophia

78 4754 425 4827 δωνιζόμενα
472 4757 523 4810 ἐν
574 4760 644 4829 τῇ
697 4755 940 4834 θαλάσσῃ
991 4759 1078 4812 καὶ
1130 4757 1600 4835 σπλαγχνισθεῖτα
1637 4758 1736 4836 ἤρ-

78 4849 216 4917 ξατο
269 4842 578 4920 ὀδύρεσθαι,
651 4849 740 4901 καί
791 4852 1168 4922 προσελθοῦσα
1233 4849 1309 4911 εἰς
1361 4850 1454 4904 τὸν
1514 4850 1738 4926 βασιλέα

73 4936 180 4991 τὸν
213 4930 378 5007 ἄνδρα
407 4935 598 5005 αὐτῆς,
632 4935 721 4990 καὶ
770 4935 1032 4992 ἱκέτευσεν
1083 4936 1241 4992 αὐτὸν
1287 4936 1438 5001 ὅπως
1475 4939 1733 5014 παράσχῃ

78 5022 226 5094 αὐτῇ
275 5021 498 5097 χρυσίον
571 5025 752 5080 ἱκανὸν
803 5023 880 5087 εἷς
950 5026 1013 5080 16
1062 5033 1287 5096 ποιῆσαι
1349 5025 1541 5100 λιμένα
1575 5047 1587 5060 ·
1645 5029 1732 5082 καὶ

78 5112 518 5186 ἰπικαμφθέντος
544 5117 614 5188 τῇ
662 5113 862 5183 ταύτης
905 5113 1138 5185 αἴτήσει,
1187 5114 1478 5192 προσέταξε
1525 5119 1734 5191 Ναρσῇ,

69 5205 166 5273 τῷ
224 5199 496 5277 πατρικίῳ
542 5202 631 5258 καὶ
677 5203 1046 5278 πραιποσίτῳ,
1076 5205 1166 5259 καὶ
1213 5204 1467 5280 Τρωίλῳ,
1519 5226 1735 5282 πρωτο-

73 5287 382 5365 ϐεστιαρίῳ
411 5290 596 5360 αὐτοῦ,
646 5292 822 5348 κτίσαὶ
870 5295 962 5349 τὸν
1009 5292 1208 5367 λιμένα
1239 5313 1251 5326 ⁸
1305 5293 1357 5350 ο⁹ί
1385 5295 1476 5350 καὶ
1511 5296 1737 5371 βόθυνον

81 5378 560 5455 μιγανάρύξαντες
613 5379 1046 5456 ἀνῳκοδόμησαν
1102 5388 1316 5442 τοῦτον.
1368 5386 1460 5440 Διὸ
1506 5385 1595 5440 καὶ
1633 5387 1734 5455 τήν

70 5468 454 5546 προσηγορίαν
506 5467 722 5546 εἷ’ληφε.
778 5473 955 5529 Μέσον
1005 5469 1062 5528 δὶ
1105 5477 1200 5528 τοῦ
1231 5471 1456 5547 λιμένος
1485 5473 1736 5550 ἀνήγειρε

73 5556 292 5628 στήλας
317 5556 385 5628 δ’,
436 5558 616 5616 ἐπάνω
664 5565 772 5616 τῶν
815 5558 861 5617 δ’
914 5563 1136 5632 κιόνων,
1185 5563 1386 5641 Σοφίας
1433 5565 1519 5619 καὶ
1572 5564 1732 5633 ’Δρα-

66 5645 196 5710 ϐίας
239 5654 338 5718 τῆς
387 5650 611 5724 ἀνεῳιᾶς
657 5650 842 5720 αὐτοῦ,
895 5652 1186 5709 Ἰουστίνου
1245 5653 1334 5708 καὶ
1393 5655 1578 5727 Ναρσῆ
1636 5657 1733 5708 106

70 5739 252 5795 ικεῖσε
310 5739 713 5816 παρισταμένου
751 5762 764 5777 ο
845 5740 898 5813 ἐξ
972 5744 1046 5797 ὧν
1120 5743 1174 5797 αἱ
1233 5742 1328 5799 δύο
1388 5742 1732 5821 ἀφῃρέθησαν

393 5870 654 5933 Pareat.
709 5871 819 5934 Gn.
869 5869 1108 5934 CXXII.

1850 4765 2120 4833 Augusta
2153 4761 2211 4816 in
2245 4761 2459 4815 solario
2493 4759 2718 4831 palatii,
2753 4774 2928 4813 naves
2969 4758 3193 4814 videret
3246 4760 3306 4815 in
3355 4761 3502 4817 mari

1848 4851 2130 4905 ﬂuctibus
2161 4849 2393 4919 agitari.
2443 4851 2633 4912 Quare
2681 4846 3194 4903 commiseratione
3242 4855 3502 4920 permota

1849 4937 2163 4994 lamentari
2194 4936 2389 5008 erepit,
2424 4936 2827 5006 accedensque
2857 4935 2930 4990 ad
2969 4935 3278 5007 conjugem
3320 4938 3498 5010 impe-

1847 5034 2143 5096 ratorem,
2201 5027 2461 5098 rogavit,
2521 5025 2688 5080 daret
2743 5024 2858 5080 sibi
2919 5025 3308 5081 necessariam
3368 5029 3496 5084 auri

1845 5117 2070 5190 copiam
2105 5117 2178 5172 ad
2217 5114 2677 5171 construendum
2722 5117 2979 5186 portum.
3015 5117 3338 5186 Imperator
3365 5117 3496 5188 ejus

1845 5206 2114 5280 petitioni
2149 5205 2381 5273 annuit,
2413 5209 2469 5260 et
2500 5204 2700 5260 Narsas
2733 5203 2976 5276 patricio
3012 5207 3068 5258 et
3089 5205 3398 5277 praeposito
3429 5223 3495 5262 ac

1845 5296 2038 5353 Troilo
2072 5293 2510 5367 protovestiario
2541 5309 2647 5348 suo
2680 5296 2884 5365 portus
2913 5293 3244 5348 exstruendi
3277 5311 3495 5352 munus

1844 5385 2120 5457 injunxit,
2145 5385 2241 5455 qui
2263 5384 2437 5439 ducta
2467 5383 2688 5454 ingenti
2723 5382 2882 5438 fossa
2901 5385 3134 5454 portum
3157 5385 3490 5444 condidere.

1846 5476 2068 5533 Idcirco
2103 5474 2218 5528 tale
2250 5487 2462 5528 nomen
2497 5472 2740 5544 accepit.
2775 5473 2833 5526 In
2871 5471 3063 5526 medio
3095 5475 3289 5528 autem
3323 5481 3489 5546 portu

1842 5569 2094 5637 quatuor
2129 5566 2358 5618 statuas
2380 5561 2622 5617 totidem
2644 5559 2938 5616 columnis
2956 5560 3263 5632 impositas
3285 5565 3488 5634 erexit,

1841 5653 2111 5710 videlicet
2133 5651 2364 5724 Sophim
2405 5655 2685 5715 statuam,
2717 5649 2941 5705 Arabiae
2967 5650 3098 5704 tiliae
3121 5667 3261 5718 sum,
3294 5668 3485 5723 suam,

1844 5749 1900 5799 et
1949 5743 2142 5799 Narsas
2175 5740 2427 5814 praefecti
2461 5743 2792 5796 structuris.
2837 5739 3050 5794 Earum
3082 5739 3211 5795 duae
3243 5741 3486 5798 sublatae

3085 5866 3164 5926 40
