4056 6346
508 398 666 459 1259

1474 389 1867 452 APPENDIX
1909 390 2012 449 AD
2059 385 2520 449 MlCHAELEM
2563 381 2956 446 PSELLUM.

3771 375 3920 435 1260

510 533 652 588 sunt
682 545 714 584 a
743 525 1066 600 Philippico
1100 541 1114 580 :
1147 523 1531 580 continebant
1561 522 1717 579 enim
1752 526 1921 579 notas
1957 536 2151 577 rerum

2272 517 2416 592 παρὰ
2471 514 2818 572 Φιλιππικοῦ
2851 531 2864 546 °
2936 513 3087 587 εἶχον
3149 507 3208 566 δὶ
3255 527 3558 586 γραμματα
3618 511 3734 562 τῶν
3791 504 3920 580 μελ-

514 621 870 676 futurarum.

671 735 747 789 Dc
773 730 972 787 me’li
999 728 1140 801 quod
1169 737 1249 785 est
1278 730 1339 784 in
1369 729 1481 785 loco
1511 729 1814 784 Buccinum
1838 727 1998 783 dicto.

583 839 820 905 Famile,
853 837 1003 908 quod
1032 836 1246 891 visitur
1274 836 1333 890 in
1365 835 1490 890 loco
1541 835 1958 907 cognominato
2008 839 2156 888 Buc-

507 931 727 996 cinum,
764 927 902 983 olim
936 925 1183 982 ecclesia
1213 931 1335 980 erat
1363 925 1558 979 Sancti
1608 924 1852 978 Andreas
1885 923 2156 995 apostoli,

505 1034 682 1091 quam
742 1032 808 1072 eo
863 1015 1108 1071 veniens
1159 1013 1534 1069 Justinianus
1568 1013 1973 1068 aadilicaverat.
2008 1011 2157 1066 Con-

507 1104 806 1161 stantinus
861 1118 994 1158 vero
1054 1100 1370 1156 Cebalinus
1428 1116 1556 1155 eam
1617 1101 1673 1154 in
1762 1100 1958 1156 f-Bnile
2033 1116 2159 1154 mu-

506 1194 672 1250 tavit.

695 1310 765 1365 De
798 1308 1076 1366 Contarlis
1101 1323 1220 1378 quae
1247 1315 1378 1362 sunt
1410 1305 1562 1377 apud
1595 1306 1648 1361 S.
1685 1305 1967 1363 Thcclam.

581 1472 716 1536 Quae
749 1469 919 1524 modo
949 1467 1221 1523 Contaria
1251 1469 1690 1538 nuncupantur,
1717 1466 1880 1538 prius
1912 1465 2155 1537 vigilum

510 1564 680 1615 erant
709 1556 987 1623 excubiae,
1021 1573 1150 1628 quae
1183 1572 1371 1610 annos
1418 1560 1642 1626 septem
1678 1557 1986 1610 durarunt.
2026 1555 2157 1609 Post

509 1648 730 1705 bellum
762 1651 955 1702 autem
992 1645 1221 1709 bienne,
1245 1645 1446 1699 fanum
1469 1643 1585 1699 illic
1607 1643 1905 1700 Gallienus
1928 1648 2154 1698 exstru-

509 1737 614 1801 xit,
648 1753 762 1808 quo
811 1739 1012 1806 postea
1057 1735 1476 1789 Constantinus
1528 1734 1774 1805 Magnus
1835 1734 2153 1796 destructo,

511 1827 640 1897 ejus
699 1825 824 1880 loco
885 1824 1113 1879 Sanctae
1175 1823 1428 1894 Deiparaa
1459 1823 1747 1893 templum
1825 1822 2150 1890 aediﬁcavit,

2274 605 2502 662 λόντων.

2489 722 2612 798 Περῗ
2645 725 2740 776 τοῦ
2773 719 2824 775 ἐν
2855 717 2933 791 τῷ
2971 715 3218 789 Βουκίνῳ
3248 709 3706 790 Χορτοῦολῶνος.

2340 833 2401 889 Ὀ
2455 827 2848 905 Χορτοϐολὼν,
2897 830 2924 884 6
2997 827 3072 889 εἷς
3119 827 3181 880 τὸ
3237 826 3513 891 Βοῦκινον,
3563 823 3799 893 ἐκκησία
3861 821 3919 890 ἦν

2267 929 2364 978 106
2403 924 2564 1000 ἁγίου
2620 921 2932 978 ἁποστολου
2989 916 3271 995 Ἀνδρέου,
3322 914 3388 986 ἤν
3438 916 3726 992 ἀνήγειρεν
3789 917 3918 971 Ἰοο-

2267 1014 2532 1075 στινιανὸς
2564 1011 2735 1067 ἐκεῖσε
2778 1010 3078 1087 ἐρχόμενος
3113 1026 3124 1040 ·
3177 1008 3237 1065 Ὀ
3279 1003 3335 1061 δὲ
3366 1000 3670 1066 Καϐαλῖνος
3702 1005 3924 1075 ἐποίησε

2267 1097 2684 1179 χορτοϐολῶνα.

3023 1302 3292 1378 Κοντάρια
3376 1301 3452 1363 εἰς
3537 1302 3636 1370 τὴν
3741 1299 3924 1376 Ἀγίτι

2269 1306 2397 1381 Περὶ
2481 1307 2548 1360 τὰ
2645 1303 2918 1380 λεγόμενα

2977 1374 3209 1446 Θέκλην.

2337 1468 2418 1524 Tit
2449 1465 2718 1542 λεγόμενα
2775 1464 3066 1540 Κοντὰρια,
3122 1462 3287 1540 βίγλα
3332 1463 3397 1533 ἦν
3452 1461 3623 1518 ἐκεῖσε
3683 1459 3926 1537 μεγάλη,

2267 1555 2353 1610 καὶ
2396 1553 2498 1617 ἓως
2535 1557 2574 1625 ζ’
2623 1553 2855 1631 χρόνους
2906 1552 3253 1631 ἐφυλάττετο.
3312 1551 3413 1608 Καὶ
3475 1549 3729 1622 πολέμου
3775 1571 3929 1626 γεγο-

2265 1645 2421 1706 νότος
2453 1644 2687 1719 χρόνους
2715 1641 2834 1713 δύο,
2863 1643 2990 1705 ναὸς
3021 1639 3386 1714 ᾠκοδομήθη,
3407 1637 3664 1694 εῗδώλιον
3701 1642 3928 1713 μικρὸν,

2268 1735 2370 1788 ὑπὸ
2429 1732 2700 1804 Γαληνοῦ,
2765 1734 2821 1786 ὃν
2867 1729 3115 1795 καθελὼν
3183 1732 3210 1785 6
3255 1729 3435 1805 Μὲγας
3493 1735 3928 1809 Κωνσταντῖνος,

2263 1823 2386 1877 ναὸν
2429 1830 2529 1891 τῆς
2578 1822 2844 1877 Θεοτόκου
2889 1821 3160 1896 ἀνήγειρε,
3209 1819 3299 1873 καὶ
3355 1817 3583 1895 ἐχάραξε
3637 1815 3730 1872 τὸν
3790 1819 3928 1892 Χρι-

511 1929 874 1985 nummoque
898 1912 1212 1984 insculpsit
1249 1911 1566 1982 imaginem
1592 1911 1824 1978 Christi,
1851 1911 2151 1966 sanctissi-

2272 1913 2388 1966 στὸν
2451 1911 2540 1965 καὶ
2596 1912 2695 1979 τήν
2751 1909 3040 1984 ὑπεραγίαν
3113 1907 3398 1977 Θεοτόκον,
3457 1907 3546 1961 καὶ
3592 1908 3693 1975 τὴν
3756 1907 3928 1962 αὐτοῦ

512 2020 621 2058 mae
653 2003 931 2074 Deiparse,
966 2001 1172 2056 matris
1203 2017 1320 2056 suae
1347 1999 1596 2067 Helenae,
1630 2006 1686 2054 et
1730 2017 1896 2054 suam
1931 2000 2154 2071 ipsius;

516 2093 850 2164 festumque
883 2090 1265 2145 dedicationis
1300 2089 1607 2144 duodecim
1649 2088 1773 2144 dies
1822 2087 2156 2143 celebravit.

515 2182 633 2237 Hoc
657 2179 938 2252 templum
955 2184 1155 2251 postea
1168 2180 1392 2234 Sancta:
1405 2177 1628 2233 Thecla:
1647 2176 2006 2250 appellatum
2027 2177 2154 2244 fuit,

513 2273 798 2328 Caeterum
823 2275 949 2323 tum
978 2267 1233 2323 Milliarii
1274 2267 1460 2322 fornix
1480 2273 1646 2339 porta
1667 2272 1790 2322 erat
1838 2267 2155 2336 terrestris,

511 2366 563 2415 et
596 2359 655 2414 in
687 2359 814 2414 loco
839 2363 1040 2414 vocato
1071 2355 1280 2429 Dippio
1329 2357 1576 2412 mutatio
1626 2373 1913 2428 equorum
1946 2373 2157 2411 cursus

512 2447 753 2520 publici.
789 2447 924 2517 Ipsa
954 2462 1088 2501 vero
1119 2446 1389 2500 Contaria
1433 2462 1684 2517 magnus
1719 2463 1886 2501 mons
1919 2450 2061 2511 erat,
2097 2444 2154 2498 in

510 2554 625 2608 quo
657 2536 931 2592 excubias
963 2533 1212 2606 agebant
1265 2535 1547 2606 Byzantii,
1601 2535 1952 2606 populorum
2007 2533 2154 2590 occi-

509 2625 836 2682 dentalium
870 2625 1161 2696 impetum
1195 2628 1546 2679 metuentes.

615 2742 690 2796 De
717 2740 917 2812 templo
937 2740 994 2794 5.
1029 2739 1312 2794 Michaelis
1338 2740 1660 2810 archangeli
1687 2737 1854 2795 Adda:
1883 2737 2046 2793 dicto.

583 2847 889 2920 Templum
922 2847 977 2900 S.
1011 2845 1311 2901 Michaelis
1362 2844 1695 2916 archangeli
1726 2845 1902 2900 Adda:
1939 2862 2159 2900 nuncu-

509 2942 713 3007 patum
759 2935 1035 2992 Justinus
1091 2934 1418 2990 azdiflcvait.
1478 2935 1699 2990 Nomen
1741 2950 1875 2989 vero
1934 2934 2158 3006 accepit

509 3027 585 3080 ab
637 3025 807 3080 Addas
868 3021 1171 3095 magistro,
1205 3023 1308 3093 qui
1364 3023 1583 3077 ibidem
1635 3023 1874 3077 domum
1928 3029 2155 3078 exstru-

507 3118 690 3170 xerat.

1032 3203 1104 3258 De
1131 3201 1388 3257 columna
1421 3203 1636 3256 Ferrea.

578 3291 721 3346 Cum
781 3289 1073 3359 columna,
1134 3306 1262 3361 quae
1318 3289 1526 3345 visitur
1585 3289 1642 3344 iu
1705 3289 1827 3344 foro
1861 3270 2226 3361 appellatoc

502 3365 728 3445 Anelio,
759 3382 945 3434 Roma
991 3380 1101 3434 sub
1141 3378 1524 3434 Constantino
1572 3382 1779 3451 Magno
1837 3380 2149 3435 advehere-

503 3471 621 3534 tur,
654 3471 726 3523 ob
757 3468 1052 3539 ingentem
1085 3468 1213 3539 ejus
1247 3467 1456 3523 molem
1488 3467 1806 3523 triennium
1857 3469 2149 3540 integrum

504 3556 821 3628 navigavit.
880 3557 1138 3612 Tandem
1191 3555 1452 3626 ingressa
1484 3556 1835 3628 Sophiarum
1895 3563 2151 3629 portum,

506 3663 638 3702 cum
673 3647 743 3700 ad
779 3651 1008 3718 portam
1041 3645 1342 3700 extrahere
1393 3647 1463 3700 de
1496 3646 1626 3700 navi
1659 3663 1784 3700 eam
1819 3646 2054 3712 vellent,
2090 3647 2148 3700 in

503 3734 697 3790 littore
728 3739 976 3804 quatuor
1005 3735 1217 3790 cubitis
1249 3735 1519 3790 demersa
1541 3746 1596 3789 et
1617 3735 1828 3790 obruta
1848 3737 2148 3803 remansit,

506 3825 662 3897 quod
723 3823 1055 3895 uliginosus
1107 3841 1172 3878 ac
1231 3822 1514 3895 palustris
1572 3825 1733 3879 locus
1783 3829 1981 3880 esset:
2016 3840 2150 3878 cum

505 3919 702 3970 autem
763 3929 891 3968 eam
949 3913 1162 3984 ligneis
1206 3914 1470 3968 vectibus
1519 3912 1822 3968 extrahere
1855 3930 1966 3968 non
1998 3913 2150 3968 vale-

505 4008 654 4070 rent,
689 4002 891 4059 ferreis
924 4001 1266 4074 ingentibus
1323 4007 1464 4058 sunt
1515 4002 1607 4058 usi
1637 4022 1652 4059 :
1683 4007 1857 4073 atque
1890 4003 2020 4058 ideo
2064 4003 2149 4058 sic

501 4098 703 4149 vocata
733 4097 842 4148 est.

1011 4181 1084 4235 Dc
1115 4186 1288 4252 partu
1316 4180 1646 4236 Eleutherii.

532 4271 742 4326 Portus
801 4268 1115 4324 Eleutherii
1175 4273 1505 4324 exstructus
1560 4274 1648 4324 est
1702 4269 2146 4326 aConstantino

496 4359 729 4429 Magno.
781 4357 847 4411 In
877 4373 943 4412 eo
999 4357 1190 4412 stabat
1249 4357 1564 4412 Eleutherii
1622 4358 1796 4429 primi
1843 4377 1875 4413 a
1907 4361 2147 4416 secretis

499 4447 732 4518 lapidea
763 4450 981 4510 statua,
1035 4445 1343 4515 scapulare
1374 4463 1551 4517 super
1581 4446 1857 4502 humeros
1901 4447 2144 4518 habens,

500 4542 557 4592 et
598 4533 990 4590 ventilabrum
1051 4550 1228 4589 manu
1281 4540 1539 4606 gestans,
1589 4541 1906 4607 utrumque
1954 4537 2146 4608 lapid-

2272 2001 2480 2076 μητέρα
2535 1999 2622 2054 καὶ
2699 1999 2909 2066 ἑαυτὸν,
2982 1999 3070 2052 καὶ
3146 1995 3356 2052 ἐτέλεσε
3425 1997 3727 2072 πανήγυριν
3789 1997 3928 2066 ἠπε-

2271 2112 2364 2166 ρας
2419 2092 2526 2166 ιβ’·
2588 2088 2735 2150 ὅστις
2801 2089 2928 2149 ναὸς
3017 2086 3416 2160 μετωνομάσθη
3499 2085 3654 2160 Ἀγία
3721 2085 3927 2142 Θέκλι.

2267 2181 2402 2237 Τότε
2433 2177 2490 2234 δὲ
2520 2179 2611 2234 καὶ
2639 2183 2740 2233 τοῦ
2772 2176 2977 2235 Μιλίου
3023 2180 3056 2246 ἡ
3110 2169 3332 2249 καμὰηα
3375 2173 3602 2250 χερσαία
3628 2176 3696 2244 ἦν
3724 2176 3928 2249 πόρτα,

2267 2271 2353 2324 καὶ
2389 2268 2466 2329 εἷς
2496 2268 2558 2323 τὸ
2592 2267 2844 2322 Διίππιον
2901 2267 2935 2331 ἡ
2998 2264 3240 2338 ἁλλαγή.
3299 2266 3482 2320 Ταῦτα
3543 2259 3601 2317 δὲ
3656 2263 3725 2317 τὰ
3763 2262 3932 2338 λεγὸ-

2271 2379 2401 2432 μενα
2452 2353 2743 2433 Κοντάρια,
2789 2356 2931 2430 μέγα
2992 2349 3117 2422 ὅρος
3164 2355 3251 2424 ἦν,
3299 2350 3388 2407 καὶ
3439 2351 3768 2430 ἐφυλάσσετο
3826 2353 3929 2408 ὑπὸ

2265 2455 2365 2518 τῆς
2399 2445 2596 2522 βίγλης
2627 2450 2734 2500 τῶν
2765 2443 3070 2514 Βυζαντίων
3106 2441 3457 2516 πτοουμένων
3485 2441 3612 2504 τοὺς
3647 2439 3926 2504 δυτικούς.

3531 2733 3627 2754 Ἁλι-

2538 2740 2667 2814 Περὶ
2695 2744 2792 2794 τοῦ
2833 2740 3306 2815 Ἀρχιστρατήγου
3334 2740 3430 2792 106
3463 2738 3650 2794 Ἀδδεί.

2337 2847 2459 2903 ’Ὁτι
2515 2847 2542 2900 6
2600 2848 3068 2922 Ἀρχιστράτηγος
3139 2848 3236 2900 106
3296 2840 3462 2899 Ἀδδᾶ
3534 2843 3760 2914 ἐκτίσθη
3829 2845 3927 2898 ὑπὸ

2267 2934 2588 2991 Ἰουστίνου.
2642 2937 2711 2989 Τὸ
2770 2933 2828 2990 δὲ
2884 2932 3062 3008 ὄνομα
3107 2931 3320 3005 ἐδέξατο
3372 2931 3432 2987 ἐκ
3471 2936 3570 2987 106
3624 2931 3796 2988 Ἀδδᾶ
3833 2938 3928 2988 106

2273 3023 2592 3100 μαγίστρου,
2625 3023 2684 3079 ἐκ
2705 3028 2803 3079 106
2833 3022 3004 3078 ἐκεῖσε
3032 3024 3314 3084 κτίσαντος
3345 3023 3517 3077 οἷκον.

2822 3205 2951 3278 Ηερὶ
2981 3205 3080 3272 τῆς
3114 3200 3375 3276 Σιδηρᾶς.

2335 3296 2452 3348 Ὀτι
2511 3292 2598 3348 ἐπὶ
2645 3293 2742 3348 106
2820 3292 3081 3368 Μεγάλου
3159 3289 3566 3347 Κωνσταντίνου
3644 3292 3674 3346 6
3758 3294 3928 3366 μέγας

2261 3383 2395 3436 κίῶν
2443 3386 2541 3436 106
2589 3381 2762 3458 φόρου
2814 3386 2910 3435 106
2969 3377 3233 3451 Ἀνηλίου
3280 3385 3426 3453 τρεῖς
3468 3378 3710 3454 χρόνους
3759 3380 3929 3453 ἀπῄει

2261 3469 2630 3543 πλοϊζόμενος
2686 3471 2791 3525 ἀπὸ
2848 3470 3071 3542 Ῥώμης
3131 3467 3220 3523 διὰ
3274 3469 3374 3536 τήν
3455 3463 3779 3542 ὑπερϐολὴν
3832 3473 3928 3523 106

2265 3557 2522 3633 μεγέθους
2608 3558 2793 3614 αὐτοῦ.
2874 3558 2976 3614 Καὶ
3053 3555 3314 3620 εἰσελθὼν
3401 3555 3477 3617 εἷς
3532 3555 3631 3619 τὰς
3690 3557 3926 3633 Σοφίας,

2261 3646 2312 3702 ἐν
2345 3652 2411 3721 τῇ
2453 3648 2628 3723 πόρτῃ
2681 3646 2950 3703 θελόντων
2999 3641 3247 3702 ἐκϐαλεῖν
3301 3646 3394 3700 τὸν
3461 3645 3619 3700 κίονα
3667 3644 3784 3699 ἀπὸ
3815 3651 3924 3700 τῶν

2262 3733 2493 3811 σχεδίων
2529 3735 2748 3811 ἐχώσθη
2785 3735 2862 3798 εἷς
2911 3736 3001 3790 τὸν
3050 3733 3302 3808 αἰγιαλὸν
3352 3735 3567 3808 πήχεας
3617 3729 3686 3801 δ’,
3745 3730 3842 3788 διὰ
3868 3736 3926 3788 τὸ

2261 3829 2460 3900 χαῦνον
2505 3825 2594 3879 καὶ
2645 3822 2869 3893 ἀλσώδη
2923 3825 3053 3878 εἶναι
3096 3824 3187 3877 τὸν
3236 3821 3403 3878 τόπον
3434 3842 3446 3854 ·
3505 3820 3817 3894 μέλλοντες
3872 3820 3925 3877 EE

2259 3917 2448 3967 τοῦτον
2509 3915 2753 3983 ἀποσπᾷν
2819 3913 2951 3985 μετὰ
3013 3911 3210 3984 ξύλων,
3267 3910 3366 3966 οὐκ
3418 3907 3714 3981 ἠδύναντο,
3779 3911 3926 3967 ἀλλὰ

2263 4003 2398 4075 μετὰ
2454 4000 2695 4077 σιδηρῶν
2781 4001 3035 4079 μοχλίων
3117 4001 3394 4078 μεγάλων.
3449 3999 3547 4055 Καὶ
3600 3997 3693 4055 διὰ
3754 4006 3922 4056 τοῦτο

2260 4088 2430 4153 οὕτως
2461 4090 2672 4163 ἐκλήθη
2686 4135 2698 4148 .

2560 4180 2688 4256 Περὶ
2718 4184 2813 4235 τοῦ
2855 4177 3081 4252 λιμένος
3112 4184 3208 4235 106
3241 4177 3607 4253 Ἐλευθερίου.

2328 4269 2388 4325 Ὁ
2444 4266 2501 4324 δὲ
2552 4268 2723 4343 λιμὴν
2784 4273 2882 4323 106
2939 4267 3281 4345 Ἐλευθερίου
3336 4268 3554 4338 ἐκτίσθη
3612 4269 3772 4343 παρὰ
3832 4274 3928 4322 106

2257 4355 2516 4432 Μεγάλου
2577 4360 3006 4415 Κωνσταντίνου.
3054 4360 3265 4412 Ἵστατο
3335 4355 3392 4412 δέ
3438 4357 3524 4411 καὶ
3585 4356 3775 4427 στήλη
3841 4358 3928 4412 λι-

2255 4445 2375 4516 θίνη
2455 4445 2796 4522 Ἐλετθερίου
2898 4449 3398 4524 πρωτασηκρήτου,
3485 4447 3749 4524 φέροντος
3845 4447 3928 4501 ἐπ’

2256 4537 2421 4610 ὤμων
2505 4536 2810 4592 καπούλιοο
2885 4538 2974 4592 καὶ
3039 4537 3171 4592 πτύν
3247 4537 3298 4591 ἐν
3375 4539 3444 4602 τῇ
3506 4535 3651 4611 χειρὶ
3721 4537 3928 4602 αὐτοῦ,

503 4627 822 4680 eum.Cum
857 4628 1049 4677 autem
1084 4622 1398 4694 erigeretur
1429 4623 1742 4679 Theodosii
1776 4631 1994 4691 statua,
2020 4643 2146 4696 qua:

2272 4627 2536 4706 ἱμφότερα
2592 4624 2788 4689 λίθινα,
2849 4625 3172 4697 Κτισθείσης
3253 4623 3309 4680 δὲ
3384 4625 3474 4678 καὶ
3544 4630 3644 4692 τῆς
3698 4623 3926 4695 στήλης

505 4714 794 4770 columnae
845 4711 1112 4768 insidens
1159 4711 1217 4767 in
1266 4712 1458 4768 Tauro
1490 4713 1981 4786 conspiciebatur,
2033 4721 2148 4770 ter-

505 4821 572 4862 ra
603 4801 788 4859 fossili
818 4801 877 4856 in
910 4800 1067 4856 hunc
1098 4804 1332 4873 portum
1372 4802 1620 4874 ingesta,
1669 4807 1828 4859 totus
1876 4803 2147 4875 oppletus

504 4897 616 4950 est.

643 5009 714 5064 De
737 5009 938 5063 statuis
965 5021 1095 5079 quw
1122 5013 1252 5062 sunt
1277 5022 1445 5077 prope
1475 5007 1529 5062 S.
1562 5007 1992 5078 Agat/ionicum.

563 5188 700 5243 Duae.
733 5190 872 5242 sunt
901 5187 1107 5240 statuat
1136 5183 1368 5254 verinaa,
1399 5201 1518 5240 una
1538 5189 1670 5256 post
1693 5202 2006 5242 ascensum
2059 5187 2139 5242 ibi

488 5278 777 5351 graduum
804 5273 990 5345 magis
1026 5273 1096 5328 ad
1130 5278 1399 5328 austrum
1430 5289 1677 5344 vergens
1707 5292 1885 5346 quam
1937 5276 2140 5332 Sancti

488 5365 835 5439 Agathonici
874 5361 1162 5433 templum
1220 5361 1427 5431 altera,
1485 5378 1516 5419 e
1590 5365 1826 5434 regione
1875 5365 2142 5436 proxime

490 5456 824 5513 S.Barbarae
855 5451 1164 5524 templum,
1201 5453 1354 5523 quod
1383 5457 1471 5507 est
1508 5453 1567 5508 in
1608 5455 1981 5526 Artotvyriano
2014 5455 2139 5510 loco

493 5561 594 5601 seu
627 5541 963 5614 Artopoliis.
1000 5539 1104 5596 Illa
1134 5541 1391 5612 quidem,
1427 5558 1552 5614 qua:
1603 5544 1672 5597 ad
1708 5544 1766 5598 S.
1820 5544 2138 5614 Agathoni-

493 5650 624 5688 cutn
647 5636 752 5696 est.
778 5629 1093 5701 superstite
1112 5629 1306 5685 adhuc
1333 5631 1520 5686 Leone
1541 5631 1670 5700 ejus
1693 5635 1924 5702 marito,
1951 5640 2142 5689 erecta

493 5722 639 5788 fuit;
675 5735 801 5790 quae
835 5734 968 5774 vero
1001 5733 1178 5788 prope
1207 5718 1264 5773 S.
1300 5719 1639 5786 Barbaram,
1673 5725 1807 5790 post
1855 5723 1984 5792 ejus
2015 5721 2137 5778 obi-

2257 4715 2354 4772 106
2412 4713 2722 4784 Θεοδοσίου,
2782 4713 2817 4785 ἥ
2877 4713 2964 4769 ἐπὶ
3024 4715 3119 4769 τοῦ
3167 4714 3350 4776 κίονος
3407 4718 3504 4768 106
3557 4713 3779 4787 Ταύρου
3835 4718 3926 4782 ἦν,

2259 4807 2286 4862 ὁ
2317 4810 2454 4882 χοῦς
2483 4804 2706 4879 ἐχύνετο
2742 4804 2818 4867 εἷς
2849 4805 2938 4859 τὸν
2970 4802 3188 4877 λιμένα,
3221 4802 3310 4859 καὶ
3343 4802 3631 4878 ἐγεμίσθη.

2442 5010 2577 5085 Περὶ
2606 5014 2715 5065 τῶν
2749 5007 2968 5085 στηλῶν
2992 5014 3101 5085 τῶν
3123 5008 3295 5064 οῶτῶν
3329 5007 3405 5071 εἷς
3433 5007 3524 5064 τὸν
3555 5008 3744 5083 ’Λγιον

2888 5082 3263 5156 Ἀγαθόνικον.

2324 5189 2392 5244 At
2420 5187 2617 5256 στῆλαι
2651 5184 2746 5241 δύο
2798 5185 2900 5240 εἰσὶ
2947 5192 3048 5255 τῆς
3103 5187 3362 5259 Βηρίνης,
3417 5187 3518 5259 μία
3564 5185 3661 5258 μὶν
3713 5204 3926 5240 νοτιω-

2249 5279 2378 5354 τέρα
2433 5282 2529 5331 106
2592 5275 2748 5351 ἁγίου
2825 5276 3094 5351 μάρτυρος
3165 5277 3545 5350 Ἀγαθονίγου,
3628 5273 3768 5346 μετᾶ
3821 5276 3924 5342 τῆν

2253 5363 2446 5421 ὄίνοδον
2501 5369 2612 5420 τῶν
2671 5364 2843 5420 ἐκεῖσε
2905 5360 3185 5441 βαθμίδων
3221 5385 3233 5397 ·
3319 5364 3472 5439 ἑτέρα
3550 5360 3608 5417 δὲ
3659 5359 3926 5437 ἄντικρυς

2249 5455 2434 5525 αὐτοῦ,
2492 5452 2729 5524 πλησίον
2787 5461 2887 5523 τῆς
2956 5453 3106 5529 ἁγίας
3166 5449 3452 5531 Βαρῦἁρας
3507 5456 3604 5507 106
3653 5454 3924 5526 Ἀρτοτυ-

2251 5548 2438 5618 ριανοῦ
2501 5545 2695 5599 τόπου.
2758 5543 2855 5599 Καὶ
2915 5545 2950 5612 ἠ
3017 5543 3112 5616 μὲν
3175 5547 3271 5598 106
3347 5542 3500 5617 ἁγίου
3559 5541 3925 5615 Ἀγαθονίκου

2248 5633 2439 5707 γὲγονε
2502 5637 2702 5701 ζῶντος
2758 5632 2989 5693 Λέοντος
3067 5636 3163 5686 106
3236 5629 3430 5708 ἀνδρὸς
3483 5631 3650 5699 αὐτῆς
3685 5649 3700 5661 ⁸
3761 5632 3799 5698 ἡ
3867 5628 3926 5684 δὲ

2246 5725 2348 5793 τῆς
2397 5722 2550 5799 ἁγίας
2628 5716 2939 5796 Βαρϐἁρας,
3026 5722 3162 5794 μετᾶ
3230 5723 3328 5792 τὴν
3403 5718 3666 5790 τελευτὴν
3722 5720 3926 5790 αὐτοῦ,
