4056 6346
133 444 298 505 1261

1283 427 1651 494 ΑΝοΝΥΜι
1692 426 2279 500 ANTIOUITATES
2325 437 2446 498 ΟΡ.

3425 442 3578 503 1262

134 573 303 645 ἡνίκα
334 570 660 631 Βασιλίσκον
686 571 777 627 τὸν
811 568 1044 647 ἀδελφὸν
1094 566 1263 637 αὐτῆς
1302 562 1547 639 ἔστρεψε,
1590 558 1792 640 φυγόν-

1927 580 2062 634 .ιιω,
2095 568 2333 638 quando
2362 569 2715 629 Basiliscum
2764 572 3005 630 fratrem
3038 591 3207 632 suum
3245 575 3566 647 coronavit,

140 685 236 727 τος
266 664 520 735 Ζήνωνος
542 665 640 717 τοῦ
669 654 922 737 γαμϐροῦ
950 658 1136 728 αὐτῆς.

542 750 672 827 Περὶ
697 752 795 805 τοῦ
824 748 1011 823 Ἀγίου
1035 743 1408 824 Ἀγαθονίκου.

213 845 270 898 Ὀ
306 840 364 898 δὲ
392 845 585 916 Ἀγιος
618 837 989 916 ’Δγαθόνικος,
1018 837 1082 891 τὸ
1125 834 1388 910 πρότερον
1424 831 1527 889 ὑπὸ
1569 835 1803 889 Αναστα-

139 933 289 1000 σίου,
347 932 437 987 καὶ
493 932 877 989 Ἰουστινιανοῢ
948 930 1046 982 τοῦ
1117 922 1373 1001 Μεγάλου
1428 921 1492 977 τὸ
1553 917 1799 994 δεύτερον

141 1021 514 1091 ἆνεκαινίσθη.
567 1026 653 1074 Ἐν
709 1018 853 1073 αὑτῶ
911 1013 969 1072 δὶ
1022 1020 1103 1089 τῷ
1155 1018 1269 1086 ναῷ
1325 1011 1414 1067 καὶ
1464 1010 1799 1086 πατριάρχαι

140 1112 516 1181 ἐπισκόπησαν
544 1108 697 1177 ἑπτὰ,
750 1107 837 1163 ἰπὶ
884 1105 1123 1183 χρόνους
1178 1104 1531 1172 πεντήκοντα,
1580 1099 1669 1154 καὶ
1704 1100 1801 1173 βα-

140 1202 321 1266 σιλεῖς
349 1198 750 1278 ἐστεφηφόρουν
784 1197 956 1252 ἐκεῖσε
995 1192 1038 1249 δ’
1071 1213 1084 1227 ·
1138 1190 1205 1247 δι’
1249 1189 1315 1261 ἤν
1367 1187 1424 1245 δὲ
1469 1188 1637 1244 αἰτίαν
1673 1208 1798 1278 μετῗ

140 1289 379 1362 εποίηθη
438 1276 638 1352 ἆκεῖθεν
685 1287 789 1341 ὑπὸ
837 1279 1114 1360 Τιϐερίου,
1174 1282 1236 1337 οὗ
1291 1281 1633 1357 γινώσκεται.
1693 1276 1797 1333 Καὶ

135 1378 410 1436 παλατιον
443 1375 500 1433 δὶ
547 1374 785 1447 πλησίον
831 1378 930 1430 τοῦ
975 1372 1141 1428 αὐτοῦ
1190 1374 1323 1425 ναοῦ
1377 1370 1445 1438 ἧν
1491 1369 1743 1443 μέγιστον
1781 1387 1794 1400 ·

139 1468 251 1525 ὑπὸ
284 1465 343 1523 δὶ
369 1461 620 1542 Τιϐεριου
648 1468 746 1520 τοῦ
795 1464 1017 1537 πρώτου
1052 1460 1385 1536 μετεποιήθη
1418 1455 1691 1521 διολισθὶν
1721 1454 1798 1516 εἷς

135 1558 208 1614 τὰ
243 1555 512 1635 βασίλεια.

558 1642 687 1720 Περὶ
720 1647 815 1698 τοῦ
845 1640 1032 1717 Ἀγίου
1062 1637 1387 1695 Ἰουλιανοῦ.

214 1737 314 1799 Εἷς
354 1736 444 1791 τὸν
492 1736 679 1810 ’Ἂγιον
735 1729 1034 1789 Ἰουλιανὸν
1091 1725 1368 1803 μοεαχοὺς
1418 1725 1600 1787 ὁσίους
1647 1722 1796 1779 κο.τὲ-

135 1846 337 1883 καυσεν
398 1826 426 1881 6
487 1818 820 1890 Καϐαλῖνος,
880 1817 970 1876 διὰ
1025 1819 1086 1873 τὸ
1148 1819 1224 1891 μὴ
1274 1819 1550 1871 κοινωνεῖν
1599 1812 1795 1875 αὐτοὺς

1911 654 2142 711 Zenone
2171 672 2385 728 genero
2418 659 2637 732 fugato.

2360 750 2437 805 De
2462 751 2665 823 templo
2694 751 2751 807 S.
2784 752 3129 824 Agat/ionici.

1984 835 2290 908 Templum
2345 842 2402 893 S.
2437 839 2786 912 Agathonici
2837 844 3028 915 primo
3087 845 3158 900 ab
3220 847 3571 917 Anastasio;

1914 925 2172 980 secundo
2232 932 2450 999 autem,
2486 946 2519 983 a
2565 931 2896 987 Justiniano
2953 933 3165 1006 Magno
3223 941 3568 991 renovatum

1913 1017 2019 1068 est.
2055 1017 2116 1068 in
2152 1014 2258 1071 hoc
2290 1034 2421 1073 vero
2450 1020 2668 1092 templo
2702 1020 2861 1076 intra
2892 1021 3326 1094 quinquaginta
3357 1043 3563 1094 annos,

1911 1110 2134 1177 septem
2170 1106 2516 1178 patriarchae
2565 1110 2970 1184 epiSOOpatum
3018 1130 3275 1185 gessere,
3308 1132 3373 1171 ac
3426 1133 3567 1187 qua-

1910 1201 2044 1249 tuor
2072 1195 2293 1252 ibidem
2340 1197 2726 1270 imperatores
2776 1202 3040 1257 coronati
3092 1209 3252 1260 sunt.
3285 1206 3408 1271 Qua
3430 1222 3563 1262 vero

1909 1283 1981 1340 de
2011 1301 2193 1341 causa
2245 1290 2538 1343 mutatum
2566 1289 2643 1344 sit
2674 1306 2706 1344 a
2736 1289 2990 1361 Tiberio,
3033 1292 3314 1348 nescitur.
3361 1293 3560 1349 Proxi-

1909 1388 2002 1428 me
2033 1372 2143 1429 hoc
2172 1374 2462 1447 templum
2506 1381 2632 1432 erat
2665 1376 2947 1434 Palatium
2999 1379 3348 1447 maximum,
3381 1383 3559 1452 quod,

1908 1477 2037 1516 cum
2070 1461 2391 1534 collapsum
2422 1470 2600 1536 esset,
2632 1466 2906 1524 Tiberius
2939 1468 3136 1525 senior
3166 1469 3559 1542 imperatoriis

1909 1550 2125 1606 uadibus
2156 1551 2446 1623 adjunxit.

2511 1645 2585 1700 De
2617 1644 2668 1700 S.
2701 1646 2949 1701 Iuliano.

1978 1729 2294 1786 Monachos
2324 1731 2380 1786 S.
2415 1732 2634 1789 Juliani
2668 1733 2796 1805 pios
2827 1751 2892 1789 ac
2924 1734 3230 1806 religiosos
3269 1735 3557 1794 Constan-

1906 1817 2069 1874 tinus
2097 1818 2499 1893 Copronymus
2549 1823 2668 1895 igni
2724 1821 2989 1894 tradidit,
3024 1840 3090 1880 eo
3120 1825 3277 1897 quod
3329 1826 3556 1898 profani

136 1920 211 1991 τῇ
275 1919 488 1989 μυσαρᾷ
555 1911 720 1968 αὐτοῦ
788 1910 1000 1981 ἐσθήσει
1053 1928 1128 1996 τε
1201 1906 1290 1961 καὶ
1362 1902 1639 1996 θρησκείᾳ,
1706 1902 1796 1958 καὶ

1927 1908 2037 1978 :jus
2091 1908 2431 1965 vestimenti
2488 1927 2553 1967 ac
2604 1912 2971 1969 detestabilis
3019 1918 3189 1970 sectae
3242 1915 3557 1987 participes

142 1988 304 2060 αυτὸν
357 1988 449 2059 τὸν
535 2001 701 2058 ναόν·
788 2000 881 2056 καὶ
950 1995 1220 2061 ἀναλύσας
1283 1996 1311 2051 6
1373 1988 1640 2068 μόλιϐδος
1695 1999 1797 2061 τῆς

1927 2013 2035 2053 ιεεο
2083 1996 2340 2066 nollent;
2374 2001 2873 2072 quemadmodum
2900 2006 2958 2058 et
2986 2002 3175 2076 ipsam
3221 2002 3553 2071 ecclesiam,

140 2092 439 2164 ἐκκλησίας
516 2089 780 2161 κατῆλθεν
857 2085 959 2151 ἕως
1040 2090 1146 2141 τῶν
1230 2087 1445 2163 Σοφιῶν
1516 2080 1793 2158 αἰγιαλοῦ.

138 2186 387 2242 Ἴσταντο
421 2179 478 2238 δὲ
507 2180 677 2238 ἐκεῖσε
705 2175 961 2255 Ηὲρδικες
990 2172 1201 2254 χαλκαῖ
1230 2173 1280 2228 ἔν
1312 2170 1549 2248 καμάρᾳ.

317 2377 449 2452 Περὶ
477 2380 573 2434 τοῦ
601 2374 1070 2453 ἀρχιστρατήγου,
1097 2374 1195 2453 rei}
1226 2364 1381 2433 ὄντος
1420 2368 1497 2433 εὶς
1525 2369 1616 2423 τὸν

694 2442 882 2523 ⁵Αγὶον
924 2442 1246 2501 Ἰουλιανόν.

212 2539 459 2615 Ὁμοίως
512 2539 603 2594 καὶ
652 2537 744 2592 τὸν
802 2534 1242 2611 ἀρχισνράτηγον
1288 2530 1378 2586 τὸν
1430 2525 1556 2585 ὅντα
1599 2527 1675 2591 είς
1706 2526 1798 2584 τὸν

139 2635 343 2708 Ἀγιον
398 2627 695 2687 Ἰουλιανόν
753 2625 781 2680 ό
832 2622 1058 2698 Δίκορος
1110 2622 1421 2708 ἀνήγειρενξ
1475 2616 1564 2708 ὅτε
1628 2616 1795 2687 ἦλθεν

142 2706 254 2779 ἀπὸ
310 2722 410 2775 τοῦ
457 2715 812 2795 Δυρραχίου*
880 2717 1007 2775 παῖς
1080 2711 1181 2789 γὰρ
1267 2706 1340 2763 ὢν
1407 2706 1669 2781 ἐμάνθανε
1732 2707 1798 2761 τὰ

139 2811 446 2888 γράμματα
474 2806 646 2864 ἐκεῖσε
677 2805 839 2861 οἰκῶν
850 2847 865 2860 .

409 2896 538 2975 Περὶ
566 2901 674 2953 τῶν
706 2893 988 2951 παλατίων
1018 2895 1128 2946 τῶν
1162 2886 1527 2963 Ἐλευθερίου.

214 2990 292 3044 Τὰ
339 2983 397 3043 δὲ
440 2971 678 3042 παλατια
722 2984 790 3040 τὰ
846 2979 1190 3055 Ἐλευθερίου
1251 2977 1338 3033 καὶ
1390 2977 1459 3031 τὰ
1514 2971 1800 3051 ἐργοδόσια

138 3076 351 3134 ἔκτισεν
405 3074 611 3151 Εἰρήνη
678 3073 765 3130 καὶ
825 3073 1250 3138 Κωνσταντῖνος,
1327 3067 1355 3122 6
1423 3066 1538 3128 υἱὸς
1610 3063 1797 3134 αὐτῆς.

139 3168 282 3226 Ἀπὸ
358 3163 417 3222 δὶ
481 3169 588 3219 τῶν
671 3161 836 3237 μέχρι
907 3160 1325 3234 ’Δμαστριανοῦ,
1404 3152 1796 3231 Ἰπποδρόμιον

139 3258 337 3333 γέγονε
366 3254 510 3331 παρᾶ
545 3256 643 3308 τοῦ
695 3248 950 3327 Μεγάλου
1000 3244 1292 3304 Θεοδοσίου
1326 3262 1338 3277 ⁸
1392 3246 1428 3315 ἠ
1476 3241 1533 3299 δὲ
1584 3244 1794 3318 Εἰρήνη

138 3342 439 3400 κατέλυσεν
466 3341 649 3398 αὐτόν.

144 3432 287 3507 Ηερὶ
372 3435 470 3487 τοῦ
552 3428 739 3504 Ἀγίου
823 3425 1275 3500 Παντελεήμονος
1343 3428 1440 3479 τοῦ
1519 3421 1798 3498 Μεγάλου.

217 3523 320 3576 Τὸν
373 3517 431 3576 δὶ
487 3520 675 3594 Ἀγιον
730 3515 1151 3590 Παντελεήμονα
1214 3510 1390 3570 ἔκτισε
1445 3511 1698 3587 Θεοδώρα
1765 3514 1800 3582 ἠ

142 3611 291 3687 γυνή
346 3612 730 3666 Ἰουστιτιανοῦ
794 3611 890 3662 τοῦ
945 3604 1225 3682 Μεγάλου.
1285 3605 1415 3662 Ὅτε
1468 3602 1635 3672 ἦλθεν
1695 3601 1801 3657 ἀπὸ

147 3699 572 3774 Παφλαγωνίας,
659 3696 833 3752 ἐκεῖσε
911 3694 962 3751 ἰν
1048 3698 1128 3766 τῷ
1197 3688 1423 3767 ἐμϐόλῳ
1484 3690 1658 3747 ἔκειτο
1725 3691 1799 3753 ὡς

138 3788 374 3863 πτωχὴ,
432 3785 521 3842 καί
589 3782 779 3856 ἔνηθεν
855 3782 994 3862 ἔρια,
1075 3782 1166 3838 καὶ
1243 3780 1446 3838 ἐπώλει
1495 3781 1650 3848 αὐτὰ,
1711 3778 1801 3835 καὶ

140 3878 329 3940 οὕτως
385 3875 503 3948 ἔζη.
561 3877 709 3931 Μετᾶ
781 3872 839 3931 δὲ
919 3876 982 3930 τὸ
1061 3870 1400 3949 βασιλεῦσαι,
1476 3868 1651 3925 ἔκτισε
1706 3868 1798 3925 τὸν

136 3966 299 4025 ναόν.

700 4037 832 4114 Περὶ
863 4036 933 4091 τὰ
961 4033 1262 4093 Κλαυδίου.

215 4126 305 4185 Τὰ
358 4122 651 4198 Κλαυδίου,
682 4129 833 4188 οἶκος
902 4125 969 4194 ἧν
1024 4122 1315 4197 πατρικίου
1366 4126 1464 4177 τοῦ
1521 4117 1802 4177 Κλαυδίου

143 4215 244 4273 καὶ
298 4213 663 4291 κοιαίστορος,
717 4212 770 4270 ἰν
823 4219 939 4276 τοῖς
982 4214 1208 4291 χρόνοις
1260 4209 1590 4270 Βασιλίσκου
1648 4211 1801 4286 βασι-

146 4304 318 4377 λέως,
348 4303 409 4369 ’ὸς
436 4302 525 4359 καὶ
555 4301 821 4371 παλάτιον
853 4303 1135 4380 ἀνήγειρεν
1168 4302 1359 4359 ἐκεῖσε.

728 4391 860 4467 Περὶ
888 4392 956 4449 τὰ
984 4397 1218 4468 Napaei").

214 4482 293 4537 Τὰ
347 4479 405 4537 δὲ
460 4484 698 4559 Ναρσοῦ,
773 4482 919 4545 οἶκος
981 4484 1045 4551 ἦν
1098 4483 1312 4555 Napaei}
1367 4475 1655 4554 πατρικίου
1711 4478 1797 4532 καὶ

137 4571 537 4649 πραιποσίτου,
596 4570 887 4646 εὐννύχου,
951 4570 1002 4625 ἐν
1050 4574 1166 4632 τοῖς
1224 4567 1451 4645 χρόνοις
1508 4568 1799 4623 Ἰουστίνου

1908 2087 2079 2158 cujus
2108 2085 2422 2159 plumbum
2455 2089 2643 2146 calore
2675 2090 3030 2148 dissolutum
3064 2093 3134 2147 ad
3169 2092 3334 2148 littus
3366 2110 3556 2165 usque

1907 2175 2270 2248 SOphianum
2321 2179 2581 2234 deﬂuxit.
2631 2180 2911 2236 Caeterum
2955 2180 3172 2237 ibidem
3215 2181 3275 2237 in
3327 2183 3554 2255 porticu

1909 2263 2176 2322 Perdices
2206 2284 2364 2323 mrem
2391 2268 2754 2325 visebantur.

2016 2374 2090 2430 De
2118 2374 2176 2430 S.
2208 2374 2476 2433 Michaele
2504 2377 2845 2447 archangelo
2870 2393 3039 2451 prope
3065 2379 3123 2433 S.
3145 2377 3448 2435 lulianum.

1978 2533 2263 2589 Similiter
2289 2537 2347 2590 et
2375 2534 2557 2590 eadem
2589 2539 2647 2590 S.
2681 2535 2983 2593 Michaelis
3028 2536 3397 2607 archangelo,
3433 2554 3561 2610 qum

1909 2627 2003 2677 est
2028 2624 2205 2695 juxta
2236 2624 2295 2679 S.
2324 2623 2651 2693 Julianum,
2683 2625 3030 2682 Anastasius
3054 2626 3295 2682 Dicorus
3333 2630 3565 2682 exstru-

1905 2712 2011 2780 xit,
2036 2728 2165 2767 cum
2187 2713 2503 2785 Dyrrachio
2526 2713 2583 2769 in
2609 2715 2815 2769 urbem
2845 2715 3123 2771 venisset.
3147 2716 3401 2785 Etenim,
3426 2732 3559 2771 cum

1908 2818 2053 2874 puer
2082 2807 2257 2871 esset,
2292 2803 2369 2857 ibi
2403 2803 2677 2859 habitans
2709 2802 2931 2860 litteras
2964 2804 3189 2861 didicit.

2327 2895 2403 2949 De
2426 2895 2661 2966 palatiis
2699 2893 3135 2949 Eleutherianis.

1981 2979 2203 3037 Palatia
2233 2980 2648 3038 Eleutheriana
2678 2986 2734 3037 et
2777 2981 3010 3037 officina
3056 2982 3220 3038 Irene
3252 2998 3372 3037 una
3419 2997 3555 3038 cum

1906 3070 2290 3127 Constantino
2349 3087 2454 3127 suo
2515 3071 2632 3126 filio
2699 3069 3028 3125 aedificavit.
3090 3070 3555 3143 Hippodromum

1907 3176 2065 3230 vero,
2095 3159 2190 3231 qui
2252 3158 2405 3216 inter
2451 3160 2767 3216 Eleutherii
2819 3158 3041 3233 palatia
3087 3164 3144 3215 et
3200 3159 3557 3216 Amastriani

1911 3254 2164 3306 tractum
2198 3267 2231 3305 a
2265 3249 2592 3305 Theodosio
2623 3249 2834 3322 Magno
2865 3253 3197 3305 exstructus
3230 3248 3362 3321 fuit,
3397 3249 3561 3305 Irene

1912 3343 2113 3412 postea
2143 3339 2366 3394 evertit.

2158 3432 2242 3483 De
2282 3429 2513 3483 Ecclesia
2544 3427 2599 3483 S.
2632 3428 3071 3484 Panteleemonr's
3101 3428 3313 3499 Magni.

1981 3517 2240 3574 Ecclesia
2269 3517 2328 3573 S.
2375 3516 2844 3573 Panteleemonis
2893 3518 3131 3573 condita
3186 3520 3276 3573 est
3305 3534 3339 3572 a
3370 3517 3560 3572 Theo-

1910 3609 2069 3675 dora,
2102 3606 2416 3663 Justiniani
2466 3607 2661 3678 Magni
2695 3623 2911 3673 uxore;
2962 3605 3238 3677 quoniam
3270 3623 3338 3662 ex
3367 3606 3561 3677 Paph-

1910 3697 2140 3769 lagonia
2191 3712 2325 3752 cum
2375 3695 2650 3764 venisset,
2684 3695 2766 3750 ibi
2797 3695 2854 3749 in
2890 3696 3113 3766 porticu
3156 3695 3422 3767 degebat,
3455 3712 3558 3750 ceu

1912 3789 2267 3863 paupercula
2295 3789 2514 3845 victum
2547 3788 2659 3843 sibi
2691 3805 2758 3844 ex
2789 3787 3044 3843 laniﬁcio
3075 3787 3415 3860 quaeritans.
3448 3789 3559 3843 Sed

1911 3881 2012 3937 ubi
2043 3880 2114 3935 ad
2162 3878 2479 3952 imperium
2527 3877 2812 3950 pervenit,
2844 3877 3063 3933 ibidem
3108 3876 3395 3950 templum
3427 3893 3560 3933 exs-

1910 3971 2116 4025 truxit.

2456 4039 2532 4095 De
2561 4038 2786 4095 Claudii
2809 4045 3008 4095 tractu.

1983 4129 2208 4186 Claudii
2243 4132 2485 4195 tractus,
2541 4129 2751 4184 domus
2795 4132 2921 4183 erat
2967 4125 3191 4182 Claudii
3242 4125 3474 4199 patricii
3505 4128 3565 4181 et

1912 4220 2239 4293 quaestoris,
2291 4222 2550 4289 tempore
2598 4215 2862 4273 Basilisci
2911 4214 3325 4289 imperatoris;
3376 4214 3565 4288 quiet

1912 4307 2199 4384 palatium
2232 4307 2351 4365 illic
2380 4307 2708 4364 aediﬁcavit.

2448 4398 2523 4453 De
2550 4401 2731 4453 tractu
2760 4396 3026 4452 Narsetis.

1979 4486 2237 4543 Narsetis
2288 4489 2531 4553 tractus,
2562 4486 2774 4541 domus
2805 4490 2929 4541 erat
2958 4484 3220 4541 Narsetis
3252 4482 3479 4554 patricii
3510 4487 3567 4539 et

1911 4577 2229 4648 praepositi,
2262 4575 2542 4640 eunuchi,
2600 4579 2863 4646 tempore
2918 4574 3141 4631 Justini
3196 4577 3255 4628 et
3309 4572 3560 4645 Sophim.

138 4660 234 4717 καὶ
295 4660 520 4739 Σοφίας.
573 4662 694 4717 Τῶν
749 4657 807 4716 δὲ
879 4659 1099 4733 ξενῶνα,
1133 4658 1223 4714 καὶ
1280 4658 1342 4713 τὸ
1400 4661 1796 4733 γηροκομεῖον,

1927 4664 2353 4721 Kenodocbium
2412 4667 2634 4734 autem,
2678 4663 3076 4735 gerocomium
3138 4667 3195 4718 et
3251 4660 3565 4717 ecclesiam

138 4751 243 4805 καὶ
292 4750 391 4818 τήν
444 4748 732 4819 ἐκκλησίαν
786 4750 1070 4823 ἀνήγειρεν
1132 4747 1159 4802 6
1218 4746 1402 4815 αὐτὸς,
1432 4747 1521 4801 καὶ
1569 4746 1635 4800 τὰ
1667 4744 1801 4821 μὲχι

140 4844 247 4895 τοῦ
278 4834 625 4917 Ὀξυὸαφίου,
655 4838 748 4894 καὶ
777 4859 871 4893 τον
902 4839 1093 4913 ’Λγιον
1125 4831 1360 4914 Πρόϐον.

631 4998 763 5076 Περὶ
791 5003 888 5054 τοῦ
916 4996 1095 5075 Ἀγίου
1126 5003 1316 5071 Θωμᾶ.

223 5089 349 5146 Ὀτι
390 5087 459 5143 τὰ
499 5086 774 5163 Ἀμάντου
819 5086 1151 5161 καλούμενα,
1196 5088 1344 5152 οἶκος
1392 5087 1459 5156 ἧν
1508 5085 1805 5162 μαγίστρου

142 5177 301 5241 τινὸς
379 5176 654 5251 Ἀμάντου
714 5179 1236 5253 παρακοιμωμένου,
1296 5175 1349 5231 ἐν
1407 5181 1526 5238 τοῖς
1582 5176 1804 5252 χρόνοις

139 5271 247 5325 τοῦ
309 5265 538 5342 Δικόρου
592 5269 740 5330 ὅστις
799 5263 973 5322 ἔκτισε
1014 5267 1106 5321 τὸν
1157 5270 1344 5343 ’Ἄγιον
1393 5272 1591 5338 Θωμᾶν
1629 5285 1642 5298 ο
1704 5265 1801 5339 ἐμ-

144 5356 491 5429 πρησθέντος
529 5353 607 5421 δὲ,
641 5357 791 5411 Λέων
821 5357 850 5410 ὁ
882 5356 997 5418 υίὸς
1029 5355 1314 5413 Βασιλείου
1351 5360 1449 5411 τοῦ
1492 5352 1801 5417 Μακεδόνος

145 5444 481 5503 ἀνεκαίνισεν
515 5445 675 5501 αὐτόν
686 5490 698 5502 .

618 5534 750 5611 Περὶ
787 5536 850 5591 τὸ
890 5533 1337 5608 Χρυσοκάμαρον.

215 5624 295 5679 T6
381 5620 439 5678 δὶ
493 5624 945 5700 Χρυσοκάμαρον,
1028 5619 1243 5679 ὄπισθεν
1322 5628 1421 5678 τοῦ
1490 5621 1803 5696 Μυρελαίου

147 5710 357 5784 ζώδιον
383 5710 573 5769 ’ίστατο
600 5718 865 5790 χρυσοῦν,
915 5710 1005 5768 διὰ
1040 5716 1205 5767 τοῦτο
1254 5710 1461 5783 ἐκλήθη
1516 5712 1803 5789 Χρυσοκά-

154 5822 356 5878 μαρον.
415 5803 572 5876 Παρᾶ
628 5800 685 5859 δὲ
751 5823 913 5859 τινων
995 5800 1241 5858 κλεπτῶν
1297 5799 1348 5856 ἐν
1405 5806 1524 5864 τοῖς
1580 5801 1803 5879 χρόνοις

1911 4754 2063 4809 idem
2094 4754 2220 4825 ipse
2250 4752 2515 4808 condidit
2550 4756 2608 4807 et
2639 4768 3004 4825 quaecunque
3034 4753 3104 4807 ad
3151 4751 3343 4807 locum
3374 4768 3563 4823 usque

1911 4842 2236 4915 Oxybaphii
2287 4845 2689 4914 nuncupatum
2735 4842 3047 4911 visuntur;
3093 4842 3353 4914 itemque
3384 4842 3563 4897 Sanc-

1910 4936 2039 4987 tum
2073 4932 2345 4987 Probum.

2456 5003 2529 5057 De
2554 5001 2753 5057 Sancto
2784 5003 3005 5059 Thema.

1985 5092 2212 5147 Amanti
2258 5095 2503 5161 tractus,
2537 5090 2751 5146 domus
2798 5096 2922 5146 erat
2973 5092 3204 5147 Amanli
3255 5092 3564 5162 cujusdam

1915 5180 2183 5254 magistri
2215 5184 2272 5235 et
2302 5179 2655 5235 accubitoris
2701 5179 2811 5234 sub
2842 5179 3152 5235 Anastasio
3185 5180 3430 5248 Dicoro;
3466 5182 3567 5252 qui

1912 5269 2221 5327 ecclesiam
2269 5271 2322 5325 S.
2357 5270 2593 5324 Thomas
2638 5267 2968 5338 aediﬁcavit,
3014 5284 3186 5338 quam
3240 5273 3445 5339 postea
3475 5272 3567 5325 in-

1914 5360 2121 5415 cendio
2171 5362 2585 5429 consumptam
2637 5358 2747 5413 Leo
2800 5356 2954 5412 filius
2985 5355 3186 5411 Basilii
3233 5357 3567 5414 Macedonis

1912 5449 2284 5503 restauravit.

2455 5542 2538 5592 De
2571 5536 3015 5609 Chrysocamera.

1988 5629 2046 5682 In
2079 5626 2535 5698 Chrysocamera
2567 5643 2716 5697 pone
2748 5623 3105 5696 Myrelmum,
3137 5621 3275 5678 olim
3328 5620 3564 5694 signum

1915 5733 2158 5773 aureum
2200 5716 2540 5785 visebatur;
2575 5715 2791 5771 idcirco
2849 5715 3306 5785 Chrysocamera
3338 5727 3563 5767 nuncu-

1918 5811 2054 5880 pata
2084 5810 2190 5862 est.
2223 5805 2341 5861 Hoc
2372 5808 2568 5861 autem
2601 5804 2837 5876 signum
2869 5821 2902 5859 a
2934 5800 3289 5875 quihusdam
3318 5799 3563 5859 latroni-
