4056 6346
548 426 706 485 1263

1494 417 1888 479 APPENDIX
1929 419 2033 477 AD
2079 415 2539 479 MICHAELEM
2587 417 2974 481 PSELLUM.

3831 429 3966 490 1264

542 558 654 611 bus
686 554 1036 610 suil'uratum
1072 556 1163 606 est
1191 554 1449 622 tempore
1480 551 1679 606 Bardte
1712 549 1977 617 Cmaaris,
2012 564 2189 603 avun-

2315 543 2487 621 Βάρδα
2537 547 2821 623 Καίσαρος,
2852 546 2948 604 τοῧ
2997 549 3144 613 θείου
3198 553 3457 629 Μιχαὴλ,
3519 556 3646 611 υἱοῦ
3693 561 3804 613 τοῦ
3854 564 3970 614 6m-

542 645 657 702 culi
691 641 1015 708 Michaelis,
1046 639 1150 695 filii
1182 639 1515 711 Theophili.

1176 757 1250 811 De
1279 754 1578 811 Psarelaeo.

616 848 969 905 Psarelazum
1004 844 1495 901 monasteriorum
1528 859 1662 899 cum
1714 846 1885 898 antea
1923 846 2079 897 esset
2107 857 2201 895 vo-

547 940 791 996 cabatur
848 934 1221 1008 Myrelaaum;
1256 934 1571 1004 imperator
1626 934 1783 987 enim
1844 932 1939 987 cui
1993 935 2198 986 notum

546 1033 670 1084 erat
702 1042 938 1095 nomen,
970 1024 1155 1080 voluit
1179 1028 1243 1079 ut
1274 1022 1622 1078 Psarelaeum
1656 1020 2196 1093 appellaretur.Mo-

544 1116 715 1171 nachi
790 1131 923 1169 vero
985 1132 1018 1167 a
1084 1112 1464 1167 Constantino
1539 1112 1902 1183 C0pronymo
1981 1108 2200 1180 injuria

543 1205 729 1262 οπεοιί
764 1204 901 1259 inde
933 1202 1339 1276 profugerunt.

719 1322 793 1376 De
818 1324 984 1392 porta
1012 1335 1109 1375 seu
1132 1325 1313 1373 tractu
1345 1317 1667 1388 cognomine
1701 1316 2017 1371 Psamatha.

616 1428 679 1483 In
717 1432 884 1500 porta
913 1443 1012 1481 seu
1064 1429 1253 1480 tractu
1290 1423 1603 1479 Psamatha
1651 1423 2022 1494 cognomine,
2067 1422 2197 1477 ido-

544 1517 669 1572 lum
727 1516 940 1581 stabat,
1001 1514 1154 1585 quod
1202 1513 1441 1583 quidam
1500 1511 1738 1583 gentilis
1810 1510 2058 1579 colebat,
2105 1510 2196 1564 cui

542 1603 859 1660 Christiani
890 1603 1180 1665 dicebant,
1218 1601 1445 1656 Idolum
1481 1602 1633 1672 quod
1669 1617 1774 1655 ceu
1816 1600 1996 1655 Deum
2030 1598 2196 1668 colis,

542 1695 688 1749 deus
724 1692 901 1748 falsus
949 1696 1006 1746 et
1053 1691 1373 1745 ementitus
1406 1696 1516 1757 est,
1566 1706 1630 1743 ac
1664 1706 1731 1743 ex
1763 1705 1827 1742 eo
1878 1688 2040 1743 locus
2089 1689 2198 1742 iste

540 1782 623 1837 ita
650 1780 1100 1853 cognominatus
1132 1783 1241 1835 est.
1274 1780 1555 1833 Caeterum
1584 1777 1703 1831 haec
1735 1782 1900 1847 porta
1931 1778 2086 1832 dicta
2108 1781 2198 1831 est

542 1872 776 1939 Quinta,
810 1888 876 1927 eo
906 1870 1059 1939 quod
1095 1884 1337 1924 numero
1368 1867 1573 1935 quinta
1604 1867 1701 1922 sit.

679 1990 754 2041 De
779 1986 1014 2058 palatiis
1046 2000 1162 2055 qua:
1194 1985 1255 2038 in
1282 1987 1461 2037 tractu
1484 1982 1779 2037 Psamatha
1812 1986 2056 2037 exstant.

623 2092 839 2148 Palatia
887 2096 1083 2147 autem
1115 2096 1171 2145 et
1200 2088 1597 2161 gerocomium
1647 2090 1703 2143 in
1732 2093 1923 2144 tractu
1956 2090 2195 2144 Psama-

549 2181 651 2237 tba
710 2182 885 2248 dicto,
945 2180 1235 2235 exstruxit
1289 2182 1344 2234 S.
1407 2176 1625 2234 Helena
1677 2197 1691 2248 ;
1747 2178 2079 2249 pariterque
2132 2178 2191 2232 S.

544 2271 913 2325 Theodorum
971 2268 1194 2325 Claudii
1254 2274 1682 2339 nuncupatum.
1742 2267 2011 2323 Urbicius
2063 2283 2193 2322 vero

542 2366 853 2417 structura
900 2361 1209 2433 praefectus
1241 2358 1505 2413 condidit
1548 2358 1836 2430 templum
1887 2359 1945 2413 S.
1978 2356 2195 2413 Juliani

540 2451 794 2523 propriis
826 2450 1184 2522 sumptibus.
1220 2447 1440 2503 Ibidem
1474 2454 1640 2503 erant
1676 2452 1867 2503 castra
1901 2447 2194 2502 Romano-

539 2557 697 2596 rum.

1022 2630 1093 2684 Dc
1123 2635 1283 2697 porta
1312 2631 1369 2685 S.
1399 2628 1713 2684 Aimiliani.

613 2721 779 2773 Porta
832 2718 890 2773 S.
944 2717 1233 2773 )Emiliani
1278 2734 1491 2774 nomen
1553 2716 1778 2788 accepit
1836 2731 1870 2770 α
1930 2715 2193 2787 proximo

534 2806 755 2878 templo
788 2807 845 2862 S.
879 2806 1194 2871 Emiliani,
1224 2808 1379 2878 quod
1416 2806 1581 2877 prius
1633 2822 1879 2876 parvum
1912 2809 2037 2859 erat
2062 2821 2193 2858 ora-

534 2896 777 2950 torium.
807 2897 954 2952 Cum
1006 2900 1203 2950 autem
1237 2895 1451 2967 Moysis
1495 2895 1662 2965 virga
1708 2894 2033 2963 aﬂ'erretur,
2063 2908 2193 2948 eam

538 2984 649 3039 hoc
682 2984 805 3039 loco
855 2985 1081 3055 excepit
1124 2984 1545 3039 Constantinus
1595 2983 1862 3051 Magnus,
1895 2987 1949 3037 et
1979 2984 2033 3035 S.
2068 2982 2196 3036 Dei-

538 3089 689 3143 para:
722 3072 1029 3127 ecclesiam
1070 3072 1358 3127 exstruxit
1383 3089 1395 3140 ;
1421 3077 1476 3127 et
1510 3072 1594 3125 sic
1616 3071 1777 3125 locus
1800 3070 1896 3127 ille
1929 3069 2192 3143 appella-

538 3165 638 3215 tus
693 3160 801 3215 fuit
830 3160 1106 3215 Rhabdos
1158 3176 1259 3215 seu
1292 3161 1472 3232 virga.
1511 3161 1790 3215 Prasterea
1820 3164 1876 3214 et
1916 3175 2190 3231 magnam

538 3248 845 3304 ecclesiam
878 3250 934 3303 S.
972 3248 1265 3303 zEmiliani
1306 3248 1611 3303 mdiﬁcavit
1642 3264 1655 3300 :
1692 3249 1901 3303 deinde
1930 3264 2063 3304 vero
2094 3265 2191 3303 sa-

535 3354 694 3393 cram
722 3336 884 3393 illam
914 3337 1137 3409 virgam
1170 3337 1227 3392 in
1264 3337 1544 3410 palatium
1575 3336 1900 3392 transtulit.

918 3455 994 3509 De
1020 3455 1274 3509 cisternis
1304 3462 1355 3509 et
1382 3453 1445 3509 de
1474 3453 1821 3525 aquaeduclu.

604 3562 1035 3633 Aquaeductum
1069 3561 1395 3633 ingentium
1429 3576 1696 3629 arcuum,
1728 3576 1828 3615 seu
1887 3559 1943 3614 in
1976 3558 2185 3614 coelum

535 3667 725 3723 usque
757 3649 951 3706 educti
986 3648 1252 3715 fornices,
1292 3667 1324 3704 a
1354 3648 1612 3715 Valente,
1646 3648 1729 3703 uti
1764 3664 1917 3703 nunc
1950 3647 2187 3719 conspi-

534 3741 794 3804 ciuntur,
842 3737 1124 3794 exstructi
1170 3742 1328 3793 sunt.
1378 3739 1462 3792 Ad
1514 3737 1838 3793 Cisternam
1890 3736 2039 3793 Aetii
2089 3754 2187 3792 co-

536 3828 959 3899 gnominatam,
994 3844 1171 3899 quam
1205 3827 1402 3882 Aetius
1433 3827 1736 3893 exstruxit,
1770 3830 1967 3881 statua
1998 3826 2187 3899 ipsius

534 3917 688 3973 Aetii
729 3920 922 3973 erecta
952 3921 1096 3972 erat.

1059 4035 1131 4087 De
1158 4032 1384 4104 Asparis
1413 4033 1667 4087 cisterna.

602 4120 843 4194 Asparis
895 4122 1209 4177 cisternam
1260 4126 1508 4193 Aspares
1538 4125 1595 4176 et
1644 4120 2013 4177 Ardaburius
2066 4138 2187 4178 exs-

530 4215 785 4273 truxere,
820 4215 1082 4281 tempore
1115 4211 1324 4266 Leonis
1356 4209 1572 4281 Magni.
1606 4210 1730 4273 Qua
1761 4210 2029 4266 absoluta
2059 4229 2185 4267 am-

530 4299 604 4353 bo
638 4298 783 4352 inibi
830 4297 1121 4352 interfecti
1156 4303 1294 4351 sunt
1344 4297 1416 4351 ab
1446 4298 1647 4352 eodem
1696 4297 2086 4369 imperatore;
2121 4316 2186 4354 eo

532 4388 686 4458 quod
720 4387 1127 4456 conjurationc
1178 4402 1310 4439 cum
1346 4385 1560 4457 populo
1615 4386 1781 4453 inita,
1834 4387 2080 4443 Leonem
2114 4390 2185 4444 ab

530 4475 773 4544 imperio
822 4474 1029 4543 ejicere
1081 4479 1435 4541 statuerant,
1468 4473 1580 4528 nisi
1630 4475 1700 4530 de
1745 4475 2039 4532 industria
2086 4494 2187 4533 eos

508 4559 664 4618 idolo
698 4562 1039 4618 sustulisset
1072 4564 1409 4633 imperator.
1441 4564 1725 4619 Caeterum
1759 4565 1970 4620 domus
2000 4569 2185 4638 Aspa-

2310 634 2495 712 φίλου,
2529 635 2763 708 ὲκλάπη.

2833 756 2962 830 ΙῙερι
2992 757 3059 810 τά
3088 757 3400 831 Ψαρελαίου
3413 802 3427 817 .

2381 841 2463 897 Τὰ
2494 841 2804 917 Φαρελαίου
2834 843 3096 918 πρότερον
3144 846 3391 903 ἰκαΑεῖτο
3441 849 3799 924 Μυρὲλαιον,
3840 858 3971 924 μονή

2310 934 2462 987 οὖσα.
2500 932 2597 987 Καὶ
2630 932 2898 1007 γνωρίσας
2947 935 3079 989 αὑτὸ
3122 931 3297 1009 ὄνομα
3345 939 3588 995 ἀντεῖπεν
3625 942 3653 995 6
3689 941 3974 1017 βασιλεὺς,

2302 1017 2393 1073 ’ίνα
2424 1019 2593 1095 ἀκούῃ
2624 1019 2933 1098 Ψαρὲλαιον
2970 1042 2981 1055 ⁸
3034 1024 3173 1079 ὅπου
3221 1020 3467 1103 ἐνύϐριζε
3512 1028 3642 1092 τοὺς
3692 1032 3974 1107 μοναχῶς

2309 1108 2336 1163 ὁ
2370 1110 2763 1185 Κοπρώνυμος,
2793 1112 2880 1166 καὶ
2916 1107 3107 1188 ἔφυγον
3141 1113 3367 1177 ἐκεῖθεν.

2859 1345 2988 1421 Περὶ
3020 1351 3114 1401 τοῦ
3148 1351 3405 1423 Ψαμαθᾶ.

2377 1455 2591 1509 Ἵστατο
2624 1449 2681 1507 δὲ
2712 1451 2791 1515 είς
2835 1453 2927 1507 τὸν
2969 1456 3237 1527 Ψαμαθὰν
3298 1454 3553 1531 εῗδωλον,
3583 1460 3678 1513 καί
3740 1480 3838 1523 τις
3878 1465 3972 1513 τῶν

2308 1538 2730 1616 εἶδωλολατρῶν
2790 1536 3001 1596 ἐσέϐετο
3080 1542 3231 1599 αὐτό.
3316 1543 3543 1620 Ἔλεγον
3596 1543 3655 1601 δί
3726 1547 3892 1620 αὐτῷ
3932 1542 3973 1601 εἳ

2308 1627 2613 1700 ὸρθόδοξοι,
2664 1628 2746 1685 ὅτι
2797 1633 2866 1684 Τὸ
2926 1628 3182 1701 εἷ’δωλον,
3214 1633 3244 1687 ὃ
3294 1628 3423 1708 σέὅῃ
3476 1635 3551 1696 ὡς
3604 1636 3754 1709 θεὸν⁹
3812 1640 3976 1710 ψεμα⁹

2304 1718 2451 1782 τινός
2478 1717 2588 1773 ἐστι
2623 1737 2635 1748 ’
2692 1719 2781 1773 καὶ
2830 1719 3222 1796 ὖτομολογήθη
3276 1723 3304 1776 6
3352 1723 3521 1787 τόπος
3568 1722 3778 1788 οὕτως.
3829 1727 3896 1783 Ἡ
3930 1723 3976 1780 δὲ

2307 1808 2537 1881 Πέμπτη
2589 1808 2764 1884 πόρτα
2819 1808 3053 1881 ἐκλήθη,
3114 1807 3203 1865 διὰ
3259 1813 3320 1866 τὸ
3373 1813 3509 1867 εἶναι
3564 1815 3682 1869 κατ’
3734 1815 3977 1889 ἄριθμὸγ

2224 1916 2271 1980 Β
2300 1907 2579 1981 πέμπτην.

2705 1997 2835 2073 Ηερὶ
2864 2002 2971 2052 τῶν
3016 1996 3069 2052 ἂν
3102 1997 3249 2071 αὐτῷ
3272 1998 3575 2057 παλατίων.

2376 2101 2554 2159 Ἀλλὰ
2590 2105 2678 2159 καὶ
2737 2102 2997 2175 παλάτια,
3044 2106 3132 2159 καὶ
3192 2105 3255 2161 τὸ
3316 2111 3731 2181 Γηροκομεῖον,
3790 2108 3867 2163 τά
3918 2110 3981 2167 εἷς

2301 2193 2369 2249 τά
2417 2194 2657 2266 Ψαμαθὰ
2704 2196 2739 2263 ἡ
2794 2192 2922 2268 ἁγία
2968 2192 3159 2264 Ἑλένη
3220 2195 3501 2270 ἀνήγειρεν
3539 2214 3553 2228 ⁸
3620 2197 3848 2268 ὁμοίως
3900 2189 3978 2250 κειἱ

2303 2280 2394 2337 τὸν
2427 2285 2618 2357 ’Ἁγιον
2668 2279 2949 2359 θεόδωρον
2999 2285 3090 2337 τὸν
3139 2281 3441 2340 Κλαυδίου.
3485 2286 3550 2342 Ἠ
3610 2280 3979 2361 Ονόρὸίκιοςὲ

2304 2374 2707 2444 παριστάμενος
2767 2372 2842 2433 εἱς
2915 2373 2981 2425 τὰ
3056 2372 3325 2445 κτίσματα
3390 2374 3645 2450 ἀνήγειρε
3731 2374 3836 2428 καὶ
3902 2376 3977 2428 τὸν

2304 2464 2492 2537 ’Ἁγιον
2526 2459 2822 2517 Ἰουλιανὸν
2869 2460 2919 2532 ἆξ
2964 2461 3177 2516 οἰκείων
3230 2459 3445 2535 ἐξόδων,
3498 2462 3549 2517 ἐν
3601 2464 3648 2535 ᾧ
3700 2462 3977 2540 ἐτύγχανε

2306 2547 2560 2622 ἄπληκτά
2588 2555 2695 2606 τῶν
2726 2549 3016 2623 Ῥωμαίων
3028 2594 3041 2609 .

2536 2640 2663 2713 Περὶ
2689 2646 2789 2708 τῆς
2820 2635 3028 2715 πόρτης
3054 2640 3151 2695 τοῦ
3184 2640 3342 2714 ἁγίου
3367 2638 3731 2712 Αἰμιλιανοῦ.

2374 2730 2437 2786 Ἠ
2467 2728 2779 2802 καλουμένη
2814 2732 2910 2783 τοῦ
2958 2727 3112 2803 ἁγίου
3166 2727 3498 2802 Αἰμιλιανοῦ
3546 2731 3727 2806 πόρτα
3789 2729 3972 2791 οὕτως

2306 2817 2538 2889 εκλήθη,
2594 2815 2682 2872 διὰ
2729 2820 2790 2873 τὸ
2839 2819 2971 2872 εἶναι
3034 2816 3267 2887 πλησίον
3318 2823 3414 2873 τοῦ
3474 2823 3604 2873 ναοῦ
3653 2824 3753 2873 τοῦ
3812 2821 3961 2894 ἁγίου

2303 2905 2656 2979 Αἰμιλιανοῦ,
2688 2907 2747 2968 ός
2797 2907 3061 2981 πρότερον
3117 2908 3211 2979 μὲν
3258 2908 3324 2977 ἦν
3376 2906 3662 2983 εὐκτήριον
3716 2930 3924 2984 μικρον
3956 2930 3968 2943 ’

2303 2994 2428 3050 ἀλλ’
2460 2995 2549 3049 ὅτε
2579 2991 2729 3071 ἤχθη
2761 3000 2856 3049 τοῦ
2907 2993 3147 3057 Μωσέως
3199 2998 3234 3065 ἡ
3286 2991 3507 3072 ῥάϐδος,
3542 2994 3759 3067 ἐδέξατο
3799 2998 3968 3065 αὐτήν

2302 3082 2476 3138 ἐκεῖσε
2534 3084 2561 3137 6
2618 3084 2798 3160 Μέγας
2870 3089 3297 3154 Κωνσταντῖνος,
3362 3086 3450 3139 καὶ
3528 3085 3794 3161 ἀνήγειρε
3854 3088 3967 3140 ναὸν

2300 3180 2400 3243 τῆς
2446 3172 2734 3245 Θεοτόκου,
2765 3173 2854 3227 καὶ
2909 3173 3083 3237 οὕτως
3140 3173 3432 3247 ὠνομάσθη
3498 3176 3525 3228 6
3578 3174 3752 3237 τόπος
3818 3171 3967 3229 ’ράεο

2222 3283 2265 3350 C
2304 3258 2415 3323 ὃος.
2476 3263 2755 3350 ξᾼνήγειρε
2789 3259 2847 3317 δὲ
2876 3261 2964 3316 καὶ
3012 3262 3103 3317 τὸν
3149 3265 3336 3350 ’Ἅγιον
3380 3261 3713 3334 Αίμιλιανὸτι
3748 3264 3921 3339 μίγα»
3952 3286 3963 3297 ·

2303 3350 2395 3405 εἶθ’
2439 3348 2612 3413 οὕτως
2655 3351 2808 3429 ἔφερε
2853 3354 2953 3421 τήν
3006 3351 3155 3427 ἁγίαν
3208 3346 3408 3427 ῥάϐδον
3452 3351 3503 3406 ἐν
3553 3356 3634 3425 τῷ
3679 3351 3958 3423 παλατὶῳ.

2469 3475 2597 3551 Περὶ
2619 3480 2725 3531 τῶν
2759 3481 3101 3552 κινστερνῶν,
3134 3477 3221 3531 καὶ
3256 3475 3379 3550 περὶ
3409 3479 3507 3530 τοῦ
3538 3476 3788 3551 ἆγωγοῦ.

2368 3585 2491 3639 Ὀτι
2523 3584 2551 3638 ὁ
2592 3584 2805 3660 ἀγωγὸς
2835 3589 2943 3639 τῶν
3000 3583 3254 3659 μεγάλων
3285 3580 3512 3657 ἀψίδων,
3540 3579 3667 3651 ἤτοι
3702 3583 3759 3635 αἱ
3797 3582 3956 3656 0593'-

2294 3694 2402 3727 νιαι
2461 3674 2703 3748 καμάραι
2758 3674 2859 3728 ὑπὸ
2923 3671 3225 3734 Οὐάλεντος
3283 3671 3628 3741 ἐκτίσθησαν,
3685 3671 3764 3734 ὡς
3827 3673 3954 3747 ὁρᾶ-

2296 3783 2409 3820 ται.
2478 3762 2633 3817 Καὶέν
2694 3760 2810 3818 ἐνδὶ
2865 3761 3175 3837 καλουμίνῃ
3225 3766 3323 3817 τοῦ
3373 3760 3584 3818 Ἀετίου
3629 3762 3947 3836 κινστὲρνη,

2296 3849 2419 3920 ἥτις
2476 3851 2565 3906 ὑπ’
2622 3851 2789 3907 αὐτοῦ
2866 3850 3103 3922 ἐκτίσθη,
3184 3852 3273 3906 καὶ
3345 3849 3523 3921 στήλη
3605 3847 3800 3906 ἵστατο
3864 3856 3949 3907 τοῦ

2300 3940 2486 3997 αὐτοῦ.

2764 4030 2893 4107 Περὶ
2925 4034 3027 4096 τῆς
3056 4034 3154 4086 τοῦ
3182 4031 3480 4104 νΑσιταρος.

2368 4120 2428 4177 ἹΙ
2463 4117 2521 4175 δε
2588 4118 2857 4195 λεγομένη
2918 4118 3192 4194 Ἀσπάρου
3258 4119 3535 4191 κινστὲρνα
3591 4117 3699 4171 ὑπὸ
3762 4119 3957 4177 ’Δσπά-

2298 4231 2398 4285 ρου
2456 4211 2542 4264 καὶ
2606 4205 2999 4285 Ἀρδοιϐουρίου
3070 4207 3311 4278 ἐκτίσθη,
3388 4207 3475 4262 ἰπὶ
3540 4211 3641 4261 τοῦ
3706 4208 3955 4283 Μεγάλου

2299 4299 2568 4361 Δέοντος³
2627 4301 2743 4353 καθ’
2794 4299 2859 4368 ἤν
2926 4298 3247 4374 ἀμφότεροι,
3325 4295 3724 4370 πληρωθείσης
3770 4298 3955 4365 αὐτῆς.

2299 4390 2624 4465 ἀνῃρέθησαν
2719 4389 2866 4464 παρὰ
2944 4392 3040 4443 τοῦ
3118 4387 3281 4441 αὐτοῦ
3368 4382 3662 4461 βασιλὲως,

2296 4473 2589 4534 ἐϐούλοντο
2626 4479 2760 4552 μετᾶ
2804 4477 2899 4534 τοῦ
2957 4475 3138 4551 δήμου
3187 4470 3541 4531 καταϐιϐάσαι
3596 4475 3819 4530 Λέοντα
3866 4482 3954 4541 τῆς

2301 4567 2595 4641 βασιλείας,
2639 4568 2683 4623 εί
2735 4570 2811 4641 μὴ
2861 4567 2911 4638 ἐξ
2955 4566 3240 4642 ἀγχινοίας
3280 4563 3436 4625 οὗτος
3483 4562 3722 4625 τούτους
3785 4562 3955 4619 ἀνεῖλε

3766 4386 3954 4443 οἵτινες

528 4653 609 4707 ris
670 4656 812 4720 erat,
874 4668 1051 4725 quam
1113 4651 1327 4708 deinde
1385 4652 1649 4724 possedit
1705 4653 1959 4710 Basilius
2016 4672 2186 4711 accu-

2315 4655 2461 4730 ἱὸλῳ.
2496 4659 2557 4714 Ὀ
2590 4656 2647 4712 δὲ
2698 4658 2842 4719 οἶκος
2892 4660 2986 4711 τοῦ
3038 4655 3310 4728 ’Δσπάρου
3356 4656 3444 4726 ἦν,
3491 4652 3653 4728 ὅνπερ
3712 4655 3838 4729 εἶχε
3867 4660 3958 4709 B1-

528 4742 703 4797 bitor.

1092 4832 1165 4887 De
1193 4833 1437 4887 cisterna
1469 4833 1623 4887 Boni.

595 4920 924 4977 Cisternam
975 4919 1119 4975 Boni
1166 4920 1473 4975 aedificavit
1499 4921 1693 4977 Bonus
1744 4923 2022 4992 patricius
2072 4925 2179 4982 Ro-

522 5027 619 5066 ma
641 5011 914 5078 rediens;
948 5024 1196 5079 eamque
1227 5009 1475 5065 cameris
1508 5010 1846 5081 cylindricis
1878 5014 2037 5068 texit.
2072 5015 2178 5069 Do-

520 5117 655 5157 mus
689 5105 884 5156 autem
917 5100 1045 5169 ejus
1079 5098 1295 5153 ibidem
1343 5103 1467 5155 erat
1498 5115 1513 5154 :
1549 5100 1889 5172 vivebatque
1920 5103 2030 5158 sub
2063 5104 2176 5160 He-

520 5188 700 5246 raclio
734 5190 1108 5261 imperatore.

1047 5304 1118 5357 De
1146 5304 1388 5358 cisterna
1416 5303 1655 5359 Mocisia.

590 5393 916 5449 Cisternam
961 5390 1263 5446 Mocisiam
1314 5392 1660 5447 Anastasius
1692 5392 1938 5452 Dicorus
1968 5400 2174 5455 condi-

515 5482 775 5538 dit.Cum
807 5498 940 5537 vero
988 5496 1115 5535 eam
1166 5486 1508 5550 exstrueret,
1546 5482 1603 5536 in
1651 5483 1793 5539 urbe
1824 5487 1976 5542 cives
2021 5490 2173 5545 fame

513 5575 570 5626 et
600 5570 695 5625 siti
726 5569 1089 5632 laborabant,
1122 5574 1185 5624 ut
1216 5586 1369 5624 unus
1399 5570 1633 5625 modius
1665 5570 1889 5644 integro
1924 5592 2169 5631 numero

2284 5015 2523 5080 ἀνελθὼν
2554 5018 2658 5072 ἀπὸ
2707 5016 2932 5089 Ῥώμης
2962 5033 2975 5047 ⁸

2286 5102 2456 5181 δρικῷ
2484 5104 2657 5178 θόλῳ.
2703 5111 2761 5163 Ὀ
2808 5102 2865 5160 δὶ
2915 5104 3065 5165 οἶκος
3124 5102 3289 5158 αὐτοῦ
3345 5100 3519 5157 ἐκεῖσε
3562 5101 3631 5169 ἦν
3667 5121 3680 5133 ο
3722 5104 3755 5159 6
3806 5103 3953 5158 αὐτὰ

2285 5192 2343 5249 δὲ
2372 5194 2438 5263 ἦν
2473 5194 2560 5249 ἰπὶ
2590 5192 2917 5270 Ἡρακλείου
2954 5191 3245 5269 βασιλέως.

2288 4746 2493 4809 σιλειος
2525 4748 2553 4801 6
2583 4747 3111 4821 παρακοιμώμενος.

2787 4835 2916 4911 Περὶ
2956 4838 3057 4900 τῆς
3095 4838 3197 4888 τοῦ
3230 4834 3435 4890 Βώνου.

2357 4928 2472 4996 Τὴν
2507 4924 2564 4982 δὲ
2595 4928 2783 4984 Βώνου
2831 4928 3142 4999 κινστὲρναν
3194 4919 3371 4979 ἔκτισε
3419 4926 3611 4985 Βῶνος
3641 4925 3951 5001 πατρίκιος,

3029 5014 3118 5069 καὶ
3177 5014 3463 5069 ἕσκὲπασεν
3514 5011 3708 5081 αὐτὴν
3772 5012 3955 5070 κυλιν-

2804 5309 2933 5383 Περί
2977 5309 3077 5376 τῆς
3108 5305 3414 5367 Μωκισίας.

2353 5401 2459 5469 Τὴν
2511 5396 2568 5453 δὲ
2619 5397 2897 5454 Μωκισίαν
2951 5393 3155 5451 ἔκτισεν
3209 5396 3559 5456 Ἀναστάσιος
3608 5395 3636 5449 6
3698 5397 3949 5473 Δίκορος.

2282 5490 2411 5546 ’Ότε
2442 5486 2499 5543 δὲ
2548 5488 2714 5557 αὐτὴν
2767 5484 2964 5557 ἔκτισε,
3014 5486 3197 5559 λεῖψις
3248 5486 3314 5553 ἦν
3349 5483 3399 5539 ἐν
3447 5487 3515 5558 τῇ
3547 5483 3714 5540 πόλει
3766 5485 3952 5546 ὕδατος

2282 5578 2371 5633 καὶ
2404 5579 2577 5647 σίτου,
2611 5578 2686 5641 ὡς
2728 5576 3126 5653 πιπράσκεσθαι
3183 5578 3281 5629 τοῦ
3329 5573 3480 5629 σίτου
3531 5570 3732 5647 μόδιον
3784 5576 3841 5631 ἓν
3884 5576 3947 5633 εἰς

514 5658 756 5713 veniret.
790 5659 1014 5713 Nomen
1047 5674 1179 5712 vero
1228 5659 1345 5713 hac
1397 5658 1653 5714 cisterna
1702 5661 1875 5718 habet
1923 5664 2170 5723 avicino

2315 5668 2649 5741 ὸνόμισμα.
2710 5664 2912 5724 Ἐλαϐε
2959 5664 3017 5722 δὶ
3080 5667 3177 5735 τήν
3242 5663 3500 5734 τοιαύτην
3569 5661 3947 5737 ἐπωνυμίανὴ

516 5745 739 5816 templo
769 5750 827 5802 8.
863 5744 1053 5802 Mocii.

2278 5758 2577 5835 κινστὲρνα,
2615 5756 2703 5816 διὰ
2731 5760 2792 5815 τὸ
2832 5758 3066 5832 πλησίον
3124 5760 3261 5813 εἶναι
3311 5758 3407 5809 τοῦ
3454 5753 3639 5827 Ἀγίου
3702 5758 3945 5814 lectica.
