4056 6346
144 379 312 439 1265

602 507 731 584 Περὶ
762 515 864 578 τῆς
888 513 986 564 τοῦ
1017 507 1335 581 Φιλοξένου.

215 596 315 660 El;
342 596 433 652 τὸν
463 597 642 672 Φόρον
673 597 911 668 πλησίον
945 597 1055 654 ἐστὶ
1098 599 1399 674 κινστέρνα,
1447 602 1511 671 ἣν
1563 597 1798 655 ἔκστισεν

139 687 170 740 ὂ
207 685 506 760 Φιλόξενος
535 687 563 741 ὁ
590 688 885 761 Ῥωμαῖος,
918 689 946 744 ὁ
977 683 1050 743 ὥν
1079 687 1140 744 ἐκ
1166 695 1273 745 τῶν
1300 692 1392 766 ιβ’.

140 793 279 866 Περὶ
309 799 409 863 τῆς
438 798 747 868 κινστέρνας
795 801 896 880 τῇς
951 794 1242 880 βασιλικῆς
1279 803 1378 868 τῆς
1414 796 1676 872 μεγάλης,
1707 796 1799 852 καὶ

788 887 855 925 τη
865 889 889 925 ς
939 888 1134 925 μικραί
1144 910 1158 925 ο

788 888 889 936 της
939 888 1158 942 μικρας.

214 955 277 1012 ἹΙ
323 953 590 1025 πλακωτή
628 955 887 1030 βασιλική
935 958 1237 1033 κινστὲρνα,
1289 957 1652 1034 Μαλακταρὲα
1706 960 1794 1027 ἦν,

135 1043 234 1099 ὅτε
263 1043 504 1115 ἐκτίζετο
555 1046 590 1114 ἡ
621 1045 778 1120 Ἀγία
824 1045 1016 1124 Σοφία·
1074 1047 1334 1110 ὡσαύτως
1372 1049 1462 1103 καὶ
1511 1049 1545 1119 ἡ
1593 1045 1794 1103 ἄνωθεν

133 1133 313 1204 αὐτῆς
371 1134 556 1209 στέγη,
611 1136 646 1204 ἡ
698 1131 1068 1211 Βασιλισκάρα
1107 1137 1512 1211 ὀνομαζομένη,
1539 1137 1630 1192 καὶ
1661 1136 1796 1203 αὐτῇ

130 1221 502 1297 Μαλακταρία
569 1222 835 1300 ἐτύγχανε
903 1229 1000 1280 τοῦ
1076 1222 1379 1297 δηλικάτου
1449 1233 1552 1297 τῆς
1607 1225 1796 1302 ⁶Δγίας

131 1310 370 1390 Σοφίας.

131 1417 270 1494 Περὶ
327 1421 436 1473 τῶν
520 1423 740 1495 πορτῶν
814 1426 916 1512 τῆς
984 1419 1228 1498 Χαρσίου
1305 1420 1396 1476 καὶ
1452 1429 1552 1493 τῆς
1611 1420 1794 1477 Ξυλο-

860 1513 1058 1551 κερκου
1067 1537 1080 1551 ο

860 1513 922 1548 κε
959 1513 1080 1551 κου.

207 1580 272 1635 Ἥ
308 1583 556 1654 Χαρσίου
608 1579 668 1635 ἐκ
713 1585 812 1636 τοῦ
855 1512 1096 1659 Χοῗρσίου
1136 1581 1540 1657 δευτερεύοντος
1597 1583 1794 1658 μὲρους

132 1667 372 1723 Βενὲτων
445 1669 656 1745 γέγονε.
724 1671 1074 1744 Ξυλόκερκος
1132 1670 1219 1746 [δὲ
1277 1671 1534 1746 ἐκλήθη],
1590 1671 1677 1727 διὰ
1731 1673 1794 1728 τὸ

131 1756 426 1834 εὖρηκὲναι
499 1759 669 1814 ἐκεῖσε
720 1757 908 1816 πολλὰ
963 1758 1131 1818 ὕδατα
1211 1761 1339 1826 τοὺς
1407 1760 1658 1838 τεχνίτας
1703 1761 1794 1817 καὶ

1277 379 1644 446 ANONYMI
1689 381 2270 454 ANTIQUITATES
2311 383 2431 446 ΟΡ.

1830 514 1885 580 Α

3404 383 3564 445 1266

2397 516 2471 570 De
2498 517 2735 571 cisterna
2767 512 3081 569 Philoxeni.

1985 602 2251 657 Proxime
2283 603 2474 658 forum
2507 603 2718 659 visitur
2746 603 3011 659 Cisterna
3043 605 3341 658 exstructa
3372 619 3405 659 a
3434 603 3564 660 Phi-

1908 689 2117 747 loxeno
2149 691 2432 763 Romano,
2467 693 2564 765 qui
2597 698 2723 749 erat
2756 709 2910 748 unus
2940 708 3008 747 ex
3037 691 3370 748 duodecim.

2135 799 2209 854 De
2241 799 2483 854 Basilica
2511 815 2716 883 magna
2744 800 3006 864 cisterna,
3038 801 3091 853 et
3120 798 3194 855 de
3230 798 3355 854 alia

2624 886 2858 927 minore.

1980 957 2230 1016 Basilica
2259 960 2517 1016 cisterna
2545 958 2845 1032 lapidibus
2876 962 3173 1014 constrata
3213 959 3564 1017 Malactarea

1908 1051 2052 1115 erat,
2083 1065 2196 1118 quo
2225 1053 2339 1104 tem
2353 1065 2488 1120 pore
2519 1049 2578 1104 S.
2616 1048 2835 1120 SOphia
2865 1048 3318 1104 construebatur
3349 1065 3363 1104 :
3395 1048 3562 1104 lacu-

1909 1153 2016 1191 nar
2071 1136 2210 1192 item
2272 1137 2576 1209 superius,
2636 1136 3077 1192 Basiliscarium
3133 1143 3560 1209 nuncupatum,

1909 1225 2256 1282 Malaclarea
2285 1232 2407 1282 erat
2435 1225 2668 1282 delicati
2702 1227 2759 1282 S.
2793 1226 3044 1298 Sophim.

2245 1426 2321 1481 De
2346 1429 2506 1496 porta
2537 1423 2780 1480 Charsz'az
2809 1427 2859 1480 et
2888 1425 3219 1496 Xylocercos.

1977 1517 2151 1570 Porta
2179 1514 2435 1571 Charsiae
2483 1518 2777 1570 exstructa
2819 1514 2932 1570 fuit
2979 1530 3012 1568 a
3056 1513 3297 1569 Charsia
3342 1529 3559 1569 secun-

1906 1603 2068 1659 dario
2104 1603 2370 1660 factionis
2400 1603 2652 1658 Venetae.
2677 1603 2851 1658 Porta
2879 1619 3013 1658 vero
3043 1601 3393 1675 Xylocercos
3421 1603 3558 1658 inde

1905 1693 2082 1762 dicta,
2111 1693 2265 1764 quod
2303 1692 2380 1746 ibi
2413 1691 2671 1748 artifices
2709 1708 2982 1763 magnam
3011 1709 3175 1763 aquae
3206 1691 3431 1764 capiam
3466 1691 3555 1746 in-

1903 1781 2190 1847 venerint,
2223 1785 2279 1836 et
2310 1779 2530 1837 multos
2577 1780 2804 1853 lapides
2837 1779 3188 1852 projecerint
3234 1780 3293 1836 in
3343 1780 3554 1835 funda-

135 1844 420 1954 πρλλοὺς⁹
461 1844 684 1954 ἔῤῥὶιψαν
743 1847 930 1954 λίθους
1003 1848 1092 1906 διὰ
1144 1851 1244 1920 τὴν
1294 1849 1638 1926 πλημμύραν
1685 1855 1792 1905 τῶν

1930 1875 2169 1926 nentum
2220 1871 2293 1925 ob
2343 1886 2633 1941 aquarum
2689 1869 3157 1938 inundationem,
3208 1867 3554 1924 fulcimenta

133 1932 348 1990 ὑδάτων
378 1937 456 1999 εἷς
499 1935 563 1992 16
613 1935 895 2012 Θεμὲλιον,
944 1939 1036 1995 καὶ
1080 1938 1336 2010 ἐποίησαν
1385 1939 1788 2016 παντουρώσεις

133 2023 321 2095 ξύλων
348 2023 601 2087 πολλων.

633 2116 764 2191 Περὶ
802 2117 865 2172 τὸ
914 2116 1282 2194 Πολόανδρον.

200 2208 268 2260 ’Π
299 2200 358 2258 δὶ
387 2201 736 2280 ΙῙολύανδρος
766 2204 1014 2262 καλεῖται
1065 2208 1261 2278 οὕτως,
1313 2205 1450 2264 διότι
1494 2209 1784 2280 ἡνώθησαν

1903 1958 2109 2015 multis
2138 1976 2205 2015 ex
2236 1958 2416 2031 lignis
2447 1962 2871 2032 supponentes.

2407 2138 2482 2193 De
2507 2141 2669 2210 porta
2697 2136 3034 2207 Polyandri.

1968 2228 2140 2282 Porta
2172 2227 2481 2300 Polyandri
2523 2227 2609 2282 sic
2639 2225 2873 2292 dicitur,
2907 2225 3061 2297 quod
3095 2226 3342 2294 utraque
3371 2220 3546 2278 factio

127 2291 308 2385 ἐκεῖσε
338 2292 617 2371 ἀμφότερα
642 2295 710 2350 τὰ
743 2297 881 2372 μέρη
911 2301 1019 2352 τῶν
1051 2295 1267 2371 δήμων,
1301 2297 1391 2354 ὅτε
1418 2297 1691 2368 ἐκτίζοντο
1719 2299 1787 2353 τὰ

1930 2316 1976 2371 bi
2009 2316 2394 2385 convenisset,
2428 2331 2561 2370 cum
2595 2313 2750 2369 muri
2778 2312 3222 2368 aediﬁcarentur.

123 2381 322 2459 τείχη.

601 2473 730 2550 Περὶ
768 2478 874 2530 τῶν
923 2476 1321 2553 μοναστηρίωψ

205 2571 317 2639 Τὴν
350 2572 520 2644 μονὴν
545 2575 654 2626 τῶν
700 2571 872 2648 ἁγίων
925 2576 1142 2650 Κάρπου
1170 2575 1260 2630 καί
1289 2575 1550 2632 Παπόλου
1593 2579 1628 2647 ἡ
1663 2577 1788 2652 ἁγία

128 2658 335 2728 Ἑλένη
385 2655 560 2715 ἔκτισε
588 2657 678 2716 διὰ
715 2661 989 2718 ποικίλων
1043 2664 1369 2742 μαρμάρων,
1421 2665 1500 2728 εἴς
1553 2665 1783 2739 μίμησιν

128 2752 237 2803 τοῦ
276 2749 451 2822 τάφου
505 2753 602 2805 τοῦ
657 2756 914 2826 Χριστοῦ,
975 2753 1064 2808 καὶ
1115 2755 1367 2828 κτήματα
1421 2753 1609 2811 πολλᾶ
1665 2754 1788 2810 ἐκύ-

128 2857 303 2914 ρωσε.

661 2929 790 3004 Περῖ
821 2934 925 2985 τῶν
962 2933 1262 3009 Πρασίνων.

203 3026 280 3078 Τὰ
329 3029 422 3078 νῦν
463 3025 781 3100 καλούμενα
825 3029 1065 3104 Πράσινα
1121 3027 1210 3084 διὰ
1261 3035 1424 3086 τοῦτο
1482 3031 1655 3094 οὕτως
1698 3030 1789 3086 ἐκ-

131 3113 308 3184 λήθη,
352 3111 443 3169 διὰ
468 3115 533 3170 τὸ
562 3117 696 3170 εἶναι
727 3116 898 3173 ἐκεῖσε
956 3117 1186 3174 σταῦλον
1246 3125 1354 3175 τῶν
1384 3120 1690 3197 Πρασίνων.
1719 3123 1790 3176 Τὸ

134 3201 197 3258 δὲ
241 3210 612 3279 γηροκομεῖον
667 3205 914 3282 ἀνήγειρε
961 3210 1266 3283 Μαρκιανὸς
1307 3211 1394 3264 καὶ
1449 3209 1787 3287 Πουλχερία.

132 3287 506 3367 Ἀρτάὄασδος
539 3290 597 3348 δὲ
627 3295 654 3348 ὁ
683 3298 1018 3370 τυραννήσας
1069 3291 1398 3368 Καϐαλῖνον,
1448 3299 1537 3354 καὶ
1586 3301 1789 3375 κρατή-

139 3402 239 3443 σας
270 3379 506 3456 χρόνους
535 3387 700 3459 τρεῖς,
732 3383 822 3439 καὶ
859 3385 1186 3460 τυφλωθεὶς,
1236 3388 1465 3458 ἀκίνητα
1517 3390 1790 3460 κτήματα,

142 3468 238 3524 καὶ
269 3469 336 3524 τὰ
358 3470 477 3544 ἱερᾶ
501 3469 672 3526 ἐκεῖσε
719 3471 1009 3548 ἀφιὲρωσε,
1055 3470 1194 3528 διότι
1236 3473 1384 3537 οἶκος
1429 3475 1593 3531 αὐτοῦ
1624 3475 1794 3531 ἐκεῖσε

142 3561 240 3628 ἦν.
273 3559 426 3616 Μετᾶ
457 3567 541 3614 σῖτ’
573 3558 665 3631 ἔτη
695 3561 760 3630 ἦν
813 3562 842 3617 ὁ
873 3557 1242 3636 ’Δρτάὸασδος
1267 3567 1367 3633 τῆς
1423 3564 1650 3629 κτίσεως
1698 3569 1794 3620 τοῦ

138 3668 213 3722 γη
222 3667 352 3724 ροκο
361 3649 538 3723 μείου.

433 3917 560 3992 Περὶ
590 3921 688 3973 τοῦ
731 3917 1080 3994 Φλωρεντίου
1117 3922 1510 3998 γηροκομείου.

217 4014 294 4069 Τὰ
325 4014 692 4090 Φλωρεντίου,
726 4019 874 4082 οἶκος
900 4020 967 4089 ἦν
1009 4019 1360 4096 Φλωρεντίου
1398 4041 1710 4098 πατρικιου,
1743 4021 1794 4075 ἐν

139 4109 266 4166 τοῖς
293 4104 518 4180 χρόνοις
547 4105 836 4181 ’Λρκαδίου
872 4107 1164 4184 βασιλέως·
1187 4109 1275 4166 καί
1295 4109 1561 4167 τελευτῶν
1578 4109 1800 4182 ἐποίησε

141 4192 240 4248 τὸν
272 4194 420 4248 οἷκον
453 4194 617 4250 αὐτοῦ
646 4203 1038 4272 γηροκομεῖον.

525 4329 654 4403 Περὶ
684 4335 784 4400 τῆς
818 4337 989 4404 μονῆς
1019 4332 1085 4387 τὰ
1111 4333 1419 4406 Ῥωμανοῦ.

220 4436 348 4492 Ὅτι
377 4436 412 4504 ἡ
449 4436 588 4507 μονὴ
638 4437 704 4490 τὰ
749 4438 1034 4511 Ῥωμανοῦ
1077 4440 1296 4511 ἐκτίσθη
1329 4441 1380 4496 ἐν
1412 4446 1532 4503 τοῖς
1574 4443 1799 4517 χρόνοις

149 4526 250 4577 τοῦ
280 4521 647 4596 Λεωμακὲλου
678 4527 823 4602 παρὰ
854 4524 1106 4600 Δί’μωνος
1157 4530 1446 4604 πατρικίου
1499 4531 1795 4603 Ῥωμαίου.

2479 2495 2555 2549 De
2581 2494 2959 2548 monasteriis.

1969 2592 2388 2648 Monasterium
2421 2592 2519 2647 SS.
2543 2591 2712 2663 Carpi
2739 2595 2796 2646 et
2815 2589 3014 2661 Papyli
3045 2587 3331 2644 exstruxit
3361 2588 3418 2643 S.
3446 2588 3550 2643 He-

1899 2681 2032 2736 lena
2088 2682 2158 2736 ad
2219 2681 2606 2736 imitationem
2669 2678 2924 2750 sepulcri
2982 2678 3218 2748 Christi,
3261 2693 3330 2733 ex
3385 2676 3545 2731 vario

1899 2786 2212 2841 marmore,
2245 2769 2566 2841 multisque
2601 2767 3079 2840 possessionibus
3108 2765 3332 2822 ditavit.

2539 2942 2611 2996 De
2640 2939 2912 2994 Prasini‘s.

1972 3045 2159 3096 Locus
2191 3055 2343 3094 nunc
2367 3038 2606 3093 Prasina
2625 3035 2976 3110 appellatus,
2997 3034 3133 3089 inde
3157 3047 3370 3088 nomen
3393 3047 3551 3087 acce-

1901 3129 2177 3202 pit,quod
2210 3129 2427 3184 ibidem
2461 3127 2761 3182 stabulum
2795 3128 2950 3180 esset
2973 3121 3244 3178 factionis
3275 3121 3548 3177 Prasinse.

1902 3217 2311 3274 Gerocomium
2342 3233 2474 3272 vero
2507 3215 2841 3271 Marcianus
2863 3219 2919 3269 et
2941 3211 3245 3268 Pulcheria
3275 3210 3551 3266 condide-

1904 3314 2061 3365 runt.
2092 3313 2372 3363 Caeterum
2407 3307 2787 3376 Artahasdus,
2817 3305 2916 3376 qui
2949 3301 3320 3375 tyrannidem
3352 3300 3553 3356 adver-

1903 3416 2006 3455 sus
2036 3396 2486 3454 Constantinum
2515 3395 2883 3452 Caballinum
2922 3393 3191 3464 arripuit,
3215 3395 3336 3446 tres
3367 3404 3553 3445 annos

1902 3487 2150 3560 imperio
2183 3487 2402 3559 potitus
2433 3490 2490 3541 et
2520 3493 2719 3557 postea
2748 3487 3070 3539 excaecatus
3100 3485 3211 3547 est,
3234 3477 3556 3552 possessio-

1905 3594 2010 3633 nes
2067 3573 2399 3630 immobiles
2458 3590 2524 3628 ac
2577 3588 2744 3628 sacra
2785 3588 2925 3627 vasa
2979 3570 3171 3625 eidem
3224 3565 3554 3640 gerocomio

1905 3665 2142 3734 dicavit,
2175 3680 2240 3720 eo
2272 3664 2426 3735 quod
2460 3664 2672 3718 domus
2703 3661 2833 3731 ejus
2863 3659 2943 3714 ibi
2975 3658 3088 3714 sita
3119 3661 3292 3712 esset.
3315 3654 3557 3710 Vivebat

1906 3760 2102 3810 autem
2134 3751 2497 3808 Artabasdus
2521 3749 2692 3805 annis
2721 3746 2989 3803 ducentis
3011 3749 3068 3801 et
3094 3741 3394 3816 octoginta
3421 3743 3556 3813 post

1906 3842 2209 3901 conditum
2243 3840 2665 3912 gerocomium.

2369 3934 2444 3985 De
2473 3928 2778 3999 gerocomin
2808 3924 3097 3982 Florentii.

1980 4028 2259 4087 Florentii
2307 4032 2551 4093 tractus,
2593 4027 2803 4081 domus
2849 4027 2974 4079 erat
3001 4018 3276 4077 Florentii
3326 4015 3556 4090 patricii

1907 4125 2170 4191 tempore
2224 4117 2456 4173 Arcadii
2516 4113 2912 4188 imperatoris,
2962 4125 3140 4183 quam
3189 4105 3447 4163 moriens
3492 4103 3553 4159 in

1909 4208 2307 4284 gerocomium
2339 4205 2608 4261 mutavit.

2373 4341 2445 4395 De
2474 4338 2809 4394 monasterio
2838 4333 3090 4393 Romani.

1981 4448 2407 4505 Monasterium
2454 4445 2700 4502 Romani
2732 4443 3034 4500 conditum
3071 4441 3161 4494 est
3189 4432 3558 4507 temporibus

1913 4537 2124 4592 Leonis
2157 4535 2380 4592 Macelli
2408 4535 2480 4590 ah
2515 4535 2782 4590 llaamone
2813 4529 3060 4603 patricio
3090 4527 3390 4582 Romano:
3420 4537 3558 4577 nam

151 4611 294 4669 Τότε
323 4612 424 4688 γὰρ
457 4611 679 4683 εἰσῆλθε
718 4614 808 4670 καὶ
839 4612 1049 4688 ᾤκησεν
1083 4616 1210 4673 ἐκεῖ.
1243 4621 1401 4695 Ἔχει
1435 4616 1492 4674 δὲ
1539 4619 1646 4674 ἀπὸ
1700 4623 1795 4674 τοῦ

1930 4643 2052 4682 ,ιιηο
2080 4627 2384 4697 ingressus
2417 4624 2473 4678 in
2509 4624 2710 4678 urbem
2757 4621 2892 4675 istic
2923 4614 3229 4674 habitavit.
3259 4610 3563 4668 Exstruxit

147 4701 434 4771 κτισθῆναι
465 4703 700 4779 χρόνους
734 4705 884 4783 φπβ’.

532 4883 662 4958 Περὶ
690 4890 791 4954 τῆς
825 4891 996 4956 μονῆς
1023 4885 1090 4941 τὰ
1114 4885 1426 4961 Δαλμάτου.

228 4981 295 5036 Ἦ
350 4963 490 5053 μονῆ
556 4983 622 5036 τὰ
689 4980 980 5055 Δαλμάτου
1042 4983 1260 5054 ἐκτίσθη
1314 4985 1460 5058 παρά
1511 4983 1802 5058 Δαλμάτου

154 5070 470 5144 πατρικίου,
519 5071 739 5145 ἀνεψιοῦ
780 5074 876 5125 τοῦ
925 5071 1182 5148 Μεγάλου
1239 5073 1661 5130 Κωνσταντίνου.
1719 5073 1803 5142 Ἐξ

160 5158 224 5216 οὗ
275 5159 364 5215 καὶ
413 5160 721 5236 Ἀψίμαρος
766 5161 794 5215 ὁ
823 5155 1072 5235 ’Βιϐἑριος
1121 5161 1398 5237 βασιλεὺς,
1455 5161 1546 5217 ὅτε
1601 5161 1806 5232 ἀνῆλθε

164 5251 301 5324 μετά
345 5247 653 5325 χελανδίων
713 5249 804 5305 καὶ
866 5248 1128 5326 ἐκράτησε
1182 5253 1280 5322 τήν
1337 5249 1611 5326 βασιλείαν
1643 5294 1657 5320 ,
1714 5249 1806 5306 τὸν

157 5338 413 5396 Λὲοντιον
449 5337 675 5416 βασιλέα
702 5338 953 5416 ἐφρούρει
983 5338 1114 5399 ἐκεῖ,

493 5517 621 5594 Περὶ
651 5521 750 5592 τῆς
782 5525 955 5592 μονῆς
986 5519 1053 5574 τὰ
1082 5515 1472 5595 Κουκοροϐίου.

233 5618 310 5672 Τὰ
339 5611 712 5690 Κουκοροϐίου
749 5617 848 5685 τήν
901 5617 1072 5689 μονὴν
1131 5612 1337 5673 ἔκτισεν
1396 5617 1543 5678 ὅσιος
1601 5616 1810 5690 Εὐάρε-

164 5727 290 5769 στος
345 5704 395 5762 tv
440 5709 557 5768 τοῖς
607 5701 832 5781 χρόνοις
861 5709 960 5761 τοῦ
1015 5704 1266 5779 Τραύλου
1293 5710 1390 5761 τοῦ
1446 5703 1808 5784 Ἀμορραίου.

1912 4721 2110 4771 autem
2156 4714 2352 4786 ipsum
2395 4711 2567 4768 annis
2616 4710 2830 4766 abhinc
2878 4703 3216 4780 quingentis
3263 4699 3561 4772 octoginta

1912 4804 2166 4859 duobus.

2363 4891 2437 4944 De
2464 4889 2798 4943 monasterio
2837 4885 3105 4941 Dalmati.

1985 4987 2404 5045 Monasterium
2437 4985 2684 5040 Dalmati
2710 4983 3018 5038 aediﬁcavit
3043 4979 3348 5037 Dalmatus
3379 4973 3560 5047 patri-

1915 5078 2068 5146 cius,
2129 5076 2320 5148 Magni
2379 5073 2747 5130 Constantini
2814 5068 3226 5127 consobrinus.
3277 5069 3560 5121 Cmterum

1914 5168 2184 5225 Tiberius
2229 5166 2596 5238 Apsimarus,
2630 5167 2940 5235 postquam
2974 5176 3109 5216 cum
3161 5156 3287 5213 suis
3324 5150 3560 5209 cbelan-

1914 5258 2030 5314 diis
2099 5255 2435 5329 Byzantium
2505 5253 2800 5324 pervenit,
2869 5255 2927 5307 et
2991 5246 3236 5318 imperio
3315 5241 3560 5314 potitus,

1917 5346 2222 5402 Leontium
2283 5345 2692 5415 imperatorem
2740 5339 2957 5394 ibidem
3015 5334 3310 5390 inclusum
3362 5331 3564 5386 custo-

1917 5436 2079 5492 divit.

2190 5525 2263 5579 De
2289 5521 2620 5578 monasterio
2651 5515 2934 5572 Cucorobii
2960 5517 3288 5581 nuncupata.

1993 5621 2420 5678 Monasterium
2463 5615 2767 5674 Cucorobii
2818 5609 3165 5685 cognomine
3213 5599 3478 5662 condidit
3506 5601 3568 5659 S.

1923 5712 2236 5768 Evarestus
2267 5711 2376 5768 sub
2408 5705 2687 5764 Michaele
2717 5702 2898 5759 Balbo
2927 5698 3274 5757 Amorrhaeo.
