4056 6346
499 367 656 428 1Ξ6⁵1

605 500 680 554 De
708 498 1040 554 monasterio
1079 501 1137 553 S.
1169 497 1318 560 Zoes,
1353 497 1492 568 quod
1521 503 1604 553 est
1635 497 1714 553 ad
1741 497 2036 551 cisternam

1182 568 1460 624 Mocisiam

577 675 892 731 Sciendum
943 679 1034 731 est
1084 676 1507 732 monasterium
1537 681 1592 732 S.
1629 677 1769 732 Zoes
1818 675 1890 730 ad
1947 671 2152 728 cister-

506 781 640 820 nam
672 764 971 820 Mocisiam
995 765 1298 820 conditum
1324 767 1506 822 fuisse
1537 784 1570 822 a
1601 765 1914 829 Marciano,
1940 761 2040 832 qui
2075 758 2153 813 ibi

507 852 774 925 sepultus
804 857 912 908 est.

1078 945 1156 998 De
1195 943 1392 999 Sancto
1421 948 1584 999 Luca.

578 1031 989 1088 Cosmeterium
1049 1033 1107 1087 S.
1163 1033 1348 1104 Lucae,
1409 1038 1465 1088 et
1514 1032 1792 1100 triclinia,
1851 1034 1902 1084 et
1963 1029 2158 1098 ipsum

508 1121 796 1193 templum
829 1121 1137 1176 aediﬁcavit
1169 1122 1333 1176 Irene
1363 1122 1574 1193 Attica,
1600 1127 1666 1176 ut
1694 1121 1771 1175 ibi
1807 1118 1990 1192 gratis
2023 1133 2162 1188 pau-

509 1225 677 1281 peros
735 1210 1146 1282 sepelirentur.
1181 1211 1325 1265 Nam
1375 1227 1506 1265 cum
1561 1211 1878 1265 admodum
1929 1205 2162 1261 virtutis

509 1298 776 1353 studiosa
814 1304 873 1354 et
921 1299 1015 1369 pia
1047 1305 1224 1366 esset,
1258 1299 1592 1370 complures
1641 1301 1851 1354 domus
1898 1297 2162 1358 senibus,

513 1387 838 1459 peregrinis
887 1393 944 1441 et
990 1389 1352 1459 pauperibus
1403 1389 1806 1443 sustentandis
1857 1386 2160 1440 exstruxit.

512 1481 656 1530 Item
692 1477 1047 1532 tributorum
1082 1493 1259 1532 onera
1293 1477 1523 1534 minuit.
1557 1478 1840 1532 Caeterum
1875 1491 1978 1547 pro
2009 1490 2165 1528 mor-

515 1565 634 1620 tuis
685 1564 950 1620 condidit
1005 1567 1303 1638 sepulcra;
1367 1583 1470 1638 pro
1519 1567 1684 1634 vivis,
1733 1563 1990 1620 triclinia
2048 1562 2165 1633 pis-

517 1653 682 1721 torii;
726 1670 829 1725 pro
881 1654 1027 1709 bene
1059 1655 1410 1721 valentibus,
1448 1654 1737 1727 hospitale
1787 1657 1962 1708 Irenaa
2014 1668 2166 1706 nun-

519 1758 586 1796 cu
598 1747 819 1813 patum.

980 1835 1053 1888 Dc
1083 1836 1414 1890 monasterio
1445 1834 1499 1889 S.
1528 1834 1704 1889 Mocii.

590 1921 868 1977 Sanctum
914 1923 1164 1978 Mecium
1208 1923 1397 1995 primo
1430 1923 1713 1978 exstruxit
1746 1921 2170 1976 Constantinus

519 2011 787 2082 Magnus,
819 2029 1184 2084 paganorum
1229 2012 1611 2067 multitudine
1657 2012 1786 2066 istic
1819 2011 2118 2064 habitante
2154 2026 2166 2064 :

519 2103 761 2170 eratque
811 2101 1096 2172 templum
1127 2101 1307 2171 Jovis,
1340 2106 1396 2156 et
1427 2118 1495 2156 ex
1538 2102 1665 2171 ejus
1696 2099 1990 2170 lapidibus
2021 2099 2171 2153 aedes

521 2205 687 2242 sacra
717 2195 806 2244 est
837 2190 1140 2244 aedificata.
1166 2189 1479 2244 Venientes
1510 2206 1642 2244 vero
1677 2190 1734 2243 in
1760 2189 1942 2242 aedem
1974 2185 2172 2243 Sancti

521 2277 688 2331 Mocii
719 2279 989 2348 (Ariani),
1013 2295 1146 2332 cum
1179 2278 1287 2333 loci
1321 2279 1610 2333 desiderio
1643 2279 1796 2348 capti
1831 2281 2048 2346 essent,
2073 2277 2170 2330 de-

527 2366 750 2436 precati
801 2372 940 2422 sunt
988 2367 1401 2438 imperatorem
1443 2368 1921 2431 Constantinum,
1973 2372 2034 2420 ut
2067 2364 2176 2419 sibi

524 2454 685 2510 illam
720 2457 791 2510 ad
825 2457 1214 2513 habitandum
1246 2459 1801 2529 concederet,quam
1836 2456 2176 2527 adepti,sta-

522 2544 628 2599 tim
671 2545 954 2616 templum
987 2547 1317 2602 excitarunt
1347 2547 1568 2617 Ariani,
1603 2551 1660 2602 et
1689 2545 2054 2601 celebrandis
2087 2544 2173 2597 di-

532 2633 964 2690 vinislaudibus
997 2636 1188 2707 ipsum
1223 2652 1408 2690 annos
1441 2640 1663 2707 septem
1699 2636 2170 2706 frequentarunt.

524 2721 743 2776 Cecidit
773 2740 904 2779 vero
933 2741 1066 2778 cum
1099 2725 1157 2778 in
1200 2741 1264 2779 eo
1298 2741 1494 2779 sacras
1523 2723 1795 2795 liturgias
1818 2723 2175 2778 celebrarent

528 2828 682 2865 anno
716 2813 989 2883 septimo,
1025 2813 1124 2866 ubi
1165 2818 1217 2867 et
1252 2813 1422 2868 multi
1457 2813 1648 2868 Ariani
1695 2812 1980 2868 interfecti
2014 2815 2171 2866 sunt.

484 2912 492 2919 '
521 2902 594 2954 At
626 2901 735 2956 sub
764 2901 1098 2957 Justiniano
1131 2901 1341 2973 Magno
1381 2919 1588 2957 rursus
1619 2903 1940 2956 aedificatur
1968 2902 2172 2956 eadem

531 2991 706 3060 aedes,
738 2996 793 3046 et
821 2991 1106 3048 hactenus
1139 2996 1380 3064 perstat.

1183 3085 1268 3135 De
1306 3079 1513 3136 eodem.

596 3169 675 3223 Ex
705 3168 924 3240 templo
954 3170 1012 3225 S.
1044 3169 1236 3239 Mocii,
1267 3175 1325 3224 et.
1353 3171 1407 3224 S.
1444 3169 1624 3224 Menas
1654 3169 1856 3238 ejectis
1889 3170 2175 3224 duntaxat

526 3257 881 3323 simulacris,
921 3259 1005 3312 sic
1052 3258 1149 3312 illa
1209 3258 1658 3327 cognominavit.
1695 3257 1988 3328 Integram
2040 3275 2174 3314 vero

530 3347 728 3401 Sancti
758 3349 935 3402 Mensa
965 3347 1171 3413 aedem,
1207 3347 1388 3402 sacris
1422 3347 1578 3402 vasis
1607 3363 1673 3401 ac
1701 3347 1935 3418 praediis
1965 3349 2175 3402 subur-

529 3435 702 3490 banis
731 3435 1172 3507 locupletatam,
1196 3454 1347 3492 anno
1378 3440 1508 3508 post
1531 3436 1848 3492 centesimo
1879 3437 2176 3492 tricesimo

532 3525 738 3596 quinto
769 3525 1174 3581 aediﬁcandam
1201 3533 1484 3580 curarunt
1511 3524 1815 3580 Pulcheria
1843 3530 1901 3581 et
1930 3527 2172 3582 Marcia-

533 3631 666 3670 nus.
702 3618 983 3670 Caeterum
1033 3615 1319 3687 templum
1365 3616 1558 3670 Sancti
1592 3615 1757 3670 Moeii
1809 3615 1983 3686 triplo
2034 3621 2174 3671 tunc

531 3706 747 3775 majus,
797 3721 971 3774 quam
1024 3722 1180 3760 nunc
1227 3710 1339 3772 est,
1390 3705 1619 3760 duabus
1667 3705 1859 3759 tertiis
1908 3705 2174 3776 partibus

529 3793 817 3849 contraxit
847 3795 1270 3849 Constantinus
1310 3797 1365 3849 et
1413 3800 1600 3849 mater
1629 3794 1785 3863 ejus;
1837 3793 2174 3864 ibidemque

525 3882 706 3940 altare
737 3885 1040 3940 exstruxit.
1074 3885 1361 3948 Quoniam
1411 3900 1543 3938 vero
1574 3882 1654 3937 ibi
1687 3883 1824 3937 olim
1858 3884 1915 3938 S.
1952 3883 2174 3939 Mocius

519 3973 866 4029 interfectus
916 3974 1123 4041 fuerat,
1174 3974 1303 4029 ideo
1349 3972 1636 4044 templum
1688 3972 1796 4028 hoc
1844 3974 2010 4044 quasi
2060 3973 2174 4044 ipsi

520 4061 822 4132 proprium
871 4063 1180 4131 exstruxit,
1234 4063 1482 4133 ejusque
1533 4078 1748 4133 corpus
1807 4060 1947 4117 illuc
2006 4068 2171 4118 tran-

519 4150 708 4206 stulit.

1028 4242 1100 4295 De
1128 4227 1458 4295 monasterio
1489 4241 1661 4295 Libis.

588 4329 1011 4384 Monasterium
1081 4328 1242 4383 Libis
1301 4329 1411 4382 sub
1476 4329 1735 4384 Romano
1795 4329 2054 4396 seniore,
2114 4335 2172 4387 et

516 4416 894 4471 Constantino
922 4416 1438 4488 Porphyrogonito,
1468 4417 1675 4474 Leonis
1701 4418 1838 4482 tilio.
1868 4419 2168 4475 conditum

514 4509 605 4559 est
635 4522 668 4559 a
698 4505 832 4560 Libe
866 4505 1107 4576 patricio
1141 4510 1198 4560 et
1235 4505 1554 4577 drungario
1588 4507 1824 4574 classis;
1858 4508 1956 4580 qui
1989 4507 2166 4564 etiam

515 4593 730 4650 ibidem
767 4594 1195 4650 xenodocbium
1230 4596 1534 4651 exstruxit.

688 4775 762 4829 De
789 4775 1015 4830 ecclesia
1044 4776 1221 4830 veteri
1248 4775 1304 4830 S.
1339 4777 1567 4830 Joannis
1596 4779 1982 4846 precursoris.

583 4862 902 4919 Ecclesiam
953 4863 1014 4918 S.
1047 4865 1291 4919 Joannis
1340 4864 1717 4936 praecursoris
1755 4870 2025 4934 veterem,
2061 4885 2164 4923 cu—

495 4953 602 5021 ‘jus
633 4953 945 5008 aediﬁcium
976 4953 1238 5008 terrestri
1269 4968 1437 5008 muro
1469 4952 1866 5021 incumbebat,
1900 4956 2166 5012 condidit

511 5042 935 5097 Constantinus
967 5041 1238 5113 Magnus.

1448 363 1843 426 APPENDlX
1887 363 1989 423 AD
2036 356 2502 421 MICHAELEM
2547 357 2932 422 PSELLUM.

3769 355 3922 415 1268

2177 495 2228 559 Α
2262 486 2388 562 Περὶ
2439 493 2540 556 τῆς
2597 493 2768 561 μονῆς
2824 493 2925 557 τῆς
2967 485 3119 562 ἁγίας
3161 491 3339 555 Ζωῆς,
3397 489 3497 550 τῆς
3550 483 3601 538 ἐν
3663 487 3734 558 τῇ
3789 486 3916 541 Μω-

2998 558 3171 628 κισίᾳ.

2333 668 2446 736 Τὴν
2481 666 2530 720 ἐν
2563 671 2632 740 τῇ
2665 665 2918 737 Μωκισίᾳ
2961 665 3142 742 ’Δγίαν
3176 666 3357 735 Ζωὴν,
3390 662 3471 720 δεῖ
3502 662 3724 735 εῗδέναι,
3779 664 3861 719 δτι
3888 664 3917 717 ὁ

2265 754 2413 817 ὅσιος
2444 755 2754 831 Μαρκιανὸς
2783 749 2977 823 ἔκτισε,
3012 753 3102 810 καὶ
3134 753 3247 809 ἐκεῖ
3276 759 3473 810 κεῖται.

2729 933 2859 1008 Περὶ
2887 937 2986 988 τοῦ
3021 931 3209 1008 Ἁγίου
3249 938 3451 988 Λουκᾶ.

2339 1023 2439 1076 Τὸν
2487 1023 2638 1097 ἅγιον
2689 1028 2922 1093 Λουκᾶν,
2968 1021 3095 1086 ἔνθα
3141 1024 3192 1077 οἱ
3235 1022 3418 1096 νεκροὶ
3459 1023 3789 1088 θάπτονται,
3836 1024 3920 1076 καὶ

2270 1111 2397 1172 τοὺς
2448 1109 2794 1187 Τρικλίνους,
2842 1112 2933 1166 καὶ
2979 1111 3137 1166 αὐτὸν
3189 1113 3282 1168 τὸν
3310 1113 3430 1166 ναὸν
3466 1109 3676 1166 ἔκτισεν
3715 1110 3920 1186 Εἰρήνη

2273 1203 2307 1270 ἡ
2361 1200 2616 1270 Ἀθηναία
2666 1200 2741 1266 εἷς
2785 1201 2849 1256 τὸ
2895 1203 3188 1266 θάπτεσθαι
3239 1199 3441 1277 δωρεὰν
3483 1201 3614 1263 τοὺς
3668 1199 3922 1270 πένητις·

2272 1290 2409 1344 πάνυ
2457 1291 2557 1365 γάρ
2605 1289 2896 1368 φιλάρετος
2949 1289 3080 1345 οὖσα
3125 1293 3213 1346 καὶ
3259 1285 3528 1359 εὐσεϐής,
3587 1292 3684 1344 καὶ
3743 1288 3928 1344 πολλά

2271 1385 2632 1454 γηροκομεῖα,
2662 1379 2752 1434 καὶ
2802 1377 3136 1456 ξινοδοχεῖα,
3186 1379 3277 1435 καὶ
3321 1385 3702 1455 γηροτροφεῖα
3759 1379 3925 1433 ἐποίει

2276 1467 2352 1529 εἷς
2409 1469 2702 1522 ἀνάπαυσιν
2757 1474 2864 1523 τῶν
2914 1471 3182 1540 πενήτων,
3228 1470 3317 1523 καὶ
3348 1470 3530 1544 φόρων
3583 1468 3925 1546 κουφισμοῦς

2277 1555 2510 1630 ἐξέκοψε.
2545 1563 2762 1612 ’Έκτισε
2817 1559 2907 1612 καὶ
2957 1558 3031 1620 εἷς
3076 1559 3250 1636 ταφὴν
3299 1561 3422 1620 τοὺς
3452 1558 3682 1633 τάφους’
3719 1558 3810 1612 καὶ
3857 1557 3925 1619 si;

2280 1650 2449 1718 ζωήν,
2478 1646 2606 1710 τοὺς
2628 1645 2942 1723 τρικλίνους
2967 1652 3064 1702 τοῦ
3089 1648 3431 1721 πιστωρείουο
3467 1647 3542 1709 εἷς
3576 1646 3808 1723 ὑγίειαν,
3839 1648 3924 1701 τὸν

2279 1735 2498 1806 ξενῶνα,
2528 1737 2596 1791 τά
2627 1737 2866 1810 Εἰρήνης
2895 1733 3257 1808 καλούμενον.

2563 1825 2692 1898 Περὶ
2723 1833 2822 1895 τῆς
2859 1833 3032 1899 μονῆς
3063 1824 3160 1880 τοῦ
3185 1826 3371 1894 Ἀγίου
3401 1826 3650 1883 Μωκίου.

2351 1914 2544 1970 Ἰστέον
2578 1916 2660 1969 ὅτι
2694 1916 2722 1969 6
2753 1919 2951 1989 ’Ἄγιος
2981 1915 3224 1988 Μώκιος,
3277 1921 3491 1990 πρῶτον
3529 1916 3628 1988 μὶν
3676 1916 3787 1970 ὑπὸ
3837 1921 3929 1969 τοῦ

2282 2002 2536 2078 Μεγάλου
2637 2004 3041 2060 Κωνσταντίνου
3152 2003 3534 2078 ᾠκοδομήθη.
3637 2002 3930 2074 Ἑλλήνων

2280 2092 2466 2162 πλήθη
2502 2092 2672 2148 ἐκεῖσε
2719 2094 3117 2150 κατοικούντων
3161 2093 3366 2152 πολλά.
3421 2094 3526 2151 Καὶ
3566 2095 3697 2156 ναὸς
3732 2094 3800 2162 ἦν
3841 2099 3930 2147 τοῦ

2284 2184 2430 2249 Διὸς,
2459 2182 2548 2237 καὶ
2582 2182 2772 2238 ἐκτῶν
2820 2184 2985 2239 αὐτοῦ
3033 2182 3200 2248 λίθων
3245 2185 3273 2238 ὁ
3331 2185 3481 2246 ναός.
3535 2182 3834 2248 Ἐλθόντες
3882 2181 3934 2236 δὲ

2283 2271 2333 2327 ἐν
2364 2276 2444 2343 τῷ
2474 2271 2619 2344 αὐτῷ
2666 2277 2777 2344 ναῷ
2815 2278 2912 2328 τοῦ
2961 2274 3122 2348 ἁγίου
3178 2274 3408 2330 Μωκίου
3439 2274 3765 2347 [Ἀρειανοὶ]
3800 2273 3935 2346 ἡρά-

2285 2372 2484 2430 σθησαν
2513 2406 2526 2429 ,
2578 2361 2668 2414 καὶ
2718 2361 3063 2437 παρεκάλουν
3102 2363 3192 2417 τὸν
3234 2361 3462 2438 βασιλέα
3525 2361 3932 2416 Κωνστάντίνον

2281 2456 2551 2504 κατοικεῖν
2613 2449 2807 2514 αὐτοὺς
2863 2451 3034 2506 ἐκεῖσε
3066 2471 3077 2484 °
3130 2451 3159 2506 δ
3214 2452 3302 2506 καὶ
3358 2452 3543 2528 γέγονε
3580 2495 3594 2506 .

2637 2004 2970 2059 Κωνσταντίν
2980 2027 3041 2060 ου

3655 2451 3928 2525 Παρευῦὺς

2284 2541 2375 2593 οὖν
2409 2537 2677 2614 ἐγείρουσι
2707 2541 2799 2594 τὸν
2832 2540 2953 2596 ναὸν
2989 2542 3039 2596 οἱ
3069 2541 3358 2616 ’Ᾱρειανοὶ,
3403 2541 3493 2596 καὶ
3525 2538 3819 2610 ἐδοξάζετο
3851 2541 3927 2594 ὑπ’

2284 2629 2459 2683 αὐτῶν
2489 2626 2579 2700 ἔτη
2614 2630 2766 2686 ἑπτά.
2801 2632 3081 2686 Ἐκπίπτει
3132 2628 3187 2685 δέ
3236 2628 3708 2705 λειτουργούντων
3762 2630 3929 2685 αὐτῶν

2281 2717 2360 2789 τῷ
2395 2719 2433 2786 ζ’
2481 2713 2608 2773 ἔτει’
2642 2717 2692 2773 ἐν
2725 2721 2770 2791 ᾧ
2800 2726 2889 2774 καί
2933 2719 3132 2796 πολγοὶ
3182 2721 3445 2796 Ἀρειανοὶ
3499 2721 3930 2788 ἀπεκτάνθησαν.

2285 2808 2373 2863 Ἐν
2405 2813 2524 2869 ταῖς
2555 2809 2788 2881 ἡμέραις
2821 2806 2877 2862 δὲ
2919 2812 3300 2866 Ἰουστινιανοῦ
3343 2813 3440 2864 τοῦ
3490 2808 3766 2885 Μεγάλου
3831 2810 3931 2862 ἁνε-

2284 2896 2520 2972 γείρεται
2553 2899 2580 2951 ὁ
2608 2897 2787 2965 αὐτὸς,
2818 2899 2906 2953 καὶ
2937 2900 3143 2954 ἱσταται
3173 2897 3275 2961 ἓως
3309 2901 3448 2972 agn.

2869 3078 2996 3153 Περὶ
3025 3082 3124 3133 τοῦ
3155 3077 3340 3133 αὐτοῦ.

2353 3170 2447 3220 Ἐκ
2500 3169 2598 3219 τοῦ
2654 3164 2842 3242 Ἀγίου
2899 3165 3121 3220 Μωκίου
3158 3212 3170 3236 ,
3243 3166 3334 3220 καὶ
3395 3169 3490 3219 τοῦ
3550 3167 3708 3241 ἁγίου
3775 3168 3935 3236 Μηνᾶ

2205 3237 2249 3304 C
2289 3251 2476 3322 ἐδίωξε
2504 3255 2571 3308 τὰ
2598 3253 2908 3330 ἀγάλματα,
2941 3255 3029 3308 καὶ
3063 3249 3315 3326 ὡνόμασε
3342 3253 3469 3318 τοὺς
3513 3254 3676 3317 ναοὺς
3731 3255 3928 3316 οὕτως.

2283 3343 2391 3409 Τὴν
2442 3339 2498 3397 δὲ
2539 3341 2748 3398 τελείαν
2793 3343 2957 3398 αὐτοῦ
2998 3341 3367 3416 ἀνοικοδομήν
3401 3342 3626 3414 ἐποίησε
3679 3344 3932 3419 Πουλχε-

2285 3431 2396 3503 ρία,
2446 3433 2532 3486 καὶ
2590 3433 2898 3508 Μαρκιανὸς
2960 3434 3094 3505 μετά
3153 3430 3264 3509 ρλε¹
3295 3431 3552 3508 χρόνους,
3610 3433 3932 3506 προστεθέν·

2281 3542 2367 3583 τες
2417 3522 2536 3595 ἱερά
2592 3523 2780 3593 σκεύη,
2828 3523 2917 3578 καὶ
2951 3525 3266 3596 προάστεια.
3317 3526 3424 3580 Τοῦ
3455 3520 3513 3578 δὲ
3549 3521 3714 3578 αὐτοῦ
3779 3524 3928 3598 ἁγίου

2285 3611 2513 3666 Μωκίου
2563 3612 2906 3686 ὑπάρχοντος
2942 3607 3094 3688 ἕτερα
3126 3610 3221 3666 δύο
3273 3613 3446 3685 μήκη,
3497 3614 3624 3685 παρ’
3667 3613 3695 3666 ὃ
3762 3613 3926 3674 ἐστιν,

2282 3698 2500 3772 ἐξέκοψε
2528 3701 2590 3754 τὸ
2622 3697 2872 3776 δίμοιρον
2905 3700 3066 3776 μέρος
3113 3703 3140 3756 6
3187 3702 3350 3778 μέγας
3389 3707 3798 3763 Κωνσταντῖνος
3849 3702 3930 3755 καὶ

2283 3788 2539 3857 ἡτούτου
2576 3794 2782 3862 μήτηρ,
2815 3790 2904 3844 καὶ
2935 3791 3192 3867 ἀνήγειρε
3219 3792 3281 3845 τὸ
3325 3792 3733 3866 θυσιαστήριον.
3789 3793 3930 3845 Διὸτι

2285 3876 2341 3932 δὲ
2373 3878 2606 3954 ἀνῃρέθη
2637 3880 2663 3933 6
2697 3881 2846 3957 ἅγιος
2875 3882 3100 3941 Μώκιος
3133 3879 3327 3948 ἐκεῖσε,
3366 3879 3563 3935 τούτου
3608 3881 3776 3956 χάριν
3813 3880 3932 3948 M-

2283 3988 2431 4043 γειρε
2461 3969 2550 4022 καὶ
2581 3969 2672 4023 τὸν
2703 3970 2849 4041 ναὸν,
2883 3970 2955 4031 ὡς
2987 3966 3123 4024 ἴδιον
3152 3971 3340 4038 αὐτοῦ,
3373 3969 3460 4023 καὶ
3490 3970 3553 4024 τὸ
3583 3974 3748 4042 σῶμα
3771 3969 3930 4024 αὐτοῦ

2282 4056 2453 4111 ἐκεῖσε
2495 4056 2696 4136 ἔφερεν.

2868 4236 2995 4307 Περὶ
3025 4241 3121 4292 τοῦ
3154 4233 3338 4299 Λιϐὁς.

2351 4328 2415 4382 Ἠ
2453 4327 2592 4396 μονὴ
2643 4326 2709 4381 τὰ
2759 4321 2926 4390 Λιϐὸς
2979 4324 3034 4381 ἐν
3080 4333 3198 4388 τοῖς
3237 4326 3468 4402 χρόνοις
3494 4327 3788 4399 Ῥωμανοῦ
3839 4327 3925 4382 τοῖ

2280 4415 2556 4491 γέροντος,
2587 4415 2797 4470 καὶτοῦ
2828 4418 3347 4493 Ηορφυρογεννήτου
3367 4416 3807 4483 Κωνσταντίνου,
3839 4422 3924 4471 τοῦ

2279 4508 2399 4561 υἱοῦ
2430 4506 2682 4573 Λέοντος,
2739 4505 3009 4582 ἀνηγέρθη
3059 4508 3204 4582 παρὰ
3250 4506 3540 4581 πατρικίου
3586 4510 3688 4561 τοῦ
3735 4502 3922 4576 Arabe,

2198 4595 2558 4670 Πγεγονότος
2618 4593 2977 4671 δρουγγαρίου
3032 4599 3139 4650 τῶν
3199 4593 3520 4669 πλωίμων,
3594 4598 3922 4667 ποιήσαντες

2276 4683 2447 4738 ἐκεῖσε
2477 4683 2565 4738 καὶ
2599 4684 2817 4753 ξενῶνα.

2578 4771 2707 4848 Περὶ
2736 4777 2833 4826 τοῦ
2866 4767 3193 4848 Ιίροδρόμου
3223 4779 3322 4841 τῆς
3354 4771 3616 4835 παλαιᾶς.

2343 4864 2441 4917 Τὸν
2477 4859 2534 4917 δὲ
2563 4858 2885 4938 Πρόδρομον
2939 4862 3040 4930 τὴν
3072 4860 3332 4928 παλαιὰν,
3366 4861 3653 4938 ἀνήγειρεν
3685 4864 3713 4918 6
3747 4865 3924 4938 Μέγας

2274 4957 2704 5014 Κωνσταντῖνος·
2738 4951 2800 5006 τὸ
2833 4949 2891 5006 δὲ
2933 4951 3135 5025 κτίσμα
3165 4946 3504 5024 ἠκούμϐιζεν
3561 4952 3640 5016 ii;
3679 4954 3743 5008 τὸ
3793 4973 3921 5028 χερ-

2276 5048 2426 5098 σαῖον
2448 5047 2654 5117 τεῖχος.

1354 5157 1428 5212 De
1453 5157 1652 5228 templo
1682 5158 1873 5213 Sancti
1902 5160 2213 5218 Eleutherii
2240 5180 2273 5218 τι
2302 5160 2536 5234 quodam
2560 5161 2802 5231 patricio
2832 5159 3068 5217 condito.

580 5256 890 5328 Templum
949 5258 1005 5310 8.
1057 5254 1371 5310 Eleutherii
1422 5255 1710 5310 exstruxit
1761 5257 1870 5312 sub
1922 5259 2160 5317 Arcadio

507 5345 862 5417 imperatore
893 5343 1131 5415 quidam
1166 5344 1471 5415 patricius.

921 5432 995 5486 De
1028 5431 1080 5486 S.
1113 5430 1374 5502 Philippi
1399 5434 1748 5487 monasterio.

581 5520 1002 5575 Monasterium
1057 5521 1244 5576 sancti
1297 5519 1549 5592 Philippi
1598 5521 1846 5592 apostoli
1897 5523 2161 5579 condidit

483 5608 858 5664 “Anastasius
898 5609 1162 5676 Dicorus,
1197 5608 1516 5681 multisque
1559 5610 2035 5681 possessionibus
2066 5613 2158 5667 di-

512 5694 677 5750 tavit.

2342 5259 2439 5312 Τὸν
2502 5253 2559 5311 δὲ
2615 5259 2805 5331 ⁰Αγιον
2860 5254 3197 5332 Ἐλευθέριον
3251 5256 3532 5332 πατρίκιος
3592 5278 3676 5318 τις
3723 5256 3912 5312 ἔκτισε.

2270 5349 2322 5403 ἐν
2350 5353 2468 5409 τοῖς
2495 5347 2720 5422 χρόνοις
2751 5343 3035 5421 Ἀρκαδίου
3063 5351 3160 5400 τοῦ
3198 5345 3488 5419 βασιλέως.

2683 5435 2810 5510 Περὶ
2841 5439 2938 5489 τοῦ
2967 5436 3156 5510 Ἀγίου
3187 5433 3492 5492 Φιλίππου.

2340 5526 2445 5582 Τὸν
2503 5527 2695 5600 ’Ἄγιον
2754 5523 3036 5579 Φίλιππον
3066 5525 3158 5580 τὸν
3221 5523 3527 5579 ἀπόστολον
3570 5525 3911 5582 Ἀναστάσιος

2270 5615 2297 5669 ὁ
2357 5613 2582 5689 Δίκορος
2641 5613 2930 5690 ἀνήγειρε,
2987 5615 3078 5669 καὶ
3137 5616 3387 5688 κτήματα
3459 5613 3652 5668 πολλὰ
3728 5613 3905 5671 ἐπεκὺ-

2269 5723 2432 5779 ρωσε.
