3984 6348
50 418 80 475 1
104 419 240 481 269

501 551 632 626 Περὶ
670 556 769 608 τοῦ
798 552 983 627 Ἁγίου
1022 553 1312 625 Μανουήλ.

131 642 249 700 Τὸν
308 639 368 697 δὲ
395 644 587 717 ’Ἂγιον
638 641 925 712 Μανουὴλ,
961 638 1141 699 Σαϐἒλ
1189 644 1279 699 καὶ
1312 629 1567 718 ἰσμαὴλ,
1606 645 1741 718 μετὰ

1211 388 1577 485 ANONYMI
1621 420 2206 494 ANTIQUITATES
2251 423 2368 483 cr.

1764 559 1821 624 Α

3344 418 3519 511 12³1οί

2374 557 2447 611 Dc
2477 554 2673 611 Sancto
2702 553 2971 609 Manuale.
3528 606 3534 612 _

1921 644 2227 716 Templum
2252 646 2351 700 SS.
2379 642 2631 712 Manuel,
2653 642 2822 699 Sahel
2848 646 2903 698 et
2923 639 3158 705 Ismael,
3180 643 3496 713 postquam
3520 639 3526 642 ⁴

44 733 124 785 τὸ
188 733 455 803 καυθῆναι
501 729 697 794 αὐτοὺς
754 730 841 787 ἐπὶ
895 731 1199 789 Ἰουλιανοῦ
1252 737 1350 788 τοῖ’)
1413 729 1734 810 Παραϐάτου

1869 735 1957 807 psi
1990 752 2025 790 a
2052 734 2288 790 Juliano
2327 736 2609 804 Apostata
2650 734 2784 804 igne
2815 728 3058 787 cremati
3092 733 3229 785 sunt
3257 730 3324 784 ad
3361 747 3497 785 mu—

50 820 158 875 ἒπὶ
207 826 307 877 τοῦ
362 820 624 897 χερσαίου
679 821 929 897 τείχους,
963 823 993 877 6
1024 823 1207 897 Μέγας
1262 819 1550 888 Θεοδόσιος
1599 823 1729 894 ἀνή-

46 930 235 986 γειρε,
269 911 362 966 καὶ
392 911 461 965 τὰ
487 908 715 984 σώματα
746 910 922 966 αὐτῶν
957 909 1069 966 ἐκεῖ
1097 906 1268 966 ἔθετο.

483 1024 616 1101 Περί
641 1030 751 1082 τῶν
778 1024 970 1103 ’Δγίων
1005 1026 1316 1103 Νοταρίων.

133 1116 277 1178 Τοὺς
337 1113 394 1172 δι
450 1115 673 1191 Ἀγίους
732 1115 1033 1193 Νοταρίους
1092 1118 1122 1172 6
1183 1115 1367 1190 Μέγας
1442 1113 1729 1178 Θεοδόσιος

43 1204 336 1283 ἀνήγειρε,
373 1206 465 1262 καὶ
489 1206 558 1261 τὰ
588 1206 817 1280 σώματα
846 1204 1028 1262 αὐτῶν
1052 1204 1225 1262 ἐκεῖσε
1253 1202 1424 1262 ἔθετο.

1842 839 1976 879 rum
2030 828 2386 893 terrestrem,
2420 821 2684 877 condidit
2712 820 2917 875 eodem
2970 819 3095 875 loco
3127 816 3495 874 Theodosius

1841 912 2114 985 Magnus,
2149 926 2473 983 eorumque
2502 926 2746 982 corpora
2777 909 2857 963 ibi
2888 906 3179 980 deposuit.

2231 1029 2307 1084 De
2334 1027 2564 1084 ecclesia
2597 1025 2692 1082 SS.
2724 1026 3098 1082 Notariorum.

1909 1116 2229 1174 Ecclesium
2264 1117 2365 1173 SS.
2398 1114 2774 1172 Notariorum
2812 1112 3099 1170 exstruxit
3125 1111 3494 1168 Theodosius

1836 1210 2104 1279 Magnus,
2136 1206 2479 1278 ibidemque
2508 1221 2713 1262 eorum
2748 1219 2997 1275 corpora
3026 1201 3318 1275 deposuit.

799 1326 875 1381 De
902 1326 1129 1381 ecclesia
1161 1326 1416 1397 Dciparze
1458 1326 1516 1379 in
1548 1324 1797 1393 Sigmale
1826 1340 1861 1378 a
1892 1324 2251 1379 Constantino
2282 1323 2473 1395 Magno
2502 1322 2744 1378 condita.

124 1422 226 1478 Καὶ
286 1423 382 1492 τὴν
443 1419 730 1488 Θεοτόκον,
783 1422 883 1490 τὴν
946 1420 1023 1484 εἷς
1079 1422 1144 1477 τὸ
1198 1422 1407 1497 Σίγμα,
1461 1421 1489 1475 ό
1551 1419 1729 1495 Μέγας

48 1512 475 1577 Κωνσταντῖνος
521 1511 807 1586 ἀνήγειρεν
842 1529 857 1543 ⁸
918 1511 1031 1566 εἶτα
1089 1508 1147 1566 δὶ
1202 1511 1229 1565 6
1288 1509 1727 1585 ΜᾶγαςἸουοτι-

46 1600 245 1663 νιανὸς
315 1598 580 1657 ἀνέκτισε.
649 1600 802 1657 Μετὰ
878 1597 935 1656 δὶ
998 1601 1116 1670 τκη¹
1172 1594 1265 1671 ἔτη
1338 1603 1564 1673 σεισμοῦ
1637 1619 1726 1675 γε-

48 1693 297 1764 γονότος
372 1683 658 1767 φοϐεροῦ,
721 1688 810 1744 ἐπὶ
883 1695 982 1759 τῆς
1064 1687 1342 1759 βασιλείας
1415 1686 1726 1756 Βασιλείου,

60 1779 208 1851 μετά
239 1779 302 1833 τὸ
352 1776 564 1834 ἀνελεῖν
614 1779 706 1833 τὸν
759 1776 1018 1854 Μιχαὴλ,
1053 1779 1368 1849 συνεπτώθη
1414 1779 1442 1833 6
1489 1782 1618 1840 ναὸς
1670 1777 1723 1833 ἐν

50 1867 254 1942 ἡμέρᾳ
282 1868 554 1941 Κυριακῇ,
582 1872 679 1923 τοῦ
732 1869 889 1945 ἁγίου
940 1864 1306 1940 Πολυεύκτου,
1353 1866 1443 1922 καὶ
1484 1867 1613 1930 τοὺς
1668 1865 1721 1921 ἐν

1911 1421 2231 1478 Ecclesiam
2256 1423 2355 1477 Dei
2366 1438 2516 1492 paras
2549 1420 2608 1475 in
2640 1419 2896 1492 Sigmate
2917 1415 3340 1475 Constantinus
3367 1415 3492 1473 Ma-

1836 1527 1990 1584 gnus
2021 1510 2309 1578 condidit;
2334 1509 2546 1565 deinde
2567 1507 2942 1565 Justinianus
2963 1506 3212 1579 Magnus
3243 1504 3488 1562 resadiﬁ-

1836 1600 2001 1655 cavit.
2041 1600 2173 1654 Post
2222 1615 2411 1653 annos
2447 1613 2582 1653 vero
2629 1600 2927 1652 trecentos
2954 1593 3161 1666 viginti
3190 1596 3340 1661 octo,
3370 1593 3487 1648 im-

1835 1694 2076 1760 perante
2100 1687 2338 1754 Basilio,
2364 1687 2556 1742 occiso
2574 1687 2700 1758 jam
2725 1683 3030 1751 Michaele,
3051 1681 3299 1739 terribili
3320 1685 3487 1738 terras

1834 1783 1997 1834 motu
2029 1777 2138 1833 hoc
2180 1776 2468 1848 templum
2521 1774 2848 1846 collapsum
2880 1777 2989 1841 est,
3021 1772 3115 1828 die
3160 1770 3486 1842 Dominica,

1833 1884 1960 1939 qua:
2006 1873 2149 1923 erat.
2182 1867 2240 1922 S.
2274 1866 2582 1937 Polyeucto
2630 1880 2826 1930 sacra;
2862 1878 2929 1917 ac
2961 1877 3167 1918 omnes
3198 1865 3486 1934 quotquot

48 1956 208 2028 αὐτῷ
295 1957 496 2021 πᾶντας
585 1954 876 2035 διέφθειρε.
941 1957 1039 2014 Καὶ
1115 1956 1221 2012 ἀπὸ
1303 1958 1428 2012 τότε
1513 1954 1767 2027 ἐκλήθη]

1864 1974 1889 2011 n
1923 1972 1990 2012 eo
2020 1960 2208 2027 erant,
2231 1953 2498 2026 oppressi
2524 1953 2708 2009 fuere.
2730 1957 2804 2009 Et
2822 1950 3101 2022 deinceps
3126 1948 3485 2022 appellatum

52 2050 95 2098 Σ
108 2044 265 2101 ίγιια.

212 2066 265 2101 α.

127 2066 209 2121 γμ
322 2134 457 2211 Περὶ
487 2138 595 2189 τῶν
625 2135 693 2191 τὰ
723 2134 1044 2192 Κανικλείου
1072 2135 1453 2209 καλουμένων.

124 2222 203 2278 Τὰ
270 2222 619 2292 Κανικλείου,
681 2223 830 2286 οἶκος
886 2224 953 2292 ἦν
1025 2224 1350 2291 Θεοκτίιξτου
1419 2222 1722 2298 μαγίστρου

48 2311 146 2365 καὶ
191 2310 280 2366 ἰπὶ
328 2316 425 2371 τοῦ
474 2311 814 2380 Κανικλείου,
845 2316 942 2368 τοῦ
999 2312 1295 2391 σφαγέντος
1347 2311 1494 2389 παρὰ
1540 2304 1743 2386 Βάρδά

50 2400 355 2475 Καίσαρος,
387 2400 532 2465 θείου
562 2404 661 2456 τοῦ
692 2400 947 2477 Μιχαήλ.

1831 2045 1943 2101 fuit
1972 2046 2190 2118 Sigma.

2356 2133 2431 2189 Dc
2462 2135 2647 2188 tractu
2681 2128 2952 2187 Caniclei.

1900 2224 2151 2279 Tractus
2182 2221 2453 2288 Caniclei,
2478 2221 2690 2277 domus
2719 2223 2846 2275 erat
2871 2215 3187 2274 Theoctisti
3214 2201 3485 2287 magistri

1830 2317 1888 2368 et
1944 2311 2196 2384 praefecti
2253 2309 2538 2380 Caniclei,
2590 2308 2691 2380 qui
2749 2307 3095 2363 interfectus
3149 2303 3261 2360 iuit
3307 2304 3487 2375 jussu

1832 2402 2030 2457 Bardaa
2056 2400 2323 2471 Caesaris,
2354 2396 2655 2454 Michaelis
2684 2394 2977 2453 avunculi.

984 2522 1057 2576 De
1084 2522 1422 2576 monasterio
1452 2516 2262 2592 Euphrosynaecognominato
2306 2515 2554 2571 Libadia.

135 2619 261 2674 ’Ότι
292 2617 329 2687 ὴ
364 2617 502 2690 μονὴ
543 2617 580 2688 ἡ
624 2613 899 2692 λεγομένη
951 2622 1053 2687 τῆς
1114 2615 1468 2695 Εὖφροσόνης
1520 2615 1588 2671 τὰ
1634 2623 1727 2670 Λι-

55 2700 230 2761 ϐάδια
280 2704 495 2774 ἐκτίσθη
556 2706 702 2782 παρὰ
757 2704 1004 2780 Εῗρήνης
1059 2712 1159 2776 τῆς
1212 2705 1523 2776 Ἀθηνάας,
1559 2705 1727 2782 μικρὰ

54 2795 152 2849 καὶ
186 2796 442 2870 πενιχρά.
476 2795 536 2851 Ὀ
584 2791 641 2849 δὲ
686 2792 921 2870 Μιχαὴλ
962 2795 991 2848 6
1036 2795 1151 2857 υἱὸς
1203 2793 1471 2873 Θεοφίλου
1521 2793 1597 2857 είς
1629 2792 1724 2870 ἔχ-

63 2886 199 2959 θραν
259 2882 433 2948 ἐλθὼν
515 2884 650 2957 μετὰ
714 2890 814 2953 τῆς
895 2883 1103 2959 μητρὸς
1176 2882 1362 2952 αὐτοῦ,
1417 2885 1725 2959 κατήγαγεν

64 2974 242 3044 αὐτήν
278 2993 339 3027 τε
393 2972 486 3028 καὶ
537 2973 638 3041 τὴν
696 2969 936 3051 ἀδελφὴν
969 2971 1133 3028 αὐτοῦ
1192 2972 1250 3028 ἐκ
1303 2977 1400 3027 τοῦ
1429 2971 1720 3043 παλατίου,

68 3061 164 3116 καὶ
226 3060 504 3136 εἰσήγαγεν
547 3060 738 3131 ἐκεῖσε,
770 3062 860 3116 καὶ
906 3061 1156 3138 ἀπέκειρε
1210 3061 1432 3131 ταύτας,
1484 3060 1725 3133 πλουτή-

70 3171 167 3213 σας
219 3152 319 3220 τὴν
380 3152 549 3224 μονὴν
594 3149 700 3205 ἀπό
760 3171 818 3205 τε
872 3150 1166 3224 κτημάτων
1198 3151 1288 3206 καὶ
1319 3147 1553 3208 λοιπῶν.
1582 3152 1722 3208 Ἀπὸ

1912 2617 2339 2673 Monasterium
2391 2611 2788 2686 Euphrosynaa
2826 2607 3173 2683 cognomine
3221 2605 3485 2674 Libadia,

1836 2707 1908 2763 ab
1940 2706 2101 2762 irene
2128 2704 2319 2761 Attica
2347 2703 2620 2775 exiguum
2644 2699 2813 2755 valde
2834 2703 2891 2754 et
2920 2696 3360 2770 pauperrimum
3393 2713 3487 2751 ex-

1835 2800 2127 2852 structum
2181 2793 2305 2849 fuit.
2342 2793 2550 2847 Postea
2579 2805 2713 2845 vero
2747 2786 2847 2843 ubi
2876 2783 3142 2852 Michael,
3175 2783 3486 2855 Theophili

1835 2884 2016 2956 illius,
2048 2901 2180 2940 cum
2228 2887 2413 2939 matre
2460 2897 2567 2936 sua
2615 2876 2974 2934 simultatem
3024 2874 3239 2929 habere
3286 2871 3484 2945 C(Bpit,

1835 2979 2081 3029 matrem
2116 2978 2171 3029 et
2204 2987 2464 3029 sororem
2502 2984 2673 3025 suam
2706 2983 2736 3022 ο
2767 2964 2985 3039 palatio
3016 2963 3254 3033 ejectas,
3285 2962 3344 3015 in
3375 2960 3486 3016 hoc

1834 3060 2258 3118 monasterium
2302 3061 2578 3116 detonsae
2626 3054 2898 3122 inclusit;
2947 3048 3304 3107 monasterio
3350 3065 3486 3121 pos-

1834 3151 2202 3209 sessionibus
2241 3167 2308 3206 ac
2349 3147 2596 3221 reliquis
2646 3144 2923 3202 omnibus
2966 3142 3167 3197 ditato.
3201 3138 3486 3195 Craterum

69 3238 129 3295 δὲ
174 3244 275 3336 τῆς
324 3237 566 3319 ἀδελφῆς
604 3239 768 3295 αὐτοῦ
818 3239 1171 3319 Εὐφροσύνης
1221 3239 1429 3312 ἐκλήθη
1479 3240 1651 3304 οὕτως
1681 3243 1767 3335 ἢ(

1864 3242 1907 3297 .b
1946 3243 2073 3311 ejus
2122 3256 2320 3296 sorore
2366 3236 2750 3311 Euphrosyna
2797 3229 3218 3290 monasterium
3268 3240 3484 3285 nomen

70 3331 213 3403 μονή
225 3374 238 3386 .

580 3417 712 3495 Περὶ
743 3422 841 3473 τοῦ
871 3416 993 3475 Ξυλ
1004 3440 1047 3473 ιν
1059 3418 1169 3473 ίτου
1183 3461 1196 3478 .

140 3514 247 3566 Τοῦ
301 3510 600 3567 Ξυλινίτου
653 3509 756 3578 τὴν
810 3510 983 3583 μονὴν
1041 3507 1217 3566 ἔκτισε
1272 3511 1513 3582 Νικήτας
1563 3512 1723 3587 μάγι-

71 3619 233 3674 στρος
290 3599 344 3654 ἐν
398 3604 514 3662 τοῖς
571 3597 795 3675 χρόνοις
845 3599 1077 3662 Λέοντος
1105 3604 1203 3655 τοῦ
1235 3603 1724 3675 Συρογενοῦς,τοῧ

72 3688 283 3763 πατρὸς
354 3682 663 3744 Καϐαλίνου
746 3688 1174 3746 Κωνσταντίνου.
1232 3690 1291 3746 Ὀ
1367 3688 1526 3751 αὐτὸς
1581 3686 1639 3744 δὲ
1695 3690 1725 3744 6

72 3776 377 3849 Ξυλινίτης
410 3775 814 3855 ἀπεκειραλίσθη
866 3776 942 3840 εἷς
992 3779 1083 3833 τὸν
1136 3775 1411 3853 Σφενδόνα
1458 3778 1603 3854 παρὰ
1630 3781 1727 3833 τοῦ

74 3869 246 3923 αὐτοῦ
278 3867 509 3930 Λέοντος
544 3863 612 3922 δι’
642 3861 966 3936 ἐπιϐουλῆς.

647 3955 777 4031 Περὶ
806 3956 875 4011 τὰ
905 3954 1157 4020 Ἰκασίας.

143 4047 208 4101 Ἡ
268 4044 326 4101 δὲ
372 4046 512 4119 μονὴ
555 4045 623 4100 τὰ
669 4044 904 4106 Ἰκασίας
958 4044 1176 4116 ὶκτίσθη
1208 4046 1335 4118 παρ’
1365 4044 1531 4116 αὐτῆς
1564 4066 1730 4119 μονα-

77 4142 191 4210 χῆς
248 4133 561 4210 γεγονυίας,
610 4131 700 4189 ὅτε
743 4140 844 4203 τῆς
920 4132 1197 4210 βασιλείας
1273 4133 1511 4210 ἀπὲτυχε
1585 4134 1731 4211 παρὰ

74 4222 346 4303 Θεοφίλου
404 4221 697 4299 βασιλέως,
752 4217 1047 4297 σεϐασμίας
1118 4223 1209 4278 καὶ
1266 4221 1468 4297 ὡραίας
1520 4242 1726 4300 τυγχα-

72 4312 299 4384 νούσης.
349 4316 507 4376 Ἥτις
561 4312 652 4367 καὶ
711 4313 958 4380 κανόνας,
1011 4312 1103 4368 καὶ
1161 4314 1402 4389 στιχηρά
1457 4316 1732 4384 ποιήσασα

71 4400 124 4457 ἐν
181 4407 301 4465 τοῖς
353 4402 576 4478 χρόνοις
631 4398 865 4477 Μιχαὴλ
922 4401 1013 4456 καὶ
1062 4400 1352 4480 Θεοφίλου,
1382 4407 1481 4457 τοῦ
1527 4404 1732 4480 πατρὸς

72 4492 266 4562 αὐτοῦ,
297 4489 390 4560 ἔζη
422 4489 473 4547 ἐν
505 4491 666 4564 αὐτῇ.

261 4598 390 4673 Περὶ
418 4604 519 4668 τῆς
545 4597 740 4674 Ἀγίας
768 4596 1035 4671 Δομνίνας
1067 4598 1135 4652 τὰ
1166 4595 1548 4674 Ἀλεξάνδρου.

145 4688 219 4747 Ai.
250 4684 307 4744 εὶ
336 4687 431 4743 δύο
483 4688 639 4761 μοναὶ
684 4693 785 4757 τῆς
815 4687 1000 4763 Ἃγίας
1055 4686 1338 4760 Δομνίνας,
1370 4690 1407 4759 ὴ
1461 4687 1729 4762 ἐπονομα-

73 4778 281 4851 ζομὲνη
309 4779 379 4833 τὰ
408 4773 785 4851 Ἀλεξάνδρου,
818 4774 909 4831 καὶ
951 4778 986 4845 ἡ
1038 4775 1183 4848 ἄλλη
1247 4778 1411 4850 μονὴ,
1442 4777 1508 4832 τὰ
1566 4776 1722 4851 λεγό-

78 4888 215 4941 μενα
259 4867 327 4923 τὰ
384 4864 709 4942 Γρηγορίας,
762 4864 812 4921 ἐν
868 4870 987 4929 τοῖς
1041 4864 1268 4942 χρόνοις
1319 4870 1416 4921 τοῦ
1470 4864 1722 4942 Μεγάλου

74 4953 365 5012 Θεοδοσίου
421 4954 765 5025 ἐκτίσθησαν.
823 4953 1114 5018 Ἑλθυῦσαι
1179 4956 1283 5031 γὰρ
1340 4954 1448 5009 ἀπὸ
1503 4954 1722 5027 Ῥώμης

70 5045 229 5121 εὖρον
275 5047 457 5100 ἄοικον
516 5045 608 5100 τὸν
638 5042 833 5112 τόπον,
862 5042 954 5099 καὶ
1013 5041 1365 5116 αἷτησάμενοι
1419 5044 1510 5099 τὸν
1564 5044 1720 5120 βασι-

78 5133 199 5202 λὲα,
248 5132 478 5191 δέδωκεν
539 5131 730 5195 αὐταῖς
778 5132 870 5187 τὸν
914 5126 1108 5203 τόπον,
1153 5131 1246 5188 καί
1292 5133 1580 5210 ἀνήγειραν
1624 5133 1721 5198 τὰς

79 5246 178 5298 μον
187 5225 270 5287 ἀς.

674 5310 805 5386 Περὶ
833 5313 930 5367 τοῦ
962 5308 1113 5368 Δίου.

139 5404 204 5461 Ὀ
242 5402 389 5465 ὅσιος
436 5406 562 5464 Δῖος
612 5398 976 5473 αἰτησάμενος
1022 5400 1112 5455 καὶ
1147 5399 1308 5461 αὐτὸς
1337 5401 1429 5456 τὸν
1467 5401 1714 5477 βασιλέα,

73 5489 299 5548 δέδωκεν
357 5490 503 5563 αὖτῷ
555 5490 722 5546 τόπον
758 5507 772 5521 ⁸
838 5486 930 5543 καὶ
982 5487 1236 5565 ἀνήγειρε
1288 5489 1388 5558 τὴν
1457 5487 1712 5558 τοιαύτην

74 5584 258 5653 μονήν.

545 5668 673 5745 Περὶ
701 5670 800 5723 τοῦ
832 5664 1219 5742 Μυροκεράτου
1232 5708 1245 5725 .

137 5762 216 5822 Τὸ
272 5759 330 5819 δὶ
384 5759 726 5834 καλούμενον
781 5752 1159 5832 Μυροκὲρατον
1218 5753 1435 5829 ἐκτίσθη
1488 5754 1540 5812 ἐν
1596 5759 1714 5821 τοῖς

1758 4637 1807 4699 D

1833 3330 2075 3402 accepit.

2282 3419 2357 3474 De
2385 3415 2717 3473 monasterio
2745 3412 3031 3486 Xylinitae.

1906 3507 2325 3565 Monasterium
2382 3504 2659 3577 Xylinita:
2718 3503 3125 3573 nuncupatum
3174 3496 3482 3553 adiﬁcavit

1832 3599 2069 3654 Nicetas
2100 3596 2378 3670 magister
2417 3594 2529 3651 sub
2565 3598 2750 3648 Leone
2797 3588 3076 3654 Isaurico,
3109 3584 3480 3642 Constantini

1835 3686 2118 3744 Caballini
2153 3690 2332 3759 patre.
2371 3686 2496 3757 Ipse
2545 3688 2739 3737 autem
2784 3679 3017 3734 Nicetes
3049 3675 3336 3748 Xylinites
3387 3690 3492 3746 per

1835 3777 2080 3833 insidias
2120 3775 2445 3832 decollatus
2497 3773 2609 3828 fuit
2655 3770 2715 3825 in
2764 3766 3115 3840 Sphendone
3164 3763 3237 3820 ab
3282 3763 3488 3819 eodem

1838 3869 2049 3924 Leone.

2327 3954 2401 4009 De
2429 3949 2763 4008 monasterio
2794 3945 3006 4001 (casia.

1908 4043 2329 4103 Monasterium
2379 4039 2574 4097 lossia:
2625 4035 2890 4094 condidit
2938 4031 3123 4088 Icasia
3170 4029 3496 4087 sanctimo-

1840 4134 2035 4204 nialis,
2078 4132 2314 4205 quando
2372 4128 2619 4202 imperio
2666 4122 2906 4197 repulsa
2953 4124 3043 4177 est
3092 4136 3126 4175 a
3171 4116 3495 4190 Theophila

1840 4224 2212 4296 imperatore,
2234 4220 2344 4276 etsi
2376 4220 2586 4275 decora
2605 4219 2663 4271 et
2683 4214 2935 4285 augusta
2965 4209 3160 4296 specie
3191 4211 3333 4263 erat.
3357 4207 3493 4271 Qum

1840 4294 1974 4369 cum
2008 4312 2067 4367 in
2099 4311 2305 4366 eodem
2337 4304 2695 4364 monasterio
2744 4301 2855 4358 sub
2909 4295 3186 4354 Michaele
3216 4300 3273 4351 et
3300 4294 3493 4351 Theo-

1840 4400 2003 4474 philo
2034 4401 2164 4470 ejus
2212 4397 2330 4454 ﬁlio
2361 4397 2575 4452 viveret
2612 4391 2863 4465 hymnos
2891 4392 2949 4445 et
2977 4384 3295 4444 versiculos
3326 4400 3492 4440 com-

1839 4488 2056 4562 posuit.

1892 4598 1967 4653 Dc
1992 4595 2324 4653 monasterio
2354 4592 2408 4649 S.
2442 4590 2737 4647 Domninae
2764 4585 3086 4656 cognomine
3116 4578 3437 4637 Alexandri.

1910 4685 2035 4741 Duo
2076 4684 2195 4739 hazc
2228 4679 2609 4744 monasteria,
2644 4691 2895 4749 quorum
2936 4672 3184 4728 alterum
3216 4669 3276 4724 S.
3310 4668 3483 4724 Dom-

1835 4774 2009 4839 ninaa,
2041 4772 2392 4845 cognomine
2433 4765 2779 4830 Alexandri;
2814 4763 3068 4819 alterum
3106 4775 3240 4814 vero
3270 4756 3487 4829 Grego-

1834 4864 1930 4918 rias
1970 4863 2211 4929 dicitur,
2236 4861 2346 4916 sub
2376 4854 2704 4913 Theodosio
2748 4853 2957 4924 Magno
2987 4848 3273 4906 aedificata
3304 4845 3485 4902 fuere.

1832 4950 2064 5007 Etenim
2098 4956 2237 5006 tunc
2280 4944 2563 5018 temporis
2611 4946 2826 4999 sanctae
2875 4938 2988 4994 illas
3039 4936 3268 4993 feminea
3302 4934 3486 4989 Roma

1829 5043 2137 5107 venerunt,
2179 5040 2237 5092 et
2296 5036 2449 5090 facta
2505 5032 2575 5088 ab
2631 5030 2986 5102 imperatore
3042 5024 3155 5082 loci
3211 5022 3484 5094 hujus,a

1832 5128 2067 5185 nemine
2120 5123 2405 5195 habitati,
2454 5120 2645 5194 copia,
2694 5114 3055 5173 monasteria
3109 5111 3192 5168 ibi
3250 5114 3484 5168 exstru-

1826 5234 1984 5275 xere.

2369 5303 2444 5357 De
2471 5296 2813 5355 monasterio
2842 5293 2953 5349 Dii.

1899 5396 2185 5454 Similiter
2214 5398 2271 5450 et
2301 5392 2360 5447 S.
2394 5389 2538 5446 Dius
2579 5387 2773 5441 locum
2809 5381 2881 5436 ab
2912 5379 3264 5449 imperatore
3293 5374 3479 5448 petiit,

1825 5503 1939 5559 quo
1971 5487 2285 5558 impetrato
2317 5475 2742 5536 monasterium
2775 5471 2886 5527 hoc
2917 5465 3198 5525 condidit.

2124 5665 2193 5719 Dc
2218 5659 2551 5718 monasterio
2582 5651 2977 5726 Myroceratum
3003 5645 3170 5701 dicto.

1894 5752 2309 5812 Monasterium
2336 5744 2683 5821 cognomine
2712 5738 3141 5813 Myroceratum
3170 5731 3280 5791 sub
3310 5730 3469 5787 Mau-
