4056 6346
467 405 618 467 1271

1426 399 1825 462 APPENDIX
1866 399 1968 459 AD
2013 396 2477 459 MICHAELEM
2524 397 2911 470 PSELLUM,

3720 404 3881 463 1272

458 539 607 598 ricio
664 539 1017 610 imperatore
1073 535 1373 592 conditum
1434 536 1563 591 fuit.
1613 536 1865 592 Narrant
1909 537 2105 589 autem

2258 531 2450 605 pavor:
2505 529 2809 607 Μαυρικίου
2867 528 3162 606 βασιλέως.
3203 530 3343 585 Φασὶ
3406 529 3464 586 δὶ
3513 532 3724 590 πολλοὶ
3779 540 3880 588 τῶν

467 629 640 684 multi
671 644 739 682 ex
769 626 1085 693 historicis,
1120 625 1302 681 fuisse
1350 627 1405 679 in
1458 626 1566 681 hoc
1598 624 1956 681 monasterio
1988 640 2120 678 sus-

467 732 716 789 pensum
771 732 949 769 cornu
1004 713 1137 780 olei,
1172 730 1288 786 quo
1340 714 1572 770 Samuel
1624 713 1911 786 prOpheta
1958 728 2123 784 reges

464 806 804 862 Judaeorum
865 804 1219 875 inungebat;
1276 808 1453 875 atque
1501 803 1641 859 inde
1697 801 2122 858 monasterium

466 911 682 951 nomen
717 892 1039 965 accepisse.

739 1001 814 1057 De
842 1002 1185 1056 monasterio
1224 1002 1485 1073 Procopii
1511 1008 1850 1071 nuncupata.

538 1090 955 1147 Monasterium
1031 1089 1294 1161 Procopii
1374 1089 1721 1161 cognomine
1806 1086 2115 1143 aedificavit

464 1179 745 1251 Procopia
799 1181 1101 1249 Augusta,
1166 1177 1285 1233 ﬁlia
1342 1177 1660 1249 Nicephori
1717 1173 2104 1233 Seleuciensis

466 1286 611 1325 uxor
664 1266 964 1324 Michaelis
1023 1266 1323 1339 Rhangale
1390 1265 1813 1339 excuropalatae
1872 1265 2097 1336 impera

473 1360 637 1416 toris.

709 1451 782 1503 De
814 1450 1154 1504 monasterio
1188 1452 1451 1516 Augusta:
1479 1448 1883 1519 cognominata.

541 1538 959 1594 Monasterium
1017 1538 1385 1604 monialium,
1434 1538 1589 1609 quod
1639 1540 1914 1607 Angusta:
1956 1552 2126 1591 voca-

480 1632 599 1693 tur,
624 1627 899 1683 Justinus
921 1628 1113 1682 Thrax
1134 1627 1581 1699 potentissimus
1616 1626 1927 1681 mdiiicavit
1963 1626 2128 1681 uxori

477 1733 595 1773 sua:
629 1717 985 1788 Euphemiaa,
1020 1734 1153 1772 cum
1204 1717 1335 1788 ejus
1376 1716 1497 1772 illic
1526 1732 1738 1787 corpus
1769 1718 1926 1771 esset
1954 1731 2120 1786 repo-

476 1805 686 1861 situm.

545 1918 626 1968 De
653 1914 993 1969 monasterio
1024 1914 1301 1968 Bethleem
1334 1913 1499 1977 dicto,
1532 1917 1588 1967 et
1617 1913 1690 1968 de
1716 1912 2052 1967 monasterio

1000 1986 1329 2053 cognomine
1357 1984 1594 2040 Gauria.

543 2073 968 2129 Monasterium
1036 2073 1331 2129 Bethleem
1418 2072 1778 2145 appellatum
1849 2072 2135 2128 exstruxit

470 2162 709 2219 Helena.
744 2163 1167 2218 Monasterium
1222 2168 1419 2217 autem
1452 2162 1685 2218 Gastria
1733 2162 1868 2217 inde
1918 2178 2132 2217 nomen

472 2251 713 2323 accepit,
746 2252 925 2322 quod,
958 2268 1093 2306 cum
1134 2253 1191 2307 S.
1228 2251 1443 2307 Helena
1492 2251 1884 2307 venerandam
1917 2236 2133 2305 Christi

474 2357 707 2397 crucem
767 2340 1187 2409 Hierosolymis
1240 2340 1493 2407 aﬂerret,
1544 2358 1673 2396 eam
1733 2340 1932 2395 intulit
1981 2341 2133 2395 Con-

476 2429 921 2501 stantinopolim
974 2446 1077 2501 per
1107 2435 1333 2501 portam
1387 2431 1720 2497 Psamatba,
1751 2435 1809 2485 et
1855 2447 1981 2501 quae
2030 2446 2131 2483 su-

478 2536 580 2591 pra
630 2535 863 2574 crucem
918 2523 1147 2590 reperta
1197 2524 1385 2586 erant,
1438 2519 1579 2588 lilia,
1632 2518 1898 2584 basilica,
1946 2535 2132 2588 rosas,

478 2608 860 2680 sampsucba,
912 2614 1125 2678 costos,
1167 2608 1450 2674 balsama,
1484 2626 1551 2664 ea
1594 2609 1812 2675 omnia,
1845 2624 1959 2679 quo
1992 2625 2135 2663 con-

478 2701 874 2766 servarentur,
910 2698 968 2752 in
1018 2699 1176 2753 vasis
1227 2698 1536 2770 plantavit.
1569 2699 1637 2753 Et
1675 2714 1807 2753 cum
1859 2698 2132 2753 divertis-

477 2792 569 2842 sel:
600 2785 681 2842 ibi
732 2786 791 2841 in
845 2788 1291 2857 monasterium,
1327 2787 1520 2843 locum
1572 2787 1740 2842 illum
1770 2788 1999 2842 Gastria
2030 2804 2130 2859 ap-

480 2874 740 2947 pallavit.

691 2984 765 3038 De
808 2985 1143 3039 monasterio
1171 2988 1231 3039 S.
1266 2983 1556 3039 Mamanli:
1598 2983 1921 3055 cognomine

1154 3056 1455 3127 Xylocerci.

551 3142 976 3199 Monasterium
1011 3144 1068 3198 S.
1103 3144 1439 3213 Mamantis,
1470 3144 1623 3216 quod
1655 3143 2010 3217 Xylocercus
2041 3145 2131 3200 di-

474 3232 656 3298 citur,
690 3232 991 3287 aediﬁcavit
1012 3232 1274 3287 Mauricii
1306 3250 1489 3288 soror.
1518 3232 1623 3289 Illa
1652 3234 1831 3301 enim,
1856 3234 2132 3289 Mauricio

491 3325 549 3376 et
579 3319 780 3374 liberis
812 3322 940 3391 ejus
973 3322 1027 3388 [a
1054 3321 1245 3376 Pboca
1282 3324 1551 3394 tyranno]
1586 3324 1641 3377 in
1676 3330 1844 3395 portu
1880 3316 2140 3395 Eutropii

481 3408 831 3470 interfectis,
874 3408 1116 3465 collecta
1166 3426 1369 3466 eorum
1418 3429 1662 3484 corpora
1710 3414 1787 3467 ibi
1840 3414 2139 3485 deposuit-

482 3498 768 3554 Cazterum
793 3500 1057 3554 Mauricii
1091 3518 1329 3556 uxorem
1359 3519 1477 3556 una
1499 3519 1632 3557 cum
1658 3502 1895 3558 filiabus
1925 3504 2141 3559 tribus:

484 3588 745 3660 primum
780 3590 1016 3660 quidem
1042 3590 1264 3645 Phocas
1290 3590 1724 3663 aliquantulum
1758 3592 1813 3647 in
1852 3599 2143 3649 monaste-

484 3676 570 3733 rio
601 3677 951 3750 cognomine
1001 3678 1179 3746 Nova,
1216 3680 1477 3735 inclusas
1532 3680 1812 3749 servavit;
1849 3681 1979 3736 dein
2012 3699 2144 3738 vero

482 3782 580 3821 eas
606 3765 915 3822 decollavit
940 3784 952 3823 :
980 3784 1171 3840 neque
1194 3769 1391 3825 uxoris
1420 3769 1683 3824 Mauricii
1708 3787 1922 3842 corpus
1952 3777 2147 3826 tumu-

485 3855 672 3911 latum
708 3871 837 3911 esse
890 3856 1092 3925 voluit,
1125 3859 1227 3913 sed
1260 3858 1317 3912 in
1354 3874 1513 3913 mare
1562 3860 1752 3931 capite
1806 3864 2145 3916 truncatum

484 3944 693 4019 projici
718 3946 929 4016 jussit;
958 3946 1411 4018 universamque
1439 3948 1705 4003 Mauricii
1739 3950 2145 4021 cognationem

488 4032 805 4089 crudeliter
834 4034 1112 4104 perdidit.

972 4123 1047 4177 De
1073 4125 1413 4179 monasterio
1447 4124 1658 4182 Chorae.

560 4209 984 4265 Monasterium
1002 4211 1201 4266 Cborae
1222 4214 1384 4284 prius
1403 4215 1641 4285 quidem
1658 4214 1977 4271 oratorium
2000 4220 2146 4274 erat.

491 4298 733 4368 Crispus
773 4303 969 4353 autem
1012 4301 1324 4371 prtafectus
1356 4308 1411 4358 et
1441 4320 1621 4375 gener
1654 4305 1914 4359 crudelis
1948 4304 2148 4360 Phocea

491 4386 853 4457 Cappadocis
884 4403 951 4442 eo
982 4387 1277 4461 relegatus
1311 4391 1441 4460 fuit,
1476 4395 1632 4463 quod
1664 4393 1928 4448 Heraclio
1962 4393 2152 4465 impe-

493 4475 671 4529 ratori
723 4482 1035 4546 suspectus
1086 4484 1260 4534 esset.
1298 4481 1526 4536 Etenim
1579 4483 1704 4552 ipse
1736 4484 1978 4553 Crispus
2009 4499 2149 4537 con-

494 4561 816 4633 spiratione
840 4565 990 4621 tacta
1011 4582 1144 4623 cum
1168 4568 1430 4624 Heraclio
1457 4570 1659 4625 urbem
1685 4588 1818 4625 cum
1842 4570 2150 4625 maritimis

2232 621 2542 696 ἱστορικῶν,
2576 620 2657 675 ὅτι
2716 622 2779 675 τὸ
2837 620 2994 696 κὲρας
3050 623 3144 674 τοῦ
3198 619 3406 687 ἐλαίου,
3442 622 3578 698 ὅπερ
3639 625 3755 699 εἶχε
3790 631 3888 678 Σα-

2239 710 2421 784 μουὴλ
2480 713 2508 766 ὁ
2568 713 2876 788 προφήτης,
2938 711 3027 765 καὶ
3088 706 3241 786 ἔχριε
3295 711 3426 775 τοὺς
3492 712 3762 789 βασιλεῖς,
3817 714 3889 774 εἷς

2232 803 2333 870 τὴν
2388 801 2554 869 αὐτὴν
2618 802 2792 875 μονὴν
2852 800 3141 877 ἐκρέματο,
3199 802 3290 855 καὶ
3349 798 3438 856 διὰ
3504 808 3667 858 τοῦτο
3718 802 3892 863 οῧτως

2236 889 2470 962 ἐκλήθη.

2763 997 2895 1072 Περὶ
2924 998 2991 1052 τὰ
3029 998 3361 1074 Προκοπίου.

2307 1087 2370 1142 Ἦ
2416 1084 2727 1158 καλουμένη
2788 1086 2928 1158 μονή
2986 1087 3053 1141 τὰ
3098 1087 3413 1163 Προκοπίου
3469 1086 3691 1158 ἐκτίσθη
3750 1091 3898 1164 παρὰ

2238 1176 2552 1249 Ηροκοπίας
2610 1173 2921 1245 δεσποίνης,
2962 1181 3061 1245 τῆς
3110 1177 3374 1254 θυγατρὸς
3422 1178 3746 1253 Νικηφόρου
3801 1182 3897 1232 τοῦ

2240 1263 2555 1336 Σελευκίου,
2602 1264 2691 1319 καὶ
2734 1265 2987 1340 γυναικὸς
3041 1264 3272 1341 Μιχαὴλ
3320 1262 3601 1343 Ῥαγγαϐὶ,
3631 1270 3732 1321 τοῦ
3792 1267 3897 1321 ἀπὸ

2238 1352 2691 1429 κουροπαλάτων.

2576 1442 2705 1515 Περὶ
2737 1449 2836 1511 τῆς
2870 1450 3041 1516 μονῆς
3070 1450 3169 1513 τῆς
3201 1443 3541 1519 Αὖγοῦστης.

2306 1532 2411 1599 Τὴν
2455 1528 2512 1585 δὶ
2557 1531 2858 1607 γυναικείαν
2917 1534 3091 1604 μονὴν
3140 1535 3241 1603 τήν
3290 1531 3639 1607 καλουμίνην
3675 1534 3899 1608 Αὐγού-

2240 1642 2391 1692 στης,
2424 1622 2720 1682 Ἰουστῖνος
2772 1621 2799 1674 6
2854 1622 2991 1696 Θρᾲξ
3040 1623 3067 1675 ὁ
3129 1621 3411 1697 κράτιστος
3458 1618 3636 1678 ἔκτισε
3694 1623 3896 1693 ταύτην

2234 1713 2302 1783 τῇ
2334 1708 2544 1784 γυναικῖ
2576 1709 2740 1764 αὐτοῦ
2774 1710 3033 1787 [εὐφημίᾳ
3068 1731 3080 1744 ·
3112 1712 3258 1766 τεθὲν
3292 1712 3380 1766 καὶ
3409 1712 3473 1767 τὸ
3533 1716 3695 1786 σῶμα
3728 1711 3902 1781 αὐτῆς

2236 1796 2429 1856 ἐκεῖσε.
3046 1812 3051 1815 ’

2154 1906 2359 1982 ΒΠερὶ
2416 1914 2518 1975 τῆς
2574 1914 2747 1980 μονῆς
2802 1914 2905 1976 τῆς
2966 1905 3245 1984 Βηβλεὶμ,
3304 1908 3393 1963 καὶ
3452 1910 3579 1984 περὶ
3635 1916 3739 1978 τῆς
3807 1915 3912 1963 Γα-

2949 1980 3172 2054 στρίων.

2308 2071 2526 2124 ’Ἐκτισε
2575 2065 2632 2123 δὲ
2687 2068 2776 2123 καὶ
2836 2070 2935 2138 τὴν
3001 2071 3170 2141 μονὴν
3235 2072 3333 2139 τὴν
3394 2067 3721 2144 Βηθλεὶμὴ
3783 2070 3909 2144 ἁγία

2253 2155 2452 2227 Ελὲνη.
2502 2156 2737 2233 Γαστρία
2792 2154 2850 2212 δὲ
2900 2156 3148 2213 καλεῖται
3209 2158 3381 2220 οὕτως
3415 2177 3428 2190 ·
3483 2160 3619 2229 αὕτη
3683 2162 3719 2228 ἡ
3783 2160 3910 2233 ἁγία

2238 2247 2429 2315 ἘΛὲνη
2474 2247 2748 2318 κομίσασα
2798 2247 2905 2300 ἀπὸ
2936 2246 3305 2323 Ἰερουσαλὴμ
3351 2248 3441 2302 τὸν
3500 2249 3689 2319 τίμιον
3746 2270 3912 2302 σταυ-

2240 2335 2355 2411 ρὸν,
2391 2334 2643 2410 εἰσήγαγε
2673 2339 2864 2389 τοῦτον
2920 2332 3008 2389 διὰ
3057 2340 3157 2400 τῆς
3206 2337 3414 2409 πόρτης
3465 2341 3561 2390 τοῦ
3615 2337 3865 2409 Ψαμαθὰ
3897 2356 3909 2369 ·

2236 2424 2327 2478 καὶ
2388 2424 2452 2478 τὰ
2509 2425 2793 2499 εὑρεθέντα
2851 2426 3052 2479 ἄνωθεν
3102 2430 3197 2479 τοῦ
3262 2430 3492 2499 σταυροῦ
3544 2427 3710 2499 κρίνα
3736 2448 3797 2480 τε
3828 2430 3908 2480 καὶ

2242 2512 2520 2587 βασιλικὰ,
2577 2512 2667 2567 καὶ
2718 2512 3149 2590 τριαντάφυλλα,
3202 2513 3291 2568 καί
3347 2515 3637 2590 σάμψυχα,
3681 2516 3910 2579 κόστους

2242 2602 2332 2656 καὶ
2368 2600 2642 2675 βάλσαμα,
2677 2600 2955 2679 ἐφύτευσεν
2991 2603 3067 2667 εἰς
3095 2604 3325 2681 γάστρας
3354 2606 3489 2679 πρὸς
3516 2604 3579 2659 τὸ
3614 2602 3908 2660 διασῶσαι.

2244 2692 2341 2745 Καὶ
2395 2689 2781 2761 ἀπληκεύσασα
2827 2691 2997 2747 ἐκεῖσε
3047 2692 3123 2756 είς
3150 2694 3248 2762 τὴν
3285 2694 3480 2766 μονήν,
3518 2692 3790 2767 ὠνόμασε
3824 2695 3911 2748 τὸν

2240 2780 2409 2835 τόπον
2440 2782 2692 2856 Γάστρια.

2243 2975 2371 3052 Περὶ
2438 2980 2537 3041 τῆς
2620 2979 2791 3050 μονῆς
2866 2976 2931 3031 τὰ
3007 2976 3381 3055 Ξυλοκὲρκου,
3443 2978 3469 3033 ὁ
3525 2980 3736 3054 ’Δγιος
3814 2981 3919 3036 Mi-

3006 3070 3127 3121 μας.

2310 3139 2373 3194 Ἡ
2407 3135 2462 3192 δὲ
2498 3138 2635 3210 μονὴ
2686 3140 2719 3207 ἡ
2787 3136 3157 3209 Ξυλὸκερκος,
3192 3140 3220 3193 ὁ
3250 3142 3440 3213 ’Ἀγιος
3488 3138 3692 3211 Μάμας
3754 3140 3901 3215 παρὰ

2250 3234 2349 3297 τῆς
2426 3225 2671 3302 ἀδελφῆς
2756 3226 3063 3300 Μαυρικίου
3146 3226 3384 3298 ἐκτίσθη.
3442 3229 3593 3284 Μετὰ
3677 3230 3790 3303 γὰρ
3853 3231 3910 3282 τὸ

2253 3318 2599 3393 ἀναιρεθῆναι
2658 3316 2747 3370 τὸν
2809 3315 3107 3389 Μαυρίκιον
3178 3316 3254 3378 εἷς
3322 3318 3415 3372 τὸν
3474 3316 3784 3393 Εὐτροπέου
3834 3316 3914 3372 λιι

2256 3408 2384 3479 μένα
2435 3405 2526 3459 συν
2582 3407 2710 3459 πᾶσι
2770 3411 2885 3466 τοῖς
2934 3407 3149 3467 τέκνοις
3198 3405 3384 3478 αὐτοῦ,
3415 3407 3503 3461 καὶ
3536 3401 3786 3461 λαϐοῦσα
3854 3408 3914 3460 1i

2252 3496 2479 3568 σώματα
2552 3493 2727 3549 αὐτῶν
2805 3495 3058 3558 κατέθετο
3128 3495 3316 3551 ἐκεῖσε.
3378 3498 3491 3565 Τὴν
3569 3492 3625 3549 δὲ
3677 3501 3912 3569 γυναῖκα

2252 3584 2417 3640 αὐτοῦ
2469 3584 2557 3639 καὶ
2613 3584 2709 3646 τὰς
2767 3589 2912 3658 τρεῖς
2976 3584 3269 3659 θυγατέρας
3320 3584 3395 3646 εἷς
3423 3586 3519 3653 τήν
3553 3587 3726 3657 μονήν
3788 3586 3908 3640 ἑκά-

2253 3676 2393 3730 Θισεν
2459 3675 2639 3744 αὐτὰς,
2670 3675 2736 3727 τὰ
2794 3675 2925 3741 Νὲα,
2958 3674 3095 3747 πρὸς
3154 3671 3336 3749 ὀλίγον
3372 3692 3385 3705 ·
3422 3674 3520 3738 εἷθ’
3550 3673 3723 3735 οὕτως
3786 3676 3911 3729 ἀπε-

2253 3763 2538 3842 κεφάλισεν
2598 3762 2760 3825 αὐτὰς
2811 3764 3006 3825 Φώκας
3039 3784 3051 3797 ·
3084 3764 3174 3817 καὶ
3232 3763 3331 3817 οὐκ
3373 3760 3492 3817 ἔασε
3541 3764 3639 3831 τήν
3680 3769 3911 3837 γυναῖκα

2254 3852 2565 3928 Μαυρικίου
2621 3859 2878 3928 ταφῆναι,
2912 3849 3039 3907 ἀλλ’
3084 3852 3159 3914 εἷς
3208 3854 3307 3920 τήν
3366 3850 3636 3906 θάλασσαν
3689 3850 3907 3927 ξῤῥιψεν

2256 3940 2772 4020 ἁποκεφαλισῦεῖσαν
2809 3960 2822 3972 ·
2882 3942 2970 3996 καὶ
3048 3948 3221 3995 πᾶσαν
3282 3941 3381 4010 τήν
3449 3942 3635 4015 γενεὰν
3695 3943 3915 4013 Μαυρι-

2254 4033 2377 4086 κίου
2409 4033 2606 4093 Φώκας
2637 4026 2810 4085 ὤλεσε
2838 4034 3073 4105 πικρῶς.

2826 4120 2957 4193 Περὶ
2990 4125 3090 4189 τῆς
3118 4120 3336 4191 Χώρας.

2328 4212 2387 4267 Ἣ
2437 4210 2577 4283 μονὴ
2638 4211 2671 4278 ἡ
2730 4209 2894 4285 Χώρα
2951 4212 3171 4283 πρῶτον
3206 4208 3303 4281 μὲν
3335 4207 3618 4282 εὖκτήριον
3650 4208 3741 4277 ἦν.
3781 4211 3917 4282 Κρί-

2260 4321 2391 4361 σπος
2452 4298 2509 4354 δὲ
2564 4301 2591 4353 ὁ
2640 4295 2879 4373 ἔπαρχος
2935 4298 3025 4352 καὶ
3081 4292 3329 4373 γαμϐρὸς
3399 4301 3495 4352 τοῦ
3554 4295 3918 4359 Καππάδοκος

2258 4391 2347 4445 καὶ
2408 4391 2644 4459 ἀπηνοῦς
2706 4388 2873 4442 Φώκα
2925 4387 3259 4461 περιωρίσοη
3312 4387 3501 4457 ἐκεῖσε,
3533 4387 3615 4441 ὅτι
3677 4386 3726 4441 ἐν
3791 4390 3917 4442 6110-

2262 4480 2425 4554 λήψει
2477 4481 2671 4555 γέγονε
2714 4482 2810 4533 τοῦ
2841 4475 3166 4553 Ἡρακλείου
3196 4482 3291 4531 τοῦ
3327 4475 3596 4552 βασιλᾶως
3656 4478 3752 4531 Καὶ
3816 4478 3912 4551 γὰρ

2259 4570 2349 4625 καὶ
2404 4571 2547 4641 αὐτῷ
2605 4569 2979 4643 συγκροτήσας
3034 4568 3062 4621 ὁ
3118 4566 3278 4630 αὐτὸς
3328 4566 3586 4641 Κρίσπος,
3630 4568 3720 4621 καὶ
3781 4587 3918 4641 κρα-

495 4652 678 4722 copiis
720 4655 1065 4726 occupavit:
1100 4658 1208 4712 etsi
1256 4659 1455 4713 Phocaa
1505 4675 1686 4730 gener
1734 4664 1910 4715 esset.
1945 4659 2137 4714 Postea

2258 4662 2425 4730 τήσας
2484 4656 2721 4726 διά,τῆς
2779 4655 3057 4725 Θαλασσης
3111 4657 3210 4723 τήν
3293 4652 3597 4729 βασιλείαν,
3664 4650 3914 4729 γαμϐρὸς

491 4756 627 4796 vero
672 4759 805 4797 cum
857 4744 1011 4815 regis
1064 4745 1287 4801 litteras
1319 4752 1525 4802 contra
1575 4748 1771 4819 ipsum
1822 4739 2155 4822 accepisset

496 4830 827 4897 Heraclius,
854 4833 939 4887 sic
970 4834 1241 4905 Crispum
1273 4835 1563 4892 allocutus
1594 4844 1718 4893 est:
1756 4839 1948 4908 Miser,
1974 4856 2149 4911 gene-

498 4935 631 4975 rum
662 4925 716 4975 te
749 4938 862 4976 non
898 4923 1317 4994 prmstitisti,et
1339 4928 1629 4997 quomodo
1658 4928 1914 4984 amicum
1944 4935 1998 4985 te
2020 4947 2149 4986 vere

498 5009 855 5079 praestabis?
887 5011 1070 5083 igitur
1099 5012 1206 5067 hac
1238 5014 1309 5068 de
1342 5030 1400 5069 re
1429 5014 1582 5071 istuc
1613 5016 1925 5089 relegatus,
1952 5035 2150 5074 mona-

500 5096 747 5151 sterium
784 5098 888 5153 hoc
922 5116 1202 5171 magnum
1242 5119 1307 5157 ac
1347 5102 1657 5174 pulchrum
1691 5107 1993 5162 exstruxit.
2028 5111 2148 5163 Cae-

500 5188 693 5240 terum
727 5186 863 5241 inde
892 5187 1088 5243 Cborm
1112 5207 1322 5246 nomen
1356 5194 1599 5265 accepit,
1625 5196 1776 5265 quod
1810 5196 2024 5252 ibidem
2058 5214 2147 5252 es-

502 5278 590 5327 set
614 5278 777 5329 extra
800 5276 1141 5348 Byzantium
1174 5278 1337 5336 locus
1369 5282 1841 5353 Byzantinorum,
1865 5287 2147 5357 quemad-

504 5364 746 5419 modum
780 5368 835 5420 et
868 5366 1059 5422 Studii
1092 5367 1257 5424 locus
1289 5374 1449 5425 extra
1481 5371 1684 5427 urbem
1717 5378 1862 5429 erat.

1029 5475 1103 5531 De
1130 5475 1325 5533 Sancta
1367 5478 1622 5535 Romano.

576 5558 778 5616 Edem
837 5561 897 5619 S.
944 5563 1191 5620 Romani
1249 5567 1513 5622 condidit
1566 5573 1770 5625 sancta
1826 5571 2061 5642 Helena,
2093 5576 2151 5628 et

506 5648 770 5719 proxime
801 5666 928 5705 eam
978 5670 1209 5709 sacrum
1260 5654 1539 5723 loculum,
1569 5658 1628 5713 in
1661 5676 1837 5730 quem
1871 5662 2151 5733 reliquias

506 5734 808 5804 prOphetas
834 5739 1108 5806 Danielis,
1132 5743 1189 5797 S.
1213 5742 1458 5798 Romani
1480 5747 2149 5823 martyris,aliorumque

2260 4751 2548 4825 τυγχάνων
2602 4749 2768 4802 Φώκα
2802 4765 2815 4778 '
2866 4745 2956 4799 καὶ
3010 4747 3145 4818 μετὰ
3190 4749 3351 4800 τοῦτο
3414 4743 3687 4821 βασιλεως
3738 4747 3919 4818 γράμ-

2264 4860 2406 4912 ματα
2452 4838 2567 4892 κατ’
2614 4835 2778 4891 αὐτοῦ
2837 4831 3125 4905 δεξάμενος
3172 4834 3200 4888 ὁ
3232 4831 3553 4909 Ἡράκλειος
3613 4831 3714 4911 ἔφη
3766 4832 3917 4903 αὐτῷ

2260 4928 2478 4991 οὕτως’
2538 4924 2748 4996 Ἀθλιε,
2807 4917 3057 4998 γαμϐρὸν
3117 4921 3217 4976 οὐκ
3288 4920 3571 4992 ἐποίησας,
3629 4923 3722 4976 καὶ
3795 4927 3914 4982 πῶς

2259 5014 2437 5087 ἀληθῆ
2491 5013 2649 5091 φίλον
2705 5013 2985 5082 ποιήσεις;
3020 5012 3118 5065 Διά
3170 5015 3337 5066 ταῦτα
3384 5010 3476 5065 οὖν
3528 5010 3703 5065 ἐκεῖσε
3732 5032 3916 5086 περιο-

2260 5105 2460 5178 ρισθιὶς
2517 5099 2692 5157 ἔκτισε
2745 5099 2945 5168 ταύτην
3034 5096 3110 5158 εἷς
3194 5095 3405 5159 κάλλος
3488 5096 3579 5151 καὶ
3660 5096 3911 5171 μέγεθος.

2255 5190 2571 5262 Ἐπεκλήθη
2622 5188 2679 5245 δὲ
2730 5188 2916 5264 Χώρα,
2953 5184 3091 5241 διότι
3121 5191 3228 5240 τῶν
3262 5186 3568 5254 Βυζαντίων
3604 5186 3816 5261 χωρίον
3848 5187 3911 5253 ἦν

2260 5281 2429 5335 ἐκεῖσε
2489 5279 2589 5351 ἔξω
2643 5285 2739 5334 τοῦ
2807 5276 3123 5346 Βυζαντίου,
3182 5274 3318 5330 καθὰ
3380 5274 3472 5329 καὶ
3522 5274 3590 5330 τὰ
3648 5272 3916 5330 Στουδὲου

2258 5369 2491 5446 χωρίον,
2523 5369 2612 5424 καὶ
2645 5368 2776 5423 αὐτὸ
2820 5367 3087 5440 ὑπῆρχεν.

2678 5475 2806 5550 Περὶ
2834 5477 2934 5529 τοῦ
2956 5471 3146 5547 Ἀγίου
3176 5472 3487 5544 Ῥωμανοῢ.

2327 5567 2425 5621 Τὸν
2480 5567 2633 5641 ἅγιον
2693 5564 2968 5638 Ῥωμανὸν
3030 5564 3065 5631 ἠ
3126 5558 3251 5637 ἁγία
3303 5560 3493 5631 Ἑλένη
3553 5556 3751 5621 ἔκτισε.
3794 5564 3907 5630 Tia

2260 5653 2317 5710 δὲ
2358 5655 2593 5726 πλησίον
2643 5655 2810 5709 αὐτοῦ
2868 5652 3023 5728 ἁγίαν
3074 5650 3267 5725 Σορὸν,
3299 5649 3389 5704 καὶ
3428 5650 3492 5705 τὸ
3523 5647 3782 5724 λείψανον
3815 5655 3907 5704 τοῦ

2259 5744 2411 5819 ἁγίου
2458 5746 2745 5824 προφήτου
2802 5739 3029 5813 Δανιὴλ,
3084 5738 3175 5794 καὶ
3244 5741 3341 5793 τοῦ
3404 5739 3563 5816 ἁγίου
3620 5741 3903 5815 Ῥωμανοῦ
