4056 6346
234 409 260 466 1
272 407 390 466 273

1361 399 1720 462 ANONYMI
1765 398 2348 472 ANTIQUITATES
2394 399 2512 461 ΟΡ.

3491 402 3647 460 12⁵14

227 540 329 591 105
364 536 658 610 μάρτυρος,
679 534 773 589 καὶ
804 537 911 588 τῶν
959 531 1172 588 λοιπῶν
1214 537 1538 611 προφητῶν,
1570 536 1679 586 τῶν
1712 531 1882 586 ἰκεῖσε

2011 531 2436 604 Jrophetarum,
2460 531 2557 602 qui
2588 531 2808 587 ibidem
2833 532 3058 602 jaceat,
3082 531 3302 601 intulit,
3327 548 3393 586 ac
3422 548 3555 587 eum
3590 533 3649 588 in

230 626 497 698 κειμὲνων
529 627 564 695 ἠ
612 624 748 693 αὐτὴ
801 624 924 699 ἁγία
980 621 1177 692 Ἐλένη
1225 623 1489 698 ἀνήγαγε,
1521 621 1611 676 καὶ
1652 622 1885 685 τίθεικεν

236 713 430 772 ἐκεῖσε.
480 715 542 768 Οἱ
575 711 633 769 δὶ
679 715 849 788 ἅγιοι,
896 712 925 766 6'
980 733 1038 767 τε
1104 713 1308 786 Ἰωσήφ
1370 713 1398 767 6
1455 712 1691 782 ποιητὴς
1738 711 1825 766 καὶ
1859 712 1886 765 6

234 799 474 880 ἀδελφὰς
529 801 691 857 αὐτοῦ
742 798 1023 874 Θεόδωρος
1075 801 1103 854 ὁ
1146 797 1442 870 Στουδίτης
1493 798 1664 854 ἐκεῖσε
1711 798 1888 863 ἐκαθέ-

235 896 424 961 ζοντο,
470 890 560 946 καὶ
619 890 836 947 ἰποίουν
892 890 1021 953 τοὺς
1094 890 1322 951 κανόνας
1379 887 1431 944 ἐν
1493 893 1610 950 τοῖς
1660 887 1889 963 χρόνοις

231 981 466 1042 Λέοντος
513 984 608 1035 105
663 979 973 1056 Ἀρμενίου,
1021 978 1154 1052 μετὰ
1213 985 1264 1057 φ’
1310 977 1403 1049 ἔτη
1451 981 1548 1032 105
1605 983 1887 1046 κτισθῆναι

229 1069 327 1124 τὸν
358 1071 505 1138 ναὸν,
533 1067 623 1124 ὅτε
651 1071 785 1138 ἦσαν
811 1069 961 1123 οὗτοι
988 1068 1040 1122 οἱ
1070 1067 1314 1138 ποιηταί.

555 1175 684 1248 Περὶ
716 1182 816 1245 τῆς
861 1177 1027 1246 μονῆς
1071 1174 1137 1229 τὰ
1177 1173 1568 1248 Μαρτινακίου.

306 1265 420 1334 Τήν
469 1267 642 1338 μονὴν
690 1265 755 1320 τὰ
804 1263 1168 1339 Μαρτινακίοο
1227 1264 1480 1340 ἀνήγειρε
1522 1265 1888 1338 Μαρτινάκιος

229 1354 544 1430 πατρίκιον,
605 1355 633 1408 6
693 1356 836 1414 Θεῖος
895 1355 994 1422 τῆς
1074 1352 1224 1428 ἁγίας
1284 1357 1606 1432 Θεοφανοῦς,
1667 1351 1719 1408 ἐν
1775 1357 1891 1413 τοῖς

229 1443 464 1520 χρόνοις
496 1442 784 1500 Βασιλείου
810 1443 896 1497 καὶ
930 1441 1186 1518 Μιχαήλ.

1997 620 2187 676 locum
2235 620 2531 692 deposuit.
2563 624 2847 675 Caeterum
2880 621 2940 675 S.
2974 619 3193 692 Joseph
3241 626 3409 691 poeta
3436 627 3494 676 et
3523 622 3652 692 ejus

2000 709 2176 764 frater
2207 708 2550 764 Theodorus
2582 709 2814 764 Studita
2864 710 3082 765 ibidem
3133 710 3654 765 commorabantur

1998 813 2253 852 canones
2311 802 2770 869 componentes,
2823 801 3080 870 tempore
3138 798 3346 853 Leonis
3397 800 3646 854 Armeni.

1997 886 2104 951 Qui
2138 891 2315 957 poeta:
2357 897 2490 958 post
2521 903 2708 942 annos
2740 887 3096 959 quingentos
3129 903 3161 942 a
3191 888 3422 944 condita
3467 888 3652 944 eccle-

1998 975 2086 1031 sia
2116 976 2404 1032 vivebant.

2245 1175 2318 1229 De
2349 1175 2680 1230 monasterio
2708 1176 3033 1242 cognomine
3064 1174 3398 1231 Martinacii.

2070 1263 2486 1319 Monasterium
2521 1261 2842 1318 Martinaeii
2867 1263 3089 1318 dictum
3113 1264 3420 1320 aedificavit
3454 1264 3654 1320 Marti-

2001 1351 2202 1407 nacius
2236 1351 2542 1423 patricius,
2567 1351 2893 1407 avunculus
2926 1358 3142 1409 sanctae
3175 1353 3654 1426 Theophanonis,

2000 1446 2262 1511 tempore
2293 1440 2493 1496 Basilii
2523 1445 2580 1496 et
2615 1441 2934 1498 Michaelis.

1028 1564 1102 1619 De
1132 1566 1459 1620 monasterio
1496 1565 1593 1620 SS.
1629 1566 1836 1620 Cosmae
1865 1569 1921 1617 ct
1948 1561 2216 1616 Damiani
2245 1560 2504 1617 Paulinae
2536 1565 2868 1632 nuncupato.

305 1660 381 1715 Τὰ
425 1657 482 1715 δὲ
524 1657 799 1730 Παυλίνης
841 1659 1054 1730 ἐκλήθη
1103 1660 1210 1714 ἀπὸ
1260 1659 1535 1716 ΙῙαυλίνου
1588 1659 1885 1736 μαγίστρου

229 1747 322 1810 ἐπὶ
377 1753 476 1803 105
531 1748 820 1826 θεοφιλοῦς
870 1746 1161 1803 Θεοδοσίου
1217 1752 1314 1802 105
1373 1752 1591 1822 μικροῦ.
1643 1747 1886 1808 Γνωστὸς

2067 1659 2315 1714 Tractus
2345 1659 2603 1714 Paulinae
2627 1661 2820 1715 dictus
2849 1676 3059 1715 nomen
3095 1660 3314 1732 accepit
3349 1678 3381 1715 a
3413 1659 3654 1716 Paulino

1997 1747 2306 1820 magistro,
2321 1752 2584 1820 tempore
2603 1748 3657 1820 piissimiTheodosiiJunioris,cujus

229 1837 336 1912 γὰρ
384 1837 548 1893 αὐτοῦ
607 1839 871 1913 ὑπῆρχεν,
933 1838 1035 1894 Ἦν
1095 1835 1153 1891 δὲ
1200 1838 1336 1910 πρὸς
1390 1836 1553 1891 αὐτοῦ
1611 1837 1639 1891 6
1696 1835 1884 1904 τόπος,

2011 1843 2121 1892 ποι
2152 1837 2482 1892 familiaris.
2519 1838 2712 1908 Ipsius
2758 1842 2954 1894 autem
2989 1844 3113 1894 erat
3143 1839 3309 1894 locus
3358 1838 3476 1906 ille,
3511 1843 3567 1893 et
3598 1839 3656 1892 in

228 1927 323 1980 καὶ
358 1925 604 2001 ἀνήγειρε
632 1927 722 1981 τὸν
770 1927 895 1981 ναὸν
941 1926 1048 1980 τῶν
1100 1924 1268 2000 ἁγίων
1317 1926 1686 2001 Ἀναργύρων.
1721 1924 1889 1982 Οὔπω

231 2012 295 2069 δὶ
333 2014 641 2071 ἐτελείωσεν
673 2015 852 2073 αὐτόν.
915 2015 1038 2072 Ἐπὶ
1102 2011 1157 2068 δὲ
1214 2013 1377 2070 αὐτοῦ
1437 2013 1642 2090 ηὑρέθη
1708 2013 1887 2086 μῆλον

233 2102 480 2179 ὀπῶρας,
535 2101 694 2174 δίκην
775 2101 990 2178 ἱπίχων
1075 2100 1272 2176 μοδίου
1341 2103 1404 2157 τὸ
1480 2102 1724 2178 μέγεθος,
1784 2102 1890 2156 ἀπὸ

230 2192 472 2267 Φρυγίας
521 2192 849 2266 κομίσαντος
896 2193 1056 2247 τοῦτό
1105 2213 1253 2253 τινος
1287 2212 1300 2226 ⁸
1361 2192 1450 2246 καὶ
1511 2190 1640 2246 ἰδὼν
1692 2191 1821 2246 αὐτὸ
1861 2191 1889 2246 6

233 2279 516 2357 βασιλεὺς,
574 2281 662 2337 ἐπὶ
718 2286 826 2336 τῶν
897 2283 1121 2356 ἡμερῶν
1199 2281 1363 2336 αὐτοῦ
1413 2280 1623 2358 εὑρεθὲν
1671 2285 1890 2336 τοιοῦτο

229 2369 524 2443 ἐθαύμασε,
565 2372 655 2426 καὶ
715 2367 885 2425 ἔδωκε
928 2375 1008 2442 τῷ
1053 2371 1413 2443 κομισαμένῳ
1459 2369 1770 2444 νομίσματα
1823 2369 1888 2443 ρ’,

227 2459 324 2514 καὶ
371 2459 680 2515 ἀπέστειλεν
716 2459 845 2514 αὐτὸ
890 2456 1130 2532 Εὐὸοκίᾳ
1170 2463 1238 2533 τῇ
1291 2461 1572 2530 Ἀθηναίᾳ,
1618 2463 1686 2533 τῇ
1725 2458 1890 2513 αὐτοῦ

230 2549 476 2624 γυναικί·
530 2549 743 2620 Ἐκείνη
806 2547 864 2604 δὶ
901 2545 1188 2604 ἀπέσσειλε
1225 2550 1359 2624 πρὸς
1405 2545 1697 2606 Παυλῖνον.
1729 2549 1789 2605 Ὀ
1835 2545 1892 2602 δὶ

232 2634 493 2712 βασιλεὺς
556 2637 766 2710 μαθὼν,
811 2639 898 2692 καὶ
965 2631 1421 2712 ἀκριϐευσάμενος
1470 2637 1594 2713 περὶ
1633 2640 1732 2706 τῆς
1763 2634 1890 2691 τού-

225 2746 332 2781 του
364 2725 700 2796 ἀποστολῆς,
733 2727 822 2781 καὶ
870 2726 1026 2800 γνοὺς
1074 2729 1174 2797 τὴν
1221 2727 1498 2797 ἀλήθειαν,
1551 2725 1760 2795 ἐκείνην
1793 2725 1887 2799 μὶν

229 2815 485 2888 ἠμύνατο
542 2815 778 2892 ῥήμασιν
839 2814 1158 2892 αὐστηροῖς,
1209 2816 1300 2871 τὸν
1355 2813 1412 2870 δὲ
1460 2813 1730 2870 Παυλῖνον
1765 2817 1892 2891 ὥρι·

231 2925 326 2958 σεν
381 2903 745 2980 ἀνερχόμενον
805 2903 855 2960 ἰν
905 2909 984 2977 τῷ
1040 2902 1314 2977 παλατίῳ,
1377 2904 1477 2959 ὑπὸ
1536 2903 1631 2959 δύο
1680 2901 1888 2980 ἀνδρῶν

235 2990 716 3067 μελοκοπηθῆναι.
772 2996 883 3052 T05
943 2991 1000 3048 δὲ
1070 2994 1442 3070 ἆνερχομὲνου
1509 2993 1583 3056 εἷς
1640 2994 1702 3049 τὸ
1762 3015 1893 3048 σκο-

227 3083 434 3152 τεινὸν,
483 3083 583 3138 οὐκ
629 3081 977 3154 ἠδυνήθησαν
1029 3083 1180 3138 αὗτοι
1241 3084 1430 3162 σφάξαι
1489 3080 1669 3139 αὒτόν.
1716 3081 1894 3140 Ἀλλά

223 3171 301 3227 1i
347 3172 457 3226 ὦτα
505 3172 670 3227 αὐτοῦ
717 3173 968 3246 ἐξέκοψαν
1003 3192 1017 3205 ⁸
1051 3173 1142 3227 καὶ
1196 3172 1350 3236 εὐθὺς
1405 3171 1623 3242 ἐνόησεν
1665 3174 1694 3227 6
1746 3176 1893 3229 ΙΙαυ-

2002 1945 2066 1984 eo
2097 1929 2402 1984 ecclesiam
2447 1930 2544 1985 SS.
2577 1931 3013 2002 Anargyrorum
3050 1934 3269 1986 Cosmm
3302 1935 3358 1985 et
3389 1929 3658 1985 Damiani

2002 2018 2327 2074 aediﬁcavit.
2364 2019 2636 2074 Nondum
2681 2024 2878 2074 autem
2912 2019 3180 2076 absoluta
3211 2024 3530 2086 structura,
3567 2034 3658 2073 re-

2002 2111 2234 2177 pertum
2281 2105 2391 2160 fuit
2421 2123 2486 2161 eo
2518 2111 2782 2178 tempore
2813 2123 3057 2178 pomum
3107 2109 3447 2163 autumnale
3479 2106 3659 2162 modii

2003 2195 2601 2266 magnitudine,quod
2634 2212 2700 2251 ex
2731 2195 2981 2268 Phrygia
3012 2196 3252 2267 quidam
3301 2198 3372 2252 ad
3406 2197 3658 2267 impera-

2000 2289 2185 2340 torem
2225 2284 2448 2340 attulit.
2475 2285 2597 2350 Quo
2627 2284 2750 2340 viso
2805 2285 3124 2356 imperator
3153 2303 3265 2341 non
3300 2286 3522 2358 absque
3551 2285 3659 2339 ad-

2003 2373 2334 2440 miratione,
2354 2375 2508 2444 quod
2537 2391 2643 2429 suo
2677 2379 2937 2446 tempore
2968 2374 3268 2430 inventum
3302 2381 3475 2441 esset,
3500 2391 3659 2442 eum,

2002 2464 2098 2534 qui
2159 2463 2456 2529 attulerat,
2509 2467 2744 2518 centum
2806 2465 3069 2519 nummis
3126 2464 3544 2530 remuneravit,
3597 2480 3662 2518 ac

2002 2552 2198 2625 ipsum
2245 2551 2508 2606 Eudociaa
2559 2551 2901 2608 Atheniensi
2952 2552 3116 2608 uxori
3167 2570 3284 2608 sure
3338 2552 3531 2618 misit;
3567 2552 3668 2606 illa

2001 2659 2136 2697 vero
2169 2641 2437 2696 Paulino.
2472 2642 2633 2707 Quod
2682 2642 2780 2697 ubi
2836 2641 3157 2713 imperator
3205 2641 3461 2707 rescivit,
3499 2658 3564 2697 ac
3597 2643 3668 2697 de

2001 2730 2240 2786 veritate
2273 2731 2485 2785 certior
2531 2730 2719 2785 factus
2751 2738 2861 2796 est,
2895 2748 3134 2787 uxorem
3168 2748 3368 2786 severa
3400 2731 3666 2785 intermi-

2005 2820 2243 2874 natione
2296 2819 2638 2890 increpavit,
2669 2819 2985 2875 Paulinum
3021 2837 3154 2875 vero
3206 2821 3490 2892 palatium
3526 2820 3664 2873 sub-

2001 2913 2237 2964 euntem
2287 2926 2320 2964 a
2372 2908 2606 2964 duobus
2658 2907 3014 2964 satellitibus
3060 2908 3396 2963 obtruncari
3443 2906 3663 2976 jussit;

2004 3013 2179 3069 quem
2213 3001 2410 3052 tamen
2444 2997 2503 3052 in
2551 2998 2812 3053 tenebris
2856 2997 3136 3068 palatium
3170 2997 3529 3068 ingressum,
3563 2995 3665 3049 ab-

2004 3085 2209 3142 scissis
2237 3087 2430 3141 solum
2473 3086 2741 3152 auribus,
2774 3103 2889 3141 non
2938 3090 3256 3156 potuerunt
3305 3085 3664 3150 interficere;

2005 3178 2060 3230 et
2092 3173 2246 3230 illico
2295 3175 2420 3248 ipse
2473 3192 2535 3230 se
2585 3175 2823 3231 insidiis
2873 3175 3338 3230 circumventum
3392 3174 3569 3229 novit.
3605 3173 3666 3226 ld

271 3266 397 3323 ῖνος
422 3261 521 3329 τήν
553 3245 888 3330 ἐπιϐουλὴν,
926 3265 1104 3318 T0510
1150 3262 1207 3316 όὶ
1259 3262 1437 3334 θαῦμα
1483 3262 1550 3330 ἦν
1591 3267 1698 3316 τῶν
1732 3261 1889 3336 ἁγίων

2011 3280 2179 3336 porro
2239 3245 2452 3319 accidit
2514 3264 2663 3319 mira
2715 3264 2818 3320 SS.
2849 3266 3286 3336 Anargyrorum
3333 3266 3552 3318 Cosmzs
3610 3266 3668 3316 et

229 3348 614 3426 Ἀναργύρων,
647 3349 796 3412 ὅπως
840 3348 1106 3424 τελειώσῃ
1160 3351 1251 3405 τὸν
1306 3351 1432 3404 ναὸν
1465 3351 1663 3419 αὑτῶν,
1699 3350 1894 3408 ’Δκού-

233 3459 335 3500 σας
367 3436 425 3493 δε
451 3439 622 3494 ταῦτα
654 3441 682 3494 6
738 3437 1010 3516 βασιλεὺς,
1062 3439 1143 3494 ὅτι
1199 3439 1536 3515 ἠστόχησεν,
1583 3439 1893 3516 αἰσχυνθεὶς

226 3531 450 3597 τοῦτον,
501 3529 722 3602 ἄγνοιαν
780 3525 1183 3603 προυϐάλλετο.
1241 3527 1640 3591 Τελειώσαντος
1701 3527 1758 3584 δὶ
1804 3530 1896 3584 τὸν

231 3615 390 3687 ναὸν,
424 3616 786 3696 ἀπεκεφάλισε
813 3622 1004 3673 τοῦτον
1040 3623 1308 3694 φανερῶς.

2005 3352 2274 3409 Damiani
2311 3369 2440 3423 ope,
2477 3357 2540 3407 ut
2571 3368 2772 3408 eorum
2809 3353 3095 3423 templum
3133 3352 3454 3422 perﬁceret.
3489 3350 3668 3420 Impe-

2007 3446 2165 3496 rator
2197 3446 2392 3496 autem
2448 3440 2785 3507 intelligens
2815 3457 2846 3495 a
2881 3458 3055 3512 scopo
3089 3441 3422 3496 aberratum
3459 3440 3662 3506 fuisse,

2006 3548 2122 3602 prae
2164 3531 2406 3601 pudore,
2444 3530 2590 3585 nihil
2644 3530 2754 3584 sibi
2810 3529 2919 3584 hac
2952 3531 3022 3584 de
3054 3547 3115 3584 re
3145 3530 3445 3600 cognitum
3481 3529 3664 3582 fuisse

2005 3620 2327 3676 simulavit.
2364 3619 2579 3674 Verum
2630 3617 2898 3674 absoluto
2944 3617 3164 3690 templo
3196 3618 3298 3673 SS.
3332 3620 3661 3688 Anargyro-

2005 3725 2159 3778 rum,
2190 3708 2301 3779 ipsi
2335 3711 2511 3778 caput
2541 3706 2732 3778 palam
2768 3707 3061 3778 amputari
3087 3707 3293 3776 jussit.

666 3828 742 3882 De
769 3842 928 3883 muro
957 3826 1281 3883 occidentali
1309 3843 1655 3899 magnarum
1681 3835 1987 3899 portarum,
2020 3835 2260 3898 tempore
2295 3825 2485 3881 Leonis
2515 3825 2862 3896 imperatoris
2894 3827 3224 3880 instaurata.

304 3921 379 3976 Τὰ
432 3921 593 3997 τείχη
636 3929 736 3993 τῆς
789 3921 1007 3985 πόλεως
1054 3929 1162 3978 τῶν
1213 3922 1466 3998 μεγάλων
1516 3928 1760 3998 πορτῶν,
1791 3931 1892 3993 τῆς

227 4007 439 4074 δύσεως
478 4009 564 4065 ἐπὶ
617 4010 848 4074 Λέοντος
895 4015 992 4066 105
1039 4011 1283 4087 μεγάλου
1331 4011 1420 4066 καὶ
1471 4005 1726 4073 εὐσεϐοῦς
1766 4011 1889 4066 ἀνε-

225 4100 505 4170 καινίσθη,
539 4099 629 4155 ὅτε
656 4100 748 4154 καὶ
799 4099 1140 4156 ελιτάνευσαν
1179 4099 1270 4154 καὶ
1321 4101 1404 4169 τὸ,
1438 4099 1607 4175 Κύριε
1639 4099 1890 4170 ἐλέησον,

227 4190 636 4264 τεσσαράκοντα
667 4185 977 4260 ἆξεϐόησαν,
1021 4189 1110 4243 καὶ
1157 4191 1185 4244 6
1245 4186 1421 4262 δῆμος
1470 4195 1578 4244 τῶν
1609 4189 1890 4265 ΙΙρασίνων

229 4273 459 4350 ἔκραξαν
545 4275 718 4340 οὕτως
753 4297 767 4311 ⁶
844 4277 1032 4349 Ἑλένη
1141 4277 1230 4333 καὶ
1313 4283 1715 4343 Κωνσταντῖνος
1797 4279 1886 4333 καὶ

227 4362 519 4428 Θεοδόσιος
581 4365 658 4429 εἷς
711 4367 911 4442 κράτος
971 4365 1322 4438 ἒὸικήθησαν.
1372 4367 1545 4430 Οὗτος
1579 4365 1636 4423 δὲ
1693 4367 1887 4442 ἐνομο-

229 4454 428 4525 θέτησε
453 4457 552 4526 τὴν
577 4455 731 4531 ἁγίαν
762 4457 1031 4532 Κυριακήν
1064 4456 1298 4533 ἀπραξίᾳ
1324 4463 1604 4530 τιμᾶσθαι.

487 4563 613 4637 Περὶ
643 4563 713 4617 τὰ
739 4563 924 4639 τείχῃ,
951 4565 1018 4618 τὰ
1047 4563 1183 4639 πρὸς
1211 4564 1309 4633 τήν
1345 4562 1634 4628 θάλασσαν.

306 4649 389 4706 Τὰ
425 4650 610 4726 τείχη,
663 4652 730 4706 τὰ
785 4653 921 4728 πρὸς
973 4653 1074 4721 τήν
1127 4651 1397 4714 θάλασσαν
1447 4648 1571 4707 ὄντα
1620 4651 1884 4707 ἀνεκαινί-

229 4741 434 4809 σθησαν
494 4742 757 4816 πρότερον
838 4741 941 4796 ὑπὸ
1015 4737 1264 4816 Τιϐερίου
1347 4741 1707 4817 Ἀψιμάρουο
1783 4738 1886 4803 ἕως

223 4829 334 4904 γὰρ
391 4828 557 4883 αὐτοῦ
645 4827 973 4902 ἠμελημένα
1057 4829 1352 4906 ἐτύγχανον
1423 4832 1586 4886 πάνυ.
1645 4830 1777 4886 Εἶτα
1829 4827 1888 4884 ἐκ

226 4916 485 4992 δευτέρου
515 4918 843 4974 ἀνεκαίνισεν
872 4919 1007 4974 αὐτὰ
1045 4919 1331 4997 Θεόφιλος.

536 5025 665 5099 Περὶ
689 5028 786 5079 105
812 5023 1027 5100 Πύργου
1057 5029 1153 5079 105
1185 5024 1568 5100 Κεντηναρίου.

301 5109 397 5174 Εἰς
435 5109 491 5167 δὲ
534 5113 628 5168 τὸν
674 5112 880 5190 πύργον
921 5113 984 5169 τὸ
1028 5115 1386 5190 Κεντηνάριον
1442 5109 1626 5185 ἔξοδος
1675 5112 1888 5188 ἐγένετο

223 5197 445 5271 πολλὴ.
489 5207 729 5275 Σεισμοῦ
777 5200 835 5258 δὲ
885 5205 1180 5280 γενομένου
1234 5203 1323 5258 καὶ
1373 5204 1736 5279 χαλάσαντος,
1764 5202 1890 5273 ἀνή-

219 5309 404 5367 γειρεν
436 5290 594 5347 αὐτὸν
624 5291 915 5368 Θεόφιλος,
937 5292 1012 5355 ὡς
1043 5293 1229 5368 ὁρᾶται
1267 5288 1485 5367 μικρός.

762 5471 835 5525 Τὰ
861 5469 962 5542 ἔξω
997 5473 1357 5546 μοναστήρια.

299 5562 362 5617 Ἣ
408 5557 464 5615 δὶ
513 5561 978 5637 Ἀχειροποιήτης
1027 5561 1245 5634 ἰκτίσθη
1296 5564 1440 5638 παρᾶ
1488 5566 1584 5618 τοῦ
1637 5564 1889 5638 Μεγάλου

223 5651 636 5706 Κωνσταντίνου
693 5649 772 5714 εἷς
827 5652 891 5708 τὸ
948 5653 1262 5722 καθέζεσθαι
1317 5646 1613 5727 Ἀϐράμιον
1661 5651 1753 5706 τὸν
1789 5672 1889 5724 μο-

215 5739 395 5816 ναχὸν
426 5737 618 5797 ὶκείσε.
653 5740 748 5795 Διὸ
779 5740 868 5798 καὶ
900 5739 1110 5813 ἰκλήθη
1148 5735 1472 5817 Ἀϐραμίου,

2074 3925 2221 3980 Muri
2282 3924 2445 3980 urbis
2503 3923 2896 3980 occidentales
2951 3939 3298 3995 magnarum
3353 3927 3655 3994 portarum

2001 4014 2112 4068 sub
2145 4015 2332 4068 Leone
2367 4014 2576 4085 Magno
2625 4031 2690 4068 ac
2743 4012 2836 4084 pio
2871 4012 3130 4068 renovati
3169 4017 3327 4080 sunt,
3359 4028 3474 4082 quo
3507 4018 3656 4066 tem-

1999 4119 2137 4173 pore
2187 4101 2541 4174 supplicatio
2601 4102 2826 4173 habita,
2888 4119 2953 4157 ac
3013 4100 3433 4173 quadragesies
3489 4102 3659 4172 Kyrie

1997 4192 2224 4260 etcz’son,
2287 4191 2719 4246 conclamatum
2775 4195 2883 4260 est,
2943 4189 3344 4245 succlamante
3401 4189 3655 4244 factione

1999 4280 2243 4336 Prasina
2270 4296 2282 4334 :
2318 4281 2542 4346 Helena,
2578 4281 2973 4336 Constantinus
3003 4288 3056 4335 et
3080 4279 3402 4335 Theodosius
3428 4295 3658 4351 prorsus

1995 4371 2127 4426 victi
2165 4374 2316 4425 sunt.
2350 4374 2628 4426 Caeterum
2680 4370 2778 4426 hic
2828 4369 2955 4442 lege
2989 4369 3258 4435 sancivit,
3293 4373 3359 4424 ut
3389 4368 3513 4426 dies
3542 4367 3658 4424 Do-

1998 4459 2212 4515 minica
2243 4459 2445 4514 feriata
2475 4458 2781 4515 coleretur.

2505 4568 2580 4622 De
2610 4571 2787 4622 muris
2817 4568 3138 4622 maritimis.

2068 4656 2264 4712 Muros
2295 4656 2626 4711 maritimos
2670 4662 2842 4712 antea
2873 4658 3106 4728 penitus
3161 4655 3458 4726 neglectos
3486 4655 3655 4711 Tibe-

2000 4744 2123 4800 rius
2152 4744 2497 4816 Apsimarus
2531 4746 2922 4800 resedificavit.
2953 4746 3174 4802 Deinde
3207 4746 3444 4802 eosdem
3476 4743 3660 4800 Theo-

2000 4832 2198 4904 philus
2230 4833 2488 4888 secundo
2519 4833 2889 4888 restauravit.

2370 5030 2442 5086 De
2469 5039 2619 5086 turre
2647 5030 3044 5087 Ccntenarium
3079 5040 3282 5087 vocata.

2073 5120 2279 5175 'l’urris
2311 5121 2653 5193 cognomine
2685 5119 3094 5176 Centenarium
3137 5121 3372 5191 magnis
3405 5121 3661 5191 sumpti-

2001 5209 2111 5265 bus
2142 5213 2436 5265 exstructa
2469 5210 2578 5265 fuit
2606 5225 2620 5264 :
2653 5208 2754 5263 illa
2785 5214 2980 5264 autem
3014 5214 3348 5264 terraemotu
3378 5207 3656 5280 collapsa,

2003 5315 2236 5370 parvam
2284 5299 2456 5369 hanc,
2490 5303 2554 5353 ut
2600 5298 2798 5354 videre
2847 5297 3000 5365 licet,
3050 5296 3420 5352 resediﬁcavit
3467 5296 3657 5352 Theo-

2001 5386 2220 5460 philus.

2385 5481 2463 5531 De
2493 5477 2842 5532 monasteriis
2871 5484 3036 5531 extra
3064 5475 3277 5531 urbem.

2073 5564 2493 5620 Monasterium
2519 5566 2938 5636 Achiropoetes
2969 5564 3188 5620 dictum
3223 5563 3488 5619 condidit
3510 5565 3658 5618 Con-

2002 5656 2299 5710 stantinus
2339 5654 2611 5726 Magnus,
2646 5658 2711 5710 ut
2752 5653 3100 5710 Abramium
3133 5652 3489 5710 monachum
3522 5651 3658 5707 istic

2002 5742 2340 5812 collocaret;
2373 5744 2528 5802 unde
2555 5743 2819 5802 Abramii
2852 5741 3308 5816 appellationem
3339 5741 3634 5815 sumpsit.
