3984 6348
432 405 591 464 1275

1028 534 1102 587 De
1132 532 1491 589 chdomodo.

504 622 804 695 Templum
862 622 1179 692 oblongum
1250 624 1615 679 llebdomum
1681 628 2081 695 nuncupatum

436 714 725 769 exstruxit
781 712 1204 766 Constantinus
1264 712 1511 783 Magnus
1571 714 1629 767 in
1691 714 1968 768 honorem
2027 713 2086 767 Ξ.

433 803 681 858 Joannis
713 800 1011 873 Theologi.
1045 800 1352 871 Templum
1388 807 1604 869 autem,
1634 805 1883 857 rotundo
1918 807 2085 869 tecto,

436 892 678 947 conchis
720 892 1078 946 instructum
1132 891 1395 945 condidit
1423 890 1788 947 Theodosius
1820 893 2088 962 Magnus,

434 998 499 1036 ac
550 980 902 1035 Przecursori
954 980 1350 1051 nuncupavit;
1404 998 1468 1034 eo
1525 982 1679 1052 quod
1732 980 1859 1052 ipso
1904 981 2086 1052 impe-

436 1074 601 1124 rante
643 1074 821 1140 caput
862 1067 1109 1123 Joannis
1143 1068 1524 1125 Prazcursoris
1572 1069 1809 1124 allatum
1866 1070 2087 1137 fuisset,

439 1160 593 1230 quod
628 1159 686 1212 in
726 1157 1021 1212 Hebdomo
1054 1157 1338 1212 suburbio
1360 1163 1663 1229 exceptum
1697 1159 1755 1213 in
1784 1159 2089 1215 ecclesiam

438 1248 497 1302 S.
529 1248 774 1302 Joannis
806 1246 1061 1317 theologi
1113 1263 1230 1301 una
1279 1263 1413 1301 cum
1462 1247 1727 1303 Nectario
1760 1249 2091 1318 patriarcha

438 1337 731 1408 deposuit.
767 1336 988 1391 Deinde
1029 1353 1163 1390 vero
1198 1335 1445 1390 Rufinus
1490 1338 1771 1408 magister
1800 1339 2093 1408 persuasit

437 1426 778 1498 imperatori
840 1430 903 1479 ut
960 1429 1247 1496 templum
1305 1426 1364 1479 S.
1404 1425 1650 1481 Joannis
1710 1427 2091 1484 Prazcursoris

437 1520 826 1581 construeret,
860 1515 919 1569 in
969 1531 1084 1585 quo
1115 1515 1380 1584 ejusdem
1419 1532 1653 1570 sacrum
1702 1523 1879 1588 caput
1925 1534 2089 1590 repo-

438 1608 696 1660 neretur.

705 1695 776 1749 De
805 1695 1033 1749 ecclesia
1067 1694 1160 1748 SS.
1197 1697 1454 1765 Dciparw
1483 1696 1553 1750 ad
1582 1697 1825 1752 Fontem.

509 1784 824 1839 Ecclesiam
858 1784 957 1839 SS.
991 1783 1252 1854 Deiparze
1298 1786 1367 1839 ad
1414 1786 1678 1853 Fontem,
1713 1786 2086 1841 Justinianus

439 1888 689 1943 magnus
732 1872 1057 1927 aediﬁcavit.
1090 1873 1236 1928 Cum
1282 1874 1437 1928 enim
1470 1872 1787 1946 aliquando
1822 1876 1881 1931 in
1910 1876 2089 1931 Thra-
2122 1891 2170 1957 B

437 1963 585 2017 ciam
614 1966 889 2017 venatum
944 1962 1076 2028 iret,
1110 1967 1166 2017 et
1195 1979 1264 2017 ex
1312 1962 1422 2018 hoc
1470 1963 1711 2036 templo,
1743 1967 1895 2033 quod
1946 1971 2087 2020 tunc

435 2068 680 2124 parvum
714 2051 1032 2106 oratorium
1085 2068 1151 2106 ac
1192 2051 1369 2107 unius
1418 2053 1688 2108 monachi
1721 2055 2085 2111 domicilium

434 2144 580 2206 erat,
602 2157 875 2212 magnam
899 2139 1117 2195 videret
1144 2140 1373 2210 prodire
1399 2142 1599 2212 populi
1626 2143 2085 2215 multitudinem,

432 2229 817 2299 interrogavit
840 2229 1121 2299 quidnam
1156 2228 1300 2284 illud
1334 2236 1506 2286 esset.
1535 2232 1857 2301 Respondit
1889 2240 2086 2289 autem

436 2316 764 2388 Strategius
817 2318 1097 2388 magister
1125 2323 1181 2372 et
1212 2323 1411 2374 custos
1442 2320 1763 2391 imperialis
1809 2324 2085 2393 pecuniae,

437 2406 655 2461 fontem
692 2406 771 2459 ibi
801 2422 931 2460 esse
960 2406 1192 2461 morbos
1225 2412 1556 2462 sanantem.
1580 2410 1740 2463 Tunc
1775 2410 2088 2480 imperator

438 2494 827 2550 admiratione
857 2494 1101 2549 allectus
1134 2495 1283 2550 hanc
1314 2495 1616 2552 ecclesiam
1663 2514 1732 2553 ex
1775 2498 2087 2571 superﬂuis

436 2589 657 2656 Magna:
687 2583 946 2639 ecclesiae
988 2584 1272 2651 materiis,
1304 2586 1523 2641 exstrui
1555 2588 1801 2643 curavit.

544 2690 619 2743 Dc
646 2691 1005 2744 monasteriis
1034 2688 1189 2744 ultra
1216 2693 1444 2760 fretum,
1477 2698 1527 2748 et
1558 2694 1621 2748 de
1650 2698 1980 2752 monasterio

1134 2762 1392 2817 Picrz’dz’i.

508 2849 922 2904 Monasterium
969 2850 1201 2905 Picridii
1263 2852 1571 2907 aediﬁcavit
1618 2853 1907 2911 Picridius
1955 2857 2086 2928 qui-

439 2939 573 2993 dam
604 2937 1005 2993 cubicularius
1035 2944 1296 3009 tempore
1329 2940 1502 2994 Irenes
1533 2942 1757 2998 Atticae.

712 3048 792 3099 De
826 3046 1156 3100 monasterio
1187 3046 1625 3103 Armamentarii
1652 3050 1812 3106 dicto.

508 3131 928 3187 Monasterium
983 3133 1041 3188 S.
1093 3134 1587 3206 Panteleemonis,
1637 3141 2087 3197 Armamentarii

1394 402 1792 463 APPENDIX
1839 403 1942 462 AD
1994 400 2457 461 MIGHAELEM
2502 398 2888 460 PSI‘JLLUM.

2117 535 2172 600 A

3724 396 3882 455 12Ἲὸ

2730 529 2863 603 Περὶ
2896 531 2993 582 τοῦ
3024 521 3319 599 Ἐϐδὸμου.

2278 620 2347 673 Τὸ
2381 616 2439 673 δὲ
2468 614 2744 690 Ἔϐδομον
2778 618 2805 672 6
2851 614 3115 693 δρομικὸς
3161 617 3283 677 ναὸς
3321 614 3544 686 ἐκτίσθη
3592 614 3751 689 παρὰ
3780 620 3874 669 τοὶ

2200 708 2455 783 Μεγάλου
2508 707 2913 763 Κωνσταντίνου
2964 705 3041 770 εἷς
3080 702 3251 779 ὄνομα
3309 711 3406 760 τοῦ
3467 706 3638 779 ἁγίου
3683 707 3871 759 Ἰωάν-

2200 819 2294 852 νου
2350 802 2449 852 τοῦ
2504 796 2802 872 Θεολόγου.
2858 798 2919 853 Ὀ
2976 793 3032 850 δὲ
3085 794 3597 871 στρογγυλόστεγος
3652 796 3783 855 ναὸς
3846 796 3873 846 ὁ

2200 882 2343 961 ἔχων
2376 888 2473 950 τὰς
2513 886 2741 961 κόγχας.
2794 885 3080 958 ὠνομέσθη
3130 884 3478 961 Πρόδρομος,
3510 886 3613 938 καὶ
3643 884 3870 950 ἐκτίσῇγ,

2198 976 2345 1050 παρᾶ
2371 981 2469 1031 τοῦ
2504 974 2759 1049 Μεγάλου
2812 972 3104 1030 Θεοδοσίου
3137 994 3151 1006 ·
3204 972 3344 1029 διότι
3388 975 3439 1028 ἐν
3476 981 3602 1035 τοῖς
3635 974 3871 1048 χρόνοις

2199 1064 2364 1120 αὐτοῦ
2520 1066 2647 1139 ἁγία
2714 1064 2925 1142 κεφαλὴ
2984 1068 3080 1117 τοῦ
3133 1061 3462 1139 Προδρόμου
3523 1062 3713 1137 ἤχθη,
3780 1062 3873 1114 καὶ

2203 1152 2445 1224 ἐδέξαντο
2494 1155 2666 1224 αὐτὴν
2717 1154 2795 1216 εἰς
2841 1155 2905 1208 τὸ
2963 1148 3261 1224 Ἑϐδομον,
3319 1152 3408 1207 καὶ
3464 1152 3741 1206 ἀπέθεντο
3796 1152 3875 1212 εἷς

2198 1245 2292 1298 τὸν
2320 1244 2445 1299 ναόν
2497 1248 2593 1299 τοῦ
2639 1241 2913 1317 Θεολογοῦ
2970 1241 3105 1315 μετᾶ
3148 1242 3443 1317 Νεκταρέου
3478 1242 3870 1315 Πατρεάρχου.

2199 1335 2261 1390 Ὁ
2317 1330 2375 1387 δὲ
2464 1332 2757 1408 μάγιστρος
2840 1332 3119 1407 Ῥουφῖνος
3202 1327 3382 1384 ἔπεισε
3462 1329 3555 1383 τὸν
3637 1327 3877 1401 βασιλέα

2198 1423 2373 1477 κτίσαι
2436 1422 2561 1476 ναὸν
2621 1418 2716 1476 τοῦ
2793 1417 3141 1496 Προδρὸμου,
3220 1418 3296 1481 εἷς
3351 1419 3416 1473 τὸ
3474 1424 3711 1487 τεθῆναι
3771 1420 3867 1483 τήν

2199 1512 2350 1585 ἁγίαν
2382 1511 2546 1567 αἱ)τοῦ
2577 1510 2740 1583 κάραν
2752 1555 2765 1581 ,

2767 1687 2896 1764 Περὶ
2926 1694 3026 1757 τῆς
3059 1693 3272 1762 Πηγῆς.

2271 1783 2386 1850 Τὴν
2449 1778 2507 1835 δὲ
2576 1780 2763 1856 Ιῐηγήν
2823 1777 3025 1832 ἔκτισεν
3081 1775 3467 1838 Ἰουστινιανὸς
3524 1776 3552 1829 6
3620 1774 3814 1849 Μέγας
3849 1791 3865 1807 ’

2204 1871 2278 1933 εἷς
2325 1871 2388 1925 τὸ
2438 1876 2745 1944 κυνηγῆσαι
2797 1866 3150 1943 ἐξερχόμενος
3196 1866 3270 1928 εἰς
3319 1865 3417 1934 τήν
3470 1864 3723 1940 Θρᾴκην,
3758 1862 3865 1917 εἶξε

2205 1960 2339 2017 λαοῦ
2390 1957 2604 2025 πλῆθος
2663 1958 2862 2021 ἐκεῖθεν
2914 1957 3290 2031 ἐξερχόμενον,
3351 1953 3508 2016 ὄντος
3560 1953 3863 2024 εὐκτηρῗου

2200 2052 2421 2125 μικροῦ,
2455 2048 2547 2102 καὶ
2595 2047 2711 2111 ἐνὸς
2752 2046 3119 2119 καθεζομένου
3174 2047 3439 2119 μοκιαχοῦ,
3490 2043 3581 2097 καὶ
3637 2042 3864 2116 ἠρώτη-

2198 2160 2281 2193 σεν
2317 2139 2344 2191 ὁ
2387 2135 2666 2209 βασιλεὺς,
2717 2136 2768 2190 τί
2818 2134 2955 2189 ἐστιν
2994 2154 3007 2204 ;
3058 2136 3086 2189 6
3137 2131 3194 2188 δὲ
3240 2134 3583 2207 Στρατνςγιος
3638 2133 3669 2186 ὁ
3704 2133 3865 2204 μαγις

2198 2248 2356 2303 στρος
2398 2228 2424 2281 ὁ
2457 2224 2627 2304 φύλαξ
2679 2229 2785 2280 τῶν
2840 2222 3136 2299 βασιλικῶν
3182 2224 3489 2298 χρημάτων
3526 2224 3682 2276 εἶπεν
3718 2221 3863 2291 et}???

2198 2317 2280 2370 ὅτι
2314 2319 2348 2385 ἡ
2381 2317 2532 2389 πηγὴ
2573 2319 2680 2369 τῶν
2735 2313 2979 2387 ἷαματων
3036 2312 3165 2369 ἐστί.
3213 2312 3342 2366 Τότε
3382 2310 3677 2384 θαυμάσας
3707 2311 3735 2364 ό
3768 2311 3863 2384 βας

2198 2405 2378 2468 σιλεὺς
2430 2399 2631 2459 ἔκτισεν
2716 2402 2883 2472 αὐτὴν
2956 2401 3015 2457 ἐκ
3085 2407 3192 2457 τῶν
3240 2403 3700 2477 περισσευμάτων
3757 2407 3856 2467 τῆς

2198 2492 2461 2570 Μεγάλης
2495 2493 2808 2565 ἐκκλησίας.

2199 2691 2329 2765 Περὶ
2386 2696 2494 2747 τῶν
2559 2689 2941 2764 μοναστηρίων
3010 2688 3117 2765 τῷν
3189 2690 3520 2760 περατικῶν,
3575 2687 3674 2741 καὶ
3734 2686 3855 2759 περὶ

2640 2765 2738 2831 τῆς
2774 2758 2840 2818 τᾶ
2880 2758 3165 2834 Πικριδίου
3200 2758 3396 2832 μονῆς.

2269 2852 2349 2909 Τὰ
2401 2848 2691 2925 ΙΙικριδίου
2736 2854 2770 2921 ἡ
2850 2849 2988 2924 μονή
3065 2847 3279 2918 ἐκτίσθη
3362 2847 3509 2923 παρὰ
3563 2843 3855 2921 Πικριδίου

2197 2941 2344 3003 τινὸς
2370 2939 2693 2996 κοιτωνίτου
2725 2940 2775 2995 ἐν
2823 2945 2939 3002 τοῖς
2992 2939 3217 3014 χρόνοις
3256 2936 3502 3009 Εῗρήνης
3534 2936 3852 3005 Ἀθηναίας.

2646 3048 2775 3123 Περὶ
2806 3046 2871 3101 τὰ
2903 3047 3286 3121 Ἀρμαμενταρ
3298 3042 3398 3099 ίου.

2268 3139 2343 3192 Τὰ
2388 3136 2864 3212 Ἀρμαμενταρίου
2912 3138 2946 3204 ἡ
3002 3133 3166 3208 μονὴ,
3220 3134 3247 3186 ὀ
3294 3134 3493 3207 Ἄγιος
3542 3131 3859 3199 Παντελεῆ-

435 3220 806 3291 cognomine,
852 3222 1107 3291 primum
1163 3224 1274 3278 sub
1325 3224 1601 3281 Mauricio
1652 3237 2083 3286 armamentum

439 3313 557 3330 _..-L
606 3309 736 3330 n_-;
775 3326 1112 3330 ____.___-__,_
1162 3312 1284 3330 j,.,
1349 3319 1359 3330 ι
1595 3316 1608 3330 ι
1730 3316 1739 3327 ο
1793 3323 1803 3330 .
1910 3322 1917 3330 .
2030 3325 2038 3330 .

2226 3248 2343 3296 ιων,
2394 3232 2612 3300 πρῶτον
2664 3225 2751 3281 ἐπὶ
2803 3224 3108 3298 Μαυρικίου
3157 3220 3502 3296 ἀρμαμέντον
3554 3220 3645 3289 ἦν.
3710 3222 3861 3277 Μετᾶ

2226 3316 2248 3330 .\
2407 3316 2416 3330 ι
2727 3321 2736 3330 ι
2791 3320 2821 3330 Α
2893 3309 2916 3330 ἢ
2945 3312 2956 3330 Ι
3094 3313 3108 3330 ι
3285 3311 3299 3330 \
3359 3316 3393 3330 Λ
3510 3307 3547 3330 οἳ
3802 3312 3813 3325 ε

434 3313 578 3364 erat.
606 3309 740 3363 Post
771 3326 957 3365 annos
987 3326 1121 3366 vero
1153 3312 1436 3368 ducentos
1459 3316 1848 3389 quadraginta
1869 3322 1926 3374 et
1957 3325 2083 3376 octo

434 3398 741 3453 Theodore
762 3398 1068 3469 Theophili
1102 3417 1245 3456 uxor
1274 3402 1331 3456 in
1357 3404 1779 3461 monasterium
1811 3411 2080 3478 mutavit,

435 3485 759 3558 multisque
792 3487 1265 3558 possessionibus
1295 3492 1517 3547 ditavit.

1070 3579 1146 3634 De
1186 3581 1435 3637 castello.

504 3664 820 3720 Castellum
853 3665 962 3722 hoc
1008 3669 1181 3724 modo
1233 3672 1534 3728 conditum
1569 3679 1625 3730 et
1655 3692 1865 3732 nomen
1900 3679 2081 3733 sorti-

434 3758 557 3808 tum
592 3758 699 3809 est.
734 3755 1003 3811 Tiberius
1035 3758 1295 3813 Mauricii
1327 3778 1491 3817 socer
1520 3764 1822 3819 castellum
1859 3784 1923 3821 ac
1955 3784 2083 3822 mu-

435 3842 767 3899 nimentum
830 3845 1078 3901 navibus
1138 3851 1442 3919 exstruxit,
1476 3870 1542 3908 eo
1591 3855 1744 3925 quod
1776 3855 2083 3928 Chaganus

435 3931 823 4004 Bulgarorum
853 3933 1124 4007 princeps
1152 3937 1476 4011 irruptione
1499 3942 1555 3996 in
1581 3943 1883 4000 Thraciam
1910 3947 2079 4004 facta.

434 4021 633 4075 omnia
681 4023 749 4076 ad
810 4030 1008 4093 portas
1059 4042 1240 4097 usque
1289 4029 1421 4101 igne
1479 4048 1544 4086 ac
1600 4033 1751 4088 ferro
1808 4037 2081 4106 vastaret,

435 4111 590 4165 unde
623 4110 892 4167 Tiberius
935 4130 1136 4171 muros
1180 4118 1417 4174 castello
1469 4120 1739 4188 munivit,
1775 4123 1872 4178 ubi
1907 4141 2084 4180 naves

436 4195 701 4252 inclusit.

865 4295 943 4345 De
973 4291 1088 4345 loco
1116 4294 1292 4348 Hieriz'
1319 4306 1654 4369 nuncupata.

508 4375 573 4428 In
607 4373 734 4431 loco
766 4380 1113 4449 cognomine
1161 4382 1338 4438 Hierii
1369 4390 1532 4441 trans
1566 4388 1777 4443 fretum
1811 4392 2083 4446 sacerdo-

436 4462 513 4518 tis
544 4464 855 4534 cujusdam
889 4468 1188 4525 colebatur
1217 4476 1431 4537 statua,
1470 4476 1705 4532 nomine
1735 4477 1882 4533 Irus.
1916 4479 2082 4536 Dice-

434 4550 653 4606 bantur
699 4554 873 4610 etiam
907 4560 965 4612 et
996 4557 1171 4629 Herii,
1205 4563 1360 4632 quod
1392 4562 1609 4619 ibidem
1644 4571 1845 4621 essent
1896 4569 2083 4624 multa

2202 3314 2259 3370 δὲ
2312 3316 2549 3390 χρόνους
2608 3321 2736 3388 σμη¹
2786 3309 3039 3388 Θεοδώρα
3084 3313 3119 3381 ἡ
3169 3311 3308 3385 γυνὴ
3356 3307 3631 3383 Θεοφίλου
3684 3312 3855 3383 μονὴν

2192 3405 2322 3459 αὐτὸ
2354 3404 2601 3475 ἐποίησε,
2633 3403 2722 3458 καὶ
2744 3404 2995 3475 κτήματα
3022 3398 3209 3456 πολλὰ
3231 3399 3558 3475 ἐπεκύρωσε.

2680 3583 2809 3658 Περὶ
2853 3584 2950 3636 τοῦ
2984 3576 3347 3635 Καστελλίου.

2263 3674 2333 3727 Τὸ
2376 3669 2432 3727 δὲ
2479 3669 2820 3727 Καστέλλιον
2876 3668 3091 3739 ἐκτίσθη
3144 3668 3236 3723 καὶ
3287 3665 3491 3736 ἐκλήθη
3528 3663 3849 3726 οὗτως.Τιο

2194 3757 2375 3839 ϐέριος
2409 3762 2437 3816 6
2488 3761 2745 3834 πενθερὸς
2790 3757 3098 3834 Μαυρικίου
3125 3752 3499 3811 ἐκαστέλλωσε
3558 3753 3651 3808 καὶ
3698 3753 3848 3828 ὠχτᾶ-

2195 3873 2335 3927 ρωσε
2386 3850 2482 3911 τὰς
2540 3853 2688 3919 ναῦς,
2772 3846 2861 3902 διὰ
2940 3848 3001 3901 τὸ
3060 3845 3239 3911 ἐλθεῖν
3296 3842 3545 3919 Χᾶγανον
3601 3842 3700 3896 τὸν
3762 3842 3852 3913 ἆρ-

2193 3962 2366 4017 χοντα
2396 3944 2502 3996 τῶν
2561 3939 2893 4013 Βουλγόίρων
2945 3936 3033 3991 καὶ
3082 3935 3379 4011 ἐμπρῆσαι,
3440 3933 3532 3986 καὶ
3582 3936 3853 3986 κατακαῦ-

2194 4051 2304 4097 σαι,
2354 4029 2444 4083 καὶ
2502 4026 2828 4103 κατασφάξαι
2875 4023 3082 4079 ἅπαντα
3137 4024 3204 4078 τὰ
3260 4026 3490 4098 Θρᾳκῷα
3554 4020 3697 4096 μέρη
3750 4022 3850 4090 μέ-

2193 4138 2288 4193 χρι
2321 4122 2536 4193 πορτῶν
2573 4136 2585 4149 ·
2621 4116 2742 4179 ὅθεν
2788 4115 2876 4169 καὶ
2926 4110 3302 4169 ἐκαπὲλλωσε
3346 4111 3413 4165 τὰ
3460 4108 3646 4183 τείχη,
3681 4109 3769 4163 καὶ
3801 4108 3847 4161 ἐν

2192 4207 2340 4280 αὖτῷ
2371 4204 2656 4263 ἀπέκλεισε
2674 4205 2769 4267 τὰς
2799 4207 2945 4265 ναῦς.

2760 4294 2888 4367 Περὶ
2929 4293 2996 4347 τὰ
3031 4289 3274 4366 Ἰερείου.

2260 4388 2383 4443 ’Ότι
2465 4385 2531 4440 τὰ
2584 4384 2800 4459 Ἰερείου
2875 4382 3042 4457 πέραν
3121 4380 3312 4455 ἱερέως
3389 4378 3539 4440 τινὸς
3626 4373 3845 4433 ἐσέῦετο

2191 4471 2668 4547 στήλη,τοῦνομα
2723 4479 2889 4547 Ἶρος.
2951 4470 3173 4546 Λέγεται
3233 4466 3290 4524 δὲ
3344 4466 3433 4523 καὶ
3483 4466 3729 4541 Ἣρείου,
3762 4463 3848 4520 διᾶ

2187 4566 2346 4620 τὸτὰ
2403 4566 2665 4638 μνήματα
2704 4560 2893 4618 πολλά
2946 4562 3081 4615 εῖναι
3112 4576 3126 4591 ’
3188 4557 3362 4612 ἐκεῖσε
3417 4557 3521 4632 γὰρ
3552 4554 3844 4611 ἔθαπτοντο

432 4640 736 4712 sepulcra;
764 4644 977 4700 etenim
1003 4648 1216 4704 civium
1242 4668 1483 4723 corpora
1508 4652 1585 4707 ibi
1621 4654 2088 4712 tumulabantur.

2231 4656 2249 4708 ἶ
2287 4634 2466 4726 νεκροῖ
2522 4658 2632 4707 τῶν
2678 4652 2945 4707 πολιτῶν.
2990 4649 3091 4703 Τὸν
3143 4645 3200 4702 δὲ
3250 4647 3375 4701 ναὸν
3416 4646 3445 4700 6
3496 4646 3680 4720 Μέγας
3712 4652 3845 4699 Κων-

433 4728 657 4786 Ibidem
689 4750 821 4788 vero
864 4736 1168 4793 ecclesiam
1217 4741 1479 4796 condidit
1508 4742 1927 4801 Constantinus
1960 4746 2083 4802 Ma-

430 4835 608 4891 gnus.
662 4823 942 4880 Caeterum
996 4828 1251 4897 primum
1311 4830 1391 4885 ibi
1452 4830 1735 4889 habitavit
1782 4840 1839 4890 et
1887 4836 2085 4892 docuit

431 4909 491 4963 S.
527 4912 793 4969 Andreas
823 4915 1140 4986 apostolus,
1161 4920 1259 4990 qui
1289 4920 1497 4976 deinde
1528 4928 1798 4980 sanctum
1827 4924 2083 4998 Stacbyn

434 4998 726 5057 ordinavit
759 5002 1121 5075 episcopum.

782 5113 863 5165 De
889 5114 944 5167 S.
980 5114 1136 5169 [rene
1163 5119 1485 5184 cognomine
1511 5119 1737 5176 Galam.

504 5196 760 5252 Ecclesia
800 5199 857 5255 S.
897 5201 1092 5258 Irenes
1141 5204 1364 5274 Galate,
1400 5207 1485 5263 sic
1532 5214 1736 5264 vocata
1788 5215 1877 5266 est
1907 5229 1938 5266 a
1968 5211 2078 5268 Ga-

428 5286 647 5342 latione
696 5290 948 5359 quodam
1008 5292 1087 5347 ibi
1147 5293 1473 5352 habitante.
1524 5298 1805 5354 Caeterum
1854 5301 1908 5355 S.
1961 5306 2077 5355 An-

432 5377 602 5432 dreas
630 5376 974 5450 Byzantium
1021 5398 1148 5437 cum
1183 5385 1456 5454 venisset,
1490 5389 1803 5445 exstructis
1846 5390 1905 5445 in
1954 5389 2079 5447 loco

431 5465 717 5520 Harmatii
772 5468 926 5525 dicto
982 5473 1229 5543 aedibus,
1289 5473 1409 5530 illic
1463 5476 1765 5533 habitavit.
1824 5478 2082 5551 Sculpsit

430 5554 607 5610 etiam
666 5558 900 5630 propria
952 5577 1128 5616 manu
1181 5578 1413 5618 crucem
1464 5580 1531 5620 ex
1578 5564 1793 5637 lapide,
1834 5567 2080 5624 colloca-

428 5644 629 5716 vitque
690 5645 749 5700 in
808 5647 1054 5705 ecclesia
1108 5653 1287 5707 veteri
1343 5656 1399 5707 S.
1459 5656 1677 5711 Irenes.
1735 5656 1954 5713 Deinde
2019 5657 2078 5712 in

430 5730 706 5789 Neorium
752 5736 1181 5810 commigravit,
1230 5740 1339 5797 hoc
1387 5745 1477 5798 est
1522 5742 1580 5798 in
1627 5743 1921 5814 porticum
1952 5762 2080 5821 qum

2194 4747 2477 4805 σταειτῖαος
2528 4743 2801 4817 ἀνήγειρε.
2855 4743 3078 4815 Ορῶτον
3133 4735 3189 4792 δὲ
3246 4738 3273 4791 6
3318 4733 3475 4810 ἅγιος
3526 4732 3788 4809 Ἀνδρέας
3819 4734 3846 4786 ὁ

2194 4831 2503 4894 ἀπόστολος
2545 4832 2785 4894 ἐκάθισεν
2836 4828 3007 4885 ἐκεῖσε
3050 4828 3140 4883 καὶ
3187 4823 3462 4882 ἐδίδασκεν
3499 4841 3512 4855 ·
3560 4824 3659 4888 εἶθ’
3693 4825 3844 4881 οὗτος

2193 4920 2574 4998 ἐχειροτόνησε
2602 4921 2695 4975 τὸν
2725 4919 2957 4995 Στάχυν.

2459 5117 2589 5193 Περὶ
2615 5124 2714 5187 τῆς
2745 5116 2933 5191 Ἀγίας
2963 5112 3208 5189 Εἰρήνης
3235 5112 3303 5167 τὰ
3335 5110 3569 5167 Γάλατα.

2261 5211 2325 5263 Ἡ
2370 5208 2528 5283 Ἀγία
2584 5205 2791 5281 Εἰρήνη
2850 5206 2916 5259 τὰ
2974 5200 3190 5258 Γάλατα
3237 5198 3448 5271 ἐκλήθη
3504 5200 3681 5261 οὕτως
3738 5201 3836 5255 ἀπὸ

2191 5296 2534 5360 Γαλατιῶνός
2578 5316 2727 5358 τινος
2786 5292 3065 5353 οἷ’κοῢντος
3123 5291 3313 5345 ἐκεῖσε.
3362 5287 3537 5346 Ἦλθε
3587 5287 3646 5344 δὶ
3694 5293 3783 5344 καὶ
3812 5291 3837 5343 6

2190 5383 2348 5461 ἅγιος
2380 5382 2636 5461 Ἀνδρέας
2694 5382 2782 5439 ἐπὶ
2838 5384 2900 5437 τὸ
2959 5379 3265 5451 Βυζάντιον,
3295 5380 3382 5433 καὶ
3424 5375 3627 5433 ἔκτισεν
3662 5379 3741 5439 εἷς
3776 5381 3835 5432 τὰ

2191 5474 2512 5549 Ἀρματίου,
2573 5474 2663 5527 καὶ
2712 5471 2988 5541 ἐκαθέζετο
3063 5468 3254 5525 ἐκεῖσε.
3322 5470 3580 5538 Ἐποίησε
3640 5466 3701 5523 δὶς
3753 5467 3831 5522 καῖ

2192 5562 2421 5636 σταυρὸν
2477 5558 2816 5637 ἷδιοχείρως,
2864 5560 3189 5630 λατομήσας
3234 5560 3426 5611 τοῦτον
3474 5556 3565 5611 καὶ
3610 5555 3833 5632 γλύψας.

2190 5646 2410 5722 ἔστησεν
2444 5650 2603 5706 αὐτὸν
2649 5649 2725 5713 εἷς
2770 5651 2869 5719 τήν
2922 5646 3109 5722 Ἀγίαν
3166 5645 3406 5718 Εἴρηνην
3438 5645 3537 5713 τὴν
3577 5644 3829 5701 παλαιάν.

2188 5743 2304 5806 Εἶθ’
2359 5740 2534 5803 οὕτως
2582 5738 2749 5811 ἦλθεν
2800 5738 2876 5804 εἷς
2915 5736 3176 5811 Νεώριον,
3223 5734 3289 5789 τὸ
3338 5732 3642 5811 λεγόμενον
3686 5755 3831 5812 κερα-
