  <div class='ocr_page' id='page_1' title='image "/cluster/home/n/w/nwhite01/storage/ocr_20150623/122/hvd.32044073502452/648.png"; bbox 0 0 3984 6348; ppageno 0'>
   <div class='ocr_carea' id='block_1_1' title="bbox 140 392 320 455">
    <p class='ocr_par' dir='ltr' id='par_1_1' title="bbox 140 392 320 455">
     <span class='ocr_line' id='line_1_1' title="bbox 140 392 320 455; baseline 0.006 -3"><span class='ocrx_word' id='word_1_1' title='bbox 140 392 185 452; x_wconf 76' lang='grc'><strong>1</strong></span> <span class='ocrx_word' id='word_1_2' title='bbox 200 394 320 455; x_wconf 78' lang='lat'><strong>2&#39;17</strong></span> 
     </span>
    </p>
   </div>
   <div class='ocr_carea' id='block_1_2' title="bbox 1288 395 2448 470">
    <p class='ocr_par' dir='ltr' id='par_1_2' title="bbox 1288 395 2448 470">
     <span class='ocr_line' id='line_1_2' title="bbox 1288 395 2448 470; baseline 0.004 -13"><span class='ocrx_word' id='word_1_3' title='bbox 1288 395 1653 459; x_wconf 80' lang='grc' dir='ltr'><strong>ΑΝΟΝΥΜΙ</strong></span> <span class='ocrx_word' id='word_1_4' title='bbox 1699 396 2283 470; x_wconf 79' lang='lat' dir='ltr'><strong>ANTIOUITATES</strong></span> <span class='ocrx_word' id='word_1_5' title='bbox 2327 401 2448 462; x_wconf 79' lang='grc' dir='ltr'><strong>ΟΡ.</strong></span> 
     </span>
    </p>
   </div>
   <div class='ocr_carea' id='block_1_3' title="bbox 3423 400 3578 462">
    <p class='ocr_par' dir='ltr' id='par_1_3' title="bbox 3423 400 3578 462">
     <span class='ocr_line' id='line_1_3' title="bbox 3423 400 3578 462; baseline -0.013 -2"><span class='ocrx_word' id='word_1_6' title='bbox 3423 400 3578 462; x_wconf 72' lang='grc' dir='ltr'><strong>12ῗ8</strong></span> 
     </span>
    </p>
   </div>
   <div class='ocr_carea' id='block_1_4' title="bbox 128 519 1822 607">
    <p class='ocr_par' dir='ltr' id='par_1_4' title="bbox 128 519 1808 604">
     <span class='ocr_line' id='line_1_4' title="bbox 128 519 1808 604; baseline 0.003 -27"><span class='ocrx_word' id='word_1_7' title='bbox 128 519 488 598; x_wconf 79' lang='grc' dir='ltr'>τοεμϐόλιον</span> <span class='ocrx_word' id='word_1_8' title='bbox 525 542 540 558; x_wconf 89' lang='grc'><strong>·</strong></span> <span class='ocrx_word' id='word_1_9' title='bbox 595 524 767 581; x_wconf 80' lang='grc' dir='ltr'><strong>ἐκεῖσε</strong></span> <span class='ocrx_word' id='word_1_10' title='bbox 834 526 937 603; x_wconf 71' lang='grc' dir='ltr'><strong>γὰρ</strong></span> <span class='ocrx_word' id='word_1_11' title='bbox 1006 525 1226 604; x_wconf 73' lang='grc' dir='ltr'>καμάρα</span> <span class='ocrx_word' id='word_1_12' title='bbox 1298 528 1484 603; x_wconf 83' lang='grc' dir='ltr'>χαλκῆ</span> <span class='ocrx_word' id='word_1_13' title='bbox 1562 529 1667 598; x_wconf 76' lang='grc' dir='ltr'><strong>ἦν,</strong></span> <span class='ocrx_word' id='word_1_14' title='bbox 1718 528 1808 584; x_wconf 81' lang='grc' dir='ltr'><strong>καὶ</strong></span> 
     </span>
    </p>
   </div>
   <div class='ocr_carea' id='block_1_5' title="bbox 1951 519 3575 607">
    <p class='ocr_par' dir='ltr' id='par_1_5' title="bbox 1951 531 3575 607">
     <span class='ocr_line' id='line_1_5' title="bbox 1951 531 3575 607; baseline 0.002 -22"><span class='ocrx_word' id='word_1_15' title='bbox 1951 532 2175 587; x_wconf 75' lang='lat' dir='ltr'><strong>lornuta</strong></span> <span class='ocrx_word' id='word_1_16' title='bbox 2207 533 2530 590; x_wconf 81' lang='lat' dir='ltr'><strong>dicebatur.</strong></span> <span class='ocrx_word' id='word_1_17' title='bbox 2564 533 2700 589; x_wconf 82' lang='lat' dir='ltr'><strong>Erat</strong></span> <span class='ocrx_word' id='word_1_18' title='bbox 2731 532 3072 607; x_wconf 71' lang='lat' dir='ltr'><strong>quippe&#39;ibi</strong></span> <span class='ocrx_word' id='word_1_19' title='bbox 3102 531 3363 605; x_wconf 88' lang='lat' dir='ltr'><strong>porticus</strong></span> <span class='ocrx_word' id='word_1_20' title='bbox 3394 550 3575 603; x_wconf 86' lang='lat' dir='ltr'><strong>enea,</strong></span> 
     </span>
    </p>
   </div>
   <div class='ocr_carea' id='block_1_6' title="bbox 123 611 1818 693">
    <p class='ocr_par' dir='ltr' id='par_1_6' title="bbox 123 611 1818 693">
     <span class='ocr_line' id='line_1_6' title="bbox 123 611 1818 693; baseline 0.003 -27"><span class='ocrx_word' id='word_1_21' title='bbox 123 612 352 670; x_wconf 66' lang='grc' dir='ltr'>’ἕστατο</span> <span class='ocrx_word' id='word_1_22' title='bbox 410 613 613 679; x_wconf 76' lang='grc' dir='ltr'>ἄνωθεν</span> <span class='ocrx_word' id='word_1_23' title='bbox 672 613 842 685; x_wconf 78' lang='grc' dir='ltr'>αὐτῆς</span> <span class='ocrx_word' id='word_1_24' title='bbox 899 615 1075 687; x_wconf 87' lang='grc' dir='ltr'>στήλη</span> <span class='ocrx_word' id='word_1_25' title='bbox 1131 611 1337 691; x_wconf 81' lang='grc' dir='ltr'>ἔχουσα</span> <span class='ocrx_word' id='word_1_26' title='bbox 1396 616 1448 672; x_wconf 82' lang='grc' dir='ltr'>ἐν</span> <span class='ocrx_word' id='word_1_27' title='bbox 1505 620 1575 692; x_wconf 78' lang='grc' dir='ltr'><strong>τῇ</strong></span> <span class='ocrx_word' id='word_1_28' title='bbox 1605 614 1818 693; x_wconf 72' lang='grc' dir='ltr'>κεφαλῇ</span> 
     </span>
    </p>
   </div>
   <div class='ocr_carea' id='block_1_7' title="bbox 141 702 1827 782">
    <p class='ocr_par' dir='ltr' id='par_1_7' title="bbox 141 702 1827 782">
     <span class='ocr_line' id='line_1_7' title="bbox 141 702 1827 782; baseline 0.001 -24"><span class='ocrx_word' id='word_1_29' title='bbox 141 703 366 779; x_wconf 76' lang='grc' dir='ltr'>κέρατα</span> <span class='ocrx_word' id='word_1_30' title='bbox 416 702 666 781; x_wconf 75' lang='grc' dir='ltr'>τέσσαρα.</span> <span class='ocrx_word' id='word_1_31' title='bbox 699 702 960 777; x_wconf 84' lang='grc' dir='ltr'>Θαύματα</span> <span class='ocrx_word' id='word_1_32' title='bbox 1021 702 1079 760; x_wconf 75' lang='grc' dir='ltr'><strong>δὲ</strong></span> <span class='ocrx_word' id='word_1_33' title='bbox 1135 705 1383 782; x_wconf 66' lang='grc' dir='ltr'>ἐγένοντο</span> <span class='ocrx_word' id='word_1_34' title='bbox 1440 704 1491 761; x_wconf 82' lang='grc' dir='ltr'>ἐν</span> <span class='ocrx_word' id='word_1_35' title='bbox 1543 705 1700 781; x_wconf 77' lang='grc' dir='ltr'>αὐτῇ.</span> <span class='ocrx_word' id='word_1_36' title='bbox 1754 702 1827 764; x_wconf 72' lang='lat' dir='ltr'><strong>Ei’</strong></span> 
     </span>
    </p>
   </div>
   <div class='ocr_carea' id='block_1_8' title="bbox 133 792 1821 874">
    <p class='ocr_par' dir='ltr' id='par_1_8' title="bbox 133 792 1821 874">
     <span class='ocr_line' id='line_1_8' title="bbox 133 792 1821 874; baseline 0.001 -27"><span class='ocrx_word' id='word_1_37' title='bbox 133 813 247 856; x_wconf 85' lang='grc' dir='ltr'><strong>τις</strong></span> <span class='ocrx_word' id='word_1_38' title='bbox 282 795 385 869; x_wconf 85' lang='grc' dir='ltr'><strong>γὰρ</strong></span> <span class='ocrx_word' id='word_1_39' title='bbox 420 794 565 870; x_wconf 79' lang='grc' dir='ltr'>εἶχεν</span> <span class='ocrx_word' id='word_1_40' title='bbox 600 792 650 847; x_wconf 82' lang='grc' dir='ltr'>ἐν</span> <span class='ocrx_word' id='word_1_41' title='bbox 682 793 829 866; x_wconf 79' lang='grc' dir='ltr'><strong>αὖτῷ</strong></span> <span class='ocrx_word' id='word_1_42' title='bbox 856 794 1133 870; x_wconf 80' lang='grc' dir='ltr'>ὑπόληψιν</span> <span class='ocrx_word' id='word_1_43' title='bbox 1191 797 1322 850; x_wconf 75' lang='grc' dir='ltr'>εἶναι</span> <span class='ocrx_word' id='word_1_44' title='bbox 1368 801 1617 874; x_wconf 68' lang='grc' dir='ltr'>κερατᾶς,</span> <span class='ocrx_word' id='word_1_45' title='bbox 1650 795 1821 850; x_wconf 79' lang='grc' dir='ltr'>ἐκεῖσε</span> 
     </span>
    </p>
   </div>
   <div class='ocr_carea' id='block_1_9' title="bbox 140 882 1822 962">
    <p class='ocr_par' dir='ltr' id='par_1_9' title="bbox 140 882 1822 962">
     <span class='ocr_line' id='line_1_9' title="bbox 140 882 1822 962; baseline 0.001 -25"><span class='ocrx_word' id='word_1_46' title='bbox 140 882 545 959; x_wconf 76' lang='grc' dir='ltr'><strong>ἀπερχόμενος</strong></span> <span class='ocrx_word' id='word_1_47' title='bbox 621 884 712 938; x_wconf 82' lang='grc' dir='ltr'><strong>καὶ</strong></span> <span class='ocrx_word' id='word_1_48' title='bbox 784 886 1157 962; x_wconf 82' lang='grc' dir='ltr'>προσεγγίζων</span> <span class='ocrx_word' id='word_1_49' title='bbox 1224 889 1294 959; x_wconf 76' lang='grc' dir='ltr'><strong>τῇ</strong></span> <span class='ocrx_word' id='word_1_50' title='bbox 1351 884 1566 960; x_wconf 81' lang='grc' dir='ltr'><strong>στήλῃ,</strong></span> <span class='ocrx_word' id='word_1_51' title='bbox 1626 885 1822 949; x_wconf 71' lang='grc' dir='ltr'>εὐθέως</span> 
     </span>
    </p>
   </div>
   <div class='ocr_carea' id='block_1_10' title="bbox 140 970 1818 1050">
    <p class='ocr_par' dir='ltr' id='par_1_10' title="bbox 140 970 1818 1050">
     <span class='ocr_line' id='line_1_10' title="bbox 140 970 1818 1050; baseline 0 -23"><span class='ocrx_word' id='word_1_52' title='bbox 140 971 439 1050; x_wconf 69' lang='grc' dir='ltr'>ἐγυρίζετο</span> <span class='ocrx_word' id='word_1_53' title='bbox 496 970 605 1036; x_wconf 71' lang='grc' dir='ltr'>ἕως</span> <span class='ocrx_word' id='word_1_54' title='bbox 648 972 836 1049; x_wconf 79' lang='grc' dir='ltr'>τρίτου</span> <span class='ocrx_word' id='word_1_55' title='bbox 877 995 890 1007; x_wconf 75' lang='grc' dir='ltr'>ο</span> <span class='ocrx_word' id='word_1_56' title='bbox 944 974 990 1029; x_wconf 75' lang='grc' dir='ltr'>εἰ</span> <span class='ocrx_word' id='word_1_57' title='bbox 1044 972 1101 1030; x_wconf 74' lang='grc' dir='ltr'><strong>δὲ</strong></span> <span class='ocrx_word' id='word_1_58' title='bbox 1152 974 1305 1040; x_wconf 72' lang='grc' dir='ltr'>ἐκτὸς</span> <span class='ocrx_word' id='word_1_59' title='bbox 1353 975 1684 1049; x_wconf 79' lang='grc' dir='ltr'>ὑπόλήψεως</span> <span class='ocrx_word' id='word_1_60' title='bbox 1727 975 1818 1045; x_wconf 77' lang='grc' dir='ltr'>ἦν,</span> 
     </span>
    </p>
   </div>
   <div class='ocr_carea' id='block_1_11' title="bbox 128 1059 1820 1141">
    <p class='ocr_par' dir='ltr' id='par_1_11' title="bbox 128 1059 1820 1141">
     <span class='ocr_line' id='line_1_11' title="bbox 128 1059 1820 1141; baseline 0.002 -25"><span class='ocrx_word' id='word_1_61' title='bbox 128 1059 353 1117; x_wconf 68' lang='grc' dir='ltr'>’ἵστατο</span> <span class='ocrx_word' id='word_1_62' title='bbox 384 1061 680 1126; x_wconf 67' lang='grc' dir='ltr'>ἀσάλευτος</span> <span class='ocrx_word' id='word_1_63' title='bbox 710 1065 745 1133; x_wconf 78' lang='grc' dir='ltr'><strong>ἡ</strong></span> <span class='ocrx_word' id='word_1_64' title='bbox 779 1060 957 1135; x_wconf 82' lang='grc' dir='ltr'>στήλη</span> <span class='ocrx_word' id='word_1_65' title='bbox 992 1082 1007 1096; x_wconf 78' lang='grc'><strong><em>⁸</em></strong></span> <span class='ocrx_word' id='word_1_66' title='bbox 1056 1063 1147 1119; x_wconf 84' lang='grc' dir='ltr'><strong>καὶ</strong></span> <span class='ocrx_word' id='word_1_67' title='bbox 1192 1063 1365 1129; x_wconf 69' lang='grc' dir='ltr'>οὕτως</span> <span class='ocrx_word' id='word_1_68' title='bbox 1412 1062 1724 1141; x_wconf 73' lang='grc' dir='ltr'><strong>ἠλέγχοντο</strong></span> <span class='ocrx_word' id='word_1_69' title='bbox 1768 1065 1820 1119; x_wconf 76' lang='grc' dir='ltr'>οἱ</span> 
     </span>
    </p>
   </div>
   <div class='ocr_carea' id='block_1_12' title="bbox 140 1149 480 1228">
    <p class='ocr_par' dir='ltr' id='par_1_12' title="bbox 140 1149 480 1228">
     <span class='ocr_line' id='line_1_12' title="bbox 140 1149 480 1228; baseline 0.006 -22"><span class='ocrx_word' id='word_1_70' title='bbox 140 1149 480 1228; x_wconf 80' lang='grc' dir='ltr'>κερατάδες.</span> 
     </span>
    </p>
   </div>
   <div class='ocr_carea' id='block_1_13' title="bbox 588 1242 1400 1319">
    <p class='ocr_par' dir='ltr' id='par_1_13' title="bbox 588 1242 1400 1319">
     <span class='ocr_line' id='line_1_13' title="bbox 588 1242 1400 1319; baseline 0.004 -21"><span class='ocrx_word' id='word_1_71' title='bbox 588 1242 715 1318; x_wconf 84' lang='grc' dir='ltr'><strong>Περῖ</strong></span> <span class='ocrx_word' id='word_1_72' title='bbox 751 1247 849 1299; x_wconf 80' lang='grc' dir='ltr'>τοῦ</span> <span class='ocrx_word' id='word_1_73' title='bbox 871 1243 1059 1319; x_wconf 76' lang='grc' dir='ltr'>Ἃγίου</span> <span class='ocrx_word' id='word_1_74' title='bbox 1086 1242 1400 1316; x_wconf 83' lang='grc' dir='ltr'>Μάμαντος.</span> 
     </span>
    </p>
   </div>
   <div class='ocr_carea' id='block_1_14' title="bbox 235 1328 1817 1408">
    <p class='ocr_par' dir='ltr' id='par_1_14' title="bbox 235 1328 1817 1408">
     <span class='ocr_line' id='line_1_14' title="bbox 235 1328 1817 1408; baseline 0 -21"><span class='ocrx_word' id='word_1_75' title='bbox 235 1333 343 1387; x_wconf 80' lang='grc' dir='ltr'><strong>Τὸν</strong></span> <span class='ocrx_word' id='word_1_76' title='bbox 392 1328 449 1386; x_wconf 71' lang='grc' dir='ltr'><strong>δὶ</strong></span> <span class='ocrx_word' id='word_1_77' title='bbox 475 1334 666 1408; x_wconf 78' lang='grc' dir='ltr'>Ἀγιον</span> <span class='ocrx_word' id='word_1_78' title='bbox 718 1333 989 1405; x_wconf 76' lang='grc' dir='ltr'>Μάμαντα</span> <span class='ocrx_word' id='word_1_79' title='bbox 1039 1333 1325 1408; x_wconf 75' lang='grc' dir='ltr'>ἀνήγειρεν</span> <span class='ocrx_word' id='word_1_80' title='bbox 1378 1334 1407 1387; x_wconf 99' lang='lat'><strong>6</strong></span> <span class='ocrx_word' id='word_1_81' title='bbox 1446 1330 1817 1406; x_wconf 77' lang='grc' dir='ltr'>Λεομάκελος,</span> 
     </span>
    </p>
   </div>
   <div class='ocr_carea' id='block_1_15' title="bbox 143 1418 1820 1499">
    <p class='ocr_par' dir='ltr' id='par_1_15' title="bbox 143 1418 1820 1499">
     <span class='ocr_line' id='line_1_15' title="bbox 143 1418 1820 1499; baseline 0 -23"><span class='ocrx_word' id='word_1_82' title='bbox 143 1421 262 1476; x_wconf 78' lang='grc' dir='ltr'><strong>καὶ</strong></span> <span class='ocrx_word' id='word_1_83' title='bbox 311 1420 515 1476; x_wconf 82' lang='grc' dir='ltr'>ἔκτισεν</span> <span class='ocrx_word' id='word_1_84' title='bbox 558 1420 671 1476; x_wconf 62' lang='lat' dir='ltr'><strong>basi</strong></span> <span class='ocrx_word' id='word_1_85' title='bbox 706 1418 972 1491; x_wconf 79' lang='grc' dir='ltr'>παλάτια,</span> <span class='ocrx_word' id='word_1_86' title='bbox 1013 1419 1154 1477; x_wconf 81' lang='grc' dir='ltr'>διότι</span> <span class='ocrx_word' id='word_1_87' title='bbox 1203 1421 1523 1499; x_wconf 81' lang='grc' dir='ltr'>ἐνεπρήζετο</span> <span class='ocrx_word' id='word_1_88' title='bbox 1570 1424 1604 1491; x_wconf 83' lang='grc' dir='ltr'>ἡ</span> <span class='ocrx_word' id='word_1_89' title='bbox 1656 1420 1820 1484; x_wconf 85' lang='grc' dir='ltr'>πόλις</span> 
     </span>
    </p>
   </div>
   <div class='ocr_carea' id='block_1_16' title="bbox 152 1509 1818 1585">
    <p class='ocr_par' dir='ltr' id='par_1_16' title="bbox 152 1509 1818 1585">
     <span class='ocr_line' id='line_1_16' title="bbox 215 1509 1788 1565; baseline -0.001 -35"><span class='ocrx_word' id='word_1_90' title='bbox 215 1517 250 1530; x_wconf 75' lang='grc' dir='ltr'><strong>ι..</strong></span> <span class='ocrx_word' id='word_1_91' title='bbox 431 1517 442 1535; x_wconf 72' lang='grc' dir='ltr'><em>ο</em></span> <span class='ocrx_word' id='word_1_92' title='bbox 588 1510 602 1532; x_wconf 58' lang='grc' dir='ltr'>π</span> <span class='ocrx_word' id='word_1_93' title='bbox 653 1509 677 1565; x_wconf 64' lang='grc' dir='ltr'>ἒ</span> <span class='ocrx_word' id='word_1_94' title='bbox 821 1512 835 1530; x_wconf 78' lang='lat'><strong><em>\</em></strong></span> <span class='ocrx_word' id='word_1_95' title='bbox 1181 1513 1190 1528; x_wconf 76' lang='grc' dir='ltr'><strong><em>ν</em></strong></span> <span class='ocrx_word' id='word_1_96' title='bbox 1337 1533 1357 1545; x_wconf 47' lang='grc' dir='ltr'><strong>ρ</strong></span> <span class='ocrx_word' id='word_1_97' title='bbox 1412 1509 1448 1543; x_wconf 59' lang='grc' dir='ltr'><strong>ν,</strong></span> <span class='ocrx_word' id='word_1_98' title='bbox 1588 1534 1598 1547; x_wconf 31' lang='grc' dir='ltr'><strong>ς</strong></span> <span class='ocrx_word' id='word_1_99' title='bbox 1707 1511 1721 1531; x_wconf 67' lang='grc' dir='ltr'><strong>ν</strong></span> <span class='ocrx_word' id='word_1_100' title='bbox 1774 1512 1788 1529; x_wconf 61' lang='grc' dir='ltr'><strong>κ</strong></span> 
     </span>
     <span class='ocr_line' id='line_1_17' title="bbox 152 1510 1818 1585; baseline 0.001 -20"><span class='ocrx_word' id='word_1_101' title='bbox 152 1532 349 1585; x_wconf 78' lang='grc' dir='ltr'>μηνας</span> <span class='ocrx_word' id='word_1_102' title='bbox 396 1532 462 1583; x_wconf 84' lang='grc' dir='ltr'><strong>ς,</strong></span> <span class='ocrx_word' id='word_1_103' title='bbox 510 1531 604 1565; x_wconf 84' lang='grc' dir='ltr'><strong>και</strong></span> <span class='ocrx_word' id='word_1_104' title='bbox 680 1510 880 1582; x_wconf 78' lang='grc' dir='ltr'>ξελθων</span> <span class='ocrx_word' id='word_1_105' title='bbox 930 1512 958 1565; x_wconf 85' lang='grc' dir='ltr'>ὁ</span> <span class='ocrx_word' id='word_1_106' title='bbox 1008 1510 1377 1585; x_wconf 65' lang='grc' dir='ltr'>Λεομακελοη</span> <span class='ocrx_word' id='word_1_107' title='bbox 1410 1531 1612 1567; x_wconf 65' lang='grc' dir='ltr'>εκτισει</span> <span class='ocrx_word' id='word_1_108' title='bbox 1663 1532 1818 1581; x_wconf 80' lang='grc' dir='ltr'>αυτα,</span> 
     </span>
    </p>
   </div>
   <div class='ocr_carea' id='block_1_17' title="bbox 147 1598 1822 1672">
    <p class='ocr_par' dir='ltr' id='par_1_17' title="bbox 147 1598 1822 1672">
     <span class='ocr_line' id='line_1_18' title="bbox 147 1598 1822 1672; baseline -0.001 -18"><span class='ocrx_word' id='word_1_109' title='bbox 147 1600 260 1655; x_wconf 77' lang='grc' dir='ltr'><strong>καὶ</strong></span> <span class='ocrx_word' id='word_1_110' title='bbox 321 1598 494 1672; x_wconf 88' lang='grc' dir='ltr'>μόλον</span> <span class='ocrx_word' id='word_1_111' title='bbox 553 1598 797 1671; x_wconf 70' lang='grc' dir='ltr'>ἐποίησε,</span> <span class='ocrx_word' id='word_1_112' title='bbox 856 1599 946 1654; x_wconf 80' lang='grc' dir='ltr'><strong>καὶ</strong></span> <span class='ocrx_word' id='word_1_113' title='bbox 999 1601 1125 1654; x_wconf 87' lang='grc' dir='ltr'>ναὸν</span> <span class='ocrx_word' id='word_1_114' title='bbox 1183 1598 1472 1662; x_wconf 75' lang='grc' dir='ltr'>ὡσαύτως’</span> <span class='ocrx_word' id='word_1_115' title='bbox 1530 1598 1621 1655; x_wconf 80' lang='grc' dir='ltr'>καὶ</span> <span class='ocrx_word' id='word_1_116' title='bbox 1677 1598 1822 1670; x_wconf 71' lang='grc' dir='ltr'>ἑώρα</span> 
     </span>
    </p>
   </div>
   <div class='ocr_carea' id='block_1_18' title="bbox 153 1682 1822 1764">
    <p class='ocr_par' dir='ltr' id='par_1_18' title="bbox 153 1682 1822 1764">
     <span class='ocr_line' id='line_1_19' title="bbox 153 1682 1822 1764; baseline 0.001 -23"><span class='ocrx_word' id='word_1_117' title='bbox 153 1687 422 1741; x_wconf 80' lang='grc' dir='ltr'>ἆπεκεῖσε</span> <span class='ocrx_word' id='word_1_118' title='bbox 448 1687 548 1755; x_wconf 83' lang='grc' dir='ltr'><strong>τήν</strong></span> <span class='ocrx_word' id='word_1_119' title='bbox 595 1685 759 1742; x_wconf 87' lang='grc' dir='ltr'>πόλιν</span> <span class='ocrx_word' id='word_1_120' title='bbox 793 1686 1245 1764; x_wconf 76' lang='grc' dir='ltr'>ὲμπρηζομένην.</span> <span class='ocrx_word' id='word_1_121' title='bbox 1280 1688 1394 1745; x_wconf 73' lang='grc' dir='ltr'>Εἴθ’</span> <span class='ocrx_word' id='word_1_122' title='bbox 1424 1687 1597 1750; x_wconf 69' lang='grc' dir='ltr'>οὕτως</span> <span class='ocrx_word' id='word_1_123' title='bbox 1638 1682 1822 1763; x_wconf 75' lang='grc' dir='ltr'>ἔϐρεξε</span> 
     </span>
    </p>
   </div>
   <div class='ocr_carea' id='block_1_19' title="bbox 153 1773 1817 1853">
    <p class='ocr_par' dir='ltr' id='par_1_19' title="bbox 153 1773 1817 1853">
     <span class='ocr_line' id='line_1_20' title="bbox 153 1773 1817 1853; baseline 0.001 -24"><span class='ocrx_word' id='word_1_124' title='bbox 153 1773 401 1845; x_wconf 79' lang='grc' dir='ltr'>στάκτην</span> <span class='ocrx_word' id='word_1_125' title='bbox 472 1773 723 1849; x_wconf 74' lang='grc' dir='ltr'><strong>ἰπ⁹αύτῇ</strong></span> <span class='ocrx_word' id='word_1_126' title='bbox 784 1775 861 1839; x_wconf 82' lang='grc' dir='ltr'>ὡς</span> <span class='ocrx_word' id='word_1_127' title='bbox 920 1777 1198 1850; x_wconf 76' lang='grc' dir='ltr'>σπιθαμήν</span> <span class='ocrx_word' id='word_1_128' title='bbox 1251 1776 1316 1831; x_wconf 88' lang='grc' dir='ltr'>τὸ</span> <span class='ocrx_word' id='word_1_129' title='bbox 1365 1775 1571 1853; x_wconf 84' lang='grc' dir='ltr'>πάχος.</span> <span class='ocrx_word' id='word_1_130' title='bbox 1603 1778 1817 1832; x_wconf 88' lang='grc' dir='ltr'>Ἐκτισε</span> 
     </span>
    </p>
   </div>
   <div class='ocr_carea' id='block_1_20' title="bbox 154 1861 1899 1970">
    <p class='ocr_par' dir='ltr' id='par_1_20' title="bbox 154 1861 1899 1970">
     <span class='ocr_line' id='line_1_21' title="bbox 154 1861 1899 1970; baseline 0.002 -51"><span class='ocrx_word' id='word_1_131' title='bbox 154 1861 226 1970; x_wconf 58' lang='grc' dir='ltr'>ξε</span> <span class='ocrx_word' id='word_1_132' title='bbox 399 1861 815 1970; x_wconf 59' lang='grc' dir='ltr'>Ἰπποθρόμιον,</span> <span class='ocrx_word' id='word_1_133' title='bbox 846 1863 900 1920; x_wconf 77' lang='grc' dir='ltr'>ἐν</span> <span class='ocrx_word' id='word_1_134' title='bbox 951 1866 997 1938; x_wconf 84' lang='grc' dir='ltr'>ᾧ</span> <span class='ocrx_word' id='word_1_135' title='bbox 1049 1865 1139 1920; x_wconf 83' lang='grc' dir='ltr'><strong>καὶ</strong></span> <span class='ocrx_word' id='word_1_136' title='bbox 1190 1864 1429 1940; x_wconf 77' lang='grc' dir='ltr'>Μιχαὴλ</span> <span class='ocrx_word' id='word_1_137' title='bbox 1481 1867 1509 1921; x_wconf 88' lang='lat'><strong>6</strong></span> <span class='ocrx_word' id='word_1_138' title='bbox 1562 1864 1817 1943; x_wconf 72' lang='grc' dir='ltr'>βασιλεὺς</span> <span class='ocrx_word' id='word_1_139' title='bbox 1850 1904 1899 1970; x_wconf 79' lang='grc' dir='ltr'><strong>Β</strong></span> 
     </span>
    </p>
   </div>
   <div class='ocr_carea' id='block_1_21' title="bbox 154 1952 879 2029">
    <p class='ocr_par' dir='ltr' id='par_1_21' title="bbox 154 1952 879 2029">
     <span class='ocr_line' id='line_1_22' title="bbox 154 1952 879 2029; baseline 0.004 -21"><span class='ocrx_word' id='word_1_140' title='bbox 154 1954 399 2029; x_wconf 69' lang='grc' dir='ltr'>ἀνῃρέθη</span> <span class='ocrx_word' id='word_1_141' title='bbox 436 1952 540 2009; x_wconf 79' lang='grc' dir='ltr'>ὑπὸ</span> <span class='ocrx_word' id='word_1_142' title='bbox 566 1952 879 2011; x_wconf 85' lang='grc' dir='ltr'>Βασιλείου.</span> 
     </span>
    </p>
   </div>
   <div class='ocr_carea' id='block_1_22' title="bbox 339 2148 1633 2296">
    <p class='ocr_par' dir='ltr' id='par_1_22' title="bbox 339 2148 1633 2296">
     <span class='ocr_line' id='line_1_23' title="bbox 339 2148 1633 2296; baseline 0.001 -90"><span class='ocrx_word' id='word_1_143' title='bbox 339 2149 466 2228; x_wconf 87' lang='grc' dir='ltr'>Περὶ</span> <span class='ocrx_word' id='word_1_144' title='bbox 496 2156 596 2221; x_wconf 84' lang='grc' dir='ltr'><strong>τῆς</strong></span> <span class='ocrx_word' id='word_1_145' title='bbox 623 2148 1188 2296; x_wconf 47' lang='grc' dir='ltr'>γεφύραςλὶῗὲαἵξῖης</span> <span class='ocrx_word' id='word_1_146' title='bbox 1220 2150 1294 2214; x_wconf 79' lang='grc' dir='ltr'>εἷς</span> <span class='ocrx_word' id='word_1_147' title='bbox 1322 2152 1633 2231; x_wconf 75' lang='grc' dir='ltr'>τὸν’⁸Ἀγιον</span> 
     </span>
    </p>
   </div>
   <div class='ocr_carea' id='block_1_23' title="bbox 243 2309 1822 2391">
    <p class='ocr_par' dir='ltr' id='par_1_23' title="bbox 243 2309 1822 2391">
     <span class='ocr_line' id='line_1_24' title="bbox 243 2309 1822 2391; baseline 0.001 -22"><span class='ocrx_word' id='word_1_148' title='bbox 243 2311 367 2369; x_wconf 84' lang='grc' dir='ltr'>’Ότι</span> <span class='ocrx_word' id='word_1_149' title='bbox 418 2309 501 2374; x_wconf 71' lang='grc' dir='ltr'>εἷς</span> <span class='ocrx_word' id='word_1_150' title='bbox 546 2311 640 2367; x_wconf 84' lang='grc' dir='ltr'>τὸν</span> <span class='ocrx_word' id='word_1_151' title='bbox 686 2313 878 2385; x_wconf 76' lang='grc' dir='ltr'>’Ἀγιον</span> <span class='ocrx_word' id='word_1_152' title='bbox 931 2311 1201 2384; x_wconf 73' lang='grc' dir='ltr'>Μάμαντα</span> <span class='ocrx_word' id='word_1_153' title='bbox 1237 2310 1429 2368; x_wconf 71' lang='grc' dir='ltr'>’ἕστατο</span> <span class='ocrx_word' id='word_1_154' title='bbox 1472 2312 1678 2391; x_wconf 67' lang='grc' dir='ltr'>γάφυρα</span> <span class='ocrx_word' id='word_1_155' title='bbox 1724 2334 1822 2388; x_wconf 80' lang='grc' dir='ltr'>με·</span> 
     </span>
    </p>
   </div>
   <div class='ocr_carea' id='block_1_24' title="bbox 159 2397 1822 2480">
    <p class='ocr_par' dir='ltr' id='par_1_24' title="bbox 159 2397 1822 2480">
     <span class='ocr_line' id='line_1_25' title="bbox 159 2397 1822 2480; baseline 0.019 -34"><span class='ocrx_word' id='word_1_156' title='bbox 159 2397 314 2477; x_wconf 76' lang='grc' dir='ltr'>γάλη</span> <span class='ocrx_word' id='word_1_157' title='bbox 371 2402 542 2474; x_wconf 84' lang='grc' dir='ltr'>ὁμοία</span> <span class='ocrx_word' id='word_1_158' title='bbox 587 2408 688 2471; x_wconf 78' lang='grc' dir='ltr'><strong>τῆς</strong></span> <span class='ocrx_word' id='word_1_159' title='bbox 735 2398 1116 2474; x_wconf 78' lang='grc' dir='ltr'>Χαλκηδόνος,</span> <span class='ocrx_word' id='word_1_160' title='bbox 1170 2399 1372 2477; x_wconf 79' lang='grc' dir='ltr'>ἔχουσα</span> <span class='ocrx_word' id='word_1_161' title='bbox 1429 2406 1677 2480; x_wconf 73' lang='grc' dir='ltr'>καμάρας</span> <span class='ocrx_word' id='word_1_162' title='bbox 1732 2406 1822 2479; x_wconf 67' lang='grc' dir='ltr'><strong>ιβ’,</strong></span> 
     </span>
    </p>
   </div>
   <div class='ocr_carea' id='block_1_25' title="bbox 164 2488 1826 2568">
    <p class='ocr_par' dir='ltr' id='par_1_25' title="bbox 164 2488 1826 2568">
     <span class='ocr_line' id='line_1_26' title="bbox 164 2488 1826 2568; baseline 0.004 -24"><span class='ocrx_word' id='word_1_163' title='bbox 164 2490 424 2563; x_wconf 86' lang='grc' dir='ltr'>ποταμὸς</span> <span class='ocrx_word' id='word_1_164' title='bbox 493 2488 553 2545; x_wconf 79' lang='grc' dir='ltr'><strong>δὶ</strong></span> <span class='ocrx_word' id='word_1_165' title='bbox 627 2492 937 2566; x_wconf 76' lang='grc' dir='ltr'>κατήρχετο</span> <span class='ocrx_word' id='word_1_166' title='bbox 1007 2490 1389 2568; x_wconf 73' lang='grc' dir='ltr'><strong>παμμεγέθης,</strong></span> <span class='ocrx_word' id='word_1_167' title='bbox 1438 2492 1528 2548; x_wconf 84' lang='grc' dir='ltr'><strong>καὶ</strong></span> <span class='ocrx_word' id='word_1_168' title='bbox 1587 2491 1826 2567; x_wconf 79' lang='grc' dir='ltr'>μάλιστα</span> 
     </span>
    </p>
   </div>
   <div class='ocr_carea' id='block_1_26' title="bbox 162 2579 1823 2657">
    <p class='ocr_par' dir='ltr' id='par_1_26' title="bbox 162 2579 1823 2657">
     <span class='ocr_line' id='line_1_27' title="bbox 162 2579 1823 2657; baseline 0.003 -23"><span class='ocrx_word' id='word_1_169' title='bbox 162 2584 255 2652; x_wconf 75' lang='grc' dir='ltr'><strong>τῷ</strong></span> <span class='ocrx_word' id='word_1_170' title='bbox 325 2579 698 2656; x_wconf 81' lang='grc' dir='ltr'>Φευρουαρίου</span> <span class='ocrx_word' id='word_1_171' title='bbox 778 2579 933 2653; x_wconf 89' lang='grc' dir='ltr'>μηνί.</span> <span class='ocrx_word' id='word_1_172' title='bbox 994 2582 1159 2638; x_wconf 78' lang='grc' dir='ltr'>Ἔνθα</span> <span class='ocrx_word' id='word_1_173' title='bbox 1230 2581 1319 2636; x_wconf 85' lang='grc' dir='ltr'><strong>καὶ</strong></span> <span class='ocrx_word' id='word_1_174' title='bbox 1370 2580 1581 2657; x_wconf 76' lang='grc' dir='ltr'>δράκων</span> <span class='ocrx_word' id='word_1_175' title='bbox 1633 2581 1823 2639; x_wconf 78' lang='grc' dir='ltr'>’ίστατο</span> 
     </span>
    </p>
   </div>
   <div class='ocr_carea' id='block_1_27' title="bbox 164 2666 1821 2748">
    <p class='ocr_par' dir='ltr' id='par_1_27' title="bbox 164 2666 1821 2748">
     <span class='ocr_line' id='line_1_28' title="bbox 164 2666 1821 2748; baseline 0.003 -26"><span class='ocrx_word' id='word_1_176' title='bbox 164 2673 421 2744; x_wconf 72' lang='grc' dir='ltr'>χαλκοῦς</span> <span class='ocrx_word' id='word_1_177' title='bbox 450 2686 466 2701; x_wconf 79' lang='grc'><strong>⁸</strong></span> <span class='ocrx_word' id='word_1_178' title='bbox 519 2666 609 2724; x_wconf 78' lang='grc' dir='ltr'><strong>διὰ</strong></span> <span class='ocrx_word' id='word_1_179' title='bbox 656 2666 713 2724; x_wconf 73' lang='grc' dir='ltr'><strong>δὲ</strong></span> <span class='ocrx_word' id='word_1_180' title='bbox 766 2669 829 2725; x_wconf 85' lang='grc' dir='ltr'>τὸ</span> <span class='ocrx_word' id='word_1_181' title='bbox 883 2668 1058 2745; x_wconf 73' lang='grc' dir='ltr'>λέγειν</span> <span class='ocrx_word' id='word_1_182' title='bbox 1106 2671 1276 2741; x_wconf 77' lang='grc' dir='ltr'>τινὰς,</span> <span class='ocrx_word' id='word_1_183' title='bbox 1334 2668 1602 2748; x_wconf 79' lang='grc' dir='ltr'>δράκοντα</span> <span class='ocrx_word' id='word_1_184' title='bbox 1657 2672 1821 2728; x_wconf 70' lang='grc' dir='ltr'>οἲκεῖν</span> 
     </span>
    </p>
   </div>
   <div class='ocr_carea' id='block_1_28' title="bbox 164 2757 1823 2836">
    <p class='ocr_par' dir='ltr' id='par_1_28' title="bbox 164 2757 1823 2836">
     <span class='ocr_line' id='line_1_29' title="bbox 164 2757 1823 2836; baseline 0.002 -23"><span class='ocrx_word' id='word_1_185' title='bbox 164 2759 252 2819; x_wconf 77' lang='grc' dir='ltr'><strong>είς</strong></span> <span class='ocrx_word' id='word_1_186' title='bbox 327 2759 428 2828; x_wconf 77' lang='grc' dir='ltr'><strong>τήν</strong></span> <span class='ocrx_word' id='word_1_187' title='bbox 504 2758 757 2836; x_wconf 70' lang='grc' dir='ltr'>γέφυραν,</span> <span class='ocrx_word' id='word_1_188' title='bbox 821 2757 1028 2814; x_wconf 78' lang='grc' dir='ltr'>πολλαὶ</span> <span class='ocrx_word' id='word_1_189' title='bbox 1100 2758 1351 2836; x_wconf 73' lang='grc' dir='ltr'>παρθένοι</span> <span class='ocrx_word' id='word_1_190' title='bbox 1439 2760 1681 2835; x_wconf 72' lang='grc' dir='ltr'>ἐθύοντο,</span> <span class='ocrx_word' id='word_1_191' title='bbox 1733 2761 1823 2817; x_wconf 87' lang='grc' dir='ltr'><strong>καὶ</strong></span> 
     </span>
    </p>
   </div>
   <div class='ocr_carea' id='block_1_29' title="bbox 96 2842 1826 2926">
    <p class='ocr_par' dir='ltr' id='par_1_29' title="bbox 96 2842 1826 2926">
     <span class='ocr_line' id='line_1_30' title="bbox 96 2842 1826 2926; baseline 0.003 -25"><span class='ocrx_word' id='word_1_192' title='bbox 96 2877 103 2884; x_wconf 86' lang='grc'><strong>-</strong></span> <span class='ocrx_word' id='word_1_193' title='bbox 170 2846 368 2917; x_wconf 87' lang='grc' dir='ltr'>πλήθη</span> <span class='ocrx_word' id='word_1_194' title='bbox 428 2842 716 2923; x_wconf 71' lang='grc' dir='ltr'>προϐάτων</span> <span class='ocrx_word' id='word_1_195' title='bbox 773 2848 864 2903; x_wconf 77' lang='grc' dir='ltr'>καὶ</span> <span class='ocrx_word' id='word_1_196' title='bbox 927 2849 1070 2923; x_wconf 80' lang='grc' dir='ltr'>βοῶν</span> <span class='ocrx_word' id='word_1_197' title='bbox 1099 2849 1189 2904; x_wconf 74' lang='grc' dir='ltr'><strong>καὶ</strong></span> <span class='ocrx_word' id='word_1_198' title='bbox 1244 2844 1463 2926; x_wconf 81' lang='grc' dir='ltr'>ὅρνεων.</span> <span class='ocrx_word' id='word_1_199' title='bbox 1499 2849 1826 2913; x_wconf 85' lang='grc' dir='ltr'>Βασιλίσκος</span> 
     </span>
    </p>
   </div>
   <div class='ocr_carea' id='block_1_30' title="bbox 172 2933 1825 3013">
    <p class='ocr_par' dir='ltr' id='par_1_30' title="bbox 172 2933 1825 3013">
     <span class='ocr_line' id='line_1_31' title="bbox 172 2933 1825 3013; baseline 0.003 -23"><span class='ocrx_word' id='word_1_200' title='bbox 172 2933 239 2990; x_wconf 69' lang='grc' dir='ltr'><strong>δέ</strong></span> <span class='ocrx_word' id='word_1_201' title='bbox 288 2956 371 2998; x_wconf 84' lang='grc' dir='ltr'><strong>τις</strong></span> <span class='ocrx_word' id='word_1_202' title='bbox 430 2935 662 3013; x_wconf 72' lang='grc' dir='ltr'>ἐραστὴς</span> <span class='ocrx_word' id='word_1_203' title='bbox 713 2941 812 2993; x_wconf 73' lang='grc' dir='ltr'>τοῦ</span> <span class='ocrx_word' id='word_1_204' title='bbox 867 2937 1061 3010; x_wconf 81' lang='grc' dir='ltr'>τόπου,</span> <span class='ocrx_word' id='word_1_205' title='bbox 1093 2938 1155 3000; x_wconf 76' lang='grc' dir='ltr'>ὃς</span> <span class='ocrx_word' id='word_1_206' title='bbox 1192 2938 1259 3007; x_wconf 74' lang='grc' dir='ltr'><strong>ἦν</strong></span> <span class='ocrx_word' id='word_1_207' title='bbox 1301 2944 1379 3001; x_wconf 79' lang='grc' dir='ltr'>εἷς</span> <span class='ocrx_word' id='word_1_208' title='bbox 1407 2943 1517 2995; x_wconf 80' lang='grc' dir='ltr'><strong>τῶν</strong></span> <span class='ocrx_word' id='word_1_209' title='bbox 1549 2940 1655 2995; x_wconf 83' lang='grc' dir='ltr'>ἀπὸ</span> <span class='ocrx_word' id='word_1_210' title='bbox 1685 2947 1825 2995; x_wconf 86' lang='grc' dir='ltr'><strong>Νου-</strong></span> 
     </span>
    </p>
   </div>
   <div class='ocr_carea' id='block_1_31' title="bbox 177 3025 1824 3102">
    <p class='ocr_par' dir='ltr' id='par_1_31' title="bbox 177 3025 1824 3102">
     <span class='ocr_line' id='line_1_32' title="bbox 177 3025 1824 3102; baseline 0.003 -23"><span class='ocrx_word' id='word_1_211' title='bbox 177 3029 440 3101; x_wconf 80' lang='grc' dir='ltr'>μεριανοῦ</span> <span class='ocrx_word' id='word_1_212' title='bbox 497 3025 783 3102; x_wconf 79' lang='grc' dir='ltr'>Καίσαρος,</span> <span class='ocrx_word' id='word_1_213' title='bbox 819 3026 1002 3089; x_wconf 89' lang='grc' dir='ltr'>στίσας</span> <span class='ocrx_word' id='word_1_214' title='bbox 1049 3027 1363 3100; x_wconf 81' lang='grc' dir='ltr'>κατῴκησεν</span> <span class='ocrx_word' id='word_1_215' title='bbox 1416 3026 1468 3083; x_wconf 68' lang='grc' dir='ltr'>ἐν</span> <span class='ocrx_word' id='word_1_216' title='bbox 1514 3027 1661 3101; x_wconf 82' lang='grc' dir='ltr'><strong>αὖτῷ</strong></span> <span class='ocrx_word' id='word_1_217' title='bbox 1692 3049 1706 3062; x_wconf 88' lang='grc'><strong>·</strong></span> <span class='ocrx_word' id='word_1_218' title='bbox 1740 3027 1824 3084; x_wconf 75' lang='grc' dir='ltr'><strong>ἔν-</strong></span> 
     </span>
    </p>
   </div>
   <div class='ocr_carea' id='block_1_32' title="bbox 165 3112 1828 3193">
    <p class='ocr_par' dir='ltr' id='par_1_32' title="bbox 165 3112 1828 3193">
     <span class='ocr_line' id='line_1_33' title="bbox 165 3112 1828 3193; baseline 0.004 -25"><span class='ocrx_word' id='word_1_219' title='bbox 165 3116 242 3168; x_wconf 80' lang='grc' dir='ltr'><strong>θα</strong></span> <span class='ocrx_word' id='word_1_220' title='bbox 289 3113 381 3168; x_wconf 85' lang='grc' dir='ltr'><strong>καὶ</strong></span> <span class='ocrx_word' id='word_1_221' title='bbox 434 3116 560 3170; x_wconf 87' lang='grc' dir='ltr'>ναὸν</span> <span class='ocrx_word' id='word_1_222' title='bbox 604 3119 703 3171; x_wconf 76' lang='grc' dir='ltr'><strong>τοῦ</strong></span> <span class='ocrx_word' id='word_1_223' title='bbox 748 3115 874 3177; x_wconf 84' lang='grc' dir='ltr'>Διὸς</span> <span class='ocrx_word' id='word_1_224' title='bbox 921 3112 1110 3193; x_wconf 78' lang='grc' dir='ltr'>ἤγειρε</span> <span class='ocrx_word' id='word_1_225' title='bbox 1155 3115 1506 3192; x_wconf 75' lang='grc' dir='ltr'>παμμεγέθη.</span> <span class='ocrx_word' id='word_1_226' title='bbox 1540 3121 1722 3175; x_wconf 76' lang='grc' dir='ltr'>Ταῦτα</span> <span class='ocrx_word' id='word_1_227' title='bbox 1770 3115 1828 3174; x_wconf 73' lang='grc' dir='ltr'><strong>δὲ</strong></span> 
     </span>
    </p>
   </div>
   <div class='ocr_carea' id='block_1_33' title="bbox 1929 622 3576 694">
    <p class='ocr_par' dir='ltr' id='par_1_33' title="bbox 1929 622 3576 694">
     <span class='ocr_line' id='line_1_34' title="bbox 1929 622 3576 694; baseline 0.002 -19"><span class='ocrx_word' id='word_1_228' title='bbox 1929 636 2107 692; x_wconf 90' lang='lat' dir='ltr'><strong>supra</strong></span> <span class='ocrx_word' id='word_1_229' title='bbox 2150 637 2327 693; x_wconf 90' lang='lat' dir='ltr'><strong>quam</strong></span> <span class='ocrx_word' id='word_1_230' title='bbox 2373 622 2671 678; x_wconf 80' lang='lat' dir='ltr'><strong>visebatur</strong></span> <span class='ocrx_word' id='word_1_231' title='bbox 2721 627 2919 678; x_wconf 86' lang='lat' dir='ltr'><strong>statua</strong></span> <span class='ocrx_word' id='word_1_232' title='bbox 2964 626 3222 694; x_wconf 80' lang='lat' dir='ltr'><strong>quatuor</strong></span> <span class='ocrx_word' id='word_1_233' title='bbox 3268 637 3488 677; x_wconf 83' lang='lat' dir='ltr'><strong>cornua</strong></span> <span class='ocrx_word' id='word_1_234' title='bbox 3517 622 3576 678; x_wconf 92' lang='lat' dir='ltr'><strong>in</strong></span> 
     </span>
    </p>
   </div>
   <div class='ocr_carea' id='block_1_34' title="bbox 1929 711 3576 783">
    <p class='ocr_par' dir='ltr' id='par_1_34' title="bbox 1929 711 3576 783">
     <span class='ocr_line' id='line_1_35' title="bbox 1929 711 3576 783; baseline 0.002 -21"><span class='ocrx_word' id='word_1_235' title='bbox 1929 712 2118 780; x_wconf 83' lang='lat' dir='ltr'><strong>capite</strong></span> <span class='ocrx_word' id='word_1_236' title='bbox 2164 725 2395 782; x_wconf 80' lang='lat' dir='ltr'><strong>gerens,</strong></span> <span class='ocrx_word' id='word_1_237' title='bbox 2429 711 2765 783; x_wconf 86' lang='lat' dir='ltr'><strong>ibidemque</strong></span> <span class='ocrx_word' id='word_1_238' title='bbox 2814 715 2872 767; x_wconf 87' lang='lat' dir='ltr'><strong>et</strong></span> <span class='ocrx_word' id='word_1_239' title='bbox 2918 711 3185 783; x_wconf 88' lang='lat' dir='ltr'><strong>prodigia</strong></span> <span class='ocrx_word' id='word_1_240' title='bbox 3229 711 3576 766; x_wconf 71' lang='lat' dir='ltr'><strong>edebantur.</strong></span> 
     </span>
    </p>
   </div>
   <div class='ocr_carea' id='block_1_35' title="bbox 1929 797 3580 872">
    <p class='ocr_par' dir='ltr' id='par_1_35' title="bbox 1929 797 3580 872">
     <span class='ocr_line' id='line_1_36' title="bbox 1929 797 3580 872; baseline 0.001 -19"><span class='ocrx_word' id='word_1_241' title='bbox 1929 797 2156 854; x_wconf 81' lang='lat' dir='ltr'><strong>Etenim</strong></span> <span class='ocrx_word' id='word_1_242' title='bbox 2193 799 2243 854; x_wconf 91' lang='lat' dir='ltr'><strong>si</strong></span> <span class='ocrx_word' id='word_1_243' title='bbox 2276 799 2407 871; x_wconf 90' lang='lat' dir='ltr'><strong>quis</strong></span> <span class='ocrx_word' id='word_1_244' title='bbox 2460 806 2793 872; x_wconf 77' lang='lat' dir='ltr'><strong>suspectam</strong></span> <span class='ocrx_word' id='word_1_245' title='bbox 2825 800 3051 856; x_wconf 88' lang='lat' dir='ltr'><strong>habens</strong></span> <span class='ocrx_word' id='word_1_246' title='bbox 3102 801 3301 856; x_wconf 85' lang='lat' dir='ltr'><strong>uxoris</strong></span> <span class='ocrx_word' id='word_1_247' title='bbox 3351 800 3580 871; x_wconf 87' lang='lat' dir='ltr'><strong>pudici-</strong></span> 
     </span>
    </p>
   </div>
   <div class='ocr_carea' id='block_1_36' title="bbox 1929 885 3578 960">
    <p class='ocr_par' dir='ltr' id='par_1_36' title="bbox 1929 885 3578 960">
     <span class='ocr_line' id='line_1_37' title="bbox 1929 885 3578 960; baseline 0.002 -20"><span class='ocrx_word' id='word_1_248' title='bbox 1929 885 2095 958; x_wconf 90' lang='lat' dir='ltr'><strong>tiam,</strong></span> <span class='ocrx_word' id='word_1_249' title='bbox 2127 888 2199 943; x_wconf 94' lang='lat' dir='ltr'><strong>ad</strong></span> <span class='ocrx_word' id='word_1_250' title='bbox 2242 887 2394 943; x_wconf 89' lang='lat' dir='ltr'><strong>banc</strong></span> <span class='ocrx_word' id='word_1_251' title='bbox 2436 892 2693 945; x_wconf 81' lang='lat' dir='ltr'><strong>statuam</strong></span> <span class='ocrx_word' id='word_1_252' title='bbox 2740 890 3058 960; x_wconf 82' lang='lat' dir='ltr'><strong>accederet,</strong></span> <span class='ocrx_word' id='word_1_253' title='bbox 3092 888 3370 945; x_wconf 89' lang='lat' dir='ltr'><strong>continuo</strong></span> <span class='ocrx_word' id='word_1_254' title='bbox 3402 893 3489 944; x_wconf 88' lang='lat' dir='ltr'><strong>ter</strong></span> <span class='ocrx_word' id='word_1_255' title='bbox 3517 889 3578 944; x_wconf 90' lang='lat' dir='ltr'><strong>in</strong></span> 
     </span>
    </p>
   </div>
   <div class='ocr_carea' id='block_1_37' title="bbox 1928 976 3580 1048">
    <p class='ocr_par' dir='ltr' id='par_1_37' title="bbox 1928 976 3580 1048">
     <span class='ocr_line' id='line_1_38' title="bbox 1928 976 3580 1048; baseline 0.001 -18"><span class='ocrx_word' id='word_1_256' title='bbox 1928 992 2134 1048; x_wconf 85' lang='lat' dir='ltr'><strong>gyrum</strong></span> <span class='ocrx_word' id='word_1_257' title='bbox 2170 993 2231 1032; x_wconf 90' lang='lat' dir='ltr'><strong>se</strong></span> <span class='ocrx_word' id='word_1_258' title='bbox 2261 977 2519 1033; x_wconf 80' lang='lat' dir='ltr'><strong>vertebat</strong></span> <span class='ocrx_word' id='word_1_259' title='bbox 2550 984 2770 1046; x_wconf 83' lang='lat' dir='ltr'><strong>statua;</strong></span> <span class='ocrx_word' id='word_1_260' title='bbox 2819 978 2912 1034; x_wconf 89' lang='lat' dir='ltr'><strong>sin</strong></span> <span class='ocrx_word' id='word_1_261' title='bbox 2961 984 3154 1034; x_wconf 87' lang='lat' dir='ltr'><strong>autem</strong></span> <span class='ocrx_word' id='word_1_262' title='bbox 3187 984 3349 1034; x_wconf 83' lang='lat' dir='ltr'><strong>extra</strong></span> <span class='ocrx_word' id='word_1_263' title='bbox 3378 976 3580 1048; x_wconf 86' lang='lat' dir='ltr'><strong>suspi-</strong></span> 
     </span>
    </p>
   </div>
   <div class='ocr_carea' id='block_1_38' title="bbox 1929 1064 3578 1138">
    <p class='ocr_par' dir='ltr' id='par_1_38' title="bbox 1929 1064 3578 1138">
     <span class='ocr_line' id='line_1_39' title="bbox 1929 1064 3578 1138; baseline 0.002 -20"><span class='ocrx_word' id='word_1_264' title='bbox 1929 1064 2157 1120; x_wconf 91' lang='lat' dir='ltr'><strong>cionem</strong></span> <span class='ocrx_word' id='word_1_265' title='bbox 2203 1070 2348 1138; x_wconf 86' lang='lat' dir='ltr'><strong>crat,</strong></span> <span class='ocrx_word' id='word_1_266' title='bbox 2379 1067 2704 1124; x_wconf 85' lang='lat' dir='ltr'><strong>immobilis</strong></span> <span class='ocrx_word' id='word_1_267' title='bbox 2748 1069 2964 1124; x_wconf 87' lang='lat' dir='ltr'><strong>stabat.</strong></span> <span class='ocrx_word' id='word_1_268' title='bbox 2996 1068 3066 1123; x_wconf 88' lang='lat' dir='ltr'><strong>Et</strong></span> <span class='ocrx_word' id='word_1_269' title='bbox 3096 1067 3180 1124; x_wconf 88' lang='lat' dir='ltr'><strong>sic</strong></span> <span class='ocrx_word' id='word_1_270' title='bbox 3213 1067 3442 1124; x_wconf 89' lang='lat' dir='ltr'><strong>cornuti</strong></span> <span class='ocrx_word' id='word_1_271' title='bbox 3474 1067 3578 1122; x_wconf 91' lang='lat' dir='ltr'><strong>do-</strong></span> 
     </span>
    </p>
   </div>
   <div class='ocr_carea' id='block_1_39' title="bbox 1929 1152 2325 1211">
    <p class='ocr_par' dir='ltr' id='par_1_39' title="bbox 1929 1152 2325 1211">
     <span class='ocr_line' id='line_1_40' title="bbox 1929 1152 2325 1211; baseline -0.003 -2"><span class='ocrx_word' id='word_1_272' title='bbox 1929 1152 2271 1211; x_wconf 85' lang='lat' dir='ltr'><strong>clarabantu</strong></span> <span class='ocrx_word' id='word_1_273' title='bbox 2281 1173 2325 1210; x_wconf 87' lang='lat' dir='ltr'><strong>r.</strong></span> 
     </span>
    </p>
   </div>
   <div class='ocr_carea' id='block_1_40' title="bbox 2446 1246 3064 1302">
    <p class='ocr_par' dir='ltr' id='par_1_40' title="bbox 2446 1246 3064 1302">
     <span class='ocr_line' id='line_1_41' title="bbox 2446 1246 3064 1302; baseline 0.002 -1"><span class='ocrx_word' id='word_1_274' title='bbox 2446 1246 2521 1301; x_wconf 76' lang='lat' dir='ltr'><strong>De</strong></span> <span class='ocrx_word' id='word_1_275' title='bbox 2544 1249 2743 1302; x_wconf 83' lang='lat' dir='ltr'><strong>Sancto</strong></span> <span class='ocrx_word' id='word_1_276' title='bbox 2773 1246 3064 1302; x_wconf 78' lang='lat' dir='ltr'><strong>Mamante.</strong></span> 
     </span>
    </p>
   </div>
   <div class='ocr_carea' id='block_1_41' title="bbox 2002 1331 3579 1406">
    <p class='ocr_par' dir='ltr' id='par_1_41' title="bbox 2002 1331 3579 1406">
     <span class='ocr_line' id='line_1_42' title="bbox 2002 1331 3579 1406; baseline 0.003 -21"><span class='ocrx_word' id='word_1_277' title='bbox 2002 1331 2281 1388; x_wconf 89' lang='lat' dir='ltr'><strong>Sanctum</strong></span> <span class='ocrx_word' id='word_1_278' title='bbox 2341 1333 2692 1389; x_wconf 88' lang='lat' dir='ltr'><strong>Mamantem</strong></span> <span class='ocrx_word' id='word_1_279' title='bbox 2742 1339 2801 1390; x_wconf 87' lang='lat' dir='ltr'><strong>et</strong></span> <span class='ocrx_word' id='word_1_280' title='bbox 2849 1351 2975 1406; x_wconf 69' lang='lat' dir='ltr'><strong>quae</strong></span> <span class='ocrx_word' id='word_1_281' title='bbox 3033 1334 3247 1390; x_wconf 87' lang='lat' dir='ltr'><strong>ibidem</strong></span> <span class='ocrx_word' id='word_1_282' title='bbox 3304 1335 3579 1390; x_wconf 85' lang='lat' dir='ltr'><strong>visuntur</strong></span> 
     </span>
    </p>
   </div>
   <div class='ocr_carea' id='block_1_42' title="bbox 1929 1418 3581 1491">
    <p class='ocr_par' dir='ltr' id='par_1_42' title="bbox 1929 1418 3581 1491">
     <span class='ocr_line' id='line_1_43' title="bbox 1929 1418 3581 1491; baseline 0.004 -18"><span class='ocrx_word' id='word_1_283' title='bbox 1929 1418 2147 1491; x_wconf 83' lang='lat' dir='ltr'><strong>palatia</strong></span> <span class='ocrx_word' id='word_1_284' title='bbox 2176 1423 2463 1477; x_wconf 82' lang='lat' dir='ltr'><strong>exstruxit</strong></span> <span class='ocrx_word' id='word_1_285' title='bbox 2496 1428 2603 1478; x_wconf 88' lang='lat' dir='ltr'><strong>Leo</strong></span> <span class='ocrx_word' id='word_1_286' title='bbox 2640 1424 2914 1479; x_wconf 83' lang='lat' dir='ltr'><strong>Maccius.</strong></span> <span class='ocrx_word' id='word_1_287' title='bbox 2946 1424 3086 1480; x_wconf 88' lang='lat' dir='ltr'><strong>Cum</strong></span> <span class='ocrx_word' id='word_1_288' title='bbox 3118 1424 3274 1479; x_wconf 88' lang='lat' dir='ltr'><strong>enim</strong></span> <span class='ocrx_word' id='word_1_289' title='bbox 3307 1424 3447 1480; x_wconf 83' lang='lat' dir='ltr'><strong>urbs</strong></span> <span class='ocrx_word' id='word_1_290' title='bbox 3479 1440 3581 1479; x_wconf 85' lang='lat' dir='ltr'><strong>sex</strong></span> 
     </span>
    </p>
   </div>
   <div class='ocr_carea' id='block_1_43' title="bbox 1929 1511 3575 1585">
    <p class='ocr_par' dir='ltr' id='par_1_43' title="bbox 1929 1511 3575 1585">
     <span class='ocr_line' id='line_1_44' title="bbox 1929 1511 3575 1585; baseline 0.002 -19"><span class='ocrx_word' id='word_1_291' title='bbox 1929 1511 2189 1582; x_wconf 78' lang='lat' dir='ltr'><strong>integros</strong></span> <span class='ocrx_word' id='word_1_292' title='bbox 2258 1527 2489 1567; x_wconf 85' lang='lat' dir='ltr'><strong>menses</strong></span> <span class='ocrx_word' id='word_1_293' title='bbox 2557 1513 2834 1569; x_wconf 89' lang='lat' dir='ltr'><strong>continuo</strong></span> <span class='ocrx_word' id='word_1_294' title='bbox 2912 1512 3183 1569; x_wconf 78' lang='lat' dir='ltr'><strong>incendio</strong></span> <span class='ocrx_word' id='word_1_295' title='bbox 3250 1512 3575 1585; x_wconf 83' lang='lat' dir='ltr'><strong>ﬂagrasset,</strong></span> 
     </span>
    </p>
   </div>
   <div class='ocr_carea' id='block_1_44' title="bbox 1929 1598 3578 1673">
    <p class='ocr_par' dir='ltr' id='par_1_44' title="bbox 1929 1598 3578 1673">
     <span class='ocr_line' id='line_1_45' title="bbox 1929 1598 3578 1673; baseline 0.001 -19"><span class='ocrx_word' id='word_1_296' title='bbox 1929 1615 2200 1670; x_wconf 86' lang='lat' dir='ltr'><strong>egressus</strong></span> <span class='ocrx_word' id='word_1_297' title='bbox 2222 1598 2331 1653; x_wconf 89' lang='lat' dir='ltr'><strong>Leo</strong></span> <span class='ocrx_word' id='word_1_298' title='bbox 2358 1598 2609 1655; x_wconf 81' lang='lat' dir='ltr'><strong>Maccius</strong></span> <span class='ocrx_word' id='word_1_299' title='bbox 2631 1599 2712 1654; x_wconf 89' lang='lat' dir='ltr'><strong>ibi</strong></span> <span class='ocrx_word' id='word_1_300' title='bbox 2746 1600 2980 1671; x_wconf 86' lang='lat' dir='ltr'><strong>palatia,</strong></span> <span class='ocrx_word' id='word_1_301' title='bbox 3005 1607 3238 1673; x_wconf 88' lang='lat' dir='ltr'><strong>portum</strong></span> <span class='ocrx_word' id='word_1_302' title='bbox 3270 1605 3327 1655; x_wconf 90' lang='lat' dir='ltr'><strong>et</strong></span> <span class='ocrx_word' id='word_1_303' title='bbox 3355 1601 3578 1656; x_wconf 89' lang='lat' dir='ltr'><strong>dictum</strong></span> 
     </span>
    </p>
   </div>
   <div class='ocr_carea' id='block_1_45' title="bbox 1929 1674 3580 1761">
    <p class='ocr_par' dir='ltr' id='par_1_45' title="bbox 1929 1674 3580 1761">
     <span class='ocr_line' id='line_1_46' title="bbox 1929 1674 3580 1761; baseline 0 -17"><span class='ocrx_word' id='word_1_304' title='bbox 1929 1687 2219 1760; x_wconf 84' lang='lat' dir='ltr'><strong>templum</strong></span> <span class='ocrx_word' id='word_1_305' title='bbox 2244 1688 2570 1758; x_wconf 70' lang='lat' dir='ltr'><strong>aediﬁcavit,</strong></span> <span class='ocrx_word' id='word_1_306' title='bbox 2595 1674 2709 1761; x_wconf 78' lang='lat' dir='ltr'><strong>quo</strong></span> <span class='ocrx_word' id='word_1_307' title='bbox 2732 1688 2906 1745; x_wconf 86' lang='lat' dir='ltr'><strong>etiam</strong></span> <span class='ocrx_word' id='word_1_308' title='bbox 2932 1707 2963 1746; x_wconf 93' lang='lat' dir='ltr'><strong>e</strong></span> <span class='ocrx_word' id='word_1_309' title='bbox 2995 1688 3118 1746; x_wconf 92' lang='lat' dir='ltr'><strong>loco</strong></span> <span class='ocrx_word' id='word_1_310' title='bbox 3147 1690 3488 1745; x_wconf 88' lang='lat' dir='ltr'><strong>incendium</strong></span> <span class='ocrx_word' id='word_1_311' title='bbox 3520 1691 3580 1744; x_wconf 90' lang='lat' dir='ltr'><strong>in</strong></span> 
     </span>
    </p>
   </div>
   <div class='ocr_carea' id='block_1_46' title="bbox 1932 1778 3578 1852">
    <p class='ocr_par' dir='ltr' id='par_1_46' title="bbox 1932 1778 3578 1852">
     <span class='ocr_line' id='line_1_47' title="bbox 1932 1778 3578 1852; baseline 0.002 -20"><span class='ocrx_word' id='word_1_312' title='bbox 1932 1778 2076 1833; x_wconf 90' lang='lat' dir='ltr'><strong>urbe</strong></span> <span class='ocrx_word' id='word_1_313' title='bbox 2106 1793 2386 1849; x_wconf 85' lang='lat' dir='ltr'><strong>grassans</strong></span> <span class='ocrx_word' id='word_1_314' title='bbox 2435 1778 2763 1850; x_wconf 87' lang='lat' dir='ltr'><strong>spectabat;</strong></span> <span class='ocrx_word' id='word_1_315' title='bbox 2799 1778 3009 1836; x_wconf 88' lang='lat' dir='ltr'><strong>deinde</strong></span> <span class='ocrx_word' id='word_1_316' title='bbox 3052 1779 3304 1835; x_wconf 89' lang='lat' dir='ltr'><strong>cinerem</strong></span> <span class='ocrx_word' id='word_1_317' title='bbox 3339 1780 3491 1852; x_wconf 81' lang='lat' dir='ltr'><strong>pluit</strong></span> <span class='ocrx_word' id='word_1_318' title='bbox 3519 1780 3578 1835; x_wconf 87' lang='lat' dir='ltr'><strong>in</strong></span> 
     </span>
    </p>
   </div>
   <div class='ocr_carea' id='block_1_47' title="bbox 1929 1864 3581 1940">
    <p class='ocr_par' dir='ltr' id='par_1_47' title="bbox 1929 1864 3581 1940">
     <span class='ocr_line' id='line_1_48' title="bbox 1929 1864 3581 1940; baseline 0.001 -18"><span class='ocrx_word' id='word_1_319' title='bbox 1929 1867 2076 1922; x_wconf 88' lang='lat' dir='ltr'><strong>urbe</strong></span> <span class='ocrx_word' id='word_1_320' title='bbox 2106 1864 2386 1938; x_wconf 86' lang='lat' dir='ltr'><strong>palmaris</strong></span> <span class='ocrx_word' id='word_1_321' title='bbox 2417 1868 2837 1939; x_wconf 87' lang='lat' dir='ltr'><strong>spissitudinis.</strong></span> <span class='ocrx_word' id='word_1_322' title='bbox 2869 1872 3152 1924; x_wconf 87' lang='lat' dir='ltr'><strong>Prelerea</strong></span> <span class='ocrx_word' id='word_1_323' title='bbox 3181 1868 3335 1923; x_wconf 89' lang='lat' dir='ltr'><strong>idem</strong></span> <span class='ocrx_word' id='word_1_324' title='bbox 3368 1868 3581 1940; x_wconf 86' lang='lat' dir='ltr'><strong>Hippo-</strong></span> 
     </span>
    </p>
   </div>
   <div class='ocr_carea' id='block_1_48' title="bbox 1934 1957 3583 2030">
    <p class='ocr_par' dir='ltr' id='par_1_48' title="bbox 1934 1957 3583 2030">
     <span class='ocr_line' id='line_1_49' title="bbox 1934 1957 3583 2030; baseline 0.002 -18"><span class='ocrx_word' id='word_1_325' title='bbox 1934 1958 2202 2012; x_wconf 91' lang='lat' dir='ltr'><strong>dromum</strong></span> <span class='ocrx_word' id='word_1_326' title='bbox 2262 1957 2545 2024; x_wconf 86' lang='lat' dir='ltr'><strong>condidit,</strong></span> <span class='ocrx_word' id='word_1_327' title='bbox 2596 1957 2655 2012; x_wconf 92' lang='lat' dir='ltr'><strong>in</strong></span> <span class='ocrx_word' id='word_1_328' title='bbox 2711 1974 2825 2029; x_wconf 90' lang='lat' dir='ltr'><strong>quo</strong></span> <span class='ocrx_word' id='word_1_329' title='bbox 2873 1957 3117 2013; x_wconf 87' lang='lat' dir='ltr'><strong>Michael</strong></span> <span class='ocrx_word' id='word_1_330' title='bbox 3181 1959 3502 2030; x_wconf 86' lang='lat' dir='ltr'><strong>imperator</strong></span> <span class='ocrx_word' id='word_1_331' title='bbox 3548 1974 3583 2015; x_wconf 88' lang='lat' dir='ltr'><strong>a</strong></span> 
     </span>
    </p>
   </div>
   <div class='ocr_carea' id='block_1_49' title="bbox 1932 2044 2846 2102">
    <p class='ocr_par' dir='ltr' id='par_1_49' title="bbox 1932 2044 2846 2102">
     <span class='ocr_line' id='line_1_50' title="bbox 1932 2044 2846 2102; baseline 0 -2"><span class='ocrx_word' id='word_1_332' title='bbox 1932 2044 2147 2100; x_wconf 86' lang='lat' dir='ltr'><strong>Basilio</strong></span> <span class='ocrx_word' id='word_1_333' title='bbox 2178 2044 2522 2102; x_wconf 83' lang='lat' dir='ltr'><strong>interfectus</strong></span> <span class='ocrx_word' id='word_1_334' title='bbox 2551 2047 2846 2102; x_wconf 90' lang='lat' dir='ltr'><strong>occubuit.</strong></span> 
     </span>
    </p>
   </div>
   <div class='ocr_carea' id='block_1_50' title="bbox 2194 2135 3313 2208">
    <p class='ocr_par' dir='ltr' id='par_1_50' title="bbox 2194 2135 3313 2208">
     <span class='ocr_line' id='line_1_51' title="bbox 2194 2135 3313 2208; baseline 0.002 -19"><span class='ocrx_word' id='word_1_335' title='bbox 2194 2135 2271 2190; x_wconf 82' lang='lat' dir='ltr'><strong>De</strong></span> <span class='ocrx_word' id='word_1_336' title='bbox 2295 2138 2460 2207; x_wconf 80' lang='lat' dir='ltr'><strong>ponte</strong></span> <span class='ocrx_word' id='word_1_337' title='bbox 2480 2151 2648 2208; x_wconf 79' lang='lat' dir='ltr'><strong>prope</strong></span> <span class='ocrx_word' id='word_1_338' title='bbox 2672 2140 2941 2193; x_wconf 78' lang='lat' dir='ltr'><strong>Sanctum</strong></span> <span class='ocrx_word' id='word_1_339' title='bbox 2967 2138 3313 2192; x_wconf 80' lang='lat' dir='ltr'><strong>Mamanlem.</strong></span> 
     </span>
    </p>
   </div>
   <div class='ocr_carea' id='block_1_51' title="bbox 2002 2312 3583 2386">
    <p class='ocr_par' dir='ltr' id='par_1_51' title="bbox 2002 2312 3583 2386">
     <span class='ocr_line' id='line_1_52' title="bbox 2002 2312 3583 2386; baseline 0.001 -20"><span class='ocrx_word' id='word_1_340' title='bbox 2002 2317 2188 2383; x_wconf 88' lang='lat' dir='ltr'><strong>Prope</strong></span> <span class='ocrx_word' id='word_1_341' title='bbox 2253 2312 2529 2367; x_wconf 89' lang='lat' dir='ltr'><strong>Sanctum</strong></span> <span class='ocrx_word' id='word_1_342' title='bbox 2598 2313 2945 2370; x_wconf 78' lang='lat' dir='ltr'><strong>Mamautem</strong></span> <span class='ocrx_word' id='word_1_343' title='bbox 3015 2314 3364 2370; x_wconf 87' lang='lat' dir='ltr'><strong>cernebatur</strong></span> <span class='ocrx_word' id='word_1_344' title='bbox 3432 2330 3583 2386; x_wconf 89' lang='lat' dir='ltr'><strong>pons</strong></span> 
     </span>
    </p>
   </div>
   <div class='ocr_carea' id='block_1_52' title="bbox 1934 2400 3581 2474">
    <p class='ocr_par' dir='ltr' id='par_1_52' title="bbox 1934 2400 3581 2474">
     <span class='ocr_line' id='line_1_53' title="bbox 1934 2400 3581 2474; baseline 0.001 -18"><span class='ocrx_word' id='word_1_345' title='bbox 1934 2401 2339 2474; x_wconf 84' lang='lat' dir='ltr'><strong>magnitudine</strong></span> <span class='ocrx_word' id='word_1_346' title='bbox 2402 2400 2650 2473; x_wconf 87' lang='lat' dir='ltr'><strong>equalis</strong></span> <span class='ocrx_word' id='word_1_347' title='bbox 2708 2401 3205 2468; x_wconf 88' lang='lat' dir='ltr'><strong>Chalcedonensi,</strong></span> <span class='ocrx_word' id='word_1_348' title='bbox 3271 2403 3581 2458; x_wconf 88' lang='lat' dir='ltr'><strong>duodecim</strong></span> 
     </span>
    </p>
   </div>
   <div class='ocr_carea' id='block_1_53' title="bbox 1933 2492 3581 2564">
    <p class='ocr_par' dir='ltr' id='par_1_53' title="bbox 1933 2492 3581 2564">
     <span class='ocr_line' id='line_1_54' title="bbox 1933 2492 3581 2564; baseline 0 -18"><span class='ocrx_word' id='word_1_349' title='bbox 1933 2492 2189 2546; x_wconf 88' lang='lat' dir='ltr'><strong>arcubus</strong></span> <span class='ocrx_word' id='word_1_350' title='bbox 2220 2495 2519 2557; x_wconf 86' lang='lat' dir='ltr'><strong>constans,</strong></span> <span class='ocrx_word' id='word_1_351' title='bbox 2551 2507 2764 2563; x_wconf 89' lang='lat' dir='ltr'><strong>magno</strong></span> <span class='ocrx_word' id='word_1_352' title='bbox 2796 2492 3021 2547; x_wconf 82' lang='lat' dir='ltr'><strong>ﬂumini</strong></span> <span class='ocrx_word' id='word_1_353' title='bbox 3061 2492 3401 2564; x_wconf 89' lang='lat' dir='ltr'><strong>impositus,</strong></span> <span class='ocrx_word' id='word_1_354' title='bbox 3424 2492 3581 2563; x_wconf 89' lang='lat' dir='ltr'><strong>quod</strong></span> 
     </span>
    </p>
   </div>
   <div class='ocr_carea' id='block_1_54' title="bbox 1933 2580 3583 2652">
    <p class='ocr_par' dir='ltr' id='par_1_54' title="bbox 1933 2580 3583 2652">
     <span class='ocr_line' id='line_1_55' title="bbox 1933 2580 3583 2652; baseline 0.001 -19"><span class='ocrx_word' id='word_1_355' title='bbox 1933 2582 2252 2652; x_wconf 77' lang='lat' dir='ltr'><strong>praesertim</strong></span> <span class='ocrx_word' id='word_1_356' title='bbox 2305 2596 2507 2635; x_wconf 86' lang='lat' dir='ltr'><strong>mense</strong></span> <span class='ocrx_word' id='word_1_357' title='bbox 2554 2580 2867 2636; x_wconf 84' lang='lat' dir='ltr'><strong>Februario</strong></span> <span class='ocrx_word' id='word_1_358' title='bbox 2915 2581 3271 2637; x_wconf 89' lang='lat' dir='ltr'><strong>exundabat.</strong></span> <span class='ocrx_word' id='word_1_359' title='bbox 3322 2581 3583 2636; x_wconf 91' lang='lat' dir='ltr'><strong>Ibidem-</strong></span> 
     </span>
    </p>
   </div>
   <div class='ocr_carea' id='block_1_55' title="bbox 1934 2669 3579 2741">
    <p class='ocr_par' dir='ltr' id='par_1_55' title="bbox 1934 2669 3579 2741">
     <span class='ocr_line' id='line_1_56' title="bbox 1934 2669 3579 2741; baseline 0.001 -18"><span class='ocrx_word' id='word_1_360' title='bbox 1934 2684 2047 2740; x_wconf 87' lang='lat' dir='ltr'><strong>que</strong></span> <span class='ocrx_word' id='word_1_361' title='bbox 2078 2670 2274 2724; x_wconf 89' lang='lat' dir='ltr'><strong>stabat</strong></span> <span class='ocrx_word' id='word_1_362' title='bbox 2295 2670 2470 2724; x_wconf 85' lang='lat' dir='ltr'><strong>draco</strong></span> <span class='ocrx_word' id='word_1_363' title='bbox 2499 2685 2711 2738; x_wconf 85' lang='lat' dir='ltr'><strong>ereus;</strong></span> <span class='ocrx_word' id='word_1_364' title='bbox 2735 2673 2793 2724; x_wconf 89' lang='lat' dir='ltr'><strong>et</strong></span> <span class='ocrx_word' id='word_1_365' title='bbox 2821 2670 2974 2740; x_wconf 90' lang='lat' dir='ltr'><strong>quod</strong></span> <span class='ocrx_word' id='word_1_366' title='bbox 2998 2669 3240 2741; x_wconf 88' lang='lat' dir='ltr'><strong>quidam</strong></span> <span class='ocrx_word' id='word_1_367' title='bbox 3264 2671 3579 2725; x_wconf 83' lang='lat' dir='ltr'><strong>draconem</strong></span> 
     </span>
    </p>
   </div>
   <div class='ocr_carea' id='block_1_56' title="bbox 1935 2757 3583 2830">
    <p class='ocr_par' dir='ltr' id='par_1_56' title="bbox 1935 2757 3583 2830">
     <span class='ocr_line' id='line_1_57' title="bbox 1935 2757 3583 2830; baseline 0.001 -17"><span class='ocrx_word' id='word_1_368' title='bbox 1935 2759 1993 2813; x_wconf 91' lang='lat' dir='ltr'><strong>in</strong></span> <span class='ocrx_word' id='word_1_369' title='bbox 2037 2758 2150 2814; x_wconf 91' lang='lat' dir='ltr'><strong>isto</strong></span> <span class='ocrx_word' id='word_1_370' title='bbox 2200 2763 2372 2829; x_wconf 89' lang='lat' dir='ltr'><strong>ponte</strong></span> <span class='ocrx_word' id='word_1_371' title='bbox 2431 2758 2695 2814; x_wconf 85' lang='lat' dir='ltr'><strong>habitare</strong></span> <span class='ocrx_word' id='word_1_372' title='bbox 2753 2763 3046 2830; x_wconf 87' lang='lat' dir='ltr'><strong>putarent,</strong></span> <span class='ocrx_word' id='word_1_373' title='bbox 3076 2757 3279 2814; x_wconf 81' lang='lat' dir='ltr'><strong>inulte</strong></span> <span class='ocrx_word' id='word_1_374' title='bbox 3323 2759 3583 2830; x_wconf 87' lang='lat' dir='ltr'><strong>virgines</strong></span> 
     </span>
    </p>
   </div>
   <div class='ocr_carea' id='block_1_57' title="bbox 1933 2846 3586 2919">
    <p class='ocr_par' dir='ltr' id='par_1_57' title="bbox 1933 2846 3586 2919">
     <span class='ocr_line' id='line_1_58' title="bbox 1933 2846 3586 2919; baseline 0.001 -18"><span class='ocrx_word' id='word_1_375' title='bbox 1933 2848 2014 2903; x_wconf 92' lang='lat' dir='ltr'><strong>ibi</strong></span> <span class='ocrx_word' id='word_1_376' title='bbox 2071 2846 2384 2902; x_wconf 69' lang='lat' dir='ltr'><strong>immolatae</strong></span> <span class='ocrx_word' id='word_1_377' title='bbox 2433 2852 2609 2915; x_wconf 87' lang='lat' dir='ltr'><strong>sunt;</strong></span> <span class='ocrx_word' id='word_1_378' title='bbox 2662 2863 2728 2902; x_wconf 90' lang='lat' dir='ltr'><strong>ac</strong></span> <span class='ocrx_word' id='word_1_379' title='bbox 2778 2864 2994 2919; x_wconf 88' lang='lat' dir='ltr'><strong>magna</strong></span> <span class='ocrx_word' id='word_1_380' title='bbox 3040 2848 3256 2914; x_wconf 86' lang='lat' dir='ltr'><strong>ovium,</strong></span> <span class='ocrx_word' id='word_1_381' title='bbox 3294 2848 3469 2902; x_wconf 89' lang='lat' dir='ltr'><strong>boum</strong></span> <span class='ocrx_word' id='word_1_382' title='bbox 3519 2864 3586 2904; x_wconf 90' lang='lat' dir='ltr'><strong>ac</strong></span> 
     </span>
    </p>
   </div>
   <div class='ocr_carea' id='block_1_58' title="bbox 1932 2935 3587 3008">
    <p class='ocr_par' dir='ltr' id='par_1_58' title="bbox 1932 2935 3587 3008">
     <span class='ocr_line' id='line_1_59' title="bbox 1932 2935 3587 3008; baseline -0.001 -17"><span class='ocrx_word' id='word_1_383' title='bbox 1932 2936 2236 2991; x_wconf 90' lang='lat' dir='ltr'><strong>volucrum</strong></span> <span class='ocrx_word' id='word_1_384' title='bbox 2286 2935 2476 3007; x_wconf 90' lang='lat' dir='ltr'><strong>copia.</strong></span> <span class='ocrx_word' id='word_1_385' title='bbox 2510 2936 2793 2991; x_wconf 88' lang='lat' dir='ltr'><strong>Ceterum</strong></span> <span class='ocrx_word' id='word_1_386' title='bbox 2844 2937 3087 3008; x_wconf 88' lang='lat' dir='ltr'><strong>quidam</strong></span> <span class='ocrx_word' id='word_1_387' title='bbox 3136 2935 3457 2991; x_wconf 80' lang='lat' dir='ltr'><strong>Basiliscus</strong></span> <span class='ocrx_word' id='word_1_388' title='bbox 3486 2935 3587 3006; x_wconf 89' lang='lat' dir='ltr'><strong>qui</strong></span> 
     </span>
    </p>
   </div>
   <div class='ocr_carea' id='block_1_59' title="bbox 1935 3024 3587 3098">
    <p class='ocr_par' dir='ltr' id='par_1_59' title="bbox 1935 3024 3587 3098">
     <span class='ocr_line' id='line_1_60' title="bbox 1935 3024 3587 3098; baseline -0.002 -17"><span class='ocrx_word' id='word_1_389' title='bbox 1935 3042 1969 3081; x_wconf 89' lang='lat' dir='ltr'><strong>a</strong></span> <span class='ocrx_word' id='word_1_390' title='bbox 2000 3030 2164 3098; x_wconf 84' lang='lat' dir='ltr'><strong>parte</strong></span> <span class='ocrx_word' id='word_1_391' title='bbox 2207 3024 2548 3082; x_wconf 87' lang='lat' dir='ltr'><strong>Numeriani</strong></span> <span class='ocrx_word' id='word_1_392' title='bbox 2575 3025 2819 3081; x_wconf 88' lang='lat' dir='ltr'><strong>Cesaris</strong></span> <span class='ocrx_word' id='word_1_393' title='bbox 2847 3025 3032 3090; x_wconf 84' lang='lat' dir='ltr'><strong>stetit,</strong></span> <span class='ocrx_word' id='word_1_394' title='bbox 3064 3041 3262 3081; x_wconf 88' lang='lat' dir='ltr'><strong>amore</strong></span> <span class='ocrx_word' id='word_1_395' title='bbox 3302 3024 3413 3081; x_wconf 90' lang='lat' dir='ltr'><strong>loci</strong></span> <span class='ocrx_word' id='word_1_396' title='bbox 3447 3040 3587 3096; x_wconf 87' lang='lat' dir='ltr'><strong>cap-</strong></span> 
     </span>
    </p>
   </div>
   <div class='ocr_carea' id='block_1_60' title="bbox 1936 3113 3587 3185">
    <p class='ocr_par' dir='ltr' id='par_1_60' title="bbox 1936 3113 3587 3185">
     <span class='ocr_line' id='line_1_61' title="bbox 1936 3113 3587 3185; baseline -0.001 -14"><span class='ocrx_word' id='word_1_397' title='bbox 1936 3120 2053 3185; x_wconf 89' lang='lat' dir='ltr'><strong>tus,</strong></span> <span class='ocrx_word' id='word_1_398' title='bbox 2085 3115 2239 3171; x_wconf 87' lang='lat' dir='ltr'><strong>edes</strong></span> <span class='ocrx_word' id='word_1_399' title='bbox 2288 3114 2368 3169; x_wconf 92' lang='lat' dir='ltr'><strong>ibi</strong></span> <span class='ocrx_word' id='word_1_400' title='bbox 2416 3119 2745 3171; x_wconf 82' lang='lat' dir='ltr'><strong>exstructas</strong></span> <span class='ocrx_word' id='word_1_401' title='bbox 2796 3113 3169 3182; x_wconf 87' lang='lat' dir='ltr'><strong>inhabitavit,</strong></span> <span class='ocrx_word' id='word_1_402' title='bbox 3199 3120 3257 3170; x_wconf 89' lang='lat' dir='ltr'><strong>et</strong></span> <span class='ocrx_word' id='word_1_403' title='bbox 3301 3113 3587 3185; x_wconf 86' lang='lat' dir='ltr'><strong>templum</strong></span> 
     </span>
    </p>
   </div>
   <div class='ocr_carea' id='block_1_61' title="bbox 165 3201 1822 3282">
    <p class='ocr_par' dir='ltr' id='par_1_61' title="bbox 165 3201 1822 3282">
     <span class='ocr_line' id='line_1_62' title="bbox 165 3201 1822 3282; baseline 0.003 -24"><span class='ocrx_word' id='word_1_404' title='bbox 165 3202 349 3258; x_wconf 75' lang='grc' dir='ltr'>πάντα</span> <span class='ocrx_word' id='word_1_405' title='bbox 401 3205 588 3275; x_wconf 89' lang='grc' dir='ltr'>Ζήνων</span> <span class='ocrx_word' id='word_1_406' title='bbox 642 3208 721 3277; x_wconf 76' lang='grc' dir='ltr'><strong>τῷ</strong></span> <span class='ocrx_word' id='word_1_407' title='bbox 778 3201 1012 3281; x_wconf 69' lang='grc' dir='ltr'>δευτέρῳ</span> <span class='ocrx_word' id='word_1_408' title='bbox 1064 3201 1168 3261; x_wconf 76' lang='grc' dir='ltr'>ἔτει</span> <span class='ocrx_word' id='word_1_409' title='bbox 1220 3212 1322 3276; x_wconf 82' lang='grc' dir='ltr'><strong>τῆς</strong></span> <span class='ocrx_word' id='word_1_410' title='bbox 1355 3204 1631 3282; x_wconf 81' lang='grc' dir='ltr'>βασιλείας</span> <span class='ocrx_word' id='word_1_411' title='bbox 1664 3206 1822 3263; x_wconf 78' lang='grc' dir='ltr'>αὐτοῦ</span> 
     </span>
    </p>
   </div>
   <div class='ocr_carea' id='block_1_62' title="bbox 1951 3201 3590 3282">
    <p class='ocr_par' dir='ltr' id='par_1_62' title="bbox 1951 3202 3590 3275">
     <span class='ocr_line' id='line_1_63' title="bbox 1951 3202 3590 3275; baseline -0.002 -16"><span class='ocrx_word' id='word_1_412' title='bbox 1951 3204 2262 3259; x_wconf 79' lang='lat' dir='ltr'><strong>maximum</strong></span> <span class='ocrx_word' id='word_1_413' title='bbox 2293 3204 2419 3259; x_wconf 82' lang='lat' dir='ltr'><strong>Jovi</strong></span> <span class='ocrx_word' id='word_1_414' title='bbox 2449 3204 2748 3275; x_wconf 80' lang='lat' dir='ltr'><strong>excitavit;</strong></span> <span class='ocrx_word' id='word_1_415' title='bbox 2781 3204 2935 3275; x_wconf 86' lang='lat' dir='ltr'><strong>quod</strong></span> <span class='ocrx_word' id='word_1_416' title='bbox 2978 3220 3112 3259; x_wconf 91' lang='lat' dir='ltr'><strong>cum</strong></span> <span class='ocrx_word' id='word_1_417' title='bbox 3146 3203 3370 3259; x_wconf 84' lang='lat' dir='ltr'><strong>ceteris</strong></span> <span class='ocrx_word' id='word_1_418' title='bbox 3402 3202 3590 3257; x_wconf 90' lang='lat' dir='ltr'><strong>omni-</strong></span> 
     </span>
    </p>
   </div>
   <div class='ocr_carea' id='block_1_63' title="bbox 165 3292 559 3366">
    <p class='ocr_par' dir='ltr' id='par_1_63' title="bbox 165 3292 559 3366">
     <span class='ocr_line' id='line_1_64' title="bbox 165 3292 559 3366; baseline 0.008 -20"><span class='ocrx_word' id='word_1_419' title='bbox 165 3292 369 3347; x_wconf 69' lang='lat' dir='ltr'><strong>mécr:</strong></span> <span class='ocrx_word' id='word_1_420' title='bbox 380 3295 559 3366; x_wconf 78' lang='grc' dir='ltr'>ρεψεν.</span> 
     </span>
    </p>
   </div>
   <div class='ocr_carea' id='block_1_64' title="bbox 595 3470 1407 3547">
    <p class='ocr_par' dir='ltr' id='par_1_64' title="bbox 595 3470 1407 3547">
     <span class='ocr_line' id='line_1_65' title="bbox 595 3470 1407 3547; baseline 0.002 -19"><span class='ocrx_word' id='word_1_421' title='bbox 595 3470 727 3547; x_wconf 79' lang='grc' dir='ltr'>Περὶ</span> <span class='ocrx_word' id='word_1_422' title='bbox 757 3476 865 3527; x_wconf 83' lang='grc' dir='ltr'><strong>τῶν</strong></span> <span class='ocrx_word' id='word_1_423' title='bbox 898 3476 1131 3541; x_wconf 82' lang='grc' dir='ltr'>ζευκτῶν</span> <span class='ocrx_word' id='word_1_424' title='bbox 1160 3471 1407 3530; x_wconf 85' lang='grc' dir='ltr'>κιονίων.</span> 
     </span>
    </p>
   </div>
   <div class='ocr_carea' id='block_1_65' title="bbox 251 3559 1826 3637">
    <p class='ocr_par' dir='ltr' id='par_1_65' title="bbox 251 3559 1826 3637">
     <span class='ocr_line' id='line_1_66' title="bbox 251 3559 1826 3637; baseline 0.001 -20"><span class='ocrx_word' id='word_1_425' title='bbox 251 3560 337 3617; x_wconf 75' lang='grc' dir='ltr'><strong>Τὰ</strong></span> <span class='ocrx_word' id='word_1_426' title='bbox 385 3559 575 3629; x_wconf 81' lang='grc' dir='ltr'>ζευκτᾶ</span> <span class='ocrx_word' id='word_1_427' title='bbox 618 3560 798 3616; x_wconf 83' lang='grc' dir='ltr'>κιόνιά</span> <span class='ocrx_word' id='word_1_428' title='bbox 846 3561 1004 3632; x_wconf 68' lang='grc' dir='ltr'>εἰσιν,</span> <span class='ocrx_word' id='word_1_429' title='bbox 1054 3561 1191 3617; x_wconf 78' lang='grc' dir='ltr'>ὅπου</span> <span class='ocrx_word' id='word_1_430' title='bbox 1236 3563 1352 3637; x_wconf 75' lang='grc' dir='ltr'>εἶχε</span> <span class='ocrx_word' id='word_1_431' title='bbox 1412 3562 1541 3625; x_wconf 69' lang='grc' dir='ltr'>τοὺς</span> <span class='ocrx_word' id='word_1_432' title='bbox 1602 3564 1826 3637; x_wconf 76' lang='grc' dir='ltr'>τιμίους</span> 
     </span>
    </p>
   </div>
   <div class='ocr_carea' id='block_1_66' title="bbox 171 3648 1585 3727">
    <p class='ocr_par' dir='ltr' id='par_1_66' title="bbox 171 3648 1585 3727">
     <span class='ocr_line' id='line_1_67' title="bbox 171 3648 1585 3727; baseline 0.002 -24"><span class='ocrx_word' id='word_1_433' title='bbox 171 3648 463 3723; x_wconf 78' lang='grc' dir='ltr'>σταυροὺς,</span> <span class='ocrx_word' id='word_1_434' title='bbox 493 3648 582 3704; x_wconf 85' lang='grc' dir='ltr'><strong>καὶ</strong></span> <span class='ocrx_word' id='word_1_435' title='bbox 612 3649 889 3723; x_wconf 79' lang='grc' dir='ltr'>Ῥωμανὸς</span> <span class='ocrx_word' id='word_1_436' title='bbox 922 3652 950 3707; x_wconf 91' lang='lat'><strong>6</strong></span> <span class='ocrx_word' id='word_1_437' title='bbox 980 3650 1155 3727; x_wconf 64' lang='grc' dir='ltr'>γέρων</span> <span class='ocrx_word' id='word_1_438' title='bbox 1192 3649 1392 3727; x_wconf 83' lang='grc' dir='ltr'>ἔγειρεν</span> <span class='ocrx_word' id='word_1_439' title='bbox 1424 3651 1585 3711; x_wconf 81' lang='grc' dir='ltr'>αὐτά.</span> 
     </span>
    </p>
   </div>
   <div class='ocr_carea' id='block_1_67' title="bbox 749 3828 1238 3904">
    <p class='ocr_par' dir='ltr' id='par_1_67' title="bbox 749 3828 1238 3904">
     <span class='ocr_line' id='line_1_68' title="bbox 749 3828 1238 3904; baseline 0.002 -20"><span class='ocrx_word' id='word_1_440' title='bbox 749 3829 878 3904; x_wconf 85' lang='grc' dir='ltr'>Περὶ</span> <span class='ocrx_word' id='word_1_441' title='bbox 910 3832 1008 3884; x_wconf 76' lang='grc' dir='ltr'><strong>τοῦ</strong></span> <span class='ocrx_word' id='word_1_442' title='bbox 1038 3828 1238 3885; x_wconf 84' lang='grc' dir='ltr'>Ὀσίου.</span> 
     </span>
    </p>
   </div>
   <div class='ocr_carea' id='block_1_68' title="bbox 239 3913 1822 3998">
    <p class='ocr_par' dir='ltr' id='par_1_68' title="bbox 239 3913 1822 3998">
     <span class='ocr_line' id='line_1_69' title="bbox 239 3913 1822 3998; baseline 0.002 -26"><span class='ocrx_word' id='word_1_443' title='bbox 239 3917 345 3972; x_wconf 88' lang='grc' dir='ltr'><strong>Τὸν</strong></span> <span class='ocrx_word' id='word_1_444' title='bbox 398 3913 455 3972; x_wconf 73' lang='grc' dir='ltr'>δὲ</span> <span class='ocrx_word' id='word_1_445' title='bbox 500 3918 686 3975; x_wconf 85' lang='grc' dir='ltr'>Ὅσιον</span> <span class='ocrx_word' id='word_1_446' title='bbox 735 3917 1021 3994; x_wconf 75' lang='grc' dir='ltr'>ἀνήγειρεν</span> <span class='ocrx_word' id='word_1_447' title='bbox 1074 3920 1364 3981; x_wconf 84' lang='grc' dir='ltr'>Ἰουστῖνος</span> <span class='ocrx_word' id='word_1_448' title='bbox 1422 3917 1513 3974; x_wconf 78' lang='grc' dir='ltr'><strong>καὶ</strong></span> <span class='ocrx_word' id='word_1_449' title='bbox 1574 3926 1749 3998; x_wconf 81' lang='grc' dir='ltr'>Σοφια</span> <span class='ocrx_word' id='word_1_450' title='bbox 1786 3924 1822 3991; x_wconf 78' lang='grc' dir='ltr'>ἡ</span> 
     </span>
    </p>
   </div>
   <div class='ocr_carea' id='block_1_69' title="bbox 162 4000 1826 4086">
    <p class='ocr_par' dir='ltr' id='par_1_69' title="bbox 162 4000 1826 4086">
     <span class='ocr_line' id='line_1_70' title="bbox 162 4000 1826 4086; baseline 0.002 -25"><span class='ocrx_word' id='word_1_451' title='bbox 162 4000 341 4076; x_wconf 78' lang='grc' dir='ltr'>Λωϐή</span> <span class='ocrx_word' id='word_1_452' title='bbox 371 4024 385 4037; x_wconf 88' lang='grc'><em>’</em></span> <span class='ocrx_word' id='word_1_453' title='bbox 419 4004 675 4071; x_wconf 76' lang='grc' dir='ltr'>ὡσαύτως</span> <span class='ocrx_word' id='word_1_454' title='bbox 718 4005 811 4062; x_wconf 80' lang='grc' dir='ltr'><strong>καὶ</strong></span> <span class='ocrx_word' id='word_1_455' title='bbox 856 4008 919 4062; x_wconf 89' lang='grc' dir='ltr'>τὸ</span> <span class='ocrx_word' id='word_1_456' title='bbox 976 4007 1439 4086; x_wconf 71' lang='grc' dir='ltr'>ὀρφανοτροφεῖυν</span> <span class='ocrx_word' id='word_1_457' title='bbox 1501 4012 1597 4064; x_wconf 79' lang='grc' dir='ltr'>τοῦ</span> <span class='ocrx_word' id='word_1_458' title='bbox 1634 4009 1826 4085; x_wconf 77' lang='grc' dir='ltr'>Ἀγίου</span> 
     </span>
    </p>
   </div>
   <div class='ocr_carea' id='block_1_70' title="bbox 163 4093 418 4152">
    <p class='ocr_par' dir='ltr' id='par_1_70' title="bbox 163 4093 418 4152">
     <span class='ocr_line' id='line_1_71' title="bbox 163 4093 418 4152; baseline -0.004 0"><span class='ocrx_word' id='word_1_459' title='bbox 163 4093 418 4152; x_wconf 80' lang='grc' dir='ltr'>Παύλου.</span> 
     </span>
    </p>
   </div>
   <div class='ocr_carea' id='block_1_71' title="bbox 651 4183 1347 4261">
    <p class='ocr_par' dir='ltr' id='par_1_71' title="bbox 651 4183 1347 4261">
     <span class='ocr_line' id='line_1_72' title="bbox 651 4183 1347 4261; baseline 0.003 -21"><span class='ocrx_word' id='word_1_460' title='bbox 651 4185 779 4261; x_wconf 82' lang='grc' dir='ltr'>Περὶ</span> <span class='ocrx_word' id='word_1_461' title='bbox 810 4188 909 4241; x_wconf 79' lang='grc' dir='ltr'>τοῦ</span> <span class='ocrx_word' id='word_1_462' title='bbox 938 4183 1127 4259; x_wconf 82' lang='grc' dir='ltr'>Ἀγίου</span> <span class='ocrx_word' id='word_1_463' title='bbox 1158 4186 1347 4242; x_wconf 83' lang='grc' dir='ltr'>Φώκα.</span> 
     </span>
    </p>
   </div>
   <div class='ocr_carea' id='block_1_72' title="bbox 240 4270 1823 4351">
    <p class='ocr_par' dir='ltr' id='par_1_72' title="bbox 240 4270 1823 4351">
     <span class='ocr_line' id='line_1_73' title="bbox 240 4270 1823 4351; baseline 0.003 -21"><span class='ocrx_word' id='word_1_464' title='bbox 240 4274 351 4330; x_wconf 84' lang='grc' dir='ltr'><strong>Τὸν</strong></span> <span class='ocrx_word' id='word_1_465' title='bbox 383 4270 441 4329; x_wconf 74' lang='grc' dir='ltr'><strong>δὲ</strong></span> <span class='ocrx_word' id='word_1_466' title='bbox 470 4276 667 4351; x_wconf 81' lang='grc' dir='ltr'>Ἀγιον</span> <span class='ocrx_word' id='word_1_467' title='bbox 722 4275 919 4330; x_wconf 80' lang='grc' dir='ltr'>Φώκαν</span> <span class='ocrx_word' id='word_1_468' title='bbox 969 4274 1262 4338; x_wconf 83' lang='grc' dir='ltr'>Βασίλειος</span> <span class='ocrx_word' id='word_1_469' title='bbox 1292 4276 1321 4331; x_wconf 88' lang='grc' dir='ltr'><strong>ὁ</strong></span> <span class='ocrx_word' id='word_1_470' title='bbox 1359 4274 1615 4350; x_wconf 79' lang='grc' dir='ltr'>βασιλεὺς</span> <span class='ocrx_word' id='word_1_471' title='bbox 1657 4277 1823 4349; x_wconf 83' lang='grc' dir='ltr'>κτίζει</span> 
     </span>
    </p>
   </div>
   <div class='ocr_carea' id='block_1_73' title="bbox 163 4362 1821 4439">
    <p class='ocr_par' dir='ltr' id='par_1_73' title="bbox 163 4362 1821 4439">
     <span class='ocr_line' id='line_1_74' title="bbox 163 4362 1821 4439; baseline 0.004 -23"><span class='ocrx_word' id='word_1_472' title='bbox 163 4362 310 4436; x_wconf 80' lang='grc' dir='ltr'>μετὰ</span> <span class='ocrx_word' id='word_1_473' title='bbox 336 4362 554 4418; x_wconf 78' lang='grc' dir='ltr'>καὶτοῦ</span> <span class='ocrx_word' id='word_1_474' title='bbox 585 4362 791 4439; x_wconf 83' lang='grc' dir='ltr'>Φόρου,</span> <span class='ocrx_word' id='word_1_475' title='bbox 820 4364 910 4419; x_wconf 81' lang='grc' dir='ltr'><strong>καὶ</strong></span> <span class='ocrx_word' id='word_1_476' title='bbox 940 4370 1042 4435; x_wconf 77' lang='grc' dir='ltr'><strong>τῆς</strong></span> <span class='ocrx_word' id='word_1_477' title='bbox 1072 4365 1218 4438; x_wconf 75' lang='grc' dir='ltr'>νὲας,</span> <span class='ocrx_word' id='word_1_478' title='bbox 1247 4365 1338 4421; x_wconf 81' lang='grc' dir='ltr'><strong>καὶ</strong></span> <span class='ocrx_word' id='word_1_479' title='bbox 1383 4369 1494 4421; x_wconf 82' lang='grc' dir='ltr'><strong>τῶν</strong></span> <span class='ocrx_word' id='word_1_480' title='bbox 1541 4366 1821 4423; x_wconf 84' lang='grc' dir='ltr'>παλατίων</span> 
     </span>
    </p>
   </div>
   <div class='ocr_carea' id='block_1_74' title="bbox 154 4455 530 4529">
    <p class='ocr_par' dir='ltr' id='par_1_74' title="bbox 154 4455 530 4529">
     <span class='ocr_line' id='line_1_75' title="bbox 154 4455 530 4529; baseline 0.008 -22"><span class='ocrx_word' id='word_1_481' title='bbox 154 4455 278 4508; x_wconf 76' lang='grc' dir='ltr'><strong>τῶν</strong></span> <span class='ocrx_word' id='word_1_482' title='bbox 307 4456 530 4529; x_wconf 82' lang='grc' dir='ltr'>Πηγῶν.</span> 
     </span>
    </p>
   </div>
   <div class='ocr_carea' id='block_1_75' title="bbox 554 4542 1441 4619">
    <p class='ocr_par' dir='ltr' id='par_1_75' title="bbox 554 4542 1441 4619">
     <span class='ocr_line' id='line_1_76' title="bbox 554 4542 1441 4619; baseline 0 -20"><span class='ocrx_word' id='word_1_483' title='bbox 554 4542 687 4619; x_wconf 84' lang='grc' dir='ltr'><strong>Περὶ</strong></span> <span class='ocrx_word' id='word_1_484' title='bbox 715 4549 816 4613; x_wconf 84' lang='grc' dir='ltr'>τῆς</span> <span class='ocrx_word' id='word_1_485' title='bbox 850 4550 1020 4617; x_wconf 85' lang='grc' dir='ltr'>μονῆς</span> <span class='ocrx_word' id='word_1_486' title='bbox 1045 4544 1114 4598; x_wconf 77' lang='grc' dir='ltr'><strong>τὰ</strong></span> <span class='ocrx_word' id='word_1_487' title='bbox 1141 4548 1441 4616; x_wconf 83' lang='grc' dir='ltr'>Δαμιανοῦ.</span> 
     </span>
    </p>
   </div>
   <div class='ocr_carea' id='block_1_76' title="bbox 1856 3272 3590 3366">
    <p class='ocr_par' dir='ltr' id='par_1_76' title="bbox 1856 3272 3590 3366">
     <span class='ocr_line' id='line_1_77' title="bbox 1856 3272 3590 3366; baseline -0.002 -17"><span class='ocrx_word' id='word_1_488' title='bbox 1856 3272 1901 3340; x_wconf 66' lang='grc' dir='ltr'><strong>(ἶ</strong></span> <span class='ocrx_word' id='word_1_489' title='bbox 1940 3295 2051 3350; x_wconf 91' lang='lat' dir='ltr'><strong>bus</strong></span> <span class='ocrx_word' id='word_1_490' title='bbox 2116 3292 2387 3350; x_wconf 68' lang='lat' dir='ltr'><strong>aediliciis</strong></span> <span class='ocrx_word' id='word_1_491' title='bbox 2426 3293 2578 3349; x_wconf 90' lang='lat' dir='ltr'><strong>Zeno</strong></span> <span class='ocrx_word' id='word_1_492' title='bbox 2641 3294 2899 3350; x_wconf 88' lang='lat' dir='ltr'><strong>secundo</strong></span> <span class='ocrx_word' id='word_1_493' title='bbox 2978 3293 3211 3366; x_wconf 84' lang='lat' dir='ltr'><strong>imperii</strong></span> <span class='ocrx_word' id='word_1_494' title='bbox 3276 3293 3368 3349; x_wconf 88' lang='lat' dir='ltr'><strong>sui</strong></span> <span class='ocrx_word' id='word_1_495' title='bbox 3437 3308 3590 3347; x_wconf 85' lang='lat' dir='ltr'><strong>anno</strong></span> 
     </span>
    </p>
   </div>
   <div class='ocr_carea' id='block_1_77' title="bbox 1886 3381 2166 3439">
    <p class='ocr_par' dir='ltr' id='par_1_77' title="bbox 1886 3381 2166 3439">
     <span class='ocr_line' id='line_1_78' title="bbox 1886 3381 2166 3439; baseline -0.007 -1"><span class='ocrx_word' id='word_1_496' title='bbox 1886 3381 1893 3389; x_wconf 88' lang='grc'><em>’</em></span> <span class='ocrx_word' id='word_1_497' title='bbox 1938 3382 2166 3439; x_wconf 88' lang='lat' dir='ltr'><strong>evertit.</strong></span> 
     </span>
    </p>
   </div>
   <div class='ocr_carea' id='block_1_78' title="bbox 2426 3470 3098 3541">
    <p class='ocr_par' dir='ltr' id='par_1_78' title="bbox 2426 3470 3098 3541">
     <span class='ocr_line' id='line_1_79' title="bbox 2426 3470 3098 3541; baseline -0.003 -15"><span class='ocrx_word' id='word_1_498' title='bbox 2426 3473 2501 3527; x_wconf 82' lang='lat' dir='ltr'><strong>De</strong></span> <span class='ocrx_word' id='word_1_499' title='bbox 2527 3472 2831 3528; x_wconf 77' lang='lat' dir='ltr'><strong>columellis</strong></span> <span class='ocrx_word' id='word_1_500' title='bbox 2857 3470 3098 3541; x_wconf 74' lang='lat' dir='ltr'><strong>junctis.</strong></span> 
     </span>
    </p>
   </div>
   <div class='ocr_carea' id='block_1_79' title="bbox 2008 3559 3588 3631">
    <p class='ocr_par' dir='ltr' id='par_1_79' title="bbox 2008 3559 3588 3631">
     <span class='ocr_line' id='line_1_80' title="bbox 2008 3559 3588 3631; baseline -0.003 -14"><span class='ocrx_word' id='word_1_501' title='bbox 2008 3559 2338 3617; x_wconf 89' lang='lat' dir='ltr'><strong>Columelle</strong></span> <span class='ocrx_word' id='word_1_502' title='bbox 2399 3561 2620 3631; x_wconf 89' lang='lat' dir='ltr'><strong>juncte</strong></span> <span class='ocrx_word' id='word_1_503' title='bbox 2687 3559 2799 3614; x_wconf 86' lang='lat' dir='ltr'><strong>ille</strong></span> <span class='ocrx_word' id='word_1_504' title='bbox 2864 3560 3146 3616; x_wconf 87' lang='lat' dir='ltr'><strong>dicuntur</strong></span> <span class='ocrx_word' id='word_1_505' title='bbox 3222 3560 3322 3615; x_wconf 94' lang='lat' dir='ltr'><strong>ubi</strong></span> <span class='ocrx_word' id='word_1_506' title='bbox 3398 3561 3588 3615; x_wconf 86' lang='lat' dir='ltr'><strong>exsta-</strong></span> 
     </span>
    </p>
   </div>
   <div class='ocr_carea' id='block_1_80' title="bbox 1935 3648 3591 3707">
    <p class='ocr_par' dir='ltr' id='par_1_80' title="bbox 1935 3648 3591 3707">
     <span class='ocr_line' id='line_1_81' title="bbox 1935 3648 3591 3707; baseline -0.002 0"><span class='ocrx_word' id='word_1_507' title='bbox 1935 3651 2079 3707; x_wconf 89' lang='lat' dir='ltr'><strong>bant</strong></span> <span class='ocrx_word' id='word_1_508' title='bbox 2108 3649 2452 3707; x_wconf 79' lang='lat' dir='ltr'><strong>venerande</strong></span> <span class='ocrx_word' id='word_1_509' title='bbox 2502 3666 2725 3705; x_wconf 88' lang='lat' dir='ltr'><strong>cruces.</strong></span> <span class='ocrx_word' id='word_1_510' title='bbox 2762 3650 2876 3705; x_wconf 85' lang='lat' dir='ltr'><strong>Has</strong></span> <span class='ocrx_word' id='word_1_511' title='bbox 2919 3648 3102 3705; x_wconf 84' lang='lat' dir='ltr'><strong>erexit</strong></span> <span class='ocrx_word' id='word_1_512' title='bbox 3149 3648 3449 3704; x_wconf 81' lang='lat' dir='ltr'><strong>Romanus</strong></span> <span class='ocrx_word' id='word_1_513' title='bbox 3497 3664 3591 3705; x_wconf 84' lang='lat' dir='ltr'><strong>se-</strong></span> 
     </span>
    </p>
   </div>
   <div class='ocr_carea' id='block_1_81' title="bbox 1937 3739 2087 3795">
    <p class='ocr_par' dir='ltr' id='par_1_81' title="bbox 1937 3739 2087 3795">
     <span class='ocr_line' id='line_1_82' title="bbox 1937 3739 2087 3795; baseline 0.007 -1"><span class='ocrx_word' id='word_1_514' title='bbox 1937 3739 2087 3795; x_wconf 90' lang='lat' dir='ltr'><strong>nior.</strong></span> 
     </span>
    </p>
   </div>
   <div class='ocr_carea' id='block_1_82' title="bbox 2636 3828 2884 3886">
    <p class='ocr_par' dir='ltr' id='par_1_82' title="bbox 2636 3828 2884 3886">
     <span class='ocr_line' id='line_1_83' title="bbox 2636 3828 2884 3886; baseline 0 -3"><span class='ocrx_word' id='word_1_515' title='bbox 2636 3829 2712 3884; x_wconf 77' lang='lat' dir='ltr'><strong>De</strong></span> <span class='ocrx_word' id='word_1_516' title='bbox 2740 3828 2884 3886; x_wconf 75' lang='lat' dir='ltr'><strong>Osio.</strong></span> 
     </span>
    </p>
   </div>
   <div class='ocr_carea' id='block_1_83' title="bbox 2006 3917 3586 3989">
    <p class='ocr_par' dir='ltr' id='par_1_83' title="bbox 2006 3917 3586 3989">
     <span class='ocr_line' id='line_1_84' title="bbox 2006 3917 3586 3989; baseline -0.001 -16"><span class='ocrx_word' id='word_1_517' title='bbox 2006 3917 2210 3974; x_wconf 89' lang='lat' dir='ltr'><strong>Osium</strong></span> <span class='ocrx_word' id='word_1_518' title='bbox 2265 3917 2539 3973; x_wconf 86' lang='lat' dir='ltr'><strong>Justinus</strong></span> <span class='ocrx_word' id='word_1_519' title='bbox 2598 3923 2655 3974; x_wconf 89' lang='lat' dir='ltr'><strong>et</strong></span> <span class='ocrx_word' id='word_1_520' title='bbox 2702 3917 2923 3989; x_wconf 85' lang='lat' dir='ltr'><strong>Sophia</strong></span> <span class='ocrx_word' id='word_1_521' title='bbox 2981 3917 3131 3972; x_wconf 88' lang='lat' dir='ltr'><strong>Lobe</strong></span> <span class='ocrx_word' id='word_1_522' title='bbox 3185 3917 3586 3984; x_wconf 64' lang='lat' dir='ltr'><strong>aediﬁcarunt;</strong></span> 
     </span>
    </p>
   </div>
   <div class='ocr_carea' id='block_1_84' title="bbox 1936 4003 3584 4079">
    <p class='ocr_par' dir='ltr' id='par_1_84' title="bbox 1936 4003 3584 4079">
     <span class='ocr_line' id='line_1_85' title="bbox 1936 4003 3584 4079; baseline -0.002 -18"><span class='ocrx_word' id='word_1_523' title='bbox 1936 4006 2437 4079; x_wconf 80' lang='lat' dir='ltr'><strong>quemadmodum</strong></span> <span class='ocrx_word' id='word_1_524' title='bbox 2471 4011 2528 4061; x_wconf 90' lang='lat' dir='ltr'><strong>et</strong></span> <span class='ocrx_word' id='word_1_525' title='bbox 2566 4004 3131 4078; x_wconf 83' lang='lat' dir='ltr'><strong>orphanotropbium</strong></span> <span class='ocrx_word' id='word_1_526' title='bbox 3161 4003 3359 4061; x_wconf 86' lang='lat' dir='ltr'><strong>Sancti</strong></span> <span class='ocrx_word' id='word_1_527' title='bbox 3401 4004 3584 4060; x_wconf 77' lang='lat' dir='ltr'><strong>Pauli.</strong></span> 
     </span>
    </p>
   </div>
   <div class='ocr_carea' id='block_1_85' title="bbox 2421 4094 3098 4152">
    <p class='ocr_par' dir='ltr' id='par_1_85' title="bbox 2421 4094 3098 4152">
     <span class='ocr_line' id='line_1_86' title="bbox 2421 4094 3098 4152; baseline -0.004 0"><span class='ocrx_word' id='word_1_528' title='bbox 2421 4097 2497 4152; x_wconf 82' lang='lat' dir='ltr'><strong>De</strong></span> <span class='ocrx_word' id='word_1_529' title='bbox 2526 4096 2767 4152; x_wconf 79' lang='lat' dir='ltr'><strong>Ecclesia</strong></span> <span class='ocrx_word' id='word_1_530' title='bbox 2797 4094 2850 4151; x_wconf 90' lang='lat' dir='ltr'><strong>S.</strong></span> <span class='ocrx_word' id='word_1_531' title='bbox 2883 4095 3098 4150; x_wconf 72' lang='lat' dir='ltr'><strong>Phoce.</strong></span> 
     </span>
    </p>
   </div>
   <div class='ocr_carea' id='block_1_86' title="bbox 2007 4182 3584 4255">
    <p class='ocr_par' dir='ltr' id='par_1_86' title="bbox 2007 4182 3584 4255">
     <span class='ocr_line' id='line_1_87' title="bbox 2007 4182 3584 4255; baseline -0.001 -16"><span class='ocrx_word' id='word_1_532' title='bbox 2007 4184 2327 4243; x_wconf 87' lang='lat' dir='ltr'><strong>Ecclesiam</strong></span> <span class='ocrx_word' id='word_1_533' title='bbox 2359 4185 2420 4241; x_wconf 89' lang='lat' dir='ltr'><strong>S.</strong></span> <span class='ocrx_word' id='word_1_534' title='bbox 2456 4185 2656 4243; x_wconf 87' lang='lat' dir='ltr'><strong>Phoce</strong></span> <span class='ocrx_word' id='word_1_535' title='bbox 2696 4184 2896 4241; x_wconf 89' lang='lat' dir='ltr'><strong>condit</strong></span> <span class='ocrx_word' id='word_1_536' title='bbox 2932 4183 3187 4241; x_wconf 86' lang='lat' dir='ltr'><strong>Basilius</strong></span> <span class='ocrx_word' id='word_1_537' title='bbox 3218 4182 3538 4255; x_wconf 88' lang='lat' dir='ltr'><strong>imperator</strong></span> <span class='ocrx_word' id='word_1_538' title='bbox 3571 4200 3584 4238; x_wconf 91' lang='lat'>:</span> 
     </span>
    </p>
   </div>
   <div class='ocr_carea' id='block_1_87' title="bbox 1933 4272 3589 4347">
    <p class='ocr_par' dir='ltr' id='par_1_87' title="bbox 1933 4272 3589 4347">
     <span class='ocr_line' id='line_1_88' title="bbox 1933 4272 3589 4347; baseline -0.002 -17"><span class='ocrx_word' id='word_1_539' title='bbox 1933 4275 2074 4331; x_wconf 89' lang='lat' dir='ltr'><strong>item</strong></span> <span class='ocrx_word' id='word_1_540' title='bbox 2104 4275 2165 4331; x_wconf 92' lang='lat' dir='ltr'><strong>S.</strong></span> <span class='ocrx_word' id='word_1_541' title='bbox 2198 4275 2455 4347; x_wconf 85' lang='lat' dir='ltr'><strong>Deipare</strong></span> <span class='ocrx_word' id='word_1_542' title='bbox 2504 4275 2566 4331; x_wconf 89' lang='lat' dir='ltr'><strong>in</strong></span> <span class='ocrx_word' id='word_1_543' title='bbox 2615 4276 2782 4343; x_wconf 83' lang='lat' dir='ltr'><strong>Foro,</strong></span> <span class='ocrx_word' id='word_1_544' title='bbox 2814 4278 2873 4330; x_wconf 87' lang='lat' dir='ltr'><strong>et</strong></span> <span class='ocrx_word' id='word_1_545' title='bbox 2901 4272 3210 4330; x_wconf 87' lang='lat' dir='ltr'><strong>ecclesiam</strong></span> <span class='ocrx_word' id='word_1_546' title='bbox 3260 4288 3495 4341; x_wconf 89' lang='lat' dir='ltr'><strong>novam,</strong></span> <span class='ocrx_word' id='word_1_547' title='bbox 3528 4276 3589 4328; x_wconf 89' lang='lat' dir='ltr'><strong>et</strong></span> 
     </span>
    </p>
   </div>
   <div class='ocr_carea' id='block_1_88' title="bbox 1935 4363 2867 4438">
    <p class='ocr_par' dir='ltr' id='par_1_88' title="bbox 1935 4363 2867 4438">
     <span class='ocr_line' id='line_1_89' title="bbox 1935 4363 2867 4438; baseline -0.001 -17"><span class='ocrx_word' id='word_1_548' title='bbox 1935 4363 2153 4438; x_wconf 89' lang='lat' dir='ltr'><strong>palatia</strong></span> <span class='ocrx_word' id='word_1_549' title='bbox 2182 4364 2415 4438; x_wconf 87' lang='lat' dir='ltr'><strong>Pegana</strong></span> <span class='ocrx_word' id='word_1_550' title='bbox 2443 4381 2543 4422; x_wconf 87' lang='lat' dir='ltr'><strong>seu</strong></span> <span class='ocrx_word' id='word_1_551' title='bbox 2573 4364 2867 4421; x_wconf 88' lang='lat' dir='ltr'><strong>Fontium.</strong></span> 
     </span>
    </p>
   </div>
   <div class='ocr_carea' id='block_1_89' title="bbox 2375 4545 3139 4603">
    <p class='ocr_par' dir='ltr' id='par_1_89' title="bbox 2375 4545 3139 4603">
     <span class='ocr_line' id='line_1_90' title="bbox 2375 4545 3139 4603; baseline -0.003 -2"><span class='ocrx_word' id='word_1_552' title='bbox 2375 4546 2451 4601; x_wconf 78' lang='lat' dir='ltr'><strong>De</strong></span> <span class='ocrx_word' id='word_1_553' title='bbox 2481 4547 2815 4603; x_wconf 73' lang='lat' dir='ltr'><strong>monasterio</strong></span> <span class='ocrx_word' id='word_1_554' title='bbox 2849 4545 3139 4602; x_wconf 81' lang='lat' dir='ltr'><strong>Damiani.</strong></span> 
     </span>
    </p>
   </div>
   <div class='ocr_carea' id='block_1_90' title="bbox 244 4629 1822 4718">
    <p class='ocr_par' dir='ltr' id='par_1_90' title="bbox 244 4629 1822 4711">
     <span class='ocr_line' id='line_1_91' title="bbox 244 4629 1822 4711; baseline 0.004 -26"><span class='ocrx_word' id='word_1_555' title='bbox 244 4632 357 4699; x_wconf 80' lang='grc' dir='ltr'><strong>Τήν</strong></span> <span class='ocrx_word' id='word_1_556' title='bbox 391 4631 558 4704; x_wconf 73' lang='grc' dir='ltr'>μονὴν</span> <span class='ocrx_word' id='word_1_557' title='bbox 590 4632 657 4687; x_wconf 74' lang='grc' dir='ltr'>τὰ</span> <span class='ocrx_word' id='word_1_558' title='bbox 685 4636 962 4705; x_wconf 82' lang='grc' dir='ltr'>Δαμιανοῦ</span> <span class='ocrx_word' id='word_1_559' title='bbox 1012 4629 1189 4688; x_wconf 76' lang='grc' dir='ltr'>ἔκτισε</span> <span class='ocrx_word' id='word_1_560' title='bbox 1235 4632 1509 4707; x_wconf 86' lang='grc' dir='ltr'>Δαμιανὸς</span> <span class='ocrx_word' id='word_1_561' title='bbox 1555 4655 1822 4711; x_wconf 85' lang='grc' dir='ltr'>παρακοι-</span> 
     </span>
    </p>
   </div>
   <div class='ocr_carea' id='block_1_91' title="bbox 1951 4629 3582 4718">
    <p class='ocr_par' dir='ltr' id='par_1_91' title="bbox 2005 4629 3582 4691">
     <span class='ocr_line' id='line_1_92' title="bbox 2005 4629 3582 4691; baseline -0.003 -1"><span class='ocrx_word' id='word_1_562' title='bbox 2005 4634 2425 4691; x_wconf 72' lang='lat' dir='ltr'><strong>Monasterium</strong></span> <span class='ocrx_word' id='word_1_563' title='bbox 2448 4634 2720 4690; x_wconf 89' lang='lat' dir='ltr'><strong>Damiani</strong></span> <span class='ocrx_word' id='word_1_564' title='bbox 2743 4634 3095 4689; x_wconf 74' lang='lat' dir='ltr'><strong>aedificatum</strong></span> <span class='ocrx_word' id='word_1_565' title='bbox 3121 4630 3231 4687; x_wconf 78' lang='lat' dir='ltr'><strong>fuit</strong></span> <span class='ocrx_word' id='word_1_566' title='bbox 3250 4629 3582 4687; x_wconf 89' lang='lat' dir='ltr'><strong>aDamiano</strong></span> 
     </span>
    </p>
   </div>
   <div class='ocr_carea' id='block_1_92' title="bbox 164 4716 1822 4800">
    <p class='ocr_par' dir='ltr' id='par_1_92' title="bbox 164 4716 1822 4800">
     <span class='ocr_line' id='line_1_93' title="bbox 164 4716 1822 4800; baseline 0.004 -25"><span class='ocrx_word' id='word_1_567' title='bbox 164 4722 428 4795; x_wconf 80' lang='grc' dir='ltr'>μώμενος</span> <span class='ocrx_word' id='word_1_568' title='bbox 478 4722 507 4775; x_wconf 93' lang='lat'><strong>6</strong></span> <span class='ocrx_word' id='word_1_569' title='bbox 554 4716 806 4787; x_wconf 78' lang='grc' dir='ltr'>Σθλάϐος</span> <span class='ocrx_word' id='word_1_570' title='bbox 854 4720 908 4777; x_wconf 73' lang='grc' dir='ltr'>ἰν</span> <span class='ocrx_word' id='word_1_571' title='bbox 963 4727 1084 4785; x_wconf 84' lang='grc' dir='ltr'>τοῖς</span> <span class='ocrx_word' id='word_1_572' title='bbox 1128 4722 1358 4799; x_wconf 85' lang='grc' dir='ltr'>χρόνοις</span> <span class='ocrx_word' id='word_1_573' title='bbox 1407 4722 1679 4800; x_wconf 80' lang='grc' dir='ltr'>Θεοφίλου</span> <span class='ocrx_word' id='word_1_574' title='bbox 1732 4725 1822 4781; x_wconf 88' lang='grc' dir='ltr'><strong>καὶ</strong></span> 
     </span>
    </p>
   </div>
   <div class='ocr_carea' id='block_1_93' title="bbox 1951 4716 3584 4800">
    <p class='ocr_par' dir='ltr' id='par_1_93' title="bbox 1951 4718 3584 4794">
     <span class='ocr_line' id='line_1_94' title="bbox 1951 4718 3584 4794; baseline -0.002 -16"><span class='ocrx_word' id='word_1_575' title='bbox 1951 4724 2246 4794; x_wconf 71' lang='lat' dir='ltr'><strong>)reposito</strong></span> <span class='ocrx_word' id='word_1_576' title='bbox 2270 4722 2553 4789; x_wconf 90' lang='lat' dir='ltr'><strong>cubiculi,</strong></span> <span class='ocrx_word' id='word_1_577' title='bbox 2577 4723 2810 4779; x_wconf 87' lang='lat' dir='ltr'><strong>natione</strong></span> <span class='ocrx_word' id='word_1_578' title='bbox 2839 4720 3098 4791; x_wconf 88' lang='lat' dir='ltr'><strong>Stblavo,</strong></span> <span class='ocrx_word' id='word_1_579' title='bbox 3120 4724 3380 4789; x_wconf 87' lang='lat' dir='ltr'><strong>tempore</strong></span> <span class='ocrx_word' id='word_1_580' title='bbox 3404 4718 3584 4774; x_wconf 90' lang='lat' dir='ltr'><strong>Theo-</strong></span> 
     </span>
    </p>
   </div>
   <div class='ocr_carea' id='block_1_94' title="bbox 158 4808 427 4886">
    <p class='ocr_par' dir='ltr' id='par_1_94' title="bbox 158 4808 427 4886">
     <span class='ocr_line' id='line_1_95' title="bbox 158 4808 427 4886; baseline -0.004 -19"><span class='ocrx_word' id='word_1_581' title='bbox 158 4808 427 4886; x_wconf 74' lang='grc' dir='ltr'>Μιχαήλ.</span> 
     </span>
    </p>
   </div>
   <div class='ocr_carea' id='block_1_95' title="bbox 696 4898 1289 4974">
    <p class='ocr_par' dir='ltr' id='par_1_95' title="bbox 696 4898 1289 4974">
     <span class='ocr_line' id='line_1_96' title="bbox 696 4898 1289 4974; baseline 0.007 -20"><span class='ocrx_word' id='word_1_582' title='bbox 696 4898 826 4974; x_wconf 82' lang='grc' dir='ltr'>Περὶ</span> <span class='ocrx_word' id='word_1_583' title='bbox 862 4902 962 4955; x_wconf 78' lang='grc' dir='ltr'>τοῦ</span> <span class='ocrx_word' id='word_1_584' title='bbox 994 4898 1289 4959; x_wconf 70' lang='grc' dir='ltr'>Ἀνάπλου.</span> 
     </span>
    </p>
   </div>
   <div class='ocr_carea' id='block_1_96' title="bbox 239 4984 1825 5066">
    <p class='ocr_par' dir='ltr' id='par_1_96' title="bbox 239 4984 1825 5066">
     <span class='ocr_line' id='line_1_97' title="bbox 239 4984 1825 5066; baseline 0.002 -23"><span class='ocrx_word' id='word_1_585' title='bbox 239 4988 343 5043; x_wconf 82' lang='grc' dir='ltr'><strong>Τὸν</strong></span> <span class='ocrx_word' id='word_1_586' title='bbox 389 4984 449 5043; x_wconf 68' lang='grc' dir='ltr'><strong>δὲ</strong></span> <span class='ocrx_word' id='word_1_587' title='bbox 489 4988 961 5066; x_wconf 82' lang='grc' dir='ltr'>’Λρχιστράτηγον</span> <span class='ocrx_word' id='word_1_588' title='bbox 1013 4991 1107 5045; x_wconf 87' lang='grc' dir='ltr'>τὸν</span> <span class='ocrx_word' id='word_1_589' title='bbox 1162 4990 1239 5054; x_wconf 82' lang='grc' dir='ltr'><strong>είς</strong></span> <span class='ocrx_word' id='word_1_590' title='bbox 1293 4990 1385 5047; x_wconf 86' lang='grc' dir='ltr'><strong>τὸν</strong></span> <span class='ocrx_word' id='word_1_591' title='bbox 1442 4990 1748 5053; x_wconf 78' lang='grc' dir='ltr'>’Δνάπλουν</span> <span class='ocrx_word' id='word_1_592' title='bbox 1796 4991 1825 5047; x_wconf 88' lang='lat'><strong>6</strong></span> 
     </span>
    </p>
   </div>
   <div class='ocr_carea' id='block_1_97' title="bbox 160 5076 1094 5155">
    <p class='ocr_par' dir='ltr' id='par_1_97' title="bbox 160 5076 1094 5155">
     <span class='ocr_line' id='line_1_98' title="bbox 160 5076 1094 5155; baseline 0.002 -21"><span class='ocrx_word' id='word_1_593' title='bbox 160 5078 353 5153; x_wconf 67' lang='grc' dir='ltr'>Μέγας</span> <span class='ocrx_word' id='word_1_594' title='bbox 387 5079 789 5141; x_wconf 83' lang='grc' dir='ltr'>Κωνσταντῖνος</span> <span class='ocrx_word' id='word_1_595' title='bbox 820 5076 1094 5155; x_wconf 81' lang='grc' dir='ltr'>ἀνήγειρε.</span> 
     </span>
    </p>
   </div>
   <div class='ocr_carea' id='block_1_98' title="bbox 586 5183 1400 5261">
    <p class='ocr_par' dir='ltr' id='par_1_98' title="bbox 586 5183 1400 5261">
     <span class='ocr_line' id='line_1_99' title="bbox 586 5183 1400 5261; baseline 0.002 -20"><span class='ocrx_word' id='word_1_596' title='bbox 586 5184 718 5258; x_wconf 79' lang='grc' dir='ltr'>Περὶ</span> <span class='ocrx_word' id='word_1_597' title='bbox 755 5188 855 5240; x_wconf 79' lang='grc' dir='ltr'>τοῦ</span> <span class='ocrx_word' id='word_1_598' title='bbox 883 5183 1075 5260; x_wconf 77' lang='grc' dir='ltr'>Ἀγίου</span> <span class='ocrx_word' id='word_1_599' title='bbox 1102 5184 1400 5261; x_wconf 84' lang='grc' dir='ltr'>Ταρασίου.</span> 
     </span>
    </p>
   </div>
   <div class='ocr_carea' id='block_1_99' title="bbox 235 5270 1826 5351">
    <p class='ocr_par' dir='ltr' id='par_1_99' title="bbox 235 5270 1826 5351">
     <span class='ocr_line' id='line_1_100' title="bbox 235 5270 1826 5351; baseline 0.001 -21"><span class='ocrx_word' id='word_1_600' title='bbox 235 5272 344 5330; x_wconf 77' lang='grc' dir='ltr'><strong>Τὸν</strong></span> <span class='ocrx_word' id='word_1_601' title='bbox 410 5270 468 5329; x_wconf 74' lang='grc' dir='ltr'><strong>δὲ</strong></span> <span class='ocrx_word' id='word_1_602' title='bbox 523 5275 716 5349; x_wconf 78' lang='grc' dir='ltr'>’Ἃγιον</span> <span class='ocrx_word' id='word_1_603' title='bbox 778 5274 1053 5350; x_wconf 81' lang='grc' dir='ltr'>Ταράσιον</span> <span class='ocrx_word' id='word_1_604' title='bbox 1131 5274 1381 5350; x_wconf 63' lang='grc' dir='ltr'>λέγουσιν</span> <span class='ocrx_word' id='word_1_605' title='bbox 1452 5276 1585 5331; x_wconf 73' lang='grc' dir='ltr'>εἶναι</span> <span class='ocrx_word' id='word_1_606' title='bbox 1659 5276 1826 5351; x_wconf 80' lang='grc' dir='ltr'>προά-</span> 
     </span>
    </p>
   </div>
   <div class='ocr_carea' id='block_1_100' title="bbox 157 5362 1821 5440">
    <p class='ocr_par' dir='ltr' id='par_1_100' title="bbox 157 5362 1821 5440">
     <span class='ocr_line' id='line_1_101' title="bbox 157 5362 1821 5440; baseline -0.001 -20"><span class='ocrx_word' id='word_1_607' title='bbox 157 5384 343 5420; x_wconf 85' lang='grc' dir='ltr'>στειον</span> <span class='ocrx_word' id='word_1_608' title='bbox 401 5367 500 5418; x_wconf 81' lang='grc' dir='ltr'>τοῦ</span> <span class='ocrx_word' id='word_1_609' title='bbox 557 5363 906 5439; x_wconf 78' lang='grc' dir='ltr'>πατριάρχου</span> <span class='ocrx_word' id='word_1_610' title='bbox 961 5362 1250 5440; x_wconf 85' lang='grc' dir='ltr'>Ταρασίου,</span> <span class='ocrx_word' id='word_1_611' title='bbox 1283 5365 1373 5419; x_wconf 82' lang='grc' dir='ltr'><strong>καὶ</strong></span> <span class='ocrx_word' id='word_1_612' title='bbox 1430 5362 1715 5435; x_wconf 78' lang='grc' dir='ltr'>ἀνέστησεν</span> <span class='ocrx_word' id='word_1_613' title='bbox 1769 5363 1821 5419; x_wconf 76' lang='grc' dir='ltr'>ἐν</span> 
     </span>
    </p>
   </div>
   <div class='ocr_carea' id='block_1_101' title="bbox 159 5453 546 5526">
    <p class='ocr_par' dir='ltr' id='par_1_101' title="bbox 159 5453 546 5526">
     <span class='ocr_line' id='line_1_102' title="bbox 159 5453 546 5526; baseline -0.003 -16"><span class='ocrx_word' id='word_1_614' title='bbox 159 5453 318 5526; x_wconf 77' lang='grc' dir='ltr'>αὐτῷ</span> <span class='ocrx_word' id='word_1_615' title='bbox 349 5453 546 5526; x_wconf 84' lang='grc' dir='ltr'>μονήν.</span> 
     </span>
    </p>
   </div>
   <div class='ocr_carea' id='block_1_102' title="bbox 676 5560 1301 5636">
    <p class='ocr_par' dir='ltr' id='par_1_102' title="bbox 676 5560 1301 5636">
     <span class='ocr_line' id='line_1_103' title="bbox 676 5560 1301 5636; baseline 0.002 -20"><span class='ocrx_word' id='word_1_616' title='bbox 676 5560 808 5636; x_wconf 77' lang='grc' dir='ltr'>Περὶ</span> <span class='ocrx_word' id='word_1_617' title='bbox 836 5563 937 5617; x_wconf 79' lang='grc' dir='ltr'>τοῦ</span> <span class='ocrx_word' id='word_1_618' title='bbox 968 5562 1301 5618; x_wconf 85' lang='grc' dir='ltr'>Σωσθενίου.</span> 
     </span>
    </p>
   </div>
   <div class='ocr_carea' id='block_1_103' title="bbox 236 5646 1821 5729">
    <p class='ocr_par' dir='ltr' id='par_1_103' title="bbox 236 5646 1821 5729">
     <span class='ocr_line' id='line_1_104' title="bbox 236 5646 1821 5729; baseline 0.002 -24"><span class='ocrx_word' id='word_1_619' title='bbox 236 5652 354 5721; x_wconf 75' lang='grc' dir='ltr'><strong>Τὴν</strong></span> <span class='ocrx_word' id='word_1_620' title='bbox 408 5646 466 5713; x_wconf 72' lang='grc' dir='ltr'><strong>δὶ</strong></span> <span class='ocrx_word' id='word_1_621' title='bbox 518 5651 691 5723; x_wconf 83' lang='grc' dir='ltr'>μονὴν</span> <span class='ocrx_word' id='word_1_622' title='bbox 734 5654 830 5706; x_wconf 76' lang='grc' dir='ltr'>τοῦ</span> <span class='ocrx_word' id='word_1_623' title='bbox 876 5649 1208 5721; x_wconf 87' lang='grc' dir='ltr'>Σωσθενίου,</span> <span class='ocrx_word' id='word_1_624' title='bbox 1237 5651 1333 5707; x_wconf 85' lang='grc' dir='ltr'>τὸν</span> <span class='ocrx_word' id='word_1_625' title='bbox 1377 5650 1821 5729; x_wconf 74' lang='grc' dir='ltr'>ἀρχιστράτηγον</span> 
     </span>
    </p>
   </div>
   <div class='ocr_carea' id='block_1_104' title="bbox 160 5739 1467 5818">
    <p class='ocr_par' dir='ltr' id='par_1_104' title="bbox 160 5739 1467 5818">
     <span class='ocr_line' id='line_1_105' title="bbox 160 5739 1467 5818; baseline 0.004 -21"><span class='ocrx_word' id='word_1_626' title='bbox 160 5742 377 5799; x_wconf 69' lang='grc' dir='ltr'>ἔκτισεν</span> <span class='ocrx_word' id='word_1_627' title='bbox 407 5740 438 5796; x_wconf 73' lang='lat'><strong>6</strong></span> <span class='ocrx_word' id='word_1_628' title='bbox 466 5739 652 5818; x_wconf 69' lang='grc' dir='ltr'>Μέγας</span> <span class='ocrx_word' id='word_1_629' title='bbox 680 5741 1112 5804; x_wconf 83' lang='grc' dir='ltr'>Κωνσταντῖνος.</span> <span class='ocrx_word' id='word_1_630' title='bbox 1460 5776 1467 5784; x_wconf 84' lang='lat'><strong><em>~</em></strong></span> 
     </span>
    </p>
   </div>
   <div class='ocr_carea' id='block_1_105' title="bbox 1934 4810 2513 4883">
    <p class='ocr_par' dir='ltr' id='par_1_105' title="bbox 1934 4810 2513 4883">
     <span class='ocr_line' id='line_1_106' title="bbox 1934 4810 2513 4883; baseline -0.002 -16"><span class='ocrx_word' id='word_1_631' title='bbox 1934 4810 2080 4883; x_wconf 88' lang='lat' dir='ltr'><strong>phili</strong></span> <span class='ocrx_word' id='word_1_632' title='bbox 2109 4815 2166 4868; x_wconf 88' lang='lat' dir='ltr'><strong>et</strong></span> <span class='ocrx_word' id='word_1_633' title='bbox 2192 4811 2513 4868; x_wconf 77' lang='lat' dir='ltr'><strong>Michaelis.</strong></span> 
     </span>
    </p>
   </div>
   <div class='ocr_carea' id='block_1_106' title="bbox 2585 4899 2929 4970">
    <p class='ocr_par' dir='ltr' id='par_1_106' title="bbox 2585 4899 2929 4970">
     <span class='ocr_line' id='line_1_107' title="bbox 2585 4899 2929 4970; baseline -0.009 -14"><span class='ocrx_word' id='word_1_634' title='bbox 2585 4901 2662 4956; x_wconf 81' lang='lat' dir='ltr'><strong>De</strong></span> <span class='ocrx_word' id='word_1_635' title='bbox 2688 4899 2929 4970; x_wconf 78' lang='lat' dir='ltr'><strong>Anaplo.</strong></span> 
     </span>
    </p>
   </div>
   <div class='ocr_carea' id='block_1_107' title="bbox 2003 4981 3582 5061">
    <p class='ocr_par' dir='ltr' id='par_1_107' title="bbox 2003 4981 3582 5061">
     <span class='ocr_line' id='line_1_108' title="bbox 2003 4981 3582 5061; baseline -0.004 -17"><span class='ocrx_word' id='word_1_636' title='bbox 2003 4988 2315 5061; x_wconf 89' lang='lat' dir='ltr'><strong>Templum</strong></span> <span class='ocrx_word' id='word_1_637' title='bbox 2346 4989 2542 5047; x_wconf 88' lang='lat' dir='ltr'><strong>Sancti</strong></span> <span class='ocrx_word' id='word_1_638' title='bbox 2569 4987 2873 5045; x_wconf 81' lang='lat' dir='ltr'><strong>Michaelis</strong></span> <span class='ocrx_word' id='word_1_639' title='bbox 2902 4984 3239 5059; x_wconf 84' lang='lat' dir='ltr'><strong>archangeli</strong></span> <span class='ocrx_word' id='word_1_640' title='bbox 3266 4984 3327 5041; x_wconf 90' lang='lat' dir='ltr'><strong>in</strong></span> <span class='ocrx_word' id='word_1_641' title='bbox 3355 4981 3582 5055; x_wconf 88' lang='lat' dir='ltr'><strong>Anaplo</strong></span> 
     </span>
    </p>
   </div>
   <div class='ocr_carea' id='block_1_108' title="bbox 1933 5075 2966 5152">
    <p class='ocr_par' dir='ltr' id='par_1_108' title="bbox 1933 5075 2966 5152">
     <span class='ocr_line' id='line_1_109' title="bbox 1933 5075 2966 5152; baseline -0.004 -17"><span class='ocrx_word' id='word_1_642' title='bbox 1933 5078 2356 5135; x_wconf 89' lang='lat' dir='ltr'><strong>Constantinus</strong></span> <span class='ocrx_word' id='word_1_643' title='bbox 2386 5078 2635 5152; x_wconf 87' lang='lat' dir='ltr'><strong>Magnus</strong></span> <span class='ocrx_word' id='word_1_644' title='bbox 2660 5075 2966 5134; x_wconf 85' lang='lat' dir='ltr'><strong>exstruxit.</strong></span> 
     </span>
    </p>
   </div>
   <div class='ocr_carea' id='block_1_109' title="bbox 2464 5186 3045 5245">
    <p class='ocr_par' dir='ltr' id='par_1_109' title="bbox 2464 5186 3045 5245">
     <span class='ocr_line' id='line_1_110' title="bbox 2464 5186 3045 5245; baseline -0.012 0"><span class='ocrx_word' id='word_1_645' title='bbox 2464 5189 2540 5245; x_wconf 79' lang='lat' dir='ltr'><strong>De</strong></span> <span class='ocrx_word' id='word_1_646' title='bbox 2569 5189 2771 5245; x_wconf 76' lang='lat' dir='ltr'><strong>Sancto</strong></span> <span class='ocrx_word' id='word_1_647' title='bbox 2802 5186 3045 5244; x_wconf 70' lang='lat' dir='ltr'><strong>Tarasio.</strong></span> 
     </span>
    </p>
   </div>
   <div class='ocr_carea' id='block_1_110' title="bbox 2004 5270 3580 5347">
    <p class='ocr_par' dir='ltr' id='par_1_110' title="bbox 2004 5270 3580 5347">
     <span class='ocr_line' id='line_1_111' title="bbox 2004 5270 3580 5347; baseline -0.003 -14"><span class='ocrx_word' id='word_1_648' title='bbox 2004 5278 2286 5334; x_wconf 88' lang='lat' dir='ltr'><strong>Sanctum</strong></span> <span class='ocrx_word' id='word_1_649' title='bbox 2318 5278 2627 5333; x_wconf 84' lang='lat' dir='ltr'><strong>Tarasium</strong></span> <span class='ocrx_word' id='word_1_650' title='bbox 2674 5278 2868 5333; x_wconf 83' lang='lat' dir='ltr'><strong>ferunt</strong></span> <span class='ocrx_word' id='word_1_651' title='bbox 2912 5274 3095 5331; x_wconf 82' lang='lat' dir='ltr'><strong>fuisse</strong></span> <span class='ocrx_word' id='word_1_652' title='bbox 3125 5273 3351 5347; x_wconf 90' lang='lat' dir='ltr'><strong>pridem</strong></span> <span class='ocrx_word' id='word_1_653' title='bbox 3381 5270 3580 5328; x_wconf 87' lang='lat' dir='ltr'><strong>villam</strong></span> 
     </span>
    </p>
   </div>
   <div class='ocr_carea' id='block_1_111' title="bbox 1936 5359 3579 5440">
    <p class='ocr_par' dir='ltr' id='par_1_111' title="bbox 1936 5359 3579 5440">
     <span class='ocr_line' id='line_1_112' title="bbox 1936 5359 3579 5440; baseline -0.005 -16"><span class='ocrx_word' id='word_1_654' title='bbox 1936 5367 2339 5424; x_wconf 81' lang='lat' dir='ltr'><strong>suburbanam</strong></span> <span class='ocrx_word' id='word_1_655' title='bbox 2382 5366 2725 5440; x_wconf 77' lang='lat' dir='ltr'><strong>patriar-ohe</strong></span> <span class='ocrx_word' id='word_1_656' title='bbox 2772 5363 3021 5433; x_wconf 87' lang='lat' dir='ltr'><strong>Tarasii,</strong></span> <span class='ocrx_word' id='word_1_657' title='bbox 3056 5377 3235 5435; x_wconf 88' lang='lat' dir='ltr'><strong>quam</strong></span> <span class='ocrx_word' id='word_1_658' title='bbox 3286 5366 3488 5435; x_wconf 86' lang='lat' dir='ltr'><strong>postea</strong></span> <span class='ocrx_word' id='word_1_659' title='bbox 3520 5359 3579 5416; x_wconf 92' lang='lat' dir='ltr'><strong>in</strong></span> 
     </span>
    </p>
   </div>
   <div class='ocr_carea' id='block_1_112' title="bbox 1935 5456 2660 5513">
    <p class='ocr_par' dir='ltr' id='par_1_112' title="bbox 1935 5456 2660 5513">
     <span class='ocr_line' id='line_1_113' title="bbox 1935 5456 2660 5513; baseline -0.004 -1"><span class='ocrx_word' id='word_1_660' title='bbox 1935 5456 2359 5513; x_wconf 88' lang='lat' dir='ltr'><strong>monasterium</strong></span> <span class='ocrx_word' id='word_1_661' title='bbox 2390 5457 2660 5513; x_wconf 87' lang='lat' dir='ltr'><strong>mutavit.</strong></span> 
     </span>
    </p>
   </div>
   <div class='ocr_carea' id='block_1_113' title="bbox 2323 5559 3188 5618">
    <p class='ocr_par' dir='ltr' id='par_1_113' title="bbox 2323 5559 3188 5618">
     <span class='ocr_line' id='line_1_114' title="bbox 2323 5559 3188 5618; baseline -0.003 -1"><span class='ocrx_word' id='word_1_662' title='bbox 2323 5563 2399 5617; x_wconf 81' lang='lat' dir='ltr'><strong>De</strong></span> <span class='ocrx_word' id='word_1_663' title='bbox 2435 5564 2769 5618; x_wconf 67' lang='lat' dir='ltr'><strong>monasterio</strong></span> <span class='ocrx_word' id='word_1_664' title='bbox 2807 5559 3188 5617; x_wconf 78' lang='lat' dir='ltr'><strong>Sosthcm&#39;ano.</strong></span> 
     </span>
    </p>
   </div>
   <div class='ocr_carea' id='block_1_114' title="bbox 2004 5646 3579 5723">
    <p class='ocr_par' dir='ltr' id='par_1_114' title="bbox 2004 5646 3579 5723">
     <span class='ocr_line' id='line_1_115' title="bbox 2004 5646 3579 5723; baseline -0.004 -14"><span class='ocrx_word' id='word_1_665' title='bbox 2004 5651 2429 5710; x_wconf 84' lang='lat' dir='ltr'><strong>Monasterium</strong></span> <span class='ocrx_word' id='word_1_666' title='bbox 2452 5650 2786 5723; x_wconf 88' lang='lat' dir='ltr'><strong>archangeli</strong></span> <span class='ocrx_word' id='word_1_667' title='bbox 2806 5648 3108 5706; x_wconf 87' lang='lat' dir='ltr'><strong>Michaelis</strong></span> <span class='ocrx_word' id='word_1_668' title='bbox 3127 5646 3579 5706; x_wconf 88' lang='lat' dir='ltr'><strong>Sostbsnianum</strong></span> 
     </span>
    </p>
   </div>
   <div class='ocr_carea' id='block_1_115' title="bbox 1928 5739 2938 5814">
    <p class='ocr_par' dir='ltr' id='par_1_115' title="bbox 1928 5739 2938 5814">
     <span class='ocr_line' id='line_1_116' title="bbox 1928 5739 2938 5814; baseline -0.005 -13"><span class='ocrx_word' id='word_1_669' title='bbox 1928 5741 2354 5801; x_wconf 83' lang='lat' dir='ltr'><strong>Constantinus</strong></span> <span class='ocrx_word' id='word_1_670' title='bbox 2381 5745 2627 5814; x_wconf 74' lang='lat' dir='ltr'><strong>Magnus</strong></span> <span class='ocrx_word' id='word_1_671' title='bbox 2654 5739 2938 5797; x_wconf 85' lang='lat' dir='ltr'><strong>condidit.</strong></span> 
     </span>
    </p>
   </div>
  </div>
