3984 6348
413 353 571 413 1279

748 485 821 539 De
850 484 1078 539 ecclesia
1109 484 1322 538 auratis
1354 484 1552 553 tegulis
1584 486 1742 538 tecta.

490 572 813 631 Ecclesium
875 572 1097 626 auratis
1157 570 1368 643 tegulis
1428 576 1641 627 tectam
1698 570 1973 626 Justinus
2022 575 2079 623 et

423 664 641 734 SOphia
706 663 855 717 Lobe
925 661 1239 717 condidere
1298 679 1310 717 :
1373 662 1511 717 item
1578 666 1636 716 et
1694 659 1909 732 palatia
1967 658 2075 713 So-

419 754 656 827 phiana.

492 867 573 917 De
598 860 951 915 monasteriis
977 876 1097 930 quae
1126 869 1254 914 sunt
1283 862 1440 915 trans
1467 861 1673 929 fretum
1701 862 1830 925 sita,
1862 866 1911 913 et
1938 856 2007 911 de

846 933 1181 987 monasterio
1220 932 1456 987 Malctiw
1484 931 1646 986 dicto.

492 1020 919 1077 Monasterium
944 1018 1185 1075 Malelizs
1217 1024 1619 1091 nuncupatum
1645 1017 1933 1074 exstruxit
1963 1017 2077 1072 Ma-

420 1109 595 1166 lelius
627 1110 857 1182 primus
890 1127 922 1164 a
954 1109 1214 1176 secretis,
1250 1109 1334 1163 ita
1362 1108 1717 1181 appellatus.

767 1219 837 1271 De
864 1217 1201 1271 monasterio
1232 1215 1535 1273 Peiamidaz
1562 1216 1730 1271 dicto.

493 1305 916 1362 Monasterium
979 1303 1460 1376 cognominatum
1525 1304 1837 1360 Pelamidaa
1894 1302 2073 1358 azdiﬁ-

416 1397 568 1451 cavit
614 1400 722 1451 Leo
783 1394 1175 1466 phil050phus
1230 1398 1490 1466 tempore
1539 1393 1910 1450 Constantini
1957 1395 2074 1447 Ma-

418 1485 540 1556 gni.

958 1574 1035 1627 De
1064 1572 1259 1628 Sancto
1291 1573 1461 1644 Georg
1472 1574 1543 1628 io.

494 1664 695 1718 [Edam
749 1662 935 1717 sancti
965 1662 1195 1733 Georgii
1227 1662 1758 1718 Chalcedonenscm
1812 1660 2076 1717 condidit

425 1751 663 1822 Sergius
712 1751 1064 1822 patriarcha,
1100 1752 1599 1822 quemadmodum
1633 1754 1690 1805 et
1720 1750 1901 1805 aedem
1943 1749 2074 1804 Dei-

1391 348 1795 413 APPENDIX
1840 348 1943 408 AD
1987 343 2453 407 MICHAELEM
2493 345 2886 409 PSELLUM.
2978 430 2981 433 Α

2105 480 2161 545 Α

2650 478 2782 550 Περὶ
2813 484 2911 548 τῆς
2940 479 3383 556 Χρυσοκεράμου.

2260 566 2376 633 Τἠν
2438 564 2860 641 Χρυσοκὲραμον
2920 564 3124 623 ἔκτισεν
3172 571 3461 635 Ἰουστῖνος
3523 574 3621 629 καὶ
3700 577 3875 653 Σοφία

2186 656 2220 722 ἡ
2259 648 2449 723 Λωϐἠ,
2482 655 2572 709 καὶ
2604 656 2698 718 τὰς
2734 658 3026 735 Σοφιανάς.

2328 850 2457 923 Περῖ
2488 854 2595 905 τῶν
2624 856 2961 933 περατικὶιῖλν⁸
2981 856 3381 933 μοναστηρίων.
3417 860 3559 931 Περὶ
3608 868 3727 930 τῆς

2854 923 3157 991 Μαλελίας.

2254 1014 2361 1078 Τῆς
2405 1006 2461 1065 δὲ
2510 1009 2788 1074 Μαλελίας
2833 1015 2932 1082 τήν
2979 1019 3152 1088 μονὴν
3202 1018 3452 1096 ἀνήγειρε
3499 1019 3865 1081 Μαλέλιοςὸ

2185 1107 2697 1175 πρωτοασηκρῆτις,
2731 1102 2905 1165 οὕτως
2934 1102 3297 1179 καλούμενος.

2682 1209 2810 1284 Περί
2840 1217 2939 1280 τῆς
2978 1210 3333 1288 Πηλαμίδας.

2258 1296 2371 1365 Τήν
2425 1293 2483 1351 δὶ
2531 1296 2831 1371 Πηλαμίδα
2879 1300 3133 1379 ἀνήγειρε
3184 1306 3332 1360 Λέων
3362 1308 3391 1361 ὁ
3432 1306 3767 1386 φιλόσοφος
3816 1308 3859 1362 ἐν

2183 1391 2303 1448 τοῖς
2334 1387 2564 1461 χρόνοις
2598 1388 3002 1446 Κωνσταντίνου
3027 1396 3125 1447 τοῦ
3158 1394 3437 1471 Μεγάλου.

2602 1566 2737 1643 Ηερί
2766 1588 2862 1623 του
2894 1569 3086 1645 Ἃγίου
3113 1574 3406 1649 Γεωργίου.

2258 1654 2362 1711 Τὸν
2392 1651 2450 1709 δὲ
2478 1656 2665 1742 ’Ἄγιον
2695 1657 2967 1733 Γεώργιον
3000 1659 3090 1714 τὸν
3145 1659 3197 1715 έν
3247 1661 3568 1734 Χαλκηδόνι
3625 1666 3865 1742 Σέργιος

2183 1745 2535 1819 πατριάρχης
2586 1741 2793 1800 ἔκτισεν
2822 1765 2835 1779 ·
2883 1747 3093 1820 ὁμοίως
3167 1751 3258 1806 καὶ
3313 1754 3413 1822 τήν
3462 1741 3749 1810 Θεοτόκον
3798 1757 3863 1809 τὶ

426 1857 599 1913 ραι-ω,
634 1840 907 1895 Marnacii
958 1846 1383 1912 nuncupatam,
1418 1840 1517 1894 ubi
1566 1840 1830 1910 ejusdem
1862 1855 2075 1910 corpus

2257 1833 2521 1907 ιρνακίου,
2552 1833 2603 1890 ἐν
2637 1836 2683 1907 ᾧ
2713 1835 2804 1889 καὶ
2832 1836 2896 1891 τὸ
2929 1841 3091 1911 σῶμα
3119 1838 3283 1896 αὐτοῦ
3312 1848 3511 1901 κεῖται.

419 1929 597 2000 jacet.

951 2020 1025 2074 De
1053 2019 1282 2090 palatiis
1313 2019 1553 2074 IIiereis.

500 2107 721 2163 Palatia
751 2108 954 2163 Hierea
977 2125 1007 2163 a
1029 2108 1365 2163 Justiniano
1388 2113 1591 2179 Magno
1614 2107 1850 2163 condita
1881 2107 2076 2175 fuere;

432 2214 559 2269 quae
617 2202 820 2269 postea
848 2196 1123 2252 Justinus
1180 2198 1306 2266 ejus
1354 2214 1419 2251 ex
1474 2213 1668 2253 sorore
1724 2212 1905 2267 nepos
1964 2212 2078 2250 una

432 2302 563 2341 cum
596 2286 814 2357 Sophia
852 2286 1172 2340 exornavit.
1208 2287 1394 2341 Locus
1444 2290 1639 2341 autem
1693 2284 1794 2341 ille
1839 2285 1923 2340 sic
1970 2302 2077 2356 ap-

433 2375 684 2446 pellatus
738 2380 845 2444 est,
880 2376 1031 2446 quod
1082 2374 1411 2447 antiquitus
1457 2376 1538 2431 ibi
1586 2375 1872 2447 templum
1921 2378 2078 2431 esset

429 2464 704 2520 Junonis.

936 2555 1008 2609 De
1036 2555 1265 2623 palatiis
1298 2556 1575 2627 Dryantis.

501 2641 717 2697 Palatia
760 2642 1048 2714 Bryantis,
1082 2643 1352 2699 Tiberius
1401 2648 1461 2699 et
1508 2642 1824 2699 Mauricius
1874 2641 2076 2697 condi-

423 2731 559 2786 dere
608 2746 620 2786 :
666 2730 829 2787 locus
888 2738 1086 2787 autem
1140 2732 1239 2787 ille
1295 2738 1671 2805 nuncupatus
1729 2738 1820 2788 est
1880 2737 2074 2804 Bryas,

428 2822 707 2890 quoniam
760 2820 1023 2876 futurum
1056 2826 1145 2876 est
1176 2827 1239 2875 ut
1272 2828 1605 2892 postremus
1656 2822 2074 2891 imperatorum

428 2926 810 2981 eggressurus
840 2926 904 2965 ex
938 2911 1098 2975 urbe,
1122 2915 1295 2981 atque
1323 2910 1783 2983 Hierosolymam
1816 2911 1887 2966 ad
1921 2910 2078 2965 habi-

423 3000 671 3054 tandum
729 3001 1119 3069 profecturus,
1156 2999 1213 3053 in
1246 2999 1373 3071 ipso
1404 2999 1674 3072 Bryantis
1705 2998 1829 3055 loco
1880 3000 2077 3055 fremi-

429 3092 557 3141 tum
592 3092 647 3142 et
678 3087 1012 3159 plangentis
1037 3088 1200 3143 urbis
1227 3087 1542 3143 clamorem
1570 3088 1791 3146 audiat.

904 3179 976 3231 De
1000 3178 1231 3248 palatiis
1264 3178 1610 3249 Damatryos.

500 3264 717 3319 Palatia
764 3264 1108 3338 Damatryos
1152 3266 1222 3320 ab
1267 3266 1474 3322 iisdem
1527 3266 1744 3338 pariter
1787 3266 2071 3322 aedificata

426 3354 605 3407 fuere.
641 3354 770 3407 Erat
812 3359 1007 3408 autem
1055 3354 1134 3408 ibi
1185 3353 1370 3410 saltus
1401 3355 1768 3411 Constantini
1800 3356 1929 3411 ί)ωοὶ
1965 3355 2070 3410 filii

426 3442 646 3497 Irenes.
1925 3448 1935 3457 ’

956 3533 1029 3589 De
1053 3539 1219 3605 portu
1249 3534 1540 3606 Eutropii.

497 3620 733 3675 Portum
765 3621 1050 3693 EutrOpii,
1084 3622 1141 3677 in
1174 3640 1289 3693 quo
1324 3624 1604 3679 Mauricio
1644 3627 1701 3678 et
1748 3622 1912 3679 uxori
1944 3624 2073 3695 ejus

426 3714 604 3779 atque
633 3708 834 3766 liberis
864 3712 1054 3782 capita
1081 3714 1325 3783 praecisa
1349 3715 1527 3780 fuere,
1561 3714 1847 3769 exstruxit
1874 3718 2076 3769 Eutro-

423 3797 557 3869 pius
590 3800 1092 3871 protospatharius
1114 3806 1170 3857 et
1199 3808 1472 3874 quaestor,
1496 3809 1755 3876 tempore
1787 3804 2073 3861 Constan-

422 3887 528 3942 tini
562 3888 953 3961 imperatoris.

671 4014 746 4069 De
774 4015 1033 4086 stupendo
1064 4014 1379 4084 elephantis
1408 4035 1469 4073 ιη
1497 4018 1630 4074 urbe
1661 4027 1825 4090 gesto.

499 4176 621 4231 Sub
651 4175 977 4233 Theodosio
1009 4176 1219 4249 Magno
1268 4178 1559 4234 adductus
1605 4179 1715 4234 fuit
1763 4179 1821 4235 in
1870 4180 2071 4236 urbem

431 4262 671 4334 elephas
709 4264 964 4334 juvenis,
994 4281 1165 4336 quem
1218 4265 1276 4319 in
1329 4266 1581 4336 quadam
1612 4266 1786 4322 domo
1817 4266 2073 4322 alebant.

432 4352 612 4407 Ludis
657 4360 851 4409 autem
904 4353 1266 4409 circensibus
1299 4371 1433 4408 cum
1492 4357 1551 4409 in
1611 4354 2075 4427 Hippodromum

428 4456 563 4495 eum
631 4442 1020 4507 deducerent,
1088 4448 1490 4498 transeuntem
1560 4459 1663 4515 per
1736 4444 2070 4500 Milliarium

428 4530 598 4585 hasta
627 4532 918 4602 percussit
965 4531 1171 4587 leniter
1224 4530 1593 4587 numularius
1641 4533 1903 4604 quidam.
1938 4539 2075 4591 Post

426 4636 613 4675 annos
642 4636 777 4675 vero
817 4622 1014 4676 decem
1066 4620 1328 4693 elephas,
1361 4621 1461 4694 qui
1508 4622 1635 4692 jam
1686 4628 2071 4695 succreverat,

424 4724 557 4761 cum
610 4709 681 4764 ad
732 4709 1194 4781 Hippodromum
1245 4715 1517 4783 ageretur
1564 4715 1621 4766 et
1668 4712 1945 4768 transiret
1974 4730 2077 4785 per

422 4796 783 4867 Milliarium,
808 4798 1195 4855 reminiscens
1225 4800 1375 4869 ejus,
1405 4818 1437 4855 a
1466 4817 1581 4871 quo
1606 4799 1745 4855 olim
1778 4800 1855 4855 ibi
1888 4801 2078 4857 fuerat

422 4901 761 4956 percussus,
812 4892 990 4958 atque
1039 4888 1233 4957 ipsum
1286 4888 1563 4957 intuitus,
1606 4889 1802 4945 subito
1850 4889 2074 4962 impetu

427 4975 829 5031 numularium
861 4992 996 5032 cum
1048 4977 1271 5031 barritu
1324 4978 1669 5041 adortus.in
1723 4979 1915 5035 medio
1945 4977 2078 5035 Mil-

422 5061 576 5119 liarii
608 5064 942 5136 discerpsit.

474 5172 549 5227 De
578 5173 923 5243 imaginibus
952 5188 1120 5243 supra
1150 5190 1412 5244 magnam
1440 5175 1757 5229 columnam
1782 5176 2029 5247 porphy-

1016 5247 1244 5301 reticam
1276 5250 1420 5301 creet
1428 5247 1491 5301 is.

499 5336 795 5408 Imagines
842 5335 1268 5408 MetrOphanis,
1296 5335 1607 5392 Alexandri
1640 5341 1696 5393 et
1740 5336 1900 5393 Pauli
1930 5338 2081 5393 Con-

431 5425 730 5480 stantinus
760 5429 1002 5498 Magnus
1041 5424 1258 5482 tabulis
1291 5426 1500 5497 ligneis
1540 5425 1719 5482 incidi
1750 5426 1993 5495 curavit,
2026 5430 2083 5482 et

434 5529 615 5585 supra
661 5531 935 5586 magnam
968 5515 1302 5571 columnam
1358 5515 1843 5587 porphyreticam,
1876 5516 2081 5588 exiguo

432 5603 717 5660 discretas
768 5604 1098 5669 intervallo,
1128 5605 1199 5660 ad
1249 5605 1535 5661 orientem
1582 5603 1887 5674 collocari;
1939 5622 2084 5676 quas

431 5692 637 5748 Ariani
669 5708 865 5748 rerum
914 5694 1088 5765 potiti
1118 5693 1179 5749 in
1213 5693 1481 5751 Milliario
1527 5709 1704 5751 aureo
1752 5693 1873 5766 igni
1903 5693 2086 5751 tradi-

2531 2012 2661 2087 Περὶ
2686 2018 2793 2068 τῶν
2822 2014 3100 2071 παλατίων
3132 2021 3230 2087 τῆς
3256 2020 3501 2096 Ἰερείας.

2257 2109 2366 2173 Τῆς
2421 2100 2641 2173 Ἱερείας
2688 2103 2755 2159 τὰ
2823 2103 3065 2161 παλάτια
3133 2106 3453 2179 έκτίσθησαν
3534 2111 3692 2179 παρᾶ
3764 2115 3863 2166 τοῖν

2186 2191 2449 2268 Μεγάλου
2482 2193 2973 2252 Ἰουστινιανοῢ.’0
3023 2192 3079 2250 δε
3133 2196 3352 2271 ἀνεψιὸς
3400 2198 3573 2253 αὐτοῦ
3628 2201 3862 2256 Ἰουστῖ-

2186 2303 2276 2344 νος
2308 2281 2397 2336 καὶ
2432 2281 2605 2359 Σοφία
2634 2280 3020 2338 ἐκαλλώπισαν
3069 2283 3222 2342 αὐτά.
3254 2286 3489 2360 Εἴρηται
3535 2285 3603 2343 δὶ
3653 2288 3859 2355 ofmoz.

2186 2372 2269 2426 δτι
2301 2377 2398 2441 τῆς
2425 2372 2601 2443 ’Ήρας
2630 2372 2695 2440 ἦν
2732 2370 2842 2427 ἐκεῖ
2872 2374 2901 2427 ὁ
2931 2372 3080 2437 ναός.

2712 2551 2844 2626 ΙῙερὶ
2875 2556 2972 2606 τοῦ
3004 2552 3295 2627 Βρύαντος.

2258 2639 2369 2695 Τοῦ
2415 2635 2473 2693 δὲ
2523 2637 2798 2712 Βρύαντος
2850 2640 2917 2695 τὰ
2970 2639 3213 2697 παλάτια
3242 2640 3416 2699 ἔκτισε
3446 2638 3708 2721 Τιϐέριος
3769 2647 3855 2700 καὶ

2187 2727 2515 2802 Μαυρίκιος.
2558 2726 2801 2798 Ἐκλήθη
2866 2726 2923 2783 δὲ
2976 2728 3176 2804 Βρύας,
3230 2733 3312 2787 δτι
3381 2731 3702 2805 μέλλοντος
3762 2739 3859 2789 to?»

2189 2815 2421 2890 ἐσχάτου
2452 2814 2685 2886 ἐξελθεῖν
2719 2816 3010 2892 βασιλέως,
3039 2819 3130 2873 καὶ
3181 2819 3487 2875 κατοικίσαι
3536 2822 3624 2886 εἷς
3655 2824 3857 2896 Ἰερουο

2188 2903 2401 2979 σαλὴμ,
2454 2904 2506 2959 ἐν
2557 2906 2705 2977 αὒτῷ
2762 2905 2989 2981 Βρύαντι
3054 2906 3248 2981 μέλλει
3315 2910 3545 2965 ἀκοῦσαι
3601 2912 3855 2986 βρυγμὸν

2187 2996 2277 3048 καὶ
2307 2995 2406 3063 τὴν
2444 2995 2578 3069 βοήν
2609 2998 2707 3051 τοῦ
2736 2994 3102 3069 κλαυθμῶνος
3136 3004 3230 3068 τῆς
3260 2997 3499 3061 πόλεως.

2691 3174 2821 3249 Περὶ
2849 3177 2946 3228 τοῦ
2979 3174 3318 3251 Δαματρύος.

2259 3261 2496 3335 Ὁμοίως
2554 3263 2644 3317 καὶ
2720 3267 2818 3317 τοῦ
2893 3264 3210 3339 Δαματρύος
3263 3265 3331 3320 τὰ
3387 3263 3643 3321 παλάτια
3704 3270 3854 3326 οὗτοι

2181 3350 2414 3409 ἔκτισαν.
2449 3353 2654 3407 Ἑκεῖσε
2692 3349 2749 3406 δὲ
2779 3352 2844 3421 ἦν
2896 3353 2958 3407 τὸ
3004 3352 3240 3427 πήδημα
3289 3356 3709 3414 Κωνσταντίνου
3758 3365 3850 3414 τοῦ

2178 3440 2388 3521 τυφλοῦ
2422 3442 2541 3496 υἱοῦ
2570 3448 2669 3511 τῆς
2704 3440 2965 3517 Εἴρηνης.

2564 3532 2694 3606 Περὶ
2721 3535 2819 3586 τοῦ
2848 3530 3157 3606 Εὐτροπίου
3197 3530 3443 3606 λιμένος.

2252 3619 2324 3673 Τὰ
2352 3616 2409 3673 δὲ
2459 3618 2765 3693 Εὐτροπίου
2813 3621 2841 3675 ὁ
2884 3619 3082 3694 λιμὴν,
3116 3620 3191 3685 εἷς
3239 3623 3297 3677 ὃν
3350 3622 3645 3697 έπετμήθη
3694 3633 3845 3685 Mr»

2183 3707 2359 3783 ρίκιος
2407 3706 2499 3762 σὺν
2549 3708 2766 3783 γυναικὶ
2826 3709 2916 3763 καὶ
2973 3710 3204 3783 τεκνοις,
3255 3710 3474 3782 έκτίσθη
3534 3715 3701 3788 παρᾶ
3748 3718 3847 3774 Εὐ-

2180 3796 2409 3871 τροπίου
2466 3799 2956 3873 πρωτοσπαθαρίου
3014 3800 3104 3855 καὶ
3160 3800 3502 3878 κοιαίστορος
3583 3802 3645 3858 ἐν
3732 3812 3847 3866 τοῖς

2182 3886 2407 3961 χρόνοις
2446 3886 2847 3943 Κωνσταντίνου
2872 3892 2971 3944 τοῦ
3004 3887 3295 3965 βασιλέως.

2184 4013 2312 4088 Περὶ
2368 4018 2465 4069 τοῦ
2520 4015 2811 4088 γενομένου
2866 4015 3144 4143 caducam:
3201 4016 3346 4094 παρὰ
3417 4015 3730 4094 ἐλέφαντος
3800 4018 3852 4074 ἐν

2856 4107 2925 4143 τη
2956 4108 3026 4142 πο
3071 4108 3139 4143 ει.

2856 4107 2925 4160 τῃ
2956 4107 3139 4144 πολει.

2255 4175 2342 4231 Ἐν
2372 4179 2491 4235 τοῖς
2526 4175 2752 4249 χρόνοις
2781 4179 2878 4229 τοῦ
2910 4175 3167 4252 Μεγάλου
3199 4174 3489 4231 Θεοδοσίου
3521 4176 3690 4252 ἤχθη
3744 4179 3853 4235 έλέ-

2183 4285 2285 4341 φας
2347 4262 2540 4337 μικρὸς
2588 4262 2641 4318 ἐν
2688 4267 2757 4337 τῇ
2806 4263 2990 4335 πόλει,
3045 4266 3136 4319 καὶ
3205 4264 3490 4343 ἀνέτρεφον
3545 4265 3722 4323 αὐτὸν
3779 4270 3852 4331 εἷς

2181 4373 2301 4407 τινα
2350 4352 2647 4425 οἰκήματα.
2679 4353 2929 4409 Ἱππικοῦ
2984 4350 3042 4408 δὲ
3096 4353 3391 4429 γενομένου
3443 4352 3641 4432 ἔφερον
3694 4358 3855 4413 αὐτὸν

2184 4441 2258 4503 εἷς
2307 4442 2369 4495 τὸ
2416 4438 2832 4514 Ἱπποδρόμιον.
2880 4442 2967 4498 Ἐν
3013 4439 3071 4497 δὲ
3115 4447 3194 4515 τῷ
3238 4441 3427 4516 Μιλίῳ
3477 4441 3851 4521 διερχόμενον

2184 4526 2407 4605 ἔκρουσε
2452 4528 2779 4602 τραπεζίτης
2819 4550 2901 4592 τις
2964 4530 3265 4606 μετριάζων
3335 4533 3469 4605 μετὰ
3526 4536 3850 4609 στυρακίου.

2185 4618 2333 4675 Μετὰ
2375 4616 2432 4673 δὶ
2478 4617 2709 4693 χρόνους
2756 4616 2884 4674 δέκα
2924 4617 3023 4673 τοῦ
3073 4618 3364 4698 έλέφαντος
3422 4622 3850 4698 ἀνατραφέντος,

2185 4709 2274 4763 καὶ
2326 4707 2402 4770 εἲς
2460 4708 2522 4762 τὸ
2552 4704 2942 4783 Ἰπποδρόμιον
3004 4708 3292 4783 ἀγομένου,
3351 4712 3439 4765 καὶ
3496 4711 3547 4765 ἐν
3606 4718 3699 4785 τῷ
3758 4721 3853 4771 Πι-

2187 4798 2295 4871 λίῳ
2327 4796 2712 4874 διερχομένου,
2745 4798 2989 4873 ἐμνήσθη
3021 4805 3118 4855 τοῦ
3168 4801 3493 4876 κρούσαντος
3536 4801 3735 4877 αὐτὸν,
3765 4808 3852 4860 καὶ

2188 4885 2317 4942 ἰδὼν
2346 4887 2527 4957 αὐτὸν,
2563 4888 2761 4951 εὐθέως
2814 4890 3235 4965 βρυχησάμενος
3285 4889 3510 4967 ἔκρουσε
3552 4891 3652 4947 τὸν
3719 4917 3851 4972 τρα-

2187 4976 2436 5046 πεζίτην,
2480 4977 2569 5032 καὶ
2644 4974 2859 5052 ἔσχισεν
2920 4977 3078 5034 αὐτὸν
3138 4981 3446 5053 παραυτίκα
3506 4983 3683 5054 μέσον
3759 4990 3849 5039 τοῦ

2189 5065 2416 5123 Μιλίου.

2190 5173 2319 5249 Περὶ
2375 5178 2485 5230 τῶν
2547 5174 2766 5231 εἰκόνων
2822 5181 2929 5231 τῶν
2992 5178 3296 5260 ἱσταμένων
3358 5178 3411 5235 ὲν
3462 5184 3541 5253 τῷ
3618 5184 3847 5260 μεγάλῳ

2785 5254 3049 5327 πορφυρῷ
3077 5254 3240 5307 κίονι.

2265 5334 2667 5414 Μητροφᾶνους
2710 5336 2799 5392 καὶ
2832 5335 3189 5413 Ἀλεξάνδρου
3237 5340 3327 5394 καὶ
3378 5339 3599 5397 Παύλου
3648 5342 3853 5404 εἶκὸνες

2193 5425 2243 5480 έν
2288 5426 2466 5479 σανίσι
2496 5426 2778 5501 γεγόνασιν
2815 5427 2915 5481 ὑπὸ
2962 5432 3060 5482 τοῦ
3106 5427 3367 5504 Μεγάλου
3418 5432 3850 5500 Κωνσταντίνου,

2192 5513 2281 5569 καὶ
2324 5512 2545 5570 ’ἶσταντο
2606 5515 2657 5570 ὲν
2711 5519 2790 5588 τῷ
2826 5517 3050 5592 μεγάλῳ
3099 5523 3368 5595 πορφυρῷ
3423 5518 3561 5574 κίονι
3606 5520 3850 5593 πλησίον

2195 5603 2330 5659 κατὰ
2384 5601 2652 5668 ἀνατολάς
2684 5622 2697 5636 ⁸
2746 5606 2959 5668 ἅστινας
3001 5606 3053 5660 οἱ
3084 5607 3356 5683 Ἀρειανοὶ
3421 5608 3557 5680 μετὰ
3608 5610 3681 5663 τὸ
3733 5633 3851 5686 xpu-

2193 5699 2377 5765 τῆσαι,
2432 5692 2562 5770 πυρὶ
2620 5690 3064 5768 παραδεδώκασιν
3127 5694 3174 5752 έι
3234 5701 3313 5770 τῷ
3388 5695 3569 5774 ὠρείῳ
3634 5698 3848 5773 Μιλίψ.

3710 358 3869 419 ηδε
